|j|☆Wrath of the Turks
|j|☆rmcarmicheal
|t:|1760321760
|gametype|singles
|player|p1|Wrath of the Turks|burglar-gen2|1671
|player|p2|rmcarmicheal|2|1547
|gen|9
|tier|[Gen 9] OU
|rated|
|rule|HP Percentage Mod: HP is shown in percentages
|rule|Endless Battle Clause: Forcing endless battles is banned
|rule|Species Clause: Limit one of each Pokémon
|rule|OHKO Clause: OHKO moves are banned
|rule|Evasion Items Clause: Evasion items are banned
|rule|Evasion Moves Clause: Evasion moves are banned
|rule|Evasion Abilities Clause: Evasion abilities are banned
|rule|Sleep Moves Clause: Sleep-inducing moves are banned
|clearpoke
|poke|p1|Iron Treads|
|poke|p1|Dragonite, M|
|poke|p1|Ninetales-Alola, M|
|poke|p1|Kyurem|
|poke|p1|Kingambit, M|
|poke|p1|Enamorus, F|
|poke|p2|Ditto|
|poke|p2|Gliscor, F|
|poke|p2|Blissey, F|
|poke|p2|Toxapex, F|
|poke|p2|Cinderace, F|
|poke|p2|Gholdengo|
|teampreview
|inactive|Battle timer is ON: inactive players will automatically lose when time's up. (requested by Wrath of the Turks)
|l|☆rmcarmicheal
|inactive|rmcarmicheal disconnected and has a minute to reconnect!
|player|p2|
|inactive|rmcarmicheal has 30 seconds to reconnect!
|j|☆rmcarmicheal
|inactive|rmcarmicheal reconnected and has 115 seconds left.
|player|p2|rmcarmicheal|2|
|
|t:|1760321798
|teamsize|p1|6
|teamsize|p2|6
|start
|switch|p1a: Wheel of Fortune|Iron Treads|100/100
|switch|p2a: Cinderace|Cinderace, F|100/100
|-enditem|p1a: Wheel of Fortune|Booster Energy
|-activate|p1a: Wheel of Fortune|ability: Quark Drive|[fromitem]
|-start|p1a: Wheel of Fortune|quarkdrivespe
|turn|1
|
|t:|1760321806
|switch|p2a: Blissey|Blissey, F|100/100
|move|p1a: Wheel of Fortune|Earth Power|p2a: Blissey
|-damage|p2a: Blissey|89/100
|
|-heal|p2a: Blissey|95/100|[from] item: Leftovers
|upkeep
|turn|2
|
|t:|1760321807
|move|p1a: Wheel of Fortune|Stealth Rock|p2a: Blissey
|-sidestart|p2: rmcarmicheal|move: Stealth Rock
|move|p2a: Blissey|Seismic Toss|p1a: Wheel of Fortune
|-damage|p1a: Wheel of Fortune|69/100
|
|-heal|p2a: Blissey|100/100|[from] item: Leftovers
|upkeep
|turn|3
|inactive|Wrath of the Turks has 120 seconds left.
|j| Rizzofreko
|
|t:|1760321859
|-end|p1a: Wheel of Fortune|Quark Drive|[silent]
|switch|p1a: Loveshine|Ninetales-Alola, M|100/100
|-weather|Snowscape|[from] ability: Snow Warning|[of] p1a: Loveshine
|move|p2a: Blissey|Thunder Wave|p1a: Loveshine
|-status|p1a: Loveshine|par
|
|-weather|Snowscape|[upkeep]
|upkeep
|turn|4
|
|t:|1760321862
|switch|p2a: Cinderace|Cinderace, F|100/100
|move|p1a: Loveshine|Aurora Veil|p1a: Loveshine
|-sidestart|p1: Wrath of the Turks|move: Aurora Veil
|
|-weather|Snowscape|[upkeep]
|upkeep
|turn|5
|
|t:|1760321866
|move|p2a: Cinderace|Pyro Ball|p1a: Loveshine
|-supereffective|p1a: Loveshine
|-damage|p1a: Loveshine|54/100 par
|move|p1a: Loveshine|Encore|p2a: Cinderace
|-start|p2a: Cinderace|Encore
|
|-weather|Snowscape|[upkeep]
|upkeep
|turn|6
|
|t:|1760321869
|move|p2a: Cinderace|Pyro Ball|p1a: Loveshine
|-supereffective|p1a: Loveshine
|-damage|p1a: Loveshine|10/100 par
|move|p1a: Loveshine|Moonblast|p2a: Cinderace
|-resisted|p2a: Cinderace
|-damage|p2a: Cinderace|81/100
|
|-weather|Snowscape|[upkeep]
|upkeep
|turn|7
|
|t:|1760321871
|move|p2a: Cinderace|Pyro Ball|p1a: Loveshine|[miss]
|-miss|p2a: Cinderace|p1a: Loveshine
|move|p1a: Loveshine|Moonblast|p2a: Cinderace
|-resisted|p2a: Cinderace
|-damage|p2a: Cinderace|61/100
|-unboost|p2a: Cinderace|spa|1
|
|-weather|none
|upkeep
|turn|8
|
|t:|1760321884
|switch|p2a: Blissey|Blissey, F|100/100
|-damage|p2a: Blissey|88/100|[from] Stealth Rock
|switch|p1a: I Believe|Enamorus, F|100/100
|
|-heal|p2a: Blissey|94/100|[from] item: Leftovers
|upkeep
|turn|9
|
|t:|1760321889
|switch|p1a: Bells out the Bax|Kyurem|100/100
|-ability|p1a: Bells out the Bax|Pressure
|move|p2a: Blissey|Thunder Wave|p1a: Bells out the Bax
|-status|p1a: Bells out the Bax|par
|
|-heal|p2a: Blissey|99/100|[from] item: Leftovers
|upkeep
|turn|10
|
|t:|1760321892
|move|p2a: Blissey|Seismic Toss|p1a: Bells out the Bax
|-damage|p1a: Bells out the Bax|77/100 par
|move|p1a: Bells out the Bax|Dragon Dance|p1a: Bells out the Bax
|-boost|p1a: Bells out the Bax|atk|1
|-boost|p1a: Bells out the Bax|spe|1
|
|-heal|p2a: Blissey|100/100|[from] item: Leftovers
|upkeep
|turn|11
|
|t:|1760321894
|switch|p2a: Cinderace|Cinderace, F|61/100
|move|p1a: Bells out the Bax|Icicle Spear|p2a: Cinderace
|-resisted|p2a: Cinderace
|-damage|p2a: Cinderace|46/100
|-resisted|p2a: Cinderace
|-damage|p2a: Cinderace|31/100
|-resisted|p2a: Cinderace
|-damage|p2a: Cinderace|15/100
|-resisted|p2a: Cinderace
|-damage|p2a: Cinderace|0 fnt
|faint|p2a: Cinderace
|-hitcount|p2: Cinderace|4
|
|-sideend|p1: Wrath of the Turks|move: Aurora Veil
|upkeep
|
|t:|1760321896
|switch|p2a: Gholdengo|Gholdengo|100/100
|-damage|p2a: Gholdengo|94/100|[from] Stealth Rock
|turn|12
|
|t:|1760321899
|switch|p1a: Wheel of Fortune|Iron Treads|69/100
|move|p2a: Gholdengo|Shadow Ball|p1a: Wheel of Fortune
|-damage|p1a: Wheel of Fortune|8/100
|
|upkeep
|turn|13
|
|t:|1760321900
|move|p2a: Gholdengo|Shadow Ball|p1a: Wheel of Fortune
|-damage|p1a: Wheel of Fortune|0 fnt
|faint|p1a: Wheel of Fortune
|-end|p1a: Wheel of Fortune|Quark Drive|[silent]
|
|upkeep
|
|t:|1760321902
|switch|p1a: Blade Quintology|Kingambit, M|100/100
|-activate|p1a: Blade Quintology|ability: Supreme Overlord
|-start|p1a: Blade Quintology|fallen1|[silent]
|turn|14
|
|t:|1760321908
|switch|p2a: Toxapex|Toxapex, F|100/100
|-damage|p2a: Toxapex|88/100|[from] Stealth Rock
|move|p1a: Blade Quintology|Swords Dance|p1a: Blade Quintology
|-boost|p1a: Blade Quintology|atk|2
|
|upkeep
|turn|15
|
|t:|1760321910
|move|p1a: Blade Quintology|Kowtow Cleave|p2a: Toxapex
|-damage|p2a: Toxapex|27/100
|-damage|p1a: Blade Quintology|84/100|[from] item: Rocky Helmet|[of] p2a: Toxapex
|move|p2a: Toxapex|Haze|p2a: Toxapex
|-clearallboost
|
|upkeep
|turn|16
|
|t:|1760321912
|switch|p2a: Gliscor|Gliscor, F|100/100
|-damage|p2a: Gliscor|88/100|[from] Stealth Rock
|move|p1a: Blade Quintology|Kowtow Cleave|p2a: Gliscor
|-damage|p2a: Gliscor|47/100
|
|-status|p2a: Gliscor|tox|[from] item: Toxic Orb
|upkeep
|turn|17
|
|t:|1760321916
|-end|p1a: Blade Quintology|fallen1|[silent]
|switch|p1a: Angel Densetsu|Dragonite, M|100/100
|move|p2a: Gliscor|Earthquake|p1a: Angel Densetsu
|-immune|p1a: Angel Densetsu
|
|-heal|p2a: Gliscor|59/100 tox|[from] ability: Poison Heal
|upkeep
|turn|18
|
|t:|1760321919
|move|p2a: Gliscor|Toxic|p1a: Angel Densetsu
|-status|p1a: Angel Densetsu|tox
|move|p1a: Angel Densetsu|Encore|p2a: Gliscor
|-start|p2a: Gliscor|Encore
|
|-heal|p2a: Gliscor|71/100 tox|[from] ability: Poison Heal
|-damage|p1a: Angel Densetsu|94/100 tox|[from] psn
|upkeep
|turn|19
|
|t:|1760321923
|switch|p2a: Toxapex|Toxapex, F|60/100
|-damage|p2a: Toxapex|48/100|[from] Stealth Rock
|move|p1a: Angel Densetsu|Dragon Dance|p1a: Angel Densetsu
|-boost|p1a: Angel Densetsu|atk|1
|-boost|p1a: Angel Densetsu|spe|1
|
|-damage|p1a: Angel Densetsu|82/100 tox|[from] psn
|upkeep
|turn|20
|
|t:|1760321925
|switch|p2a: Ditto|Ditto|100/100
|-damage|p2a: Ditto|88/100|[from] Stealth Rock
|-transform|p2a: Ditto|p1a: Angel Densetsu|[from] ability: Imposter
|move|p1a: Angel Densetsu|Scale Shot|p2a: Ditto|[miss]
|-miss|p1a: Angel Densetsu|p2a: Ditto
|
|-damage|p1a: Angel Densetsu|63/100 tox|[from] psn
|upkeep
|turn|21
|c|☆Wrath of the Turks|oh dude
|c|☆Wrath of the Turks|lucky lucky guy
|
|t:|1760321938
|switch|p1a: I Believe|Enamorus, F|100/100
|move|p2a: Ditto|Fire Punch|p1a: I Believe
|-damage|p1a: I Believe|31/100
|-status|p1a: I Believe|brn
|
|-damage|p1a: I Believe|24/100 brn|[from] brn
|upkeep
|turn|22
|
|t:|1760321949
|move|p2a: Ditto|Fire Punch|p1a: I Believe
|-damage|p1a: I Believe|0 fnt
|faint|p1a: I Believe
|
|upkeep
|
|t:|1760321951
|switch|p1a: Bells out the Bax|Kyurem|77/100 par
|-ability|p1a: Bells out the Bax|Pressure
|turn|23
|c|☆rmcarmicheal|I cant dispute that claim
|
|t:|1760321963
|-terastallize|p2a: Ditto|Normal
|move|p2a: Ditto|Fire Punch|p1a: Bells out the Bax
|-damage|p1a: Bells out the Bax|39/100 par
|cant|p1a: Bells out the Bax|par
|
|upkeep
|turn|24
|c|☆Wrath of the Turks|HEEEEEEEEEEEEEELP
|
|t:|1760321972
|move|p2a: Ditto|Fire Punch|p1a: Bells out the Bax
|-damage|p1a: Bells out the Bax|2/100 par
|move|p1a: Bells out the Bax|Icicle Spear|p2a: Ditto
|-damage|p2a: Ditto|72/100
|-damage|p2a: Ditto|55/100
|-damage|p2a: Ditto|38/100
|-damage|p2a: Ditto|22/100
|-hitcount|p2a: Ditto|4
|
|upkeep
|turn|25
|
|t:|1760321976
|-activate|p2a: Ditto|move: Struggle
|move|p2a: Ditto|Struggle|p1a: Bells out the Bax
|-damage|p1a: Bells out the Bax|0 fnt
|faint|p1a: Bells out the Bax
|-damage|p2a: Ditto|0 fnt|[from] recoil
|faint|p2a: Ditto
|
|upkeep
|
|t:|1760321981
|switch|p1a: Loveshine|Ninetales-Alola, M|10/100 par
|switch|p2a: Gliscor|Gliscor, F|71/100 tox
|-damage|p2a: Gliscor|59/100 tox|[from] Stealth Rock
|-weather|Snowscape|[from] ability: Snow Warning|[of] p1a: Loveshine
|turn|26
|
|t:|1760321984
|move|p2a: Gliscor|Earthquake|p1a: Loveshine
|-damage|p1a: Loveshine|0 fnt
|faint|p1a: Loveshine
|
|-weather|Snowscape|[upkeep]
|-heal|p2a: Gliscor|71/100 tox|[from] ability: Poison Heal
|upkeep
|
|t:|1760321985
|switch|p1a: Angel Densetsu|Dragonite, M|63/100 tox
|turn|27
|
|t:|1760321987
|move|p2a: Gliscor|Substitute|p2a: Gliscor
|-start|p2a: Gliscor|Substitute
|-damage|p2a: Gliscor|47/100 tox
|move|p1a: Angel Densetsu|Dragon Dance|p1a: Angel Densetsu
|-boost|p1a: Angel Densetsu|atk|1
|-boost|p1a: Angel Densetsu|spe|1
|
|-weather|Snowscape|[upkeep]
|-damage|p1a: Angel Densetsu|57/100 tox|[from] psn
|-heal|p2a: Gliscor|59/100 tox|[from] ability: Poison Heal
|upkeep
|turn|28
|
|t:|1760321991
|move|p2a: Gliscor|Protect|p2a: Gliscor
|-singleturn|p2a: Gliscor|Protect
|move|p1a: Angel Densetsu|Scale Shot|p2a: Gliscor
|-activate|p2a: Gliscor|move: Protect
|
|-weather|Snowscape|[upkeep]
|-damage|p1a: Angel Densetsu|45/100 tox|[from] psn
|-heal|p2a: Gliscor|71/100 tox|[from] ability: Poison Heal
|upkeep
|turn|29
|
|t:|1760321993
|switch|p2a: Toxapex|Toxapex, F|81/100
|-damage|p2a: Toxapex|69/100|[from] Stealth Rock
|move|p1a: Angel Densetsu|Scale Shot|p2a: Toxapex
|-damage|p2a: Toxapex|55/100
|-damage|p2a: Toxapex|41/100
|-damage|p2a: Toxapex|27/100
|-damage|p2a: Toxapex|12/100
|-hitcount|p2a: Toxapex|4
|-unboost|p1a: Angel Densetsu|def|1
|-boost|p1a: Angel Densetsu|spe|1
|
|-weather|Snowscape|[upkeep]
|-damage|p1a: Angel Densetsu|26/100 tox|[from] psn
|upkeep
|turn|30
|
|t:|1760321995
|move|p1a: Angel Densetsu|Scale Shot|p2a: Toxapex
|-damage|p2a: Toxapex|0 fnt
|faint|p2a: Toxapex
|-hitcount|p2: Toxapex|1
|-unboost|p1a: Angel Densetsu|def|1
|-boost|p1a: Angel Densetsu|spe|1
|
|-weather|none
|-damage|p1a: Angel Densetsu|1/100 tox|[from] psn
|upkeep
|
|t:|1760321997
|switch|p2a: Gliscor|Gliscor, F|71/100 tox
|-damage|p2a: Gliscor|59/100 tox|[from] Stealth Rock
|turn|31
|
|t:|1760321998
|move|p2a: Gliscor|Protect|p2a: Gliscor
|-singleturn|p2a: Gliscor|Protect
|move|p1a: Angel Densetsu|Scale Shot|p2a: Gliscor
|-activate|p2a: Gliscor|move: Protect
|
|-damage|p1a: Angel Densetsu|0 fnt|[from] psn
|faint|p1a: Angel Densetsu
|-heal|p2a: Gliscor|71/100 tox|[from] ability: Poison Heal
|upkeep
|
|t:|1760322000
|switch|p1a: Blade Quintology|Kingambit, M|84/100
|-activate|p1a: Blade Quintology|ability: Supreme Overlord
|-start|p1a: Blade Quintology|fallen5|[silent]
|turn|32
|
|t:|1760322004
|move|p2a: Gliscor|Earthquake|p1a: Blade Quintology
|-supereffective|p1a: Blade Quintology
|-damage|p1a: Blade Quintology|35/100
|move|p1a: Blade Quintology|Swords Dance|p1a: Blade Quintology
|-boost|p1a: Blade Quintology|atk|2
|
|-heal|p2a: Gliscor|84/100 tox|[from] ability: Poison Heal
|upkeep
|turn|33
|
|t:|1760322007
|-terastallize|p1a: Blade Quintology|Bug
|move|p2a: Gliscor|Substitute|p2a: Gliscor
|-start|p2a: Gliscor|Substitute
|-damage|p2a: Gliscor|59/100 tox
|move|p1a: Blade Quintology|Kowtow Cleave|p2a: Gliscor
|-end|p2a: Gliscor|Substitute
|
|-heal|p2a: Gliscor|71/100 tox|[from] ability: Poison Heal
|upkeep
|turn|34
|
|t:|1760322013
|move|p2a: Gliscor|Toxic|p1a: Blade Quintology
|-status|p1a: Blade Quintology|tox
|-enditem|p1a: Blade Quintology|Lum Berry|[eat]
|-curestatus|p1a: Blade Quintology|tox|[msg]
|move|p1a: Blade Quintology|Kowtow Cleave|p2a: Gliscor
|-damage|p2a: Gliscor|0 fnt
|faint|p2a: Gliscor
|
|upkeep
|
|t:|1760322015
|switch|p2a: Gholdengo|Gholdengo|94/100
|-damage|p2a: Gholdengo|88/100|[from] Stealth Rock
|turn|35
|
|t:|1760322017
|move|p2a: Gholdengo|Trick|p1a: Blade Quintology
|-activate|p2a: Gholdengo|move: Trick|[of] p1a: Blade Quintology
|-item|p1a: Blade Quintology|Choice Scarf|[from] move: Trick
|-enditem|p2a: Gholdengo|Choice Scarf|[silent]|[from] move: Trick
|move|p1a: Blade Quintology|Kowtow Cleave|p2a: Gholdengo
|-supereffective|p2a: Gholdengo
|-damage|p2a: Gholdengo|0 fnt
|faint|p2a: Gholdengo
|
|upkeep
|
|t:|1760322021
|switch|p2a: Blissey|Blissey, F|100/100
|-damage|p2a: Blissey|88/100|[from] Stealth Rock
|turn|36
|c|☆Wrath of the Turks|GG
|c|☆Wrath of the Turks|when you outplay the BULLSHIT!
|
|t:|1760322026
|move|p1a: Blade Quintology|Kowtow Cleave|p2a: Blissey
|-damage|p2a: Blissey|0 fnt
|faint|p2a: Blissey
|
|win|Wrath of the Turks
|raw|Wrath of the Turks's rating: 1671 &rarr; <strong>1684</strong><br />(+13 for winning)
|raw|rmcarmicheal's rating: 1547 &rarr; <strong>1534</strong><br />(-13 for losing)
|l| Rizzofreko
