|j|☆CHANGANG
|j|☆Grem1234567
|t:|1760448564
|gametype|singles
|player|p1|CHANGANG|clay|1398
|player|p2|Grem1234567|2|1420
|gen|9
|tier|[Gen 9] OU
|rated|
|rule|HP Percentage Mod: HP is shown in percentages
|rule|Endless Battle Clause: Forcing endless battles is banned
|rule|Species Clause: Limit one of each Pokémon
|rule|OHKO Clause: OHKO moves are banned
|rule|Evasion Items Clause: Evasion items are banned
|rule|Evasion Moves Clause: Evasion moves are banned
|rule|Evasion Abilities Clause: Evasion abilities are banned
|rule|Sleep Moves Clause: Sleep-inducing moves are banned
|clearpoke
|poke|p1|Krookodile, M|
|poke|p1|Landorus-Therian, M|
|poke|p1|Raging Bolt|
|poke|p1|Hatterene, F|
|poke|p1|Alomomola, M|
|poke|p1|Chesnaught, M|
|poke|p2|Pecharunt|
|poke|p2|Zapdos|
|poke|p2|Araquanid, M|
|poke|p2|Ogerpon-Wellspring, F|
|poke|p2|Iron Treads|
|poke|p2|Cinderace, F|
|teampreview
|inactive|Battle timer is ON: inactive players will automatically lose when time's up. (requested by CHANGANG)
|
|t:|1760448590
|teamsize|p1|6
|teamsize|p2|6
|start
|switch|p1a: FEDORA RON|Hatterene, F|100/100
|switch|p2a: Zapdos|Zapdos|100/100
|turn|1
|
|t:|1760448611
|move|p2a: Zapdos|Discharge|p1a: FEDORA RON
|-damage|p1a: FEDORA RON|57/100
|move|p1a: FEDORA RON|Psychic Noise|p2a: Zapdos
|-damage|p2a: Zapdos|69/100
|-start|p2a: Zapdos|move: Heal Block
|
|-heal|p1a: FEDORA RON|63/100|[from] item: Leftovers
|upkeep
|turn|2
|
|t:|1760448625
|switch|p1a: LUH TONKA|Krookodile, M|100/100
|move|p2a: Zapdos|Hurricane|p1a: LUH TONKA|[miss]
|-miss|p2a: Zapdos|p1a: LUH TONKA
|
|-end|p2a: Zapdos|move: Heal Block
|upkeep
|turn|3
|
|t:|1760448633
|move|p1a: LUH TONKA|Stone Edge|p2a: Zapdos
|-supereffective|p2a: Zapdos
|-damage|p2a: Zapdos|7/100
|move|p2a: Zapdos|Hurricane|p1a: LUH TONKA
|-damage|p1a: LUH TONKA|19/100
|
|upkeep
|turn|4
|
|t:|1760448650
|switch|p1a: BLACK BOLT SUN|Raging Bolt|100/100
|switch|p2a: Iron Treads|Iron Treads|100/100
|
|upkeep
|turn|5
|
|t:|1760448660
|-end|p1a: BLACK BOLT SUN|Protosynthesis|[silent]
|switch|p1a: LUH TONKA|Krookodile, M|19/100
|move|p2a: Iron Treads|Knock Off|p1a: LUH TONKA
|-resisted|p1a: LUH TONKA
|-damage|p1a: LUH TONKA|2/100
|-enditem|p1a: LUH TONKA|Choice Scarf|[from] move: Knock Off|[of] p2a: Iron Treads
|
|upkeep
|turn|6
|
|t:|1760448666
|switch|p1a: HOMELANDOR|Landorus-Therian, M|100/100
|-ability|p1a: HOMELANDOR|Intimidate|boost
|-unboost|p2a: Iron Treads|atk|1
|move|p2a: Iron Treads|Knock Off|p1a: HOMELANDOR
|-damage|p1a: HOMELANDOR|86/100
|-damage|p2a: Iron Treads|84/100|[from] item: Rocky Helmet|[of] p1a: HOMELANDOR
|-enditem|p1a: HOMELANDOR|Rocky Helmet|[from] move: Knock Off|[of] p2a: Iron Treads
|
|upkeep
|turn|7
|
|t:|1760448674
|-end|p2a: Iron Treads|Quark Drive|[silent]
|switch|p2a: Araquanid|Araquanid, M|100/100
|switch|p1a: FEDORA RON|Hatterene, F|63/100
|
|-heal|p1a: FEDORA RON|69/100|[from] item: Leftovers
|upkeep
|turn|8
|
|t:|1760448678
|move|p2a: Araquanid|Liquidation|p1a: FEDORA RON
|-damage|p1a: FEDORA RON|18/100
|move|p1a: FEDORA RON|Nuzzle|p2a: Araquanid
|-supereffective|p2a: Araquanid
|-damage|p2a: Araquanid|92/100
|-status|p2a: Araquanid|par
|
|-heal|p1a: FEDORA RON|24/100|[from] item: Leftovers
|upkeep
|turn|9
|
|t:|1760448683
|move|p1a: FEDORA RON|Psychic Noise|p2a: Araquanid
|-damage|p2a: Araquanid|64/100 par
|-start|p2a: Araquanid|move: Heal Block
|move|p2a: Araquanid|Liquidation|p1a: FEDORA RON
|-damage|p1a: FEDORA RON|0 fnt
|faint|p1a: FEDORA RON
|
|upkeep
|
|t:|1760448689
|switch|p1a: LUH TONKA|Krookodile, M|2/100
|turn|10
|
|t:|1760448695
|move|p1a: LUH TONKA|Stone Edge|p2a: Araquanid
|-supereffective|p2a: Araquanid
|-damage|p2a: Araquanid|0 fnt
|faint|p2a: Araquanid
|-ability|p1a: LUH TONKA|Moxie|boost
|-boost|p1a: LUH TONKA|atk|1
|
|upkeep
|
|t:|1760448699
|switch|p2a: Iron Treads|Iron Treads|84/100
|turn|11
|
|t:|1760448705
|switch|p1a: HOMELANDOR|Landorus-Therian, M|86/100
|-ability|p1a: HOMELANDOR|Intimidate|boost
|-unboost|p2a: Iron Treads|atk|1
|move|p2a: Iron Treads|Knock Off|p1a: HOMELANDOR
|-damage|p1a: HOMELANDOR|75/100
|
|upkeep
|turn|12
|
|t:|1760448713
|-end|p2a: Iron Treads|Quark Drive|[silent]
|switch|p2a: Zapdos|Zapdos|7/100
|switch|p1a: LUH TONKA|Krookodile, M|2/100
|
|upkeep
|turn|13
|
|t:|1760448720
|move|p1a: LUH TONKA|Knock Off|p2a: Zapdos
|-damage|p2a: Zapdos|0 fnt
|-damage|p1a: LUH TONKA|0 fnt|[from] item: Rocky Helmet|[of] p2a: Zapdos
|faint|p2a: Zapdos
|faint|p1a: LUH TONKA
|
|upkeep
|
|t:|1760448729
|switch|p1a: BLACK BOLT SUN|Raging Bolt|100/100
|switch|p2a: Cinderace|Cinderace, F|100/100
|turn|14
|
|t:|1760448734
|move|p2a: Cinderace|Gunk Shot|p1a: BLACK BOLT SUN
|-start|p2a: Cinderace|typechange|Poison|[from] ability: Libero
|-damage|p1a: BLACK BOLT SUN|43/100
|-status|p1a: BLACK BOLT SUN|psn
|-damage|p2a: Cinderace|91/100|[from] item: Life Orb
|move|p1a: BLACK BOLT SUN|Dragon Pulse|p2a: Cinderace
|-damage|p2a: Cinderace|18/100
|
|-heal|p1a: BLACK BOLT SUN|49/100 psn|[from] item: Leftovers
|-damage|p1a: BLACK BOLT SUN|37/100 psn|[from] psn
|upkeep
|turn|15
|
|t:|1760448749
|switch|p2a: Iron Treads|Iron Treads|84/100
|-end|p1a: BLACK BOLT SUN|Protosynthesis|[silent]
|switch|p1a: EZ FLIP|Alomomola, M|100/100
|
|upkeep
|turn|16
|
|t:|1760448757
|move|p2a: Iron Treads|Knock Off|p1a: EZ FLIP
|-damage|p1a: EZ FLIP|85/100
|-enditem|p1a: EZ FLIP|Assault Vest|[from] move: Knock Off|[of] p2a: Iron Treads
|move|p1a: EZ FLIP|Scald|p2a: Iron Treads
|-supereffective|p2a: Iron Treads
|-damage|p2a: Iron Treads|39/100
|
|upkeep
|turn|17
|
|t:|1760448761
|move|p2a: Iron Treads|Volt Switch|p1a: EZ FLIP
|-supereffective|p1a: EZ FLIP
|-damage|p1a: EZ FLIP|57/100
|
|t:|1760448765
|-end|p2a: Iron Treads|Quark Drive|[silent]
|switch|p2a: Ogerpon|Ogerpon-Wellspring, F|100/100|[from] Volt Switch
|move|p1a: EZ FLIP|Scald|p2a: Ogerpon
|-immune|p2a: Ogerpon|[from] ability: Water Absorb
|
|upkeep
|turn|18
|
|t:|1760448770
|switch|p1a: Chesnaught|Chesnaught, M|100/100
|move|p2a: Ogerpon|Swords Dance|p2a: Ogerpon
|-boost|p2a: Ogerpon|atk|2
|
|upkeep
|turn|19
|inactive|CHANGANG has 120 seconds left.
|
|t:|1760448830
|move|p2a: Ogerpon|Play Rough|p1a: Chesnaught
|-supereffective|p1a: Chesnaught
|-damage|p1a: Chesnaught|23/100
|-damage|p2a: Ogerpon|84/100|[from] item: Rocky Helmet|[of] p1a: Chesnaught
|move|p1a: Chesnaught|Giga Drain|p2a: Ogerpon
|-damage|p2a: Ogerpon|61/100
|-heal|p1a: Chesnaught|32/100|[from] drain|[of] p2a: Ogerpon
|
|upkeep
|turn|20
|inactive|Grem1234567 has 120 seconds left.
|
|t:|1760448863
|move|p1a: Chesnaught|Spiky Shield|p1a: Chesnaught
|-singleturn|p1a: Chesnaught|move: Protect
|move|p2a: Ogerpon|Play Rough|p1a: Chesnaught
|-activate|p1a: Chesnaught|move: Protect
|-damage|p2a: Ogerpon|48/100|[from] Spiky Shield|[of] p1a: Chesnaught
|
|upkeep
|turn|21
|inactive|CHANGANG has 90 seconds left.
|
|t:|1760448911
|move|p2a: Ogerpon|Play Rough|p1a: Chesnaught
|-supereffective|p1a: Chesnaught
|-damage|p1a: Chesnaught|0 fnt
|-damage|p2a: Ogerpon|32/100|[from] item: Rocky Helmet|[of] p1a: Chesnaught
|faint|p1a: Chesnaught
|
|upkeep
|
|t:|1760448914
|switch|p1a: BLACK BOLT SUN|Raging Bolt|37/100 psn
|turn|22
|
|t:|1760448917
|move|p1a: BLACK BOLT SUN|Thunderclap||[still]
|-fail|p1a: BLACK BOLT SUN
|move|p2a: Ogerpon|Encore|p1a: BLACK BOLT SUN
|-start|p1a: BLACK BOLT SUN|Encore
|
|-heal|p1a: BLACK BOLT SUN|43/100 psn|[from] item: Leftovers
|-damage|p1a: BLACK BOLT SUN|31/100 psn|[from] psn
|upkeep
|turn|23
|inactive|CHANGANG has 90 seconds left.
|
|t:|1760448925
|-end|p1a: BLACK BOLT SUN|Protosynthesis|[silent]
|switch|p1a: HOMELANDOR|Landorus-Therian, M|75/100
|-ability|p1a: HOMELANDOR|Intimidate|boost
|-unboost|p2a: Ogerpon|atk|1
|move|p2a: Ogerpon|Swords Dance|p2a: Ogerpon
|-boost|p2a: Ogerpon|atk|2
|
|upkeep
|turn|24
|
|t:|1760448927
|-terastallize|p1a: HOMELANDOR|Water
|move|p2a: Ogerpon|Ivy Cudgel|p1a: HOMELANDOR|[anim] Ivy Cudgel Water
|-resisted|p1a: HOMELANDOR
|-damage|p1a: HOMELANDOR|12/100
|move|p1a: HOMELANDOR|U-turn|p2a: Ogerpon
|-supereffective|p2a: Ogerpon
|-damage|p2a: Ogerpon|0 fnt
|faint|p2a: Ogerpon
|
|t:|1760448934
|switch|p1a: EZ FLIP|Alomomola, M|90/100|[from] U-turn
|
|upkeep
|
|t:|1760448938
|switch|p2a: Pecharunt|Pecharunt|100/100
|turn|25
|
|t:|1760448952
|move|p2a: Pecharunt|Malignant Chain|p1a: EZ FLIP
|-damage|p1a: EZ FLIP|53/100
|-status|p1a: EZ FLIP|tox
|-start|p1a: EZ FLIP|confusion|[from] ability: Poison Puppeteer|[of] p2a: Pecharunt
|-activate|p1a: EZ FLIP|confusion
|move|p1a: EZ FLIP|Mirror Coat|p2a: Pecharunt
|-damage|p2a: Pecharunt|8/100
|
|-heal|p2a: Pecharunt|14/100|[from] item: Leftovers
|-damage|p1a: EZ FLIP|47/100 tox|[from] psn
|upkeep
|turn|26
|
|t:|1760448961
|switch|p1a: HOMELANDOR|Landorus-Therian, M, tera:Water|12/100
|-ability|p1a: HOMELANDOR|Intimidate|boost
|-unboost|p2a: Pecharunt|atk|1
|move|p2a: Pecharunt|Recover|p2a: Pecharunt
|-heal|p2a: Pecharunt|64/100
|
|-heal|p2a: Pecharunt|70/100|[from] item: Leftovers
|upkeep
|turn|27
|
|t:|1760448968
|move|p1a: HOMELANDOR|Earthquake|p2a: Pecharunt
|-supereffective|p2a: Pecharunt
|-damage|p2a: Pecharunt|16/100
|move|p2a: Pecharunt|Hex|p1a: HOMELANDOR
|-damage|p1a: HOMELANDOR|0 fnt
|faint|p1a: HOMELANDOR
|
|-heal|p2a: Pecharunt|22/100|[from] item: Leftovers
|upkeep
|
|t:|1760448971
|switch|p1a: BLACK BOLT SUN|Raging Bolt|31/100 psn
|turn|28
|
|t:|1760448974
|move|p2a: Pecharunt|Hex|p1a: BLACK BOLT SUN
|-damage|p1a: BLACK BOLT SUN|0 fnt
|faint|p1a: BLACK BOLT SUN
|-end|p1a: BLACK BOLT SUN|Protosynthesis|[silent]
|
|-heal|p2a: Pecharunt|28/100|[from] item: Leftovers
|upkeep
|-message|CHANGANG forfeited.
|
|win|Grem1234567
|raw|CHANGANG's rating: 1398 &rarr; <strong>1379</strong><br />(-19 for losing)
|raw|Grem1234567's rating: 1420 &rarr; <strong>1439</strong><br />(+19 for winning)
|l|☆CHANGANG
|player|p1|
