|j|☆agency playa
|j|☆icefox
|t:|1760342332
|gametype|singles
|player|p1|agency playa|brendan|1520
|player|p2|icefox|giovanni|1471
|gen|9
|tier|[Gen 9] OU
|rated|
|rule|HP Percentage Mod: HP is shown in percentages
|rule|Endless Battle Clause: Forcing endless battles is banned
|rule|Species Clause: Limit one of each Pokémon
|rule|OHKO Clause: OHKO moves are banned
|rule|Evasion Items Clause: Evasion items are banned
|rule|Evasion Moves Clause: Evasion moves are banned
|rule|Evasion Abilities Clause: Evasion abilities are banned
|rule|Sleep Moves Clause: Sleep-inducing moves are banned
|clearpoke
|poke|p1|Weezing-Galar, M|
|poke|p1|Garchomp, M|
|poke|p1|Samurott-Hisui, F|
|poke|p1|Slowking-Galar, M|
|poke|p1|Iron Treads|
|poke|p1|Zapdos|
|poke|p2|Meowscarada, F|
|poke|p2|Hydreigon, M|
|poke|p2|Bisharp, M|
|poke|p2|Samurott-Hisui, M|
|poke|p2|Sableye, F|
|poke|p2|Muk-Alola, F|
|teampreview
|inactive|Battle timer is ON: inactive players will automatically lose when time's up. (requested by agency playa)
|
|t:|1760342352
|teamsize|p1|6
|teamsize|p2|6
|start
|switch|p1a: dirty bong|Weezing-Galar, M, shiny|100/100
|switch|p2a: Pure Dark|Samurott-Hisui, M|100/100
|turn|1
|
|t:|1760342359
|move|p2a: Pure Dark|Aqua Cutter|p1a: dirty bong
|-damage|p1a: dirty bong|68/100
|move|p1a: dirty bong|Will-O-Wisp|p2a: Pure Dark|[miss]
|-miss|p1a: dirty bong|p2a: Pure Dark
|
|upkeep
|turn|2
|
|t:|1760342367
|move|p2a: Pure Dark|Aqua Cutter|p1a: dirty bong
|-damage|p1a: dirty bong|31/100
|move|p1a: dirty bong|Will-O-Wisp|p2a: Pure Dark
|-status|p2a: Pure Dark|brn
|
|-damage|p2a: Pure Dark|94/100 brn|[from] brn
|upkeep
|turn|3
|
|t:|1760342376
|move|p2a: Pure Dark|Aqua Cutter|p1a: dirty bong
|-damage|p1a: dirty bong|13/100
|move|p1a: dirty bong|Pain Split|p2a: Pure Dark
|-sethp|p2a: Pure Dark|54/100 brn|[from] move: Pain Split|[silent]
|-sethp|p1a: dirty bong|52/100|[from] move: Pain Split
|
|-damage|p2a: Pure Dark|48/100 brn|[from] brn
|upkeep
|turn|4
|
|t:|1760342394
|switch|p1a: Garchomp|Garchomp, M|100/100
|move|p2a: Pure Dark|Ceaseless Edge|p1a: Garchomp
|-damage|p1a: Garchomp|85/100
|-damage|p2a: Pure Dark|35/100 brn|[from] ability: Rough Skin|[of] p1a: Garchomp
|-damage|p2a: Pure Dark|19/100 brn|[from] item: Rocky Helmet|[of] p1a: Garchomp
|-sidestart|p1: agency playa|Spikes
|
|-damage|p2a: Pure Dark|12/100 brn|[from] brn
|upkeep
|turn|5
|
|t:|1760342406
|move|p2a: Pure Dark|Ceaseless Edge|p1a: Garchomp
|-damage|p1a: Garchomp|71/100
|-damage|p2a: Pure Dark|0 fnt|[from] ability: Rough Skin|[of] p1a: Garchomp
|faint|p2a: Pure Dark
|move|p1a: Garchomp|Stealth Rock|p2: Pure Dark
|-sidestart|p2: icefox|move: Stealth Rock
|
|upkeep
|
|t:|1760342415
|switch|p2a: Hydreigon|Hydreigon, M|100/100
|-damage|p2a: Hydreigon|88/100|[from] Stealth Rock
|turn|6
|
|t:|1760342424
|switch|p1a: Slowking|Slowking-Galar, M, shiny|100/100
|-damage|p1a: Slowking|88/100|[from] Spikes
|move|p2a: Hydreigon|Dark Pulse|p1a: Slowking
|-supereffective|p1a: Slowking
|-crit|p1a: Slowking
|-damage|p1a: Slowking|0 fnt
|faint|p1a: Slowking
|
|upkeep
|
|t:|1760342434
|switch|p1a: Iron Treads|Iron Treads, shiny|100/100
|-damage|p1a: Iron Treads|88/100|[from] Spikes
|turn|7
|
|t:|1760342460
|switch|p2a: Sableye|Sableye, F|100/100
|-damage|p2a: Sableye|88/100|[from] Stealth Rock
|move|p1a: Iron Treads|Rapid Spin|p2a: Sableye
|-immune|p2a: Sableye
|
|-heal|p2a: Sableye|94/100|[from] item: Leftovers
|upkeep
|turn|8
|
|t:|1760342473
|-end|p1a: Iron Treads|Quark Drive|[silent]
|switch|p1a: dirty bong|Weezing-Galar, M, shiny|52/100
|move|p2a: Sableye|Night Shade|p1a: dirty bong
|-damage|p1a: dirty bong|22/100
|
|-heal|p2a: Sableye|100/100|[from] item: Leftovers
|upkeep
|turn|9
|inactive|icefox has 120 seconds left.
|inactive|icefox has 90 seconds left.
|
|t:|1760342532
|move|p1a: dirty bong|Pain Split|p2a: Sableye
|-sethp|p2a: Sableye|62/100|[from] move: Pain Split|[silent]
|-sethp|p1a: dirty bong|57/100|[from] move: Pain Split
|move|p2a: Sableye|Night Shade|p1a: dirty bong
|-damage|p1a: dirty bong|27/100
|
|-heal|p2a: Sableye|68/100|[from] item: Leftovers
|upkeep
|turn|10
|inactive|icefox has 90 seconds left.
|
|t:|1760342543
|move|p1a: dirty bong|Pain Split|p2a: Sableye
|-sethp|p2a: Sableye|49/100|[from] move: Pain Split|[silent]
|-sethp|p1a: dirty bong|44/100|[from] move: Pain Split
|move|p2a: Sableye|Night Shade|p1a: dirty bong
|-damage|p1a: dirty bong|14/100
|
|-heal|p2a: Sableye|55/100|[from] item: Leftovers
|upkeep
|turn|11
|
|t:|1760342551
|move|p1a: dirty bong|Pain Split|p2a: Sableye
|-sethp|p2a: Sableye|35/100|[from] move: Pain Split|[silent]
|-sethp|p1a: dirty bong|32/100|[from] move: Pain Split
|move|p2a: Sableye|Night Shade|p1a: dirty bong
|-damage|p1a: dirty bong|2/100
|
|-heal|p2a: Sableye|41/100|[from] item: Leftovers
|upkeep
|turn|12
|
|t:|1760342567
|move|p1a: dirty bong|Dazzling Gleam|p2a: Sableye
|-supereffective|p2a: Sableye
|-damage|p2a: Sableye|0 fnt
|faint|p2a: Sableye
|
|upkeep
|
|t:|1760342572
|switch|p2a: Hydreigon|Hydreigon, M|88/100
|-damage|p2a: Hydreigon|76/100|[from] Stealth Rock
|turn|13
|
|t:|1760342576
|move|p2a: Hydreigon|Dark Pulse|p1a: dirty bong
|-resisted|p1a: dirty bong
|-crit|p1a: dirty bong
|-damage|p1a: dirty bong|0 fnt
|faint|p1a: dirty bong
|
|upkeep
|
|t:|1760342584
|switch|p1a: Iron Treads|Iron Treads, shiny|88/100
|-damage|p1a: Iron Treads|76/100|[from] Spikes
|turn|14
|
|t:|1760342589
|-terastallize|p2a: Hydreigon|Ghost
|move|p2a: Hydreigon|Dark Pulse|p1a: Iron Treads
|-damage|p1a: Iron Treads|28/100
|move|p1a: Iron Treads|Rapid Spin|p2a: Hydreigon
|-immune|p2a: Hydreigon
|
|upkeep
|turn|15
|
|t:|1760342602
|move|p2a: Hydreigon|Dark Pulse|p1a: Iron Treads
|-damage|p1a: Iron Treads|0 fnt
|faint|p1a: Iron Treads
|-end|p1a: Iron Treads|Quark Drive|[silent]
|
|upkeep
|
|t:|1760342606
|switch|p1a: Samurott|Samurott-Hisui, F, shiny|100/100
|-damage|p1a: Samurott|88/100|[from] Spikes
|turn|16
|
|t:|1760342612
|switch|p2a: Bisharp|Bisharp, M, shiny|100/100
|-damage|p2a: Bisharp|94/100|[from] Stealth Rock
|move|p1a: Samurott|Ceaseless Edge|p2a: Bisharp
|-resisted|p2a: Bisharp
|-damage|p2a: Bisharp|79/100
|-sidestart|p2: icefox|Spikes
|
|upkeep
|turn|17
|
|t:|1760342627
|switch|p1a: Zapdos|Zapdos, shiny|100/100
|move|p2a: Bisharp|Brick Break|p1a: Zapdos
|-resisted|p1a: Zapdos
|-damage|p1a: Zapdos|89/100
|-status|p2a: Bisharp|par|[from] ability: Static|[of] p1a: Zapdos
|
|upkeep
|turn|18
|
|t:|1760342639
|move|p1a: Zapdos|Heat Wave|p2a: Bisharp
|-supereffective|p2a: Bisharp
|-damage|p2a: Bisharp|20/100 par
|move|p2a: Bisharp|Swords Dance|p2a: Bisharp
|-boost|p2a: Bisharp|atk|2
|
|upkeep
|turn|19
|
|t:|1760342649
|move|p2a: Bisharp|Sucker Punch||[still]
|-fail|p2a: Bisharp
|move|p1a: Zapdos|Roost|p1a: Zapdos
|-heal|p1a: Zapdos|100/100
|-singleturn|p1a: Zapdos|move: Roost
|
|upkeep
|turn|20
|
|t:|1760342659
|switch|p1a: Samurott|Samurott-Hisui, F, shiny|88/100
|-damage|p1a: Samurott|76/100|[from] Spikes
|cant|p2a: Bisharp|par
|
|upkeep
|turn|21
|
|t:|1760342672
|move|p2a: Bisharp|Sucker Punch|p1a: Samurott
|-resisted|p1a: Samurott
|-damage|p1a: Samurott|32/100
|move|p1a: Samurott|Ceaseless Edge|p2a: Bisharp
|-resisted|p2a: Bisharp
|-damage|p2a: Bisharp|4/100 par
|-sidestart|p2: icefox|Spikes
|
|upkeep
|turn|22
|
|t:|1760342680
|move|p1a: Samurott|Sucker Punch|p2a: Bisharp
|-resisted|p2a: Bisharp
|-damage|p2a: Bisharp|0 fnt
|faint|p2a: Bisharp
|
|upkeep
|
|t:|1760342683
|switch|p2a: Hydreigon|Hydreigon, M, tera:Ghost|76/100
|-damage|p2a: Hydreigon|64/100|[from] Stealth Rock
|turn|23
|
|t:|1760342690
|switch|p2a: Meowscarada|Meowscarada, F|100/100
|-damage|p2a: Meowscarada|88/100|[from] Stealth Rock
|-damage|p2a: Meowscarada|72/100|[from] Spikes
|move|p1a: Samurott|Sucker Punch||[still]
|-fail|p1a: Samurott
|
|upkeep
|turn|24
|
|t:|1760342707
|switch|p1a: Zapdos|Zapdos, shiny|100/100
|move|p2a: Meowscarada|Triple Axel|p1a: Zapdos|[miss]
|-start|p2a: Meowscarada|typechange|Ice|[from] ability: Protean
|-miss|p2a: Meowscarada|p1a: Zapdos
|
|upkeep
|turn|25
|
|t:|1760342720
|-terastallize|p1a: Zapdos|Water
|move|p2a: Meowscarada|Triple Axel|p1a: Zapdos
|-resisted|p1a: Zapdos
|-damage|p1a: Zapdos|96/100
|-resisted|p1a: Zapdos
|-damage|p1a: Zapdos|88/100
|-resisted|p1a: Zapdos
|-damage|p1a: Zapdos|73/100
|-hitcount|p1a: Zapdos|3
|move|p1a: Zapdos|Heat Wave|p2a: Meowscarada
|-supereffective|p2a: Meowscarada
|-damage|p2a: Meowscarada|0 fnt
|faint|p2a: Meowscarada
|
|upkeep
|c|☆icefox|ofc
|c|☆icefox|gg
|
|t:|1760342734
|switch|p2a: Muk|Muk-Alola, F|100/100
|-damage|p2a: Muk|88/100|[from] Stealth Rock
|-damage|p2a: Muk|72/100|[from] Spikes
|turn|26
|
|t:|1760342739
|move|p1a: Zapdos|Volt Switch|p2a: Muk
|-damage|p2a: Muk|58/100
|
|t:|1760342743
|switch|p1a: Garchomp|Garchomp, M|71/100|[from] Volt Switch
|-damage|p1a: Garchomp|59/100|[from] Spikes
|move|p2a: Muk|Poison Jab|p1a: Garchomp
|-resisted|p1a: Garchomp
|-damage|p1a: Garchomp|50/100
|-damage|p2a: Muk|45/100|[from] ability: Rough Skin|[of] p1a: Garchomp
|-damage|p2a: Muk|29/100|[from] item: Rocky Helmet|[of] p1a: Garchomp
|-status|p1a: Garchomp|psn|[from] ability: Poison Touch|[of] p2a: Muk
|
|-damage|p1a: Garchomp|38/100 psn|[from] psn
|upkeep
|turn|27
|-message|icefox forfeited.
|
|win|agency playa
|raw|agency playa's rating: 1520 &rarr; <strong>1537</strong><br />(+17 for winning)
|raw|icefox's rating: 1471 &rarr; <strong>1454</strong><br />(-17 for losing)
|l|☆icefox
|player|p2|
|l|☆agency playa
|player|p1|
