|j|☆beaudiddly
|j|☆Christendom
|t:|1760324765
|gametype|singles
|player|p1|beaudiddly|beauty|1549
|player|p2|Christendom|worker|1590
|gen|9
|tier|[Gen 9] OU
|rated|
|rule|HP Percentage Mod: HP is shown in percentages
|rule|Endless Battle Clause: Forcing endless battles is banned
|rule|Species Clause: Limit one of each Pokémon
|rule|OHKO Clause: OHKO moves are banned
|rule|Evasion Items Clause: Evasion items are banned
|rule|Evasion Moves Clause: Evasion moves are banned
|rule|Evasion Abilities Clause: Evasion abilities are banned
|rule|Sleep Moves Clause: Sleep-inducing moves are banned
|clearpoke
|poke|p1|Kyurem|
|poke|p1|Corviknight, F|
|poke|p1|Ting-Lu|
|poke|p1|Dondozo, F|
|poke|p1|Slowking-Galar, L99, F|
|poke|p1|Cinderace, M|
|poke|p2|Iron Valiant|
|poke|p2|Dragapult, F|
|poke|p2|Glimmora, F|
|poke|p2|Ogerpon-Wellspring, F|
|poke|p2|Landorus-Therian, M|
|poke|p2|Kingambit, F|
|teampreview
|inactive|Battle timer is ON: inactive players will automatically lose when time's up. (requested by beaudiddly)
|inactive|beaudiddly has 120 seconds left.
|
|t:|1760324803
|teamsize|p1|6
|teamsize|p2|6
|start
|switch|p1a: Slowking|Slowking-Galar, L99, F|100/100
|switch|p2a: Dragapult|Dragapult, F|100/100
|turn|1
|
|t:|1760324813
|move|p2a: Dragapult|U-turn|p1a: Slowking
|-damage|p1a: Slowking|81/100
|
|t:|1760324815
|switch|p2a: Landorus|Landorus-Therian, M|100/100|[from] U-turn
|-ability|p2a: Landorus|Intimidate|boost
|-unboost|p1a: Slowking|atk|1
|move|p1a: Slowking|Toxic|p2a: Landorus
|-status|p2a: Landorus|tox
|
|-damage|p2a: Landorus|94/100 tox|[from] psn
|upkeep
|turn|2
|
|t:|1760324821
|switch|p1a: Corviknight|Corviknight, F|100/100
|-ability|p1a: Corviknight|Pressure
|move|p2a: Landorus|U-turn|p1a: Corviknight
|-resisted|p1a: Corviknight
|-damage|p1a: Corviknight|97/100
|-damage|p2a: Landorus|78/100 tox|[from] item: Rocky Helmet|[of] p1a: Corviknight
|
|t:|1760324823
|switch|p2a: Glimmora|Glimmora, F|100/100|[from] U-turn
|
|upkeep
|turn|3
|
|t:|1760324832
|move|p2a: Glimmora|Meteor Beam||[still]
|-prepare|p2a: Glimmora|Meteor Beam
|-boost|p2a: Glimmora|spa|1
|-enditem|p2a: Glimmora|Power Herb
|-anim|p2a: Glimmora|Meteor Beam|p1a: Corviknight
|-damage|p1a: Corviknight|0 fnt
|faint|p1a: Corviknight
|
|upkeep
|
|t:|1760324841
|switch|p1a: Ting-Lu|Ting-Lu|100/100
|-ability|p1a: Ting-Lu|Vessel of Ruin
|turn|4
|
|t:|1760324848
|move|p2a: Glimmora|Mortal Spin|p1a: Ting-Lu
|-resisted|p1a: Ting-Lu
|-damage|p1a: Ting-Lu|99/100
|-status|p1a: Ting-Lu|psn
|move|p1a: Ting-Lu|Earthquake|p2a: Glimmora
|-supereffective|p2a: Glimmora
|-damage|p2a: Glimmora|0 fnt
|-activate|p2a: Glimmora|ability: Toxic Debris
|-sidestart|p1: beaudiddly|move: Toxic Spikes
|faint|p2a: Glimmora
|
|-heal|p1a: Ting-Lu|100/100 psn|[from] item: Leftovers
|-damage|p1a: Ting-Lu|88/100 psn|[from] psn
|upkeep
|
|t:|1760324857
|switch|p2a: Landorus|Landorus-Therian, M|78/100 tox
|-ability|p2a: Landorus|Intimidate|boost
|-unboost|p1a: Ting-Lu|atk|1
|turn|5
|
|t:|1760324875
|switch|p1a: Slowking|Slowking-Galar, L99, F|100/100
|-sideend|p1: beaudiddly|move: Toxic Spikes|[of] p1a: Slowking
|move|p2a: Landorus|U-turn|p1a: Slowking
|-damage|p1a: Slowking|77/100
|
|t:|1760324883
|switch|p2a: Dragapult|Dragapult, F|100/100|[from] U-turn
|
|upkeep
|turn|6
|
|t:|1760324893
|switch|p1a: Ting-Lu|Ting-Lu|88/100 psn
|-ability|p1a: Ting-Lu|Vessel of Ruin
|-terastallize|p2a: Dragapult|Ghost
|move|p2a: Dragapult|Shadow Ball|p1a: Ting-Lu
|-resisted|p1a: Ting-Lu
|-damage|p1a: Ting-Lu|71/100 psn
|
|-heal|p1a: Ting-Lu|77/100 psn|[from] item: Leftovers
|-damage|p1a: Ting-Lu|65/100 psn|[from] psn
|upkeep
|turn|7
|
|t:|1760324901
|switch|p2a: Ogerpon|Ogerpon-Wellspring, F|100/100
|move|p1a: Ting-Lu|Rest|p1a: Ting-Lu
|-status|p1a: Ting-Lu|slp|[from] move: Rest
|-heal|p1a: Ting-Lu|100/100 slp|[silent]
|
|upkeep
|turn|8
|
|t:|1760324910
|switch|p1a: Dondozo|Dondozo, F|100/100
|move|p2a: Ogerpon|Play Rough|p1a: Dondozo
|-damage|p1a: Dondozo|85/100
|
|-heal|p1a: Dondozo|92/100|[from] item: Leftovers
|upkeep
|turn|9
|
|t:|1760324925
|move|p2a: Ogerpon|Horn Leech|p1a: Dondozo
|-supereffective|p1a: Dondozo
|-damage|p1a: Dondozo|53/100
|move|p1a: Dondozo|Body Press|p2a: Ogerpon
|-damage|p2a: Ogerpon|65/100
|
|-heal|p1a: Dondozo|60/100|[from] item: Leftovers
|upkeep
|turn|10
|
|t:|1760324939
|-terastallize|p1a: Dondozo|Dark
|move|p2a: Ogerpon|Horn Leech|p1a: Dondozo
|-damage|p1a: Dondozo|40/100
|-heal|p2a: Ogerpon|82/100|[from] drain|[of] p1a: Dondozo
|move|p1a: Dondozo|Curse|p1a: Dondozo
|-unboost|p1a: Dondozo|spe|1
|-boost|p1a: Dondozo|atk|1
|-boost|p1a: Dondozo|def|1
|
|-heal|p1a: Dondozo|46/100|[from] item: Leftovers
|upkeep
|turn|11
|
|t:|1760324944
|move|p2a: Ogerpon|Taunt|p1a: Dondozo
|-start|p1a: Dondozo|move: Taunt
|cant|p1a: Dondozo|move: Taunt|Rest
|
|-heal|p1a: Dondozo|52/100|[from] item: Leftovers
|upkeep
|turn|12
|
|t:|1760324948
|switch|p2a: Dragapult|Dragapult, F, tera:Ghost|100/100
|move|p1a: Dondozo|Body Press|p2a: Dragapult
|-immune|p2a: Dragapult
|
|-heal|p1a: Dondozo|58/100|[from] item: Leftovers
|upkeep
|turn|13
|
|t:|1760324952
|switch|p1a: Ting-Lu|Ting-Lu|100/100 slp
|-ability|p1a: Ting-Lu|Vessel of Ruin
|move|p2a: Dragapult|Draco Meteor|p1a: Ting-Lu
|-damage|p1a: Ting-Lu|60/100 slp
|-unboost|p2a: Dragapult|spa|2
|
|-heal|p1a: Ting-Lu|66/100 slp|[from] item: Leftovers
|upkeep
|turn|14
|
|t:|1760324958
|switch|p2a: Ogerpon|Ogerpon-Wellspring, F|82/100
|cant|p1a: Ting-Lu|slp
|move|p1a: Ting-Lu|Sleep Talk|p1a: Ting-Lu
|move|p1a: Ting-Lu|Payback|p2a: Ogerpon|[from] move: Sleep Talk
|-damage|p2a: Ogerpon|58/100
|
|-heal|p1a: Ting-Lu|73/100 slp|[from] item: Leftovers
|upkeep
|turn|15
|
|t:|1760324966
|switch|p1a: Cinderace|Cinderace, M|100/100
|move|p2a: Ogerpon|Horn Leech|p1a: Cinderace
|-resisted|p1a: Cinderace
|-crit|p1a: Cinderace
|-damage|p1a: Cinderace|60/100
|-heal|p2a: Ogerpon|82/100|[from] drain|[of] p1a: Cinderace
|
|upkeep
|turn|16
|
|t:|1760324985
|switch|p2a: Landorus|Landorus-Therian, M|78/100 tox
|-ability|p2a: Landorus|Intimidate|boost
|-unboost|p1a: Cinderace|atk|1
|move|p1a: Cinderace|Pyro Ball|p2a: Landorus
|-damage|p2a: Landorus|45/100 tox
|
|-damage|p2a: Landorus|39/100 tox|[from] psn
|upkeep
|turn|17
|
|t:|1760324992
|switch|p1a: Dondozo|Dondozo, F, tera:Dark|58/100
|move|p2a: Landorus|U-turn|p1a: Dondozo
|-supereffective|p1a: Dondozo
|-damage|p1a: Dondozo|36/100
|
|t:|1760324999
|switch|p2a: Dragapult|Dragapult, F, tera:Ghost|100/100|[from] U-turn
|
|-heal|p1a: Dondozo|42/100|[from] item: Leftovers
|upkeep
|turn|18
|
|t:|1760325004
|switch|p1a: Ting-Lu|Ting-Lu|73/100 slp
|-ability|p1a: Ting-Lu|Vessel of Ruin
|move|p2a: Dragapult|Draco Meteor|p1a: Ting-Lu
|-damage|p1a: Ting-Lu|35/100 slp
|-unboost|p2a: Dragapult|spa|2
|
|-heal|p1a: Ting-Lu|41/100 slp|[from] item: Leftovers
|upkeep
|turn|19
|
|t:|1760325011
|switch|p2a: Ogerpon|Ogerpon-Wellspring, F|82/100
|cant|p1a: Ting-Lu|slp
|move|p1a: Ting-Lu|Sleep Talk|p1a: Ting-Lu
|move|p1a: Ting-Lu|Payback|p2a: Ogerpon|[from] move: Sleep Talk
|-damage|p2a: Ogerpon|57/100
|
|-heal|p1a: Ting-Lu|47/100 slp|[from] item: Leftovers
|upkeep
|turn|20
|
|t:|1760325023
|switch|p1a: Cinderace|Cinderace, M|60/100
|move|p2a: Ogerpon|Ivy Cudgel|p1a: Cinderace|[anim] Ivy Cudgel Water
|-supereffective|p1a: Cinderace
|-damage|p1a: Cinderace|0 fnt
|faint|p1a: Cinderace
|
|upkeep
|
|t:|1760325030
|switch|p1a: Dondozo|Dondozo, F, tera:Dark|42/100
|turn|21
|
|t:|1760325035
|move|p2a: Ogerpon|Taunt|p1a: Dondozo
|-start|p1a: Dondozo|move: Taunt
|move|p1a: Dondozo|Body Press|p2a: Ogerpon
|-damage|p2a: Ogerpon|21/100
|
|-heal|p1a: Dondozo|49/100|[from] item: Leftovers
|upkeep
|turn|22
|
|t:|1760325038
|move|p2a: Ogerpon|Ivy Cudgel|p1a: Dondozo|[anim] Ivy Cudgel Water
|-damage|p1a: Dondozo|22/100
|move|p1a: Dondozo|Body Press|p2a: Ogerpon
|-damage|p2a: Ogerpon|0 fnt
|faint|p2a: Ogerpon
|
|-heal|p1a: Dondozo|28/100|[from] item: Leftovers
|upkeep
|
|t:|1760325048
|switch|p2a: Landorus|Landorus-Therian, M|39/100 tox
|-ability|p2a: Landorus|Intimidate|boost
|-unboost|p1a: Dondozo|atk|1
|turn|23
|inactive|beaudiddly has 120 seconds left.
|
|t:|1760325084
|move|p2a: Landorus|Stealth Rock|p1a: Dondozo
|-sidestart|p1: beaudiddly|move: Stealth Rock
|move|p1a: Dondozo|Waterfall|p2a: Landorus
|-supereffective|p2a: Landorus
|-damage|p2a: Landorus|2/100 tox
|-damage|p1a: Dondozo|12/100|[from] item: Rocky Helmet|[of] p2a: Landorus
|
|-heal|p1a: Dondozo|18/100|[from] item: Leftovers
|-damage|p2a: Landorus|0 fnt|[from] psn
|faint|p2a: Landorus
|-end|p1a: Dondozo|move: Taunt
|upkeep
|
|t:|1760325107
|switch|p2a: Kingambit|Kingambit, F|100/100
|-activate|p2a: Kingambit|ability: Supreme Overlord
|-start|p2a: Kingambit|fallen3|[silent]
|turn|24
|
|t:|1760325114
|move|p2a: Kingambit|Iron Head|p1a: Dondozo
|-damage|p1a: Dondozo|0 fnt
|faint|p1a: Dondozo
|
|upkeep
|inactive|beaudiddly has 120 seconds left.
|
|t:|1760325134
|switch|p1a: Ting-Lu|Ting-Lu|47/100 slp
|-damage|p1a: Ting-Lu|41/100 slp|[from] Stealth Rock
|-ability|p1a: Ting-Lu|Vessel of Ruin
|turn|25
|
|t:|1760325138
|move|p2a: Kingambit|Swords Dance|p2a: Kingambit
|-boost|p2a: Kingambit|atk|2
|-curestatus|p1a: Ting-Lu|slp|[msg]
|move|p1a: Ting-Lu|Earthquake|p2a: Kingambit
|-supereffective|p2a: Kingambit
|-damage|p2a: Kingambit|45/100
|
|-heal|p2a: Kingambit|51/100|[from] item: Leftovers
|-heal|p1a: Ting-Lu|47/100|[from] item: Leftovers
|upkeep
|turn|26
|inactive|beaudiddly has 120 seconds left.
|
|t:|1760325160
|move|p2a: Kingambit|Iron Head|p1a: Ting-Lu
|-damage|p1a: Ting-Lu|0 fnt
|faint|p1a: Ting-Lu
|
|-heal|p2a: Kingambit|58/100|[from] item: Leftovers
|upkeep
|
|t:|1760325162
|switch|p1a: Kyurem|Kyurem|100/100
|-damage|p1a: Kyurem|76/100|[from] Stealth Rock
|-ability|p1a: Kyurem|Pressure
|turn|27
|
|t:|1760325170
|move|p1a: Kyurem|Substitute|p1a: Kyurem
|-start|p1a: Kyurem|Substitute
|-damage|p1a: Kyurem|51/100
|move|p2a: Kingambit|Iron Head|p1a: Kyurem
|-supereffective|p1a: Kyurem
|-end|p1a: Kyurem|Substitute
|
|-heal|p1a: Kyurem|57/100|[from] item: Leftovers
|-heal|p2a: Kingambit|64/100|[from] item: Leftovers
|upkeep
|turn|28
|
|t:|1760325173
|move|p1a: Kyurem|Earth Power|p2a: Kingambit
|-supereffective|p2a: Kingambit
|-damage|p2a: Kingambit|4/100
|move|p2a: Kingambit|Iron Head|p1a: Kyurem
|-supereffective|p1a: Kyurem
|-damage|p1a: Kyurem|0 fnt
|faint|p1a: Kyurem
|
|-heal|p2a: Kingambit|10/100|[from] item: Leftovers
|upkeep
|-message|beaudiddly forfeited.
|
|win|Christendom
|raw|beaudiddly's rating: 1549 &rarr; <strong>1531</strong><br />(-18 for losing)
|raw|Christendom's rating: 1590 &rarr; <strong>1608</strong><br />(+18 for winning)
|l|☆beaudiddly
|player|p1|
