|j|☆CodeNumber_X
|j|☆Fluitzzerg
|t:|1760432252
|gametype|singles
|player|p1|CodeNumber_X|102|1493
|player|p2|Fluitzzerg|battlegirl|1474
|gen|9
|tier|[Gen 9] OU
|rated|
|rule|HP Percentage Mod: HP is shown in percentages
|rule|Endless Battle Clause: Forcing endless battles is banned
|rule|Species Clause: Limit one of each Pokémon
|rule|OHKO Clause: OHKO moves are banned
|rule|Evasion Items Clause: Evasion items are banned
|rule|Evasion Moves Clause: Evasion moves are banned
|rule|Evasion Abilities Clause: Evasion abilities are banned
|rule|Sleep Moves Clause: Sleep-inducing moves are banned
|clearpoke
|poke|p1|Garchomp, M|
|poke|p1|Iron Moth|
|poke|p1|Hoopa-Unbound|
|poke|p1|Rotom-Wash|
|poke|p1|Corviknight, M|
|poke|p1|Clodsire, M|
|poke|p2|Blastoise, F|
|poke|p2|Weavile, M|
|poke|p2|Dragapult, F|
|poke|p2|Clodsire, F|
|poke|p2|Talonflame, F|
|poke|p2|Landorus-Therian, M|
|teampreview
|inactive|Battle timer is ON: inactive players will automatically lose when time's up. (requested by CodeNumber_X)
|
|t:|1760432272
|teamsize|p1|6
|teamsize|p2|6
|start
|switch|p1a: Rotom|Rotom-Wash|100/100
|switch|p2a: Dragapult|Dragapult, F|100/100
|turn|1
|
|t:|1760432280
|switch|p2a: Talonflame|Talonflame, F|100/100
|move|p1a: Rotom|Will-O-Wisp|p2a: Talonflame
|-immune|p2a: Talonflame
|
|upkeep
|turn|2
|
|t:|1760432286
|move|p2a: Talonflame|U-turn|p1a: Rotom
|-damage|p1a: Rotom|91/100
|
|t:|1760432290
|switch|p2a: Dragapult|Dragapult, F|100/100|[from] U-turn
|move|p1a: Rotom|Volt Switch|p2a: Dragapult
|-resisted|p2a: Dragapult
|-damage|p2a: Dragapult|83/100
|
|t:|1760432295
|switch|p1a: Hoopa|Hoopa-Unbound|100/100|[from] Volt Switch
|
|upkeep
|turn|3
|
|t:|1760432300
|switch|p2a: Landorus|Landorus-Therian, M|100/100
|-ability|p2a: Landorus|Intimidate|boost
|-unboost|p1a: Hoopa|atk|1
|move|p1a: Hoopa|Hyperspace Fury|p2a: Landorus
|-damage|p2a: Landorus|50/100
|-unboost|p1a: Hoopa|def|1
|
|upkeep
|turn|4
|
|t:|1760432308
|move|p1a: Hoopa|Hyperspace Fury|p2a: Landorus
|-damage|p2a: Landorus|5/100
|-unboost|p1a: Hoopa|def|1
|move|p2a: Landorus|U-turn|p1a: Hoopa
|-supereffective|p1a: Hoopa
|-damage|p1a: Hoopa|0 fnt
|faint|p1a: Hoopa
|
|t:|1760432313
|switch|p2a: Weavile|Weavile, M|100/100|[from] U-turn
|-ability|p2a: Weavile|Pressure
|
|upkeep
|
|t:|1760432317
|switch|p1a: Corviknight|Corviknight, M|100/100
|turn|5
|
|t:|1760432323
|switch|p2a: Landorus|Landorus-Therian, M|5/100
|-ability|p2a: Landorus|Intimidate|boost
|-ability|p1a: Corviknight|Mirror Armor
|-unboost|p2a: Landorus|atk|1
|switch|p1a: Rotom|Rotom-Wash|91/100
|
|-heal|p1a: Rotom|97/100|[from] item: Leftovers
|upkeep
|turn|6
|
|t:|1760432333
|move|p2a: Landorus|Stealth Rock|p1a: Rotom
|-sidestart|p1: CodeNumber_X|move: Stealth Rock
|move|p1a: Rotom|Hydro Pump|p2a: Landorus
|-supereffective|p2a: Landorus
|-damage|p2a: Landorus|0 fnt
|faint|p2a: Landorus
|
|-heal|p1a: Rotom|100/100|[from] item: Leftovers
|upkeep
|
|t:|1760432337
|switch|p2a: Weavile|Weavile, M|100/100
|-ability|p2a: Weavile|Pressure
|turn|7
|
|t:|1760432344
|move|p2a: Weavile|Knock Off|p1a: Rotom
|-damage|p1a: Rotom|62/100
|-enditem|p1a: Rotom|Leftovers|[from] move: Knock Off|[of] p2a: Weavile
|move|p1a: Rotom|Will-O-Wisp|p2a: Weavile
|-status|p2a: Weavile|brn
|
|-damage|p2a: Weavile|94/100 brn|[from] brn
|upkeep
|turn|8
|
|t:|1760432347
|move|p2a: Weavile|Swords Dance|p2a: Weavile
|-boost|p2a: Weavile|atk|2
|move|p1a: Rotom|Pain Split|p2a: Weavile
|-sethp|p2a: Weavile|81/100 brn|[from] move: Pain Split|[silent]
|-sethp|p1a: Rotom|75/100|[from] move: Pain Split
|
|-damage|p2a: Weavile|75/100 brn|[from] brn
|upkeep
|turn|9
|
|t:|1760432350
|move|p2a: Weavile|Knock Off|p1a: Rotom
|-damage|p1a: Rotom|50/100
|move|p1a: Rotom|Hydro Pump|p2a: Weavile
|-damage|p2a: Weavile|21/100 brn
|
|-damage|p2a: Weavile|15/100 brn|[from] brn
|upkeep
|turn|10
|
|t:|1760432353
|move|p2a: Weavile|Knock Off|p1a: Rotom
|-damage|p1a: Rotom|26/100
|move|p1a: Rotom|Volt Switch|p2a: Weavile
|-damage|p2a: Weavile|0 fnt
|faint|p2a: Weavile
|
|t:|1760432358
|switch|p1a: Corviknight|Corviknight, M|100/100|[from] Volt Switch
|-damage|p1a: Corviknight|88/100|[from] Stealth Rock
|
|-heal|p1a: Corviknight|94/100|[from] item: Leftovers
|upkeep
|
|t:|1760432361
|switch|p2a: Talonflame|Talonflame, F|100/100
|turn|11
|
|t:|1760432365
|switch|p1a: Clodsire|Clodsire, M|100/100
|-damage|p1a: Clodsire|94/100|[from] Stealth Rock
|move|p2a: Talonflame|Fire Blast|p1a: Clodsire|[miss]
|-miss|p2a: Talonflame|p1a: Clodsire
|
|-heal|p1a: Clodsire|100/100|[from] item: Leftovers
|upkeep
|turn|12
|
|t:|1760432374
|move|p2a: Talonflame|U-turn|p1a: Clodsire
|-resisted|p1a: Clodsire
|-damage|p1a: Clodsire|94/100
|
|t:|1760432378
|switch|p2a: Clodsire|Clodsire, F|100/100|[from] U-turn
|move|p1a: Clodsire|Earthquake|p2a: Clodsire
|-supereffective|p2a: Clodsire
|-damage|p2a: Clodsire|59/100
|
|-heal|p2a: Clodsire|65/100|[from] item: Black Sludge
|-heal|p1a: Clodsire|99/100|[from] item: Leftovers
|upkeep
|turn|13
|
|t:|1760432390
|switch|p1a: Corviknight|Corviknight, M|94/100
|-damage|p1a: Corviknight|82/100|[from] Stealth Rock
|move|p2a: Clodsire|Recover|p2a: Clodsire
|-heal|p2a: Clodsire|100/100
|
|-heal|p1a: Corviknight|88/100|[from] item: Leftovers
|upkeep
|turn|14
|
|t:|1760432397
|switch|p2a: Talonflame|Talonflame, F|100/100
|move|p1a: Corviknight|Defog|p2a: Talonflame
|-unboost|p2a: Talonflame|evasion|1
|-sideend|p1: CodeNumber_X|Stealth Rock|[from] move: Defog|[of] p1a: Corviknight
|
|-heal|p1a: Corviknight|94/100|[from] item: Leftovers
|upkeep
|turn|15
|
|t:|1760432406
|switch|p1a: Clodsire|Clodsire, M|99/100
|move|p2a: Talonflame|U-turn|p1a: Clodsire
|-resisted|p1a: Clodsire
|-damage|p1a: Clodsire|93/100
|
|t:|1760432408
|switch|p2a: Blastoise|Blastoise, F|100/100|[from] U-turn
|
|-heal|p1a: Clodsire|99/100|[from] item: Leftovers
|upkeep
|turn|16
|
|t:|1760432412
|move|p2a: Blastoise|Shell Smash|p2a: Blastoise
|-unboost|p2a: Blastoise|def|1
|-unboost|p2a: Blastoise|spd|1
|-boost|p2a: Blastoise|atk|2
|-boost|p2a: Blastoise|spa|2
|-boost|p2a: Blastoise|spe|2
|-enditem|p2a: Blastoise|White Herb
|-clearnegativeboost|p2a: Blastoise|[silent]
|move|p1a: Clodsire|Toxic|p2a: Blastoise
|-status|p2a: Blastoise|tox
|
|-heal|p1a: Clodsire|100/100|[from] item: Leftovers
|-damage|p2a: Blastoise|94/100 tox|[from] psn
|upkeep
|turn|17
|
|t:|1760432420
|move|p2a: Blastoise|Ice Beam|p1a: Clodsire
|-supereffective|p1a: Clodsire
|-damage|p1a: Clodsire|73/100
|move|p1a: Clodsire|Recover|p1a: Clodsire
|-heal|p1a: Clodsire|100/100
|
|-damage|p2a: Blastoise|82/100 tox|[from] psn
|upkeep
|turn|18
|
|t:|1760432424
|switch|p2a: Clodsire|Clodsire, F|100/100
|move|p1a: Clodsire|Stealth Rock|p2a: Clodsire
|-sidestart|p2: Fluitzzerg|move: Stealth Rock
|
|upkeep
|turn|19
|
|t:|1760432429
|switch|p1a: Garchomp|Garchomp, M|100/100
|move|p2a: Clodsire|Earthquake|p1a: Garchomp
|-damage|p1a: Garchomp|74/100
|
|upkeep
|turn|20
|
|t:|1760432436
|move|p1a: Garchomp|Swords Dance|p1a: Garchomp
|-boost|p1a: Garchomp|atk|2
|move|p2a: Clodsire|Counter||[still]
|-fail|p2a: Clodsire
|
|upkeep
|turn|21
|l|☆Fluitzzerg
|inactive|Fluitzzerg disconnected and has a minute to reconnect!
|player|p2|
|inactive|Fluitzzerg has 30 seconds to reconnect!
|inactive|Fluitzzerg has 20 seconds to reconnect!
|inactive|Fluitzzerg has 15 seconds to reconnect!
|inactive|Fluitzzerg has 10 seconds to reconnect!
|inactive|Fluitzzerg has 5 seconds to reconnect!
|-message|Fluitzzerg lost due to inactivity.
|
|win|CodeNumber_X
|raw|CodeNumber_X's rating: 1493 &rarr; <strong>1512</strong><br />(+19 for winning)
|raw|Fluitzzerg's rating: 1474 &rarr; <strong>1455</strong><br />(-19 for losing)
