|j|☆Joshiboy10
|j|☆Olakepaza
|t:|1760347384
|gametype|singles
|player|p1|Joshiboy10|ethan|1132
|player|p2|Olakepaza|266|1112
|gen|9
|tier|[Gen 9] OU
|rated|
|rule|HP Percentage Mod: HP is shown in percentages
|rule|Endless Battle Clause: Forcing endless battles is banned
|rule|Species Clause: Limit one of each Pokémon
|rule|OHKO Clause: OHKO moves are banned
|rule|Evasion Items Clause: Evasion items are banned
|rule|Evasion Moves Clause: Evasion moves are banned
|rule|Evasion Abilities Clause: Evasion abilities are banned
|rule|Sleep Moves Clause: Sleep-inducing moves are banned
|clearpoke
|poke|p1|Greninja-*, M|
|poke|p1|Reuniclus, M|
|poke|p1|Ampharos, F|
|poke|p1|Talonflame, M|
|poke|p1|Noivern, M|
|poke|p1|Garchomp, F|
|poke|p2|Corviknight, M|
|poke|p2|Clodsire, M|
|poke|p2|Ceruledge, M|
|poke|p2|Araquanid, M|
|poke|p2|Iron Valiant|
|poke|p2|Hippowdon, M|
|teampreview
|inactive|Battle timer is ON: inactive players will automatically lose when time's up. (requested by Olakepaza)
|
|t:|1760347402
|teamsize|p1|6
|teamsize|p2|6
|start
|switch|p1a: Phoenix|Talonflame, M|100/100
|switch|p2a: Araquanid|Araquanid, M, shiny|100/100
|turn|1
|
|t:|1760347413
|-terastallize|p2a: Araquanid|Water
|move|p1a: Phoenix|Brave Bird|p2a: Araquanid
|-damage|p2a: Araquanid|39/100
|-damage|p1a: Phoenix|82/100|[from] Recoil
|move|p2a: Araquanid|Aqua Ring|p2a: Araquanid
|-start|p2a: Araquanid|Aqua Ring
|
|-heal|p2a: Araquanid|45/100|[from] Aqua Ring
|upkeep
|turn|2
|
|t:|1760347428
|switch|p2a: Hippowdon|Hippowdon, M, shiny|100/100
|-weather|Sandstorm|[from] ability: Sand Stream|[of] p2a: Hippowdon
|move|p1a: Phoenix|Brave Bird|p2a: Hippowdon
|-damage|p2a: Hippowdon|75/100
|-damage|p1a: Phoenix|70/100|[from] Recoil
|
|-weather|Sandstorm|[upkeep]
|-damage|p1a: Phoenix|64/100|[from] Sandstorm
|-heal|p2a: Hippowdon|81/100|[from] item: Leftovers
|upkeep
|turn|3
|
|t:|1760347443
|move|p1a: Phoenix|U-turn|p2a: Hippowdon
|-damage|p2a: Hippowdon|73/100
|
|t:|1760347449
|switch|p1a: Froaks|Greninja, M|100/100|[from] U-turn
|move|p2a: Hippowdon|Stealth Rock|p1a: Froaks
|-sidestart|p1: Joshiboy10|move: Stealth Rock
|
|-weather|Sandstorm|[upkeep]
|-damage|p1a: Froaks|95/100|[from] Sandstorm
|-heal|p2a: Hippowdon|79/100|[from] item: Leftovers
|upkeep
|turn|4
|
|t:|1760347465
|switch|p2a: Clodsire|Clodsire, M, shiny|100/100
|move|p1a: Froaks|Surf|p2a: Clodsire
|-start|p1a: Froaks|typechange|Water|[from] ability: Protean
|-immune|p2a: Clodsire|[from] ability: Water Absorb
|
|-weather|Sandstorm|[upkeep]
|-damage|p1a: Froaks|89/100|[from] Sandstorm
|upkeep
|turn|5
|
|t:|1760347480
|switch|p1a: Batman|Noivern, M|100/100
|-damage|p1a: Batman|76/100|[from] Stealth Rock
|move|p2a: Clodsire|Gunk Shot|p1a: Batman
|-damage|p1a: Batman|28/100
|-status|p1a: Batman|psn
|
|-weather|Sandstorm|[upkeep]
|-damage|p1a: Batman|22/100 psn|[from] Sandstorm
|-damage|p1a: Batman|10/100 psn|[from] psn
|upkeep
|turn|6
|
|t:|1760347492
|move|p1a: Batman|Draco Meteor|p2a: Clodsire
|-damage|p2a: Clodsire|65/100
|-unboost|p1a: Batman|spa|2
|-damage|p1a: Batman|0 fnt|[from] item: Life Orb
|faint|p1a: Batman
|move|p2a: Clodsire|Recover|p2a: Clodsire
|-heal|p2a: Clodsire|100/100
|
|-weather|none
|upkeep
|
|t:|1760347508
|switch|p1a: Booger|Reuniclus, M|100/100
|-damage|p1a: Booger|88/100|[from] Stealth Rock
|turn|7
|
|t:|1760347523
|switch|p2a: Corviknight|Corviknight, M, shiny|100/100
|-ability|p2a: Corviknight|Pressure
|move|p1a: Booger|Trick Room|p1a: Booger
|-fieldstart|move: Trick Room|[of] p1a: Booger
|
|upkeep
|turn|8
|
|t:|1760347539
|move|p1a: Booger|Shadow Ball|p2a: Corviknight
|-damage|p2a: Corviknight|61/100
|-unboost|p2a: Corviknight|spd|1
|-damage|p1a: Booger|78/100|[from] item: Life Orb
|move|p2a: Corviknight|U-turn|p1a: Booger
|-supereffective|p1a: Booger
|-damage|p1a: Booger|48/100
|
|t:|1760347547
|switch|p2a: Hippowdon|Hippowdon, M, shiny|79/100|[from] U-turn
|-weather|Sandstorm|[from] ability: Sand Stream|[of] p2a: Hippowdon
|
|-weather|Sandstorm|[upkeep]
|-heal|p2a: Hippowdon|85/100|[from] item: Leftovers
|upkeep
|turn|9
|
|t:|1760347564
|move|p1a: Booger|Psychic|p2a: Hippowdon
|-damage|p2a: Hippowdon|15/100
|-damage|p1a: Booger|38/100|[from] item: Life Orb
|move|p2a: Hippowdon|Rock Slide|p1a: Booger
|-damage|p1a: Booger|20/100
|
|-weather|Sandstorm|[upkeep]
|-heal|p2a: Hippowdon|21/100|[from] item: Leftovers
|upkeep
|turn|10
|
|t:|1760347579
|move|p1a: Booger|Psychic|p2a: Hippowdon
|-damage|p2a: Hippowdon|0 fnt
|faint|p2a: Hippowdon
|-damage|p1a: Booger|10/100|[from] item: Life Orb
|
|-weather|Sandstorm|[upkeep]
|upkeep
|
|t:|1760347586
|switch|p2a: Clodsire|Clodsire, M, shiny|100/100
|turn|11
|
|t:|1760347595
|move|p2a: Clodsire|Earthquake|p1a: Booger
|-damage|p1a: Booger|0 fnt
|faint|p1a: Booger
|
|-weather|Sandstorm|[upkeep]
|-fieldend|move: Trick Room
|upkeep
|
|t:|1760347610
|switch|p1a: Atom-Bomb|Garchomp, F|100/100
|-damage|p1a: Atom-Bomb|94/100|[from] Stealth Rock
|turn|12
|
|t:|1760347617
|move|p1a: Atom-Bomb|Earthquake|p2a: Clodsire
|-supereffective|p2a: Clodsire
|-crit|p2a: Clodsire
|-damage|p2a: Clodsire|0 fnt
|faint|p2a: Clodsire
|
|-weather|none
|upkeep
|
|t:|1760347626
|switch|p2a: Iron Valiant|Iron Valiant, shiny|100/100
|turn|13
|
|t:|1760347635
|switch|p1a: Phoenix|Talonflame, M|64/100
|move|p2a: Iron Valiant|Moonblast|p1a: Phoenix
|-resisted|p1a: Phoenix
|-damage|p1a: Phoenix|6/100
|-unboost|p1a: Phoenix|spa|1
|
|upkeep
|turn|14
|
|t:|1760347644
|-end|p2a: Iron Valiant|Quark Drive|[silent]
|switch|p2a: Ceruledge|Ceruledge, M, shiny|100/100
|move|p1a: Phoenix|Brave Bird|p2a: Ceruledge
|-damage|p2a: Ceruledge|31/100
|-ability|p2a: Ceruledge|Weak Armor|boost
|-unboost|p2a: Ceruledge|def|1
|-boost|p2a: Ceruledge|spe|2
|-damage|p1a: Phoenix|0 fnt|[from] Recoil
|faint|p1a: Phoenix
|
|upkeep
|
|t:|1760347657
|switch|p1a: Atom-Bomb|Garchomp, F|94/100
|-damage|p1a: Atom-Bomb|88/100|[from] Stealth Rock
|turn|15
|inactive|Olakepaza has 120 seconds left.
|
|t:|1760347693
|move|p2a: Ceruledge|Shadow Claw|p1a: Atom-Bomb
|-damage|p1a: Atom-Bomb|40/100
|-damage|p2a: Ceruledge|18/100|[from] ability: Rough Skin|[of] p1a: Atom-Bomb
|-damage|p2a: Ceruledge|2/100|[from] item: Rocky Helmet|[of] p1a: Atom-Bomb
|-damage|p2a: Ceruledge|0 fnt|[from] item: Life Orb
|faint|p2a: Ceruledge
|move|p1a: Atom-Bomb|Earthquake|p2: Ceruledge|[notarget]
|-fail|p1a: Atom-Bomb
|
|upkeep
|
|t:|1760347708
|switch|p2a: Iron Valiant|Iron Valiant, shiny|100/100
|turn|16
|
|t:|1760347725
|-terastallize|p1a: Atom-Bomb|Steel
|move|p2a: Iron Valiant|Moonblast|p1a: Atom-Bomb
|-resisted|p1a: Atom-Bomb
|-damage|p1a: Atom-Bomb|2/100
|-unboost|p1a: Atom-Bomb|spa|1
|move|p1a: Atom-Bomb|Earthquake|p2a: Iron Valiant
|-damage|p2a: Iron Valiant|29/100
|
|upkeep
|turn|17
|
|t:|1760347739
|move|p2a: Iron Valiant|Moonblast|p1a: Atom-Bomb
|-resisted|p1a: Atom-Bomb
|-damage|p1a: Atom-Bomb|0 fnt
|faint|p1a: Atom-Bomb
|
|upkeep
|
|t:|1760347749
|switch|p1a: Cleopatra|Ampharos, F|100/100
|-damage|p1a: Cleopatra|88/100|[from] Stealth Rock
|turn|18
|
|t:|1760347759
|move|p2a: Iron Valiant|Moonblast|p1a: Cleopatra
|-damage|p1a: Cleopatra|23/100
|move|p1a: Cleopatra|Thunderbolt|p2a: Iron Valiant
|-damage|p2a: Iron Valiant|0 fnt
|faint|p2a: Iron Valiant
|-end|p2a: Iron Valiant|Quark Drive|[silent]
|
|-heal|p1a: Cleopatra|29/100|[from] item: Leftovers
|upkeep
|
|t:|1760347768
|switch|p2a: Corviknight|Corviknight, M, shiny|61/100
|-ability|p2a: Corviknight|Pressure
|turn|19
|inactive|Olakepaza has 120 seconds left.
|
|t:|1760347774
|move|p2a: Corviknight|Brave Bird|p1a: Cleopatra
|-resisted|p1a: Cleopatra
|-damage|p1a: Cleopatra|10/100
|-damage|p2a: Corviknight|55/100|[from] Recoil
|move|p1a: Cleopatra|Rest|p1a: Cleopatra
|-status|p1a: Cleopatra|slp|[from] move: Rest
|-heal|p1a: Cleopatra|100/100 slp|[silent]
|
|upkeep
|turn|20
|inactive|Olakepaza has 120 seconds left.
|-message|Olakepaza forfeited.
|
|win|Joshiboy10
|raw|Joshiboy10's rating: 1132 &rarr; <strong>1156</strong><br />(+24 for winning)
|raw|Olakepaza's rating: 1112 &rarr; <strong>1088</strong><br />(-24 for losing)
|l|☆Olakepaza
|player|p2|
|l|☆Joshiboy10
|player|p1|
