|j|☆liangCRKO
|j|‽cithor
|t:|1760433290
|gametype|singles
|player|p1|liangCRKO|102|1483
|player|p2|cithor|brendan|1559
|gen|9
|tier|[Gen 9] OU
|rated|
|rule|HP Percentage Mod: HP is shown in percentages
|rule|Endless Battle Clause: Forcing endless battles is banned
|rule|Species Clause: Limit one of each Pokémon
|rule|OHKO Clause: OHKO moves are banned
|rule|Evasion Items Clause: Evasion items are banned
|rule|Evasion Moves Clause: Evasion moves are banned
|rule|Evasion Abilities Clause: Evasion abilities are banned
|rule|Sleep Moves Clause: Sleep-inducing moves are banned
|clearpoke
|poke|p1|Ogerpon-Wellspring, F|
|poke|p1|Zamazenta-*|
|poke|p1|Moltres|
|poke|p1|Iron Treads|
|poke|p1|Pecharunt|
|poke|p1|Kingambit, M|
|poke|p2|Great Tusk|
|poke|p2|Garganacl, F|
|poke|p2|Dragapult, M|
|poke|p2|Zapdos|
|poke|p2|Iron Crown|
|poke|p2|Ogerpon-Wellspring, F|
|teampreview
|inactive|Battle timer is ON: inactive players will automatically lose when time's up. (requested by liangCRKO)
|
|t:|1760433330
|teamsize|p1|6
|teamsize|p2|6
|start
|switch|p1a: Ogerpon|Ogerpon-Wellspring, F|100/100
|switch|p2a: Zapdos|Zapdos|100/100
|turn|1
|
|t:|1760433339
|switch|p1a: Iron Treads|Iron Treads|100/100
|move|p2a: Zapdos|Thunder Wave|p1a: Iron Treads
|-immune|p1a: Iron Treads
|
|upkeep
|turn|2
|
|t:|1760433348
|switch|p2a: Ogerpon|Ogerpon-Wellspring, F|100/100
|move|p1a: Iron Treads|Stealth Rock|p2a: Ogerpon
|-sidestart|p2: cithor|move: Stealth Rock
|
|upkeep
|turn|3
|
|t:|1760433356
|-end|p1a: Iron Treads|Quark Drive|[silent]
|switch|p1a: Pecharunt|Pecharunt|100/100
|move|p2a: Ogerpon|Power Whip|p1a: Pecharunt|[miss]
|-miss|p2a: Ogerpon|p1a: Pecharunt
|
|upkeep
|turn|4
|
|t:|1760433366
|switch|p2a: Garganacl|Garganacl, F|100/100
|-damage|p2a: Garganacl|88/100|[from] Stealth Rock
|move|p1a: Pecharunt|Parting Shot|p2a: Garganacl
|-unboost|p2a: Garganacl|atk|1
|-unboost|p2a: Garganacl|spa|1
|
|t:|1760433373
|switch|p1a: Ogerpon|Ogerpon-Wellspring, F|100/100|[from] Parting Shot
|
|-heal|p2a: Garganacl|94/100|[from] item: Leftovers
|upkeep
|turn|5
|
|t:|1760433394
|-terastallize|p2a: Garganacl|Water
|move|p1a: Ogerpon|U-turn|p2a: Garganacl
|-damage|p2a: Garganacl|77/100
|
|t:|1760433401
|switch|p1a: Iron Treads|Iron Treads|100/100|[from] U-turn
|move|p2a: Garganacl|Salt Cure|p1a: Iron Treads
|-resisted|p1a: Iron Treads
|-damage|p1a: Iron Treads|99/100
|-start|p1a: Iron Treads|Salt Cure
|
|-heal|p2a: Garganacl|83/100|[from] item: Leftovers
|-damage|p1a: Iron Treads|74/100|[from] Salt Cure
|upkeep
|turn|6
|
|t:|1760433424
|-end|p1a: Iron Treads|Quark Drive|[silent]
|switch|p1a: Pecharunt|Pecharunt|100/100
|move|p2a: Garganacl|Stealth Rock|p1a: Pecharunt
|-sidestart|p1: liangCRKO|move: Stealth Rock
|
|-heal|p2a: Garganacl|89/100|[from] item: Leftovers
|upkeep
|turn|7
|
|t:|1760433435
|move|p1a: Pecharunt|Malignant Chain|p2a: Garganacl
|-damage|p2a: Garganacl|67/100
|move|p2a: Garganacl|Salt Cure|p1a: Pecharunt
|-damage|p1a: Pecharunt|96/100
|-start|p1a: Pecharunt|Salt Cure
|
|-heal|p1a: Pecharunt|100/100|[from] item: Leftovers
|-heal|p2a: Garganacl|73/100|[from] item: Leftovers
|-damage|p1a: Pecharunt|88/100|[from] Salt Cure
|upkeep
|turn|8
|
|t:|1760433447
|move|p1a: Pecharunt|Shadow Ball|p2a: Garganacl
|-damage|p2a: Garganacl|65/100
|move|p2a: Garganacl|Salt Cure|p1a: Pecharunt
|-damage|p1a: Pecharunt|84/100
|
|-heal|p1a: Pecharunt|90/100|[from] item: Leftovers
|-heal|p2a: Garganacl|71/100|[from] item: Leftovers
|-damage|p1a: Pecharunt|78/100|[from] Salt Cure
|upkeep
|turn|9
|
|t:|1760433459
|move|p1a: Pecharunt|Parting Shot|p2a: Garganacl
|-unboost|p2a: Garganacl|atk|1
|-unboost|p2a: Garganacl|spa|1
|inactive|liangCRKO has 120 seconds left.
|
|t:|1760433488
|switch|p1a: Kingambit|Kingambit, M|100/100|[from] Parting Shot
|-damage|p1a: Kingambit|94/100|[from] Stealth Rock
|move|p2a: Garganacl|Salt Cure|p1a: Kingambit
|-resisted|p1a: Kingambit
|-damage|p1a: Kingambit|92/100
|-start|p1a: Kingambit|Salt Cure
|
|-heal|p1a: Kingambit|98/100|[from] item: Leftovers
|-heal|p2a: Garganacl|77/100|[from] item: Leftovers
|-damage|p1a: Kingambit|73/100|[from] Salt Cure
|upkeep
|turn|10
|inactive|liangCRKO has 120 seconds left.
|inactive|cithor has 120 seconds left.
|
|t:|1760433519
|-end|p1a: Kingambit|fallenundefined|[silent]
|switch|p1a: Moltres|Moltres|100/100
|switch|p2a: Great Tusk|Great Tusk|100/100
|
|upkeep
|turn|11
|
|t:|1760433529
|-end|p2a: Great Tusk|Protosynthesis|[silent]
|switch|p2a: Zapdos|Zapdos|100/100
|move|p1a: Moltres|Hurricane|p2a: Zapdos|[miss]
|-miss|p1a: Moltres|p2a: Zapdos
|
|upkeep
|turn|12
|
|t:|1760433540
|switch|p2a: Great Tusk|Great Tusk|100/100
|switch|p1a: Iron Treads|Iron Treads|74/100
|-damage|p1a: Iron Treads|71/100|[from] Stealth Rock
|
|upkeep
|turn|13
|
|t:|1760433551
|-end|p1a: Iron Treads|Quark Drive|[silent]
|switch|p1a: Moltres|Moltres|100/100
|move|p2a: Great Tusk|Rapid Spin|p1a: Moltres
|-crit|p1a: Moltres
|-damage|p1a: Moltres|81/100
|-boost|p2a: Great Tusk|spe|1
|-sideend|p2: cithor|Stealth Rock|[from] move: Rapid Spin|[of] p2a: Great Tusk
|
|upkeep
|turn|14
|
|t:|1760433559
|-end|p2a: Great Tusk|Protosynthesis|[silent]
|switch|p2a: Garganacl|Garganacl, F, tera:Water|77/100
|move|p1a: Moltres|U-turn|p2a: Garganacl
|-damage|p2a: Garganacl|68/100
|
|t:|1760433565
|switch|p1a: Ogerpon|Ogerpon-Wellspring, F|100/100|[from] U-turn
|-damage|p1a: Ogerpon|88/100|[from] Stealth Rock
|
|-heal|p2a: Garganacl|74/100|[from] item: Leftovers
|upkeep
|turn|15
|
|t:|1760433573
|switch|p2a: Zapdos|Zapdos|100/100
|move|p1a: Ogerpon|Horn Leech|p2a: Zapdos
|-resisted|p2a: Zapdos
|-damage|p2a: Zapdos|84/100
|-heal|p1a: Ogerpon|99/100|[from] drain|[of] p2a: Zapdos
|
|upkeep
|turn|16
|
|t:|1760433580
|switch|p1a: Iron Treads|Iron Treads|71/100
|-damage|p1a: Iron Treads|68/100|[from] Stealth Rock
|move|p2a: Zapdos|Thunder Wave|p1a: Iron Treads
|-immune|p1a: Iron Treads
|
|upkeep
|turn|17
|
|t:|1760433590
|switch|p2a: Ogerpon|Ogerpon-Wellspring, F|100/100
|move|p1a: Iron Treads|Ice Spinner|p2a: Ogerpon
|-damage|p2a: Ogerpon|72/100
|
|upkeep
|turn|18
|
|t:|1760433598
|-end|p1a: Iron Treads|Quark Drive|[silent]
|switch|p1a: Moltres|Moltres|81/100
|move|p2a: Ogerpon|Knock Off|p1a: Moltres
|-damage|p1a: Moltres|56/100
|-status|p2a: Ogerpon|brn|[from] ability: Flame Body|[of] p1a: Moltres
|-enditem|p1a: Moltres|Heavy-Duty Boots|[from] move: Knock Off|[of] p2a: Ogerpon
|
|-damage|p2a: Ogerpon|66/100 brn|[from] brn
|upkeep
|turn|19
|
|t:|1760433609
|switch|p2a: Garganacl|Garganacl, F, tera:Water|74/100
|switch|p1a: Pecharunt|Pecharunt|78/100
|-damage|p1a: Pecharunt|65/100|[from] Stealth Rock
|
|-heal|p1a: Pecharunt|71/100|[from] item: Leftovers
|-heal|p2a: Garganacl|80/100|[from] item: Leftovers
|upkeep
|turn|20
|
|t:|1760433620
|move|p1a: Pecharunt|Malignant Chain|p2a: Garganacl
|-damage|p2a: Garganacl|59/100
|move|p2a: Garganacl|Salt Cure|p1a: Pecharunt
|-damage|p1a: Pecharunt|64/100
|-start|p1a: Pecharunt|Salt Cure
|
|-heal|p1a: Pecharunt|70/100|[from] item: Leftovers
|-heal|p2a: Garganacl|66/100|[from] item: Leftovers
|-damage|p1a: Pecharunt|58/100|[from] Salt Cure
|upkeep
|turn|21
|
|t:|1760433631
|move|p1a: Pecharunt|Recover|p1a: Pecharunt
|-heal|p1a: Pecharunt|100/100
|move|p2a: Garganacl|Recover|p2a: Garganacl
|-heal|p2a: Garganacl|100/100
|
|-damage|p1a: Pecharunt|88/100|[from] Salt Cure
|upkeep
|turn|22
|
|t:|1760433639
|move|p2a: Garganacl|Protect|p2a: Garganacl
|-singleturn|p2a: Garganacl|Protect
|move|p1a: Pecharunt|Shadow Ball|p2a: Garganacl
|-activate|p2a: Garganacl|move: Protect
|
|-heal|p1a: Pecharunt|94/100|[from] item: Leftovers
|-damage|p1a: Pecharunt|82/100|[from] Salt Cure
|upkeep
|turn|23
|
|t:|1760433646
|switch|p2a: Iron Crown|Iron Crown|100/100
|move|p1a: Pecharunt|Shadow Ball|p2a: Iron Crown
|-supereffective|p2a: Iron Crown
|-damage|p2a: Iron Crown|68/100
|
|-heal|p1a: Pecharunt|88/100|[from] item: Leftovers
|-damage|p1a: Pecharunt|75/100|[from] Salt Cure
|upkeep
|turn|24
|
|t:|1760433663
|switch|p1a: Kingambit|Kingambit, M|73/100
|-damage|p1a: Kingambit|67/100|[from] Stealth Rock
|move|p2a: Iron Crown|Focus Blast|p1a: Kingambit|[miss]
|-miss|p2a: Iron Crown|p1a: Kingambit
|
|-heal|p1a: Kingambit|73/100|[from] item: Leftovers
|upkeep
|turn|25
|inactive|liangCRKO has 120 seconds left.
|
|t:|1760433695
|-end|p2a: Iron Crown|Quark Drive|[silent]
|switch|p2a: Great Tusk|Great Tusk|100/100
|-terastallize|p1a: Kingambit|Flying
|move|p1a: Kingambit|Kowtow Cleave|p2a: Great Tusk
|-resisted|p2a: Great Tusk
|-damage|p2a: Great Tusk|81/100
|
|-heal|p1a: Kingambit|79/100|[from] item: Leftovers
|upkeep
|turn|26
|inactive|liangCRKO has 120 seconds left.
|
|t:|1760433708
|-end|p2a: Great Tusk|Protosynthesis|[silent]
|switch|p2a: Zapdos|Zapdos|84/100
|-end|p1a: Kingambit|fallenundefined|[silent]
|switch|p1a: Moltres|Moltres|56/100
|-damage|p1a: Moltres|6/100|[from] Stealth Rock
|
|upkeep
|turn|27
|inactive|liangCRKO has 120 seconds left.
|
|t:|1760433716
|move|p2a: Zapdos|Hurricane|p1a: Moltres|[miss]
|-miss|p2a: Zapdos|p1a: Moltres
|move|p1a: Moltres|Roost|p1a: Moltres
|-heal|p1a: Moltres|56/100
|-singleturn|p1a: Moltres|move: Roost
|
|upkeep
|turn|28
|
|t:|1760433725
|move|p2a: Zapdos|Thunder Wave|p1a: Moltres
|-status|p1a: Moltres|par
|move|p1a: Moltres|U-turn|p2a: Zapdos
|-resisted|p2a: Zapdos
|-damage|p2a: Zapdos|79/100
|
|t:|1760433731
|switch|p1a: Iron Treads|Iron Treads|68/100|[from] U-turn
|-damage|p1a: Iron Treads|65/100|[from] Stealth Rock
|
|upkeep
|turn|29
|
|t:|1760433739
|switch|p2a: Dragapult|Dragapult, M|100/100
|move|p1a: Iron Treads|Rapid Spin|p2a: Dragapult
|-immune|p2a: Dragapult
|
|upkeep
|turn|30
|
|t:|1760433747
|move|p2a: Dragapult|Will-O-Wisp|p1a: Iron Treads
|-status|p1a: Iron Treads|brn
|move|p1a: Iron Treads|Ice Spinner|p2a: Dragapult
|-supereffective|p2a: Dragapult
|-damage|p2a: Dragapult|73/100
|
|-damage|p1a: Iron Treads|59/100 brn|[from] brn
|upkeep
|turn|31
|
|t:|1760433757
|move|p2a: Dragapult|Hex|p1a: Iron Treads
|-damage|p1a: Iron Treads|3/100 brn
|move|p1a: Iron Treads|Stealth Rock|p2a: Dragapult
|-sidestart|p2: cithor|move: Stealth Rock
|
|-damage|p1a: Iron Treads|0 fnt|[from] brn
|faint|p1a: Iron Treads
|-end|p1a: Iron Treads|Quark Drive|[silent]
|upkeep
|
|t:|1760433778
|switch|p1a: Kingambit|Kingambit, M, tera:Flying|79/100
|-damage|p1a: Kingambit|54/100|[from] Stealth Rock
|-activate|p1a: Kingambit|ability: Supreme Overlord
|-start|p1a: Kingambit|fallen1|[silent]
|turn|32
|
|t:|1760433787
|move|p2a: Dragapult|Will-O-Wisp|p1a: Kingambit
|-status|p1a: Kingambit|brn
|move|p1a: Kingambit|Kowtow Cleave|p2a: Dragapult
|-supereffective|p2a: Dragapult
|-damage|p2a: Dragapult|1/100
|
|-heal|p1a: Kingambit|60/100 brn|[from] item: Leftovers
|-damage|p1a: Kingambit|54/100 brn|[from] brn
|upkeep
|turn|33
|
|t:|1760433797
|switch|p2a: Great Tusk|Great Tusk|81/100
|move|p1a: Kingambit|Sucker Punch||[still]
|-fail|p1a: Kingambit
|
|-heal|p1a: Kingambit|60/100 brn|[from] item: Leftovers
|-damage|p1a: Kingambit|54/100 brn|[from] brn
|upkeep
|turn|34
|
|t:|1760433802
|move|p2a: Great Tusk|Rapid Spin|p1a: Kingambit
|-damage|p1a: Kingambit|41/100 brn
|-boost|p2a: Great Tusk|spe|1
|-sideend|p2: cithor|Stealth Rock|[from] move: Rapid Spin|[of] p2a: Great Tusk
|move|p1a: Kingambit|Iron Head|p2a: Great Tusk
|-damage|p2a: Great Tusk|63/100
|
|-heal|p1a: Kingambit|47/100 brn|[from] item: Leftovers
|-damage|p1a: Kingambit|41/100 brn|[from] brn
|upkeep
|turn|35
|
|t:|1760433813
|move|p2a: Great Tusk|Ice Spinner|p1a: Kingambit
|-supereffective|p1a: Kingambit
|-damage|p1a: Kingambit|0 fnt
|faint|p1a: Kingambit
|-end|p1a: Kingambit|fallen1|[silent]
|
|upkeep
|
|t:|1760433820
|switch|p1a: Ogerpon|Ogerpon-Wellspring, F|99/100
|-damage|p1a: Ogerpon|86/100|[from] Stealth Rock
|turn|36
|
|t:|1760433834
|-end|p2a: Great Tusk|Protosynthesis|[silent]
|switch|p2a: Zapdos|Zapdos|79/100
|move|p1a: Ogerpon|Horn Leech|p2a: Zapdos
|-resisted|p2a: Zapdos
|-damage|p2a: Zapdos|64/100
|-heal|p1a: Ogerpon|96/100|[from] drain|[of] p2a: Zapdos
|
|upkeep
|turn|37
|
|t:|1760433843
|switch|p1a: Zamazenta|Zamazenta|100/100
|-damage|p1a: Zamazenta|94/100|[from] Stealth Rock
|-ability|p1a: Zamazenta|Dauntless Shield|boost
|-boost|p1a: Zamazenta|def|1
|move|p2a: Zapdos|Thunder Wave|p1a: Zamazenta
|-status|p1a: Zamazenta|par
|
|-heal|p1a: Zamazenta|100/100 par|[from] item: Leftovers
|upkeep
|turn|38
|-message|liangCRKO forfeited.
|
|win|cithor
|raw|liangCRKO's rating: 1483 &rarr; <strong>1467</strong><br />(-16 for losing)
|raw|cithor's rating: 1559 &rarr; <strong>1575</strong><br />(+16 for winning)
|l|☆liangCRKO
|player|p1|
