|j|☆gxld09
|j|☆OUOG Sindicate
|t:|1760306538
|gametype|singles
|player|p1|gxld09|2|1363
|player|p2|OUOG Sindicate|265|1444
|gen|9
|tier|[Gen 9] OU
|rated|
|rule|HP Percentage Mod: HP is shown in percentages
|rule|Endless Battle Clause: Forcing endless battles is banned
|rule|Species Clause: Limit one of each Pokémon
|rule|OHKO Clause: OHKO moves are banned
|rule|Evasion Items Clause: Evasion items are banned
|rule|Evasion Moves Clause: Evasion moves are banned
|rule|Evasion Abilities Clause: Evasion abilities are banned
|rule|Sleep Moves Clause: Sleep-inducing moves are banned
|clearpoke
|poke|p1|Alomomola, F|
|poke|p1|Slowking-Galar, F|
|poke|p1|Enamorus, F|
|poke|p1|Lokix, M|
|poke|p1|Cinderace, M|
|poke|p1|Great Tusk|
|poke|p2|Iron Valiant|
|poke|p2|Glimmora, M|
|poke|p2|Dragonite, F|
|poke|p2|Landorus-Therian, M|
|poke|p2|Dragapult, M|
|poke|p2|Deoxys-Speed|
|teampreview
|inactive|Battle timer is ON: inactive players will automatically lose when time's up. (requested by OUOG Sindicate)
|
|t:|1760306553
|teamsize|p1|6
|teamsize|p2|6
|start
|switch|p1a: Enamorus|Enamorus, F|100/100
|switch|p2a: Landorus|Landorus-Therian, M|100/100
|-ability|p2a: Landorus|Intimidate|boost
|-boost|p1a: Enamorus|atk|1
|turn|1
|
|t:|1760306568
|move|p1a: Enamorus|Moonblast|p2a: Landorus
|-damage|p2a: Landorus|44/100
|move|p2a: Landorus|U-turn|p1a: Enamorus
|-resisted|p1a: Enamorus
|-damage|p1a: Enamorus|93/100
|
|t:|1760306577
|switch|p2a: Glimmora|Glimmora, M|100/100|[from] U-turn
|
|upkeep
|turn|2
|
|t:|1760306582
|switch|p1a: Alomomola|Alomomola, F|100/100
|move|p2a: Glimmora|Earth Power|p1a: Alomomola
|-damage|p1a: Alomomola|88/100
|
|upkeep
|turn|3
|
|t:|1760306587
|move|p2a: Glimmora|Mortal Spin|p1a: Alomomola
|-damage|p1a: Alomomola|83/100
|-status|p1a: Alomomola|psn
|move|p1a: Alomomola|Scald|p2a: Glimmora
|-supereffective|p2a: Glimmora
|-damage|p2a: Glimmora|69/100
|-enditem|p2a: Glimmora|Red Card|[of] p1a: Alomomola
|drag|p1a: Great Tusk|Great Tusk|100/100
|
|upkeep
|turn|4
|
|t:|1760306596
|-end|p1a: Great Tusk|Protosynthesis|[silent]
|switch|p1a: Alomomola|Alomomola, F|100/100 psn
|switch|p2a: Landorus|Landorus-Therian, M|44/100
|-ability|p2a: Landorus|Intimidate|boost
|-unboost|p1a: Alomomola|atk|1
|
|-damage|p1a: Alomomola|88/100 psn|[from] psn
|upkeep
|turn|5
|
|t:|1760306605
|move|p2a: Landorus|Stealth Rock|p1a: Alomomola
|-sidestart|p1: gxld09|move: Stealth Rock
|move|p1a: Alomomola|Scald|p2a: Landorus
|-supereffective|p2a: Landorus
|-damage|p2a: Landorus|12/100
|
|-damage|p1a: Alomomola|76/100 psn|[from] psn
|upkeep
|turn|6
|
|t:|1760306610
|move|p2a: Landorus|Earth Power|p1a: Alomomola
|-damage|p1a: Alomomola|61/100 psn
|-unboost|p1a: Alomomola|spd|1
|move|p1a: Alomomola|Scald|p2a: Landorus
|-supereffective|p2a: Landorus
|-damage|p2a: Landorus|0 fnt
|faint|p2a: Landorus
|
|-damage|p1a: Alomomola|49/100 psn|[from] psn
|upkeep
|
|t:|1760306628
|switch|p2a: Deoxys|Deoxys-Speed|100/100
|-ability|p2a: Deoxys|Pressure
|turn|7
|
|t:|1760306636
|switch|p1a: Slowking|Slowking-Galar, F|100/100
|move|p2a: Deoxys|Reflect|p2a: Deoxys
|-sidestart|p2: OUOG Sindicate|Reflect
|
|upkeep
|turn|8
|
|t:|1760306645
|move|p2a: Deoxys|Light Screen|p2a: Deoxys
|-sidestart|p2: OUOG Sindicate|move: Light Screen
|move|p1a: Slowking|Future Sight|p2a: Deoxys
|-start|p1a: Slowking|move: Future Sight
|
|upkeep
|turn|9
|
|t:|1760306654
|move|p2a: Deoxys|Taunt|p1a: Slowking
|-start|p1a: Slowking|move: Taunt
|-prepare|p1a: Slowking|Chilly Reception|[premajor]
|cant|p1a: Slowking|move: Taunt|Chilly Reception
|
|upkeep
|turn|10
|
|t:|1760306660
|switch|p2a: Glimmora|Glimmora, M|69/100
|move|p1a: Slowking|Ice Beam|p2a: Glimmora
|-damage|p2a: Glimmora|57/100
|
|-end|p2a: Glimmora|move: Future Sight
|-supereffective|p2a: Glimmora
|-damage|p2a: Glimmora|6/100
|upkeep
|turn|11
|
|t:|1760306668
|move|p2a: Glimmora|Spikes|p1a: Slowking
|-sidestart|p1: gxld09|Spikes
|move|p1a: Slowking|Psychic Noise|p2a: Glimmora
|-supereffective|p2a: Glimmora
|-damage|p2a: Glimmora|0 fnt
|faint|p2a: Glimmora
|
|-end|p1a: Slowking|move: Taunt
|upkeep
|
|t:|1760306684
|switch|p2a: Dragonite|Dragonite, F|100/100
|turn|12
|
|t:|1760306691
|move|p2a: Dragonite|Dragon Dance|p2a: Dragonite
|-boost|p2a: Dragonite|atk|1
|-boost|p2a: Dragonite|spe|1
|move|p1a: Slowking|Ice Beam|p2a: Dragonite
|-supereffective|p2a: Dragonite
|-damage|p2a: Dragonite|75/100
|
|upkeep
|turn|13
|
|t:|1760306695
|move|p2a: Dragonite|Earthquake|p1a: Slowking
|-supereffective|p1a: Slowking
|-damage|p1a: Slowking|18/100
|move|p1a: Slowking|Ice Beam|p2a: Dragonite
|-supereffective|p2a: Dragonite
|-damage|p2a: Dragonite|30/100
|
|upkeep
|turn|14
|
|t:|1760306701
|move|p2a: Dragonite|Roost|p2a: Dragonite
|-heal|p2a: Dragonite|80/100
|-singleturn|p2a: Dragonite|move: Roost
|-prepare|p1a: Slowking|Chilly Reception|[premajor]
|move|p1a: Slowking|Chilly Reception|p1a: Slowking
|-weather|Snowscape
|
|t:|1760306709
|switch|p1a: Enamorus|Enamorus, F|93/100|[from] Chilly Reception
|-damage|p1a: Enamorus|68/100|[from] Stealth Rock
|
|-weather|Snowscape|[upkeep]
|-sideend|p2: OUOG Sindicate|Reflect
|upkeep
|turn|15
|
|t:|1760306712
|move|p2a: Dragonite|Extreme Speed|p1a: Enamorus
|-damage|p1a: Enamorus|0 fnt
|faint|p1a: Enamorus
|
|-weather|Snowscape|[upkeep]
|-sideend|p2: OUOG Sindicate|move: Light Screen
|upkeep
|
|t:|1760306717
|switch|p1a: Great Tusk|Great Tusk|100/100
|turn|16
|
|t:|1760306726
|switch|p2a: Dragapult|Dragapult, M|100/100
|move|p1a: Great Tusk|Ice Spinner|p2a: Dragapult
|-supereffective|p2a: Dragapult
|-damage|p2a: Dragapult|34/100
|
|-weather|Snowscape|[upkeep]
|upkeep
|turn|17
|
|t:|1760306730
|move|p2a: Dragapult|Shadow Ball|p1a: Great Tusk
|-damage|p1a: Great Tusk|33/100
|move|p1a: Great Tusk|Ice Spinner|p2a: Dragapult
|-supereffective|p2a: Dragapult
|-damage|p2a: Dragapult|0 fnt
|faint|p2a: Dragapult
|
|-weather|Snowscape|[upkeep]
|upkeep
|
|t:|1760306740
|switch|p2a: Iron Valiant|Iron Valiant|100/100
|-enditem|p2a: Iron Valiant|Booster Energy
|-activate|p2a: Iron Valiant|ability: Quark Drive|[fromitem]
|-start|p2a: Iron Valiant|quarkdrivespe
|turn|18
|
|t:|1760306745
|move|p2a: Iron Valiant|Swords Dance|p2a: Iron Valiant
|-boost|p2a: Iron Valiant|atk|2
|move|p1a: Great Tusk|Rapid Spin|p2a: Iron Valiant
|-damage|p2a: Iron Valiant|81/100
|-boost|p1a: Great Tusk|spe|1
|-sideend|p1: gxld09|Spikes|[from] move: Rapid Spin|[of] p1a: Great Tusk
|-sideend|p1: gxld09|Stealth Rock|[from] move: Rapid Spin|[of] p1a: Great Tusk
|
|-weather|none
|upkeep
|turn|19
|
|t:|1760306752
|move|p2a: Iron Valiant|Close Combat|p1a: Great Tusk
|-damage|p1a: Great Tusk|0 fnt
|-unboost|p2a: Iron Valiant|def|1
|-unboost|p2a: Iron Valiant|spd|1
|faint|p1a: Great Tusk
|-end|p1a: Great Tusk|Protosynthesis|[silent]
|
|upkeep
|
|t:|1760306763
|switch|p1a: Slowking|Slowking-Galar, F|51/100
|turn|20
|
|t:|1760306765
|switch|p1a: Alomomola|Alomomola, F|82/100 psn
|move|p2a: Iron Valiant|Knock Off|p1a: Alomomola
|-damage|p1a: Alomomola|32/100 psn
|-enditem|p1a: Alomomola|Assault Vest|[from] move: Knock Off|[of] p2a: Iron Valiant
|
|-damage|p1a: Alomomola|20/100 psn|[from] psn
|upkeep
|turn|21
|
|t:|1760306770
|move|p2a: Iron Valiant|Knock Off|p1a: Alomomola
|-damage|p1a: Alomomola|0 fnt
|faint|p1a: Alomomola
|
|upkeep
|
|t:|1760306775
|switch|p1a: Slowking|Slowking-Galar, F|85/100
|turn|22
|
|t:|1760306785
|-terastallize|p1a: Slowking|Grass
|move|p2a: Iron Valiant|Knock Off|p1a: Slowking
|-damage|p1a: Slowking|37/100
|-enditem|p1a: Slowking|Heavy-Duty Boots|[from] move: Knock Off|[of] p2a: Iron Valiant
|move|p1a: Slowking|Future Sight|p2a: Iron Valiant
|-start|p1a: Slowking|move: Future Sight
|
|upkeep
|turn|23
|
|t:|1760306793
|move|p2a: Iron Valiant|Close Combat|p1a: Slowking
|-damage|p1a: Slowking|0 fnt
|-unboost|p2a: Iron Valiant|def|1
|-unboost|p2a: Iron Valiant|spd|1
|faint|p1a: Slowking
|
|upkeep
|
|t:|1760306796
|switch|p1a: Lokix|Lokix, M|100/100
|turn|24
|
|t:|1760306804
|move|p1a: Lokix|First Impression|p2a: Iron Valiant
|-resisted|p2a: Iron Valiant
|-damage|p2a: Iron Valiant|0 fnt
|faint|p2a: Iron Valiant
|-end|p2a: Iron Valiant|Quark Drive|[silent]
|
|-hint|Future Sight did not hit because the target is fainted.
|upkeep
|
|t:|1760306811
|switch|p2a: Dragonite|Dragonite, F|80/100
|turn|25
|
|t:|1760306813
|switch|p1a: Cinderace|Cinderace, M|100/100
|move|p2a: Dragonite|Dragon Dance|p2a: Dragonite
|-boost|p2a: Dragonite|atk|1
|-boost|p2a: Dragonite|spe|1
|
|upkeep
|turn|26
|
|t:|1760306818
|move|p2a: Dragonite|Earthquake|p1a: Cinderace
|-supereffective|p1a: Cinderace
|-damage|p1a: Cinderace|0 fnt
|faint|p1a: Cinderace
|
|upkeep
|
|t:|1760306820
|switch|p1a: Lokix|Lokix, M|100/100
|turn|27
|
|t:|1760306823
|move|p2a: Dragonite|Roost|p2a: Dragonite
|-heal|p2a: Dragonite|100/100
|-singleturn|p2a: Dragonite|move: Roost
|move|p1a: Lokix|Knock Off|p2a: Dragonite
|-damage|p2a: Dragonite|64/100
|-enditem|p2a: Dragonite|Heavy-Duty Boots|[from] move: Knock Off|[of] p1a: Lokix
|
|upkeep
|turn|28
|
|t:|1760306826
|move|p2a: Dragonite|Roost|p2a: Dragonite
|-heal|p2a: Dragonite|100/100
|-singleturn|p2a: Dragonite|move: Roost
|move|p1a: Lokix|Knock Off|p2a: Dragonite
|-damage|p2a: Dragonite|74/100
|
|upkeep
|turn|29
|inactive|OUOG Sindicate has 120 seconds left.
|
|t:|1760306864
|-terastallize|p2a: Dragonite|Normal
|move|p2a: Dragonite|Extreme Speed|p1a: Lokix
|-damage|p1a: Lokix|0 fnt
|faint|p1a: Lokix
|
|win|OUOG Sindicate
|raw|gxld09's rating: 1363 &rarr; <strong>1348</strong><br />(-15 for losing)
|raw|OUOG Sindicate's rating: 1444 &rarr; <strong>1459</strong><br />(+15 for winning)
|l|☆gxld09
|player|p1|
