|j|☆sanjo4
|j|☆henry151th
|t:|1760353032
|gametype|singles
|player|p1|sanjo4|dawn|1631
|player|p2|henry151th|wallace|1717
|gen|9
|tier|[Gen 9] OU
|rated|
|rule|HP Percentage Mod: HP is shown in percentages
|rule|Endless Battle Clause: Forcing endless battles is banned
|rule|Species Clause: Limit one of each Pokémon
|rule|OHKO Clause: OHKO moves are banned
|rule|Evasion Items Clause: Evasion items are banned
|rule|Evasion Moves Clause: Evasion moves are banned
|rule|Evasion Abilities Clause: Evasion abilities are banned
|rule|Sleep Moves Clause: Sleep-inducing moves are banned
|clearpoke
|poke|p1|Dragonite, F|
|poke|p1|Gholdengo|
|poke|p1|Iron Treads|
|poke|p1|Quaquaval, M|
|poke|p1|Slowking-Galar, M|
|poke|p1|Ting-Lu|
|poke|p2|Zapdos|
|poke|p2|Iron Valiant|
|poke|p2|Great Tusk|
|poke|p2|Alomomola, M|
|poke|p2|Slowking-Galar, M|
|poke|p2|Cinderace, F|
|teampreview
|
|t:|1760353046
|teamsize|p1|6
|teamsize|p2|6
|start
|switch|p1a: Quaquaval|Quaquaval, M|100/100
|switch|p2a: Iron Valiant|Iron Valiant|100/100
|turn|1
|
|t:|1760353062
|switch|p1a: Slowking|Slowking-Galar, M|100/100
|move|p2a: Iron Valiant|Knock Off|p1a: Slowking
|-supereffective|p1a: Slowking
|-damage|p1a: Slowking|21/100
|-enditem|p1a: Slowking|Shuca Berry|[from] move: Knock Off|[of] p2a: Iron Valiant
|
|upkeep
|turn|2
|j| swampertsfists
|
|t:|1760353089
|switch|p1a: Quaquaval|Quaquaval, M|100/100
|move|p2a: Iron Valiant|Knock Off|p1a: Quaquaval
|-resisted|p1a: Quaquaval
|-damage|p1a: Quaquaval|70/100
|-enditem|p1a: Quaquaval|Choice Band|[from] move: Knock Off|[of] p2a: Iron Valiant
|
|upkeep
|turn|3
|
|t:|1760353108
|-end|p2a: Iron Valiant|Quark Drive|[silent]
|switch|p2a: Zapdos|Zapdos|100/100
|move|p1a: Quaquaval|U-turn|p2a: Zapdos
|-resisted|p2a: Zapdos
|-damage|p2a: Zapdos|91/100
|-damage|p1a: Quaquaval|53/100|[from] item: Rocky Helmet|[of] p2a: Zapdos
|
|t:|1760353116
|switch|p1a: Slowking|Slowking-Galar, M|54/100|[from] U-turn
|
|upkeep
|turn|4
|
|t:|1760353119
|move|p2a: Zapdos|Volt Switch|p1a: Slowking
|-damage|p1a: Slowking|33/100
|
|t:|1760353123
|switch|p2a: Great Tusk|Great Tusk|100/100|[from] Volt Switch
|-prepare|p1a: Slowking|Chilly Reception|[premajor]
|move|p1a: Slowking|Chilly Reception|p1a: Slowking
|-weather|Snowscape
|
|t:|1760353151
|switch|p1a: Gholdengo|Gholdengo|100/100|[from] Chilly Reception
|
|-weather|Snowscape|[upkeep]
|upkeep
|turn|5
|
|t:|1760353158
|-terastallize|p1a: Gholdengo|Fairy
|move|p2a: Great Tusk|Headlong Rush|p1a: Gholdengo
|-damage|p1a: Gholdengo|26/100
|-unboost|p2a: Great Tusk|def|1
|-unboost|p2a: Great Tusk|spd|1
|move|p1a: Gholdengo|Dazzling Gleam|p2a: Great Tusk
|-supereffective|p2a: Great Tusk
|-damage|p2a: Great Tusk|0 fnt
|faint|p2a: Great Tusk
|-end|p2a: Great Tusk|Protosynthesis|[silent]
|
|-weather|Snowscape|[upkeep]
|upkeep
|
|t:|1760353163
|switch|p2a: Slowking|Slowking-Galar, M|100/100
|turn|6
|
|t:|1760353170
|switch|p1a: Dragonite|Dragonite, F|100/100
|-prepare|p2a: Slowking|Chilly Reception|[premajor]
|move|p2a: Slowking|Chilly Reception|p2a: Slowking
|
|t:|1760353173
|switch|p2a: Zapdos|Zapdos|91/100|[from] Chilly Reception
|
|-weather|Snowscape|[upkeep]
|upkeep
|turn|7
|
|t:|1760353178
|switch|p2a: Iron Valiant|Iron Valiant|100/100
|switch|p1a: Iron Treads|Iron Treads|100/100
|
|-weather|Snowscape|[upkeep]
|upkeep
|turn|8
|
|t:|1760353202
|-end|p1a: Iron Treads|Quark Drive|[silent]
|switch|p1a: Quaquaval|Quaquaval, M|53/100
|move|p2a: Iron Valiant|Knock Off|p1a: Quaquaval
|-resisted|p1a: Quaquaval
|-damage|p1a: Quaquaval|33/100
|
|-weather|none
|upkeep
|turn|9
|j| Golem Rising
|
|t:|1760353211
|-end|p2a: Iron Valiant|Quark Drive|[silent]
|switch|p2a: Zapdos|Zapdos|91/100
|switch|p1a: Iron Treads|Iron Treads|100/100
|
|upkeep
|turn|10
|
|t:|1760353214
|switch|p2a: Iron Valiant|Iron Valiant|100/100
|move|p1a: Iron Treads|Knock Off|p2a: Iron Valiant
|-resisted|p2a: Iron Valiant
|-damage|p2a: Iron Valiant|90/100
|-enditem|p2a: Iron Valiant|Choice Band|[from] move: Knock Off|[of] p1a: Iron Treads
|
|upkeep
|turn|11
|
|t:|1760353243
|-end|p1a: Iron Treads|Quark Drive|[silent]
|switch|p1a: Slowking|Slowking-Galar, M|66/100
|move|p2a: Iron Valiant|Close Combat|p1a: Slowking
|-resisted|p1a: Slowking
|-damage|p1a: Slowking|56/100
|-unboost|p2a: Iron Valiant|def|1
|-unboost|p2a: Iron Valiant|spd|1
|
|upkeep
|turn|12
|
|t:|1760353255
|-terastallize|p2a: Iron Valiant|Ghost
|move|p2a: Iron Valiant|Knock Off|p1a: Slowking
|-supereffective|p1a: Slowking
|-damage|p1a: Slowking|24/100
|-prepare|p1a: Slowking|Chilly Reception|[premajor]
|move|p1a: Slowking|Chilly Reception|p1a: Slowking
|-weather|Snowscape
|
|t:|1760353263
|switch|p1a: Gholdengo|Gholdengo, tera:Fairy|26/100|[from] Chilly Reception
|
|-weather|Snowscape|[upkeep]
|upkeep
|turn|13
|
|t:|1760353266
|move|p2a: Iron Valiant|Shadow Sneak|p1a: Gholdengo
|-damage|p1a: Gholdengo|2/100
|move|p1a: Gholdengo|Shadow Ball|p2a: Iron Valiant
|-supereffective|p2a: Iron Valiant
|-damage|p2a: Iron Valiant|0 fnt
|faint|p2a: Iron Valiant
|-end|p2a: Iron Valiant|Quark Drive|[silent]
|
|-weather|Snowscape|[upkeep]
|upkeep
|
|t:|1760353270
|switch|p2a: Alomomola|Alomomola, M|100/100
|turn|14
|-message|henry151th forfeited.
|
|win|sanjo4
|raw|sanjo4's rating: 1631 &rarr; <strong>1656</strong><br />(+25 for winning)
|raw|henry151th's rating: 1717 &rarr; <strong>1692</strong><br />(-25 for losing)
|l|☆henry151th
|player|p2|
|j| Dor.Zf
|l| Dor.Zf
|l|☆sanjo4
|player|p1|
|l| Golem Rising
