|j|☆WZRD64
|j|☆vuopuer
|t:|1760330115
|gametype|singles
|player|p1|WZRD64|miku-water|1467
|player|p2|vuopuer|may-masters2|1523
|gen|9
|tier|[Gen 9] OU
|rated|
|rule|HP Percentage Mod: HP is shown in percentages
|rule|Endless Battle Clause: Forcing endless battles is banned
|rule|Species Clause: Limit one of each Pokémon
|rule|OHKO Clause: OHKO moves are banned
|rule|Evasion Items Clause: Evasion items are banned
|rule|Evasion Moves Clause: Evasion moves are banned
|rule|Evasion Abilities Clause: Evasion abilities are banned
|rule|Sleep Moves Clause: Sleep-inducing moves are banned
|clearpoke
|poke|p1|Great Tusk|
|poke|p1|Dragonite, F|
|poke|p1|Tornadus-Therian, M|
|poke|p1|Quaquaval, M|
|poke|p1|Raging Bolt|
|poke|p1|Pelipper, F|
|poke|p2|Blaziken, F|
|poke|p2|Kingambit, M|
|poke|p2|Ting-Lu|
|poke|p2|Pecharunt|
|poke|p2|Ogerpon-Wellspring, F|
|poke|p2|Hatterene, F|
|teampreview
|inactive|Battle timer is ON: inactive players will automatically lose when time's up. (requested by WZRD64)
|
|t:|1760330144
|teamsize|p1|6
|teamsize|p2|6
|start
|switch|p1a: Lazy Bird|Pelipper, F|100/100
|switch|p2a: Hatterene|Hatterene, F|100/100
|-weather|RainDance|[from] ability: Drizzle|[of] p1a: Lazy Bird
|turn|1
|
|t:|1760330158
|move|p1a: Lazy Bird|Hurricane|p2a: Hatterene
|-damage|p2a: Hatterene|70/100
|-enditem|p2a: Hatterene|Eject Button
|
|t:|1760330166
|switch|p2a: Ting-Lu|Ting-Lu|100/100
|-ability|p2a: Ting-Lu|Vessel of Ruin
|
|-weather|RainDance|[upkeep]
|upkeep
|turn|2
|
|t:|1760330171
|move|p2a: Ting-Lu|Stealth Rock|p1a: Lazy Bird
|-sidestart|p1: WZRD64|move: Stealth Rock
|move|p1a: Lazy Bird|U-turn|p2a: Ting-Lu
|-supereffective|p2a: Ting-Lu
|-damage|p2a: Ting-Lu|91/100
|
|t:|1760330197
|switch|p1a: Nelson|Great Tusk|100/100|[from] U-turn
|
|-weather|RainDance|[upkeep]
|-heal|p2a: Ting-Lu|97/100|[from] item: Leftovers
|upkeep
|turn|3
|
|t:|1760330203
|switch|p2a: Pecharunt|Pecharunt|100/100
|-item|p2a: Pecharunt|Air Balloon
|move|p1a: Nelson|Headlong Rush|p2a: Pecharunt
|-immune|p2a: Pecharunt
|
|-weather|RainDance|[upkeep]
|upkeep
|turn|4
|
|t:|1760330220
|move|p1a: Nelson|Stealth Rock|p2a: Pecharunt
|-sidestart|p2: vuopuer|move: Stealth Rock
|move|p2a: Pecharunt|Malignant Chain|p1a: Nelson
|-resisted|p1a: Nelson
|-damage|p1a: Nelson|75/100
|-status|p1a: Nelson|tox
|-start|p1a: Nelson|confusion|[from] ability: Poison Puppeteer|[of] p2a: Pecharunt
|
|-weather|RainDance|[upkeep]
|-damage|p1a: Nelson|69/100 tox|[from] psn
|upkeep
|turn|5
|
|t:|1760330230
|-end|p1a: Nelson|Protosynthesis|[silent]
|switch|p1a: Towering Todd|Raging Bolt|100/100
|-damage|p1a: Towering Todd|88/100|[from] Stealth Rock
|-enditem|p1a: Towering Todd|Booster Energy
|-activate|p1a: Towering Todd|ability: Protosynthesis|[fromitem]
|-start|p1a: Towering Todd|protosynthesisspa
|move|p2a: Pecharunt|Hex|p1a: Towering Todd
|-damage|p1a: Towering Todd|70/100
|
|-weather|RainDance|[upkeep]
|upkeep
|turn|6
|
|t:|1760330249
|move|p1a: Towering Todd|Calm Mind|p1a: Towering Todd
|-boost|p1a: Towering Todd|spa|1
|-boost|p1a: Towering Todd|spd|1
|move|p2a: Pecharunt|Malignant Chain|p1a: Towering Todd
|-damage|p1a: Towering Todd|50/100
|-status|p1a: Towering Todd|tox
|-start|p1a: Towering Todd|confusion|[from] ability: Poison Puppeteer|[of] p2a: Pecharunt
|
|-weather|RainDance|[upkeep]
|-damage|p1a: Towering Todd|44/100 tox|[from] psn
|upkeep
|turn|7
|
|t:|1760330259
|switch|p2a: Ting-Lu|Ting-Lu|97/100
|-damage|p2a: Ting-Lu|91/100|[from] Stealth Rock
|-ability|p2a: Ting-Lu|Vessel of Ruin
|-activate|p1a: Towering Todd|confusion
|-damage|p1a: Towering Todd|38/100 tox|[from] confusion
|
|-weather|RainDance|[upkeep]
|-heal|p2a: Ting-Lu|97/100|[from] item: Leftovers
|-damage|p1a: Towering Todd|26/100 tox|[from] psn
|upkeep
|turn|8
|
|t:|1760330273
|switch|p2a: Hatterene|Hatterene, F|70/100
|-damage|p2a: Hatterene|57/100|[from] Stealth Rock
|-end|p1a: Towering Todd|confusion
|move|p1a: Towering Todd|Dragon Pulse|p2a: Hatterene
|-immune|p2a: Hatterene
|
|-weather|none
|-damage|p1a: Towering Todd|7/100 tox|[from] psn
|upkeep
|turn|9
|
|t:|1760330283
|move|p1a: Towering Todd|Dragon Pulse|p2a: Hatterene
|-immune|p2a: Hatterene
|move|p2a: Hatterene|Draining Kiss|p1a: Towering Todd
|-supereffective|p1a: Towering Todd
|-damage|p1a: Towering Todd|0 fnt
|-heal|p2a: Hatterene|64/100|[from] drain|[of] p1a: Towering Todd
|faint|p1a: Towering Todd
|-end|p1a: Towering Todd|Protosynthesis|[silent]
|
|upkeep
|
|t:|1760330293
|switch|p1a: Nelson|Great Tusk|69/100 tox
|turn|10
|
|t:|1760330299
|move|p1a: Nelson|Knock Off|p2a: Hatterene
|-crit|p2a: Hatterene
|-damage|p2a: Hatterene|29/100
|move|p2a: Hatterene|Draining Kiss|p1a: Nelson
|-supereffective|p1a: Nelson
|-damage|p1a: Nelson|0 fnt
|-heal|p2a: Hatterene|92/100|[from] drain|[of] p1a: Nelson
|faint|p1a: Nelson
|-end|p1a: Nelson|Protosynthesis|[silent]
|
|upkeep
|
|t:|1760330310
|switch|p1a: Lazy Bird|Pelipper, F|100/100
|-damage|p1a: Lazy Bird|76/100|[from] Stealth Rock
|-weather|RainDance|[from] ability: Drizzle|[of] p1a: Lazy Bird
|turn|11
|
|t:|1760330315
|move|p1a: Lazy Bird|U-turn|p2a: Hatterene
|-damage|p2a: Hatterene|79/100
|
|t:|1760330320
|switch|p1a: Chubby|Dragonite, F|100/100|[from] U-turn
|move|p2a: Hatterene|Nuzzle|p1a: Chubby
|-damage|p1a: Chubby|98/100
|-status|p1a: Chubby|par
|
|-weather|RainDance|[upkeep]
|upkeep
|turn|12
|-message|WZRD64 forfeited.
|
|win|vuopuer
|raw|WZRD64's rating: 1467 &rarr; <strong>1450</strong><br />(-17 for losing)
|raw|vuopuer's rating: 1523 &rarr; <strong>1540</strong><br />(+17 for winning)
|l|☆WZRD64
|player|p1|
|l|☆vuopuer
|player|p2|
