|j|☆SpySpoki
|j|☆B/CFan
|t:|1760334874
|gametype|singles
|player|p1|SpySpoki|backersf|1176
|player|p2|B/CFan|101|1176
|gen|9
|tier|[Gen 9] OU
|rated|
|rule|HP Percentage Mod: HP is shown in percentages
|rule|Endless Battle Clause: Forcing endless battles is banned
|rule|Species Clause: Limit one of each Pokémon
|rule|OHKO Clause: OHKO moves are banned
|rule|Evasion Items Clause: Evasion items are banned
|rule|Evasion Moves Clause: Evasion moves are banned
|rule|Evasion Abilities Clause: Evasion abilities are banned
|rule|Sleep Moves Clause: Sleep-inducing moves are banned
|clearpoke
|poke|p1|Iron Crown|
|poke|p1|Glimmora, F|
|poke|p1|Dragonite, F|
|poke|p1|Clefable, M|
|poke|p1|Meowscarada, F|
|poke|p1|Magmortar, M|
|poke|p2|Rillaboom, M|
|poke|p2|Hawlucha, M|
|poke|p2|Heatran, M|
|poke|p2|Raging Bolt|
|poke|p2|Samurott-Hisui, M|
|poke|p2|Weezing-Galar, M|
|teampreview
|
|t:|1760334900
|teamsize|p1|6
|teamsize|p2|6
|start
|switch|p1a: Glimmora|Glimmora, F|100/100
|switch|p2a: Heatran|Heatran, M|100/100
|turn|1
|
|t:|1760334915
|move|p1a: Glimmora|Stealth Rock|p2a: Heatran
|-sidestart|p2: B/CFan|move: Stealth Rock
|move|p2a: Heatran|Taunt|p1a: Glimmora
|-start|p1a: Glimmora|move: Taunt
|
|upkeep
|turn|2
|
|t:|1760334920
|move|p1a: Glimmora|Meteor Beam||[still]
|-prepare|p1a: Glimmora|Meteor Beam
|-boost|p1a: Glimmora|spa|1
|-enditem|p1a: Glimmora|Power Herb
|-anim|p1a: Glimmora|Meteor Beam|p2a: Heatran
|-damage|p2a: Heatran|45/100
|move|p2a: Heatran|Earth Power|p1a: Glimmora
|-supereffective|p1a: Glimmora
|-damage|p1a: Glimmora|0 fnt
|faint|p1a: Glimmora
|
|upkeep
|
|t:|1760334946
|switch|p1a: Dragonite|Dragonite, F|100/100
|turn|3
|
|t:|1760334948
|move|p1a: Dragonite|Earthquake|p2a: Heatran
|-supereffective|p2a: Heatran
|-enditem|p2a: Heatran|Shuca Berry|[eat]
|-enditem|p2a: Heatran|Shuca Berry|[weaken]
|-damage|p2a: Heatran|0 fnt
|faint|p2a: Heatran
|
|upkeep
|
|t:|1760334955
|switch|p2a: Weezing|Weezing-Galar, M|100/100
|-ability|p2a: Weezing|Neutralizing Gas
|turn|4
|
|t:|1760334964
|switch|p1a: Magmortar|Magmortar, M|100/100
|move|p2a: Weezing|Toxic|p1a: Magmortar
|-status|p1a: Magmortar|tox
|
|-damage|p1a: Magmortar|94/100 tox|[from] psn
|upkeep
|turn|5
|
|t:|1760334969
|move|p1a: Magmortar|Flamethrower|p2a: Weezing
|-damage|p2a: Weezing|39/100
|move|p2a: Weezing|Defog|p1a: Magmortar
|-unboost|p1a: Magmortar|evasion|1
|-sideend|p2: B/CFan|Stealth Rock|[from] move: Defog|[of] p2a: Weezing
|
|-heal|p1a: Magmortar|100/100 tox|[from] item: Leftovers
|-damage|p1a: Magmortar|88/100 tox|[from] psn
|upkeep
|turn|6
|
|t:|1760334975
|-end|p2a: Weezing|ability: Neutralizing Gas
|switch|p2a: Samurott|Samurott-Hisui, M|100/100
|move|p1a: Magmortar|Flamethrower|p2a: Samurott
|-resisted|p2a: Samurott
|-damage|p2a: Samurott|82/100
|
|-heal|p1a: Magmortar|94/100 tox|[from] item: Leftovers
|-damage|p1a: Magmortar|76/100 tox|[from] psn
|upkeep
|turn|7
|
|t:|1760334984
|move|p2a: Samurott|Razor Shell|p1a: Magmortar
|-supereffective|p1a: Magmortar
|-damage|p1a: Magmortar|0 fnt
|-status|p2a: Samurott|brn|[from] ability: Flame Body|[of] p1a: Magmortar
|faint|p1a: Magmortar
|
|-damage|p2a: Samurott|76/100 brn|[from] brn
|upkeep
|
|t:|1760334999
|switch|p1a: Meowscarada|Meowscarada, F|100/100
|turn|8
|
|t:|1760335004
|switch|p2a: Weezing|Weezing-Galar, M|39/100
|-ability|p2a: Weezing|Neutralizing Gas
|move|p1a: Meowscarada|U-turn|p2a: Weezing
|-resisted|p2a: Weezing
|-damage|p2a: Weezing|34/100
|
|t:|1760335016
|switch|p1a: Iron Crown|Iron Crown|100/100|[from] U-turn
|
|upkeep
|turn|9
|
|t:|1760335023
|-end|p2a: Weezing|ability: Neutralizing Gas
|switch|p2a: Samurott|Samurott-Hisui, M|76/100 brn
|move|p1a: Iron Crown|Psyshock|p2a: Samurott
|-immune|p2a: Samurott
|
|-damage|p2a: Samurott|70/100 brn|[from] brn
|upkeep
|turn|10
|
|t:|1760335029
|-end|p1a: Iron Crown|Quark Drive|[silent]
|switch|p1a: I Wish For|Clefable, M|100/100
|move|p2a: Samurott|Ceaseless Edge|p1a: I Wish For
|-resisted|p1a: I Wish For
|-damage|p1a: I Wish For|90/100
|-sidestart|p1: SpySpoki|Spikes
|
|-damage|p2a: Samurott|63/100 brn|[from] brn
|upkeep
|turn|11
|
|t:|1760335034
|move|p2a: Samurott|Ceaseless Edge|p1a: I Wish For
|-resisted|p1a: I Wish For
|-damage|p1a: I Wish For|81/100
|-sidestart|p1: SpySpoki|Spikes
|move|p1a: I Wish For|Moonblast|p2a: Samurott
|-supereffective|p2a: Samurott
|-damage|p2a: Samurott|10/100 brn
|
|-damage|p2a: Samurott|4/100 brn|[from] brn
|upkeep
|turn|12
|
|t:|1760335037
|move|p1a: I Wish For|Protect|p1a: I Wish For
|-singleturn|p1a: I Wish For|Protect
|move|p2a: Samurott|Razor Shell|p1a: I Wish For
|-activate|p1a: I Wish For|move: Protect
|
|-damage|p2a: Samurott|0 fnt|[from] brn
|faint|p2a: Samurott
|upkeep
|
|t:|1760335042
|switch|p2a: Rillaboom|Rillaboom, M|100/100
|-fieldstart|move: Grassy Terrain|[from] ability: Grassy Surge|[of] p2a: Rillaboom
|turn|13
|
|t:|1760335045
|move|p2a: Rillaboom|Knock Off|p1a: I Wish For
|-resisted|p1a: I Wish For
|-damage|p1a: I Wish For|61/100
|-enditem|p1a: I Wish For|Heavy-Duty Boots|[from] move: Knock Off|[of] p2a: Rillaboom
|move|p1a: I Wish For|Thunder Wave|p2a: Rillaboom
|-status|p2a: Rillaboom|par
|
|-heal|p1a: I Wish For|67/100|[from] Grassy Terrain
|upkeep
|turn|14
|
|t:|1760335054
|switch|p2a: Raging Bolt|Raging Bolt|100/100
|-enditem|p2a: Raging Bolt|Booster Energy
|-activate|p2a: Raging Bolt|ability: Protosynthesis|[fromitem]
|-start|p2a: Raging Bolt|protosynthesisspa
|move|p1a: I Wish For|Wish|p1a: I Wish For
|
|-heal|p1a: I Wish For|73/100|[from] Grassy Terrain
|upkeep
|turn|15
|
|t:|1760335059
|move|p2a: Raging Bolt|Calm Mind|p2a: Raging Bolt
|-boost|p2a: Raging Bolt|spa|1
|-boost|p2a: Raging Bolt|spd|1
|move|p1a: I Wish For|Moonblast|p2a: Raging Bolt
|-supereffective|p2a: Raging Bolt
|-damage|p2a: Raging Bolt|41/100
|-unboost|p2a: Raging Bolt|spa|1
|
|-heal|p1a: I Wish For|100/100|[from] move: Wish|[wisher] I Wish For
|-heal|p2a: Raging Bolt|47/100|[from] Grassy Terrain
|upkeep
|turn|16
|
|t:|1760335066
|move|p2a: Raging Bolt|Thunderbolt|p1a: I Wish For
|-damage|p1a: I Wish For|39/100
|move|p1a: I Wish For|Moonblast|p2a: Raging Bolt
|-supereffective|p2a: Raging Bolt
|-damage|p2a: Raging Bolt|0 fnt
|faint|p2a: Raging Bolt
|-end|p2a: Raging Bolt|Protosynthesis|[silent]
|
|-heal|p1a: I Wish For|45/100|[from] Grassy Terrain
|upkeep
|
|t:|1760335071
|switch|p2a: Weezing|Weezing-Galar, M|34/100
|-ability|p2a: Weezing|Neutralizing Gas
|turn|17
|
|t:|1760335076
|move|p1a: I Wish For|Moonblast|p2a: Weezing
|-resisted|p2a: Weezing
|-damage|p2a: Weezing|14/100
|-unboost|p2a: Weezing|spa|1
|move|p2a: Weezing|Sludge Wave|p1a: I Wish For
|-supereffective|p1a: I Wish For
|-damage|p1a: I Wish For|12/100
|
|-heal|p2a: Weezing|20/100|[from] Grassy Terrain
|-heal|p1a: I Wish For|19/100|[from] Grassy Terrain
|-fieldend|move: Grassy Terrain
|upkeep
|turn|18
|
|t:|1760335079
|move|p2a: Weezing|Sludge Wave|p1a: I Wish For
|-supereffective|p1a: I Wish For
|-damage|p1a: I Wish For|0 fnt
|faint|p1a: I Wish For
|
|upkeep
|
|t:|1760335088
|switch|p1a: Iron Crown|Iron Crown|100/100
|-damage|p1a: Iron Crown|84/100|[from] Spikes
|turn|19
|
|t:|1760335095
|move|p1a: Iron Crown|Psyshock|p2a: Weezing
|-supereffective|p2a: Weezing
|-damage|p2a: Weezing|0 fnt
|faint|p2a: Weezing
|-end|p2a: Weezing|ability: Neutralizing Gas
|
|upkeep
|
|t:|1760335097
|switch|p2a: Rillaboom|Rillaboom, M|100/100 par
|-fieldstart|move: Grassy Terrain|[from] ability: Grassy Surge|[of] p2a: Rillaboom
|turn|20
|
|t:|1760335114
|move|p1a: Iron Crown|Psyshock|p2a: Rillaboom
|-damage|p2a: Rillaboom|61/100 par
|cant|p2a: Rillaboom|par
|
|-heal|p1a: Iron Crown|90/100|[from] Grassy Terrain
|-heal|p2a: Rillaboom|67/100 par|[from] Grassy Terrain
|upkeep
|turn|21
|
|t:|1760335120
|move|p1a: Iron Crown|Psyshock|p2a: Rillaboom
|-damage|p2a: Rillaboom|28/100 par
|move|p2a: Rillaboom|Knock Off|p1a: Iron Crown
|-supereffective|p1a: Iron Crown
|-damage|p1a: Iron Crown|0 fnt
|-enditem|p1a: Iron Crown|Choice Scarf|[from] move: Knock Off|[of] p2a: Rillaboom
|faint|p1a: Iron Crown
|-end|p1a: Iron Crown|Quark Drive|[silent]
|
|-heal|p2a: Rillaboom|34/100 par|[from] Grassy Terrain
|upkeep
|
|t:|1760335123
|switch|p1a: Meowscarada|Meowscarada, F|100/100
|-damage|p1a: Meowscarada|84/100|[from] Spikes
|turn|22
|
|t:|1760335126
|move|p1a: Meowscarada|U-turn|p2a: Rillaboom
|-start|p1a: Meowscarada|typechange|Bug|[from] ability: Protean
|-supereffective|p2a: Rillaboom
|-damage|p2a: Rillaboom|0 fnt
|faint|p2a: Rillaboom
|
|t:|1760335130
|switch|p1a: Dragonite|Dragonite, F|100/100|[from] U-turn
|
|upkeep
|
|t:|1760335132
|switch|p2a: Hawlucha|Hawlucha, M|100/100
|-enditem|p2a: Hawlucha|Grassy Seed
|-boost|p2a: Hawlucha|def|1|[from] item: Grassy Seed
|turn|23
|
|t:|1760335139
|-terastallize|p1a: Dragonite|Fairy
|move|p2a: Hawlucha|Swords Dance|p2a: Hawlucha
|-boost|p2a: Hawlucha|atk|2
|move|p1a: Dragonite|Tera Blast|p2a: Hawlucha|[anim] Tera Blast Fairy
|-supereffective|p2a: Hawlucha
|-damage|p2a: Hawlucha|37/100
|
|upkeep
|turn|24
|c|☆SpySpoki|gg
|
|t:|1760335146
|-terastallize|p2a: Hawlucha|Ground
|move|p2a: Hawlucha|Acrobatics|p1a: Dragonite
|-damage|p1a: Dragonite|56/100
|move|p1a: Dragonite|Tera Blast|p2a: Hawlucha|[anim] Tera Blast Fairy
|-damage|p2a: Hawlucha|7/100
|
|-heal|p2a: Hawlucha|13/100|[from] Grassy Terrain
|-heal|p1a: Dragonite|63/100|[from] Grassy Terrain
|-fieldend|move: Grassy Terrain
|upkeep
|turn|25
|
|t:|1760335160
|move|p2a: Hawlucha|Acrobatics|p1a: Dragonite
|-damage|p1a: Dragonite|0 fnt
|faint|p1a: Dragonite
|
|upkeep
|
|t:|1760335163
|switch|p1a: Meowscarada|Meowscarada, F|84/100
|-damage|p1a: Meowscarada|68/100|[from] Spikes
|turn|26
|c|☆SpySpoki|wp
|
|t:|1760335169
|move|p2a: Hawlucha|Acrobatics|p1a: Meowscarada
|-supereffective|p1a: Meowscarada
|-damage|p1a: Meowscarada|0 fnt
|faint|p1a: Meowscarada
|
|win|B/CFan
|raw|SpySpoki's rating: 1176 &rarr; <strong>1151</strong><br />(-25 for losing)
|raw|B&#x2f;CFan's rating: 1176 &rarr; <strong>1201</strong><br />(+25 for winning)
|l|☆B/CFan
|player|p2|
|l|☆SpySpoki
|player|p1|
