|j|☆ktr.na
|j|☆elgaroton
|t:|1760330565
|gametype|singles
|player|p1|ktr.na|acetrainerf|1399
|player|p2|elgaroton|1|1395
|gen|9
|tier|[Gen 9] OU
|rated|
|rule|HP Percentage Mod: HP is shown in percentages
|rule|Endless Battle Clause: Forcing endless battles is banned
|rule|Species Clause: Limit one of each Pokémon
|rule|OHKO Clause: OHKO moves are banned
|rule|Evasion Items Clause: Evasion items are banned
|rule|Evasion Moves Clause: Evasion moves are banned
|rule|Evasion Abilities Clause: Evasion abilities are banned
|rule|Sleep Moves Clause: Sleep-inducing moves are banned
|clearpoke
|poke|p1|Iron Valiant|
|poke|p1|Klefki, F|
|poke|p1|Alomomola, F|
|poke|p1|Great Tusk|
|poke|p1|Scizor, M|
|poke|p1|Gliscor, F|
|poke|p2|Zapdos|
|poke|p2|Slowking-Galar, M|
|poke|p2|Samurott-Hisui, M|
|poke|p2|Great Tusk|
|poke|p2|Clefable, F|
|poke|p2|Dragapult, M|
|teampreview
|
|t:|1760330592
|teamsize|p1|6
|teamsize|p2|6
|start
|switch|p1a: Scizor|Scizor, M|100/100
|switch|p2a: Great Tusk|Great Tusk, shiny|100/100
|turn|1
|
|t:|1760330599
|switch|p1a: Alomomola|Alomomola, F|100/100
|move|p2a: Great Tusk|Stealth Rock|p1a: Alomomola
|-sidestart|p1: ktr.na|move: Stealth Rock
|
|upkeep
|turn|2
|
|t:|1760330613
|-end|p2a: Great Tusk|Protosynthesis|[silent]
|switch|p2a: Zapdos|Zapdos|100/100
|move|p1a: Alomomola|Flip Turn|p2a: Zapdos
|-damage|p2a: Zapdos|89/100
|
|t:|1760330624
|switch|p1a: Iron Valiant|Iron Valiant|100/100|[from] Flip Turn
|-damage|p1a: Iron Valiant|94/100|[from] Stealth Rock
|
|upkeep
|turn|3
|
|t:|1760330665
|-end|p1a: Iron Valiant|Quark Drive|[silent]
|switch|p1a: Gliscor|Gliscor, F|100/100
|-damage|p1a: Gliscor|88/100|[from] Stealth Rock
|move|p2a: Zapdos|Hurricane|p1a: Gliscor
|-damage|p1a: Gliscor|52/100
|
|-status|p1a: Gliscor|tox|[from] item: Toxic Orb
|upkeep
|turn|4
|
|t:|1760330692
|switch|p2a: Great Tusk|Great Tusk, shiny|100/100
|move|p1a: Gliscor|Toxic|p2a: Great Tusk
|-status|p2a: Great Tusk|tox
|
|-damage|p2a: Great Tusk|94/100 tox|[from] psn
|-heal|p1a: Gliscor|64/100 tox|[from] ability: Poison Heal
|upkeep
|turn|5
|l|☆ktr.na
|player|p1|
|j|☆ktr.na
|player|p1|ktr.na|acetrainerf|
|
|t:|1760330710
|switch|p1a: Alomomola|Alomomola, F|100/100
|move|p2a: Great Tusk|Rapid Spin|p1a: Alomomola
|-damage|p1a: Alomomola|91/100
|-boost|p2a: Great Tusk|spe|1
|
|-damage|p2a: Great Tusk|82/100 tox|[from] psn
|upkeep
|turn|6
|
|t:|1760330723
|-end|p2a: Great Tusk|Protosynthesis|[silent]
|switch|p2a: Zapdos|Zapdos|89/100
|move|p1a: Alomomola|Tickle|p2a: Zapdos
|-unboost|p2a: Zapdos|atk|1
|-unboost|p2a: Zapdos|def|1
|
|upkeep
|turn|7
|
|t:|1760330737
|switch|p1a: Gliscor|Gliscor, F|64/100 tox
|-damage|p1a: Gliscor|52/100 tox|[from] Stealth Rock
|move|p2a: Zapdos|Hurricane|p1a: Gliscor
|-damage|p1a: Gliscor|13/100 tox
|-start|p1a: Gliscor|confusion
|
|-heal|p1a: Gliscor|25/100 tox|[from] ability: Poison Heal
|upkeep
|turn|8
|
|t:|1760330749
|switch|p1a: Klefki|Klefki, F|100/100
|-damage|p1a: Klefki|95/100|[from] Stealth Rock
|move|p2a: Zapdos|Hurricane|p1a: Klefki
|-resisted|p1a: Klefki
|-damage|p1a: Klefki|65/100
|
|upkeep
|turn|9
|
|t:|1760330757
|move|p1a: Klefki|Spikes|p2a: Zapdos
|-sidestart|p2: elgaroton|Spikes
|move|p2a: Zapdos|Volt Switch|p1a: Klefki
|-damage|p1a: Klefki|26/100
|inactive|Battle timer is ON: inactive players will automatically lose when time's up. (requested by ktr.na)
|
|t:|1760330789
|switch|p2a: Samurott|Samurott-Hisui, M, shiny|100/100|[from] Volt Switch
|-damage|p2a: Samurott|88/100|[from] Spikes
|
|upkeep
|turn|10
|
|t:|1760330797
|switch|p1a: Alomomola|Alomomola, F|100/100
|move|p2a: Samurott|Flip Turn|p1a: Alomomola
|-resisted|p1a: Alomomola
|-damage|p1a: Alomomola|93/100
|
|t:|1760330803
|switch|p2a: Zapdos|Zapdos|89/100|[from] Flip Turn
|
|upkeep
|turn|11
|
|t:|1760330810
|move|p2a: Zapdos|Volt Switch|p1a: Alomomola
|-supereffective|p1a: Alomomola
|-crit|p1a: Alomomola
|-damage|p1a: Alomomola|0 fnt
|faint|p1a: Alomomola
|
|t:|1760330824
|switch|p2a: Samurott|Samurott-Hisui, M, shiny|88/100|[from] Volt Switch
|-damage|p2a: Samurott|76/100|[from] Spikes
|
|upkeep
|
|t:|1760330834
|switch|p1a: Scizor|Scizor, M|100/100
|-damage|p1a: Scizor|88/100|[from] Stealth Rock
|turn|12
|
|t:|1760330847
|move|p2a: Samurott|Flip Turn|p1a: Scizor
|-damage|p1a: Scizor|60/100
|
|t:|1760330860
|switch|p2a: Great Tusk|Great Tusk, shiny|82/100 tox|[from] Flip Turn
|-damage|p2a: Great Tusk|70/100 tox|[from] Spikes
|move|p1a: Scizor|U-turn|p2a: Great Tusk
|-resisted|p2a: Great Tusk
|-damage|p2a: Great Tusk|49/100 tox
|-damage|p1a: Scizor|44/100|[from] item: Rocky Helmet|[of] p2a: Great Tusk
|
|t:|1760330872
|switch|p1a: Iron Valiant|Iron Valiant|94/100|[from] U-turn
|-damage|p1a: Iron Valiant|88/100|[from] Stealth Rock
|
|-damage|p2a: Great Tusk|43/100 tox|[from] psn
|upkeep
|turn|13
|
|t:|1760330885
|move|p1a: Iron Valiant|Shadow Ball|p2a: Great Tusk
|-damage|p2a: Great Tusk|0 fnt
|faint|p2a: Great Tusk
|-end|p2a: Great Tusk|Protosynthesis|[silent]
|
|upkeep
|
|t:|1760330899
|switch|p2a: Slowking|Slowking-Galar, M, shiny|100/100
|turn|14
|
|t:|1760330910
|-end|p1a: Iron Valiant|Quark Drive|[silent]
|switch|p1a: Scizor|Scizor, M|44/100
|-damage|p1a: Scizor|32/100|[from] Stealth Rock
|move|p2a: Slowking|Flamethrower|p1a: Scizor
|-supereffective|p1a: Scizor
|-damage|p1a: Scizor|0 fnt
|faint|p1a: Scizor
|
|upkeep
|
|t:|1760330919
|switch|p1a: Great Tusk|Great Tusk|100/100
|turn|15
|
|t:|1760330926
|move|p1a: Great Tusk|Ice Spinner|p2a: Slowking
|-damage|p2a: Slowking|73/100
|move|p2a: Slowking|Future Sight|p1a: Great Tusk
|-start|p2a: Slowking|move: Future Sight
|
|upkeep
|turn|16
|-message|ktr.na forfeited.
|
|win|elgaroton
|raw|ktr.na's rating: 1399 &rarr; <strong>1379</strong><br />(-20 for losing)
|raw|elgaroton's rating: 1395 &rarr; <strong>1415</strong><br />(+20 for winning)
|l|☆ktr.na
|player|p1|
|l|☆elgaroton
|player|p2|
