|j|☆GauMongStyle
|j|☆Free P&lestine
|t:|1760361791
|gametype|singles
|player|p1|GauMongStyle|266|1619
|player|p2|Free P&lestine|unknown|1569
|gen|9
|tier|[Gen 9] OU
|rated|
|rule|HP Percentage Mod: HP is shown in percentages
|rule|Endless Battle Clause: Forcing endless battles is banned
|rule|Species Clause: Limit one of each Pokémon
|rule|OHKO Clause: OHKO moves are banned
|rule|Evasion Items Clause: Evasion items are banned
|rule|Evasion Moves Clause: Evasion moves are banned
|rule|Evasion Abilities Clause: Evasion abilities are banned
|rule|Sleep Moves Clause: Sleep-inducing moves are banned
|clearpoke
|poke|p1|Iron Crown|
|poke|p1|Samurott-Hisui, M|
|poke|p1|Zapdos|
|poke|p1|Dragapult, F|
|poke|p1|Great Tusk|
|poke|p1|Iron Boulder|
|poke|p2|Darkrai|
|poke|p2|Deoxys-Speed|
|poke|p2|Zamazenta-*|
|poke|p2|Great Tusk|
|poke|p2|Gholdengo|
|poke|p2|Dragonite, F|
|teampreview
|inactive|Battle timer is ON: inactive players will automatically lose when time's up. (requested by GauMongStyle)
|
|t:|1760361798
|teamsize|p1|6
|teamsize|p2|6
|start
|switch|p1a: Everytime We Touch|Samurott-Hisui, M|100/100
|switch|p2a: Deoxys|Deoxys-Speed|100/100
|-ability|p2a: Deoxys|Pressure
|turn|1
|
|t:|1760361802
|move|p2a: Deoxys|Reflect|p2a: Deoxys
|-sidestart|p2: Free P&lestine|Reflect
|move|p1a: Everytime We Touch|Ceaseless Edge|p2a: Deoxys|[miss]
|-miss|p1a: Everytime We Touch|p2a: Deoxys
|
|upkeep
|turn|2
|
|t:|1760361805
|move|p2a: Deoxys|Light Screen|p2a: Deoxys
|-sidestart|p2: Free P&lestine|move: Light Screen
|move|p1a: Everytime We Touch|Ceaseless Edge|p2a: Deoxys
|-supereffective|p2a: Deoxys
|-damage|p2a: Deoxys|46/100
|-sidestart|p2: Free P&lestine|Spikes
|
|upkeep
|turn|3
|
|t:|1760361808
|move|p2a: Deoxys|Stealth Rock|p1a: Everytime We Touch
|-sidestart|p1: GauMongStyle|move: Stealth Rock
|move|p1a: Everytime We Touch|Ceaseless Edge|p2a: Deoxys
|-supereffective|p2a: Deoxys
|-damage|p2a: Deoxys|0 fnt
|-sidestart|p2: Free P&lestine|Spikes
|faint|p2a: Deoxys
|
|upkeep
|
|t:|1760361832
|switch|p2a: Zamazenta|Zamazenta|100/100
|-damage|p2a: Zamazenta|84/100|[from] Spikes
|-ability|p2a: Zamazenta|Dauntless Shield|boost
|-boost|p2a: Zamazenta|def|1
|turn|4
|
|t:|1760361838
|switch|p1a: Hurikan|Zapdos|100/100
|move|p2a: Zamazenta|Close Combat|p1a: Hurikan
|-resisted|p1a: Hurikan
|-damage|p1a: Hurikan|72/100
|-unboost|p2a: Zamazenta|def|1
|-unboost|p2a: Zamazenta|spd|1
|-damage|p2a: Zamazenta|74/100|[from] item: Life Orb
|
|upkeep
|turn|5
|
|t:|1760361842
|move|p2a: Zamazenta|Stone Edge|p1a: Hurikan
|-supereffective|p1a: Hurikan
|-damage|p1a: Hurikan|14/100
|-damage|p2a: Zamazenta|64/100|[from] item: Life Orb
|move|p1a: Hurikan|Discharge|p2a: Zamazenta
|-damage|p2a: Zamazenta|42/100
|
|upkeep
|turn|6
|
|t:|1760361848
|move|p2a: Zamazenta|Crunch|p1a: Hurikan
|-damage|p1a: Hurikan|0 fnt
|faint|p1a: Hurikan
|-damage|p2a: Zamazenta|32/100|[from] item: Life Orb
|
|upkeep
|
|t:|1760361852
|switch|p1a: Parasite|Dragapult, F|100/100
|-damage|p1a: Parasite|88/100|[from] Stealth Rock
|turn|7
|
|t:|1760361854
|move|p1a: Parasite|Dragon Darts|p2a: Zamazenta
|-damage|p2a: Zamazenta|16/100
|-anim|p1a: Parasite|Dragon Darts|p2a: Zamazenta
|-damage|p2a: Zamazenta|0 fnt
|faint|p2a: Zamazenta
|
|upkeep
|
|t:|1760361866
|switch|p2a: Great Tusk|Great Tusk|100/100
|-damage|p2a: Great Tusk|84/100|[from] Spikes
|-enditem|p2a: Great Tusk|Booster Energy
|-activate|p2a: Great Tusk|ability: Protosynthesis|[fromitem]
|-start|p2a: Great Tusk|protosynthesisatk
|turn|8
|
|t:|1760361868
|switch|p1a: Mindreader|Iron Crown|100/100
|-damage|p1a: Mindreader|94/100|[from] Stealth Rock
|move|p2a: Great Tusk|Ice Spinner|p1a: Mindreader
|-resisted|p1a: Mindreader
|-damage|p1a: Mindreader|75/100
|
|-sideend|p2: Free P&lestine|Reflect
|upkeep
|turn|9
|
|t:|1760361876
|move|p1a: Mindreader|Psyshock|p2a: Great Tusk
|-supereffective|p2a: Great Tusk
|-damage|p2a: Great Tusk|43/100
|move|p2a: Great Tusk|Rapid Spin|p1a: Mindreader
|-resisted|p1a: Mindreader
|-damage|p1a: Mindreader|62/100
|-boost|p2a: Great Tusk|spe|1
|-sideend|p2: Free P&lestine|Spikes|[from] move: Rapid Spin|[of] p2a: Great Tusk
|
|-sideend|p2: Free P&lestine|move: Light Screen
|upkeep
|turn|10
|
|t:|1760361880
|move|p2a: Great Tusk|Headlong Rush|p1a: Mindreader
|-supereffective|p1a: Mindreader
|-damage|p1a: Mindreader|0 fnt
|-unboost|p2a: Great Tusk|def|1
|-unboost|p2a: Great Tusk|spd|1
|faint|p1a: Mindreader
|-end|p1a: Mindreader|Quark Drive|[silent]
|
|upkeep
|
|t:|1760361884
|switch|p1a: Pump It|Great Tusk|100/100
|turn|11
|
|t:|1760361889
|-end|p2a: Great Tusk|Protosynthesis|[silent]
|switch|p2a: Gholdengo|Gholdengo|100/100
|move|p1a: Pump It|Rapid Spin|p2a: Gholdengo
|-immune|p2a: Gholdengo
|
|upkeep
|turn|12
|
|t:|1760361897
|move|p2a: Gholdengo|Trick|p1a: Pump It
|-activate|p2a: Gholdengo|move: Trick|[of] p1a: Pump It
|-item|p1a: Pump It|Choice Scarf|[from] move: Trick
|-item|p2a: Gholdengo|Heavy-Duty Boots|[from] move: Trick
|move|p1a: Pump It|Headlong Rush|p2a: Gholdengo
|-supereffective|p2a: Gholdengo
|-damage|p2a: Gholdengo|0 fnt
|-unboost|p1a: Pump It|def|1
|-unboost|p1a: Pump It|spd|1
|faint|p2a: Gholdengo
|
|upkeep
|
|t:|1760361900
|switch|p2a: Dragonite|Dragonite, F|100/100
|turn|13
|
|t:|1760361903
|-end|p1a: Pump It|Protosynthesis|[silent]
|switch|p1a: Everytime We Touch|Samurott-Hisui, M|100/100
|-damage|p1a: Everytime We Touch|88/100|[from] Stealth Rock
|move|p2a: Dragonite|Dragon Dance|p2a: Dragonite
|-boost|p2a: Dragonite|atk|1
|-boost|p2a: Dragonite|spe|1
|
|upkeep
|turn|14
|
|t:|1760361909
|move|p1a: Everytime We Touch|Ceaseless Edge|p2a: Dragonite
|-damage|p2a: Dragonite|74/100
|-sidestart|p2: Free P&lestine|Spikes
|move|p2a: Dragonite|Earthquake|p1a: Everytime We Touch
|-damage|p1a: Everytime We Touch|16/100
|
|upkeep
|turn|15
|
|t:|1760361913
|move|p1a: Everytime We Touch|Ceaseless Edge|p2a: Dragonite
|-damage|p2a: Dragonite|18/100
|-sidestart|p2: Free P&lestine|Spikes
|move|p2a: Dragonite|Dragon Dance|p2a: Dragonite
|-boost|p2a: Dragonite|atk|1
|-boost|p2a: Dragonite|spe|1
|
|upkeep
|turn|16
|
|t:|1760361916
|move|p2a: Dragonite|Earthquake|p1a: Everytime We Touch
|-damage|p1a: Everytime We Touch|0 fnt
|faint|p1a: Everytime We Touch
|
|upkeep
|
|t:|1760361919
|switch|p1a: Pump It|Great Tusk|100/100
|-damage|p1a: Pump It|98/100|[from] Stealth Rock
|turn|17
|
|t:|1760361923
|-terastallize|p2a: Dragonite|Flying
|move|p2a: Dragonite|Tera Blast|p1a: Pump It|[anim] Tera Blast Flying
|-supereffective|p1a: Pump It
|-damage|p1a: Pump It|0 fnt
|faint|p1a: Pump It
|-end|p1a: Pump It|Protosynthesis|[silent]
|
|upkeep
|
|t:|1760361933
|switch|p1a: Parasite|Dragapult, F|88/100
|-damage|p1a: Parasite|76/100|[from] Stealth Rock
|turn|18
|
|t:|1760361935
|move|p1a: Parasite|Sucker Punch|p2a: Dragonite
|-damage|p2a: Dragonite|0 fnt
|faint|p2a: Dragonite
|
|upkeep
|
|t:|1760361943
|switch|p2a: Great Tusk|Great Tusk|43/100
|-damage|p2a: Great Tusk|27/100|[from] Spikes
|turn|19
|
|t:|1760361955
|move|p1a: Parasite|Sucker Punch|p2a: Great Tusk
|-resisted|p2a: Great Tusk
|-damage|p2a: Great Tusk|14/100
|move|p2a: Great Tusk|Rapid Spin|p1a: Parasite
|-immune|p1a: Parasite
|
|upkeep
|turn|20
|
|t:|1760361969
|move|p1a: Parasite|Sucker Punch|p2a: Great Tusk
|-resisted|p2a: Great Tusk
|-damage|p2a: Great Tusk|1/100
|move|p2a: Great Tusk|Headlong Rush|p1a: Parasite
|-damage|p1a: Parasite|0 fnt
|-unboost|p2a: Great Tusk|def|1
|-unboost|p2a: Great Tusk|spd|1
|faint|p1a: Parasite
|
|upkeep
|
|t:|1760361974
|switch|p1a: Revery|Iron Boulder|100/100
|-damage|p1a: Revery|88/100|[from] Stealth Rock
|-enditem|p1a: Revery|Booster Energy
|-activate|p1a: Revery|ability: Quark Drive|[fromitem]
|-start|p1a: Revery|quarkdrivespe
|turn|21
|
|t:|1760361977
|move|p1a: Revery|Mighty Cleave|p2a: Great Tusk
|-resisted|p2a: Great Tusk
|-damage|p2a: Great Tusk|0 fnt
|faint|p2a: Great Tusk
|-end|p2a: Great Tusk|Protosynthesis|[silent]
|
|upkeep
|
|t:|1760361978
|switch|p2a: Darkrai|Darkrai|100/100
|turn|22
|
|t:|1760361981
|-terastallize|p1a: Revery|Fighting
|move|p1a: Revery|Close Combat|p2a: Darkrai
|-supereffective|p2a: Darkrai
|-damage|p2a: Darkrai|0 fnt
|-unboost|p1a: Revery|def|1
|-unboost|p1a: Revery|spd|1
|faint|p2a: Darkrai
|
|win|GauMongStyle
|raw|GauMongStyle's rating: 1619 &rarr; <strong>1636</strong><br />(+17 for winning)
|raw|Free P&amp;lestine's rating: 1569 &rarr; <strong>1552</strong><br />(-17 for losing)
|c|☆GauMongStyle|gg
|l|☆Free P&lestine
|player|p2|
|l|☆GauMongStyle
|player|p1|
