|j|☆Tinen
|j|☆eltwono
|t:|1760319057
|gametype|singles
|player|p1|Tinen|dancer|1132
|player|p2|eltwono|265|1103
|gen|9
|tier|[Gen 9] OU
|rated|
|rule|HP Percentage Mod: HP is shown in percentages
|rule|Endless Battle Clause: Forcing endless battles is banned
|rule|Species Clause: Limit one of each Pokémon
|rule|OHKO Clause: OHKO moves are banned
|rule|Evasion Items Clause: Evasion items are banned
|rule|Evasion Moves Clause: Evasion moves are banned
|rule|Evasion Abilities Clause: Evasion abilities are banned
|rule|Sleep Moves Clause: Sleep-inducing moves are banned
|clearpoke
|poke|p1|Scizor, M|
|poke|p1|Dondozo, M|
|poke|p1|Great Tusk|
|poke|p1|Darkrai|
|poke|p1|Skeledirge, M|
|poke|p1|Zapdos|
|poke|p2|Gholdengo|
|poke|p2|Manaphy|
|poke|p2|Glimmora, M|
|poke|p2|Ribombee, M|
|poke|p2|Zamazenta-*|
|poke|p2|Haxorus, M|
|teampreview
|inactive|Battle timer is ON: inactive players will automatically lose when time's up. (requested by eltwono)
|
|t:|1760319068
|teamsize|p1|6
|teamsize|p2|6
|start
|switch|p1a: Scizor|Scizor, M|100/100
|switch|p2a: Ribombee|Ribombee, M, shiny|100/100
|turn|1
|
|t:|1760319078
|move|p1a: Scizor|Bullet Punch|p2a: Ribombee
|-supereffective|p2a: Ribombee
|-enditem|p2a: Ribombee|Focus Sash
|-damage|p2a: Ribombee|1/100
|move|p2a: Ribombee|Sticky Web|p1a: Scizor
|-sidestart|p1: Tinen|move: Sticky Web
|
|upkeep
|turn|2
|
|t:|1760319085
|move|p2a: Ribombee|Stun Spore|p1a: Scizor
|-status|p1a: Scizor|par
|move|p1a: Scizor|Swords Dance|p1a: Scizor
|-boost|p1a: Scizor|atk|2
|
|upkeep
|turn|3
|
|t:|1760319091
|move|p1a: Scizor|Bullet Punch|p2a: Ribombee
|-supereffective|p2a: Ribombee
|-damage|p2a: Ribombee|0 fnt
|faint|p2a: Ribombee
|
|upkeep
|
|t:|1760319113
|switch|p2a: Zamazenta|Zamazenta, shiny|100/100
|-ability|p2a: Zamazenta|Dauntless Shield|boost
|-boost|p2a: Zamazenta|def|1
|turn|4
|
|t:|1760319122
|move|p2a: Zamazenta|Body Press|p1a: Scizor
|-damage|p1a: Scizor|46/100 par
|move|p1a: Scizor|Knock Off|p2a: Zamazenta
|-resisted|p2a: Zamazenta
|-damage|p2a: Zamazenta|82/100
|-enditem|p2a: Zamazenta|Leftovers|[from] move: Knock Off|[of] p1a: Scizor
|
|upkeep
|turn|5
|
|t:|1760319130
|move|p1a: Scizor|Bullet Punch|p2a: Zamazenta
|-damage|p2a: Zamazenta|40/100
|move|p2a: Zamazenta|Body Press|p1a: Scizor
|-damage|p1a: Scizor|0 fnt
|faint|p1a: Scizor
|
|upkeep
|
|t:|1760319134
|switch|p1a: Great Tusk|Great Tusk|100/100
|-activate|p1a: Great Tusk|move: Sticky Web
|-unboost|p1a: Great Tusk|spe|1
|-enditem|p1a: Great Tusk|Booster Energy
|-activate|p1a: Great Tusk|ability: Protosynthesis|[fromitem]
|-start|p1a: Great Tusk|protosynthesisdef
|turn|6
|
|t:|1760319144
|move|p2a: Zamazenta|Heavy Slam|p1a: Great Tusk
|-damage|p1a: Great Tusk|96/100
|move|p1a: Great Tusk|Rapid Spin|p2a: Zamazenta
|-damage|p2a: Zamazenta|31/100
|-boost|p1a: Great Tusk|spe|1
|-sideend|p1: Tinen|Sticky Web|[from] move: Rapid Spin|[of] p1a: Great Tusk
|
|upkeep
|turn|7
|
|t:|1760319155
|move|p2a: Zamazenta|Body Press|p1a: Great Tusk
|-damage|p1a: Great Tusk|74/100
|move|p1a: Great Tusk|Close Combat|p2a: Zamazenta
|-damage|p2a: Zamazenta|0 fnt
|-unboost|p1a: Great Tusk|def|1
|-unboost|p1a: Great Tusk|spd|1
|faint|p2a: Zamazenta
|
|upkeep
|
|t:|1760319165
|switch|p2a: Gholdengo|Gholdengo|100/100
|turn|8
|
|t:|1760319168
|move|p2a: Gholdengo|Shadow Ball|p1a: Great Tusk
|-damage|p1a: Great Tusk|0 fnt
|faint|p1a: Great Tusk
|-end|p1a: Great Tusk|Protosynthesis|[silent]
|
|upkeep
|
|t:|1760319177
|switch|p1a: Darkrai|Darkrai|100/100
|turn|9
|inactive|Tinen has 120 seconds left.
|
|t:|1760319212
|switch|p2a: Glimmora|Glimmora, M, shiny|100/100
|move|p1a: Darkrai|Dark Pulse|p2a: Glimmora
|-damage|p2a: Glimmora|46/100
|
|upkeep
|turn|10
|
|t:|1760319218
|move|p1a: Darkrai|Dark Pulse|p2a: Glimmora
|-damage|p2a: Glimmora|0 fnt
|faint|p2a: Glimmora
|
|upkeep
|
|t:|1760319221
|switch|p2a: Haxorus|Haxorus, M, shiny|100/100
|-ability|p2a: Haxorus|Mold Breaker
|turn|11
|
|t:|1760319228
|switch|p1a: Dondozo|Dondozo, M|100/100
|move|p2a: Haxorus|Scale Shot|p1a: Dondozo|[miss]
|-miss|p2a: Haxorus|p1a: Dondozo
|
|upkeep
|turn|12
|
|t:|1760319237
|move|p2a: Haxorus|Scale Shot|p1a: Dondozo
|-damage|p1a: Dondozo|93/100
|-crit|p1a: Dondozo
|-damage|p1a: Dondozo|81/100
|-damage|p1a: Dondozo|75/100
|-damage|p1a: Dondozo|67/100
|-damage|p1a: Dondozo|60/100
|-hitcount|p1a: Dondozo|5
|-unboost|p2a: Haxorus|def|1
|-boost|p2a: Haxorus|spe|1
|move|p1a: Dondozo|Body Press|p2a: Haxorus
|-damage|p2a: Haxorus|64/100
|
|-heal|p1a: Dondozo|66/100|[from] item: Leftovers
|upkeep
|turn|13
|
|t:|1760319258
|move|p2a: Haxorus|Close Combat|p1a: Dondozo
|-damage|p1a: Dondozo|43/100
|-unboost|p2a: Haxorus|def|1
|-unboost|p2a: Haxorus|spd|1
|move|p1a: Dondozo|Rest|p1a: Dondozo
|-status|p1a: Dondozo|slp|[from] move: Rest
|-heal|p1a: Dondozo|100/100 slp|[silent]
|
|upkeep
|turn|14
|
|t:|1760319273
|switch|p2a: Manaphy|Manaphy, shiny|100/100
|cant|p1a: Dondozo|slp
|
|upkeep
|turn|15
|
|t:|1760319290
|switch|p1a: Zapdos|Zapdos|100/100
|move|p2a: Manaphy|Stored Power|p1a: Zapdos
|-damage|p1a: Zapdos|95/100
|
|upkeep
|turn|16
|inactive|eltwono has 120 seconds left.
|l|☆eltwono
|inactive|eltwono disconnected and has a minute to reconnect!
|player|p2|
|inactive|eltwono has 30 seconds to reconnect!
|inactive|eltwono has 20 seconds to reconnect!
|inactive|eltwono has 15 seconds to reconnect!
|inactive|eltwono has 10 seconds to reconnect!
|inactive|eltwono has 5 seconds to reconnect!
|-message|eltwono lost due to inactivity.
|
|win|Tinen
|raw|Tinen's rating: 1132 &rarr; <strong>1155</strong><br />(+23 for winning)
|raw|eltwono's rating: 1103 &rarr; <strong>1080</strong><br />(-23 for losing)
