|j|☆antzinmypantz
|j|☆Stopbatonpassing
|t:|1760400346
|gametype|singles
|player|p1|antzinmypantz|2|1089
|player|p2|Stopbatonpassing|steven|1155
|gen|9
|tier|[Gen 9] OU
|rated|
|rule|HP Percentage Mod: HP is shown in percentages
|rule|Endless Battle Clause: Forcing endless battles is banned
|rule|Species Clause: Limit one of each Pokémon
|rule|OHKO Clause: OHKO moves are banned
|rule|Evasion Items Clause: Evasion items are banned
|rule|Evasion Moves Clause: Evasion moves are banned
|rule|Evasion Abilities Clause: Evasion abilities are banned
|rule|Sleep Moves Clause: Sleep-inducing moves are banned
|clearpoke
|poke|p1|Wigglytuff, F|
|poke|p1|Lilligant-Hisui, F|
|poke|p1|Empoleon, F|
|poke|p1|Latias, F|
|poke|p1|Skeledirge, M|
|poke|p1|Mamoswine, F|
|poke|p2|Hoopa-Unbound|
|poke|p2|Torkoal, M|
|poke|p2|Galvantula, M|
|poke|p2|Tornadus-Therian, M|
|poke|p2|Gholdengo|
|poke|p2|Quagsire, F|
|teampreview
|inactive|Battle timer is ON: inactive players will automatically lose when time's up. (requested by Stopbatonpassing)
|
|t:|1760400365
|teamsize|p1|6
|teamsize|p2|6
|start
|switch|p1a: Mamoswine|Mamoswine, F|100/100
|switch|p2a: Galvantula|Galvantula, M|100/100
|turn|1
|
|t:|1760400374
|move|p2a: Galvantula|Sticky Web|p1a: Mamoswine
|-sidestart|p1: antzinmypantz|move: Sticky Web
|move|p1a: Mamoswine|Earthquake|p2a: Galvantula
|-damage|p2a: Galvantula|10/100
|
|upkeep
|turn|2
|
|t:|1760400382
|switch|p2a: Quagsire|Quagsire, F|100/100
|move|p1a: Mamoswine|Ice Shard|p2a: Quagsire
|-damage|p2a: Quagsire|87/100
|
|upkeep
|turn|3
|
|t:|1760400392
|switch|p1a: Wigglytuff|Wigglytuff, F|100/100
|-activate|p1a: Wigglytuff|move: Sticky Web
|-unboost|p1a: Wigglytuff|spe|1
|-ability|p1a: Wigglytuff|Competitive|boost
|-boost|p1a: Wigglytuff|spa|2
|move|p2a: Quagsire|Chilling Water|p1a: Wigglytuff
|-damage|p1a: Wigglytuff|85/100
|-unboost|p1a: Wigglytuff|atk|1
|-ability|p1a: Wigglytuff|Competitive|boost
|-boost|p1a: Wigglytuff|spa|2
|
|upkeep
|turn|4
|
|t:|1760400418
|move|p2a: Quagsire|Toxic|p1a: Wigglytuff
|-status|p1a: Wigglytuff|tox
|move|p1a: Wigglytuff|Psychic Noise|p2a: Quagsire
|-damage|p2a: Quagsire|60/100
|-start|p2a: Quagsire|move: Heal Block
|
|-damage|p1a: Wigglytuff|79/100 tox|[from] psn
|upkeep
|turn|5
|
|t:|1760400435
|switch|p1a: Latias|Latias, F|100/100
|move|p2a: Quagsire|Earthquake|p1a: Latias
|-immune|p1a: Latias|[from] ability: Levitate
|
|-end|p2a: Quagsire|move: Heal Block
|upkeep
|turn|6
|
|t:|1760400441
|switch|p2a: Tornadus|Tornadus-Therian, M|100/100
|move|p1a: Latias|Trick|p2a: Tornadus
|-activate|p1a: Latias|move: Trick|[of] p2a: Tornadus
|-item|p2a: Tornadus|Choice Scarf|[from] move: Trick
|-item|p1a: Latias|Life Orb|[from] move: Trick
|
|upkeep
|turn|7
|
|t:|1760400448
|move|p2a: Tornadus|U-turn|p1a: Latias
|-supereffective|p1a: Latias
|-damage|p1a: Latias|61/100
|
|t:|1760400456
|switch|p2a: Hoopa|Hoopa-Unbound|100/100|[from] U-turn
|move|p1a: Latias|Draco Meteor|p2a: Hoopa
|-damage|p2a: Hoopa|29/100
|-unboost|p1a: Latias|spa|2
|-damage|p1a: Latias|51/100|[from] item: Life Orb
|
|upkeep
|turn|8
|
|t:|1760400467
|move|p1a: Latias|Draco Meteor|p2a: Hoopa
|-damage|p2a: Hoopa|0 fnt
|-unboost|p1a: Latias|spa|2
|faint|p2a: Hoopa
|-damage|p1a: Latias|41/100|[from] item: Life Orb
|
|upkeep
|-message|Stopbatonpassing forfeited.
|
|win|antzinmypantz
|raw|antzinmypantz's rating: 1089 &rarr; <strong>1121</strong><br />(+32 for winning)
|raw|Stopbatonpassing's rating: 1155 &rarr; <strong>1125</strong><br />(-30 for losing)
|l|☆Stopbatonpassing
|player|p2|
|l|☆antzinmypantz
|player|p1|
