|j|☆spotifytweaks
|j|☆i may be rezz
|t:|1760318231
|gametype|singles
|player|p1|spotifytweaks|102|
|player|p2|i may be rezz|1|
|gen|9
|tier|[Gen 9] OU
|rule|HP Percentage Mod: HP is shown in percentages
|rule|Endless Battle Clause: Forcing endless battles is banned
|rule|Species Clause: Limit one of each Pokémon
|rule|OHKO Clause: OHKO moves are banned
|rule|Evasion Items Clause: Evasion items are banned
|rule|Evasion Moves Clause: Evasion moves are banned
|rule|Evasion Abilities Clause: Evasion abilities are banned
|rule|Sleep Moves Clause: Sleep-inducing moves are banned
|clearpoke
|poke|p1|Great Tusk|
|poke|p1|Heatran, M|
|poke|p1|Weavile, M|
|poke|p1|Primarina, M|
|poke|p1|Ogerpon, F|
|poke|p1|Pecharunt|
|poke|p2|Kyurem|
|poke|p2|Garganacl, M|
|poke|p2|Landorus-Therian, M|
|poke|p2|Gholdengo|
|poke|p2|Zamazenta-*|
|poke|p2|Weezing-Galar, M|
|teampreview
|inactive|Battle timer is ON: inactive players will automatically lose when time's up. (requested by spotifytweaks)
|c|☆spotifytweaks|glhf
|c|☆i may be rezz|u too
|
|t:|1760318255
|teamsize|p1|6
|teamsize|p2|6
|start
|switch|p1a: Bandit|Weavile, M, shiny|100/100
|switch|p2a: comme des garcon|Landorus-Therian, M, shiny|100/100
|-ability|p2a: comme des garcon|Intimidate|boost
|-unboost|p1a: Bandit|atk|1
|-ability|p1a: Bandit|Pressure
|turn|1
|
|t:|1760318262
|move|p2a: comme des garcon|U-turn|p1a: Bandit
|-supereffective|p1a: Bandit
|-damage|p1a: Bandit|16/100
|
|t:|1760318278
|switch|p2a: number(nine)|Garganacl, M, shiny|100/100|[from] U-turn
|move|p1a: Bandit|Triple Axel|p2a: number(nine)
|-damage|p2a: number(nine)|94/100
|-damage|p2a: number(nine)|82/100
|-damage|p2a: number(nine)|64/100
|-hitcount|p2a: number(nine)|3
|
|-heal|p2a: number(nine)|70/100|[from] item: Leftovers
|upkeep
|turn|2
|
|t:|1760318289
|switch|p1a: Overseer|Pecharunt|100/100
|move|p2a: number(nine)|Stealth Rock|p1a: Overseer
|-sidestart|p1: spotifytweaks|move: Stealth Rock
|
|-heal|p2a: number(nine)|76/100|[from] item: Leftovers
|upkeep
|turn|3
|j| 1 pidgey fan
|j| Amx-goatt
|
|t:|1760318299
|move|p2a: number(nine)|Protect|p2a: number(nine)
|-singleturn|p2a: number(nine)|Protect
|move|p1a: Overseer|Parting Shot|p2a: number(nine)
|-activate|p2a: number(nine)|move: Protect
|
|-heal|p2a: number(nine)|82/100|[from] item: Leftovers
|upkeep
|turn|4
|
|t:|1760318306
|move|p1a: Overseer|Shadow Ball|p2a: number(nine)
|-damage|p2a: number(nine)|73/100
|-unboost|p2a: number(nine)|spd|1
|move|p2a: number(nine)|Salt Cure|p1a: Overseer
|-damage|p1a: Overseer|94/100
|-start|p1a: Overseer|Salt Cure
|
|-heal|p2a: number(nine)|79/100|[from] item: Leftovers
|-damage|p1a: Overseer|82/100|[from] Salt Cure
|upkeep
|turn|5
|c|☆spotifytweaks|dawgg too many people watching
|
|t:|1760318322
|switch|p1a: Behemoth|Great Tusk, shiny|100/100
|move|p2a: number(nine)|Salt Cure|p1a: Behemoth
|-resisted|p1a: Behemoth
|-damage|p1a: Behemoth|98/100
|-start|p1a: Behemoth|Salt Cure
|
|-heal|p2a: number(nine)|86/100|[from] item: Leftovers
|-damage|p1a: Behemoth|86/100|[from] Salt Cure
|upkeep
|turn|6
|
|t:|1760318328
|move|p2a: number(nine)|Protect|p2a: number(nine)
|-singleturn|p2a: number(nine)|Protect
|move|p1a: Behemoth|Rapid Spin|p2a: number(nine)
|-activate|p2a: number(nine)|move: Protect
|
|-heal|p2a: number(nine)|92/100|[from] item: Leftovers
|-damage|p1a: Behemoth|73/100|[from] Salt Cure
|upkeep
|turn|7
|
|t:|1760318333
|switch|p2a: murakami|Gholdengo, shiny|100/100
|move|p1a: Behemoth|Rapid Spin|p2a: murakami
|-immune|p2a: murakami
|
|-damage|p1a: Behemoth|61/100|[from] Salt Cure
|upkeep
|turn|8
|
|t:|1760318344
|switch|p2a: comme des garcon|Landorus-Therian, M, shiny|100/100
|-ability|p2a: comme des garcon|Intimidate|boost
|-unboost|p1a: Behemoth|atk|1
|move|p1a: Behemoth|Headlong Rush|p2a: comme des garcon
|-immune|p2a: comme des garcon
|
|-damage|p1a: Behemoth|48/100|[from] Salt Cure
|upkeep
|turn|9
|
|t:|1760318354
|-end|p1a: Behemoth|Protosynthesis|[silent]
|switch|p1a: Overseer|Pecharunt|82/100
|-damage|p1a: Overseer|69/100|[from] Stealth Rock
|move|p2a: comme des garcon|Grass Knot|p1a: Overseer
|-resisted|p1a: Overseer
|-damage|p1a: Overseer|67/100
|-damage|p2a: comme des garcon|84/100|[from] item: Rocky Helmet|[of] p1a: Overseer
|
|upkeep
|turn|10
|j| Tara yummy
|c|☆i may be rezz|aight that was shit from me
|
|t:|1760318369
|switch|p2a: number(nine)|Garganacl, M, shiny|92/100
|move|p1a: Overseer|Recover|p1a: Overseer
|-heal|p1a: Overseer|100/100
|
|-heal|p2a: number(nine)|98/100|[from] item: Leftovers
|upkeep
|turn|11
|
|t:|1760318373
|move|p1a: Overseer|Parting Shot|p2a: number(nine)
|-unboost|p2a: number(nine)|atk|1
|-unboost|p2a: number(nine)|spa|1
|c| Amx-goatt|Tara yummy yr so fine
|l| Amx-goatt
|
|t:|1760318401
|switch|p1a: Behemoth|Great Tusk, shiny|48/100|[from] Parting Shot
|move|p2a: number(nine)|Salt Cure|p1a: Behemoth
|-resisted|p1a: Behemoth
|-damage|p1a: Behemoth|47/100
|-start|p1a: Behemoth|Salt Cure
|
|-heal|p2a: number(nine)|100/100|[from] item: Leftovers
|-damage|p1a: Behemoth|34/100|[from] Salt Cure
|upkeep
|turn|12
|j| Amx-goatt
|
|t:|1760318411
|move|p2a: number(nine)|Protect|p2a: number(nine)
|-singleturn|p2a: number(nine)|Protect
|move|p1a: Behemoth|Rapid Spin|p2a: number(nine)
|-activate|p2a: number(nine)|move: Protect
|
|-damage|p1a: Behemoth|22/100|[from] Salt Cure
|upkeep
|turn|13
|
|t:|1760318418
|switch|p2a: comme des garcon|Landorus-Therian, M, shiny|84/100
|-ability|p2a: comme des garcon|Intimidate|boost
|-unboost|p1a: Behemoth|atk|1
|move|p1a: Behemoth|Headlong Rush|p2a: comme des garcon
|-immune|p2a: comme des garcon
|
|-damage|p1a: Behemoth|10/100|[from] Salt Cure
|upkeep
|turn|14
|c| Tara yummy|Hop of my clih amx-goat
|
|t:|1760318433
|-end|p1a: Behemoth|Protosynthesis|[silent]
|switch|p1a: Overseer|Pecharunt|100/100
|-damage|p1a: Overseer|88/100|[from] Stealth Rock
|move|p2a: comme des garcon|Earthquake|p1a: Overseer
|-supereffective|p1a: Overseer
|-damage|p1a: Overseer|37/100
|
|upkeep
|turn|15
|
|t:|1760318441
|switch|p1a: Chaos|Heatran, M, shiny|100/100
|-damage|p1a: Chaos|88/100|[from] Stealth Rock
|-item|p1a: Chaos|Air Balloon
|move|p2a: comme des garcon|Earthquake|p1a: Chaos
|-immune|p1a: Chaos
|
|upkeep
|turn|16
|j| SMLT2SDM_Celestial
|
|t:|1760318448
|switch|p2a: number(nine)|Garganacl, M, shiny|100/100
|move|p1a: Chaos|Stealth Rock|p2a: number(nine)
|-sidestart|p2: i may be rezz|move: Stealth Rock
|
|upkeep
|turn|17
|
|t:|1760318454
|switch|p1a: Overseer|Pecharunt|37/100
|-damage|p1a: Overseer|25/100|[from] Stealth Rock
|move|p2a: number(nine)|Salt Cure|p1a: Overseer
|-damage|p1a: Overseer|18/100
|-start|p1a: Overseer|Salt Cure
|
|-damage|p1a: Overseer|6/100|[from] Salt Cure
|upkeep
|turn|18
|
|t:|1760318463
|switch|p2a: enfants riches|Weezing-Galar, M, shiny|100/100
|-ability|p2a: enfants riches|Neutralizing Gas
|move|p1a: Overseer|Recover|p1a: Overseer
|-heal|p1a: Overseer|56/100
|
|-damage|p1a: Overseer|43/100|[from] Salt Cure
|upkeep
|turn|19
|l| SMLT2SDM_Celestial
|l| Tara yummy
|c| 1 pidgey fan|spot
|c|☆spotifytweaks|stfu
|c| 1 pidgey fan|win
|c|☆spotifytweaks|i cant
|inactive|spotifytweaks has 270 seconds left.
|c|☆spotifytweaks|i hate gwheezy teams
|j| SMLT2SDM_Celestial
|
|t:|1760318521
|move|p1a: Overseer|Malignant Chain|p2a: enfants riches
|-damage|p2a: enfants riches|57/100
|move|p2a: enfants riches|Will-O-Wisp|p1a: Overseer
|-status|p1a: Overseer|brn
|
|-damage|p1a: Overseer|37/100 brn|[from] brn
|-damage|p1a: Overseer|25/100 brn|[from] Salt Cure
|upkeep
|turn|20
|l| 1 pidgey fan
|c| SMLT2SDM_Celestial|garganacl fuck!
|
|t:|1760318535
|-end|p2a: enfants riches|ability: Neutralizing Gas
|switch|p2a: number(nine)|Garganacl, M, shiny|100/100
|-damage|p2a: number(nine)|88/100|[from] Stealth Rock
|move|p1a: Overseer|Recover|p1a: Overseer
|-heal|p1a: Overseer|75/100 brn
|
|-heal|p2a: number(nine)|94/100|[from] item: Leftovers
|-damage|p1a: Overseer|69/100 brn|[from] brn
|-damage|p1a: Overseer|56/100 brn|[from] Salt Cure
|upkeep
|turn|21
|
|t:|1760318544
|move|p1a: Overseer|Parting Shot|p2a: number(nine)
|-unboost|p2a: number(nine)|atk|1
|-unboost|p2a: number(nine)|spa|1
|
|t:|1760318562
|switch|p1a: Bandit|Weavile, M, shiny|16/100|[from] Parting Shot
|-damage|p1a: Bandit|0 fnt|[from] Stealth Rock
|faint|p1a: Bandit
|move|p2a: number(nine)|Salt Cure|p1: Bandit|[notarget]
|-fail|p2a: number(nine)
|
|-heal|p2a: number(nine)|100/100|[from] item: Leftovers
|upkeep
|
|t:|1760318564
|switch|p1a: Anonymous|Ogerpon, F|100/100
|-damage|p1a: Anonymous|88/100|[from] Stealth Rock
|turn|22
|
|t:|1760318580
|move|p1a: Anonymous|Knock Off|p2a: number(nine)
|-damage|p2a: number(nine)|72/100
|-enditem|p2a: number(nine)|Leftovers|[from] move: Knock Off|[of] p1a: Anonymous
|move|p2a: number(nine)|Salt Cure|p1a: Anonymous
|-damage|p1a: Anonymous|77/100
|-start|p1a: Anonymous|Salt Cure
|
|-damage|p1a: Anonymous|65/100|[from] Salt Cure
|upkeep
|turn|23
|
|t:|1760318588
|switch|p1a: Overseer|Pecharunt|56/100 brn
|-damage|p1a: Overseer|44/100 brn|[from] Stealth Rock
|move|p2a: number(nine)|Protect||[still]
|-fail|p2a: number(nine)
|
|-damage|p1a: Overseer|38/100 brn|[from] brn
|upkeep
|turn|24
|
|t:|1760318598
|switch|p2a: comme des garcon|Landorus-Therian, M, shiny|84/100
|-damage|p2a: comme des garcon|72/100|[from] Stealth Rock
|-ability|p2a: comme des garcon|Intimidate|boost
|-unboost|p1a: Overseer|atk|1
|move|p1a: Overseer|Recover|p1a: Overseer
|-heal|p1a: Overseer|88/100 brn
|
|-damage|p1a: Overseer|82/100 brn|[from] brn
|upkeep
|turn|25
|
|t:|1760318604
|move|p2a: comme des garcon|U-turn|p1a: Overseer
|-resisted|p1a: Overseer
|-damage|p1a: Overseer|79/100 brn
|-damage|p2a: comme des garcon|55/100|[from] item: Rocky Helmet|[of] p1a: Overseer
|
|t:|1760318617
|switch|p2a: number(nine)|Garganacl, M, shiny|72/100|[from] U-turn
|-damage|p2a: number(nine)|60/100|[from] Stealth Rock
|move|p1a: Overseer|Parting Shot|p2a: number(nine)
|-unboost|p2a: number(nine)|atk|1
|-unboost|p2a: number(nine)|spa|1
|
|t:|1760318622
|switch|p1a: Anonymous|Ogerpon, F|65/100|[from] Parting Shot
|-damage|p1a: Anonymous|52/100|[from] Stealth Rock
|
|upkeep
|turn|26
|l| SMLT2SDM_Celestial
|
|t:|1760318637
|switch|p2a: balenciaga|Zamazenta, shiny|100/100
|-ability|p2a: balenciaga|Dauntless Shield|boost
|-boost|p2a: balenciaga|def|1
|move|p1a: Anonymous|Ivy Cudgel|p2a: balenciaga
|-crit|p2a: balenciaga
|-damage|p2a: balenciaga|7/100
|
|upkeep
|turn|27
|
|t:|1760318646
|-terastallize|p1a: Anonymous|Grass
|detailschange|p1a: Anonymous|Ogerpon-Teal-Tera, F, tera:Grass
|-ability|p1a: Anonymous|Embody Aspect (Teal)|boost
|-boost|p1a: Anonymous|spe|1
|move|p1a: Anonymous|Ivy Cudgel|p2a: balenciaga
|-damage|p2a: balenciaga|0 fnt
|faint|p2a: balenciaga
|
|upkeep
|c|☆i may be rezz|why am i always getting crit
|
|t:|1760318668
|switch|p2a: goyard|Kyurem, shiny|100/100
|-damage|p2a: goyard|76/100|[from] Stealth Rock
|-ability|p2a: goyard|Pressure
|turn|28
|c| Amx-goatt|did you see what I done
|c| Amx-goatt|came in a black benz
|c| Amx-goatt|left in a white one
|
|t:|1760318688
|switch|p1a: Chaos|Heatran, M, shiny|88/100
|-damage|p1a: Chaos|76/100|[from] Stealth Rock
|-item|p1a: Chaos|Air Balloon
|move|p2a: goyard|Substitute|p2a: goyard
|-start|p2a: goyard|Substitute
|-damage|p2a: goyard|51/100
|
|-heal|p2a: goyard|57/100|[from] item: Leftovers
|upkeep
|turn|29
|c| Amx-goatt|❤️‍🩹
|
|t:|1760318695
|move|p2a: goyard|Freeze-Dry|p1a: Chaos
|-resisted|p1a: Chaos
|-damage|p1a: Chaos|67/100
|-status|p1a: Chaos|frz
|-enditem|p1a: Chaos|Air Balloon
|cant|p1a: Chaos|frz
|
|-heal|p2a: goyard|63/100|[from] item: Leftovers
|upkeep
|turn|30
|
|t:|1760318703
|switch|p1a: Celestine|Primarina, M, shiny|100/100
|-damage|p1a: Celestine|88/100|[from] Stealth Rock
|move|p2a: goyard|Earth Power|p1a: Celestine
|-damage|p1a: Celestine|71/100
|
|-heal|p2a: goyard|69/100|[from] item: Leftovers
|upkeep
|turn|31
|j| SMLT2SDM_Celestial
|
|t:|1760318717
|move|p2a: goyard|Freeze-Dry|p1a: Celestine
|-supereffective|p1a: Celestine
|-damage|p1a: Celestine|30/100
|move|p1a: Celestine|Moonblast|p2a: goyard
|-supereffective|p2a: goyard
|-end|p2a: goyard|Substitute
|
|-heal|p2a: goyard|75/100|[from] item: Leftovers
|upkeep
|turn|32
|
|t:|1760318723
|move|p2a: goyard|Freeze-Dry|p1a: Celestine
|-supereffective|p1a: Celestine
|-damage|p1a: Celestine|0 fnt
|faint|p1a: Celestine
|
|-heal|p2a: goyard|81/100|[from] item: Leftovers
|upkeep
|c| SMLT2SDM_Celestial|now kyurem sweeps
|inactive|spotifytweaks has 270 seconds left.
|
|t:|1760318754
|switch|p1a: Overseer|Pecharunt|79/100 brn
|-damage|p1a: Overseer|66/100 brn|[from] Stealth Rock
|turn|33
|j| smogonpro69
|
|t:|1760318766
|move|p2a: goyard|Earth Power|p1a: Overseer
|-supereffective|p1a: Overseer
|-damage|p1a: Overseer|7/100 brn
|move|p1a: Overseer|Malignant Chain|p2a: goyard
|-damage|p2a: goyard|52/100
|
|-heal|p2a: goyard|58/100|[from] item: Leftovers
|-damage|p1a: Overseer|1/100 brn|[from] brn
|upkeep
|turn|34
|c| SMLT2SDM_Celestial|if tusk proto non spe or scarf
|
|t:|1760318780
|move|p2a: goyard|Freeze-Dry|p1a: Overseer
|-damage|p1a: Overseer|0 fnt
|faint|p1a: Overseer
|
|-heal|p2a: goyard|64/100|[from] item: Leftovers
|upkeep
|
|t:|1760318783
|switch|p1a: Anonymous|Ogerpon-Teal-Tera, F, tera:Grass|52/100
|-damage|p1a: Anonymous|40/100|[from] Stealth Rock
|-ability|p1a: Anonymous|Embody Aspect (Teal)|boost
|-boost|p1a: Anonymous|spe|1
|turn|35
|
|t:|1760318789
|move|p1a: Anonymous|Ivy Cudgel|p2a: goyard
|-resisted|p2a: goyard
|-damage|p2a: goyard|19/100
|move|p2a: goyard|Freeze-Dry|p1a: Anonymous
|-supereffective|p1a: Anonymous
|-damage|p1a: Anonymous|0 fnt
|faint|p1a: Anonymous
|detailschange|p1: Anonymous|Ogerpon, F|[silent]
|
|-heal|p2a: goyard|25/100|[from] item: Leftovers
|upkeep
|c|☆spotifytweaks|ggs
|-message|spotifytweaks forfeited.
|
|win|i may be rezz
|c|☆i may be rezz|gg
|c| SMLT2SDM_Celestial|Sob
|l|☆i may be rezz
|player|p2|
