|j|☆cdcs3 pietro
|j|☆YMB Inc
|t:|1760404140
|gametype|singles
|player|p1|cdcs3 pietro|aromalady|1499
|player|p2|YMB Inc|bruno-gen2|1486
|gen|9
|tier|[Gen 9] OU
|rated|
|rule|HP Percentage Mod: HP is shown in percentages
|rule|Endless Battle Clause: Forcing endless battles is banned
|rule|Species Clause: Limit one of each Pokémon
|rule|OHKO Clause: OHKO moves are banned
|rule|Evasion Items Clause: Evasion items are banned
|rule|Evasion Moves Clause: Evasion moves are banned
|rule|Evasion Abilities Clause: Evasion abilities are banned
|rule|Sleep Moves Clause: Sleep-inducing moves are banned
|clearpoke
|poke|p1|Gholdengo|
|poke|p1|Darkrai|
|poke|p1|Zamazenta-*|
|poke|p1|Raging Bolt|
|poke|p1|Landorus-Therian, M|
|poke|p1|Dragonite, M|
|poke|p2|Enamorus, F|
|poke|p2|Slowking-Galar, M|
|poke|p2|Gholdengo|
|poke|p2|Kingambit, M|
|poke|p2|Iron Treads|
|poke|p2|Alomomola, F|
|teampreview
|inactive|Battle timer is ON: inactive players will automatically lose when time's up. (requested by YMB Inc)
|
|t:|1760404166
|teamsize|p1|6
|teamsize|p2|6
|start
|switch|p1a: Landorus|Landorus-Therian, M|100/100
|switch|p2a: Iron Treads|Iron Treads|100/100
|-ability|p1a: Landorus|Intimidate|boost
|-unboost|p2a: Iron Treads|atk|1
|-enditem|p2a: Iron Treads|Booster Energy
|-activate|p2a: Iron Treads|ability: Quark Drive|[fromitem]
|-start|p2a: Iron Treads|quarkdrivespe
|turn|1
|
|t:|1760404179
|-end|p2a: Iron Treads|Quark Drive|[silent]
|switch|p2a: Alomomola|Alomomola, F|100/100
|move|p1a: Landorus|Stealth Rock|p2a: Alomomola
|-sidestart|p2: YMB Inc|move: Stealth Rock
|
|upkeep
|turn|2
|
|t:|1760404186
|move|p1a: Landorus|U-turn|p2a: Alomomola
|-damage|p2a: Alomomola|90/100
|
|t:|1760404194
|switch|p1a: Darkrai|Darkrai|100/100|[from] U-turn
|move|p2a: Alomomola|Flip Turn|p1a: Darkrai
|-damage|p1a: Darkrai|80/100
|inactive|YMB Inc has 120 seconds left.
|
|t:|1760404230
|switch|p2a: Slowking|Slowking-Galar, M|100/100|[from] Flip Turn
|
|-heal|p1a: Darkrai|86/100|[from] item: Leftovers
|upkeep
|turn|3
|
|t:|1760404236
|switch|p1a: Landorus|Landorus-Therian, M|100/100
|-ability|p1a: Landorus|Intimidate|boost
|-unboost|p2a: Slowking|atk|1
|move|p2a: Slowking|Thunder Wave|p1a: Landorus
|-immune|p1a: Landorus
|
|upkeep
|turn|4
|
|t:|1760404250
|switch|p2a: Alomomola|Alomomola, F|100/100
|move|p1a: Landorus|U-turn|p2a: Alomomola
|-damage|p2a: Alomomola|90/100
|
|t:|1760404255
|switch|p1a: Darkrai|Darkrai|86/100|[from] U-turn
|
|-heal|p1a: Darkrai|92/100|[from] item: Leftovers
|upkeep
|turn|5
|
|t:|1760404263
|move|p1a: Darkrai|Nasty Plot|p1a: Darkrai
|-boost|p1a: Darkrai|spa|2
|move|p2a: Alomomola|Flip Turn|p1a: Darkrai
|-crit|p1a: Darkrai
|-damage|p1a: Darkrai|59/100
|
|t:|1760404288
|switch|p2a: Gholdengo|Gholdengo|100/100|[from] Flip Turn
|-damage|p2a: Gholdengo|94/100|[from] Stealth Rock
|-item|p2a: Gholdengo|Air Balloon
|
|-heal|p1a: Darkrai|65/100|[from] item: Leftovers
|upkeep
|turn|6
|
|t:|1760404300
|-terastallize|p2a: Gholdengo|Fairy
|move|p1a: Darkrai|Sludge Bomb|p2a: Gholdengo
|-supereffective|p2a: Gholdengo
|-damage|p2a: Gholdengo|0 fnt
|-enditem|p2a: Gholdengo|Air Balloon
|faint|p2a: Gholdengo
|
|-heal|p1a: Darkrai|71/100|[from] item: Leftovers
|upkeep
|-message|YMB Inc forfeited.
|
|win|cdcs3 pietro
|raw|cdcs3 pietro's rating: 1499 &rarr; <strong>1518</strong><br />(+19 for winning)
|raw|YMB Inc's rating: 1486 &rarr; <strong>1467</strong><br />(-19 for losing)
