|j|☆Fachemaispasfacho
|j|☆kbbl
|t:|1760302453
|gametype|singles
|player|p1|Fachemaispasfacho|backpacker|1336
|player|p2|kbbl|2|1346
|gen|9
|tier|[Gen 9] OU
|rated|
|rule|HP Percentage Mod: HP is shown in percentages
|rule|Endless Battle Clause: Forcing endless battles is banned
|rule|Species Clause: Limit one of each Pokémon
|rule|OHKO Clause: OHKO moves are banned
|rule|Evasion Items Clause: Evasion items are banned
|rule|Evasion Moves Clause: Evasion moves are banned
|rule|Evasion Abilities Clause: Evasion abilities are banned
|rule|Sleep Moves Clause: Sleep-inducing moves are banned
|clearpoke
|poke|p1|Golduck, M|
|poke|p1|Dragapult, M|
|poke|p1|Zapdos|
|poke|p1|Pelipper, M|
|poke|p1|Iron Treads|
|poke|p1|Samurott-Hisui, M|
|poke|p2|Landorus-Therian, M|
|poke|p2|Samurott-Hisui, F|
|poke|p2|Pecharunt|
|poke|p2|Scizor, F|
|poke|p2|Latios, M|
|poke|p2|Zamazenta-*|
|teampreview
|
|t:|1760302464
|teamsize|p1|6
|teamsize|p2|6
|start
|switch|p1a: BigBird|Zapdos|100/100
|switch|p2a: Samurott|Samurott-Hisui, F|100/100
|turn|1
|
|t:|1760302468
|move|p2a: Samurott|Ceaseless Edge|p1a: BigBird|[miss]
|-miss|p2a: Samurott|p1a: BigBird
|move|p1a: BigBird|Thunder|p2a: Samurott
|-supereffective|p2a: Samurott
|-damage|p2a: Samurott|19/100
|
|upkeep
|turn|2
|
|t:|1760302473
|move|p2a: Samurott|Ceaseless Edge|p1a: BigBird
|-damage|p1a: BigBird|67/100
|-status|p2a: Samurott|par|[from] ability: Static|[of] p1a: BigBird
|-sidestart|p1: Fachemaispasfacho|Spikes
|move|p1a: BigBird|U-turn|p2a: Samurott
|-supereffective|p2a: Samurott
|-damage|p2a: Samurott|0 fnt
|faint|p2a: Samurott
|
|t:|1760302476
|switch|p1a: WingedRat|Pelipper, M|100/100|[from] U-turn
|-weather|RainDance|[from] ability: Drizzle|[of] p1a: WingedRat
|
|-weather|RainDance|[upkeep]
|upkeep
|
|t:|1760302491
|switch|p2a: Latios|Latios, M|100/100
|turn|3
|
|t:|1760302498
|move|p2a: Latios|Draco Meteor|p1a: WingedRat
|-damage|p1a: WingedRat|24/100
|-unboost|p2a: Latios|spa|2
|move|p1a: WingedRat|Knock Off|p2a: Latios
|-supereffective|p2a: Latios
|-damage|p2a: Latios|62/100
|-enditem|p2a: Latios|Soul Dew|[from] move: Knock Off|[of] p1a: WingedRat
|
|-weather|RainDance|[upkeep]
|upkeep
|turn|4
|
|t:|1760302506
|switch|p2a: Landorus|Landorus-Therian, M|100/100
|-ability|p2a: Landorus|Intimidate|boost
|-unboost|p1a: WingedRat|atk|1
|switch|p1a: Dauntless|Samurott-Hisui, M|100/100
|-damage|p1a: Dauntless|88/100|[from] Spikes
|
|-weather|RainDance|[upkeep]
|upkeep
|turn|5
|
|t:|1760302516
|move|p2a: Landorus|U-turn|p1a: Dauntless
|-supereffective|p1a: Dauntless
|-damage|p1a: Dauntless|40/100
|
|t:|1760302519
|switch|p2a: Zamazenta|Zamazenta|100/100|[from] U-turn
|-ability|p2a: Zamazenta|Dauntless Shield|boost
|-boost|p2a: Zamazenta|def|1
|move|p1a: Dauntless|Aqua Cutter|p2a: Zamazenta
|-damage|p2a: Zamazenta|40/100
|
|-weather|RainDance|[upkeep]
|-heal|p2a: Zamazenta|46/100|[from] item: Leftovers
|upkeep
|turn|6
|
|t:|1760302524
|move|p2a: Zamazenta|Body Press|p1a: Dauntless
|-supereffective|p1a: Dauntless
|-damage|p1a: Dauntless|0 fnt
|faint|p1a: Dauntless
|
|-weather|RainDance|[upkeep]
|-heal|p2a: Zamazenta|53/100|[from] item: Leftovers
|upkeep
|
|t:|1760302530
|switch|p1a: BigBird|Zapdos|67/100
|turn|7
|
|t:|1760302537
|switch|p2a: Landorus|Landorus-Therian, M|100/100
|-ability|p2a: Landorus|Intimidate|boost
|-unboost|p1a: BigBird|atk|1
|move|p1a: BigBird|Hurricane|p2a: Landorus
|-damage|p2a: Landorus|48/100
|-start|p2a: Landorus|confusion
|
|-weather|RainDance|[upkeep]
|upkeep
|turn|8
|
|t:|1760302554
|-activate|p2a: Landorus|confusion
|-damage|p2a: Landorus|36/100|[from] confusion
|move|p1a: BigBird|Hurricane|p2a: Landorus
|-damage|p2a: Landorus|0 fnt
|faint|p2a: Landorus
|
|-weather|RainDance|[upkeep]
|upkeep
|
|t:|1760302569
|switch|p2a: Latios|Latios, M|62/100
|turn|9
|
|t:|1760302573
|move|p2a: Latios|Draco Meteor|p1a: BigBird
|-damage|p1a: BigBird|0 fnt
|-unboost|p2a: Latios|spa|2
|faint|p1a: BigBird
|
|-weather|none
|upkeep
|
|t:|1760302583
|switch|p1a: WingedRat|Pelipper, M|24/100
|-weather|RainDance|[from] ability: Drizzle|[of] p1a: WingedRat
|turn|10
|
|t:|1760302590
|move|p2a: Latios|Psychic Noise|p1a: WingedRat
|-damage|p1a: WingedRat|6/100
|-start|p1a: WingedRat|move: Heal Block
|cant|p1a: WingedRat|move: Heal Block|Roost
|
|-weather|RainDance|[upkeep]
|upkeep
|turn|11
|
|t:|1760302598
|move|p2a: Latios|Draco Meteor|p1a: WingedRat
|-damage|p1a: WingedRat|0 fnt
|-unboost|p2a: Latios|spa|2
|faint|p1a: WingedRat
|
|-weather|RainDance|[upkeep]
|upkeep
|
|t:|1760302601
|switch|p1a: Misty's Psyduck|Golduck, M|100/100
|-damage|p1a: Misty's Psyduck|88/100|[from] Spikes
|turn|12
|
|t:|1760302607
|move|p1a: Misty's Psyduck|Nasty Plot|p1a: Misty's Psyduck
|-boost|p1a: Misty's Psyduck|spa|2
|move|p2a: Latios|Recover|p2a: Latios
|-heal|p2a: Latios|100/100
|
|-weather|RainDance|[upkeep]
|upkeep
|turn|13
|
|t:|1760302613
|move|p1a: Misty's Psyduck|Ice Beam|p2a: Latios
|-supereffective|p2a: Latios
|-damage|p2a: Latios|0 fnt
|faint|p2a: Latios
|-damage|p1a: Misty's Psyduck|78/100|[from] item: Life Orb
|
|-weather|RainDance|[upkeep]
|upkeep
|
|t:|1760302617
|switch|p2a: Pecharunt|Pecharunt|100/100
|turn|14
|
|t:|1760302622
|move|p1a: Misty's Psyduck|Surf|p2a: Pecharunt
|-damage|p2a: Pecharunt|0 fnt
|faint|p2a: Pecharunt
|-damage|p1a: Misty's Psyduck|68/100|[from] item: Life Orb
|
|-weather|RainDance|[upkeep]
|upkeep
|
|t:|1760302626
|switch|p2a: Zamazenta|Zamazenta|53/100
|turn|15
|
|t:|1760302630
|move|p1a: Misty's Psyduck|Surf|p2a: Zamazenta
|-damage|p2a: Zamazenta|0 fnt
|faint|p2a: Zamazenta
|-damage|p1a: Misty's Psyduck|58/100|[from] item: Life Orb
|
|-weather|RainDance|[upkeep]
|upkeep
|
|t:|1760302632
|switch|p2a: Scizor|Scizor, F|100/100
|turn|16
|-message|kbbl forfeited.
|
|win|Fachemaispasfacho
|raw|Fachemaispasfacho's rating: 1336 &rarr; <strong>1357</strong><br />(+21 for winning)
|raw|kbbl's rating: 1346 &rarr; <strong>1325</strong><br />(-21 for losing)
|l|☆kbbl
|player|p2|
|l|☆Fachemaispasfacho
|player|p1|
