|j|☆ty-tyui↻
|j|☆ScarfyX_X
|t:|1760388869
|gametype|singles
|player|p1|ty-tyui↻|ogreclan|1628
|player|p2|ScarfyX_X|miku-psychic|1574
|gen|9
|tier|[Gen 9] OU
|rated|
|rule|HP Percentage Mod: HP is shown in percentages
|rule|Endless Battle Clause: Forcing endless battles is banned
|rule|Species Clause: Limit one of each Pokémon
|rule|OHKO Clause: OHKO moves are banned
|rule|Evasion Items Clause: Evasion items are banned
|rule|Evasion Moves Clause: Evasion moves are banned
|rule|Evasion Abilities Clause: Evasion abilities are banned
|rule|Sleep Moves Clause: Sleep-inducing moves are banned
|clearpoke
|poke|p1|Rillaboom, M|
|poke|p1|Great Tusk|
|poke|p1|Latias, F|
|poke|p1|Pecharunt|
|poke|p1|Samurott-Hisui, M|
|poke|p1|Darkrai|
|poke|p2|Samurott-Hisui, F|
|poke|p2|Indeedee, M|
|poke|p2|Corviknight, M|
|poke|p2|Ninetales-Alola, F|
|poke|p2|Ceruledge, F|
|poke|p2|Zamazenta-*|
|teampreview
|inactive|Battle timer is ON: inactive players will automatically lose when time's up. (requested by ScarfyX_X)
|
|t:|1760388884
|teamsize|p1|6
|teamsize|p2|6
|start
|switch|p1a: Darkrai|Darkrai|100/100
|switch|p2a: Corviknight|Corviknight, M|100/100
|turn|1
|
|t:|1760388889
|move|p1a: Darkrai|Trick|p2a: Corviknight
|-activate|p1a: Darkrai|move: Trick|[of] p2a: Corviknight
|-item|p2a: Corviknight|Choice Scarf|[from] move: Trick
|-item|p1a: Darkrai|Rocky Helmet|[from] move: Trick
|move|p2a: Corviknight|Brave Bird|p1a: Darkrai
|-damage|p1a: Darkrai|45/100
|-damage|p2a: Corviknight|84/100|[from] item: Rocky Helmet|[of] p1a: Darkrai
|-damage|p2a: Corviknight|68/100|[from] Recoil
|
|upkeep
|turn|2
|
|t:|1760388897
|switch|p1a: Pecharunt|Pecharunt|100/100
|switch|p2a: Samurott|Samurott-Hisui, F|100/100
|
|upkeep
|turn|3
|
|t:|1760388902
|move|p2a: Samurott|Ceaseless Edge|p1a: Pecharunt
|-supereffective|p1a: Pecharunt
|-damage|p1a: Pecharunt|62/100
|-sidestart|p1: ty-tyui↻|Spikes
|move|p1a: Pecharunt|Malignant Chain|p2a: Samurott
|-damage|p2a: Samurott|67/100
|
|upkeep
|turn|4
|
|t:|1760388914
|move|p2a: Samurott|Ceaseless Edge|p1a: Pecharunt
|-supereffective|p1a: Pecharunt
|-damage|p1a: Pecharunt|21/100
|-sidestart|p1: ty-tyui↻|Spikes
|move|p1a: Pecharunt|Recover|p1a: Pecharunt
|-heal|p1a: Pecharunt|71/100
|
|upkeep
|turn|5
|
|t:|1760388920
|switch|p1a: Great Tusk|Great Tusk|100/100
|move|p2a: Samurott|Ceaseless Edge|p1a: Great Tusk
|-resisted|p1a: Great Tusk
|-damage|p1a: Great Tusk|83/100
|-sidestart|p1: ty-tyui↻|Spikes
|
|upkeep
|turn|6
|
|t:|1760388924
|switch|p2a: Corviknight|Corviknight, M|68/100
|move|p1a: Great Tusk|Rapid Spin|p2a: Corviknight
|-resisted|p2a: Corviknight
|-damage|p2a: Corviknight|62/100
|-boost|p1a: Great Tusk|spe|1
|-sideend|p1: ty-tyui↻|Spikes|[from] move: Rapid Spin|[of] p1a: Great Tusk
|
|upkeep
|turn|7
|
|t:|1760388928
|move|p1a: Great Tusk|Stealth Rock|p2a: Corviknight
|-sidestart|p2: ScarfyX_X|move: Stealth Rock
|move|p2a: Corviknight|Brave Bird|p1a: Great Tusk
|-supereffective|p1a: Great Tusk
|-damage|p1a: Great Tusk|18/100
|-damage|p2a: Corviknight|38/100|[from] Recoil
|
|upkeep
|turn|8
|
|t:|1760388938
|-end|p1a: Great Tusk|Protosynthesis|[silent]
|switch|p1a: Samurott|Samurott-Hisui, M|100/100
|switch|p2a: Ceruledge|Ceruledge, F|100/100
|-damage|p2a: Ceruledge|76/100|[from] Stealth Rock
|
|upkeep
|turn|9
|
|t:|1760388942
|move|p2a: Ceruledge|Close Combat|p1a: Samurott
|-supereffective|p1a: Samurott
|-damage|p1a: Samurott|15/100
|-unboost|p2a: Ceruledge|def|1
|-unboost|p2a: Ceruledge|spd|1
|move|p1a: Samurott|Ceaseless Edge|p2a: Ceruledge
|-supereffective|p2a: Ceruledge
|-damage|p2a: Ceruledge|0 fnt
|-sidestart|p2: ScarfyX_X|Spikes
|faint|p2a: Ceruledge
|
|upkeep
|
|t:|1760388949
|switch|p2a: Zamazenta|Zamazenta|100/100
|-damage|p2a: Zamazenta|94/100|[from] Stealth Rock
|-damage|p2a: Zamazenta|82/100|[from] Spikes
|-ability|p2a: Zamazenta|Dauntless Shield|boost
|-boost|p2a: Zamazenta|def|1
|turn|10
|
|t:|1760388956
|switch|p1a: Pecharunt|Pecharunt|71/100
|move|p2a: Zamazenta|Crunch|p1a: Pecharunt
|-supereffective|p1a: Pecharunt
|-damage|p1a: Pecharunt|47/100
|
|upkeep
|turn|11
|
|t:|1760388962
|move|p2a: Zamazenta|Crunch|p1a: Pecharunt
|-supereffective|p1a: Pecharunt
|-damage|p1a: Pecharunt|24/100
|move|p1a: Pecharunt|Recover|p1a: Pecharunt
|-heal|p1a: Pecharunt|74/100
|
|upkeep
|turn|12
|
|t:|1760388966
|switch|p2a: Corviknight|Corviknight, M|38/100
|-damage|p2a: Corviknight|26/100|[from] Stealth Rock
|move|p1a: Pecharunt|Malignant Chain|p2a: Corviknight
|-immune|p2a: Corviknight
|
|upkeep
|turn|13
|
|t:|1760388972
|move|p2a: Corviknight|Defog|p1a: Pecharunt
|-unboost|p1a: Pecharunt|evasion|1
|-sideend|p2: ScarfyX_X|Spikes|[from] move: Defog|[of] p2a: Corviknight
|-sideend|p2: ScarfyX_X|Stealth Rock|[from] move: Defog|[of] p2a: Corviknight
|move|p1a: Pecharunt|Night Shade|p2a: Corviknight
|-damage|p2a: Corviknight|0 fnt
|faint|p2a: Corviknight
|
|upkeep
|
|t:|1760388976
|switch|p2a: Indeedee|Indeedee, M|100/100
|-fieldstart|move: Psychic Terrain|[from] ability: Psychic Surge|[of] p2a: Indeedee
|turn|14
|
|t:|1760388982
|switch|p1a: Great Tusk|Great Tusk|18/100
|move|p2a: Indeedee|Trick|p1a: Great Tusk
|-activate|p2a: Indeedee|move: Trick|[of] p1a: Great Tusk
|-item|p1a: Great Tusk|Choice Scarf|[from] move: Trick
|-item|p2a: Indeedee|Heavy-Duty Boots|[from] move: Trick
|
|upkeep
|turn|15
|
|t:|1760388989
|switch|p2a: Zamazenta|Zamazenta|82/100
|move|p1a: Great Tusk|Stealth Rock|p2a: Zamazenta
|-sidestart|p2: ScarfyX_X|move: Stealth Rock
|
|upkeep
|turn|16
|
|t:|1760388994
|-end|p1a: Great Tusk|Protosynthesis|[silent]
|switch|p1a: Pecharunt|Pecharunt|74/100
|move|p2a: Zamazenta|Crunch|p1a: Pecharunt
|-supereffective|p1a: Pecharunt
|-damage|p1a: Pecharunt|49/100
|
|upkeep
|turn|17
|
|t:|1760388999
|switch|p2a: Indeedee|Indeedee, M|100/100
|move|p1a: Pecharunt|Recover|p1a: Pecharunt
|-heal|p1a: Pecharunt|99/100
|
|upkeep
|turn|18
|
|t:|1760389004
|switch|p1a: Rillaboom|Rillaboom, M|100/100
|-fieldstart|move: Grassy Terrain|[from] ability: Grassy Surge|[of] p1a: Rillaboom
|move|p2a: Indeedee|Expanding Force|p1a: Rillaboom
|-damage|p1a: Rillaboom|54/100
|
|-heal|p1a: Rillaboom|60/100|[from] Grassy Terrain
|upkeep
|turn|19
|
|t:|1760389011
|switch|p2a: Zamazenta|Zamazenta|82/100
|-damage|p2a: Zamazenta|76/100|[from] Stealth Rock
|move|p1a: Rillaboom|U-turn|p2a: Zamazenta
|-resisted|p2a: Zamazenta
|-damage|p2a: Zamazenta|59/100
|
|t:|1760389014
|switch|p1a: Latias|Latias, F|100/100|[from] U-turn
|-enditem|p1a: Latias|Grassy Seed
|-boost|p1a: Latias|def|1|[from] item: Grassy Seed
|
|-heal|p2a: Zamazenta|65/100|[from] Grassy Terrain
|upkeep
|turn|20
|
|t:|1760389019
|move|p2a: Zamazenta|Crunch|p1a: Latias
|-supereffective|p1a: Latias
|-damage|p1a: Latias|71/100
|move|p1a: Latias|Agility|p1a: Latias
|-boost|p1a: Latias|spe|2
|
|-heal|p2a: Zamazenta|72/100|[from] Grassy Terrain
|upkeep
|turn|21
|
|t:|1760389024
|-terastallize|p1a: Latias|Poison
|move|p1a: Latias|Calm Mind|p1a: Latias
|-boost|p1a: Latias|spa|1
|-boost|p1a: Latias|spd|1
|move|p2a: Zamazenta|Crunch|p1a: Latias
|-damage|p1a: Latias|56/100
|-unboost|p1a: Latias|def|1
|
|-heal|p2a: Zamazenta|78/100|[from] Grassy Terrain
|upkeep
|turn|22
|
|t:|1760389039
|switch|p2a: Samurott|Samurott-Hisui, F|67/100
|-damage|p2a: Samurott|55/100|[from] Stealth Rock
|move|p1a: Latias|Calm Mind|p1a: Latias
|-boost|p1a: Latias|spa|1
|-boost|p1a: Latias|spd|1
|
|-heal|p2a: Samurott|61/100|[from] Grassy Terrain
|-fieldend|move: Grassy Terrain
|upkeep
|turn|23
|
|t:|1760389049
|move|p2a: Samurott|Sucker Punch|p1a: Latias
|-damage|p1a: Latias|32/100
|move|p1a: Latias|Aura Sphere|p2a: Samurott
|-supereffective|p2a: Samurott
|-damage|p2a: Samurott|0 fnt
|faint|p2a: Samurott
|
|upkeep
|
|t:|1760389053
|switch|p2a: Indeedee|Indeedee, M|100/100
|-fieldstart|move: Psychic Terrain|[from] ability: Psychic Surge|[of] p2a: Indeedee
|turn|24
|
|t:|1760389064
|move|p1a: Latias|Stored Power|p2a: Indeedee
|-resisted|p2a: Indeedee
|-damage|p2a: Indeedee|33/100
|move|p2a: Indeedee|Expanding Force|p1a: Latias
|-supereffective|p1a: Latias
|-damage|p1a: Latias|0 fnt
|faint|p1a: Latias
|
|upkeep
|
|t:|1760389081
|switch|p1a: Rillaboom|Rillaboom, M|60/100
|-fieldstart|move: Grassy Terrain|[from] ability: Grassy Surge|[of] p1a: Rillaboom
|turn|25
|
|t:|1760389085
|move|p1a: Rillaboom|Grassy Glide|p2a: Indeedee
|-damage|p2a: Indeedee|0 fnt
|faint|p2a: Indeedee
|
|-heal|p1a: Rillaboom|66/100|[from] Grassy Terrain
|upkeep
|
|t:|1760389090
|switch|p2a: Ninetales|Ninetales-Alola, F|100/100
|-damage|p2a: Ninetales|76/100|[from] Stealth Rock
|-weather|Snowscape|[from] ability: Snow Warning|[of] p2a: Ninetales
|turn|26
|
|t:|1760389098
|switch|p1a: Pecharunt|Pecharunt|99/100
|-terastallize|p2a: Ninetales|Fire
|move|p2a: Ninetales|Aurora Veil|p2a: Ninetales
|-sidestart|p2: ScarfyX_X|move: Aurora Veil
|
|-weather|Snowscape|[upkeep]
|-heal|p2a: Ninetales|82/100|[from] Grassy Terrain
|-heal|p1a: Pecharunt|100/100|[from] Grassy Terrain
|upkeep
|turn|27
|
|t:|1760389102
|move|p2a: Ninetales|Blizzard|p1a: Pecharunt
|-damage|p1a: Pecharunt|62/100
|move|p1a: Pecharunt|Malignant Chain|p2a: Ninetales
|-damage|p2a: Ninetales|63/100
|
|-weather|Snowscape|[upkeep]
|-heal|p2a: Ninetales|68/100|[from] Grassy Terrain
|-heal|p1a: Pecharunt|68/100|[from] Grassy Terrain
|upkeep
|turn|28
|
|t:|1760389115
|move|p2a: Ninetales|Blizzard|p1a: Pecharunt
|-damage|p1a: Pecharunt|26/100
|move|p1a: Pecharunt|Recover|p1a: Pecharunt
|-heal|p1a: Pecharunt|76/100
|
|-weather|Snowscape|[upkeep]
|-heal|p2a: Ninetales|74/100|[from] Grassy Terrain
|-heal|p1a: Pecharunt|82/100|[from] Grassy Terrain
|upkeep
|turn|29
|
|t:|1760389121
|switch|p1a: Great Tusk|Great Tusk|18/100
|move|p2a: Ninetales|Blizzard|p1a: Great Tusk
|-supereffective|p1a: Great Tusk
|-damage|p1a: Great Tusk|0 fnt
|faint|p1a: Great Tusk
|-end|p1a: Great Tusk|Protosynthesis|[silent]
|
|-weather|Snowscape|[upkeep]
|-heal|p2a: Ninetales|80/100|[from] Grassy Terrain
|-fieldend|move: Grassy Terrain
|upkeep
|
|t:|1760389149
|switch|p1a: Darkrai|Darkrai|45/100
|turn|30
|
|t:|1760389156
|move|p1a: Darkrai|Dark Pulse|p2a: Ninetales
|-damage|p2a: Ninetales|55/100
|cant|p2a: Ninetales|flinch
|
|-weather|none
|upkeep
|turn|31
|
|t:|1760389161
|move|p1a: Darkrai|Dark Pulse|p2a: Ninetales
|-damage|p2a: Ninetales|31/100
|move|p2a: Ninetales|Moonblast|p1a: Darkrai
|-supereffective|p1a: Darkrai
|-damage|p1a: Darkrai|0 fnt
|faint|p1a: Darkrai
|
|upkeep
|
|t:|1760389169
|switch|p1a: Pecharunt|Pecharunt|82/100
|turn|32
|
|t:|1760389172
|move|p2a: Ninetales|Blizzard|p1a: Pecharunt|[miss]
|-miss|p2a: Ninetales|p1a: Pecharunt
|move|p1a: Pecharunt|Malignant Chain|p2a: Ninetales
|-damage|p2a: Ninetales|13/100
|-status|p2a: Ninetales|tox
|-start|p2a: Ninetales|confusion|[from] ability: Poison Puppeteer|[of] p1a: Pecharunt
|
|-damage|p2a: Ninetales|7/100 tox|[from] psn
|upkeep
|turn|33
|
|t:|1760389180
|-activate|p2a: Ninetales|confusion
|move|p2a: Ninetales|Blizzard|p1a: Pecharunt
|-damage|p1a: Pecharunt|40/100
|move|p1a: Pecharunt|Recover|p1a: Pecharunt
|-heal|p1a: Pecharunt|90/100
|
|-damage|p2a: Ninetales|0 fnt|[from] psn
|faint|p2a: Ninetales
|-sideend|p2: ScarfyX_X|move: Aurora Veil
|upkeep
|-message|ScarfyX_X forfeited.
|
|win|ty-tyui↻
|raw|ty-tyui↻'s rating: 1628 &rarr; <strong>1645</strong><br />(+17 for winning)
|raw|ScarfyX_X's rating: 1574 &rarr; <strong>1557</strong><br />(-17 for losing)
|l|☆ScarfyX_X
|player|p2|
