|j|☆twesticles
|j|☆frostywingz
|t:|1760438548
|gametype|singles
|player|p1|twesticles|170|1214
|player|p2|frostywingz|dahlia|1263
|gen|9
|tier|[Gen 9] OU
|rated|
|rule|HP Percentage Mod: HP is shown in percentages
|rule|Endless Battle Clause: Forcing endless battles is banned
|rule|Species Clause: Limit one of each Pokémon
|rule|OHKO Clause: OHKO moves are banned
|rule|Evasion Items Clause: Evasion items are banned
|rule|Evasion Moves Clause: Evasion moves are banned
|rule|Evasion Abilities Clause: Evasion abilities are banned
|rule|Sleep Moves Clause: Sleep-inducing moves are banned
|clearpoke
|poke|p1|Great Tusk|
|poke|p1|Kingambit, M|
|poke|p1|Raging Bolt|
|poke|p1|Walking Wake|
|poke|p1|Ninetales, F|
|poke|p1|Ceruledge, M|
|poke|p2|Gyarados, M|
|poke|p2|Tsareena, F|
|poke|p2|Meowstic-F, F|
|poke|p2|Heracross, M|
|poke|p2|Iron Moth|
|poke|p2|Cinccino, F|
|teampreview
|inactive|Battle timer is ON: inactive players will automatically lose when time's up. (requested by frostywingz)
|
|t:|1760438563
|teamsize|p1|6
|teamsize|p2|6
|start
|switch|p1a: Ninetales|Ninetales, F|100/100
|switch|p2a: Gyarados|Gyarados, M|100/100
|-weather|SunnyDay|[from] ability: Drought|[of] p1a: Ninetales
|turn|1
|
|t:|1760438577
|switch|p1a: Walking Wake|Walking Wake|100/100
|-activate|p1a: Walking Wake|ability: Protosynthesis
|-start|p1a: Walking Wake|protosynthesisspe
|move|p2a: Gyarados|Dragon Dance|p2a: Gyarados
|-boost|p2a: Gyarados|atk|1
|-boost|p2a: Gyarados|spe|1
|
|-weather|SunnyDay|[upkeep]
|upkeep
|turn|2
|
|t:|1760438592
|move|p1a: Walking Wake|Draco Meteor|p2a: Gyarados
|-damage|p2a: Gyarados|28/100
|-unboost|p1a: Walking Wake|spa|2
|move|p2a: Gyarados|Earthquake|p1a: Walking Wake
|-damage|p1a: Walking Wake|48/100
|
|-weather|SunnyDay|[upkeep]
|upkeep
|turn|3
|
|t:|1760438604
|move|p1a: Walking Wake|Draco Meteor|p2a: Gyarados|[miss]
|-miss|p1a: Walking Wake|p2a: Gyarados
|move|p2a: Gyarados|Earthquake|p1a: Walking Wake
|-damage|p1a: Walking Wake|0 fnt
|faint|p1a: Walking Wake
|-end|p1a: Walking Wake|Protosynthesis|[silent]
|-ability|p2a: Gyarados|Moxie|boost
|-boost|p2a: Gyarados|atk|1
|
|-weather|SunnyDay|[upkeep]
|upkeep
|c|☆frostywingz|oof
|
|t:|1760438617
|switch|p1a: Raging Bolt|Raging Bolt|100/100
|-activate|p1a: Raging Bolt|ability: Protosynthesis
|-start|p1a: Raging Bolt|protosynthesisspa
|turn|4
|
|t:|1760438623
|-terastallize|p2a: Gyarados|Ground
|move|p1a: Raging Bolt|Thunderclap||[still]
|-fail|p1a: Raging Bolt
|move|p2a: Gyarados|Dragon Dance|p2a: Gyarados
|-boost|p2a: Gyarados|atk|1
|-boost|p2a: Gyarados|spe|1
|
|-weather|SunnyDay|[upkeep]
|upkeep
|turn|5
|
|t:|1760438628
|move|p2a: Gyarados|Earthquake|p1a: Raging Bolt
|-supereffective|p1a: Raging Bolt
|-damage|p1a: Raging Bolt|0 fnt
|faint|p1a: Raging Bolt
|-end|p1a: Raging Bolt|Protosynthesis|[silent]
|-ability|p2a: Gyarados|Moxie|boost
|-boost|p2a: Gyarados|atk|1
|
|-weather|SunnyDay|[upkeep]
|upkeep
|
|t:|1760438632
|switch|p1a: Ceruledge|Ceruledge, M|100/100
|turn|6
|
|t:|1760438638
|move|p1a: Ceruledge|Shadow Sneak|p2a: Gyarados
|-damage|p2a: Gyarados|0 fnt
|faint|p2a: Gyarados
|
|-weather|SunnyDay|[upkeep]
|upkeep
|
|t:|1760438647
|switch|p2a: Meowstic|Meowstic-F, F, shiny|100/100
|turn|7
|
|t:|1760438659
|move|p1a: Ceruledge|Shadow Sneak|p2a: Meowstic
|-supereffective|p2a: Meowstic
|-crit|p2a: Meowstic
|-damage|p2a: Meowstic|0 fnt
|faint|p2a: Meowstic
|
|-weather|SunnyDay|[upkeep]
|upkeep
|
|t:|1760438663
|switch|p2a: Cinccino|Cinccino, F|100/100
|turn|8
|inactive|twesticles has 120 seconds left.
|
|t:|1760438706
|move|p2a: Cinccino|Tidy Up|p2a: Cinccino
|-boost|p2a: Cinccino|atk|1
|-boost|p2a: Cinccino|spe|1
|move|p1a: Ceruledge|Bitter Blade|p2a: Cinccino
|-damage|p2a: Cinccino|0 fnt
|faint|p2a: Cinccino
|
|-weather|none
|upkeep
|
|t:|1760438714
|switch|p2a: Iron Moth|Iron Moth|100/100
|-enditem|p2a: Iron Moth|Booster Energy
|-activate|p2a: Iron Moth|ability: Quark Drive|[fromitem]
|-start|p2a: Iron Moth|quarkdrivespe
|turn|9
|inactive|twesticles has 120 seconds left.
|
|t:|1760438727
|move|p1a: Ceruledge|Shadow Sneak|p2a: Iron Moth
|-damage|p2a: Iron Moth|68/100
|move|p2a: Iron Moth|Sludge Wave|p1a: Ceruledge
|-resisted|p1a: Ceruledge
|-crit|p1a: Ceruledge
|-damage|p1a: Ceruledge|65/100
|
|upkeep
|turn|10
|inactive|twesticles has 120 seconds left.
|
|t:|1760438737
|move|p1a: Ceruledge|Shadow Sneak|p2a: Iron Moth
|-damage|p2a: Iron Moth|36/100
|move|p2a: Iron Moth|Sludge Wave|p1a: Ceruledge
|-resisted|p1a: Ceruledge
|-damage|p1a: Ceruledge|42/100
|-status|p1a: Ceruledge|psn
|
|-damage|p1a: Ceruledge|30/100 psn|[from] psn
|upkeep
|turn|11
|inactive|twesticles has 120 seconds left.
|
|t:|1760438746
|move|p1a: Ceruledge|Shadow Sneak|p2a: Iron Moth
|-damage|p2a: Iron Moth|0 fnt
|faint|p2a: Iron Moth
|-end|p2a: Iron Moth|Quark Drive|[silent]
|
|-damage|p1a: Ceruledge|17/100 psn|[from] psn
|upkeep
|
|t:|1760438748
|switch|p2a: Tsareena|Tsareena, F|100/100
|turn|12
|
|t:|1760438759
|move|p1a: Ceruledge|Shadow Sneak||[still]
|cant|p2a: Tsareena|ability: Queenly Majesty|Shadow Sneak|[of] p1a: Ceruledge
|move|p2a: Tsareena|Knock Off|p1a: Ceruledge
|-supereffective|p1a: Ceruledge
|-damage|p1a: Ceruledge|0 fnt
|-enditem|p1a: Ceruledge|Heavy-Duty Boots|[from] move: Knock Off|[of] p2a: Tsareena
|faint|p1a: Ceruledge
|
|upkeep
|
|t:|1760438769
|switch|p1a: Ninetales|Ninetales, F|100/100
|-weather|SunnyDay|[from] ability: Drought|[of] p1a: Ninetales
|turn|13
|
|t:|1760438777
|switch|p2a: Heracross|Heracross, M|100/100
|move|p1a: Ninetales|Overheat|p2a: Heracross
|-supereffective|p2a: Heracross
|-damage|p2a: Heracross|0 fnt
|-unboost|p1a: Ninetales|spa|2
|faint|p2a: Heracross
|
|-weather|SunnyDay|[upkeep]
|upkeep
|
|t:|1760438779
|switch|p2a: Tsareena|Tsareena, F|100/100
|turn|14
|
|t:|1760438797
|move|p1a: Ninetales|Overheat|p2a: Tsareena
|-supereffective|p2a: Tsareena
|-damage|p2a: Tsareena|52/100
|-unboost|p1a: Ninetales|spa|2
|move|p2a: Tsareena|Knock Off|p1a: Ninetales
|-damage|p1a: Ninetales|47/100
|-enditem|p1a: Ninetales|Heat Rock|[from] move: Knock Off|[of] p2a: Tsareena
|
|-weather|SunnyDay|[upkeep]
|upkeep
|turn|15
|
|t:|1760438816
|move|p1a: Ninetales|Overheat|p2a: Tsareena|[miss]
|-miss|p1a: Ninetales|p2a: Tsareena
|move|p2a: Tsareena|Petal Blizzard|p1a: Ninetales
|-resisted|p1a: Ninetales
|-damage|p1a: Ninetales|8/100
|
|-weather|SunnyDay|[upkeep]
|upkeep
|turn|16
|
|t:|1760438822
|move|p1a: Ninetales|Overheat|p2a: Tsareena
|-supereffective|p2a: Tsareena
|-damage|p2a: Tsareena|20/100
|-unboost|p1a: Ninetales|spa|2
|move|p2a: Tsareena|Knock Off|p1a: Ninetales
|-damage|p1a: Ninetales|0 fnt
|faint|p1a: Ninetales
|
|-weather|SunnyDay|[upkeep]
|upkeep
|
|t:|1760438830
|switch|p1a: Great Tusk|Great Tusk|100/100
|-activate|p1a: Great Tusk|ability: Protosynthesis
|-start|p1a: Great Tusk|protosynthesisatk
|turn|17
|
|t:|1760438836
|-terastallize|p1a: Great Tusk|Fire
|move|p1a: Great Tusk|Temper Flare|p2a: Tsareena
|-supereffective|p2a: Tsareena
|-damage|p2a: Tsareena|0 fnt
|faint|p2a: Tsareena
|
|win|twesticles
|raw|twesticles's rating: 1214 &rarr; <strong>1243</strong><br />(+29 for winning)
|raw|frostywingz's rating: 1263 &rarr; <strong>1234</strong><br />(-29 for losing)
|l|☆frostywingz
|player|p2|
|l|☆twesticles
|player|p1|
