|inactive|Battle timer is ON: inactive players will automatically lose when time's up.
|t:|1760363720
|gametype|singles
|player|p1|Fleance|youngn|
|player|p2|gsc maestro|red|
|gen|9
|tier|[Gen 9] OU
|rule|HP Percentage Mod: HP is shown in percentages
|rule|Endless Battle Clause: Forcing endless battles is banned
|rule|Species Clause: Limit one of each Pokémon
|rule|OHKO Clause: OHKO moves are banned
|rule|Evasion Items Clause: Evasion items are banned
|rule|Evasion Moves Clause: Evasion moves are banned
|rule|Evasion Abilities Clause: Evasion abilities are banned
|rule|Sleep Moves Clause: Sleep-inducing moves are banned
|clearpoke
|poke|p1|Kyurem|
|poke|p1|Corviknight, F|
|poke|p1|Ting-Lu|
|poke|p1|Dondozo, F|
|poke|p1|Slowking-Galar, M|
|poke|p1|Cinderace, F|
|poke|p2|Dragapult, M|
|poke|p2|Dragonite, F|
|poke|p2|Ting-Lu|
|poke|p2|Weezing-Galar, F|
|poke|p2|Iron Crown|
|poke|p2|Zapdos|
|teampreview
|inactive|Fleance also wants the timer to be on.
|inactive|Fleance has 270 seconds left.
|
|t:|1760363780
|teamsize|p1|6
|teamsize|p2|6
|start
|switch|p1a: Cinderace|Cinderace, F|100/100
|switch|p2a: Zapdos|Zapdos|100/100
|turn|1
|
|t:|1760363799
|switch|p1a: Ting-Lu|Ting-Lu|100/100
|-ability|p1a: Ting-Lu|Vessel of Ruin
|move|p2a: Zapdos|Hurricane|p1a: Ting-Lu
|-damage|p1a: Ting-Lu|78/100
|-start|p1a: Ting-Lu|confusion
|
|-heal|p1a: Ting-Lu|84/100|[from] item: Leftovers
|upkeep
|turn|2
|
|t:|1760363808
|switch|p2a: Weezing|Weezing-Galar, F|100/100
|-ability|p2a: Weezing|Neutralizing Gas
|-activate|p1a: Ting-Lu|confusion
|move|p1a: Ting-Lu|Earthquake|p2a: Weezing
|-supereffective|p2a: Weezing
|-damage|p2a: Weezing|55/100
|
|-heal|p1a: Ting-Lu|90/100|[from] item: Leftovers
|upkeep
|turn|3
|inactive|Fleance has 270 seconds left.
|
|t:|1760363840
|switch|p1a: Slowking|Slowking-Galar, M|100/100
|move|p2a: Weezing|Pain Split|p1a: Slowking
|-sethp|p1a: Slowking|74/100|[from] move: Pain Split|[silent]
|-sethp|p2a: Weezing|87/100|[from] move: Pain Split
|
|upkeep
|turn|4
|inactive|Fleance has 270 seconds left.
|
|t:|1760363853
|-end|p2a: Weezing|ability: Neutralizing Gas
|switch|p2a: Ting-Lu|Ting-Lu|100/100
|-ability|p2a: Ting-Lu|Vessel of Ruin
|move|p1a: Slowking|Toxic|p2a: Ting-Lu
|-status|p2a: Ting-Lu|tox
|
|-damage|p2a: Ting-Lu|94/100 tox|[from] psn
|upkeep
|turn|5
|inactive|Fleance has 270 seconds left.
|
|t:|1760363865
|switch|p1a: Corviknight|Corviknight, F|100/100
|-ability|p1a: Corviknight|Pressure
|move|p2a: Ting-Lu|Stealth Rock|p1a: Corviknight
|-sidestart|p1: Fleance|move: Stealth Rock
|
|-heal|p2a: Ting-Lu|100/100 tox|[from] item: Leftovers
|-damage|p2a: Ting-Lu|88/100 tox|[from] psn
|upkeep
|turn|6
|
|t:|1760363870
|switch|p2a: Dragapult|Dragapult, M|100/100
|move|p1a: Corviknight|Defog|p2a: Dragapult
|-unboost|p2a: Dragapult|evasion|1
|-sideend|p1: Fleance|Stealth Rock|[from] move: Defog|[of] p1a: Corviknight
|
|upkeep
|turn|7
|
|t:|1760363878
|switch|p1a: Ting-Lu|Ting-Lu|90/100
|-ability|p1a: Ting-Lu|Vessel of Ruin
|move|p2a: Dragapult|Dragon Darts|p1a: Ting-Lu
|-damage|p1a: Ting-Lu|79/100
|-anim|p2a: Dragapult|Dragon Darts|p1a: Ting-Lu
|-damage|p1a: Ting-Lu|69/100
|
|-heal|p1a: Ting-Lu|75/100|[from] item: Leftovers
|upkeep
|turn|8
|
|t:|1760363885
|move|p2a: Dragapult|U-turn|p1a: Ting-Lu
|-supereffective|p1a: Ting-Lu
|-damage|p1a: Ting-Lu|54/100
|
|t:|1760363889
|switch|p2a: Weezing|Weezing-Galar, F|87/100|[from] U-turn
|-ability|p2a: Weezing|Neutralizing Gas
|move|p1a: Ting-Lu|Earthquake|p2a: Weezing
|-supereffective|p2a: Weezing
|-damage|p2a: Weezing|36/100
|
|-heal|p1a: Ting-Lu|60/100|[from] item: Leftovers
|upkeep
|turn|9
|
|t:|1760363900
|move|p2a: Weezing|Will-O-Wisp|p1a: Ting-Lu
|-status|p1a: Ting-Lu|brn
|move|p1a: Ting-Lu|Earthquake|p2a: Weezing
|-supereffective|p2a: Weezing
|-damage|p2a: Weezing|12/100
|
|-heal|p1a: Ting-Lu|66/100 brn|[from] item: Leftovers
|-damage|p1a: Ting-Lu|60/100 brn|[from] brn
|upkeep
|turn|10
|
|t:|1760363904
|move|p2a: Weezing|Pain Split|p1a: Ting-Lu
|-sethp|p1a: Ting-Lu|34/100 brn|[from] move: Pain Split|[silent]
|-sethp|p2a: Weezing|52/100|[from] move: Pain Split
|move|p1a: Ting-Lu|Rest|p1a: Ting-Lu
|-status|p1a: Ting-Lu|slp|[from] move: Rest
|-heal|p1a: Ting-Lu|100/100 slp|[silent]
|
|upkeep
|turn|11
|
|t:|1760363912
|move|p2a: Weezing|Pain Split|p1a: Ting-Lu
|-sethp|p1a: Ting-Lu|67/100 slp|[from] move: Pain Split|[silent]
|-sethp|p2a: Weezing|100/100|[from] move: Pain Split
|cant|p1a: Ting-Lu|slp
|move|p1a: Ting-Lu|Sleep Talk|p1a: Ting-Lu
|move|p1a: Ting-Lu|Rest||[from] move: Sleep Talk|[still]
|-fail|p1a: Ting-Lu
|
|-heal|p1a: Ting-Lu|73/100 slp|[from] item: Leftovers
|upkeep
|turn|12
|
|t:|1760363925
|-end|p2a: Weezing|ability: Neutralizing Gas
|-ability|p1a: Ting-Lu|Vessel of Ruin
|switch|p2a: Ting-Lu|Ting-Lu|88/100 tox
|-ability|p2a: Ting-Lu|Vessel of Ruin
|cant|p1a: Ting-Lu|slp
|move|p1a: Ting-Lu|Sleep Talk|p1a: Ting-Lu
|move|p1a: Ting-Lu|Payback|p2a: Ting-Lu|[from] move: Sleep Talk
|-resisted|p2a: Ting-Lu
|-damage|p2a: Ting-Lu|83/100 tox
|
|-heal|p2a: Ting-Lu|89/100 tox|[from] item: Leftovers
|-heal|p1a: Ting-Lu|79/100 slp|[from] item: Leftovers
|-damage|p2a: Ting-Lu|83/100 tox|[from] psn
|upkeep
|turn|13
|
|t:|1760363930
|switch|p1a: Corviknight|Corviknight, F|100/100
|-ability|p1a: Corviknight|Pressure
|move|p2a: Ting-Lu|Stealth Rock|p1a: Corviknight
|-sidestart|p1: Fleance|move: Stealth Rock
|
|-heal|p2a: Ting-Lu|89/100 tox|[from] item: Leftovers
|-damage|p2a: Ting-Lu|77/100 tox|[from] psn
|upkeep
|turn|14
|
|t:|1760363943
|switch|p2a: Dragapult|Dragapult, M|100/100
|move|p1a: Corviknight|Defog|p2a: Dragapult
|-unboost|p2a: Dragapult|evasion|1
|-sideend|p1: Fleance|Stealth Rock|[from] move: Defog|[of] p1a: Corviknight
|
|upkeep
|turn|15
|inactive|Fleance has 270 seconds left.
|
|t:|1760363983
|switch|p1a: Ting-Lu|Ting-Lu|79/100 slp
|-ability|p1a: Ting-Lu|Vessel of Ruin
|move|p2a: Dragapult|U-turn|p1a: Ting-Lu
|-supereffective|p1a: Ting-Lu
|-damage|p1a: Ting-Lu|60/100 slp
|
|t:|1760363989
|switch|p2a: Ting-Lu|Ting-Lu|77/100 tox|[from] U-turn
|-ability|p2a: Ting-Lu|Vessel of Ruin
|
|-heal|p2a: Ting-Lu|83/100 tox|[from] item: Leftovers
|-heal|p1a: Ting-Lu|66/100 slp|[from] item: Leftovers
|-damage|p2a: Ting-Lu|77/100 tox|[from] psn
|upkeep
|turn|16
|inactive|Fleance has 270 seconds left.
|
|t:|1760364008
|switch|p1a: Kyurem|Kyurem|100/100
|-ability|p1a: Kyurem|Pressure
|move|p2a: Ting-Lu|Stealth Rock|p1a: Kyurem
|-sidestart|p1: Fleance|move: Stealth Rock
|
|-heal|p2a: Ting-Lu|83/100 tox|[from] item: Leftovers
|-damage|p2a: Ting-Lu|70/100 tox|[from] psn
|upkeep
|turn|17
|
|t:|1760364034
|move|p1a: Kyurem|Freeze-Dry|p2a: Ting-Lu
|-supereffective|p2a: Ting-Lu
|-damage|p2a: Ting-Lu|41/100 tox
|move|p2a: Ting-Lu|Whirlwind|p1a: Kyurem
|drag|p1a: Dondozo|Dondozo, F|100/100
|-damage|p1a: Dondozo|88/100|[from] Stealth Rock
|
|-heal|p2a: Ting-Lu|47/100 tox|[from] item: Leftovers
|-heal|p1a: Dondozo|94/100|[from] item: Leftovers
|-damage|p2a: Ting-Lu|29/100 tox|[from] psn
|upkeep
|turn|18
|
|t:|1760364043
|switch|p2a: Zapdos|Zapdos|100/100
|switch|p1a: Corviknight|Corviknight, F|100/100
|-damage|p1a: Corviknight|88/100|[from] Stealth Rock
|-ability|p1a: Corviknight|Pressure
|
|upkeep
|turn|19
|inactive|gsc maestro has 270 seconds left.
|inactive|Fleance has 270 seconds left.
|
|t:|1760364112
|switch|p2a: Ting-Lu|Ting-Lu|29/100 tox
|-ability|p2a: Ting-Lu|Vessel of Ruin
|move|p1a: Corviknight|Defog|p2a: Ting-Lu
|-unboost|p2a: Ting-Lu|evasion|1
|-sideend|p1: Fleance|Stealth Rock|[from] move: Defog|[of] p1a: Corviknight
|
|-heal|p2a: Ting-Lu|35/100 tox|[from] item: Leftovers
|-damage|p2a: Ting-Lu|29/100 tox|[from] psn
|upkeep
|turn|20
|inactive|Fleance has 240 seconds left.
|
|t:|1760364145
|switch|p2a: Weezing|Weezing-Galar, F|100/100
|-ability|p2a: Weezing|Neutralizing Gas
|move|p1a: Corviknight|Brave Bird|p2a: Weezing
|-damage|p2a: Weezing|78/100
|-damage|p1a: Corviknight|82/100|[from] Recoil
|
|upkeep
|turn|21
|
|t:|1760364159
|move|p1a: Corviknight|U-turn|p2a: Weezing
|-resisted|p2a: Weezing
|-damage|p2a: Weezing|75/100
|
|t:|1760364171
|switch|p1a: Ting-Lu|Ting-Lu|66/100 slp|[from] U-turn
|move|p2a: Weezing|Will-O-Wisp|p1a: Ting-Lu|[miss]
|-miss|p2a: Weezing|p1a: Ting-Lu
|
|-heal|p1a: Ting-Lu|72/100 slp|[from] item: Leftovers
|upkeep
|turn|22
|
|t:|1760364186
|-end|p2a: Weezing|ability: Neutralizing Gas
|-ability|p1a: Ting-Lu|Vessel of Ruin
|switch|p2a: Zapdos|Zapdos|100/100
|switch|p1a: Kyurem|Kyurem|100/100
|-ability|p1a: Kyurem|Pressure
|
|upkeep
|turn|23
|
|t:|1760364201
|move|p2a: Zapdos|Hurricane|p1a: Kyurem
|-damage|p1a: Kyurem|46/100
|-start|p1a: Kyurem|confusion
|-activate|p1a: Kyurem|confusion
|-damage|p1a: Kyurem|37/100|[from] confusion
|
|-heal|p1a: Kyurem|43/100|[from] item: Leftovers
|upkeep
|turn|24
|inactive|Fleance has 210 seconds left.
|
|t:|1760364249
|switch|p1a: Slowking|Slowking-Galar, M|100/100
|move|p2a: Zapdos|Hurricane|p1a: Slowking
|-damage|p1a: Slowking|66/100
|
|upkeep
|turn|25
|
|t:|1760364259
|move|p2a: Zapdos|Volt Switch|p1a: Slowking
|-damage|p1a: Slowking|44/100
|
|t:|1760364262
|switch|p2a: Iron Crown|Iron Crown|100/100|[from] Volt Switch
|move|p1a: Slowking|Future Sight|p2a: Iron Crown
|-start|p1a: Slowking|move: Future Sight
|
|upkeep
|turn|26
|inactive|Fleance has 180 seconds left.
|inactive|Fleance has 150 seconds left.
|
|t:|1760364327
|switch|p1a: Ting-Lu|Ting-Lu|72/100 slp
|-ability|p1a: Ting-Lu|Vessel of Ruin
|-terastallize|p2a: Iron Crown|Steel
|move|p2a: Iron Crown|Tachyon Cutter|p1a: Ting-Lu
|-damage|p1a: Ting-Lu|50/100 slp
|-damage|p1a: Ting-Lu|27/100 slp
|-hitcount|p1a: Ting-Lu|2
|
|-heal|p1a: Ting-Lu|34/100 slp|[from] item: Leftovers
|upkeep
|turn|27
|inactive|Fleance has 150 seconds left.
|
|t:|1760364355
|-terastallize|p1a: Ting-Lu|Water
|move|p2a: Iron Crown|Tachyon Cutter|p1a: Ting-Lu
|-resisted|p1a: Ting-Lu
|-damage|p1a: Ting-Lu|24/100 slp
|-resisted|p1a: Ting-Lu
|-damage|p1a: Ting-Lu|12/100 slp
|-hitcount|p1a: Ting-Lu|2
|-curestatus|p1a: Ting-Lu|slp|[msg]
|move|p1a: Ting-Lu|Earthquake|p2a: Iron Crown
|-supereffective|p2a: Iron Crown
|-damage|p2a: Iron Crown|18/100
|
|-end|p2a: Iron Crown|move: Future Sight
|-resisted|p2a: Iron Crown
|-damage|p2a: Iron Crown|0 fnt
|faint|p2a: Iron Crown
|-end|p2a: Iron Crown|Quark Drive|[silent]
|-heal|p1a: Ting-Lu|18/100|[from] item: Leftovers
|upkeep
|
|t:|1760364363
|switch|p2a: Zapdos|Zapdos|100/100
|turn|28
|inactive|Fleance has 120 seconds left.
|
|t:|1760364422
|switch|p1a: Slowking|Slowking-Galar, M|77/100
|move|p2a: Zapdos|Volt Switch|p1a: Slowking
|-damage|p1a: Slowking|57/100
|inactive|gsc maestro has 240 seconds left.
|
|t:|1760364465
|switch|p2a: Dragonite|Dragonite, F|100/100|[from] Volt Switch
|
|upkeep
|turn|29
|inactive|Fleance has 90 seconds left.
|
|t:|1760364505
|switch|p1a: Corviknight|Corviknight, F|82/100
|-ability|p1a: Corviknight|Pressure
|move|p2a: Dragonite|Earthquake|p1a: Corviknight
|-immune|p1a: Corviknight
|
|upkeep
|turn|30
|
|t:|1760364510
|move|p2a: Dragonite|Dragon Dance|p2a: Dragonite
|-boost|p2a: Dragonite|atk|1
|-boost|p2a: Dragonite|spe|1
|move|p1a: Corviknight|U-turn|p2a: Dragonite
|-resisted|p2a: Dragonite
|-damage|p2a: Dragonite|97/100
|
|t:|1760364513
|switch|p1a: Kyurem|Kyurem|43/100|[from] U-turn
|-ability|p1a: Kyurem|Pressure
|
|-heal|p1a: Kyurem|49/100|[from] item: Leftovers
|upkeep
|turn|31
|inactive|gsc maestro has 240 seconds left.
|
|t:|1760364524
|move|p1a: Kyurem|Protect|p1a: Kyurem
|-singleturn|p1a: Kyurem|Protect
|move|p2a: Dragonite|Earthquake|p1a: Kyurem
|-activate|p1a: Kyurem|move: Protect
|
|-heal|p1a: Kyurem|56/100|[from] item: Leftovers
|upkeep
|turn|32
|
|t:|1760364528
|switch|p1a: Corviknight|Corviknight, F|82/100
|-ability|p1a: Corviknight|Pressure
|move|p2a: Dragonite|Earthquake|p1a: Corviknight
|-immune|p1a: Corviknight
|
|upkeep
|turn|33
|
|t:|1760364536
|move|p2a: Dragonite|Dragon Dance|p2a: Dragonite
|-boost|p2a: Dragonite|atk|1
|-boost|p2a: Dragonite|spe|1
|move|p1a: Corviknight|U-turn|p2a: Dragonite
|-resisted|p2a: Dragonite
|-damage|p2a: Dragonite|90/100
|inactive|Fleance has 120 seconds left.
|
|t:|1760364549
|switch|p1a: Kyurem|Kyurem|56/100|[from] U-turn
|-ability|p1a: Kyurem|Pressure
|
|-heal|p1a: Kyurem|62/100|[from] item: Leftovers
|upkeep
|turn|34
|
|t:|1760364556
|move|p1a: Kyurem|Protect|p1a: Kyurem
|-singleturn|p1a: Kyurem|Protect
|move|p2a: Dragonite|Roost|p2a: Dragonite
|-heal|p2a: Dragonite|100/100
|-singleturn|p2a: Dragonite|move: Roost
|
|-heal|p1a: Kyurem|68/100|[from] item: Leftovers
|upkeep
|turn|35
|inactive|gsc maestro has 270 seconds left.
|
|t:|1760364566
|switch|p2a: Dragapult|Dragapult, M|100/100
|switch|p1a: Corviknight|Corviknight, F|82/100
|-ability|p1a: Corviknight|Pressure
|
|upkeep
|turn|36
|inactive|gsc maestro has 270 seconds left.
|inactive|Fleance has 120 seconds left.
|inactive|Fleance has 90 seconds left.
|
|t:|1760364622
|switch|p1a: Cinderace|Cinderace, F|100/100
|move|p2a: Dragapult|Will-O-Wisp|p1a: Cinderace
|-immune|p1a: Cinderace
|
|upkeep
|turn|37
|inactive|Fleance has 90 seconds left.
|inactive|gsc maestro has 270 seconds left.
|
|t:|1760364656
|move|p2a: Dragapult|U-turn|p1a: Cinderace
|-resisted|p1a: Cinderace
|-damage|p1a: Cinderace|88/100
|
|t:|1760364661
|switch|p2a: Ting-Lu|Ting-Lu|29/100 tox|[from] U-turn
|-ability|p2a: Ting-Lu|Vessel of Ruin
|move|p1a: Cinderace|Will-O-Wisp|p2a: Ting-Lu|[miss]
|-miss|p1a: Cinderace|p2a: Ting-Lu
|
|-heal|p2a: Ting-Lu|35/100 tox|[from] item: Leftovers
|-damage|p2a: Ting-Lu|29/100 tox|[from] psn
|upkeep
|turn|38
|inactive|gsc maestro has 270 seconds left.
|inactive|Fleance has 60 seconds left.
|
|t:|1760364710
|switch|p2a: Zapdos|Zapdos|100/100
|move|p1a: Cinderace|U-turn|p2a: Zapdos
|-resisted|p2a: Zapdos
|-damage|p2a: Zapdos|90/100
|
|t:|1760364717
|switch|p1a: Slowking|Slowking-Galar, M|90/100|[from] U-turn
|
|upkeep
|turn|39
|
|t:|1760364729
|move|p2a: Zapdos|Volt Switch|p1a: Slowking
|-damage|p1a: Slowking|68/100
|
|t:|1760364731
|switch|p2a: Ting-Lu|Ting-Lu|29/100 tox|[from] Volt Switch
|-ability|p2a: Ting-Lu|Vessel of Ruin
|-prepare|p1a: Slowking|Chilly Reception|[premajor]
|move|p1a: Slowking|Chilly Reception|p1a: Slowking
|-weather|Snowscape
|
|t:|1760364734
|switch|p1a: Kyurem|Kyurem|68/100|[from] Chilly Reception
|-ability|p1a: Kyurem|Pressure
|
|-weather|Snowscape|[upkeep]
|-heal|p1a: Kyurem|74/100|[from] item: Leftovers
|-heal|p2a: Ting-Lu|35/100 tox|[from] item: Leftovers
|-damage|p2a: Ting-Lu|29/100 tox|[from] psn
|upkeep
|turn|40
|inactive|Fleance has 60 seconds left.
|
|t:|1760364743
|move|p1a: Kyurem|Freeze-Dry|p2a: Ting-Lu
|-supereffective|p2a: Ting-Lu
|-damage|p2a: Ting-Lu|0 fnt
|faint|p2a: Ting-Lu
|
|-weather|Snowscape|[upkeep]
|-heal|p1a: Kyurem|80/100|[from] item: Leftovers
|upkeep
|-message|gsc maestro forfeited.
|
|win|Fleance
|player|p2|
|c|☆Fleance|gg wp
