|j|☆zimore
|j|☆prerolls
|t:|1760329020
|gametype|singles
|player|p1|zimore|iris-gen5bw2|1505
|player|p2|prerolls|unknownf|1447
|gen|9
|tier|[Gen 9] OU
|rated|
|rule|HP Percentage Mod: HP is shown in percentages
|rule|Endless Battle Clause: Forcing endless battles is banned
|rule|Species Clause: Limit one of each Pokémon
|rule|OHKO Clause: OHKO moves are banned
|rule|Evasion Items Clause: Evasion items are banned
|rule|Evasion Moves Clause: Evasion moves are banned
|rule|Evasion Abilities Clause: Evasion abilities are banned
|rule|Sleep Moves Clause: Sleep-inducing moves are banned
|clearpoke
|poke|p1|Scream Tail|
|poke|p1|Primarina, F|
|poke|p1|Mandibuzz, F|
|poke|p1|Iron Treads|
|poke|p1|Ogerpon-Wellspring, F|
|poke|p1|Ninetales-Alola, F|
|poke|p2|Landorus-Therian, M|
|poke|p2|Darkrai|
|poke|p2|Kingambit, M|
|poke|p2|Cinderace, F|
|poke|p2|Zapdos|
|poke|p2|Samurott-Hisui, M|
|teampreview
|
|t:|1760329032
|teamsize|p1|6
|teamsize|p2|6
|start
|switch|p1a: Joy|Scream Tail|100/100
|switch|p2a: Cinderace|Cinderace, F|100/100
|-enditem|p1a: Joy|Booster Energy
|-activate|p1a: Joy|ability: Protosynthesis|[fromitem]
|-start|p1a: Joy|protosynthesisspe
|turn|1
|
|t:|1760329038
|move|p1a: Joy|Calm Mind|p1a: Joy
|-boost|p1a: Joy|spa|1
|-boost|p1a: Joy|spd|1
|move|p2a: Cinderace|Gunk Shot|p1a: Joy
|-start|p2a: Cinderace|typechange|Poison|[from] ability: Libero
|-supereffective|p1a: Joy
|-damage|p1a: Joy|0 fnt
|faint|p1a: Joy
|-end|p1a: Joy|Protosynthesis|[silent]
|
|upkeep
|
|t:|1760329067
|switch|p1a: Iron Treads|Iron Treads|100/100
|turn|2
|
|t:|1760329073
|move|p2a: Cinderace|U-turn|p1a: Iron Treads
|-resisted|p1a: Iron Treads
|-damage|p1a: Iron Treads|89/100
|
|t:|1760329077
|switch|p2a: Landorus|Landorus-Therian, M|100/100|[from] U-turn
|-ability|p2a: Landorus|Intimidate|boost
|-unboost|p1a: Iron Treads|atk|1
|move|p1a: Iron Treads|Knock Off|p2a: Landorus
|-damage|p2a: Landorus|77/100
|-damage|p1a: Iron Treads|73/100|[from] item: Rocky Helmet|[of] p2a: Landorus
|-enditem|p2a: Landorus|Rocky Helmet|[from] move: Knock Off|[of] p1a: Iron Treads
|
|upkeep
|turn|3
|
|t:|1760329089
|move|p1a: Iron Treads|Ice Spinner|p2a: Landorus
|-supereffective|p2a: Landorus
|-damage|p2a: Landorus|0 fnt
|faint|p2a: Landorus
|
|upkeep
|
|t:|1760329091
|switch|p2a: Cinderace|Cinderace, F|100/100
|turn|4
|
|t:|1760329101
|-end|p1a: Iron Treads|Quark Drive|[silent]
|switch|p1a: Mandibuzz|Mandibuzz, F|100/100
|move|p2a: Cinderace|Pyro Ball|p1a: Mandibuzz
|-damage|p1a: Mandibuzz|68/100
|-status|p1a: Mandibuzz|brn
|
|-damage|p1a: Mandibuzz|61/100 brn|[from] brn
|upkeep
|turn|5
|
|t:|1760329114
|move|p2a: Cinderace|Pyro Ball|p1a: Mandibuzz
|-damage|p1a: Mandibuzz|30/100 brn
|move|p1a: Mandibuzz|Roost|p1a: Mandibuzz
|-heal|p1a: Mandibuzz|80/100 brn
|-singleturn|p1a: Mandibuzz|move: Roost
|
|-damage|p1a: Mandibuzz|74/100 brn|[from] brn
|upkeep
|turn|6
|
|t:|1760329132
|move|p2a: Cinderace|U-turn|p1a: Mandibuzz
|-start|p2a: Cinderace|typechange|Bug|[from] ability: Libero
|-damage|p1a: Mandibuzz|56/100 brn
|
|t:|1760329136
|switch|p2a: Kingambit|Kingambit, M|100/100|[from] U-turn
|-activate|p2a: Kingambit|ability: Supreme Overlord
|-start|p2a: Kingambit|fallen1|[silent]
|move|p1a: Mandibuzz|Roost|p1a: Mandibuzz
|-heal|p1a: Mandibuzz|100/100 brn
|-singleturn|p1a: Mandibuzz|move: Roost
|
|-damage|p1a: Mandibuzz|94/100 brn|[from] brn
|upkeep
|turn|7
|
|t:|1760329144
|switch|p1a: Poppy|Primarina, F|100/100
|-end|p2a: Kingambit|fallen1|[silent]
|switch|p2a: Zapdos|Zapdos|100/100
|
|upkeep
|turn|8
|
|t:|1760329162
|switch|p1a: Iron Treads|Iron Treads|73/100
|move|p2a: Zapdos|Hurricane|p1a: Iron Treads|[miss]
|-miss|p2a: Zapdos|p1a: Iron Treads
|
|upkeep
|turn|9
|
|t:|1760329177
|move|p1a: Iron Treads|Knock Off|p2a: Zapdos
|-damage|p2a: Zapdos|77/100
|-status|p1a: Iron Treads|par|[from] ability: Static|[of] p2a: Zapdos
|-enditem|p2a: Zapdos|Heavy-Duty Boots|[from] move: Knock Off|[of] p1a: Iron Treads
|move|p2a: Zapdos|Hurricane|p1a: Iron Treads
|-resisted|p1a: Iron Treads
|-damage|p1a: Iron Treads|50/100 par
|
|upkeep
|turn|10
|
|t:|1760329192
|switch|p2a: Samurott|Samurott-Hisui, M, shiny|100/100
|move|p1a: Iron Treads|Ice Spinner|p2a: Samurott
|-resisted|p2a: Samurott
|-damage|p2a: Samurott|87/100
|
|upkeep
|turn|11
|
|t:|1760329199
|move|p2a: Samurott|Ceaseless Edge|p1a: Iron Treads
|-damage|p1a: Iron Treads|6/100 par
|-sidestart|p1: zimore|Spikes
|move|p1a: Iron Treads|Earthquake|p2a: Samurott
|-damage|p2a: Samurott|32/100
|
|upkeep
|turn|12
|
|t:|1760329205
|move|p2a: Samurott|Ceaseless Edge|p1a: Iron Treads
|-damage|p1a: Iron Treads|0 fnt
|-sidestart|p1: zimore|Spikes
|faint|p1a: Iron Treads
|-end|p1a: Iron Treads|Quark Drive|[silent]
|
|upkeep
|
|t:|1760329208
|switch|p1a: Mandibuzz|Mandibuzz, F|94/100 brn
|turn|13
|
|t:|1760329219
|switch|p2a: Zapdos|Zapdos|77/100
|move|p1a: Mandibuzz|Defog|p2a: Zapdos
|-unboost|p2a: Zapdos|evasion|1
|-sideend|p1: zimore|Spikes|[from] move: Defog|[of] p1a: Mandibuzz
|
|-damage|p1a: Mandibuzz|88/100 brn|[from] brn
|upkeep
|turn|14
|
|t:|1760329224
|switch|p1a: Ninetales|Ninetales-Alola, F|100/100
|-weather|Snowscape|[from] ability: Snow Warning|[of] p1a: Ninetales
|move|p2a: Zapdos|Volt Switch|p1a: Ninetales
|-damage|p1a: Ninetales|68/100
|
|t:|1760329227
|switch|p2a: Cinderace|Cinderace, F|100/100|[from] Volt Switch
|
|-weather|Snowscape|[upkeep]
|upkeep
|turn|15
|inactive|Battle timer is ON: inactive players will automatically lose when time's up. (requested by prerolls)
|
|t:|1760329256
|switch|p1a: Mandibuzz|Mandibuzz, F|88/100 brn
|move|p2a: Cinderace|Pyro Ball|p1a: Mandibuzz
|-damage|p1a: Mandibuzz|57/100 brn
|
|-weather|Snowscape|[upkeep]
|-damage|p1a: Mandibuzz|51/100 brn|[from] brn
|upkeep
|turn|16
|
|t:|1760329259
|move|p2a: Cinderace|U-turn|p1a: Mandibuzz
|-start|p2a: Cinderace|typechange|Bug|[from] ability: Libero
|-damage|p1a: Mandibuzz|33/100 brn
|
|t:|1760329261
|switch|p2a: Zapdos|Zapdos|77/100|[from] U-turn
|move|p1a: Mandibuzz|Roost|p1a: Mandibuzz
|-heal|p1a: Mandibuzz|83/100 brn
|-singleturn|p1a: Mandibuzz|move: Roost
|
|-weather|Snowscape|[upkeep]
|-damage|p1a: Mandibuzz|77/100 brn|[from] brn
|upkeep
|turn|17
|
|t:|1760329267
|move|p2a: Zapdos|Volt Switch|p1a: Mandibuzz
|-supereffective|p1a: Mandibuzz
|-damage|p1a: Mandibuzz|25/100 brn
|
|t:|1760329274
|switch|p2a: Darkrai|Darkrai, shiny|100/100|[from] Volt Switch
|move|p1a: Mandibuzz|Toxic|p2a: Darkrai
|-status|p2a: Darkrai|tox
|
|-weather|Snowscape|[upkeep]
|-damage|p2a: Darkrai|94/100 tox|[from] psn
|-damage|p1a: Mandibuzz|19/100 brn|[from] brn
|upkeep
|turn|18
|
|t:|1760329294
|move|p2a: Darkrai|Ice Beam|p1a: Mandibuzz
|-supereffective|p1a: Mandibuzz
|-damage|p1a: Mandibuzz|0 fnt
|faint|p1a: Mandibuzz
|
|-weather|none
|-damage|p2a: Darkrai|82/100 tox|[from] psn
|upkeep
|inactive|zimore has 120 seconds left.
|inactive|zimore has 90 seconds left.
|
|t:|1760329346
|switch|p1a: Ninetales|Ninetales-Alola, F|68/100
|-weather|Snowscape|[from] ability: Snow Warning|[of] p1a: Ninetales
|turn|19
|j| scorpion257
|inactive|zimore has 90 seconds left.
|
|t:|1760329353
|switch|p2a: Cinderace|Cinderace, F|100/100
|move|p1a: Ninetales|Aurora Veil|p1a: Ninetales
|-sidestart|p1: zimore|move: Aurora Veil
|
|-weather|Snowscape|[upkeep]
|upkeep
|turn|20
|inactive|zimore has 90 seconds left.
|
|t:|1760329373
|move|p2a: Cinderace|Court Change|p2a: Cinderace
|-start|p2a: Cinderace|typechange|Normal|[from] ability: Libero
|-swapsideconditions
|-activate|p2a: Cinderace|move: Court Change
|move|p1a: Ninetales|Aurora Veil|p1a: Ninetales
|-sidestart|p1: zimore|move: Aurora Veil
|
|-weather|Snowscape|[upkeep]
|upkeep
|turn|21
|inactive|zimore has 60 seconds left.
|
|t:|1760329404
|move|p2a: Cinderace|U-turn|p1a: Ninetales
|-resisted|p1a: Ninetales
|-damage|p1a: Ninetales|62/100
|
|t:|1760329409
|switch|p2a: Kingambit|Kingambit, M|100/100|[from] U-turn
|-activate|p2a: Kingambit|ability: Supreme Overlord
|-start|p2a: Kingambit|fallen1|[silent]
|move|p1a: Ninetales|Blizzard|p2a: Kingambit
|-resisted|p2a: Kingambit
|-damage|p2a: Kingambit|91/100
|
|-weather|Snowscape|[upkeep]
|-heal|p2a: Kingambit|97/100|[from] item: Leftovers
|upkeep
|turn|22
|inactive|zimore has 60 seconds left.
|
|t:|1760329446
|switch|p1a: Poppy|Primarina, F|100/100
|move|p2a: Kingambit|Swords Dance|p2a: Kingambit
|-boost|p2a: Kingambit|atk|2
|
|-weather|Snowscape|[upkeep]
|-heal|p2a: Kingambit|100/100|[from] item: Leftovers
|upkeep
|turn|23
|
|t:|1760329459
|move|p2a: Kingambit|Iron Head|p1a: Poppy
|-damage|p1a: Poppy|44/100
|cant|p1a: Poppy|flinch
|
|-weather|none
|-heal|p1a: Poppy|50/100|[from] item: Leftovers
|upkeep
|turn|24
|
|t:|1760329476
|move|p2a: Kingambit|Iron Head|p1a: Poppy
|-damage|p1a: Poppy|0 fnt
|faint|p1a: Poppy
|
|upkeep
|
|t:|1760329480
|switch|p1a: Ninetales|Ninetales-Alola, F|62/100
|-weather|Snowscape|[from] ability: Snow Warning|[of] p1a: Ninetales
|turn|25
|
|t:|1760329485
|move|p1a: Ninetales|Moonblast|p2a: Kingambit
|-damage|p2a: Kingambit|82/100
|move|p2a: Kingambit|Iron Head|p1a: Ninetales
|-supereffective|p1a: Ninetales
|-damage|p1a: Ninetales|0 fnt
|faint|p1a: Ninetales
|
|-weather|Snowscape|[upkeep]
|-heal|p2a: Kingambit|88/100|[from] item: Leftovers
|upkeep
|
|t:|1760329491
|switch|p1a: Ogerpon|Ogerpon-Wellspring, F|100/100
|turn|26
|
|t:|1760329499
|-terastallize|p1a: Ogerpon|Water
|detailschange|p1a: Ogerpon|Ogerpon-Wellspring-Tera, F, tera:Water
|-ability|p1a: Ogerpon|Embody Aspect (Wellspring)|boost
|-boost|p1a: Ogerpon|spd|1
|move|p1a: Ogerpon|Swords Dance|p1a: Ogerpon
|-boost|p1a: Ogerpon|atk|2
|move|p2a: Kingambit|Kowtow Cleave|p1a: Ogerpon
|-damage|p1a: Ogerpon|24/100
|
|-weather|Snowscape|[upkeep]
|-heal|p2a: Kingambit|94/100|[from] item: Leftovers
|-sideend|p2: prerolls|move: Aurora Veil
|upkeep
|turn|27
|inactive|zimore has 60 seconds left.
|
|t:|1760329513
|move|p2a: Kingambit|Sucker Punch|p1a: Ogerpon
|-damage|p1a: Ogerpon|0 fnt
|faint|p1a: Ogerpon
|detailschange|p1: Ogerpon|Ogerpon-Wellspring, F|[silent]
|
|win|prerolls
|raw|zimore's rating: 1505 &rarr; <strong>1482</strong><br />(-23 for losing)
|raw|prerolls's rating: 1447 &rarr; <strong>1470</strong><br />(+23 for winning)
|c|☆zimore|gg
|l|☆prerolls
|player|p2|
|l|☆zimore
|player|p1|
