|j|☆minelover225
|j|☆w9jFLRbzJFonIKnU
|t:|1760454296
|gametype|singles
|player|p1|minelover225|265|1000
|player|p2|w9jFLRbzJFonIKnU|170|1000
|gen|9
|tier|[Gen 9] OU
|rated|
|rule|HP Percentage Mod: HP is shown in percentages
|rule|Endless Battle Clause: Forcing endless battles is banned
|rule|Species Clause: Limit one of each Pokémon
|rule|OHKO Clause: OHKO moves are banned
|rule|Evasion Items Clause: Evasion items are banned
|rule|Evasion Moves Clause: Evasion moves are banned
|rule|Evasion Abilities Clause: Evasion abilities are banned
|rule|Sleep Moves Clause: Sleep-inducing moves are banned
|clearpoke
|poke|p1|Dragapult, M|
|poke|p1|Cinderace, F|
|poke|p1|Corviknight, F|
|poke|p1|Mew|
|poke|p1|Ceruledge, M|
|poke|p2|Samurott-Hisui, M|
|poke|p2|Heatran, M|
|poke|p2|Latios, M|
|poke|p2|Iron Valiant|
|poke|p2|Iron Treads|
|poke|p2|Dragapult, F|
|teampreview
|inactive|Battle timer is ON: inactive players will automatically lose when time's up. (requested by w9jFLRbzJFonIKnU)
|
|t:|1760454302
|teamsize|p1|5
|teamsize|p2|6
|start
|switch|p1a: Dragapult|Dragapult, M, shiny|100/100
|switch|p2a: Samurott|Samurott-Hisui, M|100/100
|turn|1
|
|t:|1760454307
|move|p1a: Dragapult|Draco Meteor|p2a: Samurott
|-damage|p2a: Samurott|61/100
|-unboost|p1a: Dragapult|spa|2
|move|p2a: Samurott|Ceaseless Edge|p1a: Dragapult
|-supereffective|p1a: Dragapult
|-damage|p1a: Dragapult|7/100
|-sidestart|p1: minelover225|Spikes
|
|upkeep
|turn|2
|
|t:|1760454317
|move|p1a: Dragapult|Dragon Claw|p2a: Samurott
|-crit|p2a: Samurott
|-damage|p2a: Samurott|8/100
|move|p2a: Samurott|Ceaseless Edge|p1a: Dragapult
|-supereffective|p1a: Dragapult
|-damage|p1a: Dragapult|0 fnt
|-sidestart|p1: minelover225|Spikes
|faint|p1a: Dragapult
|
|upkeep
|
|t:|1760454327
|switch|p1a: Mew|Mew|100/100
|-damage|p1a: Mew|84/100|[from] Spikes
|turn|3
|
|t:|1760454336
|move|p1a: Mew|Aura Sphere|p2a: Samurott
|-supereffective|p2a: Samurott
|-damage|p2a: Samurott|0 fnt
|faint|p2a: Samurott
|
|upkeep
|
|t:|1760454350
|switch|p2a: Dragapult|Dragapult, F|100/100
|turn|4
|
|t:|1760454355
|move|p2a: Dragapult|U-turn|p1a: Mew
|-supereffective|p1a: Mew
|-damage|p1a: Mew|38/100
|
|t:|1760454358
|switch|p2a: Iron Treads|Iron Treads|100/100|[from] U-turn
|move|p1a: Mew|Avalanche|p2a: Iron Treads
|-damage|p2a: Iron Treads|90/100
|
|-heal|p2a: Iron Treads|96/100|[from] item: Leftovers
|upkeep
|turn|5
|
|t:|1760454368
|move|p2a: Iron Treads|Earthquake|p1a: Mew
|-damage|p1a: Mew|13/100
|move|p1a: Mew|Alluring Voice|p2a: Iron Treads
|-resisted|p2a: Iron Treads
|-damage|p2a: Iron Treads|89/100
|
|-heal|p2a: Iron Treads|95/100|[from] item: Leftovers
|upkeep
|turn|6
|
|t:|1760454382
|switch|p1a: Ceruledge|Ceruledge, M|100/100
|-damage|p1a: Ceruledge|84/100|[from] Spikes
|move|p2a: Iron Treads|Rapid Spin|p1a: Ceruledge
|-immune|p1a: Ceruledge
|
|-heal|p2a: Iron Treads|100/100|[from] item: Leftovers
|upkeep
|turn|7
|
|t:|1760454392
|-end|p2a: Iron Treads|Quark Drive|[silent]
|switch|p2a: Heatran|Heatran, M|100/100
|move|p1a: Ceruledge|Destiny Bond|p1a: Ceruledge
|-singlemove|p1a: Ceruledge|Destiny Bond
|
|upkeep
|turn|8
|
|t:|1760454398
|move|p1a: Ceruledge|Destiny Bond||[still]
|-fail|p1a: Ceruledge
|move|p2a: Heatran|Stealth Rock|p1a: Ceruledge
|-sidestart|p1: minelover225|move: Stealth Rock
|
|upkeep
|turn|9
|l|☆minelover225
|inactive|minelover225 disconnected and has a minute to reconnect!
|player|p1|
|
|t:|1760454408
|switch|p2a: Dragapult|Dragapult, F|100/100
|move|p1a: Ceruledge|Destiny Bond|p1a: Ceruledge
|-singlemove|p1a: Ceruledge|Destiny Bond
|
|upkeep
|turn|10
|inactive|minelover225 has 30 seconds to reconnect!
|inactive|minelover225 has 20 seconds to reconnect!
|inactive|minelover225 has 15 seconds to reconnect!
|inactive|minelover225 has 10 seconds to reconnect!
|inactive|minelover225 has 5 seconds to reconnect!
|-message|minelover225 lost due to inactivity.
|
|win|w9jFLRbzJFonIKnU
|raw|minelover225's rating: 1000 &rarr; <strong>1000</strong><br />(+0 for losing)
|raw|w9jFLRbzJFonIKnU's rating: 1000 &rarr; <strong>1040</strong><br />(+40 for winning)
