|j|☆preppy dude
|j|☆angerflare
|t:|1760332075
|gametype|singles
|player|p1|preppy dude|266|1273
|player|p2|angerflare|101|1322
|gen|9
|tier|[Gen 9] OU
|rated|
|rule|HP Percentage Mod: HP is shown in percentages
|rule|Endless Battle Clause: Forcing endless battles is banned
|rule|Species Clause: Limit one of each Pokémon
|rule|OHKO Clause: OHKO moves are banned
|rule|Evasion Items Clause: Evasion items are banned
|rule|Evasion Moves Clause: Evasion moves are banned
|rule|Evasion Abilities Clause: Evasion abilities are banned
|rule|Sleep Moves Clause: Sleep-inducing moves are banned
|clearpoke
|poke|p1|Blastoise, M|
|poke|p1|Cloyster, F|
|poke|p1|Golem, F|
|poke|p1|Magneton|
|poke|p1|Rhydon, M|
|poke|p1|Zapdos|
|poke|p2|Swampert, M|
|poke|p2|Latios, M|
|poke|p2|Weavile, M|
|poke|p2|Corviknight, F|
|poke|p2|Iron Moth|
|poke|p2|Dragapult, M|
|teampreview
|inactive|Battle timer is ON: inactive players will automatically lose when time's up. (requested by preppy dude)
|
|t:|1760332094
|teamsize|p1|6
|teamsize|p2|6
|start
|switch|p1a: Golem|Golem, F|100/100
|switch|p2a: Dragapult|Dragapult, M|100/100
|turn|1
|
|t:|1760332101
|move|p2a: Dragapult|Will-O-Wisp|p1a: Golem
|-status|p1a: Golem|brn
|move|p1a: Golem|Stealth Rock|p2a: Dragapult
|-sidestart|p2: angerflare|move: Stealth Rock
|
|-damage|p1a: Golem|95/100 brn|[from] brn
|upkeep
|turn|2
|
|t:|1760332108
|move|p2a: Dragapult|Shadow Ball|p1a: Golem
|-damage|p1a: Golem|20/100 brn
|-damage|p2a: Dragapult|91/100|[from] item: Life Orb
|move|p1a: Golem|Rock Blast|p2a: Dragapult
|-damage|p2a: Dragapult|81/100
|-damage|p2a: Dragapult|71/100
|-crit|p2a: Dragapult
|-damage|p2a: Dragapult|58/100
|-hitcount|p2a: Dragapult|3
|
|-damage|p1a: Golem|14/100 brn|[from] brn
|upkeep
|turn|3
|-enditem|p1a: Golem|Custap Berry|[eat]
|-activate|p1a: Golem|item: Custap Berry|[consumed]
|
|t:|1760332120
|move|p1a: Golem|Rock Blast|p2a: Dragapult
|-damage|p2a: Dragapult|48/100
|-damage|p2a: Dragapult|39/100
|-hitcount|p2a: Dragapult|2
|move|p2a: Dragapult|Shadow Ball|p1a: Golem
|-damage|p1a: Golem|0 fnt
|faint|p1a: Golem
|-damage|p2a: Dragapult|29/100|[from] item: Life Orb
|
|upkeep
|
|t:|1760332133
|switch|p1a: Cloyster|Cloyster, F|100/100
|turn|4
|
|t:|1760332141
|move|p1a: Cloyster|Ice Shard|p2a: Dragapult
|-supereffective|p2a: Dragapult
|-damage|p2a: Dragapult|0 fnt
|faint|p2a: Dragapult
|
|upkeep
|
|t:|1760332144
|switch|p2a: Latios|Latios, M|100/100
|-damage|p2a: Latios|88/100|[from] Stealth Rock
|turn|5
|
|t:|1760332149
|move|p1a: Cloyster|Ice Shard|p2a: Latios
|-supereffective|p2a: Latios
|-damage|p2a: Latios|36/100
|move|p2a: Latios|Luster Purge|p1a: Cloyster
|-damage|p1a: Cloyster|0 fnt
|faint|p1a: Cloyster
|
|upkeep
|
|t:|1760332159
|switch|p1a: Magneton|Magneton|100/100
|turn|6
|
|t:|1760332162
|switch|p2a: Iron Moth|Iron Moth|100/100
|-damage|p2a: Iron Moth|76/100|[from] Stealth Rock
|-enditem|p2a: Iron Moth|Booster Energy
|-activate|p2a: Iron Moth|ability: Quark Drive|[fromitem]
|-start|p2a: Iron Moth|quarkdrivespe
|move|p1a: Magneton|Flash Cannon|p2a: Iron Moth
|-resisted|p2a: Iron Moth
|-damage|p2a: Iron Moth|55/100
|-unboost|p2a: Iron Moth|spd|1
|
|upkeep
|turn|7
|
|t:|1760332175
|switch|p1a: Rhydon|Rhydon, M|100/100
|move|p2a: Iron Moth|Fiery Dance|p1a: Rhydon
|-resisted|p1a: Rhydon
|-damage|p1a: Rhydon|81/100
|-boost|p2a: Iron Moth|spa|1
|
|upkeep
|turn|8
|
|t:|1760332185
|-terastallize|p1a: Rhydon|Ghost
|move|p2a: Iron Moth|Dazzling Gleam|p1a: Rhydon
|-damage|p1a: Rhydon|40/100
|move|p1a: Rhydon|Earthquake|p2a: Iron Moth
|-supereffective|p2a: Iron Moth
|-damage|p2a: Iron Moth|0 fnt
|faint|p2a: Iron Moth
|-end|p2a: Iron Moth|Quark Drive|[silent]
|
|upkeep
|
|t:|1760332188
|switch|p2a: Latios|Latios, M|36/100
|-damage|p2a: Latios|23/100|[from] Stealth Rock
|turn|9
|
|t:|1760332199
|move|p2a: Latios|Luster Purge|p1a: Rhydon
|-damage|p1a: Rhydon|0 fnt
|faint|p1a: Rhydon
|
|upkeep
|
|t:|1760332203
|switch|p1a: Magneton|Magneton|100/100
|turn|10
|
|t:|1760332212
|switch|p2a: Swampert|Swampert, M|100/100
|-damage|p2a: Swampert|94/100|[from] Stealth Rock
|move|p1a: Magneton|Flash Cannon|p2a: Swampert
|-resisted|p2a: Swampert
|-damage|p2a: Swampert|81/100
|
|-heal|p2a: Swampert|87/100|[from] item: Leftovers
|upkeep
|turn|11
|
|t:|1760332221
|switch|p1a: Zapdos|Zapdos|100/100
|move|p2a: Swampert|Knock Off|p1a: Zapdos
|-damage|p1a: Zapdos|79/100
|-enditem|p1a: Zapdos|Leftovers|[from] move: Knock Off|[of] p2a: Swampert
|
|-heal|p2a: Swampert|94/100|[from] item: Leftovers
|upkeep
|turn|12
|
|t:|1760332230
|move|p1a: Zapdos|Roost|p1a: Zapdos
|-heal|p1a: Zapdos|100/100
|-singleturn|p1a: Zapdos|move: Roost
|move|p2a: Swampert|Stealth Rock|p1a: Zapdos
|-sidestart|p1: preppy dude|move: Stealth Rock
|
|-heal|p2a: Swampert|99/100|[from] item: Leftovers
|upkeep
|turn|13
|
|t:|1760332239
|move|p1a: Zapdos|Air Cutter|p2a: Swampert
|-damage|p2a: Swampert|82/100
|move|p2a: Swampert|Flip Turn|p1a: Zapdos
|-damage|p1a: Zapdos|81/100
|
|t:|1760332246
|switch|p2a: Weavile|Weavile, M|100/100|[from] Flip Turn
|-damage|p2a: Weavile|76/100|[from] Stealth Rock
|-ability|p2a: Weavile|Pressure
|
|upkeep
|turn|14
|
|t:|1760332253
|move|p2a: Weavile|Triple Axel|p1a: Zapdos
|-supereffective|p1a: Zapdos
|-damage|p1a: Zapdos|53/100
|-supereffective|p1a: Zapdos
|-damage|p1a: Zapdos|6/100
|-supereffective|p1a: Zapdos
|-damage|p1a: Zapdos|0 fnt
|faint|p1a: Zapdos
|-hitcount|p1: Zapdos|3
|
|upkeep
|
|t:|1760332272
|switch|p1a: Magneton|Magneton|100/100
|-damage|p1a: Magneton|94/100|[from] Stealth Rock
|turn|15
|
|t:|1760332277
|switch|p2a: Swampert|Swampert, M|82/100
|-damage|p2a: Swampert|76/100|[from] Stealth Rock
|move|p1a: Magneton|Flash Cannon|p2a: Swampert
|-resisted|p2a: Swampert
|-damage|p2a: Swampert|64/100
|
|-heal|p2a: Swampert|70/100|[from] item: Leftovers
|upkeep
|turn|16
|
|t:|1760332286
|move|p1a: Magneton|Flash Cannon|p2a: Swampert
|-resisted|p2a: Swampert
|-damage|p2a: Swampert|58/100
|move|p2a: Swampert|Flip Turn|p1a: Magneton
|-damage|p1a: Magneton|62/100
|
|t:|1760332290
|switch|p2a: Latios|Latios, M|23/100|[from] Flip Turn
|-damage|p2a: Latios|11/100|[from] Stealth Rock
|
|upkeep
|turn|17
|
|t:|1760332296
|move|p2a: Latios|Aura Sphere|p1a: Magneton
|-supereffective|p1a: Magneton
|-damage|p1a: Magneton|0 fnt
|faint|p1a: Magneton
|
|upkeep
|
|t:|1760332301
|switch|p1a: Blastoise|Blastoise, M|100/100
|-damage|p1a: Blastoise|88/100|[from] Stealth Rock
|turn|18
|
|t:|1760332308
|switch|p2a: Swampert|Swampert, M|58/100
|-damage|p2a: Swampert|51/100|[from] Stealth Rock
|move|p1a: Blastoise|Shell Smash|p1a: Blastoise
|-unboost|p1a: Blastoise|def|1
|-unboost|p1a: Blastoise|spd|1
|-boost|p1a: Blastoise|atk|2
|-boost|p1a: Blastoise|spa|2
|-boost|p1a: Blastoise|spe|2
|-enditem|p1a: Blastoise|White Herb
|-clearnegativeboost|p1a: Blastoise|[silent]
|
|-heal|p2a: Swampert|58/100|[from] item: Leftovers
|upkeep
|turn|19
|
|t:|1760332321
|move|p1a: Blastoise|Surf|p2a: Swampert
|-damage|p2a: Swampert|3/100
|move|p2a: Swampert|Flip Turn|p1a: Blastoise
|-resisted|p1a: Blastoise
|-damage|p1a: Blastoise|69/100
|
|t:|1760332327
|switch|p2a: Corviknight|Corviknight, F|100/100|[from] Flip Turn
|-damage|p2a: Corviknight|88/100|[from] Stealth Rock
|-ability|p2a: Corviknight|Pressure
|
|upkeep
|turn|20
|
|t:|1760332337
|-terastallize|p2a: Corviknight|Dragon
|move|p1a: Blastoise|Surf|p2a: Corviknight
|-resisted|p2a: Corviknight
|-damage|p2a: Corviknight|48/100
|move|p2a: Corviknight|Brave Bird|p1a: Blastoise
|-damage|p1a: Blastoise|28/100
|-damage|p2a: Corviknight|38/100|[from] Recoil
|
|upkeep
|turn|21
|
|t:|1760332347
|move|p1a: Blastoise|Ice Beam|p2a: Corviknight
|-supereffective|p2a: Corviknight
|-damage|p2a: Corviknight|0 fnt
|faint|p2a: Corviknight
|
|upkeep
|
|t:|1760332352
|switch|p2a: Latios|Latios, M|11/100
|-damage|p2a: Latios|0 fnt|[from] Stealth Rock
|faint|p2a: Latios
|
|t:|1760332354
|switch|p2a: Swampert|Swampert, M|3/100
|-damage|p2a: Swampert|0 fnt|[from] Stealth Rock
|faint|p2a: Swampert
|
|t:|1760332355
|switch|p2a: Weavile|Weavile, M|76/100
|-damage|p2a: Weavile|51/100|[from] Stealth Rock
|-ability|p2a: Weavile|Pressure
|turn|22
|
|t:|1760332366
|move|p2a: Weavile|Ice Shard|p1a: Blastoise
|-resisted|p1a: Blastoise
|-crit|p1a: Blastoise
|-damage|p1a: Blastoise|1/100
|move|p1a: Blastoise|Surf|p2a: Weavile
|-damage|p2a: Weavile|0 fnt
|faint|p2a: Weavile
|
|win|preppy dude
|raw|preppy dude's rating: 1273 &rarr; <strong>1302</strong><br />(+29 for winning)
|raw|angerflare's rating: 1322 &rarr; <strong>1299</strong><br />(-23 for losing)
|l|☆angerflare
|player|p2|
|l|☆preppy dude
|player|p1|
|j|☆angerflare
|player|p2|angerflare|101|
|l|☆angerflare
|player|p2|
