|j|☆bigtestsofbig
|j|☆enormouschilli
|t:|1760376493
|gametype|singles
|player|p1|bigtestsofbig|1|1529
|player|p2|enormouschilli|1|1489
|gen|9
|tier|[Gen 9] OU
|rated|
|rule|HP Percentage Mod: HP is shown in percentages
|rule|Endless Battle Clause: Forcing endless battles is banned
|rule|Species Clause: Limit one of each Pokémon
|rule|OHKO Clause: OHKO moves are banned
|rule|Evasion Items Clause: Evasion items are banned
|rule|Evasion Moves Clause: Evasion moves are banned
|rule|Evasion Abilities Clause: Evasion abilities are banned
|rule|Sleep Moves Clause: Sleep-inducing moves are banned
|clearpoke
|poke|p1|Lucario, F|
|poke|p1|Corviknight, M|
|poke|p1|Raging Bolt|
|poke|p1|Landorus-Therian, M|
|poke|p1|Hatterene, F|
|poke|p1|Rillaboom, M|
|poke|p2|Iron Moth|
|poke|p2|Kingambit, F|
|poke|p2|Deoxys-Speed|
|poke|p2|Raging Bolt|
|poke|p2|Rillaboom, M|
|poke|p2|Zapdos-Galar|
|teampreview
|
|t:|1760376531
|teamsize|p1|6
|teamsize|p2|6
|start
|switch|p1a: Rillaboom|Rillaboom, M|100/100
|switch|p2a: Zapdos|Zapdos-Galar|100/100
|turn|1
|
|t:|1760376545
|switch|p1a: Landorus|Landorus-Therian, M|100/100
|-ability|p1a: Landorus|Intimidate|boost
|-unboost|p2a: Zapdos|atk|1
|-ability|p2a: Zapdos|Defiant|boost
|-boost|p2a: Zapdos|atk|2
|move|p2a: Zapdos|U-turn|p1a: Landorus
|-resisted|p1a: Landorus
|-damage|p1a: Landorus|85/100
|-damage|p2a: Zapdos|84/100|[from] item: Rocky Helmet|[of] p1a: Landorus
|
|t:|1760376564
|switch|p2a: Deoxys|Deoxys-Speed|100/100|[from] U-turn
|-ability|p2a: Deoxys|Pressure
|
|upkeep
|turn|2
|
|t:|1760376601
|switch|p1a: Hatterene|Hatterene, F|100/100
|move|p2a: Deoxys|Psycho Boost|p1a: Hatterene
|-resisted|p1a: Hatterene
|-damage|p1a: Hatterene|58/100
|-unboost|p2a: Deoxys|spa|2
|-damage|p2a: Deoxys|91/100|[from] item: Life Orb
|
|upkeep
|turn|3
|
|t:|1760376629
|switch|p2a: Anomаly|Iron Moth|100/100
|-enditem|p2a: Anomаly|Booster Energy
|-activate|p2a: Anomаly|ability: Quark Drive|[fromitem]
|-start|p2a: Anomаly|quarkdrivespe
|move|p1a: Hatterene|Draining Kiss|p2a: Anomаly
|-resisted|p2a: Anomаly
|-damage|p2a: Anomаly|92/100
|-heal|p1a: Hatterene|64/100|[from] drain|[of] p2a: Anomаly
|-damage|p1a: Hatterene|55/100|[from] item: Life Orb
|
|upkeep
|turn|4
|
|t:|1760376646
|switch|p1a: Landorus|Landorus-Therian, M|85/100
|-ability|p1a: Landorus|Intimidate|boost
|-unboost|p2a: Anomаly|atk|1
|move|p2a: Anomаly|Fiery Dance|p1a: Landorus
|-damage|p1a: Landorus|43/100
|-boost|p2a: Anomаly|spa|1
|
|upkeep
|turn|5
|
|t:|1760376667
|move|p2a: Anomаly|Fiery Dance|p1a: Landorus
|-damage|p1a: Landorus|0 fnt
|-boost|p2a: Anomаly|spa|1
|faint|p1a: Landorus
|
|upkeep
|
|t:|1760376768
|switch|p1a: Corviknight|Corviknight, M|100/100
|-ability|p1a: Corviknight|Pressure
|turn|6
|
|t:|1760376772
|-terastallize|p1a: Corviknight|Fairy
|move|p2a: Anomаly|Substitute|p2a: Anomаly
|-start|p2a: Anomаly|Substitute
|-damage|p2a: Anomаly|67/100
|move|p1a: Corviknight|Brave Bird|p2a: Anomаly
|-end|p2a: Anomаly|Substitute
|-damage|p1a: Corviknight|94/100|[from] Recoil|[of] p2a: Anomаly
|
|-heal|p1a: Corviknight|100/100|[from] item: Leftovers
|upkeep
|turn|7
|
|t:|1760376786
|switch|p1a: Lucario|Lucario, F|100/100
|move|p2a: Anomаly|Sludge Wave|p1a: Lucario
|-immune|p1a: Lucario
|
|upkeep
|turn|8
|
|t:|1760376793
|move|p1a: Lucario|Extreme Speed|p2a: Anomаly
|-damage|p2a: Anomаly|30/100
|move|p2a: Anomаly|Fiery Dance|p1a: Lucario
|-supereffective|p1a: Lucario
|-damage|p1a: Lucario|0 fnt
|-boost|p2a: Anomаly|spa|1
|faint|p1a: Lucario
|
|upkeep
|
|t:|1760376799
|switch|p1a: Raging Bolt|Raging Bolt|100/100
|turn|9
|
|t:|1760376811
|-terastallize|p2a: Anomаly|Grass
|move|p2a: Anomаly|Sludge Wave|p1a: Raging Bolt
|-damage|p1a: Raging Bolt|12/100
|move|p1a: Raging Bolt|Thunderbolt|p2a: Anomаly
|-resisted|p2a: Anomаly
|-crit|p2a: Anomаly
|-damage|p2a: Anomаly|0 fnt
|faint|p2a: Anomаly
|-end|p2a: Anomаly|Quark Drive|[silent]
|
|upkeep
|
|t:|1760376825
|switch|p2a: Rillaboom|Rillaboom, M|100/100
|-fieldstart|move: Grassy Terrain|[from] ability: Grassy Surge|[of] p2a: Rillaboom
|turn|10
|
|t:|1760376836
|-end|p1a: Raging Bolt|Protosynthesis|[silent]
|switch|p1a: Rillaboom|Rillaboom, M|100/100
|move|p2a: Rillaboom|Grassy Glide|p1a: Rillaboom
|-resisted|p1a: Rillaboom
|-damage|p1a: Rillaboom|79/100
|
|-heal|p1a: Rillaboom|85/100|[from] Grassy Terrain
|upkeep
|turn|11
|
|t:|1760376850
|move|p1a: Rillaboom|U-turn|p2a: Rillaboom
|-supereffective|p2a: Rillaboom
|-damage|p2a: Rillaboom|27/100
|
|t:|1760376854
|switch|p1a: Corviknight|Corviknight, M, tera:Fairy|100/100|[from] U-turn
|-ability|p1a: Corviknight|Pressure
|move|p2a: Rillaboom|U-turn|p1a: Corviknight
|-resisted|p1a: Corviknight
|-damage|p1a: Corviknight|91/100
|
|t:|1760376863
|switch|p2a: thanos|Kingambit, F|100/100|[from] U-turn
|-activate|p2a: thanos|ability: Supreme Overlord
|-start|p2a: thanos|fallen1|[silent]
|
|-heal|p1a: Corviknight|98/100|[from] Grassy Terrain
|-heal|p1a: Corviknight|100/100|[from] item: Leftovers
|upkeep
|turn|12
|
|t:|1760376871
|move|p1a: Corviknight|U-turn|p2a: thanos
|-damage|p2a: thanos|90/100
|
|t:|1760376882
|switch|p1a: Rillaboom|Rillaboom, M|85/100|[from] U-turn
|move|p2a: thanos|Swords Dance|p2a: thanos
|-boost|p2a: thanos|atk|2
|
|-heal|p1a: Rillaboom|91/100|[from] Grassy Terrain
|-heal|p2a: thanos|96/100|[from] Grassy Terrain
|-heal|p2a: thanos|100/100|[from] item: Leftovers
|upkeep
|turn|13
|
|t:|1760376898
|move|p1a: Rillaboom|Wood Hammer|p2a: thanos
|-resisted|p2a: thanos
|-damage|p2a: thanos|58/100
|-damage|p1a: Rillaboom|75/100|[from] Recoil
|move|p2a: thanos|Kowtow Cleave|p1a: Rillaboom
|-damage|p1a: Rillaboom|0 fnt
|faint|p1a: Rillaboom
|
|-heal|p2a: thanos|64/100|[from] Grassy Terrain
|-heal|p2a: thanos|70/100|[from] item: Leftovers
|upkeep
|
|t:|1760376910
|switch|p1a: Raging Bolt|Raging Bolt|12/100
|turn|14
|
|t:|1760376923
|move|p1a: Raging Bolt|Thunderclap|p2a: thanos
|-damage|p2a: thanos|32/100
|move|p2a: thanos|Kowtow Cleave|p1a: Raging Bolt
|-damage|p1a: Raging Bolt|0 fnt
|faint|p1a: Raging Bolt
|-end|p1a: Raging Bolt|Protosynthesis|[silent]
|
|-heal|p2a: thanos|38/100|[from] Grassy Terrain
|-heal|p2a: thanos|44/100|[from] item: Leftovers
|upkeep
|
|t:|1760376929
|switch|p1a: Hatterene|Hatterene, F|55/100
|turn|15
|
|t:|1760376964
|move|p2a: thanos|Kowtow Cleave|p1a: Hatterene
|-damage|p1a: Hatterene|0 fnt
|faint|p1a: Hatterene
|
|-heal|p2a: thanos|50/100|[from] Grassy Terrain
|-heal|p2a: thanos|57/100|[from] item: Leftovers
|upkeep
|
|t:|1760376967
|switch|p1a: Corviknight|Corviknight, M, tera:Fairy|100/100
|-ability|p1a: Corviknight|Pressure
|turn|16
|
|t:|1760376973
|move|p1a: Corviknight|Brave Bird|p2a: thanos
|-resisted|p2a: thanos
|-damage|p2a: thanos|43/100
|-damage|p1a: Corviknight|96/100|[from] Recoil
|move|p2a: thanos|Kowtow Cleave|p1a: Corviknight
|-resisted|p1a: Corviknight
|-damage|p1a: Corviknight|58/100
|
|-heal|p1a: Corviknight|64/100|[from] Grassy Terrain
|-heal|p1a: Corviknight|70/100|[from] item: Leftovers
|-heal|p2a: thanos|49/100|[from] Grassy Terrain
|-heal|p2a: thanos|55/100|[from] item: Leftovers
|upkeep
|turn|17
|
|t:|1760376983
|move|p1a: Corviknight|Brave Bird|p2a: thanos
|-resisted|p2a: thanos
|-damage|p2a: thanos|42/100
|-damage|p1a: Corviknight|66/100|[from] Recoil
|move|p2a: thanos|Kowtow Cleave|p1a: Corviknight
|-resisted|p1a: Corviknight
|-damage|p1a: Corviknight|31/100
|
|-heal|p1a: Corviknight|37/100|[from] Grassy Terrain
|-heal|p1a: Corviknight|43/100|[from] item: Leftovers
|-heal|p2a: thanos|48/100|[from] Grassy Terrain
|-heal|p2a: thanos|55/100|[from] item: Leftovers
|-fieldend|move: Grassy Terrain
|upkeep
|turn|18
|
|t:|1760376996
|move|p1a: Corviknight|Roost|p1a: Corviknight
|-heal|p1a: Corviknight|93/100
|move|p2a: thanos|Swords Dance|p2a: thanos
|-boost|p2a: thanos|atk|2
|
|-heal|p1a: Corviknight|99/100|[from] item: Leftovers
|-heal|p2a: thanos|61/100|[from] item: Leftovers
|upkeep
|turn|19
|
|t:|1760377000
|move|p1a: Corviknight|Brave Bird|p2a: thanos
|-resisted|p2a: thanos
|-damage|p2a: thanos|48/100
|-damage|p1a: Corviknight|95/100|[from] Recoil
|move|p2a: thanos|Kowtow Cleave|p1a: Corviknight
|-resisted|p1a: Corviknight
|-damage|p1a: Corviknight|47/100
|
|-heal|p1a: Corviknight|53/100|[from] item: Leftovers
|-heal|p2a: thanos|54/100|[from] item: Leftovers
|upkeep
|turn|20
|
|t:|1760377010
|move|p1a: Corviknight|Brave Bird|p2a: thanos
|-resisted|p2a: thanos
|-damage|p2a: thanos|42/100
|-damage|p1a: Corviknight|49/100|[from] Recoil
|move|p2a: thanos|Kowtow Cleave|p1a: Corviknight
|-resisted|p1a: Corviknight
|-damage|p1a: Corviknight|0 fnt
|faint|p1a: Corviknight
|
|win|enormouschilli
|raw|bigtestsofbig's rating: 1529 &rarr; <strong>1507</strong><br />(-22 for losing)
|raw|enormouschilli's rating: 1489 &rarr; <strong>1511</strong><br />(+22 for winning)
|l|☆enormouschilli
|player|p2|
