|j|☆miggy009
|j|☆Katze 632
|t:|1760382991
|gametype|singles
|player|p1|miggy009|lucas|1099
|player|p2|Katze 632|ingo|1117
|gen|9
|tier|[Gen 9] OU
|rated|
|rule|HP Percentage Mod: HP is shown in percentages
|rule|Endless Battle Clause: Forcing endless battles is banned
|rule|Species Clause: Limit one of each Pokémon
|rule|OHKO Clause: OHKO moves are banned
|rule|Evasion Items Clause: Evasion items are banned
|rule|Evasion Moves Clause: Evasion moves are banned
|rule|Evasion Abilities Clause: Evasion abilities are banned
|rule|Sleep Moves Clause: Sleep-inducing moves are banned
|clearpoke
|poke|p1|Gallade, M|
|poke|p1|Grimmsnarl, M|
|poke|p1|Clodsire, F|
|poke|p1|Dragapult, F|
|poke|p1|Galvantula, M|
|poke|p1|Rillaboom, F|
|poke|p2|Ceruledge, F|
|poke|p2|Hatterene, F|
|poke|p2|Scizor, F|
|poke|p2|Samurott-Hisui, F|
|poke|p2|Tornadus-Therian, M|
|poke|p2|Weezing-Galar, F|
|teampreview
|inactive|Battle timer is ON: inactive players will automatically lose when time's up. (requested by Katze 632)
|
|t:|1760383000
|teamsize|p1|6
|teamsize|p2|6
|start
|switch|p1a: Fecal Fish|Clodsire, F, shiny|100/100
|switch|p2a: Bassie|Hatterene, F|100/100
|turn|1
|
|t:|1760383025
|switch|p2a: Pebble|Samurott-Hisui, F|100/100
|move|p1a: Fecal Fish|Gunk Shot|p2a: Pebble
|-damage|p2a: Pebble|67/100
|
|upkeep
|turn|2
|
|t:|1760383034
|move|p2a: Pebble|Ceaseless Edge|p1a: Fecal Fish|[miss]
|-miss|p2a: Pebble|p1a: Fecal Fish
|move|p1a: Fecal Fish|Stealth Rock|p2a: Pebble
|-sidestart|p2: Katze 632|move: Stealth Rock
|
|upkeep
|turn|3
|
|t:|1760383044
|move|p2a: Pebble|Ceaseless Edge|p1a: Fecal Fish
|-damage|p1a: Fecal Fish|67/100
|-sidestart|p1: miggy009|Spikes
|move|p1a: Fecal Fish|Counter|p2a: Pebble
|-damage|p2a: Pebble|0 fnt
|faint|p2a: Pebble
|
|-heal|p1a: Fecal Fish|73/100|[from] item: Black Sludge
|upkeep
|
|t:|1760383053
|switch|p2a: Weezing|Weezing-Galar, F|100/100
|-ability|p2a: Weezing|Neutralizing Gas
|turn|4
|
|t:|1760383061
|move|p2a: Weezing|Defog|p1a: Fecal Fish
|-unboost|p1a: Fecal Fish|evasion|1
|-sideend|p1: miggy009|Spikes|[from] move: Defog|[of] p2a: Weezing
|-sideend|p2: Katze 632|Stealth Rock|[from] move: Defog|[of] p2a: Weezing
|move|p1a: Fecal Fish|Gunk Shot|p2a: Weezing
|-damage|p2a: Weezing|80/100
|
|-heal|p1a: Fecal Fish|79/100|[from] item: Black Sludge
|upkeep
|turn|5
|
|t:|1760383076
|-end|p2a: Weezing|ability: Neutralizing Gas
|switch|p2a: Shrimpo|Scizor, F|100/100
|switch|p1a: Grimmsnarl|Grimmsnarl, M, shiny|100/100
|
|upkeep
|turn|6
|
|t:|1760383085
|switch|p2a: Bassie|Hatterene, F|100/100
|move|p1a: Grimmsnarl|Parting Shot|p2a: Bassie
|move|p2a: Bassie|Parting Shot|p1a: Grimmsnarl|[from] ability: Magic Bounce
|-unboost|p1a: Grimmsnarl|atk|1
|-unboost|p1a: Grimmsnarl|spa|1
|
|t:|1760383098
|switch|p2a: Shrimpo|Scizor, F|100/100|[from] Parting Shot
|
|upkeep
|turn|7
|
|t:|1760383106
|move|p1a: Grimmsnarl|Parting Shot|p2a: Shrimpo
|-unboost|p2a: Shrimpo|atk|1
|-unboost|p2a: Shrimpo|spa|1
|
|t:|1760383112
|switch|p1a: Dragapult|Dragapult, F, shiny|100/100|[from] Parting Shot
|move|p2a: Shrimpo|U-turn|p1a: Dragapult
|-resisted|p1a: Dragapult
|-damage|p1a: Dragapult|72/100
|
|t:|1760383135
|switch|p2a: Soulvester|Ceruledge, F|100/100|[from] U-turn
|
|upkeep
|turn|8
|
|t:|1760383141
|move|p1a: Dragapult|Shadow Ball|p2a: Soulvester
|-supereffective|p2a: Soulvester
|-enditem|p2a: Soulvester|Focus Sash
|-damage|p2a: Soulvester|1/100
|move|p2a: Soulvester|Swords Dance|p2a: Soulvester
|-boost|p2a: Soulvester|atk|2
|
|upkeep
|turn|9
|
|t:|1760383153
|switch|p1a: Fecal Fish|Clodsire, F, shiny|79/100
|move|p2a: Soulvester|Shadow Sneak|p1a: Fecal Fish
|-damage|p1a: Fecal Fish|64/100
|
|-heal|p1a: Fecal Fish|70/100|[from] item: Black Sludge
|upkeep
|turn|10
|
|t:|1760383169
|switch|p2a: Tornadus|Tornadus-Therian, M|100/100
|move|p1a: Fecal Fish|Gunk Shot|p2a: Tornadus|[miss]
|-miss|p1a: Fecal Fish|p2a: Tornadus
|
|-heal|p1a: Fecal Fish|76/100|[from] item: Black Sludge
|upkeep
|turn|11
|
|t:|1760383182
|move|p2a: Tornadus|Nasty Plot|p2a: Tornadus
|-boost|p2a: Tornadus|spa|2
|move|p1a: Fecal Fish|Stealth Rock|p2a: Tornadus
|-sidestart|p2: Katze 632|move: Stealth Rock
|
|-heal|p1a: Fecal Fish|82/100|[from] item: Black Sludge
|upkeep
|turn|12
|
|t:|1760383192
|move|p2a: Tornadus|Bleakwind Storm|p1a: Fecal Fish
|-damage|p1a: Fecal Fish|39/100
|-damage|p2a: Tornadus|91/100|[from] item: Life Orb
|move|p1a: Fecal Fish|Gunk Shot|p2a: Tornadus
|-damage|p2a: Tornadus|48/100
|
|-heal|p1a: Fecal Fish|46/100|[from] item: Black Sludge
|upkeep
|turn|13
|
|t:|1760383203
|move|p2a: Tornadus|Bleakwind Storm|p1a: Fecal Fish|[miss]
|-miss|p2a: Tornadus|p1a: Fecal Fish
|move|p1a: Fecal Fish|Recover|p1a: Fecal Fish
|-heal|p1a: Fecal Fish|96/100
|
|-heal|p1a: Fecal Fish|100/100|[from] item: Black Sludge
|upkeep
|turn|14
|
|t:|1760383212
|move|p2a: Tornadus|Heat Wave|p1a: Fecal Fish
|-damage|p1a: Fecal Fish|74/100
|-damage|p2a: Tornadus|38/100|[from] item: Life Orb
|move|p1a: Fecal Fish|Gunk Shot|p2a: Tornadus
|-damage|p2a: Tornadus|0 fnt
|faint|p2a: Tornadus
|
|-heal|p1a: Fecal Fish|80/100|[from] item: Black Sludge
|upkeep
|
|t:|1760383216
|switch|p2a: Weezing|Weezing-Galar, F|80/100
|-ability|p2a: Weezing|Neutralizing Gas
|turn|15
|
|t:|1760383227
|switch|p1a: Grimmsnarl|Grimmsnarl, M, shiny|100/100
|move|p2a: Weezing|Defog|p1a: Grimmsnarl
|-unboost|p1a: Grimmsnarl|evasion|1
|-sideend|p2: Katze 632|Stealth Rock|[from] move: Defog|[of] p2a: Weezing
|
|upkeep
|turn|16
|
|t:|1760383242
|move|p1a: Grimmsnarl|Trick|p2a: Weezing
|-activate|p1a: Grimmsnarl|move: Trick|[of] p2a: Weezing
|-item|p2a: Weezing|Choice Scarf|[from] move: Trick
|-item|p1a: Grimmsnarl|Heavy-Duty Boots|[from] move: Trick
|move|p2a: Weezing|Strange Steam|p1a: Grimmsnarl
|-supereffective|p1a: Grimmsnarl
|-damage|p1a: Grimmsnarl|50/100
|-start|p1a: Grimmsnarl|confusion
|
|upkeep
|turn|17
|
|t:|1760383252
|switch|p1a: Fecal Fish|Clodsire, F, shiny|80/100
|move|p2a: Weezing|Strange Steam|p1a: Fecal Fish
|-resisted|p1a: Fecal Fish
|-damage|p1a: Fecal Fish|72/100
|
|-heal|p1a: Fecal Fish|78/100|[from] item: Black Sludge
|upkeep
|turn|18
|
|t:|1760383263
|-end|p2a: Weezing|ability: Neutralizing Gas
|switch|p2a: Bassie|Hatterene, F|100/100
|move|p1a: Fecal Fish|Stealth Rock|p2a: Bassie
|move|p2a: Bassie|Stealth Rock|p1a: Fecal Fish|[from] ability: Magic Bounce
|-sidestart|p1: miggy009|move: Stealth Rock
|
|-heal|p1a: Fecal Fish|84/100|[from] item: Black Sludge
|upkeep
|turn|19
|
|t:|1760383277
|move|p2a: Bassie|Psychic Noise|p1a: Fecal Fish
|-supereffective|p1a: Fecal Fish
|-damage|p1a: Fecal Fish|40/100
|-start|p1a: Fecal Fish|move: Heal Block
|move|p1a: Fecal Fish|Gunk Shot|p2a: Bassie
|-supereffective|p2a: Bassie
|-damage|p2a: Bassie|41/100
|
|-heal|p2a: Bassie|47/100|[from] item: Leftovers
|upkeep
|turn|20
|
|t:|1760383290
|switch|p1a: Grimmsnarl|Grimmsnarl, M, shiny|50/100
|move|p2a: Bassie|Pain Split|p1a: Grimmsnarl
|-sethp|p1a: Grimmsnarl|44/100|[from] move: Pain Split|[silent]
|-sethp|p2a: Bassie|54/100|[from] move: Pain Split
|
|-heal|p2a: Bassie|60/100|[from] item: Leftovers
|upkeep
|turn|21
|
|t:|1760383302
|move|p1a: Grimmsnarl|Parting Shot|p2a: Bassie
|move|p2a: Bassie|Parting Shot|p1a: Grimmsnarl|[from] ability: Magic Bounce
|-unboost|p1a: Grimmsnarl|atk|1
|-unboost|p1a: Grimmsnarl|spa|1
|
|t:|1760383310
|switch|p2a: Shrimpo|Scizor, F|100/100|[from] Parting Shot
|
|upkeep
|turn|22
|
|t:|1760383316
|move|p2a: Shrimpo|Bullet Punch|p1a: Grimmsnarl
|-supereffective|p1a: Grimmsnarl
|-damage|p1a: Grimmsnarl|0 fnt
|faint|p1a: Grimmsnarl
|
|upkeep
|
|t:|1760383333
|switch|p1a: Galli|Galvantula, M, shiny|100/100
|-damage|p1a: Galli|76/100|[from] Stealth Rock
|turn|23
|
|t:|1760383340
|switch|p2a: Bassie|Hatterene, F|60/100
|move|p1a: Galli|Thunder|p2a: Bassie|[miss]
|-miss|p1a: Galli|p2a: Bassie
|
|-heal|p2a: Bassie|66/100|[from] item: Leftovers
|upkeep
|turn|24
|
|t:|1760383362
|switch|p2a: Weezing|Weezing-Galar, F|80/100
|-ability|p2a: Weezing|Neutralizing Gas
|move|p1a: Galli|Thunder|p2a: Weezing
|-damage|p2a: Weezing|16/100
|-status|p2a: Weezing|par
|
|upkeep
|turn|25
|
|t:|1760383375
|move|p1a: Galli|Energy Ball|p2a: Weezing
|-resisted|p2a: Weezing
|-damage|p2a: Weezing|0 fnt
|faint|p2a: Weezing
|-end|p2a: Weezing|ability: Neutralizing Gas
|
|upkeep
|inactive|Katze 632 has 120 seconds left.
|
|t:|1760383401
|switch|p2a: Shrimpo|Scizor, F|100/100
|turn|26
|inactive|Katze 632 has 120 seconds left.
|
|t:|1760383411
|move|p2a: Shrimpo|Bullet Punch|p1a: Galli
|-resisted|p1a: Galli
|-damage|p1a: Galli|26/100
|move|p1a: Galli|Thunder|p2a: Shrimpo
|-damage|p2a: Shrimpo|37/100
|
|upkeep
|turn|27
|
|t:|1760383425
|move|p2a: Shrimpo|Bullet Punch|p1a: Galli
|-resisted|p1a: Galli
|-damage|p1a: Galli|0 fnt
|faint|p1a: Galli
|
|upkeep
|
|t:|1760383434
|switch|p1a: Psythe|Gallade, M, shiny|100/100
|-damage|p1a: Psythe|94/100|[from] Stealth Rock
|turn|28
|l|☆Katze 632
|inactive|Katze 632 disconnected and has a minute to reconnect!
|player|p2|
|j|☆Katze 632
|inactive|Katze 632 reconnected and has 130 seconds left.
|player|p2|Katze 632|ingo|
|
|t:|1760383452
|switch|p2a: Bassie|Hatterene, F|66/100
|move|p1a: Psythe|Sacred Sword|p2a: Bassie
|-resisted|p2a: Bassie
|-damage|p2a: Bassie|42/100
|
|-heal|p2a: Bassie|48/100|[from] item: Leftovers
|upkeep
|turn|29
|
|t:|1760383465
|switch|p1a: Rilawa|Rillaboom, F|100/100
|-damage|p1a: Rilawa|88/100|[from] Stealth Rock
|-fieldstart|move: Grassy Terrain|[from] ability: Grassy Surge|[of] p1a: Rilawa
|move|p2a: Bassie|Draining Kiss|p1a: Rilawa
|-damage|p1a: Rilawa|72/100
|-heal|p2a: Bassie|63/100|[from] drain|[of] p1a: Rilawa
|
|-heal|p1a: Rilawa|78/100|[from] Grassy Terrain
|-heal|p2a: Bassie|69/100|[from] Grassy Terrain
|-heal|p2a: Bassie|75/100|[from] item: Leftovers
|upkeep
|turn|30
|
|t:|1760383483
|move|p1a: Rilawa|Knock Off|p2a: Bassie
|-damage|p2a: Bassie|45/100
|-enditem|p2a: Bassie|Leftovers|[from] move: Knock Off|[of] p1a: Rilawa
|move|p2a: Bassie|Psychic Noise|p1a: Rilawa
|-damage|p1a: Rilawa|55/100
|-start|p1a: Rilawa|move: Heal Block
|
|-heal|p2a: Bassie|51/100|[from] Grassy Terrain
|upkeep
|turn|31
|
|t:|1760383496
|move|p1a: Rilawa|U-turn|p2a: Bassie
|-damage|p2a: Bassie|31/100
|
|t:|1760383504
|switch|p1a: Fecal Fish|Clodsire, F, shiny|40/100|[from] U-turn
|-damage|p1a: Fecal Fish|34/100|[from] Stealth Rock
|move|p2a: Bassie|Draining Kiss|p1a: Fecal Fish
|-resisted|p1a: Fecal Fish
|-damage|p1a: Fecal Fish|26/100
|-heal|p2a: Bassie|39/100|[from] drain|[of] p1a: Fecal Fish
|
|-heal|p2a: Bassie|45/100|[from] Grassy Terrain
|-heal|p1a: Fecal Fish|32/100|[from] Grassy Terrain
|-heal|p1a: Fecal Fish|38/100|[from] item: Black Sludge
|upkeep
|turn|32
|
|t:|1760383519
|move|p2a: Bassie|Psychic Noise|p1a: Fecal Fish
|-supereffective|p1a: Fecal Fish
|-damage|p1a: Fecal Fish|0 fnt
|faint|p1a: Fecal Fish
|
|-heal|p2a: Bassie|51/100|[from] Grassy Terrain
|upkeep
|
|t:|1760383527
|switch|p1a: Dragapult|Dragapult, F, shiny|72/100
|-damage|p1a: Dragapult|60/100|[from] Stealth Rock
|turn|33
|
|t:|1760383533
|move|p1a: Dragapult|Shadow Ball|p2a: Bassie
|-supereffective|p2a: Bassie
|-damage|p2a: Bassie|0 fnt
|faint|p2a: Bassie
|
|-heal|p1a: Dragapult|66/100|[from] Grassy Terrain
|-fieldend|move: Grassy Terrain
|upkeep
|
|t:|1760383544
|switch|p2a: Soulvester|Ceruledge, F|1/100
|turn|34
|
|t:|1760383550
|switch|p1a: Rilawa|Rillaboom, F|55/100
|-damage|p1a: Rilawa|43/100|[from] Stealth Rock
|-fieldstart|move: Grassy Terrain|[from] ability: Grassy Surge|[of] p1a: Rilawa
|-terastallize|p2a: Soulvester|Ghost
|move|p2a: Soulvester|Shadow Sneak|p1a: Rilawa
|-damage|p1a: Rilawa|19/100
|
|-heal|p2a: Soulvester|7/100|[from] Grassy Terrain
|-heal|p1a: Rilawa|25/100|[from] Grassy Terrain
|upkeep
|turn|35
|
|t:|1760383565
|move|p2a: Soulvester|Shadow Sneak|p1a: Rilawa
|-crit|p1a: Rilawa
|-damage|p1a: Rilawa|0 fnt
|faint|p1a: Rilawa
|
|-heal|p2a: Soulvester|13/100|[from] Grassy Terrain
|upkeep
|
|t:|1760383573
|switch|p1a: Psythe|Gallade, M, shiny|94/100
|-damage|p1a: Psythe|88/100|[from] Stealth Rock
|turn|36
|
|t:|1760383584
|move|p2a: Soulvester|Shadow Sneak|p1a: Psythe
|-supereffective|p1a: Psythe
|-damage|p1a: Psythe|0 fnt
|faint|p1a: Psythe
|
|-heal|p2a: Soulvester|19/100|[from] Grassy Terrain
|upkeep
|-message|miggy009 forfeited.
|
|win|Katze 632
|raw|miggy009's rating: 1099 &rarr; <strong>1075</strong><br />(-24 for losing)
|raw|Katze 632's rating: 1117 &rarr; <strong>1141</strong><br />(+24 for winning)
|l|☆miggy009
|player|p1|
