|j|☆kharionn
|j|☆roryta
|t:|1760364415
|gametype|singles
|player|p1|kharionn|101|1160
|player|p2|roryta|hilbert|1190
|gen|9
|tier|[Gen 9] OU
|rated|
|rule|HP Percentage Mod: HP is shown in percentages
|rule|Endless Battle Clause: Forcing endless battles is banned
|rule|Species Clause: Limit one of each Pokémon
|rule|OHKO Clause: OHKO moves are banned
|rule|Evasion Items Clause: Evasion items are banned
|rule|Evasion Moves Clause: Evasion moves are banned
|rule|Evasion Abilities Clause: Evasion abilities are banned
|rule|Sleep Moves Clause: Sleep-inducing moves are banned
|clearpoke
|poke|p1|Ditto|
|poke|p1|Iron Leaves|
|poke|p1|Meowstic, M|
|poke|p1|Iron Hands|
|poke|p1|Conkeldurr, M|
|poke|p1|Bellibolt, F|
|poke|p2|Kyurem|
|poke|p2|Cobalion|
|poke|p2|Leavanny, F|
|poke|p2|Primarina, F|
|poke|p2|Chandelure, M|
|poke|p2|Great Tusk|
|teampreview
|inactive|Battle timer is ON: inactive players will automatically lose when time's up. (requested by roryta)
|
|t:|1760364422
|teamsize|p1|6
|teamsize|p2|6
|start
|switch|p1a: Meowstic|Meowstic, M|100/100
|switch|p2a: Leavanny|Leavanny, F|100/100
|turn|1
|
|t:|1760364428
|move|p1a: Meowstic|Reflect|p1a: Meowstic
|-sidestart|p1: kharionn|Reflect
|move|p2a: Leavanny|Sticky Web|p1a: Meowstic
|-sidestart|p1: kharionn|move: Sticky Web
|
|upkeep
|turn|2
|
|t:|1760364433
|move|p1a: Meowstic|Light Screen|p1a: Meowstic
|-sidestart|p1: kharionn|move: Light Screen
|move|p2a: Leavanny|Swords Dance|p2a: Leavanny
|-boost|p2a: Leavanny|atk|2
|
|upkeep
|turn|3
|
|t:|1760364438
|move|p1a: Meowstic|Thunder Wave|p2a: Leavanny
|-status|p2a: Leavanny|par
|move|p2a: Leavanny|Swords Dance|p2a: Leavanny
|-boost|p2a: Leavanny|atk|2
|
|upkeep
|turn|4
|
|t:|1760364445
|switch|p1a: Bellibolt|Bellibolt, F|100/100
|-activate|p1a: Bellibolt|move: Sticky Web
|-unboost|p1a: Bellibolt|spe|1
|move|p2a: Leavanny|Swords Dance|p2a: Leavanny
|-boost|p2a: Leavanny|atk|2
|
|upkeep
|turn|5
|
|t:|1760364453
|switch|p1a: Ditto|Ditto|100/100
|-transform|p1a: Ditto|p2a: Leavanny|[from] ability: Imposter
|move|p2a: Leavanny|Lunge|p1a: Ditto
|-supereffective|p1a: Ditto
|-damage|p1a: Ditto|0 fnt
|faint|p1a: Ditto
|
|upkeep
|
|t:|1760364465
|switch|p1a: Conkeldurr|Conkeldurr, M|100/100
|-activate|p1a: Conkeldurr|move: Sticky Web
|-unboost|p1a: Conkeldurr|spe|1
|turn|6
|
|t:|1760364472
|cant|p2a: Leavanny|par
|move|p1a: Conkeldurr|Ice Punch|p2a: Leavanny
|-supereffective|p2a: Leavanny
|-damage|p2a: Leavanny|21/100 par
|
|-status|p1a: Conkeldurr|brn|[from] item: Flame Orb
|upkeep
|turn|7
|
|t:|1760364479
|move|p2a: Leavanny|Triple Axel|p1a: Conkeldurr
|-damage|p1a: Conkeldurr|90/100 brn
|-damage|p1a: Conkeldurr|68/100 brn
|-damage|p1a: Conkeldurr|36/100 brn
|-hitcount|p1a: Conkeldurr|3
|move|p1a: Conkeldurr|Facade|p2a: Leavanny
|-damage|p2a: Leavanny|0 fnt
|faint|p2a: Leavanny
|
|-damage|p1a: Conkeldurr|30/100 brn|[from] brn
|upkeep
|
|t:|1760364488
|switch|p2a: Primarina|Primarina, F, shiny|100/100
|turn|8
|
|t:|1760364495
|move|p2a: Primarina|Moonblast|p1a: Conkeldurr
|-supereffective|p1a: Conkeldurr
|-damage|p1a: Conkeldurr|0 fnt
|faint|p1a: Conkeldurr
|
|-sideend|p1: kharionn|Reflect
|upkeep
|
|t:|1760364505
|switch|p1a: Meowstic|Meowstic, M|100/100
|-activate|p1a: Meowstic|move: Sticky Web
|-unboost|p1a: Meowstic|spe|1
|turn|9
|
|t:|1760364511
|move|p1a: Meowstic|Thunder Wave|p2a: Primarina
|-status|p2a: Primarina|par
|move|p2a: Primarina|Moonblast|p1a: Meowstic
|-damage|p1a: Meowstic|79/100
|-unboost|p1a: Meowstic|spa|1
|
|-sideend|p1: kharionn|move: Light Screen
|upkeep
|turn|10
|
|t:|1760364520
|move|p1a: Meowstic|Light Screen|p1a: Meowstic
|-sidestart|p1: kharionn|move: Light Screen
|cant|p2a: Primarina|par
|
|upkeep
|turn|11
|
|t:|1760364524
|move|p1a: Meowstic|Reflect|p1a: Meowstic
|-sidestart|p1: kharionn|Reflect
|move|p2a: Primarina|Moonblast|p1a: Meowstic
|-damage|p1a: Meowstic|58/100
|
|upkeep
|turn|12
|
|t:|1760364535
|switch|p1a: Iron Leaves|Iron Leaves|100/100
|-activate|p1a: Iron Leaves|move: Sticky Web
|-unboost|p1a: Iron Leaves|spe|1
|cant|p2a: Primarina|par
|
|upkeep
|turn|13
|
|t:|1760364562
|switch|p2a: Cobalion|Cobalion|100/100
|move|p1a: Iron Leaves|Leaf Blade|p2a: Cobalion
|-resisted|p2a: Cobalion
|-damage|p2a: Cobalion|85/100
|-damage|p1a: Iron Leaves|91/100|[from] item: Life Orb
|
|-heal|p2a: Cobalion|91/100|[from] item: Leftovers
|upkeep
|turn|14
|
|t:|1760364573
|move|p2a: Cobalion|Iron Defense|p2a: Cobalion
|-boost|p2a: Cobalion|def|2
|move|p1a: Iron Leaves|Sacred Sword|p2a: Cobalion
|-supereffective|p2a: Cobalion
|-damage|p2a: Cobalion|44/100
|-damage|p1a: Iron Leaves|81/100|[from] item: Life Orb
|
|-heal|p2a: Cobalion|50/100|[from] item: Leftovers
|upkeep
|turn|15
|
|t:|1760364583
|move|p2a: Cobalion|Thunder Wave|p1a: Iron Leaves
|-status|p1a: Iron Leaves|par
|move|p1a: Iron Leaves|Sacred Sword|p2a: Cobalion
|-supereffective|p2a: Cobalion
|-damage|p2a: Cobalion|4/100
|-damage|p1a: Iron Leaves|71/100 par|[from] item: Life Orb
|
|-heal|p2a: Cobalion|10/100|[from] item: Leftovers
|upkeep
|turn|16
|
|t:|1760364593
|move|p2a: Cobalion|Body Press|p1a: Iron Leaves
|-resisted|p1a: Iron Leaves
|-damage|p1a: Iron Leaves|45/100 par
|move|p1a: Iron Leaves|Sacred Sword|p2a: Cobalion
|-supereffective|p2a: Cobalion
|-damage|p2a: Cobalion|0 fnt
|faint|p2a: Cobalion
|-damage|p1a: Iron Leaves|35/100 par|[from] item: Life Orb
|
|upkeep
|
|t:|1760364596
|switch|p2a: Chandelure|Chandelure, M|100/100
|turn|17
|
|t:|1760364606
|move|p2a: Chandelure|Shadow Ball|p1a: Iron Leaves
|-supereffective|p1a: Iron Leaves
|-damage|p1a: Iron Leaves|0 fnt
|faint|p1a: Iron Leaves
|-end|p1a: Iron Leaves|Quark Drive|[silent]
|
|-sideend|p1: kharionn|move: Light Screen
|upkeep
|
|t:|1760364614
|switch|p1a: Meowstic|Meowstic, M|58/100
|-activate|p1a: Meowstic|move: Sticky Web
|-unboost|p1a: Meowstic|spe|1
|turn|18
|
|t:|1760364618
|move|p1a: Meowstic|Light Screen|p1a: Meowstic
|-sidestart|p1: kharionn|move: Light Screen
|move|p2a: Chandelure|Shadow Ball|p1a: Meowstic
|-supereffective|p1a: Meowstic
|-damage|p1a: Meowstic|0 fnt
|faint|p1a: Meowstic
|
|-sideend|p1: kharionn|Reflect
|upkeep
|
|t:|1760364626
|switch|p1a: Bellibolt|Bellibolt, F|100/100
|-activate|p1a: Bellibolt|move: Sticky Web
|-unboost|p1a: Bellibolt|spe|1
|turn|19
|
|t:|1760364630
|switch|p2a: Kyurem|Kyurem, shiny|100/100
|-ability|p2a: Kyurem|Pressure
|move|p1a: Bellibolt|Toxic|p2a: Kyurem
|-status|p2a: Kyurem|tox
|
|-damage|p2a: Kyurem|94/100 tox|[from] psn
|upkeep
|turn|20
|
|t:|1760364639
|move|p1a: Bellibolt|Protect|p1a: Bellibolt
|-singleturn|p1a: Bellibolt|Protect
|move|p2a: Kyurem|Earth Power|p1a: Bellibolt
|-activate|p1a: Bellibolt|move: Protect
|
|-damage|p2a: Kyurem|82/100 tox|[from] psn
|upkeep
|turn|21
|
|t:|1760364648
|move|p2a: Kyurem|Earth Power|p1a: Bellibolt
|-supereffective|p1a: Bellibolt
|-damage|p1a: Bellibolt|61/100
|move|p1a: Bellibolt|Chilling Water|p2a: Kyurem
|-resisted|p2a: Kyurem
|-damage|p2a: Kyurem|77/100 tox
|-unboost|p2a: Kyurem|atk|1
|
|-heal|p1a: Bellibolt|67/100|[from] item: Leftovers
|-damage|p2a: Kyurem|58/100 tox|[from] psn
|upkeep
|turn|22
|
|t:|1760364659
|move|p1a: Bellibolt|Protect|p1a: Bellibolt
|-singleturn|p1a: Bellibolt|Protect
|move|p2a: Kyurem|Earth Power|p1a: Bellibolt
|-activate|p1a: Bellibolt|move: Protect
|
|-heal|p1a: Bellibolt|73/100|[from] item: Leftovers
|-damage|p2a: Kyurem|34/100 tox|[from] psn
|upkeep
|turn|23
|
|t:|1760364669
|move|p1a: Bellibolt|Protect||[still]
|-fail|p1a: Bellibolt
|move|p2a: Kyurem|Earth Power|p1a: Bellibolt
|-supereffective|p1a: Bellibolt
|-damage|p1a: Bellibolt|33/100
|
|-heal|p1a: Bellibolt|39/100|[from] item: Leftovers
|-damage|p2a: Kyurem|3/100 tox|[from] psn
|upkeep
|turn|24
|
|t:|1760364682
|move|p1a: Bellibolt|Protect|p1a: Bellibolt
|-singleturn|p1a: Bellibolt|Protect
|move|p2a: Kyurem|Earth Power|p1a: Bellibolt
|-activate|p1a: Bellibolt|move: Protect
|
|-heal|p1a: Bellibolt|45/100|[from] item: Leftovers
|-damage|p2a: Kyurem|0 fnt|[from] psn
|faint|p2a: Kyurem
|upkeep
|
|t:|1760364686
|switch|p2a: Chandelure|Chandelure, M|100/100
|turn|25
|
|t:|1760364695
|move|p2a: Chandelure|Fire Blast|p1a: Bellibolt
|-damage|p1a: Bellibolt|0 fnt
|faint|p1a: Bellibolt
|
|-sideend|p1: kharionn|move: Light Screen
|upkeep
|
|t:|1760364701
|switch|p1a: Iron Hands|Iron Hands|100/100
|-activate|p1a: Iron Hands|move: Sticky Web
|-unboost|p1a: Iron Hands|spe|1
|turn|26
|
|t:|1760364708
|move|p2a: Chandelure|Fire Blast|p1a: Iron Hands|[miss]
|-miss|p2a: Chandelure|p1a: Iron Hands
|move|p1a: Iron Hands|Earthquake|p2a: Chandelure
|-supereffective|p2a: Chandelure
|-damage|p2a: Chandelure|0 fnt
|faint|p2a: Chandelure
|
|upkeep
|
|t:|1760364711
|switch|p2a: Primarina|Primarina, F, shiny|100/100 par
|turn|27
|
|t:|1760364719
|-terastallize|p2a: Primarina|Poison
|cant|p2a: Primarina|par
|move|p1a: Iron Hands|Wild Charge|p2a: Primarina
|-damage|p2a: Primarina|31/100 par
|-damage|p1a: Iron Hands|89/100|[from] Recoil
|
|upkeep
|turn|28
|
|t:|1760364727
|move|p2a: Primarina|Moonblast|p1a: Iron Hands
|-supereffective|p1a: Iron Hands
|-damage|p1a: Iron Hands|26/100
|move|p1a: Iron Hands|Earthquake|p2a: Primarina
|-supereffective|p2a: Primarina
|-damage|p2a: Primarina|0 fnt
|faint|p2a: Primarina
|
|upkeep
|
|t:|1760364733
|switch|p2a: Great Tusk|Great Tusk|100/100
|turn|29
|
|t:|1760364739
|-terastallize|p1a: Iron Hands|Fighting
|move|p2a: Great Tusk|Headlong Rush|p1a: Iron Hands
|-damage|p1a: Iron Hands|0 fnt
|-unboost|p2a: Great Tusk|def|1
|-unboost|p2a: Great Tusk|spd|1
|faint|p1a: Iron Hands
|-end|p1a: Iron Hands|Quark Drive|[silent]
|
|win|roryta
|raw|kharionn's rating: 1160 &rarr; <strong>1137</strong><br />(-23 for losing)
|raw|roryta's rating: 1190 &rarr; <strong>1213</strong><br />(+23 for winning)
|l|☆roryta
|player|p2|
|l|☆kharionn
|player|p1|
