|j|☆are you jesus?
|j|☆The Blxck
|t:|1760337965
|gametype|singles
|player|p1|are you jesus?|grimsley|1102
|player|p2|The Blxck|gardenia|1108
|gen|9
|tier|[Gen 9] OU
|rated|
|rule|HP Percentage Mod: HP is shown in percentages
|rule|Endless Battle Clause: Forcing endless battles is banned
|rule|Species Clause: Limit one of each Pokémon
|rule|OHKO Clause: OHKO moves are banned
|rule|Evasion Items Clause: Evasion items are banned
|rule|Evasion Moves Clause: Evasion moves are banned
|rule|Evasion Abilities Clause: Evasion abilities are banned
|rule|Sleep Moves Clause: Sleep-inducing moves are banned
|clearpoke
|poke|p1|Orthworm, F|
|poke|p1|Barraskewda, F|
|poke|p1|Raikou|
|poke|p1|Frosmoth, M|
|poke|p1|Tentacruel, F|
|poke|p1|Haxorus, F|
|poke|p2|Iron Treads|
|poke|p2|Toxicroak, F|
|poke|p2|Pelipper, M|
|poke|p2|Kingdra, M|
|poke|p2|Basculegion, M|
|poke|p2|Thundurus, M|
|teampreview
|c|☆are you jesus?|hi
|inactive|Battle timer is ON: inactive players will automatically lose when time's up. (requested by The Blxck)
|
|t:|1760337974
|teamsize|p1|6
|teamsize|p2|6
|start
|switch|p1a: Barraskewda|Barraskewda, F|100/100
|switch|p2a: Iron Treads|Iron Treads|100/100
|turn|1
|
|t:|1760337979
|move|p1a: Barraskewda|Flip Turn|p2a: Iron Treads
|-supereffective|p2a: Iron Treads
|-damage|p2a: Iron Treads|7/100
|
|t:|1760337985
|switch|p1a: Orthrelm|Orthworm, F|100/100|[from] Flip Turn
|move|p2a: Iron Treads|Stealth Rock|p1a: Orthrelm
|-sidestart|p1: are you jesus?|move: Stealth Rock
|
|upkeep
|turn|2
|
|t:|1760338008
|-end|p2a: Iron Treads|Quark Drive|[silent]
|switch|p2a: Toxicroak|Toxicroak, F|100/100
|move|p1a: Orthrelm|Iron Defense|p1a: Orthrelm
|-boost|p1a: Orthrelm|def|2
|
|upkeep
|turn|3
|
|t:|1760338016
|move|p2a: Toxicroak|Drain Punch|p1a: Orthrelm
|-supereffective|p1a: Orthrelm
|-damage|p1a: Orthrelm|78/100
|move|p1a: Orthrelm|Stealth Rock|p2a: Toxicroak
|-sidestart|p2: The Blxck|move: Stealth Rock
|
|-heal|p1a: Orthrelm|84/100|[from] item: Leftovers
|upkeep
|turn|4
|
|t:|1760338025
|move|p2a: Toxicroak|Knock Off|p1a: Orthrelm
|-damage|p1a: Orthrelm|75/100
|-enditem|p1a: Orthrelm|Leftovers|[from] move: Knock Off|[of] p2a: Toxicroak
|move|p1a: Orthrelm|Iron Defense|p1a: Orthrelm
|-boost|p1a: Orthrelm|def|2
|
|upkeep
|turn|5
|
|t:|1760338033
|switch|p2a: Iron Treads|Iron Treads|7/100
|move|p1a: Orthrelm|Body Press|p2a: Iron Treads
|-supereffective|p2a: Iron Treads
|-damage|p2a: Iron Treads|0 fnt
|faint|p2a: Iron Treads
|-end|p2a: Iron Treads|Quark Drive|[silent]
|
|upkeep
|
|t:|1760338041
|switch|p2a: Thundurus|Thundurus, M|100/100
|-damage|p2a: Thundurus|76/100|[from] Stealth Rock
|turn|6
|
|t:|1760338058
|switch|p1a: Tentacruel|Tentacruel, F|100/100
|-damage|p1a: Tentacruel|88/100|[from] Stealth Rock
|move|p2a: Thundurus|Nasty Plot|p2a: Thundurus
|-boost|p2a: Thundurus|spa|2
|
|-heal|p2a: Thundurus|82/100|[from] item: Leftovers
|-heal|p1a: Tentacruel|94/100|[from] item: Leftovers
|upkeep
|turn|7
|inactive|The Blxck has 120 seconds left.
|
|t:|1760338095
|move|p2a: Thundurus|Thunder|p1a: Tentacruel
|-supereffective|p1a: Tentacruel
|-damage|p1a: Tentacruel|0 fnt
|faint|p1a: Tentacruel
|
|-heal|p2a: Thundurus|88/100|[from] item: Leftovers
|upkeep
|
|t:|1760338105
|switch|p1a: Barraskewda|Barraskewda, F|100/100
|-damage|p1a: Barraskewda|88/100|[from] Stealth Rock
|turn|8
|
|t:|1760338111
|move|p2a: Thundurus|Thunder Wave|p1a: Barraskewda
|-status|p1a: Barraskewda|par
|move|p1a: Barraskewda|Liquidation|p2a: Thundurus
|-damage|p2a: Thundurus|0 fnt
|faint|p2a: Thundurus
|
|upkeep
|inactive|The Blxck has 120 seconds left.
|
|t:|1760338122
|switch|p2a: Toxicroak|Toxicroak, F|100/100
|-damage|p2a: Toxicroak|94/100|[from] Stealth Rock
|turn|9
|
|t:|1760338127
|switch|p1a: Orthrelm|Orthworm, F|75/100
|-damage|p1a: Orthrelm|69/100|[from] Stealth Rock
|move|p2a: Toxicroak|Drain Punch|p1a: Orthrelm
|-supereffective|p1a: Orthrelm
|-damage|p1a: Orthrelm|28/100
|-heal|p2a: Toxicroak|100/100|[from] drain|[of] p1a: Orthrelm
|
|upkeep
|turn|10
|
|t:|1760338136
|move|p2a: Toxicroak|Drain Punch|p1a: Orthrelm
|-supereffective|p1a: Orthrelm
|-damage|p1a: Orthrelm|0 fnt
|faint|p1a: Orthrelm
|
|upkeep
|
|t:|1760338141
|switch|p1a: Barraskewda|Barraskewda, F|88/100 par
|-damage|p1a: Barraskewda|76/100 par|[from] Stealth Rock
|turn|11
|
|t:|1760338149
|move|p2a: Toxicroak|Drain Punch|p1a: Barraskewda
|-damage|p1a: Barraskewda|11/100 par
|move|p1a: Barraskewda|Psychic Fangs|p2a: Toxicroak
|-supereffective|p2a: Toxicroak
|-crit|p2a: Toxicroak
|-damage|p2a: Toxicroak|0 fnt
|faint|p2a: Toxicroak
|
|upkeep
|
|t:|1760338157
|switch|p2a: Basculegion|Basculegion, M|100/100
|-damage|p2a: Basculegion|88/100|[from] Stealth Rock
|turn|12
|
|t:|1760338161
|move|p2a: Basculegion|Aqua Jet|p1a: Barraskewda
|-resisted|p1a: Barraskewda
|-damage|p1a: Barraskewda|0 fnt
|faint|p1a: Barraskewda
|
|-heal|p2a: Basculegion|94/100|[from] item: Leftovers
|upkeep
|
|t:|1760338164
|switch|p1a: Haxorus|Haxorus, F|100/100
|-damage|p1a: Haxorus|88/100|[from] Stealth Rock
|-ability|p1a: Haxorus|Mold Breaker
|turn|13
|
|t:|1760338173
|switch|p2a: Pelipper|Pelipper, M|100/100
|-damage|p2a: Pelipper|76/100|[from] Stealth Rock
|-weather|RainDance|[from] ability: Drizzle|[of] p2a: Pelipper
|move|p1a: Haxorus|Swords Dance|p1a: Haxorus
|-boost|p1a: Haxorus|atk|2
|
|-weather|RainDance|[upkeep]
|upkeep
|turn|14
|
|t:|1760338183
|move|p1a: Haxorus|Scale Shot|p2a: Pelipper|[miss]
|-miss|p1a: Haxorus|p2a: Pelipper
|move|p2a: Pelipper|Ice Beam|p1a: Haxorus
|-supereffective|p1a: Haxorus
|-damage|p1a: Haxorus|26/100
|
|-weather|RainDance|[upkeep]
|upkeep
|turn|15
|
|t:|1760338189
|move|p1a: Haxorus|Scale Shot|p2a: Pelipper
|-damage|p2a: Pelipper|55/100
|-damage|p2a: Pelipper|31/100
|-damage|p2a: Pelipper|9/100
|-damage|p2a: Pelipper|0 fnt
|faint|p2a: Pelipper
|-hitcount|p2: Pelipper|4
|-unboost|p1a: Haxorus|def|1
|-boost|p1a: Haxorus|spe|1
|
|-weather|RainDance|[upkeep]
|upkeep
|
|t:|1760338206
|switch|p2a: Basculegion|Basculegion, M|94/100
|-damage|p2a: Basculegion|82/100|[from] Stealth Rock
|turn|16
|
|t:|1760338213
|move|p2a: Basculegion|Aqua Jet|p1a: Haxorus
|-resisted|p1a: Haxorus
|-damage|p1a: Haxorus|0 fnt
|faint|p1a: Haxorus
|
|-weather|RainDance|[upkeep]
|-heal|p2a: Basculegion|88/100|[from] item: Leftovers
|upkeep
|
|t:|1760338217
|switch|p1a: Raikou|Raikou|100/100
|-damage|p1a: Raikou|88/100|[from] Stealth Rock
|turn|17
|
|t:|1760338224
|move|p2a: Basculegion|Phantom Force||[still]
|-prepare|p2a: Basculegion|Phantom Force
|move|p1a: Raikou|Thunderbolt|p2a: Basculegion|[miss]
|-miss|p1a: Raikou|p2a: Basculegion
|
|-weather|RainDance|[upkeep]
|-heal|p2a: Basculegion|94/100|[from] item: Leftovers
|upkeep
|turn|18
|
|t:|1760338230
|move|p2a: Basculegion|Phantom Force|p1a: Raikou|[from] lockedmove
|-damage|p1a: Raikou|23/100
|move|p1a: Raikou|Thunderbolt|p2a: Basculegion
|-supereffective|p2a: Basculegion
|-damage|p2a: Basculegion|0 fnt
|faint|p2a: Basculegion
|-damage|p1a: Raikou|13/100|[from] item: Life Orb
|
|-weather|RainDance|[upkeep]
|upkeep
|
|t:|1760338234
|switch|p2a: Kingdra|Kingdra, M, shiny|100/100
|-damage|p2a: Kingdra|88/100|[from] Stealth Rock
|turn|19
|
|t:|1760338239
|-terastallize|p2a: Kingdra|Steel
|move|p1a: Raikou|Volt Switch|p2a: Kingdra
|-damage|p2a: Kingdra|35/100
|-damage|p1a: Raikou|3/100|[from] item: Life Orb
|
|t:|1760338244
|switch|p1a: Frosmoth|Frosmoth, M|100/100|[from] Volt Switch
|move|p2a: Kingdra|Focus Energy|p2a: Kingdra
|-start|p2a: Kingdra|move: Focus Energy
|
|-weather|RainDance|[upkeep]
|upkeep
|turn|20
|
|t:|1760338253
|-terastallize|p1a: Frosmoth|Water
|move|p2a: Kingdra|Flash Cannon|p1a: Frosmoth
|-resisted|p1a: Frosmoth
|-crit|p1a: Frosmoth
|-damage|p1a: Frosmoth|77/100
|move|p1a: Frosmoth|Quiver Dance|p1a: Frosmoth
|-boost|p1a: Frosmoth|spa|1
|-boost|p1a: Frosmoth|spd|1
|-boost|p1a: Frosmoth|spe|1
|
|-weather|none
|upkeep
|turn|21
|
|t:|1760338265
|move|p1a: Frosmoth|Bug Buzz|p2a: Kingdra
|-resisted|p2a: Kingdra
|-damage|p2a: Kingdra|0 fnt
|faint|p2a: Kingdra
|
|win|are you jesus?
|raw|are you jesus?'s rating: 1102 &rarr; <strong>1127</strong><br />(+25 for winning)
|raw|The Blxck's rating: 1108 &rarr; <strong>1083</strong><br />(-25 for losing)
|l|☆The Blxck
|player|p2|
|l|☆are you jesus?
|player|p1|
