|j|☆1Loss15Pushups
|j|☆felipe01788
|t:|1760437002
|gametype|singles
|player|p1|1Loss15Pushups|102|1258
|player|p2|felipe01788|blackbelt|1275
|gen|9
|tier|[Gen 9] OU
|rated|
|rule|HP Percentage Mod: HP is shown in percentages
|rule|Endless Battle Clause: Forcing endless battles is banned
|rule|Species Clause: Limit one of each Pokémon
|rule|OHKO Clause: OHKO moves are banned
|rule|Evasion Items Clause: Evasion items are banned
|rule|Evasion Moves Clause: Evasion moves are banned
|rule|Evasion Abilities Clause: Evasion abilities are banned
|rule|Sleep Moves Clause: Sleep-inducing moves are banned
|clearpoke
|poke|p1|Great Tusk|
|poke|p1|Dragonite, F|
|poke|p1|Ogerpon-Wellspring, F|
|poke|p1|Maushold|
|poke|p1|Gholdengo|
|poke|p1|Moltres|
|poke|p2|Garchomp, M|
|poke|p2|Darkrai|
|poke|p2|Gholdengo|
|poke|p2|Ogerpon-Wellspring, F|
|poke|p2|Iron Valiant|
|poke|p2|Iron Treads|
|teampreview
|c|☆1Loss15Pushups|hello, every loss i have to do 15 puhsups
|c|☆1Loss15Pushups|glhf get me ripped plz
|inactive|Battle timer is ON: inactive players will automatically lose when time's up. (requested by 1Loss15Pushups)
|
|t:|1760437138
|teamsize|p1|6
|teamsize|p2|6
|start
|switch|p1a: Ogerpon|Ogerpon-Wellspring, F|100/100
|switch|p2a: Darkrai|Darkrai|100/100
|turn|1
|
|t:|1760437147
|move|p2a: Darkrai|Sludge Bomb|p1a: Ogerpon
|-supereffective|p1a: Ogerpon
|-damage|p1a: Ogerpon|27/100
|-status|p1a: Ogerpon|psn
|move|p1a: Ogerpon|Ivy Cudgel|p2a: Darkrai|[anim] Ivy Cudgel Water
|-damage|p2a: Darkrai|19/100
|
|-damage|p1a: Ogerpon|14/100 psn|[from] psn
|upkeep
|turn|2
|
|t:|1760437157
|move|p2a: Darkrai|Dark Pulse|p1a: Ogerpon
|-damage|p1a: Ogerpon|0 fnt
|faint|p1a: Ogerpon
|
|upkeep
|
|t:|1760437158
|switch|p1a: Moltres|Moltres|100/100
|turn|3
|
|t:|1760437166
|switch|p2a: Garchomp|Garchomp, M|100/100
|move|p1a: Moltres|U-turn|p2a: Garchomp
|-damage|p2a: Garchomp|91/100
|-damage|p1a: Moltres|88/100|[from] ability: Rough Skin|[of] p2a: Garchomp
|-damage|p1a: Moltres|71/100|[from] item: Rocky Helmet|[of] p2a: Garchomp
|
|t:|1760437177
|switch|p1a: Gholdengo|Gholdengo|100/100|[from] U-turn
|-item|p1a: Gholdengo|Air Balloon
|
|upkeep
|turn|4
|inactive|felipe01788 has 120 seconds left.
|
|t:|1760437208
|move|p1a: Gholdengo|Dazzling Gleam|p2a: Garchomp
|-supereffective|p2a: Garchomp
|-damage|p2a: Garchomp|46/100
|move|p2a: Garchomp|Dragon Tail|p1a: Gholdengo
|-resisted|p1a: Gholdengo
|-damage|p1a: Gholdengo|92/100
|-enditem|p1a: Gholdengo|Air Balloon
|drag|p1a: Maushold|Maushold|100/100
|
|upkeep
|turn|5
|
|t:|1760437216
|switch|p1a: Moltres|Moltres|71/100
|switch|p2a: Gholdengo|Gholdengo|100/100
|-item|p2a: Gholdengo|Air Balloon
|
|upkeep
|turn|6
|inactive|felipe01788 has 120 seconds left.
|
|t:|1760437238
|switch|p2a: Garchomp|Garchomp, M|46/100
|move|p1a: Moltres|Hurricane|p2a: Garchomp|[miss]
|-miss|p1a: Moltres|p2a: Garchomp
|
|upkeep
|turn|7
|inactive|felipe01788 has 120 seconds left.
|
|t:|1760437248
|move|p2a: Garchomp|Stealth Rock|p1a: Moltres
|-sidestart|p1: 1Loss15Pushups|move: Stealth Rock
|move|p1a: Moltres|Hurricane|p2a: Garchomp
|-damage|p2a: Garchomp|0 fnt
|faint|p2a: Garchomp
|
|upkeep
|inactive|felipe01788 has 120 seconds left.
|
|t:|1760437255
|switch|p2a: Ogerpon|Ogerpon-Wellspring, F|100/100
|turn|8
|
|t:|1760437278
|-terastallize|p1a: Moltres|Water
|move|p2a: Ogerpon|Ivy Cudgel|p1a: Moltres|[anim] Ivy Cudgel Water
|-resisted|p1a: Moltres
|-damage|p1a: Moltres|52/100
|move|p1a: Moltres|Hurricane|p2a: Ogerpon
|-supereffective|p2a: Ogerpon
|-damage|p2a: Ogerpon|9/100
|
|upkeep
|turn|9
|
|t:|1760437291
|-terastallize|p2a: Ogerpon|Water
|detailschange|p2a: Ogerpon|Ogerpon-Wellspring-Tera, F, tera:Water
|-ability|p2a: Ogerpon|Embody Aspect (Wellspring)|boost
|-boost|p2a: Ogerpon|spd|1
|move|p2a: Ogerpon|Synthesis|p2a: Ogerpon
|-heal|p2a: Ogerpon|58/100
|move|p1a: Moltres|U-turn|p2a: Ogerpon
|-damage|p2a: Ogerpon|42/100
|inactive|1Loss15Pushups has 120 seconds left.
|
|t:|1760437325
|switch|p1a: Maushold|Maushold|100/100|[from] U-turn
|-damage|p1a: Maushold|88/100|[from] Stealth Rock
|
|upkeep
|turn|10
|
|t:|1760437349
|switch|p2a: Gholdengo|Gholdengo|100/100
|-item|p2a: Gholdengo|Air Balloon
|move|p1a: Maushold|Tidy Up|p1a: Maushold
|-sideend|p1: 1Loss15Pushups|Stealth Rock
|-activate|p1a: Maushold|move: Tidy Up
|-boost|p1a: Maushold|atk|1
|-boost|p1a: Maushold|spe|1
|
|upkeep
|turn|11
|inactive|1Loss15Pushups has 120 seconds left.
|inactive|felipe01788 has 120 seconds left.
|
|t:|1760437378
|switch|p1a: Moltres|Moltres, tera:Water|52/100
|move|p2a: Gholdengo|Hex|p1a: Moltres
|-damage|p1a: Moltres|23/100
|
|upkeep
|turn|12
|
|t:|1760437386
|switch|p2a: Ogerpon|Ogerpon-Wellspring-Tera, F, tera:Water|42/100
|-ability|p2a: Ogerpon|Embody Aspect (Wellspring)|boost
|-boost|p2a: Ogerpon|spd|1
|move|p1a: Moltres|Flamethrower|p2a: Ogerpon
|-resisted|p2a: Ogerpon
|-damage|p2a: Ogerpon|29/100
|
|upkeep
|turn|13
|inactive|1Loss15Pushups has 120 seconds left.
|
|t:|1760437400
|switch|p1a: Maushold|Maushold|88/100
|move|p2a: Ogerpon|Synthesis|p2a: Ogerpon
|-heal|p2a: Ogerpon|78/100
|
|upkeep
|turn|14
|inactive|1Loss15Pushups has 120 seconds left.
|
|t:|1760437410
|switch|p1a: Moltres|Moltres, tera:Water|23/100
|switch|p2a: Iron Treads|Iron Treads|100/100
|
|upkeep
|turn|15
|
|t:|1760437414
|move|p2a: Iron Treads|Earthquake|p1a: Moltres
|-damage|p1a: Moltres|0 fnt
|faint|p1a: Moltres
|
|upkeep
|
|t:|1760437429
|switch|p1a: Great Tusk|Great Tusk|100/100
|-enditem|p1a: Great Tusk|Booster Energy
|-activate|p1a: Great Tusk|ability: Protosynthesis|[fromitem]
|-start|p1a: Great Tusk|protosynthesisspe
|turn|16
|
|t:|1760437443
|-end|p2a: Iron Treads|Quark Drive|[silent]
|switch|p2a: Gholdengo|Gholdengo|100/100
|-item|p2a: Gholdengo|Air Balloon
|move|p1a: Great Tusk|Bulk Up|p1a: Great Tusk
|-boost|p1a: Great Tusk|atk|1
|-boost|p1a: Great Tusk|def|1
|
|upkeep
|turn|17
|
|t:|1760437448
|move|p1a: Great Tusk|Ice Spinner|p2a: Gholdengo
|-resisted|p2a: Gholdengo
|-damage|p2a: Gholdengo|88/100
|-enditem|p2a: Gholdengo|Air Balloon
|move|p2a: Gholdengo|Hex|p1a: Great Tusk
|-damage|p1a: Great Tusk|62/100
|
|upkeep
|turn|18
|
|t:|1760437452
|move|p1a: Great Tusk|Earthquake|p2a: Gholdengo
|-supereffective|p2a: Gholdengo
|-damage|p2a: Gholdengo|0 fnt
|faint|p2a: Gholdengo
|
|upkeep
|
|t:|1760437456
|switch|p2a: Iron Valiant|Iron Valiant|100/100
|-enditem|p2a: Iron Valiant|Booster Energy
|-activate|p2a: Iron Valiant|ability: Quark Drive|[fromitem]
|-start|p2a: Iron Valiant|quarkdrivespe
|turn|19
|
|t:|1760437459
|move|p2a: Iron Valiant|Moonblast|p1a: Great Tusk
|-supereffective|p1a: Great Tusk
|-damage|p1a: Great Tusk|0 fnt
|faint|p1a: Great Tusk
|-end|p1a: Great Tusk|Protosynthesis|[silent]
|
|upkeep
|
|t:|1760437465
|switch|p1a: Maushold|Maushold|88/100
|turn|20
|
|t:|1760437477
|move|p2a: Iron Valiant|Moonblast|p1a: Maushold
|-damage|p1a: Maushold|22/100
|move|p1a: Maushold|Population Bomb|p2a: Iron Valiant
|-damage|p2a: Iron Valiant|86/100
|-damage|p2a: Iron Valiant|72/100
|-damage|p2a: Iron Valiant|59/100
|-damage|p2a: Iron Valiant|45/100
|-damage|p2a: Iron Valiant|30/100
|-damage|p2a: Iron Valiant|16/100
|-damage|p2a: Iron Valiant|0 fnt
|faint|p2a: Iron Valiant
|-end|p2a: Iron Valiant|Quark Drive|[silent]
|-hitcount|p2: Iron Valiant|7
|
|upkeep
|
|t:|1760437490
|switch|p2a: Darkrai|Darkrai|19/100
|turn|21
|
|t:|1760437495
|move|p2a: Darkrai|Dark Pulse|p1a: Maushold
|-damage|p1a: Maushold|0 fnt
|faint|p1a: Maushold
|
|upkeep
|
|t:|1760437499
|switch|p1a: Dragonite|Dragonite, F|100/100
|turn|22
|
|t:|1760437505
|switch|p2a: Ogerpon|Ogerpon-Wellspring-Tera, F, tera:Water|78/100
|-ability|p2a: Ogerpon|Embody Aspect (Wellspring)|boost
|-boost|p2a: Ogerpon|spd|1
|switch|p1a: Gholdengo|Gholdengo|92/100
|
|upkeep
|turn|23
|
|t:|1760437517
|move|p2a: Ogerpon|Swords Dance|p2a: Ogerpon
|-boost|p2a: Ogerpon|atk|2
|move|p1a: Gholdengo|Shadow Ball|p2a: Ogerpon
|-damage|p2a: Ogerpon|53/100
|
|upkeep
|turn|24
|
|t:|1760437523
|move|p2a: Ogerpon|Synthesis|p2a: Ogerpon
|-heal|p2a: Ogerpon|100/100
|move|p1a: Gholdengo|Shadow Ball|p2a: Ogerpon
|-damage|p2a: Ogerpon|77/100
|
|upkeep
|turn|25
|
|t:|1760437525
|move|p2a: Ogerpon|Ivy Cudgel|p1a: Gholdengo|[anim] Ivy Cudgel Water
|-damage|p1a: Gholdengo|0 fnt
|faint|p1a: Gholdengo
|
|upkeep
|
|t:|1760437528
|switch|p1a: Dragonite|Dragonite, F|100/100
|turn|26
|
|t:|1760437530
|move|p2a: Ogerpon|Ivy Cudgel|p1a: Dragonite|[anim] Ivy Cudgel Water
|-resisted|p1a: Dragonite
|-damage|p1a: Dragonite|61/100
|move|p1a: Dragonite|Dragon Dance|p1a: Dragonite
|-boost|p1a: Dragonite|atk|1
|-boost|p1a: Dragonite|spe|1
|
|upkeep
|turn|27
|
|t:|1760437537
|move|p1a: Dragonite|Earthquake|p2a: Ogerpon
|-damage|p2a: Ogerpon|7/100
|move|p2a: Ogerpon|Ivy Cudgel|p1a: Dragonite|[anim] Ivy Cudgel Water
|-resisted|p1a: Dragonite
|-damage|p1a: Dragonite|0 fnt
|faint|p1a: Dragonite
|
|win|felipe01788
|raw|1Loss15Pushups's rating: 1258 &rarr; <strong>1234</strong><br />(-24 for losing)
|raw|felipe01788's rating: 1275 &rarr; <strong>1299</strong><br />(+24 for winning)
|c|☆1Loss15Pushups|ahhh gg
|l|☆felipe01788
|player|p2|
|c|☆1Loss15Pushups|aight we send the 15 shups
|l|☆1Loss15Pushups
|player|p1|
