|j|☆sanjo4
|j|☆stariaki
|t:|1760349712
|gametype|singles
|player|p1|sanjo4|dawn|1575
|player|p2|stariaki|102|1640
|gen|9
|tier|[Gen 9] OU
|rated|
|rule|HP Percentage Mod: HP is shown in percentages
|rule|Endless Battle Clause: Forcing endless battles is banned
|rule|Species Clause: Limit one of each Pokémon
|rule|OHKO Clause: OHKO moves are banned
|rule|Evasion Items Clause: Evasion items are banned
|rule|Evasion Moves Clause: Evasion moves are banned
|rule|Evasion Abilities Clause: Evasion abilities are banned
|rule|Sleep Moves Clause: Sleep-inducing moves are banned
|clearpoke
|poke|p1|Dragonite, F|
|poke|p1|Gholdengo|
|poke|p1|Iron Treads|
|poke|p1|Quaquaval, F|
|poke|p1|Slowking-Galar, M|
|poke|p1|Ting-Lu|
|poke|p2|Polteageist|
|poke|p2|Scizor, M|
|poke|p2|Dragonite, F|
|poke|p2|Great Tusk|
|poke|p2|Cinderace, F|
|poke|p2|Alomomola, F|
|teampreview
|inactive|Battle timer is ON: inactive players will automatically lose when time's up. (requested by sanjo4)
|
|t:|1760349736
|teamsize|p1|6
|teamsize|p2|6
|start
|switch|p1a: Gholdengo|Gholdengo|100/100
|switch|p2a: Alomomola|Alomomola, F|100/100
|turn|1
|
|t:|1760349743
|switch|p2a: Scizor|Scizor, M|100/100
|move|p1a: Gholdengo|Trick|p2a: Scizor
|-activate|p1a: Gholdengo|move: Trick|[of] p2a: Scizor
|-item|p2a: Scizor|Choice Scarf|[from] move: Trick
|-item|p1a: Gholdengo|Choice Band|[from] move: Trick
|
|upkeep
|turn|2
|
|t:|1760349760
|move|p1a: Gholdengo|Shadow Ball|p2a: Scizor
|-damage|p2a: Scizor|50/100
|move|p2a: Scizor|U-turn|p1a: Gholdengo
|-resisted|p1a: Gholdengo
|-damage|p1a: Gholdengo|89/100
|
|t:|1760349770
|switch|p2a: Dragonite|Dragonite, F|100/100|[from] U-turn
|
|upkeep
|turn|3
|
|t:|1760349776
|switch|p1a: Ting-Lu|Ting-Lu|100/100
|-ability|p1a: Ting-Lu|Vessel of Ruin
|move|p2a: Dragonite|Dragon Dance|p2a: Dragonite
|-boost|p2a: Dragonite|atk|1
|-boost|p2a: Dragonite|spe|1
|
|upkeep
|turn|4
|
|t:|1760349780
|move|p2a: Dragonite|Ice Spinner|p1a: Ting-Lu
|-supereffective|p1a: Ting-Lu
|-damage|p1a: Ting-Lu|56/100
|move|p1a: Ting-Lu|Whirlwind|p2a: Dragonite
|drag|p2a: Alomomola|Alomomola, F|100/100
|
|-heal|p1a: Ting-Lu|63/100|[from] item: Leftovers
|upkeep
|turn|5
|
|t:|1760349797
|switch|p1a: Quaquaval|Quaquaval, F|100/100
|move|p2a: Alomomola|Wish|p2a: Alomomola
|
|upkeep
|turn|6
|
|t:|1760349805
|move|p1a: Quaquaval|Close Combat|p2a: Alomomola
|-damage|p2a: Alomomola|51/100
|-unboost|p1a: Quaquaval|def|1
|-unboost|p1a: Quaquaval|spd|1
|-damage|p1a: Quaquaval|84/100|[from] item: Rocky Helmet|[of] p2a: Alomomola
|move|p2a: Alomomola|Flip Turn|p1a: Quaquaval
|-resisted|p1a: Quaquaval
|-damage|p1a: Quaquaval|68/100
|l|☆stariaki
|inactive|stariaki disconnected and has a minute to reconnect!
|player|p2|
|j|☆stariaki
|inactive|stariaki reconnected and has 135 seconds left.
|player|p2|stariaki|102|
|
|t:|1760349830
|switch|p2a: Scizor|Scizor, M|50/100|[from] Flip Turn
|
|-heal|p2a: Scizor|100/100|[from] move: Wish|[wisher] Alomomola
|upkeep
|turn|7
|
|t:|1760349844
|move|p1a: Quaquaval|Close Combat|p2a: Scizor
|-damage|p2a: Scizor|1/100
|-unboost|p1a: Quaquaval|def|1
|-unboost|p1a: Quaquaval|spd|1
|move|p2a: Scizor|U-turn|p1a: Quaquaval
|-resisted|p1a: Quaquaval
|-damage|p1a: Quaquaval|18/100
|
|t:|1760349850
|switch|p2a: Polteageist|Polteageist|100/100|[from] U-turn
|
|upkeep
|turn|8
|
|t:|1760349862
|switch|p1a: Ting-Lu|Ting-Lu|63/100
|-ability|p1a: Ting-Lu|Vessel of Ruin
|move|p2a: Polteageist|Shell Smash|p2a: Polteageist
|-unboost|p2a: Polteageist|def|1
|-unboost|p2a: Polteageist|spd|1
|-boost|p2a: Polteageist|atk|2
|-boost|p2a: Polteageist|spa|2
|-boost|p2a: Polteageist|spe|2
|
|-heal|p1a: Ting-Lu|69/100|[from] item: Leftovers
|upkeep
|turn|9
|
|t:|1760349882
|-terastallize|p2a: Polteageist|Fighting
|-terastallize|p1a: Ting-Lu|Water
|move|p2a: Polteageist|Tera Blast|p1a: Ting-Lu|[anim] Tera Blast Fighting
|-damage|p1a: Ting-Lu|28/100
|move|p1a: Ting-Lu|Whirlwind|p2a: Polteageist
|drag|p2a: Alomomola|Alomomola, F|84/100
|
|-heal|p1a: Ting-Lu|35/100|[from] item: Leftovers
|upkeep
|turn|10
|
|t:|1760349887
|move|p2a: Alomomola|Wish|p2a: Alomomola
|move|p1a: Ting-Lu|Spikes|p2a: Alomomola
|-sidestart|p2: stariaki|Spikes
|
|-heal|p1a: Ting-Lu|41/100|[from] item: Leftovers
|upkeep
|turn|11
|
|t:|1760349897
|move|p2a: Alomomola|Flip Turn|p1a: Ting-Lu
|-resisted|p1a: Ting-Lu
|-damage|p1a: Ting-Lu|37/100
|
|t:|1760349898
|switch|p2a: Great Tusk|Great Tusk|100/100|[from] Flip Turn
|-damage|p2a: Great Tusk|88/100|[from] Spikes
|move|p1a: Ting-Lu|Whirlwind|p2a: Great Tusk
|-end|p2a: Great Tusk|Protosynthesis|[silent]
|drag|p2a: Cinderace|Cinderace, F|100/100
|
|-heal|p1a: Ting-Lu|43/100|[from] item: Leftovers
|upkeep
|turn|12
|
|t:|1760349903
|move|p2a: Cinderace|Will-O-Wisp|p1a: Ting-Lu|[miss]
|-miss|p2a: Cinderace|p1a: Ting-Lu
|move|p1a: Ting-Lu|Earthquake|p2a: Cinderace
|-supereffective|p2a: Cinderace
|-damage|p2a: Cinderace|0 fnt
|faint|p2a: Cinderace
|
|-heal|p1a: Ting-Lu|49/100|[from] item: Leftovers
|upkeep
|c|☆sanjo4|mb
|
|t:|1760349917
|switch|p2a: Great Tusk|Great Tusk|88/100
|-damage|p2a: Great Tusk|76/100|[from] Spikes
|turn|13
|
|t:|1760349922
|switch|p1a: Gholdengo|Gholdengo|89/100
|move|p2a: Great Tusk|Earthquake|p1a: Gholdengo
|-supereffective|p1a: Gholdengo
|-damage|p1a: Gholdengo|0 fnt
|faint|p1a: Gholdengo
|
|upkeep
|
|t:|1760349946
|switch|p1a: Dragonite|Dragonite, F|100/100
|turn|14
|
|t:|1760349955
|move|p1a: Dragonite|Dragon Dance|p1a: Dragonite
|-boost|p1a: Dragonite|atk|1
|-boost|p1a: Dragonite|spe|1
|move|p2a: Great Tusk|Rapid Spin|p1a: Dragonite
|-crit|p1a: Dragonite
|-damage|p1a: Dragonite|86/100
|-boost|p2a: Great Tusk|spe|1
|-sideend|p2: stariaki|Spikes|[from] move: Rapid Spin|[of] p2a: Great Tusk
|
|upkeep
|turn|15
|
|t:|1760349961
|move|p1a: Dragonite|Dragon Dance|p1a: Dragonite
|-boost|p1a: Dragonite|atk|1
|-boost|p1a: Dragonite|spe|1
|move|p2a: Great Tusk|Knock Off|p1a: Dragonite
|-damage|p1a: Dragonite|49/100
|-enditem|p1a: Dragonite|Heavy-Duty Boots|[from] move: Knock Off|[of] p2a: Great Tusk
|
|upkeep
|turn|16
|
|t:|1760349965
|move|p1a: Dragonite|Roost|p1a: Dragonite
|-heal|p1a: Dragonite|99/100
|-singleturn|p1a: Dragonite|move: Roost
|move|p2a: Great Tusk|Knock Off|p1a: Dragonite
|-damage|p1a: Dragonite|75/100
|
|upkeep
|turn|17
|
|t:|1760349970
|move|p1a: Dragonite|Roost|p1a: Dragonite
|-heal|p1a: Dragonite|100/100
|-singleturn|p1a: Dragonite|move: Roost
|move|p2a: Great Tusk|Knock Off|p1a: Dragonite
|-damage|p1a: Dragonite|87/100
|
|upkeep
|turn|18
|
|t:|1760349973
|move|p1a: Dragonite|Dragon Dance|p1a: Dragonite
|-boost|p1a: Dragonite|atk|1
|-boost|p1a: Dragonite|spe|1
|move|p2a: Great Tusk|Knock Off|p1a: Dragonite
|-damage|p1a: Dragonite|61/100
|
|upkeep
|turn|19
|
|t:|1760349979
|move|p1a: Dragonite|Roost|p1a: Dragonite
|-heal|p1a: Dragonite|100/100
|-singleturn|p1a: Dragonite|move: Roost
|move|p2a: Great Tusk|Knock Off|p1a: Dragonite
|-damage|p1a: Dragonite|88/100
|
|upkeep
|turn|20
|
|t:|1760349984
|-end|p2a: Great Tusk|Protosynthesis|[silent]
|switch|p2a: Polteageist|Polteageist, tera:Fighting|100/100
|move|p1a: Dragonite|Dragon Dance|p1a: Dragonite
|-boost|p1a: Dragonite|atk|1
|-boost|p1a: Dragonite|spe|1
|
|upkeep
|turn|21
|
|t:|1760349988
|move|p1a: Dragonite|Earthquake|p2a: Polteageist
|-enditem|p2a: Polteageist|Focus Sash
|-damage|p2a: Polteageist|1/100
|-ability|p2a: Polteageist|Weak Armor|boost
|-unboost|p2a: Polteageist|def|1
|-boost|p2a: Polteageist|spe|2
|move|p2a: Polteageist|Shell Smash|p2a: Polteageist
|-unboost|p2a: Polteageist|def|1
|-unboost|p2a: Polteageist|spd|1
|-boost|p2a: Polteageist|atk|2
|-boost|p2a: Polteageist|spa|2
|-boost|p2a: Polteageist|spe|2
|
|upkeep
|turn|22
|
|t:|1760349999
|move|p2a: Polteageist|Stored Power|p1a: Dragonite
|-damage|p1a: Dragonite|0 fnt
|faint|p1a: Dragonite
|
|upkeep
|
|t:|1760350002
|switch|p1a: Quaquaval|Quaquaval, F|18/100
|turn|23
|c|☆stariaki|Whew
|c|☆stariaki|I was scared for a big speed investment
|c|☆sanjo4|i missclick
|c|☆stariaki|How many speed do i run
|inactive|stariaki has 120 seconds left.
|c|☆sanjo4|i had exspeed
|c|☆stariaki|Got espeed?
|c|☆sanjo4|xdd
|c|☆stariaki|Oh damn 💔
|c|☆sanjo4|mb
|
|t:|1760350044
|switch|p2a: Alomomola|Alomomola, F|100/100
|move|p1a: Quaquaval|Aqua Jet|p2a: Alomomola
|-resisted|p2a: Alomomola
|-damage|p2a: Alomomola|92/100
|-damage|p1a: Quaquaval|1/100|[from] item: Rocky Helmet|[of] p2a: Alomomola
|
|upkeep
|turn|24
|
|t:|1760350053
|switch|p1a: Ting-Lu|Ting-Lu, tera:Water|49/100
|-ability|p1a: Ting-Lu|Vessel of Ruin
|move|p2a: Alomomola|Wish|p2a: Alomomola
|
|-heal|p1a: Ting-Lu|55/100|[from] item: Leftovers
|upkeep
|turn|25
|
|t:|1760350060
|move|p2a: Alomomola|Flip Turn|p1a: Ting-Lu
|-resisted|p1a: Ting-Lu
|-damage|p1a: Ting-Lu|51/100
|
|t:|1760350062
|switch|p2a: Great Tusk|Great Tusk|76/100|[from] Flip Turn
|move|p1a: Ting-Lu|Spikes|p2a: Great Tusk
|-sidestart|p2: stariaki|Spikes
|
|-heal|p2a: Great Tusk|100/100|[from] move: Wish|[wisher] Alomomola
|-heal|p1a: Ting-Lu|57/100|[from] item: Leftovers
|upkeep
|turn|26
|
|t:|1760350076
|move|p2a: Great Tusk|Rapid Spin|p1a: Ting-Lu
|-damage|p1a: Ting-Lu|47/100
|-boost|p2a: Great Tusk|spe|1
|-sideend|p2: stariaki|Spikes|[from] move: Rapid Spin|[of] p2a: Great Tusk
|move|p1a: Ting-Lu|Spikes|p2a: Great Tusk
|-sidestart|p2: stariaki|Spikes
|
|-heal|p1a: Ting-Lu|53/100|[from] item: Leftovers
|upkeep
|turn|27
|
|t:|1760350087
|move|p2a: Great Tusk|Rapid Spin|p1a: Ting-Lu
|-damage|p1a: Ting-Lu|43/100
|-boost|p2a: Great Tusk|spe|1
|-sideend|p2: stariaki|Spikes|[from] move: Rapid Spin|[of] p2a: Great Tusk
|move|p1a: Ting-Lu|Ruination|p2a: Great Tusk
|-damage|p2a: Great Tusk|50/100
|
|-heal|p1a: Ting-Lu|50/100|[from] item: Leftovers
|upkeep
|turn|28
|
|t:|1760350094
|move|p2a: Great Tusk|Close Combat|p1a: Ting-Lu
|-damage|p1a: Ting-Lu|15/100
|-unboost|p2a: Great Tusk|def|1
|-unboost|p2a: Great Tusk|spd|1
|move|p1a: Ting-Lu|Spikes|p2a: Great Tusk
|-sidestart|p2: stariaki|Spikes
|
|-heal|p1a: Ting-Lu|21/100|[from] item: Leftovers
|upkeep
|turn|29
|
|t:|1760350107
|move|p2a: Great Tusk|Close Combat|p1a: Ting-Lu
|-damage|p1a: Ting-Lu|0 fnt
|-unboost|p2a: Great Tusk|def|1
|-unboost|p2a: Great Tusk|spd|1
|faint|p1a: Ting-Lu
|
|upkeep
|
|t:|1760350113
|switch|p1a: Iron Treads|Iron Treads|100/100
|turn|30
|
|t:|1760350124
|move|p2a: Great Tusk|Close Combat|p1a: Iron Treads
|-supereffective|p1a: Iron Treads
|-damage|p1a: Iron Treads|0 fnt
|-unboost|p2a: Great Tusk|def|1
|-unboost|p2a: Great Tusk|spd|1
|faint|p1a: Iron Treads
|-end|p1a: Iron Treads|Quark Drive|[silent]
|
|upkeep
|
|t:|1760350131
|switch|p1a: Quaquaval|Quaquaval, F|1/100
|turn|31
|
|t:|1760350135
|-end|p2a: Great Tusk|Protosynthesis|[silent]
|switch|p2a: Alomomola|Alomomola, F|100/100
|-damage|p2a: Alomomola|88/100|[from] Spikes
|move|p1a: Quaquaval|Close Combat|p2a: Alomomola
|-damage|p2a: Alomomola|39/100
|-unboost|p1a: Quaquaval|def|1
|-unboost|p1a: Quaquaval|spd|1
|-damage|p1a: Quaquaval|0 fnt|[from] item: Rocky Helmet|[of] p2a: Alomomola
|faint|p1a: Quaquaval
|
|upkeep
|
|t:|1760350139
|switch|p1a: Slowking|Slowking-Galar, M|100/100
|turn|32
|
|t:|1760350145
|move|p2a: Alomomola|Wish|p2a: Alomomola
|move|p1a: Slowking|Sludge Bomb|p2a: Alomomola
|-damage|p2a: Alomomola|1/100
|
|upkeep
|turn|33
|
|t:|1760350155
|move|p2a: Alomomola|Protect|p2a: Alomomola
|-singleturn|p2a: Alomomola|Protect
|move|p1a: Slowking|Ice Beam|p2a: Alomomola
|-activate|p2a: Alomomola|move: Protect
|
|-heal|p2a: Alomomola|51/100|[from] move: Wish|[wisher] Alomomola
|upkeep
|turn|34
|
|t:|1760350159
|move|p2a: Alomomola|Wish|p2a: Alomomola
|move|p1a: Slowking|Future Sight|p2a: Alomomola
|-start|p1a: Slowking|move: Future Sight
|
|upkeep
|turn|35
|
|t:|1760350170
|move|p2a: Alomomola|Protect|p2a: Alomomola
|-singleturn|p2a: Alomomola|Protect
|move|p1a: Slowking|Ice Beam|p2a: Alomomola
|-activate|p2a: Alomomola|move: Protect
|
|-heal|p2a: Alomomola|100/100|[from] move: Wish|[wisher] Alomomola
|upkeep
|turn|36
|
|t:|1760350176
|move|p2a: Alomomola|Wish|p2a: Alomomola
|move|p1a: Slowking|Sludge Bomb|p2a: Alomomola
|-damage|p2a: Alomomola|57/100
|-status|p2a: Alomomola|psn
|
|-end|p2a: Alomomola|move: Future Sight
|-damage|p2a: Alomomola|5/100 psn
|-damage|p2a: Alomomola|0 fnt|[from] psn
|faint|p2a: Alomomola
|upkeep
|
|t:|1760350184
|switch|p2a: Great Tusk|Great Tusk|50/100
|-damage|p2a: Great Tusk|38/100|[from] Spikes
|turn|37
|c|☆stariaki|Gg
|
|t:|1760350195
|move|p2a: Great Tusk|Earthquake|p1a: Slowking
|-supereffective|p1a: Slowking
|-enditem|p1a: Slowking|Shuca Berry|[eat]
|-enditem|p1a: Slowking|Shuca Berry|[weaken]
|-damage|p1a: Slowking|59/100
|move|p1a: Slowking|Ice Beam|p2a: Great Tusk
|-supereffective|p2a: Great Tusk
|-damage|p2a: Great Tusk|0 fnt
|faint|p2a: Great Tusk
|-end|p2a: Great Tusk|Protosynthesis|[silent]
|
|upkeep
|
|t:|1760350206
|switch|p2a: Dragonite|Dragonite, F|100/100
|turn|38
|c|☆stariaki|Oh sick!
|c|☆stariaki|Shuca berry
|
|t:|1760350224
|move|p2a: Dragonite|Earthquake|p1a: Slowking
|-supereffective|p1a: Slowking
|-damage|p1a: Slowking|10/100
|move|p1a: Slowking|Ice Beam|p2a: Dragonite
|-supereffective|p2a: Dragonite
|-damage|p2a: Dragonite|62/100
|
|-heal|p2a: Dragonite|68/100|[from] item: Leftovers
|upkeep
|turn|39
|c|☆sanjo4|gg
|
|t:|1760350233
|move|p2a: Dragonite|Earthquake|p1a: Slowking
|-supereffective|p1a: Slowking
|-damage|p1a: Slowking|0 fnt
|faint|p1a: Slowking
|
|win|stariaki
|raw|sanjo4's rating: 1575 &rarr; <strong>1559</strong><br />(-16 for losing)
|raw|stariaki's rating: 1640 &rarr; <strong>1656</strong><br />(+16 for winning)
|l|☆sanjo4
|player|p1|
|l|☆stariaki
|player|p2|
