|j|☆vghhjg
|j|☆fadingstrawberry
|t:|1760396044
|gametype|singles
|player|p1|vghhjg|101|1490
|player|p2|fadingstrawberry|265|1508
|gen|9
|tier|[Gen 9] OU
|rated|
|rule|HP Percentage Mod: HP is shown in percentages
|rule|Endless Battle Clause: Forcing endless battles is banned
|rule|Species Clause: Limit one of each Pokémon
|rule|OHKO Clause: OHKO moves are banned
|rule|Evasion Items Clause: Evasion items are banned
|rule|Evasion Moves Clause: Evasion moves are banned
|rule|Evasion Abilities Clause: Evasion abilities are banned
|rule|Sleep Moves Clause: Sleep-inducing moves are banned
|clearpoke
|poke|p1|Ribombee, M|
|poke|p1|Gholdengo|
|poke|p1|Dragonite, F|
|poke|p1|Keldeo|
|poke|p1|Deoxys-Speed|
|poke|p1|Enamorus, F|
|poke|p2|Iron Crown|
|poke|p2|Raging Bolt|
|poke|p2|Araquanid, F|
|poke|p2|Kingambit, F|
|poke|p2|Latios, M|
|poke|p2|Dragapult, M|
|teampreview
|
|t:|1760396071
|teamsize|p1|6
|teamsize|p2|6
|start
|switch|p1a: Ribombee|Ribombee, M|100/100
|switch|p2a: Dragapult|Dragapult, M|100/100
|turn|1
|
|t:|1760396101
|move|p2a: Dragapult|U-turn|p1a: Ribombee
|-resisted|p1a: Ribombee
|-damage|p1a: Ribombee|65/100
|
|t:|1760396118
|switch|p2a: Araquanid|Araquanid, F|100/100|[from] U-turn
|move|p1a: Ribombee|Sticky Web|p2a: Araquanid
|-sidestart|p2: fadingstrawberry|move: Sticky Web
|
|upkeep
|turn|2
|
|t:|1760396121
|move|p1a: Ribombee|Stun Spore|p2a: Araquanid
|-status|p2a: Araquanid|par
|move|p2a: Araquanid|Sticky Web|p1a: Ribombee
|-sidestart|p1: vghhjg|move: Sticky Web
|
|upkeep
|turn|3
|
|t:|1760396126
|move|p1a: Ribombee|Skill Swap|p2a: Araquanid
|-activate|p1a: Ribombee|move: Skill Swap|Water Bubble|Shield Dust|[of] p2a: Araquanid
|move|p2a: Araquanid|Surf|p1a: Ribombee
|-damage|p1a: Ribombee|16/100
|
|upkeep
|turn|4
|
|t:|1760396129
|move|p1a: Ribombee|Psychic Noise|p2a: Araquanid
|-damage|p2a: Araquanid|84/100 par
|move|p2a: Araquanid|Surf|p1a: Ribombee
|-damage|p1a: Ribombee|0 fnt
|faint|p1a: Ribombee
|
|upkeep
|
|t:|1760396141
|switch|p1a: Keldeo|Keldeo|100/100
|-activate|p1a: Keldeo|move: Sticky Web
|-unboost|p1a: Keldeo|spe|1
|turn|5
|
|t:|1760396151
|move|p1a: Keldeo|Substitute|p1a: Keldeo
|-start|p1a: Keldeo|Substitute
|-damage|p1a: Keldeo|76/100
|move|p2a: Araquanid|Endeavor|p1a: Keldeo
|-immune|p1a: Keldeo
|
|-heal|p1a: Keldeo|82/100|[from] item: Leftovers
|upkeep
|turn|6
|
|t:|1760396157
|switch|p2a: Dragapult|Dragapult, M|100/100
|-activate|p2a: Dragapult|move: Sticky Web
|-fail|p2a: Dragapult|unboost|[from] ability: Clear Body|[of] p2a: Dragapult
|move|p1a: Keldeo|Calm Mind|p1a: Keldeo
|-boost|p1a: Keldeo|spa|1
|-boost|p1a: Keldeo|spd|1
|
|-heal|p1a: Keldeo|88/100|[from] item: Leftovers
|upkeep
|turn|7
|
|t:|1760396163
|move|p2a: Dragapult|Dragon Darts|p1a: Keldeo
|-end|p1a: Keldeo|Substitute
|-anim|p2a: Dragapult|Dragon Darts|p1a: Keldeo
|-damage|p1a: Keldeo|48/100
|move|p1a: Keldeo|Surf|p2a: Dragapult
|-resisted|p2a: Dragapult
|-damage|p2a: Dragapult|48/100
|
|-heal|p1a: Keldeo|54/100|[from] item: Leftovers
|upkeep
|turn|8
|
|t:|1760396174
|switch|p1a: Enamorus|Enamorus, F|100/100
|move|p2a: Dragapult|Dragon Darts|p1a: Enamorus
|-immune|p1a: Enamorus
|
|upkeep
|turn|9
|
|t:|1760396184
|switch|p2a: Araquanid|Araquanid, F|84/100 par
|-activate|p2a: Araquanid|move: Sticky Web
|-unboost|p2a: Araquanid|spe|1
|move|p1a: Enamorus|Mystical Fire|p2a: Araquanid
|-damage|p2a: Araquanid|71/100 par
|-unboost|p2a: Araquanid|spa|1
|
|upkeep
|turn|10
|
|t:|1760396193
|switch|p1a: Keldeo|Keldeo|54/100
|-activate|p1a: Keldeo|move: Sticky Web
|-unboost|p1a: Keldeo|spe|1
|move|p2a: Araquanid|Surf|p1a: Keldeo
|-resisted|p1a: Keldeo
|-damage|p1a: Keldeo|34/100
|
|-heal|p1a: Keldeo|40/100|[from] item: Leftovers
|upkeep
|turn|11
|
|t:|1760396206
|switch|p2a: Raging Bolt|Raging Bolt|100/100
|move|p1a: Keldeo|Calm Mind|p1a: Keldeo
|-boost|p1a: Keldeo|spa|1
|-boost|p1a: Keldeo|spd|1
|
|-heal|p1a: Keldeo|46/100|[from] item: Leftovers
|upkeep
|turn|12
|
|t:|1760396218
|move|p2a: Raging Bolt|Volt Switch|p1a: Keldeo
|-supereffective|p1a: Keldeo
|-damage|p1a: Keldeo|0 fnt
|faint|p1a: Keldeo
|
|t:|1760396232
|-end|p2a: Raging Bolt|Protosynthesis|[silent]
|switch|p2a: Latios|Latios, M|100/100|[from] Volt Switch
|
|upkeep
|
|t:|1760396235
|switch|p1a: Enamorus|Enamorus, F|100/100
|turn|13
|
|t:|1760396245
|-terastallize|p2a: Latios|Steel
|move|p1a: Enamorus|Moonblast|p2a: Latios
|-resisted|p2a: Latios
|-damage|p2a: Latios|70/100
|move|p2a: Latios|Luster Purge|p1a: Enamorus
|-damage|p1a: Enamorus|0 fnt
|faint|p1a: Enamorus
|
|upkeep
|
|t:|1760396265
|switch|p1a: Gholdengo|Gholdengo|100/100
|-item|p1a: Gholdengo|Air Balloon
|turn|14
|
|t:|1760396273
|switch|p2a: Araquanid|Araquanid, F|71/100 par
|-activate|p2a: Araquanid|move: Sticky Web
|-unboost|p2a: Araquanid|spe|1
|move|p1a: Gholdengo|Shadow Ball|p2a: Araquanid
|-damage|p2a: Araquanid|36/100 par
|
|upkeep
|turn|15
|
|t:|1760396284
|move|p1a: Gholdengo|Shadow Ball|p2a: Araquanid
|-damage|p2a: Araquanid|0 fnt
|faint|p2a: Araquanid
|
|upkeep
|
|t:|1760396296
|switch|p2a: Dragapult|Dragapult, M|48/100
|-activate|p2a: Dragapult|move: Sticky Web
|-fail|p2a: Dragapult|unboost|[from] ability: Clear Body|[of] p2a: Dragapult
|turn|16
|
|t:|1760396304
|switch|p1a: Deoxys|Deoxys-Speed|100/100
|-activate|p1a: Deoxys|move: Sticky Web
|-unboost|p1a: Deoxys|spe|1
|-ability|p1a: Deoxys|Pressure
|move|p2a: Dragapult|U-turn|p1a: Deoxys
|-supereffective|p1a: Deoxys
|-damage|p1a: Deoxys|0 fnt
|faint|p1a: Deoxys
|
|t:|1760396311
|switch|p2a: Iron Crown|Iron Crown|100/100|[from] U-turn
|-activate|p2a: Iron Crown|move: Sticky Web
|-unboost|p2a: Iron Crown|spe|1
|
|upkeep
|
|t:|1760396314
|switch|p1a: Gholdengo|Gholdengo|100/100
|-item|p1a: Gholdengo|Air Balloon
|turn|17
|
|t:|1760396318
|move|p1a: Gholdengo|Shadow Ball|p2a: Iron Crown
|-supereffective|p2a: Iron Crown
|-damage|p2a: Iron Crown|14/100
|move|p2a: Iron Crown|Volt Switch|p1a: Gholdengo
|-damage|p1a: Gholdengo|63/100
|-enditem|p1a: Gholdengo|Air Balloon
|
|t:|1760396336
|-end|p2a: Iron Crown|Quark Drive|[silent]
|switch|p2a: Raging Bolt|Raging Bolt|100/100|[from] Volt Switch
|
|upkeep
|turn|18
|
|t:|1760396339
|move|p1a: Gholdengo|Dazzling Gleam|p2a: Raging Bolt
|-supereffective|p2a: Raging Bolt
|-damage|p2a: Raging Bolt|43/100
|move|p2a: Raging Bolt|Thunderbolt|p1a: Gholdengo
|-damage|p1a: Gholdengo|2/100
|
|upkeep
|turn|19
|
|t:|1760396344
|move|p2a: Raging Bolt|Thunderclap|p1a: Gholdengo
|-damage|p1a: Gholdengo|0 fnt
|faint|p1a: Gholdengo
|
|upkeep
|
|t:|1760396346
|switch|p1a: Dragonite|Dragonite, F, shiny|100/100
|turn|20
|
|t:|1760396351
|-terastallize|p1a: Dragonite|Normal
|move|p2a: Raging Bolt|Draco Meteor|p1a: Dragonite
|-damage|p1a: Dragonite|65/100
|-unboost|p2a: Raging Bolt|spa|2
|move|p1a: Dragonite|Dragon Dance|p1a: Dragonite
|-boost|p1a: Dragonite|atk|1
|-boost|p1a: Dragonite|spe|1
|
|-heal|p1a: Dragonite|71/100|[from] item: Leftovers
|upkeep
|turn|21
|
|t:|1760396363
|move|p1a: Dragonite|Dragon Dance|p1a: Dragonite
|-boost|p1a: Dragonite|atk|1
|-boost|p1a: Dragonite|spe|1
|move|p2a: Raging Bolt|Volt Switch|p1a: Dragonite
|-damage|p1a: Dragonite|52/100
|
|t:|1760396379
|-end|p2a: Raging Bolt|Protosynthesis|[silent]
|switch|p2a: Latios|Latios, M, tera:Steel|70/100|[from] Volt Switch
|
|-heal|p1a: Dragonite|58/100|[from] item: Leftovers
|upkeep
|turn|22
|
|t:|1760396386
|move|p1a: Dragonite|Roost|p1a: Dragonite
|-heal|p1a: Dragonite|100/100
|move|p2a: Latios|Aura Sphere|p1a: Dragonite
|-supereffective|p1a: Dragonite
|-damage|p1a: Dragonite|65/100
|
|-heal|p1a: Dragonite|71/100|[from] item: Leftovers
|upkeep
|turn|23
|
|t:|1760396393
|move|p1a: Dragonite|Extreme Speed|p2a: Latios
|-resisted|p2a: Latios
|-damage|p2a: Latios|4/100
|move|p2a: Latios|Aura Sphere|p1a: Dragonite
|-supereffective|p1a: Dragonite
|-damage|p1a: Dragonite|0 fnt
|faint|p1a: Dragonite
|
|win|fadingstrawberry
|raw|vghhjg's rating: 1490 &rarr; <strong>1471</strong><br />(-19 for losing)
|raw|fadingstrawberry's rating: 1508 &rarr; <strong>1527</strong><br />(+19 for winning)
|l|☆vghhjg
|player|p1|
