|badge|p2|bronze|gen9ou|100-7
|uhtml|medal-msg|<div class="broadcast-blue">Curious what those medals under the avatar are? PS now has Ladder Seasons! For more information, check out the <a href="https://www.smogon.com/forums/threads/3740067/">thread on Smogon.</a></div>
|j|☆clorox man
|j|☆disco 2003
|t:|1760378980
|gametype|singles
|player|p1|clorox man|clown|1841
|player|p2|disco 2003|policeman-gen4|1887
|gen|9
|tier|[Gen 9] OU
|rated|
|rule|HP Percentage Mod: HP is shown in percentages
|rule|Endless Battle Clause: Forcing endless battles is banned
|rule|Species Clause: Limit one of each Pokémon
|rule|OHKO Clause: OHKO moves are banned
|rule|Evasion Items Clause: Evasion items are banned
|rule|Evasion Moves Clause: Evasion moves are banned
|rule|Evasion Abilities Clause: Evasion abilities are banned
|rule|Sleep Moves Clause: Sleep-inducing moves are banned
|clearpoke
|poke|p1|Garganacl, M|
|poke|p1|Ogerpon-Wellspring, F|
|poke|p1|Landorus-Therian, M|
|poke|p1|Weezing-Galar, M|
|poke|p1|Dragapult, M|
|poke|p1|Moltres|
|poke|p2|Ceruledge, F|
|poke|p2|Raging Bolt|
|poke|p2|Latias, F|
|poke|p2|Kyurem|
|poke|p2|Ninetales-Alola, F|
|poke|p2|Iron Moth|
|teampreview
|inactive|Battle timer is ON: inactive players will automatically lose when time's up. (requested by clorox man)
|
|t:|1760379016
|teamsize|p1|6
|teamsize|p2|6
|start
|switch|p1a: Dragapult|Dragapult, M|100/100
|switch|p2a: rng my ahh|Kyurem|100/100
|-ability|p2a: rng my ahh|Pressure
|turn|1
|j| Partynparadise
|
|t:|1760379025
|move|p1a: Dragapult|U-turn|p2a: rng my ahh
|-damage|p2a: rng my ahh|83/100
|
|t:|1760379029
|switch|p1a: Weezing|Weezing-Galar, M|100/100|[from] U-turn
|-ability|p1a: Weezing|Neutralizing Gas
|move|p2a: rng my ahh|Icicle Spear|p1a: Weezing
|-damage|p1a: Weezing|91/100
|-damage|p1a: Weezing|82/100
|-damage|p1a: Weezing|73/100
|-crit|p1a: Weezing
|-damage|p1a: Weezing|58/100
|-hitcount|p1a: Weezing|4
|
|upkeep
|turn|2
|inactive|disco 2003 has 120 seconds left.
|
|t:|1760379061
|move|p2a: rng my ahh|Dragon Dance|p2a: rng my ahh
|-boost|p2a: rng my ahh|atk|1
|-boost|p2a: rng my ahh|spe|1
|move|p1a: Weezing|Will-O-Wisp|p2a: rng my ahh
|-status|p2a: rng my ahh|brn
|
|-damage|p2a: rng my ahh|76/100 brn|[from] brn
|upkeep
|turn|3
|
|t:|1760379066
|move|p2a: rng my ahh|Icicle Spear|p1a: Weezing
|-crit|p1a: Weezing
|-damage|p1a: Weezing|48/100
|-damage|p1a: Weezing|41/100
|-damage|p1a: Weezing|34/100
|-damage|p1a: Weezing|26/100
|-crit|p1a: Weezing
|-damage|p1a: Weezing|16/100
|-hitcount|p1a: Weezing|5
|move|p1a: Weezing|Pain Split|p2a: rng my ahh
|-sethp|p2a: rng my ahh|45/100 brn|[from] move: Pain Split|[silent]
|-sethp|p1a: Weezing|53/100|[from] move: Pain Split
|
|-damage|p2a: rng my ahh|39/100 brn|[from] brn
|upkeep
|turn|4
|
|t:|1760379077
|-end|p1a: Weezing|ability: Neutralizing Gas
|-ability|p2a: rng my ahh|Pressure
|switch|p1a: Garganacl|Garganacl, M|100/100
|move|p2a: rng my ahh|Icicle Spear|p1a: Garganacl
|-damage|p1a: Garganacl|93/100
|-damage|p1a: Garganacl|86/100
|-damage|p1a: Garganacl|80/100
|-damage|p1a: Garganacl|73/100
|-hitcount|p1a: Garganacl|4
|
|-heal|p1a: Garganacl|79/100|[from] item: Leftovers
|-damage|p2a: rng my ahh|33/100 brn|[from] brn
|upkeep
|turn|5
|
|t:|1760379080
|move|p2a: rng my ahh|Icicle Spear|p1a: Garganacl
|-damage|p1a: Garganacl|72/100
|-damage|p1a: Garganacl|65/100
|-damage|p1a: Garganacl|58/100
|-damage|p1a: Garganacl|51/100
|-hitcount|p1a: Garganacl|4
|move|p1a: Garganacl|Curse|p1a: Garganacl
|-unboost|p1a: Garganacl|spe|1
|-boost|p1a: Garganacl|atk|1
|-boost|p1a: Garganacl|def|1
|
|-heal|p1a: Garganacl|58/100|[from] item: Leftovers
|-damage|p2a: rng my ahh|27/100 brn|[from] brn
|upkeep
|turn|6
|
|t:|1760379083
|move|p2a: rng my ahh|Icicle Spear|p1a: Garganacl
|-damage|p1a: Garganacl|53/100
|-damage|p1a: Garganacl|48/100
|-damage|p1a: Garganacl|44/100
|-damage|p1a: Garganacl|39/100
|-hitcount|p1a: Garganacl|4
|move|p1a: Garganacl|Recover|p1a: Garganacl
|-heal|p1a: Garganacl|89/100
|
|-heal|p1a: Garganacl|96/100|[from] item: Leftovers
|-damage|p2a: rng my ahh|21/100 brn|[from] brn
|upkeep
|turn|7
|
|t:|1760379088
|move|p2a: rng my ahh|Icicle Spear|p1a: Garganacl
|-damage|p1a: Garganacl|91/100
|-damage|p1a: Garganacl|86/100
|-damage|p1a: Garganacl|81/100
|-damage|p1a: Garganacl|76/100
|-hitcount|p1a: Garganacl|4
|move|p1a: Garganacl|Salt Cure|p2a: rng my ahh
|-supereffective|p2a: rng my ahh
|-damage|p2a: rng my ahh|0 fnt
|faint|p2a: rng my ahh
|
|-heal|p1a: Garganacl|82/100|[from] item: Leftovers
|upkeep
|
|t:|1760379099
|switch|p2a: snow bunny|Ninetales-Alola, F|100/100
|-weather|Snowscape|[from] ability: Snow Warning|[of] p2a: snow bunny
|turn|8
|
|t:|1760379103
|move|p2a: snow bunny|Aurora Veil|p2a: snow bunny
|-sidestart|p2: disco 2003|move: Aurora Veil
|move|p1a: Garganacl|Salt Cure|p2a: snow bunny
|-supereffective|p2a: snow bunny
|-damage|p2a: snow bunny|81/100
|-start|p2a: snow bunny|Salt Cure
|
|-weather|Snowscape|[upkeep]
|-heal|p1a: Garganacl|89/100|[from] item: Leftovers
|-damage|p2a: snow bunny|69/100|[from] Salt Cure
|upkeep
|turn|9
|
|t:|1760379109
|move|p2a: snow bunny|Moonblast|p1a: Garganacl
|-damage|p1a: Garganacl|66/100
|move|p1a: Garganacl|Salt Cure|p2a: snow bunny
|-supereffective|p2a: snow bunny
|-damage|p2a: snow bunny|48/100
|
|-weather|Snowscape|[upkeep]
|-heal|p1a: Garganacl|72/100|[from] item: Leftovers
|-damage|p2a: snow bunny|36/100|[from] Salt Cure
|upkeep
|turn|10
|
|t:|1760379116
|move|p2a: snow bunny|Encore|p1a: Garganacl
|-start|p1a: Garganacl|Encore
|move|p1a: Garganacl|Salt Cure|p2a: snow bunny
|-supereffective|p2a: snow bunny
|-damage|p2a: snow bunny|15/100
|
|-weather|Snowscape|[upkeep]
|-heal|p1a: Garganacl|78/100|[from] item: Leftovers
|-damage|p2a: snow bunny|3/100|[from] Salt Cure
|upkeep
|turn|11
|
|t:|1760379136
|switch|p1a: Moltres|Moltres|100/100
|move|p2a: snow bunny|Moonblast|p1a: Moltres
|-resisted|p1a: Moltres
|-damage|p1a: Moltres|83/100
|-unboost|p1a: Moltres|spa|1
|
|-weather|Snowscape|[upkeep]
|-damage|p2a: snow bunny|0 fnt|[from] Salt Cure
|faint|p2a: snow bunny
|upkeep
|
|t:|1760379146
|switch|p2a: 50/50|Raging Bolt|100/100
|-enditem|p2a: 50/50|Booster Energy
|-activate|p2a: 50/50|ability: Protosynthesis|[fromitem]
|-start|p2a: 50/50|protosynthesisspa
|turn|12
|
|t:|1760379161
|switch|p1a: Weezing|Weezing-Galar, M|53/100
|-ability|p1a: Weezing|Neutralizing Gas
|move|p2a: 50/50|Dragon Pulse|p1a: Weezing
|-immune|p1a: Weezing
|
|-weather|none
|upkeep
|turn|13
|
|t:|1760379169
|move|p2a: 50/50|Dragon Pulse|p1a: Weezing
|-immune|p1a: Weezing
|move|p1a: Weezing|Defog|p2a: 50/50
|-unboost|p2a: 50/50|evasion|1
|-sideend|p2: disco 2003|move: Aurora Veil
|
|upkeep
|turn|14
|
|t:|1760379172
|move|p2a: 50/50|Thunderbolt|p1a: Weezing
|-damage|p1a: Weezing|0 fnt
|faint|p1a: Weezing
|-end|p1a: Weezing|ability: Neutralizing Gas
|
|upkeep
|
|t:|1760379176
|switch|p1a: Landorus|Landorus-Therian, M|100/100
|-ability|p1a: Landorus|Intimidate|boost
|-unboost|p2a: 50/50|atk|1
|turn|15
|
|t:|1760379183
|move|p1a: Landorus|Earthquake|p2a: 50/50
|-supereffective|p2a: 50/50
|-damage|p2a: 50/50|0 fnt
|faint|p2a: 50/50
|-end|p2a: 50/50|Protosynthesis|[silent]
|
|upkeep
|
|t:|1760379187
|switch|p2a: realpsyspam|Latias, F|100/100
|turn|16
|
|t:|1760379191
|switch|p1a: Ogerpon|Ogerpon-Wellspring, F|100/100
|move|p2a: realpsyspam|Agility|p2a: realpsyspam
|-boost|p2a: realpsyspam|spe|2
|
|upkeep
|turn|17
|
|t:|1760379198
|move|p2a: realpsyspam|Calm Mind|p2a: realpsyspam
|-boost|p2a: realpsyspam|spa|1
|-boost|p2a: realpsyspam|spd|1
|move|p1a: Ogerpon|Encore|p2a: realpsyspam
|-start|p2a: realpsyspam|Encore
|
|upkeep
|turn|18
|j| McKain09
|
|t:|1760379210
|move|p2a: realpsyspam|Calm Mind|p2a: realpsyspam
|-boost|p2a: realpsyspam|spa|1
|-boost|p2a: realpsyspam|spd|1
|move|p1a: Ogerpon|Knock Off|p2a: realpsyspam
|-supereffective|p2a: realpsyspam
|-damage|p2a: realpsyspam|13/100
|-enditem|p2a: realpsyspam|Leftovers|[from] move: Knock Off|[of] p1a: Ogerpon
|
|upkeep
|turn|19
|
|t:|1760379218
|move|p2a: realpsyspam|Calm Mind|p2a: realpsyspam
|-boost|p2a: realpsyspam|spa|1
|-boost|p2a: realpsyspam|spd|1
|move|p1a: Ogerpon|Ivy Cudgel|p2a: realpsyspam|[anim] Ivy Cudgel Water
|-resisted|p2a: realpsyspam
|-damage|p2a: realpsyspam|0 fnt
|faint|p2a: realpsyspam
|
|upkeep
|
|t:|1760379223
|switch|p2a: MoveMerchant|Iron Moth|100/100
|-enditem|p2a: MoveMerchant|Booster Energy
|-activate|p2a: MoveMerchant|ability: Quark Drive|[fromitem]
|-start|p2a: MoveMerchant|quarkdrivespe
|turn|20
|inactive|clorox man has 120 seconds left.
|
|t:|1760379254
|switch|p1a: Moltres|Moltres|83/100
|move|p2a: MoveMerchant|Fiery Dance|p1a: Moltres
|-resisted|p1a: Moltres
|-damage|p1a: Moltres|63/100
|
|upkeep
|turn|21
|
|t:|1760379262
|move|p2a: MoveMerchant|Fiery Dance|p1a: Moltres
|-resisted|p1a: Moltres
|-damage|p1a: Moltres|44/100
|move|p1a: Moltres|Roar|p2a: MoveMerchant
|-end|p2a: MoveMerchant|Quark Drive|[silent]
|drag|p2a: bury the light|Ceruledge, F|100/100
|
|upkeep
|turn|22
|
|t:|1760379269
|move|p2a: bury the light|Swords Dance|p2a: bury the light
|-boost|p2a: bury the light|atk|2
|move|p1a: Moltres|Flamethrower|p2a: bury the light
|-resisted|p2a: bury the light
|-crit|p2a: bury the light
|-damage|p2a: bury the light|67/100
|
|upkeep
|turn|23
|
|t:|1760379279
|move|p2a: bury the light|Poltergeist|p1a: Moltres
|-activate|p1a: Moltres|move: Poltergeist|Heavy-Duty Boots
|-damage|p1a: Moltres|0 fnt
|faint|p1a: Moltres
|
|upkeep
|
|t:|1760379284
|switch|p1a: Landorus|Landorus-Therian, M|100/100
|-ability|p1a: Landorus|Intimidate|boost
|-unboost|p2a: bury the light|atk|1
|turn|24
|
|t:|1760379292
|move|p2a: bury the light|Shadow Sneak|p1a: Landorus
|-damage|p1a: Landorus|68/100
|move|p1a: Landorus|Earthquake|p2a: bury the light
|-supereffective|p2a: bury the light
|-damage|p2a: bury the light|0 fnt
|faint|p2a: bury the light
|
|upkeep
|
|t:|1760379297
|switch|p2a: MoveMerchant|Iron Moth|100/100
|turn|25
|
|t:|1760379300
|-terastallize|p2a: MoveMerchant|Grass
|move|p2a: MoveMerchant|Energy Ball|p1a: Landorus
|-damage|p1a: Landorus|4/100
|move|p1a: Landorus|Earthquake|p2a: MoveMerchant
|-resisted|p2a: MoveMerchant
|-damage|p2a: MoveMerchant|47/100
|
|upkeep
|turn|26
|
|t:|1760379307
|move|p2a: MoveMerchant|Fiery Dance|p1a: Landorus
|-damage|p1a: Landorus|0 fnt
|-boost|p2a: MoveMerchant|spa|1
|faint|p1a: Landorus
|
|upkeep
|-message|disco 2003 forfeited.
|
|win|clorox man
|raw|clorox man's rating: 1841 &rarr; <strong>1864</strong><br />(+23 for winning)
|raw|disco 2003's rating: 1887 &rarr; <strong>1864</strong><br />(-23 for losing)
|l|☆disco 2003
|player|p2|
|l| McKain09
|j| McKain09
|l| McKain09
|l|☆clorox man
|player|p1|
|l| Partynparadise
