|j|☆jojosworld
|j|☆OCD COD
|t:|1760388608
|gametype|singles
|player|p1|jojosworld|cynthia|1510
|player|p2|OCD COD|youngster-gen6xy|1519
|gen|9
|tier|[Gen 9] OU
|rated|
|rule|HP Percentage Mod: HP is shown in percentages
|rule|Endless Battle Clause: Forcing endless battles is banned
|rule|Species Clause: Limit one of each Pokémon
|rule|OHKO Clause: OHKO moves are banned
|rule|Evasion Items Clause: Evasion items are banned
|rule|Evasion Moves Clause: Evasion moves are banned
|rule|Evasion Abilities Clause: Evasion abilities are banned
|rule|Sleep Moves Clause: Sleep-inducing moves are banned
|clearpoke
|poke|p1|Alomomola, F|
|poke|p1|Gholdengo|
|poke|p1|Incineroar, F|
|poke|p1|Clodsire, F|
|poke|p1|Weezing-Galar, F|
|poke|p1|Meowscarada, F|
|poke|p2|Chesnaught, F|
|poke|p2|Great Tusk|
|poke|p2|Araquanid, M|
|poke|p2|Gholdengo|
|poke|p2|Iron Moth|
|poke|p2|Kleavor, M|
|teampreview
|inactive|Battle timer is ON: inactive players will automatically lose when time's up. (requested by jojosworld)
|
|t:|1760388638
|teamsize|p1|6
|teamsize|p2|6
|start
|switch|p1a: Weezing|Weezing-Galar, F, shiny|100/100
|switch|p2a: Kleavor|Kleavor, M|100/100
|-ability|p1a: Weezing|Neutralizing Gas
|turn|1
|
|t:|1760388644
|switch|p2a: Araquanid|Araquanid, M|100/100
|move|p1a: Weezing|Toxic|p2a: Araquanid
|-status|p2a: Araquanid|tox
|
|-damage|p2a: Araquanid|94/100 tox|[from] psn
|upkeep
|turn|2
|
|t:|1760388649
|move|p1a: Weezing|Strange Steam|p2a: Araquanid
|-damage|p2a: Araquanid|72/100 tox
|move|p2a: Araquanid|Surf|p1a: Weezing
|-damage|p1a: Weezing|63/100
|
|-damage|p2a: Araquanid|60/100 tox|[from] psn
|upkeep
|turn|3
|
|t:|1760388654
|move|p1a: Weezing|Strange Steam|p2a: Araquanid
|-damage|p2a: Araquanid|34/100 tox
|move|p2a: Araquanid|Sticky Web|p1a: Weezing
|-sidestart|p1: jojosworld|move: Sticky Web
|
|-damage|p2a: Araquanid|15/100 tox|[from] psn
|upkeep
|turn|4
|-enditem|p2a: Araquanid|Custap Berry|[eat]
|-activate|p2a: Araquanid|item: Custap Berry|[consumed]
|
|t:|1760388657
|move|p2a: Araquanid|Endeavor|p1a: Weezing
|-damage|p1a: Weezing|16/100
|move|p1a: Weezing|Defog|p2a: Araquanid
|-unboost|p2a: Araquanid|evasion|1
|-sideend|p1: jojosworld|Sticky Web|[from] move: Defog|[of] p1a: Weezing
|
|-damage|p2a: Araquanid|0 fnt|[from] psn
|faint|p2a: Araquanid
|upkeep
|
|t:|1760388660
|switch|p2a: Kleavor|Kleavor, M|100/100
|turn|5
|
|t:|1760388664
|-end|p1a: Weezing|ability: Neutralizing Gas
|switch|p1a: Alomomola|Alomomola, F, shiny|100/100
|move|p2a: Kleavor|Stone Axe|p1a: Alomomola
|-damage|p1a: Alomomola|74/100
|-sidestart|p1: jojosworld|move: Stealth Rock
|
|upkeep
|turn|6
|
|t:|1760388669
|move|p2a: Kleavor|Swords Dance|p2a: Kleavor
|-boost|p2a: Kleavor|atk|2
|move|p1a: Alomomola|Wish|p1a: Alomomola
|
|upkeep
|turn|7
|
|t:|1760388673
|move|p2a: Kleavor|X-Scissor|p1a: Alomomola
|-damage|p1a: Alomomola|7/100
|move|p1a: Alomomola|Flip Turn|p2a: Kleavor
|-supereffective|p2a: Kleavor
|-damage|p2a: Kleavor|60/100
|
|t:|1760388677
|switch|p1a: Weezing|Weezing-Galar, F, shiny|16/100|[from] Flip Turn
|-ability|p1a: Weezing|Neutralizing Gas
|
|-heal|p1a: Weezing|96/100|[from] move: Wish|[wisher] Alomomola
|upkeep
|turn|8
|
|t:|1760388683
|move|p2a: Kleavor|Swords Dance|p2a: Kleavor
|-boost|p2a: Kleavor|atk|2
|move|p1a: Weezing|Strange Steam|p2a: Kleavor
|-damage|p2a: Kleavor|14/100
|
|upkeep
|turn|9
|
|t:|1760388687
|move|p2a: Kleavor|Stone Axe|p1a: Weezing
|-damage|p1a: Weezing|18/100
|move|p1a: Weezing|Strange Steam|p2a: Kleavor
|-damage|p2a: Kleavor|0 fnt
|faint|p2a: Kleavor
|
|upkeep
|
|t:|1760388695
|switch|p2a: Gholdengo|Gholdengo|100/100
|-item|p2a: Gholdengo|Air Balloon
|turn|10
|
|t:|1760388698
|-end|p1a: Weezing|ability: Neutralizing Gas
|switch|p1a: Incineroar|Incineroar, F, shiny|100/100
|-ability|p1a: Incineroar|Intimidate|boost
|-unboost|p2a: Gholdengo|atk|1
|move|p2a: Gholdengo|Shadow Ball|p1a: Incineroar
|-resisted|p1a: Incineroar
|-damage|p1a: Incineroar|85/100
|-unboost|p1a: Incineroar|spd|1
|
|upkeep
|turn|11
|
|t:|1760388703
|move|p2a: Gholdengo|Focus Blast|p1a: Incineroar|[miss]
|-miss|p2a: Gholdengo|p1a: Incineroar
|move|p1a: Incineroar|Knock Off|p2a: Gholdengo
|-supereffective|p2a: Gholdengo
|-damage|p2a: Gholdengo|19/100
|-enditem|p2a: Gholdengo|Air Balloon
|
|upkeep
|turn|12
|
|t:|1760388706
|switch|p1a: Clodsire|Clodsire, F, shiny|100/100
|-damage|p1a: Clodsire|94/100|[from] Stealth Rock
|move|p2a: Gholdengo|Focus Blast|p1a: Clodsire
|-resisted|p1a: Clodsire
|-damage|p1a: Clodsire|87/100
|
|upkeep
|turn|13
|
|t:|1760388713
|move|p2a: Gholdengo|Shadow Ball|p1a: Clodsire
|-damage|p1a: Clodsire|72/100
|move|p1a: Clodsire|Earthquake|p2a: Gholdengo
|-supereffective|p2a: Gholdengo
|-damage|p2a: Gholdengo|0 fnt
|faint|p2a: Gholdengo
|
|upkeep
|
|t:|1760388715
|switch|p2a: Great Tusk|Great Tusk|100/100
|-enditem|p2a: Great Tusk|Booster Energy
|-activate|p2a: Great Tusk|ability: Protosynthesis|[fromitem]
|-start|p2a: Great Tusk|protosynthesisatk
|turn|14
|
|t:|1760388722
|switch|p1a: Incineroar|Incineroar, F, shiny|85/100
|-ability|p1a: Incineroar|Intimidate|boost
|-unboost|p2a: Great Tusk|atk|1
|move|p2a: Great Tusk|Bulk Up|p2a: Great Tusk
|-boost|p2a: Great Tusk|atk|1
|-boost|p2a: Great Tusk|def|1
|
|upkeep
|turn|15
|
|t:|1760388729
|-terastallize|p1a: Incineroar|Water
|move|p2a: Great Tusk|Headlong Rush|p1a: Incineroar
|-damage|p1a: Incineroar|14/100
|-unboost|p2a: Great Tusk|def|1
|-unboost|p2a: Great Tusk|spd|1
|move|p1a: Incineroar|Will-O-Wisp|p2a: Great Tusk
|-status|p2a: Great Tusk|brn
|
|-damage|p2a: Great Tusk|94/100 brn|[from] brn
|upkeep
|turn|16
|
|t:|1760388736
|switch|p1a: Alomomola|Alomomola, F, shiny|41/100
|move|p2a: Great Tusk|Headlong Rush|p1a: Alomomola
|-damage|p1a: Alomomola|20/100
|-unboost|p2a: Great Tusk|def|1
|-unboost|p2a: Great Tusk|spd|1
|
|-damage|p2a: Great Tusk|88/100 brn|[from] brn
|upkeep
|turn|17
|
|t:|1760388747
|switch|p1a: Incineroar|Incineroar, F, shiny, tera:Water|14/100
|-ability|p1a: Incineroar|Intimidate|boost
|-unboost|p2a: Great Tusk|atk|1
|move|p2a: Great Tusk|Headlong Rush|p1a: Incineroar
|-damage|p1a: Incineroar|0 fnt
|-unboost|p2a: Great Tusk|def|1
|-unboost|p2a: Great Tusk|spd|1
|faint|p1a: Incineroar
|
|-damage|p2a: Great Tusk|82/100 brn|[from] brn
|upkeep
|
|t:|1760388749
|switch|p1a: Alomomola|Alomomola, F, shiny|53/100
|turn|18
|
|t:|1760388753
|-end|p2a: Great Tusk|Protosynthesis|[silent]
|switch|p2a: Chesnaught|Chesnaught, F|100/100
|move|p1a: Alomomola|Wish|p1a: Alomomola
|
|upkeep
|turn|19
|
|t:|1760388764
|move|p1a: Alomomola|Protect|p1a: Alomomola
|-singleturn|p1a: Alomomola|Protect
|move|p2a: Chesnaught|Belly Drum|p2a: Chesnaught
|-damage|p2a: Chesnaught|50/100
|-setboost|p2a: Chesnaught|atk|6|[from] move: Belly Drum
|-enditem|p2a: Chesnaught|Sitrus Berry|[eat]
|-heal|p2a: Chesnaught|75/100|[from] item: Sitrus Berry
|
|-heal|p1a: Alomomola|100/100|[from] move: Wish|[wisher] Alomomola
|upkeep
|turn|20
|
|t:|1760388773
|switch|p1a: Weezing|Weezing-Galar, F, shiny|18/100
|-ability|p1a: Weezing|Neutralizing Gas
|move|p2a: Chesnaught|Trailblaze|p1a: Weezing
|-resisted|p1a: Weezing
|-damage|p1a: Weezing|0 fnt
|-boost|p2a: Chesnaught|spe|1
|faint|p1a: Weezing
|-end|p1a: Weezing|ability: Neutralizing Gas
|
|upkeep
|
|t:|1760388778
|switch|p1a: Gholdengo|Gholdengo, shiny|100/100
|-damage|p1a: Gholdengo|94/100|[from] Stealth Rock
|turn|21
|
|t:|1760388793
|-terastallize|p2a: Chesnaught|Fire
|move|p2a: Chesnaught|Trailblaze|p1a: Gholdengo
|-resisted|p1a: Gholdengo
|-damage|p1a: Gholdengo|66/100
|-boost|p2a: Chesnaught|spe|1
|-damage|p2a: Chesnaught|59/100|[from] item: Rocky Helmet|[of] p1a: Gholdengo
|move|p1a: Gholdengo|Thunder Wave|p2a: Chesnaught
|-status|p2a: Chesnaught|par
|
|upkeep
|turn|22
|
|t:|1760388798
|cant|p2a: Chesnaught|par
|move|p1a: Gholdengo|Hex|p2a: Chesnaught
|-damage|p2a: Chesnaught|0 fnt
|faint|p2a: Chesnaught
|
|upkeep
|-message|OCD COD forfeited.
|
|win|jojosworld
|raw|jojosworld's rating: 1510 &rarr; <strong>1531</strong><br />(+21 for winning)
|raw|OCD COD's rating: 1519 &rarr; <strong>1498</strong><br />(-21 for losing)
|l|☆OCD COD
|player|p2|
