|j|☆PV_09
|j|☆S0fiane
|t:|1760376129
|gametype|singles
|player|p1|PV_09|hexmaniac-gen3jp|1534
|player|p2|S0fiane|pokefanf|1551
|gen|9
|tier|[Gen 9] OU
|rated|
|rule|HP Percentage Mod: HP is shown in percentages
|rule|Endless Battle Clause: Forcing endless battles is banned
|rule|Species Clause: Limit one of each Pokémon
|rule|OHKO Clause: OHKO moves are banned
|rule|Evasion Items Clause: Evasion items are banned
|rule|Evasion Moves Clause: Evasion moves are banned
|rule|Evasion Abilities Clause: Evasion abilities are banned
|rule|Sleep Moves Clause: Sleep-inducing moves are banned
|clearpoke
|poke|p1|Hatterene, F|
|poke|p1|Bronzong|
|poke|p1|Primarina, F|
|poke|p1|Iron Hands|
|poke|p1|Gholdengo|
|poke|p1|Ursaluna, F|
|poke|p2|Cinderace, M|
|poke|p2|Ogerpon-Wellspring, F|
|poke|p2|Landorus-Therian, M|
|poke|p2|Hatterene, F|
|poke|p2|Corviknight, F|
|poke|p2|Darkrai|
|teampreview
|inactive|Battle timer is ON: inactive players will automatically lose when time's up. (requested by S0fiane)
|inactive|PV_09 has 120 seconds left.
|
|t:|1760376175
|teamsize|p1|6
|teamsize|p2|6
|start
|switch|p1a: raingurl|Gholdengo|100/100
|switch|p2a: Cinderace|Cinderace, M|100/100
|turn|1
|
|t:|1760376181
|switch|p1a: primadonna|Primarina, F|100/100
|move|p2a: Cinderace|Trailblaze|p1a: primadonna
|-supereffective|p1a: primadonna
|-damage|p1a: primadonna|60/100
|-boost|p2a: Cinderace|spe|1
|
|upkeep
|turn|2
|
|t:|1760376196
|move|p2a: Cinderace|Iron Head|p1a: primadonna
|-damage|p1a: primadonna|29/100
|move|p1a: primadonna|Moonblast|p2a: Cinderace
|-resisted|p2a: Cinderace
|-damage|p2a: Cinderace|48/100
|-unboost|p2a: Cinderace|spa|1
|-damage|p1a: primadonna|19/100|[from] item: Life Orb
|
|upkeep
|turn|3
|
|t:|1760376215
|switch|p1a: TESLA? GNARLY|Iron Hands|100/100
|move|p2a: Cinderace|Pyro Ball|p1a: TESLA? GNARLY
|-damage|p1a: TESLA? GNARLY|66/100
|
|upkeep
|turn|4
|
|t:|1760376224
|move|p2a: Cinderace|Pyro Ball|p1a: TESLA? GNARLY
|-damage|p1a: TESLA? GNARLY|33/100
|move|p1a: TESLA? GNARLY|Ice Punch|p2a: Cinderace
|-resisted|p2a: Cinderace
|-damage|p2a: Cinderace|15/100
|
|upkeep
|turn|5
|
|t:|1760376232
|move|p2a: Cinderace|Pyro Ball|p1a: TESLA? GNARLY
|-damage|p1a: TESLA? GNARLY|0 fnt
|faint|p1a: TESLA? GNARLY
|-end|p1a: TESLA? GNARLY|Quark Drive|[silent]
|
|upkeep
|
|t:|1760376236
|switch|p1a: espresso|Hatterene, F|100/100
|turn|6
|
|t:|1760376239
|-terastallize|p2a: Cinderace|Fire
|move|p2a: Cinderace|Pyro Ball|p1a: espresso
|-damage|p1a: espresso|2/100
|move|p1a: espresso|Trick Room|p1a: espresso
|-fieldstart|move: Trick Room|[of] p1a: espresso
|
|-heal|p1a: espresso|8/100|[from] item: Leftovers
|upkeep
|turn|7
|
|t:|1760376250
|switch|p2a: Corviknight|Corviknight, F|100/100
|-ability|p2a: Corviknight|Pressure
|move|p1a: espresso|Healing Wish|p1a: espresso
|faint|p1a: espresso
|
|upkeep
|
|t:|1760376252
|switch|p1a: primadonna|Primarina, F|19/100
|-heal|p1a: primadonna|100/100|[from] move: Healing Wish
|turn|8
|
|t:|1760376255
|move|p1a: primadonna|Sparkling Aria|p2a: Corviknight
|-damage|p2a: Corviknight|48/100
|-damage|p1a: primadonna|91/100|[from] item: Life Orb
|move|p2a: Corviknight|U-turn|p1a: primadonna
|-resisted|p1a: primadonna
|-damage|p1a: primadonna|82/100
|
|t:|1760376262
|switch|p2a: Hatterene|Hatterene, F|100/100|[from] U-turn
|
|upkeep
|turn|9
|
|t:|1760376283
|move|p2a: Hatterene|Psychic Noise|p1a: primadonna
|-damage|p1a: primadonna|55/100
|-start|p1a: primadonna|move: Heal Block
|move|p1a: primadonna|Sparkling Aria|p2a: Hatterene
|-damage|p2a: Hatterene|34/100
|-damage|p1a: primadonna|45/100|[from] item: Life Orb
|
|-heal|p2a: Hatterene|40/100|[from] item: Leftovers
|upkeep
|turn|10
|
|t:|1760376295
|move|p2a: Hatterene|Nuzzle|p1a: primadonna
|-supereffective|p1a: primadonna
|-damage|p1a: primadonna|37/100
|-status|p1a: primadonna|par
|move|p1a: primadonna|Moonblast|p2a: Hatterene
|-damage|p2a: Hatterene|0 fnt
|faint|p2a: Hatterene
|-damage|p1a: primadonna|27/100 par|[from] item: Life Orb
|
|-end|p1a: primadonna|move: Heal Block
|-fieldend|move: Trick Room
|upkeep
|
|t:|1760376298
|switch|p2a: Cinderace|Cinderace, M, tera:Fire|15/100
|turn|11
|inactive|PV_09 has 120 seconds left.
|
|t:|1760376333
|move|p2a: Cinderace|Trailblaze|p1a: primadonna
|-supereffective|p1a: primadonna
|-damage|p1a: primadonna|0 fnt
|-boost|p2a: Cinderace|spe|1
|faint|p1a: primadonna
|
|upkeep
|
|t:|1760376340
|switch|p1a: nice & slow|Ursaluna, F|100/100
|turn|12
|
|t:|1760376346
|-terastallize|p1a: nice & slow|Normal
|move|p2a: Cinderace|Pyro Ball|p1a: nice & slow
|-damage|p1a: nice & slow|24/100
|move|p1a: nice & slow|Facade|p2a: Cinderace
|-damage|p2a: Cinderace|0 fnt
|faint|p2a: Cinderace
|
|-status|p1a: nice & slow|brn|[from] item: Flame Orb
|upkeep
|
|t:|1760376356
|switch|p2a: Ogerpon|Ogerpon-Wellspring, F|100/100
|turn|13
|
|t:|1760376359
|switch|p1a: *NSYNC|Bronzong|100/100
|move|p2a: Ogerpon|Ivy Cudgel|p1a: *NSYNC|[anim] Ivy Cudgel Water
|-damage|p1a: *NSYNC|56/100
|
|-heal|p1a: *NSYNC|62/100|[from] item: Leftovers
|upkeep
|turn|14
|
|t:|1760376365
|move|p2a: Ogerpon|Ivy Cudgel|p1a: *NSYNC|[anim] Ivy Cudgel Water
|-damage|p1a: *NSYNC|19/100
|move|p1a: *NSYNC|Trick Room|p1a: *NSYNC
|-fieldstart|move: Trick Room|[of] p1a: *NSYNC
|
|-heal|p1a: *NSYNC|25/100|[from] item: Leftovers
|upkeep
|turn|15
|
|t:|1760376373
|switch|p1a: raingurl|Gholdengo|100/100
|move|p2a: Ogerpon|Ivy Cudgel|p1a: raingurl|[anim] Ivy Cudgel Water
|-damage|p1a: raingurl|38/100
|
|upkeep
|turn|16
|
|t:|1760376380
|move|p1a: raingurl|Shadow Ball|p2a: Ogerpon
|-damage|p2a: Ogerpon|19/100
|move|p2a: Ogerpon|Ivy Cudgel|p1a: raingurl|[anim] Ivy Cudgel Water
|-damage|p1a: raingurl|0 fnt
|faint|p1a: raingurl
|
|upkeep
|-message|PV_09 forfeited.
|
|win|S0fiane
|raw|PV_09's rating: 1534 &rarr; <strong>1515</strong><br />(-19 for losing)
|raw|S0fiane's rating: 1551 &rarr; <strong>1570</strong><br />(+19 for winning)
|l|☆PV_09
|player|p1|
|l|☆S0fiane
|player|p2|
