|j|☆Walking Waste
|j|☆nightbq
|t:|1760358376
|gametype|singles
|player|p1|Walking Waste|burglar-gen2|1383
|player|p2|nightbq|hilbert-wonderlauncher|1357
|gen|9
|tier|[Gen 9] OU
|rated|
|rule|HP Percentage Mod: HP is shown in percentages
|rule|Endless Battle Clause: Forcing endless battles is banned
|rule|Species Clause: Limit one of each Pokémon
|rule|OHKO Clause: OHKO moves are banned
|rule|Evasion Items Clause: Evasion items are banned
|rule|Evasion Moves Clause: Evasion moves are banned
|rule|Evasion Abilities Clause: Evasion abilities are banned
|rule|Sleep Moves Clause: Sleep-inducing moves are banned
|clearpoke
|poke|p1|Dragonite, F|
|poke|p1|Deoxys-Defense|
|poke|p1|Darkrai|
|poke|p1|Great Tusk|
|poke|p1|Iron Valiant|
|poke|p1|Magnezone|
|poke|p2|Gliscor, F|
|poke|p2|Heatran, M|
|poke|p2|Ogerpon-Wellspring, F|
|poke|p2|Dragonite, F|
|poke|p2|Deoxys-Speed|
|poke|p2|Corviknight, M|
|teampreview
|inactive|Battle timer is ON: inactive players will automatically lose when time's up. (requested by Walking Waste)
|inactive|nightbq also wants the timer to be on.
|
|t:|1760358385
|teamsize|p1|6
|teamsize|p2|6
|start
|switch|p1a: Darkrai|Darkrai|100/100
|switch|p2a: Deoxys|Deoxys-Speed|100/100
|-ability|p2a: Deoxys|Pressure
|turn|1
|
|t:|1760358390
|move|p2a: Deoxys|Stealth Rock|p1a: Darkrai
|-sidestart|p1: Walking Waste|move: Stealth Rock
|move|p1a: Darkrai|Dark Pulse|p2a: Deoxys
|-supereffective|p2a: Deoxys
|-enditem|p2a: Deoxys|Focus Sash
|-damage|p2a: Deoxys|1/100
|
|upkeep
|turn|2
|
|t:|1760358395
|move|p2a: Deoxys|Knock Off|p1a: Darkrai
|-resisted|p1a: Darkrai
|-damage|p1a: Darkrai|88/100
|-enditem|p1a: Darkrai|Focus Sash|[from] move: Knock Off|[of] p2a: Deoxys
|move|p1a: Darkrai|Dark Pulse|p2a: Deoxys
|-supereffective|p2a: Deoxys
|-damage|p2a: Deoxys|0 fnt
|faint|p2a: Deoxys
|
|upkeep
|
|t:|1760358404
|switch|p2a: Corviknight|Corviknight, M|100/100
|turn|3
|
|t:|1760358407
|switch|p1a: PC_Music|Magnezone|100/100
|-damage|p1a: PC_Music|95/100|[from] Stealth Rock
|move|p2a: Corviknight|Body Press|p1a: PC_Music
|-supereffective|p1a: PC_Music
|-damage|p1a: PC_Music|57/100
|
|-heal|p1a: PC_Music|63/100|[from] item: Leftovers
|upkeep
|turn|4
|
|t:|1760358414
|move|p1a: PC_Music|Iron Defense|p1a: PC_Music
|-boost|p1a: PC_Music|def|2
|move|p2a: Corviknight|Body Press|p1a: PC_Music
|-supereffective|p1a: PC_Music
|-damage|p1a: PC_Music|41/100
|
|-heal|p1a: PC_Music|47/100|[from] item: Leftovers
|upkeep
|turn|5
|
|t:|1760358419
|move|p1a: PC_Music|Iron Defense|p1a: PC_Music
|-boost|p1a: PC_Music|def|2
|move|p2a: Corviknight|Body Press|p1a: PC_Music
|-supereffective|p1a: PC_Music
|-damage|p1a: PC_Music|34/100
|
|-heal|p1a: PC_Music|40/100|[from] item: Leftovers
|upkeep
|turn|6
|
|t:|1760358423
|move|p1a: PC_Music|Iron Defense|p1a: PC_Music
|-boost|p1a: PC_Music|def|2
|move|p2a: Corviknight|Iron Defense|p2a: Corviknight
|-boost|p2a: Corviknight|def|2
|
|-heal|p1a: PC_Music|46/100|[from] item: Leftovers
|upkeep
|turn|7
|
|t:|1760358425
|move|p1a: PC_Music|Thunderbolt|p2a: Corviknight
|-supereffective|p2a: Corviknight
|-damage|p2a: Corviknight|22/100
|move|p2a: Corviknight|Body Press|p1a: PC_Music
|-supereffective|p1a: PC_Music
|-damage|p1a: PC_Music|26/100
|
|-heal|p1a: PC_Music|32/100|[from] item: Leftovers
|-heal|p2a: Corviknight|28/100|[from] item: Leftovers
|upkeep
|turn|8
|
|t:|1760358431
|move|p1a: PC_Music|Thunderbolt|p2a: Corviknight
|-supereffective|p2a: Corviknight
|-damage|p2a: Corviknight|0 fnt
|faint|p2a: Corviknight
|
|-heal|p1a: PC_Music|38/100|[from] item: Leftovers
|upkeep
|
|t:|1760358437
|switch|p2a: Heatran|Heatran, M|100/100
|turn|9
|
|t:|1760358440
|move|p1a: PC_Music|Body Press|p2a: Heatran
|-supereffective|p2a: Heatran
|-damage|p2a: Heatran|0 fnt
|faint|p2a: Heatran
|
|-heal|p1a: PC_Music|44/100|[from] item: Leftovers
|upkeep
|
|t:|1760358450
|switch|p2a: Dragonite|Dragonite, F|100/100
|turn|10
|
|t:|1760358456
|move|p2a: Dragonite|Earthquake|p1a: PC_Music
|-supereffective|p1a: PC_Music
|-damage|p1a: PC_Music|15/100
|move|p1a: PC_Music|Thunderbolt|p2a: Dragonite
|-damage|p2a: Dragonite|80/100
|
|-heal|p1a: PC_Music|21/100|[from] item: Leftovers
|upkeep
|turn|11
|
|t:|1760358460
|move|p2a: Dragonite|Dragon Dance|p2a: Dragonite
|-boost|p2a: Dragonite|atk|1
|-boost|p2a: Dragonite|spe|1
|move|p1a: PC_Music|Body Press|p2a: Dragonite
|-resisted|p2a: Dragonite
|-damage|p2a: Dragonite|18/100
|
|-heal|p1a: PC_Music|27/100|[from] item: Leftovers
|upkeep
|turn|12
|
|t:|1760358464
|move|p2a: Dragonite|Earthquake|p1a: PC_Music
|-supereffective|p1a: PC_Music
|-damage|p1a: PC_Music|0 fnt
|faint|p1a: PC_Music
|
|upkeep
|
|t:|1760358474
|switch|p1a: Great Tusk|Great Tusk|100/100
|-damage|p1a: Great Tusk|98/100|[from] Stealth Rock
|-enditem|p1a: Great Tusk|Booster Energy
|-activate|p1a: Great Tusk|ability: Protosynthesis|[fromitem]
|-start|p1a: Great Tusk|protosynthesisspe
|turn|13
|
|t:|1760358479
|switch|p2a: Gliscor|Gliscor, F|100/100
|move|p1a: Great Tusk|Ice Spinner|p2a: Gliscor
|-supereffective|p2a: Gliscor
|-damage|p2a: Gliscor|37/100
|
|-status|p2a: Gliscor|tox|[from] item: Toxic Orb
|upkeep
|turn|14
|
|t:|1760358482
|move|p2a: Gliscor|Protect|p2a: Gliscor
|-singleturn|p2a: Gliscor|Protect
|move|p1a: Great Tusk|Bulk Up|p1a: Great Tusk
|-boost|p1a: Great Tusk|atk|1
|-boost|p1a: Great Tusk|def|1
|
|-heal|p2a: Gliscor|49/100 tox|[from] ability: Poison Heal
|upkeep
|turn|15
|
|t:|1760358485
|move|p1a: Great Tusk|Ice Spinner|p2a: Gliscor
|-supereffective|p2a: Gliscor
|-damage|p2a: Gliscor|0 fnt
|faint|p2a: Gliscor
|
|upkeep
|-message|nightbq forfeited.
|
|win|Walking Waste
|raw|Walking Waste's rating: 1383 &rarr; <strong>1402</strong><br />(+19 for winning)
|raw|nightbq's rating: 1357 &rarr; <strong>1338</strong><br />(-19 for losing)
|l|☆nightbq
|player|p2|
|l|☆Walking Waste
|player|p1|
