|j|☆kuraiyagare
|j|☆vallic
|t:|1760452547
|gametype|singles
|player|p1|kuraiyagare|mars|1342
|player|p2|vallic|102|1289
|gen|9
|tier|[Gen 9] OU
|rated|
|rule|HP Percentage Mod: HP is shown in percentages
|rule|Endless Battle Clause: Forcing endless battles is banned
|rule|Species Clause: Limit one of each Pokémon
|rule|OHKO Clause: OHKO moves are banned
|rule|Evasion Items Clause: Evasion items are banned
|rule|Evasion Moves Clause: Evasion moves are banned
|rule|Evasion Abilities Clause: Evasion abilities are banned
|rule|Sleep Moves Clause: Sleep-inducing moves are banned
|clearpoke
|poke|p1|Bastiodon, F|
|poke|p1|Gardevoir, F|
|poke|p1|Talonflame, F|
|poke|p1|Lokix, F|
|poke|p1|Drifblim, M|
|poke|p1|Cloyster, F|
|poke|p2|Carbink, L1|
|poke|p2|Braviary-Hisui, M|
|poke|p2|Ursaluna, F|
|poke|p2|Kingambit, M|
|poke|p2|Iron Hands|
|poke|p2|Hatterene, F|
|teampreview
|inactive|Battle timer is ON: inactive players will automatically lose when time's up. (requested by kuraiyagare)
|
|t:|1760452565
|teamsize|p1|6
|teamsize|p2|6
|start
|switch|p1a: Cloyster|Cloyster, F|100/100
|switch|p2a: Carbink|Carbink, L1, shiny|100/100
|turn|1
|
|t:|1760452568
|move|p1a: Cloyster|Shell Smash|p1a: Cloyster
|-unboost|p1a: Cloyster|def|1
|-unboost|p1a: Cloyster|spd|1
|-boost|p1a: Cloyster|atk|2
|-boost|p1a: Cloyster|spa|2
|-boost|p1a: Cloyster|spe|2
|move|p2a: Carbink|Trick Room|p2a: Carbink
|-fieldstart|move: Trick Room|[of] p2a: Carbink
|
|-damage|p2a: Carbink|92/100|[from] item: Black Sludge
|upkeep
|turn|2
|
|t:|1760452576
|move|p2a: Carbink|Endeavor|p1a: Cloyster
|-damage|p1a: Cloyster|5/100
|move|p1a: Cloyster|Icicle Spear|p2a: Carbink
|-damage|p2a: Carbink|0 fnt
|faint|p2a: Carbink
|-hitcount|p2: Carbink|1
|
|upkeep
|
|t:|1760452588
|switch|p2a: Ursaluna|Ursaluna, F|100/100
|turn|3
|
|t:|1760452592
|move|p2a: Ursaluna|Facade|p1a: Cloyster
|-damage|p1a: Cloyster|0 fnt
|faint|p1a: Cloyster
|
|-status|p2a: Ursaluna|brn|[from] item: Flame Orb
|upkeep
|
|t:|1760452604
|switch|p1a: Bastiodon|Bastiodon, F|100/100
|turn|4
|
|t:|1760452609
|move|p2a: Ursaluna|Headlong Rush|p1a: Bastiodon
|-supereffective|p1a: Bastiodon
|-ability|p1a: Bastiodon|Sturdy
|-damage|p1a: Bastiodon|1/100
|-unboost|p2a: Ursaluna|def|1
|-unboost|p2a: Ursaluna|spd|1
|move|p1a: Bastiodon|Metal Burst|p2a: Ursaluna
|-damage|p2a: Ursaluna|0 fnt
|faint|p2a: Ursaluna
|
|upkeep
|
|t:|1760452629
|switch|p2a: Iron Hands|Iron Hands|100/100
|-enditem|p2a: Iron Hands|Booster Energy
|-activate|p2a: Iron Hands|ability: Quark Drive|[fromitem]
|-start|p2a: Iron Hands|quarkdriveatk
|turn|5
|
|t:|1760452634
|move|p2a: Iron Hands|Drain Punch|p1a: Bastiodon
|-supereffective|p1a: Bastiodon
|-damage|p1a: Bastiodon|0 fnt
|faint|p1a: Bastiodon
|
|-fieldend|move: Trick Room
|upkeep
|
|t:|1760452639
|switch|p1a: Gardenia|Gardevoir, F|100/100
|turn|6
|
|t:|1760452647
|-end|p2a: Iron Hands|Quark Drive|[silent]
|switch|p2a: Hatterene|Hatterene, F|100/100
|-ability|p1a: Gardenia|Magic Bounce|Trace|[from] ability: Trace|[of] p2a: Hatterene
|move|p1a: Gardenia|Moonblast|p2a: Hatterene
|-damage|p2a: Hatterene|47/100
|
|upkeep
|turn|7
|
|t:|1760452653
|-terastallize|p2a: Hatterene|Steel
|move|p1a: Gardenia|Moonblast|p2a: Hatterene
|-resisted|p2a: Hatterene
|-damage|p2a: Hatterene|18/100
|move|p2a: Hatterene|Trick Room|p2a: Hatterene
|-fieldstart|move: Trick Room|[of] p2a: Hatterene
|
|upkeep
|turn|8
|
|t:|1760452660
|move|p1a: Gardenia|Vacuum Wave|p2a: Hatterene
|-supereffective|p2a: Hatterene
|-damage|p2a: Hatterene|0 fnt
|faint|p2a: Hatterene
|
|upkeep
|
|t:|1760452679
|switch|p2a: Braviary|Braviary-Hisui, M, shiny|100/100
|turn|9
|
|t:|1760452693
|move|p2a: Braviary|Hurricane|p1a: Gardenia
|-enditem|p1a: Gardenia|Focus Sash
|-damage|p1a: Gardenia|1/100
|move|p1a: Gardenia|Moonblast|p2a: Braviary
|-damage|p2a: Braviary|47/100
|
|upkeep
|turn|10
|
|t:|1760452703
|move|p2a: Braviary|Vacuum Wave|p1a: Gardenia
|-resisted|p1a: Gardenia
|-damage|p1a: Gardenia|0 fnt
|faint|p1a: Gardenia
|-damage|p2a: Braviary|37/100|[from] item: Life Orb
|
|upkeep
|
|t:|1760452706
|switch|p1a: avg linux user|Lokix, F|100/100
|turn|11
|
|t:|1760452711
|move|p1a: avg linux user|First Impression|p2a: Braviary
|-damage|p2a: Braviary|0 fnt
|faint|p2a: Braviary
|
|-fieldend|move: Trick Room
|upkeep
|
|t:|1760452721
|switch|p2a: Iron Hands|Iron Hands|100/100
|turn|12
|
|t:|1760452728
|move|p1a: avg linux user|Knock Off|p2a: Iron Hands
|-resisted|p2a: Iron Hands
|-damage|p2a: Iron Hands|75/100
|move|p2a: Iron Hands|Thunder Punch|p1a: avg linux user
|-damage|p1a: avg linux user|31/100
|
|upkeep
|turn|13
|
|t:|1760452736
|move|p1a: avg linux user|Axe Kick|p2a: Iron Hands
|-damage|p2a: Iron Hands|44/100
|move|p2a: Iron Hands|Drain Punch|p1a: avg linux user
|-damage|p1a: avg linux user|0 fnt
|-heal|p2a: Iron Hands|54/100|[from] drain|[of] p1a: avg linux user
|faint|p1a: avg linux user
|
|upkeep
|
|t:|1760452748
|switch|p1a: Vatra|Talonflame, F|100/100
|turn|14
|
|t:|1760452751
|-terastallize|p1a: Vatra|Flying
|move|p1a: Vatra|Brave Bird|p2a: Iron Hands
|-damage|p2a: Iron Hands|11/100
|-damage|p1a: Vatra|79/100|[from] Recoil
|move|p2a: Iron Hands|Thunder Punch|p1a: Vatra
|-supereffective|p1a: Vatra
|-damage|p1a: Vatra|0 fnt
|faint|p1a: Vatra
|
|upkeep
|
|t:|1760452753
|switch|p1a: Drifflim|Drifblim, M|100/100
|turn|15
|
|t:|1760452757
|move|p1a: Drifflim|Shadow Ball|p2a: Iron Hands
|-damage|p2a: Iron Hands|0 fnt
|faint|p2a: Iron Hands
|-end|p2a: Iron Hands|Quark Drive|[silent]
|
|upkeep
|
|t:|1760452760
|switch|p2a: Kingambit|Kingambit, M|100/100
|-activate|p2a: Kingambit|ability: Supreme Overlord
|-start|p2a: Kingambit|fallen5|[silent]
|turn|16
|
|t:|1760452764
|move|p1a: Drifflim|Strength Sap|p2a: Kingambit
|-unboost|p2a: Kingambit|atk|1
|move|p2a: Kingambit|Kowtow Cleave|p1a: Drifflim
|-supereffective|p1a: Drifflim
|-damage|p1a: Drifflim|0 fnt
|faint|p1a: Drifflim
|
|win|vallic
|raw|kuraiyagare's rating: 1342 &rarr; <strong>1319</strong><br />(-23 for losing)
|raw|vallic's rating: 1289 &rarr; <strong>1318</strong><br />(+29 for winning)
|l|☆kuraiyagare
|player|p1|
|l|☆vallic
|player|p2|
