|j|☆bleake island
|j|☆genlight
|t:|1760347614
|gametype|singles
|player|p1|bleake island|170|1407
|player|p2|genlight|266|1394
|gen|9
|tier|[Gen 9] OU
|rated|
|rule|HP Percentage Mod: HP is shown in percentages
|rule|Endless Battle Clause: Forcing endless battles is banned
|rule|Species Clause: Limit one of each Pokémon
|rule|OHKO Clause: OHKO moves are banned
|rule|Evasion Items Clause: Evasion items are banned
|rule|Evasion Moves Clause: Evasion moves are banned
|rule|Evasion Abilities Clause: Evasion abilities are banned
|rule|Sleep Moves Clause: Sleep-inducing moves are banned
|clearpoke
|poke|p1|Zamazenta-*|
|poke|p1|Braviary-Hisui, M|
|poke|p1|Glimmora, M|
|poke|p1|Gholdengo|
|poke|p1|Dragonite, F|
|poke|p1|Iron Treads|
|poke|p2|Tyranitar, F|
|poke|p2|Excadrill, F|
|poke|p2|Keldeo-Resolute|
|poke|p2|Tornadus-Therian, M|
|poke|p2|Heatran, F|
|poke|p2|Hydrapple, M|
|teampreview
|inactive|Battle timer is ON: inactive players will automatically lose when time's up. (requested by genlight)
|
|t:|1760347638
|teamsize|p1|6
|teamsize|p2|6
|start
|switch|p1a: Zamazenta|Zamazenta|100/100
|switch|p2a: Keldeo|Keldeo-Resolute|100/100
|-ability|p1a: Zamazenta|Dauntless Shield|boost
|-boost|p1a: Zamazenta|def|1
|turn|1
|
|t:|1760347644
|move|p1a: Zamazenta|Close Combat|p2a: Keldeo
|-damage|p2a: Keldeo|2/100
|-unboost|p1a: Zamazenta|def|1
|-unboost|p1a: Zamazenta|spd|1
|move|p2a: Keldeo|Surf|p1a: Zamazenta
|-damage|p1a: Zamazenta|0 fnt
|faint|p1a: Zamazenta
|
|upkeep
|
|t:|1760347656
|switch|p1a: Dragonite|Dragonite, F, shiny|100/100
|turn|2
|
|t:|1760347668
|switch|p2a: Hydrapple|Hydrapple, M|100/100
|move|p1a: Dragonite|Dragon Dance|p1a: Dragonite
|-boost|p1a: Dragonite|atk|1
|-boost|p1a: Dragonite|spe|1
|
|upkeep
|turn|3
|
|t:|1760347678
|-terastallize|p1a: Dragonite|Fairy
|-terastallize|p2a: Hydrapple|Fairy
|move|p1a: Dragonite|Dragon Dance|p1a: Dragonite
|-boost|p1a: Dragonite|atk|1
|-boost|p1a: Dragonite|spe|1
|move|p2a: Hydrapple|Fickle Beam|p1a: Dragonite
|-immune|p1a: Dragonite
|
|upkeep
|turn|4
|inactive|genlight has 120 seconds left.
|
|t:|1760347716
|move|p1a: Dragonite|Dragon Dance|p1a: Dragonite
|-boost|p1a: Dragonite|atk|1
|-boost|p1a: Dragonite|spe|1
|move|p2a: Hydrapple|Giga Drain|p1a: Dragonite
|-damage|p1a: Dragonite|90/100
|
|-heal|p1a: Dragonite|96/100|[from] item: Leftovers
|upkeep
|turn|5
|inactive|genlight has 120 seconds left.
|
|t:|1760347733
|move|p1a: Dragonite|Dragon Dance|p1a: Dragonite
|-boost|p1a: Dragonite|atk|1
|-boost|p1a: Dragonite|spe|1
|move|p2a: Hydrapple|Nasty Plot|p2a: Hydrapple
|-boost|p2a: Hydrapple|spa|2
|
|-heal|p1a: Dragonite|100/100|[from] item: Leftovers
|upkeep
|turn|6
|
|t:|1760347739
|move|p1a: Dragonite|Tera Blast|p2a: Hydrapple|[anim] Tera Blast Fairy
|-damage|p2a: Hydrapple|42/100
|move|p2a: Hydrapple|Giga Drain|p1a: Dragonite
|-damage|p1a: Dragonite|81/100
|-heal|p2a: Hydrapple|51/100|[from] drain|[of] p1a: Dragonite
|
|-heal|p1a: Dragonite|87/100|[from] item: Leftovers
|upkeep
|turn|7
|
|t:|1760347745
|move|p1a: Dragonite|Tera Blast|p2a: Hydrapple|[anim] Tera Blast Fairy
|-damage|p2a: Hydrapple|0 fnt
|faint|p2a: Hydrapple
|
|-heal|p1a: Dragonite|93/100|[from] item: Leftovers
|upkeep
|
|t:|1760347749
|switch|p2a: Tyranitar|Tyranitar, F|100/100
|-weather|Sandstorm|[from] ability: Sand Stream|[of] p2a: Tyranitar
|turn|8
|
|t:|1760347754
|switch|p2a: Keldeo|Keldeo-Resolute|2/100
|move|p1a: Dragonite|Earthquake|p2a: Keldeo
|-damage|p2a: Keldeo|0 fnt
|faint|p2a: Keldeo
|
|-weather|Sandstorm|[upkeep]
|-damage|p1a: Dragonite|87/100|[from] Sandstorm
|-heal|p1a: Dragonite|93/100|[from] item: Leftovers
|upkeep
|
|t:|1760347757
|switch|p2a: Excadrill|Excadrill, F|100/100
|-item|p2a: Excadrill|Air Balloon
|turn|9
|
|t:|1760347777
|move|p1a: Dragonite|Tera Blast|p2a: Excadrill|[anim] Tera Blast Fairy
|-resisted|p2a: Excadrill
|-damage|p2a: Excadrill|26/100
|-enditem|p2a: Excadrill|Air Balloon
|move|p2a: Excadrill|Iron Head|p1a: Dragonite
|-supereffective|p1a: Dragonite
|-damage|p1a: Dragonite|4/100
|
|-weather|Sandstorm|[upkeep]
|-damage|p1a: Dragonite|0 fnt|[from] Sandstorm
|faint|p1a: Dragonite
|upkeep
|
|t:|1760347792
|switch|p1a: Gholdengo|Gholdengo|100/100
|-item|p1a: Gholdengo|Air Balloon
|turn|10
|
|t:|1760347799
|switch|p2a: Heatran|Heatran, F|100/100
|move|p1a: Gholdengo|Shadow Ball|p2a: Heatran
|-damage|p2a: Heatran|77/100
|
|-weather|Sandstorm|[upkeep]
|-heal|p2a: Heatran|83/100|[from] item: Leftovers
|upkeep
|turn|11
|
|t:|1760347807
|switch|p1a: Glimmora|Glimmora, M|100/100
|move|p2a: Heatran|Magma Storm|p1a: Glimmora
|-resisted|p1a: Glimmora
|-damage|p1a: Glimmora|82/100
|-activate|p1a: Glimmora|move: Magma Storm|[of] p2a: Heatran
|
|-weather|Sandstorm|[upkeep]
|-heal|p2a: Heatran|89/100|[from] item: Leftovers
|-damage|p1a: Glimmora|70/100|[from] move: Magma Storm|[partiallytrapped]
|upkeep
|turn|12
|
|t:|1760347815
|move|p1a: Glimmora|Meteor Beam||[still]
|-prepare|p1a: Glimmora|Meteor Beam
|-boost|p1a: Glimmora|spa|1
|-enditem|p1a: Glimmora|Power Herb
|-anim|p1a: Glimmora|Meteor Beam|p2a: Heatran
|-damage|p2a: Heatran|33/100
|move|p2a: Heatran|Earth Power|p1a: Glimmora
|-supereffective|p1a: Glimmora
|-damage|p1a: Glimmora|0 fnt
|faint|p1a: Glimmora
|
|-weather|none
|-heal|p2a: Heatran|39/100|[from] item: Leftovers
|upkeep
|
|t:|1760347823
|switch|p1a: Iron Treads|Iron Treads|100/100
|turn|13
|
|t:|1760347830
|switch|p2a: Tornadus|Tornadus-Therian, M|100/100
|move|p1a: Iron Treads|Earthquake|p2a: Tornadus
|-immune|p2a: Tornadus
|
|upkeep
|turn|14
|
|t:|1760347837
|move|p2a: Tornadus|U-turn|p1a: Iron Treads
|-resisted|p1a: Iron Treads
|-damage|p1a: Iron Treads|94/100
|
|t:|1760347839
|switch|p2a: Excadrill|Excadrill, F|26/100|[from] U-turn
|move|p1a: Iron Treads|Stealth Rock|p2a: Excadrill
|-sidestart|p2: genlight|move: Stealth Rock
|
|-heal|p1a: Iron Treads|100/100|[from] item: Leftovers
|upkeep
|turn|15
|
|t:|1760347847
|switch|p2a: Tornadus|Tornadus-Therian, M|100/100
|-end|p1a: Iron Treads|Quark Drive|[silent]
|switch|p1a: Gholdengo|Gholdengo|100/100
|-item|p1a: Gholdengo|Air Balloon
|
|upkeep
|turn|16
|
|t:|1760347857
|move|p2a: Tornadus|Heat Wave|p1a: Gholdengo
|-supereffective|p1a: Gholdengo
|-damage|p1a: Gholdengo|56/100
|-enditem|p1a: Gholdengo|Air Balloon
|move|p1a: Gholdengo|Make It Rain|p2a: Tornadus
|-damage|p2a: Tornadus|50/100
|-unboost|p1a: Gholdengo|spa|1
|
|upkeep
|turn|17
|inactive|bleake island has 120 seconds left.
|
|t:|1760347888
|switch|p1a: Iron Treads|Iron Treads|100/100
|move|p2a: Tornadus|U-turn|p1a: Iron Treads
|-resisted|p1a: Iron Treads
|-damage|p1a: Iron Treads|95/100
|
|t:|1760347901
|switch|p2a: Tyranitar|Tyranitar, F|100/100|[from] U-turn
|-damage|p2a: Tyranitar|88/100|[from] Stealth Rock
|-weather|Sandstorm|[from] ability: Sand Stream|[of] p2a: Tyranitar
|
|-weather|Sandstorm|[upkeep]
|-heal|p1a: Iron Treads|100/100|[from] item: Leftovers
|upkeep
|turn|18
|
|t:|1760347910
|switch|p2a: Tornadus|Tornadus-Therian, M|83/100
|move|p1a: Iron Treads|Earthquake|p2a: Tornadus
|-immune|p2a: Tornadus
|
|-weather|Sandstorm|[upkeep]
|-damage|p2a: Tornadus|77/100|[from] Sandstorm
|upkeep
|turn|19
|
|t:|1760347920
|move|p2a: Tornadus|Heat Wave|p1a: Iron Treads
|-supereffective|p1a: Iron Treads
|-damage|p1a: Iron Treads|66/100
|move|p1a: Iron Treads|Knock Off|p2a: Tornadus
|-damage|p2a: Tornadus|51/100
|-enditem|p2a: Tornadus|Heavy-Duty Boots|[from] move: Knock Off|[of] p1a: Iron Treads
|
|-weather|Sandstorm|[upkeep]
|-damage|p2a: Tornadus|45/100|[from] Sandstorm
|-heal|p1a: Iron Treads|72/100|[from] item: Leftovers
|upkeep
|turn|20
|
|t:|1760347930
|-end|p1a: Iron Treads|Quark Drive|[silent]
|switch|p1a: Braviary|Braviary-Hisui, M|100/100
|move|p2a: Tornadus|Heat Wave|p1a: Braviary
|-damage|p1a: Braviary|69/100
|
|-weather|Sandstorm|[upkeep]
|-damage|p2a: Tornadus|38/100|[from] Sandstorm
|-damage|p1a: Braviary|63/100|[from] Sandstorm
|upkeep
|turn|21
|
|t:|1760347944
|move|p2a: Tornadus|U-turn|p1a: Braviary
|-damage|p1a: Braviary|44/100
|
|t:|1760347947
|switch|p2a: Heatran|Heatran, F|39/100|[from] U-turn
|-damage|p2a: Heatran|26/100|[from] Stealth Rock
|move|p1a: Braviary|Hurricane|p2a: Heatran|[miss]
|-miss|p1a: Braviary|p2a: Heatran
|
|-weather|none
|-heal|p2a: Heatran|33/100|[from] item: Leftovers
|upkeep
|turn|22
|
|t:|1760347955
|move|p1a: Braviary|Hurricane|p2a: Heatran|[miss]
|-miss|p1a: Braviary|p2a: Heatran
|move|p2a: Heatran|Magma Storm|p1a: Braviary|[miss]
|-miss|p2a: Heatran|p1a: Braviary
|
|-heal|p2a: Heatran|39/100|[from] item: Leftovers
|upkeep
|turn|23
|
|t:|1760347959
|move|p1a: Braviary|Hurricane|p2a: Heatran
|-resisted|p2a: Heatran
|-damage|p2a: Heatran|11/100
|move|p2a: Heatran|Magma Storm|p1a: Braviary
|-damage|p1a: Braviary|0 fnt
|faint|p1a: Braviary
|
|-heal|p2a: Heatran|17/100|[from] item: Leftovers
|upkeep
|
|t:|1760347963
|switch|p1a: Iron Treads|Iron Treads|72/100
|turn|24
|
|t:|1760347967
|move|p1a: Iron Treads|Earthquake|p2a: Heatran
|-supereffective|p2a: Heatran
|-damage|p2a: Heatran|0 fnt
|faint|p2a: Heatran
|
|-heal|p1a: Iron Treads|78/100|[from] item: Leftovers
|upkeep
|
|t:|1760347969
|switch|p2a: Tyranitar|Tyranitar, F|88/100
|-damage|p2a: Tyranitar|76/100|[from] Stealth Rock
|-weather|Sandstorm|[from] ability: Sand Stream|[of] p2a: Tyranitar
|turn|25
|
|t:|1760347974
|move|p1a: Iron Treads|Earthquake|p2a: Tyranitar
|-supereffective|p2a: Tyranitar
|-damage|p2a: Tyranitar|3/100
|move|p2a: Tyranitar|Knock Off|p1a: Iron Treads
|-damage|p1a: Iron Treads|15/100
|-enditem|p1a: Iron Treads|Leftovers|[from] move: Knock Off|[of] p2a: Tyranitar
|
|-weather|Sandstorm|[upkeep]
|upkeep
|turn|26
|
|t:|1760347980
|move|p1a: Iron Treads|Rapid Spin|p2a: Tyranitar
|-resisted|p2a: Tyranitar
|-damage|p2a: Tyranitar|0 fnt
|-boost|p1a: Iron Treads|spe|1
|faint|p2a: Tyranitar
|
|-weather|Sandstorm|[upkeep]
|upkeep
|
|t:|1760347983
|switch|p2a: Excadrill|Excadrill, F|26/100
|-damage|p2a: Excadrill|23/100|[from] Stealth Rock
|turn|27
|
|t:|1760347987
|move|p2a: Excadrill|Earthquake|p1a: Iron Treads
|-supereffective|p1a: Iron Treads
|-damage|p1a: Iron Treads|0 fnt
|faint|p1a: Iron Treads
|-end|p1a: Iron Treads|Quark Drive|[silent]
|
|-weather|Sandstorm|[upkeep]
|upkeep
|
|t:|1760347989
|switch|p1a: Gholdengo|Gholdengo|56/100
|turn|28
|c|☆bleake island|gg
|
|t:|1760347992
|move|p2a: Excadrill|Earthquake|p1a: Gholdengo
|-supereffective|p1a: Gholdengo
|-crit|p1a: Gholdengo
|-damage|p1a: Gholdengo|0 fnt
|faint|p1a: Gholdengo
|
|win|genlight
|raw|bleake island's rating: 1407 &rarr; <strong>1386</strong><br />(-21 for losing)
|raw|genlight's rating: 1394 &rarr; <strong>1415</strong><br />(+21 for winning)
|c|☆genlight|gg
|l|☆bleake island
|player|p1|
|l|☆genlight
|player|p2|
