|j|☆grndgrnd
|j|☆endavort123
|t:|1760342902
|gametype|singles
|player|p1|grndgrnd|170|1239
|player|p2|endavort123|chuck|1212
|gen|9
|tier|[Gen 9] OU
|rated|
|rule|HP Percentage Mod: HP is shown in percentages
|rule|Endless Battle Clause: Forcing endless battles is banned
|rule|Species Clause: Limit one of each Pokémon
|rule|OHKO Clause: OHKO moves are banned
|rule|Evasion Items Clause: Evasion items are banned
|rule|Evasion Moves Clause: Evasion moves are banned
|rule|Evasion Abilities Clause: Evasion abilities are banned
|rule|Sleep Moves Clause: Sleep-inducing moves are banned
|clearpoke
|poke|p1|Masquerain, F|
|poke|p1|Scizor, F|
|poke|p1|Alomomola, F|
|poke|p1|Gyarados, F|
|poke|p1|Raichu, F|
|poke|p1|Weezing-Galar, M|
|poke|p2|Thundurus-Therian, M|
|poke|p2|Goodra-Hisui, F|
|poke|p2|Cinderace, F|
|poke|p2|Landorus-Therian, M|
|poke|p2|Iron Valiant|
|poke|p2|Kingambit, F|
|teampreview
|
|t:|1760342911
|teamsize|p1|6
|teamsize|p2|6
|start
|switch|p1a: Raichu|Raichu, F|100/100
|switch|p2a: Thundurus|Thundurus-Therian, M|100/100
|turn|1
|
|t:|1760342919
|switch|p2a: Landorus|Landorus-Therian, M|100/100
|-ability|p2a: Landorus|Intimidate|boost
|-unboost|p1a: Raichu|atk|1
|-singleturn|p1a: Raichu|move: Focus Punch
|move|p1a: Raichu|Focus Punch|p2a: Landorus
|-resisted|p2a: Landorus
|-damage|p2a: Landorus|89/100
|-damage|p1a: Raichu|84/100|[from] item: Rocky Helmet|[of] p2a: Landorus
|-damage|p1a: Raichu|74/100|[from] item: Life Orb
|
|upkeep
|turn|2
|
|t:|1760342932
|switch|p1a: Masquerain|Masquerain, F|100/100
|-ability|p1a: Masquerain|Intimidate|boost
|-unboost|p2a: Landorus|atk|1
|move|p2a: Landorus|Stealth Rock|p1a: Masquerain
|-sidestart|p1: grndgrnd|move: Stealth Rock
|
|upkeep
|turn|3
|
|t:|1760342941
|move|p1a: Masquerain|Sticky Web|p2a: Landorus
|-sidestart|p2: endavort123|move: Sticky Web
|move|p2a: Landorus|U-turn|p1a: Masquerain
|-resisted|p1a: Masquerain
|-damage|p1a: Masquerain|86/100
|
|t:|1760342946
|switch|p2a: Thundurus|Thundurus-Therian, M|100/100|[from] U-turn
|
|upkeep
|turn|4
|
|t:|1760342955
|switch|p1a: Raichu|Raichu, F|74/100
|-damage|p1a: Raichu|62/100|[from] Stealth Rock
|-terastallize|p2a: Thundurus|Flying
|move|p2a: Thundurus|Tera Blast|p1a: Raichu|[anim] Tera Blast Flying
|-resisted|p1a: Raichu
|-crit|p1a: Raichu
|-damage|p1a: Raichu|0 fnt
|faint|p1a: Raichu
|
|upkeep
|
|t:|1760342973
|switch|p1a: Gyarados|Gyarados, F|100/100
|turn|5
|
|t:|1760342984
|-terastallize|p1a: Gyarados|Electric
|move|p2a: Thundurus|Tera Blast|p1a: Gyarados|[anim] Tera Blast Flying
|-resisted|p1a: Gyarados
|-damage|p1a: Gyarados|46/100
|move|p1a: Gyarados|Dragon Dance|p1a: Gyarados
|-boost|p1a: Gyarados|atk|1
|-boost|p1a: Gyarados|spe|1
|
|upkeep
|turn|6
|
|t:|1760342996
|move|p1a: Gyarados|Ice Fang|p2a: Thundurus
|-supereffective|p2a: Thundurus
|-damage|p2a: Thundurus|0 fnt
|faint|p2a: Thundurus
|-ability|p1a: Gyarados|Moxie|boost
|-boost|p1a: Gyarados|atk|1
|
|upkeep
|
|t:|1760342999
|switch|p2a: Landorus|Landorus-Therian, M|89/100
|-ability|p2a: Landorus|Intimidate|boost
|-unboost|p1a: Gyarados|atk|1
|turn|7
|
|t:|1760343007
|move|p1a: Gyarados|Ice Fang|p2a: Landorus
|-supereffective|p2a: Landorus
|-damage|p2a: Landorus|0 fnt
|-damage|p1a: Gyarados|30/100|[from] item: Rocky Helmet|[of] p2a: Landorus
|faint|p2a: Landorus
|-ability|p1a: Gyarados|Moxie|boost
|-boost|p1a: Gyarados|atk|1
|
|upkeep
|
|t:|1760343010
|switch|p2a: Goodra|Goodra-Hisui, F|100/100
|-activate|p2a: Goodra|move: Sticky Web
|-unboost|p2a: Goodra|spe|1
|turn|8
|
|t:|1760343016
|move|p1a: Gyarados|Earthquake|p2a: Goodra
|-supereffective|p2a: Goodra
|-damage|p2a: Goodra|0 fnt
|faint|p2a: Goodra
|-ability|p1a: Gyarados|Moxie|boost
|-boost|p1a: Gyarados|atk|1
|
|upkeep
|
|t:|1760343020
|switch|p2a: Kingambit|Kingambit, F|100/100
|-activate|p2a: Kingambit|ability: Supreme Overlord
|-start|p2a: Kingambit|fallen3|[silent]
|-item|p2a: Kingambit|Air Balloon
|turn|9
|
|t:|1760343032
|move|p2a: Kingambit|Sucker Punch||[still]
|-fail|p2a: Kingambit
|move|p1a: Gyarados|Dragon Dance|p1a: Gyarados
|-boost|p1a: Gyarados|atk|1
|-boost|p1a: Gyarados|spe|1
|
|upkeep
|turn|10
|
|t:|1760343046
|move|p2a: Kingambit|Sucker Punch||[still]
|-fail|p2a: Kingambit
|move|p1a: Gyarados|Dragon Dance|p1a: Gyarados
|-boost|p1a: Gyarados|atk|1
|-boost|p1a: Gyarados|spe|1
|
|upkeep
|turn|11
|
|t:|1760343061
|move|p2a: Kingambit|Sucker Punch|p1a: Gyarados
|-damage|p1a: Gyarados|0 fnt
|faint|p1a: Gyarados
|
|upkeep
|
|t:|1760343078
|switch|p1a: Scizor|Scizor, F|100/100
|-damage|p1a: Scizor|88/100|[from] Stealth Rock
|turn|12
|
|t:|1760343085
|-end|p2a: Kingambit|fallen3|[silent]
|switch|p2a: Cinderace|Cinderace, F|100/100
|move|p1a: Scizor|Swords Dance|p1a: Scizor
|-boost|p1a: Scizor|atk|2
|
|upkeep
|turn|13
|
|t:|1760343089
|move|p1a: Scizor|Bullet Punch|p2a: Cinderace
|-resisted|p2a: Cinderace
|-damage|p2a: Cinderace|62/100
|move|p2a: Cinderace|Pyro Ball|p1a: Scizor
|-supereffective|p1a: Scizor
|-crit|p1a: Scizor
|-damage|p1a: Scizor|0 fnt
|faint|p1a: Scizor
|
|upkeep
|
|t:|1760343093
|switch|p1a: Alomomola|Alomomola, F|100/100
|-damage|p1a: Alomomola|88/100|[from] Stealth Rock
|turn|14
|
|t:|1760343097
|move|p2a: Cinderace|U-turn|p1a: Alomomola
|-damage|p1a: Alomomola|78/100
|-damage|p2a: Cinderace|45/100|[from] item: Rocky Helmet|[of] p1a: Alomomola
|
|t:|1760343102
|switch|p2a: Iron Valiant|Iron Valiant|100/100|[from] U-turn
|-activate|p2a: Iron Valiant|move: Sticky Web
|-unboost|p2a: Iron Valiant|spe|1
|-enditem|p2a: Iron Valiant|Booster Energy
|-activate|p2a: Iron Valiant|ability: Quark Drive|[fromitem]
|-start|p2a: Iron Valiant|quarkdriveatk
|move|p1a: Alomomola|Scald|p2a: Iron Valiant
|-damage|p2a: Iron Valiant|77/100
|-status|p2a: Iron Valiant|brn
|
|-damage|p2a: Iron Valiant|70/100 brn|[from] brn
|upkeep
|turn|15
|
|t:|1760343114
|move|p2a: Iron Valiant|Swords Dance|p2a: Iron Valiant
|-boost|p2a: Iron Valiant|atk|2
|move|p1a: Alomomola|Wish|p1a: Alomomola
|
|-damage|p2a: Iron Valiant|64/100 brn|[from] brn
|upkeep
|turn|16
|c|☆endavort123|what a predict actually
|
|t:|1760343127
|move|p2a: Iron Valiant|Encore|p1a: Alomomola
|-start|p1a: Alomomola|Encore
|move|p1a: Alomomola|Wish||[still]
|-fail|p1a: Alomomola
|
|-heal|p1a: Alomomola|100/100|[from] move: Wish|[wisher] Alomomola
|-damage|p2a: Iron Valiant|58/100 brn|[from] brn
|upkeep
|turn|17
|
|t:|1760343131
|switch|p1a: Masquerain|Masquerain, F|86/100
|-damage|p1a: Masquerain|36/100|[from] Stealth Rock
|-ability|p1a: Masquerain|Intimidate|boost
|-unboost|p2a: Iron Valiant|atk|1
|move|p2a: Iron Valiant|Knock Off|p1a: Masquerain
|-damage|p1a: Masquerain|0 fnt
|-enditem|p1a: Masquerain|Focus Sash|[from] move: Knock Off|[of] p2a: Iron Valiant
|faint|p1a: Masquerain
|
|-damage|p2a: Iron Valiant|52/100 brn|[from] brn
|upkeep
|
|t:|1760343136
|switch|p1a: Weezing|Weezing-Galar, M|100/100
|-damage|p1a: Weezing|88/100|[from] Stealth Rock
|turn|18
|
|t:|1760343144
|move|p2a: Iron Valiant|Knock Off|p1a: Weezing
|-resisted|p1a: Weezing
|-damage|p1a: Weezing|75/100
|-enditem|p1a: Weezing|Wide Lens|[from] move: Knock Off|[of] p2a: Iron Valiant
|move|p1a: Weezing|Strange Steam|p2a: Iron Valiant
|-supereffective|p2a: Iron Valiant
|-crit|p2a: Iron Valiant
|-damage|p2a: Iron Valiant|0 fnt
|faint|p2a: Iron Valiant
|-end|p2a: Iron Valiant|Quark Drive|[silent]
|
|upkeep
|
|t:|1760343150
|switch|p2a: Cinderace|Cinderace, F|45/100
|turn|19
|
|t:|1760343156
|move|p2a: Cinderace|Pyro Ball|p1a: Weezing
|-damage|p1a: Weezing|35/100
|move|p1a: Weezing|Strange Steam|p2a: Cinderace
|-resisted|p2a: Cinderace
|-damage|p2a: Cinderace|22/100
|-start|p2a: Cinderace|confusion
|
|upkeep
|turn|20
|
|t:|1760343168
|switch|p1a: Alomomola|Alomomola, F|100/100
|-damage|p1a: Alomomola|88/100|[from] Stealth Rock
|-activate|p2a: Cinderace|confusion
|move|p2a: Cinderace|Pyro Ball|p1a: Alomomola
|-resisted|p1a: Alomomola
|-damage|p1a: Alomomola|69/100
|
|upkeep
|turn|21
|
|t:|1760343177
|-end|p2a: Cinderace|confusion
|move|p2a: Cinderace|Pyro Ball|p1a: Alomomola
|-resisted|p1a: Alomomola
|-damage|p1a: Alomomola|49/100
|move|p1a: Alomomola|Scald|p2a: Cinderace
|-supereffective|p2a: Cinderace
|-damage|p2a: Cinderace|0 fnt
|faint|p2a: Cinderace
|
|upkeep
|
|t:|1760343184
|switch|p2a: Kingambit|Kingambit, F|100/100
|-activate|p2a: Kingambit|ability: Supreme Overlord
|-start|p2a: Kingambit|fallen5|[silent]
|-item|p2a: Kingambit|Air Balloon
|turn|22
|
|t:|1760343190
|move|p2a: Kingambit|Swords Dance|p2a: Kingambit
|-boost|p2a: Kingambit|atk|2
|move|p1a: Alomomola|Scald|p2a: Kingambit
|-damage|p2a: Kingambit|85/100
|-enditem|p2a: Kingambit|Air Balloon
|
|upkeep
|turn|23
|
|t:|1760343195
|move|p2a: Kingambit|Sucker Punch|p1a: Alomomola
|-damage|p1a: Alomomola|0 fnt
|-damage|p2a: Kingambit|69/100|[from] item: Rocky Helmet|[of] p1a: Alomomola
|faint|p1a: Alomomola
|
|upkeep
|
|t:|1760343198
|switch|p1a: Weezing|Weezing-Galar, M|35/100
|-damage|p1a: Weezing|23/100|[from] Stealth Rock
|turn|24
|
|t:|1760343202
|move|p2a: Kingambit|Sucker Punch|p1a: Weezing
|-resisted|p1a: Weezing
|-damage|p1a: Weezing|0 fnt
|faint|p1a: Weezing
|
|win|endavort123
|raw|grndgrnd's rating: 1239 &rarr; <strong>1212</strong><br />(-27 for losing)
|raw|endavort123's rating: 1212 &rarr; <strong>1239</strong><br />(+27 for winning)
|c|☆endavort123|gg
|l|☆grndgrnd
|player|p1|
|l|☆endavort123
|player|p2|
