|j|☆javiconb
|j|☆Darkgorim
|t:|1760302399
|gametype|singles
|player|p1|javiconb|170|1367
|player|p2|Darkgorim|169|1333
|gen|9
|tier|[Gen 9] OU
|rated|
|rule|HP Percentage Mod: HP is shown in percentages
|rule|Endless Battle Clause: Forcing endless battles is banned
|rule|Species Clause: Limit one of each Pokémon
|rule|OHKO Clause: OHKO moves are banned
|rule|Evasion Items Clause: Evasion items are banned
|rule|Evasion Moves Clause: Evasion moves are banned
|rule|Evasion Abilities Clause: Evasion abilities are banned
|rule|Sleep Moves Clause: Sleep-inducing moves are banned
|clearpoke
|poke|p1|Rabsca, F|
|poke|p1|Slowking-Galar, M|
|poke|p1|Ursaluna, F|
|poke|p1|Azumarill, M|
|poke|p1|Mimikyu, F|
|poke|p1|Kingambit, F|
|poke|p2|Tyranitar, M|
|poke|p2|Garchomp, F|
|poke|p2|Weezing, M|
|poke|p2|Excadrill, F|
|poke|p2|Sylveon, M|
|poke|p2|Walking Wake|
|teampreview
|
|t:|1760302431
|teamsize|p1|6
|teamsize|p2|6
|start
|switch|p1a: Azumarill|Azumarill, M|100/100
|switch|p2a: Walking Wake|Walking Wake|100/100
|turn|1
|inactive|Battle timer is ON: inactive players will automatically lose when time's up. (requested by Darkgorim)
|l|☆Darkgorim
|inactive|Darkgorim disconnected and has a minute to reconnect!
|player|p2|
|inactive|javiconb has 120 seconds left.
|j|☆Darkgorim
|inactive|Darkgorim reconnected.
|player|p2|Darkgorim|169|
|inactive|javiconb has 90 seconds left.
|inactive|javiconb has 60 seconds left.
|
|t:|1760302592
|move|p2a: Walking Wake|Flip Turn|p1a: Azumarill
|-resisted|p1a: Azumarill
|-damage|p1a: Azumarill|93/100
|
|t:|1760302596
|-end|p2a: Walking Wake|Protosynthesis|[silent]
|switch|p2a: Weezing|Weezing, M|100/100|[from] Flip Turn
|move|p1a: Azumarill|Knock Off|p2a: Weezing
|-damage|p2a: Weezing|72/100
|-enditem|p2a: Weezing|Black Sludge|[from] move: Knock Off|[of] p1a: Azumarill
|
|upkeep
|turn|2
|inactive|javiconb has 120 seconds left.
|
|t:|1760302607
|switch|p1a: Slowking|Slowking-Galar, M|100/100
|move|p2a: Weezing|Toxic|p1a: Slowking
|-immune|p1a: Slowking
|
|upkeep
|turn|3
|
|t:|1760302616
|switch|p2a: Tyranitar|Tyranitar, M|100/100
|-weather|Sandstorm|[from] ability: Sand Stream|[of] p2a: Tyranitar
|move|p1a: Slowking|Trick Room|p1a: Slowking
|-fieldstart|move: Trick Room|[of] p1a: Slowking
|
|-weather|Sandstorm|[upkeep]
|-damage|p1a: Slowking|94/100|[from] Sandstorm
|upkeep
|turn|4
|
|t:|1760302632
|switch|p1a: Ursaluna|Ursaluna, F|100/100
|move|p2a: Tyranitar|Earthquake|p1a: Ursaluna
|-damage|p1a: Ursaluna|74/100
|
|-weather|Sandstorm|[upkeep]
|-status|p1a: Ursaluna|brn|[from] item: Flame Orb
|upkeep
|turn|5
|inactive|javiconb has 120 seconds left.
|
|t:|1760302665
|switch|p2a: Sylveon|Sylveon, M|100/100
|move|p1a: Ursaluna|Headlong Rush|p2a: Sylveon
|-damage|p2a: Sylveon|0 fnt
|-unboost|p1a: Ursaluna|def|1
|-unboost|p1a: Ursaluna|spd|1
|faint|p2a: Sylveon
|
|-weather|Sandstorm|[upkeep]
|-damage|p1a: Ursaluna|67/100 brn|[from] brn
|upkeep
|inactive|Darkgorim has 120 seconds left.
|
|t:|1760302683
|switch|p2a: Weezing|Weezing, M|72/100
|turn|6
|
|t:|1760302692
|move|p1a: Ursaluna|Facade|p2a: Weezing
|-damage|p2a: Weezing|0 fnt
|faint|p2a: Weezing
|
|-weather|Sandstorm|[upkeep]
|-damage|p1a: Ursaluna|61/100 brn|[from] brn
|upkeep
|inactive|Darkgorim has 120 seconds left.
|
|t:|1760302710
|switch|p2a: Garchomp|Garchomp, F|100/100
|turn|7
|inactive|Darkgorim has 120 seconds left.
|
|t:|1760302720
|switch|p2a: Walking Wake|Walking Wake|100/100
|-terastallize|p1a: Ursaluna|Normal
|move|p1a: Ursaluna|Facade|p2a: Walking Wake
|-damage|p2a: Walking Wake|0 fnt
|faint|p2a: Walking Wake
|-end|p2a: Walking Wake|Protosynthesis|[silent]
|
|-weather|none
|-damage|p1a: Ursaluna|55/100 brn|[from] brn
|-fieldend|move: Trick Room
|upkeep
|inactive|Darkgorim has 120 seconds left.
|
|t:|1760302735
|switch|p2a: Garchomp|Garchomp, F|100/100
|turn|8
|
|t:|1760302747
|switch|p1a: Azumarill|Azumarill, M|93/100
|move|p2a: Garchomp|Earthquake|p1a: Azumarill
|-damage|p1a: Azumarill|18/100
|-damage|p2a: Garchomp|91/100|[from] item: Life Orb
|
|upkeep
|turn|9
|inactive|Darkgorim has 120 seconds left.
|
|t:|1760302757
|move|p1a: Azumarill|Aqua Jet|p2a: Garchomp
|-damage|p2a: Garchomp|67/100
|-damage|p1a: Azumarill|6/100|[from] ability: Rough Skin|[of] p2a: Garchomp
|move|p2a: Garchomp|Earthquake|p1a: Azumarill
|-damage|p1a: Azumarill|0 fnt
|faint|p1a: Azumarill
|-damage|p2a: Garchomp|57/100|[from] item: Life Orb
|
|upkeep
|
|t:|1760302766
|switch|p1a: Rabsca|Rabsca, F|100/100
|turn|10
|
|t:|1760302772
|switch|p2a: Tyranitar|Tyranitar, M|100/100
|-weather|Sandstorm|[from] ability: Sand Stream|[of] p2a: Tyranitar
|move|p1a: Rabsca|Trick Room|p1a: Rabsca
|-fieldstart|move: Trick Room|[of] p1a: Rabsca
|
|-weather|Sandstorm|[upkeep]
|-damage|p1a: Rabsca|94/100|[from] Sandstorm
|upkeep
|turn|11
|
|t:|1760302795
|switch|p1a: Kingambit|Kingambit, F|100/100
|-activate|p1a: Kingambit|ability: Supreme Overlord
|-start|p1a: Kingambit|fallen1|[silent]
|move|p2a: Tyranitar|Crunch|p1a: Kingambit
|-resisted|p1a: Kingambit
|-damage|p1a: Kingambit|84/100
|
|-weather|Sandstorm|[upkeep]
|upkeep
|turn|12
|
|t:|1760302806
|move|p1a: Kingambit|Iron Head|p2a: Tyranitar
|-supereffective|p2a: Tyranitar
|-damage|p2a: Tyranitar|20/100
|cant|p2a: Tyranitar|flinch
|
|-weather|Sandstorm|[upkeep]
|upkeep
|turn|13
|
|t:|1760302814
|move|p1a: Kingambit|Kowtow Cleave|p2a: Tyranitar
|-resisted|p2a: Tyranitar
|-damage|p2a: Tyranitar|0 fnt
|faint|p2a: Tyranitar
|
|-weather|Sandstorm|[upkeep]
|upkeep
|
|t:|1760302824
|switch|p2a: Garchomp|Garchomp, F|57/100
|turn|14
|
|t:|1760302832
|move|p1a: Kingambit|Kowtow Cleave|p2a: Garchomp
|-damage|p2a: Garchomp|0 fnt
|-damage|p1a: Kingambit|71/100|[from] ability: Rough Skin|[of] p2a: Garchomp
|faint|p2a: Garchomp
|
|-weather|none
|-fieldend|move: Trick Room
|upkeep
|
|t:|1760302840
|switch|p2a: Excadrill|Excadrill, F|100/100
|turn|15
|
|t:|1760302848
|move|p2a: Excadrill|Earthquake|p1a: Kingambit
|-supereffective|p1a: Kingambit
|-damage|p1a: Kingambit|0 fnt
|faint|p1a: Kingambit
|-end|p1a: Kingambit|fallen1|[silent]
|-damage|p2a: Excadrill|91/100|[from] item: Life Orb
|
|upkeep
|
|t:|1760302857
|switch|p1a: Mimikyu|Mimikyu, F|100/100
|turn|16
|
|t:|1760302862
|move|p2a: Excadrill|Iron Head|p1a: Mimikyu
|-activate|p1a: Mimikyu|ability: Disguise
|-damage|p1a: Mimikyu|100/100
|detailschange|p1a: Mimikyu|Mimikyu-Busted, F
|-damage|p1a: Mimikyu|88/100|[from] pokemon: Mimikyu-Busted
|-damage|p2a: Excadrill|81/100|[from] item: Life Orb
|move|p1a: Mimikyu|Trick Room|p1a: Mimikyu
|-fieldstart|move: Trick Room|[of] p1a: Mimikyu
|
|upkeep
|turn|17
|
|t:|1760302871
|move|p1a: Mimikyu|Destiny Bond|p1a: Mimikyu
|-singlemove|p1a: Mimikyu|Destiny Bond
|move|p2a: Excadrill|Swords Dance|p2a: Excadrill
|-boost|p2a: Excadrill|atk|2
|
|upkeep
|turn|18
|
|t:|1760302883
|move|p1a: Mimikyu|Curse|p2a: Excadrill
|-start|p2a: Excadrill|Curse|[of] p1a: Mimikyu
|-damage|p1a: Mimikyu|38/100
|move|p2a: Excadrill|Earthquake|p1a: Mimikyu
|-damage|p1a: Mimikyu|0 fnt
|faint|p1a: Mimikyu
|-damage|p2a: Excadrill|71/100|[from] item: Life Orb
|
|-damage|p2a: Excadrill|46/100|[from] Curse
|upkeep
|
|t:|1760302889
|switch|p1a: Ursaluna|Ursaluna, F, tera:Normal|55/100 brn
|turn|19
|
|t:|1760302897
|move|p1a: Ursaluna|Facade|p2a: Excadrill
|-resisted|p2a: Excadrill
|-damage|p2a: Excadrill|0 fnt
|faint|p2a: Excadrill
|
|win|javiconb
|raw|javiconb's rating: 1367 &rarr; <strong>1385</strong><br />(+18 for winning)
|raw|Darkgorim's rating: 1333 &rarr; <strong>1315</strong><br />(-18 for losing)
|l|☆javiconb
|player|p1|
|l|☆Darkgorim
|player|p2|
