|j|☆BobbyAxe1
|j|☆SAVAG3Racoon
|t:|1760300761
|gametype|singles
|player|p1|BobbyAxe1|gambler|1370
|player|p2|SAVAG3Racoon|miku-ground|1398
|gen|9
|tier|[Gen 9] OU
|rated|
|rule|HP Percentage Mod: HP is shown in percentages
|rule|Endless Battle Clause: Forcing endless battles is banned
|rule|Species Clause: Limit one of each Pokémon
|rule|OHKO Clause: OHKO moves are banned
|rule|Evasion Items Clause: Evasion items are banned
|rule|Evasion Moves Clause: Evasion moves are banned
|rule|Evasion Abilities Clause: Evasion abilities are banned
|rule|Sleep Moves Clause: Sleep-inducing moves are banned
|clearpoke
|poke|p1|Vileplume, F|
|poke|p1|Tyranitar, M|
|poke|p1|Reuniclus, F|
|poke|p1|Spiritomb, F|
|poke|p1|Heracross, M|
|poke|p1|Chandelure, M|
|poke|p2|Keldeo-Resolute|
|poke|p2|Excadrill, M|
|poke|p2|Clodsire, M|
|poke|p2|Sinistcha-Masterpiece|
|poke|p2|Tyranitar, F|
|poke|p2|Kyurem|
|teampreview
|
|t:|1760300776
|teamsize|p1|6
|teamsize|p2|6
|start
|switch|p1a: Heracross|Heracross, M|100/100
|switch|p2a: Space Godzilla|Tyranitar, F|100/100
|-weather|Sandstorm|[from] ability: Sand Stream|[of] p2a: Space Godzilla
|turn|1
|
|t:|1760300785
|switch|p2a: Hedorah|Sinistcha-Masterpiece|100/100
|move|p1a: Heracross|Spikes|p2a: Hedorah
|-sidestart|p2: SAVAG3Racoon|Spikes
|
|-weather|Sandstorm|[upkeep]
|-damage|p1a: Heracross|94/100|[from] Sandstorm
|-damage|p2a: Hedorah|94/100|[from] Sandstorm
|-heal|p1a: Heracross|100/100|[from] item: Leftovers
|upkeep
|turn|2
|
|t:|1760300796
|move|p1a: Heracross|Knock Off|p2a: Hedorah
|-supereffective|p2a: Hedorah
|-damage|p2a: Hedorah|59/100
|-damage|p1a: Heracross|84/100|[from] item: Rocky Helmet|[of] p2a: Hedorah
|-enditem|p2a: Hedorah|Rocky Helmet|[from] move: Knock Off|[of] p1a: Heracross
|move|p2a: Hedorah|Shadow Ball|p1a: Heracross
|-damage|p1a: Heracross|54/100
|
|-weather|Sandstorm|[upkeep]
|-damage|p1a: Heracross|47/100|[from] Sandstorm
|-damage|p2a: Hedorah|53/100|[from] Sandstorm
|-heal|p1a: Heracross|54/100|[from] item: Leftovers
|upkeep
|turn|3
|
|t:|1760300816
|switch|p1a: Vileplume|Vileplume, F|100/100
|move|p2a: Hedorah|Strength Sap|p1a: Vileplume
|-unboost|p1a: Vileplume|atk|1
|-heal|p2a: Hedorah|95/100
|
|-weather|Sandstorm|[upkeep]
|-damage|p2a: Hedorah|89/100|[from] Sandstorm
|-damage|p1a: Vileplume|94/100|[from] Sandstorm
|-heal|p1a: Vileplume|100/100|[from] item: Black Sludge
|upkeep
|turn|4
|
|t:|1760300827
|move|p2a: Hedorah|Shadow Ball|p1a: Vileplume
|-damage|p1a: Vileplume|77/100
|move|p1a: Vileplume|Toxic|p2a: Hedorah
|-status|p2a: Hedorah|tox
|
|-weather|Sandstorm|[upkeep]
|-damage|p2a: Hedorah|83/100 tox|[from] Sandstorm
|-damage|p1a: Vileplume|71/100|[from] Sandstorm
|-heal|p1a: Vileplume|77/100|[from] item: Black Sludge
|-damage|p2a: Hedorah|77/100 tox|[from] psn
|upkeep
|turn|5
|
|t:|1760300838
|switch|p2a: Shimo|Kyurem|100/100
|-ability|p2a: Shimo|Pressure
|move|p1a: Vileplume|Sludge Bomb|p2a: Shimo
|-damage|p2a: Shimo|67/100
|
|-weather|none
|-heal|p1a: Vileplume|84/100|[from] item: Black Sludge
|upkeep
|turn|6
|
|t:|1760300850
|switch|p1a: Chandelure|Chandelure, M, shiny|100/100
|move|p2a: Shimo|Freeze-Dry|p1a: Chandelure
|-resisted|p1a: Chandelure
|-crit|p1a: Chandelure
|-damage|p1a: Chandelure|59/100
|
|upkeep
|turn|7
|
|t:|1760300859
|move|p1a: Chandelure|Shadow Ball|p2a: Shimo
|-damage|p2a: Shimo|19/100
|move|p2a: Shimo|Earth Power|p1a: Chandelure
|-supereffective|p1a: Chandelure
|-damage|p1a: Chandelure|0 fnt
|faint|p1a: Chandelure
|
|upkeep
|
|t:|1760300890
|switch|p1a: Spiritomb|Spiritomb, F|100/100
|-ability|p1a: Spiritomb|Pressure
|turn|8
|
|t:|1760300897
|move|p2a: Shimo|Draco Meteor|p1a: Spiritomb|[miss]
|-miss|p2a: Shimo|p1a: Spiritomb
|move|p1a: Spiritomb|Night Shade|p2a: Shimo
|-damage|p2a: Shimo|0 fnt
|faint|p2a: Shimo
|
|upkeep
|
|t:|1760300903
|switch|p2a: Bagaron|Clodsire, M|100/100
|-damage|p2a: Bagaron|88/100|[from] Spikes
|turn|9
|
|t:|1760300911
|switch|p1a: Vileplume|Vileplume, F|84/100
|move|p2a: Bagaron|Spikes|p1a: Vileplume
|-sidestart|p1: BobbyAxe1|Spikes
|
|-heal|p1a: Vileplume|90/100|[from] item: Black Sludge
|-heal|p2a: Bagaron|94/100|[from] item: Leftovers
|upkeep
|turn|10
|
|t:|1760300920
|move|p1a: Vileplume|Leech Seed|p2a: Bagaron|[miss]
|-miss|p1a: Vileplume|p2a: Bagaron
|move|p2a: Bagaron|Spikes|p1a: Vileplume
|-sidestart|p1: BobbyAxe1|Spikes
|
|-heal|p1a: Vileplume|96/100|[from] item: Black Sludge
|-heal|p2a: Bagaron|100/100|[from] item: Leftovers
|upkeep
|turn|11
|
|t:|1760300928
|move|p1a: Vileplume|Leech Seed|p2a: Bagaron
|-start|p2a: Bagaron|move: Leech Seed
|move|p2a: Bagaron|High Horsepower|p1a: Vileplume
|-damage|p1a: Vileplume|69/100
|-status|p2a: Bagaron|slp|[from] ability: Effect Spore|[of] p1a: Vileplume
|
|-heal|p1a: Vileplume|76/100|[from] item: Black Sludge
|-damage|p2a: Bagaron|88/100 slp|[from] Leech Seed|[of] p1a: Vileplume
|-heal|p1a: Vileplume|90/100|[silent]
|upkeep
|turn|12
|
|t:|1760300940
|switch|p1a: Heracross|Heracross, M|54/100
|-damage|p1a: Heracross|37/100|[from] Spikes
|cant|p2a: Bagaron|slp
|
|-heal|p1a: Heracross|43/100|[from] item: Leftovers
|-heal|p2a: Bagaron|94/100 slp|[from] item: Leftovers
|-damage|p2a: Bagaron|82/100 slp|[from] Leech Seed|[of] p1a: Heracross
|-heal|p1a: Heracross|57/100|[silent]
|upkeep
|turn|13
|
|t:|1760300950
|switch|p2a: Hedorah|Sinistcha-Masterpiece|77/100 tox
|-damage|p2a: Hedorah|65/100 tox|[from] Spikes
|move|p1a: Heracross|Spikes|p2a: Hedorah
|-sidestart|p2: SAVAG3Racoon|Spikes
|
|-heal|p1a: Heracross|63/100|[from] item: Leftovers
|-damage|p2a: Hedorah|59/100 tox|[from] psn
|upkeep
|turn|14
|
|t:|1760300965
|move|p1a: Heracross|Lunge|p2a: Hedorah
|-damage|p2a: Hedorah|36/100 tox
|-unboost|p2a: Hedorah|atk|1
|move|p2a: Hedorah|Strength Sap|p1a: Heracross
|-unboost|p1a: Heracross|atk|1
|-heal|p2a: Hedorah|100/100 tox
|
|-heal|p1a: Heracross|69/100|[from] item: Leftovers
|-damage|p2a: Hedorah|88/100 tox|[from] psn
|upkeep
|turn|15
|
|t:|1760300983
|switch|p1a: Vileplume|Vileplume, F|90/100
|-damage|p1a: Vileplume|73/100|[from] Spikes
|move|p2a: Hedorah|Shadow Ball|p1a: Vileplume
|-damage|p1a: Vileplume|48/100
|
|-heal|p1a: Vileplume|54/100|[from] item: Black Sludge
|-damage|p2a: Hedorah|70/100 tox|[from] psn
|upkeep
|turn|16
|inactive|Battle timer is ON: inactive players will automatically lose when time's up. (requested by BobbyAxe1)
|
|t:|1760301005
|switch|p2a: Space Godzilla|Tyranitar, F|100/100
|-damage|p2a: Space Godzilla|84/100|[from] Spikes
|-weather|Sandstorm|[from] ability: Sand Stream|[of] p2a: Space Godzilla
|move|p1a: Vileplume|Strength Sap|p2a: Space Godzilla
|-unboost|p2a: Space Godzilla|atk|1
|-heal|p1a: Vileplume|100/100
|
|-weather|Sandstorm|[upkeep]
|-damage|p1a: Vileplume|94/100|[from] Sandstorm
|-heal|p1a: Vileplume|100/100|[from] item: Black Sludge
|upkeep
|turn|17
|
|t:|1760301018
|move|p2a: Space Godzilla|Knock Off|p1a: Vileplume
|-damage|p1a: Vileplume|58/100
|-enditem|p1a: Vileplume|Black Sludge|[from] move: Knock Off|[of] p2a: Space Godzilla
|move|p1a: Vileplume|Leech Seed|p2a: Space Godzilla
|-start|p2a: Space Godzilla|move: Leech Seed
|
|-weather|Sandstorm|[upkeep]
|-damage|p1a: Vileplume|52/100|[from] Sandstorm
|-damage|p2a: Space Godzilla|72/100|[from] Leech Seed|[of] p1a: Vileplume
|-heal|p1a: Vileplume|63/100|[silent]
|upkeep
|turn|18
|
|t:|1760301032
|switch|p2a: Megalon|Excadrill, M|100/100
|-item|p2a: Megalon|Air Balloon
|move|p1a: Vileplume|Strength Sap|p2a: Megalon
|-unboost|p2a: Megalon|atk|1
|-heal|p1a: Vileplume|100/100
|
|-weather|Sandstorm|[upkeep]
|-damage|p1a: Vileplume|94/100|[from] Sandstorm
|upkeep
|turn|19
|
|t:|1760301043
|switch|p1a: Spiritomb|Spiritomb, F|100/100
|-damage|p1a: Spiritomb|84/100|[from] Spikes
|-ability|p1a: Spiritomb|Pressure
|move|p2a: Megalon|Rapid Spin|p1a: Spiritomb
|-immune|p1a: Spiritomb
|
|-weather|Sandstorm|[upkeep]
|-damage|p1a: Spiritomb|78/100|[from] Sandstorm
|-heal|p1a: Spiritomb|84/100|[from] item: Leftovers
|upkeep
|turn|20
|
|t:|1760301055
|switch|p2a: Space Godzilla|Tyranitar, F|72/100
|-damage|p2a: Space Godzilla|55/100|[from] Spikes
|move|p1a: Spiritomb|Will-O-Wisp|p2a: Space Godzilla
|-status|p2a: Space Godzilla|brn
|
|-weather|none
|-heal|p1a: Spiritomb|90/100|[from] item: Leftovers
|-damage|p2a: Space Godzilla|49/100 brn|[from] brn
|upkeep
|turn|21
|
|t:|1760301065
|move|p1a: Spiritomb|Protect|p1a: Spiritomb
|-singleturn|p1a: Spiritomb|Protect
|move|p2a: Space Godzilla|Knock Off|p1a: Spiritomb
|-activate|p1a: Spiritomb|move: Protect
|
|-heal|p1a: Spiritomb|97/100|[from] item: Leftovers
|-damage|p2a: Space Godzilla|43/100 brn|[from] brn
|upkeep
|turn|22
|
|t:|1760301076
|switch|p1a: Vileplume|Vileplume, F|94/100
|-damage|p1a: Vileplume|78/100|[from] Spikes
|move|p2a: Space Godzilla|Knock Off|p1a: Vileplume
|-damage|p1a: Vileplume|58/100
|
|-damage|p2a: Space Godzilla|36/100 brn|[from] brn
|upkeep
|turn|23
|
|t:|1760301085
|move|p2a: Space Godzilla|Ice Punch|p1a: Vileplume
|-supereffective|p1a: Vileplume
|-damage|p1a: Vileplume|24/100
|move|p1a: Vileplume|Strength Sap|p2a: Space Godzilla
|-unboost|p2a: Space Godzilla|atk|1
|-heal|p1a: Vileplume|100/100
|
|-damage|p2a: Space Godzilla|30/100 brn|[from] brn
|upkeep
|turn|24
|
|t:|1760301102
|switch|p2a: Megalon|Excadrill, M|100/100
|-item|p2a: Megalon|Air Balloon
|move|p1a: Vileplume|Leech Seed|p2a: Megalon
|-start|p2a: Megalon|move: Leech Seed
|
|-damage|p2a: Megalon|88/100|[from] Leech Seed|[of] p1a: Vileplume
|upkeep
|turn|25
|
|t:|1760301111
|switch|p1a: Spiritomb|Spiritomb, F|97/100
|-damage|p1a: Spiritomb|80/100|[from] Spikes
|-ability|p1a: Spiritomb|Pressure
|move|p2a: Megalon|Earthquake|p1a: Spiritomb
|-damage|p1a: Spiritomb|32/100
|
|-heal|p1a: Spiritomb|39/100|[from] item: Leftovers
|-damage|p2a: Megalon|76/100|[from] Leech Seed|[of] p1a: Spiritomb
|-heal|p1a: Spiritomb|54/100|[silent]
|upkeep
|turn|26
|
|t:|1760301123
|switch|p2a: Space Godzilla|Tyranitar, F|30/100 brn
|-damage|p2a: Space Godzilla|14/100 brn|[from] Spikes
|-weather|Sandstorm|[from] ability: Sand Stream|[of] p2a: Space Godzilla
|move|p1a: Spiritomb|Protect||[still]
|-fail|p1a: Spiritomb
|
|-weather|Sandstorm|[upkeep]
|-damage|p1a: Spiritomb|48/100|[from] Sandstorm
|-heal|p1a: Spiritomb|54/100|[from] item: Leftovers
|-damage|p2a: Space Godzilla|8/100 brn|[from] brn
|upkeep
|turn|27
|
|t:|1760301135
|move|p1a: Spiritomb|Protect|p1a: Spiritomb
|-singleturn|p1a: Spiritomb|Protect
|move|p2a: Space Godzilla|Ice Punch|p1a: Spiritomb
|-activate|p1a: Spiritomb|move: Protect
|
|-weather|Sandstorm|[upkeep]
|-damage|p1a: Spiritomb|48/100|[from] Sandstorm
|-heal|p1a: Spiritomb|54/100|[from] item: Leftovers
|-damage|p2a: Space Godzilla|1/100 brn|[from] brn
|upkeep
|turn|28
|
|t:|1760301154
|move|p1a: Spiritomb|Protect|p1a: Spiritomb
|-singleturn|p1a: Spiritomb|Protect
|move|p2a: Space Godzilla|Stone Edge|p1a: Spiritomb
|-activate|p1a: Spiritomb|move: Protect
|
|-weather|Sandstorm|[upkeep]
|-damage|p1a: Spiritomb|48/100|[from] Sandstorm
|-heal|p1a: Spiritomb|54/100|[from] item: Leftovers
|-damage|p2a: Space Godzilla|0 fnt|[from] brn
|faint|p2a: Space Godzilla
|upkeep
|
|t:|1760301158
|switch|p2a: Destoroyah|Keldeo-Resolute|100/100
|-damage|p2a: Destoroyah|84/100|[from] Spikes
|turn|29
|
|t:|1760301169
|switch|p1a: Reuniclus|Reuniclus, F|100/100
|move|p2a: Destoroyah|Flip Turn|p1a: Reuniclus
|-damage|p1a: Reuniclus|85/100
|-damage|p2a: Destoroyah|74/100|[from] item: Life Orb
|
|t:|1760301176
|switch|p2a: Hedorah|Sinistcha-Masterpiece|70/100 tox|[from] Flip Turn
|-damage|p2a: Hedorah|54/100 tox|[from] Spikes
|
|-weather|Sandstorm|[upkeep]
|-damage|p2a: Hedorah|48/100 tox|[from] Sandstorm
|-damage|p2a: Hedorah|42/100 tox|[from] psn
|upkeep
|turn|30
|
|t:|1760301186
|switch|p1a: Vileplume|Vileplume, F|100/100
|-damage|p1a: Vileplume|84/100|[from] Spikes
|move|p2a: Hedorah|Shadow Ball|p1a: Vileplume
|-damage|p1a: Vileplume|61/100
|
|-weather|none
|-damage|p2a: Hedorah|29/100 tox|[from] psn
|upkeep
|turn|31
|
|t:|1760301197
|move|p2a: Hedorah|Shadow Ball|p1a: Vileplume
|-damage|p1a: Vileplume|36/100
|-unboost|p1a: Vileplume|spd|1
|move|p1a: Vileplume|Strength Sap|p2a: Hedorah
|-unboost|p2a: Hedorah|atk|1
|-heal|p1a: Vileplume|68/100
|
|-damage|p2a: Hedorah|11/100 tox|[from] psn
|upkeep
|turn|32
|
|t:|1760301211
|move|p2a: Hedorah|Shadow Ball|p1a: Vileplume
|-damage|p1a: Vileplume|32/100
|move|p1a: Vileplume|Strength Sap|p2a: Hedorah
|-unboost|p2a: Hedorah|atk|1
|-heal|p1a: Vileplume|53/100
|
|-damage|p2a: Hedorah|0 fnt|[from] psn
|faint|p2a: Hedorah
|upkeep
|
|t:|1760301224
|switch|p2a: Megalon|Excadrill, M|76/100
|-item|p2a: Megalon|Air Balloon
|turn|33
|
|t:|1760301240
|-terastallize|p2a: Megalon|Ground
|move|p2a: Megalon|Earthquake|p1a: Vileplume
|-damage|p1a: Vileplume|0 fnt
|faint|p1a: Vileplume
|
|upkeep
|
|t:|1760301255
|switch|p1a: Tyranitar|Tyranitar, M|100/100
|-damage|p1a: Tyranitar|84/100|[from] Spikes
|-weather|Sandstorm|[from] ability: Sand Stream|[of] p1a: Tyranitar
|turn|34
|
|t:|1760301267
|switch|p2a: Bagaron|Clodsire, M|82/100 slp
|-damage|p2a: Bagaron|65/100 slp|[from] Spikes
|-terastallize|p1a: Tyranitar|Ground
|move|p1a: Tyranitar|Knock Off|p2a: Bagaron
|-damage|p2a: Bagaron|21/100 slp
|-enditem|p2a: Bagaron|Leftovers|[from] move: Knock Off|[of] p1a: Tyranitar
|
|-weather|Sandstorm|[upkeep]
|-heal|p1a: Tyranitar|90/100|[from] item: Leftovers
|upkeep
|turn|35
|
|t:|1760301282
|move|p1a: Tyranitar|Earthquake|p2a: Bagaron
|-supereffective|p2a: Bagaron
|-damage|p2a: Bagaron|0 fnt
|faint|p2a: Bagaron
|
|-weather|Sandstorm|[upkeep]
|-heal|p1a: Tyranitar|96/100|[from] item: Leftovers
|upkeep
|
|t:|1760301284
|switch|p2a: Destoroyah|Keldeo-Resolute|74/100
|-damage|p2a: Destoroyah|58/100|[from] Spikes
|turn|36
|inactive|BobbyAxe1 has 120 seconds left.
|
|t:|1760301305
|switch|p1a: Spiritomb|Spiritomb, F|54/100
|-damage|p1a: Spiritomb|37/100|[from] Spikes
|-ability|p1a: Spiritomb|Pressure
|move|p2a: Destoroyah|Surf|p1a: Spiritomb
|-damage|p1a: Spiritomb|0 fnt
|faint|p1a: Spiritomb
|-damage|p2a: Destoroyah|48/100|[from] item: Life Orb
|
|-weather|Sandstorm|[upkeep]
|-damage|p2a: Destoroyah|42/100|[from] Sandstorm
|upkeep
|inactive|BobbyAxe1 has 120 seconds left.
|
|t:|1760301317
|switch|p1a: Reuniclus|Reuniclus, F|85/100
|turn|37
|
|t:|1760301329
|switch|p2a: Megalon|Excadrill, M, tera:Ground|76/100
|-item|p2a: Megalon|Air Balloon
|move|p1a: Reuniclus|Psychic Noise|p2a: Megalon
|-damage|p2a: Megalon|21/100
|-start|p2a: Megalon|move: Heal Block
|-enditem|p2a: Megalon|Air Balloon
|
|-weather|Sandstorm|[upkeep]
|upkeep
|turn|38
|inactive|BobbyAxe1 has 120 seconds left.
|
|t:|1760301364
|switch|p1a: Heracross|Heracross, M|69/100
|-damage|p1a: Heracross|52/100|[from] Spikes
|move|p2a: Megalon|Earthquake|p1a: Heracross
|-resisted|p1a: Heracross
|-damage|p1a: Heracross|20/100
|
|-weather|none
|-heal|p1a: Heracross|26/100|[from] item: Leftovers
|-end|p2a: Megalon|move: Heal Block
|upkeep
|turn|39
|
|t:|1760301378
|move|p2a: Megalon|Earthquake|p1a: Heracross
|-resisted|p1a: Heracross
|-damage|p1a: Heracross|0 fnt
|faint|p1a: Heracross
|
|upkeep
|
|t:|1760301383
|switch|p1a: Tyranitar|Tyranitar, M, tera:Ground|96/100
|-damage|p1a: Tyranitar|80/100|[from] Spikes
|-weather|Sandstorm|[from] ability: Sand Stream|[of] p1a: Tyranitar
|turn|40
|
|t:|1760301390
|switch|p2a: Destoroyah|Keldeo-Resolute|42/100
|-damage|p2a: Destoroyah|25/100|[from] Spikes
|move|p1a: Tyranitar|Earthquake|p2a: Destoroyah
|-damage|p2a: Destoroyah|0 fnt
|faint|p2a: Destoroyah
|
|-weather|Sandstorm|[upkeep]
|-heal|p1a: Tyranitar|86/100|[from] item: Leftovers
|upkeep
|
|t:|1760301392
|switch|p2a: Megalon|Excadrill, M, tera:Ground|21/100
|-damage|p2a: Megalon|4/100|[from] Spikes
|turn|41
|
|t:|1760301405
|move|p2a: Megalon|Earthquake|p1a: Tyranitar
|-damage|p1a: Tyranitar|27/100
|move|p1a: Tyranitar|Knock Off|p2a: Megalon
|-damage|p2a: Megalon|0 fnt
|faint|p2a: Megalon
|
|win|BobbyAxe1
|raw|BobbyAxe1's rating: 1370 &rarr; <strong>1392</strong><br />(+22 for winning)
|raw|SAVAG3Racoon's rating: 1398 &rarr; <strong>1376</strong><br />(-22 for losing)
|l|☆SAVAG3Racoon
|player|p2|
|l|☆BobbyAxe1
|player|p1|
