|j|☆Sherlock Saoul
|j|☆The Booze Kangaroo
|t:|1760353828
|gametype|singles
|player|p1|Sherlock Saoul|gambler|1189
|player|p2|The Booze Kangaroo|101|1180
|gen|9
|tier|[Gen 9] OU
|rated|
|rule|HP Percentage Mod: HP is shown in percentages
|rule|Endless Battle Clause: Forcing endless battles is banned
|rule|Species Clause: Limit one of each Pokémon
|rule|OHKO Clause: OHKO moves are banned
|rule|Evasion Items Clause: Evasion items are banned
|rule|Evasion Moves Clause: Evasion moves are banned
|rule|Evasion Abilities Clause: Evasion abilities are banned
|rule|Sleep Moves Clause: Sleep-inducing moves are banned
|clearpoke
|poke|p1|Alomomola, M|
|poke|p1|Gliscor, M|
|poke|p1|Dragapult, F|
|poke|p1|Chansey, F|
|poke|p1|Ogerpon-Wellspring, F|
|poke|p1|Glimmora, M|
|poke|p2|Zapdos|
|poke|p2|Dragonite, M|
|poke|p2|Blastoise, M|
|poke|p2|Gyarados, F|
|poke|p2|Mew|
|poke|p2|Hitmonlee, M|
|teampreview
|inactive|Battle timer is ON: inactive players will automatically lose when time's up. (requested by The Booze Kangaroo)
|
|t:|1760353839
|teamsize|p1|6
|teamsize|p2|6
|start
|switch|p1a: Glimmora|Glimmora, M|100/100
|switch|p2a: Hitmonlee|Hitmonlee, M|100/100
|turn|1
|
|t:|1760353847
|move|p1a: Glimmora|Earth Power|p2a: Hitmonlee
|-damage|p2a: Hitmonlee|58/100
|move|p2a: Hitmonlee|Knock Off|p1a: Glimmora
|-damage|p1a: Glimmora|60/100
|-activate|p1a: Glimmora|ability: Toxic Debris
|-sidestart|p2: The Booze Kangaroo|move: Toxic Spikes
|-enditem|p1a: Glimmora|Focus Sash|[from] move: Knock Off|[of] p2a: Hitmonlee
|
|upkeep
|turn|2
|
|t:|1760353859
|move|p1a: Glimmora|Power Gem|p2a: Hitmonlee
|-resisted|p2a: Hitmonlee
|-damage|p2a: Hitmonlee|31/100
|move|p2a: Hitmonlee|Knock Off|p1a: Glimmora
|-damage|p1a: Glimmora|32/100
|-activate|p1a: Glimmora|ability: Toxic Debris
|-sidestart|p2: The Booze Kangaroo|move: Toxic Spikes
|
|upkeep
|turn|3
|
|t:|1760353865
|move|p2a: Hitmonlee|Endure|p2a: Hitmonlee
|-singleturn|p2a: Hitmonlee|move: Endure
|move|p1a: Glimmora|Earth Power|p2a: Hitmonlee
|-activate|p2a: Hitmonlee|move: Endure
|-damage|p2a: Hitmonlee|1/100
|-enditem|p2a: Hitmonlee|Liechi Berry|[eat]
|-boost|p2a: Hitmonlee|atk|1|[from] item: Liechi Berry
|
|upkeep
|turn|4
|
|t:|1760353887
|move|p2a: Hitmonlee|Reversal|p1a: Glimmora
|-damage|p1a: Glimmora|0 fnt
|faint|p1a: Glimmora
|
|upkeep
|
|t:|1760353895
|switch|p1a: Dragapult|Dragapult, F|100/100
|turn|5
|
|t:|1760353899
|move|p2a: Hitmonlee|Knock Off|p1a: Dragapult
|-supereffective|p1a: Dragapult
|-damage|p1a: Dragapult|0 fnt
|-enditem|p1a: Dragapult|Heavy-Duty Boots|[from] move: Knock Off|[of] p2a: Hitmonlee
|faint|p1a: Dragapult
|
|upkeep
|
|t:|1760353907
|switch|p1a: Alomomola|Alomomola, M|100/100
|turn|6
|
|t:|1760353916
|move|p2a: Hitmonlee|Reversal|p1a: Alomomola
|-damage|p1a: Alomomola|10/100
|-damage|p2a: Hitmonlee|0 fnt|[from] item: Rocky Helmet|[of] p1a: Alomomola
|faint|p2a: Hitmonlee
|move|p1a: Alomomola|Wish|p1a: Alomomola
|
|upkeep
|
|t:|1760353923
|switch|p2a: Zapdos|Zapdos|100/100
|turn|7
|
|t:|1760353933
|move|p1a: Alomomola|Protect|p1a: Alomomola
|-singleturn|p1a: Alomomola|Protect
|move|p2a: Zapdos|Volt Switch|p1a: Alomomola
|-activate|p1a: Alomomola|move: Protect
|
|-heal|p1a: Alomomola|60/100|[from] move: Wish|[wisher] Alomomola
|upkeep
|turn|8
|
|t:|1760353945
|switch|p2a: Gyarados|Gyarados, F|100/100
|switch|p1a: Gliscor|Gliscor, M|100/100
|
|-status|p1a: Gliscor|tox|[from] item: Toxic Orb
|upkeep
|turn|9
|
|t:|1760353952
|move|p2a: Gyarados|Ice Fang|p1a: Gliscor
|-supereffective|p1a: Gliscor
|-damage|p1a: Gliscor|28/100 tox
|move|p1a: Gliscor|Taunt|p2a: Gyarados
|-start|p2a: Gyarados|move: Taunt
|
|-heal|p1a: Gliscor|40/100 tox|[from] ability: Poison Heal
|upkeep
|turn|10
|
|t:|1760353960
|move|p1a: Gliscor|Protect|p1a: Gliscor
|-singleturn|p1a: Gliscor|Protect
|move|p2a: Gyarados|Ice Fang|p1a: Gliscor
|-activate|p1a: Gliscor|move: Protect
|
|-heal|p1a: Gliscor|53/100 tox|[from] ability: Poison Heal
|upkeep
|turn|11
|
|t:|1760353968
|switch|p1a: Alomomola|Alomomola, M|93/100
|move|p2a: Gyarados|Ice Fang|p1a: Alomomola
|-resisted|p1a: Alomomola
|-damage|p1a: Alomomola|88/100
|-damage|p2a: Gyarados|84/100|[from] item: Rocky Helmet|[of] p1a: Alomomola
|
|-heal|p2a: Gyarados|90/100|[from] item: Leftovers
|upkeep
|turn|12
|
|t:|1760353980
|move|p2a: Gyarados|Waterfall|p1a: Alomomola
|-resisted|p1a: Alomomola
|-damage|p1a: Alomomola|76/100
|-damage|p2a: Gyarados|73/100|[from] item: Rocky Helmet|[of] p1a: Alomomola
|cant|p1a: Alomomola|flinch
|
|-heal|p2a: Gyarados|79/100|[from] item: Leftovers
|-end|p2a: Gyarados|move: Taunt
|upkeep
|turn|13
|
|t:|1760353988
|move|p2a: Gyarados|Dragon Dance|p2a: Gyarados
|-boost|p2a: Gyarados|atk|1
|-boost|p2a: Gyarados|spe|1
|move|p1a: Alomomola|Scald|p2a: Gyarados
|-resisted|p2a: Gyarados
|-damage|p2a: Gyarados|72/100
|
|-heal|p2a: Gyarados|79/100|[from] item: Leftovers
|upkeep
|turn|14
|
|t:|1760353995
|move|p2a: Gyarados|Dragon Dance|p2a: Gyarados
|-boost|p2a: Gyarados|atk|1
|-boost|p2a: Gyarados|spe|1
|move|p1a: Alomomola|Flip Turn|p2a: Gyarados
|-resisted|p2a: Gyarados
|-damage|p2a: Gyarados|69/100
|
|t:|1760353998
|switch|p1a: Gliscor|Gliscor, M|53/100 tox|[from] Flip Turn
|
|-heal|p2a: Gyarados|75/100|[from] item: Leftovers
|-heal|p1a: Gliscor|65/100 tox|[from] ability: Poison Heal
|upkeep
|turn|15
|
|t:|1760354004
|move|p2a: Gyarados|Ice Fang|p1a: Gliscor
|-supereffective|p1a: Gliscor
|-damage|p1a: Gliscor|0 fnt
|faint|p1a: Gliscor
|-ability|p2a: Gyarados|Moxie|boost
|-boost|p2a: Gyarados|atk|1
|
|-heal|p2a: Gyarados|81/100|[from] item: Leftovers
|upkeep
|
|t:|1760354010
|switch|p1a: Alomomola|Alomomola, M|100/100
|turn|16
|
|t:|1760354013
|move|p2a: Gyarados|Earthquake|p1a: Alomomola
|-damage|p1a: Alomomola|52/100
|move|p1a: Alomomola|Scald|p2a: Gyarados
|-resisted|p2a: Gyarados
|-damage|p2a: Gyarados|74/100
|
|-heal|p2a: Gyarados|80/100|[from] item: Leftovers
|upkeep
|turn|17
|
|t:|1760354021
|move|p2a: Gyarados|Dragon Dance|p2a: Gyarados
|-boost|p2a: Gyarados|atk|1
|-boost|p2a: Gyarados|spe|1
|move|p1a: Alomomola|Wish|p1a: Alomomola
|
|-heal|p2a: Gyarados|86/100|[from] item: Leftovers
|upkeep
|turn|18
|
|t:|1760354028
|move|p1a: Alomomola|Protect|p1a: Alomomola
|-singleturn|p1a: Alomomola|Protect
|move|p2a: Gyarados|Dragon Dance|p2a: Gyarados
|-boost|p2a: Gyarados|atk|1
|-boost|p2a: Gyarados|spe|1
|
|-heal|p1a: Alomomola|100/100|[from] move: Wish|[wisher] Alomomola
|-heal|p2a: Gyarados|92/100|[from] item: Leftovers
|upkeep
|turn|19
|
|t:|1760354032
|move|p2a: Gyarados|Earthquake|p1a: Alomomola
|-damage|p1a: Alomomola|34/100
|move|p1a: Alomomola|Scald|p2a: Gyarados
|-resisted|p2a: Gyarados
|-damage|p2a: Gyarados|85/100
|-status|p2a: Gyarados|brn
|
|-heal|p2a: Gyarados|91/100 brn|[from] item: Leftovers
|-damage|p2a: Gyarados|85/100 brn|[from] brn
|upkeep
|turn|20
|
|t:|1760354040
|move|p2a: Gyarados|Waterfall|p1a: Alomomola
|-resisted|p1a: Alomomola
|-damage|p1a: Alomomola|14/100
|-damage|p2a: Gyarados|68/100 brn|[from] item: Rocky Helmet|[of] p1a: Alomomola
|move|p1a: Alomomola|Wish|p1a: Alomomola
|
|-heal|p2a: Gyarados|74/100 brn|[from] item: Leftovers
|-damage|p2a: Gyarados|68/100 brn|[from] brn
|upkeep
|turn|21
|
|t:|1760354048
|move|p1a: Alomomola|Protect|p1a: Alomomola
|-singleturn|p1a: Alomomola|Protect
|move|p2a: Gyarados|Dragon Dance|p2a: Gyarados
|-boost|p2a: Gyarados|atk|1
|-boost|p2a: Gyarados|spe|1
|
|-heal|p1a: Alomomola|64/100|[from] move: Wish|[wisher] Alomomola
|-heal|p2a: Gyarados|74/100 brn|[from] item: Leftovers
|-damage|p2a: Gyarados|68/100 brn|[from] brn
|upkeep
|turn|22
|
|t:|1760354056
|move|p2a: Gyarados|Earthquake|p1a: Alomomola
|-damage|p1a: Alomomola|26/100
|move|p1a: Alomomola|Wish|p1a: Alomomola
|
|-heal|p2a: Gyarados|74/100 brn|[from] item: Leftovers
|-damage|p2a: Gyarados|68/100 brn|[from] brn
|upkeep
|turn|23
|
|t:|1760354064
|move|p1a: Alomomola|Protect|p1a: Alomomola
|-singleturn|p1a: Alomomola|Protect
|move|p2a: Gyarados|Waterfall|p1a: Alomomola
|-activate|p1a: Alomomola|move: Protect
|
|-heal|p1a: Alomomola|76/100|[from] move: Wish|[wisher] Alomomola
|-heal|p2a: Gyarados|74/100 brn|[from] item: Leftovers
|-damage|p2a: Gyarados|68/100 brn|[from] brn
|upkeep
|turn|24
|
|t:|1760354082
|move|p2a: Gyarados|Waterfall|p1a: Alomomola
|-resisted|p1a: Alomomola
|-damage|p1a: Alomomola|54/100
|-damage|p2a: Gyarados|51/100 brn|[from] item: Rocky Helmet|[of] p1a: Alomomola
|move|p1a: Alomomola|Wish|p1a: Alomomola
|
|-heal|p2a: Gyarados|57/100 brn|[from] item: Leftovers
|-damage|p2a: Gyarados|51/100 brn|[from] brn
|upkeep
|turn|25
|
|t:|1760354109
|move|p1a: Alomomola|Protect|p1a: Alomomola
|-singleturn|p1a: Alomomola|Protect
|move|p2a: Gyarados|Earthquake|p1a: Alomomola
|-activate|p1a: Alomomola|move: Protect
|
|-heal|p1a: Alomomola|100/100|[from] move: Wish|[wisher] Alomomola
|-heal|p2a: Gyarados|57/100 brn|[from] item: Leftovers
|-damage|p2a: Gyarados|51/100 brn|[from] brn
|upkeep
|turn|26
|
|t:|1760354120
|move|p2a: Gyarados|Ice Fang|p1a: Alomomola
|-resisted|p1a: Alomomola
|-damage|p1a: Alomomola|89/100
|-status|p1a: Alomomola|frz
|-damage|p2a: Gyarados|35/100 brn|[from] item: Rocky Helmet|[of] p1a: Alomomola
|cant|p1a: Alomomola|frz
|
|-heal|p2a: Gyarados|41/100 brn|[from] item: Leftovers
|-damage|p2a: Gyarados|35/100 brn|[from] brn
|upkeep
|turn|27
|
|t:|1760354126
|move|p2a: Gyarados|Earthquake|p1a: Alomomola
|-damage|p1a: Alomomola|55/100 frz
|-curestatus|p1a: Alomomola|frz|[from] move: Scald
|move|p1a: Alomomola|Scald|p2a: Gyarados
|-resisted|p2a: Gyarados
|-damage|p2a: Gyarados|28/100 brn
|
|-heal|p2a: Gyarados|34/100 brn|[from] item: Leftovers
|-damage|p2a: Gyarados|28/100 brn|[from] brn
|upkeep
|turn|28
|
|t:|1760354141
|move|p1a: Alomomola|Protect|p1a: Alomomola
|-singleturn|p1a: Alomomola|Protect
|move|p2a: Gyarados|Waterfall|p1a: Alomomola
|-activate|p1a: Alomomola|move: Protect
|
|-heal|p2a: Gyarados|34/100 brn|[from] item: Leftovers
|-damage|p2a: Gyarados|28/100 brn|[from] brn
|upkeep
|turn|29
|
|t:|1760354146
|move|p2a: Gyarados|Ice Fang|p1a: Alomomola
|-resisted|p1a: Alomomola
|-damage|p1a: Alomomola|44/100
|-damage|p2a: Gyarados|11/100 brn|[from] item: Rocky Helmet|[of] p1a: Alomomola
|move|p1a: Alomomola|Wish|p1a: Alomomola
|
|-heal|p2a: Gyarados|17/100 brn|[from] item: Leftovers
|-damage|p2a: Gyarados|11/100 brn|[from] brn
|upkeep
|turn|30
|
|t:|1760354157
|move|p1a: Alomomola|Protect|p1a: Alomomola
|-singleturn|p1a: Alomomola|Protect
|move|p2a: Gyarados|Waterfall|p1a: Alomomola
|-activate|p1a: Alomomola|move: Protect
|
|-heal|p1a: Alomomola|94/100|[from] move: Wish|[wisher] Alomomola
|-heal|p2a: Gyarados|17/100 brn|[from] item: Leftovers
|-damage|p2a: Gyarados|11/100 brn|[from] brn
|upkeep
|turn|31
|
|t:|1760354166
|move|p2a: Gyarados|Waterfall|p1a: Alomomola
|-resisted|p1a: Alomomola
|-damage|p1a: Alomomola|74/100
|-damage|p2a: Gyarados|0 fnt|[from] item: Rocky Helmet|[of] p1a: Alomomola
|faint|p2a: Gyarados
|cant|p1a: Alomomola|flinch
|
|upkeep
|
|t:|1760354174
|switch|p2a: Mew|Mew|100/100
|-status|p2a: Mew|tox
|turn|32
|
|t:|1760354181
|move|p2a: Mew|Stealth Rock|p1a: Alomomola
|-sidestart|p1: Sherlock Saoul|move: Stealth Rock
|move|p1a: Alomomola|Flip Turn|p2a: Mew
|-damage|p2a: Mew|87/100 tox
|
|t:|1760354188
|switch|p1a: Ogerpon|Ogerpon-Wellspring, F|100/100|[from] Flip Turn
|-damage|p1a: Ogerpon|88/100|[from] Stealth Rock
|
|-heal|p2a: Mew|93/100 tox|[from] item: Leftovers
|-damage|p2a: Mew|87/100 tox|[from] psn
|upkeep
|turn|33
|
|t:|1760354195
|-terastallize|p1a: Ogerpon|Water
|detailschange|p1a: Ogerpon|Ogerpon-Wellspring-Tera, F, tera:Water
|-ability|p1a: Ogerpon|Embody Aspect (Wellspring)|boost
|-boost|p1a: Ogerpon|spd|1
|move|p1a: Ogerpon|Swords Dance|p1a: Ogerpon
|-boost|p1a: Ogerpon|atk|2
|move|p2a: Mew|Psychic|p1a: Ogerpon
|-damage|p1a: Ogerpon|65/100
|
|-heal|p2a: Mew|93/100 tox|[from] item: Leftovers
|-damage|p2a: Mew|81/100 tox|[from] psn
|upkeep
|turn|34
|
|t:|1760354207
|move|p1a: Ogerpon|Swords Dance|p1a: Ogerpon
|-boost|p1a: Ogerpon|atk|2
|move|p2a: Mew|Transform||[still]
|-fail|p2a: Mew
|
|-heal|p2a: Mew|87/100 tox|[from] item: Leftovers
|-damage|p2a: Mew|69/100 tox|[from] psn
|upkeep
|turn|35
|l|☆The Booze Kangaroo
|inactive|The Booze Kangaroo disconnected and has a minute to reconnect!
|player|p2|
|inactive|The Booze Kangaroo has 30 seconds to reconnect!
|inactive|The Booze Kangaroo has 20 seconds to reconnect!
|inactive|The Booze Kangaroo has 15 seconds to reconnect!
|inactive|The Booze Kangaroo has 10 seconds to reconnect!
|inactive|The Booze Kangaroo has 5 seconds to reconnect!
|-message|The Booze Kangaroo lost due to inactivity.
|
|win|Sherlock Saoul
|raw|Sherlock Saoul's rating: 1189 &rarr; <strong>1213</strong><br />(+24 for winning)
|raw|The Booze Kangaroo's rating: 1180 &rarr; <strong>1156</strong><br />(-24 for losing)
|l|☆Sherlock Saoul
|player|p1|
