|j|☆SuperNinjaMan
|j|☆leosyspu
|t:|1760319557
|gametype|singles
|player|p1|SuperNinjaMan|koga|1293
|player|p2|leosyspu|cynthia|1283
|gen|9
|tier|[Gen 9] OU
|rated|
|rule|HP Percentage Mod: HP is shown in percentages
|rule|Endless Battle Clause: Forcing endless battles is banned
|rule|Species Clause: Limit one of each Pokémon
|rule|OHKO Clause: OHKO moves are banned
|rule|Evasion Items Clause: Evasion items are banned
|rule|Evasion Moves Clause: Evasion moves are banned
|rule|Evasion Abilities Clause: Evasion abilities are banned
|rule|Sleep Moves Clause: Sleep-inducing moves are banned
|clearpoke
|poke|p1|Tyranitar, F|
|poke|p1|Scizor, F|
|poke|p1|Latias, F|
|poke|p1|Excadrill, F|
|poke|p1|Tropius, F|
|poke|p1|Rotom-Heat|
|poke|p2|Gardevoir, F|
|poke|p2|Galvantula, F|
|poke|p2|Gliscor, M|
|poke|p2|Cinderace, F|
|poke|p2|Conkeldurr, F|
|poke|p2|Empoleon, F|
|teampreview
|inactive|Battle timer is ON: inactive players will automatically lose when time's up. (requested by leosyspu)
|
|t:|1760319564
|teamsize|p1|6
|teamsize|p2|6
|start
|switch|p1a: Scizor|Scizor, F|100/100
|switch|p2a: Empoleon|Empoleon, F|100/100
|turn|1
|
|t:|1760319578
|switch|p2a: 剧毒老是空废物|Gliscor, M|100/100
|move|p1a: Scizor|Close Combat|p2a: 剧毒老是空废物
|-resisted|p2a: 剧毒老是空废物
|-damage|p2a: 剧毒老是空废物|79/100
|-unboost|p1a: Scizor|def|1
|-unboost|p1a: Scizor|spd|1
|
|-status|p2a: 剧毒老是空废物|tox|[from] item: Toxic Orb
|upkeep
|turn|2
|
|t:|1760319591
|switch|p1a: Rotom|Rotom-Heat|100/100
|move|p2a: 剧毒老是空废物|U-turn|p1a: Rotom
|-resisted|p1a: Rotom
|-damage|p1a: Rotom|91/100
|
|t:|1760319603
|switch|p2a: Empoleon|Empoleon, F|100/100|[from] U-turn
|
|upkeep
|turn|3
|
|t:|1760319608
|move|p1a: Rotom|Overheat|p2a: Empoleon
|-damage|p2a: Empoleon|42/100
|-unboost|p1a: Rotom|spa|2
|move|p2a: Empoleon|Stealth Rock|p1a: Rotom
|-sidestart|p1: SuperNinjaMan|move: Stealth Rock
|
|-heal|p2a: Empoleon|48/100|[from] item: Leftovers
|upkeep
|turn|4
|
|t:|1760319621
|switch|p1a: Tropius|Tropius, F|100/100
|-damage|p1a: Tropius|76/100|[from] Stealth Rock
|move|p2a: Empoleon|Roar|p1a: Tropius
|drag|p1a: Latias|Latias, F|100/100
|-damage|p1a: Latias|88/100|[from] Stealth Rock
|
|-heal|p1a: Latias|94/100|[from] item: Leftovers
|-heal|p2a: Empoleon|54/100|[from] item: Leftovers
|upkeep
|turn|5
|
|t:|1760319632
|move|p1a: Latias|Wish|p1a: Latias
|move|p2a: Empoleon|Roost|p2a: Empoleon
|-heal|p2a: Empoleon|100/100
|-singleturn|p2a: Empoleon|move: Roost
|
|-heal|p1a: Latias|99/100|[from] item: Leftovers
|upkeep
|turn|6
|
|t:|1760319641
|switch|p1a: Tropius|Tropius, F|76/100
|-damage|p1a: Tropius|51/100|[from] Stealth Rock
|move|p2a: Empoleon|Ice Beam|p1a: Tropius
|-supereffective|p1a: Tropius
|-damage|p1a: Tropius|0 fnt
|faint|p1a: Tropius
|
|upkeep
|
|t:|1760319654
|switch|p1a: Excadrill|Excadrill, F|100/100
|-damage|p1a: Excadrill|97/100|[from] Stealth Rock
|-item|p1a: Excadrill|Air Balloon
|turn|7
|
|t:|1760319660
|move|p1a: Excadrill|Earthquake|p2a: Empoleon
|-supereffective|p2a: Empoleon
|-damage|p2a: Empoleon|0 fnt
|faint|p2a: Empoleon
|
|upkeep
|
|t:|1760319666
|switch|p2a: Conkeldurr|Conkeldurr, F|100/100
|turn|8
|
|t:|1760319674
|switch|p1a: Latias|Latias, F|99/100
|-damage|p1a: Latias|88/100|[from] Stealth Rock
|move|p2a: Conkeldurr|Ice Punch|p1a: Latias
|-supereffective|p1a: Latias
|-damage|p1a: Latias|15/100
|
|-heal|p1a: Latias|21/100|[from] item: Leftovers
|upkeep
|turn|9
|
|t:|1760319683
|move|p1a: Latias|Protect|p1a: Latias
|-singleturn|p1a: Latias|Protect
|move|p2a: Conkeldurr|Mach Punch|p1a: Latias
|-activate|p1a: Latias|move: Protect
|
|-heal|p1a: Latias|27/100|[from] item: Leftovers
|upkeep
|turn|10
|
|t:|1760319692
|-terastallize|p2a: Conkeldurr|Fighting
|move|p2a: Conkeldurr|Mach Punch|p1a: Latias
|-resisted|p1a: Latias
|-damage|p1a: Latias|7/100
|move|p1a: Latias|Psychic|p2a: Conkeldurr
|-supereffective|p2a: Conkeldurr
|-damage|p2a: Conkeldurr|16/100
|
|-heal|p1a: Latias|13/100|[from] item: Leftovers
|-heal|p2a: Conkeldurr|22/100|[from] item: Leftovers
|upkeep
|turn|11
|
|t:|1760319704
|switch|p2a: Galvantula|Galvantula, F|100/100
|move|p1a: Latias|Protect||[still]
|-fail|p1a: Latias
|
|-heal|p1a: Latias|19/100|[from] item: Leftovers
|upkeep
|turn|12
|
|t:|1760319719
|switch|p1a: Excadrill|Excadrill, F|97/100
|-damage|p1a: Excadrill|94/100|[from] Stealth Rock
|-item|p1a: Excadrill|Air Balloon
|move|p2a: Galvantula|Sticky Web|p1a: Excadrill
|-sidestart|p1: SuperNinjaMan|move: Sticky Web
|
|upkeep
|turn|13
|
|t:|1760319729
|move|p2a: Galvantula|Energy Ball|p1a: Excadrill
|-damage|p1a: Excadrill|62/100
|-enditem|p1a: Excadrill|Air Balloon
|move|p1a: Excadrill|Rapid Spin|p2a: Galvantula
|-crit|p2a: Galvantula
|-damage|p2a: Galvantula|37/100
|-boost|p1a: Excadrill|spe|1
|-sideend|p1: SuperNinjaMan|Stealth Rock|[from] move: Rapid Spin|[of] p1a: Excadrill
|-sideend|p1: SuperNinjaMan|Sticky Web|[from] move: Rapid Spin|[of] p1a: Excadrill
|
|upkeep
|turn|14
|
|t:|1760319739
|switch|p2a: Conkeldurr|Conkeldurr, F, tera:Fighting|22/100
|move|p1a: Excadrill|Rapid Spin|p2a: Conkeldurr
|-damage|p2a: Conkeldurr|5/100
|-boost|p1a: Excadrill|spe|1
|
|-heal|p2a: Conkeldurr|11/100|[from] item: Leftovers
|upkeep
|turn|15
|
|t:|1760319748
|-terastallize|p1a: Excadrill|Flying
|move|p2a: Conkeldurr|Mach Punch|p1a: Excadrill
|-resisted|p1a: Excadrill
|-damage|p1a: Excadrill|38/100
|move|p1a: Excadrill|Rapid Spin|p2a: Conkeldurr
|-damage|p2a: Conkeldurr|0 fnt
|-boost|p1a: Excadrill|spe|1
|faint|p2a: Conkeldurr
|
|upkeep
|
|t:|1760319759
|switch|p2a: 剧毒老是空废物|Gliscor, M|79/100 tox
|turn|16
|
|t:|1760319766
|move|p1a: Excadrill|Iron Head|p2a: 剧毒老是空废物
|-damage|p2a: 剧毒老是空废物|48/100 tox
|move|p2a: 剧毒老是空废物|Toxic|p1a: Excadrill
|-status|p1a: Excadrill|tox
|
|-damage|p1a: Excadrill|32/100 tox|[from] psn
|-heal|p2a: 剧毒老是空废物|60/100 tox|[from] ability: Poison Heal
|upkeep
|turn|17
|
|t:|1760319776
|move|p2a: 剧毒老是空废物|Protect|p2a: 剧毒老是空废物
|-singleturn|p2a: 剧毒老是空废物|Protect
|move|p1a: Excadrill|Stealth Rock|p2a: 剧毒老是空废物
|-sidestart|p2: leosyspu|move: Stealth Rock
|
|-damage|p1a: Excadrill|19/100 tox|[from] psn
|-heal|p2a: 剧毒老是空废物|73/100 tox|[from] ability: Poison Heal
|upkeep
|turn|18
|
|t:|1760319786
|switch|p1a: Rotom|Rotom-Heat|91/100
|move|p2a: 剧毒老是空废物|Toxic|p1a: Rotom
|-status|p1a: Rotom|tox
|
|-damage|p1a: Rotom|85/100 tox|[from] psn
|-heal|p2a: 剧毒老是空废物|85/100 tox|[from] ability: Poison Heal
|upkeep
|turn|19
|
|t:|1760319795
|switch|p1a: Scizor|Scizor, F|100/100
|move|p2a: 剧毒老是空废物|Protect||[still]
|-fail|p2a: 剧毒老是空废物
|
|-heal|p2a: 剧毒老是空废物|98/100 tox|[from] ability: Poison Heal
|upkeep
|turn|20
|
|t:|1760319803
|move|p2a: 剧毒老是空废物|Earthquake|p1a: Scizor
|-damage|p1a: Scizor|66/100
|move|p1a: Scizor|U-turn|p2a: 剧毒老是空废物
|-resisted|p2a: 剧毒老是空废物
|-damage|p2a: 剧毒老是空废物|80/100 tox
|
|t:|1760319808
|switch|p1a: Rotom|Rotom-Heat|85/100 tox|[from] U-turn
|
|-damage|p1a: Rotom|79/100 tox|[from] psn
|-heal|p2a: 剧毒老是空废物|92/100 tox|[from] ability: Poison Heal
|upkeep
|turn|21
|
|t:|1760319817
|move|p2a: 剧毒老是空废物|Protect|p2a: 剧毒老是空废物
|-singleturn|p2a: 剧毒老是空废物|Protect
|move|p1a: Rotom|Overheat|p2a: 剧毒老是空废物
|-activate|p2a: 剧毒老是空废物|move: Protect
|
|-damage|p1a: Rotom|66/100 tox|[from] psn
|-heal|p2a: 剧毒老是空废物|100/100 tox|[from] ability: Poison Heal
|upkeep
|turn|22
|
|t:|1760319826
|move|p1a: Rotom|Overheat|p2a: 剧毒老是空废物
|-damage|p2a: 剧毒老是空废物|7/100 tox
|-unboost|p1a: Rotom|spa|2
|move|p2a: 剧毒老是空废物|U-turn|p1a: Rotom
|-resisted|p1a: Rotom
|-damage|p1a: Rotom|56/100 tox
|
|t:|1760319833
|switch|p2a: Cinderace|Cinderace, F|100/100|[from] U-turn
|
|-damage|p1a: Rotom|37/100 tox|[from] psn
|upkeep
|turn|23
|
|t:|1760319857
|move|p2a: Cinderace|Court Change|p2a: Cinderace
|-start|p2a: Cinderace|typechange|Normal|[from] ability: Libero
|-swapsideconditions
|-activate|p2a: Cinderace|move: Court Change
|move|p1a: Rotom|Overheat|p2a: Cinderace
|-damage|p2a: Cinderace|34/100
|-unboost|p1a: Rotom|spa|2
|
|-damage|p1a: Rotom|12/100 tox|[from] psn
|upkeep
|turn|24
|
|t:|1760319867
|move|p2a: Cinderace|U-turn|p1a: Rotom
|-resisted|p1a: Rotom
|-damage|p1a: Rotom|0 fnt
|faint|p1a: Rotom
|
|t:|1760319876
|switch|p2a: Galvantula|Galvantula, F|37/100|[from] U-turn
|
|upkeep
|
|t:|1760319884
|switch|p1a: Tyranitar|Tyranitar, F|100/100
|-damage|p1a: Tyranitar|88/100|[from] Stealth Rock
|-weather|Sandstorm|[from] ability: Sand Stream|[of] p1a: Tyranitar
|turn|25
|
|t:|1760319890
|move|p1a: Tyranitar|Knock Off|p2a: Galvantula
|-damage|p2a: Galvantula|0 fnt
|-enditem|p2a: Galvantula|Focus Sash|[from] move: Knock Off|[of] p1a: Tyranitar
|faint|p2a: Galvantula
|
|-weather|Sandstorm|[upkeep]
|upkeep
|
|t:|1760319898
|switch|p2a: 剧毒老是空废物|Gliscor, M|7/100 tox
|turn|26
|
|t:|1760319901
|move|p2a: 剧毒老是空废物|Protect|p2a: 剧毒老是空废物
|-singleturn|p2a: 剧毒老是空废物|Protect
|move|p1a: Tyranitar|Knock Off|p2a: 剧毒老是空废物
|-activate|p2a: 剧毒老是空废物|move: Protect
|
|-weather|Sandstorm|[upkeep]
|-heal|p2a: 剧毒老是空废物|19/100 tox|[from] ability: Poison Heal
|upkeep
|turn|27
|
|t:|1760319919
|switch|p2a: Cinderace|Cinderace, F|34/100
|move|p1a: Tyranitar|Knock Off|p2a: Cinderace
|-damage|p2a: Cinderace|0 fnt
|-enditem|p2a: Cinderace|Heavy-Duty Boots|[from] move: Knock Off|[of] p1a: Tyranitar
|faint|p2a: Cinderace
|
|-weather|Sandstorm|[upkeep]
|upkeep
|
|t:|1760319929
|switch|p2a: 老婆|Gardevoir, F|100/100
|-ability|p2a: 老婆|Sand Stream|Trace|[from] ability: Trace|[of] p1a: Tyranitar
|turn|28
|
|t:|1760319947
|move|p2a: 老婆|Healing Wish|p2a: 老婆
|faint|p2a: 老婆
|move|p1a: Tyranitar|Knock Off|p2: 老婆|[notarget]
|-fail|p1a: Tyranitar
|
|-weather|Sandstorm|[upkeep]
|upkeep
|
|t:|1760319965
|switch|p2a: 剧毒老是空废物|Gliscor, M|19/100 tox
|-heal|p2a: 剧毒老是空废物|100/100|[from] move: Healing Wish
|turn|29
|
|t:|1760319972
|move|p2a: 剧毒老是空废物|Protect|p2a: 剧毒老是空废物
|-singleturn|p2a: 剧毒老是空废物|Protect
|move|p1a: Tyranitar|Knock Off|p2a: 剧毒老是空废物
|-activate|p2a: 剧毒老是空废物|move: Protect
|
|-weather|none
|-status|p2a: 剧毒老是空废物|tox|[from] item: Toxic Orb
|upkeep
|turn|30
|
|t:|1760319988
|switch|p1a: Excadrill|Excadrill, F, tera:Flying|19/100 tox
|-damage|p1a: Excadrill|0 fnt|[from] Stealth Rock
|faint|p1a: Excadrill
|move|p2a: 剧毒老是空废物|Earthquake|p1: Excadrill|[notarget]
|-fail|p2a: 剧毒老是空废物
|
|upkeep
|
|t:|1760319999
|switch|p1a: Tyranitar|Tyranitar, F|88/100
|-damage|p1a: Tyranitar|76/100|[from] Stealth Rock
|-weather|Sandstorm|[from] ability: Sand Stream|[of] p1a: Tyranitar
|turn|31
|
|t:|1760320007
|move|p1a: Tyranitar|Ice Beam|p2a: 剧毒老是空废物
|-supereffective|p2a: 剧毒老是空废物
|-damage|p2a: 剧毒老是空废物|16/100 tox
|move|p2a: 剧毒老是空废物|Toxic|p1a: Tyranitar
|-status|p1a: Tyranitar|tox
|
|-weather|Sandstorm|[upkeep]
|-damage|p1a: Tyranitar|70/100 tox|[from] psn
|-heal|p2a: 剧毒老是空废物|28/100 tox|[from] ability: Poison Heal
|upkeep
|turn|32
|
|t:|1760320017
|move|p2a: 剧毒老是空废物|Protect|p2a: 剧毒老是空废物
|-singleturn|p2a: 剧毒老是空废物|Protect
|move|p1a: Tyranitar|Ice Beam|p2a: 剧毒老是空废物
|-activate|p2a: 剧毒老是空废物|move: Protect
|
|-weather|Sandstorm|[upkeep]
|-damage|p1a: Tyranitar|57/100 tox|[from] psn
|-heal|p2a: 剧毒老是空废物|41/100 tox|[from] ability: Poison Heal
|upkeep
|turn|33
|
|t:|1760320027
|move|p2a: 剧毒老是空废物|Protect||[still]
|-fail|p2a: 剧毒老是空废物
|move|p1a: Tyranitar|Ice Beam|p2a: 剧毒老是空废物
|-supereffective|p2a: 剧毒老是空废物
|-damage|p2a: 剧毒老是空废物|0 fnt
|faint|p2a: 剧毒老是空废物
|
|win|SuperNinjaMan
|raw|SuperNinjaMan's rating: 1293 &rarr; <strong>1317</strong><br />(+24 for winning)
|raw|leosyspu's rating: 1283 &rarr; <strong>1259</strong><br />(-24 for losing)
|l|☆leosyspu
|player|p2|
|c|☆SuperNinjaMan|gg
|l|☆SuperNinjaMan
|player|p1|
