|j|☆Assassinator.dr
|j|☆doodoogirl69
|t:|1760414576
|gametype|singles
|player|p1|Assassinator.dr|silver|1160
|player|p2|doodoogirl69|1|1164
|gen|9
|tier|[Gen 9] OU
|rated|
|rule|HP Percentage Mod: HP is shown in percentages
|rule|Endless Battle Clause: Forcing endless battles is banned
|rule|Species Clause: Limit one of each Pokémon
|rule|OHKO Clause: OHKO moves are banned
|rule|Evasion Items Clause: Evasion items are banned
|rule|Evasion Moves Clause: Evasion moves are banned
|rule|Evasion Abilities Clause: Evasion abilities are banned
|rule|Sleep Moves Clause: Sleep-inducing moves are banned
|clearpoke
|poke|p1|Umbreon, M|
|poke|p1|Jolteon, F|
|poke|p1|Flareon, M|
|poke|p1|Sylveon, M|
|poke|p1|Espeon, F|
|poke|p1|Vaporeon, F|
|poke|p2|Gallade, M|
|poke|p2|Chandelure, F|
|poke|p2|Torterra, F|
|poke|p2|Revavroom, M|
|poke|p2|Vaporeon, M|
|poke|p2|Gastrodon, M|
|teampreview
|inactive|Battle timer is ON: inactive players will automatically lose when time's up. (requested by Assassinator.dr)
|c|☆Assassinator.dr|Glhf
|
|t:|1760414606
|teamsize|p1|6
|teamsize|p2|6
|start
|switch|p1a: Umbreon|Umbreon, M|100/100
|switch|p2a: Gallade|Gallade, M|100/100
|turn|1
|
|t:|1760414616
|move|p1a: Umbreon|Protect|p1a: Umbreon
|-singleturn|p1a: Umbreon|Protect
|move|p2a: Gallade|Poison Jab|p1a: Umbreon
|-activate|p1a: Umbreon|move: Protect
|
|upkeep
|turn|2
|
|t:|1760414630
|move|p2a: Gallade|Sacred Sword|p1a: Umbreon
|-supereffective|p1a: Umbreon
|-damage|p1a: Umbreon|0 fnt
|faint|p1a: Umbreon
|
|upkeep
|
|t:|1760414637
|switch|p1a: Flareon|Flareon, M, shiny|100/100
|turn|3
|
|t:|1760414641
|move|p2a: Gallade|Sacred Sword|p1a: Flareon
|-damage|p1a: Flareon|0 fnt
|faint|p1a: Flareon
|
|upkeep
|
|t:|1760414650
|switch|p1a: Sylveon|Sylveon, M|100/100
|turn|4
|
|t:|1760414660
|-terastallize|p1a: Sylveon|Steel
|move|p2a: Gallade|Poison Jab|p1a: Sylveon
|-immune|p1a: Sylveon
|move|p1a: Sylveon|Hyper Voice|p2a: Gallade
|-supereffective|p2a: Gallade
|-damage|p2a: Gallade|20/100
|
|upkeep
|turn|5
|
|t:|1760414671
|switch|p1a: Vaporeon|Vaporeon, F|100/100
|move|p2a: Gallade|Sacred Sword|p1a: Vaporeon
|-damage|p1a: Vaporeon|45/100
|-damage|p2a: Gallade|3/100|[from] item: Rocky Helmet|[of] p1a: Vaporeon
|
|upkeep
|turn|6
|
|t:|1760414679
|move|p2a: Gallade|Sacred Sword|p1a: Vaporeon
|-damage|p1a: Vaporeon|0 fnt
|-damage|p2a: Gallade|0 fnt|[from] item: Rocky Helmet|[of] p1a: Vaporeon
|faint|p1a: Vaporeon
|faint|p2a: Gallade
|
|upkeep
|
|t:|1760414685
|switch|p2a: Chandelure|Chandelure, F|100/100
|switch|p1a: Jolteon|Jolteon, F|100/100
|turn|7
|
|t:|1760414692
|switch|p2a: Gastrodon|Gastrodon, M|100/100
|move|p1a: Jolteon|Thunderbolt|p2a: Gastrodon
|-immune|p2a: Gastrodon
|
|upkeep
|turn|8
|
|t:|1760414697
|move|p1a: Jolteon|Hyper Voice|p2a: Gastrodon
|-damage|p2a: Gastrodon|76/100
|-damage|p1a: Jolteon|91/100|[from] item: Life Orb
|move|p2a: Gastrodon|Earth Power|p1a: Jolteon
|-supereffective|p1a: Jolteon
|-damage|p1a: Jolteon|21/100
|
|upkeep
|turn|9
|-message|Assassinator.dr forfeited.
|
|win|doodoogirl69
|raw|Assassinator.dr's rating: 1160 &rarr; <strong>1135</strong><br />(-25 for losing)
|raw|doodoogirl69's rating: 1164 &rarr; <strong>1189</strong><br />(+25 for winning)
|l|☆doodoogirl69
|player|p2|
