|j|☆zzzmau1
|j|☆kk_shnap
|t:|1760432878
|gametype|singles
|player|p1|zzzmau1|1|1402
|player|p2|kk_shnap|170|1367
|gen|9
|tier|[Gen 9] OU
|rated|
|rule|HP Percentage Mod: HP is shown in percentages
|rule|Endless Battle Clause: Forcing endless battles is banned
|rule|Species Clause: Limit one of each Pokémon
|rule|OHKO Clause: OHKO moves are banned
|rule|Evasion Items Clause: Evasion items are banned
|rule|Evasion Moves Clause: Evasion moves are banned
|rule|Evasion Abilities Clause: Evasion abilities are banned
|rule|Sleep Moves Clause: Sleep-inducing moves are banned
|clearpoke
|poke|p1|Torkoal, F|
|poke|p1|Walking Wake|
|poke|p1|Slither Wing|
|poke|p1|Great Tusk|
|poke|p1|Raging Bolt|
|poke|p1|Tinkaton, F|
|poke|p2|Mabosstiff, F|
|poke|p2|Corviknight, M|
|poke|p2|Dondozo, M|
|poke|p2|Zamazenta-*|
|poke|p2|Hatterene, F|
|poke|p2|Clodsire, M|
|teampreview
|
|t:|1760432928
|teamsize|p1|6
|teamsize|p2|6
|start
|switch|p1a: Tinkaton|Tinkaton, F|100/100
|switch|p2a: Hatterene|Hatterene, F|100/100
|-ability|p1a: Tinkaton|Mold Breaker
|turn|1
|
|t:|1760432938
|switch|p2a: Corviknight|Corviknight, M|100/100
|-ability|p2a: Corviknight|Pressure
|move|p1a: Tinkaton|Stealth Rock|p2a: Corviknight
|-sidestart|p2: kk_shnap|move: Stealth Rock
|
|upkeep
|turn|2
|
|t:|1760432948
|move|p1a: Tinkaton|Knock Off|p2a: Corviknight
|-damage|p2a: Corviknight|87/100
|-damage|p1a: Tinkaton|84/100|[from] item: Rocky Helmet|[of] p2a: Corviknight
|-enditem|p2a: Corviknight|Rocky Helmet|[from] move: Knock Off|[of] p1a: Tinkaton
|move|p2a: Corviknight|Brave Bird|p1a: Tinkaton
|-resisted|p1a: Tinkaton
|-damage|p1a: Tinkaton|59/100
|-damage|p2a: Corviknight|80/100|[from] Recoil
|-enditem|p1a: Tinkaton|Eject Button
|
|t:|1760432956
|switch|p1a: Torkoal|Torkoal, F|100/100
|-weather|SunnyDay|[from] ability: Drought|[of] p1a: Torkoal
|
|-weather|SunnyDay|[upkeep]
|upkeep
|turn|3
|
|t:|1760432962
|switch|p1a: Walking Wake|Walking Wake|100/100
|-activate|p1a: Walking Wake|ability: Protosynthesis
|-start|p1a: Walking Wake|protosynthesisspa
|move|p2a: Corviknight|Defog|p1a: Walking Wake
|-unboost|p1a: Walking Wake|evasion|1
|-sideend|p2: kk_shnap|Stealth Rock|[from] move: Defog|[of] p2a: Corviknight
|
|-weather|SunnyDay|[upkeep]
|upkeep
|turn|4
|
|t:|1760432986
|switch|p2a: Clodsire|Clodsire, M|100/100
|move|p1a: Walking Wake|Flamethrower|p2a: Clodsire
|-damage|p2a: Clodsire|51/100
|
|-weather|SunnyDay|[upkeep]
|upkeep
|turn|5
|
|t:|1760432992
|-end|p1a: Walking Wake|Protosynthesis|[silent]
|switch|p1a: Great Tusk|Great Tusk|100/100
|-activate|p1a: Great Tusk|ability: Protosynthesis
|-start|p1a: Great Tusk|protosynthesisspe
|move|p2a: Clodsire|Stealth Rock|p1a: Great Tusk
|-sidestart|p1: zzzmau1|move: Stealth Rock
|
|-weather|SunnyDay|[upkeep]
|upkeep
|turn|6
|
|t:|1760433022
|move|p1a: Great Tusk|Rapid Spin|p2a: Clodsire
|-damage|p2a: Clodsire|34/100
|-boost|p1a: Great Tusk|spe|1
|-sideend|p1: zzzmau1|Stealth Rock|[from] move: Rapid Spin|[of] p1a: Great Tusk
|move|p2a: Clodsire|Toxic|p1a: Great Tusk
|-status|p1a: Great Tusk|tox
|
|-weather|SunnyDay|[upkeep]
|-damage|p1a: Great Tusk|94/100 tox|[from] psn
|upkeep
|turn|7
|
|t:|1760433041
|switch|p2a: Corviknight|Corviknight, M|80/100
|-ability|p2a: Corviknight|Pressure
|move|p1a: Great Tusk|Headlong Rush|p2a: Corviknight
|-immune|p2a: Corviknight
|
|-weather|SunnyDay|[upkeep]
|-damage|p1a: Great Tusk|82/100 tox|[from] psn
|upkeep
|turn|8
|
|t:|1760433047
|-end|p1a: Great Tusk|Protosynthesis|[silent]
|switch|p1a: Raging Bolt|Raging Bolt|100/100
|-activate|p1a: Raging Bolt|ability: Protosynthesis
|-start|p1a: Raging Bolt|protosynthesisspa
|move|p2a: Corviknight|U-turn|p1a: Raging Bolt
|-damage|p1a: Raging Bolt|89/100
|
|t:|1760433061
|switch|p2a: Clodsire|Clodsire, M|34/100|[from] U-turn
|
|-weather|SunnyDay|[upkeep]
|upkeep
|turn|9
|
|t:|1760433066
|move|p1a: Raging Bolt|Dragon Pulse|p2a: Clodsire
|-damage|p2a: Clodsire|5/100
|move|p2a: Clodsire|Recover|p2a: Clodsire
|-heal|p2a: Clodsire|55/100
|
|-weather|none
|-end|p1a: Raging Bolt|Protosynthesis
|upkeep
|turn|10
|
|t:|1760433072
|-end|p1a: Raging Bolt|Protosynthesis|[silent]
|switch|p1a: Tinkaton|Tinkaton, F|59/100
|-ability|p1a: Tinkaton|Mold Breaker
|move|p2a: Clodsire|Recover|p2a: Clodsire
|-heal|p2a: Clodsire|100/100
|
|upkeep
|turn|11
|
|t:|1760433095
|move|p1a: Tinkaton|Encore|p2a: Clodsire
|-start|p2a: Clodsire|Encore
|move|p2a: Clodsire|Recover||[still]
|-fail|p2a: Clodsire|heal
|
|upkeep
|turn|12
|
|t:|1760433098
|switch|p2a: Corviknight|Corviknight, M|80/100
|-ability|p2a: Corviknight|Pressure
|move|p1a: Tinkaton|Stealth Rock|p2a: Corviknight
|-sidestart|p2: kk_shnap|move: Stealth Rock
|
|upkeep
|turn|13
|
|t:|1760433104
|switch|p1a: Torkoal|Torkoal, F|100/100
|-weather|SunnyDay|[from] ability: Drought|[of] p1a: Torkoal
|move|p2a: Corviknight|Defog|p1a: Torkoal
|-unboost|p1a: Torkoal|evasion|1
|-sideend|p2: kk_shnap|Stealth Rock|[from] move: Defog|[of] p2a: Corviknight
|
|-weather|SunnyDay|[upkeep]
|upkeep
|turn|14
|
|t:|1760433119
|switch|p2a: Clodsire|Clodsire, M|100/100
|move|p1a: Torkoal|Will-O-Wisp|p2a: Clodsire
|-status|p2a: Clodsire|brn
|
|-weather|SunnyDay|[upkeep]
|-damage|p2a: Clodsire|94/100 brn|[from] brn
|upkeep
|turn|15
|
|t:|1760433133
|switch|p1a: Great Tusk|Great Tusk|82/100 tox
|-activate|p1a: Great Tusk|ability: Protosynthesis
|-start|p1a: Great Tusk|protosynthesisspe
|move|p2a: Clodsire|Stealth Rock|p1a: Great Tusk
|-sidestart|p1: zzzmau1|move: Stealth Rock
|
|-weather|SunnyDay|[upkeep]
|-damage|p1a: Great Tusk|76/100 tox|[from] psn
|-damage|p2a: Clodsire|88/100 brn|[from] brn
|upkeep
|turn|16
|
|t:|1760433139
|switch|p2a: Corviknight|Corviknight, M|80/100
|-ability|p2a: Corviknight|Pressure
|move|p1a: Great Tusk|Rapid Spin|p2a: Corviknight
|-resisted|p2a: Corviknight
|-damage|p2a: Corviknight|76/100
|-boost|p1a: Great Tusk|spe|1
|-sideend|p1: zzzmau1|Stealth Rock|[from] move: Rapid Spin|[of] p1a: Great Tusk
|
|-weather|SunnyDay|[upkeep]
|-damage|p1a: Great Tusk|63/100 tox|[from] psn
|upkeep
|turn|17
|
|t:|1760433150
|-end|p1a: Great Tusk|Protosynthesis|[silent]
|switch|p1a: Raging Bolt|Raging Bolt|89/100
|-activate|p1a: Raging Bolt|ability: Protosynthesis
|-start|p1a: Raging Bolt|protosynthesisspa
|move|p2a: Corviknight|Brave Bird|p1a: Raging Bolt
|-resisted|p1a: Raging Bolt
|-damage|p1a: Raging Bolt|74/100
|-damage|p2a: Corviknight|70/100|[from] Recoil
|
|-weather|SunnyDay|[upkeep]
|upkeep
|turn|18
|
|t:|1760433154
|switch|p2a: Clodsire|Clodsire, M|88/100 brn
|move|p1a: Raging Bolt|Weather Ball|p2a: Clodsire
|-damage|p2a: Clodsire|57/100 brn
|
|-weather|SunnyDay|[upkeep]
|-damage|p2a: Clodsire|51/100 brn|[from] brn
|upkeep
|turn|19
|
|t:|1760433163
|-end|p1a: Raging Bolt|Protosynthesis|[silent]
|switch|p1a: Tinkaton|Tinkaton, F|59/100
|-ability|p1a: Tinkaton|Mold Breaker
|move|p2a: Clodsire|Recover|p2a: Clodsire
|-heal|p2a: Clodsire|100/100 brn
|
|-weather|SunnyDay|[upkeep]
|-damage|p2a: Clodsire|94/100 brn|[from] brn
|upkeep
|turn|20
|
|t:|1760433176
|move|p1a: Tinkaton|Stealth Rock|p2a: Clodsire
|-sidestart|p2: kk_shnap|move: Stealth Rock
|move|p2a: Clodsire|Bulldoze|p1a: Tinkaton
|-supereffective|p1a: Tinkaton
|-damage|p1a: Tinkaton|34/100
|-unboost|p1a: Tinkaton|spe|1
|
|-weather|none
|-damage|p2a: Clodsire|88/100 brn|[from] brn
|upkeep
|turn|21
|
|t:|1760433190
|switch|p1a: Slither Wing|Slither Wing|100/100
|move|p2a: Clodsire|Stealth Rock|p1a: Slither Wing
|-sidestart|p1: zzzmau1|move: Stealth Rock
|
|-damage|p2a: Clodsire|82/100 brn|[from] brn
|upkeep
|turn|22
|
|t:|1760433195
|switch|p2a: Corviknight|Corviknight, M|70/100
|-damage|p2a: Corviknight|58/100|[from] Stealth Rock
|-ability|p2a: Corviknight|Pressure
|move|p1a: Slither Wing|Flare Blitz|p2a: Corviknight
|-supereffective|p2a: Corviknight
|-damage|p2a: Corviknight|17/100
|-damage|p1a: Slither Wing|86/100|[from] Recoil
|
|upkeep
|turn|23
|
|t:|1760433198
|move|p1a: Slither Wing|Flare Blitz|p2a: Corviknight
|-supereffective|p2a: Corviknight
|-damage|p2a: Corviknight|0 fnt
|faint|p2a: Corviknight
|-damage|p1a: Slither Wing|80/100|[from] Recoil
|
|upkeep
|
|t:|1760433203
|switch|p2a: Dondozo|Dondozo, M|100/100
|-damage|p2a: Dondozo|88/100|[from] Stealth Rock
|turn|24
|
|t:|1760433206
|move|p1a: Slither Wing|U-turn|p2a: Dondozo
|-damage|p2a: Dondozo|75/100
|
|t:|1760433213
|-end|p1a: Slither Wing|Protosynthesis|[silent]
|switch|p1a: Great Tusk|Great Tusk|63/100 tox|[from] U-turn
|move|p2a: Dondozo|Curse|p2a: Dondozo
|-unboost|p2a: Dondozo|spe|1
|-boost|p2a: Dondozo|atk|1
|-boost|p2a: Dondozo|def|1
|
|-heal|p2a: Dondozo|81/100|[from] item: Leftovers
|-damage|p1a: Great Tusk|57/100 tox|[from] psn
|upkeep
|turn|25
|
|t:|1760433218
|move|p1a: Great Tusk|Rapid Spin|p2a: Dondozo
|-damage|p2a: Dondozo|77/100
|-boost|p1a: Great Tusk|spe|1
|-sideend|p1: zzzmau1|Stealth Rock|[from] move: Rapid Spin|[of] p1a: Great Tusk
|move|p2a: Dondozo|Waterfall|p1a: Great Tusk
|-supereffective|p1a: Great Tusk
|-damage|p1a: Great Tusk|7/100 tox
|
|-heal|p2a: Dondozo|83/100|[from] item: Leftovers
|-damage|p1a: Great Tusk|0 fnt|[from] psn
|faint|p1a: Great Tusk
|-end|p1a: Great Tusk|Protosynthesis|[silent]
|upkeep
|
|t:|1760433223
|switch|p1a: Torkoal|Torkoal, F|100/100
|-weather|SunnyDay|[from] ability: Drought|[of] p1a: Torkoal
|turn|26
|
|t:|1760433238
|move|p2a: Dondozo|Curse|p2a: Dondozo
|-unboost|p2a: Dondozo|spe|1
|-boost|p2a: Dondozo|atk|1
|-boost|p2a: Dondozo|def|1
|move|p1a: Torkoal|Will-O-Wisp|p2a: Dondozo
|-status|p2a: Dondozo|brn
|
|-weather|SunnyDay|[upkeep]
|-heal|p2a: Dondozo|89/100 brn|[from] item: Leftovers
|-damage|p2a: Dondozo|83/100 brn|[from] brn
|upkeep
|turn|27
|
|t:|1760433244
|move|p2a: Dondozo|Waterfall|p1a: Torkoal
|-supereffective|p1a: Torkoal
|-damage|p1a: Torkoal|86/100
|move|p1a: Torkoal|Clear Smog|p2a: Dondozo
|-damage|p2a: Dondozo|72/100 brn
|-clearboost|p2a: Dondozo
|
|-weather|SunnyDay|[upkeep]
|-heal|p2a: Dondozo|78/100 brn|[from] item: Leftovers
|-damage|p2a: Dondozo|72/100 brn|[from] brn
|upkeep
|turn|28
|
|t:|1760433251
|switch|p2a: Clodsire|Clodsire, M|82/100 brn
|switch|p1a: Walking Wake|Walking Wake|100/100
|-activate|p1a: Walking Wake|ability: Protosynthesis
|-start|p1a: Walking Wake|protosynthesisspa
|
|-weather|SunnyDay|[upkeep]
|-damage|p2a: Clodsire|76/100 brn|[from] brn
|upkeep
|turn|29
|
|t:|1760433262
|-end|p1a: Walking Wake|Protosynthesis|[silent]
|switch|p1a: Tinkaton|Tinkaton, F|34/100
|-ability|p1a: Tinkaton|Mold Breaker
|-terastallize|p2a: Clodsire|Steel
|move|p2a: Clodsire|Toxic|p1a: Tinkaton|[miss]
|-miss|p2a: Clodsire|p1a: Tinkaton
|
|-weather|SunnyDay|[upkeep]
|-damage|p2a: Clodsire|70/100 brn|[from] brn
|upkeep
|turn|30
|
|t:|1760433268
|move|p1a: Tinkaton|Encore|p2a: Clodsire
|-start|p2a: Clodsire|Encore
|move|p2a: Clodsire|Toxic|p1a: Tinkaton
|-immune|p1a: Tinkaton
|
|-weather|SunnyDay|[upkeep]
|-damage|p2a: Clodsire|64/100 brn|[from] brn
|upkeep
|turn|31
|
|t:|1760433273
|switch|p2a: Dondozo|Dondozo, M|72/100 brn
|-damage|p2a: Dondozo|60/100 brn|[from] Stealth Rock
|move|p1a: Tinkaton|Knock Off|p2a: Dondozo
|-damage|p2a: Dondozo|49/100 brn
|-enditem|p2a: Dondozo|Leftovers|[from] move: Knock Off|[of] p1a: Tinkaton
|
|-weather|SunnyDay|[upkeep]
|-damage|p2a: Dondozo|43/100 brn|[from] brn
|upkeep
|turn|32
|
|t:|1760433285
|switch|p1a: Raging Bolt|Raging Bolt|74/100
|-activate|p1a: Raging Bolt|ability: Protosynthesis
|-start|p1a: Raging Bolt|protosynthesisspa
|move|p2a: Dondozo|Rest|p2a: Dondozo
|-status|p2a: Dondozo|slp|[from] move: Rest
|-heal|p2a: Dondozo|100/100 slp|[silent]
|
|-weather|SunnyDay|[upkeep]
|upkeep
|turn|33
|
|t:|1760433304
|switch|p2a: Clodsire|Clodsire, M, tera:Steel|64/100 brn
|move|p1a: Raging Bolt|Thunderbolt|p2a: Clodsire
|-damage|p2a: Clodsire|31/100 brn
|
|-weather|none
|-end|p1a: Raging Bolt|Protosynthesis
|-damage|p2a: Clodsire|25/100 brn|[from] brn
|upkeep
|turn|34
|
|t:|1760433310
|-end|p1a: Raging Bolt|Protosynthesis|[silent]
|switch|p1a: Torkoal|Torkoal, F|86/100
|-weather|SunnyDay|[from] ability: Drought|[of] p1a: Torkoal
|move|p2a: Clodsire|Recover|p2a: Clodsire
|-heal|p2a: Clodsire|75/100 brn
|
|-weather|SunnyDay|[upkeep]
|-damage|p2a: Clodsire|69/100 brn|[from] brn
|upkeep
|turn|35
|
|t:|1760433322
|switch|p1a: Slither Wing|Slither Wing|80/100
|-activate|p1a: Slither Wing|ability: Protosynthesis
|-start|p1a: Slither Wing|protosynthesisatk
|move|p2a: Clodsire|Stealth Rock|p1a: Slither Wing
|-sidestart|p1: zzzmau1|move: Stealth Rock
|
|-weather|SunnyDay|[upkeep]
|-damage|p2a: Clodsire|63/100 brn|[from] brn
|upkeep
|turn|36
|
|t:|1760433328
|switch|p2a: Dondozo|Dondozo, M|100/100 slp
|-damage|p2a: Dondozo|88/100 slp|[from] Stealth Rock
|move|p1a: Slither Wing|Close Combat|p2a: Dondozo
|-damage|p2a: Dondozo|57/100 slp
|-unboost|p1a: Slither Wing|def|1
|-unboost|p1a: Slither Wing|spd|1
|
|-weather|SunnyDay|[upkeep]
|upkeep
|turn|37
|
|t:|1760433334
|move|p1a: Slither Wing|Close Combat|p2a: Dondozo
|-damage|p2a: Dondozo|26/100 slp
|-unboost|p1a: Slither Wing|def|1
|-unboost|p1a: Slither Wing|spd|1
|cant|p2a: Dondozo|slp
|
|-weather|SunnyDay|[upkeep]
|upkeep
|turn|38
|
|t:|1760433337
|move|p1a: Slither Wing|Close Combat|p2a: Dondozo
|-damage|p2a: Dondozo|0 fnt
|-unboost|p1a: Slither Wing|def|1
|-unboost|p1a: Slither Wing|spd|1
|faint|p2a: Dondozo
|
|-weather|SunnyDay|[upkeep]
|upkeep
|
|t:|1760433342
|switch|p2a: Mabosstiff|Mabosstiff, F|100/100
|-damage|p2a: Mabosstiff|88/100|[from] Stealth Rock
|turn|39
|
|t:|1760433346
|-end|p1a: Slither Wing|Protosynthesis|[silent]
|switch|p1a: Tinkaton|Tinkaton, F|34/100
|-damage|p1a: Tinkaton|28/100|[from] Stealth Rock
|-ability|p1a: Tinkaton|Mold Breaker
|move|p2a: Mabosstiff|Crunch|p1a: Tinkaton
|-resisted|p1a: Tinkaton
|-damage|p1a: Tinkaton|0 fnt
|faint|p1a: Tinkaton
|
|-weather|SunnyDay|[upkeep]
|upkeep
|
|t:|1760433350
|switch|p1a: Slither Wing|Slither Wing|80/100
|-damage|p1a: Slither Wing|68/100|[from] Stealth Rock
|-activate|p1a: Slither Wing|ability: Protosynthesis
|-start|p1a: Slither Wing|protosynthesisatk
|turn|40
|
|t:|1760433355
|switch|p2a: Clodsire|Clodsire, M, tera:Steel|63/100 brn
|move|p1a: Slither Wing|First Impression|p2a: Clodsire
|-resisted|p2a: Clodsire
|-damage|p2a: Clodsire|35/100 brn
|
|-weather|SunnyDay|[upkeep]
|-damage|p2a: Clodsire|29/100 brn|[from] brn
|upkeep
|turn|41
|
|t:|1760433359
|move|p1a: Slither Wing|Flare Blitz|p2a: Clodsire
|-supereffective|p2a: Clodsire
|-damage|p2a: Clodsire|0 fnt
|faint|p2a: Clodsire
|-damage|p1a: Slither Wing|56/100|[from] Recoil
|
|-weather|none
|-end|p1a: Slither Wing|Protosynthesis
|upkeep
|
|t:|1760433365
|switch|p2a: Zamazenta|Zamazenta|100/100
|-damage|p2a: Zamazenta|94/100|[from] Stealth Rock
|-ability|p2a: Zamazenta|Dauntless Shield|boost
|-boost|p2a: Zamazenta|def|1
|turn|42
|
|t:|1760433367
|move|p2a: Zamazenta|Iron Defense|p2a: Zamazenta
|-boost|p2a: Zamazenta|def|2
|move|p1a: Slither Wing|U-turn|p2a: Zamazenta
|-resisted|p2a: Zamazenta
|-damage|p2a: Zamazenta|90/100
|
|t:|1760433371
|-end|p1a: Slither Wing|Protosynthesis|[silent]
|switch|p1a: Torkoal|Torkoal, F|86/100|[from] U-turn
|-damage|p1a: Torkoal|61/100|[from] Stealth Rock
|-weather|SunnyDay|[from] ability: Drought|[of] p1a: Torkoal
|
|-weather|SunnyDay|[upkeep]
|-heal|p2a: Zamazenta|96/100|[from] item: Leftovers
|upkeep
|turn|43
|
|t:|1760433374
|move|p2a: Zamazenta|Substitute|p2a: Zamazenta
|-start|p2a: Zamazenta|Substitute
|-damage|p2a: Zamazenta|71/100
|move|p1a: Torkoal|Will-O-Wisp||[still]
|-fail|p1a: Torkoal
|
|-weather|SunnyDay|[upkeep]
|-heal|p2a: Zamazenta|77/100|[from] item: Leftovers
|upkeep
|turn|44
|
|t:|1760433399
|-terastallize|p1a: Torkoal|Ghost
|move|p2a: Zamazenta|Iron Defense|p2a: Zamazenta
|-boost|p2a: Zamazenta|def|2
|move|p1a: Torkoal|Lava Plume|p2a: Zamazenta
|-end|p2a: Zamazenta|Substitute
|
|-weather|SunnyDay|[upkeep]
|-heal|p2a: Zamazenta|83/100|[from] item: Leftovers
|upkeep
|turn|45
|
|t:|1760433403
|move|p2a: Zamazenta|Substitute|p2a: Zamazenta
|-start|p2a: Zamazenta|Substitute
|-damage|p2a: Zamazenta|58/100
|move|p1a: Torkoal|Lava Plume|p2a: Zamazenta
|-end|p2a: Zamazenta|Substitute
|
|-weather|SunnyDay|[upkeep]
|-heal|p2a: Zamazenta|64/100|[from] item: Leftovers
|upkeep
|turn|46
|
|t:|1760433412
|move|p2a: Zamazenta|Substitute|p2a: Zamazenta
|-start|p2a: Zamazenta|Substitute
|-damage|p2a: Zamazenta|39/100
|move|p1a: Torkoal|Lava Plume|p2a: Zamazenta
|-end|p2a: Zamazenta|Substitute
|
|-weather|SunnyDay|[upkeep]
|-heal|p2a: Zamazenta|46/100|[from] item: Leftovers
|upkeep
|turn|47
|
|t:|1760433534
|move|p2a: Zamazenta|Crunch|p1a: Torkoal
|-supereffective|p1a: Torkoal
|-damage|p1a: Torkoal|39/100
|move|p1a: Torkoal|Lava Plume|p2a: Zamazenta
|-damage|p2a: Zamazenta|15/100
|
|-weather|SunnyDay|[upkeep]
|-heal|p2a: Zamazenta|21/100|[from] item: Leftovers
|upkeep
|turn|48
|
|t:|1760433547
|move|p2a: Zamazenta|Crunch|p1a: Torkoal
|-supereffective|p1a: Torkoal
|-damage|p1a: Torkoal|12/100
|move|p1a: Torkoal|Lava Plume|p2a: Zamazenta
|-damage|p2a: Zamazenta|0 fnt
|faint|p2a: Zamazenta
|
|-weather|SunnyDay|[upkeep]
|upkeep
|
|t:|1760433549
|switch|p2a: Mabosstiff|Mabosstiff, F|88/100
|-damage|p2a: Mabosstiff|76/100|[from] Stealth Rock
|turn|49
|
|t:|1760433551
|move|p2a: Mabosstiff|Crunch|p1a: Torkoal
|-supereffective|p1a: Torkoal
|-damage|p1a: Torkoal|0 fnt
|faint|p1a: Torkoal
|
|-weather|none
|upkeep
|
|t:|1760433554
|switch|p1a: Walking Wake|Walking Wake|100/100
|-damage|p1a: Walking Wake|88/100|[from] Stealth Rock
|turn|50
|
|t:|1760433556
|move|p1a: Walking Wake|Hydro Steam|p2a: Mabosstiff
|-damage|p2a: Mabosstiff|0 fnt
|faint|p2a: Mabosstiff
|
|upkeep
|
|t:|1760433558
|switch|p2a: Hatterene|Hatterene, F|100/100
|-damage|p2a: Hatterene|88/100|[from] Stealth Rock
|turn|51
|
|t:|1760433560
|move|p1a: Walking Wake|Hydro Steam|p2a: Hatterene
|-damage|p2a: Hatterene|12/100
|move|p2a: Hatterene|Calm Mind|p2a: Hatterene
|-boost|p2a: Hatterene|spa|1
|-boost|p2a: Hatterene|spd|1
|
|-heal|p2a: Hatterene|18/100|[from] item: Leftovers
|upkeep
|turn|52
|
|t:|1760433564
|move|p1a: Walking Wake|Hydro Steam|p2a: Hatterene
|-damage|p2a: Hatterene|0 fnt
|faint|p2a: Hatterene
|
|win|zzzmau1
|raw|zzzmau1's rating: 1402 &rarr; <strong>1420</strong><br />(+18 for winning)
|raw|kk_shnap's rating: 1367 &rarr; <strong>1349</strong><br />(-18 for losing)
|l|☆kk_shnap
|player|p2|
|l|☆zzzmau1
|player|p1|
