|j|☆CourtTre
|j|☆Kaora 1246
|t:|1760433609
|gametype|singles
|player|p1|CourtTre|clair|1310
|player|p2|Kaora 1246|jessiejames-gen1|1361
|gen|9
|tier|[Gen 9] OU
|rated|
|rule|HP Percentage Mod: HP is shown in percentages
|rule|Endless Battle Clause: Forcing endless battles is banned
|rule|Species Clause: Limit one of each Pokémon
|rule|OHKO Clause: OHKO moves are banned
|rule|Evasion Items Clause: Evasion items are banned
|rule|Evasion Moves Clause: Evasion moves are banned
|rule|Evasion Abilities Clause: Evasion abilities are banned
|rule|Sleep Moves Clause: Sleep-inducing moves are banned
|clearpoke
|poke|p1|Pelipper, F|
|poke|p1|Thundurus-Therian, M|
|poke|p1|Ogerpon-Wellspring, F|
|poke|p1|Barraskewda, M|
|poke|p1|Floatzel, F|
|poke|p1|Iron Treads|
|poke|p2|Pelipper, F|
|poke|p2|Tornadus-Therian, M|
|poke|p2|Barraskewda, F|
|poke|p2|Zamazenta-*|
|poke|p2|Iron Treads|
|poke|p2|Gliscor, F|
|teampreview
|inactive|Battle timer is ON: inactive players will automatically lose when time's up. (requested by CourtTre)
|
|t:|1760433646
|teamsize|p1|6
|teamsize|p2|6
|start
|switch|p1a: Pelipper|Pelipper, F|100/100
|switch|p2a: Tornadus|Tornadus-Therian, M, shiny|100/100
|-weather|RainDance|[from] ability: Drizzle|[of] p1a: Pelipper
|turn|1
|inactive|CourtTre has 120 seconds left.
|
|t:|1760433676
|move|p2a: Tornadus|Hurricane|p1a: Pelipper
|-damage|p1a: Pelipper|0 fnt
|faint|p1a: Pelipper
|
|-weather|RainDance|[upkeep]
|upkeep
|inactive|CourtTre has 120 seconds left.
|
|t:|1760433704
|switch|p1a: Barraskewda|Barraskewda, M, shiny|100/100
|turn|2
|
|t:|1760433709
|switch|p2a: Pelipper|Pelipper, F, shiny|100/100
|move|p1a: Barraskewda|Liquidation|p2a: Pelipper
|-resisted|p2a: Pelipper
|-damage|p2a: Pelipper|58/100
|
|-weather|RainDance|[upkeep]
|upkeep
|turn|3
|
|t:|1760433720
|move|p1a: Barraskewda|Liquidation|p2a: Pelipper
|-resisted|p2a: Pelipper
|-damage|p2a: Pelipper|19/100
|move|p2a: Pelipper|Hurricane|p1a: Barraskewda
|-damage|p1a: Barraskewda|38/100
|-start|p1a: Barraskewda|confusion
|
|-weather|RainDance|[upkeep]
|upkeep
|turn|4
|
|t:|1760433728
|-activate|p1a: Barraskewda|confusion
|move|p1a: Barraskewda|Liquidation|p2a: Pelipper
|-resisted|p2a: Pelipper
|-damage|p2a: Pelipper|0 fnt
|faint|p2a: Pelipper
|
|-weather|RainDance|[upkeep]
|upkeep
|inactive|Kaora 1246 has 120 seconds left.
|
|t:|1760433771
|switch|p2a: Zamazenta|Zamazenta|100/100
|-ability|p2a: Zamazenta|Dauntless Shield|boost
|-boost|p2a: Zamazenta|def|1
|turn|5
|
|t:|1760433775
|-activate|p1a: Barraskewda|confusion
|move|p1a: Barraskewda|Liquidation|p2a: Zamazenta
|-damage|p2a: Zamazenta|52/100
|move|p2a: Zamazenta|Body Press|p1a: Barraskewda
|-damage|p1a: Barraskewda|0 fnt
|faint|p1a: Barraskewda
|
|-weather|RainDance|[upkeep]
|-heal|p2a: Zamazenta|58/100|[from] item: Leftovers
|upkeep
|
|t:|1760433790
|switch|p1a: Thundurus|Thundurus-Therian, M|100/100
|turn|6
|
|t:|1760433802
|switch|p2a: Iron Treads|Iron Treads|100/100
|move|p1a: Thundurus|Weather Ball|p2a: Iron Treads
|-supereffective|p2a: Iron Treads
|-damage|p2a: Iron Treads|13/100
|
|-weather|RainDance|[upkeep]
|-heal|p2a: Iron Treads|19/100|[from] item: Leftovers
|upkeep
|turn|7
|
|t:|1760433813
|move|p1a: Thundurus|Weather Ball|p2a: Iron Treads
|-supereffective|p2a: Iron Treads
|-damage|p2a: Iron Treads|0 fnt
|faint|p2a: Iron Treads
|-end|p2a: Iron Treads|Quark Drive|[silent]
|
|-weather|RainDance|[upkeep]
|upkeep
|inactive|Kaora 1246 has 120 seconds left.
|
|t:|1760433829
|switch|p2a: Gliscor|Gliscor, F|100/100
|turn|8
|
|t:|1760433836
|move|p2a: Gliscor|Protect|p2a: Gliscor
|-singleturn|p2a: Gliscor|Protect
|move|p1a: Thundurus|Thunder|p2a: Gliscor
|-activate|p2a: Gliscor|move: Protect
|
|-weather|none
|-status|p2a: Gliscor|tox|[from] item: Toxic Orb
|upkeep
|turn|9
|
|t:|1760433851
|move|p1a: Thundurus|Psychic|p2a: Gliscor
|-damage|p2a: Gliscor|73/100 tox
|move|p2a: Gliscor|Toxic|p1a: Thundurus
|-status|p1a: Thundurus|tox
|
|-damage|p1a: Thundurus|94/100 tox|[from] psn
|-heal|p2a: Gliscor|85/100 tox|[from] ability: Poison Heal
|upkeep
|turn|10
|
|t:|1760433858
|switch|p1a: Floatzel|Floatzel, F|100/100
|move|p2a: Gliscor|Knock Off|p1a: Floatzel
|-damage|p1a: Floatzel|69/100
|-enditem|p1a: Floatzel|Choice Band|[from] move: Knock Off|[of] p2a: Gliscor
|
|-heal|p2a: Gliscor|98/100 tox|[from] ability: Poison Heal
|upkeep
|turn|11
|
|t:|1760433872
|move|p2a: Gliscor|Protect|p2a: Gliscor
|-singleturn|p2a: Gliscor|Protect
|move|p1a: Floatzel|Ice Spinner|p2a: Gliscor
|-activate|p2a: Gliscor|move: Protect
|
|-heal|p2a: Gliscor|100/100 tox|[from] ability: Poison Heal
|upkeep
|turn|12
|inactive|Kaora 1246 has 120 seconds left.
|
|t:|1760433916
|-terastallize|p2a: Gliscor|Water
|move|p1a: Floatzel|Ice Spinner|p2a: Gliscor
|-resisted|p2a: Gliscor
|-damage|p2a: Gliscor|91/100 tox
|move|p2a: Gliscor|Toxic|p1a: Floatzel
|-status|p1a: Floatzel|tox
|
|-damage|p1a: Floatzel|63/100 tox|[from] psn
|-heal|p2a: Gliscor|100/100 tox|[from] ability: Poison Heal
|upkeep
|turn|13
|
|t:|1760433926
|switch|p1a: Iron Treads|Iron Treads|100/100
|switch|p2a: Barraskewda|Barraskewda, F, shiny|100/100
|
|upkeep
|turn|14
|inactive|Kaora 1246 has 120 seconds left.
|
|t:|1760433931
|-end|p1a: Iron Treads|Quark Drive|[silent]
|switch|p1a: Ogerpon|Ogerpon-Wellspring, F|100/100
|move|p2a: Barraskewda|Close Combat|p1a: Ogerpon
|-damage|p1a: Ogerpon|43/100
|-unboost|p2a: Barraskewda|def|1
|-unboost|p2a: Barraskewda|spd|1
|
|upkeep
|turn|15
|inactive|Kaora 1246 has 120 seconds left.
|
|t:|1760433957
|move|p2a: Barraskewda|Close Combat|p1a: Ogerpon
|-damage|p1a: Ogerpon|0 fnt
|-unboost|p2a: Barraskewda|def|1
|-unboost|p2a: Barraskewda|spd|1
|faint|p1a: Ogerpon
|
|upkeep
|
|t:|1760433961
|switch|p1a: Thundurus|Thundurus-Therian, M|94/100 tox
|turn|16
|
|t:|1760433966
|move|p2a: Barraskewda|Close Combat|p1a: Thundurus
|-resisted|p1a: Thundurus
|-damage|p1a: Thundurus|59/100 tox
|-unboost|p2a: Barraskewda|def|1
|-unboost|p2a: Barraskewda|spd|1
|move|p1a: Thundurus|Psychic|p2a: Barraskewda
|-damage|p2a: Barraskewda|0 fnt
|faint|p2a: Barraskewda
|
|-damage|p1a: Thundurus|53/100 tox|[from] psn
|upkeep
|inactive|Kaora 1246 has 90 seconds left.
|
|t:|1760434011
|switch|p2a: Gliscor|Gliscor, F, tera:Water|100/100 tox
|turn|17
|inactive|CourtTre has 120 seconds left.
|
|t:|1760434064
|move|p2a: Gliscor|Protect|p2a: Gliscor
|-singleturn|p2a: Gliscor|Protect
|move|p1a: Thundurus|Volt Switch|p2a: Gliscor
|-activate|p2a: Gliscor|move: Protect
|
|-damage|p1a: Thundurus|41/100 tox|[from] psn
|upkeep
|turn|18
|inactive|Kaora 1246 has 90 seconds left.
|
|t:|1760434086
|switch|p2a: Zamazenta|Zamazenta|58/100
|move|p1a: Thundurus|Thunder|p2a: Zamazenta|[miss]
|-miss|p1a: Thundurus|p2a: Zamazenta
|
|-heal|p2a: Zamazenta|65/100|[from] item: Leftovers
|-damage|p1a: Thundurus|23/100 tox|[from] psn
|upkeep
|turn|19
|
|t:|1760434096
|move|p2a: Zamazenta|Body Press|p1a: Thundurus
|-resisted|p1a: Thundurus
|-damage|p1a: Thundurus|0 fnt
|faint|p1a: Thundurus
|
|-heal|p2a: Zamazenta|71/100|[from] item: Leftovers
|upkeep
|
|t:|1760434119
|switch|p1a: Floatzel|Floatzel, F|63/100 tox
|turn|20
|
|t:|1760434126
|move|p2a: Zamazenta|Iron Defense|p2a: Zamazenta
|-boost|p2a: Zamazenta|def|2
|move|p1a: Floatzel|Wave Crash|p2a: Zamazenta
|-damage|p2a: Zamazenta|50/100
|-damage|p1a: Floatzel|56/100 tox|[from] Recoil
|
|-heal|p2a: Zamazenta|57/100|[from] item: Leftovers
|-damage|p1a: Floatzel|49/100 tox|[from] psn
|upkeep
|turn|21
|inactive|Kaora 1246 has 90 seconds left.
|
|t:|1760434134
|move|p2a: Zamazenta|Body Press|p1a: Floatzel
|-damage|p1a: Floatzel|0 fnt
|faint|p1a: Floatzel
|
|-heal|p2a: Zamazenta|63/100|[from] item: Leftovers
|upkeep
|-message|CourtTre forfeited.
|
|win|Kaora 1246
|raw|CourtTre's rating: 1310 &rarr; <strong>1293</strong><br />(-17 for losing)
|raw|Kaora 1246's rating: 1361 &rarr; <strong>1378</strong><br />(+17 for winning)
|l|☆CourtTre
|player|p1|
|l|☆Kaora 1246
|player|p2|
