|j|☆isochrysis
|j|☆caterpeace
|t:|1760373713
|gametype|singles
|player|p1|isochrysis|psychic-gen4|1112
|player|p2|caterpeace|marshal|1077
|gen|9
|tier|[Gen 9] OU
|rated|
|rule|HP Percentage Mod: HP is shown in percentages
|rule|Endless Battle Clause: Forcing endless battles is banned
|rule|Species Clause: Limit one of each Pokémon
|rule|OHKO Clause: OHKO moves are banned
|rule|Evasion Items Clause: Evasion items are banned
|rule|Evasion Moves Clause: Evasion moves are banned
|rule|Evasion Abilities Clause: Evasion abilities are banned
|rule|Sleep Moves Clause: Sleep-inducing moves are banned
|clearpoke
|poke|p1|Samurott-Hisui, F|
|poke|p1|Skarmory, M|
|poke|p1|Garchomp, M|
|poke|p1|Jirachi|
|poke|p1|Pecharunt|
|poke|p1|Thundurus, M|
|poke|p2|Floatzel, F|
|poke|p2|Vespiquen, F|
|poke|p2|Rotom-Mow|
|poke|p2|Pecharunt|
|poke|p2|Enamorus, F|
|poke|p2|Corviknight, F|
|teampreview
|inactive|Battle timer is ON: inactive players will automatically lose when time's up. (requested by caterpeace)
|
|t:|1760373727
|teamsize|p1|6
|teamsize|p2|6
|start
|switch|p1a: Garchomp|Garchomp, M|100/100
|switch|p2a: Enamorus|Enamorus, F|100/100
|turn|1
|
|t:|1760373737
|-terastallize|p1a: Garchomp|Fairy
|move|p2a: Enamorus|Substitute|p2a: Enamorus
|-start|p2a: Enamorus|Substitute
|-damage|p2a: Enamorus|76/100
|move|p1a: Garchomp|Poison Jab|p2a: Enamorus
|-supereffective|p2a: Enamorus
|-end|p2a: Enamorus|Substitute
|
|-heal|p2a: Enamorus|82/100|[from] item: Leftovers
|upkeep
|turn|2
|
|t:|1760373750
|switch|p2a: Corviknight|Corviknight, F|100/100
|move|p1a: Garchomp|Swords Dance|p1a: Garchomp
|-boost|p1a: Garchomp|atk|2
|
|upkeep
|turn|3
|
|t:|1760373757
|move|p1a: Garchomp|Tera Blast|p2a: Corviknight|[anim] Tera Blast Fairy
|-resisted|p2a: Corviknight
|-damage|p2a: Corviknight|76/100
|move|p2a: Corviknight|Iron Head|p1a: Garchomp
|-supereffective|p1a: Garchomp
|-damage|p1a: Garchomp|50/100
|-damage|p2a: Corviknight|64/100|[from] ability: Rough Skin|[of] p1a: Garchomp
|-damage|p2a: Corviknight|47/100|[from] item: Rocky Helmet|[of] p1a: Garchomp
|
|upkeep
|turn|4
|
|t:|1760373782
|switch|p1a: Skarmory|Skarmory, M|100/100
|move|p2a: Corviknight|Roost|p2a: Corviknight
|-heal|p2a: Corviknight|97/100
|-singleturn|p2a: Corviknight|move: Roost
|
|upkeep
|turn|5
|
|t:|1760373789
|move|p1a: Skarmory|Stealth Rock|p2a: Corviknight
|-sidestart|p2: caterpeace|move: Stealth Rock
|move|p2a: Corviknight|Body Press|p1a: Skarmory
|-damage|p1a: Skarmory|86/100
|-enditem|p1a: Skarmory|Red Card|[of] p2a: Corviknight
|drag|p2a: Rotom|Rotom-Mow|100/100
|-damage|p2a: Rotom|88/100|[from] Stealth Rock
|
|upkeep
|turn|6
|
|t:|1760373802
|switch|p2a: Corviknight|Corviknight, F|97/100
|-damage|p2a: Corviknight|85/100|[from] Stealth Rock
|switch|p1a: Thundurus|Thundurus, M|100/100
|
|upkeep
|turn|7
|
|t:|1760373813
|switch|p2a: Rotom|Rotom-Mow|88/100
|-damage|p2a: Rotom|76/100|[from] Stealth Rock
|move|p1a: Thundurus|Thunderbolt|p2a: Rotom
|-resisted|p2a: Rotom
|-damage|p2a: Rotom|65/100
|-damage|p1a: Thundurus|91/100|[from] item: Life Orb
|
|upkeep
|turn|8
|
|t:|1760373823
|move|p1a: Thundurus|Taunt|p2a: Rotom
|-start|p2a: Rotom|move: Taunt
|move|p2a: Rotom|Foul Play|p1a: Thundurus
|-damage|p1a: Thundurus|60/100
|
|upkeep
|turn|9
|
|t:|1760373833
|switch|p1a: Samurott|Samurott-Hisui, F|100/100
|move|p2a: Rotom|Leaf Storm|p1a: Samurott
|-supereffective|p1a: Samurott
|-damage|p1a: Samurott|0 fnt
|-unboost|p2a: Rotom|spa|2
|faint|p1a: Samurott
|
|upkeep
|
|t:|1760373844
|switch|p1a: Pecharunt|Pecharunt|100/100
|turn|10
|
|t:|1760373848
|switch|p2a: Corviknight|Corviknight, F|85/100
|-damage|p2a: Corviknight|72/100|[from] Stealth Rock
|move|p1a: Pecharunt|Nasty Plot|p1a: Pecharunt
|-boost|p1a: Pecharunt|spa|2
|
|upkeep
|turn|11
|
|t:|1760373857
|move|p1a: Pecharunt|Nasty Plot|p1a: Pecharunt
|-boost|p1a: Pecharunt|spa|2
|move|p2a: Corviknight|Defog|p1a: Pecharunt
|-unboost|p1a: Pecharunt|evasion|1
|-sideend|p2: caterpeace|Stealth Rock|[from] move: Defog|[of] p2a: Corviknight
|
|upkeep
|turn|12
|
|t:|1760373875
|switch|p2a: Pecharunt|Pecharunt|100/100
|-item|p2a: Pecharunt|Air Balloon
|move|p1a: Pecharunt|Shadow Ball|p2a: Pecharunt
|-supereffective|p2a: Pecharunt
|-damage|p2a: Pecharunt|0 fnt
|-enditem|p2a: Pecharunt|Air Balloon
|faint|p2a: Pecharunt
|
|upkeep
|
|t:|1760373885
|switch|p2a: Floatzel|Floatzel, F|100/100
|turn|13
|
|t:|1760373898
|move|p2a: Floatzel|Wave Crash|p1a: Pecharunt
|-damage|p1a: Pecharunt|63/100
|-damage|p2a: Floatzel|85/100|[from] Recoil
|-enditem|p1a: Pecharunt|Red Card|[of] p2a: Floatzel
|drag|p2a: Rotom|Rotom-Mow|65/100
|move|p1a: Pecharunt|Malignant Chain|p2a: Rotom
|-supereffective|p2a: Rotom
|-damage|p2a: Rotom|0 fnt
|faint|p2a: Rotom
|
|upkeep
|
|t:|1760373909
|switch|p2a: Floatzel|Floatzel, F|85/100
|turn|14
|
|t:|1760373915
|move|p2a: Floatzel|Bulk Up|p2a: Floatzel
|-boost|p2a: Floatzel|atk|1
|-boost|p2a: Floatzel|def|1
|move|p1a: Pecharunt|Recover|p1a: Pecharunt
|-heal|p1a: Pecharunt|100/100
|
|upkeep
|turn|15
|
|t:|1760373921
|move|p2a: Floatzel|Wave Crash|p1a: Pecharunt
|-damage|p1a: Pecharunt|49/100
|-damage|p2a: Floatzel|64/100|[from] Recoil
|move|p1a: Pecharunt|Malignant Chain|p2a: Floatzel
|-damage|p2a: Floatzel|0 fnt
|faint|p2a: Floatzel
|
|upkeep
|
|t:|1760373928
|switch|p2a: Enamorus|Enamorus, F|82/100
|turn|16
|
|t:|1760373933
|move|p2a: Enamorus|Earth Power|p1a: Pecharunt
|-supereffective|p1a: Pecharunt
|-damage|p1a: Pecharunt|0 fnt
|faint|p1a: Pecharunt
|
|-heal|p2a: Enamorus|88/100|[from] item: Leftovers
|upkeep
|
|t:|1760373947
|switch|p1a: Skarmory|Skarmory, M|86/100
|turn|17
|
|t:|1760373952
|move|p2a: Enamorus|Substitute|p2a: Enamorus
|-start|p2a: Enamorus|Substitute
|-damage|p2a: Enamorus|63/100
|move|p1a: Skarmory|Stealth Rock|p2a: Enamorus
|-sidestart|p2: caterpeace|move: Stealth Rock
|
|-heal|p2a: Enamorus|69/100|[from] item: Leftovers
|upkeep
|turn|18
|
|t:|1760373956
|move|p2a: Enamorus|Superpower|p1a: Skarmory
|-damage|p1a: Skarmory|68/100
|-boost|p2a: Enamorus|atk|1
|-boost|p2a: Enamorus|def|1
|move|p1a: Skarmory|Whirlwind|p2a: Enamorus
|drag|p2a: Corviknight|Corviknight, F|72/100
|-damage|p2a: Corviknight|60/100|[from] Stealth Rock
|
|upkeep
|turn|19
|
|t:|1760373966
|move|p2a: Corviknight|Body Press|p1a: Skarmory
|-damage|p1a: Skarmory|51/100
|move|p1a: Skarmory|Whirlwind|p2a: Corviknight
|drag|p2a: Vespiquen|Vespiquen, F, shiny|100/100
|-ability|p2a: Vespiquen|Pressure
|
|upkeep
|turn|20
|
|t:|1760373983
|move|p1a: Skarmory|Taunt|p2a: Vespiquen
|-start|p2a: Vespiquen|move: Taunt
|move|p2a: Vespiquen|Fury Cutter|p1a: Skarmory
|-resisted|p1a: Skarmory
|-damage|p1a: Skarmory|49/100
|
|upkeep
|turn|21
|
|t:|1760373991
|move|p2a: Vespiquen|Fury Cutter|p1a: Skarmory
|-resisted|p1a: Skarmory
|-damage|p1a: Skarmory|45/100
|move|p1a: Skarmory|Whirlwind|p2a: Vespiquen
|drag|p2a: Enamorus|Enamorus, F|69/100
|-damage|p2a: Enamorus|45/100|[from] Stealth Rock
|
|-heal|p2a: Enamorus|51/100|[from] item: Leftovers
|upkeep
|turn|22
|
|t:|1760374003
|move|p2a: Enamorus|Superpower|p1a: Skarmory
|-damage|p1a: Skarmory|27/100
|-boost|p2a: Enamorus|atk|1
|-boost|p2a: Enamorus|def|1
|move|p1a: Skarmory|Whirlwind|p2a: Enamorus
|drag|p2a: Corviknight|Corviknight, F|60/100
|-damage|p2a: Corviknight|47/100|[from] Stealth Rock
|
|upkeep
|turn|23
|
|t:|1760374013
|move|p2a: Corviknight|Iron Head|p1a: Skarmory
|-resisted|p1a: Skarmory
|-damage|p1a: Skarmory|19/100
|move|p1a: Skarmory|Whirlwind|p2a: Corviknight
|drag|p2a: Enamorus|Enamorus, F|51/100
|-damage|p2a: Enamorus|26/100|[from] Stealth Rock
|
|-heal|p2a: Enamorus|32/100|[from] item: Leftovers
|upkeep
|turn|24
|
|t:|1760374027
|move|p2a: Enamorus|Superpower|p1a: Skarmory
|-damage|p1a: Skarmory|2/100
|-boost|p2a: Enamorus|atk|1
|-boost|p2a: Enamorus|def|1
|move|p1a: Skarmory|Whirlwind|p2a: Enamorus
|drag|p2a: Vespiquen|Vespiquen, F, shiny|100/100
|-ability|p2a: Vespiquen|Pressure
|
|upkeep
|turn|25
|
|t:|1760374041
|move|p2a: Vespiquen|Fury Cutter|p1a: Skarmory
|-resisted|p1a: Skarmory
|-damage|p1a: Skarmory|0 fnt
|faint|p1a: Skarmory
|
|upkeep
|
|t:|1760374045
|switch|p1a: Thundurus|Thundurus, M|60/100
|turn|26
|
|t:|1760374059
|-terastallize|p2a: Vespiquen|Rock
|move|p1a: Thundurus|Thunderbolt|p2a: Vespiquen
|-damage|p2a: Vespiquen|45/100
|-damage|p1a: Thundurus|50/100|[from] item: Life Orb
|move|p2a: Vespiquen|Defend Order|p2a: Vespiquen
|-boost|p2a: Vespiquen|def|1
|-boost|p2a: Vespiquen|spd|1
|
|upkeep
|turn|27
|
|t:|1760374073
|move|p1a: Thundurus|Thunder Wave|p2a: Vespiquen
|-status|p2a: Vespiquen|par
|move|p2a: Vespiquen|Roost|p2a: Vespiquen
|-heal|p2a: Vespiquen|95/100 par
|
|upkeep
|turn|28
|
|t:|1760374082
|move|p1a: Thundurus|Taunt|p2a: Vespiquen
|-start|p2a: Vespiquen|move: Taunt
|cant|p2a: Vespiquen|move: Taunt|Defend Order
|
|upkeep
|turn|29
|
|t:|1760374088
|switch|p1a: Jirachi|Jirachi|100/100
|move|p2a: Vespiquen|Fury Cutter|p1a: Jirachi
|-damage|p1a: Jirachi|88/100
|
|upkeep
|turn|30
|
|t:|1760374100
|switch|p2a: Corviknight|Corviknight, F|47/100
|-damage|p2a: Corviknight|35/100|[from] Stealth Rock
|move|p1a: Jirachi|Iron Head|p2a: Corviknight
|-resisted|p2a: Corviknight
|-damage|p2a: Corviknight|24/100
|
|upkeep
|turn|31
|
|t:|1760374113
|move|p1a: Jirachi|Iron Head|p2a: Corviknight
|-resisted|p2a: Corviknight
|-damage|p2a: Corviknight|14/100
|move|p2a: Corviknight|Roost|p2a: Corviknight
|-heal|p2a: Corviknight|64/100
|-singleturn|p2a: Corviknight|move: Roost
|
|upkeep
|turn|32
|inactive|isochrysis has 120 seconds left.
|l|☆isochrysis
|inactive|isochrysis disconnected and has a minute to reconnect!
|player|p1|
|inactive|isochrysis has 30 seconds to reconnect!
|inactive|isochrysis has 20 seconds to reconnect!
|l|☆caterpeace
|inactive|caterpeace disconnected and has a minute to reconnect!
|player|p2|
|inactive|isochrysis has 15 seconds to reconnect!
|inactive|isochrysis has 10 seconds to reconnect!
|inactive|isochrysis has 5 seconds to reconnect!
|-message|isochrysis lost due to inactivity.
|
|win|caterpeace
|raw|isochrysis's rating: 1112 &rarr; <strong>1084</strong><br />(-28 for losing)
|raw|caterpeace's rating: 1077 &rarr; <strong>1108</strong><br />(+31 for winning)
|j|☆isochrysis
|player|p1|isochrysis|psychic-gen4|
