|j|☆pokefanfdj
|j|☆murphyd8
|t:|1760429811
|gametype|singles
|player|p1|pokefanfdj|170|1323
|player|p2|murphyd8|roughneck|1364
|gen|9
|tier|[Gen 9] OU
|rated|
|rule|HP Percentage Mod: HP is shown in percentages
|rule|Endless Battle Clause: Forcing endless battles is banned
|rule|Species Clause: Limit one of each Pokémon
|rule|OHKO Clause: OHKO moves are banned
|rule|Evasion Items Clause: Evasion items are banned
|rule|Evasion Moves Clause: Evasion moves are banned
|rule|Evasion Abilities Clause: Evasion abilities are banned
|rule|Sleep Moves Clause: Sleep-inducing moves are banned
|clearpoke
|poke|p1|Moltres|
|poke|p1|Kleavor, M|
|poke|p1|Dondozo, M|
|poke|p1|Blissey, F|
|poke|p1|Kingambit, M|
|poke|p1|Brambleghast, M|
|poke|p2|Zamazenta-*|
|poke|p2|Raging Bolt|
|poke|p2|Dragonite, M|
|poke|p2|Araquanid, M|
|poke|p2|Iron Moth|
|poke|p2|Gholdengo|
|teampreview
|inactive|Battle timer is ON: inactive players will automatically lose when time's up. (requested by murphyd8)
|
|t:|1760429824
|teamsize|p1|6
|teamsize|p2|6
|start
|switch|p1a: Kleavor|Kleavor, M|100/100
|switch|p2a: Gholdengo|Gholdengo|100/100
|-item|p2a: Gholdengo|Air Balloon
|turn|1
|
|t:|1760429829
|move|p1a: Kleavor|Tailwind|p1a: Kleavor
|-sidestart|p1: pokefanfdj|move: Tailwind
|move|p2a: Gholdengo|Make It Rain|p1a: Kleavor
|-supereffective|p1a: Kleavor
|-enditem|p1a: Kleavor|Focus Sash
|-damage|p1a: Kleavor|1/100
|-unboost|p2a: Gholdengo|spa|1
|
|upkeep
|turn|2
|
|t:|1760429836
|move|p1a: Kleavor|Stone Axe|p2a: Gholdengo|[miss]
|-miss|p1a: Kleavor|p2a: Gholdengo
|move|p2a: Gholdengo|Hex|p1a: Kleavor
|-damage|p1a: Kleavor|0 fnt
|faint|p1a: Kleavor
|
|upkeep
|
|t:|1760429839
|switch|p1a: Brambleghast|Brambleghast, M|100/100
|-ability|p1a: Brambleghast|Wind Rider|boost
|-boost|p1a: Brambleghast|atk|1
|turn|3
|
|t:|1760429843
|move|p1a: Brambleghast|Poltergeist|p2a: Gholdengo
|-activate|p2a: Gholdengo|move: Poltergeist|Air Balloon
|-supereffective|p2a: Gholdengo
|-damage|p2a: Gholdengo|0 fnt
|-enditem|p2a: Gholdengo|Air Balloon
|faint|p2a: Gholdengo
|
|upkeep
|
|t:|1760429850
|switch|p2a: Iron Moth|Iron Moth|100/100
|-enditem|p2a: Iron Moth|Booster Energy
|-activate|p2a: Iron Moth|ability: Quark Drive|[fromitem]
|-start|p2a: Iron Moth|quarkdrivespe
|turn|4
|
|t:|1760429863
|switch|p1a: Blissey|Blissey, F|100/100
|move|p2a: Iron Moth|Fiery Dance|p1a: Blissey
|-damage|p1a: Blissey|88/100
|
|-heal|p1a: Blissey|94/100|[from] item: Leftovers
|-sideend|p1: pokefanfdj|move: Tailwind
|upkeep
|turn|5
|
|t:|1760429871
|-end|p2a: Iron Moth|Quark Drive|[silent]
|switch|p2a: Araquanid|Araquanid, M, shiny|100/100
|move|p1a: Blissey|Thunder Wave|p2a: Araquanid
|-status|p2a: Araquanid|par
|
|-heal|p1a: Blissey|99/100|[from] item: Leftovers
|upkeep
|turn|6
|
|t:|1760429877
|switch|p1a: Brambleghast|Brambleghast, M|100/100
|move|p2a: Araquanid|Endeavor|p1a: Brambleghast
|-immune|p1a: Brambleghast
|
|upkeep
|turn|7
|
|t:|1760429887
|move|p1a: Brambleghast|Trailblaze|p2a: Araquanid
|-damage|p2a: Araquanid|77/100 par
|-boost|p1a: Brambleghast|spe|1
|move|p2a: Araquanid|Surf|p1a: Brambleghast
|-resisted|p1a: Brambleghast
|-damage|p1a: Brambleghast|51/100
|
|upkeep
|turn|8
|
|t:|1760429903
|move|p1a: Brambleghast|Power Whip|p2a: Araquanid
|-damage|p2a: Araquanid|14/100 par
|cant|p2a: Araquanid|par
|
|upkeep
|turn|9
|-enditem|p2a: Araquanid|Custap Berry|[eat]
|-activate|p2a: Araquanid|item: Custap Berry|[consumed]
|
|t:|1760429909
|move|p2a: Araquanid|Surf|p1a: Brambleghast
|-resisted|p1a: Brambleghast
|-damage|p1a: Brambleghast|5/100
|move|p1a: Brambleghast|Trailblaze|p2a: Araquanid
|-damage|p2a: Araquanid|0 fnt
|-boost|p1a: Brambleghast|spe|1
|faint|p2a: Araquanid
|
|upkeep
|
|t:|1760429923
|switch|p2a: Raging Bolt|Raging Bolt|100/100
|-enditem|p2a: Raging Bolt|Booster Energy
|-activate|p2a: Raging Bolt|ability: Protosynthesis|[fromitem]
|-start|p2a: Raging Bolt|protosynthesisspa
|turn|10
|
|t:|1760429926
|switch|p1a: Blissey|Blissey, F|99/100
|move|p2a: Raging Bolt|Thunderclap||[still]
|-fail|p2a: Raging Bolt
|
|-heal|p1a: Blissey|100/100|[from] item: Leftovers
|upkeep
|turn|11
|
|t:|1760429932
|-end|p2a: Raging Bolt|Protosynthesis|[silent]
|switch|p2a: Dragonite|Dragonite, M, shiny|100/100
|move|p1a: Blissey|Seismic Toss|p2a: Dragonite
|-damage|p2a: Dragonite|70/100
|
|upkeep
|turn|12
|
|t:|1760429936
|switch|p1a: Dondozo|Dondozo, M|100/100
|move|p2a: Dragonite|Dragon Dance|p2a: Dragonite
|-boost|p2a: Dragonite|atk|1
|-boost|p2a: Dragonite|spe|1
|
|upkeep
|turn|13
|-message|murphyd8 forfeited.
|
|win|pokefanfdj
|raw|pokefanfdj's rating: 1323 &rarr; <strong>1345</strong><br />(+22 for winning)
|raw|murphyd8's rating: 1364 &rarr; <strong>1342</strong><br />(-22 for losing)
|l|☆murphyd8
|player|p2|
|l|☆pokefanfdj
|player|p1|
