|j|☆donfeitan
|j|☆Kward17kw
|t:|1760373597
|gametype|singles
|player|p1|donfeitan|ash|1161
|player|p2|Kward17kw|102|1158
|gen|9
|tier|[Gen 9] OU
|rated|
|rule|HP Percentage Mod: HP is shown in percentages
|rule|Endless Battle Clause: Forcing endless battles is banned
|rule|Species Clause: Limit one of each Pokémon
|rule|OHKO Clause: OHKO moves are banned
|rule|Evasion Items Clause: Evasion items are banned
|rule|Evasion Moves Clause: Evasion moves are banned
|rule|Evasion Abilities Clause: Evasion abilities are banned
|rule|Sleep Moves Clause: Sleep-inducing moves are banned
|clearpoke
|poke|p1|Pelipper, M|
|poke|p1|Dragapult, M|
|poke|p1|Overqwil, M|
|poke|p1|Iron Valiant|
|poke|p1|Floatzel, M|
|poke|p1|Iron Treads|
|poke|p2|Goodra-Hisui, M|
|poke|p2|Zapdos|
|poke|p2|Avalugg-Hisui, F|
|poke|p2|Glimmora, F|
|poke|p2|Yanmega, M|
|poke|p2|Greninja-*, M|
|teampreview
|inactive|Battle timer is ON: inactive players will automatically lose when time's up. (requested by donfeitan)
|
|t:|1760373616
|teamsize|p1|6
|teamsize|p2|6
|start
|switch|p1a: Pelipper|Pelipper, M, shiny|100/100
|switch|p2a: Avalugg|Avalugg-Hisui, F|100/100
|-weather|RainDance|[from] ability: Drizzle|[of] p1a: Pelipper
|turn|1
|
|t:|1760373626
|switch|p1a: Iron Treads|Iron Treads|100/100
|-enditem|p1a: Iron Treads|Booster Energy
|-activate|p1a: Iron Treads|ability: Quark Drive|[fromitem]
|-start|p1a: Iron Treads|quarkdrivespe
|move|p2a: Avalugg|Stealth Rock|p1a: Iron Treads
|-sidestart|p1: donfeitan|move: Stealth Rock
|
|-weather|RainDance|[upkeep]
|upkeep
|turn|2
|
|t:|1760373636
|move|p1a: Iron Treads|Rapid Spin|p2a: Avalugg
|-resisted|p2a: Avalugg
|-damage|p2a: Avalugg|97/100
|-boost|p1a: Iron Treads|spe|1
|-sideend|p1: donfeitan|Stealth Rock|[from] move: Rapid Spin|[of] p1a: Iron Treads
|move|p2a: Avalugg|Mountain Gale|p1a: Iron Treads
|-crit|p1a: Iron Treads
|-damage|p1a: Iron Treads|31/100
|
|-weather|RainDance|[upkeep]
|upkeep
|turn|3
|
|t:|1760373646
|move|p1a: Iron Treads|Earthquake|p2a: Avalugg
|-supereffective|p2a: Avalugg
|-damage|p2a: Avalugg|54/100
|move|p2a: Avalugg|Mountain Gale|p1a: Iron Treads
|-damage|p1a: Iron Treads|0 fnt
|faint|p1a: Iron Treads
|-end|p1a: Iron Treads|Quark Drive|[silent]
|
|-weather|RainDance|[upkeep]
|upkeep
|
|t:|1760373650
|switch|p1a: Goatzel|Floatzel, M|100/100
|turn|4
|
|t:|1760373661
|switch|p2a: Glimmora|Glimmora, F|100/100
|-item|p2a: Glimmora|Air Balloon
|move|p1a: Goatzel|Wave Crash|p2a: Glimmora
|-supereffective|p2a: Glimmora
|-damage|p2a: Glimmora|0 fnt
|-activate|p2a: Glimmora|ability: Toxic Debris
|-sidestart|p1: donfeitan|move: Toxic Spikes
|-enditem|p2a: Glimmora|Air Balloon
|faint|p2a: Glimmora
|-damage|p1a: Goatzel|61/100|[from] Recoil
|-damage|p1a: Goatzel|51/100|[from] item: Life Orb
|
|-weather|RainDance|[upkeep]
|upkeep
|
|t:|1760373679
|switch|p2a: Yanmega|Yanmega, M|100/100
|turn|5
|
|t:|1760373687
|-terastallize|p1a: Goatzel|Ice
|move|p2a: Yanmega|Protect|p2a: Yanmega
|-singleturn|p2a: Yanmega|Protect
|move|p1a: Goatzel|Ice Spinner|p2a: Yanmega
|-activate|p2a: Yanmega|move: Protect
|
|-weather|RainDance|[upkeep]
|-ability|p2a: Yanmega|Speed Boost|boost
|-boost|p2a: Yanmega|spe|1
|upkeep
|turn|6
|
|t:|1760373699
|switch|p2a: Avalugg|Avalugg-Hisui, F|54/100
|move|p1a: Goatzel|Ice Spinner|p2a: Avalugg
|-resisted|p2a: Avalugg
|-damage|p2a: Avalugg|43/100
|-damage|p1a: Goatzel|42/100|[from] item: Life Orb
|
|-weather|RainDance|[upkeep]
|upkeep
|turn|7
|
|t:|1760373712
|move|p1a: Goatzel|Brick Break|p2a: Avalugg
|-supereffective|p2a: Avalugg
|-damage|p2a: Avalugg|0 fnt
|faint|p2a: Avalugg
|-damage|p1a: Goatzel|32/100|[from] item: Life Orb
|
|-weather|RainDance|[upkeep]
|upkeep
|
|t:|1760373720
|switch|p2a: Yanmega|Yanmega, M|100/100
|turn|8
|
|t:|1760373724
|move|p2a: Yanmega|Protect|p2a: Yanmega
|-singleturn|p2a: Yanmega|Protect
|move|p1a: Goatzel|Ice Spinner|p2a: Yanmega
|-activate|p2a: Yanmega|move: Protect
|
|-weather|none
|-ability|p2a: Yanmega|Speed Boost|boost
|-boost|p2a: Yanmega|spe|1
|upkeep
|turn|9
|
|t:|1760373735
|switch|p1a: Pelipper|Pelipper, M, shiny|100/100
|-weather|RainDance|[from] ability: Drizzle|[of] p1a: Pelipper
|move|p2a: Yanmega|Air Slash|p1a: Pelipper
|-damage|p1a: Pelipper|36/100
|
|-weather|RainDance|[upkeep]
|-ability|p2a: Yanmega|Speed Boost|boost
|-boost|p2a: Yanmega|spe|1
|upkeep
|turn|10
|
|t:|1760373745
|switch|p1a: Overqwil|Overqwil, M, shiny|100/100
|-sideend|p1: donfeitan|move: Toxic Spikes|[of] p1a: Overqwil
|move|p2a: Yanmega|Air Slash|p1a: Overqwil
|-damage|p1a: Overqwil|36/100
|
|-weather|RainDance|[upkeep]
|-ability|p2a: Yanmega|Speed Boost|boost
|-boost|p2a: Yanmega|spe|1
|upkeep
|turn|11
|
|t:|1760373753
|move|p2a: Yanmega|Air Slash|p1a: Overqwil
|-damage|p1a: Overqwil|0 fnt
|faint|p1a: Overqwil
|
|-weather|RainDance|[upkeep]
|-ability|p2a: Yanmega|Speed Boost|boost
|-boost|p2a: Yanmega|spe|1
|upkeep
|inactive|donfeitan has 120 seconds left.
|
|t:|1760373813
|switch|p1a: Iron Valiant|Iron Valiant, shiny|100/100
|turn|12
|
|t:|1760373830
|move|p2a: Yanmega|Air Slash|p1a: Iron Valiant
|-supereffective|p1a: Iron Valiant
|-damage|p1a: Iron Valiant|0 fnt
|faint|p1a: Iron Valiant
|-end|p1a: Iron Valiant|Quark Drive|[silent]
|
|-weather|RainDance|[upkeep]
|-ability|p2a: Yanmega|Speed Boost|boost
|-boost|p2a: Yanmega|spe|1
|upkeep
|
|t:|1760373842
|switch|p1a: Dragapult|Dragapult, M, shiny|100/100
|turn|13
|
|t:|1760373848
|move|p2a: Yanmega|Shadow Ball|p1a: Dragapult
|-supereffective|p1a: Dragapult
|-damage|p1a: Dragapult|22/100
|move|p1a: Dragapult|Dragon Darts|p2a: Yanmega
|-damage|p2a: Yanmega|66/100
|-anim|p1a: Dragapult|Dragon Darts|p2a: Yanmega
|-damage|p2a: Yanmega|35/100
|-damage|p1a: Dragapult|12/100|[from] item: Life Orb
|
|-weather|RainDance|[upkeep]
|-ability|p2a: Yanmega|Speed Boost|boost
|-boost|p2a: Yanmega|spe|1
|upkeep
|turn|14
|
|t:|1760373861
|switch|p1a: Pelipper|Pelipper, M, shiny|36/100
|move|p2a: Yanmega|Shadow Ball|p1a: Pelipper
|-damage|p1a: Pelipper|0 fnt
|faint|p1a: Pelipper
|
|-weather|RainDance|[upkeep]
|upkeep
|
|t:|1760373864
|switch|p1a: Goatzel|Floatzel, M, tera:Ice|32/100
|turn|15
|
|t:|1760373872
|move|p1a: Goatzel|Aqua Jet|p2a: Yanmega
|-damage|p2a: Yanmega|0 fnt
|faint|p2a: Yanmega
|-damage|p1a: Goatzel|22/100|[from] item: Life Orb
|
|-weather|RainDance|[upkeep]
|upkeep
|
|t:|1760373883
|switch|p2a: Goodra|Goodra-Hisui, M|100/100
|turn|16
|
|t:|1760373892
|-terastallize|p2a: Goodra|Water
|move|p1a: Goatzel|Ice Spinner|p2a: Goodra
|-resisted|p2a: Goodra
|-damage|p2a: Goodra|78/100
|-damage|p1a: Goatzel|12/100|[from] item: Life Orb
|move|p2a: Goodra|Dragon Tail|p1a: Goatzel
|-crit|p1a: Goatzel
|-damage|p1a: Goatzel|0 fnt
|faint|p1a: Goatzel
|
|-weather|none
|-heal|p2a: Goodra|84/100|[from] item: Leftovers
|upkeep
|
|t:|1760373896
|switch|p1a: Dragapult|Dragapult, M, shiny|12/100
|turn|17
|
|t:|1760373909
|move|p1a: Dragapult|Draco Meteor|p2a: Goodra|[miss]
|-miss|p1a: Dragapult|p2a: Goodra
|move|p2a: Goodra|Gyro Ball|p1a: Dragapult
|-damage|p1a: Dragapult|0 fnt
|faint|p1a: Dragapult
|
|win|Kward17kw
|raw|donfeitan's rating: 1161 &rarr; <strong>1136</strong><br />(-25 for losing)
|raw|Kward17kw's rating: 1158 &rarr; <strong>1183</strong><br />(+25 for winning)
|l|☆donfeitan
|player|p1|
|l|☆Kward17kw
|player|p2|
