|j|☆CourtTre
|j|‽IxXDarkraiXxI
|t:|1760441386
|gametype|singles
|player|p1|CourtTre|clair|1285
|player|p2|IxXDarkraiXxI|170|1291
|gen|9
|tier|[Gen 9] OU
|rated|
|rule|HP Percentage Mod: HP is shown in percentages
|rule|Endless Battle Clause: Forcing endless battles is banned
|rule|Species Clause: Limit one of each Pokémon
|rule|OHKO Clause: OHKO moves are banned
|rule|Evasion Items Clause: Evasion items are banned
|rule|Evasion Moves Clause: Evasion moves are banned
|rule|Evasion Abilities Clause: Evasion abilities are banned
|rule|Sleep Moves Clause: Sleep-inducing moves are banned
|clearpoke
|poke|p1|Pelipper, F|
|poke|p1|Thundurus-Therian, M|
|poke|p1|Ogerpon-Wellspring, F|
|poke|p1|Barraskewda, M|
|poke|p1|Floatzel, F|
|poke|p1|Politoed, F|
|poke|p2|Darkrai|
|poke|p2|Corviknight, M|
|poke|p2|Gliscor, M|
|poke|p2|Hoopa-Unbound|
|poke|p2|Primarina, F|
|poke|p2|Dragonite, M|
|teampreview
|inactive|Battle timer is ON: inactive players will automatically lose when time's up. (requested by CourtTre)
|
|t:|1760441396
|teamsize|p1|6
|teamsize|p2|6
|start
|switch|p1a: Pelipper|Pelipper, F|100/100
|switch|p2a: Hoopa|Hoopa-Unbound|100/100
|-weather|RainDance|[from] ability: Drizzle|[of] p1a: Pelipper
|turn|1
|
|t:|1760441408
|move|p2a: Hoopa|Thunderbolt|p1a: Pelipper
|-supereffective|p1a: Pelipper
|-damage|p1a: Pelipper|0 fnt
|faint|p1a: Pelipper
|
|-weather|RainDance|[upkeep]
|upkeep
|
|t:|1760441411
|switch|p1a: Thundurus|Thundurus-Therian, M|100/100
|turn|2
|
|t:|1760441416
|switch|p2a: Gliscor|Gliscor, M, shiny|100/100
|move|p1a: Thundurus|Weather Ball|p2a: Gliscor
|-supereffective|p2a: Gliscor
|-damage|p2a: Gliscor|0 fnt
|faint|p2a: Gliscor
|
|-weather|RainDance|[upkeep]
|upkeep
|
|t:|1760441427
|switch|p2a: Dragonite|Dragonite, M|100/100
|turn|3
|
|t:|1760441440
|move|p1a: Thundurus|Thunder|p2a: Dragonite
|-damage|p2a: Dragonite|67/100
|move|p2a: Dragonite|Dragon Dance|p2a: Dragonite
|-boost|p2a: Dragonite|atk|1
|-boost|p2a: Dragonite|spe|1
|
|-weather|RainDance|[upkeep]
|upkeep
|turn|4
|
|t:|1760441448
|move|p2a: Dragonite|Dragon Dance|p2a: Dragonite
|-boost|p2a: Dragonite|atk|1
|-boost|p2a: Dragonite|spe|1
|move|p1a: Thundurus|Thunder|p2a: Dragonite
|-damage|p2a: Dragonite|0 fnt
|faint|p2a: Dragonite
|
|-weather|RainDance|[upkeep]
|upkeep
|
|t:|1760441457
|switch|p2a: Hoopa|Hoopa-Unbound|100/100
|turn|5
|
|t:|1760441461
|move|p1a: Thundurus|Thunder|p2a: Hoopa
|-damage|p2a: Hoopa|72/100
|move|p2a: Hoopa|Psychic Noise|p1a: Thundurus
|-damage|p1a: Thundurus|37/100
|-start|p1a: Thundurus|move: Heal Block
|
|-weather|RainDance|[upkeep]
|upkeep
|turn|6
|
|t:|1760441468
|move|p1a: Thundurus|Thunder|p2a: Hoopa
|-damage|p2a: Hoopa|40/100
|move|p2a: Hoopa|Knock Off|p1a: Thundurus
|-damage|p1a: Thundurus|0 fnt
|-enditem|p1a: Thundurus|Heavy-Duty Boots|[from] move: Knock Off|[of] p2a: Hoopa
|faint|p1a: Thundurus
|
|-weather|RainDance|[upkeep]
|upkeep
|
|t:|1760441474
|switch|p1a: Barraskewda|Barraskewda, M, shiny|100/100
|turn|7
|
|t:|1760441478
|move|p1a: Barraskewda|Liquidation|p2a: Hoopa
|-crit|p2a: Hoopa
|-damage|p2a: Hoopa|0 fnt
|faint|p2a: Hoopa
|
|-weather|RainDance|[upkeep]
|upkeep
|
|t:|1760441480
|switch|p2a: Corviknight|Corviknight, M, shiny|100/100
|-ability|p2a: Corviknight|Pressure
|turn|8
|
|t:|1760441483
|move|p1a: Barraskewda|Liquidation|p2a: Corviknight
|-damage|p2a: Corviknight|42/100
|-damage|p1a: Barraskewda|84/100|[from] item: Rocky Helmet|[of] p2a: Corviknight
|move|p2a: Corviknight|U-turn|p1a: Barraskewda
|-damage|p1a: Barraskewda|60/100
|
|t:|1760441491
|switch|p2a: Primarina|Primarina, F, shiny|100/100|[from] U-turn
|
|-weather|none
|upkeep
|turn|9
|
|t:|1760441503
|switch|p1a: Politoed|Politoed, F|100/100
|-weather|RainDance|[from] ability: Drizzle|[of] p1a: Politoed
|move|p2a: Primarina|Moonblast|p1a: Politoed
|-damage|p1a: Politoed|52/100
|
|-weather|RainDance|[upkeep]
|upkeep
|turn|10
|
|t:|1760441507
|switch|p1a: Ogerpon|Ogerpon-Wellspring, F|100/100
|move|p2a: Primarina|Moonblast|p1a: Ogerpon
|-damage|p1a: Ogerpon|37/100
|
|-weather|RainDance|[upkeep]
|upkeep
|turn|11
|
|t:|1760441512
|move|p1a: Ogerpon|Wood Hammer|p2a: Primarina
|-supereffective|p2a: Primarina
|-damage|p2a: Primarina|0 fnt
|faint|p2a: Primarina
|-damage|p1a: Ogerpon|2/100|[from] Recoil
|
|-weather|RainDance|[upkeep]
|upkeep
|
|t:|1760441515
|switch|p2a: Corviknight|Corviknight, M, shiny|42/100
|-ability|p2a: Corviknight|Pressure
|turn|12
|
|t:|1760441519
|-terastallize|p2a: Corviknight|Dragon
|move|p1a: Ogerpon|Ivy Cudgel|p2a: Corviknight|[anim] Ivy Cudgel Water
|-resisted|p2a: Corviknight
|-damage|p2a: Corviknight|17/100
|move|p2a: Corviknight|Roost|p2a: Corviknight
|-heal|p2a: Corviknight|67/100
|
|-weather|RainDance|[upkeep]
|upkeep
|turn|13
|
|t:|1760441529
|move|p1a: Ogerpon|U-turn|p2a: Corviknight
|-damage|p2a: Corviknight|52/100
|-damage|p1a: Ogerpon|0 fnt|[from] item: Rocky Helmet|[of] p2a: Corviknight
|faint|p1a: Ogerpon
|move|p2a: Corviknight|Roost|p2a: Corviknight
|-heal|p2a: Corviknight|100/100
|
|-weather|RainDance|[upkeep]
|upkeep
|
|t:|1760441537
|switch|p1a: Politoed|Politoed, F|52/100
|turn|14
|
|t:|1760441540
|move|p1a: Politoed|Ice Beam|p2a: Corviknight
|-supereffective|p2a: Corviknight
|-damage|p2a: Corviknight|49/100
|-status|p2a: Corviknight|frz
|cant|p2a: Corviknight|frz
|
|-weather|RainDance|[upkeep]
|upkeep
|turn|15
|
|t:|1760441544
|move|p1a: Politoed|Ice Beam|p2a: Corviknight
|-supereffective|p2a: Corviknight
|-damage|p2a: Corviknight|0 fnt
|faint|p2a: Corviknight
|
|-weather|RainDance|[upkeep]
|upkeep
|
|t:|1760441546
|switch|p2a: Darkrai|Darkrai, shiny|100/100
|turn|16
|
|t:|1760441549
|switch|p1a: Barraskewda|Barraskewda, M, shiny|60/100
|move|p2a: Darkrai|Dark Pulse|p1a: Barraskewda
|-damage|p1a: Barraskewda|0 fnt
|faint|p1a: Barraskewda
|
|-weather|none
|upkeep
|
|t:|1760441551
|switch|p1a: Politoed|Politoed, F|52/100
|-weather|RainDance|[from] ability: Drizzle|[of] p1a: Politoed
|turn|17
|
|t:|1760441557
|move|p2a: Darkrai|Dark Pulse|p1a: Politoed
|-damage|p1a: Politoed|14/100
|move|p1a: Politoed|Weather Ball|p2a: Darkrai
|-damage|p2a: Darkrai|8/100
|
|-weather|RainDance|[upkeep]
|upkeep
|turn|18
|
|t:|1760441559
|move|p2a: Darkrai|Dark Pulse|p1a: Politoed
|-damage|p1a: Politoed|0 fnt
|faint|p1a: Politoed
|
|-weather|RainDance|[upkeep]
|upkeep
|
|t:|1760441561
|switch|p1a: Floatzel|Floatzel, F|100/100
|turn|19
|
|t:|1760441569
|move|p1a: Floatzel|Liquidation|p2a: Darkrai
|-damage|p2a: Darkrai|0 fnt
|faint|p2a: Darkrai
|
|win|CourtTre
|raw|CourtTre's rating: 1285 &rarr; <strong>1310</strong><br />(+25 for winning)
|raw|IxXDarkraiXxI's rating: 1291 &rarr; <strong>1266</strong><br />(-25 for losing)
|l|‽IxXDarkraiXxI
|player|p2|
|l|☆CourtTre
|player|p1|
