|j|☆Doomingo
|j|☆gooseguy123
|t:|1760376663
|gametype|singles
|player|p1|Doomingo|1|1206
|player|p2|gooseguy123|giovanni|1245
|gen|9
|tier|[Gen 9] OU
|rated|
|rule|HP Percentage Mod: HP is shown in percentages
|rule|Endless Battle Clause: Forcing endless battles is banned
|rule|Species Clause: Limit one of each Pokémon
|rule|OHKO Clause: OHKO moves are banned
|rule|Evasion Items Clause: Evasion items are banned
|rule|Evasion Moves Clause: Evasion moves are banned
|rule|Evasion Abilities Clause: Evasion abilities are banned
|rule|Sleep Moves Clause: Sleep-inducing moves are banned
|clearpoke
|poke|p1|Tyranitar, M|
|poke|p1|Sinistcha|
|poke|p1|Comfey, F|
|poke|p1|Bellibolt, F|
|poke|p1|Mamoswine, M|
|poke|p1|Scizor, F|
|poke|p2|Kommo-o, M|
|poke|p2|Gholdengo|
|poke|p2|Ninetales-Alola, M|
|poke|p2|Hatterene, F|
|poke|p2|Zamazenta-*|
|poke|p2|Kingambit, M|
|teampreview
|inactive|Battle timer is ON: inactive players will automatically lose when time's up. (requested by gooseguy123)
|
|t:|1760376673
|teamsize|p1|6
|teamsize|p2|6
|start
|switch|p1a: Buzz|Scizor, F|100/100
|switch|p2a: Nitenales|Ninetales-Alola, M|100/100
|-weather|Snowscape|[from] ability: Snow Warning|[of] p2a: Nitenales
|turn|1
|
|t:|1760376698
|switch|p2a: Zanazemta|Zamazenta|100/100
|-ability|p2a: Zanazemta|Dauntless Shield|boost
|-boost|p2a: Zanazemta|def|1
|move|p1a: Buzz|Bullet Punch|p2a: Zanazemta
|-damage|p2a: Zanazemta|84/100
|
|-weather|Snowscape|[upkeep]
|upkeep
|turn|2
|
|t:|1760376709
|move|p2a: Zanazemta|Close Combat|p1a: Buzz
|-damage|p1a: Buzz|24/100
|-unboost|p2a: Zanazemta|def|1
|-unboost|p2a: Zanazemta|spd|1
|-damage|p2a: Zanazemta|75/100|[from] item: Life Orb
|move|p1a: Buzz|U-turn|p2a: Zanazemta
|-resisted|p2a: Zanazemta
|-damage|p2a: Zanazemta|60/100
|
|t:|1760376723
|switch|p1a: Glut|Bellibolt, F|100/100|[from] U-turn
|
|-weather|Snowscape|[upkeep]
|upkeep
|turn|3
|
|t:|1760376744
|move|p2a: Zanazemta|Close Combat|p1a: Glut
|-damage|p1a: Glut|30/100
|-unboost|p2a: Zanazemta|def|1
|-unboost|p2a: Zanazemta|spd|1
|-start|p1a: Glut|Charge|Close Combat|[from] ability: Electromorphosis
|-damage|p2a: Zanazemta|50/100|[from] item: Life Orb
|move|p1a: Glut|Parabolic Charge|p2a: Zanazemta
|-damage|p2a: Zanazemta|0 fnt
|-heal|p1a: Glut|50/100|[from] drain|[of] p2a: Zanazemta
|faint|p2a: Zanazemta
|-end|p1a: Glut|Charge|[silent]
|
|-weather|Snowscape|[upkeep]
|upkeep
|
|t:|1760376753
|switch|p2a: Nitenales|Ninetales-Alola, M|100/100
|turn|4
|
|t:|1760376756
|switch|p1a: Mr. Big|Tyranitar, M|100/100
|-weather|Sandstorm|[from] ability: Sand Stream|[of] p1a: Mr. Big
|move|p2a: Nitenales|Aurora Veil||[still]
|-fail|p2a: Nitenales
|
|-weather|Sandstorm|[upkeep]
|-damage|p2a: Nitenales|94/100|[from] Sandstorm
|upkeep
|turn|5
|
|t:|1760376767
|switch|p2a: Goldhengo|Gholdengo|100/100
|move|p1a: Mr. Big|Ice Beam|p2a: Goldhengo
|-resisted|p2a: Goldhengo
|-damage|p2a: Goldhengo|86/100
|
|-weather|Sandstorm|[upkeep]
|upkeep
|turn|6
|
|t:|1760376777
|move|p2a: Goldhengo|Focus Blast|p1a: Mr. Big
|-supereffective|p1a: Mr. Big
|-damage|p1a: Mr. Big|31/100
|move|p1a: Mr. Big|Knock Off|p2a: Goldhengo
|-supereffective|p2a: Goldhengo
|-damage|p2a: Goldhengo|0 fnt
|-enditem|p2a: Goldhengo|Custap Berry|[from] move: Knock Off|[of] p1a: Mr. Big
|faint|p2a: Goldhengo
|
|-weather|Sandstorm|[upkeep]
|upkeep
|
|t:|1760376788
|switch|p2a: Nitenales|Ninetales-Alola, M|94/100
|-weather|Snowscape|[from] ability: Snow Warning|[of] p2a: Nitenales
|turn|7
|
|t:|1760376792
|switch|p1a: Buzz|Scizor, F|24/100
|move|p2a: Nitenales|Aurora Veil|p2a: Nitenales
|-sidestart|p2: gooseguy123|move: Aurora Veil
|
|-weather|Snowscape|[upkeep]
|-heal|p1a: Buzz|30/100|[from] item: Leftovers
|upkeep
|turn|8
|
|t:|1760376800
|switch|p2a: Kingabmit|Kingambit, M|100/100
|-activate|p2a: Kingabmit|ability: Supreme Overlord
|-start|p2a: Kingabmit|fallen2|[silent]
|-item|p2a: Kingabmit|Air Balloon
|move|p1a: Buzz|Defog|p2a: Kingabmit
|-unboost|p2a: Kingabmit|evasion|1
|-sideend|p2: gooseguy123|move: Aurora Veil
|
|-weather|Snowscape|[upkeep]
|-heal|p1a: Buzz|36/100|[from] item: Leftovers
|upkeep
|turn|9
|
|t:|1760376822
|move|p1a: Buzz|Tailwind|p1a: Buzz
|-sidestart|p1: Doomingo|move: Tailwind
|move|p2a: Kingabmit|Swords Dance|p2a: Kingabmit
|-boost|p2a: Kingabmit|atk|2
|
|-weather|Snowscape|[upkeep]
|-heal|p1a: Buzz|42/100|[from] item: Leftovers
|upkeep
|turn|10
|-message|gooseguy123 forfeited.
|
|win|Doomingo
|raw|Doomingo's rating: 1206 &rarr; <strong>1234</strong><br />(+28 for winning)
|raw|gooseguy123's rating: 1245 &rarr; <strong>1217</strong><br />(-28 for losing)
|l|☆gooseguy123
|player|p2|
|l|☆Doomingo
|player|p1|
