|j|☆XX420STALLGOD69XX
|j|☆magikarpsoup
|t:|1760305169
|gametype|singles
|player|p1|XX420STALLGOD69XX|1|1600
|player|p2|magikarpsoup|medium|1662
|gen|9
|tier|[Gen 9] OU
|rated|
|rule|HP Percentage Mod: HP is shown in percentages
|rule|Endless Battle Clause: Forcing endless battles is banned
|rule|Species Clause: Limit one of each Pokémon
|rule|OHKO Clause: OHKO moves are banned
|rule|Evasion Items Clause: Evasion items are banned
|rule|Evasion Moves Clause: Evasion moves are banned
|rule|Evasion Abilities Clause: Evasion abilities are banned
|rule|Sleep Moves Clause: Sleep-inducing moves are banned
|clearpoke
|poke|p1|Ribombee, F|
|poke|p1|Rampardos, F|
|poke|p1|Great Tusk|
|poke|p1|Gholdengo|
|poke|p1|Kingambit, M|
|poke|p1|Enamorus, F|
|poke|p2|Breloom, F|
|poke|p2|Alomomola, F|
|poke|p2|Raging Bolt|
|poke|p2|Scizor, M|
|poke|p2|Landorus-Therian, M|
|poke|p2|Dragapult, F|
|teampreview
|
|t:|1760305179
|teamsize|p1|6
|teamsize|p2|6
|start
|switch|p1a: Ribombee|Ribombee, F|100/100
|switch|p2a: Scizor|Scizor, M|100/100
|turn|1
|
|t:|1760305183
|move|p2a: Scizor|Bullet Punch|p1a: Ribombee
|-supereffective|p1a: Ribombee
|-enditem|p1a: Ribombee|Focus Sash
|-damage|p1a: Ribombee|1/100
|move|p1a: Ribombee|Sticky Web|p2a: Scizor
|-sidestart|p2: magikarpsoup|move: Sticky Web
|
|upkeep
|turn|2
|
|t:|1760305192
|switch|p1a: Great Tusk|Great Tusk|100/100
|move|p2a: Scizor|Defog|p1a: Great Tusk
|-unboost|p1a: Great Tusk|evasion|1
|-sideend|p2: magikarpsoup|Sticky Web|[from] move: Defog|[of] p2a: Scizor
|
|upkeep
|turn|3
|
|t:|1760305211
|-end|p1a: Great Tusk|Protosynthesis|[silent]
|switch|p1a: Ribombee|Ribombee, F|1/100
|move|p2a: Scizor|U-turn|p1a: Ribombee
|-resisted|p1a: Ribombee
|-damage|p1a: Ribombee|0 fnt
|faint|p1a: Ribombee
|
|t:|1760305228
|switch|p2a: Dragapult|Dragapult, F|100/100|[from] U-turn
|
|upkeep
|
|t:|1760305235
|switch|p1a: Enamorus|Enamorus, F|100/100
|turn|4
|
|t:|1760305238
|switch|p2a: Alomomola|Alomomola, F|100/100
|move|p1a: Enamorus|Moonblast|p2a: Alomomola
|-damage|p2a: Alomomola|58/100
|
|upkeep
|turn|5
|
|t:|1760305251
|switch|p1a: Rampardos|Rampardos, F|100/100
|move|p2a: Alomomola|Mirror Coat||[still]
|-fail|p2a: Alomomola
|
|upkeep
|turn|6
|
|t:|1760305256
|move|p1a: Rampardos|Head Smash|p2a: Alomomola|[miss]
|-miss|p1a: Rampardos|p2a: Alomomola
|move|p2a: Alomomola|Flip Turn|p1a: Rampardos
|-supereffective|p1a: Rampardos
|-damage|p1a: Rampardos|50/100
|
|t:|1760305264
|switch|p2a: Landorus|Landorus-Therian, M|100/100|[from] Flip Turn
|-ability|p2a: Landorus|Intimidate|boost
|-unboost|p1a: Rampardos|atk|1
|
|upkeep
|turn|7
|
|t:|1760305269
|move|p2a: Landorus|Earth Power|p1a: Rampardos
|-supereffective|p1a: Rampardos
|-damage|p1a: Rampardos|0 fnt
|faint|p1a: Rampardos
|
|upkeep
|
|t:|1760305271
|switch|p1a: Enamorus|Enamorus, F|100/100
|turn|8
|
|t:|1760305275
|switch|p2a: Alomomola|Alomomola, F|91/100
|move|p1a: Enamorus|Moonblast|p2a: Alomomola
|-damage|p2a: Alomomola|46/100
|
|upkeep
|turn|9
|
|t:|1760305302
|switch|p1a: Great Tusk|Great Tusk|100/100
|switch|p2a: Scizor|Scizor, M|100/100
|
|upkeep
|turn|10
|
|t:|1760305311
|move|p1a: Great Tusk|Headlong Rush|p2a: Scizor
|-damage|p2a: Scizor|41/100
|-unboost|p1a: Great Tusk|def|1
|-unboost|p1a: Great Tusk|spd|1
|-enditem|p2a: Scizor|Sitrus Berry|[eat]
|-heal|p2a: Scizor|66/100|[from] item: Sitrus Berry
|move|p2a: Scizor|U-turn|p1a: Great Tusk
|-resisted|p1a: Great Tusk
|-damage|p1a: Great Tusk|79/100
|
|t:|1760305319
|switch|p2a: Breloom|Breloom, F|100/100|[from] U-turn
|
|upkeep
|turn|11
|
|t:|1760305359
|-end|p1a: Great Tusk|Protosynthesis|[silent]
|switch|p1a: Gholdengo|Gholdengo|100/100
|-item|p1a: Gholdengo|Air Balloon
|move|p2a: Breloom|Bullet Seed|p1a: Gholdengo
|-resisted|p1a: Gholdengo
|-damage|p1a: Gholdengo|86/100
|-enditem|p1a: Gholdengo|Air Balloon
|-resisted|p1a: Gholdengo
|-damage|p1a: Gholdengo|71/100
|-hitcount|p1a: Gholdengo|2
|-damage|p2a: Breloom|91/100|[from] item: Life Orb
|
|upkeep
|turn|12
|
|t:|1760305372
|-terastallize|p2a: Breloom|Fire
|move|p1a: Gholdengo|Nasty Plot|p1a: Gholdengo
|-boost|p1a: Gholdengo|spa|2
|move|p2a: Breloom|Bulldoze|p1a: Gholdengo
|-supereffective|p1a: Gholdengo
|-crit|p1a: Gholdengo
|-damage|p1a: Gholdengo|0 fnt
|faint|p1a: Gholdengo
|-damage|p2a: Breloom|81/100|[from] item: Life Orb
|
|upkeep
|
|t:|1760305377
|switch|p1a: Great Tusk|Great Tusk|79/100
|turn|13
|
|t:|1760305383
|switch|p2a: Landorus|Landorus-Therian, M|100/100
|-ability|p2a: Landorus|Intimidate|boost
|-unboost|p1a: Great Tusk|atk|1
|move|p1a: Great Tusk|Ice Spinner|p2a: Landorus
|-supereffective|p2a: Landorus
|-crit|p2a: Landorus
|-damage|p2a: Landorus|0 fnt
|-damage|p1a: Great Tusk|63/100|[from] item: Rocky Helmet|[of] p2a: Landorus
|faint|p2a: Landorus
|
|upkeep
|
|t:|1760305389
|switch|p2a: Dragapult|Dragapult, F|100/100
|turn|14
|
|t:|1760305423
|-end|p1a: Great Tusk|Protosynthesis|[silent]
|switch|p1a: Kingambit|Kingambit, M|100/100
|-activate|p1a: Kingambit|ability: Supreme Overlord
|-start|p1a: Kingambit|fallen3|[silent]
|-item|p1a: Kingambit|Air Balloon
|move|p2a: Dragapult|Shadow Ball|p1a: Kingambit
|-resisted|p1a: Kingambit
|-damage|p1a: Kingambit|73/100
|-unboost|p1a: Kingambit|spd|1
|-enditem|p1a: Kingambit|Air Balloon
|-damage|p2a: Dragapult|91/100|[from] item: Life Orb
|
|upkeep
|turn|15
|
|t:|1760305441
|switch|p2a: Raging Bolt|Raging Bolt|100/100
|move|p1a: Kingambit|Kowtow Cleave|p2a: Raging Bolt
|-damage|p2a: Raging Bolt|35/100
|
|upkeep
|turn|16
|
|t:|1760305449
|move|p1a: Kingambit|Sucker Punch|p2a: Raging Bolt
|-damage|p2a: Raging Bolt|0 fnt
|faint|p2a: Raging Bolt
|-end|p2a: Raging Bolt|Protosynthesis|[silent]
|
|upkeep
|
|t:|1760305454
|switch|p2a: Breloom|Breloom, F, tera:Fire|81/100
|turn|17
|
|t:|1760305463
|-end|p1a: Kingambit|fallen3|[silent]
|switch|p1a: Enamorus|Enamorus, F|100/100
|move|p2a: Breloom|Bullet Seed|p1a: Enamorus
|-resisted|p1a: Enamorus
|-damage|p1a: Enamorus|78/100
|-resisted|p1a: Enamorus
|-damage|p1a: Enamorus|55/100
|-hitcount|p1a: Enamorus|2
|-damage|p2a: Breloom|71/100|[from] item: Life Orb
|
|upkeep
|turn|18
|
|t:|1760305479
|switch|p2a: Alomomola|Alomomola, F|79/100
|move|p1a: Enamorus|Moonblast|p2a: Alomomola
|-damage|p2a: Alomomola|30/100
|-unboost|p2a: Alomomola|spa|1
|
|upkeep
|turn|19
|
|t:|1760305485
|move|p1a: Enamorus|Moonblast|p2a: Alomomola
|-damage|p2a: Alomomola|0 fnt
|faint|p2a: Alomomola
|
|upkeep
|
|t:|1760305487
|switch|p2a: Scizor|Scizor, M|66/100
|turn|20
|
|t:|1760305514
|switch|p1a: Great Tusk|Great Tusk|63/100
|move|p2a: Scizor|U-turn|p1a: Great Tusk
|-resisted|p1a: Great Tusk
|-damage|p1a: Great Tusk|48/100
|
|t:|1760305517
|switch|p2a: Dragapult|Dragapult, F|91/100|[from] U-turn
|
|upkeep
|turn|21
|
|t:|1760305533
|-end|p1a: Great Tusk|Protosynthesis|[silent]
|switch|p1a: Enamorus|Enamorus, F|55/100
|move|p2a: Dragapult|Fire Blast|p1a: Enamorus
|-damage|p1a: Enamorus|0 fnt
|faint|p1a: Enamorus
|-damage|p2a: Dragapult|81/100|[from] item: Life Orb
|
|upkeep
|
|t:|1760305534
|switch|p1a: Kingambit|Kingambit, M|73/100
|-activate|p1a: Kingambit|ability: Supreme Overlord
|-start|p1a: Kingambit|fallen4|[silent]
|turn|22
|
|t:|1760305553
|move|p1a: Kingambit|Sucker Punch|p2a: Dragapult
|-supereffective|p2a: Dragapult
|-damage|p2a: Dragapult|0 fnt
|faint|p2a: Dragapult
|
|upkeep
|
|t:|1760305556
|switch|p2a: Breloom|Breloom, F, tera:Fire|71/100
|turn|23
|
|t:|1760305593
|-terastallize|p1a: Kingambit|Fairy
|move|p2a: Breloom|Mach Punch|p1a: Kingambit
|-resisted|p1a: Kingambit
|-damage|p1a: Kingambit|55/100
|-damage|p2a: Breloom|61/100|[from] item: Life Orb
|move|p1a: Kingambit|Kowtow Cleave|p2a: Breloom
|-damage|p2a: Breloom|0 fnt
|faint|p2a: Breloom
|
|upkeep
|
|t:|1760305596
|switch|p2a: Scizor|Scizor, M|66/100
|turn|24
|
|t:|1760305627
|move|p2a: Scizor|Bullet Punch|p1a: Kingambit
|-supereffective|p1a: Kingambit
|-damage|p1a: Kingambit|0 fnt
|faint|p1a: Kingambit
|-end|p1a: Kingambit|fallen4|[silent]
|
|upkeep
|
|t:|1760305629
|switch|p1a: Great Tusk|Great Tusk|48/100
|turn|25
|
|t:|1760305637
|move|p2a: Scizor|Bullet Punch|p1a: Great Tusk
|-damage|p1a: Great Tusk|22/100
|move|p1a: Great Tusk|Close Combat|p2a: Scizor
|-damage|p2a: Scizor|6/100
|-unboost|p1a: Great Tusk|def|1
|-unboost|p1a: Great Tusk|spd|1
|
|upkeep
|turn|26
|-message|XX420STALLGOD69XX forfeited.
|
|win|magikarpsoup
|raw|XX420STALLGOD69XX's rating: 1621 &rarr; <strong>1603</strong><br />(-18 for losing)
|raw|magikarpsoup's rating: 1662 &rarr; <strong>1680</strong><br />(+18 for winning)
|l|☆XX420STALLGOD69XX
|player|p1|
|l|☆magikarpsoup
|player|p2|
