|j|☆ktr.na
|j|☆jb8976
|t:|1760331746
|gametype|singles
|player|p1|ktr.na|acetrainerf|1357
|player|p2|jb8976|ethan|1376
|gen|9
|tier|[Gen 9] OU
|rated|
|rule|HP Percentage Mod: HP is shown in percentages
|rule|Endless Battle Clause: Forcing endless battles is banned
|rule|Species Clause: Limit one of each Pokémon
|rule|OHKO Clause: OHKO moves are banned
|rule|Evasion Items Clause: Evasion items are banned
|rule|Evasion Moves Clause: Evasion moves are banned
|rule|Evasion Abilities Clause: Evasion abilities are banned
|rule|Sleep Moves Clause: Sleep-inducing moves are banned
|clearpoke
|poke|p1|Iron Valiant|
|poke|p1|Klefki, M|
|poke|p1|Alomomola, M|
|poke|p1|Great Tusk|
|poke|p1|Kingambit, M|
|poke|p1|Gliscor, F|
|poke|p2|Gliscor, F|
|poke|p2|Corviknight, M|
|poke|p2|Gholdengo|
|poke|p2|Ting-Lu|
|poke|p2|Hatterene, F|
|poke|p2|Blissey, F|
|teampreview
|
|t:|1760331769
|teamsize|p1|6
|teamsize|p2|6
|start
|switch|p1a: Iron Valiant|Iron Valiant|100/100
|switch|p2a: Gliscor|Gliscor, F|100/100
|turn|1
|
|t:|1760331794
|move|p1a: Iron Valiant|Moonblast|p2a: Gliscor
|-damage|p2a: Gliscor|14/100
|move|p2a: Gliscor|Toxic|p1a: Iron Valiant
|-status|p1a: Iron Valiant|tox
|
|-damage|p1a: Iron Valiant|94/100 tox|[from] psn
|-status|p2a: Gliscor|tox|[from] item: Toxic Orb
|upkeep
|turn|2
|
|t:|1760331804
|-end|p1a: Iron Valiant|Quark Drive|[silent]
|switch|p1a: Klefki|Klefki, M|100/100
|move|p2a: Gliscor|Protect||[still]
|-fail|p2a: Gliscor
|
|-heal|p2a: Gliscor|26/100 tox|[from] ability: Poison Heal
|upkeep
|turn|3
|
|t:|1760331815
|switch|p1a: Kingambit|Kingambit, M|100/100
|move|p2a: Gliscor|Earthquake|p1a: Kingambit
|-supereffective|p1a: Kingambit
|-damage|p1a: Kingambit|47/100
|
|-heal|p1a: Kingambit|53/100|[from] item: Leftovers
|-heal|p2a: Gliscor|39/100 tox|[from] ability: Poison Heal
|upkeep
|turn|4
|
|t:|1760331825
|-end|p1a: Kingambit|fallenundefined|[silent]
|switch|p1a: Gliscor|Gliscor, F|100/100
|move|p2a: Gliscor|Protect||[still]
|-fail|p2a: Gliscor
|
|-heal|p2a: Gliscor|51/100 tox|[from] ability: Poison Heal
|-status|p1a: Gliscor|tox|[from] item: Toxic Orb
|upkeep
|turn|5
|
|t:|1760331834
|switch|p2a: Hatterene|Hatterene, F|100/100
|move|p1a: Gliscor|Knock Off|p2a: Hatterene
|-damage|p2a: Hatterene|82/100
|-enditem|p2a: Hatterene|Leftovers|[from] move: Knock Off|[of] p1a: Gliscor
|
|upkeep
|turn|6
|
|t:|1760331848
|move|p1a: Gliscor|U-turn|p2a: Hatterene
|-damage|p2a: Hatterene|66/100
|
|t:|1760331853
|switch|p1a: Kingambit|Kingambit, M|53/100|[from] U-turn
|move|p2a: Hatterene|Psychic Noise|p1a: Kingambit
|-immune|p1a: Kingambit
|
|-heal|p1a: Kingambit|59/100|[from] item: Leftovers
|upkeep
|turn|7
|
|t:|1760331863
|-end|p1a: Kingambit|fallenundefined|[silent]
|switch|p1a: Alomomola|Alomomola, M|100/100
|switch|p2a: Ting-Lu|Ting-Lu|100/100
|-ability|p2a: Ting-Lu|Vessel of Ruin
|
|upkeep
|turn|8
|inactive|Battle timer is ON: inactive players will automatically lose when time's up. (requested by ktr.na)
|
|t:|1760331902
|move|p2a: Ting-Lu|Stealth Rock|p1a: Alomomola
|-sidestart|p1: ktr.na|move: Stealth Rock
|move|p1a: Alomomola|Wish|p1a: Alomomola
|
|upkeep
|turn|9
|
|t:|1760331907
|move|p1a: Alomomola|Flip Turn|p2a: Ting-Lu
|-supereffective|p2a: Ting-Lu
|-damage|p2a: Ting-Lu|88/100
|
|t:|1760331916
|switch|p1a: Klefki|Klefki, M|100/100|[from] Flip Turn
|-damage|p1a: Klefki|95/100|[from] Stealth Rock
|move|p2a: Ting-Lu|Whirlwind|p1a: Klefki
|drag|p1a: Great Tusk|Great Tusk|100/100
|
|-heal|p2a: Ting-Lu|94/100|[from] item: Leftovers
|upkeep
|turn|10
|
|t:|1760331927
|switch|p2a: Gholdengo|Gholdengo|100/100
|move|p1a: Great Tusk|Stealth Rock|p2a: Gholdengo
|-sidestart|p2: jb8976|move: Stealth Rock
|
|upkeep
|turn|11
|
|t:|1760331947
|-end|p1a: Great Tusk|Protosynthesis|[silent]
|switch|p1a: Gliscor|Gliscor, F|100/100 tox
|-damage|p1a: Gliscor|88/100 tox|[from] Stealth Rock
|move|p2a: Gholdengo|Make It Rain|p1a: Gliscor
|-damage|p1a: Gliscor|31/100 tox
|-unboost|p2a: Gholdengo|spa|1
|
|-heal|p1a: Gliscor|43/100 tox|[from] ability: Poison Heal
|upkeep
|turn|12
|
|t:|1760331959
|move|p1a: Gliscor|Protect|p1a: Gliscor
|-singleturn|p1a: Gliscor|Protect
|move|p2a: Gholdengo|Make It Rain|p1a: Gliscor
|-activate|p1a: Gliscor|move: Protect
|
|-heal|p1a: Gliscor|56/100 tox|[from] ability: Poison Heal
|upkeep
|turn|13
|
|t:|1760331972
|switch|p1a: Alomomola|Alomomola, M|100/100
|-terastallize|p2a: Gholdengo|Steel
|move|p2a: Gholdengo|Make It Rain|p1a: Alomomola
|-resisted|p1a: Alomomola
|-damage|p1a: Alomomola|69/100
|-unboost|p2a: Gholdengo|spa|1
|
|upkeep
|turn|14
|-message|jb8976 forfeited.
|
|win|ktr.na
|raw|ktr.na's rating: 1357 &rarr; <strong>1378</strong><br />(+21 for winning)
|raw|jb8976's rating: 1376 &rarr; <strong>1355</strong><br />(-21 for losing)
|l|☆jb8976
|player|p2|
|l|☆ktr.na
|player|p1|
