|j|☆luksmotta
|j|‽BUSTERGOAT
|t:|1760445387
|gametype|singles
|player|p1|luksmotta|riley|1185
|player|p2|BUSTERGOAT|falkner|1206
|gen|9
|tier|[Gen 9] OU
|rated|
|rule|HP Percentage Mod: HP is shown in percentages
|rule|Endless Battle Clause: Forcing endless battles is banned
|rule|Species Clause: Limit one of each Pokémon
|rule|OHKO Clause: OHKO moves are banned
|rule|Evasion Items Clause: Evasion items are banned
|rule|Evasion Moves Clause: Evasion moves are banned
|rule|Evasion Abilities Clause: Evasion abilities are banned
|rule|Sleep Moves Clause: Sleep-inducing moves are banned
|clearpoke
|poke|p1|Tornadus, M|
|poke|p1|Toxtricity, M|
|poke|p1|Iron Valiant|
|poke|p1|Arcanine-Hisui, M|
|poke|p1|Brambleghast, M|
|poke|p1|Hydreigon, M|
|poke|p2|Ribombee, M|
|poke|p2|Cinderace, F|
|poke|p2|Serperior, M|
|poke|p2|Enamorus, F|
|poke|p2|Dragapult, F|
|poke|p2|Kingambit, F|
|teampreview
|inactive|Battle timer is ON: inactive players will automatically lose when time's up. (requested by BUSTERGOAT)
|
|t:|1760445399
|teamsize|p1|6
|teamsize|p2|6
|start
|switch|p1a: Tornadus|Tornadus, M, shiny|100/100
|switch|p2a: Ribombee|Ribombee, M, shiny|100/100
|turn|1
|
|t:|1760445403
|move|p1a: Tornadus|Taunt|p2a: Ribombee
|-start|p2a: Ribombee|move: Taunt
|cant|p2a: Ribombee|move: Taunt|Sticky Web
|
|upkeep
|turn|2
|
|t:|1760445405
|move|p2a: Ribombee|Moonblast|p1a: Tornadus
|-damage|p1a: Tornadus|50/100
|-enditem|p1a: Tornadus|Eject Button
|
|t:|1760445417
|switch|p1a: Toxtricity|Toxtricity, M, shiny|100/100
|
|upkeep
|turn|3
|
|t:|1760445421
|move|p2a: Ribombee|Psychic Noise|p1a: Toxtricity
|-supereffective|p1a: Toxtricity
|-damage|p1a: Toxtricity|68/100
|-start|p1a: Toxtricity|move: Heal Block
|move|p1a: Toxtricity|Volt Switch|p2a: Ribombee
|-damage|p2a: Ribombee|9/100
|
|t:|1760445433
|switch|p1a: Tornadus|Tornadus, M, shiny|50/100|[from] Volt Switch
|
|-end|p2a: Ribombee|move: Taunt
|upkeep
|turn|4
|
|t:|1760445445
|move|p1a: Tornadus|Taunt|p2a: Ribombee
|-start|p2a: Ribombee|move: Taunt
|cant|p2a: Ribombee|move: Taunt|Sticky Web
|
|upkeep
|turn|5
|
|t:|1760445447
|move|p1a: Tornadus|Tailwind|p1a: Tornadus
|-sidestart|p1: luksmotta|move: Tailwind
|move|p2a: Ribombee|Moonblast|p1a: Tornadus
|-damage|p1a: Tornadus|0 fnt
|faint|p1a: Tornadus
|
|upkeep
|
|t:|1760445453
|switch|p1a: Toxtricity|Toxtricity, M, shiny|68/100
|turn|6
|
|t:|1760445469
|switch|p2a: Kingambit|Kingambit, F, shiny|100/100
|move|p1a: Toxtricity|Volt Switch|p2a: Kingambit
|-damage|p2a: Kingambit|42/100
|
|t:|1760445487
|switch|p1a: Iron Valiant|Iron Valiant, shiny|100/100|[from] Volt Switch
|
|-heal|p2a: Kingambit|48/100|[from] item: Leftovers
|upkeep
|turn|7
|
|t:|1760445497
|switch|p2a: Enamorus|Enamorus, F|100/100
|move|p1a: Iron Valiant|Moonblast|p2a: Enamorus
|-damage|p2a: Enamorus|0 fnt
|faint|p2a: Enamorus
|
|upkeep
|
|t:|1760445505
|switch|p2a: Cinderace|Cinderace, F, shiny|100/100
|turn|8
|
|t:|1760445512
|-end|p1a: Iron Valiant|Quark Drive|[silent]
|switch|p1a: Arcanine|Arcanine-Hisui, M, shiny|100/100
|move|p2a: Cinderace|Pyro Ball|p1a: Arcanine
|-resisted|p1a: Arcanine
|-damage|p1a: Arcanine|82/100
|
|-sideend|p1: luksmotta|move: Tailwind
|upkeep
|turn|9
|
|t:|1760445519
|move|p2a: Cinderace|U-turn|p1a: Arcanine
|-start|p2a: Cinderace|typechange|Bug|[from] ability: Libero
|-resisted|p1a: Arcanine
|-damage|p1a: Arcanine|62/100
|
|t:|1760445524
|switch|p2a: Dragapult|Dragapult, F, shiny|100/100|[from] U-turn
|move|p1a: Arcanine|Head Smash|p2a: Dragapult
|-damage|p2a: Dragapult|0 fnt
|faint|p2a: Dragapult
|
|upkeep
|
|t:|1760445536
|switch|p2a: Ribombee|Ribombee, M, shiny|9/100
|turn|10
|
|t:|1760445543
|switch|p1a: Brambleghast|Brambleghast, M, shiny|100/100
|move|p2a: Ribombee|Stun Spore|p1a: Brambleghast
|-immune|p1a: Brambleghast
|
|upkeep
|turn|11
|
|t:|1760445551
|move|p2a: Ribombee|Sticky Web|p1a: Brambleghast
|-sidestart|p1: luksmotta|move: Sticky Web
|move|p1a: Brambleghast|Rapid Spin|p2a: Ribombee
|-damage|p2a: Ribombee|0 fnt
|-boost|p1a: Brambleghast|spe|1
|-sideend|p1: luksmotta|Sticky Web|[from] move: Rapid Spin|[of] p1a: Brambleghast
|faint|p2a: Ribombee
|-damage|p1a: Brambleghast|91/100|[from] item: Life Orb
|
|upkeep
|
|t:|1760445558
|switch|p2a: Cinderace|Cinderace, F, shiny|100/100
|turn|12
|
|t:|1760445571
|switch|p1a: Arcanine|Arcanine-Hisui, M, shiny|62/100
|move|p2a: Cinderace|U-turn|p1a: Arcanine
|-start|p2a: Cinderace|typechange|Bug|[from] ability: Libero
|-resisted|p1a: Arcanine
|-damage|p1a: Arcanine|40/100
|
|t:|1760445576
|switch|p2a: Serperior|Serperior, M, shiny|100/100|[from] U-turn
|
|upkeep
|turn|13
|
|t:|1760445581
|-terastallize|p2a: Serperior|Fire
|move|p2a: Serperior|Leaf Storm|p1a: Arcanine
|-damage|p1a: Arcanine|0 fnt
|-boost|p2a: Serperior|spa|2
|faint|p1a: Arcanine
|
|upkeep
|
|t:|1760445595
|switch|p1a: Hydreigon|Hydreigon, M, shiny|100/100
|turn|14
|
|t:|1760445599
|move|p2a: Serperior|Dragon Pulse|p1a: Hydreigon
|-supereffective|p1a: Hydreigon
|-damage|p1a: Hydreigon|11/100
|move|p1a: Hydreigon|Tailwind|p1a: Hydreigon
|-sidestart|p1: luksmotta|move: Tailwind
|
|upkeep
|turn|15
|
|t:|1760445604
|move|p1a: Hydreigon|Draco Meteor|p2a: Serperior
|-damage|p2a: Serperior|23/100
|-unboost|p1a: Hydreigon|spa|2
|-enditem|p1a: Hydreigon|Eject Pack
|
|t:|1760445607
|switch|p1a: Iron Valiant|Iron Valiant, shiny|100/100
|move|p2a: Serperior|Leaf Storm|p1a: Iron Valiant
|-damage|p1a: Iron Valiant|0 fnt
|-boost|p2a: Serperior|spa|2
|faint|p1a: Iron Valiant
|-end|p1a: Iron Valiant|Quark Drive|[silent]
|
|-heal|p2a: Serperior|29/100|[from] item: Leftovers
|upkeep
|
|t:|1760445619
|switch|p1a: Toxtricity|Toxtricity, M, shiny|68/100
|turn|16
|
|t:|1760445639
|switch|p2a: Cinderace|Cinderace, F, shiny|100/100
|move|p1a: Toxtricity|Overdrive|p2a: Cinderace
|-damage|p2a: Cinderace|0 fnt
|faint|p2a: Cinderace
|
|upkeep
|
|t:|1760445646
|switch|p2a: Kingambit|Kingambit, F, shiny|48/100
|turn|17
|l|☆luksmotta
|inactive|luksmotta disconnected and has a minute to reconnect!
|player|p1|
|inactive|luksmotta has 30 seconds to reconnect!
|inactive|luksmotta has 20 seconds to reconnect!
|inactive|luksmotta has 15 seconds to reconnect!
|inactive|luksmotta has 10 seconds to reconnect!
|inactive|luksmotta has 5 seconds to reconnect!
|-message|luksmotta lost due to inactivity.
|
|win|BUSTERGOAT
|raw|luksmotta's rating: 1185 &rarr; <strong>1162</strong><br />(-23 for losing)
|raw|BUSTERGOAT's rating: 1206 &rarr; <strong>1229</strong><br />(+23 for winning)
|l|‽BUSTERGOAT
|player|p2|
