|j|☆King_Jamy
|j|☆oplik
|t:|1760429016
|gametype|singles
|player|p1|King_Jamy|169|1461
|player|p2|oplik|169|1460
|gen|9
|tier|[Gen 9] OU
|rated|
|rule|HP Percentage Mod: HP is shown in percentages
|rule|Endless Battle Clause: Forcing endless battles is banned
|rule|Species Clause: Limit one of each Pokémon
|rule|OHKO Clause: OHKO moves are banned
|rule|Evasion Items Clause: Evasion items are banned
|rule|Evasion Moves Clause: Evasion moves are banned
|rule|Evasion Abilities Clause: Evasion abilities are banned
|rule|Sleep Moves Clause: Sleep-inducing moves are banned
|clearpoke
|poke|p1|Goodra-Hisui, M|
|poke|p1|Alomomola, M|
|poke|p1|Raging Bolt|
|poke|p1|Corviknight, F|
|poke|p1|Ting-Lu|
|poke|p1|Scizor, M|
|poke|p2|Gholdengo|
|poke|p2|Zamazenta-*|
|poke|p2|Ting-Lu|
|poke|p2|Clefable, F|
|poke|p2|Dragonite, M|
|poke|p2|Deoxys-Speed|
|teampreview
|inactive|Battle timer is ON: inactive players will automatically lose when time's up. (requested by oplik)
|
|t:|1760429031
|teamsize|p1|6
|teamsize|p2|6
|start
|switch|p1a: Scizor|Scizor, M|100/100
|switch|p2a: Moonrock 350|Clefable, F|100/100
|turn|1
|
|t:|1760429036
|switch|p2a: Secret Service|Dragonite, M|100/100
|move|p1a: Scizor|Bullet Punch|p2a: Secret Service
|-damage|p2a: Secret Service|75/100
|
|upkeep
|turn|2
|
|t:|1760429043
|switch|p1a: Corviknight|Corviknight, F|100/100
|-ability|p1a: Corviknight|Pressure
|move|p2a: Secret Service|Roost|p2a: Secret Service
|-heal|p2a: Secret Service|100/100
|-singleturn|p2a: Secret Service|move: Roost
|
|upkeep
|turn|3
|
|t:|1760429054
|move|p1a: Corviknight|U-turn|p2a: Secret Service
|-resisted|p2a: Secret Service
|-damage|p2a: Secret Service|97/100
|
|t:|1760429060
|switch|p1a: Goodra|Goodra-Hisui, M|100/100|[from] U-turn
|move|p2a: Secret Service|Dragon Tail|p1a: Goodra
|-damage|p1a: Goodra|77/100
|drag|p1a: Raging Bolt|Raging Bolt|100/100
|
|upkeep
|turn|4
|
|t:|1760429068
|switch|p2a: Up Bowl On Em|Ting-Lu|100/100
|-ability|p2a: Up Bowl On Em|Vessel of Ruin
|move|p1a: Raging Bolt|Draco Meteor|p2a: Up Bowl On Em
|-damage|p2a: Up Bowl On Em|56/100
|-unboost|p1a: Raging Bolt|spa|2
|
|-heal|p2a: Up Bowl On Em|62/100|[from] item: Leftovers
|upkeep
|turn|5
|
|t:|1760429082
|-end|p1a: Raging Bolt|Protosynthesis|[silent]
|switch|p1a: Scizor|Scizor, M|100/100
|switch|p2a: Moonrock 350|Clefable, F|100/100
|
|upkeep
|turn|6
|
|t:|1760429092
|switch|p2a: Secret Service|Dragonite, M|97/100
|move|p1a: Scizor|Bullet Punch|p2a: Secret Service
|-damage|p2a: Secret Service|52/100
|
|upkeep
|turn|7
|
|t:|1760429098
|-terastallize|p1a: Scizor|Steel
|move|p1a: Scizor|Bullet Punch|p2a: Secret Service
|-damage|p2a: Secret Service|0 fnt
|faint|p2a: Secret Service
|
|upkeep
|
|t:|1760429102
|switch|p2a: Djengo Unrained|Gholdengo|100/100
|turn|8
|
|t:|1760429107
|switch|p1a: Raging Bolt|Raging Bolt|100/100
|move|p2a: Djengo Unrained|Nasty Plot|p2a: Djengo Unrained
|-boost|p2a: Djengo Unrained|spa|2
|
|upkeep
|turn|9
|inactive|King_Jamy has 120 seconds left.
|
|t:|1760429152
|move|p1a: Raging Bolt|Volt Switch|p2a: Djengo Unrained
|-damage|p2a: Djengo Unrained|49/100
|
|t:|1760429155
|-end|p1a: Raging Bolt|Protosynthesis|[silent]
|switch|p1a: Ting-Lu|Ting-Lu|100/100|[from] Volt Switch
|-ability|p1a: Ting-Lu|Vessel of Ruin
|move|p2a: Djengo Unrained|Shadow Ball|p1a: Ting-Lu
|-resisted|p1a: Ting-Lu
|-damage|p1a: Ting-Lu|85/100
|
|-heal|p1a: Ting-Lu|92/100|[from] item: Leftovers
|upkeep
|turn|10
|
|t:|1760429162
|move|p2a: Djengo Unrained|Recover|p2a: Djengo Unrained
|-heal|p2a: Djengo Unrained|99/100
|move|p1a: Ting-Lu|Earthquake|p2a: Djengo Unrained
|-supereffective|p2a: Djengo Unrained
|-damage|p2a: Djengo Unrained|47/100
|
|-heal|p1a: Ting-Lu|98/100|[from] item: Leftovers
|upkeep
|turn|11
|
|t:|1760429168
|switch|p2a: Up Bowl On Em|Ting-Lu|62/100
|-ability|p2a: Up Bowl On Em|Vessel of Ruin
|move|p1a: Ting-Lu|Earthquake|p2a: Up Bowl On Em
|-damage|p2a: Up Bowl On Em|42/100
|
|-heal|p2a: Up Bowl On Em|48/100|[from] item: Leftovers
|-heal|p1a: Ting-Lu|100/100|[from] item: Leftovers
|upkeep
|turn|12
|
|t:|1760429171
|switch|p1a: Scizor|Scizor, M, tera:Steel|100/100
|move|p2a: Up Bowl On Em|Spikes|p1a: Scizor
|-sidestart|p1: King_Jamy|Spikes
|
|-heal|p2a: Up Bowl On Em|54/100|[from] item: Leftovers
|upkeep
|turn|13
|
|t:|1760429176
|move|p1a: Scizor|U-turn|p2a: Up Bowl On Em
|-supereffective|p2a: Up Bowl On Em
|-damage|p2a: Up Bowl On Em|0 fnt
|faint|p2a: Up Bowl On Em
|
|t:|1760429181
|switch|p1a: Raging Bolt|Raging Bolt|100/100|[from] U-turn
|-damage|p1a: Raging Bolt|88/100|[from] Spikes
|
|upkeep
|
|t:|1760429186
|switch|p2a: Moonrock 350|Clefable, F|100/100
|turn|14
|
|t:|1760429189
|move|p1a: Raging Bolt|Volt Switch|p2a: Moonrock 350
|-damage|p2a: Moonrock 350|43/100
|
|t:|1760429192
|-end|p1a: Raging Bolt|Protosynthesis|[silent]
|switch|p1a: Scizor|Scizor, M, tera:Steel|100/100|[from] Volt Switch
|-damage|p1a: Scizor|88/100|[from] Spikes
|move|p2a: Moonrock 350|Knock Off|p1a: Scizor
|-damage|p1a: Scizor|71/100
|-enditem|p1a: Scizor|Choice Band|[from] move: Knock Off|[of] p2a: Moonrock 350
|
|upkeep
|turn|15
|
|t:|1760429199
|move|p1a: Scizor|Bullet Punch|p2a: Moonrock 350
|-supereffective|p2a: Moonrock 350
|-damage|p2a: Moonrock 350|0 fnt
|-damage|p1a: Scizor|55/100|[from] item: Rocky Helmet|[of] p2a: Moonrock 350
|faint|p2a: Moonrock 350
|
|upkeep
|
|t:|1760429204
|switch|p2a: CClifford|Zamazenta|100/100
|-ability|p2a: CClifford|Dauntless Shield|boost
|-boost|p2a: CClifford|def|1
|turn|16
|
|t:|1760429222
|switch|p2a: Dude Nasty Asf|Deoxys-Speed|100/100
|-ability|p2a: Dude Nasty Asf|Pressure
|switch|p1a: Corviknight|Corviknight, F|100/100
|-ability|p1a: Corviknight|Pressure
|
|upkeep
|turn|17
|inactive|King_Jamy has 120 seconds left.
|
|t:|1760429256
|move|p2a: Dude Nasty Asf|Nasty Plot|p2a: Dude Nasty Asf
|-boost|p2a: Dude Nasty Asf|spa|2
|move|p1a: Corviknight|U-turn|p2a: Dude Nasty Asf
|-supereffective|p2a: Dude Nasty Asf
|-damage|p2a: Dude Nasty Asf|59/100
|
|t:|1760429258
|switch|p1a: Scizor|Scizor, M, tera:Steel|55/100|[from] U-turn
|-damage|p1a: Scizor|43/100|[from] Spikes
|
|upkeep
|turn|18
|
|t:|1760429263
|move|p1a: Scizor|Bullet Punch|p2a: Dude Nasty Asf
|-damage|p2a: Dude Nasty Asf|0 fnt
|faint|p2a: Dude Nasty Asf
|
|upkeep
|
|t:|1760429266
|switch|p2a: CClifford|Zamazenta|100/100
|turn|19
|
|t:|1760429277
|switch|p1a: Alomomola|Alomomola, M|100/100
|move|p2a: CClifford|Close Combat|p1a: Alomomola
|-damage|p1a: Alomomola|68/100
|-unboost|p2a: CClifford|def|1
|-unboost|p2a: CClifford|spd|1
|
|upkeep
|turn|20
|
|t:|1760429282
|switch|p2a: Djengo Unrained|Gholdengo|47/100
|move|p1a: Alomomola|Scald|p2a: Djengo Unrained
|-damage|p2a: Djengo Unrained|36/100
|
|upkeep
|turn|21
|
|t:|1760429285
|move|p2a: Djengo Unrained|Recover|p2a: Djengo Unrained
|-heal|p2a: Djengo Unrained|86/100
|move|p1a: Alomomola|Flip Turn|p2a: Djengo Unrained
|-damage|p2a: Djengo Unrained|73/100
|
|t:|1760429287
|switch|p1a: Ting-Lu|Ting-Lu|100/100|[from] Flip Turn
|-damage|p1a: Ting-Lu|88/100|[from] Spikes
|-ability|p1a: Ting-Lu|Vessel of Ruin
|
|-heal|p1a: Ting-Lu|94/100|[from] item: Leftovers
|upkeep
|turn|22
|
|t:|1760429292
|switch|p2a: CClifford|Zamazenta|100/100
|move|p1a: Ting-Lu|Earthquake|p2a: CClifford
|-damage|p2a: CClifford|68/100
|
|-heal|p1a: Ting-Lu|100/100|[from] item: Leftovers
|upkeep
|turn|23
|
|t:|1760429306
|switch|p1a: Alomomola|Alomomola, M|100/100
|move|p2a: CClifford|Close Combat|p1a: Alomomola
|-damage|p1a: Alomomola|70/100
|-unboost|p2a: CClifford|def|1
|-unboost|p2a: CClifford|spd|1
|
|upkeep
|turn|24
|
|t:|1760429308
|move|p2a: CClifford|Close Combat|p1a: Alomomola
|-damage|p1a: Alomomola|40/100
|-unboost|p2a: CClifford|def|1
|-unboost|p2a: CClifford|spd|1
|move|p1a: Alomomola|Flip Turn|p2a: CClifford
|-damage|p2a: CClifford|41/100
|
|t:|1760429312
|switch|p1a: Corviknight|Corviknight, F|100/100|[from] Flip Turn
|-ability|p1a: Corviknight|Pressure
|
|upkeep
|turn|25
|
|t:|1760429314
|move|p2a: CClifford|Close Combat|p1a: Corviknight
|-damage|p1a: Corviknight|65/100
|-unboost|p2a: CClifford|def|1
|-unboost|p2a: CClifford|spd|1
|-damage|p2a: CClifford|25/100|[from] item: Rocky Helmet|[of] p1a: Corviknight
|move|p1a: Corviknight|Brave Bird|p2a: CClifford
|-supereffective|p2a: CClifford
|-damage|p2a: CClifford|0 fnt
|faint|p2a: CClifford
|-damage|p1a: Corviknight|58/100|[from] Recoil
|
|upkeep
|
|t:|1760429317
|switch|p2a: Djengo Unrained|Gholdengo|73/100
|turn|26
|
|t:|1760429327
|move|p2a: Djengo Unrained|Nasty Plot|p2a: Djengo Unrained
|-boost|p2a: Djengo Unrained|spa|2
|move|p1a: Corviknight|U-turn|p2a: Djengo Unrained
|-resisted|p2a: Djengo Unrained
|-damage|p2a: Djengo Unrained|71/100
|
|t:|1760429328
|switch|p1a: Ting-Lu|Ting-Lu|100/100|[from] U-turn
|-damage|p1a: Ting-Lu|88/100|[from] Spikes
|-ability|p1a: Ting-Lu|Vessel of Ruin
|
|-heal|p1a: Ting-Lu|94/100|[from] item: Leftovers
|upkeep
|turn|27
|
|t:|1760429332
|-terastallize|p2a: Djengo Unrained|Fairy
|move|p2a: Djengo Unrained|Recover|p2a: Djengo Unrained
|-heal|p2a: Djengo Unrained|100/100
|move|p1a: Ting-Lu|Earthquake|p2a: Djengo Unrained
|-crit|p2a: Djengo Unrained
|-damage|p2a: Djengo Unrained|63/100
|
|-heal|p1a: Ting-Lu|100/100|[from] item: Leftovers
|upkeep
|turn|28
|
|t:|1760429345
|move|p2a: Djengo Unrained|Recover|p2a: Djengo Unrained
|-heal|p2a: Djengo Unrained|100/100
|move|p1a: Ting-Lu|Ruination|p2a: Djengo Unrained
|-damage|p2a: Djengo Unrained|51/100
|
|upkeep
|turn|29
|
|t:|1760429352
|move|p2a: Djengo Unrained|Make It Rain|p1a: Ting-Lu
|-damage|p1a: Ting-Lu|57/100
|-unboost|p2a: Djengo Unrained|spa|1
|move|p1a: Ting-Lu|Ruination|p2a: Djengo Unrained
|-damage|p2a: Djengo Unrained|26/100
|
|-heal|p1a: Ting-Lu|63/100|[from] item: Leftovers
|upkeep
|turn|30
|-message|oplik forfeited.
|
|win|King_Jamy
|raw|King_Jamy's rating: 1461 &rarr; <strong>1481</strong><br />(+20 for winning)
|raw|oplik's rating: 1460 &rarr; <strong>1440</strong><br />(-20 for losing)
|l|☆oplik
|player|p2|
|l|☆King_Jamy
|player|p1|
