|j|☆Haconnhabatrieu
|j|☆beeboobaa
|t:|1760345354
|gametype|singles
|player|p1|Haconnhabatrieu|ninjaboy|1345
|player|p2|beeboobaa|169|1387
|gen|9
|tier|[Gen 9] OU
|rated|
|rule|HP Percentage Mod: HP is shown in percentages
|rule|Endless Battle Clause: Forcing endless battles is banned
|rule|Species Clause: Limit one of each Pokémon
|rule|OHKO Clause: OHKO moves are banned
|rule|Evasion Items Clause: Evasion items are banned
|rule|Evasion Moves Clause: Evasion moves are banned
|rule|Evasion Abilities Clause: Evasion abilities are banned
|rule|Sleep Moves Clause: Sleep-inducing moves are banned
|clearpoke
|poke|p1|Gholdengo|
|poke|p1|Ogerpon-Wellspring, F|
|poke|p1|Great Tusk|
|poke|p1|Ting-Lu|
|poke|p1|Ninetales-Alola, M|
|poke|p1|Dragonite, M|
|poke|p2|Blastoise, M|
|poke|p2|Clefable, F|
|poke|p2|Chansey, F|
|poke|p2|Gyarados, M|
|poke|p2|Zapdos|
|poke|p2|Dragonite, M|
|teampreview
|inactive|Battle timer is ON: inactive players will automatically lose when time's up. (requested by beeboobaa)
|
|t:|1760345375
|teamsize|p1|6
|teamsize|p2|6
|start
|switch|p1a: Gholdengo|Gholdengo, shiny|100/100
|switch|p2a: Blastoise|Blastoise, M|100/100
|turn|1
|
|t:|1760345385
|move|p2a: Blastoise|Shell Smash|p2a: Blastoise
|-unboost|p2a: Blastoise|def|1
|-unboost|p2a: Blastoise|spd|1
|-boost|p2a: Blastoise|atk|2
|-boost|p2a: Blastoise|spa|2
|-boost|p2a: Blastoise|spe|2
|move|p1a: Gholdengo|Trick|p2a: Blastoise
|-activate|p1a: Gholdengo|move: Trick|[of] p2a: Blastoise
|-item|p2a: Blastoise|Choice Specs|[from] move: Trick
|-item|p1a: Gholdengo|Rocky Helmet|[from] move: Trick
|
|upkeep
|turn|2
|
|t:|1760345403
|switch|p2a: Gyarados|Gyarados, M|100/100
|switch|p1a: Ogerpon|Ogerpon-Wellspring, F|100/100
|
|upkeep
|turn|3
|
|t:|1760345410
|move|p1a: Ogerpon|Swords Dance|p1a: Ogerpon
|-boost|p1a: Ogerpon|atk|2
|move|p2a: Gyarados|Dragon Dance|p2a: Gyarados
|-boost|p2a: Gyarados|atk|1
|-boost|p2a: Gyarados|spe|1
|
|upkeep
|turn|4
|
|t:|1760345424
|move|p1a: Ogerpon|Horn Leech|p2a: Gyarados
|-damage|p2a: Gyarados|25/100
|move|p2a: Gyarados|Dragon Dance|p2a: Gyarados
|-boost|p2a: Gyarados|atk|1
|-boost|p2a: Gyarados|spe|1
|
|upkeep
|turn|5
|
|t:|1760345434
|-terastallize|p2a: Gyarados|Steel
|move|p2a: Gyarados|Rest|p2a: Gyarados
|-status|p2a: Gyarados|slp|[from] move: Rest
|-heal|p2a: Gyarados|100/100 slp|[silent]
|-enditem|p2a: Gyarados|Chesto Berry|[eat]
|-curestatus|p2a: Gyarados|slp|[msg]
|move|p1a: Ogerpon|Horn Leech|p2a: Gyarados
|-resisted|p2a: Gyarados
|-damage|p2a: Gyarados|59/100
|
|upkeep
|turn|6
|
|t:|1760345446
|move|p2a: Gyarados|Stone Edge|p1a: Ogerpon
|-damage|p1a: Ogerpon|20/100
|move|p1a: Ogerpon|Ivy Cudgel|p2a: Gyarados|[anim] Ivy Cudgel Water
|-damage|p2a: Gyarados|0 fnt
|faint|p2a: Gyarados
|
|upkeep
|
|t:|1760345475
|switch|p2a: Zapdos|Zapdos|100/100
|turn|7
|
|t:|1760345481
|switch|p1a: Ting-Lu|Ting-Lu, shiny|100/100
|-ability|p1a: Ting-Lu|Vessel of Ruin
|move|p2a: Zapdos|Hurricane|p1a: Ting-Lu|[miss]
|-miss|p2a: Zapdos|p1a: Ting-Lu
|
|upkeep
|turn|8
|
|t:|1760345486
|move|p2a: Zapdos|Hurricane|p1a: Ting-Lu
|-damage|p1a: Ting-Lu|74/100
|move|p1a: Ting-Lu|Stealth Rock|p2a: Zapdos
|-sidestart|p2: beeboobaa|move: Stealth Rock
|
|upkeep
|turn|9
|
|t:|1760345491
|move|p2a: Zapdos|Hurricane|p1a: Ting-Lu|[miss]
|-miss|p2a: Zapdos|p1a: Ting-Lu
|move|p1a: Ting-Lu|Ruination|p2a: Zapdos
|-damage|p2a: Zapdos|50/100
|
|upkeep
|turn|10
|
|t:|1760345493
|move|p2a: Zapdos|Hurricane|p1a: Ting-Lu
|-damage|p1a: Ting-Lu|51/100
|move|p1a: Ting-Lu|Whirlwind|p2a: Zapdos
|drag|p2a: Chansey|Chansey, F|100/100
|-damage|p2a: Chansey|88/100|[from] Stealth Rock
|
|upkeep
|turn|11
|
|t:|1760345498
|move|p2a: Chansey|Seismic Toss|p1a: Ting-Lu
|-damage|p1a: Ting-Lu|31/100
|-damage|p2a: Chansey|72/100|[from] item: Rocky Helmet|[of] p1a: Ting-Lu
|move|p1a: Ting-Lu|Earthquake|p2a: Chansey
|-damage|p2a: Chansey|44/100
|
|upkeep
|turn|12
|
|t:|1760345506
|move|p2a: Chansey|Soft-Boiled|p2a: Chansey
|-heal|p2a: Chansey|94/100
|move|p1a: Ting-Lu|Whirlwind|p2a: Chansey
|drag|p2a: Dragonite|Dragonite, M|100/100
|-damage|p2a: Dragonite|76/100|[from] Stealth Rock
|
|upkeep
|turn|13
|
|t:|1760345513
|move|p2a: Dragonite|Ice Spinner|p1a: Ting-Lu
|-supereffective|p1a: Ting-Lu
|-damage|p1a: Ting-Lu|6/100
|-damage|p2a: Dragonite|59/100|[from] item: Rocky Helmet|[of] p1a: Ting-Lu
|move|p1a: Ting-Lu|Whirlwind|p2a: Dragonite
|drag|p2a: Blastoise|Blastoise, M|100/100
|-damage|p2a: Blastoise|88/100|[from] Stealth Rock
|
|upkeep
|turn|14
|
|t:|1760345529
|switch|p1a: Ogerpon|Ogerpon-Wellspring, F|20/100
|move|p2a: Blastoise|Ice Beam|p1a: Ogerpon
|-damage|p1a: Ogerpon|0 fnt
|faint|p1a: Ogerpon
|
|upkeep
|
|t:|1760345535
|switch|p1a: Ninetales|Ninetales-Alola, M|100/100
|-weather|Snowscape|[from] ability: Snow Warning|[of] p1a: Ninetales
|turn|15
|
|t:|1760345554
|switch|p2a: Zapdos|Zapdos|50/100
|move|p1a: Ninetales|Aurora Veil|p1a: Ninetales
|-sidestart|p1: Haconnhabatrieu|move: Aurora Veil
|
|-weather|Snowscape|[upkeep]
|upkeep
|turn|16
|
|t:|1760345560
|move|p1a: Ninetales|Freeze-Dry|p2a: Zapdos
|-supereffective|p2a: Zapdos
|-damage|p2a: Zapdos|12/100
|-status|p2a: Zapdos|frz
|cant|p2a: Zapdos|frz
|
|-weather|Snowscape|[upkeep]
|upkeep
|turn|17
|
|t:|1760345566
|move|p1a: Ninetales|Freeze-Dry|p2a: Zapdos
|-supereffective|p2a: Zapdos
|-damage|p2a: Zapdos|0 fnt
|faint|p2a: Zapdos
|
|-weather|Snowscape|[upkeep]
|upkeep
|
|t:|1760345587
|switch|p2a: Chansey|Chansey, F|94/100
|-damage|p2a: Chansey|82/100|[from] Stealth Rock
|turn|18
|
|t:|1760345591
|switch|p1a: Gholdengo|Gholdengo, shiny|100/100
|move|p2a: Chansey|Seismic Toss|p1a: Gholdengo
|-immune|p1a: Gholdengo
|
|-weather|Snowscape|[upkeep]
|upkeep
|turn|19
|
|t:|1760345604
|move|p1a: Gholdengo|Trick|p2a: Chansey
|-activate|p1a: Gholdengo|move: Trick|[of] p2a: Chansey
|-item|p2a: Chansey|Rocky Helmet|[from] move: Trick
|-item|p1a: Gholdengo|Eviolite|[from] move: Trick
|move|p2a: Chansey|Calm Mind|p2a: Chansey
|-boost|p2a: Chansey|spa|1
|-boost|p2a: Chansey|spd|1
|
|-weather|none
|upkeep
|turn|20
|inactive|Haconnhabatrieu has 120 seconds left.
|
|t:|1760345636
|switch|p1a: Ting-Lu|Ting-Lu, shiny|6/100
|-ability|p1a: Ting-Lu|Vessel of Ruin
|move|p2a: Chansey|Seismic Toss|p1a: Ting-Lu
|-damage|p1a: Ting-Lu|0 fnt
|-damage|p2a: Chansey|65/100|[from] item: Rocky Helmet|[of] p1a: Ting-Lu
|faint|p1a: Ting-Lu
|
|upkeep
|inactive|Haconnhabatrieu has 120 seconds left.
|
|t:|1760345644
|switch|p1a: Great Tusk|Great Tusk, shiny|100/100
|turn|21
|
|t:|1760345660
|switch|p2a: Clefable|Clefable, F|100/100
|move|p1a: Great Tusk|Close Combat|p2a: Clefable
|-resisted|p2a: Clefable
|-damage|p2a: Clefable|74/100
|-unboost|p1a: Great Tusk|def|1
|-unboost|p1a: Great Tusk|spd|1
|-damage|p1a: Great Tusk|84/100|[from] item: Rocky Helmet|[of] p2a: Clefable
|
|upkeep
|turn|22
|
|t:|1760345668
|-end|p1a: Great Tusk|Protosynthesis|[silent]
|switch|p1a: Gholdengo|Gholdengo, shiny|100/100
|move|p2a: Clefable|Calm Mind|p2a: Clefable
|-boost|p2a: Clefable|spa|1
|-boost|p2a: Clefable|spd|1
|
|-sideend|p1: Haconnhabatrieu|move: Aurora Veil
|upkeep
|turn|23
|
|t:|1760345694
|switch|p2a: Chansey|Chansey, F|65/100
|-damage|p2a: Chansey|53/100|[from] Stealth Rock
|move|p1a: Gholdengo|Make It Rain|p2a: Chansey
|-damage|p2a: Chansey|26/100
|-unboost|p1a: Gholdengo|spa|1
|
|upkeep
|turn|24
|
|t:|1760345705
|switch|p1a: Great Tusk|Great Tusk, shiny|84/100
|move|p2a: Chansey|Soft-Boiled|p2a: Chansey
|-heal|p2a: Chansey|76/100
|
|upkeep
|turn|25
|
|t:|1760345712
|switch|p2a: Clefable|Clefable, F|74/100
|move|p1a: Great Tusk|Headlong Rush|p2a: Clefable
|-damage|p2a: Clefable|25/100
|-unboost|p1a: Great Tusk|def|1
|-unboost|p1a: Great Tusk|spd|1
|-damage|p1a: Great Tusk|67/100|[from] item: Rocky Helmet|[of] p2a: Clefable
|
|upkeep
|turn|26
|
|t:|1760345722
|move|p1a: Great Tusk|Close Combat|p2a: Clefable
|-resisted|p2a: Clefable
|-damage|p2a: Clefable|1/100
|-unboost|p1a: Great Tusk|def|1
|-unboost|p1a: Great Tusk|spd|1
|-damage|p1a: Great Tusk|51/100|[from] item: Rocky Helmet|[of] p2a: Clefable
|move|p2a: Clefable|Moonlight|p2a: Clefable
|-heal|p2a: Clefable|51/100
|
|upkeep
|turn|27
|
|t:|1760345726
|move|p1a: Great Tusk|Headlong Rush|p2a: Clefable
|-damage|p2a: Clefable|0 fnt
|-unboost|p1a: Great Tusk|def|1
|-unboost|p1a: Great Tusk|spd|1
|-damage|p1a: Great Tusk|34/100|[from] item: Rocky Helmet|[of] p2a: Clefable
|faint|p2a: Clefable
|
|upkeep
|
|t:|1760345732
|switch|p2a: Chansey|Chansey, F|76/100
|-damage|p2a: Chansey|64/100|[from] Stealth Rock
|turn|28
|
|t:|1760345736
|move|p1a: Great Tusk|Close Combat|p2a: Chansey
|-supereffective|p2a: Chansey
|-damage|p2a: Chansey|0 fnt
|-unboost|p1a: Great Tusk|def|1
|-unboost|p1a: Great Tusk|spd|1
|-damage|p1a: Great Tusk|18/100|[from] item: Rocky Helmet|[of] p2a: Chansey
|faint|p2a: Chansey
|
|upkeep
|c|☆beeboobaa|that was actually a misclick to send him in
|
|t:|1760345754
|switch|p2a: Dragonite|Dragonite, M|59/100
|-damage|p2a: Dragonite|34/100|[from] Stealth Rock
|turn|29
|
|t:|1760345764
|-end|p1a: Great Tusk|Protosynthesis|[silent]
|switch|p1a: Ninetales|Ninetales-Alola, M|100/100
|-weather|Snowscape|[from] ability: Snow Warning|[of] p1a: Ninetales
|move|p2a: Dragonite|Dragon Dance|p2a: Dragonite
|-boost|p2a: Dragonite|atk|1
|-boost|p2a: Dragonite|spe|1
|
|-weather|Snowscape|[upkeep]
|upkeep
|turn|30
|
|t:|1760345775
|move|p1a: Ninetales|Aurora Veil|p1a: Ninetales
|-sidestart|p1: Haconnhabatrieu|move: Aurora Veil
|move|p2a: Dragonite|Earthquake|p1a: Ninetales
|-damage|p1a: Ninetales|76/100
|
|-weather|Snowscape|[upkeep]
|upkeep
|turn|31
|-message|beeboobaa forfeited.
|
|win|Haconnhabatrieu
|raw|Haconnhabatrieu's rating: 1345 &rarr; <strong>1367</strong><br />(+22 for winning)
|raw|beeboobaa's rating: 1387 &rarr; <strong>1365</strong><br />(-22 for losing)
|l|☆beeboobaa
|player|p2|
|l|☆Haconnhabatrieu
|player|p1|
