|j|☆AStupidAsian
|j|☆DeadlockedTheory
|t:|1760435766
|gametype|singles
|player|p1|AStupidAsian|sordward|1610
|player|p2|DeadlockedTheory|169|1575
|gen|9
|tier|[Gen 9] OU
|rated|
|rule|HP Percentage Mod: HP is shown in percentages
|rule|Endless Battle Clause: Forcing endless battles is banned
|rule|Species Clause: Limit one of each Pokémon
|rule|OHKO Clause: OHKO moves are banned
|rule|Evasion Items Clause: Evasion items are banned
|rule|Evasion Moves Clause: Evasion moves are banned
|rule|Evasion Abilities Clause: Evasion abilities are banned
|rule|Sleep Moves Clause: Sleep-inducing moves are banned
|clearpoke
|poke|p1|Gliscor, M|
|poke|p1|Blissey, F|
|poke|p1|Toxapex, F|
|poke|p1|Dondozo, F|
|poke|p1|Corviknight, F|
|poke|p1|Weezing-Galar, F|
|poke|p2|Lokix, F|
|poke|p2|Cinderace, F|
|poke|p2|Great Tusk|
|poke|p2|Alomomola, M|
|poke|p2|Enamorus, F|
|poke|p2|Slowking-Galar, F|
|teampreview
|
|t:|1760435791
|teamsize|p1|6
|teamsize|p2|6
|start
|switch|p1a: Gliscor|Gliscor, M|100/100
|switch|p2a: Slowking|Slowking-Galar, F|100/100
|turn|1
|
|t:|1760435798
|move|p1a: Gliscor|Earthquake|p2a: Slowking
|-supereffective|p2a: Slowking
|-crit|p2a: Slowking
|-enditem|p2a: Slowking|Shuca Berry|[eat]
|-enditem|p2a: Slowking|Shuca Berry|[weaken]
|-damage|p2a: Slowking|62/100
|move|p2a: Slowking|Future Sight|p1a: Gliscor
|-start|p2a: Slowking|move: Future Sight
|
|-status|p1a: Gliscor|tox|[from] item: Toxic Orb
|upkeep
|turn|2
|
|t:|1760435807
|move|p1a: Gliscor|Earthquake|p2a: Slowking
|-supereffective|p2a: Slowking
|-damage|p2a: Slowking|10/100
|move|p2a: Slowking|Ice Beam|p1a: Gliscor
|-supereffective|p1a: Gliscor
|-damage|p1a: Gliscor|27/100 tox
|
|-heal|p1a: Gliscor|39/100 tox|[from] ability: Poison Heal
|upkeep
|turn|3
|
|t:|1760435826
|switch|p1a: Corviknight|Corviknight, F|100/100
|-ability|p1a: Corviknight|Pressure
|-prepare|p2a: Slowking|Chilly Reception|[premajor]
|move|p2a: Slowking|Chilly Reception|p2a: Slowking
|-weather|Snowscape
|
|t:|1760435834
|switch|p2a: Cinderace|Cinderace, F|100/100|[from] Chilly Reception
|
|-weather|Snowscape|[upkeep]
|-end|p1a: Corviknight|move: Future Sight
|-resisted|p1a: Corviknight
|-damage|p1a: Corviknight|78/100
|upkeep
|turn|4
|
|t:|1760435842
|switch|p1a: Toxapex|Toxapex, F|100/100
|move|p2a: Cinderace|Will-O-Wisp|p1a: Toxapex
|-status|p1a: Toxapex|brn
|
|-weather|Snowscape|[upkeep]
|-damage|p1a: Toxapex|95/100 brn|[from] brn
|upkeep
|turn|5
|
|t:|1760435851
|move|p2a: Cinderace|U-turn|p1a: Toxapex
|-resisted|p1a: Toxapex
|-damage|p1a: Toxapex|88/100 brn
|
|t:|1760435854
|switch|p2a: Slowking|Slowking-Galar, F|43/100|[from] U-turn
|move|p1a: Toxapex|Toxic|p2a: Slowking
|-immune|p2a: Slowking
|
|-weather|Snowscape|[upkeep]
|-damage|p1a: Toxapex|82/100 brn|[from] brn
|upkeep
|turn|6
|
|t:|1760435863
|switch|p1a: Blissey|Blissey, F, shiny|100/100
|move|p2a: Slowking|Future Sight|p1a: Blissey
|-start|p2a: Slowking|move: Future Sight
|
|-weather|Snowscape|[upkeep]
|upkeep
|turn|7
|
|t:|1760435869
|move|p1a: Blissey|Stealth Rock|p2a: Slowking
|-sidestart|p2: DeadlockedTheory|move: Stealth Rock
|-prepare|p2a: Slowking|Chilly Reception|[premajor]
|move|p2a: Slowking|Chilly Reception|p2a: Slowking
|
|t:|1760435876
|switch|p2a: Great Tusk|Great Tusk|100/100|[from] Chilly Reception
|-damage|p2a: Great Tusk|98/100|[from] Stealth Rock
|
|-weather|none
|-heal|p2a: Great Tusk|100/100|[from] item: Leftovers
|upkeep
|turn|8
|
|t:|1760435883
|switch|p1a: Corviknight|Corviknight, F|78/100
|-ability|p1a: Corviknight|Pressure
|move|p2a: Great Tusk|Knock Off|p1a: Corviknight
|-damage|p1a: Corviknight|60/100
|-damage|p2a: Great Tusk|84/100|[from] item: Rocky Helmet|[of] p1a: Corviknight
|-enditem|p1a: Corviknight|Rocky Helmet|[from] move: Knock Off|[of] p2a: Great Tusk
|
|-end|p1a: Corviknight|move: Future Sight
|-resisted|p1a: Corviknight
|-crit|p1a: Corviknight
|-damage|p1a: Corviknight|27/100
|-heal|p2a: Great Tusk|90/100|[from] item: Leftovers
|upkeep
|turn|9
|
|t:|1760435898
|move|p2a: Great Tusk|Rapid Spin|p1a: Corviknight
|-resisted|p1a: Corviknight
|-damage|p1a: Corviknight|23/100
|-boost|p2a: Great Tusk|spe|1
|-sideend|p2: DeadlockedTheory|Stealth Rock|[from] move: Rapid Spin|[of] p2a: Great Tusk
|move|p1a: Corviknight|Roost|p1a: Corviknight
|-heal|p1a: Corviknight|73/100
|-singleturn|p1a: Corviknight|move: Roost
|
|-heal|p2a: Great Tusk|96/100|[from] item: Leftovers
|upkeep
|turn|10
|
|t:|1760435909
|move|p2a: Great Tusk|Bulk Up|p2a: Great Tusk
|-boost|p2a: Great Tusk|atk|1
|-boost|p2a: Great Tusk|def|1
|move|p1a: Corviknight|Drill Peck|p2a: Great Tusk
|-supereffective|p2a: Great Tusk
|-crit|p2a: Great Tusk
|-damage|p2a: Great Tusk|57/100
|
|-heal|p2a: Great Tusk|63/100|[from] item: Leftovers
|upkeep
|turn|11
|
|t:|1760435918
|move|p2a: Great Tusk|Bulk Up|p2a: Great Tusk
|-boost|p2a: Great Tusk|atk|1
|-boost|p2a: Great Tusk|def|1
|move|p1a: Corviknight|Iron Defense|p1a: Corviknight
|-boost|p1a: Corviknight|def|2
|
|-heal|p2a: Great Tusk|70/100|[from] item: Leftovers
|upkeep
|turn|12
|
|t:|1760435927
|move|p2a: Great Tusk|Bulk Up|p2a: Great Tusk
|-boost|p2a: Great Tusk|atk|1
|-boost|p2a: Great Tusk|def|1
|move|p1a: Corviknight|Body Press|p2a: Great Tusk
|-damage|p2a: Great Tusk|59/100
|
|-heal|p2a: Great Tusk|65/100|[from] item: Leftovers
|upkeep
|turn|13
|
|t:|1760435936
|move|p2a: Great Tusk|Bulk Up|p2a: Great Tusk
|-boost|p2a: Great Tusk|atk|1
|-boost|p2a: Great Tusk|def|1
|move|p1a: Corviknight|Iron Defense|p1a: Corviknight
|-boost|p1a: Corviknight|def|2
|
|-heal|p2a: Great Tusk|71/100|[from] item: Leftovers
|upkeep
|turn|14
|
|t:|1760435944
|move|p2a: Great Tusk|Bulk Up|p2a: Great Tusk
|-boost|p2a: Great Tusk|atk|1
|-boost|p2a: Great Tusk|def|1
|move|p1a: Corviknight|Iron Defense|p1a: Corviknight
|-boost|p1a: Corviknight|def|2
|
|-heal|p2a: Great Tusk|78/100|[from] item: Leftovers
|upkeep
|turn|15
|
|t:|1760435953
|move|p2a: Great Tusk|Bulk Up|p2a: Great Tusk
|-boost|p2a: Great Tusk|atk|1
|-boost|p2a: Great Tusk|def|1
|move|p1a: Corviknight|Body Press|p2a: Great Tusk
|-damage|p2a: Great Tusk|62/100
|
|-heal|p2a: Great Tusk|69/100|[from] item: Leftovers
|upkeep
|turn|16
|
|t:|1760435962
|move|p2a: Great Tusk|Knock Off|p1a: Corviknight
|-damage|p1a: Corviknight|61/100
|move|p1a: Corviknight|Body Press|p2a: Great Tusk
|-damage|p2a: Great Tusk|54/100
|
|-heal|p2a: Great Tusk|60/100|[from] item: Leftovers
|upkeep
|turn|17
|
|t:|1760435971
|-terastallize|p2a: Great Tusk|Poison
|move|p2a: Great Tusk|Knock Off|p1a: Corviknight
|-crit|p1a: Corviknight
|-damage|p1a: Corviknight|0 fnt
|faint|p1a: Corviknight
|
|-heal|p2a: Great Tusk|66/100|[from] item: Leftovers
|upkeep
|
|t:|1760435980
|switch|p1a: Dondozo|Dondozo, F|100/100
|turn|18
|
|t:|1760435983
|move|p2a: Great Tusk|Knock Off|p1a: Dondozo
|-damage|p1a: Dondozo|88/100
|-enditem|p1a: Dondozo|Leftovers|[from] move: Knock Off|[of] p2a: Great Tusk
|move|p1a: Dondozo|Waterfall|p2a: Great Tusk
|-damage|p2a: Great Tusk|53/100
|
|-heal|p2a: Great Tusk|59/100|[from] item: Leftovers
|upkeep
|turn|19
|
|t:|1760435994
|move|p2a: Great Tusk|Earthquake|p1a: Dondozo
|-damage|p1a: Dondozo|70/100
|move|p1a: Dondozo|Waterfall|p2a: Great Tusk
|-damage|p2a: Great Tusk|45/100
|
|-heal|p2a: Great Tusk|51/100|[from] item: Leftovers
|upkeep
|turn|20
|
|t:|1760436003
|move|p2a: Great Tusk|Earthquake|p1a: Dondozo
|-damage|p1a: Dondozo|50/100
|move|p1a: Dondozo|Curse|p1a: Dondozo
|-unboost|p1a: Dondozo|spe|1
|-boost|p1a: Dondozo|atk|1
|-boost|p1a: Dondozo|def|1
|
|-heal|p2a: Great Tusk|57/100|[from] item: Leftovers
|upkeep
|turn|21
|
|t:|1760436012
|-end|p2a: Great Tusk|Protosynthesis|[silent]
|switch|p2a: Enamorus|Enamorus, F|100/100
|move|p1a: Dondozo|Waterfall|p2a: Enamorus
|-damage|p2a: Enamorus|30/100
|
|upkeep
|turn|22
|
|t:|1760436020
|switch|p1a: Blissey|Blissey, F, shiny|100/100
|move|p2a: Enamorus|Moonblast|p1a: Blissey
|-damage|p1a: Blissey|83/100
|
|upkeep
|turn|23
|
|t:|1760436030
|switch|p2a: Lokix|Lokix, F|100/100
|move|p1a: Blissey|Seismic Toss|p2a: Lokix
|-damage|p2a: Lokix|66/100
|
|upkeep
|turn|24
|
|t:|1760436037
|switch|p1a: Weezing|Weezing-Galar, F|100/100
|-ability|p1a: Weezing|Neutralizing Gas
|move|p2a: Lokix|Leech Life|p1a: Weezing
|-resisted|p1a: Weezing
|-damage|p1a: Weezing|91/100
|-heal|p2a: Lokix|72/100|[from] drain|[of] p1a: Weezing
|
|upkeep
|turn|25
|
|t:|1760436048
|switch|p2a: Cinderace|Cinderace, F|100/100
|-end|p1a: Weezing|ability: Neutralizing Gas
|switch|p1a: Gliscor|Gliscor, M|39/100 tox
|
|-heal|p1a: Gliscor|52/100 tox|[from] ability: Poison Heal
|upkeep
|turn|26
|
|t:|1760436056
|move|p1a: Gliscor|Protect|p1a: Gliscor
|-singleturn|p1a: Gliscor|Protect
|move|p2a: Cinderace|Pyro Ball|p1a: Gliscor
|-activate|p1a: Gliscor|move: Protect
|
|-heal|p1a: Gliscor|64/100 tox|[from] ability: Poison Heal
|upkeep
|turn|27
|
|t:|1760436072
|move|p2a: Cinderace|Pyro Ball|p1a: Gliscor
|-damage|p1a: Gliscor|25/100 tox
|move|p1a: Gliscor|Earthquake|p2a: Cinderace
|-supereffective|p2a: Cinderace
|-damage|p2a: Cinderace|18/100
|
|-heal|p1a: Gliscor|38/100 tox|[from] ability: Poison Heal
|upkeep
|turn|28
|
|t:|1760436081
|move|p1a: Gliscor|Protect|p1a: Gliscor
|-singleturn|p1a: Gliscor|Protect
|move|p2a: Cinderace|Pyro Ball|p1a: Gliscor
|-activate|p1a: Gliscor|move: Protect
|
|-heal|p1a: Gliscor|50/100 tox|[from] ability: Poison Heal
|upkeep
|turn|29
|
|t:|1760436089
|move|p2a: Cinderace|Pyro Ball|p1a: Gliscor
|-damage|p1a: Gliscor|0 fnt
|faint|p1a: Gliscor
|
|upkeep
|c|☆AStupidAsian|huh
|
|t:|1760436098
|switch|p1a: Dondozo|Dondozo, F|50/100
|turn|30
|c|☆DeadlockedTheory|Blaze
|c|☆AStupidAsian|right
|
|t:|1760436116
|move|p2a: Cinderace|U-turn|p1a: Dondozo
|-damage|p1a: Dondozo|43/100
|
|t:|1760436122
|switch|p2a: Slowking|Slowking-Galar, F|76/100|[from] U-turn
|move|p1a: Dondozo|Rest|p1a: Dondozo
|-status|p1a: Dondozo|slp|[from] move: Rest
|-heal|p1a: Dondozo|100/100 slp|[silent]
|
|upkeep
|turn|31
|
|t:|1760436131
|cant|p1a: Dondozo|slp
|move|p1a: Dondozo|Sleep Talk|p1a: Dondozo
|move|p1a: Dondozo|Curse|p1a: Dondozo|[from] move: Sleep Talk
|-unboost|p1a: Dondozo|spe|1
|-boost|p1a: Dondozo|atk|1
|-boost|p1a: Dondozo|def|1
|move|p2a: Slowking|Sludge Bomb|p1a: Dondozo
|-damage|p1a: Dondozo|68/100 slp
|
|upkeep
|turn|32
|
|t:|1760436141
|cant|p1a: Dondozo|slp
|move|p1a: Dondozo|Sleep Talk|p1a: Dondozo
|move|p1a: Dondozo|Rest||[from] move: Sleep Talk|[still]
|-fail|p1a: Dondozo
|move|p2a: Slowking|Sludge Bomb|p1a: Dondozo
|-damage|p1a: Dondozo|37/100 slp
|
|upkeep
|turn|33
|
|t:|1760436150
|-curestatus|p1a: Dondozo|slp|[msg]
|move|p1a: Dondozo|Waterfall|p2a: Slowking
|-damage|p2a: Slowking|49/100
|cant|p2a: Slowking|flinch
|
|upkeep
|turn|34
|c|☆DeadlockedTheory|Bruh
|
|t:|1760436162
|move|p1a: Dondozo|Waterfall|p2a: Slowking
|-damage|p2a: Slowking|21/100
|move|p2a: Slowking|Sludge Bomb|p1a: Dondozo
|-damage|p1a: Dondozo|3/100
|
|upkeep
|turn|35
|
|t:|1760436172
|move|p1a: Dondozo|Rest|p1a: Dondozo
|-status|p1a: Dondozo|slp|[from] move: Rest
|-heal|p1a: Dondozo|100/100 slp|[silent]
|move|p2a: Slowking|Future Sight|p1a: Dondozo
|-start|p2a: Slowking|move: Future Sight
|
|upkeep
|turn|36
|
|t:|1760436183
|cant|p1a: Dondozo|slp
|move|p1a: Dondozo|Sleep Talk|p1a: Dondozo
|move|p1a: Dondozo|Curse|p1a: Dondozo|[from] move: Sleep Talk
|-unboost|p1a: Dondozo|spe|1
|-boost|p1a: Dondozo|atk|1
|-boost|p1a: Dondozo|def|1
|move|p2a: Slowking|Sludge Bomb|p1a: Dondozo
|-damage|p1a: Dondozo|66/100 slp
|
|upkeep
|turn|37
|
|t:|1760436193
|switch|p1a: Blissey|Blissey, F, shiny|83/100
|move|p2a: Slowking|Sludge Bomb|p1a: Blissey
|-damage|p1a: Blissey|73/100
|
|-end|p1a: Blissey|move: Future Sight
|-damage|p1a: Blissey|59/100
|upkeep
|turn|38
|
|t:|1760436203
|switch|p2a: Alomomola|Alomomola, M|100/100
|move|p1a: Blissey|Stealth Rock|p2a: Alomomola
|-sidestart|p2: DeadlockedTheory|move: Stealth Rock
|
|upkeep
|turn|39
|
|t:|1760436211
|switch|p1a: Weezing|Weezing-Galar, F|91/100
|-ability|p1a: Weezing|Neutralizing Gas
|move|p2a: Alomomola|Flip Turn|p1a: Weezing
|-damage|p1a: Weezing|80/100
|
|t:|1760436223
|switch|p2a: Cinderace|Cinderace, F|18/100|[from] Flip Turn
|
|upkeep
|turn|40
|
|t:|1760436227
|move|p2a: Cinderace|Pyro Ball|p1a: Weezing
|-damage|p1a: Weezing|49/100
|move|p1a: Weezing|Sludge Bomb|p2a: Cinderace
|-damage|p2a: Cinderace|0 fnt
|faint|p2a: Cinderace
|
|upkeep
|
|t:|1760436242
|switch|p2a: Great Tusk|Great Tusk, tera:Poison|57/100
|-damage|p2a: Great Tusk|45/100|[from] Stealth Rock
|turn|41
|
|t:|1760436254
|-end|p1a: Weezing|ability: Neutralizing Gas
|switch|p1a: Dondozo|Dondozo, F|66/100 slp
|move|p2a: Great Tusk|Rapid Spin|p1a: Dondozo
|-damage|p1a: Dondozo|60/100 slp
|-boost|p2a: Great Tusk|spe|1
|-sideend|p2: DeadlockedTheory|Stealth Rock|[from] move: Rapid Spin|[of] p2a: Great Tusk
|
|-heal|p2a: Great Tusk|51/100|[from] item: Leftovers
|upkeep
|turn|42
|
|t:|1760436269
|-end|p2a: Great Tusk|Protosynthesis|[silent]
|switch|p2a: Slowking|Slowking-Galar, F|55/100
|cant|p1a: Dondozo|slp
|move|p1a: Dondozo|Sleep Talk|p1a: Dondozo
|move|p1a: Dondozo|Rest||[from] move: Sleep Talk|[still]
|-fail|p1a: Dondozo
|
|upkeep
|turn|43
|
|t:|1760436278
|switch|p1a: Blissey|Blissey, F, shiny|59/100
|move|p2a: Slowking|Sludge Bomb|p1a: Blissey
|-damage|p1a: Blissey|48/100
|
|upkeep
|turn|44
|
|t:|1760436284
|move|p1a: Blissey|Soft-Boiled|p1a: Blissey
|-heal|p1a: Blissey|98/100
|move|p2a: Slowking|Future Sight|p1a: Blissey
|-start|p2a: Slowking|move: Future Sight
|
|upkeep
|turn|45
|
|t:|1760436292
|switch|p2a: Great Tusk|Great Tusk, tera:Poison|51/100
|move|p1a: Blissey|Stealth Rock|p2a: Great Tusk
|-sidestart|p2: DeadlockedTheory|move: Stealth Rock
|
|-heal|p2a: Great Tusk|57/100|[from] item: Leftovers
|upkeep
|turn|46
|
|t:|1760436304
|move|p2a: Great Tusk|Rapid Spin|p1a: Blissey
|-damage|p1a: Blissey|83/100
|-boost|p2a: Great Tusk|spe|1
|-sideend|p2: DeadlockedTheory|Stealth Rock|[from] move: Rapid Spin|[of] p2a: Great Tusk
|move|p1a: Blissey|Soft-Boiled|p1a: Blissey
|-heal|p1a: Blissey|100/100
|
|-end|p1a: Blissey|move: Future Sight
|-damage|p1a: Blissey|87/100
|-heal|p2a: Great Tusk|63/100|[from] item: Leftovers
|upkeep
|turn|47
|
|t:|1760436315
|switch|p1a: Dondozo|Dondozo, F|60/100 slp
|move|p2a: Great Tusk|Knock Off|p1a: Dondozo
|-damage|p1a: Dondozo|52/100 slp
|
|-heal|p2a: Great Tusk|69/100|[from] item: Leftovers
|upkeep
|turn|48
|
|t:|1760436354
|switch|p1a: Weezing|Weezing-Galar, F|49/100
|-ability|p1a: Weezing|Neutralizing Gas
|move|p2a: Great Tusk|Earthquake|p1a: Weezing
|-supereffective|p1a: Weezing
|-damage|p1a: Weezing|0 fnt
|faint|p1a: Weezing
|-end|p1a: Weezing|ability: Neutralizing Gas
|
|-heal|p2a: Great Tusk|76/100|[from] item: Leftovers
|upkeep
|c|☆AStupidAsian|gg
|-message|AStupidAsian forfeited.
|
|win|DeadlockedTheory
|raw|AStupidAsian's rating: 1610 &rarr; <strong>1588</strong><br />(-22 for losing)
|raw|DeadlockedTheory's rating: 1575 &rarr; <strong>1597</strong><br />(+22 for winning)
|l|☆AStupidAsian
|player|p1|
|l|☆DeadlockedTheory
|player|p2|
