|j|☆Phantasmus
|j|☆gino777
|t:|1760452564
|gametype|singles
|player|p1|Phantasmus|dragontamer|1418
|player|p2|gino777|170|1413
|gen|9
|tier|[Gen 9] OU
|rated|
|rule|HP Percentage Mod: HP is shown in percentages
|rule|Endless Battle Clause: Forcing endless battles is banned
|rule|Species Clause: Limit one of each Pokémon
|rule|OHKO Clause: OHKO moves are banned
|rule|Evasion Items Clause: Evasion items are banned
|rule|Evasion Moves Clause: Evasion moves are banned
|rule|Evasion Abilities Clause: Evasion abilities are banned
|rule|Sleep Moves Clause: Sleep-inducing moves are banned
|clearpoke
|poke|p1|Corviknight, M|
|poke|p1|Smeargle, F|
|poke|p1|Darkrai|
|poke|p1|Slowbro, F|
|poke|p1|Dragapult, M|
|poke|p1|Iron Crown|
|poke|p2|Zapdos|
|poke|p2|Iron Crown|
|poke|p2|Garganacl, F|
|poke|p2|Great Tusk|
|poke|p2|Samurott-Hisui, F|
|poke|p2|Dragapult, M|
|teampreview
|inactive|Battle timer is ON: inactive players will automatically lose when time's up. (requested by Phantasmus)
|inactive|gino777 has 120 seconds left.
|inactive|gino777 has 90 seconds left.
|
|t:|1760452636
|teamsize|p1|6
|teamsize|p2|6
|start
|switch|p1a: Smeargle|Smeargle, F|100/100
|switch|p2a: Dragapult|Dragapult, M|100/100
|turn|1
|inactive|Phantasmus has 120 seconds left.
|
|t:|1760452688
|move|p2a: Dragapult|Dragon Darts|p1a: Smeargle
|-damage|p1a: Smeargle|32/100
|-anim|p2a: Dragapult|Dragon Darts|p1a: Smeargle
|-damage|p1a: Smeargle|0 fnt
|faint|p1a: Smeargle
|
|upkeep
|
|t:|1760452691
|switch|p1a: Corviknight|Corviknight, M|100/100
|-ability|p1a: Corviknight|Pressure
|turn|2
|
|t:|1760452699
|switch|p1a: Dragapult|Dragapult, M|100/100
|move|p2a: Dragapult|Will-O-Wisp|p1a: Dragapult
|-status|p1a: Dragapult|brn
|
|-damage|p1a: Dragapult|95/100 brn|[from] brn
|upkeep
|turn|3
|
|t:|1760452704
|move|p1a: Dragapult|Draco Meteor|p2a: Dragapult
|-supereffective|p2a: Dragapult
|-damage|p2a: Dragapult|0 fnt
|-unboost|p1a: Dragapult|spa|2
|faint|p2a: Dragapult
|
|-damage|p1a: Dragapult|89/100 brn|[from] brn
|upkeep
|
|t:|1760452712
|switch|p2a: Great Tusk|Great Tusk|100/100
|turn|4
|
|t:|1760452715
|switch|p1a: Slowbro|Slowbro, F|100/100
|move|p2a: Great Tusk|Stealth Rock|p1a: Slowbro
|-sidestart|p1: Phantasmus|move: Stealth Rock
|
|upkeep
|turn|5
|
|t:|1760452721
|-end|p2a: Great Tusk|Protosynthesis|[silent]
|switch|p2a: Club Paratwice|Zapdos|100/100
|move|p1a: Slowbro|Thunder Wave|p2a: Club Paratwice
|-immune|p2a: Club Paratwice
|
|upkeep
|turn|6
|
|t:|1760452726
|switch|p1a: Dragapult|Dragapult, M|89/100 brn
|-damage|p1a: Dragapult|76/100 brn|[from] Stealth Rock
|move|p2a: Club Paratwice|Volt Switch|p1a: Dragapult
|-resisted|p1a: Dragapult
|-damage|p1a: Dragapult|57/100 brn
|
|t:|1760452730
|switch|p2a: Samurott|Samurott-Hisui, F|100/100|[from] Volt Switch
|
|-damage|p1a: Dragapult|51/100 brn|[from] brn
|upkeep
|turn|7
|
|t:|1760452734
|move|p2a: Samurott|Sucker Punch|p1a: Dragapult
|-supereffective|p1a: Dragapult
|-damage|p1a: Dragapult|0 fnt
|faint|p1a: Dragapult
|
|upkeep
|
|t:|1760452737
|switch|p1a: Corviknight|Corviknight, M|100/100
|-damage|p1a: Corviknight|88/100|[from] Stealth Rock
|-ability|p1a: Corviknight|Pressure
|turn|8
|
|t:|1760452741
|switch|p2a: Club Paratwice|Zapdos|100/100
|move|p1a: Corviknight|Defog|p2a: Club Paratwice
|-unboost|p2a: Club Paratwice|evasion|1
|-sideend|p1: Phantasmus|Stealth Rock|[from] move: Defog|[of] p1a: Corviknight
|
|-heal|p1a: Corviknight|94/100|[from] item: Leftovers
|upkeep
|turn|9
|
|t:|1760452747
|move|p2a: Club Paratwice|Volt Switch|p1a: Corviknight
|-supereffective|p1a: Corviknight
|-damage|p1a: Corviknight|54/100
|
|t:|1760452759
|switch|p2a: Great Tusk|Great Tusk|100/100|[from] Volt Switch
|move|p1a: Corviknight|Roost|p1a: Corviknight
|-heal|p1a: Corviknight|100/100
|-singleturn|p1a: Corviknight|move: Roost
|
|upkeep
|turn|10
|
|t:|1760452766
|-end|p2a: Great Tusk|Protosynthesis|[silent]
|switch|p2a: Club Paratwice|Zapdos|100/100
|move|p1a: Corviknight|Iron Defense|p1a: Corviknight
|-boost|p1a: Corviknight|def|2
|
|upkeep
|turn|11
|
|t:|1760452785
|-terastallize|p1a: Corviknight|Dragon
|move|p2a: Club Paratwice|Thunder Wave|p1a: Corviknight
|-status|p1a: Corviknight|par
|move|p1a: Corviknight|Iron Defense|p1a: Corviknight
|-boost|p1a: Corviknight|def|2
|
|upkeep
|turn|12
|
|t:|1760452801
|move|p2a: Club Paratwice|Volt Switch|p1a: Corviknight
|-resisted|p1a: Corviknight
|-damage|p1a: Corviknight|90/100 par
|
|t:|1760452805
|switch|p2a: Iron Crown|Iron Crown|100/100|[from] Volt Switch
|move|p1a: Corviknight|Body Press|p2a: Iron Crown
|-damage|p2a: Iron Crown|43/100
|
|-heal|p1a: Corviknight|96/100 par|[from] item: Leftovers
|upkeep
|turn|13
|
|t:|1760452827
|-terastallize|p2a: Iron Crown|Steel
|move|p2a: Iron Crown|Tachyon Cutter|p1a: Corviknight
|-damage|p1a: Corviknight|59/100 par
|-damage|p1a: Corviknight|23/100 par
|-hitcount|p1a: Corviknight|2
|move|p1a: Corviknight|Body Press|p2a: Iron Crown
|-supereffective|p2a: Iron Crown
|-damage|p2a: Iron Crown|0 fnt
|faint|p2a: Iron Crown
|-end|p2a: Iron Crown|Quark Drive|[silent]
|
|-heal|p1a: Corviknight|29/100 par|[from] item: Leftovers
|upkeep
|inactive|gino777 has 120 seconds left.
|-message|gino777 forfeited.
|
|win|Phantasmus
|raw|Phantasmus's rating: 1418 &rarr; <strong>1438</strong><br />(+20 for winning)
|raw|gino777's rating: 1413 &rarr; <strong>1393</strong><br />(-20 for losing)
|l|☆gino777
|player|p2|
|l|☆Phantasmus
|player|p1|
