|j|☆jeremie17
|j|☆dgp1397
|t:|1760415932
|gametype|singles
|player|p1|jeremie17|benga|1143
|player|p2|dgp1397|169|1189
|gen|9
|tier|[Gen 9] OU
|rated|
|rule|HP Percentage Mod: HP is shown in percentages
|rule|Endless Battle Clause: Forcing endless battles is banned
|rule|Species Clause: Limit one of each Pokémon
|rule|OHKO Clause: OHKO moves are banned
|rule|Evasion Items Clause: Evasion items are banned
|rule|Evasion Moves Clause: Evasion moves are banned
|rule|Evasion Abilities Clause: Evasion abilities are banned
|rule|Sleep Moves Clause: Sleep-inducing moves are banned
|clearpoke
|poke|p1|Ribombee, F|
|poke|p1|Great Tusk|
|poke|p1|Enamorus, F|
|poke|p1|Greninja-*, M|
|poke|p1|Breloom, M|
|poke|p1|Raging Bolt|
|poke|p2|Ambipom, M|
|poke|p2|Slowking-Galar, M|
|poke|p2|Gliscor, M|
|poke|p2|Clefable, M|
|poke|p2|Great Tusk|
|poke|p2|Dragapult, M|
|teampreview
|inactive|Battle timer is ON: inactive players will automatically lose when time's up. (requested by jeremie17)
|
|t:|1760415939
|teamsize|p1|6
|teamsize|p2|6
|start
|switch|p1a: S. scabei hominis|Ribombee, F|100/100
|switch|p2a: Ambipom|Ambipom, M|100/100
|turn|1
|
|t:|1760415946
|-terastallize|p1a: S. scabei hominis|Ghost
|move|p2a: Ambipom|Fake Out|p1a: S. scabei hominis
|-immune|p1a: S. scabei hominis
|move|p1a: S. scabei hominis|Sticky Web|p2a: Ambipom
|-sidestart|p2: dgp1397|move: Sticky Web
|
|upkeep
|turn|2
|
|t:|1760415955
|move|p1a: S. scabei hominis|Moonblast|p2a: Ambipom
|-damage|p2a: Ambipom|48/100
|move|p2a: Ambipom|Knock Off|p1a: S. scabei hominis
|-supereffective|p1a: S. scabei hominis
|-damage|p1a: S. scabei hominis|15/100
|-enditem|p1a: S. scabei hominis|Focus Sash|[from] move: Knock Off|[of] p2a: Ambipom
|
|upkeep
|turn|3
|
|t:|1760415964
|move|p1a: S. scabei hominis|Moonblast|p2a: Ambipom
|-damage|p2a: Ambipom|0 fnt
|faint|p2a: Ambipom
|
|upkeep
|
|t:|1760415969
|switch|p2a: Dragapult|Dragapult, M|100/100
|-activate|p2a: Dragapult|move: Sticky Web
|-fail|p2a: Dragapult|unboost|[from] ability: Clear Body|[of] p2a: Dragapult
|turn|4
|
|t:|1760415977
|move|p2a: Dragapult|Shadow Ball|p1a: S. scabei hominis
|-supereffective|p1a: S. scabei hominis
|-damage|p1a: S. scabei hominis|0 fnt
|faint|p1a: S. scabei hominis
|
|upkeep
|
|t:|1760415988
|switch|p1a: S. pneumoniae|Enamorus, F|100/100
|turn|5
|
|t:|1760415994
|switch|p2a: Slowking|Slowking-Galar, M|100/100
|-activate|p2a: Slowking|move: Sticky Web
|-unboost|p2a: Slowking|spe|1
|move|p1a: S. pneumoniae|Moonblast|p2a: Slowking
|-resisted|p2a: Slowking
|-damage|p2a: Slowking|84/100
|
|-heal|p2a: Slowking|90/100|[from] item: Black Sludge
|upkeep
|turn|6
|
|t:|1760416010
|switch|p1a: O. volvulus|Great Tusk|100/100
|-enditem|p1a: O. volvulus|Booster Energy
|-activate|p1a: O. volvulus|ability: Protosynthesis|[fromitem]
|-start|p1a: O. volvulus|protosynthesisatk
|move|p2a: Slowking|Ice Beam|p1a: O. volvulus
|-supereffective|p1a: O. volvulus
|-damage|p1a: O. volvulus|35/100
|
|-heal|p2a: Slowking|96/100|[from] item: Black Sludge
|upkeep
|turn|7
|
|t:|1760416023
|switch|p2a: Gliscor|Gliscor, M|100/100
|move|p1a: O. volvulus|Head Smash|p2a: Gliscor
|-damage|p2a: Gliscor|51/100
|-damage|p1a: O. volvulus|12/100|[from] Recoil
|
|-status|p2a: Gliscor|tox|[from] item: Toxic Orb
|upkeep
|turn|8
|
|t:|1760416034
|move|p2a: Gliscor|Protect|p2a: Gliscor
|-singleturn|p2a: Gliscor|Protect
|move|p1a: O. volvulus|Close Combat|p2a: Gliscor
|-activate|p2a: Gliscor|move: Protect
|
|-heal|p2a: Gliscor|64/100 tox|[from] ability: Poison Heal
|upkeep
|turn|9
|
|t:|1760416047
|move|p1a: O. volvulus|Head Smash|p2a: Gliscor
|-damage|p2a: Gliscor|14/100 tox
|-damage|p1a: O. volvulus|0 fnt|[from] Recoil
|faint|p1a: O. volvulus
|-end|p1a: O. volvulus|Protosynthesis|[silent]
|move|p2a: Gliscor|Knock Off|p1: O. volvulus|[notarget]
|-fail|p2a: Gliscor
|
|-heal|p2a: Gliscor|26/100 tox|[from] ability: Poison Heal
|upkeep
|
|t:|1760416050
|switch|p1a: Greninja|Greninja, M|100/100
|turn|10
|
|t:|1760416066
|move|p2a: Gliscor|Protect|p2a: Gliscor
|-singleturn|p2a: Gliscor|Protect
|move|p1a: Greninja|Ice Beam|p2a: Gliscor
|-activate|p2a: Gliscor|move: Protect
|
|-heal|p2a: Gliscor|39/100 tox|[from] ability: Poison Heal
|upkeep
|turn|11
|
|t:|1760416075
|-terastallize|p2a: Gliscor|Water
|move|p1a: Greninja|Ice Beam|p2a: Gliscor
|-resisted|p2a: Gliscor
|-damage|p2a: Gliscor|21/100 tox
|move|p2a: Gliscor|Toxic|p1a: Greninja
|-status|p1a: Greninja|tox
|
|-damage|p1a: Greninja|95/100 tox|[from] psn
|-heal|p2a: Gliscor|33/100 tox|[from] ability: Poison Heal
|upkeep
|turn|12
|
|t:|1760416086
|switch|p1a: S. pneumoniae|Enamorus, F|100/100
|move|p2a: Gliscor|Protect||[still]
|-fail|p2a: Gliscor
|
|-heal|p2a: Gliscor|46/100 tox|[from] ability: Poison Heal
|upkeep
|turn|13
|
|t:|1760416098
|move|p2a: Gliscor|Protect|p2a: Gliscor
|-singleturn|p2a: Gliscor|Protect
|move|p1a: S. pneumoniae|Earth Power|p2a: Gliscor
|-activate|p2a: Gliscor|move: Protect
|
|-heal|p2a: Gliscor|58/100 tox|[from] ability: Poison Heal
|upkeep
|turn|14
|
|t:|1760416107
|move|p1a: S. pneumoniae|Earth Power|p2a: Gliscor
|-damage|p2a: Gliscor|28/100 tox
|move|p2a: Gliscor|Toxic|p1a: S. pneumoniae
|-status|p1a: S. pneumoniae|tox
|
|-damage|p1a: S. pneumoniae|94/100 tox|[from] psn
|-heal|p2a: Gliscor|40/100 tox|[from] ability: Poison Heal
|upkeep
|turn|15
|
|t:|1760416116
|switch|p1a: A. fumigatus|Breloom, M|100/100
|move|p2a: Gliscor|Protect||[still]
|-fail|p2a: Gliscor
|
|-heal|p2a: Gliscor|53/100 tox|[from] ability: Poison Heal
|upkeep
|turn|16
|
|t:|1760416130
|move|p2a: Gliscor|Protect|p2a: Gliscor
|-singleturn|p2a: Gliscor|Protect
|move|p1a: A. fumigatus|Bullet Seed|p2a: Gliscor
|-activate|p2a: Gliscor|move: Protect
|
|-heal|p2a: Gliscor|65/100 tox|[from] ability: Poison Heal
|upkeep
|turn|17
|
|t:|1760416139
|move|p1a: A. fumigatus|Swords Dance|p1a: A. fumigatus
|-boost|p1a: A. fumigatus|atk|2
|move|p2a: Gliscor|Toxic|p1a: A. fumigatus|[miss]
|-miss|p2a: Gliscor|p1a: A. fumigatus
|
|-heal|p2a: Gliscor|78/100 tox|[from] ability: Poison Heal
|upkeep
|turn|18
|
|t:|1760416147
|move|p2a: Gliscor|Protect|p2a: Gliscor
|-singleturn|p2a: Gliscor|Protect
|move|p1a: A. fumigatus|Bullet Seed|p2a: Gliscor
|-activate|p2a: Gliscor|move: Protect
|
|-heal|p2a: Gliscor|90/100 tox|[from] ability: Poison Heal
|upkeep
|turn|19
|
|t:|1760416156
|move|p1a: A. fumigatus|Bullet Seed|p2a: Gliscor
|-supereffective|p2a: Gliscor
|-damage|p2a: Gliscor|25/100 tox
|-supereffective|p2a: Gliscor
|-damage|p2a: Gliscor|0 fnt
|faint|p2a: Gliscor
|-hitcount|p2: Gliscor|2
|
|upkeep
|
|t:|1760416164
|switch|p2a: Clefable|Clefable, M|100/100
|-activate|p2a: Clefable|move: Sticky Web
|-unboost|p2a: Clefable|spe|1
|turn|20
|
|t:|1760416170
|move|p1a: A. fumigatus|Bullet Seed|p2a: Clefable
|-damage|p2a: Clefable|67/100
|-damage|p2a: Clefable|32/100
|-damage|p2a: Clefable|0 fnt
|faint|p2a: Clefable
|-hitcount|p2: Clefable|3
|
|upkeep
|
|t:|1760416178
|switch|p2a: Dragapult|Dragapult, M|100/100
|-activate|p2a: Dragapult|move: Sticky Web
|-fail|p2a: Dragapult|unboost|[from] ability: Clear Body|[of] p2a: Dragapult
|turn|21
|
|t:|1760416183
|move|p2a: Dragapult|Flamethrower|p1a: A. fumigatus
|-supereffective|p1a: A. fumigatus
|-damage|p1a: A. fumigatus|0 fnt
|faint|p1a: A. fumigatus
|
|upkeep
|
|t:|1760416186
|switch|p1a: Greninja|Greninja, M|95/100 tox
|turn|22
|
|t:|1760416192
|switch|p2a: Slowking|Slowking-Galar, M|100/100
|-activate|p2a: Slowking|move: Sticky Web
|-unboost|p2a: Slowking|spe|1
|move|p1a: Greninja|Dark Pulse|p2a: Slowking
|-supereffective|p2a: Slowking
|-damage|p2a: Slowking|44/100
|
|-heal|p2a: Slowking|50/100|[from] item: Black Sludge
|-damage|p1a: Greninja|89/100 tox|[from] psn
|upkeep
|turn|23
|
|t:|1760416205
|move|p1a: Greninja|Dark Pulse|p2a: Slowking
|-supereffective|p2a: Slowking
|-damage|p2a: Slowking|0 fnt
|faint|p2a: Slowking
|-ability|p1a: Greninja|Battle Bond|boost
|-boost|p1a: Greninja|atk|1
|-boost|p1a: Greninja|spa|1
|-boost|p1a: Greninja|spe|1
|-activate|p1a: Greninja|ability: Battle Bond
|
|-damage|p1a: Greninja|77/100 tox|[from] psn
|upkeep
|
|t:|1760416215
|switch|p2a: Great Tusk|Great Tusk|100/100
|turn|24
|
|t:|1760416223
|move|p1a: Greninja|Dark Pulse|p2a: Great Tusk
|-resisted|p2a: Great Tusk
|-crit|p2a: Great Tusk
|-damage|p2a: Great Tusk|6/100
|move|p2a: Great Tusk|Rapid Spin|p1a: Greninja
|-damage|p1a: Greninja|48/100 tox
|-boost|p2a: Great Tusk|spe|1
|-sideend|p2: dgp1397|Sticky Web|[from] move: Rapid Spin|[of] p2a: Great Tusk
|
|-damage|p1a: Greninja|30/100 tox|[from] psn
|upkeep
|turn|25
|
|t:|1760416234
|move|p1a: Greninja|Dark Pulse|p2a: Great Tusk
|-resisted|p2a: Great Tusk
|-damage|p2a: Great Tusk|0 fnt
|faint|p2a: Great Tusk
|-end|p2a: Great Tusk|Protosynthesis|[silent]
|
|-damage|p1a: Greninja|6/100 tox|[from] psn
|upkeep
|
|t:|1760416243
|switch|p2a: Dragapult|Dragapult, M|100/100
|turn|26
|
|t:|1760416253
|move|p1a: Greninja|Dark Pulse|p2a: Dragapult
|-supereffective|p2a: Dragapult
|-damage|p2a: Dragapult|0 fnt
|faint|p2a: Dragapult
|
|win|jeremie17
|raw|jeremie17's rating: 1143 &rarr; <strong>1171</strong><br />(+28 for winning)
|raw|dgp1397's rating: 1189 &rarr; <strong>1161</strong><br />(-28 for losing)
|l|☆dgp1397
|player|p2|
|l|☆jeremie17
|player|p1|
