|j|☆asapbunny
|j|☆Barronmaster
|t:|1760356832
|gametype|singles
|player|p1|asapbunny|1|1551
|player|p2|Barronmaster|palmer|1636
|gen|9
|tier|[Gen 9] OU
|rated|
|rule|HP Percentage Mod: HP is shown in percentages
|rule|Endless Battle Clause: Forcing endless battles is banned
|rule|Species Clause: Limit one of each Pokémon
|rule|OHKO Clause: OHKO moves are banned
|rule|Evasion Items Clause: Evasion items are banned
|rule|Evasion Moves Clause: Evasion moves are banned
|rule|Evasion Abilities Clause: Evasion abilities are banned
|rule|Sleep Moves Clause: Sleep-inducing moves are banned
|clearpoke
|poke|p1|Ursaluna, F|
|poke|p1|Slowking, F|
|poke|p1|Cinderace, F|
|poke|p1|Gholdengo|
|poke|p1|Dragapult, M|
|poke|p1|Primarina, F|
|poke|p2|Hoopa-Unbound|
|poke|p2|Ninetales-Alola, F|
|poke|p2|Slowking-Galar, F|
|poke|p2|Cloyster, F|
|poke|p2|Zoroark, M|
|poke|p2|Indeedee, M|
|teampreview
|
|t:|1760356842
|teamsize|p1|6
|teamsize|p2|6
|start
|switch|p1a: Gholdengo|Gholdengo|100/100
|switch|p2a: Hoopa|Hoopa-Unbound|100/100
|turn|1
|
|t:|1760356847
|move|p2a: Hoopa|Knock Off|p1a: Gholdengo
|-supereffective|p1a: Gholdengo
|-damage|p1a: Gholdengo|0 fnt
|-enditem|p1a: Gholdengo|Covert Cloak|[from] move: Knock Off|[of] p2a: Hoopa
|faint|p1a: Gholdengo
|-damage|p2a: Hoopa|91/100|[from] item: Life Orb
|
|upkeep
|
|t:|1760356852
|switch|p1a: Dragapult|Dragapult, M|100/100
|turn|2
|
|t:|1760356855
|move|p2a: Hoopa|Sucker Punch|p1a: Dragapult
|-supereffective|p1a: Dragapult
|-damage|p1a: Dragapult|0 fnt
|faint|p1a: Dragapult
|-damage|p2a: Hoopa|81/100|[from] item: Life Orb
|
|upkeep
|c|☆Barronmaster|Gg
|
|t:|1760356871
|switch|p1a: Primarina|Primarina, F|100/100
|turn|3
|
|t:|1760356884
|move|p2a: Hoopa|Knock Off|p1a: Primarina
|-resisted|p1a: Primarina
|-damage|p1a: Primarina|66/100
|-enditem|p1a: Primarina|Choice Specs|[from] move: Knock Off|[of] p2a: Hoopa
|-damage|p2a: Hoopa|71/100|[from] item: Life Orb
|move|p1a: Primarina|Flip Turn|p2a: Hoopa
|-damage|p2a: Hoopa|41/100
|replace|p2a: Zoroark|Zoroark, M
|-end|p2a: Zoroark|Illusion
|
|t:|1760356888
|switch|p1a: Cinderace|Cinderace, F|100/100|[from] Flip Turn
|
|upkeep
|turn|4
|
|t:|1760356894
|move|p2a: Zoroark|Sucker Punch|p1a: Cinderace
|-damage|p1a: Cinderace|31/100
|-damage|p2a: Zoroark|32/100|[from] item: Life Orb
|move|p1a: Cinderace|U-turn|p2a: Zoroark
|-start|p1a: Cinderace|typechange|Bug|[from] ability: Libero
|-supereffective|p2a: Zoroark
|-damage|p2a: Zoroark|0 fnt
|faint|p2a: Zoroark
|
|t:|1760356900
|switch|p1a: Ursaluna|Ursaluna, F|100/100|[from] U-turn
|
|-status|p1a: Ursaluna|brn|[from] item: Flame Orb
|upkeep
|
|t:|1760356921
|switch|p2a: Indeedee|Indeedee, M|100/100
|-fieldstart|move: Psychic Terrain|[from] ability: Psychic Surge|[of] p2a: Indeedee
|turn|5
|
|t:|1760356926
|move|p2a: Indeedee|Expanding Force|p1a: Ursaluna
|-damage|p1a: Ursaluna|8/100 brn
|-damage|p2a: Indeedee|91/100|[from] item: Life Orb
|move|p1a: Ursaluna|Facade|p2a: Indeedee
|-damage|p2a: Indeedee|0 fnt
|faint|p2a: Indeedee
|
|-damage|p1a: Ursaluna|2/100 brn|[from] brn
|upkeep
|
|t:|1760356960
|switch|p2a: Ninetales|Ninetales-Alola, F|100/100
|-weather|Snowscape|[from] ability: Snow Warning|[of] p2a: Ninetales
|turn|6
|
|t:|1760356964
|move|p2a: Ninetales|Moonblast|p1a: Ursaluna
|-damage|p1a: Ursaluna|0 fnt
|faint|p1a: Ursaluna
|
|-weather|Snowscape|[upkeep]
|upkeep
|
|t:|1760356977
|switch|p1a: Cinderace|Cinderace, F|31/100
|turn|7
|
|t:|1760356994
|switch|p2a: Cloyster|Cloyster, F|100/100
|move|p1a: Cinderace|Pyro Ball|p2a: Cloyster|[miss]
|-miss|p1a: Cinderace|p2a: Cloyster
|
|-weather|Snowscape|[upkeep]
|upkeep
|turn|8
|
|t:|1760357000
|move|p1a: Cinderace|U-turn|p2a: Cloyster
|-start|p1a: Cinderace|typechange|Bug|[from] ability: Libero
|-damage|p2a: Cloyster|83/100
|
|t:|1760357003
|switch|p1a: Slowking|Slowking, F|100/100|[from] U-turn
|move|p2a: Cloyster|Rock Blast|p1a: Slowking
|-damage|p1a: Slowking|94/100
|-damage|p1a: Slowking|88/100
|-damage|p1a: Slowking|82/100
|-damage|p1a: Slowking|75/100
|-damage|p1a: Slowking|69/100
|-hitcount|p1a: Slowking|5
|
|-weather|Snowscape|[upkeep]
|upkeep
|turn|9
|
|t:|1760357011
|switch|p2a: Hoopa|Hoopa-Unbound|100/100
|move|p1a: Slowking|Trick Room|p1a: Slowking
|-fieldstart|move: Trick Room|[of] p1a: Slowking
|
|-weather|Snowscape|[upkeep]
|-fieldend|move: Psychic Terrain
|upkeep
|turn|10
|
|t:|1760357020
|move|p1a: Slowking|Future Sight|p2a: Hoopa
|-start|p1a: Slowking|move: Future Sight
|move|p2a: Hoopa|Knock Off|p1a: Slowking
|-supereffective|p1a: Slowking
|-enditem|p1a: Slowking|Colbur Berry|[eat]
|-enditem|p1a: Slowking|Colbur Berry|[weaken]
|-damage|p1a: Slowking|28/100
|
|-weather|none
|upkeep
|turn|11
|
|t:|1760357029
|move|p1a: Slowking|Scald|p2a: Hoopa
|-damage|p2a: Hoopa|87/100
|move|p2a: Hoopa|Future Sight|p1a: Slowking
|-start|p2a: Hoopa|move: Future Sight
|
|upkeep
|turn|12
|
|t:|1760357040
|move|p1a: Slowking|Scald|p2a: Hoopa
|-damage|p2a: Hoopa|73/100
|-status|p2a: Hoopa|brn
|move|p2a: Hoopa|Knock Off|p1a: Slowking
|-supereffective|p1a: Slowking
|-damage|p1a: Slowking|0 fnt
|faint|p1a: Slowking
|
|-end|p2a: Hoopa|move: Future Sight
|-immune|p2a: Hoopa
|-damage|p2a: Hoopa|67/100 brn|[from] brn
|upkeep
|c|☆Barronmaster|Gg
|
|t:|1760357047
|switch|p1a: Primarina|Primarina, F|66/100
|turn|13
|
|t:|1760357060
|switch|p2a: Slowking|Slowking-Galar, F|100/100
|-terastallize|p1a: Primarina|Water
|move|p1a: Primarina|Psychic Noise|p2a: Slowking
|-damage|p2a: Slowking|54/100
|-start|p2a: Slowking|move: Heal Block
|
|-end|p1a: Primarina|move: Future Sight
|-damage|p1a: Primarina|0 fnt
|faint|p1a: Primarina
|-fieldend|move: Trick Room
|upkeep
|
|t:|1760357068
|switch|p1a: Cinderace|Cinderace, F|31/100
|turn|14
|
|t:|1760357072
|switch|p2a: Hoopa|Hoopa-Unbound|67/100 brn
|move|p1a: Cinderace|Pyro Ball|p2a: Hoopa
|-damage|p2a: Hoopa|0 fnt
|faint|p2a: Hoopa
|
|upkeep
|
|t:|1760357077
|switch|p2a: Ninetales|Ninetales-Alola, F|100/100
|-weather|Snowscape|[from] ability: Snow Warning|[of] p2a: Ninetales
|turn|15
|
|t:|1760357081
|move|p1a: Cinderace|Pyro Ball|p2a: Ninetales
|-supereffective|p2a: Ninetales
|-damage|p2a: Ninetales|0 fnt
|faint|p2a: Ninetales
|
|-weather|Snowscape|[upkeep]
|upkeep
|
|t:|1760357083
|switch|p2a: Cloyster|Cloyster, F|83/100
|turn|16
|c|☆Barronmaster|Gg
|
|t:|1760357101
|-terastallize|p2a: Cloyster|Dragon
|move|p1a: Cinderace|Will-O-Wisp|p2a: Cloyster|[miss]
|-miss|p1a: Cinderace|p2a: Cloyster
|move|p2a: Cloyster|Icicle Spear|p1a: Cinderace
|-resisted|p1a: Cinderace
|-damage|p1a: Cinderace|22/100
|-resisted|p1a: Cinderace
|-damage|p1a: Cinderace|14/100
|-resisted|p1a: Cinderace
|-damage|p1a: Cinderace|5/100
|-resisted|p1a: Cinderace
|-damage|p1a: Cinderace|0 fnt
|faint|p1a: Cinderace
|-hitcount|p1: Cinderace|4
|
|win|Barronmaster
|raw|asapbunny's rating: 1551 &rarr; <strong>1536</strong><br />(-15 for losing)
|raw|Barronmaster's rating: 1636 &rarr; <strong>1651</strong><br />(+15 for winning)
|l|☆asapbunny
|player|p1|
|l|☆Barronmaster
|player|p2|
