|badge|p2|bronze|gen9ou|100-7
|uhtml|medal-msg|<div class="broadcast-blue">Curious what those medals under the avatar are? PS now has Ladder Seasons! For more information, check out the <a href="https://www.smogon.com/forums/threads/3740067/">thread on Smogon.</a></div>
|j|☆Shanubiki
|j|☆SpaceMedaFighterX
|t:|1760439866
|gametype|singles
|player|p1|Shanubiki|265|1715
|player|p2|SpaceMedaFighterX|tabitha-gen3|1839
|gen|9
|tier|[Gen 9] OU
|rated|
|rule|HP Percentage Mod: HP is shown in percentages
|rule|Endless Battle Clause: Forcing endless battles is banned
|rule|Species Clause: Limit one of each Pokémon
|rule|OHKO Clause: OHKO moves are banned
|rule|Evasion Items Clause: Evasion items are banned
|rule|Evasion Moves Clause: Evasion moves are banned
|rule|Evasion Abilities Clause: Evasion abilities are banned
|rule|Sleep Moves Clause: Sleep-inducing moves are banned
|clearpoke
|poke|p1|Hoopa-Unbound|
|poke|p1|Corviknight, M|
|poke|p1|Kommo-o, F|
|poke|p1|Iron Treads|
|poke|p1|Iron Moth|
|poke|p1|Ogerpon-Wellspring, F|
|poke|p2|Iron Moth|
|poke|p2|Dudunsparce-*, M|
|poke|p2|Lokix, M|
|poke|p2|Thundurus-Therian, M|
|poke|p2|Alomomola, F|
|poke|p2|Great Tusk|
|teampreview
|inactive|Battle timer is ON: inactive players will automatically lose when time's up. (requested by Shanubiki)
|
|t:|1760439894
|teamsize|p1|6
|teamsize|p2|6
|start
|switch|p1a: Kommo-o|Kommo-o, F|100/100
|switch|p2a: Iron Sparce|Iron Moth, shiny|100/100
|turn|1
|
|t:|1760439903
|switch|p1a: Iron Treads|Iron Treads|100/100
|move|p2a: Iron Sparce|Sludge Wave|p1a: Iron Treads
|-immune|p1a: Iron Treads
|
|upkeep
|turn|2
|
|t:|1760439921
|-end|p1a: Iron Treads|Quark Drive|[silent]
|switch|p1a: Hoopa|Hoopa-Unbound|100/100
|move|p2a: Iron Sparce|Fiery Dance|p1a: Hoopa
|-damage|p1a: Hoopa|61/100
|
|upkeep
|turn|3
|
|t:|1760439927
|move|p1a: Hoopa|Psychic|p2a: Iron Sparce
|-supereffective|p2a: Iron Sparce
|-damage|p2a: Iron Sparce|0 fnt
|faint|p2a: Iron Sparce
|-end|p2a: Iron Sparce|Quark Drive|[silent]
|
|upkeep
|
|t:|1760439936
|switch|p2a: Lord Dudunsparce|Dudunsparce, M|100/100
|turn|4
|
|t:|1760439942
|switch|p1a: Kommo-o|Kommo-o, F|100/100
|move|p2a: Lord Dudunsparce|Stealth Rock|p1a: Kommo-o
|-sidestart|p1: Shanubiki|move: Stealth Rock
|
|upkeep
|turn|5
|
|t:|1760439945
|move|p1a: Kommo-o|Stealth Rock|p2a: Lord Dudunsparce
|-sidestart|p2: SpaceMedaFighterX|move: Stealth Rock
|move|p2a: Lord Dudunsparce|Glare|p1a: Kommo-o
|-status|p1a: Kommo-o|par
|
|upkeep
|turn|6
|
|t:|1760439952
|switch|p2a: Dununudsparce|Alomomola, F|100/100
|-damage|p2a: Dununudsparce|88/100|[from] Stealth Rock
|move|p1a: Kommo-o|Dragon Tail|p2a: Dununudsparce
|-damage|p2a: Dununudsparce|75/100
|drag|p2a: Lord Dudunsparce|Dudunsparce, M|100/100
|-damage|p2a: Lord Dudunsparce|88/100|[from] Stealth Rock
|
|upkeep
|turn|7
|
|t:|1760439961
|switch|p2a: Dununudsparce|Alomomola, F|100/100
|-damage|p2a: Dununudsparce|88/100|[from] Stealth Rock
|move|p1a: Kommo-o|Dragon Tail|p2a: Dununudsparce
|-damage|p2a: Dununudsparce|75/100
|drag|p2a: Dunkix|Lokix, M|100/100
|-damage|p2a: Dunkix|76/100|[from] Stealth Rock
|
|upkeep
|turn|8
|
|t:|1760439968
|move|p2a: Dunkix|Knock Off|p1a: Kommo-o
|-resisted|p1a: Kommo-o
|-crit|p1a: Kommo-o
|-damage|p1a: Kommo-o|14/100 par
|-enditem|p1a: Kommo-o|Leftovers|[from] move: Knock Off|[of] p2a: Dunkix
|move|p1a: Kommo-o|Flamethrower|p2a: Dunkix
|-supereffective|p2a: Dunkix
|-damage|p2a: Dunkix|0 fnt
|faint|p2a: Dunkix
|
|upkeep
|
|t:|1760439980
|switch|p2a: Great Dunsparce|Great Tusk|100/100
|turn|9
|
|t:|1760439990
|move|p2a: Great Dunsparce|Rapid Spin|p1a: Kommo-o
|-damage|p1a: Kommo-o|1/100 par
|-boost|p2a: Great Dunsparce|spe|1
|-sideend|p2: SpaceMedaFighterX|Stealth Rock|[from] move: Rapid Spin|[of] p2a: Great Dunsparce
|move|p1a: Kommo-o|Draco Meteor|p2a: Great Dunsparce
|-damage|p2a: Great Dunsparce|31/100
|-unboost|p1a: Kommo-o|spa|2
|
|upkeep
|turn|10
|-message|SpaceMedaFighterX forfeited.
|
|win|Shanubiki
|raw|Shanubiki's rating: 1715 &rarr; <strong>1742</strong><br />(+27 for winning)
|raw|SpaceMedaFighterX's rating: 1839 &rarr; <strong>1812</strong><br />(-27 for losing)
|l|☆SpaceMedaFighterX
|player|p2|
|l|☆Shanubiki
|player|p1|
