|j|☆Assyrian Leappanic
|j|☆antzinmypantz
|t:|1760404845
|gametype|singles
|player|p1|Assyrian Leappanic|fantina|1170
|player|p2|antzinmypantz|2|1176
|gen|9
|tier|[Gen 9] OU
|rated|
|rule|HP Percentage Mod: HP is shown in percentages
|rule|Endless Battle Clause: Forcing endless battles is banned
|rule|Species Clause: Limit one of each Pokémon
|rule|OHKO Clause: OHKO moves are banned
|rule|Evasion Items Clause: Evasion items are banned
|rule|Evasion Moves Clause: Evasion moves are banned
|rule|Evasion Abilities Clause: Evasion abilities are banned
|rule|Sleep Moves Clause: Sleep-inducing moves are banned
|clearpoke
|poke|p1|Cresselia, F|
|poke|p1|Iron Valiant|
|poke|p1|Heatran, F|
|poke|p1|Scizor, F|
|poke|p1|Ogerpon-Wellspring, F|
|poke|p1|Ting-Lu|
|poke|p2|Rillaboom, F|
|poke|p2|Passimian, M|
|poke|p2|Zebstrika, M|
|poke|p2|Vaporeon, M|
|poke|p2|Malamar, F|
|poke|p2|Clefable, F|
|teampreview
|
|t:|1760404851
|teamsize|p1|6
|teamsize|p2|6
|start
|switch|p1a: Scizor|Scizor, F|100/100
|switch|p2a: Zebstrika|Zebstrika, M|100/100
|turn|1
|
|t:|1760404859
|switch|p1a: Ting-Lu|Ting-Lu|100/100
|-ability|p1a: Ting-Lu|Vessel of Ruin
|move|p2a: Zebstrika|Overheat|p1a: Ting-Lu
|-damage|p1a: Ting-Lu|85/100
|-unboost|p2a: Zebstrika|spa|2
|
|-heal|p1a: Ting-Lu|92/100|[from] item: Leftovers
|upkeep
|turn|2
|
|t:|1760404872
|switch|p2a: Vaporeon|Vaporeon, M|100/100
|switch|p1a: Heatran|Heatran, F|100/100
|
|upkeep
|turn|3
|
|t:|1760404883
|move|p1a: Heatran|Stealth Rock|p2a: Vaporeon
|-sidestart|p2: antzinmypantz|move: Stealth Rock
|move|p2a: Vaporeon|Wish|p2a: Vaporeon
|
|upkeep
|turn|4
|
|t:|1760404889
|move|p1a: Heatran|Taunt|p2a: Vaporeon
|-start|p2a: Vaporeon|move: Taunt
|move|p2a: Vaporeon|Scald|p1a: Heatran
|-supereffective|p1a: Heatran
|-damage|p1a: Heatran|61/100
|
|-heal|p1a: Heatran|67/100|[from] item: Leftovers
|upkeep
|turn|5
|
|t:|1760404892
|switch|p1a: Ogerpon|Ogerpon-Wellspring, F|100/100
|move|p2a: Vaporeon|Scald|p1a: Ogerpon
|-immune|p1a: Ogerpon|[from] ability: Water Absorb
|
|upkeep
|turn|6
|
|t:|1760404900
|switch|p2a: Rillaboom|Rillaboom, F|100/100
|-damage|p2a: Rillaboom|88/100|[from] Stealth Rock
|-fieldstart|move: Grassy Terrain|[from] ability: Grassy Surge|[of] p2a: Rillaboom
|move|p1a: Ogerpon|Swords Dance|p1a: Ogerpon
|-boost|p1a: Ogerpon|atk|2
|
|-heal|p2a: Rillaboom|94/100|[from] Grassy Terrain
|upkeep
|turn|7
|
|t:|1760404906
|switch|p1a: Scizor|Scizor, F|100/100
|move|p2a: Rillaboom|Wood Hammer|p1a: Scizor
|-resisted|p1a: Scizor
|-damage|p1a: Scizor|73/100
|-damage|p2a: Rillaboom|85/100|[from] Recoil
|
|-heal|p2a: Rillaboom|91/100|[from] Grassy Terrain
|-heal|p1a: Scizor|79/100|[from] Grassy Terrain
|upkeep
|turn|8
|
|t:|1760404914
|switch|p2a: Clefable|Clefable, F|100/100
|move|p1a: Scizor|Knock Off|p2a: Clefable
|-resisted|p2a: Clefable
|-damage|p2a: Clefable|80/100
|-enditem|p2a: Clefable|Leftovers|[from] move: Knock Off|[of] p1a: Scizor
|
|-heal|p1a: Scizor|85/100|[from] Grassy Terrain
|-heal|p2a: Clefable|86/100|[from] Grassy Terrain
|upkeep
|turn|9
|
|t:|1760404922
|switch|p2a: Vaporeon|Vaporeon, M|100/100
|-damage|p2a: Vaporeon|88/100|[from] Stealth Rock
|move|p1a: Scizor|U-turn|p2a: Vaporeon
|-damage|p2a: Vaporeon|60/100
|
|t:|1760404927
|switch|p1a: Ogerpon|Ogerpon-Wellspring, F|100/100|[from] U-turn
|
|-heal|p2a: Vaporeon|66/100|[from] Grassy Terrain
|-heal|p2a: Vaporeon|72/100|[from] item: Leftovers
|upkeep
|turn|10
|
|t:|1760404936
|move|p1a: Ogerpon|Trailblaze|p2a: Vaporeon
|-supereffective|p2a: Vaporeon
|-damage|p2a: Vaporeon|19/100
|-boost|p1a: Ogerpon|spe|1
|move|p2a: Vaporeon|Wish|p2a: Vaporeon
|
|-heal|p2a: Vaporeon|26/100|[from] Grassy Terrain
|-heal|p2a: Vaporeon|32/100|[from] item: Leftovers
|-fieldend|move: Grassy Terrain
|upkeep
|turn|11
|
|t:|1760404942
|move|p1a: Ogerpon|Swords Dance|p1a: Ogerpon
|-boost|p1a: Ogerpon|atk|2
|move|p2a: Vaporeon|Haze|p2a: Vaporeon
|-clearallboost
|
|-heal|p2a: Vaporeon|82/100|[from] move: Wish|[wisher] Vaporeon
|-heal|p2a: Vaporeon|88/100|[from] item: Leftovers
|upkeep
|turn|12
|
|t:|1760404949
|switch|p2a: Clefable|Clefable, F|86/100
|move|p1a: Ogerpon|Swords Dance|p1a: Ogerpon
|-boost|p1a: Ogerpon|atk|2
|
|upkeep
|turn|13
|
|t:|1760404955
|move|p1a: Ogerpon|Ivy Cudgel|p2a: Clefable|[anim] Ivy Cudgel Water
|-damage|p2a: Clefable|0 fnt
|faint|p2a: Clefable
|
|upkeep
|
|t:|1760404967
|switch|p2a: Malamar|Malamar, F|100/100
|-damage|p2a: Malamar|88/100|[from] Stealth Rock
|turn|14
|
|t:|1760404974
|move|p2a: Malamar|Switcheroo||[still]
|-fail|p2a: Malamar
|move|p1a: Ogerpon|Ivy Cudgel|p2a: Malamar|[anim] Ivy Cudgel Water
|-damage|p2a: Malamar|0 fnt
|faint|p2a: Malamar
|
|upkeep
|-message|antzinmypantz forfeited.
|
|win|Assyrian Leappanic
|raw|Assyrian Leappanic's rating: 1170 &rarr; <strong>1195</strong><br />(+25 for winning)
|raw|antzinmypantz's rating: 1176 &rarr; <strong>1151</strong><br />(-25 for losing)
|l|☆antzinmypantz
|player|p2|
|l|☆Assyrian Leappanic
|player|p1|
