|j|☆Crabish29
|j|☆Garg749494
|t:|1760454470
|gametype|singles
|player|p1|Crabish29|265|1076
|player|p2|Garg749494|1|1089
|gen|9
|tier|[Gen 9] OU
|rated|
|rule|HP Percentage Mod: HP is shown in percentages
|rule|Endless Battle Clause: Forcing endless battles is banned
|rule|Species Clause: Limit one of each Pokémon
|rule|OHKO Clause: OHKO moves are banned
|rule|Evasion Items Clause: Evasion items are banned
|rule|Evasion Moves Clause: Evasion moves are banned
|rule|Evasion Abilities Clause: Evasion abilities are banned
|rule|Sleep Moves Clause: Sleep-inducing moves are banned
|clearpoke
|poke|p1|Clefable, M|
|poke|p1|Venusaur, M|
|poke|p1|Metagross|
|poke|p1|Scrafty, M|
|poke|p1|Gliscor, F|
|poke|p1|Rotom-Wash|
|poke|p2|Golurk|
|poke|p2|Scrafty, M|
|poke|p2|Shiftry, M|
|poke|p2|Goodra, M|
|poke|p2|Kleavor, F|
|poke|p2|Dedenne, F|
|teampreview
|
|t:|1760454490
|teamsize|p1|6
|teamsize|p2|6
|start
|switch|p1a: Metagross|Metagross|100/100
|switch|p2a: Kleavor|Kleavor, F|100/100
|turn|1
|
|t:|1760454497
|move|p2a: Kleavor|U-turn|p1a: Metagross
|-damage|p1a: Metagross|72/100
|
|t:|1760454501
|switch|p2a: Golurk|Golurk|100/100|[from] U-turn
|move|p1a: Metagross|Meteor Mash|p2a: Golurk
|-damage|p2a: Golurk|43/100
|
|-heal|p2a: Golurk|49/100|[from] item: Leftovers
|upkeep
|turn|2
|
|t:|1760454513
|switch|p1a: Scrafty|Scrafty, M|100/100
|-ability|p1a: Scrafty|Intimidate|boost
|-unboost|p2a: Golurk|atk|1
|move|p2a: Golurk|Poltergeist|p1a: Scrafty
|-activate|p1a: Scrafty|move: Poltergeist|Leftovers
|-resisted|p1a: Scrafty
|-damage|p1a: Scrafty|83/100
|
|-heal|p1a: Scrafty|89/100|[from] item: Leftovers
|-heal|p2a: Golurk|55/100|[from] item: Leftovers
|upkeep
|turn|3
|
|t:|1760454525
|move|p1a: Scrafty|Knock Off|p2a: Golurk
|-supereffective|p2a: Golurk
|-damage|p2a: Golurk|0 fnt
|-enditem|p2a: Golurk|Leftovers|[from] move: Knock Off|[of] p1a: Scrafty
|faint|p2a: Golurk
|
|-heal|p1a: Scrafty|95/100|[from] item: Leftovers
|upkeep
|
|t:|1760454533
|switch|p2a: Kleavor|Kleavor, F|100/100
|turn|4
|
|t:|1760454544
|switch|p1a: Clefable|Clefable, M|100/100
|move|p2a: Kleavor|U-turn|p1a: Clefable
|-resisted|p1a: Clefable
|-damage|p1a: Clefable|86/100
|
|t:|1760454549
|switch|p2a: Dedenne|Dedenne, F|100/100|[from] U-turn
|
|-heal|p1a: Clefable|92/100|[from] item: Leftovers
|upkeep
|turn|5
|
|t:|1760454556
|switch|p1a: Gliscor|Gliscor, F|100/100
|move|p2a: Dedenne|Nuzzle|p1a: Gliscor
|-immune|p1a: Gliscor
|
|-status|p1a: Gliscor|tox|[from] item: Toxic Orb
|upkeep
|turn|6
|
|t:|1760454565
|move|p2a: Dedenne|Super Fang|p1a: Gliscor
|-damage|p1a: Gliscor|50/100 tox
|move|p1a: Gliscor|Stealth Rock|p2a: Dedenne
|-sidestart|p2: Garg749494|move: Stealth Rock
|
|-heal|p1a: Gliscor|63/100 tox|[from] ability: Poison Heal
|upkeep
|turn|7
|
|t:|1760454572
|move|p2a: Dedenne|Super Fang|p1a: Gliscor
|-damage|p1a: Gliscor|32/100 tox
|move|p1a: Gliscor|Earthquake|p2a: Dedenne
|-supereffective|p2a: Dedenne
|-damage|p2a: Dedenne|0 fnt
|faint|p2a: Dedenne
|
|-heal|p1a: Gliscor|44/100 tox|[from] ability: Poison Heal
|upkeep
|
|t:|1760454578
|switch|p2a: Shiftry|Shiftry, M|100/100
|turn|8
|
|t:|1760454588
|move|p2a: Shiftry|Trailblaze|p1a: Gliscor
|-damage|p1a: Gliscor|32/100 tox
|-boost|p2a: Shiftry|spe|1
|move|p1a: Gliscor|U-turn|p2a: Shiftry
|-supereffective|p2a: Shiftry
|-damage|p2a: Shiftry|0 fnt
|faint|p2a: Shiftry
|
|t:|1760454602
|switch|p1a: Clefable|Clefable, M|92/100|[from] U-turn
|
|-heal|p1a: Clefable|98/100|[from] item: Leftovers
|upkeep
|
|t:|1760454608
|switch|p2a: Kleavor|Kleavor, F|100/100
|-damage|p2a: Kleavor|76/100|[from] Stealth Rock
|turn|9
|
|t:|1760454613
|switch|p1a: Scrafty|Scrafty, M|95/100
|-ability|p1a: Scrafty|Intimidate|boost
|-unboost|p2a: Kleavor|atk|1
|move|p2a: Kleavor|Stone Axe|p1a: Scrafty
|-resisted|p1a: Scrafty
|-damage|p1a: Scrafty|82/100
|-sidestart|p1: Crabish29|move: Stealth Rock
|
|-heal|p1a: Scrafty|88/100|[from] item: Leftovers
|upkeep
|turn|10
|
|t:|1760454625
|switch|p2a: Goodra|Goodra, M|100/100
|-damage|p2a: Goodra|88/100|[from] Stealth Rock
|move|p1a: Scrafty|Bulk Up|p1a: Scrafty
|-boost|p1a: Scrafty|atk|1
|-boost|p1a: Scrafty|def|1
|
|-heal|p1a: Scrafty|94/100|[from] item: Leftovers
|upkeep
|turn|11
|
|t:|1760454635
|move|p2a: Goodra|Sludge Bomb|p1a: Scrafty
|-damage|p1a: Scrafty|67/100
|move|p1a: Scrafty|Ice Punch|p2a: Goodra
|-supereffective|p2a: Goodra
|-damage|p2a: Goodra|15/100
|
|-heal|p1a: Scrafty|73/100|[from] item: Leftovers
|upkeep
|turn|12
|
|t:|1760454647
|move|p2a: Goodra|Sludge Bomb|p1a: Scrafty
|-damage|p1a: Scrafty|44/100
|move|p1a: Scrafty|Ice Punch|p2a: Goodra
|-supereffective|p2a: Goodra
|-damage|p2a: Goodra|0 fnt
|faint|p2a: Goodra
|
|-heal|p1a: Scrafty|50/100|[from] item: Leftovers
|upkeep
|
|t:|1760454651
|switch|p2a: Scrafty|Scrafty, M|100/100
|-damage|p2a: Scrafty|95/100|[from] Stealth Rock
|turn|13
|
|t:|1760454662
|move|p2a: Scrafty|Dragon Dance|p2a: Scrafty
|-boost|p2a: Scrafty|atk|1
|-boost|p2a: Scrafty|spe|1
|move|p1a: Scrafty|Close Combat|p2a: Scrafty
|-supereffective|p2a: Scrafty
|-damage|p2a: Scrafty|0 fnt
|-unboost|p1a: Scrafty|def|1
|-unboost|p1a: Scrafty|spd|1
|faint|p2a: Scrafty
|
|-heal|p1a: Scrafty|56/100|[from] item: Leftovers
|upkeep
|-message|Garg749494 forfeited.
|
|win|Crabish29
|raw|Crabish29's rating: 1076 &rarr; <strong>1106</strong><br />(+30 for winning)
|raw|Garg749494's rating: 1089 &rarr; <strong>1065</strong><br />(-24 for losing)
|l|☆Garg749494
|player|p2|
|l|☆Crabish29
|player|p1|
