|j|☆deepak johnson
|j|☆BBT94
|t:|1760365119
|gametype|singles
|player|p1|deepak johnson|swimmerf|1606
|player|p2|BBT94|169|1692
|gen|9
|tier|[Gen 9] OU
|rated|
|rule|HP Percentage Mod: HP is shown in percentages
|rule|Endless Battle Clause: Forcing endless battles is banned
|rule|Species Clause: Limit one of each Pokémon
|rule|OHKO Clause: OHKO moves are banned
|rule|Evasion Items Clause: Evasion items are banned
|rule|Evasion Moves Clause: Evasion moves are banned
|rule|Evasion Abilities Clause: Evasion abilities are banned
|rule|Sleep Moves Clause: Sleep-inducing moves are banned
|clearpoke
|poke|p1|Gholdengo|
|poke|p1|Ceruledge, F|
|poke|p1|Enamorus, F|
|poke|p1|Ribombee, F|
|poke|p1|Quaquaval, F|
|poke|p1|Iron Treads|
|poke|p2|Araquanid, F|
|poke|p2|Kingambit, F|
|poke|p2|Iron Treads|
|poke|p2|Enamorus, F|
|poke|p2|Gholdengo|
|poke|p2|Blaziken, M|
|teampreview
|inactive|Battle timer is ON: inactive players will automatically lose when time's up. (requested by deepak johnson)
|
|t:|1760365130
|teamsize|p1|6
|teamsize|p2|6
|start
|switch|p1a: Ribombee|Ribombee, F, shiny|100/100
|switch|p2a: PILOT|Araquanid, F|100/100
|turn|1
|
|t:|1760365132
|move|p1a: Ribombee|Sticky Web|p2a: PILOT
|-sidestart|p2: BBT94|move: Sticky Web
|move|p2a: PILOT|Surf|p1a: Ribombee
|-damage|p1a: Ribombee|8/100
|
|upkeep
|turn|2
|
|t:|1760365136
|move|p1a: Ribombee|Moonblast|p2a: PILOT
|-damage|p2a: PILOT|70/100
|move|p2a: PILOT|Surf|p1a: Ribombee
|-damage|p1a: Ribombee|0 fnt
|faint|p1a: Ribombee
|
|upkeep
|
|t:|1760365142
|switch|p1a: Iron Treads|Iron Treads|100/100
|-enditem|p1a: Iron Treads|Booster Energy
|-activate|p1a: Iron Treads|ability: Quark Drive|[fromitem]
|-start|p1a: Iron Treads|quarkdriveatk
|turn|3
|
|t:|1760365147
|move|p2a: PILOT|Endure|p2a: PILOT
|-singleturn|p2a: PILOT|move: Endure
|move|p1a: Iron Treads|Supercell Slam|p2a: PILOT
|-supereffective|p2a: PILOT
|-activate|p2a: PILOT|move: Endure
|-damage|p2a: PILOT|1/100
|
|upkeep
|turn|4
|j| Swagboss123456789
|-enditem|p2a: PILOT|Custap Berry|[eat]
|-activate|p2a: PILOT|item: Custap Berry|[consumed]
|
|t:|1760365158
|-end|p1a: Iron Treads|Quark Drive|[silent]
|switch|p1a: Quaquaval|Quaquaval, F|100/100
|move|p2a: PILOT|Surf|p1a: Quaquaval
|-resisted|p1a: Quaquaval
|-damage|p1a: Quaquaval|74/100
|
|upkeep
|turn|5
|
|t:|1760365164
|switch|p2a: SMUCKERS|Gholdengo|100/100
|-activate|p2a: SMUCKERS|move: Sticky Web
|-unboost|p2a: SMUCKERS|spe|1
|move|p1a: Quaquaval|Aqua Step|p2a: SMUCKERS
|-damage|p2a: SMUCKERS|57/100
|-boost|p1a: Quaquaval|spe|1
|
|upkeep
|turn|6
|l| Swagboss123456789
|
|t:|1760365167
|move|p1a: Quaquaval|Knock Off|p2a: SMUCKERS
|-supereffective|p2a: SMUCKERS
|-damage|p2a: SMUCKERS|0 fnt
|-enditem|p2a: SMUCKERS|Metal Coat|[from] move: Knock Off|[of] p1a: Quaquaval
|faint|p2a: SMUCKERS
|-ability|p1a: Quaquaval|Moxie|boost
|-boost|p1a: Quaquaval|atk|1
|
|upkeep
|
|t:|1760365174
|switch|p2a: CHERRY BOMB|Enamorus, F|100/100
|turn|7
|
|t:|1760365188
|-terastallize|p1a: Quaquaval|Steel
|move|p1a: Quaquaval|Aqua Step|p2a: CHERRY BOMB
|-damage|p2a: CHERRY BOMB|7/100
|-boost|p1a: Quaquaval|spe|1
|move|p2a: CHERRY BOMB|Moonblast|p1a: Quaquaval
|-resisted|p1a: Quaquaval
|-damage|p1a: Quaquaval|35/100
|
|upkeep
|turn|8
|
|t:|1760365196
|switch|p2a: PILOT|Araquanid, F|1/100
|-activate|p2a: PILOT|move: Sticky Web
|-unboost|p2a: PILOT|spe|1
|move|p1a: Quaquaval|Aqua Step|p2a: PILOT
|-resisted|p2a: PILOT
|-damage|p2a: PILOT|0 fnt
|-boost|p1a: Quaquaval|spe|1
|faint|p2a: PILOT
|-ability|p1a: Quaquaval|Moxie|boost
|-boost|p1a: Quaquaval|atk|1
|
|upkeep
|
|t:|1760365198
|switch|p2a: DEATHCAMP|Kingambit, F|100/100
|-activate|p2a: DEATHCAMP|move: Sticky Web
|-unboost|p2a: DEATHCAMP|spe|1
|-activate|p2a: DEATHCAMP|ability: Supreme Overlord
|-start|p2a: DEATHCAMP|fallen2|[silent]
|turn|9
|
|t:|1760365200
|move|p2a: DEATHCAMP|Sucker Punch|p1a: Quaquaval
|-damage|p1a: Quaquaval|0 fnt
|faint|p1a: Quaquaval
|
|upkeep
|
|t:|1760365204
|switch|p1a: Iron Treads|Iron Treads|100/100
|turn|10
|
|t:|1760365223
|move|p2a: DEATHCAMP|Sucker Punch|p1a: Iron Treads
|-damage|p1a: Iron Treads|54/100
|move|p1a: Iron Treads|Earthquake|p2a: DEATHCAMP
|-supereffective|p2a: DEATHCAMP
|-damage|p2a: DEATHCAMP|14/100
|
|upkeep
|turn|11
|
|t:|1760365228
|-terastallize|p2a: DEATHCAMP|Dark
|move|p2a: DEATHCAMP|Sucker Punch|p1a: Iron Treads
|-damage|p1a: Iron Treads|0 fnt
|faint|p1a: Iron Treads
|-end|p1a: Iron Treads|Quark Drive|[silent]
|
|upkeep
|
|t:|1760365234
|switch|p1a: Enamorus|Enamorus, F|100/100
|turn|12
|
|t:|1760365237
|-end|p2a: DEATHCAMP|fallen2|[silent]
|switch|p2a: QUARTZ|Iron Treads|100/100
|-activate|p2a: QUARTZ|move: Sticky Web
|-unboost|p2a: QUARTZ|spe|1
|-enditem|p2a: QUARTZ|Booster Energy
|-activate|p2a: QUARTZ|ability: Quark Drive|[fromitem]
|-start|p2a: QUARTZ|quarkdriveatk
|move|p1a: Enamorus|Moonblast|p2a: QUARTZ
|-resisted|p2a: QUARTZ
|-damage|p2a: QUARTZ|51/100
|
|upkeep
|turn|13
|
|t:|1760365243
|move|p1a: Enamorus|Earth Power|p2a: QUARTZ
|-supereffective|p2a: QUARTZ
|-damage|p2a: QUARTZ|0 fnt
|faint|p2a: QUARTZ
|-end|p2a: QUARTZ|Quark Drive|[silent]
|
|upkeep
|
|t:|1760365245
|switch|p2a: BUFFALO|Blaziken, M|100/100
|-item|p2a: BUFFALO|Air Balloon
|turn|14
|
|t:|1760365249
|move|p2a: BUFFALO|Protect|p2a: BUFFALO
|-singleturn|p2a: BUFFALO|Protect
|move|p1a: Enamorus|Moonblast|p2a: BUFFALO
|-activate|p2a: BUFFALO|move: Protect
|
|-ability|p2a: BUFFALO|Speed Boost|boost
|-boost|p2a: BUFFALO|spe|1
|upkeep
|turn|15
|
|t:|1760365253
|move|p2a: BUFFALO|Swords Dance|p2a: BUFFALO
|-boost|p2a: BUFFALO|atk|2
|move|p1a: Enamorus|Moonblast|p2a: BUFFALO
|-crit|p2a: BUFFALO
|-damage|p2a: BUFFALO|0 fnt
|-enditem|p2a: BUFFALO|Air Balloon
|faint|p2a: BUFFALO
|
|upkeep
|l|☆BBT94
|inactive|BBT94 disconnected and has a minute to reconnect!
|player|p2|
|inactive|BBT94 has 30 seconds to reconnect!
|inactive|BBT94 has 20 seconds to reconnect!
|inactive|BBT94 has 15 seconds to reconnect!
|inactive|BBT94 has 10 seconds to reconnect!
|inactive|BBT94 has 5 seconds to reconnect!
|-message|BBT94 lost due to inactivity.
|
|win|deepak johnson
|raw|deepak johnson's rating: 1606 &rarr; <strong>1631</strong><br />(+25 for winning)
|raw|BBT94's rating: 1692 &rarr; <strong>1667</strong><br />(-25 for losing)
|l|☆deepak johnson
|player|p1|
