|j|☆qaqkiller
|j|☆Christendom
|t:|1760452522
|gametype|singles
|player|p1|qaqkiller|maid|1632
|player|p2|Christendom|yellow|1561
|gen|9
|tier|[Gen 9] OU
|rated|
|rule|HP Percentage Mod: HP is shown in percentages
|rule|Endless Battle Clause: Forcing endless battles is banned
|rule|Species Clause: Limit one of each Pokémon
|rule|OHKO Clause: OHKO moves are banned
|rule|Evasion Items Clause: Evasion items are banned
|rule|Evasion Moves Clause: Evasion moves are banned
|rule|Evasion Abilities Clause: Evasion abilities are banned
|rule|Sleep Moves Clause: Sleep-inducing moves are banned
|clearpoke
|poke|p1|Zamazenta-*|
|poke|p1|Iron Valiant|
|poke|p1|Sinistcha-Masterpiece|
|poke|p1|Gholdengo|
|poke|p1|Samurott-Hisui, M|
|poke|p1|Landorus-Therian, M|
|poke|p2|Iron Valiant|
|poke|p2|Dragapult, F|
|poke|p2|Glimmora, F|
|poke|p2|Ogerpon-Wellspring, F|
|poke|p2|Landorus-Therian, M|
|poke|p2|Kingambit, F|
|teampreview
|inactive|Battle timer is ON: inactive players will automatically lose when time's up. (requested by qaqkiller)
|
|t:|1760452535
|teamsize|p1|6
|teamsize|p2|6
|start
|switch|p1a: Landorus|Landorus-Therian, M, shiny|100/100
|switch|p2a: Ogerpon|Ogerpon-Wellspring, F|100/100
|-ability|p1a: Landorus|Intimidate|boost
|-unboost|p2a: Ogerpon|atk|1
|turn|1
|
|t:|1760452550
|switch|p2a: Landorus|Landorus-Therian, M|100/100
|-ability|p2a: Landorus|Intimidate|boost
|-unboost|p1a: Landorus|atk|1
|-terastallize|p1a: Landorus|Water
|move|p1a: Landorus|Stealth Rock|p2a: Landorus
|-sidestart|p2: Christendom|move: Stealth Rock
|
|upkeep
|turn|2
|
|t:|1760452553
|move|p1a: Landorus|Taunt|p2a: Landorus
|-start|p2a: Landorus|move: Taunt
|cant|p2a: Landorus|move: Taunt|Stealth Rock
|
|upkeep
|turn|3
|
|t:|1760452557
|move|p1a: Landorus|U-turn|p2a: Landorus
|-resisted|p2a: Landorus
|-damage|p2a: Landorus|93/100
|-damage|p1a: Landorus|84/100|[from] item: Rocky Helmet|[of] p2a: Landorus
|
|t:|1760452568
|switch|p1a: Zamazenta|Zamazenta, shiny|100/100|[from] U-turn
|-ability|p1a: Zamazenta|Dauntless Shield|boost
|-boost|p1a: Zamazenta|def|1
|move|p2a: Landorus|U-turn|p1a: Zamazenta
|-resisted|p1a: Zamazenta
|-damage|p1a: Zamazenta|93/100
|
|t:|1760452576
|switch|p2a: Glimmora|Glimmora, F|100/100|[from] U-turn
|-damage|p2a: Glimmora|88/100|[from] Stealth Rock
|
|upkeep
|turn|4
|
|t:|1760452585
|move|p1a: Zamazenta|Heavy Slam|p2a: Glimmora
|-supereffective|p2a: Glimmora
|-damage|p2a: Glimmora|3/100
|-activate|p2a: Glimmora|ability: Toxic Debris
|-sidestart|p1: qaqkiller|move: Toxic Spikes
|move|p2a: Glimmora|Spikes|p1a: Zamazenta
|-sidestart|p1: qaqkiller|Spikes
|
|upkeep
|turn|5
|
|t:|1760452604
|move|p1a: Zamazenta|Heavy Slam|p2a: Glimmora
|-supereffective|p2a: Glimmora
|-damage|p2a: Glimmora|0 fnt
|-activate|p2a: Glimmora|ability: Toxic Debris
|-sidestart|p1: qaqkiller|move: Toxic Spikes
|faint|p2a: Glimmora
|
|upkeep
|
|t:|1760452609
|switch|p2a: Dragapult|Dragapult, F|100/100
|-damage|p2a: Dragapult|88/100|[from] Stealth Rock
|turn|6
|
|t:|1760452632
|move|p1a: Zamazenta|Crunch|p2a: Dragapult
|-supereffective|p2a: Dragapult
|-damage|p2a: Dragapult|16/100
|move|p2a: Dragapult|U-turn|p1a: Zamazenta
|-resisted|p1a: Zamazenta
|-crit|p1a: Zamazenta
|-damage|p1a: Zamazenta|82/100
|
|t:|1760452635
|switch|p2a: Iron Valiant|Iron Valiant|100/100|[from] U-turn
|-damage|p2a: Iron Valiant|94/100|[from] Stealth Rock
|-enditem|p2a: Iron Valiant|Booster Energy
|-activate|p2a: Iron Valiant|ability: Quark Drive|[fromitem]
|-start|p2a: Iron Valiant|quarkdrivespe
|
|upkeep
|turn|7
|
|t:|1760452663
|switch|p1a: Sinistcha|Sinistcha-Masterpiece, shiny|100/100
|move|p2a: Iron Valiant|Encore||[still]
|-fail|p2a: Iron Valiant
|
|upkeep
|turn|8
|inactive|qaqkiller has 120 seconds left.
|
|t:|1760452681
|-end|p2a: Iron Valiant|Quark Drive|[silent]
|switch|p2a: Landorus|Landorus-Therian, M|93/100
|-damage|p2a: Landorus|81/100|[from] Stealth Rock
|-ability|p2a: Landorus|Intimidate|boost
|-unboost|p1a: Sinistcha|atk|1
|move|p1a: Sinistcha|Matcha Gotcha|p2a: Landorus
|-damage|p2a: Landorus|49/100
|
|upkeep
|turn|9
|
|t:|1760452689
|move|p2a: Landorus|Stealth Rock|p1a: Sinistcha
|-sidestart|p1: qaqkiller|move: Stealth Rock
|move|p1a: Sinistcha|Matcha Gotcha|p2a: Landorus
|-damage|p2a: Landorus|15/100
|
|upkeep
|turn|10
|
|t:|1760452698
|switch|p1a: Landorus|Landorus-Therian, M, shiny, tera:Water|84/100
|-status|p1a: Landorus|tox
|-damage|p1a: Landorus|72/100 tox|[from] Spikes
|-damage|p1a: Landorus|59/100 tox|[from] Stealth Rock
|-ability|p1a: Landorus|Intimidate|boost
|-unboost|p2a: Landorus|atk|1
|move|p2a: Landorus|Taunt|p1a: Landorus
|-start|p1a: Landorus|move: Taunt
|
|-damage|p1a: Landorus|53/100 tox|[from] psn
|upkeep
|turn|11
|
|t:|1760452709
|move|p2a: Landorus|Earthquake|p1a: Landorus
|-damage|p1a: Landorus|21/100 tox
|move|p1a: Landorus|U-turn|p2a: Landorus
|-resisted|p2a: Landorus
|-damage|p2a: Landorus|5/100
|-damage|p1a: Landorus|5/100 tox|[from] item: Rocky Helmet|[of] p2a: Landorus
|
|t:|1760452715
|switch|p1a: Samurott|Samurott-Hisui, M, shiny|100/100|[from] U-turn
|-status|p1a: Samurott|tox
|-damage|p1a: Samurott|88/100 tox|[from] Spikes
|-damage|p1a: Samurott|76/100 tox|[from] Stealth Rock
|
|-damage|p1a: Samurott|70/100 tox|[from] psn
|upkeep
|turn|12
|
|t:|1760452718
|move|p2a: Landorus|Earthquake|p1a: Samurott
|-crit|p1a: Samurott
|-damage|p1a: Samurott|0 fnt
|faint|p1a: Samurott
|
|upkeep
|
|t:|1760452728
|switch|p1a: Zamazenta|Zamazenta, shiny|82/100
|turn|13
|
|t:|1760452736
|move|p1a: Zamazenta|Crunch|p2a: Landorus
|-damage|p2a: Landorus|0 fnt
|-damage|p1a: Zamazenta|65/100|[from] item: Rocky Helmet|[of] p2a: Landorus
|faint|p2a: Landorus
|
|upkeep
|
|t:|1760452764
|switch|p2a: Ogerpon|Ogerpon-Wellspring, F|100/100
|-damage|p2a: Ogerpon|88/100|[from] Stealth Rock
|turn|14
|
|t:|1760452769
|move|p1a: Zamazenta|Crunch|p2a: Ogerpon
|-damage|p2a: Ogerpon|52/100
|move|p2a: Ogerpon|Ivy Cudgel|p1a: Zamazenta|[anim] Ivy Cudgel Water
|-damage|p1a: Zamazenta|13/100
|
|upkeep
|turn|15
|
|t:|1760452774
|move|p1a: Zamazenta|Close Combat|p2a: Ogerpon
|-damage|p2a: Ogerpon|0 fnt
|-unboost|p1a: Zamazenta|def|1
|-unboost|p1a: Zamazenta|spd|1
|faint|p2a: Ogerpon
|
|upkeep
|
|t:|1760452782
|switch|p2a: Kingambit|Kingambit, F|100/100
|-damage|p2a: Kingambit|94/100|[from] Stealth Rock
|-activate|p2a: Kingambit|ability: Supreme Overlord
|-start|p2a: Kingambit|fallen3|[silent]
|turn|16
|
|t:|1760452785
|switch|p1a: Landorus|Landorus-Therian, M, shiny, tera:Water|5/100 tox
|-damage|p1a: Landorus|0 fnt|[from] Spikes
|faint|p1a: Landorus
|move|p2a: Kingambit|Sucker Punch|p1: Landorus|[notarget]
|-fail|p2a: Kingambit
|
|-heal|p2a: Kingambit|100/100|[from] item: Leftovers
|upkeep
|
|t:|1760452795
|switch|p1a: Iron Valiant|Iron Valiant, shiny|100/100
|-status|p1a: Iron Valiant|tox
|-damage|p1a: Iron Valiant|88/100 tox|[from] Spikes
|-damage|p1a: Iron Valiant|82/100 tox|[from] Stealth Rock
|-enditem|p1a: Iron Valiant|Booster Energy
|-activate|p1a: Iron Valiant|ability: Quark Drive|[fromitem]
|-start|p1a: Iron Valiant|quarkdrivespe
|turn|17
|
|t:|1760452802
|-end|p2a: Kingambit|fallen3|[silent]
|switch|p2a: Iron Valiant|Iron Valiant|94/100
|-damage|p2a: Iron Valiant|88/100|[from] Stealth Rock
|move|p1a: Iron Valiant|Encore||[still]
|-fail|p1a: Iron Valiant
|
|-damage|p1a: Iron Valiant|76/100 tox|[from] psn
|upkeep
|turn|18
|
|t:|1760452809
|move|p1a: Iron Valiant|Moonblast|p2a: Iron Valiant
|-supereffective|p2a: Iron Valiant
|-damage|p2a: Iron Valiant|0 fnt
|faint|p2a: Iron Valiant
|-end|p2a: Iron Valiant|Quark Drive|[silent]
|
|-damage|p1a: Iron Valiant|63/100 tox|[from] psn
|upkeep
|
|t:|1760452816
|switch|p2a: Kingambit|Kingambit, F|100/100
|-damage|p2a: Kingambit|94/100|[from] Stealth Rock
|-activate|p2a: Kingambit|ability: Supreme Overlord
|-start|p2a: Kingambit|fallen4|[silent]
|turn|19
|
|t:|1760452826
|-terastallize|p2a: Kingambit|Ghost
|move|p1a: Iron Valiant|Moonblast|p2a: Kingambit
|-damage|p2a: Kingambit|51/100
|move|p2a: Kingambit|Iron Head|p1a: Iron Valiant
|-supereffective|p1a: Iron Valiant
|-damage|p1a: Iron Valiant|0 fnt
|faint|p1a: Iron Valiant
|-end|p1a: Iron Valiant|Quark Drive|[silent]
|
|-heal|p2a: Kingambit|57/100|[from] item: Leftovers
|upkeep
|
|t:|1760452838
|switch|p1a: Sinistcha|Sinistcha-Masterpiece, shiny|100/100
|turn|20
|
|t:|1760452845
|move|p2a: Kingambit|Sucker Punch||[still]
|-fail|p2a: Kingambit
|move|p1a: Sinistcha|Strength Sap|p2a: Kingambit
|-unboost|p2a: Kingambit|atk|1
|
|-heal|p2a: Kingambit|63/100|[from] item: Leftovers
|upkeep
|turn|21
|
|t:|1760452849
|-end|p2a: Kingambit|fallen4|[silent]
|switch|p2a: Dragapult|Dragapult, F|16/100
|-damage|p2a: Dragapult|3/100|[from] Stealth Rock
|move|p1a: Sinistcha|Shadow Ball|p2a: Dragapult
|-supereffective|p2a: Dragapult
|-damage|p2a: Dragapult|0 fnt
|faint|p2a: Dragapult
|
|upkeep
|
|t:|1760452850
|switch|p2a: Kingambit|Kingambit, F, tera:Ghost|63/100
|-damage|p2a: Kingambit|51/100|[from] Stealth Rock
|-activate|p2a: Kingambit|ability: Supreme Overlord
|-start|p2a: Kingambit|fallen5|[silent]
|turn|22
|
|t:|1760452853
|move|p2a: Kingambit|Sucker Punch|p1a: Sinistcha
|-supereffective|p1a: Sinistcha
|-crit|p1a: Sinistcha
|-damage|p1a: Sinistcha|0 fnt
|faint|p1a: Sinistcha
|
|-heal|p2a: Kingambit|57/100|[from] item: Leftovers
|upkeep
|
|t:|1760452857
|switch|p1a: Gholdengo|Gholdengo, shiny|100/100
|-damage|p1a: Gholdengo|94/100|[from] Stealth Rock
|-item|p1a: Gholdengo|Air Balloon
|turn|23
|
|t:|1760452862
|move|p2a: Kingambit|Sucker Punch|p1a: Gholdengo
|-supereffective|p1a: Gholdengo
|-damage|p1a: Gholdengo|0 fnt
|-enditem|p1a: Gholdengo|Air Balloon
|faint|p1a: Gholdengo
|
|-heal|p2a: Kingambit|63/100|[from] item: Leftovers
|upkeep
|
|t:|1760452866
|switch|p1a: Zamazenta|Zamazenta, shiny|13/100
|turn|24
|
|t:|1760452875
|move|p2a: Kingambit|Sucker Punch|p1a: Zamazenta
|-resisted|p1a: Zamazenta
|-damage|p1a: Zamazenta|0 fnt
|faint|p1a: Zamazenta
|
|win|Christendom
|raw|qaqkiller's rating: 1632 &rarr; <strong>1608</strong><br />(-24 for losing)
|raw|Christendom's rating: 1561 &rarr; <strong>1585</strong><br />(+24 for winning)
