|j|☆CAZSYZ
|j|☆Desmoxytes
|t:|1760328268
|gametype|singles
|player|p1|CAZSYZ|lady|1483
|player|p2|Desmoxytes|266|1470
|gen|9
|tier|[Gen 9] OU
|rated|
|rule|HP Percentage Mod: HP is shown in percentages
|rule|Endless Battle Clause: Forcing endless battles is banned
|rule|Species Clause: Limit one of each Pokémon
|rule|OHKO Clause: OHKO moves are banned
|rule|Evasion Items Clause: Evasion items are banned
|rule|Evasion Moves Clause: Evasion moves are banned
|rule|Evasion Abilities Clause: Evasion abilities are banned
|rule|Sleep Moves Clause: Sleep-inducing moves are banned
|clearpoke
|poke|p1|Great Tusk|
|poke|p1|Blissey, F|
|poke|p1|Alomomola, F|
|poke|p1|Dragapult, F|
|poke|p1|Corviknight, F|
|poke|p1|Dondozo, F|
|poke|p2|Landorus-Therian, M|
|poke|p2|Pecharunt|
|poke|p2|Ogerpon-Wellspring, F|
|poke|p2|Kingambit, F|
|poke|p2|Zamazenta-*|
|poke|p2|Blaziken, F|
|teampreview
|inactive|Battle timer is ON: inactive players will automatically lose when time's up. (requested by CAZSYZ)
|inactive|Desmoxytes has 120 seconds left.
|
|t:|1760328312
|teamsize|p1|6
|teamsize|p2|6
|start
|switch|p1a: Great Tusk|Great Tusk|100/100
|switch|p2a: Zamazenta|Zamazenta|100/100
|-ability|p2a: Zamazenta|Dauntless Shield|boost
|-boost|p2a: Zamazenta|def|1
|turn|1
|
|t:|1760328320
|move|p2a: Zamazenta|Close Combat|p1a: Great Tusk
|-damage|p1a: Great Tusk|73/100
|-unboost|p2a: Zamazenta|def|1
|-unboost|p2a: Zamazenta|spd|1
|move|p1a: Great Tusk|Knock Off|p2a: Zamazenta
|-resisted|p2a: Zamazenta
|-damage|p2a: Zamazenta|89/100
|-enditem|p2a: Zamazenta|Assault Vest|[from] move: Knock Off|[of] p1a: Great Tusk
|
|-heal|p1a: Great Tusk|79/100|[from] item: Leftovers
|upkeep
|turn|2
|
|t:|1760328325
|switch|p2a: Landorus|Landorus-Therian, M|100/100
|-ability|p2a: Landorus|Intimidate|boost
|-unboost|p1a: Great Tusk|atk|1
|move|p1a: Great Tusk|Stealth Rock|p2a: Landorus
|-sidestart|p2: Desmoxytes|move: Stealth Rock
|
|-heal|p1a: Great Tusk|85/100|[from] item: Leftovers
|upkeep
|turn|3
|
|t:|1760328334
|-end|p1a: Great Tusk|Protosynthesis|[silent]
|switch|p1a: Alomomola|Alomomola, F|100/100
|move|p2a: Landorus|Stealth Rock|p1a: Alomomola
|-sidestart|p1: CAZSYZ|move: Stealth Rock
|
|upkeep
|turn|4
|
|t:|1760328340
|move|p2a: Landorus|Earthquake|p1a: Alomomola
|-damage|p1a: Alomomola|64/100
|move|p1a: Alomomola|Flip Turn|p2a: Landorus
|-supereffective|p2a: Landorus
|-damage|p2a: Landorus|63/100
|-damage|p1a: Alomomola|47/100|[from] item: Rocky Helmet|[of] p2a: Landorus
|
|t:|1760328348
|switch|p1a: Great Tusk|Great Tusk|85/100|[from] Flip Turn
|-damage|p1a: Great Tusk|82/100|[from] Stealth Rock
|
|-heal|p1a: Great Tusk|88/100|[from] item: Leftovers
|upkeep
|turn|5
|
|t:|1760328354
|move|p2a: Landorus|Earthquake|p1a: Great Tusk
|-damage|p1a: Great Tusk|60/100
|move|p1a: Great Tusk|Knock Off|p2a: Landorus
|-crit|p2a: Landorus
|-damage|p2a: Landorus|14/100
|-damage|p1a: Great Tusk|43/100|[from] item: Rocky Helmet|[of] p2a: Landorus
|-enditem|p2a: Landorus|Rocky Helmet|[from] move: Knock Off|[of] p1a: Great Tusk
|
|-heal|p1a: Great Tusk|50/100|[from] item: Leftovers
|upkeep
|turn|6
|
|t:|1760328363
|switch|p2a: Pecharunt|Pecharunt|100/100
|move|p1a: Great Tusk|Rapid Spin|p2a: Pecharunt
|-immune|p2a: Pecharunt
|
|-heal|p1a: Great Tusk|56/100|[from] item: Leftovers
|upkeep
|turn|7
|
|t:|1760328369
|-end|p1a: Great Tusk|Protosynthesis|[silent]
|switch|p1a: Corviknight|Corviknight, F|100/100
|-damage|p1a: Corviknight|88/100|[from] Stealth Rock
|-ability|p1a: Corviknight|Pressure
|move|p2a: Pecharunt|Shadow Ball|p1a: Corviknight
|-damage|p1a: Corviknight|66/100
|
|upkeep
|turn|8
|
|t:|1760328378
|move|p2a: Pecharunt|Parting Shot|p1a: Corviknight
|-unboost|p1a: Corviknight|atk|1
|-unboost|p1a: Corviknight|spa|1
|
|t:|1760328382
|switch|p2a: Blaziken|Blaziken, F|100/100|[from] Parting Shot
|-damage|p2a: Blaziken|88/100|[from] Stealth Rock
|move|p1a: Corviknight|Defog|p2a: Blaziken
|-unboost|p2a: Blaziken|evasion|1
|-sideend|p2: Desmoxytes|Stealth Rock|[from] move: Defog|[of] p1a: Corviknight
|-sideend|p1: CAZSYZ|Stealth Rock|[from] move: Defog|[of] p1a: Corviknight
|
|upkeep
|turn|9
|
|t:|1760328386
|switch|p1a: Alomomola|Alomomola, F|80/100
|move|p2a: Blaziken|Focus Energy|p2a: Blaziken
|-start|p2a: Blaziken|move: Focus Energy
|
|-ability|p2a: Blaziken|Speed Boost|boost
|-boost|p2a: Blaziken|spe|1
|upkeep
|turn|10
|
|t:|1760328395
|move|p2a: Blaziken|Focus Blast|p1a: Alomomola
|-crit|p1a: Alomomola
|-damage|p1a: Alomomola|0 fnt
|faint|p1a: Alomomola
|
|-ability|p2a: Blaziken|Speed Boost|boost
|-boost|p2a: Blaziken|spe|1
|upkeep
|
|t:|1760328403
|switch|p1a: Dragapult|Dragapult, F|100/100
|turn|11
|inactive|Desmoxytes has 120 seconds left.
|
|t:|1760328452
|move|p2a: Blaziken|Protect|p2a: Blaziken
|-singleturn|p2a: Blaziken|Protect
|move|p1a: Dragapult|Dragon Darts|p2a: Blaziken
|-activate|p2a: Blaziken|move: Protect
|
|-ability|p2a: Blaziken|Speed Boost|boost
|-boost|p2a: Blaziken|spe|1
|upkeep
|turn|12
|inactive|Desmoxytes has 90 seconds left.
|
|t:|1760328480
|switch|p2a: Zamazenta|Zamazenta|89/100
|switch|p1a: Blissey|Blissey, F|100/100
|
|upkeep
|turn|13
|inactive|Desmoxytes has 90 seconds left.
|
|t:|1760328491
|switch|p2a: Pecharunt|Pecharunt|100/100
|switch|p1a: Corviknight|Corviknight, F|66/100
|-ability|p1a: Corviknight|Pressure
|
|upkeep
|turn|14
|
|t:|1760328499
|move|p2a: Pecharunt|Parting Shot|p1a: Corviknight
|-unboost|p1a: Corviknight|atk|1
|-unboost|p1a: Corviknight|spa|1
|
|t:|1760328502
|switch|p2a: Blaziken|Blaziken, F|88/100|[from] Parting Shot
|move|p1a: Corviknight|Roost|p1a: Corviknight
|-heal|p1a: Corviknight|100/100
|-singleturn|p1a: Corviknight|move: Roost
|
|upkeep
|turn|15
|
|t:|1760328505
|move|p2a: Blaziken|Overheat|p1a: Corviknight
|-supereffective|p1a: Corviknight
|-damage|p1a: Corviknight|0 fnt
|-unboost|p2a: Blaziken|spa|2
|faint|p1a: Corviknight
|
|-ability|p2a: Blaziken|Speed Boost|boost
|-boost|p2a: Blaziken|spe|1
|upkeep
|
|t:|1760328514
|switch|p1a: Dragapult|Dragapult, F|100/100
|turn|16
|inactive|Desmoxytes has 120 seconds left.
|
|t:|1760328521
|move|p2a: Blaziken|Protect|p2a: Blaziken
|-singleturn|p2a: Blaziken|Protect
|move|p1a: Dragapult|Dragon Darts|p2a: Blaziken
|-activate|p2a: Blaziken|move: Protect
|
|-ability|p2a: Blaziken|Speed Boost|boost
|-boost|p2a: Blaziken|spe|1
|upkeep
|turn|17
|
|t:|1760328529
|switch|p2a: Kingambit|Kingambit, F|100/100
|move|p1a: Dragapult|Dragon Darts|p2a: Kingambit
|-resisted|p2a: Kingambit
|-damage|p2a: Kingambit|91/100
|-anim|p1a: Dragapult|Dragon Darts|p2a: Kingambit
|-resisted|p2a: Kingambit
|-damage|p2a: Kingambit|82/100
|
|-heal|p2a: Kingambit|88/100|[from] item: Leftovers
|upkeep
|turn|18
|
|t:|1760328539
|switch|p1a: Great Tusk|Great Tusk|56/100
|-end|p2a: Kingambit|fallenundefined|[silent]
|switch|p2a: Landorus|Landorus-Therian, M|14/100
|-ability|p2a: Landorus|Intimidate|boost
|-unboost|p1a: Great Tusk|atk|1
|
|-heal|p1a: Great Tusk|62/100|[from] item: Leftovers
|upkeep
|turn|19
|inactive|Desmoxytes has 120 seconds left.
|
|t:|1760328560
|move|p2a: Landorus|U-turn|p1a: Great Tusk
|-resisted|p1a: Great Tusk
|-damage|p1a: Great Tusk|56/100
|inactive|Desmoxytes has 120 seconds left.
|
|t:|1760328567
|switch|p2a: Ogerpon|Ogerpon-Wellspring, F|100/100|[from] U-turn
|move|p1a: Great Tusk|Rapid Spin|p2a: Ogerpon
|-damage|p2a: Ogerpon|88/100
|-boost|p1a: Great Tusk|spe|1
|
|-heal|p1a: Great Tusk|62/100|[from] item: Leftovers
|upkeep
|turn|20
|
|t:|1760328575
|-end|p1a: Great Tusk|Protosynthesis|[silent]
|switch|p1a: Dondozo|Dondozo, F|100/100
|move|p2a: Ogerpon|Ivy Cudgel|p1a: Dondozo|[anim] Ivy Cudgel Water
|-resisted|p1a: Dondozo
|-damage|p1a: Dondozo|87/100
|
|-heal|p1a: Dondozo|94/100|[from] item: Leftovers
|upkeep
|turn|21
|
|t:|1760328583
|move|p2a: Ogerpon|Taunt|p1a: Dondozo
|-start|p1a: Dondozo|move: Taunt
|move|p1a: Dondozo|Body Press|p2a: Ogerpon
|-damage|p2a: Ogerpon|54/100
|
|-heal|p1a: Dondozo|99/100|[from] item: Leftovers
|upkeep
|turn|22
|
|t:|1760328585
|move|p2a: Ogerpon|U-turn|p1a: Dondozo
|-damage|p1a: Dondozo|88/100
|
|t:|1760328587
|switch|p2a: Pecharunt|Pecharunt|100/100|[from] U-turn
|move|p1a: Dondozo|Body Press|p2a: Pecharunt
|-immune|p2a: Pecharunt
|
|-heal|p1a: Dondozo|94/100|[from] item: Leftovers
|upkeep
|turn|23
|
|t:|1760328592
|switch|p2a: Ogerpon|Ogerpon-Wellspring, F|54/100
|switch|p1a: Blissey|Blissey, F|100/100
|
|upkeep
|turn|24
|
|t:|1760328596
|switch|p1a: Dondozo|Dondozo, F|94/100
|move|p2a: Ogerpon|U-turn|p1a: Dondozo
|-damage|p1a: Dondozo|83/100
|
|t:|1760328606
|switch|p2a: Pecharunt|Pecharunt|100/100|[from] U-turn
|
|-heal|p1a: Dondozo|89/100|[from] item: Leftovers
|upkeep
|turn|25
|
|t:|1760328611
|switch|p1a: Blissey|Blissey, F|100/100
|move|p2a: Pecharunt|Malignant Chain|p1a: Blissey
|-crit|p1a: Blissey
|-damage|p1a: Blissey|88/100
|
|-heal|p1a: Blissey|94/100|[from] item: Leftovers
|upkeep
|turn|26
|
|t:|1760328619
|move|p2a: Pecharunt|Parting Shot|p1a: Blissey
|-unboost|p1a: Blissey|atk|1
|-unboost|p1a: Blissey|spa|1
|
|t:|1760328624
|switch|p2a: Landorus|Landorus-Therian, M|14/100|[from] Parting Shot
|-ability|p2a: Landorus|Intimidate|boost
|-unboost|p1a: Blissey|atk|1
|move|p1a: Blissey|Seismic Toss|p2a: Landorus
|-damage|p2a: Landorus|0 fnt
|faint|p2a: Landorus
|
|-heal|p1a: Blissey|99/100|[from] item: Leftovers
|upkeep
|
|t:|1760328633
|switch|p2a: Ogerpon|Ogerpon-Wellspring, F|54/100
|turn|27
|
|t:|1760328640
|switch|p1a: Dondozo|Dondozo, F|89/100
|move|p2a: Ogerpon|U-turn|p1a: Dondozo
|-damage|p1a: Dondozo|77/100
|
|t:|1760328644
|switch|p2a: Pecharunt|Pecharunt|100/100|[from] U-turn
|
|-heal|p1a: Dondozo|83/100|[from] item: Leftovers
|upkeep
|turn|28
|
|t:|1760328654
|switch|p1a: Blissey|Blissey, F|99/100
|move|p2a: Pecharunt|Malignant Chain|p1a: Blissey
|-damage|p1a: Blissey|91/100
|
|-heal|p1a: Blissey|97/100|[from] item: Leftovers
|upkeep
|turn|29
|
|t:|1760328659
|move|p2a: Pecharunt|Malignant Chain|p1a: Blissey
|-damage|p1a: Blissey|88/100
|move|p1a: Blissey|Seismic Toss|p2a: Pecharunt
|-immune|p2a: Pecharunt
|
|-heal|p1a: Blissey|94/100|[from] item: Leftovers
|upkeep
|turn|30
|
|t:|1760328675
|move|p2a: Pecharunt|Malignant Chain|p1a: Blissey
|-damage|p1a: Blissey|85/100
|-status|p1a: Blissey|tox
|-start|p1a: Blissey|confusion|[from] ability: Poison Puppeteer|[of] p2a: Pecharunt
|-activate|p1a: Blissey|confusion
|-damage|p1a: Blissey|83/100 tox|[from] confusion
|
|-heal|p1a: Blissey|90/100 tox|[from] item: Leftovers
|-damage|p1a: Blissey|83/100 tox|[from] psn
|upkeep
|turn|31
|
|t:|1760328681
|move|p2a: Pecharunt|Shadow Ball|p1a: Blissey
|-immune|p1a: Blissey
|-end|p1a: Blissey|confusion
|move|p1a: Blissey|Heal Bell|p1a: Blissey
|-activate|p1a: Blissey|move: Heal Bell
|-curestatus|p1a: Blissey|tox|[msg]
|
|-heal|p1a: Blissey|90/100|[from] item: Leftovers
|upkeep
|turn|32
|
|t:|1760328695
|move|p2a: Pecharunt|Parting Shot|p1a: Blissey
|-unboost|p1a: Blissey|atk|1
|-unboost|p1a: Blissey|spa|1
|
|t:|1760328696
|switch|p2a: Kingambit|Kingambit, F|88/100|[from] Parting Shot
|-activate|p2a: Kingambit|ability: Supreme Overlord
|-start|p2a: Kingambit|fallen1|[silent]
|move|p1a: Blissey|Light Screen|p1a: Blissey
|-sidestart|p1: CAZSYZ|move: Light Screen
|
|-heal|p2a: Kingambit|94/100|[from] item: Leftovers
|-heal|p1a: Blissey|96/100|[from] item: Leftovers
|upkeep
|turn|33
|
|t:|1760328705
|switch|p1a: Great Tusk|Great Tusk|62/100
|move|p2a: Kingambit|Kowtow Cleave|p1a: Great Tusk
|-resisted|p1a: Great Tusk
|-damage|p1a: Great Tusk|50/100
|
|-heal|p1a: Great Tusk|56/100|[from] item: Leftovers
|-heal|p2a: Kingambit|100/100|[from] item: Leftovers
|upkeep
|turn|34
|
|t:|1760328713
|-end|p2a: Kingambit|fallen1|[silent]
|switch|p2a: Ogerpon|Ogerpon-Wellspring, F|54/100
|move|p1a: Great Tusk|Knock Off|p2a: Ogerpon
|-damage|p2a: Ogerpon|30/100
|
|-heal|p1a: Great Tusk|62/100|[from] item: Leftovers
|upkeep
|turn|35
|
|t:|1760328719
|move|p2a: Ogerpon|U-turn|p1a: Great Tusk
|-resisted|p1a: Great Tusk
|-damage|p1a: Great Tusk|55/100
|
|t:|1760328721
|switch|p2a: Pecharunt|Pecharunt|100/100|[from] U-turn
|move|p1a: Great Tusk|Knock Off|p2a: Pecharunt
|-supereffective|p2a: Pecharunt
|-damage|p2a: Pecharunt|64/100
|-enditem|p2a: Pecharunt|Heavy-Duty Boots|[from] move: Knock Off|[of] p1a: Great Tusk
|
|-heal|p1a: Great Tusk|61/100|[from] item: Leftovers
|upkeep
|turn|36
|
|t:|1760328730
|-end|p1a: Great Tusk|Protosynthesis|[silent]
|switch|p1a: Blissey|Blissey, F|96/100
|move|p2a: Pecharunt|Parting Shot|p1a: Blissey
|-unboost|p1a: Blissey|atk|1
|-unboost|p1a: Blissey|spa|1
|
|t:|1760328732
|switch|p2a: Zamazenta|Zamazenta|89/100|[from] Parting Shot
|
|-heal|p1a: Blissey|100/100|[from] item: Leftovers
|-sideend|p1: CAZSYZ|move: Light Screen
|upkeep
|turn|37
|
|t:|1760328740
|switch|p2a: Blaziken|Blaziken, F|88/100
|switch|p1a: Dondozo|Dondozo, F|83/100
|
|-heal|p1a: Dondozo|89/100|[from] item: Leftovers
|upkeep
|turn|38
|
|t:|1760328745
|switch|p1a: Blissey|Blissey, F|100/100
|move|p2a: Blaziken|Focus Energy|p2a: Blaziken
|-start|p2a: Blaziken|move: Focus Energy
|
|-ability|p2a: Blaziken|Speed Boost|boost
|-boost|p2a: Blaziken|spe|1
|upkeep
|turn|39
|
|t:|1760328749
|move|p2a: Blaziken|Protect|p2a: Blaziken
|-singleturn|p2a: Blaziken|Protect
|move|p1a: Blissey|Light Screen|p1a: Blissey
|-sidestart|p1: CAZSYZ|move: Light Screen
|
|-ability|p2a: Blaziken|Speed Boost|boost
|-boost|p2a: Blaziken|spe|1
|upkeep
|turn|40
|
|t:|1760328765
|move|p2a: Blaziken|Focus Blast|p1a: Blissey|[miss]
|-miss|p2a: Blaziken|p1a: Blissey
|move|p1a: Blissey|Seismic Toss|p2a: Blaziken
|-damage|p2a: Blaziken|57/100
|
|-ability|p2a: Blaziken|Speed Boost|boost
|-boost|p2a: Blaziken|spe|1
|upkeep
|turn|41
|
|t:|1760328767
|move|p2a: Blaziken|Focus Blast|p1a: Blissey
|-supereffective|p1a: Blissey
|-crit|p1a: Blissey
|-damage|p1a: Blissey|51/100
|move|p1a: Blissey|Seismic Toss|p2a: Blaziken
|-damage|p2a: Blaziken|27/100
|
|-heal|p1a: Blissey|57/100|[from] item: Leftovers
|-ability|p2a: Blaziken|Speed Boost|boost
|-boost|p2a: Blaziken|spe|1
|upkeep
|turn|42
|
|t:|1760328773
|move|p2a: Blaziken|Focus Blast|p1a: Blissey
|-supereffective|p1a: Blissey
|-crit|p1a: Blissey
|-damage|p1a: Blissey|6/100
|move|p1a: Blissey|Seismic Toss|p2a: Blaziken
|-damage|p2a: Blaziken|0 fnt
|faint|p2a: Blaziken
|
|-heal|p1a: Blissey|12/100|[from] item: Leftovers
|upkeep
|
|t:|1760328781
|switch|p2a: Ogerpon|Ogerpon-Wellspring, F|30/100
|turn|43
|
|t:|1760328788
|switch|p1a: Dondozo|Dondozo, F|89/100
|move|p2a: Ogerpon|U-turn|p1a: Dondozo
|-damage|p1a: Dondozo|77/100
|
|t:|1760328805
|switch|p2a: Pecharunt|Pecharunt|64/100|[from] U-turn
|
|-heal|p1a: Dondozo|83/100|[from] item: Leftovers
|-sideend|p1: CAZSYZ|move: Light Screen
|upkeep
|turn|44
|
|t:|1760328817
|switch|p1a: Blissey|Blissey, F|12/100
|move|p2a: Pecharunt|Malignant Chain|p1a: Blissey
|-damage|p1a: Blissey|3/100
|
|-heal|p1a: Blissey|10/100|[from] item: Leftovers
|upkeep
|turn|45
|
|t:|1760328827
|move|p2a: Pecharunt|Malignant Chain|p1a: Blissey
|-damage|p1a: Blissey|0 fnt
|faint|p1a: Blissey
|
|upkeep
|
|t:|1760328832
|switch|p1a: Dragapult|Dragapult, F|100/100
|turn|46
|
|t:|1760328845
|switch|p2a: Zamazenta|Zamazenta|89/100
|move|p1a: Dragapult|U-turn|p2a: Zamazenta
|-resisted|p2a: Zamazenta
|-damage|p2a: Zamazenta|78/100
|
|t:|1760328847
|switch|p1a: Great Tusk|Great Tusk|61/100|[from] U-turn
|
|-heal|p1a: Great Tusk|68/100|[from] item: Leftovers
|upkeep
|turn|47
|
|t:|1760328855
|switch|p2a: Pecharunt|Pecharunt|64/100
|move|p1a: Great Tusk|Stealth Rock|p2a: Pecharunt
|-sidestart|p2: Desmoxytes|move: Stealth Rock
|
|-heal|p1a: Great Tusk|74/100|[from] item: Leftovers
|upkeep
|turn|48
|
|t:|1760328862
|-terastallize|p2a: Pecharunt|Grass
|move|p2a: Pecharunt|Shadow Ball|p1a: Great Tusk
|-damage|p1a: Great Tusk|41/100
|move|p1a: Great Tusk|Knock Off|p2a: Pecharunt
|-damage|p2a: Pecharunt|52/100
|
|-heal|p1a: Great Tusk|48/100|[from] item: Leftovers
|upkeep
|turn|49
|
|t:|1760328874
|move|p2a: Pecharunt|Recover|p2a: Pecharunt
|-heal|p2a: Pecharunt|100/100
|move|p1a: Great Tusk|Body Press|p2a: Pecharunt
|-damage|p2a: Pecharunt|71/100
|
|-heal|p1a: Great Tusk|54/100|[from] item: Leftovers
|upkeep
|turn|50
|
|t:|1760328884
|move|p2a: Pecharunt|Shadow Ball|p1a: Great Tusk
|-damage|p1a: Great Tusk|23/100
|move|p1a: Great Tusk|Body Press|p2a: Pecharunt
|-damage|p2a: Pecharunt|44/100
|
|-heal|p1a: Great Tusk|29/100|[from] item: Leftovers
|upkeep
|turn|51
|
|t:|1760328889
|move|p2a: Pecharunt|Recover|p2a: Pecharunt
|-heal|p2a: Pecharunt|94/100
|move|p1a: Great Tusk|Body Press|p2a: Pecharunt
|-damage|p2a: Pecharunt|66/100
|
|-heal|p1a: Great Tusk|35/100|[from] item: Leftovers
|upkeep
|turn|52
|
|t:|1760328897
|move|p2a: Pecharunt|Shadow Ball|p1a: Great Tusk
|-damage|p1a: Great Tusk|3/100
|move|p1a: Great Tusk|Body Press|p2a: Pecharunt
|-damage|p2a: Pecharunt|40/100
|
|-heal|p1a: Great Tusk|9/100|[from] item: Leftovers
|upkeep
|turn|53
|
|t:|1760328900
|move|p2a: Pecharunt|Recover|p2a: Pecharunt
|-heal|p2a: Pecharunt|90/100
|move|p1a: Great Tusk|Body Press|p2a: Pecharunt
|-damage|p2a: Pecharunt|60/100
|
|-heal|p1a: Great Tusk|15/100|[from] item: Leftovers
|upkeep
|turn|54
|
|t:|1760328908
|move|p2a: Pecharunt|Shadow Ball|p1a: Great Tusk
|-damage|p1a: Great Tusk|0 fnt
|faint|p1a: Great Tusk
|-end|p1a: Great Tusk|Protosynthesis|[silent]
|
|upkeep
|
|t:|1760328909
|switch|p1a: Dragapult|Dragapult, F|100/100
|turn|55
|
|t:|1760328916
|switch|p2a: Zamazenta|Zamazenta|78/100
|-damage|p2a: Zamazenta|72/100|[from] Stealth Rock
|move|p1a: Dragapult|U-turn|p2a: Zamazenta
|-resisted|p2a: Zamazenta
|-damage|p2a: Zamazenta|60/100
|
|t:|1760328918
|switch|p1a: Dondozo|Dondozo, F|83/100|[from] U-turn
|
|-heal|p1a: Dondozo|89/100|[from] item: Leftovers
|upkeep
|turn|56
|
|t:|1760328927
|switch|p2a: Pecharunt|Pecharunt, tera:Grass|60/100
|-damage|p2a: Pecharunt|47/100|[from] Stealth Rock
|switch|p1a: Dragapult|Dragapult, F|100/100
|
|upkeep
|turn|57
|
|t:|1760328932
|switch|p2a: Zamazenta|Zamazenta|60/100
|-damage|p2a: Zamazenta|54/100|[from] Stealth Rock
|move|p1a: Dragapult|U-turn|p2a: Zamazenta
|-resisted|p2a: Zamazenta
|-damage|p2a: Zamazenta|43/100
|
|t:|1760328934
|switch|p1a: Dondozo|Dondozo, F|89/100|[from] U-turn
|
|-heal|p1a: Dondozo|96/100|[from] item: Leftovers
|upkeep
|turn|58
|
|t:|1760328936
|switch|p2a: Pecharunt|Pecharunt, tera:Grass|47/100
|-damage|p2a: Pecharunt|35/100|[from] Stealth Rock
|move|p1a: Dondozo|Waterfall|p2a: Pecharunt
|-resisted|p2a: Pecharunt
|-damage|p2a: Pecharunt|27/100
|
|-heal|p1a: Dondozo|100/100|[from] item: Leftovers
|upkeep
|turn|59
|
|t:|1760328947
|move|p2a: Pecharunt|Recover|p2a: Pecharunt
|-heal|p2a: Pecharunt|77/100
|move|p1a: Dondozo|Body Press|p2a: Pecharunt
|-damage|p2a: Pecharunt|59/100
|
|upkeep
|turn|60
|
|t:|1760328952
|move|p2a: Pecharunt|Recover|p2a: Pecharunt
|-heal|p2a: Pecharunt|100/100
|move|p1a: Dondozo|Body Press|p2a: Pecharunt
|-damage|p2a: Pecharunt|83/100
|
|upkeep
|turn|61
|
|t:|1760328965
|move|p2a: Pecharunt|Malignant Chain|p1a: Dondozo
|-damage|p1a: Dondozo|70/100
|-status|p1a: Dondozo|tox
|-start|p1a: Dondozo|confusion|[from] ability: Poison Puppeteer|[of] p2a: Pecharunt
|-activate|p1a: Dondozo|confusion
|move|p1a: Dondozo|Curse|p1a: Dondozo
|-unboost|p1a: Dondozo|spe|1
|-boost|p1a: Dondozo|atk|1
|-boost|p1a: Dondozo|def|1
|
|-heal|p1a: Dondozo|76/100 tox|[from] item: Leftovers
|-damage|p1a: Dondozo|70/100 tox|[from] psn
|upkeep
|turn|62
|
|t:|1760328971
|move|p2a: Pecharunt|Shadow Ball|p1a: Dondozo
|-damage|p1a: Dondozo|47/100 tox
|-activate|p1a: Dondozo|confusion
|-damage|p1a: Dondozo|43/100 tox|[from] confusion
|
|-heal|p1a: Dondozo|49/100 tox|[from] item: Leftovers
|-damage|p1a: Dondozo|37/100 tox|[from] psn
|upkeep
|turn|63
|
|t:|1760328981
|move|p2a: Pecharunt|Shadow Ball|p1a: Dondozo
|-damage|p1a: Dondozo|14/100 tox
|-unboost|p1a: Dondozo|spd|1
|-activate|p1a: Dondozo|confusion
|move|p1a: Dondozo|Rest|p1a: Dondozo
|-status|p1a: Dondozo|slp|[from] move: Rest
|-heal|p1a: Dondozo|100/100 slp|[silent]
|
|upkeep
|turn|64
|
|t:|1760328988
|move|p2a: Pecharunt|Shadow Ball|p1a: Dondozo
|-damage|p1a: Dondozo|64/100 slp
|cant|p1a: Dondozo|slp
|
|-heal|p1a: Dondozo|70/100 slp|[from] item: Leftovers
|upkeep
|turn|65
|
|t:|1760328992
|move|p2a: Pecharunt|Shadow Ball|p1a: Dondozo
|-damage|p1a: Dondozo|35/100 slp
|cant|p1a: Dondozo|slp
|
|-heal|p1a: Dondozo|41/100 slp|[from] item: Leftovers
|upkeep
|turn|66
|
|t:|1760329000
|move|p2a: Pecharunt|Shadow Ball|p1a: Dondozo
|-damage|p1a: Dondozo|8/100 slp
|-unboost|p1a: Dondozo|spd|1
|-curestatus|p1a: Dondozo|slp|[msg]
|-end|p1a: Dondozo|confusion
|move|p1a: Dondozo|Rest|p1a: Dondozo
|-status|p1a: Dondozo|slp|[from] move: Rest
|-heal|p1a: Dondozo|100/100 slp|[silent]
|
|upkeep
|turn|67
|
|t:|1760329004
|move|p2a: Pecharunt|Shadow Ball|p1a: Dondozo
|-damage|p1a: Dondozo|50/100 slp
|cant|p1a: Dondozo|slp
|
|-heal|p1a: Dondozo|56/100 slp|[from] item: Leftovers
|upkeep
|turn|68
|
|t:|1760329015
|switch|p1a: Dragapult|Dragapult, F|100/100
|move|p2a: Pecharunt|Shadow Ball|p1a: Dragapult
|-supereffective|p1a: Dragapult
|-crit|p1a: Dragapult
|-damage|p1a: Dragapult|0 fnt
|faint|p1a: Dragapult
|
|upkeep
|
|t:|1760329019
|switch|p1a: Dondozo|Dondozo, F|56/100 slp
|turn|69
|
|t:|1760329023
|move|p2a: Pecharunt|Shadow Ball|p1a: Dondozo
|-damage|p1a: Dondozo|32/100 slp
|cant|p1a: Dondozo|slp
|
|-heal|p1a: Dondozo|38/100 slp|[from] item: Leftovers
|upkeep
|turn|70
|
|t:|1760329032
|move|p2a: Pecharunt|Shadow Ball|p1a: Dondozo
|-damage|p1a: Dondozo|16/100 slp
|-curestatus|p1a: Dondozo|slp|[msg]
|move|p1a: Dondozo|Rest|p1a: Dondozo
|-status|p1a: Dondozo|slp|[from] move: Rest
|-heal|p1a: Dondozo|100/100 slp|[silent]
|
|upkeep
|turn|71
|
|t:|1760329039
|move|p2a: Pecharunt|Shadow Ball|p1a: Dondozo
|-damage|p1a: Dondozo|77/100 slp
|cant|p1a: Dondozo|slp
|
|-heal|p1a: Dondozo|83/100 slp|[from] item: Leftovers
|upkeep
|turn|72
|
|t:|1760329046
|move|p2a: Pecharunt|Shadow Ball|p1a: Dondozo
|-damage|p1a: Dondozo|61/100 slp
|cant|p1a: Dondozo|slp
|
|-heal|p1a: Dondozo|67/100 slp|[from] item: Leftovers
|upkeep
|turn|73
|
|t:|1760329053
|move|p2a: Pecharunt|Shadow Ball|p1a: Dondozo
|-damage|p1a: Dondozo|42/100 slp
|-unboost|p1a: Dondozo|spd|1
|-curestatus|p1a: Dondozo|slp|[msg]
|move|p1a: Dondozo|Curse|p1a: Dondozo
|-unboost|p1a: Dondozo|spe|1
|-boost|p1a: Dondozo|atk|1
|-boost|p1a: Dondozo|def|1
|
|-heal|p1a: Dondozo|49/100|[from] item: Leftovers
|upkeep
|turn|74
|
|t:|1760329062
|move|p2a: Pecharunt|Shadow Ball|p1a: Dondozo
|-damage|p1a: Dondozo|11/100
|move|p1a: Dondozo|Rest|p1a: Dondozo
|-status|p1a: Dondozo|slp|[from] move: Rest
|-heal|p1a: Dondozo|100/100 slp|[silent]
|
|upkeep
|turn|75
|
|t:|1760329067
|move|p2a: Pecharunt|Shadow Ball|p1a: Dondozo
|-damage|p1a: Dondozo|62/100 slp
|cant|p1a: Dondozo|slp
|
|-heal|p1a: Dondozo|68/100 slp|[from] item: Leftovers
|upkeep
|turn|76
|
|t:|1760329072
|move|p2a: Pecharunt|Shadow Ball|p1a: Dondozo
|-damage|p1a: Dondozo|31/100 slp
|cant|p1a: Dondozo|slp
|
|-heal|p1a: Dondozo|37/100 slp|[from] item: Leftovers
|upkeep
|turn|77
|
|t:|1760329076
|move|p2a: Pecharunt|Malignant Chain|p1a: Dondozo
|-damage|p1a: Dondozo|0 fnt
|faint|p1a: Dondozo
|
|win|Desmoxytes
|raw|CAZSYZ's rating: 1483 &rarr; <strong>1462</strong><br />(-21 for losing)
|raw|Desmoxytes's rating: 1470 &rarr; <strong>1491</strong><br />(+21 for winning)
|l|☆CAZSYZ
|player|p1|
|l|☆Desmoxytes
|player|p2|
