|j|☆Hainana
|j|☆hoang nguyen
|t:|1760366896
|gametype|singles
|player|p1|Hainana|2|1281
|player|p2|hoang nguyen|2|1350
|gen|9
|tier|[Gen 9] OU
|rated|
|rule|HP Percentage Mod: HP is shown in percentages
|rule|Endless Battle Clause: Forcing endless battles is banned
|rule|Species Clause: Limit one of each Pokémon
|rule|OHKO Clause: OHKO moves are banned
|rule|Evasion Items Clause: Evasion items are banned
|rule|Evasion Moves Clause: Evasion moves are banned
|rule|Evasion Abilities Clause: Evasion abilities are banned
|rule|Sleep Moves Clause: Sleep-inducing moves are banned
|clearpoke
|poke|p1|Indeedee, M|
|poke|p1|Necrozma|
|poke|p1|Hitmonlee, M|
|poke|p1|Polteageist|
|poke|p1|Armarouge, F|
|poke|p1|Iron Treads|
|poke|p2|Alomomola, F|
|poke|p2|Gholdengo|
|poke|p2|Dragonite, M|
|poke|p2|Garchomp, M|
|poke|p2|Terrakion|
|poke|p2|Slowking-Galar, F|
|teampreview
|inactive|Battle timer is ON: inactive players will automatically lose when time's up. (requested by Hainana)
|
|t:|1760366922
|teamsize|p1|6
|teamsize|p2|6
|start
|switch|p1a: Necrozma|Necrozma|100/100
|switch|p2a: Garchomp|Garchomp, M|100/100
|turn|1
|
|t:|1760366928
|move|p1a: Necrozma|Stealth Rock|p2a: Garchomp
|-sidestart|p2: hoang nguyen|move: Stealth Rock
|move|p2a: Garchomp|Dragon Tail|p1a: Necrozma
|-damage|p1a: Necrozma|74/100
|drag|p1a: Armarouge|Armarouge, F|100/100
|
|upkeep
|turn|2
|
|t:|1760366945
|switch|p1a: Necrozma|Necrozma|74/100
|move|p2a: Garchomp|Stealth Rock|p1a: Necrozma
|-sidestart|p1: Hainana|move: Stealth Rock
|
|upkeep
|turn|3
|
|t:|1760366952
|move|p2a: Garchomp|Spikes|p1a: Necrozma
|-sidestart|p1: Hainana|Spikes
|move|p1a: Necrozma|Meteor Beam||[still]
|-prepare|p1a: Necrozma|Meteor Beam
|-boost|p1a: Necrozma|spa|1
|-enditem|p1a: Necrozma|Power Herb
|-anim|p1a: Necrozma|Meteor Beam|p2a: Garchomp
|-resisted|p2a: Garchomp
|-damage|p2a: Garchomp|69/100
|
|upkeep
|turn|4
|
|t:|1760366963
|move|p1a: Necrozma|Expanding Force|p2a: Garchomp
|-damage|p2a: Garchomp|10/100
|move|p2a: Garchomp|Dragon Tail|p1a: Necrozma
|-damage|p1a: Necrozma|48/100
|drag|p1a: Hitmonlee|Hitmonlee, M|100/100
|-damage|p1a: Hitmonlee|94/100|[from] Stealth Rock
|-damage|p1a: Hitmonlee|82/100|[from] Spikes
|
|upkeep
|turn|5
|
|t:|1760366972
|move|p1a: Hitmonlee|Knock Off|p2a: Garchomp
|-damage|p2a: Garchomp|0 fnt
|-damage|p1a: Hitmonlee|69/100|[from] ability: Rough Skin|[of] p2a: Garchomp
|-damage|p1a: Hitmonlee|53/100|[from] item: Rocky Helmet|[of] p2a: Garchomp
|-enditem|p2a: Garchomp|Rocky Helmet|[from] move: Knock Off|[of] p1a: Hitmonlee
|faint|p2a: Garchomp
|
|upkeep
|
|t:|1760366998
|switch|p2a: Terrakion|Terrakion|100/100
|-damage|p2a: Terrakion|94/100|[from] Stealth Rock
|turn|6
|
|t:|1760367006
|switch|p1a: Necrozma|Necrozma|48/100
|-damage|p1a: Necrozma|36/100|[from] Stealth Rock
|-damage|p1a: Necrozma|23/100|[from] Spikes
|move|p2a: Terrakion|Earthquake|p1a: Necrozma
|-damage|p1a: Necrozma|0 fnt
|faint|p1a: Necrozma
|
|upkeep
|
|t:|1760367009
|switch|p1a: Iron Treads|Iron Treads|100/100
|-damage|p1a: Iron Treads|97/100|[from] Stealth Rock
|-damage|p1a: Iron Treads|85/100|[from] Spikes
|-enditem|p1a: Iron Treads|Booster Energy
|-activate|p1a: Iron Treads|ability: Quark Drive|[fromitem]
|-start|p1a: Iron Treads|quarkdrivespe
|turn|7
|
|t:|1760367022
|switch|p2a: Alomomola|Alomomola, F|100/100
|move|p1a: Iron Treads|Knock Off|p2a: Alomomola
|-damage|p2a: Alomomola|83/100
|-enditem|p2a: Alomomola|Heavy-Duty Boots|[from] move: Knock Off|[of] p1a: Iron Treads
|
|upkeep
|turn|8
|
|t:|1760367031
|move|p2a: Alomomola|Protect|p2a: Alomomola
|-singleturn|p2a: Alomomola|Protect
|move|p1a: Iron Treads|Rapid Spin|p2a: Alomomola
|-activate|p2a: Alomomola|move: Protect
|
|upkeep
|turn|9
|
|t:|1760367041
|move|p1a: Iron Treads|Rapid Spin|p2a: Alomomola
|-damage|p2a: Alomomola|74/100
|-boost|p1a: Iron Treads|spe|1
|-sideend|p1: Hainana|Spikes|[from] move: Rapid Spin|[of] p1a: Iron Treads
|-sideend|p1: Hainana|Stealth Rock|[from] move: Rapid Spin|[of] p1a: Iron Treads
|move|p2a: Alomomola|Scald|p1a: Iron Treads
|-supereffective|p1a: Iron Treads
|-damage|p1a: Iron Treads|46/100
|
|upkeep
|turn|10
|
|t:|1760367052
|move|p1a: Iron Treads|Earthquake|p2a: Alomomola
|-damage|p2a: Alomomola|50/100
|move|p2a: Alomomola|Flip Turn|p1a: Iron Treads
|-supereffective|p1a: Iron Treads
|-damage|p1a: Iron Treads|21/100
|
|t:|1760367060
|switch|p2a: Gholdengo|Gholdengo|100/100|[from] Flip Turn
|-damage|p2a: Gholdengo|94/100|[from] Stealth Rock
|
|-heal|p2a: Gholdengo|100/100|[from] item: Leftovers
|upkeep
|turn|11
|
|t:|1760367068
|switch|p2a: Alomomola|Alomomola, F|84/100
|-damage|p2a: Alomomola|71/100|[from] Stealth Rock
|move|p1a: Iron Treads|Knock Off|p2a: Alomomola
|-damage|p2a: Alomomola|59/100
|
|upkeep
|turn|12
|
|t:|1760367073
|move|p1a: Iron Treads|Earthquake|p2a: Alomomola
|-crit|p2a: Alomomola
|-damage|p2a: Alomomola|22/100
|move|p2a: Alomomola|Wish|p2a: Alomomola
|
|upkeep
|turn|13
|
|t:|1760367080
|-end|p1a: Iron Treads|Quark Drive|[silent]
|switch|p1a: Indeedee|Indeedee, M|100/100
|-fieldstart|move: Psychic Terrain|[from] ability: Psychic Surge|[of] p1a: Indeedee
|move|p2a: Alomomola|Protect||[still]
|-fail|p2a: Alomomola
|
|-heal|p2a: Alomomola|72/100|[from] move: Wish|[wisher] Alomomola
|upkeep
|turn|14
|
|t:|1760367091
|move|p1a: Indeedee|Expanding Force|p2a: Alomomola
|-damage|p2a: Alomomola|0 fnt
|faint|p2a: Alomomola
|
|upkeep
|
|t:|1760367096
|switch|p2a: Gholdengo|Gholdengo|100/100
|-damage|p2a: Gholdengo|94/100|[from] Stealth Rock
|turn|15
|
|t:|1760367104
|move|p1a: Indeedee|Expanding Force|p2a: Gholdengo
|-resisted|p2a: Gholdengo
|-damage|p2a: Gholdengo|62/100
|move|p2a: Gholdengo|Nasty Plot|p2a: Gholdengo
|-boost|p2a: Gholdengo|spa|2
|
|-heal|p2a: Gholdengo|68/100|[from] item: Leftovers
|upkeep
|turn|16
|
|t:|1760367109
|move|p1a: Indeedee|Encore|p2a: Gholdengo
|-immune|p2a: Gholdengo|[from] ability: Good as Gold
|move|p2a: Gholdengo|Make It Rain|p1a: Indeedee
|-damage|p1a: Indeedee|0 fnt
|-unboost|p2a: Gholdengo|spa|1
|faint|p1a: Indeedee
|
|-heal|p2a: Gholdengo|74/100|[from] item: Leftovers
|upkeep
|
|t:|1760367121
|switch|p1a: Polteageist|Polteageist|100/100
|turn|17
|
|t:|1760367132
|move|p1a: Polteageist|Shell Smash|p1a: Polteageist
|-unboost|p1a: Polteageist|def|1
|-unboost|p1a: Polteageist|spd|1
|-boost|p1a: Polteageist|atk|2
|-boost|p1a: Polteageist|spa|2
|-boost|p1a: Polteageist|spe|2
|move|p2a: Gholdengo|Shadow Ball|p1a: Polteageist
|-supereffective|p1a: Polteageist
|-enditem|p1a: Polteageist|Focus Sash
|-damage|p1a: Polteageist|1/100
|
|-heal|p2a: Gholdengo|80/100|[from] item: Leftovers
|upkeep
|turn|18
|
|t:|1760367149
|move|p1a: Polteageist|Shadow Ball|p2a: Gholdengo
|-supereffective|p2a: Gholdengo
|-damage|p2a: Gholdengo|0 fnt
|faint|p2a: Gholdengo
|
|upkeep
|
|t:|1760367153
|switch|p2a: Slowking|Slowking-Galar, F|100/100
|-damage|p2a: Slowking|88/100|[from] Stealth Rock
|turn|19
|
|t:|1760367162
|-terastallize|p2a: Slowking|Grass
|move|p1a: Polteageist|Stored Power|p2a: Slowking
|-damage|p2a: Slowking|0 fnt
|faint|p2a: Slowking
|
|upkeep
|
|t:|1760367167
|switch|p2a: Terrakion|Terrakion|94/100
|-damage|p2a: Terrakion|88/100|[from] Stealth Rock
|turn|20
|
|t:|1760367171
|move|p1a: Polteageist|Stored Power|p2a: Terrakion
|-supereffective|p2a: Terrakion
|-damage|p2a: Terrakion|0 fnt
|faint|p2a: Terrakion
|
|-fieldend|move: Psychic Terrain
|upkeep
|c|☆Hainana|gg
|-message|hoang nguyen forfeited.
|
|win|Hainana
|raw|Hainana's rating: 1281 &rarr; <strong>1311</strong><br />(+30 for winning)
|raw|hoang nguyen's rating: 1350 &rarr; <strong>1326</strong><br />(-24 for losing)
|l|☆hoang nguyen
|player|p2|
|l|☆Hainana
|player|p1|
