|j|☆Grem1234567
|j|☆V_run658
|t:|1760456342
|gametype|singles
|player|p1|Grem1234567|169|1460
|player|p2|V_run658|hugh|1424
|gen|9
|tier|[Gen 9] OU
|rated|
|rule|HP Percentage Mod: HP is shown in percentages
|rule|Endless Battle Clause: Forcing endless battles is banned
|rule|Species Clause: Limit one of each Pokémon
|rule|OHKO Clause: OHKO moves are banned
|rule|Evasion Items Clause: Evasion items are banned
|rule|Evasion Moves Clause: Evasion moves are banned
|rule|Evasion Abilities Clause: Evasion abilities are banned
|rule|Sleep Moves Clause: Sleep-inducing moves are banned
|clearpoke
|poke|p1|Pecharunt|
|poke|p1|Zapdos|
|poke|p1|Araquanid, M|
|poke|p1|Ogerpon-Wellspring, F|
|poke|p1|Iron Treads|
|poke|p1|Cinderace, F|
|poke|p2|Greninja-*, M|
|poke|p2|Slowking-Galar, F|
|poke|p2|Conkeldurr, F|
|poke|p2|Garchomp, M|
|poke|p2|Rillaboom, F|
|poke|p2|Skeledirge, F|
|teampreview
|
|t:|1760456356
|teamsize|p1|6
|teamsize|p2|6
|start
|switch|p1a: Zapdos|Zapdos|100/100
|switch|p2a: Conkeldurr|Conkeldurr, F|100/100
|turn|1
|
|t:|1760456362
|switch|p2a: Slowking|Slowking-Galar, F|100/100
|move|p1a: Zapdos|Hurricane|p2a: Slowking
|-damage|p2a: Slowking|72/100
|
|upkeep
|turn|2
|
|t:|1760456365
|move|p1a: Zapdos|Volt Switch|p2a: Slowking
|-damage|p2a: Slowking|54/100
|
|t:|1760456368
|switch|p1a: Pecharunt|Pecharunt|100/100|[from] Volt Switch
|move|p2a: Slowking|Future Sight|p1a: Pecharunt
|-start|p2a: Slowking|move: Future Sight
|
|upkeep
|turn|3
|
|t:|1760456375
|move|p1a: Pecharunt|Hex|p2a: Slowking
|-supereffective|p2a: Slowking
|-damage|p2a: Slowking|26/100
|move|p2a: Slowking|Sludge Bomb|p1a: Pecharunt
|-resisted|p1a: Pecharunt
|-damage|p1a: Pecharunt|90/100
|
|-heal|p1a: Pecharunt|97/100|[from] item: Leftovers
|upkeep
|turn|4
|
|t:|1760456382
|switch|p2a: Greninja|Greninja, M|100/100
|move|p1a: Pecharunt|Malignant Chain|p2a: Greninja
|-damage|p2a: Greninja|34/100
|-status|p2a: Greninja|tox
|-start|p2a: Greninja|confusion|[from] ability: Poison Puppeteer|[of] p1a: Pecharunt
|
|-end|p1a: Pecharunt|move: Future Sight
|-supereffective|p1a: Pecharunt
|-damage|p1a: Pecharunt|0 fnt
|faint|p1a: Pecharunt
|-damage|p2a: Greninja|28/100 tox|[from] psn
|upkeep
|
|t:|1760456390
|switch|p1a: Araquanid|Araquanid, M|100/100
|turn|5
|
|t:|1760456394
|switch|p2a: Conkeldurr|Conkeldurr, F|100/100
|move|p1a: Araquanid|Sticky Web|p2a: Conkeldurr
|-sidestart|p2: V_run658|move: Sticky Web
|
|-status|p2a: Conkeldurr|brn|[from] item: Flame Orb
|upkeep
|turn|6
|
|t:|1760456397
|move|p2a: Conkeldurr|Facade|p1a: Araquanid
|-damage|p1a: Araquanid|17/100
|move|p1a: Araquanid|Liquidation|p2a: Conkeldurr
|-damage|p2a: Conkeldurr|45/100 brn
|-unboost|p2a: Conkeldurr|def|1
|
|-damage|p2a: Conkeldurr|39/100 brn|[from] brn
|upkeep
|turn|7
|-enditem|p1a: Araquanid|Custap Berry|[eat]
|-activate|p1a: Araquanid|item: Custap Berry|[consumed]
|
|t:|1760456403
|move|p1a: Araquanid|Liquidation|p2a: Conkeldurr
|-damage|p2a: Conkeldurr|0 fnt
|faint|p2a: Conkeldurr
|
|upkeep
|
|t:|1760456408
|switch|p2a: Rillaboom|Rillaboom, F|100/100
|-activate|p2a: Rillaboom|move: Sticky Web
|-unboost|p2a: Rillaboom|spe|1
|-fieldstart|move: Grassy Terrain|[from] ability: Grassy Surge|[of] p2a: Rillaboom
|turn|8
|
|t:|1760456411
|switch|p1a: Zapdos|Zapdos|100/100
|move|p2a: Rillaboom|Grassy Glide|p1a: Zapdos
|-resisted|p1a: Zapdos
|-damage|p1a: Zapdos|73/100
|-damage|p2a: Rillaboom|84/100|[from] item: Rocky Helmet|[of] p1a: Zapdos
|-damage|p2a: Rillaboom|74/100|[from] item: Life Orb
|
|-heal|p2a: Rillaboom|80/100|[from] Grassy Terrain
|upkeep
|turn|9
|
|t:|1760456416
|switch|p2a: Slowking|Slowking-Galar, F|60/100
|-activate|p2a: Slowking|move: Sticky Web
|-unboost|p2a: Slowking|spe|1
|move|p1a: Zapdos|Hurricane|p2a: Slowking
|-damage|p2a: Slowking|30/100
|
|-heal|p2a: Slowking|36/100|[from] Grassy Terrain
|upkeep
|turn|10
|
|t:|1760456421
|move|p1a: Zapdos|Hurricane|p2a: Slowking
|-damage|p2a: Slowking|10/100
|-start|p2a: Slowking|confusion
|-activate|p2a: Slowking|confusion
|-damage|p2a: Slowking|5/100|[from] confusion
|
|-heal|p2a: Slowking|11/100|[from] Grassy Terrain
|upkeep
|turn|11
|
|t:|1760456426
|switch|p2a: Skeledirge|Skeledirge, F|100/100
|move|p1a: Zapdos|Discharge|p2a: Skeledirge
|-damage|p2a: Skeledirge|71/100
|
|-heal|p2a: Skeledirge|77/100|[from] Grassy Terrain
|upkeep
|turn|12
|
|t:|1760456436
|move|p1a: Zapdos|Hurricane|p2a: Skeledirge|[miss]
|-miss|p1a: Zapdos|p2a: Skeledirge
|move|p2a: Skeledirge|Will-O-Wisp|p1a: Zapdos
|-status|p1a: Zapdos|brn
|
|-heal|p2a: Skeledirge|83/100|[from] Grassy Terrain
|-damage|p1a: Zapdos|67/100 brn|[from] brn
|-fieldend|move: Grassy Terrain
|upkeep
|turn|13
|
|t:|1760456440
|move|p1a: Zapdos|Volt Switch|p2a: Skeledirge
|-damage|p2a: Skeledirge|54/100
|
|t:|1760456442
|switch|p1a: Araquanid|Araquanid, M|17/100|[from] Volt Switch
|move|p2a: Skeledirge|Hex|p1a: Araquanid
|-damage|p1a: Araquanid|0 fnt
|faint|p1a: Araquanid
|
|upkeep
|
|t:|1760456446
|switch|p1a: Iron Treads|Iron Treads|100/100
|turn|14
|
|t:|1760456454
|switch|p2a: Rillaboom|Rillaboom, F|80/100
|-activate|p2a: Rillaboom|move: Sticky Web
|-unboost|p2a: Rillaboom|spe|1
|-fieldstart|move: Grassy Terrain|[from] ability: Grassy Surge|[of] p2a: Rillaboom
|move|p1a: Iron Treads|Knock Off|p2a: Rillaboom
|-damage|p2a: Rillaboom|52/100
|-enditem|p2a: Rillaboom|Life Orb|[from] move: Knock Off|[of] p1a: Iron Treads
|
|-heal|p2a: Rillaboom|58/100|[from] Grassy Terrain
|upkeep
|turn|15
|
|t:|1760456460
|move|p2a: Rillaboom|Grassy Glide|p1a: Iron Treads
|-damage|p1a: Iron Treads|66/100
|move|p1a: Iron Treads|Volt Switch|p2a: Rillaboom
|-resisted|p2a: Rillaboom
|-damage|p2a: Rillaboom|48/100
|
|t:|1760456463
|-end|p1a: Iron Treads|Quark Drive|[silent]
|switch|p1a: Zapdos|Zapdos|67/100 brn|[from] Volt Switch
|
|-heal|p2a: Rillaboom|54/100|[from] Grassy Terrain
|-damage|p1a: Zapdos|61/100 brn|[from] brn
|upkeep
|turn|16
|
|t:|1760456468
|switch|p2a: Slowking|Slowking-Galar, F|44/100
|-activate|p2a: Slowking|move: Sticky Web
|-unboost|p2a: Slowking|spe|1
|move|p1a: Zapdos|Discharge|p2a: Slowking
|-damage|p2a: Slowking|24/100
|
|-heal|p2a: Slowking|30/100|[from] Grassy Terrain
|-damage|p1a: Zapdos|55/100 brn|[from] brn
|upkeep
|turn|17
|
|t:|1760456471
|move|p1a: Zapdos|Discharge|p2a: Slowking
|-damage|p2a: Slowking|11/100
|move|p2a: Slowking|Future Sight|p1a: Zapdos
|-start|p2a: Slowking|move: Future Sight
|
|-heal|p2a: Slowking|17/100|[from] Grassy Terrain
|-damage|p1a: Zapdos|49/100 brn|[from] brn
|upkeep
|turn|18
|
|t:|1760456476
|switch|p2a: Garchomp|Garchomp, M|100/100
|-activate|p2a: Garchomp|move: Sticky Web
|-unboost|p2a: Garchomp|spe|1
|move|p1a: Zapdos|Roost|p1a: Zapdos
|-heal|p1a: Zapdos|99/100 brn
|-singleturn|p1a: Zapdos|move: Roost
|
|-heal|p1a: Zapdos|100/100 brn|[from] Grassy Terrain
|-damage|p1a: Zapdos|94/100 brn|[from] brn
|-fieldend|move: Grassy Terrain
|upkeep
|turn|19
|
|t:|1760456480
|move|p1a: Zapdos|Hurricane|p2a: Garchomp
|-damage|p2a: Garchomp|39/100
|move|p2a: Garchomp|Swords Dance|p2a: Garchomp
|-boost|p2a: Garchomp|atk|2
|
|-end|p1a: Zapdos|move: Future Sight
|-damage|p1a: Zapdos|44/100 brn
|-damage|p1a: Zapdos|38/100 brn|[from] brn
|upkeep
|turn|20
|
|t:|1760456485
|move|p1a: Zapdos|Hurricane|p2a: Garchomp|[miss]
|-miss|p1a: Zapdos|p2a: Garchomp
|move|p2a: Garchomp|Scale Shot|p1a: Zapdos|[miss]
|-miss|p2a: Garchomp|p1a: Zapdos
|
|-damage|p1a: Zapdos|32/100 brn|[from] brn
|upkeep
|turn|21
|
|t:|1760456488
|move|p1a: Zapdos|Hurricane|p2a: Garchomp|[miss]
|-miss|p1a: Zapdos|p2a: Garchomp
|move|p2a: Garchomp|Scale Shot|p1a: Zapdos
|-crit|p1a: Zapdos
|-damage|p1a: Zapdos|0 fnt
|faint|p1a: Zapdos
|-hitcount|p1: Zapdos|1
|-unboost|p2a: Garchomp|def|1
|-boost|p2a: Garchomp|spe|1
|
|upkeep
|
|t:|1760456491
|switch|p1a: Ogerpon|Ogerpon-Wellspring, F|100/100
|turn|22
|
|t:|1760456497
|move|p1a: Ogerpon|Ivy Cudgel|p2a: Garchomp|[anim] Ivy Cudgel Water
|-damage|p2a: Garchomp|0 fnt
|faint|p2a: Garchomp
|
|upkeep
|
|t:|1760456501
|switch|p2a: Skeledirge|Skeledirge, F|54/100
|turn|23
|
|t:|1760456505
|switch|p1a: Iron Treads|Iron Treads|66/100
|-terastallize|p2a: Skeledirge|Water
|move|p2a: Skeledirge|Will-O-Wisp|p1a: Iron Treads
|-status|p1a: Iron Treads|brn
|
|-damage|p1a: Iron Treads|60/100 brn|[from] brn
|upkeep
|turn|24
|
|t:|1760456509
|move|p1a: Iron Treads|Volt Switch|p2a: Skeledirge
|-supereffective|p2a: Skeledirge
|-damage|p2a: Skeledirge|32/100
|
|t:|1760456514
|-end|p1a: Iron Treads|Quark Drive|[silent]
|switch|p1a: Cinderace|Cinderace, F|100/100|[from] Volt Switch
|move|p2a: Skeledirge|Slack Off|p2a: Skeledirge
|-heal|p2a: Skeledirge|82/100
|
|upkeep
|turn|25
|
|t:|1760456519
|move|p1a: Cinderace|Gunk Shot|p2a: Skeledirge
|-start|p1a: Cinderace|typechange|Poison|[from] ability: Libero
|-damage|p2a: Skeledirge|19/100
|-damage|p1a: Cinderace|91/100|[from] item: Life Orb
|move|p2a: Skeledirge|Torch Song|p1a: Cinderace
|-damage|p1a: Cinderace|46/100
|-boost|p2a: Skeledirge|spa|1
|
|upkeep
|turn|26
|
|t:|1760456530
|move|p1a: Cinderace|Gunk Shot|p2a: Skeledirge
|-damage|p2a: Skeledirge|0 fnt
|faint|p2a: Skeledirge
|-damage|p1a: Cinderace|36/100|[from] item: Life Orb
|
|upkeep
|
|t:|1760456540
|switch|p2a: Rillaboom|Rillaboom, F|54/100
|-activate|p2a: Rillaboom|move: Sticky Web
|-unboost|p2a: Rillaboom|spe|1
|-fieldstart|move: Grassy Terrain|[from] ability: Grassy Surge|[of] p2a: Rillaboom
|turn|27
|
|t:|1760456550
|move|p2a: Rillaboom|Fake Out|p1a: Cinderace
|-damage|p1a: Cinderace|15/100
|cant|p1a: Cinderace|flinch
|
|-heal|p1a: Cinderace|21/100|[from] Grassy Terrain
|-heal|p2a: Rillaboom|60/100|[from] Grassy Terrain
|upkeep
|turn|28
|
|t:|1760456556
|move|p1a: Cinderace|Sucker Punch|p2a: Rillaboom
|-damage|p2a: Rillaboom|28/100
|-damage|p1a: Cinderace|11/100|[from] item: Life Orb
|move|p2a: Rillaboom|Grassy Glide|p1a: Cinderace
|-resisted|p1a: Cinderace
|-damage|p1a: Cinderace|0 fnt
|faint|p1a: Cinderace
|
|-heal|p2a: Rillaboom|34/100|[from] Grassy Terrain
|upkeep
|
|t:|1760456560
|switch|p1a: Iron Treads|Iron Treads|60/100 brn
|turn|29
|
|t:|1760456567
|move|p2a: Rillaboom|Grassy Glide|p1a: Iron Treads
|-damage|p1a: Iron Treads|20/100 brn
|move|p1a: Iron Treads|Knock Off|p2a: Rillaboom
|-damage|p2a: Rillaboom|25/100
|
|-heal|p1a: Iron Treads|27/100 brn|[from] Grassy Terrain
|-heal|p2a: Rillaboom|32/100|[from] Grassy Terrain
|-damage|p1a: Iron Treads|20/100 brn|[from] brn
|upkeep
|turn|30
|
|t:|1760456572
|move|p2a: Rillaboom|Grassy Glide|p1a: Iron Treads
|-crit|p1a: Iron Treads
|-damage|p1a: Iron Treads|0 fnt
|faint|p1a: Iron Treads
|-end|p1a: Iron Treads|Quark Drive|[silent]
|
|-heal|p2a: Rillaboom|38/100|[from] Grassy Terrain
|upkeep
|
|t:|1760456574
|switch|p1a: Ogerpon|Ogerpon-Wellspring, F|100/100
|turn|31
|
|t:|1760456577
|move|p2a: Rillaboom|Grassy Glide|p1a: Ogerpon
|-damage|p1a: Ogerpon|49/100
|move|p1a: Ogerpon|Play Rough|p2a: Rillaboom
|-damage|p2a: Rillaboom|0 fnt
|faint|p2a: Rillaboom
|
|-heal|p1a: Ogerpon|55/100|[from] Grassy Terrain
|-fieldend|move: Grassy Terrain
|upkeep
|
|t:|1760456580
|switch|p2a: Slowking|Slowking-Galar, F|50/100
|-activate|p2a: Slowking|move: Sticky Web
|-unboost|p2a: Slowking|spe|1
|turn|32
|
|t:|1760456585
|-terastallize|p1a: Ogerpon|Water
|detailschange|p1a: Ogerpon|Ogerpon-Wellspring-Tera, F, tera:Water
|-ability|p1a: Ogerpon|Embody Aspect (Wellspring)|boost
|-boost|p1a: Ogerpon|spd|1
|move|p1a: Ogerpon|Ivy Cudgel|p2a: Slowking|[anim] Ivy Cudgel Water
|-damage|p2a: Slowking|0 fnt
|faint|p2a: Slowking
|
|upkeep
|
|t:|1760456587
|switch|p2a: Greninja|Greninja, M|28/100 tox
|-activate|p2a: Greninja|move: Sticky Web
|-unboost|p2a: Greninja|spe|1
|turn|33
|
|t:|1760456589
|move|p1a: Ogerpon|Ivy Cudgel|p2a: Greninja|[anim] Ivy Cudgel Water
|-resisted|p2a: Greninja
|-damage|p2a: Greninja|0 fnt
|faint|p2a: Greninja
|
|win|Grem1234567
|raw|Grem1234567's rating: 1460 &rarr; <strong>1478</strong><br />(+18 for winning)
|raw|V_run658's rating: 1424 &rarr; <strong>1406</strong><br />(-18 for losing)
|l|☆V_run658
|player|p2|
