|j|☆BobbyAxe1
|j|☆Aliashood75
|t:|1760353344
|gametype|singles
|player|p1|BobbyAxe1|gambler|1450
|player|p2|Aliashood75|265|1444
|gen|9
|tier|[Gen 9] OU
|rated|
|rule|HP Percentage Mod: HP is shown in percentages
|rule|Endless Battle Clause: Forcing endless battles is banned
|rule|Species Clause: Limit one of each Pokémon
|rule|OHKO Clause: OHKO moves are banned
|rule|Evasion Items Clause: Evasion items are banned
|rule|Evasion Moves Clause: Evasion moves are banned
|rule|Evasion Abilities Clause: Evasion abilities are banned
|rule|Sleep Moves Clause: Sleep-inducing moves are banned
|clearpoke
|poke|p1|Vileplume, F|
|poke|p1|Tyranitar, M|
|poke|p1|Reuniclus, M|
|poke|p1|Spiritomb, F|
|poke|p1|Heracross, F|
|poke|p1|Zoroark-Hisui, M|
|poke|p2|Tornadus-Therian, M|
|poke|p2|Hatterene, F|
|poke|p2|Heatran, F|
|poke|p2|Great Tusk|
|poke|p2|Raging Bolt|
|poke|p2|Ogerpon-Wellspring, F|
|teampreview
|inactive|Battle timer is ON: inactive players will automatically lose when time's up. (requested by Aliashood75)
|
|t:|1760353380
|teamsize|p1|6
|teamsize|p2|6
|start
|switch|p1a: Vileplume|Vileplume, F|100/100
|switch|p2a: Ogerpon|Ogerpon-Wellspring, F|100/100
|turn|1
|
|t:|1760353389
|switch|p2a: Heatran|Heatran, F|100/100
|move|p1a: Vileplume|Poltergeist|p2a: Heatran
|-activate|p2a: Heatran|move: Poltergeist|Leftovers
|-crit|p2a: Heatran
|-damage|p2a: Heatran|0 fnt
|faint|p2a: Heatran
|-damage|p1a: Vileplume|91/100|[from] item: Life Orb
|
|upkeep
|
|t:|1760353404
|switch|p2a: Tornadus|Tornadus-Therian, M|100/100
|turn|2
|
|t:|1760353411
|switch|p1a: Tyranitar|Tyranitar, M|100/100
|-weather|Sandstorm|[from] ability: Sand Stream|[of] p1a: Tyranitar
|move|p2a: Tornadus|Knock Off|p1a: Tyranitar
|-resisted|p1a: Tyranitar
|-damage|p1a: Tyranitar|93/100
|-enditem|p1a: Tyranitar|Leftovers|[from] move: Knock Off|[of] p2a: Tornadus
|
|-weather|Sandstorm|[upkeep]
|-damage|p2a: Tornadus|94/100|[from] Sandstorm
|upkeep
|turn|3
|
|t:|1760353423
|-terastallize|p2a: Tornadus|Fighting
|move|p2a: Tornadus|Focus Blast|p1a: Tyranitar
|-supereffective|p1a: Tyranitar
|-damage|p1a: Tyranitar|0 fnt
|faint|p1a: Tyranitar
|
|-weather|Sandstorm|[upkeep]
|-damage|p2a: Tornadus|88/100|[from] Sandstorm
|upkeep
|
|t:|1760353435
|switch|p1a: Reuniclus|Reuniclus, M|100/100
|turn|4
|
|t:|1760353442
|move|p2a: Tornadus|U-turn|p1a: Reuniclus
|-supereffective|p1a: Reuniclus
|-damage|p1a: Reuniclus|80/100
|
|t:|1760353446
|switch|p2a: Hatterene|Hatterene, F|100/100|[from] U-turn
|move|p1a: Reuniclus|Psychic Noise|p2a: Hatterene
|-resisted|p2a: Hatterene
|-damage|p2a: Hatterene|77/100
|-start|p2a: Hatterene|move: Heal Block
|
|-weather|Sandstorm|[upkeep]
|-damage|p2a: Hatterene|71/100|[from] Sandstorm
|upkeep
|turn|5
|
|t:|1760353461
|move|p2a: Hatterene|Mystical Fire|p1a: Reuniclus
|-damage|p1a: Reuniclus|59/100
|-unboost|p1a: Reuniclus|spa|1
|move|p1a: Reuniclus|Calm Mind|p1a: Reuniclus
|-boost|p1a: Reuniclus|spa|1
|-boost|p1a: Reuniclus|spd|1
|
|-weather|Sandstorm|[upkeep]
|-damage|p2a: Hatterene|65/100|[from] Sandstorm
|-end|p2a: Hatterene|move: Heal Block
|upkeep
|turn|6
|
|t:|1760353473
|move|p2a: Hatterene|Calm Mind|p2a: Hatterene
|-boost|p2a: Hatterene|spa|1
|-boost|p2a: Hatterene|spd|1
|move|p1a: Reuniclus|Recover|p1a: Reuniclus
|-heal|p1a: Reuniclus|100/100
|
|-weather|none
|-heal|p2a: Hatterene|71/100|[from] item: Leftovers
|upkeep
|turn|7
|
|t:|1760353484
|move|p2a: Hatterene|Calm Mind|p2a: Hatterene
|-boost|p2a: Hatterene|spa|1
|-boost|p2a: Hatterene|spd|1
|move|p1a: Reuniclus|Calm Mind|p1a: Reuniclus
|-boost|p1a: Reuniclus|spa|1
|-boost|p1a: Reuniclus|spd|1
|
|-heal|p2a: Hatterene|77/100|[from] item: Leftovers
|upkeep
|turn|8
|
|t:|1760353493
|switch|p1a: Vileplume|Vileplume, F|91/100
|move|p2a: Hatterene|Calm Mind|p2a: Hatterene
|-boost|p2a: Hatterene|spa|1
|-boost|p2a: Hatterene|spd|1
|
|-heal|p2a: Hatterene|83/100|[from] item: Leftovers
|upkeep
|turn|9
|
|t:|1760353503
|switch|p2a: Great Tusk|Great Tusk|100/100
|move|p1a: Vileplume|Poltergeist|p2a: Great Tusk
|-activate|p2a: Great Tusk|move: Poltergeist|Heavy-Duty Boots
|-damage|p2a: Great Tusk|69/100
|-damage|p1a: Vileplume|81/100|[from] item: Life Orb
|
|upkeep
|turn|10
|
|t:|1760353517
|switch|p1a: Heracross|Heracross, F|100/100
|move|p2a: Great Tusk|Knock Off|p1a: Heracross
|-resisted|p1a: Heracross
|-damage|p1a: Heracross|88/100
|-enditem|p1a: Heracross|Leftovers|[from] move: Knock Off|[of] p2a: Great Tusk
|
|upkeep
|turn|11
|
|t:|1760353532
|move|p2a: Great Tusk|Earthquake|p1a: Heracross
|-resisted|p1a: Heracross
|-damage|p1a: Heracross|70/100
|move|p1a: Heracross|Spikes|p2a: Great Tusk
|-sidestart|p2: Aliashood75|Spikes
|
|upkeep
|turn|12
|
|t:|1760353540
|switch|p1a: Spiritomb|Spiritomb, F|100/100
|-ability|p1a: Spiritomb|Pressure
|move|p2a: Great Tusk|Rapid Spin|p1a: Spiritomb
|-immune|p1a: Spiritomb
|
|upkeep
|turn|13
|
|t:|1760353548
|move|p2a: Great Tusk|Knock Off|p1a: Spiritomb
|-damage|p1a: Spiritomb|75/100
|-enditem|p1a: Spiritomb|Leftovers|[from] move: Knock Off|[of] p2a: Great Tusk
|move|p1a: Spiritomb|Will-O-Wisp|p2a: Great Tusk
|-status|p2a: Great Tusk|brn
|
|-damage|p2a: Great Tusk|63/100 brn|[from] brn
|upkeep
|turn|14
|
|t:|1760353558
|move|p2a: Great Tusk|Earthquake|p1a: Spiritomb
|-damage|p1a: Spiritomb|55/100
|move|p1a: Spiritomb|Poltergeist|p2a: Great Tusk
|-activate|p2a: Great Tusk|move: Poltergeist|Heavy-Duty Boots
|-damage|p2a: Great Tusk|47/100 brn
|
|-damage|p2a: Great Tusk|41/100 brn|[from] brn
|upkeep
|turn|15
|
|t:|1760353569
|-end|p2a: Great Tusk|Protosynthesis|[silent]
|switch|p2a: Tornadus|Tornadus-Therian, M, tera:Fighting|100/100
|-damage|p2a: Tornadus|88/100|[from] Spikes
|move|p1a: Spiritomb|Poltergeist|p2a: Tornadus
|-activate|p2a: Tornadus|move: Poltergeist|Assault Vest
|-damage|p2a: Tornadus|47/100
|
|upkeep
|turn|16
|
|t:|1760353581
|move|p1a: Spiritomb|Protect|p1a: Spiritomb
|-singleturn|p1a: Spiritomb|Protect
|move|p2a: Tornadus|Hurricane|p1a: Spiritomb
|-activate|p1a: Spiritomb|move: Protect
|
|upkeep
|turn|17
|
|t:|1760353592
|switch|p1a: Reuniclus|Reuniclus, M|100/100
|move|p2a: Tornadus|U-turn|p1a: Reuniclus
|-supereffective|p1a: Reuniclus
|-damage|p1a: Reuniclus|78/100
|
|t:|1760353598
|switch|p2a: Great Tusk|Great Tusk|41/100 brn|[from] U-turn
|
|-damage|p2a: Great Tusk|34/100 brn|[from] brn
|upkeep
|turn|18
|
|t:|1760353610
|-end|p2a: Great Tusk|Protosynthesis|[silent]
|switch|p2a: Raging Bolt|Raging Bolt|100/100
|-damage|p2a: Raging Bolt|88/100|[from] Spikes
|switch|p1a: Spiritomb|Spiritomb, F|55/100
|-ability|p1a: Spiritomb|Pressure
|
|upkeep
|turn|19
|
|t:|1760353620
|move|p2a: Raging Bolt|Volt Switch|p1a: Spiritomb
|-damage|p1a: Spiritomb|0 fnt
|faint|p1a: Spiritomb
|
|t:|1760353631
|-end|p2a: Raging Bolt|Protosynthesis|[silent]
|switch|p2a: Tornadus|Tornadus-Therian, M, tera:Fighting|81/100|[from] Volt Switch
|-damage|p2a: Tornadus|68/100|[from] Spikes
|
|upkeep
|
|t:|1760353659
|switch|p1a: Reuniclus|Reuniclus, M|78/100
|turn|20
|
|t:|1760353663
|move|p2a: Tornadus|Knock Off|p1a: Reuniclus
|-supereffective|p1a: Reuniclus
|-damage|p1a: Reuniclus|47/100
|-enditem|p1a: Reuniclus|Life Orb|[from] move: Knock Off|[of] p2a: Tornadus
|move|p1a: Reuniclus|Calm Mind|p1a: Reuniclus
|-boost|p1a: Reuniclus|spa|1
|-boost|p1a: Reuniclus|spd|1
|
|upkeep
|turn|21
|
|t:|1760353673
|move|p2a: Tornadus|U-turn|p1a: Reuniclus
|-supereffective|p1a: Reuniclus
|-damage|p1a: Reuniclus|26/100
|
|t:|1760353680
|switch|p2a: Great Tusk|Great Tusk|34/100 brn|[from] U-turn
|move|p1a: Reuniclus|Recover|p1a: Reuniclus
|-heal|p1a: Reuniclus|76/100
|
|-damage|p2a: Great Tusk|28/100 brn|[from] brn
|upkeep
|turn|22
|
|t:|1760353690
|move|p2a: Great Tusk|Knock Off|p1a: Reuniclus
|-supereffective|p1a: Reuniclus
|-damage|p1a: Reuniclus|62/100
|move|p1a: Reuniclus|Calm Mind|p1a: Reuniclus
|-boost|p1a: Reuniclus|spa|1
|-boost|p1a: Reuniclus|spd|1
|
|-damage|p2a: Great Tusk|22/100 brn|[from] brn
|upkeep
|turn|23
|
|t:|1760353700
|move|p2a: Great Tusk|Rapid Spin|p1a: Reuniclus
|-damage|p1a: Reuniclus|56/100
|-boost|p2a: Great Tusk|spe|1
|-sideend|p2: Aliashood75|Spikes|[from] move: Rapid Spin|[of] p2a: Great Tusk
|move|p1a: Reuniclus|Recover|p1a: Reuniclus
|-heal|p1a: Reuniclus|100/100
|
|-damage|p2a: Great Tusk|16/100 brn|[from] brn
|upkeep
|turn|24
|
|t:|1760353711
|move|p2a: Great Tusk|Earthquake|p1a: Reuniclus
|-damage|p1a: Reuniclus|84/100
|move|p1a: Reuniclus|Calm Mind|p1a: Reuniclus
|-boost|p1a: Reuniclus|spa|1
|-boost|p1a: Reuniclus|spd|1
|
|-damage|p2a: Great Tusk|10/100 brn|[from] brn
|upkeep
|turn|25
|
|t:|1760353727
|move|p2a: Great Tusk|Earthquake|p1a: Reuniclus
|-damage|p1a: Reuniclus|68/100
|move|p1a: Reuniclus|Recover|p1a: Reuniclus
|-heal|p1a: Reuniclus|100/100
|
|-damage|p2a: Great Tusk|3/100 brn|[from] brn
|upkeep
|turn|26
|
|t:|1760353737
|move|p2a: Great Tusk|Earthquake|p1a: Reuniclus
|-damage|p1a: Reuniclus|83/100
|move|p1a: Reuniclus|Psychic Noise|p2a: Great Tusk
|-supereffective|p2a: Great Tusk
|-damage|p2a: Great Tusk|0 fnt
|faint|p2a: Great Tusk
|-end|p2a: Great Tusk|Protosynthesis|[silent]
|
|upkeep
|
|t:|1760353745
|switch|p2a: Ogerpon|Ogerpon-Wellspring, F|100/100
|turn|27
|
|t:|1760353750
|move|p2a: Ogerpon|Ivy Cudgel|p1a: Reuniclus|[anim] Ivy Cudgel Water
|-damage|p1a: Reuniclus|37/100
|move|p1a: Reuniclus|Psychic Noise|p2a: Ogerpon
|-damage|p2a: Ogerpon|8/100
|-start|p2a: Ogerpon|move: Heal Block
|
|upkeep
|turn|28
|
|t:|1760353758
|move|p2a: Ogerpon|Ivy Cudgel|p1a: Reuniclus|[anim] Ivy Cudgel Water
|-damage|p1a: Reuniclus|0 fnt
|faint|p1a: Reuniclus
|
|-end|p2a: Ogerpon|move: Heal Block
|upkeep
|
|t:|1760353766
|switch|p1a: Vileplume|Vileplume, F|81/100
|turn|29
|
|t:|1760353773
|switch|p2a: Hatterene|Hatterene, F|83/100
|move|p1a: Vileplume|Shadow Sneak|p2a: Hatterene
|-supereffective|p2a: Hatterene
|-damage|p2a: Hatterene|41/100
|-damage|p1a: Vileplume|71/100|[from] item: Life Orb
|
|-heal|p2a: Hatterene|47/100|[from] item: Leftovers
|upkeep
|turn|30
|
|t:|1760353783
|move|p1a: Vileplume|Poltergeist|p2a: Hatterene
|-activate|p2a: Hatterene|move: Poltergeist|Leftovers
|-supereffective|p2a: Hatterene
|-damage|p2a: Hatterene|0 fnt
|faint|p2a: Hatterene
|-damage|p1a: Vileplume|61/100|[from] item: Life Orb
|
|upkeep
|
|t:|1760353790
|switch|p2a: Tornadus|Tornadus-Therian, M, tera:Fighting|100/100
|turn|31
|
|t:|1760353800
|move|p2a: Tornadus|Hurricane|p1a: Vileplume
|-damage|p1a: Vileplume|0 fnt
|replace|p1a: Zoroark|Zoroark-Hisui, M
|-end|p1a: Zoroark|Illusion
|faint|p1a: Zoroark
|
|upkeep
|
|t:|1760353806
|switch|p1a: Vileplume|Vileplume, F|100/100
|turn|32
|
|t:|1760353815
|-terastallize|p1a: Vileplume|Poison
|move|p2a: Tornadus|Hurricane|p1a: Vileplume
|-damage|p1a: Vileplume|68/100
|move|p1a: Vileplume|Leech Seed|p2a: Tornadus
|-start|p2a: Tornadus|move: Leech Seed
|
|-heal|p1a: Vileplume|75/100|[from] item: Black Sludge
|-damage|p2a: Tornadus|88/100|[from] Leech Seed|[of] p1a: Vileplume
|-heal|p1a: Vileplume|87/100|[silent]
|upkeep
|turn|33
|
|t:|1760353828
|move|p2a: Tornadus|U-turn|p1a: Vileplume
|-resisted|p1a: Vileplume
|-damage|p1a: Vileplume|79/100
|
|t:|1760353832
|switch|p2a: Raging Bolt|Raging Bolt|88/100|[from] U-turn
|move|p1a: Vileplume|Sludge Bomb|p2a: Raging Bolt
|-damage|p2a: Raging Bolt|45/100
|-status|p2a: Raging Bolt|psn
|
|-heal|p1a: Vileplume|85/100|[from] item: Black Sludge
|-damage|p2a: Raging Bolt|32/100 psn|[from] psn
|upkeep
|turn|34
|
|t:|1760353843
|move|p2a: Raging Bolt|Draco Meteor|p1a: Vileplume
|-damage|p1a: Vileplume|0 fnt
|-unboost|p2a: Raging Bolt|spa|2
|faint|p1a: Vileplume
|
|-damage|p2a: Raging Bolt|20/100 psn|[from] psn
|upkeep
|
|t:|1760353851
|switch|p1a: Heracross|Heracross, F|70/100
|turn|35
|
|t:|1760353859
|-end|p2a: Raging Bolt|Protosynthesis|[silent]
|switch|p2a: Tornadus|Tornadus-Therian, M, tera:Fighting|100/100
|move|p1a: Heracross|Spikes|p2a: Tornadus
|-sidestart|p2: Aliashood75|Spikes
|
|upkeep
|turn|36
|
|t:|1760353867
|move|p2a: Tornadus|Hurricane|p1a: Heracross
|-supereffective|p1a: Heracross
|-damage|p1a: Heracross|0 fnt
|faint|p1a: Heracross
|
|win|Aliashood75
|raw|BobbyAxe1's rating: 1450 &rarr; <strong>1430</strong><br />(-20 for losing)
|raw|Aliashood75's rating: 1444 &rarr; <strong>1464</strong><br />(+20 for winning)
|l|☆Aliashood75
|player|p2|
|l|☆BobbyAxe1
|player|p1|
