|j|☆SHEWILLBETRAYu_067
|j|☆DTTPokemon
|t:|1760440875
|gametype|singles
|player|p1|SHEWILLBETRAYu_067|clerk|1362
|player|p2|DTTPokemon|pokemonrangerf|1361
|gen|9
|tier|[Gen 9] OU
|rated|
|rule|HP Percentage Mod: HP is shown in percentages
|rule|Endless Battle Clause: Forcing endless battles is banned
|rule|Species Clause: Limit one of each Pokémon
|rule|OHKO Clause: OHKO moves are banned
|rule|Evasion Items Clause: Evasion items are banned
|rule|Evasion Moves Clause: Evasion moves are banned
|rule|Evasion Abilities Clause: Evasion abilities are banned
|rule|Sleep Moves Clause: Sleep-inducing moves are banned
|clearpoke
|poke|p1|Iron Valiant|
|poke|p1|Gliscor, M|
|poke|p1|Metagross|
|poke|p1|Cinderace, F|
|poke|p1|Raging Bolt|
|poke|p1|Ogerpon-Wellspring, F|
|poke|p2|Zamazenta-*|
|poke|p2|Iron Moth|
|poke|p2|Iron Valiant|
|poke|p2|Araquanid, F|
|poke|p2|Corviknight, M|
|poke|p2|Zapdos|
|teampreview
|inactive|Battle timer is ON: inactive players will automatically lose when time's up. (requested by DTTPokemon)
|
|t:|1760440897
|teamsize|p1|6
|teamsize|p2|6
|start
|switch|p1a: Cinderace|Cinderace, F|100/100
|switch|p2a: Araquanid|Araquanid, F|100/100
|turn|1
|
|t:|1760440904
|move|p1a: Cinderace|U-turn|p2a: Araquanid
|-start|p1a: Cinderace|typechange|Bug|[from] ability: Libero
|-damage|p2a: Araquanid|61/100
|
|t:|1760440908
|switch|p1a: Ogerpon|Ogerpon-Wellspring, F|100/100|[from] U-turn
|move|p2a: Araquanid|Sticky Web|p1a: Ogerpon
|-sidestart|p1: SHEWILLBETRAYu_067|move: Sticky Web
|
|-heal|p2a: Araquanid|67/100|[from] item: Leftovers
|upkeep
|turn|2
|
|t:|1760440916
|move|p1a: Ogerpon|Power Whip|p2a: Araquanid
|-damage|p2a: Araquanid|0 fnt
|faint|p2a: Araquanid
|
|upkeep
|
|t:|1760440922
|switch|p2a: Zapdos|Zapdos|100/100
|turn|3
|
|t:|1760440927
|switch|p1a: Gliscor|Gliscor, M|100/100
|move|p2a: Zapdos|Thunderbolt|p1a: Gliscor
|-immune|p1a: Gliscor
|
|-status|p1a: Gliscor|tox|[from] item: Toxic Orb
|upkeep
|turn|4
|
|t:|1760440937
|-terastallize|p2a: Zapdos|Ice
|move|p2a: Zapdos|Tera Blast|p1a: Gliscor|[anim] Tera Blast Ice
|-supereffective|p1a: Gliscor
|-damage|p1a: Gliscor|0 fnt
|faint|p1a: Gliscor
|-damage|p2a: Zapdos|91/100|[from] item: Life Orb
|
|upkeep
|
|t:|1760440942
|switch|p1a: Cinderace|Cinderace, F|100/100
|turn|5
|
|t:|1760440950
|switch|p2a: Corviknight|Corviknight, M, shiny|100/100
|move|p1a: Cinderace|U-turn|p2a: Corviknight
|-start|p1a: Cinderace|typechange|Bug|[from] ability: Libero
|-resisted|p2a: Corviknight
|-damage|p2a: Corviknight|95/100
|-damage|p1a: Cinderace|84/100|[from] item: Rocky Helmet|[of] p2a: Corviknight
|
|t:|1760440962
|switch|p1a: Iron Valiant|Iron Valiant|100/100|[from] U-turn
|-activate|p1a: Iron Valiant|move: Sticky Web
|-unboost|p1a: Iron Valiant|spe|1
|-enditem|p1a: Iron Valiant|Booster Energy
|-activate|p1a: Iron Valiant|ability: Quark Drive|[fromitem]
|-start|p1a: Iron Valiant|quarkdrivespa
|
|upkeep
|turn|6
|
|t:|1760440978
|move|p1a: Iron Valiant|Thunderbolt|p2a: Corviknight
|-supereffective|p2a: Corviknight
|-damage|p2a: Corviknight|24/100
|move|p2a: Corviknight|Body Press|p1a: Iron Valiant
|-resisted|p1a: Iron Valiant
|-damage|p1a: Iron Valiant|84/100
|
|upkeep
|turn|7
|
|t:|1760440991
|move|p1a: Iron Valiant|Thunderbolt|p2a: Corviknight
|-supereffective|p2a: Corviknight
|-damage|p2a: Corviknight|0 fnt
|faint|p2a: Corviknight
|
|upkeep
|
|t:|1760440996
|switch|p2a: Iron Valiant|Iron Valiant|100/100
|-enditem|p2a: Iron Valiant|Booster Energy
|-activate|p2a: Iron Valiant|ability: Quark Drive|[fromitem]
|-start|p2a: Iron Valiant|quarkdrivespe
|turn|8
|
|t:|1760441001
|move|p2a: Iron Valiant|Moonblast|p1a: Iron Valiant
|-supereffective|p1a: Iron Valiant
|-damage|p1a: Iron Valiant|0 fnt
|faint|p1a: Iron Valiant
|-end|p1a: Iron Valiant|Quark Drive|[silent]
|
|upkeep
|
|t:|1760441006
|switch|p1a: Cinderace|Cinderace, F|84/100
|turn|9
|
|t:|1760441012
|move|p2a: Iron Valiant|Aura Sphere|p1a: Cinderace
|-damage|p1a: Cinderace|31/100
|move|p1a: Cinderace|Pyro Ball|p2a: Iron Valiant
|-damage|p2a: Iron Valiant|23/100
|
|upkeep
|turn|10
|
|t:|1760441026
|move|p2a: Iron Valiant|Aura Sphere|p1a: Cinderace
|-damage|p1a: Cinderace|0 fnt
|faint|p1a: Cinderace
|
|upkeep
|
|t:|1760441041
|switch|p1a: Raging Bolt|Raging Bolt|100/100
|-activate|p1a: Raging Bolt|move: Sticky Web
|-unboost|p1a: Raging Bolt|spe|1
|-enditem|p1a: Raging Bolt|Booster Energy
|-activate|p1a: Raging Bolt|ability: Protosynthesis|[fromitem]
|-start|p1a: Raging Bolt|protosynthesisspa
|turn|11
|
|t:|1760441048
|move|p1a: Raging Bolt|Thunderclap|p2a: Iron Valiant
|-damage|p2a: Iron Valiant|0 fnt
|faint|p2a: Iron Valiant
|-end|p2a: Iron Valiant|Quark Drive|[silent]
|
|upkeep
|
|t:|1760441052
|switch|p2a: Iron Moth|Iron Moth|100/100
|-item|p2a: Iron Moth|Air Balloon
|turn|12
|
|t:|1760441056
|move|p2a: Iron Moth|Fiery Dance|p1a: Raging Bolt
|-resisted|p1a: Raging Bolt
|-damage|p1a: Raging Bolt|84/100
|move|p1a: Raging Bolt|Dragon Pulse|p2a: Iron Moth
|-damage|p2a: Iron Moth|33/100
|-enditem|p2a: Iron Moth|Air Balloon
|
|upkeep
|turn|13
|
|t:|1760441065
|move|p2a: Iron Moth|Sludge Wave|p1a: Raging Bolt
|-damage|p1a: Raging Bolt|43/100
|move|p1a: Raging Bolt|Calm Mind|p1a: Raging Bolt
|-boost|p1a: Raging Bolt|spa|1
|-boost|p1a: Raging Bolt|spd|1
|
|upkeep
|turn|14
|
|t:|1760441070
|move|p1a: Raging Bolt|Thunderclap|p2a: Iron Moth
|-crit|p2a: Iron Moth
|-damage|p2a: Iron Moth|0 fnt
|faint|p2a: Iron Moth
|-end|p2a: Iron Moth|Quark Drive|[silent]
|
|upkeep
|
|t:|1760441074
|switch|p2a: Zamazenta|Zamazenta|100/100
|-ability|p2a: Zamazenta|Dauntless Shield|boost
|-boost|p2a: Zamazenta|def|1
|turn|15
|
|t:|1760441078
|move|p1a: Raging Bolt|Thunderclap|p2a: Zamazenta
|-damage|p2a: Zamazenta|58/100
|move|p2a: Zamazenta|Body Press|p1a: Raging Bolt
|-damage|p1a: Raging Bolt|4/100
|
|upkeep
|turn|16
|
|t:|1760441085
|move|p2a: Zamazenta|Quick Attack|p1a: Raging Bolt
|-damage|p1a: Raging Bolt|0 fnt
|faint|p1a: Raging Bolt
|-end|p1a: Raging Bolt|Protosynthesis|[silent]
|
|upkeep
|
|t:|1760441104
|switch|p1a: Metagross|Metagross|100/100
|-activate|p1a: Metagross|move: Sticky Web
|-fail|p1a: Metagross|unboost|[from] ability: Clear Body|[of] p1a: Metagross
|turn|17
|
|t:|1760441116
|move|p2a: Zamazenta|Crunch|p1a: Metagross
|-supereffective|p1a: Metagross
|-damage|p1a: Metagross|58/100
|move|p1a: Metagross|Earthquake|p2a: Zamazenta
|-damage|p2a: Zamazenta|28/100
|
|upkeep
|turn|18
|
|t:|1760441123
|move|p2a: Zamazenta|Body Press|p1a: Metagross
|-crit|p1a: Metagross
|-damage|p1a: Metagross|6/100
|move|p1a: Metagross|Earthquake|p2a: Zamazenta
|-damage|p2a: Zamazenta|0 fnt
|faint|p2a: Zamazenta
|
|upkeep
|
|t:|1760441130
|switch|p2a: Zapdos|Zapdos, tera:Ice|91/100
|turn|19
|
|t:|1760441133
|switch|p1a: Ogerpon|Ogerpon-Wellspring, F|100/100
|-activate|p1a: Ogerpon|move: Sticky Web
|-unboost|p1a: Ogerpon|spe|1
|move|p2a: Zapdos|Thunderbolt|p1a: Ogerpon
|-damage|p1a: Ogerpon|27/100
|-damage|p2a: Zapdos|81/100|[from] item: Life Orb
|
|upkeep
|turn|20
|
|t:|1760441143
|move|p2a: Zapdos|Thunderbolt|p1a: Ogerpon
|-damage|p1a: Ogerpon|0 fnt
|faint|p1a: Ogerpon
|-damage|p2a: Zapdos|71/100|[from] item: Life Orb
|
|upkeep
|
|t:|1760441145
|switch|p1a: Metagross|Metagross|6/100
|-activate|p1a: Metagross|move: Sticky Web
|-fail|p1a: Metagross|unboost|[from] ability: Clear Body|[of] p1a: Metagross
|turn|21
|
|t:|1760441151
|-terastallize|p1a: Metagross|Steel
|move|p1a: Metagross|Bullet Punch|p2a: Zapdos
|-supereffective|p2a: Zapdos
|-damage|p2a: Zapdos|0 fnt
|-status|p1a: Metagross|par|[from] ability: Static|[of] p2a: Zapdos
|faint|p2a: Zapdos
|
|win|SHEWILLBETRAYu_067
|raw|SHEWILLBETRAYu_067's rating: 1362 &rarr; <strong>1382</strong><br />(+20 for winning)
|raw|DTTPokemon's rating: 1361 &rarr; <strong>1341</strong><br />(-20 for losing)
|l|☆DTTPokemon
|player|p2|
|l|☆SHEWILLBETRAYu_067
|player|p1|
