|j|☆zstuscav
|j|☆Koala106
|t:|1760323470
|gametype|singles
|player|p1|zstuscav|1|1138
|player|p2|Koala106|ghetsis|1149
|gen|9
|tier|[Gen 9] OU
|rated|
|rule|HP Percentage Mod: HP is shown in percentages
|rule|Endless Battle Clause: Forcing endless battles is banned
|rule|Species Clause: Limit one of each Pokémon
|rule|OHKO Clause: OHKO moves are banned
|rule|Evasion Items Clause: Evasion items are banned
|rule|Evasion Moves Clause: Evasion moves are banned
|rule|Evasion Abilities Clause: Evasion abilities are banned
|rule|Sleep Moves Clause: Sleep-inducing moves are banned
|clearpoke
|poke|p1|Greninja-*, F|
|poke|p1|Garchomp, F|
|poke|p1|Haxorus, M|
|poke|p1|Tornadus-Therian, M|
|poke|p1|Cinderace, M|
|poke|p1|Kyurem|
|poke|p2|Incineroar, F|
|poke|p2|Gholdengo|
|poke|p2|Zoroark, F|
|poke|p2|Ninetales-Alola, M|
|poke|p2|Rillaboom, F|
|poke|p2|Great Tusk|
|teampreview
|
|t:|1760323480
|teamsize|p1|6
|teamsize|p2|6
|start
|switch|p1a: Cinderace|Cinderace, M, shiny|100/100
|switch|p2a: Great Tusk|Great Tusk|100/100
|-enditem|p2a: Great Tusk|Booster Energy
|-activate|p2a: Great Tusk|ability: Protosynthesis|[fromitem]
|-start|p2a: Great Tusk|protosynthesisatk
|turn|1
|
|t:|1760323490
|move|p1a: Cinderace|Pyro Ball|p2a: Great Tusk
|-damage|p2a: Great Tusk|57/100
|move|p2a: Great Tusk|Stealth Rock|p1a: Cinderace
|-sidestart|p1: zstuscav|move: Stealth Rock
|
|upkeep
|turn|2
|
|t:|1760323497
|move|p1a: Cinderace|U-turn|p2a: Great Tusk
|-start|p1a: Cinderace|typechange|Bug|[from] ability: Libero
|-resisted|p2a: Great Tusk
|-damage|p2a: Great Tusk|44/100
|
|t:|1760323503
|switch|p1a: Garchomp|Garchomp, F|100/100|[from] U-turn
|-damage|p1a: Garchomp|94/100|[from] Stealth Rock
|move|p2a: Great Tusk|Earthquake|p1a: Garchomp
|-damage|p1a: Garchomp|46/100
|
|upkeep
|turn|3
|
|t:|1760323513
|-end|p2a: Great Tusk|Protosynthesis|[silent]
|switch|p2a: Ninetales|Ninetales-Alola, M|100/100
|-weather|Snowscape|[from] ability: Snow Warning|[of] p2a: Ninetales
|move|p1a: Garchomp|Dragon Tail|p2a: Ninetales
|-immune|p2a: Ninetales
|
|-weather|Snowscape|[upkeep]
|upkeep
|turn|4
|
|t:|1760323529
|move|p2a: Ninetales|Aurora Veil|p2a: Ninetales
|-sidestart|p2: Koala106|move: Aurora Veil
|move|p1a: Garchomp|Stealth Rock|p2a: Ninetales
|-sidestart|p2: Koala106|move: Stealth Rock
|
|-weather|Snowscape|[upkeep]
|upkeep
|turn|5
|
|t:|1760323534
|move|p2a: Ninetales|Freeze-Dry|p1a: Garchomp
|-supereffective|p1a: Garchomp
|-damage|p1a: Garchomp|0 fnt
|faint|p1a: Garchomp
|
|-weather|Snowscape|[upkeep]
|upkeep
|
|t:|1760323539
|switch|p1a: Tornadus|Tornadus-Therian, M|100/100
|-damage|p1a: Tornadus|76/100|[from] Stealth Rock
|turn|6
|
|t:|1760323567
|move|p1a: Tornadus|Heat Wave|p2a: Ninetales
|-supereffective|p2a: Ninetales
|-damage|p2a: Ninetales|67/100
|-damage|p1a: Tornadus|66/100|[from] item: Life Orb
|move|p2a: Ninetales|Freeze-Dry|p1a: Tornadus
|-supereffective|p1a: Tornadus
|-damage|p1a: Tornadus|14/100
|
|-weather|Snowscape|[upkeep]
|upkeep
|turn|7
|
|t:|1760323589
|move|p1a: Tornadus|Heat Wave|p2a: Ninetales
|-supereffective|p2a: Ninetales
|-damage|p2a: Ninetales|33/100
|-damage|p1a: Tornadus|4/100|[from] item: Life Orb
|move|p2a: Ninetales|Moonblast|p1a: Tornadus
|-damage|p1a: Tornadus|0 fnt
|faint|p1a: Tornadus
|
|-weather|none
|upkeep
|
|t:|1760323601
|switch|p1a: Cinderace|Cinderace, M, shiny|100/100
|turn|8
|
|t:|1760323606
|switch|p2a: Incineroar|Incineroar, F|100/100
|-damage|p2a: Incineroar|76/100|[from] Stealth Rock
|-ability|p2a: Incineroar|Intimidate|boost
|-unboost|p1a: Cinderace|atk|1
|move|p1a: Cinderace|Pyro Ball|p2a: Incineroar
|-resisted|p2a: Incineroar
|-damage|p2a: Incineroar|66/100
|
|upkeep
|turn|9
|
|t:|1760323619
|switch|p1a: Greninja|Greninja, F, shiny|100/100
|-damage|p1a: Greninja|88/100|[from] Stealth Rock
|move|p2a: Incineroar|Earthquake|p1a: Greninja
|-damage|p1a: Greninja|28/100
|
|upkeep
|turn|10
|
|t:|1760323636
|-terastallize|p2a: Incineroar|Ghost
|move|p1a: Greninja|Water Shuriken|p2a: Incineroar
|-start|p1a: Greninja|typechange|Water|[from] ability: Protean
|-damage|p2a: Incineroar|62/100
|-damage|p2a: Incineroar|58/100
|-damage|p2a: Incineroar|54/100
|-hitcount|p2a: Incineroar|3
|-damage|p1a: Greninja|18/100|[from] item: Life Orb
|move|p2a: Incineroar|Drain Punch|p1a: Greninja
|-damage|p1a: Greninja|0 fnt
|-heal|p2a: Incineroar|60/100|[from] drain|[of] p1a: Greninja
|faint|p1a: Greninja
|
|upkeep
|
|t:|1760323661
|switch|p1a: Cinderace|Cinderace, M, shiny|100/100
|turn|11
|
|t:|1760323667
|move|p1a: Cinderace|Sucker Punch|p2a: Incineroar
|-start|p1a: Cinderace|typechange|Dark|[from] ability: Libero
|-supereffective|p2a: Incineroar
|-damage|p2a: Incineroar|30/100
|move|p2a: Incineroar|Drain Punch|p1a: Cinderace
|-supereffective|p1a: Cinderace
|-damage|p1a: Cinderace|13/100
|-heal|p2a: Incineroar|64/100|[from] drain|[of] p1a: Cinderace
|
|-sideend|p2: Koala106|move: Aurora Veil
|upkeep
|turn|12
|
|t:|1760323682
|move|p1a: Cinderace|Sucker Punch|p2a: Incineroar
|-supereffective|p2a: Incineroar
|-damage|p2a: Incineroar|0 fnt
|faint|p2a: Incineroar
|
|upkeep
|
|t:|1760323688
|switch|p2a: Rillaboom|Rillaboom, F|100/100
|-damage|p2a: Rillaboom|88/100|[from] Stealth Rock
|-fieldstart|move: Grassy Terrain|[from] ability: Grassy Surge|[of] p2a: Rillaboom
|turn|13
|
|t:|1760323699
|move|p2a: Rillaboom|Fake Out|p1a: Cinderace
|-damage|p1a: Cinderace|0 fnt
|faint|p1a: Cinderace
|
|-heal|p2a: Rillaboom|94/100|[from] Grassy Terrain
|upkeep
|
|t:|1760323702
|switch|p1a: Haxorus|Haxorus, M, shiny|100/100
|-damage|p1a: Haxorus|88/100|[from] Stealth Rock
|-ability|p1a: Haxorus|Mold Breaker
|turn|14
|
|t:|1760323716
|switch|p2a: Ninetales|Ninetales-Alola, M|33/100
|-damage|p2a: Ninetales|8/100|[from] Stealth Rock
|-weather|Snowscape|[from] ability: Snow Warning|[of] p2a: Ninetales
|move|p1a: Haxorus|Poison Jab|p2a: Ninetales
|-supereffective|p2a: Ninetales
|-crit|p2a: Ninetales
|-damage|p2a: Ninetales|0 fnt
|faint|p2a: Ninetales
|
|-weather|Snowscape|[upkeep]
|-heal|p1a: Haxorus|94/100|[from] Grassy Terrain
|upkeep
|
|t:|1760323731
|switch|p2a: Rillaboom|Rillaboom, F|94/100
|-damage|p2a: Rillaboom|82/100|[from] Stealth Rock
|turn|15
|
|t:|1760323738
|move|p2a: Rillaboom|Fake Out|p1a: Haxorus
|-damage|p1a: Haxorus|74/100
|cant|p1a: Haxorus|flinch
|
|-weather|Snowscape|[upkeep]
|-heal|p1a: Haxorus|80/100|[from] Grassy Terrain
|-heal|p2a: Rillaboom|88/100|[from] Grassy Terrain
|upkeep
|turn|16
|
|t:|1760323746
|move|p1a: Haxorus|Poison Jab|p2a: Rillaboom
|-supereffective|p2a: Rillaboom
|-damage|p2a: Rillaboom|0 fnt
|faint|p2a: Rillaboom
|
|-weather|Snowscape|[upkeep]
|-heal|p1a: Haxorus|86/100|[from] Grassy Terrain
|upkeep
|
|t:|1760323753
|switch|p2a: Gholdengo|Gholdengo|100/100
|-damage|p2a: Gholdengo|94/100|[from] Stealth Rock
|turn|17
|
|t:|1760323757
|move|p1a: Haxorus|Poison Jab|p2a: Gholdengo
|-immune|p2a: Gholdengo
|move|p2a: Gholdengo|Nasty Plot|p2a: Gholdengo
|-boost|p2a: Gholdengo|spa|2
|
|-weather|Snowscape|[upkeep]
|-heal|p1a: Haxorus|92/100|[from] Grassy Terrain
|-heal|p2a: Gholdengo|100/100|[from] Grassy Terrain
|-fieldend|move: Grassy Terrain
|upkeep
|turn|18
|
|t:|1760323767
|switch|p1a: Kyurem|Kyurem, shiny|100/100
|-damage|p1a: Kyurem|76/100|[from] Stealth Rock
|-ability|p1a: Kyurem|Pressure
|move|p2a: Gholdengo|Shadow Ball|p1a: Kyurem
|-damage|p1a: Kyurem|0 fnt
|faint|p1a: Kyurem
|
|-weather|none
|upkeep
|
|t:|1760323774
|switch|p1a: Haxorus|Haxorus, M, shiny|92/100
|-damage|p1a: Haxorus|80/100|[from] Stealth Rock
|-ability|p1a: Haxorus|Mold Breaker
|turn|19
|
|t:|1760323784
|-terastallize|p1a: Haxorus|Dragon
|move|p1a: Haxorus|Earthquake|p2a: Gholdengo
|-supereffective|p2a: Gholdengo
|-damage|p2a: Gholdengo|0 fnt
|faint|p2a: Gholdengo
|
|upkeep
|
|t:|1760323801
|switch|p2a: Great Tusk|Great Tusk|44/100
|-damage|p2a: Great Tusk|41/100|[from] Stealth Rock
|turn|20
|
|t:|1760323833
|move|p1a: Haxorus|Earthquake|p2a: Great Tusk
|-crit|p2a: Great Tusk
|-damage|p2a: Great Tusk|0 fnt
|faint|p2a: Great Tusk
|-end|p2a: Great Tusk|Protosynthesis|[silent]
|
|upkeep
|
|t:|1760323839
|switch|p2a: Zoroark|Zoroark, F|100/100
|-damage|p2a: Zoroark|88/100|[from] Stealth Rock
|turn|21
|
|t:|1760323850
|move|p2a: Zoroark|Dark Pulse|p1a: Haxorus
|-damage|p1a: Haxorus|9/100
|move|p1a: Haxorus|Earthquake|p2a: Zoroark
|-damage|p2a: Zoroark|0 fnt
|faint|p2a: Zoroark
|
|win|zstuscav
|raw|zstuscav's rating: 1138 &rarr; <strong>1164</strong><br />(+26 for winning)
|raw|Koala106's rating: 1149 &rarr; <strong>1123</strong><br />(-26 for losing)
