|j|☆mahoganydoors
|j|☆JuicyShinx
|t:|1760377805
|gametype|singles
|player|p1|mahoganydoors|101|1279
|player|p2|JuicyShinx|n|1298
|gen|9
|tier|[Gen 9] OU
|rated|
|rule|HP Percentage Mod: HP is shown in percentages
|rule|Endless Battle Clause: Forcing endless battles is banned
|rule|Species Clause: Limit one of each Pokémon
|rule|OHKO Clause: OHKO moves are banned
|rule|Evasion Items Clause: Evasion items are banned
|rule|Evasion Moves Clause: Evasion moves are banned
|rule|Evasion Abilities Clause: Evasion abilities are banned
|rule|Sleep Moves Clause: Sleep-inducing moves are banned
|clearpoke
|poke|p1|Ting-Lu|
|poke|p1|Rotom-Wash|
|poke|p1|Scizor, F|
|poke|p1|Kyurem|
|poke|p1|Clefable, F|
|poke|p1|Gholdengo|
|poke|p2|Iron Crown|
|poke|p2|Dragapult, F|
|poke|p2|Great Tusk|
|poke|p2|Ogerpon-Wellspring, F|
|poke|p2|Glimmora, M|
|poke|p2|Moltres|
|teampreview
|inactive|Battle timer is ON: inactive players will automatically lose when time's up. (requested by mahoganydoors)
|
|t:|1760377835
|teamsize|p1|6
|teamsize|p2|6
|start
|switch|p1a: Rotom|Rotom-Wash|100/100
|switch|p2a: Great Tusk|Great Tusk|100/100
|-enditem|p2a: Great Tusk|Booster Energy
|-activate|p2a: Great Tusk|ability: Protosynthesis|[fromitem]
|-start|p2a: Great Tusk|protosynthesisatk
|turn|1
|
|t:|1760377848
|-terastallize|p2a: Great Tusk|Electric
|move|p2a: Great Tusk|Knock Off|p1a: Rotom
|-crit|p1a: Rotom
|-damage|p1a: Rotom|46/100
|-enditem|p1a: Rotom|Leftovers|[from] move: Knock Off|[of] p2a: Great Tusk
|move|p1a: Rotom|Will-O-Wisp|p2a: Great Tusk
|-status|p2a: Great Tusk|brn
|
|-damage|p2a: Great Tusk|94/100 brn|[from] brn
|upkeep
|turn|2
|
|t:|1760377877
|move|p2a: Great Tusk|Ice Spinner|p1a: Rotom
|-resisted|p1a: Rotom
|-damage|p1a: Rotom|38/100
|move|p1a: Rotom|Pain Split|p2a: Great Tusk
|-sethp|p2a: Great Tusk|63/100 brn|[from] move: Pain Split|[silent]
|-sethp|p1a: Rotom|78/100|[from] move: Pain Split
|
|-damage|p2a: Great Tusk|56/100 brn|[from] brn
|upkeep
|turn|3
|inactive|JuicyShinx has 120 seconds left.
|
|t:|1760377899
|move|p2a: Great Tusk|Knock Off|p1a: Rotom
|-damage|p1a: Rotom|67/100
|move|p1a: Rotom|Hydro Pump|p2a: Great Tusk
|-damage|p2a: Great Tusk|0 fnt
|faint|p2a: Great Tusk
|-end|p2a: Great Tusk|Protosynthesis|[silent]
|
|upkeep
|inactive|JuicyShinx has 90 seconds left.
|
|t:|1760377936
|switch|p2a: Iron Crown|Iron Crown|100/100
|turn|4
|
|t:|1760377942
|move|p2a: Iron Crown|Psychic|p1a: Rotom
|-damage|p1a: Rotom|18/100
|move|p1a: Rotom|Will-O-Wisp|p2a: Iron Crown|[miss]
|-miss|p1a: Rotom|p2a: Iron Crown
|
|upkeep
|turn|5
|
|t:|1760377950
|switch|p1a: Ting-Lu|Ting-Lu|100/100
|-ability|p1a: Ting-Lu|Vessel of Ruin
|move|p2a: Iron Crown|Psychic|p1a: Ting-Lu
|-immune|p1a: Ting-Lu
|
|upkeep
|turn|6
|
|t:|1760377961
|-end|p2a: Iron Crown|Quark Drive|[silent]
|switch|p2a: Moltres|Moltres|100/100
|move|p1a: Ting-Lu|Stealth Rock|p2a: Moltres
|-sidestart|p2: JuicyShinx|move: Stealth Rock
|
|upkeep
|turn|7
|
|t:|1760377970
|move|p2a: Moltres|Hurricane|p1a: Ting-Lu
|-damage|p1a: Ting-Lu|74/100
|move|p1a: Ting-Lu|Ruination|p2a: Moltres
|-damage|p2a: Moltres|51/100
|
|-heal|p1a: Ting-Lu|80/100|[from] item: Leftovers
|upkeep
|turn|8
|
|t:|1760377977
|move|p2a: Moltres|U-turn|p1a: Ting-Lu
|-supereffective|p1a: Ting-Lu
|-damage|p1a: Ting-Lu|65/100
|inactive|JuicyShinx has 120 seconds left.
|
|t:|1760377982
|switch|p2a: Ogerpon|Ogerpon-Wellspring, F|100/100|[from] U-turn
|-damage|p2a: Ogerpon|88/100|[from] Stealth Rock
|move|p1a: Ting-Lu|Whirlwind|p2a: Ogerpon
|drag|p2a: Dragapult|Dragapult, F|100/100
|-damage|p2a: Dragapult|88/100|[from] Stealth Rock
|
|-heal|p2a: Dragapult|94/100|[from] item: Leftovers
|-heal|p1a: Ting-Lu|71/100|[from] item: Leftovers
|upkeep
|turn|9
|
|t:|1760377991
|move|p2a: Dragapult|Will-O-Wisp|p1a: Ting-Lu
|-status|p1a: Ting-Lu|brn
|move|p1a: Ting-Lu|Earthquake|p2a: Dragapult
|-damage|p2a: Dragapult|64/100
|
|-heal|p2a: Dragapult|70/100|[from] item: Leftovers
|-heal|p1a: Ting-Lu|77/100 brn|[from] item: Leftovers
|-damage|p1a: Ting-Lu|71/100 brn|[from] brn
|upkeep
|turn|10
|
|t:|1760378000
|switch|p2a: Moltres|Moltres|51/100
|move|p1a: Ting-Lu|Ruination|p2a: Moltres
|-damage|p2a: Moltres|26/100
|
|-heal|p1a: Ting-Lu|77/100 brn|[from] item: Leftovers
|-damage|p1a: Ting-Lu|71/100 brn|[from] brn
|upkeep
|turn|11
|
|t:|1760378008
|move|p2a: Moltres|Roost|p2a: Moltres
|-heal|p2a: Moltres|76/100
|-singleturn|p2a: Moltres|move: Roost
|move|p1a: Ting-Lu|Whirlwind|p2a: Moltres
|drag|p2a: Dragapult|Dragapult, F|70/100
|-damage|p2a: Dragapult|58/100|[from] Stealth Rock
|
|-heal|p2a: Dragapult|64/100|[from] item: Leftovers
|-heal|p1a: Ting-Lu|77/100 brn|[from] item: Leftovers
|-damage|p1a: Ting-Lu|71/100 brn|[from] brn
|upkeep
|turn|12
|
|t:|1760378014
|move|p2a: Dragapult|Dragon Darts|p1a: Ting-Lu
|-damage|p1a: Ting-Lu|58/100 brn
|-anim|p2a: Dragapult|Dragon Darts|p1a: Ting-Lu
|-damage|p1a: Ting-Lu|44/100 brn
|move|p1a: Ting-Lu|Ruination|p2a: Dragapult
|-damage|p2a: Dragapult|32/100
|
|-heal|p2a: Dragapult|38/100|[from] item: Leftovers
|-heal|p1a: Ting-Lu|50/100 brn|[from] item: Leftovers
|-damage|p1a: Ting-Lu|44/100 brn|[from] brn
|upkeep
|turn|13
|inactive|mahoganydoors has 120 seconds left.
|
|t:|1760378049
|switch|p2a: Moltres|Moltres|76/100
|switch|p1a: Clefable|Clefable, F|100/100
|
|upkeep
|turn|14
|
|t:|1760378058
|move|p2a: Moltres|Hurricane|p1a: Clefable
|-damage|p1a: Clefable|46/100
|-start|p1a: Clefable|confusion
|-activate|p1a: Clefable|confusion
|move|p1a: Clefable|Thunder Wave|p2a: Moltres
|-status|p2a: Moltres|par
|
|-heal|p1a: Clefable|52/100|[from] item: Leftovers
|upkeep
|turn|15
|
|t:|1760378068
|-activate|p1a: Clefable|confusion
|move|p1a: Clefable|Moonblast|p2a: Moltres
|-resisted|p2a: Moltres
|-damage|p2a: Moltres|61/100 par
|-unboost|p2a: Moltres|spa|1
|cant|p2a: Moltres|par
|
|-heal|p1a: Clefable|58/100|[from] item: Leftovers
|upkeep
|turn|16
|
|t:|1760378079
|switch|p1a: Kyurem|Kyurem|100/100
|-ability|p1a: Kyurem|Pressure
|cant|p2a: Moltres|par
|
|upkeep
|turn|17
|
|t:|1760378085
|move|p1a: Kyurem|Draco Meteor|p2a: Moltres
|-damage|p2a: Moltres|0 fnt
|-unboost|p1a: Kyurem|spa|2
|faint|p2a: Moltres
|
|upkeep
|
|t:|1760378097
|switch|p2a: Dragapult|Dragapult, F|38/100
|-damage|p2a: Dragapult|26/100|[from] Stealth Rock
|turn|18
|
|t:|1760378104
|switch|p1a: Clefable|Clefable, F|58/100
|move|p2a: Dragapult|Dragon Darts|p1a: Clefable
|-immune|p1a: Clefable
|
|-heal|p2a: Dragapult|32/100|[from] item: Leftovers
|-heal|p1a: Clefable|64/100|[from] item: Leftovers
|upkeep
|turn|19
|
|t:|1760378112
|switch|p2a: Glimmora|Glimmora, M|100/100
|-damage|p2a: Glimmora|88/100|[from] Stealth Rock
|move|p1a: Clefable|Thunder Wave|p2a: Glimmora
|-status|p2a: Glimmora|par
|
|-heal|p1a: Clefable|71/100|[from] item: Leftovers
|upkeep
|turn|20
|
|t:|1760378123
|switch|p1a: Scizor|Scizor, F|100/100
|cant|p2a: Glimmora|par
|
|upkeep
|turn|21
|
|t:|1760378142
|move|p1a: Scizor|Knock Off|p2a: Glimmora
|-damage|p2a: Glimmora|29/100 par
|-activate|p2a: Glimmora|ability: Toxic Debris
|-sidestart|p1: mahoganydoors|move: Toxic Spikes
|-enditem|p2a: Glimmora|Focus Sash|[from] move: Knock Off|[of] p1a: Scizor
|move|p2a: Glimmora|Earth Power|p1a: Scizor
|-damage|p1a: Scizor|67/100
|
|upkeep
|turn|22
|
|t:|1760378156
|switch|p1a: Gholdengo|Gholdengo|100/100
|-item|p1a: Gholdengo|Air Balloon
|move|p2a: Glimmora|Power Gem|p1a: Gholdengo
|-resisted|p1a: Gholdengo
|-damage|p1a: Gholdengo|81/100
|-enditem|p1a: Gholdengo|Air Balloon
|
|upkeep
|turn|23
|
|t:|1760378165
|move|p1a: Gholdengo|Shadow Ball|p2a: Glimmora
|-damage|p2a: Glimmora|0 fnt
|faint|p2a: Glimmora
|
|upkeep
|
|t:|1760378172
|switch|p2a: Iron Crown|Iron Crown|100/100
|-damage|p2a: Iron Crown|94/100|[from] Stealth Rock
|turn|24
|
|t:|1760378189
|move|p2a: Iron Crown|Volt Switch|p1a: Gholdengo
|-damage|p1a: Gholdengo|49/100
|
|t:|1760378192
|-end|p2a: Iron Crown|Quark Drive|[silent]
|switch|p2a: Ogerpon|Ogerpon-Wellspring, F|88/100|[from] Volt Switch
|-damage|p2a: Ogerpon|76/100|[from] Stealth Rock
|move|p1a: Gholdengo|Focus Blast|p2a: Ogerpon
|-damage|p2a: Ogerpon|23/100
|
|upkeep
|turn|25
|
|t:|1760378202
|move|p2a: Ogerpon|Knock Off|p1a: Gholdengo
|-supereffective|p1a: Gholdengo
|-damage|p1a: Gholdengo|0 fnt
|faint|p1a: Gholdengo
|
|upkeep
|
|t:|1760378220
|switch|p1a: Scizor|Scizor, F|67/100
|turn|26
|
|t:|1760378228
|move|p1a: Scizor|Bullet Punch|p2a: Ogerpon
|-resisted|p2a: Ogerpon
|-damage|p2a: Ogerpon|0 fnt
|faint|p2a: Ogerpon
|
|upkeep
|
|t:|1760378231
|switch|p2a: Iron Crown|Iron Crown|94/100
|-damage|p2a: Iron Crown|88/100|[from] Stealth Rock
|turn|27
|
|t:|1760378247
|switch|p1a: Rotom|Rotom-Wash|18/100
|move|p2a: Iron Crown|Tachyon Cutter|p1a: Rotom
|-resisted|p1a: Rotom
|-damage|p1a: Rotom|10/100
|-resisted|p1a: Rotom
|-damage|p1a: Rotom|3/100
|-hitcount|p1a: Rotom|2
|
|upkeep
|turn|28
|
|t:|1760378251
|move|p2a: Iron Crown|Tachyon Cutter|p1a: Rotom
|-resisted|p1a: Rotom
|-damage|p1a: Rotom|0 fnt
|faint|p1a: Rotom
|-hitcount|p1: Rotom|1
|
|upkeep
|
|t:|1760378257
|switch|p1a: Ting-Lu|Ting-Lu|44/100 brn
|-ability|p1a: Ting-Lu|Vessel of Ruin
|turn|29
|
|t:|1760378262
|move|p2a: Iron Crown|Tachyon Cutter|p1a: Ting-Lu
|-damage|p1a: Ting-Lu|33/100 brn
|-damage|p1a: Ting-Lu|21/100 brn
|-hitcount|p1a: Ting-Lu|2
|move|p1a: Ting-Lu|Earthquake|p2a: Iron Crown
|-supereffective|p2a: Iron Crown
|-damage|p2a: Iron Crown|49/100
|
|-heal|p1a: Ting-Lu|27/100 brn|[from] item: Leftovers
|-damage|p1a: Ting-Lu|21/100 brn|[from] brn
|upkeep
|turn|30
|
|t:|1760378269
|move|p2a: Iron Crown|Tachyon Cutter|p1a: Ting-Lu
|-damage|p1a: Ting-Lu|10/100 brn
|-damage|p1a: Ting-Lu|0 fnt
|faint|p1a: Ting-Lu
|-hitcount|p1: Ting-Lu|2
|
|upkeep
|
|t:|1760378274
|switch|p1a: Kyurem|Kyurem|100/100
|-status|p1a: Kyurem|psn
|-ability|p1a: Kyurem|Pressure
|turn|31
|
|t:|1760378277
|move|p2a: Iron Crown|Tachyon Cutter|p1a: Kyurem
|-supereffective|p1a: Kyurem
|-damage|p1a: Kyurem|45/100 psn
|-supereffective|p1a: Kyurem
|-damage|p1a: Kyurem|0 fnt
|faint|p1a: Kyurem
|-hitcount|p1: Kyurem|2
|
|upkeep
|
|t:|1760378282
|switch|p1a: Clefable|Clefable, F|71/100
|-status|p1a: Clefable|psn
|turn|32
|
|t:|1760378285
|move|p2a: Iron Crown|Tachyon Cutter|p1a: Clefable
|-supereffective|p1a: Clefable
|-damage|p1a: Clefable|17/100 psn
|-supereffective|p1a: Clefable
|-damage|p1a: Clefable|0 fnt
|faint|p1a: Clefable
|-hitcount|p1: Clefable|2
|
|upkeep
|-message|mahoganydoors forfeited.
|
|win|JuicyShinx
|raw|mahoganydoors's rating: 1279 &rarr; <strong>1255</strong><br />(-24 for losing)
|raw|JuicyShinx's rating: 1298 &rarr; <strong>1322</strong><br />(+24 for winning)
|l|☆mahoganydoors
|player|p1|
