|j|☆Agent Derf
|j|‽mantikarp2.0
|t:|1760339553
|gametype|singles
|player|p1|Agent Derf|102|1540
|player|p2|mantikarp2.0|265|1546
|gen|9
|tier|[Gen 9] OU
|rated|
|rule|HP Percentage Mod: HP is shown in percentages
|rule|Endless Battle Clause: Forcing endless battles is banned
|rule|Species Clause: Limit one of each Pokémon
|rule|OHKO Clause: OHKO moves are banned
|rule|Evasion Items Clause: Evasion items are banned
|rule|Evasion Moves Clause: Evasion moves are banned
|rule|Evasion Abilities Clause: Evasion abilities are banned
|rule|Sleep Moves Clause: Sleep-inducing moves are banned
|clearpoke
|poke|p1|Typhlosion-Hisui, F|
|poke|p1|Ogerpon-Wellspring, F|
|poke|p1|Mienshao, F|
|poke|p1|Great Tusk|
|poke|p1|Glimmora, F|
|poke|p1|Dragapult, M|
|poke|p2|Ribombee, F|
|poke|p2|Gholdengo|
|poke|p2|Great Tusk|
|poke|p2|Raging Bolt|
|poke|p2|Ogerpon-Cornerstone, F|
|poke|p2|Ceruledge, M|
|teampreview
|inactive|Battle timer is ON: inactive players will automatically lose when time's up. (requested by mantikarp2.0)
|inactive|Agent Derf has 120 seconds left.
|inactive|Agent Derf has 90 seconds left.
|
|t:|1760339644
|teamsize|p1|6
|teamsize|p2|6
|start
|switch|p1a: Glimmora|Glimmora, F|100/100
|switch|p2a: Ribombee|Ribombee, F, shiny|100/100
|turn|1
|
|t:|1760339652
|move|p2a: Ribombee|Psychic Noise|p1a: Glimmora
|-supereffective|p1a: Glimmora
|-damage|p1a: Glimmora|48/100
|-start|p1a: Glimmora|move: Heal Block
|-enditem|p1a: Glimmora|Red Card|[of] p2a: Ribombee
|drag|p2a: Raging Bolt|Raging Bolt|100/100
|-enditem|p2a: Raging Bolt|Booster Energy
|-activate|p2a: Raging Bolt|ability: Protosynthesis|[fromitem]
|-start|p2a: Raging Bolt|protosynthesisspa
|move|p1a: Glimmora|Mortal Spin|p2a: Raging Bolt
|-damage|p2a: Raging Bolt|95/100
|-status|p2a: Raging Bolt|psn
|
|-damage|p2a: Raging Bolt|83/100 psn|[from] psn
|upkeep
|turn|2
|
|t:|1760339666
|move|p1a: Glimmora|Stealth Rock|p2a: Raging Bolt
|-sidestart|p2: mantikarp2.0|move: Stealth Rock
|move|p2a: Raging Bolt|Dragon Pulse|p1a: Glimmora
|-damage|p1a: Glimmora|0 fnt
|faint|p1a: Glimmora
|
|-damage|p2a: Raging Bolt|70/100 psn|[from] psn
|upkeep
|
|t:|1760339674
|switch|p1a: Mienshao|Mienshao, F|100/100
|turn|3
|
|t:|1760339677
|move|p1a: Mienshao|Upper Hand||[still]
|-fail|p1a: Mienshao
|move|p2a: Raging Bolt|Dragon Pulse|p1a: Mienshao
|-damage|p1a: Mienshao|0 fnt
|faint|p1a: Mienshao
|
|-damage|p2a: Raging Bolt|58/100 psn|[from] psn
|upkeep
|j| lakob
|
|t:|1760339701
|switch|p1a: Dragapult|Dragapult, M|100/100
|turn|4
|
|t:|1760339706
|move|p2a: Raging Bolt|Thunderclap||[still]
|-fail|p2a: Raging Bolt
|move|p1a: Dragapult|Substitute|p1a: Dragapult
|-start|p1a: Dragapult|Substitute
|-damage|p1a: Dragapult|76/100
|
|-heal|p1a: Dragapult|82/100|[from] item: Leftovers
|-damage|p2a: Raging Bolt|46/100 psn|[from] psn
|upkeep
|turn|5
|
|t:|1760339712
|move|p2a: Raging Bolt|Thunderclap|p1a: Dragapult
|-resisted|p1a: Dragapult
|-end|p1a: Dragapult|Substitute
|move|p1a: Dragapult|Dragon Darts|p2a: Raging Bolt
|-supereffective|p2a: Raging Bolt
|-damage|p2a: Raging Bolt|0 fnt
|faint|p2a: Raging Bolt
|-end|p2a: Raging Bolt|Protosynthesis|[silent]
|
|-heal|p1a: Dragapult|88/100|[from] item: Leftovers
|upkeep
|
|t:|1760339721
|switch|p2a: Ribombee|Ribombee, F, shiny|100/100
|-damage|p2a: Ribombee|76/100|[from] Stealth Rock
|turn|6
|
|t:|1760339739
|switch|p1a: Ogerpon|Ogerpon-Wellspring, F|100/100
|move|p2a: Ribombee|Sticky Web|p1a: Ogerpon
|-sidestart|p1: Agent Derf|move: Sticky Web
|
|upkeep
|turn|7
|
|t:|1760339749
|move|p2a: Ribombee|Skill Swap|p1a: Ogerpon
|-activate|p2a: Ribombee|move: Skill Swap|Water Absorb|Shield Dust|[of] p1a: Ogerpon
|move|p1a: Ogerpon|Swords Dance|p1a: Ogerpon
|-boost|p1a: Ogerpon|atk|2
|
|upkeep
|turn|8
|l|‽mantikarp2.0
|inactive|mantikarp2.0 disconnected and has a minute to reconnect!
|player|p2|
|
|t:|1760339769
|move|p2a: Ribombee|Moonblast|p1a: Ogerpon
|-damage|p1a: Ogerpon|56/100
|move|p1a: Ogerpon|Ivy Cudgel|p2a: Ribombee|[anim] Ivy Cudgel Water
|-heal|p2a: Ribombee|100/100|[from] ability: Water Absorb|[of] p1a: Ogerpon
|
|upkeep
|turn|9
|j|‽mantikarp2.0
|inactive|mantikarp2.0 reconnected and has 150 seconds left.
|player|p2|mantikarp2.0|265|
|n|‽mantikarp2.0|mantikarp20
|n|‽mantikarp2.0|mantikarp20
|
|t:|1760339783
|move|p2a: Ribombee|Psychic Noise|p1a: Ogerpon
|-damage|p1a: Ogerpon|32/100
|move|p1a: Ogerpon|Horn Leech|p2a: Ribombee
|-resisted|p2a: Ribombee
|-damage|p2a: Ribombee|12/100
|-heal|p1a: Ogerpon|71/100|[from] drain|[of] p2a: Ribombee
|
|upkeep
|turn|10
|
|t:|1760339792
|move|p2a: Ribombee|Moonblast|p1a: Ogerpon
|-damage|p1a: Ogerpon|23/100
|move|p1a: Ogerpon|Horn Leech|p2a: Ribombee
|-resisted|p2a: Ribombee
|-damage|p2a: Ribombee|0 fnt
|-heal|p1a: Ogerpon|28/100|[from] drain|[of] p2a: Ribombee
|faint|p2a: Ribombee
|
|upkeep
|
|t:|1760339804
|switch|p2a: Ceruledge|Ceruledge, M, shiny|100/100
|-damage|p2a: Ceruledge|76/100|[from] Stealth Rock
|turn|11
|
|t:|1760339811
|move|p2a: Ceruledge|Shadow Sneak|p1a: Ogerpon
|-damage|p1a: Ogerpon|0 fnt
|faint|p1a: Ogerpon
|
|upkeep
|
|t:|1760339823
|switch|p1a: Dragapult|Dragapult, M|88/100
|-activate|p1a: Dragapult|move: Sticky Web
|-fail|p1a: Dragapult|unboost|[from] ability: Clear Body|[of] p1a: Dragapult
|turn|12
|
|t:|1760339839
|-terastallize|p1a: Dragapult|Fire
|move|p2a: Ceruledge|Shadow Sneak|p1a: Dragapult
|-damage|p1a: Dragapult|55/100
|move|p1a: Dragapult|Dragon Dance|p1a: Dragapult
|-boost|p1a: Dragapult|atk|1
|-boost|p1a: Dragapult|spe|1
|
|-heal|p1a: Dragapult|61/100|[from] item: Leftovers
|upkeep
|turn|13
|
|t:|1760339852
|move|p2a: Ceruledge|Shadow Sneak|p1a: Dragapult
|-damage|p1a: Dragapult|28/100
|move|p1a: Dragapult|Dragon Darts|p2a: Ceruledge
|-damage|p2a: Ceruledge|18/100
|-ability|p2a: Ceruledge|Weak Armor|boost
|-unboost|p2a: Ceruledge|def|1
|-boost|p2a: Ceruledge|spe|2
|-anim|p1a: Dragapult|Dragon Darts|p2a: Ceruledge
|-damage|p2a: Ceruledge|0 fnt
|faint|p2a: Ceruledge
|
|-heal|p1a: Dragapult|34/100|[from] item: Leftovers
|upkeep
|
|t:|1760339862
|switch|p2a: Great Tusk|Great Tusk, shiny|100/100
|-damage|p2a: Great Tusk|98/100|[from] Stealth Rock
|-enditem|p2a: Great Tusk|Booster Energy
|-activate|p2a: Great Tusk|ability: Protosynthesis|[fromitem]
|-start|p2a: Great Tusk|protosynthesisatk
|turn|14
|
|t:|1760339874
|move|p1a: Dragapult|Substitute|p1a: Dragapult
|-start|p1a: Dragapult|Substitute
|-damage|p1a: Dragapult|9/100
|move|p2a: Great Tusk|Rapid Spin|p1a: Dragapult
|-end|p1a: Dragapult|Substitute
|-sideend|p2: mantikarp2.0|Stealth Rock|[from] move: Rapid Spin|[of] p2a: Great Tusk
|-boost|p2a: Great Tusk|spe|1
|
|-heal|p1a: Dragapult|15/100|[from] item: Leftovers
|upkeep
|turn|15
|
|t:|1760339882
|move|p1a: Dragapult|Dragon Darts|p2a: Great Tusk
|-crit|p2a: Great Tusk
|-damage|p2a: Great Tusk|51/100
|-anim|p1a: Dragapult|Dragon Darts|p2a: Great Tusk
|-damage|p2a: Great Tusk|22/100
|move|p2a: Great Tusk|Rapid Spin|p1a: Dragapult
|-damage|p1a: Dragapult|0 fnt
|-boost|p2a: Great Tusk|spe|1
|faint|p1a: Dragapult
|
|upkeep
|
|t:|1760339886
|switch|p1a: Great Tusk|Great Tusk|100/100
|-activate|p1a: Great Tusk|move: Sticky Web
|-unboost|p1a: Great Tusk|spe|1
|turn|16
|
|t:|1760339892
|-end|p2a: Great Tusk|Protosynthesis|[silent]
|switch|p2a: Gholdengo|Gholdengo, shiny|100/100
|-item|p2a: Gholdengo|Air Balloon
|move|p1a: Great Tusk|Rapid Spin|p2a: Gholdengo
|-immune|p2a: Gholdengo
|
|upkeep
|turn|17
|-message|Agent Derf forfeited.
|
|win|mantikarp2.0
|raw|Agent Derf's rating: 1540 &rarr; <strong>1520</strong><br />(-20 for losing)
|raw|mantikarp2.0's rating: 1546 &rarr; <strong>1566</strong><br />(+20 for winning)
|l|☆Agent Derf
|player|p1|
|l|‽mantikarp2.0
|player|p2|
|l| lakob
