|j|☆Tyujhgbnm
|j|☆donfeitan
|t:|1760454069
|gametype|singles
|player|p1|Tyujhgbnm|101|1216
|player|p2|donfeitan|cheryl|1169
|gen|9
|tier|[Gen 9] OU
|rated|
|rule|HP Percentage Mod: HP is shown in percentages
|rule|Endless Battle Clause: Forcing endless battles is banned
|rule|Species Clause: Limit one of each Pokémon
|rule|OHKO Clause: OHKO moves are banned
|rule|Evasion Items Clause: Evasion items are banned
|rule|Evasion Moves Clause: Evasion moves are banned
|rule|Evasion Abilities Clause: Evasion abilities are banned
|rule|Sleep Moves Clause: Sleep-inducing moves are banned
|clearpoke
|poke|p1|Latios, M|
|poke|p1|Iron Valiant|
|poke|p1|Hoopa-Unbound|
|poke|p1|Iron Hands|
|poke|p1|Clefable, M|
|poke|p1|Reuniclus, F|
|poke|p2|Torkoal, F|
|poke|p2|Entei|
|poke|p2|Zarude|
|poke|p2|Vaporeon, F|
|poke|p2|Mew|
|poke|p2|Cobalion|
|teampreview
|
|t:|1760454086
|teamsize|p1|6
|teamsize|p2|6
|start
|switch|p1a: Iron Hands|Iron Hands|100/100
|switch|p2a: Torkoal|Torkoal, F|100/100
|-weather|SunnyDay|[from] ability: Drought|[of] p2a: Torkoal
|-enditem|p1a: Iron Hands|Booster Energy
|-activate|p1a: Iron Hands|ability: Quark Drive|[fromitem]
|-start|p1a: Iron Hands|quarkdriveatk
|turn|1
|inactive|Battle timer is ON: inactive players will automatically lose when time's up. (requested by donfeitan)
|
|t:|1760454099
|move|p1a: Iron Hands|Earthquake|p2a: Torkoal
|-supereffective|p2a: Torkoal
|-crit|p2a: Torkoal
|-damage|p2a: Torkoal|9/100
|move|p2a: Torkoal|Stealth Rock|p1a: Iron Hands
|-sidestart|p1: Tyujhgbnm|move: Stealth Rock
|
|-weather|SunnyDay|[upkeep]
|upkeep
|turn|2
|
|t:|1760454113
|switch|p2a: Zarude|Zarude|100/100
|move|p1a: Iron Hands|Thunder Punch|p2a: Zarude
|-resisted|p2a: Zarude
|-damage|p2a: Zarude|75/100
|
|-weather|SunnyDay|[upkeep]
|upkeep
|turn|3
|
|t:|1760454122
|move|p2a: Zarude|Aerial Ace|p1a: Iron Hands
|-damage|p1a: Iron Hands|86/100
|-damage|p2a: Zarude|65/100|[from] item: Life Orb
|move|p1a: Iron Hands|Drain Punch|p2a: Zarude
|-supereffective|p2a: Zarude
|-damage|p2a: Zarude|0 fnt
|-heal|p1a: Iron Hands|100/100|[from] drain|[of] p2a: Zarude
|faint|p2a: Zarude
|
|-weather|SunnyDay|[upkeep]
|upkeep
|
|t:|1760454146
|switch|p2a: Vaporeon|Vaporeon, F|100/100
|turn|4
|
|t:|1760454155
|move|p2a: Vaporeon|Protect|p2a: Vaporeon
|-singleturn|p2a: Vaporeon|Protect
|move|p1a: Iron Hands|Thunder Punch|p2a: Vaporeon
|-activate|p2a: Vaporeon|move: Protect
|
|-weather|SunnyDay|[upkeep]
|upkeep
|turn|5
|inactive|donfeitan has 120 seconds left.
|
|t:|1760454181
|switch|p2a: Cobalion|Cobalion|100/100
|move|p1a: Iron Hands|Thunder Punch|p2a: Cobalion
|-damage|p2a: Cobalion|62/100
|-status|p2a: Cobalion|par
|-damage|p1a: Iron Hands|84/100|[from] item: Rocky Helmet|[of] p2a: Cobalion
|
|-weather|SunnyDay|[upkeep]
|upkeep
|turn|6
|inactive|donfeitan has 120 seconds left.
|
|t:|1760454194
|switch|p2a: Mew|Mew|100/100
|move|p1a: Iron Hands|Earthquake|p2a: Mew
|-damage|p2a: Mew|53/100
|
|-weather|SunnyDay|[upkeep]
|upkeep
|turn|7
|j| Supreme777.
|
|t:|1760454200
|move|p2a: Mew|Fire Spin|p1a: Iron Hands|[miss]
|-miss|p2a: Mew|p1a: Iron Hands
|move|p1a: Iron Hands|Thunder Punch|p2a: Mew
|-damage|p2a: Mew|0 fnt
|faint|p2a: Mew
|
|-weather|SunnyDay|[upkeep]
|upkeep
|
|t:|1760454203
|switch|p2a: Entei|Entei|100/100
|turn|8
|-message|Tyujhgbnm forfeited.
|
|win|donfeitan
|raw|Tyujhgbnm's rating: 1216 &rarr; <strong>1188</strong><br />(-28 for losing)
|raw|donfeitan's rating: 1169 &rarr; <strong>1197</strong><br />(+28 for winning)
|l|☆Tyujhgbnm
|player|p1|
|l|☆donfeitan
|player|p2|
|l| Supreme777.
