|badge|p2|bronze|gen9ou|100-7
|uhtml|medal-msg|<div class="broadcast-blue">Curious what those medals under the avatar are? PS now has Ladder Seasons! For more information, check out the <a href="https://www.smogon.com/forums/threads/3740067/">thread on Smogon.</a></div>
|j|☆jemaisjepa
|j|☆Trainer #39
|t:|1760365499
|gametype|singles
|player|p1|jemaisjepa|marlon|1880
|player|p2|Trainer #39|bugsy|1933
|gen|9
|tier|[Gen 9] OU
|rated|
|rule|HP Percentage Mod: HP is shown in percentages
|rule|Endless Battle Clause: Forcing endless battles is banned
|rule|Species Clause: Limit one of each Pokémon
|rule|OHKO Clause: OHKO moves are banned
|rule|Evasion Items Clause: Evasion items are banned
|rule|Evasion Moves Clause: Evasion moves are banned
|rule|Evasion Abilities Clause: Evasion abilities are banned
|rule|Sleep Moves Clause: Sleep-inducing moves are banned
|clearpoke
|poke|p1|Weezing-Galar, F|
|poke|p1|Alomomola, F|
|poke|p1|Dragonite, M|
|poke|p1|Great Tusk|
|poke|p1|Zamazenta-*|
|poke|p1|Ogerpon-Wellspring, F|
|poke|p2|Blissey, F|
|poke|p2|Corviknight, M|
|poke|p2|Dondozo, M|
|poke|p2|Gliscor, M|
|poke|p2|Clefable, M|
|poke|p2|Slowking-Galar, M|
|teampreview
|inactive|Battle timer is ON: inactive players will automatically lose when time's up. (requested by jemaisjepa)
|j| FaronAan
|inactive|Trainer #39 has 120 seconds left.
|inactive|Trainer #39 has 90 seconds left.
|inactive|Trainer #39 has 60 seconds left.
|
|t:|1760365609
|teamsize|p1|6
|teamsize|p2|6
|start
|switch|p1a: Weezing|Weezing-Galar, F, shiny|100/100
|switch|p2a: 🇮🇱=stop genocide|Gliscor, M|100/100
|-ability|p1a: Weezing|Neutralizing Gas
|turn|1
|
|t:|1760365615
|move|p2a: 🇮🇱=stop genocide|Protect|p2a: 🇮🇱=stop genocide
|-singleturn|p2a: 🇮🇱=stop genocide|Protect
|move|p1a: Weezing|Will-O-Wisp|p2a: 🇮🇱=stop genocide
|-activate|p2a: 🇮🇱=stop genocide|move: Protect
|
|-status|p2a: 🇮🇱=stop genocide|tox|[from] item: Toxic Orb
|upkeep
|turn|2
|
|t:|1760365621
|switch|p2a: LeJ/ovni/la lettre|Slowking-Galar, M|100/100
|-end|p1a: Weezing|ability: Neutralizing Gas
|switch|p1a: Alomomola|Alomomola, F, shiny|100/100
|
|upkeep
|turn|3
|inactive|Trainer #39 has 120 seconds left.
|
|t:|1760365647
|move|p2a: LeJ/ovni/la lettre|Thunder Wave|p1a: Alomomola
|-status|p1a: Alomomola|par
|cant|p1a: Alomomola|par
|
|upkeep
|turn|4
|j| rfeeer
|inactive|Trainer #39 has 90 seconds left.
|
|t:|1760365686
|switch|p2a: brat|Blissey, F|100/100
|move|p1a: Alomomola|Body Slam|p2a: brat
|-damage|p2a: brat|83/100
|
|upkeep
|turn|5
|
|t:|1760365696
|move|p2a: brat|Stealth Rock|p1a: Alomomola
|-sidestart|p1: jemaisjepa|move: Stealth Rock
|move|p1a: Alomomola|Flip Turn|p2a: brat
|-damage|p2a: brat|65/100
|
|t:|1760365700
|switch|p1a: Weezing|Weezing-Galar, F, shiny|100/100|[from] Flip Turn
|-ability|p1a: Weezing|Neutralizing Gas
|
|upkeep
|turn|6
|
|t:|1760365705
|switch|p2a: LeJ/ovni/la lettre|Slowking-Galar, M|100/100
|move|p1a: Weezing|Defog|p2a: LeJ/ovni/la lettre
|-unboost|p2a: LeJ/ovni/la lettre|evasion|1
|-sideend|p1: jemaisjepa|Stealth Rock|[from] move: Defog|[of] p1a: Weezing
|
|upkeep
|turn|7
|
|t:|1760365710
|-end|p1a: Weezing|ability: Neutralizing Gas
|switch|p1a: Great Tusk|Great Tusk|100/100
|-enditem|p1a: Great Tusk|Booster Energy
|-activate|p1a: Great Tusk|ability: Protosynthesis|[fromitem]
|-start|p1a: Great Tusk|protosynthesisatk
|move|p2a: LeJ/ovni/la lettre|Trick|p1a: Great Tusk
|-activate|p2a: LeJ/ovni/la lettre|move: Trick|[of] p1a: Great Tusk
|-item|p1a: Great Tusk|Choice Scarf|[from] move: Trick
|-enditem|p2a: LeJ/ovni/la lettre|Choice Scarf|[silent]|[from] move: Trick
|
|upkeep
|turn|8
|
|t:|1760365719
|switch|p2a: 808 and curses|Dondozo, M|100/100
|move|p1a: Great Tusk|Stealth Rock|p2a: 808 and curses
|-sidestart|p2: Trainer #39|move: Stealth Rock
|
|upkeep
|turn|9
|
|t:|1760365722
|-end|p1a: Great Tusk|Protosynthesis|[silent]
|switch|p1a: Ogerpon|Ogerpon-Wellspring, F|100/100
|switch|p2a: Charlie Kirk: idc|Corviknight, M|100/100
|-damage|p2a: Charlie Kirk: idc|88/100|[from] Stealth Rock
|-ability|p2a: Charlie Kirk: idc|Pressure
|
|upkeep
|turn|10
|j| Swagboss123456789
|
|t:|1760365727
|switch|p1a: Alomomola|Alomomola, F, shiny|100/100 par
|move|p2a: Charlie Kirk: idc|Defog|p1a: Alomomola
|-unboost|p1a: Alomomola|evasion|1
|-sideend|p2: Trainer #39|Stealth Rock|[from] move: Defog|[of] p2a: Charlie Kirk: idc
|
|upkeep
|turn|11
|
|t:|1760365730
|move|p2a: Charlie Kirk: idc|U-turn|p1a: Alomomola
|-damage|p1a: Alomomola|92/100 par
|
|t:|1760365732
|switch|p2a: LeJ/ovni/la lettre|Slowking-Galar, M|100/100|[from] U-turn
|cant|p1a: Alomomola|par
|
|upkeep
|turn|12
|
|t:|1760365736
|move|p2a: LeJ/ovni/la lettre|Future Sight|p1a: Alomomola
|-start|p2a: LeJ/ovni/la lettre|move: Future Sight
|cant|p1a: Alomomola|par
|
|upkeep
|turn|13
|
|t:|1760365738
|move|p2a: LeJ/ovni/la lettre|Trick|p1a: Alomomola
|-activate|p2a: LeJ/ovni/la lettre|move: Trick|[of] p1a: Alomomola
|-enditem|p1a: Alomomola|Assault Vest|[silent]|[from] move: Trick
|-item|p2a: LeJ/ovni/la lettre|Assault Vest|[from] move: Trick
|move|p1a: Alomomola|Flip Turn|p2a: LeJ/ovni/la lettre
|-damage|p2a: LeJ/ovni/la lettre|81/100
|
|t:|1760365749
|switch|p1a: Ogerpon|Ogerpon-Wellspring, F|100/100|[from] Flip Turn
|
|upkeep
|turn|14
|
|t:|1760365752
|move|p1a: Ogerpon|U-turn|p2a: LeJ/ovni/la lettre
|-damage|p2a: LeJ/ovni/la lettre|51/100
|
|t:|1760365755
|switch|p1a: Alomomola|Alomomola, F, shiny|100/100 par|[from] U-turn
|move|p2a: LeJ/ovni/la lettre|Sludge Bomb|p1a: Alomomola
|-damage|p1a: Alomomola|74/100 par
|
|-end|p1a: Alomomola|move: Future Sight
|-damage|p1a: Alomomola|39/100 par
|upkeep
|turn|15
|
|t:|1760365761
|switch|p1a: Dragonite|Dragonite, M, shiny|100/100
|move|p2a: LeJ/ovni/la lettre|Future Sight|p1a: Dragonite
|-start|p2a: LeJ/ovni/la lettre|move: Future Sight
|
|upkeep
|turn|16
|l| rfeeer
|
|t:|1760365766
|switch|p2a: Charlie Kirk: idc|Corviknight, M|88/100
|-ability|p2a: Charlie Kirk: idc|Pressure
|move|p1a: Dragonite|Thunder Wave|p2a: Charlie Kirk: idc|[miss]
|-miss|p1a: Dragonite|p2a: Charlie Kirk: idc
|
|upkeep
|turn|17
|
|t:|1760365768
|move|p1a: Dragonite|Thunder Wave|p2a: Charlie Kirk: idc
|-status|p2a: Charlie Kirk: idc|par
|move|p2a: Charlie Kirk: idc|Brave Bird|p1a: Dragonite
|-damage|p1a: Dragonite|83/100
|-damage|p2a: Charlie Kirk: idc|82/100 par|[from] Recoil
|
|-end|p1a: Dragonite|move: Future Sight
|-damage|p1a: Dragonite|45/100
|upkeep
|turn|18
|
|t:|1760365772
|move|p1a: Dragonite|Roost|p1a: Dragonite
|-heal|p1a: Dragonite|95/100
|-singleturn|p1a: Dragonite|move: Roost
|move|p2a: Charlie Kirk: idc|U-turn|p1a: Dragonite
|-crit|p1a: Dragonite
|-damage|p1a: Dragonite|76/100
|
|t:|1760365775
|switch|p2a: LeJ/ovni/la lettre|Slowking-Galar, M|84/100|[from] U-turn
|
|upkeep
|turn|19
|
|t:|1760365778
|switch|p2a: Charlie Kirk: idc|Corviknight, M|82/100 par
|-ability|p2a: Charlie Kirk: idc|Pressure
|move|p1a: Dragonite|Thunder Wave|p2a: Charlie Kirk: idc
|-fail|p2a: Charlie Kirk: idc|par
|
|upkeep
|turn|20
|
|t:|1760365780
|move|p1a: Dragonite|Roost|p1a: Dragonite
|-heal|p1a: Dragonite|100/100
|-singleturn|p1a: Dragonite|move: Roost
|move|p2a: Charlie Kirk: idc|U-turn|p1a: Dragonite
|-damage|p1a: Dragonite|94/100
|
|t:|1760365782
|switch|p2a: 🇮🇱=stop genocide|Gliscor, M|100/100 tox|[from] U-turn
|
|upkeep
|turn|21
|
|t:|1760365786
|move|p2a: 🇮🇱=stop genocide|Earthquake|p1a: Dragonite
|-immune|p1a: Dragonite
|move|p1a: Dragonite|Dragon Tail|p2a: 🇮🇱=stop genocide
|-damage|p2a: 🇮🇱=stop genocide|77/100 tox
|drag|p2a: brat|Blissey, F|65/100
|
|upkeep
|turn|22
|
|t:|1760365793
|move|p2a: brat|Stealth Rock|p1a: Dragonite
|-sidestart|p1: jemaisjepa|move: Stealth Rock
|move|p1a: Dragonite|Dragon Tail|p2a: brat|[miss]
|-miss|p1a: Dragonite|p2a: brat
|
|upkeep
|turn|23
|
|t:|1760365797
|switch|p1a: Weezing|Weezing-Galar, F, shiny|100/100
|-ability|p1a: Weezing|Neutralizing Gas
|switch|p2a: Charlie Kirk: idc|Corviknight, M|82/100 par
|
|upkeep
|turn|24
|
|t:|1760365799
|switch|p2a: LeJ/ovni/la lettre|Slowking-Galar, M|100/100
|move|p1a: Weezing|Defog|p2a: LeJ/ovni/la lettre
|-unboost|p2a: LeJ/ovni/la lettre|evasion|1
|-sideend|p1: jemaisjepa|Stealth Rock|[from] move: Defog|[of] p1a: Weezing
|
|upkeep
|turn|25
|
|t:|1760365805
|move|p2a: LeJ/ovni/la lettre|Future Sight|p1a: Weezing
|-start|p2a: LeJ/ovni/la lettre|move: Future Sight
|move|p1a: Weezing|Will-O-Wisp|p2a: LeJ/ovni/la lettre
|-status|p2a: LeJ/ovni/la lettre|brn
|
|-damage|p2a: LeJ/ovni/la lettre|94/100 brn|[from] brn
|upkeep
|turn|26
|
|t:|1760365816
|move|p2a: LeJ/ovni/la lettre|Sludge Bomb|p1a: Weezing
|-damage|p1a: Weezing|58/100
|move|p1a: Weezing|Sludge Bomb|p2a: LeJ/ovni/la lettre
|-resisted|p2a: LeJ/ovni/la lettre
|-damage|p2a: LeJ/ovni/la lettre|87/100 brn
|
|-damage|p2a: LeJ/ovni/la lettre|81/100 brn|[from] brn
|upkeep
|turn|27
|j| jejejeiejejsi
|
|t:|1760365821
|-end|p1a: Weezing|ability: Neutralizing Gas
|switch|p1a: Alomomola|Alomomola, F, shiny|73/100 par
|move|p2a: LeJ/ovni/la lettre|Sludge Bomb|p1a: Alomomola
|-damage|p1a: Alomomola|43/100 par
|
|-end|p1a: Alomomola|move: Future Sight
|-damage|p1a: Alomomola|6/100 par
|-damage|p2a: LeJ/ovni/la lettre|75/100 brn|[from] brn
|upkeep
|turn|28
|
|t:|1760365826
|switch|p1a: Weezing|Weezing-Galar, F, shiny|58/100
|-ability|p1a: Weezing|Neutralizing Gas
|move|p2a: LeJ/ovni/la lettre|Future Sight|p1a: Weezing
|-start|p2a: LeJ/ovni/la lettre|move: Future Sight
|
|-damage|p2a: LeJ/ovni/la lettre|69/100 brn|[from] brn
|upkeep
|turn|29
|
|t:|1760365828
|move|p2a: LeJ/ovni/la lettre|Sludge Bomb|p1a: Weezing
|-damage|p1a: Weezing|11/100
|move|p1a: Weezing|Pain Split|p2a: LeJ/ovni/la lettre
|-sethp|p2a: LeJ/ovni/la lettre|40/100 brn|[from] move: Pain Split|[silent]
|-sethp|p1a: Weezing|41/100|[from] move: Pain Split
|
|-damage|p2a: LeJ/ovni/la lettre|34/100 brn|[from] brn
|upkeep
|turn|30
|
|t:|1760365846
|-end|p1a: Weezing|ability: Neutralizing Gas
|switch|p1a: Dragonite|Dragonite, M, shiny|94/100
|move|p2a: LeJ/ovni/la lettre|Sludge Bomb|p1a: Dragonite
|-damage|p1a: Dragonite|64/100
|
|-end|p1a: Dragonite|move: Future Sight
|-damage|p1a: Dragonite|26/100
|-damage|p2a: LeJ/ovni/la lettre|28/100 brn|[from] brn
|upkeep
|turn|31
|j| nsdede
|
|t:|1760365854
|switch|p2a: Charlie Kirk: idc|Corviknight, M|82/100 par
|-ability|p2a: Charlie Kirk: idc|Pressure
|move|p1a: Dragonite|Roost|p1a: Dragonite
|-heal|p1a: Dragonite|76/100
|-singleturn|p1a: Dragonite|move: Roost
|
|upkeep
|turn|32
|
|t:|1760365857
|move|p1a: Dragonite|Roost|p1a: Dragonite
|-heal|p1a: Dragonite|100/100
|-singleturn|p1a: Dragonite|move: Roost
|move|p2a: Charlie Kirk: idc|U-turn|p1a: Dragonite
|-damage|p1a: Dragonite|94/100
|
|t:|1760365859
|switch|p2a: LeJ/ovni/la lettre|Slowking-Galar, M|61/100 brn|[from] U-turn
|
|-damage|p2a: LeJ/ovni/la lettre|55/100 brn|[from] brn
|upkeep
|turn|33
|
|t:|1760365863
|switch|p1a: Alomomola|Alomomola, F, shiny|39/100 par
|switch|p2a: Charlie Kirk: idc|Corviknight, M|82/100 par
|-ability|p2a: Charlie Kirk: idc|Pressure
|
|upkeep
|turn|34
|
|t:|1760365867
|switch|p1a: Weezing|Weezing-Galar, F, shiny|41/100
|-ability|p1a: Weezing|Neutralizing Gas
|cant|p2a: Charlie Kirk: idc|par
|
|upkeep
|turn|35
|
|t:|1760365870
|-end|p1a: Weezing|ability: Neutralizing Gas
|-ability|p2a: Charlie Kirk: idc|Pressure
|switch|p1a: Alomomola|Alomomola, F, shiny|72/100 par
|switch|p2a: LeJ/ovni/la lettre|Slowking-Galar, M|88/100 brn
|
|-damage|p2a: LeJ/ovni/la lettre|82/100 brn|[from] brn
|upkeep
|turn|36
|
|t:|1760365876
|move|p2a: LeJ/ovni/la lettre|Future Sight|p1a: Alomomola
|-start|p2a: LeJ/ovni/la lettre|move: Future Sight
|cant|p1a: Alomomola|par
|
|-damage|p2a: LeJ/ovni/la lettre|76/100 brn|[from] brn
|upkeep
|turn|37
|
|t:|1760365882
|move|p2a: LeJ/ovni/la lettre|Sludge Bomb|p1a: Alomomola
|-damage|p1a: Alomomola|46/100 par
|move|p1a: Alomomola|Flip Turn|p2a: LeJ/ovni/la lettre
|-damage|p2a: LeJ/ovni/la lettre|56/100 brn
|
|t:|1760365889
|switch|p1a: Ogerpon|Ogerpon-Wellspring, F|100/100|[from] Flip Turn
|
|-damage|p2a: LeJ/ovni/la lettre|49/100 brn|[from] brn
|upkeep
|turn|38
|
|t:|1760365891
|switch|p2a: Charlie Kirk: idc|Corviknight, M|82/100 par
|-ability|p2a: Charlie Kirk: idc|Pressure
|move|p1a: Ogerpon|U-turn|p2a: Charlie Kirk: idc
|-resisted|p2a: Charlie Kirk: idc
|-damage|p2a: Charlie Kirk: idc|78/100 par
|-damage|p1a: Ogerpon|84/100|[from] item: Rocky Helmet|[of] p2a: Charlie Kirk: idc
|
|t:|1760365895
|switch|p1a: Alomomola|Alomomola, F, shiny|80/100 par|[from] U-turn
|
|-end|p1a: Alomomola|move: Future Sight
|-damage|p1a: Alomomola|42/100 par
|upkeep
|turn|39
|
|t:|1760365898
|switch|p2a: LeJ/ovni/la lettre|Slowking-Galar, M|83/100 brn
|cant|p1a: Alomomola|par
|
|-damage|p2a: LeJ/ovni/la lettre|77/100 brn|[from] brn
|upkeep
|turn|40
|
|t:|1760365902
|move|p2a: LeJ/ovni/la lettre|Future Sight|p1a: Alomomola
|-start|p2a: LeJ/ovni/la lettre|move: Future Sight
|move|p1a: Alomomola|Flip Turn|p2a: LeJ/ovni/la lettre
|-damage|p2a: LeJ/ovni/la lettre|58/100 brn
|
|t:|1760365905
|switch|p1a: Ogerpon|Ogerpon-Wellspring, F|84/100|[from] Flip Turn
|
|-damage|p2a: LeJ/ovni/la lettre|52/100 brn|[from] brn
|upkeep
|turn|41
|
|t:|1760365917
|switch|p2a: Charlie Kirk: idc|Corviknight, M|78/100 par
|-ability|p2a: Charlie Kirk: idc|Pressure
|move|p1a: Ogerpon|Ivy Cudgel|p2a: Charlie Kirk: idc|[anim] Ivy Cudgel Water
|-damage|p2a: Charlie Kirk: idc|45/100 par
|
|upkeep
|turn|42
|
|t:|1760365925
|switch|p1a: Alomomola|Alomomola, F, shiny|75/100 par
|move|p2a: Charlie Kirk: idc|Roost|p2a: Charlie Kirk: idc
|-heal|p2a: Charlie Kirk: idc|95/100 par
|-singleturn|p2a: Charlie Kirk: idc|move: Roost
|
|-end|p1a: Alomomola|move: Future Sight
|-damage|p1a: Alomomola|37/100 par
|upkeep
|turn|43
|
|t:|1760365930
|switch|p1a: Dragonite|Dragonite, M, shiny|94/100
|move|p2a: Charlie Kirk: idc|U-turn|p1a: Dragonite
|-resisted|p1a: Dragonite
|-damage|p1a: Dragonite|87/100
|
|t:|1760365934
|switch|p2a: Charli xcx|Clefable, M|100/100|[from] U-turn
|
|upkeep
|turn|44
|
|t:|1760365939
|switch|p1a: Alomomola|Alomomola, F, shiny|70/100 par
|move|p2a: Charli xcx|Moonblast|p1a: Alomomola
|-damage|p1a: Alomomola|46/100 par
|
|upkeep
|turn|45
|j| rerissohot
|
|t:|1760365959
|switch|p2a: LeJ/ovni/la lettre|Slowking-Galar, M|85/100 brn
|switch|p1a: Weezing|Weezing-Galar, F, shiny|41/100
|-ability|p1a: Weezing|Neutralizing Gas
|
|-damage|p2a: LeJ/ovni/la lettre|79/100 brn|[from] brn
|upkeep
|turn|46
|
|t:|1760365966
|move|p2a: LeJ/ovni/la lettre|Future Sight|p1a: Weezing
|-start|p2a: LeJ/ovni/la lettre|move: Future Sight
|move|p1a: Weezing|Pain Split|p2a: LeJ/ovni/la lettre
|-sethp|p2a: LeJ/ovni/la lettre|59/100 brn|[from] move: Pain Split|[silent]
|-sethp|p1a: Weezing|62/100|[from] move: Pain Split
|
|-damage|p2a: LeJ/ovni/la lettre|53/100 brn|[from] brn
|upkeep
|turn|47
|
|t:|1760365972
|-end|p1a: Weezing|ability: Neutralizing Gas
|switch|p1a: Alomomola|Alomomola, F, shiny|79/100 par
|move|p2a: LeJ/ovni/la lettre|Sludge Bomb|p1a: Alomomola
|-damage|p1a: Alomomola|53/100 par
|
|-damage|p2a: LeJ/ovni/la lettre|47/100 brn|[from] brn
|upkeep
|turn|48
|
|t:|1760365976
|move|p2a: LeJ/ovni/la lettre|Sludge Bomb|p1a: Alomomola
|-damage|p1a: Alomomola|26/100 par
|move|p1a: Alomomola|Mirror Coat|p2a: LeJ/ovni/la lettre
|-damage|p2a: LeJ/ovni/la lettre|0 fnt
|faint|p2a: LeJ/ovni/la lettre
|
|-end|p1a: Alomomola|move: Future Sight
|-damage|p1a: Alomomola|0 fnt
|faint|p1a: Alomomola
|upkeep
|
|t:|1760365984
|switch|p2a: brat|Blissey, F|65/100
|switch|p1a: Ogerpon|Ogerpon-Wellspring, F|84/100
|turn|49
|
|t:|1760365993
|switch|p2a: Charlie Kirk: idc|Corviknight, M|95/100 par
|-ability|p2a: Charlie Kirk: idc|Pressure
|move|p1a: Ogerpon|Ivy Cudgel|p2a: Charlie Kirk: idc|[anim] Ivy Cudgel Water
|-damage|p2a: Charlie Kirk: idc|62/100 par
|
|upkeep
|turn|50
|
|t:|1760366003
|switch|p1a: Dragonite|Dragonite, M, shiny|87/100
|move|p2a: Charlie Kirk: idc|Roost|p2a: Charlie Kirk: idc
|-heal|p2a: Charlie Kirk: idc|100/100 par
|-singleturn|p2a: Charlie Kirk: idc|move: Roost
|
|upkeep
|turn|51
|
|t:|1760366008
|move|p1a: Dragonite|Roost|p1a: Dragonite
|-heal|p1a: Dragonite|100/100
|-singleturn|p1a: Dragonite|move: Roost
|cant|p2a: Charlie Kirk: idc|par
|
|upkeep
|turn|52
|
|t:|1760366012
|switch|p1a: Weezing|Weezing-Galar, F, shiny|62/100
|-ability|p1a: Weezing|Neutralizing Gas
|move|p2a: Charlie Kirk: idc|U-turn|p1a: Weezing
|-resisted|p1a: Weezing
|-damage|p1a: Weezing|59/100
|
|t:|1760366018
|switch|p2a: brat|Blissey, F|65/100|[from] U-turn
|
|upkeep
|turn|53
|
|t:|1760366023
|move|p1a: Weezing|Will-O-Wisp|p2a: brat
|-status|p2a: brat|brn
|move|p2a: brat|Stealth Rock|p1a: Weezing
|-sidestart|p1: jemaisjepa|move: Stealth Rock
|
|-damage|p2a: brat|59/100 brn|[from] brn
|upkeep
|turn|54
|j| GavilarKholin
|
|t:|1760366026
|move|p1a: Weezing|Defog|p2a: brat
|-unboost|p2a: brat|evasion|1
|-sideend|p1: jemaisjepa|Stealth Rock|[from] move: Defog|[of] p1a: Weezing
|move|p2a: brat|Calm Mind|p2a: brat
|-boost|p2a: brat|spa|1
|-boost|p2a: brat|spd|1
|
|-damage|p2a: brat|53/100 brn|[from] brn
|upkeep
|turn|55
|
|t:|1760366032
|-end|p1a: Weezing|ability: Neutralizing Gas
|switch|p1a: Ogerpon|Ogerpon-Wellspring, F|84/100
|move|p2a: brat|Stealth Rock|p1a: Ogerpon
|-sidestart|p1: jemaisjepa|move: Stealth Rock
|
|-damage|p2a: brat|47/100 brn|[from] brn
|upkeep
|turn|56
|
|t:|1760366038
|-curestatus|p2a: brat|brn|[from] ability: Natural Cure
|switch|p2a: Charlie Kirk: idc|Corviknight, M|100/100 par
|-ability|p2a: Charlie Kirk: idc|Pressure
|move|p1a: Ogerpon|Knock Off|p2a: Charlie Kirk: idc
|-damage|p2a: Charlie Kirk: idc|78/100 par
|-damage|p1a: Ogerpon|67/100|[from] item: Rocky Helmet|[of] p2a: Charlie Kirk: idc
|-enditem|p2a: Charlie Kirk: idc|Rocky Helmet|[from] move: Knock Off|[of] p1a: Ogerpon
|
|upkeep
|turn|57
|
|t:|1760366042
|switch|p1a: Weezing|Weezing-Galar, F, shiny|59/100
|-ability|p1a: Weezing|Neutralizing Gas
|move|p2a: Charlie Kirk: idc|Brave Bird|p1a: Weezing
|-damage|p1a: Weezing|37/100
|-damage|p2a: Charlie Kirk: idc|71/100 par|[from] Recoil
|
|upkeep
|turn|58
|
|t:|1760366048
|move|p1a: Weezing|Defog|p2a: Charlie Kirk: idc
|-unboost|p2a: Charlie Kirk: idc|evasion|1
|-sideend|p1: jemaisjepa|Stealth Rock|[from] move: Defog|[of] p1a: Weezing
|cant|p2a: Charlie Kirk: idc|par
|
|upkeep
|turn|59
|
|t:|1760366051
|move|p1a: Weezing|Pain Split|p2a: Charlie Kirk: idc
|-sethp|p2a: Charlie Kirk: idc|51/100 par|[from] move: Pain Split|[silent]
|-sethp|p1a: Weezing|61/100|[from] move: Pain Split
|cant|p2a: Charlie Kirk: idc|par
|
|upkeep
|turn|60
|
|t:|1760366070
|move|p1a: Weezing|Pain Split|p2a: Charlie Kirk: idc
|-sethp|p2a: Charlie Kirk: idc|51/100 par|[from] move: Pain Split|[silent]
|-sethp|p1a: Weezing|61/100|[from] move: Pain Split
|move|p2a: Charlie Kirk: idc|Roost|p2a: Charlie Kirk: idc
|-heal|p2a: Charlie Kirk: idc|100/100 par
|-singleturn|p2a: Charlie Kirk: idc|move: Roost
|
|upkeep
|turn|61
|
|t:|1760366073
|switch|p2a: brat|Blissey, F|47/100
|move|p1a: Weezing|Pain Split|p2a: brat
|-sethp|p2a: brat|38/100|[from] move: Pain Split|[silent]
|-sethp|p1a: Weezing|80/100|[from] move: Pain Split
|
|upkeep
|turn|62
|
|t:|1760366078
|move|p1a: Weezing|Sludge Bomb|p2a: brat
|-damage|p2a: brat|28/100
|move|p2a: brat|Stealth Rock|p1a: Weezing
|-sidestart|p1: jemaisjepa|move: Stealth Rock
|
|upkeep
|turn|63
|
|t:|1760366082
|move|p1a: Weezing|Defog|p2a: brat
|-unboost|p2a: brat|evasion|1
|-sideend|p1: jemaisjepa|Stealth Rock|[from] move: Defog|[of] p1a: Weezing
|move|p2a: brat|Shadow Ball|p1a: Weezing
|-damage|p1a: Weezing|60/100
|
|upkeep
|turn|64
|
|t:|1760366085
|move|p1a: Weezing|Defog|p2a: brat
|-unboost|p2a: brat|evasion|1
|move|p2a: brat|Stealth Rock|p1a: Weezing
|-sidestart|p1: jemaisjepa|move: Stealth Rock
|
|upkeep
|turn|65
|
|t:|1760366087
|move|p1a: Weezing|Defog|p2a: brat
|-unboost|p2a: brat|evasion|1
|-sideend|p1: jemaisjepa|Stealth Rock|[from] move: Defog|[of] p1a: Weezing
|move|p2a: brat|Shadow Ball|p1a: Weezing
|-damage|p1a: Weezing|40/100
|
|upkeep
|turn|66
|l| Swagboss123456789
|
|t:|1760366089
|move|p1a: Weezing|Pain Split|p2a: brat
|-sethp|p2a: brat|23/100|[from] move: Pain Split|[silent]
|-sethp|p1a: Weezing|49/100|[from] move: Pain Split
|move|p2a: brat|Shadow Ball|p1a: Weezing
|-damage|p1a: Weezing|28/100
|
|upkeep
|turn|67
|
|t:|1760366096
|-end|p1a: Weezing|ability: Neutralizing Gas
|switch|p1a: Great Tusk|Great Tusk|100/100
|move|p2a: brat|Stealth Rock|p1a: Great Tusk
|-sidestart|p1: jemaisjepa|move: Stealth Rock
|
|upkeep
|turn|68
|j| Swagboss123456789
|
|t:|1760366104
|switch|p2a: 🇮🇱=stop genocide|Gliscor, M|77/100 tox
|move|p1a: Great Tusk|Stealth Rock|p2a: 🇮🇱=stop genocide
|-sidestart|p2: Trainer #39|move: Stealth Rock
|
|-heal|p2a: 🇮🇱=stop genocide|90/100 tox|[from] ability: Poison Heal
|upkeep
|turn|69
|
|t:|1760366109
|-end|p1a: Great Tusk|Protosynthesis|[silent]
|switch|p1a: Dragonite|Dragonite, M, shiny|100/100
|move|p2a: 🇮🇱=stop genocide|Toxic|p1a: Dragonite|[miss]
|-miss|p2a: 🇮🇱=stop genocide|p1a: Dragonite
|
|-heal|p2a: 🇮🇱=stop genocide|100/100 tox|[from] ability: Poison Heal
|upkeep
|turn|70
|
|t:|1760366117
|switch|p1a: Great Tusk|Great Tusk|100/100
|-damage|p1a: Great Tusk|98/100|[from] Stealth Rock
|move|p2a: 🇮🇱=stop genocide|Toxic|p1a: Great Tusk
|-status|p1a: Great Tusk|tox
|
|-damage|p1a: Great Tusk|91/100 tox|[from] psn
|upkeep
|turn|71
|
|t:|1760366120
|move|p2a: 🇮🇱=stop genocide|Protect|p2a: 🇮🇱=stop genocide
|-singleturn|p2a: 🇮🇱=stop genocide|Protect
|move|p1a: Great Tusk|Ice Spinner|p2a: 🇮🇱=stop genocide
|-activate|p2a: 🇮🇱=stop genocide|move: Protect
|
|-damage|p1a: Great Tusk|79/100 tox|[from] psn
|upkeep
|turn|72
|
|t:|1760366123
|switch|p2a: Charlie Kirk: idc|Corviknight, M|100/100 par
|-damage|p2a: Charlie Kirk: idc|88/100 par|[from] Stealth Rock
|-ability|p2a: Charlie Kirk: idc|Pressure
|move|p1a: Great Tusk|Ice Spinner|p2a: Charlie Kirk: idc
|-damage|p2a: Charlie Kirk: idc|71/100 par
|
|-damage|p1a: Great Tusk|60/100 tox|[from] psn
|upkeep
|turn|73
|
|t:|1760366126
|move|p1a: Great Tusk|Ice Spinner|p2a: Charlie Kirk: idc
|-damage|p2a: Charlie Kirk: idc|54/100 par
|move|p2a: Charlie Kirk: idc|U-turn|p1a: Great Tusk
|-resisted|p1a: Great Tusk
|-damage|p1a: Great Tusk|55/100 tox
|l| Swagboss123456789
|
|t:|1760366131
|switch|p2a: 🇮🇱=stop genocide|Gliscor, M|100/100 tox|[from] U-turn
|-damage|p2a: 🇮🇱=stop genocide|88/100 tox|[from] Stealth Rock
|
|-damage|p1a: Great Tusk|30/100 tox|[from] psn
|-heal|p2a: 🇮🇱=stop genocide|100/100 tox|[from] ability: Poison Heal
|upkeep
|turn|74
|
|t:|1760366137
|-end|p1a: Great Tusk|Protosynthesis|[silent]
|switch|p1a: Dragonite|Dragonite, M, shiny|100/100
|move|p2a: 🇮🇱=stop genocide|Protect||[still]
|-fail|p2a: 🇮🇱=stop genocide
|
|upkeep
|turn|75
|
|t:|1760366142
|move|p2a: 🇮🇱=stop genocide|Toxic|p1a: Dragonite
|-status|p1a: Dragonite|tox
|move|p1a: Dragonite|Dragon Tail|p2a: 🇮🇱=stop genocide
|-damage|p2a: 🇮🇱=stop genocide|79/100 tox
|drag|p2a: Charlie Kirk: idc|Corviknight, M|54/100 par
|-damage|p2a: Charlie Kirk: idc|42/100 par|[from] Stealth Rock
|-ability|p2a: Charlie Kirk: idc|Pressure
|
|-damage|p1a: Dragonite|94/100 tox|[from] psn
|upkeep
|turn|76
|
|t:|1760366147
|switch|p1a: Weezing|Weezing-Galar, F, shiny|28/100
|-ability|p1a: Weezing|Neutralizing Gas
|cant|p2a: Charlie Kirk: idc|par
|
|upkeep
|turn|77
|
|t:|1760366150
|move|p1a: Weezing|Pain Split|p2a: Charlie Kirk: idc
|-sethp|p2a: Charlie Kirk: idc|33/100 par|[from] move: Pain Split|[silent]
|-sethp|p1a: Weezing|39/100|[from] move: Pain Split
|move|p2a: Charlie Kirk: idc|Brave Bird|p1a: Weezing
|-damage|p1a: Weezing|13/100
|-damage|p2a: Charlie Kirk: idc|26/100 par|[from] Recoil
|
|upkeep
|turn|78
|
|t:|1760366155
|move|p1a: Weezing|Pain Split|p2a: Charlie Kirk: idc
|-sethp|p2a: Charlie Kirk: idc|18/100 par|[from] move: Pain Split|[silent]
|-sethp|p1a: Weezing|22/100|[from] move: Pain Split
|move|p2a: Charlie Kirk: idc|Brave Bird|p1a: Weezing
|-damage|p1a: Weezing|0 fnt
|faint|p1a: Weezing
|-end|p1a: Weezing|ability: Neutralizing Gas
|-ability|p2a: Charlie Kirk: idc|Pressure
|-damage|p2a: Charlie Kirk: idc|13/100 par|[from] Recoil
|
|upkeep
|j| fdsfdsfsfsoidsf
|
|t:|1760366162
|switch|p1a: Ogerpon|Ogerpon-Wellspring, F|67/100
|-damage|p1a: Ogerpon|55/100|[from] Stealth Rock
|turn|79
|
|t:|1760366165
|move|p1a: Ogerpon|Ivy Cudgel|p2a: Charlie Kirk: idc|[anim] Ivy Cudgel Water
|-crit|p2a: Charlie Kirk: idc
|-damage|p2a: Charlie Kirk: idc|0 fnt
|faint|p2a: Charlie Kirk: idc
|
|upkeep
|
|t:|1760366167
|switch|p2a: 808 and curses|Dondozo, M|100/100
|-damage|p2a: 808 and curses|88/100|[from] Stealth Rock
|turn|80
|
|t:|1760366170
|move|p1a: Ogerpon|Knock Off|p2a: 808 and curses
|-damage|p2a: 808 and curses|71/100
|-enditem|p2a: 808 and curses|Leftovers|[from] move: Knock Off|[of] p1a: Ogerpon
|move|p2a: 808 and curses|Curse|p2a: 808 and curses
|-unboost|p2a: 808 and curses|spe|1
|-boost|p2a: 808 and curses|atk|1
|-boost|p2a: 808 and curses|def|1
|
|upkeep
|turn|81
|
|t:|1760366174
|move|p1a: Ogerpon|Encore|p2a: 808 and curses
|-start|p2a: 808 and curses|Encore
|move|p2a: 808 and curses|Curse|p2a: 808 and curses
|-unboost|p2a: 808 and curses|spe|1
|-boost|p2a: 808 and curses|atk|1
|-boost|p2a: 808 and curses|def|1
|
|upkeep
|turn|82
|
|t:|1760366178
|move|p1a: Ogerpon|Ivy Cudgel|p2a: 808 and curses|[anim] Ivy Cudgel Water
|-resisted|p2a: 808 and curses
|-damage|p2a: 808 and curses|65/100
|move|p2a: 808 and curses|Curse|p2a: 808 and curses
|-unboost|p2a: 808 and curses|spe|1
|-boost|p2a: 808 and curses|atk|1
|-boost|p2a: 808 and curses|def|1
|
|upkeep
|turn|83
|
|t:|1760366184
|move|p1a: Ogerpon|Ivy Cudgel|p2a: 808 and curses|[anim] Ivy Cudgel Water
|-resisted|p2a: 808 and curses
|-damage|p2a: 808 and curses|60/100
|move|p2a: 808 and curses|Curse|p2a: 808 and curses
|-unboost|p2a: 808 and curses|spe|1
|-boost|p2a: 808 and curses|atk|1
|-boost|p2a: 808 and curses|def|1
|
|-end|p2a: 808 and curses|Encore
|upkeep
|turn|84
|
|t:|1760366187
|move|p1a: Ogerpon|Encore|p2a: 808 and curses
|-start|p2a: 808 and curses|Encore
|move|p2a: 808 and curses|Curse|p2a: 808 and curses
|-unboost|p2a: 808 and curses|spe|1
|-boost|p2a: 808 and curses|atk|1
|-boost|p2a: 808 and curses|def|1
|
|upkeep
|turn|85
|
|t:|1760366193
|move|p1a: Ogerpon|Knock Off|p2a: 808 and curses
|-damage|p2a: 808 and curses|56/100
|move|p2a: 808 and curses|Curse|p2a: 808 and curses
|-unboost|p2a: 808 and curses|spe|1
|-boost|p2a: 808 and curses|atk|1
|-boost|p2a: 808 and curses|def|1
|
|upkeep
|turn|86
|
|t:|1760366195
|move|p1a: Ogerpon|Knock Off|p2a: 808 and curses
|-damage|p2a: 808 and curses|54/100
|move|p2a: 808 and curses|Curse|p2a: 808 and curses
|
|-end|p2a: 808 and curses|Encore
|upkeep
|turn|87
|
|t:|1760366197
|switch|p2a: brat|Blissey, F|23/100
|move|p1a: Ogerpon|Encore||[still]
|-fail|p1a: Ogerpon
|
|upkeep
|turn|88
|
|t:|1760366202
|move|p1a: Ogerpon|Ivy Cudgel|p2a: brat|[anim] Ivy Cudgel Water
|-damage|p2a: brat|0 fnt
|faint|p2a: brat
|
|upkeep
|
|t:|1760366204
|switch|p2a: 808 and curses|Dondozo, M|54/100
|-damage|p2a: 808 and curses|41/100|[from] Stealth Rock
|turn|89
|
|t:|1760366208
|move|p1a: Ogerpon|Knock Off|p2a: 808 and curses
|-damage|p2a: 808 and curses|30/100
|move|p2a: 808 and curses|Rest|p2a: 808 and curses
|-status|p2a: 808 and curses|slp|[from] move: Rest
|-heal|p2a: 808 and curses|100/100 slp|[silent]
|
|upkeep
|turn|90
|
|t:|1760366222
|move|p1a: Ogerpon|Knock Off|p2a: 808 and curses
|-damage|p2a: 808 and curses|89/100 slp
|cant|p2a: 808 and curses|slp
|move|p2a: 808 and curses|Sleep Talk|p2a: 808 and curses
|move|p2a: 808 and curses|Rest||[from] move: Sleep Talk|[still]
|-fail|p2a: 808 and curses
|
|upkeep
|turn|91
|
|t:|1760366224
|move|p1a: Ogerpon|Knock Off|p2a: 808 and curses
|-damage|p2a: 808 and curses|78/100 slp
|cant|p2a: 808 and curses|slp
|
|upkeep
|turn|92
|
|t:|1760366229
|move|p1a: Ogerpon|Knock Off|p2a: 808 and curses
|-damage|p2a: 808 and curses|66/100 slp
|-curestatus|p2a: 808 and curses|slp|[msg]
|move|p2a: 808 and curses|Curse|p2a: 808 and curses
|-unboost|p2a: 808 and curses|spe|1
|-boost|p2a: 808 and curses|atk|1
|-boost|p2a: 808 and curses|def|1
|
|upkeep
|turn|93
|
|t:|1760366232
|switch|p2a: 🇮🇱=stop genocide|Gliscor, M|79/100 tox
|-damage|p2a: 🇮🇱=stop genocide|67/100 tox|[from] Stealth Rock
|move|p1a: Ogerpon|Encore||[still]
|-fail|p1a: Ogerpon
|
|-heal|p2a: 🇮🇱=stop genocide|79/100 tox|[from] ability: Poison Heal
|upkeep
|turn|94
|j| Swagboss123456789
|
|t:|1760366235
|move|p2a: 🇮🇱=stop genocide|Protect|p2a: 🇮🇱=stop genocide
|-singleturn|p2a: 🇮🇱=stop genocide|Protect
|move|p1a: Ogerpon|Ivy Cudgel|p2a: 🇮🇱=stop genocide|[anim] Ivy Cudgel Water
|-activate|p2a: 🇮🇱=stop genocide|move: Protect
|
|-heal|p2a: 🇮🇱=stop genocide|91/100 tox|[from] ability: Poison Heal
|upkeep
|turn|95
|
|t:|1760366239
|switch|p1a: Great Tusk|Great Tusk|30/100 tox
|-damage|p1a: Great Tusk|27/100 tox|[from] Stealth Rock
|move|p2a: 🇮🇱=stop genocide|Toxic|p1a: Great Tusk
|-fail|p1a: Great Tusk|tox
|
|-damage|p1a: Great Tusk|21/100 tox|[from] psn
|-heal|p2a: 🇮🇱=stop genocide|100/100 tox|[from] ability: Poison Heal
|upkeep
|turn|96
|
|t:|1760366245
|move|p2a: 🇮🇱=stop genocide|Protect|p2a: 🇮🇱=stop genocide
|-singleturn|p2a: 🇮🇱=stop genocide|Protect
|move|p1a: Great Tusk|Ice Spinner|p2a: 🇮🇱=stop genocide
|-activate|p2a: 🇮🇱=stop genocide|move: Protect
|
|-damage|p1a: Great Tusk|9/100 tox|[from] psn
|upkeep
|turn|97
|
|t:|1760366248
|switch|p2a: Charli xcx|Clefable, M|100/100
|move|p1a: Great Tusk|Ice Spinner|p2a: Charli xcx
|-damage|p2a: Charli xcx|70/100
|
|-damage|p1a: Great Tusk|0 fnt|[from] psn
|faint|p1a: Great Tusk
|-end|p1a: Great Tusk|Protosynthesis|[silent]
|upkeep
|
|t:|1760366255
|switch|p1a: Zamazenta|Zamazenta, shiny|100/100
|-damage|p1a: Zamazenta|94/100|[from] Stealth Rock
|-ability|p1a: Zamazenta|Dauntless Shield|boost
|-boost|p1a: Zamazenta|def|1
|turn|98
|
|t:|1760366259
|move|p1a: Zamazenta|Heavy Slam|p2a: Charli xcx
|-supereffective|p2a: Charli xcx
|-crit|p2a: Charli xcx
|-damage|p2a: Charli xcx|0 fnt
|faint|p2a: Charli xcx
|
|upkeep
|
|t:|1760366261
|switch|p2a: 🇮🇱=stop genocide|Gliscor, M|100/100 tox
|-damage|p2a: 🇮🇱=stop genocide|88/100 tox|[from] Stealth Rock
|turn|99
|
|t:|1760366265
|switch|p1a: Dragonite|Dragonite, M, shiny|94/100 tox
|move|p2a: 🇮🇱=stop genocide|Toxic|p1a: Dragonite
|-fail|p1a: Dragonite|tox
|
|-heal|p2a: 🇮🇱=stop genocide|100/100 tox|[from] ability: Poison Heal
|-damage|p1a: Dragonite|88/100 tox|[from] psn
|upkeep
|turn|100
|
|t:|1760366267
|move|p2a: 🇮🇱=stop genocide|Substitute|p2a: 🇮🇱=stop genocide
|-start|p2a: 🇮🇱=stop genocide|Substitute
|-damage|p2a: 🇮🇱=stop genocide|76/100 tox
|move|p1a: Dragonite|Dragon Tail|p2a: 🇮🇱=stop genocide
|-activate|p2a: 🇮🇱=stop genocide|move: Substitute|[damage]
|
|-heal|p2a: 🇮🇱=stop genocide|88/100 tox|[from] ability: Poison Heal
|-damage|p1a: Dragonite|76/100 tox|[from] psn
|upkeep
|turn|101
|
|t:|1760366278
|move|p2a: 🇮🇱=stop genocide|Toxic|p1a: Dragonite
|-fail|p1a: Dragonite|tox
|move|p1a: Dragonite|Dragon Tail|p2a: 🇮🇱=stop genocide|[miss]
|-miss|p1a: Dragonite|p2a: 🇮🇱=stop genocide
|
|-heal|p2a: 🇮🇱=stop genocide|100/100 tox|[from] ability: Poison Heal
|-damage|p1a: Dragonite|57/100 tox|[from] psn
|upkeep
|turn|102
|
|t:|1760366283
|move|p1a: Dragonite|Extreme Speed|p2a: 🇮🇱=stop genocide
|-end|p2a: 🇮🇱=stop genocide|Substitute
|move|p2a: 🇮🇱=stop genocide|Toxic|p1a: Dragonite
|-fail|p1a: Dragonite|tox
|
|-damage|p1a: Dragonite|32/100 tox|[from] psn
|upkeep
|turn|103
|
|t:|1760366286
|move|p2a: 🇮🇱=stop genocide|Substitute|p2a: 🇮🇱=stop genocide
|-start|p2a: 🇮🇱=stop genocide|Substitute
|-damage|p2a: 🇮🇱=stop genocide|76/100 tox
|move|p1a: Dragonite|Dragon Tail|p2a: 🇮🇱=stop genocide
|-activate|p2a: 🇮🇱=stop genocide|move: Substitute|[damage]
|
|-heal|p2a: 🇮🇱=stop genocide|88/100 tox|[from] ability: Poison Heal
|-damage|p1a: Dragonite|1/100 tox|[from] psn
|upkeep
|turn|104
|
|t:|1760366289
|move|p2a: 🇮🇱=stop genocide|Protect|p2a: 🇮🇱=stop genocide
|-singleturn|p2a: 🇮🇱=stop genocide|Protect
|move|p1a: Dragonite|Extreme Speed|p2a: 🇮🇱=stop genocide
|-activate|p2a: 🇮🇱=stop genocide|move: Protect
|
|-heal|p2a: 🇮🇱=stop genocide|100/100 tox|[from] ability: Poison Heal
|-damage|p1a: Dragonite|0 fnt|[from] psn
|faint|p1a: Dragonite
|upkeep
|
|t:|1760366292
|switch|p1a: Ogerpon|Ogerpon-Wellspring, F|55/100
|-damage|p1a: Ogerpon|43/100|[from] Stealth Rock
|turn|105
|
|t:|1760366295
|move|p1a: Ogerpon|Encore|p2a: 🇮🇱=stop genocide
|-start|p2a: 🇮🇱=stop genocide|Encore
|move|p2a: 🇮🇱=stop genocide|Protect||[still]
|-fail|p2a: 🇮🇱=stop genocide
|
|upkeep
|turn|106
|
|t:|1760366299
|move|p2a: 🇮🇱=stop genocide|Protect|p2a: 🇮🇱=stop genocide
|-singleturn|p2a: 🇮🇱=stop genocide|Protect
|move|p1a: Ogerpon|Knock Off|p2a: 🇮🇱=stop genocide
|-activate|p2a: 🇮🇱=stop genocide|move: Protect
|
|upkeep
|turn|107
|
|t:|1760366302
|move|p2a: 🇮🇱=stop genocide|Protect|p2a: 🇮🇱=stop genocide
|-singleturn|p2a: 🇮🇱=stop genocide|Protect
|move|p1a: Ogerpon|Knock Off|p2a: 🇮🇱=stop genocide
|-activate|p2a: 🇮🇱=stop genocide|move: Protect
|
|-end|p2a: 🇮🇱=stop genocide|Encore
|upkeep
|turn|108
|
|t:|1760366307
|move|p1a: Ogerpon|Encore|p2a: 🇮🇱=stop genocide
|-start|p2a: 🇮🇱=stop genocide|Encore
|move|p2a: 🇮🇱=stop genocide|Protect||[still]
|-fail|p2a: 🇮🇱=stop genocide
|
|upkeep
|turn|109
|
|t:|1760366309
|move|p2a: 🇮🇱=stop genocide|Protect|p2a: 🇮🇱=stop genocide
|-singleturn|p2a: 🇮🇱=stop genocide|Protect
|move|p1a: Ogerpon|Knock Off|p2a: 🇮🇱=stop genocide
|-activate|p2a: 🇮🇱=stop genocide|move: Protect
|
|upkeep
|turn|110
|
|t:|1760366312
|move|p2a: 🇮🇱=stop genocide|Protect|p2a: 🇮🇱=stop genocide
|-singleturn|p2a: 🇮🇱=stop genocide|Protect
|move|p1a: Ogerpon|Knock Off|p2a: 🇮🇱=stop genocide
|-activate|p2a: 🇮🇱=stop genocide|move: Protect
|
|-end|p2a: 🇮🇱=stop genocide|Encore
|upkeep
|turn|111
|
|t:|1760366315
|switch|p2a: 808 and curses|Dondozo, M|66/100
|-damage|p2a: 808 and curses|53/100|[from] Stealth Rock
|move|p1a: Ogerpon|Encore||[still]
|-fail|p1a: Ogerpon
|
|upkeep
|turn|112
|
|t:|1760366324
|move|p1a: Ogerpon|Knock Off|p2a: 808 and curses
|-damage|p2a: 808 and curses|41/100
|move|p2a: 808 and curses|Curse|p2a: 808 and curses
|-unboost|p2a: 808 and curses|spe|1
|-boost|p2a: 808 and curses|atk|1
|-boost|p2a: 808 and curses|def|1
|
|upkeep
|turn|113
|
|t:|1760366328
|move|p1a: Ogerpon|Encore|p2a: 808 and curses
|-start|p2a: 808 and curses|Encore
|move|p2a: 808 and curses|Curse|p2a: 808 and curses
|-unboost|p2a: 808 and curses|spe|1
|-boost|p2a: 808 and curses|atk|1
|-boost|p2a: 808 and curses|def|1
|
|upkeep
|turn|114
|
|t:|1760366330
|move|p1a: Ogerpon|Knock Off|p2a: 808 and curses
|-damage|p2a: 808 and curses|36/100
|move|p2a: 808 and curses|Curse|p2a: 808 and curses
|-unboost|p2a: 808 and curses|spe|1
|-boost|p2a: 808 and curses|atk|1
|-boost|p2a: 808 and curses|def|1
|
|upkeep
|turn|115
|
|t:|1760366333
|move|p1a: Ogerpon|Knock Off|p2a: 808 and curses
|-damage|p2a: 808 and curses|31/100
|move|p2a: 808 and curses|Curse|p2a: 808 and curses
|-unboost|p2a: 808 and curses|spe|1
|-boost|p2a: 808 and curses|atk|1
|-boost|p2a: 808 and curses|def|1
|
|-end|p2a: 808 and curses|Encore
|upkeep
|turn|116
|
|t:|1760366336
|move|p1a: Ogerpon|Knock Off|p2a: 808 and curses
|-damage|p2a: 808 and curses|27/100
|move|p2a: 808 and curses|Rest|p2a: 808 and curses
|-status|p2a: 808 and curses|slp|[from] move: Rest
|-heal|p2a: 808 and curses|100/100 slp|[silent]
|
|upkeep
|turn|117
|
|t:|1760366340
|move|p1a: Ogerpon|Knock Off|p2a: 808 and curses
|-damage|p2a: 808 and curses|96/100 slp
|cant|p2a: 808 and curses|slp
|
|upkeep
|turn|118
|
|t:|1760366343
|move|p1a: Ogerpon|Knock Off|p2a: 808 and curses
|-damage|p2a: 808 and curses|93/100 slp
|cant|p2a: 808 and curses|slp
|
|upkeep
|turn|119
|
|t:|1760366347
|move|p1a: Ogerpon|Knock Off|p2a: 808 and curses
|-damage|p2a: 808 and curses|88/100 slp
|-curestatus|p2a: 808 and curses|slp|[msg]
|move|p2a: 808 and curses|Curse|p2a: 808 and curses
|-unboost|p2a: 808 and curses|spe|1
|-boost|p2a: 808 and curses|atk|1
|-boost|p2a: 808 and curses|def|1
|
|upkeep
|turn|120
|
|t:|1760366351
|move|p1a: Ogerpon|Knock Off|p2a: 808 and curses
|-damage|p2a: 808 and curses|85/100
|move|p2a: 808 and curses|Sleep Talk||[still]
|-fail|p2a: 808 and curses
|
|upkeep
|turn|121
|
|t:|1760366358
|move|p1a: Ogerpon|Knock Off|p2a: 808 and curses
|-damage|p2a: 808 and curses|81/100
|move|p2a: 808 and curses|Sleep Talk||[still]
|-fail|p2a: 808 and curses
|
|upkeep
|turn|122
|
|t:|1760366361
|move|p1a: Ogerpon|Knock Off|p2a: 808 and curses
|-damage|p2a: 808 and curses|78/100
|move|p2a: 808 and curses|Sleep Talk||[still]
|-fail|p2a: 808 and curses
|
|upkeep
|turn|123
|
|t:|1760366369
|move|p1a: Ogerpon|Knock Off|p2a: 808 and curses
|-damage|p2a: 808 and curses|74/100
|move|p2a: 808 and curses|Curse|p2a: 808 and curses
|-unboost|p2a: 808 and curses|spe|1
|-boost|p2a: 808 and curses|atk|1
|-boost|p2a: 808 and curses|def|1
|
|upkeep
|turn|124
|
|t:|1760366372
|move|p1a: Ogerpon|Knock Off|p2a: 808 and curses
|-damage|p2a: 808 and curses|71/100
|move|p2a: 808 and curses|Sleep Talk||[still]
|-fail|p2a: 808 and curses
|
|upkeep
|turn|125
|
|t:|1760366377
|switch|p1a: Zamazenta|Zamazenta, shiny|94/100
|-damage|p1a: Zamazenta|88/100|[from] Stealth Rock
|move|p2a: 808 and curses|Sleep Talk||[still]
|-fail|p2a: 808 and curses
|
|upkeep
|turn|126
|
|t:|1760366380
|move|p1a: Zamazenta|Close Combat|p2a: 808 and curses
|-damage|p2a: 808 and curses|61/100
|-unboost|p1a: Zamazenta|def|1
|-unboost|p1a: Zamazenta|spd|1
|move|p2a: 808 and curses|Sleep Talk||[still]
|-fail|p2a: 808 and curses
|
|upkeep
|turn|127
|
|t:|1760366384
|move|p1a: Zamazenta|Close Combat|p2a: 808 and curses
|-crit|p2a: 808 and curses
|-damage|p2a: 808 and curses|6/100
|-unboost|p1a: Zamazenta|def|1
|-unboost|p1a: Zamazenta|spd|1
|move|p2a: 808 and curses|Waterfall|p1a: Zamazenta
|-crit|p1a: Zamazenta
|-damage|p1a: Zamazenta|0 fnt
|faint|p1a: Zamazenta
|
|upkeep
|
|t:|1760366387
|switch|p1a: Ogerpon|Ogerpon-Wellspring, F|43/100
|-damage|p1a: Ogerpon|30/100|[from] Stealth Rock
|turn|128
|
|t:|1760366390
|move|p1a: Ogerpon|U-turn|p2a: 808 and curses
|-damage|p2a: 808 and curses|3/100
|move|p2a: 808 and curses|Rest|p2a: 808 and curses
|-status|p2a: 808 and curses|slp|[from] move: Rest
|-heal|p2a: 808 and curses|100/100 slp|[silent]
|
|upkeep
|turn|129
|
|t:|1760366393
|move|p1a: Ogerpon|U-turn|p2a: 808 and curses
|-damage|p2a: 808 and curses|98/100 slp
|cant|p2a: 808 and curses|slp
|
|upkeep
|turn|130
|
|t:|1760366395
|move|p1a: Ogerpon|U-turn|p2a: 808 and curses
|-damage|p2a: 808 and curses|95/100 slp
|cant|p2a: 808 and curses|slp
|
|upkeep
|turn|131
|
|t:|1760366401
|move|p1a: Ogerpon|U-turn|p2a: 808 and curses
|-damage|p2a: 808 and curses|91/100 slp
|-curestatus|p2a: 808 and curses|slp|[msg]
|move|p2a: 808 and curses|Curse|p2a: 808 and curses
|
|upkeep
|turn|132
|
|t:|1760366402
|move|p1a: Ogerpon|U-turn|p2a: 808 and curses
|-damage|p2a: 808 and curses|88/100
|move|p2a: 808 and curses|Curse|p2a: 808 and curses
|
|upkeep
|turn|133
|l| rerissohot
|
|t:|1760366406
|move|p1a: Ogerpon|U-turn|p2a: 808 and curses
|-damage|p2a: 808 and curses|85/100
|move|p2a: 808 and curses|Sleep Talk||[still]
|-fail|p2a: 808 and curses
|
|upkeep
|turn|134
|
|t:|1760366408
|move|p1a: Ogerpon|U-turn|p2a: 808 and curses
|-damage|p2a: 808 and curses|81/100
|move|p2a: 808 and curses|Sleep Talk||[still]
|-fail|p2a: 808 and curses
|
|upkeep
|turn|135
|
|t:|1760366410
|move|p1a: Ogerpon|U-turn|p2a: 808 and curses
|-damage|p2a: 808 and curses|78/100
|move|p2a: 808 and curses|Rest|p2a: 808 and curses
|-status|p2a: 808 and curses|slp|[from] move: Rest
|-heal|p2a: 808 and curses|100/100 slp|[silent]
|
|upkeep
|turn|136
|
|t:|1760366412
|move|p1a: Ogerpon|U-turn|p2a: 808 and curses
|-damage|p2a: 808 and curses|97/100 slp
|cant|p2a: 808 and curses|slp
|
|upkeep
|turn|137
|
|t:|1760366414
|move|p1a: Ogerpon|U-turn|p2a: 808 and curses
|-damage|p2a: 808 and curses|94/100 slp
|cant|p2a: 808 and curses|slp
|
|upkeep
|turn|138
|
|t:|1760366417
|move|p1a: Ogerpon|U-turn|p2a: 808 and curses
|-damage|p2a: 808 and curses|91/100 slp
|-curestatus|p2a: 808 and curses|slp|[msg]
|move|p2a: 808 and curses|Sleep Talk||[still]
|-fail|p2a: 808 and curses
|
|upkeep
|turn|139
|
|t:|1760366419
|move|p1a: Ogerpon|U-turn|p2a: 808 and curses
|-damage|p2a: 808 and curses|88/100
|move|p2a: 808 and curses|Sleep Talk||[still]
|-fail|p2a: 808 and curses
|
|upkeep
|turn|140
|
|t:|1760366421
|move|p1a: Ogerpon|U-turn|p2a: 808 and curses
|-damage|p2a: 808 and curses|85/100
|move|p2a: 808 and curses|Sleep Talk||[still]
|-fail|p2a: 808 and curses
|
|upkeep
|turn|141
|
|t:|1760366423
|move|p1a: Ogerpon|U-turn|p2a: 808 and curses
|-damage|p2a: 808 and curses|82/100
|move|p2a: 808 and curses|Sleep Talk||[still]
|-fail|p2a: 808 and curses
|
|upkeep
|turn|142
|
|t:|1760366425
|move|p1a: Ogerpon|U-turn|p2a: 808 and curses
|-damage|p2a: 808 and curses|78/100
|move|p2a: 808 and curses|Sleep Talk||[still]
|-fail|p2a: 808 and curses
|
|upkeep
|turn|143
|
|t:|1760366427
|move|p1a: Ogerpon|U-turn|p2a: 808 and curses
|-damage|p2a: 808 and curses|75/100
|move|p2a: 808 and curses|Sleep Talk||[still]
|-fail|p2a: 808 and curses
|
|upkeep
|turn|144
|
|t:|1760366429
|move|p1a: Ogerpon|U-turn|p2a: 808 and curses
|-damage|p2a: 808 and curses|72/100
|move|p2a: 808 and curses|Sleep Talk||[still]
|-fail|p2a: 808 and curses
|
|upkeep
|turn|145
|
|t:|1760366431
|move|p1a: Ogerpon|U-turn|p2a: 808 and curses
|-damage|p2a: 808 and curses|68/100
|move|p2a: 808 and curses|Rest|p2a: 808 and curses
|-status|p2a: 808 and curses|slp|[from] move: Rest
|-heal|p2a: 808 and curses|100/100 slp|[silent]
|
|upkeep
|turn|146
|
|t:|1760366433
|move|p1a: Ogerpon|U-turn|p2a: 808 and curses
|-crit|p2a: 808 and curses
|-damage|p2a: 808 and curses|83/100 slp
|cant|p2a: 808 and curses|slp
|
|upkeep
|turn|147
|
|t:|1760366435
|move|p1a: Ogerpon|U-turn|p2a: 808 and curses
|-damage|p2a: 808 and curses|79/100 slp
|cant|p2a: 808 and curses|slp
|
|upkeep
|turn|148
|
|t:|1760366438
|move|p1a: Ogerpon|U-turn|p2a: 808 and curses
|-damage|p2a: 808 and curses|76/100 slp
|-curestatus|p2a: 808 and curses|slp|[msg]
|move|p2a: 808 and curses|Rest|p2a: 808 and curses
|-status|p2a: 808 and curses|slp|[from] move: Rest
|-heal|p2a: 808 and curses|100/100 slp|[silent]
|
|upkeep
|turn|149
|
|t:|1760366440
|move|p1a: Ogerpon|U-turn|p2a: 808 and curses
|-damage|p2a: 808 and curses|97/100 slp
|cant|p2a: 808 and curses|slp
|
|upkeep
|turn|150
|
|t:|1760366442
|move|p1a: Ogerpon|U-turn|p2a: 808 and curses
|-damage|p2a: 808 and curses|94/100 slp
|cant|p2a: 808 and curses|slp
|
|upkeep
|turn|151
|
|t:|1760366444
|move|p1a: Ogerpon|U-turn|p2a: 808 and curses
|-damage|p2a: 808 and curses|90/100 slp
|-curestatus|p2a: 808 and curses|slp|[msg]
|move|p2a: 808 and curses|Waterfall|p1a: Ogerpon
|-heal|p1a: Ogerpon|55/100|[from] ability: Water Absorb|[of] p2a: 808 and curses
|
|upkeep
|turn|152
|
|t:|1760366445
|move|p1a: Ogerpon|U-turn|p2a: 808 and curses
|-damage|p2a: 808 and curses|87/100
|move|p2a: 808 and curses|Waterfall|p1a: Ogerpon
|-heal|p1a: Ogerpon|80/100|[from] ability: Water Absorb|[of] p2a: 808 and curses
|
|upkeep
|turn|153
|
|t:|1760366448
|move|p1a: Ogerpon|U-turn|p2a: 808 and curses
|-damage|p2a: 808 and curses|84/100
|move|p2a: 808 and curses|Waterfall|p1a: Ogerpon
|-heal|p1a: Ogerpon|100/100|[from] ability: Water Absorb|[of] p2a: 808 and curses
|
|upkeep
|turn|154
|
|t:|1760366450
|move|p1a: Ogerpon|U-turn|p2a: 808 and curses
|-damage|p2a: 808 and curses|81/100
|move|p2a: 808 and curses|Waterfall|p1a: Ogerpon
|-immune|p1a: Ogerpon|[from] ability: Water Absorb
|
|upkeep
|turn|155
|
|t:|1760366452
|move|p1a: Ogerpon|U-turn|p2a: 808 and curses
|-damage|p2a: 808 and curses|78/100
|move|p2a: 808 and curses|Waterfall|p1a: Ogerpon
|-immune|p1a: Ogerpon|[from] ability: Water Absorb
|
|upkeep
|turn|156
|l| Swagboss123456789
|
|t:|1760366454
|move|p1a: Ogerpon|U-turn|p2a: 808 and curses
|-damage|p2a: 808 and curses|75/100
|move|p2a: 808 and curses|Waterfall|p1a: Ogerpon
|-immune|p1a: Ogerpon|[from] ability: Water Absorb
|
|upkeep
|turn|157
|
|t:|1760366455
|move|p1a: Ogerpon|Knock Off|p2a: 808 and curses
|-damage|p2a: 808 and curses|72/100
|move|p2a: 808 and curses|Waterfall|p1a: Ogerpon
|-immune|p1a: Ogerpon|[from] ability: Water Absorb
|
|upkeep
|turn|158
|
|t:|1760366457
|move|p1a: Ogerpon|Knock Off|p2a: 808 and curses
|-damage|p2a: 808 and curses|69/100
|move|p2a: 808 and curses|Waterfall|p1a: Ogerpon
|-immune|p1a: Ogerpon|[from] ability: Water Absorb
|
|upkeep
|turn|159
|
|t:|1760366459
|move|p1a: Ogerpon|Knock Off|p2a: 808 and curses
|-damage|p2a: 808 and curses|66/100
|move|p2a: 808 and curses|Waterfall|p1a: Ogerpon
|-immune|p1a: Ogerpon|[from] ability: Water Absorb
|
|upkeep
|turn|160
|
|t:|1760366461
|move|p1a: Ogerpon|Knock Off|p2a: 808 and curses
|-damage|p2a: 808 and curses|62/100
|move|p2a: 808 and curses|Waterfall|p1a: Ogerpon
|-immune|p1a: Ogerpon|[from] ability: Water Absorb
|
|upkeep
|turn|161
|
|t:|1760366463
|move|p1a: Ogerpon|Knock Off|p2a: 808 and curses
|-damage|p2a: 808 and curses|59/100
|move|p2a: 808 and curses|Waterfall|p1a: Ogerpon
|-immune|p1a: Ogerpon|[from] ability: Water Absorb
|
|upkeep
|turn|162
|
|t:|1760366465
|move|p1a: Ogerpon|Knock Off|p2a: 808 and curses
|-damage|p2a: 808 and curses|56/100
|move|p2a: 808 and curses|Rest|p2a: 808 and curses
|-status|p2a: 808 and curses|slp|[from] move: Rest
|-heal|p2a: 808 and curses|100/100 slp|[silent]
|
|upkeep
|turn|163
|
|t:|1760366467
|move|p1a: Ogerpon|Knock Off|p2a: 808 and curses
|-damage|p2a: 808 and curses|97/100 slp
|cant|p2a: 808 and curses|slp
|
|upkeep
|turn|164
|
|t:|1760366468
|move|p1a: Ogerpon|Ivy Cudgel|p2a: 808 and curses|[anim] Ivy Cudgel Water
|-resisted|p2a: 808 and curses
|-damage|p2a: 808 and curses|94/100 slp
|cant|p2a: 808 and curses|slp
|
|upkeep
|turn|165
|
|t:|1760366470
|move|p1a: Ogerpon|Ivy Cudgel|p2a: 808 and curses|[anim] Ivy Cudgel Water
|-resisted|p2a: 808 and curses
|-damage|p2a: 808 and curses|91/100 slp
|-curestatus|p2a: 808 and curses|slp|[msg]
|move|p2a: 808 and curses|Waterfall|p1a: Ogerpon
|-immune|p1a: Ogerpon|[from] ability: Water Absorb
|
|upkeep
|turn|166
|
|t:|1760366474
|move|p1a: Ogerpon|Ivy Cudgel|p2a: 808 and curses|[anim] Ivy Cudgel Water
|-resisted|p2a: 808 and curses
|-damage|p2a: 808 and curses|88/100
|move|p2a: 808 and curses|Waterfall|p1a: Ogerpon
|-immune|p1a: Ogerpon|[from] ability: Water Absorb
|
|upkeep
|turn|167
|
|t:|1760366476
|move|p1a: Ogerpon|Ivy Cudgel|p2a: 808 and curses|[anim] Ivy Cudgel Water
|-resisted|p2a: 808 and curses
|-damage|p2a: 808 and curses|84/100
|move|p2a: 808 and curses|Waterfall|p1a: Ogerpon
|-immune|p1a: Ogerpon|[from] ability: Water Absorb
|
|upkeep
|turn|168
|l| GavilarKholin
|
|t:|1760366481
|move|p1a: Ogerpon|Ivy Cudgel|p2a: 808 and curses|[anim] Ivy Cudgel Water
|-resisted|p2a: 808 and curses
|-damage|p2a: 808 and curses|81/100
|move|p2a: 808 and curses|Waterfall|p1a: Ogerpon
|-immune|p1a: Ogerpon|[from] ability: Water Absorb
|
|upkeep
|turn|169
|
|t:|1760366484
|move|p1a: Ogerpon|Ivy Cudgel|p2a: 808 and curses|[anim] Ivy Cudgel Water
|-resisted|p2a: 808 and curses
|-damage|p2a: 808 and curses|78/100
|move|p2a: 808 and curses|Waterfall|p1a: Ogerpon
|-immune|p1a: Ogerpon|[from] ability: Water Absorb
|
|upkeep
|turn|170
|
|t:|1760366487
|-activate|p1a: Ogerpon|move: Struggle
|move|p1a: Ogerpon|Struggle|p2a: 808 and curses
|-damage|p2a: 808 and curses|75/100
|-damage|p1a: Ogerpon|76/100|[from] recoil
|move|p2a: 808 and curses|Waterfall|p1a: Ogerpon
|-heal|p1a: Ogerpon|100/100|[from] ability: Water Absorb|[of] p2a: 808 and curses
|
|upkeep
|turn|171
|
|t:|1760366492
|-activate|p1a: Ogerpon|move: Struggle
|move|p1a: Ogerpon|Struggle|p2a: 808 and curses
|-damage|p2a: 808 and curses|73/100
|-damage|p1a: Ogerpon|76/100|[from] recoil
|move|p2a: 808 and curses|Waterfall|p1a: Ogerpon
|-heal|p1a: Ogerpon|100/100|[from] ability: Water Absorb|[of] p2a: 808 and curses
|
|upkeep
|turn|172
|
|t:|1760366494
|-activate|p1a: Ogerpon|move: Struggle
|move|p1a: Ogerpon|Struggle|p2a: 808 and curses
|-crit|p2a: 808 and curses
|-damage|p2a: 808 and curses|60/100
|-damage|p1a: Ogerpon|76/100|[from] recoil
|move|p2a: 808 and curses|Waterfall|p1a: Ogerpon
|-heal|p1a: Ogerpon|100/100|[from] ability: Water Absorb|[of] p2a: 808 and curses
|
|upkeep
|turn|173
|
|t:|1760366497
|-activate|p1a: Ogerpon|move: Struggle
|move|p1a: Ogerpon|Struggle|p2a: 808 and curses
|-damage|p2a: 808 and curses|58/100
|-damage|p1a: Ogerpon|76/100|[from] recoil
|move|p2a: 808 and curses|Waterfall|p1a: Ogerpon
|-heal|p1a: Ogerpon|100/100|[from] ability: Water Absorb|[of] p2a: 808 and curses
|
|upkeep
|turn|174
|
|t:|1760366499
|-activate|p1a: Ogerpon|move: Struggle
|move|p1a: Ogerpon|Struggle|p2a: 808 and curses
|-damage|p2a: 808 and curses|56/100
|-damage|p1a: Ogerpon|76/100|[from] recoil
|move|p2a: 808 and curses|Waterfall|p1a: Ogerpon
|-heal|p1a: Ogerpon|100/100|[from] ability: Water Absorb|[of] p2a: 808 and curses
|
|upkeep
|turn|175
|
|t:|1760366501
|-activate|p1a: Ogerpon|move: Struggle
|move|p1a: Ogerpon|Struggle|p2a: 808 and curses
|-damage|p2a: 808 and curses|53/100
|-damage|p1a: Ogerpon|76/100|[from] recoil
|move|p2a: 808 and curses|Waterfall|p1a: Ogerpon
|-heal|p1a: Ogerpon|100/100|[from] ability: Water Absorb|[of] p2a: 808 and curses
|
|upkeep
|turn|176
|
|t:|1760366503
|-activate|p1a: Ogerpon|move: Struggle
|move|p1a: Ogerpon|Struggle|p2a: 808 and curses
|-damage|p2a: 808 and curses|51/100
|-damage|p1a: Ogerpon|76/100|[from] recoil
|move|p2a: 808 and curses|Waterfall|p1a: Ogerpon
|-heal|p1a: Ogerpon|100/100|[from] ability: Water Absorb|[of] p2a: 808 and curses
|
|upkeep
|turn|177
|
|t:|1760366504
|-activate|p1a: Ogerpon|move: Struggle
|move|p1a: Ogerpon|Struggle|p2a: 808 and curses
|-damage|p2a: 808 and curses|49/100
|-damage|p1a: Ogerpon|76/100|[from] recoil
|move|p2a: 808 and curses|Rest|p2a: 808 and curses
|-status|p2a: 808 and curses|slp|[from] move: Rest
|-heal|p2a: 808 and curses|100/100 slp|[silent]
|
|upkeep
|turn|178
|
|t:|1760366508
|-activate|p1a: Ogerpon|move: Struggle
|move|p1a: Ogerpon|Struggle|p2a: 808 and curses
|-damage|p2a: 808 and curses|98/100 slp
|-damage|p1a: Ogerpon|51/100|[from] recoil
|cant|p2a: 808 and curses|slp
|
|upkeep
|turn|179
|
|t:|1760366510
|-activate|p1a: Ogerpon|move: Struggle
|move|p1a: Ogerpon|Struggle|p2a: 808 and curses
|-damage|p2a: 808 and curses|96/100 slp
|-damage|p1a: Ogerpon|26/100|[from] recoil
|cant|p2a: 808 and curses|slp
|
|upkeep
|turn|180
|
|t:|1760366514
|-activate|p1a: Ogerpon|move: Struggle
|move|p1a: Ogerpon|Struggle|p2a: 808 and curses
|-damage|p2a: 808 and curses|94/100 slp
|-damage|p1a: Ogerpon|1/100|[from] recoil
|-curestatus|p2a: 808 and curses|slp|[msg]
|-activate|p2a: 808 and curses|move: Struggle
|move|p2a: 808 and curses|Struggle|p1a: Ogerpon
|-damage|p1a: Ogerpon|0 fnt
|faint|p1a: Ogerpon
|-damage|p2a: 808 and curses|69/100|[from] recoil
|
|win|Trainer #39
|raw|jemaisjepa's rating: 1880 &rarr; <strong>1863</strong><br />(-17 for losing)
|raw|Trainer #39's rating: 1933 &rarr; <strong>1950</strong><br />(+17 for winning)
|l|☆Trainer #39
|player|p2|
|l|☆jemaisjepa
|player|p1|
|l| FaronAan
|l| nsdede
