|j|☆hehe moon
|j|☆vghhjg
|t:|1760383686
|gametype|singles
|player|p1|hehe moon|cheryl|1537
|player|p2|vghhjg|101|1616
|gen|9
|tier|[Gen 9] OU
|rated|
|rule|HP Percentage Mod: HP is shown in percentages
|rule|Endless Battle Clause: Forcing endless battles is banned
|rule|Species Clause: Limit one of each Pokémon
|rule|OHKO Clause: OHKO moves are banned
|rule|Evasion Items Clause: Evasion items are banned
|rule|Evasion Moves Clause: Evasion moves are banned
|rule|Evasion Abilities Clause: Evasion abilities are banned
|rule|Sleep Moves Clause: Sleep-inducing moves are banned
|clearpoke
|poke|p1|Alomomola, M|
|poke|p1|Dragalge, F|
|poke|p1|Lokix, M|
|poke|p1|Great Tusk|
|poke|p1|Gholdengo|
|poke|p1|Moltres|
|poke|p2|Ribombee, F|
|poke|p2|Gholdengo|
|poke|p2|Dragonite, M|
|poke|p2|Primarina, F|
|poke|p2|Great Tusk|
|poke|p2|Comfey, M|
|teampreview
|inactive|Battle timer is ON: inactive players will automatically lose when time's up. (requested by hehe moon)
|
|t:|1760383697
|teamsize|p1|6
|teamsize|p2|6
|start
|switch|p1a: Gholdengo|Gholdengo|100/100
|switch|p2a: Great Tusk|Great Tusk|100/100
|turn|1
|
|t:|1760383702
|switch|p1a: Moltres|Moltres|100/100
|move|p2a: Great Tusk|Knock Off|p1a: Moltres
|-damage|p1a: Moltres|73/100
|-enditem|p1a: Moltres|Heavy-Duty Boots|[from] move: Knock Off|[of] p2a: Great Tusk
|
|upkeep
|turn|2
|
|t:|1760383706
|move|p1a: Moltres|Flamethrower|p2a: Great Tusk
|-damage|p2a: Great Tusk|56/100
|-status|p2a: Great Tusk|brn
|move|p2a: Great Tusk|Stealth Rock|p1a: Moltres
|-sidestart|p1: hehe moon|move: Stealth Rock
|
|-heal|p2a: Great Tusk|62/100 brn|[from] item: Leftovers
|-damage|p2a: Great Tusk|56/100 brn|[from] brn
|upkeep
|turn|3
|
|t:|1760383712
|move|p1a: Moltres|Roost|p1a: Moltres
|-heal|p1a: Moltres|100/100
|-singleturn|p1a: Moltres|move: Roost
|move|p2a: Great Tusk|Rapid Spin|p1a: Moltres
|-damage|p1a: Moltres|93/100
|-boost|p2a: Great Tusk|spe|1
|
|-heal|p2a: Great Tusk|62/100 brn|[from] item: Leftovers
|-damage|p2a: Great Tusk|56/100 brn|[from] brn
|upkeep
|turn|4
|
|t:|1760383718
|move|p2a: Great Tusk|Rapid Spin|p1a: Moltres
|-damage|p1a: Moltres|86/100
|-boost|p2a: Great Tusk|spe|1
|move|p1a: Moltres|U-turn|p2a: Great Tusk
|-resisted|p2a: Great Tusk
|-damage|p2a: Great Tusk|52/100 brn
|
|t:|1760383721
|switch|p1a: Lokix|Lokix, M|100/100|[from] U-turn
|-damage|p1a: Lokix|76/100|[from] Stealth Rock
|
|-heal|p2a: Great Tusk|59/100 brn|[from] item: Leftovers
|-damage|p2a: Great Tusk|52/100 brn|[from] brn
|upkeep
|turn|5
|
|t:|1760383723
|move|p1a: Lokix|First Impression|p2a: Great Tusk
|-resisted|p2a: Great Tusk
|-damage|p2a: Great Tusk|20/100 brn
|move|p2a: Great Tusk|Knock Off|p1a: Lokix
|-resisted|p1a: Lokix
|-damage|p1a: Lokix|66/100
|-enditem|p1a: Lokix|Choice Band|[from] move: Knock Off|[of] p2a: Great Tusk
|
|-heal|p2a: Great Tusk|26/100 brn|[from] item: Leftovers
|-damage|p2a: Great Tusk|20/100 brn|[from] brn
|upkeep
|turn|6
|
|t:|1760383728
|move|p2a: Great Tusk|Earthquake|p1a: Lokix
|-resisted|p1a: Lokix
|-damage|p1a: Lokix|50/100
|move|p1a: Lokix|U-turn|p2a: Great Tusk
|-resisted|p2a: Great Tusk
|-damage|p2a: Great Tusk|5/100 brn
|
|t:|1760383732
|switch|p1a: Alomomola|Alomomola, M|100/100|[from] U-turn
|
|-heal|p2a: Great Tusk|11/100 brn|[from] item: Leftovers
|-damage|p2a: Great Tusk|5/100 brn|[from] brn
|upkeep
|turn|7
|
|t:|1760383734
|move|p2a: Great Tusk|Knock Off|p1a: Alomomola
|-damage|p1a: Alomomola|93/100
|-enditem|p1a: Alomomola|Heavy-Duty Boots|[from] move: Knock Off|[of] p2a: Great Tusk
|move|p1a: Alomomola|Wish|p1a: Alomomola
|
|-heal|p2a: Great Tusk|11/100 brn|[from] item: Leftovers
|-damage|p2a: Great Tusk|5/100 brn|[from] brn
|upkeep
|turn|8
|
|t:|1760383738
|move|p2a: Great Tusk|Rapid Spin|p1a: Alomomola
|-damage|p1a: Alomomola|89/100
|-boost|p2a: Great Tusk|spe|1
|move|p1a: Alomomola|Flip Turn|p2a: Great Tusk
|-supereffective|p2a: Great Tusk
|-damage|p2a: Great Tusk|0 fnt
|faint|p2a: Great Tusk
|-end|p2a: Great Tusk|Protosynthesis|[silent]
|
|t:|1760383741
|switch|p1a: Lokix|Lokix, M|50/100|[from] Flip Turn
|-damage|p1a: Lokix|26/100|[from] Stealth Rock
|
|-heal|p1a: Lokix|100/100|[from] move: Wish|[wisher] Alomomola
|upkeep
|
|t:|1760383744
|switch|p2a: Ribombee|Ribombee, F|100/100
|turn|9
|
|t:|1760383748
|move|p1a: Lokix|First Impression|p2a: Ribombee
|-resisted|p2a: Ribombee
|-damage|p2a: Ribombee|20/100
|move|p2a: Ribombee|Sticky Web|p1a: Lokix
|-sidestart|p1: hehe moon|move: Sticky Web
|
|upkeep
|turn|10
|
|t:|1760383759
|move|p2a: Ribombee|Stun Spore|p1a: Lokix
|-status|p1a: Lokix|par
|move|p1a: Lokix|U-turn|p2a: Ribombee
|-resisted|p2a: Ribombee
|-damage|p2a: Ribombee|0 fnt
|faint|p2a: Ribombee
|
|t:|1760383766
|switch|p1a: Great Tusk|Great Tusk|100/100|[from] U-turn
|
|upkeep
|
|t:|1760383770
|switch|p2a: Gholdengo|Gholdengo|100/100
|-item|p2a: Gholdengo|Air Balloon
|turn|11
|
|t:|1760383773
|move|p1a: Great Tusk|Ice Spinner|p2a: Gholdengo
|-resisted|p2a: Gholdengo
|-damage|p2a: Gholdengo|85/100
|-enditem|p2a: Gholdengo|Air Balloon
|move|p2a: Gholdengo|Dazzling Gleam|p1a: Great Tusk
|-supereffective|p1a: Great Tusk
|-damage|p1a: Great Tusk|16/100
|
|upkeep
|turn|12
|
|t:|1760383775
|move|p1a: Great Tusk|Headlong Rush|p2a: Gholdengo
|-supereffective|p2a: Gholdengo
|-damage|p2a: Gholdengo|0 fnt
|-unboost|p1a: Great Tusk|def|1
|-unboost|p1a: Great Tusk|spd|1
|faint|p2a: Gholdengo
|
|upkeep
|
|t:|1760383780
|switch|p2a: Comfey|Comfey, M|100/100
|turn|13
|
|t:|1760383798
|-end|p1a: Great Tusk|Protosynthesis|[silent]
|switch|p1a: Moltres|Moltres|86/100
|-damage|p1a: Moltres|37/100|[from] Stealth Rock
|move|p2a: Comfey|Draining Kiss|p1a: Moltres
|-resisted|p1a: Moltres
|-damage|p1a: Moltres|27/100
|-damage|p2a: Comfey|91/100|[from] item: Life Orb
|
|upkeep
|turn|14
|
|t:|1760383806
|move|p2a: Comfey|Calm Mind|p2a: Comfey
|-boost|p2a: Comfey|spa|1
|-boost|p2a: Comfey|spd|1
|move|p1a: Moltres|Roost|p1a: Moltres
|-heal|p1a: Moltres|77/100
|-singleturn|p1a: Moltres|move: Roost
|
|upkeep
|turn|15
|
|t:|1760383815
|move|p2a: Comfey|Encore|p1a: Moltres
|-start|p1a: Moltres|Encore
|move|p1a: Moltres|Roost|p1a: Moltres
|-heal|p1a: Moltres|100/100
|-singleturn|p1a: Moltres|move: Roost
|
|upkeep
|turn|16
|
|t:|1760383819
|switch|p1a: Dragalge|Dragalge, F|100/100
|-damage|p1a: Dragalge|88/100|[from] Stealth Rock
|-activate|p1a: Dragalge|move: Sticky Web
|-unboost|p1a: Dragalge|spe|1
|move|p2a: Comfey|Calm Mind|p2a: Comfey
|-boost|p2a: Comfey|spa|1
|-boost|p2a: Comfey|spd|1
|
|upkeep
|turn|17
|
|t:|1760383828
|-terastallize|p2a: Comfey|Ground
|move|p2a: Comfey|Tera Blast|p1a: Dragalge|[anim] Tera Blast Ground
|-supereffective|p1a: Dragalge
|-damage|p1a: Dragalge|0 fnt
|faint|p1a: Dragalge
|-damage|p2a: Comfey|81/100|[from] item: Life Orb
|
|upkeep
|
|t:|1760383839
|switch|p1a: Moltres|Moltres|100/100
|-damage|p1a: Moltres|51/100|[from] Stealth Rock
|turn|18
|
|t:|1760383843
|move|p2a: Comfey|Draining Kiss|p1a: Moltres
|-resisted|p1a: Moltres
|-damage|p1a: Moltres|31/100
|-heal|p2a: Comfey|99/100|[from] drain|[of] p1a: Moltres
|-damage|p2a: Comfey|89/100|[from] item: Life Orb
|move|p1a: Moltres|Roar|p2a: Comfey
|drag|p2a: Dragonite|Dragonite, M, shiny|100/100
|
|upkeep
|turn|19
|
|t:|1760383847
|move|p2a: Dragonite|Encore|p1a: Moltres
|-start|p1a: Moltres|Encore
|move|p1a: Moltres|Roar|p2a: Dragonite
|drag|p2a: Comfey|Comfey, M, tera:Ground|89/100
|
|upkeep
|turn|20
|
|t:|1760383857
|move|p2a: Comfey|Calm Mind|p2a: Comfey
|-boost|p2a: Comfey|spa|1
|-boost|p2a: Comfey|spd|1
|move|p1a: Moltres|Roar|p2a: Comfey
|drag|p2a: Dragonite|Dragonite, M, shiny|100/100
|
|upkeep
|turn|21
|
|t:|1760383860
|move|p2a: Dragonite|Tera Blast|p1a: Moltres
|-damage|p1a: Moltres|19/100
|move|p1a: Moltres|Roar|p2a: Dragonite
|drag|p2a: Primarina|Primarina, F|100/100
|
|-end|p1a: Moltres|Encore
|upkeep
|turn|22
|
|t:|1760383865
|move|p2a: Primarina|Surf|p1a: Moltres
|-supereffective|p1a: Moltres
|-damage|p1a: Moltres|0 fnt
|faint|p1a: Moltres
|
|upkeep
|
|t:|1760383870
|switch|p1a: Alomomola|Alomomola, M|100/100
|-damage|p1a: Alomomola|88/100|[from] Stealth Rock
|-activate|p1a: Alomomola|move: Sticky Web
|-unboost|p1a: Alomomola|spe|1
|turn|23
|
|t:|1760383875
|move|p2a: Primarina|Substitute|p2a: Primarina
|-start|p2a: Primarina|Substitute
|-damage|p2a: Primarina|76/100
|move|p1a: Alomomola|Wish|p1a: Alomomola
|
|-heal|p2a: Primarina|82/100|[from] item: Leftovers
|upkeep
|turn|24
|
|t:|1760383878
|move|p2a: Primarina|Calm Mind|p2a: Primarina
|-boost|p2a: Primarina|spa|1
|-boost|p2a: Primarina|spd|1
|move|p1a: Alomomola|Flip Turn|p2a: Primarina
|-resisted|p2a: Primarina
|-activate|p2a: Primarina|move: Substitute|[damage]
|
|t:|1760383880
|switch|p1a: Great Tusk|Great Tusk|16/100|[from] Flip Turn
|
|-heal|p1a: Great Tusk|88/100|[from] move: Wish|[wisher] Alomomola
|-heal|p2a: Primarina|88/100|[from] item: Leftovers
|upkeep
|turn|25
|
|t:|1760383886
|move|p1a: Great Tusk|Rapid Spin|p2a: Primarina
|-end|p2a: Primarina|Substitute
|-sideend|p1: hehe moon|Stealth Rock|[from] move: Rapid Spin|[of] p1a: Great Tusk
|-sideend|p1: hehe moon|Sticky Web|[from] move: Rapid Spin|[of] p1a: Great Tusk
|-boost|p1a: Great Tusk|spe|1
|move|p2a: Primarina|Surf|p1a: Great Tusk
|-supereffective|p1a: Great Tusk
|-damage|p1a: Great Tusk|0 fnt
|faint|p1a: Great Tusk
|-end|p1a: Great Tusk|Protosynthesis|[silent]
|
|-heal|p2a: Primarina|94/100|[from] item: Leftovers
|upkeep
|
|t:|1760383892
|switch|p1a: Gholdengo|Gholdengo|100/100
|turn|26
|
|t:|1760383894
|move|p1a: Gholdengo|Trick|p2a: Primarina
|-activate|p1a: Gholdengo|move: Trick|[of] p2a: Primarina
|-item|p2a: Primarina|Choice Scarf|[from] move: Trick
|-item|p1a: Gholdengo|Leftovers|[from] move: Trick
|move|p2a: Primarina|Surf|p1a: Gholdengo
|-damage|p1a: Gholdengo|24/100
|
|-heal|p1a: Gholdengo|30/100|[from] item: Leftovers
|upkeep
|turn|27
|
|t:|1760383899
|move|p2a: Primarina|Surf|p1a: Gholdengo
|-damage|p1a: Gholdengo|0 fnt
|faint|p1a: Gholdengo
|
|upkeep
|
|t:|1760383900
|switch|p1a: Lokix|Lokix, M|100/100 par
|turn|28
|
|t:|1760383904
|-terastallize|p1a: Lokix|Bug
|move|p1a: Lokix|First Impression|p2a: Primarina
|-resisted|p2a: Primarina
|-damage|p2a: Primarina|13/100
|move|p2a: Primarina|Surf|p1a: Lokix
|-damage|p1a: Lokix|0 fnt
|faint|p1a: Lokix
|
|upkeep
|-message|hehe moon forfeited.
|
|win|vghhjg
|raw|hehe moon's rating: 1537 &rarr; <strong>1521</strong><br />(-16 for losing)
|raw|vghhjg's rating: 1616 &rarr; <strong>1632</strong><br />(+16 for winning)
|l|☆hehe moon
|player|p1|
|l|☆vghhjg
|player|p2|
