|j|☆mansonabuluting
|j|☆zeeql
|t:|1760368347
|gametype|singles
|player|p1|mansonabuluting|bellelba|1666
|player|p2|zeeql|265|1702
|gen|9
|tier|[Gen 9] OU
|rated|
|rule|HP Percentage Mod: HP is shown in percentages
|rule|Endless Battle Clause: Forcing endless battles is banned
|rule|Species Clause: Limit one of each Pokémon
|rule|OHKO Clause: OHKO moves are banned
|rule|Evasion Items Clause: Evasion items are banned
|rule|Evasion Moves Clause: Evasion moves are banned
|rule|Evasion Abilities Clause: Evasion abilities are banned
|rule|Sleep Moves Clause: Sleep-inducing moves are banned
|clearpoke
|poke|p1|Rillaboom, F|
|poke|p1|Hawlucha, F|
|poke|p1|Thundurus-Therian, M|
|poke|p1|Great Tusk|
|poke|p1|Volcanion|
|poke|p1|Goodra-Hisui, M|
|poke|p2|Dragapult, M|
|poke|p2|Heatran, M|
|poke|p2|Landorus-Therian, M|
|poke|p2|Pecharunt|
|poke|p2|Dragonite, F|
|poke|p2|Gholdengo|
|teampreview
|inactive|Battle timer is ON: inactive players will automatically lose when time's up. (requested by zeeql)
|
|t:|1760368375
|teamsize|p1|6
|teamsize|p2|6
|start
|switch|p1a: Thundurus|Thundurus-Therian, M|100/100
|switch|p2a: Dragapult|Dragapult, M|100/100
|turn|1
|
|t:|1760368378
|move|p1a: Thundurus|Volt Switch|p2a: Dragapult
|-resisted|p2a: Dragapult
|-damage|p2a: Dragapult|68/100
|
|t:|1760368386
|switch|p1a: Rillaboom|Rillaboom, F|100/100|[from] Volt Switch
|-fieldstart|move: Grassy Terrain|[from] ability: Grassy Surge|[of] p1a: Rillaboom
|move|p2a: Dragapult|Draco Meteor|p1a: Rillaboom
|-damage|p1a: Rillaboom|9/100
|-unboost|p2a: Dragapult|spa|2
|
|-heal|p2a: Dragapult|74/100|[from] Grassy Terrain
|-heal|p1a: Rillaboom|16/100|[from] Grassy Terrain
|upkeep
|turn|2
|
|t:|1760368392
|switch|p1a: Goodra|Goodra-Hisui, M|100/100
|move|p2a: Dragapult|Draco Meteor|p1a: Goodra
|-damage|p1a: Goodra|82/100
|-unboost|p2a: Dragapult|spa|2
|
|-heal|p2a: Dragapult|80/100|[from] Grassy Terrain
|-heal|p1a: Goodra|88/100|[from] Grassy Terrain
|upkeep
|turn|3
|
|t:|1760368399
|switch|p2a: Heatran|Heatran, M|100/100
|move|p1a: Goodra|Surf|p2a: Heatran
|-supereffective|p2a: Heatran
|-damage|p2a: Heatran|62/100
|
|-heal|p2a: Heatran|68/100|[from] Grassy Terrain
|-heal|p2a: Heatran|74/100|[from] item: Leftovers
|-heal|p1a: Goodra|94/100|[from] Grassy Terrain
|upkeep
|turn|4
|
|t:|1760368404
|move|p2a: Heatran|Earth Power|p1a: Goodra
|-supereffective|p1a: Goodra
|-damage|p1a: Goodra|73/100
|move|p1a: Goodra|Surf|p2a: Heatran
|-supereffective|p2a: Heatran
|-damage|p2a: Heatran|36/100
|
|-heal|p2a: Heatran|42/100|[from] Grassy Terrain
|-heal|p2a: Heatran|48/100|[from] item: Leftovers
|-heal|p1a: Goodra|79/100|[from] Grassy Terrain
|upkeep
|turn|5
|
|t:|1760368412
|switch|p1a: Thundurus|Thundurus-Therian, M|100/100
|move|p2a: Heatran|Magma Storm|p1a: Thundurus|[miss]
|-miss|p2a: Heatran|p1a: Thundurus
|
|-heal|p2a: Heatran|54/100|[from] Grassy Terrain
|-heal|p2a: Heatran|61/100|[from] item: Leftovers
|-fieldend|move: Grassy Terrain
|upkeep
|turn|6
|
|t:|1760368416
|move|p1a: Thundurus|Volt Switch|p2a: Heatran
|-damage|p2a: Heatran|32/100
|
|t:|1760368418
|switch|p1a: Volcanion|Volcanion|100/100|[from] Volt Switch
|move|p2a: Heatran|Magma Storm|p1a: Volcanion
|-resisted|p1a: Volcanion
|-damage|p1a: Volcanion|90/100
|-activate|p1a: Volcanion|move: Magma Storm|[of] p2a: Heatran
|
|-heal|p2a: Heatran|38/100|[from] item: Leftovers
|-damage|p1a: Volcanion|78/100|[from] move: Magma Storm|[partiallytrapped]
|upkeep
|turn|7
|
|t:|1760368422
|move|p2a: Heatran|Protect|p2a: Heatran
|-singleturn|p2a: Heatran|Protect
|move|p1a: Volcanion|Steam Eruption|p2a: Heatran
|-activate|p2a: Heatran|move: Protect
|
|-heal|p2a: Heatran|44/100|[from] item: Leftovers
|-damage|p1a: Volcanion|65/100|[from] move: Magma Storm|[partiallytrapped]
|upkeep
|turn|8
|
|t:|1760368428
|switch|p2a: Dragapult|Dragapult, M|80/100
|move|p1a: Volcanion|Steam Eruption|p2a: Dragapult
|-resisted|p2a: Dragapult
|-damage|p2a: Dragapult|17/100
|-status|p2a: Dragapult|brn
|
|-damage|p2a: Dragapult|11/100 brn|[from] brn
|-end|p1a: Volcanion|Magma Storm|[partiallytrapped]|[silent]
|upkeep
|turn|9
|
|t:|1760368435
|switch|p1a: Thundurus|Thundurus-Therian, M|100/100
|move|p2a: Dragapult|Draco Meteor|p1a: Thundurus
|-damage|p1a: Thundurus|0 fnt
|-unboost|p2a: Dragapult|spa|2
|faint|p1a: Thundurus
|
|-damage|p2a: Dragapult|5/100 brn|[from] brn
|upkeep
|
|t:|1760368439
|switch|p1a: Rillaboom|Rillaboom, F|16/100
|-fieldstart|move: Grassy Terrain|[from] ability: Grassy Surge|[of] p1a: Rillaboom
|turn|10
|
|t:|1760368441
|move|p1a: Rillaboom|Grassy Glide|p2a: Dragapult
|-resisted|p2a: Dragapult
|-damage|p2a: Dragapult|0 fnt
|faint|p2a: Dragapult
|
|-heal|p1a: Rillaboom|22/100|[from] Grassy Terrain
|upkeep
|
|t:|1760368446
|switch|p2a: Pecharunt|Pecharunt|100/100
|turn|11
|
|t:|1760368453
|switch|p1a: Volcanion|Volcanion|65/100
|move|p2a: Pecharunt|Parting Shot|p1a: Volcanion
|-unboost|p1a: Volcanion|atk|1
|-unboost|p1a: Volcanion|spa|1
|
|t:|1760368467
|switch|p2a: Dragonite|Dragonite, F|100/100|[from] Parting Shot
|
|-heal|p1a: Volcanion|71/100|[from] Grassy Terrain
|upkeep
|turn|12
|
|t:|1760368474
|switch|p1a: Great Tusk|Great Tusk|100/100
|move|p2a: Dragonite|Dragon Dance|p2a: Dragonite
|-boost|p2a: Dragonite|atk|1
|-boost|p2a: Dragonite|spe|1
|
|upkeep
|turn|13
|
|t:|1760368478
|move|p2a: Dragonite|Dragon Dance|p2a: Dragonite
|-boost|p2a: Dragonite|atk|1
|-boost|p2a: Dragonite|spe|1
|move|p1a: Great Tusk|Ice Spinner|p2a: Dragonite
|-supereffective|p2a: Dragonite
|-damage|p2a: Dragonite|45/100
|-fieldend|move: Grassy Terrain
|
|upkeep
|turn|14
|
|t:|1760368489
|-terastallize|p2a: Dragonite|Fairy
|move|p2a: Dragonite|Tera Blast|p1a: Great Tusk|[anim] Tera Blast Fairy
|-supereffective|p1a: Great Tusk
|-damage|p1a: Great Tusk|17/100
|move|p1a: Great Tusk|Ice Spinner|p2a: Dragonite
|-damage|p2a: Dragonite|19/100
|
|upkeep
|turn|15
|
|t:|1760368495
|move|p2a: Dragonite|Roost|p2a: Dragonite
|-heal|p2a: Dragonite|69/100
|move|p1a: Great Tusk|Headlong Rush|p2a: Dragonite
|-damage|p2a: Dragonite|7/100
|-unboost|p1a: Great Tusk|def|1
|-unboost|p1a: Great Tusk|spd|1
|
|upkeep
|turn|16
|
|t:|1760368500
|move|p2a: Dragonite|Earthquake|p1a: Great Tusk
|-damage|p1a: Great Tusk|0 fnt
|faint|p1a: Great Tusk
|-end|p1a: Great Tusk|Protosynthesis|[silent]
|
|upkeep
|
|t:|1760368505
|switch|p1a: Rillaboom|Rillaboom, F|22/100
|-fieldstart|move: Grassy Terrain|[from] ability: Grassy Surge|[of] p1a: Rillaboom
|turn|17
|
|t:|1760368511
|switch|p2a: Pecharunt|Pecharunt|100/100
|move|p1a: Rillaboom|Grassy Glide|p2a: Pecharunt
|-resisted|p2a: Pecharunt
|-damage|p2a: Pecharunt|83/100
|
|-heal|p2a: Pecharunt|89/100|[from] Grassy Terrain
|-heal|p1a: Rillaboom|28/100|[from] Grassy Terrain
|upkeep
|turn|18
|
|t:|1760368518
|switch|p1a: Goodra|Goodra-Hisui, M|79/100
|move|p2a: Pecharunt|Shadow Ball|p1a: Goodra
|-damage|p1a: Goodra|68/100
|
|-heal|p2a: Pecharunt|95/100|[from] Grassy Terrain
|-heal|p1a: Goodra|74/100|[from] Grassy Terrain
|upkeep
|turn|19
|
|t:|1760368525
|move|p2a: Pecharunt|Parting Shot|p1a: Goodra
|-unboost|p1a: Goodra|atk|1
|-unboost|p1a: Goodra|spa|1
|
|t:|1760368528
|switch|p2a: Heatran|Heatran, M|44/100|[from] Parting Shot
|move|p1a: Goodra|Flash Cannon|p2a: Heatran
|-resisted|p2a: Heatran
|-damage|p2a: Heatran|40/100
|
|-heal|p2a: Heatran|47/100|[from] Grassy Terrain
|-heal|p2a: Heatran|53/100|[from] item: Leftovers
|-heal|p1a: Goodra|80/100|[from] Grassy Terrain
|upkeep
|turn|20
|
|t:|1760368534
|switch|p1a: Volcanion|Volcanion|71/100
|move|p2a: Heatran|Magma Storm|p1a: Volcanion|[miss]
|-miss|p2a: Heatran|p1a: Volcanion
|
|-heal|p2a: Heatran|59/100|[from] Grassy Terrain
|-heal|p2a: Heatran|65/100|[from] item: Leftovers
|-heal|p1a: Volcanion|77/100|[from] Grassy Terrain
|upkeep
|turn|21
|
|t:|1760368542
|move|p2a: Heatran|Earth Power|p1a: Volcanion
|-supereffective|p1a: Volcanion
|-damage|p1a: Volcanion|24/100
|-unboost|p1a: Volcanion|spd|1
|move|p1a: Volcanion|Steam Eruption|p2a: Heatran|[miss]
|-miss|p1a: Volcanion|p2a: Heatran
|
|-heal|p2a: Heatran|71/100|[from] Grassy Terrain
|-heal|p2a: Heatran|78/100|[from] item: Leftovers
|-heal|p1a: Volcanion|31/100|[from] Grassy Terrain
|-fieldend|move: Grassy Terrain
|upkeep
|turn|22
|
|t:|1760368548
|move|p2a: Heatran|Earth Power|p1a: Volcanion
|-supereffective|p1a: Volcanion
|-damage|p1a: Volcanion|0 fnt
|faint|p1a: Volcanion
|
|-heal|p2a: Heatran|84/100|[from] item: Leftovers
|upkeep
|
|t:|1760368550
|switch|p1a: Goodra|Goodra-Hisui, M|80/100
|turn|23
|
|t:|1760368553
|-terastallize|p1a: Goodra|Water
|move|p2a: Heatran|Magma Storm|p1a: Goodra
|-resisted|p1a: Goodra
|-damage|p1a: Goodra|70/100
|-activate|p1a: Goodra|move: Magma Storm|[of] p2a: Heatran
|move|p1a: Goodra|Surf|p2a: Heatran
|-supereffective|p2a: Heatran
|-damage|p2a: Heatran|31/100
|
|-heal|p2a: Heatran|37/100|[from] item: Leftovers
|-damage|p1a: Goodra|58/100|[from] move: Magma Storm|[partiallytrapped]
|upkeep
|turn|24
|
|t:|1760368557
|move|p2a: Heatran|Protect|p2a: Heatran
|-singleturn|p2a: Heatran|Protect
|move|p1a: Goodra|Surf|p2a: Heatran
|-activate|p2a: Heatran|move: Protect
|
|-heal|p2a: Heatran|43/100|[from] item: Leftovers
|-damage|p1a: Goodra|46/100|[from] move: Magma Storm|[partiallytrapped]
|upkeep
|turn|25
|c|☆mansonabuluting|steam eruption miss
|c|☆mansonabuluting|wn you the game
|c|☆zeeql|?
|c|☆zeeql|magma miss x2
|c|☆mansonabuluting|didnt matter as much
|-message|mansonabuluting forfeited.
|
|win|zeeql
|raw|mansonabuluting's rating: 1666 &rarr; <strong>1648</strong><br />(-18 for losing)
|raw|zeeql's rating: 1702 &rarr; <strong>1720</strong><br />(+18 for winning)
|l|☆mansonabuluting
|player|p1|
|l|☆zeeql
|player|p2|
