|j|☆swwwward
|j|☆Bigsauuuurrr
|t:|1760311430
|gametype|singles
|player|p1|swwwward|acetrainer-gen4|1123
|player|p2|Bigsauuuurrr|veteran|1112
|gen|9
|tier|[Gen 9] OU
|rated|
|rule|HP Percentage Mod: HP is shown in percentages
|rule|Endless Battle Clause: Forcing endless battles is banned
|rule|Species Clause: Limit one of each Pokémon
|rule|OHKO Clause: OHKO moves are banned
|rule|Evasion Items Clause: Evasion items are banned
|rule|Evasion Moves Clause: Evasion moves are banned
|rule|Evasion Abilities Clause: Evasion abilities are banned
|rule|Sleep Moves Clause: Sleep-inducing moves are banned
|clearpoke
|poke|p1|Pelipper, M|
|poke|p1|Rillaboom, F|
|poke|p1|Scizor, M|
|poke|p1|Gliscor, F|
|poke|p1|Raging Bolt|
|poke|p1|Iron Treads|
|poke|p2|Victreebel, M|
|poke|p2|Dudunsparce-*, M|
|poke|p2|Kleavor, M|
|poke|p2|Qwilfish-Hisui, M|
|poke|p2|Golem, M|
|poke|p2|Magcargo, M|
|teampreview
|inactive|Battle timer is ON: inactive players will automatically lose when time's up. (requested by Bigsauuuurrr)
|
|t:|1760311439
|teamsize|p1|6
|teamsize|p2|6
|start
|switch|p1a: Pelipper|Pelipper, M|100/100
|switch|p2a: Axe|Kleavor, M, shiny|100/100
|-weather|RainDance|[from] ability: Drizzle|[of] p1a: Pelipper
|turn|1
|
|t:|1760311449
|switch|p1a: Scizor|Scizor, M|100/100
|move|p2a: Axe|Stone Axe|p1a: Scizor
|-crit|p1a: Scizor
|-damage|p1a: Scizor|34/100
|-sidestart|p1: swwwward|move: Stealth Rock
|
|-weather|RainDance|[upkeep]
|upkeep
|turn|2
|
|t:|1760311456
|move|p1a: Scizor|Bullet Punch|p2a: Axe
|-supereffective|p2a: Axe
|-damage|p2a: Axe|13/100
|move|p2a: Axe|Stone Axe|p1a: Scizor
|-damage|p1a: Scizor|0 fnt
|faint|p1a: Scizor
|
|-weather|RainDance|[upkeep]
|upkeep
|
|t:|1760311461
|switch|p1a: Iron Treads|Iron Treads|100/100
|-damage|p1a: Iron Treads|97/100|[from] Stealth Rock
|turn|3
|
|t:|1760311478
|switch|p2a: Turbo|Magcargo, M, shiny|100/100
|move|p1a: Iron Treads|Rapid Spin|p2a: Turbo
|-resisted|p2a: Turbo
|-damage|p2a: Turbo|94/100
|-boost|p1a: Iron Treads|spe|1
|-ability|p2a: Turbo|Weak Armor|boost
|-unboost|p2a: Turbo|def|1
|-boost|p2a: Turbo|spe|2
|-sideend|p1: swwwward|Stealth Rock|[from] move: Rapid Spin|[of] p1a: Iron Treads
|-enditem|p2a: Turbo|White Herb
|-clearnegativeboost|p2a: Turbo|[silent]
|
|-weather|RainDance|[upkeep]
|upkeep
|turn|4
|inactive|Bigsauuuurrr has 120 seconds left.
|
|t:|1760311506
|move|p2a: Turbo|Earth Power|p1a: Iron Treads
|-supereffective|p1a: Iron Treads
|-damage|p1a: Iron Treads|71/100
|move|p1a: Iron Treads|Earthquake|p2a: Turbo
|-supereffective|p2a: Turbo
|-damage|p2a: Turbo|0 fnt
|faint|p2a: Turbo
|
|-weather|RainDance|[upkeep]
|upkeep
|inactive|Bigsauuuurrr has 120 seconds left.
|
|t:|1760311517
|switch|p2a: Venus|Victreebel, M, shiny|100/100
|turn|5
|
|t:|1760311521
|move|p1a: Iron Treads|Volt Switch|p2a: Venus
|-resisted|p2a: Venus
|-damage|p2a: Venus|94/100
|
|t:|1760311535
|-end|p1a: Iron Treads|Quark Drive|[silent]
|switch|p1a: Gliscor|Gliscor, F|100/100|[from] Volt Switch
|move|p2a: Venus|Strength Sap|p1a: Gliscor
|-unboost|p1a: Gliscor|atk|1
|-heal|p2a: Venus|100/100
|
|-weather|none
|-status|p1a: Gliscor|tox|[from] item: Toxic Orb
|upkeep
|turn|6
|-message|Bigsauuuurrr forfeited.
|
|win|swwwward
|raw|swwwward's rating: 1123 &rarr; <strong>1147</strong><br />(+24 for winning)
|raw|Bigsauuuurrr's rating: 1112 &rarr; <strong>1088</strong><br />(-24 for losing)
|l|☆Bigsauuuurrr
|player|p2|
|l|☆swwwward
|player|p1|
