|j|☆Scald Manaphy
|j|☆animeGametestteam
|t:|1760327856
|gametype|singles
|player|p1|Scald Manaphy|cameraman|1140
|player|p2|animeGametestteam|acetrainer-gen4dp|1170
|gen|9
|tier|[Gen 9] OU
|rated|
|rule|HP Percentage Mod: HP is shown in percentages
|rule|Endless Battle Clause: Forcing endless battles is banned
|rule|Species Clause: Limit one of each Pokémon
|rule|OHKO Clause: OHKO moves are banned
|rule|Evasion Items Clause: Evasion items are banned
|rule|Evasion Moves Clause: Evasion moves are banned
|rule|Evasion Abilities Clause: Evasion abilities are banned
|rule|Sleep Moves Clause: Sleep-inducing moves are banned
|clearpoke
|poke|p1|Iron Hands|
|poke|p1|Hoopa-Unbound|
|poke|p1|Garchomp, F|
|poke|p1|Meowscarada, M|
|poke|p1|Latias, F|
|poke|p1|Moltres-Galar|
|poke|p2|Tsareena, F|
|poke|p2|Incineroar, M|
|poke|p2|Toxapex, M|
|poke|p2|Kommo-o, M|
|poke|p2|Mimikyu, M|
|poke|p2|Lycanroc, M|
|teampreview
|
|t:|1760327869
|teamsize|p1|6
|teamsize|p2|6
|start
|switch|p1a: Meowscarada|Meowscarada, M|100/100
|switch|p2a: Toxapex|Toxapex, M|100/100
|turn|1
|
|t:|1760327878
|move|p2a: Toxapex|Baneful Bunker|p2a: Toxapex
|-singleturn|p2a: Toxapex|move: Protect
|move|p1a: Meowscarada|Toxic Spikes|p2a: Toxapex
|-start|p1a: Meowscarada|typechange|Poison|[from] ability: Protean
|-sidestart|p2: animeGametestteam|move: Toxic Spikes
|
|upkeep
|turn|2
|
|t:|1760327887
|move|p1a: Meowscarada|Knock Off|p2a: Toxapex
|-damage|p2a: Toxapex|84/100
|-damage|p1a: Meowscarada|84/100|[from] item: Rocky Helmet|[of] p2a: Toxapex
|-enditem|p2a: Toxapex|Rocky Helmet|[from] move: Knock Off|[of] p1a: Meowscarada
|move|p2a: Toxapex|Chilling Water|p1a: Meowscarada
|-damage|p1a: Meowscarada|67/100
|-unboost|p1a: Meowscarada|atk|1
|
|upkeep
|turn|3
|
|t:|1760327900
|move|p1a: Meowscarada|U-turn|p2a: Toxapex
|-resisted|p2a: Toxapex
|-damage|p2a: Toxapex|79/100
|
|t:|1760327905
|switch|p1a: Latias|Latias, F|100/100|[from] U-turn
|move|p2a: Toxapex|Toxic|p1a: Latias
|-status|p1a: Latias|tox
|
|-damage|p1a: Latias|94/100 tox|[from] psn
|upkeep
|turn|4
|
|t:|1760327915
|switch|p2a: Incineroar|Incineroar, M|100/100
|-ability|p2a: Incineroar|Intimidate|boost
|-unboost|p1a: Latias|atk|1
|move|p1a: Latias|Wish|p1a: Latias
|
|-damage|p1a: Latias|82/100 tox|[from] psn
|upkeep
|turn|5
|
|t:|1760327925
|switch|p1a: Garchomp|Garchomp, F|100/100
|move|p2a: Incineroar|Knock Off|p1a: Garchomp
|-damage|p1a: Garchomp|70/100
|-damage|p2a: Incineroar|88/100|[from] ability: Rough Skin|[of] p1a: Garchomp
|-damage|p2a: Incineroar|71/100|[from] item: Rocky Helmet|[of] p1a: Garchomp
|-enditem|p1a: Garchomp|Rocky Helmet|[from] move: Knock Off|[of] p2a: Incineroar
|
|-heal|p1a: Garchomp|100/100|[from] move: Wish|[wisher] Latias
|upkeep
|turn|6
|
|t:|1760327940
|switch|p2a: Toxapex|Toxapex, M|100/100
|-sideend|p2: animeGametestteam|move: Toxic Spikes|[of] p2a: Toxapex
|move|p1a: Garchomp|Spikes|p2a: Toxapex
|-sidestart|p2: animeGametestteam|Spikes
|
|upkeep
|turn|7
|
|t:|1760327949
|move|p1a: Garchomp|Earthquake|p2a: Toxapex
|-supereffective|p2a: Toxapex
|-damage|p2a: Toxapex|44/100
|move|p2a: Toxapex|Chilling Water|p1a: Garchomp
|-damage|p1a: Garchomp|90/100
|-unboost|p1a: Garchomp|atk|1
|
|upkeep
|turn|8
|
|t:|1760327958
|switch|p2a: Tsareena|Tsareena, F|100/100
|-damage|p2a: Tsareena|88/100|[from] Spikes
|move|p1a: Garchomp|Spikes|p2a: Tsareena
|-sidestart|p2: animeGametestteam|Spikes
|
|upkeep
|turn|9
|
|t:|1760327966
|switch|p1a: Moltres|Moltres-Galar|100/100
|move|p2a: Tsareena|Rapid Spin|p1a: Moltres
|-damage|p1a: Moltres|85/100
|-boost|p2a: Tsareena|spe|1
|-sideend|p2: animeGametestteam|Spikes|[from] move: Rapid Spin|[of] p2a: Tsareena
|
|upkeep
|turn|10
|
|t:|1760327985
|-terastallize|p2a: Tsareena|Steel
|move|p2a: Tsareena|Triple Axel|p1a: Moltres
|-supereffective|p1a: Moltres
|-damage|p1a: Moltres|71/100
|-enditem|p1a: Moltres|Weakness Policy
|-boost|p1a: Moltres|atk|2|[from] item: Weakness Policy
|-boost|p1a: Moltres|spa|2|[from] item: Weakness Policy
|-supereffective|p1a: Moltres
|-damage|p1a: Moltres|45/100
|-supereffective|p1a: Moltres
|-damage|p1a: Moltres|9/100
|-hitcount|p1a: Moltres|3
|-ability|p1a: Moltres|Berserk|boost
|-boost|p1a: Moltres|spa|1
|move|p1a: Moltres|Agility|p1a: Moltres
|-boost|p1a: Moltres|spe|2
|
|upkeep
|turn|11
|
|t:|1760328019
|move|p1a: Moltres|Fiery Wrath|p2a: Tsareena
|-damage|p2a: Tsareena|0 fnt
|faint|p2a: Tsareena
|
|upkeep
|
|t:|1760328025
|switch|p2a: Lycanroc|Lycanroc, M|100/100
|turn|12
|
|t:|1760328030
|move|p1a: Moltres|Taunt|p2a: Lycanroc
|-start|p2a: Lycanroc|move: Taunt
|move|p2a: Lycanroc|Stone Edge|p1a: Moltres
|-supereffective|p1a: Moltres
|-damage|p1a: Moltres|0 fnt
|faint|p1a: Moltres
|
|upkeep
|
|t:|1760328037
|switch|p1a: Meowscarada|Meowscarada, M|67/100
|turn|13
|
|t:|1760328041
|switch|p2a: Toxapex|Toxapex, M|78/100
|move|p1a: Meowscarada|Flower Trick|p2a: Toxapex
|-start|p1a: Meowscarada|typechange|Grass|[from] ability: Protean
|-crit|p2a: Toxapex
|-damage|p2a: Toxapex|49/100
|
|upkeep
|turn|14
|
|t:|1760328054
|move|p2a: Toxapex|Baneful Bunker|p2a: Toxapex
|-singleturn|p2a: Toxapex|move: Protect
|move|p1a: Meowscarada|U-turn|p2a: Toxapex
|-activate|p2a: Toxapex|move: Protect
|-status|p1a: Meowscarada|psn
|
|-damage|p1a: Meowscarada|54/100 psn|[from] psn
|upkeep
|turn|15
|
|t:|1760328063
|move|p1a: Meowscarada|Toxic Spikes|p2a: Toxapex
|-sidestart|p2: animeGametestteam|move: Toxic Spikes
|move|p2a: Toxapex|Chilling Water|p1a: Meowscarada
|-resisted|p1a: Meowscarada
|-damage|p1a: Meowscarada|47/100 psn
|-unboost|p1a: Meowscarada|atk|1
|
|-damage|p1a: Meowscarada|34/100 psn|[from] psn
|upkeep
|turn|16
|
|t:|1760328073
|move|p2a: Toxapex|Baneful Bunker|p2a: Toxapex
|-singleturn|p2a: Toxapex|move: Protect
|move|p1a: Meowscarada|U-turn|p2a: Toxapex
|-activate|p2a: Toxapex|move: Protect
|
|-damage|p1a: Meowscarada|22/100 psn|[from] psn
|upkeep
|turn|17
|
|t:|1760328082
|move|p1a: Meowscarada|U-turn|p2a: Toxapex
|-resisted|p2a: Toxapex
|-damage|p2a: Toxapex|45/100
|
|t:|1760328086
|switch|p1a: Hoopa|Hoopa-Unbound|100/100|[from] U-turn
|move|p2a: Toxapex|Recover|p2a: Toxapex
|-heal|p2a: Toxapex|95/100
|
|upkeep
|turn|18
|
|t:|1760328095
|move|p2a: Toxapex|Baneful Bunker|p2a: Toxapex
|-singleturn|p2a: Toxapex|move: Protect
|move|p1a: Hoopa|Zen Headbutt|p2a: Toxapex
|-activate|p2a: Toxapex|move: Protect
|-status|p1a: Hoopa|psn
|
|-damage|p1a: Hoopa|88/100 psn|[from] psn
|upkeep
|turn|19
|
|t:|1760328106
|move|p1a: Hoopa|Zen Headbutt|p2a: Toxapex
|-supereffective|p2a: Toxapex
|-damage|p2a: Toxapex|40/100
|move|p2a: Toxapex|Chilling Water|p1a: Hoopa
|-damage|p1a: Hoopa|82/100 psn
|-unboost|p1a: Hoopa|atk|1
|
|-damage|p1a: Hoopa|70/100 psn|[from] psn
|upkeep
|turn|20
|
|t:|1760328118
|switch|p2a: Incineroar|Incineroar, M|71/100
|-ability|p2a: Incineroar|Intimidate|boost
|-unboost|p1a: Hoopa|atk|1
|move|p1a: Hoopa|Zen Headbutt|p2a: Incineroar
|-immune|p2a: Incineroar
|
|-damage|p1a: Hoopa|57/100 psn|[from] psn
|upkeep
|turn|21
|
|t:|1760328129
|switch|p1a: Meowscarada|Meowscarada, M|22/100 psn
|move|p2a: Incineroar|Earthquake|p1a: Meowscarada
|-resisted|p1a: Meowscarada
|-damage|p1a: Meowscarada|0 fnt
|faint|p1a: Meowscarada
|
|upkeep
|
|t:|1760328132
|switch|p1a: Hoopa|Hoopa-Unbound|57/100 psn
|turn|22
|
|t:|1760328145
|move|p1a: Hoopa|Rock Tomb|p2a: Incineroar
|-supereffective|p2a: Incineroar
|-damage|p2a: Incineroar|13/100
|-unboost|p2a: Incineroar|spe|1
|move|p2a: Incineroar|Knock Off|p1a: Hoopa
|-damage|p1a: Hoopa|0 fnt
|-enditem|p1a: Hoopa|Assault Vest|[from] move: Knock Off|[of] p2a: Incineroar
|faint|p1a: Hoopa
|
|upkeep
|
|t:|1760328154
|switch|p1a: Latias|Latias, F|82/100 tox
|turn|23
|
|t:|1760328159
|switch|p2a: Toxapex|Toxapex, M|73/100
|-sideend|p2: animeGametestteam|move: Toxic Spikes|[of] p2a: Toxapex
|move|p1a: Latias|Draco Meteor|p2a: Toxapex
|-damage|p2a: Toxapex|26/100
|-unboost|p1a: Latias|spa|2
|
|-damage|p1a: Latias|76/100 tox|[from] psn
|upkeep
|turn|24
|
|t:|1760328171
|switch|p2a: Mimikyu|Mimikyu, M|100/100
|move|p1a: Latias|Mist Ball|p2a: Mimikyu
|-activate|p2a: Mimikyu|ability: Disguise
|-damage|p2a: Mimikyu|100/100
|detailschange|p2a: Mimikyu|Mimikyu-Busted, M
|-damage|p2a: Mimikyu|88/100|[from] pokemon: Mimikyu-Busted
|
|-damage|p1a: Latias|64/100 tox|[from] psn
|upkeep
|turn|25
|
|t:|1760328185
|move|p2a: Mimikyu|Swords Dance|p2a: Mimikyu
|-boost|p2a: Mimikyu|atk|2
|move|p1a: Latias|Mist Ball|p2a: Mimikyu
|-damage|p2a: Mimikyu|60/100
|
|-damage|p1a: Latias|46/100 tox|[from] psn
|upkeep
|turn|26
|
|t:|1760328195
|switch|p1a: Garchomp|Garchomp, F|90/100
|move|p2a: Mimikyu|Play Rough|p1a: Garchomp
|-supereffective|p1a: Garchomp
|-damage|p1a: Garchomp|0 fnt
|-damage|p2a: Mimikyu|48/100|[from] ability: Rough Skin|[of] p1a: Garchomp
|faint|p1a: Garchomp
|-damage|p2a: Mimikyu|38/100|[from] item: Life Orb
|
|upkeep
|
|t:|1760328205
|switch|p1a: Iron Hands|Iron Hands|100/100
|turn|27
|
|t:|1760328210
|move|p2a: Mimikyu|Play Rough|p1a: Iron Hands
|-supereffective|p1a: Iron Hands
|-damage|p1a: Iron Hands|0 fnt
|faint|p1a: Iron Hands
|-end|p1a: Iron Hands|Quark Drive|[silent]
|-damage|p2a: Mimikyu|28/100|[from] item: Life Orb
|
|upkeep
|
|t:|1760328213
|switch|p1a: Latias|Latias, F|46/100 tox
|turn|28
|c|☆Scald Manaphy|gg
|
|t:|1760328221
|-terastallize|p1a: Latias|Dragon
|move|p2a: Mimikyu|Shadow Sneak|p1a: Latias
|-damage|p1a: Latias|5/100 tox
|-damage|p2a: Mimikyu|18/100|[from] item: Life Orb
|move|p1a: Latias|Mist Ball|p2a: Mimikyu
|-damage|p2a: Mimikyu|0 fnt
|faint|p2a: Mimikyu
|
|-damage|p1a: Latias|0 fnt|[from] psn
|faint|p1a: Latias
|
|win|animeGametestteam
|raw|Scald Manaphy's rating: 1140 &rarr; <strong>1117</strong><br />(-23 for losing)
|raw|animeGametestteam's rating: 1170 &rarr; <strong>1193</strong><br />(+23 for winning)
|l|☆Scald Manaphy
|player|p1|
