|j|☆skyfire711
|j|☆player jack
|t:|1760435510
|gametype|singles
|player|p1|skyfire711|265|1254
|player|p2|player jack|roxie|1228
|gen|9
|tier|[Gen 9] OU
|rated|
|rule|HP Percentage Mod: HP is shown in percentages
|rule|Endless Battle Clause: Forcing endless battles is banned
|rule|Species Clause: Limit one of each Pokémon
|rule|OHKO Clause: OHKO moves are banned
|rule|Evasion Items Clause: Evasion items are banned
|rule|Evasion Moves Clause: Evasion moves are banned
|rule|Evasion Abilities Clause: Evasion abilities are banned
|rule|Sleep Moves Clause: Sleep-inducing moves are banned
|clearpoke
|poke|p1|Dondozo, F|
|poke|p1|Great Tusk|
|poke|p1|Kingambit, F|
|poke|p1|Ting-Lu|
|poke|p1|Dragonite, F|
|poke|p1|Gholdengo|
|poke|p2|Crabominable, F|
|poke|p2|Greninja-*, F|
|poke|p2|Slowking-Galar, F|
|poke|p2|Qwilfish-Hisui, F|
|poke|p2|Decidueye-Hisui, F|
|poke|p2|Alomomola, F|
|teampreview
|inactive|Battle timer is ON: inactive players will automatically lose when time's up. (requested by player jack)
|
|t:|1760435523
|teamsize|p1|6
|teamsize|p2|6
|start
|switch|p1a: Ting-Lu|Ting-Lu|100/100
|switch|p2a: Decidueye|Decidueye-Hisui, F, shiny|100/100
|-ability|p1a: Ting-Lu|Vessel of Ruin
|turn|1
|
|t:|1760435533
|move|p2a: Decidueye|Swords Dance|p2a: Decidueye
|-boost|p2a: Decidueye|atk|2
|move|p1a: Ting-Lu|Stealth Rock|p2a: Decidueye
|-sidestart|p2: player jack|move: Stealth Rock
|
|upkeep
|turn|2
|
|t:|1760435540
|move|p2a: Decidueye|Triple Arrows|p1a: Ting-Lu
|-supereffective|p1a: Ting-Lu
|-damage|p1a: Ting-Lu|14/100
|-unboost|p1a: Ting-Lu|def|1
|move|p1a: Ting-Lu|Whirlwind|p2a: Decidueye
|drag|p2a: Alomomola|Alomomola, F, shiny|100/100
|
|-heal|p1a: Ting-Lu|20/100|[from] item: Leftovers
|upkeep
|turn|3
|
|t:|1760435557
|move|p1a: Ting-Lu|Ruination|p2a: Alomomola
|-damage|p2a: Alomomola|50/100
|move|p2a: Alomomola|Scald|p1a: Ting-Lu
|-supereffective|p1a: Ting-Lu
|-damage|p1a: Ting-Lu|8/100
|
|-heal|p1a: Ting-Lu|15/100|[from] item: Leftovers
|upkeep
|turn|4
|
|t:|1760435564
|move|p1a: Ting-Lu|Ruination|p2a: Alomomola
|-damage|p2a: Alomomola|26/100
|move|p2a: Alomomola|Flip Turn|p1a: Ting-Lu
|-supereffective|p1a: Ting-Lu
|-damage|p1a: Ting-Lu|0 fnt
|faint|p1a: Ting-Lu
|
|t:|1760435569
|switch|p2a: Greninja|Greninja, F, shiny|100/100|[from] Flip Turn
|-damage|p2a: Greninja|88/100|[from] Stealth Rock
|
|upkeep
|
|t:|1760435582
|switch|p1a: Great Tusk|Great Tusk|100/100
|turn|5
|
|t:|1760435585
|move|p2a: Greninja|Surf|p1a: Great Tusk
|-start|p2a: Greninja|typechange|Water|[from] ability: Protean
|-supereffective|p1a: Great Tusk
|-damage|p1a: Great Tusk|0 fnt
|faint|p1a: Great Tusk
|-end|p1a: Great Tusk|Protosynthesis|[silent]
|
|upkeep
|
|t:|1760435592
|switch|p1a: Dondozo|Dondozo, F|100/100
|turn|6
|
|t:|1760435596
|switch|p2a: Decidueye|Decidueye-Hisui, F, shiny|100/100
|-damage|p2a: Decidueye|94/100|[from] Stealth Rock
|move|p1a: Dondozo|Curse|p1a: Dondozo
|-unboost|p1a: Dondozo|spe|1
|-boost|p1a: Dondozo|atk|1
|-boost|p1a: Dondozo|def|1
|
|upkeep
|turn|7
|
|t:|1760435606
|move|p2a: Decidueye|Triple Arrows|p1a: Dondozo
|-crit|p1a: Dondozo
|-damage|p1a: Dondozo|67/100
|-unboost|p1a: Dondozo|def|1
|move|p1a: Dondozo|Wave Crash|p2a: Decidueye
|-resisted|p2a: Decidueye
|-damage|p2a: Decidueye|37/100
|-damage|p1a: Dondozo|55/100|[from] Recoil
|
|-heal|p1a: Dondozo|61/100|[from] item: Leftovers
|upkeep
|turn|8
|
|t:|1760435616
|move|p2a: Decidueye|Leaf Blade|p1a: Dondozo
|-supereffective|p1a: Dondozo
|-crit|p1a: Dondozo
|-damage|p1a: Dondozo|0 fnt
|faint|p1a: Dondozo
|
|upkeep
|
|t:|1760435627
|switch|p1a: Dragonite|Dragonite, F|100/100
|turn|9
|
|t:|1760435634
|move|p2a: Decidueye|Shadow Sneak|p1a: Dragonite
|-damage|p1a: Dragonite|93/100
|move|p1a: Dragonite|Dragon Tail|p2a: Decidueye
|-damage|p2a: Decidueye|0 fnt
|faint|p2a: Decidueye
|
|upkeep
|
|t:|1760435639
|switch|p2a: Greninja|Greninja, F, shiny|88/100
|-damage|p2a: Greninja|76/100|[from] Stealth Rock
|turn|10
|
|t:|1760435644
|switch|p1a: Gholdengo|Gholdengo|100/100
|-item|p1a: Gholdengo|Air Balloon
|move|p2a: Greninja|Ice Beam|p1a: Gholdengo
|-start|p2a: Greninja|typechange|Ice|[from] ability: Protean
|-resisted|p1a: Gholdengo
|-damage|p1a: Gholdengo|65/100
|-enditem|p1a: Gholdengo|Air Balloon
|
|upkeep
|turn|11
|
|t:|1760435655
|switch|p2a: Slowking|Slowking-Galar, F, shiny|100/100
|-damage|p2a: Slowking|88/100|[from] Stealth Rock
|move|p1a: Gholdengo|Make It Rain|p2a: Slowking
|-damage|p2a: Slowking|40/100
|-unboost|p1a: Gholdengo|spa|1
|
|-heal|p2a: Slowking|46/100|[from] item: Leftovers
|upkeep
|turn|12
|
|t:|1760435668
|move|p1a: Gholdengo|Nasty Plot|p1a: Gholdengo
|-boost|p1a: Gholdengo|spa|2
|-prepare|p2a: Slowking|Chilly Reception|[premajor]
|move|p2a: Slowking|Chilly Reception|p2a: Slowking
|-weather|Snowscape
|
|t:|1760435671
|switch|p2a: Crabominable|Crabominable, F, shiny|100/100|[from] Chilly Reception
|-damage|p2a: Crabominable|88/100|[from] Stealth Rock
|
|-weather|Snowscape|[upkeep]
|upkeep
|turn|13
|
|t:|1760435678
|-terastallize|p2a: Crabominable|Water
|move|p1a: Gholdengo|Make It Rain|p2a: Crabominable
|-resisted|p2a: Crabominable
|-damage|p2a: Crabominable|50/100
|-unboost|p1a: Gholdengo|spa|1
|move|p2a: Crabominable|Crabhammer|p1a: Gholdengo
|-damage|p1a: Gholdengo|0 fnt
|faint|p1a: Gholdengo
|
|-weather|Snowscape|[upkeep]
|upkeep
|
|t:|1760435688
|switch|p1a: Dragonite|Dragonite, F|93/100
|turn|14
|
|t:|1760435696
|move|p2a: Crabominable|Ice Punch|p1a: Dragonite
|-supereffective|p1a: Dragonite
|-damage|p1a: Dragonite|0 fnt
|faint|p1a: Dragonite
|
|-weather|Snowscape|[upkeep]
|upkeep
|
|t:|1760435702
|switch|p1a: Kingambit|Kingambit, F|100/100
|-activate|p1a: Kingambit|ability: Supreme Overlord
|-start|p1a: Kingambit|fallen5|[silent]
|turn|15
|
|t:|1760435707
|-terastallize|p1a: Kingambit|Dark
|move|p1a: Kingambit|Sucker Punch|p2a: Crabominable
|-damage|p2a: Crabominable|0 fnt
|faint|p2a: Crabominable
|
|-weather|Snowscape|[upkeep]
|upkeep
|
|t:|1760435712
|switch|p2a: Qwilfish|Qwilfish-Hisui, F, shiny|100/100
|-damage|p2a: Qwilfish|88/100|[from] Stealth Rock
|-ability|p2a: Qwilfish|Intimidate|boost
|-unboost|p1a: Kingambit|atk|1
|turn|16
|
|t:|1760435717
|move|p2a: Qwilfish|Toxic|p1a: Kingambit
|-status|p1a: Kingambit|tox
|move|p1a: Kingambit|Brick Break|p2a: Qwilfish
|-damage|p2a: Qwilfish|64/100
|
|-weather|none
|-damage|p1a: Kingambit|94/100 tox|[from] psn
|upkeep
|turn|17
|
|t:|1760435731
|switch|p2a: Alomomola|Alomomola, F, shiny|59/100
|move|p1a: Kingambit|Kowtow Cleave|p2a: Alomomola
|-damage|p2a: Alomomola|11/100
|
|-damage|p1a: Kingambit|82/100 tox|[from] psn
|upkeep
|turn|18
|
|t:|1760435738
|switch|p2a: Qwilfish|Qwilfish-Hisui, F, shiny|64/100
|-damage|p2a: Qwilfish|52/100|[from] Stealth Rock
|-ability|p2a: Qwilfish|Intimidate|boost
|-unboost|p1a: Kingambit|atk|1
|move|p1a: Kingambit|Kowtow Cleave|p2a: Qwilfish
|-resisted|p2a: Qwilfish
|-damage|p2a: Qwilfish|30/100
|
|-damage|p1a: Kingambit|64/100 tox|[from] psn
|upkeep
|turn|19
|
|t:|1760435752
|move|p2a: Qwilfish|Aqua Jet|p1a: Kingambit
|-damage|p1a: Kingambit|56/100 tox
|move|p1a: Kingambit|Kowtow Cleave|p2a: Qwilfish
|-resisted|p2a: Qwilfish
|-damage|p2a: Qwilfish|9/100
|
|-damage|p1a: Kingambit|31/100 tox|[from] psn
|upkeep
|turn|20
|
|t:|1760435759
|move|p2a: Qwilfish|Barb Barrage|p1a: Kingambit
|-damage|p1a: Kingambit|0 fnt
|faint|p1a: Kingambit
|-end|p1a: Kingambit|fallen5|[silent]
|
|win|player jack
|raw|skyfire711's rating: 1254 &rarr; <strong>1227</strong><br />(-27 for losing)
|raw|player jack's rating: 1228 &rarr; <strong>1255</strong><br />(+27 for winning)
|l|☆player jack
|player|p2|
|l|☆skyfire711
|player|p1|
