|j|☆cr aries
|j|☆DIGIWAYNE123
|t:|1760435366
|gametype|singles
|player|p1|cr aries|169|1562
|player|p2|DIGIWAYNE123|swimmerf-gen4|1657
|gen|9
|tier|[Gen 9] OU
|rated|
|rule|HP Percentage Mod: HP is shown in percentages
|rule|Endless Battle Clause: Forcing endless battles is banned
|rule|Species Clause: Limit one of each Pokémon
|rule|OHKO Clause: OHKO moves are banned
|rule|Evasion Items Clause: Evasion items are banned
|rule|Evasion Moves Clause: Evasion moves are banned
|rule|Evasion Abilities Clause: Evasion abilities are banned
|rule|Sleep Moves Clause: Sleep-inducing moves are banned
|clearpoke
|poke|p1|Weavile, M|
|poke|p1|Gholdengo|
|poke|p1|Slowking-Galar, M|
|poke|p1|Corviknight, F|
|poke|p1|Sandy Shocks|
|poke|p1|Heatran, F|
|poke|p2|Armarouge, M|
|poke|p2|Indeedee, M|
|poke|p2|Great Tusk|
|poke|p2|Hoopa-Unbound|
|poke|p2|Scream Tail|
|poke|p2|Drednaw, F|
|teampreview
|inactive|Battle timer is ON: inactive players will automatically lose when time's up. (requested by DIGIWAYNE123)
|
|t:|1760435393
|teamsize|p1|6
|teamsize|p2|6
|start
|switch|p1a: Weavile|Weavile, M|100/100
|switch|p2a: Hoopa|Hoopa-Unbound|100/100
|turn|1
|
|t:|1760435408
|move|p1a: Weavile|Triple Axel|p2a: Hoopa
|-damage|p2a: Hoopa|86/100
|-damage|p2a: Hoopa|55/100
|-damage|p2a: Hoopa|10/100
|-hitcount|p2a: Hoopa|3
|move|p2a: Hoopa|Drain Punch|p1a: Weavile
|-supereffective|p1a: Weavile
|-damage|p1a: Weavile|0 fnt
|-heal|p2a: Hoopa|50/100|[from] drain|[of] p1a: Weavile
|faint|p1a: Weavile
|
|upkeep
|
|t:|1760435415
|switch|p1a: Corviknight|Corviknight, F|100/100
|-ability|p1a: Corviknight|Pressure
|turn|2
|
|t:|1760435418
|move|p2a: Hoopa|Thunderbolt|p1a: Corviknight
|-supereffective|p1a: Corviknight
|-damage|p1a: Corviknight|19/100
|move|p1a: Corviknight|U-turn|p2a: Hoopa
|-supereffective|p2a: Hoopa
|-damage|p2a: Hoopa|0 fnt
|faint|p2a: Hoopa
|
|t:|1760435422
|switch|p1a: Heatran|Heatran, F|100/100|[from] U-turn
|
|upkeep
|
|t:|1760435429
|switch|p2a: Great Tusk|Great Tusk|100/100
|-enditem|p2a: Great Tusk|Booster Energy
|-activate|p2a: Great Tusk|ability: Protosynthesis|[fromitem]
|-start|p2a: Great Tusk|protosynthesisspe
|turn|3
|
|t:|1760435435
|move|p2a: Great Tusk|Knock Off|p1a: Heatran
|-damage|p1a: Heatran|82/100
|-enditem|p1a: Heatran|Leftovers|[from] move: Knock Off|[of] p2a: Great Tusk
|move|p1a: Heatran|Magma Storm|p2a: Great Tusk
|-damage|p2a: Great Tusk|48/100
|-activate|p2a: Great Tusk|move: Magma Storm|[of] p1a: Heatran
|
|-damage|p2a: Great Tusk|36/100|[from] move: Magma Storm|[partiallytrapped]
|upkeep
|turn|4
|
|t:|1760435441
|move|p1a: Heatran|Protect|p1a: Heatran
|-singleturn|p1a: Heatran|Protect
|move|p2a: Great Tusk|Headlong Rush|p1a: Heatran
|-activate|p1a: Heatran|move: Protect
|
|-damage|p2a: Great Tusk|23/100|[from] move: Magma Storm|[partiallytrapped]
|upkeep
|turn|5
|
|t:|1760435444
|switch|p1a: Corviknight|Corviknight, F|19/100
|-ability|p1a: Corviknight|Pressure
|move|p2a: Great Tusk|Headlong Rush|p1a: Corviknight
|-immune|p1a: Corviknight
|
|-end|p2a: Great Tusk|Magma Storm|[partiallytrapped]|[silent]
|upkeep
|turn|6
|
|t:|1760435446
|move|p2a: Great Tusk|Knock Off|p1a: Corviknight
|-damage|p1a: Corviknight|2/100
|-damage|p2a: Great Tusk|7/100|[from] item: Rocky Helmet|[of] p1a: Corviknight
|-enditem|p1a: Corviknight|Rocky Helmet|[from] move: Knock Off|[of] p2a: Great Tusk
|move|p1a: Corviknight|Roost|p1a: Corviknight
|-heal|p1a: Corviknight|52/100
|-singleturn|p1a: Corviknight|move: Roost
|
|upkeep
|turn|7
|
|t:|1760435451
|-end|p2a: Great Tusk|Protosynthesis|[silent]
|switch|p2a: Scream Tail|Scream Tail|100/100
|-enditem|p2a: Scream Tail|Booster Energy
|-activate|p2a: Scream Tail|ability: Protosynthesis|[fromitem]
|-start|p2a: Scream Tail|protosynthesisspe
|move|p1a: Corviknight|Roost|p1a: Corviknight
|-heal|p1a: Corviknight|100/100
|-singleturn|p1a: Corviknight|move: Roost
|
|upkeep
|turn|8
|
|t:|1760435453
|move|p2a: Scream Tail|Thunder Wave|p1a: Corviknight
|-status|p1a: Corviknight|par
|cant|p1a: Corviknight|par
|
|upkeep
|turn|9
|
|t:|1760435456
|move|p2a: Scream Tail|Stealth Rock|p1a: Corviknight
|-sidestart|p1: cr aries|move: Stealth Rock
|move|p1a: Corviknight|U-turn|p2a: Scream Tail
|-damage|p2a: Scream Tail|89/100
|
|t:|1760435461
|switch|p1a: Slowking|Slowking-Galar, M|100/100|[from] U-turn
|
|upkeep
|turn|10
|
|t:|1760435464
|move|p2a: Scream Tail|Thunder Wave|p1a: Slowking
|-status|p1a: Slowking|par
|cant|p1a: Slowking|par
|
|upkeep
|turn|11
|
|t:|1760435468
|move|p2a: Scream Tail|Wish|p2a: Scream Tail
|move|p1a: Slowking|Toxic Spikes|p2a: Scream Tail
|-sidestart|p2: DIGIWAYNE123|move: Toxic Spikes
|
|upkeep
|turn|12
|
|t:|1760435472
|move|p2a: Scream Tail|Misty Explosion|p1a: Slowking
|-resisted|p1a: Slowking
|-damage|p1a: Slowking|93/100 par
|faint|p2a: Scream Tail
|-end|p2a: Scream Tail|Protosynthesis|[silent]
|move|p1a: Slowking|Future Sight|p2: Scream Tail
|-start|p1a: Slowking|move: Future Sight
|
|upkeep
|
|t:|1760435474
|switch|p2a: Great Tusk|Great Tusk|7/100
|-status|p2a: Great Tusk|psn
|turn|13
|
|t:|1760435478
|switch|p1a: Corviknight|Corviknight, F|100/100 par
|-damage|p1a: Corviknight|88/100 par|[from] Stealth Rock
|-ability|p1a: Corviknight|Pressure
|move|p2a: Great Tusk|Knock Off|p1a: Corviknight
|-damage|p1a: Corviknight|78/100 par
|
|-damage|p2a: Great Tusk|0 fnt|[from] psn
|faint|p2a: Great Tusk
|-end|p2a: Great Tusk|Protosynthesis|[silent]
|upkeep
|
|t:|1760435489
|switch|p2a: Indeedee|Indeedee, M|100/100
|-status|p2a: Indeedee|psn
|-fieldstart|move: Psychic Terrain|[from] ability: Psychic Surge|[of] p2a: Indeedee
|turn|14
|
|t:|1760435494
|move|p2a: Indeedee|Expanding Force|p1a: Corviknight
|-resisted|p1a: Corviknight
|-damage|p1a: Corviknight|43/100 par
|cant|p1a: Corviknight|par
|
|-end|p2a: Indeedee|move: Future Sight
|-resisted|p2a: Indeedee
|-damage|p2a: Indeedee|59/100 psn
|-damage|p2a: Indeedee|47/100 psn|[from] psn
|upkeep
|turn|15
|
|t:|1760435498
|switch|p2a: Armarouge|Armarouge, M|100/100
|-status|p2a: Armarouge|psn
|move|p1a: Corviknight|Roost|p1a: Corviknight
|-heal|p1a: Corviknight|93/100 par
|-singleturn|p1a: Corviknight|move: Roost
|
|-damage|p2a: Armarouge|88/100 psn|[from] psn
|upkeep
|turn|16
|
|t:|1760435503
|switch|p2a: Drednaw|Drednaw, F|100/100
|-status|p2a: Drednaw|psn
|switch|p1a: Heatran|Heatran, F|82/100
|-damage|p1a: Heatran|70/100|[from] Stealth Rock
|
|-damage|p2a: Drednaw|88/100 psn|[from] psn
|upkeep
|turn|17
|
|t:|1760435509
|move|p2a: Drednaw|Earthquake|p1a: Heatran
|-supereffective|p1a: Heatran
|-damage|p1a: Heatran|0 fnt
|faint|p1a: Heatran
|
|-damage|p2a: Drednaw|76/100 psn|[from] psn
|upkeep
|
|t:|1760435515
|switch|p1a: Corviknight|Corviknight, F|93/100 par
|-damage|p1a: Corviknight|80/100 par|[from] Stealth Rock
|-ability|p1a: Corviknight|Pressure
|turn|18
|
|t:|1760435524
|move|p2a: Drednaw|Shell Smash|p2a: Drednaw
|-unboost|p2a: Drednaw|def|1
|-unboost|p2a: Drednaw|spd|1
|-boost|p2a: Drednaw|atk|2
|-boost|p2a: Drednaw|spa|2
|-boost|p2a: Drednaw|spe|2
|cant|p1a: Corviknight|par
|
|-damage|p2a: Drednaw|63/100 psn|[from] psn
|upkeep
|turn|19
|c|☆cr aries|ihezfurvvr
|
|t:|1760435528
|move|p2a: Drednaw|Liquidation|p1a: Corviknight
|-damage|p1a: Corviknight|35/100 par
|move|p1a: Corviknight|U-turn|p2a: Drednaw
|-damage|p2a: Drednaw|39/100 psn
|
|t:|1760435535
|switch|p1a: Gholdengo|Gholdengo|100/100|[from] U-turn
|-damage|p1a: Gholdengo|94/100|[from] Stealth Rock
|
|-damage|p2a: Drednaw|27/100 psn|[from] psn
|upkeep
|turn|20
|
|t:|1760435538
|-terastallize|p2a: Drednaw|Ground
|move|p2a: Drednaw|Earthquake|p1a: Gholdengo
|-supereffective|p1a: Gholdengo
|-damage|p1a: Gholdengo|0 fnt
|faint|p1a: Gholdengo
|
|-damage|p2a: Drednaw|14/100 psn|[from] psn
|upkeep
|
|t:|1760435545
|switch|p1a: Slowking|Slowking-Galar, M|100/100 par
|turn|21
|
|t:|1760435551
|switch|p2a: Armarouge|Armarouge, M|88/100 psn
|switch|p1a: Corviknight|Corviknight, F|35/100 par
|-damage|p1a: Corviknight|23/100 par|[from] Stealth Rock
|-ability|p1a: Corviknight|Pressure
|
|-damage|p2a: Armarouge|75/100 psn|[from] psn
|-fieldend|move: Psychic Terrain
|upkeep
|turn|22
|
|t:|1760435556
|move|p2a: Armarouge|Armor Cannon|p1a: Corviknight
|-supereffective|p1a: Corviknight
|-damage|p1a: Corviknight|0 fnt
|-unboost|p2a: Armarouge|def|1
|-unboost|p2a: Armarouge|spd|1
|faint|p1a: Corviknight
|
|-damage|p2a: Armarouge|63/100 psn|[from] psn
|upkeep
|
|t:|1760435559
|switch|p1a: Sandy Shocks|Sandy Shocks|100/100
|-damage|p1a: Sandy Shocks|94/100|[from] Stealth Rock
|-enditem|p1a: Sandy Shocks|Booster Energy
|-activate|p1a: Sandy Shocks|ability: Protosynthesis|[fromitem]
|-start|p1a: Sandy Shocks|protosynthesisspe
|turn|23
|
|t:|1760435564
|move|p1a: Sandy Shocks|Earth Power|p2a: Armarouge
|-supereffective|p2a: Armarouge
|-damage|p2a: Armarouge|0 fnt
|faint|p2a: Armarouge
|
|upkeep
|
|t:|1760435566
|switch|p2a: Indeedee|Indeedee, M|47/100 psn
|-fieldstart|move: Psychic Terrain|[from] ability: Psychic Surge|[of] p2a: Indeedee
|turn|24
|
|t:|1760435576
|move|p1a: Sandy Shocks|Volt Switch|p2a: Indeedee
|-damage|p2a: Indeedee|5/100 psn
|
|t:|1760435578
|-end|p1a: Sandy Shocks|Protosynthesis|[silent]
|switch|p1a: Slowking|Slowking-Galar, M|100/100 par|[from] Volt Switch
|move|p2a: Indeedee|Healing Wish|p2a: Indeedee
|faint|p2a: Indeedee
|
|upkeep
|
|t:|1760435580
|switch|p2a: Drednaw|Drednaw, F, tera:Ground|14/100 psn
|-heal|p2a: Drednaw|100/100|[from] move: Healing Wish
|-status|p2a: Drednaw|psn
|turn|25
|
|t:|1760435587
|move|p2a: Drednaw|Shell Smash|p2a: Drednaw
|-unboost|p2a: Drednaw|def|1
|-unboost|p2a: Drednaw|spd|1
|-boost|p2a: Drednaw|atk|2
|-boost|p2a: Drednaw|spa|2
|-boost|p2a: Drednaw|spe|2
|move|p1a: Slowking|Future Sight|p2a: Drednaw
|-start|p1a: Slowking|move: Future Sight
|
|-damage|p2a: Drednaw|88/100 psn|[from] psn
|upkeep
|turn|26
|
|t:|1760435593
|-terastallize|p1a: Slowking|Water
|move|p2a: Drednaw|Earthquake|p1a: Slowking
|-damage|p1a: Slowking|0 fnt
|faint|p1a: Slowking
|
|-damage|p2a: Drednaw|76/100 psn|[from] psn
|upkeep
|
|t:|1760435597
|switch|p1a: Sandy Shocks|Sandy Shocks|94/100
|-damage|p1a: Sandy Shocks|88/100|[from] Stealth Rock
|turn|27
|
|t:|1760435599
|move|p2a: Drednaw|Earthquake|p1a: Sandy Shocks
|-supereffective|p1a: Sandy Shocks
|-damage|p1a: Sandy Shocks|0 fnt
|faint|p1a: Sandy Shocks
|-end|p1a: Sandy Shocks|Protosynthesis|[silent]
|
|win|DIGIWAYNE123
|raw|cr aries's rating: 1562 &rarr; <strong>1547</strong><br />(-15 for losing)
|raw|DIGIWAYNE123's rating: 1657 &rarr; <strong>1672</strong><br />(+15 for winning)
|l|☆cr aries
|player|p1|
