|j|☆great team haver
|j|☆Walking Waste
|t:|1760416665
|gametype|singles
|player|p1|great team haver|skierf|1423
|player|p2|Walking Waste|burglar-gen2|1462
|gen|9
|tier|[Gen 9] OU
|rated|
|rule|HP Percentage Mod: HP is shown in percentages
|rule|Endless Battle Clause: Forcing endless battles is banned
|rule|Species Clause: Limit one of each Pokémon
|rule|OHKO Clause: OHKO moves are banned
|rule|Evasion Items Clause: Evasion items are banned
|rule|Evasion Moves Clause: Evasion moves are banned
|rule|Evasion Abilities Clause: Evasion abilities are banned
|rule|Sleep Moves Clause: Sleep-inducing moves are banned
|clearpoke
|poke|p1|Lapras, M|
|poke|p1|Clefable, M|
|poke|p1|Corviknight, F|
|poke|p1|Hydrapple, F|
|poke|p1|Garganacl, M|
|poke|p1|Blissey, F|
|poke|p2|Frosmoth, M|
|poke|p2|Cinccino, F|
|poke|p2|Incineroar, M|
|poke|p2|Weezing-Galar, F|
|poke|p2|Sinistcha|
|poke|p2|Alomomola, M|
|teampreview
|inactive|Battle timer is ON: inactive players will automatically lose when time's up. (requested by Walking Waste)
|inactive|great team haver also wants the timer to be on.
|
|t:|1760416673
|teamsize|p1|6
|teamsize|p2|6
|start
|switch|p1a: Garganacl|Garganacl, M|100/100
|switch|p2a: Frosmoth|Frosmoth, M|100/100
|turn|1
|
|t:|1760416681
|switch|p2a: Weezing|Weezing-Galar, F|100/100
|-ability|p2a: Weezing|Neutralizing Gas
|move|p1a: Garganacl|Salt Cure|p2a: Weezing
|-damage|p2a: Weezing|91/100
|-start|p2a: Weezing|Salt Cure
|
|-damage|p2a: Weezing|78/100|[from] Salt Cure
|upkeep
|turn|2
|
|t:|1760416687
|-end|p2a: Weezing|ability: Neutralizing Gas
|switch|p2a: Alomomola|Alomomola, M|100/100
|move|p1a: Garganacl|Curse|p1a: Garganacl
|-unboost|p1a: Garganacl|spe|1
|-boost|p1a: Garganacl|atk|1
|-boost|p1a: Garganacl|def|1
|
|upkeep
|turn|3
|
|t:|1760416706
|move|p2a: Alomomola|Wish|p2a: Alomomola
|move|p1a: Garganacl|Salt Cure|p2a: Alomomola
|-damage|p2a: Alomomola|88/100
|-start|p2a: Alomomola|Salt Cure
|
|-damage|p2a: Alomomola|63/100|[from] Salt Cure
|upkeep
|turn|4
|
|t:|1760416710
|switch|p2a: Sinistcha|Sinistcha|100/100
|move|p1a: Garganacl|Curse|p1a: Garganacl
|-unboost|p1a: Garganacl|spe|1
|-boost|p1a: Garganacl|atk|1
|-boost|p1a: Garganacl|def|1
|
|upkeep
|turn|5
|
|t:|1760416719
|switch|p1a: Blissey|Blissey, F|100/100
|move|p2a: Sinistcha|Matcha Gotcha|p1a: Blissey
|-damage|p1a: Blissey|89/100
|-status|p1a: Blissey|brn
|
|-heal|p1a: Blissey|95/100 brn|[from] item: Leftovers
|-damage|p1a: Blissey|89/100 brn|[from] brn
|upkeep
|turn|6
|
|t:|1760416726
|switch|p2a: Frosmoth|Frosmoth, M|100/100
|move|p1a: Blissey|Flamethrower|p2a: Frosmoth
|-supereffective|p2a: Frosmoth
|-damage|p2a: Frosmoth|62/100
|
|-heal|p2a: Frosmoth|68/100|[from] item: Leftovers
|-heal|p1a: Blissey|95/100 brn|[from] item: Leftovers
|-damage|p1a: Blissey|89/100 brn|[from] brn
|upkeep
|turn|7
|
|t:|1760416734
|move|p2a: Frosmoth|Quiver Dance|p2a: Frosmoth
|-boost|p2a: Frosmoth|spa|1
|-boost|p2a: Frosmoth|spd|1
|-boost|p2a: Frosmoth|spe|1
|move|p1a: Blissey|Calm Mind|p1a: Blissey
|-boost|p1a: Blissey|spa|1
|-boost|p1a: Blissey|spd|1
|
|-heal|p2a: Frosmoth|74/100|[from] item: Leftovers
|-heal|p1a: Blissey|95/100 brn|[from] item: Leftovers
|-damage|p1a: Blissey|89/100 brn|[from] brn
|upkeep
|turn|8
|
|t:|1760416738
|move|p2a: Frosmoth|Quiver Dance|p2a: Frosmoth
|-boost|p2a: Frosmoth|spa|1
|-boost|p2a: Frosmoth|spd|1
|-boost|p2a: Frosmoth|spe|1
|move|p1a: Blissey|Flamethrower|p2a: Frosmoth
|-supereffective|p2a: Frosmoth
|-damage|p2a: Frosmoth|47/100
|
|-heal|p2a: Frosmoth|54/100|[from] item: Leftovers
|-heal|p1a: Blissey|95/100 brn|[from] item: Leftovers
|-damage|p1a: Blissey|89/100 brn|[from] brn
|upkeep
|turn|9
|
|t:|1760416740
|move|p2a: Frosmoth|Quiver Dance|p2a: Frosmoth
|-boost|p2a: Frosmoth|spa|1
|-boost|p2a: Frosmoth|spd|1
|-boost|p2a: Frosmoth|spe|1
|move|p1a: Blissey|Calm Mind|p1a: Blissey
|-boost|p1a: Blissey|spa|1
|-boost|p1a: Blissey|spd|1
|
|-heal|p2a: Frosmoth|60/100|[from] item: Leftovers
|-heal|p1a: Blissey|95/100 brn|[from] item: Leftovers
|-damage|p1a: Blissey|89/100 brn|[from] brn
|upkeep
|turn|10
|
|t:|1760416749
|-terastallize|p2a: Frosmoth|Electric
|move|p2a: Frosmoth|Substitute|p2a: Frosmoth
|-start|p2a: Frosmoth|Substitute
|-damage|p2a: Frosmoth|35/100
|move|p1a: Blissey|Flamethrower|p2a: Frosmoth
|-activate|p2a: Frosmoth|move: Substitute|[damage]
|
|-heal|p2a: Frosmoth|41/100|[from] item: Leftovers
|-heal|p1a: Blissey|95/100 brn|[from] item: Leftovers
|-damage|p1a: Blissey|89/100 brn|[from] brn
|upkeep
|turn|11
|
|t:|1760416752
|move|p2a: Frosmoth|Quiver Dance|p2a: Frosmoth
|-boost|p2a: Frosmoth|spa|1
|-boost|p2a: Frosmoth|spd|1
|-boost|p2a: Frosmoth|spe|1
|move|p1a: Blissey|Hyper Voice|p2a: Frosmoth
|-damage|p2a: Frosmoth|31/100
|
|-heal|p2a: Frosmoth|37/100|[from] item: Leftovers
|-heal|p1a: Blissey|95/100 brn|[from] item: Leftovers
|-damage|p1a: Blissey|89/100 brn|[from] brn
|upkeep
|turn|12
|
|t:|1760416755
|move|p2a: Frosmoth|Quiver Dance|p2a: Frosmoth
|-boost|p2a: Frosmoth|spa|1
|-boost|p2a: Frosmoth|spd|1
|-boost|p2a: Frosmoth|spe|1
|move|p1a: Blissey|Hyper Voice|p2a: Frosmoth
|-damage|p2a: Frosmoth|28/100
|
|-heal|p2a: Frosmoth|35/100|[from] item: Leftovers
|-heal|p1a: Blissey|95/100 brn|[from] item: Leftovers
|-damage|p1a: Blissey|89/100 brn|[from] brn
|upkeep
|turn|13
|
|t:|1760416760
|move|p2a: Frosmoth|Ice Beam|p1a: Blissey
|-damage|p1a: Blissey|63/100 brn
|move|p1a: Blissey|Calm Mind|p1a: Blissey
|-boost|p1a: Blissey|spa|1
|-boost|p1a: Blissey|spd|1
|
|-heal|p2a: Frosmoth|41/100|[from] item: Leftovers
|-heal|p1a: Blissey|70/100 brn|[from] item: Leftovers
|-damage|p1a: Blissey|63/100 brn|[from] brn
|upkeep
|turn|14
|
|t:|1760416762
|move|p2a: Frosmoth|Ice Beam|p1a: Blissey
|-damage|p1a: Blissey|42/100 brn
|move|p1a: Blissey|Soft-Boiled|p1a: Blissey
|-heal|p1a: Blissey|92/100 brn
|
|-heal|p2a: Frosmoth|47/100|[from] item: Leftovers
|-heal|p1a: Blissey|99/100 brn|[from] item: Leftovers
|-damage|p1a: Blissey|92/100 brn|[from] brn
|upkeep
|turn|15
|
|t:|1760416764
|move|p2a: Frosmoth|Ice Beam|p1a: Blissey
|-damage|p1a: Blissey|74/100 brn
|move|p1a: Blissey|Hyper Voice|p2a: Frosmoth
|-damage|p2a: Frosmoth|37/100
|
|-heal|p2a: Frosmoth|43/100|[from] item: Leftovers
|-heal|p1a: Blissey|80/100 brn|[from] item: Leftovers
|-damage|p1a: Blissey|74/100 brn|[from] brn
|upkeep
|turn|16
|
|t:|1760416766
|move|p2a: Frosmoth|Ice Beam|p1a: Blissey
|-damage|p1a: Blissey|55/100 brn
|move|p1a: Blissey|Hyper Voice|p2a: Frosmoth
|-damage|p2a: Frosmoth|33/100
|
|-heal|p2a: Frosmoth|39/100|[from] item: Leftovers
|-heal|p1a: Blissey|62/100 brn|[from] item: Leftovers
|-damage|p1a: Blissey|55/100 brn|[from] brn
|upkeep
|turn|17
|
|t:|1760416769
|move|p2a: Frosmoth|Quiver Dance|p2a: Frosmoth
|-boost|p2a: Frosmoth|spa|1
|-boost|p2a: Frosmoth|spd|1
|-boost|p2a: Frosmoth|spe|1
|move|p1a: Blissey|Soft-Boiled|p1a: Blissey
|-heal|p1a: Blissey|100/100 brn
|
|-heal|p2a: Frosmoth|45/100|[from] item: Leftovers
|-damage|p1a: Blissey|94/100 brn|[from] brn
|upkeep
|turn|18
|
|t:|1760416771
|move|p2a: Frosmoth|Ice Beam|p1a: Blissey
|-damage|p1a: Blissey|71/100 brn
|move|p1a: Blissey|Calm Mind|p1a: Blissey
|-boost|p1a: Blissey|spa|1
|-boost|p1a: Blissey|spd|1
|
|-heal|p2a: Frosmoth|51/100|[from] item: Leftovers
|-heal|p1a: Blissey|77/100 brn|[from] item: Leftovers
|-damage|p1a: Blissey|71/100 brn|[from] brn
|upkeep
|turn|19
|
|t:|1760416776
|move|p2a: Frosmoth|Tera Blast|p1a: Blissey|[anim] Tera Blast Electric
|-damage|p1a: Blissey|56/100 brn
|move|p1a: Blissey|Hyper Voice|p2a: Frosmoth
|-damage|p2a: Frosmoth|41/100
|
|-heal|p2a: Frosmoth|47/100|[from] item: Leftovers
|-heal|p1a: Blissey|62/100 brn|[from] item: Leftovers
|-damage|p1a: Blissey|56/100 brn|[from] brn
|upkeep
|turn|20
|
|t:|1760416778
|move|p2a: Frosmoth|Ice Beam|p1a: Blissey
|-damage|p1a: Blissey|39/100 brn
|move|p1a: Blissey|Soft-Boiled|p1a: Blissey
|-heal|p1a: Blissey|89/100 brn
|
|-heal|p2a: Frosmoth|53/100|[from] item: Leftovers
|-heal|p1a: Blissey|95/100 brn|[from] item: Leftovers
|-damage|p1a: Blissey|89/100 brn|[from] brn
|upkeep
|turn|21
|
|t:|1760416781
|move|p2a: Frosmoth|Ice Beam|p1a: Blissey
|-damage|p1a: Blissey|70/100 brn
|move|p1a: Blissey|Hyper Voice|p2a: Frosmoth
|-damage|p2a: Frosmoth|43/100
|
|-heal|p2a: Frosmoth|49/100|[from] item: Leftovers
|-heal|p1a: Blissey|76/100 brn|[from] item: Leftovers
|-damage|p1a: Blissey|70/100 brn|[from] brn
|upkeep
|turn|22
|
|t:|1760416784
|move|p2a: Frosmoth|Tera Blast|p1a: Blissey|[anim] Tera Blast Electric
|-crit|p1a: Blissey
|-damage|p1a: Blissey|0 fnt
|faint|p1a: Blissey
|
|-heal|p2a: Frosmoth|55/100|[from] item: Leftovers
|upkeep
|c|☆Walking Waste|yes!
|-message|great team haver forfeited.
|
|win|Walking Waste
|raw|great team haver's rating: 1423 &rarr; <strong>1405</strong><br />(-18 for losing)
|raw|Walking Waste's rating: 1462 &rarr; <strong>1480</strong><br />(+18 for winning)
|l|☆great team haver
|player|p1|
|l|☆Walking Waste
|player|p2|
