|j|☆Cooleevee1
|j|☆PriceP0tato
|t:|1760310773
|gametype|singles
|player|p1|Cooleevee1|lyra|1092
|player|p2|PriceP0tato|shauntal|1102
|gen|9
|tier|[Gen 9] OU
|rated|
|rule|HP Percentage Mod: HP is shown in percentages
|rule|Endless Battle Clause: Forcing endless battles is banned
|rule|Species Clause: Limit one of each Pokémon
|rule|OHKO Clause: OHKO moves are banned
|rule|Evasion Items Clause: Evasion items are banned
|rule|Evasion Moves Clause: Evasion moves are banned
|rule|Evasion Abilities Clause: Evasion abilities are banned
|rule|Sleep Moves Clause: Sleep-inducing moves are banned
|clearpoke
|poke|p1|Pikachu-Sinnoh, M|
|poke|p1|Meowscarada, M|
|poke|p1|Darkrai|
|poke|p1|Iron Treads|
|poke|p1|Blaziken, M|
|poke|p1|Weezing-Galar, M|
|poke|p2|Lycanroc-Dusk, M|
|poke|p2|Reuniclus, F|
|poke|p2|Corviknight, F|
|poke|p2|Tentacruel, F|
|poke|p2|Rotom-Heat|
|poke|p2|Flygon, F|
|teampreview
|
|t:|1760310786
|teamsize|p1|6
|teamsize|p2|6
|start
|switch|p1a: Pikachu|Pikachu-Sinnoh, M|100/100
|switch|p2a: Corviknight|Corviknight, F|100/100
|turn|1
|
|t:|1760310792
|switch|p2a: Flygon|Flygon, F|100/100
|move|p1a: Pikachu|Fake Out|p2a: Flygon
|-damage|p2a: Flygon|85/100
|
|upkeep
|turn|2
|
|t:|1760310801
|-terastallize|p1a: Pikachu|Water
|move|p1a: Pikachu|Surf|p2a: Flygon
|-damage|p2a: Flygon|17/100
|move|p2a: Flygon|Dragon Dance|p2a: Flygon
|-boost|p2a: Flygon|atk|1
|-boost|p2a: Flygon|spe|1
|
|upkeep
|turn|3
|
|t:|1760310812
|switch|p1a: Weezing|Weezing-Galar, M|100/100
|move|p2a: Flygon|Outrage|p1a: Weezing
|-immune|p1a: Weezing
|
|upkeep
|turn|4
|
|t:|1760310818
|move|p2a: Flygon|Earthquake|p1a: Weezing
|-immune|p1a: Weezing|[from] ability: Levitate
|move|p1a: Weezing|Dazzling Gleam|p2a: Flygon
|-supereffective|p2a: Flygon
|-damage|p2a: Flygon|0 fnt
|faint|p2a: Flygon
|
|upkeep
|
|t:|1760310824
|switch|p2a: Tentacruel|Tentacruel, F|100/100
|turn|5
|
|t:|1760310835
|switch|p1a: Pikachu|Pikachu-Sinnoh, M, tera:Water|100/100
|move|p2a: Tentacruel|Surf|p1a: Pikachu
|-resisted|p1a: Pikachu
|-damage|p1a: Pikachu|61/100
|
|upkeep
|turn|6
|
|t:|1760310843
|move|p1a: Pikachu|Thunderbolt|p2a: Tentacruel
|-supereffective|p2a: Tentacruel
|-damage|p2a: Tentacruel|31/100
|move|p2a: Tentacruel|Sludge Wave|p1a: Pikachu
|-damage|p1a: Pikachu|0 fnt
|faint|p1a: Pikachu
|
|-heal|p2a: Tentacruel|37/100|[from] item: Black Sludge
|upkeep
|
|t:|1760310849
|switch|p1a: Meowscarada|Meowscarada, M|100/100
|turn|7
|
|t:|1760310853
|switch|p2a: Corviknight|Corviknight, F|100/100
|move|p1a: Meowscarada|Flower Trick|p2a: Corviknight
|-resisted|p2a: Corviknight
|-crit|p2a: Corviknight
|-damage|p2a: Corviknight|88/100
|
|upkeep
|turn|8
|
|t:|1760310866
|switch|p1a: Darkrai|Darkrai|100/100
|move|p2a: Corviknight|Body Press|p1a: Darkrai
|-supereffective|p1a: Darkrai
|-damage|p1a: Darkrai|35/100
|
|-status|p1a: Darkrai|tox|[from] item: Toxic Orb
|upkeep
|turn|9
|
|t:|1760310873
|move|p1a: Darkrai|Trick|p2a: Corviknight
|-activate|p1a: Darkrai|move: Trick|[of] p2a: Corviknight
|-item|p2a: Corviknight|Toxic Orb|[from] move: Trick
|-item|p1a: Darkrai|Rocky Helmet|[from] move: Trick
|move|p2a: Corviknight|Body Press|p1a: Darkrai
|-supereffective|p1a: Darkrai
|-damage|p1a: Darkrai|0 fnt
|-damage|p2a: Corviknight|71/100|[from] item: Rocky Helmet|[of] p1a: Darkrai
|faint|p1a: Darkrai
|
|upkeep
|
|t:|1760310882
|switch|p1a: Blaziken|Blaziken, M|100/100
|turn|10
|
|t:|1760310886
|switch|p2a: Tentacruel|Tentacruel, F|37/100
|move|p1a: Blaziken|Fire Punch|p2a: Tentacruel
|-resisted|p2a: Tentacruel
|-damage|p2a: Tentacruel|6/100
|
|-heal|p2a: Tentacruel|12/100|[from] item: Black Sludge
|-ability|p1a: Blaziken|Speed Boost|boost
|-boost|p1a: Blaziken|spe|1
|upkeep
|turn|11
|
|t:|1760310895
|move|p1a: Blaziken|Fire Punch|p2a: Tentacruel
|-resisted|p2a: Tentacruel
|-damage|p2a: Tentacruel|0 fnt
|faint|p2a: Tentacruel
|
|-ability|p1a: Blaziken|Speed Boost|boost
|-boost|p1a: Blaziken|spe|1
|upkeep
|
|t:|1760310901
|switch|p2a: Reuniclus|Reuniclus, F|100/100
|turn|12
|
|t:|1760310905
|move|p1a: Blaziken|Swords Dance|p1a: Blaziken
|-boost|p1a: Blaziken|atk|2
|move|p2a: Reuniclus|Psychic Noise|p1a: Blaziken
|-supereffective|p1a: Blaziken
|-damage|p1a: Blaziken|0 fnt
|faint|p1a: Blaziken
|
|upkeep
|
|t:|1760310911
|switch|p1a: Meowscarada|Meowscarada, M|100/100
|turn|13
|
|t:|1760310918
|-terastallize|p2a: Reuniclus|Normal
|move|p1a: Meowscarada|Shadow Claw|p2a: Reuniclus
|-immune|p2a: Reuniclus
|move|p2a: Reuniclus|Focus Blast|p1a: Meowscarada
|-supereffective|p1a: Meowscarada
|-damage|p1a: Meowscarada|0 fnt
|faint|p1a: Meowscarada
|
|upkeep
|
|t:|1760310923
|switch|p1a: Iron Treads|Iron Treads|100/100
|-item|p1a: Iron Treads|Air Balloon
|turn|14
|
|t:|1760310929
|move|p1a: Iron Treads|Volt Switch|p2a: Reuniclus
|-damage|p2a: Reuniclus|91/100
|
|t:|1760310930
|-end|p1a: Iron Treads|Quark Drive|[silent]
|switch|p1a: Weezing|Weezing-Galar, M|100/100|[from] Volt Switch
|move|p2a: Reuniclus|Focus Blast|p1a: Weezing
|-resisted|p1a: Weezing
|-damage|p1a: Weezing|86/100
|
|-heal|p1a: Weezing|92/100|[from] item: Leftovers
|-heal|p2a: Reuniclus|97/100|[from] item: Leftovers
|upkeep
|turn|15
|
|t:|1760310938
|move|p1a: Weezing|Sludge Bomb|p2a: Reuniclus
|-damage|p2a: Reuniclus|73/100
|move|p2a: Reuniclus|Psychic Noise|p1a: Weezing
|-supereffective|p1a: Weezing
|-damage|p1a: Weezing|0 fnt
|faint|p1a: Weezing
|
|-heal|p2a: Reuniclus|79/100|[from] item: Leftovers
|upkeep
|
|t:|1760310955
|switch|p1a: Iron Treads|Iron Treads|100/100
|-item|p1a: Iron Treads|Air Balloon
|turn|16
|
|t:|1760310959
|move|p1a: Iron Treads|Earthquake|p2a: Reuniclus
|-damage|p2a: Reuniclus|28/100
|move|p2a: Reuniclus|Focus Blast|p1a: Iron Treads
|-supereffective|p1a: Iron Treads
|-damage|p1a: Iron Treads|0 fnt
|-enditem|p1a: Iron Treads|Air Balloon
|faint|p1a: Iron Treads
|-end|p1a: Iron Treads|Quark Drive|[silent]
|
|win|PriceP0tato
|raw|Cooleevee1's rating: 1092 &rarr; <strong>1069</strong><br />(-23 for losing)
|raw|PriceP0tato's rating: 1102 &rarr; <strong>1126</strong><br />(+24 for winning)
|l|☆Cooleevee1
|player|p1|
|l|☆PriceP0tato
|player|p2|
