|j|☆skypiaisland
|j|☆sheik main
|t:|1760405300
|gametype|singles
|player|p1|skypiaisland|101|1524
|player|p2|sheik main|cynthia-gen4|1576
|gen|9
|tier|[Gen 9] OU
|rated|
|rule|HP Percentage Mod: HP is shown in percentages
|rule|Endless Battle Clause: Forcing endless battles is banned
|rule|Species Clause: Limit one of each Pokémon
|rule|OHKO Clause: OHKO moves are banned
|rule|Evasion Items Clause: Evasion items are banned
|rule|Evasion Moves Clause: Evasion moves are banned
|rule|Evasion Abilities Clause: Evasion abilities are banned
|rule|Sleep Moves Clause: Sleep-inducing moves are banned
|clearpoke
|poke|p1|Samurott-Hisui, F|
|poke|p1|Deoxys-Speed|
|poke|p1|Indeedee, M|
|poke|p1|Polteageist-Antique|
|poke|p1|Hatterene, F|
|poke|p1|Iron Treads|
|poke|p2|Iron Moth|
|poke|p2|Dragapult, M|
|poke|p2|Gliscor, M|
|poke|p2|Weezing-Galar, F|
|poke|p2|Corviknight, F|
|poke|p2|Kingambit, M|
|teampreview
|
|t:|1760405311
|teamsize|p1|6
|teamsize|p2|6
|start
|switch|p1a: Samurott|Samurott-Hisui, F|100/100
|switch|p2a: Weezing|Weezing-Galar, F|100/100
|-ability|p2a: Weezing|Neutralizing Gas
|turn|1
|
|t:|1760405316
|switch|p1a: Iron Treads|Iron Treads|100/100
|move|p2a: Weezing|Will-O-Wisp|p1a: Iron Treads
|-status|p1a: Iron Treads|brn
|
|-damage|p1a: Iron Treads|94/100 brn|[from] brn
|upkeep
|turn|2
|
|t:|1760405321
|-end|p2a: Weezing|ability: Neutralizing Gas
|switch|p2a: Corviknight|Corviknight, F|100/100
|-ability|p2a: Corviknight|Pressure
|move|p1a: Iron Treads|Knock Off|p2a: Corviknight
|-damage|p2a: Corviknight|91/100
|-damage|p1a: Iron Treads|78/100 brn|[from] item: Rocky Helmet|[of] p2a: Corviknight
|-enditem|p2a: Corviknight|Rocky Helmet|[from] move: Knock Off|[of] p1a: Iron Treads
|
|-heal|p1a: Iron Treads|84/100 brn|[from] item: Leftovers
|-damage|p1a: Iron Treads|78/100 brn|[from] brn
|upkeep
|turn|3
|
|t:|1760405327
|-end|p1a: Iron Treads|Quark Drive|[silent]
|switch|p1a: Hatterene|Hatterene, F|100/100
|move|p2a: Corviknight|Brave Bird|p1a: Hatterene
|-damage|p1a: Hatterene|69/100
|-damage|p2a: Corviknight|74/100|[from] item: Rocky Helmet|[of] p1a: Hatterene
|-damage|p2a: Corviknight|66/100|[from] Recoil
|
|upkeep
|turn|4
|
|t:|1760405337
|move|p2a: Corviknight|Roost|p2a: Corviknight
|-heal|p2a: Corviknight|100/100
|-singleturn|p2a: Corviknight|move: Roost
|move|p1a: Hatterene|Nuzzle|p2a: Corviknight
|-damage|p2a: Corviknight|98/100
|-status|p2a: Corviknight|par
|
|upkeep
|turn|5
|
|t:|1760405340
|move|p1a: Hatterene|Psychic Noise|p2a: Corviknight
|-resisted|p2a: Corviknight
|-damage|p2a: Corviknight|81/100 par
|-start|p2a: Corviknight|move: Heal Block
|move|p2a: Corviknight|U-turn|p1a: Hatterene
|-damage|p1a: Hatterene|57/100
|-damage|p2a: Corviknight|65/100 par|[from] item: Rocky Helmet|[of] p1a: Hatterene
|
|t:|1760405346
|switch|p2a: Iron Moth|Iron Moth|100/100|[from] U-turn
|
|upkeep
|turn|6
|
|t:|1760405352
|switch|p1a: Samurott|Samurott-Hisui, F|100/100
|move|p2a: Iron Moth|Fiery Dance|p1a: Samurott
|-resisted|p1a: Samurott
|-damage|p1a: Samurott|50/100
|-boost|p2a: Iron Moth|spa|1
|
|upkeep
|turn|7
|
|t:|1760405357
|move|p1a: Samurott|Aqua Cutter|p2a: Iron Moth
|-supereffective|p2a: Iron Moth
|-damage|p2a: Iron Moth|0 fnt
|faint|p2a: Iron Moth
|-end|p2a: Iron Moth|Quark Drive|[silent]
|
|upkeep
|
|t:|1760405364
|switch|p2a: Dragapult|Dragapult, M|100/100
|turn|8
|
|t:|1760405373
|switch|p1a: Hatterene|Hatterene, F|57/100
|move|p2a: Dragapult|U-turn|p1a: Hatterene
|-crit|p1a: Hatterene
|-damage|p1a: Hatterene|13/100
|-damage|p2a: Dragapult|84/100|[from] item: Rocky Helmet|[of] p1a: Hatterene
|
|t:|1760405377
|switch|p2a: Gliscor|Gliscor, M|100/100|[from] U-turn
|
|-status|p2a: Gliscor|tox|[from] item: Toxic Orb
|upkeep
|turn|9
|
|t:|1760405380
|switch|p1a: Iron Treads|Iron Treads|78/100 brn
|move|p2a: Gliscor|Earthquake|p1a: Iron Treads
|-supereffective|p1a: Iron Treads
|-damage|p1a: Iron Treads|19/100 brn
|
|-heal|p1a: Iron Treads|25/100 brn|[from] item: Leftovers
|-damage|p1a: Iron Treads|19/100 brn|[from] brn
|upkeep
|turn|10
|
|t:|1760405384
|move|p1a: Iron Treads|Stealth Rock|p2a: Gliscor
|-sidestart|p2: sheik main|move: Stealth Rock
|move|p2a: Gliscor|Earthquake|p1a: Iron Treads
|-supereffective|p1a: Iron Treads
|-damage|p1a: Iron Treads|0 fnt
|faint|p1a: Iron Treads
|-end|p1a: Iron Treads|Quark Drive|[silent]
|
|upkeep
|
|t:|1760405392
|switch|p1a: Samurott|Samurott-Hisui, F|50/100
|turn|11
|
|t:|1760405396
|move|p2a: Gliscor|Protect|p2a: Gliscor
|-singleturn|p2a: Gliscor|Protect
|move|p1a: Samurott|Ceaseless Edge|p2a: Gliscor
|-activate|p2a: Gliscor|move: Protect
|
|upkeep
|turn|12
|
|t:|1760405401
|switch|p1a: Indeedee|Indeedee, M|100/100
|-fieldstart|move: Psychic Terrain|[from] ability: Psychic Surge|[of] p1a: Indeedee
|move|p2a: Gliscor|Spikes|p1a: Indeedee
|-sidestart|p1: skypiaisland|Spikes
|
|upkeep
|turn|13
|
|t:|1760405405
|move|p1a: Indeedee|Expanding Force|p2a: Gliscor
|-crit|p2a: Gliscor
|-damage|p2a: Gliscor|10/100 tox
|move|p2a: Gliscor|Earthquake|p1a: Indeedee
|-damage|p1a: Indeedee|27/100
|
|-heal|p2a: Gliscor|23/100 tox|[from] ability: Poison Heal
|upkeep
|turn|14
|
|t:|1760405408
|move|p2a: Gliscor|Protect|p2a: Gliscor
|-singleturn|p2a: Gliscor|Protect
|move|p1a: Indeedee|Expanding Force|p2a: Gliscor
|-activate|p2a: Gliscor|move: Protect
|
|-heal|p2a: Gliscor|35/100 tox|[from] ability: Poison Heal
|upkeep
|turn|15
|
|t:|1760405411
|switch|p2a: Kingambit|Kingambit, M|100/100
|-damage|p2a: Kingambit|94/100|[from] Stealth Rock
|-activate|p2a: Kingambit|ability: Supreme Overlord
|-start|p2a: Kingambit|fallen1|[silent]
|move|p1a: Indeedee|Expanding Force|p2a: Kingambit
|-immune|p2a: Kingambit
|
|upkeep
|turn|16
|
|t:|1760405419
|move|p1a: Indeedee|Healing Wish|p1a: Indeedee
|faint|p1a: Indeedee
|move|p2a: Kingambit|Low Kick|p1: Indeedee|[notarget]
|-fail|p2a: Kingambit
|
|upkeep
|
|t:|1760405428
|switch|p1a: Deoxys|Deoxys-Speed|100/100
|-damage|p1a: Deoxys|88/100|[from] Spikes
|-ability|p1a: Deoxys|Pressure
|turn|17
|
|t:|1760405436
|move|p1a: Deoxys|Focus Blast|p2a: Kingambit
|-supereffective|p2a: Kingambit
|-damage|p2a: Kingambit|0 fnt
|faint|p2a: Kingambit
|-end|p2a: Kingambit|fallen1|[silent]
|
|upkeep
|
|t:|1760405444
|switch|p2a: Gliscor|Gliscor, M|35/100 tox
|-damage|p2a: Gliscor|23/100 tox|[from] Stealth Rock
|turn|18
|
|t:|1760405446
|move|p2a: Gliscor|Protect|p2a: Gliscor
|-singleturn|p2a: Gliscor|Protect
|move|p1a: Deoxys|Nasty Plot|p1a: Deoxys
|-boost|p1a: Deoxys|spa|2
|
|-heal|p2a: Gliscor|35/100 tox|[from] ability: Poison Heal
|upkeep
|turn|19
|
|t:|1760405449
|move|p2a: Gliscor|Protect|p2a: Gliscor
|-singleturn|p2a: Gliscor|Protect
|move|p1a: Deoxys|Expanding Force|p2a: Gliscor
|-activate|p2a: Gliscor|move: Protect
|
|-heal|p2a: Gliscor|48/100 tox|[from] ability: Poison Heal
|-fieldend|move: Psychic Terrain
|upkeep
|turn|20
|
|t:|1760405457
|switch|p2a: Corviknight|Corviknight, F|65/100 par
|-damage|p2a: Corviknight|52/100 par|[from] Stealth Rock
|-ability|p2a: Corviknight|Pressure
|move|p1a: Deoxys|Expanding Force|p2a: Corviknight
|-resisted|p2a: Corviknight
|-damage|p2a: Corviknight|8/100 par
|
|upkeep
|turn|21
|
|t:|1760405461
|move|p1a: Deoxys|Expanding Force|p2a: Corviknight
|-resisted|p2a: Corviknight
|-damage|p2a: Corviknight|0 fnt
|faint|p2a: Corviknight
|
|upkeep
|
|t:|1760405466
|switch|p2a: Dragapult|Dragapult, M|84/100
|-damage|p2a: Dragapult|72/100|[from] Stealth Rock
|turn|22
|
|t:|1760405470
|move|p1a: Deoxys|Taunt|p2a: Dragapult
|-start|p2a: Dragapult|move: Taunt
|move|p2a: Dragapult|Dragon Darts|p1a: Deoxys
|-damage|p1a: Deoxys|35/100
|-anim|p2a: Dragapult|Dragon Darts|p1a: Deoxys
|-damage|p1a: Deoxys|0 fnt
|faint|p1a: Deoxys
|
|upkeep
|
|t:|1760405474
|switch|p1a: Hatterene|Hatterene, F|13/100
|-heal|p1a: Hatterene|100/100|[from] move: Healing Wish
|-damage|p1a: Hatterene|88/100|[from] Spikes
|turn|23
|
|t:|1760405480
|switch|p2a: Gliscor|Gliscor, M|48/100 tox
|-damage|p2a: Gliscor|35/100 tox|[from] Stealth Rock
|move|p1a: Hatterene|Draining Kiss|p2a: Gliscor
|-damage|p2a: Gliscor|16/100 tox
|-heal|p1a: Hatterene|100/100|[from] drain|[of] p2a: Gliscor
|
|-heal|p2a: Gliscor|29/100 tox|[from] ability: Poison Heal
|upkeep
|turn|24
|
|t:|1760405487
|move|p2a: Gliscor|Protect|p2a: Gliscor
|-singleturn|p2a: Gliscor|Protect
|move|p1a: Hatterene|Psychic Noise|p2a: Gliscor
|-activate|p2a: Gliscor|move: Protect
|
|-heal|p2a: Gliscor|41/100 tox|[from] ability: Poison Heal
|upkeep
|turn|25
|
|t:|1760405491
|move|p2a: Gliscor|Earthquake|p1a: Hatterene
|-damage|p1a: Hatterene|71/100
|move|p1a: Hatterene|Psychic Noise|p2a: Gliscor
|-damage|p2a: Gliscor|11/100 tox
|-start|p2a: Gliscor|move: Heal Block
|
|upkeep
|turn|26
|
|t:|1760405498
|switch|p1a: Samurott|Samurott-Hisui, F|50/100
|-damage|p1a: Samurott|37/100|[from] Spikes
|move|p2a: Gliscor|Protect||[still]
|-fail|p2a: Gliscor
|
|-end|p2a: Gliscor|move: Heal Block
|upkeep
|turn|27
|
|t:|1760405501
|move|p2a: Gliscor|Protect|p2a: Gliscor
|-singleturn|p2a: Gliscor|Protect
|move|p1a: Samurott|Ceaseless Edge|p2a: Gliscor
|-activate|p2a: Gliscor|move: Protect
|
|-heal|p2a: Gliscor|24/100 tox|[from] ability: Poison Heal
|upkeep
|turn|28
|
|t:|1760405505
|switch|p2a: Weezing|Weezing-Galar, F|100/100
|-ability|p2a: Weezing|Neutralizing Gas
|move|p1a: Samurott|Ceaseless Edge|p2a: Weezing
|-resisted|p2a: Weezing
|-damage|p2a: Weezing|91/100
|-sidestart|p2: sheik main|Spikes
|
|upkeep
|turn|29
|
|t:|1760405514
|move|p1a: Samurott|Ceaseless Edge|p2a: Weezing|[miss]
|-miss|p1a: Samurott|p2a: Weezing
|move|p2a: Weezing|Defog|p1a: Samurott
|-unboost|p1a: Samurott|evasion|1
|-sideend|p1: skypiaisland|Spikes|[from] move: Defog|[of] p2a: Weezing
|-sideend|p2: sheik main|Spikes|[from] move: Defog|[of] p2a: Weezing
|-sideend|p2: sheik main|Stealth Rock|[from] move: Defog|[of] p2a: Weezing
|
|upkeep
|turn|30
|
|t:|1760405517
|move|p1a: Samurott|Ceaseless Edge|p2a: Weezing
|-resisted|p2a: Weezing
|-damage|p2a: Weezing|80/100
|-sidestart|p2: sheik main|Spikes
|move|p2a: Weezing|Will-O-Wisp|p1a: Samurott
|-status|p1a: Samurott|brn
|
|-damage|p1a: Samurott|31/100 brn|[from] brn
|upkeep
|turn|31
|
|t:|1760405522
|move|p1a: Samurott|Ceaseless Edge|p2a: Weezing
|-resisted|p2a: Weezing
|-damage|p2a: Weezing|75/100
|-sidestart|p2: sheik main|Spikes
|move|p2a: Weezing|Defog|p1a: Samurott
|-unboost|p1a: Samurott|evasion|1
|-sideend|p2: sheik main|Spikes|[from] move: Defog|[of] p2a: Weezing
|
|-damage|p1a: Samurott|25/100 brn|[from] brn
|upkeep
|turn|32
|
|t:|1760405526
|move|p1a: Samurott|Ceaseless Edge|p2a: Weezing
|-resisted|p2a: Weezing
|-damage|p2a: Weezing|70/100
|-sidestart|p2: sheik main|Spikes
|move|p2a: Weezing|Defog|p1a: Samurott
|-unboost|p1a: Samurott|evasion|1
|-sideend|p2: sheik main|Spikes|[from] move: Defog|[of] p2a: Weezing
|
|-damage|p1a: Samurott|19/100 brn|[from] brn
|upkeep
|turn|33
|
|t:|1760405529
|move|p1a: Samurott|Ceaseless Edge|p2a: Weezing
|-resisted|p2a: Weezing
|-damage|p2a: Weezing|65/100
|-sidestart|p2: sheik main|Spikes
|move|p2a: Weezing|Defog|p1a: Samurott
|-unboost|p1a: Samurott|evasion|1
|-sideend|p2: sheik main|Spikes|[from] move: Defog|[of] p2a: Weezing
|
|-damage|p1a: Samurott|12/100 brn|[from] brn
|upkeep
|turn|34
|
|t:|1760405531
|move|p1a: Samurott|Ceaseless Edge|p2a: Weezing
|-resisted|p2a: Weezing
|-damage|p2a: Weezing|59/100
|-sidestart|p2: sheik main|Spikes
|move|p2a: Weezing|Defog|p1a: Samurott
|-unboost|p1a: Samurott|evasion|1
|-sideend|p2: sheik main|Spikes|[from] move: Defog|[of] p2a: Weezing
|
|-damage|p1a: Samurott|6/100 brn|[from] brn
|upkeep
|turn|35
|
|t:|1760405536
|move|p1a: Samurott|Ceaseless Edge|p2a: Weezing
|-resisted|p2a: Weezing
|-damage|p2a: Weezing|54/100
|-sidestart|p2: sheik main|Spikes
|move|p2a: Weezing|Defog|p1a: Samurott
|-unboost|p1a: Samurott|evasion|1
|-sideend|p2: sheik main|Spikes|[from] move: Defog|[of] p2a: Weezing
|
|-damage|p1a: Samurott|0 fnt|[from] brn
|faint|p1a: Samurott
|upkeep
|
|t:|1760405538
|switch|p1a: Polteageist|Polteageist-Antique|100/100
|turn|36
|
|t:|1760405547
|move|p1a: Polteageist|Shadow Ball|p2a: Weezing
|-damage|p2a: Weezing|0 fnt
|faint|p2a: Weezing
|-end|p2a: Weezing|ability: Neutralizing Gas
|
|upkeep
|
|t:|1760405553
|switch|p2a: Dragapult|Dragapult, M|72/100
|turn|37
|
|t:|1760405562
|switch|p1a: Hatterene|Hatterene, F|71/100
|-terastallize|p2a: Dragapult|Ghost
|move|p2a: Dragapult|Tera Blast|p1a: Hatterene|[anim] Tera Blast Ghost
|-supereffective|p1a: Hatterene
|-damage|p1a: Hatterene|0 fnt
|faint|p1a: Hatterene
|
|upkeep
|
|t:|1760405564
|switch|p1a: Polteageist|Polteageist-Antique|100/100
|turn|38
|
|t:|1760405568
|move|p2a: Dragapult|Tera Blast|p1a: Polteageist|[anim] Tera Blast Ghost
|-supereffective|p1a: Polteageist
|-enditem|p1a: Polteageist|Focus Sash
|-damage|p1a: Polteageist|1/100
|-ability|p1a: Polteageist|Weak Armor|boost
|-unboost|p1a: Polteageist|def|1
|-boost|p1a: Polteageist|spe|2
|move|p1a: Polteageist|Shell Smash|p1a: Polteageist
|-unboost|p1a: Polteageist|def|1
|-unboost|p1a: Polteageist|spd|1
|-boost|p1a: Polteageist|atk|2
|-boost|p1a: Polteageist|spa|2
|-boost|p1a: Polteageist|spe|2
|
|upkeep
|turn|39
|
|t:|1760405579
|switch|p2a: Gliscor|Gliscor, M|24/100 tox
|move|p1a: Polteageist|Shadow Ball|p2a: Gliscor
|-damage|p2a: Gliscor|0 fnt
|faint|p2a: Gliscor
|
|upkeep
|
|t:|1760405582
|switch|p2a: Dragapult|Dragapult, M, tera:Ghost|72/100
|turn|40
|
|t:|1760405584
|move|p2a: Dragapult|Sucker Punch||[still]
|-fail|p2a: Dragapult
|move|p1a: Polteageist|Shell Smash|p1a: Polteageist
|-unboost|p1a: Polteageist|def|1
|-unboost|p1a: Polteageist|spd|1
|-boost|p1a: Polteageist|atk|2
|-boost|p1a: Polteageist|spa|2
|-boost|p1a: Polteageist|spe|2
|
|upkeep
|turn|41
|
|t:|1760405587
|move|p2a: Dragapult|Sucker Punch||[still]
|-fail|p2a: Dragapult
|move|p1a: Polteageist|Shell Smash|p1a: Polteageist
|-unboost|p1a: Polteageist|def|1
|-unboost|p1a: Polteageist|spd|1
|-boost|p1a: Polteageist|atk|2
|-boost|p1a: Polteageist|spa|2
|-boost|p1a: Polteageist|spe|0
|
|upkeep
|turn|42
|
|t:|1760405589
|move|p2a: Dragapult|Sucker Punch||[still]
|-fail|p2a: Dragapult
|move|p1a: Polteageist|Shell Smash|p1a: Polteageist
|-unboost|p1a: Polteageist|def|1
|-unboost|p1a: Polteageist|spd|1
|-boost|p1a: Polteageist|atk|0
|-boost|p1a: Polteageist|spa|0
|-boost|p1a: Polteageist|spe|0
|
|upkeep
|turn|43
|
|t:|1760405591
|move|p2a: Dragapult|Sucker Punch||[still]
|-fail|p2a: Dragapult
|move|p1a: Polteageist|Shell Smash|p1a: Polteageist
|-unboost|p1a: Polteageist|def|1
|-unboost|p1a: Polteageist|spd|1
|-boost|p1a: Polteageist|atk|0
|-boost|p1a: Polteageist|spa|0
|-boost|p1a: Polteageist|spe|0
|
|upkeep
|turn|44
|
|t:|1760405593
|move|p2a: Dragapult|Sucker Punch||[still]
|-fail|p2a: Dragapult
|move|p1a: Polteageist|Shell Smash|p1a: Polteageist
|-unboost|p1a: Polteageist|def|0
|-unboost|p1a: Polteageist|spd|1
|-boost|p1a: Polteageist|atk|0
|-boost|p1a: Polteageist|spa|0
|-boost|p1a: Polteageist|spe|0
|
|upkeep
|turn|45
|
|t:|1760405595
|move|p2a: Dragapult|Sucker Punch||[still]
|-fail|p2a: Dragapult
|move|p1a: Polteageist|Shell Smash|p1a: Polteageist
|-unboost|p1a: Polteageist|def|0
|-unboost|p1a: Polteageist|spd|0
|-boost|p1a: Polteageist|atk|0
|-boost|p1a: Polteageist|spa|0
|-boost|p1a: Polteageist|spe|0
|
|upkeep
|turn|46
|
|t:|1760405598
|move|p2a: Dragapult|Sucker Punch||[still]
|-fail|p2a: Dragapult
|move|p1a: Polteageist|Shell Smash|p1a: Polteageist
|-unboost|p1a: Polteageist|def|0
|-unboost|p1a: Polteageist|spd|0
|-boost|p1a: Polteageist|atk|0
|-boost|p1a: Polteageist|spa|0
|-boost|p1a: Polteageist|spe|0
|
|upkeep
|turn|47
|
|t:|1760405600
|move|p2a: Dragapult|Sucker Punch||[still]
|-fail|p2a: Dragapult
|move|p1a: Polteageist|Shell Smash|p1a: Polteageist
|-unboost|p1a: Polteageist|def|0
|-unboost|p1a: Polteageist|spd|0
|-boost|p1a: Polteageist|atk|0
|-boost|p1a: Polteageist|spa|0
|-boost|p1a: Polteageist|spe|0
|
|upkeep
|turn|48
|
|t:|1760405603
|move|p1a: Polteageist|Shadow Ball|p2a: Dragapult
|-supereffective|p2a: Dragapult
|-damage|p2a: Dragapult|0 fnt
|faint|p2a: Dragapult
|
|win|skypiaisland
|raw|skypiaisland's rating: 1524 &rarr; <strong>1547</strong><br />(+23 for winning)
|raw|sheik main's rating: 1576 &rarr; <strong>1553</strong><br />(-23 for losing)
|l|☆sheik main
|player|p2|
|l|☆skypiaisland
|player|p1|
