|j|☆jornum
|j|☆fang_storm26
|t:|1760386920
|gametype|singles
|player|p1|jornum|medium|1133
|player|p2|fang_storm26|brycenman|1182
|gen|9
|tier|[Gen 9] OU
|rated|
|rule|HP Percentage Mod: HP is shown in percentages
|rule|Endless Battle Clause: Forcing endless battles is banned
|rule|Species Clause: Limit one of each Pokémon
|rule|OHKO Clause: OHKO moves are banned
|rule|Evasion Items Clause: Evasion items are banned
|rule|Evasion Moves Clause: Evasion moves are banned
|rule|Evasion Abilities Clause: Evasion abilities are banned
|rule|Sleep Moves Clause: Sleep-inducing moves are banned
|clearpoke
|poke|p1|Serperior, M|
|poke|p1|Dragapult, F|
|poke|p1|Glimmora, F|
|poke|p1|Scizor, M|
|poke|p1|Gliscor, M|
|poke|p1|Alomomola, M|
|poke|p2|Minior-Blue|
|poke|p2|Hitmontop, M|
|poke|p2|Jolteon, M|
|poke|p2|Toucannon, F|
|poke|p2|Sandaconda, M|
|poke|p2|Chimecho, M|
|teampreview
|inactive|Battle timer is ON: inactive players will automatically lose when time's up. (requested by jornum)
|
|t:|1760386925
|teamsize|p1|6
|teamsize|p2|6
|start
|switch|p1a: bullet|Glimmora, F|100/100
|switch|p2a: Minior|Minior-Blue, shiny|100/100
|-formechange|p2a: Minior|Minior-Meteor||[from] ability: Shields Down
|turn|1
|
|t:|1760386932
|move|p1a: bullet|Mortal Spin|p2a: Minior
|-resisted|p2a: Minior
|-damage|p2a: Minior|96/100
|move|p2a: Minior|Shell Smash|p2a: Minior
|-unboost|p2a: Minior|def|1
|-unboost|p2a: Minior|spd|1
|-boost|p2a: Minior|atk|2
|-boost|p2a: Minior|spa|2
|-boost|p2a: Minior|spe|2
|-enditem|p2a: Minior|White Herb
|-clearnegativeboost|p2a: Minior|[silent]
|
|upkeep
|turn|2
|
|t:|1760386945
|move|p2a: Minior|Shell Smash|p2a: Minior
|-unboost|p2a: Minior|def|1
|-unboost|p2a: Minior|spd|1
|-boost|p2a: Minior|atk|2
|-boost|p2a: Minior|spa|2
|-boost|p2a: Minior|spe|2
|move|p1a: bullet|Sludge Wave|p2a: Minior
|-resisted|p2a: Minior
|-damage|p2a: Minior|45/100
|
|-formechange|p2a: Minior|Minior-Blue||[from] ability: Shields Down
|upkeep
|turn|3
|
|t:|1760386950
|move|p2a: Minior|Earthquake|p1a: bullet
|-supereffective|p1a: bullet
|-enditem|p1a: bullet|Focus Sash
|-damage|p1a: bullet|1/100
|-activate|p1a: bullet|ability: Toxic Debris
|-sidestart|p2: fang_storm26|move: Toxic Spikes
|move|p1a: bullet|Sludge Wave|p2a: Minior
|-resisted|p2a: Minior
|-damage|p2a: Minior|0 fnt
|faint|p2a: Minior
|
|upkeep
|
|t:|1760386954
|switch|p2a: Hitmontop|Hitmontop, M|100/100
|-status|p2a: Hitmontop|psn
|turn|4
|
|t:|1760386958
|switch|p1a: jet3000|Dragapult, F, shiny|100/100
|move|p2a: Hitmontop|Rapid Spin|p1a: jet3000
|-immune|p1a: jet3000
|
|-damage|p2a: Hitmontop|88/100 psn|[from] psn
|upkeep
|turn|5
|
|t:|1760386964
|move|p1a: jet3000|U-turn|p2a: Hitmontop
|-resisted|p2a: Hitmontop
|-damage|p2a: Hitmontop|80/100 psn
|
|t:|1760386968
|switch|p1a: bullet|Glimmora, F|1/100|[from] U-turn
|move|p2a: Hitmontop|Triple Axel|p1a: bullet
|-damage|p1a: bullet|0 fnt
|-activate|p1a: bullet|ability: Toxic Debris
|-sidestart|p2: fang_storm26|move: Toxic Spikes
|faint|p1a: bullet
|-hitcount|p1: bullet|1
|
|-damage|p2a: Hitmontop|68/100 psn|[from] psn
|upkeep
|
|t:|1760386978
|switch|p1a: napoleon|Serperior, M, shiny|100/100
|turn|6
|
|t:|1760386981
|move|p1a: napoleon|Leaf Storm|p2a: Hitmontop
|-damage|p2a: Hitmontop|37/100 psn
|-boost|p1a: napoleon|spa|2
|move|p2a: Hitmontop|Triple Axel|p1a: napoleon|[miss]
|-miss|p2a: Hitmontop|p1a: napoleon
|
|-damage|p2a: Hitmontop|25/100 psn|[from] psn
|upkeep
|turn|7
|
|t:|1760386989
|move|p2a: Hitmontop|Mach Punch|p1a: napoleon
|-damage|p1a: napoleon|73/100
|move|p1a: napoleon|Leaf Storm|p2a: Hitmontop
|-damage|p2a: Hitmontop|0 fnt
|-boost|p1a: napoleon|spa|2
|faint|p2a: Hitmontop
|
|-heal|p1a: napoleon|80/100|[from] item: Leftovers
|upkeep
|
|t:|1760386991
|switch|p2a: Toucannon|Toucannon, F, shiny|100/100
|turn|8
|
|t:|1760386997
|-terastallize|p1a: napoleon|Water
|-singleturn|p2a: Toucannon|move: Beak Blast
|move|p1a: napoleon|Leaf Storm|p2a: Toucannon
|-resisted|p2a: Toucannon
|-damage|p2a: Toucannon|43/100
|-boost|p1a: napoleon|spa|2
|move|p2a: Toucannon|Beak Blast|p1a: napoleon
|-damage|p1a: napoleon|29/100
|
|-heal|p1a: napoleon|35/100|[from] item: Leftovers
|upkeep
|turn|9
|
|t:|1760387006
|-singleturn|p2a: Toucannon|move: Beak Blast
|move|p1a: napoleon|Leaf Storm|p2a: Toucannon
|-resisted|p2a: Toucannon
|-damage|p2a: Toucannon|0 fnt
|faint|p2a: Toucannon
|
|-heal|p1a: napoleon|41/100|[from] item: Leftovers
|upkeep
|
|t:|1760387012
|switch|p2a: Jolteon|Jolteon, M|100/100
|-status|p2a: Jolteon|tox
|turn|10
|
|t:|1760387020
|switch|p1a: ex toxic|Gliscor, M|100/100
|move|p2a: Jolteon|Electro Ball|p1a: ex toxic
|-immune|p1a: ex toxic
|
|-damage|p2a: Jolteon|95/100 tox|[from] psn
|-status|p1a: ex toxic|tox|[from] item: Toxic Orb
|upkeep
|turn|11
|
|t:|1760387026
|-terastallize|p2a: Jolteon|Ice
|move|p2a: Jolteon|Tera Blast|p1a: ex toxic|[anim] Tera Blast Ice
|-supereffective|p1a: ex toxic
|-damage|p1a: ex toxic|0 fnt
|faint|p1a: ex toxic
|
|-damage|p2a: Jolteon|83/100 tox|[from] psn
|upkeep
|
|t:|1760387031
|switch|p1a: jet3000|Dragapult, F, shiny|100/100
|turn|12
|
|t:|1760387033
|move|p2a: Jolteon|Tera Blast|p1a: jet3000|[anim] Tera Blast Ice
|-supereffective|p1a: jet3000
|-damage|p1a: jet3000|0 fnt
|faint|p1a: jet3000
|
|-damage|p2a: Jolteon|65/100 tox|[from] psn
|upkeep
|
|t:|1760387045
|switch|p1a: power ranger|Scizor, M|100/100
|turn|13
|
|t:|1760387048
|move|p1a: power ranger|Bullet Punch|p2a: Jolteon
|-supereffective|p2a: Jolteon
|-damage|p2a: Jolteon|0 fnt
|faint|p2a: Jolteon
|-damage|p1a: power ranger|91/100|[from] item: Life Orb
|
|upkeep
|
|t:|1760387050
|switch|p2a: Sandaconda|Sandaconda, M, shiny|100/100
|-status|p2a: Sandaconda|tox
|turn|14
|
|t:|1760387056
|switch|p1a: soin gratuit|Alomomola, M|100/100
|move|p2a: Sandaconda|Coil|p2a: Sandaconda
|-boost|p2a: Sandaconda|atk|1
|-boost|p2a: Sandaconda|def|1
|-boost|p2a: Sandaconda|accuracy|1
|
|-damage|p2a: Sandaconda|94/100 tox|[from] psn
|upkeep
|turn|15
|
|t:|1760387060
|move|p2a: Sandaconda|Coil|p2a: Sandaconda
|-boost|p2a: Sandaconda|atk|1
|-boost|p2a: Sandaconda|def|1
|-boost|p2a: Sandaconda|accuracy|1
|move|p1a: soin gratuit|Wish|p1a: soin gratuit
|
|-damage|p2a: Sandaconda|82/100 tox|[from] psn
|upkeep
|turn|16
|
|t:|1760387062
|move|p2a: Sandaconda|Coil|p2a: Sandaconda
|-boost|p2a: Sandaconda|atk|1
|-boost|p2a: Sandaconda|def|1
|-boost|p2a: Sandaconda|accuracy|1
|move|p1a: soin gratuit|Flip Turn|p2a: Sandaconda
|-supereffective|p2a: Sandaconda
|-damage|p2a: Sandaconda|72/100 tox
|-damage|p1a: soin gratuit|84/100|[from] item: Rocky Helmet|[of] p2a: Sandaconda
|
|t:|1760387064
|switch|p1a: napoleon|Serperior, M, shiny, tera:Water|41/100|[from] Flip Turn
|
|-heal|p1a: napoleon|100/100|[from] move: Wish|[wisher] soin gratuit
|-activate|p2a: Sandaconda|ability: Shed Skin
|-curestatus|p2a: Sandaconda|tox|[msg]
|upkeep
|turn|17
|
|t:|1760387069
|move|p1a: napoleon|Leaf Storm|p2a: Sandaconda
|-supereffective|p2a: Sandaconda
|-damage|p2a: Sandaconda|0 fnt
|-boost|p1a: napoleon|spa|2
|faint|p2a: Sandaconda
|
|upkeep
|
|t:|1760387072
|switch|p2a: Chimecho|Chimecho, M|100/100
|turn|18
|
|t:|1760387077
|move|p2a: Chimecho|Shadow Ball|p1a: napoleon
|-damage|p1a: napoleon|74/100
|move|p1a: napoleon|Leaf Storm|p2a: Chimecho
|-damage|p2a: Chimecho|0 fnt
|-boost|p1a: napoleon|spa|2
|faint|p2a: Chimecho
|
|win|jornum
|raw|jornum's rating: 1133 &rarr; <strong>1162</strong><br />(+29 for winning)
|raw|fang_storm26's rating: 1182 &rarr; <strong>1153</strong><br />(-29 for losing)
|l|☆fang_storm26
|player|p2|
|l|☆jornum
|player|p1|
