|j|☆CuestaChu
|j|☆cordonbloom
|t:|1760328901
|gametype|singles
|player|p1|CuestaChu|266|1136
|player|p2|cordonbloom|2|1119
|gen|9
|tier|[Gen 9] OU
|rated|
|rule|HP Percentage Mod: HP is shown in percentages
|rule|Endless Battle Clause: Forcing endless battles is banned
|rule|Species Clause: Limit one of each Pokémon
|rule|OHKO Clause: OHKO moves are banned
|rule|Evasion Items Clause: Evasion items are banned
|rule|Evasion Moves Clause: Evasion moves are banned
|rule|Evasion Abilities Clause: Evasion abilities are banned
|rule|Sleep Moves Clause: Sleep-inducing moves are banned
|clearpoke
|poke|p1|Ogerpon-Wellspring, F|
|poke|p1|Corviknight, F|
|poke|p1|Skeledirge, F|
|poke|p1|Gastrodon, F|
|poke|p1|Venusaur, F|
|poke|p1|Clefable, M|
|poke|p2|Glimmora, F|
|poke|p2|Samurott-Hisui, F|
|poke|p2|Gholdengo|
|poke|p2|Thundurus-Therian, M|
|poke|p2|Alomomola, F|
|poke|p2|Ting-Lu|
|teampreview
|
|t:|1760328920
|teamsize|p1|6
|teamsize|p2|6
|start
|switch|p1a: Gastrodon|Gastrodon, F|100/100
|switch|p2a: Glimmora|Glimmora, F|100/100
|turn|1
|
|t:|1760328945
|move|p2a: Glimmora|Stealth Rock|p1a: Gastrodon
|-sidestart|p1: CuestaChu|move: Stealth Rock
|move|p1a: Gastrodon|Stealth Rock|p2a: Glimmora
|-sidestart|p2: cordonbloom|move: Stealth Rock
|
|upkeep
|turn|2
|
|t:|1760328955
|move|p2a: Glimmora|Mortal Spin|p1a: Gastrodon
|-resisted|p1a: Gastrodon
|-damage|p1a: Gastrodon|98/100
|-status|p1a: Gastrodon|psn
|-sideend|p2: cordonbloom|Stealth Rock|[from] move: Mortal Spin|[of] p2a: Glimmora
|move|p1a: Gastrodon|Ice Beam|p2a: Glimmora
|-damage|p2a: Glimmora|80/100
|-status|p2a: Glimmora|frz
|-enditem|p2a: Glimmora|Red Card|[of] p1a: Gastrodon
|drag|p1a: Skeledirge|Skeledirge, F|100/100
|-damage|p1a: Skeledirge|75/100|[from] Stealth Rock
|
|-heal|p1a: Skeledirge|82/100|[from] item: Leftovers
|upkeep
|turn|3
|
|t:|1760328982
|switch|p2a: Ting-Lu|Ting-Lu|100/100
|-ability|p2a: Ting-Lu|Vessel of Ruin
|move|p1a: Skeledirge|Torch Song|p2a: Ting-Lu
|-damage|p2a: Ting-Lu|83/100
|-boost|p1a: Skeledirge|spa|1
|
|-heal|p1a: Skeledirge|88/100|[from] item: Leftovers
|-heal|p2a: Ting-Lu|90/100|[from] item: Leftovers
|upkeep
|turn|4
|
|t:|1760328996
|move|p1a: Skeledirge|Protect|p1a: Skeledirge
|-singleturn|p1a: Skeledirge|Protect
|move|p2a: Ting-Lu|Earthquake|p1a: Skeledirge
|-activate|p1a: Skeledirge|move: Protect
|
|-heal|p1a: Skeledirge|94/100|[from] item: Leftovers
|-heal|p2a: Ting-Lu|96/100|[from] item: Leftovers
|upkeep
|turn|5
|
|t:|1760329005
|switch|p1a: Corviknight|Corviknight, F|100/100
|-damage|p1a: Corviknight|88/100|[from] Stealth Rock
|-ability|p1a: Corviknight|Pressure
|move|p2a: Ting-Lu|Earthquake|p1a: Corviknight
|-immune|p1a: Corviknight
|
|-heal|p1a: Corviknight|94/100|[from] item: Leftovers
|-heal|p2a: Ting-Lu|100/100|[from] item: Leftovers
|upkeep
|turn|6
|
|t:|1760329024
|switch|p2a: Gholdengo|Gholdengo|100/100
|-item|p2a: Gholdengo|Air Balloon
|move|p1a: Corviknight|Brave Bird|p2a: Gholdengo
|-resisted|p2a: Gholdengo
|-damage|p2a: Gholdengo|84/100
|-enditem|p2a: Gholdengo|Air Balloon
|-damage|p1a: Corviknight|89/100|[from] Recoil
|
|-heal|p1a: Corviknight|95/100|[from] item: Leftovers
|upkeep
|turn|7
|
|t:|1760329051
|switch|p1a: Venusaur|Venusaur, F|100/100
|-damage|p1a: Venusaur|88/100|[from] Stealth Rock
|move|p2a: Gholdengo|Nasty Plot|p2a: Gholdengo
|-boost|p2a: Gholdengo|spa|2
|
|-heal|p1a: Venusaur|94/100|[from] item: Black Sludge
|upkeep
|turn|8
|
|t:|1760329070
|move|p2a: Gholdengo|Make It Rain|p1a: Venusaur
|-damage|p1a: Venusaur|0 fnt
|-unboost|p2a: Gholdengo|spa|1
|faint|p1a: Venusaur
|
|upkeep
|
|t:|1760329085
|switch|p1a: Skeledirge|Skeledirge, F|94/100
|-damage|p1a: Skeledirge|69/100|[from] Stealth Rock
|turn|9
|
|t:|1760329093
|switch|p2a: Ting-Lu|Ting-Lu|100/100
|-ability|p2a: Ting-Lu|Vessel of Ruin
|move|p1a: Skeledirge|Slack Off|p1a: Skeledirge
|-heal|p1a: Skeledirge|100/100
|
|upkeep
|turn|10
|
|t:|1760329110
|move|p1a: Skeledirge|Protect|p1a: Skeledirge
|-singleturn|p1a: Skeledirge|Protect
|move|p2a: Ting-Lu|Spikes|p1a: Skeledirge
|-sidestart|p1: CuestaChu|Spikes
|
|upkeep
|turn|11
|
|t:|1760329121
|switch|p1a: Corviknight|Corviknight, F|95/100
|-damage|p1a: Corviknight|83/100|[from] Stealth Rock
|-ability|p1a: Corviknight|Pressure
|move|p2a: Ting-Lu|Earthquake|p1a: Corviknight
|-immune|p1a: Corviknight
|
|-heal|p1a: Corviknight|89/100|[from] item: Leftovers
|upkeep
|turn|12
|
|t:|1760329133
|switch|p2a: Gholdengo|Gholdengo|84/100
|move|p1a: Corviknight|Defog|p2a: Gholdengo
|-immune|p2a: Gholdengo|[from] ability: Good as Gold
|
|-heal|p1a: Corviknight|95/100|[from] item: Leftovers
|upkeep
|turn|13
|
|t:|1760329163
|switch|p1a: Skeledirge|Skeledirge, F|100/100
|-damage|p1a: Skeledirge|75/100|[from] Stealth Rock
|-damage|p1a: Skeledirge|63/100|[from] Spikes
|move|p2a: Gholdengo|Shadow Ball|p1a: Skeledirge
|-supereffective|p1a: Skeledirge
|-damage|p1a: Skeledirge|0 fnt
|faint|p1a: Skeledirge
|
|upkeep
|
|t:|1760329180
|switch|p1a: Ogerpon|Ogerpon-Wellspring, F|100/100
|-damage|p1a: Ogerpon|88/100|[from] Stealth Rock
|-damage|p1a: Ogerpon|76/100|[from] Spikes
|turn|14
|
|t:|1760329200
|switch|p2a: Glimmora|Glimmora, F|80/100 frz
|-terastallize|p1a: Ogerpon|Water
|detailschange|p1a: Ogerpon|Ogerpon-Wellspring-Tera, F, tera:Water
|-ability|p1a: Ogerpon|Embody Aspect (Wellspring)|boost
|-boost|p1a: Ogerpon|spd|1
|move|p1a: Ogerpon|Swords Dance|p1a: Ogerpon
|-boost|p1a: Ogerpon|atk|2
|
|upkeep
|turn|15
|
|t:|1760329230
|cant|p2a: Glimmora|frz
|move|p1a: Ogerpon|Horn Leech|p2a: Glimmora
|-damage|p2a: Glimmora|0 fnt
|-heal|p1a: Ogerpon|100/100|[from] drain|[of] p2a: Glimmora
|-activate|p2a: Glimmora|ability: Toxic Debris
|-sidestart|p1: CuestaChu|move: Toxic Spikes
|faint|p2a: Glimmora
|
|upkeep
|
|t:|1760329246
|switch|p2a: Ting-Lu|Ting-Lu|100/100
|-ability|p2a: Ting-Lu|Vessel of Ruin
|turn|16
|
|t:|1760329251
|move|p1a: Ogerpon|Knock Off|p2a: Ting-Lu
|-resisted|p2a: Ting-Lu
|-damage|p2a: Ting-Lu|84/100
|-enditem|p2a: Ting-Lu|Leftovers|[from] move: Knock Off|[of] p1a: Ogerpon
|move|p2a: Ting-Lu|Whirlwind|p1a: Ogerpon
|drag|p1a: Corviknight|Corviknight, F|95/100
|-damage|p1a: Corviknight|83/100|[from] Stealth Rock
|-ability|p1a: Corviknight|Pressure
|
|-heal|p1a: Corviknight|89/100|[from] item: Leftovers
|upkeep
|turn|17
|
|t:|1760329265
|switch|p2a: Gholdengo|Gholdengo|84/100
|move|p1a: Corviknight|Defog|p2a: Gholdengo
|-immune|p2a: Gholdengo|[from] ability: Good as Gold
|
|-heal|p1a: Corviknight|95/100|[from] item: Leftovers
|upkeep
|turn|18
|
|t:|1760329293
|switch|p1a: Ogerpon|Ogerpon-Wellspring-Tera, F, tera:Water|100/100
|-damage|p1a: Ogerpon|88/100|[from] Stealth Rock
|-damage|p1a: Ogerpon|76/100|[from] Spikes
|-status|p1a: Ogerpon|psn
|-ability|p1a: Ogerpon|Embody Aspect (Wellspring)|boost
|-boost|p1a: Ogerpon|spd|1
|move|p2a: Gholdengo|Make It Rain|p1a: Ogerpon
|-resisted|p1a: Ogerpon
|-damage|p1a: Ogerpon|49/100 psn
|-unboost|p2a: Gholdengo|spa|1
|
|-damage|p1a: Ogerpon|37/100 psn|[from] psn
|upkeep
|turn|19
|
|t:|1760329321
|switch|p2a: Thundurus|Thundurus-Therian, M|100/100
|move|p1a: Ogerpon|Horn Leech|p2a: Thundurus
|-resisted|p2a: Thundurus
|-damage|p2a: Thundurus|73/100
|-heal|p1a: Ogerpon|53/100 psn|[from] drain|[of] p2a: Thundurus
|
|-damage|p1a: Ogerpon|41/100 psn|[from] psn
|upkeep
|turn|20
|
|t:|1760329343
|switch|p1a: Clefable|Clefable, M|100/100
|-status|p1a: Clefable|psn
|move|p2a: Thundurus|Thunderbolt|p1a: Clefable
|-damage|p1a: Clefable|58/100 psn
|
|upkeep
|turn|21
|
|t:|1760329353
|move|p2a: Thundurus|Volt Switch|p1a: Clefable
|-damage|p1a: Clefable|27/100 psn
|
|t:|1760329361
|switch|p2a: Gholdengo|Gholdengo|84/100|[from] Volt Switch
|move|p1a: Clefable|Wish|p1a: Clefable
|
|upkeep
|turn|22
|
|t:|1760329376
|move|p2a: Gholdengo|Make It Rain|p1a: Clefable
|-supereffective|p1a: Clefable
|-damage|p1a: Clefable|0 fnt
|-unboost|p2a: Gholdengo|spa|1
|faint|p1a: Clefable
|
|upkeep
|
|t:|1760329387
|switch|p1a: Ogerpon|Ogerpon-Wellspring-Tera, F, tera:Water|41/100 psn
|-damage|p1a: Ogerpon|29/100 psn|[from] Stealth Rock
|-damage|p1a: Ogerpon|16/100 psn|[from] Spikes
|-ability|p1a: Ogerpon|Embody Aspect (Wellspring)|boost
|-boost|p1a: Ogerpon|spd|1
|turn|23
|
|t:|1760329396
|switch|p2a: Alomomola|Alomomola, F|100/100
|move|p1a: Ogerpon|Ivy Cudgel|p2a: Alomomola|[anim] Ivy Cudgel Water
|-resisted|p2a: Alomomola
|-crit|p2a: Alomomola
|-damage|p2a: Alomomola|69/100
|
|-heal|p2a: Alomomola|75/100|[from] item: Leftovers
|-damage|p1a: Ogerpon|4/100 psn|[from] psn
|upkeep
|turn|24
|
|t:|1760329415
|move|p2a: Alomomola|Protect|p2a: Alomomola
|-singleturn|p2a: Alomomola|Protect
|move|p1a: Ogerpon|Horn Leech|p2a: Alomomola
|-activate|p2a: Alomomola|move: Protect
|
|-heal|p2a: Alomomola|81/100|[from] item: Leftovers
|-damage|p1a: Ogerpon|0 fnt|[from] psn
|faint|p1a: Ogerpon
|detailschange|p1: Ogerpon|Ogerpon-Wellspring, F|[silent]
|upkeep
|
|t:|1760329430
|switch|p1a: Gastrodon|Gastrodon, F|98/100 psn
|-damage|p1a: Gastrodon|92/100 psn|[from] Stealth Rock
|-damage|p1a: Gastrodon|80/100 psn|[from] Spikes
|turn|25
|
|t:|1760329450
|switch|p2a: Samurott|Samurott-Hisui, F|100/100
|move|p1a: Gastrodon|Ice Beam|p2a: Samurott
|-resisted|p2a: Samurott
|-damage|p2a: Samurott|89/100
|
|-heal|p1a: Gastrodon|86/100 psn|[from] item: Leftovers
|-damage|p1a: Gastrodon|74/100 psn|[from] psn
|upkeep
|turn|26
|
|t:|1760329463
|move|p2a: Samurott|Knock Off|p1a: Gastrodon
|-damage|p1a: Gastrodon|36/100 psn
|-enditem|p1a: Gastrodon|Leftovers|[from] move: Knock Off|[of] p2a: Samurott
|move|p1a: Gastrodon|Stealth Rock|p2a: Samurott
|-sidestart|p2: cordonbloom|move: Stealth Rock
|
|-damage|p1a: Gastrodon|24/100 psn|[from] psn
|upkeep
|turn|27
|
|t:|1760329472
|move|p2a: Samurott|Ceaseless Edge|p1a: Gastrodon
|-damage|p1a: Gastrodon|0 fnt
|-sidestart|p1: CuestaChu|Spikes
|faint|p1a: Gastrodon
|
|upkeep
|
|t:|1760329478
|switch|p1a: Corviknight|Corviknight, F|95/100
|-damage|p1a: Corviknight|83/100|[from] Stealth Rock
|-ability|p1a: Corviknight|Pressure
|turn|28
|
|t:|1760329485
|switch|p2a: Gholdengo|Gholdengo|84/100
|-damage|p2a: Gholdengo|78/100|[from] Stealth Rock
|move|p1a: Corviknight|Brave Bird|p2a: Gholdengo
|-resisted|p2a: Gholdengo
|-damage|p2a: Gholdengo|60/100
|-damage|p1a: Corviknight|77/100|[from] Recoil
|
|-heal|p1a: Corviknight|83/100|[from] item: Leftovers
|upkeep
|turn|29
|
|t:|1760329497
|switch|p2a: Thundurus|Thundurus-Therian, M|73/100
|move|p1a: Corviknight|Roost|p1a: Corviknight
|-heal|p1a: Corviknight|100/100
|-singleturn|p1a: Corviknight|move: Roost
|
|upkeep
|turn|30
|
|t:|1760329507
|move|p2a: Thundurus|Knock Off|p1a: Corviknight
|-damage|p1a: Corviknight|87/100
|-enditem|p1a: Corviknight|Leftovers|[from] move: Knock Off|[of] p2a: Thundurus
|move|p1a: Corviknight|Body Press|p2a: Thundurus
|-resisted|p2a: Thundurus
|-damage|p2a: Thundurus|58/100
|
|upkeep
|turn|31
|-message|CuestaChu forfeited.
|
|win|cordonbloom
|raw|CuestaChu's rating: 1136 &rarr; <strong>1110</strong><br />(-26 for losing)
|raw|cordonbloom's rating: 1119 &rarr; <strong>1145</strong><br />(+26 for winning)
|l|☆CuestaChu
|player|p1|
|l|☆cordonbloom
|player|p2|
