|j|☆Schullinski10
|j|☆GGuest 183201
|t:|1760449995
|gametype|singles
|player|p1|Schullinski10|brock|1389
|player|p2|GGuest 183201|riley|1337
|gen|9
|tier|[Gen 9] OU
|rated|
|rule|HP Percentage Mod: HP is shown in percentages
|rule|Endless Battle Clause: Forcing endless battles is banned
|rule|Species Clause: Limit one of each Pokémon
|rule|OHKO Clause: OHKO moves are banned
|rule|Evasion Items Clause: Evasion items are banned
|rule|Evasion Moves Clause: Evasion moves are banned
|rule|Evasion Abilities Clause: Evasion abilities are banned
|rule|Sleep Moves Clause: Sleep-inducing moves are banned
|clearpoke
|poke|p1|Hydreigon, M|
|poke|p1|Ninetales-Alola, M|
|poke|p1|Dragonite, M|
|poke|p1|Bisharp, M|
|poke|p1|Alomomola, M|
|poke|p1|Ursaluna, M|
|poke|p2|Iron Moth|
|poke|p2|Kingambit, M|
|poke|p2|Dragonite, F|
|poke|p2|Ogerpon-Cornerstone, F|
|poke|p2|Iron Valiant|
|poke|p2|Raging Bolt|
|teampreview
|
|t:|1760450025
|teamsize|p1|6
|teamsize|p2|6
|start
|switch|p1a: Bowser|Ursaluna, M|100/100
|switch|p2a: Ogerpon|Ogerpon-Cornerstone, F|100/100
|turn|1
|
|t:|1760450042
|-terastallize|p1a: Bowser|Poison
|move|p2a: Ogerpon|Power Whip|p1a: Bowser|[miss]
|-miss|p2a: Ogerpon|p1a: Bowser
|move|p1a: Bowser|Bulk Up|p1a: Bowser
|-boost|p1a: Bowser|atk|1
|-boost|p1a: Bowser|def|1
|
|upkeep
|turn|2
|
|t:|1760450048
|move|p2a: Ogerpon|Knock Off|p1a: Bowser
|-damage|p1a: Bowser|80/100
|-enditem|p1a: Bowser|Leftovers|[from] move: Knock Off|[of] p2a: Ogerpon
|move|p1a: Bowser|Body Slam|p2a: Ogerpon
|-resisted|p2a: Ogerpon
|-damage|p2a: Ogerpon|55/100
|
|upkeep
|turn|3
|
|t:|1760450052
|move|p2a: Ogerpon|Ivy Cudgel|p1a: Bowser|[anim] Ivy Cudgel Rock
|-damage|p1a: Bowser|46/100
|move|p1a: Bowser|Earthquake|p2a: Ogerpon
|-damage|p2a: Ogerpon|0 fnt
|faint|p2a: Ogerpon
|
|upkeep
|inactive|Battle timer is ON: inactive players will automatically lose when time's up. (requested by Schullinski10)
|
|t:|1760450089
|switch|p2a: Raging Bolt|Raging Bolt|100/100
|-enditem|p2a: Raging Bolt|Booster Energy
|-activate|p2a: Raging Bolt|ability: Protosynthesis|[fromitem]
|-start|p2a: Raging Bolt|protosynthesisspa
|turn|4
|
|t:|1760450095
|move|p1a: Bowser|Protect|p1a: Bowser
|-singleturn|p1a: Bowser|Protect
|move|p2a: Raging Bolt|Thunderbolt|p1a: Bowser
|-activate|p1a: Bowser|move: Protect
|
|upkeep
|turn|5
|
|t:|1760450101
|move|p2a: Raging Bolt|Thunderbolt|p1a: Bowser
|-damage|p1a: Bowser|0 fnt
|faint|p1a: Bowser
|
|upkeep
|
|t:|1760450109
|switch|p1a: Naruto|Ninetales-Alola, M|100/100
|-weather|Snowscape|[from] ability: Snow Warning|[of] p1a: Naruto
|turn|6
|
|t:|1760450112
|move|p1a: Naruto|Aurora Veil|p1a: Naruto
|-sidestart|p1: Schullinski10|move: Aurora Veil
|move|p2a: Raging Bolt|Thunderbolt|p1a: Naruto
|-damage|p1a: Naruto|60/100
|
|-weather|Snowscape|[upkeep]
|upkeep
|turn|7
|
|t:|1760450122
|-end|p2a: Raging Bolt|Protosynthesis|[silent]
|switch|p2a: Iron Moth|Iron Moth|100/100
|-enditem|p2a: Iron Moth|Booster Energy
|-activate|p2a: Iron Moth|ability: Quark Drive|[fromitem]
|-start|p2a: Iron Moth|quarkdrivespe
|move|p1a: Naruto|Moonblast|p2a: Iron Moth
|-resisted|p2a: Iron Moth
|-damage|p2a: Iron Moth|92/100
|-unboost|p2a: Iron Moth|spa|1
|
|-weather|Snowscape|[upkeep]
|upkeep
|turn|8
|
|t:|1760450135
|switch|p1a: LOVE|Alomomola, M|100/100
|move|p2a: Iron Moth|Fiery Dance|p1a: LOVE
|-resisted|p1a: LOVE
|-damage|p1a: LOVE|97/100
|-boost|p2a: Iron Moth|spa|1
|
|-weather|Snowscape|[upkeep]
|upkeep
|turn|9
|
|t:|1760450140
|move|p2a: Iron Moth|Fiery Dance|p1a: LOVE
|-resisted|p1a: LOVE
|-damage|p1a: LOVE|92/100
|move|p1a: LOVE|Flip Turn|p2a: Iron Moth
|-supereffective|p2a: Iron Moth
|-crit|p2a: Iron Moth
|-damage|p2a: Iron Moth|25/100
|
|t:|1760450144
|switch|p1a: Goodnight|Dragonite, M|100/100|[from] Flip Turn
|
|-weather|Snowscape|[upkeep]
|upkeep
|turn|10
|
|t:|1760450153
|move|p2a: Iron Moth|Sludge Wave|p1a: Goodnight
|-damage|p1a: Goodnight|87/100
|move|p1a: Goodnight|Dragon Dance|p1a: Goodnight
|-boost|p1a: Goodnight|atk|1
|-boost|p1a: Goodnight|spe|1
|
|-weather|none
|upkeep
|turn|11
|
|t:|1760450157
|move|p1a: Goodnight|Extreme Speed|p2a: Iron Moth
|-damage|p2a: Iron Moth|0 fnt
|faint|p2a: Iron Moth
|-end|p2a: Iron Moth|Quark Drive|[silent]
|
|upkeep
|
|t:|1760450166
|switch|p2a: Raging Bolt|Raging Bolt|100/100
|turn|12
|
|t:|1760450172
|move|p1a: Goodnight|Earthquake|p2a: Raging Bolt
|-supereffective|p2a: Raging Bolt
|-damage|p2a: Raging Bolt|0 fnt
|faint|p2a: Raging Bolt
|-end|p2a: Raging Bolt|Protosynthesis|[silent]
|
|upkeep
|
|t:|1760450175
|switch|p2a: Iron Valiant|Iron Valiant|100/100
|-enditem|p2a: Iron Valiant|Booster Energy
|-activate|p2a: Iron Valiant|ability: Quark Drive|[fromitem]
|-start|p2a: Iron Valiant|quarkdrivespe
|turn|13
|
|t:|1760450190
|move|p2a: Iron Valiant|Destiny Bond|p2a: Iron Valiant
|-singlemove|p2a: Iron Valiant|Destiny Bond
|move|p1a: Goodnight|Earthquake|p2a: Iron Valiant
|-damage|p2a: Iron Valiant|27/100
|
|-sideend|p1: Schullinski10|move: Aurora Veil
|upkeep
|turn|14
|
|t:|1760450197
|move|p1a: Goodnight|Extreme Speed|p2a: Iron Valiant
|-damage|p2a: Iron Valiant|0 fnt
|faint|p2a: Iron Valiant
|-activate|p2a: Iron Valiant|move: Destiny Bond
|-end|p2a: Iron Valiant|Quark Drive|[silent]
|faint|p1a: Goodnight
|
|upkeep
|
|t:|1760450213
|switch|p2a: Kingambit|Kingambit, M|100/100
|switch|p1a: Naruto|Ninetales-Alola, M|60/100
|-weather|Snowscape|[from] ability: Snow Warning|[of] p1a: Naruto
|-activate|p2a: Kingambit|ability: Supreme Overlord
|-start|p2a: Kingambit|fallen4|[silent]
|turn|15
|
|t:|1760450230
|switch|p1a: LOVE|Alomomola, M|100/100
|move|p2a: Kingambit|Swords Dance|p2a: Kingambit
|-boost|p2a: Kingambit|atk|2
|
|-weather|Snowscape|[upkeep]
|upkeep
|turn|16
|
|t:|1760450238
|move|p2a: Kingambit|Kowtow Cleave|p1a: LOVE
|-damage|p1a: LOVE|4/100
|move|p1a: LOVE|Flip Turn|p2a: Kingambit
|-damage|p2a: Kingambit|86/100
|
|t:|1760450241
|switch|p1a: Superman|Bisharp, M, shiny|100/100|[from] Flip Turn
|
|-weather|Snowscape|[upkeep]
|upkeep
|turn|17
|
|t:|1760450244
|move|p1a: Superman|Low Kick|p2a: Kingambit
|-supereffective|p2a: Kingambit
|-damage|p2a: Kingambit|0 fnt
|faint|p2a: Kingambit
|-end|p2a: Kingambit|fallen4|[silent]
|
|-weather|Snowscape|[upkeep]
|upkeep
|
|t:|1760450247
|switch|p2a: Dragonite|Dragonite, F|100/100
|turn|18
|
|t:|1760450250
|move|p2a: Dragonite|Dragon Dance|p2a: Dragonite
|-boost|p2a: Dragonite|atk|1
|-boost|p2a: Dragonite|spe|1
|move|p1a: Superman|Swords Dance|p1a: Superman
|-boost|p1a: Superman|atk|2
|
|-weather|Snowscape|[upkeep]
|upkeep
|turn|19
|
|t:|1760450255
|move|p2a: Dragonite|Earthquake|p1a: Superman
|-supereffective|p1a: Superman
|-damage|p1a: Superman|12/100
|move|p1a: Superman|Iron Head|p2a: Dragonite
|-damage|p2a: Dragonite|51/100
|
|-weather|none
|upkeep
|turn|20
|
|t:|1760450260
|move|p2a: Dragonite|Extreme Speed|p1a: Superman
|-resisted|p1a: Superman
|-damage|p1a: Superman|0 fnt
|faint|p1a: Superman
|
|upkeep
|
|t:|1760450277
|switch|p1a: LOVE|Alomomola, M|37/100
|turn|21
|
|t:|1760450281
|switch|p1a: Naruto|Ninetales-Alola, M|60/100
|-weather|Snowscape|[from] ability: Snow Warning|[of] p1a: Naruto
|move|p2a: Dragonite|Dragon Dance|p2a: Dragonite
|-boost|p2a: Dragonite|atk|1
|-boost|p2a: Dragonite|spe|1
|
|-weather|Snowscape|[upkeep]
|upkeep
|turn|22
|c|☆GGuest 183201|thank you
|
|t:|1760450295
|-terastallize|p2a: Dragonite|Flying
|move|p2a: Dragonite|Tera Blast|p1a: Naruto|[anim] Tera Blast Flying
|-damage|p1a: Naruto|0 fnt
|faint|p1a: Naruto
|
|-weather|Snowscape|[upkeep]
|upkeep
|
|t:|1760450300
|switch|p1a: Drilling|Hydreigon, M|100/100
|turn|23
|
|t:|1760450305
|move|p2a: Dragonite|Tera Blast|p1a: Drilling|[anim] Tera Blast Flying
|-damage|p1a: Drilling|0 fnt
|faint|p1a: Drilling
|
|-weather|Snowscape|[upkeep]
|upkeep
|
|t:|1760450309
|switch|p1a: LOVE|Alomomola, M|70/100
|turn|24
|
|t:|1760450319
|move|p2a: Dragonite|Tera Blast|p1a: LOVE|[anim] Tera Blast Flying
|-damage|p1a: LOVE|0 fnt
|faint|p1a: LOVE
|
|win|GGuest 183201
|raw|Schullinski10's rating: 1389 &rarr; <strong>1366</strong><br />(-23 for losing)
|raw|GGuest 183201's rating: 1337 &rarr; <strong>1360</strong><br />(+23 for winning)
|c|☆GGuest 183201|gg
|c|☆GGuest 183201|ty
|l|☆Schullinski10
|player|p1|
|l|☆GGuest 183201
|player|p2|
