|j|☆will1994
|j|☆godlywalrus
|t:|1760383550
|gametype|singles
|player|p1|will1994|red|1639
|player|p2|godlywalrus|acerola|1714
|gen|9
|tier|[Gen 9] OU
|rated|
|rule|HP Percentage Mod: HP is shown in percentages
|rule|Endless Battle Clause: Forcing endless battles is banned
|rule|Species Clause: Limit one of each Pokémon
|rule|OHKO Clause: OHKO moves are banned
|rule|Evasion Items Clause: Evasion items are banned
|rule|Evasion Moves Clause: Evasion moves are banned
|rule|Evasion Abilities Clause: Evasion abilities are banned
|rule|Sleep Moves Clause: Sleep-inducing moves are banned
|clearpoke
|poke|p1|Skeledirge, M|
|poke|p1|Corviknight, M|
|poke|p1|Dragapult, M|
|poke|p1|Kleavor, F|
|poke|p1|Clodsire, M|
|poke|p1|Rillaboom, M|
|poke|p2|Primarina, M|
|poke|p2|Ceruledge, F|
|poke|p2|Corviknight, M|
|poke|p2|Gliscor, F|
|poke|p2|Meowscarada, M|
|poke|p2|Latios, M|
|teampreview
|inactive|Battle timer is ON: inactive players will automatically lose when time's up. (requested by will1994)
|inactive|godlywalrus has 120 seconds left.
|
|t:|1760383599
|teamsize|p1|6
|teamsize|p2|6
|start
|switch|p1a: Kleavor|Kleavor, F|100/100
|switch|p2a: Meowscarada|Meowscarada, M|100/100
|turn|1
|
|t:|1760383613
|move|p1a: Kleavor|U-turn|p2a: Meowscarada
|-supereffective|p2a: Meowscarada
|-damage|p2a: Meowscarada|0 fnt
|faint|p2a: Meowscarada
|c|☆godlywalrus|really?
|
|t:|1760383627
|switch|p1a: Dragapult|Dragapult, M|100/100|[from] U-turn
|
|upkeep
|
|t:|1760383632
|switch|p2a: Primarina|Primarina, M|100/100
|turn|2
|
|t:|1760383642
|switch|p2a: Gliscor|Gliscor, F|100/100
|-terastallize|p1a: Dragapult|Steel
|move|p1a: Dragapult|Thunder Wave|p2a: Gliscor
|-immune|p2a: Gliscor
|
|-status|p2a: Gliscor|tox|[from] item: Toxic Orb
|upkeep
|turn|3
|
|t:|1760383649
|move|p1a: Dragapult|Hex|p2a: Gliscor
|-damage|p2a: Gliscor|52/100 tox
|move|p2a: Gliscor|Earthquake|p1a: Dragapult
|-supereffective|p1a: Dragapult
|-damage|p1a: Dragapult|10/100
|
|-heal|p2a: Gliscor|65/100 tox|[from] ability: Poison Heal
|upkeep
|turn|4
|
|t:|1760383659
|switch|p1a: Rillaboom|Rillaboom, M|100/100
|-fieldstart|move: Grassy Terrain|[from] ability: Grassy Surge|[of] p1a: Rillaboom
|move|p2a: Gliscor|Stealth Rock|p1a: Rillaboom
|-sidestart|p1: will1994|move: Stealth Rock
|
|-heal|p2a: Gliscor|77/100 tox|[from] ability: Poison Heal
|upkeep
|turn|5
|
|t:|1760383663
|move|p1a: Rillaboom|U-turn|p2a: Gliscor
|-resisted|p2a: Gliscor
|-damage|p2a: Gliscor|60/100 tox
|
|t:|1760383666
|switch|p1a: Corviknight|Corviknight, M|100/100|[from] U-turn
|-damage|p1a: Corviknight|88/100|[from] Stealth Rock
|-ability|p1a: Corviknight|Pressure
|move|p2a: Gliscor|Toxic|p1a: Corviknight
|-immune|p1a: Corviknight
|
|-heal|p2a: Gliscor|73/100 tox|[from] ability: Poison Heal
|upkeep
|turn|6
|
|t:|1760383675
|switch|p2a: Ceruledge|Ceruledge, F|100/100
|move|p1a: Corviknight|Defog|p2a: Ceruledge
|-unboost|p2a: Ceruledge|evasion|1
|-sideend|p1: will1994|Stealth Rock|[from] move: Defog|[of] p1a: Corviknight
|-fieldend|move: Grassy Terrain
|
|upkeep
|turn|7
|
|t:|1760383680
|switch|p1a: Clodsire|Clodsire, M|100/100
|move|p2a: Ceruledge|Bitter Blade|p1a: Clodsire
|-damage|p1a: Clodsire|69/100
|
|-heal|p1a: Clodsire|75/100|[from] item: Leftovers
|upkeep
|turn|8
|
|t:|1760383690
|move|p2a: Ceruledge|Taunt|p1a: Clodsire
|-start|p1a: Clodsire|move: Taunt
|cant|p1a: Clodsire|move: Taunt|Toxic
|
|-heal|p1a: Clodsire|81/100|[from] item: Leftovers
|upkeep
|turn|9
|
|t:|1760383714
|switch|p2a: Latios|Latios, M|100/100
|switch|p1a: Skeledirge|Skeledirge, M|100/100
|
|upkeep
|turn|10
|inactive|godlywalrus has 120 seconds left.
|
|t:|1760383747
|move|p2a: Latios|Trick|p1a: Skeledirge
|-activate|p2a: Latios|move: Trick|[of] p1a: Skeledirge
|-item|p1a: Skeledirge|Choice Scarf|[from] move: Trick
|-item|p2a: Latios|Leftovers|[from] move: Trick
|move|p1a: Skeledirge|Will-O-Wisp|p2a: Latios
|-status|p2a: Latios|brn
|
|-damage|p2a: Latios|95/100 brn|[from] brn
|upkeep
|turn|11
|inactive|godlywalrus has 120 seconds left.
|
|t:|1760383772
|switch|p1a: Corviknight|Corviknight, M|88/100
|-ability|p1a: Corviknight|Pressure
|move|p2a: Latios|Psychic Noise|p1a: Corviknight
|-resisted|p1a: Corviknight
|-damage|p1a: Corviknight|66/100
|-start|p1a: Corviknight|move: Heal Block
|
|-heal|p2a: Latios|100/100 brn|[from] item: Leftovers
|-damage|p2a: Latios|95/100 brn|[from] brn
|upkeep
|turn|12
|
|t:|1760383777
|move|p2a: Latios|Psychic Noise|p1a: Corviknight
|-resisted|p1a: Corviknight
|-damage|p1a: Corviknight|44/100
|move|p1a: Corviknight|U-turn|p2a: Latios
|-supereffective|p2a: Latios
|-damage|p2a: Latios|53/100 brn
|
|t:|1760383791
|switch|p1a: Dragapult|Dragapult, M, tera:Steel|10/100|[from] U-turn
|
|-heal|p2a: Latios|59/100 brn|[from] item: Leftovers
|-damage|p2a: Latios|53/100 brn|[from] brn
|upkeep
|turn|13
|
|t:|1760383794
|switch|p2a: Primarina|Primarina, M|100/100
|move|p1a: Dragapult|Hex|p2a: Primarina
|-damage|p2a: Primarina|82/100
|
|upkeep
|turn|14
|
|t:|1760383804
|switch|p2a: Gliscor|Gliscor, F|73/100 tox
|move|p1a: Dragapult|Thunder Wave|p2a: Gliscor
|-immune|p2a: Gliscor
|
|-heal|p2a: Gliscor|85/100 tox|[from] ability: Poison Heal
|upkeep
|turn|15
|
|t:|1760383814
|switch|p2a: Corviknight|Corviknight, M|100/100
|-ability|p2a: Corviknight|Pressure
|move|p1a: Dragapult|Hex|p2a: Corviknight
|-damage|p2a: Corviknight|75/100
|
|upkeep
|turn|16
|
|t:|1760383822
|switch|p2a: Gliscor|Gliscor, F|85/100 tox
|move|p1a: Dragapult|Will-O-Wisp||[still]
|-fail|p1a: Dragapult
|
|-heal|p2a: Gliscor|98/100 tox|[from] ability: Poison Heal
|upkeep
|turn|17
|
|t:|1760383826
|switch|p1a: Corviknight|Corviknight, M|44/100
|-ability|p1a: Corviknight|Pressure
|move|p2a: Gliscor|Earthquake|p1a: Corviknight
|-immune|p1a: Corviknight
|
|-heal|p2a: Gliscor|100/100 tox|[from] ability: Poison Heal
|upkeep
|turn|18
|
|t:|1760383829
|move|p2a: Gliscor|Stealth Rock|p1a: Corviknight
|-sidestart|p1: will1994|move: Stealth Rock
|move|p1a: Corviknight|Roost|p1a: Corviknight
|-heal|p1a: Corviknight|94/100
|-singleturn|p1a: Corviknight|move: Roost
|
|upkeep
|turn|19
|
|t:|1760383833
|switch|p2a: Ceruledge|Ceruledge, F|100/100
|move|p1a: Corviknight|Defog|p2a: Ceruledge
|-unboost|p2a: Ceruledge|evasion|1
|-sideend|p1: will1994|Stealth Rock|[from] move: Defog|[of] p1a: Corviknight
|
|upkeep
|turn|20
|
|t:|1760383836
|move|p2a: Ceruledge|Bulk Up|p2a: Ceruledge
|-boost|p2a: Ceruledge|atk|1
|-boost|p2a: Ceruledge|def|1
|move|p1a: Corviknight|U-turn|p2a: Ceruledge
|-resisted|p2a: Ceruledge
|-damage|p2a: Ceruledge|97/100
|
|t:|1760383844
|switch|p1a: Kleavor|Kleavor, F|100/100|[from] U-turn
|
|upkeep
|turn|21
|
|t:|1760383860
|switch|p2a: Gliscor|Gliscor, F|100/100 tox
|move|p1a: Kleavor|Stone Axe|p2a: Gliscor
|-damage|p2a: Gliscor|60/100 tox
|-sidestart|p2: godlywalrus|move: Stealth Rock
|
|-heal|p2a: Gliscor|73/100 tox|[from] ability: Poison Heal
|upkeep
|turn|22
|
|t:|1760383864
|move|p2a: Gliscor|Protect|p2a: Gliscor
|-singleturn|p2a: Gliscor|Protect
|move|p1a: Kleavor|Stone Axe|p2a: Gliscor
|-activate|p2a: Gliscor|move: Protect
|
|-heal|p2a: Gliscor|85/100 tox|[from] ability: Poison Heal
|upkeep
|turn|23
|
|t:|1760383870
|switch|p1a: Rillaboom|Rillaboom, M|100/100
|-fieldstart|move: Grassy Terrain|[from] ability: Grassy Surge|[of] p1a: Rillaboom
|move|p2a: Gliscor|Stealth Rock|p1a: Rillaboom
|-sidestart|p1: will1994|move: Stealth Rock
|
|-heal|p2a: Gliscor|98/100 tox|[from] ability: Poison Heal
|upkeep
|turn|24
|
|t:|1760383872
|move|p1a: Rillaboom|Wood Hammer|p2a: Gliscor
|-damage|p2a: Gliscor|0 fnt
|faint|p2a: Gliscor
|-damage|p1a: Rillaboom|67/100|[from] Recoil
|
|-heal|p1a: Rillaboom|73/100|[from] Grassy Terrain
|upkeep
|
|t:|1760383882
|switch|p2a: Ceruledge|Ceruledge, F|97/100
|turn|25
|
|t:|1760383899
|switch|p1a: Dragapult|Dragapult, M, tera:Steel|10/100
|-damage|p1a: Dragapult|4/100|[from] Stealth Rock
|move|p2a: Ceruledge|Bitter Blade|p1a: Dragapult
|-supereffective|p1a: Dragapult
|-damage|p1a: Dragapult|0 fnt
|-heal|p2a: Ceruledge|99/100|[from] drain|[of] p1a: Dragapult
|faint|p1a: Dragapult
|
|-heal|p2a: Ceruledge|100/100|[from] Grassy Terrain
|upkeep
|
|t:|1760383909
|switch|p1a: Kleavor|Kleavor, F|100/100
|-damage|p1a: Kleavor|76/100|[from] Stealth Rock
|turn|26
|
|t:|1760383919
|switch|p2a: Primarina|Primarina, M|82/100
|-damage|p2a: Primarina|70/100|[from] Stealth Rock
|move|p1a: Kleavor|Stone Axe|p2a: Primarina
|-damage|p2a: Primarina|2/100
|
|-heal|p1a: Kleavor|82/100|[from] Grassy Terrain
|-heal|p2a: Primarina|9/100|[from] Grassy Terrain
|upkeep
|turn|27
|
|t:|1760383923
|move|p1a: Kleavor|Stone Axe|p2a: Primarina
|-damage|p2a: Primarina|0 fnt
|faint|p2a: Primarina
|
|-heal|p1a: Kleavor|88/100|[from] Grassy Terrain
|-fieldend|move: Grassy Terrain
|upkeep
|
|t:|1760383926
|switch|p2a: Corviknight|Corviknight, M|75/100
|-damage|p2a: Corviknight|62/100|[from] Stealth Rock
|-ability|p2a: Corviknight|Pressure
|turn|28
|
|t:|1760383930
|move|p1a: Kleavor|Stone Axe|p2a: Corviknight|[miss]
|-miss|p1a: Kleavor|p2a: Corviknight
|move|p2a: Corviknight|Roost|p2a: Corviknight
|-heal|p2a: Corviknight|100/100
|-singleturn|p2a: Corviknight|move: Roost
|
|upkeep
|turn|29
|
|t:|1760383933
|switch|p1a: Corviknight|Corviknight, M|94/100
|-damage|p1a: Corviknight|82/100|[from] Stealth Rock
|-ability|p1a: Corviknight|Pressure
|move|p2a: Corviknight|Body Press|p1a: Corviknight
|-damage|p1a: Corviknight|67/100
|-damage|p2a: Corviknight|84/100|[from] item: Rocky Helmet|[of] p1a: Corviknight
|
|upkeep
|turn|30
|
|t:|1760383938
|switch|p2a: Ceruledge|Ceruledge, F|100/100
|move|p1a: Corviknight|U-turn|p2a: Ceruledge
|-resisted|p2a: Ceruledge
|-damage|p2a: Ceruledge|95/100
|
|t:|1760383941
|switch|p1a: Kleavor|Kleavor, F|88/100|[from] U-turn
|-damage|p1a: Kleavor|63/100|[from] Stealth Rock
|
|upkeep
|turn|31
|
|t:|1760383944
|switch|p2a: Corviknight|Corviknight, M|84/100
|-damage|p2a: Corviknight|72/100|[from] Stealth Rock
|-ability|p2a: Corviknight|Pressure
|move|p1a: Kleavor|Stone Axe|p2a: Corviknight
|-damage|p2a: Corviknight|42/100
|-damage|p1a: Kleavor|46/100|[from] item: Rocky Helmet|[of] p2a: Corviknight
|
|upkeep
|turn|32
|
|t:|1760383956
|switch|p1a: Skeledirge|Skeledirge, M|100/100
|-damage|p1a: Skeledirge|76/100|[from] Stealth Rock
|move|p2a: Corviknight|Roost|p2a: Corviknight
|-heal|p2a: Corviknight|92/100
|-singleturn|p2a: Corviknight|move: Roost
|
|upkeep
|turn|33
|
|t:|1760383984
|move|p1a: Skeledirge|Hex|p2a: Corviknight
|-damage|p2a: Corviknight|70/100
|move|p2a: Corviknight|Roost|p2a: Corviknight
|-heal|p2a: Corviknight|100/100
|-singleturn|p2a: Corviknight|move: Roost
|
|upkeep
|turn|34
|
|t:|1760383993
|move|p1a: Skeledirge|Hex|p2a: Corviknight
|-damage|p2a: Corviknight|75/100
|move|p2a: Corviknight|Body Press|p1a: Skeledirge
|-immune|p1a: Skeledirge
|
|upkeep
|turn|35
|
|t:|1760384008
|move|p1a: Skeledirge|Hex|p2a: Corviknight
|-damage|p2a: Corviknight|52/100
|move|p2a: Corviknight|Body Press|p1a: Skeledirge
|-immune|p1a: Skeledirge
|
|upkeep
|turn|36
|
|t:|1760384021
|switch|p1a: Corviknight|Corviknight, M|67/100
|-damage|p1a: Corviknight|55/100|[from] Stealth Rock
|-ability|p1a: Corviknight|Pressure
|move|p2a: Corviknight|Roost|p2a: Corviknight
|-heal|p2a: Corviknight|100/100
|-singleturn|p2a: Corviknight|move: Roost
|
|upkeep
|turn|37
|
|t:|1760384026
|move|p1a: Corviknight|Defog|p2a: Corviknight
|-unboost|p2a: Corviknight|evasion|1
|-sideend|p2: godlywalrus|Stealth Rock|[from] move: Defog|[of] p1a: Corviknight
|-sideend|p1: will1994|Stealth Rock|[from] move: Defog|[of] p1a: Corviknight
|move|p2a: Corviknight|Iron Defense|p2a: Corviknight
|-boost|p2a: Corviknight|def|2
|
|upkeep
|turn|38
|
|t:|1760384030
|move|p1a: Corviknight|Roost|p1a: Corviknight
|-heal|p1a: Corviknight|100/100
|-singleturn|p1a: Corviknight|move: Roost
|move|p2a: Corviknight|Body Press|p1a: Corviknight
|-supereffective|p1a: Corviknight
|-damage|p1a: Corviknight|40/100
|-damage|p2a: Corviknight|84/100|[from] item: Rocky Helmet|[of] p1a: Corviknight
|
|upkeep
|turn|39
|
|t:|1760384036
|move|p1a: Corviknight|U-turn|p2a: Corviknight
|-resisted|p2a: Corviknight
|-damage|p2a: Corviknight|83/100
|-damage|p1a: Corviknight|24/100|[from] item: Rocky Helmet|[of] p2a: Corviknight
|
|t:|1760384040
|switch|p1a: Skeledirge|Skeledirge, M|76/100|[from] U-turn
|move|p2a: Corviknight|Body Press|p1a: Skeledirge
|-immune|p1a: Skeledirge
|
|upkeep
|turn|40
|
|t:|1760384045
|move|p1a: Skeledirge|Hex|p2a: Corviknight
|-damage|p2a: Corviknight|61/100
|move|p2a: Corviknight|Body Press|p1a: Skeledirge
|-immune|p1a: Skeledirge
|
|upkeep
|turn|41
|
|t:|1760384050
|switch|p1a: Corviknight|Corviknight, M|24/100
|-ability|p1a: Corviknight|Pressure
|move|p2a: Corviknight|Iron Defense|p2a: Corviknight
|-boost|p2a: Corviknight|def|2
|
|upkeep
|turn|42
|
|t:|1760384054
|switch|p1a: Skeledirge|Skeledirge, M|76/100
|move|p2a: Corviknight|Body Press|p1a: Skeledirge
|-immune|p1a: Skeledirge
|
|upkeep
|turn|43
|
|t:|1760384057
|switch|p2a: Ceruledge|Ceruledge, F|95/100
|move|p1a: Skeledirge|Torch Song|p2a: Ceruledge
|-start|p2a: Ceruledge|ability: Flash Fire
|
|upkeep
|turn|44
|
|t:|1760384065
|switch|p1a: Corviknight|Corviknight, M|24/100
|-ability|p1a: Corviknight|Pressure
|move|p2a: Ceruledge|Bitter Blade|p1a: Corviknight
|-supereffective|p1a: Corviknight
|-damage|p1a: Corviknight|0 fnt
|-heal|p2a: Ceruledge|100/100|[from] drain|[of] p1a: Corviknight
|-damage|p2a: Ceruledge|84/100|[from] item: Rocky Helmet|[of] p1a: Corviknight
|faint|p1a: Corviknight
|
|upkeep
|
|t:|1760384067
|switch|p1a: Kleavor|Kleavor, F|46/100
|turn|45
|
|t:|1760384072
|-end|p2a: Ceruledge|ability: Flash Fire|[silent]
|switch|p2a: Corviknight|Corviknight, M|61/100
|-ability|p2a: Corviknight|Pressure
|move|p1a: Kleavor|Stone Axe|p2a: Corviknight
|-damage|p2a: Corviknight|28/100
|-damage|p1a: Kleavor|30/100|[from] item: Rocky Helmet|[of] p2a: Corviknight
|-sidestart|p2: godlywalrus|move: Stealth Rock
|
|upkeep
|turn|46
|
|t:|1760384078
|move|p1a: Kleavor|Stone Axe|p2a: Corviknight
|-damage|p2a: Corviknight|0 fnt
|-damage|p1a: Kleavor|14/100|[from] item: Rocky Helmet|[of] p2a: Corviknight
|faint|p2a: Corviknight
|
|upkeep
|
|t:|1760384082
|switch|p2a: Latios|Latios, M|53/100 brn
|-damage|p2a: Latios|40/100 brn|[from] Stealth Rock
|turn|47
|
|t:|1760384101
|-terastallize|p2a: Latios|Steel
|move|p1a: Kleavor|Stone Axe|p2a: Latios
|-resisted|p2a: Latios
|-damage|p2a: Latios|3/100 brn
|move|p2a: Latios|Psychic Noise|p1a: Kleavor
|-damage|p1a: Kleavor|0 fnt
|faint|p1a: Kleavor
|
|-heal|p2a: Latios|9/100 brn|[from] item: Leftovers
|-damage|p2a: Latios|3/100 brn|[from] brn
|upkeep
|inactive|will1994 has 120 seconds left.
|
|t:|1760384126
|switch|p1a: Rillaboom|Rillaboom, M|73/100
|-fieldstart|move: Grassy Terrain|[from] ability: Grassy Surge|[of] p1a: Rillaboom
|turn|48
|
|t:|1760384134
|move|p2a: Latios|Draco Meteor|p1a: Rillaboom
|-damage|p1a: Rillaboom|0 fnt
|-unboost|p2a: Latios|spa|2
|faint|p1a: Rillaboom
|
|-heal|p2a: Latios|9/100 brn|[from] item: Leftovers
|-damage|p2a: Latios|3/100 brn|[from] brn
|upkeep
|
|t:|1760384143
|switch|p1a: Clodsire|Clodsire, M|81/100
|turn|49
|
|t:|1760384149
|move|p2a: Latios|Psychic Noise|p1a: Clodsire
|-supereffective|p1a: Clodsire
|-damage|p1a: Clodsire|14/100
|-start|p1a: Clodsire|move: Heal Block
|move|p1a: Clodsire|Stockpile|p1a: Clodsire
|-start|p1a: Clodsire|stockpile1
|-boost|p1a: Clodsire|def|1
|-boost|p1a: Clodsire|spd|1
|
|-heal|p2a: Latios|9/100 brn|[from] item: Leftovers
|-damage|p2a: Latios|3/100 brn|[from] brn
|upkeep
|turn|50
|
|t:|1760384155
|switch|p1a: Skeledirge|Skeledirge, M|76/100
|move|p2a: Latios|Psychic Noise|p1a: Skeledirge
|-damage|p1a: Skeledirge|43/100
|-start|p1a: Skeledirge|move: Heal Block
|
|-heal|p2a: Latios|9/100 brn|[from] item: Leftovers
|-damage|p2a: Latios|3/100 brn|[from] brn
|upkeep
|turn|51
|
|t:|1760384162
|move|p2a: Latios|Draco Meteor|p1a: Skeledirge
|-damage|p1a: Skeledirge|0 fnt
|-unboost|p2a: Latios|spa|2
|faint|p1a: Skeledirge
|
|-heal|p2a: Latios|9/100 brn|[from] item: Leftovers
|-damage|p2a: Latios|3/100 brn|[from] brn
|upkeep
|c|☆godlywalrus|how
|c|☆godlywalrus|on earth
|c|☆godlywalrus|do u choke
|-message|will1994 forfeited.
|
|win|godlywalrus
|raw|will1994's rating: 1639 &rarr; <strong>1623</strong><br />(-16 for losing)
|raw|godlywalrus's rating: 1714 &rarr; <strong>1730</strong><br />(+16 for winning)
|l|☆will1994
|player|p1|
