|j|☆godliestwalrus
|j|☆suarezyoshi
|t:|1760458255
|gametype|singles
|player|p1|godliestwalrus|acerola|1550
|player|p2|suarezyoshi|ethan|1499
|gen|9
|tier|[Gen 9] OU
|rated|
|rule|HP Percentage Mod: HP is shown in percentages
|rule|Endless Battle Clause: Forcing endless battles is banned
|rule|Species Clause: Limit one of each Pokémon
|rule|OHKO Clause: OHKO moves are banned
|rule|Evasion Items Clause: Evasion items are banned
|rule|Evasion Moves Clause: Evasion moves are banned
|rule|Evasion Abilities Clause: Evasion abilities are banned
|rule|Sleep Moves Clause: Sleep-inducing moves are banned
|clearpoke
|poke|p1|Primarina, M|
|poke|p1|Ceruledge, F|
|poke|p1|Corviknight, F|
|poke|p1|Gliscor, F|
|poke|p1|Latios, M|
|poke|p1|Meowscarada, F|
|poke|p2|Pelipper, L99, M|
|poke|p2|Barraskewda, M|
|poke|p2|Iron Treads|
|poke|p2|Hatterene, F|
|poke|p2|Hydrapple, M|
|poke|p2|Salamence, M|
|teampreview
|inactive|Battle timer is ON: inactive players will automatically lose when time's up. (requested by godliestwalrus)
|inactive|godliestwalrus has 120 seconds left.
|
|t:|1760458288
|teamsize|p1|6
|teamsize|p2|6
|start
|switch|p1a: Primarina|Primarina, M|100/100
|switch|p2a: Pelipper|Pelipper, L99, M|100/100
|-weather|RainDance|[from] ability: Drizzle|[of] p2a: Pelipper
|turn|1
|
|t:|1760458315
|move|p1a: Primarina|Moonblast|p2a: Pelipper
|-damage|p2a: Pelipper|52/100
|move|p2a: Pelipper|U-turn|p1a: Primarina
|-resisted|p1a: Primarina
|-damage|p1a: Primarina|95/100
|
|t:|1760458321
|switch|p2a: Barraskewda|Barraskewda, M, shiny|100/100|[from] U-turn
|
|-weather|RainDance|[upkeep]
|upkeep
|turn|2
|
|t:|1760458338
|-terastallize|p2a: Barraskewda|Water
|move|p2a: Barraskewda|Liquidation|p1a: Primarina
|-resisted|p1a: Primarina
|-damage|p1a: Primarina|6/100
|move|p1a: Primarina|Psychic Noise|p2a: Barraskewda
|-resisted|p2a: Barraskewda
|-damage|p2a: Barraskewda|34/100
|-start|p2a: Barraskewda|move: Heal Block
|
|-weather|RainDance|[upkeep]
|upkeep
|turn|3
|
|t:|1760458348
|move|p2a: Barraskewda|Liquidation|p1a: Primarina
|-resisted|p1a: Primarina
|-damage|p1a: Primarina|0 fnt
|faint|p1a: Primarina
|
|-weather|RainDance|[upkeep]
|-end|p2a: Barraskewda|move: Heal Block
|upkeep
|
|t:|1760458352
|switch|p1a: Corviknight|Corviknight, F|100/100
|-ability|p1a: Corviknight|Pressure
|turn|4
|
|t:|1760458362
|switch|p2a: Hatterene|Hatterene, F, shiny|100/100
|move|p1a: Corviknight|Body Press|p2a: Hatterene
|-resisted|p2a: Hatterene
|-damage|p2a: Hatterene|94/100
|
|-weather|RainDance|[upkeep]
|-heal|p2a: Hatterene|99/100|[from] item: Leftovers
|upkeep
|turn|5
|j| Ceray0403
|
|t:|1760458374
|switch|p1a: Gliscor|Gliscor, F|100/100
|move|p2a: Hatterene|Nuzzle|p1a: Gliscor
|-immune|p1a: Gliscor
|
|-weather|RainDance|[upkeep]
|-heal|p2a: Hatterene|100/100|[from] item: Leftovers
|-status|p1a: Gliscor|tox|[from] item: Toxic Orb
|upkeep
|turn|6
|
|t:|1760458379
|switch|p1a: Meowscarada|Meowscarada, F|100/100
|move|p2a: Hatterene|Psychic Noise|p1a: Meowscarada
|-immune|p1a: Meowscarada
|
|-weather|RainDance|[upkeep]
|upkeep
|turn|7
|
|t:|1760458388
|switch|p2a: Hydrapple|Hydrapple, M|100/100
|move|p1a: Meowscarada|U-turn|p2a: Hydrapple
|-start|p1a: Meowscarada|typechange|Bug|[from] ability: Protean
|-supereffective|p2a: Hydrapple
|-damage|p2a: Hydrapple|46/100
|-damage|p1a: Meowscarada|84/100|[from] item: Rocky Helmet|[of] p2a: Hydrapple
|
|t:|1760458392
|switch|p1a: Latios|Latios, M|100/100|[from] U-turn
|
|-weather|RainDance|[upkeep]
|upkeep
|turn|8
|
|t:|1760458401
|switch|p2a: Hatterene|Hatterene, F, shiny|100/100
|move|p1a: Latios|Draco Meteor|p2a: Hatterene
|-immune|p2a: Hatterene
|
|-weather|none
|upkeep
|turn|9
|
|t:|1760458409
|switch|p1a: Gliscor|Gliscor, F|100/100 tox
|switch|p2a: Pelipper|Pelipper, L99, M|52/100
|-weather|RainDance|[from] ability: Drizzle|[of] p2a: Pelipper
|
|-weather|RainDance|[upkeep]
|upkeep
|turn|10
|
|t:|1760458417
|move|p1a: Gliscor|Protect|p1a: Gliscor
|-singleturn|p1a: Gliscor|Protect
|move|p2a: Pelipper|U-turn|p1a: Gliscor
|-activate|p1a: Gliscor|move: Protect
|
|-weather|RainDance|[upkeep]
|upkeep
|turn|11
|
|t:|1760458424
|-terastallize|p1a: Gliscor|Water
|move|p1a: Gliscor|Toxic|p2a: Pelipper|[miss]
|-miss|p1a: Gliscor|p2a: Pelipper
|move|p2a: Pelipper|U-turn|p1a: Gliscor
|-damage|p1a: Gliscor|94/100 tox
|
|t:|1760458435
|switch|p2a: Salamence|Salamence, M|100/100|[from] U-turn
|-ability|p2a: Salamence|Intimidate|boost
|-unboost|p1a: Gliscor|atk|1
|
|-weather|RainDance|[upkeep]
|-heal|p1a: Gliscor|100/100 tox|[from] ability: Poison Heal
|upkeep
|turn|12
|
|t:|1760458441
|move|p2a: Salamence|Hurricane|p1a: Gliscor
|-damage|p1a: Gliscor|20/100 tox
|-start|p1a: Gliscor|confusion
|-activate|p1a: Gliscor|confusion
|move|p1a: Gliscor|Toxic|p2a: Salamence
|-status|p2a: Salamence|tox
|
|-weather|RainDance|[upkeep]
|-damage|p2a: Salamence|94/100 tox|[from] psn
|-heal|p1a: Gliscor|32/100 tox|[from] ability: Poison Heal
|upkeep
|turn|13
|
|t:|1760458457
|-end|p1a: Gliscor|confusion
|move|p1a: Gliscor|Protect|p1a: Gliscor
|-singleturn|p1a: Gliscor|Protect
|move|p2a: Salamence|Hurricane|p1a: Gliscor
|-activate|p1a: Gliscor|move: Protect
|
|-weather|RainDance|[upkeep]
|-damage|p2a: Salamence|82/100 tox|[from] psn
|-heal|p1a: Gliscor|45/100 tox|[from] ability: Poison Heal
|upkeep
|turn|14
|
|t:|1760458465
|switch|p1a: Corviknight|Corviknight, F|100/100
|-ability|p1a: Corviknight|Pressure
|move|p2a: Salamence|Hurricane|p1a: Corviknight
|-resisted|p1a: Corviknight
|-damage|p1a: Corviknight|59/100
|
|-weather|RainDance|[upkeep]
|-damage|p2a: Salamence|64/100 tox|[from] psn
|upkeep
|turn|15
|
|t:|1760458480
|switch|p2a: Hydrapple|Hydrapple, M|79/100
|move|p1a: Corviknight|Roost|p1a: Corviknight
|-heal|p1a: Corviknight|100/100
|-singleturn|p1a: Corviknight|move: Roost
|
|-weather|RainDance|[upkeep]
|upkeep
|turn|16
|
|t:|1760458488
|switch|p1a: Meowscarada|Meowscarada, F|84/100
|move|p2a: Hydrapple|Fickle Beam|p1a: Meowscarada
|-damage|p1a: Meowscarada|33/100
|
|-weather|none
|upkeep
|turn|17
|
|t:|1760458512
|move|p1a: Meowscarada|Triple Axel|p2a: Hydrapple
|-start|p1a: Meowscarada|typechange|Ice|[from] ability: Protean
|-supereffective|p2a: Hydrapple
|-damage|p2a: Hydrapple|46/100
|-damage|p1a: Meowscarada|16/100|[from] item: Rocky Helmet|[of] p2a: Hydrapple
|-supereffective|p2a: Hydrapple
|-damage|p2a: Hydrapple|0 fnt
|-damage|p1a: Meowscarada|0 fnt|[from] item: Rocky Helmet|[of] p2a: Hydrapple
|faint|p2a: Hydrapple
|faint|p1a: Meowscarada
|-hitcount|p2: Hydrapple|2
|
|upkeep
|inactive|suarezyoshi has 120 seconds left.
|
|t:|1760458538
|switch|p1a: Latios|Latios, M|100/100
|switch|p2a: Pelipper|Pelipper, L99, M|52/100
|-weather|RainDance|[from] ability: Drizzle|[of] p2a: Pelipper
|turn|18
|
|t:|1760458555
|switch|p1a: Ceruledge|Ceruledge, F|100/100
|switch|p2a: Hatterene|Hatterene, F, shiny|100/100
|
|-weather|RainDance|[upkeep]
|upkeep
|turn|19
|
|t:|1760458577
|switch|p2a: Salamence|Salamence, M|64/100 tox
|-ability|p2a: Salamence|Intimidate|boost
|-unboost|p1a: Ceruledge|atk|1
|move|p1a: Ceruledge|Poltergeist|p2a: Salamence
|-activate|p2a: Salamence|move: Poltergeist|Choice Specs
|-damage|p2a: Salamence|22/100 tox
|
|-weather|RainDance|[upkeep]
|-damage|p2a: Salamence|16/100 tox|[from] psn
|upkeep
|turn|20
|
|t:|1760458587
|switch|p2a: Iron Treads|Iron Treads, shiny|100/100
|switch|p1a: Corviknight|Corviknight, F|100/100
|-ability|p1a: Corviknight|Pressure
|
|-weather|RainDance|[upkeep]
|upkeep
|turn|21
|
|t:|1760458594
|move|p2a: Iron Treads|Stealth Rock|p1a: Corviknight
|-sidestart|p1: godliestwalrus|move: Stealth Rock
|move|p1a: Corviknight|Body Press|p2a: Iron Treads
|-supereffective|p2a: Iron Treads
|-damage|p2a: Iron Treads|60/100
|
|-weather|RainDance|[upkeep]
|-heal|p2a: Iron Treads|66/100|[from] item: Leftovers
|upkeep
|turn|22
|
|t:|1760458601
|move|p2a: Iron Treads|Knock Off|p1a: Corviknight
|-damage|p1a: Corviknight|85/100
|-damage|p2a: Iron Treads|50/100|[from] item: Rocky Helmet|[of] p1a: Corviknight
|-enditem|p1a: Corviknight|Rocky Helmet|[from] move: Knock Off|[of] p2a: Iron Treads
|move|p1a: Corviknight|Defog|p2a: Iron Treads
|-unboost|p2a: Iron Treads|evasion|1
|-sideend|p1: godliestwalrus|Stealth Rock|[from] move: Defog|[of] p1a: Corviknight
|
|-weather|RainDance|[upkeep]
|-heal|p2a: Iron Treads|56/100|[from] item: Leftovers
|upkeep
|turn|23
|
|t:|1760458610
|-end|p2a: Iron Treads|Quark Drive|[silent]
|switch|p2a: Hatterene|Hatterene, F, shiny|100/100
|move|p1a: Corviknight|Body Press|p2a: Hatterene
|-resisted|p2a: Hatterene
|-damage|p2a: Hatterene|93/100
|
|-weather|RainDance|[upkeep]
|-heal|p2a: Hatterene|99/100|[from] item: Leftovers
|upkeep
|turn|24
|
|t:|1760458629
|switch|p1a: Ceruledge|Ceruledge, F|100/100
|move|p2a: Hatterene|Psychic Noise|p1a: Ceruledge
|-damage|p1a: Ceruledge|72/100
|-start|p1a: Ceruledge|move: Heal Block
|
|-weather|RainDance|[upkeep]
|-heal|p2a: Hatterene|100/100|[from] item: Leftovers
|upkeep
|turn|25
|
|t:|1760458643
|switch|p2a: Salamence|Salamence, M|16/100 tox
|-ability|p2a: Salamence|Intimidate|boost
|-unboost|p1a: Ceruledge|atk|1
|move|p1a: Ceruledge|Poltergeist|p2a: Salamence
|-activate|p2a: Salamence|move: Poltergeist|Choice Specs
|-damage|p2a: Salamence|0 fnt
|faint|p2a: Salamence
|
|-weather|none
|-end|p1a: Ceruledge|move: Heal Block
|upkeep
|
|t:|1760458645
|switch|p2a: Iron Treads|Iron Treads, shiny|56/100
|turn|26
|
|t:|1760458671
|-end|p2a: Iron Treads|Quark Drive|[silent]
|switch|p2a: Pelipper|Pelipper, L99, M|52/100
|-weather|RainDance|[from] ability: Drizzle|[of] p2a: Pelipper
|switch|p1a: Corviknight|Corviknight, F|85/100
|-ability|p1a: Corviknight|Pressure
|
|-weather|RainDance|[upkeep]
|upkeep
|turn|27
|inactive|suarezyoshi has 120 seconds left.
|
|t:|1760458705
|move|p1a: Corviknight|Iron Defense|p1a: Corviknight
|-boost|p1a: Corviknight|def|2
|move|p2a: Pelipper|U-turn|p1a: Corviknight
|-resisted|p1a: Corviknight
|-damage|p1a: Corviknight|84/100
|l|☆godliestwalrus
|inactive|godliestwalrus disconnected and has a minute to reconnect!
|player|p1|
|inactive|suarezyoshi has 120 seconds left.
|
|t:|1760458714
|switch|p2a: Hatterene|Hatterene, F, shiny|100/100|[from] U-turn
|
|-weather|RainDance|[upkeep]
|upkeep
|turn|28
|j|☆godliestwalrus
|inactive|godliestwalrus reconnected and has 130 seconds left.
|player|p1|godliestwalrus|acerola|
|
|t:|1760458740
|switch|p1a: Gliscor|Gliscor, F, tera:Water|45/100 tox
|move|p2a: Hatterene|Nuzzle|p1a: Gliscor
|-supereffective|p1a: Gliscor
|-damage|p1a: Gliscor|38/100 tox
|
|-weather|RainDance|[upkeep]
|-heal|p1a: Gliscor|51/100 tox|[from] ability: Poison Heal
|upkeep
|turn|29
|inactive|suarezyoshi has 120 seconds left.
|
|t:|1760458790
|move|p1a: Gliscor|Protect|p1a: Gliscor
|-singleturn|p1a: Gliscor|Protect
|move|p2a: Hatterene|Psychic Noise|p1a: Gliscor
|-activate|p1a: Gliscor|move: Protect
|
|-weather|RainDance|[upkeep]
|-heal|p1a: Gliscor|63/100 tox|[from] ability: Poison Heal
|upkeep
|turn|30
|
|t:|1760458797
|move|p1a: Gliscor|Earthquake|p2a: Hatterene
|-damage|p2a: Hatterene|64/100
|move|p2a: Hatterene|Psychic Noise|p1a: Gliscor
|-damage|p1a: Gliscor|34/100 tox
|-start|p1a: Gliscor|move: Heal Block
|
|-weather|RainDance|[upkeep]
|-heal|p2a: Hatterene|70/100|[from] item: Leftovers
|upkeep
|turn|31
|inactive|suarezyoshi has 90 seconds left.
|
|t:|1760458832
|move|p1a: Gliscor|Protect|p1a: Gliscor
|-singleturn|p1a: Gliscor|Protect
|move|p2a: Hatterene|Psychic Noise|p1a: Gliscor
|-activate|p1a: Gliscor|move: Protect
|
|-weather|RainDance|[upkeep]
|-heal|p2a: Hatterene|76/100|[from] item: Leftovers
|-end|p1a: Gliscor|move: Heal Block
|upkeep
|turn|32
|inactive|suarezyoshi has 90 seconds left.
|
|t:|1760458848
|switch|p1a: Ceruledge|Ceruledge, F|72/100
|move|p2a: Hatterene|Psychic Noise|p1a: Ceruledge
|-damage|p1a: Ceruledge|42/100
|-start|p1a: Ceruledge|move: Heal Block
|
|-weather|RainDance|[upkeep]
|-heal|p2a: Hatterene|82/100|[from] item: Leftovers
|upkeep
|turn|33
|
|t:|1760458858
|switch|p2a: Iron Treads|Iron Treads, shiny|56/100
|move|p1a: Ceruledge|Poltergeist|p2a: Iron Treads
|-activate|p2a: Iron Treads|move: Poltergeist|Leftovers
|-damage|p2a: Iron Treads|16/100
|
|-weather|none
|-heal|p2a: Iron Treads|22/100|[from] item: Leftovers
|-end|p1a: Ceruledge|move: Heal Block
|upkeep
|turn|34
|inactive|suarezyoshi has 90 seconds left.
|
|t:|1760458872
|-end|p2a: Iron Treads|Quark Drive|[silent]
|switch|p2a: Pelipper|Pelipper, L99, M|52/100
|-weather|RainDance|[from] ability: Drizzle|[of] p2a: Pelipper
|switch|p1a: Corviknight|Corviknight, F|84/100
|-ability|p1a: Corviknight|Pressure
|
|-weather|RainDance|[upkeep]
|upkeep
|turn|35
|inactive|suarezyoshi has 90 seconds left.
|
|t:|1760458882
|move|p1a: Corviknight|Iron Defense|p1a: Corviknight
|-boost|p1a: Corviknight|def|2
|move|p2a: Pelipper|U-turn|p1a: Corviknight
|-resisted|p1a: Corviknight
|-damage|p1a: Corviknight|84/100
|
|t:|1760458884
|switch|p2a: Hatterene|Hatterene, F, shiny|82/100|[from] U-turn
|
|-weather|RainDance|[upkeep]
|-heal|p2a: Hatterene|88/100|[from] item: Leftovers
|upkeep
|turn|36
|
|t:|1760458892
|switch|p1a: Latios|Latios, M|100/100
|move|p2a: Hatterene|Nuzzle|p1a: Latios
|-resisted|p1a: Latios
|-damage|p1a: Latios|98/100
|-status|p1a: Latios|par
|
|-weather|RainDance|[upkeep]
|-heal|p2a: Hatterene|94/100|[from] item: Leftovers
|upkeep
|turn|37
|
|t:|1760458896
|move|p1a: Latios|Trick|p2a: Hatterene
|-activate|p1a: Latios|move: Trick|[of] p2a: Hatterene
|-item|p2a: Hatterene|Choice Scarf|[from] move: Trick
|-item|p1a: Latios|Leftovers|[from] move: Trick
|move|p2a: Hatterene|Draining Kiss|p1a: Latios
|-supereffective|p1a: Latios
|-damage|p1a: Latios|50/100 par
|-heal|p2a: Hatterene|100/100|[from] drain|[of] p1a: Latios
|
|-weather|RainDance|[upkeep]
|-heal|p1a: Latios|56/100 par|[from] item: Leftovers
|upkeep
|turn|38
|inactive|suarezyoshi has 120 seconds left.
|
|t:|1760458906
|switch|p1a: Ceruledge|Ceruledge, F|42/100
|switch|p2a: Barraskewda|Barraskewda, M, shiny, tera:Water|34/100
|
|-weather|RainDance|[upkeep]
|upkeep
|turn|39
|inactive|suarezyoshi has 120 seconds left.
|
|t:|1760458912
|switch|p1a: Latios|Latios, M|56/100 par
|move|p2a: Barraskewda|Aqua Jet|p1a: Latios
|-resisted|p1a: Latios
|-damage|p1a: Latios|14/100 par
|
|-weather|RainDance|[upkeep]
|-heal|p1a: Latios|20/100 par|[from] item: Leftovers
|upkeep
|turn|40
|
|t:|1760458915
|move|p2a: Barraskewda|Aqua Jet|p1a: Latios
|-resisted|p1a: Latios
|-damage|p1a: Latios|0 fnt
|faint|p1a: Latios
|
|-weather|RainDance|[upkeep]
|upkeep
|j| wobuhaole
|
|t:|1760458922
|switch|p1a: Corviknight|Corviknight, F|84/100
|-ability|p1a: Corviknight|Pressure
|turn|41
|
|t:|1760458925
|switch|p1a: Ceruledge|Ceruledge, F|42/100
|move|p2a: Barraskewda|Aqua Jet|p1a: Ceruledge
|-supereffective|p1a: Ceruledge
|-damage|p1a: Ceruledge|0 fnt
|faint|p1a: Ceruledge
|
|-weather|none
|upkeep
|c|☆godliestwalrus|gg
|-message|godliestwalrus forfeited.
|
|win|suarezyoshi
|raw|godliestwalrus's rating: 1550 &rarr; <strong>1527</strong><br />(-23 for losing)
|raw|suarezyoshi's rating: 1499 &rarr; <strong>1522</strong><br />(+23 for winning)
|l|☆godliestwalrus
|player|p1|
|l|☆suarezyoshi
|player|p2|
