|j|☆bwalex
|j|☆Bigsauuuurrr
|t:|1760311184
|gametype|singles
|player|p1|bwalex|101|1100
|player|p2|Bigsauuuurrr|veteran|1083
|gen|9
|tier|[Gen 9] OU
|rated|
|rule|HP Percentage Mod: HP is shown in percentages
|rule|Endless Battle Clause: Forcing endless battles is banned
|rule|Species Clause: Limit one of each Pokémon
|rule|OHKO Clause: OHKO moves are banned
|rule|Evasion Items Clause: Evasion items are banned
|rule|Evasion Moves Clause: Evasion moves are banned
|rule|Evasion Abilities Clause: Evasion abilities are banned
|rule|Sleep Moves Clause: Sleep-inducing moves are banned
|clearpoke
|poke|p1|Samurott-Hisui, M|
|poke|p1|Jolteon, M|
|poke|p1|Excadrill, F|
|poke|p1|Hydreigon, F|
|poke|p1|Ceruledge, F|
|poke|p1|Grimmsnarl, M|
|poke|p2|Victreebel, M|
|poke|p2|Dudunsparce-*, M|
|poke|p2|Kleavor, M|
|poke|p2|Qwilfish-Hisui, M|
|poke|p2|Golem, M|
|poke|p2|Magcargo, M|
|teampreview
|inactive|Battle timer is ON: inactive players will automatically lose when time's up. (requested by Bigsauuuurrr)
|
|t:|1760311198
|teamsize|p1|6
|teamsize|p2|6
|start
|switch|p1a: Grimmsnarl|Grimmsnarl, M|100/100
|switch|p2a: Axe|Kleavor, M, shiny|100/100
|turn|1
|
|t:|1760311206
|move|p1a: Grimmsnarl|Reflect|p1a: Grimmsnarl
|-sidestart|p1: bwalex|Reflect
|move|p2a: Axe|Fury Cutter|p1a: Grimmsnarl
|-damage|p1a: Grimmsnarl|81/100
|
|upkeep
|turn|2
|
|t:|1760311211
|move|p1a: Grimmsnarl|Light Screen|p1a: Grimmsnarl
|-sidestart|p1: bwalex|move: Light Screen
|move|p2a: Axe|Fury Cutter|p1a: Grimmsnarl
|-damage|p1a: Grimmsnarl|41/100
|
|upkeep
|turn|3
|
|t:|1760311216
|move|p2a: Axe|Fury Cutter|p1a: Grimmsnarl
|-damage|p1a: Grimmsnarl|0 fnt
|faint|p1a: Grimmsnarl
|
|upkeep
|
|t:|1760311223
|switch|p1a: Samurott|Samurott-Hisui, M, shiny|100/100
|turn|4
|
|t:|1760311226
|move|p2a: Axe|Fury Cutter|p1a: Samurott
|-supereffective|p1a: Samurott
|-damage|p1a: Samurott|0 fnt
|faint|p1a: Samurott
|
|upkeep
|
|t:|1760311234
|switch|p1a: Hydreigon|Hydreigon, F, shiny|100/100
|turn|5
|
|t:|1760311239
|move|p2a: Axe|Fury Cutter|p1a: Hydreigon
|-supereffective|p1a: Hydreigon
|-damage|p1a: Hydreigon|0 fnt
|faint|p1a: Hydreigon
|
|upkeep
|
|t:|1760311243
|switch|p1a: Ceruledge|Ceruledge, F|100/100
|turn|6
|
|t:|1760311246
|move|p2a: Axe|Fury Cutter|p1a: Ceruledge
|-resisted|p1a: Ceruledge
|-damage|p1a: Ceruledge|80/100
|-ability|p1a: Ceruledge|Weak Armor|boost
|-unboost|p1a: Ceruledge|def|1
|-boost|p1a: Ceruledge|spe|2
|move|p1a: Ceruledge|Swords Dance|p1a: Ceruledge
|-boost|p1a: Ceruledge|atk|2
|
|upkeep
|turn|7
|
|t:|1760311254
|move|p1a: Ceruledge|Bitter Blade|p2a: Axe
|-damage|p2a: Axe|0 fnt
|-heal|p1a: Ceruledge|100/100|[from] drain|[of] p2a: Axe
|faint|p2a: Axe
|
|upkeep
|
|t:|1760311267
|switch|p2a: Nugget|Golem, M, shiny|100/100
|turn|8
|
|t:|1760311275
|move|p1a: Ceruledge|Swords Dance|p1a: Ceruledge
|-boost|p1a: Ceruledge|atk|2
|move|p2a: Nugget|Earthquake|p1a: Ceruledge
|-supereffective|p1a: Ceruledge
|-enditem|p1a: Ceruledge|Focus Sash
|-damage|p1a: Ceruledge|1/100
|-ability|p1a: Ceruledge|Weak Armor|boost
|-unboost|p1a: Ceruledge|def|1
|-boost|p1a: Ceruledge|spe|2
|
|-sideend|p1: bwalex|Reflect
|upkeep
|turn|9
|
|t:|1760311286
|-terastallize|p1a: Ceruledge|Ghost
|move|p1a: Ceruledge|Poltergeist|p2a: Nugget
|-activate|p2a: Nugget|move: Poltergeist|Liechi Berry
|-ability|p2a: Nugget|Sturdy
|-damage|p2a: Nugget|1/100
|-enditem|p2a: Nugget|Liechi Berry|[eat]
|-boost|p2a: Nugget|atk|1|[from] item: Liechi Berry
|move|p2a: Nugget|Earthquake|p1a: Ceruledge
|-damage|p1a: Ceruledge|0 fnt
|faint|p1a: Ceruledge
|
|-sideend|p1: bwalex|move: Light Screen
|upkeep
|
|t:|1760311293
|switch|p1a: Excadrill|Excadrill, F|100/100
|-ability|p1a: Excadrill|Mold Breaker
|turn|10
|
|t:|1760311314
|move|p1a: Excadrill|Rapid Spin|p2a: Nugget
|-resisted|p2a: Nugget
|-damage|p2a: Nugget|0 fnt
|-boost|p1a: Excadrill|spe|1
|faint|p2a: Nugget
|
|upkeep
|
|t:|1760311324
|switch|p2a: Venus|Victreebel, M, shiny|100/100
|turn|11
|
|t:|1760311330
|move|p1a: Excadrill|Stealth Rock|p2a: Venus
|-sidestart|p2: Bigsauuuurrr|move: Stealth Rock
|move|p2a: Venus|Strength Sap|p1a: Excadrill
|-unboost|p1a: Excadrill|atk|1
|
|upkeep
|turn|12
|
|t:|1760311335
|move|p1a: Excadrill|Earthquake|p2a: Venus
|-damage|p2a: Venus|61/100
|move|p2a: Venus|Stockpile|p2a: Venus
|-start|p2a: Venus|stockpile1
|-boost|p2a: Venus|def|1
|-boost|p2a: Venus|spd|1
|
|upkeep
|turn|13
|
|t:|1760311342
|move|p1a: Excadrill|Earthquake|p2a: Venus
|-damage|p2a: Venus|34/100
|-enditem|p2a: Venus|Petaya Berry|[eat]
|-boost|p2a: Venus|spa|1|[from] item: Petaya Berry
|move|p2a: Venus|Strength Sap|p1a: Excadrill
|-unboost|p1a: Excadrill|atk|1
|-heal|p2a: Venus|100/100
|
|upkeep
|turn|14
|
|t:|1760311350
|move|p1a: Excadrill|Iron Head|p2a: Venus
|-damage|p2a: Venus|85/100
|cant|p2a: Venus|flinch
|
|upkeep
|turn|15
|
|t:|1760311354
|move|p1a: Excadrill|Earthquake|p2a: Venus
|-damage|p2a: Venus|66/100
|move|p2a: Venus|Stockpile|p2a: Venus
|-start|p2a: Venus|stockpile2
|-boost|p2a: Venus|def|1
|-boost|p2a: Venus|spd|1
|
|upkeep
|turn|16
|
|t:|1760311363
|move|p1a: Excadrill|Earthquake|p2a: Venus
|-damage|p2a: Venus|51/100
|move|p2a: Venus|Stockpile|p2a: Venus
|-start|p2a: Venus|stockpile3
|-boost|p2a: Venus|def|1
|-boost|p2a: Venus|spd|1
|
|upkeep
|turn|17
|
|t:|1760311369
|move|p1a: Excadrill|Earthquake|p2a: Venus
|-damage|p2a: Venus|40/100
|move|p2a: Venus|Giga Drain|p1a: Excadrill
|-damage|p1a: Excadrill|45/100
|-heal|p2a: Venus|73/100|[from] drain|[of] p1a: Excadrill
|
|upkeep
|turn|18
|
|t:|1760311377
|move|p1a: Excadrill|Earthquake|p2a: Venus
|-damage|p2a: Venus|61/100
|move|p2a: Venus|Giga Drain|p1a: Excadrill
|-damage|p1a: Excadrill|0 fnt
|-heal|p2a: Venus|88/100|[from] drain|[of] p1a: Excadrill
|faint|p1a: Excadrill
|
|upkeep
|
|t:|1760311382
|switch|p1a: Jolteon|Jolteon, M|100/100
|turn|19
|
|t:|1760311401
|move|p1a: Jolteon|Tera Blast|p2a: Venus
|-damage|p2a: Venus|71/100
|move|p2a: Venus|Giga Drain|p1a: Jolteon
|-damage|p1a: Jolteon|46/100
|-heal|p2a: Venus|95/100|[from] drain|[of] p1a: Jolteon
|
|upkeep
|turn|20
|
|t:|1760311409
|move|p1a: Jolteon|Tera Blast|p2a: Venus
|-damage|p2a: Venus|80/100
|move|p2a: Venus|Giga Drain|p1a: Jolteon
|-damage|p1a: Jolteon|0 fnt
|-heal|p2a: Venus|99/100|[from] drain|[of] p1a: Jolteon
|faint|p1a: Jolteon
|
|win|Bigsauuuurrr
|raw|bwalex's rating: 1100 &rarr; <strong>1074</strong><br />(-26 for losing)
|raw|Bigsauuuurrr's rating: 1083 &rarr; <strong>1112</strong><br />(+29 for winning)
|l|☆bwalex
|player|p1|
|l|☆Bigsauuuurrr
|player|p2|
