|j|☆Munch144447
|j|☆ggzbroski
|t:|1760348146
|gametype|singles
|player|p1|Munch144447|265|1238
|player|p2|ggzbroski|169|1211
|gen|9
|tier|[Gen 9] OU
|rated|
|rule|HP Percentage Mod: HP is shown in percentages
|rule|Endless Battle Clause: Forcing endless battles is banned
|rule|Species Clause: Limit one of each Pokémon
|rule|OHKO Clause: OHKO moves are banned
|rule|Evasion Items Clause: Evasion items are banned
|rule|Evasion Moves Clause: Evasion moves are banned
|rule|Evasion Abilities Clause: Evasion abilities are banned
|rule|Sleep Moves Clause: Sleep-inducing moves are banned
|clearpoke
|poke|p1|Tauros-Paldea-Aqua, M|
|poke|p1|Vileplume, M|
|poke|p1|Delphox, M|
|poke|p1|Cramorant, F|
|poke|p1|Sudowoodo, F|
|poke|p1|Komala, F|
|poke|p2|Scizor, F|
|poke|p2|Pelipper, M|
|poke|p2|Iron Treads|
|poke|p2|Iron Moth|
|poke|p2|Dragapult, F|
|poke|p2|Garchomp, F|
|teampreview
|
|t:|1760348156
|teamsize|p1|6
|teamsize|p2|6
|start
|switch|p1a: Tauros|Tauros-Paldea-Aqua, M|100/100
|switch|p2a: Pelipper|Pelipper, M|100/100
|-ability|p1a: Tauros|Intimidate|boost
|-unboost|p2a: Pelipper|atk|1
|-weather|RainDance|[from] ability: Drizzle|[of] p2a: Pelipper
|turn|1
|
|t:|1760348159
|move|p1a: Tauros|Wild Charge|p2a: Pelipper
|-supereffective|p2a: Pelipper
|-damage|p2a: Pelipper|0 fnt
|faint|p2a: Pelipper
|-damage|p1a: Tauros|73/100|[from] Recoil
|-damage|p1a: Tauros|63/100|[from] item: Life Orb
|
|-weather|RainDance|[upkeep]
|upkeep
|
|t:|1760348164
|switch|p2a: Iron Moth|Iron Moth|100/100
|-enditem|p2a: Iron Moth|Booster Energy
|-activate|p2a: Iron Moth|ability: Quark Drive|[fromitem]
|-start|p2a: Iron Moth|quarkdrivespe
|turn|2
|
|t:|1760348177
|switch|p1a: Delphox|Delphox, M|100/100
|move|p2a: Iron Moth|Discharge|p1a: Delphox
|-damage|p1a: Delphox|66/100
|
|-weather|RainDance|[upkeep]
|upkeep
|turn|3
|
|t:|1760348188
|-terastallize|p2a: Iron Moth|Fire
|move|p2a: Iron Moth|Fiery Dance|p1a: Delphox
|-resisted|p1a: Delphox
|-damage|p1a: Delphox|50/100
|move|p1a: Delphox|Scorching Sands|p2a: Iron Moth
|-supereffective|p2a: Iron Moth
|-damage|p2a: Iron Moth|46/100
|
|-weather|RainDance|[upkeep]
|upkeep
|turn|4
|
|t:|1760348198
|move|p2a: Iron Moth|Sludge Wave|p1a: Delphox
|-damage|p1a: Delphox|0 fnt
|faint|p1a: Delphox
|
|-weather|RainDance|[upkeep]
|upkeep
|
|t:|1760348201
|switch|p1a: Tauros|Tauros-Paldea-Aqua, M|63/100
|-ability|p1a: Tauros|Intimidate|boost
|-unboost|p2a: Iron Moth|atk|1
|turn|5
|
|t:|1760348204
|move|p1a: Tauros|Aqua Jet|p2a: Iron Moth
|-supereffective|p2a: Iron Moth
|-damage|p2a: Iron Moth|0 fnt
|faint|p2a: Iron Moth
|-end|p2a: Iron Moth|Quark Drive|[silent]
|-damage|p1a: Tauros|53/100|[from] item: Life Orb
|
|-weather|none
|upkeep
|
|t:|1760348211
|switch|p2a: Garchomp|Garchomp, F|100/100
|turn|6
|
|t:|1760348214
|switch|p1a: Cramorant|Cramorant, F|100/100
|move|p2a: Garchomp|Earthquake|p1a: Cramorant
|-immune|p1a: Cramorant
|
|upkeep
|turn|7
|
|t:|1760348216
|move|p1a: Cramorant|Ice Beam|p2a: Garchomp
|-supereffective|p2a: Garchomp
|-damage|p2a: Garchomp|50/100
|move|p2a: Garchomp|Dragon Tail|p1a: Cramorant
|-damage|p1a: Cramorant|64/100
|drag|p1a: Tauros|Tauros-Paldea-Aqua, M|53/100
|-ability|p1a: Tauros|Intimidate|boost
|-unboost|p2a: Garchomp|atk|1
|
|upkeep
|turn|8
|
|t:|1760348226
|switch|p1a: Cramorant|Cramorant, F|64/100
|move|p2a: Garchomp|Dragon Tail|p1a: Cramorant
|-damage|p1a: Cramorant|40/100
|drag|p1a: Vileplume|Vileplume, M|100/100
|
|upkeep
|turn|9
|
|t:|1760348231
|move|p1a: Vileplume|Giga Drain|p2a: Garchomp
|-damage|p2a: Garchomp|29/100
|move|p2a: Garchomp|Dragon Tail|p1a: Vileplume
|-damage|p1a: Vileplume|79/100
|-status|p2a: Garchomp|slp|[from] ability: Effect Spore|[of] p1a: Vileplume
|drag|p1a: Cramorant|Cramorant, F|40/100
|
|-heal|p1a: Cramorant|46/100|[from] item: Leftovers
|upkeep
|turn|10
|
|t:|1760348236
|move|p1a: Cramorant|Roost|p1a: Cramorant
|-heal|p1a: Cramorant|96/100
|-singleturn|p1a: Cramorant|move: Roost
|cant|p2a: Garchomp|slp
|
|-heal|p1a: Cramorant|100/100|[from] item: Leftovers
|upkeep
|turn|11
|
|t:|1760348239
|-curestatus|p2a: Garchomp|slp|[msg]
|move|p2a: Garchomp|Iron Head|p1a: Cramorant
|-resisted|p1a: Cramorant
|-damage|p1a: Cramorant|89/100
|move|p1a: Cramorant|Ice Beam|p2a: Garchomp
|-supereffective|p2a: Garchomp
|-damage|p2a: Garchomp|0 fnt
|faint|p2a: Garchomp
|
|-heal|p1a: Cramorant|95/100|[from] item: Leftovers
|upkeep
|
|t:|1760348242
|switch|p2a: Dragapult|Dragapult, F|100/100
|turn|12
|
|t:|1760348244
|move|p2a: Dragapult|Thunderbolt|p1a: Cramorant
|-supereffective|p1a: Cramorant
|-damage|p1a: Cramorant|0 fnt
|faint|p1a: Cramorant
|-damage|p2a: Dragapult|91/100|[from] item: Life Orb
|
|upkeep
|
|t:|1760348248
|switch|p1a: Vileplume|Vileplume, M|79/100
|turn|13
|
|t:|1760348250
|move|p2a: Dragapult|Fire Blast|p1a: Vileplume
|-supereffective|p1a: Vileplume
|-damage|p1a: Vileplume|0 fnt
|faint|p1a: Vileplume
|-damage|p2a: Dragapult|81/100|[from] item: Life Orb
|
|upkeep
|
|t:|1760348255
|switch|p1a: Sudowoodo|Sudowoodo, F|100/100
|turn|14
|
|t:|1760348257
|move|p2a: Dragapult|Surf|p1a: Sudowoodo
|-supereffective|p1a: Sudowoodo
|-damage|p1a: Sudowoodo|12/100
|-damage|p2a: Dragapult|71/100|[from] item: Life Orb
|move|p1a: Sudowoodo|Rock Blast|p2a: Dragapult
|-damage|p2a: Dragapult|53/100
|-damage|p2a: Dragapult|35/100
|-damage|p2a: Dragapult|18/100
|-damage|p2a: Dragapult|0 fnt
|faint|p2a: Dragapult
|-hitcount|p2: Dragapult|4
|
|upkeep
|
|t:|1760348259
|switch|p2a: Iron Treads|Iron Treads|100/100
|turn|15
|
|t:|1760348264
|move|p2a: Iron Treads|Earthquake|p1a: Sudowoodo
|-supereffective|p1a: Sudowoodo
|-damage|p1a: Sudowoodo|0 fnt
|faint|p1a: Sudowoodo
|
|upkeep
|
|t:|1760348268
|switch|p1a: Tauros|Tauros-Paldea-Aqua, M|53/100
|-ability|p1a: Tauros|Intimidate|boost
|-unboost|p2a: Iron Treads|atk|1
|turn|16
|
|t:|1760348284
|move|p2a: Iron Treads|Earthquake|p1a: Tauros
|-damage|p1a: Tauros|15/100
|move|p1a: Tauros|Close Combat|p2a: Iron Treads
|-supereffective|p2a: Iron Treads
|-damage|p2a: Iron Treads|0 fnt
|-unboost|p1a: Tauros|def|1
|-unboost|p1a: Tauros|spd|1
|faint|p2a: Iron Treads
|-end|p2a: Iron Treads|Quark Drive|[silent]
|-damage|p1a: Tauros|5/100|[from] item: Life Orb
|
|upkeep
|
|t:|1760348286
|switch|p2a: Scizor|Scizor, F|100/100
|turn|17
|
|t:|1760348290
|move|p1a: Tauros|Aqua Jet|p2a: Scizor
|-damage|p2a: Scizor|76/100
|-damage|p1a: Tauros|0 fnt|[from] item: Life Orb
|faint|p1a: Tauros
|move|p2a: Scizor|Bullet Punch|p1: Tauros|[notarget]
|-fail|p2a: Scizor
|
|upkeep
|
|t:|1760348292
|switch|p1a: Komala|Komala, F|100/100
|-ability|p1a: Komala|Comatose
|turn|18
|
|t:|1760348295
|-terastallize|p1a: Komala|Ghost
|move|p1a: Komala|Bulk Up|p1a: Komala
|-boost|p1a: Komala|atk|1
|-boost|p1a: Komala|def|1
|move|p2a: Scizor|Close Combat|p1a: Komala
|-immune|p1a: Komala
|
|upkeep
|turn|19
|
|t:|1760348301
|move|p1a: Komala|Earthquake|p2a: Scizor
|-damage|p2a: Scizor|28/100
|move|p2a: Scizor|Knock Off|p1a: Komala
|-supereffective|p1a: Komala
|-damage|p1a: Komala|0 fnt
|-enditem|p1a: Komala|Leftovers|[from] move: Knock Off|[of] p2a: Scizor
|faint|p1a: Komala
|-damage|p2a: Scizor|18/100|[from] item: Life Orb
|
|win|ggzbroski
|raw|Munch144447's rating: 1238 &rarr; <strong>1211</strong><br />(-27 for losing)
|raw|ggzbroski's rating: 1211 &rarr; <strong>1238</strong><br />(+27 for winning)
|l|☆ggzbroski
|player|p2|
|l|☆Munch144447
|player|p1|
