|j|☆bettergreen
|j|☆PrimeXStriker
|t:|1760363558
|gametype|singles
|player|p1|bettergreen|acetrainer|1469
|player|p2|PrimeXStriker|marshal|1492
|gen|9
|tier|[Gen 9] OU
|rated|
|rule|HP Percentage Mod: HP is shown in percentages
|rule|Endless Battle Clause: Forcing endless battles is banned
|rule|Species Clause: Limit one of each Pokémon
|rule|OHKO Clause: OHKO moves are banned
|rule|Evasion Items Clause: Evasion items are banned
|rule|Evasion Moves Clause: Evasion moves are banned
|rule|Evasion Abilities Clause: Evasion abilities are banned
|rule|Sleep Moves Clause: Sleep-inducing moves are banned
|clearpoke
|poke|p1|Hoopa-Unbound|
|poke|p1|Garganacl, M|
|poke|p1|Slowking-Galar, F|
|poke|p1|Ogerpon-Wellspring, F|
|poke|p1|Great Tusk|
|poke|p1|Dragonite, M|
|poke|p2|Zapdos-Galar|
|poke|p2|Rillaboom, M|
|poke|p2|Iron Jugulis|
|poke|p2|Primarina, M|
|poke|p2|Cinderace, F|
|poke|p2|Tyranitar, F|
|teampreview
|c|☆bettergreen|Glhf
|inactive|Battle timer is ON: inactive players will automatically lose when time's up. (requested by PrimeXStriker)
|
|t:|1760363590
|teamsize|p1|6
|teamsize|p2|6
|start
|switch|p1a: Ogerpon|Ogerpon-Wellspring, F|100/100
|switch|p2a: Iron Jugulis|Iron Jugulis|100/100
|turn|1
|
|t:|1760363597
|move|p2a: Iron Jugulis|Air Slash|p1a: Ogerpon
|-supereffective|p1a: Ogerpon
|-damage|p1a: Ogerpon|18/100
|move|p1a: Ogerpon|U-turn|p2a: Iron Jugulis
|-damage|p2a: Iron Jugulis|69/100
|
|t:|1760363602
|switch|p1a: Hoopa|Hoopa-Unbound|100/100|[from] U-turn
|
|upkeep
|turn|2
|
|t:|1760363614
|-end|p2a: Iron Jugulis|Quark Drive|[silent]
|switch|p2a: Primarina|Primarina, M|100/100
|move|p1a: Hoopa|Substitute|p1a: Hoopa
|-start|p1a: Hoopa|Substitute
|-damage|p1a: Hoopa|76/100
|
|-heal|p1a: Hoopa|82/100|[from] item: Leftovers
|upkeep
|turn|3
|
|t:|1760363622
|move|p1a: Hoopa|Knock Off|p2a: Primarina
|-resisted|p2a: Primarina
|-damage|p2a: Primarina|76/100
|-enditem|p2a: Primarina|Leftovers|[from] move: Knock Off|[of] p1a: Hoopa
|move|p2a: Primarina|Draining Kiss|p1a: Hoopa
|-supereffective|p1a: Hoopa
|-end|p1a: Hoopa|Substitute
|-heal|p2a: Primarina|91/100|[from] drain|[of] p1a: Hoopa
|
|-heal|p1a: Hoopa|88/100|[from] item: Leftovers
|upkeep
|turn|4
|
|t:|1760363641
|move|p1a: Hoopa|Psychic Noise|p2a: Primarina
|-damage|p2a: Primarina|59/100
|-start|p2a: Primarina|move: Heal Block
|cant|p2a: Primarina|move: Heal Block|Draining Kiss
|
|-heal|p1a: Hoopa|94/100|[from] item: Leftovers
|upkeep
|turn|5
|
|t:|1760363650
|switch|p1a: Ogerpon|Ogerpon-Wellspring, F|18/100
|switch|p2a: Tyranitar|Tyranitar, F|100/100
|-weather|Sandstorm|[from] ability: Sand Stream|[of] p2a: Tyranitar
|
|-weather|Sandstorm|[upkeep]
|-damage|p1a: Ogerpon|12/100|[from] Sandstorm
|upkeep
|turn|6
|
|t:|1760363657
|switch|p2a: Rillaboom|Rillaboom, M|100/100
|-fieldstart|move: Grassy Terrain|[from] ability: Grassy Surge|[of] p2a: Rillaboom
|move|p1a: Ogerpon|U-turn|p2a: Rillaboom
|-supereffective|p2a: Rillaboom
|-damage|p2a: Rillaboom|43/100
|
|t:|1760363662
|switch|p1a: Slowking|Slowking-Galar, F|100/100|[from] U-turn
|
|-weather|Sandstorm|[upkeep]
|-damage|p2a: Rillaboom|37/100|[from] Sandstorm
|-damage|p1a: Slowking|94/100|[from] Sandstorm
|-heal|p2a: Rillaboom|43/100|[from] Grassy Terrain
|-heal|p2a: Rillaboom|49/100|[from] item: Leftovers
|-heal|p1a: Slowking|100/100|[from] Grassy Terrain
|upkeep
|turn|7
|
|t:|1760363668
|move|p2a: Rillaboom|U-turn|p1a: Slowking
|-damage|p1a: Slowking|72/100
|
|t:|1760363673
|switch|p2a: Tyranitar|Tyranitar, F|100/100|[from] U-turn
|move|p1a: Slowking|Sludge Bomb|p2a: Tyranitar
|-resisted|p2a: Tyranitar
|-damage|p2a: Tyranitar|93/100
|-status|p2a: Tyranitar|psn
|
|-weather|Sandstorm|[upkeep]
|-damage|p1a: Slowking|66/100|[from] Sandstorm
|-heal|p2a: Tyranitar|99/100 psn|[from] Grassy Terrain
|-heal|p2a: Tyranitar|100/100 psn|[from] item: Leftovers
|-heal|p1a: Slowking|72/100|[from] Grassy Terrain
|-damage|p2a: Tyranitar|88/100 psn|[from] psn
|upkeep
|turn|8
|
|t:|1760363680
|switch|p1a: Great Tusk|Great Tusk|100/100
|move|p2a: Tyranitar|Knock Off|p1a: Great Tusk
|-resisted|p1a: Great Tusk
|-damage|p1a: Great Tusk|87/100
|-enditem|p1a: Great Tusk|Heavy-Duty Boots|[from] move: Knock Off|[of] p2a: Tyranitar
|
|-weather|Sandstorm|[upkeep]
|-heal|p1a: Great Tusk|94/100|[from] Grassy Terrain
|-heal|p2a: Tyranitar|94/100 psn|[from] Grassy Terrain
|-heal|p2a: Tyranitar|100/100 psn|[from] item: Leftovers
|-damage|p2a: Tyranitar|88/100 psn|[from] psn
|upkeep
|turn|9
|
|t:|1760363699
|switch|p2a: Zapdos|Zapdos-Galar|100/100
|move|p1a: Great Tusk|Close Combat|p2a: Zapdos
|-resisted|p2a: Zapdos
|-damage|p2a: Zapdos|68/100
|-unboost|p1a: Great Tusk|def|1
|-unboost|p1a: Great Tusk|spd|1
|
|-weather|none
|-heal|p1a: Great Tusk|99/100|[from] Grassy Terrain
|upkeep
|turn|10
|
|t:|1760363708
|-end|p1a: Great Tusk|Protosynthesis|[silent]
|switch|p1a: Garganacl|Garganacl, M|100/100
|move|p2a: Zapdos|Brave Bird|p1a: Garganacl
|-resisted|p1a: Garganacl
|-damage|p1a: Garganacl|69/100
|-damage|p2a: Zapdos|55/100|[from] Recoil
|
|-heal|p1a: Garganacl|75/100|[from] Grassy Terrain
|-heal|p1a: Garganacl|82/100|[from] item: Leftovers
|-fieldend|move: Grassy Terrain
|upkeep
|turn|11
|
|t:|1760363731
|switch|p2a: Tyranitar|Tyranitar, F|88/100 psn
|-weather|Sandstorm|[from] ability: Sand Stream|[of] p2a: Tyranitar
|move|p1a: Garganacl|Stealth Rock|p2a: Tyranitar
|-sidestart|p2: PrimeXStriker|move: Stealth Rock
|
|-weather|Sandstorm|[upkeep]
|-heal|p2a: Tyranitar|94/100 psn|[from] item: Leftovers
|-heal|p1a: Garganacl|88/100|[from] item: Leftovers
|-damage|p2a: Tyranitar|82/100 psn|[from] psn
|upkeep
|turn|12
|
|t:|1760363736
|move|p2a: Tyranitar|Ice Beam|p1a: Garganacl
|-damage|p1a: Garganacl|78/100
|move|p1a: Garganacl|Salt Cure|p2a: Tyranitar
|-damage|p2a: Tyranitar|71/100 psn
|-start|p2a: Tyranitar|Salt Cure
|
|-weather|Sandstorm|[upkeep]
|-heal|p2a: Tyranitar|77/100 psn|[from] item: Leftovers
|-heal|p1a: Garganacl|85/100|[from] item: Leftovers
|-damage|p2a: Tyranitar|65/100 psn|[from] psn
|-damage|p2a: Tyranitar|52/100 psn|[from] Salt Cure
|upkeep
|turn|13
|
|t:|1760363741
|switch|p2a: Cinderace|Cinderace, F|100/100
|move|p1a: Garganacl|Protect||[still]
|-fail|p1a: Garganacl
|
|-weather|Sandstorm|[upkeep]
|-damage|p2a: Cinderace|95/100|[from] Sandstorm
|-heal|p1a: Garganacl|91/100|[from] item: Leftovers
|upkeep
|turn|14
|
|t:|1760363748
|move|p2a: Cinderace|Court Change|p2a: Cinderace
|-start|p2a: Cinderace|typechange|Normal|[from] ability: Libero
|-swapsideconditions
|-activate|p2a: Cinderace|move: Court Change
|move|p1a: Garganacl|Salt Cure|p2a: Cinderace
|-damage|p2a: Cinderace|74/100
|-start|p2a: Cinderace|Salt Cure
|
|-weather|Sandstorm|[upkeep]
|-damage|p2a: Cinderace|68/100|[from] Sandstorm
|-heal|p1a: Garganacl|97/100|[from] item: Leftovers
|-damage|p2a: Cinderace|56/100|[from] Salt Cure
|upkeep
|turn|15
|
|t:|1760363751
|move|p2a: Cinderace|U-turn|p1a: Garganacl
|-damage|p1a: Garganacl|82/100
|
|t:|1760363754
|switch|p2a: Zapdos|Zapdos-Galar|55/100|[from] U-turn
|move|p1a: Garganacl|Stealth Rock|p2a: Zapdos
|-sidestart|p2: PrimeXStriker|move: Stealth Rock
|
|-weather|none
|-heal|p1a: Garganacl|88/100|[from] item: Leftovers
|upkeep
|turn|16
|
|t:|1760363759
|move|p1a: Garganacl|Protect|p1a: Garganacl
|-singleturn|p1a: Garganacl|Protect
|move|p2a: Zapdos|Close Combat|p1a: Garganacl
|-activate|p1a: Garganacl|move: Protect
|
|-heal|p1a: Garganacl|94/100|[from] item: Leftovers
|upkeep
|turn|17
|
|t:|1760363764
|switch|p1a: Slowking|Slowking-Galar, F|100/100
|-damage|p1a: Slowking|88/100|[from] Stealth Rock
|move|p2a: Zapdos|Close Combat|p1a: Slowking
|-resisted|p1a: Slowking
|-crit|p1a: Slowking
|-damage|p1a: Slowking|54/100
|-unboost|p2a: Zapdos|def|1
|-unboost|p2a: Zapdos|spd|1
|
|upkeep
|turn|18
|
|t:|1760363769
|switch|p2a: Tyranitar|Tyranitar, F|52/100 psn
|-damage|p2a: Tyranitar|40/100 psn|[from] Stealth Rock
|-weather|Sandstorm|[from] ability: Sand Stream|[of] p2a: Tyranitar
|-prepare|p1a: Slowking|Chilly Reception|[premajor]
|move|p1a: Slowking|Chilly Reception|p1a: Slowking
|-weather|Snowscape
|
|t:|1760363771
|switch|p1a: Garganacl|Garganacl, M|94/100|[from] Chilly Reception
|-damage|p1a: Garganacl|82/100|[from] Stealth Rock
|
|-weather|Snowscape|[upkeep]
|-heal|p2a: Tyranitar|46/100 psn|[from] item: Leftovers
|-heal|p1a: Garganacl|88/100|[from] item: Leftovers
|-damage|p2a: Tyranitar|34/100 psn|[from] psn
|upkeep
|turn|19
|
|t:|1760363781
|move|p2a: Tyranitar|Low Kick|p1a: Garganacl
|-supereffective|p1a: Garganacl
|-damage|p1a: Garganacl|45/100
|move|p1a: Garganacl|Salt Cure|p2a: Tyranitar
|-damage|p2a: Tyranitar|22/100 psn
|-start|p2a: Tyranitar|Salt Cure
|
|-weather|Snowscape|[upkeep]
|-heal|p2a: Tyranitar|28/100 psn|[from] item: Leftovers
|-heal|p1a: Garganacl|51/100|[from] item: Leftovers
|-damage|p2a: Tyranitar|16/100 psn|[from] psn
|-damage|p2a: Tyranitar|4/100 psn|[from] Salt Cure
|upkeep
|turn|20
|
|t:|1760363789
|switch|p2a: Zapdos|Zapdos-Galar|55/100
|-damage|p2a: Zapdos|42/100|[from] Stealth Rock
|move|p1a: Garganacl|Recover|p1a: Garganacl
|-heal|p1a: Garganacl|100/100
|
|-weather|Snowscape|[upkeep]
|upkeep
|turn|21
|
|t:|1760363795
|move|p1a: Garganacl|Protect|p1a: Garganacl
|-singleturn|p1a: Garganacl|Protect
|move|p2a: Zapdos|Close Combat|p1a: Garganacl
|-activate|p1a: Garganacl|move: Protect
|
|-weather|Snowscape|[upkeep]
|upkeep
|turn|22
|
|t:|1760363800
|move|p2a: Zapdos|Close Combat|p1a: Garganacl
|-supereffective|p1a: Garganacl
|-damage|p1a: Garganacl|0 fnt
|-unboost|p2a: Zapdos|def|1
|-unboost|p2a: Zapdos|spd|1
|faint|p1a: Garganacl
|
|-weather|none
|upkeep
|
|t:|1760363805
|switch|p1a: Dragonite|Dragonite, M|100/100
|turn|23
|
|t:|1760363812
|switch|p2a: Primarina|Primarina, M|59/100
|-damage|p2a: Primarina|47/100|[from] Stealth Rock
|move|p1a: Dragonite|Dragon Dance|p1a: Dragonite
|-boost|p1a: Dragonite|atk|1
|-boost|p1a: Dragonite|spe|1
|
|upkeep
|turn|24
|
|t:|1760363821
|-terastallize|p1a: Dragonite|Normal
|move|p1a: Dragonite|Extreme Speed|p2a: Primarina
|-damage|p2a: Primarina|0 fnt
|faint|p2a: Primarina
|
|upkeep
|
|t:|1760363839
|switch|p2a: Zapdos|Zapdos-Galar|42/100
|-damage|p2a: Zapdos|30/100|[from] Stealth Rock
|turn|25
|
|t:|1760363841
|move|p1a: Dragonite|Extreme Speed|p2a: Zapdos
|-damage|p2a: Zapdos|0 fnt
|faint|p2a: Zapdos
|
|upkeep
|
|t:|1760363844
|switch|p2a: Cinderace|Cinderace, F|56/100
|turn|26
|
|t:|1760363847
|move|p1a: Dragonite|Extreme Speed|p2a: Cinderace
|-damage|p2a: Cinderace|0 fnt
|faint|p2a: Cinderace
|
|upkeep
|-message|PrimeXStriker forfeited.
|
|win|bettergreen
|raw|bettergreen's rating: 1469 &rarr; <strong>1490</strong><br />(+21 for winning)
|raw|PrimeXStriker's rating: 1492 &rarr; <strong>1471</strong><br />(-21 for losing)
|l|☆PrimeXStriker
|player|p2|
|c|☆bettergreen|Gg
|l|☆bettergreen
|player|p1|
