|j|☆clodsirebiggestfan
|j|☆mansonabuluting
|t:|1760368610
|gametype|singles
|player|p1|clodsirebiggestfan|miku-ghost|1739
|player|p2|mansonabuluting|bellelba|1648
|gen|9
|tier|[Gen 9] OU
|rated|
|rule|HP Percentage Mod: HP is shown in percentages
|rule|Endless Battle Clause: Forcing endless battles is banned
|rule|Species Clause: Limit one of each Pokémon
|rule|OHKO Clause: OHKO moves are banned
|rule|Evasion Items Clause: Evasion items are banned
|rule|Evasion Moves Clause: Evasion moves are banned
|rule|Evasion Abilities Clause: Evasion abilities are banned
|rule|Sleep Moves Clause: Sleep-inducing moves are banned
|clearpoke
|poke|p1|Kingambit, M|
|poke|p1|Clodsire, M|
|poke|p1|Zamazenta-*|
|poke|p1|Weezing-Galar, F|
|poke|p1|Ogerpon, F|
|poke|p1|Raging Bolt|
|poke|p2|Rillaboom, F|
|poke|p2|Hawlucha, M|
|poke|p2|Thundurus-Therian, M|
|poke|p2|Great Tusk|
|poke|p2|Volcanion|
|poke|p2|Goodra-Hisui, M|
|teampreview
|inactive|Battle timer is ON: inactive players will automatically lose when time's up. (requested by mansonabuluting)
|
|t:|1760368620
|teamsize|p1|6
|teamsize|p2|6
|start
|switch|p1a: Ogerpon|Ogerpon, F|100/100
|switch|p2a: Volcanion|Volcanion|100/100
|turn|1
|
|t:|1760368624
|move|p1a: Ogerpon|U-turn|p2a: Volcanion
|-resisted|p2a: Volcanion
|-damage|p2a: Volcanion|87/100
|
|t:|1760368626
|switch|p1a: Raging Bolt|Raging Bolt|100/100|[from] U-turn
|move|p2a: Volcanion|Overheat|p1a: Raging Bolt
|-resisted|p1a: Raging Bolt
|-damage|p1a: Raging Bolt|56/100
|-unboost|p2a: Volcanion|spa|2
|
|-heal|p1a: Raging Bolt|62/100|[from] item: Leftovers
|upkeep
|turn|2
|
|t:|1760368635
|switch|p2a: Goodra|Goodra-Hisui, M|100/100
|move|p1a: Raging Bolt|Calm Mind|p1a: Raging Bolt
|-boost|p1a: Raging Bolt|spa|1
|-boost|p1a: Raging Bolt|spd|1
|
|-heal|p1a: Raging Bolt|68/100|[from] item: Leftovers
|upkeep
|turn|3
|
|t:|1760368643
|move|p1a: Raging Bolt|Dragon Pulse|p2a: Goodra
|-damage|p2a: Goodra|75/100
|move|p2a: Goodra|Draco Meteor|p1a: Raging Bolt
|-supereffective|p1a: Raging Bolt
|-damage|p1a: Raging Bolt|0 fnt
|-unboost|p2a: Goodra|spa|2
|faint|p1a: Raging Bolt
|-end|p1a: Raging Bolt|Protosynthesis|[silent]
|
|upkeep
|c|☆clodsirebiggestfan|oh wow ur team hurts mine
|
|t:|1760368658
|switch|p1a: Clodsire|Clodsire, M|100/100
|turn|4
|c|☆mansonabuluting|i was just thinking the same
|
|t:|1760368666
|switch|p2a: Rillaboom|Rillaboom, F|100/100
|-fieldstart|move: Grassy Terrain|[from] ability: Grassy Surge|[of] p2a: Rillaboom
|move|p1a: Clodsire|Stealth Rock|p2a: Rillaboom
|-sidestart|p2: mansonabuluting|move: Stealth Rock
|
|upkeep
|turn|5
|
|t:|1760368671
|move|p2a: Rillaboom|Wood Hammer|p1a: Clodsire
|-damage|p1a: Clodsire|0 fnt
|faint|p1a: Clodsire
|-damage|p2a: Rillaboom|63/100|[from] Recoil
|
|-heal|p2a: Rillaboom|69/100|[from] Grassy Terrain
|upkeep
|c|☆clodsirebiggestfan|trying to think how i can mickey mouse my way out of thi
|c|☆clodsirebiggestfan|s
|
|t:|1760368690
|switch|p1a: Zamazenta|Zamazenta|100/100
|-ability|p1a: Zamazenta|Dauntless Shield|boost
|-boost|p1a: Zamazenta|def|1
|turn|6
|
|t:|1760368698
|switch|p2a: Volcanion|Volcanion|87/100
|-damage|p2a: Volcanion|62/100|[from] Stealth Rock
|move|p1a: Zamazenta|Body Press|p2a: Volcanion
|-damage|p2a: Volcanion|22/100
|
|-heal|p2a: Volcanion|28/100|[from] Grassy Terrain
|upkeep
|turn|7
|
|t:|1760368702
|move|p1a: Zamazenta|Body Press|p2a: Volcanion
|-damage|p2a: Volcanion|0 fnt
|faint|p2a: Volcanion
|
|upkeep
|
|t:|1760368704
|switch|p2a: Thundurus|Thundurus-Therian, M|100/100
|-damage|p2a: Thundurus|76/100|[from] Stealth Rock
|turn|8
|
|t:|1760368708
|-terastallize|p2a: Thundurus|Flying
|move|p2a: Thundurus|Tera Blast|p1a: Zamazenta|[anim] Tera Blast Flying
|-supereffective|p1a: Zamazenta
|-damage|p1a: Zamazenta|0 fnt
|faint|p1a: Zamazenta
|
|-fieldend|move: Grassy Terrain
|upkeep
|c|☆clodsirebiggestfan|i tried to roar to predict nasty. plot
|
|t:|1760368722
|switch|p1a: Ogerpon|Ogerpon, F|100/100
|turn|9
|
|t:|1760368726
|-terastallize|p1a: Ogerpon|Grass
|detailschange|p1a: Ogerpon|Ogerpon-Teal-Tera, F, tera:Grass
|-ability|p1a: Ogerpon|Embody Aspect (Teal)|boost
|-boost|p1a: Ogerpon|spe|1
|move|p1a: Ogerpon|Ivy Cudgel|p2a: Thundurus
|-resisted|p2a: Thundurus
|-damage|p2a: Thundurus|3/100
|move|p2a: Thundurus|Tera Blast|p1a: Ogerpon|[anim] Tera Blast Flying
|-supereffective|p1a: Ogerpon
|-damage|p1a: Ogerpon|0 fnt
|faint|p1a: Ogerpon
|detailschange|p1: Ogerpon|Ogerpon, F|[silent]
|
|upkeep
|c|☆clodsirebiggestfan|gg
|-message|clodsirebiggestfan forfeited.
|
|win|mansonabuluting
|raw|clodsirebiggestfan's rating: 1739 &rarr; <strong>1714</strong><br />(-25 for losing)
|raw|mansonabuluting's rating: 1648 &rarr; <strong>1673</strong><br />(+25 for winning)
|l|☆mansonabuluting
|player|p2|
|l|☆clodsirebiggestfan
|player|p1|
