|j|☆8daniel8
|j|☆Guerrero105
|t:|1760454547
|gametype|singles
|player|p1|8daniel8|koga|1360
|player|p2|Guerrero105|lucas-gen4pt|1305
|gen|9
|tier|[Gen 9] OU
|rated|
|rule|HP Percentage Mod: HP is shown in percentages
|rule|Endless Battle Clause: Forcing endless battles is banned
|rule|Species Clause: Limit one of each Pokémon
|rule|OHKO Clause: OHKO moves are banned
|rule|Evasion Items Clause: Evasion items are banned
|rule|Evasion Moves Clause: Evasion moves are banned
|rule|Evasion Abilities Clause: Evasion abilities are banned
|rule|Sleep Moves Clause: Sleep-inducing moves are banned
|clearpoke
|poke|p1|Rhyperior, M|
|poke|p1|Corviknight, M|
|poke|p1|Primarina, M|
|poke|p1|Dragapult, M|
|poke|p1|Okidogi, M|
|poke|p1|Reuniclus, F|
|poke|p2|Garchomp, M|
|poke|p2|Corviknight, M|
|poke|p2|Clefable, F|
|poke|p2|Galvantula, M|
|poke|p2|Incineroar, M|
|poke|p2|Serperior, M|
|teampreview
|inactive|Battle timer is ON: inactive players will automatically lose when time's up. (requested by Guerrero105)
|inactive|Guerrero105 has 120 seconds left.
|
|t:|1760454580
|teamsize|p1|6
|teamsize|p2|6
|start
|switch|p1a: Dragapult|Dragapult, M|100/100
|switch|p2a: Serperior|Serperior, M|100/100
|turn|1
|
|t:|1760454589
|switch|p2a: Incineroar|Incineroar, M|100/100
|-ability|p2a: Incineroar|Intimidate|boost
|-fail|p1a: Dragapult|unboost|[from] ability: Clear Body|[of] p1a: Dragapult
|move|p1a: Dragapult|Dragon Dance|p1a: Dragapult
|-boost|p1a: Dragapult|atk|1
|-boost|p1a: Dragapult|spe|1
|
|upkeep
|turn|2
|
|t:|1760454597
|move|p1a: Dragapult|Dragon Darts|p2a: Incineroar
|-damage|p2a: Incineroar|59/100
|-anim|p1a: Dragapult|Dragon Darts|p2a: Incineroar
|-damage|p2a: Incineroar|10/100
|-damage|p1a: Dragapult|91/100|[from] item: Life Orb
|move|p2a: Incineroar|Knock Off|p1a: Dragapult
|-supereffective|p1a: Dragapult
|-damage|p1a: Dragapult|0 fnt
|-enditem|p1a: Dragapult|Life Orb|[from] move: Knock Off|[of] p2a: Incineroar
|faint|p1a: Dragapult
|
|-heal|p2a: Incineroar|16/100|[from] item: Leftovers
|upkeep
|
|t:|1760454610
|switch|p1a: Okidogi|Okidogi, M|100/100
|turn|3
|inactive|Guerrero105 has 120 seconds left.
|
|t:|1760454646
|switch|p2a: Corviknight|Corviknight, M|100/100
|-ability|p2a: Corviknight|Pressure
|move|p1a: Okidogi|Poison Jab|p2a: Corviknight
|-immune|p2a: Corviknight
|
|upkeep
|turn|4
|inactive|Guerrero105 has 120 seconds left.
|
|t:|1760454656
|move|p1a: Okidogi|Bulk Up|p1a: Okidogi
|-boost|p1a: Okidogi|atk|1
|-boost|p1a: Okidogi|def|1
|move|p2a: Corviknight|Iron Defense|p2a: Corviknight
|-boost|p2a: Corviknight|def|2
|
|upkeep
|turn|5
|inactive|Guerrero105 has 120 seconds left.
|
|t:|1760454671
|switch|p2a: Clefable|Clefable, F|100/100
|move|p1a: Okidogi|Bulk Up|p1a: Okidogi
|-boost|p1a: Okidogi|atk|1
|-boost|p1a: Okidogi|def|1
|
|upkeep
|turn|6
|
|t:|1760454678
|-terastallize|p2a: Clefable|Steel
|move|p1a: Okidogi|Poison Jab|p2a: Clefable
|-immune|p2a: Clefable
|move|p2a: Clefable|Thunder Wave|p1a: Okidogi
|-status|p1a: Okidogi|par
|
|upkeep
|turn|7
|
|t:|1760454690
|move|p2a: Clefable|Stealth Rock|p1a: Okidogi
|-sidestart|p1: 8daniel8|move: Stealth Rock
|move|p1a: Okidogi|Drain Punch|p2a: Clefable
|-supereffective|p2a: Clefable
|-damage|p2a: Clefable|22/100
|
|-heal|p2a: Clefable|28/100|[from] item: Leftovers
|upkeep
|turn|8
|
|t:|1760454698
|move|p2a: Clefable|Moonblast|p1a: Okidogi
|-damage|p1a: Okidogi|63/100 par
|move|p1a: Okidogi|Drain Punch|p2a: Clefable
|-supereffective|p2a: Clefable
|-damage|p2a: Clefable|0 fnt
|-heal|p1a: Okidogi|77/100 par|[from] drain|[of] p2a: Clefable
|faint|p2a: Clefable
|
|-heal|p1a: Okidogi|84/100 par|[from] item: Leftovers
|upkeep
|
|t:|1760454706
|switch|p2a: Galvantula|Galvantula, M|100/100
|turn|9
|
|t:|1760454712
|move|p2a: Galvantula|Thunder|p1a: Okidogi
|-damage|p1a: Okidogi|32/100 par
|move|p1a: Okidogi|Poison Jab|p2a: Galvantula
|-enditem|p2a: Galvantula|Focus Sash
|-damage|p2a: Galvantula|1/100
|
|-heal|p1a: Okidogi|39/100 par|[from] item: Leftovers
|upkeep
|turn|10
|
|t:|1760454722
|move|p2a: Galvantula|Thunder|p1a: Okidogi
|-damage|p1a: Okidogi|0 fnt
|faint|p1a: Okidogi
|
|upkeep
|
|t:|1760454736
|switch|p1a: Reuniclus|Reuniclus, F|100/100
|-damage|p1a: Reuniclus|88/100|[from] Stealth Rock
|turn|11
|
|t:|1760454749
|move|p2a: Galvantula|Light Screen|p2a: Galvantula
|-sidestart|p2: Guerrero105|move: Light Screen
|move|p1a: Reuniclus|Psychic|p2a: Galvantula
|-damage|p2a: Galvantula|0 fnt
|faint|p2a: Galvantula
|
|upkeep
|
|t:|1760454755
|switch|p2a: Serperior|Serperior, M|100/100
|turn|12
|
|t:|1760454761
|move|p2a: Serperior|Leaf Storm|p1a: Reuniclus
|-damage|p1a: Reuniclus|57/100
|-boost|p2a: Serperior|spa|2
|move|p1a: Reuniclus|Psychic|p2a: Serperior
|-damage|p2a: Serperior|72/100
|
|upkeep
|turn|13
|
|t:|1760454774
|move|p2a: Serperior|Leaf Storm|p1a: Reuniclus
|-damage|p1a: Reuniclus|3/100
|-boost|p2a: Serperior|spa|2
|move|p1a: Reuniclus|Psychic|p2a: Serperior
|-crit|p2a: Serperior
|-damage|p2a: Serperior|0 fnt
|faint|p2a: Serperior
|
|upkeep
|
|t:|1760454793
|switch|p2a: Garchomp|Garchomp, M|100/100
|turn|14
|inactive|8daniel8 has 120 seconds left.
|
|t:|1760454831
|move|p2a: Garchomp|Swords Dance|p2a: Garchomp
|-boost|p2a: Garchomp|atk|2
|move|p1a: Reuniclus|Psychic|p2a: Garchomp
|-damage|p2a: Garchomp|75/100
|
|upkeep
|turn|15
|inactive|8daniel8 has 120 seconds left.
|
|t:|1760454838
|move|p2a: Garchomp|Swords Dance|p2a: Garchomp
|-boost|p2a: Garchomp|atk|2
|move|p1a: Reuniclus|Psychic|p2a: Garchomp
|-damage|p2a: Garchomp|45/100
|
|-sideend|p2: Guerrero105|move: Light Screen
|upkeep
|turn|16
|
|t:|1760454846
|move|p2a: Garchomp|Earthquake|p1a: Reuniclus
|-damage|p1a: Reuniclus|0 fnt
|faint|p1a: Reuniclus
|
|upkeep
|
|t:|1760454854
|switch|p1a: Corviknight|Corviknight, M|100/100
|-damage|p1a: Corviknight|88/100|[from] Stealth Rock
|-ability|p1a: Corviknight|Pressure
|turn|17
|
|t:|1760454865
|move|p2a: Garchomp|Liquidation|p1a: Corviknight
|-damage|p1a: Corviknight|38/100
|-damage|p2a: Garchomp|29/100|[from] item: Rocky Helmet|[of] p1a: Corviknight
|move|p1a: Corviknight|Iron Head|p2a: Garchomp
|-damage|p2a: Garchomp|2/100
|-damage|p1a: Corviknight|25/100|[from] ability: Rough Skin|[of] p2a: Garchomp
|
|upkeep
|turn|18
|
|t:|1760454874
|move|p2a: Garchomp|Scale Shot|p1a: Corviknight
|-resisted|p1a: Corviknight
|-damage|p1a: Corviknight|14/100
|-resisted|p1a: Corviknight
|-damage|p1a: Corviknight|3/100
|-resisted|p1a: Corviknight
|-damage|p1a: Corviknight|0 fnt
|faint|p1a: Corviknight
|-hitcount|p1: Corviknight|3
|-unboost|p2a: Garchomp|def|1
|-boost|p2a: Garchomp|spe|1
|
|upkeep
|
|t:|1760454885
|switch|p1a: Rhyperior|Rhyperior, M|100/100
|-damage|p1a: Rhyperior|94/100|[from] Stealth Rock
|turn|19
|
|t:|1760454889
|-terastallize|p1a: Rhyperior|Flying
|move|p2a: Garchomp|Earthquake|p1a: Rhyperior
|-immune|p1a: Rhyperior
|move|p1a: Rhyperior|Earthquake|p2a: Garchomp
|-damage|p2a: Garchomp|0 fnt
|faint|p2a: Garchomp
|-damage|p1a: Rhyperior|84/100|[from] item: Life Orb
|
|upkeep
|
|t:|1760454896
|switch|p2a: Incineroar|Incineroar, M|16/100
|-ability|p2a: Incineroar|Intimidate|boost
|-unboost|p1a: Rhyperior|atk|1
|turn|20
|
|t:|1760454903
|switch|p2a: Corviknight|Corviknight, M|100/100
|-ability|p2a: Corviknight|Pressure
|move|p1a: Rhyperior|Earthquake|p2a: Corviknight
|-immune|p2a: Corviknight
|
|upkeep
|turn|21
|
|t:|1760454911
|move|p2a: Corviknight|Iron Defense|p2a: Corviknight
|-boost|p2a: Corviknight|def|2
|move|p1a: Rhyperior|Heat Crash|p2a: Corviknight
|-supereffective|p2a: Corviknight
|-damage|p2a: Corviknight|81/100
|-damage|p1a: Rhyperior|68/100|[from] item: Rocky Helmet|[of] p2a: Corviknight
|-damage|p1a: Rhyperior|58/100|[from] item: Life Orb
|
|upkeep
|turn|22
|
|t:|1760454920
|move|p2a: Corviknight|Iron Defense|p2a: Corviknight
|-boost|p2a: Corviknight|def|2
|move|p1a: Rhyperior|Stone Edge|p2a: Corviknight
|-damage|p2a: Corviknight|70/100
|-damage|p1a: Rhyperior|48/100|[from] item: Life Orb
|
|upkeep
|turn|23
|
|t:|1760454928
|move|p2a: Corviknight|Roost|p2a: Corviknight
|-heal|p2a: Corviknight|100/100
|-singleturn|p2a: Corviknight|move: Roost
|move|p1a: Rhyperior|Stone Edge|p2a: Corviknight
|-resisted|p2a: Corviknight
|-damage|p2a: Corviknight|94/100
|-damage|p1a: Rhyperior|38/100|[from] item: Life Orb
|
|upkeep
|turn|24
|
|t:|1760454938
|move|p2a: Corviknight|Iron Defense|p2a: Corviknight
|-boost|p2a: Corviknight|def|2
|move|p1a: Rhyperior|Stone Edge|p2a: Corviknight|[miss]
|-miss|p1a: Rhyperior|p2a: Corviknight
|
|upkeep
|turn|25
|
|t:|1760454948
|move|p2a: Corviknight|Body Press|p1a: Rhyperior
|-resisted|p1a: Rhyperior
|-damage|p1a: Rhyperior|3/100
|move|p1a: Rhyperior|Stone Edge|p2a: Corviknight|[miss]
|-miss|p1a: Rhyperior|p2a: Corviknight
|
|upkeep
|turn|26
|
|t:|1760454957
|move|p2a: Corviknight|Body Press|p1a: Rhyperior
|-resisted|p1a: Rhyperior
|-damage|p1a: Rhyperior|0 fnt
|faint|p1a: Rhyperior
|
|upkeep
|
|t:|1760454962
|switch|p1a: Primarina|Primarina, M|100/100
|-damage|p1a: Primarina|88/100|[from] Stealth Rock
|turn|27
|
|t:|1760454966
|move|p2a: Corviknight|Body Press|p1a: Primarina
|-resisted|p1a: Primarina
|-damage|p1a: Primarina|24/100
|move|p1a: Primarina|Calm Mind|p1a: Primarina
|-boost|p1a: Primarina|spa|1
|-boost|p1a: Primarina|spd|1
|
|-heal|p1a: Primarina|30/100|[from] item: Leftovers
|upkeep
|turn|28
|-message|8daniel8 forfeited.
|
|win|Guerrero105
|raw|8daniel8's rating: 1360 &rarr; <strong>1337</strong><br />(-23 for losing)
|raw|Guerrero105's rating: 1305 &rarr; <strong>1328</strong><br />(+23 for winning)
|l|☆8daniel8
|player|p1|
|l|☆Guerrero105
|player|p2|
