|j|☆blockayethe1st
|j|☆KV959vv
|t:|1760407973
|gametype|singles
|player|p1|blockayethe1st|silver|1509
|player|p2|KV959vv|wallace|1564
|gen|9
|tier|[Gen 9] OU
|rated|
|rule|HP Percentage Mod: HP is shown in percentages
|rule|Endless Battle Clause: Forcing endless battles is banned
|rule|Species Clause: Limit one of each Pokémon
|rule|OHKO Clause: OHKO moves are banned
|rule|Evasion Items Clause: Evasion items are banned
|rule|Evasion Moves Clause: Evasion moves are banned
|rule|Evasion Abilities Clause: Evasion abilities are banned
|rule|Sleep Moves Clause: Sleep-inducing moves are banned
|clearpoke
|poke|p1|Araquanid, M|
|poke|p1|Alomomola, M|
|poke|p1|Malamar, M|
|poke|p1|Cinderace, F|
|poke|p1|Iron Valiant|
|poke|p1|Darkrai|
|poke|p2|Primarina, F|
|poke|p2|Great Tusk|
|poke|p2|Kingambit, M|
|poke|p2|Slowking-Galar, M|
|poke|p2|Ogerpon, F|
|poke|p2|Enamorus, F|
|teampreview
|inactive|Battle timer is ON: inactive players will automatically lose when time's up. (requested by blockayethe1st)
|
|t:|1760407982
|teamsize|p1|6
|teamsize|p2|6
|start
|switch|p1a: Cinderace|Cinderace, F|100/100
|switch|p2a: Ogerpon|Ogerpon, F|100/100
|turn|1
|
|t:|1760407994
|switch|p2a: Slowking|Slowking-Galar, M, shiny|100/100
|move|p1a: Cinderace|U-turn|p2a: Slowking
|-start|p1a: Cinderace|typechange|Bug|[from] ability: Libero
|-damage|p2a: Slowking|75/100
|
|t:|1760408007
|switch|p1a: Malamar|Malamar, M|100/100|[from] U-turn
|
|upkeep
|turn|2
|
|t:|1760408034
|switch|p2a: Ogerpon|Ogerpon, F|100/100
|move|p1a: Malamar|Knock Off|p2a: Ogerpon
|-damage|p2a: Ogerpon|49/100
|-enditem|p2a: Ogerpon|Choice Band|[from] move: Knock Off|[of] p1a: Malamar
|
|upkeep
|turn|3
|
|t:|1760408044
|switch|p1a: Alomomola|Alomomola, M|100/100
|move|p2a: Ogerpon|U-turn|p1a: Alomomola
|-damage|p1a: Alomomola|88/100
|-damage|p2a: Ogerpon|33/100|[from] item: Rocky Helmet|[of] p1a: Alomomola
|inactive|KV959vv has 120 seconds left.
|
|t:|1760408065
|switch|p2a: Primarina|Primarina, F, shiny|100/100|[from] U-turn
|
|upkeep
|turn|4
|inactive|blockayethe1st has 120 seconds left.
|
|t:|1760408114
|move|p2a: Primarina|Psychic Noise|p1a: Alomomola
|-resisted|p1a: Alomomola
|-damage|p1a: Alomomola|63/100
|-start|p1a: Alomomola|move: Heal Block
|move|p1a: Alomomola|Flip Turn|p2a: Primarina
|-resisted|p2a: Primarina
|-damage|p2a: Primarina|90/100
|
|t:|1760408120
|switch|p1a: Cinderace|Cinderace, F|100/100|[from] Flip Turn
|
|-heal|p2a: Primarina|96/100|[from] item: Leftovers
|upkeep
|turn|5
|
|t:|1760408136
|switch|p2a: Slowking|Slowking-Galar, M, shiny|100/100
|move|p1a: Cinderace|U-turn|p2a: Slowking
|-start|p1a: Cinderace|typechange|Bug|[from] ability: Libero
|-damage|p2a: Slowking|77/100
|
|t:|1760408141
|switch|p1a: Malamar|Malamar, M|100/100|[from] U-turn
|
|upkeep
|turn|6
|inactive|blockayethe1st has 120 seconds left.
|inactive|KV959vv has 120 seconds left.
|
|t:|1760408176
|switch|p2a: Primarina|Primarina, F, shiny|96/100
|move|p1a: Malamar|Knock Off|p2a: Primarina
|-resisted|p2a: Primarina
|-damage|p2a: Primarina|66/100
|-enditem|p2a: Primarina|Leftovers|[from] move: Knock Off|[of] p1a: Malamar
|
|upkeep
|turn|7
|
|t:|1760408184
|switch|p1a: Araquanid|Araquanid, M|100/100
|move|p2a: Primarina|Substitute|p2a: Primarina
|-start|p2a: Primarina|Substitute
|-damage|p2a: Primarina|41/100
|
|upkeep
|turn|8
|inactive|KV959vv has 120 seconds left.
|
|t:|1760408193
|move|p2a: Primarina|Moonblast|p1a: Araquanid
|-damage|p1a: Araquanid|69/100
|move|p1a: Araquanid|Hydro Pump|p2a: Primarina
|-resisted|p2a: Primarina
|-activate|p2a: Primarina|move: Substitute|[damage]
|
|upkeep
|turn|9
|
|t:|1760408201
|move|p2a: Primarina|Moonblast|p1a: Araquanid
|-damage|p1a: Araquanid|38/100
|move|p1a: Araquanid|Sticky Web|p2a: Primarina
|-sidestart|p2: KV959vv|move: Sticky Web
|
|upkeep
|turn|10
|
|t:|1760408206
|move|p2a: Primarina|Moonblast|p1a: Araquanid
|-damage|p1a: Araquanid|6/100
|move|p1a: Araquanid|Leech Life|p2a: Primarina
|-resisted|p2a: Primarina
|-end|p2a: Primarina|Substitute
|-heal|p1a: Araquanid|8/100|[from] drain|[of] p2a: Primarina
|
|upkeep
|turn|11
|-enditem|p1a: Araquanid|Custap Berry|[eat]
|-activate|p1a: Araquanid|item: Custap Berry|[consumed]
|
|t:|1760408221
|move|p1a: Araquanid|Hydro Pump|p2a: Primarina
|-resisted|p2a: Primarina
|-damage|p2a: Primarina|20/100
|move|p2a: Primarina|Moonblast|p1a: Araquanid
|-damage|p1a: Araquanid|0 fnt
|faint|p1a: Araquanid
|
|upkeep
|
|t:|1760408237
|switch|p1a: Darkrai|Darkrai|100/100
|turn|12
|
|t:|1760408251
|move|p1a: Darkrai|Sludge Bomb|p2a: Primarina
|-supereffective|p2a: Primarina
|-damage|p2a: Primarina|0 fnt
|faint|p2a: Primarina
|-damage|p1a: Darkrai|91/100|[from] item: Life Orb
|
|upkeep
|
|t:|1760408259
|switch|p2a: Enamorus|Enamorus, F|100/100
|turn|13
|
|t:|1760408267
|-terastallize|p2a: Enamorus|Ground
|move|p2a: Enamorus|Earth Power|p1a: Darkrai
|-damage|p1a: Darkrai|22/100
|move|p1a: Darkrai|Sludge Bomb|p2a: Enamorus
|-resisted|p2a: Enamorus
|-damage|p2a: Enamorus|69/100
|-damage|p1a: Darkrai|13/100|[from] item: Life Orb
|
|upkeep
|turn|14
|
|t:|1760408275
|move|p2a: Enamorus|Earth Power|p1a: Darkrai
|-damage|p1a: Darkrai|0 fnt
|faint|p1a: Darkrai
|
|upkeep
|
|t:|1760408281
|switch|p1a: Alomomola|Alomomola, M|96/100
|turn|15
|
|t:|1760408290
|switch|p2a: Slowking|Slowking-Galar, M, shiny|100/100
|-activate|p2a: Slowking|move: Sticky Web
|-unboost|p2a: Slowking|spe|1
|move|p1a: Alomomola|Flip Turn|p2a: Slowking
|-damage|p2a: Slowking|91/100
|
|t:|1760408298
|switch|p1a: Malamar|Malamar, M|100/100|[from] Flip Turn
|
|upkeep
|turn|16
|inactive|KV959vv has 120 seconds left.
|
|t:|1760408340
|move|p1a: Malamar|Superpower|p2a: Slowking
|-resisted|p2a: Slowking
|-damage|p2a: Slowking|84/100
|-boost|p1a: Malamar|atk|1
|-boost|p1a: Malamar|def|1
|move|p2a: Slowking|Sludge Bomb|p1a: Malamar
|-damage|p1a: Malamar|69/100
|-status|p1a: Malamar|psn
|
|-damage|p1a: Malamar|56/100 psn|[from] psn
|upkeep
|turn|17
|
|t:|1760408350
|move|p1a: Malamar|Knock Off|p2a: Slowking
|-supereffective|p2a: Slowking
|-damage|p2a: Slowking|0 fnt
|-enditem|p2a: Slowking|Assault Vest|[from] move: Knock Off|[of] p1a: Malamar
|faint|p2a: Slowking
|
|-damage|p1a: Malamar|44/100 psn|[from] psn
|upkeep
|
|t:|1760408358
|switch|p2a: Ogerpon|Ogerpon, F|33/100
|-activate|p2a: Ogerpon|move: Sticky Web
|-unboost|p2a: Ogerpon|spe|1
|-ability|p2a: Ogerpon|Defiant|boost
|-boost|p2a: Ogerpon|atk|2
|turn|18
|
|t:|1760408368
|move|p1a: Malamar|Superpower|p2a: Ogerpon
|-damage|p2a: Ogerpon|0 fnt
|-boost|p1a: Malamar|atk|1
|-boost|p1a: Malamar|def|1
|faint|p2a: Ogerpon
|
|-damage|p1a: Malamar|31/100 psn|[from] psn
|upkeep
|
|t:|1760408387
|switch|p2a: Kingambit|Kingambit, M, shiny|100/100
|-activate|p2a: Kingambit|move: Sticky Web
|-unboost|p2a: Kingambit|spe|1
|-activate|p2a: Kingambit|ability: Supreme Overlord
|-start|p2a: Kingambit|fallen3|[silent]
|turn|19
|
|t:|1760408395
|move|p2a: Kingambit|Sucker Punch|p1a: Malamar
|-damage|p1a: Malamar|0 fnt
|faint|p1a: Malamar
|
|upkeep
|
|t:|1760408400
|switch|p1a: Iron Valiant|Iron Valiant|100/100
|-enditem|p1a: Iron Valiant|Booster Energy
|-activate|p1a: Iron Valiant|ability: Quark Drive|[fromitem]
|-start|p1a: Iron Valiant|quarkdrivespa
|turn|20
|inactive|blockayethe1st has 120 seconds left.
|
|t:|1760408440
|-end|p2a: Kingambit|fallen3|[silent]
|switch|p2a: Great Tusk|Great Tusk|100/100
|-activate|p2a: Great Tusk|move: Sticky Web
|-unboost|p2a: Great Tusk|spe|1
|move|p1a: Iron Valiant|Vacuum Wave|p2a: Great Tusk
|-crit|p2a: Great Tusk
|-damage|p2a: Great Tusk|41/100
|
|upkeep
|turn|21
|
|t:|1760408446
|move|p1a: Iron Valiant|Moonblast|p2a: Great Tusk
|-supereffective|p2a: Great Tusk
|-damage|p2a: Great Tusk|0 fnt
|faint|p2a: Great Tusk
|-end|p2a: Great Tusk|Protosynthesis|[silent]
|
|upkeep
|
|t:|1760408452
|switch|p2a: Enamorus|Enamorus, F, tera:Ground|69/100
|-activate|p2a: Enamorus|move: Sticky Web
|-boost|p2a: Enamorus|spe|1
|turn|22
|inactive|blockayethe1st has 120 seconds left.
|
|t:|1760408487
|-terastallize|p1a: Iron Valiant|Fighting
|move|p1a: Iron Valiant|Vacuum Wave|p2a: Enamorus
|-damage|p2a: Enamorus|17/100
|move|p2a: Enamorus|Moonblast|p1a: Iron Valiant
|-supereffective|p1a: Iron Valiant
|-damage|p1a: Iron Valiant|0 fnt
|faint|p1a: Iron Valiant
|-end|p1a: Iron Valiant|Quark Drive|[silent]
|
|upkeep
|
|t:|1760408491
|switch|p1a: Cinderace|Cinderace, F|100/100
|turn|23
|inactive|KV959vv has 90 seconds left.
|
|t:|1760408521
|move|p2a: Enamorus|Moonblast|p1a: Cinderace
|-resisted|p1a: Cinderace
|-damage|p1a: Cinderace|58/100
|move|p1a: Cinderace|U-turn|p2a: Enamorus
|-start|p1a: Cinderace|typechange|Bug|[from] ability: Libero
|-damage|p2a: Enamorus|0 fnt
|faint|p2a: Enamorus
|
|t:|1760408530
|switch|p1a: Alomomola|Alomomola, M|100/100|[from] U-turn
|
|upkeep
|
|t:|1760408533
|switch|p2a: Kingambit|Kingambit, M, shiny|100/100
|-activate|p2a: Kingambit|move: Sticky Web
|-unboost|p2a: Kingambit|spe|1
|-activate|p2a: Kingambit|ability: Supreme Overlord
|-start|p2a: Kingambit|fallen5|[silent]
|turn|24
|
|t:|1760408539
|move|p1a: Alomomola|Scald|p2a: Kingambit
|-damage|p2a: Kingambit|86/100
|move|p2a: Kingambit|Swords Dance|p2a: Kingambit
|-boost|p2a: Kingambit|atk|2
|
|-heal|p2a: Kingambit|93/100|[from] item: Leftovers
|upkeep
|turn|25
|
|t:|1760408547
|move|p1a: Alomomola|Scald|p2a: Kingambit
|-damage|p2a: Kingambit|78/100
|move|p2a: Kingambit|Swords Dance|p2a: Kingambit
|-boost|p2a: Kingambit|atk|2
|
|-heal|p2a: Kingambit|84/100|[from] item: Leftovers
|upkeep
|turn|26
|
|t:|1760408559
|move|p1a: Alomomola|Scald|p2a: Kingambit
|-damage|p2a: Kingambit|72/100
|move|p2a: Kingambit|Kowtow Cleave|p1a: Alomomola
|-damage|p1a: Alomomola|0 fnt
|-damage|p2a: Kingambit|56/100|[from] item: Rocky Helmet|[of] p1a: Alomomola
|faint|p1a: Alomomola
|
|-heal|p2a: Kingambit|62/100|[from] item: Leftovers
|upkeep
|
|t:|1760408567
|switch|p1a: Cinderace|Cinderace, F|58/100
|turn|27
|
|t:|1760408571
|move|p2a: Kingambit|Sucker Punch||[still]
|-fail|p2a: Kingambit
|move|p1a: Cinderace|Court Change|p1a: Cinderace
|-start|p1a: Cinderace|typechange|Normal|[from] ability: Libero
|-swapsideconditions
|-activate|p1a: Cinderace|move: Court Change
|
|-heal|p2a: Kingambit|68/100|[from] item: Leftovers
|upkeep
|turn|28
|inactive|KV959vv has 120 seconds left.
|
|t:|1760408581
|move|p2a: Kingambit|Sucker Punch|p1a: Cinderace
|-damage|p1a: Cinderace|0 fnt
|faint|p1a: Cinderace
|
|win|KV959vv
|raw|blockayethe1st's rating: 1509 &rarr; <strong>1492</strong><br />(-17 for losing)
|raw|KV959vv's rating: 1564 &rarr; <strong>1581</strong><br />(+17 for winning)
|l|☆blockayethe1st
|player|p1|
|l|☆KV959vv
|player|p2|
