|j|☆wilmafingerdo
|j|☆101st Account
|t:|1760416561
|gametype|singles
|player|p1|wilmafingerdo|zinzolin|1175
|player|p2|101st Account|ethan|1216
|gen|9
|tier|[Gen 9] OU
|rated|
|rule|HP Percentage Mod: HP is shown in percentages
|rule|Endless Battle Clause: Forcing endless battles is banned
|rule|Species Clause: Limit one of each Pokémon
|rule|OHKO Clause: OHKO moves are banned
|rule|Evasion Items Clause: Evasion items are banned
|rule|Evasion Moves Clause: Evasion moves are banned
|rule|Evasion Abilities Clause: Evasion abilities are banned
|rule|Sleep Moves Clause: Sleep-inducing moves are banned
|clearpoke
|poke|p1|Ambipom, F|
|poke|p1|Skarmory, F|
|poke|p1|Latias, F|
|poke|p1|Inteleon, M|
|poke|p1|Jolteon, M|
|poke|p1|Whimsicott, M|
|poke|p2|Serperior, F|
|poke|p2|Jirachi|
|poke|p2|Darkrai|
|poke|p2|Slowking-Galar, M|
|poke|p2|Landorus-Therian, M|
|poke|p2|Weezing-Galar, F|
|teampreview
|inactive|Battle timer is ON: inactive players will automatically lose when time's up. (requested by 101st Account)
|
|t:|1760416569
|teamsize|p1|6
|teamsize|p2|6
|start
|switch|p1a: Ambipom|Ambipom, F|100/100
|switch|p2a: Landorus|Landorus-Therian, M|100/100
|-ability|p2a: Landorus|Intimidate|boost
|-unboost|p1a: Ambipom|atk|1
|turn|1
|
|t:|1760416577
|move|p1a: Ambipom|Fake Out|p2a: Landorus
|-damage|p2a: Landorus|83/100
|-damage|p1a: Ambipom|84/100|[from] item: Rocky Helmet|[of] p2a: Landorus
|cant|p2a: Landorus|flinch
|
|upkeep
|turn|2
|
|t:|1760416586
|switch|p2a: Weezing|Weezing-Galar, F|100/100
|-ability|p2a: Weezing|Neutralizing Gas
|move|p1a: Ambipom|Tickle|p2a: Weezing
|-unboost|p2a: Weezing|atk|1
|-unboost|p2a: Weezing|def|1
|
|upkeep
|turn|3
|
|t:|1760416600
|switch|p1a: Skarmory|Skarmory, F|100/100
|move|p2a: Weezing|Will-O-Wisp|p1a: Skarmory
|-status|p1a: Skarmory|brn
|
|-damage|p1a: Skarmory|95/100 brn|[from] brn
|upkeep
|turn|4
|
|t:|1760416608
|-end|p2a: Weezing|ability: Neutralizing Gas
|switch|p2a: Slowking|Slowking-Galar, M|100/100
|move|p1a: Skarmory|Iron Defense|p1a: Skarmory
|-boost|p1a: Skarmory|def|2
|
|-damage|p1a: Skarmory|89/100 brn|[from] brn
|upkeep
|turn|5
|
|t:|1760416621
|move|p1a: Skarmory|Roost|p1a: Skarmory
|-heal|p1a: Skarmory|100/100 brn
|-singleturn|p1a: Skarmory|move: Roost
|-prepare|p2a: Slowking|Chilly Reception|[premajor]
|move|p2a: Slowking|Chilly Reception|p2a: Slowking
|-weather|Snowscape
|
|t:|1760416627
|switch|p2a: Landorus|Landorus-Therian, M|83/100|[from] Chilly Reception
|-ability|p2a: Landorus|Intimidate|boost
|-unboost|p1a: Skarmory|atk|1
|
|-weather|Snowscape|[upkeep]
|-damage|p1a: Skarmory|95/100 brn|[from] brn
|upkeep
|turn|6
|
|t:|1760416632
|move|p2a: Landorus|Taunt|p1a: Skarmory
|-start|p1a: Skarmory|move: Taunt
|move|p1a: Skarmory|Body Press|p2a: Landorus
|-resisted|p2a: Landorus
|-damage|p2a: Landorus|72/100
|-damage|p1a: Skarmory|78/100 brn|[from] item: Rocky Helmet|[of] p2a: Landorus
|
|-weather|Snowscape|[upkeep]
|-damage|p1a: Skarmory|72/100 brn|[from] brn
|upkeep
|turn|7
|
|t:|1760416639
|move|p2a: Landorus|U-turn|p1a: Skarmory
|-resisted|p1a: Skarmory
|-damage|p1a: Skarmory|70/100 brn
|-damage|p2a: Landorus|56/100|[from] item: Rocky Helmet|[of] p1a: Skarmory
|inactive|101st Account has 120 seconds left.
|inactive|101st Account has 90 seconds left.
|
|t:|1760416724
|switch|p2a: Serperior|Serperior, F|100/100|[from] U-turn
|move|p1a: Skarmory|Body Press|p2a: Serperior
|-damage|p2a: Serperior|69/100
|
|-weather|Snowscape|[upkeep]
|-heal|p2a: Serperior|75/100|[from] item: Leftovers
|-damage|p1a: Skarmory|64/100 brn|[from] brn
|upkeep
|turn|8
|inactive|wilmafingerdo has 120 seconds left.
|
|t:|1760416765
|move|p2a: Serperior|Leaf Storm|p1a: Skarmory
|-resisted|p1a: Skarmory
|-damage|p1a: Skarmory|52/100 brn
|-boost|p2a: Serperior|spa|2
|move|p1a: Skarmory|Drill Peck|p2a: Serperior
|-supereffective|p2a: Serperior
|-damage|p2a: Serperior|55/100
|
|-weather|Snowscape|[upkeep]
|-heal|p2a: Serperior|61/100|[from] item: Leftovers
|-damage|p1a: Skarmory|46/100 brn|[from] brn
|-end|p1a: Skarmory|move: Taunt
|upkeep
|turn|9
|
|t:|1760416772
|move|p2a: Serperior|Dragon Pulse|p1a: Skarmory
|-resisted|p1a: Skarmory
|-damage|p1a: Skarmory|28/100 brn
|move|p1a: Skarmory|Roost|p1a: Skarmory
|-heal|p1a: Skarmory|78/100 brn
|-singleturn|p1a: Skarmory|move: Roost
|
|-weather|none
|-heal|p2a: Serperior|67/100|[from] item: Leftovers
|-damage|p1a: Skarmory|72/100 brn|[from] brn
|upkeep
|turn|10
|
|t:|1760416775
|move|p2a: Serperior|Leaf Storm|p1a: Skarmory
|-resisted|p1a: Skarmory
|-damage|p1a: Skarmory|52/100 brn
|-boost|p2a: Serperior|spa|2
|move|p1a: Skarmory|Body Press|p2a: Serperior
|-damage|p2a: Serperior|36/100
|
|-heal|p2a: Serperior|42/100|[from] item: Leftovers
|-damage|p1a: Skarmory|46/100 brn|[from] brn
|upkeep
|turn|11
|
|t:|1760416781
|move|p2a: Serperior|Dragon Pulse|p1a: Skarmory
|-resisted|p1a: Skarmory
|-damage|p1a: Skarmory|17/100 brn
|move|p1a: Skarmory|Drill Peck|p2a: Serperior
|-supereffective|p2a: Serperior
|-damage|p2a: Serperior|24/100
|
|-heal|p2a: Serperior|30/100|[from] item: Leftovers
|-damage|p1a: Skarmory|11/100 brn|[from] brn
|upkeep
|turn|12
|
|t:|1760416784
|move|p2a: Serperior|Dragon Pulse|p1a: Skarmory
|-resisted|p1a: Skarmory
|-damage|p1a: Skarmory|0 fnt
|faint|p1a: Skarmory
|
|-heal|p2a: Serperior|36/100|[from] item: Leftovers
|upkeep
|
|t:|1760416787
|switch|p1a: Ambipom|Ambipom, F|84/100
|turn|13
|
|t:|1760416791
|move|p1a: Ambipom|Fake Out|p2a: Serperior
|-damage|p2a: Serperior|2/100
|cant|p2a: Serperior|flinch
|
|-heal|p2a: Serperior|8/100|[from] item: Leftovers
|upkeep
|turn|14
|
|t:|1760416796
|switch|p2a: Landorus|Landorus-Therian, M|56/100
|-ability|p2a: Landorus|Intimidate|boost
|-unboost|p1a: Ambipom|atk|1
|move|p1a: Ambipom|Knock Off|p2a: Landorus
|-damage|p2a: Landorus|36/100
|-damage|p1a: Ambipom|68/100|[from] item: Rocky Helmet|[of] p2a: Landorus
|-enditem|p2a: Landorus|Rocky Helmet|[from] move: Knock Off|[of] p1a: Ambipom
|
|upkeep
|turn|15
|
|t:|1760416803
|move|p2a: Landorus|Stealth Rock|p1a: Ambipom
|-sidestart|p1: wilmafingerdo|move: Stealth Rock
|move|p1a: Ambipom|Counter||[still]
|-fail|p1a: Ambipom
|
|upkeep
|turn|16
|
|t:|1760416807
|move|p1a: Ambipom|Knock Off|p2a: Landorus
|-damage|p2a: Landorus|24/100
|move|p2a: Landorus|Taunt|p1a: Ambipom
|-start|p1a: Ambipom|move: Taunt
|
|upkeep
|turn|17
|
|t:|1760416815
|move|p1a: Ambipom|Knock Off|p2a: Landorus
|-damage|p2a: Landorus|12/100
|move|p2a: Landorus|U-turn|p1a: Ambipom
|-damage|p1a: Ambipom|37/100
|
|t:|1760416821
|switch|p2a: Darkrai|Darkrai|100/100|[from] U-turn
|
|upkeep
|turn|18
|
|t:|1760416827
|move|p2a: Darkrai|Dark Pulse|p1a: Ambipom
|-damage|p1a: Ambipom|0 fnt
|faint|p1a: Ambipom
|
|upkeep
|
|t:|1760416854
|switch|p1a: Jolteon|Jolteon, M|100/100
|turn|19
|
|t:|1760416861
|move|p1a: Jolteon|Fake Tears|p2a: Darkrai
|-unboost|p2a: Darkrai|spd|2
|move|p2a: Darkrai|Knock Off|p1a: Jolteon
|-damage|p1a: Jolteon|51/100
|-enditem|p1a: Jolteon|Heavy-Duty Boots|[from] move: Knock Off|[of] p2a: Darkrai
|
|upkeep
|turn|20
|
|t:|1760416874
|switch|p2a: Weezing|Weezing-Galar, F|100/100
|-ability|p2a: Weezing|Neutralizing Gas
|move|p1a: Jolteon|Thunderbolt|p2a: Weezing
|-damage|p2a: Weezing|46/100
|
|upkeep
|turn|21
|
|t:|1760416881
|move|p1a: Jolteon|Thunderbolt|p2a: Weezing
|-damage|p2a: Weezing|0 fnt
|faint|p2a: Weezing
|-end|p2a: Weezing|ability: Neutralizing Gas
|
|upkeep
|
|t:|1760416891
|switch|p2a: Landorus|Landorus-Therian, M|12/100
|-ability|p2a: Landorus|Intimidate|boost
|-unboost|p1a: Jolteon|atk|1
|turn|22
|
|t:|1760416894
|move|p1a: Jolteon|Shadow Ball|p2a: Landorus
|-damage|p2a: Landorus|0 fnt
|faint|p2a: Landorus
|
|upkeep
|
|t:|1760416895
|switch|p2a: Slowking|Slowking-Galar, M|100/100
|turn|23
|
|t:|1760416903
|move|p1a: Jolteon|Thunder Wave|p2a: Slowking
|-status|p2a: Slowking|par
|move|p2a: Slowking|Future Sight|p1a: Jolteon
|-start|p2a: Slowking|move: Future Sight
|
|upkeep
|turn|24
|
|t:|1760416920
|move|p1a: Jolteon|Thunder Wave|p2a: Slowking
|-fail|p2a: Slowking|par
|-prepare|p2a: Slowking|Chilly Reception|[premajor]
|move|p2a: Slowking|Chilly Reception|p2a: Slowking
|-weather|Snowscape
|
|t:|1760416931
|switch|p2a: Jirachi|Jirachi|100/100|[from] Chilly Reception
|
|-weather|Snowscape|[upkeep]
|upkeep
|turn|25
|inactive|101st Account has 120 seconds left.
|
|t:|1760416955
|move|p2a: Jirachi|Iron Head|p1a: Jolteon
|-resisted|p1a: Jolteon
|-damage|p1a: Jolteon|16/100
|move|p1a: Jolteon|Thunderbolt|p2a: Jirachi
|-damage|p2a: Jirachi|57/100
|
|-weather|Snowscape|[upkeep]
|-end|p1a: Jolteon|move: Future Sight
|-damage|p1a: Jolteon|0 fnt
|faint|p1a: Jolteon
|upkeep
|
|t:|1760416964
|switch|p1a: Inteleon|Inteleon, M|100/100
|-damage|p1a: Inteleon|88/100|[from] Stealth Rock
|turn|26
|
|t:|1760416967
|switch|p2a: Slowking|Slowking-Galar, M|100/100 par
|move|p1a: Inteleon|Snipe Shot|p2a: Slowking
|-damage|p2a: Slowking|75/100 par
|
|-weather|Snowscape|[upkeep]
|upkeep
|turn|27
|
|t:|1760416976
|move|p1a: Inteleon|Snipe Shot|p2a: Slowking
|-crit|p2a: Slowking
|-damage|p2a: Slowking|20/100 par
|move|p2a: Slowking|Thunder Wave|p1a: Inteleon
|-status|p1a: Inteleon|par
|
|-weather|Snowscape|[upkeep]
|upkeep
|turn|28
|
|t:|1760416982
|move|p1a: Inteleon|Snipe Shot|p2a: Slowking
|-damage|p2a: Slowking|0 fnt
|faint|p2a: Slowking
|
|-weather|none
|upkeep
|
|t:|1760417007
|switch|p2a: Darkrai|Darkrai|100/100
|turn|29
|
|t:|1760417023
|move|p2a: Darkrai|Dark Pulse|p1a: Inteleon
|-damage|p1a: Inteleon|16/100 par
|move|p1a: Inteleon|Snipe Shot|p2a: Darkrai
|-crit|p2a: Darkrai
|-damage|p2a: Darkrai|0 fnt
|faint|p2a: Darkrai
|
|upkeep
|
|t:|1760417029
|switch|p2a: Jirachi|Jirachi|57/100
|turn|30
|
|t:|1760417033
|move|p2a: Jirachi|Iron Head|p1a: Inteleon
|-resisted|p1a: Inteleon
|-damage|p1a: Inteleon|0 fnt
|faint|p1a: Inteleon
|
|upkeep
|
|t:|1760417036
|switch|p1a: Latias|Latias, F|100/100
|-damage|p1a: Latias|88/100|[from] Stealth Rock
|turn|31
|
|t:|1760417040
|-terastallize|p2a: Jirachi|Steel
|move|p2a: Jirachi|Iron Head|p1a: Latias
|-damage|p1a: Latias|28/100
|cant|p1a: Latias|flinch
|
|upkeep
|turn|32
|
|t:|1760417046
|move|p2a: Jirachi|Iron Head|p1a: Latias
|-damage|p1a: Latias|0 fnt
|faint|p1a: Latias
|
|upkeep
|
|t:|1760417047
|switch|p1a: Whimsicott|Whimsicott, M|100/100
|-damage|p1a: Whimsicott|88/100|[from] Stealth Rock
|turn|33
|
|t:|1760417051
|-terastallize|p1a: Whimsicott|Grass
|move|p1a: Whimsicott|Cotton Guard|p1a: Whimsicott
|-boost|p1a: Whimsicott|def|3
|move|p2a: Jirachi|Iron Head|p1a: Whimsicott
|-damage|p1a: Whimsicott|65/100
|
|-heal|p1a: Whimsicott|71/100|[from] item: Leftovers
|upkeep
|turn|34
|
|t:|1760417057
|move|p1a: Whimsicott|Leech Seed|p2a: Jirachi
|-start|p2a: Jirachi|move: Leech Seed
|move|p2a: Jirachi|Iron Head|p1a: Whimsicott
|-damage|p1a: Whimsicott|49/100
|
|-heal|p1a: Whimsicott|55/100|[from] item: Leftovers
|-damage|p2a: Jirachi|44/100|[from] Leech Seed|[of] p1a: Whimsicott
|-heal|p1a: Whimsicott|68/100|[silent]
|upkeep
|turn|35
|
|t:|1760417062
|switch|p2a: Serperior|Serperior, F|8/100
|move|p1a: Whimsicott|Substitute|p1a: Whimsicott
|-start|p1a: Whimsicott|Substitute
|-damage|p1a: Whimsicott|44/100
|
|-heal|p2a: Serperior|14/100|[from] item: Leftovers
|-heal|p1a: Whimsicott|50/100|[from] item: Leftovers
|upkeep
|turn|36
|
|t:|1760417066
|move|p2a: Serperior|Dragon Pulse|p1a: Whimsicott
|-activate|p1a: Whimsicott|move: Substitute|[damage]
|move|p1a: Whimsicott|Moonblast|p2a: Serperior
|-damage|p2a: Serperior|0 fnt
|faint|p2a: Serperior
|
|-heal|p1a: Whimsicott|56/100|[from] item: Leftovers
|upkeep
|
|t:|1760417068
|switch|p2a: Jirachi|Jirachi, tera:Steel|44/100
|turn|37
|
|t:|1760417073
|move|p1a: Whimsicott|Leech Seed|p2a: Jirachi
|-start|p2a: Jirachi|move: Leech Seed
|move|p2a: Jirachi|U-turn|p1a: Whimsicott
|-supereffective|p1a: Whimsicott
|-end|p1a: Whimsicott|Substitute
|
|-heal|p1a: Whimsicott|62/100|[from] item: Leftovers
|-damage|p2a: Jirachi|32/100|[from] Leech Seed|[of] p1a: Whimsicott
|-heal|p1a: Whimsicott|75/100|[silent]
|upkeep
|turn|38
|-message|101st Account forfeited.
|
|win|wilmafingerdo
|raw|wilmafingerdo's rating: 1175 &rarr; <strong>1203</strong><br />(+28 for winning)
|raw|101st Account's rating: 1216 &rarr; <strong>1188</strong><br />(-28 for losing)
|l|☆101st Account
|player|p2|
|l|☆wilmafingerdo
|player|p1|
