|j|☆mrcll
|j|☆V. Al Sorna
|t:|1760373943
|gametype|singles
|player|p1|mrcll|giovanni|1265
|player|p2|V. Al Sorna|266|1283
|gen|9
|tier|[Gen 9] OU
|rated|
|rule|HP Percentage Mod: HP is shown in percentages
|rule|Endless Battle Clause: Forcing endless battles is banned
|rule|Species Clause: Limit one of each Pokémon
|rule|OHKO Clause: OHKO moves are banned
|rule|Evasion Items Clause: Evasion items are banned
|rule|Evasion Moves Clause: Evasion moves are banned
|rule|Evasion Abilities Clause: Evasion abilities are banned
|rule|Sleep Moves Clause: Sleep-inducing moves are banned
|clearpoke
|poke|p1|Gholdengo|
|poke|p1|Glimmora, F|
|poke|p1|Great Tusk|
|poke|p1|Landorus-Therian, M|
|poke|p1|Zamazenta-*|
|poke|p1|Dragapult, M|
|poke|p2|Zapdos|
|poke|p2|Ceruledge, F|
|poke|p2|Araquanid, F|
|poke|p2|Glimmora, M|
|poke|p2|Inteleon, F|
|poke|p2|Meowscarada, M|
|teampreview
|inactive|Battle timer is ON: inactive players will automatically lose when time's up. (requested by V. Al Sorna)
|
|t:|1760373960
|teamsize|p1|6
|teamsize|p2|6
|start
|switch|p1a: Landorus|Landorus-Therian, M|100/100
|switch|p2a: Araquanid|Araquanid, F|100/100
|-ability|p1a: Landorus|Intimidate|boost
|-unboost|p2a: Araquanid|atk|1
|turn|1
|
|t:|1760373977
|move|p1a: Landorus|U-turn|p2a: Araquanid
|-damage|p2a: Araquanid|59/100
|
|t:|1760373983
|switch|p1a: Gholdengo|Gholdengo|100/100|[from] U-turn
|move|p2a: Araquanid|Surf|p1a: Gholdengo
|-damage|p1a: Gholdengo|34/100
|
|upkeep
|turn|2
|inactive|V. Al Sorna has 120 seconds left.
|
|t:|1760374022
|move|p1a: Gholdengo|Thunderbolt|p2a: Araquanid
|-supereffective|p2a: Araquanid
|-damage|p2a: Araquanid|5/100
|-status|p2a: Araquanid|par
|cant|p2a: Araquanid|par
|
|upkeep
|turn|3
|inactive|V. Al Sorna has 120 seconds left.
|
|t:|1760374031
|move|p1a: Gholdengo|Thunderbolt|p2a: Araquanid
|-supereffective|p2a: Araquanid
|-damage|p2a: Araquanid|0 fnt
|faint|p2a: Araquanid
|
|upkeep
|inactive|V. Al Sorna has 120 seconds left.
|
|t:|1760374057
|switch|p2a: Meowscarada|Meowscarada, M|100/100
|turn|4
|
|t:|1760374065
|switch|p1a: Zamazenta|Zamazenta|100/100
|-ability|p1a: Zamazenta|Dauntless Shield|boost
|-boost|p1a: Zamazenta|def|1
|move|p2a: Meowscarada|Triple Axel|p1a: Zamazenta
|-start|p2a: Meowscarada|typechange|Ice|[from] ability: Protean
|-damage|p1a: Zamazenta|91/100
|-hitcount|p1a: Zamazenta|1
|
|upkeep
|turn|5
|
|t:|1760374083
|switch|p2a: Zapdos|Zapdos|100/100
|move|p1a: Zamazenta|Crunch|p2a: Zapdos
|-damage|p2a: Zapdos|76/100
|-damage|p1a: Zamazenta|81/100|[from] item: Life Orb
|
|-heal|p2a: Zapdos|82/100|[from] item: Leftovers
|upkeep
|turn|6
|inactive|mrcll has 120 seconds left.
|
|t:|1760374124
|move|p1a: Zamazenta|Close Combat|p2a: Zapdos
|-resisted|p2a: Zapdos
|-damage|p2a: Zapdos|55/100
|-unboost|p1a: Zamazenta|def|1
|-unboost|p1a: Zamazenta|spd|1
|-status|p1a: Zamazenta|par|[from] ability: Static|[of] p2a: Zapdos
|-damage|p1a: Zamazenta|71/100 par|[from] item: Life Orb
|move|p2a: Zapdos|Hurricane|p1a: Zamazenta|[miss]
|-miss|p2a: Zapdos|p1a: Zamazenta
|
|-heal|p2a: Zapdos|61/100|[from] item: Leftovers
|upkeep
|turn|7
|
|t:|1760374137
|move|p2a: Zapdos|Roost|p2a: Zapdos
|-heal|p2a: Zapdos|100/100
|-singleturn|p2a: Zapdos|move: Roost
|move|p1a: Zamazenta|Close Combat|p2a: Zapdos
|-damage|p2a: Zapdos|45/100
|-unboost|p1a: Zamazenta|def|1
|-unboost|p1a: Zamazenta|spd|1
|-damage|p1a: Zamazenta|61/100 par|[from] item: Life Orb
|
|-heal|p2a: Zapdos|51/100|[from] item: Leftovers
|upkeep
|turn|8
|
|t:|1760374149
|move|p2a: Zapdos|Hurricane|p1a: Zamazenta
|-supereffective|p1a: Zamazenta
|-damage|p1a: Zamazenta|0 fnt
|faint|p1a: Zamazenta
|
|-heal|p2a: Zapdos|57/100|[from] item: Leftovers
|upkeep
|
|t:|1760374158
|switch|p1a: Dragapult|Dragapult, M|100/100
|turn|9
|
|t:|1760374164
|switch|p2a: Ceruledge|Ceruledge, F|100/100
|move|p1a: Dragapult|Dragon Darts|p2a: Ceruledge
|-damage|p2a: Ceruledge|40/100
|-ability|p2a: Ceruledge|Weak Armor|boost
|-unboost|p2a: Ceruledge|def|1
|-boost|p2a: Ceruledge|spe|2
|-anim|p1a: Dragapult|Dragon Darts|p2a: Ceruledge
|-damage|p2a: Ceruledge|0 fnt
|faint|p2a: Ceruledge
|
|upkeep
|inactive|V. Al Sorna has 120 seconds left.
|
|t:|1760374174
|switch|p2a: Meowscarada|Meowscarada, M|100/100
|turn|10
|inactive|mrcll has 120 seconds left.
|
|t:|1760374201
|-terastallize|p1a: Dragapult|Dragon
|move|p1a: Dragapult|Dragon Darts|p2a: Meowscarada
|-damage|p2a: Meowscarada|23/100
|-anim|p1a: Dragapult|Dragon Darts|p2a: Meowscarada
|-damage|p2a: Meowscarada|0 fnt
|faint|p2a: Meowscarada
|
|upkeep
|inactive|V. Al Sorna has 120 seconds left.
|
|t:|1760374216
|switch|p2a: Zapdos|Zapdos|57/100
|turn|11
|
|t:|1760374219
|move|p1a: Dragapult|Dragon Darts|p2a: Zapdos
|-damage|p2a: Zapdos|21/100
|-anim|p1a: Dragapult|Dragon Darts|p2a: Zapdos
|-damage|p2a: Zapdos|0 fnt
|faint|p2a: Zapdos
|
|upkeep
|
|t:|1760374224
|switch|p2a: Inteleon|Inteleon, F|100/100
|turn|12
|
|t:|1760374228
|move|p2a: Inteleon|Sucker Punch|p1a: Dragapult
|-damage|p1a: Dragapult|76/100
|move|p1a: Dragapult|Dragon Darts|p2a: Inteleon
|-damage|p2a: Inteleon|4/100
|-anim|p1a: Dragapult|Dragon Darts|p2a: Inteleon
|-damage|p2a: Inteleon|0 fnt
|faint|p2a: Inteleon
|
|upkeep
|
|t:|1760374230
|switch|p2a: Glimmora|Glimmora, M|100/100
|turn|13
|
|t:|1760374239
|move|p1a: Dragapult|Dragon Darts|p2a: Glimmora
|-damage|p2a: Glimmora|34/100
|-activate|p2a: Glimmora|ability: Toxic Debris
|-sidestart|p1: mrcll|move: Toxic Spikes
|-anim|p1a: Dragapult|Dragon Darts|p2a: Glimmora
|-damage|p2a: Glimmora|0 fnt
|-activate|p2a: Glimmora|ability: Toxic Debris
|-sidestart|p1: mrcll|move: Toxic Spikes
|faint|p2a: Glimmora
|
|win|mrcll
|raw|mrcll's rating: 1265 &rarr; <strong>1291</strong><br />(+26 for winning)
|raw|V. Al Sorna's rating: 1283 &rarr; <strong>1257</strong><br />(-26 for losing)
|l|☆mrcll
|player|p1|
|l|☆V. Al Sorna
|player|p2|
