|j|☆ljboihpiojno
|j|☆kpo2022
|t:|1760331779
|gametype|singles
|player|p1|ljboihpiojno|265|1202
|player|p2|kpo2022|1|1197
|gen|9
|tier|[Gen 9] OU
|rated|
|rule|HP Percentage Mod: HP is shown in percentages
|rule|Endless Battle Clause: Forcing endless battles is banned
|rule|Species Clause: Limit one of each Pokémon
|rule|OHKO Clause: OHKO moves are banned
|rule|Evasion Items Clause: Evasion items are banned
|rule|Evasion Moves Clause: Evasion moves are banned
|rule|Evasion Abilities Clause: Evasion abilities are banned
|rule|Sleep Moves Clause: Sleep-inducing moves are banned
|clearpoke
|poke|p1|Sableye, M|
|poke|p1|Galvantula, M|
|poke|p1|Milotic, F|
|poke|p1|Great Tusk|
|poke|p1|Porygon-Z|
|poke|p1|Necrozma|
|poke|p2|Moltres|
|poke|p2|Blissey, F|
|poke|p2|Alomomola, F|
|poke|p2|Gholdengo|
|poke|p2|Weezing-Galar, F|
|poke|p2|Clodsire, M|
|teampreview
|inactive|Battle timer is ON: inactive players will automatically lose when time's up. (requested by kpo2022)
|
|t:|1760331792
|teamsize|p1|6
|teamsize|p2|6
|start
|switch|p1a: Porygon-Z|Porygon-Z|100/100
|switch|p2a: Weezing|Weezing-Galar, F|100/100
|turn|1
|
|t:|1760331805
|switch|p2a: Blissey|Blissey, F|100/100
|move|p1a: Porygon-Z|Ice Beam|p2a: Blissey
|-damage|p2a: Blissey|86/100
|
|-heal|p2a: Blissey|93/100|[from] item: Leftovers
|upkeep
|turn|2
|
|t:|1760331813
|switch|p1a: Galvantula|Galvantula, M|100/100
|move|p2a: Blissey|Seismic Toss|p1a: Galvantula
|-damage|p1a: Galvantula|65/100
|
|-heal|p2a: Blissey|99/100|[from] item: Leftovers
|upkeep
|turn|3
|
|t:|1760331823
|move|p1a: Galvantula|Thunder|p2a: Blissey
|-damage|p2a: Blissey|86/100
|move|p2a: Blissey|Seismic Toss|p1a: Galvantula
|-damage|p1a: Galvantula|29/100
|
|-heal|p2a: Blissey|92/100|[from] item: Leftovers
|upkeep
|turn|4
|
|t:|1760331831
|move|p1a: Galvantula|Volt Switch|p2a: Blissey
|-damage|p2a: Blissey|83/100
|
|t:|1760331834
|switch|p1a: Sableye|Sableye, M|100/100|[from] Volt Switch
|move|p2a: Blissey|Seismic Toss|p1a: Sableye
|-immune|p1a: Sableye
|
|-heal|p2a: Blissey|89/100|[from] item: Leftovers
|upkeep
|turn|5
|
|t:|1760331849
|switch|p2a: Weezing|Weezing-Galar, F|100/100
|move|p1a: Sableye|Substitute|p1a: Sableye
|-start|p1a: Sableye|Substitute
|-damage|p1a: Sableye|76/100
|
|-heal|p1a: Sableye|82/100|[from] item: Leftovers
|upkeep
|turn|6
|
|t:|1760331879
|move|p2a: Weezing|Clear Smog|p1a: Sableye
|-resisted|p1a: Sableye
|-activate|p1a: Sableye|move: Substitute|[damage]
|move|p1a: Sableye|Night Shade|p2a: Weezing
|-damage|p2a: Weezing|71/100
|
|-heal|p1a: Sableye|88/100|[from] item: Leftovers
|upkeep
|turn|7
|inactive|kpo2022 has 120 seconds left.
|
|t:|1760331895
|switch|p2a: Blissey|Blissey, F|89/100
|move|p1a: Sableye|Night Shade|p2a: Blissey
|-immune|p2a: Blissey
|
|-heal|p2a: Blissey|95/100|[from] item: Leftovers
|-heal|p1a: Sableye|94/100|[from] item: Leftovers
|upkeep
|turn|8
|
|t:|1760331906
|move|p1a: Sableye|Substitute|p1a: Sableye
|-fail|p1a: Sableye|move: Substitute
|move|p2a: Blissey|Seismic Toss|p1a: Sableye
|-immune|p1a: Sableye
|
|-heal|p2a: Blissey|100/100|[from] item: Leftovers
|-heal|p1a: Sableye|99/100|[from] item: Leftovers
|upkeep
|turn|9
|
|t:|1760331915
|move|p1a: Sableye|Substitute|p1a: Sableye
|-fail|p1a: Sableye|move: Substitute
|move|p2a: Blissey|Flamethrower|p1a: Sableye
|-end|p1a: Sableye|Substitute
|
|-heal|p1a: Sableye|100/100|[from] item: Leftovers
|upkeep
|turn|10
|
|t:|1760331924
|move|p1a: Sableye|Substitute|p1a: Sableye
|-start|p1a: Sableye|Substitute
|-damage|p1a: Sableye|76/100
|move|p2a: Blissey|Flamethrower|p1a: Sableye
|-end|p1a: Sableye|Substitute
|
|-heal|p1a: Sableye|82/100|[from] item: Leftovers
|upkeep
|turn|11
|
|t:|1760331931
|move|p1a: Sableye|Disable|p2a: Blissey
|-start|p2a: Blissey|Disable|Flamethrower
|cant|p2a: Blissey|Disable|Flamethrower
|
|-heal|p1a: Sableye|88/100|[from] item: Leftovers
|upkeep
|turn|12
|
|t:|1760331955
|switch|p2a: Moltres|Moltres|100/100
|move|p1a: Sableye|Encore||[still]
|-fail|p1a: Sableye
|
|-heal|p1a: Sableye|94/100|[from] item: Leftovers
|upkeep
|turn|13
|
|t:|1760331964
|switch|p1a: Galvantula|Galvantula, M|29/100
|move|p2a: Moltres|Will-O-Wisp|p1a: Galvantula
|-status|p1a: Galvantula|brn
|
|-damage|p1a: Galvantula|23/100 brn|[from] brn
|upkeep
|turn|14
|
|t:|1760331973
|switch|p2a: Clodsire|Clodsire, M|100/100
|move|p1a: Galvantula|Sticky Web|p2a: Clodsire
|-sidestart|p2: kpo2022|move: Sticky Web
|
|-damage|p1a: Galvantula|17/100 brn|[from] brn
|upkeep
|turn|15
|
|t:|1760331984
|move|p1a: Galvantula|Gastro Acid|p2a: Clodsire
|-endability|p2a: Clodsire
|move|p2a: Clodsire|Gunk Shot|p1a: Galvantula
|-damage|p1a: Galvantula|0 fnt
|faint|p1a: Galvantula
|
|upkeep
|
|t:|1760332004
|switch|p1a: Great Tusk|Great Tusk|100/100
|-enditem|p1a: Great Tusk|Booster Energy
|-activate|p1a: Great Tusk|ability: Protosynthesis|[fromitem]
|-start|p1a: Great Tusk|protosynthesisatk
|turn|16
|
|t:|1760332010
|switch|p2a: Moltres|Moltres|100/100
|move|p1a: Great Tusk|Ice Spinner|p2a: Moltres
|-damage|p2a: Moltres|75/100
|-status|p1a: Great Tusk|brn|[from] ability: Flame Body|[of] p2a: Moltres
|
|-heal|p2a: Moltres|81/100|[from] item: Leftovers
|-damage|p1a: Great Tusk|94/100 brn|[from] brn
|upkeep
|turn|17
|
|t:|1760332022
|move|p1a: Great Tusk|Ice Spinner|p2a: Moltres
|-damage|p2a: Moltres|70/100
|move|p2a: Moltres|Air Slash|p1a: Great Tusk
|-supereffective|p1a: Great Tusk
|-damage|p1a: Great Tusk|7/100 brn
|
|-heal|p2a: Moltres|76/100|[from] item: Leftovers
|-damage|p1a: Great Tusk|1/100 brn|[from] brn
|upkeep
|turn|18
|
|t:|1760332034
|switch|p2a: Weezing|Weezing-Galar, F|71/100
|move|p1a: Great Tusk|Close Combat|p2a: Weezing
|-resisted|p2a: Weezing
|-damage|p2a: Weezing|64/100
|-unboost|p1a: Great Tusk|def|1
|-unboost|p1a: Great Tusk|spd|1
|
|-damage|p1a: Great Tusk|0 fnt|[from] brn
|faint|p1a: Great Tusk
|-end|p1a: Great Tusk|Protosynthesis|[silent]
|upkeep
|
|t:|1760332044
|switch|p1a: Porygon-Z|Porygon-Z|100/100
|turn|19
|
|t:|1760332053
|switch|p2a: Blissey|Blissey, F|100/100
|-activate|p2a: Blissey|move: Sticky Web
|-unboost|p2a: Blissey|spe|1
|move|p1a: Porygon-Z|Trick|p2a: Blissey
|-activate|p1a: Porygon-Z|move: Trick|[of] p2a: Blissey
|-item|p2a: Blissey|Choice Specs|[from] move: Trick
|-item|p1a: Porygon-Z|Leftovers|[from] move: Trick
|
|upkeep
|turn|20
|
|t:|1760332064
|switch|p1a: Sableye|Sableye, M|94/100
|move|p2a: Blissey|Seismic Toss|p1a: Sableye
|-immune|p1a: Sableye
|
|-heal|p1a: Sableye|99/100|[from] item: Leftovers
|upkeep
|turn|21
|
|t:|1760332073
|switch|p2a: Moltres|Moltres|76/100
|move|p1a: Sableye|Substitute|p1a: Sableye
|-start|p1a: Sableye|Substitute
|-damage|p1a: Sableye|75/100
|
|-heal|p2a: Moltres|82/100|[from] item: Leftovers
|-heal|p1a: Sableye|81/100|[from] item: Leftovers
|upkeep
|turn|22
|
|t:|1760332084
|move|p2a: Moltres|Ancient Power|p1a: Sableye
|-end|p1a: Sableye|Substitute
|move|p1a: Sableye|Night Shade|p2a: Moltres
|-damage|p2a: Moltres|56/100
|
|-heal|p2a: Moltres|62/100|[from] item: Leftovers
|-heal|p1a: Sableye|87/100|[from] item: Leftovers
|upkeep
|turn|23
|
|t:|1760332092
|switch|p1a: Porygon-Z|Porygon-Z|100/100
|move|p2a: Moltres|Ancient Power|p1a: Porygon-Z
|-damage|p1a: Porygon-Z|76/100
|
|-heal|p1a: Porygon-Z|82/100|[from] item: Leftovers
|-heal|p2a: Moltres|68/100|[from] item: Leftovers
|upkeep
|turn|24
|
|t:|1760332103
|switch|p2a: Blissey|Blissey, F|100/100
|-activate|p2a: Blissey|move: Sticky Web
|-unboost|p2a: Blissey|spe|1
|move|p1a: Porygon-Z|Tri Attack|p2a: Blissey
|-damage|p2a: Blissey|83/100
|
|-heal|p1a: Porygon-Z|88/100|[from] item: Leftovers
|upkeep
|turn|25
|
|t:|1760332113
|move|p1a: Porygon-Z|Tri Attack|p2a: Blissey
|-damage|p2a: Blissey|66/100
|move|p2a: Blissey|Seismic Toss|p1a: Porygon-Z
|-damage|p1a: Porygon-Z|56/100
|
|-heal|p1a: Porygon-Z|62/100|[from] item: Leftovers
|upkeep
|turn|26
|
|t:|1760332123
|move|p1a: Porygon-Z|Ice Beam|p2a: Blissey
|-damage|p2a: Blissey|57/100
|move|p2a: Blissey|Seismic Toss|p1a: Porygon-Z
|-damage|p1a: Porygon-Z|30/100
|
|-heal|p1a: Porygon-Z|36/100|[from] item: Leftovers
|upkeep
|turn|27
|
|t:|1760332131
|move|p1a: Porygon-Z|Shadow Ball|p2a: Blissey
|-immune|p2a: Blissey
|move|p2a: Blissey|Seismic Toss|p1a: Porygon-Z
|-damage|p1a: Porygon-Z|4/100
|
|-heal|p1a: Porygon-Z|10/100|[from] item: Leftovers
|upkeep
|turn|28
|
|t:|1760332139
|switch|p1a: Sableye|Sableye, M|87/100
|move|p2a: Blissey|Seismic Toss|p1a: Sableye
|-immune|p1a: Sableye
|
|-heal|p1a: Sableye|93/100|[from] item: Leftovers
|upkeep
|turn|29
|
|t:|1760332166
|switch|p2a: Clodsire|Clodsire, M|100/100
|-activate|p2a: Clodsire|move: Sticky Web
|-unboost|p2a: Clodsire|spe|1
|move|p1a: Sableye|Substitute|p1a: Sableye
|-start|p1a: Sableye|Substitute
|-damage|p1a: Sableye|68/100
|
|-heal|p1a: Sableye|74/100|[from] item: Leftovers
|upkeep
|turn|30
|
|t:|1760332175
|move|p1a: Sableye|Night Shade|p2a: Clodsire
|-damage|p2a: Clodsire|79/100
|move|p2a: Clodsire|Earthquake|p1a: Sableye
|-end|p1a: Sableye|Substitute
|
|-heal|p1a: Sableye|80/100|[from] item: Leftovers
|-heal|p2a: Clodsire|85/100|[from] item: Leftovers
|upkeep
|turn|31
|
|t:|1760332184
|move|p1a: Sableye|Substitute|p1a: Sableye
|-start|p1a: Sableye|Substitute
|-damage|p1a: Sableye|55/100
|move|p2a: Clodsire|Gunk Shot|p1a: Sableye
|-resisted|p1a: Sableye
|-activate|p1a: Sableye|move: Substitute|[damage]
|
|-heal|p1a: Sableye|61/100|[from] item: Leftovers
|-heal|p2a: Clodsire|91/100|[from] item: Leftovers
|upkeep
|turn|32
|
|t:|1760332193
|move|p1a: Sableye|Encore|p2a: Clodsire
|-start|p2a: Clodsire|Encore
|move|p2a: Clodsire|Gunk Shot|p1a: Sableye
|-resisted|p1a: Sableye
|-end|p1a: Sableye|Substitute
|
|-heal|p1a: Sableye|67/100|[from] item: Leftovers
|-heal|p2a: Clodsire|98/100|[from] item: Leftovers
|upkeep
|turn|33
|
|t:|1760332201
|move|p1a: Sableye|Substitute|p1a: Sableye
|-start|p1a: Sableye|Substitute
|-damage|p1a: Sableye|42/100
|move|p2a: Clodsire|Gunk Shot|p1a: Sableye
|-resisted|p1a: Sableye
|-activate|p1a: Sableye|move: Substitute|[damage]
|
|-heal|p1a: Sableye|48/100|[from] item: Leftovers
|-heal|p2a: Clodsire|100/100|[from] item: Leftovers
|upkeep
|turn|34
|
|t:|1760332209
|move|p1a: Sableye|Disable|p2a: Clodsire
|-start|p2a: Clodsire|Disable|Gunk Shot
|cant|p2a: Clodsire|Disable|Gunk Shot
|
|-heal|p1a: Sableye|54/100|[from] item: Leftovers
|-end|p2a: Clodsire|Encore
|upkeep
|turn|35
|
|t:|1760332216
|move|p1a: Sableye|Encore|p2a: Clodsire
|-start|p2a: Clodsire|Encore
|cant|p2a: Clodsire|Disable|Gunk Shot
|
|-heal|p1a: Sableye|60/100|[from] item: Leftovers
|upkeep
|turn|36
|
|t:|1760332225
|switch|p2a: Blissey|Blissey, F|57/100
|-activate|p2a: Blissey|move: Sticky Web
|-unboost|p2a: Blissey|spe|1
|move|p1a: Sableye|Night Shade|p2a: Blissey
|-immune|p2a: Blissey
|
|-heal|p1a: Sableye|66/100|[from] item: Leftovers
|upkeep
|turn|37
|
|t:|1760332234
|move|p1a: Sableye|Substitute|p1a: Sableye
|-fail|p1a: Sableye|move: Substitute
|move|p2a: Blissey|Soft-Boiled|p2a: Blissey
|-heal|p2a: Blissey|100/100
|
|-heal|p1a: Sableye|72/100|[from] item: Leftovers
|upkeep
|turn|38
|
|t:|1760332246
|switch|p2a: Moltres|Moltres|68/100
|move|p1a: Sableye|Night Shade|p2a: Moltres
|-damage|p2a: Moltres|42/100
|
|-heal|p2a: Moltres|49/100|[from] item: Leftovers
|-heal|p1a: Sableye|78/100|[from] item: Leftovers
|upkeep
|turn|39
|
|t:|1760332266
|switch|p1a: Porygon-Z|Porygon-Z|10/100
|move|p2a: Moltres|Roost|p2a: Moltres
|-heal|p2a: Moltres|99/100
|-singleturn|p2a: Moltres|move: Roost
|
|-heal|p1a: Porygon-Z|16/100|[from] item: Leftovers
|-heal|p2a: Moltres|100/100|[from] item: Leftovers
|upkeep
|turn|40
|
|t:|1760332275
|switch|p2a: Blissey|Blissey, F|100/100
|-activate|p2a: Blissey|move: Sticky Web
|-unboost|p2a: Blissey|spe|1
|move|p1a: Porygon-Z|Tri Attack|p2a: Blissey
|-damage|p2a: Blissey|84/100
|
|-heal|p1a: Porygon-Z|22/100|[from] item: Leftovers
|upkeep
|turn|41
|
|t:|1760332283
|switch|p1a: Sableye|Sableye, M|78/100
|move|p2a: Blissey|Flamethrower|p1a: Sableye
|-damage|p1a: Sableye|40/100
|
|-heal|p1a: Sableye|46/100|[from] item: Leftovers
|upkeep
|turn|42
|
|t:|1760332292
|move|p1a: Sableye|Disable|p2a: Blissey
|-start|p2a: Blissey|Disable|Flamethrower
|cant|p2a: Blissey|Disable|Flamethrower
|
|-heal|p1a: Sableye|52/100|[from] item: Leftovers
|upkeep
|turn|43
|-message|ljboihpiojno forfeited.
|
|win|kpo2022
|raw|ljboihpiojno's rating: 1202 &rarr; <strong>1177</strong><br />(-25 for losing)
|raw|kpo2022's rating: 1197 &rarr; <strong>1222</strong><br />(+25 for winning)
|l|☆ljboihpiojno
|player|p1|
|l|☆kpo2022
|player|p2|
