|j|☆linclown
|j|☆ShinyAssassinx
|t:|1760333404
|gametype|singles
|player|p1|linclown|miku-ghost|1516
|player|p2|ShinyAssassinx|101|1534
|gen|9
|tier|[Gen 9] OU
|rated|
|rule|HP Percentage Mod: HP is shown in percentages
|rule|Endless Battle Clause: Forcing endless battles is banned
|rule|Species Clause: Limit one of each Pokémon
|rule|OHKO Clause: OHKO moves are banned
|rule|Evasion Items Clause: Evasion items are banned
|rule|Evasion Moves Clause: Evasion moves are banned
|rule|Evasion Abilities Clause: Evasion abilities are banned
|rule|Sleep Moves Clause: Sleep-inducing moves are banned
|clearpoke
|poke|p1|Mandibuzz, F|
|poke|p1|Reuniclus, M|
|poke|p1|Ogerpon-Wellspring, F|
|poke|p1|Tinkaton, F|
|poke|p1|Cinderace, M|
|poke|p1|Slowking-Galar, F|
|poke|p2|Scizor, M|
|poke|p2|Dragonite, F|
|poke|p2|Araquanid, M|
|poke|p2|Scyther, F|
|poke|p2|Ceruledge, F|
|poke|p2|Garchomp, M|
|teampreview
|inactive|Battle timer is ON: inactive players will automatically lose when time's up. (requested by ShinyAssassinx)
|
|t:|1760333423
|teamsize|p1|6
|teamsize|p2|6
|start
|switch|p1a: Tinkaton|Tinkaton, F|100/100
|switch|p2a: Araquanid|Araquanid, M|100/100
|-ability|p1a: Tinkaton|Mold Breaker
|turn|1
|
|t:|1760333434
|move|p1a: Tinkaton|Stealth Rock|p2a: Araquanid
|-sidestart|p2: ShinyAssassinx|move: Stealth Rock
|move|p2a: Araquanid|Hydro Pump|p1a: Tinkaton|[miss]
|-miss|p2a: Araquanid|p1a: Tinkaton
|
|upkeep
|turn|2
|
|t:|1760333444
|move|p1a: Tinkaton|Thunder Wave|p2a: Araquanid
|-status|p2a: Araquanid|par
|cant|p2a: Araquanid|par
|
|upkeep
|turn|3
|c|☆ShinyAssassinx|Wonderful fucking game
|
|t:|1760333457
|move|p1a: Tinkaton|Encore|p2a: Araquanid
|-start|p2a: Araquanid|Encore
|move|p2a: Araquanid|Hydro Pump|p1a: Tinkaton
|-damage|p1a: Tinkaton|15/100
|
|-heal|p1a: Tinkaton|21/100|[from] item: Leftovers
|upkeep
|turn|4
|
|t:|1760333463
|switch|p1a: Ogerpon|Ogerpon-Wellspring, F|100/100
|move|p2a: Araquanid|Hydro Pump|p1a: Ogerpon
|-immune|p1a: Ogerpon|[from] ability: Water Absorb
|
|upkeep
|turn|5
|
|t:|1760333475
|switch|p2a: Scyther|Scyther, F|100/100
|-damage|p2a: Scyther|50/100|[from] Stealth Rock
|move|p1a: Ogerpon|Knock Off|p2a: Scyther
|-damage|p2a: Scyther|0 fnt
|-enditem|p2a: Scyther|Focus Sash|[from] move: Knock Off|[of] p1a: Ogerpon
|faint|p2a: Scyther
|
|upkeep
|
|t:|1760333493
|switch|p2a: Scizor|Scizor, M|100/100
|-damage|p2a: Scizor|88/100|[from] Stealth Rock
|turn|6
|
|t:|1760333516
|-terastallize|p1a: Ogerpon|Water
|detailschange|p1a: Ogerpon|Ogerpon-Wellspring-Tera, F, tera:Water
|-ability|p1a: Ogerpon|Embody Aspect (Wellspring)|boost
|-boost|p1a: Ogerpon|spd|1
|move|p1a: Ogerpon|Ivy Cudgel|p2a: Scizor|[anim] Ivy Cudgel Water
|-crit|p2a: Scizor
|-damage|p2a: Scizor|0 fnt
|faint|p2a: Scizor
|
|upkeep
|c|☆linclown|pokemon
|
|t:|1760333538
|switch|p2a: Garchomp|Garchomp, M|100/100
|-damage|p2a: Garchomp|94/100|[from] Stealth Rock
|turn|7
|
|t:|1760333549
|move|p1a: Ogerpon|Ivy Cudgel|p2a: Garchomp|[anim] Ivy Cudgel Water
|-damage|p2a: Garchomp|10/100
|move|p2a: Garchomp|Swords Dance|p2a: Garchomp
|-boost|p2a: Garchomp|atk|2
|
|upkeep
|turn|8
|
|t:|1760333554
|move|p1a: Ogerpon|Ivy Cudgel|p2a: Garchomp|[anim] Ivy Cudgel Water
|-damage|p2a: Garchomp|0 fnt
|faint|p2a: Garchomp
|
|upkeep
|
|t:|1760333557
|switch|p2a: Dragonite|Dragonite, F|100/100
|turn|9
|
|t:|1760333564
|move|p1a: Ogerpon|Knock Off|p2a: Dragonite
|-damage|p2a: Dragonite|80/100
|-enditem|p2a: Dragonite|Heavy-Duty Boots|[from] move: Knock Off|[of] p1a: Ogerpon
|move|p2a: Dragonite|Dragon Dance|p2a: Dragonite
|-boost|p2a: Dragonite|atk|1
|-boost|p2a: Dragonite|spe|1
|
|upkeep
|turn|10
|
|t:|1760333574
|move|p2a: Dragonite|Dragon Dance|p2a: Dragonite
|-boost|p2a: Dragonite|atk|1
|-boost|p2a: Dragonite|spe|1
|move|p1a: Ogerpon|U-turn|p2a: Dragonite
|-resisted|p2a: Dragonite
|-damage|p2a: Dragonite|64/100
|
|t:|1760333577
|switch|p1a: Mandibuzz|Mandibuzz, F|100/100|[from] U-turn
|
|upkeep
|turn|11
|
|t:|1760333587
|move|p2a: Dragonite|Dragon Claw|p1a: Mandibuzz
|-damage|p1a: Mandibuzz|46/100
|move|p1a: Mandibuzz|Foul Play|p2a: Dragonite
|-damage|p2a: Dragonite|0 fnt
|faint|p2a: Dragonite
|
|upkeep
|-message|ShinyAssassinx forfeited.
|
|win|linclown
|raw|linclown's rating: 1516 &rarr; <strong>1537</strong><br />(+21 for winning)
|raw|ShinyAssassinx's rating: 1534 &rarr; <strong>1513</strong><br />(-21 for losing)
|l|☆ShinyAssassinx
|player|p2|
|l|☆linclown
|player|p1|
