|j|☆kinsword
|j|☆vghhjg
|t:|1760453917
|gametype|singles
|player|p1|kinsword|2|1506
|player|p2|vghhjg|265|1542
|gen|9
|tier|[Gen 9] OU
|rated|
|rule|HP Percentage Mod: HP is shown in percentages
|rule|Endless Battle Clause: Forcing endless battles is banned
|rule|Species Clause: Limit one of each Pokémon
|rule|OHKO Clause: OHKO moves are banned
|rule|Evasion Items Clause: Evasion items are banned
|rule|Evasion Moves Clause: Evasion moves are banned
|rule|Evasion Abilities Clause: Evasion abilities are banned
|rule|Sleep Moves Clause: Sleep-inducing moves are banned
|clearpoke
|poke|p1|Dudunsparce-*, M|
|poke|p1|Greninja-*, M|
|poke|p1|Skarmory, M|
|poke|p1|Iron Treads|
|poke|p1|Fezandipiti, M|
|poke|p1|Haxorus, F|
|poke|p2|Ribombee, M|
|poke|p2|Gholdengo|
|poke|p2|Cinderace, F|
|poke|p2|Primarina, M|
|poke|p2|Dragonite, F|
|poke|p2|Rillaboom, F|
|teampreview
|inactive|Battle timer is ON: inactive players will automatically lose when time's up. (requested by kinsword)
|
|t:|1760453954
|teamsize|p1|6
|teamsize|p2|6
|start
|switch|p1a: Iron Treads|Iron Treads|100/100
|switch|p2a: Ribombee|Ribombee, M|100/100
|turn|1
|
|t:|1760453964
|move|p2a: Ribombee|Stun Spore|p1a: Iron Treads
|-status|p1a: Iron Treads|par
|move|p1a: Iron Treads|Rapid Spin|p2a: Ribombee
|-damage|p2a: Ribombee|71/100
|-boost|p1a: Iron Treads|spe|1
|
|upkeep
|turn|2
|
|t:|1760453971
|move|p2a: Ribombee|Sticky Web|p1a: Iron Treads
|-sidestart|p1: kinsword|move: Sticky Web
|cant|p1a: Iron Treads|par
|
|upkeep
|turn|3
|
|t:|1760453982
|switch|p2a: Gholdengo|Gholdengo|100/100
|-item|p2a: Gholdengo|Air Balloon
|move|p1a: Iron Treads|Ice Spinner|p2a: Gholdengo
|-resisted|p2a: Gholdengo
|-damage|p2a: Gholdengo|92/100
|-enditem|p2a: Gholdengo|Air Balloon
|
|upkeep
|turn|4
|
|t:|1760453992
|move|p2a: Gholdengo|Hex|p1a: Iron Treads
|-damage|p1a: Iron Treads|42/100 par
|move|p1a: Iron Treads|Earthquake|p2a: Gholdengo
|-supereffective|p2a: Gholdengo
|-damage|p2a: Gholdengo|22/100
|
|-heal|p1a: Iron Treads|49/100 par|[from] item: Leftovers
|upkeep
|turn|5
|
|t:|1760454006
|-end|p1a: Iron Treads|Quark Drive|[silent]
|switch|p1a: Greninja|Greninja, M|100/100
|-activate|p1a: Greninja|move: Sticky Web
|-unboost|p1a: Greninja|spe|1
|move|p2a: Gholdengo|Hex|p1a: Greninja
|-resisted|p1a: Greninja
|-damage|p1a: Greninja|78/100
|
|upkeep
|turn|6
|
|t:|1760454017
|switch|p2a: Ribombee|Ribombee, M|71/100
|move|p1a: Greninja|Dark Pulse|p2a: Ribombee
|-start|p1a: Greninja|typechange|Dark|[from] ability: Protean
|-resisted|p2a: Ribombee
|-damage|p2a: Ribombee|40/100
|
|upkeep
|turn|7
|
|t:|1760454028
|switch|p1a: Iron Treads|Iron Treads|49/100 par
|-activate|p1a: Iron Treads|move: Sticky Web
|-unboost|p1a: Iron Treads|spe|1
|move|p2a: Ribombee|Stun Spore|p1a: Iron Treads
|-fail|p1a: Iron Treads|par
|
|-heal|p1a: Iron Treads|55/100 par|[from] item: Leftovers
|upkeep
|turn|8
|
|t:|1760454039
|switch|p2a: Gholdengo|Gholdengo|22/100
|move|p1a: Iron Treads|Earthquake|p2a: Gholdengo
|-supereffective|p2a: Gholdengo
|-damage|p2a: Gholdengo|0 fnt
|faint|p2a: Gholdengo
|
|-heal|p1a: Iron Treads|61/100 par|[from] item: Leftovers
|upkeep
|
|t:|1760454042
|switch|p2a: Primarina|Primarina, M|100/100
|turn|9
|
|t:|1760454052
|-end|p1a: Iron Treads|Quark Drive|[silent]
|switch|p1a: Fezandipiti|Fezandipiti, M|100/100
|-activate|p1a: Fezandipiti|move: Sticky Web
|-unboost|p1a: Fezandipiti|spe|1
|move|p2a: Primarina|Surf|p1a: Fezandipiti
|-damage|p1a: Fezandipiti|69/100
|
|-heal|p1a: Fezandipiti|75/100|[from] item: Leftovers
|upkeep
|turn|10
|
|t:|1760454062
|switch|p2a: Ribombee|Ribombee, M|40/100
|move|p1a: Fezandipiti|Gunk Shot|p2a: Ribombee
|-supereffective|p2a: Ribombee
|-damage|p2a: Ribombee|0 fnt
|faint|p2a: Ribombee
|
|-heal|p1a: Fezandipiti|82/100|[from] item: Leftovers
|upkeep
|
|t:|1760454071
|switch|p2a: Cinderace|Cinderace, F|100/100
|turn|11
|
|t:|1760454086
|switch|p1a: Dudunsparce|Dudunsparce-Three-Segment, M|100/100
|-activate|p1a: Dudunsparce|move: Sticky Web
|-unboost|p1a: Dudunsparce|spe|1
|move|p2a: Cinderace|Pyro Ball|p1a: Dudunsparce
|-damage|p1a: Dudunsparce|37/100
|
|-heal|p1a: Dudunsparce|43/100|[from] item: Leftovers
|upkeep
|turn|12
|
|t:|1760454097
|move|p2a: Cinderace|Pyro Ball|p1a: Dudunsparce
|-damage|p1a: Dudunsparce|0 fnt
|faint|p1a: Dudunsparce
|
|upkeep
|
|t:|1760454102
|switch|p1a: Haxorus|Haxorus, F|100/100
|-activate|p1a: Haxorus|move: Sticky Web
|-unboost|p1a: Haxorus|spe|1
|-ability|p1a: Haxorus|Mold Breaker
|turn|13
|
|t:|1760454108
|move|p2a: Cinderace|High Jump Kick|p1a: Haxorus
|-start|p2a: Cinderace|typechange|Fighting|[from] ability: Libero
|-crit|p1a: Haxorus
|-damage|p1a: Haxorus|0 fnt
|faint|p1a: Haxorus
|
|upkeep
|
|t:|1760454117
|switch|p1a: Iron Treads|Iron Treads|61/100 par
|-activate|p1a: Iron Treads|move: Sticky Web
|-unboost|p1a: Iron Treads|spe|1
|turn|14
|
|t:|1760454125
|-terastallize|p1a: Iron Treads|Ground
|move|p2a: Cinderace|Court Change|p2a: Cinderace
|-swapsideconditions
|-activate|p2a: Cinderace|move: Court Change
|cant|p1a: Iron Treads|par
|
|-heal|p1a: Iron Treads|67/100 par|[from] item: Leftovers
|upkeep
|turn|15
|
|t:|1760454139
|move|p2a: Cinderace|High Jump Kick|p1a: Iron Treads
|-damage|p1a: Iron Treads|21/100 par
|move|p1a: Iron Treads|Rapid Spin|p2a: Cinderace
|-damage|p2a: Cinderace|77/100
|-boost|p1a: Iron Treads|spe|1
|
|-heal|p1a: Iron Treads|27/100 par|[from] item: Leftovers
|upkeep
|turn|16
|
|t:|1760454149
|move|p2a: Cinderace|Pyro Ball|p1a: Iron Treads|[miss]
|-miss|p2a: Cinderace|p1a: Iron Treads
|move|p1a: Iron Treads|Earthquake|p2a: Cinderace
|-damage|p2a: Cinderace|0 fnt
|faint|p2a: Cinderace
|
|-heal|p1a: Iron Treads|33/100 par|[from] item: Leftovers
|upkeep
|
|t:|1760454163
|switch|p2a: Rillaboom|Rillaboom, F|100/100
|-activate|p2a: Rillaboom|move: Sticky Web
|-unboost|p2a: Rillaboom|spe|1
|-fieldstart|move: Grassy Terrain|[from] ability: Grassy Surge|[of] p2a: Rillaboom
|turn|17
|
|t:|1760454171
|move|p2a: Rillaboom|Knock Off|p1a: Iron Treads
|-damage|p1a: Iron Treads|0 fnt
|-enditem|p1a: Iron Treads|Leftovers|[from] move: Knock Off|[of] p2a: Rillaboom
|faint|p1a: Iron Treads
|-end|p1a: Iron Treads|Quark Drive|[silent]
|
|upkeep
|
|t:|1760454178
|switch|p1a: Fezandipiti|Fezandipiti, M|82/100
|turn|18
|
|t:|1760454184
|move|p1a: Fezandipiti|Gunk Shot|p2a: Rillaboom|[miss]
|-miss|p1a: Fezandipiti|p2a: Rillaboom
|move|p2a: Rillaboom|Knock Off|p1a: Fezandipiti
|-resisted|p1a: Fezandipiti
|-damage|p1a: Fezandipiti|54/100
|-enditem|p1a: Fezandipiti|Leftovers|[from] move: Knock Off|[of] p2a: Rillaboom
|
|-heal|p1a: Fezandipiti|60/100|[from] Grassy Terrain
|upkeep
|turn|19
|
|t:|1760454194
|switch|p2a: Primarina|Primarina, M|100/100
|-activate|p2a: Primarina|move: Sticky Web
|-unboost|p2a: Primarina|spe|1
|move|p1a: Fezandipiti|Gunk Shot|p2a: Primarina
|-supereffective|p2a: Primarina
|-damage|p2a: Primarina|0 fnt
|faint|p2a: Primarina
|
|-heal|p1a: Fezandipiti|66/100|[from] Grassy Terrain
|upkeep
|
|t:|1760454197
|switch|p2a: Dragonite|Dragonite, F|100/100
|turn|20
|
|t:|1760454207
|switch|p1a: Skarmory|Skarmory, M|100/100
|move|p2a: Dragonite|Dragon Dance|p2a: Dragonite
|-boost|p2a: Dragonite|atk|1
|-boost|p2a: Dragonite|spe|1
|
|upkeep
|turn|21
|
|t:|1760454214
|move|p2a: Dragonite|Dragon Dance|p2a: Dragonite
|-boost|p2a: Dragonite|atk|1
|-boost|p2a: Dragonite|spe|1
|move|p1a: Skarmory|Iron Defense|p1a: Skarmory
|-boost|p1a: Skarmory|def|2
|
|-fieldend|move: Grassy Terrain
|upkeep
|turn|22
|
|t:|1760454222
|move|p2a: Dragonite|Encore|p1a: Skarmory
|-start|p1a: Skarmory|Encore
|move|p1a: Skarmory|Iron Defense|p1a: Skarmory
|-boost|p1a: Skarmory|def|2
|
|upkeep
|turn|23
|
|t:|1760454230
|switch|p1a: Fezandipiti|Fezandipiti, M|66/100
|move|p2a: Dragonite|Dragon Dance|p2a: Dragonite
|-boost|p2a: Dragonite|atk|1
|-boost|p2a: Dragonite|spe|1
|
|upkeep
|turn|24
|
|t:|1760454238
|switch|p1a: Skarmory|Skarmory, M|100/100
|move|p2a: Dragonite|Earthquake|p1a: Skarmory
|-immune|p1a: Skarmory
|
|upkeep
|turn|25
|
|t:|1760454246
|move|p2a: Dragonite|Dragon Dance|p2a: Dragonite
|-boost|p2a: Dragonite|atk|1
|-boost|p2a: Dragonite|spe|1
|move|p1a: Skarmory|Brave Bird|p2a: Dragonite
|-damage|p2a: Dragonite|82/100
|-damage|p1a: Skarmory|95/100|[from] Recoil
|
|upkeep
|turn|26
|
|t:|1760454254
|-terastallize|p2a: Dragonite|Flying
|move|p2a: Dragonite|Tera Blast|p1a: Skarmory|[anim] Tera Blast Flying
|-resisted|p1a: Skarmory
|-damage|p1a: Skarmory|45/100
|move|p1a: Skarmory|Brave Bird|p2a: Dragonite
|-damage|p2a: Dragonite|45/100
|-damage|p1a: Skarmory|33/100|[from] Recoil
|
|upkeep
|turn|27
|
|t:|1760454264
|move|p2a: Dragonite|Tera Blast|p1a: Skarmory|[anim] Tera Blast Flying
|-resisted|p1a: Skarmory
|-damage|p1a: Skarmory|0 fnt
|faint|p1a: Skarmory
|
|upkeep
|
|t:|1760454272
|switch|p1a: Greninja|Greninja, M|78/100
|turn|28
|
|t:|1760454275
|move|p2a: Dragonite|Tera Blast|p1a: Greninja|[anim] Tera Blast Flying
|-damage|p1a: Greninja|0 fnt
|faint|p1a: Greninja
|
|upkeep
|-message|kinsword forfeited.
|
|win|vghhjg
|raw|kinsword's rating: 1506 &rarr; <strong>1488</strong><br />(-18 for losing)
|raw|vghhjg's rating: 1542 &rarr; <strong>1560</strong><br />(+18 for winning)
|l|☆kinsword
|player|p1|
|l|☆vghhjg
|player|p2|
