|j|☆mahbles
|j|☆clouddsss
|t:|1760329559
|gametype|singles
|player|p1|mahbles|266|1208
|player|p2|clouddsss|2|1160
|gen|9
|tier|[Gen 9] OU
|rated|
|rule|HP Percentage Mod: HP is shown in percentages
|rule|Endless Battle Clause: Forcing endless battles is banned
|rule|Species Clause: Limit one of each Pokémon
|rule|OHKO Clause: OHKO moves are banned
|rule|Evasion Items Clause: Evasion items are banned
|rule|Evasion Moves Clause: Evasion moves are banned
|rule|Evasion Abilities Clause: Evasion abilities are banned
|rule|Sleep Moves Clause: Sleep-inducing moves are banned
|clearpoke
|poke|p1|Lokix, M|
|poke|p1|Iron Hands|
|poke|p1|Ogerpon-Wellspring, F|
|poke|p1|Great Tusk|
|poke|p1|Heatran, M|
|poke|p1|Gholdengo|
|poke|p2|Torkoal, M|
|poke|p2|Great Tusk|
|poke|p2|Kilowattrel, F|
|poke|p2|Walking Wake|
|poke|p2|Kingambit, F|
|poke|p2|Lilligant, F|
|teampreview
|
|t:|1760329607
|teamsize|p1|6
|teamsize|p2|6
|start
|switch|p1a: Great Tusk|Great Tusk|100/100
|switch|p2a: Kilowattrel|Kilowattrel, F|100/100
|turn|1
|
|t:|1760329615
|move|p2a: Kilowattrel|Air Slash|p1a: Great Tusk
|-supereffective|p1a: Great Tusk
|-damage|p1a: Great Tusk|5/100
|move|p1a: Great Tusk|Ice Spinner|p2a: Kilowattrel
|-supereffective|p2a: Kilowattrel
|-damage|p2a: Kilowattrel|10/100
|
|upkeep
|turn|2
|
|t:|1760329630
|-end|p1a: Great Tusk|Protosynthesis|[silent]
|switch|p1a: Gholdengo|Gholdengo|100/100
|move|p2a: Kilowattrel|Tera Blast|p1a: Gholdengo
|-immune|p1a: Gholdengo
|
|upkeep
|turn|3
|
|t:|1760329638
|move|p2a: Kilowattrel|Volt Switch|p1a: Gholdengo
|-damage|p1a: Gholdengo|72/100
|
|t:|1760329642
|switch|p2a: Kingambit|Kingambit, F|100/100|[from] Volt Switch
|move|p1a: Gholdengo|Shadow Ball|p2a: Kingambit
|-resisted|p2a: Kingambit
|-damage|p2a: Kingambit|84/100
|
|-heal|p1a: Gholdengo|78/100|[from] item: Leftovers
|upkeep
|turn|4
|inactive|Battle timer is ON: inactive players will automatically lose when time's up. (requested by mahbles)
|
|t:|1760329652
|move|p1a: Gholdengo|Thunder Wave|p2a: Kingambit
|-status|p2a: Kingambit|par
|-enditem|p2a: Kingambit|Lum Berry|[eat]
|-curestatus|p2a: Kingambit|par|[msg]
|move|p2a: Kingambit|Kowtow Cleave|p1a: Gholdengo
|-supereffective|p1a: Gholdengo
|-damage|p1a: Gholdengo|12/100
|
|-heal|p1a: Gholdengo|18/100|[from] item: Leftovers
|upkeep
|turn|5
|
|t:|1760329666
|switch|p1a: Great Tusk|Great Tusk|5/100
|-end|p2a: Kingambit|fallenundefined|[silent]
|switch|p2a: Great Tusk|Great Tusk|100/100
|
|upkeep
|turn|6
|
|t:|1760329674
|move|p1a: Great Tusk|Knock Off|p2a: Great Tusk
|-resisted|p2a: Great Tusk
|-damage|p2a: Great Tusk|90/100
|-damage|p1a: Great Tusk|0 fnt|[from] item: Rocky Helmet|[of] p2a: Great Tusk
|faint|p1a: Great Tusk
|-end|p1a: Great Tusk|Protosynthesis|[silent]
|move|p2a: Great Tusk|Rapid Spin|p1: Great Tusk|[notarget]
|-fail|p2a: Great Tusk
|
|upkeep
|
|t:|1760329684
|switch|p1a: Ogerpon|Ogerpon-Wellspring, F|100/100
|turn|7
|l|☆clouddsss
|inactive|clouddsss disconnected and has a minute to reconnect!
|player|p2|
|j| clouddaearth
|inactive|clouddsss has 30 seconds to reconnect!
|inactive|clouddsss has 20 seconds to reconnect!
|inactive|clouddsss has 15 seconds to reconnect!
|inactive|clouddsss has 10 seconds to reconnect!
|inactive|clouddsss has 5 seconds to reconnect!
|-message|clouddsss lost due to inactivity.
|
|win|mahbles
|raw|mahbles's rating: 1208 &rarr; <strong>1230</strong><br />(+22 for winning)
|raw|clouddsss's rating: 1160 &rarr; <strong>1138</strong><br />(-22 for losing)
|l|☆mahbles
|player|p1|
