|j|☆LanceStern
|j|☆spongeon
|t:|1760328332
|gametype|singles
|player|p1|LanceStern|brock|1378
|player|p2|spongeon|2|1342
|gen|9
|tier|[Gen 9] OU
|rated|
|rule|HP Percentage Mod: HP is shown in percentages
|rule|Endless Battle Clause: Forcing endless battles is banned
|rule|Species Clause: Limit one of each Pokémon
|rule|OHKO Clause: OHKO moves are banned
|rule|Evasion Items Clause: Evasion items are banned
|rule|Evasion Moves Clause: Evasion moves are banned
|rule|Evasion Abilities Clause: Evasion abilities are banned
|rule|Sleep Moves Clause: Sleep-inducing moves are banned
|clearpoke
|poke|p1|Rillaboom, M|
|poke|p1|Azumarill, F|
|poke|p1|Kleavor, F|
|poke|p1|Ceruledge, M|
|poke|p1|Dragonite, M|
|poke|p1|Slowking-Galar, M|
|poke|p2|Zamazenta-*|
|poke|p2|Zapdos|
|poke|p2|Maushold|
|poke|p2|Comfey, F|
|poke|p2|Pecharunt|
|poke|p2|Chansey, F|
|teampreview
|
|t:|1760328363
|teamsize|p1|6
|teamsize|p2|6
|start
|switch|p1a: Kleavor|Kleavor, F|100/100
|switch|p2a: Zapdos|Zapdos|100/100
|turn|1
|
|t:|1760328371
|move|p2a: Zapdos|Volt Switch|p1a: Kleavor
|-damage|p1a: Kleavor|42/100
|
|t:|1760328378
|switch|p2a: Pecharunt|Pecharunt|100/100|[from] Volt Switch
|move|p1a: Kleavor|Stone Axe|p2a: Pecharunt
|-damage|p2a: Pecharunt|68/100
|-sidestart|p2: spongeon|move: Stealth Rock
|
|-heal|p2a: Pecharunt|74/100|[from] item: Leftovers
|upkeep
|turn|2
|
|t:|1760328387
|move|p1a: Kleavor|X-Scissor|p2a: Pecharunt
|-resisted|p2a: Pecharunt
|-damage|p2a: Pecharunt|64/100
|move|p2a: Pecharunt|Malignant Chain|p1a: Kleavor
|-resisted|p1a: Kleavor
|-damage|p1a: Kleavor|23/100
|-status|p1a: Kleavor|tox
|-start|p1a: Kleavor|confusion|[from] ability: Poison Puppeteer|[of] p2a: Pecharunt
|
|-heal|p2a: Pecharunt|70/100|[from] item: Leftovers
|-damage|p1a: Kleavor|17/100 tox|[from] psn
|upkeep
|turn|3
|
|t:|1760328396
|switch|p1a: Slowking|Slowking-Galar, M|100/100
|move|p2a: Pecharunt|Parting Shot|p1a: Slowking
|-unboost|p1a: Slowking|atk|1
|-unboost|p1a: Slowking|spa|1
|
|t:|1760328410
|switch|p2a: Maushold|Maushold|100/100|[from] Parting Shot
|-damage|p2a: Maushold|88/100|[from] Stealth Rock
|
|upkeep
|turn|4
|
|t:|1760328416
|move|p2a: Maushold|Tidy Up|p2a: Maushold
|-sideend|p2: spongeon|Stealth Rock
|-activate|p2a: Maushold|move: Tidy Up
|-boost|p2a: Maushold|atk|1
|-boost|p2a: Maushold|spe|1
|move|p1a: Slowking|Sludge Bomb|p2a: Maushold
|-damage|p2a: Maushold|48/100
|
|upkeep
|turn|5
|
|t:|1760328426
|switch|p1a: Ceruledge|Ceruledge, M|100/100
|-item|p1a: Ceruledge|Air Balloon
|move|p2a: Maushold|Population Bomb|p1a: Ceruledge
|-immune|p1a: Ceruledge
|
|upkeep
|turn|6
|
|t:|1760328441
|move|p2a: Maushold|Bite|p1a: Ceruledge
|-supereffective|p1a: Ceruledge
|-damage|p1a: Ceruledge|16/100
|-ability|p1a: Ceruledge|Weak Armor|boost
|-unboost|p1a: Ceruledge|def|1
|-boost|p1a: Ceruledge|spe|2
|-enditem|p1a: Ceruledge|Air Balloon
|cant|p1a: Ceruledge|flinch
|
|upkeep
|turn|7
|inactive|Battle timer is ON: inactive players will automatically lose when time's up. (requested by LanceStern)
|
|t:|1760328450
|move|p1a: Ceruledge|Bitter Blade|p2a: Maushold
|-damage|p2a: Maushold|0 fnt
|-heal|p1a: Ceruledge|40/100|[from] drain|[of] p2a: Maushold
|faint|p2a: Maushold
|
|upkeep
|
|t:|1760328469
|switch|p2a: Pecharunt|Pecharunt|70/100
|turn|8
|
|t:|1760328474
|move|p1a: Ceruledge|Poltergeist|p2a: Pecharunt
|-activate|p2a: Pecharunt|move: Poltergeist|Leftovers
|-supereffective|p2a: Pecharunt
|-damage|p2a: Pecharunt|0 fnt
|faint|p2a: Pecharunt
|
|upkeep
|
|t:|1760328482
|switch|p2a: Zamazenta|Zamazenta|100/100
|-ability|p2a: Zamazenta|Dauntless Shield|boost
|-boost|p2a: Zamazenta|def|1
|turn|9
|
|t:|1760328490
|move|p1a: Ceruledge|Swords Dance|p1a: Ceruledge
|-boost|p1a: Ceruledge|atk|2
|move|p2a: Zamazenta|Crunch|p1a: Ceruledge
|-supereffective|p1a: Ceruledge
|-damage|p1a: Ceruledge|0 fnt
|faint|p1a: Ceruledge
|
|upkeep
|
|t:|1760328497
|switch|p1a: Slowking|Slowking-Galar, M|100/100
|turn|10
|
|t:|1760328502
|switch|p2a: Chansey|Chansey, F|100/100
|move|p1a: Slowking|Psychic Noise|p2a: Chansey
|-damage|p2a: Chansey|88/100
|-start|p2a: Chansey|move: Heal Block
|
|upkeep
|turn|11
|
|t:|1760328507
|move|p2a: Chansey|Thunder Wave|p1a: Slowking|[miss]
|-miss|p2a: Chansey|p1a: Slowking
|-prepare|p1a: Slowking|Chilly Reception|[premajor]
|move|p1a: Slowking|Chilly Reception|p1a: Slowking
|-weather|Snowscape
|
|t:|1760328510
|switch|p1a: Kleavor|Kleavor, F|17/100 tox|[from] Chilly Reception
|
|-weather|Snowscape|[upkeep]
|-damage|p1a: Kleavor|11/100 tox|[from] psn
|-end|p2a: Chansey|move: Heal Block
|upkeep
|turn|12
|
|t:|1760328527
|move|p1a: Kleavor|Stone Axe|p2a: Chansey
|-damage|p2a: Chansey|0 fnt
|-sidestart|p2: spongeon|move: Stealth Rock
|faint|p2a: Chansey
|
|-weather|Snowscape|[upkeep]
|-damage|p1a: Kleavor|0 fnt|[from] psn
|faint|p1a: Kleavor
|upkeep
|
|t:|1760328541
|switch|p1a: Slowking|Slowking-Galar, M|100/100
|switch|p2a: Zapdos|Zapdos|100/100
|-damage|p2a: Zapdos|76/100|[from] Stealth Rock
|turn|13
|
|t:|1760328552
|move|p2a: Zapdos|Volt Switch|p1a: Slowking
|-damage|p1a: Slowking|68/100
|
|t:|1760328557
|switch|p2a: Comfey|Comfey, F|100/100|[from] Volt Switch
|-damage|p2a: Comfey|88/100|[from] Stealth Rock
|move|p1a: Slowking|Sludge Bomb|p2a: Comfey
|-supereffective|p2a: Comfey
|-damage|p2a: Comfey|8/100
|
|-weather|Snowscape|[upkeep]
|-heal|p1a: Slowking|74/100|[from] item: Black Sludge
|upkeep
|turn|14
|
|t:|1760328569
|-terastallize|p2a: Comfey|Ground
|move|p2a: Comfey|Tera Blast|p1a: Slowking|[anim] Tera Blast Ground
|-supereffective|p1a: Slowking
|-damage|p1a: Slowking|19/100
|move|p1a: Slowking|Sludge Bomb|p2a: Comfey
|-resisted|p2a: Comfey
|-damage|p2a: Comfey|0 fnt
|faint|p2a: Comfey
|
|-weather|Snowscape|[upkeep]
|-heal|p1a: Slowking|25/100|[from] item: Black Sludge
|upkeep
|
|t:|1760328575
|switch|p2a: Zamazenta|Zamazenta|100/100
|-damage|p2a: Zamazenta|94/100|[from] Stealth Rock
|turn|15
|
|t:|1760328586
|move|p2a: Zamazenta|Iron Defense|p2a: Zamazenta
|-boost|p2a: Zamazenta|def|2
|move|p1a: Slowking|Psychic Noise|p2a: Zamazenta
|-supereffective|p2a: Zamazenta
|-damage|p2a: Zamazenta|39/100
|-start|p2a: Zamazenta|move: Heal Block
|
|-weather|none
|-heal|p1a: Slowking|31/100|[from] item: Black Sludge
|upkeep
|turn|16
|
|t:|1760328598
|switch|p1a: Azumarill|Azumarill, F|100/100
|move|p2a: Zamazenta|Crunch|p1a: Azumarill
|-resisted|p1a: Azumarill
|-damage|p1a: Azumarill|89/100
|
|-end|p2a: Zamazenta|move: Heal Block
|upkeep
|turn|17
|
|t:|1760328604
|move|p2a: Zamazenta|Iron Defense|p2a: Zamazenta
|-boost|p2a: Zamazenta|def|2
|move|p1a: Azumarill|Knock Off|p2a: Zamazenta
|-resisted|p2a: Zamazenta
|-damage|p2a: Zamazenta|34/100
|-enditem|p2a: Zamazenta|Chesto Berry|[from] move: Knock Off|[of] p1a: Azumarill
|
|upkeep
|turn|18
|
|t:|1760328609
|move|p2a: Zamazenta|Iron Defense|p2a: Zamazenta
|-boost|p2a: Zamazenta|def|2
|move|p1a: Azumarill|Play Rough|p2a: Zamazenta
|-supereffective|p2a: Zamazenta
|-damage|p2a: Zamazenta|15/100
|
|upkeep
|turn|19
|
|t:|1760328619
|move|p2a: Zamazenta|Rest|p2a: Zamazenta
|-status|p2a: Zamazenta|slp|[from] move: Rest
|-heal|p2a: Zamazenta|100/100 slp|[silent]
|move|p1a: Azumarill|Play Rough|p2a: Zamazenta
|-supereffective|p2a: Zamazenta
|-damage|p2a: Zamazenta|80/100 slp
|
|upkeep
|turn|20
|
|t:|1760328625
|switch|p1a: Slowking|Slowking-Galar, M|64/100
|cant|p2a: Zamazenta|slp
|
|-heal|p1a: Slowking|70/100|[from] item: Black Sludge
|upkeep
|turn|21
|
|t:|1760328630
|cant|p2a: Zamazenta|slp
|move|p1a: Slowking|Psychic Noise|p2a: Zamazenta
|-supereffective|p2a: Zamazenta
|-damage|p2a: Zamazenta|19/100 slp
|-start|p2a: Zamazenta|move: Heal Block
|
|-heal|p1a: Slowking|76/100|[from] item: Black Sludge
|upkeep
|turn|22
|
|t:|1760328639
|-curestatus|p2a: Zamazenta|slp|[msg]
|move|p2a: Zamazenta|Crunch|p1a: Slowking
|-supereffective|p1a: Slowking
|-damage|p1a: Slowking|34/100
|move|p1a: Slowking|Psychic Noise|p2a: Zamazenta
|-supereffective|p2a: Zamazenta
|-damage|p2a: Zamazenta|0 fnt
|faint|p2a: Zamazenta
|
|-heal|p1a: Slowking|40/100|[from] item: Black Sludge
|upkeep
|
|t:|1760328645
|switch|p2a: Zapdos|Zapdos|76/100
|-damage|p2a: Zapdos|51/100|[from] Stealth Rock
|turn|23
|
|t:|1760328651
|move|p2a: Zapdos|Hurricane|p1a: Slowking|[miss]
|-miss|p2a: Zapdos|p1a: Slowking
|move|p1a: Slowking|Sludge Bomb|p2a: Zapdos
|-damage|p2a: Zapdos|8/100
|
|-heal|p1a: Slowking|46/100|[from] item: Black Sludge
|upkeep
|turn|24
|
|t:|1760328654
|move|p2a: Zapdos|Hurricane|p1a: Slowking
|-damage|p1a: Slowking|0 fnt
|faint|p1a: Slowking
|
|upkeep
|
|t:|1760328658
|switch|p1a: Azumarill|Azumarill, F|89/100
|turn|25
|
|t:|1760328660
|move|p1a: Azumarill|Aqua Jet|p2a: Zapdos
|-damage|p2a: Zapdos|0 fnt
|-status|p1a: Azumarill|par|[from] ability: Static|[of] p2a: Zapdos
|faint|p2a: Zapdos
|
|win|LanceStern
|raw|LanceStern's rating: 1378 &rarr; <strong>1396</strong><br />(+18 for winning)
|raw|spongeon's rating: 1342 &rarr; <strong>1324</strong><br />(-18 for losing)
|l|☆spongeon
|player|p2|
|l|☆LanceStern
|player|p1|
