|j|☆meowstiicc
|j|☆indigomadman
|t:|1760329131
|gametype|singles
|player|p1|meowstiicc|roxanne|1145
|player|p2|indigomadman|265|1092
|gen|9
|tier|[Gen 9] OU
|rated|
|rule|HP Percentage Mod: HP is shown in percentages
|rule|Endless Battle Clause: Forcing endless battles is banned
|rule|Species Clause: Limit one of each Pokémon
|rule|OHKO Clause: OHKO moves are banned
|rule|Evasion Items Clause: Evasion items are banned
|rule|Evasion Moves Clause: Evasion moves are banned
|rule|Evasion Abilities Clause: Evasion abilities are banned
|rule|Sleep Moves Clause: Sleep-inducing moves are banned
|clearpoke
|poke|p1|Cinderace, M|
|poke|p1|Hawlucha, F|
|poke|p1|Great Tusk|
|poke|p1|Kingambit, M|
|poke|p1|Clefable, M|
|poke|p1|Rotom-Wash|
|poke|p2|Haxorus, M|
|poke|p2|Weavile, M|
|poke|p2|Electrode-Hisui|
|poke|p2|Darkrai|
|poke|p2|Uxie|
|poke|p2|Latias, F|
|teampreview
|
|t:|1760329140
|teamsize|p1|6
|teamsize|p2|6
|start
|switch|p1a: Great Tusk|Great Tusk|100/100
|switch|p2a: Latina|Latias, F|100/100
|turn|1
|
|t:|1760329151
|move|p2a: Latina|Ice Beam|p1a: Great Tusk
|-supereffective|p1a: Great Tusk
|-damage|p1a: Great Tusk|69/100
|move|p1a: Great Tusk|Knock Off|p2a: Latina
|-supereffective|p2a: Latina
|-damage|p2a: Latina|44/100
|-enditem|p2a: Latina|Leftovers|[from] move: Knock Off|[of] p1a: Great Tusk
|
|upkeep
|turn|2
|
|t:|1760329171
|-end|p1a: Great Tusk|Protosynthesis|[silent]
|switch|p1a: Cinderace|Cinderace, M|100/100
|move|p2a: Latina|Protect||[still]
|-fail|p2a: Latina
|
|upkeep
|turn|3
|
|t:|1760329183
|switch|p2a: U-Xo2|Uxie|100/100
|move|p1a: Cinderace|U-turn|p2a: U-Xo2
|-start|p1a: Cinderace|typechange|Bug|[from] ability: Libero
|-supereffective|p2a: U-Xo2
|-damage|p2a: U-Xo2|41/100
|
|t:|1760329196
|switch|p1a: Kingambit|Kingambit, M|100/100|[from] U-turn
|-item|p1a: Kingambit|Air Balloon
|
|-heal|p2a: U-Xo2|47/100|[from] item: Leftovers
|upkeep
|turn|4
|inactive|Battle timer is ON: inactive players will automatically lose when time's up. (requested by meowstiicc)
|inactive|indigomadman has 120 seconds left.
|
|t:|1760329302
|move|p2a: U-Xo2|Protect|p2a: U-Xo2
|-singleturn|p2a: U-Xo2|Protect
|move|p1a: Kingambit|Kowtow Cleave|p2a: U-Xo2
|-activate|p2a: U-Xo2|move: Protect
|
|-heal|p2a: U-Xo2|54/100|[from] item: Leftovers
|upkeep
|turn|5
|inactive|indigomadman has 120 seconds left.
|inactive|indigomadman has 90 seconds left.
|
|t:|1760329369
|switch|p2a: Imu|Darkrai|100/100
|move|p1a: Kingambit|Kowtow Cleave|p2a: Imu
|-resisted|p2a: Imu
|-damage|p2a: Imu|70/100
|
|upkeep
|turn|6
|inactive|indigomadman has 90 seconds left.
|
|t:|1760329381
|move|p2a: Imu|Thunder|p1a: Kingambit
|-damage|p1a: Kingambit|60/100
|-enditem|p1a: Kingambit|Air Balloon
|move|p1a: Kingambit|Iron Head|p2a: Imu
|-damage|p2a: Imu|11/100
|
|upkeep
|turn|7
|inactive|indigomadman has 90 seconds left.
|
|t:|1760329391
|move|p1a: Kingambit|Sucker Punch|p2a: Imu
|-resisted|p2a: Imu
|-damage|p2a: Imu|0 fnt
|faint|p2a: Imu
|
|upkeep
|
|t:|1760329398
|switch|p2a: Zap my balls|Electrode-Hisui|100/100
|-item|p2a: Zap my balls|Air Balloon
|turn|8
|inactive|indigomadman has 90 seconds left.
|
|t:|1760329404
|move|p1a: Kingambit|Sucker Punch||[still]
|-fail|p1a: Kingambit
|move|p2a: Zap my balls|Leech Seed|p1a: Kingambit
|-start|p1a: Kingambit|move: Leech Seed
|
|-damage|p1a: Kingambit|47/100|[from] Leech Seed|[of] p2a: Zap my balls
|upkeep
|turn|9
|
|t:|1760329412
|move|p2a: Zap my balls|Protect|p2a: Zap my balls
|-singleturn|p2a: Zap my balls|Protect
|move|p1a: Kingambit|Kowtow Cleave|p2a: Zap my balls
|-activate|p2a: Zap my balls|move: Protect
|
|-damage|p1a: Kingambit|35/100|[from] Leech Seed|[of] p2a: Zap my balls
|upkeep
|turn|10
|
|t:|1760329421
|move|p1a: Kingambit|Sucker Punch|p2a: Zap my balls
|-damage|p2a: Zap my balls|40/100
|-enditem|p2a: Zap my balls|Air Balloon
|move|p2a: Zap my balls|Thunderbolt|p1a: Kingambit
|-damage|p1a: Kingambit|0 fnt
|faint|p1a: Kingambit
|
|upkeep
|
|t:|1760329429
|switch|p1a: Cinderace|Cinderace, M|100/100
|turn|11
|
|t:|1760329435
|switch|p1a: Great Tusk|Great Tusk|69/100
|move|p2a: Zap my balls|Protect||[still]
|-fail|p2a: Zap my balls
|
|upkeep
|turn|12
|
|t:|1760329442
|move|p2a: Zap my balls|Leech Seed|p1a: Great Tusk
|-start|p1a: Great Tusk|move: Leech Seed
|move|p1a: Great Tusk|Earthquake|p2a: Zap my balls
|-damage|p2a: Zap my balls|0 fnt
|faint|p2a: Zap my balls
|
|upkeep
|
|t:|1760329455
|switch|p2a: Ninjacat|Weavile, M|100/100
|-ability|p2a: Ninjacat|Pressure
|turn|13
|
|t:|1760329461
|move|p2a: Ninjacat|Fake Out|p1a: Great Tusk
|-damage|p1a: Great Tusk|62/100
|cant|p1a: Great Tusk|flinch
|
|-damage|p1a: Great Tusk|50/100|[from] Leech Seed|[of] p2a: Ninjacat
|upkeep
|turn|14
|inactive|indigomadman has 120 seconds left.
|
|t:|1760329472
|-terastallize|p1a: Great Tusk|Steel
|move|p2a: Ninjacat|Icicle Crash|p1a: Great Tusk
|-resisted|p1a: Great Tusk
|-damage|p1a: Great Tusk|38/100
|move|p1a: Great Tusk|Rapid Spin|p2a: Ninjacat
|-damage|p2a: Ninjacat|76/100
|-boost|p1a: Great Tusk|spe|1
|-end|p1a: Great Tusk|Leech Seed|[from] move: Rapid Spin|[of] p1a: Great Tusk
|
|upkeep
|turn|15
|inactive|indigomadman has 120 seconds left.
|
|t:|1760329485
|move|p2a: Ninjacat|Knock Off|p1a: Great Tusk
|-damage|p1a: Great Tusk|12/100
|-enditem|p1a: Great Tusk|Assault Vest|[from] move: Knock Off|[of] p2a: Ninjacat
|move|p1a: Great Tusk|Body Press|p2a: Ninjacat
|-supereffective|p2a: Ninjacat
|-damage|p2a: Ninjacat|0 fnt
|faint|p2a: Ninjacat
|
|upkeep
|inactive|indigomadman has 90 seconds left.
|inactive|indigomadman has 60 seconds left.
|
|t:|1760329556
|switch|p2a: Volosur raptor|Haxorus, M|100/100
|-ability|p2a: Volosur raptor|Mold Breaker
|turn|16
|
|t:|1760329562
|move|p2a: Volosur raptor|First Impression|p1a: Great Tusk
|-resisted|p1a: Great Tusk
|-damage|p1a: Great Tusk|1/100
|move|p1a: Great Tusk|Knock Off|p2a: Volosur raptor
|-damage|p2a: Volosur raptor|66/100
|-enditem|p2a: Volosur raptor|Salac Berry|[from] move: Knock Off|[of] p1a: Great Tusk
|
|upkeep
|turn|17
|inactive|indigomadman has 60 seconds left.
|
|t:|1760329571
|move|p1a: Great Tusk|Knock Off|p2a: Volosur raptor
|-damage|p2a: Volosur raptor|42/100
|move|p2a: Volosur raptor|Brick Break|p1a: Great Tusk
|-supereffective|p1a: Great Tusk
|-damage|p1a: Great Tusk|0 fnt
|faint|p1a: Great Tusk
|-end|p1a: Great Tusk|Protosynthesis|[silent]
|
|upkeep
|
|t:|1760329579
|switch|p1a: Cinderace|Cinderace, M|100/100
|turn|18
|
|t:|1760329588
|move|p1a: Cinderace|U-turn|p2a: Volosur raptor
|-start|p1a: Cinderace|typechange|Bug|[from] ability: Libero
|-damage|p2a: Volosur raptor|0 fnt
|faint|p2a: Volosur raptor
|
|t:|1760329599
|switch|p1a: Rotom|Rotom-Wash|100/100|[from] U-turn
|
|upkeep
|
|t:|1760329603
|switch|p2a: U-Xo2|Uxie|54/100
|turn|19
|
|t:|1760329619
|move|p1a: Rotom|Volt Switch|p2a: U-Xo2
|-damage|p2a: U-Xo2|28/100
|
|t:|1760329622
|switch|p1a: Cinderace|Cinderace, M|100/100|[from] Volt Switch
|move|p2a: U-Xo2|Calm Mind|p2a: U-Xo2
|-boost|p2a: U-Xo2|spa|1
|-boost|p2a: U-Xo2|spd|1
|
|-heal|p2a: U-Xo2|34/100|[from] item: Leftovers
|upkeep
|turn|20
|inactive|indigomadman has 90 seconds left.
|
|t:|1760329634
|move|p1a: Cinderace|U-turn|p2a: U-Xo2
|-start|p1a: Cinderace|typechange|Bug|[from] ability: Libero
|-supereffective|p2a: U-Xo2
|-damage|p2a: U-Xo2|0 fnt
|faint|p2a: U-Xo2
|
|t:|1760329640
|switch|p1a: Hawlucha|Hawlucha, F|100/100|[from] U-turn
|-ability|p1a: Hawlucha|Mold Breaker
|
|upkeep
|inactive|indigomadman has 90 seconds left.
|
|t:|1760329645
|switch|p2a: Latina|Latias, F|44/100
|turn|21
|
|t:|1760329650
|move|p1a: Hawlucha|Throat Chop|p2a: Latina
|-supereffective|p2a: Latina
|-damage|p2a: Latina|7/100
|-start|p2a: Latina|Throat Chop|[silent]
|move|p2a: Latina|Ice Beam|p1a: Hawlucha
|-supereffective|p1a: Hawlucha
|-damage|p1a: Hawlucha|33/100
|-status|p1a: Hawlucha|frz
|
|upkeep
|turn|22
|
|t:|1760329659
|cant|p1a: Hawlucha|frz
|move|p2a: Latina|Ice Beam|p1a: Hawlucha
|-supereffective|p1a: Hawlucha
|-damage|p1a: Hawlucha|0 fnt
|faint|p1a: Hawlucha
|
|-end|p2a: Latina|Throat Chop|[silent]
|upkeep
|
|t:|1760329665
|switch|p1a: Cinderace|Cinderace, M|100/100
|turn|23
|
|t:|1760329670
|move|p1a: Cinderace|U-turn|p2a: Latina
|-start|p1a: Cinderace|typechange|Bug|[from] ability: Libero
|-supereffective|p2a: Latina
|-damage|p2a: Latina|0 fnt
|faint|p2a: Latina
|
|win|meowstiicc
|raw|meowstiicc's rating: 1145 &rarr; <strong>1166</strong><br />(+21 for winning)
|raw|indigomadman's rating: 1092 &rarr; <strong>1072</strong><br />(-20 for losing)
|l|☆meowstiicc
|player|p1|
|l|☆indigomadman
|player|p2|
