|j|☆xdye
|j|☆stariaki
|t:|1760379485
|gametype|singles
|player|p1|xdye|iris-gen5bw2|1662
|player|p2|stariaki|265|1739
|gen|9
|tier|[Gen 9] OU
|rated|
|rule|HP Percentage Mod: HP is shown in percentages
|rule|Endless Battle Clause: Forcing endless battles is banned
|rule|Species Clause: Limit one of each Pokémon
|rule|OHKO Clause: OHKO moves are banned
|rule|Evasion Items Clause: Evasion items are banned
|rule|Evasion Moves Clause: Evasion moves are banned
|rule|Evasion Abilities Clause: Evasion abilities are banned
|rule|Sleep Moves Clause: Sleep-inducing moves are banned
|clearpoke
|poke|p1|Blissey, F|
|poke|p1|Gliscor, M|
|poke|p1|Mandibuzz, F|
|poke|p1|Pecharunt|
|poke|p1|Talonflame, M|
|poke|p1|Toxapex, F|
|poke|p2|Polteageist|
|poke|p2|Scizor, F|
|poke|p2|Dragonite, F|
|poke|p2|Great Tusk|
|poke|p2|Cinderace, M|
|poke|p2|Alomomola, F|
|teampreview
|c|☆xdye|hf
|
|t:|1760379510
|teamsize|p1|6
|teamsize|p2|6
|start
|switch|p1a: Talonflame|Talonflame, M|100/100
|switch|p2a: Dragonite|Dragonite, F|100/100
|turn|1
|
|t:|1760379514
|switch|p2a: Cinderace|Cinderace, M|100/100
|move|p1a: Talonflame|Will-O-Wisp|p2a: Cinderace
|-immune|p2a: Cinderace
|
|upkeep
|turn|2
|
|t:|1760379520
|move|p2a: Cinderace|Will-O-Wisp|p1a: Talonflame
|-immune|p1a: Talonflame
|move|p1a: Talonflame|Flamethrower|p2a: Cinderace
|-resisted|p2a: Cinderace
|-damage|p2a: Cinderace|83/100
|
|upkeep
|turn|3
|
|t:|1760379525
|move|p2a: Cinderace|Pyro Ball|p1a: Talonflame
|-resisted|p1a: Talonflame
|-damage|p1a: Talonflame|73/100
|move|p1a: Talonflame|Flamethrower|p2a: Cinderace
|-resisted|p2a: Cinderace
|-damage|p2a: Cinderace|64/100
|
|upkeep
|turn|4
|
|t:|1760379534
|move|p2a: Cinderace|U-turn|p1a: Talonflame
|-resisted|p1a: Talonflame
|-damage|p1a: Talonflame|68/100
|
|t:|1760379536
|switch|p2a: Alomomola|Alomomola, F|100/100|[from] U-turn
|move|p1a: Talonflame|Flamethrower|p2a: Alomomola
|-resisted|p2a: Alomomola
|-crit|p2a: Alomomola
|-damage|p2a: Alomomola|77/100
|
|upkeep
|turn|5
|
|t:|1760379543
|switch|p1a: Toxapex|Toxapex, F|100/100
|move|p2a: Alomomola|Flip Turn|p1a: Toxapex
|-resisted|p1a: Toxapex
|-damage|p1a: Toxapex|94/100
|
|t:|1760379550
|switch|p2a: Great Tusk|Great Tusk|100/100|[from] Flip Turn
|
|upkeep
|turn|6
|
|t:|1760379554
|switch|p1a: Talonflame|Talonflame, M|68/100
|move|p2a: Great Tusk|Knock Off|p1a: Talonflame
|-damage|p1a: Talonflame|33/100
|-enditem|p1a: Talonflame|Heavy-Duty Boots|[from] move: Knock Off|[of] p2a: Great Tusk
|
|upkeep
|turn|7
|
|t:|1760379559
|-end|p2a: Great Tusk|Protosynthesis|[silent]
|switch|p2a: Cinderace|Cinderace, M|64/100
|move|p1a: Talonflame|Roost|p1a: Talonflame
|-heal|p1a: Talonflame|83/100
|-singleturn|p1a: Talonflame|move: Roost
|
|upkeep
|turn|8
|
|t:|1760379563
|move|p2a: Cinderace|U-turn|p1a: Talonflame
|-resisted|p1a: Talonflame
|-damage|p1a: Talonflame|78/100
|
|t:|1760379564
|switch|p2a: Alomomola|Alomomola, F|100/100|[from] U-turn
|move|p1a: Talonflame|Flamethrower|p2a: Alomomola
|-resisted|p2a: Alomomola
|-damage|p2a: Alomomola|85/100
|
|upkeep
|turn|9
|
|t:|1760379566
|move|p1a: Talonflame|Will-O-Wisp|p2a: Alomomola
|-status|p2a: Alomomola|brn
|move|p2a: Alomomola|Wish|p2a: Alomomola
|
|-damage|p2a: Alomomola|79/100 brn|[from] brn
|upkeep
|turn|10
|
|t:|1760379576
|switch|p1a: Toxapex|Toxapex, F|100/100
|move|p2a: Alomomola|Flip Turn|p1a: Toxapex
|-resisted|p1a: Toxapex
|-damage|p1a: Toxapex|98/100
|inactive|Battle timer is ON: inactive players will automatically lose when time's up. (requested by stariaki)
|
|t:|1760379594
|switch|p2a: Cinderace|Cinderace, M|64/100|[from] Flip Turn
|
|-heal|p2a: Cinderace|100/100|[from] move: Wish|[wisher] Alomomola
|upkeep
|turn|11
|
|t:|1760379599
|switch|p2a: Scizor|Scizor, F|100/100
|switch|p1a: Talonflame|Talonflame, M|78/100
|
|upkeep
|turn|12
|
|t:|1760379614
|switch|p1a: Gliscor|Gliscor, M|100/100
|switch|p2a: Alomomola|Alomomola, F|100/100 brn
|
|-damage|p2a: Alomomola|94/100 brn|[from] brn
|-status|p1a: Gliscor|tox|[from] item: Toxic Orb
|upkeep
|turn|13
|c|☆stariaki|U2
|
|t:|1760379623
|move|p1a: Gliscor|Knock Off|p2a: Alomomola
|-damage|p2a: Alomomola|82/100 brn
|-damage|p1a: Gliscor|84/100 tox|[from] item: Rocky Helmet|[of] p2a: Alomomola
|-enditem|p2a: Alomomola|Rocky Helmet|[from] move: Knock Off|[of] p1a: Gliscor
|move|p2a: Alomomola|Flip Turn|p1a: Gliscor
|-supereffective|p1a: Gliscor
|-damage|p1a: Gliscor|72/100 tox
|
|t:|1760379632
|switch|p2a: Dragonite|Dragonite, F|100/100|[from] Flip Turn
|
|-heal|p1a: Gliscor|85/100 tox|[from] ability: Poison Heal
|upkeep
|turn|14
|
|t:|1760379635
|switch|p1a: Mandibuzz|Mandibuzz, F|100/100
|-terastallize|p2a: Dragonite|Steel
|move|p2a: Dragonite|Dragon Dance|p2a: Dragonite
|-boost|p2a: Dragonite|atk|1
|-boost|p2a: Dragonite|spe|1
|
|upkeep
|turn|15
|
|t:|1760379641
|move|p2a: Dragonite|Ice Spinner|p1a: Mandibuzz
|-supereffective|p1a: Mandibuzz
|-damage|p1a: Mandibuzz|54/100
|move|p1a: Mandibuzz|Foul Play|p2a: Dragonite
|-damage|p2a: Dragonite|69/100
|
|-heal|p2a: Dragonite|76/100|[from] item: Leftovers
|upkeep
|turn|16
|
|t:|1760379657
|move|p2a: Dragonite|Ice Spinner|p1a: Mandibuzz
|-supereffective|p1a: Mandibuzz
|-crit|p1a: Mandibuzz
|-damage|p1a: Mandibuzz|0 fnt
|faint|p1a: Mandibuzz
|
|-heal|p2a: Dragonite|82/100|[from] item: Leftovers
|upkeep
|
|t:|1760379662
|switch|p1a: Pecharunt|Pecharunt|100/100
|turn|17
|
|t:|1760379673
|-terastallize|p1a: Pecharunt|Dark
|move|p2a: Dragonite|Earthquake|p1a: Pecharunt
|-damage|p1a: Pecharunt|78/100
|move|p1a: Pecharunt|Foul Play|p2a: Dragonite
|-damage|p2a: Dragonite|11/100
|
|-heal|p2a: Dragonite|17/100|[from] item: Leftovers
|upkeep
|turn|18
|
|t:|1760379683
|switch|p2a: Alomomola|Alomomola, F|100/100 brn
|move|p1a: Pecharunt|Foul Play|p2a: Alomomola
|-damage|p2a: Alomomola|86/100 brn
|
|-damage|p2a: Alomomola|80/100 brn|[from] brn
|upkeep
|turn|19
|
|t:|1760379686
|move|p1a: Pecharunt|Parting Shot|p2a: Alomomola
|-unboost|p2a: Alomomola|atk|1
|-unboost|p2a: Alomomola|spa|1
|
|t:|1760379689
|switch|p1a: Toxapex|Toxapex, F|100/100|[from] Parting Shot
|move|p2a: Alomomola|Wish|p2a: Alomomola
|
|-damage|p2a: Alomomola|74/100 brn|[from] brn
|upkeep
|turn|20
|
|t:|1760379693
|move|p2a: Alomomola|Flip Turn|p1a: Toxapex
|-resisted|p1a: Toxapex
|-damage|p1a: Toxapex|99/100
|
|t:|1760379695
|switch|p2a: Dragonite|Dragonite, F, tera:Steel|17/100|[from] Flip Turn
|move|p1a: Toxapex|Toxic|p2a: Dragonite
|-immune|p2a: Dragonite
|
|-heal|p2a: Dragonite|87/100|[from] move: Wish|[wisher] Alomomola
|-heal|p2a: Dragonite|93/100|[from] item: Leftovers
|upkeep
|turn|21
|j| St.Peewee
|l| St.Peewee
|
|t:|1760379722
|switch|p1a: Talonflame|Talonflame, M|78/100
|move|p2a: Dragonite|Earthquake|p1a: Talonflame
|-immune|p1a: Talonflame
|
|-heal|p2a: Dragonite|99/100|[from] item: Leftovers
|upkeep
|turn|22
|
|t:|1760379725
|switch|p2a: Alomomola|Alomomola, F|100/100 brn
|move|p1a: Talonflame|Will-O-Wisp|p2a: Alomomola
|-fail|p2a: Alomomola|brn
|
|-damage|p2a: Alomomola|94/100 brn|[from] brn
|upkeep
|turn|23
|
|t:|1760379728
|switch|p1a: Toxapex|Toxapex, F|100/100
|move|p2a: Alomomola|Flip Turn|p1a: Toxapex
|-resisted|p1a: Toxapex
|-damage|p1a: Toxapex|97/100
|
|t:|1760379729
|switch|p2a: Dragonite|Dragonite, F, tera:Steel|99/100|[from] Flip Turn
|
|-heal|p2a: Dragonite|100/100|[from] item: Leftovers
|upkeep
|turn|24
|
|t:|1760379732
|switch|p1a: Talonflame|Talonflame, M|78/100
|move|p2a: Dragonite|Dragon Dance|p2a: Dragonite
|-boost|p2a: Dragonite|atk|1
|-boost|p2a: Dragonite|spe|1
|
|upkeep
|turn|25
|
|t:|1760379747
|switch|p2a: Alomomola|Alomomola, F|100/100 brn
|move|p1a: Talonflame|Will-O-Wisp|p2a: Alomomola
|-fail|p2a: Alomomola|brn
|
|-damage|p2a: Alomomola|94/100 brn|[from] brn
|upkeep
|turn|26
|
|t:|1760379751
|switch|p1a: Toxapex|Toxapex, F|100/100
|move|p2a: Alomomola|Flip Turn|p1a: Toxapex
|-resisted|p1a: Toxapex
|-damage|p1a: Toxapex|98/100
|
|t:|1760379762
|switch|p2a: Dragonite|Dragonite, F, tera:Steel|100/100|[from] Flip Turn
|
|upkeep
|turn|27
|
|t:|1760379768
|switch|p1a: Talonflame|Talonflame, M|78/100
|move|p2a: Dragonite|Ice Spinner|p1a: Talonflame
|-damage|p1a: Talonflame|52/100
|
|upkeep
|turn|28
|
|t:|1760379772
|switch|p2a: Alomomola|Alomomola, F|100/100 brn
|move|p1a: Talonflame|Roost|p1a: Talonflame
|-heal|p1a: Talonflame|100/100
|-singleturn|p1a: Talonflame|move: Roost
|
|-damage|p2a: Alomomola|94/100 brn|[from] brn
|upkeep
|turn|29
|
|t:|1760379777
|switch|p1a: Toxapex|Toxapex, F|100/100
|move|p2a: Alomomola|Flip Turn|p1a: Toxapex
|-resisted|p1a: Toxapex
|-damage|p1a: Toxapex|98/100
|
|t:|1760379782
|switch|p2a: Dragonite|Dragonite, F, tera:Steel|100/100|[from] Flip Turn
|
|upkeep
|turn|30
|
|t:|1760379785
|switch|p2a: Polteageist|Polteageist|100/100
|switch|p1a: Talonflame|Talonflame, M|100/100
|
|upkeep
|turn|31
|
|t:|1760379789
|switch|p1a: Blissey|Blissey, F|100/100
|move|p2a: Polteageist|Shell Smash|p2a: Polteageist
|-unboost|p2a: Polteageist|def|1
|-unboost|p2a: Polteageist|spd|1
|-boost|p2a: Polteageist|atk|2
|-boost|p2a: Polteageist|spa|2
|-boost|p2a: Polteageist|spe|2
|
|upkeep
|turn|32
|
|t:|1760379796
|move|p2a: Polteageist|Shell Smash|p2a: Polteageist
|-unboost|p2a: Polteageist|def|1
|-unboost|p2a: Polteageist|spd|1
|-boost|p2a: Polteageist|atk|2
|-boost|p2a: Polteageist|spa|2
|-boost|p2a: Polteageist|spe|2
|move|p1a: Blissey|Shadow Ball|p2a: Polteageist
|-supereffective|p2a: Polteageist
|-damage|p2a: Polteageist|27/100
|
|upkeep
|turn|33
|
|t:|1760379801
|move|p2a: Polteageist|Stored Power|p1a: Blissey
|-damage|p1a: Blissey|3/100
|move|p1a: Blissey|Shadow Ball|p2a: Polteageist
|-supereffective|p2a: Polteageist
|-damage|p2a: Polteageist|0 fnt
|faint|p2a: Polteageist
|
|upkeep
|
|t:|1760379805
|switch|p2a: Scizor|Scizor, F|100/100
|turn|34
|
|t:|1760379809
|switch|p1a: Talonflame|Talonflame, M|100/100
|move|p2a: Scizor|U-turn|p1a: Talonflame
|-resisted|p1a: Talonflame
|-damage|p1a: Talonflame|86/100
|-status|p2a: Scizor|brn|[from] ability: Flame Body|[of] p1a: Talonflame
|
|t:|1760379824
|switch|p2a: Cinderace|Cinderace, M|100/100|[from] U-turn
|
|upkeep
|turn|35
|
|t:|1760379827
|move|p2a: Cinderace|Pyro Ball|p1a: Talonflame
|-resisted|p1a: Talonflame
|-damage|p1a: Talonflame|59/100
|move|p1a: Talonflame|Flamethrower|p2a: Cinderace
|-resisted|p2a: Cinderace
|-damage|p2a: Cinderace|84/100
|
|upkeep
|turn|36
|
|t:|1760379843
|move|p2a: Cinderace|Pyro Ball|p1a: Talonflame
|-resisted|p1a: Talonflame
|-damage|p1a: Talonflame|32/100
|move|p1a: Talonflame|Roost|p1a: Talonflame
|-heal|p1a: Talonflame|82/100
|-singleturn|p1a: Talonflame|move: Roost
|
|upkeep
|turn|37
|
|t:|1760379848
|switch|p1a: Gliscor|Gliscor, M|85/100 tox
|move|p2a: Cinderace|U-turn|p1a: Gliscor
|-resisted|p1a: Gliscor
|-damage|p1a: Gliscor|76/100 tox
|
|t:|1760379851
|switch|p2a: Dragonite|Dragonite, F, tera:Steel|100/100|[from] U-turn
|
|-heal|p1a: Gliscor|89/100 tox|[from] ability: Poison Heal
|upkeep
|turn|38
|
|t:|1760379865
|switch|p1a: Talonflame|Talonflame, M|82/100
|move|p2a: Dragonite|Dragon Dance|p2a: Dragonite
|-boost|p2a: Dragonite|atk|1
|-boost|p2a: Dragonite|spe|1
|
|upkeep
|turn|39
|
|t:|1760379868
|switch|p2a: Alomomola|Alomomola, F|100/100 brn
|move|p1a: Talonflame|Will-O-Wisp|p2a: Alomomola
|-fail|p2a: Alomomola|brn
|
|-damage|p2a: Alomomola|94/100 brn|[from] brn
|upkeep
|turn|40
|
|t:|1760379875
|switch|p1a: Toxapex|Toxapex, F|100/100
|move|p2a: Alomomola|Wish|p2a: Alomomola
|
|-damage|p2a: Alomomola|88/100 brn|[from] brn
|upkeep
|turn|41
|
|t:|1760379880
|move|p2a: Alomomola|Flip Turn|p1a: Toxapex
|-resisted|p1a: Toxapex
|-damage|p1a: Toxapex|97/100
|
|t:|1760379882
|switch|p2a: Cinderace|Cinderace, M|84/100|[from] Flip Turn
|move|p1a: Toxapex|Infestation|p2a: Cinderace
|-resisted|p2a: Cinderace
|-damage|p2a: Cinderace|82/100
|-activate|p2a: Cinderace|move: Infestation|[of] p1a: Toxapex
|
|-heal|p2a: Cinderace|100/100|[from] move: Wish|[wisher] Alomomola
|-damage|p2a: Cinderace|88/100|[from] move: Infestation|[partiallytrapped]
|upkeep
|turn|42
|
|t:|1760379887
|move|p2a: Cinderace|U-turn|p1a: Toxapex
|-resisted|p1a: Toxapex
|-damage|p1a: Toxapex|88/100
|
|t:|1760379889
|switch|p2a: Alomomola|Alomomola, F|100/100 brn|[from] U-turn
|move|p1a: Toxapex|Toxic||[still]
|-fail|p1a: Toxapex
|
|-damage|p2a: Alomomola|94/100 brn|[from] brn
|upkeep
|turn|43
|
|t:|1760379897
|switch|p1a: Gliscor|Gliscor, M|89/100 tox
|move|p2a: Alomomola|Flip Turn|p1a: Gliscor
|-supereffective|p1a: Gliscor
|-damage|p1a: Gliscor|76/100 tox
|
|t:|1760379900
|switch|p2a: Dragonite|Dragonite, F, tera:Steel|100/100|[from] Flip Turn
|
|-heal|p1a: Gliscor|88/100 tox|[from] ability: Poison Heal
|upkeep
|turn|44
|
|t:|1760379912
|switch|p2a: Alomomola|Alomomola, F|100/100 brn
|switch|p1a: Talonflame|Talonflame, M|82/100
|
|-damage|p2a: Alomomola|94/100 brn|[from] brn
|upkeep
|turn|45
|
|t:|1760379920
|switch|p1a: Toxapex|Toxapex, F|100/100
|move|p2a: Alomomola|Flip Turn|p1a: Toxapex
|-resisted|p1a: Toxapex
|-damage|p1a: Toxapex|98/100
|
|t:|1760379923
|switch|p2a: Dragonite|Dragonite, F, tera:Steel|100/100|[from] Flip Turn
|
|upkeep
|turn|46
|
|t:|1760379926
|switch|p1a: Talonflame|Talonflame, M|82/100
|move|p2a: Dragonite|Dragon Dance|p2a: Dragonite
|-boost|p2a: Dragonite|atk|1
|-boost|p2a: Dragonite|spe|1
|
|upkeep
|turn|47
|
|t:|1760379930
|move|p2a: Dragonite|Ice Spinner|p1a: Talonflame
|-damage|p1a: Talonflame|47/100
|-status|p2a: Dragonite|brn|[from] ability: Flame Body|[of] p1a: Talonflame
|move|p1a: Talonflame|Will-O-Wisp|p2a: Dragonite
|-fail|p2a: Dragonite|brn
|
|-damage|p2a: Dragonite|94/100 brn|[from] brn
|upkeep
|turn|48
|
|t:|1760379934
|move|p2a: Dragonite|Dragon Dance|p2a: Dragonite
|-boost|p2a: Dragonite|atk|1
|-boost|p2a: Dragonite|spe|1
|move|p1a: Talonflame|Roost|p1a: Talonflame
|-heal|p1a: Talonflame|97/100
|-singleturn|p1a: Talonflame|move: Roost
|
|-heal|p2a: Dragonite|100/100 brn|[from] item: Leftovers
|-damage|p2a: Dragonite|94/100 brn|[from] brn
|upkeep
|turn|49
|
|t:|1760379947
|move|p2a: Dragonite|Ice Spinner|p1a: Talonflame
|-damage|p1a: Talonflame|74/100
|move|p1a: Talonflame|Flamethrower|p2a: Dragonite
|-supereffective|p2a: Dragonite
|-damage|p2a: Dragonite|55/100 brn
|
|-heal|p2a: Dragonite|61/100 brn|[from] item: Leftovers
|-damage|p2a: Dragonite|55/100 brn|[from] brn
|upkeep
|turn|50
|
|t:|1760379951
|move|p2a: Dragonite|Roost|p2a: Dragonite
|-heal|p2a: Dragonite|100/100 brn
|move|p1a: Talonflame|Flamethrower|p2a: Dragonite
|-supereffective|p2a: Dragonite
|-damage|p2a: Dragonite|80/100 brn
|
|-heal|p2a: Dragonite|87/100 brn|[from] item: Leftovers
|-damage|p2a: Dragonite|80/100 brn|[from] brn
|upkeep
|turn|51
|
|t:|1760379958
|move|p2a: Dragonite|Dragon Dance|p2a: Dragonite
|-boost|p2a: Dragonite|atk|1
|-boost|p2a: Dragonite|spe|1
|move|p1a: Talonflame|Flamethrower|p2a: Dragonite
|-supereffective|p2a: Dragonite
|-damage|p2a: Dragonite|38/100 brn
|
|-heal|p2a: Dragonite|45/100 brn|[from] item: Leftovers
|-damage|p2a: Dragonite|38/100 brn|[from] brn
|upkeep
|turn|52
|
|t:|1760379960
|move|p2a: Dragonite|Roost|p2a: Dragonite
|-heal|p2a: Dragonite|88/100 brn
|move|p1a: Talonflame|Flamethrower|p2a: Dragonite
|-supereffective|p2a: Dragonite
|-damage|p2a: Dragonite|49/100 brn
|
|-heal|p2a: Dragonite|55/100 brn|[from] item: Leftovers
|-damage|p2a: Dragonite|49/100 brn|[from] brn
|upkeep
|turn|53
|
|t:|1760379963
|move|p2a: Dragonite|Roost|p2a: Dragonite
|-heal|p2a: Dragonite|99/100 brn
|move|p1a: Talonflame|Flamethrower|p2a: Dragonite
|-supereffective|p2a: Dragonite
|-damage|p2a: Dragonite|58/100 brn
|
|-heal|p2a: Dragonite|64/100 brn|[from] item: Leftovers
|-damage|p2a: Dragonite|58/100 brn|[from] brn
|upkeep
|turn|54
|
|t:|1760379967
|move|p2a: Dragonite|Roost|p2a: Dragonite
|-heal|p2a: Dragonite|100/100 brn
|move|p1a: Talonflame|Flamethrower|p2a: Dragonite
|-supereffective|p2a: Dragonite
|-damage|p2a: Dragonite|78/100 brn
|
|-heal|p2a: Dragonite|84/100 brn|[from] item: Leftovers
|-damage|p2a: Dragonite|78/100 brn|[from] brn
|upkeep
|turn|55
|
|t:|1760379973
|move|p2a: Dragonite|Ice Spinner|p1a: Talonflame
|-damage|p1a: Talonflame|43/100
|move|p1a: Talonflame|Flamethrower|p2a: Dragonite
|-supereffective|p2a: Dragonite
|-damage|p2a: Dragonite|32/100 brn
|
|-heal|p2a: Dragonite|38/100 brn|[from] item: Leftovers
|-damage|p2a: Dragonite|32/100 brn|[from] brn
|upkeep
|turn|56
|
|t:|1760379980
|move|p2a: Dragonite|Roost|p2a: Dragonite
|-heal|p2a: Dragonite|82/100 brn
|move|p1a: Talonflame|Roost|p1a: Talonflame
|-heal|p1a: Talonflame|93/100
|-singleturn|p1a: Talonflame|move: Roost
|
|-heal|p2a: Dragonite|88/100 brn|[from] item: Leftovers
|-damage|p2a: Dragonite|82/100 brn|[from] brn
|upkeep
|turn|57
|
|t:|1760379990
|move|p2a: Dragonite|Roost|p2a: Dragonite
|-heal|p2a: Dragonite|100/100 brn
|move|p1a: Talonflame|Flamethrower|p2a: Dragonite
|-supereffective|p2a: Dragonite
|-crit|p2a: Dragonite
|-damage|p2a: Dragonite|66/100 brn
|
|-heal|p2a: Dragonite|72/100 brn|[from] item: Leftovers
|-damage|p2a: Dragonite|66/100 brn|[from] brn
|upkeep
|turn|58
|
|t:|1760379994
|move|p2a: Dragonite|Dragon Dance|p2a: Dragonite
|-boost|p2a: Dragonite|atk|1
|-boost|p2a: Dragonite|spe|1
|move|p1a: Talonflame|Flamethrower|p2a: Dragonite
|-supereffective|p2a: Dragonite
|-crit|p2a: Dragonite
|-damage|p2a: Dragonite|5/100 brn
|
|-heal|p2a: Dragonite|11/100 brn|[from] item: Leftovers
|-damage|p2a: Dragonite|5/100 brn|[from] brn
|upkeep
|turn|59
|
|t:|1760380001
|move|p2a: Dragonite|Roost|p2a: Dragonite
|-heal|p2a: Dragonite|55/100 brn
|move|p1a: Talonflame|Flamethrower|p2a: Dragonite
|-supereffective|p2a: Dragonite
|-damage|p2a: Dragonite|10/100 brn
|
|-heal|p2a: Dragonite|16/100 brn|[from] item: Leftovers
|-damage|p2a: Dragonite|10/100 brn|[from] brn
|upkeep
|turn|60
|
|t:|1760380003
|move|p2a: Dragonite|Ice Spinner|p1a: Talonflame
|-damage|p1a: Talonflame|56/100
|move|p1a: Talonflame|Flamethrower|p2a: Dragonite
|-supereffective|p2a: Dragonite
|-damage|p2a: Dragonite|0 fnt
|faint|p2a: Dragonite
|
|upkeep
|inactive|stariaki has 120 seconds left.
|inactive|stariaki has 90 seconds left.
|inactive|stariaki has 60 seconds left.
|inactive|stariaki has 30 seconds left.
|inactive|stariaki has 20 seconds left.
|inactive|stariaki has 15 seconds left.
|inactive|stariaki has 10 seconds left.
|inactive|stariaki has 5 seconds left.
|-message|stariaki lost due to inactivity.
|
|win|xdye
|raw|xdye's rating: 1662 &rarr; <strong>1686</strong><br />(+24 for winning)
|raw|stariaki's rating: 1739 &rarr; <strong>1715</strong><br />(-24 for losing)
|l|☆xdye
|player|p1|
