|j|☆CJJ85848895
|j|☆KnightTide
|t:|1760410202
|gametype|singles
|player|p1|CJJ85848895|lance|1310
|player|p2|KnightTide|marshal|1312
|gen|9
|tier|[Gen 9] OU
|rated|
|rule|HP Percentage Mod: HP is shown in percentages
|rule|Endless Battle Clause: Forcing endless battles is banned
|rule|Species Clause: Limit one of each Pokémon
|rule|OHKO Clause: OHKO moves are banned
|rule|Evasion Items Clause: Evasion items are banned
|rule|Evasion Moves Clause: Evasion moves are banned
|rule|Evasion Abilities Clause: Evasion abilities are banned
|rule|Sleep Moves Clause: Sleep-inducing moves are banned
|clearpoke
|poke|p1|Alomomola, F|
|poke|p1|Slowking-Galar, F|
|poke|p1|Hydrapple, M|
|poke|p1|Tornadus-Therian, M|
|poke|p1|Slowbro, M|
|poke|p1|Klawf, M|
|poke|p2|Scizor, F|
|poke|p2|Grimmsnarl, M|
|poke|p2|Tentacruel, F|
|poke|p2|Hydrapple, M|
|poke|p2|Arcanine-Hisui, M|
|poke|p2|Ursaluna, M|
|teampreview
|
|t:|1760410212
|teamsize|p1|6
|teamsize|p2|6
|start
|switch|p1a: Klawf|Klawf, M|100/100
|switch|p2a: Sinestro 👺|Grimmsnarl, M, shiny|100/100
|turn|1
|
|t:|1760410217
|move|p2a: Sinestro 👺|Parting Shot|p1a: Klawf
|-unboost|p1a: Klawf|atk|1
|-unboost|p1a: Klawf|spa|1
|
|t:|1760410222
|switch|p2a: Krimzon ✂️|Scizor, F|100/100|[from] Parting Shot
|move|p1a: Klawf|Stealth Rock|p2a: Krimzon ✂️
|-sidestart|p2: KnightTide|move: Stealth Rock
|
|upkeep
|turn|2
|inactive|Battle timer is ON: inactive players will automatically lose when time's up. (requested by KnightTide)
|
|t:|1760410245
|switch|p1a: Tornadus|Tornadus-Therian, M|100/100
|move|p2a: Krimzon ✂️|Tailwind|p2a: Krimzon ✂️
|-sidestart|p2: KnightTide|move: Tailwind
|
|upkeep
|turn|3
|
|t:|1760410260
|switch|p2a: Tora Khan 🐯|Arcanine-Hisui, M, shiny|100/100
|-damage|p2a: Tora Khan 🐯|76/100|[from] Stealth Rock
|move|p1a: Tornadus|Heat Wave|p2a: Tora Khan 🐯
|-resisted|p2a: Tora Khan 🐯
|-damage|p2a: Tora Khan 🐯|67/100
|
|upkeep
|turn|4
|
|t:|1760410272
|switch|p1a: Alomomola|Alomomola, F|100/100
|move|p2a: Tora Khan 🐯|Flare Blitz|p1a: Alomomola
|-resisted|p1a: Alomomola
|-damage|p1a: Alomomola|62/100
|
|upkeep
|turn|5
|
|t:|1760410282
|switch|p2a: Ladon 🐲|Hydrapple, M, shiny|100/100
|-damage|p2a: Ladon 🐲|88/100|[from] Stealth Rock
|move|p1a: Alomomola|Flip Turn|p2a: Ladon 🐲
|-resisted|p2a: Ladon 🐲
|-damage|p2a: Ladon 🐲|85/100
|
|t:|1760410289
|switch|p1a: Tornadus|Tornadus-Therian, M|100/100|[from] Flip Turn
|
|-sideend|p2: KnightTide|move: Tailwind
|upkeep
|turn|6
|
|t:|1760410300
|-terastallize|p2a: Ladon 🐲|Steel
|move|p1a: Tornadus|Nasty Plot|p1a: Tornadus
|-boost|p1a: Tornadus|spa|2
|move|p2a: Ladon 🐲|Infestation|p1a: Tornadus
|-resisted|p1a: Tornadus
|-damage|p1a: Tornadus|96/100
|-activate|p1a: Tornadus|move: Infestation|[of] p2a: Ladon 🐲
|
|-damage|p1a: Tornadus|84/100|[from] move: Infestation|[partiallytrapped]
|upkeep
|turn|7
|
|t:|1760410310
|switch|p2a: Warmonger 🪼|Tentacruel, F|100/100
|-damage|p2a: Warmonger 🪼|88/100|[from] Stealth Rock
|move|p1a: Tornadus|Heat Wave|p2a: Warmonger 🪼
|-resisted|p2a: Warmonger 🪼
|-damage|p2a: Warmonger 🪼|71/100
|
|-end|p1a: Tornadus|Infestation|[partiallytrapped]|[silent]
|upkeep
|turn|8
|
|t:|1760410322
|move|p1a: Tornadus|Bleakwind Storm|p2a: Warmonger 🪼
|-damage|p2a: Warmonger 🪼|19/100
|-unboost|p2a: Warmonger 🪼|spe|1
|move|p2a: Warmonger 🪼|Rapid Spin|p1a: Tornadus
|-damage|p1a: Tornadus|73/100
|-boost|p2a: Warmonger 🪼|spe|1
|-sideend|p2: KnightTide|Stealth Rock|[from] move: Rapid Spin|[of] p2a: Warmonger 🪼
|
|upkeep
|turn|9
|
|t:|1760410333
|move|p1a: Tornadus|Bleakwind Storm|p2a: Warmonger 🪼
|-damage|p2a: Warmonger 🪼|0 fnt
|faint|p2a: Warmonger 🪼
|
|upkeep
|
|t:|1760410335
|switch|p2a: Joe 🌟|Ursaluna, M, shiny|100/100
|turn|10
|
|t:|1760410343
|-terastallize|p1a: Tornadus|Ground
|move|p1a: Tornadus|Tera Blast|p2a: Joe 🌟|[anim] Tera Blast Ground
|-damage|p2a: Joe 🌟|25/100
|move|p2a: Joe 🌟|Avalanche|p1a: Tornadus
|-supereffective|p1a: Tornadus
|-damage|p1a: Tornadus|0 fnt
|faint|p1a: Tornadus
|
|-status|p2a: Joe 🌟|brn|[from] item: Flame Orb
|upkeep
|
|t:|1760410354
|switch|p1a: Klawf|Klawf, M|100/100
|turn|11
|
|t:|1760410360
|move|p1a: Klawf|Brick Break|p2a: Joe 🌟
|-supereffective|p2a: Joe 🌟
|-damage|p2a: Joe 🌟|0 fnt
|faint|p2a: Joe 🌟
|
|upkeep
|
|t:|1760410363
|switch|p2a: Ladon 🐲|Hydrapple, M, shiny, tera:Steel|100/100
|turn|12
|
|t:|1760410370
|move|p1a: Klawf|Brick Break|p2a: Ladon 🐲
|-supereffective|p2a: Ladon 🐲
|-damage|p2a: Ladon 🐲|73/100
|move|p2a: Ladon 🐲|Giga Drain|p1a: Klawf
|-supereffective|p1a: Klawf
|-damage|p1a: Klawf|0 fnt
|-heal|p2a: Ladon 🐲|100/100|[from] drain|[of] p1a: Klawf
|faint|p1a: Klawf
|
|upkeep
|
|t:|1760410377
|switch|p1a: Hydrapple|Hydrapple, M|100/100
|turn|13
|
|t:|1760410383
|move|p1a: Hydrapple|Earth Power|p2a: Ladon 🐲
|-supereffective|p2a: Ladon 🐲
|-damage|p2a: Ladon 🐲|41/100
|move|p2a: Ladon 🐲|Fickle Beam|p1a: Hydrapple
|-supereffective|p1a: Hydrapple
|-damage|p1a: Hydrapple|13/100
|
|upkeep
|turn|14
|
|t:|1760410389
|switch|p2a: Krimzon ✂️|Scizor, F|100/100
|move|p1a: Hydrapple|Earth Power|p2a: Krimzon ✂️
|-damage|p2a: Krimzon ✂️|61/100
|
|upkeep
|turn|15
|
|t:|1760410399
|switch|p1a: Alomomola|Alomomola, F|96/100
|move|p2a: Krimzon ✂️|U-turn|p1a: Alomomola
|-damage|p1a: Alomomola|73/100
|
|t:|1760410401
|switch|p2a: Ladon 🐲|Hydrapple, M, shiny, tera:Steel|74/100|[from] U-turn
|
|upkeep
|turn|16
|
|t:|1760410410
|move|p2a: Ladon 🐲|Fickle Beam|p1a: Alomomola
|-damage|p1a: Alomomola|50/100
|move|p1a: Alomomola|Mirror Coat|p2a: Ladon 🐲
|-damage|p2a: Ladon 🐲|16/100
|
|upkeep
|turn|17
|
|t:|1760410417
|move|p2a: Ladon 🐲|Giga Drain|p1a: Alomomola
|-supereffective|p1a: Alomomola
|-damage|p1a: Alomomola|14/100
|-heal|p2a: Ladon 🐲|39/100|[from] drain|[of] p1a: Alomomola
|move|p1a: Alomomola|Flip Turn|p2a: Ladon 🐲
|-damage|p2a: Ladon 🐲|25/100
|
|t:|1760410432
|switch|p1a: Hydrapple|Hydrapple, M|46/100|[from] Flip Turn
|
|upkeep
|turn|18
|
|t:|1760410443
|switch|p2a: Sinestro 👺|Grimmsnarl, M, shiny|100/100
|move|p1a: Hydrapple|Earth Power|p2a: Sinestro 👺
|-damage|p2a: Sinestro 👺|62/100
|
|upkeep
|turn|19
|
|t:|1760410457
|switch|p1a: Slowbro|Slowbro, M|100/100
|move|p2a: Sinestro 👺|Parting Shot|p1a: Slowbro
|-unboost|p1a: Slowbro|atk|1
|-unboost|p1a: Slowbro|spa|1
|
|t:|1760410462
|switch|p2a: Ladon 🐲|Hydrapple, M, shiny, tera:Steel|59/100|[from] Parting Shot
|
|upkeep
|turn|20
|
|t:|1760410468
|move|p2a: Ladon 🐲|Earth Power|p1a: Slowbro
|-damage|p1a: Slowbro|67/100
|move|p1a: Slowbro|Body Press|p2a: Ladon 🐲
|-supereffective|p2a: Ladon 🐲
|-damage|p2a: Ladon 🐲|19/100
|
|upkeep
|turn|21
|
|t:|1760410476
|move|p2a: Ladon 🐲|Giga Drain|p1a: Slowbro
|-supereffective|p1a: Slowbro
|-damage|p1a: Slowbro|0 fnt
|-heal|p2a: Ladon 🐲|51/100|[from] drain|[of] p1a: Slowbro
|faint|p1a: Slowbro
|
|upkeep
|
|t:|1760410481
|switch|p1a: Hydrapple|Hydrapple, M|80/100
|turn|22
|
|t:|1760410487
|switch|p1a: Slowking|Slowking-Galar, F|100/100
|switch|p2a: Krimzon ✂️|Scizor, F|61/100
|
|upkeep
|turn|23
|
|t:|1760410495
|move|p2a: Krimzon ✂️|U-turn|p1a: Slowking
|-damage|p1a: Slowking|72/100
|
|t:|1760410500
|switch|p2a: Tora Khan 🐯|Arcanine-Hisui, M, shiny|67/100|[from] U-turn
|move|p1a: Slowking|Flamethrower|p2a: Tora Khan 🐯
|-resisted|p2a: Tora Khan 🐯
|-damage|p2a: Tora Khan 🐯|58/100
|
|upkeep
|turn|24
|
|t:|1760410511
|switch|p1a: Alomomola|Alomomola, F|47/100
|move|p2a: Tora Khan 🐯|Head Smash|p1a: Alomomola
|-crit|p1a: Alomomola
|-damage|p1a: Alomomola|0 fnt
|faint|p1a: Alomomola
|
|upkeep
|
|t:|1760410520
|switch|p1a: Hydrapple|Hydrapple, M|100/100
|turn|25
|
|t:|1760410529
|switch|p2a: Krimzon ✂️|Scizor, F|61/100
|move|p1a: Hydrapple|Earth Power|p2a: Krimzon ✂️
|-damage|p2a: Krimzon ✂️|19/100
|
|upkeep
|turn|26
|
|t:|1760410541
|move|p1a: Hydrapple|Nasty Plot|p1a: Hydrapple
|-boost|p1a: Hydrapple|spa|2
|move|p2a: Krimzon ✂️|U-turn|p1a: Hydrapple
|-supereffective|p1a: Hydrapple
|-damage|p1a: Hydrapple|54/100
|
|t:|1760410543
|switch|p2a: Sinestro 👺|Grimmsnarl, M, shiny|62/100|[from] U-turn
|
|upkeep
|turn|27
|
|t:|1760410552
|move|p1a: Hydrapple|Giga Drain|p2a: Sinestro 👺
|-damage|p2a: Sinestro 👺|0 fnt
|-heal|p1a: Hydrapple|83/100|[from] drain|[of] p2a: Sinestro 👺
|faint|p2a: Sinestro 👺
|
|upkeep
|
|t:|1760410558
|switch|p2a: Tora Khan 🐯|Arcanine-Hisui, M, shiny|58/100
|turn|28
|
|t:|1760410561
|switch|p1a: Slowking|Slowking-Galar, F|100/100
|move|p2a: Tora Khan 🐯|Flare Blitz|p1a: Slowking
|-damage|p1a: Slowking|6/100
|
|upkeep
|turn|29
|
|t:|1760410573
|move|p2a: Tora Khan 🐯|Flare Blitz|p1a: Slowking
|-damage|p1a: Slowking|0 fnt
|faint|p1a: Slowking
|
|upkeep
|
|t:|1760410575
|switch|p1a: Hydrapple|Hydrapple, M|100/100
|turn|30
|
|t:|1760410578
|move|p2a: Tora Khan 🐯|Flare Blitz|p1a: Hydrapple
|-damage|p1a: Hydrapple|26/100
|-status|p1a: Hydrapple|brn
|move|p1a: Hydrapple|Earth Power|p2a: Tora Khan 🐯
|-supereffective|p2a: Tora Khan 🐯
|-damage|p2a: Tora Khan 🐯|0 fnt
|faint|p2a: Tora Khan 🐯
|
|-damage|p1a: Hydrapple|20/100 brn|[from] brn
|upkeep
|
|t:|1760410586
|switch|p2a: Ladon 🐲|Hydrapple, M, shiny, tera:Steel|84/100
|turn|31
|
|t:|1760410591
|move|p1a: Hydrapple|Earth Power|p2a: Ladon 🐲
|-supereffective|p2a: Ladon 🐲
|-damage|p2a: Ladon 🐲|17/100
|move|p2a: Ladon 🐲|Fickle Beam|p1a: Hydrapple
|-supereffective|p1a: Hydrapple
|-damage|p1a: Hydrapple|0 fnt
|faint|p1a: Hydrapple
|
|win|KnightTide
|raw|CJJ85848895's rating: 1310 &rarr; <strong>1290</strong><br />(-20 for losing)
|raw|KnightTide's rating: 1312 &rarr; <strong>1332</strong><br />(+20 for winning)
|l|☆KnightTide
|player|p2|
|l|☆CJJ85848895
|player|p1|
