|badge|p1|bronze|gen9ou|100-7
|badge|p1|bronze|gen9randombattle|100-7
|uhtml|medal-msg|<div class="broadcast-blue">Curious what those medals under the avatar are? PS now has Ladder Seasons! For more information, check out the <a href="https://www.smogon.com/forums/threads/3740067/">thread on Smogon.</a></div>
|j|☆SpongeGar & Patar
|j|☆champ bogar
|t:|1760327313
|gametype|singles
|player|p1|SpongeGar & Patar|266|1846
|player|p2|champ bogar|cynthia-masters3|1786
|gen|9
|tier|[Gen 9] OU
|rated|
|rule|HP Percentage Mod: HP is shown in percentages
|rule|Endless Battle Clause: Forcing endless battles is banned
|rule|Species Clause: Limit one of each Pokémon
|rule|OHKO Clause: OHKO moves are banned
|rule|Evasion Items Clause: Evasion items are banned
|rule|Evasion Moves Clause: Evasion moves are banned
|rule|Evasion Abilities Clause: Evasion abilities are banned
|rule|Sleep Moves Clause: Sleep-inducing moves are banned
|clearpoke
|poke|p1|Kyurem|
|poke|p1|Corviknight, M|
|poke|p1|Ting-Lu|
|poke|p1|Dondozo, M|
|poke|p1|Slowking-Galar, L99, M|
|poke|p1|Cinderace, F|
|poke|p2|Garchomp, M|
|poke|p2|Darkrai|
|poke|p2|Deoxys-Speed|
|poke|p2|Clodsire, M|
|poke|p2|Corviknight, M|
|poke|p2|Cinderace, M|
|teampreview
|inactive|Battle timer is ON: inactive players will automatically lose when time's up. (requested by champ bogar)
|inactive|SpongeGar & Patar has 120 seconds left.
|
|t:|1760327363
|teamsize|p1|6
|teamsize|p2|6
|start
|switch|p1a: Kyurem|Kyurem|100/100
|switch|p2a: Darkrai|Darkrai|100/100
|-ability|p1a: Kyurem|Pressure
|turn|1
|inactive|SpongeGar & Patar also wants the timer to be on.
|inactive|SpongeGar & Patar has 120 seconds left.
|
|t:|1760327412
|move|p2a: Darkrai|Dark Pulse|p1a: Kyurem
|-damage|p1a: Kyurem|45/100
|move|p1a: Kyurem|Freeze-Dry|p2a: Darkrai
|-damage|p2a: Darkrai|57/100
|
|-heal|p1a: Kyurem|51/100|[from] item: Leftovers
|upkeep
|turn|2
|inactive|SpongeGar & Patar has 90 seconds left.
|j| mowmowpow
|
|t:|1760327461
|move|p1a: Kyurem|Protect|p1a: Kyurem
|-singleturn|p1a: Kyurem|Protect
|move|p2a: Darkrai|Dark Pulse|p1a: Kyurem
|-activate|p1a: Kyurem|move: Protect
|
|-heal|p1a: Kyurem|58/100|[from] item: Leftovers
|upkeep
|turn|3
|inactive|SpongeGar & Patar has 60 seconds left.
|l| mowmowpow
|
|t:|1760327510
|switch|p1a: Ting-Lu|Ting-Lu|100/100
|-ability|p1a: Ting-Lu|Vessel of Ruin
|move|p2a: Darkrai|Dark Pulse|p1a: Ting-Lu
|-resisted|p1a: Ting-Lu
|-damage|p1a: Ting-Lu|87/100
|
|-heal|p1a: Ting-Lu|93/100|[from] item: Leftovers
|upkeep
|turn|4
|
|t:|1760327519
|switch|p2a: Corviknight|Corviknight, M|100/100
|-ability|p2a: Corviknight|Pressure
|move|p1a: Ting-Lu|Earthquake|p2a: Corviknight
|-immune|p2a: Corviknight
|
|-heal|p1a: Ting-Lu|99/100|[from] item: Leftovers
|upkeep
|turn|5
|
|t:|1760327529
|switch|p1a: Dondozo|Dondozo, M|100/100
|move|p2a: Corviknight|U-turn|p1a: Dondozo
|-damage|p1a: Dondozo|94/100
|
|t:|1760327539
|switch|p2a: Darkrai|Darkrai|57/100|[from] U-turn
|
|-heal|p1a: Dondozo|99/100|[from] item: Leftovers
|upkeep
|turn|6
|
|t:|1760327548
|move|p2a: Darkrai|Trick|p1a: Dondozo
|-activate|p2a: Darkrai|move: Trick|[of] p1a: Dondozo
|-item|p1a: Dondozo|Choice Specs|[from] move: Trick
|-item|p2a: Darkrai|Leftovers|[from] move: Trick
|move|p1a: Dondozo|Body Press|p2a: Darkrai
|-supereffective|p2a: Darkrai
|-damage|p2a: Darkrai|0 fnt
|faint|p2a: Darkrai
|
|upkeep
|
|t:|1760327559
|switch|p2a: Garchomp|Garchomp, M|100/100
|turn|7
|
|t:|1760327569
|switch|p1a: Corviknight|Corviknight, M|100/100
|-ability|p1a: Corviknight|Pressure
|move|p2a: Garchomp|Stealth Rock|p1a: Corviknight
|-sidestart|p1: SpongeGar & Patar|move: Stealth Rock
|
|upkeep
|turn|8
|
|t:|1760327578
|switch|p2a: Cinderace|Cinderace, M|100/100
|move|p1a: Corviknight|Defog|p2a: Cinderace
|-unboost|p2a: Cinderace|evasion|1
|-sideend|p1: SpongeGar & Patar|Stealth Rock|[from] move: Defog|[of] p1a: Corviknight
|
|upkeep
|turn|9
|
|t:|1760327588
|switch|p1a: Dondozo|Dondozo, M|99/100
|move|p2a: Cinderace|U-turn|p1a: Dondozo
|-start|p2a: Cinderace|typechange|Bug|[from] ability: Libero
|-damage|p1a: Dondozo|85/100
|
|t:|1760327591
|switch|p2a: Garchomp|Garchomp, M|100/100|[from] U-turn
|
|upkeep
|turn|10
|
|t:|1760327600
|switch|p1a: Corviknight|Corviknight, M|100/100
|-ability|p1a: Corviknight|Pressure
|move|p2a: Garchomp|Stealth Rock|p1a: Corviknight
|-sidestart|p1: SpongeGar & Patar|move: Stealth Rock
|
|upkeep
|turn|11
|inactive|SpongeGar & Patar has 90 seconds left.
|inactive|SpongeGar & Patar has 60 seconds left.
|j| theviolator3000
|
|t:|1760327650
|move|p1a: Corviknight|Defog|p2a: Garchomp
|-unboost|p2a: Garchomp|evasion|1
|-sideend|p1: SpongeGar & Patar|Stealth Rock|[from] move: Defog|[of] p1a: Corviknight
|move|p2a: Garchomp|Dragon Tail|p1a: Corviknight
|-resisted|p1a: Corviknight
|-damage|p1a: Corviknight|93/100
|-damage|p2a: Garchomp|84/100|[from] item: Rocky Helmet|[of] p1a: Corviknight
|drag|p1a: Kyurem|Kyurem|58/100
|-ability|p1a: Kyurem|Pressure
|
|-heal|p1a: Kyurem|64/100|[from] item: Leftovers
|upkeep
|turn|12
|inactive|SpongeGar & Patar has 30 seconds left.
|inactive|SpongeGar & Patar has 20 seconds left.
|inactive|SpongeGar & Patar has 15 seconds left.
|
|t:|1760327700
|switch|p2a: Cinderace|Cinderace, M|100/100
|move|p1a: Kyurem|Freeze-Dry|p2a: Cinderace
|-resisted|p2a: Cinderace
|-damage|p2a: Cinderace|76/100
|
|-heal|p1a: Kyurem|70/100|[from] item: Leftovers
|upkeep
|turn|13
|inactive|SpongeGar & Patar has 25 seconds left this turn.
|inactive|SpongeGar & Patar has 20 seconds left.
|inactive|SpongeGar & Patar has 15 seconds left.
|
|t:|1760327711
|move|p1a: Kyurem|Protect|p1a: Kyurem
|-singleturn|p1a: Kyurem|Protect
|move|p2a: Cinderace|Pyro Ball|p1a: Kyurem
|-activate|p1a: Kyurem|move: Protect
|
|-heal|p1a: Kyurem|76/100|[from] item: Leftovers
|upkeep
|turn|14
|inactive|SpongeGar & Patar has 25 seconds left this turn.
|inactive|SpongeGar & Patar has 20 seconds left.
|
|t:|1760327720
|move|p2a: Cinderace|U-turn|p1a: Kyurem
|-start|p2a: Cinderace|typechange|Bug|[from] ability: Libero
|-damage|p1a: Kyurem|42/100
|
|t:|1760327722
|switch|p2a: Corviknight|Corviknight, M|100/100|[from] U-turn
|-ability|p2a: Corviknight|Pressure
|move|p1a: Kyurem|Freeze-Dry|p2a: Corviknight
|-damage|p2a: Corviknight|65/100
|
|-heal|p1a: Kyurem|48/100|[from] item: Leftovers
|upkeep
|turn|15
|inactive|SpongeGar & Patar has 30 seconds left.
|
|t:|1760327734
|move|p1a: Kyurem|Freeze-Dry|p2a: Corviknight
|-damage|p2a: Corviknight|27/100
|move|p2a: Corviknight|Body Press|p1a: Kyurem
|-supereffective|p1a: Kyurem
|-damage|p1a: Kyurem|0 fnt
|faint|p1a: Kyurem
|
|upkeep
|inactive|SpongeGar & Patar has 30 seconds left this turn.
|inactive|SpongeGar & Patar has 20 seconds left.
|
|t:|1760327745
|switch|p1a: Cinderace|Cinderace, F|100/100
|turn|16
|inactive|SpongeGar & Patar has 30 seconds left this turn.
|
|t:|1760327755
|switch|p2a: Garchomp|Garchomp, M|84/100
|move|p1a: Cinderace|Pyro Ball|p2a: Garchomp|[miss]
|-miss|p1a: Cinderace|p2a: Garchomp
|
|upkeep
|turn|17
|inactive|SpongeGar & Patar has 30 seconds left.
|
|t:|1760327764
|-terastallize|p1a: Cinderace|Flying
|move|p1a: Cinderace|Will-O-Wisp|p2a: Garchomp
|-status|p2a: Garchomp|brn
|move|p2a: Garchomp|Earthquake|p1a: Cinderace
|-immune|p1a: Cinderace
|
|-damage|p2a: Garchomp|78/100 brn|[from] brn
|upkeep
|turn|18
|
|t:|1760327774
|move|p1a: Cinderace|Pyro Ball|p2a: Garchomp
|-resisted|p2a: Garchomp
|-damage|p2a: Garchomp|62/100 brn
|move|p2a: Garchomp|Dragon Tail|p1a: Cinderace
|-damage|p1a: Cinderace|84/100
|drag|p1a: Ting-Lu|Ting-Lu|99/100
|-ability|p1a: Ting-Lu|Vessel of Ruin
|
|-heal|p1a: Ting-Lu|100/100|[from] item: Leftovers
|-damage|p2a: Garchomp|55/100 brn|[from] brn
|upkeep
|turn|19
|j| OP Earthquakes
|
|t:|1760327784
|switch|p2a: Corviknight|Corviknight, M|27/100
|-ability|p2a: Corviknight|Pressure
|switch|p1a: Cinderace|Cinderace, F, tera:Flying|84/100
|
|upkeep
|turn|20
|
|t:|1760327794
|switch|p2a: Garchomp|Garchomp, M|55/100 brn
|move|p1a: Cinderace|Pyro Ball|p2a: Garchomp
|-resisted|p2a: Garchomp
|-damage|p2a: Garchomp|39/100 brn
|
|-damage|p2a: Garchomp|33/100 brn|[from] brn
|upkeep
|turn|21
|
|t:|1760327804
|move|p1a: Cinderace|Pyro Ball|p2a: Garchomp
|-resisted|p2a: Garchomp
|-crit|p2a: Garchomp
|-damage|p2a: Garchomp|8/100 brn
|move|p2a: Garchomp|Stealth Rock|p1a: Cinderace
|-sidestart|p1: SpongeGar & Patar|move: Stealth Rock
|
|-damage|p2a: Garchomp|1/100 brn|[from] brn
|upkeep
|turn|22
|
|t:|1760327813
|switch|p2a: Cinderace|Cinderace, M|76/100
|move|p1a: Cinderace|Court Change|p1a: Cinderace
|-swapsideconditions
|-activate|p1a: Cinderace|move: Court Change
|
|upkeep
|turn|23
|
|t:|1760327823
|move|p1a: Cinderace|U-turn|p2a: Cinderace
|-resisted|p2a: Cinderace
|-damage|p2a: Cinderace|63/100
|
|t:|1760327833
|switch|p1a: Slowking|Slowking-Galar, L99, M|100/100|[from] U-turn
|move|p2a: Cinderace|Pyro Ball|p1a: Slowking
|-damage|p1a: Slowking|43/100
|
|upkeep
|turn|24
|
|t:|1760327844
|switch|p1a: Dondozo|Dondozo, M|85/100
|move|p2a: Cinderace|Court Change|p2a: Cinderace
|-start|p2a: Cinderace|typechange|Normal|[from] ability: Libero
|-swapsideconditions
|-activate|p2a: Cinderace|move: Court Change
|
|upkeep
|turn|25
|
|t:|1760327853
|switch|p1a: Slowking|Slowking-Galar, L99, M|76/100
|move|p2a: Cinderace|U-turn|p1a: Slowking
|-damage|p1a: Slowking|50/100
|
|t:|1760327860
|switch|p2a: Garchomp|Garchomp, M|1/100 brn|[from] U-turn
|
|-damage|p2a: Garchomp|0 fnt|[from] brn
|faint|p2a: Garchomp
|upkeep
|
|t:|1760327865
|switch|p2a: Cinderace|Cinderace, M|63/100
|turn|26
|
|t:|1760327874
|switch|p1a: Dondozo|Dondozo, M|85/100
|-damage|p1a: Dondozo|73/100|[from] Stealth Rock
|move|p2a: Cinderace|Pyro Ball|p1a: Dondozo
|-resisted|p1a: Dondozo
|-damage|p1a: Dondozo|60/100
|
|upkeep
|turn|27
|
|t:|1760327884
|move|p2a: Cinderace|U-turn|p1a: Dondozo
|-start|p2a: Cinderace|typechange|Bug|[from] ability: Libero
|-crit|p1a: Dondozo
|-damage|p1a: Dondozo|38/100
|
|t:|1760327888
|switch|p2a: Clodsire|Clodsire, M|100/100|[from] U-turn
|move|p1a: Dondozo|Rest|p1a: Dondozo
|-status|p1a: Dondozo|slp|[from] move: Rest
|-heal|p1a: Dondozo|100/100 slp|[silent]
|
|upkeep
|turn|28
|
|t:|1760327901
|switch|p1a: Slowking|Slowking-Galar, L99, M|84/100
|switch|p2a: Cinderace|Cinderace, M|63/100
|
|upkeep
|turn|29
|inactive|SpongeGar & Patar has 90 seconds left.
|
|t:|1760327910
|move|p2a: Cinderace|U-turn|p1a: Slowking
|-start|p2a: Cinderace|typechange|Bug|[from] ability: Libero
|-damage|p1a: Slowking|50/100
|
|t:|1760327915
|switch|p2a: Clodsire|Clodsire, M|100/100|[from] U-turn
|move|p1a: Slowking|Sludge Bomb|p2a: Clodsire
|-resisted|p2a: Clodsire
|-damage|p2a: Clodsire|96/100
|
|-heal|p2a: Clodsire|100/100|[from] item: Leftovers
|upkeep
|turn|30
|inactive|SpongeGar & Patar has 90 seconds left.
|j| Dhoom Again
|inactive|SpongeGar & Patar has 60 seconds left.
|l| theviolator3000
|
|t:|1760327967
|switch|p1a: Cinderace|Cinderace, F, tera:Flying|84/100
|move|p2a: Clodsire|Toxic|p1a: Cinderace
|-status|p1a: Cinderace|tox
|
|-damage|p1a: Cinderace|78/100 tox|[from] psn
|upkeep
|turn|31
|inactive|SpongeGar & Patar has 60 seconds left.
|inactive|SpongeGar & Patar has 30 seconds left.
|inactive|SpongeGar & Patar has 20 seconds left.
|
|t:|1760328015
|move|p1a: Cinderace|Court Change|p1a: Cinderace
|-swapsideconditions
|-activate|p1a: Cinderace|move: Court Change
|move|p2a: Clodsire|Poison Jab|p1a: Cinderace
|-damage|p1a: Cinderace|49/100 tox
|
|-damage|p1a: Cinderace|37/100 tox|[from] psn
|upkeep
|turn|32
|inactive|SpongeGar & Patar has 30 seconds left this turn.
|inactive|SpongeGar & Patar has 20 seconds left.
|
|t:|1760328029
|move|p1a: Cinderace|U-turn|p2a: Clodsire
|-resisted|p2a: Clodsire
|-crit|p2a: Clodsire
|-damage|p2a: Clodsire|84/100
|inactive|SpongeGar & Patar has 25 seconds left this turn.
|inactive|SpongeGar & Patar has 20 seconds left.
|inactive|SpongeGar & Patar has 15 seconds left.
|
|t:|1760328040
|switch|p1a: Corviknight|Corviknight, M|93/100|[from] U-turn
|-ability|p1a: Corviknight|Pressure
|move|p2a: Clodsire|Poison Jab|p1a: Corviknight
|-immune|p1a: Corviknight
|
|-heal|p2a: Clodsire|90/100|[from] item: Leftovers
|upkeep
|turn|33
|inactive|SpongeGar & Patar has 25 seconds left this turn.
|inactive|SpongeGar & Patar has 20 seconds left.
|
|t:|1760328050
|move|p1a: Corviknight|U-turn|p2a: Clodsire
|-resisted|p2a: Clodsire
|-damage|p2a: Clodsire|82/100
|inactive|SpongeGar & Patar has 25 seconds left this turn.
|inactive|SpongeGar & Patar has 20 seconds left.
|
|t:|1760328060
|switch|p1a: Slowking|Slowking-Galar, L99, M|83/100|[from] U-turn
|move|p2a: Clodsire|Toxic|p1a: Slowking
|-immune|p1a: Slowking
|
|-heal|p2a: Clodsire|88/100|[from] item: Leftovers
|upkeep
|turn|34
|inactive|SpongeGar & Patar has 30 seconds left this turn.
|
|t:|1760328069
|switch|p1a: Cinderace|Cinderace, F, tera:Flying|37/100 tox
|move|p2a: Clodsire|Earthquake|p1a: Cinderace
|-immune|p1a: Cinderace
|
|-heal|p2a: Clodsire|94/100|[from] item: Leftovers
|-damage|p1a: Cinderace|31/100 tox|[from] psn
|upkeep
|turn|35
|inactive|SpongeGar & Patar has 30 seconds left.
|
|t:|1760328079
|move|p1a: Cinderace|Pyro Ball|p2a: Clodsire
|-damage|p2a: Clodsire|11/100
|move|p2a: Clodsire|Poison Jab|p1a: Cinderace
|-damage|p1a: Cinderace|4/100 tox
|
|-heal|p2a: Clodsire|18/100|[from] item: Leftovers
|-damage|p1a: Cinderace|0 fnt|[from] psn
|faint|p1a: Cinderace
|upkeep
|inactive|SpongeGar & Patar has 30 seconds left.
|
|t:|1760328089
|switch|p1a: Ting-Lu|Ting-Lu|100/100
|-ability|p1a: Ting-Lu|Vessel of Ruin
|turn|36
|inactive|SpongeGar & Patar has 30 seconds left.
|
|t:|1760328099
|switch|p2a: Corviknight|Corviknight, M|27/100
|-damage|p2a: Corviknight|15/100|[from] Stealth Rock
|-ability|p2a: Corviknight|Pressure
|move|p1a: Ting-Lu|Payback|p2a: Corviknight
|-damage|p2a: Corviknight|5/100
|-damage|p1a: Ting-Lu|84/100|[from] item: Rocky Helmet|[of] p2a: Corviknight
|
|-heal|p1a: Ting-Lu|90/100|[from] item: Leftovers
|upkeep
|turn|37
|
|t:|1760328113
|move|p1a: Ting-Lu|Earthquake|p2a: Corviknight
|-immune|p2a: Corviknight
|move|p2a: Corviknight|Roost|p2a: Corviknight
|-heal|p2a: Corviknight|55/100
|-singleturn|p2a: Corviknight|move: Roost
|
|-heal|p1a: Ting-Lu|96/100|[from] item: Leftovers
|upkeep
|turn|38
|
|t:|1760328122
|move|p1a: Ting-Lu|Payback|p2a: Corviknight
|-damage|p2a: Corviknight|44/100
|-damage|p1a: Ting-Lu|80/100|[from] item: Rocky Helmet|[of] p2a: Corviknight
|move|p2a: Corviknight|Roost|p2a: Corviknight
|-heal|p2a: Corviknight|94/100
|-singleturn|p2a: Corviknight|move: Roost
|
|-heal|p1a: Ting-Lu|86/100|[from] item: Leftovers
|upkeep
|turn|39
|
|t:|1760328132
|switch|p1a: Slowking|Slowking-Galar, L99, M|100/100
|move|p2a: Corviknight|U-turn|p1a: Slowking
|-damage|p1a: Slowking|85/100
|
|t:|1760328136
|switch|p2a: Cinderace|Cinderace, M|63/100|[from] U-turn
|
|upkeep
|turn|40
|inactive|champ bogar has 120 seconds left.
|
|t:|1760328189
|move|p2a: Cinderace|U-turn|p1a: Slowking
|-start|p2a: Cinderace|typechange|Bug|[from] ability: Libero
|-damage|p1a: Slowking|50/100
|
|t:|1760328191
|switch|p2a: Corviknight|Corviknight, M|94/100|[from] U-turn
|-damage|p2a: Corviknight|82/100|[from] Stealth Rock
|-ability|p2a: Corviknight|Pressure
|move|p1a: Slowking|Sludge Bomb|p2a: Corviknight
|-immune|p2a: Corviknight
|
|upkeep
|turn|41
|
|t:|1760328200
|move|p2a: Corviknight|Brave Bird|p1a: Slowking
|-damage|p1a: Slowking|14/100
|-damage|p2a: Corviknight|70/100|[from] Recoil
|move|p1a: Slowking|Future Sight|p2a: Corviknight
|-start|p1a: Slowking|move: Future Sight
|
|upkeep
|turn|42
|
|t:|1760328211
|switch|p1a: Corviknight|Corviknight, M|93/100
|-ability|p1a: Corviknight|Pressure
|move|p2a: Corviknight|Brave Bird|p1a: Corviknight
|-resisted|p1a: Corviknight
|-damage|p1a: Corviknight|82/100
|-damage|p2a: Corviknight|53/100|[from] item: Rocky Helmet|[of] p1a: Corviknight
|-damage|p2a: Corviknight|50/100|[from] Recoil
|
|upkeep
|turn|43
|
|t:|1760328221
|switch|p1a: Slowking|Slowking-Galar, L99, M|47/100
|move|p2a: Corviknight|Roost|p2a: Corviknight
|-heal|p2a: Corviknight|99/100
|-singleturn|p2a: Corviknight|move: Roost
|
|-end|p2a: Corviknight|move: Future Sight
|-resisted|p2a: Corviknight
|-damage|p2a: Corviknight|78/100
|upkeep
|turn|44
|
|t:|1760328231
|switch|p1a: Ting-Lu|Ting-Lu|86/100
|-ability|p1a: Ting-Lu|Vessel of Ruin
|move|p2a: Corviknight|U-turn|p1a: Ting-Lu
|-supereffective|p1a: Ting-Lu
|-damage|p1a: Ting-Lu|69/100
|
|t:|1760328233
|switch|p2a: Cinderace|Cinderace, M|63/100|[from] U-turn
|
|-heal|p1a: Ting-Lu|76/100|[from] item: Leftovers
|upkeep
|turn|45
|
|t:|1760328242
|move|p2a: Cinderace|U-turn|p1a: Ting-Lu
|-start|p2a: Cinderace|typechange|Bug|[from] ability: Libero
|-supereffective|p1a: Ting-Lu
|-damage|p1a: Ting-Lu|36/100
|
|t:|1760328245
|switch|p2a: Corviknight|Corviknight, M|78/100|[from] U-turn
|-damage|p2a: Corviknight|66/100|[from] Stealth Rock
|-ability|p2a: Corviknight|Pressure
|move|p1a: Ting-Lu|Earthquake|p2a: Corviknight
|-immune|p2a: Corviknight
|
|-heal|p1a: Ting-Lu|42/100|[from] item: Leftovers
|upkeep
|turn|46
|
|t:|1760328254
|move|p1a: Ting-Lu|Rest|p1a: Ting-Lu
|-status|p1a: Ting-Lu|slp|[from] move: Rest
|-heal|p1a: Ting-Lu|100/100 slp|[silent]
|move|p2a: Corviknight|U-turn|p1a: Ting-Lu
|-supereffective|p1a: Ting-Lu
|-damage|p1a: Ting-Lu|85/100 slp
|
|t:|1760328256
|switch|p2a: Cinderace|Cinderace, M|63/100|[from] U-turn
|
|-heal|p1a: Ting-Lu|91/100 slp|[from] item: Leftovers
|upkeep
|turn|47
|
|t:|1760328266
|move|p2a: Cinderace|U-turn|p1a: Ting-Lu
|-start|p2a: Cinderace|typechange|Bug|[from] ability: Libero
|-supereffective|p1a: Ting-Lu
|-damage|p1a: Ting-Lu|56/100 slp
|
|t:|1760328268
|switch|p2a: Corviknight|Corviknight, M|66/100|[from] U-turn
|-damage|p2a: Corviknight|54/100|[from] Stealth Rock
|-ability|p2a: Corviknight|Pressure
|cant|p1a: Ting-Lu|slp
|move|p1a: Ting-Lu|Sleep Talk|p1a: Ting-Lu
|move|p1a: Ting-Lu|Payback|p2a: Corviknight|[from] move: Sleep Talk
|-damage|p2a: Corviknight|42/100
|-damage|p1a: Ting-Lu|39/100 slp|[from] item: Rocky Helmet|[of] p2a: Corviknight
|
|-heal|p1a: Ting-Lu|45/100 slp|[from] item: Leftovers
|upkeep
|turn|48
|
|t:|1760328277
|switch|p1a: Slowking|Slowking-Galar, L99, M|81/100
|move|p2a: Corviknight|Roost|p2a: Corviknight
|-heal|p2a: Corviknight|92/100
|-singleturn|p2a: Corviknight|move: Roost
|
|upkeep
|turn|49
|inactive|SpongeGar & Patar has 120 seconds left.
|
|t:|1760328286
|move|p2a: Corviknight|Brave Bird|p1a: Slowking
|-damage|p1a: Slowking|41/100
|-damage|p2a: Corviknight|79/100|[from] Recoil
|move|p1a: Slowking|Future Sight|p2a: Corviknight
|-start|p1a: Slowking|move: Future Sight
|
|upkeep
|turn|50
|
|t:|1760328296
|switch|p1a: Corviknight|Corviknight, M|82/100
|-ability|p1a: Corviknight|Pressure
|move|p2a: Corviknight|U-turn|p1a: Corviknight
|-resisted|p1a: Corviknight
|-damage|p1a: Corviknight|80/100
|-damage|p2a: Corviknight|62/100|[from] item: Rocky Helmet|[of] p1a: Corviknight
|
|t:|1760328299
|switch|p2a: Cinderace|Cinderace, M|63/100|[from] U-turn
|
|upkeep
|turn|51
|
|t:|1760328308
|switch|p1a: Dondozo|Dondozo, M|100/100 slp
|move|p2a: Cinderace|U-turn|p1a: Dondozo
|-start|p2a: Cinderace|typechange|Bug|[from] ability: Libero
|-damage|p1a: Dondozo|85/100 slp
|
|t:|1760328310
|switch|p2a: Corviknight|Corviknight, M|62/100|[from] U-turn
|-damage|p2a: Corviknight|50/100|[from] Stealth Rock
|-ability|p2a: Corviknight|Pressure
|
|-end|p2a: Corviknight|move: Future Sight
|-resisted|p2a: Corviknight
|-damage|p2a: Corviknight|30/100
|upkeep
|turn|52
|
|t:|1760328319
|switch|p1a: Slowking|Slowking-Galar, L99, M|74/100
|move|p2a: Corviknight|Roost|p2a: Corviknight
|-heal|p2a: Corviknight|80/100
|-singleturn|p2a: Corviknight|move: Roost
|
|upkeep
|turn|53
|
|t:|1760328329
|move|p2a: Corviknight|Brave Bird|p1a: Slowking
|-damage|p1a: Slowking|33/100
|-damage|p2a: Corviknight|67/100|[from] Recoil
|move|p1a: Slowking|Future Sight|p2a: Corviknight
|-start|p1a: Slowking|move: Future Sight
|
|upkeep
|turn|54
|
|t:|1760328338
|switch|p2a: Cinderace|Cinderace, M|63/100
|switch|p1a: Corviknight|Corviknight, M|80/100
|-ability|p1a: Corviknight|Pressure
|
|upkeep
|turn|55
|
|t:|1760328358
|switch|p2a: Corviknight|Corviknight, M|67/100
|-damage|p2a: Corviknight|55/100|[from] Stealth Rock
|-ability|p2a: Corviknight|Pressure
|move|p1a: Corviknight|U-turn|p2a: Corviknight
|-resisted|p2a: Corviknight
|-damage|p2a: Corviknight|53/100
|-damage|p1a: Corviknight|63/100|[from] item: Rocky Helmet|[of] p2a: Corviknight
|
|t:|1760328368
|switch|p1a: Slowking|Slowking-Galar, L99, M|67/100|[from] U-turn
|
|-end|p2a: Corviknight|move: Future Sight
|-resisted|p2a: Corviknight
|-damage|p2a: Corviknight|32/100
|upkeep
|turn|56
|
|t:|1760328377
|move|p2a: Corviknight|Roost|p2a: Corviknight
|-heal|p2a: Corviknight|82/100
|-singleturn|p2a: Corviknight|move: Roost
|move|p1a: Slowking|Future Sight|p2a: Corviknight
|-start|p1a: Slowking|move: Future Sight
|
|upkeep
|turn|57
|
|t:|1760328387
|switch|p1a: Corviknight|Corviknight, M|63/100
|-ability|p1a: Corviknight|Pressure
|move|p2a: Corviknight|Brave Bird|p1a: Corviknight
|-resisted|p1a: Corviknight
|-damage|p1a: Corviknight|52/100
|-damage|p2a: Corviknight|66/100|[from] item: Rocky Helmet|[of] p1a: Corviknight
|-damage|p2a: Corviknight|62/100|[from] Recoil
|
|upkeep
|turn|58
|
|t:|1760328396
|switch|p2a: Cinderace|Cinderace, M|63/100
|move|p1a: Corviknight|Roost|p1a: Corviknight
|-heal|p1a: Corviknight|100/100
|-singleturn|p1a: Corviknight|move: Roost
|
|-end|p2a: Cinderace|move: Future Sight
|-damage|p2a: Cinderace|3/100
|upkeep
|turn|59
|
|t:|1760328406
|move|p2a: Cinderace|Court Change|p2a: Cinderace
|-start|p2a: Cinderace|typechange|Normal|[from] ability: Libero
|-swapsideconditions
|-activate|p2a: Cinderace|move: Court Change
|move|p1a: Corviknight|Brave Bird|p2a: Cinderace
|-damage|p2a: Cinderace|0 fnt
|faint|p2a: Cinderace
|-damage|p1a: Corviknight|99/100|[from] Recoil
|
|upkeep
|
|t:|1760328413
|switch|p2a: Corviknight|Corviknight, M|62/100
|-ability|p2a: Corviknight|Pressure
|turn|60
|
|t:|1760328422
|move|p1a: Corviknight|Defog|p2a: Corviknight
|-unboost|p2a: Corviknight|evasion|1
|-sideend|p1: SpongeGar & Patar|Stealth Rock|[from] move: Defog|[of] p1a: Corviknight
|move|p2a: Corviknight|U-turn|p1a: Corviknight
|-resisted|p1a: Corviknight
|-damage|p1a: Corviknight|98/100
|-damage|p2a: Corviknight|46/100|[from] item: Rocky Helmet|[of] p1a: Corviknight
|
|t:|1760328427
|switch|p2a: Deoxys|Deoxys-Speed, shiny|100/100|[from] U-turn
|-ability|p2a: Deoxys|Pressure
|
|upkeep
|turn|61
|inactive|SpongeGar & Patar has 120 seconds left.
|
|t:|1760328475
|switch|p1a: Ting-Lu|Ting-Lu|45/100 slp
|-ability|p1a: Ting-Lu|Vessel of Ruin
|move|p2a: Deoxys|Ice Beam|p1a: Ting-Lu
|-supereffective|p1a: Ting-Lu
|-damage|p1a: Ting-Lu|17/100 slp
|-damage|p2a: Deoxys|91/100|[from] item: Life Orb
|
|-heal|p1a: Ting-Lu|23/100 slp|[from] item: Leftovers
|upkeep
|turn|62
|inactive|SpongeGar & Patar has 90 seconds left.
|
|t:|1760328524
|switch|p1a: Slowking|Slowking-Galar, L99, M|99/100
|move|p2a: Deoxys|Ice Beam|p1a: Slowking
|-damage|p1a: Slowking|81/100
|-damage|p2a: Deoxys|81/100|[from] item: Life Orb
|
|upkeep
|turn|63
|inactive|SpongeGar & Patar has 60 seconds left.
|
|t:|1760328572
|switch|p2a: Clodsire|Clodsire, M|18/100
|switch|p1a: Ting-Lu|Ting-Lu|23/100 slp
|-ability|p1a: Ting-Lu|Vessel of Ruin
|
|-heal|p1a: Ting-Lu|29/100 slp|[from] item: Leftovers
|-heal|p2a: Clodsire|24/100|[from] item: Leftovers
|upkeep
|turn|64
|
|t:|1760328583
|cant|p1a: Ting-Lu|slp
|move|p1a: Ting-Lu|Sleep Talk|p1a: Ting-Lu
|move|p1a: Ting-Lu|Earthquake|p2a: Clodsire|[from] move: Sleep Talk
|-supereffective|p2a: Clodsire
|-damage|p2a: Clodsire|0 fnt
|faint|p2a: Clodsire
|
|-heal|p1a: Ting-Lu|35/100 slp|[from] item: Leftovers
|upkeep
|
|t:|1760328586
|switch|p2a: Deoxys|Deoxys-Speed, shiny|81/100
|-ability|p2a: Deoxys|Pressure
|turn|65
|
|t:|1760328595
|switch|p1a: Slowking|Slowking-Galar, L99, M|100/100
|move|p2a: Deoxys|Ice Beam|p1a: Slowking
|-damage|p1a: Slowking|80/100
|-damage|p2a: Deoxys|71/100|[from] item: Life Orb
|
|upkeep
|turn|66
|j| ZeroIQ McGoo
|
|t:|1760328605
|-terastallize|p2a: Deoxys|Psychic
|move|p2a: Deoxys|Psycho Boost|p1a: Slowking
|-damage|p1a: Slowking|16/100
|-unboost|p2a: Deoxys|spa|2
|-damage|p2a: Deoxys|61/100|[from] item: Life Orb
|-prepare|p1a: Slowking|Chilly Reception|[premajor]
|move|p1a: Slowking|Chilly Reception|p1a: Slowking
|-weather|Snowscape
|-message|champ bogar forfeited.
|
|win|SpongeGar & Patar
|raw|SpongeGar &amp; Patar's rating: 1846 &rarr; <strong>1863</strong><br />(+17 for winning)
|raw|champ bogar's rating: 1786 &rarr; <strong>1769</strong><br />(-17 for losing)
|l|☆champ bogar
|player|p2|
|l|☆SpongeGar & Patar
|player|p1|
|l| ZeroIQ McGoo
|l| OP Earthquakes
|l| Dhoom Again
