|j|☆A Regular Plumbus
|j|☆NilsBoy
|t:|1760349394
|gametype|singles
|player|p1|A Regular Plumbus|baker|1663
|player|p2|NilsBoy|266|1669
|gen|9
|tier|[Gen 9] OU
|rated|
|rule|HP Percentage Mod: HP is shown in percentages
|rule|Endless Battle Clause: Forcing endless battles is banned
|rule|Species Clause: Limit one of each Pokémon
|rule|OHKO Clause: OHKO moves are banned
|rule|Evasion Items Clause: Evasion items are banned
|rule|Evasion Moves Clause: Evasion moves are banned
|rule|Evasion Abilities Clause: Evasion abilities are banned
|rule|Sleep Moves Clause: Sleep-inducing moves are banned
|clearpoke
|poke|p1|Iron Valiant|
|poke|p1|Revavroom, F|
|poke|p1|Serperior, M|
|poke|p1|Ceruledge, M|
|poke|p1|Empoleon, M|
|poke|p1|Gliscor, F|
|poke|p2|Ting-Lu|
|poke|p2|Slowking-Galar, M|
|poke|p2|Corviknight, M|
|poke|p2|Cinderace, M|
|poke|p2|Ogerpon-Wellspring, F|
|poke|p2|Raging Bolt|
|teampreview
|inactive|Battle timer is ON: inactive players will automatically lose when time's up. (requested by A Regular Plumbus)
|l|☆A Regular Plumbus
|inactive|A Regular Plumbus disconnected and has a minute to reconnect!
|player|p1|
|j|☆A Regular Plumbus
|inactive|A Regular Plumbus reconnected and has 125 seconds left.
|player|p1|A Regular Plumbus|baker|
|
|t:|1760349423
|teamsize|p1|6
|teamsize|p2|6
|start
|switch|p1a: Revavroom|Revavroom, F|100/100
|switch|p2a: Ogerpon|Ogerpon-Wellspring, F|100/100
|turn|1
|
|t:|1760349428
|move|p2a: Ogerpon|U-turn|p1a: Revavroom
|-resisted|p1a: Revavroom
|-damage|p1a: Revavroom|92/100
|
|t:|1760349430
|switch|p2a: Corviknight|Corviknight, M|100/100|[from] U-turn
|-ability|p2a: Corviknight|Pressure
|move|p1a: Revavroom|Shift Gear|p1a: Revavroom
|-boost|p1a: Revavroom|spe|2
|-boost|p1a: Revavroom|atk|1
|
|upkeep
|turn|2
|
|t:|1760349436
|move|p1a: Revavroom|Shift Gear|p1a: Revavroom
|-boost|p1a: Revavroom|spe|2
|-boost|p1a: Revavroom|atk|1
|move|p2a: Corviknight|Body Press|p1a: Revavroom
|-damage|p1a: Revavroom|62/100
|
|upkeep
|turn|3
|
|t:|1760349444
|switch|p1a: Empoleon|Empoleon, M|100/100
|move|p2a: Corviknight|Body Press|p1a: Empoleon
|-supereffective|p1a: Empoleon
|-damage|p1a: Empoleon|45/100
|
|upkeep
|turn|4
|
|t:|1760349451
|switch|p1a: Ceruledge|Ceruledge, M|100/100
|move|p2a: Corviknight|Body Press|p1a: Ceruledge
|-immune|p1a: Ceruledge
|
|upkeep
|turn|5
|
|t:|1760349454
|switch|p2a: Ting-Lu|Ting-Lu|100/100
|-ability|p2a: Ting-Lu|Vessel of Ruin
|move|p1a: Ceruledge|Close Combat|p2a: Ting-Lu
|-supereffective|p2a: Ting-Lu
|-crit|p2a: Ting-Lu
|-damage|p2a: Ting-Lu|19/100
|-unboost|p1a: Ceruledge|def|1
|-unboost|p1a: Ceruledge|spd|1
|-damage|p1a: Ceruledge|91/100|[from] item: Life Orb
|
|-heal|p2a: Ting-Lu|25/100|[from] item: Leftovers
|upkeep
|turn|6
|
|t:|1760349461
|move|p1a: Ceruledge|Poltergeist|p2a: Ting-Lu
|-activate|p2a: Ting-Lu|move: Poltergeist|Leftovers
|-resisted|p2a: Ting-Lu
|-damage|p2a: Ting-Lu|7/100
|-damage|p1a: Ceruledge|81/100|[from] item: Life Orb
|move|p2a: Ting-Lu|Earthquake|p1a: Ceruledge
|-supereffective|p1a: Ceruledge
|-damage|p1a: Ceruledge|0 fnt
|faint|p1a: Ceruledge
|
|-heal|p2a: Ting-Lu|13/100|[from] item: Leftovers
|upkeep
|
|t:|1760349466
|switch|p1a: Serperior|Serperior, M|100/100
|turn|7
|
|t:|1760349470
|switch|p2a: Slowking|Slowking-Galar, M|100/100
|move|p1a: Serperior|Leaf Storm|p2a: Slowking
|-resisted|p2a: Slowking
|-damage|p2a: Slowking|83/100
|-boost|p1a: Serperior|spa|2
|
|upkeep
|turn|8
|
|t:|1760349474
|switch|p1a: Empoleon|Empoleon, M|45/100
|move|p2a: Slowking|Sludge Bomb|p1a: Empoleon
|-immune|p1a: Empoleon
|
|upkeep
|turn|9
|
|t:|1760349478
|move|p1a: Empoleon|Flip Turn|p2a: Slowking
|-damage|p2a: Slowking|71/100
|
|t:|1760349482
|switch|p1a: Iron Valiant|Iron Valiant|100/100|[from] Flip Turn
|-prepare|p2a: Slowking|Chilly Reception|[premajor]
|move|p2a: Slowking|Chilly Reception|p2a: Slowking
|-weather|Snowscape
|
|t:|1760349489
|switch|p2a: Cinderace|Cinderace, M|100/100|[from] Chilly Reception
|
|-weather|Snowscape|[upkeep]
|upkeep
|turn|10
|
|t:|1760349492
|move|p2a: Cinderace|U-turn|p1a: Iron Valiant
|-start|p2a: Cinderace|typechange|Bug|[from] ability: Libero
|-resisted|p1a: Iron Valiant
|-damage|p1a: Iron Valiant|90/100
|
|t:|1760349497
|switch|p2a: Slowking|Slowking-Galar, M|100/100|[from] U-turn
|move|p1a: Iron Valiant|Close Combat|p2a: Slowking
|-resisted|p2a: Slowking
|-damage|p2a: Slowking|85/100
|-unboost|p1a: Iron Valiant|def|1
|-unboost|p1a: Iron Valiant|spd|1
|
|-weather|Snowscape|[upkeep]
|upkeep
|turn|11
|
|t:|1760349502
|-end|p1a: Iron Valiant|Quark Drive|[silent]
|switch|p1a: Empoleon|Empoleon, M|45/100
|move|p2a: Slowking|Psychic Noise|p1a: Empoleon
|-resisted|p1a: Empoleon
|-damage|p1a: Empoleon|38/100
|-start|p1a: Empoleon|move: Heal Block
|
|-weather|Snowscape|[upkeep]
|upkeep
|turn|12
|
|t:|1760349505
|move|p1a: Empoleon|Hydro Pump|p2a: Slowking
|-damage|p2a: Slowking|49/100
|-prepare|p2a: Slowking|Chilly Reception|[premajor]
|move|p2a: Slowking|Chilly Reception|p2a: Slowking
|
|t:|1760349510
|switch|p2a: Ogerpon|Ogerpon-Wellspring, F|100/100|[from] Chilly Reception
|
|-weather|Snowscape|[upkeep]
|-end|p1a: Empoleon|move: Heal Block
|upkeep
|turn|13
|
|t:|1760349521
|move|p2a: Ogerpon|U-turn|p1a: Empoleon
|-resisted|p1a: Empoleon
|-damage|p1a: Empoleon|23/100
|
|t:|1760349527
|switch|p2a: Slowking|Slowking-Galar, M|82/100|[from] U-turn
|move|p1a: Empoleon|Ice Beam|p2a: Slowking
|-damage|p2a: Slowking|62/100
|
|-weather|none
|upkeep
|turn|14
|j| Forever1507
|
|t:|1760349546
|move|p1a: Empoleon|Hydro Pump|p2a: Slowking|[miss]
|-miss|p1a: Empoleon|p2a: Slowking
|-prepare|p2a: Slowking|Chilly Reception|[premajor]
|move|p2a: Slowking|Chilly Reception|p2a: Slowking
|-weather|Snowscape
|
|t:|1760349554
|switch|p2a: Ogerpon|Ogerpon-Wellspring, F|100/100|[from] Chilly Reception
|
|-weather|Snowscape|[upkeep]
|upkeep
|turn|15
|
|t:|1760349556
|move|p2a: Ogerpon|Knock Off|p1a: Empoleon
|-damage|p1a: Empoleon|0 fnt
|-enditem|p1a: Empoleon|Assault Vest|[from] move: Knock Off|[of] p2a: Ogerpon
|faint|p1a: Empoleon
|
|-weather|Snowscape|[upkeep]
|upkeep
|
|t:|1760349558
|switch|p1a: Iron Valiant|Iron Valiant|90/100
|turn|16
|
|t:|1760349565
|switch|p2a: Slowking|Slowking-Galar, M|95/100
|move|p1a: Iron Valiant|Knock Off|p2a: Slowking
|-supereffective|p2a: Slowking
|-damage|p2a: Slowking|22/100
|-enditem|p2a: Slowking|Heavy-Duty Boots|[from] move: Knock Off|[of] p1a: Iron Valiant
|
|-weather|Snowscape|[upkeep]
|upkeep
|turn|17
|
|t:|1760349571
|switch|p2a: Ting-Lu|Ting-Lu|13/100
|-ability|p2a: Ting-Lu|Vessel of Ruin
|move|p1a: Iron Valiant|Knock Off|p2a: Ting-Lu
|-resisted|p2a: Ting-Lu
|-damage|p2a: Ting-Lu|0 fnt
|-enditem|p2a: Ting-Lu|Leftovers|[from] move: Knock Off|[of] p1a: Iron Valiant
|faint|p2a: Ting-Lu
|
|-weather|Snowscape|[upkeep]
|upkeep
|
|t:|1760349575
|switch|p2a: Cinderace|Cinderace, M|100/100
|turn|18
|
|t:|1760349578
|-end|p1a: Iron Valiant|Quark Drive|[silent]
|switch|p1a: Gliscor|Gliscor, F|100/100
|move|p2a: Cinderace|Pyro Ball|p1a: Gliscor
|-damage|p1a: Gliscor|60/100
|
|-weather|none
|-status|p1a: Gliscor|tox|[from] item: Toxic Orb
|upkeep
|turn|19
|
|t:|1760349584
|switch|p2a: Ogerpon|Ogerpon-Wellspring, F|100/100
|move|p1a: Gliscor|Protect||[still]
|-fail|p1a: Gliscor
|
|-heal|p1a: Gliscor|73/100 tox|[from] ability: Poison Heal
|upkeep
|turn|20
|
|t:|1760349587
|switch|p1a: Serperior|Serperior, M|100/100
|move|p2a: Ogerpon|Encore||[still]
|-fail|p2a: Ogerpon
|
|upkeep
|turn|21
|
|t:|1760349591
|switch|p2a: Slowking|Slowking-Galar, M|55/100
|move|p1a: Serperior|Glare|p2a: Slowking
|-status|p2a: Slowking|par
|
|upkeep
|turn|22
|
|t:|1760349595
|switch|p1a: Iron Valiant|Iron Valiant|90/100
|-prepare|p2a: Slowking|Chilly Reception|[premajor]
|move|p2a: Slowking|Chilly Reception|p2a: Slowking
|-weather|Snowscape
|
|t:|1760349599
|switch|p2a: Cinderace|Cinderace, M|100/100|[from] Chilly Reception
|
|-weather|Snowscape|[upkeep]
|upkeep
|turn|23
|
|t:|1760349615
|move|p2a: Cinderace|Pyro Ball|p1a: Iron Valiant
|-damage|p1a: Iron Valiant|21/100
|move|p1a: Iron Valiant|Close Combat|p2a: Cinderace
|-damage|p2a: Cinderace|0 fnt
|-unboost|p1a: Iron Valiant|def|1
|-unboost|p1a: Iron Valiant|spd|1
|faint|p2a: Cinderace
|
|-weather|Snowscape|[upkeep]
|upkeep
|
|t:|1760349622
|switch|p2a: Slowking|Slowking-Galar, M|88/100 par
|turn|24
|
|t:|1760349627
|-end|p1a: Iron Valiant|Quark Drive|[silent]
|switch|p1a: Revavroom|Revavroom, F|62/100
|move|p2a: Slowking|Psychic Noise|p1a: Revavroom
|-damage|p1a: Revavroom|15/100
|-start|p1a: Revavroom|move: Heal Block
|
|-weather|Snowscape|[upkeep]
|upkeep
|turn|25
|
|t:|1760349631
|switch|p2a: Corviknight|Corviknight, M|100/100
|-ability|p2a: Corviknight|Pressure
|move|p1a: Revavroom|Iron Head|p2a: Corviknight
|-resisted|p2a: Corviknight
|-damage|p2a: Corviknight|84/100
|-damage|p1a: Revavroom|0 fnt|[from] item: Rocky Helmet|[of] p2a: Corviknight
|faint|p1a: Revavroom
|
|-weather|Snowscape|[upkeep]
|upkeep
|
|t:|1760349638
|switch|p1a: Iron Valiant|Iron Valiant|21/100
|turn|26
|
|t:|1760349642
|-terastallize|p1a: Iron Valiant|Fighting
|move|p1a: Iron Valiant|Close Combat|p2a: Corviknight
|-damage|p2a: Corviknight|16/100
|-unboost|p1a: Iron Valiant|def|1
|-unboost|p1a: Iron Valiant|spd|1
|-damage|p1a: Iron Valiant|5/100|[from] item: Rocky Helmet|[of] p2a: Corviknight
|move|p2a: Corviknight|Body Press|p1a: Iron Valiant
|-damage|p1a: Iron Valiant|0 fnt
|faint|p1a: Iron Valiant
|-end|p1a: Iron Valiant|Quark Drive|[silent]
|
|-weather|none
|upkeep
|
|t:|1760349647
|switch|p1a: Gliscor|Gliscor, F|73/100 tox
|turn|27
|
|t:|1760349649
|move|p1a: Gliscor|Swords Dance|p1a: Gliscor
|-boost|p1a: Gliscor|atk|2
|move|p2a: Corviknight|Roost|p2a: Corviknight
|-heal|p2a: Corviknight|66/100
|-singleturn|p2a: Corviknight|move: Roost
|
|-heal|p1a: Gliscor|85/100 tox|[from] ability: Poison Heal
|upkeep
|turn|28
|
|t:|1760349653
|move|p1a: Gliscor|Swords Dance|p1a: Gliscor
|-boost|p1a: Gliscor|atk|2
|move|p2a: Corviknight|U-turn|p1a: Gliscor
|-resisted|p1a: Gliscor
|-damage|p1a: Gliscor|81/100 tox
|
|t:|1760349655
|switch|p2a: Ogerpon|Ogerpon-Wellspring, F|100/100|[from] U-turn
|
|-heal|p1a: Gliscor|93/100 tox|[from] ability: Poison Heal
|upkeep
|turn|29
|
|t:|1760349657
|switch|p1a: Serperior|Serperior, M|100/100
|move|p2a: Ogerpon|Encore||[still]
|-fail|p2a: Ogerpon
|
|upkeep
|turn|30
|
|t:|1760349660
|switch|p2a: Slowking|Slowking-Galar, M|100/100 par
|move|p1a: Serperior|Leaf Storm|p2a: Slowking
|-resisted|p2a: Slowking
|-damage|p2a: Slowking|82/100 par
|-boost|p1a: Serperior|spa|2
|
|upkeep
|turn|31
|
|t:|1760349663
|move|p1a: Serperior|Leaf Storm|p2a: Slowking
|-resisted|p2a: Slowking
|-damage|p2a: Slowking|42/100 par
|-boost|p1a: Serperior|spa|2
|move|p2a: Slowking|Sludge Bomb|p1a: Serperior
|-supereffective|p1a: Serperior
|-damage|p1a: Serperior|16/100
|
|upkeep
|turn|32
|
|t:|1760349666
|move|p1a: Serperior|Leaf Storm|p2a: Slowking
|-resisted|p2a: Slowking
|-crit|p2a: Slowking
|-damage|p2a: Slowking|0 fnt
|-boost|p1a: Serperior|spa|2
|faint|p2a: Slowking
|
|upkeep
|
|t:|1760349670
|switch|p2a: Raging Bolt|Raging Bolt|100/100
|turn|33
|
|t:|1760349675
|switch|p1a: Gliscor|Gliscor, F|93/100 tox
|move|p2a: Raging Bolt|Volt Switch|p1a: Gliscor
|-immune|p1a: Gliscor
|
|-heal|p1a: Gliscor|100/100 tox|[from] ability: Poison Heal
|upkeep
|turn|34
|
|t:|1760349677
|-end|p2a: Raging Bolt|Protosynthesis|[silent]
|switch|p2a: Corviknight|Corviknight, M|66/100
|-ability|p2a: Corviknight|Pressure
|move|p1a: Gliscor|Swords Dance|p1a: Gliscor
|-boost|p1a: Gliscor|atk|2
|
|upkeep
|turn|35
|
|t:|1760349681
|move|p1a: Gliscor|Earthquake|p2a: Corviknight
|-immune|p2a: Corviknight
|move|p2a: Corviknight|U-turn|p1a: Gliscor
|-resisted|p1a: Gliscor
|-damage|p1a: Gliscor|96/100 tox
|
|t:|1760349684
|switch|p2a: Ogerpon|Ogerpon-Wellspring, F|100/100|[from] U-turn
|
|-heal|p1a: Gliscor|100/100 tox|[from] ability: Poison Heal
|upkeep
|turn|36
|
|t:|1760349687
|move|p2a: Ogerpon|U-turn|p1a: Gliscor
|-resisted|p1a: Gliscor
|-damage|p1a: Gliscor|91/100 tox
|
|t:|1760349689
|switch|p2a: Corviknight|Corviknight, M|66/100|[from] U-turn
|-ability|p2a: Corviknight|Pressure
|move|p1a: Gliscor|Tera Blast|p2a: Corviknight
|-resisted|p2a: Corviknight
|-damage|p2a: Corviknight|62/100
|
|-heal|p1a: Gliscor|100/100 tox|[from] ability: Poison Heal
|upkeep
|turn|37
|
|t:|1760349701
|switch|p1a: Serperior|Serperior, M|16/100
|move|p2a: Corviknight|Body Press|p1a: Serperior
|-damage|p1a: Serperior|0 fnt
|faint|p1a: Serperior
|
|upkeep
|l|☆A Regular Plumbus
|inactive|A Regular Plumbus disconnected and has a minute to reconnect!
|player|p1|
|c|☆NilsBoy|gg
|inactive|A Regular Plumbus has 30 seconds to reconnect!
|inactive|A Regular Plumbus has 20 seconds to reconnect!
|inactive|A Regular Plumbus has 15 seconds to reconnect!
|inactive|A Regular Plumbus has 10 seconds to reconnect!
|inactive|A Regular Plumbus has 5 seconds to reconnect!
|-message|A Regular Plumbus lost due to inactivity.
|
|win|NilsBoy
|raw|A Regular Plumbus's rating: 1663 &rarr; <strong>1644</strong><br />(-19 for losing)
|raw|NilsBoy's rating: 1687 &rarr; <strong>1706</strong><br />(+19 for winning)
|l|☆NilsBoy
|player|p2|
|j| wuminshi
|l| wuminshi
