|j|☆hohai
|j|☆Von Sirius!
|t:|1760438870
|gametype|singles
|player|p1|hohai|101|1108
|player|p2|Von Sirius!|roxie|1169
|gen|9
|tier|[Gen 9] OU
|rated|
|rule|HP Percentage Mod: HP is shown in percentages
|rule|Endless Battle Clause: Forcing endless battles is banned
|rule|Species Clause: Limit one of each Pokémon
|rule|OHKO Clause: OHKO moves are banned
|rule|Evasion Items Clause: Evasion items are banned
|rule|Evasion Moves Clause: Evasion moves are banned
|rule|Evasion Abilities Clause: Evasion abilities are banned
|rule|Sleep Moves Clause: Sleep-inducing moves are banned
|clearpoke
|poke|p1|Galvantula, M|
|poke|p1|Ceruledge, M|
|poke|p1|Gyarados, F|
|poke|p1|Klefki, F|
|poke|p1|Gardevoir, F|
|poke|p1|Forretress, F|
|poke|p2|Rillaboom, M|
|poke|p2|Heatran, F|
|poke|p2|Great Tusk|
|poke|p2|Dragapult, F|
|poke|p2|Kingambit, M|
|poke|p2|Iron Valiant|
|teampreview
|
|t:|1760438876
|teamsize|p1|6
|teamsize|p2|6
|start
|switch|p1a: Galvantula|Galvantula, M|100/100
|switch|p2a: Heatran|Heatran, F|100/100
|turn|1
|
|t:|1760438881
|move|p1a: Galvantula|Thunder Wave|p2a: Heatran
|-status|p2a: Heatran|par
|move|p2a: Heatran|Stealth Rock|p1a: Galvantula
|-sidestart|p1: hohai|move: Stealth Rock
|
|upkeep
|turn|2
|
|t:|1760438886
|move|p1a: Galvantula|Sticky Web|p2a: Heatran
|-sidestart|p2: Von Sirius!|move: Sticky Web
|move|p2a: Heatran|Magma Storm|p1a: Galvantula
|-supereffective|p1a: Galvantula
|-enditem|p1a: Galvantula|Focus Sash
|-damage|p1a: Galvantula|1/100
|-activate|p1a: Galvantula|move: Magma Storm|[of] p2a: Heatran
|
|-damage|p1a: Galvantula|0 fnt|[from] move: Magma Storm|[partiallytrapped]
|faint|p1a: Galvantula
|upkeep
|
|t:|1760438909
|switch|p1a: Gyarados|Gyarados, F|100/100
|-damage|p1a: Gyarados|76/100|[from] Stealth Rock
|-ability|p1a: Gyarados|Intimidate|boost
|-unboost|p2a: Heatran|atk|1
|turn|3
|
|t:|1760438921
|move|p1a: Gyarados|Earthquake|p2a: Heatran
|-supereffective|p2a: Heatran
|-damage|p2a: Heatran|0 fnt
|faint|p2a: Heatran
|
|-heal|p1a: Gyarados|82/100|[from] item: Leftovers
|upkeep
|
|t:|1760438938
|switch|p2a: Iron Valiant|Iron Valiant|100/100
|-activate|p2a: Iron Valiant|move: Sticky Web
|-unboost|p2a: Iron Valiant|spe|1
|-enditem|p2a: Iron Valiant|Booster Energy
|-activate|p2a: Iron Valiant|ability: Quark Drive|[fromitem]
|-start|p2a: Iron Valiant|quarkdrivespa
|turn|4
|
|t:|1760438951
|switch|p1a: Forretress|Forretress, F|100/100
|-damage|p1a: Forretress|88/100|[from] Stealth Rock
|move|p2a: Iron Valiant|Thunderbolt|p1a: Forretress
|-damage|p1a: Forretress|46/100
|-enditem|p1a: Forretress|Red Card|[of] p2a: Iron Valiant
|-end|p2a: Iron Valiant|Quark Drive|[silent]
|drag|p2a: Dragapult|Dragapult, F|100/100
|-activate|p2a: Dragapult|move: Sticky Web
|-unboost|p2a: Dragapult|spe|1
|
|upkeep
|turn|5
|
|t:|1760438962
|move|p2a: Dragapult|Shadow Ball|p1a: Forretress
|-damage|p1a: Forretress|0 fnt
|faint|p1a: Forretress
|
|upkeep
|
|t:|1760438970
|switch|p1a: Klefki|Klefki, F|100/100
|-damage|p1a: Klefki|95/100|[from] Stealth Rock
|turn|6
|
|t:|1760438975
|move|p1a: Klefki|Light Screen|p1a: Klefki
|-sidestart|p1: hohai|move: Light Screen
|move|p2a: Dragapult|Shadow Ball|p1a: Klefki
|-damage|p1a: Klefki|47/100
|
|upkeep
|turn|7
|
|t:|1760438983
|move|p1a: Klefki|Spikes|p2a: Dragapult
|-sidestart|p2: Von Sirius!|Spikes
|move|p2a: Dragapult|Shadow Ball|p1a: Klefki
|-damage|p1a: Klefki|0 fnt
|faint|p1a: Klefki
|
|upkeep
|inactive|Battle timer is ON: inactive players will automatically lose when time's up. (requested by Von Sirius!)
|
|t:|1760438990
|switch|p1a: Gardevoir|Gardevoir, F, shiny|100/100
|-damage|p1a: Gardevoir|88/100|[from] Stealth Rock
|-ability|p1a: Gardevoir|Infiltrator|Trace|[from] ability: Trace|[of] p2a: Dragapult
|turn|8
|
|t:|1760439000
|move|p1a: Gardevoir|Moonblast|p2a: Dragapult
|-supereffective|p2a: Dragapult
|-damage|p2a: Dragapult|0 fnt
|faint|p2a: Dragapult
|-heal|p1a: Gardevoir|100/100|[from] item: Shell Bell|[of] p2: Dragapult
|
|upkeep
|
|t:|1760439011
|switch|p2a: Great Tusk|Great Tusk|100/100
|turn|9
|
|t:|1760439025
|move|p2a: Great Tusk|Rapid Spin|p1a: Gardevoir
|-damage|p1a: Gardevoir|69/100
|-boost|p2a: Great Tusk|spe|1
|-sideend|p2: Von Sirius!|Spikes|[from] move: Rapid Spin|[of] p2a: Great Tusk
|-sideend|p2: Von Sirius!|Sticky Web|[from] move: Rapid Spin|[of] p2a: Great Tusk
|move|p1a: Gardevoir|Psychic|p2a: Great Tusk
|-supereffective|p2a: Great Tusk
|-damage|p2a: Great Tusk|0 fnt
|faint|p2a: Great Tusk
|-end|p2a: Great Tusk|Protosynthesis|[silent]
|-heal|p1a: Gardevoir|85/100|[from] item: Shell Bell|[of] p2: Great Tusk
|
|upkeep
|
|t:|1760439041
|switch|p2a: Rillaboom|Rillaboom, M|100/100
|-fieldstart|move: Grassy Terrain|[from] ability: Grassy Surge|[of] p2a: Rillaboom
|turn|10
|
|t:|1760439054
|switch|p1a: Ceruledge|Ceruledge, M|100/100
|-damage|p1a: Ceruledge|76/100|[from] Stealth Rock
|move|p2a: Rillaboom|Wood Hammer|p1a: Ceruledge
|-resisted|p1a: Ceruledge
|-damage|p1a: Ceruledge|0 fnt
|faint|p1a: Ceruledge
|-damage|p2a: Rillaboom|75/100|[from] Recoil
|
|-heal|p2a: Rillaboom|81/100|[from] Grassy Terrain
|upkeep
|
|t:|1760439068
|switch|p1a: Gardevoir|Gardevoir, F, shiny|85/100
|-damage|p1a: Gardevoir|73/100|[from] Stealth Rock
|-ability|p1a: Gardevoir|Grassy Surge|Trace|[from] ability: Trace|[of] p2a: Rillaboom
|turn|11
|
|t:|1760439079
|-terastallize|p2a: Rillaboom|Grass
|move|p1a: Gardevoir|Calm Mind|p1a: Gardevoir
|-boost|p1a: Gardevoir|spa|1
|-boost|p1a: Gardevoir|spd|1
|move|p2a: Rillaboom|Wood Hammer|p1a: Gardevoir
|-damage|p1a: Gardevoir|0 fnt
|faint|p1a: Gardevoir
|-damage|p2a: Rillaboom|61/100|[from] Recoil
|
|-heal|p2a: Rillaboom|67/100|[from] Grassy Terrain
|upkeep
|
|t:|1760439090
|switch|p1a: Gyarados|Gyarados, F|82/100
|-damage|p1a: Gyarados|57/100|[from] Stealth Rock
|-ability|p1a: Gyarados|Intimidate|boost
|-unboost|p2a: Rillaboom|atk|1
|turn|12
|
|t:|1760439095
|move|p2a: Rillaboom|Wood Hammer|p1a: Gyarados
|-damage|p1a: Gyarados|0 fnt
|faint|p1a: Gyarados
|-damage|p2a: Rillaboom|46/100|[from] Recoil
|
|win|Von Sirius!
|raw|hohai's rating: 1108 &rarr; <strong>1087</strong><br />(-21 for losing)
|raw|Von Sirius!'s rating: 1169 &rarr; <strong>1190</strong><br />(+21 for winning)
|l|☆Von Sirius!
|player|p2|
|l|☆hohai
|player|p1|
