|j|☆Jynzeo
|j|☆charizardkasparov
|t:|1760382025
|gametype|singles
|player|p1|Jynzeo|flannery|1262
|player|p2|charizardkasparov|170|1284
|gen|9
|tier|[Gen 9] OU
|rated|
|rule|HP Percentage Mod: HP is shown in percentages
|rule|Endless Battle Clause: Forcing endless battles is banned
|rule|Species Clause: Limit one of each Pokémon
|rule|OHKO Clause: OHKO moves are banned
|rule|Evasion Items Clause: Evasion items are banned
|rule|Evasion Moves Clause: Evasion moves are banned
|rule|Evasion Abilities Clause: Evasion abilities are banned
|rule|Sleep Moves Clause: Sleep-inducing moves are banned
|clearpoke
|poke|p1|Espeon, F|
|poke|p1|Klefki, M|
|poke|p1|Hoopa-Unbound|
|poke|p1|Skeledirge, M|
|poke|p1|Salamence, M|
|poke|p1|Sandy Shocks|
|poke|p2|Typhlosion-Hisui, M|
|poke|p2|Wo-Chien|
|poke|p2|Alomomola, F|
|poke|p2|Raging Bolt|
|poke|p2|Kingambit, F|
|poke|p2|Iron Treads|
|teampreview
|inactive|Battle timer is ON: inactive players will automatically lose when time's up. (requested by Jynzeo)
|
|t:|1760382048
|teamsize|p1|6
|teamsize|p2|6
|start
|switch|p1a: Skeledirge|Skeledirge, M, shiny|100/100
|switch|p2a: Typhlosion|Typhlosion-Hisui, M|100/100
|turn|1
|
|t:|1760382059
|-terastallize|p2a: Typhlosion|Fire
|-terastallize|p1a: Skeledirge|Grass
|move|p2a: Typhlosion|Shadow Ball|p1a: Skeledirge
|-damage|p1a: Skeledirge|46/100
|move|p1a: Skeledirge|Shadow Ball|p2a: Typhlosion
|-damage|p2a: Typhlosion|42/100
|-unboost|p2a: Typhlosion|spd|1
|
|upkeep
|turn|2
|
|t:|1760382070
|switch|p1a: Klefki|Klefki, M|100/100
|move|p2a: Typhlosion|Shadow Ball|p1a: Klefki
|-damage|p1a: Klefki|60/100
|-unboost|p1a: Klefki|spd|1
|
|upkeep
|turn|3
|
|t:|1760382078
|move|p1a: Klefki|Light Screen|p1a: Klefki
|-sidestart|p1: Jynzeo|move: Light Screen
|move|p2a: Typhlosion|Shadow Ball|p1a: Klefki
|-damage|p1a: Klefki|27/100
|
|upkeep
|turn|4
|
|t:|1760382083
|move|p1a: Klefki|Reflect|p1a: Klefki
|-sidestart|p1: Jynzeo|Reflect
|move|p2a: Typhlosion|Shadow Ball|p1a: Klefki
|-damage|p1a: Klefki|0 fnt
|faint|p1a: Klefki
|
|upkeep
|
|t:|1760382099
|switch|p1a: Hoopa|Hoopa-Unbound|100/100
|turn|5
|
|t:|1760382105
|switch|p2a: Wo-Chien|Wo-Chien|100/100
|-ability|p2a: Wo-Chien|Tablets of Ruin
|move|p1a: Hoopa|Dark Pulse|p2a: Wo-Chien
|-resisted|p2a: Wo-Chien
|-damage|p2a: Wo-Chien|82/100
|-damage|p1a: Hoopa|91/100|[from] item: Life Orb
|
|-heal|p2a: Wo-Chien|88/100|[from] item: Leftovers
|upkeep
|turn|6
|
|t:|1760382117
|switch|p1a: Skeledirge|Skeledirge, M, shiny, tera:Grass|46/100
|move|p2a: Wo-Chien|Leech Seed|p1a: Skeledirge
|-immune|p1a: Skeledirge
|
|-heal|p2a: Wo-Chien|95/100|[from] item: Leftovers
|upkeep
|turn|7
|
|t:|1760382126
|move|p2a: Wo-Chien|Protect|p2a: Wo-Chien
|-singleturn|p2a: Wo-Chien|Protect
|move|p1a: Skeledirge|Slack Off|p1a: Skeledirge
|-heal|p1a: Skeledirge|96/100
|
|-heal|p2a: Wo-Chien|100/100|[from] item: Leftovers
|upkeep
|turn|8
|
|t:|1760382134
|move|p1a: Skeledirge|Torch Song|p2a: Wo-Chien
|-supereffective|p2a: Wo-Chien
|-damage|p2a: Wo-Chien|52/100
|-boost|p1a: Skeledirge|spa|1
|move|p2a: Wo-Chien|Knock Off|p1a: Skeledirge
|-damage|p1a: Skeledirge|83/100
|-enditem|p1a: Skeledirge|Mirror Herb|[from] move: Knock Off|[of] p2a: Wo-Chien
|
|-heal|p2a: Wo-Chien|58/100|[from] item: Leftovers
|upkeep
|turn|9
|
|t:|1760382151
|switch|p2a: Raging Bolt|Raging Bolt|100/100
|move|p1a: Skeledirge|Torch Song|p2a: Raging Bolt
|-resisted|p2a: Raging Bolt
|-damage|p2a: Raging Bolt|74/100
|-boost|p1a: Skeledirge|spa|1
|
|upkeep
|turn|10
|
|t:|1760382159
|move|p1a: Skeledirge|Earth Power|p2a: Raging Bolt
|-supereffective|p2a: Raging Bolt
|-crit|p2a: Raging Bolt
|-damage|p2a: Raging Bolt|0 fnt
|faint|p2a: Raging Bolt
|-end|p2a: Raging Bolt|Protosynthesis|[silent]
|
|-sideend|p1: Jynzeo|move: Light Screen
|upkeep
|
|t:|1760382167
|switch|p2a: Typhlosion|Typhlosion-Hisui, M, tera:Fire|42/100
|turn|11
|
|t:|1760382172
|move|p2a: Typhlosion|Overheat|p1a: Skeledirge
|-supereffective|p1a: Skeledirge
|-damage|p1a: Skeledirge|0 fnt
|-unboost|p2a: Typhlosion|spa|2
|faint|p1a: Skeledirge
|
|-sideend|p1: Jynzeo|Reflect
|upkeep
|
|t:|1760382180
|switch|p1a: Espeon|Espeon, F, shiny|100/100
|turn|12
|
|t:|1760382184
|switch|p2a: Iron Treads|Iron Treads|100/100
|move|p1a: Espeon|Psychic|p2a: Iron Treads
|-resisted|p2a: Iron Treads
|-damage|p2a: Iron Treads|83/100
|
|upkeep
|turn|13
|
|t:|1760382198
|move|p1a: Espeon|Mud-Slap|p2a: Iron Treads
|-supereffective|p2a: Iron Treads
|-damage|p2a: Iron Treads|72/100
|-unboost|p2a: Iron Treads|accuracy|1
|move|p2a: Iron Treads|Knock Off|p1a: Espeon
|-supereffective|p1a: Espeon
|-damage|p1a: Espeon|4/100
|-enditem|p1a: Espeon|Focus Sash|[from] move: Knock Off|[of] p2a: Iron Treads
|
|upkeep
|turn|14
|
|t:|1760382208
|move|p1a: Espeon|Mud-Slap|p2a: Iron Treads
|-supereffective|p2a: Iron Treads
|-damage|p2a: Iron Treads|60/100
|-unboost|p2a: Iron Treads|accuracy|1
|move|p2a: Iron Treads|Volt Switch|p1a: Espeon|[miss]
|-miss|p2a: Iron Treads|p1a: Espeon
|
|upkeep
|turn|15
|
|t:|1760382219
|-end|p2a: Iron Treads|Quark Drive|[silent]
|switch|p2a: Kingambit|Kingambit, F|100/100
|-activate|p2a: Kingambit|ability: Supreme Overlord
|-start|p2a: Kingambit|fallen1|[silent]
|move|p1a: Espeon|Mud-Slap|p2a: Kingambit
|-supereffective|p2a: Kingambit
|-damage|p2a: Kingambit|87/100
|-unboost|p2a: Kingambit|accuracy|1
|
|upkeep
|turn|16
|
|t:|1760382229
|move|p2a: Kingambit|Sucker Punch||[still]
|-fail|p2a: Kingambit
|move|p1a: Espeon|Thunder Wave|p2a: Kingambit
|-status|p2a: Kingambit|par
|
|upkeep
|turn|17
|
|t:|1760382235
|move|p1a: Espeon|Mud-Slap|p2a: Kingambit
|-supereffective|p2a: Kingambit
|-damage|p2a: Kingambit|74/100 par
|-unboost|p2a: Kingambit|accuracy|1
|move|p2a: Kingambit|Kowtow Cleave|p1a: Espeon
|-supereffective|p1a: Espeon
|-damage|p1a: Espeon|0 fnt
|faint|p1a: Espeon
|
|upkeep
|
|t:|1760382248
|switch|p1a: Sandy Shocks|Sandy Shocks, shiny|100/100
|-enditem|p1a: Sandy Shocks|Booster Energy
|-activate|p1a: Sandy Shocks|ability: Protosynthesis|[fromitem]
|-start|p1a: Sandy Shocks|protosynthesisspe
|turn|18
|
|t:|1760382259
|move|p1a: Sandy Shocks|Earth Power|p2a: Kingambit
|-supereffective|p2a: Kingambit
|-damage|p2a: Kingambit|0 fnt
|faint|p2a: Kingambit
|-end|p2a: Kingambit|fallen1|[silent]
|
|upkeep
|
|t:|1760382269
|switch|p2a: Alomomola|Alomomola, F|100/100
|turn|19
|
|t:|1760382277
|move|p1a: Sandy Shocks|Thunderbolt|p2a: Alomomola
|-supereffective|p2a: Alomomola
|-damage|p2a: Alomomola|0 fnt
|faint|p2a: Alomomola
|
|upkeep
|
|t:|1760382282
|switch|p2a: Typhlosion|Typhlosion-Hisui, M, tera:Fire|42/100
|turn|20
|
|t:|1760382286
|move|p1a: Sandy Shocks|Earth Power|p2a: Typhlosion
|-supereffective|p2a: Typhlosion
|-damage|p2a: Typhlosion|0 fnt
|faint|p2a: Typhlosion
|
|upkeep
|-message|charizardkasparov forfeited.
|
|win|Jynzeo
|raw|Jynzeo's rating: 1262 &rarr; <strong>1289</strong><br />(+27 for winning)
|raw|charizardkasparov's rating: 1284 &rarr; <strong>1257</strong><br />(-27 for losing)
|l|☆charizardkasparov
|player|p2|
