|j|☆SillyScallop
|j|☆aretse
|t:|1760385113
|gametype|singles
|player|p1|SillyScallop|maid|1502
|player|p2|aretse|101|1493
|gen|9
|tier|[Gen 9] OU
|rated|
|rule|HP Percentage Mod: HP is shown in percentages
|rule|Endless Battle Clause: Forcing endless battles is banned
|rule|Species Clause: Limit one of each Pokémon
|rule|OHKO Clause: OHKO moves are banned
|rule|Evasion Items Clause: Evasion items are banned
|rule|Evasion Moves Clause: Evasion moves are banned
|rule|Evasion Abilities Clause: Evasion abilities are banned
|rule|Sleep Moves Clause: Sleep-inducing moves are banned
|clearpoke
|poke|p1|Slowking-Galar, F|
|poke|p1|Hydrapple, F|
|poke|p1|Iron Treads|
|poke|p1|Mandibuzz, F|
|poke|p1|Clefable, M|
|poke|p1|Tauros-Paldea-Aqua, M|
|poke|p2|Clodsire, F|
|poke|p2|Gliscor, F|
|poke|p2|Alomomola, M|
|poke|p2|Dondozo, F|
|poke|p2|Amoonguss, M|
|poke|p2|Bronzong|
|teampreview
|inactive|Battle timer is ON: inactive players will automatically lose when time's up. (requested by aretse)
|
|t:|1760385139
|teamsize|p1|6
|teamsize|p2|6
|start
|switch|p1a: Slowking|Slowking-Galar, F|100/100
|switch|p2a: Gliscor|Gliscor, F|100/100
|turn|1
|
|t:|1760385145
|move|p2a: Gliscor|Protect|p2a: Gliscor
|-singleturn|p2a: Gliscor|Protect
|move|p1a: Slowking|Trick|p2a: Gliscor
|-activate|p2a: Gliscor|move: Protect
|
|-status|p2a: Gliscor|tox|[from] item: Toxic Orb
|upkeep
|turn|2
|
|t:|1760385151
|move|p2a: Gliscor|Knock Off|p1a: Slowking
|-supereffective|p1a: Slowking
|-damage|p1a: Slowking|60/100
|-enditem|p1a: Slowking|Black Sludge|[from] move: Knock Off|[of] p2a: Gliscor
|-prepare|p1a: Slowking|Chilly Reception|[premajor]
|move|p1a: Slowking|Chilly Reception|p1a: Slowking
|-weather|Snowscape
|
|t:|1760385167
|switch|p1a: Tauros|Tauros-Paldea-Aqua, M|100/100|[from] Chilly Reception
|-ability|p1a: Tauros|Intimidate|boost
|-unboost|p2a: Gliscor|atk|1
|
|-weather|Snowscape|[upkeep]
|upkeep
|turn|3
|
|t:|1760385186
|move|p1a: Tauros|Bulk Up|p1a: Tauros
|-boost|p1a: Tauros|atk|1
|-boost|p1a: Tauros|def|1
|move|p2a: Gliscor|Toxic|p1a: Tauros
|-status|p1a: Tauros|tox
|
|-weather|Snowscape|[upkeep]
|-damage|p1a: Tauros|94/100 tox|[from] psn
|upkeep
|turn|4
|
|t:|1760385191
|move|p1a: Tauros|Bulk Up|p1a: Tauros
|-boost|p1a: Tauros|atk|1
|-boost|p1a: Tauros|def|1
|move|p2a: Gliscor|Spikes|p1a: Tauros
|-sidestart|p1: SillyScallop|Spikes
|
|-weather|Snowscape|[upkeep]
|-heal|p1a: Tauros|100/100 tox|[from] item: Leftovers
|-damage|p1a: Tauros|88/100 tox|[from] psn
|upkeep
|turn|5
|
|t:|1760385194
|switch|p2a: Dondozo|Dondozo, F|100/100
|move|p1a: Tauros|Raging Bull|p2a: Dondozo
|-resisted|p2a: Dondozo
|-damage|p2a: Dondozo|94/100
|
|-weather|Snowscape|[upkeep]
|-heal|p1a: Tauros|94/100 tox|[from] item: Leftovers
|-damage|p1a: Tauros|76/100 tox|[from] psn
|upkeep
|turn|6
|
|t:|1760385203
|switch|p1a: Hydrapple|Hydrapple, F|100/100
|-damage|p1a: Hydrapple|88/100|[from] Spikes
|move|p2a: Dondozo|Waterfall|p1a: Hydrapple
|-resisted|p1a: Hydrapple
|-damage|p1a: Hydrapple|84/100
|
|-weather|none
|-heal|p1a: Hydrapple|91/100|[from] item: Leftovers
|upkeep
|turn|7
|
|t:|1760385212
|switch|p2a: Bronzong|Bronzong|100/100
|move|p1a: Hydrapple|Earth Power|p2a: Bronzong
|-immune|p2a: Bronzong|[from] ability: Levitate
|
|-heal|p1a: Hydrapple|97/100|[from] item: Leftovers
|upkeep
|turn|8
|
|t:|1760385219
|move|p1a: Hydrapple|Nasty Plot|p1a: Hydrapple
|-boost|p1a: Hydrapple|spa|2
|move|p2a: Bronzong|Night Shade|p1a: Hydrapple
|-damage|p1a: Hydrapple|73/100
|
|-heal|p1a: Hydrapple|79/100|[from] item: Leftovers
|upkeep
|turn|9
|
|t:|1760385228
|move|p1a: Hydrapple|Fickle Beam|p2a: Bronzong|[anim] Fickle Beam All Out
|-activate|p1a: Hydrapple|move: Fickle Beam
|-resisted|p2a: Bronzong
|-damage|p2a: Bronzong|56/100
|move|p2a: Bronzong|Night Shade|p1a: Hydrapple
|-damage|p1a: Hydrapple|55/100
|
|-heal|p1a: Hydrapple|61/100|[from] item: Leftovers
|-heal|p2a: Bronzong|62/100|[from] item: Leftovers
|upkeep
|turn|10
|
|t:|1760385233
|move|p1a: Hydrapple|Nasty Plot|p1a: Hydrapple
|-boost|p1a: Hydrapple|spa|2
|move|p2a: Bronzong|Night Shade|p1a: Hydrapple
|-damage|p1a: Hydrapple|37/100
|
|-heal|p1a: Hydrapple|44/100|[from] item: Leftovers
|-heal|p2a: Bronzong|68/100|[from] item: Leftovers
|upkeep
|turn|11
|
|t:|1760385238
|move|p2a: Bronzong|Protect|p2a: Bronzong
|-singleturn|p2a: Bronzong|Protect
|move|p1a: Hydrapple|Fickle Beam|p2a: Bronzong
|-activate|p2a: Bronzong|move: Protect
|
|-heal|p1a: Hydrapple|50/100|[from] item: Leftovers
|-heal|p2a: Bronzong|74/100|[from] item: Leftovers
|upkeep
|turn|12
|
|t:|1760385242
|switch|p2a: Clodsire|Clodsire, F|100/100
|move|p1a: Hydrapple|Fickle Beam|p2a: Clodsire|[anim] Fickle Beam All Out
|-activate|p1a: Hydrapple|move: Fickle Beam
|-damage|p2a: Clodsire|69/100
|
|-heal|p1a: Hydrapple|56/100|[from] item: Leftovers
|upkeep
|turn|13
|
|t:|1760385249
|switch|p1a: Slowking|Slowking-Galar, F|94/100
|-damage|p1a: Slowking|81/100|[from] Spikes
|move|p2a: Clodsire|Poison Jab|p1a: Slowking
|-resisted|p1a: Slowking
|-damage|p1a: Slowking|71/100
|
|upkeep
|turn|14
|
|t:|1760385256
|switch|p2a: Bronzong|Bronzong|74/100
|move|p1a: Slowking|Trick|p2a: Bronzong
|-activate|p1a: Slowking|move: Trick|[of] p2a: Bronzong
|-enditem|p2a: Bronzong|Leftovers|[silent]|[from] move: Trick
|-item|p1a: Slowking|Leftovers|[from] move: Trick
|
|-heal|p1a: Slowking|77/100|[from] item: Leftovers
|upkeep
|turn|15
|
|t:|1760385262
|move|p2a: Bronzong|Stealth Rock|p1a: Slowking
|-sidestart|p1: SillyScallop|move: Stealth Rock
|-prepare|p1a: Slowking|Chilly Reception|[premajor]
|move|p1a: Slowking|Chilly Reception|p1a: Slowking
|-weather|Snowscape
|
|t:|1760385265
|switch|p1a: Iron Treads|Iron Treads|100/100|[from] Chilly Reception
|-damage|p1a: Iron Treads|88/100|[from] Spikes
|-damage|p1a: Iron Treads|85/100|[from] Stealth Rock
|
|-weather|Snowscape|[upkeep]
|-heal|p1a: Iron Treads|91/100|[from] item: Leftovers
|upkeep
|turn|16
|
|t:|1760385268
|switch|p2a: Alomomola|Alomomola, M|100/100
|move|p1a: Iron Treads|Rapid Spin|p2a: Alomomola
|-damage|p2a: Alomomola|93/100
|-boost|p1a: Iron Treads|spe|1
|-sideend|p1: SillyScallop|Spikes|[from] move: Rapid Spin|[of] p1a: Iron Treads
|-sideend|p1: SillyScallop|Stealth Rock|[from] move: Rapid Spin|[of] p1a: Iron Treads
|
|-weather|Snowscape|[upkeep]
|-heal|p1a: Iron Treads|97/100|[from] item: Leftovers
|upkeep
|turn|17
|
|t:|1760385273
|move|p1a: Iron Treads|Knock Off|p2a: Alomomola
|-damage|p2a: Alomomola|79/100
|-enditem|p2a: Alomomola|Heavy-Duty Boots|[from] move: Knock Off|[of] p1a: Iron Treads
|move|p2a: Alomomola|Whirlpool|p1a: Iron Treads
|-supereffective|p1a: Iron Treads
|-damage|p1a: Iron Treads|87/100
|-activate|p1a: Iron Treads|move: Whirlpool|[of] p2a: Alomomola
|
|-weather|Snowscape|[upkeep]
|-heal|p1a: Iron Treads|94/100|[from] item: Leftovers
|-damage|p1a: Iron Treads|81/100|[from] move: Whirlpool|[partiallytrapped]
|upkeep
|turn|18
|
|t:|1760385285
|move|p2a: Alomomola|Protect|p2a: Alomomola
|-singleturn|p2a: Alomomola|Protect
|move|p1a: Iron Treads|Stealth Rock|p2a: Alomomola
|-sidestart|p2: aretse|move: Stealth Rock
|
|-weather|Snowscape|[upkeep]
|-heal|p1a: Iron Treads|87/100|[from] item: Leftovers
|-damage|p1a: Iron Treads|75/100|[from] move: Whirlpool|[partiallytrapped]
|upkeep
|turn|19
|
|t:|1760385290
|move|p1a: Iron Treads|Earthquake|p2a: Alomomola
|-damage|p2a: Alomomola|58/100
|move|p2a: Alomomola|Scald|p1a: Iron Treads
|-supereffective|p1a: Iron Treads
|-damage|p1a: Iron Treads|53/100
|
|-weather|none
|-heal|p1a: Iron Treads|59/100|[from] item: Leftovers
|-damage|p1a: Iron Treads|46/100|[from] move: Whirlpool|[partiallytrapped]
|upkeep
|turn|20
|
|t:|1760385297
|move|p1a: Iron Treads|Knock Off|p2a: Alomomola
|-damage|p2a: Alomomola|48/100
|move|p2a: Alomomola|Scald|p1a: Iron Treads
|-supereffective|p1a: Iron Treads
|-damage|p1a: Iron Treads|22/100
|
|-heal|p1a: Iron Treads|29/100|[from] item: Leftovers
|-damage|p1a: Iron Treads|16/100|[from] move: Whirlpool|[partiallytrapped]
|upkeep
|turn|21
|
|t:|1760385306
|move|p1a: Iron Treads|Earthquake|p2a: Alomomola
|-damage|p2a: Alomomola|24/100
|move|p2a: Alomomola|Scald|p1a: Iron Treads
|-supereffective|p1a: Iron Treads
|-damage|p1a: Iron Treads|0 fnt
|faint|p1a: Iron Treads
|-end|p1a: Iron Treads|Quark Drive|[silent]
|
|upkeep
|
|t:|1760385317
|switch|p1a: Hydrapple|Hydrapple, F|89/100
|turn|22
|
|t:|1760385321
|switch|p2a: Bronzong|Bronzong|74/100
|-damage|p2a: Bronzong|68/100|[from] Stealth Rock
|move|p1a: Hydrapple|Earth Power|p2a: Bronzong
|-immune|p2a: Bronzong|[from] ability: Levitate
|
|-heal|p1a: Hydrapple|95/100|[from] item: Leftovers
|upkeep
|turn|23
|
|t:|1760385334
|move|p1a: Hydrapple|Nasty Plot|p1a: Hydrapple
|-boost|p1a: Hydrapple|spa|2
|move|p2a: Bronzong|Stealth Rock|p1a: Hydrapple
|-sidestart|p1: SillyScallop|move: Stealth Rock
|
|-heal|p1a: Hydrapple|100/100|[from] item: Leftovers
|upkeep
|turn|24
|
|t:|1760385337
|move|p1a: Hydrapple|Nasty Plot|p1a: Hydrapple
|-boost|p1a: Hydrapple|spa|2
|move|p2a: Bronzong|Night Shade|p1a: Hydrapple
|-damage|p1a: Hydrapple|76/100
|
|-heal|p1a: Hydrapple|83/100|[from] item: Leftovers
|upkeep
|turn|25
|
|t:|1760385343
|move|p2a: Bronzong|Protect|p2a: Bronzong
|-singleturn|p2a: Bronzong|Protect
|move|p1a: Hydrapple|Earth Power|p2a: Bronzong
|-activate|p2a: Bronzong|move: Protect
|
|-heal|p1a: Hydrapple|89/100|[from] item: Leftovers
|upkeep
|turn|26
|
|t:|1760385349
|move|p1a: Hydrapple|Nasty Plot|p1a: Hydrapple
|-boost|p1a: Hydrapple|spa|2
|move|p2a: Bronzong|Night Shade|p1a: Hydrapple
|-damage|p1a: Hydrapple|65/100
|
|-heal|p1a: Hydrapple|71/100|[from] item: Leftovers
|upkeep
|turn|27
|
|t:|1760385353
|move|p1a: Hydrapple|Giga Drain|p2a: Bronzong
|-resisted|p2a: Bronzong
|-damage|p2a: Bronzong|32/100
|-heal|p1a: Hydrapple|86/100|[from] drain|[of] p2a: Bronzong
|move|p2a: Bronzong|Night Shade|p1a: Hydrapple
|-damage|p1a: Hydrapple|62/100
|
|-heal|p1a: Hydrapple|68/100|[from] item: Leftovers
|upkeep
|turn|28
|
|t:|1760385359
|switch|p2a: Clodsire|Clodsire, F|69/100
|move|p1a: Hydrapple|Giga Drain|p2a: Clodsire
|-damage|p2a: Clodsire|53/100
|-heal|p1a: Hydrapple|77/100|[from] drain|[of] p2a: Clodsire
|
|-heal|p1a: Hydrapple|83/100|[from] item: Leftovers
|upkeep
|turn|29
|
|t:|1760385367
|move|p1a: Hydrapple|Earth Power|p2a: Clodsire
|-supereffective|p2a: Clodsire
|-damage|p2a: Clodsire|25/100
|move|p2a: Clodsire|Recover|p2a: Clodsire
|-heal|p2a: Clodsire|75/100
|
|-heal|p1a: Hydrapple|90/100|[from] item: Leftovers
|upkeep
|turn|30
|
|t:|1760385380
|switch|p1a: Slowking|Slowking-Galar, F|100/100
|-damage|p1a: Slowking|88/100|[from] Stealth Rock
|move|p2a: Clodsire|Amnesia|p2a: Clodsire
|-boost|p2a: Clodsire|spd|2
|
|-heal|p1a: Slowking|94/100|[from] item: Leftovers
|upkeep
|turn|31
|
|t:|1760385388
|move|p2a: Clodsire|Earthquake|p1a: Slowking
|-supereffective|p1a: Slowking
|-damage|p1a: Slowking|33/100
|move|p1a: Slowking|Psyshock|p2a: Clodsire
|-supereffective|p2a: Clodsire
|-damage|p2a: Clodsire|4/100
|
|-heal|p1a: Slowking|39/100|[from] item: Leftovers
|upkeep
|turn|32
|
|t:|1760385403
|move|p2a: Clodsire|Earthquake|p1a: Slowking
|-supereffective|p1a: Slowking
|-damage|p1a: Slowking|0 fnt
|faint|p1a: Slowking
|
|upkeep
|
|t:|1760385408
|switch|p1a: Hydrapple|Hydrapple, F|100/100
|-damage|p1a: Hydrapple|88/100|[from] Stealth Rock
|turn|33
|
|t:|1760385418
|switch|p2a: Amoonguss|Amoonguss, M|100/100
|move|p1a: Hydrapple|Giga Drain|p2a: Amoonguss
|-resisted|p2a: Amoonguss
|-damage|p2a: Amoonguss|93/100
|-heal|p1a: Hydrapple|92/100|[from] drain|[of] p2a: Amoonguss
|
|-heal|p1a: Hydrapple|98/100|[from] item: Leftovers
|upkeep
|turn|34
|
|t:|1760385423
|-terastallize|p1a: Hydrapple|Steel
|move|p1a: Hydrapple|Nasty Plot|p1a: Hydrapple
|-boost|p1a: Hydrapple|spa|2
|move|p2a: Amoonguss|Clear Smog|p1a: Hydrapple
|-immune|p1a: Hydrapple
|
|-heal|p1a: Hydrapple|100/100|[from] item: Leftovers
|upkeep
|turn|35
|
|t:|1760385437
|switch|p2a: Dondozo|Dondozo, F|94/100
|move|p1a: Hydrapple|Nasty Plot|p1a: Hydrapple
|-boost|p1a: Hydrapple|spa|2
|
|upkeep
|turn|36
|
|t:|1760385444
|-terastallize|p2a: Dondozo|Fighting
|move|p1a: Hydrapple|Giga Drain|p2a: Dondozo
|-damage|p2a: Dondozo|63/100
|move|p2a: Dondozo|Body Press|p1a: Hydrapple
|-supereffective|p1a: Hydrapple
|-damage|p1a: Hydrapple|53/100
|
|-heal|p1a: Hydrapple|59/100|[from] item: Leftovers
|upkeep
|turn|37
|
|t:|1760385453
|move|p1a: Hydrapple|Fickle Beam|p2a: Dondozo|[anim] Fickle Beam All Out
|-activate|p1a: Hydrapple|move: Fickle Beam
|-damage|p2a: Dondozo|0 fnt
|faint|p2a: Dondozo
|
|-heal|p1a: Hydrapple|65/100|[from] item: Leftovers
|upkeep
|l|☆aretse
|inactive|aretse disconnected and has a minute to reconnect!
|player|p2|
|inactive|aretse has 30 seconds to reconnect!
|inactive|aretse has 20 seconds to reconnect!
|inactive|aretse has 15 seconds to reconnect!
|inactive|aretse has 10 seconds to reconnect!
|inactive|aretse has 5 seconds to reconnect!
|-message|aretse lost due to inactivity.
|
|win|SillyScallop
|raw|SillyScallop's rating: 1502 &rarr; <strong>1521</strong><br />(+19 for winning)
|raw|aretse's rating: 1493 &rarr; <strong>1474</strong><br />(-19 for losing)
