|j|☆Charle_phate
|j|☆Gangnap
|t:|1760328260
|gametype|singles
|player|p1|Charle_phate|blue|1144
|player|p2|Gangnap|steven|1114
|gen|9
|tier|[Gen 9] OU
|rated|
|rule|HP Percentage Mod: HP is shown in percentages
|rule|Endless Battle Clause: Forcing endless battles is banned
|rule|Species Clause: Limit one of each Pokémon
|rule|OHKO Clause: OHKO moves are banned
|rule|Evasion Items Clause: Evasion items are banned
|rule|Evasion Moves Clause: Evasion moves are banned
|rule|Evasion Abilities Clause: Evasion abilities are banned
|rule|Sleep Moves Clause: Sleep-inducing moves are banned
|clearpoke
|poke|p1|Serperior, F|
|poke|p1|Rotom-Wash|
|poke|p1|Zapdos|
|poke|p1|Heatran, F|
|poke|p1|Clefable, M|
|poke|p1|Landorus-Therian, M|
|poke|p2|Hatterene, F|
|poke|p2|Garganacl, M|
|poke|p2|Weavile, F|
|poke|p2|Primarina, F|
|poke|p2|Dragapult, M|
|poke|p2|Glimmora, M|
|teampreview
|inactive|Battle timer is ON: inactive players will automatically lose when time's up. (requested by Gangnap)
|
|t:|1760328273
|teamsize|p1|6
|teamsize|p2|6
|start
|switch|p1a: Rotom|Rotom-Wash|100/100
|switch|p2a: Dragapult|Dragapult, M|100/100
|turn|1
|
|t:|1760328282
|move|p2a: Dragapult|Shadow Ball|p1a: Rotom
|-damage|p1a: Rotom|56/100
|-damage|p2a: Dragapult|91/100|[from] item: Life Orb
|move|p1a: Rotom|Thunder Wave|p2a: Dragapult
|-status|p2a: Dragapult|par
|
|-heal|p1a: Rotom|63/100|[from] item: Leftovers
|upkeep
|turn|2
|
|t:|1760328308
|switch|p1a: Serperior|Serperior, F|100/100
|move|p2a: Dragapult|Shadow Ball|p1a: Serperior
|-damage|p1a: Serperior|44/100
|-damage|p2a: Dragapult|81/100 par|[from] item: Life Orb
|
|-heal|p1a: Serperior|50/100|[from] item: Leftovers
|upkeep
|turn|3
|
|t:|1760328322
|move|p1a: Serperior|Leech Seed|p2a: Dragapult
|-start|p2a: Dragapult|move: Leech Seed
|move|p2a: Dragapult|Will-O-Wisp|p1a: Serperior
|-status|p1a: Serperior|brn
|
|-heal|p1a: Serperior|56/100 brn|[from] item: Leftovers
|-damage|p2a: Dragapult|69/100 par|[from] Leech Seed|[of] p1a: Serperior
|-heal|p1a: Serperior|70/100 brn|[silent]
|-damage|p1a: Serperior|64/100 brn|[from] brn
|upkeep
|turn|4
|inactive|Charle_phate has 120 seconds left.
|
|t:|1760328337
|switch|p2a: Hatterene|Hatterene, F, shiny|100/100
|move|p1a: Serperior|Leaf Storm|p2a: Hatterene
|-damage|p2a: Hatterene|53/100
|-boost|p1a: Serperior|spa|2
|
|-heal|p1a: Serperior|70/100 brn|[from] item: Leftovers
|-damage|p1a: Serperior|64/100 brn|[from] brn
|upkeep
|turn|5
|inactive|Charle_phate has 120 seconds left.
|
|t:|1760328349
|move|p1a: Serperior|Leaf Storm|p2a: Hatterene
|-damage|p2a: Hatterene|0 fnt
|-boost|p1a: Serperior|spa|2
|faint|p2a: Hatterene
|
|-heal|p1a: Serperior|70/100 brn|[from] item: Leftovers
|-damage|p1a: Serperior|64/100 brn|[from] brn
|upkeep
|
|t:|1760328351
|switch|p2a: Weavile|Weavile, F|100/100
|turn|6
|inactive|Charle_phate has 120 seconds left.
|
|t:|1760328369
|switch|p1a: Heatran|Heatran, F|100/100
|move|p2a: Weavile|Triple Axel|p1a: Heatran
|-resisted|p1a: Heatran
|-damage|p1a: Heatran|98/100
|-resisted|p1a: Heatran
|-damage|p1a: Heatran|94/100
|-hitcount|p1a: Heatran|2
|
|-heal|p1a: Heatran|100/100|[from] item: Leftovers
|upkeep
|turn|7
|inactive|Charle_phate has 120 seconds left.
|
|t:|1760328382
|move|p2a: Weavile|Low Kick|p1a: Heatran
|-supereffective|p1a: Heatran
|-damage|p1a: Heatran|33/100
|move|p1a: Heatran|Substitute|p1a: Heatran
|-start|p1a: Heatran|Substitute
|-damage|p1a: Heatran|8/100
|
|-heal|p1a: Heatran|14/100|[from] item: Leftovers
|upkeep
|turn|8
|l|☆Gangnap
|inactive|Gangnap disconnected and has a minute to reconnect!
|player|p2|
|inactive|Gangnap has 30 seconds to reconnect!
|inactive|Gangnap has 20 seconds to reconnect!
|inactive|Gangnap has 15 seconds to reconnect!
|inactive|Gangnap has 10 seconds to reconnect!
|inactive|Gangnap has 5 seconds to reconnect!
|-message|Gangnap lost due to inactivity.
|
|win|Charle_phate
|raw|Charle_phate's rating: 1164 &rarr; <strong>1185</strong><br />(+21 for winning)
|raw|Gangnap's rating: 1114 &rarr; <strong>1093</strong><br />(-21 for losing)
|l|☆Charle_phate
|player|p1|
