|j|☆harsh9555
|j|‽lilyleite
|t:|1760364257
|gametype|singles
|player|p1|harsh9555|102|1346
|player|p2|lilyleite|1|1361
|gen|9
|tier|[Gen 9] OU
|rated|
|rule|HP Percentage Mod: HP is shown in percentages
|rule|Endless Battle Clause: Forcing endless battles is banned
|rule|Species Clause: Limit one of each Pokémon
|rule|OHKO Clause: OHKO moves are banned
|rule|Evasion Items Clause: Evasion items are banned
|rule|Evasion Moves Clause: Evasion moves are banned
|rule|Evasion Abilities Clause: Evasion abilities are banned
|rule|Sleep Moves Clause: Sleep-inducing moves are banned
|clearpoke
|poke|p1|Greninja-*, M|
|poke|p1|Talonflame, M|
|poke|p1|Hawlucha, M|
|poke|p1|Noivern, F|
|poke|p1|Pikachu, M|
|poke|p1|Goodra-Hisui, F|
|poke|p2|Scizor, F|
|poke|p2|Great Tusk|
|poke|p2|Hydreigon, M|
|poke|p2|Primarina, M|
|poke|p2|Blaziken, M|
|poke|p2|Electivire, F|
|teampreview
|inactive|Battle timer is ON: inactive players will automatically lose when time's up. (requested by harsh9555)
|
|t:|1760364271
|teamsize|p1|6
|teamsize|p2|6
|start
|switch|p1a: Goodra|Goodra-Hisui, F|100/100
|switch|p2a: Electivire|Electivire, F|100/100
|turn|1
|
|t:|1760364280
|move|p2a: Electivire|Volt Switch|p1a: Goodra
|-resisted|p1a: Goodra
|-damage|p1a: Goodra|96/100
|
|t:|1760364286
|switch|p2a: Great Tusk|Great Tusk|100/100|[from] Volt Switch
|-enditem|p2a: Great Tusk|Booster Energy
|-activate|p2a: Great Tusk|ability: Protosynthesis|[fromitem]
|-start|p2a: Great Tusk|protosynthesisatk
|move|p1a: Goodra|Draco Meteor|p2a: Great Tusk
|-damage|p2a: Great Tusk|0 fnt
|-unboost|p1a: Goodra|spa|2
|faint|p2a: Great Tusk
|-end|p2a: Great Tusk|Protosynthesis|[silent]
|
|upkeep
|
|t:|1760364299
|switch|p2a: Primarina|Primarina, M|100/100
|turn|2
|
|t:|1760364309
|switch|p1a: Talonflame|Talonflame, M|100/100
|move|p2a: Primarina|Moonblast|p1a: Talonflame
|-resisted|p1a: Talonflame
|-damage|p1a: Talonflame|59/100
|-unboost|p1a: Talonflame|spa|1
|
|upkeep
|turn|3
|
|t:|1760364315
|move|p1a: Talonflame|Brave Bird|p2a: Primarina
|-damage|p2a: Primarina|36/100
|-damage|p1a: Talonflame|36/100|[from] Recoil
|move|p2a: Primarina|Surf|p1a: Talonflame
|-supereffective|p1a: Talonflame
|-damage|p1a: Talonflame|0 fnt
|faint|p1a: Talonflame
|
|upkeep
|
|t:|1760364324
|switch|p1a: Hawlucha|Hawlucha, M|100/100
|turn|4
|
|t:|1760364331
|move|p1a: Hawlucha|Swords Dance|p1a: Hawlucha
|-boost|p1a: Hawlucha|atk|2
|move|p2a: Primarina|Moonblast|p1a: Hawlucha
|-supereffective|p1a: Hawlucha
|-enditem|p1a: Hawlucha|Focus Sash
|-damage|p1a: Hawlucha|1/100
|
|upkeep
|turn|5
|
|t:|1760364338
|move|p1a: Hawlucha|Reversal|p2a: Primarina
|-resisted|p2a: Primarina
|-damage|p2a: Primarina|0 fnt
|faint|p2a: Primarina
|
|upkeep
|
|t:|1760364342
|switch|p2a: Scizor|Scizor, F|100/100
|turn|6
|
|t:|1760364358
|switch|p1a: Goodra|Goodra-Hisui, F|96/100
|move|p2a: Scizor|Bullet Punch|p1a: Goodra
|-resisted|p1a: Goodra
|-damage|p1a: Goodra|76/100
|-ability|p1a: Goodra|Gooey
|-unboost|p2a: Scizor|spe|1
|-damage|p2a: Scizor|91/100|[from] item: Life Orb
|
|upkeep
|turn|7
|
|t:|1760364375
|move|p1a: Goodra|Fire Blast|p2a: Scizor
|-supereffective|p2a: Scizor
|-damage|p2a: Scizor|0 fnt
|faint|p2a: Scizor
|
|upkeep
|
|t:|1760364381
|switch|p2a: Blaziken|Blaziken, M|100/100
|turn|8
|
|t:|1760364387
|move|p2a: Blaziken|Protect|p2a: Blaziken
|-singleturn|p2a: Blaziken|Protect
|move|p1a: Goodra|Draco Meteor|p2a: Blaziken
|-activate|p2a: Blaziken|move: Protect
|
|-ability|p2a: Blaziken|Speed Boost|boost
|-boost|p2a: Blaziken|spe|1
|upkeep
|turn|9
|
|t:|1760364394
|move|p2a: Blaziken|Close Combat|p1a: Goodra
|-supereffective|p1a: Goodra
|-damage|p1a: Goodra|0 fnt
|-unboost|p2a: Blaziken|def|1
|-unboost|p2a: Blaziken|spd|1
|-ability|p1a: Goodra|Gooey
|-unboost|p2a: Blaziken|spe|1
|faint|p1a: Goodra
|
|-ability|p2a: Blaziken|Speed Boost|boost
|-boost|p2a: Blaziken|spe|1
|upkeep
|
|t:|1760364398
|switch|p1a: Greninja|Greninja, M|100/100
|turn|10
|
|t:|1760364404
|-terastallize|p2a: Blaziken|Bug
|move|p1a: Greninja|Water Shuriken|p2a: Blaziken
|-damage|p2a: Blaziken|85/100
|-damage|p2a: Blaziken|71/100
|-damage|p2a: Blaziken|57/100
|-damage|p2a: Blaziken|40/100
|-damage|p2a: Blaziken|25/100
|-hitcount|p2a: Blaziken|5
|move|p2a: Blaziken|Close Combat|p1a: Greninja
|-supereffective|p1a: Greninja
|-damage|p1a: Greninja|0 fnt
|-unboost|p2a: Blaziken|def|1
|-unboost|p2a: Blaziken|spd|1
|faint|p1a: Greninja
|
|-heal|p2a: Blaziken|31/100|[from] item: Leftovers
|-ability|p2a: Blaziken|Speed Boost|boost
|-boost|p2a: Blaziken|spe|1
|upkeep
|
|t:|1760364418
|switch|p1a: Pikachu|Pikachu, M|100/100
|turn|11
|
|t:|1760364422
|move|p1a: Pikachu|Fake Out|p2a: Blaziken
|-damage|p2a: Blaziken|6/100
|cant|p2a: Blaziken|flinch
|
|-heal|p2a: Blaziken|12/100|[from] item: Leftovers
|-ability|p2a: Blaziken|Speed Boost|boost
|-boost|p2a: Blaziken|spe|1
|upkeep
|turn|12
|
|t:|1760364427
|move|p1a: Pikachu|Quick Attack|p2a: Blaziken
|-damage|p2a: Blaziken|0 fnt
|faint|p2a: Blaziken
|
|upkeep
|
|t:|1760364430
|switch|p2a: Electivire|Electivire, F|100/100
|turn|13
|
|t:|1760364435
|move|p2a: Electivire|Bulk Up|p2a: Electivire
|-boost|p2a: Electivire|atk|1
|-boost|p2a: Electivire|def|1
|move|p1a: Pikachu|Endeavor|p2a: Electivire
|-damage|p2a: Electivire|73/100
|
|-heal|p2a: Electivire|79/100|[from] item: Leftovers
|upkeep
|turn|14
|
|t:|1760364441
|move|p2a: Electivire|Bulk Up|p2a: Electivire
|-boost|p2a: Electivire|atk|1
|-boost|p2a: Electivire|def|1
|move|p1a: Pikachu|Endeavor|p2a: Electivire
|-damage|p2a: Electivire|73/100
|
|-heal|p2a: Electivire|79/100|[from] item: Leftovers
|upkeep
|turn|15
|
|t:|1760364448
|move|p2a: Electivire|Earthquake|p1a: Pikachu
|-supereffective|p1a: Pikachu
|-enditem|p1a: Pikachu|Focus Sash
|-damage|p1a: Pikachu|1/100
|move|p1a: Pikachu|Endeavor|p2a: Electivire
|-damage|p2a: Electivire|1/100
|
|-heal|p2a: Electivire|7/100|[from] item: Leftovers
|upkeep
|turn|16
|
|t:|1760364451
|move|p1a: Pikachu|Quick Attack|p2a: Electivire
|-crit|p2a: Electivire
|-damage|p2a: Electivire|0 fnt
|faint|p2a: Electivire
|
|upkeep
|
|t:|1760364453
|switch|p2a: Hydreigon|Hydreigon, M|100/100
|turn|17
|
|t:|1760364457
|move|p2a: Hydreigon|Flash Cannon|p1a: Pikachu
|-resisted|p1a: Pikachu
|-damage|p1a: Pikachu|0 fnt
|faint|p1a: Pikachu
|
|upkeep
|
|t:|1760364460
|switch|p1a: Hawlucha|Hawlucha, M|1/100
|turn|18
|
|t:|1760364480
|-terastallize|p1a: Hawlucha|Fighting
|move|p1a: Hawlucha|Reversal|p2a: Hydreigon
|-supereffective|p2a: Hydreigon
|-damage|p2a: Hydreigon|0 fnt
|faint|p2a: Hydreigon
|
|win|harsh9555
|raw|harsh9555's rating: 1346 &rarr; <strong>1367</strong><br />(+21 for winning)
|raw|lilyleite's rating: 1361 &rarr; <strong>1340</strong><br />(-21 for losing)
|l|☆harsh9555
|player|p1|
|l|‽lilyleite
|player|p2|
