|j|☆Brigadi25
|j|☆yellow octopus
|t:|1760313916
|gametype|singles
|player|p1|Brigadi25|bugcatcher-gen4dp|1360
|player|p2|yellow octopus|266|1428
|gen|9
|tier|[Gen 9] OU
|rated|
|rule|HP Percentage Mod: HP is shown in percentages
|rule|Endless Battle Clause: Forcing endless battles is banned
|rule|Species Clause: Limit one of each Pokémon
|rule|OHKO Clause: OHKO moves are banned
|rule|Evasion Items Clause: Evasion items are banned
|rule|Evasion Moves Clause: Evasion moves are banned
|rule|Evasion Abilities Clause: Evasion abilities are banned
|rule|Sleep Moves Clause: Sleep-inducing moves are banned
|clearpoke
|poke|p1|Ribombee, F|
|poke|p1|Ogerpon-Wellspring, F|
|poke|p1|Tornadus-Therian, M|
|poke|p1|Goodra, F|
|poke|p1|Iron Crown|
|poke|p1|Kleavor, F|
|poke|p2|Arcanine-Hisui, F|
|poke|p2|Tornadus-Therian, M|
|poke|p2|Great Tusk|
|poke|p2|Gholdengo|
|poke|p2|Darkrai|
|poke|p2|Dragonite, F|
|teampreview
|inactive|Battle timer is ON: inactive players will automatically lose when time's up. (requested by Brigadi25)
|inactive|yellow octopus has 120 seconds left.
|
|t:|1760313967
|teamsize|p1|6
|teamsize|p2|6
|start
|switch|p1a: Ribombee|Ribombee, F|100/100
|switch|p2a: Gholdengo|Gholdengo|100/100
|-item|p2a: Gholdengo|Air Balloon
|turn|1
|
|t:|1760313978
|move|p1a: Ribombee|Sticky Web|p2a: Gholdengo
|-sidestart|p2: yellow octopus|move: Sticky Web
|move|p2a: Gholdengo|Thunder Wave|p1a: Ribombee
|-status|p1a: Ribombee|par
|
|upkeep
|turn|2
|
|t:|1760313984
|move|p2a: Gholdengo|Hex|p1a: Ribombee
|-damage|p1a: Ribombee|6/100 par
|cant|p1a: Ribombee|par
|
|upkeep
|turn|3
|
|t:|1760313991
|move|p2a: Gholdengo|Hex|p1a: Ribombee
|-damage|p1a: Ribombee|0 fnt
|faint|p1a: Ribombee
|
|upkeep
|
|t:|1760314010
|switch|p1a: Goodra|Goodra, F|100/100
|turn|4
|
|t:|1760314016
|move|p1a: Goodra|Fire Blast|p2a: Gholdengo
|-supereffective|p2a: Gholdengo
|-damage|p2a: Gholdengo|45/100
|-enditem|p2a: Gholdengo|Air Balloon
|move|p2a: Gholdengo|Thunder Wave|p1a: Goodra|[miss]
|-miss|p2a: Gholdengo|p1a: Goodra
|
|upkeep
|turn|5
|
|t:|1760314032
|switch|p2a: Tornadus|Tornadus-Therian, M|100/100
|move|p1a: Goodra|Draco Meteor|p2a: Tornadus
|-damage|p2a: Tornadus|43/100
|-unboost|p1a: Goodra|spa|2
|
|upkeep
|turn|6
|
|t:|1760314049
|switch|p1a: Tornadus|Tornadus-Therian, M|100/100
|move|p2a: Tornadus|Knock Off|p1a: Tornadus
|-damage|p1a: Tornadus|78/100
|-enditem|p1a: Tornadus|Heavy-Duty Boots|[from] move: Knock Off|[of] p2a: Tornadus
|
|upkeep
|turn|7
|
|t:|1760314063
|switch|p2a: Gholdengo|Gholdengo|45/100
|-activate|p2a: Gholdengo|move: Sticky Web
|-unboost|p2a: Gholdengo|spe|1
|move|p1a: Tornadus|Taunt|p2a: Gholdengo
|-immune|p2a: Gholdengo|[from] ability: Good as Gold
|
|upkeep
|turn|8
|
|t:|1760314078
|switch|p1a: Goodra|Goodra, F|100/100
|move|p2a: Gholdengo|Thunder Wave|p1a: Goodra
|-status|p1a: Goodra|par
|
|upkeep
|turn|9
|
|t:|1760314087
|move|p2a: Gholdengo|Recover|p2a: Gholdengo
|-heal|p2a: Gholdengo|95/100
|move|p1a: Goodra|Fire Blast|p2a: Gholdengo
|-supereffective|p2a: Gholdengo
|-damage|p2a: Gholdengo|39/100
|
|upkeep
|turn|10
|
|t:|1760314096
|move|p2a: Gholdengo|Recover|p2a: Gholdengo
|-heal|p2a: Gholdengo|89/100
|cant|p1a: Goodra|par
|
|upkeep
|turn|11
|
|t:|1760314101
|switch|p2a: Tornadus|Tornadus-Therian, M|76/100
|move|p1a: Goodra|Scald|p2a: Tornadus
|-damage|p2a: Tornadus|53/100
|
|upkeep
|turn|12
|
|t:|1760314123
|switch|p1a: Tornadus|Tornadus-Therian, M|100/100
|move|p2a: Tornadus|U-turn|p1a: Tornadus
|-resisted|p1a: Tornadus
|-damage|p1a: Tornadus|92/100
|
|t:|1760314132
|switch|p2a: Arcanine|Arcanine-Hisui, F, shiny|100/100|[from] U-turn
|-activate|p2a: Arcanine|move: Sticky Web
|-unboost|p2a: Arcanine|spe|1
|
|upkeep
|turn|13
|
|t:|1760314148
|move|p1a: Tornadus|U-turn|p2a: Arcanine
|-resisted|p2a: Arcanine
|-damage|p2a: Arcanine|91/100
|inactive|Brigadi25 has 120 seconds left.
|
|t:|1760314171
|switch|p1a: Iron Crown|Iron Crown|100/100|[from] U-turn
|-enditem|p1a: Iron Crown|Booster Energy
|-activate|p1a: Iron Crown|ability: Quark Drive|[fromitem]
|-start|p1a: Iron Crown|quarkdrivespe
|move|p2a: Arcanine|Flare Blitz|p1a: Iron Crown
|-supereffective|p1a: Iron Crown
|-damage|p1a: Iron Crown|0 fnt
|faint|p1a: Iron Crown
|-end|p1a: Iron Crown|Quark Drive|[silent]
|
|upkeep
|inactive|Brigadi25 has 120 seconds left.
|
|t:|1760314186
|switch|p1a: Ogerpon|Ogerpon-Wellspring, F|100/100
|turn|14
|inactive|Brigadi25 has 120 seconds left.
|
|t:|1760314194
|switch|p2a: Tornadus|Tornadus-Therian, M|86/100
|move|p1a: Ogerpon|Knock Off|p2a: Tornadus
|-damage|p2a: Tornadus|41/100
|-enditem|p2a: Tornadus|Heavy-Duty Boots|[from] move: Knock Off|[of] p1a: Ogerpon
|
|upkeep
|turn|15
|inactive|Brigadi25 has 120 seconds left.
|
|t:|1760314222
|move|p2a: Tornadus|U-turn|p1a: Ogerpon
|-supereffective|p1a: Ogerpon
|-damage|p1a: Ogerpon|66/100
|
|t:|1760314224
|switch|p2a: Gholdengo|Gholdengo|89/100|[from] U-turn
|-activate|p2a: Gholdengo|move: Sticky Web
|-unboost|p2a: Gholdengo|spe|1
|move|p1a: Ogerpon|Knock Off|p2a: Gholdengo
|-supereffective|p2a: Gholdengo
|-damage|p2a: Gholdengo|49/100
|
|upkeep
|turn|16
|
|t:|1760314234
|move|p1a: Ogerpon|Ivy Cudgel|p2a: Gholdengo|[anim] Ivy Cudgel Water
|-damage|p2a: Gholdengo|9/100
|move|p2a: Gholdengo|Thunder Wave|p1a: Ogerpon
|-status|p1a: Ogerpon|par
|
|upkeep
|turn|17
|inactive|Brigadi25 has 120 seconds left.
|
|t:|1760314241
|cant|p1a: Ogerpon|par
|move|p2a: Gholdengo|Recover|p2a: Gholdengo
|-heal|p2a: Gholdengo|59/100
|
|upkeep
|turn|18
|
|t:|1760314247
|move|p1a: Ogerpon|Encore|p2a: Gholdengo
|-immune|p2a: Gholdengo|[from] ability: Good as Gold
|move|p2a: Gholdengo|Recover|p2a: Gholdengo
|-heal|p2a: Gholdengo|100/100
|
|upkeep
|turn|19
|
|t:|1760314254
|switch|p1a: Goodra|Goodra, F|100/100 par
|move|p2a: Gholdengo|Hex|p1a: Goodra
|-damage|p1a: Goodra|76/100 par
|
|upkeep
|turn|20
|
|t:|1760314272
|move|p2a: Gholdengo|Hex|p1a: Goodra
|-damage|p1a: Goodra|52/100 par
|move|p1a: Goodra|Fire Blast|p2a: Gholdengo
|-supereffective|p2a: Gholdengo
|-damage|p2a: Gholdengo|45/100
|
|upkeep
|turn|21
|
|t:|1760314283
|move|p2a: Gholdengo|Recover|p2a: Gholdengo
|-heal|p2a: Gholdengo|95/100
|move|p1a: Goodra|Fire Blast|p2a: Gholdengo
|-supereffective|p2a: Gholdengo
|-damage|p2a: Gholdengo|36/100
|
|upkeep
|turn|22
|
|t:|1760314291
|move|p2a: Gholdengo|Recover|p2a: Gholdengo
|-heal|p2a: Gholdengo|86/100
|move|p1a: Goodra|Fire Blast|p2a: Gholdengo
|-supereffective|p2a: Gholdengo
|-damage|p2a: Gholdengo|22/100
|
|upkeep
|turn|23
|
|t:|1760314297
|switch|p2a: Tornadus|Tornadus-Therian, M|75/100
|move|p1a: Goodra|Fire Blast|p2a: Tornadus
|-damage|p2a: Tornadus|44/100
|
|upkeep
|turn|24
|
|t:|1760314304
|move|p2a: Tornadus|U-turn|p1a: Goodra
|-damage|p1a: Goodra|34/100 par
|
|t:|1760314306
|switch|p2a: Great Tusk|Great Tusk|100/100|[from] U-turn
|move|p1a: Goodra|Draco Meteor|p2a: Great Tusk
|-damage|p2a: Great Tusk|17/100
|-unboost|p1a: Goodra|spa|2
|
|upkeep
|turn|25
|
|t:|1760314319
|move|p2a: Great Tusk|Rapid Spin|p1a: Goodra
|-damage|p1a: Goodra|10/100 par
|-boost|p2a: Great Tusk|spe|1
|-sideend|p2: yellow octopus|Sticky Web|[from] move: Rapid Spin|[of] p2a: Great Tusk
|move|p1a: Goodra|Scald|p2a: Great Tusk
|-supereffective|p2a: Great Tusk
|-damage|p2a: Great Tusk|0 fnt
|faint|p2a: Great Tusk
|-end|p2a: Great Tusk|Protosynthesis|[silent]
|
|upkeep
|
|t:|1760314333
|switch|p2a: Tornadus|Tornadus-Therian, M|78/100
|turn|26
|
|t:|1760314341
|switch|p1a: Tornadus|Tornadus-Therian, M|100/100
|move|p2a: Tornadus|U-turn|p1a: Tornadus
|-resisted|p1a: Tornadus
|-damage|p1a: Tornadus|92/100
|
|t:|1760314347
|switch|p2a: Arcanine|Arcanine-Hisui, F, shiny|91/100|[from] U-turn
|
|upkeep
|turn|27
|
|t:|1760314363
|move|p1a: Tornadus|U-turn|p2a: Arcanine
|-resisted|p2a: Arcanine
|-damage|p2a: Arcanine|83/100
|
|t:|1760314368
|switch|p1a: Goodra|Goodra, F|10/100 par|[from] U-turn
|move|p2a: Arcanine|Head Smash|p1a: Goodra
|-damage|p1a: Goodra|0 fnt
|faint|p1a: Goodra
|
|upkeep
|
|t:|1760314383
|switch|p1a: Kleavor|Kleavor, F|100/100
|turn|28
|
|t:|1760314395
|-terastallize|p1a: Kleavor|Fighting
|move|p1a: Kleavor|Stone Axe|p2a: Arcanine|[miss]
|-miss|p1a: Kleavor|p2a: Arcanine
|move|p2a: Arcanine|Head Smash|p1a: Kleavor
|-resisted|p1a: Kleavor
|-damage|p1a: Kleavor|29/100
|
|upkeep
|turn|29
|
|t:|1760314410
|switch|p2a: Gholdengo|Gholdengo|22/100
|move|p1a: Kleavor|Stone Axe|p2a: Gholdengo
|-resisted|p2a: Gholdengo
|-damage|p2a: Gholdengo|4/100
|-sidestart|p2: yellow octopus|move: Stealth Rock
|
|upkeep
|turn|30
|
|t:|1760314416
|move|p1a: Kleavor|Stone Axe|p2a: Gholdengo|[miss]
|-miss|p1a: Kleavor|p2a: Gholdengo
|move|p2a: Gholdengo|Recover|p2a: Gholdengo
|-heal|p2a: Gholdengo|54/100
|
|upkeep
|turn|31
|
|t:|1760314425
|switch|p1a: Ogerpon|Ogerpon-Wellspring, F|66/100 par
|move|p2a: Gholdengo|Recover|p2a: Gholdengo
|-heal|p2a: Gholdengo|100/100
|
|upkeep
|turn|32
|
|t:|1760314433
|move|p2a: Gholdengo|Hex|p1a: Ogerpon
|-damage|p1a: Ogerpon|2/100 par
|move|p1a: Ogerpon|Ivy Cudgel|p2a: Gholdengo|[anim] Ivy Cudgel Water
|-damage|p2a: Gholdengo|56/100
|
|upkeep
|turn|33
|
|t:|1760314439
|switch|p1a: Tornadus|Tornadus-Therian, M|100/100
|move|p2a: Gholdengo|Hex|p1a: Tornadus
|-damage|p1a: Tornadus|71/100
|
|upkeep
|turn|34
|
|t:|1760314447
|move|p1a: Tornadus|Heat Wave|p2a: Gholdengo
|-supereffective|p2a: Gholdengo
|-damage|p2a: Gholdengo|7/100
|move|p2a: Gholdengo|Thunder Wave|p1a: Tornadus
|-status|p1a: Tornadus|par
|
|upkeep
|turn|35
|-message|Brigadi25 forfeited.
|
|win|yellow octopus
|raw|Brigadi25's rating: 1360 &rarr; <strong>1344</strong><br />(-16 for losing)
|raw|yellow octopus's rating: 1428 &rarr; <strong>1444</strong><br />(+16 for winning)
|l|☆Brigadi25
|player|p1|
|l|☆yellow octopus
|player|p2|
