|j|☆viniboos
|j|☆Predator00338
|t:|1760461659
|gametype|singles
|player|p1|viniboos|bruno|1009
|player|p2|Predator00338|policeman-gen4|1031
|gen|9
|tier|[Gen 9] OU
|rated|
|rule|HP Percentage Mod: HP is shown in percentages
|rule|Endless Battle Clause: Forcing endless battles is banned
|rule|Species Clause: Limit one of each Pokémon
|rule|OHKO Clause: OHKO moves are banned
|rule|Evasion Items Clause: Evasion items are banned
|rule|Evasion Moves Clause: Evasion moves are banned
|rule|Evasion Abilities Clause: Evasion abilities are banned
|rule|Sleep Moves Clause: Sleep-inducing moves are banned
|clearpoke
|poke|p1|Skarmory, M|
|poke|p1|Lucario, F|
|poke|p1|Garchomp, M|
|poke|p1|Incineroar, M|
|poke|p1|Breloom, F|
|poke|p1|Raging Bolt|
|poke|p2|Ninetales-Alola, F|
|poke|p2|Slowking-Galar, M|
|poke|p2|Cetitan, M|
|poke|p2|Avalugg-Hisui, M|
|poke|p2|Samurott-Hisui, F|
|poke|p2|Gliscor, M|
|teampreview
|inactive|Battle timer is ON: inactive players will automatically lose when time's up. (requested by Predator00338)
|
|t:|1760461672
|teamsize|p1|6
|teamsize|p2|6
|start
|switch|p1a: Skarmory|Skarmory, M|100/100
|switch|p2a: Ninetales|Ninetales-Alola, F, shiny|100/100
|-weather|Snowscape|[from] ability: Snow Warning|[of] p2a: Ninetales
|turn|1
|
|t:|1760461682
|switch|p2a: Slowking|Slowking-Galar, M, shiny|100/100
|move|p1a: Skarmory|Stealth Rock|p2a: Slowking
|-sidestart|p2: Predator00338|move: Stealth Rock
|
|-weather|Snowscape|[upkeep]
|upkeep
|turn|2
|
|t:|1760461690
|move|p1a: Skarmory|Spikes|p2a: Slowking
|-sidestart|p2: Predator00338|Spikes
|move|p2a: Slowking|Thunder Wave|p1a: Skarmory
|-status|p1a: Skarmory|par
|
|-weather|Snowscape|[upkeep]
|upkeep
|turn|3
|
|t:|1760461701
|switch|p1a: Garchomp|Garchomp, M|100/100
|move|p2a: Slowking|Future Sight|p1a: Garchomp
|-start|p2a: Slowking|move: Future Sight
|
|-weather|Snowscape|[upkeep]
|upkeep
|turn|4
|
|t:|1760461711
|switch|p2a: Avalugg|Avalugg-Hisui, M|100/100
|-damage|p2a: Avalugg|76/100|[from] Stealth Rock
|-damage|p2a: Avalugg|63/100|[from] Spikes
|move|p1a: Garchomp|Dragon Tail|p2a: Avalugg
|-damage|p2a: Avalugg|53/100
|drag|p2a: Slowking|Slowking-Galar, M, shiny|100/100
|-damage|p2a: Slowking|88/100|[from] Stealth Rock
|-damage|p2a: Slowking|76/100|[from] Spikes
|
|-weather|Snowscape|[upkeep]
|-heal|p2a: Slowking|82/100|[from] item: Leftovers
|upkeep
|turn|5
|
|t:|1760461727
|switch|p2a: Ninetales|Ninetales-Alola, F, shiny|100/100
|-damage|p2a: Ninetales|76/100|[from] Stealth Rock
|-damage|p2a: Ninetales|64/100|[from] Spikes
|move|p1a: Garchomp|Dragon Tail|p2a: Ninetales
|-immune|p2a: Ninetales
|
|-weather|none
|-end|p1a: Garchomp|move: Future Sight
|-damage|p1a: Garchomp|54/100
|upkeep
|turn|6
|
|t:|1760461754
|switch|p1a: Lucario|Lucario, F|100/100
|-item|p1a: Lucario|Air Balloon
|move|p2a: Ninetales|Moonblast|p1a: Lucario
|-damage|p1a: Lucario|45/100
|-enditem|p1a: Lucario|Air Balloon
|
|upkeep
|turn|7
|
|t:|1760461765
|move|p2a: Ninetales|Moonblast|p1a: Lucario
|-damage|p1a: Lucario|0 fnt
|faint|p1a: Lucario
|
|upkeep
|inactive|viniboos has 120 seconds left.
|
|t:|1760461776
|switch|p1a: Breloom|Breloom, F|100/100
|turn|8
|
|t:|1760461784
|-terastallize|p1a: Breloom|Grass
|move|p2a: Ninetales|Draining Kiss|p1a: Breloom
|-damage|p1a: Breloom|70/100
|-heal|p2a: Ninetales|90/100|[from] drain|[of] p1a: Breloom
|move|p1a: Breloom|Stun Spore|p2a: Ninetales
|-status|p2a: Ninetales|par
|
|-status|p1a: Breloom|tox|[from] item: Toxic Orb
|upkeep
|turn|9
|inactive|viniboos has 120 seconds left.
|
|t:|1760461800
|switch|p2a: Avalugg|Avalugg-Hisui, M|53/100
|-damage|p2a: Avalugg|28/100|[from] Stealth Rock
|-damage|p2a: Avalugg|16/100|[from] Spikes
|move|p1a: Breloom|Substitute|p1a: Breloom
|-start|p1a: Breloom|Substitute
|-damage|p1a: Breloom|45/100 tox
|
|-heal|p2a: Avalugg|22/100|[from] item: Leftovers
|-heal|p1a: Breloom|57/100 tox|[from] ability: Poison Heal
|upkeep
|turn|10
|inactive|viniboos has 120 seconds left.
|
|t:|1760461814
|-terastallize|p2a: Avalugg|Ghost
|move|p1a: Breloom|Drain Punch|p2a: Avalugg
|-immune|p2a: Avalugg
|move|p2a: Avalugg|Rapid Spin|p1a: Breloom
|-activate|p1a: Breloom|move: Substitute|[damage]
|-sideend|p2: Predator00338|Spikes|[from] move: Rapid Spin|[of] p2a: Avalugg
|-sideend|p2: Predator00338|Stealth Rock|[from] move: Rapid Spin|[of] p2a: Avalugg
|-boost|p2a: Avalugg|spe|1
|
|-heal|p2a: Avalugg|28/100|[from] item: Leftovers
|-heal|p1a: Breloom|69/100 tox|[from] ability: Poison Heal
|upkeep
|turn|11
|inactive|viniboos has 120 seconds left.
|
|t:|1760461830
|move|p1a: Breloom|Leech Seed|p2a: Avalugg
|-start|p2a: Avalugg|move: Leech Seed
|move|p2a: Avalugg|Stealth Rock|p1a: Breloom
|-sidestart|p1: viniboos|move: Stealth Rock
|
|-heal|p2a: Avalugg|34/100|[from] item: Leftovers
|-damage|p2a: Avalugg|22/100|[from] Leech Seed|[of] p1a: Breloom
|-heal|p1a: Breloom|84/100 tox|[silent]
|-heal|p1a: Breloom|97/100 tox|[from] ability: Poison Heal
|upkeep
|turn|12
|inactive|viniboos has 120 seconds left.
|
|t:|1760461845
|switch|p2a: Ninetales|Ninetales-Alola, F, shiny|90/100 par
|-weather|Snowscape|[from] ability: Snow Warning|[of] p2a: Ninetales
|move|p1a: Breloom|Stun Spore|p2a: Ninetales
|-fail|p2a: Ninetales|par
|
|-weather|Snowscape|[upkeep]
|-heal|p1a: Breloom|100/100 tox|[from] ability: Poison Heal
|upkeep
|turn|13
|inactive|viniboos has 120 seconds left.
|
|t:|1760461858
|move|p1a: Breloom|Leech Seed|p2a: Ninetales
|-start|p2a: Ninetales|move: Leech Seed
|move|p2a: Ninetales|Aurora Veil|p2a: Ninetales
|-sidestart|p2: Predator00338|move: Aurora Veil
|
|-weather|Snowscape|[upkeep]
|-damage|p2a: Ninetales|78/100 par|[from] Leech Seed|[of] p1a: Breloom
|upkeep
|turn|14
|
|t:|1760461871
|switch|p2a: Avalugg|Avalugg-Hisui, M, tera:Ghost|22/100
|move|p1a: Breloom|Drain Punch|p2a: Avalugg
|-immune|p2a: Avalugg
|
|-weather|Snowscape|[upkeep]
|-heal|p2a: Avalugg|28/100|[from] ability: Ice Body
|-heal|p2a: Avalugg|34/100|[from] item: Leftovers
|upkeep
|turn|15
|
|t:|1760461884
|move|p1a: Breloom|Leech Seed|p2a: Avalugg
|-start|p2a: Avalugg|move: Leech Seed
|move|p2a: Avalugg|Body Press|p1a: Breloom
|-end|p1a: Breloom|Substitute
|
|-weather|Snowscape|[upkeep]
|-heal|p2a: Avalugg|40/100|[from] ability: Ice Body
|-heal|p2a: Avalugg|46/100|[from] item: Leftovers
|-damage|p2a: Avalugg|33/100|[from] Leech Seed|[of] p1a: Breloom
|upkeep
|turn|16
|inactive|Predator00338 has 120 seconds left.
|
|t:|1760461915
|switch|p2a: Gliscor|Gliscor, M|100/100
|move|p1a: Breloom|Substitute|p1a: Breloom
|-start|p1a: Breloom|Substitute
|-damage|p1a: Breloom|75/100 tox
|
|-weather|none
|-heal|p1a: Breloom|88/100 tox|[from] ability: Poison Heal
|upkeep
|turn|17
|
|t:|1760461924
|move|p2a: Gliscor|Acrobatics|p1a: Breloom
|-supereffective|p1a: Breloom
|-end|p1a: Breloom|Substitute
|move|p1a: Breloom|Stun Spore|p2a: Gliscor
|-status|p2a: Gliscor|par
|
|-heal|p1a: Breloom|99/100 tox|[from] ability: Poison Heal
|upkeep
|turn|18
|inactive|Predator00338 has 120 seconds left.
|
|t:|1760461934
|move|p1a: Breloom|Substitute|p1a: Breloom
|-start|p1a: Breloom|Substitute
|-damage|p1a: Breloom|75/100 tox
|move|p2a: Gliscor|Acrobatics|p1a: Breloom
|-supereffective|p1a: Breloom
|-end|p1a: Breloom|Substitute
|
|-heal|p1a: Breloom|88/100 tox|[from] ability: Poison Heal
|upkeep
|turn|19
|
|t:|1760461944
|move|p1a: Breloom|Substitute|p1a: Breloom
|-start|p1a: Breloom|Substitute
|-damage|p1a: Breloom|63/100 tox
|cant|p2a: Gliscor|par
|
|-heal|p1a: Breloom|75/100 tox|[from] ability: Poison Heal
|upkeep
|turn|20
|
|t:|1760461957
|switch|p2a: Ninetales|Ninetales-Alola, F, shiny|78/100 par
|-weather|Snowscape|[from] ability: Snow Warning|[of] p2a: Ninetales
|move|p1a: Breloom|Leech Seed|p2a: Ninetales
|-start|p2a: Ninetales|move: Leech Seed
|
|-weather|Snowscape|[upkeep]
|-damage|p2a: Ninetales|65/100 par|[from] Leech Seed|[of] p1a: Breloom
|-heal|p1a: Breloom|86/100 tox|[silent]
|-heal|p1a: Breloom|98/100 tox|[from] ability: Poison Heal
|-sideend|p2: Predator00338|move: Aurora Veil
|upkeep
|turn|21
|
|t:|1760461970
|switch|p2a: Avalugg|Avalugg-Hisui, M, tera:Ghost|33/100
|move|p1a: Breloom|Stun Spore|p2a: Avalugg
|-status|p2a: Avalugg|par
|
|-weather|Snowscape|[upkeep]
|-heal|p2a: Avalugg|40/100 par|[from] ability: Ice Body
|-heal|p2a: Avalugg|46/100 par|[from] item: Leftovers
|-heal|p1a: Breloom|100/100 tox|[from] ability: Poison Heal
|upkeep
|turn|22
|inactive|Predator00338 has 120 seconds left.
|
|t:|1760461986
|move|p1a: Breloom|Leech Seed|p2a: Avalugg
|-start|p2a: Avalugg|move: Leech Seed
|move|p2a: Avalugg|Body Press|p1a: Breloom
|-end|p1a: Breloom|Substitute
|
|-weather|Snowscape|[upkeep]
|-heal|p2a: Avalugg|52/100 par|[from] ability: Ice Body
|-heal|p2a: Avalugg|58/100 par|[from] item: Leftovers
|-damage|p2a: Avalugg|45/100 par|[from] Leech Seed|[of] p1a: Breloom
|upkeep
|turn|23
|inactive|Predator00338 has 120 seconds left.
|
|t:|1760461997
|switch|p2a: Cetitan|Cetitan, M, shiny|100/100
|move|p1a: Breloom|Substitute|p1a: Breloom
|-start|p1a: Breloom|Substitute
|-damage|p1a: Breloom|75/100 tox
|
|-weather|Snowscape|[upkeep]
|-heal|p1a: Breloom|88/100 tox|[from] ability: Poison Heal
|upkeep
|turn|24
|inactive|Predator00338 has 120 seconds left.
|
|t:|1760462009
|move|p2a: Cetitan|Belly Drum|p2a: Cetitan
|-damage|p2a: Cetitan|51/100
|-setboost|p2a: Cetitan|atk|6|[from] move: Belly Drum
|move|p1a: Breloom|Leech Seed|p2a: Cetitan
|-start|p2a: Cetitan|move: Leech Seed
|
|-weather|none
|-heal|p2a: Cetitan|57/100|[from] item: Leftovers
|-damage|p2a: Cetitan|44/100|[from] Leech Seed|[of] p1a: Breloom
|-heal|p1a: Breloom|100/100 tox|[silent]
|upkeep
|turn|25
|inactive|Predator00338 has 120 seconds left.
|
|t:|1760462021
|move|p2a: Cetitan|Ice Spinner|p1a: Breloom
|-supereffective|p1a: Breloom
|-end|p1a: Breloom|Substitute
|move|p1a: Breloom|Drain Punch|p2a: Cetitan
|-supereffective|p2a: Cetitan
|-damage|p2a: Cetitan|0 fnt
|faint|p2a: Cetitan
|
|upkeep
|inactive|Predator00338 has 120 seconds left.
|l|☆Predator00338
|inactive|Predator00338 disconnected and has a minute to reconnect!
|player|p2|
|inactive|Predator00338 has 30 seconds to reconnect!
|inactive|Predator00338 has 20 seconds to reconnect!
|inactive|Predator00338 has 15 seconds to reconnect!
|inactive|Predator00338 has 10 seconds to reconnect!
|inactive|Predator00338 has 5 seconds to reconnect!
|-message|Predator00338 lost due to inactivity.
|
|win|viniboos
|raw|viniboos's rating: 1009 &rarr; <strong>1050</strong><br />(+41 for winning)
|raw|Predator00338's rating: 1031 &rarr; <strong>1015</strong><br />(-16 for losing)
|l|☆viniboos
|player|p1|
|j|☆viniboos
|player|p1|viniboos|bruno|
