|j|☆gnaonggewg
|j|☆RKOmar
|t:|1760458873
|gametype|singles
|player|p1|gnaonggewg|102|1145
|player|p2|RKOmar|lance|1143
|gen|9
|tier|[Gen 9] OU
|rated|
|rule|HP Percentage Mod: HP is shown in percentages
|rule|Endless Battle Clause: Forcing endless battles is banned
|rule|Species Clause: Limit one of each Pokémon
|rule|OHKO Clause: OHKO moves are banned
|rule|Evasion Items Clause: Evasion items are banned
|rule|Evasion Moves Clause: Evasion moves are banned
|rule|Evasion Abilities Clause: Evasion abilities are banned
|rule|Sleep Moves Clause: Sleep-inducing moves are banned
|clearpoke
|poke|p1|Lokix, M|
|poke|p1|Cinderace, F|
|poke|p1|Great Tusk|
|poke|p1|Alomomola, F|
|poke|p1|Enamorus, F|
|poke|p1|Slowking-Galar, M|
|poke|p2|Weavile, F|
|poke|p2|Kyurem|
|poke|p2|Cloyster, F|
|poke|p2|Cetitan, M|
|poke|p2|Avalugg-Hisui, F|
|poke|p2|Ninetales-Alola, M|
|teampreview
|inactive|Battle timer is ON: inactive players will automatically lose when time's up. (requested by gnaonggewg)
|
|t:|1760458877
|teamsize|p1|6
|teamsize|p2|6
|start
|switch|p1a: Cinderace|Cinderace, F|100/100
|switch|p2a: Kitsune|Ninetales-Alola, M, shiny|100/100
|-weather|Snowscape|[from] ability: Snow Warning|[of] p2a: Kitsune
|turn|1
|
|t:|1760458893
|move|p1a: Cinderace|Pyro Ball|p2a: Kitsune
|-supereffective|p2a: Kitsune
|-damage|p2a: Kitsune|16/100
|move|p2a: Kitsune|Aurora Veil|p2a: Kitsune
|-sidestart|p2: RKOmar|move: Aurora Veil
|
|-weather|Snowscape|[upkeep]
|upkeep
|turn|2
|
|t:|1760458910
|move|p1a: Cinderace|Court Change|p1a: Cinderace
|-swapsideconditions
|-activate|p1a: Cinderace|move: Court Change
|move|p2a: Kitsune|Snowscape||[still]
|-fail|p2a: Kitsune
|
|-weather|Snowscape|[upkeep]
|upkeep
|turn|3
|
|t:|1760458915
|move|p1a: Cinderace|Pyro Ball|p2a: Kitsune
|-supereffective|p2a: Kitsune
|-damage|p2a: Kitsune|0 fnt
|faint|p2a: Kitsune
|
|-weather|Snowscape|[upkeep]
|upkeep
|
|t:|1760458922
|switch|p2a: Frieza|Kyurem, shiny|100/100
|-ability|p2a: Frieza|Pressure
|turn|4
|
|t:|1760458927
|move|p1a: Cinderace|Will-O-Wisp|p2a: Frieza
|-status|p2a: Frieza|brn
|move|p2a: Frieza|Earth Power|p1a: Cinderace
|-supereffective|p1a: Cinderace
|-damage|p1a: Cinderace|44/100
|
|-weather|Snowscape|[upkeep]
|-damage|p2a: Frieza|94/100 brn|[from] brn
|upkeep
|turn|5
|
|t:|1760458935
|move|p1a: Cinderace|U-turn|p2a: Frieza
|-damage|p2a: Frieza|81/100 brn
|
|t:|1760458945
|switch|p1a: Alomomola|Alomomola, F|100/100|[from] U-turn
|move|p2a: Frieza|Earth Power|p1a: Alomomola
|-damage|p1a: Alomomola|89/100
|
|-weather|none
|-damage|p2a: Frieza|75/100 brn|[from] brn
|upkeep
|turn|6
|
|t:|1760458957
|switch|p2a: Chiller Whale|Cetitan, M, shiny|100/100
|move|p1a: Alomomola|Flip Turn|p2a: Chiller Whale
|-damage|p2a: Chiller Whale|83/100
|
|t:|1760458961
|switch|p1a: Cinderace|Cinderace, F|44/100|[from] Flip Turn
|
|upkeep
|turn|7
|
|t:|1760458971
|move|p1a: Cinderace|Will-O-Wisp|p2a: Chiller Whale
|-status|p2a: Chiller Whale|brn
|move|p2a: Chiller Whale|Earthquake|p1a: Cinderace
|-supereffective|p1a: Cinderace
|-damage|p1a: Cinderace|25/100
|
|-damage|p2a: Chiller Whale|77/100 brn|[from] brn
|upkeep
|turn|8
|
|t:|1760458989
|switch|p2a: Cappuccino|Avalugg-Hisui, F, shiny|100/100
|move|p1a: Cinderace|Pyro Ball|p2a: Cappuccino
|-damage|p2a: Cappuccino|73/100
|-status|p2a: Cappuccino|brn
|
|-damage|p2a: Cappuccino|67/100 brn|[from] brn
|-sideend|p1: gnaonggewg|move: Aurora Veil
|upkeep
|turn|9
|
|t:|1760458999
|move|p1a: Cinderace|U-turn|p2a: Cappuccino
|-damage|p2a: Cappuccino|59/100 brn
|
|t:|1760459003
|switch|p1a: Alomomola|Alomomola, F|100/100|[from] U-turn
|move|p2a: Cappuccino|Body Press|p1a: Alomomola
|-damage|p1a: Alomomola|84/100
|
|-damage|p2a: Cappuccino|53/100 brn|[from] brn
|upkeep
|turn|10
|
|t:|1760459012
|move|p1a: Alomomola|Flip Turn|p2a: Cappuccino
|-supereffective|p2a: Cappuccino
|-damage|p2a: Cappuccino|38/100 brn
|
|t:|1760459019
|switch|p1a: Slowking|Slowking-Galar, M|100/100|[from] Flip Turn
|move|p2a: Cappuccino|Stealth Rock|p1a: Slowking
|-sidestart|p1: gnaonggewg|move: Stealth Rock
|
|-damage|p2a: Cappuccino|31/100 brn|[from] brn
|upkeep
|turn|11
|
|t:|1760459028
|move|p2a: Cappuccino|Mountain Gale|p1a: Slowking
|-damage|p1a: Slowking|85/100
|cant|p1a: Slowking|flinch
|
|-damage|p2a: Cappuccino|25/100 brn|[from] brn
|upkeep
|turn|12
|-enditem|p2a: Cappuccino|Custap Berry|[eat]
|-activate|p2a: Cappuccino|item: Custap Berry|[consumed]
|
|t:|1760459036
|move|p2a: Cappuccino|Mountain Gale|p1a: Slowking
|-damage|p1a: Slowking|68/100
|move|p1a: Slowking|Future Sight|p2a: Cappuccino
|-start|p1a: Slowking|move: Future Sight
|
|-damage|p2a: Cappuccino|19/100 brn|[from] brn
|upkeep
|turn|13
|
|t:|1760459051
|move|p2a: Cappuccino|Mountain Gale|p1a: Slowking
|-damage|p1a: Slowking|52/100
|-prepare|p1a: Slowking|Chilly Reception|[premajor]
|move|p1a: Slowking|Chilly Reception|p1a: Slowking
|-weather|Snowscape
|
|t:|1760459053
|switch|p1a: Cinderace|Cinderace, F|25/100|[from] Chilly Reception
|
|-weather|Snowscape|[upkeep]
|-damage|p2a: Cappuccino|13/100 brn|[from] brn
|upkeep
|turn|14
|
|t:|1760459061
|move|p1a: Cinderace|Court Change|p1a: Cinderace
|-swapsideconditions
|-activate|p1a: Cinderace|move: Court Change
|move|p2a: Cappuccino|Body Press|p1a: Cinderace
|-damage|p1a: Cinderace|3/100
|
|-weather|Snowscape|[upkeep]
|-end|p2a: Cappuccino|move: Future Sight
|-damage|p2a: Cappuccino|0 fnt
|faint|p2a: Cappuccino
|upkeep
|
|t:|1760459082
|switch|p2a: Clamentine|Cloyster, F, shiny|100/100
|-damage|p2a: Clamentine|76/100|[from] Stealth Rock
|turn|15
|
|t:|1760459091
|-terastallize|p2a: Clamentine|Ghost
|move|p1a: Cinderace|Pyro Ball|p2a: Clamentine
|-damage|p2a: Clamentine|18/100
|move|p2a: Clamentine|Tera Blast|p1a: Cinderace|[anim] Tera Blast Ghost
|-damage|p1a: Cinderace|0 fnt
|faint|p1a: Cinderace
|
|-weather|Snowscape|[upkeep]
|upkeep
|
|t:|1760459107
|switch|p1a: Lokix|Lokix, M|100/100
|turn|16
|
|t:|1760459114
|switch|p2a: Frostbite|Weavile, F|100/100
|-damage|p2a: Frostbite|76/100|[from] Stealth Rock
|-ability|p2a: Frostbite|Pressure
|move|p1a: Lokix|First Impression|p2a: Frostbite
|-supereffective|p2a: Frostbite
|-damage|p2a: Frostbite|0 fnt
|faint|p2a: Frostbite
|
|-weather|Snowscape|[upkeep]
|upkeep
|
|t:|1760459123
|switch|p2a: Frieza|Kyurem, shiny|75/100 brn
|-damage|p2a: Frieza|50/100 brn|[from] Stealth Rock
|-ability|p2a: Frieza|Pressure
|turn|17
|
|t:|1760459131
|switch|p1a: Slowking|Slowking-Galar, M|85/100
|move|p2a: Frieza|Ice Beam|p1a: Slowking
|-damage|p1a: Slowking|25/100
|
|-weather|none
|-damage|p2a: Frieza|44/100 brn|[from] brn
|upkeep
|turn|18
|
|t:|1760459141
|switch|p1a: Alomomola|Alomomola, F|100/100
|move|p2a: Frieza|Ice Beam|p1a: Alomomola
|-resisted|p1a: Alomomola
|-damage|p1a: Alomomola|83/100
|
|-damage|p2a: Frieza|38/100 brn|[from] brn
|upkeep
|turn|19
|
|t:|1760459152
|move|p2a: Frieza|Ice Beam|p1a: Alomomola
|-resisted|p1a: Alomomola
|-damage|p1a: Alomomola|65/100
|move|p1a: Alomomola|Flip Turn|p2a: Frieza
|-resisted|p2a: Frieza
|-damage|p2a: Frieza|30/100 brn
|
|t:|1760459158
|switch|p1a: Enamorus|Enamorus, F|100/100|[from] Flip Turn
|
|-damage|p2a: Frieza|24/100 brn|[from] brn
|upkeep
|turn|20
|
|t:|1760459163
|move|p1a: Enamorus|Moonblast|p2a: Frieza
|-supereffective|p2a: Frieza
|-damage|p2a: Frieza|0 fnt
|faint|p2a: Frieza
|
|upkeep
|
|t:|1760459168
|switch|p2a: Chiller Whale|Cetitan, M, shiny|77/100 brn
|-damage|p2a: Chiller Whale|52/100 brn|[from] Stealth Rock
|turn|21
|
|t:|1760459175
|move|p2a: Chiller Whale|Ice Shard|p1a: Enamorus
|-supereffective|p1a: Enamorus
|-damage|p1a: Enamorus|71/100
|move|p1a: Enamorus|Moonblast|p2a: Chiller Whale
|-damage|p2a: Chiller Whale|0 fnt
|faint|p2a: Chiller Whale
|
|upkeep
|
|t:|1760459182
|switch|p2a: Clamentine|Cloyster, F, shiny, tera:Ghost|18/100
|-damage|p2a: Clamentine|6/100|[from] Stealth Rock
|turn|22
|
|t:|1760459191
|move|p1a: Enamorus|Moonblast|p2a: Clamentine
|-damage|p2a: Clamentine|0 fnt
|faint|p2a: Clamentine
|
|win|gnaonggewg
|raw|gnaonggewg's rating: 1145 &rarr; <strong>1170</strong><br />(+25 for winning)
|raw|RKOmar's rating: 1143 &rarr; <strong>1118</strong><br />(-25 for losing)
|l|☆gnaonggewg
|player|p1|
|l|☆RKOmar
|player|p2|
