|j|☆Chocokoala VGC
|j|☆Arcane Brain
|t:|1760443475
|gametype|singles
|player|p1|Chocokoala VGC|aaron|1353
|player|p2|Arcane Brain|266|1320
|gen|9
|tier|[Gen 9] OU
|rated|
|rule|HP Percentage Mod: HP is shown in percentages
|rule|Endless Battle Clause: Forcing endless battles is banned
|rule|Species Clause: Limit one of each Pokémon
|rule|OHKO Clause: OHKO moves are banned
|rule|Evasion Items Clause: Evasion items are banned
|rule|Evasion Moves Clause: Evasion moves are banned
|rule|Evasion Abilities Clause: Evasion abilities are banned
|rule|Sleep Moves Clause: Sleep-inducing moves are banned
|clearpoke
|poke|p1|Indeedee, M|
|poke|p1|Armarouge, F|
|poke|p1|Hatterene, F|
|poke|p1|Polteageist|
|poke|p1|Hawlucha, F|
|poke|p1|Maushold|
|poke|p2|Weezing-Galar, M|
|poke|p2|Primarina, F|
|poke|p2|Heatran, M|
|poke|p2|Rillaboom, M|
|poke|p2|Gliscor, F|
|poke|p2|Hydreigon, F|
|teampreview
|inactive|Battle timer is ON: inactive players will automatically lose when time's up. (requested by Chocokoala VGC)
|
|t:|1760443494
|teamsize|p1|6
|teamsize|p2|6
|start
|switch|p1a: Maushold|Maushold|100/100
|switch|p2a: Gliscor|Gliscor, F|100/100
|turn|1
|
|t:|1760443501
|move|p1a: Maushold|Population Bomb|p2a: Gliscor
|-damage|p2a: Gliscor|91/100
|-damage|p2a: Gliscor|81/100
|-damage|p2a: Gliscor|72/100
|-crit|p2a: Gliscor
|-damage|p2a: Gliscor|58/100
|-crit|p2a: Gliscor
|-damage|p2a: Gliscor|45/100
|-hitcount|p2a: Gliscor|5
|move|p2a: Gliscor|Toxic|p1a: Maushold
|-status|p1a: Maushold|tox
|
|-damage|p1a: Maushold|94/100 tox|[from] psn
|-status|p2a: Gliscor|tox|[from] item: Toxic Orb
|upkeep
|turn|2
|
|t:|1760443516
|switch|p2a: Weezing|Weezing-Galar, M|100/100
|-ability|p2a: Weezing|Neutralizing Gas
|move|p1a: Maushold|Tidy Up|p1a: Maushold
|-boost|p1a: Maushold|atk|1
|-boost|p1a: Maushold|spe|1
|
|-damage|p1a: Maushold|82/100 tox|[from] psn
|upkeep
|turn|3
|
|t:|1760443525
|move|p1a: Maushold|Population Bomb|p2a: Weezing
|-damage|p2a: Weezing|94/100
|-damage|p2a: Weezing|87/100
|-damage|p2a: Weezing|80/100
|-damage|p2a: Weezing|74/100
|-damage|p2a: Weezing|67/100
|-damage|p2a: Weezing|59/100
|-damage|p2a: Weezing|52/100
|-damage|p2a: Weezing|45/100
|-damage|p2a: Weezing|37/100
|-damage|p2a: Weezing|30/100
|-hitcount|p2a: Weezing|10
|move|p2a: Weezing|Sludge Bomb|p1a: Maushold
|-damage|p1a: Maushold|38/100 tox
|
|-damage|p1a: Maushold|20/100 tox|[from] psn
|upkeep
|turn|4
|
|t:|1760443549
|-end|p2a: Weezing|ability: Neutralizing Gas
|switch|p2a: Rillaboom|Rillaboom, M|100/100
|-fieldstart|move: Grassy Terrain|[from] ability: Grassy Surge|[of] p2a: Rillaboom
|move|p1a: Maushold|Population Bomb|p2a: Rillaboom
|-damage|p2a: Rillaboom|84/100
|-damage|p2a: Rillaboom|69/100
|-damage|p2a: Rillaboom|53/100
|-damage|p2a: Rillaboom|38/100
|-damage|p2a: Rillaboom|22/100
|-damage|p2a: Rillaboom|6/100
|-damage|p2a: Rillaboom|0 fnt
|faint|p2a: Rillaboom
|-hitcount|p2: Rillaboom|7
|
|-heal|p1a: Maushold|26/100 tox|[from] Grassy Terrain
|-damage|p1a: Maushold|1/100 tox|[from] psn
|upkeep
|
|t:|1760443557
|switch|p2a: Primarina|Primarina, F|100/100
|turn|5
|
|t:|1760443564
|move|p1a: Maushold|Population Bomb|p2a: Primarina
|-damage|p2a: Primarina|87/100
|-crit|p2a: Primarina
|-damage|p2a: Primarina|68/100
|-damage|p2a: Primarina|54/100
|-damage|p2a: Primarina|40/100
|-damage|p2a: Primarina|26/100
|-damage|p2a: Primarina|11/100
|-damage|p2a: Primarina|0 fnt
|faint|p2a: Primarina
|-hitcount|p2: Primarina|7
|
|-heal|p1a: Maushold|7/100 tox|[from] Grassy Terrain
|-damage|p1a: Maushold|0 fnt|[from] psn
|faint|p1a: Maushold
|upkeep
|
|t:|1760443571
|switch|p1a: Indeedee|Indeedee, M|100/100
|switch|p2a: Heatran|Heatran, M|100/100
|-fieldstart|move: Psychic Terrain|[from] ability: Psychic Surge|[of] p1a: Indeedee
|turn|6
|
|t:|1760443587
|move|p1a: Indeedee|Expanding Force|p2a: Heatran
|-resisted|p2a: Heatran
|-damage|p2a: Heatran|71/100
|move|p2a: Heatran|Magma Storm|p1a: Indeedee|[miss]
|-miss|p2a: Heatran|p1a: Indeedee
|
|-heal|p2a: Heatran|77/100|[from] item: Leftovers
|upkeep
|turn|7
|
|t:|1760443595
|move|p1a: Indeedee|Expanding Force|p2a: Heatran
|-resisted|p2a: Heatran
|-damage|p2a: Heatran|47/100
|move|p2a: Heatran|Magma Storm|p1a: Indeedee
|-damage|p1a: Indeedee|38/100
|-activate|p1a: Indeedee|move: Magma Storm|[of] p2a: Heatran
|
|-heal|p2a: Heatran|53/100|[from] item: Leftovers
|-damage|p1a: Indeedee|26/100|[from] move: Magma Storm|[partiallytrapped]
|upkeep
|turn|8
|
|t:|1760443603
|move|p1a: Indeedee|Healing Wish|p1a: Indeedee
|faint|p1a: Indeedee
|move|p2a: Heatran|Earth Power|p1: Indeedee|[notarget]
|-fail|p2a: Heatran
|
|-heal|p2a: Heatran|60/100|[from] item: Leftovers
|upkeep
|
|t:|1760443607
|switch|p1a: Polteageist|Polteageist|100/100
|turn|9
|
|t:|1760443616
|move|p2a: Heatran|Magma Storm|p1a: Polteageist
|-crit|p1a: Polteageist
|-damage|p1a: Polteageist|3/100
|-activate|p1a: Polteageist|move: Magma Storm|[of] p2a: Heatran
|move|p1a: Polteageist|Shell Smash|p1a: Polteageist
|-unboost|p1a: Polteageist|def|1
|-unboost|p1a: Polteageist|spd|1
|-boost|p1a: Polteageist|atk|2
|-boost|p1a: Polteageist|spa|2
|-boost|p1a: Polteageist|spe|2
|
|-heal|p2a: Heatran|66/100|[from] item: Leftovers
|-damage|p1a: Polteageist|0 fnt|[from] move: Magma Storm|[partiallytrapped]
|faint|p1a: Polteageist
|upkeep
|
|t:|1760443621
|switch|p1a: Hawlucha|Hawlucha, F|100/100
|-enditem|p1a: Hawlucha|Psychic Seed
|-boost|p1a: Hawlucha|spd|1|[from] item: Psychic Seed
|turn|10
|
|t:|1760443625
|switch|p2a: Weezing|Weezing-Galar, M|30/100
|-ability|p2a: Weezing|Neutralizing Gas
|move|p1a: Hawlucha|Close Combat|p2a: Weezing
|-resisted|p2a: Weezing
|-crit|p2a: Weezing
|-damage|p2a: Weezing|17/100
|-unboost|p1a: Hawlucha|def|1
|-unboost|p1a: Hawlucha|spd|1
|
|upkeep
|turn|11
|
|t:|1760443634
|move|p1a: Hawlucha|Acrobatics|p2a: Weezing
|-damage|p2a: Weezing|0 fnt
|faint|p2a: Weezing
|-end|p2a: Weezing|ability: Neutralizing Gas
|
|upkeep
|
|t:|1760443640
|switch|p2a: Gliscor|Gliscor, F|45/100 tox
|turn|12
|
|t:|1760443648
|move|p1a: Hawlucha|Acrobatics|p2a: Gliscor
|-damage|p2a: Gliscor|8/100 tox
|move|p2a: Gliscor|Toxic|p1a: Hawlucha
|-status|p1a: Hawlucha|tox
|
|-damage|p1a: Hawlucha|94/100 tox|[from] psn
|-heal|p2a: Gliscor|21/100 tox|[from] ability: Poison Heal
|upkeep
|turn|13
|
|t:|1760443654
|move|p1a: Hawlucha|Acrobatics|p2a: Gliscor
|-damage|p2a: Gliscor|0 fnt
|faint|p2a: Gliscor
|
|-damage|p1a: Hawlucha|82/100 tox|[from] psn
|-fieldend|move: Psychic Terrain
|upkeep
|
|t:|1760443658
|switch|p2a: Hydreigon|Hydreigon, F|100/100
|turn|14
|
|t:|1760443664
|move|p1a: Hawlucha|Close Combat|p2a: Hydreigon
|-supereffective|p2a: Hydreigon
|-damage|p2a: Hydreigon|0 fnt
|-unboost|p1a: Hawlucha|def|1
|-unboost|p1a: Hawlucha|spd|1
|faint|p2a: Hydreigon
|
|-damage|p1a: Hawlucha|64/100 tox|[from] psn
|upkeep
|
|t:|1760443668
|switch|p2a: Heatran|Heatran, M|66/100
|turn|15
|
|t:|1760443671
|-terastallize|p2a: Heatran|Grass
|move|p1a: Hawlucha|Close Combat|p2a: Heatran
|-damage|p2a: Heatran|11/100
|-unboost|p1a: Hawlucha|def|1
|-unboost|p1a: Hawlucha|spd|1
|move|p2a: Heatran|Magma Storm|p1a: Hawlucha
|-damage|p1a: Hawlucha|0 fnt
|faint|p1a: Hawlucha
|
|-heal|p2a: Heatran|17/100|[from] item: Leftovers
|upkeep
|
|t:|1760443674
|switch|p1a: Armarouge|Armarouge, F|100/100
|turn|16
|
|t:|1760443683
|-terastallize|p1a: Armarouge|Fighting
|move|p2a: Heatran|Magma Storm|p1a: Armarouge|[miss]
|-miss|p2a: Heatran|p1a: Armarouge
|move|p1a: Armarouge|Expanding Force|p2a: Heatran
|-damage|p2a: Heatran|0 fnt
|faint|p2a: Heatran
|
|win|Chocokoala VGC
|raw|Chocokoala VGC's rating: 1353 &rarr; <strong>1371</strong><br />(+18 for winning)
|raw|Arcane Brain's rating: 1320 &rarr; <strong>1302</strong><br />(-18 for losing)
|l|☆Arcane Brain
|player|p2|
|l|☆Chocokoala VGC
|player|p1|
