|j|☆R.para ti
|j|☆nastqisbetteratpkm
|t:|1760411639
|gametype|singles
|player|p1|R.para ti|2|1229
|player|p2|nastqisbetteratpkm|170|1222
|gen|9
|tier|[Gen 9] OU
|rated|
|rule|HP Percentage Mod: HP is shown in percentages
|rule|Endless Battle Clause: Forcing endless battles is banned
|rule|Species Clause: Limit one of each Pokémon
|rule|OHKO Clause: OHKO moves are banned
|rule|Evasion Items Clause: Evasion items are banned
|rule|Evasion Moves Clause: Evasion moves are banned
|rule|Evasion Abilities Clause: Evasion abilities are banned
|rule|Sleep Moves Clause: Sleep-inducing moves are banned
|clearpoke
|poke|p1|Empoleon, M|
|poke|p1|Kingambit, M|
|poke|p1|Ogerpon, F|
|poke|p1|Meowstic-F, F|
|poke|p1|Cinderace, M|
|poke|p1|Ribombee, M|
|poke|p2|Goodra-Hisui, F|
|poke|p2|Alomomola, F|
|poke|p2|Clefable, F|
|poke|p2|Lokix, M|
|poke|p2|Dragapult, M|
|poke|p2|Cinderace, M|
|teampreview
|
|t:|1760411661
|teamsize|p1|6
|teamsize|p2|6
|start
|switch|p1a: Ribombee|Ribombee, M|100/100
|switch|p2a: Alomomola|Alomomola, F|100/100
|turn|1
|
|t:|1760411676
|move|p1a: Ribombee|Sticky Web|p2a: Alomomola
|-sidestart|p2: nastqisbetteratpkm|move: Sticky Web
|move|p2a: Alomomola|Flip Turn|p1a: Ribombee
|-damage|p1a: Ribombee|79/100
|
|t:|1760411684
|switch|p2a: Lokix|Lokix, M|100/100|[from] Flip Turn
|-activate|p2a: Lokix|move: Sticky Web
|-unboost|p2a: Lokix|spe|1
|
|upkeep
|turn|2
|
|t:|1760411692
|move|p2a: Lokix|First Impression|p1a: Ribombee
|-resisted|p1a: Ribombee
|-damage|p1a: Ribombee|0 fnt
|faint|p1a: Ribombee
|
|upkeep
|
|t:|1760411700
|switch|p1a: Cinderace|Cinderace, M|100/100
|turn|3
|
|t:|1760411707
|switch|p2a: Cinderace|Cinderace, M|100/100
|move|p1a: Cinderace|Court Change|p1a: Cinderace
|-start|p1a: Cinderace|typechange|Normal|[from] ability: Libero
|-swapsideconditions
|-activate|p1a: Cinderace|move: Court Change
|
|upkeep
|turn|4
|
|t:|1760411720
|move|p1a: Cinderace|U-turn|p2a: Cinderace
|-resisted|p2a: Cinderace
|-damage|p2a: Cinderace|85/100
|inactive|Battle timer is ON: inactive players will automatically lose when time's up. (requested by nastqisbetteratpkm)
|
|t:|1760411739
|switch|p1a: Empoleon|Empoleon, M|100/100|[from] U-turn
|-activate|p1a: Empoleon|move: Sticky Web
|-unboost|p1a: Empoleon|spe|1
|-ability|p1a: Empoleon|Competitive|boost
|-boost|p1a: Empoleon|spa|2
|move|p2a: Cinderace|High Jump Kick|p1a: Empoleon|[miss]
|-start|p2a: Cinderace|typechange|Fighting|[from] ability: Libero
|-miss|p2a: Cinderace|p1a: Empoleon
|-damage|p2a: Cinderace|35/100|[from] highjumpkick
|
|upkeep
|turn|5
|
|t:|1760411752
|move|p2a: Cinderace|High Jump Kick|p1a: Empoleon
|-supereffective|p1a: Empoleon
|-damage|p1a: Empoleon|0 fnt
|faint|p1a: Empoleon
|
|upkeep
|
|t:|1760411755
|switch|p1a: Meowstic|Meowstic-F, F|100/100
|-activate|p1a: Meowstic|move: Sticky Web
|-unboost|p1a: Meowstic|spe|1
|-ability|p1a: Meowstic|Competitive|boost
|-boost|p1a: Meowstic|spa|2
|-enditem|p1a: Meowstic|White Herb
|-clearnegativeboost|p1a: Meowstic|[silent]
|turn|6
|
|t:|1760411766
|switch|p2a: Lokix|Lokix, M|100/100
|move|p1a: Meowstic|Alluring Voice|p2a: Lokix
|-supereffective|p2a: Lokix
|-damage|p2a: Lokix|0 fnt
|faint|p2a: Lokix
|
|upkeep
|
|t:|1760411773
|switch|p2a: Goodra|Goodra-Hisui, F|100/100
|turn|7
|
|t:|1760411785
|move|p1a: Meowstic|Dark Pulse|p2a: Goodra
|-damage|p2a: Goodra|82/100
|move|p2a: Goodra|Knock Off|p1a: Meowstic
|-supereffective|p1a: Meowstic
|-damage|p1a: Meowstic|56/100
|
|upkeep
|turn|8
|
|t:|1760411791
|move|p1a: Meowstic|Psyshock|p2a: Goodra
|-resisted|p2a: Goodra
|-damage|p2a: Goodra|55/100
|move|p2a: Goodra|Knock Off|p1a: Meowstic
|-supereffective|p1a: Meowstic
|-damage|p1a: Meowstic|12/100
|
|upkeep
|turn|9
|
|t:|1760411798
|move|p1a: Meowstic|Psyshock|p2a: Goodra
|-resisted|p2a: Goodra
|-damage|p2a: Goodra|25/100
|move|p2a: Goodra|Knock Off|p1a: Meowstic
|-supereffective|p1a: Meowstic
|-damage|p1a: Meowstic|0 fnt
|faint|p1a: Meowstic
|
|upkeep
|
|t:|1760411805
|switch|p1a: Ogerpon|Ogerpon, F|100/100
|-activate|p1a: Ogerpon|move: Sticky Web
|-unboost|p1a: Ogerpon|spe|1
|-ability|p1a: Ogerpon|Defiant|boost
|-boost|p1a: Ogerpon|atk|2
|-enditem|p1a: Ogerpon|White Herb
|-clearnegativeboost|p1a: Ogerpon|[silent]
|turn|10
|
|t:|1760411820
|move|p1a: Ogerpon|Knock Off|p2a: Goodra
|-damage|p2a: Goodra|0 fnt
|-enditem|p2a: Goodra|Assault Vest|[from] move: Knock Off|[of] p1a: Ogerpon
|faint|p2a: Goodra
|
|upkeep
|
|t:|1760411827
|switch|p2a: Dragapult|Dragapult, M|100/100
|turn|11
|
|t:|1760411836
|-terastallize|p1a: Ogerpon|Grass
|detailschange|p1a: Ogerpon|Ogerpon-Teal-Tera, F, tera:Grass
|-ability|p1a: Ogerpon|Embody Aspect (Teal)|boost
|-boost|p1a: Ogerpon|spe|1
|move|p1a: Ogerpon|Knock Off|p2a: Dragapult
|-supereffective|p2a: Dragapult
|-damage|p2a: Dragapult|0 fnt
|-enditem|p2a: Dragapult|Heavy-Duty Boots|[from] move: Knock Off|[of] p1a: Ogerpon
|faint|p2a: Dragapult
|
|upkeep
|
|t:|1760411846
|switch|p2a: Alomomola|Alomomola, F|100/100
|turn|12
|-message|nastqisbetteratpkm forfeited.
|
|win|R.para ti
|raw|R.para ti's rating: 1229 &rarr; <strong>1253</strong><br />(+24 for winning)
|raw|nastqisbetteratpkm's rating: 1222 &rarr; <strong>1198</strong><br />(-24 for losing)
|l|☆nastqisbetteratpkm
|player|p2|
|l|☆R.para ti
|player|p1|
