|j|☆sly_skip
|j|☆bubzki
|t:|1760414461
|gametype|singles
|player|p1|sly_skip|266|1586
|player|p2|bubzki|ethan|1609
|gen|9
|tier|[Gen 9] OU
|rated|
|rule|HP Percentage Mod: HP is shown in percentages
|rule|Endless Battle Clause: Forcing endless battles is banned
|rule|Species Clause: Limit one of each Pokémon
|rule|OHKO Clause: OHKO moves are banned
|rule|Evasion Items Clause: Evasion items are banned
|rule|Evasion Moves Clause: Evasion moves are banned
|rule|Evasion Abilities Clause: Evasion abilities are banned
|rule|Sleep Moves Clause: Sleep-inducing moves are banned
|clearpoke
|poke|p1|Great Tusk|
|poke|p1|Darkrai|
|poke|p1|Garganacl, M|
|poke|p1|Kyurem|
|poke|p1|Zamazenta-*|
|poke|p1|Slowking-Galar, F|
|poke|p2|Alomomola, F|
|poke|p2|Dragapult, M|
|poke|p2|Cinderace, M|
|poke|p2|Kyurem|
|poke|p2|Goodra-Hisui, M|
|poke|p2|Landorus-Therian, M|
|teampreview
|inactive|Battle timer is ON: inactive players will automatically lose when time's up. (requested by sly_skip)
|
|t:|1760414477
|teamsize|p1|6
|teamsize|p2|6
|start
|switch|p1a: Darkrai|Darkrai|100/100
|switch|p2a: Landorus|Landorus-Therian, M|100/100
|-ability|p2a: Landorus|Intimidate|boost
|-unboost|p1a: Darkrai|atk|1
|turn|1
|
|t:|1760414482
|switch|p2a: Goodra|Goodra-Hisui, M|100/100
|move|p1a: Darkrai|Ice Beam|p2a: Goodra
|-damage|p2a: Goodra|86/100
|
|upkeep
|turn|2
|inactive|sly_skip has 120 seconds left.
|
|t:|1760414523
|switch|p1a: Slowking|Slowking-Galar, F|100/100
|move|p2a: Goodra|Ice Beam|p1a: Slowking
|-damage|p1a: Slowking|81/100
|
|upkeep
|turn|3
|
|t:|1760414534
|switch|p2a: Landorus|Landorus-Therian, M|100/100
|-ability|p2a: Landorus|Intimidate|boost
|-unboost|p1a: Slowking|atk|1
|-prepare|p1a: Slowking|Chilly Reception|[premajor]
|move|p1a: Slowking|Chilly Reception|p1a: Slowking
|-weather|Snowscape
|inactive|sly_skip has 120 seconds left.
|
|t:|1760414543
|switch|p1a: Kyurem|Kyurem|100/100|[from] Chilly Reception
|-ability|p1a: Kyurem|Pressure
|
|-weather|Snowscape|[upkeep]
|upkeep
|turn|4
|
|t:|1760414545
|switch|p2a: Goodra|Goodra-Hisui, M|86/100
|move|p1a: Kyurem|Freeze-Dry|p2a: Goodra
|-damage|p2a: Goodra|71/100
|
|-weather|Snowscape|[upkeep]
|upkeep
|turn|5
|
|t:|1760414552
|switch|p1a: Slowking|Slowking-Galar, F|100/100
|switch|p2a: Landorus|Landorus-Therian, M|100/100
|-ability|p2a: Landorus|Intimidate|boost
|-unboost|p1a: Slowking|atk|1
|
|-weather|Snowscape|[upkeep]
|upkeep
|turn|6
|inactive|sly_skip has 120 seconds left.
|
|t:|1760414582
|switch|p1a: Great Tusk|Great Tusk|100/100
|move|p2a: Landorus|Earthquake|p1a: Great Tusk
|-damage|p1a: Great Tusk|42/100
|
|-weather|Snowscape|[upkeep]
|upkeep
|turn|7
|
|t:|1760414589
|move|p2a: Landorus|Earthquake|p1a: Great Tusk
|-damage|p1a: Great Tusk|0 fnt
|faint|p1a: Great Tusk
|-end|p1a: Great Tusk|Protosynthesis|[silent]
|
|-weather|none
|upkeep
|
|t:|1760414592
|switch|p1a: Kyurem|Kyurem|100/100
|-ability|p1a: Kyurem|Pressure
|turn|8
|
|t:|1760414597
|switch|p2a: Goodra|Goodra-Hisui, M|71/100
|move|p1a: Kyurem|Freeze-Dry|p2a: Goodra
|-damage|p2a: Goodra|57/100
|
|upkeep
|turn|9
|
|t:|1760414617
|switch|p1a: Slowking|Slowking-Galar, F|100/100
|switch|p2a: Cinderace|Cinderace, M|100/100
|
|upkeep
|turn|10
|
|t:|1760414625
|move|p2a: Cinderace|Pyro Ball|p1a: Slowking
|-damage|p1a: Slowking|53/100
|move|p1a: Slowking|Thunder Wave|p2a: Cinderace
|-status|p2a: Cinderace|par
|
|upkeep
|turn|11
|
|t:|1760414631
|move|p2a: Cinderace|Pyro Ball|p1a: Slowking
|-damage|p1a: Slowking|4/100
|-prepare|p1a: Slowking|Chilly Reception|[premajor]
|move|p1a: Slowking|Chilly Reception|p1a: Slowking
|-weather|Snowscape
|
|t:|1760414647
|switch|p1a: Kyurem|Kyurem|100/100|[from] Chilly Reception
|-ability|p1a: Kyurem|Pressure
|
|-weather|Snowscape|[upkeep]
|upkeep
|turn|12
|
|t:|1760414652
|move|p1a: Kyurem|Earth Power|p2a: Cinderace
|-supereffective|p2a: Cinderace
|-damage|p2a: Cinderace|33/100 par
|move|p2a: Cinderace|Pyro Ball|p1a: Kyurem
|-damage|p1a: Kyurem|46/100
|
|-weather|Snowscape|[upkeep]
|upkeep
|turn|13
|
|t:|1760414681
|move|p1a: Kyurem|Earth Power|p2a: Cinderace
|-supereffective|p2a: Cinderace
|-damage|p2a: Cinderace|0 fnt
|faint|p2a: Cinderace
|
|-weather|Snowscape|[upkeep]
|upkeep
|
|t:|1760414684
|switch|p2a: Dragapult|Dragapult, M|100/100
|turn|14
|
|t:|1760414702
|switch|p1a: Garganacl|Garganacl, M|100/100
|move|p2a: Dragapult|U-turn|p1a: Garganacl
|-damage|p1a: Garganacl|89/100
|
|t:|1760414704
|switch|p2a: Kyurem|Kyurem|100/100|[from] U-turn
|-ability|p2a: Kyurem|Pressure
|
|-weather|Snowscape|[upkeep]
|-heal|p1a: Garganacl|96/100|[from] item: Leftovers
|upkeep
|turn|15
|
|t:|1760414730
|move|p2a: Kyurem|Substitute|p2a: Kyurem
|-start|p2a: Kyurem|Substitute
|-damage|p2a: Kyurem|76/100
|move|p1a: Garganacl|Salt Cure|p2a: Kyurem
|-supereffective|p2a: Kyurem
|-activate|p2a: Kyurem|move: Substitute|[damage]
|
|-weather|none
|-heal|p2a: Kyurem|82/100|[from] item: Leftovers
|-heal|p1a: Garganacl|100/100|[from] item: Leftovers
|upkeep
|turn|16
|j| Rizzofreko
|
|t:|1760414739
|move|p2a: Kyurem|Dragon Dance|p2a: Kyurem
|-boost|p2a: Kyurem|atk|1
|-boost|p2a: Kyurem|spe|1
|move|p1a: Garganacl|Curse|p1a: Garganacl
|-unboost|p1a: Garganacl|spe|1
|-boost|p1a: Garganacl|atk|1
|-boost|p1a: Garganacl|def|1
|
|-heal|p2a: Kyurem|88/100|[from] item: Leftovers
|upkeep
|turn|17
|
|t:|1760414743
|-terastallize|p2a: Kyurem|Steel
|move|p2a: Kyurem|Dragon Dance|p2a: Kyurem
|-boost|p2a: Kyurem|atk|1
|-boost|p2a: Kyurem|spe|1
|move|p1a: Garganacl|Salt Cure|p2a: Kyurem
|-resisted|p2a: Kyurem
|-activate|p2a: Kyurem|move: Substitute|[damage]
|
|-heal|p2a: Kyurem|94/100|[from] item: Leftovers
|upkeep
|turn|18
|
|t:|1760414752
|move|p2a: Kyurem|Dragon Dance|p2a: Kyurem
|-boost|p2a: Kyurem|atk|1
|-boost|p2a: Kyurem|spe|1
|move|p1a: Garganacl|Earthquake|p2a: Kyurem
|-supereffective|p2a: Kyurem
|-end|p2a: Kyurem|Substitute
|
|-heal|p2a: Kyurem|99/100|[from] item: Leftovers
|upkeep
|turn|19
|
|t:|1760414756
|move|p2a: Kyurem|Substitute|p2a: Kyurem
|-start|p2a: Kyurem|Substitute
|-damage|p2a: Kyurem|75/100
|move|p1a: Garganacl|Earthquake|p2a: Kyurem
|-supereffective|p2a: Kyurem
|-end|p2a: Kyurem|Substitute
|
|-heal|p2a: Kyurem|82/100|[from] item: Leftovers
|upkeep
|turn|20
|
|t:|1760414760
|move|p2a: Kyurem|Protect|p2a: Kyurem
|-singleturn|p2a: Kyurem|Protect
|move|p1a: Garganacl|Earthquake|p2a: Kyurem
|-activate|p2a: Kyurem|move: Protect
|
|-heal|p2a: Kyurem|88/100|[from] item: Leftovers
|upkeep
|turn|21
|
|t:|1760414766
|move|p2a: Kyurem|Substitute|p2a: Kyurem
|-start|p2a: Kyurem|Substitute
|-damage|p2a: Kyurem|63/100
|move|p1a: Garganacl|Earthquake|p2a: Kyurem
|-supereffective|p2a: Kyurem
|-end|p2a: Kyurem|Substitute
|
|-heal|p2a: Kyurem|69/100|[from] item: Leftovers
|upkeep
|turn|22
|
|t:|1760414771
|move|p2a: Kyurem|Substitute|p2a: Kyurem
|-start|p2a: Kyurem|Substitute
|-damage|p2a: Kyurem|44/100
|move|p1a: Garganacl|Curse|p1a: Garganacl
|-unboost|p1a: Garganacl|spe|1
|-boost|p1a: Garganacl|atk|1
|-boost|p1a: Garganacl|def|1
|
|-heal|p2a: Kyurem|50/100|[from] item: Leftovers
|upkeep
|turn|23
|
|t:|1760414800
|move|p2a: Kyurem|Protect|p2a: Kyurem
|-singleturn|p2a: Kyurem|Protect
|move|p1a: Garganacl|Curse|p1a: Garganacl
|-unboost|p1a: Garganacl|spe|1
|-boost|p1a: Garganacl|atk|1
|-boost|p1a: Garganacl|def|1
|
|-heal|p2a: Kyurem|56/100|[from] item: Leftovers
|upkeep
|turn|24
|
|t:|1760414805
|move|p2a: Kyurem|Dragon Dance|p2a: Kyurem
|-boost|p2a: Kyurem|atk|1
|-boost|p2a: Kyurem|spe|1
|move|p1a: Garganacl|Earthquake|p2a: Kyurem
|-supereffective|p2a: Kyurem
|-end|p2a: Kyurem|Substitute
|
|-heal|p2a: Kyurem|63/100|[from] item: Leftovers
|upkeep
|turn|25
|
|t:|1760414810
|move|p2a: Kyurem|Protect|p2a: Kyurem
|-singleturn|p2a: Kyurem|Protect
|move|p1a: Garganacl|Salt Cure|p2a: Kyurem
|-activate|p2a: Kyurem|move: Protect
|
|-heal|p2a: Kyurem|69/100|[from] item: Leftovers
|upkeep
|turn|26
|
|t:|1760414815
|move|p2a: Kyurem|Substitute|p2a: Kyurem
|-start|p2a: Kyurem|Substitute
|-damage|p2a: Kyurem|44/100
|move|p1a: Garganacl|Earthquake|p2a: Kyurem
|-supereffective|p2a: Kyurem
|-end|p2a: Kyurem|Substitute
|
|-heal|p2a: Kyurem|50/100|[from] item: Leftovers
|upkeep
|turn|27
|l| Rizzofreko
|
|t:|1760414822
|move|p2a: Kyurem|Protect|p2a: Kyurem
|-singleturn|p2a: Kyurem|Protect
|move|p1a: Garganacl|Curse|p1a: Garganacl
|-unboost|p1a: Garganacl|spe|1
|-boost|p1a: Garganacl|atk|1
|-boost|p1a: Garganacl|def|1
|
|-heal|p2a: Kyurem|56/100|[from] item: Leftovers
|upkeep
|turn|28
|
|t:|1760414837
|move|p2a: Kyurem|Substitute|p2a: Kyurem
|-start|p2a: Kyurem|Substitute
|-damage|p2a: Kyurem|31/100
|move|p1a: Garganacl|Salt Cure|p2a: Kyurem
|-resisted|p2a: Kyurem
|-activate|p2a: Kyurem|move: Substitute|[damage]
|
|-heal|p2a: Kyurem|38/100|[from] item: Leftovers
|upkeep
|turn|29
|
|t:|1760414846
|move|p2a: Kyurem|Dragon Dance|p2a: Kyurem
|-boost|p2a: Kyurem|atk|1
|-boost|p2a: Kyurem|spe|1
|move|p1a: Garganacl|Curse|p1a: Garganacl
|-unboost|p1a: Garganacl|spe|1
|-boost|p1a: Garganacl|atk|1
|-boost|p1a: Garganacl|def|1
|
|-heal|p2a: Kyurem|44/100|[from] item: Leftovers
|upkeep
|turn|30
|
|t:|1760414850
|move|p2a: Kyurem|Dragon Dance|p2a: Kyurem
|-boost|p2a: Kyurem|atk|1
|-boost|p2a: Kyurem|spe|1
|move|p1a: Garganacl|Salt Cure|p2a: Kyurem
|-resisted|p2a: Kyurem
|-end|p2a: Kyurem|Substitute
|
|-heal|p2a: Kyurem|50/100|[from] item: Leftovers
|upkeep
|turn|31
|
|t:|1760414859
|move|p2a: Kyurem|Protect|p2a: Kyurem
|-singleturn|p2a: Kyurem|Protect
|move|p1a: Garganacl|Salt Cure|p2a: Kyurem
|-activate|p2a: Kyurem|move: Protect
|
|-heal|p2a: Kyurem|56/100|[from] item: Leftovers
|upkeep
|turn|32
|
|t:|1760414864
|move|p2a: Kyurem|Substitute|p2a: Kyurem
|-start|p2a: Kyurem|Substitute
|-damage|p2a: Kyurem|31/100
|move|p1a: Garganacl|Earthquake|p2a: Kyurem
|-supereffective|p2a: Kyurem
|-end|p2a: Kyurem|Substitute
|
|-heal|p2a: Kyurem|37/100|[from] item: Leftovers
|upkeep
|turn|33
|
|t:|1760414885
|move|p2a: Kyurem|Protect|p2a: Kyurem
|-singleturn|p2a: Kyurem|Protect
|move|p1a: Garganacl|Curse|p1a: Garganacl
|-unboost|p1a: Garganacl|spe|1
|-boost|p1a: Garganacl|atk|1
|-boost|p1a: Garganacl|def|1
|
|-heal|p2a: Kyurem|43/100|[from] item: Leftovers
|upkeep
|turn|34
|
|t:|1760414891
|move|p2a: Kyurem|Substitute|p2a: Kyurem
|-start|p2a: Kyurem|Substitute
|-damage|p2a: Kyurem|19/100
|move|p1a: Garganacl|Salt Cure|p2a: Kyurem
|-resisted|p2a: Kyurem
|-activate|p2a: Kyurem|move: Substitute|[damage]
|
|-heal|p2a: Kyurem|25/100|[from] item: Leftovers
|upkeep
|turn|35
|
|t:|1760414907
|move|p2a: Kyurem|Icicle Spear|p1a: Garganacl
|-damage|p1a: Garganacl|94/100
|-damage|p1a: Garganacl|86/100
|-hitcount|p1a: Garganacl|2
|move|p1a: Garganacl|Salt Cure|p2a: Kyurem
|-resisted|p2a: Kyurem
|-end|p2a: Kyurem|Substitute
|
|-heal|p2a: Kyurem|31/100|[from] item: Leftovers
|-heal|p1a: Garganacl|92/100|[from] item: Leftovers
|upkeep
|turn|36
|
|t:|1760414915
|move|p2a: Kyurem|Protect|p2a: Kyurem
|-singleturn|p2a: Kyurem|Protect
|move|p1a: Garganacl|Salt Cure|p2a: Kyurem
|-activate|p2a: Kyurem|move: Protect
|
|-heal|p2a: Kyurem|37/100|[from] item: Leftovers
|-heal|p1a: Garganacl|99/100|[from] item: Leftovers
|upkeep
|turn|37
|
|t:|1760414920
|move|p2a: Kyurem|Substitute|p2a: Kyurem
|-start|p2a: Kyurem|Substitute
|-damage|p2a: Kyurem|12/100
|move|p1a: Garganacl|Earthquake|p2a: Kyurem
|-supereffective|p2a: Kyurem
|-end|p2a: Kyurem|Substitute
|
|-heal|p2a: Kyurem|18/100|[from] item: Leftovers
|-heal|p1a: Garganacl|100/100|[from] item: Leftovers
|upkeep
|turn|38
|
|t:|1760414942
|move|p2a: Kyurem|Protect|p2a: Kyurem
|-singleturn|p2a: Kyurem|Protect
|move|p1a: Garganacl|Salt Cure|p2a: Kyurem
|-activate|p2a: Kyurem|move: Protect
|
|-heal|p2a: Kyurem|25/100|[from] item: Leftovers
|upkeep
|turn|39
|
|t:|1760414946
|switch|p2a: Alomomola|Alomomola, F, shiny|100/100
|move|p1a: Garganacl|Salt Cure|p2a: Alomomola
|-damage|p2a: Alomomola|72/100
|-start|p2a: Alomomola|Salt Cure
|
|-damage|p2a: Alomomola|47/100|[from] Salt Cure
|upkeep
|turn|40
|
|t:|1760414958
|move|p2a: Alomomola|Flip Turn|p1a: Garganacl
|-supereffective|p1a: Garganacl
|-damage|p1a: Garganacl|94/100
|
|t:|1760414965
|switch|p2a: Goodra|Goodra-Hisui, M|57/100|[from] Flip Turn
|move|p1a: Garganacl|Salt Cure|p2a: Goodra
|-resisted|p2a: Goodra
|-damage|p2a: Goodra|31/100
|-start|p2a: Goodra|Salt Cure
|
|-heal|p1a: Garganacl|99/100|[from] item: Leftovers
|-damage|p2a: Goodra|6/100|[from] Salt Cure
|upkeep
|turn|41
|inactive|sly_skip has 120 seconds left.
|
|t:|1760415003
|switch|p2a: Alomomola|Alomomola, F, shiny|80/100
|move|p1a: Garganacl|Recover|p1a: Garganacl
|-heal|p1a: Garganacl|100/100
|
|upkeep
|turn|42
|
|t:|1760415016
|move|p2a: Alomomola|Wish|p2a: Alomomola
|move|p1a: Garganacl|Salt Cure|p2a: Alomomola
|-damage|p2a: Alomomola|53/100
|-start|p2a: Alomomola|Salt Cure
|
|-damage|p2a: Alomomola|28/100|[from] Salt Cure
|upkeep
|turn|43
|
|t:|1760415026
|move|p2a: Alomomola|Flip Turn|p1a: Garganacl
|-supereffective|p1a: Garganacl
|-damage|p1a: Garganacl|95/100
|
|t:|1760415029
|switch|p2a: Landorus|Landorus-Therian, M|100/100|[from] Flip Turn
|-ability|p2a: Landorus|Intimidate|boost
|-unboost|p1a: Garganacl|atk|1
|move|p1a: Garganacl|Salt Cure|p2a: Landorus
|-damage|p2a: Landorus|39/100
|-start|p2a: Landorus|Salt Cure
|
|-heal|p2a: Landorus|100/100|[from] move: Wish|[wisher] Alomomola
|-heal|p1a: Garganacl|100/100|[from] item: Leftovers
|-damage|p2a: Landorus|88/100|[from] Salt Cure
|upkeep
|turn|44
|
|t:|1760415043
|switch|p1a: Slowking|Slowking-Galar, F|38/100
|move|p2a: Landorus|U-turn|p1a: Slowking
|-damage|p1a: Slowking|0 fnt
|faint|p1a: Slowking
|
|t:|1760415048
|switch|p2a: Kyurem|Kyurem, tera:Steel|25/100|[from] U-turn
|-ability|p2a: Kyurem|Pressure
|
|-heal|p2a: Kyurem|31/100|[from] item: Leftovers
|upkeep
|
|t:|1760415066
|switch|p1a: Darkrai|Darkrai|100/100
|turn|45
|
|t:|1760415069
|switch|p2a: Goodra|Goodra-Hisui, M|6/100
|move|p1a: Darkrai|Dark Pulse|p2a: Goodra
|-damage|p2a: Goodra|0 fnt
|faint|p2a: Goodra
|
|upkeep
|
|t:|1760415087
|switch|p2a: Dragapult|Dragapult, M|100/100
|turn|46
|
|t:|1760415106
|move|p2a: Dragapult|U-turn|p1a: Darkrai
|-supereffective|p1a: Darkrai
|-damage|p1a: Darkrai|46/100
|
|t:|1760415112
|switch|p2a: Landorus|Landorus-Therian, M|88/100|[from] U-turn
|-ability|p2a: Landorus|Intimidate|boost
|-unboost|p1a: Darkrai|atk|1
|move|p1a: Darkrai|Dark Pulse|p2a: Landorus
|-damage|p2a: Landorus|32/100
|
|upkeep
|turn|47
|
|t:|1760415116
|move|p1a: Darkrai|Dark Pulse|p2a: Landorus
|-damage|p2a: Landorus|0 fnt
|faint|p2a: Landorus
|
|upkeep
|
|t:|1760415118
|switch|p2a: Dragapult|Dragapult, M|100/100
|turn|48
|l|☆sly_skip
|inactive|sly_skip disconnected and has a minute to reconnect!
|player|p1|
|inactive|sly_skip has 30 seconds to reconnect!
|j|☆sly_skip
|inactive|sly_skip reconnected and has 100 seconds left.
|player|p1|sly_skip|266|
|inactive|sly_skip has 90 seconds left.
|j| crowv2
|
|t:|1760415190
|-terastallize|p1a: Darkrai|Ghost
|move|p2a: Dragapult|Dragon Darts|p1a: Darkrai
|-damage|p1a: Darkrai|18/100
|-anim|p2a: Dragapult|Dragon Darts|p1a: Darkrai
|-damage|p1a: Darkrai|0 fnt
|faint|p1a: Darkrai
|
|upkeep
|l| crowv2
|j| crowv2
|
|t:|1760415206
|switch|p1a: Garganacl|Garganacl, M|100/100
|turn|49
|
|t:|1760415209
|move|p2a: Dragapult|U-turn|p1a: Garganacl
|-damage|p1a: Garganacl|89/100
|
|t:|1760415218
|switch|p2a: Alomomola|Alomomola, F, shiny|61/100|[from] U-turn
|move|p1a: Garganacl|Curse|p1a: Garganacl
|-unboost|p1a: Garganacl|spe|1
|-boost|p1a: Garganacl|atk|1
|-boost|p1a: Garganacl|def|1
|
|-heal|p1a: Garganacl|96/100|[from] item: Leftovers
|upkeep
|turn|50
|inactive|sly_skip has 90 seconds left.
|
|t:|1760415224
|move|p2a: Alomomola|Flip Turn|p1a: Garganacl
|-supereffective|p1a: Garganacl
|-damage|p1a: Garganacl|82/100
|
|t:|1760415234
|switch|p2a: Kyurem|Kyurem, tera:Steel|31/100|[from] Flip Turn
|-ability|p2a: Kyurem|Pressure
|move|p1a: Garganacl|Curse|p1a: Garganacl
|-unboost|p1a: Garganacl|spe|1
|-boost|p1a: Garganacl|atk|1
|-boost|p1a: Garganacl|def|1
|
|-heal|p2a: Kyurem|37/100|[from] item: Leftovers
|-heal|p1a: Garganacl|88/100|[from] item: Leftovers
|upkeep
|turn|51
|
|t:|1760415238
|switch|p2a: Dragapult|Dragapult, M|100/100
|move|p1a: Garganacl|Curse|p1a: Garganacl
|-unboost|p1a: Garganacl|spe|1
|-boost|p1a: Garganacl|atk|1
|-boost|p1a: Garganacl|def|1
|
|-heal|p1a: Garganacl|95/100|[from] item: Leftovers
|upkeep
|turn|52
|
|t:|1760415242
|move|p2a: Dragapult|U-turn|p1a: Garganacl
|-damage|p1a: Garganacl|89/100
|
|t:|1760415245
|switch|p2a: Kyurem|Kyurem, tera:Steel|37/100|[from] U-turn
|-ability|p2a: Kyurem|Pressure
|move|p1a: Garganacl|Curse|p1a: Garganacl
|-unboost|p1a: Garganacl|spe|1
|-boost|p1a: Garganacl|atk|1
|-boost|p1a: Garganacl|def|1
|
|-heal|p2a: Kyurem|43/100|[from] item: Leftovers
|-heal|p1a: Garganacl|95/100|[from] item: Leftovers
|upkeep
|turn|53
|
|t:|1760415251
|switch|p2a: Dragapult|Dragapult, M|100/100
|move|p1a: Garganacl|Curse|p1a: Garganacl
|-unboost|p1a: Garganacl|spe|1
|-boost|p1a: Garganacl|atk|1
|-boost|p1a: Garganacl|def|1
|
|-heal|p1a: Garganacl|100/100|[from] item: Leftovers
|upkeep
|turn|54
|
|t:|1760415258
|move|p2a: Dragapult|Will-O-Wisp|p1a: Garganacl
|-immune|p1a: Garganacl|[from] ability: Purifying Salt
|move|p1a: Garganacl|Curse|p1a: Garganacl
|-unboost|p1a: Garganacl|spe|1
|-boost|p1a: Garganacl|atk|1
|-boost|p1a: Garganacl|def|1
|
|upkeep
|turn|55
|
|t:|1760415262
|move|p2a: Dragapult|U-turn|p1a: Garganacl
|-damage|p1a: Garganacl|98/100
|
|t:|1760415264
|switch|p2a: Kyurem|Kyurem, tera:Steel|43/100|[from] U-turn
|-ability|p2a: Kyurem|Pressure
|move|p1a: Garganacl|Recover|p1a: Garganacl
|-heal|p1a: Garganacl|100/100
|
|-heal|p2a: Kyurem|49/100|[from] item: Leftovers
|upkeep
|turn|56
|
|t:|1760415266
|move|p2a: Kyurem|Substitute|p2a: Kyurem
|-start|p2a: Kyurem|Substitute
|-damage|p2a: Kyurem|24/100
|move|p1a: Garganacl|Recover||[still]
|-fail|p1a: Garganacl|heal
|
|-heal|p2a: Kyurem|30/100|[from] item: Leftovers
|upkeep
|turn|57
|
|t:|1760415268
|move|p2a: Kyurem|Dragon Dance|p2a: Kyurem
|-boost|p2a: Kyurem|atk|1
|-boost|p2a: Kyurem|spe|1
|move|p1a: Garganacl|Recover||[still]
|-fail|p1a: Garganacl|heal
|
|-heal|p2a: Kyurem|37/100|[from] item: Leftovers
|upkeep
|turn|58
|
|t:|1760415271
|move|p2a: Kyurem|Dragon Dance|p2a: Kyurem
|-boost|p2a: Kyurem|atk|1
|-boost|p2a: Kyurem|spe|1
|move|p1a: Garganacl|Recover||[still]
|-fail|p1a: Garganacl|heal
|
|-heal|p2a: Kyurem|43/100|[from] item: Leftovers
|upkeep
|turn|59
|
|t:|1760415273
|move|p2a: Kyurem|Dragon Dance|p2a: Kyurem
|-boost|p2a: Kyurem|atk|1
|-boost|p2a: Kyurem|spe|1
|move|p1a: Garganacl|Recover||[still]
|-fail|p1a: Garganacl|heal
|
|-heal|p2a: Kyurem|49/100|[from] item: Leftovers
|upkeep
|turn|60
|
|t:|1760415276
|move|p2a: Kyurem|Dragon Dance|p2a: Kyurem
|-boost|p2a: Kyurem|atk|1
|-boost|p2a: Kyurem|spe|1
|move|p1a: Garganacl|Recover||[still]
|-fail|p1a: Garganacl|heal
|
|-heal|p2a: Kyurem|55/100|[from] item: Leftovers
|upkeep
|turn|61
|
|t:|1760415278
|move|p2a: Kyurem|Dragon Dance|p2a: Kyurem
|-boost|p2a: Kyurem|atk|1
|-boost|p2a: Kyurem|spe|1
|move|p1a: Garganacl|Curse|p1a: Garganacl
|
|-heal|p2a: Kyurem|61/100|[from] item: Leftovers
|upkeep
|turn|62
|
|t:|1760415280
|move|p2a: Kyurem|Dragon Dance|p2a: Kyurem
|-boost|p2a: Kyurem|atk|1
|-boost|p2a: Kyurem|spe|1
|move|p1a: Garganacl|Recover||[still]
|-fail|p1a: Garganacl|heal
|
|-heal|p2a: Kyurem|67/100|[from] item: Leftovers
|upkeep
|turn|63
|
|t:|1760415282
|move|p2a: Kyurem|Dragon Dance|p2a: Kyurem
|-boost|p2a: Kyurem|atk|0
|-boost|p2a: Kyurem|spe|0
|move|p1a: Garganacl|Curse|p1a: Garganacl
|
|-heal|p2a: Kyurem|74/100|[from] item: Leftovers
|upkeep
|turn|64
|
|t:|1760415285
|move|p2a: Kyurem|Dragon Dance|p2a: Kyurem
|-boost|p2a: Kyurem|atk|0
|-boost|p2a: Kyurem|spe|0
|move|p1a: Garganacl|Curse|p1a: Garganacl
|
|-heal|p2a: Kyurem|80/100|[from] item: Leftovers
|upkeep
|turn|65
|
|t:|1760415291
|move|p2a: Kyurem|Icicle Spear|p1a: Garganacl
|-damage|p1a: Garganacl|94/100
|-damage|p1a: Garganacl|87/100
|-damage|p1a: Garganacl|79/100
|-damage|p1a: Garganacl|72/100
|-damage|p1a: Garganacl|65/100
|-hitcount|p1a: Garganacl|5
|move|p1a: Garganacl|Curse|p1a: Garganacl
|
|-heal|p2a: Kyurem|86/100|[from] item: Leftovers
|-heal|p1a: Garganacl|71/100|[from] item: Leftovers
|upkeep
|turn|66
|
|t:|1760415294
|move|p2a: Kyurem|Icicle Spear|p1a: Garganacl
|-damage|p1a: Garganacl|65/100
|-damage|p1a: Garganacl|57/100
|-damage|p1a: Garganacl|50/100
|-damage|p1a: Garganacl|43/100
|-hitcount|p1a: Garganacl|4
|-activate|p1a: Garganacl|move: Struggle
|move|p1a: Garganacl|Struggle|p2a: Kyurem
|-end|p2a: Kyurem|Substitute
|-damage|p1a: Garganacl|18/100|[from] recoil
|
|-heal|p2a: Kyurem|92/100|[from] item: Leftovers
|-heal|p1a: Garganacl|25/100|[from] item: Leftovers
|upkeep
|turn|67
|
|t:|1760415303
|move|p2a: Kyurem|Protect|p2a: Kyurem
|-singleturn|p2a: Kyurem|Protect
|-activate|p1a: Garganacl|move: Struggle
|move|p1a: Garganacl|Struggle|p2a: Kyurem
|-activate|p2a: Kyurem|move: Protect
|
|-heal|p2a: Kyurem|98/100|[from] item: Leftovers
|-heal|p1a: Garganacl|31/100|[from] item: Leftovers
|upkeep
|turn|68
|-message|sly_skip forfeited.
|
|win|bubzki
|raw|sly_skip's rating: 1560 &rarr; <strong>1543</strong><br />(-17 for losing)
|raw|bubzki's rating: 1609 &rarr; <strong>1626</strong><br />(+17 for winning)
|l|☆sly_skip
|player|p1|
|l|☆bubzki
|player|p2|
