|j|☆niloswan
|j|☆hzf
|t:|1760301602
|gametype|singles
|player|p1|niloswan|zinzolin|1573
|player|p2|hzf|caitlin-masters|1556
|gen|9
|tier|[Gen 9] OU
|rated|
|rule|HP Percentage Mod: HP is shown in percentages
|rule|Endless Battle Clause: Forcing endless battles is banned
|rule|Species Clause: Limit one of each Pokémon
|rule|OHKO Clause: OHKO moves are banned
|rule|Evasion Items Clause: Evasion items are banned
|rule|Evasion Moves Clause: Evasion moves are banned
|rule|Evasion Abilities Clause: Evasion abilities are banned
|rule|Sleep Moves Clause: Sleep-inducing moves are banned
|clearpoke
|poke|p1|Scizor, F|
|poke|p1|Great Tusk|
|poke|p1|Tyranitar, M|
|poke|p1|Slowbro, F|
|poke|p1|Kommo-o, F|
|poke|p1|Gholdengo|
|poke|p2|Ursaluna, M|
|poke|p2|Cresselia, F|
|poke|p2|Iron Valiant|
|poke|p2|Hatterene, F|
|poke|p2|Keldeo-Resolute|
|poke|p2|Ogerpon, F|
|teampreview
|inactive|Battle timer is ON: inactive players will automatically lose when time's up. (requested by niloswan)
|inactive|niloswan has 120 seconds left.
|
|t:|1760301634
|teamsize|p1|6
|teamsize|p2|6
|start
|switch|p1a: Scizor|Scizor, F|100/100
|switch|p2a: Sanemi|Ogerpon, F|100/100
|turn|1
|
|t:|1760301650
|move|p2a: Sanemi|U-turn|p1a: Scizor
|-resisted|p1a: Scizor
|-damage|p1a: Scizor|82/100
|
|t:|1760301656
|switch|p2a: Guts|Ursaluna, M|100/100|[from] U-turn
|move|p1a: Scizor|Dual Wingbeat|p2a: Guts
|-damage|p2a: Guts|76/100
|-damage|p2a: Guts|53/100
|-hitcount|p2a: Guts|2
|
|-status|p2a: Guts|brn|[from] item: Flame Orb
|upkeep
|turn|2
|
|t:|1760301674
|switch|p1a: Slowbro|Slowbro, F|100/100
|move|p2a: Guts|Headlong Rush|p1a: Slowbro
|-damage|p1a: Slowbro|33/100
|-unboost|p2a: Guts|def|1
|-unboost|p2a: Guts|spd|1
|
|-heal|p1a: Slowbro|39/100|[from] item: Leftovers
|-damage|p2a: Guts|47/100 brn|[from] brn
|upkeep
|turn|3
|inactive|niloswan has 120 seconds left.
|
|t:|1760301708
|switch|p1a: Great Tusk|Great Tusk|100/100
|-enditem|p1a: Great Tusk|Booster Energy
|-activate|p1a: Great Tusk|ability: Protosynthesis|[fromitem]
|-start|p1a: Great Tusk|protosynthesisatk
|move|p2a: Guts|Headlong Rush|p1a: Great Tusk
|-damage|p1a: Great Tusk|26/100
|-unboost|p2a: Guts|def|1
|-unboost|p2a: Guts|spd|1
|
|-damage|p2a: Guts|40/100 brn|[from] brn
|upkeep
|turn|4
|inactive|niloswan has 120 seconds left.
|
|t:|1760301724
|switch|p2a: Moons|Cresselia, F|100/100
|move|p1a: Great Tusk|Headlong Rush|p2a: Moons
|-immune|p2a: Moons|[from] ability: Levitate
|
|upkeep
|turn|5
|
|t:|1760301731
|-end|p1a: Great Tusk|Protosynthesis|[silent]
|switch|p1a: Tyranitar|Tyranitar, M|100/100
|-weather|Sandstorm|[from] ability: Sand Stream|[of] p1a: Tyranitar
|move|p2a: Moons|Ice Beam|p1a: Tyranitar
|-damage|p1a: Tyranitar|93/100
|
|-weather|Sandstorm|[upkeep]
|-damage|p2a: Moons|94/100|[from] Sandstorm
|-heal|p1a: Tyranitar|99/100|[from] item: Leftovers
|upkeep
|turn|6
|inactive|niloswan has 120 seconds left.
|
|t:|1760301752
|move|p1a: Tyranitar|Knock Off|p2a: Moons
|-supereffective|p2a: Moons
|-damage|p2a: Moons|48/100
|-damage|p1a: Tyranitar|83/100|[from] item: Rocky Helmet|[of] p2a: Moons
|-enditem|p2a: Moons|Rocky Helmet|[from] move: Knock Off|[of] p1a: Tyranitar
|move|p2a: Moons|Trick Room|p2a: Moons
|-fieldstart|move: Trick Room|[of] p2a: Moons
|
|-weather|Sandstorm|[upkeep]
|-damage|p2a: Moons|42/100|[from] Sandstorm
|-heal|p1a: Tyranitar|89/100|[from] item: Leftovers
|upkeep
|turn|7
|inactive|niloswan has 90 seconds left.
|
|t:|1760301780
|move|p2a: Moons|Lunar Dance|p2a: Moons
|faint|p2a: Moons
|move|p1a: Tyranitar|Dragon Tail|p2: Moons|[notarget]
|-fail|p1a: Tyranitar
|
|-weather|Sandstorm|[upkeep]
|-heal|p1a: Tyranitar|95/100|[from] item: Leftovers
|upkeep
|
|t:|1760301784
|switch|p2a: Guts|Ursaluna, M|40/100 brn
|-heal|p2a: Guts|100/100|[from] move: Lunar Dance
|turn|8
|
|t:|1760301796
|move|p2a: Guts|Headlong Rush|p1a: Tyranitar
|-supereffective|p1a: Tyranitar
|-damage|p1a: Tyranitar|0 fnt
|-unboost|p2a: Guts|def|1
|-unboost|p2a: Guts|spd|1
|faint|p1a: Tyranitar
|
|-weather|Sandstorm|[upkeep]
|-status|p2a: Guts|brn|[from] item: Flame Orb
|upkeep
|inactive|niloswan has 90 seconds left.
|
|t:|1760301816
|switch|p1a: Slowbro|Slowbro, F|73/100
|turn|9
|
|t:|1760301825
|switch|p1a: Gholdengo|Gholdengo|100/100
|move|p2a: Guts|Facade|p1a: Gholdengo
|-immune|p1a: Gholdengo
|
|-weather|none
|-damage|p2a: Guts|94/100 brn|[from] brn
|upkeep
|turn|10
|inactive|niloswan has 90 seconds left.
|
|t:|1760301853
|switch|p1a: Great Tusk|Great Tusk|26/100
|move|p2a: Guts|Headlong Rush|p1a: Great Tusk
|-damage|p1a: Great Tusk|0 fnt
|-unboost|p2a: Guts|def|1
|-unboost|p2a: Guts|spd|1
|faint|p1a: Great Tusk
|-end|p1a: Great Tusk|Protosynthesis|[silent]
|
|-damage|p2a: Guts|88/100 brn|[from] brn
|-fieldend|move: Trick Room
|upkeep
|inactive|niloswan has 60 seconds left.
|
|t:|1760301874
|switch|p1a: Scizor|Scizor, F|82/100
|turn|11
|inactive|niloswan has 60 seconds left.
|
|t:|1760301886
|switch|p2a: Giyu|Keldeo-Resolute, shiny|100/100
|move|p1a: Scizor|Dual Wingbeat|p2a: Giyu
|-supereffective|p2a: Giyu
|-damage|p2a: Giyu|23/100
|-supereffective|p2a: Giyu
|-damage|p2a: Giyu|0 fnt
|faint|p2a: Giyu
|-hitcount|p2: Giyu|2
|
|upkeep
|
|t:|1760301900
|switch|p2a: Guts|Ursaluna, M|88/100 brn
|turn|12
|
|t:|1760301915
|move|p1a: Scizor|Dual Wingbeat|p2a: Guts
|-damage|p2a: Guts|62/100 brn
|-damage|p2a: Guts|40/100 brn
|-hitcount|p2a: Guts|2
|move|p2a: Guts|Headlong Rush|p1a: Scizor
|-damage|p1a: Scizor|0 fnt
|-unboost|p2a: Guts|def|1
|-unboost|p2a: Guts|spd|1
|faint|p1a: Scizor
|
|-damage|p2a: Guts|34/100 brn|[from] brn
|upkeep
|inactive|niloswan has 60 seconds left.
|
|t:|1760301930
|switch|p1a: Kommo-o|Kommo-o, F|100/100
|turn|13
|inactive|niloswan has 60 seconds left.
|
|t:|1760301941
|move|p1a: Kommo-o|Drain Punch|p2a: Guts
|-supereffective|p2a: Guts
|-damage|p2a: Guts|0 fnt
|faint|p2a: Guts
|
|upkeep
|
|t:|1760301949
|switch|p2a: Hatterene|Hatterene, F|100/100
|turn|14
|inactive|niloswan has 60 seconds left.
|
|t:|1760301975
|-terastallize|p1a: Kommo-o|Normal
|move|p1a: Kommo-o|Clangorous Soul|p1a: Kommo-o
|-boost|p1a: Kommo-o|atk|1
|-boost|p1a: Kommo-o|def|1
|-boost|p1a: Kommo-o|spa|1
|-boost|p1a: Kommo-o|spd|1
|-boost|p1a: Kommo-o|spe|1
|-damage|p1a: Kommo-o|68/100
|-enditem|p1a: Kommo-o|Throat Spray
|-boost|p1a: Kommo-o|spa|1|[from] item: Throat Spray
|move|p2a: Hatterene|Psychic Noise|p1a: Kommo-o
|-immune|p1a: Kommo-o|[from] ability: Soundproof
|
|upkeep
|turn|15
|
|t:|1760301991
|move|p1a: Kommo-o|Boomburst|p2a: Hatterene
|-enditem|p2a: Hatterene|Focus Sash
|-damage|p2a: Hatterene|1/100
|move|p2a: Hatterene|Dazzling Gleam|p1a: Kommo-o
|-damage|p1a: Kommo-o|30/100
|
|upkeep
|turn|16
|inactive|niloswan has 30 seconds left.
|
|t:|1760302014
|move|p1a: Kommo-o|Flamethrower|p2a: Hatterene
|-crit|p2a: Hatterene
|-damage|p2a: Hatterene|0 fnt
|faint|p2a: Hatterene
|
|upkeep
|
|t:|1760302024
|switch|p2a: Mitsuri|Iron Valiant, shiny|100/100
|-enditem|p2a: Mitsuri|Booster Energy
|-activate|p2a: Mitsuri|ability: Quark Drive|[fromitem]
|-start|p2a: Mitsuri|quarkdrivespe
|turn|17
|inactive|niloswan has 30 seconds left.
|inactive|niloswan has 20 seconds left.
|
|t:|1760302050
|move|p2a: Mitsuri|Moonblast|p1a: Kommo-o
|-damage|p1a: Kommo-o|0 fnt
|faint|p1a: Kommo-o
|
|upkeep
|inactive|niloswan has 25 seconds left this turn.
|inactive|niloswan has 20 seconds left.
|inactive|niloswan has 15 seconds left.
|inactive|niloswan has 10 seconds left.
|c|☆hzf|gg
|inactive|niloswan has 5 seconds left.
|
|t:|1760302071
|switch|p1a: Slowbro|Slowbro, F|100/100
|turn|18
|inactive|niloswan has 15 seconds left this turn.
|
|t:|1760302076
|move|p2a: Mitsuri|Moonblast|p1a: Slowbro
|-damage|p1a: Slowbro|52/100
|move|p1a: Slowbro|Scald|p2a: Mitsuri
|-damage|p2a: Mitsuri|47/100
|
|-heal|p1a: Slowbro|58/100|[from] item: Leftovers
|upkeep
|turn|19
|inactive|niloswan has 25 seconds left this turn.
|inactive|niloswan has 20 seconds left.
|
|t:|1760302084
|move|p2a: Mitsuri|Moonblast|p1a: Slowbro
|-damage|p1a: Slowbro|8/100
|move|p1a: Slowbro|Scald|p2a: Mitsuri
|-damage|p2a: Mitsuri|0 fnt
|faint|p2a: Mitsuri
|-end|p2a: Mitsuri|Quark Drive|[silent]
|
|-heal|p1a: Slowbro|14/100|[from] item: Leftovers
|upkeep
|
|t:|1760302086
|switch|p2a: Sanemi|Ogerpon, F|100/100
|turn|20
|inactive|niloswan has 30 seconds left.
|
|t:|1760302101
|move|p2a: Sanemi|Knock Off|p1a: Slowbro
|-supereffective|p1a: Slowbro
|-damage|p1a: Slowbro|0 fnt
|-enditem|p1a: Slowbro|Leftovers|[from] move: Knock Off|[of] p2a: Sanemi
|faint|p1a: Slowbro
|
|upkeep
|inactive|niloswan has 30 seconds left this turn.
|
|t:|1760302106
|switch|p1a: Gholdengo|Gholdengo|100/100
|turn|21
|inactive|niloswan has 30 seconds left.
|
|t:|1760302113
|-terastallize|p2a: Sanemi|Grass
|detailschange|p2a: Sanemi|Ogerpon-Teal-Tera, F, tera:Grass
|-ability|p2a: Sanemi|Embody Aspect (Teal)|boost
|-boost|p2a: Sanemi|spe|1
|move|p2a: Sanemi|Knock Off|p1a: Gholdengo
|-supereffective|p1a: Gholdengo
|-damage|p1a: Gholdengo|1/100
|-enditem|p1a: Gholdengo|Choice Scarf|[from] move: Knock Off|[of] p2a: Sanemi
|move|p1a: Gholdengo|Make It Rain|p2a: Sanemi
|-damage|p2a: Sanemi|25/100
|-unboost|p1a: Gholdengo|spa|1
|
|upkeep
|turn|22
|c|☆hzf|252 Atk Choice Band Ogerpon Knock Off (97 BP) vs. 0 HP / 0 Def Gholdengo: 314-370 (99.6 - 117.4%) -- 93.8% chance to OHKO
|inactive|niloswan has 30 seconds left.
|c|☆niloswan|gg
|
|t:|1760302126
|move|p2a: Sanemi|Knock Off|p1a: Gholdengo
|-supereffective|p1a: Gholdengo
|-damage|p1a: Gholdengo|0 fnt
|faint|p1a: Gholdengo
|
|win|hzf
|raw|niloswan's rating: 1573 &rarr; <strong>1552</strong><br />(-21 for losing)
|raw|hzf's rating: 1556 &rarr; <strong>1577</strong><br />(+21 for winning)
|l|☆niloswan
|player|p1|
