|j|☆adv 1v1
|j|☆fregene97
|t:|1760383154
|gametype|singles
|player|p1|adv 1v1|lisia|1486
|player|p2|fregene97|youngster-gen4dp|1492
|gen|9
|tier|[Gen 9] OU
|rated|
|rule|HP Percentage Mod: HP is shown in percentages
|rule|Endless Battle Clause: Forcing endless battles is banned
|rule|Species Clause: Limit one of each Pokémon
|rule|OHKO Clause: OHKO moves are banned
|rule|Evasion Items Clause: Evasion items are banned
|rule|Evasion Moves Clause: Evasion moves are banned
|rule|Evasion Abilities Clause: Evasion abilities are banned
|rule|Sleep Moves Clause: Sleep-inducing moves are banned
|clearpoke
|poke|p1|Jirachi|
|poke|p1|Ursaluna, F|
|poke|p1|Iron Hands|
|poke|p1|Volcanion|
|poke|p1|Moltres-Galar|
|poke|p1|Rillaboom, M|
|poke|p2|Darkrai|
|poke|p2|Great Tusk|
|poke|p2|Iron Moth|
|poke|p2|Rillaboom, F|
|poke|p2|Raging Bolt|
|poke|p2|Zamazenta-*|
|teampreview
|inactive|Battle timer is ON: inactive players will automatically lose when time's up. (requested by adv 1v1)
|
|t:|1760383172
|teamsize|p1|6
|teamsize|p2|6
|start
|switch|p1a: Rillaboom|Rillaboom, M|100/100
|switch|p2a: Darkrai|Darkrai|100/100
|-fieldstart|move: Grassy Terrain|[from] ability: Grassy Surge|[of] p1a: Rillaboom
|turn|1
|
|t:|1760383178
|move|p1a: Rillaboom|Fake Out|p2a: Darkrai
|-damage|p2a: Darkrai|75/100
|-damage|p1a: Rillaboom|91/100|[from] item: Life Orb
|cant|p2a: Darkrai|flinch
|
|-heal|p2a: Darkrai|81/100|[from] Grassy Terrain
|-heal|p2a: Darkrai|87/100|[from] item: Leftovers
|-heal|p1a: Rillaboom|97/100|[from] Grassy Terrain
|upkeep
|turn|2
|
|t:|1760383183
|-terastallize|p2a: Darkrai|Poison
|move|p2a: Darkrai|Ice Beam|p1a: Rillaboom
|-supereffective|p1a: Rillaboom
|-damage|p1a: Rillaboom|8/100
|move|p1a: Rillaboom|Wood Hammer|p2a: Darkrai
|-resisted|p2a: Darkrai
|-crit|p2a: Darkrai
|-damage|p2a: Darkrai|0 fnt
|faint|p2a: Darkrai
|-damage|p1a: Rillaboom|0 fnt|[from] Recoil
|faint|p1a: Rillaboom
|
|upkeep
|
|t:|1760383195
|switch|p2a: Rillaboom|Rillaboom, F|100/100
|switch|p1a: Volcanion|Volcanion|100/100
|turn|3
|
|t:|1760383202
|switch|p1a: Moltres|Moltres-Galar|100/100
|move|p2a: Rillaboom|Knock Off|p1a: Moltres
|-resisted|p1a: Moltres
|-damage|p1a: Moltres|78/100
|-enditem|p1a: Moltres|Leftovers|[from] move: Knock Off|[of] p2a: Rillaboom
|-damage|p2a: Rillaboom|91/100|[from] item: Life Orb
|
|-heal|p2a: Rillaboom|97/100|[from] Grassy Terrain
|upkeep
|turn|4
|
|t:|1760383208
|move|p2a: Rillaboom|Swords Dance|p2a: Rillaboom
|-boost|p2a: Rillaboom|atk|2
|move|p1a: Moltres|Air Slash|p2a: Rillaboom
|-supereffective|p2a: Rillaboom
|-damage|p2a: Rillaboom|26/100
|
|-heal|p2a: Rillaboom|32/100|[from] Grassy Terrain
|upkeep
|turn|5
|
|t:|1760383219
|move|p2a: Rillaboom|Wood Hammer|p1a: Moltres
|-resisted|p1a: Moltres
|-damage|p1a: Moltres|0 fnt
|faint|p1a: Moltres
|-damage|p2a: Rillaboom|5/100|[from] Recoil
|-damage|p2a: Rillaboom|0 fnt|[from] item: Life Orb
|faint|p2a: Rillaboom
|
|-fieldend|move: Grassy Terrain
|upkeep
|
|t:|1760383229
|switch|p2a: Zamazenta|Zamazenta|100/100
|switch|p1a: Jirachi|Jirachi|100/100
|-ability|p2a: Zamazenta|Dauntless Shield|boost
|-boost|p2a: Zamazenta|def|1
|turn|6
|
|t:|1760383232
|move|p1a: Jirachi|Trick|p2a: Zamazenta
|-activate|p1a: Jirachi|move: Trick|[of] p2a: Zamazenta
|-item|p2a: Zamazenta|Choice Scarf|[from] move: Trick
|-item|p1a: Jirachi|Leftovers|[from] move: Trick
|move|p2a: Zamazenta|Iron Defense|p2a: Zamazenta
|-boost|p2a: Zamazenta|def|2
|
|upkeep
|turn|7
|
|t:|1760383239
|switch|p2a: Great Tusk|Great Tusk|100/100
|move|p1a: Jirachi|U-turn|p2a: Great Tusk
|-resisted|p2a: Great Tusk
|-damage|p2a: Great Tusk|92/100
|
|t:|1760383248
|switch|p1a: Ursaluna|Ursaluna, F|100/100|[from] U-turn
|
|-status|p1a: Ursaluna|brn|[from] item: Flame Orb
|upkeep
|turn|8
|
|t:|1760383255
|switch|p1a: Jirachi|Jirachi|100/100
|move|p2a: Great Tusk|Ice Spinner|p1a: Jirachi
|-resisted|p1a: Jirachi
|-damage|p1a: Jirachi|87/100
|
|-heal|p1a: Jirachi|93/100|[from] item: Leftovers
|upkeep
|turn|9
|
|t:|1760383261
|move|p2a: Great Tusk|Headlong Rush|p1a: Jirachi
|-supereffective|p1a: Jirachi
|-damage|p1a: Jirachi|0 fnt
|-unboost|p2a: Great Tusk|def|1
|-unboost|p2a: Great Tusk|spd|1
|faint|p1a: Jirachi
|
|upkeep
|
|t:|1760383266
|switch|p1a: Ursaluna|Ursaluna, F|100/100 brn
|turn|10
|
|t:|1760383276
|move|p2a: Great Tusk|Ice Spinner|p1a: Ursaluna
|-supereffective|p1a: Ursaluna
|-damage|p1a: Ursaluna|58/100 brn
|move|p1a: Ursaluna|Facade|p2a: Great Tusk
|-damage|p2a: Great Tusk|0 fnt
|faint|p2a: Great Tusk
|-end|p2a: Great Tusk|Protosynthesis|[silent]
|
|-damage|p1a: Ursaluna|51/100 brn|[from] brn
|upkeep
|
|t:|1760383281
|switch|p2a: Zamazenta|Zamazenta|100/100
|turn|11
|
|t:|1760383289
|switch|p1a: Iron Hands|Iron Hands|100/100
|-enditem|p1a: Iron Hands|Booster Energy
|-activate|p1a: Iron Hands|ability: Quark Drive|[fromitem]
|-start|p1a: Iron Hands|quarkdriveatk
|move|p2a: Zamazenta|Body Press|p1a: Iron Hands
|-damage|p1a: Iron Hands|82/100
|
|upkeep
|turn|12
|
|t:|1760383305
|move|p2a: Zamazenta|Body Press|p1a: Iron Hands
|-damage|p1a: Iron Hands|63/100
|move|p1a: Iron Hands|Drain Punch|p2a: Zamazenta
|-damage|p2a: Zamazenta|57/100
|-heal|p1a: Iron Hands|81/100|[from] drain|[of] p2a: Zamazenta
|
|upkeep
|turn|13
|inactive|adv 1v1 has 120 seconds left.
|
|t:|1760383343
|move|p2a: Zamazenta|Body Press|p1a: Iron Hands
|-damage|p1a: Iron Hands|60/100
|move|p1a: Iron Hands|Drain Punch|p2a: Zamazenta
|-damage|p2a: Zamazenta|18/100
|-heal|p1a: Iron Hands|77/100|[from] drain|[of] p2a: Zamazenta
|
|upkeep
|turn|14
|
|t:|1760383347
|move|p2a: Zamazenta|Body Press|p1a: Iron Hands
|-damage|p1a: Iron Hands|58/100
|move|p1a: Iron Hands|Drain Punch|p2a: Zamazenta
|-damage|p2a: Zamazenta|0 fnt
|-heal|p1a: Iron Hands|66/100|[from] drain|[of] p2a: Zamazenta
|faint|p2a: Zamazenta
|
|upkeep
|
|t:|1760383352
|switch|p2a: Iron Moth|Iron Moth|100/100
|-enditem|p2a: Iron Moth|Booster Energy
|-activate|p2a: Iron Moth|ability: Quark Drive|[fromitem]
|-start|p2a: Iron Moth|quarkdrivespe
|turn|15
|
|t:|1760383356
|move|p2a: Iron Moth|Fiery Dance|p1a: Iron Hands
|-damage|p1a: Iron Hands|24/100
|-boost|p2a: Iron Moth|spa|1
|move|p1a: Iron Hands|Thunder Punch|p2a: Iron Moth
|-damage|p2a: Iron Moth|12/100
|
|upkeep
|turn|16
|
|t:|1760383373
|move|p2a: Iron Moth|Fiery Dance|p1a: Iron Hands
|-damage|p1a: Iron Hands|0 fnt
|faint|p1a: Iron Hands
|-end|p1a: Iron Hands|Quark Drive|[silent]
|
|upkeep
|
|t:|1760383376
|switch|p1a: Volcanion|Volcanion|100/100
|turn|17
|
|t:|1760383381
|-terastallize|p1a: Volcanion|Ground
|move|p2a: Iron Moth|Sludge Wave|p1a: Volcanion
|-resisted|p1a: Volcanion
|-damage|p1a: Volcanion|65/100
|move|p1a: Volcanion|Flamethrower|p2a: Iron Moth
|-resisted|p2a: Iron Moth
|-damage|p2a: Iron Moth|0 fnt
|faint|p2a: Iron Moth
|-end|p2a: Iron Moth|Quark Drive|[silent]
|
|upkeep
|
|t:|1760383387
|switch|p2a: Raging Bolt|Raging Bolt|100/100
|-enditem|p2a: Raging Bolt|Booster Energy
|-activate|p2a: Raging Bolt|ability: Protosynthesis|[fromitem]
|-start|p2a: Raging Bolt|protosynthesisspa
|turn|18
|
|t:|1760383389
|move|p2a: Raging Bolt|Dragon Pulse|p1a: Volcanion
|-damage|p1a: Volcanion|1/100
|move|p1a: Volcanion|Earth Power|p2a: Raging Bolt
|-supereffective|p2a: Raging Bolt
|-damage|p2a: Raging Bolt|0 fnt
|faint|p2a: Raging Bolt
|-end|p2a: Raging Bolt|Protosynthesis|[silent]
|
|win|adv 1v1
|raw|adv 1v1's rating: 1486 &rarr; <strong>1506</strong><br />(+20 for winning)
|raw|fregene97's rating: 1492 &rarr; <strong>1472</strong><br />(-20 for losing)
|l|☆adv 1v1
|player|p1|
|l|☆fregene97
|player|p2|
