|j|☆Mr.underground
|j|☆exo444
|t:|1760422847
|gametype|singles
|player|p1|Mr.underground|veteran|1126
|player|p2|exo444|bruno|1086
|gen|9
|tier|[Gen 9] OU
|rated|
|rule|HP Percentage Mod: HP is shown in percentages
|rule|Endless Battle Clause: Forcing endless battles is banned
|rule|Species Clause: Limit one of each Pokémon
|rule|OHKO Clause: OHKO moves are banned
|rule|Evasion Items Clause: Evasion items are banned
|rule|Evasion Moves Clause: Evasion moves are banned
|rule|Evasion Abilities Clause: Evasion abilities are banned
|rule|Sleep Moves Clause: Sleep-inducing moves are banned
|clearpoke
|poke|p1|Tyranitar, F|
|poke|p1|Metagross|
|poke|p1|Garchomp, M|
|poke|p1|Excadrill, M|
|poke|p1|Gastrodon-East, F|
|poke|p1|Gholdengo|
|poke|p2|Alomomola, M|
|poke|p2|Ceruledge, M|
|poke|p2|Dragonite, F|
|poke|p2|Gliscor, M|
|poke|p2|Glimmora, M|
|poke|p2|Scizor, M|
|teampreview
|c|☆Mr.underground|Good luck
|
|t:|1760422858
|teamsize|p1|6
|teamsize|p2|6
|start
|switch|p1a: Gastrodon|Gastrodon-East, F, shiny|100/100
|switch|p2a: Glimmora|Glimmora, M, shiny|100/100
|turn|1
|
|t:|1760422867
|move|p2a: Glimmora|Stealth Rock|p1a: Gastrodon
|-sidestart|p1: Mr.underground|move: Stealth Rock
|move|p1a: Gastrodon|Stealth Rock|p2a: Glimmora
|-sidestart|p2: exo444|move: Stealth Rock
|
|upkeep
|turn|2
|
|t:|1760422873
|move|p2a: Glimmora|Mortal Spin|p1a: Gastrodon
|-resisted|p1a: Gastrodon
|-damage|p1a: Gastrodon|98/100
|-status|p1a: Gastrodon|psn
|-damage|p2a: Glimmora|84/100|[from] item: Rocky Helmet|[of] p1a: Gastrodon
|-sideend|p2: exo444|Stealth Rock|[from] move: Mortal Spin|[of] p2a: Glimmora
|move|p1a: Gastrodon|Spikes|p2a: Glimmora
|-sidestart|p2: exo444|Spikes
|
|-damage|p1a: Gastrodon|86/100 psn|[from] psn
|upkeep
|turn|3
|
|t:|1760422888
|move|p2a: Glimmora|Earth Power|p1a: Gastrodon
|-damage|p1a: Gastrodon|55/100 psn
|move|p1a: Gastrodon|Ice Beam|p2a: Glimmora
|-damage|p2a: Glimmora|58/100
|-enditem|p2a: Glimmora|Red Card|[of] p1a: Gastrodon
|drag|p1a: Garchomp|Garchomp, M, shiny|100/100
|-damage|p1a: Garchomp|94/100|[from] Stealth Rock
|
|upkeep
|turn|4
|
|t:|1760422908
|move|p1a: Garchomp|Swords Dance|p1a: Garchomp
|-boost|p1a: Garchomp|atk|2
|move|p2a: Glimmora|Earth Power|p1a: Garchomp
|-damage|p1a: Garchomp|57/100
|
|upkeep
|turn|5
|
|t:|1760422925
|switch|p2a: Gliscor|Gliscor, M, shiny|100/100
|move|p1a: Garchomp|Scale Shot|p2a: Gliscor|[miss]
|-miss|p1a: Garchomp|p2a: Gliscor
|
|-status|p2a: Gliscor|tox|[from] item: Toxic Orb
|upkeep
|turn|6
|
|t:|1760422944
|move|p1a: Garchomp|Scale Shot|p2a: Gliscor
|-damage|p2a: Gliscor|81/100 tox
|-damage|p2a: Gliscor|60/100 tox
|-damage|p2a: Gliscor|39/100 tox
|-damage|p2a: Gliscor|18/100 tox
|-hitcount|p2a: Gliscor|4
|-unboost|p1a: Garchomp|def|1
|-boost|p1a: Garchomp|spe|1
|-damage|p1a: Garchomp|47/100|[from] item: Life Orb
|move|p2a: Gliscor|Spikes|p1a: Garchomp
|-sidestart|p1: Mr.underground|Spikes
|
|-heal|p2a: Gliscor|31/100 tox|[from] ability: Poison Heal
|upkeep
|turn|7
|
|t:|1760422958
|move|p2a: Gliscor|Protect|p2a: Gliscor
|-singleturn|p2a: Gliscor|Protect
|move|p1a: Garchomp|Rock Slide|p2a: Gliscor
|-activate|p2a: Gliscor|move: Protect
|
|-heal|p2a: Gliscor|43/100 tox|[from] ability: Poison Heal
|upkeep
|turn|8
|
|t:|1760422969
|switch|p2a: Alomomola|Alomomola, M, shiny|100/100
|move|p1a: Garchomp|Rock Slide|p2a: Alomomola
|-damage|p2a: Alomomola|57/100
|-damage|p1a: Garchomp|37/100|[from] item: Life Orb
|
|upkeep
|turn|9
|
|t:|1760422980
|move|p1a: Garchomp|Earthquake|p2a: Alomomola
|-damage|p2a: Alomomola|0 fnt
|faint|p2a: Alomomola
|-damage|p1a: Garchomp|28/100|[from] item: Life Orb
|
|upkeep
|
|t:|1760422989
|switch|p2a: Scizor|Scizor, M|100/100
|-damage|p2a: Scizor|88/100|[from] Spikes
|turn|10
|
|t:|1760422996
|move|p2a: Scizor|Bullet Punch|p1a: Garchomp
|-damage|p1a: Garchomp|0 fnt
|-damage|p2a: Scizor|76/100|[from] ability: Rough Skin|[of] p1a: Garchomp
|faint|p1a: Garchomp
|
|upkeep
|
|t:|1760423000
|switch|p1a: Excadrill|Excadrill, M|100/100
|-damage|p1a: Excadrill|97/100|[from] Stealth Rock
|-damage|p1a: Excadrill|85/100|[from] Spikes
|turn|11
|inactive|Battle timer is ON: inactive players will automatically lose when time's up. (requested by Mr.underground)
|
|t:|1760423014
|switch|p2a: Gliscor|Gliscor, M, shiny|43/100 tox
|move|p1a: Excadrill|Rapid Spin|p2a: Gliscor
|-damage|p2a: Gliscor|25/100 tox
|-boost|p1a: Excadrill|spe|1
|-sideend|p1: Mr.underground|Spikes|[from] move: Rapid Spin|[of] p1a: Excadrill
|-sideend|p1: Mr.underground|Stealth Rock|[from] move: Rapid Spin|[of] p1a: Excadrill
|
|-heal|p2a: Gliscor|37/100 tox|[from] ability: Poison Heal
|upkeep
|turn|12
|
|t:|1760423028
|switch|p1a: Tyranitar|Tyranitar, F|100/100
|-weather|Sandstorm|[from] ability: Sand Stream|[of] p1a: Tyranitar
|move|p2a: Gliscor|Earthquake|p1a: Tyranitar
|-supereffective|p1a: Tyranitar
|-damage|p1a: Tyranitar|53/100
|
|-weather|Sandstorm|[upkeep]
|-heal|p2a: Gliscor|50/100 tox|[from] ability: Poison Heal
|upkeep
|turn|13
|
|t:|1760423043
|switch|p1a: Gastrodon|Gastrodon-East, F, shiny|55/100 psn
|move|p2a: Gliscor|Protect||[still]
|-fail|p2a: Gliscor
|
|-weather|Sandstorm|[upkeep]
|-heal|p2a: Gliscor|62/100 tox|[from] ability: Poison Heal
|-damage|p1a: Gastrodon|43/100 psn|[from] psn
|upkeep
|turn|14
|
|t:|1760423053
|move|p2a: Gliscor|Spikes|p1a: Gastrodon
|-sidestart|p1: Mr.underground|Spikes
|move|p1a: Gastrodon|Stealth Rock|p2a: Gliscor
|-sidestart|p2: exo444|move: Stealth Rock
|
|-weather|Sandstorm|[upkeep]
|-heal|p2a: Gliscor|75/100 tox|[from] ability: Poison Heal
|-damage|p1a: Gastrodon|31/100 psn|[from] psn
|upkeep
|turn|15
|
|t:|1760423065
|move|p2a: Gliscor|Spikes|p1a: Gastrodon
|-sidestart|p1: Mr.underground|Spikes
|move|p1a: Gastrodon|Spikes|p2a: Gliscor
|-sidestart|p2: exo444|Spikes
|
|-weather|Sandstorm|[upkeep]
|-heal|p2a: Gliscor|87/100 tox|[from] ability: Poison Heal
|-damage|p1a: Gastrodon|18/100 psn|[from] psn
|upkeep
|turn|16
|
|t:|1760423072
|move|p2a: Gliscor|Spikes|p1a: Gastrodon
|-sidestart|p1: Mr.underground|Spikes
|move|p1a: Gastrodon|Ice Beam|p2a: Gliscor
|-supereffective|p2a: Gliscor
|-damage|p2a: Gliscor|0 fnt
|faint|p2a: Gliscor
|
|-weather|Sandstorm|[upkeep]
|-damage|p1a: Gastrodon|6/100 psn|[from] psn
|upkeep
|
|t:|1760423080
|switch|p2a: Glimmora|Glimmora, M, shiny|58/100
|-damage|p2a: Glimmora|41/100|[from] Spikes
|-damage|p2a: Glimmora|29/100|[from] Stealth Rock
|turn|17
|
|t:|1760423086
|move|p2a: Glimmora|Mortal Spin|p1a: Gastrodon
|-resisted|p1a: Gastrodon
|-damage|p1a: Gastrodon|4/100 psn
|-damage|p2a: Glimmora|12/100|[from] item: Rocky Helmet|[of] p1a: Gastrodon
|-sideend|p2: exo444|Spikes|[from] move: Mortal Spin|[of] p2a: Glimmora
|-sideend|p2: exo444|Stealth Rock|[from] move: Mortal Spin|[of] p2a: Glimmora
|move|p1a: Gastrodon|Recover|p1a: Gastrodon
|-heal|p1a: Gastrodon|54/100 psn
|
|-weather|Sandstorm|[upkeep]
|-damage|p1a: Gastrodon|41/100 psn|[from] psn
|upkeep
|turn|18
|
|t:|1760423097
|move|p2a: Glimmora|Stealth Rock|p1a: Gastrodon
|-sidestart|p1: Mr.underground|move: Stealth Rock
|move|p1a: Gastrodon|Ice Beam|p2a: Glimmora
|-damage|p2a: Glimmora|0 fnt
|faint|p2a: Glimmora
|
|-weather|Sandstorm|[upkeep]
|-damage|p1a: Gastrodon|29/100 psn|[from] psn
|upkeep
|
|t:|1760423108
|switch|p2a: Ceruledge|Ceruledge, M, shiny|100/100
|turn|19
|
|t:|1760423116
|move|p2a: Ceruledge|Poltergeist|p1a: Gastrodon
|-activate|p1a: Gastrodon|move: Poltergeist|Rocky Helmet
|-damage|p1a: Gastrodon|0 fnt
|faint|p1a: Gastrodon
|
|-weather|none
|upkeep
|
|t:|1760423120
|switch|p1a: Tyranitar|Tyranitar, F|53/100
|-damage|p1a: Tyranitar|28/100|[from] Spikes
|-damage|p1a: Tyranitar|16/100|[from] Stealth Rock
|-weather|Sandstorm|[from] ability: Sand Stream|[of] p1a: Tyranitar
|turn|20
|
|t:|1760423131
|move|p2a: Ceruledge|Bitter Blade|p1a: Tyranitar
|-resisted|p1a: Tyranitar
|-damage|p1a: Tyranitar|0 fnt
|faint|p1a: Tyranitar
|
|-weather|Sandstorm|[upkeep]
|-damage|p2a: Ceruledge|94/100|[from] Sandstorm
|upkeep
|
|t:|1760423138
|switch|p1a: Excadrill|Excadrill, M|85/100
|-damage|p1a: Excadrill|60/100|[from] Spikes
|-damage|p1a: Excadrill|57/100|[from] Stealth Rock
|turn|21
|
|t:|1760423150
|move|p1a: Excadrill|Rock Slide|p2a: Ceruledge
|-supereffective|p2a: Ceruledge
|-damage|p2a: Ceruledge|0 fnt
|faint|p2a: Ceruledge
|
|-weather|Sandstorm|[upkeep]
|upkeep
|
|t:|1760423166
|switch|p2a: Dragonite|Dragonite, F, shiny|100/100
|turn|22
|
|t:|1760423174
|-terastallize|p2a: Dragonite|Normal
|move|p1a: Excadrill|Rock Slide|p2a: Dragonite
|-damage|p2a: Dragonite|80/100
|move|p2a: Dragonite|Dragon Dance|p2a: Dragonite
|-boost|p2a: Dragonite|atk|1
|-boost|p2a: Dragonite|spe|1
|
|-weather|Sandstorm|[upkeep]
|-damage|p2a: Dragonite|74/100|[from] Sandstorm
|upkeep
|turn|23
|
|t:|1760423184
|move|p1a: Excadrill|Rock Slide|p2a: Dragonite
|-damage|p2a: Dragonite|32/100
|move|p2a: Dragonite|Dragon Dance|p2a: Dragonite
|-boost|p2a: Dragonite|atk|1
|-boost|p2a: Dragonite|spe|1
|
|-weather|Sandstorm|[upkeep]
|-damage|p2a: Dragonite|26/100|[from] Sandstorm
|upkeep
|turn|24
|
|t:|1760423194
|move|p1a: Excadrill|Rock Slide|p2a: Dragonite
|-damage|p2a: Dragonite|0 fnt
|faint|p2a: Dragonite
|
|-weather|Sandstorm|[upkeep]
|upkeep
|
|t:|1760423199
|switch|p2a: Scizor|Scizor, M|76/100
|turn|25
|
|t:|1760423216
|move|p1a: Excadrill|Rock Slide|p2a: Scizor
|-damage|p2a: Scizor|18/100
|cant|p2a: Scizor|flinch
|
|-weather|Sandstorm|[upkeep]
|upkeep
|turn|26
|c|☆Mr.underground|gg
|-message|exo444 forfeited.
|
|win|Mr.underground
|raw|Mr.underground's rating: 1126 &rarr; <strong>1148</strong><br />(+22 for winning)
|raw|exo444's rating: 1086 &rarr; <strong>1066</strong><br />(-20 for losing)
|l|☆exo444
|player|p2|
