|j|☆inviscatleader
|j|☆spacewarps
|t:|1760378942
|gametype|singles
|player|p1|inviscatleader|102|1100
|player|p2|spacewarps|2|1105
|gen|9
|tier|[Gen 9] OU
|rated|
|rule|HP Percentage Mod: HP is shown in percentages
|rule|Endless Battle Clause: Forcing endless battles is banned
|rule|Species Clause: Limit one of each Pokémon
|rule|OHKO Clause: OHKO moves are banned
|rule|Evasion Items Clause: Evasion items are banned
|rule|Evasion Moves Clause: Evasion moves are banned
|rule|Evasion Abilities Clause: Evasion abilities are banned
|rule|Sleep Moves Clause: Sleep-inducing moves are banned
|clearpoke
|poke|p1|Dondozo, M|
|poke|p1|Clodsire, M|
|poke|p1|Corviknight, M|
|poke|p1|Gholdengo|
|poke|p1|Heatran, F|
|poke|p1|Zapdos|
|poke|p2|Dragapult, F|
|poke|p2|Kingambit, M|
|poke|p2|Great Tusk|
|poke|p2|Slowking-Galar, M|
|poke|p2|Ogerpon-Wellspring, F|
|poke|p2|Enamorus, F|
|teampreview
|
|t:|1760378970
|teamsize|p1|6
|teamsize|p2|6
|start
|switch|p1a: the other bird|Zapdos|100/100
|switch|p2a: Slowking|Slowking-Galar, M|100/100
|-ability|p1a: the other bird|Pressure
|turn|1
|c|☆inviscatleader|just so you know, i have no idea what i'm doing
|inactive|Battle timer is ON: inactive players will automatically lose when time's up. (requested by spacewarps)
|
|t:|1760378982
|move|p1a: the other bird|Thunderbolt|p2a: Slowking
|-damage|p2a: Slowking|72/100
|move|p2a: Slowking|Psychic Noise|p1a: the other bird
|-damage|p1a: the other bird|74/100
|-start|p1a: the other bird|move: Heal Block
|
|upkeep
|turn|2
|c|☆spacewarps|That's fair nor do I
|c|☆inviscatleader|fair
|
|t:|1760379000
|move|p1a: the other bird|Thunderbolt|p2a: Slowking
|-damage|p2a: Slowking|40/100
|-prepare|p2a: Slowking|Chilly Reception|[premajor]
|move|p2a: Slowking|Chilly Reception|p2a: Slowking
|-weather|Snowscape
|
|t:|1760379002
|switch|p2a: Great Tusk|Great Tusk|100/100|[from] Chilly Reception
|
|-weather|Snowscape|[upkeep]
|-end|p1a: the other bird|move: Heal Block
|upkeep
|turn|3
|
|t:|1760379016
|move|p1a: the other bird|Thunderbolt|p2a: Great Tusk
|-immune|p2a: Great Tusk
|move|p2a: Great Tusk|Stealth Rock|p1a: the other bird
|-sidestart|p1: inviscatleader|move: Stealth Rock
|
|-weather|Snowscape|[upkeep]
|upkeep
|turn|4
|
|t:|1760379029
|move|p1a: the other bird|Volt Switch|p2a: Great Tusk
|-immune|p2a: Great Tusk
|move|p2a: Great Tusk|Rapid Spin|p1a: the other bird
|-damage|p1a: the other bird|59/100
|-boost|p2a: Great Tusk|spe|1
|
|-weather|Snowscape|[upkeep]
|upkeep
|turn|5
|c|☆spacewarps|Ground immune to electric
|
|t:|1760379044
|switch|p1a: whale|Dondozo, M|100/100
|-damage|p1a: whale|88/100|[from] Stealth Rock
|move|p2a: Great Tusk|Knock Off|p1a: whale
|-damage|p1a: whale|75/100
|-enditem|p1a: whale|Leftovers|[from] move: Knock Off|[of] p2a: Great Tusk
|
|-weather|Snowscape|[upkeep]
|upkeep
|turn|6
|c|☆inviscatleader|yea i forgor
|
|t:|1760379059
|-end|p2a: Great Tusk|Protosynthesis|[silent]
|switch|p2a: Ogerpon|Ogerpon-Wellspring, F|100/100
|move|p1a: whale|Body Press|p2a: Ogerpon
|-damage|p2a: Ogerpon|63/100
|
|-weather|none
|upkeep
|turn|7
|
|t:|1760379072
|switch|p1a: cheez stik|Gholdengo|100/100
|-damage|p1a: cheez stik|94/100|[from] Stealth Rock
|move|p2a: Ogerpon|Horn Leech|p1a: cheez stik
|-resisted|p1a: cheez stik
|-damage|p1a: cheez stik|73/100
|-heal|p2a: Ogerpon|77/100|[from] drain|[of] p1a: cheez stik
|
|upkeep
|turn|8
|
|t:|1760379082
|move|p2a: Ogerpon|Knock Off|p1a: cheez stik
|-supereffective|p1a: cheez stik
|-damage|p1a: cheez stik|0 fnt
|-enditem|p1a: cheez stik|Focus Sash|[from] move: Knock Off|[of] p2a: Ogerpon
|faint|p1a: cheez stik
|
|upkeep
|c|☆inviscatleader|darn
|
|t:|1760379090
|switch|p1a: bird. just bird.|Corviknight, M|100/100
|-damage|p1a: bird. just bird.|88/100|[from] Stealth Rock
|turn|9
|
|t:|1760379106
|move|p2a: Ogerpon|U-turn|p1a: bird. just bird.
|-resisted|p1a: bird. just bird.
|-damage|p1a: bird. just bird.|82/100
|
|t:|1760379112
|switch|p2a: Slowking|Slowking-Galar, M|74/100|[from] U-turn
|move|p1a: bird. just bird.|Bulk Up|p1a: bird. just bird.
|-boost|p1a: bird. just bird.|atk|1
|-boost|p1a: bird. just bird.|def|1
|
|-heal|p1a: bird. just bird.|88/100|[from] item: Leftovers
|upkeep
|turn|10
|c|☆inviscatleader|i'm going show this tp my pro friends
|
|t:|1760379127
|move|p1a: bird. just bird.|Bulk Up|p1a: bird. just bird.
|-boost|p1a: bird. just bird.|atk|1
|-boost|p1a: bird. just bird.|def|1
|move|p2a: Slowking|Psychic Noise|p1a: bird. just bird.
|-resisted|p1a: bird. just bird.
|-damage|p1a: bird. just bird.|71/100
|-start|p1a: bird. just bird.|move: Heal Block
|
|upkeep
|turn|11
|c|☆inviscatleader|they shall suffer
|
|t:|1760379140
|move|p1a: bird. just bird.|Agility|p1a: bird. just bird.
|-boost|p1a: bird. just bird.|spe|2
|-prepare|p2a: Slowking|Chilly Reception|[premajor]
|move|p2a: Slowking|Chilly Reception|p2a: Slowking
|-weather|Snowscape
|
|t:|1760379145
|switch|p2a: Dragapult|Dragapult, F|100/100|[from] Chilly Reception
|
|-weather|Snowscape|[upkeep]
|-end|p1a: bird. just bird.|move: Heal Block
|upkeep
|turn|12
|
|t:|1760379154
|move|p1a: bird. just bird.|Power Trip|p2a: Dragapult
|-supereffective|p2a: Dragapult
|-damage|p2a: Dragapult|0 fnt
|faint|p2a: Dragapult
|
|-weather|Snowscape|[upkeep]
|-heal|p1a: bird. just bird.|77/100|[from] item: Leftovers
|upkeep
|
|t:|1760379161
|switch|p2a: Enamorus|Enamorus, F|100/100
|turn|13
|
|t:|1760379173
|-terastallize|p2a: Enamorus|Steel
|move|p2a: Enamorus|Mystical Fire|p1a: bird. just bird.
|-supereffective|p1a: bird. just bird.
|-damage|p1a: bird. just bird.|20/100
|-ability|p1a: bird. just bird.|Mirror Armor
|-boost|p2a: Enamorus|spa|1
|move|p1a: bird. just bird.|Power Trip|p2a: Enamorus
|-damage|p2a: Enamorus|0 fnt
|faint|p2a: Enamorus
|
|-weather|Snowscape|[upkeep]
|-heal|p1a: bird. just bird.|27/100|[from] item: Leftovers
|upkeep
|
|t:|1760379184
|switch|p2a: Kingambit|Kingambit, M|100/100
|-activate|p2a: Kingambit|ability: Supreme Overlord
|-start|p2a: Kingambit|fallen2|[silent]
|turn|14
|
|t:|1760379191
|-end|p2a: Kingambit|fallen2|[silent]
|switch|p2a: Slowking|Slowking-Galar, M|100/100
|move|p1a: bird. just bird.|Roost|p1a: bird. just bird.
|-heal|p1a: bird. just bird.|77/100
|-singleturn|p1a: bird. just bird.|move: Roost
|
|-weather|Snowscape|[upkeep]
|-heal|p1a: bird. just bird.|83/100|[from] item: Leftovers
|upkeep
|turn|15
|
|t:|1760379200
|move|p1a: bird. just bird.|Power Trip|p2a: Slowking
|-supereffective|p2a: Slowking
|-damage|p2a: Slowking|0 fnt
|faint|p2a: Slowking
|
|-weather|none
|-heal|p1a: bird. just bird.|89/100|[from] item: Leftovers
|upkeep
|c|☆spacewarps|Huh dang that worked really well
|
|t:|1760379211
|switch|p2a: Great Tusk|Great Tusk|100/100
|turn|16
|c|☆inviscatleader|it's a set i was shown
|
|t:|1760379215
|move|p1a: bird. just bird.|Power Trip|p2a: Great Tusk
|-resisted|p2a: Great Tusk
|-damage|p2a: Great Tusk|82/100
|move|p2a: Great Tusk|Knock Off|p1a: bird. just bird.
|-damage|p1a: bird. just bird.|76/100
|-enditem|p1a: bird. just bird.|Leftovers|[from] move: Knock Off|[of] p2a: Great Tusk
|
|-heal|p2a: Great Tusk|88/100|[from] item: Leftovers
|upkeep
|turn|17
|c|☆inviscatleader|power trip has 140 base pwoer rn
|
|t:|1760379233
|move|p1a: bird. just bird.|Bulk Up|p1a: bird. just bird.
|-boost|p1a: bird. just bird.|atk|1
|-boost|p1a: bird. just bird.|def|1
|move|p2a: Great Tusk|Body Press|p1a: bird. just bird.
|-damage|p1a: bird. just bird.|58/100
|
|-heal|p2a: Great Tusk|94/100|[from] item: Leftovers
|upkeep
|turn|18
|c|☆spacewarps|I have no idea how power trip works to be honest
|
|t:|1760379253
|move|p1a: bird. just bird.|Roost|p1a: bird. just bird.
|-heal|p1a: bird. just bird.|100/100
|-singleturn|p1a: bird. just bird.|move: Roost
|move|p2a: Great Tusk|Body Press|p1a: bird. just bird.
|-supereffective|p1a: bird. just bird.
|-damage|p1a: bird. just bird.|66/100
|
|-heal|p2a: Great Tusk|100/100|[from] item: Leftovers
|upkeep
|turn|19
|c|☆inviscatleader|takes all stat boosts and adds 20 base power per boost
|
|t:|1760379272
|move|p1a: bird. just bird.|Power Trip|p2a: Great Tusk
|-resisted|p2a: Great Tusk
|-damage|p2a: Great Tusk|73/100
|move|p2a: Great Tusk|Rapid Spin|p1a: bird. just bird.
|-resisted|p1a: bird. just bird.
|-damage|p1a: bird. just bird.|63/100
|-boost|p2a: Great Tusk|spe|1
|
|-heal|p2a: Great Tusk|79/100|[from] item: Leftovers
|upkeep
|turn|20
|c|☆inviscatleader|it's quite good
|inactive|spacewarps has 120 seconds left.
|c|☆inviscatleader|just make sure you can set up
|c|☆spacewarps|Lol I thought it was psychic
|c|☆inviscatleader|no dark type
|c|☆spacewarps|I wouldn't of terrad my enamorus if I knew that
|
|t:|1760379321
|move|p1a: bird. just bird.|Roost|p1a: bird. just bird.
|-heal|p1a: bird. just bird.|100/100
|-singleturn|p1a: bird. just bird.|move: Roost
|move|p2a: Great Tusk|Body Press|p1a: bird. just bird.
|-supereffective|p1a: bird. just bird.
|-damage|p1a: bird. just bird.|63/100
|
|-heal|p2a: Great Tusk|86/100|[from] item: Leftovers
|upkeep
|turn|21
|c|☆inviscatleader|it would be worse if i had terra dark, but i forgot my terra types
|
|t:|1760379341
|move|p1a: bird. just bird.|Power Trip|p2a: Great Tusk
|-resisted|p2a: Great Tusk
|-damage|p2a: Great Tusk|59/100
|move|p2a: Great Tusk|Rapid Spin|p1a: bird. just bird.
|-resisted|p1a: bird. just bird.
|-damage|p1a: bird. just bird.|61/100
|-boost|p2a: Great Tusk|spe|1
|
|-heal|p2a: Great Tusk|65/100|[from] item: Leftovers
|upkeep
|turn|22
|
|t:|1760379353
|move|p1a: bird. just bird.|Agility|p1a: bird. just bird.
|-boost|p1a: bird. just bird.|spe|2
|move|p2a: Great Tusk|Body Press|p1a: bird. just bird.
|-damage|p1a: bird. just bird.|42/100
|
|-heal|p2a: Great Tusk|71/100|[from] item: Leftovers
|upkeep
|turn|23
|
|t:|1760379360
|move|p1a: bird. just bird.|Roost|p1a: bird. just bird.
|-heal|p1a: bird. just bird.|92/100
|-singleturn|p1a: bird. just bird.|move: Roost
|move|p2a: Great Tusk|Body Press|p1a: bird. just bird.
|-supereffective|p1a: bird. just bird.
|-damage|p1a: bird. just bird.|54/100
|
|-heal|p2a: Great Tusk|77/100|[from] item: Leftovers
|upkeep
|turn|24
|
|t:|1760379370
|move|p1a: bird. just bird.|Power Trip|p2a: Great Tusk
|-resisted|p2a: Great Tusk
|-damage|p2a: Great Tusk|46/100
|move|p2a: Great Tusk|Body Press|p1a: bird. just bird.
|-damage|p1a: bird. just bird.|37/100
|
|-heal|p2a: Great Tusk|52/100|[from] item: Leftovers
|upkeep
|turn|25
|
|t:|1760379379
|move|p1a: bird. just bird.|Roost|p1a: bird. just bird.
|-heal|p1a: bird. just bird.|87/100
|-singleturn|p1a: bird. just bird.|move: Roost
|move|p2a: Great Tusk|Body Press|p1a: bird. just bird.
|-supereffective|p1a: bird. just bird.
|-damage|p1a: bird. just bird.|50/100
|
|-heal|p2a: Great Tusk|59/100|[from] item: Leftovers
|upkeep
|turn|26
|c|☆inviscatleader|i will win this
|
|t:|1760379391
|move|p1a: bird. just bird.|Power Trip|p2a: Great Tusk
|-resisted|p2a: Great Tusk
|-damage|p2a: Great Tusk|24/100
|move|p2a: Great Tusk|Body Press|p1a: bird. just bird.
|-damage|p1a: bird. just bird.|33/100
|
|-heal|p2a: Great Tusk|30/100|[from] item: Leftovers
|upkeep
|turn|27
|
|t:|1760379399
|move|p1a: bird. just bird.|Roost|p1a: bird. just bird.
|-heal|p1a: bird. just bird.|83/100
|-singleturn|p1a: bird. just bird.|move: Roost
|move|p2a: Great Tusk|Body Press|p1a: bird. just bird.
|-supereffective|p1a: bird. just bird.
|-damage|p1a: bird. just bird.|45/100
|
|-heal|p2a: Great Tusk|36/100|[from] item: Leftovers
|upkeep
|turn|28
|
|t:|1760379408
|-terastallize|p1a: bird. just bird.|Flying
|move|p1a: bird. just bird.|Roost|p1a: bird. just bird.
|-heal|p1a: bird. just bird.|95/100
|-hint|If a Terastallized Pokemon uses Roost, it remains Flying-type.
|move|p2a: Great Tusk|Body Press|p1a: bird. just bird.
|-resisted|p1a: bird. just bird.
|-damage|p1a: bird. just bird.|86/100
|
|-heal|p2a: Great Tusk|43/100|[from] item: Leftovers
|upkeep
|turn|29
|c|☆inviscatleader|aha!
|
|t:|1760379419
|move|p1a: bird. just bird.|Agility|p1a: bird. just bird.
|-boost|p1a: bird. just bird.|spe|2
|move|p2a: Great Tusk|Knock Off|p1a: bird. just bird.
|-damage|p1a: bird. just bird.|79/100
|
|-heal|p2a: Great Tusk|49/100|[from] item: Leftovers
|upkeep
|turn|30
|
|t:|1760379429
|move|p1a: bird. just bird.|Bulk Up|p1a: bird. just bird.
|-boost|p1a: bird. just bird.|atk|1
|-boost|p1a: bird. just bird.|def|1
|move|p2a: Great Tusk|Knock Off|p1a: bird. just bird.
|-damage|p1a: bird. just bird.|72/100
|
|-heal|p2a: Great Tusk|55/100|[from] item: Leftovers
|upkeep
|turn|31
|
|t:|1760379436
|move|p1a: bird. just bird.|Power Trip|p2a: Great Tusk
|-resisted|p2a: Great Tusk
|-damage|p2a: Great Tusk|0 fnt
|faint|p2a: Great Tusk
|-end|p2a: Great Tusk|Protosynthesis|[silent]
|
|upkeep
|c|☆inviscatleader|good bye
|
|t:|1760379441
|switch|p2a: Kingambit|Kingambit, M|100/100
|-activate|p2a: Kingambit|ability: Supreme Overlord
|-start|p2a: Kingambit|fallen4|[silent]
|turn|32
|
|t:|1760379446
|move|p1a: bird. just bird.|Power Trip|p2a: Kingambit
|-resisted|p2a: Kingambit
|-damage|p2a: Kingambit|17/100
|move|p2a: Kingambit|Swords Dance|p2a: Kingambit
|-boost|p2a: Kingambit|atk|2
|
|-heal|p2a: Kingambit|23/100|[from] item: Leftovers
|upkeep
|turn|33
|
|t:|1760379454
|move|p2a: Kingambit|Sucker Punch||[still]
|-fail|p2a: Kingambit
|move|p1a: bird. just bird.|Roost|p1a: bird. just bird.
|-heal|p1a: bird. just bird.|100/100
|-hint|If a Terastallized Pokemon uses Roost, it remains Flying-type.
|
|-heal|p2a: Kingambit|29/100|[from] item: Leftovers
|upkeep
|turn|34
|
|t:|1760379462
|move|p2a: Kingambit|Sucker Punch||[still]
|-fail|p2a: Kingambit
|move|p1a: bird. just bird.|Bulk Up|p1a: bird. just bird.
|-boost|p1a: bird. just bird.|atk|1
|-boost|p1a: bird. just bird.|def|1
|
|-heal|p2a: Kingambit|36/100|[from] item: Leftovers
|upkeep
|turn|35
|
|t:|1760379470
|move|p1a: bird. just bird.|Bulk Up|p1a: bird. just bird.
|-boost|p1a: bird. just bird.|atk|1
|-boost|p1a: bird. just bird.|def|1
|move|p2a: Kingambit|Swords Dance|p2a: Kingambit
|-boost|p2a: Kingambit|atk|2
|
|-heal|p2a: Kingambit|42/100|[from] item: Leftovers
|upkeep
|turn|36
|
|t:|1760379478
|move|p2a: Kingambit|Sucker Punch|p1a: bird. just bird.
|-damage|p1a: bird. just bird.|56/100
|move|p1a: bird. just bird.|Power Trip|p2a: Kingambit
|-resisted|p2a: Kingambit
|-damage|p2a: Kingambit|0 fnt
|faint|p2a: Kingambit
|-end|p2a: Kingambit|fallen4|[silent]
|
|upkeep
|c|☆spacewarps|Gg
|-message|spacewarps forfeited.
|
|win|inviscatleader
|raw|inviscatleader's rating: 1100 &rarr; <strong>1125</strong><br />(+25 for winning)
|raw|spacewarps's rating: 1105 &rarr; <strong>1080</strong><br />(-25 for losing)
|l|☆spacewarps
|player|p2|
|c|☆inviscatleader|gg man
|c|☆inviscatleader|corv i sop
