|j|☆adjeggadiadw
|j|☆hanfeng12138
|t:|1760381686
|gametype|singles
|player|p1|adjeggadiadw|2|1000
|player|p2|hanfeng12138|102|1028
|gen|9
|tier|[Gen 9] OU
|rated|
|rule|HP Percentage Mod: HP is shown in percentages
|rule|Endless Battle Clause: Forcing endless battles is banned
|rule|Species Clause: Limit one of each Pokémon
|rule|OHKO Clause: OHKO moves are banned
|rule|Evasion Items Clause: Evasion items are banned
|rule|Evasion Moves Clause: Evasion moves are banned
|rule|Evasion Abilities Clause: Evasion abilities are banned
|rule|Sleep Moves Clause: Sleep-inducing moves are banned
|clearpoke
|poke|p1|Excadrill, M|
|poke|p1|Latios, M|
|poke|p1|Manaphy|
|poke|p1|Hitmonlee, M|
|poke|p1|Minior|
|poke|p1|Pelipper, M|
|poke|p2|Scizor, F|
|poke|p2|Excadrill, F|
|poke|p2|Tyranitar, F|
|poke|p2|Reuniclus, F|
|poke|p2|Skarmory, M|
|poke|p2|Dragapult, F|
|teampreview
|
|t:|1760381690
|teamsize|p1|6
|teamsize|p2|6
|start
|switch|p1a: Latios|Latios, M|100/100
|switch|p2a: Skarmory|Skarmory, M|100/100
|turn|1
|
|t:|1760381696
|move|p1a: Latios|Simple Beam|p2a: Skarmory
|-ability|p2a: Skarmory|Simple|Sturdy|[from] move: Simple Beam
|move|p2a: Skarmory|Spikes|p1a: Latios
|-sidestart|p1: adjeggadiadw|Spikes
|
|upkeep
|turn|2
|
|t:|1760381703
|move|p1a: Latios|Memento|p2a: Skarmory
|-unboost|p2a: Skarmory|atk|4
|-unboost|p2a: Skarmory|spa|4
|faint|p1a: Latios
|move|p2a: Skarmory|Spikes|p1: Latios
|-sidestart|p1: adjeggadiadw|Spikes
|
|upkeep
|
|t:|1760381709
|switch|p1a: Manaphy|Manaphy|100/100
|-damage|p1a: Manaphy|84/100|[from] Spikes
|turn|3
|
|t:|1760381714
|move|p1a: Manaphy|Skill Swap|p2a: Skarmory
|-activate|p1a: Manaphy|move: Skill Swap|Simple|Hydration|[of] p2a: Skarmory
|move|p2a: Skarmory|Roar|p1a: Manaphy
|drag|p1a: Pelipper|Pelipper, M|100/100
|-weather|RainDance|[from] ability: Drizzle|[of] p1a: Pelipper
|
|-weather|RainDance|[upkeep]
|upkeep
|turn|4
|
|t:|1760381728
|switch|p1a: Manaphy|Manaphy|84/100
|-damage|p1a: Manaphy|67/100|[from] Spikes
|move|p2a: Skarmory|Spikes|p1a: Manaphy
|-sidestart|p1: adjeggadiadw|Spikes
|
|-weather|RainDance|[upkeep]
|-heal|p1a: Manaphy|73/100|[from] item: Leftovers
|upkeep
|turn|5
|
|t:|1760381744
|move|p1a: Manaphy|Tail Glow|p1a: Manaphy
|-boost|p1a: Manaphy|spa|3
|move|p2a: Skarmory|Roar|p1a: Manaphy
|drag|p1a: Minior|Minior|100/100
|-formechange|p1a: Minior|Minior-Meteor||[from] ability: Shields Down
|
|-weather|RainDance|[upkeep]
|upkeep
|turn|6
|
|t:|1760381760
|switch|p2a: Tyranitar|Tyranitar, F|100/100
|-weather|Sandstorm|[from] ability: Sand Stream|[of] p2a: Tyranitar
|move|p1a: Minior|Shell Smash|p1a: Minior
|-unboost|p1a: Minior|def|1
|-unboost|p1a: Minior|spd|1
|-boost|p1a: Minior|atk|2
|-boost|p1a: Minior|spa|2
|-boost|p1a: Minior|spe|2
|-enditem|p1a: Minior|White Herb
|-clearnegativeboost|p1a: Minior|[silent]
|
|-weather|Sandstorm|[upkeep]
|upkeep
|turn|7
|
|t:|1760381776
|move|p1a: Minior|Earthquake|p2a: Tyranitar
|-supereffective|p2a: Tyranitar
|-damage|p2a: Tyranitar|33/100
|move|p2a: Tyranitar|Knock Off|p1a: Minior
|-damage|p1a: Minior|64/100
|
|-weather|Sandstorm|[upkeep]
|upkeep
|turn|8
|
|t:|1760381785
|switch|p2a: Skarmory|Skarmory, M|100/100
|move|p1a: Minior|Earthquake|p2a: Skarmory
|-immune|p2a: Skarmory
|
|-weather|Sandstorm|[upkeep]
|upkeep
|turn|9
|
|t:|1760381795
|move|p1a: Minior|Stone Edge|p2a: Skarmory
|-damage|p2a: Skarmory|58/100
|move|p2a: Skarmory|Roar|p1a: Minior
|drag|p1a: Manaphy|Manaphy|73/100
|-damage|p1a: Manaphy|48/100|[from] Spikes
|
|-weather|Sandstorm|[upkeep]
|-damage|p1a: Manaphy|42/100|[from] Sandstorm
|-heal|p1a: Manaphy|48/100|[from] item: Leftovers
|-heal|p2a: Skarmory|64/100|[from] item: Leftovers
|upkeep
|turn|10
|
|t:|1760381811
|move|p1a: Manaphy|Dazzling Gleam|p2a: Skarmory
|-resisted|p2a: Skarmory
|-damage|p2a: Skarmory|45/100
|move|p2a: Skarmory|Roost|p2a: Skarmory
|-heal|p2a: Skarmory|95/100
|-singleturn|p2a: Skarmory|move: Roost
|
|-weather|none
|-heal|p1a: Manaphy|55/100|[from] item: Leftovers
|-heal|p2a: Skarmory|100/100|[from] item: Leftovers
|upkeep
|turn|11
|
|t:|1760381826
|move|p1a: Manaphy|Stored Power|p2a: Skarmory
|-resisted|p2a: Skarmory
|-crit|p2a: Skarmory
|-damage|p2a: Skarmory|94/100
|move|p2a: Skarmory|Roar|p1a: Manaphy
|drag|p1a: Minior|Minior|64/100
|-formechange|p1a: Minior|Minior-Meteor||[from] ability: Shields Down
|
|-heal|p2a: Skarmory|99/100|[from] item: Leftovers
|upkeep
|turn|12
|inactive|Battle timer is ON: inactive players will automatically lose when time's up. (requested by hanfeng12138)
|
|t:|1760381840
|move|p1a: Minior|Stone Edge|p2a: Skarmory
|-damage|p2a: Skarmory|80/100
|move|p2a: Skarmory|Roar|p1a: Minior
|drag|p1a: Excadrill|Excadrill, M|100/100
|-damage|p1a: Excadrill|76/100|[from] Spikes
|-ability|p1a: Excadrill|Mold Breaker
|
|-heal|p2a: Skarmory|86/100|[from] item: Leftovers
|upkeep
|turn|13
|
|t:|1760381851
|switch|p2a: Tyranitar|Tyranitar, F|33/100
|-weather|Sandstorm|[from] ability: Sand Stream|[of] p2a: Tyranitar
|move|p1a: Excadrill|Swords Dance|p1a: Excadrill
|-boost|p1a: Excadrill|atk|2
|
|-weather|Sandstorm|[upkeep]
|upkeep
|turn|14
|
|t:|1760381868
|switch|p2a: Excadrill|Excadrill, F|100/100
|move|p1a: Excadrill|Rock Slide|p2a: Excadrill
|-resisted|p2a: Excadrill
|-damage|p2a: Excadrill|81/100
|
|-weather|Sandstorm|[upkeep]
|upkeep
|turn|15
|
|t:|1760381877
|move|p2a: Excadrill|Earthquake|p1a: Excadrill
|-supereffective|p1a: Excadrill
|-damage|p1a: Excadrill|0 fnt
|faint|p1a: Excadrill
|
|-weather|Sandstorm|[upkeep]
|upkeep
|
|t:|1760381887
|switch|p1a: Hitmonlee|Hitmonlee, M, shiny|100/100
|-damage|p1a: Hitmonlee|76/100|[from] Spikes
|turn|16
|
|t:|1760381894
|move|p1a: Hitmonlee|Endure|p1a: Hitmonlee
|-singleturn|p1a: Hitmonlee|move: Endure
|move|p2a: Excadrill|Earthquake|p1a: Hitmonlee
|-activate|p1a: Hitmonlee|move: Endure
|-damage|p1a: Hitmonlee|1/100
|-enditem|p1a: Hitmonlee|Liechi Berry|[eat]
|-boost|p1a: Hitmonlee|atk|1|[from] item: Liechi Berry
|
|-weather|Sandstorm|[upkeep]
|-damage|p1a: Hitmonlee|0 fnt|[from] Sandstorm
|faint|p1a: Hitmonlee
|upkeep
|-message|adjeggadiadw forfeited.
|
|win|hanfeng12138
|raw|adjeggadiadw's rating: 1000 &rarr; <strong>1000</strong><br />(+0 for losing)
|raw|hanfeng12138's rating: 1028 &rarr; <strong>1061</strong><br />(+33 for winning)
|l|☆adjeggadiadw
|player|p1|
