|j|☆melo2224
|j|☆Ayayaphone
|t:|1760441335
|gametype|singles
|player|p1|melo2224|101|1365
|player|p2|Ayayaphone|2|1419
|gen|9
|tier|[Gen 9] OU
|rated|
|rule|HP Percentage Mod: HP is shown in percentages
|rule|Endless Battle Clause: Forcing endless battles is banned
|rule|Species Clause: Limit one of each Pokémon
|rule|OHKO Clause: OHKO moves are banned
|rule|Evasion Items Clause: Evasion items are banned
|rule|Evasion Moves Clause: Evasion moves are banned
|rule|Evasion Abilities Clause: Evasion abilities are banned
|rule|Sleep Moves Clause: Sleep-inducing moves are banned
|clearpoke
|poke|p1|Araquanid, M|
|poke|p1|Kyurem|
|poke|p1|Slowking-Galar, F|
|poke|p1|Landorus-Therian, M|
|poke|p1|Samurott-Hisui, F|
|poke|p1|Iron Treads|
|poke|p2|Tinkaton, F|
|poke|p2|Gallade, M|
|poke|p2|Zapdos|
|poke|p2|Serperior, F|
|poke|p2|Tentacruel, M|
|poke|p2|Gliscor, M|
|teampreview
|inactive|Battle timer is ON: inactive players will automatically lose when time's up. (requested by Ayayaphone)
|
|t:|1760441358
|teamsize|p1|6
|teamsize|p2|6
|start
|switch|p1a: Landorus|Landorus-Therian, M|100/100
|switch|p2a: Serperior|Serperior, F|100/100
|-ability|p1a: Landorus|Intimidate|boost
|-boost|p2a: Serperior|atk|1
|turn|1
|
|t:|1760441367
|move|p2a: Serperior|Substitute|p2a: Serperior
|-start|p2a: Serperior|Substitute
|-damage|p2a: Serperior|76/100
|move|p1a: Landorus|U-turn|p2a: Serperior
|-supereffective|p2a: Serperior
|-end|p2a: Serperior|Substitute
|
|t:|1760441378
|switch|p1a: Kyurem|Kyurem|100/100|[from] U-turn
|-ability|p1a: Kyurem|Pressure
|
|-heal|p2a: Serperior|82/100|[from] item: Leftovers
|upkeep
|turn|2
|
|t:|1760441388
|switch|p2a: Tinkaton|Tinkaton, F|100/100
|-ability|p2a: Tinkaton|Mold Breaker
|move|p1a: Kyurem|Freeze-Dry|p2a: Tinkaton
|-resisted|p2a: Tinkaton
|-damage|p2a: Tinkaton|79/100
|
|-heal|p2a: Tinkaton|86/100|[from] item: Leftovers
|upkeep
|turn|3
|
|t:|1760441400
|switch|p1a: Landorus|Landorus-Therian, M|100/100
|-ability|p1a: Landorus|Intimidate|boost
|-unboost|p2a: Tinkaton|atk|1
|move|p2a: Tinkaton|Stealth Rock|p1a: Landorus
|-sidestart|p1: melo2224|move: Stealth Rock
|
|-heal|p2a: Tinkaton|92/100|[from] item: Leftovers
|upkeep
|turn|4
|
|t:|1760441411
|switch|p2a: Serperior|Serperior, F|82/100
|move|p1a: Landorus|Stealth Rock|p2a: Serperior
|-sidestart|p2: Ayayaphone|move: Stealth Rock
|
|-heal|p2a: Serperior|88/100|[from] item: Leftovers
|upkeep
|turn|5
|
|t:|1760441415
|move|p2a: Serperior|Glare|p1a: Landorus
|-status|p1a: Landorus|par
|move|p1a: Landorus|U-turn|p2a: Serperior
|-supereffective|p2a: Serperior
|-damage|p2a: Serperior|47/100
|
|t:|1760441420
|switch|p1a: Kyurem|Kyurem|100/100|[from] U-turn
|-damage|p1a: Kyurem|76/100|[from] Stealth Rock
|-ability|p1a: Kyurem|Pressure
|
|-heal|p2a: Serperior|53/100|[from] item: Leftovers
|upkeep
|turn|6
|
|t:|1760441430
|switch|p2a: Tentacruel|Tentacruel, M|100/100
|-damage|p2a: Tentacruel|88/100|[from] Stealth Rock
|move|p1a: Kyurem|Earth Power|p2a: Tentacruel
|-supereffective|p2a: Tentacruel
|-damage|p2a: Tentacruel|29/100
|
|-heal|p2a: Tentacruel|35/100|[from] item: Black Sludge
|upkeep
|turn|7
|
|t:|1760441436
|move|p2a: Tentacruel|Protect|p2a: Tentacruel
|-singleturn|p2a: Tentacruel|Protect
|move|p1a: Kyurem|Earth Power|p2a: Tentacruel
|-activate|p2a: Tentacruel|move: Protect
|
|-heal|p2a: Tentacruel|41/100|[from] item: Black Sludge
|upkeep
|turn|8
|
|t:|1760441441
|switch|p1a: Samurott|Samurott-Hisui, F|100/100
|-damage|p1a: Samurott|88/100|[from] Stealth Rock
|switch|p2a: Gliscor|Gliscor, M|100/100
|-damage|p2a: Gliscor|88/100|[from] Stealth Rock
|
|-status|p2a: Gliscor|tox|[from] item: Toxic Orb
|upkeep
|turn|9
|
|t:|1760441452
|move|p1a: Samurott|Ceaseless Edge|p2a: Gliscor
|-damage|p2a: Gliscor|44/100 tox
|-sidestart|p2: Ayayaphone|Spikes
|-damage|p1a: Samurott|78/100|[from] item: Life Orb
|move|p2a: Gliscor|U-turn|p1a: Samurott
|-supereffective|p1a: Samurott
|-damage|p1a: Samurott|39/100
|
|t:|1760441456
|switch|p2a: Zapdos|Zapdos|100/100|[from] U-turn
|
|upkeep
|turn|10
|
|t:|1760441461
|move|p1a: Samurott|Ceaseless Edge|p2a: Zapdos
|-damage|p2a: Zapdos|51/100
|-status|p1a: Samurott|par|[from] ability: Static|[of] p2a: Zapdos
|-sidestart|p2: Ayayaphone|Spikes
|-damage|p1a: Samurott|29/100 par|[from] item: Life Orb
|move|p2a: Zapdos|Volt Switch|p1a: Samurott
|-supereffective|p1a: Samurott
|-damage|p1a: Samurott|0 fnt
|faint|p1a: Samurott
|
|t:|1760441470
|switch|p2a: Gliscor|Gliscor, M|44/100 tox|[from] Volt Switch
|-damage|p2a: Gliscor|32/100 tox|[from] Stealth Rock
|
|-heal|p2a: Gliscor|44/100 tox|[from] ability: Poison Heal
|upkeep
|
|t:|1760441487
|switch|p1a: Kyurem|Kyurem|76/100
|-damage|p1a: Kyurem|51/100|[from] Stealth Rock
|-ability|p1a: Kyurem|Pressure
|turn|11
|
|t:|1760441494
|move|p1a: Kyurem|Freeze-Dry|p2a: Gliscor
|-supereffective|p2a: Gliscor
|-damage|p2a: Gliscor|0 fnt
|faint|p2a: Gliscor
|
|upkeep
|
|t:|1760441502
|switch|p2a: Tinkaton|Tinkaton, F|92/100
|-damage|p2a: Tinkaton|86/100|[from] Stealth Rock
|-damage|p2a: Tinkaton|69/100|[from] Spikes
|-ability|p2a: Tinkaton|Mold Breaker
|turn|12
|
|t:|1760441507
|switch|p1a: Slowking|Slowking-Galar, F|100/100
|move|p2a: Tinkaton|Knock Off|p1a: Slowking
|-supereffective|p1a: Slowking
|-damage|p1a: Slowking|63/100
|-enditem|p1a: Slowking|Heavy-Duty Boots|[from] move: Knock Off|[of] p2a: Tinkaton
|
|-heal|p2a: Tinkaton|75/100|[from] item: Leftovers
|upkeep
|turn|13
|
|t:|1760441515
|move|p2a: Tinkaton|Thunder Wave|p1a: Slowking
|-status|p1a: Slowking|par
|move|p1a: Slowking|Thunder Wave|p2a: Tinkaton
|-status|p2a: Tinkaton|par
|
|-heal|p2a: Tinkaton|81/100 par|[from] item: Leftovers
|upkeep
|turn|14
|
|t:|1760441523
|switch|p2a: Serperior|Serperior, F|53/100
|-damage|p2a: Serperior|41/100|[from] Stealth Rock
|-damage|p2a: Serperior|24/100|[from] Spikes
|move|p1a: Slowking|Psychic Noise|p2a: Serperior
|-damage|p2a: Serperior|0 fnt
|faint|p2a: Serperior
|
|upkeep
|
|t:|1760441528
|switch|p2a: Gallade|Gallade, M|100/100
|-damage|p2a: Gallade|94/100|[from] Stealth Rock
|-damage|p2a: Gallade|78/100|[from] Spikes
|turn|15
|
|t:|1760441534
|move|p2a: Gallade|Psycho Cut|p1a: Slowking
|-damage|p1a: Slowking|23/100 par
|move|p1a: Slowking|Thunder Wave|p2a: Gallade
|-status|p2a: Gallade|par
|
|upkeep
|turn|16
|-message|Ayayaphone forfeited.
|
|win|melo2224
|raw|melo2224's rating: 1365 &rarr; <strong>1388</strong><br />(+23 for winning)
|raw|Ayayaphone's rating: 1419 &rarr; <strong>1396</strong><br />(-23 for losing)
|l|☆Ayayaphone
|player|p2|
|l|☆melo2224
|player|p1|
