|j|☆Mondeydoo
|j|☆slaking god670
|t:|1760331523
|gametype|singles
|player|p1|Mondeydoo|hoopster|1140
|player|p2|slaking god670|ethan|1145
|gen|9
|tier|[Gen 9] OU
|rated|
|rule|HP Percentage Mod: HP is shown in percentages
|rule|Endless Battle Clause: Forcing endless battles is banned
|rule|Species Clause: Limit one of each Pokémon
|rule|OHKO Clause: OHKO moves are banned
|rule|Evasion Items Clause: Evasion items are banned
|rule|Evasion Moves Clause: Evasion moves are banned
|rule|Evasion Abilities Clause: Evasion abilities are banned
|rule|Sleep Moves Clause: Sleep-inducing moves are banned
|clearpoke
|poke|p1|Dragonite, F|
|poke|p1|Jirachi|
|poke|p1|Rhydon, M|
|poke|p1|Tornadus-Therian, M|
|poke|p1|Muk, F|
|poke|p1|Heatran, F|
|poke|p2|Slaking, F|
|poke|p2|Dragonite, M|
|poke|p2|Staraptor, F|
|poke|p2|Toxapex, F|
|poke|p2|Corviknight, F|
|poke|p2|Swampert, M|
|teampreview
|
|t:|1760331546
|teamsize|p1|6
|teamsize|p2|6
|start
|switch|p1a: Jirachi|Jirachi, shiny|100/100
|switch|p2a: Swampert|Swampert, M|100/100
|turn|1
|
|t:|1760331559
|move|p1a: Jirachi|Rain Dance|p1a: Jirachi
|-weather|RainDance
|move|p2a: Swampert|Earthquake|p1a: Jirachi
|-supereffective|p1a: Jirachi
|-damage|p1a: Jirachi|23/100
|-enditem|p1a: Jirachi|Salac Berry|[eat]
|-boost|p1a: Jirachi|spe|1|[from] item: Salac Berry
|
|-weather|RainDance|[upkeep]
|upkeep
|turn|2
|
|t:|1760331569
|move|p1a: Jirachi|Water Pulse|p2a: Swampert
|-damage|p2a: Swampert|88/100
|move|p2a: Swampert|Liquidation|p1a: Jirachi
|-damage|p1a: Jirachi|0 fnt
|faint|p1a: Jirachi
|
|-weather|RainDance|[upkeep]
|upkeep
|
|t:|1760331585
|switch|p1a: Dragonite|Dragonite, F, shiny|100/100
|turn|3
|
|t:|1760331590
|move|p1a: Dragonite|Dragon Dance|p1a: Dragonite
|-boost|p1a: Dragonite|atk|1
|-boost|p1a: Dragonite|spe|1
|move|p2a: Swampert|Ice Punch|p1a: Dragonite
|-supereffective|p1a: Dragonite
|-damage|p1a: Dragonite|57/100
|
|-weather|RainDance|[upkeep]
|upkeep
|turn|4
|
|t:|1760331600
|-terastallize|p1a: Dragonite|Water
|move|p1a: Dragonite|Dragon Dance|p1a: Dragonite
|-boost|p1a: Dragonite|atk|1
|-boost|p1a: Dragonite|spe|1
|move|p2a: Swampert|Ice Punch|p1a: Dragonite
|-resisted|p1a: Dragonite
|-damage|p1a: Dragonite|47/100
|
|-weather|RainDance|[upkeep]
|upkeep
|turn|5
|
|t:|1760331612
|move|p1a: Dragonite|Rest|p1a: Dragonite
|-status|p1a: Dragonite|slp|[from] move: Rest
|-heal|p1a: Dragonite|100/100 slp|[silent]
|-enditem|p1a: Dragonite|Chesto Berry|[eat]
|-curestatus|p1a: Dragonite|slp|[msg]
|move|p2a: Swampert|Liquidation|p1a: Dragonite
|-resisted|p1a: Dragonite
|-damage|p1a: Dragonite|87/100
|
|-weather|none
|upkeep
|turn|6
|
|t:|1760331636
|move|p1a: Dragonite|Dragon Dance|p1a: Dragonite
|-boost|p1a: Dragonite|atk|1
|-boost|p1a: Dragonite|spe|1
|move|p2a: Swampert|Liquidation|p1a: Dragonite
|-resisted|p1a: Dragonite
|-damage|p1a: Dragonite|71/100
|
|upkeep
|turn|7
|
|t:|1760331643
|move|p1a: Dragonite|Dragon Dance|p1a: Dragonite
|-boost|p1a: Dragonite|atk|1
|-boost|p1a: Dragonite|spe|1
|move|p2a: Swampert|Flip Turn|p1a: Dragonite
|-resisted|p1a: Dragonite
|-damage|p1a: Dragonite|58/100
|
|t:|1760331650
|switch|p2a: Toxapex|Toxapex, F, shiny|100/100|[from] Flip Turn
|
|upkeep
|turn|8
|
|t:|1760331660
|-terastallize|p2a: Toxapex|Dark
|move|p1a: Dragonite|Rest|p1a: Dragonite
|-status|p1a: Dragonite|slp|[from] move: Rest
|-heal|p1a: Dragonite|100/100 slp|[silent]
|move|p2a: Toxapex|Haze|p2a: Toxapex
|-clearallboost
|
|-damage|p2a: Toxapex|88/100|[from] item: Black Sludge
|upkeep
|turn|9
|
|t:|1760331674
|switch|p1a: Muk|Muk, F, shiny|100/100
|switch|p2a: Slaking|Slaking, F|100/100
|
|upkeep
|turn|10
|
|t:|1760331682
|move|p2a: Slaking|Double-Edge|p1a: Muk
|-damage|p1a: Muk|47/100
|-damage|p2a: Slaking|84/100|[from] Recoil
|move|p1a: Muk|Toxic|p2a: Slaking
|-status|p2a: Slaking|tox
|
|-heal|p1a: Muk|53/100|[from] item: Black Sludge
|-damage|p2a: Slaking|78/100 tox|[from] psn
|upkeep
|turn|11
|
|t:|1760331698
|switch|p2a: Toxapex|Toxapex, F, shiny, tera:Dark|100/100
|move|p1a: Muk|Pain Split|p2a: Toxapex
|-sethp|p2a: Toxapex|86/100|[from] move: Pain Split|[silent]
|-sethp|p1a: Muk|63/100|[from] move: Pain Split
|
|-heal|p1a: Muk|69/100|[from] item: Black Sludge
|-damage|p2a: Toxapex|74/100|[from] item: Black Sludge
|upkeep
|turn|12
|
|t:|1760331709
|switch|p2a: Corviknight|Corviknight, F, shiny|100/100
|move|p1a: Muk|Toxic|p2a: Corviknight
|-immune|p2a: Corviknight
|
|-heal|p1a: Muk|75/100|[from] item: Black Sludge
|upkeep
|turn|13
|
|t:|1760331720
|switch|p1a: Heatran|Heatran, F, shiny|100/100
|move|p2a: Corviknight|Brave Bird|p1a: Heatran
|-resisted|p1a: Heatran
|-damage|p1a: Heatran|85/100
|-damage|p2a: Corviknight|95/100|[from] Recoil
|
|-heal|p1a: Heatran|91/100|[from] item: Leftovers
|upkeep
|turn|14
|
|t:|1760331735
|switch|p2a: Swampert|Swampert, M|88/100
|move|p1a: Heatran|Magma Storm|p2a: Swampert|[miss]
|-miss|p1a: Heatran|p2a: Swampert
|
|-heal|p1a: Heatran|97/100|[from] item: Leftovers
|upkeep
|turn|15
|
|t:|1760331754
|switch|p1a: Tornadus|Tornadus-Therian, M, shiny|100/100
|move|p2a: Swampert|Earthquake|p1a: Tornadus
|-immune|p1a: Tornadus
|
|upkeep
|turn|16
|
|t:|1760331770
|switch|p1a: Muk|Muk, F, shiny|75/100
|move|p2a: Swampert|Liquidation|p1a: Muk
|-damage|p1a: Muk|51/100
|
|-heal|p1a: Muk|57/100|[from] item: Black Sludge
|upkeep
|turn|17
|
|t:|1760331779
|move|p2a: Swampert|Earthquake|p1a: Muk
|-supereffective|p1a: Muk
|-damage|p1a: Muk|1/100
|move|p1a: Muk|Toxic|p2a: Swampert
|-status|p2a: Swampert|tox
|
|-heal|p1a: Muk|7/100|[from] item: Black Sludge
|-damage|p2a: Swampert|82/100 tox|[from] psn
|upkeep
|turn|18
|
|t:|1760331789
|move|p1a: Muk|Protect|p1a: Muk
|-singleturn|p1a: Muk|Protect
|move|p2a: Swampert|Flip Turn|p1a: Muk
|-activate|p1a: Muk|move: Protect
|
|-heal|p1a: Muk|13/100|[from] item: Black Sludge
|-damage|p2a: Swampert|70/100 tox|[from] psn
|upkeep
|turn|19
|
|t:|1760331800
|move|p1a: Muk|Protect||[still]
|-fail|p1a: Muk
|move|p2a: Swampert|Earthquake|p1a: Muk
|-supereffective|p1a: Muk
|-damage|p1a: Muk|0 fnt
|faint|p1a: Muk
|
|-damage|p2a: Swampert|51/100 tox|[from] psn
|upkeep
|
|t:|1760331820
|switch|p1a: Rhydon|Rhydon, M, shiny|100/100
|turn|20
|
|t:|1760331837
|switch|p2a: Toxapex|Toxapex, F, shiny, tera:Dark|100/100
|switch|p1a: Dragonite|Dragonite, F, shiny, tera:Water|100/100 slp
|
|-damage|p2a: Toxapex|88/100|[from] item: Black Sludge
|upkeep
|turn|21
|
|t:|1760331850
|cant|p1a: Dragonite|slp
|move|p2a: Toxapex|Chilling Water|p1a: Dragonite
|-resisted|p1a: Dragonite
|-damage|p1a: Dragonite|98/100 slp
|-unboost|p1a: Dragonite|atk|1
|
|-damage|p2a: Toxapex|75/100|[from] item: Black Sludge
|upkeep
|turn|22
|
|t:|1760331861
|cant|p1a: Dragonite|slp
|move|p2a: Toxapex|Toxic|p1a: Dragonite|[miss]
|-miss|p2a: Toxapex|p1a: Dragonite
|
|-damage|p2a: Toxapex|63/100|[from] item: Black Sludge
|upkeep
|turn|23
|
|t:|1760331876
|switch|p1a: Tornadus|Tornadus-Therian, M, shiny|100/100
|move|p2a: Toxapex|Toxic|p1a: Tornadus
|-status|p1a: Tornadus|tox
|
|-damage|p2a: Toxapex|50/100|[from] item: Black Sludge
|-damage|p1a: Tornadus|94/100 tox|[from] psn
|upkeep
|turn|24
|
|t:|1760331899
|switch|p2a: Corviknight|Corviknight, F, shiny|95/100
|move|p1a: Tornadus|Heat Wave|p2a: Corviknight
|-supereffective|p2a: Corviknight
|-damage|p2a: Corviknight|9/100
|
|-damage|p1a: Tornadus|82/100 tox|[from] psn
|upkeep
|turn|25
|
|t:|1760331912
|switch|p2a: Swampert|Swampert, M|51/100 tox
|move|p1a: Tornadus|Heat Wave|p2a: Swampert
|-resisted|p2a: Swampert
|-damage|p2a: Swampert|42/100 tox
|
|-damage|p1a: Tornadus|64/100 tox|[from] psn
|-damage|p2a: Swampert|36/100 tox|[from] psn
|upkeep
|turn|26
|
|t:|1760331922
|move|p1a: Tornadus|Heat Wave|p2a: Swampert
|-resisted|p2a: Swampert
|-damage|p2a: Swampert|26/100 tox
|move|p2a: Swampert|Ice Punch|p1a: Tornadus
|-supereffective|p1a: Tornadus
|-damage|p1a: Tornadus|10/100 tox
|
|-damage|p1a: Tornadus|0 fnt|[from] psn
|faint|p1a: Tornadus
|-damage|p2a: Swampert|14/100 tox|[from] psn
|upkeep
|
|t:|1760331935
|switch|p1a: Heatran|Heatran, F, shiny|97/100
|turn|27
|
|t:|1760331941
|move|p1a: Heatran|Protect|p1a: Heatran
|-singleturn|p1a: Heatran|Protect
|move|p2a: Swampert|Ice Punch|p1a: Heatran
|-activate|p1a: Heatran|move: Protect
|
|-heal|p1a: Heatran|100/100|[from] item: Leftovers
|-damage|p2a: Swampert|0 fnt|[from] psn
|faint|p2a: Swampert
|upkeep
|
|t:|1760331955
|switch|p2a: Dragonite|Dragonite, M|100/100
|turn|28
|
|t:|1760331966
|move|p2a: Dragonite|Dragon Dance|p2a: Dragonite
|-boost|p2a: Dragonite|atk|1
|-boost|p2a: Dragonite|spe|1
|move|p1a: Heatran|Magma Storm|p2a: Dragonite
|-resisted|p2a: Dragonite
|-crit|p2a: Dragonite
|-damage|p2a: Dragonite|84/100
|-activate|p2a: Dragonite|move: Magma Storm|[of] p1a: Heatran
|
|-heal|p2a: Dragonite|90/100|[from] item: Leftovers
|-damage|p2a: Dragonite|78/100|[from] move: Magma Storm|[partiallytrapped]
|upkeep
|turn|29
|
|t:|1760331978
|move|p2a: Dragonite|Earthquake|p1a: Heatran
|-supereffective|p1a: Heatran
|-damage|p1a: Heatran|0 fnt
|faint|p1a: Heatran
|
|-heal|p2a: Dragonite|84/100|[from] item: Leftovers
|-end|p2a: Dragonite|Magma Storm|[partiallytrapped]|[silent]
|upkeep
|
|t:|1760331991
|switch|p1a: Rhydon|Rhydon, M, shiny|100/100
|turn|30
|
|t:|1760332001
|move|p2a: Dragonite|Earthquake|p1a: Rhydon
|-supereffective|p1a: Rhydon
|-damage|p1a: Rhydon|53/100
|move|p1a: Rhydon|Curse|p1a: Rhydon
|-unboost|p1a: Rhydon|spe|1
|-boost|p1a: Rhydon|atk|1
|-boost|p1a: Rhydon|def|1
|
|-heal|p2a: Dragonite|90/100|[from] item: Leftovers
|upkeep
|turn|31
|
|t:|1760332012
|move|p1a: Rhydon|Rest|p1a: Rhydon
|-status|p1a: Rhydon|slp|[from] move: Rest
|-heal|p1a: Rhydon|100/100 slp|[silent]
|move|p2a: Dragonite|Dragon Tail|p1a: Rhydon|[miss]
|-miss|p2a: Dragonite|p1a: Rhydon
|
|-heal|p2a: Dragonite|96/100|[from] item: Leftovers
|upkeep
|turn|32
|
|t:|1760332030
|move|p2a: Dragonite|Dragon Dance|p2a: Dragonite
|-boost|p2a: Dragonite|atk|1
|-boost|p2a: Dragonite|spe|1
|cant|p1a: Rhydon|slp
|move|p1a: Rhydon|Sleep Talk|p1a: Rhydon
|move|p1a: Rhydon|Stone Edge|p2a: Dragonite|[from] move: Sleep Talk
|-supereffective|p2a: Dragonite
|-damage|p2a: Dragonite|0 fnt
|faint|p2a: Dragonite
|
|upkeep
|
|t:|1760332047
|switch|p2a: Slaking|Slaking, F|78/100 tox
|turn|33
|
|t:|1760332050
|move|p2a: Slaking|Drain Punch|p1a: Rhydon
|-supereffective|p1a: Rhydon
|-damage|p1a: Rhydon|83/100 slp
|-heal|p2a: Slaking|86/100 tox|[from] drain|[of] p1a: Rhydon
|cant|p1a: Rhydon|slp
|move|p1a: Rhydon|Sleep Talk|p1a: Rhydon
|move|p1a: Rhydon|Curse|p1a: Rhydon|[from] move: Sleep Talk
|-unboost|p1a: Rhydon|spe|1
|-boost|p1a: Rhydon|atk|1
|-boost|p1a: Rhydon|def|1
|
|-damage|p2a: Slaking|80/100 tox|[from] psn
|upkeep
|turn|34
|
|t:|1760332066
|switch|p2a: Corviknight|Corviknight, F, shiny|9/100
|-curestatus|p1a: Rhydon|slp|[msg]
|move|p1a: Rhydon|Curse|p1a: Rhydon
|-unboost|p1a: Rhydon|spe|1
|-boost|p1a: Rhydon|atk|1
|-boost|p1a: Rhydon|def|1
|
|upkeep
|turn|35
|
|t:|1760332077
|move|p2a: Corviknight|Roost|p2a: Corviknight
|-heal|p2a: Corviknight|59/100
|-singleturn|p2a: Corviknight|move: Roost
|move|p1a: Rhydon|Stone Edge|p2a: Corviknight
|-resisted|p2a: Corviknight
|-damage|p2a: Corviknight|30/100
|
|upkeep
|turn|36
|
|t:|1760332086
|move|p2a: Corviknight|Roost|p2a: Corviknight
|-heal|p2a: Corviknight|80/100
|-singleturn|p2a: Corviknight|move: Roost
|move|p1a: Rhydon|Curse|p1a: Rhydon
|-unboost|p1a: Rhydon|spe|1
|-boost|p1a: Rhydon|atk|1
|-boost|p1a: Rhydon|def|1
|
|upkeep
|turn|37
|
|t:|1760332098
|move|p2a: Corviknight|U-turn|p1a: Rhydon
|-damage|p1a: Rhydon|80/100
|
|t:|1760332102
|switch|p2a: Toxapex|Toxapex, F, shiny, tera:Dark|84/100|[from] U-turn
|move|p1a: Rhydon|Curse|p1a: Rhydon
|-unboost|p1a: Rhydon|spe|1
|-boost|p1a: Rhydon|atk|1
|-boost|p1a: Rhydon|def|1
|
|-damage|p2a: Toxapex|71/100|[from] item: Black Sludge
|upkeep
|turn|38
|
|t:|1760332112
|move|p2a: Toxapex|Haze|p2a: Toxapex
|-clearallboost
|move|p1a: Rhydon|Stone Edge|p2a: Toxapex
|-damage|p2a: Toxapex|37/100
|
|-damage|p2a: Toxapex|24/100|[from] item: Black Sludge
|upkeep
|turn|39
|
|t:|1760332121
|move|p1a: Rhydon|Stone Edge|p2a: Toxapex
|-damage|p2a: Toxapex|0 fnt
|faint|p2a: Toxapex
|
|upkeep
|
|t:|1760332133
|switch|p2a: Staraptor|Staraptor, F, shiny|100/100
|-ability|p2a: Staraptor|Intimidate|boost
|-unboost|p1a: Rhydon|atk|1
|turn|40
|
|t:|1760332139
|move|p2a: Staraptor|Close Combat|p1a: Rhydon
|-supereffective|p1a: Rhydon
|-damage|p1a: Rhydon|42/100
|-unboost|p2a: Staraptor|def|1
|-unboost|p2a: Staraptor|spd|1
|move|p1a: Rhydon|Curse|p1a: Rhydon
|-unboost|p1a: Rhydon|spe|1
|-boost|p1a: Rhydon|atk|1
|-boost|p1a: Rhydon|def|1
|
|upkeep
|turn|41
|
|t:|1760332151
|move|p2a: Staraptor|Close Combat|p1a: Rhydon
|-supereffective|p1a: Rhydon
|-damage|p1a: Rhydon|15/100
|-unboost|p2a: Staraptor|def|1
|-unboost|p2a: Staraptor|spd|1
|move|p1a: Rhydon|Rest|p1a: Rhydon
|-status|p1a: Rhydon|slp|[from] move: Rest
|-heal|p1a: Rhydon|100/100 slp|[silent]
|
|upkeep
|turn|42
|
|t:|1760332168
|move|p2a: Staraptor|Close Combat|p1a: Rhydon
|-supereffective|p1a: Rhydon
|-damage|p1a: Rhydon|75/100 slp
|-unboost|p2a: Staraptor|def|1
|-unboost|p2a: Staraptor|spd|1
|cant|p1a: Rhydon|slp
|move|p1a: Rhydon|Sleep Talk|p1a: Rhydon
|move|p1a: Rhydon|Curse|p1a: Rhydon|[from] move: Sleep Talk
|-unboost|p1a: Rhydon|spe|1
|-boost|p1a: Rhydon|atk|1
|-boost|p1a: Rhydon|def|1
|
|upkeep
|turn|43
|
|t:|1760332181
|move|p2a: Staraptor|Close Combat|p1a: Rhydon
|-supereffective|p1a: Rhydon
|-damage|p1a: Rhydon|56/100 slp
|-unboost|p2a: Staraptor|def|1
|-unboost|p2a: Staraptor|spd|1
|cant|p1a: Rhydon|slp
|move|p1a: Rhydon|Sleep Talk|p1a: Rhydon
|move|p1a: Rhydon|Stone Edge|p2a: Staraptor|[from] move: Sleep Talk
|-supereffective|p2a: Staraptor
|-damage|p2a: Staraptor|0 fnt
|faint|p2a: Staraptor
|
|upkeep
|
|t:|1760332198
|switch|p2a: Slaking|Slaking, F|80/100 tox
|turn|44
|
|t:|1760332204
|move|p2a: Slaking|Encore||[still]
|-fail|p2a: Slaking
|-curestatus|p1a: Rhydon|slp|[msg]
|move|p1a: Rhydon|Rest|p1a: Rhydon
|-status|p1a: Rhydon|slp|[from] move: Rest
|-heal|p1a: Rhydon|100/100 slp|[silent]
|
|-damage|p2a: Slaking|74/100 tox|[from] psn
|upkeep
|turn|45
|
|t:|1760332217
|switch|p2a: Corviknight|Corviknight, F, shiny|80/100
|cant|p1a: Rhydon|slp
|move|p1a: Rhydon|Sleep Talk|p1a: Rhydon
|move|p1a: Rhydon|Curse|p1a: Rhydon|[from] move: Sleep Talk
|-unboost|p1a: Rhydon|spe|1
|-boost|p1a: Rhydon|atk|1
|-boost|p1a: Rhydon|def|1
|
|upkeep
|turn|46
|inactive|Battle timer is ON: inactive players will automatically lose when time's up. (requested by Mondeydoo)
|
|t:|1760332238
|move|p2a: Corviknight|U-turn|p1a: Rhydon
|-damage|p1a: Rhydon|98/100 slp
|
|t:|1760332242
|switch|p2a: Slaking|Slaking, F|74/100 tox|[from] U-turn
|cant|p1a: Rhydon|slp
|move|p1a: Rhydon|Sleep Talk|p1a: Rhydon
|move|p1a: Rhydon|Stone Edge|p2a: Slaking|[from] move: Sleep Talk|[miss]
|-miss|p1a: Rhydon|p2a: Slaking
|
|-damage|p2a: Slaking|68/100 tox|[from] psn
|upkeep
|turn|47
|
|t:|1760332258
|move|p2a: Slaking|Drain Punch|p1a: Rhydon
|-supereffective|p1a: Rhydon
|-damage|p1a: Rhydon|86/100 slp
|-heal|p2a: Slaking|73/100 tox|[from] drain|[of] p1a: Rhydon
|-curestatus|p1a: Rhydon|slp|[msg]
|move|p1a: Rhydon|Stone Edge|p2a: Slaking
|-damage|p2a: Slaking|11/100 tox
|
|-damage|p2a: Slaking|0 fnt|[from] psn
|faint|p2a: Slaking
|upkeep
|
|t:|1760332262
|switch|p2a: Corviknight|Corviknight, F, shiny|80/100
|turn|48
|
|t:|1760332273
|move|p2a: Corviknight|Brave Bird|p1a: Rhydon
|-resisted|p1a: Rhydon
|-damage|p1a: Rhydon|83/100
|-damage|p2a: Corviknight|78/100|[from] Recoil
|move|p1a: Rhydon|Stone Edge|p2a: Corviknight|[miss]
|-miss|p1a: Rhydon|p2a: Corviknight
|
|upkeep
|turn|49
|
|t:|1760332281
|move|p2a: Corviknight|Brave Bird|p1a: Rhydon
|-resisted|p1a: Rhydon
|-damage|p1a: Rhydon|79/100
|-damage|p2a: Corviknight|77/100|[from] Recoil
|move|p1a: Rhydon|Stone Edge|p2a: Corviknight
|-damage|p2a: Corviknight|24/100
|
|upkeep
|turn|50
|
|t:|1760332290
|move|p2a: Corviknight|Brave Bird|p1a: Rhydon
|-resisted|p1a: Rhydon
|-damage|p1a: Rhydon|75/100
|-damage|p2a: Corviknight|22/100|[from] Recoil
|move|p1a: Rhydon|Stone Edge|p2a: Corviknight
|-damage|p2a: Corviknight|0 fnt
|faint|p2a: Corviknight
|
|win|Mondeydoo
|raw|Mondeydoo's rating: 1140 &rarr; <strong>1165</strong><br />(+25 for winning)
|raw|slaking god670's rating: 1145 &rarr; <strong>1120</strong><br />(-25 for losing)
|l|☆slaking god670
|player|p2|
|l|☆Mondeydoo
|player|p1|
