|j|☆ShinyAssassinx
|j|☆xxxjkl
|t:|1760368766
|gametype|singles
|player|p1|ShinyAssassinx|blaine|1503
|player|p2|xxxjkl|benga|1436
|gen|9
|tier|[Gen 9] OU
|rated|
|rule|HP Percentage Mod: HP is shown in percentages
|rule|Endless Battle Clause: Forcing endless battles is banned
|rule|Species Clause: Limit one of each Pokémon
|rule|OHKO Clause: OHKO moves are banned
|rule|Evasion Items Clause: Evasion items are banned
|rule|Evasion Moves Clause: Evasion moves are banned
|rule|Evasion Abilities Clause: Evasion abilities are banned
|rule|Sleep Moves Clause: Sleep-inducing moves are banned
|clearpoke
|poke|p1|Scizor, F|
|poke|p1|Dragonite, M|
|poke|p1|Araquanid, F|
|poke|p1|Scyther, M|
|poke|p1|Ceruledge, M|
|poke|p1|Garchomp, M|
|poke|p2|Torkoal, F|
|poke|p2|Hatterene, F|
|poke|p2|Raging Bolt|
|poke|p2|Walking Wake|
|poke|p2|Sawsbuck, F|
|poke|p2|Ceruledge, M|
|teampreview
|inactive|Battle timer is ON: inactive players will automatically lose when time's up. (requested by ShinyAssassinx)
|
|t:|1760368771
|teamsize|p1|6
|teamsize|p2|6
|start
|switch|p1a: Scyther|Scyther, M|100/100
|switch|p2a: Torkoal|Torkoal, F|100/100
|-weather|SunnyDay|[from] ability: Drought|[of] p2a: Torkoal
|turn|1
|
|t:|1760368776
|move|p1a: Scyther|Swords Dance|p1a: Scyther
|-boost|p1a: Scyther|atk|2
|move|p2a: Torkoal|Stealth Rock|p1a: Scyther
|-sidestart|p1: ShinyAssassinx|move: Stealth Rock
|
|-weather|SunnyDay|[upkeep]
|upkeep
|turn|2
|
|t:|1760368783
|move|p1a: Scyther|Dual Wingbeat|p2a: Torkoal
|-damage|p2a: Torkoal|58/100
|-damage|p2a: Torkoal|15/100
|-hitcount|p2a: Torkoal|2
|move|p2a: Torkoal|Overheat|p1a: Scyther
|-supereffective|p1a: Scyther
|-enditem|p1a: Scyther|Focus Sash
|-damage|p1a: Scyther|1/100
|-unboost|p2a: Torkoal|spa|2
|
|-weather|SunnyDay|[upkeep]
|upkeep
|turn|3
|
|t:|1760368796
|switch|p2a: Hatterene|Hatterene, F|100/100
|move|p1a: Scyther|Trailblaze|p2a: Hatterene
|-damage|p2a: Hatterene|61/100
|-boost|p1a: Scyther|spe|1
|-enditem|p2a: Hatterene|Eject Button
|
|t:|1760368803
|switch|p2a: Ceruledge|Ceruledge, M|100/100
|
|-weather|SunnyDay|[upkeep]
|upkeep
|turn|4
|
|t:|1760368807
|move|p2a: Ceruledge|Shadow Sneak|p1a: Scyther
|-damage|p1a: Scyther|0 fnt
|faint|p1a: Scyther
|
|-weather|SunnyDay|[upkeep]
|upkeep
|
|t:|1760368814
|switch|p1a: Garchomp|Garchomp, M|100/100
|-damage|p1a: Garchomp|94/100|[from] Stealth Rock
|turn|5
|
|t:|1760368824
|switch|p2a: Sawsbuck|Sawsbuck, F|100/100
|move|p1a: Garchomp|Swords Dance|p1a: Garchomp
|-boost|p1a: Garchomp|atk|2
|
|-weather|SunnyDay|[upkeep]
|upkeep
|turn|6
|
|t:|1760368830
|move|p2a: Sawsbuck|Horn Leech|p1a: Garchomp
|-crit|p1a: Garchomp
|-damage|p1a: Garchomp|24/100
|-damage|p2a: Sawsbuck|88/100|[from] ability: Rough Skin|[of] p1a: Garchomp
|-damage|p2a: Sawsbuck|78/100|[from] item: Life Orb
|move|p1a: Garchomp|Scale Shot|p2a: Sawsbuck
|-crit|p2a: Sawsbuck
|-damage|p2a: Sawsbuck|21/100
|-damage|p2a: Sawsbuck|0 fnt
|faint|p2a: Sawsbuck
|-hitcount|p2: Sawsbuck|2
|-unboost|p1a: Garchomp|def|1
|-boost|p1a: Garchomp|spe|1
|
|-weather|SunnyDay|[upkeep]
|upkeep
|
|t:|1760368841
|switch|p2a: Ceruledge|Ceruledge, M|100/100
|turn|7
|
|t:|1760368846
|move|p2a: Ceruledge|Shadow Sneak|p1a: Garchomp
|-damage|p1a: Garchomp|0 fnt
|-damage|p2a: Ceruledge|88/100|[from] ability: Rough Skin|[of] p1a: Garchomp
|faint|p1a: Garchomp
|
|-weather|SunnyDay|[upkeep]
|upkeep
|
|t:|1760368853
|switch|p1a: Dragonite|Dragonite, M|100/100
|turn|8
|
|t:|1760368859
|move|p1a: Dragonite|Dragon Dance|p1a: Dragonite
|-boost|p1a: Dragonite|atk|1
|-boost|p1a: Dragonite|spe|1
|move|p2a: Ceruledge|Poltergeist|p1a: Dragonite
|-activate|p1a: Dragonite|move: Poltergeist|Heavy-Duty Boots
|-damage|p1a: Dragonite|68/100
|
|-weather|none
|upkeep
|turn|9
|
|t:|1760368867
|-terastallize|p1a: Dragonite|Normal
|move|p2a: Ceruledge|Shadow Sneak|p1a: Dragonite
|-immune|p1a: Dragonite
|move|p1a: Dragonite|Dragon Dance|p1a: Dragonite
|-boost|p1a: Dragonite|atk|1
|-boost|p1a: Dragonite|spe|1
|
|upkeep
|turn|10
|
|t:|1760368875
|move|p1a: Dragonite|Earthquake|p2a: Ceruledge
|-supereffective|p2a: Ceruledge
|-crit|p2a: Ceruledge
|-damage|p2a: Ceruledge|0 fnt
|faint|p2a: Ceruledge
|
|upkeep
|
|t:|1760368881
|switch|p2a: Torkoal|Torkoal, F|15/100
|-weather|SunnyDay|[from] ability: Drought|[of] p2a: Torkoal
|turn|11
|
|t:|1760368884
|move|p1a: Dragonite|Extreme Speed|p2a: Torkoal
|-crit|p2a: Torkoal
|-damage|p2a: Torkoal|0 fnt
|faint|p2a: Torkoal
|
|-weather|SunnyDay|[upkeep]
|upkeep
|
|t:|1760368888
|switch|p2a: Raging Bolt|Raging Bolt|100/100
|-activate|p2a: Raging Bolt|ability: Protosynthesis
|-start|p2a: Raging Bolt|protosynthesisspa
|turn|12
|inactive|ShinyAssassinx has 120 seconds left.
|
|t:|1760368941
|-terastallize|p2a: Raging Bolt|Ghost
|move|p1a: Dragonite|Extreme Speed|p2a: Raging Bolt
|-immune|p2a: Raging Bolt
|move|p2a: Raging Bolt|Weather Ball|p1a: Dragonite
|-crit|p1a: Dragonite
|-damage|p1a: Dragonite|0 fnt
|faint|p1a: Dragonite
|-damage|p2a: Raging Bolt|91/100|[from] item: Life Orb
|
|-weather|SunnyDay|[upkeep]
|upkeep
|
|t:|1760368950
|switch|p1a: Scizor|Scizor, F|100/100
|-damage|p1a: Scizor|88/100|[from] Stealth Rock
|turn|13
|
|t:|1760368954
|switch|p1a: Araquanid|Araquanid, F|100/100
|-damage|p1a: Araquanid|75/100|[from] Stealth Rock
|move|p2a: Raging Bolt|Weather Ball|p1a: Araquanid
|-damage|p1a: Araquanid|33/100
|-damage|p2a: Raging Bolt|81/100|[from] item: Life Orb
|
|-weather|SunnyDay|[upkeep]
|upkeep
|turn|14
|
|t:|1760368961
|move|p2a: Raging Bolt|Dragon Pulse|p1a: Araquanid
|-damage|p1a: Araquanid|0 fnt
|faint|p1a: Araquanid
|-damage|p2a: Raging Bolt|71/100|[from] item: Life Orb
|
|-weather|SunnyDay|[upkeep]
|upkeep
|
|t:|1760368964
|switch|p1a: Ceruledge|Ceruledge, M, shiny|100/100
|-damage|p1a: Ceruledge|75/100|[from] Stealth Rock
|turn|15
|
|t:|1760368968
|move|p1a: Ceruledge|Shadow Sneak|p2a: Raging Bolt
|-supereffective|p2a: Raging Bolt
|-damage|p2a: Raging Bolt|28/100
|move|p2a: Raging Bolt|Thunderclap||[still]
|-fail|p2a: Raging Bolt
|
|-weather|SunnyDay|[upkeep]
|upkeep
|turn|16
|
|t:|1760368975
|move|p1a: Ceruledge|Shadow Sneak|p2a: Raging Bolt
|-supereffective|p2a: Raging Bolt
|-damage|p2a: Raging Bolt|0 fnt
|faint|p2a: Raging Bolt
|-end|p2a: Raging Bolt|Protosynthesis|[silent]
|
|-weather|SunnyDay|[upkeep]
|upkeep
|
|t:|1760368979
|switch|p2a: Walking Wake|Walking Wake|100/100
|-activate|p2a: Walking Wake|ability: Protosynthesis
|-start|p2a: Walking Wake|protosynthesisspe
|turn|17
|
|t:|1760368983
|move|p2a: Walking Wake|Hydro Steam|p1a: Ceruledge
|-supereffective|p1a: Ceruledge
|-damage|p1a: Ceruledge|0 fnt
|faint|p1a: Ceruledge
|
|-weather|SunnyDay|[upkeep]
|upkeep
|
|t:|1760368987
|switch|p1a: Scizor|Scizor, F|88/100
|-damage|p1a: Scizor|76/100|[from] Stealth Rock
|turn|18
|
|t:|1760368996
|move|p1a: Scizor|Bullet Punch|p2a: Walking Wake
|-resisted|p2a: Walking Wake
|-damage|p2a: Walking Wake|74/100
|move|p2a: Walking Wake|Weather Ball|p1a: Scizor
|-supereffective|p1a: Scizor
|-damage|p1a: Scizor|0 fnt
|faint|p1a: Scizor
|
|win|xxxjkl
|raw|ShinyAssassinx's rating: 1503 &rarr; <strong>1479</strong><br />(-24 for losing)
|raw|xxxjkl's rating: 1436 &rarr; <strong>1460</strong><br />(+24 for winning)
|l|☆ShinyAssassinx
|player|p1|
|l|☆xxxjkl
|player|p2|
