|j|☆NapedCrusader
|j|☆OP Earthquakes
|t:|1760408970
|gametype|singles
|player|p1|NapedCrusader|flint|
|player|p2|OP Earthquakes|giovanni-masters|
|gen|9
|tier|[Gen 9] OU
|rule|HP Percentage Mod: HP is shown in percentages
|rule|Endless Battle Clause: Forcing endless battles is banned
|rule|Species Clause: Limit one of each Pokémon
|rule|OHKO Clause: OHKO moves are banned
|rule|Evasion Items Clause: Evasion items are banned
|rule|Evasion Moves Clause: Evasion moves are banned
|rule|Evasion Abilities Clause: Evasion abilities are banned
|rule|Sleep Moves Clause: Sleep-inducing moves are banned
|clearpoke
|poke|p1|Zamazenta-*|
|poke|p1|Moltres|
|poke|p1|Dragonite, F|
|poke|p1|Iron Treads|
|poke|p1|Cinderace, M|
|poke|p1|Iron Valiant|
|poke|p2|Excadrill, F|
|poke|p2|Hawlucha, M|
|poke|p2|Kyurem|
|poke|p2|Tyranitar, F|
|poke|p2|Pawmot, M|
|poke|p2|Volcanion|
|teampreview
|inactive|Battle timer is ON: inactive players will automatically lose when time's up. (requested by OP Earthquakes)
|c|☆OP Earthquakes|this is the power
|c|☆NapedCrusader|oh gawd
|c|☆OP Earthquakes|of OP Earthquakes
|
|t:|1760408996
|teamsize|p1|6
|teamsize|p2|6
|start
|switch|p1a: Zamazenta|Zamazenta|100/100
|switch|p2a: Volcanion|Volcanion|100/100
|-ability|p1a: Zamazenta|Dauntless Shield|boost
|-boost|p1a: Zamazenta|def|1
|turn|1
|
|t:|1760409005
|switch|p2a: Itachi|Hawlucha, M, shiny|100/100
|-ability|p2a: Itachi|Mold Breaker
|-terastallize|p1a: Zamazenta|Stellar
|move|p1a: Zamazenta|Close Combat|p2a: Itachi
|-resisted|p2a: Itachi
|-damage|p2a: Itachi|18/100
|-unboost|p1a: Zamazenta|def|1
|-unboost|p1a: Zamazenta|spd|1
|-enditem|p2a: Itachi|Red Card|[of] p1a: Zamazenta
|drag|p1a: Iron Valiant|Iron Valiant|100/100
|-enditem|p1a: Iron Valiant|Booster Energy
|-activate|p1a: Iron Valiant|ability: Quark Drive|[fromitem]
|-start|p1a: Iron Valiant|quarkdrivespe
|
|upkeep
|turn|2
|c|☆OP Earthquakes|muwhahah
|
|t:|1760409027
|-end|p1a: Iron Valiant|Quark Drive|[silent]
|switch|p1a: Moltres|Moltres|100/100
|switch|p2a: Shukaku|Tyranitar, F, shiny|100/100
|-weather|Sandstorm|[from] ability: Sand Stream|[of] p2a: Shukaku
|
|-weather|Sandstorm|[upkeep]
|-damage|p1a: Moltres|94/100|[from] Sandstorm
|upkeep
|turn|3
|
|t:|1760409036
|move|p1a: Moltres|U-turn|p2a: Shukaku
|-supereffective|p2a: Shukaku
|-damage|p2a: Shukaku|83/100
|
|t:|1760409038
|switch|p1a: Zamazenta|Zamazenta, tera:Stellar|100/100|[from] U-turn
|move|p2a: Shukaku|Stealth Rock|p1a: Zamazenta
|-sidestart|p1: NapedCrusader|move: Stealth Rock
|
|-weather|Sandstorm|[upkeep]
|-damage|p1a: Zamazenta|94/100|[from] Sandstorm
|upkeep
|turn|4
|
|t:|1760409051
|-terastallize|p2a: Shukaku|Ghost
|move|p1a: Zamazenta|Close Combat|p2a: Shukaku
|-immune|p2a: Shukaku
|move|p2a: Shukaku|Thunder Wave|p1a: Zamazenta
|-status|p1a: Zamazenta|par
|
|-weather|Sandstorm|[upkeep]
|-damage|p1a: Zamazenta|88/100 par|[from] Sandstorm
|-damage|p2a: Shukaku|76/100|[from] Sandstorm
|upkeep
|turn|5
|c|☆NapedCrusader|oh boy
|
|t:|1760409062
|switch|p2a: Itachi|Hawlucha, M, shiny|18/100
|-ability|p2a: Itachi|Mold Breaker
|cant|p1a: Zamazenta|par
|
|-weather|Sandstorm|[upkeep]
|-damage|p2a: Itachi|12/100|[from] Sandstorm
|-damage|p1a: Zamazenta|82/100 par|[from] Sandstorm
|upkeep
|turn|6
|c|☆NapedCrusader|i knew it but i was soo scared
|
|t:|1760409069
|move|p2a: Itachi|Brave Bird|p1a: Zamazenta
|-supereffective|p1a: Zamazenta
|-damage|p1a: Zamazenta|0 fnt
|faint|p1a: Zamazenta
|-damage|p2a: Itachi|0 fnt|[from] Recoil
|faint|p2a: Itachi
|
|-weather|Sandstorm|[upkeep]
|upkeep
|c|☆OP Earthquakes|fear meee
|c|☆OP Earthquakes|;D
|
|t:|1760409094
|switch|p1a: Cinderace|Cinderace, M|100/100
|switch|p2a: Frieza|Kyurem, shiny|100/100
|-ability|p2a: Frieza|Pressure
|turn|7
|
|t:|1760409117
|switch|p2a: Volcanion|Volcanion|100/100
|move|p1a: Cinderace|Court Change|p1a: Cinderace
|-start|p1a: Cinderace|typechange|Normal|[from] ability: Libero
|-swapsideconditions
|-activate|p1a: Cinderace|move: Court Change
|
|-weather|Sandstorm|[upkeep]
|-damage|p1a: Cinderace|95/100|[from] Sandstorm
|-damage|p2a: Volcanion|94/100|[from] Sandstorm
|upkeep
|turn|8
|
|t:|1760409128
|move|p1a: Cinderace|U-turn|p2a: Volcanion
|-resisted|p2a: Volcanion
|-damage|p2a: Volcanion|84/100
|
|t:|1760409130
|switch|p1a: Iron Treads|Iron Treads|100/100|[from] U-turn
|move|p2a: Volcanion|Steam Eruption|p1a: Iron Treads
|-supereffective|p1a: Iron Treads
|-damage|p1a: Iron Treads|17/100
|
|-weather|Sandstorm|[upkeep]
|-damage|p2a: Volcanion|78/100|[from] Sandstorm
|upkeep
|turn|9
|
|t:|1760409138
|move|p2a: Volcanion|Steam Eruption|p1a: Iron Treads
|-supereffective|p1a: Iron Treads
|-damage|p1a: Iron Treads|0 fnt
|faint|p1a: Iron Treads
|-end|p1a: Iron Treads|Quark Drive|[silent]
|
|-weather|none
|upkeep
|c|☆NapedCrusader|oh BRUH
|c|☆OP Earthquakes|;)
|
|t:|1760409151
|switch|p1a: Dragonite|Dragonite, F|100/100
|turn|10
|
|t:|1760409156
|switch|p2a: Shukaku|Tyranitar, F, shiny, tera:Ghost|76/100
|-damage|p2a: Shukaku|64/100|[from] Stealth Rock
|-weather|Sandstorm|[from] ability: Sand Stream|[of] p2a: Shukaku
|move|p1a: Dragonite|Dragon Dance|p1a: Dragonite
|-boost|p1a: Dragonite|atk|1
|-boost|p1a: Dragonite|spe|1
|
|-weather|Sandstorm|[upkeep]
|-damage|p1a: Dragonite|94/100|[from] Sandstorm
|-damage|p2a: Shukaku|58/100|[from] Sandstorm
|upkeep
|turn|11
|
|t:|1760409163
|move|p1a: Dragonite|Scale Shot|p2a: Shukaku
|-damage|p2a: Shukaku|44/100
|-damage|p2a: Shukaku|28/100
|-damage|p2a: Shukaku|13/100
|-damage|p2a: Shukaku|0 fnt
|faint|p2a: Shukaku
|-hitcount|p2: Shukaku|4
|-unboost|p1a: Dragonite|def|1
|-boost|p1a: Dragonite|spe|1
|
|-weather|Sandstorm|[upkeep]
|-damage|p1a: Dragonite|88/100|[from] Sandstorm
|upkeep
|
|t:|1760409179
|switch|p2a: OP|Excadrill, F|100/100
|-damage|p2a: OP|97/100|[from] Stealth Rock
|turn|12
|
|t:|1760409185
|move|p2a: OP|Iron Head|p1a: Dragonite
|-damage|p1a: Dragonite|0 fnt
|faint|p1a: Dragonite
|
|-weather|Sandstorm|[upkeep]
|upkeep
|
|t:|1760409188
|switch|p1a: Moltres|Moltres|94/100
|turn|13
|c|☆NapedCrusader|oh u banded?
|
|t:|1760409199
|switch|p2a: Volcanion|Volcanion|78/100
|-damage|p2a: Volcanion|53/100|[from] Stealth Rock
|move|p1a: Moltres|U-turn|p2a: Volcanion
|-resisted|p2a: Volcanion
|-damage|p2a: Volcanion|45/100
|
|t:|1760409210
|switch|p1a: Cinderace|Cinderace, M|95/100|[from] U-turn
|
|-weather|Sandstorm|[upkeep]
|-damage|p1a: Cinderace|89/100|[from] Sandstorm
|-damage|p2a: Volcanion|39/100|[from] Sandstorm
|upkeep
|turn|14
|
|t:|1760409221
|move|p1a: Cinderace|Sucker Punch|p2a: Volcanion
|-start|p1a: Cinderace|typechange|Dark|[from] ability: Libero
|-damage|p2a: Volcanion|6/100
|move|p2a: Volcanion|Steam Eruption|p1a: Cinderace
|-damage|p1a: Cinderace|1/100
|
|-weather|Sandstorm|[upkeep]
|-damage|p1a: Cinderace|0 fnt|[from] Sandstorm
|-damage|p2a: Volcanion|0 fnt|[from] Sandstorm
|faint|p1a: Cinderace
|faint|p2a: Volcanion
|upkeep
|inactive|OP Earthquakes has 270 seconds left.
|
|t:|1760409258
|switch|p1a: Moltres|Moltres|94/100
|switch|p2a: OP|Excadrill, F|97/100
|-damage|p2a: OP|94/100|[from] Stealth Rock
|turn|15
|c|☆NapedCrusader|u have rock slide dont you
|
|t:|1760409280
|move|p2a: OP|Iron Head|p1a: Moltres
|-resisted|p1a: Moltres
|-damage|p1a: Moltres|54/100
|move|p1a: Moltres|Flamethrower|p2a: OP
|-supereffective|p2a: OP
|-damage|p2a: OP|0 fnt
|faint|p2a: OP
|
|-weather|Sandstorm|[upkeep]
|-damage|p1a: Moltres|48/100|[from] Sandstorm
|upkeep
|c|☆OP Earthquakes|dont need it
|
|t:|1760409289
|switch|p2a: Porunga|Pawmot, M|100/100
|-damage|p2a: Porunga|95/100|[from] Stealth Rock
|turn|16
|
|t:|1760409293
|move|p2a: Porunga|Revival Blessing|p2a: Porunga
|-enditem|p2a: Porunga|Leppa Berry|[eat]
|-activate|p2a: Porunga|item: Leppa Berry|Revival Blessing|[consumed]
|c|☆NapedCrusader|ya that shit is dumb strong
|
|t:|1760409303
|-heal|p2: Itachi|50/100|[from] move: Revival Blessing
|move|p1a: Moltres|Flamethrower|p2a: Porunga
|-damage|p2a: Porunga|0 fnt
|faint|p2a: Porunga
|
|-weather|Sandstorm|[upkeep]
|-damage|p1a: Moltres|42/100|[from] Sandstorm
|upkeep
|
|t:|1760409312
|switch|p2a: Frieza|Kyurem, shiny|100/100
|-damage|p2a: Frieza|76/100|[from] Stealth Rock
|-ability|p2a: Frieza|Pressure
|turn|17
|inactive|OP Earthquakes has 270 seconds left.
|
|t:|1760409320
|switch|p1a: Iron Valiant|Iron Valiant|100/100
|move|p2a: Frieza|Freeze-Dry|p1a: Iron Valiant
|-damage|p1a: Iron Valiant|23/100
|
|-weather|none
|upkeep
|turn|18
|
|t:|1760409330
|move|p1a: Iron Valiant|Moonblast|p2a: Frieza
|-supereffective|p2a: Frieza
|-damage|p2a: Frieza|0 fnt
|faint|p2a: Frieza
|
|upkeep
|
|t:|1760409333
|switch|p2a: Itachi|Hawlucha, M, shiny|50/100
|-damage|p2a: Itachi|38/100|[from] Stealth Rock
|-ability|p2a: Itachi|Mold Breaker
|turn|19
|c|☆OP Earthquakes|gg friend
|c|☆OP Earthquakes|;)
|
|t:|1760409346
|move|p2a: Itachi|Brave Bird|p1a: Iron Valiant
|-supereffective|p1a: Iron Valiant
|-crit|p1a: Iron Valiant
|-damage|p1a: Iron Valiant|0 fnt
|faint|p1a: Iron Valiant
|-end|p1a: Iron Valiant|Quark Drive|[silent]
|-damage|p2a: Itachi|31/100|[from] Recoil
|
|upkeep
|
|t:|1760409347
|switch|p1a: Moltres|Moltres|42/100
|turn|20
|c|☆NapedCrusader|DAYUMMM
|c|☆NapedCrusader|one rematch bro
|
|t:|1760409354
|move|p2a: Itachi|Brave Bird|p1a: Moltres
|-damage|p1a: Moltres|0 fnt
|faint|p1a: Moltres
|-damage|p2a: Itachi|16/100|[from] Recoil
|
|win|OP Earthquakes
|c|☆OP Earthquakes|mwuahahah
|c|☆OP Earthquakes|aight bet
|c|☆NapedCrusader|cmonnn bro
|l|☆NapedCrusader
|player|p1|
|c|☆OP Earthquakes|same or
