|j|☆G00D00D
|j|☆Prav33n
|t:|1760423983
|gametype|singles
|player|p1|G00D00D|265|1743
|player|p2|Prav33n|koga|1723
|gen|9
|tier|[Gen 9] OU
|rated|
|rule|HP Percentage Mod: HP is shown in percentages
|rule|Endless Battle Clause: Forcing endless battles is banned
|rule|Species Clause: Limit one of each Pokémon
|rule|OHKO Clause: OHKO moves are banned
|rule|Evasion Items Clause: Evasion items are banned
|rule|Evasion Moves Clause: Evasion moves are banned
|rule|Evasion Abilities Clause: Evasion abilities are banned
|rule|Sleep Moves Clause: Sleep-inducing moves are banned
|clearpoke
|poke|p1|Alomomola, M|
|poke|p1|Darkrai|
|poke|p1|Iron Crown|
|poke|p1|Weezing-Galar, M|
|poke|p1|Lokix, F|
|poke|p1|Landorus-Therian, M|
|poke|p2|Landorus-Therian, M|
|poke|p2|Cinderace, M|
|poke|p2|Zamazenta-*|
|poke|p2|Slowking-Galar, F|
|poke|p2|Ogerpon-Wellspring, F|
|poke|p2|Hydreigon, F|
|teampreview
|inactive|Battle timer is ON: inactive players will automatically lose when time's up. (requested by Prav33n)
|
|t:|1760423994
|teamsize|p1|6
|teamsize|p2|6
|start
|switch|p1a: Darkrai|Darkrai|100/100
|switch|p2a: Landorus|Landorus-Therian, M|100/100
|-ability|p2a: Landorus|Intimidate|boost
|-unboost|p1a: Darkrai|atk|1
|turn|1
|
|t:|1760424001
|switch|p2a: Hydreigon|Hydreigon, F|100/100
|move|p1a: Darkrai|Ice Beam|p2a: Hydreigon
|-supereffective|p2a: Hydreigon
|-damage|p2a: Hydreigon|16/100
|
|upkeep
|turn|2
|
|t:|1760424008
|switch|p2a: Cinderace|Cinderace, M|100/100
|move|p1a: Darkrai|Ice Beam|p2a: Cinderace
|-resisted|p2a: Cinderace
|-damage|p2a: Cinderace|79/100
|
|upkeep
|turn|3
|
|t:|1760424016
|switch|p1a: Alomomola|Alomomola, M|100/100
|move|p2a: Cinderace|Pyro Ball|p1a: Alomomola
|-resisted|p1a: Alomomola
|-damage|p1a: Alomomola|87/100
|-enditem|p1a: Alomomola|Eject Button
|
|t:|1760424021
|switch|p1a: Landorus|Landorus-Therian, M|100/100
|-ability|p1a: Landorus|Intimidate|boost
|-unboost|p2a: Cinderace|atk|1
|
|upkeep
|turn|4
|
|t:|1760424027
|move|p2a: Cinderace|Will-O-Wisp|p1a: Landorus
|-status|p1a: Landorus|brn
|move|p1a: Landorus|U-turn|p2a: Cinderace
|-resisted|p2a: Cinderace
|-damage|p2a: Cinderace|72/100
|
|t:|1760424037
|switch|p1a: Lokix|Lokix, F|100/100|[from] U-turn
|
|upkeep
|turn|5
|
|t:|1760424046
|switch|p2a: Hydreigon|Hydreigon, F|16/100
|-terastallize|p1a: Lokix|Bug
|move|p1a: Lokix|First Impression|p2a: Hydreigon
|-supereffective|p2a: Hydreigon
|-damage|p2a: Hydreigon|0 fnt
|faint|p2a: Hydreigon
|
|upkeep
|
|t:|1760424049
|switch|p2a: Cinderace|Cinderace, M|72/100
|turn|6
|
|t:|1760424059
|switch|p1a: Landorus|Landorus-Therian, M|100/100 brn
|-ability|p1a: Landorus|Intimidate|boost
|-unboost|p2a: Cinderace|atk|1
|move|p2a: Cinderace|U-turn|p1a: Landorus
|-resisted|p1a: Landorus
|-damage|p1a: Landorus|94/100 brn
|-damage|p2a: Cinderace|55/100|[from] item: Rocky Helmet|[of] p1a: Landorus
|
|t:|1760424061
|switch|p2a: Ogerpon|Ogerpon-Wellspring, F|100/100|[from] U-turn
|
|-damage|p1a: Landorus|88/100 brn|[from] brn
|upkeep
|turn|7
|
|t:|1760424071
|move|p2a: Ogerpon|Swords Dance|p2a: Ogerpon
|-boost|p2a: Ogerpon|atk|2
|move|p1a: Landorus|U-turn|p2a: Ogerpon
|-supereffective|p2a: Ogerpon
|-damage|p2a: Ogerpon|68/100
|j| DragonHunter994
|
|t:|1760424076
|switch|p1a: Lokix|Lokix, F, tera:Bug|100/100|[from] U-turn
|
|upkeep
|turn|8
|j| iamfrhaan007
|
|t:|1760424082
|switch|p2a: Landorus|Landorus-Therian, M|100/100
|-ability|p2a: Landorus|Intimidate|boost
|-unboost|p1a: Lokix|atk|1
|move|p1a: Lokix|First Impression|p2a: Landorus
|-resisted|p2a: Landorus
|-damage|p2a: Landorus|41/100
|-damage|p1a: Lokix|84/100|[from] item: Rocky Helmet|[of] p2a: Landorus
|
|upkeep
|turn|9
|
|t:|1760424099
|switch|p1a: Darkrai|Darkrai|100/100
|move|p2a: Landorus|Stone Edge|p1a: Darkrai
|-damage|p1a: Darkrai|60/100
|
|upkeep
|turn|10
|
|t:|1760424105
|switch|p2a: Zamazenta|Zamazenta|100/100
|-ability|p2a: Zamazenta|Dauntless Shield|boost
|-boost|p2a: Zamazenta|def|1
|move|p1a: Darkrai|Dark Pulse|p2a: Zamazenta
|-resisted|p2a: Zamazenta
|-damage|p2a: Zamazenta|79/100
|
|-heal|p2a: Zamazenta|85/100|[from] item: Leftovers
|upkeep
|turn|11
|
|t:|1760424116
|switch|p1a: Weezing|Weezing-Galar, M|100/100
|-ability|p1a: Weezing|Neutralizing Gas
|move|p2a: Zamazenta|Body Press|p1a: Weezing
|-resisted|p1a: Weezing
|-damage|p1a: Weezing|91/100
|
|-heal|p2a: Zamazenta|91/100|[from] item: Leftovers
|upkeep
|turn|12
|
|t:|1760424125
|switch|p2a: Cinderace|Cinderace, M|55/100
|-end|p1a: Weezing|ability: Neutralizing Gas
|switch|p1a: Lokix|Lokix, F, tera:Bug|84/100
|
|upkeep
|turn|13
|l| iamfrhaan007
|
|t:|1760424132
|move|p1a: Lokix|First Impression|p2a: Cinderace
|-resisted|p2a: Cinderace
|-damage|p2a: Cinderace|0 fnt
|faint|p2a: Cinderace
|
|upkeep
|
|t:|1760424134
|switch|p2a: Landorus|Landorus-Therian, M|41/100
|-ability|p2a: Landorus|Intimidate|boost
|-unboost|p1a: Lokix|atk|1
|turn|14
|
|t:|1760424143
|switch|p1a: Landorus|Landorus-Therian, M|88/100 brn
|-ability|p1a: Landorus|Intimidate|boost
|-unboost|p2a: Landorus|atk|1
|move|p2a: Landorus|Stealth Rock|p1a: Landorus
|-sidestart|p1: G00D00D|move: Stealth Rock
|
|-damage|p1a: Landorus|82/100 brn|[from] brn
|upkeep
|turn|15
|
|t:|1760424150
|move|p2a: Landorus|Stone Edge|p1a: Landorus
|-damage|p1a: Landorus|63/100 brn
|move|p1a: Landorus|U-turn|p2a: Landorus
|-resisted|p2a: Landorus
|-damage|p2a: Landorus|35/100
|-damage|p1a: Landorus|46/100 brn|[from] item: Rocky Helmet|[of] p2a: Landorus
|
|t:|1760424161
|switch|p1a: Iron Crown|Iron Crown|100/100|[from] U-turn
|-damage|p1a: Iron Crown|94/100|[from] Stealth Rock
|
|upkeep
|turn|16
|
|t:|1760424166
|switch|p2a: Ogerpon|Ogerpon-Wellspring, F|68/100
|move|p1a: Iron Crown|Psychic Noise|p2a: Ogerpon
|-damage|p2a: Ogerpon|22/100
|-start|p2a: Ogerpon|move: Heal Block
|
|upkeep
|turn|17
|
|t:|1760424175
|move|p2a: Ogerpon|Ivy Cudgel|p1a: Iron Crown|[anim] Ivy Cudgel Water
|-damage|p1a: Iron Crown|36/100
|move|p1a: Iron Crown|Psychic Noise|p2a: Ogerpon
|-damage|p2a: Ogerpon|0 fnt
|faint|p2a: Ogerpon
|
|upkeep
|
|t:|1760424178
|switch|p2a: Zamazenta|Zamazenta|91/100
|turn|18
|
|t:|1760424185
|-end|p1a: Iron Crown|Quark Drive|[silent]
|switch|p1a: Weezing|Weezing-Galar, M|91/100
|-ability|p1a: Weezing|Neutralizing Gas
|move|p2a: Zamazenta|Iron Defense|p2a: Zamazenta
|-boost|p2a: Zamazenta|def|2
|
|-heal|p2a: Zamazenta|97/100|[from] item: Leftovers
|upkeep
|turn|19
|j| Hildi Thryth
|
|t:|1760424192
|-terastallize|p2a: Zamazenta|Fire
|move|p2a: Zamazenta|Iron Defense|p2a: Zamazenta
|-boost|p2a: Zamazenta|def|2
|move|p1a: Weezing|Defog|p2a: Zamazenta
|-unboost|p2a: Zamazenta|evasion|1
|-sideend|p1: G00D00D|Stealth Rock|[from] move: Defog|[of] p1a: Weezing
|
|-heal|p2a: Zamazenta|100/100|[from] item: Leftovers
|upkeep
|turn|20
|l| DragonHunter994
|j| iamfrhaan007
|l| iamfrhaan007
|
|t:|1760424202
|-end|p1a: Weezing|ability: Neutralizing Gas
|switch|p1a: Darkrai|Darkrai|60/100
|move|p2a: Zamazenta|Iron Defense|p2a: Zamazenta
|-boost|p2a: Zamazenta|def|2
|
|upkeep
|turn|21
|
|t:|1760424212
|switch|p2a: Landorus|Landorus-Therian, M|35/100
|-ability|p2a: Landorus|Intimidate|boost
|-unboost|p1a: Darkrai|atk|1
|move|p1a: Darkrai|Trick|p2a: Landorus
|-activate|p1a: Darkrai|move: Trick|[of] p2a: Landorus
|-item|p2a: Landorus|Choice Scarf|[from] move: Trick
|-item|p1a: Darkrai|Rocky Helmet|[from] move: Trick
|
|upkeep
|turn|22
|
|t:|1760424222
|move|p2a: Landorus|Stealth Rock|p1a: Darkrai
|-sidestart|p1: G00D00D|move: Stealth Rock
|move|p1a: Darkrai|Ice Beam|p2a: Landorus
|-supereffective|p2a: Landorus
|-damage|p2a: Landorus|0 fnt
|faint|p2a: Landorus
|
|upkeep
|
|t:|1760424225
|switch|p2a: Zamazenta|Zamazenta, tera:Fire|100/100
|turn|23
|
|t:|1760424233
|move|p2a: Zamazenta|Iron Defense|p2a: Zamazenta
|-boost|p2a: Zamazenta|def|2
|move|p1a: Darkrai|Trick|p2a: Zamazenta
|-activate|p1a: Darkrai|move: Trick|[of] p2a: Zamazenta
|-item|p2a: Zamazenta|Rocky Helmet|[from] move: Trick
|-item|p1a: Darkrai|Leftovers|[from] move: Trick
|
|-heal|p1a: Darkrai|66/100|[from] item: Leftovers
|upkeep
|turn|24
|
|t:|1760424240
|move|p2a: Zamazenta|Body Press|p1a: Darkrai
|-supereffective|p1a: Darkrai
|-damage|p1a: Darkrai|0 fnt
|faint|p1a: Darkrai
|
|upkeep
|
|t:|1760424248
|switch|p1a: Alomomola|Alomomola, M|100/100
|-damage|p1a: Alomomola|88/100|[from] Stealth Rock
|turn|25
|
|t:|1760424253
|move|p2a: Zamazenta|Iron Defense|p2a: Zamazenta
|-boost|p2a: Zamazenta|def|2
|move|p1a: Alomomola|Tickle|p2a: Zamazenta
|-unboost|p2a: Zamazenta|atk|1
|-unboost|p2a: Zamazenta|def|1
|
|upkeep
|turn|26
|
|t:|1760424258
|move|p2a: Zamazenta|Iron Defense|p2a: Zamazenta
|-boost|p2a: Zamazenta|def|2
|move|p1a: Alomomola|Flip Turn|p2a: Zamazenta
|-supereffective|p2a: Zamazenta
|-damage|p2a: Zamazenta|94/100
|-damage|p1a: Alomomola|71/100|[from] item: Rocky Helmet|[of] p2a: Zamazenta
|
|t:|1760424265
|switch|p1a: Weezing|Weezing-Galar, M|91/100|[from] Flip Turn
|-ability|p1a: Weezing|Neutralizing Gas
|
|upkeep
|turn|27
|
|t:|1760424273
|move|p1a: Weezing|Strange Steam|p2a: Zamazenta|[miss]
|-miss|p1a: Weezing|p2a: Zamazenta
|move|p2a: Zamazenta|Roar|p1a: Weezing
|-end|p1a: Weezing|ability: Neutralizing Gas
|drag|p1a: Landorus|Landorus-Therian, M|46/100 brn
|-damage|p1a: Landorus|34/100 brn|[from] Stealth Rock
|-ability|p1a: Landorus|Intimidate|boost
|-unboost|p2a: Zamazenta|atk|1
|
|-damage|p1a: Landorus|28/100 brn|[from] brn
|upkeep
|turn|28
|
|t:|1760424283
|move|p2a: Zamazenta|Body Press|p1a: Landorus
|-resisted|p1a: Landorus
|-damage|p1a: Landorus|0 fnt
|-damage|p2a: Zamazenta|77/100|[from] item: Rocky Helmet|[of] p1a: Landorus
|faint|p1a: Landorus
|
|upkeep
|
|t:|1760424289
|switch|p1a: Weezing|Weezing-Galar, M|91/100
|-ability|p1a: Weezing|Neutralizing Gas
|turn|29
|
|t:|1760424297
|move|p2a: Zamazenta|Iron Defense|p2a: Zamazenta
|-boost|p2a: Zamazenta|def|1
|move|p1a: Weezing|Defog|p2a: Zamazenta
|-unboost|p2a: Zamazenta|evasion|1
|-sideend|p1: G00D00D|Stealth Rock|[from] move: Defog|[of] p1a: Weezing
|
|upkeep
|turn|30
|
|t:|1760424306
|move|p2a: Zamazenta|Body Press|p1a: Weezing
|-resisted|p1a: Weezing
|-damage|p1a: Weezing|68/100
|move|p1a: Weezing|Strange Steam|p2a: Zamazenta
|-resisted|p2a: Zamazenta
|-damage|p2a: Zamazenta|66/100
|
|upkeep
|turn|31
|
|t:|1760424313
|move|p2a: Zamazenta|Body Press|p1a: Weezing
|-resisted|p1a: Weezing
|-damage|p1a: Weezing|43/100
|move|p1a: Weezing|Strange Steam|p2a: Zamazenta
|-resisted|p2a: Zamazenta
|-damage|p2a: Zamazenta|53/100
|-start|p2a: Zamazenta|confusion
|
|upkeep
|turn|32
|
|t:|1760424321
|-activate|p2a: Zamazenta|confusion
|move|p2a: Zamazenta|Body Press|p1a: Weezing
|-resisted|p1a: Weezing
|-damage|p1a: Weezing|18/100
|move|p1a: Weezing|Strange Steam|p2a: Zamazenta
|-resisted|p2a: Zamazenta
|-damage|p2a: Zamazenta|41/100
|
|upkeep
|turn|33
|
|t:|1760424328
|-activate|p2a: Zamazenta|confusion
|move|p2a: Zamazenta|Body Press|p1a: Weezing
|-resisted|p1a: Weezing
|-damage|p1a: Weezing|0 fnt
|faint|p1a: Weezing
|-end|p1a: Weezing|ability: Neutralizing Gas
|
|upkeep
|
|t:|1760424333
|switch|p1a: Alomomola|Alomomola, M|100/100
|turn|34
|
|t:|1760424337
|-end|p2a: Zamazenta|confusion
|move|p2a: Zamazenta|Body Press|p1a: Alomomola
|-damage|p1a: Alomomola|17/100
|move|p1a: Alomomola|Flip Turn|p2a: Zamazenta
|-supereffective|p2a: Zamazenta
|-damage|p2a: Zamazenta|34/100
|-damage|p1a: Alomomola|0 fnt|[from] item: Rocky Helmet|[of] p2a: Zamazenta
|faint|p1a: Alomomola
|
|upkeep
|
|t:|1760424347
|switch|p1a: Lokix|Lokix, F, tera:Bug|84/100
|turn|35
|
|t:|1760424350
|move|p1a: Lokix|First Impression|p2a: Zamazenta
|-resisted|p2a: Zamazenta
|-damage|p2a: Zamazenta|19/100
|-damage|p1a: Lokix|68/100|[from] item: Rocky Helmet|[of] p2a: Zamazenta
|move|p2a: Zamazenta|Body Press|p1a: Lokix
|-resisted|p1a: Lokix
|-damage|p1a: Lokix|0 fnt
|faint|p1a: Lokix
|
|upkeep
|-message|G00D00D forfeited.
|
|win|Prav33n
|raw|G00D00D's rating: 1743 &rarr; <strong>1722</strong><br />(-21 for losing)
|raw|Prav33n's rating: 1723 &rarr; <strong>1744</strong><br />(+21 for winning)
|l|☆G00D00D
|player|p1|
