|j|☆deepfriedmagikarp
|j|☆teamskullenoxa
|t:|1760390806
|gametype|singles
|player|p1|deepfriedmagikarp|pokemonranger-gen4|1728
|player|p2|teamskullenoxa|102|1790
|gen|9
|tier|[Gen 9] OU
|rated|
|rule|HP Percentage Mod: HP is shown in percentages
|rule|Endless Battle Clause: Forcing endless battles is banned
|rule|Species Clause: Limit one of each Pokémon
|rule|OHKO Clause: OHKO moves are banned
|rule|Evasion Items Clause: Evasion items are banned
|rule|Evasion Moves Clause: Evasion moves are banned
|rule|Evasion Abilities Clause: Evasion abilities are banned
|rule|Sleep Moves Clause: Sleep-inducing moves are banned
|clearpoke
|poke|p1|Ogerpon-Wellspring, F|
|poke|p1|Kingambit, F|
|poke|p1|Landorus-Therian, M|
|poke|p1|Glimmora, F|
|poke|p1|Dragapult, F|
|poke|p1|Iron Valiant|
|poke|p2|Lokix, F|
|poke|p2|Slowking-Galar, F|
|poke|p2|Weavile, M|
|poke|p2|Enamorus, F|
|poke|p2|Alomomola, M|
|poke|p2|Cinderace, M|
|teampreview
|inactive|Battle timer is ON: inactive players will automatically lose when time's up. (requested by deepfriedmagikarp)
|
|t:|1760390815
|teamsize|p1|6
|teamsize|p2|6
|start
|switch|p1a: Landorus|Landorus-Therian, M|100/100
|switch|p2a: Slowking|Slowking-Galar, F|100/100
|-ability|p1a: Landorus|Intimidate|boost
|-unboost|p2a: Slowking|atk|1
|turn|1
|
|t:|1760390818
|move|p1a: Landorus|Earthquake|p2a: Slowking
|-supereffective|p2a: Slowking
|-enditem|p2a: Slowking|Shuca Berry|[eat]
|-enditem|p2a: Slowking|Shuca Berry|[weaken]
|-damage|p2a: Slowking|68/100
|move|p2a: Slowking|Ice Beam|p1a: Landorus
|-supereffective|p1a: Landorus
|-damage|p1a: Landorus|0 fnt
|faint|p1a: Landorus
|
|upkeep
|
|t:|1760390821
|switch|p1a: Dragapult|Dragapult, F|100/100
|turn|2
|
|t:|1760390825
|move|p1a: Dragapult|Shadow Ball|p2a: Slowking
|-supereffective|p2a: Slowking
|-damage|p2a: Slowking|0 fnt
|faint|p2a: Slowking
|
|upkeep
|
|t:|1760390836
|switch|p2a: Enamorus|Enamorus, F|100/100
|turn|3
|
|t:|1760390840
|switch|p1a: Glimmora|Glimmora, F|100/100
|move|p2a: Enamorus|Earth Power|p1a: Glimmora
|-supereffective|p1a: Glimmora
|-damage|p1a: Glimmora|0 fnt
|faint|p1a: Glimmora
|
|upkeep
|
|t:|1760390844
|switch|p1a: Ogerpon|Ogerpon-Wellspring, F|100/100
|turn|4
|
|t:|1760390854
|switch|p2a: Alomomola|Alomomola, M|100/100
|move|p1a: Ogerpon|Ivy Cudgel|p2a: Alomomola|[anim] Ivy Cudgel Water
|-resisted|p2a: Alomomola
|-damage|p2a: Alomomola|76/100
|
|upkeep
|turn|5
|
|t:|1760390858
|switch|p2a: Lokix|Lokix, F|100/100
|move|p1a: Ogerpon|Ivy Cudgel|p2a: Lokix|[anim] Ivy Cudgel Water
|-damage|p2a: Lokix|10/100
|
|upkeep
|turn|6
|
|t:|1760390862
|switch|p1a: Iron Valiant|Iron Valiant|100/100
|-enditem|p1a: Iron Valiant|Booster Energy
|-activate|p1a: Iron Valiant|ability: Quark Drive|[fromitem]
|-start|p1a: Iron Valiant|quarkdrivespe
|move|p2a: Lokix|First Impression|p1a: Iron Valiant
|-resisted|p1a: Iron Valiant
|-damage|p1a: Iron Valiant|65/100
|
|upkeep
|turn|7
|
|t:|1760390866
|switch|p2a: Alomomola|Alomomola, M|100/100
|move|p1a: Iron Valiant|Swords Dance|p1a: Iron Valiant
|-boost|p1a: Iron Valiant|atk|2
|
|upkeep
|turn|8
|
|t:|1760390870
|move|p1a: Iron Valiant|Knock Off|p2a: Alomomola
|-damage|p2a: Alomomola|47/100
|-enditem|p2a: Alomomola|Assault Vest|[from] move: Knock Off|[of] p1a: Iron Valiant
|move|p2a: Alomomola|Body Slam|p1a: Iron Valiant
|-damage|p1a: Iron Valiant|43/100
|
|upkeep
|turn|9
|
|t:|1760390874
|move|p2a: Alomomola|Aqua Jet|p1a: Iron Valiant
|-damage|p1a: Iron Valiant|29/100
|move|p1a: Iron Valiant|Spirit Break|p2a: Alomomola
|-damage|p2a: Alomomola|0 fnt
|faint|p2a: Alomomola
|
|upkeep
|
|t:|1760390876
|switch|p2a: Lokix|Lokix, F|10/100
|turn|10
|
|t:|1760390881
|move|p2a: Lokix|First Impression|p1a: Iron Valiant
|-resisted|p1a: Iron Valiant
|-damage|p1a: Iron Valiant|0 fnt
|faint|p1a: Iron Valiant
|-end|p1a: Iron Valiant|Quark Drive|[silent]
|
|upkeep
|
|t:|1760390882
|switch|p1a: Dragapult|Dragapult, F|100/100
|turn|11
|
|t:|1760390888
|move|p2a: Lokix|Sucker Punch|p1a: Dragapult
|-supereffective|p1a: Dragapult
|-damage|p1a: Dragapult|7/100
|move|p1a: Dragapult|U-turn|p2a: Lokix
|-supereffective|p2a: Lokix
|-damage|p2a: Lokix|0 fnt
|faint|p2a: Lokix
|
|t:|1760390893
|switch|p1a: Kingambit|Kingambit, F|100/100|[from] U-turn
|-activate|p1a: Kingambit|ability: Supreme Overlord
|-start|p1a: Kingambit|fallen3|[silent]
|
|upkeep
|
|t:|1760390900
|switch|p2a: Cinderace|Cinderace, M|100/100
|turn|12
|
|t:|1760390910
|-end|p1a: Kingambit|fallen3|[silent]
|switch|p1a: Dragapult|Dragapult, F|7/100
|move|p2a: Cinderace|High Jump Kick|p1a: Dragapult
|-immune|p1a: Dragapult
|-damage|p2a: Cinderace|51/100|[from] highjumpkick
|
|upkeep
|turn|13
|
|t:|1760390921
|switch|p1a: Kingambit|Kingambit, F|100/100
|-activate|p1a: Kingambit|ability: Supreme Overlord
|-start|p1a: Kingambit|fallen3|[silent]
|move|p2a: Cinderace|Pyro Ball|p1a: Kingambit
|-supereffective|p1a: Kingambit
|-damage|p1a: Kingambit|20/100
|
|-heal|p1a: Kingambit|26/100|[from] item: Leftovers
|upkeep
|turn|14
|
|t:|1760390931
|move|p1a: Kingambit|Sucker Punch|p2a: Cinderace
|-damage|p2a: Cinderace|0 fnt
|faint|p2a: Cinderace
|
|-heal|p1a: Kingambit|32/100|[from] item: Leftovers
|upkeep
|
|t:|1760390951
|switch|p2a: Weavile|Weavile, M|100/100
|-ability|p2a: Weavile|Pressure
|turn|15
|
|t:|1760390967
|move|p1a: Kingambit|Sucker Punch|p2a: Weavile
|-resisted|p2a: Weavile
|-damage|p2a: Weavile|52/100
|move|p2a: Weavile|Triple Axel|p1a: Kingambit|[miss]
|-miss|p2a: Weavile|p1a: Kingambit
|
|-heal|p1a: Kingambit|38/100|[from] item: Leftovers
|upkeep
|turn|16
|
|t:|1760390971
|move|p2a: Weavile|Triple Axel|p1a: Kingambit
|-resisted|p1a: Kingambit
|-damage|p1a: Kingambit|33/100
|-resisted|p1a: Kingambit
|-damage|p1a: Kingambit|23/100
|-resisted|p1a: Kingambit
|-damage|p1a: Kingambit|7/100
|-hitcount|p1a: Kingambit|3
|move|p1a: Kingambit|Iron Head|p2a: Weavile
|-supereffective|p2a: Weavile
|-damage|p2a: Weavile|0 fnt
|faint|p2a: Weavile
|
|-heal|p1a: Kingambit|13/100|[from] item: Leftovers
|upkeep
|
|t:|1760390976
|switch|p2a: Enamorus|Enamorus, F|100/100
|turn|17
|
|t:|1760390982
|-terastallize|p2a: Enamorus|Stellar
|move|p1a: Kingambit|Sucker Punch|p2a: Enamorus
|-resisted|p2a: Enamorus
|-damage|p2a: Enamorus|62/100
|move|p2a: Enamorus|Tera Blast|p1a: Kingambit|[anim] Tera Blast Stellar
|-damage|p1a: Kingambit|0 fnt
|-boost|p2a: Enamorus|atk|1
|-boost|p2a: Enamorus|spa|1
|faint|p1a: Kingambit
|-end|p1a: Kingambit|fallen3|[silent]
|
|upkeep
|
|t:|1760390984
|switch|p1a: Ogerpon|Ogerpon-Wellspring, F|100/100
|turn|18
|inactive|deepfriedmagikarp has 120 seconds left.
|
|t:|1760391018
|move|p2a: Enamorus|Tera Blast|p1a: Ogerpon|[anim] Tera Blast Stellar
|-damage|p1a: Ogerpon|28/100
|-boost|p2a: Enamorus|atk|1
|-boost|p2a: Enamorus|spa|1
|move|p1a: Ogerpon|Ivy Cudgel|p2a: Enamorus|[anim] Ivy Cudgel Water
|-crit|p2a: Enamorus
|-damage|p2a: Enamorus|0 fnt
|faint|p2a: Enamorus
|
|win|deepfriedmagikarp
|raw|deepfriedmagikarp's rating: 1728 &rarr; <strong>1752</strong><br />(+24 for winning)
|raw|teamskullenoxa's rating: 1790 &rarr; <strong>1766</strong><br />(-24 for losing)
|l|☆teamskullenoxa
|player|p2|
|l|☆deepfriedmagikarp
|player|p1|
