|j|☆CHANGANG
|j|☆igoldenso
|t:|1760446948
|gametype|singles
|player|p1|CHANGANG|clay|1430
|player|p2|igoldenso|juggler|1440
|gen|9
|tier|[Gen 9] OU
|rated|
|rule|HP Percentage Mod: HP is shown in percentages
|rule|Endless Battle Clause: Forcing endless battles is banned
|rule|Species Clause: Limit one of each Pokémon
|rule|OHKO Clause: OHKO moves are banned
|rule|Evasion Items Clause: Evasion items are banned
|rule|Evasion Moves Clause: Evasion moves are banned
|rule|Evasion Abilities Clause: Evasion abilities are banned
|rule|Sleep Moves Clause: Sleep-inducing moves are banned
|clearpoke
|poke|p1|Krookodile, M|
|poke|p1|Landorus-Therian, M|
|poke|p1|Raging Bolt|
|poke|p1|Hatterene, F|
|poke|p1|Alomomola, F|
|poke|p1|Chesnaught, F|
|poke|p2|Ribombee, F|
|poke|p2|Cinderace, M|
|poke|p2|Serperior, F|
|poke|p2|Malamar, M|
|poke|p2|Milotic, F|
|poke|p2|Kingambit, M|
|teampreview
|
|t:|1760446970
|teamsize|p1|6
|teamsize|p2|6
|start
|switch|p1a: FEDORA RON|Hatterene, F|100/100
|switch|p2a: Ribombee|Ribombee, F|100/100
|turn|1
|inactive|Battle timer is ON: inactive players will automatically lose when time's up. (requested by igoldenso)
|
|t:|1760446974
|move|p2a: Ribombee|Sticky Web|p1a: FEDORA RON
|move|p1a: FEDORA RON|Sticky Web|p2a: Ribombee|[from] ability: Magic Bounce
|-sidestart|p2: igoldenso|move: Sticky Web
|move|p1a: FEDORA RON|Calm Mind|p1a: FEDORA RON
|-boost|p1a: FEDORA RON|spa|1
|-boost|p1a: FEDORA RON|spd|1
|
|upkeep
|turn|2
|
|t:|1760446983
|move|p2a: Ribombee|Skill Swap|p1a: FEDORA RON
|-activate|p2a: Ribombee|move: Skill Swap|Magic Bounce|Honey Gather|[of] p1a: FEDORA RON
|move|p1a: FEDORA RON|Nuzzle|p2a: Ribombee
|-damage|p2a: Ribombee|93/100
|-status|p2a: Ribombee|par
|
|upkeep
|turn|3
|
|t:|1760446999
|move|p2a: Ribombee|Sticky Web|p1a: FEDORA RON
|-sidestart|p1: CHANGANG|move: Sticky Web
|move|p1a: FEDORA RON|Calm Mind|p1a: FEDORA RON
|-boost|p1a: FEDORA RON|spa|1
|-boost|p1a: FEDORA RON|spd|1
|
|upkeep
|turn|4
|
|t:|1760447015
|move|p2a: Ribombee|Moonblast|p1a: FEDORA RON
|-damage|p1a: FEDORA RON|81/100
|move|p1a: FEDORA RON|Draining Kiss|p2a: Ribombee
|-damage|p2a: Ribombee|20/100 par
|-heal|p1a: FEDORA RON|100/100|[from] drain|[of] p2a: Ribombee
|
|upkeep
|turn|5
|
|t:|1760447022
|move|p2a: Ribombee|Moonblast|p1a: FEDORA RON
|-damage|p1a: FEDORA RON|81/100
|move|p1a: FEDORA RON|Calm Mind|p1a: FEDORA RON
|-boost|p1a: FEDORA RON|spa|1
|-boost|p1a: FEDORA RON|spd|1
|
|-heal|p1a: FEDORA RON|87/100|[from] item: Leftovers
|upkeep
|turn|6
|
|t:|1760447032
|move|p2a: Ribombee|Moonblast|p1a: FEDORA RON
|-damage|p1a: FEDORA RON|70/100
|move|p1a: FEDORA RON|Calm Mind|p1a: FEDORA RON
|-boost|p1a: FEDORA RON|spa|1
|-boost|p1a: FEDORA RON|spd|1
|
|-heal|p1a: FEDORA RON|76/100|[from] item: Leftovers
|upkeep
|turn|7
|
|t:|1760447037
|move|p2a: Ribombee|Moonblast|p1a: FEDORA RON
|-damage|p1a: FEDORA RON|62/100
|move|p1a: FEDORA RON|Draining Kiss|p2a: Ribombee
|-damage|p2a: Ribombee|0 fnt
|-heal|p1a: FEDORA RON|74/100|[from] drain|[of] p2a: Ribombee
|faint|p2a: Ribombee
|
|-heal|p1a: FEDORA RON|80/100|[from] item: Leftovers
|upkeep
|
|t:|1760447042
|switch|p2a: Cinderace|Cinderace, M|100/100
|turn|8
|
|t:|1760447050
|move|p2a: Cinderace|Flare Blitz|p1a: FEDORA RON
|-damage|p1a: FEDORA RON|32/100
|-damage|p2a: Cinderace|84/100|[from] Recoil
|move|p1a: FEDORA RON|Draining Kiss|p2a: Cinderace
|-resisted|p2a: Cinderace
|-damage|p2a: Cinderace|34/100
|-heal|p1a: FEDORA RON|67/100|[from] drain|[of] p2a: Cinderace
|
|-heal|p1a: FEDORA RON|73/100|[from] item: Leftovers
|upkeep
|turn|9
|
|t:|1760447062
|move|p2a: Cinderace|Flare Blitz|p1a: FEDORA RON
|-damage|p1a: FEDORA RON|27/100
|-damage|p2a: Cinderace|18/100|[from] Recoil
|move|p1a: FEDORA RON|Draining Kiss|p2a: Cinderace
|-resisted|p2a: Cinderace
|-damage|p2a: Cinderace|0 fnt
|-heal|p1a: FEDORA RON|40/100|[from] drain|[of] p2a: Cinderace
|faint|p2a: Cinderace
|
|-heal|p1a: FEDORA RON|46/100|[from] item: Leftovers
|upkeep
|
|t:|1760447084
|switch|p2a: Kingambit|Kingambit, M, shiny|100/100
|-activate|p2a: Kingambit|move: Sticky Web
|-unboost|p2a: Kingambit|spe|1
|-ability|p2a: Kingambit|Defiant|boost
|-boost|p2a: Kingambit|atk|2
|turn|10
|
|t:|1760447091
|-terastallize|p1a: FEDORA RON|Water
|move|p1a: FEDORA RON|Draining Kiss|p2a: Kingambit
|-damage|p2a: Kingambit|40/100
|-heal|p1a: FEDORA RON|100/100|[from] drain|[of] p2a: Kingambit
|move|p2a: Kingambit|Iron Head|p1a: FEDORA RON
|-resisted|p1a: FEDORA RON
|-damage|p1a: FEDORA RON|60/100
|
|-heal|p1a: FEDORA RON|66/100|[from] item: Leftovers
|upkeep
|turn|11
|
|t:|1760447105
|move|p2a: Kingambit|Sucker Punch|p1a: FEDORA RON
|-damage|p1a: FEDORA RON|0 fnt
|faint|p1a: FEDORA RON
|
|upkeep
|
|t:|1760447122
|switch|p1a: Chesnaught|Chesnaught, F|100/100
|-activate|p1a: Chesnaught|move: Sticky Web
|-unboost|p1a: Chesnaught|spe|1
|turn|12
|
|t:|1760447130
|move|p1a: Chesnaught|Spikes|p2a: Kingambit
|-sidestart|p2: igoldenso|Spikes
|move|p2a: Kingambit|Iron Head|p1a: Chesnaught
|-damage|p1a: Chesnaught|50/100
|-damage|p2a: Kingambit|24/100|[from] item: Rocky Helmet|[of] p1a: Chesnaught
|
|upkeep
|turn|13
|
|t:|1760447138
|move|p1a: Chesnaught|Spiky Shield|p1a: Chesnaught
|-singleturn|p1a: Chesnaught|move: Protect
|move|p2a: Kingambit|Iron Head|p1a: Chesnaught
|-activate|p1a: Chesnaught|move: Protect
|-damage|p2a: Kingambit|11/100|[from] Spiky Shield|[of] p1a: Chesnaught
|
|upkeep
|turn|14
|
|t:|1760447145
|move|p2a: Kingambit|Sucker Punch||[still]
|-fail|p2a: Kingambit
|move|p1a: Chesnaught|Spikes|p2a: Kingambit
|-sidestart|p2: igoldenso|Spikes
|
|upkeep
|turn|15
|
|t:|1760447152
|move|p1a: Chesnaught|Spiky Shield|p1a: Chesnaught
|-singleturn|p1a: Chesnaught|move: Protect
|move|p2a: Kingambit|Iron Head|p1a: Chesnaught
|-activate|p1a: Chesnaught|move: Protect
|-damage|p2a: Kingambit|0 fnt|[from] Spiky Shield|[of] p1a: Chesnaught
|faint|p2a: Kingambit
|
|upkeep
|
|t:|1760447163
|switch|p2a: Malamar|Malamar, M|100/100
|-activate|p2a: Malamar|move: Sticky Web
|-boost|p2a: Malamar|spe|1
|-damage|p2a: Malamar|84/100|[from] Spikes
|turn|16
|
|t:|1760447175
|move|p2a: Malamar|Psycho Cut|p1a: Chesnaught
|-supereffective|p1a: Chesnaught
|-damage|p1a: Chesnaught|18/100
|move|p1a: Chesnaught|Leech Seed|p2a: Malamar|[miss]
|-miss|p1a: Chesnaught|p2a: Malamar
|
|upkeep
|turn|17
|
|t:|1760447185
|move|p2a: Malamar|Superpower|p1a: Chesnaught
|-damage|p1a: Chesnaught|0 fnt
|-boost|p2a: Malamar|atk|1
|-boost|p2a: Malamar|def|1
|-damage|p2a: Malamar|67/100|[from] item: Rocky Helmet|[of] p1a: Chesnaught
|faint|p1a: Chesnaught
|
|upkeep
|
|t:|1760447191
|switch|p1a: BLACK BOLT SUN|Raging Bolt|100/100
|-activate|p1a: BLACK BOLT SUN|move: Sticky Web
|-unboost|p1a: BLACK BOLT SUN|spe|1
|turn|18
|
|t:|1760447199
|move|p2a: Malamar|Destiny Bond|p2a: Malamar
|-singlemove|p2a: Malamar|Destiny Bond
|move|p1a: BLACK BOLT SUN|Thunderbolt|p2a: Malamar
|-damage|p2a: Malamar|0 fnt
|faint|p2a: Malamar
|-activate|p2a: Malamar|move: Destiny Bond
|faint|p1a: BLACK BOLT SUN
|-end|p1a: BLACK BOLT SUN|Protosynthesis|[silent]
|
|upkeep
|
|t:|1760447210
|switch|p2a: Milotic|Milotic, F|100/100
|switch|p1a: EZ FLIP|Alomomola, F|100/100
|-activate|p2a: Milotic|move: Sticky Web
|-unboost|p2a: Milotic|spe|1
|-ability|p2a: Milotic|Competitive|boost
|-boost|p2a: Milotic|spa|2
|-damage|p2a: Milotic|84/100|[from] Spikes
|-activate|p1a: EZ FLIP|move: Sticky Web
|-unboost|p1a: EZ FLIP|spe|1
|turn|19
|
|t:|1760447214
|move|p2a: Milotic|Alluring Voice|p1a: EZ FLIP
|-damage|p1a: EZ FLIP|75/100
|move|p1a: EZ FLIP|Flip Turn|p2a: Milotic
|-resisted|p2a: Milotic
|-damage|p2a: Milotic|76/100
|
|t:|1760447224
|switch|p1a: HOMELANDOR|Landorus-Therian, M|100/100|[from] Flip Turn
|-ability|p1a: HOMELANDOR|Intimidate|boost
|-unboost|p2a: Milotic|atk|1
|-ability|p2a: Milotic|Competitive|boost
|-boost|p2a: Milotic|spa|2
|
|upkeep
|turn|20
|
|t:|1760447228
|move|p1a: HOMELANDOR|Earthquake|p2a: Milotic
|-damage|p2a: Milotic|26/100
|move|p2a: Milotic|Draining Kiss|p1a: HOMELANDOR
|-damage|p1a: HOMELANDOR|50/100
|-heal|p2a: Milotic|62/100|[from] drain|[of] p1a: HOMELANDOR
|-damage|p2a: Milotic|46/100|[from] item: Rocky Helmet|[of] p1a: HOMELANDOR
|
|upkeep
|turn|21
|
|t:|1760447236
|move|p1a: HOMELANDOR|Earthquake|p2a: Milotic
|-damage|p2a: Milotic|0 fnt
|faint|p2a: Milotic
|
|upkeep
|
|t:|1760447238
|switch|p2a: Serperior|Serperior, F|100/100
|-activate|p2a: Serperior|move: Sticky Web
|-boost|p2a: Serperior|spe|1
|-damage|p2a: Serperior|84/100|[from] Spikes
|turn|22
|
|t:|1760447244
|move|p2a: Serperior|Leaf Storm|p1a: HOMELANDOR
|-crit|p1a: HOMELANDOR
|-damage|p1a: HOMELANDOR|0 fnt
|-boost|p2a: Serperior|spa|2
|faint|p1a: HOMELANDOR
|
|upkeep
|
|t:|1760447245
|switch|p1a: EZ FLIP|Alomomola, F|100/100
|-activate|p1a: EZ FLIP|move: Sticky Web
|-unboost|p1a: EZ FLIP|spe|1
|turn|23
|
|t:|1760447248
|move|p2a: Serperior|Substitute|p2a: Serperior
|-start|p2a: Serperior|Substitute
|-damage|p2a: Serperior|59/100
|move|p1a: EZ FLIP|Mirror Coat||[still]
|-fail|p1a: EZ FLIP
|
|upkeep
|turn|24
|
|t:|1760447253
|move|p2a: Serperior|Leaf Storm|p1a: EZ FLIP
|-supereffective|p1a: EZ FLIP
|-damage|p1a: EZ FLIP|0 fnt
|-boost|p2a: Serperior|spa|2
|faint|p1a: EZ FLIP
|
|upkeep
|
|t:|1760447254
|switch|p1a: LUH TONKA|Krookodile, M|100/100
|-activate|p1a: LUH TONKA|move: Sticky Web
|-unboost|p1a: LUH TONKA|spe|1
|turn|25
|
|t:|1760447258
|-terastallize|p2a: Serperior|Stellar
|move|p2a: Serperior|Tera Blast|p1a: LUH TONKA|[anim] Tera Blast Stellar
|-damage|p1a: LUH TONKA|0 fnt
|-boost|p2a: Serperior|atk|1
|-boost|p2a: Serperior|spa|1
|faint|p1a: LUH TONKA
|
|win|igoldenso
|raw|CHANGANG's rating: 1430 &rarr; <strong>1411</strong><br />(-19 for losing)
|raw|igoldenso's rating: 1440 &rarr; <strong>1459</strong><br />(+19 for winning)
|l|☆CHANGANG
|player|p1|
|l|☆igoldenso
|player|p2|
