|j|☆AlmightyHD
|j|☆full-doc
|t:|1760446695
|gametype|singles
|player|p1|AlmightyHD|acetrainerf-gen4dp|1366
|player|p2|full-doc|scientistf|1400
|gen|9
|tier|[Gen 9] OU
|rated|
|rule|HP Percentage Mod: HP is shown in percentages
|rule|Endless Battle Clause: Forcing endless battles is banned
|rule|Species Clause: Limit one of each Pokémon
|rule|OHKO Clause: OHKO moves are banned
|rule|Evasion Items Clause: Evasion items are banned
|rule|Evasion Moves Clause: Evasion moves are banned
|rule|Evasion Abilities Clause: Evasion abilities are banned
|rule|Sleep Moves Clause: Sleep-inducing moves are banned
|clearpoke
|poke|p1|Kyurem|
|poke|p1|Slowking, F|
|poke|p1|Walking Wake|
|poke|p1|Excadrill, M|
|poke|p1|Tornadus-Therian, M|
|poke|p1|Landorus-Therian, M|
|poke|p2|Comfey, M|
|poke|p2|Whimsicott, M|
|poke|p2|Iron Moth|
|poke|p2|Walking Wake|
|poke|p2|Great Tusk|
|poke|p2|Ninetales, M|
|teampreview
|
|t:|1760446707
|teamsize|p1|6
|teamsize|p2|6
|start
|switch|p1a: Slowking|Slowking, F, shiny|100/100
|switch|p2a: Ninetales|Ninetales, M|100/100
|-weather|SunnyDay|[from] ability: Drought|[of] p2a: Ninetales
|turn|1
|
|t:|1760446715
|switch|p2a: Whimsicott|Whimsicott, M|100/100
|-prepare|p1a: Slowking|Chilly Reception|[premajor]
|move|p1a: Slowking|Chilly Reception|p1a: Slowking
|-weather|Snowscape
|
|t:|1760446731
|switch|p1a: Kyurem|Kyurem, shiny|100/100|[from] Chilly Reception
|-ability|p1a: Kyurem|Pressure
|
|-weather|Snowscape|[upkeep]
|upkeep
|turn|2
|
|t:|1760446739
|switch|p2a: Ninetales|Ninetales, M|100/100
|-weather|SunnyDay|[from] ability: Drought|[of] p2a: Ninetales
|move|p1a: Kyurem|Ice Beam|p2a: Ninetales
|-resisted|p2a: Ninetales
|-damage|p2a: Ninetales|68/100
|
|-weather|SunnyDay|[upkeep]
|upkeep
|turn|3
|
|t:|1760446750
|switch|p1a: Slowking|Slowking, F, shiny|100/100
|move|p2a: Ninetales|Will-O-Wisp|p1a: Slowking
|-status|p1a: Slowking|brn
|
|-weather|SunnyDay|[upkeep]
|-damage|p1a: Slowking|94/100 brn|[from] brn
|upkeep
|turn|4
|
|t:|1760446760
|switch|p2a: Walking Wake|Walking Wake|100/100
|-activate|p2a: Walking Wake|ability: Protosynthesis
|-start|p2a: Walking Wake|protosynthesisspe
|-prepare|p1a: Slowking|Chilly Reception|[premajor]
|move|p1a: Slowking|Chilly Reception|p1a: Slowking
|-weather|Snowscape
|-end|p2a: Walking Wake|Protosynthesis
|
|t:|1760446765
|switch|p1a: Kyurem|Kyurem, shiny|100/100|[from] Chilly Reception
|-ability|p1a: Kyurem|Pressure
|
|-weather|Snowscape|[upkeep]
|upkeep
|turn|5
|
|t:|1760446773
|switch|p1a: Slowking|Slowking, F, shiny|100/100 brn
|move|p2a: Walking Wake|Flip Turn|p1a: Slowking
|-resisted|p1a: Slowking
|-damage|p1a: Slowking|93/100 brn
|
|t:|1760446789
|-end|p2a: Walking Wake|Protosynthesis|[silent]
|switch|p2a: Whimsicott|Whimsicott, M|100/100|[from] Flip Turn
|
|-weather|Snowscape|[upkeep]
|-damage|p1a: Slowking|87/100 brn|[from] brn
|upkeep
|turn|6
|
|t:|1760446801
|move|p2a: Whimsicott|Giga Drain|p1a: Slowking
|-supereffective|p1a: Slowking
|-damage|p1a: Slowking|39/100 brn
|-damage|p2a: Whimsicott|91/100|[from] item: Life Orb
|move|p1a: Slowking|Thunder Wave|p2a: Whimsicott
|-status|p2a: Whimsicott|par
|
|-weather|Snowscape|[upkeep]
|-damage|p1a: Slowking|32/100 brn|[from] brn
|upkeep
|turn|7
|
|t:|1760446814
|switch|p2a: Ninetales|Ninetales, M|68/100
|-weather|SunnyDay|[from] ability: Drought|[of] p2a: Ninetales
|switch|p1a: Landorus|Landorus-Therian, M|100/100
|-ability|p1a: Landorus|Intimidate|boost
|-unboost|p2a: Ninetales|atk|1
|
|-weather|SunnyDay|[upkeep]
|upkeep
|turn|8
|
|t:|1760446834
|switch|p2a: Whimsicott|Whimsicott, M|91/100 par
|move|p1a: Landorus|Stealth Rock|p2a: Whimsicott
|-sidestart|p2: full-doc|move: Stealth Rock
|
|-weather|SunnyDay|[upkeep]
|upkeep
|turn|9
|
|t:|1760446843
|move|p1a: Landorus|U-turn|p2a: Whimsicott
|-damage|p2a: Whimsicott|65/100 par
|
|t:|1760446849
|switch|p1a: Tornadus|Tornadus-Therian, M|100/100|[from] U-turn
|move|p2a: Whimsicott|Growth|p2a: Whimsicott
|-boost|p2a: Whimsicott|atk|2
|-boost|p2a: Whimsicott|spa|2
|
|-weather|SunnyDay|[upkeep]
|upkeep
|turn|10
|
|t:|1760446857
|move|p1a: Tornadus|Heat Wave|p2a: Whimsicott|[miss]
|-miss|p1a: Tornadus|p2a: Whimsicott
|move|p2a: Whimsicott|Moonblast|p1a: Tornadus
|-damage|p1a: Tornadus|0 fnt
|faint|p1a: Tornadus
|-damage|p2a: Whimsicott|56/100 par|[from] item: Life Orb
|
|-weather|SunnyDay|[upkeep]
|upkeep
|
|t:|1760446867
|switch|p1a: Excadrill|Excadrill, M|100/100
|-ability|p1a: Excadrill|Mold Breaker
|turn|11
|
|t:|1760446876
|-terastallize|p2a: Whimsicott|Ghost
|move|p1a: Excadrill|Iron Head|p2a: Whimsicott
|-damage|p2a: Whimsicott|1/100 par
|move|p2a: Whimsicott|Giga Drain|p1a: Excadrill
|-damage|p1a: Excadrill|0 fnt
|-heal|p2a: Whimsicott|60/100 par|[from] drain|[of] p1a: Excadrill
|faint|p1a: Excadrill
|-damage|p2a: Whimsicott|51/100 par|[from] item: Life Orb
|
|-weather|SunnyDay|[upkeep]
|upkeep
|
|t:|1760446914
|switch|p1a: Kyurem|Kyurem, shiny|100/100
|-ability|p1a: Kyurem|Pressure
|turn|12
|
|t:|1760446919
|-terastallize|p1a: Kyurem|Fairy
|move|p1a: Kyurem|Ice Beam|p2a: Whimsicott
|-crit|p2a: Whimsicott
|-damage|p2a: Whimsicott|0 fnt
|faint|p2a: Whimsicott
|
|-weather|SunnyDay|[upkeep]
|upkeep
|
|t:|1760446934
|switch|p2a: Iron Moth|Iron Moth|100/100
|-damage|p2a: Iron Moth|76/100|[from] Stealth Rock
|-enditem|p2a: Iron Moth|Booster Energy
|-activate|p2a: Iron Moth|ability: Quark Drive|[fromitem]
|-start|p2a: Iron Moth|quarkdrivespa
|turn|13
|
|t:|1760446955
|move|p2a: Iron Moth|Sludge Wave|p1a: Kyurem
|-supereffective|p1a: Kyurem
|-damage|p1a: Kyurem|0 fnt
|faint|p1a: Kyurem
|
|-weather|SunnyDay|[upkeep]
|upkeep
|
|t:|1760446958
|switch|p1a: Slowking|Slowking, F, shiny|66/100 brn
|turn|14
|
|t:|1760446963
|move|p2a: Iron Moth|Overheat|p1a: Slowking
|-resisted|p1a: Slowking
|-damage|p1a: Slowking|28/100 brn
|-unboost|p2a: Iron Moth|spa|2
|-prepare|p1a: Slowking|Chilly Reception|[premajor]
|move|p1a: Slowking|Chilly Reception|p1a: Slowking
|-weather|Snowscape
|
|t:|1760446966
|switch|p1a: Walking Wake|Walking Wake|100/100|[from] Chilly Reception
|
|-weather|Snowscape|[upkeep]
|upkeep
|turn|15
|-message|AlmightyHD forfeited.
|
|win|full-doc
|raw|AlmightyHD's rating: 1366 &rarr; <strong>1348</strong><br />(-18 for losing)
|raw|full-doc's rating: 1400 &rarr; <strong>1418</strong><br />(+18 for winning)
|l|☆AlmightyHD
|player|p1|
|l|☆full-doc
|player|p2|
