|j|☆Mist02
|j|☆ZeBoomer
|t:|1760359064
|gametype|singles
|player|p1|Mist02|266|1290
|player|p2|ZeBoomer|scientist-gen4dp|1241
|gen|9
|tier|[Gen 9] OU
|rated|
|rule|HP Percentage Mod: HP is shown in percentages
|rule|Endless Battle Clause: Forcing endless battles is banned
|rule|Species Clause: Limit one of each Pokémon
|rule|OHKO Clause: OHKO moves are banned
|rule|Evasion Items Clause: Evasion items are banned
|rule|Evasion Moves Clause: Evasion moves are banned
|rule|Evasion Abilities Clause: Evasion abilities are banned
|rule|Sleep Moves Clause: Sleep-inducing moves are banned
|clearpoke
|poke|p1|Regice|
|poke|p1|Ninetales-Alola, M|
|poke|p1|Slowking-Galar, M|
|poke|p1|Cetitan, M|
|poke|p1|Corviknight, M|
|poke|p1|Beartic, F|
|poke|p2|Iron Moth|
|poke|p2|Tyranitar, M|
|poke|p2|Gholdengo|
|poke|p2|Excadrill, F|
|poke|p2|Ogerpon-Wellspring, F|
|poke|p2|Vikavolt, M|
|teampreview
|inactive|Battle timer is ON: inactive players will automatically lose when time's up. (requested by ZeBoomer)
|
|t:|1760359075
|teamsize|p1|6
|teamsize|p2|6
|start
|switch|p1a: Ninetales|Ninetales-Alola, M|100/100
|switch|p2a: Tyranitar|Tyranitar, M|100/100
|-weather|Snowscape|[from] ability: Snow Warning|[of] p1a: Ninetales
|-weather|Sandstorm|[from] ability: Sand Stream|[of] p2a: Tyranitar
|turn|1
|
|t:|1760359085
|switch|p1a: Slowking|Slowking-Galar, M|100/100
|move|p2a: Tyranitar|Low Kick|p1a: Slowking
|-resisted|p1a: Slowking
|-damage|p1a: Slowking|93/100
|
|-weather|Sandstorm|[upkeep]
|-damage|p1a: Slowking|87/100|[from] Sandstorm
|upkeep
|turn|2
|
|t:|1760359093
|move|p2a: Tyranitar|Knock Off|p1a: Slowking
|-supereffective|p1a: Slowking
|-damage|p1a: Slowking|0 fnt
|-enditem|p1a: Slowking|Heavy-Duty Boots|[from] move: Knock Off|[of] p2a: Tyranitar
|faint|p1a: Slowking
|
|-weather|Sandstorm|[upkeep]
|upkeep
|
|t:|1760359099
|switch|p1a: Ninetales|Ninetales-Alola, M|100/100
|-weather|Snowscape|[from] ability: Snow Warning|[of] p1a: Ninetales
|turn|3
|
|t:|1760359105
|switch|p2a: Ogerpon|Ogerpon-Wellspring, F|100/100
|move|p1a: Ninetales|Aurora Veil|p1a: Ninetales
|-sidestart|p1: Mist02|move: Aurora Veil
|
|-weather|Snowscape|[upkeep]
|upkeep
|turn|4
|
|t:|1760359112
|switch|p1a: Cetitan|Cetitan, M|100/100
|move|p2a: Ogerpon|Encore||[still]
|-fail|p2a: Ogerpon
|
|-weather|Snowscape|[upkeep]
|upkeep
|turn|5
|
|t:|1760359118
|move|p1a: Cetitan|Icicle Crash|p2a: Ogerpon
|-damage|p2a: Ogerpon|38/100
|move|p2a: Ogerpon|Encore|p1a: Cetitan
|-start|p1a: Cetitan|Encore
|
|-weather|Snowscape|[upkeep]
|upkeep
|turn|6
|
|t:|1760359124
|-terastallize|p2a: Ogerpon|Water
|detailschange|p2a: Ogerpon|Ogerpon-Wellspring-Tera, F, tera:Water
|-ability|p2a: Ogerpon|Embody Aspect (Wellspring)|boost
|-boost|p2a: Ogerpon|spd|1
|move|p1a: Cetitan|Icicle Crash|p2a: Ogerpon
|-resisted|p2a: Ogerpon
|-damage|p2a: Ogerpon|8/100
|move|p2a: Ogerpon|Horn Leech|p1a: Cetitan
|-damage|p1a: Cetitan|85/100
|-heal|p2a: Ogerpon|21/100|[from] drain|[of] p1a: Cetitan
|
|-weather|Snowscape|[upkeep]
|upkeep
|turn|7
|
|t:|1760359137
|switch|p2a: Tyranitar|Tyranitar, M|100/100
|-weather|Sandstorm|[from] ability: Sand Stream|[of] p2a: Tyranitar
|move|p1a: Cetitan|Icicle Crash|p2a: Tyranitar|[miss]
|-miss|p1a: Cetitan|p2a: Tyranitar
|
|-weather|Sandstorm|[upkeep]
|-damage|p1a: Cetitan|79/100|[from] Sandstorm
|-sideend|p1: Mist02|move: Aurora Veil
|upkeep
|turn|8
|
|t:|1760359147
|switch|p1a: Ninetales|Ninetales-Alola, M|100/100
|-weather|Snowscape|[from] ability: Snow Warning|[of] p1a: Ninetales
|move|p2a: Tyranitar|Low Kick|p1a: Ninetales
|-damage|p1a: Ninetales|84/100
|
|-weather|Snowscape|[upkeep]
|upkeep
|turn|9
|
|t:|1760359155
|move|p1a: Ninetales|Aurora Veil|p1a: Ninetales
|-sidestart|p1: Mist02|move: Aurora Veil
|move|p2a: Tyranitar|Stealth Rock|p1a: Ninetales
|-sidestart|p1: Mist02|move: Stealth Rock
|
|-weather|Snowscape|[upkeep]
|upkeep
|turn|10
|
|t:|1760359168
|switch|p1a: Cetitan|Cetitan, M|79/100
|-damage|p1a: Cetitan|54/100|[from] Stealth Rock
|move|p2a: Tyranitar|Knock Off|p1a: Cetitan
|-damage|p1a: Cetitan|35/100
|-enditem|p1a: Cetitan|Sitrus Berry|[from] move: Knock Off|[of] p2a: Tyranitar
|
|-weather|Snowscape|[upkeep]
|upkeep
|turn|11
|
|t:|1760359179
|move|p1a: Cetitan|Earthquake|p2a: Tyranitar
|-supereffective|p2a: Tyranitar
|-damage|p2a: Tyranitar|45/100
|move|p2a: Tyranitar|Low Kick|p1a: Cetitan
|-supereffective|p1a: Cetitan
|-damage|p1a: Cetitan|0 fnt
|faint|p1a: Cetitan
|
|-weather|Snowscape|[upkeep]
|upkeep
|
|t:|1760359187
|switch|p1a: Beartic|Beartic, F|100/100
|-damage|p1a: Beartic|76/100|[from] Stealth Rock
|turn|12
|
|t:|1760359200
|switch|p2a: Iron Moth|Iron Moth|100/100
|-enditem|p2a: Iron Moth|Booster Energy
|-activate|p2a: Iron Moth|ability: Quark Drive|[fromitem]
|-start|p2a: Iron Moth|quarkdrivespe
|move|p1a: Beartic|Liquidation|p2a: Iron Moth
|-supereffective|p2a: Iron Moth
|-damage|p2a: Iron Moth|0 fnt
|faint|p2a: Iron Moth
|-end|p2a: Iron Moth|Quark Drive|[silent]
|
|-weather|Snowscape|[upkeep]
|upkeep
|
|t:|1760359215
|switch|p2a: Tyranitar|Tyranitar, M|45/100
|-weather|Sandstorm|[from] ability: Sand Stream|[of] p2a: Tyranitar
|turn|13
|
|t:|1760359219
|move|p1a: Beartic|Liquidation|p2a: Tyranitar
|-supereffective|p2a: Tyranitar
|-damage|p2a: Tyranitar|0 fnt
|faint|p2a: Tyranitar
|
|-weather|Sandstorm|[upkeep]
|-damage|p1a: Beartic|70/100|[from] Sandstorm
|-sideend|p1: Mist02|move: Aurora Veil
|upkeep
|
|t:|1760359222
|switch|p2a: Excadrill|Excadrill, F|100/100
|turn|14
|
|t:|1760359229
|switch|p1a: Ninetales|Ninetales-Alola, M|84/100
|-damage|p1a: Ninetales|59/100|[from] Stealth Rock
|-weather|Snowscape|[from] ability: Snow Warning|[of] p1a: Ninetales
|move|p2a: Excadrill|Swords Dance|p2a: Excadrill
|-boost|p2a: Excadrill|atk|2
|
|-weather|Snowscape|[upkeep]
|upkeep
|turn|15
|
|t:|1760359238
|move|p1a: Ninetales|Aurora Veil|p1a: Ninetales
|-sidestart|p1: Mist02|move: Aurora Veil
|move|p2a: Excadrill|Rapid Spin|p1a: Ninetales
|-damage|p1a: Ninetales|38/100
|-boost|p2a: Excadrill|spe|1
|
|-weather|Snowscape|[upkeep]
|upkeep
|turn|16
|
|t:|1760359244
|move|p2a: Excadrill|Iron Head|p1a: Ninetales
|-supereffective|p1a: Ninetales
|-damage|p1a: Ninetales|0 fnt
|faint|p1a: Ninetales
|
|-weather|Snowscape|[upkeep]
|upkeep
|
|t:|1760359250
|switch|p1a: Corviknight|Corviknight, M|100/100
|-damage|p1a: Corviknight|88/100|[from] Stealth Rock
|turn|17
|
|t:|1760359256
|move|p2a: Excadrill|Swords Dance|p2a: Excadrill
|-boost|p2a: Excadrill|atk|2
|move|p1a: Corviknight|Defog|p2a: Excadrill
|-unboost|p2a: Excadrill|evasion|1
|-sideend|p1: Mist02|Stealth Rock|[from] move: Defog|[of] p1a: Corviknight
|
|-weather|Snowscape|[upkeep]
|upkeep
|turn|18
|
|t:|1760359267
|move|p2a: Excadrill|Iron Head|p1a: Corviknight
|-resisted|p1a: Corviknight
|-damage|p1a: Corviknight|66/100
|-damage|p2a: Excadrill|84/100|[from] item: Rocky Helmet|[of] p1a: Corviknight
|move|p1a: Corviknight|U-turn|p2a: Excadrill
|-resisted|p2a: Excadrill
|-damage|p2a: Excadrill|73/100
|
|t:|1760359273
|switch|p1a: Beartic|Beartic, F|70/100|[from] U-turn
|
|-weather|Snowscape|[upkeep]
|upkeep
|turn|19
|
|t:|1760359286
|switch|p1a: Corviknight|Corviknight, M|66/100
|move|p2a: Excadrill|Iron Head|p1a: Corviknight
|-resisted|p1a: Corviknight
|-damage|p1a: Corviknight|46/100
|-damage|p2a: Excadrill|57/100|[from] item: Rocky Helmet|[of] p1a: Corviknight
|
|-weather|Snowscape|[upkeep]
|-sideend|p1: Mist02|move: Aurora Veil
|upkeep
|turn|20
|
|t:|1760359295
|move|p2a: Excadrill|Rapid Spin|p1a: Corviknight
|-resisted|p1a: Corviknight
|-damage|p1a: Corviknight|28/100
|-boost|p2a: Excadrill|spe|1
|-damage|p2a: Excadrill|40/100|[from] item: Rocky Helmet|[of] p1a: Corviknight
|move|p1a: Corviknight|Brave Bird|p2a: Excadrill
|-resisted|p2a: Excadrill
|-damage|p2a: Excadrill|13/100
|-damage|p1a: Corviknight|20/100|[from] Recoil
|
|-weather|Snowscape|[upkeep]
|upkeep
|turn|21
|
|t:|1760359304
|move|p2a: Excadrill|Iron Head|p1a: Corviknight
|-resisted|p1a: Corviknight
|-damage|p1a: Corviknight|0 fnt
|-damage|p2a: Excadrill|0 fnt|[from] item: Rocky Helmet|[of] p1a: Corviknight
|faint|p1a: Corviknight
|faint|p2a: Excadrill
|
|-weather|none
|upkeep
|
|t:|1760359314
|switch|p2a: Vikavolt|Vikavolt, M|100/100
|switch|p1a: Beartic|Beartic, F|70/100
|turn|22
|
|t:|1760359324
|move|p2a: Vikavolt|Discharge|p1a: Beartic
|-damage|p1a: Beartic|10/100
|-status|p1a: Beartic|par
|cant|p1a: Beartic|par
|
|upkeep
|turn|23
|
|t:|1760359331
|move|p2a: Vikavolt|Discharge|p1a: Beartic
|-damage|p1a: Beartic|0 fnt
|faint|p1a: Beartic
|
|upkeep
|
|t:|1760359335
|switch|p1a: Regice|Regice|100/100
|turn|24
|
|t:|1760359339
|move|p2a: Vikavolt|Discharge|p1a: Regice
|-damage|p1a: Regice|77/100
|-status|p1a: Regice|par
|move|p1a: Regice|Curse|p1a: Regice
|-unboost|p1a: Regice|spe|1
|-boost|p1a: Regice|atk|1
|-boost|p1a: Regice|def|1
|
|-heal|p1a: Regice|83/100 par|[from] item: Leftovers
|upkeep
|turn|25
|
|t:|1760359350
|switch|p2a: Ogerpon|Ogerpon-Wellspring-Tera, F, tera:Water|21/100
|-ability|p2a: Ogerpon|Embody Aspect (Wellspring)|boost
|-boost|p2a: Ogerpon|spd|1
|cant|p1a: Regice|par
|
|-heal|p1a: Regice|89/100 par|[from] item: Leftovers
|upkeep
|turn|26
|
|t:|1760359359
|move|p2a: Ogerpon|Encore|p1a: Regice
|-start|p1a: Regice|Encore
|cant|p1a: Regice|par
|
|-heal|p1a: Regice|95/100 par|[from] item: Leftovers
|upkeep
|turn|27
|
|t:|1760359365
|switch|p2a: Gholdengo|Gholdengo|100/100
|-item|p2a: Gholdengo|Air Balloon
|move|p1a: Regice|Curse|p1a: Regice
|-unboost|p1a: Regice|spe|1
|-boost|p1a: Regice|atk|1
|-boost|p1a: Regice|def|1
|
|-heal|p1a: Regice|100/100 par|[from] item: Leftovers
|upkeep
|turn|28
|c|☆ZeBoomer|gg
|
|t:|1760359375
|-terastallize|p1a: Regice|Water
|move|p2a: Gholdengo|Nasty Plot|p2a: Gholdengo
|-boost|p2a: Gholdengo|spa|2
|move|p1a: Regice|Curse|p1a: Regice
|-unboost|p1a: Regice|spe|1
|-boost|p1a: Regice|atk|1
|-boost|p1a: Regice|def|1
|
|-end|p1a: Regice|Encore
|upkeep
|turn|29
|
|t:|1760359386
|move|p2a: Gholdengo|Shadow Ball|p1a: Regice
|-damage|p1a: Regice|61/100 par
|move|p1a: Regice|Avalanche|p2a: Gholdengo
|-resisted|p2a: Gholdengo
|-damage|p2a: Gholdengo|60/100
|-enditem|p2a: Gholdengo|Air Balloon
|
|-heal|p1a: Regice|67/100 par|[from] item: Leftovers
|upkeep
|turn|30
|
|t:|1760359395
|move|p2a: Gholdengo|Nasty Plot|p2a: Gholdengo
|-boost|p2a: Gholdengo|spa|2
|move|p1a: Regice|Earthquake|p2a: Gholdengo
|-supereffective|p2a: Gholdengo
|-damage|p2a: Gholdengo|0 fnt
|faint|p2a: Gholdengo
|
|-heal|p1a: Regice|73/100 par|[from] item: Leftovers
|upkeep
|
|t:|1760359399
|switch|p2a: Vikavolt|Vikavolt, M|100/100
|turn|31
|
|t:|1760359407
|move|p2a: Vikavolt|Energy Ball|p1a: Regice
|-supereffective|p1a: Regice
|-crit|p1a: Regice
|-damage|p1a: Regice|24/100 par
|move|p1a: Regice|Earthquake|p2a: Vikavolt
|-immune|p2a: Vikavolt|[from] ability: Levitate
|
|-heal|p1a: Regice|30/100 par|[from] item: Leftovers
|upkeep
|turn|32
|
|t:|1760359416
|move|p2a: Vikavolt|Energy Ball|p1a: Regice
|-supereffective|p1a: Regice
|-damage|p1a: Regice|0 fnt
|faint|p1a: Regice
|
|win|ZeBoomer
|raw|Mist02's rating: 1290 &rarr; <strong>1261</strong><br />(-29 for losing)
|raw|ZeBoomer's rating: 1241 &rarr; <strong>1270</strong><br />(+29 for winning)
|l|☆Mist02
|player|p1|
|l|☆ZeBoomer
|player|p2|
