|j|☆skibidisksk
|j|☆CaptainOrb
|t:|1760310596
|gametype|singles
|player|p1|skibidisksk|101|1444
|player|p2|CaptainOrb|hilbert-wonderlauncher|1514
|gen|9
|tier|[Gen 9] OU
|rated|
|rule|HP Percentage Mod: HP is shown in percentages
|rule|Endless Battle Clause: Forcing endless battles is banned
|rule|Species Clause: Limit one of each Pokémon
|rule|OHKO Clause: OHKO moves are banned
|rule|Evasion Items Clause: Evasion items are banned
|rule|Evasion Moves Clause: Evasion moves are banned
|rule|Evasion Abilities Clause: Evasion abilities are banned
|rule|Sleep Moves Clause: Sleep-inducing moves are banned
|clearpoke
|poke|p1|Raging Bolt|
|poke|p1|Dragonite, M|
|poke|p1|Iron Valiant|
|poke|p1|Iron Moth|
|poke|p1|Landorus-Therian, M|
|poke|p1|Darkrai|
|poke|p2|Garganacl, F|
|poke|p2|Dragapult, F|
|poke|p2|Ogerpon-Wellspring, F|
|poke|p2|Moltres|
|poke|p2|Zamazenta-*|
|poke|p2|Iron Treads|
|teampreview
|inactive|Battle timer is ON: inactive players will automatically lose when time's up. (requested by skibidisksk)
|inactive|CaptainOrb has 120 seconds left.
|
|t:|1760310638
|teamsize|p1|6
|teamsize|p2|6
|start
|switch|p1a: Raging Bolt|Raging Bolt|100/100
|switch|p2a: Zamazenta|Zamazenta|100/100
|-ability|p2a: Zamazenta|Dauntless Shield|boost
|-boost|p2a: Zamazenta|def|1
|-enditem|p1a: Raging Bolt|Booster Energy
|-activate|p1a: Raging Bolt|ability: Protosynthesis|[fromitem]
|-start|p1a: Raging Bolt|protosynthesisspa
|turn|1
|
|t:|1760310647
|switch|p2a: Iron Treads|Iron Treads|100/100
|-terastallize|p1a: Raging Bolt|Fairy
|move|p1a: Raging Bolt|Dragon Pulse|p2a: Iron Treads
|-resisted|p2a: Iron Treads
|-damage|p2a: Iron Treads|75/100
|
|-heal|p2a: Iron Treads|81/100|[from] item: Leftovers
|upkeep
|turn|2
|
|t:|1760310656
|move|p1a: Raging Bolt|Calm Mind|p1a: Raging Bolt
|-boost|p1a: Raging Bolt|spa|1
|-boost|p1a: Raging Bolt|spd|1
|move|p2a: Iron Treads|Stealth Rock|p1a: Raging Bolt
|-sidestart|p1: skibidisksk|move: Stealth Rock
|
|-heal|p2a: Iron Treads|87/100|[from] item: Leftovers
|upkeep
|turn|3
|
|t:|1760310665
|move|p1a: Raging Bolt|Dragon Pulse|p2a: Iron Treads
|-resisted|p2a: Iron Treads
|-damage|p2a: Iron Treads|52/100
|move|p2a: Iron Treads|Knock Off|p1a: Raging Bolt
|-resisted|p1a: Raging Bolt
|-damage|p1a: Raging Bolt|92/100
|
|-heal|p2a: Iron Treads|58/100|[from] item: Leftovers
|upkeep
|turn|4
|
|t:|1760310673
|move|p1a: Raging Bolt|Dragon Pulse|p2a: Iron Treads
|-resisted|p2a: Iron Treads
|-damage|p2a: Iron Treads|21/100
|move|p2a: Iron Treads|Earthquake|p1a: Raging Bolt
|-damage|p1a: Raging Bolt|58/100
|
|-heal|p2a: Iron Treads|27/100|[from] item: Leftovers
|upkeep
|turn|5
|
|t:|1760310684
|move|p1a: Raging Bolt|Dragon Pulse|p2a: Iron Treads
|-resisted|p2a: Iron Treads
|-damage|p2a: Iron Treads|0 fnt
|faint|p2a: Iron Treads
|-end|p2a: Iron Treads|Quark Drive|[silent]
|
|upkeep
|
|t:|1760310693
|switch|p2a: Zamazenta|Zamazenta|100/100
|turn|6
|
|t:|1760310701
|move|p2a: Zamazenta|Heavy Slam|p1a: Raging Bolt
|-supereffective|p1a: Raging Bolt
|-damage|p1a: Raging Bolt|27/100
|move|p1a: Raging Bolt|Thunderbolt|p2a: Zamazenta
|-damage|p2a: Zamazenta|7/100
|
|upkeep
|turn|7
|
|t:|1760310711
|switch|p2a: Dragapult|Dragapult, F|100/100
|move|p1a: Raging Bolt|Thunderclap||[still]
|-fail|p1a: Raging Bolt
|
|upkeep
|turn|8
|
|t:|1760310719
|move|p1a: Raging Bolt|Thunderclap|p2a: Dragapult
|-resisted|p2a: Dragapult
|-damage|p2a: Dragapult|48/100
|move|p2a: Dragapult|Hex|p1a: Raging Bolt
|-damage|p1a: Raging Bolt|8/100
|
|upkeep
|turn|9
|
|t:|1760310735
|move|p1a: Raging Bolt|Thunderclap||[still]
|-fail|p1a: Raging Bolt
|move|p2a: Dragapult|Will-O-Wisp|p1a: Raging Bolt
|-status|p1a: Raging Bolt|brn
|
|-damage|p1a: Raging Bolt|2/100 brn|[from] brn
|upkeep
|turn|10
|
|t:|1760310744
|switch|p2a: Garganacl|Garganacl, F|100/100
|move|p1a: Raging Bolt|Thunderclap||[still]
|-fail|p1a: Raging Bolt
|
|-damage|p1a: Raging Bolt|0 fnt|[from] brn
|faint|p1a: Raging Bolt
|-end|p1a: Raging Bolt|Protosynthesis|[silent]
|upkeep
|
|t:|1760310752
|switch|p1a: Darkrai|Darkrai|100/100
|-damage|p1a: Darkrai|88/100|[from] Stealth Rock
|turn|11
|
|t:|1760310760
|switch|p2a: Dragapult|Dragapult, F|48/100
|move|p1a: Darkrai|Focus Blast|p2a: Dragapult
|-immune|p2a: Dragapult
|
|upkeep
|turn|12
|
|t:|1760310768
|switch|p1a: Iron Valiant|Iron Valiant|100/100
|-damage|p1a: Iron Valiant|94/100|[from] Stealth Rock
|-enditem|p1a: Iron Valiant|Booster Energy
|-activate|p1a: Iron Valiant|ability: Quark Drive|[fromitem]
|-start|p1a: Iron Valiant|quarkdrivespe
|move|p2a: Dragapult|U-turn|p1a: Iron Valiant
|-resisted|p1a: Iron Valiant
|-damage|p1a: Iron Valiant|89/100
|
|t:|1760310772
|switch|p2a: Moltres|Moltres|100/100|[from] U-turn
|
|upkeep
|turn|13
|
|t:|1760310780
|move|p1a: Iron Valiant|Thunderbolt|p2a: Moltres
|-supereffective|p2a: Moltres
|-damage|p2a: Moltres|49/100
|move|p2a: Moltres|Flamethrower|p1a: Iron Valiant
|-damage|p1a: Iron Valiant|18/100
|
|upkeep
|turn|14
|
|t:|1760310802
|-terastallize|p2a: Moltres|Fairy
|move|p1a: Iron Valiant|Thunderbolt|p2a: Moltres
|-damage|p2a: Moltres|26/100
|move|p2a: Moltres|Roost|p2a: Moltres
|-heal|p2a: Moltres|76/100
|
|upkeep
|turn|15
|
|t:|1760310810
|move|p1a: Iron Valiant|Encore|p2a: Moltres
|-start|p2a: Moltres|Encore
|move|p2a: Moltres|Roost|p2a: Moltres
|-heal|p2a: Moltres|100/100
|
|upkeep
|turn|16
|
|t:|1760310819
|switch|p2a: Dragapult|Dragapult, F|48/100
|move|p1a: Iron Valiant|Moonblast|p2a: Dragapult
|-supereffective|p2a: Dragapult
|-damage|p2a: Dragapult|0 fnt
|faint|p2a: Dragapult
|
|upkeep
|
|t:|1760310823
|switch|p2a: Moltres|Moltres, tera:Fairy|100/100
|turn|17
|
|t:|1760310831
|move|p1a: Iron Valiant|Moonblast|p2a: Moltres
|-damage|p2a: Moltres|61/100
|-unboost|p2a: Moltres|spa|1
|move|p2a: Moltres|Flamethrower|p1a: Iron Valiant
|-damage|p1a: Iron Valiant|0 fnt
|faint|p1a: Iron Valiant
|-end|p1a: Iron Valiant|Quark Drive|[silent]
|
|upkeep
|
|t:|1760310840
|switch|p1a: Darkrai|Darkrai|88/100
|-damage|p1a: Darkrai|76/100|[from] Stealth Rock
|turn|18
|
|t:|1760310849
|switch|p2a: Ogerpon|Ogerpon-Wellspring, F|100/100
|move|p1a: Darkrai|Nasty Plot|p1a: Darkrai
|-boost|p1a: Darkrai|spa|2
|
|upkeep
|turn|19
|
|t:|1760310857
|move|p1a: Darkrai|Dark Pulse|p2a: Ogerpon
|-damage|p2a: Ogerpon|0 fnt
|faint|p2a: Ogerpon
|-damage|p1a: Darkrai|66/100|[from] item: Life Orb
|
|upkeep
|
|t:|1760310861
|switch|p2a: Zamazenta|Zamazenta|7/100
|turn|20
|
|t:|1760310869
|switch|p2a: Moltres|Moltres, tera:Fairy|61/100
|move|p1a: Darkrai|Dark Pulse|p2a: Moltres
|-resisted|p2a: Moltres
|-damage|p2a: Moltres|14/100
|-damage|p1a: Darkrai|56/100|[from] item: Life Orb
|
|upkeep
|turn|21
|
|t:|1760310877
|move|p1a: Darkrai|Dark Pulse|p2a: Moltres
|-resisted|p2a: Moltres
|-damage|p2a: Moltres|0 fnt
|faint|p2a: Moltres
|-damage|p1a: Darkrai|46/100|[from] item: Life Orb
|
|upkeep
|
|t:|1760310879
|switch|p2a: Zamazenta|Zamazenta|7/100
|turn|22
|
|t:|1760310887
|move|p2a: Zamazenta|Close Combat|p1a: Darkrai
|-supereffective|p1a: Darkrai
|-damage|p1a: Darkrai|0 fnt
|-unboost|p2a: Zamazenta|def|1
|-unboost|p2a: Zamazenta|spd|1
|faint|p1a: Darkrai
|
|upkeep
|
|t:|1760310895
|switch|p1a: Dragonite|Dragonite, M|100/100
|turn|23
|
|t:|1760310903
|switch|p2a: Garganacl|Garganacl, F|100/100
|move|p1a: Dragonite|Dragon Dance|p1a: Dragonite
|-boost|p1a: Dragonite|atk|1
|-boost|p1a: Dragonite|spe|1
|
|upkeep
|turn|24
|
|t:|1760310910
|move|p1a: Dragonite|Dragon Dance|p1a: Dragonite
|-boost|p1a: Dragonite|atk|1
|-boost|p1a: Dragonite|spe|1
|move|p2a: Garganacl|Iron Defense|p2a: Garganacl
|-boost|p2a: Garganacl|def|2
|
|upkeep
|turn|25
|
|t:|1760310918
|move|p1a: Dragonite|Earthquake|p2a: Garganacl
|-supereffective|p2a: Garganacl
|-damage|p2a: Garganacl|53/100
|move|p2a: Garganacl|Iron Defense|p2a: Garganacl
|-boost|p2a: Garganacl|def|2
|
|-heal|p2a: Garganacl|60/100|[from] item: Leftovers
|upkeep
|turn|26
|
|t:|1760310931
|move|p1a: Dragonite|Earthquake|p2a: Garganacl
|-supereffective|p2a: Garganacl
|-damage|p2a: Garganacl|24/100
|move|p2a: Garganacl|Salt Cure|p1a: Dragonite
|-supereffective|p1a: Dragonite
|-damage|p1a: Dragonite|85/100
|-start|p1a: Dragonite|Salt Cure
|
|-heal|p2a: Garganacl|31/100|[from] item: Leftovers
|-damage|p1a: Dragonite|73/100|[from] Salt Cure
|upkeep
|turn|27
|-message|CaptainOrb forfeited.
|
|win|skibidisksk
|raw|skibidisksk's rating: 1444 &rarr; <strong>1468</strong><br />(+24 for winning)
|raw|CaptainOrb's rating: 1514 &rarr; <strong>1490</strong><br />(-24 for losing)
|l|☆CaptainOrb
|player|p2|
