|j|‽Legends of ZA
|j|☆jop90
|t:|1760415787
|gametype|singles
|player|p1|Legends of ZA|hero-conquest|1369
|player|p2|jop90|266|1417
|gen|9
|tier|[Gen 9] OU
|rated|
|rule|HP Percentage Mod: HP is shown in percentages
|rule|Endless Battle Clause: Forcing endless battles is banned
|rule|Species Clause: Limit one of each Pokémon
|rule|OHKO Clause: OHKO moves are banned
|rule|Evasion Items Clause: Evasion items are banned
|rule|Evasion Moves Clause: Evasion moves are banned
|rule|Evasion Abilities Clause: Evasion abilities are banned
|rule|Sleep Moves Clause: Sleep-inducing moves are banned
|clearpoke
|poke|p1|Alomomola, F|
|poke|p1|Garchomp, F|
|poke|p1|Darkrai|
|poke|p1|Iron Crown|
|poke|p1|Rillaboom, M|
|poke|p1|Hatterene, F|
|poke|p2|Araquanid, F|
|poke|p2|Scizor, M|
|poke|p2|Lokix, M|
|poke|p2|Yanmega, M|
|poke|p2|Forretress, F|
|poke|p2|Ribombee, M|
|teampreview
|
|t:|1760415813
|teamsize|p1|6
|teamsize|p2|6
|start
|switch|p1a: Garchomp|Garchomp, F|100/100
|switch|p2a: Lokix|Lokix, M|100/100
|turn|1
|
|t:|1760415835
|move|p2a: Lokix|U-turn|p1a: Garchomp
|-damage|p1a: Garchomp|72/100
|-damage|p2a: Lokix|88/100|[from] ability: Rough Skin|[of] p1a: Garchomp
|-damage|p2a: Lokix|72/100|[from] item: Rocky Helmet|[of] p1a: Garchomp
|
|t:|1760415839
|switch|p2a: Ribombee|Ribombee, M|100/100|[from] U-turn
|move|p1a: Garchomp|Stealth Rock|p2a: Ribombee
|-sidestart|p2: jop90|move: Stealth Rock
|
|upkeep
|turn|2
|
|t:|1760415845
|switch|p1a: Hatterene|Hatterene, F|100/100
|move|p2a: Ribombee|Moonblast|p1a: Hatterene
|-damage|p1a: Hatterene|57/100
|
|-heal|p1a: Hatterene|63/100|[from] item: Leftovers
|upkeep
|turn|3
|
|t:|1760415850
|move|p2a: Ribombee|Moonblast|p1a: Hatterene
|-damage|p1a: Hatterene|20/100
|-unboost|p1a: Hatterene|spa|1
|move|p1a: Hatterene|Draining Kiss|p2a: Ribombee
|-damage|p2a: Ribombee|75/100
|-heal|p1a: Hatterene|35/100|[from] drain|[of] p2a: Ribombee
|
|-heal|p1a: Hatterene|41/100|[from] item: Leftovers
|upkeep
|turn|4
|
|t:|1760415857
|switch|p1a: Alomomola|Alomomola, F|100/100
|move|p2a: Ribombee|Moonblast|p1a: Alomomola
|-damage|p1a: Alomomola|80/100
|-unboost|p1a: Alomomola|spa|1
|
|upkeep
|turn|5
|
|t:|1760415863
|switch|p1a: Hatterene|Hatterene, F|41/100
|move|p2a: Ribombee|Moonblast|p1a: Hatterene
|-damage|p1a: Hatterene|0 fnt
|faint|p1a: Hatterene
|
|upkeep
|
|t:|1760415873
|switch|p1a: Rillaboom|Rillaboom, M|100/100
|-fieldstart|move: Grassy Terrain|[from] ability: Grassy Surge|[of] p1a: Rillaboom
|turn|6
|
|t:|1760415881
|move|p1a: Rillaboom|Wood Hammer|p2a: Ribombee
|-resisted|p2a: Ribombee
|-damage|p2a: Ribombee|0 fnt
|faint|p2a: Ribombee
|-damage|p1a: Rillaboom|82/100|[from] Recoil
|
|-heal|p1a: Rillaboom|88/100|[from] Grassy Terrain
|upkeep
|
|t:|1760415887
|switch|p2a: Forretress|Forretress, F|100/100
|-damage|p2a: Forretress|88/100|[from] Stealth Rock
|turn|7
|
|t:|1760415891
|switch|p1a: Garchomp|Garchomp, F|72/100
|move|p2a: Forretress|Rapid Spin|p1a: Garchomp
|-damage|p1a: Garchomp|65/100
|-boost|p2a: Forretress|spe|1
|-damage|p2a: Forretress|76/100|[from] ability: Rough Skin|[of] p1a: Garchomp
|-damage|p2a: Forretress|59/100|[from] item: Rocky Helmet|[of] p1a: Garchomp
|-sideend|p2: jop90|Stealth Rock|[from] move: Rapid Spin|[of] p2a: Forretress
|
|-heal|p1a: Garchomp|71/100|[from] Grassy Terrain
|-heal|p2a: Forretress|65/100|[from] Grassy Terrain
|-heal|p2a: Forretress|71/100|[from] item: Leftovers
|upkeep
|turn|8
|
|t:|1760415898
|switch|p2a: Yanmega|Yanmega, M|100/100
|move|p1a: Garchomp|Stealth Rock|p2a: Yanmega
|-sidestart|p2: jop90|move: Stealth Rock
|
|-heal|p1a: Garchomp|77/100|[from] Grassy Terrain
|upkeep
|turn|9
|
|t:|1760415904
|move|p2a: Yanmega|Bug Buzz|p1a: Garchomp
|-damage|p1a: Garchomp|16/100
|move|p1a: Garchomp|Dragon Tail|p2a: Yanmega
|-damage|p2a: Yanmega|66/100
|drag|p2a: Scizor|Scizor, M|100/100
|
|-heal|p1a: Garchomp|22/100|[from] Grassy Terrain
|upkeep
|turn|10
|
|t:|1760415912
|move|p2a: Scizor|Defog|p1a: Garchomp
|-unboost|p1a: Garchomp|evasion|1
|-sideend|p2: jop90|Stealth Rock|[from] move: Defog|[of] p2a: Scizor
|-fieldend|move: Grassy Terrain
|move|p1a: Garchomp|Dragon Tail|p2a: Scizor
|-resisted|p2a: Scizor
|-damage|p2a: Scizor|87/100
|drag|p2a: Araquanid|Araquanid, F|100/100
|
|upkeep
|turn|11
|
|t:|1760415921
|move|p1a: Garchomp|Stealth Rock|p2a: Araquanid
|-sidestart|p2: jop90|move: Stealth Rock
|move|p2a: Araquanid|Hydro Pump|p1a: Garchomp
|-damage|p1a: Garchomp|0 fnt
|faint|p1a: Garchomp
|
|upkeep
|
|t:|1760415926
|switch|p1a: Alomomola|Alomomola, F|100/100
|turn|12
|
|t:|1760415931
|move|p2a: Araquanid|Leech Life|p1a: Alomomola
|-damage|p1a: Alomomola|78/100
|move|p1a: Alomomola|Mirror Coat||[still]
|-fail|p1a: Alomomola
|
|upkeep
|turn|13
|
|t:|1760415937
|move|p1a: Alomomola|Flip Turn|p2a: Araquanid
|-resisted|p2a: Araquanid
|-crit|p2a: Araquanid
|-damage|p2a: Araquanid|86/100
|
|t:|1760415943
|switch|p1a: Iron Crown|Iron Crown|100/100|[from] Flip Turn
|move|p2a: Araquanid|Leech Life|p1a: Iron Crown
|-damage|p1a: Iron Crown|68/100
|-heal|p2a: Araquanid|100/100|[from] drain|[of] p1a: Iron Crown
|
|upkeep
|turn|14
|
|t:|1760415947
|move|p1a: Iron Crown|Volt Switch|p2a: Araquanid
|-supereffective|p2a: Araquanid
|-damage|p2a: Araquanid|63/100
|
|t:|1760415950
|-end|p1a: Iron Crown|Quark Drive|[silent]
|switch|p1a: Rillaboom|Rillaboom, M|88/100|[from] Volt Switch
|-fieldstart|move: Grassy Terrain|[from] ability: Grassy Surge|[of] p1a: Rillaboom
|move|p2a: Araquanid|Mirror Coat|p1a: Rillaboom
|-damage|p1a: Rillaboom|13/100
|
|-heal|p1a: Rillaboom|19/100|[from] Grassy Terrain
|-heal|p2a: Araquanid|69/100|[from] Grassy Terrain
|upkeep
|turn|15
|
|t:|1760415963
|switch|p2a: Forretress|Forretress, F|71/100
|-damage|p2a: Forretress|59/100|[from] Stealth Rock
|move|p1a: Rillaboom|Wood Hammer|p2a: Forretress
|-resisted|p2a: Forretress
|-damage|p2a: Forretress|48/100
|-damage|p1a: Rillaboom|15/100|[from] Recoil
|
|-heal|p1a: Rillaboom|21/100|[from] Grassy Terrain
|-heal|p2a: Forretress|54/100|[from] Grassy Terrain
|-heal|p2a: Forretress|60/100|[from] item: Leftovers
|upkeep
|turn|16
|
|t:|1760415980
|switch|p1a: Iron Crown|Iron Crown|68/100
|move|p2a: Forretress|Rapid Spin|p1a: Iron Crown
|-resisted|p1a: Iron Crown
|-damage|p1a: Iron Crown|63/100
|-boost|p2a: Forretress|spe|1
|-sideend|p2: jop90|Stealth Rock|[from] move: Rapid Spin|[of] p2a: Forretress
|
|-heal|p1a: Iron Crown|69/100|[from] Grassy Terrain
|-heal|p2a: Forretress|66/100|[from] Grassy Terrain
|-heal|p2a: Forretress|73/100|[from] item: Leftovers
|upkeep
|turn|17
|
|t:|1760415987
|move|p1a: Iron Crown|Focus Blast|p2a: Forretress
|-damage|p2a: Forretress|0 fnt
|faint|p2a: Forretress
|
|-heal|p1a: Iron Crown|76/100|[from] Grassy Terrain
|upkeep
|
|t:|1760416009
|switch|p2a: Araquanid|Araquanid, F|69/100
|turn|18
|
|t:|1760416015
|-end|p1a: Iron Crown|Quark Drive|[silent]
|switch|p1a: Alomomola|Alomomola, F|100/100
|move|p2a: Araquanid|Leech Life|p1a: Alomomola
|-damage|p1a: Alomomola|80/100
|-heal|p2a: Araquanid|85/100|[from] drain|[of] p1a: Alomomola
|
|-heal|p1a: Alomomola|86/100|[from] Grassy Terrain
|-heal|p2a: Araquanid|92/100|[from] Grassy Terrain
|-fieldend|move: Grassy Terrain
|upkeep
|turn|19
|
|t:|1760416020
|move|p1a: Alomomola|Body Slam|p2a: Araquanid
|-damage|p2a: Araquanid|75/100
|-status|p2a: Araquanid|par
|cant|p2a: Araquanid|par
|
|upkeep
|turn|20
|
|t:|1760416027
|switch|p2a: Lokix|Lokix, M|72/100
|move|p1a: Alomomola|Flip Turn|p2a: Lokix
|-damage|p2a: Lokix|48/100
|
|t:|1760416034
|switch|p1a: Iron Crown|Iron Crown|76/100|[from] Flip Turn
|
|upkeep
|turn|21
|
|t:|1760416038
|-end|p1a: Iron Crown|Quark Drive|[silent]
|switch|p1a: Alomomola|Alomomola, F|100/100
|move|p2a: Lokix|Sucker Punch||[still]
|-fail|p2a: Lokix
|
|upkeep
|turn|22
|
|t:|1760416044
|switch|p2a: Araquanid|Araquanid, F|75/100 par
|move|p1a: Alomomola|Body Slam|p2a: Araquanid
|-damage|p2a: Araquanid|58/100 par
|
|upkeep
|turn|23
|
|t:|1760416052
|move|p1a: Alomomola|Body Slam|p2a: Araquanid
|-damage|p2a: Araquanid|43/100 par
|move|p2a: Araquanid|Leech Life|p1a: Alomomola
|-damage|p1a: Alomomola|77/100
|-heal|p2a: Araquanid|61/100 par|[from] drain|[of] p1a: Alomomola
|
|upkeep
|turn|24
|
|t:|1760416060
|move|p1a: Alomomola|Body Slam|p2a: Araquanid
|-damage|p2a: Araquanid|45/100 par
|move|p2a: Araquanid|Leech Life|p1a: Alomomola
|-damage|p1a: Alomomola|53/100
|-heal|p2a: Araquanid|64/100 par|[from] drain|[of] p1a: Alomomola
|
|upkeep
|turn|25
|
|t:|1760416068
|move|p1a: Alomomola|Flip Turn|p2a: Araquanid
|-resisted|p2a: Araquanid
|-damage|p2a: Araquanid|56/100 par
|
|t:|1760416071
|switch|p1a: Iron Crown|Iron Crown|76/100|[from] Flip Turn
|cant|p2a: Araquanid|par
|
|upkeep
|turn|26
|
|t:|1760416077
|move|p1a: Iron Crown|Psychic Noise|p2a: Araquanid
|-damage|p2a: Araquanid|26/100 par
|-start|p2a: Araquanid|move: Heal Block
|cant|p2a: Araquanid|par
|
|upkeep
|turn|27
|
|t:|1760416086
|switch|p2a: Lokix|Lokix, M|48/100
|move|p1a: Iron Crown|Psychic Noise|p2a: Lokix
|-immune|p2a: Lokix
|
|upkeep
|turn|28
|
|t:|1760416090
|-end|p1a: Iron Crown|Quark Drive|[silent]
|switch|p1a: Alomomola|Alomomola, F|87/100
|move|p2a: Lokix|Knock Off|p1a: Alomomola
|-damage|p1a: Alomomola|36/100
|-enditem|p1a: Alomomola|Assault Vest|[from] move: Knock Off|[of] p2a: Lokix
|
|upkeep
|turn|29
|
|t:|1760416096
|switch|p2a: Araquanid|Araquanid, F|26/100 par
|move|p1a: Alomomola|Flip Turn|p2a: Araquanid
|-resisted|p2a: Araquanid
|-damage|p2a: Araquanid|17/100 par
|
|t:|1760416101
|switch|p1a: Iron Crown|Iron Crown|76/100|[from] Flip Turn
|
|upkeep
|turn|30
|
|t:|1760416106
|move|p1a: Iron Crown|Volt Switch|p2a: Araquanid
|-supereffective|p2a: Araquanid
|-damage|p2a: Araquanid|0 fnt
|faint|p2a: Araquanid
|
|t:|1760416111
|-end|p1a: Iron Crown|Quark Drive|[silent]
|switch|p1a: Darkrai|Darkrai|100/100|[from] Volt Switch
|
|upkeep
|
|t:|1760416114
|switch|p2a: Lokix|Lokix, M|48/100
|turn|31
|
|t:|1760416120
|switch|p1a: Alomomola|Alomomola, F|69/100
|-terastallize|p2a: Lokix|Bug
|move|p2a: Lokix|First Impression|p1a: Alomomola
|-damage|p1a: Alomomola|12/100
|
|upkeep
|turn|32
|
|t:|1760416130
|switch|p2a: Scizor|Scizor, M|87/100
|switch|p1a: Iron Crown|Iron Crown|76/100
|
|upkeep
|turn|33
|
|t:|1760416139
|move|p1a: Iron Crown|Focus Blast|p2a: Scizor|[miss]
|-miss|p1a: Iron Crown|p2a: Scizor
|move|p2a: Scizor|Swords Dance|p2a: Scizor
|-boost|p2a: Scizor|atk|2
|
|upkeep
|turn|34
|
|t:|1760416142
|move|p2a: Scizor|Bullet Punch|p1a: Iron Crown
|-resisted|p1a: Iron Crown
|-damage|p1a: Iron Crown|40/100
|move|p1a: Iron Crown|Focus Blast|p2a: Scizor
|-damage|p2a: Scizor|21/100
|
|upkeep
|turn|35
|
|t:|1760416147
|move|p2a: Scizor|Bullet Punch|p1a: Iron Crown
|-resisted|p1a: Iron Crown
|-damage|p1a: Iron Crown|5/100
|move|p1a: Iron Crown|Focus Blast|p2a: Scizor
|-damage|p2a: Scizor|0 fnt
|faint|p2a: Scizor
|
|upkeep
|
|t:|1760416153
|switch|p2a: Lokix|Lokix, M, tera:Bug|48/100
|turn|36
|
|t:|1760416161
|move|p1a: Iron Crown|Focus Blast|p2a: Lokix
|-resisted|p2a: Lokix
|-damage|p2a: Lokix|0 fnt
|faint|p2a: Lokix
|
|upkeep
|
|t:|1760416163
|switch|p2a: Yanmega|Yanmega, M|66/100
|turn|37
|
|t:|1760416168
|move|p1a: Iron Crown|Focus Blast|p2a: Yanmega
|-resisted|p2a: Yanmega
|-damage|p2a: Yanmega|38/100
|move|p2a: Yanmega|Bug Buzz|p1a: Iron Crown
|-damage|p1a: Iron Crown|0 fnt
|faint|p1a: Iron Crown
|-end|p1a: Iron Crown|Quark Drive|[silent]
|
|upkeep
|
|t:|1760416171
|switch|p1a: Alomomola|Alomomola, F|45/100
|turn|38
|
|t:|1760416176
|switch|p1a: Darkrai|Darkrai|100/100
|move|p2a: Yanmega|Bug Buzz|p1a: Darkrai
|-supereffective|p1a: Darkrai
|-damage|p1a: Darkrai|0 fnt
|faint|p1a: Darkrai
|
|upkeep
|
|t:|1760416182
|switch|p1a: Alomomola|Alomomola, F|78/100
|turn|39
|
|t:|1760416185
|move|p2a: Yanmega|Bug Buzz|p1a: Alomomola
|-damage|p1a: Alomomola|30/100
|move|p1a: Alomomola|Mirror Coat|p2a: Yanmega
|-damage|p2a: Yanmega|0 fnt
|faint|p2a: Yanmega
|
|win|Legends of ZA
|raw|Legends of ZA's rating: 1369 &rarr; <strong>1392</strong><br />(+23 for winning)
|raw|jop90's rating: 1417 &rarr; <strong>1394</strong><br />(-23 for losing)
|l|☆jop90
|player|p2|
