|j|☆takeyouout
|j|☆napkin_56
|t:|1760429829
|gametype|singles
|player|p1|takeyouout|richboy|1577
|player|p2|napkin_56|policeman-gen4|1498
|gen|9
|tier|[Gen 9] OU
|rated|
|rule|HP Percentage Mod: HP is shown in percentages
|rule|Endless Battle Clause: Forcing endless battles is banned
|rule|Species Clause: Limit one of each Pokémon
|rule|OHKO Clause: OHKO moves are banned
|rule|Evasion Items Clause: Evasion items are banned
|rule|Evasion Moves Clause: Evasion moves are banned
|rule|Evasion Abilities Clause: Evasion abilities are banned
|rule|Sleep Moves Clause: Sleep-inducing moves are banned
|clearpoke
|poke|p1|Tyranitar, F|
|poke|p1|Alomomola, F|
|poke|p1|Garganacl, M|
|poke|p1|Tornadus-Therian, M|
|poke|p1|Corviknight, M|
|poke|p1|Cinderace, F|
|poke|p2|Dragapult, F|
|poke|p2|Excadrill, M|
|poke|p2|Tyranitar, F|
|poke|p2|Clefable, M|
|poke|p2|Zapdos|
|poke|p2|Ogerpon-Wellspring, F|
|teampreview
|inactive|Battle timer is ON: inactive players will automatically lose when time's up. (requested by napkin_56)
|
|t:|1760429843
|teamsize|p1|6
|teamsize|p2|6
|start
|switch|p1a: 77|Cinderace, F|100/100
|switch|p2a: Dragapult|Dragapult, F|100/100
|turn|1
|
|t:|1760429852
|switch|p2a: Zapdos|Zapdos|100/100
|switch|p1a: RockIce|Garganacl, M|100/100
|
|upkeep
|turn|2
|
|t:|1760429856
|move|p2a: Zapdos|Volt Switch|p1a: RockIce
|-damage|p1a: RockIce|81/100
|
|t:|1760429862
|switch|p2a: Clefable|Clefable, M|100/100|[from] Volt Switch
|move|p1a: RockIce|Salt Cure|p2a: Clefable
|-damage|p2a: Clefable|89/100
|-start|p2a: Clefable|Salt Cure
|
|-heal|p2a: Clefable|95/100|[from] item: Leftovers
|-heal|p1a: RockIce|87/100|[from] item: Leftovers
|-damage|p2a: Clefable|82/100|[from] Salt Cure
|upkeep
|turn|3
|
|t:|1760429865
|move|p2a: Clefable|Wish|p2a: Clefable
|move|p1a: RockIce|Curse|p1a: RockIce
|-unboost|p1a: RockIce|spe|1
|-boost|p1a: RockIce|atk|1
|-boost|p1a: RockIce|def|1
|
|-heal|p2a: Clefable|89/100|[from] item: Leftovers
|-heal|p1a: RockIce|93/100|[from] item: Leftovers
|-damage|p2a: Clefable|76/100|[from] Salt Cure
|upkeep
|turn|4
|
|t:|1760429871
|switch|p2a: Ogerpon|Ogerpon-Wellspring, F|100/100
|move|p1a: RockIce|Salt Cure|p2a: Ogerpon
|-damage|p2a: Ogerpon|73/100
|-start|p2a: Ogerpon|Salt Cure
|
|-heal|p2a: Ogerpon|100/100|[from] move: Wish|[wisher] Clefable
|-heal|p1a: RockIce|99/100|[from] item: Leftovers
|-damage|p2a: Ogerpon|76/100|[from] Salt Cure
|upkeep
|turn|5
|
|t:|1760429875
|move|p2a: Ogerpon|Swords Dance|p2a: Ogerpon
|-boost|p2a: Ogerpon|atk|2
|move|p1a: RockIce|Salt Cure|p2a: Ogerpon
|-damage|p2a: Ogerpon|47/100
|
|-heal|p1a: RockIce|100/100|[from] item: Leftovers
|-damage|p2a: Ogerpon|22/100|[from] Salt Cure
|upkeep
|turn|6
|
|t:|1760429880
|move|p1a: RockIce|Protect|p1a: RockIce
|-singleturn|p1a: RockIce|Protect
|move|p2a: Ogerpon|Ivy Cudgel|p1a: RockIce|[anim] Ivy Cudgel Water
|-activate|p1a: RockIce|move: Protect
|
|-damage|p2a: Ogerpon|0 fnt|[from] Salt Cure
|faint|p2a: Ogerpon
|upkeep
|
|t:|1760429886
|switch|p2a: Excadrill|Excadrill, M|100/100
|-item|p2a: Excadrill|Air Balloon
|turn|7
|
|t:|1760429890
|move|p2a: Excadrill|Swords Dance|p2a: Excadrill
|-boost|p2a: Excadrill|atk|2
|move|p1a: RockIce|Salt Cure|p2a: Excadrill
|-resisted|p2a: Excadrill
|-damage|p2a: Excadrill|93/100
|-start|p2a: Excadrill|Salt Cure
|-enditem|p2a: Excadrill|Air Balloon
|
|-damage|p2a: Excadrill|68/100|[from] Salt Cure
|upkeep
|turn|8
|
|t:|1760429892
|switch|p1a: Starscream|Corviknight, M, shiny|100/100
|-ability|p1a: Starscream|Pressure
|move|p2a: Excadrill|Earthquake|p1a: Starscream
|-immune|p1a: Starscream
|
|-damage|p2a: Excadrill|43/100|[from] Salt Cure
|upkeep
|turn|9
|
|t:|1760429900
|switch|p2a: Dragapult|Dragapult, F|100/100
|move|p1a: Starscream|Agility|p1a: Starscream
|-boost|p1a: Starscream|spe|2
|
|upkeep
|turn|10
|
|t:|1760429905
|move|p2a: Dragapult|Flamethrower|p1a: Starscream
|-supereffective|p1a: Starscream
|-crit|p1a: Starscream
|-damage|p1a: Starscream|0 fnt
|faint|p1a: Starscream
|
|upkeep
|
|t:|1760429911
|switch|p1a: Broomhilda|Tyranitar, F, shiny|100/100
|-weather|Sandstorm|[from] ability: Sand Stream|[of] p1a: Broomhilda
|turn|11
|
|t:|1760429918
|switch|p2a: Zapdos|Zapdos|100/100
|move|p1a: Broomhilda|Knock Off|p2a: Zapdos
|-damage|p2a: Zapdos|68/100
|-enditem|p2a: Zapdos|Heavy-Duty Boots|[from] move: Knock Off|[of] p1a: Broomhilda
|
|-weather|Sandstorm|[upkeep]
|-damage|p2a: Zapdos|62/100|[from] Sandstorm
|upkeep
|turn|12
|
|t:|1760429921
|move|p2a: Zapdos|Volt Switch|p1a: Broomhilda
|-damage|p1a: Broomhilda|87/100
|
|t:|1760429925
|switch|p2a: Tyranitar|Tyranitar, F|100/100|[from] Volt Switch
|move|p1a: Broomhilda|Stealth Rock|p2a: Tyranitar
|-sidestart|p2: napkin_56|move: Stealth Rock
|
|-weather|Sandstorm|[upkeep]
|upkeep
|turn|13
|
|t:|1760429929
|switch|p1a: Wall Maria|Alomomola, F, shiny|100/100
|move|p2a: Tyranitar|Knock Off|p1a: Wall Maria
|-damage|p1a: Wall Maria|73/100
|-damage|p2a: Tyranitar|84/100|[from] item: Rocky Helmet|[of] p1a: Wall Maria
|-enditem|p1a: Wall Maria|Rocky Helmet|[from] move: Knock Off|[of] p2a: Tyranitar
|
|-weather|Sandstorm|[upkeep]
|-damage|p1a: Wall Maria|67/100|[from] Sandstorm
|upkeep
|turn|14
|
|t:|1760429932
|move|p2a: Tyranitar|Stealth Rock|p1a: Wall Maria
|-sidestart|p1: takeyouout|move: Stealth Rock
|move|p1a: Wall Maria|Flip Turn|p2a: Tyranitar
|-supereffective|p2a: Tyranitar
|-damage|p2a: Tyranitar|59/100
|
|t:|1760429935
|switch|p1a: 77|Cinderace, F|100/100|[from] Flip Turn
|
|-weather|Sandstorm|[upkeep]
|-damage|p1a: 77|95/100|[from] Sandstorm
|upkeep
|turn|15
|
|t:|1760429940
|switch|p2a: Clefable|Clefable, M|76/100
|-damage|p2a: Clefable|64/100|[from] Stealth Rock
|move|p1a: 77|U-turn|p2a: Clefable
|-start|p1a: 77|typechange|Bug|[from] ability: Libero
|-resisted|p2a: Clefable
|-damage|p2a: Clefable|50/100
|
|t:|1760429946
|switch|p1a: 99|Tornadus-Therian, M|100/100|[from] U-turn
|-damage|p1a: 99|76/100|[from] Stealth Rock
|
|-weather|none
|-heal|p2a: Clefable|57/100|[from] item: Leftovers
|upkeep
|turn|16
|
|t:|1760429948
|move|p2a: Clefable|Protect|p2a: Clefable
|-singleturn|p2a: Clefable|Protect
|move|p1a: 99|Bleakwind Storm|p2a: Clefable
|-activate|p2a: Clefable|move: Protect
|
|-heal|p2a: Clefable|63/100|[from] item: Leftovers
|upkeep
|turn|17
|
|t:|1760429950
|move|p1a: 99|Nasty Plot|p1a: 99
|-boost|p1a: 99|spa|2
|move|p2a: Clefable|Thunder Wave|p1a: 99
|-status|p1a: 99|par
|
|-heal|p2a: Clefable|69/100|[from] item: Leftovers
|upkeep
|turn|18
|
|t:|1760429953
|cant|p1a: 99|par
|move|p2a: Clefable|Wish|p2a: Clefable
|
|-heal|p2a: Clefable|75/100|[from] item: Leftovers
|upkeep
|turn|19
|
|t:|1760429957
|move|p2a: Clefable|Protect|p2a: Clefable
|-singleturn|p2a: Clefable|Protect
|cant|p1a: 99|par
|
|-heal|p2a: Clefable|100/100|[from] move: Wish|[wisher] Clefable
|upkeep
|turn|20
|
|t:|1760429959
|switch|p2a: Tyranitar|Tyranitar, F|59/100
|-weather|Sandstorm|[from] ability: Sand Stream|[of] p2a: Tyranitar
|move|p1a: 99|Bleakwind Storm|p2a: Tyranitar
|-resisted|p2a: Tyranitar
|-damage|p2a: Tyranitar|27/100
|-damage|p1a: 99|66/100 par|[from] item: Life Orb
|
|-weather|Sandstorm|[upkeep]
|-damage|p1a: 99|60/100 par|[from] Sandstorm
|upkeep
|turn|21
|
|t:|1760429962
|move|p1a: 99|Bleakwind Storm|p2a: Tyranitar
|-resisted|p2a: Tyranitar
|-damage|p2a: Tyranitar|0 fnt
|faint|p2a: Tyranitar
|-damage|p1a: 99|50/100 par|[from] item: Life Orb
|
|-weather|Sandstorm|[upkeep]
|-damage|p1a: 99|44/100 par|[from] Sandstorm
|upkeep
|
|t:|1760429968
|switch|p2a: Zapdos|Zapdos|62/100
|-damage|p2a: Zapdos|37/100|[from] Stealth Rock
|turn|22
|
|t:|1760429971
|switch|p1a: RockIce|Garganacl, M|100/100
|-damage|p1a: RockIce|88/100|[from] Stealth Rock
|move|p2a: Zapdos|Thunderbolt|p1a: RockIce
|-damage|p1a: RockIce|72/100
|
|-weather|Sandstorm|[upkeep]
|-damage|p2a: Zapdos|31/100|[from] Sandstorm
|-heal|p1a: RockIce|78/100|[from] item: Leftovers
|upkeep
|turn|23
|
|t:|1760429975
|move|p2a: Zapdos|Volt Switch|p1a: RockIce
|-damage|p1a: RockIce|66/100
|
|t:|1760429977
|switch|p2a: Clefable|Clefable, M|100/100|[from] Volt Switch
|-damage|p2a: Clefable|88/100|[from] Stealth Rock
|move|p1a: RockIce|Curse|p1a: RockIce
|-unboost|p1a: RockIce|spe|1
|-boost|p1a: RockIce|atk|1
|-boost|p1a: RockIce|def|1
|
|-weather|Sandstorm|[upkeep]
|-damage|p2a: Clefable|82/100|[from] Sandstorm
|-heal|p2a: Clefable|88/100|[from] item: Leftovers
|-heal|p1a: RockIce|72/100|[from] item: Leftovers
|upkeep
|turn|24
|
|t:|1760429981
|move|p2a: Clefable|Moonblast|p1a: RockIce
|-damage|p1a: RockIce|59/100
|move|p1a: RockIce|Curse|p1a: RockIce
|-unboost|p1a: RockIce|spe|1
|-boost|p1a: RockIce|atk|1
|-boost|p1a: RockIce|def|1
|
|-weather|none
|-heal|p2a: Clefable|94/100|[from] item: Leftovers
|-heal|p1a: RockIce|65/100|[from] item: Leftovers
|upkeep
|turn|25
|
|t:|1760429985
|move|p2a: Clefable|Wish|p2a: Clefable
|move|p1a: RockIce|Salt Cure|p2a: Clefable
|-damage|p2a: Clefable|84/100
|-start|p2a: Clefable|Salt Cure
|
|-heal|p2a: Clefable|90/100|[from] item: Leftovers
|-heal|p1a: RockIce|71/100|[from] item: Leftovers
|-damage|p2a: Clefable|78/100|[from] Salt Cure
|upkeep
|turn|26
|
|t:|1760429987
|move|p2a: Clefable|Moonblast|p1a: RockIce
|-damage|p1a: RockIce|50/100
|move|p1a: RockIce|Curse|p1a: RockIce
|-unboost|p1a: RockIce|spe|1
|-boost|p1a: RockIce|atk|1
|-boost|p1a: RockIce|def|1
|
|-heal|p2a: Clefable|100/100|[from] move: Wish|[wisher] Clefable
|-heal|p1a: RockIce|56/100|[from] item: Leftovers
|-damage|p2a: Clefable|88/100|[from] Salt Cure
|upkeep
|turn|27
|
|t:|1760429989
|move|p2a: Clefable|Moonblast|p1a: RockIce
|-crit|p1a: RockIce
|-damage|p1a: RockIce|23/100
|move|p1a: RockIce|Curse|p1a: RockIce
|-unboost|p1a: RockIce|spe|1
|-boost|p1a: RockIce|atk|1
|-boost|p1a: RockIce|def|1
|
|-heal|p2a: Clefable|94/100|[from] item: Leftovers
|-heal|p1a: RockIce|29/100|[from] item: Leftovers
|-damage|p2a: Clefable|82/100|[from] Salt Cure
|upkeep
|turn|28
|
|t:|1760429994
|move|p1a: RockIce|Protect|p1a: RockIce
|-singleturn|p1a: RockIce|Protect
|move|p2a: Clefable|Wish|p2a: Clefable
|
|-heal|p2a: Clefable|88/100|[from] item: Leftovers
|-heal|p1a: RockIce|35/100|[from] item: Leftovers
|-damage|p2a: Clefable|75/100|[from] Salt Cure
|upkeep
|turn|29
|
|t:|1760429995
|move|p2a: Clefable|Moonblast|p1a: RockIce
|-damage|p1a: RockIce|14/100
|-unboost|p1a: RockIce|spa|1
|move|p1a: RockIce|Recover|p1a: RockIce
|-heal|p1a: RockIce|64/100
|
|-heal|p2a: Clefable|100/100|[from] move: Wish|[wisher] Clefable
|-heal|p1a: RockIce|71/100|[from] item: Leftovers
|-damage|p2a: Clefable|88/100|[from] Salt Cure
|upkeep
|turn|30
|
|t:|1760429997
|move|p2a: Clefable|Moonblast|p1a: RockIce
|-damage|p1a: RockIce|50/100
|-unboost|p1a: RockIce|spa|1
|move|p1a: RockIce|Salt Cure|p2a: Clefable
|-damage|p2a: Clefable|77/100
|
|-heal|p2a: Clefable|83/100|[from] item: Leftovers
|-heal|p1a: RockIce|57/100|[from] item: Leftovers
|-damage|p2a: Clefable|71/100|[from] Salt Cure
|upkeep
|turn|31
|
|t:|1760430000
|move|p1a: RockIce|Protect|p1a: RockIce
|-singleturn|p1a: RockIce|Protect
|move|p2a: Clefable|Moonblast|p1a: RockIce
|-activate|p1a: RockIce|move: Protect
|
|-heal|p2a: Clefable|77/100|[from] item: Leftovers
|-heal|p1a: RockIce|63/100|[from] item: Leftovers
|-damage|p2a: Clefable|64/100|[from] Salt Cure
|upkeep
|turn|32
|
|t:|1760430002
|move|p2a: Clefable|Wish|p2a: Clefable
|move|p1a: RockIce|Salt Cure|p2a: Clefable
|-damage|p2a: Clefable|53/100
|
|-heal|p2a: Clefable|59/100|[from] item: Leftovers
|-heal|p1a: RockIce|69/100|[from] item: Leftovers
|-damage|p2a: Clefable|46/100|[from] Salt Cure
|upkeep
|turn|33
|
|t:|1760430004
|move|p2a: Clefable|Moonblast|p1a: RockIce
|-damage|p1a: RockIce|49/100
|-unboost|p1a: RockIce|spa|1
|move|p1a: RockIce|Curse|p1a: RockIce
|-unboost|p1a: RockIce|spe|1
|-boost|p1a: RockIce|atk|1
|-boost|p1a: RockIce|def|1
|
|-heal|p2a: Clefable|96/100|[from] move: Wish|[wisher] Clefable
|-heal|p2a: Clefable|100/100|[from] item: Leftovers
|-heal|p1a: RockIce|55/100|[from] item: Leftovers
|-damage|p2a: Clefable|88/100|[from] Salt Cure
|upkeep
|turn|34
|
|t:|1760430006
|move|p2a: Clefable|Moonblast|p1a: RockIce
|-damage|p1a: RockIce|35/100
|move|p1a: RockIce|Salt Cure|p2a: Clefable
|-damage|p2a: Clefable|78/100
|
|-heal|p2a: Clefable|84/100|[from] item: Leftovers
|-heal|p1a: RockIce|41/100|[from] item: Leftovers
|-damage|p2a: Clefable|72/100|[from] Salt Cure
|upkeep
|turn|35
|
|t:|1760430009
|move|p1a: RockIce|Protect|p1a: RockIce
|-singleturn|p1a: RockIce|Protect
|move|p2a: Clefable|Moonblast|p1a: RockIce
|-activate|p1a: RockIce|move: Protect
|
|-heal|p2a: Clefable|78/100|[from] item: Leftovers
|-heal|p1a: RockIce|47/100|[from] item: Leftovers
|-damage|p2a: Clefable|65/100|[from] Salt Cure
|upkeep
|turn|36
|
|t:|1760430010
|move|p2a: Clefable|Wish|p2a: Clefable
|move|p1a: RockIce|Recover|p1a: RockIce
|-heal|p1a: RockIce|97/100
|
|-heal|p2a: Clefable|71/100|[from] item: Leftovers
|-heal|p1a: RockIce|100/100|[from] item: Leftovers
|-damage|p2a: Clefable|59/100|[from] Salt Cure
|upkeep
|turn|37
|
|t:|1760430013
|switch|p1a: 77|Cinderace, F|95/100
|move|p2a: Clefable|Moonblast|p1a: 77
|-resisted|p1a: 77
|-damage|p1a: 77|71/100
|-unboost|p1a: 77|spa|1
|
|-heal|p2a: Clefable|100/100|[from] move: Wish|[wisher] Clefable
|-damage|p2a: Clefable|88/100|[from] Salt Cure
|upkeep
|turn|38
|
|t:|1760430017
|move|p2a: Clefable|Protect|p2a: Clefable
|-singleturn|p2a: Clefable|Protect
|move|p1a: 77|Gunk Shot|p2a: Clefable
|-start|p1a: 77|typechange|Poison|[from] ability: Libero
|-activate|p2a: Clefable|move: Protect
|
|-heal|p2a: Clefable|94/100|[from] item: Leftovers
|-damage|p2a: Clefable|82/100|[from] Salt Cure
|upkeep
|turn|39
|
|t:|1760430021
|switch|p2a: Dragapult|Dragapult, F|100/100
|-damage|p2a: Dragapult|88/100|[from] Stealth Rock
|move|p1a: 77|Pyro Ball|p2a: Dragapult
|-resisted|p2a: Dragapult
|-damage|p2a: Dragapult|60/100
|
|upkeep
|turn|40
|
|t:|1760430025
|switch|p1a: Wall Maria|Alomomola, F, shiny|99/100
|-damage|p1a: Wall Maria|88/100|[from] Stealth Rock
|move|p2a: Dragapult|Draco Meteor|p1a: Wall Maria
|-damage|p1a: Wall Maria|5/100
|-unboost|p2a: Dragapult|spa|2
|
|upkeep
|turn|41
|
|t:|1760430028
|switch|p1a: RockIce|Garganacl, M|100/100
|-damage|p1a: RockIce|88/100|[from] Stealth Rock
|move|p2a: Dragapult|Draco Meteor|p1a: RockIce
|-damage|p1a: RockIce|58/100
|-unboost|p2a: Dragapult|spa|2
|
|-heal|p1a: RockIce|64/100|[from] item: Leftovers
|upkeep
|turn|42
|
|t:|1760430031
|switch|p2a: Clefable|Clefable, M|82/100
|-damage|p2a: Clefable|69/100|[from] Stealth Rock
|move|p1a: RockIce|Salt Cure|p2a: Clefable
|-damage|p2a: Clefable|58/100
|-start|p2a: Clefable|Salt Cure
|
|-heal|p2a: Clefable|64/100|[from] item: Leftovers
|-heal|p1a: RockIce|71/100|[from] item: Leftovers
|-damage|p2a: Clefable|51/100|[from] Salt Cure
|upkeep
|turn|43
|
|t:|1760430034
|switch|p1a: 77|Cinderace, F|71/100
|move|p2a: Clefable|Wish|p2a: Clefable
|
|-heal|p2a: Clefable|57/100|[from] item: Leftovers
|-damage|p2a: Clefable|45/100|[from] Salt Cure
|upkeep
|turn|44
|
|t:|1760430037
|move|p2a: Clefable|Protect|p2a: Clefable
|-singleturn|p2a: Clefable|Protect
|move|p1a: 77|Gunk Shot|p2a: Clefable
|-start|p1a: 77|typechange|Poison|[from] ability: Libero
|-activate|p2a: Clefable|move: Protect
|
|-heal|p2a: Clefable|95/100|[from] move: Wish|[wisher] Clefable
|-heal|p2a: Clefable|100/100|[from] item: Leftovers
|-damage|p2a: Clefable|88/100|[from] Salt Cure
|upkeep
|turn|45
|
|t:|1760430046
|-terastallize|p2a: Clefable|Steel
|move|p1a: 77|Gunk Shot|p2a: Clefable
|-immune|p2a: Clefable
|move|p2a: Clefable|Thunder Wave|p1a: 77
|-status|p1a: 77|par
|
|-heal|p2a: Clefable|94/100|[from] item: Leftovers
|-damage|p2a: Clefable|69/100|[from] Salt Cure
|upkeep
|turn|46
|
|t:|1760430053
|move|p2a: Clefable|Protect|p2a: Clefable
|-singleturn|p2a: Clefable|Protect
|move|p1a: 77|Pyro Ball|p2a: Clefable
|-activate|p2a: Clefable|move: Protect
|
|-heal|p2a: Clefable|75/100|[from] item: Leftovers
|-damage|p2a: Clefable|50/100|[from] Salt Cure
|upkeep
|turn|47
|
|t:|1760430059
|switch|p2a: Excadrill|Excadrill, M|43/100
|-damage|p2a: Excadrill|40/100|[from] Stealth Rock
|move|p1a: 77|Pyro Ball|p2a: Excadrill
|-supereffective|p2a: Excadrill
|-damage|p2a: Excadrill|0 fnt
|faint|p2a: Excadrill
|
|upkeep
|
|t:|1760430067
|switch|p2a: Dragapult|Dragapult, F|60/100
|-damage|p2a: Dragapult|48/100|[from] Stealth Rock
|turn|48
|
|t:|1760430074
|switch|p1a: Broomhilda|Tyranitar, F, shiny|87/100
|-weather|Sandstorm|[from] ability: Sand Stream|[of] p1a: Broomhilda
|move|p2a: Dragapult|Draco Meteor|p1a: Broomhilda
|-damage|p1a: Broomhilda|48/100
|-unboost|p2a: Dragapult|spa|2
|
|-weather|Sandstorm|[upkeep]
|-damage|p2a: Dragapult|42/100|[from] Sandstorm
|upkeep
|turn|49
|
|t:|1760430078
|move|p2a: Dragapult|Draco Meteor|p1a: Broomhilda|[miss]
|-miss|p2a: Dragapult|p1a: Broomhilda
|move|p1a: Broomhilda|Knock Off|p2a: Dragapult
|-supereffective|p2a: Dragapult
|-damage|p2a: Dragapult|0 fnt
|-enditem|p2a: Dragapult|Choice Specs|[from] move: Knock Off|[of] p1a: Broomhilda
|faint|p2a: Dragapult
|
|-weather|Sandstorm|[upkeep]
|upkeep
|
|t:|1760430082
|switch|p2a: Clefable|Clefable, M, tera:Steel|50/100
|-damage|p2a: Clefable|44/100|[from] Stealth Rock
|turn|50
|
|t:|1760430084
|move|p2a: Clefable|Thunder Wave|p1a: Broomhilda
|-status|p1a: Broomhilda|par
|cant|p1a: Broomhilda|par
|
|-weather|Sandstorm|[upkeep]
|-heal|p2a: Clefable|50/100|[from] item: Leftovers
|upkeep
|turn|51
|
|t:|1760430086
|move|p2a: Clefable|Wish|p2a: Clefable
|move|p1a: Broomhilda|Knock Off|p2a: Clefable
|-crit|p2a: Clefable
|-damage|p2a: Clefable|3/100
|-enditem|p2a: Clefable|Leftovers|[from] move: Knock Off|[of] p1a: Broomhilda
|
|-weather|Sandstorm|[upkeep]
|upkeep
|turn|52
|
|t:|1760430090
|move|p2a: Clefable|Protect|p2a: Clefable
|-singleturn|p2a: Clefable|Protect
|move|p1a: Broomhilda|Roar|p2a: Clefable
|drag|p2a: Zapdos|Zapdos|31/100
|-damage|p2a: Zapdos|6/100|[from] Stealth Rock
|
|-weather|none
|-heal|p2a: Zapdos|59/100|[from] move: Wish|[wisher] Clefable
|upkeep
|turn|53
|
|t:|1760430095
|switch|p1a: RockIce|Garganacl, M|71/100
|-damage|p1a: RockIce|58/100|[from] Stealth Rock
|move|p2a: Zapdos|Volt Switch|p1a: RockIce
|-damage|p1a: RockIce|37/100
|
|t:|1760430098
|switch|p2a: Clefable|Clefable, M, tera:Steel|3/100|[from] Volt Switch
|-damage|p2a: Clefable|0 fnt|[from] Stealth Rock
|faint|p2a: Clefable
|
|-heal|p1a: RockIce|43/100|[from] item: Leftovers
|upkeep
|
|t:|1760430099
|switch|p2a: Zapdos|Zapdos|59/100
|-damage|p2a: Zapdos|34/100|[from] Stealth Rock
|turn|54
|
|t:|1760430100
|move|p2a: Zapdos|Volt Switch|p1a: RockIce
|-damage|p1a: RockIce|25/100
|move|p1a: RockIce|Salt Cure|p2a: Zapdos
|-supereffective|p2a: Zapdos
|-damage|p2a: Zapdos|12/100
|-start|p2a: Zapdos|Salt Cure
|
|-heal|p1a: RockIce|31/100|[from] item: Leftovers
|-damage|p2a: Zapdos|0 fnt|[from] Salt Cure
|faint|p2a: Zapdos
|
|win|takeyouout
|raw|takeyouout's rating: 1577 &rarr; <strong>1593</strong><br />(+16 for winning)
|raw|napkin_56's rating: 1498 &rarr; <strong>1482</strong><br />(-16 for losing)
|l|☆napkin_56
|player|p2|
|l|☆takeyouout
|player|p1|
