|j|☆sv ou goatastic
|j|☆mayomama
|t:|1760415230
|gametype|singles
|player|p1|sv ou goatastic|steven|1426
|player|p2|mayomama|candice|1463
|gen|9
|tier|[Gen 9] OU
|rated|
|rule|HP Percentage Mod: HP is shown in percentages
|rule|Endless Battle Clause: Forcing endless battles is banned
|rule|Species Clause: Limit one of each Pokémon
|rule|OHKO Clause: OHKO moves are banned
|rule|Evasion Items Clause: Evasion items are banned
|rule|Evasion Moves Clause: Evasion moves are banned
|rule|Evasion Abilities Clause: Evasion abilities are banned
|rule|Sleep Moves Clause: Sleep-inducing moves are banned
|clearpoke
|poke|p1|Darkrai|
|poke|p1|Weezing-Galar, M|
|poke|p1|Alomomola, M|
|poke|p1|Garchomp, F|
|poke|p1|Corviknight, M|
|poke|p1|Ogerpon, F|
|poke|p2|Skeledirge, M|
|poke|p2|Mesprit|
|poke|p2|Dragonite, M|
|poke|p2|Keldeo-Resolute|
|poke|p2|Corviknight, M|
|poke|p2|Raging Bolt|
|teampreview
|inactive|Battle timer is ON: inactive players will automatically lose when time's up. (requested by mayomama)
|
|t:|1760415245
|teamsize|p1|6
|teamsize|p2|6
|start
|switch|p1a: Darkrai|Darkrai|100/100
|switch|p2a: Keldeo|Keldeo-Resolute|100/100
|turn|1
|inactive|sv ou goatastic has 120 seconds left.
|
|t:|1760415277
|switch|p1a: Alomomola|Alomomola, M|100/100
|move|p2a: Keldeo|Hydro Pump|p1a: Alomomola|[miss]
|-miss|p2a: Keldeo|p1a: Alomomola
|
|upkeep
|turn|2
|
|t:|1760415284
|move|p2a: Keldeo|Secret Sword|p1a: Alomomola
|-damage|p1a: Alomomola|67/100
|move|p1a: Alomomola|Flip Turn|p2a: Keldeo
|-resisted|p2a: Keldeo
|-damage|p2a: Keldeo|91/100
|
|t:|1760415293
|switch|p1a: Ogerpon|Ogerpon, F|100/100|[from] Flip Turn
|
|upkeep
|turn|3
|
|t:|1760415306
|switch|p1a: Garchomp|Garchomp, F|100/100
|switch|p2a: Raging Bolt|Raging Bolt|100/100
|
|upkeep
|turn|4
|
|t:|1760415320
|-end|p2a: Raging Bolt|Protosynthesis|[silent]
|switch|p2a: Corviknight|Corviknight, M|100/100
|-ability|p2a: Corviknight|Pressure
|move|p1a: Garchomp|Earthquake|p2a: Corviknight
|-immune|p2a: Corviknight
|
|upkeep
|turn|5
|
|t:|1760415329
|move|p1a: Garchomp|Stealth Rock|p2a: Corviknight
|-sidestart|p2: mayomama|move: Stealth Rock
|move|p2a: Corviknight|Bulk Up|p2a: Corviknight
|-boost|p2a: Corviknight|atk|1
|-boost|p2a: Corviknight|def|1
|
|upkeep
|turn|6
|
|t:|1760415337
|move|p2a: Corviknight|Bulk Up|p2a: Corviknight
|-boost|p2a: Corviknight|atk|1
|-boost|p2a: Corviknight|def|1
|move|p1a: Garchomp|Dragon Tail|p2a: Corviknight
|-resisted|p2a: Corviknight
|-damage|p2a: Corviknight|95/100
|-damage|p1a: Garchomp|84/100|[from] item: Rocky Helmet|[of] p2a: Corviknight
|drag|p2a: Dragonite|Dragonite, M|100/100
|
|upkeep
|turn|7
|
|t:|1760415348
|switch|p2a: Corviknight|Corviknight, M|95/100
|-damage|p2a: Corviknight|83/100|[from] Stealth Rock
|-ability|p2a: Corviknight|Pressure
|move|p1a: Garchomp|Dragon Tail|p2a: Corviknight|[miss]
|-miss|p1a: Garchomp|p2a: Corviknight
|
|upkeep
|turn|8
|
|t:|1760415368
|move|p1a: Garchomp|Spikes|p2a: Corviknight
|-sidestart|p2: mayomama|Spikes
|move|p2a: Corviknight|Brave Bird|p1a: Garchomp
|-damage|p1a: Garchomp|61/100
|-damage|p2a: Corviknight|71/100|[from] ability: Rough Skin|[of] p1a: Garchomp
|-damage|p2a: Corviknight|54/100|[from] item: Rocky Helmet|[of] p1a: Garchomp
|-damage|p2a: Corviknight|46/100|[from] Recoil
|
|upkeep
|turn|9
|
|t:|1760415378
|switch|p1a: Darkrai|Darkrai|100/100
|move|p2a: Corviknight|Roost|p2a: Corviknight
|-heal|p2a: Corviknight|96/100
|-singleturn|p2a: Corviknight|move: Roost
|
|upkeep
|turn|10
|
|t:|1760415387
|move|p1a: Darkrai|Focus Blast|p2a: Corviknight
|-damage|p2a: Corviknight|50/100
|move|p2a: Corviknight|Body Press|p1a: Darkrai
|-supereffective|p1a: Darkrai
|-damage|p1a: Darkrai|47/100
|
|upkeep
|turn|11
|
|t:|1760415395
|move|p1a: Darkrai|Focus Blast|p2a: Corviknight
|-damage|p2a: Corviknight|2/100
|move|p2a: Corviknight|Roost|p2a: Corviknight
|-heal|p2a: Corviknight|52/100
|-singleturn|p2a: Corviknight|move: Roost
|
|upkeep
|turn|12
|
|t:|1760415404
|switch|p1a: Alomomola|Alomomola, M|99/100
|move|p2a: Corviknight|Roost|p2a: Corviknight
|-heal|p2a: Corviknight|100/100
|-singleturn|p2a: Corviknight|move: Roost
|
|upkeep
|turn|13
|
|t:|1760415414
|switch|p2a: Raging Bolt|Raging Bolt|100/100
|-damage|p2a: Raging Bolt|88/100|[from] Stealth Rock
|-damage|p2a: Raging Bolt|76/100|[from] Spikes
|move|p1a: Alomomola|Scald|p2a: Raging Bolt
|-resisted|p2a: Raging Bolt
|-damage|p2a: Raging Bolt|71/100
|
|upkeep
|turn|14
|
|t:|1760415423
|move|p2a: Raging Bolt|Taunt|p1a: Alomomola
|-start|p1a: Alomomola|move: Taunt
|move|p1a: Alomomola|Mirror Coat||[still]
|-fail|p1a: Alomomola
|
|upkeep
|turn|15
|
|t:|1760415430
|move|p2a: Raging Bolt|Thunder Wave|p1a: Alomomola
|-status|p1a: Alomomola|par
|move|p1a: Alomomola|Mirror Coat||[still]
|-fail|p1a: Alomomola
|
|upkeep
|turn|16
|c|☆sv ou goatastic|Gross.
|c|☆mayomama|?
|c|☆mayomama|bros got fat fish
|
|t:|1760415455
|-end|p2a: Raging Bolt|Protosynthesis|[silent]
|switch|p2a: Mesprit|Mesprit|100/100
|-damage|p2a: Mesprit|88/100|[from] Stealth Rock
|cant|p1a: Alomomola|par
|
|-end|p1a: Alomomola|move: Taunt
|upkeep
|turn|17
|
|t:|1760415464
|move|p2a: Mesprit|Knock Off|p1a: Alomomola
|-damage|p1a: Alomomola|79/100 par
|-enditem|p1a: Alomomola|Assault Vest|[from] move: Knock Off|[of] p2a: Mesprit
|move|p1a: Alomomola|Flip Turn|p2a: Mesprit
|-damage|p2a: Mesprit|74/100
|
|t:|1760415470
|switch|p1a: Darkrai|Darkrai|47/100|[from] Flip Turn
|
|upkeep
|turn|18
|
|t:|1760415478
|move|p1a: Darkrai|Dark Pulse|p2a: Mesprit
|-supereffective|p2a: Mesprit
|-damage|p2a: Mesprit|0 fnt
|faint|p2a: Mesprit
|
|upkeep
|
|t:|1760415487
|switch|p2a: Keldeo|Keldeo-Resolute|91/100
|turn|19
|
|t:|1760415494
|switch|p1a: Alomomola|Alomomola, M|100/100 par
|move|p2a: Keldeo|Flip Turn|p1a: Alomomola
|-resisted|p1a: Alomomola
|-damage|p1a: Alomomola|95/100 par
|
|t:|1760415500
|switch|p2a: Corviknight|Corviknight, M|100/100|[from] Flip Turn
|-damage|p2a: Corviknight|88/100|[from] Stealth Rock
|-ability|p2a: Corviknight|Pressure
|
|upkeep
|turn|20
|
|t:|1760415508
|move|p2a: Corviknight|Bulk Up|p2a: Corviknight
|-boost|p2a: Corviknight|atk|1
|-boost|p2a: Corviknight|def|1
|move|p1a: Alomomola|Scald|p2a: Corviknight
|-damage|p2a: Corviknight|77/100
|
|upkeep
|turn|21
|
|t:|1760415515
|move|p2a: Corviknight|Brave Bird|p1a: Alomomola
|-damage|p1a: Alomomola|50/100 par
|-damage|p2a: Corviknight|58/100|[from] Recoil
|move|p1a: Alomomola|Scald|p2a: Corviknight
|-damage|p2a: Corviknight|46/100
|
|upkeep
|turn|22
|
|t:|1760415523
|move|p2a: Corviknight|Brave Bird|p1a: Alomomola
|-damage|p1a: Alomomola|8/100 par
|-damage|p2a: Corviknight|28/100|[from] Recoil
|move|p1a: Alomomola|Scald|p2a: Corviknight
|-damage|p2a: Corviknight|18/100
|
|upkeep
|turn|23
|c|☆sv ou goatastic|Crazy
|
|t:|1760415536
|move|p2a: Corviknight|Roost|p2a: Corviknight
|-heal|p2a: Corviknight|68/100
|-singleturn|p2a: Corviknight|move: Roost
|move|p1a: Alomomola|Flip Turn|p2a: Corviknight
|-damage|p2a: Corviknight|59/100
|-damage|p1a: Alomomola|0 fnt|[from] item: Rocky Helmet|[of] p2a: Corviknight
|faint|p1a: Alomomola
|
|upkeep
|
|t:|1760415546
|switch|p1a: Darkrai|Darkrai|47/100
|turn|24
|c|☆mayomama|bros fishing for burns and he says im gross LOL
|
|t:|1760415551
|move|p1a: Darkrai|Dark Pulse|p2a: Corviknight
|-damage|p2a: Corviknight|14/100
|move|p2a: Corviknight|Roost|p2a: Corviknight
|-heal|p2a: Corviknight|64/100
|-singleturn|p2a: Corviknight|move: Roost
|
|upkeep
|turn|25
|
|t:|1760415559
|switch|p2a: Keldeo|Keldeo-Resolute|91/100
|move|p1a: Darkrai|Dark Pulse|p2a: Keldeo
|-resisted|p2a: Keldeo
|-damage|p2a: Keldeo|52/100
|-ability|p2a: Keldeo|Justified|boost
|-boost|p2a: Keldeo|atk|1
|
|upkeep
|turn|26
|
|t:|1760415571
|switch|p1a: Corviknight|Corviknight, M|100/100
|-ability|p1a: Corviknight|Pressure
|move|p2a: Keldeo|Hydro Pump|p1a: Corviknight
|-damage|p1a: Corviknight|61/100
|
|-heal|p1a: Corviknight|67/100|[from] item: Leftovers
|upkeep
|turn|27
|
|t:|1760415583
|switch|p2a: Raging Bolt|Raging Bolt|71/100
|-damage|p2a: Raging Bolt|58/100|[from] Stealth Rock
|-damage|p2a: Raging Bolt|46/100|[from] Spikes
|move|p1a: Corviknight|Roost|p1a: Corviknight
|-heal|p1a: Corviknight|100/100
|-singleturn|p1a: Corviknight|move: Roost
|
|upkeep
|turn|28
|
|t:|1760415593
|switch|p1a: Garchomp|Garchomp, F|61/100
|move|p2a: Raging Bolt|Draco Meteor|p1a: Garchomp
|-supereffective|p1a: Garchomp
|-damage|p1a: Garchomp|0 fnt
|-unboost|p2a: Raging Bolt|spa|2
|faint|p1a: Garchomp
|
|upkeep
|
|t:|1760415609
|switch|p1a: Ogerpon|Ogerpon, F|100/100
|turn|29
|
|t:|1760415624
|-terastallize|p2a: Raging Bolt|Fairy
|move|p1a: Ogerpon|Encore|p2a: Raging Bolt
|-start|p2a: Raging Bolt|Encore
|move|p2a: Raging Bolt|Draco Meteor|p1a: Ogerpon
|-crit|p1a: Ogerpon
|-damage|p1a: Ogerpon|0 fnt
|-unboost|p2a: Raging Bolt|spa|2
|faint|p1a: Ogerpon
|
|upkeep
|c|☆mayomama|LOL
|c|☆sv ou goatastic|..
|c|☆sv ou goatastic|You are lucky man
|
|t:|1760415644
|switch|p1a: Darkrai|Darkrai|47/100
|turn|30
|c|☆mayomama|you are encored me tbf
|
|t:|1760415654
|move|p1a: Darkrai|Dark Pulse|p2a: Raging Bolt
|-resisted|p2a: Raging Bolt
|-damage|p2a: Raging Bolt|24/100
|move|p2a: Raging Bolt|Draco Meteor|p1a: Darkrai
|-damage|p1a: Darkrai|19/100
|-unboost|p2a: Raging Bolt|spa|2
|
|upkeep
|turn|31
|c|☆sv ou goatastic|Yeah im bulky ogre. You got lucky
|inactive|sv ou goatastic has 120 seconds left.
|c|☆mayomama|you wanted to be hit
|
|t:|1760415676
|-terastallize|p1a: Darkrai|Dark
|move|p1a: Darkrai|Dark Pulse|p2a: Raging Bolt
|-resisted|p2a: Raging Bolt
|-damage|p2a: Raging Bolt|0 fnt
|faint|p2a: Raging Bolt
|-end|p2a: Raging Bolt|Protosynthesis|[silent]
|
|upkeep
|c|☆mayomama|you encored me
|c|☆sv ou goatastic|Yeah i know
|
|t:|1760415687
|switch|p2a: Dragonite|Dragonite, M|100/100
|turn|32
|inactive|sv ou goatastic has 120 seconds left.
|c|☆sv ou goatastic|Sp i could set up. Its mons though. It is what it is
|
|t:|1760415709
|switch|p1a: Weezing|Weezing-Galar, M|100/100
|-ability|p1a: Weezing|Neutralizing Gas
|move|p2a: Dragonite|Dragon Dance|p2a: Dragonite
|-boost|p2a: Dragonite|atk|1
|-boost|p2a: Dragonite|spe|1
|
|upkeep
|turn|33
|inactive|sv ou goatastic has 120 seconds left.
|
|t:|1760415725
|switch|p2a: Skeledirge|Skeledirge, M|100/100
|move|p1a: Weezing|Will-O-Wisp|p2a: Skeledirge|[miss]
|-miss|p1a: Weezing|p2a: Skeledirge
|
|upkeep
|turn|34
|
|t:|1760415733
|-end|p1a: Weezing|ability: Neutralizing Gas
|switch|p1a: Corviknight|Corviknight, M|100/100
|-ability|p1a: Corviknight|Pressure
|move|p2a: Skeledirge|Torch Song|p1a: Corviknight
|-supereffective|p1a: Corviknight
|-damage|p1a: Corviknight|59/100
|-boost|p2a: Skeledirge|spa|1
|
|-heal|p1a: Corviknight|66/100|[from] item: Leftovers
|upkeep
|turn|35
|inactive|sv ou goatastic has 120 seconds left.
|
|t:|1760415750
|move|p1a: Corviknight|U-turn|p2a: Skeledirge
|-resisted|p2a: Skeledirge
|-damage|p2a: Skeledirge|98/100
|
|t:|1760415753
|switch|p1a: Weezing|Weezing-Galar, M|100/100|[from] U-turn
|-ability|p1a: Weezing|Neutralizing Gas
|move|p2a: Skeledirge|Will-O-Wisp|p1a: Weezing
|-status|p1a: Weezing|brn
|
|-damage|p1a: Weezing|95/100 brn|[from] brn
|upkeep
|turn|36
|inactive|sv ou goatastic has 120 seconds left.
|
|t:|1760415766
|-end|p1a: Weezing|ability: Neutralizing Gas
|switch|p1a: Corviknight|Corviknight, M|66/100
|-ability|p1a: Corviknight|Pressure
|move|p2a: Skeledirge|Torch Song|p1a: Corviknight
|-supereffective|p1a: Corviknight
|-damage|p1a: Corviknight|8/100
|-boost|p2a: Skeledirge|spa|1
|
|-heal|p1a: Corviknight|14/100|[from] item: Leftovers
|upkeep
|turn|37
|inactive|sv ou goatastic has 120 seconds left.
|
|t:|1760415779
|move|p1a: Corviknight|Brave Bird|p2a: Skeledirge
|-damage|p2a: Skeledirge|74/100
|-damage|p1a: Corviknight|6/100|[from] Recoil
|move|p2a: Skeledirge|Torch Song|p1a: Corviknight
|-supereffective|p1a: Corviknight
|-damage|p1a: Corviknight|0 fnt
|-boost|p2a: Skeledirge|spa|1
|faint|p1a: Corviknight
|
|upkeep
|
|t:|1760415789
|switch|p1a: Darkrai|Darkrai, tera:Dark|19/100
|turn|38
|
|t:|1760415801
|switch|p2a: Corviknight|Corviknight, M|64/100
|-damage|p2a: Corviknight|52/100|[from] Stealth Rock
|-ability|p2a: Corviknight|Pressure
|move|p1a: Darkrai|Dark Pulse|p2a: Corviknight
|-damage|p2a: Corviknight|0 fnt
|faint|p2a: Corviknight
|
|upkeep
|
|t:|1760415804
|switch|p2a: Keldeo|Keldeo-Resolute|52/100
|turn|39
|
|t:|1760415818
|move|p1a: Darkrai|Dark Pulse|p2a: Keldeo
|-resisted|p2a: Keldeo
|-damage|p2a: Keldeo|0 fnt
|faint|p2a: Keldeo
|
|upkeep
|
|t:|1760415823
|switch|p2a: Dragonite|Dragonite, M|100/100
|turn|40
|
|t:|1760415828
|switch|p1a: Weezing|Weezing-Galar, M|95/100 brn
|-ability|p1a: Weezing|Neutralizing Gas
|move|p2a: Dragonite|Dragon Dance|p2a: Dragonite
|-boost|p2a: Dragonite|atk|1
|-boost|p2a: Dragonite|spe|1
|
|-heal|p1a: Weezing|100/100 brn|[from] item: Leftovers
|-damage|p1a: Weezing|95/100 brn|[from] brn
|upkeep
|turn|41
|
|t:|1760415843
|move|p2a: Dragonite|Dragon Dance|p2a: Dragonite
|-boost|p2a: Dragonite|atk|1
|-boost|p2a: Dragonite|spe|1
|move|p1a: Weezing|Will-O-Wisp|p2a: Dragonite
|-status|p2a: Dragonite|brn
|
|-heal|p1a: Weezing|100/100 brn|[from] item: Leftovers
|-damage|p2a: Dragonite|94/100 brn|[from] brn
|-damage|p1a: Weezing|95/100 brn|[from] brn
|upkeep
|turn|42
|
|t:|1760415855
|move|p2a: Dragonite|Encore|p1a: Weezing
|-start|p1a: Weezing|Encore
|move|p1a: Weezing|Will-O-Wisp|p2a: Dragonite
|-fail|p2a: Dragonite|brn
|
|-heal|p1a: Weezing|100/100 brn|[from] item: Leftovers
|-damage|p2a: Dragonite|88/100 brn|[from] brn
|-damage|p1a: Weezing|95/100 brn|[from] brn
|upkeep
|turn|43
|
|t:|1760415864
|-end|p1a: Weezing|ability: Neutralizing Gas
|switch|p1a: Darkrai|Darkrai, tera:Dark|19/100
|move|p2a: Dragonite|Dragon Dance|p2a: Dragonite
|-boost|p2a: Dragonite|atk|1
|-boost|p2a: Dragonite|spe|1
|
|-damage|p2a: Dragonite|82/100 brn|[from] brn
|upkeep
|turn|44
|
|t:|1760415874
|switch|p1a: Weezing|Weezing-Galar, M|95/100 brn
|-ability|p1a: Weezing|Neutralizing Gas
|move|p2a: Dragonite|Extreme Speed|p1a: Weezing
|-damage|p1a: Weezing|69/100 brn
|
|-heal|p1a: Weezing|75/100 brn|[from] item: Leftovers
|-damage|p2a: Dragonite|76/100 brn|[from] brn
|-damage|p1a: Weezing|69/100 brn|[from] brn
|upkeep
|turn|45
|
|t:|1760415885
|switch|p2a: Skeledirge|Skeledirge, M|74/100
|move|p1a: Weezing|Sludge Bomb|p2a: Skeledirge
|-resisted|p2a: Skeledirge
|-damage|p2a: Skeledirge|62/100
|
|-heal|p1a: Weezing|75/100 brn|[from] item: Leftovers
|-damage|p1a: Weezing|69/100 brn|[from] brn
|upkeep
|turn|46
|
|t:|1760415895
|move|p2a: Skeledirge|Torch Song|p1a: Weezing
|-damage|p1a: Weezing|24/100 brn
|-boost|p2a: Skeledirge|spa|1
|move|p1a: Weezing|Sludge Bomb|p2a: Skeledirge
|-resisted|p2a: Skeledirge
|-damage|p2a: Skeledirge|50/100
|
|-heal|p1a: Weezing|30/100 brn|[from] item: Leftovers
|-damage|p1a: Weezing|24/100 brn|[from] brn
|upkeep
|turn|47
|
|t:|1760415909
|move|p2a: Skeledirge|Slack Off|p2a: Skeledirge
|-heal|p2a: Skeledirge|99/100
|move|p1a: Weezing|Sludge Bomb|p2a: Skeledirge
|-resisted|p2a: Skeledirge
|-damage|p2a: Skeledirge|88/100
|
|-heal|p1a: Weezing|30/100 brn|[from] item: Leftovers
|-damage|p1a: Weezing|24/100 brn|[from] brn
|upkeep
|turn|48
|c|☆sv ou goatastic|Crits, no svald burns and no poisons haha. Thats awesonw man
|inactive|sv ou goatastic has 120 seconds left.
|
|t:|1760415939
|move|p2a: Skeledirge|Torch Song|p1a: Weezing
|-damage|p1a: Weezing|0 fnt
|-boost|p2a: Skeledirge|spa|1
|faint|p1a: Weezing
|-end|p1a: Weezing|ability: Neutralizing Gas
|
|upkeep
|inactive|sv ou goatastic has 120 seconds left.
|
|t:|1760415946
|switch|p1a: Darkrai|Darkrai, tera:Dark|19/100
|turn|49
|c|☆mayomama|lol and im the guy thats gross
|
|t:|1760415950
|move|p1a: Darkrai|Dark Pulse|p2a: Skeledirge
|-supereffective|p2a: Skeledirge
|-damage|p2a: Skeledirge|0 fnt
|faint|p2a: Skeledirge
|
|upkeep
|
|t:|1760415952
|switch|p2a: Dragonite|Dragonite, M|76/100 brn
|turn|50
|c|☆sv ou goatastic|Never said you were gross mate
|c|☆sv ou goatastic|Just that bolt set
|inactive|sv ou goatastic has 120 seconds left.
|
|t:|1760415977
|move|p2a: Dragonite|Extreme Speed|p1a: Darkrai
|-damage|p1a: Darkrai|0 fnt
|faint|p1a: Darkrai
|
|win|mayomama
|raw|sv ou goatastic's rating: 1426 &rarr; <strong>1408</strong><br />(-18 for losing)
|raw|mayomama's rating: 1463 &rarr; <strong>1481</strong><br />(+18 for winning)
|c|☆sv ou goatastic|Gg
|l|☆sv ou goatastic
|player|p1|
|c|☆mayomama|gg
|l|☆mayomama
|player|p2|
