|j|☆groovythunder
|j|☆kshuaib734
|t:|1760374668
|gametype|singles
|player|p1|groovythunder|170|1610
|player|p2|kshuaib734|steven|1571
|gen|9
|tier|[Gen 9] OU
|rated|
|rule|HP Percentage Mod: HP is shown in percentages
|rule|Endless Battle Clause: Forcing endless battles is banned
|rule|Species Clause: Limit one of each Pokémon
|rule|OHKO Clause: OHKO moves are banned
|rule|Evasion Items Clause: Evasion items are banned
|rule|Evasion Moves Clause: Evasion moves are banned
|rule|Evasion Abilities Clause: Evasion abilities are banned
|rule|Sleep Moves Clause: Sleep-inducing moves are banned
|clearpoke
|poke|p1|Ninetales, F|
|poke|p1|Great Tusk|
|poke|p1|Heatran, F|
|poke|p1|Walking Wake|
|poke|p1|Raging Bolt|
|poke|p1|Sinistcha|
|poke|p2|Tyranitar, M|
|poke|p2|Overqwil, F|
|poke|p2|Pelipper, F|
|poke|p2|Quaquaval, F|
|poke|p2|Latios, M|
|poke|p2|Excadrill, F|
|teampreview
|inactive|Battle timer is ON: inactive players will automatically lose when time's up. (requested by kshuaib734)
|
|t:|1760374678
|teamsize|p1|6
|teamsize|p2|6
|start
|switch|p1a: Raging Bolt|Raging Bolt|100/100
|switch|p2a: King Tyrant|Tyranitar, M|100/100
|-weather|Sandstorm|[from] ability: Sand Stream|[of] p2a: King Tyrant
|turn|1
|
|t:|1760374704
|-end|p1a: Raging Bolt|Protosynthesis|[silent]
|switch|p1a: Great Tusk|Great Tusk|100/100
|move|p2a: King Tyrant|Ice Beam|p1a: Great Tusk
|-supereffective|p1a: Great Tusk
|-damage|p1a: Great Tusk|31/100
|
|-weather|Sandstorm|[upkeep]
|upkeep
|turn|2
|
|t:|1760374715
|-terastallize|p2a: King Tyrant|Ghost
|move|p1a: Great Tusk|Knock Off|p2a: King Tyrant
|-supereffective|p2a: King Tyrant
|-damage|p2a: King Tyrant|57/100
|-enditem|p2a: King Tyrant|Weakness Policy
|-boost|p2a: King Tyrant|atk|2|[from] item: Weakness Policy
|-boost|p2a: King Tyrant|spa|2|[from] item: Weakness Policy
|move|p2a: King Tyrant|Stealth Rock|p1a: Great Tusk
|-sidestart|p1: groovythunder|move: Stealth Rock
|
|-weather|Sandstorm|[upkeep]
|-damage|p2a: King Tyrant|51/100|[from] Sandstorm
|upkeep
|turn|3
|
|t:|1760374725
|move|p1a: Great Tusk|Headlong Rush|p2a: King Tyrant
|-damage|p2a: King Tyrant|15/100
|-unboost|p1a: Great Tusk|def|1
|-unboost|p1a: Great Tusk|spd|1
|move|p2a: King Tyrant|Ice Beam|p1a: Great Tusk
|-supereffective|p1a: Great Tusk
|-damage|p1a: Great Tusk|0 fnt
|faint|p1a: Great Tusk
|-end|p1a: Great Tusk|Protosynthesis|[silent]
|
|-weather|Sandstorm|[upkeep]
|-damage|p2a: King Tyrant|9/100|[from] Sandstorm
|upkeep
|
|t:|1760374734
|switch|p1a: Ninetales|Ninetales, F|100/100
|-damage|p1a: Ninetales|76/100|[from] Stealth Rock
|-weather|SunnyDay|[from] ability: Drought|[of] p1a: Ninetales
|turn|4
|
|t:|1760374739
|switch|p2a: Tyrant's Downpour|Pelipper, F|100/100
|-weather|RainDance|[from] ability: Drizzle|[of] p2a: Tyrant's Downpour
|move|p1a: Ninetales|Weather Ball|p2a: Tyrant's Downpour
|-resisted|p2a: Tyrant's Downpour
|-crit|p2a: Tyrant's Downpour
|-damage|p2a: Tyrant's Downpour|67/100
|
|-weather|RainDance|[upkeep]
|upkeep
|turn|5
|
|t:|1760374748
|switch|p1a: Raging Bolt|Raging Bolt|100/100
|-damage|p1a: Raging Bolt|88/100|[from] Stealth Rock
|move|p2a: Tyrant's Downpour|U-turn|p1a: Raging Bolt
|-damage|p1a: Raging Bolt|79/100
|
|t:|1760374754
|switch|p2a: Tyrant's Vengeance|Latios, M|100/100|[from] U-turn
|
|-weather|RainDance|[upkeep]
|upkeep
|turn|6
|
|t:|1760374761
|move|p1a: Raging Bolt|Draco Meteor|p2a: Tyrant's Vengeance
|-supereffective|p2a: Tyrant's Vengeance
|-damage|p2a: Tyrant's Vengeance|0 fnt
|-unboost|p1a: Raging Bolt|spa|2
|faint|p2a: Tyrant's Vengeance
|
|-weather|RainDance|[upkeep]
|upkeep
|
|t:|1760374771
|switch|p2a: Tyrant's Enforcer|Overqwil, F|100/100
|turn|7
|
|t:|1760374776
|-end|p1a: Raging Bolt|Protosynthesis|[silent]
|switch|p1a: Sinistcha|Sinistcha|100/100
|-damage|p1a: Sinistcha|88/100|[from] Stealth Rock
|move|p2a: Tyrant's Enforcer|Spikes|p1a: Sinistcha
|-sidestart|p1: groovythunder|Spikes
|
|-weather|RainDance|[upkeep]
|-heal|p1a: Sinistcha|94/100|[from] item: Leftovers
|upkeep
|turn|8
|
|t:|1760374789
|switch|p1a: Ninetales|Ninetales, F|76/100
|-damage|p1a: Ninetales|51/100|[from] Stealth Rock
|-damage|p1a: Ninetales|39/100|[from] Spikes
|-weather|SunnyDay|[from] ability: Drought|[of] p1a: Ninetales
|move|p2a: Tyrant's Enforcer|Taunt|p1a: Ninetales
|-start|p1a: Ninetales|move: Taunt
|
|-weather|SunnyDay|[upkeep]
|upkeep
|turn|9
|
|t:|1760374799
|switch|p1a: Walking Wake|Walking Wake|100/100
|-damage|p1a: Walking Wake|88/100|[from] Stealth Rock
|-damage|p1a: Walking Wake|76/100|[from] Spikes
|-activate|p1a: Walking Wake|ability: Protosynthesis
|-start|p1a: Walking Wake|protosynthesisspe
|switch|p2a: King Tyrant|Tyranitar, M, tera:Ghost|9/100
|-weather|Sandstorm|[from] ability: Sand Stream|[of] p2a: King Tyrant
|-end|p1a: Walking Wake|Protosynthesis
|
|-weather|Sandstorm|[upkeep]
|-damage|p1a: Walking Wake|70/100|[from] Sandstorm
|-damage|p2a: King Tyrant|2/100|[from] Sandstorm
|upkeep
|turn|10
|
|t:|1760374814
|move|p1a: Walking Wake|Flip Turn|p2a: King Tyrant
|-damage|p2a: King Tyrant|0 fnt
|faint|p2a: King Tyrant
|l|☆groovythunder
|inactive|groovythunder disconnected and has a minute to reconnect!
|player|p1|
|j|☆groovythunder
|inactive|groovythunder reconnected and has 120 seconds left.
|player|p1|groovythunder|170|
|
|t:|1760374845
|-end|p1a: Walking Wake|Protosynthesis|[silent]
|switch|p1a: Ninetales|Ninetales, F|39/100|[from] Flip Turn
|-damage|p1a: Ninetales|14/100|[from] Stealth Rock
|-damage|p1a: Ninetales|2/100|[from] Spikes
|-weather|SunnyDay|[from] ability: Drought|[of] p1a: Ninetales
|
|-weather|SunnyDay|[upkeep]
|upkeep
|
|t:|1760374853
|switch|p2a: Tyrant's Downpour|Pelipper, F|67/100
|-weather|RainDance|[from] ability: Drizzle|[of] p2a: Tyrant's Downpour
|turn|11
|
|t:|1760374861
|move|p1a: Ninetales|Weather Ball|p2a: Tyrant's Downpour
|-resisted|p2a: Tyrant's Downpour
|-damage|p2a: Tyrant's Downpour|46/100
|move|p2a: Tyrant's Downpour|U-turn|p1a: Ninetales
|-resisted|p1a: Ninetales
|-damage|p1a: Ninetales|0 fnt
|faint|p1a: Ninetales
|
|t:|1760374874
|switch|p2a: Tyrant's Enforcer|Overqwil, F|100/100|[from] U-turn
|
|-weather|RainDance|[upkeep]
|upkeep
|
|t:|1760374884
|switch|p1a: Heatran|Heatran, F|100/100
|-damage|p1a: Heatran|88/100|[from] Stealth Rock
|-damage|p1a: Heatran|76/100|[from] Spikes
|turn|12
|
|t:|1760374889
|move|p2a: Tyrant's Enforcer|Liquidation|p1a: Heatran
|-supereffective|p1a: Heatran
|-crit|p1a: Heatran
|-damage|p1a: Heatran|0 fnt
|faint|p1a: Heatran
|
|-weather|RainDance|[upkeep]
|upkeep
|-message|groovythunder forfeited.
|
|win|kshuaib734
|raw|groovythunder's rating: 1610 &rarr; <strong>1588</strong><br />(-22 for losing)
|raw|kshuaib734's rating: 1571 &rarr; <strong>1593</strong><br />(+22 for winning)
|l|☆groovythunder
|player|p1|
|l|☆kshuaib734
|player|p2|
