|j|☆CaradeCoso
|j|☆bloooodevolver
|inactive|Battle timer is ON: inactive players will automatically lose when time's up.
|t:|1760405044
|gametype|singles
|player|p1|CaradeCoso|shauntal|
|player|p2|bloooodevolver|266|
|gen|9
|tier|[Gen 9] OU
|rated|Tournament battle
|rule|HP Percentage Mod: HP is shown in percentages
|rule|Endless Battle Clause: Forcing endless battles is banned
|rule|Species Clause: Limit one of each Pokémon
|rule|OHKO Clause: OHKO moves are banned
|rule|Evasion Items Clause: Evasion items are banned
|rule|Evasion Moves Clause: Evasion moves are banned
|rule|Evasion Abilities Clause: Evasion abilities are banned
|rule|Sleep Moves Clause: Sleep-inducing moves are banned
|clearpoke
|poke|p1|Dragonite, F|
|poke|p1|Darkrai|
|poke|p1|Iron Moth|
|poke|p1|Scizor, M|
|poke|p1|Great Tusk|
|poke|p1|Zapdos|
|poke|p2|Gliscor, F|
|poke|p2|Ditto|
|poke|p2|Lurantis, M|
|poke|p2|Skeledirge, F|
|poke|p2|Primeape, M|
|poke|p2|Ceruledge, M|
|teampreview
|j|*Lady Monita ☀
|
|t:|1760405057
|teamsize|p1|6
|teamsize|p2|6
|start
|switch|p1a: Darko RAYO|Darkrai|100/100
|switch|p2a: Lurantis|Lurantis, M|100/100
|turn|1
|
|t:|1760405065
|move|p1a: Darko RAYO|Ice Beam|p2a: Lurantis
|-supereffective|p2a: Lurantis
|-damage|p2a: Lurantis|35/100
|-damage|p1a: Darko RAYO|91/100|[from] item: Life Orb
|move|p2a: Lurantis|Superpower|p1a: Darko RAYO
|-supereffective|p1a: Darko RAYO
|-damage|p1a: Darko RAYO|10/100
|-boost|p2a: Lurantis|atk|1
|-boost|p2a: Lurantis|def|1
|
|-heal|p2a: Lurantis|41/100|[from] item: Leftovers
|upkeep
|turn|2
|
|t:|1760405083
|move|p2a: Lurantis|Protect|p2a: Lurantis
|-singleturn|p2a: Lurantis|Protect
|move|p1a: Darko RAYO|Sludge Bomb|p2a: Lurantis
|-activate|p2a: Lurantis|move: Protect
|
|-heal|p2a: Lurantis|47/100|[from] item: Leftovers
|upkeep
|turn|3
|
|t:|1760405101
|move|p2a: Lurantis|Protect||[still]
|-fail|p2a: Lurantis
|move|p1a: Darko RAYO|Sludge Bomb|p2a: Lurantis
|-supereffective|p2a: Lurantis
|-damage|p2a: Lurantis|0 fnt
|faint|p2a: Lurantis
|-damage|p1a: Darko RAYO|0 fnt|[from] item: Life Orb
|faint|p1a: Darko RAYO
|
|upkeep
|
|t:|1760405111
|switch|p1a: Chris FPS viejito|Great Tusk|100/100
|switch|p2a: Gliscor|Gliscor, F|100/100
|-enditem|p1a: Chris FPS viejito|Booster Energy
|-activate|p1a: Chris FPS viejito|ability: Protosynthesis|[fromitem]
|-start|p1a: Chris FPS viejito|protosynthesisspe
|turn|4
|
|t:|1760405122
|move|p1a: Chris FPS viejito|Bulk Up|p1a: Chris FPS viejito
|-boost|p1a: Chris FPS viejito|atk|1
|-boost|p1a: Chris FPS viejito|def|1
|move|p2a: Gliscor|Toxic|p1a: Chris FPS viejito
|-status|p1a: Chris FPS viejito|tox
|
|-damage|p1a: Chris FPS viejito|94/100 tox|[from] psn
|-status|p2a: Gliscor|tox|[from] item: Toxic Orb
|upkeep
|turn|5
|
|t:|1760405127
|move|p2a: Gliscor|Protect|p2a: Gliscor
|-singleturn|p2a: Gliscor|Protect
|move|p1a: Chris FPS viejito|Bulk Up|p1a: Chris FPS viejito
|-boost|p1a: Chris FPS viejito|atk|1
|-boost|p1a: Chris FPS viejito|def|1
|
|-damage|p1a: Chris FPS viejito|82/100 tox|[from] psn
|upkeep
|turn|6
|
|t:|1760405145
|switch|p2a: Ditto|Ditto|100/100
|-transform|p2a: Ditto|p1a: Chris FPS viejito|[from] ability: Imposter
|move|p1a: Chris FPS viejito|Ice Spinner|p2a: Ditto
|-supereffective|p2a: Ditto
|-damage|p2a: Ditto|58/100
|
|-heal|p2a: Ditto|64/100|[from] item: Leftovers
|-damage|p1a: Chris FPS viejito|63/100 tox|[from] psn
|upkeep
|turn|7
|
|t:|1760405170
|move|p1a: Chris FPS viejito|Headlong Rush|p2a: Ditto
|-damage|p2a: Ditto|20/100
|-unboost|p1a: Chris FPS viejito|def|1
|-unboost|p1a: Chris FPS viejito|spd|1
|move|p2a: Ditto|Bulk Up|p2a: Ditto
|-boost|p2a: Ditto|atk|1
|-boost|p2a: Ditto|def|1
|
|-heal|p2a: Ditto|26/100|[from] item: Leftovers
|-damage|p1a: Chris FPS viejito|38/100 tox|[from] psn
|upkeep
|turn|8
|
|t:|1760405178
|move|p1a: Chris FPS viejito|Headlong Rush|p2a: Ditto
|-damage|p2a: Ditto|0 fnt
|-unboost|p1a: Chris FPS viejito|def|1
|-unboost|p1a: Chris FPS viejito|spd|1
|faint|p2a: Ditto
|-end|p2a: Ditto|Protosynthesis|[silent]
|
|-damage|p1a: Chris FPS viejito|7/100 tox|[from] psn
|upkeep
|
|t:|1760405181
|switch|p2a: Gliscor|Gliscor, F|100/100 tox
|turn|9
|
|t:|1760405184
|move|p2a: Gliscor|Protect|p2a: Gliscor
|-singleturn|p2a: Gliscor|Protect
|move|p1a: Chris FPS viejito|Ice Spinner|p2a: Gliscor
|-activate|p2a: Gliscor|move: Protect
|
|-damage|p1a: Chris FPS viejito|0 fnt|[from] psn
|faint|p1a: Chris FPS viejito
|-end|p1a: Chris FPS viejito|Protosynthesis|[silent]
|upkeep
|
|t:|1760405190
|switch|p1a: Come primas|Zapdos|100/100
|turn|10
|
|t:|1760405202
|move|p2a: Gliscor|Toxic|p1a: Come primas|[miss]
|-miss|p2a: Gliscor|p1a: Come primas
|move|p1a: Come primas|Hurricane|p2a: Gliscor|[miss]
|-miss|p1a: Come primas|p2a: Gliscor
|
|upkeep
|turn|11
|
|t:|1760405207
|-terastallize|p2a: Gliscor|Ground
|-terastallize|p1a: Come primas|Steel
|move|p2a: Gliscor|Toxic|p1a: Come primas
|-immune|p1a: Come primas
|move|p1a: Come primas|Hurricane|p2a: Gliscor
|-damage|p2a: Gliscor|43/100 tox
|
|-heal|p2a: Gliscor|55/100 tox|[from] ability: Poison Heal
|upkeep
|turn|12
|
|t:|1760405221
|move|p2a: Gliscor|Earthquake|p1a: Come primas
|-supereffective|p1a: Come primas
|-damage|p1a: Come primas|25/100
|move|p1a: Come primas|Hurricane|p2a: Gliscor|[miss]
|-miss|p1a: Come primas|p2a: Gliscor
|
|-heal|p2a: Gliscor|68/100 tox|[from] ability: Poison Heal
|upkeep
|turn|13
|
|t:|1760405234
|switch|p1a: enFERRRmo|Dragonite, F, shiny|100/100
|move|p2a: Gliscor|Earthquake|p1a: enFERRRmo
|-immune|p1a: enFERRRmo
|
|-heal|p2a: Gliscor|80/100 tox|[from] ability: Poison Heal
|upkeep
|turn|14
|
|t:|1760405239
|move|p1a: enFERRRmo|Dragon Dance|p1a: enFERRRmo
|-boost|p1a: enFERRRmo|atk|1
|-boost|p1a: enFERRRmo|spe|1
|move|p2a: Gliscor|Toxic|p1a: enFERRRmo
|-status|p1a: enFERRRmo|tox
|-enditem|p1a: enFERRRmo|Lum Berry|[eat]
|-curestatus|p1a: enFERRRmo|tox|[msg]
|
|-heal|p2a: Gliscor|93/100 tox|[from] ability: Poison Heal
|upkeep
|turn|15
|
|t:|1760405253
|move|p1a: enFERRRmo|Dragon Dance|p1a: enFERRRmo
|-boost|p1a: enFERRRmo|atk|1
|-boost|p1a: enFERRRmo|spe|1
|move|p2a: Gliscor|Dual Wingbeat|p1a: enFERRRmo
|-damage|p1a: enFERRRmo|93/100
|-damage|p1a: enFERRRmo|75/100
|-hitcount|p1a: enFERRRmo|2
|
|-heal|p2a: Gliscor|100/100 tox|[from] ability: Poison Heal
|upkeep
|turn|16
|
|t:|1760405265
|move|p1a: enFERRRmo|Dragon Dance|p1a: enFERRRmo
|-boost|p1a: enFERRRmo|atk|1
|-boost|p1a: enFERRRmo|spe|1
|move|p2a: Gliscor|Toxic|p1a: enFERRRmo
|-status|p1a: enFERRRmo|tox
|
|-damage|p1a: enFERRRmo|69/100 tox|[from] psn
|upkeep
|turn|17
|
|t:|1760405284
|move|p2a: Gliscor|Protect|p2a: Gliscor
|-singleturn|p2a: Gliscor|Protect
|move|p1a: enFERRRmo|Extreme Speed|p2a: Gliscor
|-activate|p2a: Gliscor|move: Protect
|
|-damage|p1a: enFERRRmo|57/100 tox|[from] psn
|upkeep
|turn|18
|
|t:|1760405298
|switch|p2a: Ceruledge|Ceruledge, M|100/100
|move|p1a: enFERRRmo|Earthquake|p2a: Ceruledge
|-supereffective|p2a: Ceruledge
|-damage|p2a: Ceruledge|0 fnt
|faint|p2a: Ceruledge
|
|-damage|p1a: enFERRRmo|38/100 tox|[from] psn
|upkeep
|
|t:|1760405305
|switch|p2a: Gliscor|Gliscor, F, tera:Ground|100/100 tox
|turn|19
|j| blaoh123
|
|t:|1760405317
|move|p2a: Gliscor|Protect|p2a: Gliscor
|-singleturn|p2a: Gliscor|Protect
|move|p1a: enFERRRmo|Earthquake|p2a: Gliscor
|-activate|p2a: Gliscor|move: Protect
|
|-damage|p1a: enFERRRmo|14/100 tox|[from] psn
|upkeep
|turn|20
|j| rioja_master
|
|t:|1760405333
|move|p2a: Gliscor|Protect|p2a: Gliscor
|-singleturn|p2a: Gliscor|Protect
|move|p1a: enFERRRmo|Extreme Speed|p2a: Gliscor
|-activate|p2a: Gliscor|move: Protect
|
|-damage|p1a: enFERRRmo|0 fnt|[from] psn
|faint|p1a: enFERRRmo
|upkeep
|c|☆bloooodevolver|omg
|c|☆bloooodevolver|no way
|c|☆CaradeCoso|Lol hahahaha
|c|☆CaradeCoso|Nice
|
|t:|1760405346
|switch|p1a: Zapeoh|Scizor, M, shiny|100/100
|turn|21
|
|t:|1760405356
|switch|p2a: Skeledirge|Skeledirge, F|100/100
|move|p1a: Zapeoh|Knock Off|p2a: Skeledirge
|-supereffective|p2a: Skeledirge
|-damage|p2a: Skeledirge|3/100
|-enditem|p2a: Skeledirge|Leftovers|[from] move: Knock Off|[of] p1a: Zapeoh
|
|upkeep
|turn|22
|
|t:|1760405364
|switch|p1a: Iron Moithrix|Iron Moth|100/100
|-enditem|p1a: Iron Moithrix|Booster Energy
|-activate|p1a: Iron Moithrix|ability: Quark Drive|[fromitem]
|-start|p1a: Iron Moithrix|quarkdrivespe
|move|p2a: Skeledirge|Torch Song|p1a: Iron Moithrix
|-resisted|p1a: Iron Moithrix
|-damage|p1a: Iron Moithrix|70/100
|-boost|p2a: Skeledirge|spa|1
|
|upkeep
|turn|23
|
|t:|1760405383
|move|p1a: Iron Moithrix|Fiery Dance|p2a: Skeledirge
|-resisted|p2a: Skeledirge
|-damage|p2a: Skeledirge|0 fnt
|-boost|p1a: Iron Moithrix|spa|1
|faint|p2a: Skeledirge
|
|upkeep
|
|t:|1760405389
|switch|p2a: Gliscor|Gliscor, F, tera:Ground|100/100 tox
|turn|24
|
|t:|1760405394
|move|p1a: Iron Moithrix|Fiery Dance|p2a: Gliscor
|-damage|p2a: Gliscor|23/100 tox
|move|p2a: Gliscor|Earthquake|p1a: Iron Moithrix
|-supereffective|p1a: Iron Moithrix
|-damage|p1a: Iron Moithrix|0 fnt
|faint|p1a: Iron Moithrix
|-end|p1a: Iron Moithrix|Quark Drive|[silent]
|
|-heal|p2a: Gliscor|35/100 tox|[from] ability: Poison Heal
|upkeep
|
|t:|1760405398
|switch|p1a: Zapeoh|Scizor, M, shiny|100/100
|turn|25
|
|t:|1760405406
|switch|p2a: Primeape|Primeape, M|100/100
|move|p1a: Zapeoh|Bullet Punch|p2a: Primeape
|-damage|p2a: Primeape|0 fnt
|faint|p2a: Primeape
|
|upkeep
|
|t:|1760405412
|switch|p2a: Gliscor|Gliscor, F, tera:Ground|35/100 tox
|turn|26
|c|☆bloooodevolver|gg
|
|t:|1760405419
|move|p1a: Zapeoh|Bullet Punch|p2a: Gliscor
|-damage|p2a: Gliscor|0 fnt
|faint|p2a: Gliscor
|
|win|CaradeCoso
|n|☆CaradeCoso|caradecoso
|n|☆bloooodevolver|bloooodevolver
|n|*Lady Monita ☀|ladymonita
|n| blaoh123|blaoh123
|n| rioja_master|riojamaster
|l|*Lady Monita ☀
|l|☆bloooodevolver
|player|p2|
|c|☆CaradeCoso|ggwp
|l| blaoh123
