|j|☆Wockrates
|j|‽destined1jnp
|t:|1760351861
|gametype|singles
|player|p1|Wockrates|colress|1239
|player|p2|destined1jnp|will|1234
|gen|9
|tier|[Gen 9] OU
|rated|
|rule|HP Percentage Mod: HP is shown in percentages
|rule|Endless Battle Clause: Forcing endless battles is banned
|rule|Species Clause: Limit one of each Pokémon
|rule|OHKO Clause: OHKO moves are banned
|rule|Evasion Items Clause: Evasion items are banned
|rule|Evasion Moves Clause: Evasion moves are banned
|rule|Evasion Abilities Clause: Evasion abilities are banned
|rule|Sleep Moves Clause: Sleep-inducing moves are banned
|clearpoke
|poke|p1|Gardevoir, F|
|poke|p1|Garchomp, M|
|poke|p1|Iron Moth|
|poke|p1|Ogerpon-Wellspring, F|
|poke|p1|Quaquaval, F|
|poke|p1|Probopass, M|
|poke|p2|Dondozo, F|
|poke|p2|Blissey, F|
|poke|p2|Corviknight, M|
|poke|p2|Weezing-Galar, F|
|poke|p2|Gliscor, F|
|poke|p2|Toxapex, M|
|teampreview
|
|t:|1760351872
|teamsize|p1|6
|teamsize|p2|6
|start
|switch|p1a: Gardevoir|Gardevoir, F|100/100
|switch|p2a: Toxapex|Toxapex, M, shiny|100/100
|-ability|p1a: Gardevoir|Regenerator|Trace|[from] ability: Trace|[of] p2a: Toxapex
|turn|1
|
|t:|1760351881
|move|p1a: Gardevoir|Trick|p2a: Toxapex
|-activate|p1a: Gardevoir|move: Trick|[of] p2a: Toxapex
|-item|p2a: Toxapex|Choice Scarf|[from] move: Trick
|-item|p1a: Gardevoir|Leftovers|[from] move: Trick
|move|p2a: Toxapex|Toxic|p1a: Gardevoir
|-status|p1a: Gardevoir|tox
|
|-damage|p1a: Gardevoir|94/100 tox|[from] psn
|upkeep
|turn|2
|
|t:|1760351891
|switch|p2a: Blissey|Blissey, F|100/100
|move|p1a: Gardevoir|Psychic|p2a: Blissey
|-damage|p2a: Blissey|87/100
|-unboost|p2a: Blissey|spd|1
|
|-heal|p1a: Gardevoir|100/100 tox|[from] item: Leftovers
|-heal|p2a: Blissey|93/100|[from] item: Leftovers
|-damage|p1a: Gardevoir|88/100 tox|[from] psn
|upkeep
|turn|3
|
|t:|1760351909
|switch|p1a: Quaquaval|Quaquaval, F|100/100
|move|p2a: Blissey|Calm Mind|p2a: Blissey
|-boost|p2a: Blissey|spa|1
|-boost|p2a: Blissey|spd|1
|
|-heal|p2a: Blissey|99/100|[from] item: Leftovers
|upkeep
|turn|4
|
|t:|1760351920
|switch|p2a: Toxapex|Toxapex, M, shiny|100/100
|move|p1a: Quaquaval|Aqua Step|p2a: Toxapex
|-resisted|p2a: Toxapex
|-damage|p2a: Toxapex|79/100
|-boost|p1a: Quaquaval|spe|1
|
|upkeep
|turn|5
|
|t:|1760351933
|switch|p1a: Gardevoir|Gardevoir, F|100/100 tox
|-ability|p1a: Gardevoir|Regenerator|Trace|[from] ability: Trace|[of] p2a: Toxapex
|move|p2a: Toxapex|Toxic|p1a: Gardevoir
|-fail|p1a: Gardevoir|tox
|
|-damage|p1a: Gardevoir|94/100 tox|[from] psn
|upkeep
|turn|6
|
|t:|1760351946
|switch|p2a: Blissey|Blissey, F|99/100
|move|p1a: Gardevoir|Psychic|p2a: Blissey
|-damage|p2a: Blissey|86/100
|
|-heal|p1a: Gardevoir|100/100 tox|[from] item: Leftovers
|-heal|p2a: Blissey|92/100|[from] item: Leftovers
|-damage|p1a: Gardevoir|88/100 tox|[from] psn
|upkeep
|turn|7
|
|t:|1760351958
|switch|p1a: Garchomp|Garchomp, M|100/100
|move|p2a: Blissey|Seismic Toss|p1a: Garchomp
|-damage|p1a: Garchomp|77/100
|-damage|p2a: Blissey|80/100|[from] ability: Rough Skin|[of] p1a: Garchomp
|-damage|p2a: Blissey|63/100|[from] item: Rocky Helmet|[of] p1a: Garchomp
|
|-heal|p2a: Blissey|69/100|[from] item: Leftovers
|upkeep
|turn|8
|
|t:|1760351973
|switch|p2a: Corviknight|Corviknight, M, shiny|100/100
|-ability|p2a: Corviknight|Pressure
|move|p1a: Garchomp|Stealth Rock|p2a: Corviknight
|-sidestart|p2: destined1jnp|move: Stealth Rock
|
|upkeep
|turn|9
|
|t:|1760351982
|move|p2a: Corviknight|Defog|p1a: Garchomp
|-unboost|p1a: Garchomp|evasion|1
|-sideend|p2: destined1jnp|Stealth Rock|[from] move: Defog|[of] p2a: Corviknight
|move|p1a: Garchomp|Dragon Tail|p2a: Corviknight
|-resisted|p2a: Corviknight
|-damage|p2a: Corviknight|93/100
|drag|p2a: Toxapex|Toxapex, M, shiny|100/100
|
|upkeep
|turn|10
|
|t:|1760352021
|move|p2a: Toxapex|Toxic|p1a: Garchomp
|-status|p1a: Garchomp|tox
|move|p1a: Garchomp|Dragon Tail|p2a: Toxapex
|-damage|p2a: Toxapex|80/100
|drag|p2a: Gliscor|Gliscor, F|100/100
|
|-damage|p1a: Garchomp|70/100 tox|[from] psn
|-status|p2a: Gliscor|tox|[from] item: Toxic Orb
|upkeep
|turn|11
|
|t:|1760352037
|switch|p1a: Quaquaval|Quaquaval, F|100/100
|move|p2a: Gliscor|Knock Off|p1a: Quaquaval
|-resisted|p1a: Quaquaval
|-damage|p1a: Quaquaval|87/100
|-enditem|p1a: Quaquaval|Choice Band|[from] move: Knock Off|[of] p2a: Gliscor
|
|upkeep
|turn|12
|
|t:|1760352045
|switch|p2a: Toxapex|Toxapex, M, shiny|100/100
|move|p1a: Quaquaval|Aqua Step|p2a: Toxapex
|-resisted|p2a: Toxapex
|-damage|p2a: Toxapex|84/100
|-boost|p1a: Quaquaval|spe|1
|
|upkeep
|turn|13
|
|t:|1760352053
|switch|p1a: Gardevoir|Gardevoir, F|100/100 tox
|-ability|p1a: Gardevoir|Regenerator|Trace|[from] ability: Trace|[of] p2a: Toxapex
|move|p2a: Toxapex|Toxic Spikes|p1a: Gardevoir
|-sidestart|p1: Wockrates|move: Toxic Spikes
|
|-damage|p1a: Gardevoir|94/100 tox|[from] psn
|upkeep
|turn|14
|
|t:|1760352073
|switch|p1a: Quaquaval|Quaquaval, F|87/100
|-status|p1a: Quaquaval|psn
|move|p2a: Toxapex|Toxic Spikes|p1a: Quaquaval
|-sidestart|p1: Wockrates|move: Toxic Spikes
|
|-damage|p1a: Quaquaval|74/100 psn|[from] psn
|upkeep
|turn|15
|
|t:|1760352087
|move|p1a: Quaquaval|Rapid Spin|p2a: Toxapex
|-damage|p2a: Toxapex|72/100
|-boost|p1a: Quaquaval|spe|1
|-sideend|p1: Wockrates|Toxic Spikes|[from] move: Rapid Spin|[of] p1a: Quaquaval
|move|p2a: Toxapex|Toxic Spikes|p1a: Quaquaval
|-sidestart|p1: Wockrates|move: Toxic Spikes
|
|-damage|p1a: Quaquaval|62/100 psn|[from] psn
|upkeep
|turn|16
|
|t:|1760352099
|switch|p1a: Gardevoir|Gardevoir, F|100/100 tox
|-ability|p1a: Gardevoir|Regenerator|Trace|[from] ability: Trace|[of] p2a: Toxapex
|move|p2a: Toxapex|Toxic Spikes|p1a: Gardevoir
|-sidestart|p1: Wockrates|move: Toxic Spikes
|
|-damage|p1a: Gardevoir|94/100 tox|[from] psn
|upkeep
|turn|17
|
|t:|1760352108
|switch|p2a: Blissey|Blissey, F|69/100
|move|p1a: Gardevoir|Psychic|p2a: Blissey
|-damage|p2a: Blissey|56/100
|
|-heal|p1a: Gardevoir|100/100 tox|[from] item: Leftovers
|-heal|p2a: Blissey|62/100|[from] item: Leftovers
|-damage|p1a: Gardevoir|88/100 tox|[from] psn
|upkeep
|turn|18
|
|t:|1760352122
|switch|p1a: Garchomp|Garchomp, M|70/100 tox
|move|p2a: Blissey|Soft-Boiled|p2a: Blissey
|-heal|p2a: Blissey|100/100
|
|-damage|p1a: Garchomp|64/100 tox|[from] psn
|upkeep
|turn|19
|
|t:|1760352133
|switch|p2a: Corviknight|Corviknight, M, shiny|93/100
|-ability|p2a: Corviknight|Pressure
|move|p1a: Garchomp|Earthquake|p2a: Corviknight
|-immune|p2a: Corviknight
|
|-heal|p2a: Corviknight|99/100|[from] item: Leftovers
|-damage|p1a: Garchomp|52/100 tox|[from] psn
|upkeep
|turn|20
|
|t:|1760352147
|switch|p1a: Iron Moth|Iron Moth|100/100
|-sideend|p1: Wockrates|move: Toxic Spikes|[of] p1a: Iron Moth
|-enditem|p1a: Iron Moth|Booster Energy
|-activate|p1a: Iron Moth|ability: Quark Drive|[fromitem]
|-start|p1a: Iron Moth|quarkdrivespe
|move|p2a: Corviknight|Body Press|p1a: Iron Moth
|-resisted|p1a: Iron Moth
|-damage|p1a: Iron Moth|82/100
|
|-heal|p2a: Corviknight|100/100|[from] item: Leftovers
|upkeep
|turn|21
|
|t:|1760352163
|switch|p2a: Gliscor|Gliscor, F|100/100 tox
|move|p1a: Iron Moth|Fiery Dance|p2a: Gliscor
|-damage|p2a: Gliscor|69/100 tox
|
|-heal|p2a: Gliscor|81/100 tox|[from] ability: Poison Heal
|upkeep
|turn|22
|
|t:|1760352176
|move|p1a: Iron Moth|Fiery Dance|p2a: Gliscor
|-damage|p2a: Gliscor|49/100 tox
|move|p2a: Gliscor|Earthquake|p1a: Iron Moth
|-supereffective|p1a: Iron Moth
|-damage|p1a: Iron Moth|0 fnt
|faint|p1a: Iron Moth
|-end|p1a: Iron Moth|Quark Drive|[silent]
|
|-heal|p2a: Gliscor|61/100 tox|[from] ability: Poison Heal
|upkeep
|
|t:|1760352188
|switch|p1a: Quaquaval|Quaquaval, F|62/100 psn
|turn|23
|
|t:|1760352191
|move|p2a: Gliscor|Protect|p2a: Gliscor
|-singleturn|p2a: Gliscor|Protect
|move|p1a: Quaquaval|Aqua Step|p2a: Gliscor
|-activate|p2a: Gliscor|move: Protect
|
|-damage|p1a: Quaquaval|49/100 psn|[from] psn
|-heal|p2a: Gliscor|74/100 tox|[from] ability: Poison Heal
|upkeep
|turn|24
|
|t:|1760352204
|switch|p2a: Toxapex|Toxapex, M, shiny|100/100
|move|p1a: Quaquaval|Flip Turn|p2a: Toxapex
|-resisted|p2a: Toxapex
|-damage|p2a: Toxapex|89/100
|
|t:|1760352214
|switch|p1a: Probopass|Probopass, M|100/100|[from] Flip Turn
|
|upkeep
|turn|25
|
|t:|1760352239
|switch|p2a: Corviknight|Corviknight, M, shiny|100/100
|-ability|p2a: Corviknight|Pressure
|move|p1a: Probopass|Thunder Wave|p2a: Corviknight
|-status|p2a: Corviknight|par
|
|upkeep
|turn|26
|
|t:|1760352257
|move|p2a: Corviknight|Iron Defense|p2a: Corviknight
|-boost|p2a: Corviknight|def|2
|move|p1a: Probopass|Flash Cannon|p2a: Corviknight
|-resisted|p2a: Corviknight
|-damage|p2a: Corviknight|90/100 par
|
|-heal|p2a: Corviknight|96/100 par|[from] item: Leftovers
|upkeep
|turn|27
|-message|Wockrates forfeited.
|
|win|destined1jnp
|raw|Wockrates's rating: 1239 &rarr; <strong>1214</strong><br />(-25 for losing)
|raw|destined1jnp's rating: 1234 &rarr; <strong>1259</strong><br />(+25 for winning)
|l|☆Wockrates
|player|p1|
|l|‽destined1jnp
|player|p2|
