|j|☆kinsword
|j|‽thetidleypeeps
|t:|1760453031
|gametype|singles
|player|p1|kinsword|2|1487
|player|p2|thetidleypeeps|1|1476
|gen|9
|tier|[Gen 9] OU
|rated|
|rule|HP Percentage Mod: HP is shown in percentages
|rule|Endless Battle Clause: Forcing endless battles is banned
|rule|Species Clause: Limit one of each Pokémon
|rule|OHKO Clause: OHKO moves are banned
|rule|Evasion Items Clause: Evasion items are banned
|rule|Evasion Moves Clause: Evasion moves are banned
|rule|Evasion Abilities Clause: Evasion abilities are banned
|rule|Sleep Moves Clause: Sleep-inducing moves are banned
|clearpoke
|poke|p1|Dudunsparce-*, M|
|poke|p1|Greninja-*, F|
|poke|p1|Skarmory, M|
|poke|p1|Iron Treads|
|poke|p1|Fezandipiti, M|
|poke|p1|Haxorus, M|
|poke|p2|Great Tusk|
|poke|p2|Iron Valiant|
|poke|p2|Dragapult, F|
|poke|p2|Dragonite, M|
|poke|p2|Garganacl, F|
|poke|p2|Moltres|
|teampreview
|inactive|Battle timer is ON: inactive players will automatically lose when time's up. (requested by kinsword)
|
|t:|1760453042
|teamsize|p1|6
|teamsize|p2|6
|start
|switch|p1a: Greninja|Greninja, F|100/100
|switch|p2a: Garganacl|Garganacl, F|100/100
|turn|1
|
|t:|1760453049
|-terastallize|p2a: Garganacl|Water
|move|p1a: Greninja|Surf|p2a: Garganacl
|-start|p1a: Greninja|typechange|Water|[from] ability: Protean
|-resisted|p2a: Garganacl
|-damage|p2a: Garganacl|81/100
|move|p2a: Garganacl|Salt Cure|p1a: Greninja
|-damage|p1a: Greninja|77/100
|-start|p1a: Greninja|Salt Cure
|
|-heal|p2a: Garganacl|87/100|[from] item: Leftovers
|-damage|p1a: Greninja|52/100|[from] Salt Cure
|upkeep
|turn|2
|
|t:|1760453077
|switch|p1a: Skarmory|Skarmory, M|100/100
|move|p2a: Garganacl|Protect||[still]
|-fail|p2a: Garganacl
|
|-heal|p2a: Garganacl|93/100|[from] item: Leftovers
|upkeep
|turn|3
|inactive|kinsword has 120 seconds left.
|
|t:|1760453093
|move|p1a: Skarmory|Iron Defense|p1a: Skarmory
|-boost|p1a: Skarmory|def|2
|move|p2a: Garganacl|Salt Cure|p1a: Skarmory
|-damage|p1a: Skarmory|96/100
|-start|p1a: Skarmory|Salt Cure
|
|-heal|p2a: Garganacl|99/100|[from] item: Leftovers
|-damage|p1a: Skarmory|71/100|[from] Salt Cure
|upkeep
|turn|4
|
|t:|1760453103
|move|p1a: Skarmory|Body Press|p2a: Garganacl
|-damage|p2a: Garganacl|67/100
|move|p2a: Garganacl|Stealth Rock|p1a: Skarmory
|-sidestart|p1: kinsword|move: Stealth Rock
|
|-heal|p2a: Garganacl|73/100|[from] item: Leftovers
|-damage|p1a: Skarmory|46/100|[from] Salt Cure
|upkeep
|turn|5
|
|t:|1760453114
|move|p1a: Skarmory|Roost|p1a: Skarmory
|-heal|p1a: Skarmory|96/100
|-singleturn|p1a: Skarmory|move: Roost
|move|p2a: Garganacl|Salt Cure|p1a: Skarmory
|-resisted|p1a: Skarmory
|-damage|p1a: Skarmory|94/100
|
|-heal|p2a: Garganacl|79/100|[from] item: Leftovers
|-damage|p1a: Skarmory|69/100|[from] Salt Cure
|upkeep
|turn|6
|
|t:|1760453129
|move|p1a: Skarmory|Iron Defense|p1a: Skarmory
|-boost|p1a: Skarmory|def|2
|move|p2a: Garganacl|Salt Cure|p1a: Skarmory
|-damage|p1a: Skarmory|66/100
|
|-heal|p2a: Garganacl|85/100|[from] item: Leftovers
|-damage|p1a: Skarmory|42/100|[from] Salt Cure
|upkeep
|turn|7
|
|t:|1760453138
|switch|p2a: Dragapult|Dragapult, F, shiny|100/100
|move|p1a: Skarmory|Roost|p1a: Skarmory
|-heal|p1a: Skarmory|92/100
|-singleturn|p1a: Skarmory|move: Roost
|
|-damage|p1a: Skarmory|67/100|[from] Salt Cure
|upkeep
|turn|8
|
|t:|1760453152
|switch|p1a: Dudunsparce|Dudunsparce-Three-Segment, M|100/100
|-damage|p1a: Dudunsparce|88/100|[from] Stealth Rock
|move|p2a: Dragapult|U-turn|p1a: Dudunsparce
|-damage|p1a: Dudunsparce|69/100
|
|t:|1760453158
|switch|p2a: Moltres|Moltres|100/100|[from] U-turn
|
|-heal|p1a: Dudunsparce|75/100|[from] item: Leftovers
|upkeep
|turn|9
|
|t:|1760453164
|move|p2a: Moltres|Will-O-Wisp|p1a: Dudunsparce
|-status|p1a: Dudunsparce|brn
|move|p1a: Dudunsparce|Glare|p2a: Moltres
|-status|p2a: Moltres|par
|
|-heal|p1a: Dudunsparce|81/100 brn|[from] item: Leftovers
|-damage|p1a: Dudunsparce|75/100 brn|[from] brn
|upkeep
|turn|10
|
|t:|1760453174
|move|p1a: Dudunsparce|Boomburst|p2a: Moltres
|-damage|p2a: Moltres|53/100 par
|move|p2a: Moltres|Flamethrower|p1a: Dudunsparce
|-damage|p1a: Dudunsparce|37/100 brn
|
|-heal|p1a: Dudunsparce|43/100 brn|[from] item: Leftovers
|-damage|p1a: Dudunsparce|37/100 brn|[from] brn
|upkeep
|turn|11
|
|t:|1760453184
|switch|p2a: Garganacl|Garganacl, F, tera:Water|85/100
|move|p1a: Dudunsparce|Shadow Ball|p2a: Garganacl
|-damage|p2a: Garganacl|74/100
|
|-heal|p1a: Dudunsparce|43/100 brn|[from] item: Leftovers
|-heal|p2a: Garganacl|80/100|[from] item: Leftovers
|-damage|p1a: Dudunsparce|37/100 brn|[from] brn
|upkeep
|turn|12
|
|t:|1760453194
|move|p1a: Dudunsparce|Boomburst|p2a: Garganacl
|-damage|p2a: Garganacl|28/100
|move|p2a: Garganacl|Salt Cure|p1a: Dudunsparce
|-damage|p1a: Dudunsparce|22/100 brn
|-start|p1a: Dudunsparce|Salt Cure
|
|-heal|p1a: Dudunsparce|28/100 brn|[from] item: Leftovers
|-heal|p2a: Garganacl|35/100|[from] item: Leftovers
|-damage|p1a: Dudunsparce|22/100 brn|[from] brn
|-damage|p1a: Dudunsparce|10/100 brn|[from] Salt Cure
|upkeep
|turn|13
|
|t:|1760453205
|move|p2a: Garganacl|Protect|p2a: Garganacl
|-singleturn|p2a: Garganacl|Protect
|move|p1a: Dudunsparce|Boomburst|p2a: Garganacl
|-activate|p2a: Garganacl|move: Protect
|
|-heal|p1a: Dudunsparce|16/100 brn|[from] item: Leftovers
|-heal|p2a: Garganacl|41/100|[from] item: Leftovers
|-damage|p1a: Dudunsparce|10/100 brn|[from] brn
|-damage|p1a: Dudunsparce|0 fnt|[from] Salt Cure
|faint|p1a: Dudunsparce
|upkeep
|inactive|kinsword has 120 seconds left.
|
|t:|1760453235
|switch|p1a: Haxorus|Haxorus, M|100/100
|-damage|p1a: Haxorus|88/100|[from] Stealth Rock
|-ability|p1a: Haxorus|Mold Breaker
|turn|14
|
|t:|1760453242
|switch|p2a: Moltres|Moltres|53/100 par
|move|p1a: Haxorus|Scale Shot|p2a: Moltres
|-damage|p2a: Moltres|36/100 par
|-damage|p2a: Moltres|20/100 par
|-damage|p2a: Moltres|4/100 par
|-damage|p2a: Moltres|0 fnt
|faint|p2a: Moltres
|-hitcount|p2: Moltres|4
|-unboost|p1a: Haxorus|def|1
|-boost|p1a: Haxorus|spe|1
|
|upkeep
|
|t:|1760453250
|switch|p2a: Iron Valiant|Iron Valiant, shiny|100/100
|-enditem|p2a: Iron Valiant|Booster Energy
|-activate|p2a: Iron Valiant|ability: Quark Drive|[fromitem]
|-start|p2a: Iron Valiant|quarkdrivespe
|turn|15
|
|t:|1760453261
|-terastallize|p1a: Haxorus|Fire
|move|p2a: Iron Valiant|Moonblast|p1a: Haxorus
|-resisted|p1a: Haxorus
|-damage|p1a: Haxorus|49/100
|move|p1a: Haxorus|Tera Blast|p2a: Iron Valiant|[anim] Tera Blast Fire
|-damage|p2a: Iron Valiant|37/100
|
|upkeep
|turn|16
|
|t:|1760453277
|move|p2a: Iron Valiant|Destiny Bond|p2a: Iron Valiant
|-singlemove|p2a: Iron Valiant|Destiny Bond
|move|p1a: Haxorus|Tera Blast|p2a: Iron Valiant|[anim] Tera Blast Fire
|-damage|p2a: Iron Valiant|0 fnt
|faint|p2a: Iron Valiant
|-activate|p2a: Iron Valiant|move: Destiny Bond
|-end|p2a: Iron Valiant|Quark Drive|[silent]
|faint|p1a: Haxorus
|
|upkeep
|inactive|kinsword has 120 seconds left.
|
|t:|1760453293
|switch|p2a: Dragapult|Dragapult, F, shiny|100/100
|switch|p1a: Fezandipiti|Fezandipiti, M|100/100
|-damage|p1a: Fezandipiti|88/100|[from] Stealth Rock
|turn|17
|inactive|kinsword has 120 seconds left.
|
|t:|1760453300
|move|p2a: Dragapult|Shadow Ball|p1a: Fezandipiti
|-damage|p1a: Fezandipiti|53/100
|move|p1a: Fezandipiti|Swords Dance|p1a: Fezandipiti
|-boost|p1a: Fezandipiti|atk|2
|
|-heal|p1a: Fezandipiti|59/100|[from] item: Leftovers
|upkeep
|turn|18
|inactive|kinsword has 120 seconds left.
|
|t:|1760453313
|move|p2a: Dragapult|Shadow Ball|p1a: Fezandipiti
|-damage|p1a: Fezandipiti|29/100
|move|p1a: Fezandipiti|Dual Wingbeat|p2a: Dragapult
|-damage|p2a: Dragapult|60/100
|-damage|p2a: Dragapult|21/100
|-hitcount|p2a: Dragapult|2
|
|-heal|p1a: Fezandipiti|35/100|[from] item: Leftovers
|upkeep
|turn|19
|inactive|kinsword has 120 seconds left.
|
|t:|1760453323
|move|p2a: Dragapult|Shadow Ball|p1a: Fezandipiti
|-damage|p1a: Fezandipiti|2/100
|move|p1a: Fezandipiti|Dual Wingbeat|p2a: Dragapult
|-damage|p2a: Dragapult|0 fnt
|faint|p2a: Dragapult
|-hitcount|p2: Dragapult|1
|
|-heal|p1a: Fezandipiti|8/100|[from] item: Leftovers
|upkeep
|
|t:|1760453331
|switch|p2a: Dragonite|Dragonite, M|100/100
|turn|20
|
|t:|1760453336
|move|p2a: Dragonite|Extreme Speed|p1a: Fezandipiti
|-damage|p1a: Fezandipiti|0 fnt
|faint|p1a: Fezandipiti
|
|upkeep
|
|t:|1760453342
|switch|p1a: Skarmory|Skarmory, M|67/100
|-damage|p1a: Skarmory|54/100|[from] Stealth Rock
|turn|21
|
|t:|1760453347
|switch|p2a: Garganacl|Garganacl, F, tera:Water|41/100
|move|p1a: Skarmory|Iron Defense|p1a: Skarmory
|-boost|p1a: Skarmory|def|2
|
|-heal|p2a: Garganacl|47/100|[from] item: Leftovers
|upkeep
|turn|22
|
|t:|1760453356
|move|p1a: Skarmory|Body Press|p2a: Garganacl
|-damage|p2a: Garganacl|15/100
|move|p2a: Garganacl|Recover|p2a: Garganacl
|-heal|p2a: Garganacl|65/100
|
|-heal|p2a: Garganacl|71/100|[from] item: Leftovers
|upkeep
|turn|23
|
|t:|1760453364
|move|p1a: Skarmory|Iron Defense|p1a: Skarmory
|-boost|p1a: Skarmory|def|2
|move|p2a: Garganacl|Salt Cure|p1a: Skarmory
|-damage|p1a: Skarmory|51/100
|-start|p1a: Skarmory|Salt Cure
|
|-heal|p2a: Garganacl|77/100|[from] item: Leftovers
|-damage|p1a: Skarmory|27/100|[from] Salt Cure
|upkeep
|turn|24
|
|t:|1760453374
|move|p1a: Skarmory|Roost|p1a: Skarmory
|-heal|p1a: Skarmory|77/100
|-singleturn|p1a: Skarmory|move: Roost
|move|p2a: Garganacl|Recover|p2a: Garganacl
|-heal|p2a: Garganacl|100/100
|
|-damage|p1a: Skarmory|52/100|[from] Salt Cure
|upkeep
|turn|25
|
|t:|1760453385
|move|p2a: Garganacl|Protect|p2a: Garganacl
|-singleturn|p2a: Garganacl|Protect
|move|p1a: Skarmory|Iron Defense|p1a: Skarmory
|-boost|p1a: Skarmory|def|2
|
|-damage|p1a: Skarmory|27/100|[from] Salt Cure
|upkeep
|turn|26
|
|t:|1760453393
|move|p1a: Skarmory|Roost|p1a: Skarmory
|-heal|p1a: Skarmory|77/100
|-singleturn|p1a: Skarmory|move: Roost
|move|p2a: Garganacl|Stealth Rock||[still]
|-fail|p2a: Garganacl
|
|-damage|p1a: Skarmory|52/100|[from] Salt Cure
|upkeep
|turn|27
|
|t:|1760453402
|move|p2a: Garganacl|Protect|p2a: Garganacl
|-singleturn|p2a: Garganacl|Protect
|move|p1a: Skarmory|Roost|p1a: Skarmory
|-heal|p1a: Skarmory|100/100
|-singleturn|p1a: Skarmory|move: Roost
|
|-damage|p1a: Skarmory|76/100|[from] Salt Cure
|upkeep
|turn|28
|
|t:|1760453411
|move|p1a: Skarmory|Body Press|p2a: Garganacl
|-damage|p2a: Garganacl|36/100
|move|p2a: Garganacl|Recover|p2a: Garganacl
|-heal|p2a: Garganacl|86/100
|
|-heal|p2a: Garganacl|92/100|[from] item: Leftovers
|-damage|p1a: Skarmory|51/100|[from] Salt Cure
|upkeep
|turn|29
|
|t:|1760453421
|move|p2a: Garganacl|Protect|p2a: Garganacl
|-singleturn|p2a: Garganacl|Protect
|move|p1a: Skarmory|Roost|p1a: Skarmory
|-heal|p1a: Skarmory|100/100
|-singleturn|p1a: Skarmory|move: Roost
|
|-heal|p2a: Garganacl|98/100|[from] item: Leftovers
|-damage|p1a: Skarmory|76/100|[from] Salt Cure
|upkeep
|turn|30
|
|t:|1760453431
|move|p1a: Skarmory|Body Press|p2a: Garganacl
|-damage|p2a: Garganacl|38/100
|move|p2a: Garganacl|Recover|p2a: Garganacl
|-heal|p2a: Garganacl|88/100
|
|-heal|p2a: Garganacl|94/100|[from] item: Leftovers
|-damage|p1a: Skarmory|51/100|[from] Salt Cure
|upkeep
|turn|31
|
|t:|1760453444
|move|p1a: Skarmory|Body Press|p2a: Garganacl
|-crit|p2a: Garganacl
|-damage|p2a: Garganacl|0 fnt
|faint|p2a: Garganacl
|
|-damage|p1a: Skarmory|26/100|[from] Salt Cure
|upkeep
|
|t:|1760453453
|switch|p2a: Great Tusk|Great Tusk|100/100
|-enditem|p2a: Great Tusk|Booster Energy
|-activate|p2a: Great Tusk|ability: Protosynthesis|[fromitem]
|-start|p2a: Great Tusk|protosynthesisatk
|turn|32
|
|t:|1760453458
|move|p2a: Great Tusk|Close Combat|p1a: Skarmory
|-damage|p1a: Skarmory|13/100
|-unboost|p2a: Great Tusk|def|1
|-unboost|p2a: Great Tusk|spd|1
|-damage|p2a: Great Tusk|84/100|[from] item: Rocky Helmet|[of] p1a: Skarmory
|move|p1a: Skarmory|Roost|p1a: Skarmory
|-heal|p1a: Skarmory|63/100
|-singleturn|p1a: Skarmory|move: Roost
|
|-damage|p1a: Skarmory|38/100|[from] Salt Cure
|upkeep
|turn|33
|
|t:|1760453472
|move|p2a: Great Tusk|Close Combat|p1a: Skarmory
|-damage|p1a: Skarmory|27/100
|-unboost|p2a: Great Tusk|def|1
|-unboost|p2a: Great Tusk|spd|1
|-damage|p2a: Great Tusk|68/100|[from] item: Rocky Helmet|[of] p1a: Skarmory
|move|p1a: Skarmory|Roost|p1a: Skarmory
|-heal|p1a: Skarmory|77/100
|-singleturn|p1a: Skarmory|move: Roost
|
|-damage|p1a: Skarmory|52/100|[from] Salt Cure
|upkeep
|turn|34
|
|t:|1760453484
|move|p2a: Great Tusk|Close Combat|p1a: Skarmory
|-damage|p1a: Skarmory|39/100
|-unboost|p2a: Great Tusk|def|1
|-unboost|p2a: Great Tusk|spd|1
|-damage|p2a: Great Tusk|51/100|[from] item: Rocky Helmet|[of] p1a: Skarmory
|move|p1a: Skarmory|Body Press|p2a: Great Tusk
|-damage|p2a: Great Tusk|0 fnt
|faint|p2a: Great Tusk
|-end|p2a: Great Tusk|Protosynthesis|[silent]
|
|-damage|p1a: Skarmory|14/100|[from] Salt Cure
|upkeep
|
|t:|1760453493
|switch|p2a: Dragonite|Dragonite, M|100/100
|turn|35
|
|t:|1760453498
|move|p2a: Dragonite|Dragon Dance|p2a: Dragonite
|-boost|p2a: Dragonite|atk|1
|-boost|p2a: Dragonite|spe|1
|move|p1a: Skarmory|Body Press|p2a: Dragonite
|-resisted|p2a: Dragonite
|-damage|p2a: Dragonite|62/100
|
|-damage|p1a: Skarmory|0 fnt|[from] Salt Cure
|faint|p1a: Skarmory
|upkeep
|
|t:|1760453507
|switch|p1a: Greninja|Greninja, F|52/100
|-damage|p1a: Greninja|40/100|[from] Stealth Rock
|turn|36
|
|t:|1760453513
|move|p2a: Dragonite|Extreme Speed|p1a: Greninja
|-damage|p1a: Greninja|0 fnt
|faint|p1a: Greninja
|
|upkeep
|
|t:|1760453518
|switch|p1a: Iron Treads|Iron Treads|100/100
|-damage|p1a: Iron Treads|97/100|[from] Stealth Rock
|turn|37
|
|t:|1760453522
|move|p2a: Dragonite|Earthquake|p1a: Iron Treads
|-supereffective|p1a: Iron Treads
|-damage|p1a: Iron Treads|14/100
|move|p1a: Iron Treads|Ice Spinner|p2a: Dragonite
|-supereffective|p2a: Dragonite
|-damage|p2a: Dragonite|0 fnt
|faint|p2a: Dragonite
|
|win|kinsword
|raw|kinsword's rating: 1487 &rarr; <strong>1506</strong><br />(+19 for winning)
|raw|thetidleypeeps's rating: 1476 &rarr; <strong>1457</strong><br />(-19 for losing)
|l|☆kinsword
|player|p1|
