|j|☆Swaddling Sewaddle
|j|☆Hdhdjskkskaks
|t:|1760367156
|gametype|singles
|player|p1|Swaddling Sewaddle|roxanne|1154
|player|p2|Hdhdjskkskaks|2|1180
|gen|9
|tier|[Gen 9] OU
|rated|
|rule|HP Percentage Mod: HP is shown in percentages
|rule|Endless Battle Clause: Forcing endless battles is banned
|rule|Species Clause: Limit one of each Pokémon
|rule|OHKO Clause: OHKO moves are banned
|rule|Evasion Items Clause: Evasion items are banned
|rule|Evasion Moves Clause: Evasion moves are banned
|rule|Evasion Abilities Clause: Evasion abilities are banned
|rule|Sleep Moves Clause: Sleep-inducing moves are banned
|clearpoke
|poke|p1|Ogerpon-Cornerstone, F|
|poke|p1|Florges-White, F|
|poke|p1|Espeon, M|
|poke|p1|Sandy Shocks|
|poke|p1|Ninetales-Alola, M|
|poke|p1|Zoroark-Hisui, F|
|poke|p2|Great Tusk|
|poke|p2|Heatran, M|
|poke|p2|Weavile, M|
|poke|p2|Primarina, M|
|poke|p2|Ogerpon, F|
|poke|p2|Pecharunt|
|teampreview
|inactive|Battle timer is ON: inactive players will automatically lose when time's up. (requested by Hdhdjskkskaks)
|
|t:|1760367164
|teamsize|p1|6
|teamsize|p2|6
|start
|switch|p1a: Sandy Shocks|Sandy Shocks|100/100
|switch|p2a: Heatran|Heatran, M, shiny|100/100
|-item|p2a: Heatran|Air Balloon
|-enditem|p1a: Sandy Shocks|Booster Energy
|-activate|p1a: Sandy Shocks|ability: Protosynthesis|[fromitem]
|-start|p1a: Sandy Shocks|protosynthesisspe
|turn|1
|
|t:|1760367172
|move|p1a: Sandy Shocks|Power Gem|p2a: Heatran
|-damage|p2a: Heatran|76/100
|-enditem|p2a: Heatran|Air Balloon
|move|p2a: Heatran|Earth Power|p1a: Sandy Shocks
|-supereffective|p1a: Sandy Shocks
|-damage|p1a: Sandy Shocks|27/100
|
|upkeep
|turn|2
|
|t:|1760367181
|switch|p2a: Primarina|Primarina, M, shiny|100/100
|move|p1a: Sandy Shocks|Earth Power|p2a: Primarina
|-damage|p2a: Primarina|77/100
|
|upkeep
|turn|3
|
|t:|1760367187
|move|p1a: Sandy Shocks|Thunderbolt|p2a: Primarina
|-supereffective|p2a: Primarina
|-damage|p2a: Primarina|33/100
|-status|p2a: Primarina|par
|move|p2a: Primarina|Flip Turn|p1a: Sandy Shocks
|-supereffective|p1a: Sandy Shocks
|-damage|p1a: Sandy Shocks|0 fnt
|faint|p1a: Sandy Shocks
|-end|p1a: Sandy Shocks|Protosynthesis|[silent]
|
|t:|1760367195
|switch|p2a: Heatran|Heatran, M, shiny|76/100|[from] Flip Turn
|
|upkeep
|
|t:|1760367206
|switch|p1a: Espeon|Espeon, M|100/100
|turn|4
|
|t:|1760367210
|switch|p2a: Primarina|Primarina, M, shiny|33/100 par
|-terastallize|p1a: Espeon|Ground
|move|p1a: Espeon|Tera Blast|p2a: Primarina|[anim] Tera Blast Ground
|-damage|p2a: Primarina|10/100 par
|
|upkeep
|turn|5
|
|t:|1760367220
|move|p1a: Espeon|Shadow Ball|p2a: Primarina
|-damage|p2a: Primarina|0 fnt
|faint|p2a: Primarina
|
|upkeep
|
|t:|1760367226
|switch|p2a: Weavile|Weavile, M, shiny|100/100
|-ability|p2a: Weavile|Pressure
|turn|6
|
|t:|1760367233
|move|p2a: Weavile|Triple Axel|p1a: Espeon
|-supereffective|p1a: Espeon
|-damage|p1a: Espeon|41/100
|-hitcount|p1a: Espeon|1
|move|p1a: Espeon|Power Gem|p2a: Weavile
|-supereffective|p2a: Weavile
|-damage|p2a: Weavile|22/100
|
|upkeep
|turn|7
|
|t:|1760367242
|switch|p1a: Ninetales|Ninetales-Alola, M|100/100
|-weather|Snowscape|[from] ability: Snow Warning|[of] p1a: Ninetales
|move|p2a: Weavile|Triple Axel|p1a: Ninetales
|-resisted|p1a: Ninetales
|-damage|p1a: Ninetales|94/100
|-resisted|p1a: Ninetales
|-damage|p1a: Ninetales|82/100
|-resisted|p1a: Ninetales
|-damage|p1a: Ninetales|63/100
|-hitcount|p1a: Ninetales|3
|
|-weather|Snowscape|[upkeep]
|upkeep
|turn|8
|
|t:|1760367256
|move|p1a: Ninetales|Baby-Doll Eyes|p2a: Weavile
|-unboost|p2a: Weavile|atk|1
|move|p2a: Weavile|Triple Axel|p1a: Ninetales|[miss]
|-miss|p2a: Weavile|p1a: Ninetales
|
|-weather|Snowscape|[upkeep]
|upkeep
|turn|9
|
|t:|1760367269
|switch|p2a: Heatran|Heatran, M, shiny|76/100
|move|p1a: Ninetales|Aurora Veil|p1a: Ninetales
|-sidestart|p1: Swaddling Sewaddle|move: Aurora Veil
|
|-weather|Snowscape|[upkeep]
|upkeep
|turn|10
|
|t:|1760367281
|switch|p1a: Espeon|Espeon, M, tera:Ground|41/100
|move|p2a: Heatran|Stealth Rock|p1a: Espeon
|move|p1a: Espeon|Stealth Rock|p2a: Heatran|[from] ability: Magic Bounce
|-sidestart|p2: Hdhdjskkskaks|move: Stealth Rock
|
|-weather|Snowscape|[upkeep]
|upkeep
|turn|11
|
|t:|1760367294
|switch|p2a: Ogerpon|Ogerpon, F|100/100
|-damage|p2a: Ogerpon|88/100|[from] Stealth Rock
|move|p1a: Espeon|Tera Blast|p2a: Ogerpon|[anim] Tera Blast Ground
|-resisted|p2a: Ogerpon
|-damage|p2a: Ogerpon|64/100
|
|-weather|none
|upkeep
|turn|12
|
|t:|1760367310
|switch|p1a: Ogerpon|Ogerpon-Cornerstone, F|100/100
|move|p2a: Ogerpon|Ivy Cudgel|p1a: Ogerpon
|-damage|p1a: Ogerpon|55/100
|
|upkeep
|turn|13
|
|t:|1760367317
|switch|p2a: Pecharunt|Pecharunt|100/100
|-damage|p2a: Pecharunt|88/100|[from] Stealth Rock
|move|p1a: Ogerpon|U-turn|p2a: Pecharunt
|-resisted|p2a: Pecharunt
|-damage|p2a: Pecharunt|85/100
|-damage|p1a: Ogerpon|38/100|[from] item: Rocky Helmet|[of] p2a: Pecharunt
|
|t:|1760367324
|switch|p1a: Espeon|Espeon, M, tera:Ground|41/100|[from] U-turn
|
|-sideend|p1: Swaddling Sewaddle|move: Aurora Veil
|upkeep
|turn|14
|
|t:|1760367330
|move|p1a: Espeon|Tera Blast|p2a: Pecharunt|[anim] Tera Blast Ground
|-supereffective|p2a: Pecharunt
|-damage|p2a: Pecharunt|3/100
|move|p2a: Pecharunt|Parting Shot|p1a: Espeon
|move|p1a: Espeon|Parting Shot|p2a: Pecharunt|[from] ability: Magic Bounce
|-unboost|p2a: Pecharunt|atk|1
|-unboost|p2a: Pecharunt|spa|1
|
|t:|1760367339
|switch|p1a: Ninetales|Ninetales-Alola, M|63/100|[from] Parting Shot
|-weather|Snowscape|[from] ability: Snow Warning|[of] p1a: Ninetales
|
|-weather|Snowscape|[upkeep]
|upkeep
|turn|15
|
|t:|1760367348
|move|p1a: Ninetales|Blizzard|p2a: Pecharunt
|-damage|p2a: Pecharunt|0 fnt
|faint|p2a: Pecharunt
|
|-weather|Snowscape|[upkeep]
|upkeep
|
|t:|1760367353
|switch|p2a: Heatran|Heatran, M, shiny|76/100
|-damage|p2a: Heatran|63/100|[from] Stealth Rock
|turn|16
|
|t:|1760367358
|switch|p1a: Espeon|Espeon, M, tera:Ground|41/100
|move|p2a: Heatran|Magma Storm|p1a: Espeon
|-damage|p1a: Espeon|0 fnt
|faint|p1a: Espeon
|
|-weather|Snowscape|[upkeep]
|upkeep
|
|t:|1760367373
|switch|p1a: Ogerpon|Ogerpon-Cornerstone, F|100/100
|turn|17
|
|t:|1760367377
|move|p1a: Ogerpon|Curse|p2a: Heatran
|-start|p2a: Heatran|Curse|[of] p1a: Ogerpon
|-damage|p1a: Ogerpon|51/100
|move|p2a: Heatran|Stealth Rock|p1a: Ogerpon
|-sidestart|p1: Swaddling Sewaddle|move: Stealth Rock
|
|-weather|Snowscape|[upkeep]
|-damage|p2a: Heatran|39/100|[from] Curse
|upkeep
|turn|18
|
|t:|1760367386
|move|p1a: Ogerpon|Shadow Ball|p2a: Heatran
|-damage|p2a: Heatran|0 fnt
|faint|p2a: Heatran
|
|-weather|none
|upkeep
|
|t:|1760367393
|switch|p2a: Ogerpon|Ogerpon, F|64/100
|-damage|p2a: Ogerpon|52/100|[from] Stealth Rock
|turn|19
|
|t:|1760367398
|-terastallize|p2a: Ogerpon|Grass
|detailschange|p2a: Ogerpon|Ogerpon-Teal-Tera, F, tera:Grass
|-ability|p2a: Ogerpon|Embody Aspect (Teal)|boost
|-boost|p2a: Ogerpon|spe|1
|move|p2a: Ogerpon|Ivy Cudgel|p1a: Ogerpon
|-damage|p1a: Ogerpon|0 fnt
|replace|p1a: Zoroark|Zoroark-Hisui, F
|-end|p1a: Zoroark|Illusion
|faint|p1a: Zoroark
|
|upkeep
|
|t:|1760367414
|switch|p1a: Ninetales|Ninetales-Alola, M|63/100
|-damage|p1a: Ninetales|38/100|[from] Stealth Rock
|-weather|Snowscape|[from] ability: Snow Warning|[of] p1a: Ninetales
|turn|20
|
|t:|1760367421
|move|p2a: Ogerpon|Ivy Cudgel|p1a: Ninetales
|-damage|p1a: Ninetales|0 fnt
|faint|p1a: Ninetales
|
|-weather|Snowscape|[upkeep]
|upkeep
|
|t:|1760367441
|switch|p1a: Ogerpon|Ogerpon-Cornerstone, F|38/100
|-damage|p1a: Ogerpon|26/100|[from] Stealth Rock
|turn|21
|
|t:|1760367444
|move|p2a: Ogerpon|Ivy Cudgel|p1a: Ogerpon
|-damage|p1a: Ogerpon|0 fnt
|faint|p1a: Ogerpon
|
|-weather|Snowscape|[upkeep]
|upkeep
|
|t:|1760367449
|switch|p1a: Florges|Florges-White, F|100/100
|-damage|p1a: Florges|88/100|[from] Stealth Rock
|turn|22
|
|t:|1760367456
|move|p2a: Ogerpon|Ivy Cudgel|p1a: Florges
|-damage|p1a: Florges|0 fnt
|faint|p1a: Florges
|
|win|Hdhdjskkskaks
|raw|Swaddling Sewaddle's rating: 1154 &rarr; <strong>1131</strong><br />(-23 for losing)
|raw|Hdhdjskkskaks's rating: 1180 &rarr; <strong>1203</strong><br />(+23 for winning)
|l|☆Swaddling Sewaddle
|player|p1|
|l|☆Hdhdjskkskaks
|player|p2|
