|j|☆champ bogar
|j|☆raditzisthebest
|t:|1760401885
|gametype|singles
|player|p1|champ bogar|cynthia-masters3|1765
|player|p2|raditzisthebest|bruno|1727
|gen|9
|tier|[Gen 9] OU
|rated|
|rule|HP Percentage Mod: HP is shown in percentages
|rule|Endless Battle Clause: Forcing endless battles is banned
|rule|Species Clause: Limit one of each Pokémon
|rule|OHKO Clause: OHKO moves are banned
|rule|Evasion Items Clause: Evasion items are banned
|rule|Evasion Moves Clause: Evasion moves are banned
|rule|Evasion Abilities Clause: Evasion abilities are banned
|rule|Sleep Moves Clause: Sleep-inducing moves are banned
|clearpoke
|poke|p1|Garchomp, M|
|poke|p1|Darkrai|
|poke|p1|Deoxys-Speed|
|poke|p1|Clodsire, F|
|poke|p1|Corviknight, M|
|poke|p1|Cinderace, F|
|poke|p2|Dragapult, M|
|poke|p2|Glimmora, M|
|poke|p2|Comfey, F|
|poke|p2|Kingambit, M|
|poke|p2|Ogerpon-Wellspring, F|
|poke|p2|Blaziken, M|
|teampreview
|inactive|Battle timer is ON: inactive players will automatically lose when time's up. (requested by champ bogar)
|
|t:|1760401895
|teamsize|p1|6
|teamsize|p2|6
|start
|switch|p1a: Cinderace|Cinderace, F|100/100
|switch|p2a: Hiyori|Ogerpon-Wellspring, F|100/100
|turn|1
|j| JustBlissful
|
|t:|1760401900
|switch|p2a: Bartolomeo|Glimmora, M, shiny|100/100
|move|p1a: Cinderace|U-turn|p2a: Bartolomeo
|-start|p1a: Cinderace|typechange|Bug|[from] ability: Libero
|-resisted|p2a: Bartolomeo
|-damage|p2a: Bartolomeo|87/100
|-activate|p2a: Bartolomeo|ability: Toxic Debris
|-sidestart|p1: champ bogar|move: Toxic Spikes
|-enditem|p2a: Bartolomeo|Red Card|[of] p1a: Cinderace
|drag|p1a: Deoxys|Deoxys-Speed, shiny|100/100
|-status|p1a: Deoxys|psn
|-ability|p1a: Deoxys|Pressure
|
|-damage|p1a: Deoxys|88/100 psn|[from] psn
|upkeep
|turn|2
|
|t:|1760401916
|move|p1a: Deoxys|Psycho Boost|p2a: Bartolomeo
|-supereffective|p2a: Bartolomeo
|-damage|p2a: Bartolomeo|0 fnt
|-unboost|p1a: Deoxys|spa|2
|faint|p2a: Bartolomeo
|-damage|p1a: Deoxys|78/100 psn|[from] item: Life Orb
|
|-damage|p1a: Deoxys|66/100 psn|[from] psn
|upkeep
|
|t:|1760401922
|switch|p2a: Boa Hancock|Comfey, F|100/100
|turn|3
|
|t:|1760401925
|switch|p1a: Clodsire|Clodsire, F|100/100
|-sideend|p1: champ bogar|move: Toxic Spikes|[of] p1a: Clodsire
|move|p2a: Boa Hancock|Calm Mind|p2a: Boa Hancock
|-boost|p2a: Boa Hancock|spa|1
|-boost|p2a: Boa Hancock|spd|1
|
|upkeep
|turn|4
|
|t:|1760401930
|-terastallize|p2a: Boa Hancock|Ground
|move|p2a: Boa Hancock|Substitute|p2a: Boa Hancock
|-start|p2a: Boa Hancock|Substitute
|-damage|p2a: Boa Hancock|76/100
|move|p1a: Clodsire|Poison Jab|p2a: Boa Hancock
|-resisted|p2a: Boa Hancock
|-activate|p2a: Boa Hancock|move: Substitute|[damage]
|
|upkeep
|turn|5
|
|t:|1760401936
|move|p2a: Boa Hancock|Calm Mind|p2a: Boa Hancock
|-boost|p2a: Boa Hancock|spa|1
|-boost|p2a: Boa Hancock|spd|1
|move|p1a: Clodsire|Earthquake|p2a: Boa Hancock
|-end|p2a: Boa Hancock|Substitute
|
|upkeep
|turn|6
|
|t:|1760401942
|switch|p1a: Corviknight|Corviknight, M|100/100
|-ability|p1a: Corviknight|Pressure
|move|p2a: Boa Hancock|Tera Blast|p1a: Corviknight|[anim] Tera Blast Ground
|-immune|p1a: Corviknight
|
|upkeep
|turn|7
|
|t:|1760401946
|move|p2a: Boa Hancock|Calm Mind|p2a: Boa Hancock
|-boost|p2a: Boa Hancock|spa|1
|-boost|p2a: Boa Hancock|spd|1
|move|p1a: Corviknight|Brave Bird|p2a: Boa Hancock
|-damage|p2a: Boa Hancock|32/100
|-damage|p1a: Corviknight|89/100|[from] Recoil
|
|upkeep
|turn|8
|
|t:|1760401951
|move|p2a: Boa Hancock|Draining Kiss|p1a: Corviknight
|-resisted|p1a: Corviknight
|-damage|p1a: Corviknight|57/100
|-heal|p2a: Boa Hancock|64/100|[from] drain|[of] p1a: Corviknight
|-damage|p2a: Boa Hancock|48/100|[from] item: Rocky Helmet|[of] p1a: Corviknight
|-damage|p2a: Boa Hancock|38/100|[from] item: Life Orb
|move|p1a: Corviknight|Brave Bird|p2a: Boa Hancock
|-damage|p2a: Boa Hancock|0 fnt
|faint|p2a: Boa Hancock
|-damage|p1a: Corviknight|47/100|[from] Recoil
|
|upkeep
|
|t:|1760401963
|switch|p2a: Sanji|Blaziken, M, shiny|100/100
|turn|9
|
|t:|1760401966
|move|p2a: Sanji|Knock Off|p1a: Corviknight
|-damage|p1a: Corviknight|18/100
|-damage|p2a: Sanji|84/100|[from] item: Rocky Helmet|[of] p1a: Corviknight
|-enditem|p1a: Corviknight|Rocky Helmet|[from] move: Knock Off|[of] p2a: Sanji
|-damage|p2a: Sanji|74/100|[from] item: Life Orb
|move|p1a: Corviknight|Brave Bird|p2a: Sanji
|-supereffective|p2a: Sanji
|-damage|p2a: Sanji|0 fnt
|faint|p2a: Sanji
|-damage|p1a: Corviknight|0 fnt|[from] Recoil
|faint|p1a: Corviknight
|
|upkeep
|
|t:|1760401973
|switch|p2a: King|Dragapult, M, shiny|100/100
|switch|p1a: Cinderace|Cinderace, F|100/100
|turn|10
|
|t:|1760401977
|move|p1a: Cinderace|Sucker Punch|p2a: King
|-start|p1a: Cinderace|typechange|Dark|[from] ability: Libero
|-supereffective|p2a: King
|-damage|p2a: King|15/100
|move|p2a: King|Dragon Darts|p1a: Cinderace
|-damage|p1a: Cinderace|63/100
|-anim|p2a: King|Dragon Darts|p1a: Cinderace
|-damage|p1a: Cinderace|20/100
|-damage|p2a: King|6/100|[from] item: Life Orb
|
|upkeep
|turn|11
|
|t:|1760401985
|move|p2a: King|Dragon Darts|p1a: Cinderace
|-damage|p1a: Cinderace|0 fnt
|faint|p1a: Cinderace
|-damage|p2a: King|0 fnt|[from] item: Life Orb
|faint|p2a: King
|
|upkeep
|
|t:|1760401989
|switch|p2a: Hiyori|Ogerpon-Wellspring, F|100/100
|switch|p1a: Darkrai|Darkrai|100/100
|turn|12
|
|t:|1760401997
|move|p1a: Darkrai|Dark Pulse|p2a: Hiyori
|-damage|p2a: Hiyori|31/100
|move|p2a: Hiyori|U-turn|p1a: Darkrai
|-supereffective|p1a: Darkrai
|-damage|p1a: Darkrai|24/100
|
|t:|1760402001
|switch|p2a: Zoro|Kingambit, M|100/100|[from] U-turn
|-activate|p2a: Zoro|ability: Supreme Overlord
|-start|p2a: Zoro|fallen4|[silent]
|
|upkeep
|turn|13
|j| blurrycat
|
|t:|1760402005
|switch|p1a: Garchomp|Garchomp, M|100/100
|move|p2a: Zoro|Swords Dance|p2a: Zoro
|-boost|p2a: Zoro|atk|2
|
|upkeep
|turn|14
|
|t:|1760402033
|move|p2a: Zoro|Sucker Punch|p1a: Garchomp
|-damage|p1a: Garchomp|20/100
|-damage|p2a: Zoro|88/100|[from] ability: Rough Skin|[of] p1a: Garchomp
|-damage|p2a: Zoro|71/100|[from] item: Rocky Helmet|[of] p1a: Garchomp
|move|p1a: Garchomp|Earthquake|p2a: Zoro
|-supereffective|p2a: Zoro
|-damage|p2a: Zoro|13/100
|
|-heal|p2a: Zoro|19/100|[from] item: Leftovers
|upkeep
|turn|15
|
|t:|1760402043
|-end|p2a: Zoro|fallen4|[silent]
|switch|p2a: Hiyori|Ogerpon-Wellspring, F|31/100
|move|p1a: Garchomp|Earthquake|p2a: Hiyori
|-resisted|p2a: Hiyori
|-damage|p2a: Hiyori|5/100
|
|upkeep
|turn|16
|
|t:|1760402055
|switch|p1a: Clodsire|Clodsire, F|100/100
|move|p2a: Hiyori|Ivy Cudgel|p1a: Clodsire|[anim] Ivy Cudgel Water
|-immune|p1a: Clodsire|[from] ability: Water Absorb
|
|upkeep
|turn|17
|
|t:|1760402061
|switch|p1a: Garchomp|Garchomp, M|20/100
|move|p2a: Hiyori|Spikes|p1a: Garchomp
|-sidestart|p1: champ bogar|Spikes
|
|upkeep
|turn|18
|
|t:|1760402068
|move|p2a: Hiyori|Ivy Cudgel|p1a: Garchomp|[anim] Ivy Cudgel Water
|-damage|p1a: Garchomp|0 fnt
|faint|p1a: Garchomp
|
|upkeep
|
|t:|1760402074
|switch|p1a: Clodsire|Clodsire, F|100/100
|-damage|p1a: Clodsire|88/100|[from] Spikes
|turn|19
|
|t:|1760402080
|move|p2a: Hiyori|Spikes|p1a: Clodsire
|-sidestart|p1: champ bogar|Spikes
|move|p1a: Clodsire|Earthquake|p2a: Hiyori
|-resisted|p2a: Hiyori
|-damage|p2a: Hiyori|0 fnt
|faint|p2a: Hiyori
|
|-heal|p1a: Clodsire|94/100|[from] item: Leftovers
|upkeep
|
|t:|1760402085
|switch|p2a: Zoro|Kingambit, M|19/100
|-activate|p2a: Zoro|ability: Supreme Overlord
|-start|p2a: Zoro|fallen5|[silent]
|turn|20
|
|t:|1760402088
|move|p2a: Zoro|Kowtow Cleave|p1a: Clodsire
|-damage|p1a: Clodsire|16/100
|move|p1a: Clodsire|Earthquake|p2a: Zoro
|-supereffective|p2a: Zoro
|-damage|p2a: Zoro|0 fnt
|faint|p2a: Zoro
|-end|p2a: Zoro|fallen5|[silent]
|
|win|champ bogar
|raw|champ bogar's rating: 1765 &rarr; <strong>1783</strong><br />(+18 for winning)
|raw|raditzisthebest's rating: 1727 &rarr; <strong>1709</strong><br />(-18 for losing)
|l|☆champ bogar
|player|p1|
|l|☆raditzisthebest
|player|p2|
|l| JustBlissful
