|j|☆phrugsqueek
|j|☆caterpeace
|t:|1760372033
|gametype|singles
|player|p1|phrugsqueek|psychicf-gen4|1123
|player|p2|caterpeace|marshal|1073
|gen|9
|tier|[Gen 9] OU
|rated|
|rule|HP Percentage Mod: HP is shown in percentages
|rule|Endless Battle Clause: Forcing endless battles is banned
|rule|Species Clause: Limit one of each Pokémon
|rule|OHKO Clause: OHKO moves are banned
|rule|Evasion Items Clause: Evasion items are banned
|rule|Evasion Moves Clause: Evasion moves are banned
|rule|Evasion Abilities Clause: Evasion abilities are banned
|rule|Sleep Moves Clause: Sleep-inducing moves are banned
|clearpoke
|poke|p1|Azumarill, F|
|poke|p1|Garganacl, F|
|poke|p1|Whiscash, F|
|poke|p1|Polteageist|
|poke|p1|Swalot, F|
|poke|p1|Hitmonchan, M|
|poke|p2|Floatzel, F|
|poke|p2|Vespiquen, F|
|poke|p2|Rotom-Mow|
|poke|p2|Pecharunt|
|poke|p2|Enamorus, F|
|poke|p2|Zapdos|
|teampreview
|inactive|Battle timer is ON: inactive players will automatically lose when time's up. (requested by caterpeace)
|
|t:|1760372054
|teamsize|p1|6
|teamsize|p2|6
|start
|switch|p1a: Whiscash|Whiscash, F|100/100
|switch|p2a: Zapdos|Zapdos|100/100
|turn|1
|
|t:|1760372074
|move|p2a: Zapdos|U-turn|p1a: Whiscash
|-damage|p1a: Whiscash|90/100
|-damage|p2a: Zapdos|84/100|[from] item: Rocky Helmet|[of] p1a: Whiscash
|
|t:|1760372081
|switch|p2a: Rotom|Rotom-Mow|100/100|[from] U-turn
|move|p1a: Whiscash|Stealth Rock|p2a: Rotom
|-sidestart|p2: caterpeace|move: Stealth Rock
|
|upkeep
|turn|2
|
|t:|1760372092
|switch|p1a: Swalot|Swalot, F|100/100
|move|p2a: Rotom|Leaf Storm|p1a: Swalot
|-resisted|p1a: Swalot
|-damage|p1a: Swalot|73/100
|-unboost|p2a: Rotom|spa|2
|
|upkeep
|turn|3
|
|t:|1760372101
|switch|p2a: Pecharunt|Pecharunt|100/100
|-damage|p2a: Pecharunt|88/100|[from] Stealth Rock
|-item|p2a: Pecharunt|Air Balloon
|move|p1a: Swalot|Stuff Cheeks|p1a: Swalot
|-boost|p1a: Swalot|def|2
|-enditem|p1a: Swalot|Starf Berry|[eat]
|-boost|p1a: Swalot|spa|2|[from] item: Starf Berry
|
|upkeep
|turn|4
|
|t:|1760372118
|move|p2a: Pecharunt|Shadow Ball|p1a: Swalot
|-damage|p1a: Swalot|47/100
|move|p1a: Swalot|Belch|p2a: Pecharunt
|-resisted|p2a: Pecharunt
|-crit|p2a: Pecharunt
|-damage|p2a: Pecharunt|65/100
|-enditem|p2a: Pecharunt|Air Balloon
|
|upkeep
|turn|5
|
|t:|1760372127
|move|p2a: Pecharunt|Parting Shot|p1a: Swalot
|-unboost|p1a: Swalot|atk|1
|-unboost|p1a: Swalot|spa|1
|
|t:|1760372131
|switch|p2a: Zapdos|Zapdos|84/100|[from] Parting Shot
|-damage|p2a: Zapdos|59/100|[from] Stealth Rock
|move|p1a: Swalot|Body Press|p2a: Zapdos
|-resisted|p2a: Zapdos
|-damage|p2a: Zapdos|40/100
|-damage|p1a: Swalot|30/100|[from] item: Rocky Helmet|[of] p2a: Zapdos
|
|upkeep
|turn|6
|
|t:|1760372141
|move|p2a: Zapdos|Discharge|p1a: Swalot
|-damage|p1a: Swalot|0 fnt
|faint|p1a: Swalot
|
|upkeep
|
|t:|1760372154
|switch|p1a: Garganacl|Garganacl, F|100/100
|turn|7
|
|t:|1760372161
|move|p2a: Zapdos|U-turn|p1a: Garganacl
|-damage|p1a: Garganacl|94/100
|-damage|p2a: Zapdos|23/100|[from] item: Rocky Helmet|[of] p1a: Garganacl
|
|t:|1760372174
|switch|p2a: Rotom|Rotom-Mow|100/100|[from] U-turn
|-damage|p2a: Rotom|88/100|[from] Stealth Rock
|move|p1a: Garganacl|Substitute|p1a: Garganacl
|-start|p1a: Garganacl|Substitute
|-damage|p1a: Garganacl|69/100
|
|upkeep
|turn|8
|
|t:|1760372186
|move|p2a: Rotom|Discharge|p1a: Garganacl
|-end|p1a: Garganacl|Substitute
|move|p1a: Garganacl|Salt Cure|p2a: Rotom
|-damage|p2a: Rotom|71/100
|-start|p2a: Rotom|Salt Cure
|
|-damage|p2a: Rotom|58/100|[from] Salt Cure
|upkeep
|turn|9
|
|t:|1760372202
|move|p1a: Garganacl|Protect|p1a: Garganacl
|-singleturn|p1a: Garganacl|Protect
|move|p2a: Rotom|Leaf Storm|p1a: Garganacl
|-activate|p1a: Garganacl|move: Protect
|
|-damage|p2a: Rotom|46/100|[from] Salt Cure
|upkeep
|turn|10
|
|t:|1760372222
|move|p2a: Rotom|Volt Switch|p1a: Garganacl
|-damage|p1a: Garganacl|40/100
|
|t:|1760372230
|switch|p2a: Zapdos|Zapdos|23/100|[from] Volt Switch
|-damage|p2a: Zapdos|0 fnt|[from] Stealth Rock
|faint|p2a: Zapdos
|move|p1a: Garganacl|Body Press|p2: Zapdos|[notarget]
|-fail|p1a: Garganacl
|
|upkeep
|
|t:|1760372255
|switch|p2a: Enamorus|Enamorus, F|100/100
|-damage|p2a: Enamorus|76/100|[from] Stealth Rock
|turn|11
|
|t:|1760372270
|move|p2a: Enamorus|Substitute|p2a: Enamorus
|-start|p2a: Enamorus|Substitute
|-damage|p2a: Enamorus|51/100
|move|p1a: Garganacl|Salt Cure|p2a: Enamorus
|-supereffective|p2a: Enamorus
|-end|p2a: Enamorus|Substitute
|
|-heal|p2a: Enamorus|57/100|[from] item: Leftovers
|upkeep
|turn|12
|
|t:|1760372278
|move|p2a: Enamorus|Earth Power|p1a: Garganacl
|-supereffective|p1a: Garganacl
|-damage|p1a: Garganacl|0 fnt
|faint|p1a: Garganacl
|
|-heal|p2a: Enamorus|63/100|[from] item: Leftovers
|upkeep
|
|t:|1760372287
|switch|p1a: Polteageist|Polteageist|100/100
|turn|13
|
|t:|1760372302
|move|p2a: Enamorus|Moonblast|p1a: Polteageist
|-damage|p1a: Polteageist|45/100
|move|p1a: Polteageist|Shell Smash|p1a: Polteageist
|-unboost|p1a: Polteageist|def|1
|-unboost|p1a: Polteageist|spd|1
|-boost|p1a: Polteageist|atk|2
|-boost|p1a: Polteageist|spa|2
|-boost|p1a: Polteageist|spe|2
|
|-heal|p2a: Enamorus|69/100|[from] item: Leftovers
|upkeep
|turn|14
|
|t:|1760372320
|switch|p2a: Pecharunt|Pecharunt|65/100
|-damage|p2a: Pecharunt|53/100|[from] Stealth Rock
|move|p1a: Polteageist|Stored Power|p2a: Pecharunt
|-supereffective|p2a: Pecharunt
|-damage|p2a: Pecharunt|0 fnt
|faint|p2a: Pecharunt
|
|upkeep
|inactive|caterpeace has 120 seconds left.
|
|t:|1760372340
|switch|p2a: Floatzel|Floatzel, F|100/100
|-damage|p2a: Floatzel|88/100|[from] Stealth Rock
|turn|15
|
|t:|1760372346
|move|p1a: Polteageist|Giga Drain|p2a: Floatzel
|-supereffective|p2a: Floatzel
|-damage|p2a: Floatzel|0 fnt
|-heal|p1a: Polteageist|98/100|[from] drain|[of] p2a: Floatzel
|faint|p2a: Floatzel
|
|upkeep
|inactive|caterpeace has 120 seconds left.
|
|t:|1760372363
|switch|p2a: Vespiquen|Vespiquen, F, shiny|100/100
|-ability|p2a: Vespiquen|Pressure
|turn|16
|inactive|caterpeace has 120 seconds left.
|
|t:|1760372378
|move|p1a: Polteageist|Stored Power|p2a: Vespiquen
|-damage|p2a: Vespiquen|1/100
|move|p2a: Vespiquen|Defend Order|p2a: Vespiquen
|-boost|p2a: Vespiquen|def|1
|-boost|p2a: Vespiquen|spd|1
|
|upkeep
|turn|17
|
|t:|1760372388
|move|p1a: Polteageist|Poltergeist|p2a: Vespiquen
|-activate|p2a: Vespiquen|move: Poltergeist|Heavy-Duty Boots
|-damage|p2a: Vespiquen|0 fnt
|faint|p2a: Vespiquen
|
|upkeep
|
|t:|1760372391
|switch|p2a: Enamorus|Enamorus, F|69/100
|-damage|p2a: Enamorus|45/100|[from] Stealth Rock
|turn|18
|
|t:|1760372404
|-terastallize|p2a: Enamorus|Steel
|move|p1a: Polteageist|Stored Power|p2a: Enamorus
|-resisted|p2a: Enamorus
|-damage|p2a: Enamorus|0 fnt
|faint|p2a: Enamorus
|
|upkeep
|-message|caterpeace forfeited.
|
|win|phrugsqueek
|raw|phrugsqueek's rating: 1123 &rarr; <strong>1144</strong><br />(+21 for winning)
|raw|caterpeace's rating: 1073 &rarr; <strong>1055</strong><br />(-18 for losing)
|l|☆caterpeace
|player|p2|
|l|☆phrugsqueek
|player|p1|
