|j|☆Doomingo
|j|☆blueberrymilkshake
|t:|1760387894
|gametype|singles
|player|p1|Doomingo|1|1364
|player|p2|blueberrymilkshake|dawn-gen4pt|1363
|gen|9
|tier|[Gen 9] OU
|rated|
|rule|HP Percentage Mod: HP is shown in percentages
|rule|Endless Battle Clause: Forcing endless battles is banned
|rule|Species Clause: Limit one of each Pokémon
|rule|OHKO Clause: OHKO moves are banned
|rule|Evasion Items Clause: Evasion items are banned
|rule|Evasion Moves Clause: Evasion moves are banned
|rule|Evasion Abilities Clause: Evasion abilities are banned
|rule|Sleep Moves Clause: Sleep-inducing moves are banned
|clearpoke
|poke|p1|Tyranitar, M|
|poke|p1|Sinistcha|
|poke|p1|Comfey, M|
|poke|p1|Bellibolt, M|
|poke|p1|Mamoswine, F|
|poke|p1|Scizor, M|
|poke|p2|Dragapult, M|
|poke|p2|Dragonite, F|
|poke|p2|Ting-Lu|
|poke|p2|Weezing-Galar, F|
|poke|p2|Iron Crown|
|poke|p2|Zapdos|
|teampreview
|c|☆blueberrymilkshake|glhf
|
|t:|1760387905
|teamsize|p1|6
|teamsize|p2|6
|start
|switch|p1a: Glut|Bellibolt, M|100/100
|switch|p2a: Dragapult|Dragapult, M|100/100
|turn|1
|c|☆Doomingo|thnx u2
|
|t:|1760387912
|move|p2a: Dragapult|Will-O-Wisp|p1a: Glut
|-status|p1a: Glut|brn
|move|p1a: Glut|Soak|p2a: Dragapult
|-start|p2a: Dragapult|typechange|Water
|
|-damage|p1a: Glut|94/100 brn|[from] brn
|upkeep
|turn|2
|
|t:|1760387920
|switch|p2a: Ting-Lu|Ting-Lu|100/100
|-ability|p2a: Ting-Lu|Vessel of Ruin
|move|p1a: Glut|Toxic|p2a: Ting-Lu
|-status|p2a: Ting-Lu|tox
|
|-damage|p2a: Ting-Lu|94/100 tox|[from] psn
|-damage|p1a: Glut|88/100 brn|[from] brn
|upkeep
|turn|3
|
|t:|1760387930
|move|p2a: Ting-Lu|Stealth Rock|p1a: Glut
|-sidestart|p1: Doomingo|move: Stealth Rock
|move|p1a: Glut|Soak|p2a: Ting-Lu
|-start|p2a: Ting-Lu|typechange|Water
|
|-heal|p2a: Ting-Lu|100/100 tox|[from] item: Leftovers
|-damage|p2a: Ting-Lu|88/100 tox|[from] psn
|-damage|p1a: Glut|82/100 brn|[from] brn
|upkeep
|turn|4
|
|t:|1760387953
|switch|p2a: Weezing|Weezing-Galar, F|100/100
|-ability|p2a: Weezing|Neutralizing Gas
|move|p1a: Glut|Parabolic Charge|p2a: Weezing
|-crit|p2a: Weezing
|-damage|p2a: Weezing|32/100
|-heal|p1a: Glut|100/100 brn|[from] drain|[of] p2a: Weezing
|
|-damage|p1a: Glut|94/100 brn|[from] brn
|upkeep
|turn|5
|
|t:|1760387965
|-end|p2a: Weezing|ability: Neutralizing Gas
|switch|p2a: Ting-Lu|Ting-Lu|88/100 tox
|-ability|p2a: Ting-Lu|Vessel of Ruin
|move|p1a: Glut|Parabolic Charge|p2a: Ting-Lu
|-immune|p2a: Ting-Lu
|
|-heal|p2a: Ting-Lu|94/100 tox|[from] item: Leftovers
|-damage|p2a: Ting-Lu|88/100 tox|[from] psn
|-damage|p1a: Glut|88/100 brn|[from] brn
|upkeep
|turn|6
|
|t:|1760387972
|switch|p1a: Charla|Sinistcha|100/100
|-damage|p1a: Charla|88/100|[from] Stealth Rock
|move|p2a: Ting-Lu|Earthquake|p1a: Charla
|-resisted|p1a: Charla
|-damage|p1a: Charla|72/100
|
|-heal|p2a: Ting-Lu|94/100 tox|[from] item: Leftovers
|-damage|p2a: Ting-Lu|82/100 tox|[from] psn
|upkeep
|turn|7
|
|t:|1760387981
|switch|p2a: Iron Crown|Iron Crown|100/100
|move|p1a: Charla|Strength Sap|p2a: Iron Crown
|-unboost|p2a: Iron Crown|atk|1
|-heal|p1a: Charla|100/100
|
|upkeep
|turn|8
|
|t:|1760387994
|switch|p1a: Buzz|Scizor, M|100/100
|-damage|p1a: Buzz|88/100|[from] Stealth Rock
|move|p2a: Iron Crown|Tachyon Cutter|p1a: Buzz
|-resisted|p1a: Buzz
|-damage|p1a: Buzz|73/100
|-resisted|p1a: Buzz
|-damage|p1a: Buzz|58/100
|-hitcount|p1a: Buzz|2
|
|-heal|p1a: Buzz|64/100|[from] item: Leftovers
|upkeep
|turn|9
|
|t:|1760388003
|-end|p2a: Iron Crown|Quark Drive|[silent]
|switch|p2a: Zapdos|Zapdos|100/100
|move|p1a: Buzz|Tailwind|p1a: Buzz
|-sidestart|p1: Doomingo|move: Tailwind
|
|-heal|p1a: Buzz|70/100|[from] item: Leftovers
|upkeep
|turn|10
|
|t:|1760388010
|move|p1a: Buzz|Defog|p2a: Zapdos
|-unboost|p2a: Zapdos|evasion|1
|-sideend|p1: Doomingo|Stealth Rock|[from] move: Defog|[of] p1a: Buzz
|move|p2a: Zapdos|Heat Wave|p1a: Buzz
|-supereffective|p1a: Buzz
|-damage|p1a: Buzz|0 fnt
|faint|p1a: Buzz
|
|upkeep
|
|t:|1760388015
|switch|p1a: Mastodown!|Mamoswine, F, shiny|100/100
|turn|11
|
|t:|1760388026
|move|p1a: Mastodown!|Icicle Crash|p2a: Zapdos
|-supereffective|p2a: Zapdos
|-damage|p2a: Zapdos|0 fnt
|faint|p2a: Zapdos
|
|upkeep
|
|t:|1760388031
|switch|p2a: Iron Crown|Iron Crown|100/100
|turn|12
|
|t:|1760388041
|switch|p1a: Glut|Bellibolt, M|88/100 brn
|-terastallize|p2a: Iron Crown|Steel
|move|p2a: Iron Crown|Tachyon Cutter|p1a: Glut
|-resisted|p1a: Glut
|-damage|p1a: Glut|64/100 brn
|-start|p1a: Glut|Charge|Tachyon Cutter|[from] ability: Electromorphosis
|-resisted|p1a: Glut
|-damage|p1a: Glut|43/100 brn
|-start|p1a: Glut|Charge|Tachyon Cutter|[from] ability: Electromorphosis
|-hitcount|p1a: Glut|2
|
|-damage|p1a: Glut|36/100 brn|[from] brn
|-sideend|p1: Doomingo|move: Tailwind
|upkeep
|turn|13
|
|t:|1760388059
|-end|p2a: Iron Crown|Quark Drive|[silent]
|switch|p2a: Ting-Lu|Ting-Lu|82/100 tox
|-ability|p2a: Ting-Lu|Vessel of Ruin
|move|p1a: Glut|Parabolic Charge|p2a: Ting-Lu
|-immune|p2a: Ting-Lu
|-end|p1a: Glut|Charge|[silent]
|
|-heal|p2a: Ting-Lu|88/100 tox|[from] item: Leftovers
|-damage|p2a: Ting-Lu|82/100 tox|[from] psn
|-damage|p1a: Glut|30/100 brn|[from] brn
|upkeep
|turn|14
|
|t:|1760388073
|switch|p1a: Charla|Sinistcha|100/100
|move|p2a: Ting-Lu|Stealth Rock|p1a: Charla
|-sidestart|p1: Doomingo|move: Stealth Rock
|
|-heal|p2a: Ting-Lu|88/100 tox|[from] item: Leftovers
|-damage|p2a: Ting-Lu|76/100 tox|[from] psn
|upkeep
|turn|15
|
|t:|1760388081
|switch|p2a: Iron Crown|Iron Crown, tera:Steel|100/100
|move|p1a: Charla|Calm Mind|p1a: Charla
|-boost|p1a: Charla|spa|1
|-boost|p1a: Charla|spd|1
|
|upkeep
|turn|16
|
|t:|1760388086
|move|p2a: Iron Crown|Tachyon Cutter|p1a: Charla
|-damage|p1a: Charla|62/100
|-damage|p1a: Charla|24/100
|-hitcount|p1a: Charla|2
|move|p1a: Charla|Shadow Ball|p2a: Iron Crown
|-damage|p2a: Iron Crown|33/100
|
|upkeep
|turn|17
|
|t:|1760388102
|move|p2a: Iron Crown|Tachyon Cutter|p1a: Charla
|-damage|p1a: Charla|0 fnt
|faint|p1a: Charla
|-hitcount|p1: Charla|1
|
|upkeep
|
|t:|1760388114
|switch|p1a: Mr. Big|Tyranitar, M|100/100
|-damage|p1a: Mr. Big|88/100|[from] Stealth Rock
|-weather|Sandstorm|[from] ability: Sand Stream|[of] p1a: Mr. Big
|turn|18
|
|t:|1760388119
|move|p2a: Iron Crown|Tachyon Cutter|p1a: Mr. Big
|-supereffective|p1a: Mr. Big
|-damage|p1a: Mr. Big|53/100
|-supereffective|p1a: Mr. Big
|-damage|p1a: Mr. Big|18/100
|-hitcount|p1a: Mr. Big|2
|move|p1a: Mr. Big|Body Press|p2a: Iron Crown
|-supereffective|p2a: Iron Crown
|-damage|p2a: Iron Crown|0 fnt
|faint|p2a: Iron Crown
|-end|p2a: Iron Crown|Quark Drive|[silent]
|
|-weather|Sandstorm|[upkeep]
|upkeep
|
|t:|1760388136
|switch|p2a: Dragapult|Dragapult, M|100/100
|turn|19
|
|t:|1760388141
|move|p2a: Dragapult|U-turn|p1a: Mr. Big
|-supereffective|p1a: Mr. Big
|-damage|p1a: Mr. Big|0 fnt
|faint|p1a: Mr. Big
|
|t:|1760388148
|switch|p2a: Dragonite|Dragonite, F|100/100|[from] U-turn
|
|-weather|Sandstorm|[upkeep]
|-damage|p2a: Dragonite|94/100|[from] Sandstorm
|upkeep
|
|t:|1760388156
|switch|p1a: Mastodown!|Mamoswine, F, shiny|100/100
|-damage|p1a: Mastodown!|88/100|[from] Stealth Rock
|turn|20
|
|t:|1760388169
|switch|p2a: Weezing|Weezing-Galar, F|32/100
|-ability|p2a: Weezing|Neutralizing Gas
|move|p1a: Mastodown!|Icicle Crash|p2a: Weezing
|-damage|p2a: Weezing|3/100
|
|-weather|Sandstorm|[upkeep]
|-damage|p2a: Weezing|0 fnt|[from] Sandstorm
|faint|p2a: Weezing
|-end|p2a: Weezing|ability: Neutralizing Gas
|upkeep
|
|t:|1760388187
|switch|p2a: Dragapult|Dragapult, M|100/100
|turn|21
|
|t:|1760388197
|switch|p1a: Ring A Round|Comfey, M|100/100
|-damage|p1a: Ring A Round|88/100|[from] Stealth Rock
|move|p2a: Dragapult|Will-O-Wisp|p1a: Ring A Round
|-status|p1a: Ring A Round|brn
|
|-weather|Sandstorm|[upkeep]
|-damage|p2a: Dragapult|95/100|[from] Sandstorm
|-damage|p1a: Ring A Round|82/100 brn|[from] Sandstorm
|-damage|p1a: Ring A Round|76/100 brn|[from] brn
|upkeep
|turn|22
|
|t:|1760388203
|move|p2a: Dragapult|Hex|p1a: Ring A Round
|-damage|p1a: Ring A Round|23/100 brn
|move|p1a: Ring A Round|Calm Mind|p1a: Ring A Round
|-boost|p1a: Ring A Round|spa|1
|-boost|p1a: Ring A Round|spd|1
|
|-weather|none
|-damage|p1a: Ring A Round|17/100 brn|[from] brn
|upkeep
|turn|23
|
|t:|1760388209
|move|p1a: Ring A Round|Draining Kiss|p2a: Dragapult
|-supereffective|p2a: Dragapult
|-damage|p2a: Dragapult|1/100
|-heal|p1a: Ring A Round|89/100 brn|[from] drain|[of] p2a: Dragapult
|move|p2a: Dragapult|Hex|p1a: Ring A Round
|-damage|p1a: Ring A Round|53/100 brn
|
|-damage|p1a: Ring A Round|47/100 brn|[from] brn
|upkeep
|turn|24
|-message|blueberrymilkshake forfeited.
|
|win|Doomingo
|raw|Doomingo's rating: 1364 &rarr; <strong>1384</strong><br />(+20 for winning)
|raw|blueberrymilkshake's rating: 1363 &rarr; <strong>1343</strong><br />(-20 for losing)
|l|☆blueberrymilkshake
|player|p2|
|c|☆Doomingo|gg
|l|☆Doomingo
|player|p1|
