|j|☆Simple99
|j|☆WSJDHDJL3333
|t:|1760433346
|gametype|singles
|player|p1|Simple99|2|1150
|player|p2|WSJDHDJL3333|2|1177
|gen|9
|tier|[Gen 9] OU
|rated|
|rule|HP Percentage Mod: HP is shown in percentages
|rule|Endless Battle Clause: Forcing endless battles is banned
|rule|Species Clause: Limit one of each Pokémon
|rule|OHKO Clause: OHKO moves are banned
|rule|Evasion Items Clause: Evasion items are banned
|rule|Evasion Moves Clause: Evasion moves are banned
|rule|Evasion Abilities Clause: Evasion abilities are banned
|rule|Sleep Moves Clause: Sleep-inducing moves are banned
|clearpoke
|poke|p1|Skarmory, M|
|poke|p1|Primarina, F|
|poke|p1|Great Tusk|
|poke|p1|Iron Boulder|
|poke|p1|Scizor, M|
|poke|p1|Dragapult, M|
|poke|p2|Ogerpon-Wellspring, F|
|poke|p2|Kingambit, F|
|poke|p2|Landorus-Therian, M|
|poke|p2|Glimmora, M|
|poke|p2|Dragapult, M|
|poke|p2|Iron Valiant|
|teampreview
|inactive|Battle timer is ON: inactive players will automatically lose when time's up. (requested by Simple99)
|inactive|Simple99 has 120 seconds left.
|inactive|WSJDHDJL3333 has 120 seconds left.
|
|t:|1760433397
|teamsize|p1|6
|teamsize|p2|6
|start
|switch|p1a: Scizor|Scizor, M|100/100
|switch|p2a: Landorus|Landorus-Therian, M|100/100
|-ability|p2a: Landorus|Intimidate|boost
|-unboost|p1a: Scizor|atk|1
|turn|1
|
|t:|1760433407
|move|p2a: Landorus|U-turn|p1a: Scizor
|-resisted|p1a: Scizor
|-damage|p1a: Scizor|90/100
|
|t:|1760433418
|switch|p2a: Glimmora|Glimmora, M|100/100|[from] U-turn
|move|p1a: Scizor|Knock Off|p2a: Glimmora
|-damage|p2a: Glimmora|58/100
|-activate|p2a: Glimmora|ability: Toxic Debris
|-sidestart|p1: Simple99|move: Toxic Spikes
|-enditem|p2a: Glimmora|Power Herb|[from] move: Knock Off|[of] p1a: Scizor
|
|upkeep
|turn|2
|
|t:|1760433439
|switch|p2a: Landorus|Landorus-Therian, M|100/100
|-ability|p2a: Landorus|Intimidate|boost
|-unboost|p1a: Scizor|atk|1
|switch|p1a: Skarmory|Skarmory, M|100/100
|
|upkeep
|turn|3
|inactive|WSJDHDJL3333 has 120 seconds left.
|
|t:|1760433460
|move|p2a: Landorus|Taunt|p1a: Skarmory
|-start|p1a: Skarmory|move: Taunt
|cant|p1a: Skarmory|move: Taunt|Stealth Rock
|
|upkeep
|turn|4
|
|t:|1760433472
|move|p2a: Landorus|Stealth Rock|p1a: Skarmory
|-sidestart|p1: Simple99|move: Stealth Rock
|move|p1a: Skarmory|Body Press|p2a: Landorus
|-resisted|p2a: Landorus
|-damage|p2a: Landorus|85/100
|-damage|p1a: Skarmory|84/100|[from] item: Rocky Helmet|[of] p2a: Landorus
|
|upkeep
|turn|5
|
|t:|1760433499
|switch|p1a: Great Tusk|Great Tusk|100/100
|move|p2a: Landorus|U-turn|p1a: Great Tusk
|-resisted|p1a: Great Tusk
|-damage|p1a: Great Tusk|92/100
|
|t:|1760433506
|switch|p2a: Ogerpon|Ogerpon-Wellspring, F|100/100|[from] U-turn
|
|upkeep
|turn|6
|inactive|Simple99 has 120 seconds left.
|
|t:|1760433528
|switch|p2a: Landorus|Landorus-Therian, M|85/100
|-ability|p2a: Landorus|Intimidate|boost
|-unboost|p1a: Great Tusk|atk|1
|-end|p1a: Great Tusk|Protosynthesis|[silent]
|switch|p1a: Skarmory|Skarmory, M|84/100
|-damage|p1a: Skarmory|72/100|[from] Stealth Rock
|
|upkeep
|turn|7
|
|t:|1760433539
|switch|p1a: Great Tusk|Great Tusk|92/100
|move|p2a: Landorus|Taunt|p1a: Great Tusk
|-start|p1a: Great Tusk|move: Taunt
|
|upkeep
|turn|8
|
|t:|1760433546
|move|p2a: Landorus|U-turn|p1a: Great Tusk
|-resisted|p1a: Great Tusk
|-damage|p1a: Great Tusk|85/100
|
|t:|1760433551
|switch|p2a: Glimmora|Glimmora, M|58/100|[from] U-turn
|move|p1a: Great Tusk|Ice Spinner|p2a: Glimmora
|-damage|p2a: Glimmora|27/100
|-activate|p2a: Glimmora|ability: Toxic Debris
|-sidestart|p1: Simple99|move: Toxic Spikes
|
|upkeep
|turn|9
|
|t:|1760433568
|switch|p2a: Landorus|Landorus-Therian, M|85/100
|-ability|p2a: Landorus|Intimidate|boost
|-unboost|p1a: Great Tusk|atk|1
|move|p1a: Great Tusk|Ice Spinner|p2a: Landorus
|-supereffective|p2a: Landorus
|-damage|p2a: Landorus|17/100
|-damage|p1a: Great Tusk|68/100|[from] item: Rocky Helmet|[of] p2a: Landorus
|
|-end|p1a: Great Tusk|move: Taunt
|upkeep
|turn|10
|
|t:|1760433579
|move|p2a: Landorus|U-turn|p1a: Great Tusk
|-resisted|p1a: Great Tusk
|-damage|p1a: Great Tusk|60/100
|
|t:|1760433587
|switch|p2a: Glimmora|Glimmora, M|27/100|[from] U-turn
|move|p1a: Great Tusk|Rapid Spin|p2a: Glimmora
|-resisted|p2a: Glimmora
|-damage|p2a: Glimmora|20/100
|-boost|p1a: Great Tusk|spe|1
|-sideend|p1: Simple99|Toxic Spikes|[from] move: Rapid Spin|[of] p1a: Great Tusk
|-sideend|p1: Simple99|Stealth Rock|[from] move: Rapid Spin|[of] p1a: Great Tusk
|
|upkeep
|turn|11
|
|t:|1760433604
|-end|p1a: Great Tusk|Protosynthesis|[silent]
|switch|p1a: Dragapult|Dragapult, M|100/100
|move|p2a: Glimmora|Mortal Spin|p1a: Dragapult
|-resisted|p1a: Dragapult
|-damage|p1a: Dragapult|97/100
|-status|p1a: Dragapult|psn
|
|-damage|p1a: Dragapult|84/100 psn|[from] psn
|upkeep
|turn|12
|
|t:|1760433617
|move|p1a: Dragapult|Shadow Ball|p2a: Glimmora
|-damage|p2a: Glimmora|0 fnt
|faint|p2a: Glimmora
|
|-damage|p1a: Dragapult|72/100 psn|[from] psn
|upkeep
|
|t:|1760433629
|switch|p2a: Iron Valiant|Iron Valiant|100/100
|-enditem|p2a: Iron Valiant|Booster Energy
|-activate|p2a: Iron Valiant|ability: Quark Drive|[fromitem]
|-start|p2a: Iron Valiant|quarkdrivespe
|turn|13
|
|t:|1760433636
|switch|p1a: Primarina|Primarina, F|100/100
|move|p2a: Iron Valiant|Knock Off|p1a: Primarina
|-resisted|p1a: Primarina
|-damage|p1a: Primarina|79/100
|-enditem|p1a: Primarina|Assault Vest|[from] move: Knock Off|[of] p2a: Iron Valiant
|
|upkeep
|turn|14
|inactive|WSJDHDJL3333 has 120 seconds left.
|
|t:|1760433684
|-end|p2a: Iron Valiant|Quark Drive|[silent]
|switch|p2a: Kingambit|Kingambit, F|100/100
|-activate|p2a: Kingambit|ability: Supreme Overlord
|-start|p2a: Kingambit|fallen1|[silent]
|move|p1a: Primarina|Moonblast|p2a: Kingambit
|-damage|p2a: Kingambit|47/100
|
|-heal|p2a: Kingambit|53/100|[from] item: Leftovers
|upkeep
|turn|15
|
|t:|1760433713
|move|p1a: Primarina|Moonblast|p2a: Kingambit
|-damage|p2a: Kingambit|3/100
|move|p2a: Kingambit|Iron Head|p1a: Primarina
|-damage|p1a: Primarina|18/100
|
|-heal|p2a: Kingambit|10/100|[from] item: Leftovers
|upkeep
|turn|16
|
|t:|1760433721
|switch|p1a: Skarmory|Skarmory, M|72/100
|move|p2a: Kingambit|Sucker Punch||[still]
|-fail|p2a: Kingambit
|
|-heal|p2a: Kingambit|16/100|[from] item: Leftovers
|upkeep
|turn|17
|
|t:|1760433730
|-end|p2a: Kingambit|fallen1|[silent]
|switch|p2a: Dragapult|Dragapult, M|100/100
|move|p1a: Skarmory|Stealth Rock|p2a: Dragapult
|-sidestart|p2: WSJDHDJL3333|move: Stealth Rock
|
|upkeep
|turn|18
|
|t:|1760433740
|move|p2a: Dragapult|Flamethrower|p1a: Skarmory
|-supereffective|p1a: Skarmory
|-damage|p1a: Skarmory|0 fnt
|faint|p1a: Skarmory
|
|upkeep
|
|t:|1760433746
|switch|p1a: Dragapult|Dragapult, M|72/100 psn
|turn|19
|
|t:|1760433752
|switch|p2a: Iron Valiant|Iron Valiant|100/100
|-damage|p2a: Iron Valiant|94/100|[from] Stealth Rock
|move|p1a: Dragapult|Shadow Ball|p2a: Iron Valiant
|-damage|p2a: Iron Valiant|4/100
|
|-damage|p1a: Dragapult|60/100 psn|[from] psn
|upkeep
|turn|20
|inactive|WSJDHDJL3333 has 120 seconds left.
|
|t:|1760433766
|move|p1a: Dragapult|Shadow Ball|p2a: Iron Valiant
|-damage|p2a: Iron Valiant|0 fnt
|faint|p2a: Iron Valiant
|-end|p2a: Iron Valiant|Quark Drive|[silent]
|
|-damage|p1a: Dragapult|48/100 psn|[from] psn
|upkeep
|
|t:|1760433772
|switch|p2a: Dragapult|Dragapult, M|100/100
|-damage|p2a: Dragapult|88/100|[from] Stealth Rock
|turn|21
|inactive|WSJDHDJL3333 has 120 seconds left.
|
|t:|1760433779
|move|p1a: Dragapult|Shadow Ball|p2a: Dragapult
|-supereffective|p2a: Dragapult
|-damage|p2a: Dragapult|0 fnt
|faint|p2a: Dragapult
|
|-damage|p1a: Dragapult|35/100 psn|[from] psn
|upkeep
|inactive|WSJDHDJL3333 has 120 seconds left.
|
|t:|1760433785
|switch|p2a: Kingambit|Kingambit, F|16/100
|-damage|p2a: Kingambit|10/100|[from] Stealth Rock
|-activate|p2a: Kingambit|ability: Supreme Overlord
|-start|p2a: Kingambit|fallen3|[silent]
|turn|22
|
|t:|1760433790
|switch|p1a: Great Tusk|Great Tusk|60/100
|move|p2a: Kingambit|Sucker Punch||[still]
|-fail|p2a: Kingambit
|
|-heal|p2a: Kingambit|16/100|[from] item: Leftovers
|upkeep
|turn|23
|
|t:|1760433800
|-end|p2a: Kingambit|fallen3|[silent]
|switch|p2a: Landorus|Landorus-Therian, M|17/100
|-damage|p2a: Landorus|4/100|[from] Stealth Rock
|-ability|p2a: Landorus|Intimidate|boost
|-unboost|p1a: Great Tusk|atk|1
|move|p1a: Great Tusk|Close Combat|p2a: Landorus
|-resisted|p2a: Landorus
|-damage|p2a: Landorus|0 fnt
|-unboost|p1a: Great Tusk|def|1
|-unboost|p1a: Great Tusk|spd|1
|-damage|p1a: Great Tusk|43/100|[from] item: Rocky Helmet|[of] p2a: Landorus
|faint|p2a: Landorus
|
|upkeep
|
|t:|1760433811
|switch|p2a: Ogerpon|Ogerpon-Wellspring, F|100/100
|-damage|p2a: Ogerpon|88/100|[from] Stealth Rock
|turn|24
|
|t:|1760433817
|-end|p1a: Great Tusk|Protosynthesis|[silent]
|switch|p1a: Primarina|Primarina, F|18/100
|move|p2a: Ogerpon|Ivy Cudgel|p1a: Primarina|[anim] Ivy Cudgel Water
|-resisted|p1a: Primarina
|-damage|p1a: Primarina|0 fnt
|faint|p1a: Primarina
|
|upkeep
|
|t:|1760433824
|switch|p1a: Dragapult|Dragapult, M|35/100 psn
|turn|25
|
|t:|1760433839
|move|p1a: Dragapult|Draco Meteor|p2a: Ogerpon
|-damage|p2a: Ogerpon|0 fnt
|-unboost|p1a: Dragapult|spa|2
|faint|p2a: Ogerpon
|
|-damage|p1a: Dragapult|23/100 psn|[from] psn
|upkeep
|
|t:|1760433843
|switch|p2a: Kingambit|Kingambit, F|16/100
|-damage|p2a: Kingambit|10/100|[from] Stealth Rock
|-activate|p2a: Kingambit|ability: Supreme Overlord
|-start|p2a: Kingambit|fallen5|[silent]
|turn|26
|
|t:|1760433852
|move|p1a: Dragapult|Draco Meteor|p2a: Kingambit|[miss]
|-miss|p1a: Dragapult|p2a: Kingambit
|move|p2a: Kingambit|Swords Dance|p2a: Kingambit
|-boost|p2a: Kingambit|atk|2
|
|-heal|p2a: Kingambit|16/100|[from] item: Leftovers
|-damage|p1a: Dragapult|11/100 psn|[from] psn
|upkeep
|turn|27
|
|t:|1760433858
|move|p1a: Dragapult|Draco Meteor|p2a: Kingambit|[miss]
|-miss|p1a: Dragapult|p2a: Kingambit
|move|p2a: Kingambit|Kowtow Cleave|p1a: Dragapult
|-supereffective|p1a: Dragapult
|-damage|p1a: Dragapult|0 fnt
|faint|p1a: Dragapult
|
|-heal|p2a: Kingambit|22/100|[from] item: Leftovers
|upkeep
|
|t:|1760433861
|switch|p1a: Scizor|Scizor, M|90/100
|turn|28
|
|t:|1760433879
|-terastallize|p2a: Kingambit|Ghost
|move|p1a: Scizor|U-turn|p2a: Kingambit
|-resisted|p2a: Kingambit
|-damage|p2a: Kingambit|1/100
|
|t:|1760433886
|switch|p1a: Iron Boulder|Iron Boulder|100/100|[from] U-turn
|-enditem|p1a: Iron Boulder|Booster Energy
|-activate|p1a: Iron Boulder|ability: Quark Drive|[fromitem]
|-start|p1a: Iron Boulder|quarkdrivespe
|move|p2a: Kingambit|Kowtow Cleave|p1a: Iron Boulder
|-supereffective|p1a: Iron Boulder
|-damage|p1a: Iron Boulder|0 fnt
|faint|p1a: Iron Boulder
|-end|p1a: Iron Boulder|Quark Drive|[silent]
|
|-heal|p2a: Kingambit|7/100|[from] item: Leftovers
|upkeep
|
|t:|1760433887
|switch|p1a: Scizor|Scizor, M|90/100
|turn|29
|
|t:|1760433901
|move|p1a: Scizor|Bullet Punch|p2a: Kingambit
|-damage|p2a: Kingambit|0 fnt
|faint|p2a: Kingambit
|-end|p2a: Kingambit|fallen5|[silent]
|
|win|Simple99
|raw|Simple99's rating: 1150 &rarr; <strong>1177</strong><br />(+27 for winning)
|raw|WSJDHDJL3333's rating: 1177 &rarr; <strong>1150</strong><br />(-27 for losing)
|l|☆WSJDHDJL3333
|player|p2|
|l|☆Simple99
|player|p1|
