|j|☆kritath
|j|☆JBLspeakerfetty
|t:|1759042977
|gametype|singles
|player|p1|kritath|policeman-gen4|1401
|player|p2|JBLspeakerfetty|red|1407
|gen|9
|tier|[Gen 9] OU
|rated|
|rule|HP Percentage Mod: HP is shown in percentages
|rule|Endless Battle Clause: Forcing endless battles is banned
|rule|Species Clause: Limit one of each Pokémon
|rule|OHKO Clause: OHKO moves are banned
|rule|Evasion Items Clause: Evasion items are banned
|rule|Evasion Moves Clause: Evasion moves are banned
|rule|Evasion Abilities Clause: Evasion abilities are banned
|rule|Sleep Moves Clause: Sleep-inducing moves are banned
|clearpoke
|poke|p1|Landorus-Therian, M|
|poke|p1|Samurott-Hisui, M|
|poke|p1|Pecharunt|
|poke|p1|Scizor, M|
|poke|p1|Latios, M|
|poke|p1|Zamazenta-*|
|poke|p2|Quaquaval, M|
|poke|p2|Iron Moth|
|poke|p2|Ting-Lu|
|poke|p2|Iron Leaves|
|poke|p2|Thundurus, M|
|poke|p2|Iron Valiant|
|teampreview
|inactive|Battle timer is ON: inactive players will automatically lose when time's up. (requested by kritath)
|
|t:|1759042984
|teamsize|p1|6
|teamsize|p2|6
|start
|switch|p1a: Landorus|Landorus-Therian, M|100/100
|switch|p2a: Quaquaval|Quaquaval, M|100/100
|-ability|p1a: Landorus|Intimidate|boost
|-unboost|p2a: Quaquaval|atk|1
|turn|1
|
|t:|1759042991
|move|p1a: Landorus|Stealth Rock|p2a: Quaquaval
|-sidestart|p2: JBLspeakerfetty|move: Stealth Rock
|move|p2a: Quaquaval|U-turn|p1a: Landorus
|-resisted|p1a: Landorus
|-crit|p1a: Landorus
|-damage|p1a: Landorus|86/100
|-damage|p2a: Quaquaval|84/100|[from] item: Rocky Helmet|[of] p1a: Landorus
|
|t:|1759043000
|switch|p2a: Iron Valiant|Iron Valiant|100/100|[from] U-turn
|-damage|p2a: Iron Valiant|94/100|[from] Stealth Rock
|
|upkeep
|turn|2
|
|t:|1759043008
|switch|p1a: Pecharunt|Pecharunt|100/100
|move|p2a: Iron Valiant|Moonblast|p1a: Pecharunt
|-resisted|p1a: Pecharunt
|-damage|p1a: Pecharunt|67/100
|
|upkeep
|turn|3
|
|t:|1759043014
|-end|p2a: Iron Valiant|Quark Drive|[silent]
|switch|p2a: Ting-Lu|Ting-Lu|100/100
|-damage|p2a: Ting-Lu|94/100|[from] Stealth Rock
|-ability|p2a: Ting-Lu|Vessel of Ruin
|move|p1a: Pecharunt|Parting Shot|p2a: Ting-Lu
|-unboost|p2a: Ting-Lu|atk|1
|-unboost|p2a: Ting-Lu|spa|1
|inactive|kritath has 120 seconds left.
|
|t:|1759043066
|switch|p1a: Samurott|Samurott-Hisui, M|100/100|[from] Parting Shot
|
|-heal|p2a: Ting-Lu|100/100|[from] item: Leftovers
|upkeep
|turn|4
|
|t:|1759043081
|move|p1a: Samurott|Knock Off|p2a: Ting-Lu
|-resisted|p2a: Ting-Lu
|-damage|p2a: Ting-Lu|86/100
|-enditem|p2a: Ting-Lu|Leftovers|[from] move: Knock Off|[of] p1a: Samurott
|move|p2a: Ting-Lu|Spikes|p1a: Samurott
|-sidestart|p1: kritath|Spikes
|
|upkeep
|turn|5
|
|t:|1759043085
|switch|p2a: Quaquaval|Quaquaval, M|84/100
|move|p1a: Samurott|Ceaseless Edge|p2a: Quaquaval
|-resisted|p2a: Quaquaval
|-damage|p2a: Quaquaval|65/100
|-sidestart|p2: JBLspeakerfetty|Spikes
|
|upkeep
|turn|6
|
|t:|1759043093
|switch|p1a: Landorus|Landorus-Therian, M|86/100
|-ability|p1a: Landorus|Intimidate|boost
|-unboost|p2a: Quaquaval|atk|1
|move|p2a: Quaquaval|U-turn|p1a: Landorus
|-resisted|p1a: Landorus
|-damage|p1a: Landorus|80/100
|-damage|p2a: Quaquaval|48/100|[from] item: Rocky Helmet|[of] p1a: Landorus
|
|t:|1759043100
|switch|p2a: Iron Valiant|Iron Valiant|94/100|[from] U-turn
|-damage|p2a: Iron Valiant|88/100|[from] Stealth Rock
|-damage|p2a: Iron Valiant|76/100|[from] Spikes
|
|upkeep
|turn|7
|
|t:|1759043108
|switch|p1a: Scizor|Scizor, M|100/100
|move|p2a: Iron Valiant|Moonblast|p1a: Scizor
|-resisted|p1a: Scizor
|-damage|p1a: Scizor|49/100
|-unboost|p1a: Scizor|spa|1
|
|upkeep
|turn|8
|
|t:|1759043117
|-end|p2a: Iron Valiant|Quark Drive|[silent]
|switch|p2a: Quaquaval|Quaquaval, M|48/100
|move|p1a: Scizor|Knock Off|p2a: Quaquaval
|-resisted|p2a: Quaquaval
|-damage|p2a: Quaquaval|35/100
|-enditem|p2a: Quaquaval|Heavy-Duty Boots|[from] move: Knock Off|[of] p1a: Scizor
|
|upkeep
|turn|9
|
|t:|1759043126
|switch|p1a: Pecharunt|Pecharunt|67/100
|move|p2a: Quaquaval|Roost|p2a: Quaquaval
|-heal|p2a: Quaquaval|85/100
|-singleturn|p2a: Quaquaval|move: Roost
|
|upkeep
|turn|10
|
|t:|1759043131
|switch|p2a: Ting-Lu|Ting-Lu|86/100
|-damage|p2a: Ting-Lu|80/100|[from] Stealth Rock
|-damage|p2a: Ting-Lu|67/100|[from] Spikes
|-ability|p2a: Ting-Lu|Vessel of Ruin
|move|p1a: Pecharunt|Recover|p1a: Pecharunt
|-heal|p1a: Pecharunt|100/100
|
|upkeep
|turn|11
|
|t:|1759043142
|move|p1a: Pecharunt|Parting Shot|p2a: Ting-Lu
|-unboost|p2a: Ting-Lu|atk|1
|-unboost|p2a: Ting-Lu|spa|1
|
|t:|1759043147
|switch|p1a: Samurott|Samurott-Hisui, M|100/100|[from] Parting Shot
|-damage|p1a: Samurott|88/100|[from] Spikes
|move|p2a: Ting-Lu|Spikes|p1a: Samurott
|-sidestart|p1: kritath|Spikes
|
|upkeep
|turn|12
|
|t:|1759043152
|switch|p2a: Quaquaval|Quaquaval, M|85/100
|-damage|p2a: Quaquaval|79/100|[from] Stealth Rock
|-damage|p2a: Quaquaval|66/100|[from] Spikes
|move|p1a: Samurott|Razor Shell|p2a: Quaquaval
|-resisted|p2a: Quaquaval
|-damage|p2a: Quaquaval|44/100
|
|upkeep
|turn|13
|
|t:|1759043156
|move|p1a: Samurott|Razor Shell|p2a: Quaquaval
|-resisted|p2a: Quaquaval
|-damage|p2a: Quaquaval|23/100
|move|p2a: Quaquaval|Roost|p2a: Quaquaval
|-heal|p2a: Quaquaval|73/100
|-singleturn|p2a: Quaquaval|move: Roost
|
|upkeep
|turn|14
|
|t:|1759043164
|switch|p1a: Pecharunt|Pecharunt|100/100
|move|p2a: Quaquaval|Rapid Spin|p1a: Pecharunt
|-immune|p1a: Pecharunt
|
|upkeep
|turn|15
|
|t:|1759043170
|switch|p2a: Ting-Lu|Ting-Lu|67/100
|-damage|p2a: Ting-Lu|61/100|[from] Stealth Rock
|-damage|p2a: Ting-Lu|49/100|[from] Spikes
|-ability|p2a: Ting-Lu|Vessel of Ruin
|move|p1a: Pecharunt|Parting Shot|p2a: Ting-Lu
|-unboost|p2a: Ting-Lu|atk|1
|-unboost|p2a: Ting-Lu|spa|1
|
|t:|1759043175
|switch|p1a: Samurott|Samurott-Hisui, M|88/100|[from] Parting Shot
|-damage|p1a: Samurott|72/100|[from] Spikes
|
|upkeep
|turn|16
|
|t:|1759043186
|move|p1a: Samurott|Razor Shell|p2a: Ting-Lu
|-supereffective|p2a: Ting-Lu
|-damage|p2a: Ting-Lu|0 fnt
|faint|p2a: Ting-Lu
|
|upkeep
|
|t:|1759043189
|switch|p2a: Quaquaval|Quaquaval, M|73/100
|-damage|p2a: Quaquaval|67/100|[from] Stealth Rock
|-damage|p2a: Quaquaval|55/100|[from] Spikes
|turn|17
|inactive|kritath has 120 seconds left.
|
|t:|1759043236
|switch|p1a: Pecharunt|Pecharunt|100/100
|move|p2a: Quaquaval|U-turn|p1a: Pecharunt
|-resisted|p1a: Pecharunt
|-damage|p1a: Pecharunt|98/100
|
|t:|1759043242
|switch|p2a: Thundurus|Thundurus, M|100/100|[from] U-turn
|-damage|p2a: Thundurus|76/100|[from] Stealth Rock
|
|upkeep
|turn|18
|
|t:|1759043247
|switch|p1a: Landorus|Landorus-Therian, M|80/100
|-ability|p1a: Landorus|Intimidate|boost
|-unboost|p2a: Thundurus|atk|1
|move|p2a: Thundurus|Thunderbolt|p1a: Landorus
|-immune|p1a: Landorus
|
|upkeep
|turn|19
|
|t:|1759043251
|move|p2a: Thundurus|Electric Terrain|p2a: Thundurus
|-fieldstart|move: Electric Terrain
|move|p1a: Landorus|Smack Down|p2a: Thundurus
|-supereffective|p2a: Thundurus
|-damage|p2a: Thundurus|30/100
|-start|p2a: Thundurus|Smack Down
|
|upkeep
|turn|20
|
|t:|1759043260
|switch|p2a: Quaquaval|Quaquaval, M|55/100
|-damage|p2a: Quaquaval|49/100|[from] Stealth Rock
|-damage|p2a: Quaquaval|36/100|[from] Spikes
|move|p1a: Landorus|Earthquake|p2a: Quaquaval
|-damage|p2a: Quaquaval|0 fnt
|faint|p2a: Quaquaval
|
|upkeep
|
|t:|1759043265
|switch|p2a: Iron Valiant|Iron Valiant|76/100
|-damage|p2a: Iron Valiant|69/100|[from] Stealth Rock
|-damage|p2a: Iron Valiant|57/100|[from] Spikes
|-activate|p2a: Iron Valiant|ability: Quark Drive
|-start|p2a: Iron Valiant|quarkdrivespe
|turn|21
|inactive|kritath has 120 seconds left.
|
|t:|1759043315
|move|p2a: Iron Valiant|Shadow Ball|p1a: Landorus
|-damage|p1a: Landorus|37/100
|move|p1a: Landorus|Earthquake|p2a: Iron Valiant
|-damage|p2a: Iron Valiant|0 fnt
|faint|p2a: Iron Valiant
|-end|p2a: Iron Valiant|Quark Drive|[silent]
|
|upkeep
|
|t:|1759043327
|switch|p2a: Iron Leaves|Iron Leaves|100/100
|-damage|p2a: Iron Leaves|88/100|[from] Stealth Rock
|-damage|p2a: Iron Leaves|76/100|[from] Spikes
|-activate|p2a: Iron Leaves|ability: Quark Drive
|-start|p2a: Iron Leaves|quarkdrivespe
|turn|22
|
|t:|1759043351
|move|p2a: Iron Leaves|Psyblade|p1a: Landorus
|-damage|p1a: Landorus|0 fnt
|-damage|p2a: Iron Leaves|59/100|[from] item: Rocky Helmet|[of] p1a: Landorus
|faint|p1a: Landorus
|
|upkeep
|
|t:|1759043354
|switch|p1a: Scizor|Scizor, M|49/100
|turn|23
|
|t:|1759043360
|move|p1a: Scizor|Bullet Punch|p2a: Iron Leaves
|-damage|p2a: Iron Leaves|22/100
|move|p2a: Iron Leaves|Close Combat|p1a: Scizor
|-damage|p1a: Scizor|6/100
|-unboost|p2a: Iron Leaves|def|1
|-unboost|p2a: Iron Leaves|spd|1
|
|upkeep
|turn|24
|inactive|kritath has 120 seconds left.
|
|t:|1759043370
|move|p1a: Scizor|Bullet Punch|p2a: Iron Leaves
|-damage|p2a: Iron Leaves|0 fnt
|faint|p2a: Iron Leaves
|-end|p2a: Iron Leaves|Quark Drive|[silent]
|
|upkeep
|
|t:|1759043373
|switch|p2a: Iron Moth|Iron Moth|100/100
|-damage|p2a: Iron Moth|76/100|[from] Stealth Rock
|-damage|p2a: Iron Moth|63/100|[from] Spikes
|-activate|p2a: Iron Moth|ability: Quark Drive
|-start|p2a: Iron Moth|quarkdrivespa
|turn|25
|
|t:|1759043380
|move|p1a: Scizor|Bullet Punch|p2a: Iron Moth
|-resisted|p2a: Iron Moth
|-damage|p2a: Iron Moth|32/100
|move|p2a: Iron Moth|Fiery Dance|p1a: Scizor
|-supereffective|p1a: Scizor
|-damage|p1a: Scizor|0 fnt
|-boost|p2a: Iron Moth|spa|1
|faint|p1a: Scizor
|
|upkeep
|
|t:|1759043383
|switch|p1a: Samurott|Samurott-Hisui, M|72/100
|-damage|p1a: Samurott|55/100|[from] Spikes
|turn|26
|
|t:|1759043385
|move|p1a: Samurott|Aqua Jet|p2a: Iron Moth
|-supereffective|p2a: Iron Moth
|-damage|p2a: Iron Moth|0 fnt
|faint|p2a: Iron Moth
|-end|p2a: Iron Moth|Quark Drive|[silent]
|
|-fieldend|move: Electric Terrain
|upkeep
|inactive|JBLspeakerfetty has 120 seconds left.
|
|t:|1759043418
|switch|p2a: Thundurus|Thundurus, M|30/100
|-damage|p2a: Thundurus|6/100|[from] Stealth Rock
|turn|27
|
|t:|1759043423
|move|p1a: Samurott|Aqua Jet|p2a: Thundurus
|-damage|p2a: Thundurus|0 fnt
|faint|p2a: Thundurus
|
|win|kritath
|raw|kritath's rating: 1401 &rarr; <strong>1421</strong><br />(+20 for winning)
|raw|JBLspeakerfetty's rating: 1407 &rarr; <strong>1387</strong><br />(-20 for losing)
|l|☆kritath
|player|p1|
