|j|☆Kyellosion
|j|☆eucalipto69!
|t:|1758949293
|gametype|singles
|player|p1|Kyellosion|jupiter|1399
|player|p2|eucalipto69!|101|1392
|gen|9
|tier|[Gen 9] OU
|rated|
|rule|HP Percentage Mod: HP is shown in percentages
|rule|Endless Battle Clause: Forcing endless battles is banned
|rule|Species Clause: Limit one of each Pokémon
|rule|OHKO Clause: OHKO moves are banned
|rule|Evasion Items Clause: Evasion items are banned
|rule|Evasion Moves Clause: Evasion moves are banned
|rule|Evasion Abilities Clause: Evasion abilities are banned
|rule|Sleep Moves Clause: Sleep-inducing moves are banned
|clearpoke
|poke|p1|Toucannon, F|
|poke|p1|Dragonite, M|
|poke|p1|Zamazenta-*|
|poke|p1|Iron Treads|
|poke|p1|Zapdos|
|poke|p1|Primarina, F|
|poke|p2|Ogerpon-Cornerstone, F|
|poke|p2|Thundurus-Therian, M|
|poke|p2|Dragapult, F|
|poke|p2|Primarina, F|
|poke|p2|Kingambit, F|
|poke|p2|Great Tusk|
|teampreview
|inactive|Battle timer is ON: inactive players will automatically lose when time's up. (requested by eucalipto69!)
|
|t:|1758949310
|teamsize|p1|6
|teamsize|p2|6
|start
|switch|p1a: Shanks|Zamazenta|100/100
|switch|p2a: Primarina|Primarina, F|100/100
|-ability|p1a: Shanks|Dauntless Shield|boost
|-boost|p1a: Shanks|def|1
|turn|1
|
|t:|1758949326
|switch|p1a: Franky|Toucannon, F|100/100
|move|p2a: Primarina|Moonblast|p1a: Franky
|-damage|p1a: Franky|66/100
|
|upkeep
|turn|2
|
|t:|1758949337
|-singleturn|p1a: Franky|move: Beak Blast
|move|p2a: Primarina|Ice Beam|p1a: Franky
|-supereffective|p1a: Franky
|-damage|p1a: Franky|22/100
|move|p1a: Franky|Beak Blast|p2a: Primarina
|-damage|p2a: Primarina|31/100
|
|upkeep
|turn|3
|
|t:|1758949351
|switch|p2a: Great Tusk|Great Tusk|100/100
|switch|p1a: Shirahoshi|Primarina, F|100/100
|
|upkeep
|turn|4
|
|t:|1758949364
|-end|p2a: Great Tusk|Protosynthesis|[silent]
|switch|p2a: Primarina|Primarina, F|31/100
|move|p1a: Shirahoshi|Moonblast|p2a: Primarina
|-damage|p2a: Primarina|2/100
|
|upkeep
|turn|5
|
|t:|1758949372
|move|p2a: Primarina|Moonblast|p1a: Shirahoshi
|-damage|p1a: Shirahoshi|73/100
|move|p1a: Shirahoshi|Moonblast|p2a: Primarina
|-damage|p2a: Primarina|0 fnt
|faint|p2a: Primarina
|
|upkeep
|
|t:|1758949377
|switch|p2a: Ogerpon|Ogerpon-Cornerstone, F|100/100
|turn|6
|
|t:|1758949403
|-terastallize|p1a: Shirahoshi|Poison
|move|p2a: Ogerpon|Horn Leech|p1a: Shirahoshi
|-resisted|p1a: Shirahoshi
|-damage|p1a: Shirahoshi|47/100
|move|p1a: Shirahoshi|Moonblast|p2a: Ogerpon
|-damage|p2a: Ogerpon|43/100
|
|upkeep
|turn|7
|l|☆eucalipto69!
|inactive|eucalipto69! disconnected and has a minute to reconnect!
|player|p2|
|j|☆eucalipto69!
|inactive|eucalipto69! reconnected and has 135 seconds left.
|player|p2|eucalipto69!|101|
|
|t:|1758949424
|switch|p1a: Shanks|Zamazenta|100/100
|move|p2a: Ogerpon|Ivy Cudgel|p1a: Shanks|[anim] Ivy Cudgel Rock
|-resisted|p1a: Shanks
|-damage|p1a: Shanks|75/100
|
|upkeep
|turn|8
|
|t:|1758949432
|switch|p2a: Great Tusk|Great Tusk|100/100
|move|p1a: Shanks|Ice Fang|p2a: Great Tusk
|-supereffective|p2a: Great Tusk
|-damage|p2a: Great Tusk|64/100
|-status|p2a: Great Tusk|frz
|-damage|p1a: Shanks|58/100|[from] item: Rocky Helmet|[of] p2a: Great Tusk
|
|upkeep
|turn|9
|
|t:|1758949443
|switch|p1a: Monkey D. nite|Dragonite, M|100/100
|cant|p2a: Great Tusk|frz
|
|upkeep
|turn|10
|
|t:|1758949456
|-end|p2a: Great Tusk|Protosynthesis|[silent]
|switch|p2a: Dragapult|Dragapult, F|100/100
|move|p1a: Monkey D. nite|Dragon Dance|p1a: Monkey D. nite
|-boost|p1a: Monkey D. nite|atk|1
|-boost|p1a: Monkey D. nite|spe|1
|
|upkeep
|turn|11
|
|t:|1758949470
|switch|p2a: Great Tusk|Great Tusk|64/100 frz
|move|p1a: Monkey D. nite|Scale Shot|p2a: Great Tusk|[miss]
|-miss|p1a: Monkey D. nite|p2a: Great Tusk
|
|upkeep
|turn|12
|
|t:|1758949484
|move|p1a: Monkey D. nite|Dragon Dance|p1a: Monkey D. nite
|-boost|p1a: Monkey D. nite|atk|1
|-boost|p1a: Monkey D. nite|spe|1
|cant|p2a: Great Tusk|frz
|
|upkeep
|turn|13
|-message|eucalipto69! forfeited.
|
|win|Kyellosion
|raw|Kyellosion's rating: 1399 &rarr; <strong>1419</strong><br />(+20 for winning)
|raw|eucalipto69!'s rating: 1392 &rarr; <strong>1372</strong><br />(-20 for losing)
|l|☆eucalipto69!
|player|p2|
|l|☆Kyellosion
|player|p1|
