|j|☆lebmaster
|j|☆JBLspeakerfetty
|t:|1759006600
|gametype|singles
|player|p1|lebmaster|dahlia|1500
|player|p2|JBLspeakerfetty|red|1427
|gen|9
|tier|[Gen 9] OU
|rated|
|rule|HP Percentage Mod: HP is shown in percentages
|rule|Endless Battle Clause: Forcing endless battles is banned
|rule|Species Clause: Limit one of each Pokémon
|rule|OHKO Clause: OHKO moves are banned
|rule|Evasion Items Clause: Evasion items are banned
|rule|Evasion Moves Clause: Evasion moves are banned
|rule|Evasion Abilities Clause: Evasion abilities are banned
|rule|Sleep Moves Clause: Sleep-inducing moves are banned
|clearpoke
|poke|p1|Meowscarada, M|
|poke|p1|Cinderace, M|
|poke|p1|Iron Treads|
|poke|p1|Raging Bolt|
|poke|p1|Alomomola, F|
|poke|p1|Slowking-Galar, F|
|poke|p2|Quaquaval, F|
|poke|p2|Iron Moth|
|poke|p2|Ting-Lu|
|poke|p2|Iron Leaves|
|poke|p2|Thundurus, M|
|poke|p2|Iron Valiant|
|teampreview
|
|t:|1759006613
|teamsize|p1|6
|teamsize|p2|6
|start
|switch|p1a: Meowscarada|Meowscarada, M|100/100
|switch|p2a: Iron Moth|Iron Moth|100/100
|turn|1
|
|t:|1759006626
|move|p2a: Iron Moth|U-turn|p1a: Meowscarada
|-supereffective|p1a: Meowscarada
|-damage|p1a: Meowscarada|30/100
|
|t:|1759006629
|-end|p2a: Iron Moth|Quark Drive|[silent]
|switch|p2a: Quaquaval|Quaquaval, F|100/100|[from] U-turn
|move|p1a: Meowscarada|Knock Off|p2a: Quaquaval
|-start|p1a: Meowscarada|typechange|Dark|[from] ability: Protean
|-resisted|p2a: Quaquaval
|-damage|p2a: Quaquaval|76/100
|-enditem|p2a: Quaquaval|Heavy-Duty Boots|[from] move: Knock Off|[of] p1a: Meowscarada
|
|upkeep
|turn|2
|
|t:|1759006640
|switch|p1a: Alomomola|Alomomola, F|100/100
|move|p2a: Quaquaval|U-turn|p1a: Alomomola
|-damage|p1a: Alomomola|90/100
|-damage|p2a: Quaquaval|60/100|[from] item: Rocky Helmet|[of] p1a: Alomomola
|
|t:|1759006643
|switch|p2a: Thundurus|Thundurus, M|100/100|[from] U-turn
|
|upkeep
|turn|3
|
|t:|1759006655
|switch|p2a: Ting-Lu|Ting-Lu|100/100
|-ability|p2a: Ting-Lu|Vessel of Ruin
|switch|p1a: Slowking|Slowking-Galar, F|100/100
|
|upkeep
|turn|4
|
|t:|1759006660
|move|p2a: Ting-Lu|Earthquake|p1a: Slowking
|-supereffective|p1a: Slowking
|-damage|p1a: Slowking|26/100
|move|p1a: Slowking|Toxic|p2a: Ting-Lu
|-status|p2a: Ting-Lu|tox
|
|-damage|p2a: Ting-Lu|94/100 tox|[from] psn
|upkeep
|turn|5
|
|t:|1759006671
|switch|p1a: Alomomola|Alomomola, F|100/100
|move|p2a: Ting-Lu|Spikes|p1a: Alomomola
|-sidestart|p1: lebmaster|Spikes
|
|-heal|p2a: Ting-Lu|100/100 tox|[from] item: Leftovers
|-damage|p2a: Ting-Lu|88/100 tox|[from] psn
|upkeep
|turn|6
|inactive|Battle timer is ON: inactive players will automatically lose when time's up. (requested by lebmaster)
|
|t:|1759006683
|switch|p2a: Iron Leaves|Iron Leaves|100/100
|move|p1a: Alomomola|Wish|p1a: Alomomola
|
|upkeep
|turn|7
|
|t:|1759006695
|move|p2a: Iron Leaves|Trailblaze|p1a: Alomomola
|-supereffective|p1a: Alomomola
|-damage|p1a: Alomomola|70/100
|-boost|p2a: Iron Leaves|spe|1
|-damage|p2a: Iron Leaves|84/100|[from] item: Rocky Helmet|[of] p1a: Alomomola
|move|p1a: Alomomola|Flip Turn|p2a: Iron Leaves
|-resisted|p2a: Iron Leaves
|-damage|p2a: Iron Leaves|75/100
|
|t:|1759006703
|switch|p1a: Meowscarada|Meowscarada, M|30/100|[from] Flip Turn
|-damage|p1a: Meowscarada|17/100|[from] Spikes
|
|-heal|p1a: Meowscarada|100/100|[from] move: Wish|[wisher] Alomomola
|upkeep
|turn|8
|
|t:|1759006708
|move|p2a: Iron Leaves|Close Combat|p1a: Meowscarada
|-supereffective|p1a: Meowscarada
|-damage|p1a: Meowscarada|0 fnt
|-unboost|p2a: Iron Leaves|def|1
|-unboost|p2a: Iron Leaves|spd|1
|faint|p1a: Meowscarada
|
|upkeep
|
|t:|1759006714
|switch|p1a: Cinderace|Cinderace, M|100/100
|turn|9
|
|t:|1759006720
|move|p2a: Iron Leaves|Psyblade|p1a: Cinderace
|-damage|p1a: Cinderace|36/100
|move|p1a: Cinderace|Pyro Ball|p2a: Iron Leaves
|-supereffective|p2a: Iron Leaves
|-damage|p2a: Iron Leaves|0 fnt
|faint|p2a: Iron Leaves
|-end|p2a: Iron Leaves|Quark Drive|[silent]
|
|upkeep
|
|t:|1759006733
|switch|p2a: Iron Valiant|Iron Valiant|100/100
|-enditem|p2a: Iron Valiant|Booster Energy
|-activate|p2a: Iron Valiant|ability: Quark Drive|[fromitem]
|-start|p2a: Iron Valiant|quarkdrivespe
|turn|10
|
|t:|1759006738
|switch|p1a: Alomomola|Alomomola, F|100/100
|-damage|p1a: Alomomola|88/100|[from] Spikes
|move|p2a: Iron Valiant|Thunderbolt|p1a: Alomomola
|-supereffective|p1a: Alomomola
|-crit|p1a: Alomomola
|-damage|p1a: Alomomola|0 fnt
|faint|p1a: Alomomola
|
|upkeep
|
|t:|1759006742
|switch|p1a: Iron Treads|Iron Treads|100/100
|turn|11
|
|t:|1759006749
|-end|p2a: Iron Valiant|Quark Drive|[silent]
|switch|p2a: Quaquaval|Quaquaval, F|60/100
|move|p1a: Iron Treads|Earthquake|p2a: Quaquaval
|-damage|p2a: Quaquaval|26/100
|
|upkeep
|turn|12
|
|t:|1759006755
|move|p1a: Iron Treads|Earthquake|p2a: Quaquaval
|-damage|p2a: Quaquaval|0 fnt
|faint|p2a: Quaquaval
|
|upkeep
|
|t:|1759006764
|switch|p2a: Iron Moth|Iron Moth|100/100
|turn|13
|
|t:|1759006766
|move|p2a: Iron Moth|Fiery Dance|p1a: Iron Treads
|-supereffective|p1a: Iron Treads
|-damage|p1a: Iron Treads|0 fnt
|faint|p1a: Iron Treads
|-end|p1a: Iron Treads|Quark Drive|[silent]
|
|upkeep
|
|t:|1759006770
|switch|p1a: Raging Bolt|Raging Bolt|100/100
|turn|14
|
|t:|1759006784
|-end|p2a: Iron Moth|Quark Drive|[silent]
|switch|p2a: Ting-Lu|Ting-Lu|88/100 tox
|-ability|p2a: Ting-Lu|Vessel of Ruin
|move|p1a: Raging Bolt|Dragon Pulse|p2a: Ting-Lu
|-damage|p2a: Ting-Lu|65/100 tox
|
|-heal|p2a: Ting-Lu|72/100 tox|[from] item: Leftovers
|-damage|p2a: Ting-Lu|65/100 tox|[from] psn
|upkeep
|turn|15
|
|t:|1759006793
|-end|p1a: Raging Bolt|Protosynthesis|[silent]
|switch|p1a: Slowking|Slowking-Galar, F|59/100
|move|p2a: Ting-Lu|Earthquake|p1a: Slowking
|-supereffective|p1a: Slowking
|-damage|p1a: Slowking|0 fnt
|faint|p1a: Slowking
|
|-heal|p2a: Ting-Lu|72/100 tox|[from] item: Leftovers
|-damage|p2a: Ting-Lu|59/100 tox|[from] psn
|upkeep
|
|t:|1759006795
|switch|p1a: Cinderace|Cinderace, M|36/100
|turn|16
|
|t:|1759006800
|switch|p2a: Iron Moth|Iron Moth|100/100
|move|p1a: Cinderace|Pyro Ball|p2a: Iron Moth
|-resisted|p2a: Iron Moth
|-damage|p2a: Iron Moth|50/100
|
|upkeep
|turn|17
|
|t:|1759006805
|move|p2a: Iron Moth|Sludge Wave|p1a: Cinderace
|-damage|p1a: Cinderace|0 fnt
|faint|p1a: Cinderace
|
|upkeep
|-message|lebmaster forfeited.
|
|win|JBLspeakerfetty
|raw|lebmaster's rating: 1500 &rarr; <strong>1476</strong><br />(-24 for losing)
|raw|JBLspeakerfetty's rating: 1427 &rarr; <strong>1451</strong><br />(+24 for winning)
|l|☆lebmaster
|player|p1|
|l|☆JBLspeakerfetty
|player|p2|
