|j|☆The Moz
|j|☆NewNewPoke
|t:|1758949824
|gametype|singles
|player|p1|The Moz|brock|1307
|player|p2|NewNewPoke|sabrina|1254
|gen|9
|tier|[Gen 9] OU
|rated|
|rule|HP Percentage Mod: HP is shown in percentages
|rule|Endless Battle Clause: Forcing endless battles is banned
|rule|Species Clause: Limit one of each Pokémon
|rule|OHKO Clause: OHKO moves are banned
|rule|Evasion Items Clause: Evasion items are banned
|rule|Evasion Moves Clause: Evasion moves are banned
|rule|Evasion Abilities Clause: Evasion abilities are banned
|rule|Sleep Moves Clause: Sleep-inducing moves are banned
|clearpoke
|poke|p1|Blastoise, F|
|poke|p1|Scizor, M|
|poke|p1|Arcanine-Hisui, M|
|poke|p1|Sinistcha-Masterpiece|
|poke|p1|Conkeldurr, F|
|poke|p1|Great Tusk|
|poke|p2|Glimmora, M|
|poke|p2|Great Tusk|
|poke|p2|Mimikyu, M|
|poke|p2|Raging Bolt|
|poke|p2|Kingambit, F|
|poke|p2|Clefable, M|
|teampreview
|
|t:|1758949836
|teamsize|p1|6
|teamsize|p2|6
|start
|switch|p1a: Blastoise|Blastoise, F|100/100
|switch|p2a: Glimmora|Glimmora, M|100/100
|turn|1
|inactive|Battle timer is ON: inactive players will automatically lose when time's up. (requested by NewNewPoke)
|
|t:|1758949845
|move|p2a: Glimmora|Mortal Spin|p1a: Blastoise
|-damage|p1a: Blastoise|94/100
|-status|p1a: Blastoise|psn
|move|p1a: Blastoise|Shell Smash|p1a: Blastoise
|-unboost|p1a: Blastoise|def|1
|-unboost|p1a: Blastoise|spd|1
|-boost|p1a: Blastoise|atk|2
|-boost|p1a: Blastoise|spa|2
|-boost|p1a: Blastoise|spe|2
|-enditem|p1a: Blastoise|White Herb
|-clearnegativeboost|p1a: Blastoise|[silent]
|
|-damage|p1a: Blastoise|82/100 psn|[from] psn
|upkeep
|turn|2
|
|t:|1758949860
|move|p1a: Blastoise|Hydro Pump|p2a: Glimmora
|-supereffective|p2a: Glimmora
|-enditem|p2a: Glimmora|Focus Sash
|-damage|p2a: Glimmora|1/100
|move|p2a: Glimmora|Venoshock|p1a: Blastoise
|-damage|p1a: Blastoise|3/100 psn
|
|-damage|p1a: Blastoise|0 fnt|[from] psn
|faint|p1a: Blastoise
|upkeep
|
|t:|1758949871
|switch|p1a: Conkeldurr|Conkeldurr, F|100/100
|turn|3
|
|t:|1758949877
|move|p1a: Conkeldurr|Mach Punch|p2a: Glimmora
|-damage|p2a: Glimmora|0 fnt
|-activate|p2a: Glimmora|ability: Toxic Debris
|-sidestart|p1: The Moz|move: Toxic Spikes
|faint|p2a: Glimmora
|
|-status|p1a: Conkeldurr|brn|[from] item: Flame Orb
|upkeep
|
|t:|1758949885
|switch|p2a: Mimikyu|Mimikyu, M|100/100
|turn|4
|
|t:|1758949899
|move|p2a: Mimikyu|Swords Dance|p2a: Mimikyu
|-boost|p2a: Mimikyu|atk|2
|move|p1a: Conkeldurr|Knock Off|p2a: Mimikyu
|-activate|p2a: Mimikyu|ability: Disguise
|-damage|p2a: Mimikyu|100/100
|-enditem|p2a: Mimikyu|Life Orb|[from] move: Knock Off|[of] p1a: Conkeldurr
|detailschange|p2a: Mimikyu|Mimikyu-Busted, M
|-damage|p2a: Mimikyu|88/100|[from] pokemon: Mimikyu-Busted
|
|-damage|p1a: Conkeldurr|95/100 brn|[from] brn
|upkeep
|turn|5
|
|t:|1758949910
|move|p2a: Mimikyu|Play Rough|p1a: Conkeldurr
|-supereffective|p1a: Conkeldurr
|-damage|p1a: Conkeldurr|0 fnt
|faint|p1a: Conkeldurr
|
|upkeep
|
|t:|1758949918
|switch|p1a: Scizor|Scizor, M|100/100
|turn|6
|
|t:|1758949923
|-terastallize|p2a: Mimikyu|Ghost
|move|p2a: Mimikyu|Shadow Claw|p1a: Scizor
|-damage|p1a: Scizor|24/100
|move|p1a: Scizor|Knock Off|p2a: Mimikyu
|-supereffective|p2a: Mimikyu
|-damage|p2a: Mimikyu|12/100
|
|upkeep
|turn|7
|
|t:|1758949930
|move|p2a: Mimikyu|Shadow Sneak|p1a: Scizor
|-damage|p1a: Scizor|0 fnt
|faint|p1a: Scizor
|
|upkeep
|
|t:|1758949941
|switch|p1a: Sinistcha|Sinistcha-Masterpiece|100/100
|turn|8
|
|t:|1758949949
|move|p2a: Mimikyu|Shadow Claw|p1a: Sinistcha
|-supereffective|p1a: Sinistcha
|-damage|p1a: Sinistcha|0 fnt
|faint|p1a: Sinistcha
|
|upkeep
|
|t:|1758949955
|switch|p1a: Great Tusk|Great Tusk|100/100
|-status|p1a: Great Tusk|psn
|turn|9
|-message|The Moz forfeited.
|
|win|NewNewPoke
|raw|The Moz's rating: 1307 &rarr; <strong>1284</strong><br />(-23 for losing)
|raw|NewNewPoke's rating: 1254 &rarr; <strong>1283</strong><br />(+29 for winning)
|l|☆The Moz
|player|p1|
|c|☆NewNewPoke|gg
|l|☆NewNewPoke
|player|p2|
