|j|☆fnysiak
|j|☆rosie54
|t:|1759000008
|gametype|singles
|player|p1|fnysiak|steven|1095
|player|p2|rosie54|lady-gen4|1082
|gen|9
|tier|[Gen 9] OU
|rated|
|rule|HP Percentage Mod: HP is shown in percentages
|rule|Endless Battle Clause: Forcing endless battles is banned
|rule|Species Clause: Limit one of each Pokémon
|rule|OHKO Clause: OHKO moves are banned
|rule|Evasion Items Clause: Evasion items are banned
|rule|Evasion Moves Clause: Evasion moves are banned
|rule|Evasion Abilities Clause: Evasion abilities are banned
|rule|Sleep Moves Clause: Sleep-inducing moves are banned
|clearpoke
|poke|p1|Pecharunt|
|poke|p1|Glimmora, M|
|poke|p1|Toxtricity-Low-Key, M|
|poke|p1|Clodsire, F|
|poke|p1|Weezing-Galar, M|
|poke|p1|Toxicroak, M|
|poke|p2|Vaporeon, F|
|poke|p2|Gardevoir, F|
|poke|p2|Persian, F|
|poke|p2|Mew|
|poke|p2|Cloyster, F|
|poke|p2|Clefable, F|
|teampreview
|inactive|Battle timer is ON: inactive players will automatically lose when time's up. (requested by rosie54)
|inactive|rosie54 has 120 seconds left.
|
|t:|1759000044
|teamsize|p1|6
|teamsize|p2|6
|start
|switch|p1a: Glimmora|Glimmora, M|100/100
|switch|p2a: Persian|Persian, F|100/100
|turn|1
|
|t:|1759000056
|move|p2a: Persian|Nasty Plot|p2a: Persian
|-boost|p2a: Persian|spa|2
|move|p1a: Glimmora|Stealth Rock|p2a: Persian
|-sidestart|p2: rosie54|move: Stealth Rock
|
|upkeep
|turn|2
|
|t:|1759000069
|move|p2a: Persian|Thunderbolt|p1a: Glimmora
|-damage|p1a: Glimmora|51/100
|move|p1a: Glimmora|Mortal Spin|p2a: Persian
|-damage|p2a: Persian|90/100
|-status|p2a: Persian|psn
|
|-damage|p2a: Persian|78/100 psn|[from] psn
|upkeep
|turn|3
|
|t:|1759000079
|switch|p1a: Clodsire|Clodsire, F, shiny|100/100
|move|p2a: Persian|Thunderbolt|p1a: Clodsire
|-immune|p1a: Clodsire
|
|-damage|p2a: Persian|66/100 psn|[from] psn
|upkeep
|turn|4
|
|t:|1759000087
|move|p2a: Persian|Icy Wind|p1a: Clodsire
|-supereffective|p1a: Clodsire
|-damage|p1a: Clodsire|71/100
|-unboost|p1a: Clodsire|spe|1
|move|p1a: Clodsire|Earthquake|p2a: Persian
|-damage|p2a: Persian|17/100 psn
|
|-damage|p2a: Persian|5/100 psn|[from] psn
|upkeep
|turn|5
|
|t:|1759000098
|switch|p1a: Toxicroak|Toxicroak, M|100/100
|move|p2a: Persian|Icy Wind|p1a: Toxicroak
|-damage|p1a: Toxicroak|45/100
|-unboost|p1a: Toxicroak|spe|1
|
|-damage|p2a: Persian|0 fnt|[from] psn
|faint|p2a: Persian
|upkeep
|
|t:|1759000115
|switch|p2a: Mew|Mew|100/100
|-damage|p2a: Mew|88/100|[from] Stealth Rock
|turn|6
|
|t:|1759000121
|-terastallize|p1a: Toxicroak|Dark
|move|p2a: Mew|Psychic Fangs|p1a: Toxicroak
|-immune|p1a: Toxicroak
|move|p1a: Toxicroak|Swords Dance|p1a: Toxicroak
|-boost|p1a: Toxicroak|atk|2
|
|-heal|p2a: Mew|94/100|[from] item: Leftovers
|upkeep
|turn|7
|
|t:|1759000132
|-terastallize|p2a: Mew|Fairy
|move|p1a: Toxicroak|Sucker Punch|p2a: Mew
|-resisted|p2a: Mew
|-damage|p2a: Mew|50/100
|-damage|p1a: Toxicroak|35/100|[from] item: Life Orb
|move|p2a: Mew|Drain Punch|p1a: Toxicroak
|-supereffective|p1a: Toxicroak
|-damage|p1a: Toxicroak|0 fnt
|-heal|p2a: Mew|65/100|[from] drain|[of] p1a: Toxicroak
|faint|p1a: Toxicroak
|
|-heal|p2a: Mew|71/100|[from] item: Leftovers
|upkeep
|
|t:|1759000146
|switch|p1a: Toxtricity|Toxtricity-Low-Key, M|100/100
|turn|8
|
|t:|1759000151
|move|p2a: Mew|Psychic Fangs|p1a: Toxtricity
|-supereffective|p1a: Toxtricity
|-damage|p1a: Toxtricity|0 fnt
|faint|p1a: Toxtricity
|
|-heal|p2a: Mew|78/100|[from] item: Leftovers
|upkeep
|
|t:|1759000157
|switch|p1a: Clodsire|Clodsire, F, shiny|71/100
|turn|9
|
|t:|1759000162
|move|p2a: Mew|Psychic Fangs|p1a: Clodsire
|-supereffective|p1a: Clodsire
|-damage|p1a: Clodsire|16/100
|move|p1a: Clodsire|Earthquake|p2a: Mew
|-damage|p2a: Mew|52/100
|
|-heal|p2a: Mew|58/100|[from] item: Leftovers
|upkeep
|turn|10
|-message|fnysiak forfeited.
|
|win|rosie54
|raw|fnysiak's rating: 1095 &rarr; <strong>1070</strong><br />(-25 for losing)
|raw|rosie54's rating: 1082 &rarr; <strong>1111</strong><br />(+29 for winning)
|l|☆fnysiak
|player|p1|
|l|☆rosie54
|player|p2|
