|j|‽Tsaun
|j|☆popswrong4laughing
|t:|1759014166
|gametype|singles
|player|p1|Tsaun|266|1481
|player|p2|popswrong4laughing|galacticgrunt|1481
|gen|9
|tier|[Gen 9] OU
|rated|
|rule|HP Percentage Mod: HP is shown in percentages
|rule|Endless Battle Clause: Forcing endless battles is banned
|rule|Species Clause: Limit one of each Pokémon
|rule|OHKO Clause: OHKO moves are banned
|rule|Evasion Items Clause: Evasion items are banned
|rule|Evasion Moves Clause: Evasion moves are banned
|rule|Evasion Abilities Clause: Evasion abilities are banned
|rule|Sleep Moves Clause: Sleep-inducing moves are banned
|clearpoke
|poke|p1|Slowking-Galar, M|
|poke|p1|Great Tusk|
|poke|p1|Dragapult, F|
|poke|p1|Cloyster, M|
|poke|p1|Ogerpon-Cornerstone, F|
|poke|p1|Iron Valiant|
|poke|p2|Tornadus-Therian, M|
|poke|p2|Thundurus, M|
|poke|p2|Landorus-Therian, M|
|poke|p2|Entei|
|poke|p2|Suicune|
|poke|p2|Raging Bolt|
|teampreview
|
|t:|1759014177
|teamsize|p1|6
|teamsize|p2|6
|start
|switch|p1a: Dragapult|Dragapult, F|100/100
|switch|p2a: Thundurus|Thundurus, M|100/100
|turn|1
|
|t:|1759014197
|move|p2a: Thundurus|Thunder Wave|p1a: Dragapult
|-status|p1a: Dragapult|par
|move|p1a: Dragapult|U-turn|p2a: Thundurus
|-resisted|p2a: Thundurus
|-damage|p2a: Thundurus|75/100
|
|t:|1759014201
|switch|p1a: Slowking|Slowking-Galar, M|100/100|[from] U-turn
|
|upkeep
|turn|2
|
|t:|1759014203
|switch|p2a: Landorus|Landorus-Therian, M|100/100
|-ability|p2a: Landorus|Intimidate|boost
|-unboost|p1a: Slowking|atk|1
|move|p1a: Slowking|Future Sight|p2a: Landorus
|-start|p1a: Slowking|move: Future Sight
|
|upkeep
|turn|3
|
|t:|1759014209
|switch|p1a: Great Tusk|Great Tusk|100/100
|move|p2a: Landorus|Stealth Rock|p1a: Great Tusk
|-sidestart|p1: Tsaun|move: Stealth Rock
|
|upkeep
|turn|4
|
|t:|1759014215
|move|p2a: Landorus|U-turn|p1a: Great Tusk
|-resisted|p1a: Great Tusk
|-damage|p1a: Great Tusk|95/100
|-damage|p2a: Landorus|84/100|[from] item: Rocky Helmet|[of] p1a: Great Tusk
|
|t:|1759014217
|switch|p2a: Suicune|Suicune|100/100|[from] U-turn
|-ability|p2a: Suicune|Pressure
|move|p1a: Great Tusk|Rapid Spin|p2a: Suicune
|-damage|p2a: Suicune|89/100
|-boost|p1a: Great Tusk|spe|1
|-sideend|p1: Tsaun|Stealth Rock|[from] move: Rapid Spin|[of] p1a: Great Tusk
|
|-end|p2a: Suicune|move: Future Sight
|-damage|p2a: Suicune|51/100
|-heal|p2a: Suicune|57/100|[from] item: Leftovers
|upkeep
|turn|5
|
|t:|1759014224
|-end|p1a: Great Tusk|Protosynthesis|[silent]
|switch|p1a: Slowking|Slowking-Galar, M|100/100
|move|p2a: Suicune|Scald|p1a: Slowking
|-damage|p1a: Slowking|79/100
|
|-heal|p2a: Suicune|63/100|[from] item: Leftovers
|upkeep
|turn|6
|
|t:|1759014232
|move|p2a: Suicune|Scald|p1a: Slowking
|-damage|p1a: Slowking|57/100
|move|p1a: Slowking|Sludge Bomb|p2a: Suicune
|-damage|p2a: Suicune|34/100
|
|-heal|p2a: Suicune|40/100|[from] item: Leftovers
|upkeep
|turn|7
|
|t:|1759014238
|move|p2a: Suicune|Scald|p1a: Slowking
|-damage|p1a: Slowking|35/100
|-status|p1a: Slowking|brn
|move|p1a: Slowking|Future Sight|p2a: Suicune
|-start|p1a: Slowking|move: Future Sight
|
|-heal|p2a: Suicune|46/100|[from] item: Leftovers
|-damage|p1a: Slowking|29/100 brn|[from] brn
|upkeep
|turn|8
|
|t:|1759014250
|move|p2a: Suicune|Scald|p1a: Slowking
|-damage|p1a: Slowking|8/100 brn
|-prepare|p1a: Slowking|Chilly Reception|[premajor]
|move|p1a: Slowking|Chilly Reception|p1a: Slowking
|-weather|Snowscape
|
|t:|1759014260
|switch|p1a: Dragapult|Dragapult, F|100/100 par|[from] Chilly Reception
|
|-weather|Snowscape|[upkeep]
|-heal|p2a: Suicune|52/100|[from] item: Leftovers
|upkeep
|turn|9
|
|t:|1759014264
|move|p2a: Suicune|Protect|p2a: Suicune
|-singleturn|p2a: Suicune|Protect
|move|p1a: Dragapult|Dragon Darts|p2a: Suicune
|-activate|p2a: Suicune|move: Protect
|
|-weather|Snowscape|[upkeep]
|-end|p2a: Suicune|move: Future Sight
|-damage|p2a: Suicune|11/100
|-heal|p2a: Suicune|17/100|[from] item: Leftovers
|upkeep
|turn|10
|
|t:|1759014271
|move|p2a: Suicune|Ice Beam|p1a: Dragapult
|-supereffective|p1a: Dragapult
|-damage|p1a: Dragapult|28/100 par
|cant|p1a: Dragapult|par
|
|-weather|Snowscape|[upkeep]
|-heal|p2a: Suicune|23/100|[from] item: Leftovers
|upkeep
|turn|11
|
|t:|1759014278
|move|p2a: Suicune|Ice Beam|p1a: Dragapult
|-supereffective|p1a: Dragapult
|-damage|p1a: Dragapult|0 fnt
|faint|p1a: Dragapult
|
|-weather|Snowscape|[upkeep]
|-heal|p2a: Suicune|29/100|[from] item: Leftovers
|upkeep
|
|t:|1759014281
|switch|p1a: Ogerpon|Ogerpon-Cornerstone, F|100/100
|turn|12
|
|t:|1759014287
|switch|p2a: Landorus|Landorus-Therian, M|84/100
|-ability|p2a: Landorus|Intimidate|boost
|-unboost|p1a: Ogerpon|atk|1
|move|p1a: Ogerpon|Trailblaze|p2a: Landorus
|-damage|p2a: Landorus|65/100
|-boost|p1a: Ogerpon|spe|1
|-damage|p1a: Ogerpon|84/100|[from] item: Rocky Helmet|[of] p2a: Landorus
|
|-weather|none
|upkeep
|turn|13
|
|t:|1759014295
|switch|p1a: Great Tusk|Great Tusk|95/100
|move|p2a: Landorus|Earthquake|p1a: Great Tusk
|-damage|p1a: Great Tusk|72/100
|
|upkeep
|turn|14
|
|t:|1759014299
|move|p2a: Landorus|U-turn|p1a: Great Tusk
|-resisted|p1a: Great Tusk
|-damage|p1a: Great Tusk|66/100
|-damage|p2a: Landorus|49/100|[from] item: Rocky Helmet|[of] p1a: Great Tusk
|
|t:|1759014301
|switch|p2a: Tornadus|Tornadus-Therian, M|100/100|[from] U-turn
|move|p1a: Great Tusk|Stealth Rock|p2a: Tornadus
|-sidestart|p2: popswrong4laughing|move: Stealth Rock
|
|upkeep
|turn|15
|
|t:|1759014308
|-end|p1a: Great Tusk|Protosynthesis|[silent]
|switch|p1a: Slowking|Slowking-Galar, M|41/100 brn
|move|p2a: Tornadus|Bleakwind Storm|p1a: Slowking
|-damage|p1a: Slowking|6/100 brn
|-unboost|p1a: Slowking|spe|1
|-damage|p2a: Tornadus|91/100|[from] item: Life Orb
|
|-damage|p1a: Slowking|0 fnt|[from] brn
|faint|p1a: Slowking
|upkeep
|
|t:|1759014313
|switch|p1a: Ogerpon|Ogerpon-Cornerstone, F|84/100
|turn|16
|
|t:|1759014325
|switch|p2a: Suicune|Suicune|29/100
|-damage|p2a: Suicune|16/100|[from] Stealth Rock
|-ability|p2a: Suicune|Pressure
|move|p1a: Ogerpon|Ivy Cudgel|p2a: Suicune|[anim] Ivy Cudgel Rock
|-damage|p2a: Suicune|0 fnt
|faint|p2a: Suicune
|
|upkeep
|
|t:|1759014337
|switch|p2a: Thundurus|Thundurus, M|75/100
|-damage|p2a: Thundurus|50/100|[from] Stealth Rock
|turn|17
|
|t:|1759014347
|move|p2a: Thundurus|Focus Blast|p1a: Ogerpon
|-supereffective|p1a: Ogerpon
|-damage|p1a: Ogerpon|0 fnt
|faint|p1a: Ogerpon
|
|upkeep
|
|t:|1759014354
|switch|p1a: Iron Valiant|Iron Valiant|100/100
|-enditem|p1a: Iron Valiant|Booster Energy
|-activate|p1a: Iron Valiant|ability: Quark Drive|[fromitem]
|-start|p1a: Iron Valiant|quarkdrivespe
|turn|18
|
|t:|1759014360
|move|p2a: Thundurus|Thunder Wave|p1a: Iron Valiant
|-status|p1a: Iron Valiant|par
|move|p1a: Iron Valiant|Calm Mind|p1a: Iron Valiant
|-boost|p1a: Iron Valiant|spa|1
|-boost|p1a: Iron Valiant|spd|1
|
|upkeep
|turn|19
|
|t:|1759014386
|move|p2a: Thundurus|Thunderbolt|p1a: Iron Valiant
|-damage|p1a: Iron Valiant|45/100 par
|cant|p1a: Iron Valiant|par
|
|upkeep
|turn|20
|
|t:|1759014391
|move|p2a: Thundurus|Thunderbolt|p1a: Iron Valiant
|-damage|p1a: Iron Valiant|0 fnt
|faint|p1a: Iron Valiant
|-end|p1a: Iron Valiant|Quark Drive|[silent]
|
|upkeep
|-message|Tsaun forfeited.
|
|win|popswrong4laughing
|raw|Tsaun's rating: 1481 &rarr; <strong>1461</strong><br />(-20 for losing)
|raw|popswrong4laughing's rating: 1481 &rarr; <strong>1501</strong><br />(+20 for winning)
|l|‽Tsaun
|player|p1|
|l|☆popswrong4laughing
|player|p2|
