|j|☆Gulptubus
|j|☆vghhjg
|t:|1758997049
|gametype|singles
|player|p1|Gulptubus|pokemonranger-gen4|1479
|player|p2|vghhjg|2|1499
|gen|9
|tier|[Gen 9] OU
|rated|
|rule|HP Percentage Mod: HP is shown in percentages
|rule|Endless Battle Clause: Forcing endless battles is banned
|rule|Species Clause: Limit one of each Pokémon
|rule|OHKO Clause: OHKO moves are banned
|rule|Evasion Items Clause: Evasion items are banned
|rule|Evasion Moves Clause: Evasion moves are banned
|rule|Evasion Abilities Clause: Evasion abilities are banned
|rule|Sleep Moves Clause: Sleep-inducing moves are banned
|clearpoke
|poke|p1|Garganacl, M|
|poke|p1|Gliscor, F|
|poke|p1|Heatran, F|
|poke|p1|Sinistcha-Masterpiece|
|poke|p1|Darkrai|
|poke|p1|Slowbro-Galar, M|
|poke|p2|Gholdengo|
|poke|p2|Ribombee, M|
|poke|p2|Dragonite, M|
|poke|p2|Comfey, M|
|poke|p2|Great Tusk|
|poke|p2|Deoxys-Defense|
|teampreview
|
|t:|1758997069
|teamsize|p1|6
|teamsize|p2|6
|start
|switch|p1a: Gliscor|Gliscor, F|100/100
|switch|p2a: Ribombee|Ribombee, M|100/100
|turn|1
|
|t:|1758997081
|move|p1a: Gliscor|Protect|p1a: Gliscor
|-singleturn|p1a: Gliscor|Protect
|move|p2a: Ribombee|Sticky Web|p1a: Gliscor
|-sidestart|p1: Gulptubus|move: Sticky Web
|
|-status|p1a: Gliscor|tox|[from] item: Toxic Orb
|upkeep
|turn|2
|
|t:|1758997084
|move|p2a: Ribombee|Psychic Noise|p1a: Gliscor
|-damage|p1a: Gliscor|83/100 tox
|-start|p1a: Gliscor|move: Heal Block
|move|p1a: Gliscor|Spikes|p2a: Ribombee
|-sidestart|p2: vghhjg|Spikes
|
|upkeep
|turn|3
|
|t:|1758997088
|move|p2a: Ribombee|Psychic Noise|p1a: Gliscor
|-damage|p1a: Gliscor|64/100 tox
|move|p1a: Gliscor|Spikes|p2a: Ribombee
|-sidestart|p2: vghhjg|Spikes
|
|-end|p1a: Gliscor|move: Heal Block
|upkeep
|turn|4
|
|t:|1758997091
|move|p2a: Ribombee|Psychic Noise|p1a: Gliscor
|-damage|p1a: Gliscor|47/100 tox
|-start|p1a: Gliscor|move: Heal Block
|move|p1a: Gliscor|Spikes|p2a: Ribombee
|-sidestart|p2: vghhjg|Spikes
|
|upkeep
|turn|5
|
|t:|1758997098
|move|p2a: Ribombee|Psychic Noise|p1a: Gliscor
|-damage|p1a: Gliscor|29/100 tox
|move|p1a: Gliscor|U-turn|p2a: Ribombee
|-resisted|p2a: Ribombee
|-damage|p2a: Ribombee|86/100
|
|t:|1758997114
|switch|p1a: Slowbro|Slowbro-Galar, M|100/100|[from] U-turn
|-activate|p1a: Slowbro|move: Sticky Web
|-unboost|p1a: Slowbro|spe|1
|
|upkeep
|turn|6
|
|t:|1758997116
|move|p2a: Ribombee|Stun Spore|p1a: Slowbro
|-status|p1a: Slowbro|par
|move|p1a: Slowbro|Shell Side Arm|p2a: Ribombee|[anim] Shell Side Arm Physical
|-supereffective|p2a: Ribombee
|-damage|p2a: Ribombee|0 fnt
|-hint|Physical Shell Side Arm
|faint|p2a: Ribombee
|
|upkeep
|
|t:|1758997122
|switch|p2a: Great Tusk|Great Tusk|100/100
|-damage|p2a: Great Tusk|76/100|[from] Spikes
|turn|7
|
|t:|1758997127
|switch|p1a: Sinistcha|Sinistcha-Masterpiece, shiny|100/100
|move|p2a: Great Tusk|Stealth Rock|p1a: Sinistcha
|-sidestart|p1: Gulptubus|move: Stealth Rock
|
|-heal|p2a: Great Tusk|82/100|[from] item: Leftovers
|upkeep
|turn|8
|
|t:|1758997133
|move|p2a: Great Tusk|Knock Off|p1a: Sinistcha
|-supereffective|p1a: Sinistcha
|-damage|p1a: Sinistcha|50/100
|-enditem|p1a: Sinistcha|Heavy-Duty Boots|[from] move: Knock Off|[of] p2a: Great Tusk
|move|p1a: Sinistcha|Matcha Gotcha|p2a: Great Tusk
|-supereffective|p2a: Great Tusk
|-damage|p2a: Great Tusk|0 fnt
|-heal|p1a: Sinistcha|93/100|[from] drain|[of] p2a: Great Tusk
|faint|p2a: Great Tusk
|-end|p2a: Great Tusk|Protosynthesis|[silent]
|
|upkeep
|
|t:|1758997143
|switch|p2a: Dragonite|Dragonite, M|100/100
|turn|9
|
|t:|1758997148
|move|p2a: Dragonite|Encore|p1a: Sinistcha
|-start|p1a: Sinistcha|Encore
|move|p1a: Sinistcha|Matcha Gotcha|p2a: Dragonite
|-resisted|p2a: Dragonite
|-damage|p2a: Dragonite|96/100
|-heal|p1a: Sinistcha|96/100|[from] drain|[of] p2a: Dragonite
|
|upkeep
|turn|10
|
|t:|1758997166
|-terastallize|p2a: Dragonite|Flying
|move|p2a: Dragonite|Tera Blast|p1a: Sinistcha|[anim] Tera Blast Flying
|-supereffective|p1a: Sinistcha
|-damage|p1a: Sinistcha|8/100
|move|p1a: Sinistcha|Matcha Gotcha|p2a: Dragonite
|-resisted|p2a: Dragonite
|-damage|p2a: Dragonite|80/100
|-heal|p1a: Sinistcha|15/100|[from] drain|[of] p2a: Dragonite
|-status|p2a: Dragonite|brn
|
|-damage|p2a: Dragonite|74/100 brn|[from] brn
|upkeep
|turn|11
|
|t:|1758997174
|move|p2a: Dragonite|Dragon Dance|p2a: Dragonite
|-boost|p2a: Dragonite|atk|1
|-boost|p2a: Dragonite|spe|1
|move|p1a: Sinistcha|Matcha Gotcha|p2a: Dragonite|[miss]
|-miss|p1a: Sinistcha|p2a: Dragonite
|
|-damage|p2a: Dragonite|67/100 brn|[from] brn
|-end|p1a: Sinistcha|Encore
|upkeep
|turn|12
|
|t:|1758997179
|move|p2a: Dragonite|Tera Blast|p1a: Sinistcha|[anim] Tera Blast Flying
|-supereffective|p1a: Sinistcha
|-damage|p1a: Sinistcha|0 fnt
|faint|p1a: Sinistcha
|
|-damage|p2a: Dragonite|61/100 brn|[from] brn
|upkeep
|
|t:|1758997183
|switch|p1a: Slowbro|Slowbro-Galar, M|100/100 par
|-activate|p1a: Slowbro|move: Sticky Web
|-unboost|p1a: Slowbro|spe|1
|-damage|p1a: Slowbro|88/100 par|[from] Stealth Rock
|turn|13
|-activate|p1a: Slowbro|ability: Quick Draw
|
|t:|1758997189
|move|p1a: Slowbro|Zen Headbutt|p2a: Dragonite
|-damage|p2a: Dragonite|0 fnt
|faint|p2a: Dragonite
|
|upkeep
|inactive|Battle timer is ON: inactive players will automatically lose when time's up. (requested by Gulptubus)
|
|t:|1758997218
|switch|p2a: Gholdengo|Gholdengo|100/100
|-item|p2a: Gholdengo|Air Balloon
|turn|14
|
|t:|1758997226
|switch|p1a: Heatran|Heatran, F|100/100
|-activate|p1a: Heatran|move: Sticky Web
|-unboost|p1a: Heatran|spe|1
|-damage|p1a: Heatran|88/100|[from] Stealth Rock
|move|p2a: Gholdengo|Nasty Plot|p2a: Gholdengo
|-boost|p2a: Gholdengo|spa|2
|
|-heal|p1a: Heatran|94/100|[from] item: Leftovers
|upkeep
|turn|15
|
|t:|1758997230
|switch|p2a: Deoxys|Deoxys-Defense|100/100
|-damage|p2a: Deoxys|76/100|[from] Spikes
|-ability|p2a: Deoxys|Pressure
|move|p1a: Heatran|Magma Storm|p2a: Deoxys
|-damage|p2a: Deoxys|38/100
|-activate|p2a: Deoxys|move: Magma Storm|[of] p1a: Heatran
|
|-heal|p1a: Heatran|100/100|[from] item: Leftovers
|-damage|p2a: Deoxys|25/100|[from] move: Magma Storm|[partiallytrapped]
|upkeep
|turn|16
|
|t:|1758997237
|move|p1a: Heatran|Protect|p1a: Heatran
|-singleturn|p1a: Heatran|Protect
|move|p2a: Deoxys|Recover|p2a: Deoxys
|-heal|p2a: Deoxys|76/100
|
|-damage|p2a: Deoxys|63/100|[from] move: Magma Storm|[partiallytrapped]
|upkeep
|turn|17
|
|t:|1758997242
|move|p2a: Deoxys|Cosmic Power|p2a: Deoxys
|-boost|p2a: Deoxys|def|1
|-boost|p2a: Deoxys|spd|1
|move|p1a: Heatran|Magma Storm|p2a: Deoxys
|-damage|p2a: Deoxys|34/100
|
|-damage|p2a: Deoxys|22/100|[from] move: Magma Storm|[partiallytrapped]
|upkeep
|turn|18
|
|t:|1758997246
|move|p2a: Deoxys|Recover|p2a: Deoxys
|-heal|p2a: Deoxys|72/100
|move|p1a: Heatran|Will-O-Wisp|p2a: Deoxys
|-status|p2a: Deoxys|brn
|
|-damage|p2a: Deoxys|66/100 brn|[from] brn
|-damage|p2a: Deoxys|53/100 brn|[from] move: Magma Storm|[partiallytrapped]
|upkeep
|turn|19
|
|t:|1758997253
|move|p2a: Deoxys|Recover|p2a: Deoxys
|-heal|p2a: Deoxys|100/100 brn
|move|p1a: Heatran|Magma Storm|p2a: Deoxys
|-damage|p2a: Deoxys|72/100 brn
|
|-damage|p2a: Deoxys|66/100 brn|[from] brn
|-end|p2a: Deoxys|Magma Storm|[partiallytrapped]
|upkeep
|turn|20
|
|t:|1758997265
|switch|p1a: Salty Snack|Garganacl, M|100/100
|-activate|p1a: Salty Snack|move: Sticky Web
|-unboost|p1a: Salty Snack|spe|1
|-damage|p1a: Salty Snack|88/100|[from] Stealth Rock
|move|p2a: Deoxys|Recover|p2a: Deoxys
|-heal|p2a: Deoxys|100/100 brn
|
|-heal|p1a: Salty Snack|94/100|[from] item: Leftovers
|-damage|p2a: Deoxys|94/100 brn|[from] brn
|upkeep
|turn|21
|
|t:|1758997273
|move|p2a: Deoxys|Cosmic Power|p2a: Deoxys
|-boost|p2a: Deoxys|def|1
|-boost|p2a: Deoxys|spd|1
|move|p1a: Salty Snack|Salt Cure|p2a: Deoxys
|-damage|p2a: Deoxys|88/100 brn
|-start|p2a: Deoxys|Salt Cure
|
|-heal|p1a: Salty Snack|100/100|[from] item: Leftovers
|-damage|p2a: Deoxys|81/100 brn|[from] brn
|-damage|p2a: Deoxys|69/100 brn|[from] Salt Cure
|upkeep
|turn|22
|
|t:|1758997276
|move|p2a: Deoxys|Taunt|p1a: Salty Snack
|-start|p1a: Salty Snack|move: Taunt
|cant|p1a: Salty Snack|move: Taunt|Stealth Rock
|
|-damage|p2a: Deoxys|63/100 brn|[from] brn
|-damage|p2a: Deoxys|50/100 brn|[from] Salt Cure
|upkeep
|turn|23
|
|t:|1758997288
|switch|p1a: Gliscor|Gliscor, F|29/100 tox
|-damage|p1a: Gliscor|16/100 tox|[from] Stealth Rock
|move|p2a: Deoxys|Recover|p2a: Deoxys
|-heal|p2a: Deoxys|100/100 brn
|
|-heal|p1a: Gliscor|29/100 tox|[from] ability: Poison Heal
|-damage|p2a: Deoxys|94/100 brn|[from] brn
|-damage|p2a: Deoxys|82/100 brn|[from] Salt Cure
|upkeep
|turn|24
|
|t:|1758997310
|switch|p2a: Comfey|Comfey, M|100/100
|-damage|p2a: Comfey|76/100|[from] Spikes
|move|p1a: Gliscor|Knock Off|p2a: Comfey
|-resisted|p2a: Comfey
|-crit|p2a: Comfey
|-damage|p2a: Comfey|55/100
|-enditem|p2a: Comfey|Life Orb|[from] move: Knock Off|[of] p1a: Gliscor
|
|-heal|p1a: Gliscor|41/100 tox|[from] ability: Poison Heal
|upkeep
|turn|25
|
|t:|1758997321
|move|p2a: Comfey|Calm Mind|p2a: Comfey
|-boost|p2a: Comfey|spa|1
|-boost|p2a: Comfey|spd|1
|move|p1a: Gliscor|U-turn|p2a: Comfey
|-resisted|p2a: Comfey
|-damage|p2a: Comfey|46/100
|
|t:|1758997326
|switch|p1a: Slowbro|Slowbro-Galar, M|88/100 par|[from] U-turn
|-activate|p1a: Slowbro|move: Sticky Web
|-unboost|p1a: Slowbro|spe|1
|-damage|p1a: Slowbro|76/100 par|[from] Stealth Rock
|
|upkeep
|turn|26
|
|t:|1758997339
|move|p2a: Comfey|Calm Mind|p2a: Comfey
|-boost|p2a: Comfey|spa|1
|-boost|p2a: Comfey|spd|1
|cant|p1a: Slowbro|par
|
|upkeep
|turn|27
|
|t:|1758997344
|move|p2a: Comfey|Tera Blast|p1a: Slowbro
|-damage|p1a: Slowbro|21/100 par
|cant|p1a: Slowbro|par
|
|upkeep
|turn|28
|-activate|p1a: Slowbro|ability: Quick Draw
|
|t:|1758997352
|move|p1a: Slowbro|Zen Headbutt|p2a: Comfey
|-damage|p2a: Comfey|0 fnt
|faint|p2a: Comfey
|
|upkeep
|
|t:|1758997362
|switch|p2a: Gholdengo|Gholdengo|100/100
|-item|p2a: Gholdengo|Air Balloon
|turn|29
|
|t:|1758997366
|move|p2a: Gholdengo|Nasty Plot|p2a: Gholdengo
|-boost|p2a: Gholdengo|spa|2
|move|p1a: Slowbro|Zen Headbutt|p2a: Gholdengo
|-resisted|p2a: Gholdengo
|-damage|p2a: Gholdengo|68/100
|-enditem|p2a: Gholdengo|Air Balloon
|
|upkeep
|turn|30
|
|t:|1758997379
|move|p2a: Gholdengo|Nasty Plot|p2a: Gholdengo
|-boost|p2a: Gholdengo|spa|2
|move|p1a: Slowbro|Zen Headbutt|p2a: Gholdengo
|-resisted|p2a: Gholdengo
|-damage|p2a: Gholdengo|36/100
|
|upkeep
|turn|31
|
|t:|1758997390
|move|p2a: Gholdengo|Nasty Plot|p2a: Gholdengo
|-boost|p2a: Gholdengo|spa|2
|move|p1a: Slowbro|Zen Headbutt|p2a: Gholdengo
|-resisted|p2a: Gholdengo
|-damage|p2a: Gholdengo|3/100
|
|upkeep
|turn|32
|
|t:|1758997395
|move|p2a: Gholdengo|Shadow Ball|p1a: Slowbro
|-supereffective|p1a: Slowbro
|-damage|p1a: Slowbro|0 fnt
|faint|p1a: Slowbro
|
|upkeep
|
|t:|1758997401
|switch|p1a: Darkrai|Darkrai|100/100
|turn|33
|-message|vghhjg forfeited.
|
|win|Gulptubus
|raw|Gulptubus's rating: 1479 &rarr; <strong>1500</strong><br />(+21 for winning)
|raw|vghhjg's rating: 1499 &rarr; <strong>1478</strong><br />(-21 for losing)
|l|☆vghhjg
|player|p2|
