|j|☆xiehaoang
|j|☆axunyu
|t:|1758979199
|gametype|singles
|player|p1|xiehaoang|skier|1138
|player|p2|axunyu|benga|1199
|gen|9
|tier|[Gen 9] OU
|rated|
|rule|HP Percentage Mod: HP is shown in percentages
|rule|Endless Battle Clause: Forcing endless battles is banned
|rule|Species Clause: Limit one of each Pokémon
|rule|OHKO Clause: OHKO moves are banned
|rule|Evasion Items Clause: Evasion items are banned
|rule|Evasion Moves Clause: Evasion moves are banned
|rule|Evasion Abilities Clause: Evasion abilities are banned
|rule|Sleep Moves Clause: Sleep-inducing moves are banned
|clearpoke
|poke|p1|Tyranitar, F|
|poke|p1|Excadrill, M|
|poke|p1|Zapdos|
|poke|p1|Gholdengo|
|poke|p1|Ogerpon-Wellspring, F|
|poke|p1|Kingambit, F|
|poke|p2|Hatterene, F|
|poke|p2|Cresselia, F|
|poke|p2|Torkoal, F|
|poke|p2|Glastrier|
|poke|p2|Azelf|
|poke|p2|Golurk|
|teampreview
|inactive|Battle timer is ON: inactive players will automatically lose when time's up. (requested by axunyu)
|
|t:|1758979212
|teamsize|p1|6
|teamsize|p2|6
|start
|switch|p1a: Tyranitar|Tyranitar, F|100/100
|switch|p2a: Hatterene|Hatterene, F|100/100
|-weather|Sandstorm|[from] ability: Sand Stream|[of] p1a: Tyranitar
|turn|1
|
|t:|1758979215
|-terastallize|p1a: Tyranitar|Rock
|move|p1a: Tyranitar|Stone Edge|p2a: Hatterene
|-enditem|p2a: Hatterene|Focus Sash
|-damage|p2a: Hatterene|1/100
|move|p2a: Hatterene|Trick Room|p2a: Hatterene
|-fieldstart|move: Trick Room|[of] p2a: Hatterene
|
|-weather|Sandstorm|[upkeep]
|-damage|p2a: Hatterene|0 fnt|[from] Sandstorm
|faint|p2a: Hatterene
|upkeep
|
|t:|1758979220
|switch|p2a: Golurk|Golurk|100/100
|turn|2
|
|t:|1758979227
|switch|p1a: Kingambit|Kingambit, F|100/100
|move|p2a: Golurk|Dynamic Punch|p1a: Kingambit
|-supereffective|p1a: Kingambit
|-damage|p1a: Kingambit|0 fnt
|faint|p1a: Kingambit
|-end|p1a: Kingambit|fallenundefined|[silent]
|-damage|p2a: Golurk|91/100|[from] item: Life Orb
|
|-weather|Sandstorm|[upkeep]
|upkeep
|
|t:|1758979230
|switch|p1a: Gholdengo|Gholdengo|100/100
|turn|3
|
|t:|1758979233
|move|p2a: Golurk|Poltergeist|p1a: Gholdengo
|-activate|p1a: Gholdengo|move: Poltergeist|Choice Specs
|-supereffective|p1a: Gholdengo
|-damage|p1a: Gholdengo|0 fnt
|faint|p1a: Gholdengo
|-damage|p2a: Golurk|81/100|[from] item: Life Orb
|
|-weather|Sandstorm|[upkeep]
|upkeep
|
|t:|1758979240
|switch|p1a: Tyranitar|Tyranitar, F, tera:Rock|100/100
|turn|4
|
|t:|1758979242
|move|p2a: Golurk|Dynamic Punch|p1a: Tyranitar
|-supereffective|p1a: Tyranitar
|-damage|p1a: Tyranitar|9/100
|-start|p1a: Tyranitar|confusion
|-damage|p2a: Golurk|71/100|[from] item: Life Orb
|-activate|p1a: Tyranitar|confusion
|move|p1a: Tyranitar|Knock Off|p2a: Golurk
|-supereffective|p2a: Golurk
|-damage|p2a: Golurk|0 fnt
|-enditem|p2a: Golurk|Life Orb|[from] move: Knock Off|[of] p1a: Tyranitar
|faint|p2a: Golurk
|
|-weather|Sandstorm|[upkeep]
|upkeep
|
|t:|1758979248
|switch|p2a: Glastrier|Glastrier|100/100
|turn|5
|
|t:|1758979253
|switch|p1a: Ogerpon|Ogerpon-Wellspring, F|100/100
|move|p2a: Glastrier|Icicle Crash|p1a: Ogerpon
|-damage|p1a: Ogerpon|4/100
|-damage|p2a: Glastrier|91/100|[from] item: Life Orb
|
|-weather|none
|-fieldend|move: Trick Room
|upkeep
|turn|6
|
|t:|1758979259
|move|p1a: Ogerpon|Ivy Cudgel|p2a: Glastrier|[anim] Ivy Cudgel Water
|-damage|p2a: Glastrier|53/100
|move|p2a: Glastrier|Icicle Crash|p1a: Ogerpon
|-damage|p1a: Ogerpon|0 fnt
|faint|p1a: Ogerpon
|-ability|p2a: Glastrier|Chilling Neigh|boost
|-boost|p2a: Glastrier|atk|1
|-damage|p2a: Glastrier|43/100|[from] item: Life Orb
|
|upkeep
|
|t:|1758979265
|switch|p1a: Tyranitar|Tyranitar, F, tera:Rock|9/100
|-weather|Sandstorm|[from] ability: Sand Stream|[of] p1a: Tyranitar
|turn|7
|
|t:|1758979270
|switch|p2a: Azelf|Azelf|100/100
|move|p1a: Tyranitar|Stone Edge|p2a: Azelf
|-enditem|p2a: Azelf|Focus Sash
|-damage|p2a: Azelf|1/100
|
|-weather|Sandstorm|[upkeep]
|-damage|p2a: Azelf|0 fnt|[from] Sandstorm
|faint|p2a: Azelf
|upkeep
|
|t:|1758979274
|switch|p2a: Glastrier|Glastrier|43/100
|turn|8
|
|t:|1758979278
|move|p1a: Tyranitar|Stone Edge|p2a: Glastrier
|-supereffective|p2a: Glastrier
|-damage|p2a: Glastrier|0 fnt
|faint|p2a: Glastrier
|
|-weather|Sandstorm|[upkeep]
|upkeep
|
|t:|1758979281
|switch|p2a: Cresselia|Cresselia, F|100/100
|turn|9
|
|t:|1758979285
|move|p1a: Tyranitar|Stone Edge|p2a: Cresselia|[miss]
|-miss|p1a: Tyranitar|p2a: Cresselia
|move|p2a: Cresselia|Trick Room|p2a: Cresselia
|-fieldstart|move: Trick Room|[of] p2a: Cresselia
|
|-weather|Sandstorm|[upkeep]
|-damage|p2a: Cresselia|94/100|[from] Sandstorm
|upkeep
|turn|10
|
|t:|1758979288
|move|p2a: Cresselia|Ice Beam|p1a: Tyranitar
|-damage|p1a: Tyranitar|0 fnt
|faint|p1a: Tyranitar
|
|-weather|Sandstorm|[upkeep]
|-damage|p2a: Cresselia|88/100|[from] Sandstorm
|upkeep
|
|t:|1758979290
|switch|p1a: Excadrill|Excadrill, M, shiny|100/100
|-item|p1a: Excadrill|Air Balloon
|turn|11
|
|t:|1758979296
|move|p2a: Cresselia|Lunar Dance|p2a: Cresselia
|faint|p2a: Cresselia
|move|p1a: Excadrill|Swords Dance|p1a: Excadrill
|-boost|p1a: Excadrill|atk|2
|
|-weather|none
|upkeep
|
|t:|1758979298
|switch|p2a: Torkoal|Torkoal, F, shiny|100/100
|-weather|SunnyDay|[from] ability: Drought|[of] p2a: Torkoal
|turn|12
|
|t:|1758979300
|-terastallize|p2a: Torkoal|Fire
|move|p2a: Torkoal|Eruption|p1a: Excadrill
|-supereffective|p1a: Excadrill
|-damage|p1a: Excadrill|0 fnt
|-enditem|p1a: Excadrill|Air Balloon
|faint|p1a: Excadrill
|
|-weather|SunnyDay|[upkeep]
|upkeep
|
|t:|1758979302
|switch|p1a: Zapdos|Zapdos|100/100
|turn|13
|
|t:|1758979304
|move|p2a: Torkoal|Eruption|p1a: Zapdos
|-damage|p1a: Zapdos|0 fnt
|faint|p1a: Zapdos
|
|win|axunyu
|raw|xiehaoang's rating: 1138 &rarr; <strong>1117</strong><br />(-21 for losing)
|raw|axunyu's rating: 1199 &rarr; <strong>1220</strong><br />(+21 for winning)
|l|☆xiehaoang
|player|p1|
|l|☆axunyu
|player|p2|
