|j|☆Agent Killua
|j|☆Blaziken666
|t:|1758916911
|gametype|singles
|player|p1|Agent Killua|miku-ground|1737
|player|p2|Blaziken666|2|1623
|gen|9
|tier|[Gen 9] OU
|rated|
|rule|HP Percentage Mod: HP is shown in percentages
|rule|Endless Battle Clause: Forcing endless battles is banned
|rule|Species Clause: Limit one of each Pokémon
|rule|OHKO Clause: OHKO moves are banned
|rule|Evasion Items Clause: Evasion items are banned
|rule|Evasion Moves Clause: Evasion moves are banned
|rule|Evasion Abilities Clause: Evasion abilities are banned
|rule|Sleep Moves Clause: Sleep-inducing moves are banned
|clearpoke
|poke|p1|Comfey, M|
|poke|p1|Glimmora, F|
|poke|p1|Dragapult, M|
|poke|p1|Kingambit, M|
|poke|p1|Ogerpon-Wellspring, F|
|poke|p1|Cinderace, M|
|poke|p2|Blaziken, M|
|poke|p2|Noivern, M|
|poke|p2|Zamazenta-*|
|poke|p2|Ceruledge, F|
|poke|p2|Iron Valiant|
|poke|p2|Dragonite, F|
|teampreview
|inactive|Battle timer is ON: inactive players will automatically lose when time's up. (requested by Blaziken666)
|inactive|Agent Killua has 120 seconds left.
|
|t:|1758916959
|teamsize|p1|6
|teamsize|p2|6
|start
|switch|p1a: Glimmora|Glimmora, F|100/100
|switch|p2a: Zamazenta|Zamazenta|100/100
|-ability|p2a: Zamazenta|Dauntless Shield|boost
|-boost|p2a: Zamazenta|def|1
|turn|1
|
|t:|1758916964
|move|p2a: Zamazenta|Light Screen|p2a: Zamazenta
|-sidestart|p2: Blaziken666|move: Light Screen
|move|p1a: Glimmora|Stealth Rock|p2a: Zamazenta
|-sidestart|p2: Blaziken666|move: Stealth Rock
|
|upkeep
|turn|2
|
|t:|1758916967
|move|p2a: Zamazenta|Psychic Fangs|p1a: Glimmora
|-supereffective|p1a: Glimmora
|-damage|p1a: Glimmora|48/100
|-activate|p1a: Glimmora|ability: Toxic Debris
|-sidestart|p2: Blaziken666|move: Toxic Spikes
|-enditem|p1a: Glimmora|Red Card|[of] p2a: Zamazenta
|drag|p2a: Noivern|Noivern, M|100/100
|-damage|p2a: Noivern|76/100|[from] Stealth Rock
|move|p1a: Glimmora|Mortal Spin|p2a: Noivern
|-damage|p2a: Noivern|69/100
|-status|p2a: Noivern|psn
|
|-damage|p2a: Noivern|56/100 psn|[from] psn
|upkeep
|turn|3
|
|t:|1758916981
|move|p2a: Noivern|Defog|p1a: Glimmora
|-unboost|p1a: Glimmora|evasion|1
|-sideend|p2: Blaziken666|Toxic Spikes|[from] move: Defog|[of] p2a: Noivern
|-sideend|p2: Blaziken666|Stealth Rock|[from] move: Defog|[of] p2a: Noivern
|move|p1a: Glimmora|Mortal Spin|p2a: Noivern
|-damage|p2a: Noivern|49/100 psn
|
|-damage|p2a: Noivern|37/100 psn|[from] psn
|upkeep
|turn|4
|
|t:|1758917003
|switch|p2a: Iron Valiant|Iron Valiant|100/100
|-enditem|p2a: Iron Valiant|Booster Energy
|-activate|p2a: Iron Valiant|ability: Quark Drive|[fromitem]
|-start|p2a: Iron Valiant|quarkdrivespe
|move|p1a: Glimmora|Stealth Rock|p2a: Iron Valiant
|-sidestart|p2: Blaziken666|move: Stealth Rock
|
|upkeep
|turn|5
|
|t:|1758917010
|switch|p1a: Cinderace|Cinderace, M|100/100
|move|p2a: Iron Valiant|Swords Dance|p2a: Iron Valiant
|-boost|p2a: Iron Valiant|atk|2
|
|upkeep
|turn|6
|
|t:|1758917014
|move|p2a: Iron Valiant|Close Combat|p1a: Cinderace
|-damage|p1a: Cinderace|0 fnt
|-unboost|p2a: Iron Valiant|def|1
|-unboost|p2a: Iron Valiant|spd|1
|faint|p1a: Cinderace
|
|upkeep
|
|t:|1758917025
|switch|p1a: Wakiki|Comfey, M, shiny|100/100
|turn|7
|
|t:|1758917033
|switch|p1a: Glimmora|Glimmora, F|48/100
|move|p2a: Iron Valiant|Destiny Bond|p2a: Iron Valiant
|-singlemove|p2a: Iron Valiant|Destiny Bond
|
|upkeep
|turn|8
|
|t:|1758917038
|move|p2a: Iron Valiant|Close Combat|p1a: Glimmora
|-damage|p1a: Glimmora|0 fnt
|-unboost|p2a: Iron Valiant|def|1
|-unboost|p2a: Iron Valiant|spd|1
|-activate|p1a: Glimmora|ability: Toxic Debris
|-sidestart|p2: Blaziken666|move: Toxic Spikes
|faint|p1a: Glimmora
|
|-sideend|p2: Blaziken666|move: Light Screen
|upkeep
|
|t:|1758917040
|switch|p1a: Wakiki|Comfey, M, shiny|100/100
|turn|9
|
|t:|1758917043
|move|p2a: Iron Valiant|Destiny Bond|p2a: Iron Valiant
|-singlemove|p2a: Iron Valiant|Destiny Bond
|move|p1a: Wakiki|Calm Mind|p1a: Wakiki
|-boost|p1a: Wakiki|spa|1
|-boost|p1a: Wakiki|spd|1
|
|upkeep
|turn|10
|
|t:|1758917049
|move|p2a: Iron Valiant|Encore|p1a: Wakiki
|-start|p1a: Wakiki|Encore
|move|p1a: Wakiki|Calm Mind|p1a: Wakiki
|-boost|p1a: Wakiki|spa|1
|-boost|p1a: Wakiki|spd|1
|
|upkeep
|turn|11
|
|t:|1758917051
|move|p2a: Iron Valiant|Close Combat|p1a: Wakiki
|-resisted|p1a: Wakiki
|-damage|p1a: Wakiki|22/100
|-unboost|p2a: Iron Valiant|def|1
|-unboost|p2a: Iron Valiant|spd|1
|move|p1a: Wakiki|Calm Mind|p1a: Wakiki
|-boost|p1a: Wakiki|spa|1
|-boost|p1a: Wakiki|spd|1
|
|upkeep
|turn|12
|
|t:|1758917055
|switch|p1a: Dragapult|Dragapult, M|100/100
|move|p2a: Iron Valiant|Close Combat|p1a: Dragapult
|-immune|p1a: Dragapult
|
|upkeep
|turn|13
|
|t:|1758917066
|move|p2a: Iron Valiant|Destiny Bond|p2a: Iron Valiant
|-singlemove|p2a: Iron Valiant|Destiny Bond
|move|p1a: Dragapult|Shadow Ball|p2a: Iron Valiant
|-damage|p2a: Iron Valiant|0 fnt
|faint|p2a: Iron Valiant
|-activate|p2a: Iron Valiant|move: Destiny Bond
|-end|p2a: Iron Valiant|Quark Drive|[silent]
|faint|p1a: Dragapult
|
|upkeep
|
|t:|1758917088
|switch|p1a: Ogerpon|Ogerpon-Wellspring, F|100/100
|switch|p2a: Zamazenta|Zamazenta|100/100
|-damage|p2a: Zamazenta|94/100|[from] Stealth Rock
|-status|p2a: Zamazenta|psn
|turn|14
|
|t:|1758917097
|move|p1a: Ogerpon|Spikes|p2a: Zamazenta
|-sidestart|p2: Blaziken666|Spikes
|move|p2a: Zamazenta|Reflect|p2a: Zamazenta
|-sidestart|p2: Blaziken666|Reflect
|
|-damage|p2a: Zamazenta|82/100 psn|[from] psn
|upkeep
|turn|15
|
|t:|1758917107
|switch|p2a: Ceruledge|Ceruledge, F|100/100
|-damage|p2a: Ceruledge|76/100|[from] Stealth Rock
|-status|p2a: Ceruledge|psn
|-damage|p2a: Ceruledge|63/100 psn|[from] Spikes
|move|p1a: Ogerpon|Spikes|p2a: Ceruledge
|-sidestart|p2: Blaziken666|Spikes
|
|-damage|p2a: Ceruledge|51/100 psn|[from] psn
|upkeep
|turn|16
|
|t:|1758917120
|move|p1a: Ogerpon|Ivy Cudgel|p2a: Ceruledge|[anim] Ivy Cudgel Water
|-supereffective|p2a: Ceruledge
|-crit|p2a: Ceruledge
|-damage|p2a: Ceruledge|0 fnt
|faint|p2a: Ceruledge
|
|upkeep
|
|t:|1758917125
|switch|p2a: Noivern|Noivern, M|37/100 psn
|-damage|p2a: Noivern|12/100 psn|[from] Stealth Rock
|turn|17
|
|t:|1758917132
|move|p2a: Noivern|Defog|p1a: Ogerpon
|-unboost|p1a: Ogerpon|evasion|1
|-sideend|p2: Blaziken666|Spikes|[from] move: Defog|[of] p2a: Noivern
|-sideend|p2: Blaziken666|Toxic Spikes|[from] move: Defog|[of] p2a: Noivern
|-sideend|p2: Blaziken666|Stealth Rock|[from] move: Defog|[of] p2a: Noivern
|move|p1a: Ogerpon|Spikes|p2a: Noivern
|-sidestart|p2: Blaziken666|Spikes
|
|-damage|p2a: Noivern|0 fnt|[from] psn
|faint|p2a: Noivern
|upkeep
|
|t:|1758917146
|switch|p2a: Dragonite|Dragonite, F|100/100
|turn|18
|
|t:|1758917150
|move|p1a: Ogerpon|U-turn|p2a: Dragonite
|-resisted|p2a: Dragonite
|-damage|p2a: Dragonite|97/100
|
|t:|1758917152
|switch|p1a: Wakiki|Comfey, M, shiny|22/100|[from] U-turn
|move|p2a: Dragonite|Dragon Dance|p2a: Dragonite
|-boost|p2a: Dragonite|atk|1
|-boost|p2a: Dragonite|spe|1
|
|-heal|p2a: Dragonite|100/100|[from] item: Leftovers
|upkeep
|turn|19
|
|t:|1758917167
|-terastallize|p2a: Dragonite|Flying
|move|p1a: Wakiki|Draining Kiss|p2a: Dragonite
|-damage|p2a: Dragonite|86/100
|-heal|p1a: Wakiki|34/100|[from] drain|[of] p2a: Dragonite
|-damage|p1a: Wakiki|24/100|[from] item: Life Orb
|move|p2a: Dragonite|Dragon Dance|p2a: Dragonite
|-boost|p2a: Dragonite|atk|1
|-boost|p2a: Dragonite|spe|1
|
|-heal|p2a: Dragonite|92/100|[from] item: Leftovers
|upkeep
|turn|20
|
|t:|1758917172
|move|p1a: Wakiki|Draining Kiss|p2a: Dragonite
|-damage|p2a: Dragonite|64/100
|-heal|p1a: Wakiki|46/100|[from] drain|[of] p2a: Dragonite
|-damage|p1a: Wakiki|36/100|[from] item: Life Orb
|move|p2a: Dragonite|Tera Blast|p1a: Wakiki|[anim] Tera Blast Flying
|-damage|p1a: Wakiki|0 fnt
|faint|p1a: Wakiki
|
|-heal|p2a: Dragonite|70/100|[from] item: Leftovers
|upkeep
|
|t:|1758917175
|switch|p1a: Kingambit|Kingambit, M|100/100
|-activate|p1a: Kingambit|ability: Supreme Overlord
|-start|p1a: Kingambit|fallen4|[silent]
|turn|21
|
|t:|1758917185
|-terastallize|p1a: Kingambit|Ghost
|move|p2a: Dragonite|Earthquake|p1a: Kingambit
|-damage|p1a: Kingambit|36/100
|move|p1a: Kingambit|Kowtow Cleave|p2a: Dragonite
|-damage|p2a: Dragonite|35/100
|
|-heal|p2a: Dragonite|41/100|[from] item: Leftovers
|-heal|p1a: Kingambit|42/100|[from] item: Leftovers
|-sideend|p2: Blaziken666|Reflect
|upkeep
|turn|22
|
|t:|1758917189
|move|p1a: Kingambit|Sucker Punch|p2a: Dragonite
|-damage|p2a: Dragonite|0 fnt
|faint|p2a: Dragonite
|
|-heal|p1a: Kingambit|48/100|[from] item: Leftovers
|upkeep
|
|t:|1758917198
|switch|p2a: Zamazenta|Zamazenta|82/100 psn
|-damage|p2a: Zamazenta|70/100 psn|[from] Spikes
|turn|23
|
|t:|1758917213
|-end|p1a: Kingambit|fallen4|[silent]
|switch|p1a: Ogerpon|Ogerpon-Wellspring, F|100/100
|move|p2a: Zamazenta|Reflect|p2a: Zamazenta
|-sidestart|p2: Blaziken666|Reflect
|
|-damage|p2a: Zamazenta|57/100 psn|[from] psn
|upkeep
|turn|24
|
|t:|1758917216
|move|p1a: Ogerpon|Ivy Cudgel|p2a: Zamazenta|[anim] Ivy Cudgel Water
|-damage|p2a: Zamazenta|36/100 psn
|move|p2a: Zamazenta|Roar|p1a: Ogerpon
|drag|p1a: Kingambit|Kingambit, M, tera:Ghost|48/100
|-activate|p1a: Kingambit|ability: Supreme Overlord
|-start|p1a: Kingambit|fallen4|[silent]
|
|-heal|p1a: Kingambit|54/100|[from] item: Leftovers
|-damage|p2a: Zamazenta|23/100 psn|[from] psn
|upkeep
|turn|25
|
|t:|1758917223
|switch|p2a: Blaziken|Blaziken, M|100/100
|-damage|p2a: Blaziken|88/100|[from] Spikes
|move|p1a: Kingambit|Swords Dance|p1a: Kingambit
|-boost|p1a: Kingambit|atk|2
|
|-heal|p2a: Blaziken|94/100|[from] item: Leftovers
|-heal|p1a: Kingambit|60/100|[from] item: Leftovers
|upkeep
|turn|26
|
|t:|1758917227
|move|p2a: Blaziken|Knock Off|p1a: Kingambit
|-supereffective|p1a: Kingambit
|-damage|p1a: Kingambit|3/100
|-enditem|p1a: Kingambit|Leftovers|[from] move: Knock Off|[of] p2a: Blaziken
|move|p1a: Kingambit|Kowtow Cleave|p2a: Blaziken
|-resisted|p2a: Blaziken
|-damage|p2a: Blaziken|46/100
|
|-heal|p2a: Blaziken|52/100|[from] item: Leftovers
|-ability|p2a: Blaziken|Speed Boost|boost
|-boost|p2a: Blaziken|spe|1
|upkeep
|turn|27
|
|t:|1758917235
|move|p1a: Kingambit|Sucker Punch||[still]
|-fail|p1a: Kingambit
|move|p2a: Blaziken|Swords Dance|p2a: Blaziken
|-boost|p2a: Blaziken|atk|2
|
|-heal|p2a: Blaziken|58/100|[from] item: Leftovers
|-ability|p2a: Blaziken|Speed Boost|boost
|-boost|p2a: Blaziken|spe|1
|upkeep
|turn|28
|
|t:|1758917239
|move|p1a: Kingambit|Sucker Punch|p2a: Blaziken
|-resisted|p2a: Blaziken
|-damage|p2a: Blaziken|16/100
|move|p2a: Blaziken|Knock Off|p1a: Kingambit
|-supereffective|p1a: Kingambit
|-damage|p1a: Kingambit|0 fnt
|faint|p1a: Kingambit
|-end|p1a: Kingambit|fallen4|[silent]
|
|-heal|p2a: Blaziken|22/100|[from] item: Leftovers
|-ability|p2a: Blaziken|Speed Boost|boost
|-boost|p2a: Blaziken|spe|1
|upkeep
|
|t:|1758917241
|switch|p1a: Ogerpon|Ogerpon-Wellspring, F|100/100
|turn|29
|
|t:|1758917243
|move|p2a: Blaziken|Close Combat|p1a: Ogerpon
|-damage|p1a: Ogerpon|0 fnt
|-unboost|p2a: Blaziken|def|1
|-unboost|p2a: Blaziken|spd|1
|faint|p1a: Ogerpon
|
|win|Blaziken666
|raw|Agent Killua's rating: 1737 &rarr; <strong>1711</strong><br />(-26 for losing)
|raw|Blaziken666's rating: 1623 &rarr; <strong>1649</strong><br />(+26 for winning)
|l|☆Agent Killua
|player|p1|
|l|☆Blaziken666
|player|p2|
