|raw|<div class="broadcast-blue"><strong>This battle is required to be public due to a player having a name starting with 'lt2'.</div>
|j|☆lt124yh 925
|j|☆LT2 lulu
|t:|1759048968
|gametype|singles
|player|p1|lt124yh 925|pokemonbreederf-gen4|1786
|player|p2|LT2 lulu|170|1701
|gen|9
|tier|[Gen 9] OU
|rated|
|rule|HP Percentage Mod: HP is shown in percentages
|rule|Endless Battle Clause: Forcing endless battles is banned
|rule|Species Clause: Limit one of each Pokémon
|rule|OHKO Clause: OHKO moves are banned
|rule|Evasion Items Clause: Evasion items are banned
|rule|Evasion Moves Clause: Evasion moves are banned
|rule|Evasion Abilities Clause: Evasion abilities are banned
|rule|Sleep Moves Clause: Sleep-inducing moves are banned
|clearpoke
|poke|p1|Indeedee, M|
|poke|p1|Hatterene, F|
|poke|p1|Ursaluna, F|
|poke|p1|Iron Hands|
|poke|p1|Hoopa-Unbound|
|poke|p1|Mimikyu, F|
|poke|p2|Garganacl, M|
|poke|p2|Great Tusk|
|poke|p2|Corviknight, M|
|poke|p2|Hoopa-Unbound|
|poke|p2|Sinistcha|
|poke|p2|Weezing-Galar, M|
|teampreview
|inactive|Battle timer is ON: inactive players will automatically lose when time's up. (requested by lt124yh 925)
|c|☆lt124yh 925|hf
|
|t:|1759048988
|teamsize|p1|6
|teamsize|p2|6
|start
|switch|p1a: Ursaluna|Ursaluna, F|100/100
|switch|p2a: Weezing|Weezing-Galar, M, shiny|100/100
|-ability|p2a: Weezing|Neutralizing Gas
|turn|1
|
|t:|1759048999
|-end|p2a: Weezing|ability: Neutralizing Gas
|switch|p2a: Sinistcha|Sinistcha, shiny|100/100
|move|p1a: Ursaluna|Supercell Slam|p2a: Sinistcha
|-resisted|p2a: Sinistcha
|-damage|p2a: Sinistcha|87/100
|
|-status|p1a: Ursaluna|brn|[from] item: Flame Orb
|upkeep
|turn|2
|j| sgCURRY3
|
|t:|1759049010
|move|p2a: Sinistcha|Matcha Gotcha|p1a: Ursaluna|[miss]
|-miss|p2a: Sinistcha|p1a: Ursaluna
|move|p1a: Ursaluna|Ice Punch|p2a: Sinistcha
|-supereffective|p2a: Sinistcha
|-damage|p2a: Sinistcha|20/100
|
|-damage|p1a: Ursaluna|94/100 brn|[from] brn
|upkeep
|turn|3
|
|t:|1759049020
|switch|p1a: Indeedee|Indeedee, M|100/100
|-fieldstart|move: Psychic Terrain|[from] ability: Psychic Surge|[of] p1a: Indeedee
|move|p2a: Sinistcha|Matcha Gotcha|p1a: Indeedee
|-damage|p1a: Indeedee|67/100
|-heal|p2a: Sinistcha|35/100|[from] drain|[of] p1a: Indeedee
|
|upkeep
|turn|4
|
|t:|1759049031
|switch|p1a: Hatterene|Hatterene, F, shiny|100/100
|move|p2a: Sinistcha|Strength Sap|p1a: Hatterene
|move|p1a: Hatterene|Strength Sap|p2a: Sinistcha|[from] ability: Magic Bounce
|-unboost|p2a: Sinistcha|atk|1
|
|upkeep
|turn|5
|
|t:|1759049039
|move|p2a: Sinistcha|Matcha Gotcha|p1a: Hatterene
|-damage|p1a: Hatterene|65/100
|-heal|p2a: Sinistcha|52/100|[from] drain|[of] p1a: Hatterene
|move|p1a: Hatterene|Draining Kiss|p2a: Sinistcha
|-damage|p2a: Sinistcha|7/100
|-heal|p1a: Hatterene|100/100|[from] drain|[of] p2a: Sinistcha
|-damage|p1a: Hatterene|91/100|[from] item: Life Orb
|
|upkeep
|turn|6
|
|t:|1759049049
|switch|p2a: Corviknight|Corviknight, M, shiny|100/100
|-ability|p2a: Corviknight|Pressure
|move|p1a: Hatterene|Trick Room|p1a: Hatterene
|-fieldstart|move: Trick Room|[of] p1a: Hatterene
|
|upkeep
|turn|7
|
|t:|1759049059
|move|p1a: Hatterene|Expanding Force|p2a: Corviknight
|-resisted|p2a: Corviknight
|-damage|p2a: Corviknight|59/100
|-damage|p1a: Hatterene|81/100|[from] item: Life Orb
|move|p2a: Corviknight|Roost|p2a: Corviknight
|-heal|p2a: Corviknight|100/100
|-singleturn|p2a: Corviknight|move: Roost
|
|upkeep
|turn|8
|
|t:|1759049071
|-terastallize|p1a: Hatterene|Stellar
|move|p1a: Hatterene|Mystical Fire|p2a: Corviknight
|-supereffective|p2a: Corviknight
|-damage|p2a: Corviknight|31/100
|-damage|p1a: Hatterene|71/100|[from] item: Life Orb
|move|p2a: Corviknight|U-turn|p1a: Hatterene
|-damage|p1a: Hatterene|56/100
|
|t:|1759049078
|switch|p2a: Garganacl|Garganacl, M, shiny|100/100|[from] U-turn
|
|upkeep
|turn|9
|
|t:|1759049083
|move|p2a: Garganacl|Protect|p2a: Garganacl
|-singleturn|p2a: Garganacl|Protect
|move|p1a: Hatterene|Expanding Force|p2a: Garganacl
|-activate|p2a: Garganacl|move: Protect
|
|upkeep
|turn|10
|
|t:|1759049090
|move|p1a: Hatterene|Draining Kiss|p2a: Garganacl
|-damage|p2a: Garganacl|58/100
|-heal|p1a: Hatterene|96/100|[from] drain|[of] p2a: Garganacl
|-damage|p1a: Hatterene|87/100|[from] item: Life Orb
|move|p2a: Garganacl|Salt Cure|p1a: Hatterene
|-damage|p1a: Hatterene|71/100
|-start|p1a: Hatterene|Salt Cure
|
|-heal|p2a: Garganacl|64/100|[from] item: Leftovers
|-damage|p1a: Hatterene|59/100|[from] Salt Cure
|-fieldend|move: Trick Room
|-fieldend|move: Psychic Terrain
|upkeep
|turn|11
|
|t:|1759049098
|move|p2a: Garganacl|Recover|p2a: Garganacl
|-heal|p2a: Garganacl|100/100
|move|p1a: Hatterene|Draining Kiss|p2a: Garganacl
|-damage|p2a: Garganacl|75/100
|-heal|p1a: Hatterene|83/100|[from] drain|[of] p2a: Garganacl
|-damage|p1a: Hatterene|73/100|[from] item: Life Orb
|
|-heal|p2a: Garganacl|81/100|[from] item: Leftovers
|-damage|p1a: Hatterene|61/100|[from] Salt Cure
|upkeep
|turn|12
|j| wgw2333
|
|t:|1759049104
|switch|p1a: Ursaluna|Ursaluna, F|94/100 brn
|move|p2a: Garganacl|Salt Cure|p1a: Ursaluna
|-resisted|p1a: Ursaluna
|-damage|p1a: Ursaluna|90/100 brn
|-start|p1a: Ursaluna|Salt Cure
|
|-heal|p2a: Garganacl|87/100|[from] item: Leftovers
|-damage|p1a: Ursaluna|84/100 brn|[from] brn
|-damage|p1a: Ursaluna|72/100 brn|[from] Salt Cure
|upkeep
|turn|13
|
|t:|1759049110
|move|p2a: Garganacl|Protect|p2a: Garganacl
|-singleturn|p2a: Garganacl|Protect
|move|p1a: Ursaluna|Headlong Rush|p2a: Garganacl
|-activate|p2a: Garganacl|move: Protect
|
|-heal|p2a: Garganacl|94/100|[from] item: Leftovers
|-damage|p1a: Ursaluna|66/100 brn|[from] brn
|-damage|p1a: Ursaluna|53/100 brn|[from] Salt Cure
|upkeep
|turn|14
|
|t:|1759049117
|switch|p2a: Sinistcha|Sinistcha, shiny|7/100
|move|p1a: Ursaluna|Headlong Rush|p2a: Sinistcha
|-resisted|p2a: Sinistcha
|-damage|p2a: Sinistcha|0 fnt
|-unboost|p1a: Ursaluna|def|1
|-unboost|p1a: Ursaluna|spd|1
|faint|p2a: Sinistcha
|
|-damage|p1a: Ursaluna|47/100 brn|[from] brn
|-damage|p1a: Ursaluna|35/100 brn|[from] Salt Cure
|upkeep
|
|t:|1759049124
|switch|p2a: Hoopa|Hoopa-Unbound|100/100
|turn|15
|
|t:|1759049132
|switch|p1a: Mimikyu|Mimikyu, F, shiny|100/100
|move|p2a: Hoopa|Knock Off|p1a: Mimikyu
|-activate|p1a: Mimikyu|ability: Disguise
|-damage|p1a: Mimikyu|100/100
|-enditem|p1a: Mimikyu|Red Card|[from] move: Knock Off|[of] p2a: Hoopa
|detailschange|p1a: Mimikyu|Mimikyu-Busted, F, shiny
|-damage|p1a: Mimikyu|88/100|[from] pokemon: Mimikyu-Busted
|
|upkeep
|turn|16
|
|t:|1759049139
|move|p2a: Hoopa|Psychic Noise|p1a: Mimikyu
|-damage|p1a: Mimikyu|38/100
|-start|p1a: Mimikyu|move: Heal Block
|move|p1a: Mimikyu|Curse|p2a: Hoopa
|-start|p2a: Hoopa|Curse|[of] p1a: Mimikyu
|-damage|p1a: Mimikyu|0 fnt
|faint|p1a: Mimikyu
|
|-damage|p2a: Hoopa|76/100|[from] Curse
|upkeep
|
|t:|1759049146
|switch|p1a: Hoopa|Hoopa-Unbound|100/100
|turn|17
|l| sgCURRY3
|
|t:|1759049163
|switch|p2a: Weezing|Weezing-Galar, M, shiny|100/100
|-ability|p2a: Weezing|Neutralizing Gas
|move|p1a: Hoopa|Trick Room|p1a: Hoopa
|-fieldstart|move: Trick Room|[of] p1a: Hoopa
|
|upkeep
|turn|18
|
|t:|1759049172
|-end|p2a: Weezing|ability: Neutralizing Gas
|switch|p2a: Hoopa|Hoopa-Unbound|76/100
|move|p1a: Hoopa|Expanding Force|p2a: Hoopa
|-immune|p2a: Hoopa
|
|upkeep
|turn|19
|
|t:|1759049181
|move|p1a: Hoopa|Hyperspace Fury|p2a: Hoopa
|-damage|p2a: Hoopa|0 fnt
|-unboost|p1a: Hoopa|def|1
|faint|p2a: Hoopa
|
|upkeep
|
|t:|1759049187
|switch|p2a: Garganacl|Garganacl, M, shiny|94/100
|turn|20
|
|t:|1759049192
|switch|p1a: Indeedee|Indeedee, M|67/100
|-fieldstart|move: Psychic Terrain|[from] ability: Psychic Surge|[of] p1a: Indeedee
|move|p2a: Garganacl|Stealth Rock|p1a: Indeedee
|-sidestart|p1: lt124yh 925|move: Stealth Rock
|
|-heal|p2a: Garganacl|99/100|[from] item: Leftovers
|upkeep
|turn|21
|
|t:|1759049202
|move|p2a: Garganacl|Salt Cure|p1a: Indeedee
|-damage|p1a: Indeedee|53/100
|-start|p1a: Indeedee|Salt Cure
|move|p1a: Indeedee|Healing Wish|p1a: Indeedee
|faint|p1a: Indeedee
|
|-heal|p2a: Garganacl|100/100|[from] item: Leftovers
|-fieldend|move: Trick Room
|upkeep
|
|t:|1759049215
|switch|p1a: Hatterene|Hatterene, F, shiny, tera:Stellar|61/100
|-heal|p1a: Hatterene|100/100|[from] move: Healing Wish
|-damage|p1a: Hatterene|88/100|[from] Stealth Rock
|turn|22
|
|t:|1759049219
|move|p2a: Garganacl|Salt Cure|p1a: Hatterene
|-damage|p1a: Hatterene|73/100
|-start|p1a: Hatterene|Salt Cure
|move|p1a: Hatterene|Expanding Force|p2a: Garganacl
|-damage|p2a: Garganacl|0 fnt
|faint|p2a: Garganacl
|-damage|p1a: Hatterene|63/100|[from] item: Life Orb
|
|-damage|p1a: Hatterene|51/100|[from] Salt Cure
|upkeep
|
|t:|1759049227
|switch|p2a: Great Tusk|Great Tusk, shiny|100/100
|turn|23
|
|t:|1759049235
|switch|p1a: Ursaluna|Ursaluna, F|35/100 brn
|-damage|p1a: Ursaluna|29/100 brn|[from] Stealth Rock
|move|p2a: Great Tusk|Headlong Rush|p1a: Ursaluna
|-crit|p1a: Ursaluna
|-damage|p1a: Ursaluna|0 fnt
|-unboost|p2a: Great Tusk|def|1
|-unboost|p2a: Great Tusk|spd|1
|faint|p1a: Ursaluna
|
|upkeep
|j| Samurajen
|
|t:|1759049243
|switch|p1a: Iron Hands|Iron Hands, shiny|100/100
|-damage|p1a: Iron Hands|94/100|[from] Stealth Rock
|-enditem|p1a: Iron Hands|Booster Energy
|-activate|p1a: Iron Hands|ability: Quark Drive|[fromitem]
|-start|p1a: Iron Hands|quarkdriveatk
|turn|24
|
|t:|1759049269
|-end|p2a: Great Tusk|Protosynthesis|[silent]
|switch|p2a: Weezing|Weezing-Galar, M, shiny|100/100
|-ability|p2a: Weezing|Neutralizing Gas
|move|p1a: Iron Hands|Close Combat|p2a: Weezing
|-resisted|p2a: Weezing
|-damage|p2a: Weezing|90/100
|-unboost|p1a: Iron Hands|def|1
|-unboost|p1a: Iron Hands|spd|1
|
|upkeep
|turn|25
|
|t:|1759049284
|move|p2a: Weezing|Will-O-Wisp|p1a: Iron Hands
|-status|p1a: Iron Hands|brn
|move|p1a: Iron Hands|Close Combat|p2a: Weezing
|-resisted|p2a: Weezing
|-damage|p2a: Weezing|84/100
|-unboost|p1a: Iron Hands|def|1
|-unboost|p1a: Iron Hands|spd|1
|
|-damage|p1a: Iron Hands|88/100 brn|[from] brn
|upkeep
|turn|26
|
|t:|1759049294
|-end|p1a: Iron Hands|Quark Drive|[silent]
|switch|p1a: Hoopa|Hoopa-Unbound|100/100
|-damage|p1a: Hoopa|88/100|[from] Stealth Rock
|-enditem|p1a: Hoopa|Psychic Seed
|-boost|p1a: Hoopa|spd|1|[from] item: Psychic Seed
|move|p2a: Weezing|Sludge Bomb|p1a: Hoopa
|-damage|p1a: Hoopa|75/100
|
|upkeep
|turn|27
|
|t:|1759049305
|move|p2a: Weezing|Will-O-Wisp|p1a: Hoopa
|-status|p1a: Hoopa|brn
|move|p1a: Hoopa|Trick Room|p1a: Hoopa
|-fieldstart|move: Trick Room|[of] p1a: Hoopa
|
|-damage|p1a: Hoopa|69/100 brn|[from] brn
|-fieldend|move: Psychic Terrain
|upkeep
|turn|28
|
|t:|1759049313
|move|p1a: Hoopa|Expanding Force|p2a: Weezing
|-supereffective|p2a: Weezing
|-damage|p2a: Weezing|0 fnt
|faint|p2a: Weezing
|-end|p2a: Weezing|ability: Neutralizing Gas
|-item|p1a: Hoopa|Heavy-Duty Boots|[from] ability: Magician|[of] p2: Weezing
|
|-damage|p1a: Hoopa|62/100 brn|[from] brn
|upkeep
|
|t:|1759049317
|switch|p2a: Corviknight|Corviknight, M, shiny|31/100
|-ability|p2a: Corviknight|Pressure
|turn|29
|
|t:|1759049321
|move|p2a: Corviknight|Roost|p2a: Corviknight
|-heal|p2a: Corviknight|81/100
|-singleturn|p2a: Corviknight|move: Roost
|move|p1a: Hoopa|Focus Blast|p2a: Corviknight
|-supereffective|p2a: Corviknight
|-damage|p2a: Corviknight|8/100
|
|-damage|p1a: Hoopa|56/100 brn|[from] brn
|upkeep
|turn|30
|
|t:|1759049332
|move|p2a: Corviknight|U-turn|p1a: Hoopa
|-supereffective|p1a: Hoopa
|-damage|p1a: Hoopa|0 fnt
|faint|p1a: Hoopa
|
|t:|1759049335
|switch|p2a: Great Tusk|Great Tusk, shiny|100/100|[from] U-turn
|
|upkeep
|
|t:|1759049341
|switch|p1a: Hatterene|Hatterene, F, shiny, tera:Stellar|51/100
|-damage|p1a: Hatterene|39/100|[from] Stealth Rock
|turn|31
|
|t:|1759049346
|-end|p2a: Great Tusk|Protosynthesis|[silent]
|switch|p2a: Corviknight|Corviknight, M, shiny|8/100
|-ability|p2a: Corviknight|Pressure
|move|p1a: Hatterene|Trick Room|p1a: Hatterene
|-fieldend|move: Trick Room
|
|upkeep
|turn|32
|
|t:|1759049355
|move|p2a: Corviknight|Roost|p2a: Corviknight
|-heal|p2a: Corviknight|58/100
|-singleturn|p2a: Corviknight|move: Roost
|move|p1a: Hatterene|Trick Room|p1a: Hatterene
|-fieldstart|move: Trick Room|[of] p1a: Hatterene
|
|upkeep
|turn|33
|
|t:|1759049363
|move|p1a: Hatterene|Mystical Fire|p2a: Corviknight
|-supereffective|p2a: Corviknight
|-damage|p2a: Corviknight|2/100
|-damage|p1a: Hatterene|29/100|[from] item: Life Orb
|move|p2a: Corviknight|Roost|p2a: Corviknight
|-heal|p2a: Corviknight|52/100
|-singleturn|p2a: Corviknight|move: Roost
|
|upkeep
|turn|34
|
|t:|1759049372
|-terastallize|p2a: Corviknight|Water
|move|p1a: Hatterene|Mystical Fire|p2a: Corviknight
|-resisted|p2a: Corviknight
|-damage|p2a: Corviknight|38/100
|-damage|p1a: Hatterene|19/100|[from] item: Life Orb
|move|p2a: Corviknight|Brave Bird|p1a: Hatterene
|-damage|p1a: Hatterene|0 fnt
|faint|p1a: Hatterene
|-damage|p2a: Corviknight|33/100|[from] Recoil
|
|upkeep
|
|t:|1759049375
|switch|p1a: Iron Hands|Iron Hands, shiny|88/100 brn
|-damage|p1a: Iron Hands|82/100 brn|[from] Stealth Rock
|turn|35
|
|t:|1759049387
|move|p2a: Corviknight|Roost|p2a: Corviknight
|-heal|p2a: Corviknight|83/100
|move|p1a: Iron Hands|Supercell Slam|p2a: Corviknight
|-supereffective|p2a: Corviknight
|-damage|p2a: Corviknight|33/100
|
|-damage|p1a: Iron Hands|76/100 brn|[from] brn
|upkeep
|turn|36
|
|t:|1759049394
|move|p2a: Corviknight|Roost|p2a: Corviknight
|-heal|p2a: Corviknight|83/100
|move|p1a: Iron Hands|Supercell Slam|p2a: Corviknight
|-supereffective|p2a: Corviknight
|-damage|p2a: Corviknight|34/100
|
|-damage|p1a: Iron Hands|69/100 brn|[from] brn
|-fieldend|move: Trick Room
|upkeep
|turn|37
|c|☆lt124yh 925|gg
|-message|lt124yh 925 forfeited.
|
|win|LT2 lulu
|raw|lt124yh 925's rating: 1786 &rarr; <strong>1761</strong><br />(-25 for losing)
|raw|LT2 lulu's rating: 1701 &rarr; <strong>1726</strong><br />(+25 for winning)
|l|☆lt124yh 925
|player|p1|
|l|☆LT2 lulu
|player|p2|
