|raw|<div class="broadcast-blue"><strong>This battle is required to be public due to a player having a name starting with 'lt2'.</div>
|j|☆18891945AH
|j|☆LT2 lulu
|t:|1759046264
|gametype|singles
|player|p1|18891945AH|266|1647
|player|p2|LT2 lulu|170|1739
|gen|9
|tier|[Gen 9] OU
|rated|
|rule|HP Percentage Mod: HP is shown in percentages
|rule|Endless Battle Clause: Forcing endless battles is banned
|rule|Species Clause: Limit one of each Pokémon
|rule|OHKO Clause: OHKO moves are banned
|rule|Evasion Items Clause: Evasion items are banned
|rule|Evasion Moves Clause: Evasion moves are banned
|rule|Evasion Abilities Clause: Evasion abilities are banned
|rule|Sleep Moves Clause: Sleep-inducing moves are banned
|clearpoke
|poke|p1|Tyranitar, F|
|poke|p1|Excadrill, F|
|poke|p1|Toxapex, F|
|poke|p1|Clefable, M|
|poke|p1|Moltres|
|poke|p1|Landorus-Therian, M|
|poke|p2|Primarina, M|
|poke|p2|Iron Treads|
|poke|p2|Deoxys-Speed|
|poke|p2|Darkrai|
|poke|p2|Ogerpon-Cornerstone, F|
|poke|p2|Dragonite, M|
|teampreview
|
|t:|1759046301
|teamsize|p1|6
|teamsize|p2|6
|start
|switch|p1a: Tyranitar|Tyranitar, F|100/100
|switch|p2a: Darkrai|Darkrai, shiny|100/100
|-weather|Sandstorm|[from] ability: Sand Stream|[of] p1a: Tyranitar
|turn|1
|j| heatraniac
|
|t:|1759046312
|switch|p2a: Iron Treads|Iron Treads, shiny|100/100
|-enditem|p2a: Iron Treads|Booster Energy
|-activate|p2a: Iron Treads|ability: Quark Drive|[fromitem]
|-start|p2a: Iron Treads|quarkdrivespe
|switch|p1a: Clefable|Clefable, M|100/100
|
|-weather|Sandstorm|[upkeep]
|upkeep
|turn|2
|l| heatraniac
|
|t:|1759046333
|switch|p1a: Moltres|Moltres|100/100
|move|p2a: Iron Treads|Stealth Rock|p1a: Moltres
|-sidestart|p1: 18891945AH|move: Stealth Rock
|
|-weather|Sandstorm|[upkeep]
|-damage|p1a: Moltres|94/100|[from] Sandstorm
|upkeep
|turn|3
|
|t:|1759046341
|-end|p2a: Iron Treads|Quark Drive|[silent]
|switch|p2a: Primarina|Primarina, M, shiny|100/100
|move|p1a: Moltres|Will-O-Wisp|p2a: Primarina
|-status|p2a: Primarina|brn
|
|-weather|Sandstorm|[upkeep]
|-damage|p2a: Primarina|95/100 brn|[from] Sandstorm
|-damage|p1a: Moltres|88/100|[from] Sandstorm
|-heal|p2a: Primarina|100/100 brn|[from] item: Leftovers
|-damage|p2a: Primarina|95/100 brn|[from] brn
|upkeep
|turn|4
|
|t:|1759046353
|move|p2a: Primarina|Whirlpool|p1a: Moltres
|-supereffective|p1a: Moltres
|-damage|p1a: Moltres|52/100
|-activate|p1a: Moltres|move: Whirlpool|[of] p2a: Primarina
|move|p1a: Moltres|U-turn|p2a: Primarina
|-resisted|p2a: Primarina
|-damage|p2a: Primarina|85/100 brn
|
|t:|1759046360
|switch|p1a: Landorus|Landorus-Therian, M|100/100|[from] U-turn
|-damage|p1a: Landorus|88/100|[from] Stealth Rock
|-ability|p1a: Landorus|Intimidate|boost
|-unboost|p2a: Primarina|atk|1
|
|-weather|Sandstorm|[upkeep]
|-damage|p2a: Primarina|79/100 brn|[from] Sandstorm
|-heal|p2a: Primarina|85/100 brn|[from] item: Leftovers
|-damage|p2a: Primarina|79/100 brn|[from] brn
|upkeep
|turn|5
|inactive|Battle timer is ON: inactive players will automatically lose when time's up. (requested by 18891945AH)
|
|t:|1759046371
|switch|p2a: Darkrai|Darkrai, shiny|100/100
|move|p1a: Landorus|U-turn|p2a: Darkrai
|-supereffective|p2a: Darkrai
|-damage|p2a: Darkrai|36/100
|
|t:|1759046377
|switch|p1a: Toxapex|Toxapex, F|100/100|[from] U-turn
|-damage|p1a: Toxapex|88/100|[from] Stealth Rock
|
|-weather|none
|upkeep
|turn|6
|
|t:|1759046385
|switch|p2a: Iron Treads|Iron Treads, shiny|100/100
|move|p1a: Toxapex|Toxic Spikes|p2a: Iron Treads
|-sidestart|p2: LT2 lulu|move: Toxic Spikes
|
|upkeep
|turn|7
|
|t:|1759046392
|switch|p1a: Moltres|Moltres|52/100
|move|p2a: Iron Treads|Rapid Spin|p1a: Moltres
|-damage|p1a: Moltres|41/100
|-boost|p2a: Iron Treads|spe|1
|-status|p2a: Iron Treads|brn|[from] ability: Flame Body|[of] p1a: Moltres
|-sideend|p2: LT2 lulu|Toxic Spikes|[from] move: Rapid Spin|[of] p2a: Iron Treads
|
|-damage|p2a: Iron Treads|94/100 brn|[from] brn
|upkeep
|turn|8
|
|t:|1759046401
|-end|p2a: Iron Treads|Quark Drive|[silent]
|switch|p2a: Primarina|Primarina, M, shiny|79/100 brn
|move|p1a: Moltres|Roost|p1a: Moltres
|-heal|p1a: Moltres|91/100
|-singleturn|p1a: Moltres|move: Roost
|
|-heal|p2a: Primarina|85/100 brn|[from] item: Leftovers
|-damage|p2a: Primarina|79/100 brn|[from] brn
|upkeep
|turn|9
|
|t:|1759046411
|switch|p1a: Toxapex|Toxapex, F|100/100
|-damage|p1a: Toxapex|88/100|[from] Stealth Rock
|move|p2a: Primarina|Psychic Noise|p1a: Toxapex
|-resisted|p1a: Toxapex
|-damage|p1a: Toxapex|74/100
|-start|p1a: Toxapex|move: Heal Block
|
|-heal|p2a: Primarina|85/100 brn|[from] item: Leftovers
|-damage|p2a: Primarina|79/100 brn|[from] brn
|upkeep
|turn|10
|
|t:|1759046423
|move|p2a: Primarina|Whirlpool|p1a: Toxapex
|-resisted|p1a: Toxapex
|-damage|p1a: Toxapex|67/100
|-activate|p1a: Toxapex|move: Whirlpool|[of] p2a: Primarina
|move|p1a: Toxapex|Poison Jab|p2a: Primarina
|-supereffective|p2a: Primarina
|-damage|p2a: Primarina|24/100 brn
|
|-heal|p2a: Primarina|30/100 brn|[from] item: Leftovers
|-damage|p2a: Primarina|24/100 brn|[from] brn
|-damage|p1a: Toxapex|55/100|[from] move: Whirlpool|[partiallytrapped]
|-end|p1a: Toxapex|move: Heal Block
|upkeep
|turn|11
|
|t:|1759046438
|-terastallize|p2a: Primarina|Poison
|move|p2a: Primarina|Moonblast|p1a: Toxapex
|-resisted|p1a: Toxapex
|-damage|p1a: Toxapex|36/100
|move|p1a: Toxapex|Poison Jab|p2a: Primarina
|-resisted|p2a: Primarina
|-damage|p2a: Primarina|10/100 brn
|
|-heal|p2a: Primarina|16/100 brn|[from] item: Leftovers
|-damage|p2a: Primarina|10/100 brn|[from] brn
|-damage|p1a: Toxapex|24/100|[from] move: Whirlpool|[partiallytrapped]
|upkeep
|turn|12
|
|t:|1759046451
|move|p2a: Primarina|Psychic Noise|p1a: Toxapex
|-resisted|p1a: Toxapex
|-damage|p1a: Toxapex|10/100
|-start|p1a: Toxapex|move: Heal Block
|move|p1a: Toxapex|Poison Jab|p2a: Primarina
|-resisted|p2a: Primarina
|-damage|p2a: Primarina|0 fnt
|faint|p2a: Primarina
|
|-end|p1a: Toxapex|Whirlpool|[partiallytrapped]|[silent]
|upkeep
|
|t:|1759046460
|switch|p2a: Deoxys|Deoxys-Speed, shiny|100/100
|-ability|p2a: Deoxys|Pressure
|turn|13
|
|t:|1759046469
|switch|p1a: Tyranitar|Tyranitar, F|100/100
|-damage|p1a: Tyranitar|88/100|[from] Stealth Rock
|-weather|Sandstorm|[from] ability: Sand Stream|[of] p1a: Tyranitar
|move|p2a: Deoxys|Focus Blast|p1a: Tyranitar
|-supereffective|p1a: Tyranitar
|-damage|p1a: Tyranitar|0 fnt
|faint|p1a: Tyranitar
|
|-weather|Sandstorm|[upkeep]
|-damage|p2a: Deoxys|94/100|[from] Sandstorm
|-heal|p2a: Deoxys|100/100|[from] item: Leftovers
|upkeep
|
|t:|1759046482
|switch|p1a: Excadrill|Excadrill, F|100/100
|-damage|p1a: Excadrill|97/100|[from] Stealth Rock
|turn|14
|
|t:|1759046493
|switch|p2a: Dragonite|Dragonite, M, shiny|100/100
|move|p1a: Excadrill|Iron Head|p2a: Dragonite
|-damage|p2a: Dragonite|81/100
|
|-weather|Sandstorm|[upkeep]
|-damage|p2a: Dragonite|75/100|[from] Sandstorm
|-heal|p1a: Excadrill|100/100|[from] item: Leftovers
|upkeep
|turn|15
|
|t:|1759046502
|switch|p1a: Clefable|Clefable, M|100/100
|move|p2a: Dragonite|Earthquake|p1a: Clefable
|-crit|p1a: Clefable
|-damage|p1a: Clefable|57/100
|
|-weather|Sandstorm|[upkeep]
|-damage|p2a: Dragonite|69/100|[from] Sandstorm
|-heal|p1a: Clefable|63/100|[from] item: Leftovers
|upkeep
|turn|16
|
|t:|1759046512
|switch|p2a: Ogerpon|Ogerpon-Cornerstone, F|100/100
|move|p1a: Clefable|Wish|p1a: Clefable
|
|-weather|Sandstorm|[upkeep]
|-heal|p1a: Clefable|70/100|[from] item: Leftovers
|upkeep
|turn|17
|
|t:|1759046519
|move|p2a: Ogerpon|Ivy Cudgel|p1a: Clefable|[anim] Ivy Cudgel Rock
|-crit|p1a: Clefable
|-damage|p1a: Clefable|0 fnt
|faint|p1a: Clefable
|
|-weather|none
|upkeep
|
|t:|1759046525
|switch|p1a: Landorus|Landorus-Therian, M|88/100
|-damage|p1a: Landorus|76/100|[from] Stealth Rock
|-ability|p1a: Landorus|Intimidate|boost
|-unboost|p2a: Ogerpon|atk|1
|turn|18
|
|t:|1759046532
|switch|p2a: Dragonite|Dragonite, M, shiny|69/100
|move|p1a: Landorus|U-turn|p2a: Dragonite
|-resisted|p2a: Dragonite
|-damage|p2a: Dragonite|57/100
|
|t:|1759046537
|switch|p1a: Toxapex|Toxapex, F|43/100|[from] U-turn
|-damage|p1a: Toxapex|31/100|[from] Stealth Rock
|
|upkeep
|turn|19
|
|t:|1759046542
|switch|p2a: Deoxys|Deoxys-Speed, shiny|100/100
|-ability|p2a: Deoxys|Pressure
|switch|p1a: Moltres|Moltres|91/100
|
|upkeep
|turn|20
|
|t:|1759046550
|move|p2a: Deoxys|Nasty Plot|p2a: Deoxys
|-boost|p2a: Deoxys|spa|2
|move|p1a: Moltres|U-turn|p2a: Deoxys
|-supereffective|p2a: Deoxys
|-crit|p2a: Deoxys
|-damage|p2a: Deoxys|34/100
|
|t:|1759046565
|switch|p1a: Excadrill|Excadrill, F|100/100|[from] U-turn
|-damage|p1a: Excadrill|97/100|[from] Stealth Rock
|
|-heal|p2a: Deoxys|40/100|[from] item: Leftovers
|-heal|p1a: Excadrill|100/100|[from] item: Leftovers
|upkeep
|turn|21
|
|t:|1759046571
|move|p2a: Deoxys|Substitute|p2a: Deoxys
|-start|p2a: Deoxys|Substitute
|-damage|p2a: Deoxys|15/100
|move|p1a: Excadrill|Iron Head|p2a: Deoxys
|-end|p2a: Deoxys|Substitute
|
|-heal|p2a: Deoxys|22/100|[from] item: Leftovers
|upkeep
|turn|22
|
|t:|1759046586
|move|p2a: Deoxys|Focus Blast|p1a: Excadrill|[miss]
|-miss|p2a: Deoxys|p1a: Excadrill
|move|p1a: Excadrill|Iron Head|p2a: Deoxys
|-damage|p2a: Deoxys|0 fnt
|faint|p2a: Deoxys
|
|upkeep
|
|t:|1759046594
|switch|p2a: Ogerpon|Ogerpon-Cornerstone, F|100/100
|turn|23
|
|t:|1759046605
|move|p2a: Ogerpon|Knock Off|p1a: Excadrill
|-damage|p1a: Excadrill|50/100
|-enditem|p1a: Excadrill|Leftovers|[from] move: Knock Off|[of] p2a: Ogerpon
|move|p1a: Excadrill|Earthquake|p2a: Ogerpon
|-damage|p2a: Ogerpon|36/100
|
|upkeep
|turn|24
|
|t:|1759046613
|move|p2a: Ogerpon|Horn Leech|p1a: Excadrill
|-damage|p1a: Excadrill|0 fnt
|-heal|p2a: Ogerpon|65/100|[from] drain|[of] p1a: Excadrill
|faint|p1a: Excadrill
|
|upkeep
|
|t:|1759046618
|switch|p1a: Landorus|Landorus-Therian, M|76/100
|-damage|p1a: Landorus|64/100|[from] Stealth Rock
|-ability|p1a: Landorus|Intimidate|boost
|-unboost|p2a: Ogerpon|atk|1
|turn|25
|
|t:|1759046624
|switch|p2a: Dragonite|Dragonite, M, shiny|57/100
|move|p1a: Landorus|U-turn|p2a: Dragonite
|-resisted|p2a: Dragonite
|-damage|p2a: Dragonite|44/100
|
|t:|1759046629
|switch|p1a: Moltres|Moltres|91/100|[from] U-turn
|
|upkeep
|turn|26
|
|t:|1759046636
|move|p1a: Moltres|Flamethrower|p2a: Dragonite
|-resisted|p2a: Dragonite
|-damage|p2a: Dragonite|27/100
|move|p2a: Dragonite|Hurricane|p1a: Moltres
|-damage|p1a: Moltres|56/100
|-start|p1a: Moltres|confusion
|
|upkeep
|turn|27
|
|t:|1759046645
|-activate|p1a: Moltres|confusion
|move|p1a: Moltres|Roost|p1a: Moltres
|-heal|p1a: Moltres|100/100
|-singleturn|p1a: Moltres|move: Roost
|move|p2a: Dragonite|Hurricane|p1a: Moltres
|-damage|p1a: Moltres|62/100
|
|upkeep
|turn|28
|
|t:|1759046653
|-activate|p1a: Moltres|confusion
|move|p1a: Moltres|Will-O-Wisp|p2a: Dragonite
|-status|p2a: Dragonite|brn
|move|p2a: Dragonite|Hurricane|p1a: Moltres
|-damage|p1a: Moltres|23/100
|
|-damage|p2a: Dragonite|21/100 brn|[from] brn
|upkeep
|turn|29
|
|t:|1759046661
|switch|p2a: Ogerpon|Ogerpon-Cornerstone, F|65/100
|-activate|p1a: Moltres|confusion
|move|p1a: Moltres|Roost|p1a: Moltres
|-heal|p1a: Moltres|73/100
|-singleturn|p1a: Moltres|move: Roost
|
|upkeep
|turn|30
|
|t:|1759046671
|switch|p1a: Toxapex|Toxapex, F|65/100
|-damage|p1a: Toxapex|52/100|[from] Stealth Rock
|move|p2a: Ogerpon|Ivy Cudgel|p1a: Toxapex|[anim] Ivy Cudgel Rock
|-damage|p1a: Toxapex|11/100
|
|upkeep
|turn|31
|
|t:|1759046679
|move|p2a: Ogerpon|Knock Off|p1a: Toxapex
|-damage|p1a: Toxapex|0 fnt
|-damage|p2a: Ogerpon|49/100|[from] item: Rocky Helmet|[of] p1a: Toxapex
|-enditem|p1a: Toxapex|Rocky Helmet|[from] move: Knock Off|[of] p2a: Ogerpon
|faint|p1a: Toxapex
|
|upkeep
|
|t:|1759046685
|switch|p1a: Landorus|Landorus-Therian, M|64/100
|-damage|p1a: Landorus|52/100|[from] Stealth Rock
|-ability|p1a: Landorus|Intimidate|boost
|-unboost|p2a: Ogerpon|atk|1
|turn|32
|
|t:|1759046690
|switch|p2a: Dragonite|Dragonite, M, shiny|21/100 brn
|move|p1a: Landorus|U-turn|p2a: Dragonite
|-resisted|p2a: Dragonite
|-damage|p2a: Dragonite|9/100 brn
|
|t:|1759046695
|switch|p1a: Moltres|Moltres|73/100|[from] U-turn
|
|-damage|p2a: Dragonite|3/100 brn|[from] brn
|upkeep
|turn|33
|
|t:|1759046703
|move|p2a: Dragonite|Extreme Speed|p1a: Moltres
|-damage|p1a: Moltres|62/100
|move|p1a: Moltres|Flamethrower|p2a: Dragonite
|-resisted|p2a: Dragonite
|-damage|p2a: Dragonite|0 fnt
|faint|p2a: Dragonite
|
|upkeep
|
|t:|1759046708
|switch|p2a: Ogerpon|Ogerpon-Cornerstone, F|49/100
|turn|34
|
|t:|1759046718
|move|p2a: Ogerpon|Ivy Cudgel|p1a: Moltres|[anim] Ivy Cudgel Rock
|-supereffective|p1a: Moltres
|-damage|p1a: Moltres|0 fnt
|faint|p1a: Moltres
|
|upkeep
|
|t:|1759046723
|switch|p1a: Landorus|Landorus-Therian, M|52/100
|-damage|p1a: Landorus|39/100|[from] Stealth Rock
|-ability|p1a: Landorus|Intimidate|boost
|-unboost|p2a: Ogerpon|atk|1
|turn|35
|
|t:|1759046729
|-terastallize|p1a: Landorus|Ground
|move|p1a: Landorus|Earthquake|p2a: Ogerpon
|-damage|p2a: Ogerpon|0 fnt
|faint|p2a: Ogerpon
|
|upkeep
|
|t:|1759046735
|switch|p2a: Darkrai|Darkrai, shiny|36/100
|turn|36
|
|t:|1759046739
|move|p2a: Darkrai|Ice Beam|p1a: Landorus
|-supereffective|p1a: Landorus
|-damage|p1a: Landorus|0 fnt
|faint|p1a: Landorus
|
|win|LT2 lulu
|raw|18891945AH's rating: 1647 &rarr; <strong>1632</strong><br />(-15 for losing)
|raw|LT2 lulu's rating: 1739 &rarr; <strong>1754</strong><br />(+15 for winning)
|l|☆LT2 lulu
|player|p2|
|l|☆18891945AH
|player|p1|
