|badge|p2|bronze|gen9ou|100-6
|html|<div class="broadcast-red"><strong>This battle is required to be public due to one or more player having a season medal.</strong><br />During the public phase, you can discuss the state of the ladder <a href="/seasondiscussion">in a special chatroom.</a></div>
|uhtml|medal-msg|<div class="broadcast-blue">Curious what those medals under the avatar are? PS now has Ladder Seasons! For more information, check out the <a href="https://www.smogon.com/forums/threads/3740067/">thread on Smogon.</a></div>
|raw|<div class="broadcast-blue"><strong>This battle is required to be public due to a player having a name starting with 'medal'.</div>
|j|☆lycaaaa
|j|☆Dr Greg H
|t:|1758998278
|gametype|singles
|player|p1|lycaaaa|266|1659
|player|p2|Dr Greg H|pokemonbreeder-gen4|1819
|gen|9
|tier|[Gen 9] OU
|rated|
|rule|HP Percentage Mod: HP is shown in percentages
|rule|Endless Battle Clause: Forcing endless battles is banned
|rule|Species Clause: Limit one of each Pokémon
|rule|OHKO Clause: OHKO moves are banned
|rule|Evasion Items Clause: Evasion items are banned
|rule|Evasion Moves Clause: Evasion moves are banned
|rule|Evasion Abilities Clause: Evasion abilities are banned
|rule|Sleep Moves Clause: Sleep-inducing moves are banned
|clearpoke
|poke|p1|Glaceon, M|
|poke|p1|Avalugg, M|
|poke|p1|Mienshao, M|
|poke|p1|Slowking, F|
|poke|p1|Talonflame, M|
|poke|p1|Clodsire, M|
|poke|p2|Dragapult, M|
|poke|p2|Ogerpon-Wellspring, F|
|poke|p2|Glimmora, M|
|poke|p2|Kingambit, F|
|poke|p2|Iron Valiant|
|poke|p2|Great Tusk|
|teampreview
|inactive|Battle timer is ON: inactive players will automatically lose when time's up. (requested by Dr Greg H)
|
|t:|1758998293
|teamsize|p1|6
|teamsize|p2|6
|start
|switch|p1a: Slowking|Slowking, F|100/100
|switch|p2a: Dragapult|Dragapult, M|100/100
|turn|1
|j| cryyysneasel
|
|t:|1758998309
|-terastallize|p2a: Dragapult|Ghost
|move|p2a: Dragapult|Tera Blast|p1a: Slowking|[anim] Tera Blast Ghost
|-supereffective|p1a: Slowking
|-damage|p1a: Slowking|0 fnt
|faint|p1a: Slowking
|
|upkeep
|
|t:|1758998318
|switch|p1a: Avalugg|Avalugg, M, shiny|100/100
|turn|2
|inactive|lycaaaa has 120 seconds left.
|
|t:|1758998347
|switch|p2a: Glimmora|Glimmora, M|100/100
|move|p1a: Avalugg|Icicle Spear|p2a: Glimmora
|-damage|p2a: Glimmora|91/100
|-activate|p2a: Glimmora|ability: Toxic Debris
|-sidestart|p1: lycaaaa|move: Toxic Spikes
|-damage|p2a: Glimmora|82/100
|-activate|p2a: Glimmora|ability: Toxic Debris
|-sidestart|p1: lycaaaa|move: Toxic Spikes
|-damage|p2a: Glimmora|72/100
|-damage|p2a: Glimmora|63/100
|-hitcount|p2a: Glimmora|4
|-enditem|p2a: Glimmora|Red Card|[of] p1a: Avalugg
|drag|p1a: Glaceon|Glaceon, M|100/100
|-status|p1a: Glaceon|tox
|
|-damage|p1a: Glaceon|94/100 tox|[from] psn
|upkeep
|turn|3
|inactive|lycaaaa has 120 seconds left.
|
|t:|1758998369
|switch|p1a: Clodsire|Clodsire, M|100/100
|-sideend|p1: lycaaaa|move: Toxic Spikes|[of] p1a: Clodsire
|move|p2a: Glimmora|Power Gem|p1a: Clodsire
|-resisted|p1a: Clodsire
|-damage|p1a: Clodsire|90/100
|
|-heal|p1a: Clodsire|97/100|[from] item: Leftovers
|upkeep
|turn|4
|
|t:|1758998378
|switch|p2a: Ogerpon|Ogerpon-Wellspring, F|100/100
|move|p1a: Clodsire|Earthquake|p2a: Ogerpon
|-resisted|p2a: Ogerpon
|-damage|p2a: Ogerpon|83/100
|
|-heal|p1a: Clodsire|100/100|[from] item: Leftovers
|upkeep
|turn|5
|inactive|lycaaaa has 120 seconds left.
|
|t:|1758998386
|switch|p1a: Avalugg|Avalugg, M, shiny|100/100
|move|p2a: Ogerpon|Ivy Cudgel|p1a: Avalugg|[anim] Ivy Cudgel Water
|-damage|p1a: Avalugg|76/100
|
|upkeep
|turn|6
|
|t:|1758998395
|switch|p2a: Glimmora|Glimmora, M|63/100
|move|p1a: Avalugg|Earthquake|p2a: Glimmora
|-supereffective|p2a: Glimmora
|-damage|p2a: Glimmora|0 fnt
|-activate|p2a: Glimmora|ability: Toxic Debris
|-sidestart|p1: lycaaaa|move: Toxic Spikes
|faint|p2a: Glimmora
|
|upkeep
|
|t:|1758998405
|switch|p2a: Dragapult|Dragapult, M, tera:Ghost|100/100
|turn|7
|
|t:|1758998408
|move|p2a: Dragapult|Tera Blast|p1a: Avalugg|[anim] Tera Blast Ghost
|-damage|p1a: Avalugg|46/100
|move|p1a: Avalugg|Recover|p1a: Avalugg
|-heal|p1a: Avalugg|96/100
|
|upkeep
|turn|8
|
|t:|1758998416
|move|p2a: Dragapult|Tera Blast|p1a: Avalugg|[anim] Tera Blast Ghost
|-damage|p1a: Avalugg|66/100
|move|p1a: Avalugg|Icicle Spear|p2a: Dragapult
|-damage|p2a: Dragapult|87/100
|-damage|p2a: Dragapult|74/100
|-damage|p2a: Dragapult|60/100
|-hitcount|p2a: Dragapult|3
|
|upkeep
|turn|9
|
|t:|1758998424
|move|p2a: Dragapult|Tera Blast|p1a: Avalugg|[anim] Tera Blast Ghost
|-damage|p1a: Avalugg|35/100
|move|p1a: Avalugg|Recover|p1a: Avalugg
|-heal|p1a: Avalugg|85/100
|
|upkeep
|turn|10
|
|t:|1758998426
|move|p2a: Dragapult|Tera Blast|p1a: Avalugg|[anim] Tera Blast Ghost
|-damage|p1a: Avalugg|54/100
|move|p1a: Avalugg|Icicle Spear|p2a: Dragapult
|-damage|p2a: Dragapult|46/100
|-damage|p2a: Dragapult|33/100
|-hitcount|p2a: Dragapult|2
|
|upkeep
|turn|11
|
|t:|1758998429
|switch|p2a: Iron Valiant|Iron Valiant|100/100
|-enditem|p2a: Iron Valiant|Booster Energy
|-activate|p2a: Iron Valiant|ability: Quark Drive|[fromitem]
|-start|p2a: Iron Valiant|quarkdrivespe
|move|p1a: Avalugg|Recover|p1a: Avalugg
|-heal|p1a: Avalugg|100/100
|
|upkeep
|turn|12
|
|t:|1758998432
|switch|p1a: Clodsire|Clodsire, M|100/100
|-sideend|p1: lycaaaa|move: Toxic Spikes|[of] p1a: Clodsire
|move|p2a: Iron Valiant|Calm Mind|p2a: Iron Valiant
|-boost|p2a: Iron Valiant|spa|1
|-boost|p2a: Iron Valiant|spd|1
|
|upkeep
|turn|13
|
|t:|1758998434
|move|p2a: Iron Valiant|Calm Mind|p2a: Iron Valiant
|-boost|p2a: Iron Valiant|spa|1
|-boost|p2a: Iron Valiant|spd|1
|move|p1a: Clodsire|Stealth Rock|p2a: Iron Valiant
|-sidestart|p2: Dr Greg H|move: Stealth Rock
|
|upkeep
|turn|14
|
|t:|1758998439
|switch|p1a: Mienshao|Mienshao, M, shiny|100/100
|move|p2a: Iron Valiant|Encore||[still]
|-fail|p2a: Iron Valiant
|
|upkeep
|turn|15
|
|t:|1758998441
|switch|p1a: Clodsire|Clodsire, M|100/100
|move|p2a: Iron Valiant|Shadow Ball|p1a: Clodsire
|-damage|p1a: Clodsire|85/100
|
|-heal|p1a: Clodsire|91/100|[from] item: Leftovers
|upkeep
|turn|16
|
|t:|1758998444
|-end|p2a: Iron Valiant|Quark Drive|[silent]
|switch|p2a: Kingambit|Kingambit, F|100/100
|-damage|p2a: Kingambit|94/100|[from] Stealth Rock
|-activate|p2a: Kingambit|ability: Supreme Overlord
|-start|p2a: Kingambit|fallen1|[silent]
|-item|p2a: Kingambit|Air Balloon
|move|p1a: Clodsire|Sludge Bomb|p2a: Kingambit
|-immune|p2a: Kingambit
|
|-heal|p1a: Clodsire|97/100|[from] item: Leftovers
|upkeep
|turn|17
|
|t:|1758998447
|switch|p1a: Talonflame|Talonflame, M, shiny|100/100
|move|p2a: Kingambit|Kowtow Cleave|p1a: Talonflame
|-damage|p1a: Talonflame|26/100
|-status|p2a: Kingambit|brn|[from] ability: Flame Body|[of] p1a: Talonflame
|
|-damage|p2a: Kingambit|88/100 brn|[from] brn
|upkeep
|turn|18
|
|t:|1758998453
|-end|p2a: Kingambit|fallen1|[silent]
|switch|p2a: Ogerpon|Ogerpon-Wellspring, F|83/100
|-damage|p2a: Ogerpon|70/100|[from] Stealth Rock
|move|p1a: Talonflame|Roost|p1a: Talonflame
|-heal|p1a: Talonflame|76/100
|-singleturn|p1a: Talonflame|move: Roost
|
|upkeep
|turn|19
|
|t:|1758998466
|switch|p1a: Avalugg|Avalugg, M, shiny|100/100
|move|p2a: Ogerpon|Swords Dance|p2a: Ogerpon
|-boost|p2a: Ogerpon|atk|2
|
|upkeep
|turn|20
|
|t:|1758998468
|move|p2a: Ogerpon|Ivy Cudgel|p1a: Avalugg|[anim] Ivy Cudgel Water
|-damage|p1a: Avalugg|51/100
|move|p1a: Avalugg|Icicle Spear|p2a: Ogerpon
|-crit|p2a: Ogerpon
|-damage|p2a: Ogerpon|51/100
|-damage|p2a: Ogerpon|37/100
|-damage|p2a: Ogerpon|24/100
|-hitcount|p2a: Ogerpon|3
|
|upkeep
|turn|21
|
|t:|1758998474
|-terastallize|p1a: Avalugg|Dragon
|move|p2a: Ogerpon|Ivy Cudgel|p1a: Avalugg|[anim] Ivy Cudgel Water
|-resisted|p1a: Avalugg
|-damage|p1a: Avalugg|25/100
|move|p1a: Avalugg|Recover|p1a: Avalugg
|-heal|p1a: Avalugg|75/100
|
|upkeep
|turn|22
|
|t:|1758998479
|switch|p1a: Mienshao|Mienshao, M, shiny|100/100
|move|p2a: Ogerpon|Play Rough|p1a: Mienshao
|-supereffective|p1a: Mienshao
|-damage|p1a: Mienshao|0 fnt
|faint|p1a: Mienshao
|
|upkeep
|
|t:|1758998481
|switch|p1a: Avalugg|Avalugg, M, shiny, tera:Dragon|75/100
|turn|23
|
|t:|1758998483
|move|p2a: Ogerpon|Play Rough|p1a: Avalugg
|-supereffective|p1a: Avalugg
|-damage|p1a: Avalugg|12/100
|move|p1a: Avalugg|Icicle Spear|p2a: Ogerpon
|-crit|p2a: Ogerpon
|-damage|p2a: Ogerpon|4/100
|-damage|p2a: Ogerpon|0 fnt
|faint|p2a: Ogerpon
|-hitcount|p2: Ogerpon|2
|
|upkeep
|
|t:|1758998486
|switch|p2a: Dragapult|Dragapult, M, tera:Ghost|33/100
|-damage|p2a: Dragapult|21/100|[from] Stealth Rock
|turn|24
|
|t:|1758998495
|move|p2a: Dragapult|Tera Blast|p1a: Avalugg|[anim] Tera Blast Ghost
|-damage|p1a: Avalugg|0 fnt
|faint|p1a: Avalugg
|
|upkeep
|
|t:|1758998497
|switch|p1a: Glaceon|Glaceon, M|94/100 tox
|turn|25
|
|t:|1758998500
|switch|p2a: Iron Valiant|Iron Valiant|100/100
|-damage|p2a: Iron Valiant|94/100|[from] Stealth Rock
|move|p1a: Glaceon|Ice Beam|p2a: Iron Valiant
|-damage|p2a: Iron Valiant|0 fnt
|faint|p2a: Iron Valiant
|-end|p2a: Iron Valiant|Quark Drive|[silent]
|
|-damage|p1a: Glaceon|88/100 tox|[from] psn
|upkeep
|
|t:|1758998503
|switch|p2a: Great Tusk|Great Tusk|100/100
|-damage|p2a: Great Tusk|98/100|[from] Stealth Rock
|-enditem|p2a: Great Tusk|Booster Energy
|-activate|p2a: Great Tusk|ability: Protosynthesis|[fromitem]
|-start|p2a: Great Tusk|protosynthesisspe
|turn|26
|
|t:|1758998506
|switch|p1a: Talonflame|Talonflame, M, shiny|76/100
|move|p2a: Great Tusk|Close Combat|p1a: Talonflame
|-resisted|p1a: Talonflame
|-damage|p1a: Talonflame|45/100
|-unboost|p2a: Great Tusk|def|1
|-unboost|p2a: Great Tusk|spd|1
|
|upkeep
|turn|27
|
|t:|1758998511
|move|p2a: Great Tusk|Taunt|p1a: Talonflame
|-start|p1a: Talonflame|move: Taunt
|cant|p1a: Talonflame|move: Taunt|Roost
|
|upkeep
|turn|28
|-message|lycaaaa forfeited.
|
|win|Dr Greg H
|raw|lycaaaa's rating: 1659 &rarr; <strong>1648</strong><br />(-11 for losing)
|raw|Dr Greg H's rating: 1819 &rarr; <strong>1830</strong><br />(+11 for winning)
|l|☆Dr Greg H
|player|p2|
