|j|☆qxzwwzxq
|j|☆dwightsrevenge
|t:|1759068975
|gametype|singles
|player|p1|qxzwwzxq|266|1118
|player|p2|dwightsrevenge|169|1107
|gen|9
|tier|[Gen 9] OU
|rated|
|rule|HP Percentage Mod: HP is shown in percentages
|rule|Endless Battle Clause: Forcing endless battles is banned
|rule|Species Clause: Limit one of each Pokémon
|rule|OHKO Clause: OHKO moves are banned
|rule|Evasion Items Clause: Evasion items are banned
|rule|Evasion Moves Clause: Evasion moves are banned
|rule|Evasion Abilities Clause: Evasion abilities are banned
|rule|Sleep Moves Clause: Sleep-inducing moves are banned
|clearpoke
|poke|p1|Sandy Shocks|
|poke|p1|Slither Wing|
|poke|p1|Dragonite, F|
|poke|p1|Primarina, F|
|poke|p1|Gholdengo|
|poke|p1|Iron Treads|
|poke|p2|Arcanine, M|
|poke|p2|Hitmonchan, M|
|poke|p2|Scyther, M|
|poke|p2|Lapras, F|
|poke|p2|Dragonite, M|
|poke|p2|Clefable, F|
|teampreview
|inactive|Battle timer is ON: inactive players will automatically lose when time's up. (requested by qxzwwzxq)
|
|t:|1759068998
|teamsize|p1|6
|teamsize|p2|6
|start
|switch|p1a: hyh（bushi）|Primarina, F, shiny|100/100
|switch|p2a: Scyther|Scyther, M, shiny|100/100
|turn|1
|
|t:|1759069003
|move|p2a: Scyther|Swords Dance|p2a: Scyther
|-boost|p2a: Scyther|atk|2
|move|p1a: hyh（bushi）|Flip Turn|p2a: Scyther
|-damage|p2a: Scyther|88/100
|
|t:|1759069019
|switch|p1a: 能使用地震反杀资本家的工人|Iron Treads, shiny|100/100|[from] Flip Turn
|
|upkeep
|turn|2
|
|t:|1759069026
|move|p1a: 能使用地震反杀资本家的工人|Stealth Rock|p2a: Scyther
|-sidestart|p2: dwightsrevenge|move: Stealth Rock
|move|p2a: Scyther|Swords Dance|p2a: Scyther
|-boost|p2a: Scyther|atk|2
|
|upkeep
|turn|3
|
|t:|1759069031
|move|p1a: 能使用地震反杀资本家的工人|Rapid Spin|p2a: Scyther
|-damage|p2a: Scyther|71/100
|-boost|p1a: 能使用地震反杀资本家的工人|spe|1
|move|p2a: Scyther|Bug Bite|p1a: 能使用地震反杀资本家的工人
|-resisted|p1a: 能使用地震反杀资本家的工人
|-damage|p1a: 能使用地震反杀资本家的工人|44/100
|
|upkeep
|turn|4
|
|t:|1759069040
|move|p1a: 能使用地震反杀资本家的工人|Knock Off|p2a: Scyther
|-damage|p2a: Scyther|43/100
|-enditem|p2a: Scyther|Eviolite|[from] move: Knock Off|[of] p1a: 能使用地震反杀资本家的工人
|move|p2a: Scyther|Bug Bite|p1a: 能使用地震反杀资本家的工人
|-resisted|p1a: 能使用地震反杀资本家的工人
|-damage|p1a: 能使用地震反杀资本家的工人|0 fnt
|faint|p1a: 能使用地震反杀资本家的工人
|-end|p1a: 能使用地震反杀资本家的工人|Quark Drive|[silent]
|
|upkeep
|
|t:|1759069057
|switch|p1a: 温知识:这货速度比爬地翅还慢1点|Dragonite, F, shiny|100/100
|turn|5
|
|t:|1759069064
|move|p1a: 温知识:这货速度比爬地翅还慢1点|Extreme Speed|p2a: Scyther
|-damage|p2a: Scyther|0 fnt
|faint|p2a: Scyther
|
|upkeep
|
|t:|1759069072
|switch|p2a: Hitmonchan|Hitmonchan, M|100/100
|-damage|p2a: Hitmonchan|95/100|[from] Stealth Rock
|turn|6
|
|t:|1759069077
|move|p1a: 温知识:这货速度比爬地翅还慢1点|Dragon Dance|p1a: 温知识:这货速度比爬地翅还慢1点
|-boost|p1a: 温知识:这货速度比爬地翅还慢1点|atk|1
|-boost|p1a: 温知识:这货速度比爬地翅还慢1点|spe|1
|move|p2a: Hitmonchan|Rapid Spin|p1a: 温知识:这货速度比爬地翅还慢1点
|-damage|p1a: 温知识:这货速度比爬地翅还慢1点|91/100
|-boost|p2a: Hitmonchan|spe|1
|-sideend|p2: dwightsrevenge|Stealth Rock|[from] move: Rapid Spin|[of] p2a: Hitmonchan
|
|upkeep
|turn|7
|
|t:|1759069085
|move|p1a: 温知识:这货速度比爬地翅还慢1点|Earthquake|p2a: Hitmonchan
|-damage|p2a: Hitmonchan|10/100
|move|p2a: Hitmonchan|Knock Off|p1a: 温知识:这货速度比爬地翅还慢1点
|-damage|p1a: 温知识:这货速度比爬地翅还慢1点|57/100
|-enditem|p1a: 温知识:这货速度比爬地翅还慢1点|Heavy-Duty Boots|[from] move: Knock Off|[of] p2a: Hitmonchan
|
|upkeep
|turn|8
|
|t:|1759069091
|move|p1a: 温知识:这货速度比爬地翅还慢1点|Extreme Speed|p2a: Hitmonchan
|-damage|p2a: Hitmonchan|0 fnt
|faint|p2a: Hitmonchan
|
|upkeep
|
|t:|1759069095
|switch|p2a: Arcanine|Arcanine, M|100/100
|-ability|p2a: Arcanine|Intimidate|boost
|-unboost|p1a: 温知识:这货速度比爬地翅还慢1点|atk|1
|turn|9
|
|t:|1759069101
|move|p1a: 温知识:这货速度比爬地翅还慢1点|Earthquake|p2a: Arcanine
|-supereffective|p2a: Arcanine
|-damage|p2a: Arcanine|43/100
|move|p2a: Arcanine|Will-O-Wisp|p1a: 温知识:这货速度比爬地翅还慢1点
|-status|p1a: 温知识:这货速度比爬地翅还慢1点|brn
|
|-damage|p1a: 温知识:这货速度比爬地翅还慢1点|51/100 brn|[from] brn
|upkeep
|turn|10
|
|t:|1759069109
|switch|p2a: Dragonite|Dragonite, M|100/100
|move|p1a: 温知识:这货速度比爬地翅还慢1点|Dragon Dance|p1a: 温知识:这货速度比爬地翅还慢1点
|-boost|p1a: 温知识:这货速度比爬地翅还慢1点|atk|1
|-boost|p1a: 温知识:这货速度比爬地翅还慢1点|spe|1
|
|-damage|p1a: 温知识:这货速度比爬地翅还慢1点|45/100 brn|[from] brn
|upkeep
|turn|11
|
|t:|1759069120
|move|p1a: 温知识:这货速度比爬地翅还慢1点|Ice Spinner|p2a: Dragonite
|-supereffective|p2a: Dragonite
|-damage|p2a: Dragonite|53/100
|-enditem|p2a: Dragonite|Weakness Policy
|-boost|p2a: Dragonite|atk|2|[from] item: Weakness Policy
|-boost|p2a: Dragonite|spa|2|[from] item: Weakness Policy
|move|p2a: Dragonite|Dragon Dance|p2a: Dragonite
|-boost|p2a: Dragonite|atk|1
|-boost|p2a: Dragonite|spe|1
|
|-damage|p1a: 温知识:这货速度比爬地翅还慢1点|39/100 brn|[from] brn
|upkeep
|turn|12
|inactive|dwightsrevenge has 120 seconds left.
|inactive|dwightsrevenge has 90 seconds left.
|
|t:|1759069196
|move|p1a: 温知识:这货速度比爬地翅还慢1点|Extreme Speed|p2a: Dragonite
|-damage|p2a: Dragonite|26/100
|move|p2a: Dragonite|Extreme Speed|p1a: 温知识:这货速度比爬地翅还慢1点
|-damage|p1a: 温知识:这货速度比爬地翅还慢1点|0 fnt
|faint|p1a: 温知识:这货速度比爬地翅还慢1点
|
|upkeep
|
|t:|1759069209
|switch|p1a: hyh（bushi）|Primarina, F, shiny|100/100
|turn|13
|
|t:|1759069214
|move|p2a: Dragonite|Earthquake|p1a: hyh（bushi）
|-damage|p1a: hyh（bushi）|0 fnt
|faint|p1a: hyh（bushi）
|
|upkeep
|
|t:|1759069219
|switch|p1a: 热知识:这货特防高达105|Slither Wing, shiny|100/100
|turn|14
|
|t:|1759069223
|move|p1a: 热知识:这货特防高达105|First Impression|p2a: Dragonite
|-resisted|p2a: Dragonite
|-damage|p2a: Dragonite|3/100
|move|p2a: Dragonite|Earthquake|p1a: 热知识:这货特防高达105
|-resisted|p1a: 热知识:这货特防高达105
|-damage|p1a: 热知识:这货特防高达105|61/100
|
|upkeep
|turn|15
|
|t:|1759069230
|move|p2a: Dragonite|Outrage|p1a: 热知识:这货特防高达105
|-damage|p1a: 热知识:这货特防高达105|0 fnt
|faint|p1a: 热知识:这货特防高达105
|-end|p1a: 热知识:这货特防高达105|Protosynthesis|[silent]
|
|upkeep
|
|t:|1759069235
|switch|p1a: 万恶的资本家|Gholdengo|100/100
|turn|16
|
|t:|1759069238
|move|p2a: Dragonite|Outrage|p1a: 万恶的资本家|[from] lockedmove
|-resisted|p1a: 万恶的资本家
|-damage|p1a: 万恶的资本家|0 fnt
|faint|p1a: 万恶的资本家
|
|upkeep
|
|t:|1759069241
|switch|p1a: 冷知识：这货物防高达97|Sandy Shocks, shiny|100/100
|turn|17
|
|t:|1759069245
|move|p2a: Dragonite|Outrage|p1a: 冷知识：这货物防高达97|[from] lockedmove
|-damage|p1a: 冷知识：这货物防高达97|0 fnt
|faint|p1a: 冷知识：这货物防高达97
|-end|p1a: 冷知识：这货物防高达97|Protosynthesis|[silent]
|-start|p2a: Dragonite|confusion|[fatigue]
|
|win|dwightsrevenge
|raw|qxzwwzxq's rating: 1118 &rarr; <strong>1092</strong><br />(-26 for losing)
|raw|dwightsrevenge's rating: 1107 &rarr; <strong>1133</strong><br />(+26 for winning)
|l|☆qxzwwzxq
|player|p1|
|l|☆dwightsrevenge
|player|p2|
