|badge|p1|silver|gen9ou|30-6
|badge|p1|bronze|gen9randombattle|100-6
|html|<div class="broadcast-red"><strong>This battle is required to be public due to one or more player having a season medal.</strong><br />During the public phase, you can discuss the state of the ladder <a href="/seasondiscussion">in a special chatroom.</a></div>
|uhtml|medal-msg|<div class="broadcast-blue">Curious what those medals under the avatar are? PS now has Ladder Seasons! For more information, check out the <a href="https://www.smogon.com/forums/threads/3740067/">thread on Smogon.</a></div>
|badge|p2|bronze|gen9ou|100-6
|uhtml|medal-msg|<div class="broadcast-blue">Curious what those medals under the avatar are? PS now has Ladder Seasons! For more information, check out the <a href="https://www.smogon.com/forums/threads/3740067/">thread on Smogon.</a></div>
|j|☆Ctannn
|j|‽JackRG1
|t:|1759011724
|gametype|singles
|player|p1|Ctannn|266|1958
|player|p2|JackRG1|dawn-gen4pt|1906
|gen|9
|tier|[Gen 9] OU
|rated|
|rule|HP Percentage Mod: HP is shown in percentages
|rule|Endless Battle Clause: Forcing endless battles is banned
|rule|Species Clause: Limit one of each Pokémon
|rule|OHKO Clause: OHKO moves are banned
|rule|Evasion Items Clause: Evasion items are banned
|rule|Evasion Moves Clause: Evasion moves are banned
|rule|Evasion Abilities Clause: Evasion abilities are banned
|rule|Sleep Moves Clause: Sleep-inducing moves are banned
|clearpoke
|poke|p1|Rillaboom, F|
|poke|p1|Garganacl, F|
|poke|p1|Cinderace, M|
|poke|p1|Raging Bolt|
|poke|p1|Slowking-Galar, M|
|poke|p1|Landorus-Therian, M|
|poke|p2|Weezing-Galar, M|
|poke|p2|Ting-Lu|
|poke|p2|Corviknight, F|
|poke|p2|Skeledirge, M|
|poke|p2|Dragapult, M|
|poke|p2|Ogerpon-Wellspring, F|
|teampreview
|inactive|Battle timer is ON: inactive players will automatically lose when time's up. (requested by Ctannn)
|j| Lamp0821
|l|‽JackRG1
|inactive|JackRG1 disconnected and has a minute to reconnect!
|player|p2|
|j| tiochicodobos
|inactive|JackRG1 has 30 seconds to reconnect!
|l| Lamp0821
|inactive|JackRG1 has 20 seconds to reconnect!
|j| Leotheminer
|j|‽JackRG1
|inactive|JackRG1 reconnected and has 95 seconds left.
|player|p2|JackRG1|dawn-gen4pt|
|n|‽JackRG1|jackrg1
|n|‽JackRG1|jackrg1
|n|‽JackRG1|jackrg1
|n|‽JackRG1|jackrg1
|n|‽JackRG1|jackrg1
|n|‽JackRG1|jackrg1
|n|‽JackRG1|jackrg1
|n|‽JackRG1|jackrg1
|n|‽JackRG1|jackrg1
|n|‽JackRG1|jackrg1
|n|‽JackRG1|jackrg1
|n|‽JackRG1|jackrg1
|n|‽JackRG1|jackrg1
|n|‽JackRG1|jackrg1
|n|‽JackRG1|jackrg1
|n|‽JackRG1|jackrg1
|n|‽JackRG1|jackrg1
|inactive|JackRG1 also wants the timer to be on.
|inactive|JackRG1 has 90 seconds left.
|
|t:|1759011791
|teamsize|p1|6
|teamsize|p2|6
|start
|switch|p1a: Landorus|Landorus-Therian, M|100/100
|switch|p2a: Ting-Lu|Ting-Lu, shiny|100/100
|-ability|p1a: Landorus|Intimidate|boost
|-unboost|p2a: Ting-Lu|atk|1
|-ability|p2a: Ting-Lu|Vessel of Ruin
|turn|1
|
|t:|1759011812
|switch|p2a: Ogerpon|Ogerpon-Wellspring, F|100/100
|move|p1a: Landorus|U-turn|p2a: Ogerpon
|-supereffective|p2a: Ogerpon
|-damage|p2a: Ogerpon|55/100
|
|t:|1759011815
|switch|p1a: Cinderace|Cinderace, M|100/100|[from] U-turn
|
|upkeep
|turn|2
|
|t:|1759011821
|switch|p2a: Weezing|Weezing-Galar, M|100/100
|-ability|p2a: Weezing|Neutralizing Gas
|move|p1a: Cinderace|Pyro Ball|p2a: Weezing
|-damage|p2a: Weezing|65/100
|
|upkeep
|turn|3
|
|t:|1759011826
|switch|p1a: Slowking|Slowking-Galar, M|100/100
|move|p2a: Weezing|Pain Split|p1a: Slowking
|-sethp|p1a: Slowking|78/100|[from] move: Pain Split|[silent]
|-sethp|p2a: Weezing|92/100|[from] move: Pain Split
|
|upkeep
|turn|4
|
|t:|1759011832
|move|p2a: Weezing|Will-O-Wisp|p1a: Slowking
|-status|p1a: Slowking|brn
|move|p1a: Slowking|Future Sight|p2a: Weezing
|-start|p1a: Slowking|move: Future Sight
|
|-damage|p1a: Slowking|72/100 brn|[from] brn
|upkeep
|turn|5
|
|t:|1759011835
|-end|p2a: Weezing|ability: Neutralizing Gas
|switch|p2a: Dragapult|Dragapult, M|100/100
|-prepare|p1a: Slowking|Chilly Reception|[premajor]
|move|p1a: Slowking|Chilly Reception|p1a: Slowking
|-weather|Snowscape
|
|t:|1759011841
|switch|p1a: Raging Bolt|Raging Bolt|100/100|[from] Chilly Reception
|
|-weather|Snowscape|[upkeep]
|upkeep
|turn|6
|
|t:|1759011846
|move|p2a: Dragapult|Draco Meteor|p1a: Raging Bolt|[miss]
|-miss|p2a: Dragapult|p1a: Raging Bolt
|move|p1a: Raging Bolt|Draco Meteor|p2a: Dragapult
|-supereffective|p2a: Dragapult
|-damage|p2a: Dragapult|0 fnt
|-unboost|p1a: Raging Bolt|spa|2
|faint|p2a: Dragapult
|
|-weather|Snowscape|[upkeep]
|-hint|Future Sight did not hit because the target is fainted.
|upkeep
|
|t:|1759011854
|switch|p2a: Ting-Lu|Ting-Lu, shiny|100/100
|-ability|p2a: Ting-Lu|Vessel of Ruin
|turn|7
|
|t:|1759011860
|-end|p1a: Raging Bolt|Protosynthesis|[silent]
|switch|p1a: Rillaboom|Rillaboom, F|100/100
|-fieldstart|move: Grassy Terrain|[from] ability: Grassy Surge|[of] p1a: Rillaboom
|move|p2a: Ting-Lu|Stealth Rock|p1a: Rillaboom
|-sidestart|p1: Ctannn|move: Stealth Rock
|
|-weather|Snowscape|[upkeep]
|upkeep
|turn|8
|
|t:|1759011868
|switch|p1a: Slowking|Slowking-Galar, M|100/100 brn
|-damage|p1a: Slowking|88/100 brn|[from] Stealth Rock
|switch|p2a: Corviknight|Corviknight, F|100/100
|-ability|p2a: Corviknight|Pressure
|
|-weather|Snowscape|[upkeep]
|-heal|p1a: Slowking|94/100 brn|[from] Grassy Terrain
|-damage|p1a: Slowking|88/100 brn|[from] brn
|upkeep
|turn|9
|
|t:|1759011871
|move|p2a: Corviknight|U-turn|p1a: Slowking
|-damage|p1a: Slowking|77/100 brn
|-damage|p2a: Corviknight|84/100|[from] item: Rocky Helmet|[of] p1a: Slowking
|
|t:|1759011889
|switch|p2a: Skeledirge|Skeledirge, M|100/100|[from] U-turn
|move|p1a: Slowking|Future Sight|p2a: Skeledirge
|-start|p1a: Slowking|move: Future Sight
|
|-weather|none
|-heal|p1a: Slowking|83/100 brn|[from] Grassy Terrain
|-damage|p1a: Slowking|77/100 brn|[from] brn
|upkeep
|turn|10
|
|t:|1759011892
|move|p2a: Skeledirge|Torch Song|p1a: Slowking
|-damage|p1a: Slowking|54/100 brn
|-boost|p2a: Skeledirge|spa|1
|-prepare|p1a: Slowking|Chilly Reception|[premajor]
|move|p1a: Slowking|Chilly Reception|p1a: Slowking
|-weather|Snowscape
|
|t:|1759011896
|switch|p1a: Raging Bolt|Raging Bolt|100/100|[from] Chilly Reception
|-damage|p1a: Raging Bolt|88/100|[from] Stealth Rock
|
|-weather|Snowscape|[upkeep]
|-heal|p1a: Raging Bolt|94/100|[from] Grassy Terrain
|upkeep
|turn|11
|
|t:|1759011904
|switch|p2a: Ting-Lu|Ting-Lu, shiny|100/100
|-ability|p2a: Ting-Lu|Vessel of Ruin
|move|p1a: Raging Bolt|Draco Meteor|p2a: Ting-Lu
|-damage|p2a: Ting-Lu|52/100
|-unboost|p1a: Raging Bolt|spa|2
|
|-weather|Snowscape|[upkeep]
|-end|p2a: Ting-Lu|move: Future Sight
|-immune|p2a: Ting-Lu
|-heal|p1a: Raging Bolt|100/100|[from] Grassy Terrain
|-heal|p2a: Ting-Lu|58/100|[from] Grassy Terrain
|-heal|p2a: Ting-Lu|64/100|[from] item: Leftovers
|-fieldend|move: Grassy Terrain
|upkeep
|turn|12
|
|t:|1759011911
|-end|p1a: Raging Bolt|Protosynthesis|[silent]
|switch|p1a: Landorus|Landorus-Therian, M|100/100
|-damage|p1a: Landorus|88/100|[from] Stealth Rock
|-ability|p1a: Landorus|Intimidate|boost
|-unboost|p2a: Ting-Lu|atk|1
|switch|p2a: Ogerpon|Ogerpon-Wellspring, F|55/100
|
|-weather|Snowscape|[upkeep]
|upkeep
|turn|13
|
|t:|1759011922
|-terastallize|p1a: Landorus|Water
|move|p2a: Ogerpon|Knock Off|p1a: Landorus
|-damage|p1a: Landorus|63/100
|-damage|p2a: Ogerpon|39/100|[from] item: Rocky Helmet|[of] p1a: Landorus
|-enditem|p1a: Landorus|Rocky Helmet|[from] move: Knock Off|[of] p2a: Ogerpon
|move|p1a: Landorus|U-turn|p2a: Ogerpon
|-supereffective|p2a: Ogerpon
|-damage|p2a: Ogerpon|0 fnt
|faint|p2a: Ogerpon
|-message|JackRG1 forfeited.
|
|win|Ctannn
|raw|Ctannn's rating: 1958 &rarr; <strong>1975</strong><br />(+17 for winning)
|raw|JackRG1's rating: 1906 &rarr; <strong>1889</strong><br />(-17 for losing)
|l|‽JackRG1
|player|p2|
|l| tiochicodobos
