|j|☆Untidia_Unita
|j|☆Octokoro
|t:|1758960740
|gametype|singles
|player|p1|Untidia_Unita|bellelba|1069
|player|p2|Octokoro|lance|1070
|gen|9
|tier|[Gen 9] OU
|rated|
|rule|HP Percentage Mod: HP is shown in percentages
|rule|Endless Battle Clause: Forcing endless battles is banned
|rule|Species Clause: Limit one of each Pokémon
|rule|OHKO Clause: OHKO moves are banned
|rule|Evasion Items Clause: Evasion items are banned
|rule|Evasion Moves Clause: Evasion moves are banned
|rule|Evasion Abilities Clause: Evasion abilities are banned
|rule|Sleep Moves Clause: Sleep-inducing moves are banned
|clearpoke
|poke|p1|Primarina, F|
|poke|p1|Drifblim, M|
|poke|p1|Pyroar, F|
|poke|p1|Lilligant-Hisui, F|
|poke|p1|Copperajah, M|
|poke|p1|Farigiraf, M|
|poke|p2|Dragapult, M|
|poke|p2|Ogerpon-Wellspring, F|
|poke|p2|Landorus-Therian, M|
|poke|p2|Primarina, F|
|poke|p2|Cinderace, M|
|poke|p2|Gholdengo|
|teampreview
|inactive|Battle timer is ON: inactive players will automatically lose when time's up. (requested by Untidia_Unita)
|
|t:|1758960748
|teamsize|p1|6
|teamsize|p2|6
|start
|switch|p1a: Farigiraf|Farigiraf, M, shiny|100/100
|switch|p2a: Landorus|Landorus-Therian, M|100/100
|-ability|p2a: Landorus|Intimidate|boost
|-unboost|p1a: Farigiraf|atk|1
|turn|1
|
|t:|1758960760
|move|p2a: Landorus|Stealth Rock|p1a: Farigiraf
|-sidestart|p1: Untidia_Unita|move: Stealth Rock
|move|p1a: Farigiraf|Trick Room|p1a: Farigiraf
|-fieldstart|move: Trick Room|[of] p1a: Farigiraf
|
|upkeep
|turn|2
|
|t:|1758960777
|move|p1a: Farigiraf|Protect|p1a: Farigiraf
|-singleturn|p1a: Farigiraf|Protect
|move|p2a: Landorus|Earth Power|p1a: Farigiraf
|-activate|p1a: Farigiraf|move: Protect
|
|upkeep
|turn|3
|inactive|Untidia_Unita has 120 seconds left.
|
|t:|1758960810
|switch|p1a: Lilligant|Lilligant-Hisui, F, shiny|100/100
|-damage|p1a: Lilligant|94/100|[from] Stealth Rock
|move|p2a: Landorus|Earth Power|p1a: Lilligant
|-resisted|p1a: Lilligant
|-damage|p1a: Lilligant|70/100
|
|upkeep
|turn|4
|inactive|Untidia_Unita has 120 seconds left.
|
|t:|1758960821
|move|p2a: Landorus|U-turn|p1a: Lilligant
|-damage|p1a: Lilligant|39/100
|
|t:|1758960824
|switch|p2a: Cinderace|Cinderace, M|100/100|[from] U-turn
|move|p1a: Lilligant|Swords Dance|p1a: Lilligant
|-boost|p1a: Lilligant|atk|2
|
|upkeep
|turn|5
|inactive|Untidia_Unita has 120 seconds left.
|
|t:|1758960845
|move|p1a: Lilligant|Acrobatics|p2a: Cinderace
|-damage|p2a: Cinderace|0 fnt
|faint|p2a: Cinderace
|
|-fieldend|move: Trick Room
|upkeep
|
|t:|1758960859
|switch|p2a: Gholdengo|Gholdengo|100/100
|-item|p2a: Gholdengo|Air Balloon
|turn|6
|inactive|Untidia_Unita has 120 seconds left.
|
|t:|1758960871
|move|p1a: Lilligant|Axe Kick|p2a: Gholdengo
|-immune|p2a: Gholdengo
|-damage|p1a: Lilligant|0 fnt|[from] highjumpkick
|faint|p1a: Lilligant
|move|p2a: Gholdengo|Shadow Ball|p1: Lilligant|[notarget]
|-fail|p2a: Gholdengo
|
|upkeep
|
|t:|1758960882
|switch|p1a: Drifblim|Drifblim, M, shiny|100/100
|turn|7
|
|t:|1758960890
|move|p2a: Gholdengo|Shadow Ball|p1a: Drifblim
|-supereffective|p1a: Drifblim
|-damage|p1a: Drifblim|34/100
|move|p1a: Drifblim|Thunder Wave|p2a: Gholdengo
|-immune|p2a: Gholdengo|[from] ability: Good as Gold
|
|upkeep
|turn|8
|inactive|Untidia_Unita has 120 seconds left.
|
|t:|1758960900
|move|p2a: Gholdengo|Shadow Ball|p1a: Drifblim
|-supereffective|p1a: Drifblim
|-damage|p1a: Drifblim|0 fnt
|faint|p1a: Drifblim
|
|upkeep
|
|t:|1758960928
|switch|p1a: Pyroar|Pyroar, F, shiny|100/100
|turn|9
|
|t:|1758960939
|switch|p2a: Primarina|Primarina, F|100/100
|move|p1a: Pyroar|Taunt|p2a: Primarina
|-start|p2a: Primarina|move: Taunt
|
|upkeep
|turn|10
|inactive|Untidia_Unita has 90 seconds left.
|
|t:|1758960966
|-terastallize|p1a: Pyroar|Ghost
|move|p1a: Pyroar|Tera Blast|p2a: Primarina|[anim] Tera Blast Ghost
|-damage|p2a: Primarina|79/100
|move|p2a: Primarina|Surf|p1a: Pyroar
|-damage|p1a: Pyroar|21/100
|
|upkeep
|turn|11
|
|t:|1758960978
|switch|p1a: Copperajah|Copperajah, M, shiny|100/100
|-damage|p1a: Copperajah|94/100|[from] Stealth Rock
|move|p2a: Primarina|Psychic Noise|p1a: Copperajah
|-resisted|p1a: Copperajah
|-damage|p1a: Copperajah|85/100
|-start|p1a: Copperajah|move: Heal Block
|
|-end|p2a: Primarina|move: Taunt
|upkeep
|turn|12
|
|t:|1758960995
|switch|p2a: Dragapult|Dragapult, M|100/100
|move|p1a: Copperajah|Iron Head|p2a: Dragapult
|-damage|p2a: Dragapult|41/100
|
|-heal|p2a: Dragapult|47/100|[from] item: Leftovers
|-end|p1a: Copperajah|move: Heal Block
|upkeep
|turn|13
|
|t:|1758961006
|move|p2a: Dragapult|Thunder|p1a: Copperajah
|-damage|p1a: Copperajah|60/100
|move|p1a: Copperajah|Iron Head|p2a: Dragapult
|-damage|p2a: Dragapult|0 fnt
|faint|p2a: Dragapult
|
|-heal|p1a: Copperajah|66/100|[from] item: Leftovers
|upkeep
|
|t:|1758961016
|switch|p2a: Ogerpon|Ogerpon-Wellspring, F|100/100
|turn|14
|
|t:|1758961027
|move|p2a: Ogerpon|Knock Off|p1a: Copperajah
|-damage|p1a: Copperajah|26/100
|-enditem|p1a: Copperajah|Leftovers|[from] move: Knock Off|[of] p2a: Ogerpon
|move|p1a: Copperajah|Stealth Rock|p2a: Ogerpon
|-sidestart|p2: Octokoro|move: Stealth Rock
|
|upkeep
|turn|15
|inactive|Untidia_Unita has 60 seconds left.
|
|t:|1758961057
|switch|p1a: Farigiraf|Farigiraf, M, shiny|100/100
|-damage|p1a: Farigiraf|88/100|[from] Stealth Rock
|move|p2a: Ogerpon|Ivy Cudgel|p1a: Farigiraf|[anim] Ivy Cudgel Water
|-damage|p1a: Farigiraf|31/100
|
|upkeep
|turn|16
|
|t:|1758961071
|move|p1a: Farigiraf|Protect|p1a: Farigiraf
|-singleturn|p1a: Farigiraf|Protect
|move|p2a: Ogerpon|Ivy Cudgel|p1a: Farigiraf|[anim] Ivy Cudgel Water
|-activate|p1a: Farigiraf|move: Protect
|
|upkeep
|turn|17
|
|t:|1758961078
|move|p2a: Ogerpon|Horn Leech|p1a: Farigiraf
|-damage|p1a: Farigiraf|0 fnt
|faint|p1a: Farigiraf
|
|upkeep
|
|t:|1758961084
|switch|p1a: Primarina|Primarina, F, shiny|100/100
|-damage|p1a: Primarina|88/100|[from] Stealth Rock
|turn|18
|
|t:|1758961092
|move|p2a: Ogerpon|Horn Leech|p1a: Primarina
|-supereffective|p1a: Primarina
|-damage|p1a: Primarina|0 fnt
|faint|p1a: Primarina
|
|upkeep
|
|t:|1758961100
|switch|p1a: Pyroar|Pyroar, F, shiny, tera:Ghost|21/100
|turn|19
|
|t:|1758961106
|move|p2a: Ogerpon|Knock Off|p1a: Pyroar
|-supereffective|p1a: Pyroar
|-damage|p1a: Pyroar|0 fnt
|-enditem|p1a: Pyroar|Heavy-Duty Boots|[from] move: Knock Off|[of] p2a: Ogerpon
|faint|p1a: Pyroar
|
|upkeep
|
|t:|1758961111
|switch|p1a: Copperajah|Copperajah, M, shiny|26/100
|-damage|p1a: Copperajah|20/100|[from] Stealth Rock
|turn|20
|
|t:|1758961118
|move|p2a: Ogerpon|Ivy Cudgel|p1a: Copperajah|[anim] Ivy Cudgel Water
|-damage|p1a: Copperajah|0 fnt
|faint|p1a: Copperajah
|
|win|Octokoro
|raw|Untidia_Unita's rating: 1069 &rarr; <strong>1049</strong><br />(-20 for losing)
|raw|Octokoro's rating: 1070 &rarr; <strong>1099</strong><br />(+29 for winning)
|l|☆Untidia_Unita
|player|p1|
|l|☆Octokoro
|player|p2|
