|j|☆klefki_did_it
|j|☆erravem
|t:|1758971340
|gametype|singles
|player|p1|klefki_did_it|pokemonbreeder-gen4|1281
|player|p2|erravem|shadowtriad|1262
|gen|9
|tier|[Gen 9] OU
|rated|
|rule|HP Percentage Mod: HP is shown in percentages
|rule|Endless Battle Clause: Forcing endless battles is banned
|rule|Species Clause: Limit one of each Pokémon
|rule|OHKO Clause: OHKO moves are banned
|rule|Evasion Items Clause: Evasion items are banned
|rule|Evasion Moves Clause: Evasion moves are banned
|rule|Evasion Abilities Clause: Evasion abilities are banned
|rule|Sleep Moves Clause: Sleep-inducing moves are banned
|clearpoke
|poke|p1|Staraptor, M|
|poke|p1|Kingambit, M|
|poke|p1|Emboar, F|
|poke|p1|Thundurus, M|
|poke|p1|Mandibuzz, F|
|poke|p1|Gardevoir, F|
|poke|p2|Moltres-Galar|
|poke|p2|Samurott-Hisui, F|
|poke|p2|Iron Crown|
|poke|p2|Weezing-Galar, M|
|poke|p2|Alomomola, F|
|poke|p2|Deoxys-Speed|
|teampreview
|inactive|Battle timer is ON: inactive players will automatically lose when time's up. (requested by klefki_did_it)
|j| General Rapane
|inactive|klefki_did_it has 120 seconds left.
|
|t:|1758971381
|teamsize|p1|6
|teamsize|p2|6
|start
|switch|p1a: Staraptor|Staraptor, M|100/100
|switch|p2a: Samurott|Samurott-Hisui, F|100/100
|turn|1
|
|t:|1758971397
|move|p1a: Staraptor|U-turn|p2a: Samurott
|-supereffective|p2a: Samurott
|-damage|p2a: Samurott|51/100
|
|t:|1758971406
|switch|p1a: Gardevoir|Gardevoir, F|100/100|[from] U-turn
|-ability|p1a: Gardevoir|Torrent|Trace|[from] ability: Trace|[of] p2a: Samurott
|move|p2a: Samurott|Ceaseless Edge|p1a: Gardevoir
|-damage|p1a: Gardevoir|47/100
|-sidestart|p1: klefki_did_it|Spikes
|
|upkeep
|turn|2
|
|t:|1758971418
|move|p1a: Gardevoir|Moonblast|p2a: Samurott
|-supereffective|p2a: Samurott
|-damage|p2a: Samurott|0 fnt
|faint|p2a: Samurott
|
|upkeep
|
|t:|1758971427
|switch|p2a: Deoxys|Deoxys-Speed|100/100
|-ability|p2a: Deoxys|Pressure
|turn|3
|
|t:|1758971431
|move|p2a: Deoxys|Knock Off|p1a: Gardevoir
|-damage|p1a: Gardevoir|2/100
|-enditem|p1a: Gardevoir|Choice Scarf|[from] move: Knock Off|[of] p2a: Deoxys
|move|p1a: Gardevoir|Moonblast|p2a: Deoxys
|-damage|p2a: Deoxys|16/100
|
|upkeep
|turn|4
|l| General Rapane
|
|t:|1758971453
|switch|p1a: Mandibuzz|Mandibuzz, F|100/100
|move|p2a: Deoxys|Knock Off|p1a: Mandibuzz
|-resisted|p1a: Mandibuzz
|-crit|p1a: Mandibuzz
|-damage|p1a: Mandibuzz|91/100
|-enditem|p1a: Mandibuzz|Heavy-Duty Boots|[from] move: Knock Off|[of] p2a: Deoxys
|
|upkeep
|turn|5
|
|t:|1758971466
|move|p2a: Deoxys|Stealth Rock|p1a: Mandibuzz
|-sidestart|p1: klefki_did_it|move: Stealth Rock
|move|p1a: Mandibuzz|Foul Play|p2a: Deoxys
|-supereffective|p2a: Deoxys
|-damage|p2a: Deoxys|0 fnt
|faint|p2a: Deoxys
|
|upkeep
|
|t:|1758971477
|switch|p2a: Weezing|Weezing-Galar, M|100/100
|-ability|p2a: Weezing|Neutralizing Gas
|turn|6
|j| General Rapane
|
|t:|1758971482
|switch|p1a: Gardevoir|Gardevoir, F|2/100
|-damage|p1a: Gardevoir|0 fnt|[from] Spikes
|faint|p1a: Gardevoir
|move|p2a: Weezing|Strange Steam|p1: Gardevoir|[notarget]
|-fail|p2a: Weezing
|
|upkeep
|
|t:|1758971492
|switch|p1a: Staraptor|Staraptor, M|100/100
|-damage|p1a: Staraptor|76/100|[from] Stealth Rock
|turn|7
|
|t:|1758971499
|move|p1a: Staraptor|Final Gambit|p2a: Weezing
|-damage|p2a: Weezing|16/100
|faint|p1a: Staraptor
|move|p2a: Weezing|Will-O-Wisp|p1: Staraptor|[notarget]
|-fail|p2a: Weezing
|
|-heal|p2a: Weezing|22/100|[from] item: Black Sludge
|upkeep
|
|t:|1758971508
|switch|p1a: Thundurus|Thundurus, M|100/100
|-damage|p1a: Thundurus|76/100|[from] Stealth Rock
|turn|8
|l| General Rapane
|
|t:|1758971515
|move|p1a: Thundurus|Wild Charge|p2a: Weezing
|-damage|p2a: Weezing|0 fnt
|faint|p2a: Weezing
|-end|p2a: Weezing|ability: Neutralizing Gas
|-damage|p1a: Thundurus|70/100|[from] Recoil
|-damage|p1a: Thundurus|60/100|[from] item: Life Orb
|
|upkeep
|
|t:|1758971520
|switch|p2a: Iron Crown|Iron Crown|100/100
|-enditem|p2a: Iron Crown|Booster Energy
|-activate|p2a: Iron Crown|ability: Quark Drive|[fromitem]
|-start|p2a: Iron Crown|quarkdrivespe
|turn|9
|
|t:|1758971542
|switch|p1a: Mandibuzz|Mandibuzz, F|91/100
|-damage|p1a: Mandibuzz|66/100|[from] Stealth Rock
|move|p2a: Iron Crown|Tachyon Cutter|p1a: Mandibuzz
|-damage|p1a: Mandibuzz|47/100
|-damage|p1a: Mandibuzz|29/100
|-hitcount|p1a: Mandibuzz|2
|
|upkeep
|turn|10
|
|t:|1758971550
|move|p2a: Iron Crown|Tachyon Cutter|p1a: Mandibuzz
|-damage|p1a: Mandibuzz|11/100
|-crit|p1a: Mandibuzz
|-damage|p1a: Mandibuzz|0 fnt
|faint|p1a: Mandibuzz
|-hitcount|p1: Mandibuzz|2
|
|upkeep
|
|t:|1758971555
|switch|p1a: Emboar|Emboar, F, shiny|100/100
|-damage|p1a: Emboar|88/100|[from] Spikes
|-damage|p1a: Emboar|76/100|[from] Stealth Rock
|turn|11
|
|t:|1758971565
|move|p1a: Emboar|Sucker Punch|p2a: Iron Crown
|-supereffective|p2a: Iron Crown
|-damage|p2a: Iron Crown|24/100
|move|p2a: Iron Crown|Volt Switch|p1a: Emboar
|-damage|p1a: Emboar|50/100
|
|t:|1758971570
|-end|p2a: Iron Crown|Quark Drive|[silent]
|switch|p2a: Alomomola|Alomomola, F|100/100|[from] Volt Switch
|
|upkeep
|turn|12
|
|t:|1758971580
|switch|p1a: Kingambit|Kingambit, M|100/100
|-damage|p1a: Kingambit|88/100|[from] Spikes
|-damage|p1a: Kingambit|82/100|[from] Stealth Rock
|-activate|p1a: Kingambit|ability: Supreme Overlord
|-start|p1a: Kingambit|fallen3|[silent]
|move|p2a: Alomomola|Wish|p2a: Alomomola
|
|-heal|p1a: Kingambit|88/100|[from] item: Leftovers
|upkeep
|turn|13
|
|t:|1758971588
|move|p2a: Alomomola|Flip Turn|p1a: Kingambit
|-damage|p1a: Kingambit|78/100
|
|t:|1758971592
|switch|p2a: Iron Crown|Iron Crown|24/100|[from] Flip Turn
|move|p1a: Kingambit|Substitute|p1a: Kingambit
|-start|p1a: Kingambit|Substitute
|-damage|p1a: Kingambit|53/100
|
|-heal|p2a: Iron Crown|100/100|[from] move: Wish|[wisher] Alomomola
|-heal|p1a: Kingambit|59/100|[from] item: Leftovers
|upkeep
|turn|14
|
|t:|1758971604
|move|p1a: Kingambit|Sucker Punch|p2a: Iron Crown
|-supereffective|p2a: Iron Crown
|-damage|p2a: Iron Crown|1/100
|move|p2a: Iron Crown|Volt Switch|p1a: Kingambit
|-activate|p1a: Kingambit|move: Substitute|[damage]
|
|t:|1758971611
|-end|p2a: Iron Crown|Quark Drive|[silent]
|switch|p2a: Alomomola|Alomomola, F|100/100|[from] Volt Switch
|
|-heal|p1a: Kingambit|66/100|[from] item: Leftovers
|upkeep
|turn|15
|
|t:|1758971618
|move|p2a: Alomomola|Scald|p1a: Kingambit
|-end|p1a: Kingambit|Substitute
|move|p1a: Kingambit|Swords Dance|p1a: Kingambit
|-boost|p1a: Kingambit|atk|2
|
|-heal|p1a: Kingambit|72/100|[from] item: Leftovers
|upkeep
|turn|16
|
|t:|1758971629
|move|p1a: Kingambit|Sucker Punch|p2a: Alomomola
|-damage|p2a: Alomomola|43/100
|-damage|p1a: Kingambit|55/100|[from] item: Rocky Helmet|[of] p2a: Alomomola
|move|p2a: Alomomola|Scald|p1a: Kingambit
|-damage|p1a: Kingambit|41/100
|
|-heal|p1a: Kingambit|47/100|[from] item: Leftovers
|upkeep
|turn|17
|
|t:|1758971650
|move|p2a: Alomomola|Wish|p2a: Alomomola
|move|p1a: Kingambit|Substitute|p1a: Kingambit
|-start|p1a: Kingambit|Substitute
|-damage|p1a: Kingambit|22/100
|
|-heal|p1a: Kingambit|28/100|[from] item: Leftovers
|upkeep
|turn|18
|
|t:|1758971656
|move|p2a: Alomomola|Protect|p2a: Alomomola
|-singleturn|p2a: Alomomola|Protect
|move|p1a: Kingambit|Swords Dance|p1a: Kingambit
|-boost|p1a: Kingambit|atk|2
|
|-heal|p2a: Alomomola|93/100|[from] move: Wish|[wisher] Alomomola
|-heal|p1a: Kingambit|35/100|[from] item: Leftovers
|upkeep
|turn|19
|
|t:|1758971662
|move|p2a: Alomomola|Scald|p1a: Kingambit
|-activate|p1a: Kingambit|move: Substitute|[damage]
|move|p1a: Kingambit|Swords Dance|p1a: Kingambit
|-boost|p1a: Kingambit|atk|2
|
|-heal|p1a: Kingambit|41/100|[from] item: Leftovers
|upkeep
|turn|20
|
|t:|1758971671
|move|p1a: Kingambit|Sucker Punch|p2a: Alomomola
|-damage|p2a: Alomomola|0 fnt
|-damage|p1a: Kingambit|24/100|[from] item: Rocky Helmet|[of] p2a: Alomomola
|faint|p2a: Alomomola
|
|-heal|p1a: Kingambit|30/100|[from] item: Leftovers
|upkeep
|
|t:|1758971676
|switch|p2a: Iron Crown|Iron Crown|1/100
|turn|21
|
|t:|1758971681
|move|p1a: Kingambit|Sucker Punch|p2a: Iron Crown
|-supereffective|p2a: Iron Crown
|-damage|p2a: Iron Crown|0 fnt
|faint|p2a: Iron Crown
|-end|p2a: Iron Crown|Quark Drive|[silent]
|
|-heal|p1a: Kingambit|37/100|[from] item: Leftovers
|upkeep
|
|t:|1758971684
|switch|p2a: Moltres|Moltres-Galar|100/100
|turn|22
|
|t:|1758971687
|move|p2a: Moltres|Nasty Plot|p2a: Moltres
|-boost|p2a: Moltres|spa|2
|move|p1a: Kingambit|Iron Head|p2a: Moltres
|-crit|p2a: Moltres
|-damage|p2a: Moltres|0 fnt
|faint|p2a: Moltres
|
|win|klefki_did_it
|raw|klefki_did_it's rating: 1281 &rarr; <strong>1305</strong><br />(+24 for winning)
|raw|erravem's rating: 1262 &rarr; <strong>1238</strong><br />(-24 for losing)
|l|☆erravem
|player|p2|
