|j|☆Team BBIO 38
|j|☆marceeisanut
|t:|1758915234
|gametype|singles
|player|p1|Team BBIO 38|dragontamer|1238
|player|p2|marceeisanut|skierf-gen4dp|1234
|gen|9
|tier|[Gen 9] OU
|rated|
|rule|HP Percentage Mod: HP is shown in percentages
|rule|Endless Battle Clause: Forcing endless battles is banned
|rule|Species Clause: Limit one of each Pokémon
|rule|OHKO Clause: OHKO moves are banned
|rule|Evasion Items Clause: Evasion items are banned
|rule|Evasion Moves Clause: Evasion moves are banned
|rule|Evasion Abilities Clause: Evasion abilities are banned
|rule|Sleep Moves Clause: Sleep-inducing moves are banned
|clearpoke
|poke|p1|Dusclops, M|
|poke|p1|Blissey, F|
|poke|p1|Flamigo, M|
|poke|p1|Latias, F|
|poke|p1|Darkrai|
|poke|p1|Rotom|
|poke|p2|Ogerpon-Cornerstone, F|
|poke|p2|Hatterene, F|
|poke|p2|Pecharunt|
|poke|p2|Landorus-Therian, M|
|poke|p2|Kingambit, M|
|poke|p2|Latios, M|
|teampreview
|inactive|Battle timer is ON: inactive players will automatically lose when time's up. (requested by Team BBIO 38)
|
|t:|1758915257
|teamsize|p1|6
|teamsize|p2|6
|start
|switch|p1a: Rotom|Rotom|100/100
|switch|p2a: Kingambit|Kingambit, M|100/100
|turn|1
|inactive|Team BBIO 38 has 120 seconds left.
|
|t:|1758915304
|move|p1a: Rotom|Trick|p2a: Kingambit
|-activate|p1a: Rotom|move: Trick|[of] p2a: Kingambit
|-item|p2a: Kingambit|Choice Scarf|[from] move: Trick
|-item|p1a: Rotom|Leftovers|[from] move: Trick
|move|p2a: Kingambit|Kowtow Cleave|p1a: Rotom
|-supereffective|p1a: Rotom
|-damage|p1a: Rotom|0 fnt
|faint|p1a: Rotom
|
|upkeep
|
|t:|1758915312
|switch|p1a: Flamigo|Flamigo, M|100/100
|turn|2
|
|t:|1758915316
|-end|p2a: Kingambit|fallenundefined|[silent]
|switch|p2a: Pecharunt|Pecharunt|100/100
|move|p1a: Flamigo|Close Combat|p2a: Pecharunt
|-resisted|p2a: Pecharunt
|-damage|p2a: Pecharunt|85/100
|-unboost|p1a: Flamigo|def|1
|-unboost|p1a: Flamigo|spd|1
|
|upkeep
|turn|3
|inactive|Team BBIO 38 has 120 seconds left.
|
|t:|1758915328
|switch|p1a: Blissey|Blissey, F|100/100
|move|p2a: Pecharunt|Parting Shot|p1a: Blissey
|-unboost|p1a: Blissey|atk|1
|-unboost|p1a: Blissey|spa|1
|
|t:|1758915333
|switch|p2a: Kingambit|Kingambit, M|100/100|[from] Parting Shot
|
|upkeep
|turn|4
|
|t:|1758915339
|move|p2a: Kingambit|Low Kick|p1a: Blissey
|-supereffective|p1a: Blissey
|-damage|p1a: Blissey|59/100
|move|p1a: Blissey|Seismic Toss|p2a: Kingambit
|-damage|p2a: Kingambit|71/100
|
|-heal|p1a: Blissey|65/100|[from] item: Leftovers
|upkeep
|turn|5
|
|t:|1758915347
|switch|p1a: Dusclops|Dusclops, M|100/100
|-item|p2a: Kingambit|Choice Scarf|[from] ability: Frisk|[of] p1a: Dusclops
|move|p2a: Kingambit|Low Kick|p1a: Dusclops
|-immune|p1a: Dusclops
|
|upkeep
|turn|6
|
|t:|1758915357
|-end|p2a: Kingambit|fallenundefined|[silent]
|switch|p2a: Latios|Latios, M|100/100
|move|p1a: Dusclops|Will-O-Wisp|p2a: Latios
|-status|p2a: Latios|brn
|
|-damage|p2a: Latios|95/100 brn|[from] brn
|upkeep
|turn|7
|
|t:|1758915368
|switch|p1a: Blissey|Blissey, F|65/100
|move|p2a: Latios|Trick|p1a: Blissey
|-activate|p2a: Latios|move: Trick|[of] p1a: Blissey
|-item|p1a: Blissey|Choice Scarf|[from] move: Trick
|-item|p2a: Latios|Leftovers|[from] move: Trick
|
|-heal|p2a: Latios|100/100 brn|[from] item: Leftovers
|-damage|p2a: Latios|95/100 brn|[from] brn
|upkeep
|turn|8
|
|t:|1758915377
|switch|p2a: Pecharunt|Pecharunt|85/100
|move|p1a: Blissey|Seismic Toss|p2a: Pecharunt
|-immune|p2a: Pecharunt
|
|upkeep
|turn|9
|
|t:|1758915383
|switch|p1a: Darkrai|Darkrai|100/100
|move|p2a: Pecharunt|Parting Shot|p1a: Darkrai
|-unboost|p1a: Darkrai|atk|1
|-unboost|p1a: Darkrai|spa|1
|
|t:|1758915388
|switch|p2a: Hatterene|Hatterene, F|100/100|[from] Parting Shot
|
|upkeep
|turn|10
|
|t:|1758915393
|move|p1a: Darkrai|Dark Pulse|p2a: Hatterene
|-damage|p2a: Hatterene|73/100
|cant|p2a: Hatterene|flinch
|
|upkeep
|turn|11
|
|t:|1758915399
|switch|p1a: Blissey|Blissey, F|65/100
|move|p2a: Hatterene|Draining Kiss|p1a: Blissey
|-damage|p1a: Blissey|55/100
|-heal|p2a: Hatterene|89/100|[from] drain|[of] p1a: Blissey
|
|upkeep
|turn|12
|
|t:|1758915405
|move|p1a: Blissey|Seismic Toss|p2a: Hatterene
|-damage|p2a: Hatterene|57/100
|move|p2a: Hatterene|Psychic Noise|p1a: Blissey
|-damage|p1a: Blissey|40/100
|-start|p1a: Blissey|move: Heal Block
|
|upkeep
|turn|13
|
|t:|1758915412
|switch|p2a: Pecharunt|Pecharunt|85/100
|move|p1a: Blissey|Seismic Toss|p2a: Pecharunt
|-immune|p2a: Pecharunt
|
|-end|p1a: Blissey|move: Heal Block
|upkeep
|turn|14
|
|t:|1758915419
|switch|p1a: Alaric|Latias, F|100/100
|move|p2a: Pecharunt|Shadow Ball|p1a: Alaric
|-supereffective|p1a: Alaric
|-damage|p1a: Alaric|52/100
|
|upkeep
|turn|15
|
|t:|1758915426
|-terastallize|p1a: Alaric|Steel
|move|p1a: Alaric|Calm Mind|p1a: Alaric
|-boost|p1a: Alaric|spa|1
|-boost|p1a: Alaric|spd|1
|move|p2a: Pecharunt|Parting Shot|p1a: Alaric
|-unboost|p1a: Alaric|atk|1
|-unboost|p1a: Alaric|spa|1
|
|t:|1758915436
|switch|p2a: Kingambit|Kingambit, M|71/100|[from] Parting Shot
|
|upkeep
|turn|16
|
|t:|1758915442
|-terastallize|p2a: Kingambit|Ghost
|move|p1a: Alaric|Aura Sphere|p2a: Kingambit
|-immune|p2a: Kingambit
|move|p2a: Kingambit|Kowtow Cleave|p1a: Alaric
|-damage|p1a: Alaric|0 fnt
|faint|p1a: Alaric
|
|upkeep
|
|t:|1758915450
|switch|p1a: Darkrai|Darkrai|100/100
|turn|17
|
|t:|1758915460
|-end|p2a: Kingambit|fallenundefined|[silent]
|switch|p2a: Landorus|Landorus-Therian, M|100/100
|-ability|p2a: Landorus|Intimidate|boost
|-unboost|p1a: Darkrai|atk|1
|move|p1a: Darkrai|Dark Pulse|p2a: Landorus
|-damage|p2a: Landorus|27/100
|
|upkeep
|turn|18
|
|t:|1758915466
|move|p1a: Darkrai|Dark Pulse|p2a: Landorus
|-damage|p2a: Landorus|0 fnt
|faint|p2a: Landorus
|
|upkeep
|
|t:|1758915469
|switch|p2a: Hatterene|Hatterene, F|57/100
|turn|19
|
|t:|1758915472
|move|p1a: Darkrai|Dark Pulse|p2a: Hatterene
|-damage|p2a: Hatterene|20/100
|cant|p2a: Hatterene|flinch
|
|upkeep
|turn|20
|
|t:|1758915476
|move|p1a: Darkrai|Dark Pulse|p2a: Hatterene
|-damage|p2a: Hatterene|0 fnt
|faint|p2a: Hatterene
|
|upkeep
|
|t:|1758915483
|switch|p2a: Ogerpon|Ogerpon-Cornerstone, F|100/100
|turn|21
|
|t:|1758915486
|switch|p1a: Dusclops|Dusclops, M|100/100
|-item|p2a: Ogerpon|Cornerstone Mask|[from] ability: Frisk|[of] p1a: Dusclops
|move|p2a: Ogerpon|Ivy Cudgel|p1a: Dusclops|[anim] Ivy Cudgel Rock
|-damage|p1a: Dusclops|71/100
|
|upkeep
|turn|22
|
|t:|1758915492
|switch|p2a: Latios|Latios, M|95/100 brn
|move|p1a: Dusclops|Will-O-Wisp|p2a: Latios
|-fail|p2a: Latios|brn
|
|-heal|p2a: Latios|100/100 brn|[from] item: Leftovers
|-damage|p2a: Latios|95/100 brn|[from] brn
|upkeep
|turn|23
|
|t:|1758915501
|switch|p1a: Blissey|Blissey, F|40/100
|move|p2a: Latios|Draco Meteor|p1a: Blissey
|-damage|p1a: Blissey|14/100
|-unboost|p2a: Latios|spa|2
|
|-heal|p2a: Latios|100/100 brn|[from] item: Leftovers
|-damage|p2a: Latios|95/100 brn|[from] brn
|upkeep
|turn|24
|
|t:|1758915510
|move|p2a: Latios|Draco Meteor|p1a: Blissey|[miss]
|-miss|p2a: Latios|p1a: Blissey
|move|p1a: Blissey|Soft-Boiled|p1a: Blissey
|-heal|p1a: Blissey|64/100
|
|-heal|p2a: Latios|100/100 brn|[from] item: Leftovers
|-damage|p2a: Latios|95/100 brn|[from] brn
|upkeep
|turn|25
|
|t:|1758915517
|switch|p2a: Ogerpon|Ogerpon-Cornerstone, F|100/100
|move|p1a: Blissey|Soft-Boiled|p1a: Blissey
|-heal|p1a: Blissey|100/100
|
|upkeep
|turn|26
|
|t:|1758915523
|switch|p1a: Dusclops|Dusclops, M|71/100
|-item|p2a: Ogerpon|Cornerstone Mask|[from] ability: Frisk|[of] p1a: Dusclops
|move|p2a: Ogerpon|Swords Dance|p2a: Ogerpon
|-boost|p2a: Ogerpon|atk|2
|
|upkeep
|turn|27
|
|t:|1758915529
|move|p2a: Ogerpon|Ivy Cudgel|p1a: Dusclops|[anim] Ivy Cudgel Rock
|-damage|p1a: Dusclops|11/100
|move|p1a: Dusclops|Will-O-Wisp|p2a: Ogerpon|[miss]
|-miss|p1a: Dusclops|p2a: Ogerpon
|
|upkeep
|turn|28
|
|t:|1758915535
|move|p2a: Ogerpon|Ivy Cudgel|p1a: Dusclops|[anim] Ivy Cudgel Rock
|-damage|p1a: Dusclops|0 fnt
|faint|p1a: Dusclops
|
|upkeep
|
|t:|1758915539
|switch|p1a: Flamigo|Flamigo, M|100/100
|turn|29
|
|t:|1758915543
|move|p1a: Flamigo|Close Combat|p2a: Ogerpon
|-supereffective|p2a: Ogerpon
|-ability|p2a: Ogerpon|Sturdy
|-damage|p2a: Ogerpon|1/100
|-unboost|p1a: Flamigo|def|1
|-unboost|p1a: Flamigo|spd|1
|move|p2a: Ogerpon|Knock Off|p1a: Flamigo
|-resisted|p1a: Flamigo
|-damage|p1a: Flamigo|14/100
|-enditem|p1a: Flamigo|Choice Scarf|[from] move: Knock Off|[of] p2a: Ogerpon
|
|upkeep
|turn|30
|
|t:|1758915553
|move|p2a: Ogerpon|Ivy Cudgel|p1a: Flamigo|[anim] Ivy Cudgel Rock
|-damage|p1a: Flamigo|0 fnt
|faint|p1a: Flamigo
|
|upkeep
|
|t:|1758915557
|switch|p1a: Darkrai|Darkrai|100/100
|turn|31
|
|t:|1758915561
|move|p1a: Darkrai|Dark Pulse|p2a: Ogerpon
|-damage|p2a: Ogerpon|0 fnt
|faint|p2a: Ogerpon
|
|upkeep
|
|t:|1758915565
|switch|p2a: Pecharunt|Pecharunt|85/100
|turn|32
|
|t:|1758915567
|move|p1a: Darkrai|Dark Pulse|p2a: Pecharunt
|-supereffective|p2a: Pecharunt
|-damage|p2a: Pecharunt|0 fnt
|faint|p2a: Pecharunt
|
|upkeep
|
|t:|1758915572
|switch|p2a: Kingambit|Kingambit, M, tera:Ghost|71/100
|-activate|p2a: Kingambit|ability: Supreme Overlord
|-start|p2a: Kingambit|fallen4|[silent]
|turn|33
|
|t:|1758915575
|move|p1a: Darkrai|Dark Pulse|p2a: Kingambit
|-supereffective|p2a: Kingambit
|-damage|p2a: Kingambit|0 fnt
|faint|p2a: Kingambit
|-end|p2a: Kingambit|fallen4|[silent]
|
|upkeep
|
|t:|1758915578
|switch|p2a: Latios|Latios, M|95/100 brn
|turn|34
|
|t:|1758915581
|move|p1a: Darkrai|Dark Pulse|p2a: Latios
|-supereffective|p2a: Latios
|-damage|p2a: Latios|0 fnt
|faint|p2a: Latios
|
|win|Team BBIO 38
|raw|Team BBIO 38's rating: 1238 &rarr; <strong>1263</strong><br />(+25 for winning)
|raw|marceeisanut's rating: 1234 &rarr; <strong>1209</strong><br />(-25 for losing)
|l|☆marceeisanut
|player|p2|
|l|☆Team BBIO 38
|player|p1|
