|j|☆trentmane6610
|j|☆tankman067
|t:|1759056096
|gametype|singles
|player|p1|trentmane6610|170|1286
|player|p2|tankman067|265|1275
|gen|9
|tier|[Gen 9] OU
|rated|
|rule|HP Percentage Mod: HP is shown in percentages
|rule|Endless Battle Clause: Forcing endless battles is banned
|rule|Species Clause: Limit one of each Pokémon
|rule|OHKO Clause: OHKO moves are banned
|rule|Evasion Items Clause: Evasion items are banned
|rule|Evasion Moves Clause: Evasion moves are banned
|rule|Evasion Abilities Clause: Evasion abilities are banned
|rule|Sleep Moves Clause: Sleep-inducing moves are banned
|clearpoke
|poke|p1|Pelipper, F|
|poke|p1|Torkoal, M|
|poke|p1|Basculegion, M|
|poke|p1|Lilligant-Hisui, F|
|poke|p1|Walking Wake|
|poke|p1|Scovillain, M|
|poke|p2|Weezing-Galar, M|
|poke|p2|Goodra-Hisui, F|
|poke|p2|Great Tusk|
|poke|p2|Skeledirge, F|
|poke|p2|Rotom-Wash|
|poke|p2|Dragonite, M|
|teampreview
|
|t:|1759056106
|teamsize|p1|6
|teamsize|p2|6
|start
|switch|p1a: Pelipper|Pelipper, F|100/100
|switch|p2a: Rotom|Rotom-Wash, shiny|100/100
|-weather|RainDance|[from] ability: Drizzle|[of] p1a: Pelipper
|turn|1
|inactive|Battle timer is ON: inactive players will automatically lose when time's up. (requested by tankman067)
|
|t:|1759056119
|switch|p1a: Lilligant|Lilligant-Hisui, F|100/100
|move|p2a: Rotom|Volt Switch|p1a: Lilligant
|-resisted|p1a: Lilligant
|-damage|p1a: Lilligant|74/100
|
|t:|1759056129
|switch|p2a: Dragonite|Dragonite, M|100/100|[from] Volt Switch
|
|-weather|RainDance|[upkeep]
|upkeep
|turn|2
|
|t:|1759056136
|move|p1a: Lilligant|Triple Axel|p2a: Dragonite
|-supereffective|p2a: Dragonite
|-damage|p2a: Dragonite|79/100
|-supereffective|p2a: Dragonite
|-crit|p2a: Dragonite
|-damage|p2a: Dragonite|0 fnt
|faint|p2a: Dragonite
|-hitcount|p2: Dragonite|2
|-damage|p1a: Lilligant|64/100|[from] item: Life Orb
|
|-weather|RainDance|[upkeep]
|upkeep
|
|t:|1759056147
|switch|p2a: Goodra|Goodra-Hisui, F|100/100
|turn|3
|
|t:|1759056154
|move|p1a: Lilligant|Close Combat|p2a: Goodra
|-supereffective|p2a: Goodra
|-damage|p2a: Goodra|0 fnt
|-unboost|p1a: Lilligant|def|1
|-unboost|p1a: Lilligant|spd|1
|-ability|p2a: Goodra|Gooey
|-unboost|p1a: Lilligant|spe|1
|faint|p2a: Goodra
|-damage|p1a: Lilligant|54/100|[from] item: Life Orb
|
|-weather|RainDance|[upkeep]
|upkeep
|
|t:|1759056167
|switch|p2a: Weezing|Weezing-Galar, M|100/100
|-ability|p2a: Weezing|Neutralizing Gas
|turn|4
|
|t:|1759056186
|switch|p1a: Pelipper|Pelipper, F|100/100
|move|p2a: Weezing|Sludge Bomb|p1a: Pelipper
|-damage|p1a: Pelipper|72/100
|
|-weather|RainDance|[upkeep]
|upkeep
|turn|5
|
|t:|1759056195
|move|p1a: Pelipper|Surf|p2a: Weezing
|-damage|p2a: Weezing|29/100
|move|p2a: Weezing|Toxic|p1a: Pelipper
|-status|p1a: Pelipper|tox
|
|-weather|RainDance|[upkeep]
|-damage|p1a: Pelipper|66/100 tox|[from] psn
|upkeep
|turn|6
|
|t:|1759056205
|-end|p2a: Weezing|ability: Neutralizing Gas
|switch|p2a: Rotom|Rotom-Wash, shiny|100/100
|move|p1a: Pelipper|Surf|p2a: Rotom
|-resisted|p2a: Rotom
|-damage|p2a: Rotom|76/100
|
|-weather|RainDance|[upkeep]
|-heal|p2a: Rotom|82/100|[from] item: Leftovers
|-damage|p1a: Pelipper|53/100 tox|[from] psn
|upkeep
|turn|7
|
|t:|1759056225
|switch|p1a: Torkoal|Torkoal, M|100/100
|-weather|SunnyDay|[from] ability: Drought|[of] p1a: Torkoal
|move|p2a: Rotom|Thunder Wave|p1a: Torkoal
|-status|p1a: Torkoal|par
|
|-weather|SunnyDay|[upkeep]
|-heal|p2a: Rotom|88/100|[from] item: Leftovers
|upkeep
|turn|8
|inactive|trentmane6610 has 120 seconds left.
|
|t:|1759056247
|switch|p1a: Walking Wake|Walking Wake|100/100
|-activate|p1a: Walking Wake|ability: Protosynthesis
|-start|p1a: Walking Wake|protosynthesisspa
|move|p2a: Rotom|Hydro Pump|p1a: Walking Wake
|-resisted|p1a: Walking Wake
|-damage|p1a: Walking Wake|93/100
|
|-weather|SunnyDay|[upkeep]
|-heal|p2a: Rotom|95/100|[from] item: Leftovers
|upkeep
|turn|9
|inactive|trentmane6610 has 120 seconds left.
|
|t:|1759056258
|move|p1a: Walking Wake|Hydro Steam|p2a: Rotom
|-resisted|p2a: Rotom
|-damage|p2a: Rotom|33/100
|-damage|p1a: Walking Wake|83/100|[from] item: Life Orb
|move|p2a: Rotom|Thunder Wave|p1a: Walking Wake
|-status|p1a: Walking Wake|par
|
|-weather|SunnyDay|[upkeep]
|-heal|p2a: Rotom|40/100|[from] item: Leftovers
|upkeep
|turn|10
|inactive|trentmane6610 has 120 seconds left.
|
|t:|1759056275
|move|p2a: Rotom|Volt Switch|p1a: Walking Wake
|-damage|p1a: Walking Wake|42/100 par
|
|t:|1759056280
|switch|p2a: Weezing|Weezing-Galar, M|29/100|[from] Volt Switch
|-ability|p2a: Weezing|Neutralizing Gas
|move|p1a: Walking Wake|Agility|p1a: Walking Wake
|-boost|p1a: Walking Wake|spe|2
|
|-weather|SunnyDay|[upkeep]
|upkeep
|turn|11
|
|t:|1759056295
|cant|p1a: Walking Wake|par
|move|p2a: Weezing|Sludge Bomb|p1a: Walking Wake
|-damage|p1a: Walking Wake|9/100 par
|
|-weather|SunnyDay|[upkeep]
|upkeep
|turn|12
|
|t:|1759056302
|move|p1a: Walking Wake|Hydro Steam|p2a: Weezing
|-damage|p2a: Weezing|0 fnt
|faint|p2a: Weezing
|-end|p2a: Weezing|ability: Neutralizing Gas
|-damage|p1a: Walking Wake|0 fnt|[from] item: Life Orb
|faint|p1a: Walking Wake
|-end|p1a: Walking Wake|Protosynthesis|[silent]
|
|-weather|SunnyDay|[upkeep]
|upkeep
|inactive|trentmane6610 has 120 seconds left.
|inactive|trentmane6610 has 90 seconds left.
|
|t:|1759056349
|switch|p1a: Pelipper|Pelipper, F|53/100 tox
|switch|p2a: Rotom|Rotom-Wash, shiny|40/100
|-weather|RainDance|[from] ability: Drizzle|[of] p1a: Pelipper
|turn|13
|inactive|trentmane6610 has 90 seconds left.
|
|t:|1759056361
|-terastallize|p1a: Pelipper|Electric
|move|p2a: Rotom|Pain Split|p1a: Pelipper
|-sethp|p1a: Pelipper|45/100 tox|[from] move: Pain Split|[silent]
|-sethp|p2a: Rotom|48/100|[from] move: Pain Split
|move|p1a: Pelipper|U-turn|p2a: Rotom
|-damage|p2a: Rotom|38/100
|inactive|trentmane6610 has 90 seconds left.
|
|t:|1759056369
|switch|p1a: Basculegion|Basculegion, M|100/100|[from] U-turn
|
|-weather|RainDance|[upkeep]
|-heal|p2a: Rotom|45/100|[from] item: Leftovers
|upkeep
|turn|14
|inactive|trentmane6610 has 90 seconds left.
|
|t:|1759056395
|switch|p1a: Lilligant|Lilligant-Hisui, F|54/100
|move|p2a: Rotom|Volt Switch|p1a: Lilligant
|-resisted|p1a: Lilligant
|-damage|p1a: Lilligant|28/100
|
|t:|1759056403
|switch|p2a: Skeledirge|Skeledirge, F|100/100|[from] Volt Switch
|
|-weather|RainDance|[upkeep]
|upkeep
|turn|15
|
|t:|1759056418
|switch|p1a: Pelipper|Pelipper, F, tera:Electric|45/100 tox
|move|p2a: Skeledirge|Will-O-Wisp||[still]
|-fail|p2a: Skeledirge
|
|-weather|RainDance|[upkeep]
|-damage|p1a: Pelipper|39/100 tox|[from] psn
|upkeep
|turn|16
|
|t:|1759056431
|move|p2a: Skeledirge|Hex|p1a: Pelipper
|-damage|p1a: Pelipper|0 fnt
|faint|p1a: Pelipper
|
|-weather|RainDance|[upkeep]
|upkeep
|
|t:|1759056439
|switch|p1a: Basculegion|Basculegion, M|100/100
|turn|17
|
|t:|1759056445
|switch|p2a: Rotom|Rotom-Wash, shiny|45/100
|move|p1a: Basculegion|Liquidation|p2a: Rotom
|-resisted|p2a: Rotom
|-damage|p2a: Rotom|0 fnt
|faint|p2a: Rotom
|-damage|p1a: Basculegion|91/100|[from] item: Life Orb
|
|-weather|RainDance|[upkeep]
|upkeep
|
|t:|1759056456
|switch|p2a: Great Tusk|Great Tusk|100/100
|-enditem|p2a: Great Tusk|Booster Energy
|-activate|p2a: Great Tusk|ability: Protosynthesis|[fromitem]
|-start|p2a: Great Tusk|protosynthesisdef
|turn|18
|
|t:|1759056462
|-terastallize|p2a: Great Tusk|Fighting
|move|p1a: Basculegion|Liquidation|p2a: Great Tusk
|-damage|p2a: Great Tusk|62/100
|-damage|p1a: Basculegion|81/100|[from] item: Life Orb
|move|p2a: Great Tusk|Body Press|p1a: Basculegion
|-immune|p1a: Basculegion
|
|-weather|RainDance|[upkeep]
|upkeep
|turn|19
|
|t:|1759056476
|move|p1a: Basculegion|Psychic Fangs|p2a: Great Tusk
|-supereffective|p2a: Great Tusk
|-crit|p2a: Great Tusk
|-damage|p2a: Great Tusk|13/100
|-damage|p1a: Basculegion|71/100|[from] item: Life Orb
|move|p2a: Great Tusk|Ice Spinner|p1a: Basculegion
|-resisted|p1a: Basculegion
|-damage|p1a: Basculegion|53/100
|
|-weather|RainDance|[upkeep]
|upkeep
|turn|20
|
|t:|1759056491
|move|p1a: Basculegion|Liquidation|p2a: Great Tusk
|-damage|p2a: Great Tusk|0 fnt
|faint|p2a: Great Tusk
|-end|p2a: Great Tusk|Protosynthesis|[silent]
|-damage|p1a: Basculegion|43/100|[from] item: Life Orb
|
|-weather|none
|upkeep
|
|t:|1759056499
|switch|p2a: Skeledirge|Skeledirge, F|100/100
|turn|21
|
|t:|1759056504
|move|p1a: Basculegion|Liquidation|p2a: Skeledirge
|-supereffective|p2a: Skeledirge
|-damage|p2a: Skeledirge|8/100
|-damage|p1a: Basculegion|33/100|[from] item: Life Orb
|move|p2a: Skeledirge|Hex|p1a: Basculegion
|-supereffective|p1a: Basculegion
|-damage|p1a: Basculegion|0 fnt
|faint|p1a: Basculegion
|
|-heal|p2a: Skeledirge|14/100|[from] item: Leftovers
|upkeep
|
|t:|1759056515
|switch|p1a: Scovillain|Scovillain, M|100/100
|turn|22
|
|t:|1759056519
|move|p1a: Scovillain|Flamethrower|p2a: Skeledirge
|-resisted|p2a: Skeledirge
|-damage|p2a: Skeledirge|0 fnt
|faint|p2a: Skeledirge
|-damage|p1a: Scovillain|91/100|[from] item: Life Orb
|
|win|trentmane6610
|raw|trentmane6610's rating: 1286 &rarr; <strong>1310</strong><br />(+24 for winning)
|raw|tankman067's rating: 1275 &rarr; <strong>1251</strong><br />(-24 for losing)
|l|☆trentmane6610
|player|p1|
|l|☆tankman067
|player|p2|
