|j|☆IwillPrayForyou
|j|☆Getoiledup
|t:|1759048071
|gametype|singles
|player|p1|IwillPrayForyou|veteran-gen4|1153
|player|p2|Getoiledup|265|1141
|gen|9
|tier|[Gen 9] OU
|rated|
|rule|HP Percentage Mod: HP is shown in percentages
|rule|Endless Battle Clause: Forcing endless battles is banned
|rule|Species Clause: Limit one of each Pokémon
|rule|OHKO Clause: OHKO moves are banned
|rule|Evasion Items Clause: Evasion items are banned
|rule|Evasion Moves Clause: Evasion moves are banned
|rule|Evasion Abilities Clause: Evasion abilities are banned
|rule|Sleep Moves Clause: Sleep-inducing moves are banned
|clearpoke
|poke|p1|Chandelure, M|
|poke|p1|Glimmora, F|
|poke|p1|Tentacruel, F|
|poke|p1|Blaziken, M|
|poke|p1|Kleavor, F|
|poke|p1|Ribombee, F|
|poke|p2|Torkoal, F|
|poke|p2|Walking Wake|
|poke|p2|Great Tusk|
|poke|p2|Raging Bolt|
|poke|p2|Dragapult, F|
|poke|p2|Scream Tail|
|teampreview
|inactive|Battle timer is ON: inactive players will automatically lose when time's up. (requested by IwillPrayForyou)
|
|t:|1759048082
|teamsize|p1|6
|teamsize|p2|6
|start
|switch|p1a: Glimmora|Glimmora, F|100/100
|switch|p2a: Torkoal|Torkoal, F|100/100
|-weather|SunnyDay|[from] ability: Drought|[of] p2a: Torkoal
|turn|1
|
|t:|1759048090
|move|p1a: Glimmora|Power Gem|p2a: Torkoal
|-supereffective|p2a: Torkoal
|-damage|p2a: Torkoal|23/100
|move|p2a: Torkoal|Stealth Rock|p1a: Glimmora
|-sidestart|p1: IwillPrayForyou|move: Stealth Rock
|
|-weather|SunnyDay|[upkeep]
|upkeep
|turn|2
|
|t:|1759048113
|-terastallize|p2a: Torkoal|Flying
|move|p1a: Glimmora|Earth Power|p2a: Torkoal
|-immune|p2a: Torkoal
|move|p2a: Torkoal|Lava Plume|p1a: Glimmora
|-resisted|p1a: Glimmora
|-damage|p1a: Glimmora|74/100
|
|-weather|SunnyDay|[upkeep]
|upkeep
|turn|3
|
|t:|1759048127
|switch|p2a: Raging Bolt|Raging Bolt|100/100
|-activate|p2a: Raging Bolt|ability: Protosynthesis
|-start|p2a: Raging Bolt|protosynthesisspa
|move|p1a: Glimmora|Power Gem|p2a: Raging Bolt
|-damage|p2a: Raging Bolt|67/100
|
|-weather|SunnyDay|[upkeep]
|-heal|p2a: Raging Bolt|73/100|[from] item: Leftovers
|upkeep
|turn|4
|
|t:|1759048138
|switch|p1a: Tentacruel|Tentacruel, F|100/100
|-damage|p1a: Tentacruel|88/100|[from] Stealth Rock
|move|p2a: Raging Bolt|Weather Ball|p1a: Tentacruel
|-resisted|p1a: Tentacruel
|-damage|p1a: Tentacruel|72/100
|
|-weather|SunnyDay|[upkeep]
|-heal|p2a: Raging Bolt|80/100|[from] item: Leftovers
|upkeep
|turn|5
|
|t:|1759048145
|move|p2a: Raging Bolt|Thunderclap|p1a: Tentacruel
|-supereffective|p1a: Tentacruel
|-damage|p1a: Tentacruel|32/100
|move|p1a: Tentacruel|Rapid Spin|p2a: Raging Bolt
|-damage|p2a: Raging Bolt|72/100
|-boost|p1a: Tentacruel|spe|1
|-sideend|p1: IwillPrayForyou|Stealth Rock|[from] move: Rapid Spin|[of] p1a: Tentacruel
|
|-weather|SunnyDay|[upkeep]
|-heal|p2a: Raging Bolt|78/100|[from] item: Leftovers
|upkeep
|turn|6
|
|t:|1759048163
|switch|p1a: Glimmora|Glimmora, F|74/100
|move|p2a: Raging Bolt|Thunderclap||[still]
|-fail|p2a: Raging Bolt
|
|-weather|SunnyDay|[upkeep]
|-heal|p2a: Raging Bolt|84/100|[from] item: Leftovers
|upkeep
|turn|7
|
|t:|1759048182
|move|p1a: Glimmora|Earth Power|p2a: Raging Bolt
|-supereffective|p2a: Raging Bolt
|-damage|p2a: Raging Bolt|37/100
|move|p2a: Raging Bolt|Weather Ball|p1a: Glimmora
|-resisted|p1a: Glimmora
|-damage|p1a: Glimmora|31/100
|
|-weather|SunnyDay|[upkeep]
|-heal|p2a: Raging Bolt|43/100|[from] item: Leftovers
|upkeep
|turn|8
|
|t:|1759048189
|move|p2a: Raging Bolt|Thunderclap|p1a: Glimmora
|-damage|p1a: Glimmora|0 fnt
|faint|p1a: Glimmora
|
|-weather|none
|-end|p2a: Raging Bolt|Protosynthesis
|-heal|p2a: Raging Bolt|49/100|[from] item: Leftovers
|upkeep
|
|t:|1759048197
|switch|p1a: Kleavor|Kleavor, F|100/100
|turn|9
|
|t:|1759048211
|move|p1a: Kleavor|Stone Axe|p2a: Raging Bolt
|-damage|p2a: Raging Bolt|3/100
|-sidestart|p2: Getoiledup|move: Stealth Rock
|move|p2a: Raging Bolt|Weather Ball|p1a: Kleavor
|-resisted|p1a: Kleavor
|-damage|p1a: Kleavor|88/100
|
|-heal|p2a: Raging Bolt|10/100|[from] item: Leftovers
|upkeep
|turn|10
|
|t:|1759048218
|move|p2a: Raging Bolt|Thunderclap|p1a: Kleavor
|-damage|p1a: Kleavor|37/100
|move|p1a: Kleavor|Stone Axe|p2a: Raging Bolt
|-damage|p2a: Raging Bolt|0 fnt
|faint|p2a: Raging Bolt
|-end|p2a: Raging Bolt|Protosynthesis|[silent]
|
|upkeep
|
|t:|1759048221
|switch|p2a: Walking Wake|Walking Wake|100/100
|-damage|p2a: Walking Wake|88/100|[from] Stealth Rock
|turn|11
|l|☆IwillPrayForyou
|inactive|IwillPrayForyou disconnected and has a minute to reconnect!
|player|p1|
|c|☆Getoiledup|Go
|j|☆IwillPrayForyou
|inactive|IwillPrayForyou reconnected and has 115 seconds left.
|player|p1|IwillPrayForyou|veteran-gen4|
|
|t:|1759048262
|-end|p2a: Walking Wake|Protosynthesis|[silent]
|switch|p2a: Great Tusk|Great Tusk|100/100
|move|p1a: Kleavor|Stone Axe|p2a: Great Tusk|[miss]
|-miss|p1a: Kleavor|p2a: Great Tusk
|
|upkeep
|turn|12
|
|t:|1759048268
|switch|p1a: Chandelure|Chandelure, M|100/100
|move|p2a: Great Tusk|Rapid Spin|p1a: Chandelure
|-immune|p1a: Chandelure
|
|upkeep
|turn|13
|inactive|IwillPrayForyou has 120 seconds left.
|
|t:|1759048276
|move|p2a: Great Tusk|Headlong Rush|p1a: Chandelure
|-supereffective|p1a: Chandelure
|-damage|p1a: Chandelure|0 fnt
|-unboost|p2a: Great Tusk|def|1
|-unboost|p2a: Great Tusk|spd|1
|faint|p1a: Chandelure
|
|upkeep
|
|t:|1759048280
|switch|p1a: Ribombee|Ribombee, F, shiny|100/100
|turn|14
|
|t:|1759048282
|move|p1a: Ribombee|Moonblast|p2a: Great Tusk
|-supereffective|p2a: Great Tusk
|-damage|p2a: Great Tusk|0 fnt
|faint|p2a: Great Tusk
|-end|p2a: Great Tusk|Protosynthesis|[silent]
|
|upkeep
|
|t:|1759048286
|switch|p2a: Scream Tail|Scream Tail|100/100
|-damage|p2a: Scream Tail|88/100|[from] Stealth Rock
|turn|15
|
|t:|1759048295
|move|p1a: Ribombee|Sticky Web|p2a: Scream Tail
|-sidestart|p2: Getoiledup|move: Sticky Web
|move|p2a: Scream Tail|Calm Mind|p2a: Scream Tail
|-boost|p2a: Scream Tail|spa|1
|-boost|p2a: Scream Tail|spd|1
|
|-heal|p2a: Scream Tail|94/100|[from] item: Leftovers
|upkeep
|turn|16
|
|t:|1759048301
|switch|p1a: Kleavor|Kleavor, F|37/100
|move|p2a: Scream Tail|Encore||[still]
|-fail|p2a: Scream Tail
|
|-heal|p2a: Scream Tail|100/100|[from] item: Leftovers
|upkeep
|turn|17
|
|t:|1759048304
|move|p1a: Kleavor|X-Scissor|p2a: Scream Tail
|-damage|p2a: Scream Tail|47/100
|move|p2a: Scream Tail|Dazzling Gleam|p1a: Kleavor
|-damage|p1a: Kleavor|0 fnt
|faint|p1a: Kleavor
|
|-heal|p2a: Scream Tail|53/100|[from] item: Leftovers
|upkeep
|
|t:|1759048310
|switch|p1a: Tentacruel|Tentacruel, F|32/100
|turn|18
|
|t:|1759048313
|move|p2a: Scream Tail|Dazzling Gleam|p1a: Tentacruel
|-resisted|p1a: Tentacruel
|-damage|p1a: Tentacruel|25/100
|move|p1a: Tentacruel|Knock Off|p2a: Scream Tail
|-damage|p2a: Scream Tail|40/100
|-enditem|p2a: Scream Tail|Leftovers|[from] move: Knock Off|[of] p1a: Tentacruel
|
|upkeep
|turn|19
|
|t:|1759048318
|move|p2a: Scream Tail|Encore|p1a: Tentacruel
|-start|p1a: Tentacruel|Encore
|move|p1a: Tentacruel|Knock Off|p2a: Scream Tail
|-damage|p2a: Scream Tail|31/100
|
|upkeep
|turn|20
|
|t:|1759048320
|move|p2a: Scream Tail|Wish|p2a: Scream Tail
|move|p1a: Tentacruel|Knock Off|p2a: Scream Tail
|-damage|p2a: Scream Tail|21/100
|
|upkeep
|turn|21
|
|t:|1759048328
|switch|p1a: Blaziken|Blaziken, M|100/100
|move|p2a: Scream Tail|Calm Mind|p2a: Scream Tail
|-boost|p2a: Scream Tail|spa|1
|-boost|p2a: Scream Tail|spd|1
|
|-heal|p2a: Scream Tail|71/100|[from] move: Wish|[wisher] Scream Tail
|upkeep
|turn|22
|
|t:|1759048334
|move|p1a: Blaziken|Protect|p1a: Blaziken
|-singleturn|p1a: Blaziken|Protect
|move|p2a: Scream Tail|Dazzling Gleam|p1a: Blaziken
|-activate|p1a: Blaziken|move: Protect
|
|-ability|p1a: Blaziken|Speed Boost|boost
|-boost|p1a: Blaziken|spe|1
|upkeep
|turn|23
|
|t:|1759048339
|move|p1a: Blaziken|Focus Energy|p1a: Blaziken
|-start|p1a: Blaziken|move: Focus Energy
|move|p2a: Scream Tail|Dazzling Gleam|p1a: Blaziken
|-damage|p1a: Blaziken|30/100
|
|-ability|p1a: Blaziken|Speed Boost|boost
|-boost|p1a: Blaziken|spe|1
|upkeep
|turn|24
|
|t:|1759048344
|move|p1a: Blaziken|Overheat|p2a: Scream Tail
|-crit|p2a: Scream Tail
|-damage|p2a: Scream Tail|23/100
|-unboost|p1a: Blaziken|spa|2
|move|p2a: Scream Tail|Dazzling Gleam|p1a: Blaziken
|-damage|p1a: Blaziken|0 fnt
|faint|p1a: Blaziken
|
|upkeep
|
|t:|1759048354
|switch|p1a: Tentacruel|Tentacruel, F|25/100
|turn|25
|
|t:|1759048362
|move|p2a: Scream Tail|Dazzling Gleam|p1a: Tentacruel
|-resisted|p1a: Tentacruel
|-crit|p1a: Tentacruel
|-damage|p1a: Tentacruel|12/100
|move|p1a: Tentacruel|Flip Turn|p2a: Scream Tail
|-damage|p2a: Scream Tail|9/100
|
|t:|1759048368
|switch|p1a: Ribombee|Ribombee, F, shiny|100/100|[from] Flip Turn
|
|upkeep
|turn|26
|
|t:|1759048370
|move|p1a: Ribombee|Moonblast|p2a: Scream Tail
|-damage|p2a: Scream Tail|0 fnt
|faint|p2a: Scream Tail
|-end|p2a: Scream Tail|Protosynthesis|[silent]
|
|upkeep
|
|t:|1759048373
|switch|p2a: Walking Wake|Walking Wake|88/100
|-damage|p2a: Walking Wake|76/100|[from] Stealth Rock
|-activate|p2a: Walking Wake|move: Sticky Web
|-unboost|p2a: Walking Wake|spe|1
|turn|27
|
|t:|1759048379
|move|p1a: Ribombee|Moonblast|p2a: Walking Wake
|-supereffective|p2a: Walking Wake
|-damage|p2a: Walking Wake|0 fnt
|faint|p2a: Walking Wake
|-end|p2a: Walking Wake|Protosynthesis|[silent]
|
|upkeep
|
|t:|1759048382
|switch|p2a: Torkoal|Torkoal, F, tera:Flying|23/100
|-damage|p2a: Torkoal|0 fnt|[from] Stealth Rock
|faint|p2a: Torkoal
|
|t:|1759048384
|switch|p2a: Dragapult|Dragapult, F|100/100
|-damage|p2a: Dragapult|88/100|[from] Stealth Rock
|-activate|p2a: Dragapult|move: Sticky Web
|-unboost|p2a: Dragapult|spe|1
|turn|28
|
|t:|1759048393
|move|p1a: Ribombee|Moonblast|p2a: Dragapult
|-supereffective|p2a: Dragapult
|-crit|p2a: Dragapult
|-damage|p2a: Dragapult|0 fnt
|faint|p2a: Dragapult
|
|win|IwillPrayForyou
|raw|IwillPrayForyou's rating: 1153 &rarr; <strong>1177</strong><br />(+24 for winning)
|raw|Getoiledup's rating: 1141 &rarr; <strong>1117</strong><br />(-24 for losing)
|l|☆Getoiledup
|player|p2|
|l|☆IwillPrayForyou
|player|p1|
