|j|☆Luisao
|j|☆dulana123
|t:|1758980533
|gametype|singles
|player|p1|Luisao|169|1293
|player|p2|dulana123|1|1352
|gen|9
|tier|[Gen 9] OU
|rated|
|rule|HP Percentage Mod: HP is shown in percentages
|rule|Endless Battle Clause: Forcing endless battles is banned
|rule|Species Clause: Limit one of each Pokémon
|rule|OHKO Clause: OHKO moves are banned
|rule|Evasion Items Clause: Evasion items are banned
|rule|Evasion Moves Clause: Evasion moves are banned
|rule|Evasion Abilities Clause: Evasion abilities are banned
|rule|Sleep Moves Clause: Sleep-inducing moves are banned
|clearpoke
|poke|p1|Dragonite, M|
|poke|p1|Serperior, F|
|poke|p1|Donphan, M|
|poke|p1|Medicham, M|
|poke|p1|Scizor, M|
|poke|p1|Gengar, M|
|poke|p2|Garchomp, M|
|poke|p2|Staraptor, M|
|poke|p2|Scizor, M|
|poke|p2|Weavile, M|
|poke|p2|Torterra, M|
|poke|p2|Gyarados, M|
|teampreview
|inactive|Battle timer is ON: inactive players will automatically lose when time's up. (requested by Luisao)
|
|t:|1758980558
|teamsize|p1|6
|teamsize|p2|6
|start
|switch|p1a: Medicham|Medicham, M, shiny|100/100
|switch|p2a: Weavile|Weavile, M|100/100
|-ability|p2a: Weavile|Pressure
|turn|1
|
|t:|1758980568
|move|p2a: Weavile|Fake Out|p1a: Medicham
|-damage|p1a: Medicham|71/100
|-damage|p2a: Weavile|91/100|[from] item: Life Orb
|cant|p1a: Medicham|flinch
|
|upkeep
|turn|2
|
|t:|1758980577
|move|p1a: Medicham|Bullet Punch|p2a: Weavile
|-supereffective|p2a: Weavile
|-damage|p2a: Weavile|5/100
|-damage|p1a: Medicham|61/100|[from] item: Life Orb
|move|p2a: Weavile|Knock Off|p1a: Medicham
|-damage|p1a: Medicham|0 fnt
|-enditem|p1a: Medicham|Life Orb|[from] move: Knock Off|[of] p2a: Weavile
|faint|p1a: Medicham
|-damage|p2a: Weavile|0 fnt|[from] item: Life Orb
|faint|p2a: Weavile
|
|upkeep
|inactive|dulana123 has 120 seconds left.
|
|t:|1758980614
|switch|p2a: Staraptor|Staraptor, M|100/100
|switch|p1a: Donphan|Donphan, M|100/100
|turn|3
|inactive|dulana123 has 120 seconds left.
|
|t:|1758980630
|switch|p2a: Scizor|Scizor, M|100/100
|move|p1a: Donphan|Stealth Rock|p2a: Scizor
|-sidestart|p2: dulana123|move: Stealth Rock
|
|upkeep
|turn|4
|
|t:|1758980642
|move|p2a: Scizor|Dual Wingbeat|p1a: Donphan
|-damage|p1a: Donphan|73/100
|-damage|p1a: Donphan|46/100
|-hitcount|p1a: Donphan|2
|move|p1a: Donphan|Earthquake|p2a: Scizor
|-damage|p2a: Scizor|44/100
|
|-heal|p1a: Donphan|52/100|[from] item: Leftovers
|upkeep
|turn|5
|
|t:|1758980652
|move|p2a: Scizor|Dual Wingbeat|p1a: Donphan
|-damage|p1a: Donphan|26/100
|-damage|p1a: Donphan|0 fnt
|faint|p1a: Donphan
|-hitcount|p1: Donphan|2
|
|upkeep
|
|t:|1758980660
|switch|p1a: Dragonite|Dragonite, M|100/100
|turn|6
|
|t:|1758980665
|move|p1a: Dragonite|Dragon Dance|p1a: Dragonite
|-boost|p1a: Dragonite|atk|1
|-boost|p1a: Dragonite|spe|1
|move|p2a: Scizor|Dual Wingbeat|p1a: Dragonite|[miss]
|-miss|p2a: Scizor|p1a: Dragonite
|
|upkeep
|turn|7
|
|t:|1758980675
|move|p1a: Dragonite|Dragon Dance|p1a: Dragonite
|-boost|p1a: Dragonite|atk|1
|-boost|p1a: Dragonite|spe|1
|move|p2a: Scizor|Dual Wingbeat|p1a: Dragonite
|-damage|p1a: Dragonite|83/100
|-damage|p1a: Dragonite|48/100
|-hitcount|p1a: Dragonite|2
|
|-heal|p1a: Dragonite|54/100|[from] item: Leftovers
|upkeep
|turn|8
|
|t:|1758980687
|move|p1a: Dragonite|Fire Punch|p2a: Scizor
|-supereffective|p2a: Scizor
|-damage|p2a: Scizor|0 fnt
|faint|p2a: Scizor
|
|-heal|p1a: Dragonite|60/100|[from] item: Leftovers
|upkeep
|
|t:|1758980696
|switch|p2a: Gyarados|Gyarados, M|100/100
|-ability|p2a: Gyarados|Intimidate|boost
|-unboost|p1a: Dragonite|atk|1
|turn|9
|
|t:|1758980704
|move|p1a: Dragonite|Outrage|p2a: Gyarados
|-damage|p2a: Gyarados|0 fnt
|faint|p2a: Gyarados
|
|-heal|p1a: Dragonite|66/100|[from] item: Leftovers
|upkeep
|
|t:|1758980711
|switch|p2a: Torterra|Torterra, M|100/100
|-damage|p2a: Torterra|94/100|[from] Stealth Rock
|turn|10
|
|t:|1758980718
|-terastallize|p2a: Torterra|Steel
|move|p1a: Dragonite|Outrage|p2a: Torterra|[from] lockedmove
|-resisted|p2a: Torterra
|-damage|p2a: Torterra|45/100
|-start|p1a: Dragonite|confusion|[fatigue]
|move|p2a: Torterra|Rock Blast|p1a: Dragonite
|-supereffective|p1a: Dragonite
|-damage|p1a: Dragonite|50/100
|-supereffective|p1a: Dragonite
|-damage|p1a: Dragonite|32/100
|-supereffective|p1a: Dragonite
|-damage|p1a: Dragonite|15/100
|-supereffective|p1a: Dragonite
|-damage|p1a: Dragonite|0 fnt
|faint|p1a: Dragonite
|-hitcount|p1: Dragonite|4
|
|upkeep
|
|t:|1758980737
|switch|p1a: Gengar|Gengar, M, shiny|100/100
|turn|11
|
|t:|1758980744
|move|p1a: Gengar|Shadow Ball|p2a: Torterra
|-damage|p2a: Torterra|0 fnt
|faint|p2a: Torterra
|
|upkeep
|
|t:|1758980753
|switch|p2a: Garchomp|Garchomp, M|100/100
|-damage|p2a: Garchomp|94/100|[from] Stealth Rock
|turn|12
|
|t:|1758980759
|move|p1a: Gengar|Shadow Ball|p2a: Garchomp
|-damage|p2a: Garchomp|52/100
|move|p2a: Garchomp|Scale Shot|p1a: Gengar
|-crit|p1a: Gengar
|-damage|p1a: Gengar|58/100
|-damage|p1a: Gengar|31/100
|-start|p2a: Garchomp|Disable|Scale Shot|[from] ability: Cursed Body|[of] p1a: Gengar
|-damage|p1a: Gengar|3/100
|-damage|p1a: Gengar|0 fnt
|faint|p1a: Gengar
|-hitcount|p1: Gengar|4
|-unboost|p2a: Garchomp|def|1
|-boost|p2a: Garchomp|spe|1
|
|upkeep
|
|t:|1758980774
|switch|p1a: Serperior|Serperior, F, shiny|100/100
|turn|13
|
|t:|1758980787
|move|p1a: Serperior|Leaf Storm|p2a: Garchomp
|-damage|p2a: Garchomp|0 fnt
|-boost|p1a: Serperior|spa|2
|faint|p2a: Garchomp
|
|upkeep
|
|t:|1758980793
|switch|p2a: Staraptor|Staraptor, M|100/100
|-damage|p2a: Staraptor|75/100|[from] Stealth Rock
|turn|14
|
|t:|1758980797
|move|p1a: Serperior|Leaf Storm|p2a: Staraptor
|-resisted|p2a: Staraptor
|-damage|p2a: Staraptor|0 fnt
|-boost|p1a: Serperior|spa|2
|faint|p2a: Staraptor
|
|win|Luisao
|raw|Luisao's rating: 1293 &rarr; <strong>1322</strong><br />(+29 for winning)
|raw|dulana123's rating: 1352 &rarr; <strong>1329</strong><br />(-23 for losing)
|l|☆dulana123
|player|p2|
|l|☆Luisao
|player|p1|
