|j|☆Tom5283
|j|☆yelcoo
|t:|1758975060
|gametype|singles
|player|p1|Tom5283|hilbert|1060
|player|p2|yelcoo|169|1114
|gen|9
|tier|[Gen 9] OU
|rated|
|rule|HP Percentage Mod: HP is shown in percentages
|rule|Endless Battle Clause: Forcing endless battles is banned
|rule|Species Clause: Limit one of each Pokémon
|rule|OHKO Clause: OHKO moves are banned
|rule|Evasion Items Clause: Evasion items are banned
|rule|Evasion Moves Clause: Evasion moves are banned
|rule|Evasion Abilities Clause: Evasion abilities are banned
|rule|Sleep Moves Clause: Sleep-inducing moves are banned
|clearpoke
|poke|p1|Lucario, M|
|poke|p1|Hydreigon, M|
|poke|p1|Minior-Orange|
|poke|p1|Dondozo, M|
|poke|p1|Delphox, F|
|poke|p1|Clodsire, M|
|poke|p2|Gliscor, F|
|poke|p2|Clefable, F|
|poke|p2|Dragapult, M|
|poke|p2|Iron Moth|
|poke|p2|Kingambit, M|
|poke|p2|Ogerpon-Wellspring, F|
|teampreview
|inactive|Battle timer is ON: inactive players will automatically lose when time's up. (requested by Tom5283)
|
|t:|1758975085
|teamsize|p1|6
|teamsize|p2|6
|start
|switch|p1a: Ghidorah|Hydreigon, M|100/100
|switch|p2a: Clefable|Clefable, F|100/100
|turn|1
|
|t:|1758975099
|-terastallize|p1a: Ghidorah|Fire
|move|p1a: Ghidorah|Flash Cannon|p2a: Clefable
|-supereffective|p2a: Clefable
|-damage|p2a: Clefable|47/100
|move|p2a: Clefable|Light Screen|p2a: Clefable
|-sidestart|p2: yelcoo|move: Light Screen
|
|upkeep
|turn|2
|
|t:|1758975108
|move|p1a: Ghidorah|Flash Cannon|p2a: Clefable
|-supereffective|p2a: Clefable
|-damage|p2a: Clefable|20/100
|-unboost|p2a: Clefable|spd|1
|move|p2a: Clefable|Reflect|p2a: Clefable
|-sidestart|p2: yelcoo|Reflect
|
|upkeep
|turn|3
|
|t:|1758975114
|move|p1a: Ghidorah|Flash Cannon|p2a: Clefable
|-supereffective|p2a: Clefable
|-damage|p2a: Clefable|0 fnt
|faint|p2a: Clefable
|
|upkeep
|
|t:|1758975124
|switch|p2a: Ogerpon|Ogerpon-Wellspring, F|100/100
|turn|4
|
|t:|1758975138
|switch|p1a: Namazu|Dondozo, M|100/100
|move|p2a: Ogerpon|Ivy Cudgel|p1a: Namazu|[anim] Ivy Cudgel Water
|-resisted|p1a: Namazu
|-damage|p1a: Namazu|88/100
|
|upkeep
|turn|5
|
|t:|1758975148
|move|p2a: Ogerpon|Knock Off|p1a: Namazu
|-damage|p1a: Namazu|69/100
|-damage|p2a: Ogerpon|84/100|[from] item: Rocky Helmet|[of] p1a: Namazu
|-enditem|p1a: Namazu|Rocky Helmet|[from] move: Knock Off|[of] p2a: Ogerpon
|move|p1a: Namazu|Avalanche|p2a: Ogerpon
|-damage|p2a: Ogerpon|67/100
|
|upkeep
|turn|6
|
|t:|1758975159
|move|p2a: Ogerpon|Seed Bomb|p1a: Namazu
|-supereffective|p1a: Namazu
|-damage|p1a: Namazu|26/100
|move|p1a: Namazu|Rest|p1a: Namazu
|-status|p1a: Namazu|slp|[from] move: Rest
|-heal|p1a: Namazu|100/100 slp|[silent]
|
|upkeep
|turn|7
|
|t:|1758975171
|move|p2a: Ogerpon|Seed Bomb|p1a: Namazu
|-supereffective|p1a: Namazu
|-damage|p1a: Namazu|56/100 slp
|cant|p1a: Namazu|slp
|move|p1a: Namazu|Sleep Talk|p1a: Namazu
|move|p1a: Namazu|Avalanche|p2a: Ogerpon|[from] move: Sleep Talk
|-damage|p2a: Ogerpon|50/100
|
|upkeep
|turn|8
|
|t:|1758975185
|move|p2a: Ogerpon|Seed Bomb|p1a: Namazu
|-supereffective|p1a: Namazu
|-damage|p1a: Namazu|10/100 slp
|cant|p1a: Namazu|slp
|move|p1a: Namazu|Sleep Talk|p1a: Namazu
|move|p1a: Namazu|Rest||[from] move: Sleep Talk|[still]
|-fail|p1a: Namazu
|
|-sideend|p2: yelcoo|move: Light Screen
|upkeep
|turn|9
|
|t:|1758975198
|move|p2a: Ogerpon|Seed Bomb|p1a: Namazu
|-supereffective|p1a: Namazu
|-damage|p1a: Namazu|0 fnt
|faint|p1a: Namazu
|
|-sideend|p2: yelcoo|Reflect
|upkeep
|
|t:|1758975213
|switch|p1a: Bob|Clodsire, M|100/100
|turn|10
|
|t:|1758975218
|move|p2a: Ogerpon|Knock Off|p1a: Bob
|-damage|p1a: Bob|60/100
|-enditem|p1a: Bob|Leftovers|[from] move: Knock Off|[of] p2a: Ogerpon
|move|p1a: Bob|Toxic|p2a: Ogerpon
|-status|p2a: Ogerpon|tox
|
|-damage|p2a: Ogerpon|44/100 tox|[from] psn
|upkeep
|turn|11
|
|t:|1758975229
|switch|p2a: Gliscor|Gliscor, F|100/100
|move|p1a: Bob|Recover|p1a: Bob
|-heal|p1a: Bob|100/100
|
|-status|p2a: Gliscor|tox|[from] item: Toxic Orb
|upkeep
|turn|12
|
|t:|1758975237
|move|p2a: Gliscor|Substitute|p2a: Gliscor
|-start|p2a: Gliscor|Substitute
|-damage|p2a: Gliscor|75/100 tox
|move|p1a: Bob|Liquidation|p2a: Gliscor
|-supereffective|p2a: Gliscor
|-end|p2a: Gliscor|Substitute
|
|-heal|p2a: Gliscor|88/100 tox|[from] ability: Poison Heal
|upkeep
|turn|13
|
|t:|1758975247
|move|p2a: Gliscor|Earthquake|p1a: Bob
|-supereffective|p1a: Bob
|-damage|p1a: Bob|24/100
|move|p1a: Bob|Liquidation|p2a: Gliscor
|-supereffective|p2a: Gliscor
|-damage|p2a: Gliscor|65/100 tox
|
|-heal|p2a: Gliscor|78/100 tox|[from] ability: Poison Heal
|upkeep
|turn|14
|
|t:|1758975257
|move|p2a: Gliscor|Earthquake|p1a: Bob
|-supereffective|p1a: Bob
|-damage|p1a: Bob|0 fnt
|faint|p1a: Bob
|
|-heal|p2a: Gliscor|90/100 tox|[from] ability: Poison Heal
|upkeep
|
|t:|1758975268
|switch|p1a: Ghidorah|Hydreigon, M, tera:Fire|100/100
|turn|15
|
|t:|1758975274
|move|p2a: Gliscor|Toxic|p1a: Ghidorah
|-status|p1a: Ghidorah|tox
|move|p1a: Ghidorah|Dark Pulse|p2a: Gliscor
|-damage|p2a: Gliscor|37/100 tox
|
|-heal|p2a: Gliscor|49/100 tox|[from] ability: Poison Heal
|-damage|p1a: Ghidorah|94/100 tox|[from] psn
|upkeep
|turn|16
|
|t:|1758975287
|move|p2a: Gliscor|U-turn|p1a: Ghidorah
|-resisted|p1a: Ghidorah
|-damage|p1a: Ghidorah|87/100 tox
|
|t:|1758975291
|switch|p2a: Kingambit|Kingambit, M|100/100|[from] U-turn
|-activate|p2a: Kingambit|ability: Supreme Overlord
|-start|p2a: Kingambit|fallen1|[silent]
|move|p1a: Ghidorah|Dragon Pulse|p2a: Kingambit
|-resisted|p2a: Kingambit
|-damage|p2a: Kingambit|87/100
|
|-damage|p1a: Ghidorah|74/100 tox|[from] psn
|upkeep
|turn|17
|
|t:|1758975304
|move|p2a: Kingambit|Sucker Punch|p1a: Ghidorah
|-damage|p1a: Ghidorah|37/100 tox
|move|p1a: Ghidorah|Flamethrower|p2a: Kingambit
|-supereffective|p2a: Kingambit
|-damage|p2a: Kingambit|24/100
|
|-damage|p1a: Ghidorah|18/100 tox|[from] psn
|upkeep
|turn|18
|
|t:|1758975314
|move|p2a: Kingambit|Sucker Punch|p1a: Ghidorah
|-damage|p1a: Ghidorah|0 fnt
|faint|p1a: Ghidorah
|
|upkeep
|
|t:|1758975320
|switch|p1a: David|Lucario, M|100/100
|turn|19
|
|t:|1758975328
|move|p1a: David|Close Combat|p2a: Kingambit
|-supereffective|p2a: Kingambit
|-damage|p2a: Kingambit|0 fnt
|-unboost|p1a: David|def|1
|-unboost|p1a: David|spd|1
|faint|p2a: Kingambit
|-end|p2a: Kingambit|fallen1|[silent]
|-damage|p1a: David|91/100|[from] item: Life Orb
|
|upkeep
|
|t:|1758975338
|switch|p2a: Gliscor|Gliscor, F|49/100 tox
|turn|20
|
|t:|1758975346
|move|p1a: David|Zen Headbutt|p2a: Gliscor
|-damage|p2a: Gliscor|24/100 tox
|-damage|p1a: David|81/100|[from] item: Life Orb
|move|p2a: Gliscor|Earthquake|p1a: David
|-supereffective|p1a: David
|-damage|p1a: David|0 fnt
|faint|p1a: David
|
|-heal|p2a: Gliscor|37/100 tox|[from] ability: Poison Heal
|upkeep
|
|t:|1758975358
|switch|p1a: Chicxulub|Minior-Orange, shiny|100/100
|-formechange|p1a: Chicxulub|Minior-Meteor||[from] ability: Shields Down
|turn|21
|
|t:|1758975364
|move|p2a: Gliscor|U-turn|p1a: Chicxulub
|-resisted|p1a: Chicxulub
|-damage|p1a: Chicxulub|92/100
|
|t:|1758975371
|switch|p2a: Ogerpon|Ogerpon-Wellspring, F|44/100 tox|[from] U-turn
|move|p1a: Chicxulub|Shell Smash|p1a: Chicxulub
|-unboost|p1a: Chicxulub|def|1
|-unboost|p1a: Chicxulub|spd|1
|-boost|p1a: Chicxulub|atk|2
|-boost|p1a: Chicxulub|spa|2
|-boost|p1a: Chicxulub|spe|2
|
|-damage|p2a: Ogerpon|38/100 tox|[from] psn
|upkeep
|turn|22
|
|t:|1758975391
|move|p1a: Chicxulub|Cosmic Power|p1a: Chicxulub
|-boost|p1a: Chicxulub|def|1
|-boost|p1a: Chicxulub|spd|1
|move|p2a: Ogerpon|Ivy Cudgel|p1a: Chicxulub|[anim] Ivy Cudgel Water
|-supereffective|p1a: Chicxulub
|-crit|p1a: Chicxulub
|-damage|p1a: Chicxulub|0 fnt
|faint|p1a: Chicxulub
|
|-damage|p2a: Ogerpon|26/100 tox|[from] psn
|upkeep
|-message|Tom5283 forfeited.
|
|win|yelcoo
|raw|Tom5283's rating: 1060 &rarr; <strong>1044</strong><br />(-16 for losing)
|raw|yelcoo's rating: 1114 &rarr; <strong>1135</strong><br />(+21 for winning)
|l|☆Tom5283
|player|p1|
|l|☆yelcoo
|player|p2|
