|j|☆ArthurowVidal
|j|☆jonklerxd
|t:|1758989212
|gametype|singles
|player|p1|ArthurowVidal|101|1538
|player|p2|jonklerxd|ninjaboy|1553
|gen|9
|tier|[Gen 9] OU
|rated|
|rule|HP Percentage Mod: HP is shown in percentages
|rule|Endless Battle Clause: Forcing endless battles is banned
|rule|Species Clause: Limit one of each Pokémon
|rule|OHKO Clause: OHKO moves are banned
|rule|Evasion Items Clause: Evasion items are banned
|rule|Evasion Moves Clause: Evasion moves are banned
|rule|Evasion Abilities Clause: Evasion abilities are banned
|rule|Sleep Moves Clause: Sleep-inducing moves are banned
|clearpoke
|poke|p1|Keldeo-Resolute|
|poke|p1|Dragapult, M|
|poke|p1|Slowking-Galar, F|
|poke|p1|Kingambit, F|
|poke|p1|Zapdos|
|poke|p1|Great Tusk|
|poke|p2|Armarouge, F|
|poke|p2|Gardevoir, F|
|poke|p2|Grimmsnarl, M|
|poke|p2|Great Tusk|
|poke|p2|Rillaboom, M|
|poke|p2|Gengar, M|
|teampreview
|inactive|Battle timer is ON: inactive players will automatically lose when time's up. (requested by jonklerxd)
|
|t:|1758989241
|teamsize|p1|6
|teamsize|p2|6
|start
|switch|p1a: Ascended Phantom|Dragapult, M|100/100
|switch|p2a: Grimmsnarl|Grimmsnarl, M|100/100
|turn|1
|
|t:|1758989249
|move|p2a: Grimmsnarl|Reflect|p2a: Grimmsnarl
|-sidestart|p2: jonklerxd|Reflect
|move|p1a: Ascended Phantom|U-turn|p2a: Grimmsnarl
|-damage|p2a: Grimmsnarl|84/100
|
|t:|1758989262
|switch|p1a: Kami’s Vision|Slowking-Galar, F|100/100|[from] U-turn
|
|upkeep
|turn|2
|
|t:|1758989266
|move|p2a: Grimmsnarl|Light Screen|p2a: Grimmsnarl
|-sidestart|p2: jonklerxd|move: Light Screen
|move|p1a: Kami’s Vision|Trick|p2a: Grimmsnarl
|-activate|p1a: Kami’s Vision|move: Trick|[of] p2a: Grimmsnarl
|-item|p2a: Grimmsnarl|Black Sludge|[from] move: Trick
|-item|p1a: Kami’s Vision|Light Clay|[from] move: Trick
|
|-damage|p2a: Grimmsnarl|72/100|[from] item: Black Sludge
|upkeep
|turn|3
|
|t:|1758989273
|switch|p2a: Gengar|Gengar, M|100/100
|-prepare|p1a: Kami’s Vision|Chilly Reception|[premajor]
|move|p1a: Kami’s Vision|Chilly Reception|p1a: Kami’s Vision
|-weather|Snowscape
|inactive|ArthurowVidal has 120 seconds left.
|
|t:|1758989314
|switch|p1a: Crutch Gambit|Kingambit, F|100/100|[from] Chilly Reception
|
|-weather|Snowscape|[upkeep]
|upkeep
|turn|4
|
|t:|1758989332
|-terastallize|p1a: Crutch Gambit|Flying
|move|p2a: Gengar|Focus Blast|p1a: Crutch Gambit
|-resisted|p1a: Crutch Gambit
|-damage|p1a: Crutch Gambit|77/100
|-unboost|p1a: Crutch Gambit|spd|1
|move|p1a: Crutch Gambit|Swords Dance|p1a: Crutch Gambit
|-boost|p1a: Crutch Gambit|atk|2
|
|-weather|Snowscape|[upkeep]
|-heal|p1a: Crutch Gambit|83/100|[from] item: Leftovers
|upkeep
|turn|5
|
|t:|1758989342
|move|p2a: Gengar|Icy Wind|p1a: Crutch Gambit
|-supereffective|p1a: Crutch Gambit
|-damage|p1a: Crutch Gambit|27/100
|-unboost|p1a: Crutch Gambit|spe|1
|move|p1a: Crutch Gambit|Kowtow Cleave|p2a: Gengar
|-supereffective|p2a: Gengar
|-enditem|p2a: Gengar|Focus Sash
|-damage|p2a: Gengar|1/100
|
|-weather|Snowscape|[upkeep]
|-heal|p1a: Crutch Gambit|33/100|[from] item: Leftovers
|upkeep
|turn|6
|
|t:|1758989354
|switch|p2a: Great Tusk|Great Tusk|100/100
|-enditem|p2a: Great Tusk|Booster Energy
|-activate|p2a: Great Tusk|ability: Protosynthesis|[fromitem]
|-start|p2a: Great Tusk|protosynthesisspe
|move|p1a: Crutch Gambit|Sucker Punch||[still]
|-fail|p1a: Crutch Gambit
|
|-weather|Snowscape|[upkeep]
|-heal|p1a: Crutch Gambit|39/100|[from] item: Leftovers
|upkeep
|turn|7
|
|t:|1758989368
|-end|p1a: Crutch Gambit|fallenundefined|[silent]
|switch|p1a: Kami’s Vision|Slowking-Galar, F|100/100
|move|p2a: Great Tusk|Bulk Up|p2a: Great Tusk
|-boost|p2a: Great Tusk|atk|1
|-boost|p2a: Great Tusk|def|1
|
|-weather|none
|upkeep
|turn|8
|
|t:|1758989392
|move|p2a: Great Tusk|Bulk Up|p2a: Great Tusk
|-boost|p2a: Great Tusk|atk|1
|-boost|p2a: Great Tusk|def|1
|-prepare|p1a: Kami’s Vision|Chilly Reception|[premajor]
|move|p1a: Kami’s Vision|Chilly Reception|p1a: Kami’s Vision
|-weather|Snowscape
|
|t:|1758989399
|switch|p1a: Trunks’ Resolve|Keldeo-Resolute|100/100|[from] Chilly Reception
|
|-weather|Snowscape|[upkeep]
|-sideend|p2: jonklerxd|Reflect
|upkeep
|turn|9
|
|t:|1758989404
|move|p2a: Great Tusk|Headlong Rush|p1a: Trunks’ Resolve
|-damage|p1a: Trunks’ Resolve|0 fnt
|-unboost|p2a: Great Tusk|def|1
|-unboost|p2a: Great Tusk|spd|1
|faint|p1a: Trunks’ Resolve
|
|-weather|Snowscape|[upkeep]
|-sideend|p2: jonklerxd|move: Light Screen
|upkeep
|
|t:|1758989410
|switch|p1a: Wrath of Broly|Great Tusk|100/100
|-enditem|p1a: Wrath of Broly|Booster Energy
|-activate|p1a: Wrath of Broly|ability: Protosynthesis|[fromitem]
|-start|p1a: Wrath of Broly|protosynthesisatk
|turn|10
|
|t:|1758989415
|move|p2a: Great Tusk|Ice Spinner|p1a: Wrath of Broly
|-supereffective|p1a: Wrath of Broly
|-damage|p1a: Wrath of Broly|36/100
|move|p1a: Wrath of Broly|Ice Spinner|p2a: Great Tusk
|-supereffective|p2a: Great Tusk
|-damage|p2a: Great Tusk|71/100
|
|-weather|Snowscape|[upkeep]
|upkeep
|turn|11
|-message|ArthurowVidal forfeited.
|
|win|jonklerxd
|raw|ArthurowVidal's rating: 1538 &rarr; <strong>1519</strong><br />(-19 for losing)
|raw|jonklerxd's rating: 1553 &rarr; <strong>1572</strong><br />(+19 for winning)
|c|☆jonklerxd|gg
|l|☆ArthurowVidal
|player|p1|
|l|☆jonklerxd
|player|p2|
