|j|☆TREMBLEB4BAST
|j|☆Yelo_Galaxy
|t:|1759048857
|gametype|singles
|player|p1|TREMBLEB4BAST|ash-kalos|1516
|player|p2|Yelo_Galaxy|169|1661
|gen|9
|tier|[Gen 9] OU
|rated|
|rule|HP Percentage Mod: HP is shown in percentages
|rule|Endless Battle Clause: Forcing endless battles is banned
|rule|Species Clause: Limit one of each Pokémon
|rule|OHKO Clause: OHKO moves are banned
|rule|Evasion Items Clause: Evasion items are banned
|rule|Evasion Moves Clause: Evasion moves are banned
|rule|Evasion Abilities Clause: Evasion abilities are banned
|rule|Sleep Moves Clause: Sleep-inducing moves are banned
|clearpoke
|poke|p1|Deoxys-Speed|
|poke|p1|Indeedee, M|
|poke|p1|Meowscarada, M|
|poke|p1|Araquanid, F|
|poke|p1|Hitmonlee, M|
|poke|p1|Scream Tail|
|poke|p2|Torkoal, F|
|poke|p2|Hatterene, F|
|poke|p2|Raging Bolt|
|poke|p2|Slither Wing|
|poke|p2|Venusaur, F|
|poke|p2|Walking Wake|
|teampreview
|
|t:|1759048876
|teamsize|p1|6
|teamsize|p2|6
|start
|switch|p1a: Mob 100|Indeedee, M|100/100
|switch|p2a: Hatterene|Hatterene, F|100/100
|-fieldstart|move: Psychic Terrain|[from] ability: Psychic Surge|[of] p1a: Mob 100
|-item|p2a: Hatterene|Air Balloon
|turn|1
|
|t:|1759048900
|switch|p1a: Bubble07|Araquanid, F, shiny|100/100
|switch|p2a: Raging Bolt|Raging Bolt|100/100
|
|upkeep
|turn|2
|
|t:|1759048909
|switch|p1a: Puss in Boots|Meowscarada, M|100/100
|move|p2a: Raging Bolt|Dragon Pulse|p1a: Puss in Boots
|-damage|p1a: Puss in Boots|0 fnt
|faint|p1a: Puss in Boots
|-damage|p2a: Raging Bolt|91/100|[from] item: Life Orb
|
|upkeep
|
|t:|1759048916
|switch|p1a: Mob 100|Indeedee, M|100/100
|turn|3
|
|t:|1759048919
|move|p1a: Mob 100|Expanding Force|p2a: Raging Bolt
|-damage|p2a: Raging Bolt|20/100
|move|p2a: Raging Bolt|Dragon Pulse|p1a: Mob 100
|-damage|p1a: Mob 100|14/100
|-damage|p2a: Raging Bolt|10/100|[from] item: Life Orb
|
|upkeep
|turn|4
|
|t:|1759048924
|move|p1a: Mob 100|Expanding Force|p2a: Raging Bolt
|-damage|p2a: Raging Bolt|0 fnt
|faint|p2a: Raging Bolt
|-end|p2a: Raging Bolt|Protosynthesis|[silent]
|
|upkeep
|
|t:|1759048927
|switch|p2a: Walking Wake|Walking Wake|100/100
|turn|5
|
|t:|1759048937
|switch|p1a: Bubble07|Araquanid, F, shiny|100/100
|move|p2a: Walking Wake|Hydro Steam|p1a: Bubble07
|-resisted|p1a: Bubble07
|-damage|p1a: Bubble07|83/100
|
|-fieldend|move: Psychic Terrain
|upkeep
|turn|6
|
|t:|1759048941
|move|p2a: Walking Wake|Flip Turn|p1a: Bubble07
|-resisted|p1a: Bubble07
|-damage|p1a: Bubble07|74/100
|
|t:|1759048942
|-end|p2a: Walking Wake|Protosynthesis|[silent]
|switch|p2a: Hatterene|Hatterene, F|100/100|[from] Flip Turn
|-item|p2a: Hatterene|Air Balloon
|move|p1a: Bubble07|Sticky Web|p2a: Hatterene
|move|p2a: Hatterene|Sticky Web|p1a: Bubble07|[from] ability: Magic Bounce
|-sidestart|p1: TREMBLEB4BAST|move: Sticky Web
|
|upkeep
|turn|7
|
|t:|1759048948
|move|p1a: Bubble07|Liquidation|p2a: Hatterene
|-damage|p2a: Hatterene|49/100
|-enditem|p2a: Hatterene|Air Balloon
|move|p2a: Hatterene|Dazzling Gleam|p1a: Bubble07
|-damage|p1a: Bubble07|43/100
|
|upkeep
|turn|8
|
|t:|1759048951
|move|p1a: Bubble07|Liquidation|p2a: Hatterene
|-damage|p2a: Hatterene|0 fnt
|faint|p2a: Hatterene
|
|upkeep
|
|t:|1759048957
|switch|p2a: Slither Wing|Slither Wing|100/100
|turn|9
|
|t:|1759048961
|move|p2a: Slither Wing|U-turn|p1a: Bubble07
|-damage|p1a: Bubble07|0 fnt
|faint|p1a: Bubble07
|
|t:|1759048965
|-end|p2a: Slither Wing|Protosynthesis|[silent]
|switch|p2a: Torkoal|Torkoal, F|100/100|[from] U-turn
|-weather|SunnyDay|[from] ability: Drought|[of] p2a: Torkoal
|
|-weather|SunnyDay|[upkeep]
|upkeep
|
|t:|1759048969
|switch|p1a: Mob 100|Indeedee, M|14/100
|-activate|p1a: Mob 100|move: Sticky Web
|-unboost|p1a: Mob 100|spe|1
|-fieldstart|move: Psychic Terrain|[from] ability: Psychic Surge|[of] p1a: Mob 100
|turn|10
|
|t:|1759048975
|move|p1a: Mob 100|Expanding Force|p2a: Torkoal
|-damage|p2a: Torkoal|21/100
|move|p2a: Torkoal|Stealth Rock|p1a: Mob 100
|-sidestart|p1: TREMBLEB4BAST|move: Stealth Rock
|
|-weather|SunnyDay|[upkeep]
|upkeep
|turn|11
|
|t:|1759048996
|switch|p2a: Walking Wake|Walking Wake|100/100
|-activate|p2a: Walking Wake|ability: Protosynthesis
|-start|p2a: Walking Wake|protosynthesisspe
|move|p1a: Mob 100|Expanding Force|p2a: Walking Wake
|-crit|p2a: Walking Wake
|-damage|p2a: Walking Wake|0 fnt
|faint|p2a: Walking Wake
|-end|p2a: Walking Wake|Protosynthesis|[silent]
|
|-weather|SunnyDay|[upkeep]
|upkeep
|
|t:|1759048998
|switch|p2a: Venusaur|Venusaur, F|100/100
|turn|12
|
|t:|1759049002
|move|p2a: Venusaur|Weather Ball|p1a: Mob 100
|-damage|p1a: Mob 100|0 fnt
|faint|p1a: Mob 100
|-damage|p2a: Venusaur|91/100|[from] item: Life Orb
|
|-weather|SunnyDay|[upkeep]
|upkeep
|
|t:|1759049014
|switch|p1a: Hitmon Ali|Hitmonlee, M|100/100
|-activate|p1a: Hitmon Ali|move: Sticky Web
|-unboost|p1a: Hitmon Ali|spe|1
|-damage|p1a: Hitmon Ali|94/100|[from] Stealth Rock
|-enditem|p1a: Hitmon Ali|Psychic Seed
|-boost|p1a: Hitmon Ali|spd|1|[from] item: Psychic Seed
|turn|13
|
|t:|1759049026
|-terastallize|p2a: Venusaur|Fire
|move|p2a: Venusaur|Weather Ball|p1a: Hitmon Ali
|-damage|p1a: Hitmon Ali|14/100
|-damage|p2a: Venusaur|81/100|[from] item: Life Orb
|move|p1a: Hitmon Ali|Knock Off|p2a: Venusaur
|-damage|p2a: Venusaur|36/100
|-enditem|p2a: Venusaur|Life Orb|[from] move: Knock Off|[of] p1a: Hitmon Ali
|
|-weather|SunnyDay|[upkeep]
|upkeep
|turn|14
|
|t:|1759049036
|move|p2a: Venusaur|Weather Ball|p1a: Hitmon Ali
|-damage|p1a: Hitmon Ali|0 fnt
|faint|p1a: Hitmon Ali
|
|-weather|SunnyDay|[upkeep]
|-fieldend|move: Psychic Terrain
|upkeep
|
|t:|1759049038
|switch|p1a: Golliad|Scream Tail, shiny|100/100
|-activate|p1a: Golliad|move: Sticky Web
|-unboost|p1a: Golliad|spe|1
|-damage|p1a: Golliad|88/100|[from] Stealth Rock
|-activate|p1a: Golliad|ability: Protosynthesis
|-start|p1a: Golliad|protosynthesisspd
|turn|15
|
|t:|1759049044
|switch|p2a: Slither Wing|Slither Wing|100/100
|-activate|p2a: Slither Wing|ability: Protosynthesis
|-start|p2a: Slither Wing|protosynthesisatk
|move|p1a: Golliad|Boomburst|p2a: Slither Wing
|-damage|p2a: Slither Wing|78/100
|
|-weather|SunnyDay|[upkeep]
|upkeep
|turn|16
|
|t:|1759049049
|move|p2a: Slither Wing|First Impression|p1a: Golliad
|-damage|p1a: Golliad|20/100
|move|p1a: Golliad|Flamethrower|p2a: Slither Wing
|-supereffective|p2a: Slither Wing
|-damage|p2a: Slither Wing|37/100
|
|-weather|none
|-end|p2a: Slither Wing|Protosynthesis
|-end|p1a: Golliad|Protosynthesis
|upkeep
|-enditem|p1a: Golliad|Booster Energy
|-activate|p1a: Golliad|ability: Protosynthesis|[fromitem]
|-start|p1a: Golliad|protosynthesisspd
|turn|17
|
|t:|1759049054
|move|p2a: Slither Wing|Temper Flare|p1a: Golliad
|-damage|p1a: Golliad|0 fnt
|faint|p1a: Golliad
|-end|p1a: Golliad|Protosynthesis|[silent]
|
|upkeep
|
|t:|1759049056
|switch|p1a: Alakadam|Deoxys-Speed, shiny|100/100
|-activate|p1a: Alakadam|move: Sticky Web
|-unboost|p1a: Alakadam|spe|1
|-damage|p1a: Alakadam|88/100|[from] Stealth Rock
|-ability|p1a: Alakadam|Pressure
|turn|18
|inactive|Battle timer is ON: inactive players will automatically lose when time's up. (requested by Yelo_Galaxy)
|
|t:|1759049069
|-end|p2a: Slither Wing|Protosynthesis|[silent]
|switch|p2a: Torkoal|Torkoal, F|21/100
|-weather|SunnyDay|[from] ability: Drought|[of] p2a: Torkoal
|move|p1a: Alakadam|Expanding Force|p2a: Torkoal
|-damage|p2a: Torkoal|0 fnt
|faint|p2a: Torkoal
|
|-weather|SunnyDay|[upkeep]
|upkeep
|
|t:|1759049073
|switch|p2a: Slither Wing|Slither Wing|37/100
|-activate|p2a: Slither Wing|ability: Protosynthesis
|-start|p2a: Slither Wing|protosynthesisatk
|turn|19
|
|t:|1759049075
|-terastallize|p1a: Alakadam|Fairy
|move|p2a: Slither Wing|First Impression|p1a: Alakadam
|-resisted|p1a: Alakadam
|-damage|p1a: Alakadam|35/100
|move|p1a: Alakadam|Expanding Force|p2a: Slither Wing
|-supereffective|p2a: Slither Wing
|-damage|p2a: Slither Wing|0 fnt
|faint|p2a: Slither Wing
|-end|p2a: Slither Wing|Protosynthesis|[silent]
|
|-weather|SunnyDay|[upkeep]
|upkeep
|
|t:|1759049078
|switch|p2a: Venusaur|Venusaur, F, tera:Fire|36/100
|turn|20
|
|t:|1759049080
|move|p2a: Venusaur|Weather Ball|p1a: Alakadam
|-damage|p1a: Alakadam|0 fnt
|faint|p1a: Alakadam
|
|win|Yelo_Galaxy
|raw|TREMBLEB4BAST's rating: 1516 &rarr; <strong>1504</strong><br />(-12 for losing)
|raw|Yelo_Galaxy's rating: 1661 &rarr; <strong>1673</strong><br />(+12 for winning)
|l|☆TREMBLEB4BAST
|player|p1|
