|badge|p1|silver|gen9uu|30-6
|uhtml|medal-msg|<div class="broadcast-blue">Curious what those medals under the avatar are? PS now has Ladder Seasons! For more information, check out the <a href="https://www.smogon.com/forums/threads/3740067/">thread on Smogon.</a></div>
|badge|p2|bronze|gen9randombattle|100-6
|uhtml|medal-msg|<div class="broadcast-blue">Curious what those medals under the avatar are? PS now has Ladder Seasons! For more information, check out the <a href="https://www.smogon.com/forums/threads/3740067/">thread on Smogon.</a></div>
|j|☆longyutaihou
|j|☆Playing Foul
|t:|1759044228
|gametype|singles
|player|p1|longyutaihou|bellelba|1659
|player|p2|Playing Foul|ethan-gen2|1746
|gen|9
|tier|[Gen 9] OU
|rated|
|rule|HP Percentage Mod: HP is shown in percentages
|rule|Endless Battle Clause: Forcing endless battles is banned
|rule|Species Clause: Limit one of each Pokémon
|rule|OHKO Clause: OHKO moves are banned
|rule|Evasion Items Clause: Evasion items are banned
|rule|Evasion Moves Clause: Evasion moves are banned
|rule|Evasion Abilities Clause: Evasion abilities are banned
|rule|Sleep Moves Clause: Sleep-inducing moves are banned
|clearpoke
|poke|p1|Gliscor, F|
|poke|p1|Moltres|
|poke|p1|Raging Bolt|
|poke|p1|Kyurem|
|poke|p1|Glimmora, F|
|poke|p1|Ting-Lu|
|poke|p2|Clefable, F|
|poke|p2|Heatran, M|
|poke|p2|Rillaboom, M|
|poke|p2|Ogerpon-Wellspring, F|
|poke|p2|Zapdos|
|poke|p2|Great Tusk|
|teampreview
|inactive|Battle timer is ON: inactive players will automatically lose when time's up. (requested by Playing Foul)
|
|t:|1759044238
|teamsize|p1|6
|teamsize|p2|6
|start
|switch|p1a: Glimmora|Glimmora, F|100/100
|switch|p2a: Clefable|Clefable, F|100/100
|turn|1
|
|t:|1759044247
|move|p1a: Glimmora|Stealth Rock|p2a: Clefable
|-sidestart|p2: Playing Foul|move: Stealth Rock
|move|p2a: Clefable|Calm Mind|p2a: Clefable
|-boost|p2a: Clefable|spa|1
|-boost|p2a: Clefable|spd|1
|
|upkeep
|turn|2
|
|t:|1759044254
|move|p1a: Glimmora|Sludge Bomb|p2a: Clefable
|-supereffective|p2a: Clefable
|-damage|p2a: Clefable|49/100
|-status|p2a: Clefable|psn
|move|p2a: Clefable|Moonblast|p1a: Glimmora
|-resisted|p1a: Glimmora
|-damage|p1a: Glimmora|79/100
|
|-heal|p1a: Glimmora|85/100|[from] item: Leftovers
|-heal|p2a: Clefable|55/100 psn|[from] item: Leftovers
|upkeep
|turn|3
|
|t:|1759044265
|move|p1a: Glimmora|Earth Power|p2a: Clefable
|-damage|p2a: Clefable|37/100 psn
|move|p2a: Clefable|Moonlight|p2a: Clefable
|-heal|p2a: Clefable|87/100 psn
|
|-heal|p1a: Glimmora|91/100|[from] item: Leftovers
|-heal|p2a: Clefable|93/100 psn|[from] item: Leftovers
|upkeep
|turn|4
|j| infopro play392
|
|t:|1759044274
|move|p1a: Glimmora|Sludge Bomb|p2a: Clefable
|-supereffective|p2a: Clefable
|-damage|p2a: Clefable|40/100 psn
|move|p2a: Clefable|Calm Mind|p2a: Clefable
|-boost|p2a: Clefable|spa|1
|-boost|p2a: Clefable|spd|1
|
|-heal|p1a: Glimmora|97/100|[from] item: Leftovers
|-heal|p2a: Clefable|46/100 psn|[from] item: Leftovers
|upkeep
|turn|5
|
|t:|1759044293
|move|p1a: Glimmora|Sludge Bomb|p2a: Clefable
|-supereffective|p2a: Clefable
|-damage|p2a: Clefable|6/100 psn
|move|p2a: Clefable|Moonlight|p2a: Clefable
|-heal|p2a: Clefable|56/100 psn
|
|-heal|p1a: Glimmora|100/100|[from] item: Leftovers
|-heal|p2a: Clefable|62/100 psn|[from] item: Leftovers
|upkeep
|turn|6
|
|t:|1759044303
|move|p1a: Glimmora|Sludge Bomb|p2a: Clefable
|-supereffective|p2a: Clefable
|-damage|p2a: Clefable|19/100 psn
|move|p2a: Clefable|Moonlight|p2a: Clefable
|-heal|p2a: Clefable|69/100 psn
|
|-heal|p2a: Clefable|75/100 psn|[from] item: Leftovers
|upkeep
|turn|7
|
|t:|1759044312
|move|p1a: Glimmora|Sludge Bomb|p2a: Clefable
|-supereffective|p2a: Clefable
|-damage|p2a: Clefable|33/100 psn
|move|p2a: Clefable|Calm Mind|p2a: Clefable
|-boost|p2a: Clefable|spa|1
|-boost|p2a: Clefable|spd|1
|
|-heal|p2a: Clefable|40/100 psn|[from] item: Leftovers
|upkeep
|turn|8
|
|t:|1759044322
|move|p1a: Glimmora|Sludge Bomb|p2a: Clefable
|-supereffective|p2a: Clefable
|-damage|p2a: Clefable|9/100 psn
|move|p2a: Clefable|Moonlight|p2a: Clefable
|-heal|p2a: Clefable|59/100 psn
|
|-heal|p2a: Clefable|65/100 psn|[from] item: Leftovers
|upkeep
|turn|9
|
|t:|1759044331
|move|p1a: Glimmora|Sludge Bomb|p2a: Clefable
|-supereffective|p2a: Clefable
|-damage|p2a: Clefable|34/100 psn
|move|p2a: Clefable|Moonblast|p1a: Glimmora
|-resisted|p1a: Glimmora
|-damage|p1a: Glimmora|62/100
|-unboost|p1a: Glimmora|spa|1
|
|-heal|p1a: Glimmora|69/100|[from] item: Leftovers
|-heal|p2a: Clefable|40/100 psn|[from] item: Leftovers
|upkeep
|turn|10
|
|t:|1759044352
|move|p1a: Glimmora|Sludge Bomb|p2a: Clefable
|-supereffective|p2a: Clefable
|-crit|p2a: Clefable
|-damage|p2a: Clefable|0 fnt
|faint|p2a: Clefable
|
|-heal|p1a: Glimmora|75/100|[from] item: Leftovers
|upkeep
|
|t:|1759044356
|switch|p2a: Ogerpon|Ogerpon-Wellspring, F|100/100
|-damage|p2a: Ogerpon|88/100|[from] Stealth Rock
|turn|11
|
|t:|1759044365
|move|p2a: Ogerpon|Ivy Cudgel|p1a: Glimmora|[anim] Ivy Cudgel Water
|-supereffective|p1a: Glimmora
|-damage|p1a: Glimmora|0 fnt
|-activate|p1a: Glimmora|ability: Toxic Debris
|-sidestart|p2: Playing Foul|move: Toxic Spikes
|faint|p1a: Glimmora
|
|upkeep
|
|t:|1759044375
|switch|p1a: Kyurem|Kyurem, shiny|100/100
|-ability|p1a: Kyurem|Pressure
|turn|12
|
|t:|1759044383
|move|p2a: Ogerpon|Play Rough|p1a: Kyurem
|-supereffective|p1a: Kyurem
|-damage|p1a: Kyurem|30/100
|move|p1a: Kyurem|Substitute|p1a: Kyurem
|-start|p1a: Kyurem|Substitute
|-damage|p1a: Kyurem|5/100
|
|-heal|p1a: Kyurem|11/100|[from] item: Leftovers
|upkeep
|turn|13
|
|t:|1759044392
|switch|p2a: Heatran|Heatran, M, shiny|100/100
|-damage|p2a: Heatran|88/100|[from] Stealth Rock
|move|p1a: Kyurem|Protect||[still]
|-fail|p1a: Kyurem
|
|-heal|p1a: Kyurem|18/100|[from] item: Leftovers
|-heal|p2a: Heatran|94/100|[from] item: Leftovers
|upkeep
|turn|14
|
|t:|1759044401
|-terastallize|p2a: Heatran|Ghost
|move|p1a: Kyurem|Earth Power|p2a: Heatran
|-damage|p2a: Heatran|75/100
|move|p2a: Heatran|Magma Storm|p1a: Kyurem|[miss]
|-miss|p2a: Heatran|p1a: Kyurem
|
|-heal|p1a: Kyurem|24/100|[from] item: Leftovers
|-heal|p2a: Heatran|81/100|[from] item: Leftovers
|upkeep
|turn|15
|
|t:|1759044414
|move|p1a: Kyurem|Freeze-Dry|p2a: Heatran
|-damage|p2a: Heatran|58/100
|move|p2a: Heatran|Magma Storm|p1a: Kyurem|[miss]
|-miss|p2a: Heatran|p1a: Kyurem
|
|-heal|p1a: Kyurem|30/100|[from] item: Leftovers
|-heal|p2a: Heatran|65/100|[from] item: Leftovers
|upkeep
|turn|16
|
|t:|1759044423
|move|p1a: Kyurem|Protect|p1a: Kyurem
|-singleturn|p1a: Kyurem|Protect
|move|p2a: Heatran|Magma Storm|p1a: Kyurem
|-activate|p1a: Kyurem|move: Protect
|
|-heal|p1a: Kyurem|36/100|[from] item: Leftovers
|-heal|p2a: Heatran|71/100|[from] item: Leftovers
|upkeep
|turn|17
|
|t:|1759044432
|move|p1a: Kyurem|Freeze-Dry|p2a: Heatran
|-damage|p2a: Heatran|47/100
|move|p2a: Heatran|Magma Storm|p1a: Kyurem
|-end|p1a: Kyurem|Substitute
|
|-heal|p1a: Kyurem|43/100|[from] item: Leftovers
|-heal|p2a: Heatran|53/100|[from] item: Leftovers
|upkeep
|turn|18
|
|t:|1759044444
|move|p1a: Kyurem|Protect|p1a: Kyurem
|-singleturn|p1a: Kyurem|Protect
|move|p2a: Heatran|Earth Power|p1a: Kyurem
|-activate|p1a: Kyurem|move: Protect
|
|-heal|p1a: Kyurem|49/100|[from] item: Leftovers
|-heal|p2a: Heatran|59/100|[from] item: Leftovers
|upkeep
|turn|19
|
|t:|1759044453
|move|p1a: Kyurem|Substitute|p1a: Kyurem
|-start|p1a: Kyurem|Substitute
|-damage|p1a: Kyurem|24/100
|move|p2a: Heatran|Earth Power|p1a: Kyurem
|-end|p1a: Kyurem|Substitute
|
|-heal|p1a: Kyurem|30/100|[from] item: Leftovers
|-heal|p2a: Heatran|65/100|[from] item: Leftovers
|upkeep
|turn|20
|
|t:|1759044462
|move|p1a: Kyurem|Protect|p1a: Kyurem
|-singleturn|p1a: Kyurem|Protect
|move|p2a: Heatran|Earth Power|p1a: Kyurem
|-activate|p1a: Kyurem|move: Protect
|
|-heal|p1a: Kyurem|36/100|[from] item: Leftovers
|-heal|p2a: Heatran|72/100|[from] item: Leftovers
|upkeep
|turn|21
|
|t:|1759044471
|move|p1a: Kyurem|Freeze-Dry|p2a: Heatran
|-damage|p2a: Heatran|50/100
|move|p2a: Heatran|Earth Power|p1a: Kyurem
|-damage|p1a: Kyurem|11/100
|-unboost|p1a: Kyurem|spd|1
|
|-heal|p1a: Kyurem|17/100|[from] item: Leftovers
|-heal|p2a: Heatran|56/100|[from] item: Leftovers
|upkeep
|turn|22
|
|t:|1759044481
|move|p1a: Kyurem|Protect|p1a: Kyurem
|-singleturn|p1a: Kyurem|Protect
|move|p2a: Heatran|Protect||[still]
|-fail|p2a: Heatran
|
|-heal|p1a: Kyurem|23/100|[from] item: Leftovers
|-heal|p2a: Heatran|62/100|[from] item: Leftovers
|upkeep
|turn|23
|
|t:|1759044495
|switch|p1a: Ting-Lu|Ting-Lu|100/100
|-ability|p1a: Ting-Lu|Vessel of Ruin
|move|p2a: Heatran|Protect||[still]
|-fail|p2a: Heatran
|
|-heal|p2a: Heatran|68/100|[from] item: Leftovers
|upkeep
|turn|24
|
|t:|1759044508
|move|p2a: Heatran|Will-O-Wisp|p1a: Ting-Lu|[miss]
|-miss|p2a: Heatran|p1a: Ting-Lu
|move|p1a: Ting-Lu|Earthquake|p2a: Heatran
|-damage|p2a: Heatran|38/100
|
|-heal|p2a: Heatran|44/100|[from] item: Leftovers
|upkeep
|turn|25
|
|t:|1759044524
|switch|p1a: Raging Bolt|Raging Bolt|100/100
|-enditem|p1a: Raging Bolt|Booster Energy
|-activate|p1a: Raging Bolt|ability: Protosynthesis|[fromitem]
|-start|p1a: Raging Bolt|protosynthesisspa
|move|p2a: Heatran|Will-O-Wisp|p1a: Raging Bolt|[miss]
|-miss|p2a: Heatran|p1a: Raging Bolt
|
|-heal|p2a: Heatran|50/100|[from] item: Leftovers
|upkeep
|turn|26
|
|t:|1759044534
|move|p1a: Raging Bolt|Thunderbolt|p2a: Heatran
|-damage|p2a: Heatran|6/100
|move|p2a: Heatran|Earth Power|p1a: Raging Bolt
|-supereffective|p1a: Raging Bolt
|-damage|p1a: Raging Bolt|54/100
|
|-heal|p2a: Heatran|13/100|[from] item: Leftovers
|upkeep
|turn|27
|
|t:|1759044543
|move|p1a: Raging Bolt|Dragon Pulse|p2a: Heatran
|-damage|p2a: Heatran|0 fnt
|faint|p2a: Heatran
|
|upkeep
|
|t:|1759044550
|switch|p2a: Great Tusk|Great Tusk|100/100
|-damage|p2a: Great Tusk|97/100|[from] Stealth Rock
|-status|p2a: Great Tusk|psn
|turn|28
|
|t:|1759044558
|move|p2a: Great Tusk|Rapid Spin|p1a: Raging Bolt
|-damage|p1a: Raging Bolt|41/100
|-boost|p2a: Great Tusk|spe|1
|-sideend|p2: Playing Foul|Toxic Spikes|[from] move: Rapid Spin|[of] p2a: Great Tusk
|-sideend|p2: Playing Foul|Stealth Rock|[from] move: Rapid Spin|[of] p2a: Great Tusk
|move|p1a: Raging Bolt|Dragon Pulse|p2a: Great Tusk
|-damage|p2a: Great Tusk|10/100 psn
|
|-damage|p2a: Great Tusk|0 fnt|[from] psn
|faint|p2a: Great Tusk
|-end|p2a: Great Tusk|Protosynthesis|[silent]
|upkeep
|
|t:|1759044566
|switch|p2a: Ogerpon|Ogerpon-Wellspring, F|88/100
|turn|29
|
|t:|1759044575
|move|p1a: Raging Bolt|Thunderclap|p2a: Ogerpon
|-damage|p2a: Ogerpon|21/100
|move|p2a: Ogerpon|Play Rough|p1a: Raging Bolt
|-supereffective|p1a: Raging Bolt
|-damage|p1a: Raging Bolt|0 fnt
|faint|p1a: Raging Bolt
|-end|p1a: Raging Bolt|Protosynthesis|[silent]
|
|upkeep
|
|t:|1759044587
|switch|p1a: Moltres|Moltres|100/100
|turn|30
|
|t:|1759044602
|-terastallize|p1a: Moltres|Dragon
|move|p2a: Ogerpon|Ivy Cudgel|p1a: Moltres|[anim] Ivy Cudgel Water
|-resisted|p1a: Moltres
|-damage|p1a: Moltres|80/100
|move|p1a: Moltres|Flamethrower|p2a: Ogerpon
|-damage|p2a: Ogerpon|0 fnt
|faint|p2a: Ogerpon
|
|upkeep
|
|t:|1759044611
|switch|p2a: Zapdos|Zapdos, shiny|100/100
|turn|31
|
|t:|1759044619
|move|p2a: Zapdos|Hurricane|p1a: Moltres
|-damage|p1a: Moltres|36/100
|move|p1a: Moltres|Will-O-Wisp|p2a: Zapdos
|-status|p2a: Zapdos|brn
|
|-damage|p2a: Zapdos|94/100 brn|[from] brn
|upkeep
|turn|32
|
|t:|1759044629
|switch|p1a: Ting-Lu|Ting-Lu|100/100
|-ability|p1a: Ting-Lu|Vessel of Ruin
|move|p2a: Zapdos|Hurricane|p1a: Ting-Lu
|-crit|p1a: Ting-Lu
|-damage|p1a: Ting-Lu|71/100
|
|-heal|p1a: Ting-Lu|77/100|[from] item: Leftovers
|-damage|p2a: Zapdos|88/100 brn|[from] brn
|upkeep
|turn|33
|
|t:|1759044641
|move|p2a: Zapdos|Hurricane|p1a: Ting-Lu
|-damage|p1a: Ting-Lu|59/100
|move|p1a: Ting-Lu|Ruination|p2a: Zapdos
|-damage|p2a: Zapdos|45/100 brn
|
|-heal|p1a: Ting-Lu|65/100|[from] item: Leftovers
|-damage|p2a: Zapdos|39/100 brn|[from] brn
|upkeep
|turn|34
|
|t:|1759044651
|move|p2a: Zapdos|Hurricane|p1a: Ting-Lu
|-damage|p1a: Ting-Lu|47/100
|move|p1a: Ting-Lu|Spikes|p2a: Zapdos
|-sidestart|p2: Playing Foul|Spikes
|
|-heal|p1a: Ting-Lu|53/100|[from] item: Leftovers
|-damage|p2a: Zapdos|33/100 brn|[from] brn
|upkeep
|turn|35
|
|t:|1759044659
|move|p2a: Zapdos|Hurricane|p1a: Ting-Lu
|-damage|p1a: Ting-Lu|35/100
|-start|p1a: Ting-Lu|confusion
|-activate|p1a: Ting-Lu|confusion
|move|p1a: Ting-Lu|Ruination|p2a: Zapdos
|-damage|p2a: Zapdos|17/100 brn
|
|-heal|p1a: Ting-Lu|41/100|[from] item: Leftovers
|-damage|p2a: Zapdos|10/100 brn|[from] brn
|upkeep
|turn|36
|
|t:|1759044675
|move|p2a: Zapdos|Hurricane|p1a: Ting-Lu
|-crit|p1a: Ting-Lu
|-damage|p1a: Ting-Lu|11/100
|-activate|p1a: Ting-Lu|confusion
|move|p1a: Ting-Lu|Ruination|p2a: Zapdos
|-damage|p2a: Zapdos|5/100 brn
|
|-heal|p1a: Ting-Lu|17/100|[from] item: Leftovers
|-damage|p2a: Zapdos|0 fnt|[from] brn
|faint|p2a: Zapdos
|upkeep
|
|t:|1759044679
|switch|p2a: Rillaboom|Rillaboom, M|100/100
|-damage|p2a: Rillaboom|88/100|[from] Spikes
|-fieldstart|move: Grassy Terrain|[from] ability: Grassy Surge|[of] p2a: Rillaboom
|turn|37
|
|t:|1759044693
|move|p2a: Rillaboom|Knock Off|p1a: Ting-Lu
|-resisted|p1a: Ting-Lu
|-damage|p1a: Ting-Lu|4/100
|-enditem|p1a: Ting-Lu|Leftovers|[from] move: Knock Off|[of] p2a: Rillaboom
|-activate|p1a: Ting-Lu|confusion
|-damage|p1a: Ting-Lu|0 fnt|[from] confusion
|faint|p1a: Ting-Lu
|
|-heal|p2a: Rillaboom|94/100|[from] Grassy Terrain
|upkeep
|
|t:|1759044704
|switch|p1a: Kyurem|Kyurem, shiny|23/100
|-ability|p1a: Kyurem|Pressure
|turn|38
|
|t:|1759044709
|move|p1a: Kyurem|Protect|p1a: Kyurem
|-singleturn|p1a: Kyurem|Protect
|move|p2a: Rillaboom|Knock Off|p1a: Kyurem
|-activate|p1a: Kyurem|move: Protect
|
|-heal|p1a: Kyurem|29/100|[from] Grassy Terrain
|-heal|p1a: Kyurem|36/100|[from] item: Leftovers
|-heal|p2a: Rillaboom|99/100|[from] Grassy Terrain
|upkeep
|turn|39
|
|t:|1759044719
|move|p1a: Kyurem|Freeze-Dry|p2a: Rillaboom
|-supereffective|p2a: Rillaboom
|-damage|p2a: Rillaboom|19/100
|move|p2a: Rillaboom|Knock Off|p1a: Kyurem
|-damage|p1a: Kyurem|0 fnt
|-enditem|p1a: Kyurem|Leftovers|[from] move: Knock Off|[of] p2a: Rillaboom
|faint|p1a: Kyurem
|
|-heal|p2a: Rillaboom|25/100|[from] Grassy Terrain
|upkeep
|
|t:|1759044731
|switch|p1a: Moltres|Moltres, tera:Dragon|36/100
|turn|40
|
|t:|1759044737
|move|p2a: Rillaboom|Knock Off|p1a: Moltres
|-damage|p1a: Moltres|2/100
|-status|p2a: Rillaboom|brn|[from] ability: Flame Body|[of] p1a: Moltres
|-enditem|p1a: Moltres|Heavy-Duty Boots|[from] move: Knock Off|[of] p2a: Rillaboom
|move|p1a: Moltres|Flamethrower|p2a: Rillaboom
|-supereffective|p2a: Rillaboom
|-damage|p2a: Rillaboom|0 fnt
|faint|p2a: Rillaboom
|
|win|longyutaihou
|raw|longyutaihou's rating: 1659 &rarr; <strong>1684</strong><br />(+25 for winning)
|raw|Playing Foul's rating: 1746 &rarr; <strong>1721</strong><br />(-25 for losing)
|l|☆Playing Foul
|player|p2|
|l|☆longyutaihou
|player|p1|
