|j|☆dragon de hilos
|j|☆rare7
|t:|1758921967
|gametype|singles
|player|p1|dragon de hilos|riley|1337
|player|p2|rare7|102|1321
|gen|9
|tier|[Gen 9] OU
|rated|
|rule|HP Percentage Mod: HP is shown in percentages
|rule|Endless Battle Clause: Forcing endless battles is banned
|rule|Species Clause: Limit one of each Pokémon
|rule|OHKO Clause: OHKO moves are banned
|rule|Evasion Items Clause: Evasion items are banned
|rule|Evasion Moves Clause: Evasion moves are banned
|rule|Evasion Abilities Clause: Evasion abilities are banned
|rule|Sleep Moves Clause: Sleep-inducing moves are banned
|clearpoke
|poke|p1|Darkrai|
|poke|p1|Cinderace, F|
|poke|p1|Garganacl, M|
|poke|p1|Zapdos|
|poke|p1|Landorus-Therian, M|
|poke|p1|Chansey, F|
|poke|p2|Pawmot, F|
|poke|p2|Iron Crown|
|poke|p2|Corviknight, F|
|poke|p2|Landorus-Therian, M|
|poke|p2|Raging Bolt|
|poke|p2|Samurott-Hisui, M|
|teampreview
|inactive|Battle timer is ON: inactive players will automatically lose when time's up. (requested by rare7)
|inactive|dragon de hilos has 120 seconds left.
|inactive|dragon de hilos has 90 seconds left.
|
|t:|1758922038
|teamsize|p1|6
|teamsize|p2|6
|start
|switch|p1a: Landorus|Landorus-Therian, M|100/100
|switch|p2a: Samurott|Samurott-Hisui, M|100/100
|-ability|p1a: Landorus|Intimidate|boost
|-unboost|p2a: Samurott|atk|1
|turn|1
|
|t:|1758922055
|move|p1a: Landorus|U-turn|p2a: Samurott
|-supereffective|p2a: Samurott
|-damage|p2a: Samurott|31/100
|
|t:|1758922058
|switch|p1a: Zapdos|Zapdos|100/100|[from] U-turn
|move|p2a: Samurott|Ceaseless Edge|p1a: Zapdos
|-damage|p1a: Zapdos|58/100
|-sidestart|p1: dragon de hilos|Spikes
|-damage|p2a: Samurott|21/100|[from] item: Life Orb
|
|upkeep
|turn|2
|
|t:|1758922063
|switch|p2a: Raging Bolt|Raging Bolt|100/100
|move|p1a: Zapdos|Roost|p1a: Zapdos
|-heal|p1a: Zapdos|100/100
|-singleturn|p1a: Zapdos|move: Roost
|
|upkeep
|turn|3
|
|t:|1758922068
|move|p1a: Zapdos|Volt Switch|p2a: Raging Bolt
|-resisted|p2a: Raging Bolt
|-crit|p2a: Raging Bolt
|-damage|p2a: Raging Bolt|92/100
|
|t:|1758922071
|switch|p1a: Landorus|Landorus-Therian, M|100/100|[from] Volt Switch
|-ability|p1a: Landorus|Intimidate|boost
|-unboost|p2a: Raging Bolt|atk|1
|move|p2a: Raging Bolt|Dragon Pulse|p1a: Landorus
|-damage|p1a: Landorus|30/100
|
|-heal|p1a: Landorus|36/100|[from] item: Leftovers
|upkeep
|turn|4
|
|t:|1758922100
|-end|p2a: Raging Bolt|Protosynthesis|[silent]
|switch|p2a: Landorus|Landorus-Therian, M|100/100
|-ability|p2a: Landorus|Intimidate|boost
|-unboost|p1a: Landorus|atk|1
|move|p1a: Landorus|U-turn|p2a: Landorus
|-resisted|p2a: Landorus
|-damage|p2a: Landorus|94/100
|-damage|p1a: Landorus|19/100|[from] item: Rocky Helmet|[of] p2a: Landorus
|inactive|dragon de hilos has 120 seconds left.
|
|t:|1758922135
|switch|p1a: Darkrai|Darkrai|100/100|[from] U-turn
|-damage|p1a: Darkrai|88/100|[from] Spikes
|
|upkeep
|turn|5
|
|t:|1758922149
|switch|p2a: Iron Crown|Iron Crown|100/100
|move|p1a: Darkrai|Ice Beam|p2a: Iron Crown
|-resisted|p2a: Iron Crown
|-damage|p2a: Iron Crown|75/100
|
|upkeep
|turn|6
|inactive|dragon de hilos has 120 seconds left.
|
|t:|1758922165
|switch|p1a: Chansey|Chansey, F|100/100
|-damage|p1a: Chansey|88/100|[from] Spikes
|move|p2a: Iron Crown|Volt Switch|p1a: Chansey
|-damage|p1a: Chansey|81/100
|inactive|rare7 has 120 seconds left.
|
|t:|1758922180
|-end|p2a: Iron Crown|Quark Drive|[silent]
|switch|p2a: Samurott|Samurott-Hisui, M|21/100|[from] Volt Switch
|
|upkeep
|turn|7
|
|t:|1758922189
|move|p2a: Samurott|Aqua Cutter|p1a: Chansey
|-damage|p1a: Chansey|42/100
|-damage|p2a: Samurott|11/100|[from] item: Life Orb
|move|p1a: Chansey|Seismic Toss|p2a: Samurott
|-damage|p2a: Samurott|0 fnt
|faint|p2a: Samurott
|
|upkeep
|
|t:|1758922203
|switch|p2a: Pawmot|Pawmot, F|100/100
|turn|8
|
|t:|1758922207
|move|p2a: Pawmot|Thunder Punch|p1a: Chansey
|-damage|p1a: Chansey|6/100
|-damage|p2a: Pawmot|91/100|[from] item: Life Orb
|move|p1a: Chansey|Soft-Boiled|p1a: Chansey
|-heal|p1a: Chansey|56/100
|
|upkeep
|turn|9
|
|t:|1758922214
|switch|p1a: Landorus|Landorus-Therian, M|19/100
|-ability|p1a: Landorus|Intimidate|boost
|-unboost|p2a: Pawmot|atk|1
|move|p2a: Pawmot|Mach Punch|p1a: Landorus
|-resisted|p1a: Landorus
|-damage|p1a: Landorus|7/100
|-damage|p2a: Pawmot|81/100|[from] item: Life Orb
|
|-heal|p1a: Landorus|13/100|[from] item: Leftovers
|upkeep
|turn|10
|
|t:|1758922220
|move|p2a: Pawmot|Mach Punch|p1a: Landorus
|-resisted|p1a: Landorus
|-damage|p1a: Landorus|2/100
|-damage|p2a: Pawmot|71/100|[from] item: Life Orb
|move|p1a: Landorus|U-turn|p2a: Pawmot
|-resisted|p2a: Pawmot
|-damage|p2a: Pawmot|50/100
|
|t:|1758922227
|switch|p1a: Cinderace|Cinderace, F|100/100|[from] U-turn
|
|upkeep
|turn|11
|
|t:|1758922234
|switch|p2a: Landorus|Landorus-Therian, M|94/100
|-ability|p2a: Landorus|Intimidate|boost
|-unboost|p1a: Cinderace|atk|1
|move|p1a: Cinderace|Pyro Ball|p2a: Landorus
|-damage|p2a: Landorus|60/100
|
|upkeep
|turn|12
|
|t:|1758922250
|switch|p1a: Zapdos|Zapdos|100/100
|move|p2a: Landorus|Stealth Rock|p1a: Zapdos
|-sidestart|p1: dragon de hilos|move: Stealth Rock
|
|upkeep
|turn|13
|
|t:|1758922256
|move|p1a: Zapdos|Heat Wave|p2a: Landorus
|-damage|p2a: Landorus|16/100
|move|p2a: Landorus|Sludge Bomb|p1a: Zapdos
|-crit|p1a: Zapdos
|-damage|p1a: Zapdos|58/100
|-status|p1a: Zapdos|psn
|
|-damage|p1a: Zapdos|46/100 psn|[from] psn
|upkeep
|turn|14
|
|t:|1758922267
|switch|p2a: Raging Bolt|Raging Bolt|92/100
|move|p1a: Zapdos|Volt Switch|p2a: Raging Bolt
|-resisted|p2a: Raging Bolt
|-damage|p2a: Raging Bolt|87/100
|
|t:|1758922280
|switch|p1a: Cinderace|Cinderace, F|100/100|[from] Volt Switch
|
|upkeep
|turn|15
|
|t:|1758922287
|move|p1a: Cinderace|Court Change|p1a: Cinderace
|-start|p1a: Cinderace|typechange|Normal|[from] ability: Libero
|-swapsideconditions
|-activate|p1a: Cinderace|move: Court Change
|move|p2a: Raging Bolt|Dragon Pulse|p1a: Cinderace
|-damage|p1a: Cinderace|31/100
|
|upkeep
|turn|16
|
|t:|1758922299
|switch|p1a: Chansey|Chansey, F|56/100
|move|p2a: Raging Bolt|Volt Switch|p1a: Chansey
|-damage|p1a: Chansey|42/100
|
|t:|1758922311
|-end|p2a: Raging Bolt|Protosynthesis|[silent]
|switch|p2a: Landorus|Landorus-Therian, M|16/100|[from] Volt Switch
|-damage|p2a: Landorus|4/100|[from] Stealth Rock
|-ability|p2a: Landorus|Intimidate|boost
|-unboost|p1a: Chansey|atk|1
|
|upkeep
|turn|17
|
|t:|1758922316
|move|p2a: Landorus|Stealth Rock|p1a: Chansey
|-sidestart|p1: dragon de hilos|move: Stealth Rock
|move|p1a: Chansey|Soft-Boiled|p1a: Chansey
|-heal|p1a: Chansey|92/100
|
|upkeep
|turn|18
|
|t:|1758922321
|move|p2a: Landorus|Sandsear Storm|p1a: Chansey
|-damage|p1a: Chansey|79/100
|-status|p1a: Chansey|brn
|move|p1a: Chansey|Seismic Toss|p2a: Landorus
|-damage|p2a: Landorus|0 fnt
|-damage|p1a: Chansey|62/100 brn|[from] item: Rocky Helmet|[of] p2a: Landorus
|faint|p2a: Landorus
|
|-damage|p1a: Chansey|56/100 brn|[from] brn
|upkeep
|
|t:|1758922329
|switch|p2a: Pawmot|Pawmot, F|50/100
|-damage|p2a: Pawmot|38/100|[from] Spikes
|-damage|p2a: Pawmot|31/100|[from] Stealth Rock
|turn|19
|
|t:|1758922332
|move|p2a: Pawmot|Thunder Punch|p1a: Chansey
|-damage|p1a: Chansey|17/100 brn
|-damage|p2a: Pawmot|21/100|[from] item: Life Orb
|move|p1a: Chansey|Seismic Toss|p2a: Pawmot
|-damage|p2a: Pawmot|0 fnt
|faint|p2a: Pawmot
|
|-damage|p1a: Chansey|11/100 brn|[from] brn
|upkeep
|
|t:|1758922343
|switch|p2a: Raging Bolt|Raging Bolt|87/100
|-damage|p2a: Raging Bolt|74/100|[from] Spikes
|-damage|p2a: Raging Bolt|62/100|[from] Stealth Rock
|turn|20
|
|t:|1758922348
|move|p2a: Raging Bolt|Dragon Pulse|p1a: Chansey
|-damage|p1a: Chansey|0 fnt
|faint|p1a: Chansey
|
|upkeep
|
|t:|1758922352
|switch|p1a: Landorus|Landorus-Therian, M|2/100
|-damage|p1a: Landorus|0 fnt|[from] Stealth Rock
|faint|p1a: Landorus
|
|t:|1758922358
|switch|p1a: Cinderace|Cinderace, F|31/100
|turn|21
|
|t:|1758922363
|move|p1a: Cinderace|Sucker Punch|p2a: Raging Bolt
|-start|p1a: Cinderace|typechange|Dark|[from] ability: Libero
|-damage|p2a: Raging Bolt|36/100
|move|p2a: Raging Bolt|Thunderclap||[still]
|-fail|p2a: Raging Bolt
|
|upkeep
|turn|22
|
|t:|1758922369
|move|p1a: Cinderace|Sucker Punch|p2a: Raging Bolt
|-damage|p2a: Raging Bolt|7/100
|move|p2a: Raging Bolt|Volt Switch|p1a: Cinderace
|-damage|p1a: Cinderace|0 fnt
|faint|p1a: Cinderace
|
|t:|1758922379
|-end|p2a: Raging Bolt|Protosynthesis|[silent]
|switch|p2a: Iron Crown|Iron Crown|75/100|[from] Volt Switch
|-damage|p2a: Iron Crown|62/100|[from] Spikes
|-damage|p2a: Iron Crown|56/100|[from] Stealth Rock
|
|upkeep
|
|t:|1758922382
|switch|p1a: Darkrai|Darkrai|88/100
|-damage|p1a: Darkrai|76/100|[from] Stealth Rock
|turn|23
|
|t:|1758922389
|-terastallize|p2a: Iron Crown|Steel
|move|p2a: Iron Crown|Tachyon Cutter|p1a: Darkrai
|-damage|p1a: Darkrai|31/100
|-damage|p1a: Darkrai|0 fnt
|faint|p1a: Darkrai
|-hitcount|p1: Darkrai|2
|
|upkeep
|
|t:|1758922393
|switch|p1a: Garganacl|Garganacl, M|100/100
|-damage|p1a: Garganacl|88/100|[from] Stealth Rock
|turn|24
|
|t:|1758922398
|-end|p2a: Iron Crown|Quark Drive|[silent]
|switch|p2a: Raging Bolt|Raging Bolt|7/100
|-damage|p2a: Raging Bolt|0 fnt|[from] Spikes
|faint|p2a: Raging Bolt
|-end|p2a: Raging Bolt|Protosynthesis|[silent]
|-terastallize|p1a: Garganacl|Ghost
|move|p1a: Garganacl|Salt Cure|p2: Raging Bolt|[notarget]
|-fail|p1a: Garganacl
|
|upkeep
|
|t:|1758922406
|switch|p2a: Iron Crown|Iron Crown, tera:Steel|56/100
|-damage|p2a: Iron Crown|43/100|[from] Spikes
|-damage|p2a: Iron Crown|37/100|[from] Stealth Rock
|turn|25
|
|t:|1758922411
|move|p2a: Iron Crown|Psychic Noise|p1a: Garganacl
|-damage|p1a: Garganacl|53/100
|-start|p1a: Garganacl|move: Heal Block
|move|p1a: Garganacl|Salt Cure|p2a: Iron Crown
|-resisted|p2a: Iron Crown
|-damage|p2a: Iron Crown|30/100
|-start|p2a: Iron Crown|Salt Cure
|
|-damage|p2a: Iron Crown|5/100|[from] Salt Cure
|upkeep
|turn|26
|-message|rare7 forfeited.
|
|win|dragon de hilos
|raw|dragon de hilos's rating: 1337 &rarr; <strong>1356</strong><br />(+19 for winning)
|raw|rare7's rating: 1321 &rarr; <strong>1302</strong><br />(-19 for losing)
|l|☆rare7
|player|p2|
|l|☆dragon de hilos
|player|p1|
