|j|☆chigiri22
|j|☆msksherlock
|t:|1759032811
|gametype|singles
|player|p1|chigiri22|265|1228
|player|p2|msksherlock|169|1271
|gen|9
|tier|[Gen 9] OU
|rated|
|rule|HP Percentage Mod: HP is shown in percentages
|rule|Endless Battle Clause: Forcing endless battles is banned
|rule|Species Clause: Limit one of each Pokémon
|rule|OHKO Clause: OHKO moves are banned
|rule|Evasion Items Clause: Evasion items are banned
|rule|Evasion Moves Clause: Evasion moves are banned
|rule|Evasion Abilities Clause: Evasion abilities are banned
|rule|Sleep Moves Clause: Sleep-inducing moves are banned
|clearpoke
|poke|p1|Charizard, M|
|poke|p1|Torkoal, M|
|poke|p1|Walking Wake|
|poke|p1|Cinderace, F|
|poke|p1|Venusaur, F|
|poke|p1|Tauros-Paldea-Blaze, M|
|poke|p2|Ninetales-Alola, M|
|poke|p2|Polteageist|
|poke|p2|Ogerpon-Wellspring, F|
|poke|p2|Iron Treads|
|poke|p2|Latias, F|
|poke|p2|Kingambit, F|
|teampreview
|inactive|Battle timer is ON: inactive players will automatically lose when time's up. (requested by msksherlock)
|
|t:|1759032822
|teamsize|p1|6
|teamsize|p2|6
|start
|switch|p1a: Tauros|Tauros-Paldea-Blaze, M|100/100
|switch|p2a: Gujarat|Iron Treads, shiny|100/100
|-ability|p1a: Tauros|Intimidate|boost
|-unboost|p2a: Gujarat|atk|1
|-enditem|p2a: Gujarat|Booster Energy
|-activate|p2a: Gujarat|ability: Quark Drive|[fromitem]
|-start|p2a: Gujarat|quarkdrivespe
|turn|1
|
|t:|1759032831
|move|p2a: Gujarat|Stealth Rock|p1a: Tauros
|-sidestart|p1: chigiri22|move: Stealth Rock
|move|p1a: Tauros|Raging Bull|p2a: Gujarat
|-supereffective|p2a: Gujarat
|-damage|p2a: Gujarat|20/100
|
|upkeep
|turn|2
|
|t:|1759032838
|move|p2a: Gujarat|Steel Beam|p1a: Tauros|[miss]
|-miss|p2a: Gujarat|p1a: Tauros
|-damage|p2a: Gujarat|0 fnt|[from] steelbeam
|faint|p2a: Gujarat
|-end|p2a: Gujarat|Quark Drive|[silent]
|move|p1a: Tauros|Raging Bull|p2: Gujarat|[notarget]
|-fail|p1a: Tauros
|
|upkeep
|
|t:|1759032841
|switch|p2a: Himachal|Ninetales-Alola, M, shiny|100/100
|-weather|Snowscape|[from] ability: Snow Warning|[of] p2a: Himachal
|turn|3
|
|t:|1759032845
|switch|p1a: Torkoal|Torkoal, M|100/100
|-damage|p1a: Torkoal|76/100|[from] Stealth Rock
|-weather|SunnyDay|[from] ability: Drought|[of] p1a: Torkoal
|move|p2a: Himachal|Aurora Veil||[still]
|-fail|p2a: Himachal
|
|-weather|SunnyDay|[upkeep]
|upkeep
|turn|4
|c|☆msksherlock|!dt raging Bull
|raw|<ul class="utilichart"><li class="result"><span class="col movenamecol"><a href="https://dex.pokemonshowdown.com/moves/ragingbull">Raging Bull</a></span> <span class="col typecol"><img src="//play.pokemonshowdown.com/sprites/types/Normal.png" alt="Normal" width="32" height="14"><img src="//play.pokemonshowdown.com/sprites/categories/Physical.png" alt="Physical" width="32" height="14"></span> <span class="col labelcol"><em>Power</em><br>90</span> <span class="col widelabelcol"><em>Accuracy</em><br>100%</span> <span class="col pplabelcol"><em>PP</em><br>16</span> <span class="col movedesccol">Destroys screens. Type depends on user's form.</span> </li><li style="clear:both"></li></ul>
|raw|<font size="1"><font color="#686868">Priority:</font> 0&nbsp;|&ThickSpace;<font color="#686868">Gen:</font> 9&nbsp;|&ThickSpace;&#10003; Contact&nbsp;|&ThickSpace;<font color="#686868">Z-Power:</font> 175&nbsp;|&ThickSpace;<font color="#686868">Target:</font> One Adjacent Pokémon</font>

|
|t:|1759032871
|switch|p2a: Kerala|Ogerpon-Wellspring, F|100/100
|move|p1a: Torkoal|Weather Ball|p2a: Kerala
|-damage|p2a: Kerala|23/100
|
|-weather|SunnyDay|[upkeep]
|upkeep
|turn|5
|
|t:|1759032880
|move|p2a: Kerala|Ivy Cudgel|p1a: Torkoal|[anim] Ivy Cudgel Water
|-supereffective|p1a: Torkoal
|-damage|p1a: Torkoal|25/100
|move|p1a: Torkoal|Weather Ball|p2a: Kerala
|-damage|p2a: Kerala|0 fnt
|faint|p2a: Kerala
|
|-weather|SunnyDay|[upkeep]
|upkeep
|
|t:|1759032886
|switch|p2a: Assam|Polteageist, shiny|100/100
|turn|6
|
|t:|1759032897
|switch|p1a: Venusaur|Venusaur, F|100/100
|-damage|p1a: Venusaur|88/100|[from] Stealth Rock
|move|p2a: Assam|Shell Smash|p2a: Assam
|-unboost|p2a: Assam|def|1
|-unboost|p2a: Assam|spd|1
|-boost|p2a: Assam|atk|2
|-boost|p2a: Assam|spa|2
|-boost|p2a: Assam|spe|2
|-enditem|p2a: Assam|White Herb
|-clearnegativeboost|p2a: Assam|[silent]
|
|-weather|SunnyDay|[upkeep]
|upkeep
|turn|7
|
|t:|1759032903
|move|p1a: Venusaur|Sludge Bomb|p2a: Assam
|-resisted|p2a: Assam
|-damage|p2a: Assam|82/100
|-status|p2a: Assam|psn
|-start|p1a: Venusaur|Disable|Sludge Bomb|[from] ability: Cursed Body|[of] p2a: Assam
|move|p2a: Assam|Shadow Ball|p1a: Venusaur
|-crit|p1a: Venusaur
|-damage|p1a: Venusaur|0 fnt
|faint|p1a: Venusaur
|
|-weather|SunnyDay|[upkeep]
|-damage|p2a: Assam|70/100 psn|[from] psn
|upkeep
|
|t:|1759032910
|switch|p1a: Cinderace|Cinderace, F|100/100
|-damage|p1a: Cinderace|76/100|[from] Stealth Rock
|turn|8
|
|t:|1759032920
|move|p2a: Assam|Shadow Ball|p1a: Cinderace
|-damage|p1a: Cinderace|0 fnt
|faint|p1a: Cinderace
|
|-weather|SunnyDay|[upkeep]
|-damage|p2a: Assam|57/100 psn|[from] psn
|upkeep
|
|t:|1759032926
|switch|p1a: Walking Wake|Walking Wake|100/100
|-damage|p1a: Walking Wake|88/100|[from] Stealth Rock
|-activate|p1a: Walking Wake|ability: Protosynthesis
|-start|p1a: Walking Wake|protosynthesisspa
|turn|9
|
|t:|1759032932
|move|p2a: Assam|Shadow Ball|p1a: Walking Wake
|-damage|p1a: Walking Wake|0 fnt
|faint|p1a: Walking Wake
|-end|p1a: Walking Wake|Protosynthesis|[silent]
|
|-weather|SunnyDay|[upkeep]
|-damage|p2a: Assam|45/100 psn|[from] psn
|upkeep
|
|t:|1759032944
|switch|p1a: Tauros|Tauros-Paldea-Blaze, M|100/100
|-damage|p1a: Tauros|88/100|[from] Stealth Rock
|-ability|p1a: Tauros|Intimidate|boost
|-unboost|p2a: Assam|atk|1
|turn|10
|
|t:|1759032948
|move|p2a: Assam|Shadow Ball|p1a: Tauros
|-damage|p1a: Tauros|12/100
|move|p1a: Tauros|Raging Bull|p2a: Assam
|-damage|p2a: Assam|0 fnt
|-start|p1a: Tauros|Disable|Raging Bull|[from] ability: Cursed Body|[of] p2a: Assam
|faint|p2a: Assam
|
|-weather|none
|upkeep
|
|t:|1759032959
|switch|p2a: Himachal|Ninetales-Alola, M, shiny|100/100
|-weather|Snowscape|[from] ability: Snow Warning|[of] p2a: Himachal
|turn|11
|
|t:|1759032962
|switch|p1a: Torkoal|Torkoal, M|25/100
|-damage|p1a: Torkoal|0 fnt|[from] Stealth Rock
|faint|p1a: Torkoal
|move|p2a: Himachal|Moonblast|p1: Torkoal|[notarget]
|-fail|p2a: Himachal
|
|-weather|Snowscape|[upkeep]
|upkeep
|-message|chigiri22 forfeited.
|
|win|msksherlock
|raw|chigiri22's rating: 1228 &rarr; <strong>1206</strong><br />(-22 for losing)
|raw|msksherlock's rating: 1271 &rarr; <strong>1293</strong><br />(+22 for winning)
|l|☆chigiri22
|player|p1|
|l|☆msksherlock
|player|p2|
