|j|‽Dominicano 55
|j|☆Euzebio98
|t:|1759015053
|gametype|singles
|player|p1|Dominicano 55|170|1295
|player|p2|Euzebio98|170|1354
|gen|9
|tier|[Gen 9] OU
|rated|
|rule|HP Percentage Mod: HP is shown in percentages
|rule|Endless Battle Clause: Forcing endless battles is banned
|rule|Species Clause: Limit one of each Pokémon
|rule|OHKO Clause: OHKO moves are banned
|rule|Evasion Items Clause: Evasion items are banned
|rule|Evasion Moves Clause: Evasion moves are banned
|rule|Evasion Abilities Clause: Evasion abilities are banned
|rule|Sleep Moves Clause: Sleep-inducing moves are banned
|clearpoke
|poke|p1|Lokix, F|
|poke|p1|Dragapult, F|
|poke|p1|Toedscruel, M|
|poke|p1|Gyarados, M|
|poke|p1|Rotom-Heat|
|poke|p1|Revavroom, F|
|poke|p2|Great Tusk|
|poke|p2|Gholdengo|
|poke|p2|Iron Valiant|
|poke|p2|Maushold|
|poke|p2|Raging Bolt|
|poke|p2|Ogerpon-Wellspring, F|
|teampreview
|inactive|Battle timer is ON: inactive players will automatically lose when time's up. (requested by Euzebio98)
|
|t:|1759015062
|teamsize|p1|6
|teamsize|p2|6
|start
|switch|p1a: Revavroom|Revavroom, F|100/100
|switch|p2a: Au Revoir|Great Tusk|100/100
|turn|1
|
|t:|1759015069
|switch|p1a: Rotom|Rotom-Heat|100/100
|move|p2a: Au Revoir|Headlong Rush|p1a: Rotom
|-immune|p1a: Rotom|[from] ability: Levitate
|
|upkeep
|turn|2
|
|t:|1759015078
|move|p2a: Au Revoir|Stealth Rock|p1a: Rotom
|-sidestart|p1: Dominicano 55|move: Stealth Rock
|move|p1a: Rotom|Nasty Plot|p1a: Rotom
|-boost|p1a: Rotom|spa|2
|
|upkeep
|turn|3
|
|t:|1759015088
|-end|p2a: Au Revoir|Protosynthesis|[silent]
|switch|p2a: Tschüss|Raging Bolt|100/100
|-enditem|p2a: Tschüss|Booster Energy
|-activate|p2a: Tschüss|ability: Protosynthesis|[fromitem]
|-start|p2a: Tschüss|protosynthesisspa
|move|p1a: Rotom|Nasty Plot|p1a: Rotom
|-boost|p1a: Rotom|spa|2
|
|upkeep
|turn|4
|
|t:|1759015095
|move|p2a: Tschüss|Dragon Pulse|p1a: Rotom
|-damage|p1a: Rotom|48/100
|move|p1a: Rotom|Overheat|p2a: Tschüss
|-resisted|p2a: Tschüss
|-damage|p2a: Tschüss|31/100
|-unboost|p1a: Rotom|spa|2
|
|-heal|p1a: Rotom|54/100|[from] item: Leftovers
|upkeep
|turn|5
|
|t:|1759015104
|move|p2a: Tschüss|Dragon Pulse|p1a: Rotom
|-damage|p1a: Rotom|1/100
|move|p1a: Rotom|Overheat|p2a: Tschüss
|-resisted|p2a: Tschüss
|-crit|p2a: Tschüss
|-damage|p2a: Tschüss|0 fnt
|-unboost|p1a: Rotom|spa|2
|faint|p2a: Tschüss
|-end|p2a: Tschüss|Protosynthesis|[silent]
|
|-heal|p1a: Rotom|7/100|[from] item: Leftovers
|upkeep
|
|t:|1759015115
|switch|p2a: Au Revoir|Great Tusk|100/100
|turn|6
|
|t:|1759015119
|move|p2a: Au Revoir|Ice Spinner|p1a: Rotom
|-resisted|p1a: Rotom
|-damage|p1a: Rotom|0 fnt
|faint|p1a: Rotom
|
|upkeep
|
|t:|1759015127
|switch|p1a: Toedscruel|Toedscruel, M|100/100
|turn|7
|
|t:|1759015132
|-terastallize|p1a: Toedscruel|Water
|move|p2a: Au Revoir|Ice Spinner|p1a: Toedscruel
|-resisted|p1a: Toedscruel
|-damage|p1a: Toedscruel|83/100
|move|p1a: Toedscruel|Rapid Spin|p2a: Au Revoir
|-damage|p2a: Au Revoir|94/100
|-boost|p1a: Toedscruel|spe|1
|-damage|p1a: Toedscruel|67/100|[from] item: Rocky Helmet|[of] p2a: Au Revoir
|-sideend|p1: Dominicano 55|Stealth Rock|[from] move: Rapid Spin|[of] p1a: Toedscruel
|
|upkeep
|turn|8
|
|t:|1759015141
|move|p1a: Toedscruel|Giga Drain|p2a: Au Revoir
|-supereffective|p2a: Au Revoir
|-crit|p2a: Au Revoir
|-damage|p2a: Au Revoir|0 fnt
|-heal|p1a: Toedscruel|100/100|[from] drain|[of] p2a: Au Revoir
|faint|p2a: Au Revoir
|-end|p2a: Au Revoir|Protosynthesis|[silent]
|
|upkeep
|
|t:|1759015144
|switch|p2a: Good Bye|Gholdengo|100/100
|turn|9
|
|t:|1759015150
|move|p2a: Good Bye|Trick|p1a: Toedscruel
|-activate|p2a: Good Bye|move: Trick|[of] p1a: Toedscruel
|-item|p1a: Toedscruel|Choice Scarf|[from] move: Trick
|-item|p2a: Good Bye|Heavy-Duty Boots|[from] move: Trick
|move|p1a: Toedscruel|Earth Power|p2a: Good Bye
|-supereffective|p2a: Good Bye
|-crit|p2a: Good Bye
|-damage|p2a: Good Bye|7/100
|
|upkeep
|turn|10
|
|t:|1759015161
|switch|p1a: Lokix|Lokix, F|100/100
|switch|p2a: Ciao|Ogerpon-Wellspring, F|100/100
|
|upkeep
|turn|11
|
|t:|1759015176
|switch|p2a: Good Bye|Gholdengo|7/100
|move|p1a: Lokix|Leech Life|p2a: Good Bye
|-resisted|p2a: Good Bye
|-damage|p2a: Good Bye|0 fnt
|faint|p2a: Good Bye
|
|upkeep
|
|t:|1759015183
|switch|p2a: Hasta Luego|Iron Valiant|100/100
|-enditem|p2a: Hasta Luego|Booster Energy
|-activate|p2a: Hasta Luego|ability: Quark Drive|[fromitem]
|-start|p2a: Hasta Luego|quarkdrivespe
|turn|12
|
|t:|1759015194
|switch|p1a: Toedscruel|Toedscruel, M, tera:Water|100/100
|move|p2a: Hasta Luego|Calm Mind|p2a: Hasta Luego
|-boost|p2a: Hasta Luego|spa|1
|-boost|p2a: Hasta Luego|spd|1
|
|upkeep
|turn|13
|
|t:|1759015200
|move|p2a: Hasta Luego|Moonblast|p1a: Toedscruel
|-damage|p1a: Toedscruel|57/100
|move|p1a: Toedscruel|Leech Seed|p2a: Hasta Luego
|-start|p2a: Hasta Luego|move: Leech Seed
|
|-damage|p2a: Hasta Luego|88/100|[from] Leech Seed|[of] p1a: Toedscruel
|-heal|p1a: Toedscruel|67/100|[silent]
|upkeep
|turn|14
|
|t:|1759015207
|switch|p1a: Revavroom|Revavroom, F|100/100
|move|p2a: Hasta Luego|Moonblast|p1a: Revavroom
|-resisted|p1a: Revavroom
|-damage|p1a: Revavroom|74/100
|
|-damage|p2a: Hasta Luego|76/100|[from] Leech Seed|[of] p1a: Revavroom
|-heal|p1a: Revavroom|86/100|[silent]
|upkeep
|turn|15
|
|t:|1759015215
|move|p2a: Hasta Luego|Aura Sphere|p1a: Revavroom
|-damage|p1a: Revavroom|0 fnt
|faint|p1a: Revavroom
|
|upkeep
|inactive|Dominicano 55 has 120 seconds left.
|
|t:|1759015246
|switch|p1a: Gyarados|Gyarados, M|100/100
|turn|16
|
|t:|1759015252
|move|p2a: Hasta Luego|Moonblast|p1a: Gyarados
|-damage|p1a: Gyarados|26/100
|move|p1a: Gyarados|Waterfall|p2a: Hasta Luego
|-damage|p2a: Hasta Luego|23/100
|
|-heal|p1a: Gyarados|32/100|[from] item: Leftovers
|-damage|p2a: Hasta Luego|11/100|[from] Leech Seed|[of] p1a: Gyarados
|-heal|p1a: Gyarados|43/100|[silent]
|upkeep
|turn|17
|
|t:|1759015260
|move|p2a: Hasta Luego|Moonblast|p1a: Gyarados
|-damage|p1a: Gyarados|0 fnt
|faint|p1a: Gyarados
|
|upkeep
|
|t:|1759015264
|switch|p1a: Dragapult|Dragapult, F|100/100
|turn|18
|
|t:|1759015270
|move|p1a: Dragapult|Thunderbolt|p2a: Hasta Luego
|-damage|p2a: Hasta Luego|0 fnt
|faint|p2a: Hasta Luego
|-end|p2a: Hasta Luego|Quark Drive|[silent]
|
|upkeep
|
|t:|1759015276
|switch|p2a: Maushold|Maushold|100/100
|turn|19
|
|t:|1759015280
|move|p1a: Dragapult|Thunderbolt|p2a: Maushold
|-damage|p2a: Maushold|56/100
|move|p2a: Maushold|Crunch|p1a: Dragapult
|-supereffective|p1a: Dragapult
|-damage|p1a: Dragapult|43/100
|
|upkeep
|turn|20
|
|t:|1759015287
|switch|p1a: Lokix|Lokix, F|100/100
|move|p2a: Maushold|Crunch|p1a: Lokix
|-resisted|p1a: Lokix
|-damage|p1a: Lokix|85/100
|
|upkeep
|turn|21
|
|t:|1759015293
|move|p1a: Lokix|First Impression|p2a: Maushold
|-damage|p2a: Maushold|0 fnt
|faint|p2a: Maushold
|
|upkeep
|
|t:|1759015297
|switch|p2a: Ciao|Ogerpon-Wellspring, F|100/100
|turn|22
|
|t:|1759015300
|switch|p1a: Toedscruel|Toedscruel, M, tera:Water|67/100
|-terastallize|p2a: Ciao|Water
|detailschange|p2a: Ciao|Ogerpon-Wellspring-Tera, F, tera:Water
|-ability|p2a: Ciao|Embody Aspect (Wellspring)|boost
|-boost|p2a: Ciao|spd|1
|move|p2a: Ciao|Ivy Cudgel|p1a: Toedscruel|[anim] Ivy Cudgel Water
|-resisted|p1a: Toedscruel
|-damage|p1a: Toedscruel|13/100
|
|upkeep
|turn|23
|
|t:|1759015310
|move|p1a: Toedscruel|Giga Drain|p2a: Ciao
|-supereffective|p2a: Ciao
|-damage|p2a: Ciao|65/100
|-heal|p1a: Toedscruel|28/100|[from] drain|[of] p2a: Ciao
|move|p2a: Ciao|Ivy Cudgel|p1a: Toedscruel|[anim] Ivy Cudgel Water
|-resisted|p1a: Toedscruel
|-damage|p1a: Toedscruel|0 fnt
|faint|p1a: Toedscruel
|
|upkeep
|
|t:|1759015318
|switch|p1a: Lokix|Lokix, F|85/100
|turn|24
|
|t:|1759015322
|move|p1a: Lokix|First Impression|p2a: Ciao
|-damage|p2a: Ciao|0 fnt
|faint|p2a: Ciao
|detailschange|p2: Ciao|Ogerpon-Wellspring, F|[silent]
|
|win|Dominicano 55
|raw|Dominicano 55's rating: 1295 &rarr; <strong>1324</strong><br />(+29 for winning)
|raw|Euzebio98's rating: 1354 &rarr; <strong>1331</strong><br />(-23 for losing)
|l|☆Euzebio98
|player|p2|
|l|‽Dominicano 55
|player|p1|
