|j|☆wobo123猫雷
|j|☆suhui_
|t:|1758972208
|gametype|singles
|player|p1|wobo123猫雷|sightseerf|1512
|player|p2|suhui_|1|1657
|gen|9
|tier|[Gen 9] OU
|rated|
|rule|HP Percentage Mod: HP is shown in percentages
|rule|Endless Battle Clause: Forcing endless battles is banned
|rule|Species Clause: Limit one of each Pokémon
|rule|OHKO Clause: OHKO moves are banned
|rule|Evasion Items Clause: Evasion items are banned
|rule|Evasion Moves Clause: Evasion moves are banned
|rule|Evasion Abilities Clause: Evasion abilities are banned
|rule|Sleep Moves Clause: Sleep-inducing moves are banned
|clearpoke
|poke|p1|Ceruledge, M|
|poke|p1|Lycanroc-Dusk, F|
|poke|p1|Great Tusk|
|poke|p1|Dragonite, F|
|poke|p1|Ogerpon-Wellspring, F|
|poke|p1|Zamazenta-*|
|poke|p2|Glimmora, F|
|poke|p2|Darkrai|
|poke|p2|Raging Bolt|
|poke|p2|Kingambit, F|
|poke|p2|Primarina, M|
|poke|p2|Iron Valiant|
|teampreview
|
|t:|1758972214
|teamsize|p1|6
|teamsize|p2|6
|start
|switch|p1a: Lycanroc|Lycanroc-Dusk, F|100/100
|switch|p2a: Primarina|Primarina, M|100/100
|turn|1
|inactive|Battle timer is ON: inactive players will automatically lose when time's up. (requested by suhui_)
|
|t:|1758972217
|move|p1a: Lycanroc|Stealth Rock|p2a: Primarina
|-sidestart|p2: suhui_|move: Stealth Rock
|move|p2a: Primarina|Surf|p1a: Lycanroc
|-supereffective|p1a: Lycanroc
|-enditem|p1a: Lycanroc|Focus Sash
|-damage|p1a: Lycanroc|1/100
|
|upkeep
|turn|2
|
|t:|1758972221
|move|p1a: Lycanroc|Endeavor|p2a: Primarina
|-damage|p2a: Primarina|1/100
|move|p2a: Primarina|Moonblast|p1a: Lycanroc
|-damage|p1a: Lycanroc|0 fnt
|faint|p1a: Lycanroc
|
|upkeep
|
|t:|1758972232
|switch|p1a: Great Tusk|Great Tusk|100/100
|turn|3
|-enditem|p2a: Primarina|Custap Berry|[eat]
|-activate|p2a: Primarina|item: Custap Berry|[consumed]
|
|t:|1758972235
|move|p2a: Primarina|Surf|p1a: Great Tusk
|-supereffective|p1a: Great Tusk
|-damage|p1a: Great Tusk|0 fnt
|faint|p1a: Great Tusk
|-end|p1a: Great Tusk|Protosynthesis|[silent]
|
|upkeep
|
|t:|1758972240
|switch|p1a: Ogerpon|Ogerpon-Wellspring, F|100/100
|turn|4
|
|t:|1758972246
|move|p1a: Ogerpon|Ivy Cudgel|p2a: Primarina|[anim] Ivy Cudgel Water
|-resisted|p2a: Primarina
|-damage|p2a: Primarina|0 fnt
|faint|p2a: Primarina
|
|upkeep
|
|t:|1758972262
|switch|p2a: Raging Bolt|Raging Bolt|100/100
|-damage|p2a: Raging Bolt|88/100|[from] Stealth Rock
|-enditem|p2a: Raging Bolt|Booster Energy
|-activate|p2a: Raging Bolt|ability: Protosynthesis|[fromitem]
|-start|p2a: Raging Bolt|protosynthesisspa
|turn|5
|
|t:|1758972274
|move|p1a: Ogerpon|Play Rough|p2a: Raging Bolt
|-supereffective|p2a: Raging Bolt
|-damage|p2a: Raging Bolt|17/100
|move|p2a: Raging Bolt|Thunderbolt|p1a: Ogerpon
|-damage|p1a: Ogerpon|17/100
|
|upkeep
|turn|6
|
|t:|1758972280
|move|p2a: Raging Bolt|Thunderclap|p1a: Ogerpon
|-damage|p1a: Ogerpon|0 fnt
|faint|p1a: Ogerpon
|
|upkeep
|
|t:|1758972282
|switch|p1a: Ceruledge|Ceruledge, M|100/100
|turn|7
|
|t:|1758972284
|move|p1a: Ceruledge|Shadow Sneak|p2a: Raging Bolt
|-damage|p2a: Raging Bolt|0 fnt
|faint|p2a: Raging Bolt
|-end|p2a: Raging Bolt|Protosynthesis|[silent]
|
|upkeep
|
|t:|1758972286
|switch|p2a: Glimmora|Glimmora, F|100/100
|-damage|p2a: Glimmora|88/100|[from] Stealth Rock
|turn|8
|
|t:|1758972290
|move|p2a: Glimmora|Mortal Spin|p1a: Ceruledge
|-resisted|p1a: Ceruledge
|-damage|p1a: Ceruledge|96/100
|-status|p1a: Ceruledge|psn
|-ability|p1a: Ceruledge|Weak Armor|boost
|-unboost|p1a: Ceruledge|def|1
|-boost|p1a: Ceruledge|spe|2
|-sideend|p2: suhui_|Stealth Rock|[from] move: Mortal Spin|[of] p2a: Glimmora
|move|p1a: Ceruledge|Poltergeist|p2a: Glimmora
|-activate|p2a: Glimmora|move: Poltergeist|Red Card
|-damage|p2a: Glimmora|14/100
|-activate|p2a: Glimmora|ability: Toxic Debris
|-sidestart|p1: wobo123猫雷|move: Toxic Spikes
|-enditem|p2a: Glimmora|Red Card|[of] p1a: Ceruledge
|drag|p1a: Zamazenta|Zamazenta|100/100
|-status|p1a: Zamazenta|psn
|-ability|p1a: Zamazenta|Dauntless Shield|boost
|-boost|p1a: Zamazenta|def|1
|
|-damage|p1a: Zamazenta|88/100 psn|[from] psn
|upkeep
|turn|9
|
|t:|1758972296
|move|p1a: Zamazenta|Body Press|p2a: Glimmora
|-damage|p2a: Glimmora|0 fnt
|-activate|p2a: Glimmora|ability: Toxic Debris
|-sidestart|p1: wobo123猫雷|move: Toxic Spikes
|faint|p2a: Glimmora
|
|-heal|p1a: Zamazenta|94/100 psn|[from] item: Leftovers
|-damage|p1a: Zamazenta|82/100 psn|[from] psn
|upkeep
|
|t:|1758972304
|switch|p2a: Iron Valiant|Iron Valiant|100/100
|-enditem|p2a: Iron Valiant|Booster Energy
|-activate|p2a: Iron Valiant|ability: Quark Drive|[fromitem]
|-start|p2a: Iron Valiant|quarkdrivespe
|turn|10
|
|t:|1758972310
|move|p2a: Iron Valiant|Moonblast|p1a: Zamazenta
|-supereffective|p1a: Zamazenta
|-damage|p1a: Zamazenta|10/100 psn
|move|p1a: Zamazenta|Roar|p2a: Iron Valiant
|-end|p2a: Iron Valiant|Quark Drive|[silent]
|drag|p2a: Darkrai|Darkrai|100/100
|
|-heal|p1a: Zamazenta|16/100 psn|[from] item: Leftovers
|-damage|p1a: Zamazenta|4/100 psn|[from] psn
|upkeep
|turn|11
|
|t:|1758972315
|switch|p2a: Iron Valiant|Iron Valiant|100/100
|move|p1a: Zamazenta|Body Press|p2a: Iron Valiant
|-resisted|p2a: Iron Valiant
|-damage|p2a: Iron Valiant|71/100
|
|-heal|p1a: Zamazenta|10/100 psn|[from] item: Leftovers
|-damage|p1a: Zamazenta|0 fnt|[from] psn
|faint|p1a: Zamazenta
|upkeep
|
|t:|1758972318
|switch|p1a: Ceruledge|Ceruledge, M|96/100 psn
|turn|12
|
|t:|1758972323
|move|p2a: Iron Valiant|Shadow Ball|p1a: Ceruledge
|-supereffective|p1a: Ceruledge
|-damage|p1a: Ceruledge|37/100 psn
|-unboost|p1a: Ceruledge|spd|1
|move|p1a: Ceruledge|Bitter Blade|p2a: Iron Valiant
|-damage|p2a: Iron Valiant|1/100
|-heal|p1a: Ceruledge|71/100 psn|[from] drain|[of] p2a: Iron Valiant
|
|-damage|p1a: Ceruledge|59/100 psn|[from] psn
|upkeep
|turn|13
|
|t:|1758972333
|move|p1a: Ceruledge|Shadow Sneak|p2a: Iron Valiant
|-damage|p2a: Iron Valiant|0 fnt
|faint|p2a: Iron Valiant
|-end|p2a: Iron Valiant|Quark Drive|[silent]
|
|-damage|p1a: Ceruledge|47/100 psn|[from] psn
|upkeep
|
|t:|1758972336
|switch|p2a: Darkrai|Darkrai|100/100
|turn|14
|
|t:|1758972339
|move|p2a: Darkrai|Dark Pulse|p1a: Ceruledge
|-supereffective|p1a: Ceruledge
|-damage|p1a: Ceruledge|0 fnt
|faint|p1a: Ceruledge
|-damage|p2a: Darkrai|91/100|[from] item: Life Orb
|
|upkeep
|
|t:|1758972342
|switch|p1a: Dragonite|Dragonite, F|100/100
|turn|15
|
|t:|1758972345
|-terastallize|p1a: Dragonite|Normal
|move|p2a: Darkrai|Taunt|p1a: Dragonite
|-start|p1a: Dragonite|move: Taunt
|cant|p1a: Dragonite|move: Taunt|Dragon Dance
|
|upkeep
|turn|16
|
|t:|1758972353
|-terastallize|p2a: Darkrai|Ghost
|move|p2a: Darkrai|Dark Pulse|p1a: Dragonite
|-damage|p1a: Dragonite|72/100
|-damage|p2a: Darkrai|81/100|[from] item: Life Orb
|cant|p1a: Dragonite|flinch
|
|upkeep
|turn|17
|
|t:|1758972360
|move|p2a: Darkrai|Dark Pulse|p1a: Dragonite
|-damage|p1a: Dragonite|12/100
|-damage|p2a: Darkrai|71/100|[from] item: Life Orb
|move|p1a: Dragonite|Outrage|p2a: Darkrai
|-damage|p2a: Darkrai|0 fnt
|faint|p2a: Darkrai
|
|-end|p1a: Dragonite|move: Taunt
|upkeep
|
|t:|1758972363
|switch|p2a: Kingambit|Kingambit, F|100/100
|-activate|p2a: Kingambit|ability: Supreme Overlord
|-start|p2a: Kingambit|fallen5|[silent]
|turn|18
|
|t:|1758972367
|move|p2a: Kingambit|Sucker Punch|p1a: Dragonite
|-damage|p1a: Dragonite|0 fnt
|faint|p1a: Dragonite
|
|win|suhui_
|raw|wobo123猫雷's rating: 1512 &rarr; <strong>1500</strong><br />(-12 for losing)
|raw|suhui_'s rating: 1657 &rarr; <strong>1669</strong><br />(+12 for winning)
|l|☆suhui_
|player|p2|
|l|☆wobo123猫雷
|player|p1|
