|j|☆cozyprincemshroom
|j|☆slyddvicious
|t:|1759009320
|gametype|singles
|player|p1|cozyprincemshroom|waiter|1122
|player|p2|slyddvicious|brycenman|1147
|gen|9
|tier|[Gen 9] OU
|rated|
|rule|HP Percentage Mod: HP is shown in percentages
|rule|Endless Battle Clause: Forcing endless battles is banned
|rule|Species Clause: Limit one of each Pokémon
|rule|OHKO Clause: OHKO moves are banned
|rule|Evasion Items Clause: Evasion items are banned
|rule|Evasion Moves Clause: Evasion moves are banned
|rule|Evasion Abilities Clause: Evasion abilities are banned
|rule|Sleep Moves Clause: Sleep-inducing moves are banned
|clearpoke
|poke|p1|Munkidori, M|
|poke|p1|Lycanroc-Dusk, F|
|poke|p1|Altaria, F|
|poke|p1|Poliwrath, F|
|poke|p1|Meganium, M|
|poke|p1|Inteleon, F|
|poke|p2|Ambipom, M|
|poke|p2|Dusclops, F|
|poke|p2|Weezing-Galar, M|
|poke|p2|Scizor, M|
|poke|p2|Great Tusk|
|poke|p2|Dragapult, F|
|teampreview
|inactive|Battle timer is ON: inactive players will automatically lose when time's up. (requested by slyddvicious)
|c|☆slyddvicious|gl hf
|
|t:|1759009348
|teamsize|p1|6
|teamsize|p2|6
|start
|switch|p1a: Munkidori|Munkidori, M|100/100
|switch|p2a: Ambipom|Ambipom, M|100/100
|turn|1
|
|t:|1759009355
|move|p2a: Ambipom|Fake Out|p1a: Munkidori
|-damage|p1a: Munkidori|50/100
|cant|p1a: Munkidori|flinch
|
|upkeep
|turn|2
|
|t:|1759009360
|move|p1a: Munkidori|Trick|p2a: Ambipom
|-activate|p1a: Munkidori|move: Trick|[of] p2a: Ambipom
|-item|p2a: Ambipom|Choice Scarf|[from] move: Trick
|-item|p1a: Munkidori|Silk Scarf|[from] move: Trick
|move|p2a: Ambipom|Knock Off|p1a: Munkidori
|-supereffective|p1a: Munkidori
|-damage|p1a: Munkidori|0 fnt
|-enditem|p1a: Munkidori|Silk Scarf|[from] move: Knock Off|[of] p2a: Ambipom
|faint|p1a: Munkidori
|
|upkeep
|
|t:|1759009369
|switch|p1a: Altaria|Altaria, F|100/100
|turn|3
|
|t:|1759009373
|move|p2a: Ambipom|Knock Off|p1a: Altaria
|-damage|p1a: Altaria|70/100
|-enditem|p1a: Altaria|Leftovers|[from] move: Knock Off|[of] p2a: Ambipom
|move|p1a: Altaria|Will-O-Wisp|p2a: Ambipom|[miss]
|-miss|p1a: Altaria|p2a: Ambipom
|
|upkeep
|turn|4
|
|t:|1759009384
|switch|p2a: Weezing|Weezing-Galar, M|100/100
|-ability|p2a: Weezing|Neutralizing Gas
|move|p1a: Altaria|Will-O-Wisp|p2a: Weezing|[miss]
|-miss|p1a: Altaria|p2a: Weezing
|
|upkeep
|turn|5
|
|t:|1759009393
|switch|p1a: Inteleon|Inteleon, F|100/100
|move|p2a: Weezing|Strange Steam|p1a: Inteleon
|-damage|p1a: Inteleon|49/100
|
|upkeep
|turn|6
|
|t:|1759009415
|move|p1a: Inteleon|Scald|p2a: Weezing
|-damage|p2a: Weezing|27/100
|-damage|p1a: Inteleon|39/100|[from] item: Life Orb
|move|p2a: Weezing|Strange Steam|p1a: Inteleon|[miss]
|-miss|p2a: Weezing|p1a: Inteleon
|
|upkeep
|turn|7
|
|t:|1759009428
|-terastallize|p2a: Weezing|Grass
|move|p1a: Inteleon|Scald|p2a: Weezing
|-resisted|p2a: Weezing
|-damage|p2a: Weezing|0 fnt
|faint|p2a: Weezing
|-end|p2a: Weezing|ability: Neutralizing Gas
|-damage|p1a: Inteleon|29/100|[from] item: Life Orb
|
|upkeep
|
|t:|1759009438
|switch|p2a: Ambipom|Ambipom, M|100/100
|turn|8
|
|t:|1759009443
|switch|p1a: Altaria|Altaria, F|70/100
|move|p2a: Ambipom|Knock Off|p1a: Altaria
|-damage|p1a: Altaria|50/100
|
|upkeep
|turn|9
|
|t:|1759009452
|switch|p2a: Dusclops|Dusclops, F|100/100
|move|p1a: Altaria|Will-O-Wisp|p2a: Dusclops
|-status|p2a: Dusclops|brn
|
|-damage|p2a: Dusclops|95/100 brn|[from] brn
|upkeep
|turn|10
|
|t:|1759009461
|move|p1a: Altaria|Draco Meteor|p2a: Dusclops
|-damage|p2a: Dusclops|69/100 brn
|-unboost|p1a: Altaria|spa|2
|move|p2a: Dusclops|Will-O-Wisp|p1a: Altaria
|-status|p1a: Altaria|brn
|
|-damage|p1a: Altaria|44/100 brn|[from] brn
|-damage|p2a: Dusclops|63/100 brn|[from] brn
|upkeep
|turn|11
|
|t:|1759009472
|-curestatus|p1a: Altaria|brn|[from] ability: Natural Cure
|switch|p1a: Inteleon|Inteleon, F|29/100
|move|p2a: Dusclops|Night Shade|p1a: Inteleon
|-damage|p1a: Inteleon|0 fnt
|faint|p1a: Inteleon
|
|-damage|p2a: Dusclops|57/100 brn|[from] brn
|upkeep
|
|t:|1759009486
|switch|p1a: Lycanroc|Lycanroc-Dusk, F|100/100
|turn|12
|
|t:|1759009490
|move|p1a: Lycanroc|Play Rough|p2a: Dusclops
|-damage|p2a: Dusclops|24/100 brn
|-damage|p1a: Lycanroc|91/100|[from] item: Life Orb
|move|p2a: Dusclops|Will-O-Wisp|p1a: Lycanroc|[miss]
|-miss|p2a: Dusclops|p1a: Lycanroc
|
|-damage|p2a: Dusclops|18/100 brn|[from] brn
|upkeep
|turn|13
|
|t:|1759009500
|move|p1a: Lycanroc|Accelerock|p2a: Dusclops
|-damage|p2a: Dusclops|0 fnt
|faint|p2a: Dusclops
|-damage|p1a: Lycanroc|81/100|[from] item: Life Orb
|
|upkeep
|
|t:|1759009504
|switch|p2a: Great Tusk|Great Tusk|100/100
|turn|14
|
|t:|1759009515
|-terastallize|p1a: Lycanroc|Flying
|move|p1a: Lycanroc|Swords Dance|p1a: Lycanroc
|-boost|p1a: Lycanroc|atk|2
|move|p2a: Great Tusk|Stealth Rock|p1a: Lycanroc
|-sidestart|p1: cozyprincemshroom|move: Stealth Rock
|
|upkeep
|turn|15
|
|t:|1759009524
|move|p1a: Lycanroc|Play Rough|p2a: Great Tusk
|-supereffective|p2a: Great Tusk
|-damage|p2a: Great Tusk|0 fnt
|-damage|p1a: Lycanroc|64/100|[from] item: Rocky Helmet|[of] p2a: Great Tusk
|faint|p2a: Great Tusk
|-end|p2a: Great Tusk|Protosynthesis|[silent]
|-damage|p1a: Lycanroc|54/100|[from] item: Life Orb
|
|upkeep
|
|t:|1759009533
|switch|p2a: Ambipom|Ambipom, M|100/100
|turn|16
|
|t:|1759009536
|move|p2a: Ambipom|Fake Out|p1a: Lycanroc
|-damage|p1a: Lycanroc|6/100
|cant|p1a: Lycanroc|flinch
|
|upkeep
|turn|17
|
|t:|1759009542
|switch|p2a: Scizor|Scizor, M|100/100
|move|p1a: Lycanroc|Accelerock|p2a: Scizor
|-damage|p2a: Scizor|40/100
|-damage|p1a: Lycanroc|0 fnt|[from] item: Life Orb
|faint|p1a: Lycanroc
|
|upkeep
|
|t:|1759009552
|switch|p1a: Poliwrath|Poliwrath, F|100/100
|-damage|p1a: Poliwrath|94/100|[from] Stealth Rock
|turn|18
|
|t:|1759009560
|move|p1a: Poliwrath|Bulk Up|p1a: Poliwrath
|-boost|p1a: Poliwrath|atk|1
|-boost|p1a: Poliwrath|def|1
|move|p2a: Scizor|Close Combat|p1a: Poliwrath
|-damage|p1a: Poliwrath|67/100
|-unboost|p2a: Scizor|def|1
|-unboost|p2a: Scizor|spd|1
|
|-heal|p1a: Poliwrath|74/100|[from] item: Leftovers
|upkeep
|turn|19
|
|t:|1759009571
|move|p1a: Poliwrath|Drain Punch|p2a: Scizor
|-damage|p2a: Scizor|0 fnt
|-heal|p1a: Poliwrath|91/100|[from] drain|[of] p2a: Scizor
|faint|p2a: Scizor
|
|-heal|p1a: Poliwrath|98/100|[from] item: Leftovers
|upkeep
|
|t:|1759009578
|switch|p2a: Dragapult|Dragapult, F|100/100
|turn|20
|
|t:|1759009585
|move|p2a: Dragapult|Shadow Ball|p1a: Poliwrath
|-damage|p1a: Poliwrath|45/100
|move|p1a: Poliwrath|Rock Slide|p2a: Dragapult
|-damage|p2a: Dragapult|56/100
|
|-heal|p1a: Poliwrath|51/100|[from] item: Leftovers
|upkeep
|turn|21
|
|t:|1759009594
|move|p2a: Dragapult|Shadow Ball|p1a: Poliwrath
|-damage|p1a: Poliwrath|0 fnt
|faint|p1a: Poliwrath
|
|upkeep
|
|t:|1759009600
|switch|p1a: Meganium|Meganium, M|100/100
|-damage|p1a: Meganium|88/100|[from] Stealth Rock
|turn|22
|
|t:|1759009604
|move|p2a: Dragapult|Shadow Ball|p1a: Meganium
|-damage|p1a: Meganium|49/100
|-unboost|p1a: Meganium|spd|1
|move|p1a: Meganium|Leech Seed|p2a: Dragapult
|-start|p2a: Dragapult|move: Leech Seed
|
|-heal|p1a: Meganium|55/100|[from] item: Leftovers
|-damage|p2a: Dragapult|44/100|[from] Leech Seed|[of] p1a: Meganium
|-heal|p1a: Meganium|66/100|[silent]
|upkeep
|turn|23
|
|t:|1759009617
|switch|p2a: Ambipom|Ambipom, M|100/100
|switch|p1a: Altaria|Altaria, F|44/100
|-damage|p1a: Altaria|19/100|[from] Stealth Rock
|
|upkeep
|turn|24
|
|t:|1759009626
|move|p2a: Ambipom|Fake Out|p1a: Altaria
|-damage|p1a: Altaria|0 fnt
|faint|p1a: Altaria
|
|upkeep
|
|t:|1759009631
|switch|p1a: Meganium|Meganium, M|66/100
|-damage|p1a: Meganium|54/100|[from] Stealth Rock
|turn|25
|
|t:|1759009636
|switch|p2a: Dragapult|Dragapult, F|44/100
|move|p1a: Meganium|Synthesis|p1a: Meganium
|-heal|p1a: Meganium|100/100
|
|upkeep
|turn|26
|
|t:|1759009642
|move|p2a: Dragapult|Flamethrower|p1a: Meganium
|-supereffective|p1a: Meganium
|-damage|p1a: Meganium|43/100
|move|p1a: Meganium|Leech Seed|p2a: Dragapult
|-start|p2a: Dragapult|move: Leech Seed
|
|-heal|p1a: Meganium|49/100|[from] item: Leftovers
|-damage|p2a: Dragapult|32/100|[from] Leech Seed|[of] p1a: Meganium
|-heal|p1a: Meganium|60/100|[silent]
|upkeep
|turn|27
|
|t:|1759009652
|move|p2a: Dragapult|Flamethrower|p1a: Meganium
|-supereffective|p1a: Meganium
|-damage|p1a: Meganium|2/100
|move|p1a: Meganium|Synthesis|p1a: Meganium
|-heal|p1a: Meganium|52/100
|
|-heal|p1a: Meganium|58/100|[from] item: Leftovers
|-damage|p2a: Dragapult|19/100|[from] Leech Seed|[of] p1a: Meganium
|-heal|p1a: Meganium|69/100|[silent]
|upkeep
|turn|28
|
|t:|1759009663
|move|p2a: Dragapult|Flamethrower|p1a: Meganium
|-supereffective|p1a: Meganium
|-damage|p1a: Meganium|8/100
|-status|p1a: Meganium|brn
|move|p1a: Meganium|Synthesis|p1a: Meganium
|-heal|p1a: Meganium|58/100 brn
|
|-heal|p1a: Meganium|64/100 brn|[from] item: Leftovers
|-damage|p2a: Dragapult|7/100|[from] Leech Seed|[of] p1a: Meganium
|-heal|p1a: Meganium|74/100 brn|[silent]
|-damage|p1a: Meganium|68/100 brn|[from] brn
|upkeep
|turn|29
|
|t:|1759009675
|switch|p2a: Ambipom|Ambipom, M|100/100
|move|p1a: Meganium|Synthesis|p1a: Meganium
|-heal|p1a: Meganium|100/100 brn
|
|-damage|p1a: Meganium|94/100 brn|[from] brn
|upkeep
|turn|30
|
|t:|1759009686
|move|p2a: Ambipom|Knock Off|p1a: Meganium
|-damage|p1a: Meganium|64/100 brn
|-enditem|p1a: Meganium|Leftovers|[from] move: Knock Off|[of] p2a: Ambipom
|move|p1a: Meganium|Energy Ball|p2a: Ambipom
|-damage|p2a: Ambipom|59/100
|
|-damage|p1a: Meganium|58/100 brn|[from] brn
|upkeep
|turn|31
|
|t:|1759009696
|move|p2a: Ambipom|Knock Off|p1a: Meganium
|-damage|p1a: Meganium|40/100 brn
|move|p1a: Meganium|Leech Seed|p2a: Ambipom
|-start|p2a: Ambipom|move: Leech Seed
|
|-damage|p2a: Ambipom|47/100|[from] Leech Seed|[of] p1a: Meganium
|-heal|p1a: Meganium|49/100 brn|[silent]
|-damage|p1a: Meganium|43/100 brn|[from] brn
|upkeep
|turn|32
|
|t:|1759009706
|move|p2a: Ambipom|Knock Off|p1a: Meganium
|-damage|p1a: Meganium|24/100 brn
|move|p1a: Meganium|Synthesis|p1a: Meganium
|-heal|p1a: Meganium|74/100 brn
|
|-damage|p2a: Ambipom|35/100|[from] Leech Seed|[of] p1a: Meganium
|-heal|p1a: Meganium|84/100 brn|[silent]
|-damage|p1a: Meganium|78/100 brn|[from] brn
|upkeep
|turn|33
|
|t:|1759009719
|move|p2a: Ambipom|Knock Off|p1a: Meganium
|-damage|p1a: Meganium|58/100 brn
|move|p1a: Meganium|Energy Ball|p2a: Ambipom
|-damage|p2a: Ambipom|0 fnt
|faint|p2a: Ambipom
|
|-damage|p1a: Meganium|52/100 brn|[from] brn
|upkeep
|
|t:|1759009726
|switch|p2a: Dragapult|Dragapult, F|7/100
|turn|34
|
|t:|1759009731
|move|p2a: Dragapult|Flamethrower|p1a: Meganium
|-supereffective|p1a: Meganium
|-damage|p1a: Meganium|0 fnt
|faint|p1a: Meganium
|
|win|slyddvicious
|raw|cozyprincemshroom's rating: 1122 &rarr; <strong>1099</strong><br />(-23 for losing)
|raw|slyddvicious's rating: 1147 &rarr; <strong>1170</strong><br />(+23 for winning)
|l|☆cozyprincemshroom
|player|p1|
|c|☆slyddvicious|gg
