|j|☆BigG5
|j|☆thhrtg探头‘ ^ ’
|t:|1758941478
|gametype|singles
|player|p1|BigG5|170|1496
|player|p2|thhrtg探头‘ ^ ’|acetrainerf|1434
|gen|9
|tier|[Gen 9] OU
|rated|
|rule|HP Percentage Mod: HP is shown in percentages
|rule|Endless Battle Clause: Forcing endless battles is banned
|rule|Species Clause: Limit one of each Pokémon
|rule|OHKO Clause: OHKO moves are banned
|rule|Evasion Items Clause: Evasion items are banned
|rule|Evasion Moves Clause: Evasion moves are banned
|rule|Evasion Abilities Clause: Evasion abilities are banned
|rule|Sleep Moves Clause: Sleep-inducing moves are banned
|clearpoke
|poke|p1|Pelipper, M|
|poke|p1|Moltres|
|poke|p1|Basculegion, M|
|poke|p1|Raging Bolt|
|poke|p1|Iron Treads|
|poke|p1|Keldeo|
|poke|p2|Abomasnow, M|
|poke|p2|Iron Treads|
|poke|p2|Moltres|
|poke|p2|Dragapult, M|
|poke|p2|Ogerpon-Wellspring, F|
|poke|p2|Iron Valiant|
|teampreview
|inactive|Battle timer is ON: inactive players will automatically lose when time's up. (requested by thhrtg探头‘ ^ ’)
|inactive|thhrtg探头‘ ^ ’ has 120 seconds left.
|
|t:|1758941515
|teamsize|p1|6
|teamsize|p2|6
|start
|switch|p1a: Keldeo|Keldeo|100/100
|switch|p2a: Abomasnow|Abomasnow, M|100/100
|-weather|Snowscape|[from] ability: Snow Warning|[of] p2a: Abomasnow
|turn|1
|
|t:|1758941524
|move|p1a: Keldeo|Flip Turn|p2a: Abomasnow
|-resisted|p2a: Abomasnow
|-damage|p2a: Abomasnow|97/100
|
|t:|1758941526
|switch|p1a: Iron Treads|Iron Treads|100/100|[from] Flip Turn
|-item|p1a: Iron Treads|Air Balloon
|move|p2a: Abomasnow|Wood Hammer|p1a: Iron Treads
|-damage|p1a: Iron Treads|71/100
|-enditem|p1a: Iron Treads|Air Balloon
|-damage|p2a: Abomasnow|86/100|[from] Recoil
|
|-weather|Snowscape|[upkeep]
|upkeep
|turn|2
|
|t:|1758941539
|switch|p2a: Iron Treads|Iron Treads|100/100
|move|p1a: Iron Treads|Stealth Rock|p2a: Iron Treads
|-sidestart|p2: thhrtg探头‘ ^ ’|move: Stealth Rock
|
|-weather|Snowscape|[upkeep]
|upkeep
|turn|3
|
|t:|1758941549
|move|p1a: Iron Treads|Earthquake|p2a: Iron Treads
|-supereffective|p2a: Iron Treads
|-damage|p2a: Iron Treads|36/100
|move|p2a: Iron Treads|Rapid Spin|p1a: Iron Treads
|-resisted|p1a: Iron Treads
|-damage|p1a: Iron Treads|65/100
|-boost|p2a: Iron Treads|spe|1
|-sideend|p2: thhrtg探头‘ ^ ’|Stealth Rock|[from] move: Rapid Spin|[of] p2a: Iron Treads
|
|-weather|Snowscape|[upkeep]
|-heal|p2a: Iron Treads|42/100|[from] item: Leftovers
|upkeep
|turn|4
|
|t:|1758941557
|-end|p1a: Iron Treads|Quark Drive|[silent]
|switch|p1a: Pelipper|Pelipper, M|100/100
|-weather|RainDance|[from] ability: Drizzle|[of] p1a: Pelipper
|move|p2a: Iron Treads|Earthquake|p1a: Pelipper
|-immune|p1a: Pelipper
|
|-weather|RainDance|[upkeep]
|-heal|p2a: Iron Treads|48/100|[from] item: Leftovers
|upkeep
|turn|5
|
|t:|1758941561
|switch|p1a: Moltres|Moltres|100/100
|move|p2a: Iron Treads|Stealth Rock|p1a: Moltres
|-sidestart|p1: BigG5|move: Stealth Rock
|
|-weather|RainDance|[upkeep]
|-heal|p2a: Iron Treads|54/100|[from] item: Leftovers
|upkeep
|turn|6
|
|t:|1758941569
|move|p2a: Iron Treads|Knock Off|p1a: Moltres
|-damage|p1a: Moltres|82/100
|-enditem|p1a: Moltres|Heavy-Duty Boots|[from] move: Knock Off|[of] p2a: Iron Treads
|move|p1a: Moltres|U-turn|p2a: Iron Treads
|-resisted|p2a: Iron Treads
|-damage|p2a: Iron Treads|48/100
|
|t:|1758941575
|switch|p1a: Basculegion|Basculegion, M, shiny|100/100|[from] U-turn
|-damage|p1a: Basculegion|88/100|[from] Stealth Rock
|
|-weather|RainDance|[upkeep]
|-heal|p2a: Iron Treads|54/100|[from] item: Leftovers
|upkeep
|turn|7
|
|t:|1758941582
|-end|p2a: Iron Treads|Quark Drive|[silent]
|switch|p2a: Abomasnow|Abomasnow, M|86/100
|-weather|Snowscape|[from] ability: Snow Warning|[of] p2a: Abomasnow
|move|p1a: Basculegion|Flip Turn|p2a: Abomasnow
|-resisted|p2a: Abomasnow
|-damage|p2a: Abomasnow|75/100
|
|t:|1758941587
|switch|p1a: Iron Treads|Iron Treads|65/100|[from] Flip Turn
|-damage|p1a: Iron Treads|62/100|[from] Stealth Rock
|
|-weather|Snowscape|[upkeep]
|upkeep
|turn|8
|
|t:|1758941597
|move|p1a: Iron Treads|Knock Off|p2a: Abomasnow
|-damage|p2a: Abomasnow|60/100
|-enditem|p2a: Abomasnow|Assault Vest|[from] move: Knock Off|[of] p1a: Iron Treads
|move|p2a: Abomasnow|Earth Power|p1a: Iron Treads
|-supereffective|p1a: Iron Treads
|-damage|p1a: Iron Treads|20/100
|
|-weather|Snowscape|[upkeep]
|upkeep
|turn|9
|
|t:|1758941607
|move|p1a: Iron Treads|Rapid Spin|p2a: Abomasnow
|-damage|p2a: Abomasnow|53/100
|-boost|p1a: Iron Treads|spe|1
|-sideend|p1: BigG5|Stealth Rock|[from] move: Rapid Spin|[of] p1a: Iron Treads
|move|p2a: Abomasnow|Earth Power|p1a: Iron Treads
|-supereffective|p1a: Iron Treads
|-damage|p1a: Iron Treads|0 fnt
|faint|p1a: Iron Treads
|-end|p1a: Iron Treads|Quark Drive|[silent]
|
|-weather|Snowscape|[upkeep]
|upkeep
|
|t:|1758941615
|switch|p1a: Moltres|Moltres|82/100
|turn|10
|
|t:|1758941625
|switch|p2a: Moltres|Moltres|100/100
|move|p1a: Moltres|U-turn|p2a: Moltres
|-resisted|p2a: Moltres
|-damage|p2a: Moltres|98/100
|
|t:|1758941631
|switch|p1a: Basculegion|Basculegion, M, shiny|88/100|[from] U-turn
|
|-weather|Snowscape|[upkeep]
|upkeep
|turn|11
|
|t:|1758941639
|switch|p1a: Pelipper|Pelipper, M|100/100
|-weather|RainDance|[from] ability: Drizzle|[of] p1a: Pelipper
|move|p2a: Moltres|Will-O-Wisp|p1a: Pelipper|[miss]
|-miss|p2a: Moltres|p1a: Pelipper
|
|-weather|RainDance|[upkeep]
|upkeep
|turn|12
|
|t:|1758941648
|switch|p2a: Abomasnow|Abomasnow, M|53/100
|-weather|Snowscape|[from] ability: Snow Warning|[of] p2a: Abomasnow
|move|p1a: Pelipper|U-turn|p2a: Abomasnow
|-supereffective|p2a: Abomasnow
|-damage|p2a: Abomasnow|42/100
|
|t:|1758941654
|switch|p1a: Keldeo|Keldeo|100/100|[from] U-turn
|
|-weather|Snowscape|[upkeep]
|upkeep
|turn|13
|
|t:|1758941660
|move|p1a: Keldeo|Flip Turn|p2a: Abomasnow
|-resisted|p2a: Abomasnow
|-damage|p2a: Abomasnow|37/100
|
|t:|1758941665
|switch|p1a: Moltres|Moltres|82/100|[from] Flip Turn
|move|p2a: Abomasnow|Wood Hammer|p1a: Moltres
|-resisted|p1a: Moltres
|-damage|p1a: Moltres|76/100
|-damage|p2a: Abomasnow|35/100|[from] Recoil
|
|-weather|Snowscape|[upkeep]
|upkeep
|turn|14
|
|t:|1758941683
|move|p1a: Moltres|U-turn|p2a: Abomasnow
|-supereffective|p2a: Abomasnow
|-damage|p2a: Abomasnow|19/100
|
|t:|1758941688
|switch|p1a: Pelipper|Pelipper, M|100/100|[from] U-turn
|-weather|RainDance|[from] ability: Drizzle|[of] p1a: Pelipper
|move|p2a: Abomasnow|Blizzard|p1a: Pelipper
|-damage|p1a: Pelipper|51/100
|-status|p1a: Pelipper|frz
|
|-weather|RainDance|[upkeep]
|upkeep
|turn|15
|
|t:|1758941701
|switch|p2a: Ogerpon|Ogerpon-Wellspring, F|100/100
|switch|p1a: Keldeo|Keldeo|100/100
|
|-weather|RainDance|[upkeep]
|upkeep
|turn|16
|
|t:|1758941710
|switch|p1a: Raging Bolt|Raging Bolt|100/100
|-enditem|p1a: Raging Bolt|Booster Energy
|-activate|p1a: Raging Bolt|ability: Protosynthesis|[fromitem]
|-start|p1a: Raging Bolt|protosynthesisspa
|move|p2a: Ogerpon|Trailblaze|p1a: Raging Bolt
|-resisted|p1a: Raging Bolt
|-damage|p1a: Raging Bolt|89/100
|-boost|p2a: Ogerpon|spe|1
|
|-weather|RainDance|[upkeep]
|upkeep
|turn|17
|
|t:|1758941724
|move|p2a: Ogerpon|Swords Dance|p2a: Ogerpon
|-boost|p2a: Ogerpon|atk|2
|move|p1a: Raging Bolt|Calm Mind|p1a: Raging Bolt
|-boost|p1a: Raging Bolt|spa|1
|-boost|p1a: Raging Bolt|spd|1
|
|-weather|RainDance|[upkeep]
|upkeep
|turn|18
|
|t:|1758941735
|move|p1a: Raging Bolt|Thunderclap|p2a: Ogerpon
|-damage|p2a: Ogerpon|27/100
|move|p2a: Ogerpon|Horn Leech|p1a: Raging Bolt
|-resisted|p1a: Raging Bolt
|-damage|p1a: Raging Bolt|55/100
|-heal|p2a: Ogerpon|46/100|[from] drain|[of] p1a: Raging Bolt
|
|-weather|RainDance|[upkeep]
|upkeep
|turn|19
|
|t:|1758941754
|switch|p2a: Iron Valiant|Iron Valiant|100/100
|-enditem|p2a: Iron Valiant|Booster Energy
|-activate|p2a: Iron Valiant|ability: Quark Drive|[fromitem]
|-start|p2a: Iron Valiant|quarkdrivespe
|move|p1a: Raging Bolt|Dragon Pulse|p2a: Iron Valiant
|-immune|p2a: Iron Valiant
|
|-weather|RainDance|[upkeep]
|upkeep
|turn|20
|
|t:|1758941774
|-end|p1a: Raging Bolt|Protosynthesis|[silent]
|switch|p1a: Moltres|Moltres|76/100
|move|p2a: Iron Valiant|Destiny Bond|p2a: Iron Valiant
|-singlemove|p2a: Iron Valiant|Destiny Bond
|
|-weather|RainDance|[upkeep]
|upkeep
|turn|21
|
|t:|1758941785
|move|p2a: Iron Valiant|Knock Off|p1a: Moltres
|-damage|p1a: Moltres|58/100
|move|p1a: Moltres|Hurricane|p2a: Iron Valiant
|-supereffective|p2a: Iron Valiant
|-damage|p2a: Iron Valiant|0 fnt
|faint|p2a: Iron Valiant
|-end|p2a: Iron Valiant|Quark Drive|[silent]
|
|-weather|none
|upkeep
|
|t:|1758941800
|switch|p2a: Ogerpon|Ogerpon-Wellspring, F|46/100
|turn|22
|
|t:|1758941809
|switch|p1a: Pelipper|Pelipper, M|51/100 frz
|-weather|RainDance|[from] ability: Drizzle|[of] p1a: Pelipper
|move|p2a: Ogerpon|Ivy Cudgel|p1a: Pelipper|[anim] Ivy Cudgel Water
|-resisted|p1a: Pelipper
|-damage|p1a: Pelipper|18/100 frz
|
|-weather|RainDance|[upkeep]
|upkeep
|turn|23
|
|t:|1758941822
|switch|p1a: Raging Bolt|Raging Bolt|55/100
|move|p2a: Ogerpon|Horn Leech|p1a: Raging Bolt
|-resisted|p1a: Raging Bolt
|-damage|p1a: Raging Bolt|36/100
|-heal|p2a: Ogerpon|58/100|[from] drain|[of] p1a: Raging Bolt
|
|-weather|RainDance|[upkeep]
|upkeep
|turn|24
|
|t:|1758941839
|switch|p2a: Iron Treads|Iron Treads|54/100
|move|p1a: Raging Bolt|Dragon Pulse|p2a: Iron Treads
|-resisted|p2a: Iron Treads
|-damage|p2a: Iron Treads|31/100
|
|-weather|RainDance|[upkeep]
|-heal|p2a: Iron Treads|37/100|[from] item: Leftovers
|upkeep
|turn|25
|
|t:|1758941863
|-end|p1a: Raging Bolt|Protosynthesis|[silent]
|switch|p1a: Basculegion|Basculegion, M, shiny|88/100
|move|p2a: Iron Treads|Stealth Rock|p1a: Basculegion
|-sidestart|p1: BigG5|move: Stealth Rock
|
|-weather|RainDance|[upkeep]
|-heal|p2a: Iron Treads|43/100|[from] item: Leftovers
|upkeep
|turn|26
|
|t:|1758941873
|-end|p2a: Iron Treads|Quark Drive|[silent]
|switch|p2a: Abomasnow|Abomasnow, M|19/100
|-weather|Snowscape|[from] ability: Snow Warning|[of] p2a: Abomasnow
|-terastallize|p1a: Basculegion|Ghost
|move|p1a: Basculegion|Tera Blast|p2a: Abomasnow|[anim] Tera Blast Ghost
|-damage|p2a: Abomasnow|0 fnt
|faint|p2a: Abomasnow
|
|-weather|Snowscape|[upkeep]
|upkeep
|
|t:|1758941886
|switch|p2a: Dragapult|Dragapult, M|100/100
|turn|27
|
|t:|1758941896
|switch|p1a: Pelipper|Pelipper, M|18/100 frz
|-damage|p1a: Pelipper|0 fnt|[from] Stealth Rock
|faint|p1a: Pelipper
|move|p2a: Dragapult|Hex|p1: Pelipper|[notarget]
|-fail|p2a: Dragapult
|
|-weather|Snowscape|[upkeep]
|upkeep
|
|t:|1758941903
|switch|p1a: Basculegion|Basculegion, M, shiny, tera:Ghost|88/100
|-damage|p1a: Basculegion|76/100|[from] Stealth Rock
|turn|28
|
|t:|1758941919
|switch|p2a: Moltres|Moltres|98/100
|move|p1a: Basculegion|Tera Blast|p2a: Moltres|[anim] Tera Blast Ghost
|-damage|p2a: Moltres|44/100
|
|-weather|Snowscape|[upkeep]
|upkeep
|turn|29
|
|t:|1758941927
|move|p1a: Basculegion|Tera Blast|p2a: Moltres|[anim] Tera Blast Ghost
|-damage|p2a: Moltres|0 fnt
|faint|p2a: Moltres
|
|-weather|Snowscape|[upkeep]
|upkeep
|
|t:|1758941931
|switch|p2a: Dragapult|Dragapult, M|100/100
|turn|30
|
|t:|1758941934
|move|p2a: Dragapult|Hex|p1a: Basculegion
|-supereffective|p1a: Basculegion
|-damage|p1a: Basculegion|7/100
|move|p1a: Basculegion|Tera Blast|p2a: Dragapult|[anim] Tera Blast Ghost
|-supereffective|p2a: Dragapult
|-damage|p2a: Dragapult|0 fnt
|faint|p2a: Dragapult
|
|-weather|none
|upkeep
|
|t:|1758941940
|switch|p2a: Ogerpon|Ogerpon-Wellspring, F|58/100
|turn|31
|
|t:|1758941946
|switch|p1a: Moltres|Moltres|58/100
|-damage|p1a: Moltres|9/100|[from] Stealth Rock
|move|p2a: Ogerpon|Trailblaze|p1a: Moltres
|-resisted|p1a: Moltres
|-damage|p1a: Moltres|4/100
|-boost|p2a: Ogerpon|spe|1
|-status|p2a: Ogerpon|brn|[from] ability: Flame Body|[of] p1a: Moltres
|
|-damage|p2a: Ogerpon|52/100 brn|[from] brn
|upkeep
|turn|32
|
|t:|1758941952
|move|p2a: Ogerpon|Ivy Cudgel|p1a: Moltres|[anim] Ivy Cudgel Water
|-supereffective|p1a: Moltres
|-crit|p1a: Moltres
|-damage|p1a: Moltres|0 fnt
|faint|p1a: Moltres
|
|-damage|p2a: Ogerpon|46/100 brn|[from] brn
|upkeep
|
|t:|1758941954
|switch|p1a: Keldeo|Keldeo|100/100
|turn|33
|
|t:|1758941957
|move|p2a: Ogerpon|Horn Leech|p1a: Keldeo
|-supereffective|p1a: Keldeo
|-damage|p1a: Keldeo|51/100
|-heal|p2a: Ogerpon|68/100 brn|[from] drain|[of] p1a: Keldeo
|move|p1a: Keldeo|Aura Sphere|p2a: Ogerpon
|-damage|p2a: Ogerpon|27/100 brn
|
|-damage|p2a: Ogerpon|21/100 brn|[from] brn
|upkeep
|turn|34
|
|t:|1758941965
|move|p2a: Ogerpon|Horn Leech|p1a: Keldeo
|-supereffective|p1a: Keldeo
|-damage|p1a: Keldeo|2/100
|-heal|p2a: Ogerpon|44/100 brn|[from] drain|[of] p1a: Keldeo
|move|p1a: Keldeo|Aura Sphere|p2a: Ogerpon
|-damage|p2a: Ogerpon|5/100 brn
|
|-damage|p2a: Ogerpon|0 fnt|[from] brn
|faint|p2a: Ogerpon
|upkeep
|
|t:|1758941968
|switch|p2a: Iron Treads|Iron Treads|43/100
|turn|35
|
|t:|1758941974
|move|p1a: Keldeo|Surf|p2a: Iron Treads
|-supereffective|p2a: Iron Treads
|-damage|p2a: Iron Treads|0 fnt
|faint|p2a: Iron Treads
|-end|p2a: Iron Treads|Quark Drive|[silent]
|
|win|BigG5
|raw|BigG5's rating: 1496 &rarr; <strong>1512</strong><br />(+16 for winning)
|raw|thhrtg探头‘ ^ ’'s rating: 1434 &rarr; <strong>1418</strong><br />(-16 for losing)
|l|☆thhrtg探头‘ ^ ’
|player|p2|
