|j|☆Rob Rancid
|j|☆prohunter
|t:|1759043999
|gametype|singles
|player|p1|Rob Rancid|marlon|1312
|player|p2|prohunter|veteran|1324
|gen|9
|tier|[Gen 9] OU
|rated|
|rule|HP Percentage Mod: HP is shown in percentages
|rule|Endless Battle Clause: Forcing endless battles is banned
|rule|Species Clause: Limit one of each Pokémon
|rule|OHKO Clause: OHKO moves are banned
|rule|Evasion Items Clause: Evasion items are banned
|rule|Evasion Moves Clause: Evasion moves are banned
|rule|Evasion Abilities Clause: Evasion abilities are banned
|rule|Sleep Moves Clause: Sleep-inducing moves are banned
|clearpoke
|poke|p1|Indeedee, M|
|poke|p1|Typhlosion-Hisui, F|
|poke|p1|Masquerain, M|
|poke|p1|Walking Wake|
|poke|p1|Torkoal, M|
|poke|p1|Flareon, F|
|poke|p2|Slowking-Galar, M|
|poke|p2|Cinderace, M|
|poke|p2|Kyurem|
|poke|p2|Corviknight, M|
|poke|p2|Ting-Lu|
|poke|p2|Dondozo, M|
|teampreview
|
|t:|1759044024
|teamsize|p1|6
|teamsize|p2|6
|start
|switch|p1a: Torkoal|Torkoal, M|100/100
|switch|p2a: Kyurem|Kyurem|100/100
|-ability|p2a: Kyurem|Pressure
|-weather|SunnyDay|[from] ability: Drought|[of] p1a: Torkoal
|turn|1
|
|t:|1759044043
|move|p2a: Kyurem|Earth Power|p1a: Torkoal
|-supereffective|p1a: Torkoal
|-damage|p1a: Torkoal|0 fnt
|faint|p1a: Torkoal
|
|-weather|SunnyDay|[upkeep]
|upkeep
|
|t:|1759044062
|switch|p1a: Walking Wake|Walking Wake|100/100
|-activate|p1a: Walking Wake|ability: Protosynthesis
|-start|p1a: Walking Wake|protosynthesisspa
|turn|2
|
|t:|1759044083
|switch|p2a: Slowking|Slowking-Galar, M|100/100
|move|p1a: Walking Wake|Dragon Pulse|p2a: Slowking
|-damage|p2a: Slowking|48/100
|-damage|p1a: Walking Wake|91/100|[from] item: Life Orb
|
|-weather|SunnyDay|[upkeep]
|upkeep
|turn|3
|
|t:|1759044106
|switch|p2a: Ting-Lu|Ting-Lu|100/100
|-ability|p2a: Ting-Lu|Vessel of Ruin
|move|p1a: Walking Wake|Hydro Steam|p2a: Ting-Lu
|-supereffective|p2a: Ting-Lu
|-damage|p2a: Ting-Lu|20/100
|-damage|p1a: Walking Wake|81/100|[from] item: Life Orb
|
|-weather|SunnyDay|[upkeep]
|-heal|p2a: Ting-Lu|26/100|[from] item: Leftovers
|upkeep
|turn|4
|
|t:|1759044125
|move|p1a: Walking Wake|Dragon Pulse|p2a: Ting-Lu
|-damage|p2a: Ting-Lu|0 fnt
|faint|p2a: Ting-Lu
|-damage|p1a: Walking Wake|71/100|[from] item: Life Orb
|
|-weather|SunnyDay|[upkeep]
|upkeep
|
|t:|1759044140
|switch|p2a: Kyurem|Kyurem|100/100
|-ability|p2a: Kyurem|Pressure
|turn|5
|
|t:|1759044167
|-end|p1a: Walking Wake|Protosynthesis|[silent]
|switch|p1a: Flareon|Flareon, F|100/100
|-terastallize|p2a: Kyurem|Ice
|move|p2a: Kyurem|Freeze-Dry|p1a: Flareon
|-resisted|p1a: Flareon
|-damage|p1a: Flareon|57/100
|
|-weather|SunnyDay|[upkeep]
|upkeep
|turn|6
|
|t:|1759044185
|switch|p2a: Dondozo|Dondozo, M|100/100
|move|p1a: Flareon|Flare Blitz|p2a: Dondozo
|-resisted|p2a: Dondozo
|-damage|p2a: Dondozo|71/100
|-damage|p1a: Flareon|39/100|[from] Recoil
|
|-weather|SunnyDay|[upkeep]
|-heal|p2a: Dondozo|77/100|[from] item: Leftovers
|upkeep
|turn|7
|
|t:|1759044216
|switch|p1a: Masquerain|Masquerain, M|100/100
|-ability|p1a: Masquerain|Intimidate|boost
|-unboost|p2a: Dondozo|atk|1
|move|p2a: Dondozo|Curse|p2a: Dondozo
|-unboost|p2a: Dondozo|spe|1
|-boost|p2a: Dondozo|atk|1
|-boost|p2a: Dondozo|def|1
|
|-weather|SunnyDay|[upkeep]
|-heal|p2a: Dondozo|83/100|[from] item: Leftovers
|upkeep
|turn|8
|
|t:|1759044228
|move|p1a: Masquerain|Quiver Dance|p1a: Masquerain
|-boost|p1a: Masquerain|spa|1
|-boost|p1a: Masquerain|spd|1
|-boost|p1a: Masquerain|spe|1
|move|p2a: Dondozo|Liquidation|p1a: Masquerain
|-damage|p1a: Masquerain|72/100
|
|-weather|none
|-heal|p2a: Dondozo|90/100|[from] item: Leftovers
|upkeep
|turn|9
|
|t:|1759044245
|move|p1a: Masquerain|Sticky Web|p2a: Dondozo
|-sidestart|p2: prohunter|move: Sticky Web
|move|p2a: Dondozo|Liquidation|p1a: Masquerain
|-damage|p1a: Masquerain|21/100
|
|-heal|p2a: Dondozo|96/100|[from] item: Leftovers
|upkeep
|turn|10
|
|t:|1759044261
|move|p1a: Masquerain|Giga Drain|p2a: Dondozo
|-supereffective|p2a: Dondozo
|-damage|p2a: Dondozo|66/100
|-heal|p1a: Masquerain|48/100|[from] drain|[of] p2a: Dondozo
|move|p2a: Dondozo|Liquidation|p1a: Masquerain
|-damage|p1a: Masquerain|0 fnt
|faint|p1a: Masquerain
|
|-heal|p2a: Dondozo|72/100|[from] item: Leftovers
|upkeep
|
|t:|1759044278
|switch|p1a: Indeedee|Indeedee, M|100/100
|-fieldstart|move: Psychic Terrain|[from] ability: Psychic Surge|[of] p1a: Indeedee
|turn|11
|
|t:|1759044303
|move|p1a: Indeedee|Expanding Force|p2a: Dondozo
|-damage|p2a: Dondozo|26/100
|move|p2a: Dondozo|Liquidation|p1a: Indeedee
|-damage|p1a: Indeedee|35/100
|
|-heal|p2a: Dondozo|32/100|[from] item: Leftovers
|upkeep
|turn|12
|
|t:|1759044312
|move|p1a: Indeedee|Expanding Force|p2a: Dondozo
|-damage|p2a: Dondozo|0 fnt
|faint|p2a: Dondozo
|
|upkeep
|
|t:|1759044315
|switch|p2a: Cinderace|Cinderace, M|100/100
|turn|13
|
|t:|1759044317
|move|p1a: Indeedee|Expanding Force|p2a: Cinderace
|-damage|p2a: Cinderace|8/100
|move|p2a: Cinderace|Court Change|p2a: Cinderace
|-swapsideconditions
|-activate|p2a: Cinderace|move: Court Change
|
|upkeep
|turn|14
|
|t:|1759044380
|switch|p2a: Corviknight|Corviknight, M, shiny|100/100
|-ability|p2a: Corviknight|Pressure
|move|p1a: Indeedee|Expanding Force|p2a: Corviknight
|-resisted|p2a: Corviknight
|-damage|p2a: Corviknight|63/100
|
|upkeep
|turn|15
|
|t:|1759044398
|switch|p1a: Flareon|Flareon, F|39/100
|-activate|p1a: Flareon|move: Sticky Web
|-unboost|p1a: Flareon|spe|1
|move|p2a: Corviknight|Roost|p2a: Corviknight
|-heal|p2a: Corviknight|100/100
|-singleturn|p2a: Corviknight|move: Roost
|
|-fieldend|move: Psychic Terrain
|upkeep
|turn|16
|
|t:|1759044423
|move|p2a: Corviknight|Body Press|p1a: Flareon
|-crit|p1a: Flareon
|-damage|p1a: Flareon|0 fnt
|faint|p1a: Flareon
|
|upkeep
|
|t:|1759044439
|switch|p1a: Typhlosion|Typhlosion-Hisui, F|100/100
|-activate|p1a: Typhlosion|move: Sticky Web
|-unboost|p1a: Typhlosion|spe|1
|turn|17
|
|t:|1759044450
|switch|p2a: Slowking|Slowking-Galar, M|81/100
|move|p1a: Typhlosion|Eruption|p2a: Slowking
|-damage|p2a: Slowking|0 fnt
|faint|p2a: Slowking
|
|upkeep
|
|t:|1759044457
|switch|p2a: Kyurem|Kyurem, tera:Ice|100/100
|-ability|p2a: Kyurem|Pressure
|turn|18
|
|t:|1759044472
|switch|p1a: Walking Wake|Walking Wake|71/100
|-activate|p1a: Walking Wake|move: Sticky Web
|-unboost|p1a: Walking Wake|spe|1
|move|p2a: Kyurem|Earth Power|p1a: Walking Wake
|-damage|p1a: Walking Wake|13/100
|
|upkeep
|turn|19
|
|t:|1759044508
|move|p2a: Kyurem|Earth Power|p1a: Walking Wake
|-damage|p1a: Walking Wake|0 fnt
|faint|p1a: Walking Wake
|-end|p1a: Walking Wake|Protosynthesis|[silent]
|
|upkeep
|inactive|Battle timer is ON: inactive players will automatically lose when time's up. (requested by prohunter)
|inactive|Rob Rancid has 120 seconds left.
|
|t:|1759044552
|switch|p1a: Indeedee|Indeedee, M|35/100
|-activate|p1a: Indeedee|move: Sticky Web
|-unboost|p1a: Indeedee|spe|1
|-fieldstart|move: Psychic Terrain|[from] ability: Psychic Surge|[of] p1a: Indeedee
|turn|20
|inactive|Rob Rancid has 120 seconds left.
|
|t:|1759044582
|move|p2a: Kyurem|Earth Power|p1a: Indeedee
|-damage|p1a: Indeedee|0 fnt
|faint|p1a: Indeedee
|
|upkeep
|inactive|Rob Rancid has 120 seconds left.
|l|☆Rob Rancid
|inactive|Rob Rancid disconnected and has a minute to reconnect!
|player|p1|
|inactive|Rob Rancid has 30 seconds to reconnect!
|inactive|Rob Rancid has 20 seconds to reconnect!
|inactive|Rob Rancid has 15 seconds to reconnect!
|inactive|Rob Rancid has 10 seconds to reconnect!
|inactive|Rob Rancid has 5 seconds to reconnect!
|-message|Rob Rancid lost due to inactivity.
|
|win|prohunter
|raw|Rob Rancid's rating: 1312 &rarr; <strong>1293</strong><br />(-19 for losing)
|raw|prohunter's rating: 1324 &rarr; <strong>1343</strong><br />(+19 for winning)
|l|☆prohunter
|player|p2|
