|j|☆Cyan27
|j|☆jkdfsahkjsfd
|t:|1758962454
|gametype|singles
|player|p1|Cyan27|acetrainersnowf|1132
|player|p2|jkdfsahkjsfd|acetrainer-gen4|1080
|gen|9
|tier|[Gen 9] OU
|rated|
|rule|HP Percentage Mod: HP is shown in percentages
|rule|Endless Battle Clause: Forcing endless battles is banned
|rule|Species Clause: Limit one of each Pokémon
|rule|OHKO Clause: OHKO moves are banned
|rule|Evasion Items Clause: Evasion items are banned
|rule|Evasion Moves Clause: Evasion moves are banned
|rule|Evasion Abilities Clause: Evasion abilities are banned
|rule|Sleep Moves Clause: Sleep-inducing moves are banned
|clearpoke
|poke|p1|Slowking-Galar, F|
|poke|p1|Haxorus, M|
|poke|p1|Ninetales-Alola, F|
|poke|p1|Piloswine, F|
|poke|p1|Regice|
|poke|p1|Moltres|
|poke|p2|Blastoise, M|
|poke|p2|Krookodile, M|
|poke|p2|Kommo-o, M|
|poke|p2|Arcanine-Hisui, M|
|poke|p2|Hydrapple, M|
|poke|p2|Mimikyu, M|
|teampreview
|inactive|Battle timer is ON: inactive players will automatically lose when time's up. (requested by Cyan27)
|
|t:|1758962475
|teamsize|p1|6
|teamsize|p2|6
|start
|switch|p1a: Slowking|Slowking-Galar, F, shiny|100/100
|switch|p2a: Kommo-o|Kommo-o, M|100/100
|turn|1
|
|t:|1758962482
|-terastallize|p2a: Kommo-o|Steel
|move|p2a: Kommo-o|Belly Drum|p2a: Kommo-o
|-damage|p2a: Kommo-o|51/100
|-setboost|p2a: Kommo-o|atk|6|[from] move: Belly Drum
|move|p1a: Slowking|Thunder Wave|p2a: Kommo-o
|-status|p2a: Kommo-o|par
|
|upkeep
|turn|2
|
|t:|1758962492
|move|p2a: Kommo-o|Iron Head|p1a: Slowking
|-damage|p1a: Slowking|0 fnt
|faint|p1a: Slowking
|
|upkeep
|
|t:|1758962501
|switch|p1a: Moltres|Moltres, shiny|100/100
|turn|3
|
|t:|1758962521
|switch|p2a: Arcanine|Arcanine-Hisui, M|100/100
|move|p1a: Moltres|Overheat|p2a: Arcanine
|-resisted|p2a: Arcanine
|-damage|p2a: Arcanine|81/100
|-unboost|p1a: Moltres|spa|2
|
|upkeep
|turn|4
|
|t:|1758962533
|switch|p1a: Ninetales-Viola|Ninetales-Alola, F|100/100
|-weather|Snowscape|[from] ability: Snow Warning|[of] p1a: Ninetales-Viola
|move|p2a: Arcanine|Head Smash|p1a: Ninetales-Viola
|-supereffective|p1a: Ninetales-Viola
|-damage|p1a: Ninetales-Viola|0 fnt
|faint|p1a: Ninetales-Viola
|
|-weather|Snowscape|[upkeep]
|upkeep
|
|t:|1758962540
|switch|p1a: Piloswine|Piloswine, F|100/100
|turn|5
|
|t:|1758962549
|-terastallize|p1a: Piloswine|Grass
|move|p2a: Arcanine|Head Smash|p1a: Piloswine
|-damage|p1a: Piloswine|50/100
|move|p1a: Piloswine|Earthquake|p2a: Arcanine
|-supereffective|p2a: Arcanine
|-damage|p2a: Arcanine|0 fnt
|faint|p2a: Arcanine
|
|-weather|Snowscape|[upkeep]
|upkeep
|
|t:|1758962562
|switch|p2a: Kommo-o|Kommo-o, M, tera:Steel|51/100 par
|turn|6
|
|t:|1758962565
|move|p2a: Kommo-o|Drain Punch|p1a: Piloswine
|-damage|p1a: Piloswine|28/100
|-heal|p2a: Kommo-o|66/100 par|[from] drain|[of] p1a: Piloswine
|move|p1a: Piloswine|Earthquake|p2a: Kommo-o
|-supereffective|p2a: Kommo-o
|-damage|p2a: Kommo-o|0 fnt
|faint|p2a: Kommo-o
|
|-weather|Snowscape|[upkeep]
|upkeep
|
|t:|1758962580
|switch|p2a: Mimikyu|Mimikyu, M|100/100
|turn|7
|
|t:|1758962588
|move|p2a: Mimikyu|Swords Dance|p2a: Mimikyu
|-boost|p2a: Mimikyu|atk|2
|move|p1a: Piloswine|Earthquake|p2a: Mimikyu
|-activate|p2a: Mimikyu|ability: Disguise
|-damage|p2a: Mimikyu|100/100
|detailschange|p2a: Mimikyu|Mimikyu-Busted, M
|-damage|p2a: Mimikyu|88/100|[from] pokemon: Mimikyu-Busted
|
|-weather|Snowscape|[upkeep]
|upkeep
|turn|8
|
|t:|1758962597
|switch|p1a: Regice|Regice, shiny|100/100
|move|p2a: Mimikyu|Leech Life|p1a: Regice
|-damage|p1a: Regice|72/100
|-heal|p2a: Mimikyu|100/100|[from] drain|[of] p1a: Regice
|
|-weather|none
|-heal|p1a: Regice|78/100|[from] item: Leftovers
|upkeep
|turn|9
|
|t:|1758962607
|move|p2a: Mimikyu|Play Rough|p1a: Regice
|-damage|p1a: Regice|10/100
|move|p1a: Regice|Flash Cannon|p2a: Mimikyu
|-supereffective|p2a: Mimikyu
|-damage|p2a: Mimikyu|27/100
|
|-heal|p1a: Regice|16/100|[from] item: Leftovers
|upkeep
|turn|10
|
|t:|1758962617
|move|p2a: Mimikyu|Leech Life|p1a: Regice
|-damage|p1a: Regice|0 fnt
|-heal|p2a: Mimikyu|38/100|[from] drain|[of] p1a: Regice
|faint|p1a: Regice
|
|upkeep
|
|t:|1758962626
|switch|p1a: Moltres|Moltres, shiny|100/100
|turn|11
|
|t:|1758962635
|move|p1a: Moltres|Air Slash|p2a: Mimikyu
|-damage|p2a: Mimikyu|0 fnt
|faint|p2a: Mimikyu
|
|upkeep
|
|t:|1758962639
|switch|p2a: Blastoise|Blastoise, M|100/100
|turn|12
|
|t:|1758962647
|move|p1a: Moltres|Air Slash|p2a: Blastoise
|-damage|p2a: Blastoise|55/100
|cant|p2a: Blastoise|flinch
|
|upkeep
|turn|13
|
|t:|1758962651
|switch|p1a: Haxorus|Haxorus, M, shiny|100/100
|-ability|p1a: Haxorus|Mold Breaker
|move|p2a: Blastoise|Shell Smash|p2a: Blastoise
|-unboost|p2a: Blastoise|def|1
|-unboost|p2a: Blastoise|spd|1
|-boost|p2a: Blastoise|atk|2
|-boost|p2a: Blastoise|spa|2
|-boost|p2a: Blastoise|spe|2
|-enditem|p2a: Blastoise|White Herb
|-clearnegativeboost|p2a: Blastoise|[silent]
|
|upkeep
|turn|14
|
|t:|1758962667
|move|p2a: Blastoise|Ice Beam|p1a: Haxorus
|-supereffective|p1a: Haxorus
|-damage|p1a: Haxorus|0 fnt
|faint|p1a: Haxorus
|
|upkeep
|
|t:|1758962672
|switch|p1a: Moltres|Moltres, shiny|100/100
|turn|15
|
|t:|1758962682
|move|p2a: Blastoise|Hydro Pump|p1a: Moltres
|-supereffective|p1a: Moltres
|-damage|p1a: Moltres|0 fnt
|faint|p1a: Moltres
|
|upkeep
|
|t:|1758962690
|switch|p1a: Piloswine|Piloswine, F, tera:Grass|28/100
|turn|16
|
|t:|1758962694
|move|p2a: Blastoise|Ice Beam|p1a: Piloswine
|-supereffective|p1a: Piloswine
|-crit|p1a: Piloswine
|-damage|p1a: Piloswine|0 fnt
|faint|p1a: Piloswine
|
|win|jkdfsahkjsfd
|raw|Cyan27's rating: 1132 &rarr; <strong>1103</strong><br />(-29 for losing)
|raw|jkdfsahkjsfd's rating: 1080 &rarr; <strong>1112</strong><br />(+32 for winning)
|l|☆Cyan27
|player|p1|
|l|☆jkdfsahkjsfd
|player|p2|
