|j|☆breaker8010
|j|☆vlyntipez
|t:|1758942898
|gametype|singles
|player|p1|breaker8010|veteran|1066
|player|p2|vlyntipez|170|1000
|gen|9
|tier|[Gen 9] OU
|rated|
|rule|HP Percentage Mod: HP is shown in percentages
|rule|Endless Battle Clause: Forcing endless battles is banned
|rule|Species Clause: Limit one of each Pokémon
|rule|OHKO Clause: OHKO moves are banned
|rule|Evasion Items Clause: Evasion items are banned
|rule|Evasion Moves Clause: Evasion moves are banned
|rule|Evasion Abilities Clause: Evasion abilities are banned
|rule|Sleep Moves Clause: Sleep-inducing moves are banned
|clearpoke
|poke|p1|Pelipper, M|
|poke|p1|Tornadus-Therian, M|
|poke|p1|Zapdos|
|poke|p1|Amoonguss, M|
|poke|p1|Barraskewda, M|
|poke|p1|Kingdra, F|
|poke|p2|Weavile, M|
|poke|p2|Toxapex, M|
|poke|p2|Great Tusk|
|poke|p2|Hydrapple, M|
|poke|p2|Espeon, F|
|poke|p2|Ninetales, F|
|teampreview
|
|t:|1758942902
|teamsize|p1|6
|teamsize|p2|6
|start
|switch|p1a: Pelipper|Pelipper, M, shiny|100/100
|switch|p2a: Ninetales|Ninetales, F|100/100
|-weather|SunnyDay|[from] ability: Drought|[of] p2a: Ninetales
|-weather|RainDance|[from] ability: Drizzle|[of] p1a: Pelipper
|turn|1
|
|t:|1758942922
|switch|p2a: Hydrapple|Hydrapple, M|100/100
|move|p1a: Pelipper|Knock Off|p2a: Hydrapple
|-damage|p2a: Hydrapple|93/100
|-enditem|p2a: Hydrapple|Heavy-Duty Boots|[from] move: Knock Off|[of] p1a: Pelipper
|
|-weather|RainDance|[upkeep]
|upkeep
|turn|2
|
|t:|1758942939
|move|p1a: Pelipper|Hurricane|p2a: Hydrapple
|-supereffective|p2a: Hydrapple
|-damage|p2a: Hydrapple|23/100
|-start|p2a: Hydrapple|confusion
|-activate|p2a: Hydrapple|confusion
|-damage|p2a: Hydrapple|20/100|[from] confusion
|
|-weather|RainDance|[upkeep]
|upkeep
|turn|3
|
|t:|1758942949
|switch|p1a: Tornadus|Tornadus-Therian, M, shiny|100/100
|-end|p2a: Hydrapple|confusion
|move|p2a: Hydrapple|Giga Drain|p1a: Tornadus
|-resisted|p1a: Tornadus
|-damage|p1a: Tornadus|81/100
|-heal|p2a: Hydrapple|27/100|[from] drain|[of] p1a: Tornadus
|
|-weather|RainDance|[upkeep]
|upkeep
|turn|4
|
|t:|1758942966
|move|p1a: Tornadus|Hurricane|p2a: Hydrapple
|-supereffective|p2a: Hydrapple
|-damage|p2a: Hydrapple|0 fnt
|faint|p2a: Hydrapple
|
|-weather|RainDance|[upkeep]
|upkeep
|
|t:|1758942972
|switch|p2a: Ninetales|Ninetales, F|100/100
|-weather|SunnyDay|[from] ability: Drought|[of] p2a: Ninetales
|turn|5
|
|t:|1758942982
|move|p1a: Tornadus|U-turn|p2a: Ninetales
|-resisted|p2a: Ninetales
|-damage|p2a: Ninetales|92/100
|
|t:|1758942986
|switch|p1a: Kingdra|Kingdra, F|100/100|[from] U-turn
|move|p2a: Ninetales|Weather Ball|p1a: Kingdra
|-resisted|p1a: Kingdra
|-damage|p1a: Kingdra|87/100
|
|-weather|SunnyDay|[upkeep]
|upkeep
|turn|6
|
|t:|1758942996
|-terastallize|p2a: Ninetales|Grass
|move|p2a: Ninetales|Solar Beam||[still]
|-prepare|p2a: Ninetales|Solar Beam
|-anim|p2a: Ninetales|Solar Beam|p1a: Kingdra
|-damage|p1a: Kingdra|46/100
|move|p1a: Kingdra|Whirlpool|p2a: Ninetales
|-resisted|p2a: Ninetales
|-damage|p2a: Ninetales|86/100
|-activate|p2a: Ninetales|move: Whirlpool|[of] p1a: Kingdra
|
|-weather|SunnyDay|[upkeep]
|-damage|p2a: Ninetales|74/100|[from] move: Whirlpool|[partiallytrapped]
|upkeep
|turn|7
|
|t:|1758943019
|switch|p1a: Tornadus|Tornadus-Therian, M, shiny|100/100
|move|p2a: Ninetales|Will-O-Wisp|p1a: Tornadus|[miss]
|-miss|p2a: Ninetales|p1a: Tornadus
|
|-weather|SunnyDay|[upkeep]
|-end|p2a: Ninetales|Whirlpool|[partiallytrapped]|[silent]
|upkeep
|turn|8
|
|t:|1758943027
|move|p1a: Tornadus|Bleakwind Storm|p2a: Ninetales|[miss]
|-miss|p1a: Tornadus|p2a: Ninetales
|move|p2a: Ninetales|Will-O-Wisp|p1a: Tornadus
|-status|p1a: Tornadus|brn
|
|-weather|SunnyDay|[upkeep]
|-damage|p1a: Tornadus|94/100 brn|[from] brn
|upkeep
|turn|9
|
|t:|1758943037
|move|p1a: Tornadus|Bleakwind Storm|p2a: Ninetales
|-supereffective|p2a: Ninetales
|-damage|p2a: Ninetales|0 fnt
|faint|p2a: Ninetales
|
|-weather|SunnyDay|[upkeep]
|-damage|p1a: Tornadus|88/100 brn|[from] brn
|upkeep
|
|t:|1758943045
|switch|p2a: Weavile|Weavile, M|100/100
|-ability|p2a: Weavile|Pressure
|turn|10
|
|t:|1758943051
|move|p2a: Weavile|Triple Axel|p1a: Tornadus
|-supereffective|p1a: Tornadus
|-damage|p1a: Tornadus|62/100 brn
|-supereffective|p1a: Tornadus
|-damage|p1a: Tornadus|4/100 brn
|-supereffective|p1a: Tornadus
|-damage|p1a: Tornadus|0 fnt
|faint|p1a: Tornadus
|-hitcount|p1: Tornadus|3
|
|-weather|SunnyDay|[upkeep]
|upkeep
|
|t:|1758943060
|switch|p1a: Zapdos|Zapdos, shiny|100/100
|turn|11
|
|t:|1758943064
|move|p2a: Weavile|Knock Off|p1a: Zapdos
|-damage|p1a: Zapdos|41/100
|-enditem|p1a: Zapdos|Heavy-Duty Boots|[from] move: Knock Off|[of] p2a: Weavile
|move|p1a: Zapdos|Weather Ball|p2a: Weavile
|-supereffective|p2a: Weavile
|-damage|p2a: Weavile|0 fnt
|faint|p2a: Weavile
|
|-weather|SunnyDay|[upkeep]
|upkeep
|
|t:|1758943076
|switch|p2a: Toxapex|Toxapex, M|100/100
|turn|12
|
|t:|1758943085
|switch|p2a: Espeon|Espeon, F|100/100
|move|p1a: Zapdos|Roost|p1a: Zapdos
|-heal|p1a: Zapdos|91/100
|-singleturn|p1a: Zapdos|move: Roost
|
|-weather|none
|upkeep
|turn|13
|
|t:|1758943095
|move|p2a: Espeon|Calm Mind|p2a: Espeon
|-boost|p2a: Espeon|spa|1
|-boost|p2a: Espeon|spd|1
|move|p1a: Zapdos|Volt Switch|p2a: Espeon
|-damage|p2a: Espeon|68/100
|
|t:|1758943101
|switch|p1a: Pelipper|Pelipper, M, shiny|100/100|[from] Volt Switch
|-weather|RainDance|[from] ability: Drizzle|[of] p1a: Pelipper
|
|-weather|RainDance|[upkeep]
|-heal|p2a: Espeon|74/100|[from] item: Leftovers
|upkeep
|turn|14
|
|t:|1758943111
|move|p2a: Espeon|Thunder Wave|p1a: Pelipper
|-status|p1a: Pelipper|par
|move|p1a: Pelipper|Knock Off|p2a: Espeon
|-supereffective|p2a: Espeon
|-crit|p2a: Espeon
|-damage|p2a: Espeon|4/100
|-enditem|p2a: Espeon|Leftovers|[from] move: Knock Off|[of] p1a: Pelipper
|
|-weather|RainDance|[upkeep]
|upkeep
|turn|15
|
|t:|1758943123
|move|p2a: Espeon|Psychic|p1a: Pelipper
|-damage|p1a: Pelipper|1/100 par
|cant|p1a: Pelipper|par
|
|-weather|RainDance|[upkeep]
|upkeep
|turn|16
|
|t:|1758943132
|switch|p1a: Barraskewda|Barraskewda, M, shiny|100/100
|move|p2a: Espeon|Psychic|p1a: Barraskewda
|-damage|p1a: Barraskewda|0 fnt
|faint|p1a: Barraskewda
|
|-weather|RainDance|[upkeep]
|upkeep
|
|t:|1758943142
|switch|p1a: Zapdos|Zapdos, shiny|91/100
|turn|17
|
|t:|1758943146
|switch|p2a: Great Tusk|Great Tusk|100/100
|move|p1a: Zapdos|Volt Switch|p2a: Great Tusk
|-immune|p2a: Great Tusk
|
|-weather|RainDance|[upkeep]
|upkeep
|turn|18
|
|t:|1758943157
|move|p2a: Great Tusk|Ice Spinner|p1a: Zapdos
|-supereffective|p1a: Zapdos
|-damage|p1a: Zapdos|17/100
|move|p1a: Zapdos|Weather Ball|p2a: Great Tusk
|-supereffective|p2a: Great Tusk
|-damage|p2a: Great Tusk|0 fnt
|faint|p2a: Great Tusk
|-end|p2a: Great Tusk|Protosynthesis|[silent]
|
|-weather|RainDance|[upkeep]
|upkeep
|
|t:|1758943166
|switch|p2a: Toxapex|Toxapex, M|100/100
|turn|19
|
|t:|1758943169
|move|p1a: Zapdos|Thunder|p2a: Toxapex
|-supereffective|p2a: Toxapex
|-damage|p2a: Toxapex|25/100
|move|p2a: Toxapex|Toxic|p1a: Zapdos
|-status|p1a: Zapdos|tox
|
|-weather|RainDance|[upkeep]
|-damage|p1a: Zapdos|11/100 tox|[from] psn
|upkeep
|turn|20
|
|t:|1758943178
|move|p1a: Zapdos|Volt Switch|p2a: Toxapex
|-supereffective|p2a: Toxapex
|-damage|p2a: Toxapex|0 fnt
|faint|p2a: Toxapex
|
|t:|1758943183
|switch|p1a: Kingdra|Kingdra, F|46/100|[from] Volt Switch
|
|-weather|none
|upkeep
|
|t:|1758943186
|switch|p2a: Espeon|Espeon, F|4/100
|turn|21
|
|t:|1758943207
|move|p2a: Espeon|Psychic|p1a: Kingdra
|-damage|p1a: Kingdra|0 fnt
|faint|p1a: Kingdra
|
|upkeep
|
|t:|1758943215
|switch|p1a: Pelipper|Pelipper, M, shiny|1/100 par
|-weather|RainDance|[from] ability: Drizzle|[of] p1a: Pelipper
|turn|22
|
|t:|1758943221
|move|p2a: Espeon|Psychic|p1a: Pelipper
|-damage|p1a: Pelipper|0 fnt
|faint|p1a: Pelipper
|
|-weather|RainDance|[upkeep]
|upkeep
|
|t:|1758943225
|switch|p1a: Zapdos|Zapdos, shiny|11/100 tox
|turn|23
|
|t:|1758943232
|move|p2a: Espeon|Psychic|p1a: Zapdos
|-damage|p1a: Zapdos|0 fnt
|faint|p1a: Zapdos
|
|-weather|RainDance|[upkeep]
|upkeep
|
|t:|1758943236
|switch|p1a: Amoonguss|Amoonguss, M, shiny|100/100
|turn|24
|c|☆breaker8010|jeeeeezzzzz
|
|t:|1758943245
|move|p2a: Espeon|Thunder Wave|p1a: Amoonguss
|-status|p1a: Amoonguss|par
|move|p1a: Amoonguss|Sludge Bomb|p2a: Espeon
|-damage|p2a: Espeon|0 fnt
|faint|p2a: Espeon
|
|win|breaker8010
|raw|breaker8010's rating: 1066 &rarr; <strong>1090</strong><br />(+24 for winning)
|raw|vlyntipez's rating: 1000 &rarr; <strong>1000</strong><br />(+0 for losing)
|c|☆vlyntipez|espeon needs a pay raise
|c|☆vlyntipez|gg
|c|☆breaker8010|ggs
|c|☆breaker8010|fr fr
|l|☆vlyntipez
|player|p2|
