|j|☆Princessjosie1001!
|j|☆jimmygaming96420
|t:|1758934129
|gametype|singles
|player|p1|Princessjosie1001!|nurse|1385
|player|p2|jimmygaming96420|miku-ghost|1374
|gen|9
|tier|[Gen 9] OU
|rated|
|rule|HP Percentage Mod: HP is shown in percentages
|rule|Endless Battle Clause: Forcing endless battles is banned
|rule|Species Clause: Limit one of each Pokémon
|rule|OHKO Clause: OHKO moves are banned
|rule|Evasion Items Clause: Evasion items are banned
|rule|Evasion Moves Clause: Evasion moves are banned
|rule|Evasion Abilities Clause: Evasion abilities are banned
|rule|Sleep Moves Clause: Sleep-inducing moves are banned
|clearpoke
|poke|p1|Yanmega, F|
|poke|p1|Cloyster, M|
|poke|p1|Salazzle, F|
|poke|p1|Espeon, M|
|poke|p1|Jirachi|
|poke|p1|Maushold-Four|
|poke|p2|Sneasel-Hisui, M|
|poke|p2|Great Tusk|
|poke|p2|Gholdengo|
|poke|p2|Dragapult, M|
|poke|p2|Kingambit, F|
|poke|p2|Primarina, F|
|teampreview
|inactive|Battle timer is ON: inactive players will automatically lose when time's up. (requested by jimmygaming96420)
|
|t:|1758934136
|teamsize|p1|6
|teamsize|p2|6
|start
|switch|p1a: Jirachi|Jirachi|100/100
|switch|p2a: Bazinga! Burdened!|Sneasel-Hisui, M, shiny|100/100
|turn|1
|
|t:|1758934143
|move|p1a: Jirachi|Iron Head|p2a: Bazinga! Burdened!
|-damage|p2a: Bazinga! Burdened!|43/100
|move|p2a: Bazinga! Burdened!|Swords Dance|p2a: Bazinga! Burdened!
|-boost|p2a: Bazinga! Burdened!|atk|2
|
|upkeep
|turn|2
|
|t:|1758934154
|move|p1a: Jirachi|Iron Head|p2a: Bazinga! Burdened!
|-crit|p2a: Bazinga! Burdened!
|-damage|p2a: Bazinga! Burdened!|0 fnt
|faint|p2a: Bazinga! Burdened!
|
|upkeep
|
|t:|1758934170
|switch|p2a: Checkmate|Kingambit, F|100/100
|-activate|p2a: Checkmate|ability: Supreme Overlord
|-start|p2a: Checkmate|fallen1|[silent]
|turn|3
|
|t:|1758934175
|switch|p1a: Salazzle|Salazzle, F|100/100
|move|p2a: Checkmate|Swords Dance|p2a: Checkmate
|-boost|p2a: Checkmate|atk|2
|
|upkeep
|turn|4
|
|t:|1758934185
|-terastallize|p2a: Checkmate|Fighting
|move|p1a: Salazzle|Flamethrower|p2a: Checkmate
|-damage|p2a: Checkmate|44/100
|move|p2a: Checkmate|Kowtow Cleave|p1a: Salazzle
|-enditem|p1a: Salazzle|Focus Sash
|-damage|p1a: Salazzle|1/100
|
|-heal|p2a: Checkmate|50/100|[from] item: Leftovers
|upkeep
|turn|5
|
|t:|1758934195
|move|p2a: Checkmate|Sucker Punch||[still]
|-fail|p2a: Checkmate
|move|p1a: Salazzle|Toxic|p2a: Checkmate
|-status|p2a: Checkmate|tox
|
|-heal|p2a: Checkmate|56/100 tox|[from] item: Leftovers
|-damage|p2a: Checkmate|50/100 tox|[from] psn
|upkeep
|turn|6
|
|t:|1758934203
|move|p2a: Checkmate|Sucker Punch|p1a: Salazzle
|-damage|p1a: Salazzle|0 fnt
|faint|p1a: Salazzle
|
|-heal|p2a: Checkmate|56/100 tox|[from] item: Leftovers
|-damage|p2a: Checkmate|44/100 tox|[from] psn
|upkeep
|
|t:|1758934210
|switch|p1a: Cloyster|Cloyster, M|100/100
|turn|7
|
|t:|1758934217
|move|p1a: Cloyster|Shell Smash|p1a: Cloyster
|-unboost|p1a: Cloyster|def|1
|-unboost|p1a: Cloyster|spd|1
|-boost|p1a: Cloyster|atk|2
|-boost|p1a: Cloyster|spa|2
|-boost|p1a: Cloyster|spe|2
|move|p2a: Checkmate|Low Kick|p1a: Cloyster
|-supereffective|p1a: Cloyster
|-enditem|p1a: Cloyster|Focus Sash
|-damage|p1a: Cloyster|1/100
|
|-heal|p2a: Checkmate|50/100 tox|[from] item: Leftovers
|-damage|p2a: Checkmate|32/100 tox|[from] psn
|upkeep
|turn|8
|
|t:|1758934228
|move|p2a: Checkmate|Sucker Punch||[still]
|-fail|p2a: Checkmate
|move|p1a: Cloyster|Shell Smash|p1a: Cloyster
|-unboost|p1a: Cloyster|def|1
|-unboost|p1a: Cloyster|spd|1
|-boost|p1a: Cloyster|atk|2
|-boost|p1a: Cloyster|spa|2
|-boost|p1a: Cloyster|spe|2
|
|-heal|p2a: Checkmate|38/100 tox|[from] item: Leftovers
|-damage|p2a: Checkmate|13/100 tox|[from] psn
|upkeep
|turn|9
|
|t:|1758934238
|move|p1a: Cloyster|Ice Shard|p2a: Checkmate
|-damage|p2a: Checkmate|0 fnt
|faint|p2a: Checkmate
|-end|p2a: Checkmate|fallen1|[silent]
|
|upkeep
|
|t:|1758934246
|switch|p2a: TaxEvasion|Gholdengo|100/100
|-item|p2a: TaxEvasion|Air Balloon
|turn|10
|
|t:|1758934250
|-terastallize|p1a: Cloyster|Ice
|move|p1a: Cloyster|Icicle Spear|p2a: TaxEvasion
|-resisted|p2a: TaxEvasion
|-damage|p2a: TaxEvasion|83/100
|-enditem|p2a: TaxEvasion|Air Balloon
|-resisted|p2a: TaxEvasion
|-damage|p2a: TaxEvasion|66/100
|-resisted|p2a: TaxEvasion
|-damage|p2a: TaxEvasion|48/100
|-resisted|p2a: TaxEvasion
|-damage|p2a: TaxEvasion|31/100
|-resisted|p2a: TaxEvasion
|-damage|p2a: TaxEvasion|16/100
|-hitcount|p2a: TaxEvasion|5
|move|p2a: TaxEvasion|Hex|p1a: Cloyster
|-damage|p1a: Cloyster|0 fnt
|faint|p1a: Cloyster
|
|upkeep
|
|t:|1758934265
|switch|p1a: Jirachi|Jirachi|100/100
|turn|11
|
|t:|1758934269
|move|p1a: Jirachi|Iron Head|p2a: TaxEvasion
|-resisted|p2a: TaxEvasion
|-crit|p2a: TaxEvasion
|-damage|p2a: TaxEvasion|0 fnt
|faint|p2a: TaxEvasion
|
|upkeep
|
|t:|1758934275
|switch|p2a: Horton|Great Tusk|100/100
|turn|12
|
|t:|1758934279
|switch|p1a: No hazard allowed|Espeon, M|100/100
|move|p2a: Horton|Stealth Rock|p1a: No hazard allowed
|move|p1a: No hazard allowed|Stealth Rock|p2a: Horton|[from] ability: Magic Bounce
|-sidestart|p2: jimmygaming96420|move: Stealth Rock
|
|upkeep
|turn|13
|
|t:|1758934289
|-end|p2a: Horton|Protosynthesis|[silent]
|switch|p2a: Trebuchet|Dragapult, M|100/100
|-damage|p2a: Trebuchet|88/100|[from] Stealth Rock
|move|p1a: No hazard allowed|Psychic|p2a: Trebuchet
|-damage|p2a: Trebuchet|18/100
|
|upkeep
|turn|14
|
|t:|1758934295
|move|p1a: No hazard allowed|Psychic|p2a: Trebuchet
|-damage|p2a: Trebuchet|0 fnt
|faint|p2a: Trebuchet
|
|upkeep
|
|t:|1758934302
|switch|p2a: The Wall Jr.|Primarina, F|100/100
|-damage|p2a: The Wall Jr.|88/100|[from] Stealth Rock
|turn|15
|
|t:|1758934308
|switch|p1a: Yanmega|Yanmega, F|100/100
|move|p2a: The Wall Jr.|Moonblast|p1a: Yanmega
|-damage|p1a: Yanmega|19/100
|-unboost|p1a: Yanmega|spa|1
|
|upkeep
|turn|16
|
|t:|1758934314
|move|p1a: Yanmega|Air Slash|p2a: The Wall Jr.
|-crit|p2a: The Wall Jr.
|-damage|p2a: The Wall Jr.|38/100
|-damage|p1a: Yanmega|9/100|[from] item: Life Orb
|cant|p2a: The Wall Jr.|flinch
|
|-ability|p1a: Yanmega|Speed Boost|boost
|-boost|p1a: Yanmega|spe|1
|upkeep
|turn|17
|
|t:|1758934324
|move|p1a: Yanmega|Air Slash|p2a: The Wall Jr.
|-damage|p2a: The Wall Jr.|16/100
|-damage|p1a: Yanmega|0 fnt|[from] item: Life Orb
|faint|p1a: Yanmega
|cant|p2a: The Wall Jr.|flinch
|
|upkeep
|
|t:|1758934331
|switch|p1a: No hazard allowed|Espeon, M|100/100
|turn|18
|c|☆Princessjosie1001!|Gg wp
|
|t:|1758934338
|move|p1a: No hazard allowed|Psychic|p2a: The Wall Jr.
|-damage|p2a: The Wall Jr.|0 fnt
|faint|p2a: The Wall Jr.
|
|upkeep
|
|t:|1758934341
|switch|p2a: Horton|Great Tusk|100/100
|-damage|p2a: Horton|98/100|[from] Stealth Rock
|turn|19
|
|t:|1758934346
|move|p1a: No hazard allowed|Psychic|p2a: Horton
|-supereffective|p2a: Horton
|-damage|p2a: Horton|0 fnt
|faint|p2a: Horton
|-end|p2a: Horton|Protosynthesis|[silent]
|
|win|Princessjosie1001!
|raw|Princessjosie1001!'s rating: 1385 &rarr; <strong>1404</strong><br />(+19 for winning)
|raw|jimmygaming96420's rating: 1374 &rarr; <strong>1355</strong><br />(-19 for losing)
|l|☆jimmygaming96420
|player|p2|
|l|☆Princessjosie1001!
|player|p1|
