|badge|p2|silver|gen9ou|30-6
|html|<div class="broadcast-red"><strong>This battle is required to be public due to one or more player having a season medal.</strong><br />During the public phase, you can discuss the state of the ladder <a href="/seasondiscussion">in a special chatroom.</a></div>
|uhtml|medal-msg|<div class="broadcast-blue">Curious what those medals under the avatar are? PS now has Ladder Seasons! For more information, check out the <a href="https://www.smogon.com/forums/threads/3740067/">thread on Smogon.</a></div>
|raw|<div class="broadcast-blue"><strong>This battle is required to be public due to a player having a name starting with 'medal'.</div>
|j|☆Omari P
|j|☆ilom
|t:|1759032827
|gametype|singles
|player|p1|Omari P|pokemonrangerf|1800
|player|p2|ilom|picnicker|1924
|gen|9
|tier|[Gen 9] OU
|rated|
|rule|HP Percentage Mod: HP is shown in percentages
|rule|Endless Battle Clause: Forcing endless battles is banned
|rule|Species Clause: Limit one of each Pokémon
|rule|OHKO Clause: OHKO moves are banned
|rule|Evasion Items Clause: Evasion items are banned
|rule|Evasion Moves Clause: Evasion moves are banned
|rule|Evasion Abilities Clause: Evasion abilities are banned
|rule|Sleep Moves Clause: Sleep-inducing moves are banned
|clearpoke
|poke|p1|Cinderace, F|
|poke|p1|Volcanion|
|poke|p1|Torkoal, M|
|poke|p1|Mandibuzz, F|
|poke|p1|Great Tusk|
|poke|p1|Fezandipiti, M|
|poke|p2|Great Tusk|
|poke|p2|Tinkaton, F|
|poke|p2|Tornadus-Therian, M|
|poke|p2|Samurott-Hisui, M|
|poke|p2|Slowking-Galar, F|
|poke|p2|Sinistcha|
|teampreview
|inactive|Battle timer is ON: inactive players will automatically lose when time's up. (requested by Omari P)
|j| cryyysneasel
|inactive|ilom has 120 seconds left.
|
|t:|1759032888
|teamsize|p1|6
|teamsize|p2|6
|start
|switch|p1a: Torkoal|Torkoal, M, shiny|100/100
|switch|p2a: Tornadus|Tornadus-Therian, M|100/100
|-weather|SunnyDay|[from] ability: Drought|[of] p1a: Torkoal
|turn|1
|
|t:|1759032892
|move|p2a: Tornadus|Knock Off|p1a: Torkoal
|-crit|p1a: Torkoal
|-damage|p1a: Torkoal|80/100
|-enditem|p1a: Torkoal|Heat Rock|[from] move: Knock Off|[of] p2a: Tornadus
|move|p1a: Torkoal|Fire Blast|p2a: Tornadus
|-damage|p2a: Tornadus|55/100
|
|-weather|SunnyDay|[upkeep]
|upkeep
|turn|2
|
|t:|1759032898
|move|p2a: Tornadus|Bleakwind Storm|p1a: Torkoal
|-damage|p1a: Torkoal|31/100
|move|p1a: Torkoal|Stealth Rock|p2a: Tornadus
|-sidestart|p2: ilom|move: Stealth Rock
|
|-weather|SunnyDay|[upkeep]
|upkeep
|turn|3
|j| MasterHR
|
|t:|1759032904
|move|p2a: Tornadus|Bleakwind Storm|p1a: Torkoal
|-damage|p1a: Torkoal|0 fnt
|faint|p1a: Torkoal
|
|-weather|SunnyDay|[upkeep]
|upkeep
|
|t:|1759032907
|switch|p1a: Cinderace|Cinderace, F|100/100
|turn|4
|
|t:|1759032917
|move|p2a: Tornadus|U-turn|p1a: Cinderace
|-resisted|p1a: Cinderace
|-damage|p1a: Cinderace|90/100
|inactive|ilom has 120 seconds left.
|
|t:|1759032969
|switch|p2a: Great Tusk|Great Tusk|100/100|[from] U-turn
|-damage|p2a: Great Tusk|98/100|[from] Stealth Rock
|-activate|p2a: Great Tusk|ability: Protosynthesis
|-start|p2a: Great Tusk|protosynthesisspe
|move|p1a: Cinderace|Pyro Ball|p2a: Great Tusk
|-damage|p2a: Great Tusk|21/100
|-status|p2a: Great Tusk|brn
|
|-weather|SunnyDay|[upkeep]
|-heal|p2a: Great Tusk|27/100 brn|[from] item: Leftovers
|-damage|p2a: Great Tusk|21/100 brn|[from] brn
|upkeep
|turn|5
|
|t:|1759032978
|move|p2a: Great Tusk|Rapid Spin|p1a: Cinderace
|-damage|p1a: Cinderace|79/100
|-boost|p2a: Great Tusk|spe|1
|-sideend|p2: ilom|Stealth Rock|[from] move: Rapid Spin|[of] p2a: Great Tusk
|move|p1a: Cinderace|Pyro Ball|p2a: Great Tusk
|-damage|p2a: Great Tusk|0 fnt
|faint|p2a: Great Tusk
|-end|p2a: Great Tusk|Protosynthesis|[silent]
|
|-weather|SunnyDay|[upkeep]
|upkeep
|j| narwhale37
|inactive|ilom has 90 seconds left.
|
|t:|1759033016
|switch|p2a: Samurott|Samurott-Hisui, M|100/100
|turn|6
|
|t:|1759033019
|move|p2a: Samurott|Ceaseless Edge|p1a: Cinderace
|-damage|p1a: Cinderace|18/100
|-sidestart|p1: Omari P|Spikes
|move|p1a: Cinderace|High Jump Kick|p2a: Samurott
|-start|p1a: Cinderace|typechange|Fighting|[from] ability: Libero
|-supereffective|p2a: Samurott
|-damage|p2a: Samurott|0 fnt
|faint|p2a: Samurott
|
|-weather|SunnyDay|[upkeep]
|upkeep
|
|t:|1759033023
|switch|p2a: Tornadus|Tornadus-Therian, M|88/100
|turn|7
|inactive|ilom has 90 seconds left.
|inactive|ilom has 60 seconds left.
|
|t:|1759033073
|move|p2a: Tornadus|Heat Wave|p1a: Cinderace|[miss]
|-miss|p2a: Tornadus|p1a: Cinderace
|move|p1a: Cinderace|Pyro Ball|p2a: Tornadus
|-damage|p2a: Tornadus|7/100
|-status|p2a: Tornadus|brn
|
|-weather|SunnyDay|[upkeep]
|-damage|p2a: Tornadus|1/100 brn|[from] brn
|upkeep
|turn|8
|inactive|ilom has 60 seconds left.
|c|☆ilom|:/
|
|t:|1759033100
|move|p2a: Tornadus|Heat Wave|p1a: Cinderace
|-damage|p1a: Cinderace|0 fnt
|faint|p1a: Cinderace
|
|-weather|none
|-damage|p2a: Tornadus|0 fnt|[from] brn
|faint|p2a: Tornadus
|upkeep
|
|t:|1759033106
|switch|p2a: Slowking|Slowking-Galar, F|100/100
|switch|p1a: Volcanion|Volcanion|100/100
|-damage|p1a: Volcanion|88/100|[from] Spikes
|turn|9
|j| catarina valentine
|c|☆Omari P|i didnt sucker there
|c|☆Omari P|out of respect
|
|t:|1759033122
|move|p1a: Volcanion|Fire Blast|p2a: Slowking
|-damage|p2a: Slowking|58/100
|move|p2a: Slowking|Sludge Bomb|p1a: Volcanion
|-damage|p1a: Volcanion|38/100
|
|upkeep
|turn|10
|inactive|ilom has 60 seconds left.
|
|t:|1759033128
|move|p1a: Volcanion|Fire Blast|p2a: Slowking|[miss]
|-miss|p1a: Volcanion|p2a: Slowking
|move|p2a: Slowking|Sludge Bomb|p1a: Volcanion
|-damage|p1a: Volcanion|0 fnt
|faint|p1a: Volcanion
|
|upkeep
|
|t:|1759033130
|switch|p1a: Haku|Great Tusk, shiny|100/100
|-damage|p1a: Haku|88/100|[from] Spikes
|turn|11
|
|t:|1759033134
|switch|p2a: Sinistcha|Sinistcha|100/100
|move|p1a: Haku|Knock Off|p2a: Sinistcha
|-supereffective|p2a: Sinistcha
|-damage|p2a: Sinistcha|47/100
|-enditem|p2a: Sinistcha|Heavy-Duty Boots|[from] move: Knock Off|[of] p1a: Haku
|
|upkeep
|turn|12
|
|t:|1759033139
|-end|p1a: Haku|Protosynthesis|[silent]
|switch|p1a: Omari P Bird|Mandibuzz, F, shiny|100/100
|move|p2a: Sinistcha|Strength Sap|p1a: Omari P Bird
|-unboost|p1a: Omari P Bird|atk|1
|-heal|p2a: Sinistcha|82/100
|
|upkeep
|turn|13
|inactive|ilom has 90 seconds left.
|
|t:|1759033144
|switch|p2a: Tinkaton|Tinkaton, F|100/100
|-item|p2a: Tinkaton|Air Balloon
|move|p1a: Omari P Bird|Defog|p2a: Tinkaton
|-unboost|p2a: Tinkaton|evasion|1
|-sideend|p1: Omari P|Spikes|[from] move: Defog|[of] p1a: Omari P Bird
|
|upkeep
|turn|14
|
|t:|1759033148
|switch|p1a: Haku|Great Tusk, shiny|88/100
|move|p2a: Tinkaton|Stealth Rock|p1a: Haku
|-sidestart|p1: Omari P|move: Stealth Rock
|
|upkeep
|turn|15
|
|t:|1759033151
|move|p1a: Haku|Close Combat|p2a: Tinkaton
|-damage|p2a: Tinkaton|15/100
|-unboost|p1a: Haku|def|1
|-unboost|p1a: Haku|spd|1
|-enditem|p2a: Tinkaton|Air Balloon
|-enditem|p1a: Haku|Choice Scarf|[silent]|[from] ability: Pickpocket|[of] p1a: Haku
|-item|p2a: Tinkaton|Choice Scarf|[from] ability: Pickpocket|[of] p1a: Haku
|move|p2a: Tinkaton|Gigaton Hammer|p1a: Haku
|-damage|p1a: Haku|44/100
|
|upkeep
|turn|16
|
|t:|1759033161
|switch|p2a: Sinistcha|Sinistcha|82/100
|move|p1a: Haku|Knock Off|p2a: Sinistcha
|-supereffective|p2a: Sinistcha
|-damage|p2a: Sinistcha|50/100
|
|upkeep
|turn|17
|
|t:|1759033167
|-end|p1a: Haku|Protosynthesis|[silent]
|switch|p1a: Chihiro|Fezandipiti, M|100/100
|-damage|p1a: Chihiro|88/100|[from] Stealth Rock
|move|p2a: Sinistcha|Strength Sap|p1a: Chihiro
|-unboost|p1a: Chihiro|atk|1
|-heal|p2a: Sinistcha|98/100
|
|-heal|p1a: Chihiro|94/100|[from] item: Leftovers
|upkeep
|turn|18
|inactive|ilom has 120 seconds left.
|
|t:|1759033181
|switch|p2a: Tinkaton|Tinkaton, F|15/100
|move|p1a: Chihiro|Nasty Plot|p1a: Chihiro
|-boost|p1a: Chihiro|spa|2
|
|-heal|p1a: Chihiro|99/100|[from] item: Leftovers
|upkeep
|turn|19
|inactive|ilom has 120 seconds left.
|
|t:|1759033192
|switch|p1a: Omari P Bird|Mandibuzz, F, shiny|100/100
|-damage|p1a: Omari P Bird|76/100|[from] Stealth Rock
|move|p2a: Tinkaton|Encore||[still]
|-fail|p2a: Tinkaton
|
|upkeep
|turn|20
|
|t:|1759033199
|switch|p2a: Slowking|Slowking-Galar, F|91/100
|move|p1a: Omari P Bird|Foul Play|p2a: Slowking
|-supereffective|p2a: Slowking
|-damage|p2a: Slowking|58/100
|
|upkeep
|turn|21
|
|t:|1759033203
|move|p1a: Omari P Bird|Foul Play|p2a: Slowking
|-supereffective|p2a: Slowking
|-damage|p2a: Slowking|23/100
|move|p2a: Slowking|Ice Beam|p1a: Omari P Bird
|-supereffective|p1a: Omari P Bird
|-damage|p1a: Omari P Bird|27/100
|-status|p1a: Omari P Bird|frz
|
|upkeep
|turn|22
|
|t:|1759033210
|-curestatus|p1a: Omari P Bird|frz|[msg]
|move|p1a: Omari P Bird|Foul Play|p2a: Slowking
|-supereffective|p2a: Slowking
|-damage|p2a: Slowking|0 fnt
|faint|p2a: Slowking
|
|upkeep
|
|t:|1759033216
|switch|p2a: Sinistcha|Sinistcha|98/100
|turn|23
|
|t:|1759033220
|-terastallize|p2a: Sinistcha|Poison
|move|p1a: Omari P Bird|Toxic|p2a: Sinistcha
|-immune|p2a: Sinistcha
|move|p2a: Sinistcha|Calm Mind|p2a: Sinistcha
|-boost|p2a: Sinistcha|spa|1
|-boost|p2a: Sinistcha|spd|1
|
|upkeep
|turn|24
|
|t:|1759033226
|switch|p1a: Chihiro|Fezandipiti, M|99/100
|-damage|p1a: Chihiro|88/100|[from] Stealth Rock
|move|p2a: Sinistcha|Calm Mind|p2a: Sinistcha
|-boost|p2a: Sinistcha|spa|1
|-boost|p2a: Sinistcha|spd|1
|
|-heal|p1a: Chihiro|94/100|[from] item: Leftovers
|upkeep
|turn|25
|
|t:|1759033228
|move|p1a: Chihiro|Nasty Plot|p1a: Chihiro
|-boost|p1a: Chihiro|spa|2
|move|p2a: Sinistcha|Shadow Ball|p1a: Chihiro
|-damage|p1a: Chihiro|42/100
|
|-heal|p1a: Chihiro|48/100|[from] item: Leftovers
|upkeep
|turn|26
|
|t:|1759033233
|-terastallize|p1a: Chihiro|Ground
|move|p1a: Chihiro|Tera Blast|p2a: Sinistcha|[anim] Tera Blast Ground
|-supereffective|p2a: Sinistcha
|-damage|p2a: Sinistcha|32/100
|move|p2a: Sinistcha|Shadow Ball|p1a: Chihiro
|-damage|p1a: Chihiro|3/100
|
|-heal|p1a: Chihiro|9/100|[from] item: Leftovers
|upkeep
|turn|27
|c|☆Omari P|gg
|c|☆ilom|gg
|-message|ilom forfeited.
|
|win|Omari P
|raw|Omari P's rating: 1800 &rarr; <strong>1827</strong><br />(+27 for winning)
|raw|ilom's rating: 1924 &rarr; <strong>1897</strong><br />(-27 for losing)
|l|☆ilom
|player|p2|
|l| cryyysneasel
|j| cryyysneasel
|l| cryyysneasel
|l| catarina valentine
|l| MasterHR
