|j|☆yuwozouba
|j|☆sowola
|t:|1758954827
|gametype|singles
|player|p1|yuwozouba|169|1261
|player|p2|sowola|169|1234
|gen|9
|tier|[Gen 9] OU
|rated|
|rule|HP Percentage Mod: HP is shown in percentages
|rule|Endless Battle Clause: Forcing endless battles is banned
|rule|Species Clause: Limit one of each Pokémon
|rule|OHKO Clause: OHKO moves are banned
|rule|Evasion Items Clause: Evasion items are banned
|rule|Evasion Moves Clause: Evasion moves are banned
|rule|Evasion Abilities Clause: Evasion abilities are banned
|rule|Sleep Moves Clause: Sleep-inducing moves are banned
|clearpoke
|poke|p1|Iron Crown|
|poke|p1|Great Tusk|
|poke|p1|Landorus-Therian, M|
|poke|p1|Ogerpon-Wellspring, F|
|poke|p1|Samurott-Hisui, M|
|poke|p1|Pecharunt|
|poke|p2|Moltres-Galar|
|poke|p2|Skeledirge, F|
|poke|p2|Glimmora, M|
|poke|p2|Ursaring, M|
|poke|p2|Slowking, F|
|poke|p2|Zamazenta-*|
|teampreview
|
|t:|1758954846
|teamsize|p1|6
|teamsize|p2|6
|start
|switch|p1a: Great Tusk|Great Tusk|100/100
|switch|p2a: Ursaring|Ursaring, M, shiny|100/100
|-enditem|p1a: Great Tusk|Booster Energy
|-activate|p1a: Great Tusk|ability: Protosynthesis|[fromitem]
|-start|p1a: Great Tusk|protosynthesisspe
|turn|1
|inactive|Battle timer is ON: inactive players will automatically lose when time's up. (requested by sowola)
|
|t:|1758954859
|-terastallize|p2a: Ursaring|Fairy
|move|p1a: Great Tusk|Stealth Rock|p2a: Ursaring
|-sidestart|p2: sowola|move: Stealth Rock
|move|p2a: Ursaring|Bulk Up|p2a: Ursaring
|-boost|p2a: Ursaring|atk|1
|-boost|p2a: Ursaring|def|1
|
|upkeep
|turn|2
|
|t:|1758954870
|-end|p1a: Great Tusk|Protosynthesis|[silent]
|switch|p1a: Pecharunt|Pecharunt|100/100
|move|p2a: Ursaring|Bulk Up|p2a: Ursaring
|-boost|p2a: Ursaring|atk|1
|-boost|p2a: Ursaring|def|1
|
|upkeep
|turn|3
|
|t:|1758954878
|move|p1a: Pecharunt|Malignant Chain|p2a: Ursaring
|-supereffective|p2a: Ursaring
|-damage|p2a: Ursaring|61/100
|move|p2a: Ursaring|Bulk Up|p2a: Ursaring
|-boost|p2a: Ursaring|atk|1
|-boost|p2a: Ursaring|def|1
|
|upkeep
|turn|4
|
|t:|1758954885
|move|p1a: Pecharunt|Malignant Chain|p2a: Ursaring
|-supereffective|p2a: Ursaring
|-damage|p2a: Ursaring|24/100
|move|p2a: Ursaring|Earthquake|p1a: Pecharunt
|-supereffective|p1a: Pecharunt
|-damage|p1a: Pecharunt|39/100
|
|upkeep
|turn|5
|
|t:|1758954891
|move|p1a: Pecharunt|Malignant Chain|p2a: Ursaring
|-supereffective|p2a: Ursaring
|-damage|p2a: Ursaring|0 fnt
|faint|p2a: Ursaring
|
|upkeep
|
|t:|1758954896
|switch|p2a: Glimmora|Glimmora, M, shiny|100/100
|-damage|p2a: Glimmora|88/100|[from] Stealth Rock
|turn|6
|
|t:|1758954905
|move|p1a: Pecharunt|Recover|p1a: Pecharunt
|-heal|p1a: Pecharunt|89/100
|move|p2a: Glimmora|Mortal Spin|p1a: Pecharunt
|-resisted|p1a: Pecharunt
|-damage|p1a: Pecharunt|89/100
|-damage|p2a: Glimmora|72/100|[from] item: Rocky Helmet|[of] p1a: Pecharunt
|-sideend|p2: sowola|Stealth Rock|[from] move: Mortal Spin|[of] p2a: Glimmora
|
|-heal|p2a: Glimmora|78/100|[from] item: Black Sludge
|upkeep
|turn|7
|
|t:|1758954918
|move|p1a: Pecharunt|Parting Shot|p2a: Glimmora
|-unboost|p2a: Glimmora|atk|1
|-unboost|p2a: Glimmora|spa|1
|
|t:|1758954924
|switch|p1a: Iron Crown|Iron Crown|100/100|[from] Parting Shot
|move|p2a: Glimmora|Power Gem|p1a: Iron Crown
|-resisted|p1a: Iron Crown
|-damage|p1a: Iron Crown|89/100
|
|-heal|p2a: Glimmora|84/100|[from] item: Black Sludge
|upkeep
|turn|8
|
|t:|1758954933
|switch|p2a: Skeledirge|Skeledirge, F, shiny|100/100
|move|p1a: Iron Crown|Tachyon Cutter|p2a: Skeledirge
|-resisted|p2a: Skeledirge
|-damage|p2a: Skeledirge|84/100
|-resisted|p2a: Skeledirge
|-damage|p2a: Skeledirge|68/100
|-hitcount|p2a: Skeledirge|2
|
|-heal|p2a: Skeledirge|75/100|[from] item: Leftovers
|upkeep
|turn|9
|
|t:|1758954943
|-end|p1a: Iron Crown|Quark Drive|[silent]
|switch|p1a: Samurott|Samurott-Hisui, M|100/100
|move|p2a: Skeledirge|Torch Song|p1a: Samurott
|-resisted|p1a: Samurott
|-damage|p1a: Samurott|88/100
|-boost|p2a: Skeledirge|spa|1
|
|-heal|p2a: Skeledirge|81/100|[from] item: Leftovers
|upkeep
|turn|10
|
|t:|1758954953
|switch|p2a: Zamazenta|Zamazenta, shiny|100/100
|-ability|p2a: Zamazenta|Dauntless Shield|boost
|-boost|p2a: Zamazenta|def|1
|move|p1a: Samurott|Ceaseless Edge|p2a: Zamazenta
|-resisted|p2a: Zamazenta
|-damage|p2a: Zamazenta|89/100
|-sidestart|p2: sowola|Spikes
|
|-heal|p2a: Zamazenta|95/100|[from] item: Leftovers
|upkeep
|turn|11
|
|t:|1758954963
|switch|p1a: Pecharunt|Pecharunt|89/100
|move|p2a: Zamazenta|Iron Defense|p2a: Zamazenta
|-boost|p2a: Zamazenta|def|2
|
|-heal|p2a: Zamazenta|100/100|[from] item: Leftovers
|upkeep
|turn|12
|
|t:|1758954970
|move|p2a: Zamazenta|Crunch|p1a: Pecharunt
|-supereffective|p1a: Pecharunt
|-damage|p1a: Pecharunt|59/100
|-unboost|p1a: Pecharunt|def|1
|-damage|p2a: Zamazenta|84/100|[from] item: Rocky Helmet|[of] p1a: Pecharunt
|move|p1a: Pecharunt|Malignant Chain|p2a: Zamazenta
|-damage|p2a: Zamazenta|60/100
|
|-heal|p2a: Zamazenta|66/100|[from] item: Leftovers
|upkeep
|turn|13
|
|t:|1758954980
|move|p2a: Zamazenta|Crunch|p1a: Pecharunt
|-supereffective|p1a: Pecharunt
|-damage|p1a: Pecharunt|22/100
|-damage|p2a: Zamazenta|49/100|[from] item: Rocky Helmet|[of] p1a: Pecharunt
|move|p1a: Pecharunt|Malignant Chain|p2a: Zamazenta
|-damage|p2a: Zamazenta|27/100
|-status|p2a: Zamazenta|tox
|-start|p2a: Zamazenta|confusion|[from] ability: Poison Puppeteer|[of] p1a: Pecharunt
|
|-heal|p2a: Zamazenta|33/100 tox|[from] item: Leftovers
|-damage|p2a: Zamazenta|27/100 tox|[from] psn
|upkeep
|turn|14
|
|t:|1758954992
|-activate|p2a: Zamazenta|confusion
|move|p2a: Zamazenta|Crunch|p1a: Pecharunt
|-supereffective|p1a: Pecharunt
|-damage|p1a: Pecharunt|0 fnt
|-damage|p2a: Zamazenta|11/100 tox|[from] item: Rocky Helmet|[of] p1a: Pecharunt
|faint|p1a: Pecharunt
|
|-heal|p2a: Zamazenta|17/100 tox|[from] item: Leftovers
|-damage|p2a: Zamazenta|4/100 tox|[from] psn
|upkeep
|
|t:|1758955010
|switch|p1a: Samurott|Samurott-Hisui, M|88/100
|turn|15
|
|t:|1758955015
|move|p1a: Samurott|Aqua Jet|p2a: Zamazenta
|-damage|p2a: Zamazenta|0 fnt
|faint|p2a: Zamazenta
|
|upkeep
|
|t:|1758955022
|switch|p2a: Moltres|Moltres-Galar, shiny|100/100
|turn|16
|
|t:|1758955034
|move|p1a: Samurott|Ceaseless Edge|p2a: Moltres
|-resisted|p2a: Moltres
|-damage|p2a: Moltres|83/100
|-sidestart|p2: sowola|Spikes
|move|p2a: Moltres|Nasty Plot|p2a: Moltres
|-boost|p2a: Moltres|spa|2
|
|-heal|p2a: Moltres|89/100|[from] item: Leftovers
|upkeep
|turn|17
|
|t:|1758955047
|move|p1a: Samurott|Flip Turn|p2a: Moltres
|-damage|p2a: Moltres|64/100
|
|t:|1758955053
|switch|p1a: Great Tusk|Great Tusk|100/100|[from] Flip Turn
|move|p2a: Moltres|Nasty Plot|p2a: Moltres
|-boost|p2a: Moltres|spa|2
|
|-heal|p2a: Moltres|70/100|[from] item: Leftovers
|upkeep
|turn|18
|
|t:|1758955067
|move|p1a: Great Tusk|Ice Spinner|p2a: Moltres
|-supereffective|p2a: Moltres
|-damage|p2a: Moltres|32/100
|-ability|p2a: Moltres|Berserk|boost
|-boost|p2a: Moltres|spa|1
|move|p2a: Moltres|Air Slash|p1a: Great Tusk
|-supereffective|p1a: Great Tusk
|-damage|p1a: Great Tusk|0 fnt
|faint|p1a: Great Tusk
|-end|p1a: Great Tusk|Protosynthesis|[silent]
|
|-heal|p2a: Moltres|39/100|[from] item: Leftovers
|upkeep
|
|t:|1758955081
|switch|p1a: Iron Crown|Iron Crown|89/100
|turn|19
|
|t:|1758955084
|move|p1a: Iron Crown|Volt Switch|p2a: Moltres
|-supereffective|p2a: Moltres
|-damage|p2a: Moltres|0 fnt
|faint|p2a: Moltres
|
|t:|1758955087
|-end|p1a: Iron Crown|Quark Drive|[silent]
|switch|p1a: Landorus|Landorus-Therian, M|100/100|[from] Volt Switch
|
|upkeep
|
|t:|1758955092
|switch|p2a: Slowking|Slowking, F, shiny|100/100
|-damage|p2a: Slowking|84/100|[from] Spikes
|turn|20
|
|t:|1758955098
|move|p1a: Landorus|U-turn|p2a: Slowking
|-supereffective|p2a: Slowking
|-damage|p2a: Slowking|32/100
|
|t:|1758955101
|switch|p1a: Samurott|Samurott-Hisui, M|88/100|[from] U-turn
|move|p2a: Slowking|Nasty Plot|p2a: Slowking
|-boost|p2a: Slowking|spa|2
|
|upkeep
|turn|21
|-message|sowola forfeited.
|
|win|yuwozouba
|raw|yuwozouba's rating: 1261 &rarr; <strong>1284</strong><br />(+23 for winning)
|raw|sowola's rating: 1234 &rarr; <strong>1211</strong><br />(-23 for losing)
|l|☆sowola
|player|p2|
|l|☆yuwozouba
|player|p1|
