|j|☆Azunail
|j|☆jefc
|t:|1758980894
|gametype|singles
|player|p1|Azunail|yellow|1541
|player|p2|jefc|102|1527
|gen|9
|tier|[Gen 9] OU
|rated|
|rule|HP Percentage Mod: HP is shown in percentages
|rule|Endless Battle Clause: Forcing endless battles is banned
|rule|Species Clause: Limit one of each Pokémon
|rule|OHKO Clause: OHKO moves are banned
|rule|Evasion Items Clause: Evasion items are banned
|rule|Evasion Moves Clause: Evasion moves are banned
|rule|Evasion Abilities Clause: Evasion abilities are banned
|rule|Sleep Moves Clause: Sleep-inducing moves are banned
|clearpoke
|poke|p1|Snorlax, F|
|poke|p1|Gholdengo|
|poke|p1|Landorus-Therian, M|
|poke|p1|Zamazenta-*|
|poke|p1|Rillaboom, M|
|poke|p1|Dragonite, F|
|poke|p2|Zamazenta-*|
|poke|p2|Rillaboom, M|
|poke|p2|Serperior, M|
|poke|p2|Raging Bolt|
|poke|p2|Heatran, F|
|poke|p2|Great Tusk|
|teampreview
|
|t:|1758980912
|teamsize|p1|6
|teamsize|p2|6
|start
|switch|p1a: Rillaboom|Rillaboom, M|100/100
|switch|p2a: Heatran|Heatran, F|100/100
|-fieldstart|move: Grassy Terrain|[from] ability: Grassy Surge|[of] p1a: Rillaboom
|-item|p2a: Heatran|Air Balloon
|turn|1
|inactive|Battle timer is ON: inactive players will automatically lose when time's up. (requested by jefc)
|
|t:|1758980927
|move|p1a: Rillaboom|U-turn|p2a: Heatran
|-resisted|p2a: Heatran
|-damage|p2a: Heatran|93/100
|-status|p1a: Rillaboom|brn|[from] ability: Flame Body|[of] p2a: Heatran
|-enditem|p2a: Heatran|Air Balloon
|
|t:|1758980936
|switch|p1a: Dragonite|Dragonite, F|100/100|[from] U-turn
|move|p2a: Heatran|Will-O-Wisp|p1a: Dragonite|[miss]
|-miss|p2a: Heatran|p1a: Dragonite
|
|-heal|p2a: Heatran|99/100|[from] Grassy Terrain
|upkeep
|turn|2
|
|t:|1758980951
|switch|p1a: Snorlax|Snorlax, F, shiny|100/100
|move|p2a: Heatran|Will-O-Wisp|p1a: Snorlax
|-status|p1a: Snorlax|brn
|
|-heal|p2a: Heatran|100/100|[from] Grassy Terrain
|-damage|p1a: Snorlax|94/100 brn|[from] brn
|upkeep
|turn|3
|
|t:|1758980957
|switch|p2a: Zamazenta|Zamazenta|100/100
|-ability|p2a: Zamazenta|Dauntless Shield|boost
|-boost|p2a: Zamazenta|def|1
|move|p1a: Snorlax|Curse|p1a: Snorlax
|-unboost|p1a: Snorlax|spe|1
|-boost|p1a: Snorlax|atk|1
|-boost|p1a: Snorlax|def|1
|
|-heal|p1a: Snorlax|100/100 brn|[from] Grassy Terrain
|-damage|p1a: Snorlax|94/100 brn|[from] brn
|upkeep
|turn|4
|
|t:|1758980972
|switch|p1a: Gholdengo|Gholdengo|100/100
|move|p2a: Zamazenta|Close Combat|p1a: Gholdengo
|-immune|p1a: Gholdengo
|
|upkeep
|turn|5
|
|t:|1758980984
|switch|p2a: Heatran|Heatran, F|100/100
|move|p1a: Gholdengo|Make It Rain|p2a: Heatran
|-resisted|p2a: Heatran
|-damage|p2a: Heatran|89/100
|-unboost|p1a: Gholdengo|spa|1
|
|-heal|p2a: Heatran|95/100|[from] Grassy Terrain
|-fieldend|move: Grassy Terrain
|upkeep
|turn|6
|
|t:|1758980994
|switch|p1a: Landorus|Landorus-Therian, M|100/100
|-ability|p1a: Landorus|Intimidate|boost
|-unboost|p2a: Heatran|atk|1
|move|p2a: Heatran|Magma Storm|p1a: Landorus|[miss]
|-miss|p2a: Heatran|p1a: Landorus
|
|upkeep
|turn|7
|
|t:|1758981000
|switch|p2a: Rillaboom|Rillaboom, M|100/100
|-fieldstart|move: Grassy Terrain|[from] ability: Grassy Surge|[of] p2a: Rillaboom
|move|p1a: Landorus|Stealth Rock|p2a: Rillaboom
|-sidestart|p2: jefc|move: Stealth Rock
|
|upkeep
|turn|8
|
|t:|1758981007
|move|p1a: Landorus|U-turn|p2a: Rillaboom
|-supereffective|p2a: Rillaboom
|-damage|p2a: Rillaboom|60/100
|
|t:|1758981012
|switch|p1a: Rillaboom|Rillaboom, M|100/100 brn|[from] U-turn
|move|p2a: Rillaboom|U-turn|p1a: Rillaboom
|-supereffective|p1a: Rillaboom
|-damage|p1a: Rillaboom|44/100 brn
|
|t:|1758981025
|switch|p2a: Serperior|Serperior, M|100/100|[from] U-turn
|-damage|p2a: Serperior|88/100|[from] Stealth Rock
|
|-heal|p2a: Serperior|94/100|[from] Grassy Terrain
|-heal|p1a: Rillaboom|50/100 brn|[from] Grassy Terrain
|-damage|p1a: Rillaboom|44/100 brn|[from] brn
|upkeep
|turn|9
|
|t:|1758981038
|move|p2a: Serperior|Leaf Storm|p1a: Rillaboom
|-resisted|p1a: Rillaboom
|-damage|p1a: Rillaboom|0 fnt
|-boost|p2a: Serperior|spa|2
|faint|p1a: Rillaboom
|
|-heal|p2a: Serperior|99/100|[from] Grassy Terrain
|upkeep
|
|t:|1758981052
|switch|p1a: Dragonite|Dragonite, F|100/100
|turn|10
|
|t:|1758981057
|move|p2a: Serperior|Leaf Storm|p1a: Dragonite
|-resisted|p1a: Dragonite
|-damage|p1a: Dragonite|82/100
|-boost|p2a: Serperior|spa|2
|move|p1a: Dragonite|Ice Spinner|p2a: Serperior
|-supereffective|p2a: Serperior
|-damage|p2a: Serperior|29/100
|-fieldend|move: Grassy Terrain
|
|upkeep
|turn|11
|
|t:|1758981067
|switch|p2a: Heatran|Heatran, F|95/100
|-damage|p2a: Heatran|82/100|[from] Stealth Rock
|move|p1a: Dragonite|Extreme Speed|p2a: Heatran
|-resisted|p2a: Heatran
|-damage|p2a: Heatran|72/100
|-status|p1a: Dragonite|brn|[from] ability: Flame Body|[of] p2a: Heatran
|
|-damage|p1a: Dragonite|76/100 brn|[from] brn
|upkeep
|turn|12
|
|t:|1758981077
|move|p1a: Dragonite|Earthquake|p2a: Heatran
|-supereffective|p2a: Heatran
|-damage|p2a: Heatran|13/100
|move|p2a: Heatran|Stealth Rock|p1a: Dragonite
|-sidestart|p1: Azunail|move: Stealth Rock
|
|-damage|p1a: Dragonite|70/100 brn|[from] brn
|upkeep
|turn|13
|
|t:|1758981086
|switch|p1a: Snorlax|Snorlax, F, shiny|94/100 brn
|-damage|p1a: Snorlax|82/100 brn|[from] Stealth Rock
|switch|p2a: Great Tusk|Great Tusk|100/100
|-damage|p2a: Great Tusk|98/100|[from] Stealth Rock
|-enditem|p2a: Great Tusk|Booster Energy
|-activate|p2a: Great Tusk|ability: Protosynthesis|[fromitem]
|-start|p2a: Great Tusk|protosynthesisatk
|
|-heal|p1a: Snorlax|88/100 brn|[from] item: Leftovers
|-damage|p1a: Snorlax|82/100 brn|[from] brn
|upkeep
|turn|14
|
|t:|1758981096
|switch|p1a: Dragonite|Dragonite, F|70/100 brn
|move|p2a: Great Tusk|Headlong Rush|p1a: Dragonite
|-immune|p1a: Dragonite
|
|-damage|p1a: Dragonite|64/100 brn|[from] brn
|upkeep
|turn|15
|
|t:|1758981101
|move|p2a: Great Tusk|Rapid Spin|p1a: Dragonite
|-damage|p1a: Dragonite|41/100 brn
|-boost|p2a: Great Tusk|spe|1
|-sideend|p2: jefc|Stealth Rock|[from] move: Rapid Spin|[of] p2a: Great Tusk
|move|p1a: Dragonite|Ice Spinner|p2a: Great Tusk
|-supereffective|p2a: Great Tusk
|-damage|p2a: Great Tusk|74/100
|
|-damage|p1a: Dragonite|35/100 brn|[from] brn
|upkeep
|turn|16
|
|t:|1758981117
|move|p2a: Great Tusk|Head Smash|p1a: Dragonite
|-supereffective|p1a: Dragonite
|-damage|p1a: Dragonite|0 fnt
|faint|p1a: Dragonite
|-damage|p2a: Great Tusk|59/100|[from] Recoil
|
|upkeep
|
|t:|1758981121
|switch|p1a: Landorus|Landorus-Therian, M|100/100
|-damage|p1a: Landorus|88/100|[from] Stealth Rock
|-ability|p1a: Landorus|Intimidate|boost
|-unboost|p2a: Great Tusk|atk|1
|turn|17
|
|t:|1758981136
|-end|p2a: Great Tusk|Protosynthesis|[silent]
|switch|p2a: Rillaboom|Rillaboom, M|60/100
|-fieldstart|move: Grassy Terrain|[from] ability: Grassy Surge|[of] p2a: Rillaboom
|move|p1a: Landorus|Earth Power|p2a: Rillaboom
|-resisted|p2a: Rillaboom
|-damage|p2a: Rillaboom|39/100
|
|-heal|p2a: Rillaboom|45/100|[from] Grassy Terrain
|upkeep
|turn|18
|
|t:|1758981145
|move|p2a: Rillaboom|Grassy Glide|p1a: Landorus
|-damage|p1a: Landorus|49/100
|-damage|p2a: Rillaboom|28/100|[from] item: Rocky Helmet|[of] p1a: Landorus
|move|p1a: Landorus|Stealth Rock|p2a: Rillaboom
|-sidestart|p2: jefc|move: Stealth Rock
|
|-heal|p2a: Rillaboom|34/100|[from] Grassy Terrain
|upkeep
|turn|19
|j| a6ni
|
|t:|1758981154
|move|p2a: Rillaboom|Grassy Glide|p1a: Landorus
|-damage|p1a: Landorus|11/100
|-damage|p2a: Rillaboom|18/100|[from] item: Rocky Helmet|[of] p1a: Landorus
|move|p1a: Landorus|U-turn|p2a: Rillaboom
|-supereffective|p2a: Rillaboom
|-damage|p2a: Rillaboom|0 fnt
|faint|p2a: Rillaboom
|l| a6ni
|
|t:|1758981161
|switch|p1a: Gholdengo|Gholdengo|100/100|[from] U-turn
|-damage|p1a: Gholdengo|94/100|[from] Stealth Rock
|
|-heal|p1a: Gholdengo|100/100|[from] Grassy Terrain
|upkeep
|
|t:|1758981168
|switch|p2a: Raging Bolt|Raging Bolt|100/100
|-damage|p2a: Raging Bolt|88/100|[from] Stealth Rock
|turn|20
|
|t:|1758981177
|move|p1a: Gholdengo|Trick|p2a: Raging Bolt
|-activate|p1a: Gholdengo|move: Trick|[of] p2a: Raging Bolt
|-item|p2a: Raging Bolt|Choice Scarf|[from] move: Trick
|-item|p1a: Gholdengo|Leftovers|[from] move: Trick
|move|p2a: Raging Bolt|Calm Mind|p2a: Raging Bolt
|-boost|p2a: Raging Bolt|spa|1
|-boost|p2a: Raging Bolt|spd|1
|
|-heal|p2a: Raging Bolt|94/100|[from] Grassy Terrain
|upkeep
|turn|21
|
|t:|1758981185
|-end|p2a: Raging Bolt|Protosynthesis|[silent]
|switch|p2a: Heatran|Heatran, F|13/100
|-damage|p2a: Heatran|0 fnt|[from] Stealth Rock
|faint|p2a: Heatran
|move|p1a: Gholdengo|Shadow Ball|p2: Heatran|[notarget]
|-fail|p1a: Gholdengo
|
|upkeep
|
|t:|1758981192
|switch|p2a: Great Tusk|Great Tusk|59/100
|-damage|p2a: Great Tusk|56/100|[from] Stealth Rock
|turn|22
|
|t:|1758981199
|switch|p1a: Landorus|Landorus-Therian, M|11/100
|-damage|p1a: Landorus|0 fnt|[from] Stealth Rock
|faint|p1a: Landorus
|move|p2a: Great Tusk|Rapid Spin|p1: Landorus|[notarget]
|-fail|p2a: Great Tusk
|
|-heal|p2a: Great Tusk|62/100|[from] Grassy Terrain
|upkeep
|
|t:|1758981208
|switch|p1a: Zamazenta|Zamazenta|100/100
|-damage|p1a: Zamazenta|94/100|[from] Stealth Rock
|-ability|p1a: Zamazenta|Dauntless Shield|boost
|-boost|p1a: Zamazenta|def|1
|turn|23
|
|t:|1758981221
|-end|p2a: Great Tusk|Protosynthesis|[silent]
|switch|p2a: Raging Bolt|Raging Bolt|94/100
|-damage|p2a: Raging Bolt|82/100|[from] Stealth Rock
|move|p1a: Zamazenta|Iron Defense|p1a: Zamazenta
|-boost|p1a: Zamazenta|def|2
|
|-heal|p1a: Zamazenta|100/100|[from] Grassy Terrain
|-heal|p2a: Raging Bolt|88/100|[from] Grassy Terrain
|upkeep
|turn|24
|
|t:|1758981234
|move|p1a: Zamazenta|Body Press|p2a: Raging Bolt
|-damage|p2a: Raging Bolt|34/100
|move|p2a: Raging Bolt|Thunderbolt|p1a: Zamazenta
|-damage|p1a: Zamazenta|67/100
|
|-heal|p1a: Zamazenta|73/100|[from] Grassy Terrain
|-heal|p1a: Zamazenta|79/100|[from] item: Leftovers
|-heal|p2a: Raging Bolt|40/100|[from] Grassy Terrain
|-fieldend|move: Grassy Terrain
|upkeep
|turn|25
|
|t:|1758981239
|move|p1a: Zamazenta|Body Press|p2a: Raging Bolt
|-damage|p2a: Raging Bolt|0 fnt
|faint|p2a: Raging Bolt
|-end|p2a: Raging Bolt|Protosynthesis|[silent]
|
|-heal|p1a: Zamazenta|86/100|[from] item: Leftovers
|upkeep
|
|t:|1758981243
|switch|p2a: Serperior|Serperior, M|29/100
|-damage|p2a: Serperior|17/100|[from] Stealth Rock
|turn|26
|
|t:|1758981262
|move|p2a: Serperior|Leaf Storm|p1a: Zamazenta
|-damage|p1a: Zamazenta|48/100
|-boost|p2a: Serperior|spa|2
|move|p1a: Zamazenta|Body Press|p2a: Serperior
|-damage|p2a: Serperior|0 fnt
|faint|p2a: Serperior
|
|-heal|p1a: Zamazenta|54/100|[from] item: Leftovers
|upkeep
|
|t:|1758981265
|switch|p2a: Zamazenta|Zamazenta|100/100
|-damage|p2a: Zamazenta|94/100|[from] Stealth Rock
|turn|27
|
|t:|1758981269
|move|p2a: Zamazenta|Close Combat|p1a: Zamazenta
|-damage|p1a: Zamazenta|24/100
|-unboost|p2a: Zamazenta|def|1
|-unboost|p2a: Zamazenta|spd|1
|move|p1a: Zamazenta|Iron Defense|p1a: Zamazenta
|-boost|p1a: Zamazenta|def|2
|
|-heal|p1a: Zamazenta|31/100|[from] item: Leftovers
|upkeep
|turn|28
|
|t:|1758981276
|move|p1a: Zamazenta|Body Press|p2a: Zamazenta
|-damage|p2a: Zamazenta|0 fnt
|faint|p2a: Zamazenta
|
|-heal|p1a: Zamazenta|37/100|[from] item: Leftovers
|upkeep
|
|t:|1758981279
|switch|p2a: Great Tusk|Great Tusk|62/100
|-damage|p2a: Great Tusk|60/100|[from] Stealth Rock
|turn|29
|
|t:|1758981284
|move|p1a: Zamazenta|Body Press|p2a: Great Tusk
|-damage|p2a: Great Tusk|0 fnt
|faint|p2a: Great Tusk
|-end|p2a: Great Tusk|Protosynthesis|[silent]
|
|win|Azunail
|raw|Azunail's rating: 1541 &rarr; <strong>1560</strong><br />(+19 for winning)
|raw|jefc's rating: 1527 &rarr; <strong>1508</strong><br />(-19 for losing)
|l|☆Azunail
|player|p1|
|l|☆jefc
|player|p2|
