|j|☆mestesso0
|j|☆Princessjosie1001!
|t:|1758999496
|gametype|singles
|player|p1|mestesso0|170|1396
|player|p2|Princessjosie1001!|nurse|1406
|gen|9
|tier|[Gen 9] OU
|rated|
|rule|HP Percentage Mod: HP is shown in percentages
|rule|Endless Battle Clause: Forcing endless battles is banned
|rule|Species Clause: Limit one of each Pokémon
|rule|OHKO Clause: OHKO moves are banned
|rule|Evasion Items Clause: Evasion items are banned
|rule|Evasion Moves Clause: Evasion moves are banned
|rule|Evasion Abilities Clause: Evasion abilities are banned
|rule|Sleep Moves Clause: Sleep-inducing moves are banned
|clearpoke
|poke|p1|Pecharunt|
|poke|p1|Great Tusk|
|poke|p1|Ogerpon-Wellspring, F|
|poke|p1|Iron Crown|
|poke|p1|Landorus-Therian, M|
|poke|p1|Samurott-Hisui, M|
|poke|p2|Yanmega, M|
|poke|p2|Cloyster, F|
|poke|p2|Salazzle, F|
|poke|p2|Espeon, F|
|poke|p2|Jirachi|
|poke|p2|Maushold-Four|
|teampreview
|inactive|Battle timer is ON: inactive players will automatically lose when time's up. (requested by mestesso0)
|
|t:|1758999515
|teamsize|p1|6
|teamsize|p2|6
|start
|switch|p1a: Samurott|Samurott-Hisui, M|100/100
|switch|p2a: Yanmega|Yanmega, M|100/100
|turn|1
|
|t:|1758999538
|move|p2a: Yanmega|Bug Buzz|p1a: Samurott
|-supereffective|p1a: Samurott
|-damage|p1a: Samurott|0 fnt
|faint|p1a: Samurott
|-damage|p2a: Yanmega|91/100|[from] item: Life Orb
|
|-ability|p2a: Yanmega|Speed Boost|boost
|-boost|p2a: Yanmega|spe|1
|upkeep
|inactive|mestesso0 has 120 seconds left.
|
|t:|1758999560
|switch|p1a: Landorus|Landorus-Therian, M|100/100
|-ability|p1a: Landorus|Intimidate|boost
|-unboost|p2a: Yanmega|atk|1
|turn|2
|inactive|mestesso0 has 120 seconds left.
|
|t:|1758999566
|move|p2a: Yanmega|Air Slash|p1a: Landorus
|-damage|p1a: Landorus|36/100
|-damage|p2a: Yanmega|81/100|[from] item: Life Orb
|move|p1a: Landorus|Stone Edge|p2a: Yanmega|[miss]
|-miss|p1a: Landorus|p2a: Yanmega
|
|-ability|p2a: Yanmega|Speed Boost|boost
|-boost|p2a: Yanmega|spe|1
|upkeep
|turn|3
|
|t:|1758999574
|move|p2a: Yanmega|Air Slash|p1a: Landorus
|-crit|p1a: Landorus
|-damage|p1a: Landorus|0 fnt
|faint|p1a: Landorus
|-damage|p2a: Yanmega|71/100|[from] item: Life Orb
|
|-ability|p2a: Yanmega|Speed Boost|boost
|-boost|p2a: Yanmega|spe|1
|upkeep
|inactive|mestesso0 has 120 seconds left.
|
|t:|1758999589
|switch|p1a: Pecharunt|Pecharunt|100/100
|turn|4
|
|t:|1758999594
|move|p2a: Yanmega|Air Slash|p1a: Pecharunt
|-damage|p1a: Pecharunt|47/100
|-damage|p2a: Yanmega|61/100|[from] item: Life Orb
|move|p1a: Pecharunt|Malignant Chain|p2a: Yanmega
|-damage|p2a: Yanmega|9/100
|-status|p2a: Yanmega|tox
|-start|p2a: Yanmega|confusion|[from] ability: Poison Puppeteer|[of] p1a: Pecharunt
|
|-damage|p2a: Yanmega|3/100 tox|[from] psn
|-ability|p2a: Yanmega|Speed Boost|boost
|-boost|p2a: Yanmega|spe|1
|upkeep
|turn|5
|
|t:|1758999607
|-activate|p2a: Yanmega|confusion
|-damage|p2a: Yanmega|0 fnt|[from] confusion
|faint|p2a: Yanmega
|move|p1a: Pecharunt|Recover|p1a: Pecharunt
|-heal|p1a: Pecharunt|97/100
|
|upkeep
|
|t:|1758999614
|switch|p2a: Salazzle|Salazzle, F|100/100
|turn|6
|
|t:|1758999621
|move|p2a: Salazzle|Toxic|p1a: Pecharunt
|-status|p1a: Pecharunt|tox
|move|p1a: Pecharunt|Parting Shot|p2a: Salazzle
|-unboost|p2a: Salazzle|atk|1
|-unboost|p2a: Salazzle|spa|1
|
|t:|1758999628
|switch|p1a: Great Tusk|Great Tusk|100/100|[from] Parting Shot
|-enditem|p1a: Great Tusk|Booster Energy
|-activate|p1a: Great Tusk|ability: Protosynthesis|[fromitem]
|-start|p1a: Great Tusk|protosynthesisspe
|
|upkeep
|turn|7
|
|t:|1758999643
|switch|p2a: No hazard allowed|Espeon, F|100/100
|move|p1a: Great Tusk|Stealth Rock|p2a: No hazard allowed
|move|p2a: No hazard allowed|Stealth Rock|p1a: Great Tusk|[from] ability: Magic Bounce
|-sidestart|p1: mestesso0|move: Stealth Rock
|
|upkeep
|turn|8
|
|t:|1758999651
|move|p2a: No hazard allowed|Psychic|p1a: Great Tusk
|-supereffective|p1a: Great Tusk
|-damage|p1a: Great Tusk|0 fnt
|faint|p1a: Great Tusk
|-end|p1a: Great Tusk|Protosynthesis|[silent]
|
|upkeep
|
|t:|1758999661
|switch|p1a: Iron Crown|Iron Crown|100/100
|-damage|p1a: Iron Crown|94/100|[from] Stealth Rock
|turn|9
|
|t:|1758999677
|switch|p2a: Jirachi|Jirachi|100/100
|-terastallize|p1a: Iron Crown|Steel
|move|p1a: Iron Crown|Tachyon Cutter|p2a: Jirachi
|-resisted|p2a: Jirachi
|-damage|p2a: Jirachi|75/100
|-resisted|p2a: Jirachi
|-damage|p2a: Jirachi|51/100
|-hitcount|p2a: Jirachi|2
|
|upkeep
|turn|10
|
|t:|1758999690
|move|p2a: Jirachi|Body Slam|p1a: Iron Crown
|-resisted|p1a: Iron Crown
|-damage|p1a: Iron Crown|81/100
|move|p1a: Iron Crown|Tachyon Cutter|p2a: Jirachi
|-resisted|p2a: Jirachi
|-damage|p2a: Jirachi|26/100
|-resisted|p2a: Jirachi
|-damage|p2a: Jirachi|2/100
|-hitcount|p2a: Jirachi|2
|
|upkeep
|turn|11
|
|t:|1758999699
|-end|p1a: Iron Crown|Quark Drive|[silent]
|switch|p1a: Pecharunt|Pecharunt|97/100 tox
|-damage|p1a: Pecharunt|85/100 tox|[from] Stealth Rock
|move|p2a: Jirachi|Body Slam|p1a: Pecharunt
|-immune|p1a: Pecharunt
|
|-damage|p1a: Pecharunt|79/100 tox|[from] psn
|upkeep
|turn|12
|
|t:|1758999713
|switch|p2a: Maushold|Maushold-Four|100/100
|move|p1a: Pecharunt|Foul Play|p2a: Maushold
|-damage|p2a: Maushold|62/100
|
|-damage|p1a: Pecharunt|67/100 tox|[from] psn
|upkeep
|turn|13
|
|t:|1758999723
|move|p2a: Maushold|Bite|p1a: Pecharunt
|-supereffective|p1a: Pecharunt
|-damage|p1a: Pecharunt|46/100 tox
|-damage|p2a: Maushold|45/100|[from] item: Rocky Helmet|[of] p1a: Pecharunt
|cant|p1a: Pecharunt|flinch
|
|-damage|p1a: Pecharunt|28/100 tox|[from] psn
|upkeep
|turn|14
|
|t:|1758999735
|move|p2a: Maushold|Tidy Up|p2a: Maushold
|-sideend|p1: mestesso0|Stealth Rock
|-activate|p2a: Maushold|move: Tidy Up
|-boost|p2a: Maushold|atk|1
|-boost|p2a: Maushold|spe|1
|move|p1a: Pecharunt|Recover|p1a: Pecharunt
|-heal|p1a: Pecharunt|78/100 tox
|
|-damage|p1a: Pecharunt|54/100 tox|[from] psn
|upkeep
|turn|15
|
|t:|1758999746
|move|p2a: Maushold|Bite|p1a: Pecharunt
|-supereffective|p1a: Pecharunt
|-damage|p1a: Pecharunt|22/100 tox
|-damage|p2a: Maushold|29/100|[from] item: Rocky Helmet|[of] p1a: Pecharunt
|move|p1a: Pecharunt|Foul Play|p2a: Maushold
|-damage|p2a: Maushold|0 fnt
|faint|p2a: Maushold
|
|-damage|p1a: Pecharunt|0 fnt|[from] psn
|faint|p1a: Pecharunt
|upkeep
|
|t:|1758999758
|switch|p2a: Salazzle|Salazzle, F|100/100
|switch|p1a: Iron Crown|Iron Crown, tera:Steel|81/100
|turn|16
|
|t:|1758999769
|move|p2a: Salazzle|Flamethrower|p1a: Iron Crown
|-supereffective|p1a: Iron Crown
|-crit|p1a: Iron Crown
|-damage|p1a: Iron Crown|0 fnt
|faint|p1a: Iron Crown
|-end|p1a: Iron Crown|Quark Drive|[silent]
|
|upkeep
|
|t:|1758999772
|switch|p1a: Ogerpon|Ogerpon-Wellspring, F|100/100
|turn|17
|
|t:|1758999779
|move|p2a: Salazzle|Toxic|p1a: Ogerpon
|-status|p1a: Ogerpon|tox
|move|p1a: Ogerpon|Ivy Cudgel|p2a: Salazzle|[anim] Ivy Cudgel Water
|-supereffective|p2a: Salazzle
|-enditem|p2a: Salazzle|Focus Sash
|-damage|p2a: Salazzle|1/100
|
|-damage|p1a: Ogerpon|94/100 tox|[from] psn
|upkeep
|turn|18
|
|t:|1758999788
|move|p2a: Salazzle|Agility|p2a: Salazzle
|-boost|p2a: Salazzle|spe|2
|move|p1a: Ogerpon|Trailblaze|p2a: Salazzle
|-resisted|p2a: Salazzle
|-damage|p2a: Salazzle|0 fnt
|-boost|p1a: Ogerpon|spe|1
|faint|p2a: Salazzle
|
|-damage|p1a: Ogerpon|82/100 tox|[from] psn
|upkeep
|
|t:|1758999799
|switch|p2a: Cloyster|Cloyster, F|100/100
|turn|19
|
|t:|1758999804
|move|p1a: Ogerpon|Trailblaze|p2a: Cloyster
|-supereffective|p2a: Cloyster
|-damage|p2a: Cloyster|51/100
|-boost|p1a: Ogerpon|spe|1
|move|p2a: Cloyster|Icicle Spear|p1a: Ogerpon
|-damage|p1a: Ogerpon|71/100 tox
|-damage|p1a: Ogerpon|60/100 tox
|-damage|p1a: Ogerpon|49/100 tox
|-damage|p1a: Ogerpon|37/100 tox
|-crit|p1a: Ogerpon
|-damage|p1a: Ogerpon|20/100 tox
|-hitcount|p1a: Ogerpon|5
|
|-damage|p1a: Ogerpon|2/100 tox|[from] psn
|upkeep
|turn|20
|
|t:|1758999818
|move|p1a: Ogerpon|Trailblaze|p2a: Cloyster
|-supereffective|p2a: Cloyster
|-damage|p2a: Cloyster|8/100
|-boost|p1a: Ogerpon|spe|1
|move|p2a: Cloyster|Shell Smash|p2a: Cloyster
|-unboost|p2a: Cloyster|def|1
|-unboost|p2a: Cloyster|spd|1
|-boost|p2a: Cloyster|atk|2
|-boost|p2a: Cloyster|spa|2
|-boost|p2a: Cloyster|spe|2
|
|-damage|p1a: Ogerpon|0 fnt|[from] psn
|faint|p1a: Ogerpon
|
|win|Princessjosie1001!
|raw|mestesso0's rating: 1396 &rarr; <strong>1377</strong><br />(-19 for losing)
|raw|Princessjosie1001!'s rating: 1406 &rarr; <strong>1425</strong><br />(+19 for winning)
|l|☆mestesso0
|player|p1|
|l|☆Princessjosie1001!
|player|p2|
