|j|☆mansonabuluting
|j|☆agc member
|t:|1759057965
|gametype|singles
|player|p1|mansonabuluting|bellelba|1652
|player|p2|agc member|brendan-e|1568
|gen|9
|tier|[Gen 9] OU
|rated|
|rule|HP Percentage Mod: HP is shown in percentages
|rule|Endless Battle Clause: Forcing endless battles is banned
|rule|Species Clause: Limit one of each Pokémon
|rule|OHKO Clause: OHKO moves are banned
|rule|Evasion Items Clause: Evasion items are banned
|rule|Evasion Moves Clause: Evasion moves are banned
|rule|Evasion Abilities Clause: Evasion abilities are banned
|rule|Sleep Moves Clause: Sleep-inducing moves are banned
|clearpoke
|poke|p1|Rillaboom, M|
|poke|p1|Hawlucha, M|
|poke|p1|Thundurus-Therian, M|
|poke|p1|Great Tusk|
|poke|p1|Volcanion|
|poke|p1|Goodra-Hisui, F|
|poke|p2|Iron Treads|
|poke|p2|Zapdos|
|poke|p2|Samurott-Hisui, M|
|poke|p2|Latios, M|
|poke|p2|Rillaboom, F|
|poke|p2|Sandy Shocks|
|teampreview
|inactive|Battle timer is ON: inactive players will automatically lose when time's up. (requested by agc member)
|
|t:|1759057979
|teamsize|p1|6
|teamsize|p2|6
|start
|switch|p1a: Thundurus|Thundurus-Therian, M|100/100
|switch|p2a: Sandy Shocks|Sandy Shocks|100/100
|-enditem|p2a: Sandy Shocks|Booster Energy
|-activate|p2a: Sandy Shocks|ability: Protosynthesis|[fromitem]
|-start|p2a: Sandy Shocks|protosynthesisspe
|turn|1
|
|t:|1759057988
|switch|p1a: Goodra|Goodra-Hisui, F|100/100
|-terastallize|p2a: Sandy Shocks|Ice
|move|p2a: Sandy Shocks|Tera Blast|p1a: Goodra|[anim] Tera Blast Ice
|-damage|p1a: Goodra|84/100
|
|upkeep
|turn|2
|
|t:|1759058006
|move|p2a: Sandy Shocks|Stealth Rock|p1a: Goodra
|-sidestart|p1: mansonabuluting|move: Stealth Rock
|move|p1a: Goodra|Flash Cannon|p2a: Sandy Shocks
|-supereffective|p2a: Sandy Shocks
|-damage|p2a: Sandy Shocks|0 fnt
|faint|p2a: Sandy Shocks
|-end|p2a: Sandy Shocks|Protosynthesis|[silent]
|
|upkeep
|
|t:|1759058015
|switch|p2a: Samurott|Samurott-Hisui, M, shiny|100/100
|turn|3
|
|t:|1759058023
|switch|p1a: Rillaboom|Rillaboom, M|100/100
|-damage|p1a: Rillaboom|88/100|[from] Stealth Rock
|-fieldstart|move: Grassy Terrain|[from] ability: Grassy Surge|[of] p1a: Rillaboom
|move|p2a: Samurott|Sacred Sword|p1a: Rillaboom
|-damage|p1a: Rillaboom|52/100
|
|-heal|p1a: Rillaboom|58/100|[from] Grassy Terrain
|upkeep
|turn|4
|
|t:|1759058033
|switch|p2a: electro|Zapdos, shiny|100/100
|move|p1a: Rillaboom|U-turn|p2a: electro
|-resisted|p2a: electro
|-damage|p2a: electro|83/100
|
|t:|1759058039
|switch|p1a: Goodra|Goodra-Hisui, F|84/100|[from] U-turn
|-damage|p1a: Goodra|78/100|[from] Stealth Rock
|
|-heal|p1a: Goodra|84/100|[from] Grassy Terrain
|upkeep
|turn|5
|
|t:|1759058045
|move|p2a: electro|Volt Switch|p1a: Goodra
|-resisted|p1a: Goodra
|-damage|p1a: Goodra|76/100
|
|t:|1759058056
|switch|p2a: mecha dumbo|Iron Treads, shiny|100/100|[from] Volt Switch
|move|p1a: Goodra|Draco Meteor|p2a: mecha dumbo|[miss]
|-miss|p1a: Goodra|p2a: mecha dumbo
|
|-heal|p1a: Goodra|82/100|[from] Grassy Terrain
|upkeep
|turn|6
|
|t:|1759058065
|switch|p1a: Great Tusk|Great Tusk|100/100
|-damage|p1a: Great Tusk|97/100|[from] Stealth Rock
|move|p2a: mecha dumbo|High Horsepower|p1a: Great Tusk
|-damage|p1a: Great Tusk|77/100
|-damage|p2a: mecha dumbo|84/100|[from] item: Rocky Helmet|[of] p1a: Great Tusk
|
|-heal|p2a: mecha dumbo|90/100|[from] Grassy Terrain
|-heal|p1a: Great Tusk|84/100|[from] Grassy Terrain
|upkeep
|turn|7
|
|t:|1759058075
|-end|p2a: mecha dumbo|Quark Drive|[silent]
|switch|p2a: electro|Zapdos, shiny|83/100
|move|p1a: Great Tusk|Rapid Spin|p2a: electro
|-damage|p2a: electro|70/100
|-boost|p1a: Great Tusk|spe|1
|-sideend|p1: mansonabuluting|Stealth Rock|[from] move: Rapid Spin|[of] p1a: Great Tusk
|
|-heal|p1a: Great Tusk|90/100|[from] Grassy Terrain
|-fieldend|move: Grassy Terrain
|upkeep
|turn|8
|
|t:|1759058083
|-end|p1a: Great Tusk|Protosynthesis|[silent]
|switch|p1a: Thundurus|Thundurus-Therian, M|100/100
|move|p2a: electro|Heat Wave|p1a: Thundurus
|-damage|p1a: Thundurus|57/100
|
|upkeep
|turn|9
|
|t:|1759058089
|switch|p2a: mecha dumbo|Iron Treads, shiny|90/100
|move|p1a: Thundurus|Volt Switch|p2a: mecha dumbo
|-immune|p2a: mecha dumbo
|
|upkeep
|turn|10
|
|t:|1759058098
|switch|p1a: Great Tusk|Great Tusk|90/100
|move|p2a: mecha dumbo|Ice Spinner|p1a: Great Tusk
|-supereffective|p1a: Great Tusk
|-damage|p1a: Great Tusk|65/100
|-damage|p2a: mecha dumbo|74/100|[from] item: Rocky Helmet|[of] p1a: Great Tusk
|
|upkeep
|turn|11
|
|t:|1759058105
|-end|p2a: mecha dumbo|Quark Drive|[silent]
|switch|p2a: electro|Zapdos, shiny|70/100
|move|p1a: Great Tusk|Stealth Rock|p2a: electro
|-sidestart|p2: agc member|move: Stealth Rock
|
|upkeep
|turn|12
|
|t:|1759058110
|-end|p1a: Great Tusk|Protosynthesis|[silent]
|switch|p1a: Thundurus|Thundurus-Therian, M|57/100
|move|p2a: electro|Hurricane|p1a: Thundurus|[miss]
|-miss|p2a: electro|p1a: Thundurus
|
|upkeep
|turn|13
|
|t:|1759058120
|move|p1a: Thundurus|Volt Switch|p2a: electro
|-damage|p2a: electro|28/100
|
|t:|1759058123
|switch|p1a: Goodra|Goodra-Hisui, F|82/100|[from] Volt Switch
|move|p2a: electro|Heat Wave|p1a: Goodra|[miss]
|-miss|p2a: electro|p1a: Goodra
|
|upkeep
|turn|14
|
|t:|1759058129
|move|p2a: electro|Roost|p2a: electro
|-heal|p2a: electro|78/100
|-singleturn|p2a: electro|move: Roost
|move|p1a: Goodra|Flamethrower|p2a: electro
|-damage|p2a: electro|46/100
|
|upkeep
|turn|15
|
|t:|1759058137
|move|p2a: electro|Volt Switch|p1a: Goodra
|-resisted|p1a: Goodra
|-damage|p1a: Goodra|74/100
|
|t:|1759058141
|switch|p2a: mecha dumbo|Iron Treads, shiny|74/100|[from] Volt Switch
|-damage|p2a: mecha dumbo|71/100|[from] Stealth Rock
|move|p1a: Goodra|Draco Meteor|p2a: mecha dumbo
|-resisted|p2a: mecha dumbo
|-damage|p2a: mecha dumbo|41/100
|-unboost|p1a: Goodra|spa|2
|
|upkeep
|turn|16
|
|t:|1759058150
|switch|p1a: Great Tusk|Great Tusk|65/100
|move|p2a: mecha dumbo|Ice Spinner|p1a: Great Tusk
|-supereffective|p1a: Great Tusk
|-damage|p1a: Great Tusk|40/100
|-damage|p2a: mecha dumbo|25/100|[from] item: Rocky Helmet|[of] p1a: Great Tusk
|
|upkeep
|turn|17
|
|t:|1759058156
|move|p2a: mecha dumbo|Ice Spinner|p1a: Great Tusk
|-supereffective|p1a: Great Tusk
|-damage|p1a: Great Tusk|15/100
|-damage|p2a: mecha dumbo|8/100|[from] item: Rocky Helmet|[of] p1a: Great Tusk
|move|p1a: Great Tusk|Ice Spinner|p2a: mecha dumbo
|-damage|p2a: mecha dumbo|0 fnt
|faint|p2a: mecha dumbo
|-end|p2a: mecha dumbo|Quark Drive|[silent]
|
|upkeep
|
|t:|1759058168
|switch|p2a: Samurott|Samurott-Hisui, M, shiny|100/100
|-damage|p2a: Samurott|88/100|[from] Stealth Rock
|turn|18
|
|t:|1759058173
|move|p2a: Samurott|Ceaseless Edge|p1a: Great Tusk
|-resisted|p1a: Great Tusk
|-damage|p1a: Great Tusk|5/100
|-damage|p2a: Samurott|72/100|[from] item: Rocky Helmet|[of] p1a: Great Tusk
|-sidestart|p1: mansonabuluting|Spikes
|move|p1a: Great Tusk|Headlong Rush|p2a: Samurott
|-damage|p2a: Samurott|4/100
|-unboost|p1a: Great Tusk|def|1
|-unboost|p1a: Great Tusk|spd|1
|
|upkeep
|turn|19
|
|t:|1759058182
|move|p2a: Samurott|Razor Shell|p1a: Great Tusk
|-supereffective|p1a: Great Tusk
|-damage|p1a: Great Tusk|0 fnt
|-damage|p2a: Samurott|0 fnt|[from] item: Rocky Helmet|[of] p1a: Great Tusk
|faint|p1a: Great Tusk
|-end|p1a: Great Tusk|Protosynthesis|[silent]
|faint|p2a: Samurott
|
|upkeep
|
|t:|1759058192
|switch|p2a: Latios|Latios, M, shiny|100/100
|switch|p1a: Thundurus|Thundurus-Therian, M|57/100
|-damage|p2a: Latios|88/100|[from] Stealth Rock
|turn|20
|
|t:|1759058200
|move|p2a: Latios|Luster Purge|p1a: Thundurus
|-damage|p1a: Thundurus|0 fnt
|faint|p1a: Thundurus
|
|upkeep
|
|t:|1759058204
|switch|p1a: Goodra|Goodra-Hisui, F|74/100
|-damage|p1a: Goodra|62/100|[from] Spikes
|turn|21
|
|t:|1759058210
|move|p2a: Latios|Luster Purge|p1a: Goodra
|-resisted|p1a: Goodra
|-damage|p1a: Goodra|50/100
|move|p1a: Goodra|Draco Meteor|p2a: Latios
|-supereffective|p2a: Latios
|-damage|p2a: Latios|0 fnt
|-unboost|p1a: Goodra|spa|2
|faint|p2a: Latios
|
|upkeep
|
|t:|1759058219
|switch|p2a: Rillaboom|Rillaboom, F, shiny|100/100
|-damage|p2a: Rillaboom|88/100|[from] Stealth Rock
|-fieldstart|move: Grassy Terrain|[from] ability: Grassy Surge|[of] p2a: Rillaboom
|turn|22
|
|t:|1759058224
|switch|p1a: Hawlucha|Hawlucha, M|100/100
|-enditem|p1a: Hawlucha|Grassy Seed
|-boost|p1a: Hawlucha|def|1|[from] item: Grassy Seed
|move|p2a: Rillaboom|Knock Off|p1a: Hawlucha
|-resisted|p1a: Hawlucha
|-crit|p1a: Hawlucha
|-damage|p1a: Hawlucha|72/100
|
|-heal|p2a: Rillaboom|94/100|[from] Grassy Terrain
|upkeep
|turn|23
|
|t:|1759058233
|switch|p2a: electro|Zapdos, shiny|46/100
|move|p1a: Hawlucha|Acrobatics|p2a: electro
|-resisted|p2a: electro
|-damage|p2a: electro|24/100
|
|upkeep
|turn|24
|
|t:|1759058239
|move|p1a: Hawlucha|Close Combat|p2a: electro
|-resisted|p2a: electro
|-damage|p2a: electro|0 fnt
|-unboost|p1a: Hawlucha|def|1
|-unboost|p1a: Hawlucha|spd|1
|faint|p2a: electro
|
|upkeep
|-message|agc member forfeited.
|
|win|mansonabuluting
|raw|mansonabuluting's rating: 1652 &rarr; <strong>1667</strong><br />(+15 for winning)
|raw|agc member's rating: 1568 &rarr; <strong>1553</strong><br />(-15 for losing)
|l|☆agc member
|player|p2|
|l|☆mansonabuluting
|player|p1|
