|j|☆lt124yh 925
|j|☆thisisjake
|t:|1759052414
|gametype|singles
|player|p1|lt124yh 925|pokemonbreederf-gen4|1783
|player|p2|thisisjake|crasherwake|1797
|gen|9
|tier|[Gen 9] OU
|rated|
|rule|HP Percentage Mod: HP is shown in percentages
|rule|Endless Battle Clause: Forcing endless battles is banned
|rule|Species Clause: Limit one of each Pokémon
|rule|OHKO Clause: OHKO moves are banned
|rule|Evasion Items Clause: Evasion items are banned
|rule|Evasion Moves Clause: Evasion moves are banned
|rule|Evasion Abilities Clause: Evasion abilities are banned
|rule|Sleep Moves Clause: Sleep-inducing moves are banned
|clearpoke
|poke|p1|Porygon2|
|poke|p1|Ursaluna, F|
|poke|p1|Cresselia, F|
|poke|p1|Volcanion|
|poke|p1|Hatterene, F|
|poke|p1|Iron Hands|
|poke|p2|Ogerpon-Wellspring, F|
|poke|p2|Cloyster, F|
|poke|p2|Ninetales-Alola, M|
|poke|p2|Polteageist|
|poke|p2|Iron Treads|
|poke|p2|Dragonite, M|
|teampreview
|inactive|Battle timer is ON: inactive players will automatically lose when time's up. (requested by lt124yh 925)
|c|☆lt124yh 925|hf
|
|t:|1759052428
|teamsize|p1|6
|teamsize|p2|6
|start
|switch|p1a: Iron Hands|Iron Hands|100/100
|switch|p2a: Iron Treads|Iron Treads|100/100
|-enditem|p2a: Iron Treads|Booster Energy
|-activate|p2a: Iron Treads|ability: Quark Drive|[fromitem]
|-start|p2a: Iron Treads|quarkdrivespe
|-enditem|p1a: Iron Hands|Booster Energy
|-activate|p1a: Iron Hands|ability: Quark Drive|[fromitem]
|-start|p1a: Iron Hands|quarkdriveatk
|turn|1
|
|t:|1759052432
|move|p2a: Iron Treads|Stealth Rock|p1a: Iron Hands
|-sidestart|p1: lt124yh 925|move: Stealth Rock
|move|p1a: Iron Hands|Close Combat|p2a: Iron Treads
|-supereffective|p2a: Iron Treads
|-damage|p2a: Iron Treads|0 fnt
|-unboost|p1a: Iron Hands|def|1
|-unboost|p1a: Iron Hands|spd|1
|faint|p2a: Iron Treads
|-end|p2a: Iron Treads|Quark Drive|[silent]
|
|upkeep
|j| Kyurem
|
|t:|1759052444
|switch|p2a: Ninetales|Ninetales-Alola, M|100/100
|-weather|Snowscape|[from] ability: Snow Warning|[of] p2a: Ninetales
|turn|2
|
|t:|1759052459
|move|p2a: Ninetales|Aurora Veil|p2a: Ninetales
|-sidestart|p2: thisisjake|move: Aurora Veil
|move|p1a: Iron Hands|Heavy Slam|p2a: Ninetales
|-supereffective|p2a: Ninetales
|-damage|p2a: Ninetales|0 fnt
|faint|p2a: Ninetales
|
|-weather|Snowscape|[upkeep]
|upkeep
|
|t:|1759052467
|switch|p2a: Polteageist|Polteageist|100/100
|turn|3
|
|t:|1759052482
|move|p2a: Polteageist|Shell Smash|p2a: Polteageist
|-unboost|p2a: Polteageist|def|1
|-unboost|p2a: Polteageist|spd|1
|-boost|p2a: Polteageist|atk|2
|-boost|p2a: Polteageist|spa|2
|-boost|p2a: Polteageist|spe|2
|-enditem|p2a: Polteageist|White Herb
|-clearnegativeboost|p2a: Polteageist|[silent]
|move|p1a: Iron Hands|Supercell Slam|p2a: Polteageist
|-damage|p2a: Polteageist|55/100
|
|-weather|Snowscape|[upkeep]
|upkeep
|turn|4
|j| catarina valentine
|
|t:|1759052493
|move|p2a: Polteageist|Strength Sap|p1a: Iron Hands
|-unboost|p1a: Iron Hands|atk|1
|-heal|p2a: Polteageist|100/100
|move|p1a: Iron Hands|Supercell Slam|p2a: Polteageist
|-damage|p2a: Polteageist|72/100
|
|-weather|Snowscape|[upkeep]
|upkeep
|turn|5
|
|t:|1759052514
|move|p2a: Polteageist|Shell Smash|p2a: Polteageist
|-unboost|p2a: Polteageist|def|1
|-unboost|p2a: Polteageist|spd|1
|-boost|p2a: Polteageist|atk|2
|-boost|p2a: Polteageist|spa|2
|-boost|p2a: Polteageist|spe|2
|move|p1a: Iron Hands|Supercell Slam|p2a: Polteageist
|-damage|p2a: Polteageist|24/100
|
|-weather|Snowscape|[upkeep]
|upkeep
|turn|6
|
|t:|1759052516
|move|p2a: Polteageist|Strength Sap|p1a: Iron Hands
|-unboost|p1a: Iron Hands|atk|1
|-heal|p2a: Polteageist|100/100
|move|p1a: Iron Hands|Supercell Slam|p2a: Polteageist
|-damage|p2a: Polteageist|68/100
|
|-weather|none
|upkeep
|turn|7
|
|t:|1759052522
|move|p2a: Polteageist|Shadow Ball|p1a: Iron Hands
|-damage|p1a: Iron Hands|0 fnt
|faint|p1a: Iron Hands
|-end|p1a: Iron Hands|Quark Drive|[silent]
|
|upkeep
|
|t:|1759052534
|switch|p1a: Cresselia|Cresselia, F|100/100
|-damage|p1a: Cresselia|88/100|[from] Stealth Rock
|turn|8
|
|t:|1759052538
|-terastallize|p1a: Cresselia|Fairy
|move|p2a: Polteageist|Shadow Ball|p1a: Cresselia
|-damage|p1a: Cresselia|20/100
|move|p1a: Cresselia|Trick Room|p1a: Cresselia
|-fieldstart|move: Trick Room|[of] p1a: Cresselia
|
|upkeep
|turn|9
|
|t:|1759052543
|move|p1a: Cresselia|Lunar Dance|p1a: Cresselia
|faint|p1a: Cresselia
|move|p2a: Polteageist|Shadow Ball|p1: Cresselia|[notarget]
|-fail|p2a: Polteageist
|
|-sideend|p2: thisisjake|move: Aurora Veil
|upkeep
|
|t:|1759052550
|switch|p1a: Ursaluna|Ursaluna, F|100/100
|-damage|p1a: Ursaluna|94/100|[from] Stealth Rock
|turn|10
|
|t:|1759052578
|switch|p2a: Dragonite|Dragonite, M|100/100
|move|p1a: Ursaluna|Headlong Rush|p2a: Dragonite
|-immune|p2a: Dragonite
|
|-status|p1a: Ursaluna|brn|[from] item: Flame Orb
|upkeep
|turn|11
|inactive|thisisjake has 120 seconds left.
|
|t:|1759052597
|move|p1a: Ursaluna|Facade|p2a: Dragonite
|-damage|p2a: Dragonite|27/100
|move|p2a: Dragonite|Ice Spinner|p1a: Ursaluna
|-supereffective|p1a: Ursaluna
|-damage|p1a: Ursaluna|48/100 brn
|
|-damage|p1a: Ursaluna|42/100 brn|[from] brn
|upkeep
|turn|12
|
|t:|1759052605
|move|p2a: Dragonite|Extreme Speed|p1a: Ursaluna
|-damage|p1a: Ursaluna|21/100 brn
|move|p1a: Ursaluna|Facade|p2a: Dragonite
|-damage|p2a: Dragonite|0 fnt
|faint|p2a: Dragonite
|
|-damage|p1a: Ursaluna|15/100 brn|[from] brn
|-fieldend|move: Trick Room
|upkeep
|inactive|thisisjake has 120 seconds left.
|
|t:|1759052642
|switch|p2a: Ogerpon|Ogerpon-Wellspring, F|100/100
|turn|13
|
|t:|1759052665
|switch|p1a: Volcanion|Volcanion|100/100
|-damage|p1a: Volcanion|76/100|[from] Stealth Rock
|move|p2a: Ogerpon|Ivy Cudgel|p1a: Volcanion|[anim] Ivy Cudgel Water
|-heal|p1a: Volcanion|100/100|[from] ability: Water Absorb|[of] p2a: Ogerpon
|
|upkeep
|turn|14
|
|t:|1759052676
|-terastallize|p2a: Ogerpon|Water
|detailschange|p2a: Ogerpon|Ogerpon-Wellspring-Tera, F, tera:Water
|-ability|p2a: Ogerpon|Embody Aspect (Wellspring)|boost
|-boost|p2a: Ogerpon|spd|1
|move|p2a: Ogerpon|Power Whip|p1a: Volcanion
|-damage|p1a: Volcanion|42/100
|move|p1a: Volcanion|Fire Blast|p2a: Ogerpon
|-resisted|p2a: Ogerpon
|-damage|p2a: Ogerpon|65/100
|
|upkeep
|turn|15
|
|t:|1759052684
|move|p2a: Ogerpon|Power Whip|p1a: Volcanion
|-damage|p1a: Volcanion|0 fnt
|faint|p1a: Volcanion
|
|upkeep
|
|t:|1759052689
|switch|p1a: Hatterene|Hatterene, F|100/100
|-damage|p1a: Hatterene|88/100|[from] Stealth Rock
|turn|16
|
|t:|1759052696
|move|p2a: Ogerpon|Ivy Cudgel|p1a: Hatterene|[anim] Ivy Cudgel Water
|-damage|p1a: Hatterene|15/100
|move|p1a: Hatterene|Trick Room|p1a: Hatterene
|-fieldstart|move: Trick Room|[of] p1a: Hatterene
|
|upkeep
|turn|17
|inactive|thisisjake has 120 seconds left.
|
|t:|1759052707
|switch|p2a: Polteageist|Polteageist|68/100
|move|p1a: Hatterene|Dazzling Gleam|p2a: Polteageist
|-damage|p2a: Polteageist|32/100
|
|upkeep
|turn|18
|inactive|thisisjake has 120 seconds left.
|
|t:|1759052714
|move|p1a: Hatterene|Dazzling Gleam|p2a: Polteageist
|-damage|p2a: Polteageist|0 fnt
|faint|p2a: Polteageist
|
|upkeep
|
|t:|1759052718
|switch|p2a: Cloyster|Cloyster, F|100/100
|turn|19
|
|t:|1759052731
|switch|p1a: Ursaluna|Ursaluna, F|15/100 brn
|-heal|p1a: Ursaluna|100/100|[from] move: Lunar Dance
|-damage|p1a: Ursaluna|94/100|[from] Stealth Rock
|move|p2a: Cloyster|Ice Shard|p1a: Ursaluna
|-supereffective|p1a: Ursaluna
|-damage|p1a: Ursaluna|66/100
|
|-status|p1a: Ursaluna|brn|[from] item: Flame Orb
|upkeep
|turn|20
|
|t:|1759052741
|move|p2a: Cloyster|Ice Shard|p1a: Ursaluna
|-supereffective|p1a: Ursaluna
|-damage|p1a: Ursaluna|35/100 brn
|move|p1a: Ursaluna|Facade|p2a: Cloyster
|-damage|p2a: Cloyster|0 fnt
|faint|p2a: Cloyster
|
|-damage|p1a: Ursaluna|29/100 brn|[from] brn
|-fieldend|move: Trick Room
|upkeep
|
|t:|1759052743
|switch|p2a: Ogerpon|Ogerpon-Wellspring-Tera, F, tera:Water|65/100
|-ability|p2a: Ogerpon|Embody Aspect (Wellspring)|boost
|-boost|p2a: Ogerpon|spd|1
|turn|21
|
|t:|1759052755
|switch|p1a: Hatterene|Hatterene, F|15/100
|-damage|p1a: Hatterene|2/100|[from] Stealth Rock
|move|p2a: Ogerpon|Ivy Cudgel|p1a: Hatterene|[anim] Ivy Cudgel Water
|-damage|p1a: Hatterene|0 fnt
|faint|p1a: Hatterene
|
|upkeep
|
|t:|1759052758
|switch|p1a: Porygon2|Porygon2|100/100
|-damage|p1a: Porygon2|88/100|[from] Stealth Rock
|-ability|p1a: Porygon2|Download|boost
|-boost|p1a: Porygon2|atk|1
|turn|22
|
|t:|1759052764
|move|p2a: Ogerpon|Ivy Cudgel|p1a: Porygon2|[anim] Ivy Cudgel Water
|-damage|p1a: Porygon2|38/100
|move|p1a: Porygon2|Trick Room|p1a: Porygon2
|-fieldstart|move: Trick Room|[of] p1a: Porygon2
|
|upkeep
|turn|23
|
|t:|1759052767
|move|p1a: Porygon2|Tera Blast|p2a: Ogerpon
|-damage|p2a: Ogerpon|36/100
|move|p2a: Ogerpon|Ivy Cudgel|p1a: Porygon2|[anim] Ivy Cudgel Water
|-damage|p1a: Porygon2|0 fnt
|faint|p1a: Porygon2
|
|upkeep
|
|t:|1759052770
|switch|p1a: Ursaluna|Ursaluna, F|29/100 brn
|-damage|p1a: Ursaluna|23/100 brn|[from] Stealth Rock
|turn|24
|
|t:|1759052780
|move|p1a: Ursaluna|Facade|p2a: Ogerpon
|-damage|p2a: Ogerpon|0 fnt
|faint|p2a: Ogerpon
|detailschange|p2: Ogerpon|Ogerpon-Wellspring, F|[silent]
|
|win|lt124yh 925
|raw|lt124yh 925's rating: 1783 &rarr; <strong>1804</strong><br />(+21 for winning)
|raw|thisisjake's rating: 1797 &rarr; <strong>1776</strong><br />(-21 for losing)
|c|☆lt124yh 925|gg
|l|☆lt124yh 925
|player|p1|
|l|☆thisisjake
|player|p2|
|l| catarina valentine
