|j|☆trentmane6610
|j|‽godpip
|t:|1759060680
|gametype|singles
|player|p1|trentmane6610|170|1328
|player|p2|godpip|silver|1295
|gen|9
|tier|[Gen 9] OU
|rated|
|rule|HP Percentage Mod: HP is shown in percentages
|rule|Endless Battle Clause: Forcing endless battles is banned
|rule|Species Clause: Limit one of each Pokémon
|rule|OHKO Clause: OHKO moves are banned
|rule|Evasion Items Clause: Evasion items are banned
|rule|Evasion Moves Clause: Evasion moves are banned
|rule|Evasion Abilities Clause: Evasion abilities are banned
|rule|Sleep Moves Clause: Sleep-inducing moves are banned
|clearpoke
|poke|p1|Pelipper, M|
|poke|p1|Torkoal, M|
|poke|p1|Quaquaval, F|
|poke|p1|Lilligant-Hisui, F|
|poke|p1|Walking Wake|
|poke|p1|Scovillain, F|
|poke|p2|Lokix, M|
|poke|p2|Porygon-Z|
|poke|p2|Dragapult, F|
|poke|p2|Clefable, F|
|poke|p2|Quaquaval, M|
|poke|p2|Clodsire, M|
|teampreview
|
|t:|1759060690
|teamsize|p1|6
|teamsize|p2|6
|start
|switch|p1a: Pelipper|Pelipper, M|100/100
|switch|p2a: Porygon-Z|Porygon-Z|100/100
|-ability|p2a: Porygon-Z|Download|boost
|-boost|p2a: Porygon-Z|atk|1
|-weather|RainDance|[from] ability: Drizzle|[of] p1a: Pelipper
|turn|1
|
|t:|1759060722
|move|p2a: Porygon-Z|Thunderbolt|p1a: Pelipper
|-supereffective|p1a: Pelipper
|-damage|p1a: Pelipper|0 fnt
|faint|p1a: Pelipper
|
|-weather|RainDance|[upkeep]
|upkeep
|
|t:|1759060732
|switch|p1a: Quaquaval|Quaquaval, F|100/100
|turn|2
|
|t:|1759060743
|-terastallize|p1a: Quaquaval|Electric
|move|p2a: Porygon-Z|Thunderbolt|p1a: Quaquaval
|-resisted|p1a: Quaquaval
|-damage|p1a: Quaquaval|69/100
|move|p1a: Quaquaval|Aqua Step|p2a: Porygon-Z
|-damage|p2a: Porygon-Z|3/100
|-boost|p1a: Quaquaval|spe|1
|
|-weather|RainDance|[upkeep]
|upkeep
|turn|3
|
|t:|1759060755
|switch|p2a: Quaquaval|Quaquaval, M|100/100
|move|p1a: Quaquaval|Ice Spinner|p2a: Quaquaval
|-resisted|p2a: Quaquaval
|-damage|p2a: Quaquaval|87/100
|
|-weather|RainDance|[upkeep]
|upkeep
|turn|4
|
|t:|1759060763
|move|p1a: Quaquaval|Close Combat|p2a: Quaquaval
|-damage|p2a: Quaquaval|24/100
|-unboost|p1a: Quaquaval|def|1
|-unboost|p1a: Quaquaval|spd|1
|move|p2a: Quaquaval|Flip Turn|p1a: Quaquaval
|-damage|p1a: Quaquaval|0 fnt
|faint|p1a: Quaquaval
|-ability|p2a: Quaquaval|Moxie|boost
|-boost|p2a: Quaquaval|atk|1
|
|t:|1759060769
|switch|p2a: Dragapult|Dragapult, F|100/100|[from] Flip Turn
|
|-weather|RainDance|[upkeep]
|upkeep
|
|t:|1759060787
|switch|p1a: Torkoal|Torkoal, M|100/100
|-weather|SunnyDay|[from] ability: Drought|[of] p1a: Torkoal
|turn|5
|
|t:|1759060802
|switch|p1a: Lilligant|Lilligant-Hisui, F|100/100
|-terastallize|p2a: Dragapult|Dragon
|move|p2a: Dragapult|Draco Meteor|p1a: Lilligant|[miss]
|-miss|p2a: Dragapult|p1a: Lilligant
|
|-weather|SunnyDay|[upkeep]
|upkeep
|turn|6
|
|t:|1759060818
|switch|p2a: Porygon-Z|Porygon-Z|3/100
|-ability|p2a: Porygon-Z|Download|boost
|-boost|p2a: Porygon-Z|spa|1
|move|p1a: Lilligant|Triple Axel|p2a: Porygon-Z
|-damage|p2a: Porygon-Z|0 fnt
|faint|p2a: Porygon-Z
|-hitcount|p2: Porygon-Z|1
|-damage|p1a: Lilligant|91/100|[from] item: Life Orb
|
|-weather|SunnyDay|[upkeep]
|upkeep
|
|t:|1759060820
|switch|p2a: Lokix|Lokix, M|100/100
|turn|7
|
|t:|1759060833
|switch|p1a: Torkoal|Torkoal, M|100/100
|move|p2a: Lokix|First Impression|p1a: Torkoal
|-resisted|p1a: Torkoal
|-damage|p1a: Torkoal|63/100
|
|-weather|SunnyDay|[upkeep]
|upkeep
|turn|8
|
|t:|1759060842
|move|p2a: Lokix|U-turn|p1a: Torkoal
|-resisted|p1a: Torkoal
|-crit|p1a: Torkoal
|-damage|p1a: Torkoal|21/100
|
|t:|1759060846
|switch|p2a: Clodsire|Clodsire, M|100/100|[from] U-turn
|move|p1a: Torkoal|Stealth Rock|p2a: Clodsire
|-sidestart|p2: godpip|move: Stealth Rock
|
|-weather|SunnyDay|[upkeep]
|upkeep
|turn|9
|
|t:|1759060855
|switch|p1a: Lilligant|Lilligant-Hisui, F|91/100
|move|p2a: Clodsire|Toxic|p1a: Lilligant
|-status|p1a: Lilligant|tox
|
|-weather|SunnyDay|[upkeep]
|-damage|p1a: Lilligant|85/100 tox|[from] psn
|upkeep
|turn|10
|
|t:|1759060867
|move|p1a: Lilligant|Triple Axel|p2a: Clodsire|[miss]
|-miss|p1a: Lilligant|p2a: Clodsire
|move|p2a: Clodsire|Recover||[still]
|-fail|p2a: Clodsire|heal
|
|-weather|SunnyDay|[upkeep]
|-damage|p1a: Lilligant|72/100 tox|[from] psn
|upkeep
|turn|11
|
|t:|1759060877
|move|p1a: Lilligant|Triple Axel|p2a: Clodsire
|-supereffective|p2a: Clodsire
|-damage|p2a: Clodsire|82/100
|-hitcount|p2a: Clodsire|1
|-damage|p1a: Lilligant|63/100 tox|[from] item: Life Orb
|move|p2a: Clodsire|Recover|p2a: Clodsire
|-heal|p2a: Clodsire|100/100
|
|-weather|SunnyDay|[upkeep]
|-damage|p1a: Lilligant|44/100 tox|[from] psn
|upkeep
|turn|12
|
|t:|1759060888
|move|p1a: Lilligant|Triple Axel|p2a: Clodsire
|-supereffective|p2a: Clodsire
|-damage|p2a: Clodsire|81/100
|-supereffective|p2a: Clodsire
|-damage|p2a: Clodsire|43/100
|-supereffective|p2a: Clodsire
|-damage|p2a: Clodsire|0 fnt
|faint|p2a: Clodsire
|-hitcount|p2: Clodsire|3
|-damage|p1a: Lilligant|35/100 tox|[from] item: Life Orb
|
|-weather|none
|-damage|p1a: Lilligant|10/100 tox|[from] psn
|upkeep
|
|t:|1759060895
|switch|p2a: Clefable|Clefable, F|100/100
|turn|13
|
|t:|1759060904
|switch|p1a: Torkoal|Torkoal, M|21/100
|-weather|SunnyDay|[from] ability: Drought|[of] p1a: Torkoal
|move|p2a: Clefable|Stealth Rock|p1a: Torkoal
|-sidestart|p1: trentmane6610|move: Stealth Rock
|
|-weather|SunnyDay|[upkeep]
|upkeep
|turn|14
|
|t:|1759060914
|move|p2a: Clefable|Thunder Wave|p1a: Torkoal
|-status|p1a: Torkoal|par
|move|p1a: Torkoal|Rapid Spin|p2a: Clefable
|-damage|p2a: Clefable|93/100
|-boost|p1a: Torkoal|spe|1
|-sideend|p1: trentmane6610|Stealth Rock|[from] move: Rapid Spin|[of] p1a: Torkoal
|
|-weather|SunnyDay|[upkeep]
|-heal|p2a: Clefable|99/100|[from] item: Leftovers
|upkeep
|turn|15
|
|t:|1759060937
|switch|p1a: Lilligant|Lilligant-Hisui, F|10/100 tox
|move|p2a: Clefable|Stealth Rock|p1a: Lilligant
|-sidestart|p1: trentmane6610|move: Stealth Rock
|
|-weather|SunnyDay|[upkeep]
|-heal|p2a: Clefable|100/100|[from] item: Leftovers
|-damage|p1a: Lilligant|4/100 tox|[from] psn
|upkeep
|turn|16
|
|t:|1759060957
|move|p1a: Lilligant|Leaf Blade|p2a: Clefable
|-damage|p2a: Clefable|54/100
|-damage|p1a: Lilligant|0 fnt|[from] item: Life Orb
|faint|p1a: Lilligant
|move|p2a: Clefable|Moonlight|p2a: Clefable
|-heal|p2a: Clefable|100/100
|
|-weather|SunnyDay|[upkeep]
|upkeep
|
|t:|1759060968
|switch|p1a: Scovillain|Scovillain, F|100/100
|-damage|p1a: Scovillain|75/100|[from] Stealth Rock
|turn|17
|
|t:|1759060976
|move|p1a: Scovillain|Flamethrower|p2a: Clefable
|-damage|p2a: Clefable|20/100
|-damage|p1a: Scovillain|66/100|[from] item: Life Orb
|move|p2a: Clefable|Thunder Wave|p1a: Scovillain
|-status|p1a: Scovillain|par
|
|-weather|SunnyDay|[upkeep]
|-heal|p2a: Clefable|26/100|[from] item: Leftovers
|upkeep
|turn|18
|
|t:|1759060986
|cant|p1a: Scovillain|par
|move|p2a: Clefable|Moonlight|p2a: Clefable
|-heal|p2a: Clefable|93/100
|
|-weather|SunnyDay|[upkeep]
|-heal|p2a: Clefable|99/100|[from] item: Leftovers
|upkeep
|turn|19
|
|t:|1759060994
|move|p1a: Scovillain|Flamethrower|p2a: Clefable
|-damage|p2a: Clefable|26/100
|-damage|p1a: Scovillain|56/100 par|[from] item: Life Orb
|move|p2a: Clefable|Moonblast|p1a: Scovillain
|-resisted|p1a: Scovillain
|-damage|p1a: Scovillain|30/100 par
|
|-weather|SunnyDay|[upkeep]
|-heal|p2a: Clefable|32/100|[from] item: Leftovers
|upkeep
|turn|20
|
|t:|1759061004
|move|p1a: Scovillain|Flamethrower|p2a: Clefable
|-damage|p2a: Clefable|0 fnt
|faint|p2a: Clefable
|-damage|p1a: Scovillain|20/100 par|[from] item: Life Orb
|
|-weather|none
|upkeep
|
|t:|1759061020
|switch|p2a: Dragapult|Dragapult, F, tera:Dragon|100/100
|-damage|p2a: Dragapult|88/100|[from] Stealth Rock
|turn|21
|
|t:|1759061032
|move|p2a: Dragapult|Shadow Ball|p1a: Scovillain
|-damage|p1a: Scovillain|0 fnt
|faint|p1a: Scovillain
|
|upkeep
|
|t:|1759061038
|switch|p1a: Torkoal|Torkoal, M|21/100 par
|-damage|p1a: Torkoal|0 fnt|[from] Stealth Rock
|faint|p1a: Torkoal
|
|t:|1759061043
|switch|p1a: Walking Wake|Walking Wake|100/100
|-damage|p1a: Walking Wake|88/100|[from] Stealth Rock
|turn|22
|
|t:|1759061048
|switch|p2a: Quaquaval|Quaquaval, M|24/100
|move|p1a: Walking Wake|Agility|p1a: Walking Wake
|-boost|p1a: Walking Wake|spe|2
|
|upkeep
|turn|23
|
|t:|1759061057
|move|p1a: Walking Wake|Dragon Pulse|p2a: Quaquaval
|-damage|p2a: Quaquaval|0 fnt
|faint|p2a: Quaquaval
|-damage|p1a: Walking Wake|78/100|[from] item: Life Orb
|
|upkeep
|
|t:|1759061062
|switch|p2a: Lokix|Lokix, M|100/100
|-damage|p2a: Lokix|76/100|[from] Stealth Rock
|turn|24
|
|t:|1759061074
|move|p2a: Lokix|First Impression|p1a: Walking Wake
|-damage|p1a: Walking Wake|20/100
|move|p1a: Walking Wake|Flamethrower|p2a: Lokix
|-supereffective|p2a: Lokix
|-damage|p2a: Lokix|0 fnt
|faint|p2a: Lokix
|-damage|p1a: Walking Wake|10/100|[from] item: Life Orb
|
|upkeep
|
|t:|1759061078
|switch|p2a: Dragapult|Dragapult, F, tera:Dragon|88/100
|-damage|p2a: Dragapult|76/100|[from] Stealth Rock
|turn|25
|
|t:|1759061087
|move|p1a: Walking Wake|Dragon Pulse|p2a: Dragapult
|-supereffective|p2a: Dragapult
|-damage|p2a: Dragapult|0 fnt
|faint|p2a: Dragapult
|-damage|p1a: Walking Wake|0 fnt|[from] item: Life Orb
|faint|p1a: Walking Wake
|-end|p1a: Walking Wake|Protosynthesis|[silent]
|
|win|trentmane6610
|raw|trentmane6610's rating: 1328 &rarr; <strong>1346</strong><br />(+18 for winning)
|raw|godpip's rating: 1295 &rarr; <strong>1272</strong><br />(-23 for losing)
|l|☆trentmane6610
|player|p1|
|l|‽godpip
|player|p2|
