|j|☆hyper-serious
|j|☆mewcrr
|t:|1759049105
|gametype|singles
|player|p1|hyper-serious|1|1195
|player|p2|mewcrr|rood|1101
|gen|9
|tier|[Gen 9] OU
|rated|
|rule|HP Percentage Mod: HP is shown in percentages
|rule|Endless Battle Clause: Forcing endless battles is banned
|rule|Species Clause: Limit one of each Pokémon
|rule|OHKO Clause: OHKO moves are banned
|rule|Evasion Items Clause: Evasion items are banned
|rule|Evasion Moves Clause: Evasion moves are banned
|rule|Evasion Abilities Clause: Evasion abilities are banned
|rule|Sleep Moves Clause: Sleep-inducing moves are banned
|clearpoke
|poke|p1|Latias, F|
|poke|p1|Zarude|
|poke|p1|Landorus-Therian, M|
|poke|p1|Tatsugiri, M|
|poke|p1|Ceruledge, M|
|poke|p1|Scizor, M|
|poke|p2|Thundurus, M|
|poke|p2|Indeedee, M|
|poke|p2|Glimmora, F|
|poke|p2|Skeledirge, M|
|poke|p2|Umbreon, F|
|poke|p2|Tentacruel, M|
|teampreview
|
|t:|1759049139
|teamsize|p1|6
|teamsize|p2|6
|start
|switch|p1a: Zarude|Zarude|100/100
|switch|p2a: Thundurus|Thundurus, M|100/100
|turn|1
|
|t:|1759049147
|-terastallize|p2a: Thundurus|Ice
|move|p2a: Thundurus|Tera Blast|p1a: Zarude|[anim] Tera Blast Ice
|-supereffective|p1a: Zarude
|-damage|p1a: Zarude|36/100
|-damage|p2a: Thundurus|91/100|[from] item: Life Orb
|move|p1a: Zarude|Knock Off|p2a: Thundurus
|-damage|p2a: Thundurus|7/100
|-enditem|p2a: Thundurus|Life Orb|[from] move: Knock Off|[of] p1a: Zarude
|
|upkeep
|turn|2
|
|t:|1759049158
|switch|p1a: Scizor|Scizor, M|100/100
|move|p2a: Thundurus|Tera Blast|p1a: Scizor|[anim] Tera Blast Ice
|-resisted|p1a: Scizor
|-damage|p1a: Scizor|76/100
|
|upkeep
|turn|3
|
|t:|1759049172
|move|p1a: Scizor|Bullet Punch|p2a: Thundurus
|-supereffective|p2a: Thundurus
|-damage|p2a: Thundurus|0 fnt
|faint|p2a: Thundurus
|
|upkeep
|
|t:|1759049181
|switch|p2a: Glimmora|Glimmora, F|100/100
|turn|4
|
|t:|1759049197
|move|p1a: Scizor|Bullet Punch|p2a: Glimmora
|-supereffective|p2a: Glimmora
|-enditem|p2a: Glimmora|Focus Sash
|-damage|p2a: Glimmora|1/100
|-activate|p2a: Glimmora|ability: Toxic Debris
|-sidestart|p1: hyper-serious|move: Toxic Spikes
|move|p2a: Glimmora|Stealth Rock|p1a: Scizor
|-sidestart|p1: hyper-serious|move: Stealth Rock
|
|upkeep
|turn|5
|
|t:|1759049205
|move|p1a: Scizor|Bullet Punch|p2a: Glimmora
|-supereffective|p2a: Glimmora
|-damage|p2a: Glimmora|0 fnt
|-activate|p2a: Glimmora|ability: Toxic Debris
|-sidestart|p1: hyper-serious|move: Toxic Spikes
|faint|p2a: Glimmora
|
|upkeep
|
|t:|1759049223
|switch|p2a: Skeledirge|Skeledirge, M|100/100
|turn|6
|
|t:|1759049238
|switch|p1a: Tatsugiri|Tatsugiri, M|100/100
|move|p2a: Skeledirge|Torch Song|p1a: Tatsugiri
|-resisted|p1a: Tatsugiri
|-damage|p1a: Tatsugiri|93/100
|-boost|p2a: Skeledirge|spa|1
|
|upkeep
|turn|7
|
|t:|1759049246
|move|p1a: Tatsugiri|Hydro Pump|p2a: Skeledirge|[miss]
|-miss|p1a: Tatsugiri|p2a: Skeledirge
|move|p2a: Skeledirge|Will-O-Wisp|p1a: Tatsugiri
|-status|p1a: Tatsugiri|brn
|
|-damage|p1a: Tatsugiri|86/100 brn|[from] brn
|upkeep
|turn|8
|
|t:|1759049253
|move|p1a: Tatsugiri|Hydro Pump|p2a: Skeledirge
|-supereffective|p2a: Skeledirge
|-damage|p2a: Skeledirge|16/100
|move|p2a: Skeledirge|Hex|p1a: Tatsugiri
|-damage|p1a: Tatsugiri|4/100 brn
|
|-damage|p1a: Tatsugiri|0 fnt|[from] brn
|faint|p1a: Tatsugiri
|upkeep
|
|t:|1759049258
|switch|p1a: Landorus|Landorus-Therian, M|100/100
|-damage|p1a: Landorus|88/100|[from] Stealth Rock
|-ability|p1a: Landorus|Intimidate|boost
|-unboost|p2a: Skeledirge|atk|1
|turn|9
|
|t:|1759049265
|move|p1a: Landorus|Stealth Rock|p2a: Skeledirge
|-sidestart|p2: mewcrr|move: Stealth Rock
|move|p2a: Skeledirge|Slack Off|p2a: Skeledirge
|-heal|p2a: Skeledirge|66/100
|
|upkeep
|turn|10
|
|t:|1759049272
|move|p1a: Landorus|Earthquake|p2a: Skeledirge
|-supereffective|p2a: Skeledirge
|-damage|p2a: Skeledirge|0 fnt
|faint|p2a: Skeledirge
|
|upkeep
|
|t:|1759049291
|switch|p2a: Indeedee|Indeedee, M|100/100
|-damage|p2a: Indeedee|88/100|[from] Stealth Rock
|-fieldstart|move: Psychic Terrain|[from] ability: Psychic Surge|[of] p2a: Indeedee
|turn|11
|
|t:|1759049298
|move|p2a: Indeedee|Expanding Force|p1a: Landorus
|-damage|p1a: Landorus|10/100
|move|p1a: Landorus|Taunt|p2a: Indeedee
|-start|p2a: Indeedee|move: Taunt
|
|upkeep
|turn|12
|
|t:|1759049303
|move|p2a: Indeedee|Expanding Force|p1a: Landorus
|-damage|p1a: Landorus|0 fnt
|faint|p1a: Landorus
|
|upkeep
|
|t:|1759049307
|switch|p1a: Scizor|Scizor, M|76/100
|-damage|p1a: Scizor|64/100|[from] Stealth Rock
|turn|13
|
|t:|1759049311
|move|p2a: Indeedee|Expanding Force|p1a: Scizor
|-resisted|p1a: Scizor
|-damage|p1a: Scizor|20/100
|move|p1a: Scizor|U-turn|p2a: Indeedee
|-supereffective|p2a: Indeedee
|-damage|p2a: Indeedee|0 fnt
|faint|p2a: Indeedee
|
|t:|1759049320
|switch|p1a: Zarude|Zarude|36/100|[from] U-turn
|-status|p1a: Zarude|tox
|-damage|p1a: Zarude|24/100 tox|[from] Stealth Rock
|
|-damage|p1a: Zarude|18/100 tox|[from] psn
|upkeep
|
|t:|1759049327
|switch|p2a: Umbreon|Umbreon, F|100/100
|-damage|p2a: Umbreon|88/100|[from] Stealth Rock
|turn|14
|
|t:|1759049333
|move|p1a: Zarude|Close Combat|p2a: Umbreon
|-supereffective|p2a: Umbreon
|-damage|p2a: Umbreon|21/100
|-unboost|p1a: Zarude|def|1
|-unboost|p1a: Zarude|spd|1
|move|p2a: Umbreon|Mean Look|p1a: Zarude
|-activate|p1a: Zarude|trapped
|
|-heal|p2a: Umbreon|27/100|[from] item: Leftovers
|-damage|p1a: Zarude|6/100 tox|[from] psn
|upkeep
|turn|15
|
|t:|1759049362
|move|p1a: Zarude|Power Whip|p2a: Umbreon
|-damage|p2a: Umbreon|0 fnt
|faint|p2a: Umbreon
|
|-damage|p1a: Zarude|0 fnt|[from] psn
|faint|p1a: Zarude
|-fieldend|move: Psychic Terrain
|upkeep
|
|t:|1759049387
|switch|p1a: Latias|Latias, F|100/100
|switch|p2a: Dittu|Tentacruel, M|100/100
|-damage|p1a: Latias|88/100|[from] Stealth Rock
|-damage|p2a: Dittu|88/100|[from] Stealth Rock
|turn|16
|
|t:|1759049397
|move|p1a: Latias|Psychic|p2a: Dittu
|-supereffective|p2a: Dittu
|-damage|p2a: Dittu|4/100
|move|p2a: Dittu|Swords Dance|p2a: Dittu
|-boost|p2a: Dittu|atk|2
|
|-heal|p1a: Latias|94/100|[from] item: Leftovers
|-heal|p2a: Dittu|10/100|[from] item: Leftovers
|upkeep
|turn|17
|
|t:|1759049409
|move|p1a: Latias|Psychic|p2a: Dittu
|-supereffective|p2a: Dittu
|-damage|p2a: Dittu|0 fnt
|faint|p2a: Dittu
|
|win|hyper-serious
|raw|hyper-serious's rating: 1195 &rarr; <strong>1213</strong><br />(+18 for winning)
|raw|mewcrr's rating: 1101 &rarr; <strong>1083</strong><br />(-18 for losing)
|l|☆mewcrr
|player|p2|
|l|☆hyper-serious
|player|p1|
