|badge|p1|silver|gen9ou|30-6
|html|<div class="broadcast-red"><strong>This battle is required to be public due to one or more player having a season medal.</strong><br />During the public phase, you can discuss the state of the ladder <a href="/seasondiscussion">in a special chatroom.</a></div>
|uhtml|medal-msg|<div class="broadcast-blue">Curious what those medals under the avatar are? PS now has Ladder Seasons! For more information, check out the <a href="https://www.smogon.com/forums/threads/3740067/">thread on Smogon.</a></div>
|badge|p2|silver|gen9ou|30-6
|uhtml|medal-msg|<div class="broadcast-blue">Curious what those medals under the avatar are? PS now has Ladder Seasons! For more information, check out the <a href="https://www.smogon.com/forums/threads/3740067/">thread on Smogon.</a></div>
|raw|<div class="broadcast-blue"><strong>This battle is required to be public due to a player having a name starting with 'medal'.</div>
|j|☆send it to me
|j|☆LT124YH Ghoul
|t:|1758970682
|gametype|singles
|player|p1|send it to me|musician|1932
|player|p2|LT124YH Ghoul|#wcop2024asia|1962
|gen|9
|tier|[Gen 9] OU
|rated|
|rule|HP Percentage Mod: HP is shown in percentages
|rule|Endless Battle Clause: Forcing endless battles is banned
|rule|Species Clause: Limit one of each Pokémon
|rule|OHKO Clause: OHKO moves are banned
|rule|Evasion Items Clause: Evasion items are banned
|rule|Evasion Moves Clause: Evasion moves are banned
|rule|Evasion Abilities Clause: Evasion abilities are banned
|rule|Sleep Moves Clause: Sleep-inducing moves are banned
|clearpoke
|poke|p1|Great Tusk|
|poke|p1|Kingambit, M|
|poke|p1|Slither Wing|
|poke|p1|Tornadus-Therian, M|
|poke|p1|Torkoal, M|
|poke|p1|Walking Wake|
|poke|p2|Enamorus, F|
|poke|p2|Araquanid, M|
|poke|p2|Gholdengo|
|poke|p2|Iron Valiant|
|poke|p2|Kingambit, M|
|poke|p2|Great Tusk|
|teampreview
|inactive|Battle timer is ON: inactive players will automatically lose when time's up. (requested by LT124YH Ghoul)
|j| locked in bro
|j| idivinst
|j| larp legion
|l| larp legion
|inactive|send it to me has 120 seconds left.
|j| larp legion
|c|☆send it to me|wait why is this public
|c|☆send it to me|end of a season?
|c|☆LT124YH Ghoul|ye
|c|☆send it to me|aight
|c|☆LT124YH Ghoul|last 3 days of the month
|
|t:|1758970740
|teamsize|p1|6
|teamsize|p2|6
|start
|switch|p1a: Tornadus|Tornadus-Therian, M|100/100
|switch|p2a: Robot|Gholdengo|100/100
|turn|1
|j| weirdhamsters alt
|
|t:|1758970748
|move|p2a: Robot|Shadow Ball|p1a: Tornadus
|-damage|p1a: Tornadus|82/100
|move|p1a: Tornadus|Knock Off|p2a: Robot
|-supereffective|p2a: Robot
|-damage|p2a: Robot|59/100
|-enditem|p2a: Robot|Covert Cloak|[from] move: Knock Off|[of] p1a: Tornadus
|
|upkeep
|turn|2
|
|t:|1758970752
|move|p2a: Robot|Recover|p2a: Robot
|-heal|p2a: Robot|100/100
|move|p1a: Tornadus|Heat Wave|p2a: Robot
|-supereffective|p2a: Robot
|-damage|p2a: Robot|57/100
|
|upkeep
|turn|3
|n| weirdhamsters alt|weirdhamstersalt
|
|t:|1758970755
|move|p2a: Robot|Recover|p2a: Robot
|-heal|p2a: Robot|100/100
|move|p1a: Tornadus|Heat Wave|p2a: Robot
|-supereffective|p2a: Robot
|-damage|p2a: Robot|53/100
|
|upkeep
|turn|4
|j| amimec
|
|t:|1758970784
|switch|p2a: Invincible|Great Tusk|100/100
|-enditem|p2a: Invincible|Booster Energy
|-activate|p2a: Invincible|ability: Protosynthesis|[fromitem]
|-start|p2a: Invincible|protosynthesisspe
|move|p1a: Tornadus|Heat Wave|p2a: Invincible
|-damage|p2a: Invincible|72/100
|
|upkeep
|turn|5
|
|t:|1758970805
|switch|p1a: Walking Wake|Walking Wake|100/100
|move|p2a: Invincible|Head Smash|p1a: Walking Wake
|-damage|p1a: Walking Wake|54/100
|-damage|p2a: Invincible|53/100|[from] Recoil
|
|upkeep
|turn|6
|
|t:|1758970809
|move|p1a: Walking Wake|Hydro Steam|p2a: Invincible
|-supereffective|p2a: Invincible
|-damage|p2a: Invincible|0 fnt
|faint|p2a: Invincible
|-end|p2a: Invincible|Protosynthesis|[silent]
|
|upkeep
|
|t:|1758970813
|switch|p2a: Doc Seismic|Araquanid, M|100/100
|turn|7
|
|t:|1758970819
|-end|p1a: Walking Wake|Protosynthesis|[silent]
|switch|p1a: Tornadus|Tornadus-Therian, M|100/100
|move|p2a: Doc Seismic|Sticky Web|p1a: Tornadus
|-sidestart|p1: send it to me|move: Sticky Web
|
|upkeep
|turn|8
|
|t:|1758970821
|move|p1a: Tornadus|Bleakwind Storm|p2a: Doc Seismic
|-supereffective|p2a: Doc Seismic
|-damage|p2a: Doc Seismic|39/100
|move|p2a: Doc Seismic|Liquidation|p1a: Tornadus
|-damage|p1a: Tornadus|27/100
|
|upkeep
|turn|9
|
|t:|1758970826
|switch|p2a: Robot|Gholdengo|53/100
|move|p1a: Tornadus|Bleakwind Storm|p2a: Robot
|-resisted|p2a: Robot
|-damage|p2a: Robot|34/100
|
|upkeep
|turn|10
|
|t:|1758970830
|switch|p1a: Torkoal|Torkoal, M, shiny|100/100
|-activate|p1a: Torkoal|move: Sticky Web
|-unboost|p1a: Torkoal|spe|1
|-weather|SunnyDay|[from] ability: Drought|[of] p1a: Torkoal
|move|p2a: Robot|Make It Rain|p1a: Torkoal
|-resisted|p1a: Torkoal
|-damage|p1a: Torkoal|59/100
|-unboost|p2a: Robot|spa|1
|
|-weather|SunnyDay|[upkeep]
|upkeep
|turn|11
|
|t:|1758970840
|move|p2a: Robot|Shadow Ball|p1a: Torkoal
|-damage|p1a: Torkoal|25/100
|move|p1a: Torkoal|Stealth Rock|p2a: Robot
|-sidestart|p2: LT124YH Ghoul|move: Stealth Rock
|
|-weather|SunnyDay|[upkeep]
|upkeep
|turn|12
|
|t:|1758970845
|switch|p1a: Tornadus|Tornadus-Therian, M|60/100
|move|p2a: Robot|Recover|p2a: Robot
|-heal|p2a: Robot|84/100
|
|-weather|SunnyDay|[upkeep]
|upkeep
|turn|13
|
|t:|1758970849
|switch|p2a: Doc Seismic|Araquanid, M|39/100
|-damage|p2a: Doc Seismic|15/100|[from] Stealth Rock
|move|p1a: Tornadus|Heat Wave|p2a: Doc Seismic
|-damage|p2a: Doc Seismic|0 fnt
|faint|p2a: Doc Seismic
|
|-weather|SunnyDay|[upkeep]
|upkeep
|inactive|LT124YH Ghoul has 120 seconds left.
|j| w4sh1
|inactive|LT124YH Ghoul has 90 seconds left.
|l| weirdhamsters alt
|j| weirdhamsters alr
|inactive|LT124YH Ghoul has 60 seconds left.
|l| w4sh1
|inactive|LT124YH Ghoul has 30 seconds left.
|
|t:|1758970975
|switch|p2a: Robot|Gholdengo|84/100
|-damage|p2a: Robot|77/100|[from] Stealth Rock
|turn|14
|
|t:|1758970983
|switch|p1a: Kingambit|Kingambit, M|100/100
|-activate|p1a: Kingambit|move: Sticky Web
|-unboost|p1a: Kingambit|spe|1
|move|p2a: Robot|Nasty Plot|p2a: Robot
|-boost|p2a: Robot|spa|2
|
|-weather|SunnyDay|[upkeep]
|upkeep
|turn|15
|
|t:|1758970991
|switch|p2a: Omni-Man|Kingambit, M|100/100
|-damage|p2a: Omni-Man|94/100|[from] Stealth Rock
|-activate|p2a: Omni-Man|ability: Supreme Overlord
|-start|p2a: Omni-Man|fallen2|[silent]
|-item|p2a: Omni-Man|Air Balloon
|move|p1a: Kingambit|Sucker Punch||[still]
|-fail|p1a: Kingambit
|
|-weather|SunnyDay|[upkeep]
|upkeep
|turn|16
|
|t:|1758970997
|-end|p1a: Kingambit|fallenundefined|[silent]
|switch|p1a: Great Tusk|Great Tusk, shiny|100/100
|-activate|p1a: Great Tusk|move: Sticky Web
|-unboost|p1a: Great Tusk|spe|1
|-activate|p1a: Great Tusk|ability: Protosynthesis
|-start|p1a: Great Tusk|protosynthesisatk
|move|p2a: Omni-Man|Low Kick|p1a: Great Tusk
|-damage|p1a: Great Tusk|64/100
|
|-weather|SunnyDay|[upkeep]
|upkeep
|turn|17
|
|t:|1758971006
|-end|p2a: Omni-Man|fallen2|[silent]
|switch|p2a: Robot|Gholdengo|77/100
|-damage|p2a: Robot|71/100|[from] Stealth Rock
|move|p1a: Great Tusk|Temper Flare|p2a: Robot
|-supereffective|p2a: Robot
|-damage|p2a: Robot|0 fnt
|faint|p2a: Robot
|
|-weather|none
|-end|p1a: Great Tusk|Protosynthesis
|upkeep
|
|t:|1758971021
|switch|p2a: Conquest|Enamorus, F|100/100
|-damage|p2a: Conquest|76/100|[from] Stealth Rock
|turn|18
|n| weirdhamsters alr|weirdhamstersalr
|c| weirdhamsters alr|cteamed
|
|t:|1758971035
|-end|p1a: Great Tusk|Protosynthesis|[silent]
|switch|p1a: Torkoal|Torkoal, M, shiny|25/100
|-activate|p1a: Torkoal|move: Sticky Web
|-unboost|p1a: Torkoal|spe|1
|-weather|SunnyDay|[from] ability: Drought|[of] p1a: Torkoal
|move|p2a: Conquest|Substitute|p2a: Conquest
|-start|p2a: Conquest|Substitute
|-damage|p2a: Conquest|51/100
|
|-weather|SunnyDay|[upkeep]
|-heal|p2a: Conquest|57/100|[from] item: Leftovers
|upkeep
|turn|19
|inactive|LT124YH Ghoul has 30 seconds left.
|
|t:|1758971062
|switch|p1a: Kingambit|Kingambit, M|100/100
|-activate|p1a: Kingambit|move: Sticky Web
|-unboost|p1a: Kingambit|spe|1
|move|p2a: Conquest|Moonblast|p1a: Kingambit
|-damage|p1a: Kingambit|57/100
|
|-weather|SunnyDay|[upkeep]
|-heal|p2a: Conquest|63/100|[from] item: Leftovers
|-heal|p1a: Kingambit|63/100|[from] item: Leftovers
|upkeep
|turn|20
|inactive|LT124YH Ghoul has 30 seconds left.
|inactive|send it to me has 120 seconds left.
|
|t:|1758971082
|-terastallize|p1a: Kingambit|Ghost
|move|p2a: Conquest|Superpower|p1a: Kingambit
|-immune|p1a: Kingambit
|move|p1a: Kingambit|Iron Head|p2a: Conquest
|-supereffective|p2a: Conquest
|-end|p2a: Conquest|Substitute
|
|-weather|SunnyDay|[upkeep]
|-heal|p2a: Conquest|69/100|[from] item: Leftovers
|-heal|p1a: Kingambit|69/100|[from] item: Leftovers
|upkeep
|turn|21
|
|t:|1758971090
|switch|p2a: Omni-Man|Kingambit, M|94/100
|-damage|p2a: Omni-Man|88/100|[from] Stealth Rock
|-activate|p2a: Omni-Man|ability: Supreme Overlord
|-start|p2a: Omni-Man|fallen3|[silent]
|-item|p2a: Omni-Man|Air Balloon
|move|p1a: Kingambit|Iron Head|p2a: Omni-Man
|-resisted|p2a: Omni-Man
|-damage|p2a: Omni-Man|69/100
|-enditem|p2a: Omni-Man|Air Balloon
|
|-weather|SunnyDay|[upkeep]
|-heal|p1a: Kingambit|75/100|[from] item: Leftovers
|upkeep
|turn|22
|inactive|send it to me has 120 seconds left.
|
|t:|1758971119
|-end|p2a: Omni-Man|fallen3|[silent]
|switch|p2a: Conquest|Enamorus, F|69/100
|-damage|p2a: Conquest|44/100|[from] Stealth Rock
|move|p1a: Kingambit|Kowtow Cleave|p2a: Conquest
|-resisted|p2a: Conquest
|-damage|p2a: Conquest|3/100
|
|-weather|SunnyDay|[upkeep]
|-heal|p2a: Conquest|9/100|[from] item: Leftovers
|-heal|p1a: Kingambit|81/100|[from] item: Leftovers
|upkeep
|turn|23
|
|t:|1758971143
|-end|p1a: Kingambit|fallenundefined|[silent]
|switch|p1a: Tornadus|Tornadus-Therian, M|94/100
|move|p2a: Conquest|Moonblast|p1a: Tornadus
|-damage|p1a: Tornadus|72/100
|
|-weather|SunnyDay|[upkeep]
|-heal|p2a: Conquest|16/100|[from] item: Leftovers
|upkeep
|turn|24
|
|t:|1758971151
|move|p2a: Conquest|Moonblast|p1a: Tornadus
|-damage|p1a: Tornadus|51/100
|move|p1a: Tornadus|U-turn|p2a: Conquest
|-resisted|p2a: Conquest
|-damage|p2a: Conquest|8/100
|
|t:|1758971153
|switch|p1a: Slither Wing|Slither Wing|100/100|[from] U-turn
|-activate|p1a: Slither Wing|move: Sticky Web
|-unboost|p1a: Slither Wing|spe|1
|-activate|p1a: Slither Wing|ability: Protosynthesis
|-start|p1a: Slither Wing|protosynthesisatk
|
|-weather|SunnyDay|[upkeep]
|-heal|p2a: Conquest|15/100|[from] item: Leftovers
|upkeep
|turn|25
|
|t:|1758971157
|move|p1a: Slither Wing|First Impression|p2a: Conquest
|-resisted|p2a: Conquest
|-damage|p2a: Conquest|0 fnt
|faint|p2a: Conquest
|
|-weather|none
|-end|p1a: Slither Wing|Protosynthesis
|upkeep
|inactive|LT124YH Ghoul has 30 seconds left.
|
|t:|1758971190
|switch|p2a: Atom Eve|Iron Valiant|100/100
|-damage|p2a: Atom Eve|94/100|[from] Stealth Rock
|-enditem|p2a: Atom Eve|Booster Energy
|-activate|p2a: Atom Eve|ability: Quark Drive|[fromitem]
|-start|p2a: Atom Eve|quarkdrivespa
|turn|26
|inactive|LT124YH Ghoul has 30 seconds left.
|inactive|send it to me has 120 seconds left.
|inactive|LT124YH Ghoul has 20 seconds left.
|inactive|LT124YH Ghoul has 15 seconds left.
|inactive|LT124YH Ghoul has 10 seconds left.
|inactive|LT124YH Ghoul has 5 seconds left.
|
|t:|1758971227
|move|p2a: Atom Eve|Calm Mind|p2a: Atom Eve
|-boost|p2a: Atom Eve|spa|1
|-boost|p2a: Atom Eve|spd|1
|move|p1a: Slither Wing|U-turn|p2a: Atom Eve
|-resisted|p2a: Atom Eve
|-damage|p2a: Atom Eve|81/100
|
|t:|1758971230
|-end|p1a: Slither Wing|Protosynthesis|[silent]
|switch|p1a: Tornadus|Tornadus-Therian, M|84/100|[from] U-turn
|
|upkeep
|turn|27
|inactive|LT124YH Ghoul has 20 seconds left this turn.
|inactive|LT124YH Ghoul has 15 seconds left.
|
|t:|1758971235
|-terastallize|p2a: Atom Eve|Electric
|move|p2a: Atom Eve|Thunderbolt|p1a: Tornadus
|-supereffective|p1a: Tornadus
|-damage|p1a: Tornadus|0 fnt
|faint|p1a: Tornadus
|
|upkeep
|
|t:|1758971239
|switch|p1a: Torkoal|Torkoal, M, shiny|25/100
|-activate|p1a: Torkoal|move: Sticky Web
|-unboost|p1a: Torkoal|spe|1
|-weather|SunnyDay|[from] ability: Drought|[of] p1a: Torkoal
|turn|28
|inactive|LT124YH Ghoul has 30 seconds left this turn.
|inactive|LT124YH Ghoul has 20 seconds left.
|
|t:|1758971254
|move|p2a: Atom Eve|Moonblast|p1a: Torkoal
|-resisted|p1a: Torkoal
|-damage|p1a: Torkoal|0 fnt
|faint|p1a: Torkoal
|
|-weather|SunnyDay|[upkeep]
|upkeep
|
|t:|1758971258
|switch|p1a: Slither Wing|Slither Wing|100/100
|-activate|p1a: Slither Wing|move: Sticky Web
|-unboost|p1a: Slither Wing|spe|1
|-activate|p1a: Slither Wing|ability: Protosynthesis
|-start|p1a: Slither Wing|protosynthesisatk
|turn|29
|inactive|LT124YH Ghoul has 30 seconds left.
|
|t:|1758971263
|move|p1a: Slither Wing|First Impression|p2a: Atom Eve
|-damage|p2a: Atom Eve|0 fnt
|faint|p2a: Atom Eve
|-end|p2a: Atom Eve|Quark Drive|[silent]
|
|-weather|SunnyDay|[upkeep]
|upkeep
|
|t:|1758971265
|switch|p2a: Omni-Man|Kingambit, M|69/100
|-damage|p2a: Omni-Man|63/100|[from] Stealth Rock
|-activate|p2a: Omni-Man|ability: Supreme Overlord
|-start|p2a: Omni-Man|fallen5|[silent]
|turn|30
|c|☆LT124YH Ghoul|gg
|
|t:|1758971280
|move|p2a: Omni-Man|Swords Dance|p2a: Omni-Man
|-boost|p2a: Omni-Man|atk|2
|move|p1a: Slither Wing|Low Kick|p2a: Omni-Man
|-supereffective|p2a: Omni-Man
|-damage|p2a: Omni-Man|0 fnt
|faint|p2a: Omni-Man
|-end|p2a: Omni-Man|fallen5|[silent]
|
|win|send it to me
|raw|send it to me's rating: 1932 &rarr; <strong>1954</strong><br />(+22 for winning)
|raw|LT124YH Ghoul's rating: 1962 &rarr; <strong>1940</strong><br />(-22 for losing)
|c|☆send it to me|gg
|l| weirdhamsters alr
|l|☆LT124YH Ghoul
|player|p2|
|l|☆send it to me
|player|p1|
|l| idivinst
|l| locked in bro
|j|☆LT124YH Ghoul
|player|p2|LT124YH Ghoul|#wcop2024asia|
|l|☆LT124YH Ghoul
|player|p2|
