|j|☆birdbrostm
|j|☆2021hondaaccord
|t:|1758946512
|gametype|singles
|player|p1|birdbrostm|n|1165
|player|p2|2021hondaaccord|169|1219
|gen|9
|tier|[Gen 9] OU
|rated|
|rule|HP Percentage Mod: HP is shown in percentages
|rule|Endless Battle Clause: Forcing endless battles is banned
|rule|Species Clause: Limit one of each Pokémon
|rule|OHKO Clause: OHKO moves are banned
|rule|Evasion Items Clause: Evasion items are banned
|rule|Evasion Moves Clause: Evasion moves are banned
|rule|Evasion Abilities Clause: Evasion abilities are banned
|rule|Sleep Moves Clause: Sleep-inducing moves are banned
|clearpoke
|poke|p1|Landorus-Therian, M|
|poke|p1|Indeedee, M|
|poke|p1|Ogerpon-Wellspring, F|
|poke|p1|Cinderace, M|
|poke|p1|Iron Valiant|
|poke|p1|Alcremie-Ruby-Swirl, F|
|poke|p2|Cinderace, F|
|poke|p2|Darkrai|
|poke|p2|Gliscor, F|
|poke|p2|Dragonite, M|
|poke|p2|Weavile, F|
|poke|p2|Cloyster, F|
|teampreview
|inactive|Battle timer is ON: inactive players will automatically lose when time's up. (requested by birdbrostm)
|
|t:|1758946520
|teamsize|p1|6
|teamsize|p2|6
|start
|switch|p1a: Alcremie|Alcremie-Ruby-Swirl, F|100/100
|switch|p2a: Cloyster|Cloyster, F|100/100
|turn|1
|
|t:|1758946534
|move|p2a: Cloyster|Shell Smash|p2a: Cloyster
|-unboost|p2a: Cloyster|def|1
|-unboost|p2a: Cloyster|spd|1
|-boost|p2a: Cloyster|atk|2
|-boost|p2a: Cloyster|spa|2
|-boost|p2a: Cloyster|spe|2
|move|p1a: Alcremie|Acid Armor|p1a: Alcremie
|-boost|p1a: Alcremie|def|2
|
|upkeep
|turn|2
|
|t:|1758946537
|move|p2a: Cloyster|Icicle Spear|p1a: Alcremie
|-damage|p1a: Alcremie|91/100
|-damage|p1a: Alcremie|82/100
|-damage|p1a: Alcremie|73/100
|-damage|p1a: Alcremie|64/100
|-crit|p1a: Alcremie
|-damage|p1a: Alcremie|37/100
|-hitcount|p1a: Alcremie|5
|move|p1a: Alcremie|Acid Armor|p1a: Alcremie
|-boost|p1a: Alcremie|def|2
|
|-heal|p1a: Alcremie|43/100|[from] item: Leftovers
|upkeep
|turn|3
|
|t:|1758946544
|move|p2a: Cloyster|Icicle Spear|p1a: Alcremie
|-damage|p1a: Alcremie|36/100
|-damage|p1a: Alcremie|30/100
|-damage|p1a: Alcremie|24/100
|-damage|p1a: Alcremie|18/100
|-damage|p1a: Alcremie|12/100
|-hitcount|p1a: Alcremie|5
|move|p1a: Alcremie|Draining Kiss|p2a: Cloyster
|-damage|p2a: Cloyster|30/100
|-heal|p1a: Alcremie|51/100|[from] drain|[of] p2a: Cloyster
|
|-heal|p1a: Alcremie|57/100|[from] item: Leftovers
|upkeep
|turn|4
|
|t:|1758946548
|move|p2a: Cloyster|Icicle Spear|p1a: Alcremie
|-damage|p1a: Alcremie|50/100
|-damage|p1a: Alcremie|43/100
|-damage|p1a: Alcremie|36/100
|-damage|p1a: Alcremie|31/100
|-damage|p1a: Alcremie|24/100
|-hitcount|p1a: Alcremie|5
|move|p1a: Alcremie|Acid Armor|p1a: Alcremie
|-boost|p1a: Alcremie|def|2
|
|-heal|p1a: Alcremie|30/100|[from] item: Leftovers
|upkeep
|turn|5
|
|t:|1758946551
|move|p2a: Cloyster|Icicle Spear|p1a: Alcremie
|-damage|p1a: Alcremie|26/100
|-damage|p1a: Alcremie|20/100
|-damage|p1a: Alcremie|15/100
|-damage|p1a: Alcremie|10/100
|-damage|p1a: Alcremie|5/100
|-hitcount|p1a: Alcremie|5
|move|p1a: Alcremie|Draining Kiss|p2a: Cloyster
|-crit|p2a: Cloyster
|-damage|p2a: Cloyster|0 fnt
|-heal|p1a: Alcremie|21/100|[from] drain|[of] p2a: Cloyster
|faint|p2a: Cloyster
|
|-heal|p1a: Alcremie|27/100|[from] item: Leftovers
|upkeep
|
|t:|1758946559
|switch|p2a: Darkrai|Darkrai|100/100
|turn|6
|
|t:|1758946562
|move|p2a: Darkrai|Sludge Bomb|p1a: Alcremie
|-supereffective|p1a: Alcremie
|-damage|p1a: Alcremie|0 fnt
|faint|p1a: Alcremie
|-damage|p2a: Darkrai|91/100|[from] item: Life Orb
|
|upkeep
|
|t:|1758946567
|switch|p1a: Landorus|Landorus-Therian, M|100/100
|-ability|p1a: Landorus|Intimidate|boost
|-unboost|p2a: Darkrai|atk|1
|turn|7
|
|t:|1758946573
|move|p2a: Darkrai|Dark Pulse|p1a: Landorus
|-damage|p1a: Landorus|25/100
|-damage|p2a: Darkrai|81/100|[from] item: Life Orb
|move|p1a: Landorus|Stealth Rock|p2a: Darkrai
|-sidestart|p2: 2021hondaaccord|move: Stealth Rock
|
|upkeep
|turn|8
|
|t:|1758946584
|switch|p1a: Iron Valiant|Iron Valiant|100/100
|-enditem|p1a: Iron Valiant|Booster Energy
|-activate|p1a: Iron Valiant|ability: Quark Drive|[fromitem]
|-start|p1a: Iron Valiant|quarkdrivespe
|move|p2a: Darkrai|Dark Pulse|p1a: Iron Valiant
|-resisted|p1a: Iron Valiant
|-damage|p1a: Iron Valiant|77/100
|-damage|p2a: Darkrai|71/100|[from] item: Life Orb
|
|upkeep
|turn|9
|
|t:|1758946606
|switch|p2a: Cinderace|Cinderace, F|100/100
|move|p1a: Iron Valiant|Calm Mind|p1a: Iron Valiant
|-boost|p1a: Iron Valiant|spa|1
|-boost|p1a: Iron Valiant|spd|1
|
|upkeep
|turn|10
|
|t:|1758946618
|move|p1a: Iron Valiant|Calm Mind|p1a: Iron Valiant
|-boost|p1a: Iron Valiant|spa|1
|-boost|p1a: Iron Valiant|spd|1
|move|p2a: Cinderace|Pyro Ball|p1a: Iron Valiant
|-damage|p1a: Iron Valiant|0 fnt
|faint|p1a: Iron Valiant
|-end|p1a: Iron Valiant|Quark Drive|[silent]
|
|upkeep
|
|t:|1758946623
|switch|p1a: Ogerpon|Ogerpon-Wellspring, F|100/100
|turn|11
|
|t:|1758946628
|move|p2a: Cinderace|Pyro Ball|p1a: Ogerpon
|-damage|p1a: Ogerpon|22/100
|move|p1a: Ogerpon|Focus Energy|p1a: Ogerpon
|-start|p1a: Ogerpon|move: Focus Energy
|
|upkeep
|turn|12
|
|t:|1758946634
|move|p2a: Cinderace|Sucker Punch|p1a: Ogerpon
|-start|p2a: Cinderace|typechange|Dark|[from] ability: Libero
|-damage|p1a: Ogerpon|0 fnt
|faint|p1a: Ogerpon
|
|upkeep
|
|t:|1758946642
|switch|p1a: Cinderace|Cinderace, M|100/100
|turn|13
|
|t:|1758946646
|switch|p2a: Gliscor|Gliscor, F|100/100
|-damage|p2a: Gliscor|88/100|[from] Stealth Rock
|move|p1a: Cinderace|High Jump Kick|p2a: Gliscor
|-start|p1a: Cinderace|typechange|Fighting|[from] ability: Libero
|-resisted|p2a: Gliscor
|-damage|p2a: Gliscor|67/100
|
|-status|p2a: Gliscor|tox|[from] item: Toxic Orb
|upkeep
|turn|14
|
|t:|1758946653
|-terastallize|p1a: Cinderace|Stellar
|move|p1a: Cinderace|Pyro Ball|p2a: Gliscor
|-damage|p2a: Gliscor|35/100 tox
|move|p2a: Gliscor|Substitute|p2a: Gliscor
|-start|p2a: Gliscor|Substitute
|-damage|p2a: Gliscor|10/100 tox
|
|-heal|p2a: Gliscor|22/100 tox|[from] ability: Poison Heal
|upkeep
|turn|15
|
|t:|1758946660
|move|p2a: Gliscor|Protect|p2a: Gliscor
|-singleturn|p2a: Gliscor|Protect
|move|p1a: Cinderace|Pyro Ball|p2a: Gliscor
|-activate|p2a: Gliscor|move: Protect
|
|-heal|p2a: Gliscor|35/100 tox|[from] ability: Poison Heal
|upkeep
|turn|16
|
|t:|1758946663
|move|p1a: Cinderace|Pyro Ball|p2a: Gliscor
|-end|p2a: Gliscor|Substitute
|move|p2a: Gliscor|Toxic|p1a: Cinderace
|-status|p1a: Cinderace|tox
|
|-damage|p1a: Cinderace|95/100 tox|[from] psn
|-heal|p2a: Gliscor|47/100 tox|[from] ability: Poison Heal
|upkeep
|turn|17
|
|t:|1758946666
|move|p2a: Gliscor|Protect|p2a: Gliscor
|-singleturn|p2a: Gliscor|Protect
|move|p1a: Cinderace|Pyro Ball|p2a: Gliscor
|-activate|p2a: Gliscor|move: Protect
|
|-damage|p1a: Cinderace|83/100 tox|[from] psn
|-heal|p2a: Gliscor|60/100 tox|[from] ability: Poison Heal
|upkeep
|turn|18
|
|t:|1758946669
|move|p1a: Cinderace|Pyro Ball|p2a: Gliscor
|-damage|p2a: Gliscor|32/100 tox
|move|p2a: Gliscor|Substitute|p2a: Gliscor
|-start|p2a: Gliscor|Substitute
|-damage|p2a: Gliscor|7/100 tox
|
|-damage|p1a: Cinderace|65/100 tox|[from] psn
|-heal|p2a: Gliscor|19/100 tox|[from] ability: Poison Heal
|upkeep
|turn|19
|
|t:|1758946674
|move|p2a: Gliscor|Protect|p2a: Gliscor
|-singleturn|p2a: Gliscor|Protect
|move|p1a: Cinderace|Pyro Ball|p2a: Gliscor
|-activate|p2a: Gliscor|move: Protect
|
|-damage|p1a: Cinderace|41/100 tox|[from] psn
|-heal|p2a: Gliscor|32/100 tox|[from] ability: Poison Heal
|upkeep
|turn|20
|
|t:|1758946679
|move|p1a: Cinderace|Pyro Ball|p2a: Gliscor
|-end|p2a: Gliscor|Substitute
|move|p2a: Gliscor|Substitute|p2a: Gliscor
|-start|p2a: Gliscor|Substitute
|-damage|p2a: Gliscor|7/100 tox
|
|-damage|p1a: Cinderace|11/100 tox|[from] psn
|-heal|p2a: Gliscor|19/100 tox|[from] ability: Poison Heal
|upkeep
|turn|21
|-message|birdbrostm forfeited.
|
|win|2021hondaaccord
|raw|birdbrostm's rating: 1165 &rarr; <strong>1144</strong><br />(-21 for losing)
|raw|2021hondaaccord's rating: 1219 &rarr; <strong>1240</strong><br />(+21 for winning)
|l|☆birdbrostm
|player|p1|
|l|☆2021hondaaccord
|player|p2|
