|j|☆Jefejayy
|j|☆cozyprincemshroom
|t:|1759009744
|gametype|singles
|player|p1|Jefejayy|red|1105
|player|p2|cozyprincemshroom|waiter|1099
|gen|9
|tier|[Gen 9] OU
|rated|
|rule|HP Percentage Mod: HP is shown in percentages
|rule|Endless Battle Clause: Forcing endless battles is banned
|rule|Species Clause: Limit one of each Pokémon
|rule|OHKO Clause: OHKO moves are banned
|rule|Evasion Items Clause: Evasion items are banned
|rule|Evasion Moves Clause: Evasion moves are banned
|rule|Evasion Abilities Clause: Evasion abilities are banned
|rule|Sleep Moves Clause: Sleep-inducing moves are banned
|clearpoke
|poke|p1|Ceruledge, F|
|poke|p1|Arbok, M|
|poke|p1|Luxray, M|
|poke|p1|Corviknight, F|
|poke|p1|Decidueye-Hisui, F|
|poke|p1|Hydreigon, F|
|poke|p2|Munkidori, M|
|poke|p2|Lycanroc-Dusk, F|
|poke|p2|Altaria, M|
|poke|p2|Poliwrath, M|
|poke|p2|Meganium, F|
|poke|p2|Inteleon, M|
|teampreview
|inactive|Battle timer is ON: inactive players will automatically lose when time's up. (requested by cozyprincemshroom)
|
|t:|1759009749
|teamsize|p1|6
|teamsize|p2|6
|start
|switch|p1a: Corviknight|Corviknight, F, shiny|100/100
|switch|p2a: Munkidori|Munkidori, M|100/100
|turn|1
|
|t:|1759009756
|move|p2a: Munkidori|Trick|p1a: Corviknight
|-activate|p2a: Munkidori|move: Trick|[of] p1a: Corviknight
|-item|p1a: Corviknight|Choice Scarf|[from] move: Trick
|-item|p2a: Munkidori|Leftovers|[from] move: Trick
|move|p1a: Corviknight|Tailwind|p1a: Corviknight
|-sidestart|p1: Jefejayy|move: Tailwind
|
|upkeep
|turn|2
|
|t:|1759009767
|switch|p1a: Arbok|Arbok, M|100/100
|-ability|p1a: Arbok|Intimidate|boost
|-unboost|p2a: Munkidori|atk|1
|move|p2a: Munkidori|Nasty Plot|p2a: Munkidori
|-boost|p2a: Munkidori|spa|2
|
|upkeep
|turn|3
|
|t:|1759009776
|move|p1a: Arbok|Earthquake|p2a: Munkidori
|-supereffective|p2a: Munkidori
|-damage|p2a: Munkidori|5/100
|move|p2a: Munkidori|Psychic|p1a: Arbok
|-supereffective|p1a: Arbok
|-damage|p1a: Arbok|0 fnt
|faint|p1a: Arbok
|
|-heal|p2a: Munkidori|11/100|[from] item: Leftovers
|upkeep
|
|t:|1759009783
|switch|p1a: Luxray|Luxray, M|100/100
|turn|4
|
|t:|1759009789
|move|p1a: Luxray|Trailblaze|p2a: Munkidori
|-resisted|p2a: Munkidori
|-damage|p2a: Munkidori|0 fnt
|-boost|p1a: Luxray|spe|1
|faint|p2a: Munkidori
|
|-sideend|p1: Jefejayy|move: Tailwind
|-status|p1a: Luxray|brn|[from] item: Flame Orb
|upkeep
|
|t:|1759009801
|switch|p2a: Meganium|Meganium, F|100/100
|turn|5
|
|t:|1759009808
|move|p1a: Luxray|Thunder Wave|p2a: Meganium
|-status|p2a: Meganium|par
|move|p2a: Meganium|Encore|p1a: Luxray
|-start|p1a: Luxray|Encore
|
|-damage|p1a: Luxray|95/100 brn|[from] brn
|upkeep
|turn|6
|
|t:|1759009817
|switch|p1a: Ceruledge|Ceruledge, F|100/100
|switch|p2a: Altaria|Altaria, M|100/100
|
|upkeep
|turn|7
|
|t:|1759009829
|switch|p2a: Inteleon|Inteleon, M|100/100
|move|p1a: Ceruledge|Poltergeist|p2a: Inteleon|[miss]
|-miss|p1a: Ceruledge|p2a: Inteleon
|
|upkeep
|turn|8
|
|t:|1759009839
|switch|p1a: Decidueye|Decidueye-Hisui, F, shiny|100/100
|move|p2a: Inteleon|Scald|p1a: Decidueye
|-resisted|p1a: Decidueye
|-damage|p1a: Decidueye|77/100
|-damage|p2a: Inteleon|91/100|[from] item: Life Orb
|
|upkeep
|turn|9
|
|t:|1759009849
|move|p2a: Inteleon|Ice Beam|p1a: Decidueye
|-supereffective|p1a: Decidueye
|-damage|p1a: Decidueye|14/100
|-damage|p2a: Inteleon|81/100|[from] item: Life Orb
|move|p1a: Decidueye|Triple Arrows|p2a: Inteleon
|-damage|p2a: Inteleon|24/100
|
|upkeep
|turn|10
|
|t:|1759009858
|move|p2a: Inteleon|Ice Beam|p1a: Decidueye
|-supereffective|p1a: Decidueye
|-damage|p1a: Decidueye|0 fnt
|faint|p1a: Decidueye
|-damage|p2a: Inteleon|14/100|[from] item: Life Orb
|
|upkeep
|
|t:|1759009865
|switch|p1a: Luxray|Luxray, M|95/100 brn
|turn|11
|
|t:|1759009870
|move|p2a: Inteleon|Scald|p1a: Luxray
|-damage|p1a: Luxray|0 fnt
|faint|p1a: Luxray
|-damage|p2a: Inteleon|4/100|[from] item: Life Orb
|
|upkeep
|
|t:|1759009876
|switch|p1a: Corviknight|Corviknight, F, shiny|100/100
|turn|12
|
|t:|1759009881
|move|p2a: Inteleon|Scald|p1a: Corviknight
|-damage|p1a: Corviknight|44/100
|-damage|p2a: Inteleon|0 fnt|[from] item: Life Orb
|faint|p2a: Inteleon
|move|p1a: Corviknight|Body Press|p2: Inteleon|[notarget]
|-fail|p1a: Corviknight
|
|upkeep
|
|t:|1759009891
|switch|p2a: Altaria|Altaria, M|100/100
|turn|13
|
|t:|1759009896
|switch|p1a: Hydreigon|Hydreigon, F|100/100
|move|p2a: Altaria|Will-O-Wisp|p1a: Hydreigon
|-status|p1a: Hydreigon|brn
|
|-damage|p1a: Hydreigon|94/100 brn|[from] brn
|upkeep
|turn|14
|
|t:|1759009906
|-terastallize|p2a: Altaria|Fairy
|move|p1a: Hydreigon|Draco Meteor|p2a: Altaria
|-immune|p2a: Altaria
|move|p2a: Altaria|Moonblast|p1a: Hydreigon
|-supereffective|p1a: Hydreigon
|-crit|p1a: Hydreigon
|-damage|p1a: Hydreigon|0 fnt
|faint|p1a: Hydreigon
|
|upkeep
|-message|Jefejayy forfeited.
|
|win|cozyprincemshroom
|raw|Jefejayy's rating: 1105 &rarr; <strong>1080</strong><br />(-25 for losing)
|raw|cozyprincemshroom's rating: 1099 &rarr; <strong>1125</strong><br />(+26 for winning)
|l|☆Jefejayy
|player|p1|
|l|☆cozyprincemshroom
|player|p2|
