|j|☆RK Earth 9000
|j|☆PISSjumper
|t:|1758940903
|gametype|singles
|player|p1|RK Earth 9000|volkner|1067
|player|p2|PISSjumper|170|1029
|gen|9
|tier|[Gen 9] OU
|rated|
|rule|HP Percentage Mod: HP is shown in percentages
|rule|Endless Battle Clause: Forcing endless battles is banned
|rule|Species Clause: Limit one of each Pokémon
|rule|OHKO Clause: OHKO moves are banned
|rule|Evasion Items Clause: Evasion items are banned
|rule|Evasion Moves Clause: Evasion moves are banned
|rule|Evasion Abilities Clause: Evasion abilities are banned
|rule|Sleep Moves Clause: Sleep-inducing moves are banned
|clearpoke
|poke|p1|Zapdos|
|poke|p1|Darkrai|
|poke|p1|Yanmega, M|
|poke|p1|Hitmontop, M|
|poke|p1|Iron Boulder|
|poke|p1|Garganacl, F|
|poke|p2|Venusaur, M|
|poke|p2|Ninetales, F|
|poke|p2|Zapdos|
|poke|p2|Darkrai|
|poke|p2|Minior-Blue|
|poke|p2|Dragapult, M|
|teampreview
|inactive|Battle timer is ON: inactive players will automatically lose when time's up. (requested by PISSjumper)
|
|t:|1758940910
|teamsize|p1|6
|teamsize|p2|6
|start
|switch|p1a: Garganacl|Garganacl, F, shiny|100/100
|switch|p2a: Melania|Ninetales, F, shiny|100/100
|-weather|SunnyDay|[from] ability: Drought|[of] p2a: Melania
|turn|1
|
|t:|1758940937
|switch|p2a: No Votes for Women|Darkrai, shiny|100/100
|move|p1a: Garganacl|Salt Cure|p2a: No Votes for Women
|-damage|p2a: No Votes for Women|81/100
|-start|p2a: No Votes for Women|Salt Cure
|
|-weather|SunnyDay|[upkeep]
|-damage|p2a: No Votes for Women|69/100|[from] Salt Cure
|upkeep
|turn|2
|c|☆PISSjumper|garganacl is so lame
|c|☆PISSjumper|so putrid
|c|☆RK Earth 9000|Im gonna take that sexist darkai out lol
|inactive|RK Earth 9000 has 120 seconds left.
|c|☆PISSjumper|you should be ashamed of yourself for choosing such a cheap pokemon
|c|☆PISSjumper|goddamn right
|
|t:|1758940973
|move|p2a: No Votes for Women|Focus Blast|p1a: Garganacl
|-supereffective|p1a: Garganacl
|-damage|p1a: Garganacl|0 fnt
|faint|p1a: Garganacl
|-damage|p2a: No Votes for Women|59/100|[from] item: Life Orb
|
|-weather|SunnyDay|[upkeep]
|-damage|p2a: No Votes for Women|46/100|[from] Salt Cure
|upkeep
|
|t:|1758940982
|switch|p1a: Hitmontop|Hitmontop, M, shiny|100/100
|turn|3
|
|t:|1758940989
|-terastallize|p2a: No Votes for Women|Poison
|move|p1a: Hitmontop|Fake Out|p2a: No Votes for Women
|-damage|p2a: No Votes for Women|21/100
|cant|p2a: No Votes for Women|flinch
|
|-weather|SunnyDay|[upkeep]
|-damage|p2a: No Votes for Women|9/100|[from] Salt Cure
|upkeep
|turn|4
|
|t:|1758940998
|move|p1a: Hitmontop|Mach Punch|p2a: No Votes for Women
|-resisted|p2a: No Votes for Women
|-damage|p2a: No Votes for Women|0 fnt
|faint|p2a: No Votes for Women
|
|-weather|SunnyDay|[upkeep]
|upkeep
|
|t:|1758941005
|switch|p2a: Donald Trump|Venusaur, M, shiny|100/100
|turn|5
|c|☆PISSjumper|women truly should not be able to vote
|c|☆PISSjumper|it blows my mind that we ever gave them that right
|inactive|RK Earth 9000 has 120 seconds left.
|c|☆RK Earth 9000|Hey man dont bad mouth the GARG!!!
|c|☆PISSjumper|Female suffrage is ruining societies across the world
|
|t:|1758941043
|move|p2a: Donald Trump|Growth|p2a: Donald Trump
|-boost|p2a: Donald Trump|atk|2
|-boost|p2a: Donald Trump|spa|2
|move|p1a: Hitmontop|Triple Axel|p2a: Donald Trump|[miss]
|-miss|p1a: Hitmontop|p2a: Donald Trump
|
|-weather|SunnyDay|[upkeep]
|upkeep
|turn|6
|c|☆PISSjumper|Garg is so fuckin cheap n annoying man
|
|t:|1758941059
|move|p2a: Donald Trump|Weather Ball|p1a: Hitmontop
|-damage|p1a: Hitmontop|4/100
|-damage|p2a: Donald Trump|91/100|[from] item: Life Orb
|move|p1a: Hitmontop|Triple Axel|p2a: Donald Trump
|-supereffective|p2a: Donald Trump
|-damage|p2a: Donald Trump|67/100
|-supereffective|p2a: Donald Trump
|-damage|p2a: Donald Trump|20/100
|-supereffective|p2a: Donald Trump
|-damage|p2a: Donald Trump|0 fnt
|faint|p2a: Donald Trump
|-hitcount|p2: Donald Trump|3
|
|-weather|SunnyDay|[upkeep]
|upkeep
|c|☆PISSjumper|screw you
|c|☆RK Earth 9000|Lol
|c|☆PISSjumper|tf is with this fighting pokemon knowing an ice move
|c|☆PISSjumper|ridiculous
|inactive|PISSjumper has 120 seconds left.
|
|t:|1758941084
|switch|p2a: Hamas Paraglider|Dragapult, M, shiny|100/100
|turn|7
|c|☆RK Earth 9000|Screw you and your toxic masculine Azz lol
|c|☆PISSjumper|azz?
|c|☆PISSjumper|No such thing as toxic masculinity
|c|☆PISSjumper|Men built the wrold
|c|☆RK Earth 9000|Its cool im toxic as well lol
|c|☆PISSjumper|*world
|inactive|RK Earth 9000 has 90 seconds left.
|c|☆PISSjumper|we built this civilization, only for women to administer its decline
|
|t:|1758941120
|move|p2a: Hamas Paraglider|Dragon Darts|p1a: Hitmontop
|-damage|p1a: Hitmontop|0 fnt
|faint|p1a: Hitmontop
|-damage|p2a: Hamas Paraglider|91/100|[from] item: Life Orb
|
|-weather|SunnyDay|[upkeep]
|upkeep
|c|☆PISSjumper|Their brains aren't the same as ours, man
|c|☆PISSjumper|They're capable of logic, but have no moral framework outside of themselves
|
|t:|1758941142
|switch|p1a: Zapdos|Zapdos|100/100
|turn|8
|c|☆PISSjumper|They don't make good leaders and very rarely are capable of deep thought
|inactive|PISSjumper has 120 seconds left.
|c|☆RK Earth 9000|Yeah but we need em man...
|c|☆PISSjumper|And the worst part is how susceptible to social trends and groupthink they are
|c|☆PISSjumper|We need them in the home, being mothers and wives
|inactive|PISSjumper has 90 seconds left.
|c|☆PISSjumper|The single most important job in society, arguably
|inactive|PISSjumper has 60 seconds left.
|n|!PISSjumper|pissjumper
|c|☆RK Earth 9000|Im ok with female nature
|
|t:|1758941237
|move|p2a: Hamas Paraglider|Dragon Darts|p1a: Zapdos
|-damage|p1a: Zapdos|62/100
|-anim|p2a: Hamas Paraglider|Dragon Darts|p1a: Zapdos
|-damage|p1a: Zapdos|26/100
|-damage|p2a: Hamas Paraglider|81/100|[from] item: Life Orb
|move|p1a: Zapdos|Heat Wave|p2a: Hamas Paraglider
|-resisted|p2a: Hamas Paraglider
|-damage|p2a: Hamas Paraglider|28/100
|
|-weather|none
|upkeep
|turn|9
|
|t:|1758941252
|switch|p1a: Iron Boulder|Iron Boulder|100/100
|-enditem|p1a: Iron Boulder|Booster Energy
|-activate|p1a: Iron Boulder|ability: Quark Drive|[fromitem]
|-start|p1a: Iron Boulder|quarkdrivespe
|move|p2a: Hamas Paraglider|Phantom Force||[still]
|-prepare|p2a: Hamas Paraglider|Phantom Force
|
|upkeep
|turn|10
|
|t:|1758941270
|-terastallize|p1a: Iron Boulder|Rock
|move|p1a: Iron Boulder|Swords Dance|p1a: Iron Boulder
|-boost|p1a: Iron Boulder|atk|2
|move|p2a: Hamas Paraglider|Phantom Force|p1a: Iron Boulder|[from] lockedmove
|-damage|p1a: Iron Boulder|26/100
|-damage|p2a: Hamas Paraglider|19/100|[from] item: Life Orb
|
|upkeep
|turn|11
|inactive|PISSjumper has 60 seconds left.
|
|t:|1758941280
|move|p2a: Hamas Paraglider|Sucker Punch|p1a: Iron Boulder
|-damage|p1a: Iron Boulder|0 fnt
|faint|p1a: Iron Boulder
|-end|p1a: Iron Boulder|Quark Drive|[silent]
|-damage|p2a: Hamas Paraglider|9/100|[from] item: Life Orb
|
|upkeep
|
|t:|1758941290
|switch|p1a: Yanmega|Yanmega, M, shiny|100/100
|turn|12
|
|t:|1758941295
|move|p2a: Hamas Paraglider|U-turn|p1a: Yanmega
|-resisted|p1a: Yanmega
|-damage|p1a: Yanmega|79/100
|-damage|p2a: Hamas Paraglider|0 fnt|[from] item: Life Orb
|faint|p2a: Hamas Paraglider
|move|p1a: Yanmega|Ancient Power|p2: Hamas Paraglider|[notarget]
|-fail|p1a: Yanmega
|
|upkeep
|
|t:|1758941304
|switch|p2a: Melania|Ninetales, F, shiny|100/100
|-weather|SunnyDay|[from] ability: Drought|[of] p2a: Melania
|turn|13
|
|t:|1758941310
|move|p2a: Melania|Weather Ball|p1a: Yanmega
|-supereffective|p1a: Yanmega
|-crit|p1a: Yanmega
|-damage|p1a: Yanmega|0 fnt
|faint|p1a: Yanmega
|
|-weather|SunnyDay|[upkeep]
|upkeep
|inactive|RK Earth 9000 has 90 seconds left.
|
|t:|1758941323
|switch|p1a: Darkrai|Darkrai|100/100
|turn|14
|inactive|RK Earth 9000 has 90 seconds left.
|
|t:|1758941336
|move|p1a: Darkrai|Nasty Plot|p1a: Darkrai
|-boost|p1a: Darkrai|spa|2
|move|p2a: Melania|Weather Ball|p1a: Darkrai
|-damage|p1a: Darkrai|28/100
|
|-weather|SunnyDay|[upkeep]
|upkeep
|turn|15
|inactive|RK Earth 9000 has 90 seconds left.
|
|t:|1758941344
|move|p1a: Darkrai|Dark Pulse|p2a: Melania
|-damage|p2a: Melania|0 fnt
|faint|p2a: Melania
|-damage|p1a: Darkrai|18/100|[from] item: Life Orb
|
|-weather|SunnyDay|[upkeep]
|upkeep
|
|t:|1758941350
|switch|p2a: JD Vance|Zapdos, shiny|100/100
|turn|16
|
|t:|1758941357
|move|p1a: Darkrai|Dark Pulse|p2a: JD Vance
|-damage|p2a: JD Vance|4/100
|-damage|p1a: Darkrai|8/100|[from] item: Life Orb
|move|p2a: JD Vance|Thunderbolt|p1a: Darkrai
|-damage|p1a: Darkrai|0 fnt
|faint|p1a: Darkrai
|
|-weather|SunnyDay|[upkeep]
|-heal|p2a: JD Vance|10/100|[from] item: Leftovers
|upkeep
|
|t:|1758941368
|switch|p1a: Zapdos|Zapdos|26/100
|turn|17
|
|t:|1758941376
|move|p2a: JD Vance|Thunderbolt|p1a: Zapdos
|-damage|p1a: Zapdos|0 fnt
|faint|p1a: Zapdos
|
|win|PISSjumper
