|j|☆zonix14
|j|☆cowboykale
|t:|1758951861
|gametype|singles
|player|p1|zonix14|266|1313
|player|p2|cowboykale|170|1361
|gen|9
|tier|[Gen 9] OU
|rated|
|rule|HP Percentage Mod: HP is shown in percentages
|rule|Endless Battle Clause: Forcing endless battles is banned
|rule|Species Clause: Limit one of each Pokémon
|rule|OHKO Clause: OHKO moves are banned
|rule|Evasion Items Clause: Evasion items are banned
|rule|Evasion Moves Clause: Evasion moves are banned
|rule|Evasion Abilities Clause: Evasion abilities are banned
|rule|Sleep Moves Clause: Sleep-inducing moves are banned
|clearpoke
|poke|p1|Masquerain, F|
|poke|p1|Cinderace, F|
|poke|p1|Serperior, M|
|poke|p1|Gholdengo|
|poke|p1|Iron Moth|
|poke|p1|Hawlucha, M|
|poke|p2|Raging Bolt|
|poke|p2|Skeledirge, M|
|poke|p2|Lokix, F|
|poke|p2|Okidogi, M|
|poke|p2|Keldeo-Resolute|
|poke|p2|Ribombee, M|
|teampreview
|inactive|Battle timer is ON: inactive players will automatically lose when time's up. (requested by zonix14)
|
|t:|1758951881
|teamsize|p1|6
|teamsize|p2|6
|start
|switch|p1a: Masquerain|Masquerain, F|100/100
|switch|p2a: Raging Bolt|Raging Bolt|100/100
|-ability|p1a: Masquerain|Intimidate|boost
|-unboost|p2a: Raging Bolt|atk|1
|turn|1
|
|t:|1758951885
|move|p1a: Masquerain|Sticky Web|p2a: Raging Bolt
|-sidestart|p2: cowboykale|move: Sticky Web
|move|p2a: Raging Bolt|Thunderbolt|p1a: Masquerain
|-supereffective|p1a: Masquerain
|-enditem|p1a: Masquerain|Focus Sash
|-damage|p1a: Masquerain|1/100
|
|upkeep
|turn|2
|
|t:|1758951890
|switch|p1a: Cinderace|Cinderace, F|100/100
|move|p2a: Raging Bolt|Volt Switch|p1a: Cinderace
|-damage|p1a: Cinderace|41/100
|
|t:|1758951895
|-end|p2a: Raging Bolt|Protosynthesis|[silent]
|switch|p2a: Ribombee|Ribombee, M|100/100|[from] Volt Switch
|-activate|p2a: Ribombee|move: Sticky Web
|-unboost|p2a: Ribombee|spe|1
|
|upkeep
|turn|3
|
|t:|1758951901
|move|p1a: Cinderace|Court Change|p1a: Cinderace
|-swapsideconditions
|-activate|p1a: Cinderace|move: Court Change
|move|p2a: Ribombee|Sticky Web||[still]
|-fail|p2a: Ribombee
|
|upkeep
|turn|4
|
|t:|1758951911
|switch|p2a: Keldeo|Keldeo-Resolute|100/100
|move|p1a: Cinderace|Pyro Ball|p2a: Keldeo
|-resisted|p2a: Keldeo
|-damage|p2a: Keldeo|70/100
|-status|p2a: Keldeo|brn
|
|-damage|p2a: Keldeo|64/100 brn|[from] brn
|upkeep
|turn|5
|
|t:|1758951921
|move|p1a: Cinderace|High Jump Kick|p2a: Keldeo
|-damage|p2a: Keldeo|19/100 brn
|move|p2a: Keldeo|Flip Turn|p1a: Cinderace
|-supereffective|p1a: Cinderace
|-damage|p1a: Cinderace|20/100
|
|t:|1758951940
|switch|p2a: Lokix|Lokix, F|100/100|[from] Flip Turn
|
|upkeep
|turn|6
|
|t:|1758951946
|switch|p1a: Masquerain|Masquerain, F|1/100
|-ability|p1a: Masquerain|Intimidate|boost
|-unboost|p2a: Lokix|atk|1
|move|p2a: Lokix|U-turn|p1a: Masquerain
|-resisted|p1a: Masquerain
|-damage|p1a: Masquerain|0 fnt
|faint|p1a: Masquerain
|
|t:|1758951953
|switch|p2a: Ribombee|Ribombee, M|100/100|[from] U-turn
|
|upkeep
|
|t:|1758951965
|switch|p1a: Gholdengo|Gholdengo|100/100
|-item|p1a: Gholdengo|Air Balloon
|turn|7
|
|t:|1758951971
|move|p2a: Ribombee|Moonblast|p1a: Gholdengo
|-resisted|p1a: Gholdengo
|-damage|p1a: Gholdengo|74/100
|-enditem|p1a: Gholdengo|Air Balloon
|move|p1a: Gholdengo|Flash Cannon|p2a: Ribombee
|-supereffective|p2a: Ribombee
|-enditem|p2a: Ribombee|Focus Sash
|-damage|p2a: Ribombee|1/100
|
|upkeep
|turn|8
|
|t:|1758951978
|move|p2a: Ribombee|Moonblast|p1a: Gholdengo
|-resisted|p1a: Gholdengo
|-damage|p1a: Gholdengo|49/100
|move|p1a: Gholdengo|Shadow Ball|p2a: Ribombee
|-damage|p2a: Ribombee|0 fnt
|faint|p2a: Ribombee
|
|upkeep
|
|t:|1758951983
|switch|p2a: Lokix|Lokix, F|100/100
|turn|9
|
|t:|1758951987
|move|p2a: Lokix|Knock Off|p1a: Gholdengo
|-supereffective|p1a: Gholdengo
|-damage|p1a: Gholdengo|0 fnt
|faint|p1a: Gholdengo
|
|upkeep
|
|t:|1758952001
|switch|p1a: Hawlucha|Hawlucha, M|100/100
|-ability|p1a: Hawlucha|Mold Breaker
|turn|10
|inactive|cowboykale has 120 seconds left.
|
|t:|1758952038
|switch|p2a: Raging Bolt|Raging Bolt|100/100
|move|p1a: Hawlucha|Swords Dance|p1a: Hawlucha
|-boost|p1a: Hawlucha|atk|2
|
|upkeep
|turn|11
|inactive|cowboykale has 120 seconds left.
|
|t:|1758952050
|-terastallize|p1a: Hawlucha|Ground
|-terastallize|p2a: Raging Bolt|Fairy
|move|p1a: Hawlucha|Swords Dance|p1a: Hawlucha
|-boost|p1a: Hawlucha|atk|2
|move|p2a: Raging Bolt|Thunderbolt|p1a: Hawlucha
|-immune|p1a: Hawlucha
|
|upkeep
|turn|12
|
|t:|1758952058
|move|p1a: Hawlucha|Encore|p2a: Raging Bolt
|-start|p2a: Raging Bolt|Encore
|move|p2a: Raging Bolt|Thunderbolt|p1a: Hawlucha
|-immune|p1a: Hawlucha
|
|upkeep
|turn|13
|c|☆cowboykale|woof
|
|t:|1758952070
|move|p1a: Hawlucha|Swords Dance|p1a: Hawlucha
|-boost|p1a: Hawlucha|atk|2
|move|p2a: Raging Bolt|Thunderbolt|p1a: Hawlucha
|-immune|p1a: Hawlucha
|
|upkeep
|turn|14
|
|t:|1758952076
|move|p1a: Hawlucha|Acrobatics|p2a: Raging Bolt
|-damage|p2a: Raging Bolt|12/100
|move|p2a: Raging Bolt|Thunderbolt|p1a: Hawlucha
|-immune|p1a: Hawlucha
|
|-end|p2a: Raging Bolt|Encore
|upkeep
|turn|15
|
|t:|1758952080
|move|p1a: Hawlucha|Encore|p2a: Raging Bolt
|-start|p2a: Raging Bolt|Encore
|move|p2a: Raging Bolt|Thunderbolt|p1a: Hawlucha
|-immune|p1a: Hawlucha
|
|upkeep
|turn|16
|
|t:|1758952085
|move|p1a: Hawlucha|Acrobatics|p2a: Raging Bolt
|-damage|p2a: Raging Bolt|0 fnt
|faint|p2a: Raging Bolt
|-end|p2a: Raging Bolt|Protosynthesis|[silent]
|
|upkeep
|
|t:|1758952088
|switch|p2a: Skeledirge|Skeledirge, M|100/100
|turn|17
|
|t:|1758952092
|move|p1a: Hawlucha|Acrobatics|p2a: Skeledirge
|-damage|p2a: Skeledirge|30/100
|move|p2a: Skeledirge|Will-O-Wisp|p1a: Hawlucha|[miss]
|-miss|p2a: Skeledirge|p1a: Hawlucha
|
|upkeep
|turn|18
|
|t:|1758952100
|move|p1a: Hawlucha|Acrobatics|p2a: Skeledirge
|-damage|p2a: Skeledirge|0 fnt
|faint|p2a: Skeledirge
|
|upkeep
|
|t:|1758952107
|switch|p2a: Keldeo|Keldeo-Resolute|19/100 brn
|turn|19
|
|t:|1758952111
|move|p1a: Hawlucha|Acrobatics|p2a: Keldeo
|-supereffective|p2a: Keldeo
|-damage|p2a: Keldeo|0 fnt
|faint|p2a: Keldeo
|
|upkeep
|
|t:|1758952115
|switch|p2a: Okidogi|Okidogi, M|100/100
|turn|20
|
|t:|1758952117
|move|p1a: Hawlucha|Acrobatics|p2a: Okidogi
|-supereffective|p2a: Okidogi
|-damage|p2a: Okidogi|0 fnt
|faint|p2a: Okidogi
|
|upkeep
|
|t:|1758952120
|switch|p2a: Lokix|Lokix, F|100/100
|turn|21
|c|☆zonix14|Tell u what im lum berry
|c|☆zonix14|So that will o wisp doesn't matter
|c|☆cowboykale|jesus
|
|t:|1758952141
|move|p2a: Lokix|First Impression|p1a: Hawlucha
|-damage|p1a: Hawlucha|47/100
|move|p1a: Hawlucha|Drain Punch|p2a: Lokix
|-damage|p2a: Lokix|0 fnt
|-heal|p1a: Hawlucha|95/100|[from] drain|[of] p2a: Lokix
|faint|p2a: Lokix
|
|win|zonix14
|raw|zonix14's rating: 1313 &rarr; <strong>1337</strong><br />(+24 for winning)
|raw|cowboykale's rating: 1376 &rarr; <strong>1352</strong><br />(-24 for losing)
|c|☆cowboykale|ggs
|c|☆zonix14|Ggs
|l|☆cowboykale
|player|p2|
|l|☆zonix14
|player|p1|
