|j|☆katapuldrawr
|j|☆lil_looma
|t:|1758943859
|gametype|singles
|player|p1|katapuldrawr|266|1346
|player|p2|lil_looma|101|1287
|gen|9
|tier|[Gen 9] OU
|rated|
|rule|HP Percentage Mod: HP is shown in percentages
|rule|Endless Battle Clause: Forcing endless battles is banned
|rule|Species Clause: Limit one of each Pokémon
|rule|OHKO Clause: OHKO moves are banned
|rule|Evasion Items Clause: Evasion items are banned
|rule|Evasion Moves Clause: Evasion moves are banned
|rule|Evasion Abilities Clause: Evasion abilities are banned
|rule|Sleep Moves Clause: Sleep-inducing moves are banned
|clearpoke
|poke|p1|Serperior, M|
|poke|p1|Torkoal, F|
|poke|p1|Walking Wake|
|poke|p1|Great Tusk|
|poke|p1|Iron Moth|
|poke|p1|Gholdengo|
|poke|p2|Leafeon, M|
|poke|p2|Umbreon, M|
|poke|p2|Vaporeon, F|
|poke|p2|Sylveon, F|
|poke|p2|Espeon, F|
|poke|p2|Flareon, M|
|teampreview
|j| Chronos556
|
|t:|1758943893
|teamsize|p1|6
|teamsize|p2|6
|start
|switch|p1a: Torkoal|Torkoal, F|100/100
|switch|p2a: Sylveon|Sylveon, F|100/100
|-weather|SunnyDay|[from] ability: Drought|[of] p1a: Torkoal
|turn|1
|
|t:|1758943911
|move|p2a: Sylveon|Calm Mind|p2a: Sylveon
|-boost|p2a: Sylveon|spa|1
|-boost|p2a: Sylveon|spd|1
|move|p1a: Torkoal|Stealth Rock|p2a: Sylveon
|-sidestart|p2: lil_looma|move: Stealth Rock
|
|-weather|SunnyDay|[upkeep]
|upkeep
|turn|2
|
|t:|1758943913
|switch|p1a: Serperior|Serperior, M|100/100
|move|p2a: Sylveon|Calm Mind|p2a: Sylveon
|-boost|p2a: Sylveon|spa|1
|-boost|p2a: Sylveon|spd|1
|
|-weather|SunnyDay|[upkeep]
|upkeep
|turn|3
|
|t:|1758943917
|move|p1a: Serperior|Taunt|p2a: Sylveon
|-start|p2a: Sylveon|move: Taunt
|cant|p2a: Sylveon|move: Taunt|Calm Mind
|
|-weather|SunnyDay|[upkeep]
|upkeep
|turn|4
|
|t:|1758943920
|move|p1a: Serperior|Glare|p2a: Sylveon
|-status|p2a: Sylveon|par
|move|p2a: Sylveon|Hyper Voice|p1a: Serperior
|-damage|p1a: Serperior|23/100
|
|-weather|SunnyDay|[upkeep]
|upkeep
|turn|5
|
|t:|1758943923
|move|p1a: Serperior|Synthesis|p1a: Serperior
|-heal|p1a: Serperior|90/100
|move|p2a: Sylveon|Hyper Voice|p1a: Serperior
|-damage|p1a: Serperior|10/100
|
|-weather|SunnyDay|[upkeep]
|-end|p2a: Sylveon|move: Taunt
|upkeep
|turn|6
|
|t:|1758943927
|move|p1a: Serperior|Synthesis|p1a: Serperior
|-heal|p1a: Serperior|76/100
|move|p2a: Sylveon|Hyper Voice|p1a: Serperior
|-damage|p1a: Serperior|0 fnt
|faint|p1a: Serperior
|
|-weather|SunnyDay|[upkeep]
|upkeep
|
|t:|1758943938
|switch|p1a: Iron Moth|Iron Moth|100/100
|-enditem|p1a: Iron Moth|Booster Energy
|-activate|p1a: Iron Moth|ability: Quark Drive|[fromitem]
|-start|p1a: Iron Moth|quarkdrivespe
|turn|7
|
|t:|1758943967
|move|p2a: Sylveon|Protect|p2a: Sylveon
|-singleturn|p2a: Sylveon|Protect
|move|p1a: Iron Moth|Sludge Wave|p2a: Sylveon
|-activate|p2a: Sylveon|move: Protect
|
|-weather|SunnyDay|[upkeep]
|upkeep
|turn|8
|
|t:|1758943977
|move|p1a: Iron Moth|Sludge Wave|p2a: Sylveon
|-supereffective|p2a: Sylveon
|-damage|p2a: Sylveon|65/100 par
|cant|p2a: Sylveon|par
|
|-weather|none
|-heal|p2a: Sylveon|71/100 par|[from] item: Leftovers
|upkeep
|turn|9
|
|t:|1758943985
|move|p1a: Iron Moth|Sludge Wave|p2a: Sylveon
|-supereffective|p2a: Sylveon
|-damage|p2a: Sylveon|40/100 par
|move|p2a: Sylveon|Wish|p2a: Sylveon
|
|-heal|p2a: Sylveon|46/100 par|[from] item: Leftovers
|upkeep
|turn|10
|
|t:|1758943998
|move|p1a: Iron Moth|Sludge Wave|p2a: Sylveon
|-supereffective|p2a: Sylveon
|-damage|p2a: Sylveon|14/100 par
|move|p2a: Sylveon|Calm Mind|p2a: Sylveon
|-boost|p2a: Sylveon|spa|1
|-boost|p2a: Sylveon|spd|1
|
|-heal|p2a: Sylveon|64/100 par|[from] move: Wish|[wisher] Sylveon
|-heal|p2a: Sylveon|70/100 par|[from] item: Leftovers
|upkeep
|turn|11
|
|t:|1758944002
|move|p1a: Iron Moth|Fiery Dance|p2a: Sylveon
|-damage|p2a: Sylveon|58/100 par
|-boost|p1a: Iron Moth|spa|1
|move|p2a: Sylveon|Wish|p2a: Sylveon
|
|-heal|p2a: Sylveon|64/100 par|[from] item: Leftovers
|upkeep
|turn|12
|
|t:|1758944007
|move|p1a: Iron Moth|Sludge Wave|p2a: Sylveon
|-supereffective|p2a: Sylveon
|-damage|p2a: Sylveon|21/100 par
|move|p2a: Sylveon|Hyper Voice|p1a: Iron Moth
|-resisted|p1a: Iron Moth
|-damage|p1a: Iron Moth|76/100
|
|-heal|p2a: Sylveon|71/100 par|[from] move: Wish|[wisher] Sylveon
|-heal|p2a: Sylveon|77/100 par|[from] item: Leftovers
|upkeep
|turn|13
|
|t:|1758944023
|move|p1a: Iron Moth|Fiery Dance|p2a: Sylveon
|-damage|p2a: Sylveon|60/100 par
|-boost|p1a: Iron Moth|spa|1
|move|p2a: Sylveon|Hyper Voice|p1a: Iron Moth
|-resisted|p1a: Iron Moth
|-crit|p1a: Iron Moth
|-damage|p1a: Iron Moth|38/100
|
|-heal|p2a: Sylveon|66/100 par|[from] item: Leftovers
|upkeep
|turn|14
|
|t:|1758944027
|move|p1a: Iron Moth|Sludge Wave|p2a: Sylveon
|-supereffective|p2a: Sylveon
|-damage|p2a: Sylveon|16/100 par
|move|p2a: Sylveon|Hyper Voice|p1a: Iron Moth
|-resisted|p1a: Iron Moth
|-damage|p1a: Iron Moth|15/100
|
|-heal|p2a: Sylveon|22/100 par|[from] item: Leftovers
|upkeep
|turn|15
|
|t:|1758944032
|move|p1a: Iron Moth|Sludge Wave|p2a: Sylveon
|-supereffective|p2a: Sylveon
|-damage|p2a: Sylveon|0 fnt
|faint|p2a: Sylveon
|
|upkeep
|
|t:|1758944036
|switch|p2a: Flareon|Flareon, M|100/100
|-damage|p2a: Flareon|76/100|[from] Stealth Rock
|turn|16
|
|t:|1758944042
|move|p2a: Flareon|Quick Attack|p1a: Iron Moth
|-damage|p1a: Iron Moth|0 fnt
|faint|p1a: Iron Moth
|-end|p1a: Iron Moth|Quark Drive|[silent]
|
|-status|p2a: Flareon|tox|[from] item: Toxic Orb
|upkeep
|
|t:|1758944046
|switch|p1a: Walking Wake|Walking Wake|100/100
|turn|17
|
|t:|1758944054
|switch|p2a: Vaporeon|Vaporeon, F|100/100
|-damage|p2a: Vaporeon|88/100|[from] Stealth Rock
|move|p1a: Walking Wake|Draco Meteor|p2a: Vaporeon
|-damage|p2a: Vaporeon|35/100
|-unboost|p1a: Walking Wake|spa|2
|
|upkeep
|turn|18
|
|t:|1758944079
|-end|p1a: Walking Wake|Protosynthesis|[silent]
|switch|p1a: Torkoal|Torkoal, F|100/100
|-weather|SunnyDay|[from] ability: Drought|[of] p1a: Torkoal
|switch|p2a: Umbreon|Umbreon, M|100/100
|-damage|p2a: Umbreon|88/100|[from] Stealth Rock
|
|-weather|SunnyDay|[upkeep]
|-heal|p2a: Umbreon|94/100|[from] item: Leftovers
|upkeep
|turn|19
|
|t:|1758944084
|move|p2a: Umbreon|Toxic|p1a: Torkoal
|-status|p1a: Torkoal|tox
|move|p1a: Torkoal|Will-O-Wisp||[still]
|-status|p2a: Umbreon|brn
|-activate|p2a: Umbreon|ability: Synchronize
|-fail|p2a: Umbreon
|
|-weather|SunnyDay|[upkeep]
|-heal|p2a: Umbreon|99/100 brn|[from] item: Leftovers
|-damage|p1a: Torkoal|94/100 tox|[from] psn
|-damage|p2a: Umbreon|94/100 brn|[from] brn
|upkeep
|turn|20
|
|t:|1758944090
|switch|p1a: Gholdengo|Gholdengo|100/100
|move|p2a: Umbreon|Wish|p2a: Umbreon
|
|-weather|SunnyDay|[upkeep]
|-heal|p2a: Umbreon|99/100 brn|[from] item: Leftovers
|-damage|p2a: Umbreon|94/100 brn|[from] brn
|upkeep
|turn|21
|
|t:|1758944101
|switch|p2a: Vaporeon|Vaporeon, F|35/100
|-damage|p2a: Vaporeon|23/100|[from] Stealth Rock
|move|p1a: Gholdengo|Trick|p2a: Vaporeon
|-activate|p1a: Gholdengo|move: Trick|[of] p2a: Vaporeon
|-item|p2a: Vaporeon|Choice Scarf|[from] move: Trick
|-item|p1a: Gholdengo|Assault Vest|[from] move: Trick
|
|-weather|SunnyDay|[upkeep]
|-heal|p2a: Vaporeon|65/100|[from] move: Wish|[wisher] Umbreon
|upkeep
|turn|22
|
|t:|1758944111
|move|p1a: Gholdengo|Shadow Ball|p2a: Vaporeon
|-damage|p2a: Vaporeon|30/100
|move|p2a: Vaporeon|Flip Turn|p1a: Gholdengo
|-damage|p1a: Gholdengo|94/100
|
|t:|1758944119
|switch|p2a: Espeon|Espeon, F|100/100|[from] Flip Turn
|-damage|p2a: Espeon|88/100|[from] Stealth Rock
|
|-weather|SunnyDay|[upkeep]
|upkeep
|turn|23
|
|t:|1758944126
|-terastallize|p2a: Espeon|Ghost
|move|p2a: Espeon|Shadow Ball|p1a: Gholdengo
|-supereffective|p1a: Gholdengo
|-damage|p1a: Gholdengo|0 fnt
|faint|p1a: Gholdengo
|
|-weather|SunnyDay|[upkeep]
|upkeep
|
|t:|1758944134
|switch|p1a: Walking Wake|Walking Wake|100/100
|-activate|p1a: Walking Wake|ability: Protosynthesis
|-start|p1a: Walking Wake|protosynthesisspe
|turn|24
|
|t:|1758944148
|switch|p2a: Umbreon|Umbreon, M|94/100 brn
|-damage|p2a: Umbreon|82/100 brn|[from] Stealth Rock
|move|p1a: Walking Wake|Draco Meteor|p2a: Umbreon
|-damage|p2a: Umbreon|34/100 brn
|-unboost|p1a: Walking Wake|spa|2
|
|-weather|SunnyDay|[upkeep]
|-heal|p2a: Umbreon|40/100 brn|[from] item: Leftovers
|-damage|p2a: Umbreon|34/100 brn|[from] brn
|upkeep
|turn|25
|
|t:|1758944162
|-end|p1a: Walking Wake|Protosynthesis|[silent]
|switch|p1a: Torkoal|Torkoal, F|94/100 tox
|move|p2a: Umbreon|Wish|p2a: Umbreon
|
|-weather|none
|-heal|p2a: Umbreon|40/100 brn|[from] item: Leftovers
|-damage|p1a: Torkoal|88/100 tox|[from] psn
|-damage|p2a: Umbreon|34/100 brn|[from] brn
|upkeep
|turn|26
|
|t:|1758944172
|switch|p2a: Vaporeon|Vaporeon, F|30/100
|-damage|p2a: Vaporeon|18/100|[from] Stealth Rock
|switch|p1a: Great Tusk|Great Tusk|100/100
|
|-heal|p2a: Vaporeon|60/100|[from] move: Wish|[wisher] Umbreon
|upkeep
|turn|27
|
|t:|1758944181
|-terastallize|p1a: Great Tusk|Steel
|move|p1a: Great Tusk|Rapid Spin|p2a: Vaporeon
|-damage|p2a: Vaporeon|42/100
|-boost|p1a: Great Tusk|spe|1
|move|p2a: Vaporeon|Scald|p1a: Great Tusk
|-crit|p1a: Great Tusk
|-damage|p1a: Great Tusk|8/100
|
|upkeep
|turn|28
|
|t:|1758944196
|move|p1a: Great Tusk|Headlong Rush|p2a: Vaporeon
|-damage|p2a: Vaporeon|0 fnt
|-unboost|p1a: Great Tusk|def|1
|-unboost|p1a: Great Tusk|spd|1
|faint|p2a: Vaporeon
|
|upkeep
|
|t:|1758944200
|switch|p2a: Flareon|Flareon, M|76/100 tox
|-damage|p2a: Flareon|51/100 tox|[from] Stealth Rock
|turn|29
|
|t:|1758944203
|-end|p1a: Great Tusk|Protosynthesis|[silent]
|switch|p1a: Torkoal|Torkoal, F|88/100 tox
|-weather|SunnyDay|[from] ability: Drought|[of] p1a: Torkoal
|move|p2a: Flareon|Quick Attack|p1a: Torkoal
|-damage|p1a: Torkoal|75/100 tox
|
|-weather|SunnyDay|[upkeep]
|-damage|p2a: Flareon|45/100 tox|[from] psn
|-damage|p1a: Torkoal|68/100 tox|[from] psn
|upkeep
|turn|30
|
|t:|1758944211
|move|p2a: Flareon|Flare Blitz|p1a: Torkoal
|-resisted|p1a: Torkoal
|-damage|p1a: Torkoal|26/100 tox
|-damage|p2a: Flareon|27/100 tox|[from] Recoil
|move|p1a: Torkoal|Lava Plume|p2a: Flareon
|-resisted|p2a: Flareon
|-damage|p2a: Flareon|6/100 tox
|
|-weather|SunnyDay|[upkeep]
|-damage|p2a: Flareon|0 fnt|[from] psn
|faint|p2a: Flareon
|-damage|p1a: Torkoal|13/100 tox|[from] psn
|upkeep
|
|t:|1758944221
|switch|p2a: Umbreon|Umbreon, M|34/100 brn
|-damage|p2a: Umbreon|22/100 brn|[from] Stealth Rock
|turn|31
|
|t:|1758944223
|switch|p1a: Great Tusk|Great Tusk, tera:Steel|8/100
|-activate|p1a: Great Tusk|ability: Protosynthesis
|-start|p1a: Great Tusk|protosynthesisatk
|move|p2a: Umbreon|Wish|p2a: Umbreon
|
|-weather|SunnyDay|[upkeep]
|-heal|p2a: Umbreon|28/100 brn|[from] item: Leftovers
|-damage|p2a: Umbreon|22/100 brn|[from] brn
|upkeep
|turn|32
|
|t:|1758944227
|move|p2a: Umbreon|Protect|p2a: Umbreon
|-singleturn|p2a: Umbreon|Protect
|move|p1a: Great Tusk|Headlong Rush|p2a: Umbreon
|-activate|p2a: Umbreon|move: Protect
|
|-weather|SunnyDay|[upkeep]
|-heal|p2a: Umbreon|72/100 brn|[from] move: Wish|[wisher] Umbreon
|-heal|p2a: Umbreon|78/100 brn|[from] item: Leftovers
|-damage|p2a: Umbreon|72/100 brn|[from] brn
|upkeep
|turn|33
|
|t:|1758944235
|move|p1a: Great Tusk|Headlong Rush|p2a: Umbreon
|-damage|p2a: Umbreon|9/100 brn
|-unboost|p1a: Great Tusk|def|1
|-unboost|p1a: Great Tusk|spd|1
|move|p2a: Umbreon|Foul Play|p1a: Great Tusk
|-damage|p1a: Great Tusk|0 fnt
|faint|p1a: Great Tusk
|-end|p1a: Great Tusk|Protosynthesis|[silent]
|
|-weather|SunnyDay|[upkeep]
|-heal|p2a: Umbreon|15/100 brn|[from] item: Leftovers
|-damage|p2a: Umbreon|9/100 brn|[from] brn
|upkeep
|
|t:|1758944247
|switch|p1a: Walking Wake|Walking Wake|100/100
|-activate|p1a: Walking Wake|ability: Protosynthesis
|-start|p1a: Walking Wake|protosynthesisspe
|turn|34
|
|t:|1758944254
|move|p2a: Umbreon|Protect|p2a: Umbreon
|-singleturn|p2a: Umbreon|Protect
|move|p1a: Walking Wake|Flip Turn|p2a: Umbreon
|-activate|p2a: Umbreon|move: Protect
|
|-weather|SunnyDay|[upkeep]
|-heal|p2a: Umbreon|15/100 brn|[from] item: Leftovers
|-damage|p2a: Umbreon|9/100 brn|[from] brn
|upkeep
|turn|35
|
|t:|1758944255
|move|p1a: Walking Wake|Flip Turn|p2a: Umbreon
|-damage|p2a: Umbreon|3/100 brn
|
|t:|1758944258
|-end|p1a: Walking Wake|Protosynthesis|[silent]
|switch|p1a: Torkoal|Torkoal, F|13/100 tox|[from] Flip Turn
|move|p2a: Umbreon|Wish|p2a: Umbreon
|
|-weather|SunnyDay|[upkeep]
|-heal|p2a: Umbreon|9/100 brn|[from] item: Leftovers
|-damage|p1a: Torkoal|7/100 tox|[from] psn
|-damage|p2a: Umbreon|3/100 brn|[from] brn
|upkeep
|turn|36
|
|t:|1758944268
|move|p2a: Umbreon|Foul Play|p1a: Torkoal
|-damage|p1a: Torkoal|0 fnt
|faint|p1a: Torkoal
|
|-weather|none
|-heal|p2a: Umbreon|53/100 brn|[from] move: Wish|[wisher] Umbreon
|-heal|p2a: Umbreon|59/100 brn|[from] item: Leftovers
|-damage|p2a: Umbreon|53/100 brn|[from] brn
|upkeep
|
|t:|1758944269
|switch|p1a: Walking Wake|Walking Wake|100/100
|turn|37
|
|t:|1758944278
|move|p1a: Walking Wake|Hydro Steam|p2a: Umbreon
|-damage|p2a: Umbreon|21/100 brn
|move|p2a: Umbreon|Toxic|p1a: Walking Wake
|-status|p1a: Walking Wake|tox
|
|-heal|p2a: Umbreon|27/100 brn|[from] item: Leftovers
|-damage|p1a: Walking Wake|94/100 tox|[from] psn
|-damage|p2a: Umbreon|21/100 brn|[from] brn
|upkeep
|turn|38
|
|t:|1758944282
|move|p2a: Umbreon|Protect|p2a: Umbreon
|-singleturn|p2a: Umbreon|Protect
|move|p1a: Walking Wake|Hydro Steam|p2a: Umbreon
|-activate|p2a: Umbreon|move: Protect
|
|-heal|p2a: Umbreon|27/100 brn|[from] item: Leftovers
|-damage|p1a: Walking Wake|82/100 tox|[from] psn
|-damage|p2a: Umbreon|21/100 brn|[from] brn
|upkeep
|turn|39
|
|t:|1758944284
|move|p2a: Umbreon|Protect||[still]
|-fail|p2a: Umbreon
|move|p1a: Walking Wake|Hydro Steam|p2a: Umbreon
|-damage|p2a: Umbreon|0 fnt
|faint|p2a: Umbreon
|
|-damage|p1a: Walking Wake|64/100 tox|[from] psn
|upkeep
|
|t:|1758944293
|switch|p2a: Leafeon|Leafeon, M|100/100
|-damage|p2a: Leafeon|88/100|[from] Stealth Rock
|turn|40
|
|t:|1758944297
|move|p1a: Walking Wake|Hydro Steam|p2a: Leafeon
|-resisted|p2a: Leafeon
|-damage|p2a: Leafeon|42/100
|move|p2a: Leafeon|Knock Off|p1a: Walking Wake
|-damage|p1a: Walking Wake|37/100 tox
|-enditem|p1a: Walking Wake|Choice Specs|[from] move: Knock Off|[of] p2a: Leafeon
|
|-damage|p1a: Walking Wake|12/100 tox|[from] psn
|upkeep
|turn|41
|
|t:|1758944301
|move|p1a: Walking Wake|Hydro Steam|p2a: Leafeon
|-resisted|p2a: Leafeon
|-damage|p2a: Leafeon|14/100
|move|p2a: Leafeon|Knock Off|p1a: Walking Wake
|-damage|p1a: Walking Wake|0 fnt
|faint|p1a: Walking Wake
|-end|p1a: Walking Wake|Protosynthesis|[silent]
|
|win|lil_looma
|raw|katapuldrawr's rating: 1346 &rarr; <strong>1323</strong><br />(-23 for losing)
|raw|lil_looma's rating: 1287 &rarr; <strong>1316</strong><br />(+29 for winning)
|l|☆katapuldrawr
|player|p1|
|l|☆lil_looma
|player|p2|
|l| Chronos556
