|j|☆Valiant Nova
|j|☆thefunbegins
|t:|1759062432
|gametype|singles
|player|p1|Valiant Nova|benga|1204
|player|p2|thefunbegins|gentleman-gen4|1219
|gen|9
|tier|[Gen 9] OU
|rated|
|rule|HP Percentage Mod: HP is shown in percentages
|rule|Endless Battle Clause: Forcing endless battles is banned
|rule|Species Clause: Limit one of each Pokémon
|rule|OHKO Clause: OHKO moves are banned
|rule|Evasion Items Clause: Evasion items are banned
|rule|Evasion Moves Clause: Evasion moves are banned
|rule|Evasion Abilities Clause: Evasion abilities are banned
|rule|Sleep Moves Clause: Sleep-inducing moves are banned
|clearpoke
|poke|p1|Samurott-Hisui, M|
|poke|p1|Landorus-Therian, M|
|poke|p1|Sinistcha|
|poke|p1|Scizor, M|
|poke|p1|Raging Bolt|
|poke|p1|Great Tusk|
|poke|p2|Yanmega, F|
|poke|p2|Lycanroc-Dusk, M|
|poke|p2|Donphan, M|
|poke|p2|Politoed, F|
|poke|p2|Basculegion, M|
|poke|p2|Avalugg-Hisui, F|
|teampreview
|inactive|Battle timer is ON: inactive players will automatically lose when time's up. (requested by Valiant Nova)
|
|t:|1759062532
|teamsize|p1|6
|teamsize|p2|6
|start
|switch|p1a: Landorus|Landorus-Therian, M|100/100
|switch|p2a: Lycanroc|Lycanroc-Dusk, M|100/100
|-ability|p1a: Landorus|Intimidate|boost
|-unboost|p2a: Lycanroc|atk|1
|turn|1
|
|t:|1759062539
|move|p2a: Lycanroc|Stealth Rock|p1a: Landorus
|-sidestart|p1: Valiant Nova|move: Stealth Rock
|move|p1a: Landorus|Stealth Rock|p2a: Lycanroc
|-sidestart|p2: thefunbegins|move: Stealth Rock
|
|upkeep
|turn|2
|
|t:|1759062549
|move|p2a: Lycanroc|Accelerock|p1a: Landorus
|-damage|p1a: Landorus|87/100
|-damage|p2a: Lycanroc|84/100|[from] item: Rocky Helmet|[of] p1a: Landorus
|move|p1a: Landorus|Earthquake|p2a: Lycanroc
|-supereffective|p2a: Lycanroc
|-damage|p2a: Lycanroc|0 fnt
|faint|p2a: Lycanroc
|
|upkeep
|
|t:|1759062561
|switch|p2a: Politoed|Politoed, F|100/100
|-damage|p2a: Politoed|88/100|[from] Stealth Rock
|-weather|RainDance|[from] ability: Drizzle|[of] p2a: Politoed
|turn|3
|
|t:|1759062567
|switch|p1a: Samurott|Samurott-Hisui, M|100/100
|-damage|p1a: Samurott|88/100|[from] Stealth Rock
|move|p2a: Politoed|Perish Song|p2a: Politoed
|-start|p1a: Samurott|perish3|[silent]
|-start|p2a: Politoed|perish3|[silent]
|-fieldactivate|move: Perish Song
|
|-weather|RainDance|[upkeep]
|-start|p1a: Samurott|perish3
|-start|p2a: Politoed|perish3
|upkeep
|turn|4
|
|t:|1759062577
|move|p1a: Samurott|Ceaseless Edge|p2a: Politoed
|-damage|p2a: Politoed|37/100
|-sidestart|p2: thefunbegins|Spikes
|move|p2a: Politoed|Weather Ball|p1a: Samurott
|-resisted|p1a: Samurott
|-damage|p1a: Samurott|38/100
|
|-weather|RainDance|[upkeep]
|-start|p1a: Samurott|perish2
|-start|p2a: Politoed|perish2
|upkeep
|turn|5
|
|t:|1759062585
|move|p1a: Samurott|Ceaseless Edge|p2a: Politoed|[miss]
|-miss|p1a: Samurott|p2a: Politoed
|move|p2a: Politoed|Weather Ball|p1a: Samurott
|-resisted|p1a: Samurott
|-damage|p1a: Samurott|0 fnt
|faint|p1a: Samurott
|
|-weather|RainDance|[upkeep]
|-start|p2a: Politoed|perish1
|upkeep
|
|t:|1759062594
|switch|p1a: Great Tusk|Great Tusk|100/100
|turn|6
|
|t:|1759062599
|move|p1a: Great Tusk|Headlong Rush|p2a: Politoed
|-damage|p2a: Politoed|0 fnt
|-unboost|p1a: Great Tusk|def|1
|-unboost|p1a: Great Tusk|spd|1
|faint|p2a: Politoed
|
|-weather|RainDance|[upkeep]
|upkeep
|
|t:|1759062606
|switch|p2a: Donphan|Donphan, M|100/100
|-damage|p2a: Donphan|94/100|[from] Stealth Rock
|-damage|p2a: Donphan|82/100|[from] Spikes
|turn|7
|
|t:|1759062609
|-end|p1a: Great Tusk|Protosynthesis|[silent]
|switch|p1a: Sinistcha|Sinistcha|100/100
|move|p2a: Donphan|Rapid Spin|p1a: Sinistcha
|-immune|p1a: Sinistcha
|
|-weather|RainDance|[upkeep]
|upkeep
|turn|8
|
|t:|1759062614
|switch|p2a: Yanmega|Yanmega, F|100/100
|-damage|p2a: Yanmega|51/100|[from] Stealth Rock
|move|p1a: Sinistcha|Matcha Gotcha|p2a: Yanmega
|-resisted|p2a: Yanmega
|-damage|p2a: Yanmega|36/100
|-status|p2a: Yanmega|brn
|
|-weather|RainDance|[upkeep]
|-damage|p2a: Yanmega|30/100 brn|[from] brn
|upkeep
|turn|9
|
|t:|1759062629
|switch|p1a: Landorus|Landorus-Therian, M|87/100
|-damage|p1a: Landorus|75/100|[from] Stealth Rock
|-ability|p1a: Landorus|Intimidate|boost
|-unboost|p2a: Yanmega|atk|1
|move|p2a: Yanmega|Bug Buzz|p1a: Landorus
|-resisted|p1a: Landorus
|-damage|p1a: Landorus|49/100
|-enditem|p2a: Yanmega|Throat Spray
|-boost|p2a: Yanmega|spa|1|[from] item: Throat Spray
|
|-weather|RainDance|[upkeep]
|-damage|p2a: Yanmega|24/100 brn|[from] brn
|-ability|p2a: Yanmega|Speed Boost|boost
|-boost|p2a: Yanmega|spe|1
|upkeep
|turn|10
|
|t:|1759062649
|-terastallize|p2a: Yanmega|Bug
|move|p2a: Yanmega|Bug Buzz|p1a: Landorus
|-resisted|p1a: Landorus
|-damage|p1a: Landorus|0 fnt
|faint|p1a: Landorus
|
|-weather|none
|-damage|p2a: Yanmega|18/100 brn|[from] brn
|-ability|p2a: Yanmega|Speed Boost|boost
|-boost|p2a: Yanmega|spe|1
|upkeep
|
|t:|1759062653
|switch|p1a: Scizor|Scizor, M|100/100
|turn|11
|
|t:|1759062664
|move|p2a: Yanmega|Protect|p2a: Yanmega
|-singleturn|p2a: Yanmega|Protect
|move|p1a: Scizor|Bullet Punch|p2a: Yanmega
|-activate|p2a: Yanmega|move: Protect
|
|-damage|p2a: Yanmega|12/100 brn|[from] brn
|-ability|p2a: Yanmega|Speed Boost|boost
|-boost|p2a: Yanmega|spe|1
|upkeep
|turn|12
|inactive|Valiant Nova has 120 seconds left.
|
|t:|1759062706
|move|p1a: Scizor|Bullet Punch|p2a: Yanmega
|-damage|p2a: Yanmega|0 fnt
|faint|p2a: Yanmega
|
|upkeep
|
|t:|1759062710
|switch|p2a: Donphan|Donphan, M|82/100
|-damage|p2a: Donphan|76/100|[from] Stealth Rock
|-damage|p2a: Donphan|63/100|[from] Spikes
|turn|13
|inactive|Valiant Nova has 120 seconds left.
|inactive|Valiant Nova has 90 seconds left.
|
|t:|1759062774
|switch|p1a: Sinistcha|Sinistcha|100/100
|move|p2a: Donphan|Knock Off|p1a: Sinistcha
|-supereffective|p1a: Sinistcha
|-damage|p1a: Sinistcha|55/100
|-enditem|p1a: Sinistcha|Heavy-Duty Boots|[from] move: Knock Off|[of] p2a: Donphan
|
|upkeep
|turn|14
|
|t:|1759062796
|switch|p2a: Avalugg|Avalugg-Hisui, F|100/100
|-damage|p2a: Avalugg|76/100|[from] Stealth Rock
|-damage|p2a: Avalugg|63/100|[from] Spikes
|move|p1a: Sinistcha|Matcha Gotcha|p2a: Avalugg
|-supereffective|p2a: Avalugg
|-damage|p2a: Avalugg|0 fnt
|-heal|p1a: Sinistcha|85/100|[from] drain|[of] p2a: Avalugg
|faint|p2a: Avalugg
|
|upkeep
|
|t:|1759062807
|switch|p2a: Basculegion|Basculegion, M|100/100
|-damage|p2a: Basculegion|88/100|[from] Stealth Rock
|-damage|p2a: Basculegion|76/100|[from] Spikes
|turn|15
|
|t:|1759062816
|move|p2a: Basculegion|Ice Fang|p1a: Sinistcha
|-supereffective|p1a: Sinistcha
|-damage|p1a: Sinistcha|55/100
|move|p1a: Sinistcha|Matcha Gotcha|p2a: Basculegion
|-supereffective|p2a: Basculegion
|-damage|p2a: Basculegion|0 fnt
|-heal|p1a: Sinistcha|96/100|[from] drain|[of] p2a: Basculegion
|faint|p2a: Basculegion
|
|upkeep
|
|t:|1759062823
|switch|p2a: Donphan|Donphan, M|63/100
|-damage|p2a: Donphan|57/100|[from] Stealth Rock
|-damage|p2a: Donphan|45/100|[from] Spikes
|turn|16
|c|☆Valiant Nova|gg
|
|t:|1759062828
|move|p1a: Sinistcha|Matcha Gotcha|p2a: Donphan
|-supereffective|p2a: Donphan
|-damage|p2a: Donphan|0 fnt
|-heal|p1a: Sinistcha|100/100|[from] drain|[of] p2a: Donphan
|faint|p2a: Donphan
|
|win|Valiant Nova
|raw|Valiant Nova's rating: 1204 &rarr; <strong>1230</strong><br />(+26 for winning)
|raw|thefunbegins's rating: 1219 &rarr; <strong>1193</strong><br />(-26 for losing)
|l|☆thefunbegins
|player|p2|
|l|☆Valiant Nova
|player|p1|
