|j|☆henry151th
|j|☆SamiFawad
|t:|1758963928
|gametype|singles
|player|p1|henry151th|wallace|1438
|player|p2|SamiFawad|169|1408
|gen|9
|tier|[Gen 9] OU
|rated|
|rule|HP Percentage Mod: HP is shown in percentages
|rule|Endless Battle Clause: Forcing endless battles is banned
|rule|Species Clause: Limit one of each Pokémon
|rule|OHKO Clause: OHKO moves are banned
|rule|Evasion Items Clause: Evasion items are banned
|rule|Evasion Moves Clause: Evasion moves are banned
|rule|Evasion Abilities Clause: Evasion abilities are banned
|rule|Sleep Moves Clause: Sleep-inducing moves are banned
|clearpoke
|poke|p1|Pelipper, F|
|poke|p1|Hatterene, F|
|poke|p1|Iron Treads|
|poke|p1|Toxicroak, F|
|poke|p1|Barraskewda, F|
|poke|p1|Zapdos|
|poke|p2|Landorus-Therian, M|
|poke|p2|Samurott-Hisui, F|
|poke|p2|Great Tusk|
|poke|p2|Basculegion-F, F|
|poke|p2|Slowking-Galar, M|
|poke|p2|Zamazenta-*|
|teampreview
|inactive|Battle timer is ON: inactive players will automatically lose when time's up. (requested by henry151th)
|
|t:|1758963937
|teamsize|p1|6
|teamsize|p2|6
|start
|switch|p1a: Pelipper|Pelipper, F|100/100
|switch|p2a: Basculegion|Basculegion-F, F|100/100
|-weather|RainDance|[from] ability: Drizzle|[of] p1a: Pelipper
|turn|1
|
|t:|1758963940
|switch|p1a: Barraskewda|Barraskewda, F|100/100
|move|p2a: Basculegion|Shadow Ball|p1a: Barraskewda
|-damage|p1a: Barraskewda|0 fnt
|faint|p1a: Barraskewda
|
|-weather|RainDance|[upkeep]
|upkeep
|
|t:|1758963945
|switch|p1a: Zapdos|Zapdos|100/100
|turn|2
|
|t:|1758963948
|switch|p2a: Slowking|Slowking-Galar, M|100/100
|-terastallize|p1a: Zapdos|Flying
|move|p1a: Zapdos|Hurricane|p2a: Slowking
|-damage|p2a: Slowking|44/100
|
|-weather|RainDance|[upkeep]
|upkeep
|turn|3
|
|t:|1758963956
|move|p1a: Zapdos|Hurricane|p2a: Slowking
|-damage|p2a: Slowking|0 fnt
|faint|p2a: Slowking
|
|-weather|RainDance|[upkeep]
|upkeep
|
|t:|1758963958
|switch|p2a: Samurott|Samurott-Hisui, F|100/100
|turn|4
|
|t:|1758963961
|move|p1a: Zapdos|Hurricane|p2a: Samurott
|-enditem|p2a: Samurott|Focus Sash
|-damage|p2a: Samurott|1/100
|move|p2a: Samurott|Razor Shell|p1a: Zapdos
|-damage|p1a: Zapdos|12/100
|
|-weather|RainDance|[upkeep]
|upkeep
|turn|5
|
|t:|1758963967
|move|p2a: Samurott|Sucker Punch|p1a: Zapdos
|-damage|p1a: Zapdos|0 fnt
|faint|p1a: Zapdos
|
|-weather|RainDance|[upkeep]
|upkeep
|
|t:|1758963970
|switch|p1a: Toxicroak|Toxicroak, F|100/100
|turn|6
|
|t:|1758963973
|move|p2a: Samurott|Sucker Punch||[still]
|-fail|p2a: Samurott
|move|p1a: Toxicroak|Toxic|p2a: Samurott
|-status|p2a: Samurott|tox
|
|-weather|RainDance|[upkeep]
|-damage|p2a: Samurott|0 fnt|[from] psn
|faint|p2a: Samurott
|upkeep
|
|t:|1758963987
|switch|p2a: Basculegion|Basculegion-F, F|100/100
|turn|7
|
|t:|1758963990
|move|p1a: Toxicroak|Toxic|p2a: Basculegion
|-status|p2a: Basculegion|tox
|move|p2a: Basculegion|Shadow Ball|p1a: Toxicroak
|-damage|p1a: Toxicroak|8/100
|
|-weather|RainDance|[upkeep]
|-heal|p1a: Toxicroak|21/100|[from] ability: Dry Skin
|-damage|p2a: Basculegion|94/100 tox|[from] psn
|upkeep
|turn|8
|
|t:|1758963996
|move|p1a: Toxicroak|Knock Off|p2a: Basculegion
|-supereffective|p2a: Basculegion
|-damage|p2a: Basculegion|41/100 tox
|-enditem|p2a: Basculegion|Choice Specs|[from] move: Knock Off|[of] p1a: Toxicroak
|move|p2a: Basculegion|Shadow Ball|p1a: Toxicroak
|-damage|p1a: Toxicroak|0 fnt
|faint|p1a: Toxicroak
|
|-weather|none
|-damage|p2a: Basculegion|29/100 tox|[from] psn
|upkeep
|
|t:|1758964002
|switch|p1a: Pelipper|Pelipper, F|100/100
|-weather|RainDance|[from] ability: Drizzle|[of] p1a: Pelipper
|turn|9
|
|t:|1758964008
|switch|p1a: Iron Treads|Iron Treads|100/100
|move|p2a: Basculegion|Shadow Ball|p1a: Iron Treads
|-damage|p1a: Iron Treads|61/100
|
|-weather|RainDance|[upkeep]
|-heal|p1a: Iron Treads|67/100|[from] item: Leftovers
|-damage|p2a: Basculegion|10/100 tox|[from] psn
|upkeep
|turn|10
|
|t:|1758964011
|move|p1a: Iron Treads|Volt Switch|p2a: Basculegion
|-supereffective|p2a: Basculegion
|-damage|p2a: Basculegion|0 fnt
|faint|p2a: Basculegion
|
|t:|1758964013
|-end|p1a: Iron Treads|Quark Drive|[silent]
|switch|p1a: Pelipper|Pelipper, F|100/100|[from] Volt Switch
|
|-weather|RainDance|[upkeep]
|upkeep
|
|t:|1758964022
|switch|p2a: Landorus|Landorus-Therian, M|100/100
|-ability|p2a: Landorus|Intimidate|boost
|-unboost|p1a: Pelipper|atk|1
|turn|11
|
|t:|1758964025
|-terastallize|p2a: Landorus|Flying
|move|p2a: Landorus|Tera Blast|p1a: Pelipper|[anim] Tera Blast Flying
|-damage|p1a: Pelipper|57/100
|move|p1a: Pelipper|Hurricane|p2a: Landorus
|-damage|p2a: Landorus|51/100
|
|-weather|RainDance|[upkeep]
|upkeep
|turn|12
|
|t:|1758964031
|move|p2a: Landorus|Tera Blast|p1a: Pelipper|[anim] Tera Blast Flying
|-damage|p1a: Pelipper|8/100
|move|p1a: Pelipper|Roost|p1a: Pelipper
|-heal|p1a: Pelipper|58/100
|-singleturn|p1a: Pelipper|move: Roost
|
|-weather|RainDance|[upkeep]
|upkeep
|turn|13
|
|t:|1758964036
|move|p2a: Landorus|Tera Blast|p1a: Pelipper|[anim] Tera Blast Flying
|-damage|p1a: Pelipper|16/100
|move|p1a: Pelipper|Roost|p1a: Pelipper
|-heal|p1a: Pelipper|66/100
|-singleturn|p1a: Pelipper|move: Roost
|
|-weather|RainDance|[upkeep]
|upkeep
|turn|14
|
|t:|1758964040
|switch|p1a: Iron Treads|Iron Treads|67/100
|move|p2a: Landorus|Tera Blast|p1a: Iron Treads|[anim] Tera Blast Flying
|-resisted|p1a: Iron Treads
|-damage|p1a: Iron Treads|46/100
|
|-weather|RainDance|[upkeep]
|-heal|p1a: Iron Treads|52/100|[from] item: Leftovers
|upkeep
|turn|15
|
|t:|1758964045
|switch|p2a: Great Tusk|Great Tusk|100/100
|-end|p1a: Iron Treads|Quark Drive|[silent]
|switch|p1a: Hatterene|Hatterene, F|100/100
|
|-weather|RainDance|[upkeep]
|upkeep
|turn|16
|
|t:|1758964059
|move|p2a: Great Tusk|Knock Off|p1a: Hatterene
|-damage|p1a: Hatterene|77/100
|-enditem|p1a: Hatterene|Eject Button|[from] move: Knock Off|[of] p2a: Great Tusk
|move|p1a: Hatterene|Draining Kiss|p2a: Great Tusk
|-supereffective|p2a: Great Tusk
|-damage|p2a: Great Tusk|45/100
|-heal|p1a: Hatterene|100/100|[from] drain|[of] p2a: Great Tusk
|-damage|p1a: Hatterene|84/100|[from] item: Rocky Helmet|[of] p2a: Great Tusk
|
|-weather|none
|upkeep
|turn|17
|
|t:|1758964067
|move|p2a: Great Tusk|Rapid Spin|p1a: Hatterene
|-damage|p1a: Hatterene|70/100
|-boost|p2a: Great Tusk|spe|1
|move|p1a: Hatterene|Draining Kiss|p2a: Great Tusk
|-supereffective|p2a: Great Tusk
|-damage|p2a: Great Tusk|0 fnt
|-heal|p1a: Hatterene|100/100|[from] drain|[of] p2a: Great Tusk
|-damage|p1a: Hatterene|84/100|[from] item: Rocky Helmet|[of] p2a: Great Tusk
|faint|p2a: Great Tusk
|-end|p2a: Great Tusk|Protosynthesis|[silent]
|
|upkeep
|
|t:|1758964071
|switch|p2a: Landorus|Landorus-Therian, M, tera:Flying|51/100
|-ability|p2a: Landorus|Intimidate|boost
|-unboost|p1a: Hatterene|atk|1
|turn|18
|
|t:|1758964074
|move|p2a: Landorus|Tera Blast|p1a: Hatterene|[anim] Tera Blast Flying
|-damage|p1a: Hatterene|27/100
|move|p1a: Hatterene|Nuzzle|p2a: Landorus
|-supereffective|p2a: Landorus
|-damage|p2a: Landorus|45/100
|-status|p2a: Landorus|par
|
|upkeep
|turn|19
|
|t:|1758964078
|switch|p1a: Iron Treads|Iron Treads|52/100
|move|p2a: Landorus|Tera Blast|p1a: Iron Treads|[anim] Tera Blast Flying
|-resisted|p1a: Iron Treads
|-damage|p1a: Iron Treads|27/100
|
|-heal|p1a: Iron Treads|33/100|[from] item: Leftovers
|upkeep
|turn|20
|
|t:|1758964083
|switch|p2a: Zamazenta|Zamazenta|100/100
|-ability|p2a: Zamazenta|Dauntless Shield|boost
|-boost|p2a: Zamazenta|def|1
|move|p1a: Iron Treads|Stealth Rock|p2a: Zamazenta
|-sidestart|p2: SamiFawad|move: Stealth Rock
|
|-heal|p1a: Iron Treads|39/100|[from] item: Leftovers
|upkeep
|turn|21
|
|t:|1758964087
|-end|p1a: Iron Treads|Quark Drive|[silent]
|switch|p1a: Hatterene|Hatterene, F|27/100
|move|p2a: Zamazenta|Crunch|p1a: Hatterene
|-damage|p1a: Hatterene|3/100
|
|upkeep
|turn|22
|
|t:|1758964090
|move|p2a: Zamazenta|Crunch|p1a: Hatterene
|-damage|p1a: Hatterene|0 fnt
|faint|p1a: Hatterene
|
|upkeep
|
|t:|1758964092
|switch|p1a: Pelipper|Pelipper, F|66/100
|-weather|RainDance|[from] ability: Drizzle|[of] p1a: Pelipper
|turn|23
|
|t:|1758964096
|switch|p2a: Landorus|Landorus-Therian, M, tera:Flying|45/100 par
|-damage|p2a: Landorus|20/100 par|[from] Stealth Rock
|-ability|p2a: Landorus|Intimidate|boost
|-unboost|p1a: Pelipper|atk|1
|move|p1a: Pelipper|Hurricane|p2a: Landorus
|-damage|p2a: Landorus|0 fnt
|faint|p2a: Landorus
|
|-weather|RainDance|[upkeep]
|upkeep
|
|t:|1758964098
|switch|p2a: Zamazenta|Zamazenta|100/100
|-damage|p2a: Zamazenta|94/100|[from] Stealth Rock
|turn|24
|
|t:|1758964101
|move|p2a: Zamazenta|Stone Edge|p1a: Pelipper|[miss]
|-miss|p2a: Zamazenta|p1a: Pelipper
|move|p1a: Pelipper|Hurricane|p2a: Zamazenta
|-supereffective|p2a: Zamazenta
|-damage|p2a: Zamazenta|56/100
|
|-weather|RainDance|[upkeep]
|upkeep
|turn|25
|
|t:|1758964104
|move|p2a: Zamazenta|Stone Edge|p1a: Pelipper
|-supereffective|p1a: Pelipper
|-crit|p1a: Pelipper
|-damage|p1a: Pelipper|0 fnt
|faint|p1a: Pelipper
|
|-weather|RainDance|[upkeep]
|upkeep
|
|t:|1758964107
|switch|p1a: Iron Treads|Iron Treads|39/100
|turn|26
|
|t:|1758964111
|move|p2a: Zamazenta|Close Combat|p1a: Iron Treads
|-supereffective|p1a: Iron Treads
|-damage|p1a: Iron Treads|0 fnt
|-unboost|p2a: Zamazenta|def|1
|-unboost|p2a: Zamazenta|spd|1
|faint|p1a: Iron Treads
|-end|p1a: Iron Treads|Quark Drive|[silent]
|
|win|SamiFawad
|raw|henry151th's rating: 1438 &rarr; <strong>1416</strong><br />(-22 for losing)
|raw|SamiFawad's rating: 1408 &rarr; <strong>1430</strong><br />(+22 for winning)
|l|☆SamiFawad
|player|p2|
|l|☆henry151th
|player|p1|
