|j|☆vghhjg
|j|☆Shibuya Arc
|t:|1758928707
|gametype|singles
|player|p1|vghhjg|2|1467
|player|p2|Shibuya Arc|265|1537
|gen|9
|tier|[Gen 9] OU
|rated|
|rule|HP Percentage Mod: HP is shown in percentages
|rule|Endless Battle Clause: Forcing endless battles is banned
|rule|Species Clause: Limit one of each Pokémon
|rule|OHKO Clause: OHKO moves are banned
|rule|Evasion Items Clause: Evasion items are banned
|rule|Evasion Moves Clause: Evasion moves are banned
|rule|Evasion Abilities Clause: Evasion abilities are banned
|rule|Sleep Moves Clause: Sleep-inducing moves are banned
|clearpoke
|poke|p1|Gholdengo|
|poke|p1|Ribombee, M|
|poke|p1|Dragonite, F|
|poke|p1|Comfey, M|
|poke|p1|Primarina, F|
|poke|p1|Arcanine, M|
|poke|p2|Dragapult, F|
|poke|p2|Dragonite, F|
|poke|p2|Ting-Lu|
|poke|p2|Weezing-Galar, F|
|poke|p2|Iron Crown|
|poke|p2|Zapdos|
|teampreview
|inactive|Battle timer is ON: inactive players will automatically lose when time's up. (requested by Shibuya Arc)
|
|t:|1758928721
|teamsize|p1|6
|teamsize|p2|6
|start
|switch|p1a: Ribombee|Ribombee, M|100/100
|switch|p2a: Ting-Lu|Ting-Lu|100/100
|-ability|p2a: Ting-Lu|Vessel of Ruin
|turn|1
|
|t:|1758928727
|move|p1a: Ribombee|Sticky Web|p2a: Ting-Lu
|-sidestart|p2: Shibuya Arc|move: Sticky Web
|move|p2a: Ting-Lu|Ruination|p1a: Ribombee
|-damage|p1a: Ribombee|51/100
|
|upkeep
|turn|2
|
|t:|1758928736
|move|p1a: Ribombee|Stun Spore|p2a: Ting-Lu
|-status|p2a: Ting-Lu|par
|move|p2a: Ting-Lu|Earthquake|p1a: Ribombee
|-resisted|p1a: Ribombee
|-damage|p1a: Ribombee|12/100
|
|upkeep
|turn|3
|
|t:|1758928745
|move|p1a: Ribombee|Skill Swap|p2a: Ting-Lu
|-activate|p1a: Ribombee|move: Skill Swap|Vessel of Ruin|Shield Dust|[of] p2a: Ting-Lu
|-ability|p1a: Ribombee|Vessel of Ruin
|cant|p2a: Ting-Lu|par
|
|upkeep
|turn|4
|
|t:|1758928752
|switch|p1a: Dragonite|Dragonite, F|100/100
|move|p2a: Ting-Lu|Earthquake|p1a: Dragonite
|-immune|p1a: Dragonite
|
|upkeep
|turn|5
|
|t:|1758928758
|move|p1a: Dragonite|Encore|p2a: Ting-Lu
|-start|p2a: Ting-Lu|Encore
|cant|p2a: Ting-Lu|par
|
|upkeep
|turn|6
|
|t:|1758928769
|switch|p1a: Arcanine|Arcanine, M|100/100
|-ability|p1a: Arcanine|Intimidate|boost
|-unboost|p2a: Ting-Lu|atk|1
|switch|p2a: Dragapult|Dragapult, F|100/100
|
|upkeep
|turn|7
|
|t:|1758928776
|move|p2a: Dragapult|U-turn|p1a: Arcanine
|-resisted|p1a: Arcanine
|-damage|p1a: Arcanine|90/100
|
|t:|1758928786
|switch|p2a: Ting-Lu|Ting-Lu|100/100 par|[from] U-turn
|-activate|p2a: Ting-Lu|move: Sticky Web
|-unboost|p2a: Ting-Lu|spe|1
|-ability|p2a: Ting-Lu|Vessel of Ruin
|move|p1a: Arcanine|Crunch|p2a: Ting-Lu
|-resisted|p2a: Ting-Lu
|-damage|p2a: Ting-Lu|93/100 par
|
|-heal|p1a: Arcanine|96/100|[from] item: Leftovers
|-heal|p2a: Ting-Lu|99/100 par|[from] item: Leftovers
|upkeep
|turn|8
|
|t:|1758928795
|switch|p1a: Ribombee|Ribombee, M|12/100
|cant|p2a: Ting-Lu|par
|
|-heal|p2a: Ting-Lu|100/100 par|[from] item: Leftovers
|upkeep
|turn|9
|
|t:|1758928801
|move|p1a: Ribombee|Skill Swap|p2a: Ting-Lu
|-activate|p1a: Ribombee|move: Skill Swap|Vessel of Ruin|Shield Dust|[of] p2a: Ting-Lu
|-ability|p1a: Ribombee|Vessel of Ruin
|move|p2a: Ting-Lu|Stealth Rock|p1a: Ribombee
|-sidestart|p1: vghhjg|move: Stealth Rock
|
|upkeep
|turn|10
|
|t:|1758928806
|switch|p2a: Iron Crown|Iron Crown|100/100
|-activate|p2a: Iron Crown|move: Sticky Web
|-unboost|p2a: Iron Crown|spe|1
|move|p1a: Ribombee|Psychic Noise|p2a: Iron Crown
|-resisted|p2a: Iron Crown
|-damage|p2a: Iron Crown|95/100
|-start|p2a: Iron Crown|move: Heal Block
|
|upkeep
|turn|11
|
|t:|1758928813
|-end|p2a: Iron Crown|Quark Drive|[silent]
|switch|p2a: Zapdos|Zapdos|100/100
|move|p1a: Ribombee|Stun Spore|p2a: Zapdos
|-immune|p2a: Zapdos
|
|upkeep
|turn|12
|
|t:|1758928819
|switch|p2a: Dragonite|Dragonite, F|100/100
|move|p1a: Ribombee|Psychic Noise|p2a: Dragonite
|-damage|p2a: Dragonite|90/100
|-start|p2a: Dragonite|move: Heal Block
|
|upkeep
|turn|13
|
|t:|1758928826
|move|p1a: Ribombee|Stun Spore|p2a: Dragonite|[miss]
|-miss|p1a: Ribombee|p2a: Dragonite
|move|p2a: Dragonite|Dragon Dance|p2a: Dragonite
|-boost|p2a: Dragonite|atk|1
|-boost|p2a: Dragonite|spe|1
|
|-end|p2a: Dragonite|move: Heal Block
|upkeep
|turn|14
|
|t:|1758928831
|move|p1a: Ribombee|Stun Spore|p2a: Dragonite|[miss]
|-miss|p1a: Ribombee|p2a: Dragonite
|move|p2a: Dragonite|Dragon Dance|p2a: Dragonite
|-boost|p2a: Dragonite|atk|1
|-boost|p2a: Dragonite|spe|1
|
|upkeep
|turn|15
|
|t:|1758928837
|move|p2a: Dragonite|Roost|p2a: Dragonite
|-heal|p2a: Dragonite|100/100
|-singleturn|p2a: Dragonite|move: Roost
|move|p1a: Ribombee|Stun Spore|p2a: Dragonite|[miss]
|-miss|p1a: Ribombee|p2a: Dragonite
|
|upkeep
|turn|16
|
|t:|1758928843
|move|p2a: Dragonite|Earthquake|p1a: Ribombee
|-resisted|p1a: Ribombee
|-damage|p1a: Ribombee|0 fnt
|faint|p1a: Ribombee
|
|upkeep
|
|t:|1758928848
|switch|p1a: Arcanine|Arcanine, M|96/100
|-damage|p1a: Arcanine|71/100|[from] Stealth Rock
|-ability|p1a: Arcanine|Intimidate|boost
|-unboost|p2a: Dragonite|atk|1
|turn|17
|
|t:|1758928854
|move|p2a: Dragonite|Extreme Speed|p1a: Arcanine
|-damage|p1a: Arcanine|23/100
|move|p1a: Arcanine|Extreme Speed|p2a: Dragonite
|-damage|p2a: Dragonite|86/100
|
|-heal|p1a: Arcanine|30/100|[from] item: Leftovers
|upkeep
|turn|18
|
|t:|1758928864
|switch|p1a: Gholdengo|Gholdengo|100/100
|-damage|p1a: Gholdengo|94/100|[from] Stealth Rock
|-item|p1a: Gholdengo|Air Balloon
|move|p2a: Dragonite|Extreme Speed|p1a: Gholdengo
|-immune|p1a: Gholdengo
|
|upkeep
|turn|19
|
|t:|1758928870
|move|p2a: Dragonite|Roost|p2a: Dragonite
|-heal|p2a: Dragonite|100/100
|-singleturn|p2a: Dragonite|move: Roost
|move|p1a: Gholdengo|Dazzling Gleam|p2a: Dragonite
|-supereffective|p2a: Dragonite
|-damage|p2a: Dragonite|71/100
|
|upkeep
|turn|20
|
|t:|1758928877
|move|p2a: Dragonite|Roost|p2a: Dragonite
|-heal|p2a: Dragonite|100/100
|-singleturn|p2a: Dragonite|move: Roost
|move|p1a: Gholdengo|Nasty Plot|p1a: Gholdengo
|-boost|p1a: Gholdengo|spa|2
|
|upkeep
|turn|21
|
|t:|1758928883
|-terastallize|p2a: Dragonite|Normal
|move|p2a: Dragonite|Extreme Speed|p1a: Gholdengo
|-immune|p1a: Gholdengo
|move|p1a: Gholdengo|Dazzling Gleam|p2a: Dragonite
|-damage|p2a: Dragonite|73/100
|
|upkeep
|turn|22
|
|t:|1758928890
|switch|p2a: Zapdos|Zapdos|100/100
|move|p1a: Gholdengo|Dazzling Gleam|p2a: Zapdos
|-damage|p2a: Zapdos|39/100
|
|upkeep
|turn|23
|
|t:|1758928897
|switch|p1a: Arcanine|Arcanine, M|30/100
|-damage|p1a: Arcanine|5/100|[from] Stealth Rock
|-ability|p1a: Arcanine|Intimidate|boost
|-unboost|p2a: Zapdos|atk|1
|move|p2a: Zapdos|Volt Switch|p1a: Arcanine
|-crit|p1a: Arcanine
|-damage|p1a: Arcanine|0 fnt
|faint|p1a: Arcanine
|
|t:|1758928904
|switch|p2a: Dragapult|Dragapult, F|100/100|[from] Volt Switch
|
|upkeep
|
|t:|1758928910
|switch|p1a: Primarina|Primarina, F|100/100
|-damage|p1a: Primarina|88/100|[from] Stealth Rock
|turn|24
|
|t:|1758928915
|move|p2a: Dragapult|U-turn|p1a: Primarina
|-resisted|p1a: Primarina
|-crit|p1a: Primarina
|-damage|p1a: Primarina|66/100
|
|t:|1758928924
|switch|p2a: Zapdos|Zapdos|39/100|[from] U-turn
|move|p1a: Primarina|Surf|p2a: Zapdos
|-damage|p2a: Zapdos|0 fnt
|faint|p2a: Zapdos
|
|-heal|p1a: Primarina|72/100|[from] item: Leftovers
|upkeep
|
|t:|1758928930
|switch|p2a: Iron Crown|Iron Crown|95/100
|-activate|p2a: Iron Crown|move: Sticky Web
|-unboost|p2a: Iron Crown|spe|1
|turn|25
|
|t:|1758928936
|move|p1a: Primarina|Surf|p2a: Iron Crown
|-damage|p2a: Iron Crown|50/100
|move|p2a: Iron Crown|Psyshock|p1a: Primarina
|-damage|p1a: Primarina|0 fnt
|faint|p1a: Primarina
|
|upkeep
|
|t:|1758928945
|switch|p1a: Dragonite|Dragonite, F|100/100
|turn|26
|
|t:|1758928957
|-end|p2a: Iron Crown|Quark Drive|[silent]
|switch|p2a: Dragapult|Dragapult, F|100/100
|move|p1a: Dragonite|Earthquake|p2a: Dragapult
|-damage|p2a: Dragapult|54/100
|
|upkeep
|turn|27
|
|t:|1758928966
|move|p2a: Dragapult|Will-O-Wisp|p1a: Dragonite
|-status|p1a: Dragonite|brn
|move|p1a: Dragonite|Dragon Dance|p1a: Dragonite
|-boost|p1a: Dragonite|atk|1
|-boost|p1a: Dragonite|spe|1
|
|-damage|p1a: Dragonite|94/100 brn|[from] brn
|upkeep
|turn|28
|
|t:|1758928971
|switch|p2a: Ting-Lu|Ting-Lu|100/100 par
|-activate|p2a: Ting-Lu|move: Sticky Web
|-unboost|p2a: Ting-Lu|spe|1
|-ability|p2a: Ting-Lu|Vessel of Ruin
|move|p1a: Dragonite|Encore||[still]
|-fail|p1a: Dragonite
|
|-damage|p1a: Dragonite|88/100 brn|[from] brn
|upkeep
|turn|29
|
|t:|1758928977
|move|p1a: Dragonite|Earthquake|p2a: Ting-Lu
|-damage|p2a: Ting-Lu|87/100 par
|cant|p2a: Ting-Lu|par
|
|-heal|p2a: Ting-Lu|93/100 par|[from] item: Leftovers
|-damage|p1a: Dragonite|82/100 brn|[from] brn
|upkeep
|turn|30
|
|t:|1758928987
|move|p1a: Dragonite|Earthquake|p2a: Ting-Lu
|-damage|p2a: Ting-Lu|79/100 par
|cant|p2a: Ting-Lu|par
|
|-heal|p2a: Ting-Lu|85/100 par|[from] item: Leftovers
|-damage|p1a: Dragonite|76/100 brn|[from] brn
|upkeep
|turn|31
|
|t:|1758928994
|move|p1a: Dragonite|Earthquake|p2a: Ting-Lu
|-damage|p2a: Ting-Lu|71/100 par
|move|p2a: Ting-Lu|Ruination|p1a: Dragonite
|-damage|p1a: Dragonite|38/100 brn
|
|-heal|p2a: Ting-Lu|77/100 par|[from] item: Leftovers
|-damage|p1a: Dragonite|32/100 brn|[from] brn
|upkeep
|turn|32
|
|t:|1758929003
|move|p1a: Dragonite|Encore|p2a: Ting-Lu
|-start|p2a: Ting-Lu|Encore
|move|p2a: Ting-Lu|Ruination|p1a: Dragonite
|-damage|p1a: Dragonite|16/100 brn
|
|-heal|p2a: Ting-Lu|83/100 par|[from] item: Leftovers
|-damage|p1a: Dragonite|10/100 brn|[from] brn
|upkeep
|turn|33
|
|t:|1758929010
|switch|p2a: Dragonite|Dragonite, F, tera:Normal|73/100
|move|p1a: Dragonite|Earthquake|p2a: Dragonite
|-damage|p2a: Dragonite|47/100
|
|-damage|p1a: Dragonite|4/100 brn|[from] brn
|upkeep
|turn|34
|
|t:|1758929028
|switch|p2a: Dragapult|Dragapult, F|54/100
|move|p1a: Dragonite|Earthquake|p2a: Dragapult
|-damage|p2a: Dragapult|18/100
|-start|p1a: Dragonite|Disable|Earthquake|[from] ability: Cursed Body|[of] p2a: Dragapult
|
|-damage|p1a: Dragonite|0 fnt|[from] brn
|faint|p1a: Dragonite
|upkeep
|
|t:|1758929032
|switch|p1a: Comfey|Comfey, M|100/100
|-damage|p1a: Comfey|88/100|[from] Stealth Rock
|turn|35
|
|t:|1758929051
|move|p1a: Comfey|Draining Kiss|p2a: Dragapult
|-supereffective|p2a: Dragapult
|-damage|p2a: Dragapult|0 fnt
|-heal|p1a: Comfey|100/100|[from] drain|[of] p2a: Dragapult
|faint|p2a: Dragapult
|-damage|p1a: Comfey|91/100|[from] item: Life Orb
|
|upkeep
|
|t:|1758929061
|switch|p2a: Iron Crown|Iron Crown|50/100
|-activate|p2a: Iron Crown|move: Sticky Web
|-unboost|p2a: Iron Crown|spe|1
|turn|36
|
|t:|1758929069
|-terastallize|p1a: Comfey|Ground
|move|p1a: Comfey|Tera Blast|p2a: Iron Crown|[anim] Tera Blast Ground
|-supereffective|p2a: Iron Crown
|-damage|p2a: Iron Crown|0 fnt
|faint|p2a: Iron Crown
|-end|p2a: Iron Crown|Quark Drive|[silent]
|-damage|p1a: Comfey|81/100|[from] item: Life Orb
|
|upkeep
|
|t:|1758929078
|switch|p2a: Ting-Lu|Ting-Lu|83/100 par
|-activate|p2a: Ting-Lu|move: Sticky Web
|-unboost|p2a: Ting-Lu|spe|1
|-ability|p2a: Ting-Lu|Vessel of Ruin
|turn|37
|
|t:|1758929084
|move|p1a: Comfey|Draining Kiss|p2a: Ting-Lu
|-supereffective|p2a: Ting-Lu
|-damage|p2a: Ting-Lu|60/100 par
|-heal|p1a: Comfey|100/100|[from] drain|[of] p2a: Ting-Lu
|-damage|p1a: Comfey|91/100|[from] item: Life Orb
|cant|p2a: Ting-Lu|par
|
|-heal|p2a: Ting-Lu|66/100 par|[from] item: Leftovers
|upkeep
|turn|38
|
|t:|1758929094
|move|p1a: Comfey|Tera Blast|p2a: Ting-Lu|[anim] Tera Blast Ground
|-damage|p2a: Ting-Lu|47/100 par
|-damage|p1a: Comfey|81/100|[from] item: Life Orb
|move|p2a: Ting-Lu|Ruination|p1a: Comfey
|-damage|p1a: Comfey|41/100
|
|-heal|p2a: Ting-Lu|54/100 par|[from] item: Leftovers
|upkeep
|turn|39
|
|t:|1758929107
|move|p1a: Comfey|Encore|p2a: Ting-Lu
|-start|p2a: Ting-Lu|Encore
|move|p2a: Ting-Lu|Ruination|p1a: Comfey
|-damage|p1a: Comfey|21/100
|
|-heal|p2a: Ting-Lu|60/100 par|[from] item: Leftovers
|upkeep
|turn|40
|
|t:|1758929116
|move|p1a: Comfey|Calm Mind|p1a: Comfey
|-boost|p1a: Comfey|spa|1
|-boost|p1a: Comfey|spd|1
|cant|p2a: Ting-Lu|par
|
|-heal|p2a: Ting-Lu|66/100 par|[from] item: Leftovers
|upkeep
|turn|41
|
|t:|1758929121
|move|p1a: Comfey|Calm Mind|p1a: Comfey
|-boost|p1a: Comfey|spa|1
|-boost|p1a: Comfey|spd|1
|move|p2a: Ting-Lu|Ruination|p1a: Comfey
|-damage|p1a: Comfey|11/100
|
|-heal|p2a: Ting-Lu|72/100 par|[from] item: Leftovers
|-end|p2a: Ting-Lu|Encore
|upkeep
|turn|42
|
|t:|1758929130
|move|p1a: Comfey|Encore|p2a: Ting-Lu
|-start|p2a: Ting-Lu|Encore
|move|p2a: Ting-Lu|Ruination|p1a: Comfey
|-damage|p1a: Comfey|6/100
|
|-heal|p2a: Ting-Lu|78/100 par|[from] item: Leftovers
|upkeep
|turn|43
|
|t:|1758929139
|switch|p2a: Dragonite|Dragonite, F, tera:Normal|47/100
|move|p1a: Comfey|Calm Mind|p1a: Comfey
|-boost|p1a: Comfey|spa|1
|-boost|p1a: Comfey|spd|1
|
|upkeep
|turn|44
|
|t:|1758929145
|move|p1a: Comfey|Draining Kiss|p2a: Dragonite
|-damage|p2a: Dragonite|0 fnt
|-heal|p1a: Comfey|46/100|[from] drain|[of] p2a: Dragonite
|faint|p2a: Dragonite
|-damage|p1a: Comfey|36/100|[from] item: Life Orb
|
|upkeep
|
|t:|1758929154
|switch|p2a: Ting-Lu|Ting-Lu|78/100 par
|-activate|p2a: Ting-Lu|move: Sticky Web
|-unboost|p2a: Ting-Lu|spe|1
|-ability|p2a: Ting-Lu|Vessel of Ruin
|turn|45
|
|t:|1758929159
|switch|p2a: Weezing|Weezing-Galar, F|100/100
|-ability|p2a: Weezing|Neutralizing Gas
|move|p1a: Comfey|Draining Kiss|p2a: Weezing
|-resisted|p2a: Weezing
|-damage|p2a: Weezing|52/100
|-heal|p1a: Comfey|76/100|[from] drain|[of] p2a: Weezing
|-damage|p1a: Comfey|66/100|[from] item: Life Orb
|
|upkeep
|turn|46
|
|t:|1758929168
|-end|p2a: Weezing|ability: Neutralizing Gas
|switch|p2a: Ting-Lu|Ting-Lu|78/100 par
|-activate|p2a: Ting-Lu|move: Sticky Web
|-unboost|p2a: Ting-Lu|spe|1
|-ability|p2a: Ting-Lu|Vessel of Ruin
|move|p1a: Comfey|Tera Blast|p2a: Ting-Lu|[anim] Tera Blast Ground
|-damage|p2a: Ting-Lu|30/100 par
|-damage|p1a: Comfey|56/100|[from] item: Life Orb
|
|-heal|p2a: Ting-Lu|37/100 par|[from] item: Leftovers
|upkeep
|turn|47
|
|t:|1758929176
|switch|p2a: Weezing|Weezing-Galar, F|52/100
|-ability|p2a: Weezing|Neutralizing Gas
|move|p1a: Comfey|Draining Kiss|p2a: Weezing
|-resisted|p2a: Weezing
|-damage|p2a: Weezing|8/100
|-heal|p1a: Comfey|93/100|[from] drain|[of] p2a: Weezing
|-damage|p1a: Comfey|83/100|[from] item: Life Orb
|
|upkeep
|turn|48
|
|t:|1758929183
|-end|p2a: Weezing|ability: Neutralizing Gas
|switch|p2a: Ting-Lu|Ting-Lu|37/100 par
|-activate|p2a: Ting-Lu|move: Sticky Web
|-unboost|p2a: Ting-Lu|spe|1
|-ability|p2a: Ting-Lu|Vessel of Ruin
|move|p1a: Comfey|Draining Kiss|p2a: Ting-Lu
|-supereffective|p2a: Ting-Lu
|-damage|p2a: Ting-Lu|0 fnt
|-heal|p1a: Comfey|100/100|[from] drain|[of] p2a: Ting-Lu
|faint|p2a: Ting-Lu
|-damage|p1a: Comfey|91/100|[from] item: Life Orb
|
|upkeep
|
|t:|1758929189
|switch|p2a: Weezing|Weezing-Galar, F|8/100
|-ability|p2a: Weezing|Neutralizing Gas
|turn|49
|
|t:|1758929198
|move|p1a: Comfey|Draining Kiss|p2a: Weezing
|-resisted|p2a: Weezing
|-damage|p2a: Weezing|0 fnt
|-heal|p1a: Comfey|97/100|[from] drain|[of] p2a: Weezing
|faint|p2a: Weezing
|-end|p2a: Weezing|ability: Neutralizing Gas
|-damage|p1a: Comfey|87/100|[from] item: Life Orb
|
|win|vghhjg
|raw|vghhjg's rating: 1486 &rarr; <strong>1509</strong><br />(+23 for winning)
|raw|Shibuya Arc's rating: 1537 &rarr; <strong>1514</strong><br />(-23 for losing)
|l|☆Shibuya Arc
|player|p2|
|l|☆vghhjg
|player|p1|
