|j|☆alphaBrr
|j|☆Dream54301
|t:|1759012417
|gametype|singles
|player|p1|alphaBrr|170|1062
|player|p2|Dream54301|lusamine-nihilego|1081
|gen|9
|tier|[Gen 9] OU
|rated|
|rule|HP Percentage Mod: HP is shown in percentages
|rule|Endless Battle Clause: Forcing endless battles is banned
|rule|Species Clause: Limit one of each Pokémon
|rule|OHKO Clause: OHKO moves are banned
|rule|Evasion Items Clause: Evasion items are banned
|rule|Evasion Moves Clause: Evasion moves are banned
|rule|Evasion Abilities Clause: Evasion abilities are banned
|rule|Sleep Moves Clause: Sleep-inducing moves are banned
|clearpoke
|poke|p1|Conkeldurr, M|
|poke|p1|Golem-Alola, M|
|poke|p1|Jolteon, F|
|poke|p1|Pelipper, F|
|poke|p1|Cyclizar, M|
|poke|p1|Dragonite, F|
|poke|p2|Rotom-Wash|
|poke|p2|Tyranitar, F|
|poke|p2|Excadrill, M|
|poke|p2|Arcanine-Hisui, F|
|poke|p2|Decidueye-Hisui, F|
|poke|p2|Carbink|
|teampreview
|inactive|Battle timer is ON: inactive players will automatically lose when time's up. (requested by alphaBrr)
|inactive|alphaBrr has 120 seconds left.
|l|☆alphaBrr
|inactive|alphaBrr disconnected and has a minute to reconnect!
|player|p1|
|j|☆alphaBrr
|inactive|alphaBrr reconnected and has 100 seconds left.
|player|p1|alphaBrr|170|
|
|t:|1759012480
|teamsize|p1|6
|teamsize|p2|6
|start
|switch|p1a: Dragonite|Dragonite, F|100/100
|switch|p2a: Rotom|Rotom-Wash|100/100
|turn|1
|
|t:|1759012486
|switch|p1a: Conkeldurr|Conkeldurr, M|100/100
|move|p2a: Rotom|Trick|p1a: Conkeldurr
|-activate|p2a: Rotom|move: Trick|[of] p1a: Conkeldurr
|-item|p1a: Conkeldurr|Choice Scarf|[from] move: Trick
|-item|p2a: Rotom|Flame Orb|[from] move: Trick
|
|-status|p2a: Rotom|brn|[from] item: Flame Orb
|upkeep
|turn|2
|
|t:|1759012498
|move|p2a: Rotom|Volt Switch|p1a: Conkeldurr
|-damage|p1a: Conkeldurr|70/100
|
|t:|1759012503
|switch|p2a: Carbink|Carbink|100/100|[from] Volt Switch
|move|p1a: Conkeldurr|Poison Jab|p2a: Carbink
|-crit|p2a: Carbink
|-damage|p2a: Carbink|69/100
|-status|p2a: Carbink|psn
|
|-heal|p2a: Carbink|75/100 psn|[from] item: Leftovers
|-damage|p2a: Carbink|62/100 psn|[from] psn
|upkeep
|turn|3
|
|t:|1759012521
|move|p1a: Conkeldurr|Poison Jab|p2a: Carbink
|-damage|p2a: Carbink|44/100 psn
|move|p2a: Carbink|Moonblast|p1a: Conkeldurr
|-supereffective|p1a: Conkeldurr
|-damage|p1a: Conkeldurr|28/100
|-unboost|p1a: Conkeldurr|spa|1
|
|-heal|p2a: Carbink|50/100 psn|[from] item: Leftovers
|-damage|p2a: Carbink|37/100 psn|[from] psn
|upkeep
|turn|4
|
|t:|1759012529
|move|p1a: Conkeldurr|Poison Jab|p2a: Carbink
|-damage|p2a: Carbink|18/100 psn
|move|p2a: Carbink|Moonblast|p1a: Conkeldurr
|-supereffective|p1a: Conkeldurr
|-damage|p1a: Conkeldurr|0 fnt
|faint|p1a: Conkeldurr
|
|-heal|p2a: Carbink|24/100 psn|[from] item: Leftovers
|-damage|p2a: Carbink|12/100 psn|[from] psn
|upkeep
|
|t:|1759012535
|switch|p1a: Jolteon|Jolteon, F|100/100
|turn|5
|
|t:|1759012541
|move|p1a: Jolteon|Shadow Ball|p2a: Carbink
|-damage|p2a: Carbink|0 fnt
|faint|p2a: Carbink
|
|upkeep
|
|t:|1759012547
|switch|p2a: Excadrill|Excadrill, M|100/100
|turn|6
|
|t:|1759012552
|switch|p1a: Pelipper|Pelipper, F|100/100
|-weather|RainDance|[from] ability: Drizzle|[of] p1a: Pelipper
|move|p2a: Excadrill|Rapid Spin|p1a: Pelipper
|-damage|p1a: Pelipper|83/100
|-boost|p2a: Excadrill|spe|1
|
|-weather|RainDance|[upkeep]
|upkeep
|turn|7
|
|t:|1759012557
|switch|p2a: Tyranitar|Tyranitar, F|100/100
|-weather|Sandstorm|[from] ability: Sand Stream|[of] p2a: Tyranitar
|move|p1a: Pelipper|Hydro Pump|p2a: Tyranitar
|-supereffective|p2a: Tyranitar
|-damage|p2a: Tyranitar|34/100
|
|-weather|Sandstorm|[upkeep]
|-damage|p1a: Pelipper|76/100|[from] Sandstorm
|upkeep
|turn|8
|
|t:|1759012567
|switch|p1a: Cyclizar|Cyclizar, M|100/100
|move|p2a: Tyranitar|Dragon Dance|p2a: Tyranitar
|-boost|p2a: Tyranitar|atk|1
|-boost|p2a: Tyranitar|spe|1
|
|-weather|Sandstorm|[upkeep]
|-damage|p1a: Cyclizar|94/100|[from] Sandstorm
|upkeep
|turn|9
|
|t:|1759012574
|move|p1a: Cyclizar|U-turn|p2a: Tyranitar
|-supereffective|p2a: Tyranitar
|-damage|p2a: Tyranitar|0 fnt
|faint|p2a: Tyranitar
|
|t:|1759012580
|switch|p1a: Dragonite|Dragonite, F|100/100|[from] U-turn
|
|-weather|Sandstorm|[upkeep]
|-damage|p1a: Dragonite|94/100|[from] Sandstorm
|-heal|p1a: Dragonite|100/100|[from] item: Leftovers
|upkeep
|
|t:|1759012584
|switch|p2a: Arcanine|Arcanine-Hisui, F|100/100
|turn|10
|
|t:|1759012589
|move|p2a: Arcanine|Head Smash|p1a: Dragonite
|-supereffective|p1a: Dragonite
|-damage|p1a: Dragonite|22/100
|move|p1a: Dragonite|Earthquake|p2a: Arcanine
|-supereffective|p2a: Arcanine
|-damage|p2a: Arcanine|0 fnt
|faint|p2a: Arcanine
|
|-weather|Sandstorm|[upkeep]
|-damage|p1a: Dragonite|15/100|[from] Sandstorm
|-heal|p1a: Dragonite|22/100|[from] item: Leftovers
|upkeep
|
|t:|1759012598
|switch|p2a: Rotom|Rotom-Wash|100/100 brn
|turn|11
|
|t:|1759012610
|switch|p1a: Pelipper|Pelipper, F|76/100
|-weather|RainDance|[from] ability: Drizzle|[of] p1a: Pelipper
|move|p2a: Rotom|Volt Switch|p1a: Pelipper
|-supereffective|p1a: Pelipper
|-damage|p1a: Pelipper|0 fnt
|faint|p1a: Pelipper
|
|t:|1759012619
|switch|p2a: Excadrill|Excadrill, M|100/100|[from] Volt Switch
|
|-weather|RainDance|[upkeep]
|upkeep
|inactive|alphaBrr has 120 seconds left.
|
|t:|1759012658
|switch|p1a: Cyclizar|Cyclizar, M|100/100
|turn|12
|
|t:|1759012665
|move|p1a: Cyclizar|U-turn|p2a: Excadrill
|-resisted|p2a: Excadrill
|-damage|p2a: Excadrill|88/100
|
|t:|1759012669
|switch|p1a: Dragonite|Dragonite, F|22/100|[from] U-turn
|move|p2a: Excadrill|Earthquake|p1a: Dragonite
|-immune|p1a: Dragonite
|
|-weather|RainDance|[upkeep]
|-heal|p1a: Dragonite|28/100|[from] item: Leftovers
|upkeep
|turn|13
|
|t:|1759012675
|move|p2a: Excadrill|Iron Head|p1a: Dragonite
|-damage|p1a: Dragonite|0 fnt
|faint|p1a: Dragonite
|
|-weather|RainDance|[upkeep]
|upkeep
|
|t:|1759012684
|switch|p1a: Golem|Golem-Alola, M|100/100
|turn|14
|
|t:|1759012689
|move|p2a: Excadrill|Earthquake|p1a: Golem
|-supereffective|p1a: Golem
|-damage|p1a: Golem|0 fnt
|faint|p1a: Golem
|
|-weather|RainDance|[upkeep]
|upkeep
|l|☆alphaBrr
|inactive|alphaBrr disconnected and has a minute to reconnect!
|player|p1|
|inactive|alphaBrr has 30 seconds to reconnect!
|j|☆alphaBrr
|inactive|alphaBrr reconnected and has 105 seconds left.
|player|p1|alphaBrr|170|
|-message|alphaBrr forfeited.
|
|win|Dream54301
|raw|alphaBrr's rating: 1062 &rarr; <strong>1044</strong><br />(-18 for losing)
|raw|Dream54301's rating: 1081 &rarr; <strong>1107</strong><br />(+26 for winning)
|l|☆alphaBrr
|player|p1|
