|j|☆Gappy-kun
|j|☆w86gwv868ywvev9yvy
|t:|1758947603
|gametype|singles
|player|p1|Gappy-kun|2|1260
|player|p2|w86gwv868ywvev9yvy|2|1243
|gen|9
|tier|[Gen 9] OU
|rated|
|rule|HP Percentage Mod: HP is shown in percentages
|rule|Endless Battle Clause: Forcing endless battles is banned
|rule|Species Clause: Limit one of each Pokémon
|rule|OHKO Clause: OHKO moves are banned
|rule|Evasion Items Clause: Evasion items are banned
|rule|Evasion Moves Clause: Evasion moves are banned
|rule|Evasion Abilities Clause: Evasion abilities are banned
|rule|Sleep Moves Clause: Sleep-inducing moves are banned
|clearpoke
|poke|p1|Lokix, F|
|poke|p1|Galvantula, M|
|poke|p1|Zoroark-Hisui, M|
|poke|p1|Glimmora, F|
|poke|p1|Garganacl, F|
|poke|p1|Hatterene, F|
|poke|p2|Ditto|
|poke|p2|Maushold-Four|
|poke|p2|Zoroark-Hisui, F|
|poke|p2|Gliscor, M|
|poke|p2|Garganacl, M|
|poke|p2|Clefable, F|
|teampreview
|inactive|Battle timer is ON: inactive players will automatically lose when time's up. (requested by w86gwv868ywvev9yvy)
|
|t:|1758947626
|teamsize|p1|6
|teamsize|p2|6
|start
|switch|p1a: SPÖDER|Galvantula, M|100/100
|switch|p2a: Ditto|Ditto|100/100
|-transform|p2a: Ditto|p1a: SPÖDER|[from] ability: Imposter
|turn|1
|
|t:|1758947641
|switch|p1a: BIGHAT|Hatterene, F|100/100
|move|p2a: Ditto|Sticky Web|p1a: BIGHAT
|move|p1a: BIGHAT|Sticky Web|p2a: Ditto|[from] ability: Magic Bounce
|-sidestart|p2: w86gwv868ywvev9yvy|move: Sticky Web
|
|upkeep
|turn|2
|
|t:|1758947654
|switch|p2a: Clefable|Clefable, F|100/100
|-activate|p2a: Clefable|move: Sticky Web
|-unboost|p2a: Clefable|spe|1
|switch|p1a: HAZARD|Glimmora, F|100/100
|
|upkeep
|turn|3
|
|t:|1758947669
|move|p1a: HAZARD|Stealth Rock|p2a: Clefable
|-sidestart|p2: w86gwv868ywvev9yvy|move: Stealth Rock
|move|p2a: Clefable|Thunder Wave|p1a: HAZARD
|-status|p1a: HAZARD|par
|
|upkeep
|turn|4
|
|t:|1758947675
|move|p1a: HAZARD|Spikes|p2a: Clefable
|-sidestart|p2: w86gwv868ywvev9yvy|Spikes
|move|p2a: Clefable|Cosmic Power|p2a: Clefable
|-boost|p2a: Clefable|def|1
|-boost|p2a: Clefable|spd|1
|
|upkeep
|turn|5
|
|t:|1758947681
|move|p1a: HAZARD|Mortal Spin|p2a: Clefable
|-supereffective|p2a: Clefable
|-damage|p2a: Clefable|92/100
|-status|p2a: Clefable|psn
|move|p2a: Clefable|Cosmic Power|p2a: Clefable
|-boost|p2a: Clefable|def|1
|-boost|p2a: Clefable|spd|1
|
|-heal|p2a: Clefable|98/100 psn|[from] item: Leftovers
|-damage|p2a: Clefable|86/100 psn|[from] psn
|upkeep
|turn|6
|
|t:|1758947692
|cant|p1a: HAZARD|par
|move|p2a: Clefable|Cosmic Power|p2a: Clefable
|-boost|p2a: Clefable|def|1
|-boost|p2a: Clefable|spd|1
|
|-heal|p2a: Clefable|92/100 psn|[from] item: Leftovers
|-damage|p2a: Clefable|80/100 psn|[from] psn
|upkeep
|turn|7
|
|t:|1758947701
|move|p1a: HAZARD|Spikes|p2a: Clefable
|-sidestart|p2: w86gwv868ywvev9yvy|Spikes
|move|p2a: Clefable|Cosmic Power|p2a: Clefable
|-boost|p2a: Clefable|def|1
|-boost|p2a: Clefable|spd|1
|
|-heal|p2a: Clefable|86/100 psn|[from] item: Leftovers
|-damage|p2a: Clefable|73/100 psn|[from] psn
|upkeep
|turn|8
|
|t:|1758947710
|move|p1a: HAZARD|Spikes|p2a: Clefable
|-sidestart|p2: w86gwv868ywvev9yvy|Spikes
|move|p2a: Clefable|Cosmic Power|p2a: Clefable
|-boost|p2a: Clefable|def|1
|-boost|p2a: Clefable|spd|1
|
|-heal|p2a: Clefable|79/100 psn|[from] item: Leftovers
|-damage|p2a: Clefable|67/100 psn|[from] psn
|upkeep
|turn|9
|
|t:|1758947731
|move|p1a: HAZARD|Sludge Wave|p2a: Clefable
|-supereffective|p2a: Clefable
|-damage|p2a: Clefable|48/100 psn
|move|p2a: Clefable|Cosmic Power|p2a: Clefable
|-boost|p2a: Clefable|def|1
|-boost|p2a: Clefable|spd|1
|
|-heal|p2a: Clefable|54/100 psn|[from] item: Leftovers
|-damage|p2a: Clefable|42/100 psn|[from] psn
|upkeep
|turn|10
|
|t:|1758947742
|move|p1a: HAZARD|Sludge Wave|p2a: Clefable
|-supereffective|p2a: Clefable
|-damage|p2a: Clefable|25/100 psn
|move|p2a: Clefable|Moonlight|p2a: Clefable
|-heal|p2a: Clefable|75/100 psn
|
|-heal|p2a: Clefable|81/100 psn|[from] item: Leftovers
|-damage|p2a: Clefable|69/100 psn|[from] psn
|upkeep
|turn|11
|
|t:|1758947763
|move|p1a: HAZARD|Sludge Wave|p2a: Clefable
|-supereffective|p2a: Clefable
|-damage|p2a: Clefable|52/100 psn
|move|p2a: Clefable|Stored Power|p1a: HAZARD
|-supereffective|p1a: HAZARD
|-enditem|p1a: HAZARD|Focus Sash
|-damage|p1a: HAZARD|1/100 par
|
|-heal|p2a: Clefable|58/100 psn|[from] item: Leftovers
|-damage|p2a: Clefable|46/100 psn|[from] psn
|upkeep
|turn|12
|
|t:|1758947774
|move|p1a: HAZARD|Sludge Wave|p2a: Clefable
|-supereffective|p2a: Clefable
|-damage|p2a: Clefable|27/100 psn
|move|p2a: Clefable|Moonlight|p2a: Clefable
|-heal|p2a: Clefable|77/100 psn
|
|-heal|p2a: Clefable|83/100 psn|[from] item: Leftovers
|-damage|p2a: Clefable|71/100 psn|[from] psn
|upkeep
|turn|13
|
|t:|1758947784
|move|p1a: HAZARD|Sludge Wave|p2a: Clefable
|-supereffective|p2a: Clefable
|-damage|p2a: Clefable|53/100 psn
|move|p2a: Clefable|Stored Power|p1a: HAZARD
|-supereffective|p1a: HAZARD
|-damage|p1a: HAZARD|0 fnt
|faint|p1a: HAZARD
|
|-heal|p2a: Clefable|59/100 psn|[from] item: Leftovers
|-damage|p2a: Clefable|47/100 psn|[from] psn
|upkeep
|
|t:|1758947808
|switch|p1a: KONKEYDONG|Garganacl, F|100/100
|turn|14
|
|t:|1758947813
|move|p1a: KONKEYDONG|Salt Cure|p2a: Clefable
|-damage|p2a: Clefable|44/100 psn
|-start|p2a: Clefable|Salt Cure
|move|p2a: Clefable|Moonlight|p2a: Clefable
|-heal|p2a: Clefable|94/100 psn
|
|-heal|p2a: Clefable|99/100 psn|[from] item: Leftovers
|-damage|p2a: Clefable|87/100 psn|[from] psn
|-damage|p2a: Clefable|75/100 psn|[from] Salt Cure
|upkeep
|turn|15
|
|t:|1758947824
|move|p1a: KONKEYDONG|Sandstorm|p1a: KONKEYDONG
|-weather|Sandstorm
|move|p2a: Clefable|Stored Power|p1a: KONKEYDONG
|-damage|p1a: KONKEYDONG|69/100
|
|-weather|Sandstorm|[upkeep]
|-damage|p2a: Clefable|69/100 psn|[from] Sandstorm
|-heal|p1a: KONKEYDONG|75/100|[from] item: Leftovers
|-heal|p2a: Clefable|75/100 psn|[from] item: Leftovers
|-damage|p2a: Clefable|62/100 psn|[from] psn
|-damage|p2a: Clefable|50/100 psn|[from] Salt Cure
|upkeep
|turn|16
|
|t:|1758947838
|switch|p2a: Maushold|Maushold-Four|100/100
|-activate|p2a: Maushold|move: Sticky Web
|-unboost|p2a: Maushold|spe|1
|-damage|p2a: Maushold|88/100|[from] Stealth Rock
|-damage|p2a: Maushold|63/100|[from] Spikes
|move|p1a: KONKEYDONG|Salt Cure|p2a: Maushold
|-damage|p2a: Maushold|39/100
|-start|p2a: Maushold|Salt Cure
|
|-weather|Sandstorm|[upkeep]
|-damage|p2a: Maushold|33/100|[from] Sandstorm
|-heal|p1a: KONKEYDONG|82/100|[from] item: Leftovers
|-damage|p2a: Maushold|21/100|[from] Salt Cure
|upkeep
|turn|17
|inactive|Gappy-kun has 120 seconds left.
|
|t:|1758947871
|switch|p1a: SPÖDER|Galvantula, M|100/100
|move|p2a: Maushold|Tidy Up|p2a: Maushold
|-sideend|p2: w86gwv868ywvev9yvy|Spikes
|-sideend|p2: w86gwv868ywvev9yvy|Stealth Rock
|-sideend|p2: w86gwv868ywvev9yvy|Sticky Web
|-activate|p2a: Maushold|move: Tidy Up
|-boost|p2a: Maushold|atk|1
|-boost|p2a: Maushold|spe|1
|
|-weather|Sandstorm|[upkeep]
|-damage|p2a: Maushold|15/100|[from] Sandstorm
|-damage|p1a: SPÖDER|94/100|[from] Sandstorm
|-damage|p2a: Maushold|2/100|[from] Salt Cure
|upkeep
|turn|18
|
|t:|1758947883
|move|p2a: Maushold|Population Bomb|p1a: SPÖDER
|-damage|p1a: SPÖDER|62/100
|-damage|p1a: SPÖDER|27/100
|-damage|p1a: SPÖDER|0 fnt
|faint|p1a: SPÖDER
|-hitcount|p1: SPÖDER|3
|
|-weather|Sandstorm|[upkeep]
|-damage|p2a: Maushold|0 fnt|[from] Sandstorm
|faint|p2a: Maushold
|upkeep
|
|t:|1758947903
|switch|p2a: Ditto|Ditto|100/100
|switch|p1a: KONKEYDONG|Garganacl, F|82/100
|-transform|p2a: Ditto|p1a: KONKEYDONG|[from] ability: Imposter
|turn|19
|
|t:|1758947913
|move|p2a: Ditto|Salt Cure|p1a: KONKEYDONG
|-damage|p1a: KONKEYDONG|74/100
|-start|p1a: KONKEYDONG|Salt Cure
|move|p1a: KONKEYDONG|Salt Cure|p2a: Ditto
|-damage|p2a: Ditto|90/100
|-start|p2a: Ditto|Salt Cure
|
|-weather|none
|-heal|p1a: KONKEYDONG|80/100|[from] item: Leftovers
|-damage|p2a: Ditto|78/100|[from] Salt Cure
|-damage|p1a: KONKEYDONG|67/100|[from] Salt Cure
|upkeep
|turn|20
|inactive|w86gwv868ywvev9yvy has 120 seconds left.
|inactive|Gappy-kun has 120 seconds left.
|
|t:|1758947942
|switch|p2a: Gliscor|Gliscor, M|100/100
|switch|p1a: BIGHAT|Hatterene, F|100/100
|
|-status|p2a: Gliscor|tox|[from] item: Toxic Orb
|upkeep
|turn|21
|inactive|Gappy-kun has 120 seconds left.
|
|t:|1758947951
|move|p2a: Gliscor|Earthquake|p1a: BIGHAT
|-damage|p1a: BIGHAT|63/100
|move|p1a: BIGHAT|Future Sight|p2a: Gliscor
|-start|p1a: BIGHAT|move: Future Sight
|
|-heal|p1a: BIGHAT|69/100|[from] item: Leftovers
|upkeep
|turn|22
|
|t:|1758947959
|switch|p1a: BABABOOEY|Lokix, F|100/100
|move|p2a: Gliscor|Earthquake|p1a: BABABOOEY
|-resisted|p1a: BABABOOEY
|-damage|p1a: BABABOOEY|77/100
|
|upkeep
|turn|23
|inactive|Gappy-kun has 120 seconds left.
|inactive|Gappy-kun has 90 seconds left.
|
|t:|1758948018
|switch|p2a: Clefable|Clefable, F|50/100 psn
|move|p1a: BABABOOEY|First Impression|p2a: Clefable
|-resisted|p2a: Clefable
|-damage|p2a: Clefable|12/100 psn
|
|-end|p2a: Clefable|move: Future Sight
|-damage|p2a: Clefable|0 fnt
|faint|p2a: Clefable
|upkeep
|
|t:|1758948033
|switch|p2a: Garganacl|Garganacl, M|100/100
|turn|24
|
|t:|1758948042
|move|p1a: BABABOOEY|U-turn|p2a: Garganacl
|-damage|p2a: Garganacl|78/100
|
|t:|1758948046
|switch|p1a: KONKEYDONG|Garganacl, F|100/100|[from] U-turn
|move|p2a: Garganacl|Curse|p2a: Garganacl
|-unboost|p2a: Garganacl|spe|1
|-boost|p2a: Garganacl|atk|1
|-boost|p2a: Garganacl|def|1
|
|-heal|p2a: Garganacl|84/100|[from] item: Leftovers
|upkeep
|turn|25
|
|t:|1758948064
|move|p1a: KONKEYDONG|Hyper Voice|p2a: Garganacl
|-resisted|p2a: Garganacl
|-damage|p2a: Garganacl|62/100
|-damage|p1a: KONKEYDONG|91/100|[from] item: Life Orb
|move|p2a: Garganacl|Salt Cure|p1a: KONKEYDONG
|-damage|p1a: KONKEYDONG|50/100
|-start|p1a: KONKEYDONG|Salt Cure
|replace|p1a: MAD DAWG|Zoroark-Hisui, M
|-end|p1a: MAD DAWG|Illusion
|
|-heal|p2a: Garganacl|68/100|[from] item: Leftovers
|-damage|p1a: MAD DAWG|38/100|[from] Salt Cure
|upkeep
|turn|26
|
|t:|1758948076
|move|p1a: MAD DAWG|Memento|p2a: Garganacl
|-unboost|p2a: Garganacl|atk|2
|-unboost|p2a: Garganacl|spa|2
|faint|p1a: MAD DAWG
|move|p2a: Garganacl|Salt Cure|p1: MAD DAWG|[notarget]
|-fail|p2a: Garganacl
|
|-heal|p2a: Garganacl|74/100|[from] item: Leftovers
|upkeep
|
|t:|1758948078
|switch|p1a: BABABOOEY|Lokix, F|77/100
|turn|27
|
|t:|1758948088
|move|p1a: BABABOOEY|First Impression|p2a: Garganacl
|-damage|p2a: Garganacl|57/100
|move|p2a: Garganacl|Curse|p2a: Garganacl
|-unboost|p2a: Garganacl|spe|1
|-boost|p2a: Garganacl|atk|1
|-boost|p2a: Garganacl|def|1
|
|-heal|p2a: Garganacl|63/100|[from] item: Leftovers
|upkeep
|turn|28
|-message|Gappy-kun forfeited.
|
|win|w86gwv868ywvev9yvy
|raw|Gappy-kun's rating: 1241 &rarr; <strong>1216</strong><br />(-25 for losing)
|raw|w86gwv868ywvev9yvy's rating: 1243 &rarr; <strong>1268</strong><br />(+25 for winning)
|l|☆Gappy-kun
|player|p1|
|l|☆w86gwv868ywvev9yvy
|player|p2|
