|j|☆Cx297
|j|☆magical leaves
|t:|1759000213
|gametype|singles
|player|p1|Cx297|101|1339
|player|p2|magical leaves|aromalady|1325
|gen|9
|tier|[Gen 9] OU
|rated|
|rule|HP Percentage Mod: HP is shown in percentages
|rule|Endless Battle Clause: Forcing endless battles is banned
|rule|Species Clause: Limit one of each Pokémon
|rule|OHKO Clause: OHKO moves are banned
|rule|Evasion Items Clause: Evasion items are banned
|rule|Evasion Moves Clause: Evasion moves are banned
|rule|Evasion Abilities Clause: Evasion abilities are banned
|rule|Sleep Moves Clause: Sleep-inducing moves are banned
|clearpoke
|poke|p1|Slowking-Galar, F|
|poke|p1|Primarina, M|
|poke|p1|Dragonite, F|
|poke|p1|Quaquaval, M|
|poke|p1|Cinderace, M|
|poke|p1|Gholdengo|
|poke|p2|Indeedee, M|
|poke|p2|Minior|
|poke|p2|Hawlucha, F|
|poke|p2|Hoopa-Unbound|
|poke|p2|Clefable, F|
|poke|p2|Araquanid, M|
|teampreview
|inactive|Battle timer is ON: inactive players will automatically lose when time's up. (requested by Cx297)
|
|t:|1759000223
|teamsize|p1|6
|teamsize|p2|6
|start
|switch|p1a: Primarina|Primarina, M|100/100
|switch|p2a: stro|Clefable, F|100/100
|turn|1
|
|t:|1759000234
|switch|p2a: life aquatic|Araquanid, M|100/100
|move|p1a: Primarina|Whirlpool|p2a: life aquatic
|-resisted|p2a: life aquatic
|-damage|p2a: life aquatic|93/100
|-activate|p2a: life aquatic|move: Whirlpool|[of] p1a: Primarina
|
|-damage|p2a: life aquatic|80/100|[from] move: Whirlpool|[partiallytrapped]
|upkeep
|turn|2
|
|t:|1759000247
|move|p1a: Primarina|Substitute|p1a: Primarina
|-start|p1a: Primarina|Substitute
|-damage|p1a: Primarina|76/100
|move|p2a: life aquatic|Leech Life|p1a: Primarina
|-resisted|p1a: Primarina
|-activate|p1a: Primarina|move: Substitute|[damage]
|-heal|p2a: life aquatic|91/100|[from] drain|[of] p1a: Primarina
|
|-damage|p2a: life aquatic|79/100|[from] move: Whirlpool|[partiallytrapped]
|upkeep
|turn|3
|
|t:|1759000256
|move|p1a: Primarina|Draining Kiss|p2a: life aquatic
|-damage|p2a: life aquatic|57/100
|-heal|p1a: Primarina|94/100|[from] drain|[of] p2a: life aquatic
|move|p2a: life aquatic|Leech Life|p1a: Primarina
|-resisted|p1a: Primarina
|-end|p1a: Primarina|Substitute
|-heal|p2a: life aquatic|57/100|[from] drain|[of] p1a: Primarina
|
|-damage|p2a: life aquatic|45/100|[from] move: Whirlpool|[partiallytrapped]
|upkeep
|turn|4
|
|t:|1759000269
|move|p1a: Primarina|Substitute|p1a: Primarina
|-start|p1a: Primarina|Substitute
|-damage|p1a: Primarina|69/100
|move|p2a: life aquatic|Liquidation|p1a: Primarina
|-resisted|p1a: Primarina
|-end|p1a: Primarina|Substitute
|
|-damage|p2a: life aquatic|32/100|[from] move: Whirlpool|[partiallytrapped]
|upkeep
|turn|5
|
|t:|1759000278
|move|p1a: Primarina|Substitute|p1a: Primarina
|-start|p1a: Primarina|Substitute
|-damage|p1a: Primarina|44/100
|move|p2a: life aquatic|Liquidation|p1a: Primarina
|-resisted|p1a: Primarina
|-end|p1a: Primarina|Substitute
|
|-end|p2a: life aquatic|Whirlpool|[partiallytrapped]
|upkeep
|turn|6
|
|t:|1759000292
|move|p1a: Primarina|Draining Kiss|p2a: life aquatic
|-damage|p2a: life aquatic|10/100
|-heal|p1a: Primarina|63/100|[from] drain|[of] p2a: life aquatic
|move|p2a: life aquatic|Liquidation|p1a: Primarina
|-resisted|p1a: Primarina
|-damage|p1a: Primarina|18/100
|
|upkeep
|turn|7
|
|t:|1759000300
|switch|p2a: stro|Clefable, F|100/100
|move|p1a: Primarina|Draining Kiss|p2a: stro
|-damage|p2a: stro|75/100
|-heal|p1a: Primarina|43/100|[from] drain|[of] p2a: stro
|
|-heal|p2a: stro|81/100|[from] item: Leftovers
|upkeep
|turn|8
|
|t:|1759000309
|move|p1a: Primarina|Psychic Noise|p2a: stro
|-damage|p2a: stro|44/100
|-start|p2a: stro|move: Heal Block
|move|p2a: stro|Thunder Wave|p1a: Primarina
|-status|p1a: Primarina|par
|
|upkeep
|turn|9
|
|t:|1759000318
|switch|p2a: life aquatic|Araquanid, M|10/100
|move|p1a: Primarina|Whirlpool|p2a: life aquatic
|-resisted|p2a: life aquatic
|-damage|p2a: life aquatic|2/100
|-activate|p2a: life aquatic|move: Whirlpool|[of] p1a: Primarina
|
|-damage|p2a: life aquatic|0 fnt|[from] move: Whirlpool|[partiallytrapped]
|faint|p2a: life aquatic
|upkeep
|
|t:|1759000331
|switch|p2a: jig|Indeedee, M|100/100
|-fieldstart|move: Psychic Terrain|[from] ability: Psychic Surge|[of] p2a: jig
|turn|10
|
|t:|1759000350
|move|p2a: jig|Expanding Force|p1a: Primarina
|-damage|p1a: Primarina|0 fnt
|faint|p1a: Primarina
|
|upkeep
|
|t:|1759000374
|switch|p1a: Gholdengo|Gholdengo|100/100
|turn|11
|
|t:|1759000382
|switch|p2a: anomaly|Hoopa-Unbound|100/100
|move|p1a: Gholdengo|Make It Rain|p2a: anomaly
|-crit|p2a: anomaly
|-damage|p2a: anomaly|9/100
|-unboost|p1a: Gholdengo|spa|1
|
|upkeep
|turn|12
|
|t:|1759000400
|move|p1a: Gholdengo|Make It Rain|p2a: anomaly
|-damage|p2a: anomaly|0 fnt
|-unboost|p1a: Gholdengo|spa|1
|faint|p2a: anomaly
|
|upkeep
|
|t:|1759000409
|switch|p2a: drone|Minior, shiny|100/100
|-formechange|p2a: drone|Minior-Meteor||[from] ability: Shields Down
|turn|13
|
|t:|1759000417
|move|p1a: Gholdengo|Make It Rain|p2a: drone
|-supereffective|p2a: drone
|-damage|p2a: drone|17/100
|-unboost|p1a: Gholdengo|spa|1
|move|p2a: drone|Shell Smash|p2a: drone
|-unboost|p2a: drone|def|1
|-unboost|p2a: drone|spd|1
|-boost|p2a: drone|atk|2
|-boost|p2a: drone|spa|2
|-boost|p2a: drone|spe|2
|-enditem|p2a: drone|White Herb
|-clearnegativeboost|p2a: drone|[silent]
|
|-formechange|p2a: drone|Minior||[from] ability: Shields Down
|upkeep
|turn|14
|
|t:|1759000432
|move|p2a: drone|Earthquake|p1a: Gholdengo
|-supereffective|p1a: Gholdengo
|-damage|p1a: Gholdengo|0 fnt
|faint|p1a: Gholdengo
|
|upkeep
|
|t:|1759000435
|switch|p1a: Quaquaval|Quaquaval, M|100/100
|turn|15
|
|t:|1759000444
|switch|p1a: Dragonite|Dragonite, F|100/100
|move|p2a: drone|Acrobatics|p1a: Dragonite
|-damage|p1a: Dragonite|39/100
|
|upkeep
|turn|16
|
|t:|1759000450
|move|p1a: Dragonite|Extreme Speed|p2a: drone
|-hint|Psychic Terrain doesn't affect Pokémon immune to Ground.
|-resisted|p2a: drone
|-damage|p2a: drone|0 fnt
|faint|p2a: drone
|
|upkeep
|
|t:|1759000473
|switch|p2a: norman powell|Hawlucha, F|100/100
|-enditem|p2a: norman powell|Psychic Seed
|-boost|p2a: norman powell|spd|1|[from] item: Psychic Seed
|turn|17
|
|t:|1759000479
|move|p2a: norman powell|Acrobatics|p1a: Dragonite
|-damage|p1a: Dragonite|0 fnt
|faint|p1a: Dragonite
|
|-fieldend|move: Psychic Terrain
|upkeep
|
|t:|1759000489
|switch|p1a: Slowking|Slowking-Galar, F|100/100
|turn|18
|
|t:|1759000495
|move|p2a: norman powell|Substitute|p2a: norman powell
|-start|p2a: norman powell|Substitute
|-damage|p2a: norman powell|76/100
|move|p1a: Slowking|Thunder Wave||[still]
|-fail|p1a: Slowking
|
|upkeep
|turn|19
|
|t:|1759000501
|move|p2a: norman powell|Swords Dance|p2a: norman powell
|-boost|p2a: norman powell|atk|2
|move|p1a: Slowking|Psychic Noise|p2a: norman powell
|-supereffective|p2a: norman powell
|-damage|p2a: norman powell|20/100
|-start|p2a: norman powell|move: Heal Block
|
|upkeep
|turn|20
|
|t:|1759000510
|move|p2a: norman powell|Acrobatics|p1a: Slowking
|-damage|p1a: Slowking|20/100
|move|p1a: Slowking|Psychic Noise|p2a: norman powell
|-supereffective|p2a: norman powell
|-damage|p2a: norman powell|0 fnt
|faint|p2a: norman powell
|
|upkeep
|
|t:|1759000527
|switch|p2a: jig|Indeedee, M|100/100
|-fieldstart|move: Psychic Terrain|[from] ability: Psychic Surge|[of] p2a: jig
|turn|21
|
|t:|1759000537
|move|p2a: jig|Expanding Force|p1a: Slowking
|-damage|p1a: Slowking|0 fnt
|faint|p1a: Slowking
|
|upkeep
|
|t:|1759000543
|switch|p1a: Cinderace|Cinderace, M|100/100
|turn|22
|
|t:|1759000549
|move|p1a: Cinderace|Pyro Ball|p2a: jig
|-damage|p2a: jig|0 fnt
|faint|p2a: jig
|
|upkeep
|
|t:|1759000554
|switch|p2a: stro|Clefable, F|44/100
|turn|23
|
|t:|1759000561
|move|p1a: Cinderace|Pyro Ball|p2a: stro
|-damage|p2a: stro|0 fnt
|faint|p2a: stro
|
|win|Cx297
|raw|Cx297's rating: 1339 &rarr; <strong>1358</strong><br />(+19 for winning)
|raw|magical leaves's rating: 1325 &rarr; <strong>1306</strong><br />(-19 for losing)
|l|☆Cx297
|player|p1|
|l|☆magical leaves
|player|p2|
