|j|☆gradient_ike
|j|☆skela_fela
|t:|1758976377
|gametype|singles
|player|p1|gradient_ike|elesa|
|player|p2|skela_fela|1|
|gen|9
|tier|[Gen 9] OU
|rule|HP Percentage Mod: HP is shown in percentages
|rule|Endless Battle Clause: Forcing endless battles is banned
|rule|Species Clause: Limit one of each Pokémon
|rule|OHKO Clause: OHKO moves are banned
|rule|Evasion Items Clause: Evasion items are banned
|rule|Evasion Moves Clause: Evasion moves are banned
|rule|Evasion Abilities Clause: Evasion abilities are banned
|rule|Sleep Moves Clause: Sleep-inducing moves are banned
|clearpoke
|poke|p1|Sableye, M|
|poke|p1|Meowscarada, F|
|poke|p1|Honchkrow, M|
|poke|p1|Incineroar, M|
|poke|p1|Umbreon, M|
|poke|p1|Kingambit, M|
|poke|p2|Gyarados, F|
|poke|p2|Skeledirge, M|
|poke|p2|Gengar, M|
|poke|p2|Kingambit, F|
|poke|p2|Garchomp, M|
|poke|p2|Gallade, M|
|teampreview
|
|t:|1758976389
|teamsize|p1|6
|teamsize|p2|6
|start
|switch|p1a: Overture|Sableye, M|100/100
|switch|p2a: Gyarados|Gyarados, F, shiny|100/100
|-ability|p2a: Gyarados|Intimidate|boost
|-unboost|p1a: Overture|atk|1
|turn|1
|
|t:|1758976420
|move|p1a: Overture|Thunder Wave|p2a: Gyarados
|-status|p2a: Gyarados|par
|move|p2a: Gyarados|Hydro Pump|p1a: Overture
|-damage|p1a: Overture|59/100
|
|-heal|p1a: Overture|65/100|[from] item: Leftovers
|upkeep
|turn|2
|j| sk457
|
|t:|1758976443
|move|p2a: Gyarados|Dragon Dance|p2a: Gyarados
|-boost|p2a: Gyarados|atk|1
|-boost|p2a: Gyarados|spe|1
|move|p1a: Overture|Hex|p2a: Gyarados
|-damage|p2a: Gyarados|44/100 par
|
|-heal|p2a: Gyarados|50/100 par|[from] item: Leftovers
|-heal|p1a: Overture|71/100|[from] item: Leftovers
|upkeep
|turn|3
|
|t:|1758976457
|move|p1a: Overture|Encore|p2a: Gyarados
|-start|p2a: Gyarados|Encore
|move|p2a: Gyarados|Dragon Dance|p2a: Gyarados
|-boost|p2a: Gyarados|atk|1
|-boost|p2a: Gyarados|spe|1
|
|-heal|p2a: Gyarados|56/100 par|[from] item: Leftovers
|-heal|p1a: Overture|77/100|[from] item: Leftovers
|upkeep
|turn|4
|j| GG_PhoebusApollo
|
|t:|1758976497
|switch|p2a: Gallade|Gallade, M|100/100
|move|p1a: Overture|Nasty Plot|p1a: Overture
|-boost|p1a: Overture|spa|2
|
|-heal|p1a: Overture|84/100|[from] item: Leftovers
|upkeep
|turn|5
|
|t:|1758976539
|switch|p2a: Skeledirge|Skeledirge, M, shiny|100/100
|move|p1a: Overture|Thunder Wave|p2a: Skeledirge
|-status|p2a: Skeledirge|par
|
|-heal|p1a: Overture|90/100|[from] item: Leftovers
|upkeep
|turn|6
|
|t:|1758976553
|move|p1a: Overture|Hex|p2a: Skeledirge
|-supereffective|p2a: Skeledirge
|-damage|p2a: Skeledirge|0 fnt
|faint|p2a: Skeledirge
|
|-heal|p1a: Overture|96/100|[from] item: Leftovers
|upkeep
|
|t:|1758976568
|switch|p2a: Garchomp|Garchomp, M, shiny|100/100
|turn|7
|
|t:|1758976577
|move|p2a: Garchomp|Spikes|p1a: Overture
|-sidestart|p1: gradient_ike|Spikes
|move|p1a: Overture|Hex|p2a: Garchomp
|-damage|p2a: Garchomp|54/100
|
|-heal|p1a: Overture|100/100|[from] item: Leftovers
|upkeep
|turn|8
|
|t:|1758976590
|move|p1a: Overture|Encore|p2a: Garchomp
|-start|p2a: Garchomp|Encore
|move|p2a: Garchomp|Spikes|p1a: Overture
|-sidestart|p1: gradient_ike|Spikes
|
|upkeep
|turn|9
|
|t:|1758976623
|move|p1a: Overture|Nasty Plot|p1a: Overture
|-boost|p1a: Overture|spa|2
|move|p2a: Garchomp|Spikes|p1a: Overture
|-sidestart|p1: gradient_ike|Spikes
|
|upkeep
|turn|10
|
|t:|1758976643
|switch|p2a: Gengar|Gengar, M, shiny|100/100
|move|p1a: Overture|Hex|p2a: Gengar
|-supereffective|p2a: Gengar
|-damage|p2a: Gengar|0 fnt
|faint|p2a: Gengar
|
|upkeep
|
|t:|1758976653
|switch|p2a: Gallade|Gallade, M|100/100
|turn|11
|
|t:|1758976714
|move|p1a: Overture|Nasty Plot|p1a: Overture
|-boost|p1a: Overture|spa|2
|move|p2a: Gallade|Grass Knot|p1a: Overture
|-damage|p1a: Overture|91/100
|
|-heal|p1a: Overture|97/100|[from] item: Leftovers
|upkeep
|turn|12
|
|t:|1758976775
|move|p2a: Gallade|Swords Dance|p2a: Gallade
|-boost|p2a: Gallade|atk|2
|move|p1a: Overture|Hex|p2a: Gallade
|-supereffective|p2a: Gallade
|-damage|p2a: Gallade|0 fnt
|faint|p2a: Gallade
|
|-heal|p1a: Overture|100/100|[from] item: Leftovers
|upkeep
|
|t:|1758976787
|switch|p2a: Gyarados|Gyarados, F, shiny|56/100 par
|-ability|p2a: Gyarados|Intimidate|boost
|-unboost|p1a: Overture|atk|1
|turn|13
|
|t:|1758976818
|move|p2a: Gyarados|Hydro Pump|p1a: Overture|[miss]
|-miss|p2a: Gyarados|p1a: Overture
|move|p1a: Overture|Hex|p2a: Gyarados
|-damage|p2a: Gyarados|0 fnt
|faint|p2a: Gyarados
|
|upkeep
|
|t:|1758976826
|switch|p2a: Garchomp|Garchomp, M, shiny|54/100
|turn|14
|
|t:|1758976829
|move|p2a: Garchomp|Earth Power|p1a: Overture
|-damage|p1a: Overture|62/100
|move|p1a: Overture|Hex|p2a: Garchomp
|-damage|p2a: Garchomp|0 fnt
|faint|p2a: Garchomp
|
|-heal|p1a: Overture|68/100|[from] item: Leftovers
|upkeep
|
|t:|1758976836
|switch|p2a: Kingambit|Kingambit, F, shiny|100/100
|-activate|p2a: Kingambit|ability: Supreme Overlord
|-start|p2a: Kingambit|fallen5|[silent]
|-item|p2a: Kingambit|Air Balloon
|turn|15
|
|t:|1758976850
|move|p1a: Overture|Thunder Wave|p2a: Kingambit
|-hint|Since gen 7, Dark is immune to Prankster moves.
|-immune|p2a: Kingambit
|move|p2a: Kingambit|Stone Edge|p1a: Overture
|-damage|p1a: Overture|0 fnt
|faint|p1a: Overture
|
|upkeep
|
|t:|1758976898
|switch|p1a: Stagehand|Incineroar, M, shiny|100/100
|-damage|p1a: Stagehand|76/100|[from] Spikes
|-ability|p1a: Stagehand|Intimidate|boost
|-unboost|p2a: Kingambit|atk|1
|turn|16
|
|t:|1758976909
|move|p2a: Kingambit|Focus Blast|p1a: Stagehand|[miss]
|-miss|p2a: Kingambit|p1a: Stagehand
|move|p1a: Stagehand|Will-O-Wisp|p2a: Kingambit
|-status|p2a: Kingambit|brn
|
|-damage|p2a: Kingambit|94/100 brn|[from] brn
|upkeep
|turn|17
|
|t:|1758976924
|move|p2a: Kingambit|Focus Blast|p1a: Stagehand
|-supereffective|p1a: Stagehand
|-damage|p1a: Stagehand|23/100
|-enditem|p1a: Stagehand|Sitrus Berry|[eat]
|-heal|p1a: Stagehand|48/100|[from] item: Sitrus Berry
|move|p1a: Stagehand|Flare Blitz|p2a: Kingambit
|-supereffective|p2a: Kingambit
|-damage|p2a: Kingambit|16/100 brn
|-enditem|p2a: Kingambit|Air Balloon
|-damage|p1a: Stagehand|22/100|[from] Recoil
|
|-damage|p2a: Kingambit|10/100 brn|[from] brn
|upkeep
|turn|18
|
|t:|1758976949
|move|p2a: Kingambit|Stone Edge|p1a: Stagehand
|-supereffective|p1a: Stagehand
|-damage|p1a: Stagehand|0 fnt
|faint|p1a: Stagehand
|
|-damage|p2a: Kingambit|3/100 brn|[from] brn
|upkeep
|
|t:|1758976984
|switch|p1a: Intermission|Umbreon, M, shiny|100/100
|-damage|p1a: Intermission|76/100|[from] Spikes
|turn|19
|
|t:|1758976996
|move|p1a: Intermission|Protect|p1a: Intermission
|-singleturn|p1a: Intermission|Protect
|move|p2a: Kingambit|Focus Blast|p1a: Intermission
|-activate|p1a: Intermission|move: Protect
|
|-heal|p1a: Intermission|82/100|[from] item: Leftovers
|-damage|p2a: Kingambit|0 fnt|[from] brn
|faint|p2a: Kingambit
|-end|p2a: Kingambit|fallen5|[silent]
|
|win|gradient_ike
|l|☆skela_fela
|player|p2|
