|j|☆Alainkiller
|j|☆izuku_mdrya
|t:|1758962136
|gametype|singles
|player|p1|Alainkiller|102|1602
|player|p2|izuku_mdrya|red|1525
|gen|9
|tier|[Gen 9] OU
|rated|
|rule|HP Percentage Mod: HP is shown in percentages
|rule|Endless Battle Clause: Forcing endless battles is banned
|rule|Species Clause: Limit one of each Pokémon
|rule|OHKO Clause: OHKO moves are banned
|rule|Evasion Items Clause: Evasion items are banned
|rule|Evasion Moves Clause: Evasion moves are banned
|rule|Evasion Abilities Clause: Evasion abilities are banned
|rule|Sleep Moves Clause: Sleep-inducing moves are banned
|clearpoke
|poke|p1|Darkrai|
|poke|p1|Ogerpon-Wellspring, F|
|poke|p1|Zamazenta-*|
|poke|p1|Cinderace, M|
|poke|p1|Kingambit, M|
|poke|p1|Zapdos|
|poke|p2|Skeledirge, M|
|poke|p2|Ogerpon-Wellspring, F|
|poke|p2|Garchomp, M|
|poke|p2|Zapdos|
|poke|p2|Iron Valiant|
|poke|p2|Ribombee, F|
|teampreview
|inactive|Battle timer is ON: inactive players will automatically lose when time's up. (requested by Alainkiller)
|
|t:|1758962155
|teamsize|p1|6
|teamsize|p2|6
|start
|switch|p1a: Zapdos|Zapdos|100/100
|switch|p2a: Sergio Ramos|Zapdos|100/100
|turn|1
|
|t:|1758962159
|move|p2a: Sergio Ramos|Hurricane|p1a: Zapdos
|-resisted|p1a: Zapdos
|-damage|p1a: Zapdos|76/100
|move|p1a: Zapdos|U-turn|p2a: Sergio Ramos
|-resisted|p2a: Sergio Ramos
|-damage|p2a: Sergio Ramos|94/100
|
|t:|1758962166
|switch|p1a: Darkrai|Darkrai|100/100|[from] U-turn
|
|-heal|p2a: Sergio Ramos|99/100|[from] item: Leftovers
|upkeep
|turn|2
|
|t:|1758962168
|move|p1a: Darkrai|Ice Beam|p2a: Sergio Ramos
|-supereffective|p2a: Sergio Ramos
|-damage|p2a: Sergio Ramos|23/100
|move|p2a: Sergio Ramos|Discharge|p1a: Darkrai
|-damage|p1a: Darkrai|40/100
|
|-heal|p2a: Sergio Ramos|29/100|[from] item: Leftovers
|upkeep
|turn|3
|
|t:|1758962187
|move|p1a: Darkrai|Sludge Bomb|p2a: Sergio Ramos
|-damage|p2a: Sergio Ramos|0 fnt
|faint|p2a: Sergio Ramos
|
|upkeep
|
|t:|1758962190
|switch|p2a: Luka Modric|Ribombee, F|100/100
|turn|4
|
|t:|1758962195
|switch|p1a: Zapdos|Zapdos|76/100
|move|p2a: Luka Modric|Stun Spore|p1a: Zapdos
|-immune|p1a: Zapdos
|
|upkeep
|turn|5
|
|t:|1758962202
|switch|p2a: Casemiro|Garchomp, M|100/100
|move|p1a: Zapdos|Hurricane|p2a: Casemiro
|-damage|p2a: Casemiro|36/100
|-start|p2a: Casemiro|confusion
|
|upkeep
|turn|6
|
|t:|1758962209
|-activate|p2a: Casemiro|confusion
|move|p2a: Casemiro|Swords Dance|p2a: Casemiro
|-boost|p2a: Casemiro|atk|2
|move|p1a: Zapdos|Hurricane|p2a: Casemiro|[miss]
|-miss|p1a: Zapdos|p2a: Casemiro
|
|upkeep
|turn|7
|
|t:|1758962215
|-activate|p2a: Casemiro|confusion
|move|p2a: Casemiro|Scale Shot|p1a: Zapdos
|-damage|p1a: Zapdos|44/100
|-damage|p1a: Zapdos|15/100
|-damage|p1a: Zapdos|0 fnt
|faint|p1a: Zapdos
|-hitcount|p1: Zapdos|3
|-unboost|p2a: Casemiro|def|1
|-boost|p2a: Casemiro|spe|1
|
|upkeep
|
|t:|1758962224
|switch|p1a: Zamazenta|Zamazenta|100/100
|-ability|p1a: Zamazenta|Dauntless Shield|boost
|-boost|p1a: Zamazenta|def|1
|turn|8
|
|t:|1758962228
|-activate|p2a: Casemiro|confusion
|move|p2a: Casemiro|Earthquake|p1a: Zamazenta
|-damage|p1a: Zamazenta|30/100
|move|p1a: Zamazenta|Iron Head|p2a: Casemiro
|-damage|p2a: Casemiro|0 fnt
|-damage|p1a: Zamazenta|18/100|[from] ability: Rough Skin|[of] p2a: Casemiro
|faint|p2a: Casemiro
|-damage|p1a: Zamazenta|8/100|[from] item: Life Orb
|
|upkeep
|
|t:|1758962233
|switch|p2a: Luka Modric|Ribombee, F|100/100
|turn|9
|
|t:|1758962238
|move|p2a: Luka Modric|Sticky Web|p1a: Zamazenta
|-sidestart|p1: Alainkiller|move: Sticky Web
|move|p1a: Zamazenta|Iron Head|p2a: Luka Modric
|-supereffective|p2a: Luka Modric
|-enditem|p2a: Luka Modric|Focus Sash
|-damage|p2a: Luka Modric|1/100
|-damage|p1a: Zamazenta|0 fnt|[from] item: Life Orb
|faint|p1a: Zamazenta
|
|upkeep
|
|t:|1758962250
|switch|p1a: Cinderace|Cinderace, M|100/100
|turn|10
|
|t:|1758962256
|move|p2a: Luka Modric|Stun Spore|p1a: Cinderace
|-status|p1a: Cinderace|par
|move|p1a: Cinderace|Pyro Ball|p2a: Luka Modric
|-supereffective|p2a: Luka Modric
|-damage|p2a: Luka Modric|0 fnt
|faint|p2a: Luka Modric
|
|upkeep
|
|t:|1758962260
|switch|p2a: Karin Benzema|Ogerpon-Wellspring, F|100/100
|turn|11
|
|t:|1758962266
|switch|p1a: Ogerpon|Ogerpon-Wellspring, F|100/100
|-activate|p1a: Ogerpon|move: Sticky Web
|-unboost|p1a: Ogerpon|spe|1
|move|p2a: Karin Benzema|Stomping Tantrum|p1a: Ogerpon
|-resisted|p1a: Ogerpon
|-damage|p1a: Ogerpon|81/100
|
|upkeep
|turn|12
|
|t:|1758962275
|move|p2a: Karin Benzema|Seed Bomb|p1a: Ogerpon
|-damage|p1a: Ogerpon|22/100
|move|p1a: Ogerpon|Power Whip|p2a: Karin Benzema
|-damage|p2a: Karin Benzema|1/100
|
|upkeep
|turn|13
|
|t:|1758962297
|move|p2a: Karin Benzema|Seed Bomb|p1a: Ogerpon
|-damage|p1a: Ogerpon|0 fnt
|faint|p1a: Ogerpon
|
|upkeep
|
|t:|1758962299
|switch|p1a: Cinderace|Cinderace, M|100/100 par
|turn|14
|
|t:|1758962302
|move|p2a: Karin Benzema|Swords Dance|p2a: Karin Benzema
|-boost|p2a: Karin Benzema|atk|2
|move|p1a: Cinderace|Court Change|p1a: Cinderace
|-start|p1a: Cinderace|typechange|Normal|[from] ability: Libero
|-swapsideconditions
|-activate|p1a: Cinderace|move: Court Change
|
|upkeep
|turn|15
|
|t:|1758962307
|move|p2a: Karin Benzema|Ivy Cudgel|p1a: Cinderace|[anim] Ivy Cudgel Water
|-damage|p1a: Cinderace|0 fnt
|faint|p1a: Cinderace
|
|upkeep
|
|t:|1758962309
|switch|p1a: Darkrai|Darkrai|40/100
|turn|16
|
|t:|1758962313
|move|p1a: Darkrai|Dark Pulse|p2a: Karin Benzema
|-damage|p2a: Karin Benzema|0 fnt
|faint|p2a: Karin Benzema
|
|upkeep
|
|t:|1758962316
|switch|p2a: Toni Kross|Skeledirge, M|100/100
|turn|17
|
|t:|1758962322
|-terastallize|p2a: Toni Kross|Fairy
|move|p1a: Darkrai|Sludge Bomb|p2a: Toni Kross
|-supereffective|p2a: Toni Kross
|-damage|p2a: Toni Kross|44/100
|-status|p2a: Toni Kross|psn
|move|p2a: Toni Kross|Torch Song|p1a: Darkrai
|-damage|p1a: Darkrai|2/100
|-boost|p2a: Toni Kross|spa|1
|
|-damage|p2a: Toni Kross|32/100 psn|[from] psn
|upkeep
|turn|18
|-message|izuku_mdrya forfeited.
|
|win|Alainkiller
|raw|Alainkiller's rating: 1602 &rarr; <strong>1618</strong><br />(+16 for winning)
|raw|izuku_mdrya's rating: 1525 &rarr; <strong>1509</strong><br />(-16 for losing)
|l|☆izuku_mdrya
|player|p2|
|l|☆Alainkiller
|player|p1|
