|j|☆Aidster
|j|☆Hai_Dark
|t:|1758992672
|gametype|singles
|player|p1|Aidster|pokemaniac|1484
|player|p2|Hai_Dark|169|1415
|gen|9
|tier|[Gen 9] OU
|rated|
|rule|HP Percentage Mod: HP is shown in percentages
|rule|Endless Battle Clause: Forcing endless battles is banned
|rule|Species Clause: Limit one of each Pokémon
|rule|OHKO Clause: OHKO moves are banned
|rule|Evasion Items Clause: Evasion items are banned
|rule|Evasion Moves Clause: Evasion moves are banned
|rule|Evasion Abilities Clause: Evasion abilities are banned
|rule|Sleep Moves Clause: Sleep-inducing moves are banned
|clearpoke
|poke|p1|Excadrill, F|
|poke|p1|Cinderace, F|
|poke|p1|Kyurem|
|poke|p1|Alomomola, M|
|poke|p1|Tyranitar, F|
|poke|p1|Vileplume, F|
|poke|p2|Blissey, F|
|poke|p2|Porygon-Z|
|poke|p2|Meowscarada, F|
|poke|p2|Skeledirge, F|
|poke|p2|Corviknight, F|
|poke|p2|Araquanid, F|
|teampreview
|
|t:|1758992712
|teamsize|p1|6
|teamsize|p2|6
|start
|switch|p1a: Vileplume|Vileplume, F, shiny|100/100
|switch|p2a: Araquanid|Araquanid, F|100/100
|turn|1
|
|t:|1758992720
|move|p1a: Vileplume|Toxic|p2a: Araquanid
|-status|p2a: Araquanid|tox
|move|p2a: Araquanid|Leech Life|p1a: Vileplume
|-damage|p1a: Vileplume|82/100
|-damage|p2a: Araquanid|84/100 tox|[from] item: Rocky Helmet|[of] p1a: Vileplume
|
|-damage|p2a: Araquanid|78/100 tox|[from] psn
|upkeep
|turn|2
|
|t:|1758992732
|switch|p2a: Porygon-Z|Porygon-Z|100/100
|move|p1a: Vileplume|Moonblast|p2a: Porygon-Z
|-damage|p2a: Porygon-Z|69/100
|-unboost|p2a: Porygon-Z|spa|1
|
|upkeep
|turn|3
|
|t:|1758992742
|switch|p2a: Corviknight|Corviknight, F|100/100
|move|p1a: Vileplume|Toxic|p2a: Corviknight
|-immune|p2a: Corviknight
|
|upkeep
|turn|4
|
|t:|1758992747
|switch|p1a: Alomomola|Alomomola, M|100/100
|move|p2a: Corviknight|U-turn|p1a: Alomomola
|-damage|p1a: Alomomola|93/100
|
|t:|1758992756
|switch|p2a: Porygon-Z|Porygon-Z|69/100|[from] U-turn
|
|upkeep
|turn|5
|
|t:|1758992761
|switch|p1a: Tyranitar|Tyranitar, F|100/100
|-weather|Sandstorm|[from] ability: Sand Stream|[of] p1a: Tyranitar
|-terastallize|p2a: Porygon-Z|Stellar
|move|p2a: Porygon-Z|Tera Blast|p1a: Tyranitar|[anim] Tera Blast Stellar
|-damage|p1a: Tyranitar|73/100
|-unboost|p2a: Porygon-Z|atk|1
|-unboost|p2a: Porygon-Z|spa|1
|
|-weather|Sandstorm|[upkeep]
|-damage|p2a: Porygon-Z|63/100|[from] Sandstorm
|-heal|p1a: Tyranitar|79/100|[from] item: Leftovers
|upkeep
|turn|6
|
|t:|1758992784
|switch|p2a: Corviknight|Corviknight, F|100/100
|move|p1a: Tyranitar|Knock Off|p2a: Corviknight
|-damage|p2a: Corviknight|73/100
|-damage|p1a: Tyranitar|62/100|[from] item: Rocky Helmet|[of] p2a: Corviknight
|-enditem|p2a: Corviknight|Rocky Helmet|[from] move: Knock Off|[of] p1a: Tyranitar
|
|-weather|Sandstorm|[upkeep]
|-heal|p1a: Tyranitar|68/100|[from] item: Leftovers
|upkeep
|turn|7
|
|t:|1758992788
|switch|p1a: Vileplume|Vileplume, F, shiny|82/100
|move|p2a: Corviknight|Body Press|p1a: Vileplume
|-resisted|p1a: Vileplume
|-damage|p1a: Vileplume|70/100
|-damage|p2a: Corviknight|56/100|[from] item: Rocky Helmet|[of] p1a: Vileplume
|-status|p2a: Corviknight|slp|[from] ability: Effect Spore|[of] p1a: Vileplume
|
|-weather|Sandstorm|[upkeep]
|-damage|p1a: Vileplume|64/100|[from] Sandstorm
|upkeep
|turn|8
|
|t:|1758992804
|switch|p1a: Cinderace|Cinderace, F|100/100
|cant|p2a: Corviknight|slp
|
|-weather|Sandstorm|[upkeep]
|-damage|p1a: Cinderace|94/100|[from] Sandstorm
|upkeep
|turn|9
|
|t:|1758992809
|switch|p2a: Skeledirge|Skeledirge, F|100/100
|move|p1a: Cinderace|Pyro Ball|p2a: Skeledirge
|-resisted|p2a: Skeledirge
|-damage|p2a: Skeledirge|86/100
|
|-weather|none
|upkeep
|turn|10
|
|t:|1758992822
|move|p1a: Cinderace|U-turn|p2a: Skeledirge
|-start|p1a: Cinderace|typechange|Bug|[from] ability: Libero
|-resisted|p2a: Skeledirge
|-damage|p2a: Skeledirge|82/100
|
|t:|1758992827
|switch|p1a: Tyranitar|Tyranitar, F|68/100|[from] U-turn
|-weather|Sandstorm|[from] ability: Sand Stream|[of] p1a: Tyranitar
|move|p2a: Skeledirge|Will-O-Wisp|p1a: Tyranitar
|-status|p1a: Tyranitar|brn
|
|-weather|Sandstorm|[upkeep]
|-damage|p2a: Skeledirge|76/100|[from] Sandstorm
|-heal|p1a: Tyranitar|75/100 brn|[from] item: Leftovers
|-damage|p1a: Tyranitar|68/100 brn|[from] brn
|upkeep
|turn|11
|
|t:|1758992836
|switch|p2a: Corviknight|Corviknight, F|56/100 slp
|move|p1a: Tyranitar|Stealth Rock|p2a: Corviknight
|-sidestart|p2: Hai_Dark|move: Stealth Rock
|
|-weather|Sandstorm|[upkeep]
|-heal|p1a: Tyranitar|75/100 brn|[from] item: Leftovers
|-damage|p1a: Tyranitar|68/100 brn|[from] brn
|upkeep
|turn|12
|
|t:|1758992842
|cant|p2a: Corviknight|slp
|move|p1a: Tyranitar|Roar|p2a: Corviknight
|drag|p2a: Blissey|Blissey, F|100/100
|-damage|p2a: Blissey|88/100|[from] Stealth Rock
|
|-weather|Sandstorm|[upkeep]
|-damage|p2a: Blissey|82/100|[from] Sandstorm
|-heal|p1a: Tyranitar|75/100 brn|[from] item: Leftovers
|-heal|p2a: Blissey|88/100|[from] item: Leftovers
|-damage|p1a: Tyranitar|68/100 brn|[from] brn
|upkeep
|turn|13
|
|t:|1758992850
|switch|p1a: Cinderace|Cinderace, F|94/100
|switch|p2a: Corviknight|Corviknight, F|56/100 slp
|-damage|p2a: Corviknight|44/100 slp|[from] Stealth Rock
|
|-weather|Sandstorm|[upkeep]
|-damage|p1a: Cinderace|88/100|[from] Sandstorm
|upkeep
|turn|14
|
|t:|1758992858
|switch|p2a: Skeledirge|Skeledirge, F|76/100
|-damage|p2a: Skeledirge|51/100|[from] Stealth Rock
|move|p1a: Cinderace|U-turn|p2a: Skeledirge
|-start|p1a: Cinderace|typechange|Bug|[from] ability: Libero
|-resisted|p2a: Skeledirge
|-damage|p2a: Skeledirge|47/100
|-enditem|p2a: Skeledirge|Sitrus Berry|[eat]
|-heal|p2a: Skeledirge|72/100|[from] item: Sitrus Berry
|
|t:|1758992864
|switch|p1a: Kyurem|Kyurem|100/100|[from] U-turn
|-ability|p1a: Kyurem|Pressure
|
|-weather|none
|upkeep
|turn|15
|
|t:|1758992871
|switch|p1a: Tyranitar|Tyranitar, F|68/100 brn
|-weather|Sandstorm|[from] ability: Sand Stream|[of] p1a: Tyranitar
|switch|p2a: Blissey|Blissey, F|88/100
|-damage|p2a: Blissey|76/100|[from] Stealth Rock
|
|-weather|Sandstorm|[upkeep]
|-damage|p2a: Blissey|69/100|[from] Sandstorm
|-heal|p1a: Tyranitar|75/100 brn|[from] item: Leftovers
|-heal|p2a: Blissey|76/100|[from] item: Leftovers
|-damage|p1a: Tyranitar|68/100 brn|[from] brn
|upkeep
|turn|16
|
|t:|1758992878
|switch|p2a: Corviknight|Corviknight, F|44/100 slp
|-damage|p2a: Corviknight|32/100 slp|[from] Stealth Rock
|move|p1a: Tyranitar|Roar|p2a: Corviknight
|drag|p2a: Blissey|Blissey, F|76/100
|-damage|p2a: Blissey|63/100|[from] Stealth Rock
|
|-weather|Sandstorm|[upkeep]
|-damage|p2a: Blissey|57/100|[from] Sandstorm
|-heal|p1a: Tyranitar|75/100 brn|[from] item: Leftovers
|-heal|p2a: Blissey|63/100|[from] item: Leftovers
|-damage|p1a: Tyranitar|68/100 brn|[from] brn
|upkeep
|turn|17
|
|t:|1758992888
|switch|p1a: Alomomola|Alomomola, M|100/100
|move|p2a: Blissey|Heal Bell|p2a: Blissey
|-activate|p2a: Blissey|move: Heal Bell
|-curestatus|p2: Araquanid|tox|[msg]
|-curestatus|p2: Corviknight|slp|[msg]
|
|-weather|Sandstorm|[upkeep]
|-damage|p2a: Blissey|57/100|[from] Sandstorm
|-damage|p1a: Alomomola|94/100|[from] Sandstorm
|-heal|p2a: Blissey|63/100|[from] item: Leftovers
|upkeep
|turn|18
|
|t:|1758992894
|move|p2a: Blissey|Seismic Toss|p1a: Alomomola
|-damage|p1a: Alomomola|76/100
|move|p1a: Alomomola|Flip Turn|p2a: Blissey
|-damage|p2a: Blissey|33/100
|inactive|Battle timer is ON: inactive players will automatically lose when time's up. (requested by Hai_Dark)
|
|t:|1758992933
|switch|p1a: Excadrill|Excadrill, F, shiny|100/100|[from] Flip Turn
|-item|p1a: Excadrill|Air Balloon
|
|-weather|Sandstorm|[upkeep]
|-damage|p2a: Blissey|27/100|[from] Sandstorm
|-heal|p2a: Blissey|33/100|[from] item: Leftovers
|upkeep
|turn|19
|
|t:|1758992948
|switch|p2a: Corviknight|Corviknight, F|32/100
|-damage|p2a: Corviknight|19/100|[from] Stealth Rock
|move|p1a: Excadrill|Swords Dance|p1a: Excadrill
|-boost|p1a: Excadrill|atk|2
|
|-weather|none
|upkeep
|turn|20
|
|t:|1758992961
|-terastallize|p1a: Excadrill|Ice
|move|p1a: Excadrill|Tera Blast|p2a: Corviknight|[anim] Tera Blast Ice
|-damage|p2a: Corviknight|0 fnt
|faint|p2a: Corviknight
|
|upkeep
|
|t:|1758992965
|switch|p2a: Skeledirge|Skeledirge, F|72/100
|-damage|p2a: Skeledirge|47/100|[from] Stealth Rock
|turn|21
|
|t:|1758992981
|move|p1a: Excadrill|Earthquake|p2a: Skeledirge
|-supereffective|p2a: Skeledirge
|-crit|p2a: Skeledirge
|-damage|p2a: Skeledirge|0 fnt
|faint|p2a: Skeledirge
|
|upkeep
|
|t:|1758992990
|switch|p2a: Meowscarada|Meowscarada, F|100/100
|-damage|p2a: Meowscarada|88/100|[from] Stealth Rock
|turn|22
|
|t:|1758993009
|switch|p1a: Vileplume|Vileplume, F, shiny|64/100
|move|p2a: Meowscarada|Flower Trick|p1a: Vileplume
|-start|p2a: Meowscarada|typechange|Grass|[from] ability: Protean
|-resisted|p1a: Vileplume
|-crit|p1a: Vileplume
|-damage|p1a: Vileplume|55/100
|
|upkeep
|turn|23
|
|t:|1758993016
|switch|p2a: Araquanid|Araquanid, F|78/100
|-damage|p2a: Araquanid|53/100|[from] Stealth Rock
|move|p1a: Vileplume|Toxic|p2a: Araquanid
|-status|p2a: Araquanid|tox
|
|-damage|p2a: Araquanid|47/100 tox|[from] psn
|upkeep
|turn|24
|
|t:|1758993021
|move|p1a: Vileplume|Strength Sap|p2a: Araquanid
|-unboost|p2a: Araquanid|atk|1
|-heal|p1a: Vileplume|100/100
|move|p2a: Araquanid|Sticky Web|p1a: Vileplume
|-sidestart|p1: Aidster|move: Sticky Web
|
|-damage|p2a: Araquanid|34/100 tox|[from] psn
|upkeep
|turn|25
|
|t:|1758993031
|switch|p2a: Porygon-Z|Porygon-Z, tera:Stellar|63/100
|-damage|p2a: Porygon-Z|50/100|[from] Stealth Rock
|move|p1a: Vileplume|Moonblast|p2a: Porygon-Z
|-crit|p2a: Porygon-Z
|-damage|p2a: Porygon-Z|0 fnt
|faint|p2a: Porygon-Z
|
|upkeep
|-message|Hai_Dark forfeited.
|
|win|Aidster
|raw|Aidster's rating: 1484 &rarr; <strong>1500</strong><br />(+16 for winning)
|raw|Hai_Dark's rating: 1415 &rarr; <strong>1399</strong><br />(-16 for losing)
|l|☆Hai_Dark
|player|p2|
|l|☆Aidster
|player|p1|
