|j|☆kuraiyagare
|j|☆IPFREELY69420
|t:|1758920128
|gametype|singles
|player|p1|kuraiyagare|mars|1328
|player|p2|IPFREELY69420|flannery|1376
|gen|9
|tier|[Gen 9] OU
|rated|
|rule|HP Percentage Mod: HP is shown in percentages
|rule|Endless Battle Clause: Forcing endless battles is banned
|rule|Species Clause: Limit one of each Pokémon
|rule|OHKO Clause: OHKO moves are banned
|rule|Evasion Items Clause: Evasion items are banned
|rule|Evasion Moves Clause: Evasion moves are banned
|rule|Evasion Abilities Clause: Evasion abilities are banned
|rule|Sleep Moves Clause: Sleep-inducing moves are banned
|clearpoke
|poke|p1|Talonflame, M|
|poke|p1|Drifblim, M|
|poke|p1|Bastiodon, M|
|poke|p1|Lokix, F|
|poke|p1|Gardevoir, F|
|poke|p1|Gyarados, F|
|poke|p2|Ninetales, F|
|poke|p2|Raging Bolt|
|poke|p2|Hatterene, F|
|poke|p2|Walking Wake|
|poke|p2|Great Tusk|
|poke|p2|Scizor, M|
|teampreview
|inactive|Battle timer is ON: inactive players will automatically lose when time's up. (requested by kuraiyagare)
|
|t:|1758920159
|teamsize|p1|6
|teamsize|p2|6
|start
|switch|p1a: Gyarados|Gyarados, F|100/100
|switch|p2a: Ninetales|Ninetales, F, shiny|100/100
|-weather|SunnyDay|[from] ability: Drought|[of] p2a: Ninetales
|turn|1
|inactive|IPFREELY69420 has 120 seconds left.
|
|t:|1758920208
|switch|p2a: Great Tusk|Great Tusk|100/100
|-activate|p2a: Great Tusk|ability: Protosynthesis
|-start|p2a: Great Tusk|protosynthesisatk
|move|p1a: Gyarados|Dragon Dance|p1a: Gyarados
|-boost|p1a: Gyarados|atk|1
|-boost|p1a: Gyarados|spe|1
|
|-weather|SunnyDay|[upkeep]
|upkeep
|turn|2
|
|t:|1758920223
|move|p1a: Gyarados|Waterfall|p2a: Great Tusk
|-supereffective|p2a: Great Tusk
|-crit|p2a: Great Tusk
|-damage|p2a: Great Tusk|23/100
|-damage|p1a: Gyarados|84/100|[from] item: Rocky Helmet|[of] p2a: Great Tusk
|-heal|p1a: Gyarados|95/100|[from] item: Shell Bell|[of] p2a: Great Tusk
|cant|p2a: Great Tusk|flinch
|
|-weather|SunnyDay|[upkeep]
|upkeep
|turn|3
|inactive|IPFREELY69420 has 120 seconds left.
|
|t:|1758920245
|move|p1a: Gyarados|Waterfall|p2a: Great Tusk
|-supereffective|p2a: Great Tusk
|-damage|p2a: Great Tusk|0 fnt
|-damage|p1a: Gyarados|78/100|[from] item: Rocky Helmet|[of] p2a: Great Tusk
|faint|p2a: Great Tusk
|-end|p2a: Great Tusk|Protosynthesis|[silent]
|-ability|p1a: Gyarados|Moxie|boost
|-boost|p1a: Gyarados|atk|1
|-heal|p1a: Gyarados|81/100|[from] item: Shell Bell|[of] p2: Great Tusk
|
|-weather|SunnyDay|[upkeep]
|upkeep
|
|t:|1758920259
|switch|p2a: Walking Wake|Walking Wake|100/100
|-activate|p2a: Walking Wake|ability: Protosynthesis
|-start|p2a: Walking Wake|protosynthesisspe
|turn|4
|
|t:|1758920268
|move|p2a: Walking Wake|Hydro Steam|p1a: Gyarados
|-resisted|p1a: Gyarados
|-damage|p1a: Gyarados|33/100
|move|p1a: Gyarados|Dragon Dance|p1a: Gyarados
|-boost|p1a: Gyarados|atk|1
|-boost|p1a: Gyarados|spe|1
|
|-weather|SunnyDay|[upkeep]
|upkeep
|turn|5
|
|t:|1758920284
|-terastallize|p1a: Gyarados|Ground
|move|p1a: Gyarados|Earthquake|p2a: Walking Wake
|-damage|p2a: Walking Wake|0 fnt
|faint|p2a: Walking Wake
|-end|p2a: Walking Wake|Protosynthesis|[silent]
|-ability|p1a: Gyarados|Moxie|boost
|-boost|p1a: Gyarados|atk|1
|-heal|p1a: Gyarados|46/100|[from] item: Shell Bell|[of] p2: Walking Wake
|
|-weather|SunnyDay|[upkeep]
|upkeep
|
|t:|1758920292
|switch|p2a: Scizor|Scizor, M|100/100
|turn|6
|
|t:|1758920295
|move|p2a: Scizor|Bullet Punch|p1a: Gyarados
|-damage|p1a: Gyarados|0 fnt
|faint|p1a: Gyarados
|
|-weather|SunnyDay|[upkeep]
|upkeep
|
|t:|1758920306
|switch|p1a: Vatra|Talonflame, M|100/100
|turn|7
|
|t:|1758920310
|switch|p2a: Hatterene|Hatterene, F|100/100
|move|p1a: Vatra|Flare Blitz|p2a: Hatterene
|-damage|p2a: Hatterene|41/100
|-damage|p1a: Vatra|80/100|[from] Recoil
|
|-weather|SunnyDay|[upkeep]
|upkeep
|turn|8
|
|t:|1758920332
|move|p1a: Vatra|Flare Blitz|p2a: Hatterene
|-damage|p2a: Hatterene|0 fnt
|faint|p2a: Hatterene
|-damage|p1a: Vatra|65/100|[from] Recoil
|
|-weather|none
|upkeep
|
|t:|1758920355
|switch|p2a: Raging Bolt|Raging Bolt|100/100
|-enditem|p2a: Raging Bolt|Booster Energy
|-activate|p2a: Raging Bolt|ability: Protosynthesis|[fromitem]
|-start|p2a: Raging Bolt|protosynthesisspa
|turn|9
|
|t:|1758920361
|move|p1a: Vatra|Will-O-Wisp|p2a: Raging Bolt
|-status|p2a: Raging Bolt|brn
|move|p2a: Raging Bolt|Calm Mind|p2a: Raging Bolt
|-boost|p2a: Raging Bolt|spa|1
|-boost|p2a: Raging Bolt|spd|1
|
|-damage|p2a: Raging Bolt|94/100 brn|[from] brn
|upkeep
|turn|10
|
|t:|1758920376
|switch|p1a: Drifflim|Drifblim, M|100/100
|move|p2a: Raging Bolt|Thunderclap||[still]
|-fail|p2a: Raging Bolt
|
|-damage|p2a: Raging Bolt|88/100 brn|[from] brn
|upkeep
|turn|11
|
|t:|1758920387
|move|p2a: Raging Bolt|Thunderbolt|p1a: Drifflim
|-supereffective|p1a: Drifflim
|-damage|p1a: Drifflim|0 fnt
|faint|p1a: Drifflim
|
|-damage|p2a: Raging Bolt|82/100 brn|[from] brn
|upkeep
|
|t:|1758920389
|switch|p1a: Gardenia|Gardevoir, F|100/100
|turn|12
|
|t:|1758920400
|move|p2a: Raging Bolt|Thunderclap|p1a: Gardenia
|-damage|p1a: Gardenia|15/100
|move|p1a: Gardenia|Psyshock|p2a: Raging Bolt
|-damage|p2a: Raging Bolt|40/100 brn
|
|-damage|p2a: Raging Bolt|33/100 brn|[from] brn
|upkeep
|turn|13
|
|t:|1758920411
|move|p1a: Gardenia|Vacuum Wave|p2a: Raging Bolt
|-damage|p2a: Raging Bolt|24/100 brn
|move|p2a: Raging Bolt|Thunderclap||[still]
|-fail|p2a: Raging Bolt
|
|-damage|p2a: Raging Bolt|18/100 brn|[from] brn
|upkeep
|turn|14
|
|t:|1758920415
|move|p1a: Gardenia|Vacuum Wave|p2a: Raging Bolt
|-damage|p2a: Raging Bolt|8/100 brn
|move|p2a: Raging Bolt|Thunderclap||[still]
|-fail|p2a: Raging Bolt
|
|-damage|p2a: Raging Bolt|2/100 brn|[from] brn
|upkeep
|turn|15
|
|t:|1758920418
|move|p1a: Gardenia|Vacuum Wave|p2a: Raging Bolt
|-damage|p2a: Raging Bolt|0 fnt
|faint|p2a: Raging Bolt
|-end|p2a: Raging Bolt|Protosynthesis|[silent]
|
|upkeep
|
|t:|1758920428
|switch|p2a: Ninetales|Ninetales, F, shiny|100/100
|-ability|p1a: Gardenia|Drought|Trace|[from] ability: Trace|[of] p2a: Ninetales
|-weather|SunnyDay|[from] ability: Drought|[of] p1a: Gardenia
|turn|16
|
|t:|1758920443
|move|p1a: Gardenia|Vacuum Wave|p2a: Ninetales
|-damage|p2a: Ninetales|84/100
|move|p2a: Ninetales|Weather Ball|p1a: Gardenia
|-damage|p1a: Gardenia|0 fnt
|faint|p1a: Gardenia
|
|-weather|SunnyDay|[upkeep]
|upkeep
|
|t:|1758920448
|switch|p1a: Bastiodon|Bastiodon, M|100/100
|turn|17
|
|t:|1758920457
|move|p2a: Ninetales|Will-O-Wisp|p1a: Bastiodon
|-status|p1a: Bastiodon|brn
|move|p1a: Bastiodon|Stealth Rock|p2a: Ninetales
|-sidestart|p2: IPFREELY69420|move: Stealth Rock
|
|-weather|SunnyDay|[upkeep]
|-damage|p1a: Bastiodon|94/100 brn|[from] brn
|upkeep
|turn|18
|
|t:|1758920468
|move|p2a: Ninetales|Encore|p1a: Bastiodon
|-start|p1a: Bastiodon|Encore
|move|p1a: Bastiodon|Stealth Rock||[still]
|-fail|p1a: Bastiodon
|
|-weather|SunnyDay|[upkeep]
|-damage|p1a: Bastiodon|88/100 brn|[from] brn
|upkeep
|turn|19
|
|t:|1758920473
|switch|p1a: Vatra|Talonflame, M|65/100
|move|p2a: Ninetales|Weather Ball|p1a: Vatra
|-resisted|p1a: Vatra
|-damage|p1a: Vatra|31/100
|
|-weather|SunnyDay|[upkeep]
|upkeep
|turn|20
|
|t:|1758920478
|switch|p1a: Bastiodon|Bastiodon, M|88/100 brn
|move|p2a: Ninetales|Weather Ball|p1a: Bastiodon
|-damage|p1a: Bastiodon|52/100 brn
|
|-weather|none
|-damage|p1a: Bastiodon|46/100 brn|[from] brn
|upkeep
|turn|21
|
|t:|1758920485
|switch|p2a: Scizor|Scizor, M|100/100
|-damage|p2a: Scizor|88/100|[from] Stealth Rock
|move|p1a: Bastiodon|Rest|p1a: Bastiodon
|-status|p1a: Bastiodon|slp|[from] move: Rest
|-heal|p1a: Bastiodon|100/100 slp|[silent]
|-enditem|p1a: Bastiodon|Chesto Berry|[eat]
|-curestatus|p1a: Bastiodon|slp|[msg]
|
|upkeep
|turn|22
|
|t:|1758920491
|move|p2a: Scizor|Close Combat|p1a: Bastiodon
|-supereffective|p1a: Bastiodon
|-ability|p1a: Bastiodon|Sturdy
|-damage|p1a: Bastiodon|1/100
|-unboost|p2a: Scizor|def|1
|-unboost|p2a: Scizor|spd|1
|move|p1a: Bastiodon|Metal Burst|p2a: Scizor
|-damage|p2a: Scizor|0 fnt
|faint|p2a: Scizor
|
|upkeep
|
|t:|1758920500
|switch|p2a: Ninetales|Ninetales, F, shiny|84/100
|-damage|p2a: Ninetales|60/100|[from] Stealth Rock
|-weather|SunnyDay|[from] ability: Drought|[of] p2a: Ninetales
|turn|23
|
|t:|1758920503
|move|p2a: Ninetales|Weather Ball|p1a: Bastiodon
|-damage|p1a: Bastiodon|0 fnt
|faint|p1a: Bastiodon
|
|-weather|SunnyDay|[upkeep]
|upkeep
|
|t:|1758920516
|switch|p1a: avg linux user|Lokix, F|100/100
|turn|24
|
|t:|1758920526
|move|p1a: avg linux user|First Impression|p2a: Ninetales
|-resisted|p2a: Ninetales
|-damage|p2a: Ninetales|2/100
|move|p2a: Ninetales|Weather Ball|p1a: avg linux user
|-supereffective|p1a: avg linux user
|-damage|p1a: avg linux user|0 fnt
|faint|p1a: avg linux user
|
|-weather|SunnyDay|[upkeep]
|upkeep
|
|t:|1758920527
|switch|p1a: Vatra|Talonflame, M|31/100
|turn|25
|
|t:|1758920539
|move|p1a: Vatra|Flare Blitz|p2a: Ninetales
|-resisted|p2a: Ninetales
|-damage|p2a: Ninetales|0 fnt
|faint|p2a: Ninetales
|-damage|p1a: Vatra|30/100|[from] Recoil
|
|win|kuraiyagare
|raw|kuraiyagare's rating: 1328 &rarr; <strong>1351</strong><br />(+23 for winning)
|raw|IPFREELY69420's rating: 1376 &rarr; <strong>1353</strong><br />(-23 for losing)
|l|☆IPFREELY69420
|player|p2|
|l|☆kuraiyagare
|player|p1|
