|badge|p2|silver|gen9ou|30-6
|html|<div class="broadcast-red"><strong>This battle is required to be public due to one or more player having a season medal.</strong><br />During the public phase, you can discuss the state of the ladder <a href="/seasondiscussion">in a special chatroom.</a></div>
|uhtml|medal-msg|<div class="broadcast-blue">Curious what those medals under the avatar are? PS now has Ladder Seasons! For more information, check out the <a href="https://www.smogon.com/forums/threads/3740067/">thread on Smogon.</a></div>
|raw|<div class="broadcast-blue"><strong>This battle is required to be public due to a player having a name starting with 'medal'.</div>
|j|☆silksong is up
|j|☆ShinyLucarioXD
|t:|1759072271
|gametype|singles
|player|p1|silksong is up|hilbert-wonderlauncher|1812
|player|p2|ShinyLucarioXD|riley|1958
|gen|9
|tier|[Gen 9] OU
|rated|
|rule|HP Percentage Mod: HP is shown in percentages
|rule|Endless Battle Clause: Forcing endless battles is banned
|rule|Species Clause: Limit one of each Pokémon
|rule|OHKO Clause: OHKO moves are banned
|rule|Evasion Items Clause: Evasion items are banned
|rule|Evasion Moves Clause: Evasion moves are banned
|rule|Evasion Abilities Clause: Evasion abilities are banned
|rule|Sleep Moves Clause: Sleep-inducing moves are banned
|clearpoke
|poke|p1|Enamorus, F|
|poke|p1|Great Tusk|
|poke|p1|Iron Crown|
|poke|p1|Lokix, M|
|poke|p1|Alomomola, M|
|poke|p1|Pecharunt|
|poke|p2|Raging Bolt|
|poke|p2|Samurott-Hisui, F|
|poke|p2|Dragonite, F|
|poke|p2|Gholdengo|
|poke|p2|Great Tusk|
|poke|p2|Enamorus, F|
|teampreview
|inactive|Battle timer is ON: inactive players will automatically lose when time's up. (requested by ShinyLucarioXD)
|
|t:|1759072282
|teamsize|p1|6
|teamsize|p2|6
|start
|switch|p1a: Gin|Enamorus, F, shiny|100/100
|switch|p2a: Gholdengo|Gholdengo|100/100
|turn|1
|
|t:|1759072288
|switch|p1a: Pisces|Alomomola, M, shiny|100/100
|move|p2a: Gholdengo|Shadow Ball|p1a: Pisces
|-damage|p1a: Pisces|75/100
|
|upkeep
|turn|2
|
|t:|1759072295
|move|p2a: Gholdengo|Shadow Ball|p1a: Pisces
|-damage|p1a: Pisces|53/100
|move|p1a: Pisces|Flip Turn|p2a: Gholdengo
|-damage|p2a: Gholdengo|82/100
|
|t:|1759072301
|switch|p1a: Behemoth|Great Tusk, shiny|100/100|[from] Flip Turn
|
|upkeep
|turn|3
|
|t:|1759072306
|switch|p2a: Great Tusk|Great Tusk|100/100
|move|p1a: Behemoth|Ice Spinner|p2a: Great Tusk
|-supereffective|p2a: Great Tusk
|-damage|p2a: Great Tusk|72/100
|
|-heal|p2a: Great Tusk|78/100|[from] item: Leftovers
|upkeep
|turn|4
|
|t:|1759072314
|move|p1a: Behemoth|Ice Spinner|p2a: Great Tusk
|-supereffective|p2a: Great Tusk
|-damage|p2a: Great Tusk|50/100
|move|p2a: Great Tusk|Knock Off|p1a: Behemoth
|-resisted|p1a: Behemoth
|-damage|p1a: Behemoth|91/100
|-enditem|p1a: Behemoth|Heavy-Duty Boots|[from] move: Knock Off|[of] p2a: Great Tusk
|
|-heal|p2a: Great Tusk|56/100|[from] item: Leftovers
|upkeep
|turn|5
|
|t:|1759072318
|move|p1a: Behemoth|Ice Spinner|p2a: Great Tusk
|-supereffective|p2a: Great Tusk
|-damage|p2a: Great Tusk|29/100
|move|p2a: Great Tusk|Stealth Rock|p1a: Behemoth
|-sidestart|p1: silksong is up|move: Stealth Rock
|
|-heal|p2a: Great Tusk|35/100|[from] item: Leftovers
|upkeep
|turn|6
|
|t:|1759072324
|-end|p2a: Great Tusk|Protosynthesis|[silent]
|switch|p2a: Gholdengo|Gholdengo|82/100
|move|p1a: Behemoth|Headlong Rush|p2a: Gholdengo
|-supereffective|p2a: Gholdengo
|-damage|p2a: Gholdengo|0 fnt
|-unboost|p1a: Behemoth|def|1
|-unboost|p1a: Behemoth|spd|1
|faint|p2a: Gholdengo
|
|upkeep
|
|t:|1759072328
|switch|p2a: Enamorus|Enamorus, F|100/100
|turn|7
|
|t:|1759072336
|-end|p1a: Behemoth|Protosynthesis|[silent]
|switch|p1a: Pisces|Alomomola, M, shiny|86/100
|-damage|p1a: Pisces|74/100|[from] Stealth Rock
|move|p2a: Enamorus|Substitute|p2a: Enamorus
|-start|p2a: Enamorus|Substitute
|-damage|p2a: Enamorus|76/100
|
|-heal|p2a: Enamorus|82/100|[from] item: Leftovers
|upkeep
|turn|8
|
|t:|1759072341
|move|p2a: Enamorus|Calm Mind|p2a: Enamorus
|-boost|p2a: Enamorus|spa|1
|-boost|p2a: Enamorus|spd|1
|move|p1a: Pisces|Scald|p2a: Enamorus
|-activate|p2a: Enamorus|move: Substitute|[damage]
|
|-heal|p2a: Enamorus|88/100|[from] item: Leftovers
|upkeep
|turn|9
|
|t:|1759072347
|move|p2a: Enamorus|Calm Mind|p2a: Enamorus
|-boost|p2a: Enamorus|spa|1
|-boost|p2a: Enamorus|spd|1
|move|p1a: Pisces|Flip Turn|p2a: Enamorus
|-end|p2a: Enamorus|Substitute
|
|t:|1759072363
|switch|p1a: Overseer|Pecharunt|100/100|[from] Flip Turn
|
|-heal|p2a: Enamorus|94/100|[from] item: Leftovers
|upkeep
|turn|10
|
|t:|1759072370
|-terastallize|p2a: Enamorus|Steel
|-terastallize|p1a: Overseer|Grass
|move|p2a: Enamorus|Substitute|p2a: Enamorus
|-start|p2a: Enamorus|Substitute
|-damage|p2a: Enamorus|69/100
|move|p1a: Overseer|Malignant Chain|p2a: Enamorus
|-immune|p2a: Enamorus
|
|-heal|p2a: Enamorus|76/100|[from] item: Leftovers
|upkeep
|turn|11
|c|☆silksong is up|yeah gg this just won turn 1!
|-message|silksong is up forfeited.
|
|win|ShinyLucarioXD
|raw|silksong is up's rating: 1812 &rarr; <strong>1800</strong><br />(-12 for losing)
|raw|ShinyLucarioXD's rating: 1958 &rarr; <strong>1970</strong><br />(+12 for winning)
|l|☆silksong is up
|player|p1|
