|j|☆missingyat
|j|☆sofbar
|t:|1758990201
|gametype|singles
|player|p1|missingyat|clerk|1073
|player|p2|sofbar|miku-water|1116
|gen|9
|tier|[Gen 9] OU
|rated|
|rule|HP Percentage Mod: HP is shown in percentages
|rule|Endless Battle Clause: Forcing endless battles is banned
|rule|Species Clause: Limit one of each Pokémon
|rule|OHKO Clause: OHKO moves are banned
|rule|Evasion Items Clause: Evasion items are banned
|rule|Evasion Moves Clause: Evasion moves are banned
|rule|Evasion Abilities Clause: Evasion abilities are banned
|rule|Sleep Moves Clause: Sleep-inducing moves are banned
|clearpoke
|poke|p1|Moltres|
|poke|p1|Shiftry, M|
|poke|p1|Milotic, M|
|poke|p1|Conkeldurr, F|
|poke|p1|Cyclizar, M|
|poke|p1|Whimsicott, M|
|poke|p2|Gligar, F|
|poke|p2|Toxtricity, M|
|poke|p2|Moltres-Galar|
|poke|p2|Cryogonal|
|poke|p2|Iron Valiant|
|poke|p2|Revavroom, M|
|teampreview
|inactive|Battle timer is ON: inactive players will automatically lose when time's up. (requested by sofbar)
|
|t:|1758990206
|teamsize|p1|6
|teamsize|p2|6
|start
|switch|p1a: Cyclizar|Cyclizar, M|100/100
|switch|p2a: Anti-Gliscor|Gligar, F|100/100
|turn|1
|
|t:|1758990210
|move|p1a: Cyclizar|Substitute|p1a: Cyclizar
|-start|p1a: Cyclizar|Substitute
|-damage|p1a: Cyclizar|76/100
|move|p2a: Anti-Gliscor|Stealth Rock|p1a: Cyclizar
|-sidestart|p1: missingyat|move: Stealth Rock
|
|-heal|p1a: Cyclizar|82/100|[from] item: Leftovers
|upkeep
|turn|2
|
|t:|1758990214
|move|p1a: Cyclizar|Shift Gear|p1a: Cyclizar
|-boost|p1a: Cyclizar|spe|2
|-boost|p1a: Cyclizar|atk|1
|move|p2a: Anti-Gliscor|Knock Off|p1a: Cyclizar
|-end|p1a: Cyclizar|Substitute
|
|-heal|p1a: Cyclizar|88/100|[from] item: Leftovers
|upkeep
|turn|3
|
|t:|1758990227
|move|p1a: Cyclizar|Shift Gear|p1a: Cyclizar
|-boost|p1a: Cyclizar|spe|2
|-boost|p1a: Cyclizar|atk|1
|move|p2a: Anti-Gliscor|Knock Off|p1a: Cyclizar
|-damage|p1a: Cyclizar|57/100
|-enditem|p1a: Cyclizar|Leftovers|[from] move: Knock Off|[of] p2a: Anti-Gliscor
|
|upkeep
|turn|4
|
|t:|1758990234
|-terastallize|p1a: Cyclizar|Dragon
|move|p1a: Cyclizar|Dragon Claw|p2a: Anti-Gliscor
|-damage|p2a: Anti-Gliscor|54/100
|move|p2a: Anti-Gliscor|Ice Fang|p1a: Cyclizar
|-supereffective|p1a: Cyclizar
|-damage|p1a: Cyclizar|14/100
|
|upkeep
|turn|5
|
|t:|1758990245
|switch|p1a: KFC|Moltres|100/100
|move|p2a: Anti-Gliscor|U-turn|p1a: KFC
|-resisted|p1a: KFC
|-damage|p1a: KFC|98/100
|
|t:|1758990249
|switch|p2a: Works|Toxtricity, M|100/100|[from] U-turn
|
|upkeep
|turn|6
|
|t:|1758990263
|move|p2a: Works|Shift Gear|p2a: Works
|-boost|p2a: Works|spe|2
|-boost|p2a: Works|atk|1
|move|p1a: KFC|U-turn|p2a: Works
|-resisted|p2a: Works
|-damage|p2a: Works|89/100
|
|t:|1758990269
|switch|p1a: Cyclizar|Cyclizar, M, tera:Dragon|47/100|[from] U-turn
|-damage|p1a: Cyclizar|34/100|[from] Stealth Rock
|
|upkeep
|turn|7
|
|t:|1758990276
|switch|p1a: Milotic|Milotic, M|100/100
|-damage|p1a: Milotic|88/100|[from] Stealth Rock
|move|p2a: Works|Psychic Noise|p1a: Milotic
|-damage|p1a: Milotic|66/100
|-start|p1a: Milotic|move: Heal Block
|-enditem|p2a: Works|Throat Spray
|-boost|p2a: Works|spa|1|[from] item: Throat Spray
|
|-status|p1a: Milotic|brn|[from] item: Flame Orb
|upkeep
|turn|8
|
|t:|1758990284
|move|p2a: Works|Boomburst|p1a: Milotic
|-damage|p1a: Milotic|7/100 brn
|move|p1a: Milotic|Dragon Tail|p2a: Works
|-damage|p2a: Works|83/100
|drag|p2a: DIE Gliscor|Cryogonal|100/100
|
|-damage|p1a: Milotic|1/100 brn|[from] brn
|-end|p1a: Milotic|move: Heal Block
|upkeep
|turn|9
|
|t:|1758990290
|move|p2a: DIE Gliscor|Rapid Spin|p1a: Milotic
|-damage|p1a: Milotic|0 fnt
|-boost|p2a: DIE Gliscor|spe|1
|faint|p1a: Milotic
|
|upkeep
|
|t:|1758990294
|switch|p1a: Cyclizar|Cyclizar, M, tera:Dragon|67/100
|-damage|p1a: Cyclizar|55/100|[from] Stealth Rock
|turn|10
|
|t:|1758990308
|switch|p1a: KFC|Moltres|98/100
|move|p2a: DIE Gliscor|Ice Beam|p1a: KFC
|-damage|p1a: KFC|61/100
|
|upkeep
|turn|11
|
|t:|1758990312
|move|p2a: DIE Gliscor|Chilling Water|p1a: KFC
|-supereffective|p1a: KFC
|-damage|p1a: KFC|31/100
|-unboost|p1a: KFC|atk|1
|move|p1a: KFC|Flamethrower|p2a: DIE Gliscor
|-supereffective|p2a: DIE Gliscor
|-damage|p2a: DIE Gliscor|32/100
|
|upkeep
|turn|12
|
|t:|1758990327
|switch|p1a: Whimsicott|Whimsicott, M|100/100
|-damage|p1a: Whimsicott|88/100|[from] Stealth Rock
|move|p2a: DIE Gliscor|Chilling Water|p1a: Whimsicott
|-resisted|p1a: Whimsicott
|-damage|p1a: Whimsicott|76/100
|-unboost|p1a: Whimsicott|atk|1
|
|upkeep
|turn|13
|
|t:|1758990332
|move|p2a: DIE Gliscor|Ice Beam|p1a: Whimsicott
|-supereffective|p1a: Whimsicott
|-damage|p1a: Whimsicott|0 fnt
|faint|p1a: Whimsicott
|
|upkeep
|
|t:|1758990335
|switch|p1a: Conkeldurr|Conkeldurr, F|100/100
|-damage|p1a: Conkeldurr|95/100|[from] Stealth Rock
|turn|14
|
|t:|1758990339
|move|p2a: DIE Gliscor|Chilling Water|p1a: Conkeldurr
|-damage|p1a: Conkeldurr|77/100
|-unboost|p1a: Conkeldurr|atk|1
|move|p1a: Conkeldurr|Dynamic Punch|p2a: DIE Gliscor
|-supereffective|p2a: DIE Gliscor
|-damage|p2a: DIE Gliscor|0 fnt
|faint|p2a: DIE Gliscor
|
|upkeep
|
|t:|1758990346
|switch|p2a: Anti-Gliscor|Gligar, F|54/100
|turn|15
|
|t:|1758990353
|move|p1a: Conkeldurr|Bulk Up|p1a: Conkeldurr
|-boost|p1a: Conkeldurr|atk|1
|-boost|p1a: Conkeldurr|def|1
|move|p2a: Anti-Gliscor|Knock Off|p1a: Conkeldurr
|-resisted|p1a: Conkeldurr
|-damage|p1a: Conkeldurr|71/100
|-enditem|p1a: Conkeldurr|Blunder Policy|[from] move: Knock Off|[of] p2a: Anti-Gliscor
|
|upkeep
|turn|16
|c|☆sofbar|Wait i recognize these sets
|
|t:|1758990367
|move|p1a: Conkeldurr|Bulk Up|p1a: Conkeldurr
|-boost|p1a: Conkeldurr|atk|1
|-boost|p1a: Conkeldurr|def|1
|move|p2a: Anti-Gliscor|Ice Fang|p1a: Conkeldurr
|-damage|p1a: Conkeldurr|65/100
|
|upkeep
|turn|17
|
|t:|1758990374
|move|p1a: Conkeldurr|Bulk Up|p1a: Conkeldurr
|-boost|p1a: Conkeldurr|atk|1
|-boost|p1a: Conkeldurr|def|1
|move|p2a: Anti-Gliscor|Ice Fang|p1a: Conkeldurr
|-crit|p1a: Conkeldurr
|-damage|p1a: Conkeldurr|46/100
|
|upkeep
|turn|18
|
|t:|1758990378
|move|p1a: Conkeldurr|Dynamic Punch|p2a: Anti-Gliscor
|-resisted|p2a: Anti-Gliscor
|-damage|p2a: Anti-Gliscor|26/100
|-start|p2a: Anti-Gliscor|confusion
|-activate|p2a: Anti-Gliscor|confusion
|-damage|p2a: Anti-Gliscor|20/100|[from] confusion
|
|upkeep
|turn|19
|
|t:|1758990383
|move|p1a: Conkeldurr|Drain Punch|p2a: Anti-Gliscor
|-resisted|p2a: Anti-Gliscor
|-damage|p2a: Anti-Gliscor|0 fnt
|-heal|p1a: Conkeldurr|55/100|[from] drain|[of] p2a: Anti-Gliscor
|faint|p2a: Anti-Gliscor
|
|upkeep
|
|t:|1758990390
|switch|p2a: Anti-Whatever|Moltres-Galar|100/100
|turn|20
|
|t:|1758990393
|move|p2a: Anti-Whatever|Hurricane|p1a: Conkeldurr
|-supereffective|p1a: Conkeldurr
|-damage|p1a: Conkeldurr|0 fnt
|faint|p1a: Conkeldurr
|
|upkeep
|
|t:|1758990406
|switch|p1a: Cyclizar|Cyclizar, M, tera:Dragon|88/100
|-damage|p1a: Cyclizar|76/100|[from] Stealth Rock
|turn|21
|
|t:|1758990409
|move|p1a: Cyclizar|Rapid Spin|p2a: Anti-Whatever
|-damage|p2a: Anti-Whatever|75/100
|-boost|p1a: Cyclizar|spe|1
|-sideend|p1: missingyat|Stealth Rock|[from] move: Rapid Spin|[of] p1a: Cyclizar
|move|p2a: Anti-Whatever|Tailwind|p2a: Anti-Whatever
|-sidestart|p2: sofbar|move: Tailwind
|
|upkeep
|turn|22
|
|t:|1758990424
|move|p1a: Cyclizar|Shift Gear|p1a: Cyclizar
|-boost|p1a: Cyclizar|spe|2
|-boost|p1a: Cyclizar|atk|1
|move|p2a: Anti-Whatever|Fiery Wrath|p1a: Cyclizar
|-damage|p1a: Cyclizar|0 fnt
|faint|p1a: Cyclizar
|
|upkeep
|
|t:|1758990429
|switch|p1a: Shiftry|Shiftry, M|100/100
|turn|23
|
|t:|1758990436
|move|p2a: Anti-Whatever|Pain Split|p1a: Shiftry
|-sethp|p1a: Shiftry|88/100|[from] move: Pain Split|[silent]
|-sethp|p2a: Anti-Whatever|88/100|[from] move: Pain Split
|move|p1a: Shiftry|Tailwind|p1a: Shiftry
|-sidestart|p1: missingyat|move: Tailwind
|-ability|p1a: Shiftry|Wind Rider|boost
|-boost|p1a: Shiftry|atk|1
|
|upkeep
|turn|24
|
|t:|1758990444
|move|p1a: Shiftry|Sucker Punch|p2a: Anti-Whatever
|-resisted|p2a: Anti-Whatever
|-damage|p2a: Anti-Whatever|60/100
|move|p2a: Anti-Whatever|Hurricane|p1a: Shiftry
|-ability|p1a: Shiftry|Wind Rider|boost
|-boost|p1a: Shiftry|atk|1
|
|-sideend|p2: sofbar|move: Tailwind
|upkeep
|turn|25
|
|t:|1758990449
|move|p1a: Shiftry|Knock Off|p2a: Anti-Whatever
|-resisted|p2a: Anti-Whatever
|-damage|p2a: Anti-Whatever|10/100
|-enditem|p2a: Anti-Whatever|Sitrus Berry|[from] move: Knock Off|[of] p1a: Shiftry
|-ability|p2a: Anti-Whatever|Berserk|boost
|-boost|p2a: Anti-Whatever|spa|1
|move|p2a: Anti-Whatever|Tailwind|p2a: Anti-Whatever
|-sidestart|p2: sofbar|move: Tailwind
|
|upkeep
|turn|26
|
|t:|1758990460
|move|p1a: Shiftry|Sucker Punch|p2a: Anti-Whatever
|-resisted|p2a: Anti-Whatever
|-damage|p2a: Anti-Whatever|0 fnt
|faint|p2a: Anti-Whatever
|
|-sideend|p1: missingyat|move: Tailwind
|upkeep
|
|t:|1758990465
|switch|p2a: Works|Toxtricity, M|83/100
|turn|27
|
|t:|1758990470
|move|p2a: Works|Boomburst|p1a: Shiftry
|-damage|p1a: Shiftry|0 fnt
|faint|p1a: Shiftry
|
|upkeep
|
|t:|1758990473
|switch|p1a: KFC|Moltres|31/100
|turn|28
|
|t:|1758990476
|move|p2a: Works|Boomburst|p1a: KFC
|-damage|p1a: KFC|0 fnt
|faint|p1a: KFC
|
|win|sofbar
|raw|missingyat's rating: 1073 &rarr; <strong>1055</strong><br />(-18 for losing)
|raw|sofbar's rating: 1116 &rarr; <strong>1138</strong><br />(+22 for winning)
|c|☆missingyat|gg
|l|☆missingyat
|player|p1|
|c|☆sofbar|Ggd.
|l|☆sofbar
|player|p2|
