|j|☆lbubat
|j|☆Mky27
|t:|1759038598
|gametype|singles
|player|p1|lbubat|marshal|1500
|player|p2|Mky27|ltsurge|1540
|gen|9
|tier|[Gen 9] OU
|rated|
|rule|HP Percentage Mod: HP is shown in percentages
|rule|Endless Battle Clause: Forcing endless battles is banned
|rule|Species Clause: Limit one of each Pokémon
|rule|OHKO Clause: OHKO moves are banned
|rule|Evasion Items Clause: Evasion items are banned
|rule|Evasion Moves Clause: Evasion moves are banned
|rule|Evasion Abilities Clause: Evasion abilities are banned
|rule|Sleep Moves Clause: Sleep-inducing moves are banned
|clearpoke
|poke|p1|Ogerpon-Wellspring, F|
|poke|p1|Great Tusk|
|poke|p1|Kyurem|
|poke|p1|Slowking-Galar, M|
|poke|p1|Moltres|
|poke|p1|Enamorus, F|
|poke|p2|Walking Wake|
|poke|p2|Great Tusk|
|poke|p2|Torkoal, F|
|poke|p2|Indeedee, M|
|poke|p2|Exeggutor, M|
|poke|p2|Kingambit, M|
|teampreview
|inactive|Battle timer is ON: inactive players will automatically lose when time's up. (requested by Mky27)
|inactive|lbubat has 120 seconds left.
|
|t:|1759038634
|teamsize|p1|6
|teamsize|p2|6
|start
|switch|p1a: Kyurem|Kyurem|100/100
|switch|p2a: Indimacho|Indeedee, M|100/100
|-fieldstart|move: Psychic Terrain|[from] ability: Psychic Surge|[of] p2a: Indimacho
|-ability|p1a: Kyurem|Pressure
|turn|1
|
|t:|1759038659
|switch|p2a: Kingsharp|Kingambit, M|100/100
|move|p1a: Kyurem|Ice Beam|p2a: Kingsharp
|-resisted|p2a: Kingsharp
|-damage|p2a: Kingsharp|83/100
|
|upkeep
|turn|2
|
|t:|1759038669
|switch|p1a: Moltres|Moltres|100/100
|move|p2a: Kingsharp|Zen Headbutt|p1a: Moltres
|-damage|p1a: Moltres|72/100
|
|upkeep
|turn|3
|
|t:|1759038680
|switch|p2a: PaleoRaptor|Walking Wake|100/100
|move|p1a: Moltres|Roost|p1a: Moltres
|-heal|p1a: Moltres|100/100
|-singleturn|p1a: Moltres|move: Roost
|
|upkeep
|turn|4
|
|t:|1759038688
|switch|p1a: Ogerpon|Ogerpon-Wellspring, F|100/100
|move|p2a: PaleoRaptor|Draco Meteor|p1a: Ogerpon
|-damage|p1a: Ogerpon|23/100
|-unboost|p2a: PaleoRaptor|spa|2
|
|upkeep
|turn|5
|
|t:|1759038702
|-end|p2a: PaleoRaptor|Protosynthesis|[silent]
|switch|p2a: Trollkoal|Torkoal, F, shiny|100/100
|-weather|SunnyDay|[from] ability: Drought|[of] p2a: Trollkoal
|move|p1a: Ogerpon|Horn Leech|p2a: Trollkoal
|-resisted|p2a: Trollkoal
|-damage|p2a: Trollkoal|88/100
|-heal|p1a: Ogerpon|31/100|[from] drain|[of] p2a: Trollkoal
|
|-weather|SunnyDay|[upkeep]
|-fieldend|move: Psychic Terrain
|upkeep
|turn|6
|
|t:|1759038715
|switch|p1a: Kyurem|Kyurem|100/100
|-ability|p1a: Kyurem|Pressure
|switch|p2a: PaleoRaptor|Walking Wake|100/100
|-activate|p2a: PaleoRaptor|ability: Protosynthesis
|-start|p2a: PaleoRaptor|protosynthesisspe
|
|-weather|SunnyDay|[upkeep]
|upkeep
|turn|7
|
|t:|1759038732
|switch|p1a: Enamorus|Enamorus, F|100/100
|move|p2a: PaleoRaptor|Draco Meteor|p1a: Enamorus
|-immune|p1a: Enamorus
|
|-weather|SunnyDay|[upkeep]
|upkeep
|turn|8
|
|t:|1759038740
|switch|p1a: Slowking|Slowking-Galar, M|100/100
|move|p2a: PaleoRaptor|Hydro Steam|p1a: Slowking
|-damage|p1a: Slowking|57/100
|
|-weather|SunnyDay|[upkeep]
|upkeep
|turn|9
|
|t:|1759038754
|move|p2a: PaleoRaptor|Draco Meteor|p1a: Slowking
|-damage|p1a: Slowking|21/100
|-unboost|p2a: PaleoRaptor|spa|2
|-prepare|p1a: Slowking|Chilly Reception|[premajor]
|move|p1a: Slowking|Chilly Reception|p1a: Slowking
|-weather|Snowscape
|-end|p2a: PaleoRaptor|Protosynthesis
|
|t:|1759038760
|switch|p1a: Kyurem|Kyurem|100/100|[from] Chilly Reception
|-ability|p1a: Kyurem|Pressure
|
|-weather|Snowscape|[upkeep]
|upkeep
|turn|10
|
|t:|1759038773
|-end|p2a: PaleoRaptor|Protosynthesis|[silent]
|switch|p2a: Kingsharp|Kingambit, M|83/100
|move|p1a: Kyurem|Freeze-Dry|p2a: Kingsharp
|-resisted|p2a: Kingsharp
|-damage|p2a: Kingsharp|70/100
|
|-weather|Snowscape|[upkeep]
|upkeep
|turn|11
|
|t:|1759038785
|switch|p1a: Moltres|Moltres|100/100
|switch|p2a: PaleoRaptor|Walking Wake|100/100
|
|-weather|Snowscape|[upkeep]
|upkeep
|turn|12
|
|t:|1759038794
|switch|p1a: Ogerpon|Ogerpon-Wellspring, F|31/100
|move|p2a: PaleoRaptor|Draco Meteor|p1a: Ogerpon
|-damage|p1a: Ogerpon|0 fnt
|-unboost|p2a: PaleoRaptor|spa|2
|faint|p1a: Ogerpon
|
|-weather|Snowscape|[upkeep]
|upkeep
|
|t:|1759038797
|switch|p1a: Enamorus|Enamorus, F|100/100
|turn|13
|
|t:|1759038807
|-end|p2a: PaleoRaptor|Protosynthesis|[silent]
|switch|p2a: Kingsharp|Kingambit, M|70/100
|move|p1a: Enamorus|Earth Power|p2a: Kingsharp
|-supereffective|p2a: Kingsharp
|-damage|p2a: Kingsharp|38/100
|-unboost|p2a: Kingsharp|spd|1
|-ability|p2a: Kingsharp|Defiant|boost
|-boost|p2a: Kingsharp|atk|2
|
|-weather|none
|upkeep
|turn|14
|
|t:|1759038824
|switch|p2a: Indimacho|Indeedee, M|100/100
|-fieldstart|move: Psychic Terrain|[from] ability: Psychic Surge|[of] p2a: Indimacho
|move|p1a: Enamorus|Earth Power|p2a: Indimacho
|-damage|p2a: Indimacho|48/100
|-unboost|p2a: Indimacho|spd|1
|
|upkeep
|turn|15
|
|t:|1759038840
|move|p1a: Enamorus|Earth Power|p2a: Indimacho
|-damage|p2a: Indimacho|0 fnt
|faint|p2a: Indimacho
|
|upkeep
|
|t:|1759038846
|switch|p2a: Exxegcutor|Exeggutor, M, shiny|100/100
|turn|16
|
|t:|1759038852
|switch|p1a: Moltres|Moltres|100/100
|move|p2a: Exxegcutor|Expanding Force|p1a: Moltres
|-damage|p1a: Moltres|43/100
|
|upkeep
|turn|17
|
|t:|1759038859
|move|p1a: Moltres|Roost|p1a: Moltres
|-heal|p1a: Moltres|93/100
|-singleturn|p1a: Moltres|move: Roost
|move|p2a: Exxegcutor|Expanding Force|p1a: Moltres
|-damage|p1a: Moltres|31/100
|
|upkeep
|turn|18
|
|t:|1759038867
|move|p1a: Moltres|Roost|p1a: Moltres
|-heal|p1a: Moltres|81/100
|-singleturn|p1a: Moltres|move: Roost
|move|p2a: Exxegcutor|Expanding Force|p1a: Moltres
|-damage|p1a: Moltres|17/100
|
|-fieldend|move: Psychic Terrain
|upkeep
|turn|19
|
|t:|1759038879
|switch|p2a: PaleoRaptor|Walking Wake|100/100
|move|p1a: Moltres|Roost|p1a: Moltres
|-heal|p1a: Moltres|67/100
|-singleturn|p1a: Moltres|move: Roost
|
|upkeep
|turn|20
|
|t:|1759038892
|switch|p1a: Slowking|Slowking-Galar, M|54/100
|move|p2a: PaleoRaptor|Hydro Steam|p1a: Slowking
|-damage|p1a: Slowking|25/100
|
|upkeep
|turn|21
|
|t:|1759038899
|switch|p1a: Enamorus|Enamorus, F|100/100
|move|p2a: PaleoRaptor|Hydro Steam|p1a: Enamorus
|-damage|p1a: Enamorus|37/100
|
|upkeep
|turn|22
|
|t:|1759038907
|-end|p2a: PaleoRaptor|Protosynthesis|[silent]
|switch|p2a: Trollkoal|Torkoal, F, shiny|88/100
|-weather|SunnyDay|[from] ability: Drought|[of] p2a: Trollkoal
|move|p1a: Enamorus|Moonblast|p2a: Trollkoal
|-resisted|p2a: Trollkoal
|-damage|p2a: Trollkoal|52/100
|
|-weather|SunnyDay|[upkeep]
|upkeep
|turn|23
|
|t:|1759038924
|switch|p1a: Slowking|Slowking-Galar, M|58/100
|move|p2a: Trollkoal|Stealth Rock|p1a: Slowking
|-sidestart|p1: lbubat|move: Stealth Rock
|
|-weather|SunnyDay|[upkeep]
|upkeep
|turn|24
|
|t:|1759038939
|switch|p2a: PaleoRaptor|Walking Wake|100/100
|-activate|p2a: PaleoRaptor|ability: Protosynthesis
|-start|p2a: PaleoRaptor|protosynthesisspe
|move|p1a: Slowking|Thunder Wave|p2a: PaleoRaptor
|-status|p2a: PaleoRaptor|par
|
|-weather|SunnyDay|[upkeep]
|upkeep
|turn|25
|
|t:|1759038949
|move|p2a: PaleoRaptor|Hydro Steam|p1a: Slowking
|-damage|p1a: Slowking|12/100
|-prepare|p1a: Slowking|Chilly Reception|[premajor]
|move|p1a: Slowking|Chilly Reception|p1a: Slowking
|-weather|Snowscape
|-end|p2a: PaleoRaptor|Protosynthesis
|
|t:|1759038953
|switch|p1a: Kyurem|Kyurem|100/100|[from] Chilly Reception
|-damage|p1a: Kyurem|76/100|[from] Stealth Rock
|-ability|p1a: Kyurem|Pressure
|
|-weather|Snowscape|[upkeep]
|upkeep
|turn|26
|
|t:|1759038973
|-end|p2a: PaleoRaptor|Protosynthesis|[silent]
|switch|p2a: Kingsharp|Kingambit, M|38/100
|move|p1a: Kyurem|Earth Power|p2a: Kingsharp
|-supereffective|p2a: Kingsharp
|-damage|p2a: Kingsharp|0 fnt
|faint|p2a: Kingsharp
|
|-weather|Snowscape|[upkeep]
|upkeep
|
|t:|1759038988
|switch|p2a: Trollkoal|Torkoal, F, shiny|52/100
|-weather|SunnyDay|[from] ability: Drought|[of] p2a: Trollkoal
|turn|27
|
|t:|1759038993
|switch|p2a: Exxegcutor|Exeggutor, M, shiny|100/100
|move|p1a: Kyurem|Earth Power|p2a: Exxegcutor
|-resisted|p2a: Exxegcutor
|-damage|p2a: Exxegcutor|71/100
|
|-weather|SunnyDay|[upkeep]
|upkeep
|turn|28
|
|t:|1759039013
|switch|p1a: Moltres|Moltres|67/100
|-terastallize|p2a: Exxegcutor|Fire
|move|p2a: Exxegcutor|Tera Blast|p1a: Moltres|[anim] Tera Blast Fire
|-resisted|p1a: Moltres
|-damage|p1a: Moltres|44/100
|
|-weather|SunnyDay|[upkeep]
|upkeep
|turn|29
|
|t:|1759039024
|move|p1a: Moltres|Roost|p1a: Moltres
|-heal|p1a: Moltres|94/100
|-singleturn|p1a: Moltres|move: Roost
|move|p2a: Exxegcutor|Expanding Force|p1a: Moltres
|-damage|p1a: Moltres|60/100
|
|-weather|SunnyDay|[upkeep]
|upkeep
|turn|30
|
|t:|1759039033
|move|p2a: Exxegcutor|Expanding Force|p1a: Moltres
|-damage|p1a: Moltres|29/100
|move|p1a: Moltres|Roar|p2a: Exxegcutor
|drag|p2a: PaleoRaptor|Walking Wake|100/100 par
|-activate|p2a: PaleoRaptor|ability: Protosynthesis
|-start|p2a: PaleoRaptor|protosynthesisspe
|
|-weather|SunnyDay|[upkeep]
|upkeep
|turn|31
|
|t:|1759039043
|cant|p2a: PaleoRaptor|par
|move|p1a: Moltres|Roost|p1a: Moltres
|-heal|p1a: Moltres|79/100
|-singleturn|p1a: Moltres|move: Roost
|
|-weather|SunnyDay|[upkeep]
|upkeep
|turn|32
|
|t:|1759039051
|switch|p1a: Enamorus|Enamorus, F|37/100
|-damage|p1a: Enamorus|12/100|[from] Stealth Rock
|move|p2a: PaleoRaptor|Hydro Steam|p1a: Enamorus
|-damage|p1a: Enamorus|0 fnt
|faint|p1a: Enamorus
|
|-weather|SunnyDay|[upkeep]
|upkeep
|
|t:|1759039054
|switch|p1a: Slowking|Slowking-Galar, M|45/100
|turn|33
|
|t:|1759039064
|move|p2a: PaleoRaptor|Hydro Steam|p1a: Slowking
|-damage|p1a: Slowking|5/100
|-prepare|p1a: Slowking|Chilly Reception|[premajor]
|move|p1a: Slowking|Chilly Reception|p1a: Slowking
|-weather|Snowscape
|-end|p2a: PaleoRaptor|Protosynthesis
|
|t:|1759039067
|switch|p1a: Great Tusk|Great Tusk|100/100|[from] Chilly Reception
|
|-weather|Snowscape|[upkeep]
|upkeep
|turn|34
|
|t:|1759039080
|move|p1a: Great Tusk|Rapid Spin|p2a: PaleoRaptor
|-damage|p2a: PaleoRaptor|81/100 par
|-boost|p1a: Great Tusk|spe|1
|-sideend|p1: lbubat|Stealth Rock|[from] move: Rapid Spin|[of] p1a: Great Tusk
|cant|p2a: PaleoRaptor|par
|
|-weather|Snowscape|[upkeep]
|upkeep
|turn|35
|
|t:|1759039089
|-end|p1a: Great Tusk|Protosynthesis|[silent]
|switch|p1a: Kyurem|Kyurem|76/100
|-ability|p1a: Kyurem|Pressure
|-end|p2a: PaleoRaptor|Protosynthesis|[silent]
|switch|p2a: Paleomut|Great Tusk, shiny|100/100
|
|-weather|Snowscape|[upkeep]
|upkeep
|turn|36
|
|t:|1759039111
|-end|p2a: Paleomut|Protosynthesis|[silent]
|switch|p2a: Trollkoal|Torkoal, F, shiny|52/100
|-weather|SunnyDay|[from] ability: Drought|[of] p2a: Trollkoal
|move|p1a: Kyurem|Freeze-Dry|p2a: Trollkoal
|-resisted|p2a: Trollkoal
|-crit|p2a: Trollkoal
|-damage|p2a: Trollkoal|0 fnt
|faint|p2a: Trollkoal
|
|-weather|SunnyDay|[upkeep]
|upkeep
|
|t:|1759039124
|switch|p2a: Exxegcutor|Exeggutor, M, shiny, tera:Fire|71/100
|turn|37
|
|t:|1759039141
|switch|p1a: Moltres|Moltres|79/100
|move|p2a: Exxegcutor|Expanding Force|p1a: Moltres
|-damage|p1a: Moltres|50/100
|
|-weather|SunnyDay|[upkeep]
|upkeep
|turn|38
|
|t:|1759039149
|move|p1a: Moltres|Roost|p1a: Moltres
|-heal|p1a: Moltres|99/100
|-singleturn|p1a: Moltres|move: Roost
|move|p2a: Exxegcutor|Expanding Force|p1a: Moltres
|-damage|p1a: Moltres|66/100
|
|-weather|SunnyDay|[upkeep]
|upkeep
|turn|39
|
|t:|1759039159
|move|p2a: Exxegcutor|Expanding Force|p1a: Moltres
|-crit|p1a: Moltres
|-damage|p1a: Moltres|17/100
|move|p1a: Moltres|Roar|p2a: Exxegcutor
|drag|p2a: PaleoRaptor|Walking Wake|81/100 par
|-activate|p2a: PaleoRaptor|ability: Protosynthesis
|-start|p2a: PaleoRaptor|protosynthesisspe
|
|-weather|SunnyDay|[upkeep]
|upkeep
|turn|40
|
|t:|1759039176
|move|p2a: PaleoRaptor|Hydro Steam|p1a: Moltres
|-supereffective|p1a: Moltres
|-damage|p1a: Moltres|0 fnt
|faint|p1a: Moltres
|
|-weather|SunnyDay|[upkeep]
|upkeep
|
|t:|1759039180
|switch|p1a: Slowking|Slowking-Galar, M|38/100
|turn|41
|
|t:|1759039186
|switch|p1a: Great Tusk|Great Tusk|100/100
|-activate|p1a: Great Tusk|ability: Protosynthesis
|-start|p1a: Great Tusk|protosynthesisatk
|move|p2a: PaleoRaptor|Hydro Steam|p1a: Great Tusk
|-supereffective|p1a: Great Tusk
|-damage|p1a: Great Tusk|0 fnt
|faint|p1a: Great Tusk
|-end|p1a: Great Tusk|Protosynthesis|[silent]
|
|-weather|SunnyDay|[upkeep]
|upkeep
|
|t:|1759039188
|switch|p1a: Slowking|Slowking-Galar, M|71/100
|turn|42
|
|t:|1759039199
|cant|p2a: PaleoRaptor|par
|-prepare|p1a: Slowking|Chilly Reception|[premajor]
|move|p1a: Slowking|Chilly Reception|p1a: Slowking
|-weather|Snowscape
|-end|p2a: PaleoRaptor|Protosynthesis
|
|t:|1759039205
|switch|p1a: Kyurem|Kyurem|76/100|[from] Chilly Reception
|-ability|p1a: Kyurem|Pressure
|
|-weather|Snowscape|[upkeep]
|upkeep
|turn|43
|
|t:|1759039213
|move|p1a: Kyurem|Freeze-Dry|p2a: PaleoRaptor
|-supereffective|p2a: PaleoRaptor
|-damage|p2a: PaleoRaptor|0 fnt
|faint|p2a: PaleoRaptor
|-end|p2a: PaleoRaptor|Protosynthesis|[silent]
|
|-weather|Snowscape|[upkeep]
|upkeep
|
|t:|1759039219
|switch|p2a: Exxegcutor|Exeggutor, M, shiny, tera:Fire|71/100
|turn|44
|
|t:|1759039223
|switch|p1a: Slowking|Slowking-Galar, M|100/100
|move|p2a: Exxegcutor|Expanding Force|p1a: Slowking
|-damage|p1a: Slowking|75/100
|
|-weather|Snowscape|[upkeep]
|upkeep
|turn|45
|
|t:|1759039232
|move|p2a: Exxegcutor|Expanding Force|p1a: Slowking
|-damage|p1a: Slowking|51/100
|move|p1a: Slowking|Future Sight|p2a: Exxegcutor
|-start|p1a: Slowking|move: Future Sight
|
|-weather|Snowscape|[upkeep]
|upkeep
|turn|46
|
|t:|1759039243
|move|p2a: Exxegcutor|Expanding Force|p1a: Slowking
|-damage|p1a: Slowking|27/100
|-prepare|p1a: Slowking|Chilly Reception|[premajor]
|move|p1a: Slowking|Chilly Reception|p1a: Slowking
|
|t:|1759039249
|switch|p1a: Kyurem|Kyurem|76/100|[from] Chilly Reception
|-ability|p1a: Kyurem|Pressure
|
|-weather|none
|upkeep
|turn|47
|
|t:|1759039257
|switch|p2a: Paleomut|Great Tusk, shiny|100/100
|move|p1a: Kyurem|Earth Power|p2a: Paleomut
|-damage|p2a: Paleomut|41/100
|
|-end|p2a: Paleomut|move: Future Sight
|-supereffective|p2a: Paleomut
|-damage|p2a: Paleomut|0 fnt
|faint|p2a: Paleomut
|-end|p2a: Paleomut|Protosynthesis|[silent]
|upkeep
|
|t:|1759039268
|switch|p2a: Exxegcutor|Exeggutor, M, shiny, tera:Fire|71/100
|turn|48
|
|t:|1759039276
|move|p2a: Exxegcutor|Endure|p2a: Exxegcutor
|-singleturn|p2a: Exxegcutor|move: Endure
|move|p1a: Kyurem|Earth Power|p2a: Exxegcutor
|-supereffective|p2a: Exxegcutor
|-activate|p2a: Exxegcutor|move: Endure
|-damage|p2a: Exxegcutor|1/100
|-unboost|p2a: Exxegcutor|spd|1
|
|upkeep
|turn|49
|-enditem|p2a: Exxegcutor|Custap Berry|[eat]
|-activate|p2a: Exxegcutor|item: Custap Berry|[consumed]
|
|t:|1759039285
|move|p2a: Exxegcutor|Tera Blast|p1a: Kyurem|[anim] Tera Blast Fire
|-damage|p1a: Kyurem|30/100
|move|p1a: Kyurem|Earth Power|p2a: Exxegcutor
|-supereffective|p2a: Exxegcutor
|-damage|p2a: Exxegcutor|0 fnt
|faint|p2a: Exxegcutor
|
|win|lbubat
|raw|lbubat's rating: 1500 &rarr; <strong>1522</strong><br />(+22 for winning)
|raw|Mky27's rating: 1540 &rarr; <strong>1518</strong><br />(-22 for losing)
|l|☆Mky27
|player|p2|
|l|☆lbubat
|player|p1|
