|j|☆xklootzakx
|j|☆supersaiyanwolf
|t:|1759040147
|gametype|singles
|player|p1|xklootzakx|roxie|1388
|player|p2|supersaiyanwolf|pokemonranger|1460
|gen|9
|tier|[Gen 9] OU
|rated|
|rule|HP Percentage Mod: HP is shown in percentages
|rule|Endless Battle Clause: Forcing endless battles is banned
|rule|Species Clause: Limit one of each Pokémon
|rule|OHKO Clause: OHKO moves are banned
|rule|Evasion Items Clause: Evasion items are banned
|rule|Evasion Moves Clause: Evasion moves are banned
|rule|Evasion Abilities Clause: Evasion abilities are banned
|rule|Sleep Moves Clause: Sleep-inducing moves are banned
|clearpoke
|poke|p1|Fezandipiti, M|
|poke|p1|Ninetales-Alola, M|
|poke|p1|Corviknight, M|
|poke|p1|Torterra, F|
|poke|p1|Chandelure, F|
|poke|p1|Crawdaunt, M|
|poke|p2|Iron Crown|
|poke|p2|Iron Hands|
|poke|p2|Grimmsnarl, M|
|poke|p2|Great Tusk|
|poke|p2|Dragonite, F|
|poke|p2|Glimmora, F|
|teampreview
|inactive|Battle timer is ON: inactive players will automatically lose when time's up. (requested by xklootzakx)
|
|t:|1759040163
|teamsize|p1|6
|teamsize|p2|6
|start
|switch|p1a: Fezandipiti|Fezandipiti, M|100/100
|switch|p2a: temu Nilhilego|Glimmora, F|100/100
|turn|1
|
|t:|1759040168
|move|p2a: temu Nilhilego|Rock Polish|p2a: temu Nilhilego
|-boost|p2a: temu Nilhilego|spe|2
|move|p1a: Fezandipiti|U-turn|p2a: temu Nilhilego
|-resisted|p2a: temu Nilhilego
|-damage|p2a: temu Nilhilego|91/100
|-activate|p2a: temu Nilhilego|ability: Toxic Debris
|-sidestart|p1: xklootzakx|move: Toxic Spikes
|
|t:|1759040173
|switch|p1a: Corviknight|Corviknight, M|100/100|[from] U-turn
|
|upkeep
|turn|2
|
|t:|1759040178
|move|p2a: temu Nilhilego|Meteor Beam||[still]
|-prepare|p2a: temu Nilhilego|Meteor Beam
|-boost|p2a: temu Nilhilego|spa|1
|-enditem|p2a: temu Nilhilego|Power Herb
|-anim|p2a: temu Nilhilego|Meteor Beam|p1a: Corviknight
|-damage|p1a: Corviknight|4/100
|move|p1a: Corviknight|Iron Head|p2a: temu Nilhilego
|-supereffective|p2a: temu Nilhilego
|-damage|p2a: temu Nilhilego|30/100
|-activate|p2a: temu Nilhilego|ability: Toxic Debris
|-sidestart|p1: xklootzakx|move: Toxic Spikes
|
|upkeep
|turn|3
|
|t:|1759040185
|switch|p1a: Fezandipiti|Fezandipiti, M|100/100
|-sideend|p1: xklootzakx|move: Toxic Spikes|[of] p1a: Fezandipiti
|move|p2a: temu Nilhilego|Dazzling Gleam|p1a: Fezandipiti
|-resisted|p1a: Fezandipiti
|-damage|p1a: Fezandipiti|88/100
|
|-heal|p1a: Fezandipiti|94/100|[from] item: Black Sludge
|upkeep
|turn|4
|
|t:|1759040193
|move|p2a: temu Nilhilego|Earth Power|p1a: Fezandipiti
|-supereffective|p1a: Fezandipiti
|-damage|p1a: Fezandipiti|35/100
|move|p1a: Fezandipiti|Beat Up|p2a: temu Nilhilego
|-damage|p2a: temu Nilhilego|26/100
|-activate|p2a: temu Nilhilego|ability: Toxic Debris
|-sidestart|p1: xklootzakx|move: Toxic Spikes
|-damage|p2a: temu Nilhilego|23/100
|-activate|p2a: temu Nilhilego|ability: Toxic Debris
|-sidestart|p1: xklootzakx|move: Toxic Spikes
|-damage|p2a: temu Nilhilego|19/100
|-damage|p2a: temu Nilhilego|15/100
|-damage|p2a: temu Nilhilego|12/100
|-damage|p2a: temu Nilhilego|8/100
|-hitcount|p2a: temu Nilhilego|6
|
|-heal|p1a: Fezandipiti|42/100|[from] item: Black Sludge
|upkeep
|turn|5
|
|t:|1759040204
|switch|p1a: Corviknight|Corviknight, M|4/100
|move|p2a: temu Nilhilego|Earth Power|p1a: Corviknight
|-immune|p1a: Corviknight
|
|upkeep
|turn|6
|
|t:|1759040210
|switch|p1a: Fezandipiti|Fezandipiti, M|42/100
|-sideend|p1: xklootzakx|move: Toxic Spikes|[of] p1a: Fezandipiti
|move|p2a: temu Nilhilego|Dazzling Gleam|p1a: Fezandipiti
|-resisted|p1a: Fezandipiti
|-damage|p1a: Fezandipiti|28/100
|
|-heal|p1a: Fezandipiti|34/100|[from] item: Black Sludge
|upkeep
|turn|7
|
|t:|1759040218
|switch|p1a: Crawdaunt|Crawdaunt, M|100/100
|move|p2a: temu Nilhilego|Earth Power|p1a: Crawdaunt
|-enditem|p1a: Crawdaunt|Focus Sash
|-damage|p1a: Crawdaunt|1/100
|
|upkeep
|turn|8
|
|t:|1759040231
|switch|p2a: Big Boss|Iron Hands|100/100
|move|p1a: Crawdaunt|Aqua Jet|p2a: Big Boss
|-damage|p2a: Big Boss|84/100
|
|-heal|p2a: Big Boss|90/100|[from] item: Leftovers
|upkeep
|turn|9
|
|t:|1759040241
|move|p1a: Crawdaunt|Knock Off|p2a: Big Boss
|-resisted|p2a: Big Boss
|-damage|p2a: Big Boss|68/100
|-enditem|p2a: Big Boss|Leftovers|[from] move: Knock Off|[of] p1a: Crawdaunt
|move|p2a: Big Boss|Swords Dance|p2a: Big Boss
|-boost|p2a: Big Boss|atk|2
|
|upkeep
|turn|10
|
|t:|1759040246
|move|p1a: Crawdaunt|Aqua Jet|p2a: Big Boss
|-damage|p2a: Big Boss|49/100
|move|p2a: Big Boss|Drain Punch|p1a: Crawdaunt
|-supereffective|p1a: Crawdaunt
|-damage|p1a: Crawdaunt|0 fnt
|-heal|p2a: Big Boss|49/100|[from] drain|[of] p1a: Crawdaunt
|faint|p1a: Crawdaunt
|
|upkeep
|
|t:|1759040254
|switch|p1a: Torterra|Torterra, F|100/100
|turn|11
|
|t:|1759040256
|-terastallize|p1a: Torterra|Fire
|move|p1a: Torterra|Shell Smash|p1a: Torterra
|-unboost|p1a: Torterra|def|1
|-unboost|p1a: Torterra|spd|1
|-boost|p1a: Torterra|atk|2
|-boost|p1a: Torterra|spa|2
|-boost|p1a: Torterra|spe|2
|move|p2a: Big Boss|Ice Punch|p1a: Torterra
|-resisted|p1a: Torterra
|-damage|p1a: Torterra|61/100
|
|upkeep
|turn|12
|
|t:|1759040266
|move|p1a: Torterra|Bullet Seed|p2a: Big Boss
|-crit|p2a: Big Boss
|-damage|p2a: Big Boss|29/100
|-damage|p2a: Big Boss|16/100
|-damage|p2a: Big Boss|3/100
|-damage|p2a: Big Boss|0 fnt
|faint|p2a: Big Boss
|-end|p2a: Big Boss|Quark Drive|[silent]
|-hitcount|p2: Big Boss|4
|
|upkeep
|
|t:|1759040274
|switch|p2a: Grimmsnarl|Grimmsnarl, M, shiny|100/100
|turn|13
|
|t:|1759040278
|move|p2a: Grimmsnarl|Reflect|p2a: Grimmsnarl
|-sidestart|p2: supersaiyanwolf|Reflect
|move|p1a: Torterra|Bullet Seed|p2a: Grimmsnarl
|-damage|p2a: Grimmsnarl|89/100
|-damage|p2a: Grimmsnarl|77/100
|-damage|p2a: Grimmsnarl|65/100
|-damage|p2a: Grimmsnarl|55/100
|-crit|p2a: Grimmsnarl
|-damage|p2a: Grimmsnarl|21/100
|-hitcount|p2a: Grimmsnarl|5
|
|upkeep
|turn|14
|
|t:|1759040286
|move|p2a: Grimmsnarl|Parting Shot|p1a: Torterra
|-unboost|p1a: Torterra|atk|1
|-unboost|p1a: Torterra|spa|1
|
|t:|1759040290
|switch|p2a: Dragonite|Dragonite, F|100/100|[from] Parting Shot
|move|p1a: Torterra|Shell Smash|p1a: Torterra
|-unboost|p1a: Torterra|def|1
|-unboost|p1a: Torterra|spd|1
|-boost|p1a: Torterra|atk|2
|-boost|p1a: Torterra|spa|2
|-boost|p1a: Torterra|spe|2
|
|upkeep
|turn|15
|
|t:|1759040298
|move|p1a: Torterra|Rock Blast|p2a: Dragonite
|-supereffective|p2a: Dragonite
|-damage|p2a: Dragonite|89/100
|-supereffective|p2a: Dragonite
|-damage|p2a: Dragonite|69/100
|-supereffective|p2a: Dragonite
|-damage|p2a: Dragonite|47/100
|-supereffective|p2a: Dragonite
|-damage|p2a: Dragonite|24/100
|-supereffective|p2a: Dragonite
|-damage|p2a: Dragonite|3/100
|-hitcount|p2a: Dragonite|5
|move|p2a: Dragonite|Dragon Dance|p2a: Dragonite
|-boost|p2a: Dragonite|atk|1
|-boost|p2a: Dragonite|spe|1
|
|upkeep
|turn|16
|
|t:|1759040309
|move|p1a: Torterra|Bullet Seed|p2a: Dragonite
|-resisted|p2a: Dragonite
|-damage|p2a: Dragonite|0 fnt
|faint|p2a: Dragonite
|-hitcount|p2: Dragonite|1
|
|upkeep
|
|t:|1759040315
|switch|p2a: Great Tusk|Great Tusk|100/100
|-enditem|p2a: Great Tusk|Booster Energy
|-activate|p2a: Great Tusk|ability: Protosynthesis|[fromitem]
|-start|p2a: Great Tusk|protosynthesisspe
|turn|17
|
|t:|1759040319
|-terastallize|p2a: Great Tusk|Steel
|move|p1a: Torterra|Bullet Seed|p2a: Great Tusk
|-resisted|p2a: Great Tusk
|-damage|p2a: Great Tusk|96/100
|-resisted|p2a: Great Tusk
|-damage|p2a: Great Tusk|92/100
|-resisted|p2a: Great Tusk
|-damage|p2a: Great Tusk|88/100
|-resisted|p2a: Great Tusk
|-damage|p2a: Great Tusk|83/100
|-resisted|p2a: Great Tusk
|-damage|p2a: Great Tusk|79/100
|-hitcount|p2a: Great Tusk|5
|move|p2a: Great Tusk|Headlong Rush|p1a: Torterra
|-supereffective|p1a: Torterra
|-damage|p1a: Torterra|0 fnt
|-unboost|p2a: Great Tusk|def|1
|-unboost|p2a: Great Tusk|spd|1
|faint|p1a: Torterra
|
|upkeep
|
|t:|1759040329
|switch|p1a: Ninetales|Ninetales-Alola, M|100/100
|-weather|Snowscape|[from] ability: Snow Warning|[of] p1a: Ninetales
|turn|18
|
|t:|1759040335
|move|p2a: Great Tusk|Headlong Rush|p1a: Ninetales
|-damage|p1a: Ninetales|45/100
|-unboost|p2a: Great Tusk|def|1
|-unboost|p2a: Great Tusk|spd|1
|move|p1a: Ninetales|Aurora Veil|p1a: Ninetales
|-sidestart|p1: xklootzakx|move: Aurora Veil
|
|-weather|Snowscape|[upkeep]
|upkeep
|turn|19
|
|t:|1759040340
|switch|p1a: Corviknight|Corviknight, M|4/100
|move|p2a: Great Tusk|Bulk Up|p2a: Great Tusk
|-boost|p2a: Great Tusk|atk|1
|-boost|p2a: Great Tusk|def|1
|
|-weather|Snowscape|[upkeep]
|upkeep
|turn|20
|
|t:|1759040348
|move|p2a: Great Tusk|Bulk Up|p2a: Great Tusk
|-boost|p2a: Great Tusk|atk|1
|-boost|p2a: Great Tusk|def|1
|move|p1a: Corviknight|Roost|p1a: Corviknight
|-heal|p1a: Corviknight|54/100
|-singleturn|p1a: Corviknight|move: Roost
|
|-weather|Snowscape|[upkeep]
|-sideend|p2: supersaiyanwolf|Reflect
|upkeep
|turn|21
|
|t:|1759040354
|move|p2a: Great Tusk|Ice Spinner|p1a: Corviknight
|-damage|p1a: Corviknight|39/100
|-damage|p2a: Great Tusk|62/100|[from] item: Rocky Helmet|[of] p1a: Corviknight
|move|p1a: Corviknight|Roost|p1a: Corviknight
|-heal|p1a: Corviknight|89/100
|-singleturn|p1a: Corviknight|move: Roost
|
|-weather|Snowscape|[upkeep]
|upkeep
|turn|22
|
|t:|1759040361
|-end|p2a: Great Tusk|Protosynthesis|[silent]
|switch|p2a: Grimmsnarl|Grimmsnarl, M, shiny|21/100
|move|p1a: Corviknight|U-turn|p2a: Grimmsnarl
|-damage|p2a: Grimmsnarl|8/100
|
|t:|1759040367
|switch|p1a: Chandelure|Chandelure, F, shiny|100/100|[from] U-turn
|
|-weather|none
|upkeep
|turn|23
|
|t:|1759040373
|move|p2a: Grimmsnarl|Light Screen|p2a: Grimmsnarl
|-sidestart|p2: supersaiyanwolf|move: Light Screen
|move|p1a: Chandelure|Shadow Ball|p2a: Grimmsnarl
|-resisted|p2a: Grimmsnarl
|-damage|p2a: Grimmsnarl|0 fnt
|faint|p2a: Grimmsnarl
|
|upkeep
|
|t:|1759040376
|switch|p2a: Iron Crown|Iron Crown|100/100
|-enditem|p2a: Iron Crown|Booster Energy
|-activate|p2a: Iron Crown|ability: Quark Drive|[fromitem]
|-start|p2a: Iron Crown|quarkdrivespe
|turn|24
|
|t:|1759040378
|move|p2a: Iron Crown|Calm Mind|p2a: Iron Crown
|-boost|p2a: Iron Crown|spa|1
|-boost|p2a: Iron Crown|spd|1
|move|p1a: Chandelure|Shadow Ball|p2a: Iron Crown
|-supereffective|p2a: Iron Crown
|-crit|p2a: Iron Crown
|-damage|p2a: Iron Crown|0 fnt
|faint|p2a: Iron Crown
|-end|p2a: Iron Crown|Quark Drive|[silent]
|
|upkeep
|-message|supersaiyanwolf forfeited.
|
|win|xklootzakx
|raw|xklootzakx's rating: 1388 &rarr; <strong>1412</strong><br />(+24 for winning)
|raw|supersaiyanwolf's rating: 1460 &rarr; <strong>1436</strong><br />(-24 for losing)
|l|☆supersaiyanwolf
|player|p2|
|l|☆xklootzakx
|player|p1|
