|j|☆palis111
|j|☆mucino
|t:|1758949317
|gametype|singles
|player|p1|palis111|2|1372
|player|p2|mucino|169|1355
|gen|9
|tier|[Gen 9] OU
|rated|
|rule|HP Percentage Mod: HP is shown in percentages
|rule|Endless Battle Clause: Forcing endless battles is banned
|rule|Species Clause: Limit one of each Pokémon
|rule|OHKO Clause: OHKO moves are banned
|rule|Evasion Items Clause: Evasion items are banned
|rule|Evasion Moves Clause: Evasion moves are banned
|rule|Evasion Abilities Clause: Evasion abilities are banned
|rule|Sleep Moves Clause: Sleep-inducing moves are banned
|clearpoke
|poke|p1|Gholdengo|
|poke|p1|Great Tusk|
|poke|p1|Kingambit, M|
|poke|p1|Ogerpon-Wellspring, F|
|poke|p1|Sudowoodo, M|
|poke|p1|Okidogi, M|
|poke|p2|Clodsire, F|
|poke|p2|Kingambit, M|
|poke|p2|Dragonite, F|
|poke|p2|Chandelure, F|
|poke|p2|Primarina, F|
|poke|p2|Grimmsnarl, M|
|teampreview
|inactive|Battle timer is ON: inactive players will automatically lose when time's up. (requested by mucino)
|
|t:|1758949324
|teamsize|p1|6
|teamsize|p2|6
|start
|switch|p1a: Sudowoodo|Sudowoodo, M|100/100
|switch|p2a: Chandelure|Chandelure, F|100/100
|turn|1
|
|t:|1758949339
|-terastallize|p2a: Chandelure|Grass
|move|p2a: Chandelure|Energy Ball|p1a: Sudowoodo
|-supereffective|p1a: Sudowoodo
|-ability|p1a: Sudowoodo|Sturdy
|-damage|p1a: Sudowoodo|1/100
|-unboost|p1a: Sudowoodo|spd|1
|move|p1a: Sudowoodo|Stealth Rock|p2a: Chandelure
|-sidestart|p2: mucino|move: Stealth Rock
|
|upkeep
|turn|2
|-enditem|p1a: Sudowoodo|Custap Berry|[eat]
|-activate|p1a: Sudowoodo|item: Custap Berry|[consumed]
|
|t:|1758949351
|switch|p2a: Primarina|Primarina, F|100/100
|-damage|p2a: Primarina|88/100|[from] Stealth Rock
|move|p1a: Sudowoodo|Spikes|p2a: Primarina
|-sidestart|p2: mucino|Spikes
|
|upkeep
|turn|3
|
|t:|1758949358
|move|p2a: Primarina|Hyper Voice|p1a: Sudowoodo
|-supereffective|p1a: Sudowoodo
|-damage|p1a: Sudowoodo|0 fnt
|faint|p1a: Sudowoodo
|
|upkeep
|
|t:|1758949363
|switch|p1a: Ogerpon|Ogerpon-Wellspring, F|100/100
|turn|4
|
|t:|1758949367
|switch|p2a: Grimmsnarl|Grimmsnarl, M|100/100
|-damage|p2a: Grimmsnarl|88/100|[from] Stealth Rock
|-damage|p2a: Grimmsnarl|76/100|[from] Spikes
|move|p1a: Ogerpon|Swords Dance|p1a: Ogerpon
|-boost|p1a: Ogerpon|atk|2
|
|upkeep
|turn|5
|
|t:|1758949376
|move|p2a: Grimmsnarl|Reflect|p2a: Grimmsnarl
|-sidestart|p2: mucino|Reflect
|move|p1a: Ogerpon|Play Rough|p2a: Grimmsnarl
|-supereffective|p2a: Grimmsnarl
|-damage|p2a: Grimmsnarl|0 fnt
|faint|p2a: Grimmsnarl
|
|upkeep
|
|t:|1758949383
|switch|p2a: Dragonite|Dragonite, F|100/100
|turn|6
|
|t:|1758949387
|move|p1a: Ogerpon|Play Rough|p2a: Dragonite
|-supereffective|p2a: Dragonite
|-damage|p2a: Dragonite|61/100
|move|p2a: Dragonite|Aerial Ace|p1a: Ogerpon
|-supereffective|p1a: Ogerpon
|-damage|p1a: Ogerpon|10/100
|
|upkeep
|turn|7
|
|t:|1758949394
|switch|p1a: Gholdengo|Gholdengo|100/100
|-item|p1a: Gholdengo|Air Balloon
|move|p2a: Dragonite|Extreme Speed|p1a: Gholdengo
|-immune|p1a: Gholdengo
|
|upkeep
|turn|8
|
|t:|1758949398
|move|p1a: Gholdengo|Nasty Plot|p1a: Gholdengo
|-boost|p1a: Gholdengo|spa|2
|move|p2a: Dragonite|Aerial Ace|p1a: Gholdengo
|-resisted|p1a: Gholdengo
|-damage|p1a: Gholdengo|80/100
|-enditem|p1a: Gholdengo|Air Balloon
|
|upkeep
|turn|9
|
|t:|1758949403
|move|p1a: Gholdengo|Shadow Ball|p2a: Dragonite
|-damage|p2a: Dragonite|0 fnt
|faint|p2a: Dragonite
|
|upkeep
|
|t:|1758949407
|switch|p2a: Clodsire|Clodsire, F|100/100
|-damage|p2a: Clodsire|94/100|[from] Stealth Rock
|-damage|p2a: Clodsire|82/100|[from] Spikes
|turn|10
|
|t:|1758949415
|switch|p1a: Ogerpon|Ogerpon-Wellspring, F|10/100
|move|p2a: Clodsire|Earthquake|p1a: Ogerpon
|-resisted|p1a: Ogerpon
|-damage|p1a: Ogerpon|0 fnt
|faint|p1a: Ogerpon
|
|-heal|p2a: Clodsire|88/100|[from] item: Leftovers
|upkeep
|
|t:|1758949419
|switch|p1a: Great Tusk|Great Tusk|100/100
|-enditem|p1a: Great Tusk|Booster Energy
|-activate|p1a: Great Tusk|ability: Protosynthesis|[fromitem]
|-start|p1a: Great Tusk|protosynthesisspe
|turn|11
|
|t:|1758949423
|move|p1a: Great Tusk|Bulk Up|p1a: Great Tusk
|-boost|p1a: Great Tusk|atk|1
|-boost|p1a: Great Tusk|def|1
|move|p2a: Clodsire|Toxic|p1a: Great Tusk
|-status|p1a: Great Tusk|tox
|
|-heal|p2a: Clodsire|94/100|[from] item: Leftovers
|-damage|p1a: Great Tusk|94/100 tox|[from] psn
|upkeep
|turn|12
|
|t:|1758949428
|move|p1a: Great Tusk|Bulk Up|p1a: Great Tusk
|-boost|p1a: Great Tusk|atk|1
|-boost|p1a: Great Tusk|def|1
|move|p2a: Clodsire|Earthquake|p1a: Great Tusk
|-damage|p1a: Great Tusk|78/100 tox
|
|-heal|p2a: Clodsire|100/100|[from] item: Leftovers
|-damage|p1a: Great Tusk|66/100 tox|[from] psn
|-sideend|p2: mucino|Reflect
|upkeep
|turn|13
|
|t:|1758949430
|move|p1a: Great Tusk|Headlong Rush|p2a: Clodsire
|-supereffective|p2a: Clodsire
|-damage|p2a: Clodsire|20/100
|-unboost|p1a: Great Tusk|def|1
|-unboost|p1a: Great Tusk|spd|1
|move|p2a: Clodsire|Stealth Rock|p1a: Great Tusk
|-sidestart|p1: palis111|move: Stealth Rock
|
|-heal|p2a: Clodsire|26/100|[from] item: Leftovers
|-damage|p1a: Great Tusk|47/100 tox|[from] psn
|upkeep
|turn|14
|
|t:|1758949433
|move|p1a: Great Tusk|Headlong Rush|p2a: Clodsire
|-supereffective|p2a: Clodsire
|-damage|p2a: Clodsire|0 fnt
|-unboost|p1a: Great Tusk|def|1
|-unboost|p1a: Great Tusk|spd|1
|faint|p2a: Clodsire
|
|-damage|p1a: Great Tusk|22/100 tox|[from] psn
|upkeep
|
|t:|1758949437
|switch|p2a: Kingambit|Kingambit, M|100/100
|-damage|p2a: Kingambit|94/100|[from] Stealth Rock
|-damage|p2a: Kingambit|82/100|[from] Spikes
|-activate|p2a: Kingambit|ability: Supreme Overlord
|-start|p2a: Kingambit|fallen3|[silent]
|turn|15
|
|t:|1758949439
|move|p2a: Kingambit|Sucker Punch|p1a: Great Tusk
|-resisted|p1a: Great Tusk
|-damage|p1a: Great Tusk|2/100 tox
|move|p1a: Great Tusk|Close Combat|p2a: Kingambit
|-supereffective|p2a: Kingambit
|-damage|p2a: Kingambit|0 fnt
|-unboost|p1a: Great Tusk|def|1
|-unboost|p1a: Great Tusk|spd|1
|faint|p2a: Kingambit
|-end|p2a: Kingambit|fallen3|[silent]
|
|-damage|p1a: Great Tusk|0 fnt|[from] psn
|faint|p1a: Great Tusk
|-end|p1a: Great Tusk|Protosynthesis|[silent]
|upkeep
|
|t:|1758949452
|switch|p1a: Gholdengo|Gholdengo|80/100
|switch|p2a: Primarina|Primarina, F|88/100
|-damage|p1a: Gholdengo|74/100|[from] Stealth Rock
|-damage|p2a: Primarina|76/100|[from] Stealth Rock
|-damage|p2a: Primarina|63/100|[from] Spikes
|turn|16
|
|t:|1758949455
|move|p1a: Gholdengo|Make It Rain|p2a: Primarina
|-damage|p2a: Primarina|27/100
|-unboost|p1a: Gholdengo|spa|1
|move|p2a: Primarina|Hyper Voice|p1a: Gholdengo
|-damage|p1a: Gholdengo|10/100
|
|upkeep
|turn|17
|
|t:|1758949459
|move|p1a: Gholdengo|Make It Rain|p2a: Primarina
|-damage|p2a: Primarina|5/100
|-unboost|p1a: Gholdengo|spa|1
|move|p2a: Primarina|Hyper Voice|p1a: Gholdengo
|-damage|p1a: Gholdengo|0 fnt
|faint|p1a: Gholdengo
|
|upkeep
|
|t:|1758949462
|switch|p1a: Okidogi|Okidogi, M|100/100
|-damage|p1a: Okidogi|94/100|[from] Stealth Rock
|turn|18
|
|t:|1758949469
|move|p1a: Okidogi|Knock Off|p2a: Primarina
|-resisted|p2a: Primarina
|-damage|p2a: Primarina|0 fnt
|-enditem|p2a: Primarina|Assault Vest|[from] move: Knock Off|[of] p1a: Okidogi
|faint|p2a: Primarina
|
|upkeep
|
|t:|1758949471
|switch|p2a: Chandelure|Chandelure, F, tera:Grass|100/100
|-damage|p2a: Chandelure|88/100|[from] Stealth Rock
|-damage|p2a: Chandelure|76/100|[from] Spikes
|turn|19
|
|t:|1758949475
|move|p2a: Chandelure|Flamethrower|p1a: Okidogi
|-damage|p1a: Okidogi|52/100
|move|p1a: Okidogi|Ice Punch|p2a: Chandelure
|-supereffective|p2a: Chandelure
|-damage|p2a: Chandelure|17/100
|
|upkeep
|turn|20
|
|t:|1758949478
|move|p2a: Chandelure|Flamethrower|p1a: Okidogi
|-damage|p1a: Okidogi|11/100
|move|p1a: Okidogi|Ice Punch|p2a: Chandelure
|-supereffective|p2a: Chandelure
|-damage|p2a: Chandelure|0 fnt
|faint|p2a: Chandelure
|
|win|palis111
|raw|palis111's rating: 1372 &rarr; <strong>1391</strong><br />(+19 for winning)
|raw|mucino's rating: 1355 &rarr; <strong>1336</strong><br />(-19 for losing)
|l|☆mucino
|player|p2|
|l|☆palis111
|player|p1|
