|j|☆Ai Specialist 144
|j|☆oblizzy
|t:|1759003271
|gametype|singles
|player|p1|Ai Specialist 144|marley|1395
|player|p2|oblizzy|skierf|1366
|gen|9
|tier|[Gen 9] OU
|rated|
|rule|HP Percentage Mod: HP is shown in percentages
|rule|Endless Battle Clause: Forcing endless battles is banned
|rule|Species Clause: Limit one of each Pokémon
|rule|OHKO Clause: OHKO moves are banned
|rule|Evasion Items Clause: Evasion items are banned
|rule|Evasion Moves Clause: Evasion moves are banned
|rule|Evasion Abilities Clause: Evasion abilities are banned
|rule|Sleep Moves Clause: Sleep-inducing moves are banned
|clearpoke
|poke|p1|Iron Valiant|
|poke|p1|Dragonite, M|
|poke|p1|Gholdengo|
|poke|p1|Darkrai|
|poke|p1|Excadrill, M|
|poke|p1|Ogerpon-Wellspring, F|
|poke|p2|Deoxys-Speed|
|poke|p2|Ting-Lu|
|poke|p2|Gholdengo|
|poke|p2|Zamazenta-*|
|poke|p2|Clefable, F|
|poke|p2|Dragonite, M|
|teampreview
|inactive|Battle timer is ON: inactive players will automatically lose when time's up. (requested by Ai Specialist 144)
|
|t:|1759003282
|teamsize|p1|6
|teamsize|p2|6
|start
|switch|p1a: HUN73R🩸|Darkrai, shiny|100/100
|switch|p2a: Dragonite|Dragonite, M|100/100
|turn|1
|
|t:|1759003293
|move|p1a: HUN73R🩸|Ice Beam|p2a: Dragonite
|-supereffective|p2a: Dragonite
|-damage|p2a: Dragonite|20/100
|-damage|p1a: HUN73R🩸|91/100|[from] item: Life Orb
|move|p2a: Dragonite|Dragon Tail|p1a: HUN73R🩸
|-damage|p1a: HUN73R🩸|47/100
|drag|p1a: S4iL0R M0on 🌙|Iron Valiant, shiny|100/100
|-enditem|p1a: S4iL0R M0on 🌙|Booster Energy
|-activate|p1a: S4iL0R M0on 🌙|ability: Quark Drive|[fromitem]
|-start|p1a: S4iL0R M0on 🌙|quarkdrivespe
|
|upkeep
|turn|2
|
|t:|1759003305
|switch|p2a: Gholdengo|Gholdengo|100/100
|move|p1a: S4iL0R M0on 🌙|Calm Mind|p1a: S4iL0R M0on 🌙
|-boost|p1a: S4iL0R M0on 🌙|spa|1
|-boost|p1a: S4iL0R M0on 🌙|spd|1
|
|upkeep
|turn|3
|
|t:|1759003313
|-terastallize|p1a: S4iL0R M0on 🌙|Ghost
|move|p1a: S4iL0R M0on 🌙|Shadow Ball|p2a: Gholdengo
|-supereffective|p2a: Gholdengo
|-damage|p2a: Gholdengo|0 fnt
|faint|p2a: Gholdengo
|
|upkeep
|
|t:|1759003320
|switch|p2a: Ting-Lu|Ting-Lu|100/100
|-ability|p2a: Ting-Lu|Vessel of Ruin
|turn|4
|
|t:|1759003325
|-terastallize|p2a: Ting-Lu|Water
|move|p1a: S4iL0R M0on 🌙|Moonblast|p2a: Ting-Lu
|-damage|p2a: Ting-Lu|71/100
|-unboost|p2a: Ting-Lu|spa|1
|move|p2a: Ting-Lu|Whirlwind|p1a: S4iL0R M0on 🌙
|-end|p1a: S4iL0R M0on 🌙|Quark Drive|[silent]
|drag|p1a: M47R1X|Ogerpon-Wellspring, F|100/100
|
|-heal|p2a: Ting-Lu|77/100|[from] item: Leftovers
|upkeep
|turn|5
|
|t:|1759003341
|switch|p2a: Clefable|Clefable, F|100/100
|move|p1a: M47R1X|Swords Dance|p1a: M47R1X
|-boost|p1a: M47R1X|atk|2
|
|upkeep
|turn|6
|
|t:|1759003361
|switch|p2a: Ting-Lu|Ting-Lu, tera:Water|77/100
|-ability|p2a: Ting-Lu|Vessel of Ruin
|move|p1a: M47R1X|Ivy Cudgel|p2a: Ting-Lu|[anim] Ivy Cudgel Water
|-resisted|p2a: Ting-Lu
|-crit|p2a: Ting-Lu
|-damage|p2a: Ting-Lu|25/100
|
|-heal|p2a: Ting-Lu|31/100|[from] item: Leftovers
|upkeep
|turn|7
|
|t:|1759003373
|switch|p2a: Dragonite|Dragonite, M|20/100
|move|p1a: M47R1X|Ivy Cudgel|p2a: Dragonite|[anim] Ivy Cudgel Water
|-resisted|p2a: Dragonite
|-damage|p2a: Dragonite|0 fnt
|faint|p2a: Dragonite
|
|upkeep
|
|t:|1759003375
|switch|p2a: Zamazenta|Zamazenta, shiny|100/100
|-ability|p2a: Zamazenta|Dauntless Shield|boost
|-boost|p2a: Zamazenta|def|1
|turn|8
|
|t:|1759003386
|move|p2a: Zamazenta|Stone Edge|p1a: M47R1X
|-damage|p1a: M47R1X|60/100
|move|p1a: M47R1X|Play Rough|p2a: Zamazenta
|-supereffective|p2a: Zamazenta
|-damage|p2a: Zamazenta|22/100
|
|upkeep
|turn|9
|
|t:|1759003393
|move|p2a: Zamazenta|Close Combat|p1a: M47R1X
|-damage|p1a: M47R1X|0 fnt
|-unboost|p2a: Zamazenta|def|1
|-unboost|p2a: Zamazenta|spd|1
|faint|p1a: M47R1X
|
|upkeep
|
|t:|1759003408
|switch|p1a: 401 K 💵|Gholdengo, shiny|100/100
|-item|p1a: 401 K 💵|Air Balloon
|turn|10
|
|t:|1759003413
|move|p2a: Zamazenta|Crunch|p1a: 401 K 💵
|-supereffective|p1a: 401 K 💵
|-damage|p1a: 401 K 💵|44/100
|-unboost|p1a: 401 K 💵|def|1
|-enditem|p1a: 401 K 💵|Air Balloon
|move|p1a: 401 K 💵|Dazzling Gleam|p2a: Zamazenta
|-supereffective|p2a: Zamazenta
|-damage|p2a: Zamazenta|0 fnt
|faint|p2a: Zamazenta
|
|upkeep
|
|t:|1759003421
|switch|p2a: Ting-Lu|Ting-Lu, tera:Water|31/100
|-ability|p2a: Ting-Lu|Vessel of Ruin
|turn|11
|
|t:|1759003430
|move|p1a: 401 K 💵|Shadow Ball|p2a: Ting-Lu
|-damage|p2a: Ting-Lu|15/100
|-unboost|p2a: Ting-Lu|spd|1
|move|p2a: Ting-Lu|Spikes|p1a: 401 K 💵
|-sidestart|p1: Ai Specialist 144|Spikes
|
|-heal|p2a: Ting-Lu|21/100|[from] item: Leftovers
|upkeep
|turn|12
|
|t:|1759003439
|move|p1a: 401 K 💵|Shadow Ball|p2a: Ting-Lu
|-damage|p2a: Ting-Lu|0 fnt
|faint|p2a: Ting-Lu
|
|upkeep
|
|t:|1759003442
|switch|p2a: Deoxys|Deoxys-Speed|100/100
|-ability|p2a: Deoxys|Pressure
|turn|13
|
|t:|1759003448
|move|p2a: Deoxys|Psycho Boost|p1a: 401 K 💵
|-resisted|p1a: 401 K 💵
|-damage|p1a: 401 K 💵|7/100
|-unboost|p2a: Deoxys|spa|2
|move|p1a: 401 K 💵|Shadow Ball|p2a: Deoxys
|-supereffective|p2a: Deoxys
|-damage|p2a: Deoxys|0 fnt
|faint|p2a: Deoxys
|
|upkeep
|
|t:|1759003451
|switch|p2a: Clefable|Clefable, F|100/100
|turn|14
|-message|oblizzy forfeited.
|
|win|Ai Specialist 144
|raw|Ai Specialist 144's rating: 1395 &rarr; <strong>1413</strong><br />(+18 for winning)
|raw|oblizzy's rating: 1366 &rarr; <strong>1348</strong><br />(-18 for losing)
|l|☆oblizzy
|player|p2|
