|badge|p1|bronze|gen9ou|100-6
|html|<div class="broadcast-red"><strong>This battle is required to be public due to one or more player having a season medal.</strong><br />During the public phase, you can discuss the state of the ladder <a href="/seasondiscussion">in a special chatroom.</a></div>
|uhtml|medal-msg|<div class="broadcast-blue">Curious what those medals under the avatar are? PS now has Ladder Seasons! For more information, check out the <a href="https://www.smogon.com/forums/threads/3740067/">thread on Smogon.</a></div>
|badge|p2|bronze|gen9ou|100-6
|badge|p2|bronze|gen9monotype|100-6
|uhtml|medal-msg|<div class="broadcast-blue">Curious what those medals under the avatar are? PS now has Ladder Seasons! For more information, check out the <a href="https://www.smogon.com/forums/threads/3740067/">thread on Smogon.</a></div>
|j|☆yesterdaymister
|j|☆abravioustinkaton
|t:|1758977762
|gametype|singles
|player|p1|yesterdaymister|striker|1903
|player|p2|abravioustinkaton|miku-ice|1861
|gen|9
|tier|[Gen 9] OU
|rated|
|rule|HP Percentage Mod: HP is shown in percentages
|rule|Endless Battle Clause: Forcing endless battles is banned
|rule|Species Clause: Limit one of each Pokémon
|rule|OHKO Clause: OHKO moves are banned
|rule|Evasion Items Clause: Evasion items are banned
|rule|Evasion Moves Clause: Evasion moves are banned
|rule|Evasion Abilities Clause: Evasion abilities are banned
|rule|Sleep Moves Clause: Sleep-inducing moves are banned
|clearpoke
|poke|p1|Ninetales, M|
|poke|p1|Ceruledge, F|
|poke|p1|Venusaur, M|
|poke|p1|Hatterene, F|
|poke|p1|Great Tusk|
|poke|p1|Walking Wake|
|poke|p2|Zapdos|
|poke|p2|Iron Crown|
|poke|p2|Garganacl, F|
|poke|p2|Great Tusk|
|poke|p2|Samurott-Hisui, M|
|poke|p2|Dragapult, M|
|teampreview
|inactive|Battle timer is ON: inactive players will automatically lose when time's up. (requested by yesterdaymister)
|j| amefurikoneko
|inactive|yesterdaymister has 120 seconds left.
|
|t:|1758977793
|teamsize|p1|6
|teamsize|p2|6
|start
|switch|p1a: arda guler|Ninetales, M|100/100
|switch|p2a: Samurott|Samurott-Hisui, M|100/100
|-weather|SunnyDay|[from] ability: Drought|[of] p1a: arda guler
|turn|1
|
|t:|1758977811
|switch|p1a: maccabi|Hatterene, F|100/100
|move|p2a: Samurott|Ceaseless Edge|p1a: maccabi
|-damage|p1a: maccabi|62/100
|-sidestart|p1: yesterdaymister|Spikes
|-enditem|p1a: maccabi|Eject Button
|
|t:|1758977813
|switch|p1a: hans vanaken|Venusaur, M|100/100
|-damage|p1a: hans vanaken|88/100|[from] Spikes
|
|-weather|SunnyDay|[upkeep]
|upkeep
|turn|2
|
|t:|1758977816
|move|p1a: hans vanaken|Giga Drain|p2a: Samurott
|-supereffective|p2a: Samurott
|-damage|p2a: Samurott|22/100
|-heal|p1a: hans vanaken|100/100|[from] drain|[of] p2a: Samurott
|-damage|p1a: hans vanaken|91/100|[from] item: Life Orb
|move|p2a: Samurott|Ceaseless Edge|p1a: hans vanaken
|-damage|p1a: hans vanaken|37/100
|-sidestart|p1: yesterdaymister|Spikes
|
|-weather|SunnyDay|[upkeep]
|upkeep
|turn|3
|
|t:|1758977822
|move|p2a: Samurott|Sucker Punch|p1a: hans vanaken
|-damage|p1a: hans vanaken|0 fnt
|faint|p1a: hans vanaken
|
|-weather|SunnyDay|[upkeep]
|upkeep
|j| TheMysteriousBoy
|
|t:|1758977831
|switch|p1a: mignolet|Great Tusk|100/100
|-damage|p1a: mignolet|84/100|[from] Spikes
|-activate|p1a: mignolet|ability: Protosynthesis
|-start|p1a: mignolet|protosynthesisspe
|turn|4
|
|t:|1758977836
|move|p1a: mignolet|Stealth Rock|p2a: Samurott
|-sidestart|p2: abravioustinkaton|move: Stealth Rock
|move|p2a: Samurott|Knock Off|p1a: mignolet
|-resisted|p1a: mignolet
|-damage|p1a: mignolet|70/100
|-damage|p2a: Samurott|5/100|[from] item: Rocky Helmet|[of] p1a: mignolet
|-enditem|p1a: mignolet|Rocky Helmet|[from] move: Knock Off|[of] p2a: Samurott
|
|-weather|SunnyDay|[upkeep]
|upkeep
|turn|5
|
|t:|1758977843
|switch|p2a: Dragapult|Dragapult, M|100/100
|move|p1a: mignolet|Rapid Spin|p2a: Dragapult
|-immune|p2a: Dragapult
|
|-weather|SunnyDay|[upkeep]
|upkeep
|turn|6
|
|t:|1758977850
|move|p1a: mignolet|Ice Spinner|p2a: Dragapult
|-supereffective|p2a: Dragapult
|-damage|p2a: Dragapult|27/100
|move|p2a: Dragapult|Will-O-Wisp|p1a: mignolet
|-status|p1a: mignolet|brn
|
|-weather|SunnyDay|[upkeep]
|-damage|p1a: mignolet|64/100 brn|[from] brn
|upkeep
|turn|7
|
|t:|1758977859
|-terastallize|p2a: Dragapult|Steel
|move|p1a: mignolet|Ice Spinner|p2a: Dragapult
|-resisted|p2a: Dragapult
|-damage|p2a: Dragapult|18/100
|move|p2a: Dragapult|Hex|p1a: mignolet
|-damage|p1a: mignolet|0 fnt
|faint|p1a: mignolet
|-end|p1a: mignolet|Protosynthesis|[silent]
|
|-weather|SunnyDay|[upkeep]
|upkeep
|
|t:|1758977874
|switch|p1a: lebron|Ceruledge, F|100/100
|-damage|p1a: lebron|84/100|[from] Spikes
|turn|8
|
|t:|1758977879
|switch|p2a: Great Tusk|Great Tusk|100/100
|-damage|p2a: Great Tusk|98/100|[from] Stealth Rock
|-activate|p2a: Great Tusk|ability: Protosynthesis
|-start|p2a: Great Tusk|protosynthesisatk
|move|p1a: lebron|Bitter Blade|p2a: Great Tusk
|-damage|p2a: Great Tusk|44/100
|-heal|p1a: lebron|100/100|[from] drain|[of] p2a: Great Tusk
|-damage|p1a: lebron|84/100|[from] item: Rocky Helmet|[of] p2a: Great Tusk
|
|-weather|none
|-end|p2a: Great Tusk|Protosynthesis
|upkeep
|turn|9
|
|t:|1758977892
|switch|p1a: maccabi|Hatterene, F|62/100
|-damage|p1a: maccabi|46/100|[from] Spikes
|move|p2a: Great Tusk|Headlong Rush|p1a: maccabi
|-damage|p1a: maccabi|0 fnt
|-unboost|p2a: Great Tusk|def|1
|-unboost|p2a: Great Tusk|spd|1
|faint|p1a: maccabi
|
|upkeep
|
|t:|1758977897
|switch|p1a: chama|Walking Wake|100/100
|-damage|p1a: chama|84/100|[from] Spikes
|turn|10
|
|t:|1758977912
|-end|p2a: Great Tusk|Protosynthesis|[silent]
|switch|p2a: Garganacl|Garganacl, F|100/100
|-damage|p2a: Garganacl|88/100|[from] Stealth Rock
|move|p1a: chama|Hydro Steam|p2a: Garganacl
|-supereffective|p2a: Garganacl
|-damage|p2a: Garganacl|0 fnt
|faint|p2a: Garganacl
|
|upkeep
|
|t:|1758977914
|switch|p2a: Club Paratwice|Zapdos|100/100
|turn|11
|j| Haqlifbrax
|
|t:|1758977925
|-end|p1a: chama|Protosynthesis|[silent]
|switch|p1a: arda guler|Ninetales, M|100/100
|-damage|p1a: arda guler|84/100|[from] Spikes
|-weather|SunnyDay|[from] ability: Drought|[of] p1a: arda guler
|move|p2a: Club Paratwice|Volt Switch|p1a: arda guler
|-damage|p1a: arda guler|57/100
|
|t:|1758977932
|switch|p2a: Iron Crown|Iron Crown|100/100|[from] Volt Switch
|-damage|p2a: Iron Crown|94/100|[from] Stealth Rock
|
|-weather|SunnyDay|[upkeep]
|upkeep
|turn|12
|j| wgw2333
|
|t:|1758977940
|move|p1a: arda guler|Flamethrower|p2a: Iron Crown
|-supereffective|p2a: Iron Crown
|-damage|p2a: Iron Crown|21/100
|move|p2a: Iron Crown|Volt Switch|p1a: arda guler
|-damage|p1a: arda guler|26/100
|
|t:|1758977943
|-end|p2a: Iron Crown|Quark Drive|[silent]
|switch|p2a: Dragapult|Dragapult, M, tera:Steel|18/100|[from] Volt Switch
|
|-weather|SunnyDay|[upkeep]
|upkeep
|turn|13
|
|t:|1758977950
|move|p2a: Dragapult|Dragon Darts|p1a: arda guler
|-damage|p1a: arda guler|0 fnt
|faint|p1a: arda guler
|
|-weather|SunnyDay|[upkeep]
|upkeep
|
|t:|1758977956
|switch|p1a: lebron|Ceruledge, F|84/100
|-damage|p1a: lebron|68/100|[from] Spikes
|turn|14
|
|t:|1758977965
|switch|p2a: Iron Crown|Iron Crown|21/100
|-damage|p2a: Iron Crown|15/100|[from] Stealth Rock
|-terastallize|p1a: lebron|Fairy
|move|p1a: lebron|Bitter Blade|p2a: Iron Crown
|-supereffective|p2a: Iron Crown
|-damage|p2a: Iron Crown|0 fnt
|-heal|p1a: lebron|75/100|[from] drain|[of] p2a: Iron Crown
|faint|p2a: Iron Crown
|-end|p2a: Iron Crown|Quark Drive|[silent]
|
|-weather|SunnyDay|[upkeep]
|upkeep
|
|t:|1758977969
|switch|p2a: Club Paratwice|Zapdos|100/100
|turn|15
|
|t:|1758977976
|move|p1a: lebron|Bitter Blade|p2a: Club Paratwice
|-damage|p2a: Club Paratwice|53/100
|-heal|p1a: lebron|100/100|[from] drain|[of] p2a: Club Paratwice
|move|p2a: Club Paratwice|Thunder Wave|p1a: lebron
|-status|p1a: lebron|par
|
|-weather|SunnyDay|[upkeep]
|upkeep
|turn|16
|
|t:|1758977981
|move|p2a: Club Paratwice|Roost|p2a: Club Paratwice
|-heal|p2a: Club Paratwice|100/100
|-singleturn|p2a: Club Paratwice|move: Roost
|move|p1a: lebron|Swords Dance|p1a: lebron
|-boost|p1a: lebron|atk|2
|
|-weather|SunnyDay|[upkeep]
|upkeep
|turn|17
|
|t:|1758977988
|move|p2a: Club Paratwice|Volt Switch|p1a: lebron
|-damage|p1a: lebron|68/100 par
|
|t:|1758977990
|switch|p2a: Samurott|Samurott-Hisui, M|5/100|[from] Volt Switch
|-damage|p2a: Samurott|0 fnt|[from] Stealth Rock
|faint|p2a: Samurott
|move|p1a: lebron|Bitter Blade|p2: Samurott|[notarget]
|-fail|p1a: lebron
|
|-weather|SunnyDay|[upkeep]
|upkeep
|
|t:|1758977996
|switch|p2a: Club Paratwice|Zapdos|100/100
|turn|18
|
|t:|1758977999
|move|p2a: Club Paratwice|Volt Switch|p1a: lebron
|-damage|p1a: lebron|34/100 par
|
|t:|1758978000
|switch|p2a: Great Tusk|Great Tusk|44/100|[from] Volt Switch
|-damage|p2a: Great Tusk|41/100|[from] Stealth Rock
|-activate|p2a: Great Tusk|ability: Protosynthesis
|-start|p2a: Great Tusk|protosynthesisatk
|cant|p1a: lebron|par
|
|-weather|none
|-end|p2a: Great Tusk|Protosynthesis
|upkeep
|turn|19
|
|t:|1758978005
|move|p2a: Great Tusk|Headlong Rush|p1a: lebron
|-damage|p1a: lebron|0 fnt
|-unboost|p2a: Great Tusk|def|1
|-unboost|p2a: Great Tusk|spd|1
|faint|p1a: lebron
|
|upkeep
|
|t:|1758978007
|switch|p1a: chama|Walking Wake|84/100
|-damage|p1a: chama|67/100|[from] Spikes
|turn|20
|
|t:|1758978011
|move|p1a: chama|Hydro Steam|p2a: Great Tusk
|-supereffective|p2a: Great Tusk
|-damage|p2a: Great Tusk|0 fnt
|faint|p2a: Great Tusk
|-end|p2a: Great Tusk|Protosynthesis|[silent]
|
|upkeep
|
|t:|1758978013
|switch|p2a: Club Paratwice|Zapdos|100/100
|turn|21
|
|t:|1758978016
|move|p1a: chama|Hydro Steam|p2a: Club Paratwice
|-crit|p2a: Club Paratwice
|-damage|p2a: Club Paratwice|11/100
|move|p2a: Club Paratwice|Thunder Wave|p1a: chama
|-status|p1a: chama|par
|
|upkeep
|turn|22
|
|t:|1758978022
|move|p2a: Club Paratwice|Hurricane|p1a: chama
|-damage|p1a: chama|13/100 par
|-start|p1a: chama|confusion
|-activate|p1a: chama|confusion
|cant|p1a: chama|par
|
|upkeep
|turn|23
|
|t:|1758978028
|move|p2a: Club Paratwice|Volt Switch|p1a: chama
|-damage|p1a: chama|0 fnt
|faint|p1a: chama
|-end|p1a: chama|Protosynthesis|[silent]
|
|win|abravioustinkaton
|raw|yesterdaymister's rating: 1903 &rarr; <strong>1881</strong><br />(-22 for losing)
|raw|abravioustinkaton's rating: 1861 &rarr; <strong>1883</strong><br />(+22 for winning)
|l|☆yesterdaymister
|player|p1|
|l|☆abravioustinkaton
|player|p2|
|l| amefurikoneko
|j| cryyysneasel
|l| Haqlifbrax
|l| cryyysneasel
