|badge|p1|bronze|gen9ou|100-6
|html|<div class="broadcast-red"><strong>This battle is required to be public due to one or more player having a season medal.</strong><br />During the public phase, you can discuss the state of the ladder <a href="/seasondiscussion">in a special chatroom.</a></div>
|uhtml|medal-msg|<div class="broadcast-blue">Curious what those medals under the avatar are? PS now has Ladder Seasons! For more information, check out the <a href="https://www.smogon.com/forums/threads/3740067/">thread on Smogon.</a></div>
|badge|p2|silver|gen9ou|30-6
|uhtml|medal-msg|<div class="broadcast-blue">Curious what those medals under the avatar are? PS now has Ladder Seasons! For more information, check out the <a href="https://www.smogon.com/forums/threads/3740067/">thread on Smogon.</a></div>
|raw|<div class="broadcast-blue"><strong>This battle is required to be public due to a player having a name starting with 'medal'.</div>
|j|☆DontMissMantine
|j|☆MunchlaxTheGodKing
|t:|1758975470
|gametype|singles
|player|p1|DontMissMantine|lucas|1898
|player|p2|MunchlaxTheGodKing|furisodegirl-black|1871
|gen|9
|tier|[Gen 9] OU
|rated|
|rule|HP Percentage Mod: HP is shown in percentages
|rule|Endless Battle Clause: Forcing endless battles is banned
|rule|Species Clause: Limit one of each Pokémon
|rule|OHKO Clause: OHKO moves are banned
|rule|Evasion Items Clause: Evasion items are banned
|rule|Evasion Moves Clause: Evasion moves are banned
|rule|Evasion Abilities Clause: Evasion abilities are banned
|rule|Sleep Moves Clause: Sleep-inducing moves are banned
|clearpoke
|poke|p1|Pelipper, F|
|poke|p1|Beartic, M|
|poke|p1|Barraskewda, F|
|poke|p1|Ogerpon-Wellspring, F|
|poke|p1|Zapdos|
|poke|p1|Hatterene, F|
|poke|p2|Zamazenta-*|
|poke|p2|Dragapult, F|
|poke|p2|Raging Bolt|
|poke|p2|Moltres|
|poke|p2|Iron Treads|
|poke|p2|Samurott-Hisui, F|
|teampreview
|inactive|Battle timer is ON: inactive players will automatically lose when time's up. (requested by MunchlaxTheGodKing)
|
|t:|1758975481
|teamsize|p1|6
|teamsize|p2|6
|start
|switch|p1a: Pelipper|Pelipper, F|100/100
|switch|p2a: 24岁 喜欢发射孩子|Dragapult, F|100/100
|-weather|RainDance|[from] ability: Drizzle|[of] p1a: Pelipper
|turn|1
|j| amefurikoneko
|
|t:|1758975488
|switch|p1a: Zapdos|Zapdos|100/100
|move|p2a: 24岁 喜欢发射孩子|Shadow Ball|p1a: Zapdos
|-damage|p1a: Zapdos|59/100
|
|-weather|RainDance|[upkeep]
|upkeep
|turn|2
|
|t:|1758975504
|switch|p1a: Ogerpon|Ogerpon-Wellspring, F|100/100
|-terastallize|p2a: 24岁 喜欢发射孩子|Ghost
|move|p2a: 24岁 喜欢发射孩子|Shadow Ball|p1a: Ogerpon
|-damage|p1a: Ogerpon|23/100
|
|-weather|RainDance|[upkeep]
|upkeep
|turn|3
|
|t:|1758975514
|move|p2a: 24岁 喜欢发射孩子|Shadow Ball|p1a: Ogerpon
|-damage|p1a: Ogerpon|0 fnt
|faint|p1a: Ogerpon
|
|-weather|RainDance|[upkeep]
|upkeep
|
|t:|1758975520
|switch|p1a: Barraskewda|Barraskewda, F|100/100
|turn|4
|j| 0TheRealAce0
|j| cynasaurus
|
|t:|1758975549
|switch|p2a: 踩踩背|Iron Treads|100/100
|-terastallize|p1a: Barraskewda|Water
|move|p1a: Barraskewda|Liquidation|p2a: 踩踩背
|-supereffective|p2a: 踩踩背
|-damage|p2a: 踩踩背|0 fnt
|faint|p2a: 踩踩背
|-end|p2a: 踩踩背|Quark Drive|[silent]
|
|-weather|RainDance|[upkeep]
|upkeep
|
|t:|1758975554
|switch|p2a: 长脖奶龙|Raging Bolt|100/100
|turn|5
|
|t:|1758975563
|move|p1a: Barraskewda|Flip Turn|p2a: 长脖奶龙
|-resisted|p2a: 长脖奶龙
|-damage|p2a: 长脖奶龙|63/100
|
|t:|1758975571
|switch|p1a: Hatterene|Hatterene, F|100/100|[from] Flip Turn
|move|p2a: 长脖奶龙|Thunderbolt|p1a: Hatterene
|-crit|p1a: Hatterene
|-damage|p1a: Hatterene|12/100
|-enditem|p1a: Hatterene|Eject Button
|
|t:|1758975577
|switch|p1a: Beartic|Beartic, M|100/100
|
|-weather|RainDance|[upkeep]
|upkeep
|turn|6
|
|t:|1758975594
|-end|p2a: 长脖奶龙|Protosynthesis|[silent]
|switch|p2a: 脑袋尖尖的|Zamazenta|100/100
|-ability|p2a: 脑袋尖尖的|Dauntless Shield|boost
|-boost|p2a: 脑袋尖尖的|def|1
|move|p1a: Beartic|Icicle Spear|p2a: 脑袋尖尖的
|-damage|p2a: 脑袋尖尖的|92/100
|-damage|p2a: 脑袋尖尖的|84/100
|-damage|p2a: 脑袋尖尖的|74/100
|-damage|p2a: 脑袋尖尖的|66/100
|-damage|p2a: 脑袋尖尖的|58/100
|-hitcount|p2a: 脑袋尖尖的|5
|
|-weather|RainDance|[upkeep]
|upkeep
|turn|7
|
|t:|1758975607
|switch|p1a: Hatterene|Hatterene, F|12/100
|move|p2a: 脑袋尖尖的|Close Combat|p1a: Hatterene
|-resisted|p1a: Hatterene
|-damage|p1a: Hatterene|0 fnt
|-unboost|p2a: 脑袋尖尖的|def|1
|-unboost|p2a: 脑袋尖尖的|spd|1
|faint|p1a: Hatterene
|-damage|p2a: 脑袋尖尖的|48/100|[from] item: Life Orb
|
|-weather|RainDance|[upkeep]
|upkeep
|
|t:|1758975618
|switch|p1a: Barraskewda|Barraskewda, F, tera:Water|100/100
|turn|8
|j| wgw2333
|
|t:|1758975623
|move|p1a: Barraskewda|Liquidation|p2a: 脑袋尖尖的
|-damage|p2a: 脑袋尖尖的|0 fnt
|faint|p2a: 脑袋尖尖的
|
|-weather|none
|upkeep
|
|t:|1758975628
|switch|p2a: 24岁 喜欢发射孩子|Dragapult, F, tera:Ghost|100/100
|turn|9
|j| lanarey
|
|t:|1758975635
|switch|p1a: Pelipper|Pelipper, F|100/100
|-weather|RainDance|[from] ability: Drizzle|[of] p1a: Pelipper
|move|p2a: 24岁 喜欢发射孩子|Shadow Ball|p1a: Pelipper
|-damage|p1a: Pelipper|6/100
|-unboost|p1a: Pelipper|spd|1
|
|-weather|RainDance|[upkeep]
|upkeep
|turn|10
|l| 0TheRealAce0
|
|t:|1758975645
|switch|p1a: Zapdos|Zapdos|59/100
|move|p2a: 24岁 喜欢发射孩子|Shadow Ball|p1a: Zapdos
|-damage|p1a: Zapdos|3/100
|
|-weather|RainDance|[upkeep]
|upkeep
|turn|11
|
|t:|1758975660
|move|p2a: 24岁 喜欢发射孩子|Shadow Ball|p1a: Zapdos
|-damage|p1a: Zapdos|0 fnt
|faint|p1a: Zapdos
|
|-weather|RainDance|[upkeep]
|upkeep
|
|t:|1758975667
|switch|p1a: Barraskewda|Barraskewda, F, tera:Water|100/100
|turn|12
|
|t:|1758975674
|switch|p2a: Moltres|Moltres|100/100
|move|p1a: Barraskewda|Liquidation|p2a: Moltres
|-supereffective|p2a: Moltres
|-damage|p2a: Moltres|0 fnt
|faint|p2a: Moltres
|
|-weather|RainDance|[upkeep]
|upkeep
|
|t:|1758975677
|switch|p2a: 90%≠don't blunder|Samurott-Hisui, F|100/100
|turn|13
|j| moodrandom
|j| firecharmander004
|
|t:|1758975691
|move|p1a: Barraskewda|Close Combat|p2a: 90%≠don't blunder
|-supereffective|p2a: 90%≠don't blunder
|-damage|p2a: 90%≠don't blunder|0 fnt
|-unboost|p1a: Barraskewda|def|1
|-unboost|p1a: Barraskewda|spd|1
|faint|p2a: 90%≠don't blunder
|
|-weather|RainDance|[upkeep]
|upkeep
|
|t:|1758975696
|switch|p2a: 长脖奶龙|Raging Bolt|63/100
|turn|14
|
|t:|1758975712
|move|p1a: Barraskewda|Aqua Jet|p2a: 长脖奶龙
|-resisted|p2a: 长脖奶龙
|-damage|p2a: 长脖奶龙|38/100
|move|p2a: 长脖奶龙|Thunderbolt|p1a: Barraskewda
|-supereffective|p1a: Barraskewda
|-damage|p1a: Barraskewda|0 fnt
|faint|p1a: Barraskewda
|
|-weather|RainDance|[upkeep]
|upkeep
|
|t:|1758975721
|switch|p1a: Beartic|Beartic, M|100/100
|turn|15
|inactive|DontMissMantine has 120 seconds left.
|
|t:|1758975748
|move|p1a: Beartic|Swords Dance|p1a: Beartic
|-boost|p1a: Beartic|atk|2
|move|p2a: 长脖奶龙|Draco Meteor|p1a: Beartic
|-damage|p1a: Beartic|12/100
|-unboost|p2a: 长脖奶龙|spa|2
|
|-weather|RainDance|[upkeep]
|upkeep
|turn|16
|inactive|DontMissMantine has 120 seconds left.
|
|t:|1758975764
|move|p2a: 长脖奶龙|Thunderclap|p1a: Beartic
|-damage|p1a: Beartic|0 fnt
|faint|p1a: Beartic
|
|-weather|none
|upkeep
|c|☆DontMissMantine|Gg
|inactive|DontMissMantine has 120 seconds left.
|-message|DontMissMantine forfeited.
|
|win|MunchlaxTheGodKing
|raw|DontMissMantine's rating: 1898 &rarr; <strong>1876</strong><br />(-22 for losing)
|raw|MunchlaxTheGodKing's rating: 1871 &rarr; <strong>1893</strong><br />(+22 for winning)
|l| moodrandom
|l| cynasaurus
|l| lanarey
|l|☆DontMissMantine
|player|p1|
|l|☆MunchlaxTheGodKing
|player|p2|
|l| amefurikoneko
|l| wgw2333
