|j|☆biglilcuh
|j|☆NormalDude1989
|t:|1758945949
|gametype|singles
|player|p1|biglilcuh|veteran|1457
|player|p2|NormalDude1989|emmet|1480
|gen|9
|tier|[Gen 9] OU
|rated|
|rule|HP Percentage Mod: HP is shown in percentages
|rule|Endless Battle Clause: Forcing endless battles is banned
|rule|Species Clause: Limit one of each Pokémon
|rule|OHKO Clause: OHKO moves are banned
|rule|Evasion Items Clause: Evasion items are banned
|rule|Evasion Moves Clause: Evasion moves are banned
|rule|Evasion Abilities Clause: Evasion abilities are banned
|rule|Sleep Moves Clause: Sleep-inducing moves are banned
|clearpoke
|poke|p1|Weavile, M|
|poke|p1|Ogerpon-Wellspring, F|
|poke|p1|Moltres|
|poke|p1|Iron Crown|
|poke|p1|Ting-Lu|
|poke|p1|Great Tusk|
|poke|p2|Kingambit, M|
|poke|p2|Hatterene, F|
|poke|p2|Cinderace, F|
|poke|p2|Great Tusk|
|poke|p2|Latios, M|
|poke|p2|Zapdos|
|teampreview
|inactive|Battle timer is ON: inactive players will automatically lose when time's up. (requested by biglilcuh)
|
|t:|1758945964
|teamsize|p1|6
|teamsize|p2|6
|start
|switch|p1a: Weavile|Weavile, M|100/100
|switch|p2a: Morpho|Zapdos|100/100
|-ability|p1a: Weavile|Pressure
|turn|1
|
|t:|1758945981
|switch|p1a: Ting-Lu|Ting-Lu|100/100
|-ability|p1a: Ting-Lu|Vessel of Ruin
|-terastallize|p2a: Morpho|Steel
|move|p2a: Morpho|Roost||[still]
|-fail|p2a: Morpho|heal
|
|upkeep
|turn|2
|
|t:|1758945990
|switch|p2a: Minerva|Hatterene, F|100/100
|move|p1a: Ting-Lu|Stealth Rock|p2a: Minerva
|move|p2a: Minerva|Stealth Rock|p1a: Ting-Lu|[from] ability: Magic Bounce
|-sidestart|p1: biglilcuh|move: Stealth Rock
|
|upkeep
|turn|3
|
|t:|1758945999
|move|p1a: Ting-Lu|Earthquake|p2a: Minerva
|-damage|p2a: Minerva|65/100
|move|p2a: Minerva|Draining Kiss|p1a: Ting-Lu
|-supereffective|p1a: Ting-Lu
|-damage|p1a: Ting-Lu|79/100
|-heal|p2a: Minerva|91/100|[from] drain|[of] p1a: Ting-Lu
|
|-heal|p1a: Ting-Lu|86/100|[from] item: Leftovers
|upkeep
|turn|4
|
|t:|1758946006
|move|p2a: Minerva|Draining Kiss|p1a: Ting-Lu
|-supereffective|p1a: Ting-Lu
|-damage|p1a: Ting-Lu|62/100
|-heal|p2a: Minerva|100/100|[from] drain|[of] p1a: Ting-Lu
|move|p1a: Ting-Lu|Whirlwind|p2a: Minerva
|move|p2a: Minerva|Whirlwind|p1a: Ting-Lu|[from] ability: Magic Bounce
|drag|p1a: Weavile|Weavile, M|100/100
|-ability|p1a: Weavile|Pressure
|
|upkeep
|turn|5
|
|t:|1758946015
|switch|p2a: Morpho|Zapdos, tera:Steel|100/100
|move|p1a: Weavile|Triple Axel|p2a: Morpho
|-resisted|p2a: Morpho
|-damage|p2a: Morpho|97/100
|-damage|p1a: Weavile|84/100|[from] item: Rocky Helmet|[of] p2a: Morpho
|-hitcount|p2a: Morpho|1
|
|upkeep
|turn|6
|
|t:|1758946024
|switch|p1a: Great Tusk|Great Tusk|100/100
|-damage|p1a: Great Tusk|98/100|[from] Stealth Rock
|-enditem|p1a: Great Tusk|Booster Energy
|-activate|p1a: Great Tusk|ability: Protosynthesis|[fromitem]
|-start|p1a: Great Tusk|protosynthesisatk
|move|p2a: Morpho|Hurricane|p1a: Great Tusk
|-supereffective|p1a: Great Tusk
|-crit|p1a: Great Tusk
|-damage|p1a: Great Tusk|0 fnt
|faint|p1a: Great Tusk
|-end|p1a: Great Tusk|Protosynthesis|[silent]
|
|upkeep
|
|t:|1758946035
|switch|p1a: Ting-Lu|Ting-Lu|62/100
|-damage|p1a: Ting-Lu|56/100|[from] Stealth Rock
|-ability|p1a: Ting-Lu|Vessel of Ruin
|turn|7
|c|☆NormalDude1989|more like great corpse
|
|t:|1758946041
|switch|p2a: Minerva|Hatterene, F|100/100
|move|p1a: Ting-Lu|Earthquake|p2a: Minerva
|-damage|p2a: Minerva|60/100
|
|-heal|p1a: Ting-Lu|62/100|[from] item: Leftovers
|upkeep
|turn|8
|
|t:|1758946046
|move|p1a: Ting-Lu|Earthquake|p2a: Minerva
|-damage|p2a: Minerva|22/100
|move|p2a: Minerva|Draining Kiss|p1a: Ting-Lu
|-supereffective|p1a: Ting-Lu
|-damage|p1a: Ting-Lu|37/100
|-heal|p2a: Minerva|53/100|[from] drain|[of] p1a: Ting-Lu
|
|-heal|p1a: Ting-Lu|44/100|[from] item: Leftovers
|upkeep
|turn|9
|
|t:|1758946053
|move|p1a: Ting-Lu|Earthquake|p2a: Minerva
|-damage|p2a: Minerva|11/100
|move|p2a: Minerva|Draining Kiss|p1a: Ting-Lu
|-supereffective|p1a: Ting-Lu
|-damage|p1a: Ting-Lu|23/100
|-heal|p2a: Minerva|37/100|[from] drain|[of] p1a: Ting-Lu
|
|-heal|p1a: Ting-Lu|29/100|[from] item: Leftovers
|upkeep
|turn|10
|
|t:|1758946061
|move|p1a: Ting-Lu|Earthquake|p2a: Minerva
|-damage|p2a: Minerva|0 fnt
|faint|p2a: Minerva
|
|-heal|p1a: Ting-Lu|35/100|[from] item: Leftovers
|upkeep
|
|t:|1758946068
|switch|p2a: Bionic Bunny|Cinderace, F|100/100
|turn|11
|
|t:|1758946070
|move|p2a: Bionic Bunny|U-turn|p1a: Ting-Lu
|-start|p2a: Bionic Bunny|typechange|Bug|[from] ability: Libero
|-supereffective|p1a: Ting-Lu
|-damage|p1a: Ting-Lu|0 fnt
|faint|p1a: Ting-Lu
|
|t:|1758946091
|switch|p2a: Morpho|Zapdos, tera:Steel|97/100|[from] U-turn
|
|upkeep
|
|t:|1758946100
|switch|p1a: Iron Crown|Iron Crown|100/100
|-damage|p1a: Iron Crown|94/100|[from] Stealth Rock
|turn|12
|
|t:|1758946104
|move|p1a: Iron Crown|Focus Blast|p2a: Morpho|[miss]
|-miss|p1a: Iron Crown|p2a: Morpho
|move|p2a: Morpho|Discharge|p1a: Iron Crown
|-damage|p1a: Iron Crown|73/100
|
|upkeep
|turn|13
|
|t:|1758946113
|move|p1a: Iron Crown|Focus Blast|p2a: Morpho
|-supereffective|p2a: Morpho
|-damage|p2a: Morpho|23/100
|move|p2a: Morpho|Volt Switch|p1a: Iron Crown
|-crit|p1a: Iron Crown
|-damage|p1a: Iron Crown|43/100
|
|t:|1758946120
|switch|p2a: Bionic Bunny|Cinderace, F|100/100|[from] Volt Switch
|
|upkeep
|turn|14
|
|t:|1758946123
|-end|p1a: Iron Crown|Quark Drive|[silent]
|switch|p1a: Moltres|Moltres|100/100
|move|p2a: Bionic Bunny|Pyro Ball|p1a: Moltres
|-resisted|p1a: Moltres
|-damage|p1a: Moltres|81/100
|
|upkeep
|turn|15
|
|t:|1758946131
|switch|p2a: Azure|Latios, M|100/100
|move|p1a: Moltres|U-turn|p2a: Azure
|-supereffective|p2a: Azure
|-damage|p2a: Azure|63/100
|
|t:|1758946134
|switch|p1a: Iron Crown|Iron Crown|43/100|[from] U-turn
|-damage|p1a: Iron Crown|37/100|[from] Stealth Rock
|
|upkeep
|turn|16
|
|t:|1758946141
|switch|p2a: Bionic Bunny|Cinderace, F|100/100
|move|p1a: Iron Crown|Tachyon Cutter|p2a: Bionic Bunny
|-resisted|p2a: Bionic Bunny
|-damage|p2a: Bionic Bunny|82/100
|-resisted|p2a: Bionic Bunny
|-damage|p2a: Bionic Bunny|65/100
|-hitcount|p2a: Bionic Bunny|2
|
|upkeep
|turn|17
|
|t:|1758946148
|-end|p1a: Iron Crown|Quark Drive|[silent]
|switch|p1a: Moltres|Moltres|81/100
|move|p2a: Bionic Bunny|Gunk Shot|p1a: Moltres
|-start|p2a: Bionic Bunny|typechange|Poison|[from] ability: Libero
|-damage|p1a: Moltres|42/100
|
|upkeep
|turn|18
|
|t:|1758946158
|move|p2a: Bionic Bunny|Gunk Shot|p1a: Moltres
|-damage|p1a: Moltres|0 fnt
|faint|p1a: Moltres
|
|upkeep
|
|t:|1758946162
|switch|p1a: Iron Crown|Iron Crown|37/100
|-damage|p1a: Iron Crown|31/100|[from] Stealth Rock
|turn|19
|
|t:|1758946165
|move|p2a: Bionic Bunny|Pyro Ball|p1a: Iron Crown
|-supereffective|p1a: Iron Crown
|-crit|p1a: Iron Crown
|-damage|p1a: Iron Crown|0 fnt
|faint|p1a: Iron Crown
|-end|p1a: Iron Crown|Quark Drive|[silent]
|
|upkeep
|
|t:|1758946169
|switch|p1a: Weavile|Weavile, M|84/100
|-ability|p1a: Weavile|Pressure
|turn|20
|
|t:|1758946174
|switch|p2a: Morpho|Zapdos, tera:Steel|23/100
|move|p1a: Weavile|Knock Off|p2a: Morpho
|-damage|p2a: Morpho|0 fnt
|-damage|p1a: Weavile|68/100|[from] item: Rocky Helmet|[of] p2a: Morpho
|-enditem|p2a: Morpho|Rocky Helmet|[from] move: Knock Off|[of] p1a: Weavile
|faint|p2a: Morpho
|
|upkeep
|
|t:|1758946191
|switch|p2a: Ivan|Great Tusk|100/100
|turn|21
|
|t:|1758946197
|move|p1a: Weavile|Triple Axel|p2a: Ivan
|-supereffective|p2a: Ivan
|-damage|p2a: Ivan|86/100
|-supereffective|p2a: Ivan
|-damage|p2a: Ivan|59/100
|-supereffective|p2a: Ivan
|-damage|p2a: Ivan|13/100
|-hitcount|p2a: Ivan|3
|move|p2a: Ivan|Headlong Rush|p1a: Weavile
|-damage|p1a: Weavile|0 fnt
|-unboost|p2a: Ivan|def|1
|-unboost|p2a: Ivan|spd|1
|faint|p1a: Weavile
|
|-heal|p2a: Ivan|19/100|[from] item: Leftovers
|upkeep
|
|t:|1758946206
|switch|p1a: Ogerpon|Ogerpon-Wellspring, F|100/100
|-damage|p1a: Ogerpon|88/100|[from] Stealth Rock
|turn|22
|
|t:|1758946213
|move|p1a: Ogerpon|Ivy Cudgel|p2a: Ivan|[anim] Ivy Cudgel Water
|-supereffective|p2a: Ivan
|-damage|p2a: Ivan|0 fnt
|faint|p2a: Ivan
|-end|p2a: Ivan|Protosynthesis|[silent]
|
|upkeep
|
|t:|1758946215
|switch|p2a: Azure|Latios, M|63/100
|turn|23
|
|t:|1758946221
|-terastallize|p1a: Ogerpon|Water
|detailschange|p1a: Ogerpon|Ogerpon-Wellspring-Tera, F, tera:Water
|-ability|p1a: Ogerpon|Embody Aspect (Wellspring)|boost
|-boost|p1a: Ogerpon|spd|1
|move|p2a: Azure|Draco Meteor|p1a: Ogerpon
|-damage|p1a: Ogerpon|25/100
|-unboost|p2a: Azure|spa|2
|move|p1a: Ogerpon|Ivy Cudgel|p2a: Azure|[anim] Ivy Cudgel Water
|-resisted|p2a: Azure
|-damage|p2a: Azure|7/100
|
|upkeep
|turn|24
|
|t:|1758946231
|move|p1a: Ogerpon|Ivy Cudgel|p2a: Azure|[anim] Ivy Cudgel Water
|-resisted|p2a: Azure
|-damage|p2a: Azure|0 fnt
|faint|p2a: Azure
|
|upkeep
|
|t:|1758946234
|switch|p2a: Bionic Bunny|Cinderace, F|65/100
|turn|25
|
|t:|1758946237
|move|p2a: Bionic Bunny|U-turn|p1a: Ogerpon
|-start|p2a: Bionic Bunny|typechange|Bug|[from] ability: Libero
|-damage|p1a: Ogerpon|0 fnt
|faint|p1a: Ogerpon
|detailschange|p1: Ogerpon|Ogerpon-Wellspring, F|[silent]
|
|win|NormalDude1989
|raw|biglilcuh's rating: 1457 &rarr; <strong>1438</strong><br />(-19 for losing)
|raw|NormalDude1989's rating: 1480 &rarr; <strong>1499</strong><br />(+19 for winning)
|l|☆biglilcuh
|player|p1|
|l|☆NormalDude1989
|player|p2|
