|j|☆Mukbang fan
|j|☆victory 4 u
|t:|1759021338
|gametype|singles
|player|p1|Mukbang fan|kimonogirl|1068
|player|p2|victory 4 u|266|1110
|gen|9
|tier|[Gen 9] OU
|rated|
|rule|HP Percentage Mod: HP is shown in percentages
|rule|Endless Battle Clause: Forcing endless battles is banned
|rule|Species Clause: Limit one of each Pokémon
|rule|OHKO Clause: OHKO moves are banned
|rule|Evasion Items Clause: Evasion items are banned
|rule|Evasion Moves Clause: Evasion moves are banned
|rule|Evasion Abilities Clause: Evasion abilities are banned
|rule|Sleep Moves Clause: Sleep-inducing moves are banned
|clearpoke
|poke|p1|Cramorant, F|
|poke|p1|Araquanid, M|
|poke|p1|Amoonguss, F|
|poke|p1|Exeggcute, F|
|poke|p1|Malamar, F|
|poke|p1|Sinistcha|
|poke|p2|Gengar, F|
|poke|p2|Sudowoodo, M|
|poke|p2|Articuno-Galar|
|poke|p2|Hitmontop, M|
|poke|p2|Incineroar, M|
|poke|p2|Iron Valiant|
|teampreview
|inactive|Battle timer is ON: inactive players will automatically lose when time's up. (requested by Mukbang fan)
|
|t:|1759021345
|teamsize|p1|6
|teamsize|p2|6
|start
|switch|p1a: Malamar|Malamar, F|100/100
|switch|p2a: Gengar|Gengar, F|100/100
|turn|1
|
|t:|1759021360
|switch|p2a: Iron Valiant|Iron Valiant|100/100
|move|p1a: Malamar|Psycho Cut|p2a: Iron Valiant
|-supereffective|p2a: Iron Valiant
|-damage|p2a: Iron Valiant|34/100
|
|upkeep
|turn|2
|
|t:|1759021368
|switch|p1a: Amoonguss|Amoonguss, F|100/100
|move|p2a: Iron Valiant|Drain Punch|p1a: Amoonguss
|-resisted|p1a: Amoonguss
|-damage|p1a: Amoonguss|85/100
|-heal|p2a: Iron Valiant|44/100|[from] drain|[of] p1a: Amoonguss
|-damage|p2a: Iron Valiant|28/100|[from] item: Rocky Helmet|[of] p1a: Amoonguss
|-damage|p2a: Iron Valiant|18/100|[from] item: Life Orb
|
|upkeep
|turn|3
|
|t:|1759021381
|move|p2a: Iron Valiant|Ice Punch|p1a: Amoonguss
|-supereffective|p1a: Amoonguss
|-damage|p1a: Amoonguss|45/100
|-status|p1a: Amoonguss|frz
|-damage|p2a: Iron Valiant|1/100|[from] item: Rocky Helmet|[of] p1a: Amoonguss
|-damage|p2a: Iron Valiant|0 fnt|[from] item: Life Orb
|faint|p2a: Iron Valiant
|-end|p2a: Iron Valiant|Quark Drive|[silent]
|cant|p1a: Amoonguss|frz
|
|upkeep
|
|t:|1759021391
|switch|p2a: Gengar|Gengar, F|100/100
|turn|4
|
|t:|1759021401
|switch|p1a: Araquanid|Araquanid, M|100/100
|-terastallize|p2a: Gengar|Ghost
|move|p2a: Gengar|Shadow Ball|p1a: Araquanid
|-damage|p1a: Araquanid|38/100
|
|upkeep
|turn|5
|
|t:|1759021415
|move|p2a: Gengar|Shadow Ball|p1a: Araquanid
|-damage|p1a: Araquanid|0 fnt
|faint|p1a: Araquanid
|
|upkeep
|inactive|Mukbang fan has 120 seconds left.
|
|t:|1759021445
|switch|p1a: Malamar|Malamar, F|100/100
|turn|6
|inactive|victory 4 u has 120 seconds left.
|
|t:|1759021477
|switch|p2a: Sudowoodo|Sudowoodo, M|100/100
|move|p1a: Malamar|Knock Off|p2a: Sudowoodo
|-damage|p2a: Sudowoodo|59/100
|-enditem|p2a: Sudowoodo|Choice Band|[from] move: Knock Off|[of] p1a: Malamar
|
|upkeep
|turn|7
|inactive|victory 4 u has 120 seconds left.
|
|t:|1759021490
|switch|p1a: Amoonguss|Amoonguss, F|78/100 frz
|move|p2a: Sudowoodo|Head Smash|p1a: Amoonguss
|-damage|p1a: Amoonguss|25/100 frz
|-damage|p2a: Sudowoodo|42/100|[from] item: Rocky Helmet|[of] p1a: Amoonguss
|-damage|p2a: Sudowoodo|8/100|[from] Recoil
|
|upkeep
|turn|8
|
|t:|1759021500
|move|p2a: Sudowoodo|Stealth Rock|p1a: Amoonguss
|-sidestart|p1: Mukbang fan|move: Stealth Rock
|cant|p1a: Amoonguss|frz
|
|upkeep
|turn|9
|
|t:|1759021505
|move|p2a: Sudowoodo|Earthquake|p1a: Amoonguss
|-damage|p1a: Amoonguss|3/100 frz
|-curestatus|p1a: Amoonguss|frz|[msg]
|move|p1a: Amoonguss|Giga Drain|p2a: Sudowoodo
|-supereffective|p2a: Sudowoodo
|-damage|p2a: Sudowoodo|0 fnt
|-heal|p1a: Amoonguss|6/100|[from] drain|[of] p2a: Sudowoodo
|faint|p2a: Sudowoodo
|
|upkeep
|
|t:|1759021521
|switch|p2a: Articuno|Articuno-Galar|100/100
|turn|10
|
|t:|1759021524
|move|p2a: Articuno|Agility|p2a: Articuno
|-boost|p2a: Articuno|spe|2
|move|p1a: Amoonguss|Toxic|p2a: Articuno
|-status|p2a: Articuno|tox
|
|-damage|p2a: Articuno|94/100 tox|[from] psn
|upkeep
|turn|11
|
|t:|1759021534
|switch|p1a: Exeggcute|Exeggcute, F|100/100
|-damage|p1a: Exeggcute|88/100|[from] Stealth Rock
|move|p2a: Articuno|Calm Mind|p2a: Articuno
|-boost|p2a: Articuno|spa|1
|-boost|p2a: Articuno|spd|1
|
|-damage|p2a: Articuno|82/100 tox|[from] psn
|upkeep
|turn|12
|
|t:|1759021546
|move|p2a: Articuno|Tera Blast|p1a: Exeggcute
|-damage|p1a: Exeggcute|48/100
|move|p1a: Exeggcute|Light Screen|p1a: Exeggcute
|-sidestart|p1: Mukbang fan|move: Light Screen
|
|-damage|p2a: Articuno|63/100 tox|[from] psn
|upkeep
|turn|13
|
|t:|1759021554
|move|p2a: Articuno|Calm Mind|p2a: Articuno
|-boost|p2a: Articuno|spa|1
|-boost|p2a: Articuno|spd|1
|move|p1a: Exeggcute|Leech Seed|p2a: Articuno
|-start|p2a: Articuno|move: Leech Seed
|
|-damage|p2a: Articuno|51/100 tox|[from] Leech Seed|[of] p1a: Exeggcute
|-heal|p1a: Exeggcute|65/100|[silent]
|-damage|p2a: Articuno|26/100 tox|[from] psn
|upkeep
|turn|14
|
|t:|1759021563
|move|p2a: Articuno|Psychic Noise|p1a: Exeggcute
|-resisted|p1a: Exeggcute
|-damage|p1a: Exeggcute|47/100
|-start|p1a: Exeggcute|move: Heal Block
|move|p1a: Exeggcute|Psychic Noise|p2a: Articuno
|-resisted|p2a: Articuno
|-damage|p2a: Articuno|23/100 tox
|-start|p2a: Articuno|move: Heal Block
|
|-damage|p2a: Articuno|11/100 tox|[from] Leech Seed|[of] p1a: Exeggcute
|-damage|p2a: Articuno|0 fnt|[from] psn
|faint|p2a: Articuno
|upkeep
|
|t:|1759021578
|switch|p2a: Incineroar|Incineroar, M|100/100
|-ability|p2a: Incineroar|Intimidate|boost
|-unboost|p1a: Exeggcute|atk|1
|turn|15
|
|t:|1759021594
|move|p2a: Incineroar|Knock Off|p1a: Exeggcute
|-supereffective|p1a: Exeggcute
|-damage|p1a: Exeggcute|0 fnt
|-enditem|p1a: Exeggcute|Eviolite|[from] move: Knock Off|[of] p2a: Incineroar
|faint|p1a: Exeggcute
|
|upkeep
|
|t:|1759021601
|switch|p1a: Cramorant|Cramorant, F|100/100
|turn|16
|
|t:|1759021606
|switch|p2a: Gengar|Gengar, F, tera:Ghost|100/100
|move|p1a: Cramorant|Surf|p2a: Gengar
|-formechange|p1a: Cramorant|Cramorant-Gulping|
|-damage|p2a: Gengar|57/100
|
|-sideend|p1: Mukbang fan|move: Light Screen
|upkeep
|turn|17
|
|t:|1759021616
|move|p2a: Gengar|Shadow Ball|p1a: Cramorant
|-damage|p1a: Cramorant|10/100
|-damage|p2a: Gengar|32/100|[from] ability: Gulp Missile|[of] p1a: Cramorant
|-unboost|p2a: Gengar|def|1
|-formechange|p1a: Cramorant|Cramorant|
|move|p1a: Cramorant|Surf|p2a: Gengar
|-formechange|p1a: Cramorant|Cramorant-Gorging|
|-damage|p2a: Gengar|0 fnt
|faint|p2a: Gengar
|
|upkeep
|
|t:|1759021626
|switch|p2a: Hitmontop|Hitmontop, M|100/100
|-ability|p2a: Hitmontop|Intimidate|boost
|-unboost|p1a: Cramorant|atk|1
|turn|18
|c|☆victory 4 u|gg
|
|t:|1759021634
|move|p1a: Cramorant|Defog|p2a: Hitmontop
|-unboost|p2a: Hitmontop|evasion|1
|-sideend|p1: Mukbang fan|Stealth Rock|[from] move: Defog|[of] p1a: Cramorant
|move|p2a: Hitmontop|Stone Edge|p1a: Cramorant
|-supereffective|p1a: Cramorant
|-damage|p1a: Cramorant|0 fnt
|-damage|p2a: Hitmontop|75/100|[from] ability: Gulp Missile|[of] p1a: Cramorant
|-status|p2a: Hitmontop|par
|-formechange|p1a: Cramorant|Cramorant|
|faint|p1a: Cramorant
|
|upkeep
|
|t:|1759021652
|switch|p1a: Amoonguss|Amoonguss, F|39/100
|turn|19
|
|t:|1759021656
|move|p1a: Amoonguss|Giga Drain|p2a: Hitmontop
|-damage|p2a: Hitmontop|53/100 par
|-heal|p1a: Amoonguss|47/100|[from] drain|[of] p2a: Hitmontop
|move|p2a: Hitmontop|Stone Edge|p1a: Amoonguss
|-crit|p1a: Amoonguss
|-damage|p1a: Amoonguss|14/100
|
|upkeep
|turn|20
|
|t:|1759021665
|switch|p1a: Sinistcha|Sinistcha|100/100
|cant|p2a: Hitmontop|par
|
|upkeep
|turn|21
|
|t:|1759021672
|switch|p2a: Incineroar|Incineroar, M|100/100
|-ability|p2a: Incineroar|Intimidate|boost
|-unboost|p1a: Sinistcha|atk|1
|move|p1a: Sinistcha|Shadow Ball|p2a: Incineroar
|-resisted|p2a: Incineroar
|-damage|p2a: Incineroar|83/100
|
|upkeep
|turn|22
|
|t:|1759021681
|move|p1a: Sinistcha|Shadow Ball|p2a: Incineroar
|-resisted|p2a: Incineroar
|-damage|p2a: Incineroar|65/100
|move|p2a: Incineroar|Knock Off|p1a: Sinistcha
|-supereffective|p1a: Sinistcha
|-damage|p1a: Sinistcha|33/100
|-enditem|p1a: Sinistcha|Leftovers|[from] move: Knock Off|[of] p2a: Incineroar
|
|upkeep
|turn|23
|
|t:|1759021691
|move|p1a: Sinistcha|Strength Sap|p2a: Incineroar
|-unboost|p2a: Incineroar|atk|1
|-heal|p1a: Sinistcha|100/100
|move|p2a: Incineroar|Knock Off|p1a: Sinistcha
|-supereffective|p1a: Sinistcha
|-damage|p1a: Sinistcha|70/100
|
|upkeep
|turn|24
|-message|victory 4 u forfeited.
|
|win|Mukbang fan
|raw|Mukbang fan's rating: 1068 &rarr; <strong>1101</strong><br />(+33 for winning)
|raw|victory 4 u's rating: 1110 &rarr; <strong>1082</strong><br />(-28 for losing)
|l|☆victory 4 u
|player|p2|
