|j|☆PokePro551
|j|☆big clif
|t:|1758947707
|gametype|singles
|player|p1|PokePro551|giovanni-gen1rb|1547
|player|p2|big clif|102|1508
|gen|9
|tier|[Gen 9] OU
|rated|
|rule|HP Percentage Mod: HP is shown in percentages
|rule|Endless Battle Clause: Forcing endless battles is banned
|rule|Species Clause: Limit one of each Pokémon
|rule|OHKO Clause: OHKO moves are banned
|rule|Evasion Items Clause: Evasion items are banned
|rule|Evasion Moves Clause: Evasion moves are banned
|rule|Evasion Abilities Clause: Evasion abilities are banned
|rule|Sleep Moves Clause: Sleep-inducing moves are banned
|clearpoke
|poke|p1|Dondozo, M|
|poke|p1|Blissey, F|
|poke|p1|Corviknight, F|
|poke|p1|Toxapex, M|
|poke|p1|Gliscor, M|
|poke|p1|Weezing-Galar, F|
|poke|p2|Arcanine-Hisui, F|
|poke|p2|Landorus-Therian, M|
|poke|p2|Zapdos|
|poke|p2|Rillaboom, M|
|poke|p2|Iron Crown|
|poke|p2|Quaquaval, M|
|teampreview
|c|☆big clif|glhf
|inactive|Battle timer is ON: inactive players will automatically lose when time's up. (requested by PokePro551)
|
|t:|1758947730
|teamsize|p1|6
|teamsize|p2|6
|start
|switch|p1a: Gliscor|Gliscor, M|100/100
|switch|p2a: Landorus|Landorus-Therian, M|100/100
|-ability|p2a: Landorus|Intimidate|boost
|-unboost|p1a: Gliscor|atk|1
|turn|1
|
|t:|1758947735
|move|p1a: Gliscor|Protect|p1a: Gliscor
|-singleturn|p1a: Gliscor|Protect
|move|p2a: Landorus|Taunt|p1a: Gliscor
|-activate|p1a: Gliscor|move: Protect
|
|-status|p1a: Gliscor|tox|[from] item: Toxic Orb
|upkeep
|turn|2
|
|t:|1758947741
|move|p2a: Landorus|Stealth Rock|p1a: Gliscor
|-sidestart|p1: PokePro551|move: Stealth Rock
|move|p1a: Gliscor|Knock Off|p2a: Landorus
|-damage|p2a: Landorus|87/100
|-enditem|p2a: Landorus|Leftovers|[from] move: Knock Off|[of] p1a: Gliscor
|
|upkeep
|turn|3
|
|t:|1758947748
|move|p2a: Landorus|Taunt|p1a: Gliscor
|-start|p1a: Gliscor|move: Taunt
|cant|p1a: Gliscor|move: Taunt|Spikes
|
|upkeep
|turn|4
|
|t:|1758947752
|move|p2a: Landorus|U-turn|p1a: Gliscor
|-resisted|p1a: Gliscor
|-damage|p1a: Gliscor|93/100 tox
|
|t:|1758947756
|switch|p2a: Quaquaval|Quaquaval, M|100/100|[from] U-turn
|move|p1a: Gliscor|Knock Off|p2a: Quaquaval
|-resisted|p2a: Quaquaval
|-damage|p2a: Quaquaval|91/100
|-enditem|p2a: Quaquaval|Assault Vest|[from] move: Knock Off|[of] p1a: Gliscor
|
|-heal|p1a: Gliscor|100/100 tox|[from] ability: Poison Heal
|upkeep
|turn|5
|
|t:|1758947766
|switch|p1a: Toxapex|Toxapex, M, shiny|100/100
|-damage|p1a: Toxapex|88/100|[from] Stealth Rock
|move|p2a: Quaquaval|Knock Off|p1a: Toxapex
|-damage|p1a: Toxapex|62/100
|-enditem|p1a: Toxapex|Leftovers|[from] move: Knock Off|[of] p2a: Quaquaval
|
|upkeep
|turn|6
|inactive|big clif has 120 seconds left.
|c|☆PokePro551|glhf!
|
|t:|1758947798
|switch|p2a: Iron Crown|Iron Crown|100/100
|-enditem|p2a: Iron Crown|Booster Energy
|-activate|p2a: Iron Crown|ability: Quark Drive|[fromitem]
|-start|p2a: Iron Crown|quarkdrivespe
|move|p1a: Toxapex|Toxic Spikes|p2a: Iron Crown
|-sidestart|p2: big clif|move: Toxic Spikes
|
|upkeep
|turn|7
|
|t:|1758947803
|switch|p1a: Blissey|Blissey, F|100/100
|-damage|p1a: Blissey|88/100|[from] Stealth Rock
|move|p2a: Iron Crown|Calm Mind|p2a: Iron Crown
|-boost|p2a: Iron Crown|spa|1
|-boost|p2a: Iron Crown|spd|1
|
|-heal|p1a: Blissey|94/100|[from] item: Leftovers
|upkeep
|turn|8
|
|t:|1758947814
|-terastallize|p1a: Blissey|Dark
|move|p2a: Iron Crown|Psyshock|p1a: Blissey
|-immune|p1a: Blissey
|move|p1a: Blissey|Calm Mind|p1a: Blissey
|-boost|p1a: Blissey|spa|1
|-boost|p1a: Blissey|spd|1
|
|-heal|p1a: Blissey|100/100|[from] item: Leftovers
|upkeep
|turn|9
|
|t:|1758947819
|-end|p2a: Iron Crown|Quark Drive|[silent]
|switch|p2a: Quaquaval|Quaquaval, M|91/100
|-status|p2a: Quaquaval|psn
|move|p1a: Blissey|Seismic Toss|p2a: Quaquaval
|-damage|p2a: Quaquaval|58/100 psn
|
|-damage|p2a: Quaquaval|46/100 psn|[from] psn
|upkeep
|turn|10
|
|t:|1758947834
|switch|p1a: Weezing|Weezing-Galar, F|100/100
|-ability|p1a: Weezing|Neutralizing Gas
|move|p2a: Quaquaval|Rapid Spin|p1a: Weezing
|-damage|p1a: Weezing|87/100
|-boost|p2a: Quaquaval|spe|1
|-sideend|p2: big clif|Toxic Spikes|[from] move: Rapid Spin|[of] p2a: Quaquaval
|
|-damage|p2a: Quaquaval|34/100 psn|[from] psn
|upkeep
|turn|11
|
|t:|1758947851
|move|p2a: Quaquaval|Knock Off|p1a: Weezing
|-resisted|p1a: Weezing
|-damage|p1a: Weezing|76/100
|-enditem|p1a: Weezing|Heavy-Duty Boots|[from] move: Knock Off|[of] p2a: Quaquaval
|move|p1a: Weezing|Will-O-Wisp||[still]
|-fail|p1a: Weezing
|
|-damage|p2a: Quaquaval|22/100 psn|[from] psn
|upkeep
|turn|12
|
|t:|1758947862
|switch|p2a: Arcanine|Arcanine-Hisui, F|100/100
|move|p1a: Weezing|Defog|p2a: Arcanine
|-unboost|p2a: Arcanine|evasion|1
|-sideend|p1: PokePro551|Stealth Rock|[from] move: Defog|[of] p1a: Weezing
|
|upkeep
|turn|13
|
|t:|1758947871
|-end|p1a: Weezing|ability: Neutralizing Gas
|switch|p1a: Whale Wednesdays|Dondozo, M|100/100
|-terastallize|p2a: Arcanine|Rock
|move|p2a: Arcanine|Head Smash|p1a: Whale Wednesdays|[miss]
|-miss|p2a: Arcanine|p1a: Whale Wednesdays
|
|upkeep
|turn|14
|
|t:|1758947878
|move|p2a: Arcanine|Head Smash|p1a: Whale Wednesdays
|-crit|p1a: Whale Wednesdays
|-damage|p1a: Whale Wednesdays|0 fnt
|faint|p1a: Whale Wednesdays
|
|upkeep
|
|t:|1758947893
|switch|p1a: Gliscor|Gliscor, M|100/100 tox
|turn|15
|
|t:|1758947901
|switch|p2a: Rillaboom|Rillaboom, M|100/100
|-fieldstart|move: Grassy Terrain|[from] ability: Grassy Surge|[of] p2a: Rillaboom
|move|p1a: Gliscor|Protect||[still]
|-fail|p1a: Gliscor
|
|upkeep
|turn|16
|
|t:|1758947913
|move|p1a: Gliscor|Knock Off|p2a: Rillaboom
|-damage|p2a: Rillaboom|80/100
|-enditem|p2a: Rillaboom|Assault Vest|[from] move: Knock Off|[of] p1a: Gliscor
|move|p2a: Rillaboom|Wood Hammer|p1a: Gliscor
|-damage|p1a: Gliscor|35/100 tox
|-damage|p2a: Rillaboom|62/100|[from] Recoil
|
|-heal|p2a: Rillaboom|68/100|[from] Grassy Terrain
|-heal|p1a: Gliscor|47/100 tox|[from] ability: Poison Heal
|upkeep
|turn|17
|
|t:|1758947921
|move|p1a: Gliscor|Protect|p1a: Gliscor
|-singleturn|p1a: Gliscor|Protect
|move|p2a: Rillaboom|Knock Off|p1a: Gliscor
|-activate|p1a: Gliscor|move: Protect
|
|-heal|p2a: Rillaboom|74/100|[from] Grassy Terrain
|-heal|p1a: Gliscor|60/100 tox|[from] ability: Poison Heal
|upkeep
|turn|18
|
|t:|1758947932
|switch|p1a: Weezing|Weezing-Galar, F|76/100
|-ability|p1a: Weezing|Neutralizing Gas
|move|p2a: Rillaboom|Wood Hammer|p1a: Weezing
|-resisted|p1a: Weezing
|-damage|p1a: Weezing|49/100
|-damage|p2a: Rillaboom|67/100|[from] Recoil
|
|-heal|p2a: Rillaboom|73/100|[from] Grassy Terrain
|-heal|p1a: Weezing|55/100|[from] Grassy Terrain
|upkeep
|turn|19
|
|t:|1758947941
|move|p2a: Rillaboom|U-turn|p1a: Weezing
|-resisted|p1a: Weezing
|-damage|p1a: Weezing|51/100
|
|t:|1758947945
|switch|p2a: Arcanine|Arcanine-Hisui, F, tera:Rock|100/100|[from] U-turn
|move|p1a: Weezing|Pain Split|p2a: Arcanine
|-sethp|p2a: Arcanine|76/100|[from] move: Pain Split|[silent]
|-sethp|p1a: Weezing|75/100|[from] move: Pain Split
|
|-heal|p2a: Arcanine|82/100|[from] Grassy Terrain
|-heal|p1a: Weezing|81/100|[from] Grassy Terrain
|-fieldend|move: Grassy Terrain
|upkeep
|turn|20
|
|t:|1758947952
|move|p2a: Arcanine|Head Smash|p1a: Weezing|[miss]
|-miss|p2a: Arcanine|p1a: Weezing
|move|p1a: Weezing|Will-O-Wisp|p2a: Arcanine
|-status|p2a: Arcanine|brn
|
|-damage|p2a: Arcanine|76/100 brn|[from] brn
|upkeep
|turn|21
|
|t:|1758947966
|switch|p2a: Zapdos|Zapdos|100/100
|move|p1a: Weezing|Pain Split|p2a: Zapdos
|-sethp|p2a: Zapdos|86/100|[from] move: Pain Split|[silent]
|-sethp|p1a: Weezing|98/100|[from] move: Pain Split
|
|upkeep
|turn|22
|
|t:|1758947972
|-end|p1a: Weezing|ability: Neutralizing Gas
|switch|p1a: Blissey|Blissey, F, tera:Dark|100/100
|move|p2a: Zapdos|Thunder Wave|p1a: Blissey
|-status|p1a: Blissey|par
|
|upkeep
|turn|23
|
|t:|1758947979
|move|p2a: Zapdos|Volt Switch|p1a: Blissey
|-damage|p1a: Blissey|91/100 par
|
|t:|1758947982
|switch|p2a: Arcanine|Arcanine-Hisui, F, tera:Rock|76/100 brn|[from] Volt Switch
|move|p1a: Blissey|Stealth Rock|p2a: Arcanine
|-sidestart|p2: big clif|move: Stealth Rock
|
|-heal|p1a: Blissey|98/100 par|[from] item: Leftovers
|-damage|p2a: Arcanine|70/100 brn|[from] brn
|upkeep
|turn|24
|
|t:|1758947989
|-curestatus|p1a: Blissey|par|[from] ability: Natural Cure
|switch|p1a: Weezing|Weezing-Galar, F|98/100
|-ability|p1a: Weezing|Neutralizing Gas
|move|p2a: Arcanine|Head Smash|p1a: Weezing
|-damage|p1a: Weezing|48/100
|-damage|p2a: Arcanine|44/100 brn|[from] Recoil
|
|-damage|p2a: Arcanine|38/100 brn|[from] brn
|upkeep
|turn|25
|
|t:|1758948003
|move|p2a: Arcanine|Head Smash|p1a: Weezing
|-damage|p1a: Weezing|0 fnt
|faint|p1a: Weezing
|-end|p1a: Weezing|ability: Neutralizing Gas
|
|-damage|p2a: Arcanine|32/100 brn|[from] brn
|upkeep
|
|t:|1758948006
|switch|p1a: Corviknight|Corviknight, F, shiny|100/100
|-ability|p1a: Corviknight|Pressure
|turn|26
|
|t:|1758948012
|move|p2a: Arcanine|Head Smash|p1a: Corviknight
|-damage|p1a: Corviknight|53/100
|move|p1a: Corviknight|Body Press|p2a: Arcanine
|-supereffective|p2a: Arcanine
|-damage|p2a: Arcanine|0 fnt
|faint|p2a: Arcanine
|
|-heal|p1a: Corviknight|59/100|[from] item: Leftovers
|upkeep
|
|t:|1758948019
|switch|p2a: Zapdos|Zapdos|86/100
|turn|27
|
|t:|1758948024
|switch|p1a: Gliscor|Gliscor, M|60/100 tox
|move|p2a: Zapdos|Volt Switch|p1a: Gliscor
|-immune|p1a: Gliscor
|
|-heal|p1a: Gliscor|72/100 tox|[from] ability: Poison Heal
|upkeep
|turn|28
|
|t:|1758948043
|switch|p2a: Rillaboom|Rillaboom, M|73/100
|-damage|p2a: Rillaboom|61/100|[from] Stealth Rock
|-fieldstart|move: Grassy Terrain|[from] ability: Grassy Surge|[of] p2a: Rillaboom
|move|p1a: Gliscor|Spikes|p2a: Rillaboom
|-sidestart|p2: big clif|Spikes
|
|-heal|p2a: Rillaboom|67/100|[from] Grassy Terrain
|-heal|p1a: Gliscor|85/100 tox|[from] ability: Poison Heal
|upkeep
|turn|29
|
|t:|1758948053
|move|p1a: Gliscor|Protect|p1a: Gliscor
|-singleturn|p1a: Gliscor|Protect
|move|p2a: Rillaboom|Wood Hammer|p1a: Gliscor
|-activate|p1a: Gliscor|move: Protect
|
|-heal|p2a: Rillaboom|73/100|[from] Grassy Terrain
|-heal|p1a: Gliscor|97/100 tox|[from] ability: Poison Heal
|upkeep
|turn|30
|
|t:|1758948063
|move|p1a: Gliscor|Spikes|p2a: Rillaboom
|-sidestart|p2: big clif|Spikes
|move|p2a: Rillaboom|Knock Off|p1a: Gliscor
|-damage|p1a: Gliscor|68/100 tox
|-enditem|p1a: Gliscor|Toxic Orb|[from] move: Knock Off|[of] p2a: Rillaboom
|
|-heal|p2a: Rillaboom|79/100|[from] Grassy Terrain
|-heal|p1a: Gliscor|80/100 tox|[from] ability: Poison Heal
|upkeep
|turn|31
|
|t:|1758948072
|switch|p2a: Landorus|Landorus-Therian, M|87/100
|-damage|p2a: Landorus|75/100|[from] Stealth Rock
|-ability|p2a: Landorus|Intimidate|boost
|-unboost|p1a: Gliscor|atk|1
|move|p1a: Gliscor|Protect||[still]
|-fail|p1a: Gliscor
|
|-heal|p1a: Gliscor|93/100 tox|[from] ability: Poison Heal
|upkeep
|turn|32
|
|t:|1758948079
|switch|p1a: Corviknight|Corviknight, F, shiny|59/100
|-ability|p1a: Corviknight|Pressure
|move|p2a: Landorus|Taunt|p1a: Corviknight
|-start|p1a: Corviknight|move: Taunt
|
|-heal|p1a: Corviknight|65/100|[from] item: Leftovers
|-fieldend|move: Grassy Terrain
|upkeep
|turn|33
|
|t:|1758948088
|move|p2a: Landorus|Stealth Rock|p1a: Corviknight
|-sidestart|p1: PokePro551|move: Stealth Rock
|move|p1a: Corviknight|Body Press|p2a: Landorus
|-resisted|p2a: Landorus
|-damage|p2a: Landorus|62/100
|
|-heal|p1a: Corviknight|72/100|[from] item: Leftovers
|upkeep
|turn|34
|
|t:|1758948095
|move|p2a: Landorus|U-turn|p1a: Corviknight
|-resisted|p1a: Corviknight
|-damage|p1a: Corviknight|69/100
|
|t:|1758948100
|switch|p2a: Zapdos|Zapdos|86/100|[from] U-turn
|move|p1a: Corviknight|Body Press|p2a: Zapdos
|-resisted|p2a: Zapdos
|-damage|p2a: Zapdos|76/100
|-status|p1a: Corviknight|par|[from] ability: Static|[of] p2a: Zapdos
|
|-heal|p1a: Corviknight|75/100 par|[from] item: Leftovers
|-end|p1a: Corviknight|move: Taunt
|upkeep
|turn|35
|
|t:|1758948110
|switch|p1a: Blissey|Blissey, F, tera:Dark|98/100
|-damage|p1a: Blissey|85/100|[from] Stealth Rock
|move|p2a: Zapdos|Volt Switch|p1a: Blissey
|-damage|p1a: Blissey|76/100
|
|t:|1758948116
|switch|p2a: Rillaboom|Rillaboom, M|79/100|[from] Volt Switch
|-damage|p2a: Rillaboom|67/100|[from] Stealth Rock
|-damage|p2a: Rillaboom|50/100|[from] Spikes
|-fieldstart|move: Grassy Terrain|[from] ability: Grassy Surge|[of] p2a: Rillaboom
|
|-heal|p2a: Rillaboom|56/100|[from] Grassy Terrain
|-heal|p1a: Blissey|83/100|[from] Grassy Terrain
|-heal|p1a: Blissey|89/100|[from] item: Leftovers
|upkeep
|turn|36
|
|t:|1758948126
|switch|p1a: Toxapex|Toxapex, M, shiny|95/100
|-damage|p1a: Toxapex|82/100|[from] Stealth Rock
|move|p2a: Rillaboom|Wood Hammer|p1a: Toxapex
|-damage|p1a: Toxapex|18/100
|-damage|p2a: Rillaboom|40/100|[from] Recoil
|
|-heal|p2a: Rillaboom|46/100|[from] Grassy Terrain
|-heal|p1a: Toxapex|24/100|[from] Grassy Terrain
|upkeep
|turn|37
|
|t:|1758948139
|switch|p1a: Gliscor|Gliscor, M|93/100 tox
|-damage|p1a: Gliscor|80/100 tox|[from] Stealth Rock
|move|p2a: Rillaboom|Wood Hammer|p1a: Gliscor
|-damage|p1a: Gliscor|6/100 tox
|-damage|p2a: Rillaboom|25/100|[from] Recoil
|
|-heal|p2a: Rillaboom|31/100|[from] Grassy Terrain
|-heal|p1a: Gliscor|18/100 tox|[from] ability: Poison Heal
|upkeep
|turn|38
|
|t:|1758948147
|move|p1a: Gliscor|Protect|p1a: Gliscor
|-singleturn|p1a: Gliscor|Protect
|move|p2a: Rillaboom|Grassy Glide|p1a: Gliscor
|-activate|p1a: Gliscor|move: Protect
|
|-heal|p2a: Rillaboom|37/100|[from] Grassy Terrain
|-heal|p1a: Gliscor|31/100 tox|[from] ability: Poison Heal
|upkeep
|turn|39
|
|t:|1758948156
|switch|p1a: Toxapex|Toxapex, M, shiny|57/100
|-damage|p1a: Toxapex|45/100|[from] Stealth Rock
|move|p2a: Rillaboom|Wood Hammer|p1a: Toxapex
|-damage|p1a: Toxapex|0 fnt
|faint|p1a: Toxapex
|-damage|p2a: Rillaboom|26/100|[from] Recoil
|
|-heal|p2a: Rillaboom|33/100|[from] Grassy Terrain
|-fieldend|move: Grassy Terrain
|upkeep
|
|t:|1758948164
|switch|p1a: Corviknight|Corviknight, F, shiny|75/100 par
|-damage|p1a: Corviknight|63/100 par|[from] Stealth Rock
|-ability|p1a: Corviknight|Pressure
|turn|40
|
|t:|1758948175
|move|p2a: Rillaboom|Knock Off|p1a: Corviknight
|-damage|p1a: Corviknight|42/100 par
|-enditem|p1a: Corviknight|Leftovers|[from] move: Knock Off|[of] p2a: Rillaboom
|cant|p1a: Corviknight|par
|
|upkeep
|turn|41
|-message|PokePro551 forfeited.
|
|win|big clif
|raw|PokePro551's rating: 1547 &rarr; <strong>1525</strong><br />(-22 for losing)
|raw|big clif's rating: 1508 &rarr; <strong>1530</strong><br />(+22 for winning)
|l|☆PokePro551
|player|p1|
|l|☆big clif
|player|p2|
