|j|☆Happy_Joe
|j|☆Albrtix
|inactive|Battle timer is ON: inactive players will automatically lose when time's up.
|j|*Lady Monita ☀
|t:|1759068498
|gametype|singles
|player|p1|Happy_Joe|tate|
|player|p2|Albrtix|liza|
|gen|9
|tier|[Gen 9] OU
|rated|Tournament battle
|rule|HP Percentage Mod: HP is shown in percentages
|rule|Endless Battle Clause: Forcing endless battles is banned
|rule|Species Clause: Limit one of each Pokémon
|rule|OHKO Clause: OHKO moves are banned
|rule|Evasion Items Clause: Evasion items are banned
|rule|Evasion Moves Clause: Evasion moves are banned
|rule|Evasion Abilities Clause: Evasion abilities are banned
|rule|Sleep Moves Clause: Sleep-inducing moves are banned
|raw|<div class="infobox"><details class="readmore"><summary><strong>15 custom rules:</strong></summary> -burmy, -caterpie, -combee, -kricketot, -magikarp, -scatterbug, -sunkern, -tynamo, -typenull, -weedle, -wurmple, -cosmog, -blipbug, -snom, -wynaut</details></div>
|clearpoke
|poke|p1|Kilowattrel, M|
|poke|p1|Froslass, F|
|poke|p1|Mudsdale, F|
|poke|p2|Cloyster, M|
|poke|p2|Sentret, M|
|poke|p2|Dragonite, F|
|teampreview
|
|t:|1759068513
|teamsize|p1|3
|teamsize|p2|3
|start
|switch|p1a: Kilowattrel|Kilowattrel, M|100/100
|switch|p2a: オタマジャクシ|Cloyster, M, shiny|100/100
|turn|1
|
|t:|1759068517
|move|p1a: Kilowattrel|Volt Switch|p2a: オタマジャクシ
|-supereffective|p2a: オタマジャクシ
|-enditem|p2a: オタマジャクシ|Focus Sash
|-damage|p2a: オタマジャクシ|1/100
|
|t:|1759068521
|switch|p1a: Froslass|Froslass, F|100/100|[from] Volt Switch
|move|p2a: オタマジャクシ|Shell Smash|p2a: オタマジャクシ
|-unboost|p2a: オタマジャクシ|def|1
|-unboost|p2a: オタマジャクシ|spd|1
|-boost|p2a: オタマジャクシ|atk|2
|-boost|p2a: オタマジャクシ|spa|2
|-boost|p2a: オタマジャクシ|spe|2
|
|upkeep
|turn|2
|j| PokemonGT7
|
|t:|1759068526
|-terastallize|p2a: オタマジャクシ|Stellar
|move|p2a: オタマジャクシ|Rock Blast|p1a: Froslass
|-supereffective|p1a: Froslass
|-damage|p1a: Froslass|36/100
|-supereffective|p1a: Froslass
|-damage|p1a: Froslass|0 fnt
|-start|p2a: オタマジャクシ|Disable|Rock Blast|[from] ability: Cursed Body|[of] p1a: Froslass
|faint|p1a: Froslass
|-hitcount|p1: Froslass|2
|
|upkeep
|
|t:|1759068537
|switch|p1a: Mudsdale|Mudsdale, F|100/100
|turn|3
|
|t:|1759068545
|-terastallize|p1a: Mudsdale|Fighting
|move|p2a: オタマジャクシ|Icicle Spear|p1a: Mudsdale
|-damage|p1a: Mudsdale|81/100
|-ability|p1a: Mudsdale|Stamina|boost
|-boost|p1a: Mudsdale|def|1
|-damage|p1a: Mudsdale|68/100
|-ability|p1a: Mudsdale|Stamina|boost
|-boost|p1a: Mudsdale|def|1
|-damage|p1a: Mudsdale|57/100
|-ability|p1a: Mudsdale|Stamina|boost
|-boost|p1a: Mudsdale|def|1
|-damage|p1a: Mudsdale|47/100
|-ability|p1a: Mudsdale|Stamina|boost
|-boost|p1a: Mudsdale|def|1
|-damage|p1a: Mudsdale|40/100
|-ability|p1a: Mudsdale|Stamina|boost
|-boost|p1a: Mudsdale|def|1
|-hitcount|p1a: Mudsdale|5
|move|p1a: Mudsdale|Body Press|p2a: オタマジャクシ
|-supereffective|p2a: オタマジャクシ
|-damage|p2a: オタマジャクシ|0 fnt
|faint|p2a: オタマジャクシ
|
|-heal|p1a: Mudsdale|46/100|[from] item: Leftovers
|upkeep
|
|t:|1759068549
|switch|p2a: かわいい|Sentret, M, shiny|100/100
|-item|p1a: Mudsdale|Leftovers|[from] ability: Frisk|[of] p2a: かわいい
|turn|4
|
|t:|1759068552
|move|p1a: Mudsdale|Body Press|p2a: かわいい
|-supereffective|p2a: かわいい
|-damage|p2a: かわいい|0 fnt
|faint|p2a: かわいい
|
|-heal|p1a: Mudsdale|52/100|[from] item: Leftovers
|upkeep
|
|t:|1759068553
|switch|p2a: ディナーマックス|Dragonite, F, shiny|100/100
|turn|5
|
|t:|1759068557
|move|p2a: ディナーマックス|Dragon Dance|p2a: ディナーマックス
|-boost|p2a: ディナーマックス|atk|1
|-boost|p2a: ディナーマックス|spe|1
|move|p1a: Mudsdale|Body Press|p2a: ディナーマックス
|-resisted|p2a: ディナーマックス
|-damage|p2a: ディナーマックス|64/100
|
|-heal|p2a: ディナーマックス|70/100|[from] item: Leftovers
|-heal|p1a: Mudsdale|58/100|[from] item: Leftovers
|upkeep
|turn|6
|
|t:|1759068560
|move|p2a: ディナーマックス|Dragon Dance|p2a: ディナーマックス
|-boost|p2a: ディナーマックス|atk|1
|-boost|p2a: ディナーマックス|spe|1
|move|p1a: Mudsdale|Body Press|p2a: ディナーマックス
|-resisted|p2a: ディナーマックス
|-damage|p2a: ディナーマックス|0 fnt
|faint|p2a: ディナーマックス
|
|win|Happy_Joe
|n|☆Happy_Joe|happyjoe
|n|☆Albrtix|albrtix
|n|*Lady Monita ☀|ladymonita
|n| PokemonGT7|pokemongt7
|l|*Lady Monita ☀
|c|☆Albrtix|:3
