|j|☆ppllaayyeerr
|j|☆nw loader
|t:|1759049470
|gametype|singles
|player|p1|ppllaayyeerr|maid|1133
|player|p2|nw loader|rocketgrunt|1114
|gen|9
|tier|[Gen 9] OU
|rated|
|rule|HP Percentage Mod: HP is shown in percentages
|rule|Endless Battle Clause: Forcing endless battles is banned
|rule|Species Clause: Limit one of each Pokémon
|rule|OHKO Clause: OHKO moves are banned
|rule|Evasion Items Clause: Evasion items are banned
|rule|Evasion Moves Clause: Evasion moves are banned
|rule|Evasion Abilities Clause: Evasion abilities are banned
|rule|Sleep Moves Clause: Sleep-inducing moves are banned
|clearpoke
|poke|p1|Drifblim, F|
|poke|p1|Armarouge, F|
|poke|p1|Ursaluna, F|
|poke|p1|Breloom, F|
|poke|p1|Cloyster, F|
|poke|p1|Ninetales-Alola, F|
|poke|p2|Hippowdon, F|
|poke|p2|Excadrill, M|
|poke|p2|Tyranitar, F|
|poke|p2|Gholdengo|
|poke|p2|Clodsire, F|
|poke|p2|Enamorus-Therian, F|
|teampreview
|
|t:|1759049481
|teamsize|p1|6
|teamsize|p2|6
|start
|switch|p1a: Breloom|Breloom, F, shiny|100/100
|switch|p2a: Hippowdon|Hippowdon, F|100/100
|-weather|Sandstorm|[from] ability: Sand Stream|[of] p2a: Hippowdon
|turn|1
|
|t:|1759049520
|switch|p2a: Gholdengo|Gholdengo|100/100
|move|p1a: Breloom|Poison Jab|p2a: Gholdengo
|-immune|p2a: Gholdengo
|
|-weather|Sandstorm|[upkeep]
|-damage|p1a: Breloom|94/100|[from] Sandstorm
|upkeep
|turn|2
|
|t:|1759049531
|switch|p1a: Ninetales|Ninetales-Alola, F|100/100
|-weather|Snowscape|[from] ability: Snow Warning|[of] p1a: Ninetales
|move|p2a: Gholdengo|Shadow Ball|p1a: Ninetales
|-damage|p1a: Ninetales|55/100
|
|-weather|Snowscape|[upkeep]
|upkeep
|turn|3
|
|t:|1759049543
|switch|p2a: Hippowdon|Hippowdon, F|100/100
|-weather|Sandstorm|[from] ability: Sand Stream|[of] p2a: Hippowdon
|move|p1a: Ninetales|Aurora Veil||[still]
|-fail|p1a: Ninetales
|
|-weather|Sandstorm|[upkeep]
|-damage|p1a: Ninetales|49/100|[from] Sandstorm
|upkeep
|turn|4
|
|t:|1759049556
|switch|p1a: Bear 5|Ursaluna, F|100/100
|switch|p2a: Excadrill|Excadrill, M|100/100
|-item|p2a: Excadrill|Air Balloon
|
|-weather|Sandstorm|[upkeep]
|-status|p1a: Bear 5|brn|[from] item: Flame Orb
|upkeep
|turn|5
|
|t:|1759049576
|move|p2a: Excadrill|Swords Dance|p2a: Excadrill
|-boost|p2a: Excadrill|atk|2
|move|p1a: Bear 5|Avalanche|p2a: Excadrill
|-damage|p2a: Excadrill|50/100
|-enditem|p2a: Excadrill|Air Balloon
|
|-weather|Sandstorm|[upkeep]
|-damage|p1a: Bear 5|94/100 brn|[from] brn
|upkeep
|turn|6
|
|t:|1759049587
|move|p2a: Excadrill|Earthquake|p1a: Bear 5
|-damage|p1a: Bear 5|19/100 brn
|move|p1a: Bear 5|Earthquake|p2a: Excadrill
|-supereffective|p2a: Excadrill
|-damage|p2a: Excadrill|0 fnt
|faint|p2a: Excadrill
|
|-weather|Sandstorm|[upkeep]
|-damage|p1a: Bear 5|13/100 brn|[from] brn
|upkeep
|
|t:|1759049601
|switch|p2a: Gholdengo|Gholdengo|100/100
|turn|7
|
|t:|1759049606
|move|p2a: Gholdengo|Make It Rain|p1a: Bear 5
|-damage|p1a: Bear 5|0 fnt
|-unboost|p2a: Gholdengo|spa|1
|faint|p1a: Bear 5
|
|-weather|none
|upkeep
|
|t:|1759049631
|switch|p1a: Ninetales|Ninetales-Alola, F|49/100
|-weather|Snowscape|[from] ability: Snow Warning|[of] p1a: Ninetales
|turn|8
|
|t:|1759049641
|switch|p1a: Breloom|Breloom, F, shiny|94/100
|switch|p2a: Tyranitar|Tyranitar, F|100/100
|-weather|Sandstorm|[from] ability: Sand Stream|[of] p2a: Tyranitar
|
|-weather|Sandstorm|[upkeep]
|-damage|p1a: Breloom|88/100|[from] Sandstorm
|upkeep
|turn|9
|
|t:|1759049654
|switch|p2a: Gholdengo|Gholdengo|100/100
|move|p1a: Breloom|Bulldoze|p2a: Gholdengo
|-supereffective|p2a: Gholdengo
|-damage|p2a: Gholdengo|16/100
|-unboost|p2a: Gholdengo|spe|1
|
|-weather|Sandstorm|[upkeep]
|-damage|p1a: Breloom|82/100|[from] Sandstorm
|-heal|p2a: Gholdengo|22/100|[from] item: Leftovers
|upkeep
|turn|10
|
|t:|1759049688
|switch|p1a: Ninetales|Ninetales-Alola, F|49/100
|-weather|Snowscape|[from] ability: Snow Warning|[of] p1a: Ninetales
|switch|p2a: Enamorus|Enamorus-Therian, F|100/100
|
|-weather|Snowscape|[upkeep]
|upkeep
|turn|11
|
|t:|1759049727
|switch|p1a: Breloom|Breloom, F, shiny|82/100
|switch|p2a: Tyranitar|Tyranitar, F|100/100
|-weather|Sandstorm|[from] ability: Sand Stream|[of] p2a: Tyranitar
|
|-weather|Sandstorm|[upkeep]
|-damage|p1a: Breloom|76/100|[from] Sandstorm
|upkeep
|turn|12
|
|t:|1759049750
|switch|p2a: Hippowdon|Hippowdon, F|100/100
|move|p1a: Breloom|Poison Jab|p2a: Hippowdon
|-resisted|p2a: Hippowdon
|-damage|p2a: Hippowdon|90/100
|-damage|p1a: Breloom|60/100|[from] item: Rocky Helmet|[of] p2a: Hippowdon
|
|-weather|Sandstorm|[upkeep]
|-damage|p1a: Breloom|53/100|[from] Sandstorm
|upkeep
|turn|13
|
|t:|1759049766
|switch|p1a: Drifblim|Drifblim, F|100/100
|move|p2a: Hippowdon|Stealth Rock|p1a: Drifblim
|-sidestart|p1: ppllaayyeerr|move: Stealth Rock
|
|-weather|Sandstorm|[upkeep]
|-damage|p1a: Drifblim|94/100|[from] Sandstorm
|upkeep
|turn|14
|
|t:|1759049775
|switch|p2a: Tyranitar|Tyranitar, F|100/100
|move|p1a: Drifblim|Tailwind|p1a: Drifblim
|-sidestart|p1: ppllaayyeerr|move: Tailwind
|
|-weather|Sandstorm|[upkeep]
|-damage|p1a: Drifblim|88/100|[from] Sandstorm
|upkeep
|turn|15
|
|t:|1759049784
|move|p1a: Drifblim|Destiny Bond|p1a: Drifblim
|-singlemove|p1a: Drifblim|Destiny Bond
|move|p2a: Tyranitar|Knock Off|p1a: Drifblim
|-supereffective|p1a: Drifblim
|-damage|p1a: Drifblim|0 fnt
|-enditem|p1a: Drifblim|Weakness Policy|[from] move: Knock Off|[of] p2a: Tyranitar
|faint|p1a: Drifblim
|-activate|p1a: Drifblim|move: Destiny Bond
|faint|p2a: Tyranitar
|
|-weather|Sandstorm|[upkeep]
|upkeep
|
|t:|1759049809
|switch|p1a: Ninetales|Ninetales-Alola, F|49/100
|switch|p2a: Clodsire|Clodsire, F|100/100
|-damage|p1a: Ninetales|24/100|[from] Stealth Rock
|-weather|Snowscape|[from] ability: Snow Warning|[of] p1a: Ninetales
|turn|16
|
|t:|1759049825
|switch|p2a: Hippowdon|Hippowdon, F|90/100
|-weather|Sandstorm|[from] ability: Sand Stream|[of] p2a: Hippowdon
|move|p1a: Ninetales|Weather Ball|p2a: Hippowdon
|-resisted|p2a: Hippowdon
|-damage|p2a: Hippowdon|79/100
|
|-weather|Sandstorm|[upkeep]
|-damage|p1a: Ninetales|18/100|[from] Sandstorm
|upkeep
|turn|17
|
|t:|1759049838
|switch|p2a: Clodsire|Clodsire, F|100/100
|move|p1a: Ninetales|Moonblast|p2a: Clodsire
|-resisted|p2a: Clodsire
|-damage|p2a: Clodsire|92/100
|
|-weather|Sandstorm|[upkeep]
|-damage|p1a: Ninetales|12/100|[from] Sandstorm
|-heal|p2a: Clodsire|98/100|[from] item: Black Sludge
|-sideend|p1: ppllaayyeerr|move: Tailwind
|upkeep
|turn|18
|
|t:|1759049849
|move|p1a: Ninetales|Moonblast|p2a: Clodsire
|-resisted|p2a: Clodsire
|-damage|p2a: Clodsire|90/100
|-unboost|p2a: Clodsire|spa|1
|move|p2a: Clodsire|Spikes|p1a: Ninetales
|-sidestart|p1: ppllaayyeerr|Spikes
|
|-weather|Sandstorm|[upkeep]
|-damage|p1a: Ninetales|6/100|[from] Sandstorm
|-heal|p2a: Clodsire|96/100|[from] item: Black Sludge
|upkeep
|turn|19
|
|t:|1759049860
|move|p1a: Ninetales|Moonblast|p2a: Clodsire
|-resisted|p2a: Clodsire
|-damage|p2a: Clodsire|89/100
|-unboost|p2a: Clodsire|spa|1
|move|p2a: Clodsire|Spikes|p1a: Ninetales
|-sidestart|p1: ppllaayyeerr|Spikes
|
|-weather|Sandstorm|[upkeep]
|-damage|p1a: Ninetales|0 fnt|[from] Sandstorm
|faint|p1a: Ninetales
|-heal|p2a: Clodsire|95/100|[from] item: Black Sludge
|upkeep
|
|t:|1759049876
|switch|p1a: Cloyster|Cloyster, F|100/100
|-damage|p1a: Cloyster|76/100|[from] Stealth Rock
|-damage|p1a: Cloyster|59/100|[from] Spikes
|turn|20
|
|t:|1759049891
|move|p1a: Cloyster|Shell Smash|p1a: Cloyster
|-unboost|p1a: Cloyster|def|1
|-unboost|p1a: Cloyster|spd|1
|-boost|p1a: Cloyster|atk|2
|-boost|p1a: Cloyster|spa|2
|-boost|p1a: Cloyster|spe|2
|move|p2a: Clodsire|Toxic|p1a: Cloyster
|-status|p1a: Cloyster|tox
|
|-weather|none
|-heal|p2a: Clodsire|100/100|[from] item: Black Sludge
|-damage|p1a: Cloyster|53/100 tox|[from] psn
|upkeep
|turn|21
|
|t:|1759049904
|switch|p2a: Gholdengo|Gholdengo|22/100
|move|p1a: Cloyster|Icicle Spear|p2a: Gholdengo
|-resisted|p2a: Gholdengo
|-damage|p2a: Gholdengo|12/100
|-resisted|p2a: Gholdengo
|-damage|p2a: Gholdengo|3/100
|-resisted|p2a: Gholdengo
|-crit|p2a: Gholdengo
|-damage|p2a: Gholdengo|0 fnt
|faint|p2a: Gholdengo
|-hitcount|p2: Gholdengo|3
|
|-damage|p1a: Cloyster|40/100 tox|[from] psn
|upkeep
|
|t:|1759049919
|switch|p2a: Hippowdon|Hippowdon, F|79/100
|-weather|Sandstorm|[from] ability: Sand Stream|[of] p2a: Hippowdon
|turn|22
|
|t:|1759049924
|move|p1a: Cloyster|Icicle Spear|p2a: Hippowdon
|-supereffective|p2a: Hippowdon
|-damage|p2a: Hippowdon|51/100
|-supereffective|p2a: Hippowdon
|-damage|p2a: Hippowdon|28/100
|-supereffective|p2a: Hippowdon
|-damage|p2a: Hippowdon|2/100
|-supereffective|p2a: Hippowdon
|-damage|p2a: Hippowdon|0 fnt
|faint|p2a: Hippowdon
|-hitcount|p2: Hippowdon|4
|
|-weather|Sandstorm|[upkeep]
|-damage|p1a: Cloyster|34/100 tox|[from] Sandstorm
|-damage|p1a: Cloyster|15/100 tox|[from] psn
|upkeep
|
|t:|1759049942
|switch|p2a: Enamorus|Enamorus-Therian, F|100/100
|turn|23
|
|t:|1759049949
|-terastallize|p2a: Enamorus|Water
|move|p1a: Cloyster|Icicle Spear|p2a: Enamorus
|-resisted|p2a: Enamorus
|-damage|p2a: Enamorus|89/100
|-resisted|p2a: Enamorus
|-damage|p2a: Enamorus|79/100
|-resisted|p2a: Enamorus
|-damage|p2a: Enamorus|69/100
|-resisted|p2a: Enamorus
|-damage|p2a: Enamorus|58/100
|-resisted|p2a: Enamorus
|-damage|p2a: Enamorus|47/100
|-hitcount|p2a: Enamorus|5
|move|p2a: Enamorus|Calm Mind|p2a: Enamorus
|-boost|p2a: Enamorus|spa|1
|-boost|p2a: Enamorus|spd|1
|
|-weather|Sandstorm|[upkeep]
|-damage|p1a: Cloyster|9/100 tox|[from] Sandstorm
|-damage|p1a: Cloyster|0 fnt|[from] psn
|faint|p1a: Cloyster
|upkeep
|
|t:|1759049970
|switch|p1a: Breloom|Breloom, F, shiny|53/100
|-damage|p1a: Breloom|47/100|[from] Stealth Rock
|-damage|p1a: Breloom|31/100|[from] Spikes
|turn|24
|
|t:|1759049980
|move|p1a: Breloom|Bullet Seed|p2a: Enamorus
|-supereffective|p2a: Enamorus
|-damage|p2a: Enamorus|0 fnt
|faint|p2a: Enamorus
|-hitcount|p2: Enamorus|1
|
|-weather|Sandstorm|[upkeep]
|-damage|p1a: Breloom|25/100|[from] Sandstorm
|upkeep
|
|t:|1759049988
|switch|p2a: Clodsire|Clodsire, F|100/100
|turn|25
|
|t:|1759049992
|switch|p1a: Armarouge|Armarouge, F|100/100
|move|p2a: Clodsire|Poison Jab|p1a: Armarouge
|-damage|p1a: Armarouge|76/100
|-ability|p1a: Armarouge|Weak Armor|boost
|-unboost|p1a: Armarouge|def|1
|-boost|p1a: Armarouge|spe|2
|
|-weather|Sandstorm|[upkeep]
|-damage|p1a: Armarouge|70/100|[from] Sandstorm
|upkeep
|turn|26
|
|t:|1759050004
|move|p1a: Armarouge|Psychic|p2a: Clodsire
|-supereffective|p2a: Clodsire
|-damage|p2a: Clodsire|55/100
|-unboost|p2a: Clodsire|spd|1
|move|p2a: Clodsire|Toxic|p1a: Armarouge
|-status|p1a: Armarouge|tox
|
|-weather|none
|-heal|p2a: Clodsire|61/100|[from] item: Black Sludge
|-damage|p1a: Armarouge|64/100 tox|[from] psn
|upkeep
|turn|27
|
|t:|1759050016
|move|p1a: Armarouge|Psychic|p2a: Clodsire
|-supereffective|p2a: Clodsire
|-damage|p2a: Clodsire|0 fnt
|faint|p2a: Clodsire
|
|win|ppllaayyeerr
|raw|ppllaayyeerr's rating: 1133 &rarr; <strong>1157</strong><br />(+24 for winning)
|raw|nw loader's rating: 1114 &rarr; <strong>1090</strong><br />(-24 for losing)
|c|☆ppllaayyeerr|gg :)
|l|☆nw loader
|player|p2|
