|j|☆senlinpingzi
|j|☆mr6il0
|t:|1758956452
|gametype|singles
|player|p1|senlinpingzi|pokemaniac|1137
|player|p2|mr6il0|pokefan-gen4|1140
|gen|9
|tier|[Gen 9] OU
|rated|
|rule|HP Percentage Mod: HP is shown in percentages
|rule|Endless Battle Clause: Forcing endless battles is banned
|rule|Species Clause: Limit one of each Pokémon
|rule|OHKO Clause: OHKO moves are banned
|rule|Evasion Items Clause: Evasion items are banned
|rule|Evasion Moves Clause: Evasion moves are banned
|rule|Evasion Abilities Clause: Evasion abilities are banned
|rule|Sleep Moves Clause: Sleep-inducing moves are banned
|clearpoke
|poke|p1|Scizor, M|
|poke|p1|Pelipper, M|
|poke|p1|Kingdra, F|
|poke|p1|Dragonite, M|
|poke|p1|Excadrill, F|
|poke|p1|Zapdos|
|poke|p2|Komala, M|
|poke|p2|Zapdos|
|poke|p2|Slowbro, M|
|poke|p2|Chandelure, F|
|poke|p2|Forretress, M|
|poke|p2|Kingambit, F|
|teampreview
|
|t:|1758956465
|teamsize|p1|6
|teamsize|p2|6
|start
|switch|p1a: Pelipper|Pelipper, M, shiny|100/100
|switch|p2a: Forretress|Forretress, M|100/100
|-weather|RainDance|[from] ability: Drizzle|[of] p1a: Pelipper
|turn|1
|
|t:|1758956472
|move|p1a: Pelipper|Hurricane|p2a: Forretress
|-damage|p2a: Forretress|39/100
|move|p2a: Forretress|Stealth Rock|p1a: Pelipper
|-sidestart|p1: senlinpingzi|move: Stealth Rock
|
|-weather|RainDance|[upkeep]
|upkeep
|turn|2
|
|t:|1758956480
|switch|p2a: Komala|Komala, M|100/100
|-ability|p2a: Komala|Comatose
|move|p1a: Pelipper|Hurricane|p2a: Komala
|-damage|p2a: Komala|81/100
|
|-weather|RainDance|[upkeep]
|upkeep
|turn|3
|
|t:|1758956489
|move|p1a: Pelipper|U-turn|p2a: Komala
|-damage|p2a: Komala|67/100
|
|t:|1758956492
|switch|p1a: Excadrill|Excadrill, F, shiny|100/100|[from] U-turn
|-damage|p1a: Excadrill|97/100|[from] Stealth Rock
|-ability|p1a: Excadrill|Mold Breaker
|move|p2a: Komala|U-turn|p1a: Excadrill
|-resisted|p1a: Excadrill
|-damage|p1a: Excadrill|84/100
|
|t:|1758956500
|switch|p2a: Slowbro|Slowbro, M|100/100|[from] U-turn
|
|-weather|RainDance|[upkeep]
|upkeep
|turn|4
|
|t:|1758956513
|move|p1a: Excadrill|Stealth Rock|p2a: Slowbro
|-sidestart|p2: mr6il0|move: Stealth Rock
|move|p2a: Slowbro|Scald|p1a: Excadrill
|-supereffective|p1a: Excadrill
|-damage|p1a: Excadrill|0 fnt
|faint|p1a: Excadrill
|
|-weather|RainDance|[upkeep]
|upkeep
|
|t:|1758956522
|switch|p1a: Zapdos|Zapdos, shiny|100/100
|-damage|p1a: Zapdos|76/100|[from] Stealth Rock
|-ability|p1a: Zapdos|Pressure
|turn|5
|
|t:|1758956530
|move|p1a: Zapdos|Volt Switch|p2a: Slowbro
|-supereffective|p2a: Slowbro
|-damage|p2a: Slowbro|50/100
|
|t:|1758956538
|switch|p1a: Pelipper|Pelipper, M, shiny|100/100|[from] Volt Switch
|-damage|p1a: Pelipper|75/100|[from] Stealth Rock
|move|p2a: Slowbro|Future Sight|p1a: Pelipper
|-start|p2a: Slowbro|move: Future Sight
|
|-weather|RainDance|[upkeep]
|upkeep
|turn|6
|
|t:|1758956547
|switch|p2a: Komala|Komala, M|67/100
|-damage|p2a: Komala|55/100|[from] Stealth Rock
|-ability|p2a: Komala|Comatose
|move|p1a: Pelipper|U-turn|p2a: Komala
|-crit|p2a: Komala
|-damage|p2a: Komala|33/100
|
|t:|1758956556
|switch|p1a: Kingdra|Kingdra, F, shiny|100/100|[from] U-turn
|-damage|p1a: Kingdra|88/100|[from] Stealth Rock
|
|-weather|RainDance|[upkeep]
|upkeep
|turn|7
|
|t:|1758956565
|move|p2a: Komala|Sucker Punch|p1a: Kingdra
|-damage|p1a: Kingdra|65/100
|move|p1a: Kingdra|Weather Ball|p2a: Komala
|-damage|p2a: Komala|0 fnt
|faint|p2a: Komala
|-damage|p1a: Kingdra|55/100|[from] item: Life Orb
|
|-weather|RainDance|[upkeep]
|-end|p1a: Kingdra|move: Future Sight
|-damage|p1a: Kingdra|0 fnt
|faint|p1a: Kingdra
|upkeep
|
|t:|1758956580
|switch|p1a: Dragonite|Dragonite, M|100/100
|switch|p2a: Zapdos|Zapdos|100/100
|-damage|p2a: Zapdos|76/100|[from] Stealth Rock
|-ability|p2a: Zapdos|Pressure
|-damage|p1a: Dragonite|75/100|[from] Stealth Rock
|turn|8
|
|t:|1758956590
|-terastallize|p2a: Zapdos|Ice
|-terastallize|p1a: Dragonite|Normal
|move|p2a: Zapdos|Tera Blast|p1a: Dragonite|[anim] Tera Blast Ice
|-damage|p1a: Dragonite|31/100
|move|p1a: Dragonite|Dragon Dance|p1a: Dragonite
|-boost|p1a: Dragonite|atk|1
|-boost|p1a: Dragonite|spe|1
|
|-weather|none
|-heal|p1a: Dragonite|37/100|[from] item: Leftovers
|upkeep
|turn|9
|
|t:|1758956602
|move|p1a: Dragonite|Extreme Speed|p2a: Zapdos
|-damage|p2a: Zapdos|0 fnt
|faint|p2a: Zapdos
|
|-heal|p1a: Dragonite|43/100|[from] item: Leftovers
|upkeep
|
|t:|1758956608
|switch|p2a: Forretress|Forretress, M|39/100
|-damage|p2a: Forretress|27/100|[from] Stealth Rock
|turn|10
|
|t:|1758956613
|move|p1a: Dragonite|Fire Punch|p2a: Forretress
|-supereffective|p2a: Forretress
|-damage|p2a: Forretress|0 fnt
|-damage|p1a: Dragonite|27/100|[from] item: Rocky Helmet|[of] p2a: Forretress
|faint|p2a: Forretress
|
|-heal|p1a: Dragonite|33/100|[from] item: Leftovers
|upkeep
|
|t:|1758956620
|switch|p2a: Chandelure|Chandelure, F, shiny|100/100
|-damage|p2a: Chandelure|76/100|[from] Stealth Rock
|turn|11
|
|t:|1758956628
|move|p2a: Chandelure|Flamethrower|p1a: Dragonite
|-damage|p1a: Dragonite|0 fnt
|faint|p1a: Dragonite
|
|upkeep
|
|t:|1758956634
|switch|p1a: Pelipper|Pelipper, M, shiny|75/100
|-damage|p1a: Pelipper|50/100|[from] Stealth Rock
|-weather|RainDance|[from] ability: Drizzle|[of] p1a: Pelipper
|turn|12
|
|t:|1758956640
|switch|p2a: Slowbro|Slowbro, M|83/100
|-damage|p2a: Slowbro|71/100|[from] Stealth Rock
|move|p1a: Pelipper|U-turn|p2a: Slowbro
|-supereffective|p2a: Slowbro
|-damage|p2a: Slowbro|57/100
|
|t:|1758956646
|switch|p1a: Zapdos|Zapdos, shiny|76/100|[from] U-turn
|-damage|p1a: Zapdos|51/100|[from] Stealth Rock
|-ability|p1a: Zapdos|Pressure
|
|-weather|RainDance|[upkeep]
|-heal|p1a: Zapdos|57/100|[from] item: Leftovers
|upkeep
|turn|13
|
|t:|1758956656
|move|p1a: Zapdos|Thunderbolt|p2a: Slowbro
|-supereffective|p2a: Slowbro
|-damage|p2a: Slowbro|0 fnt
|faint|p2a: Slowbro
|
|-weather|RainDance|[upkeep]
|-heal|p1a: Zapdos|63/100|[from] item: Leftovers
|upkeep
|
|t:|1758956677
|switch|p2a: Kingambit|Kingambit, F|100/100
|-damage|p2a: Kingambit|94/100|[from] Stealth Rock
|-activate|p2a: Kingambit|ability: Supreme Overlord
|-start|p2a: Kingambit|fallen4|[silent]
|turn|14
|
|t:|1758956684
|move|p1a: Zapdos|Thunder|p2a: Kingambit
|-damage|p2a: Kingambit|28/100
|move|p2a: Kingambit|Tera Blast|p1a: Zapdos
|-damage|p1a: Zapdos|43/100
|
|-weather|RainDance|[upkeep]
|-heal|p1a: Zapdos|49/100|[from] item: Leftovers
|upkeep
|turn|15
|
|t:|1758956694
|move|p2a: Kingambit|Sucker Punch|p1a: Zapdos
|-damage|p1a: Zapdos|0 fnt
|faint|p1a: Zapdos
|
|-weather|RainDance|[upkeep]
|upkeep
|
|t:|1758956700
|switch|p1a: Scizor|Scizor, M|100/100
|-damage|p1a: Scizor|88/100|[from] Stealth Rock
|turn|16
|
|t:|1758956705
|move|p1a: Scizor|Close Combat|p2a: Kingambit
|-supereffective|p2a: Kingambit
|-damage|p2a: Kingambit|0 fnt
|-unboost|p1a: Scizor|def|1
|-unboost|p1a: Scizor|spd|1
|faint|p2a: Kingambit
|-end|p2a: Kingambit|fallen4|[silent]
|-damage|p1a: Scizor|78/100|[from] item: Life Orb
|
|-weather|RainDance|[upkeep]
|upkeep
|
|t:|1758956714
|switch|p2a: Chandelure|Chandelure, F, shiny|76/100
|-damage|p2a: Chandelure|51/100|[from] Stealth Rock
|turn|17
|
|t:|1758956718
|move|p2a: Chandelure|Shadow Ball|p1a: Scizor
|-damage|p1a: Scizor|0 fnt
|faint|p1a: Scizor
|
|-weather|RainDance|[upkeep]
|upkeep
|
|t:|1758956725
|switch|p1a: Pelipper|Pelipper, M, shiny|50/100
|-damage|p1a: Pelipper|25/100|[from] Stealth Rock
|turn|18
|
|t:|1758956729
|move|p2a: Chandelure|Shadow Ball|p1a: Pelipper
|-damage|p1a: Pelipper|0 fnt
|faint|p1a: Pelipper
|
|win|mr6il0
|raw|senlinpingzi's rating: 1137 &rarr; <strong>1112</strong><br />(-25 for losing)
|raw|mr6il0's rating: 1140 &rarr; <strong>1165</strong><br />(+25 for winning)
|c|☆mr6il0|gg
|l|☆senlinpingzi
|player|p1|
|l|☆mr6il0
|player|p2|
