|j|☆bittington
|j|☆DaddyBlox
|t:|1758956588
|gametype|singles
|player|p1|bittington|rocketgrunt|1211
|player|p2|DaddyBlox|gentleman-gen4|1199
|gen|9
|tier|[Gen 9] OU
|rated|
|rule|HP Percentage Mod: HP is shown in percentages
|rule|Endless Battle Clause: Forcing endless battles is banned
|rule|Species Clause: Limit one of each Pokémon
|rule|OHKO Clause: OHKO moves are banned
|rule|Evasion Items Clause: Evasion items are banned
|rule|Evasion Moves Clause: Evasion moves are banned
|rule|Evasion Abilities Clause: Evasion abilities are banned
|rule|Sleep Moves Clause: Sleep-inducing moves are banned
|clearpoke
|poke|p1|Mimikyu, M|
|poke|p1|Weezing, M|
|poke|p1|Meowth, M|
|poke|p1|Yanmega, F|
|poke|p1|Arbok, M|
|poke|p1|Victreebel, M|
|poke|p2|Maushold|
|poke|p2|Hydreigon, M|
|poke|p2|Rotom-Heat|
|poke|p2|Gholdengo|
|poke|p2|Gliscor, M|
|poke|p2|Kyurem|
|teampreview
|inactive|Battle timer is ON: inactive players will automatically lose when time's up. (requested by DaddyBlox)
|
|t:|1758956597
|teamsize|p1|6
|teamsize|p2|6
|start
|switch|p1a: Mimikyu|Mimikyu, M|100/100
|switch|p2a: Gliscor|Gliscor, M, shiny|100/100
|turn|1
|
|t:|1758956607
|move|p1a: Mimikyu|Swords Dance|p1a: Mimikyu
|-boost|p1a: Mimikyu|atk|2
|move|p2a: Gliscor|Earthquake|p1a: Mimikyu
|-activate|p1a: Mimikyu|ability: Disguise
|-damage|p1a: Mimikyu|100/100
|detailschange|p1a: Mimikyu|Mimikyu-Busted, M
|-damage|p1a: Mimikyu|88/100|[from] pokemon: Mimikyu-Busted
|
|-status|p2a: Gliscor|tox|[from] item: Toxic Orb
|upkeep
|turn|2
|
|t:|1758956626
|move|p1a: Mimikyu|Play Rough|p2a: Gliscor
|-damage|p2a: Gliscor|30/100 tox
|-unboost|p2a: Gliscor|atk|1
|-damage|p1a: Mimikyu|78/100|[from] item: Life Orb
|move|p2a: Gliscor|Toxic|p1a: Mimikyu
|-status|p1a: Mimikyu|tox
|
|-damage|p1a: Mimikyu|72/100 tox|[from] psn
|-heal|p2a: Gliscor|42/100 tox|[from] ability: Poison Heal
|upkeep
|turn|3
|
|t:|1758956640
|move|p1a: Mimikyu|Shadow Sneak|p2a: Gliscor
|-damage|p2a: Gliscor|10/100 tox
|-damage|p1a: Mimikyu|62/100 tox|[from] item: Life Orb
|move|p2a: Gliscor|Toxic Spikes|p1a: Mimikyu
|-sidestart|p1: bittington|move: Toxic Spikes
|
|-damage|p1a: Mimikyu|50/100 tox|[from] psn
|-heal|p2a: Gliscor|22/100 tox|[from] ability: Poison Heal
|upkeep
|turn|4
|
|t:|1758956651
|move|p1a: Mimikyu|Play Rough|p2a: Gliscor
|-damage|p2a: Gliscor|0 fnt
|faint|p2a: Gliscor
|-damage|p1a: Mimikyu|40/100 tox|[from] item: Life Orb
|
|-damage|p1a: Mimikyu|22/100 tox|[from] psn
|upkeep
|
|t:|1758956661
|switch|p2a: Hydreigon|Hydreigon, M, shiny|100/100
|turn|5
|
|t:|1758956664
|move|p2a: Hydreigon|Flash Cannon|p1a: Mimikyu
|-supereffective|p1a: Mimikyu
|-damage|p1a: Mimikyu|0 fnt
|faint|p1a: Mimikyu
|
|upkeep
|inactive|bittington has 120 seconds left.
|
|t:|1758956696
|switch|p1a: Yanmega|Yanmega, F|100/100
|turn|6
|
|t:|1758956705
|switch|p2a: Gholdengo|Gholdengo, shiny|100/100
|move|p1a: Yanmega|Protect||[still]
|-fail|p1a: Yanmega
|
|-ability|p1a: Yanmega|Speed Boost|boost
|-boost|p1a: Yanmega|spe|1
|upkeep
|turn|7
|inactive|bittington has 120 seconds left.
|
|t:|1758956731
|switch|p1a: Meowth|Meowth, M|100/100
|-status|p1a: Meowth|psn
|move|p2a: Gholdengo|Nasty Plot|p2a: Gholdengo
|-boost|p2a: Gholdengo|spa|2
|
|-damage|p1a: Meowth|88/100 psn|[from] psn
|upkeep
|turn|8
|inactive|bittington has 120 seconds left.
|
|t:|1758956750
|move|p1a: Meowth|Knock Off|p2a: Gholdengo
|-supereffective|p2a: Gholdengo
|-damage|p2a: Gholdengo|63/100
|-enditem|p2a: Gholdengo|Leftovers|[from] move: Knock Off|[of] p1a: Meowth
|move|p2a: Gholdengo|Nasty Plot|p2a: Gholdengo
|-boost|p2a: Gholdengo|spa|2
|
|-damage|p1a: Meowth|76/100 psn|[from] psn
|upkeep
|turn|9
|
|t:|1758956760
|move|p1a: Meowth|Knock Off|p2a: Gholdengo
|-supereffective|p2a: Gholdengo
|-damage|p2a: Gholdengo|40/100
|move|p2a: Gholdengo|Make It Rain|p1a: Meowth
|-crit|p1a: Meowth
|-damage|p1a: Meowth|0 fnt
|-unboost|p2a: Gholdengo|spa|1
|faint|p1a: Meowth
|
|upkeep
|
|t:|1758956773
|switch|p1a: Victreebel|Victreebel, M|100/100
|-sideend|p1: bittington|move: Toxic Spikes|[of] p1a: Victreebel
|turn|10
|
|t:|1758956779
|move|p1a: Victreebel|Sucker Punch|p2a: Gholdengo
|-supereffective|p2a: Gholdengo
|-damage|p2a: Gholdengo|0 fnt
|faint|p2a: Gholdengo
|
|upkeep
|
|t:|1758956785
|switch|p2a: Rotom|Rotom-Heat, shiny|100/100
|turn|11
|inactive|bittington has 120 seconds left.
|
|t:|1758956811
|switch|p1a: Weezing|Weezing, M|100/100
|move|p2a: Rotom|Will-O-Wisp|p1a: Weezing
|-status|p1a: Weezing|brn
|
|-damage|p1a: Weezing|95/100 brn|[from] brn
|upkeep
|turn|12
|
|t:|1758956824
|move|p2a: Rotom|Overheat|p1a: Weezing
|-damage|p1a: Weezing|33/100 brn
|-unboost|p2a: Rotom|spa|2
|move|p1a: Weezing|Clear Smog|p2a: Rotom
|-damage|p2a: Rotom|84/100
|-clearboost|p2a: Rotom
|
|-heal|p1a: Weezing|39/100 brn|[from] item: Black Sludge
|-damage|p1a: Weezing|33/100 brn|[from] brn
|upkeep
|turn|13
|
|t:|1758956837
|move|p2a: Rotom|Overheat|p1a: Weezing
|-damage|p1a: Weezing|0 fnt
|-unboost|p2a: Rotom|spa|2
|faint|p1a: Weezing
|
|upkeep
|
|t:|1758956848
|switch|p1a: Yanmega|Yanmega, F|100/100
|turn|14
|
|t:|1758956857
|move|p1a: Yanmega|Protect|p1a: Yanmega
|-singleturn|p1a: Yanmega|Protect
|move|p2a: Rotom|Nasty Plot|p2a: Rotom
|-boost|p2a: Rotom|spa|2
|
|-ability|p1a: Yanmega|Speed Boost|boost
|-boost|p1a: Yanmega|spe|1
|upkeep
|turn|15
|
|t:|1758956874
|move|p1a: Yanmega|Air Slash|p2a: Rotom
|-resisted|p2a: Rotom
|-damage|p2a: Rotom|66/100
|move|p2a: Rotom|Overheat|p1a: Yanmega
|-supereffective|p1a: Yanmega
|-enditem|p1a: Yanmega|Focus Sash
|-damage|p1a: Yanmega|1/100
|-unboost|p2a: Rotom|spa|2
|
|-ability|p1a: Yanmega|Speed Boost|boost
|-boost|p1a: Yanmega|spe|1
|upkeep
|turn|16
|
|t:|1758956886
|move|p1a: Yanmega|Air Slash|p2a: Rotom
|-resisted|p2a: Rotom
|-damage|p2a: Rotom|45/100
|move|p2a: Rotom|Volt Switch|p1a: Yanmega
|-supereffective|p1a: Yanmega
|-damage|p1a: Yanmega|0 fnt
|faint|p1a: Yanmega
|
|t:|1758956898
|switch|p2a: Maushold|Maushold, shiny|100/100|[from] Volt Switch
|
|upkeep
|
|t:|1758956903
|switch|p1a: Arbok|Arbok, M|100/100
|-ability|p1a: Arbok|Intimidate|boost
|-unboost|p2a: Maushold|atk|1
|turn|17
|
|t:|1758956909
|move|p2a: Maushold|Tidy Up|p2a: Maushold
|-boost|p2a: Maushold|atk|1
|-boost|p2a: Maushold|spe|1
|move|p1a: Arbok|Coil|p1a: Arbok
|-boost|p1a: Arbok|atk|1
|-boost|p1a: Arbok|def|1
|-boost|p1a: Arbok|accuracy|1
|
|upkeep
|turn|18
|
|t:|1758956919
|move|p2a: Maushold|Population Bomb|p1a: Arbok
|-crit|p1a: Arbok
|-damage|p1a: Arbok|85/100
|-damage|p1a: Arbok|77/100
|-damage|p1a: Arbok|70/100
|-damage|p1a: Arbok|63/100
|-damage|p1a: Arbok|55/100
|-damage|p1a: Arbok|47/100
|-crit|p1a: Arbok
|-damage|p1a: Arbok|32/100
|-damage|p1a: Arbok|23/100
|-damage|p1a: Arbok|16/100
|-damage|p1a: Arbok|9/100
|-hitcount|p1a: Arbok|10
|move|p1a: Arbok|Glare|p2a: Maushold
|-status|p2a: Maushold|par
|
|-heal|p1a: Arbok|15/100|[from] item: Leftovers
|upkeep
|turn|19
|
|t:|1758956945
|cant|p2a: Maushold|par
|move|p1a: Arbok|Crunch|p2a: Maushold
|-damage|p2a: Maushold|61/100 par
|
|-heal|p1a: Arbok|21/100|[from] item: Leftovers
|upkeep
|turn|20
|
|t:|1758956953
|move|p2a: Maushold|Population Bomb|p1a: Arbok
|-crit|p1a: Arbok
|-damage|p1a: Arbok|6/100
|-damage|p1a: Arbok|0 fnt
|faint|p1a: Arbok
|-hitcount|p1: Arbok|2
|
|upkeep
|
|t:|1758956961
|switch|p1a: Victreebel|Victreebel, M|100/100
|turn|21
|
|t:|1758956968
|-terastallize|p1a: Victreebel|Dark
|move|p2a: Maushold|Tidy Up|p2a: Maushold
|-boost|p2a: Maushold|atk|1
|-boost|p2a: Maushold|spe|1
|move|p1a: Victreebel|Swords Dance|p1a: Victreebel
|-boost|p1a: Victreebel|atk|2
|
|upkeep
|turn|22
|
|t:|1758956977
|move|p1a: Victreebel|Sucker Punch|p2a: Maushold
|-crit|p2a: Maushold
|-damage|p2a: Maushold|0 fnt
|faint|p2a: Maushold
|
|upkeep
|
|t:|1758956985
|switch|p2a: Hydreigon|Hydreigon, M, shiny|100/100
|turn|23
|inactive|bittington has 120 seconds left.
|
|t:|1758956998
|-terastallize|p2a: Hydreigon|Steel
|move|p2a: Hydreigon|U-turn|p1a: Victreebel
|-supereffective|p1a: Victreebel
|-damage|p1a: Victreebel|43/100
|
|t:|1758957003
|switch|p2a: Rotom|Rotom-Heat, shiny|45/100|[from] U-turn
|move|p1a: Victreebel|Power Whip|p2a: Rotom
|-resisted|p2a: Rotom
|-damage|p2a: Rotom|0 fnt
|faint|p2a: Rotom
|
|upkeep
|
|t:|1758957010
|switch|p2a: Hydreigon|Hydreigon, M, shiny, tera:Steel|100/100
|turn|24
|
|t:|1758957015
|move|p1a: Victreebel|Sucker Punch|p2a: Hydreigon
|-damage|p2a: Hydreigon|10/100
|move|p2a: Hydreigon|U-turn|p1a: Victreebel
|-supereffective|p1a: Victreebel
|-damage|p1a: Victreebel|0 fnt
|faint|p1a: Victreebel
|
|win|DaddyBlox
|raw|bittington's rating: 1211 &rarr; <strong>1185</strong><br />(-26 for losing)
|raw|DaddyBlox's rating: 1199 &rarr; <strong>1225</strong><br />(+26 for winning)
|l|☆bittington
|player|p1|
|l|☆DaddyBlox
|player|p2|
