|j|☆serome17
|j|☆Dokja ain't dead.
|t:|1758957352
|gametype|singles
|player|p1|serome17|hugh|1259
|player|p2|Dokja ain't dead.|102|1229
|gen|9
|tier|[Gen 9] OU
|rated|
|rule|HP Percentage Mod: HP is shown in percentages
|rule|Endless Battle Clause: Forcing endless battles is banned
|rule|Species Clause: Limit one of each Pokémon
|rule|OHKO Clause: OHKO moves are banned
|rule|Evasion Items Clause: Evasion items are banned
|rule|Evasion Moves Clause: Evasion moves are banned
|rule|Evasion Abilities Clause: Evasion abilities are banned
|rule|Sleep Moves Clause: Sleep-inducing moves are banned
|clearpoke
|poke|p1|Walking Wake|
|poke|p1|Torkoal, M|
|poke|p1|Gliscor, M|
|poke|p1|Raging Bolt|
|poke|p1|Gholdengo|
|poke|p1|Hatterene, F|
|poke|p2|Politoed, M|
|poke|p2|Barraskewda, M|
|poke|p2|Ogerpon-Wellspring, F|
|poke|p2|Zapdos|
|poke|p2|Garganacl, F|
|poke|p2|Pelipper, M|
|teampreview
|inactive|Battle timer is ON: inactive players will automatically lose when time's up. (requested by Dokja ain't dead.)
|
|t:|1758957375
|teamsize|p1|6
|teamsize|p2|6
|start
|switch|p1a: Walking Wake|Walking Wake|100/100
|switch|p2a: Barraskewda|Barraskewda, M|100/100
|turn|1
|
|t:|1758957396
|-end|p1a: Walking Wake|Protosynthesis|[silent]
|switch|p1a: Gliscor|Gliscor, M, shiny|100/100
|move|p2a: Barraskewda|Flip Turn|p1a: Gliscor
|-supereffective|p1a: Gliscor
|-damage|p1a: Gliscor|38/100
|
|t:|1758957414
|switch|p2a: Zapdos|Zapdos|100/100|[from] Flip Turn
|
|-status|p1a: Gliscor|tox|[from] item: Toxic Orb
|upkeep
|turn|2
|
|t:|1758957427
|move|p1a: Gliscor|Protect|p1a: Gliscor
|-singleturn|p1a: Gliscor|Protect
|move|p2a: Zapdos|Hurricane|p1a: Gliscor
|-activate|p1a: Gliscor|move: Protect
|
|-heal|p1a: Gliscor|51/100 tox|[from] ability: Poison Heal
|upkeep
|turn|3
|inactive|serome17 has 120 seconds left.
|
|t:|1758957457
|switch|p2a: Pelipper|Pelipper, M|100/100
|-weather|RainDance|[from] ability: Drizzle|[of] p2a: Pelipper
|switch|p1a: Hatterene|Hatterene, F|100/100
|
|-weather|RainDance|[upkeep]
|upkeep
|turn|4
|inactive|serome17 has 120 seconds left.
|
|t:|1758957480
|move|p2a: Pelipper|U-turn|p1a: Hatterene
|-crit|p1a: Hatterene
|-damage|p1a: Hatterene|87/100
|
|t:|1758957488
|switch|p2a: Zapdos|Zapdos|100/100|[from] U-turn
|move|p1a: Hatterene|Nuzzle|p2a: Zapdos
|-damage|p2a: Zapdos|96/100
|-status|p1a: Hatterene|par|[from] ability: Static|[of] p2a: Zapdos
|
|-weather|RainDance|[upkeep]
|upkeep
|turn|5
|
|t:|1758957509
|move|p2a: Zapdos|Hurricane|p1a: Hatterene
|-damage|p1a: Hatterene|55/100 par
|cant|p1a: Hatterene|par
|
|-weather|RainDance|[upkeep]
|upkeep
|turn|6
|
|t:|1758957519
|switch|p1a: Raging Bolt|Raging Bolt|100/100
|-enditem|p1a: Raging Bolt|Booster Energy
|-activate|p1a: Raging Bolt|ability: Protosynthesis|[fromitem]
|-start|p1a: Raging Bolt|protosynthesisspa
|move|p2a: Zapdos|Hurricane|p1a: Raging Bolt
|-resisted|p1a: Raging Bolt
|-damage|p1a: Raging Bolt|78/100
|-start|p1a: Raging Bolt|confusion
|
|-weather|RainDance|[upkeep]
|upkeep
|turn|7
|
|t:|1758957536
|move|p2a: Zapdos|Volt Switch|p1a: Raging Bolt
|-resisted|p1a: Raging Bolt
|-crit|p1a: Raging Bolt
|-damage|p1a: Raging Bolt|67/100
|
|t:|1758957540
|switch|p2a: Garganacl|Garganacl, F|100/100|[from] Volt Switch
|-activate|p1a: Raging Bolt|confusion
|-damage|p1a: Raging Bolt|62/100|[from] confusion
|
|-weather|RainDance|[upkeep]
|upkeep
|turn|8
|
|t:|1758957556
|-activate|p1a: Raging Bolt|confusion
|move|p1a: Raging Bolt|Weather Ball|p2a: Garganacl
|-supereffective|p2a: Garganacl
|-damage|p2a: Garganacl|0 fnt
|faint|p2a: Garganacl
|
|-weather|RainDance|[upkeep]
|upkeep
|
|t:|1758957564
|switch|p2a: Barraskewda|Barraskewda, M|100/100
|turn|9
|
|t:|1758957577
|-end|p1a: Raging Bolt|Protosynthesis|[silent]
|switch|p1a: Hatterene|Hatterene, F|55/100 par
|-terastallize|p2a: Barraskewda|Ground
|move|p2a: Barraskewda|Drill Run|p1a: Hatterene
|-damage|p1a: Hatterene|0 fnt
|faint|p1a: Hatterene
|
|-weather|RainDance|[upkeep]
|upkeep
|
|t:|1758957587
|switch|p1a: Torkoal|Torkoal, M, shiny|100/100
|-weather|SunnyDay|[from] ability: Drought|[of] p1a: Torkoal
|turn|10
|
|t:|1758957601
|switch|p2a: Politoed|Politoed, M|100/100
|-weather|RainDance|[from] ability: Drizzle|[of] p2a: Politoed
|switch|p1a: Gliscor|Gliscor, M, shiny|51/100 tox
|
|-weather|RainDance|[upkeep]
|-heal|p1a: Gliscor|63/100 tox|[from] ability: Poison Heal
|upkeep
|turn|11
|
|t:|1758957614
|move|p1a: Gliscor|Protect|p1a: Gliscor
|-singleturn|p1a: Gliscor|Protect
|move|p2a: Politoed|Weather Ball|p1a: Gliscor
|-activate|p1a: Gliscor|move: Protect
|
|-weather|RainDance|[upkeep]
|-heal|p1a: Gliscor|75/100 tox|[from] ability: Poison Heal
|upkeep
|turn|12
|
|t:|1758957622
|switch|p1a: Torkoal|Torkoal, M, shiny|100/100
|-weather|SunnyDay|[from] ability: Drought|[of] p1a: Torkoal
|move|p2a: Politoed|Ice Beam|p1a: Torkoal
|-resisted|p1a: Torkoal
|-damage|p1a: Torkoal|88/100
|
|-weather|SunnyDay|[upkeep]
|upkeep
|turn|13
|
|t:|1758957630
|move|p2a: Politoed|Ice Beam|p1a: Torkoal
|-resisted|p1a: Torkoal
|-damage|p1a: Torkoal|77/100
|move|p1a: Torkoal|Stealth Rock|p2a: Politoed
|-sidestart|p2: Dokja ain't dead.|move: Stealth Rock
|
|-weather|SunnyDay|[upkeep]
|upkeep
|turn|14
|inactive|serome17 has 120 seconds left.
|
|t:|1758957642
|switch|p1a: Walking Wake|Walking Wake|100/100
|-activate|p1a: Walking Wake|ability: Protosynthesis
|-start|p1a: Walking Wake|protosynthesisspa
|move|p2a: Politoed|Ice Beam|p1a: Walking Wake
|-damage|p1a: Walking Wake|79/100
|
|-weather|SunnyDay|[upkeep]
|upkeep
|turn|15
|inactive|serome17 has 120 seconds left.
|
|t:|1758957651
|move|p1a: Walking Wake|Draco Meteor|p2a: Politoed
|-damage|p2a: Politoed|2/100
|-unboost|p1a: Walking Wake|spa|2
|move|p2a: Politoed|Ice Beam|p1a: Walking Wake
|-damage|p1a: Walking Wake|55/100
|
|-weather|SunnyDay|[upkeep]
|upkeep
|turn|16
|
|t:|1758957661
|move|p1a: Walking Wake|Draco Meteor|p2a: Politoed
|-damage|p2a: Politoed|0 fnt
|-unboost|p1a: Walking Wake|spa|2
|faint|p2a: Politoed
|
|-weather|none
|-end|p1a: Walking Wake|Protosynthesis
|upkeep
|
|t:|1758957668
|switch|p2a: Ogerpon|Ogerpon-Wellspring, F|100/100
|-damage|p2a: Ogerpon|88/100|[from] Stealth Rock
|turn|17
|
|t:|1758957673
|-end|p1a: Walking Wake|Protosynthesis|[silent]
|switch|p1a: Torkoal|Torkoal, M, shiny|77/100
|-weather|SunnyDay|[from] ability: Drought|[of] p1a: Torkoal
|move|p2a: Ogerpon|Ivy Cudgel|p1a: Torkoal|[anim] Ivy Cudgel Water
|-supereffective|p1a: Torkoal
|-damage|p1a: Torkoal|42/100
|
|-weather|SunnyDay|[upkeep]
|upkeep
|turn|18
|
|t:|1758957694
|move|p2a: Ogerpon|Ivy Cudgel|p1a: Torkoal|[anim] Ivy Cudgel Water
|-supereffective|p1a: Torkoal
|-damage|p1a: Torkoal|11/100
|move|p1a: Torkoal|Weather Ball|p2a: Ogerpon
|-damage|p2a: Ogerpon|35/100
|
|-weather|SunnyDay|[upkeep]
|upkeep
|turn|19
|
|t:|1758957708
|switch|p1a: Raging Bolt|Raging Bolt|62/100
|-activate|p1a: Raging Bolt|ability: Protosynthesis
|-start|p1a: Raging Bolt|protosynthesisspa
|move|p2a: Ogerpon|Ivy Cudgel|p1a: Raging Bolt|[anim] Ivy Cudgel Water
|-resisted|p1a: Raging Bolt
|-damage|p1a: Raging Bolt|50/100
|
|-weather|SunnyDay|[upkeep]
|upkeep
|turn|20
|inactive|serome17 has 120 seconds left.
|
|t:|1758957734
|switch|p2a: Zapdos|Zapdos|96/100
|move|p1a: Raging Bolt|Weather Ball|p2a: Zapdos
|-damage|p2a: Zapdos|9/100
|
|-weather|SunnyDay|[upkeep]
|upkeep
|turn|21
|inactive|serome17 has 120 seconds left.
|
|t:|1758957744
|move|p1a: Raging Bolt|Thunderclap|p2a: Zapdos
|-damage|p2a: Zapdos|0 fnt
|faint|p2a: Zapdos
|
|-weather|none
|-end|p1a: Raging Bolt|Protosynthesis
|upkeep
|
|t:|1758957748
|switch|p2a: Barraskewda|Barraskewda, M, tera:Ground|100/100
|-damage|p2a: Barraskewda|94/100|[from] Stealth Rock
|turn|22
|
|t:|1758957763
|-end|p1a: Raging Bolt|Protosynthesis|[silent]
|switch|p1a: Torkoal|Torkoal, M, shiny|11/100
|-weather|SunnyDay|[from] ability: Drought|[of] p1a: Torkoal
|move|p2a: Barraskewda|Flip Turn|p1a: Torkoal
|-supereffective|p1a: Torkoal
|-damage|p1a: Torkoal|0 fnt
|faint|p1a: Torkoal
|
|t:|1758957767
|switch|p2a: Pelipper|Pelipper, M|100/100|[from] Flip Turn
|-damage|p2a: Pelipper|76/100|[from] Stealth Rock
|-weather|RainDance|[from] ability: Drizzle|[of] p2a: Pelipper
|
|-weather|RainDance|[upkeep]
|upkeep
|
|t:|1758957784
|switch|p1a: Raging Bolt|Raging Bolt|50/100
|turn|23
|inactive|serome17 has 120 seconds left.
|
|t:|1758957821
|switch|p2a: Barraskewda|Barraskewda, M, tera:Ground|94/100
|-damage|p2a: Barraskewda|88/100|[from] Stealth Rock
|move|p1a: Raging Bolt|Thunderclap||[still]
|-fail|p1a: Raging Bolt
|
|-weather|RainDance|[upkeep]
|upkeep
|turn|24
|
|t:|1758957832
|move|p2a: Barraskewda|Liquidation|p1a: Raging Bolt
|-resisted|p1a: Raging Bolt
|-damage|p1a: Raging Bolt|14/100
|-unboost|p1a: Raging Bolt|def|1
|move|p1a: Raging Bolt|Tera Blast|p2a: Barraskewda
|-damage|p2a: Barraskewda|22/100
|
|-weather|RainDance|[upkeep]
|upkeep
|turn|25
|
|t:|1758957840
|move|p2a: Barraskewda|Liquidation|p1a: Raging Bolt
|-resisted|p1a: Raging Bolt
|-damage|p1a: Raging Bolt|0 fnt
|faint|p1a: Raging Bolt
|-end|p1a: Raging Bolt|Protosynthesis|[silent]
|
|-weather|RainDance|[upkeep]
|upkeep
|
|t:|1758957851
|switch|p1a: Walking Wake|Walking Wake|55/100
|turn|26
|
|t:|1758957868
|switch|p2a: Ogerpon|Ogerpon-Wellspring, F|35/100
|-damage|p2a: Ogerpon|22/100|[from] Stealth Rock
|move|p1a: Walking Wake|Flip Turn|p2a: Ogerpon
|-heal|p2a: Ogerpon|47/100|[from] ability: Water Absorb|[of] p1a: Walking Wake
|
|-weather|RainDance|[upkeep]
|upkeep
|turn|27
|
|t:|1758957880
|-end|p1a: Walking Wake|Protosynthesis|[silent]
|switch|p1a: Gholdengo|Gholdengo, shiny|100/100
|move|p2a: Ogerpon|Spiky Shield||[still]
|-fail|p2a: Ogerpon
|
|-weather|RainDance|[upkeep]
|upkeep
|turn|28
|
|t:|1758957888
|move|p1a: Gholdengo|Shadow Ball|p2a: Ogerpon
|-damage|p2a: Ogerpon|0 fnt
|faint|p2a: Ogerpon
|
|-weather|RainDance|[upkeep]
|upkeep
|
|t:|1758957893
|switch|p2a: Barraskewda|Barraskewda, M, tera:Ground|22/100
|-damage|p2a: Barraskewda|16/100|[from] Stealth Rock
|turn|29
|inactive|serome17 has 120 seconds left.
|
|t:|1758957900
|switch|p1a: Walking Wake|Walking Wake|55/100
|move|p2a: Barraskewda|Liquidation|p1a: Walking Wake
|-resisted|p1a: Walking Wake
|-damage|p1a: Walking Wake|30/100
|
|-weather|none
|upkeep
|turn|30
|
|t:|1758957909
|switch|p2a: Pelipper|Pelipper, M|76/100
|-damage|p2a: Pelipper|51/100|[from] Stealth Rock
|-weather|RainDance|[from] ability: Drizzle|[of] p2a: Pelipper
|move|p1a: Walking Wake|Draco Meteor|p2a: Pelipper
|-damage|p2a: Pelipper|0 fnt
|-unboost|p1a: Walking Wake|spa|2
|faint|p2a: Pelipper
|
|-weather|RainDance|[upkeep]
|upkeep
|
|t:|1758957912
|switch|p2a: Barraskewda|Barraskewda, M, tera:Ground|16/100
|-damage|p2a: Barraskewda|10/100|[from] Stealth Rock
|turn|31
|
|t:|1758957919
|move|p2a: Barraskewda|Liquidation|p1a: Walking Wake
|-resisted|p1a: Walking Wake
|-damage|p1a: Walking Wake|3/100
|move|p1a: Walking Wake|Draco Meteor|p2a: Barraskewda
|-damage|p2a: Barraskewda|0 fnt
|-unboost|p1a: Walking Wake|spa|2
|faint|p2a: Barraskewda
|
|win|serome17
|raw|serome17's rating: 1259 &rarr; <strong>1282</strong><br />(+23 for winning)
|raw|Dokja ain&apos;t dead.'s rating: 1229 &rarr; <strong>1206</strong><br />(-23 for losing)
|l|☆Dokja ain't dead.
|player|p2|
|l|☆serome17
|player|p1|
