|j|☆chedeqing
|j|☆nmx123
|t:|1758947644
|gametype|singles
|player|p1|chedeqing|firebreather|1587
|player|p2|nmx123|101|1667
|gen|9
|tier|[Gen 9] OU
|rated|
|rule|HP Percentage Mod: HP is shown in percentages
|rule|Endless Battle Clause: Forcing endless battles is banned
|rule|Species Clause: Limit one of each Pokémon
|rule|OHKO Clause: OHKO moves are banned
|rule|Evasion Items Clause: Evasion items are banned
|rule|Evasion Moves Clause: Evasion moves are banned
|rule|Evasion Abilities Clause: Evasion abilities are banned
|rule|Sleep Moves Clause: Sleep-inducing moves are banned
|clearpoke
|poke|p1|Quaquaval, M|
|poke|p1|Corviknight, M|
|poke|p1|Slowking-Galar, F|
|poke|p1|Landorus-Therian, M|
|poke|p1|Dragapult, F|
|poke|p1|Kyurem|
|poke|p2|Dragonite, F|
|poke|p2|Zamazenta-*|
|poke|p2|Gholdengo|
|poke|p2|Raging Bolt|
|poke|p2|Ninetales-Alola, F|
|poke|p2|Great Tusk|
|teampreview
|inactive|Battle timer is ON: inactive players will automatically lose when time's up. (requested by nmx123)
|
|t:|1758947666
|teamsize|p1|6
|teamsize|p2|6
|start
|switch|p1a: Slowking|Slowking-Galar, F|100/100
|switch|p2a: Gholdengo|Gholdengo|100/100
|turn|1
|
|t:|1758947678
|move|p2a: Gholdengo|Shadow Ball|p1a: Slowking
|-supereffective|p1a: Slowking
|-damage|p1a: Slowking|47/100
|-prepare|p1a: Slowking|Chilly Reception|[premajor]
|move|p1a: Slowking|Chilly Reception|p1a: Slowking
|-weather|Snowscape
|
|t:|1758947685
|switch|p1a: Landorus|Landorus-Therian, M, shiny|100/100|[from] Chilly Reception
|-ability|p1a: Landorus|Intimidate|boost
|-unboost|p2a: Gholdengo|atk|1
|
|-weather|Snowscape|[upkeep]
|upkeep
|turn|2
|
|t:|1758947692
|switch|p2a: Great Tusk|Great Tusk|100/100
|move|p1a: Landorus|Stealth Rock|p2a: Great Tusk
|-sidestart|p2: nmx123|move: Stealth Rock
|
|-weather|Snowscape|[upkeep]
|upkeep
|turn|3
|
|t:|1758947703
|switch|p1a: Corviknight|Corviknight, M, shiny|100/100
|-ability|p1a: Corviknight|Pressure
|move|p2a: Great Tusk|Stealth Rock|p1a: Corviknight
|-sidestart|p1: chedeqing|move: Stealth Rock
|
|-weather|Snowscape|[upkeep]
|upkeep
|turn|4
|
|t:|1758947710
|move|p2a: Great Tusk|Knock Off|p1a: Corviknight
|-damage|p1a: Corviknight|82/100
|-damage|p2a: Great Tusk|84/100|[from] item: Rocky Helmet|[of] p1a: Corviknight
|-enditem|p1a: Corviknight|Rocky Helmet|[from] move: Knock Off|[of] p2a: Great Tusk
|move|p1a: Corviknight|U-turn|p2a: Great Tusk
|-resisted|p2a: Great Tusk
|-damage|p2a: Great Tusk|79/100
|-damage|p1a: Corviknight|66/100|[from] item: Rocky Helmet|[of] p2a: Great Tusk
|
|t:|1758947723
|switch|p1a: Kyurem|Kyurem|100/100|[from] U-turn
|-damage|p1a: Kyurem|76/100|[from] Stealth Rock
|-ability|p1a: Kyurem|Pressure
|
|-weather|Snowscape|[upkeep]
|-heal|p1a: Kyurem|82/100|[from] item: Leftovers
|upkeep
|turn|5
|
|t:|1758947734
|-end|p2a: Great Tusk|Protosynthesis|[silent]
|switch|p2a: Gholdengo|Gholdengo|100/100
|-damage|p2a: Gholdengo|94/100|[from] Stealth Rock
|move|p1a: Kyurem|Substitute|p1a: Kyurem
|-start|p1a: Kyurem|Substitute
|-damage|p1a: Kyurem|57/100
|
|-weather|none
|-heal|p1a: Kyurem|63/100|[from] item: Leftovers
|upkeep
|turn|6
|inactive|nmx123 has 120 seconds left.
|
|t:|1758947764
|move|p1a: Kyurem|Protect|p1a: Kyurem
|-singleturn|p1a: Kyurem|Protect
|move|p2a: Gholdengo|Shadow Ball|p1a: Kyurem
|-activate|p1a: Kyurem|move: Protect
|
|-heal|p1a: Kyurem|69/100|[from] item: Leftovers
|upkeep
|turn|7
|
|t:|1758947772
|move|p2a: Gholdengo|Shadow Ball|p1a: Kyurem
|-end|p1a: Kyurem|Substitute
|move|p1a: Kyurem|Earth Power|p2a: Gholdengo
|-supereffective|p2a: Gholdengo
|-damage|p2a: Gholdengo|23/100
|
|-heal|p1a: Kyurem|75/100|[from] item: Leftovers
|upkeep
|turn|8
|
|t:|1758947786
|move|p2a: Gholdengo|Shadow Ball|p1a: Kyurem
|-damage|p1a: Kyurem|35/100
|move|p1a: Kyurem|Substitute|p1a: Kyurem
|-start|p1a: Kyurem|Substitute
|-damage|p1a: Kyurem|10/100
|
|-heal|p1a: Kyurem|17/100|[from] item: Leftovers
|upkeep
|turn|9
|
|t:|1758947793
|move|p1a: Kyurem|Protect|p1a: Kyurem
|-singleturn|p1a: Kyurem|Protect
|move|p2a: Gholdengo|Shadow Ball|p1a: Kyurem
|-activate|p1a: Kyurem|move: Protect
|
|-heal|p1a: Kyurem|23/100|[from] item: Leftovers
|upkeep
|turn|10
|
|t:|1758947801
|move|p2a: Gholdengo|Shadow Ball|p1a: Kyurem
|-end|p1a: Kyurem|Substitute
|move|p1a: Kyurem|Earth Power|p2a: Gholdengo
|-supereffective|p2a: Gholdengo
|-damage|p2a: Gholdengo|0 fnt
|faint|p2a: Gholdengo
|
|-heal|p1a: Kyurem|29/100|[from] item: Leftovers
|upkeep
|
|t:|1758947807
|switch|p2a: Zamazenta|Zamazenta|100/100
|-damage|p2a: Zamazenta|94/100|[from] Stealth Rock
|-ability|p2a: Zamazenta|Dauntless Shield|boost
|-boost|p2a: Zamazenta|def|1
|turn|11
|
|t:|1758947817
|switch|p1a: Landorus|Landorus-Therian, M, shiny|100/100
|-damage|p1a: Landorus|88/100|[from] Stealth Rock
|-ability|p1a: Landorus|Intimidate|boost
|-unboost|p2a: Zamazenta|atk|1
|move|p2a: Zamazenta|Body Press|p1a: Landorus
|-resisted|p1a: Landorus
|-damage|p1a: Landorus|68/100
|-damage|p2a: Zamazenta|78/100|[from] item: Rocky Helmet|[of] p1a: Landorus
|
|-heal|p2a: Zamazenta|84/100|[from] item: Leftovers
|upkeep
|turn|12
|
|t:|1758947832
|move|p2a: Zamazenta|Iron Defense|p2a: Zamazenta
|-boost|p2a: Zamazenta|def|2
|move|p1a: Landorus|U-turn|p2a: Zamazenta
|-resisted|p2a: Zamazenta
|-damage|p2a: Zamazenta|81/100
|
|t:|1758947838
|switch|p1a: Slowking|Slowking-Galar, F|80/100|[from] U-turn
|
|-heal|p2a: Zamazenta|87/100|[from] item: Leftovers
|upkeep
|turn|13
|inactive|nmx123 has 120 seconds left.
|
|t:|1758947874
|switch|p2a: Ninetales|Ninetales-Alola, F|100/100
|-damage|p2a: Ninetales|76/100|[from] Stealth Rock
|-weather|Snowscape|[from] ability: Snow Warning|[of] p2a: Ninetales
|move|p1a: Slowking|Thunder Wave|p2a: Ninetales
|-status|p2a: Ninetales|par
|
|-weather|Snowscape|[upkeep]
|upkeep
|turn|14
|
|t:|1758947886
|move|p2a: Ninetales|Aurora Veil|p2a: Ninetales
|-sidestart|p2: nmx123|move: Aurora Veil
|move|p1a: Slowking|Future Sight|p2a: Ninetales
|-start|p1a: Slowking|move: Future Sight
|
|-weather|Snowscape|[upkeep]
|upkeep
|turn|15
|inactive|nmx123 has 120 seconds left.
|
|t:|1758947917
|move|p2a: Ninetales|Encore|p1a: Slowking
|-start|p1a: Slowking|Encore
|move|p1a: Slowking|Future Sight||[still]
|-fail|p1a: Slowking
|
|-weather|Snowscape|[upkeep]
|upkeep
|turn|16
|
|t:|1758947950
|switch|p1a: Corviknight|Corviknight, M, shiny|66/100
|-damage|p1a: Corviknight|53/100|[from] Stealth Rock
|-ability|p1a: Corviknight|Pressure
|move|p2a: Ninetales|Freeze-Dry|p1a: Corviknight
|-damage|p1a: Corviknight|34/100
|
|-weather|Snowscape|[upkeep]
|-end|p2a: Ninetales|move: Future Sight
|-damage|p2a: Ninetales|55/100 par
|upkeep
|turn|17
|
|t:|1758947964
|switch|p2a: Raging Bolt|Raging Bolt|100/100
|-damage|p2a: Raging Bolt|88/100|[from] Stealth Rock
|move|p1a: Corviknight|Roost|p1a: Corviknight
|-heal|p1a: Corviknight|84/100
|-singleturn|p1a: Corviknight|move: Roost
|
|-weather|none
|upkeep
|turn|18
|
|t:|1758947972
|switch|p1a: Landorus|Landorus-Therian, M, shiny|68/100
|-damage|p1a: Landorus|55/100|[from] Stealth Rock
|-ability|p1a: Landorus|Intimidate|boost
|-unboost|p2a: Raging Bolt|atk|1
|move|p2a: Raging Bolt|Thunderbolt|p1a: Landorus
|-immune|p1a: Landorus
|
|upkeep
|turn|19
|inactive|chedeqing has 120 seconds left.
|
|t:|1758947994
|-end|p2a: Raging Bolt|Protosynthesis|[silent]
|switch|p2a: Great Tusk|Great Tusk|79/100
|-damage|p2a: Great Tusk|76/100|[from] Stealth Rock
|move|p1a: Landorus|Earthquake|p2a: Great Tusk
|-damage|p2a: Great Tusk|61/100
|
|upkeep
|turn|20
|inactive|nmx123 has 120 seconds left.
|inactive|chedeqing has 120 seconds left.
|
|t:|1758948016
|-terastallize|p2a: Great Tusk|Dark
|move|p1a: Landorus|U-turn|p2a: Great Tusk
|-supereffective|p2a: Great Tusk
|-damage|p2a: Great Tusk|45/100
|-damage|p1a: Landorus|39/100|[from] item: Rocky Helmet|[of] p2a: Great Tusk
|
|t:|1758948022
|switch|p1a: Corviknight|Corviknight, M, shiny|84/100|[from] U-turn
|-damage|p1a: Corviknight|72/100|[from] Stealth Rock
|-ability|p1a: Corviknight|Pressure
|move|p2a: Great Tusk|Knock Off|p1a: Corviknight
|-crit|p1a: Corviknight
|-damage|p1a: Corviknight|40/100
|
|upkeep
|turn|21
|inactive|chedeqing has 120 seconds left.
|inactive|nmx123 has 120 seconds left.
|
|t:|1758948035
|move|p2a: Great Tusk|Rapid Spin|p1a: Corviknight
|-resisted|p1a: Corviknight
|-damage|p1a: Corviknight|35/100
|-boost|p2a: Great Tusk|spe|1
|-sideend|p2: nmx123|Stealth Rock|[from] move: Rapid Spin|[of] p2a: Great Tusk
|move|p1a: Corviknight|Roost|p1a: Corviknight
|-heal|p1a: Corviknight|85/100
|-singleturn|p1a: Corviknight|move: Roost
|
|-sideend|p2: nmx123|move: Aurora Veil
|upkeep
|turn|22
|inactive|chedeqing has 120 seconds left.
|inactive|nmx123 has 120 seconds left.
|
|t:|1758948046
|move|p2a: Great Tusk|Stealth Rock||[still]
|-fail|p2a: Great Tusk
|move|p1a: Corviknight|Defog|p2a: Great Tusk
|-unboost|p2a: Great Tusk|evasion|1
|-sideend|p1: chedeqing|Stealth Rock|[from] move: Defog|[of] p1a: Corviknight
|
|upkeep
|turn|23
|
|t:|1758948053
|move|p2a: Great Tusk|Stealth Rock|p1a: Corviknight
|-sidestart|p1: chedeqing|move: Stealth Rock
|move|p1a: Corviknight|Defog|p2a: Great Tusk
|-unboost|p2a: Great Tusk|evasion|1
|-sideend|p1: chedeqing|Stealth Rock|[from] move: Defog|[of] p1a: Corviknight
|
|upkeep
|turn|24
|
|t:|1758948072
|-end|p2a: Great Tusk|Protosynthesis|[silent]
|switch|p2a: Ninetales|Ninetales-Alola, F|55/100 par
|-weather|Snowscape|[from] ability: Snow Warning|[of] p2a: Ninetales
|move|p1a: Corviknight|Defog|p2a: Ninetales
|-unboost|p2a: Ninetales|evasion|1
|
|-weather|Snowscape|[upkeep]
|upkeep
|turn|25
|
|t:|1758948079
|move|p2a: Ninetales|Aurora Veil|p2a: Ninetales
|-sidestart|p2: nmx123|move: Aurora Veil
|move|p1a: Corviknight|U-turn|p2a: Ninetales
|-resisted|p2a: Ninetales
|-damage|p2a: Ninetales|52/100 par
|
|t:|1758948086
|switch|p1a: Slowking|Slowking-Galar, F|100/100|[from] U-turn
|
|-weather|Snowscape|[upkeep]
|upkeep
|turn|26
|
|t:|1758948099
|move|p2a: Ninetales|Freeze-Dry|p1a: Slowking
|-damage|p1a: Slowking|88/100
|move|p1a: Slowking|Future Sight|p2a: Ninetales
|-start|p1a: Slowking|move: Future Sight
|
|-weather|Snowscape|[upkeep]
|upkeep
|turn|27
|
|t:|1758948104
|switch|p1a: Corviknight|Corviknight, M, shiny|85/100
|-ability|p1a: Corviknight|Pressure
|move|p2a: Ninetales|Encore||[still]
|-fail|p2a: Ninetales
|
|-weather|Snowscape|[upkeep]
|upkeep
|turn|28
|
|t:|1758948111
|switch|p2a: Great Tusk|Great Tusk, tera:Dark|45/100
|move|p1a: Corviknight|U-turn|p2a: Great Tusk
|-supereffective|p2a: Great Tusk
|-damage|p2a: Great Tusk|36/100
|-damage|p1a: Corviknight|68/100|[from] item: Rocky Helmet|[of] p2a: Great Tusk
|
|t:|1758948121
|switch|p1a: Quaquaval|Quaquaval, M, shiny|100/100|[from] U-turn
|
|-weather|none
|-end|p2a: Great Tusk|move: Future Sight
|-immune|p2a: Great Tusk
|upkeep
|turn|29
|
|t:|1758948127
|-end|p2a: Great Tusk|Protosynthesis|[silent]
|switch|p2a: Zamazenta|Zamazenta|87/100
|move|p1a: Quaquaval|Aqua Step|p2a: Zamazenta
|-damage|p2a: Zamazenta|75/100
|-boost|p1a: Quaquaval|spe|1
|
|-heal|p2a: Zamazenta|81/100|[from] item: Leftovers
|upkeep
|turn|30
|
|t:|1758948140
|switch|p1a: Slowking|Slowking-Galar, F|100/100
|move|p2a: Zamazenta|Iron Defense|p2a: Zamazenta
|-boost|p2a: Zamazenta|def|2
|
|-heal|p2a: Zamazenta|87/100|[from] item: Leftovers
|upkeep
|turn|31
|
|t:|1758948147
|move|p2a: Zamazenta|Crunch|p1a: Slowking
|-supereffective|p1a: Slowking
|-damage|p1a: Slowking|55/100
|move|p1a: Slowking|Thunder Wave|p2a: Zamazenta
|-status|p2a: Zamazenta|par
|
|-heal|p2a: Zamazenta|93/100 par|[from] item: Leftovers
|upkeep
|turn|32
|
|t:|1758948157
|move|p2a: Zamazenta|Crunch|p1a: Slowking
|-supereffective|p1a: Slowking
|-damage|p1a: Slowking|11/100
|move|p1a: Slowking|Future Sight|p2a: Zamazenta
|-start|p1a: Slowking|move: Future Sight
|
|-heal|p2a: Zamazenta|99/100 par|[from] item: Leftovers
|-sideend|p2: nmx123|move: Aurora Veil
|upkeep
|turn|33
|
|t:|1758948175
|switch|p1a: Landorus|Landorus-Therian, M, shiny|39/100
|-ability|p1a: Landorus|Intimidate|boost
|-unboost|p2a: Zamazenta|atk|1
|cant|p2a: Zamazenta|par
|
|-heal|p2a: Zamazenta|100/100 par|[from] item: Leftovers
|upkeep
|turn|34
|
|t:|1758948184
|switch|p2a: Great Tusk|Great Tusk, tera:Dark|36/100
|move|p1a: Landorus|Stealth Rock|p2a: Great Tusk
|-sidestart|p2: nmx123|move: Stealth Rock
|
|-end|p2a: Great Tusk|move: Future Sight
|-immune|p2a: Great Tusk
|upkeep
|turn|35
|
|t:|1758948195
|move|p1a: Landorus|Earthquake|p2a: Great Tusk
|-damage|p2a: Great Tusk|1/100
|move|p2a: Great Tusk|Stealth Rock|p1a: Landorus
|-sidestart|p1: chedeqing|move: Stealth Rock
|
|upkeep
|turn|36
|
|t:|1758948213
|move|p1a: Landorus|Earthquake|p2a: Great Tusk
|-damage|p2a: Great Tusk|0 fnt
|faint|p2a: Great Tusk
|-end|p2a: Great Tusk|Protosynthesis|[silent]
|
|upkeep
|
|t:|1758948219
|switch|p2a: Ninetales|Ninetales-Alola, F|52/100 par
|-damage|p2a: Ninetales|27/100 par|[from] Stealth Rock
|-weather|Snowscape|[from] ability: Snow Warning|[of] p2a: Ninetales
|turn|37
|
|t:|1758948226
|move|p1a: Landorus|Taunt|p2a: Ninetales
|-start|p2a: Ninetales|move: Taunt
|cant|p2a: Ninetales|move: Taunt|Aurora Veil
|
|-weather|Snowscape|[upkeep]
|upkeep
|turn|38
|
|t:|1758948231
|move|p1a: Landorus|Earthquake|p2a: Ninetales
|-damage|p2a: Ninetales|0 fnt
|faint|p2a: Ninetales
|
|-weather|Snowscape|[upkeep]
|upkeep
|
|t:|1758948241
|switch|p2a: Dragonite|Dragonite, F|100/100
|-damage|p2a: Dragonite|75/100|[from] Stealth Rock
|turn|39
|
|t:|1758948252
|move|p1a: Landorus|U-turn|p2a: Dragonite
|-resisted|p2a: Dragonite
|-damage|p2a: Dragonite|65/100
|
|t:|1758948258
|switch|p1a: Quaquaval|Quaquaval, M, shiny|100/100|[from] U-turn
|-damage|p1a: Quaquaval|94/100|[from] Stealth Rock
|move|p2a: Dragonite|Outrage|p1a: Quaquaval
|-damage|p1a: Quaquaval|0 fnt
|faint|p1a: Quaquaval
|
|-weather|Snowscape|[upkeep]
|upkeep
|
|t:|1758948269
|switch|p1a: Dragapult|Dragapult, F, shiny|100/100
|-damage|p1a: Dragapult|88/100|[from] Stealth Rock
|turn|40
|
|t:|1758948277
|move|p1a: Dragapult|Dragon Darts|p2a: Dragonite
|-supereffective|p2a: Dragonite
|-damage|p2a: Dragonite|0 fnt
|faint|p2a: Dragonite
|
|-weather|Snowscape|[upkeep]
|upkeep
|
|t:|1758948281
|switch|p2a: Zamazenta|Zamazenta|100/100 par
|-damage|p2a: Zamazenta|94/100 par|[from] Stealth Rock
|turn|41
|
|t:|1758948299
|switch|p1a: Corviknight|Corviknight, M, shiny|68/100
|-damage|p1a: Corviknight|56/100|[from] Stealth Rock
|-ability|p1a: Corviknight|Pressure
|move|p2a: Zamazenta|Crunch|p1a: Corviknight
|-damage|p1a: Corviknight|41/100
|
|-weather|none
|-heal|p2a: Zamazenta|100/100 par|[from] item: Leftovers
|upkeep
|turn|42
|
|t:|1758948313
|move|p2a: Zamazenta|Iron Defense|p2a: Zamazenta
|-boost|p2a: Zamazenta|def|2
|move|p1a: Corviknight|Roost|p1a: Corviknight
|-heal|p1a: Corviknight|91/100
|-singleturn|p1a: Corviknight|move: Roost
|
|upkeep
|turn|43
|
|t:|1758948320
|move|p2a: Zamazenta|Iron Defense|p2a: Zamazenta
|-boost|p2a: Zamazenta|def|2
|move|p1a: Corviknight|Defog|p2a: Zamazenta
|-unboost|p2a: Zamazenta|evasion|1
|-sideend|p2: nmx123|Stealth Rock|[from] move: Defog|[of] p1a: Corviknight
|-sideend|p1: chedeqing|Stealth Rock|[from] move: Defog|[of] p1a: Corviknight
|
|upkeep
|turn|44
|
|t:|1758948339
|move|p2a: Zamazenta|Body Press|p1a: Corviknight
|-damage|p1a: Corviknight|19/100
|move|p1a: Corviknight|Brave Bird|p2a: Zamazenta
|-supereffective|p2a: Zamazenta
|-crit|p2a: Zamazenta
|-damage|p2a: Zamazenta|20/100 par
|-damage|p1a: Corviknight|0 fnt|[from] Recoil
|faint|p1a: Corviknight
|
|-heal|p2a: Zamazenta|26/100 par|[from] item: Leftovers
|upkeep
|
|t:|1758948349
|switch|p1a: Kyurem|Kyurem|29/100
|-ability|p1a: Kyurem|Pressure
|turn|45
|
|t:|1758948357
|move|p1a: Kyurem|Freeze-Dry|p2a: Zamazenta
|-damage|p2a: Zamazenta|0 fnt
|faint|p2a: Zamazenta
|
|-heal|p1a: Kyurem|35/100|[from] item: Leftovers
|upkeep
|
|t:|1758948361
|switch|p2a: Raging Bolt|Raging Bolt|88/100
|turn|46
|
|t:|1758948364
|move|p1a: Kyurem|Freeze-Dry|p2a: Raging Bolt
|-supereffective|p2a: Raging Bolt
|-damage|p2a: Raging Bolt|25/100
|move|p2a: Raging Bolt|Thunderbolt|p1a: Kyurem
|-resisted|p1a: Kyurem
|-damage|p1a: Kyurem|4/100
|-damage|p2a: Raging Bolt|15/100|[from] item: Life Orb
|
|-heal|p1a: Kyurem|10/100|[from] item: Leftovers
|upkeep
|turn|47
|-message|nmx123 forfeited.
|
|win|chedeqing
|raw|chedeqing's rating: 1587 &rarr; <strong>1612</strong><br />(+25 for winning)
|raw|nmx123's rating: 1667 &rarr; <strong>1642</strong><br />(-25 for losing)
|l|☆nmx123
|player|p2|
