|j|☆asmongoldfish
|j|☆prodnod
|t:|1758977020
|gametype|singles
|player|p1|asmongoldfish|cyclist-gen4|1126
|player|p2|prodnod|2|1125
|gen|9
|tier|[Gen 9] OU
|rated|
|rule|HP Percentage Mod: HP is shown in percentages
|rule|Endless Battle Clause: Forcing endless battles is banned
|rule|Species Clause: Limit one of each Pokémon
|rule|OHKO Clause: OHKO moves are banned
|rule|Evasion Items Clause: Evasion items are banned
|rule|Evasion Moves Clause: Evasion moves are banned
|rule|Evasion Abilities Clause: Evasion abilities are banned
|rule|Sleep Moves Clause: Sleep-inducing moves are banned
|clearpoke
|poke|p1|Toucannon, M|
|poke|p1|Deoxys-Defense|
|poke|p1|Tsareena, F|
|poke|p1|Exeggutor, M|
|poke|p1|Spiritomb, M|
|poke|p1|Cramorant, F|
|poke|p2|Cloyster, F|
|poke|p2|Landorus-Therian, M|
|poke|p2|Iron Valiant|
|poke|p2|Grimmsnarl, M|
|poke|p2|Blaziken, M|
|poke|p2|Kingambit, F|
|teampreview
|inactive|Battle timer is ON: inactive players will automatically lose when time's up. (requested by asmongoldfish)
|
|t:|1758977027
|teamsize|p1|6
|teamsize|p2|6
|start
|switch|p1a: Earl|Cramorant, F|100/100
|switch|p2a: Grimmsnarl|Grimmsnarl, M|100/100
|turn|1
|
|t:|1758977035
|move|p2a: Grimmsnarl|Reflect|p2a: Grimmsnarl
|-sidestart|p2: prodnod|Reflect
|move|p1a: Earl|Surf|p2a: Grimmsnarl
|-formechange|p1a: Earl|Cramorant-Gulping|
|-damage|p2a: Grimmsnarl|73/100
|
|upkeep
|turn|2
|
|t:|1758977043
|move|p2a: Grimmsnarl|Light Screen|p2a: Grimmsnarl
|-sidestart|p2: prodnod|move: Light Screen
|move|p1a: Earl|Air Slash|p2a: Grimmsnarl
|-damage|p2a: Grimmsnarl|61/100
|
|upkeep
|turn|3
|
|t:|1758977052
|move|p1a: Earl|Surf|p2a: Grimmsnarl
|-damage|p2a: Grimmsnarl|48/100
|move|p2a: Grimmsnarl|Spirit Break|p1a: Earl
|-damage|p1a: Earl|46/100
|-unboost|p1a: Earl|spa|1
|-damage|p2a: Grimmsnarl|23/100|[from] ability: Gulp Missile|[of] p1a: Earl
|-unboost|p2a: Grimmsnarl|def|1
|-formechange|p1a: Earl|Cramorant|
|
|upkeep
|turn|4
|
|t:|1758977066
|move|p1a: Earl|Roost|p1a: Earl
|-heal|p1a: Earl|96/100
|-singleturn|p1a: Earl|move: Roost
|move|p2a: Grimmsnarl|Spirit Break|p1a: Earl
|-damage|p1a: Earl|36/100
|-unboost|p1a: Earl|spa|1
|
|upkeep
|turn|5
|
|t:|1758977078
|switch|p1a: Mr Saturday|Spiritomb, M|100/100
|move|p2a: Grimmsnarl|Spirit Break|p1a: Mr Saturday
|-supereffective|p1a: Mr Saturday
|-damage|p1a: Mr Saturday|31/100
|-unboost|p1a: Mr Saturday|spa|1
|
|-heal|p1a: Mr Saturday|38/100|[from] item: Leftovers
|upkeep
|turn|6
|
|t:|1758977092
|move|p2a: Grimmsnarl|Spirit Break|p1a: Mr Saturday
|-supereffective|p1a: Mr Saturday
|-damage|p1a: Mr Saturday|0 fnt
|faint|p1a: Mr Saturday
|
|upkeep
|
|t:|1758977096
|switch|p1a: Q|Tsareena, F|100/100
|turn|7
|
|t:|1758977104
|move|p2a: Grimmsnarl|Parting Shot||[still]
|cant|p1a: Q|ability: Queenly Majesty|Parting Shot|[of] p2a: Grimmsnarl
|move|p1a: Q|Taunt|p2a: Grimmsnarl
|-start|p2a: Grimmsnarl|move: Taunt
|
|upkeep
|turn|8
|
|t:|1758977112
|move|p1a: Q|Trop Kick|p2a: Grimmsnarl
|-damage|p2a: Grimmsnarl|0 fnt
|faint|p2a: Grimmsnarl
|
|-sideend|p2: prodnod|Reflect
|upkeep
|
|t:|1758977121
|switch|p2a: Cloyster|Cloyster, F|100/100
|turn|9
|
|t:|1758977125
|move|p2a: Cloyster|Shell Smash|p2a: Cloyster
|-unboost|p2a: Cloyster|def|1
|-unboost|p2a: Cloyster|spd|1
|-boost|p2a: Cloyster|atk|2
|-boost|p2a: Cloyster|spa|2
|-boost|p2a: Cloyster|spe|2
|move|p1a: Q|Taunt|p2a: Cloyster
|-start|p2a: Cloyster|move: Taunt
|
|-sideend|p2: prodnod|move: Light Screen
|upkeep
|turn|10
|
|t:|1758977138
|switch|p1a: Jin Seng|Exeggutor, M, shiny|100/100
|move|p2a: Cloyster|Icicle Spear|p1a: Jin Seng
|-supereffective|p1a: Jin Seng
|-damage|p1a: Jin Seng|70/100
|-supereffective|p1a: Jin Seng
|-damage|p1a: Jin Seng|36/100
|-supereffective|p1a: Jin Seng
|-damage|p1a: Jin Seng|7/100
|-supereffective|p1a: Jin Seng
|-damage|p1a: Jin Seng|0 fnt
|faint|p1a: Jin Seng
|-hitcount|p1: Jin Seng|4
|
|upkeep
|
|t:|1758977140
|switch|p1a: Thermopylae|Toucannon, M|100/100
|turn|11
|
|t:|1758977150
|-terastallize|p1a: Thermopylae|Normal
|move|p2a: Cloyster|Icicle Spear|p1a: Thermopylae
|-damage|p1a: Thermopylae|73/100
|-crit|p1a: Thermopylae
|-damage|p1a: Thermopylae|33/100
|-damage|p1a: Thermopylae|4/100
|-damage|p1a: Thermopylae|0 fnt
|faint|p1a: Thermopylae
|-hitcount|p1: Thermopylae|4
|
|upkeep
|
|t:|1758977159
|switch|p1a: Earl|Cramorant, F|36/100
|turn|12
|
|t:|1758977168
|move|p2a: Cloyster|Icicle Spear|p1a: Earl
|-damage|p1a: Earl|0 fnt
|faint|p1a: Earl
|-hitcount|p1: Earl|1
|
|-end|p2a: Cloyster|move: Taunt
|upkeep
|
|t:|1758977170
|switch|p1a: Dell|Deoxys-Defense|100/100
|-ability|p1a: Dell|Pressure
|turn|13
|
|t:|1758977178
|move|p2a: Cloyster|Icicle Spear|p1a: Dell
|-damage|p1a: Dell|82/100
|-damage|p1a: Dell|66/100
|-damage|p1a: Dell|47/100
|-damage|p1a: Dell|29/100
|-damage|p1a: Dell|9/100
|-hitcount|p1a: Dell|5
|-enditem|p1a: Dell|Red Card|[of] p2a: Cloyster
|drag|p2a: Landorus|Landorus-Therian, M|100/100
|-ability|p2a: Landorus|Intimidate|boost
|-unboost|p1a: Dell|atk|1
|move|p1a: Dell|Reflect|p1a: Dell
|-sidestart|p1: asmongoldfish|Reflect
|
|upkeep
|turn|14
|
|t:|1758977191
|move|p2a: Landorus|U-turn|p1a: Dell
|-supereffective|p1a: Dell
|-crit|p1a: Dell
|-damage|p1a: Dell|0 fnt
|faint|p1a: Dell
|
|t:|1758977197
|switch|p2a: Blaziken|Blaziken, M|100/100|[from] U-turn
|
|upkeep
|
|t:|1758977199
|switch|p1a: Q|Tsareena, F|100/100
|turn|15
|
|t:|1758977207
|move|p2a: Blaziken|Flare Blitz|p1a: Q
|-supereffective|p1a: Q
|-damage|p1a: Q|36/100
|-damage|p2a: Blaziken|76/100|[from] Recoil
|move|p1a: Q|Taunt|p2a: Blaziken
|-start|p2a: Blaziken|move: Taunt
|
|-ability|p2a: Blaziken|Speed Boost|boost
|-boost|p2a: Blaziken|spe|1
|upkeep
|turn|16
|
|t:|1758977215
|move|p2a: Blaziken|Flare Blitz|p1a: Q
|-supereffective|p1a: Q
|-damage|p1a: Q|0 fnt
|faint|p1a: Q
|-damage|p2a: Blaziken|62/100|[from] Recoil
|
|win|prodnod
|raw|asmongoldfish's rating: 1126 &rarr; <strong>1101</strong><br />(-25 for losing)
|raw|prodnod's rating: 1125 &rarr; <strong>1150</strong><br />(+25 for winning)
|l|☆asmongoldfish
|player|p1|
|l|☆prodnod
|player|p2|
