|j|☆UmbreVGC
|j|☆AssassinLemony
|t:|1759032307
|gametype|singles
|player|p1|UmbreVGC|170|1305
|player|p2|AssassinLemony|1|1294
|gen|9
|tier|[Gen 9] OU
|rated|
|rule|HP Percentage Mod: HP is shown in percentages
|rule|Endless Battle Clause: Forcing endless battles is banned
|rule|Species Clause: Limit one of each Pokémon
|rule|OHKO Clause: OHKO moves are banned
|rule|Evasion Items Clause: Evasion items are banned
|rule|Evasion Moves Clause: Evasion moves are banned
|rule|Evasion Abilities Clause: Evasion abilities are banned
|rule|Sleep Moves Clause: Sleep-inducing moves are banned
|clearpoke
|poke|p1|Landorus-Therian, M|
|poke|p1|Samurott-Hisui, F|
|poke|p1|Pecharunt|
|poke|p1|Scizor, F|
|poke|p1|Latios, M|
|poke|p1|Zamazenta-*|
|poke|p2|Tyranitar, F|
|poke|p2|Excadrill, M|
|poke|p2|Kingambit, M|
|poke|p2|Garchomp, M|
|poke|p2|Pecharunt|
|poke|p2|Rotom-Wash|
|teampreview
|
|t:|1759032310
|teamsize|p1|6
|teamsize|p2|6
|start
|switch|p1a: Samurott|Samurott-Hisui, F|100/100
|switch|p2a: Tyranitar|Tyranitar, F|100/100
|-weather|Sandstorm|[from] ability: Sand Stream|[of] p2a: Tyranitar
|turn|1
|inactive|Battle timer is ON: inactive players will automatically lose when time's up. (requested by UmbreVGC)
|
|t:|1759032334
|move|p1a: Samurott|Razor Shell|p2a: Tyranitar
|-supereffective|p2a: Tyranitar
|-damage|p2a: Tyranitar|23/100
|-unboost|p2a: Tyranitar|def|1
|move|p2a: Tyranitar|Thunder Wave|p1a: Samurott|[miss]
|-miss|p2a: Tyranitar|p1a: Samurott
|
|-weather|Sandstorm|[upkeep]
|-damage|p1a: Samurott|94/100|[from] Sandstorm
|upkeep
|turn|2
|
|t:|1759032342
|switch|p2a: Rotom|Rotom-Wash|100/100
|move|p1a: Samurott|Ceaseless Edge|p2a: Rotom
|-damage|p2a: Rotom|64/100
|-sidestart|p2: AssassinLemony|Spikes
|
|-weather|Sandstorm|[upkeep]
|-damage|p1a: Samurott|88/100|[from] Sandstorm
|-damage|p2a: Rotom|57/100|[from] Sandstorm
|-heal|p2a: Rotom|64/100|[from] item: Leftovers
|upkeep
|turn|3
|
|t:|1759032347
|move|p1a: Samurott|Ceaseless Edge|p2a: Rotom
|-damage|p2a: Rotom|26/100
|-sidestart|p2: AssassinLemony|Spikes
|move|p2a: Rotom|Will-O-Wisp|p1a: Samurott
|-status|p1a: Samurott|brn
|
|-weather|Sandstorm|[upkeep]
|-damage|p1a: Samurott|82/100 brn|[from] Sandstorm
|-damage|p2a: Rotom|20/100|[from] Sandstorm
|-heal|p2a: Rotom|26/100|[from] item: Leftovers
|-damage|p1a: Samurott|76/100 brn|[from] brn
|upkeep
|turn|4
|
|t:|1759032352
|move|p1a: Samurott|Ceaseless Edge|p2a: Rotom
|-damage|p2a: Rotom|7/100
|-sidestart|p2: AssassinLemony|Spikes
|move|p2a: Rotom|Pain Split|p1a: Samurott
|-sethp|p1a: Samurott|41/100 brn|[from] move: Pain Split|[silent]
|-sethp|p2a: Rotom|44/100|[from] move: Pain Split
|
|-weather|Sandstorm|[upkeep]
|-damage|p1a: Samurott|35/100 brn|[from] Sandstorm
|-damage|p2a: Rotom|37/100|[from] Sandstorm
|-heal|p2a: Rotom|44/100|[from] item: Leftovers
|-damage|p1a: Samurott|29/100 brn|[from] brn
|upkeep
|turn|5
|
|t:|1759032360
|move|p1a: Samurott|Ceaseless Edge|p2a: Rotom
|-damage|p2a: Rotom|27/100
|move|p2a: Rotom|Volt Switch|p1a: Samurott
|-supereffective|p1a: Samurott
|-damage|p1a: Samurott|0 fnt
|faint|p1a: Samurott
|
|t:|1759032365
|switch|p2a: Excadrill|Excadrill, M|100/100|[from] Volt Switch
|-damage|p2a: Excadrill|76/100|[from] Spikes
|
|-weather|Sandstorm|[upkeep]
|upkeep
|
|t:|1759032371
|switch|p1a: Pecharunt|Pecharunt|100/100
|turn|6
|
|t:|1759032387
|-terastallize|p1a: Pecharunt|Dark
|move|p2a: Excadrill|Earthquake|p1a: Pecharunt
|-damage|p1a: Pecharunt|60/100
|-damage|p2a: Excadrill|66/100|[from] item: Life Orb
|move|p1a: Pecharunt|Shadow Ball|p2a: Excadrill
|-damage|p2a: Excadrill|35/100
|
|-weather|Sandstorm|[upkeep]
|-damage|p1a: Pecharunt|54/100|[from] Sandstorm
|upkeep
|turn|7
|
|t:|1759032396
|move|p2a: Excadrill|Rapid Spin|p1a: Pecharunt
|-damage|p1a: Pecharunt|42/100
|-boost|p2a: Excadrill|spe|1
|-sideend|p2: AssassinLemony|Spikes|[from] move: Rapid Spin|[of] p2a: Excadrill
|-damage|p2a: Excadrill|25/100|[from] item: Life Orb
|move|p1a: Pecharunt|Recover|p1a: Pecharunt
|-heal|p1a: Pecharunt|92/100
|
|-weather|Sandstorm|[upkeep]
|-damage|p1a: Pecharunt|86/100|[from] Sandstorm
|upkeep
|turn|8
|
|t:|1759032410
|switch|p2a: Rotom|Rotom-Wash|27/100
|move|p1a: Pecharunt|Recover|p1a: Pecharunt
|-heal|p1a: Pecharunt|100/100
|
|-weather|none
|-heal|p2a: Rotom|33/100|[from] item: Leftovers
|upkeep
|turn|9
|
|t:|1759032414
|move|p1a: Pecharunt|Malignant Chain|p2a: Rotom
|-damage|p2a: Rotom|0 fnt
|faint|p2a: Rotom
|
|upkeep
|
|t:|1759032417
|switch|p2a: Tyranitar|Tyranitar, F|23/100
|-weather|Sandstorm|[from] ability: Sand Stream|[of] p2a: Tyranitar
|turn|10
|
|t:|1759032421
|move|p1a: Pecharunt|Malignant Chain|p2a: Tyranitar
|-resisted|p2a: Tyranitar
|-crit|p2a: Tyranitar
|-damage|p2a: Tyranitar|13/100
|-status|p2a: Tyranitar|tox
|-start|p2a: Tyranitar|confusion|[from] ability: Poison Puppeteer|[of] p1a: Pecharunt
|-activate|p2a: Tyranitar|confusion
|-damage|p2a: Tyranitar|5/100 tox|[from] confusion
|
|-weather|Sandstorm|[upkeep]
|-damage|p1a: Pecharunt|94/100|[from] Sandstorm
|-damage|p2a: Tyranitar|0 fnt|[from] psn
|faint|p2a: Tyranitar
|upkeep
|
|t:|1759032442
|switch|p2a: Pecharunt|Pecharunt|100/100
|-item|p2a: Pecharunt|Air Balloon
|turn|11
|
|t:|1759032445
|move|p1a: Pecharunt|Shadow Ball|p2a: Pecharunt
|-supereffective|p2a: Pecharunt
|-damage|p2a: Pecharunt|53/100
|-enditem|p2a: Pecharunt|Air Balloon
|move|p2a: Pecharunt|Malignant Chain|p1a: Pecharunt
|-damage|p1a: Pecharunt|63/100
|
|-weather|Sandstorm|[upkeep]
|-damage|p1a: Pecharunt|57/100|[from] Sandstorm
|-damage|p2a: Pecharunt|47/100|[from] Sandstorm
|upkeep
|turn|12
|
|t:|1759032453
|move|p1a: Pecharunt|Shadow Ball|p2a: Pecharunt
|-supereffective|p2a: Pecharunt
|-damage|p2a: Pecharunt|0 fnt
|faint|p2a: Pecharunt
|
|-weather|Sandstorm|[upkeep]
|-damage|p1a: Pecharunt|51/100|[from] Sandstorm
|upkeep
|
|t:|1759032462
|switch|p2a: Garchomp|Garchomp, M|100/100
|turn|13
|
|t:|1759032470
|move|p2a: Garchomp|Scale Shot|p1a: Pecharunt
|-crit|p1a: Pecharunt
|-damage|p1a: Pecharunt|41/100
|-damage|p1a: Pecharunt|34/100
|-damage|p1a: Pecharunt|27/100
|-damage|p1a: Pecharunt|20/100
|-hitcount|p1a: Pecharunt|4
|-unboost|p2a: Garchomp|def|1
|-boost|p2a: Garchomp|spe|1
|move|p1a: Pecharunt|Recover|p1a: Pecharunt
|-heal|p1a: Pecharunt|70/100
|
|-weather|Sandstorm|[upkeep]
|-damage|p1a: Pecharunt|64/100|[from] Sandstorm
|upkeep
|turn|14
|
|t:|1759032481
|move|p2a: Garchomp|Swords Dance|p2a: Garchomp
|-boost|p2a: Garchomp|atk|2
|move|p1a: Pecharunt|Recover|p1a: Pecharunt
|-heal|p1a: Pecharunt|100/100
|
|-weather|Sandstorm|[upkeep]
|-damage|p1a: Pecharunt|94/100|[from] Sandstorm
|upkeep
|turn|15
|
|t:|1759032487
|move|p2a: Garchomp|Swords Dance|p2a: Garchomp
|-boost|p2a: Garchomp|atk|2
|move|p1a: Pecharunt|Malignant Chain|p2a: Garchomp
|-resisted|p2a: Garchomp
|-damage|p2a: Garchomp|85/100
|-status|p2a: Garchomp|tox
|-start|p2a: Garchomp|confusion|[from] ability: Poison Puppeteer|[of] p1a: Pecharunt
|
|-weather|Sandstorm|[upkeep]
|-damage|p1a: Pecharunt|88/100|[from] Sandstorm
|-damage|p2a: Garchomp|79/100 tox|[from] psn
|upkeep
|turn|16
|c|☆AssassinLemony|nice hax
|
|t:|1759032500
|-activate|p2a: Garchomp|confusion
|move|p2a: Garchomp|Earthquake|p1a: Pecharunt
|-damage|p1a: Pecharunt|16/100
|move|p1a: Pecharunt|Parting Shot|p2a: Garchomp
|-unboost|p2a: Garchomp|atk|1
|-unboost|p2a: Garchomp|spa|1
|
|t:|1759032504
|switch|p1a: Landorus|Landorus-Therian, M|100/100|[from] Parting Shot
|-ability|p1a: Landorus|Intimidate|boost
|-unboost|p2a: Garchomp|atk|1
|
|-weather|Sandstorm|[upkeep]
|-damage|p2a: Garchomp|66/100 tox|[from] psn
|upkeep
|turn|17
|
|t:|1759032532
|-activate|p2a: Garchomp|confusion
|-damage|p2a: Garchomp|22/100 tox|[from] confusion
|move|p1a: Landorus|Earthquake|p2a: Garchomp
|-damage|p2a: Garchomp|0 fnt
|faint|p2a: Garchomp
|
|-weather|none
|upkeep
|-message|AssassinLemony forfeited.
|
|win|UmbreVGC
|raw|UmbreVGC's rating: 1305 &rarr; <strong>1324</strong><br />(+19 for winning)
|raw|AssassinLemony's rating: 1294 &rarr; <strong>1270</strong><br />(-24 for losing)
|l|☆AssassinLemony
|player|p2|
|l|☆UmbreVGC
|player|p1|
