|j|☆oehtwashere
|j|☆hungrymane
|t:|1758917179
|gametype|singles
|player|p1|oehtwashere|supernerd|1753
|player|p2|hungrymane|169|1784
|gen|9
|tier|[Gen 9] OU
|rated|
|rule|HP Percentage Mod: HP is shown in percentages
|rule|Endless Battle Clause: Forcing endless battles is banned
|rule|Species Clause: Limit one of each Pokémon
|rule|OHKO Clause: OHKO moves are banned
|rule|Evasion Items Clause: Evasion items are banned
|rule|Evasion Moves Clause: Evasion moves are banned
|rule|Evasion Abilities Clause: Evasion abilities are banned
|rule|Sleep Moves Clause: Sleep-inducing moves are banned
|clearpoke
|poke|p1|Ribombee, F|
|poke|p1|Gholdengo|
|poke|p1|Raging Bolt|
|poke|p1|Iron Valiant|
|poke|p1|Ceruledge, F|
|poke|p1|Deoxys-Speed|
|poke|p2|Torkoal, F|
|poke|p2|Whimsicott, M|
|poke|p2|Cinderace, F|
|poke|p2|Walking Wake|
|poke|p2|Sandy Shocks|
|poke|p2|Great Tusk|
|teampreview
|inactive|Battle timer is ON: inactive players will automatically lose when time's up. (requested by oehtwashere)
|
|t:|1758917188
|teamsize|p1|6
|teamsize|p2|6
|start
|switch|p1a: Ribombee|Ribombee, F|100/100
|switch|p2a: Torkoal|Torkoal, F|100/100
|-weather|SunnyDay|[from] ability: Drought|[of] p2a: Torkoal
|turn|1
|
|t:|1758917194
|move|p1a: Ribombee|Stun Spore|p2a: Torkoal|[miss]
|-miss|p1a: Ribombee|p2a: Torkoal
|move|p2a: Torkoal|Stealth Rock|p1a: Ribombee
|-sidestart|p1: oehtwashere|move: Stealth Rock
|
|-weather|SunnyDay|[upkeep]
|upkeep
|turn|2
|
|t:|1758917198
|move|p1a: Ribombee|Sticky Web|p2a: Torkoal
|-sidestart|p2: hungrymane|move: Sticky Web
|move|p2a: Torkoal|Rapid Spin|p1a: Ribombee
|-damage|p1a: Ribombee|80/100
|-boost|p2a: Torkoal|spe|1
|-sideend|p2: hungrymane|Sticky Web|[from] move: Rapid Spin|[of] p2a: Torkoal
|
|-weather|SunnyDay|[upkeep]
|upkeep
|turn|3
|
|t:|1758917201
|move|p1a: Ribombee|Sticky Web|p2a: Torkoal
|-sidestart|p2: hungrymane|move: Sticky Web
|move|p2a: Torkoal|Rapid Spin|p1a: Ribombee
|-damage|p1a: Ribombee|59/100
|-boost|p2a: Torkoal|spe|1
|-sideend|p2: hungrymane|Sticky Web|[from] move: Rapid Spin|[of] p2a: Torkoal
|
|-weather|SunnyDay|[upkeep]
|upkeep
|turn|4
|
|t:|1758917203
|switch|p1a: Ceruledge|Ceruledge, F|100/100
|-damage|p1a: Ceruledge|76/100|[from] Stealth Rock
|move|p2a: Torkoal|Rapid Spin|p1a: Ceruledge
|-immune|p1a: Ceruledge
|
|-weather|SunnyDay|[upkeep]
|upkeep
|turn|5
|
|t:|1758917208
|move|p1a: Ceruledge|Swords Dance|p1a: Ceruledge
|-boost|p1a: Ceruledge|atk|2
|move|p2a: Torkoal|Lava Plume|p1a: Ceruledge
|-resisted|p1a: Ceruledge
|-damage|p1a: Ceruledge|55/100
|
|-weather|SunnyDay|[upkeep]
|upkeep
|turn|6
|
|t:|1758917223
|switch|p2a: Walking Wake|Walking Wake|100/100
|-activate|p2a: Walking Wake|ability: Protosynthesis
|-start|p2a: Walking Wake|protosynthesisspa
|move|p1a: Ceruledge|Bitter Blade|p2a: Walking Wake
|-resisted|p2a: Walking Wake
|-damage|p2a: Walking Wake|67/100
|-heal|p1a: Ceruledge|79/100|[from] drain|[of] p2a: Walking Wake
|-damage|p1a: Ceruledge|62/100|[from] item: Rocky Helmet|[of] p2a: Walking Wake
|
|-weather|SunnyDay|[upkeep]
|upkeep
|turn|7
|j| Cheisyxhwjq
|
|t:|1758917235
|move|p1a: Ceruledge|Shadow Sneak|p2a: Walking Wake
|-damage|p2a: Walking Wake|29/100
|-damage|p1a: Ceruledge|46/100|[from] item: Rocky Helmet|[of] p2a: Walking Wake
|move|p2a: Walking Wake|Weather Ball|p1a: Ceruledge
|-resisted|p1a: Ceruledge
|-damage|p1a: Ceruledge|7/100
|
|-weather|SunnyDay|[upkeep]
|upkeep
|turn|8
|
|t:|1758917238
|move|p1a: Ceruledge|Shadow Sneak|p2a: Walking Wake
|-damage|p2a: Walking Wake|0 fnt
|-damage|p1a: Ceruledge|0 fnt|[from] item: Rocky Helmet|[of] p2a: Walking Wake
|faint|p2a: Walking Wake
|-end|p2a: Walking Wake|Protosynthesis|[silent]
|faint|p1a: Ceruledge
|
|-weather|none
|upkeep
|
|t:|1758917241
|switch|p2a: Torkoal|Torkoal, F|100/100
|switch|p1a: Ribombee|Ribombee, F|59/100
|-damage|p1a: Ribombee|34/100|[from] Stealth Rock
|-weather|SunnyDay|[from] ability: Drought|[of] p2a: Torkoal
|turn|9
|
|t:|1758917244
|move|p1a: Ribombee|Stun Spore|p2a: Torkoal
|-status|p2a: Torkoal|par
|move|p2a: Torkoal|Rapid Spin|p1a: Ribombee
|-damage|p1a: Ribombee|15/100
|-boost|p2a: Torkoal|spe|1
|
|-weather|SunnyDay|[upkeep]
|upkeep
|turn|10
|
|t:|1758917247
|move|p1a: Ribombee|Sticky Web|p2a: Torkoal
|-sidestart|p2: hungrymane|move: Sticky Web
|cant|p2a: Torkoal|par
|
|-weather|SunnyDay|[upkeep]
|upkeep
|turn|11
|
|t:|1758917254
|switch|p1a: Gholdengo|Gholdengo|100/100
|-damage|p1a: Gholdengo|94/100|[from] Stealth Rock
|-item|p1a: Gholdengo|Air Balloon
|move|p2a: Torkoal|Rapid Spin|p1a: Gholdengo
|-immune|p1a: Gholdengo
|
|-weather|SunnyDay|[upkeep]
|upkeep
|turn|12
|
|t:|1758917261
|move|p1a: Gholdengo|Nasty Plot|p1a: Gholdengo
|-boost|p1a: Gholdengo|spa|2
|move|p2a: Torkoal|Lava Plume|p1a: Gholdengo
|-supereffective|p1a: Gholdengo
|-damage|p1a: Gholdengo|18/100
|-enditem|p1a: Gholdengo|Air Balloon
|
|-weather|SunnyDay|[upkeep]
|upkeep
|turn|13
|
|t:|1758917273
|switch|p2a: Sandy Shocks|Sandy Shocks|100/100
|-activate|p2a: Sandy Shocks|move: Sticky Web
|-unboost|p2a: Sandy Shocks|spe|1
|-activate|p2a: Sandy Shocks|ability: Protosynthesis
|-start|p2a: Sandy Shocks|protosynthesisspa
|move|p1a: Gholdengo|Shadow Ball|p2a: Sandy Shocks
|-damage|p2a: Sandy Shocks|16/100
|-unboost|p2a: Sandy Shocks|spd|1
|
|-weather|SunnyDay|[upkeep]
|upkeep
|turn|14
|j| Gyokuroo
|
|t:|1758917277
|move|p1a: Gholdengo|Shadow Ball|p2a: Sandy Shocks
|-damage|p2a: Sandy Shocks|0 fnt
|faint|p2a: Sandy Shocks
|-end|p2a: Sandy Shocks|Protosynthesis|[silent]
|
|-weather|SunnyDay|[upkeep]
|upkeep
|
|t:|1758917279
|switch|p2a: Cinderace|Cinderace, F|100/100
|turn|15
|
|t:|1758917281
|move|p2a: Cinderace|Flame Charge|p1a: Gholdengo
|-supereffective|p1a: Gholdengo
|-damage|p1a: Gholdengo|0 fnt
|-boost|p2a: Cinderace|spe|1
|faint|p1a: Gholdengo
|
|-weather|SunnyDay|[upkeep]
|upkeep
|
|t:|1758917285
|switch|p1a: Raging Bolt|Raging Bolt|100/100
|-damage|p1a: Raging Bolt|88/100|[from] Stealth Rock
|-activate|p1a: Raging Bolt|ability: Protosynthesis
|-start|p1a: Raging Bolt|protosynthesisspa
|turn|16
|
|t:|1758917289
|move|p2a: Cinderace|Court Change|p2a: Cinderace
|-swapsideconditions
|-activate|p2a: Cinderace|move: Court Change
|move|p1a: Raging Bolt|Thunderbolt|p2a: Cinderace
|-damage|p2a: Cinderace|23/100
|
|-weather|none
|-end|p1a: Raging Bolt|Protosynthesis
|upkeep
|-enditem|p1a: Raging Bolt|Booster Energy
|-activate|p1a: Raging Bolt|ability: Protosynthesis|[fromitem]
|-start|p1a: Raging Bolt|protosynthesisspa
|turn|17
|
|t:|1758917298
|switch|p2a: Great Tusk|Great Tusk|100/100
|-damage|p2a: Great Tusk|98/100|[from] Stealth Rock
|move|p1a: Raging Bolt|Calm Mind|p1a: Raging Bolt
|-boost|p1a: Raging Bolt|spa|1
|-boost|p1a: Raging Bolt|spd|1
|
|upkeep
|turn|18
|
|t:|1758917303
|-terastallize|p1a: Raging Bolt|Ghost
|move|p1a: Raging Bolt|Dragon Pulse|p2a: Great Tusk
|-damage|p2a: Great Tusk|36/100
|move|p2a: Great Tusk|Ice Spinner|p1a: Raging Bolt
|-damage|p1a: Raging Bolt|68/100
|
|upkeep
|turn|19
|
|t:|1758917307
|move|p1a: Raging Bolt|Dragon Pulse|p2a: Great Tusk
|-damage|p2a: Great Tusk|0 fnt
|faint|p2a: Great Tusk
|-end|p2a: Great Tusk|Protosynthesis|[silent]
|
|upkeep
|
|t:|1758917322
|switch|p2a: Whimsicott|Whimsicott, M|100/100
|-damage|p2a: Whimsicott|88/100|[from] Stealth Rock
|turn|20
|
|t:|1758917337
|move|p2a: Whimsicott|U-turn|p1a: Raging Bolt
|-resisted|p1a: Raging Bolt
|-damage|p1a: Raging Bolt|63/100
|
|t:|1758917339
|switch|p2a: Torkoal|Torkoal, F|100/100 par|[from] U-turn
|-damage|p2a: Torkoal|75/100 par|[from] Stealth Rock
|-weather|SunnyDay|[from] ability: Drought|[of] p2a: Torkoal
|move|p1a: Raging Bolt|Thunderbolt|p2a: Torkoal
|-damage|p2a: Torkoal|0 fnt
|faint|p2a: Torkoal
|
|-weather|SunnyDay|[upkeep]
|upkeep
|
|t:|1758917341
|switch|p2a: Whimsicott|Whimsicott, M|88/100
|-damage|p2a: Whimsicott|76/100|[from] Stealth Rock
|turn|21
|
|t:|1758917343
|-terastallize|p2a: Whimsicott|Ghost
|move|p2a: Whimsicott|Shadow Ball|p1a: Raging Bolt
|-supereffective|p1a: Raging Bolt
|-damage|p1a: Raging Bolt|0 fnt
|faint|p1a: Raging Bolt
|-end|p1a: Raging Bolt|Protosynthesis|[silent]
|
|-weather|SunnyDay|[upkeep]
|upkeep
|l| Cheisyxhwjq
|
|t:|1758917349
|switch|p1a: Iron Valiant|Iron Valiant|100/100
|-activate|p1a: Iron Valiant|move: Sticky Web
|-unboost|p1a: Iron Valiant|spe|1
|-enditem|p1a: Iron Valiant|Booster Energy
|-activate|p1a: Iron Valiant|ability: Quark Drive|[fromitem]
|-start|p1a: Iron Valiant|quarkdrivespa
|turn|22
|
|t:|1758917366
|switch|p2a: Cinderace|Cinderace, F|23/100
|move|p1a: Iron Valiant|Shadow Ball|p2a: Cinderace
|-damage|p2a: Cinderace|0 fnt
|faint|p2a: Cinderace
|
|-weather|SunnyDay|[upkeep]
|upkeep
|
|t:|1758917368
|switch|p2a: Whimsicott|Whimsicott, M, tera:Ghost|76/100
|-damage|p2a: Whimsicott|64/100|[from] Stealth Rock
|turn|23
|
|t:|1758917376
|move|p2a: Whimsicott|Solar Beam||[still]
|-prepare|p2a: Whimsicott|Solar Beam
|-anim|p2a: Whimsicott|Solar Beam|p1a: Iron Valiant
|-damage|p1a: Iron Valiant|0 fnt
|faint|p1a: Iron Valiant
|-end|p1a: Iron Valiant|Quark Drive|[silent]
|
|-weather|SunnyDay|[upkeep]
|upkeep
|
|t:|1758917382
|switch|p1a: Deoxys|Deoxys-Speed|100/100
|-activate|p1a: Deoxys|move: Sticky Web
|-unboost|p1a: Deoxys|spe|1
|-ability|p1a: Deoxys|Pressure
|turn|24
|
|t:|1758917383
|move|p2a: Whimsicott|Solar Beam||[still]
|-prepare|p2a: Whimsicott|Solar Beam
|-anim|p2a: Whimsicott|Solar Beam|p1a: Deoxys
|-damage|p1a: Deoxys|0 fnt
|faint|p1a: Deoxys
|
|-weather|SunnyDay|[upkeep]
|upkeep
|
|t:|1758917385
|switch|p1a: Ribombee|Ribombee, F|15/100
|-activate|p1a: Ribombee|move: Sticky Web
|-unboost|p1a: Ribombee|spe|1
|turn|25
|
|t:|1758917388
|move|p2a: Whimsicott|Solar Beam||[still]
|-prepare|p2a: Whimsicott|Solar Beam
|-anim|p2a: Whimsicott|Solar Beam|p1a: Ribombee
|-resisted|p1a: Ribombee
|-damage|p1a: Ribombee|0 fnt
|faint|p1a: Ribombee
|
|win|hungrymane
|raw|oehtwashere's rating: 1753 &rarr; <strong>1735</strong><br />(-18 for losing)
|raw|hungrymane's rating: 1784 &rarr; <strong>1802</strong><br />(+18 for winning)
|l|☆oehtwashere
|player|p1|
|l|☆hungrymane
|player|p2|
|l| Gyokuroo
