|badge|p1|bronze|gen9uu|100-6
|uhtml|medal-msg|<div class="broadcast-blue">Curious what those medals under the avatar are? PS now has Ladder Seasons! For more information, check out the <a href="https://www.smogon.com/forums/threads/3740067/">thread on Smogon.</a></div>
|j|☆zDarky
|j|☆boleradosfc
|inactive|Battle timer is ON: inactive players will automatically lose when time's up.
|t:|1759011666
|gametype|singles
|player|p1|zDarky|larry|
|player|p2|boleradosfc|steven|
|gen|9
|tier|[Gen 9] OU
|rated|Tournament battle
|rule|HP Percentage Mod: HP is shown in percentages
|rule|Endless Battle Clause: Forcing endless battles is banned
|rule|Species Clause: Limit one of each Pokémon
|rule|OHKO Clause: OHKO moves are banned
|rule|Evasion Items Clause: Evasion items are banned
|rule|Evasion Moves Clause: Evasion moves are banned
|rule|Evasion Abilities Clause: Evasion abilities are banned
|rule|Sleep Moves Clause: Sleep-inducing moves are banned
|clearpoke
|poke|p1|Latios, M|
|poke|p1|Alomomola, F|
|poke|p1|Iron Crown|
|poke|p1|Metagross|
|poke|p1|Enamorus, F|
|poke|p1|Great Tusk|
|poke|p2|Garganacl, M|
|poke|p2|Slowking-Galar, M|
|poke|p2|Great Tusk|
|poke|p2|Darkrai|
|poke|p2|Ogerpon-Wellspring, F|
|poke|p2|Kingambit, M|
|teampreview
|j|*Lady Monita ☀
|j| greninjaydavid45
|
|t:|1759011689
|teamsize|p1|6
|teamsize|p2|6
|start
|switch|p1a: Latios|Latios, M|100/100
|switch|p2a: Slowking|Slowking-Galar, M|100/100
|turn|1
|
|t:|1759011697
|switch|p1a: Metagross|Metagross|100/100
|move|p2a: Slowking|Thunder Wave|p1a: Metagross
|-status|p1a: Metagross|par
|
|upkeep
|turn|2
|
|t:|1759011703
|switch|p2a: Great Tusk|Great Tusk|100/100
|move|p1a: Metagross|Knock Off|p2a: Great Tusk
|-resisted|p2a: Great Tusk
|-damage|p2a: Great Tusk|93/100
|-enditem|p2a: Great Tusk|Leftovers|[from] move: Knock Off|[of] p1a: Metagross
|
|upkeep
|turn|3
|
|t:|1759011711
|switch|p1a: Alomomola|Alomomola, F|100/100
|move|p2a: Great Tusk|Stealth Rock|p1a: Alomomola
|-sidestart|p1: zDarky|move: Stealth Rock
|
|upkeep
|turn|4
|j| kafei2024
|
|t:|1759011715
|move|p2a: Great Tusk|Knock Off|p1a: Alomomola
|-damage|p1a: Alomomola|86/100
|-damage|p2a: Great Tusk|77/100|[from] item: Rocky Helmet|[of] p1a: Alomomola
|-enditem|p1a: Alomomola|Rocky Helmet|[from] move: Knock Off|[of] p2a: Great Tusk
|move|p1a: Alomomola|Wish|p1a: Alomomola
|
|upkeep
|turn|5
|
|t:|1759011723
|-end|p2a: Great Tusk|Protosynthesis|[silent]
|switch|p2a: Ogerpon|Ogerpon-Wellspring, F|100/100
|move|p1a: Alomomola|Flip Turn|p2a: Ogerpon
|-immune|p2a: Ogerpon|[from] ability: Water Absorb
|
|-heal|p1a: Alomomola|100/100|[from] move: Wish|[wisher] Alomomola
|upkeep
|turn|6
|l| kafei2024
|
|t:|1759011743
|switch|p1a: Latios|Latios, M|100/100
|-damage|p1a: Latios|88/100|[from] Stealth Rock
|move|p2a: Ogerpon|Ivy Cudgel|p1a: Latios|[anim] Ivy Cudgel Water
|-resisted|p1a: Latios
|-crit|p1a: Latios
|-damage|p1a: Latios|23/100
|
|upkeep
|turn|7
|
|t:|1759011754
|switch|p2a: Slowking|Slowking-Galar, M|100/100
|move|p1a: Latios|Draco Meteor|p2a: Slowking
|-crit|p2a: Slowking
|-damage|p2a: Slowking|3/100
|-unboost|p1a: Latios|spa|2
|
|upkeep
|turn|8
|j| FuecocoFan6789
|
|t:|1759011762
|switch|p1a: Great Tusk|Great Tusk|100/100
|-damage|p1a: Great Tusk|98/100|[from] Stealth Rock
|switch|p2a: Kingambit|Kingambit, M|100/100
|
|upkeep
|turn|9
|
|t:|1759011771
|-end|p2a: Kingambit|fallenundefined|[silent]
|switch|p2a: Slowking|Slowking-Galar, M|36/100
|move|p1a: Great Tusk|Rapid Spin|p2a: Slowking
|-damage|p2a: Slowking|18/100
|-boost|p1a: Great Tusk|spe|1
|-sideend|p1: zDarky|Stealth Rock|[from] move: Rapid Spin|[of] p1a: Great Tusk
|
|upkeep
|turn|10
|j| Serpette
|
|t:|1759011779
|switch|p2a: Great Tusk|Great Tusk|77/100
|move|p1a: Great Tusk|Ice Spinner|p2a: Great Tusk
|-supereffective|p2a: Great Tusk
|-damage|p2a: Great Tusk|48/100
|
|upkeep
|turn|11
|j| kafei2024
|
|t:|1759011785
|move|p1a: Great Tusk|Ice Spinner|p2a: Great Tusk
|-supereffective|p2a: Great Tusk
|-damage|p2a: Great Tusk|20/100
|move|p2a: Great Tusk|Knock Off|p1a: Great Tusk
|-resisted|p1a: Great Tusk
|-damage|p1a: Great Tusk|87/100
|-damage|p2a: Great Tusk|3/100|[from] item: Rocky Helmet|[of] p1a: Great Tusk
|-enditem|p1a: Great Tusk|Rocky Helmet|[from] move: Knock Off|[of] p2a: Great Tusk
|
|upkeep
|turn|12
|
|t:|1759011790
|move|p1a: Great Tusk|Rapid Spin|p2a: Great Tusk
|-crit|p2a: Great Tusk
|-damage|p2a: Great Tusk|0 fnt
|-boost|p1a: Great Tusk|spe|1
|faint|p2a: Great Tusk
|-end|p2a: Great Tusk|Protosynthesis|[silent]
|
|upkeep
|
|t:|1759011792
|switch|p2a: Garganacl|Garganacl, M|100/100
|turn|13
|
|t:|1759011797
|move|p1a: Great Tusk|Headlong Rush|p2a: Garganacl
|-supereffective|p2a: Garganacl
|-damage|p2a: Garganacl|19/100
|-unboost|p1a: Great Tusk|def|1
|-unboost|p1a: Great Tusk|spd|1
|move|p2a: Garganacl|Curse|p2a: Garganacl
|-unboost|p2a: Garganacl|spe|1
|-boost|p2a: Garganacl|atk|1
|-boost|p2a: Garganacl|def|1
|
|-heal|p2a: Garganacl|25/100|[from] item: Leftovers
|upkeep
|turn|14
|l| kafei2024
|
|t:|1759011815
|switch|p2a: Slowking|Slowking-Galar, M|52/100
|move|p1a: Great Tusk|Headlong Rush|p2a: Slowking
|-supereffective|p2a: Slowking
|-damage|p2a: Slowking|0 fnt
|-unboost|p1a: Great Tusk|def|1
|-unboost|p1a: Great Tusk|spd|1
|faint|p2a: Slowking
|
|upkeep
|
|t:|1759011818
|switch|p2a: Ogerpon|Ogerpon-Wellspring, F|100/100
|turn|15
|j| asian chicks
|j| SValore
|l| SValore
|j| kafei2024
|
|t:|1759011845
|-end|p1a: Great Tusk|Protosynthesis|[silent]
|switch|p1a: Metagross|Metagross|100/100 par
|move|p2a: Ogerpon|Horn Leech|p1a: Metagross
|-resisted|p1a: Metagross
|-damage|p1a: Metagross|88/100 par
|
|-heal|p1a: Metagross|94/100 par|[from] item: Leftovers
|upkeep
|turn|16
|
|t:|1759011860
|move|p2a: Ogerpon|Ivy Cudgel|p1a: Metagross|[anim] Ivy Cudgel Water
|-damage|p1a: Metagross|58/100 par
|move|p1a: Metagross|Stealth Rock|p2a: Ogerpon
|-sidestart|p2: boleradosfc|move: Stealth Rock
|
|-heal|p1a: Metagross|64/100 par|[from] item: Leftovers
|upkeep
|turn|17
|
|t:|1759011867
|move|p2a: Ogerpon|Encore|p1a: Metagross
|-start|p1a: Metagross|Encore
|move|p1a: Metagross|Stealth Rock||[still]
|-fail|p1a: Metagross
|
|-heal|p1a: Metagross|70/100 par|[from] item: Leftovers
|upkeep
|turn|18
|
|t:|1759011871
|switch|p1a: Alomomola|Alomomola, F|100/100
|move|p2a: Ogerpon|Swords Dance|p2a: Ogerpon
|-boost|p2a: Ogerpon|atk|2
|
|upkeep
|turn|19
|
|t:|1759011892
|switch|p1a: Iron Crown|Iron Crown|100/100
|move|p2a: Ogerpon|Ivy Cudgel|p1a: Iron Crown|[anim] Ivy Cudgel Water
|-damage|p1a: Iron Crown|0 fnt
|faint|p1a: Iron Crown
|-end|p1a: Iron Crown|Quark Drive|[silent]
|
|upkeep
|
|t:|1759011896
|switch|p1a: Latios|Latios, M|23/100
|turn|20
|
|t:|1759011905
|-terastallize|p2a: Ogerpon|Water
|detailschange|p2a: Ogerpon|Ogerpon-Wellspring-Tera, F, tera:Water
|-ability|p2a: Ogerpon|Embody Aspect (Wellspring)|boost
|-boost|p2a: Ogerpon|spd|1
|move|p1a: Latios|Dragon Pulse|p2a: Ogerpon
|-damage|p2a: Ogerpon|52/100
|move|p2a: Ogerpon|Horn Leech|p1a: Latios
|-resisted|p1a: Latios
|-damage|p1a: Latios|0 fnt
|-heal|p2a: Ogerpon|64/100|[from] drain|[of] p1a: Latios
|faint|p1a: Latios
|
|upkeep
|
|t:|1759011921
|switch|p1a: Enamorus|Enamorus, F|100/100
|turn|21
|
|t:|1759011926
|-terastallize|p1a: Enamorus|Fairy
|move|p1a: Enamorus|Moonblast|p2a: Ogerpon
|-damage|p2a: Ogerpon|6/100
|-unboost|p2a: Ogerpon|spa|1
|move|p2a: Ogerpon|Ivy Cudgel|p1a: Enamorus|[anim] Ivy Cudgel Water
|-damage|p1a: Enamorus|0 fnt
|faint|p1a: Enamorus
|
|upkeep
|l| kafei2024
|l| greninjaydavid45
|l| FuecocoFan6789
|
|t:|1759011938
|switch|p1a: Metagross|Metagross|70/100 par
|turn|22
|l|☆boleradosfc
|inactive|boleradosfc disconnected and has a minute to reconnect!
|player|p2|
|j|☆boleradosfc
|inactive|boleradosfc reconnected and has 130 seconds left.
|player|p2|boleradosfc|steven|
|j| kafei2024
|
|t:|1759011966
|move|p2a: Ogerpon|Ivy Cudgel|p1a: Metagross|[anim] Ivy Cudgel Water
|-damage|p1a: Metagross|0 fnt
|faint|p1a: Metagross
|
|upkeep
|-message|zDarky forfeited.
|
|win|boleradosfc
|n|☆zDarky|zdarky
|n|*Lady Monita ☀|ladymonita
|n| Serpette|serpette
|n| asian chicks|asianchicks
|n|☆boleradosfc|boleradosfc
|n| kafei2024|kafei2024
|l|*Lady Monita ☀
|l|☆zDarky
|player|p1|
|l|☆boleradosfc
|player|p2|
|j| HORRIBLE TRUTH
|l| kafei2024
|l| asian chicks
