|j|☆Azunail
|j|☆jibreel69
|t:|1758980634
|gametype|singles
|player|p1|Azunail|yellow|1522
|player|p2|jibreel69|2|1513
|gen|9
|tier|[Gen 9] OU
|rated|
|rule|HP Percentage Mod: HP is shown in percentages
|rule|Endless Battle Clause: Forcing endless battles is banned
|rule|Species Clause: Limit one of each Pokémon
|rule|OHKO Clause: OHKO moves are banned
|rule|Evasion Items Clause: Evasion items are banned
|rule|Evasion Moves Clause: Evasion moves are banned
|rule|Evasion Abilities Clause: Evasion abilities are banned
|rule|Sleep Moves Clause: Sleep-inducing moves are banned
|clearpoke
|poke|p1|Snorlax, F|
|poke|p1|Gholdengo|
|poke|p1|Landorus-Therian, M|
|poke|p1|Zamazenta-*|
|poke|p1|Rillaboom, F|
|poke|p1|Dragonite, F|
|poke|p2|Kommo-o, F|
|poke|p2|Gholdengo|
|poke|p2|Ninetales-Alola, F|
|poke|p2|Hatterene, F|
|poke|p2|Zamazenta-*|
|poke|p2|Kingambit, F|
|teampreview
|j| a6ni
|j| nesnot
|
|t:|1758980647
|teamsize|p1|6
|teamsize|p2|6
|start
|switch|p1a: Landorus|Landorus-Therian, M|100/100
|switch|p2a: Zamazenta|Zamazenta|100/100
|-ability|p2a: Zamazenta|Dauntless Shield|boost
|-boost|p2a: Zamazenta|def|1
|-ability|p1a: Landorus|Intimidate|boost
|-unboost|p2a: Zamazenta|atk|1
|turn|1
|inactive|Battle timer is ON: inactive players will automatically lose when time's up. (requested by Azunail)
|
|t:|1758980659
|switch|p2a: Hatterene|Hatterene, F|100/100
|move|p1a: Landorus|Earth Power|p2a: Hatterene
|-damage|p2a: Hatterene|66/100
|
|upkeep
|turn|2
|
|t:|1758980667
|move|p1a: Landorus|Earth Power|p2a: Hatterene
|-damage|p2a: Hatterene|31/100
|move|p2a: Hatterene|Draining Kiss|p1a: Landorus
|-damage|p1a: Landorus|76/100
|-heal|p2a: Hatterene|53/100|[from] drain|[of] p1a: Landorus
|-damage|p2a: Hatterene|37/100|[from] item: Rocky Helmet|[of] p1a: Landorus
|
|upkeep
|turn|3
|
|t:|1758980676
|move|p1a: Landorus|Earth Power|p2a: Hatterene
|-damage|p2a: Hatterene|0 fnt
|faint|p2a: Hatterene
|
|upkeep
|
|t:|1758980680
|switch|p2a: Ninetales|Ninetales-Alola, F|100/100
|-weather|Snowscape|[from] ability: Snow Warning|[of] p2a: Ninetales
|turn|4
|
|t:|1758980684
|switch|p1a: Snorlax|Snorlax, F, shiny|100/100
|move|p2a: Ninetales|Aurora Veil|p2a: Ninetales
|-sidestart|p2: jibreel69|move: Aurora Veil
|
|-weather|Snowscape|[upkeep]
|upkeep
|turn|5
|
|t:|1758980692
|switch|p2a: Gholdengo|Gholdengo|100/100
|move|p1a: Snorlax|Heat Crash|p2a: Gholdengo
|-supereffective|p2a: Gholdengo
|-damage|p2a: Gholdengo|69/100
|
|-weather|Snowscape|[upkeep]
|upkeep
|turn|6
|
|t:|1758980701
|move|p2a: Gholdengo|Nasty Plot|p2a: Gholdengo
|-boost|p2a: Gholdengo|spa|2
|move|p1a: Snorlax|Curse|p1a: Snorlax
|-unboost|p1a: Snorlax|spe|1
|-boost|p1a: Snorlax|atk|1
|-boost|p1a: Snorlax|def|1
|
|-weather|Snowscape|[upkeep]
|upkeep
|turn|7
|
|t:|1758980711
|-terastallize|p2a: Gholdengo|Fighting
|move|p2a: Gholdengo|Focus Blast|p1a: Snorlax|[miss]
|-miss|p2a: Gholdengo|p1a: Snorlax
|move|p1a: Snorlax|Heat Crash|p2a: Gholdengo
|-damage|p2a: Gholdengo|44/100
|
|-weather|Snowscape|[upkeep]
|upkeep
|turn|8
|
|t:|1758980724
|switch|p1a: Landorus|Landorus-Therian, M|76/100
|-ability|p1a: Landorus|Intimidate|boost
|-unboost|p2a: Gholdengo|atk|1
|move|p2a: Gholdengo|Focus Blast|p1a: Landorus
|-resisted|p1a: Landorus
|-damage|p1a: Landorus|0 fnt
|faint|p1a: Landorus
|
|-weather|none
|upkeep
|
|t:|1758980735
|switch|p1a: Rillaboom|Rillaboom, F|100/100
|-fieldstart|move: Grassy Terrain|[from] ability: Grassy Surge|[of] p1a: Rillaboom
|turn|9
|
|t:|1758980748
|move|p1a: Rillaboom|Grassy Glide|p2a: Gholdengo
|-damage|p2a: Gholdengo|9/100
|move|p2a: Gholdengo|Focus Blast|p1a: Rillaboom
|-damage|p1a: Rillaboom|0 fnt
|faint|p1a: Rillaboom
|
|-heal|p2a: Gholdengo|15/100|[from] Grassy Terrain
|upkeep
|l| a6ni
|
|t:|1758980759
|switch|p1a: Gholdengo|Gholdengo|100/100
|turn|10
|-enditem|p2a: Gholdengo|Custap Berry|[eat]
|-activate|p2a: Gholdengo|item: Custap Berry|[consumed]
|
|t:|1758980763
|move|p2a: Gholdengo|Shadow Ball|p1a: Gholdengo
|-supereffective|p1a: Gholdengo
|-damage|p1a: Gholdengo|0 fnt
|faint|p1a: Gholdengo
|
|-heal|p2a: Gholdengo|21/100|[from] Grassy Terrain
|upkeep
|
|t:|1758980768
|switch|p1a: Dragonite|Dragonite, F|100/100
|turn|11
|
|t:|1758980775
|move|p2a: Gholdengo|Psyshock|p1a: Dragonite
|-damage|p1a: Dragonite|66/100
|move|p1a: Dragonite|Dragon Dance|p1a: Dragonite
|-boost|p1a: Dragonite|atk|1
|-boost|p1a: Dragonite|spe|1
|
|-heal|p2a: Gholdengo|27/100|[from] Grassy Terrain
|-sideend|p2: jibreel69|move: Aurora Veil
|upkeep
|turn|12
|
|t:|1758980787
|-terastallize|p1a: Dragonite|Normal
|move|p1a: Dragonite|Extreme Speed|p2a: Gholdengo
|-damage|p2a: Gholdengo|0 fnt
|faint|p2a: Gholdengo
|
|-heal|p1a: Dragonite|72/100|[from] Grassy Terrain
|upkeep
|
|t:|1758980798
|switch|p2a: Zamazenta|Zamazenta|100/100
|turn|13
|
|t:|1758980804
|switch|p1a: Zamazenta|Zamazenta|100/100
|-ability|p1a: Zamazenta|Dauntless Shield|boost
|-boost|p1a: Zamazenta|def|1
|move|p2a: Zamazenta|Close Combat|p1a: Zamazenta
|-damage|p1a: Zamazenta|60/100
|-unboost|p2a: Zamazenta|def|1
|-unboost|p2a: Zamazenta|spd|1
|-damage|p2a: Zamazenta|91/100|[from] item: Life Orb
|
|-heal|p1a: Zamazenta|66/100|[from] Grassy Terrain
|-heal|p2a: Zamazenta|97/100|[from] Grassy Terrain
|-heal|p1a: Zamazenta|73/100|[from] item: Leftovers
|-fieldend|move: Grassy Terrain
|upkeep
|turn|14
|
|t:|1758980816
|switch|p2a: Kommo-o|Kommo-o, F|100/100
|move|p1a: Zamazenta|Body Press|p2a: Kommo-o
|-damage|p2a: Kommo-o|53/100
|
|-heal|p1a: Zamazenta|79/100|[from] item: Leftovers
|upkeep
|turn|15
|
|t:|1758980824
|move|p1a: Zamazenta|Iron Defense|p1a: Zamazenta
|-boost|p1a: Zamazenta|def|2
|move|p2a: Kommo-o|Clanging Scales|p1a: Zamazenta
|-damage|p1a: Zamazenta|43/100
|-unboost|p2a: Kommo-o|def|1
|-enditem|p2a: Kommo-o|Throat Spray
|-boost|p2a: Kommo-o|spa|1|[from] item: Throat Spray
|
|-heal|p1a: Zamazenta|49/100|[from] item: Leftovers
|upkeep
|turn|16
|
|t:|1758980834
|move|p1a: Zamazenta|Body Press|p2a: Kommo-o
|-damage|p2a: Kommo-o|0 fnt
|faint|p2a: Kommo-o
|
|-heal|p1a: Zamazenta|55/100|[from] item: Leftovers
|upkeep
|
|t:|1758980838
|switch|p2a: Ninetales|Ninetales-Alola, F|100/100
|-weather|Snowscape|[from] ability: Snow Warning|[of] p2a: Ninetales
|turn|17
|
|t:|1758980844
|move|p1a: Zamazenta|Body Press|p2a: Ninetales
|-damage|p2a: Ninetales|34/100
|move|p2a: Ninetales|Aurora Veil|p2a: Ninetales
|-sidestart|p2: jibreel69|move: Aurora Veil
|
|-weather|Snowscape|[upkeep]
|-heal|p1a: Zamazenta|62/100|[from] item: Leftovers
|upkeep
|turn|18
|
|t:|1758980850
|move|p1a: Zamazenta|Body Press|p2a: Ninetales
|-damage|p2a: Ninetales|2/100
|move|p2a: Ninetales|Encore|p1a: Zamazenta
|-start|p1a: Zamazenta|Encore
|
|-weather|Snowscape|[upkeep]
|-heal|p1a: Zamazenta|68/100|[from] item: Leftovers
|upkeep
|turn|19
|
|t:|1758980857
|move|p1a: Zamazenta|Body Press|p2a: Ninetales
|-damage|p2a: Ninetales|0 fnt
|faint|p2a: Ninetales
|
|-weather|Snowscape|[upkeep]
|-heal|p1a: Zamazenta|74/100|[from] item: Leftovers
|upkeep
|
|t:|1758980863
|switch|p2a: Zamazenta|Zamazenta|97/100
|turn|20
|
|t:|1758980870
|move|p2a: Zamazenta|Close Combat|p1a: Zamazenta
|-damage|p1a: Zamazenta|48/100
|-unboost|p2a: Zamazenta|def|1
|-unboost|p2a: Zamazenta|spd|1
|-damage|p2a: Zamazenta|87/100|[from] item: Life Orb
|move|p1a: Zamazenta|Body Press|p2a: Zamazenta
|-damage|p2a: Zamazenta|37/100
|
|-weather|Snowscape|[upkeep]
|-heal|p1a: Zamazenta|55/100|[from] item: Leftovers
|upkeep
|turn|21
|
|t:|1758980874
|move|p2a: Zamazenta|Close Combat|p1a: Zamazenta
|-damage|p1a: Zamazenta|29/100
|-unboost|p2a: Zamazenta|def|1
|-unboost|p2a: Zamazenta|spd|1
|-damage|p2a: Zamazenta|28/100|[from] item: Life Orb
|move|p1a: Zamazenta|Body Press|p2a: Zamazenta
|-damage|p2a: Zamazenta|0 fnt
|faint|p2a: Zamazenta
|
|-weather|none
|-heal|p1a: Zamazenta|35/100|[from] item: Leftovers
|-end|p1a: Zamazenta|Encore
|upkeep
|
|t:|1758980878
|switch|p2a: Kingambit|Kingambit, F|100/100
|-activate|p2a: Kingambit|ability: Supreme Overlord
|-start|p2a: Kingambit|fallen5|[silent]
|-item|p2a: Kingambit|Air Balloon
|turn|22
|
|t:|1758980887
|move|p1a: Zamazenta|Body Press|p2a: Kingambit
|-supereffective|p2a: Kingambit
|-damage|p2a: Kingambit|0 fnt
|-enditem|p2a: Kingambit|Air Balloon
|faint|p2a: Kingambit
|-end|p2a: Kingambit|fallen5|[silent]
|
|win|Azunail
|raw|Azunail's rating: 1522 &rarr; <strong>1541</strong><br />(+19 for winning)
|raw|jibreel69's rating: 1513 &rarr; <strong>1494</strong><br />(-19 for losing)
|l|☆Azunail
|player|p1|
|l|☆jibreel69
|player|p2|
|l| nesnot
