|j|☆thodoras edition
|j|☆nmx123
|t:|1758965592
|gametype|singles
|player|p1|thodoras edition|169|1628
|player|p2|nmx123|1|1643
|gen|9
|tier|[Gen 9] OU
|rated|
|rule|HP Percentage Mod: HP is shown in percentages
|rule|Endless Battle Clause: Forcing endless battles is banned
|rule|Species Clause: Limit one of each Pokémon
|rule|OHKO Clause: OHKO moves are banned
|rule|Evasion Items Clause: Evasion items are banned
|rule|Evasion Moves Clause: Evasion moves are banned
|rule|Evasion Abilities Clause: Evasion abilities are banned
|rule|Sleep Moves Clause: Sleep-inducing moves are banned
|clearpoke
|poke|p1|Garganacl, F|
|poke|p1|Hydrapple, M|
|poke|p1|Great Tusk|
|poke|p1|Enamorus, F|
|poke|p1|Slowking-Galar, F|
|poke|p1|Kingambit, M|
|poke|p2|Dragonite, M|
|poke|p2|Zamazenta-*|
|poke|p2|Gholdengo|
|poke|p2|Raging Bolt|
|poke|p2|Ninetales-Alola, F|
|poke|p2|Great Tusk|
|teampreview
|inactive|Battle timer is ON: inactive players will automatically lose when time's up. (requested by nmx123)
|
|t:|1758965607
|teamsize|p1|6
|teamsize|p2|6
|start
|switch|p1a: Garganacl|Garganacl, F|100/100
|switch|p2a: Gholdengo|Gholdengo|100/100
|turn|1
|
|t:|1758965617
|move|p1a: Garganacl|Protect|p1a: Garganacl
|-singleturn|p1a: Garganacl|Protect
|move|p2a: Gholdengo|Trick|p1a: Garganacl
|-activate|p1a: Garganacl|move: Protect
|
|upkeep
|turn|2
|
|t:|1758965622
|switch|p1a: Enamorus|Enamorus, F|100/100
|move|p2a: Gholdengo|Trick|p1a: Enamorus
|-activate|p2a: Gholdengo|move: Trick|[of] p1a: Enamorus
|-item|p1a: Enamorus|Choice Scarf|[from] move: Trick
|-item|p2a: Gholdengo|Choice Scarf|[from] move: Trick
|
|upkeep
|turn|3
|
|t:|1758965633
|switch|p1a: Slowking|Slowking-Galar, F|100/100
|move|p2a: Gholdengo|Make It Rain|p1a: Slowking
|-damage|p1a: Slowking|71/100
|-unboost|p2a: Gholdengo|spa|1
|
|upkeep
|turn|4
|
|t:|1758965640
|switch|p2a: Great Tusk|Great Tusk|100/100
|move|p1a: Slowking|Future Sight|p2a: Great Tusk
|-start|p1a: Slowking|move: Future Sight
|
|upkeep
|turn|5
|
|t:|1758965648
|switch|p1a: Hydrapple|Hydrapple, M|100/100
|move|p2a: Great Tusk|Stealth Rock|p1a: Hydrapple
|-sidestart|p1: thodoras edition|move: Stealth Rock
|
|upkeep
|turn|6
|
|t:|1758965657
|-end|p2a: Great Tusk|Protosynthesis|[silent]
|switch|p2a: Gholdengo|Gholdengo|100/100
|move|p1a: Hydrapple|Leaf Storm|p2a: Gholdengo
|-resisted|p2a: Gholdengo
|-damage|p2a: Gholdengo|40/100
|-unboost|p1a: Hydrapple|spa|2
|
|-end|p2a: Gholdengo|move: Future Sight
|-resisted|p2a: Gholdengo
|-damage|p2a: Gholdengo|7/100
|upkeep
|turn|7
|
|t:|1758965671
|switch|p2a: Ninetales|Ninetales-Alola, F|100/100
|-weather|Snowscape|[from] ability: Snow Warning|[of] p2a: Ninetales
|switch|p1a: Slowking|Slowking-Galar, F|100/100
|-damage|p1a: Slowking|88/100|[from] Stealth Rock
|
|-weather|Snowscape|[upkeep]
|upkeep
|turn|8
|
|t:|1758965676
|move|p2a: Ninetales|Aurora Veil|p2a: Ninetales
|-sidestart|p2: nmx123|move: Aurora Veil
|move|p1a: Slowking|Future Sight|p2a: Ninetales
|-start|p1a: Slowking|move: Future Sight
|
|-weather|Snowscape|[upkeep]
|upkeep
|turn|9
|
|t:|1758965683
|switch|p2a: Great Tusk|Great Tusk|100/100
|move|p1a: Slowking|Sludge Bomb|p2a: Great Tusk
|-resisted|p2a: Great Tusk
|-damage|p2a: Great Tusk|92/100
|
|-weather|Snowscape|[upkeep]
|upkeep
|turn|10
|
|t:|1758965688
|switch|p1a: Great Tusk|Great Tusk|100/100
|-damage|p1a: Great Tusk|98/100|[from] Stealth Rock
|-enditem|p1a: Great Tusk|Booster Energy
|-activate|p1a: Great Tusk|ability: Protosynthesis|[fromitem]
|-start|p1a: Great Tusk|protosynthesisatk
|-terastallize|p2a: Great Tusk|Dark
|move|p2a: Great Tusk|Knock Off|p1a: Great Tusk
|-resisted|p1a: Great Tusk
|-damage|p1a: Great Tusk|85/100
|
|-weather|Snowscape|[upkeep]
|-end|p2a: Great Tusk|move: Future Sight
|-immune|p2a: Great Tusk
|upkeep
|turn|11
|
|t:|1758965701
|-end|p2a: Great Tusk|Protosynthesis|[silent]
|switch|p2a: Zamazenta|Zamazenta|100/100
|-ability|p2a: Zamazenta|Dauntless Shield|boost
|-boost|p2a: Zamazenta|def|1
|move|p1a: Great Tusk|Rapid Spin|p2a: Zamazenta
|-damage|p2a: Zamazenta|95/100
|-boost|p1a: Great Tusk|spe|1
|-sideend|p1: thodoras edition|Stealth Rock|[from] move: Rapid Spin|[of] p1a: Great Tusk
|
|-weather|none
|-heal|p2a: Zamazenta|100/100|[from] item: Leftovers
|upkeep
|turn|12
|
|t:|1758965711
|-end|p1a: Great Tusk|Protosynthesis|[silent]
|switch|p1a: Slowking|Slowking-Galar, F|100/100
|move|p2a: Zamazenta|Crunch|p1a: Slowking
|-supereffective|p1a: Slowking
|-damage|p1a: Slowking|58/100
|-unboost|p1a: Slowking|def|1
|
|upkeep
|turn|13
|
|t:|1758965715
|switch|p1a: Hydrapple|Hydrapple, M|100/100
|move|p2a: Zamazenta|Crunch|p1a: Hydrapple
|-damage|p1a: Hydrapple|85/100
|
|upkeep
|turn|14
|
|t:|1758965725
|move|p2a: Zamazenta|Iron Defense|p2a: Zamazenta
|-boost|p2a: Zamazenta|def|2
|move|p1a: Hydrapple|Draco Meteor|p2a: Zamazenta
|-crit|p2a: Zamazenta
|-damage|p2a: Zamazenta|0 fnt
|-unboost|p1a: Hydrapple|spa|2
|faint|p2a: Zamazenta
|
|upkeep
|
|t:|1758965731
|switch|p2a: Ninetales|Ninetales-Alola, F|100/100
|-weather|Snowscape|[from] ability: Snow Warning|[of] p2a: Ninetales
|turn|15
|
|t:|1758965737
|switch|p2a: Great Tusk|Great Tusk, tera:Dark|92/100
|switch|p1a: Slowking|Slowking-Galar, F|91/100
|
|-weather|Snowscape|[upkeep]
|-sideend|p2: nmx123|move: Aurora Veil
|upkeep
|turn|16
|
|t:|1758965745
|switch|p1a: Great Tusk|Great Tusk|85/100
|move|p2a: Great Tusk|Stealth Rock|p1a: Great Tusk
|-sidestart|p1: thodoras edition|move: Stealth Rock
|
|-weather|Snowscape|[upkeep]
|upkeep
|turn|17
|
|t:|1758965752
|-end|p2a: Great Tusk|Protosynthesis|[silent]
|switch|p2a: Ninetales|Ninetales-Alola, F|100/100
|move|p1a: Great Tusk|Headlong Rush|p2a: Ninetales
|-damage|p2a: Ninetales|46/100
|-unboost|p1a: Great Tusk|def|1
|-unboost|p1a: Great Tusk|spd|1
|
|-weather|Snowscape|[upkeep]
|upkeep
|turn|18
|
|t:|1758965762
|move|p2a: Ninetales|Aurora Veil|p2a: Ninetales
|-sidestart|p2: nmx123|move: Aurora Veil
|move|p1a: Great Tusk|Rapid Spin|p2a: Ninetales
|-damage|p2a: Ninetales|38/100
|-boost|p1a: Great Tusk|spe|1
|-sideend|p1: thodoras edition|Stealth Rock|[from] move: Rapid Spin|[of] p1a: Great Tusk
|
|-weather|Snowscape|[upkeep]
|upkeep
|turn|19
|
|t:|1758965771
|-end|p1a: Great Tusk|Protosynthesis|[silent]
|switch|p1a: Kingambit|Kingambit, M|100/100
|move|p2a: Ninetales|Freeze-Dry|p1a: Kingambit
|-resisted|p1a: Kingambit
|-damage|p1a: Kingambit|88/100
|
|-weather|none
|-heal|p1a: Kingambit|94/100|[from] item: Leftovers
|upkeep
|turn|20
|
|t:|1758965780
|switch|p2a: Great Tusk|Great Tusk, tera:Dark|92/100
|move|p1a: Kingambit|Iron Head|p2a: Great Tusk
|-crit|p2a: Great Tusk
|-damage|p2a: Great Tusk|48/100
|-damage|p1a: Kingambit|78/100|[from] item: Rocky Helmet|[of] p2a: Great Tusk
|
|-heal|p1a: Kingambit|84/100|[from] item: Leftovers
|upkeep
|turn|21
|
|t:|1758965800
|-end|p1a: Kingambit|fallenundefined|[silent]
|switch|p1a: Great Tusk|Great Tusk|85/100
|move|p2a: Great Tusk|Close Combat|p1a: Great Tusk
|-damage|p1a: Great Tusk|43/100
|-unboost|p2a: Great Tusk|def|1
|-unboost|p2a: Great Tusk|spd|1
|
|upkeep
|turn|22
|
|t:|1758965821
|-end|p2a: Great Tusk|Protosynthesis|[silent]
|switch|p2a: Dragonite|Dragonite, M|100/100
|move|p1a: Great Tusk|Headlong Rush|p2a: Dragonite
|-immune|p2a: Dragonite
|
|upkeep
|turn|23
|
|t:|1758965831
|switch|p2a: Ninetales|Ninetales-Alola, F|38/100
|-weather|Snowscape|[from] ability: Snow Warning|[of] p2a: Ninetales
|move|p1a: Great Tusk|Rapid Spin|p2a: Ninetales
|-damage|p2a: Ninetales|31/100
|-boost|p1a: Great Tusk|spe|1
|
|-weather|Snowscape|[upkeep]
|upkeep
|turn|24
|
|t:|1758965838
|-end|p1a: Great Tusk|Protosynthesis|[silent]
|switch|p1a: Slowking|Slowking-Galar, F|100/100
|move|p2a: Ninetales|Freeze-Dry|p1a: Slowking
|-damage|p1a: Slowking|91/100
|
|-weather|Snowscape|[upkeep]
|upkeep
|turn|25
|
|t:|1758965846
|switch|p2a: Great Tusk|Great Tusk, tera:Dark|48/100
|move|p1a: Slowking|Future Sight|p2a: Great Tusk
|-start|p1a: Slowking|move: Future Sight
|
|-weather|Snowscape|[upkeep]
|-sideend|p2: nmx123|move: Aurora Veil
|upkeep
|turn|26
|
|t:|1758965857
|switch|p1a: Enamorus|Enamorus, F|100/100
|move|p2a: Great Tusk|Knock Off|p1a: Enamorus
|-resisted|p1a: Enamorus
|-crit|p1a: Enamorus
|-damage|p1a: Enamorus|45/100
|-enditem|p1a: Enamorus|Choice Scarf|[from] move: Knock Off|[of] p2a: Great Tusk
|
|-weather|Snowscape|[upkeep]
|upkeep
|turn|27
|
|t:|1758965872
|-end|p2a: Great Tusk|Protosynthesis|[silent]
|switch|p2a: Gholdengo|Gholdengo|7/100
|move|p1a: Enamorus|Moonblast|p2a: Gholdengo
|-resisted|p2a: Gholdengo
|-damage|p2a: Gholdengo|0 fnt
|faint|p2a: Gholdengo
|
|-weather|none
|-hint|Future Sight did not hit because the target is fainted.
|upkeep
|
|t:|1758965888
|switch|p2a: Dragonite|Dragonite, M|100/100
|turn|28
|
|t:|1758965894
|move|p1a: Enamorus|Moonblast|p2a: Dragonite
|-supereffective|p2a: Dragonite
|-damage|p2a: Dragonite|52/100
|move|p2a: Dragonite|Earthquake|p1a: Enamorus
|-immune|p1a: Enamorus
|
|upkeep
|turn|29
|
|t:|1758965902
|switch|p1a: Hydrapple|Hydrapple, M|100/100
|switch|p2a: Ninetales|Ninetales-Alola, F|31/100
|-weather|Snowscape|[from] ability: Snow Warning|[of] p2a: Ninetales
|
|-weather|Snowscape|[upkeep]
|upkeep
|turn|30
|
|t:|1758965908
|switch|p1a: Slowking|Slowking-Galar, F|100/100
|move|p2a: Ninetales|Aurora Veil|p2a: Ninetales
|-sidestart|p2: nmx123|move: Aurora Veil
|
|-weather|Snowscape|[upkeep]
|upkeep
|turn|31
|
|t:|1758965914
|switch|p2a: Great Tusk|Great Tusk, tera:Dark|48/100
|move|p1a: Slowking|Sludge Bomb|p2a: Great Tusk
|-damage|p2a: Great Tusk|29/100
|
|-weather|Snowscape|[upkeep]
|upkeep
|turn|32
|
|t:|1758965924
|switch|p1a: Great Tusk|Great Tusk|43/100
|move|p2a: Great Tusk|Knock Off|p1a: Great Tusk
|-resisted|p1a: Great Tusk
|-damage|p1a: Great Tusk|31/100
|
|-weather|Snowscape|[upkeep]
|upkeep
|turn|33
|
|t:|1758965933
|-end|p1a: Great Tusk|Protosynthesis|[silent]
|switch|p1a: Enamorus|Enamorus, F|45/100
|move|p2a: Great Tusk|Close Combat|p1a: Enamorus
|-resisted|p1a: Enamorus
|-damage|p1a: Enamorus|24/100
|-unboost|p2a: Great Tusk|def|1
|-unboost|p2a: Great Tusk|spd|1
|
|-weather|none
|upkeep
|turn|34
|
|t:|1758965945
|move|p1a: Enamorus|Moonblast|p2a: Great Tusk
|-supereffective|p2a: Great Tusk
|-damage|p2a: Great Tusk|0 fnt
|faint|p2a: Great Tusk
|-end|p2a: Great Tusk|Protosynthesis|[silent]
|
|upkeep
|
|t:|1758965946
|switch|p2a: Dragonite|Dragonite, M|52/100
|turn|35
|
|t:|1758965951
|move|p2a: Dragonite|Extreme Speed|p1a: Enamorus
|-crit|p1a: Enamorus
|-damage|p1a: Enamorus|0 fnt
|faint|p1a: Enamorus
|
|upkeep
|
|t:|1758965959
|switch|p1a: Great Tusk|Great Tusk|31/100
|turn|36
|
|t:|1758965964
|move|p2a: Dragonite|Extreme Speed|p1a: Great Tusk
|-damage|p1a: Great Tusk|0 fnt
|faint|p1a: Great Tusk
|-end|p1a: Great Tusk|Protosynthesis|[silent]
|
|upkeep
|
|t:|1758965969
|switch|p1a: Hydrapple|Hydrapple, M|100/100
|turn|37
|
|t:|1758965973
|switch|p2a: Ninetales|Ninetales-Alola, F|31/100
|-weather|Snowscape|[from] ability: Snow Warning|[of] p2a: Ninetales
|move|p1a: Hydrapple|Leaf Storm|p2a: Ninetales
|-damage|p2a: Ninetales|0 fnt
|-unboost|p1a: Hydrapple|spa|2
|faint|p2a: Ninetales
|
|-weather|Snowscape|[upkeep]
|-sideend|p2: nmx123|move: Aurora Veil
|upkeep
|
|t:|1758965978
|switch|p2a: Dragonite|Dragonite, M|52/100
|turn|38
|
|t:|1758965986
|move|p2a: Dragonite|Outrage|p1a: Hydrapple
|-supereffective|p1a: Hydrapple
|-damage|p1a: Hydrapple|0 fnt
|faint|p1a: Hydrapple
|
|-weather|Snowscape|[upkeep]
|upkeep
|
|t:|1758965990
|switch|p1a: Kingambit|Kingambit, M|84/100
|-activate|p1a: Kingambit|ability: Supreme Overlord
|-start|p1a: Kingambit|fallen3|[silent]
|turn|39
|
|t:|1758965993
|move|p1a: Kingambit|Sucker Punch|p2a: Dragonite
|-damage|p2a: Dragonite|0 fnt
|faint|p2a: Dragonite
|
|-weather|Snowscape|[upkeep]
|-heal|p1a: Kingambit|90/100|[from] item: Leftovers
|upkeep
|
|t:|1758965996
|switch|p2a: Raging Bolt|Raging Bolt|100/100
|turn|40
|
|t:|1758965999
|-end|p1a: Kingambit|fallen3|[silent]
|switch|p1a: Garganacl|Garganacl, F|100/100
|move|p2a: Raging Bolt|Thunderbolt|p1a: Garganacl
|-damage|p1a: Garganacl|57/100
|-damage|p2a: Raging Bolt|91/100|[from] item: Life Orb
|
|-weather|Snowscape|[upkeep]
|-heal|p1a: Garganacl|63/100|[from] item: Leftovers
|upkeep
|turn|41
|
|t:|1758966007
|move|p2a: Raging Bolt|Weather Ball|p1a: Garganacl
|-damage|p1a: Garganacl|26/100
|-damage|p2a: Raging Bolt|81/100|[from] item: Life Orb
|move|p1a: Garganacl|Salt Cure|p2a: Raging Bolt
|-damage|p2a: Raging Bolt|69/100
|-start|p2a: Raging Bolt|Salt Cure
|
|-weather|none
|-heal|p1a: Garganacl|33/100|[from] item: Leftovers
|-damage|p2a: Raging Bolt|56/100|[from] Salt Cure
|upkeep
|turn|42
|
|t:|1758966014
|move|p1a: Garganacl|Protect|p1a: Garganacl
|-singleturn|p1a: Garganacl|Protect
|move|p2a: Raging Bolt|Thunderbolt|p1a: Garganacl
|-activate|p1a: Garganacl|move: Protect
|
|-heal|p1a: Garganacl|39/100|[from] item: Leftovers
|-damage|p2a: Raging Bolt|44/100|[from] Salt Cure
|upkeep
|turn|43
|
|t:|1758966018
|switch|p1a: Slowking|Slowking-Galar, F|100/100
|move|p2a: Raging Bolt|Thunderbolt|p1a: Slowking
|-damage|p1a: Slowking|70/100
|-damage|p2a: Raging Bolt|34/100|[from] item: Life Orb
|
|-damage|p2a: Raging Bolt|22/100|[from] Salt Cure
|upkeep
|turn|44
|-message|nmx123 forfeited.
|
|win|thodoras edition
|raw|thodoras edition's rating: 1628 &rarr; <strong>1649</strong><br />(+21 for winning)
|raw|nmx123's rating: 1643 &rarr; <strong>1622</strong><br />(-21 for losing)
|l|☆nmx123
|player|p2|
|l|☆thodoras edition
|player|p1|
