|j|☆LaBaleada
|j|☆tokiwakano
|t:|1758927566
|gametype|singles
|player|p1|LaBaleada|265|1715
|player|p2|tokiwakano|acetrainerf|1744
|gen|9
|tier|[Gen 9] OU
|rated|
|rule|HP Percentage Mod: HP is shown in percentages
|rule|Endless Battle Clause: Forcing endless battles is banned
|rule|Species Clause: Limit one of each Pokémon
|rule|OHKO Clause: OHKO moves are banned
|rule|Evasion Items Clause: Evasion items are banned
|rule|Evasion Moves Clause: Evasion moves are banned
|rule|Evasion Abilities Clause: Evasion abilities are banned
|rule|Sleep Moves Clause: Sleep-inducing moves are banned
|clearpoke
|poke|p1|Pelipper, F|
|poke|p1|Ogerpon-Wellspring, F|
|poke|p1|Raging Bolt|
|poke|p1|Rillaboom, M|
|poke|p1|Iron Treads|
|poke|p1|Tornadus-Therian, M|
|poke|p2|Ribombee, F|
|poke|p2|Gholdengo|
|poke|p2|Great Tusk|
|poke|p2|Raging Bolt|
|poke|p2|Ogerpon-Cornerstone, F|
|poke|p2|Ceruledge, M|
|teampreview
|inactive|Battle timer is ON: inactive players will automatically lose when time's up. (requested by LaBaleada)
|inactive|LaBaleada has 120 seconds left.
|inactive|LaBaleada has 90 seconds left.
|
|t:|1758927656
|teamsize|p1|6
|teamsize|p2|6
|start
|switch|p1a: Rillaboom|Rillaboom, M|100/100
|switch|p2a: Ogerpon|Ogerpon-Cornerstone, F|100/100
|-fieldstart|move: Grassy Terrain|[from] ability: Grassy Surge|[of] p1a: Rillaboom
|turn|1
|
|t:|1758927665
|move|p1a: Rillaboom|Grassy Glide|p2a: Ogerpon
|-damage|p2a: Ogerpon|16/100
|move|p2a: Ogerpon|Ivy Cudgel|p1a: Rillaboom|[anim] Ivy Cudgel Rock
|-damage|p1a: Rillaboom|27/100
|
|-heal|p2a: Ogerpon|22/100|[from] Grassy Terrain
|-heal|p1a: Rillaboom|33/100|[from] Grassy Terrain
|upkeep
|turn|2
|
|t:|1758927669
|switch|p2a: Raging Bolt|Raging Bolt|100/100
|-enditem|p2a: Raging Bolt|Booster Energy
|-activate|p2a: Raging Bolt|ability: Protosynthesis|[fromitem]
|-start|p2a: Raging Bolt|protosynthesisspa
|move|p1a: Rillaboom|Grassy Glide|p2a: Raging Bolt
|-resisted|p2a: Raging Bolt
|-damage|p2a: Raging Bolt|74/100
|
|-heal|p1a: Rillaboom|39/100|[from] Grassy Terrain
|-heal|p2a: Raging Bolt|81/100|[from] Grassy Terrain
|upkeep
|turn|3
|
|t:|1758927673
|switch|p1a: Iron Treads|Iron Treads|100/100
|-end|p2a: Raging Bolt|Protosynthesis|[silent]
|switch|p2a: Ogerpon|Ogerpon-Cornerstone, F|22/100
|
|-heal|p2a: Ogerpon|28/100|[from] Grassy Terrain
|upkeep
|turn|4
|
|t:|1758927685
|move|p2a: Ogerpon|Power Whip|p1a: Iron Treads
|-damage|p1a: Iron Treads|17/100
|move|p1a: Iron Treads|Rapid Spin|p2a: Ogerpon
|-resisted|p2a: Ogerpon
|-damage|p2a: Ogerpon|20/100
|-boost|p1a: Iron Treads|spe|1
|
|-heal|p1a: Iron Treads|24/100|[from] Grassy Terrain
|-heal|p2a: Ogerpon|26/100|[from] Grassy Terrain
|upkeep
|turn|5
|
|t:|1758927694
|switch|p2a: Gholdengo|Gholdengo|100/100
|-item|p2a: Gholdengo|Air Balloon
|move|p1a: Iron Treads|Earth Power|p2a: Gholdengo
|-immune|p2a: Gholdengo
|
|-heal|p1a: Iron Treads|30/100|[from] Grassy Terrain
|-fieldend|move: Grassy Terrain
|upkeep
|turn|6
|
|t:|1758927696
|move|p1a: Iron Treads|Stealth Rock|p2a: Gholdengo
|-sidestart|p2: tokiwakano|move: Stealth Rock
|move|p2a: Gholdengo|Shadow Ball|p1a: Iron Treads
|-damage|p1a: Iron Treads|0 fnt
|faint|p1a: Iron Treads
|-end|p1a: Iron Treads|Quark Drive|[silent]
|
|upkeep
|
|t:|1758927706
|switch|p1a: Ogerpon|Ogerpon-Wellspring, F|100/100
|turn|7
|
|t:|1758927710
|move|p1a: Ogerpon|Ivy Cudgel|p2a: Gholdengo|[anim] Ivy Cudgel Water
|-damage|p2a: Gholdengo|34/100
|-enditem|p2a: Gholdengo|Air Balloon
|move|p2a: Gholdengo|Shadow Ball|p1a: Ogerpon
|-damage|p1a: Ogerpon|42/100
|-unboost|p1a: Ogerpon|spd|1
|
|upkeep
|turn|8
|
|t:|1758927713
|move|p1a: Ogerpon|Ivy Cudgel|p2a: Gholdengo|[anim] Ivy Cudgel Water
|-damage|p2a: Gholdengo|0 fnt
|faint|p2a: Gholdengo
|
|upkeep
|
|t:|1758927715
|switch|p2a: Great Tusk|Great Tusk|100/100
|-damage|p2a: Great Tusk|98/100|[from] Stealth Rock
|-enditem|p2a: Great Tusk|Booster Energy
|-activate|p2a: Great Tusk|ability: Protosynthesis|[fromitem]
|-start|p2a: Great Tusk|protosynthesisatk
|turn|9
|
|t:|1758927722
|-terastallize|p2a: Great Tusk|Ice
|move|p1a: Ogerpon|U-turn|p2a: Great Tusk
|-damage|p2a: Great Tusk|75/100
|
|t:|1758927724
|switch|p1a: Pelipper|Pelipper, F|100/100|[from] U-turn
|-weather|RainDance|[from] ability: Drizzle|[of] p1a: Pelipper
|move|p2a: Great Tusk|Rapid Spin|p1a: Pelipper
|-damage|p1a: Pelipper|71/100
|-boost|p2a: Great Tusk|spe|1
|-sideend|p2: tokiwakano|Stealth Rock|[from] move: Rapid Spin|[of] p2a: Great Tusk
|
|-weather|RainDance|[upkeep]
|upkeep
|turn|10
|j| Agency member two
|
|t:|1758927734
|move|p2a: Great Tusk|Ice Spinner|p1a: Pelipper
|-damage|p1a: Pelipper|5/100
|move|p1a: Pelipper|Weather Ball|p2a: Great Tusk
|-damage|p2a: Great Tusk|0 fnt
|faint|p2a: Great Tusk
|-end|p2a: Great Tusk|Protosynthesis|[silent]
|
|-weather|RainDance|[upkeep]
|upkeep
|
|t:|1758927738
|switch|p2a: Ribombee|Ribombee, F|100/100
|turn|11
|l| Agency member two
|
|t:|1758927742
|switch|p1a: Tornadus|Tornadus-Therian, M|100/100
|move|p2a: Ribombee|Moonblast|p1a: Tornadus
|-damage|p1a: Tornadus|71/100
|
|-weather|RainDance|[upkeep]
|upkeep
|turn|12
|j| Vhudzeyhvf
|
|t:|1758927747
|switch|p2a: Raging Bolt|Raging Bolt|81/100
|move|p1a: Tornadus|Bleakwind Storm|p2a: Raging Bolt
|-resisted|p2a: Raging Bolt
|-damage|p2a: Raging Bolt|62/100
|-unboost|p2a: Raging Bolt|spe|1
|
|-weather|RainDance|[upkeep]
|upkeep
|turn|13
|
|t:|1758927753
|move|p1a: Tornadus|U-turn|p2a: Raging Bolt
|-crit|p2a: Raging Bolt
|-damage|p2a: Raging Bolt|40/100
|
|t:|1758927763
|switch|p1a: Pelipper|Pelipper, F|5/100|[from] U-turn
|move|p2a: Raging Bolt|Dragon Pulse|p1a: Pelipper
|-damage|p1a: Pelipper|0 fnt
|faint|p1a: Pelipper
|
|-weather|none
|upkeep
|
|t:|1758927765
|switch|p1a: Raging Bolt|Raging Bolt|100/100
|turn|14
|
|t:|1758927771
|-end|p2a: Raging Bolt|Protosynthesis|[silent]
|switch|p2a: Ribombee|Ribombee, F|100/100
|move|p1a: Raging Bolt|Draco Meteor|p2a: Ribombee
|-immune|p2a: Ribombee
|
|upkeep
|turn|15
|
|t:|1758927780
|switch|p2a: Raging Bolt|Raging Bolt|40/100
|move|p1a: Raging Bolt|Thunderbolt|p2a: Raging Bolt
|-resisted|p2a: Raging Bolt
|-damage|p2a: Raging Bolt|28/100
|
|upkeep
|turn|16
|j| Shiritu
|
|t:|1758927785
|move|p2a: Raging Bolt|Dragon Pulse|p1a: Raging Bolt
|-supereffective|p1a: Raging Bolt
|-damage|p1a: Raging Bolt|2/100
|move|p1a: Raging Bolt|Draco Meteor|p2a: Raging Bolt|[miss]
|-miss|p1a: Raging Bolt|p2a: Raging Bolt
|
|upkeep
|turn|17
|
|t:|1758927789
|move|p2a: Raging Bolt|Thunderclap|p1a: Raging Bolt
|-resisted|p1a: Raging Bolt
|-damage|p1a: Raging Bolt|0 fnt
|faint|p1a: Raging Bolt
|-end|p1a: Raging Bolt|Protosynthesis|[silent]
|
|upkeep
|
|t:|1758927791
|switch|p1a: Ogerpon|Ogerpon-Wellspring, F|42/100
|turn|18
|
|t:|1758927795
|-end|p2a: Raging Bolt|Protosynthesis|[silent]
|switch|p2a: Ribombee|Ribombee, F|100/100
|move|p1a: Ogerpon|Encore||[still]
|-fail|p1a: Ogerpon
|
|upkeep
|turn|19
|
|t:|1758927799
|-terastallize|p1a: Ogerpon|Water
|detailschange|p1a: Ogerpon|Ogerpon-Wellspring-Tera, F, tera:Water
|-ability|p1a: Ogerpon|Embody Aspect (Wellspring)|boost
|-boost|p1a: Ogerpon|spd|1
|move|p2a: Ribombee|Moonblast|p1a: Ogerpon
|-damage|p1a: Ogerpon|12/100
|-unboost|p1a: Ogerpon|spa|1
|move|p1a: Ogerpon|Ivy Cudgel|p2a: Ribombee|[anim] Ivy Cudgel Water
|-enditem|p2a: Ribombee|Focus Sash
|-damage|p2a: Ribombee|1/100
|
|upkeep
|turn|20
|
|t:|1758927803
|switch|p1a: Tornadus|Tornadus-Therian, M|100/100
|move|p2a: Ribombee|Moonblast|p1a: Tornadus
|-damage|p1a: Tornadus|71/100
|-unboost|p1a: Tornadus|spa|1
|
|upkeep
|turn|21
|
|t:|1758927806
|move|p2a: Ribombee|Sticky Web|p1a: Tornadus
|-sidestart|p1: LaBaleada|move: Sticky Web
|move|p1a: Tornadus|U-turn|p2a: Ribombee
|-resisted|p2a: Ribombee
|-damage|p2a: Ribombee|0 fnt
|faint|p2a: Ribombee
|
|t:|1758927809
|switch|p1a: Ogerpon|Ogerpon-Wellspring-Tera, F, tera:Water|12/100|[from] U-turn
|-activate|p1a: Ogerpon|move: Sticky Web
|-unboost|p1a: Ogerpon|spe|1
|-ability|p1a: Ogerpon|Embody Aspect (Wellspring)|boost
|-boost|p1a: Ogerpon|spd|1
|
|upkeep
|
|t:|1758927811
|switch|p2a: Ogerpon|Ogerpon-Cornerstone, F|26/100
|turn|22
|
|t:|1758927813
|move|p2a: Ogerpon|Ivy Cudgel|p1a: Ogerpon|[anim] Ivy Cudgel Rock
|-damage|p1a: Ogerpon|0 fnt
|faint|p1a: Ogerpon
|detailschange|p1: Ogerpon|Ogerpon-Wellspring, F|[silent]
|
|upkeep
|
|t:|1758927814
|switch|p1a: Rillaboom|Rillaboom, M|39/100
|-activate|p1a: Rillaboom|move: Sticky Web
|-unboost|p1a: Rillaboom|spe|1
|-fieldstart|move: Grassy Terrain|[from] ability: Grassy Surge|[of] p1a: Rillaboom
|turn|23
|
|t:|1758927821
|move|p1a: Rillaboom|Grassy Glide|p2a: Ogerpon
|-damage|p2a: Ogerpon|0 fnt
|faint|p2a: Ogerpon
|
|-heal|p1a: Rillaboom|45/100|[from] Grassy Terrain
|upkeep
|
|t:|1758927822
|switch|p2a: Ceruledge|Ceruledge, M|100/100
|turn|24
|
|t:|1758927828
|switch|p1a: Tornadus|Tornadus-Therian, M|100/100
|move|p2a: Ceruledge|Swords Dance|p2a: Ceruledge
|-boost|p2a: Ceruledge|atk|2
|
|upkeep
|turn|25
|
|t:|1758927836
|move|p1a: Tornadus|Knock Off|p2a: Ceruledge
|-supereffective|p2a: Ceruledge
|-damage|p2a: Ceruledge|41/100
|-ability|p2a: Ceruledge|Weak Armor|boost
|-unboost|p2a: Ceruledge|def|1
|-boost|p2a: Ceruledge|spe|2
|-enditem|p2a: Ceruledge|Focus Sash|[from] move: Knock Off|[of] p1a: Tornadus
|move|p2a: Ceruledge|Bitter Blade|p1a: Tornadus
|-damage|p1a: Tornadus|0 fnt
|-heal|p2a: Ceruledge|100/100|[from] drain|[of] p1a: Tornadus
|faint|p1a: Tornadus
|
|upkeep
|
|t:|1758927840
|switch|p1a: Rillaboom|Rillaboom, M|45/100
|-activate|p1a: Rillaboom|move: Sticky Web
|-unboost|p1a: Rillaboom|spe|1
|turn|26
|
|t:|1758927846
|move|p1a: Rillaboom|Grassy Glide|p2a: Ceruledge
|-resisted|p2a: Ceruledge
|-damage|p2a: Ceruledge|38/100
|-ability|p2a: Ceruledge|Weak Armor|boost
|-unboost|p2a: Ceruledge|def|1
|-boost|p2a: Ceruledge|spe|2
|move|p2a: Ceruledge|Bitter Blade|p1a: Rillaboom
|-supereffective|p1a: Rillaboom
|-damage|p1a: Rillaboom|0 fnt
|-heal|p2a: Ceruledge|64/100|[from] drain|[of] p1a: Rillaboom
|faint|p1a: Rillaboom
|
|win|tokiwakano
|raw|LaBaleada's rating: 1715 &rarr; <strong>1697</strong><br />(-18 for losing)
|raw|tokiwakano's rating: 1744 &rarr; <strong>1762</strong><br />(+18 for winning)
|l|☆LaBaleada
|player|p1|
|l| Shiritu
|j| Shiritu
|l|☆tokiwakano
|player|p2|
|l| Vhudzeyhvf
|l| Shiritu
