|j|☆nem au sucre
|j|☆aroundthenatdex
|t:|1758927459
|gametype|singles
|player|p1|nem au sucre|lucian|1225
|player|p2|aroundthenatdex|266|1181
|gen|9
|tier|[Gen 9] OU
|rated|
|rule|HP Percentage Mod: HP is shown in percentages
|rule|Endless Battle Clause: Forcing endless battles is banned
|rule|Species Clause: Limit one of each Pokémon
|rule|OHKO Clause: OHKO moves are banned
|rule|Evasion Items Clause: Evasion items are banned
|rule|Evasion Moves Clause: Evasion moves are banned
|rule|Evasion Abilities Clause: Evasion abilities are banned
|rule|Sleep Moves Clause: Sleep-inducing moves are banned
|clearpoke
|poke|p1|Samurott-Hisui, M|
|poke|p1|Garganacl, M|
|poke|p1|Iron Crown|
|poke|p1|Ogerpon-Wellspring, F|
|poke|p1|Great Tusk|
|poke|p1|Latios, M|
|poke|p2|Scizor, M|
|poke|p2|Slowking, F|
|poke|p2|Azumarill, M|
|poke|p2|Meganium, M|
|poke|p2|Gligar, M|
|poke|p2|Hitmontop, M|
|teampreview
|inactive|Battle timer is ON: inactive players will automatically lose when time's up. (requested by nem au sucre)
|inactive|aroundthenatdex has 120 seconds left.
|
|t:|1758927501
|teamsize|p1|6
|teamsize|p2|6
|start
|switch|p1a: Samurott|Samurott-Hisui, M, shiny|100/100
|switch|p2a: Scizor|Scizor, M|100/100
|turn|1
|
|t:|1758927507
|move|p1a: Samurott|Ceaseless Edge|p2a: Scizor
|-damage|p2a: Scizor|57/100
|-sidestart|p2: aroundthenatdex|Spikes
|move|p2a: Scizor|U-turn|p1a: Samurott
|-supereffective|p1a: Samurott
|-crit|p1a: Samurott
|-enditem|p1a: Samurott|Focus Sash
|-damage|p1a: Samurott|1/100
|
|t:|1758927534
|switch|p2a: Hitmontop|Hitmontop, M|100/100|[from] U-turn
|-damage|p2a: Hitmontop|88/100|[from] Spikes
|-ability|p2a: Hitmontop|Intimidate|boost
|-unboost|p1a: Samurott|atk|1
|
|-heal|p2a: Hitmontop|94/100|[from] item: Leftovers
|upkeep
|turn|2
|
|t:|1758927548
|move|p2a: Hitmontop|Bullet Punch|p1a: Samurott
|-resisted|p1a: Samurott
|-crit|p1a: Samurott
|-damage|p1a: Samurott|0 fnt
|faint|p1a: Samurott
|
|-heal|p2a: Hitmontop|99/100|[from] item: Leftovers
|upkeep
|
|t:|1758927559
|switch|p1a: Iron Crown|Iron Crown|100/100
|-enditem|p1a: Iron Crown|Booster Energy
|-activate|p1a: Iron Crown|ability: Quark Drive|[fromitem]
|-start|p1a: Iron Crown|quarkdrivespa
|turn|3
|inactive|aroundthenatdex has 120 seconds left.
|c|☆nem au sucre|playyyyy my boy
|inactive|aroundthenatdex has 90 seconds left.
|
|t:|1758927630
|switch|p2a: Gligar|Gligar, M|100/100
|move|p1a: Iron Crown|Psychic|p2a: Gligar
|-damage|p2a: Gligar|61/100
|
|upkeep
|turn|4
|
|t:|1758927644
|move|p1a: Iron Crown|Protect|p1a: Iron Crown
|-singleturn|p1a: Iron Crown|Protect
|move|p2a: Gligar|U-turn|p1a: Iron Crown
|-activate|p1a: Iron Crown|move: Protect
|
|upkeep
|turn|5
|
|t:|1758927655
|move|p1a: Iron Crown|Psychic|p2a: Gligar
|-damage|p2a: Gligar|22/100
|move|p2a: Gligar|Earthquake|p1a: Iron Crown
|-supereffective|p1a: Iron Crown
|-damage|p1a: Iron Crown|46/100
|
|upkeep
|turn|6
|
|t:|1758927662
|switch|p2a: Slowking|Slowking, F|100/100
|move|p1a: Iron Crown|Psychic|p2a: Slowking
|-resisted|p2a: Slowking
|-damage|p2a: Slowking|77/100
|-unboost|p2a: Slowking|spd|1
|
|upkeep
|turn|7
|
|t:|1758927669
|move|p1a: Iron Crown|Volt Switch|p2a: Slowking
|-supereffective|p2a: Slowking
|-damage|p2a: Slowking|0 fnt
|faint|p2a: Slowking
|
|t:|1758927678
|-end|p1a: Iron Crown|Quark Drive|[silent]
|switch|p1a: Ogerpon|Ogerpon-Wellspring, F|100/100|[from] Volt Switch
|
|upkeep
|
|t:|1758927686
|switch|p2a: Hitmontop|Hitmontop, M|99/100
|-damage|p2a: Hitmontop|88/100|[from] Spikes
|-ability|p2a: Hitmontop|Intimidate|boost
|-unboost|p1a: Ogerpon|atk|1
|turn|8
|
|t:|1758927694
|move|p1a: Ogerpon|Ivy Cudgel|p2a: Hitmontop|[anim] Ivy Cudgel Water
|-damage|p2a: Hitmontop|55/100
|move|p2a: Hitmontop|Rapid Spin|p1a: Ogerpon
|-damage|p1a: Ogerpon|86/100
|-boost|p2a: Hitmontop|spe|1
|-sideend|p2: aroundthenatdex|Spikes|[from] move: Rapid Spin|[of] p2a: Hitmontop
|
|-heal|p2a: Hitmontop|61/100|[from] item: Leftovers
|upkeep
|turn|9
|
|t:|1758927707
|switch|p2a: Meganium|Meganium, M|100/100
|-terastallize|p1a: Ogerpon|Water
|detailschange|p1a: Ogerpon|Ogerpon-Wellspring-Tera, F, tera:Water
|-ability|p1a: Ogerpon|Embody Aspect (Wellspring)|boost
|-boost|p1a: Ogerpon|spd|1
|move|p1a: Ogerpon|Ivy Cudgel|p2a: Meganium|[anim] Ivy Cudgel Water
|-resisted|p2a: Meganium
|-damage|p2a: Meganium|83/100
|
|-heal|p2a: Meganium|89/100|[from] item: Leftovers
|upkeep
|turn|10
|
|t:|1758927719
|move|p1a: Ogerpon|U-turn|p2a: Meganium
|-supereffective|p2a: Meganium
|-damage|p2a: Meganium|64/100
|
|t:|1758927725
|switch|p1a: Latios|Latios, M|100/100|[from] U-turn
|move|p2a: Meganium|Counter|p1a: Latios
|-damage|p1a: Latios|41/100
|
|-heal|p2a: Meganium|70/100|[from] item: Leftovers
|upkeep
|turn|11
|
|t:|1758927739
|switch|p2a: Gligar|Gligar, M|22/100
|move|p1a: Latios|Calm Mind|p1a: Latios
|-boost|p1a: Latios|spa|1
|-boost|p1a: Latios|spd|1
|
|upkeep
|turn|12
|
|t:|1758927747
|move|p1a: Latios|Shadow Ball|p2a: Gligar
|-damage|p2a: Gligar|0 fnt
|faint|p2a: Gligar
|
|upkeep
|
|t:|1758927749
|switch|p2a: Scizor|Scizor, M|57/100
|turn|13
|
|t:|1758927756
|move|p1a: Latios|Draco Meteor|p2a: Scizor|[miss]
|-miss|p1a: Latios|p2a: Scizor
|move|p2a: Scizor|U-turn|p1a: Latios
|-supereffective|p1a: Latios
|-damage|p1a: Latios|0 fnt
|faint|p1a: Latios
|
|t:|1758927762
|switch|p2a: Meganium|Meganium, M|70/100|[from] U-turn
|
|-heal|p2a: Meganium|76/100|[from] item: Leftovers
|upkeep
|
|t:|1758927774
|switch|p1a: Great Tusk|Great Tusk|100/100
|turn|14
|
|t:|1758927781
|move|p1a: Great Tusk|Ice Spinner|p2a: Meganium
|-supereffective|p2a: Meganium
|-damage|p2a: Meganium|34/100
|move|p2a: Meganium|Giga Drain|p1a: Great Tusk
|-supereffective|p1a: Great Tusk
|-damage|p1a: Great Tusk|37/100
|-heal|p2a: Meganium|66/100|[from] drain|[of] p1a: Great Tusk
|
|-heal|p2a: Meganium|72/100|[from] item: Leftovers
|upkeep
|turn|15
|
|t:|1758927797
|move|p1a: Great Tusk|Ice Spinner|p2a: Meganium
|-supereffective|p2a: Meganium
|-damage|p2a: Meganium|29/100
|move|p2a: Meganium|Giga Drain|p1a: Great Tusk
|-supereffective|p1a: Great Tusk
|-damage|p1a: Great Tusk|0 fnt
|-heal|p2a: Meganium|48/100|[from] drain|[of] p1a: Great Tusk
|faint|p1a: Great Tusk
|-end|p1a: Great Tusk|Protosynthesis|[silent]
|
|-heal|p2a: Meganium|54/100|[from] item: Leftovers
|upkeep
|inactive|nem au sucre has 120 seconds left.
|c|☆aroundthenatdex|playyyy my boyyy
|
|t:|1758927832
|switch|p1a: Iron Crown|Iron Crown|46/100
|turn|16
|inactive|nem au sucre has 90 seconds left.
|
|t:|1758927859
|switch|p2a: Hitmontop|Hitmontop, M|61/100
|-ability|p2a: Hitmontop|Intimidate|boost
|-unboost|p1a: Iron Crown|atk|1
|move|p1a: Iron Crown|Psychic|p2a: Hitmontop
|-supereffective|p2a: Hitmontop
|-damage|p2a: Hitmontop|0 fnt
|faint|p2a: Hitmontop
|
|upkeep
|
|t:|1758927865
|switch|p2a: Azumarill|Azumarill, M|100/100
|turn|17
|
|t:|1758927885
|move|p1a: Iron Crown|Volt Switch|p2a: Azumarill
|-supereffective|p2a: Azumarill
|-damage|p2a: Azumarill|52/100
|
|t:|1758927889
|-end|p1a: Iron Crown|Quark Drive|[silent]
|switch|p1a: Ogerpon|Ogerpon-Wellspring-Tera, F, tera:Water|86/100|[from] Volt Switch
|-ability|p1a: Ogerpon|Embody Aspect (Wellspring)|boost
|-boost|p1a: Ogerpon|spd|1
|move|p2a: Azumarill|Liquidation|p1a: Ogerpon
|-resisted|p1a: Ogerpon
|-damage|p1a: Ogerpon|35/100
|-unboost|p1a: Ogerpon|def|1
|
|upkeep
|turn|18
|
|t:|1758927898
|move|p1a: Ogerpon|Horn Leech|p2a: Azumarill
|-supereffective|p2a: Azumarill
|-damage|p2a: Azumarill|0 fnt
|-heal|p1a: Ogerpon|70/100|[from] drain|[of] p2a: Azumarill
|faint|p2a: Azumarill
|
|upkeep
|
|t:|1758927900
|switch|p2a: Meganium|Meganium, M|54/100
|turn|19
|
|t:|1758927908
|move|p1a: Ogerpon|U-turn|p2a: Meganium
|-supereffective|p2a: Meganium
|-damage|p2a: Meganium|19/100
|
|t:|1758927911
|switch|p1a: Iron Crown|Iron Crown|46/100|[from] U-turn
|move|p2a: Meganium|Counter|p1a: Iron Crown
|-damage|p1a: Iron Crown|0 fnt
|faint|p1a: Iron Crown
|-end|p1a: Iron Crown|Quark Drive|[silent]
|
|-heal|p2a: Meganium|25/100|[from] item: Leftovers
|upkeep
|
|t:|1758927919
|switch|p1a: Ogerpon|Ogerpon-Wellspring-Tera, F, tera:Water|70/100
|-ability|p1a: Ogerpon|Embody Aspect (Wellspring)|boost
|-boost|p1a: Ogerpon|spd|1
|turn|20
|
|t:|1758927923
|switch|p2a: Scizor|Scizor, M|57/100
|move|p1a: Ogerpon|U-turn|p2a: Scizor
|-resisted|p2a: Scizor
|-damage|p2a: Scizor|43/100
|
|t:|1758927927
|switch|p1a: Garganacl|Garganacl, M|100/100|[from] U-turn
|
|upkeep
|turn|21
|inactive|aroundthenatdex has 120 seconds left.
|inactive|aroundthenatdex has 90 seconds left.
|inactive|aroundthenatdex has 60 seconds left.
|
|t:|1758928028
|move|p2a: Scizor|Bullet Punch|p1a: Garganacl
|-supereffective|p1a: Garganacl
|-damage|p1a: Garganacl|59/100
|move|p1a: Garganacl|Salt Cure|p2a: Scizor
|-damage|p2a: Scizor|29/100
|-start|p2a: Scizor|Salt Cure
|
|-heal|p1a: Garganacl|65/100|[from] item: Leftovers
|-damage|p2a: Scizor|4/100|[from] Salt Cure
|upkeep
|turn|22
|c|☆aroundthenatdex|gg
|-message|aroundthenatdex forfeited.
|
|win|nem au sucre
|raw|nem au sucre's rating: 1225 &rarr; <strong>1247</strong><br />(+22 for winning)
|raw|aroundthenatdex's rating: 1181 &rarr; <strong>1159</strong><br />(-22 for losing)
|l|☆aroundthenatdex
|player|p2|
|l|☆nem au sucre
|player|p1|
