|j|☆swimming nixon
|j|☆munty12
|t:|1759036619
|gametype|singles
|player|p1|swimming nixon|101|1306
|player|p2|munty12|1|1341
|gen|9
|tier|[Gen 9] OU
|rated|
|rule|HP Percentage Mod: HP is shown in percentages
|rule|Endless Battle Clause: Forcing endless battles is banned
|rule|Species Clause: Limit one of each Pokémon
|rule|OHKO Clause: OHKO moves are banned
|rule|Evasion Items Clause: Evasion items are banned
|rule|Evasion Moves Clause: Evasion moves are banned
|rule|Evasion Abilities Clause: Evasion abilities are banned
|rule|Sleep Moves Clause: Sleep-inducing moves are banned
|clearpoke
|poke|p1|Darkrai|
|poke|p1|Kyurem|
|poke|p1|Scizor, F|
|poke|p1|Pecharunt|
|poke|p1|Primarina, M|
|poke|p1|Gliscor, M|
|poke|p2|Gallade, M|
|poke|p2|Rotom-Wash|
|poke|p2|Empoleon, F|
|poke|p2|Breloom, M|
|poke|p2|Palossand, F|
|poke|p2|Scizor, F|
|teampreview
|
|t:|1759036624
|teamsize|p1|6
|teamsize|p2|6
|start
|switch|p1a: Kyurem|Kyurem|100/100
|switch|p2a: Rotom|Rotom-Wash|100/100
|-ability|p1a: Kyurem|Pressure
|turn|1
|
|t:|1759036632
|switch|p2a: Empoleon|Empoleon, F|100/100
|move|p1a: Kyurem|Freeze-Dry|p2a: Empoleon
|-damage|p2a: Empoleon|71/100
|
|upkeep
|turn|2
|
|t:|1759036639
|switch|p1a: Primarina|Primarina, M|100/100
|move|p2a: Empoleon|Flash Cannon|p1a: Primarina
|-damage|p1a: Primarina|86/100
|
|upkeep
|turn|3
|inactive|Battle timer is ON: inactive players will automatically lose when time's up. (requested by swimming nixon)
|
|t:|1759036647
|move|p2a: Empoleon|Flip Turn|p1a: Primarina
|-resisted|p1a: Primarina
|-crit|p1a: Primarina
|-damage|p1a: Primarina|71/100
|
|t:|1759036651
|switch|p2a: Rotom|Rotom-Wash|100/100|[from] Flip Turn
|move|p1a: Primarina|Flip Turn|p2a: Rotom
|-resisted|p2a: Rotom
|-damage|p2a: Rotom|89/100
|
|t:|1759036654
|switch|p1a: Kyurem|Kyurem|100/100|[from] Flip Turn
|-ability|p1a: Kyurem|Pressure
|
|upkeep
|turn|4
|
|t:|1759036664
|switch|p2a: Scizor|Scizor, F|100/100
|move|p1a: Kyurem|Freeze-Dry|p2a: Scizor
|-resisted|p2a: Scizor
|-damage|p2a: Scizor|61/100
|
|-heal|p2a: Scizor|67/100|[from] item: Leftovers
|upkeep
|turn|5
|
|t:|1759036673
|switch|p1a: Gliscor|Gliscor, M|100/100
|move|p2a: Scizor|Knock Off|p1a: Gliscor
|-damage|p1a: Gliscor|77/100
|-enditem|p1a: Gliscor|Toxic Orb|[from] move: Knock Off|[of] p2a: Scizor
|
|-heal|p2a: Scizor|73/100|[from] item: Leftovers
|upkeep
|turn|6
|
|t:|1759036682
|move|p1a: Gliscor|Stealth Rock|p2a: Scizor
|-sidestart|p2: munty12|move: Stealth Rock
|move|p2a: Scizor|U-turn|p1a: Gliscor
|-resisted|p1a: Gliscor
|-damage|p1a: Gliscor|63/100
|
|t:|1759036689
|switch|p2a: Rotom|Rotom-Wash|89/100|[from] U-turn
|-damage|p2a: Rotom|77/100|[from] Stealth Rock
|
|upkeep
|turn|7
|
|t:|1759036701
|move|p2a: Rotom|Volt Switch|p1a: Gliscor
|-immune|p1a: Gliscor
|move|p1a: Gliscor|Knock Off|p2a: Rotom
|-damage|p2a: Rotom|46/100
|-enditem|p2a: Rotom|Choice Specs|[from] move: Knock Off|[of] p1a: Gliscor
|
|upkeep
|turn|8
|
|t:|1759036705
|move|p1a: Gliscor|Protect|p1a: Gliscor
|-singleturn|p1a: Gliscor|Protect
|move|p2a: Rotom|Hydro Pump|p1a: Gliscor
|-activate|p1a: Gliscor|move: Protect
|
|upkeep
|turn|9
|
|t:|1759036711
|switch|p1a: Primarina|Primarina, M|71/100
|move|p2a: Rotom|Volt Switch|p1a: Primarina
|-supereffective|p1a: Primarina
|-damage|p1a: Primarina|45/100
|
|t:|1759036718
|switch|p2a: Breloom|Breloom, M|100/100|[from] Volt Switch
|-damage|p2a: Breloom|94/100|[from] Stealth Rock
|
|upkeep
|turn|10
|
|t:|1759036727
|switch|p1a: Scizor|Scizor, F|100/100
|move|p2a: Breloom|Rock Tomb|p1a: Scizor
|-damage|p1a: Scizor|47/100
|-unboost|p1a: Scizor|spe|1
|
|upkeep
|turn|11
|
|t:|1759036737
|move|p1a: Scizor|Bullet Punch|p2a: Breloom
|-damage|p2a: Breloom|40/100
|move|p2a: Breloom|Rock Tomb|p1a: Scizor
|-damage|p1a: Scizor|0 fnt
|faint|p1a: Scizor
|
|upkeep
|
|t:|1759036740
|switch|p1a: Darkrai|Darkrai|100/100
|turn|12
|
|t:|1759036760
|switch|p1a: Pecharunt|Pecharunt|100/100
|switch|p2a: Rotom|Rotom-Wash|46/100
|-damage|p2a: Rotom|34/100|[from] Stealth Rock
|
|upkeep
|turn|13
|
|t:|1759036766
|move|p2a: Rotom|Thunderbolt|p1a: Pecharunt
|-damage|p1a: Pecharunt|53/100
|move|p1a: Pecharunt|Shadow Ball|p2a: Rotom
|-damage|p2a: Rotom|0 fnt
|faint|p2a: Rotom
|
|upkeep
|
|t:|1759036779
|switch|p2a: Scizor|Scizor, F|73/100
|-damage|p2a: Scizor|61/100|[from] Stealth Rock
|turn|14
|
|t:|1759036786
|move|p1a: Pecharunt|Recover|p1a: Pecharunt
|-heal|p1a: Pecharunt|100/100
|move|p2a: Scizor|Defog|p1a: Pecharunt
|-unboost|p1a: Pecharunt|evasion|1
|-sideend|p2: munty12|Stealth Rock|[from] move: Defog|[of] p2a: Scizor
|
|-heal|p2a: Scizor|67/100|[from] item: Leftovers
|upkeep
|turn|15
|
|t:|1759036800
|switch|p1a: Gliscor|Gliscor, M|63/100
|move|p2a: Scizor|Knock Off|p1a: Gliscor
|-damage|p1a: Gliscor|49/100
|
|-heal|p2a: Scizor|73/100|[from] item: Leftovers
|upkeep
|turn|16
|
|t:|1759036814
|move|p1a: Gliscor|Knock Off|p2a: Scizor
|-damage|p2a: Scizor|52/100
|-enditem|p2a: Scizor|Leftovers|[from] move: Knock Off|[of] p1a: Gliscor
|move|p2a: Scizor|U-turn|p1a: Gliscor
|-resisted|p1a: Gliscor
|-damage|p1a: Gliscor|37/100
|
|t:|1759036825
|switch|p2a: Gallade|Gallade, M, shiny|100/100|[from] U-turn
|
|upkeep
|turn|17
|
|t:|1759036840
|move|p1a: Gliscor|Protect|p1a: Gliscor
|-singleturn|p1a: Gliscor|Protect
|move|p2a: Gallade|Aqua Cutter|p1a: Gliscor
|-activate|p1a: Gliscor|move: Protect
|
|upkeep
|turn|18
|
|t:|1759036853
|switch|p2a: Empoleon|Empoleon, F|71/100
|switch|p1a: Kyurem|Kyurem|100/100
|-ability|p1a: Kyurem|Pressure
|
|upkeep
|turn|19
|
|t:|1759036859
|move|p1a: Kyurem|Earth Power|p2a: Empoleon
|-supereffective|p2a: Empoleon
|-damage|p2a: Empoleon|23/100
|move|p2a: Empoleon|Flash Cannon|p1a: Kyurem
|-supereffective|p1a: Kyurem
|-damage|p1a: Kyurem|31/100
|-unboost|p1a: Kyurem|spd|1
|
|upkeep
|turn|20
|
|t:|1759036866
|move|p1a: Kyurem|Earth Power|p2a: Empoleon
|-supereffective|p2a: Empoleon
|-damage|p2a: Empoleon|0 fnt
|faint|p2a: Empoleon
|
|upkeep
|
|t:|1759036873
|switch|p2a: Scizor|Scizor, F|52/100
|turn|21
|
|t:|1759036890
|switch|p1a: Gliscor|Gliscor, M|37/100
|move|p2a: Scizor|Knock Off|p1a: Gliscor
|-damage|p1a: Gliscor|21/100
|
|upkeep
|turn|22
|
|t:|1759036899
|move|p2a: Scizor|Bullet Punch|p1a: Gliscor
|-damage|p1a: Gliscor|0 fnt
|faint|p1a: Gliscor
|
|upkeep
|
|t:|1759036905
|switch|p1a: Pecharunt|Pecharunt|100/100
|turn|23
|
|t:|1759036914
|move|p1a: Pecharunt|Shadow Ball|p2a: Scizor
|-damage|p2a: Scizor|0 fnt
|faint|p2a: Scizor
|
|upkeep
|
|t:|1759036926
|switch|p2a: Gallade|Gallade, M, shiny|100/100
|turn|24
|
|t:|1759036937
|switch|p1a: Primarina|Primarina, M|45/100
|-terastallize|p2a: Gallade|Fairy
|move|p2a: Gallade|Psycho Cut|p1a: Primarina
|-damage|p1a: Primarina|0 fnt
|faint|p1a: Primarina
|
|upkeep
|
|t:|1759036943
|switch|p1a: Darkrai|Darkrai|100/100
|turn|25
|
|t:|1759036953
|switch|p2a: Palossand|Palossand, F|100/100
|-terastallize|p1a: Darkrai|Poison
|move|p1a: Darkrai|Sludge Bomb|p2a: Palossand
|-resisted|p2a: Palossand
|-damage|p2a: Palossand|84/100
|-status|p2a: Palossand|psn
|
|-heal|p2a: Palossand|91/100 psn|[from] item: Leftovers
|-damage|p2a: Palossand|78/100 psn|[from] psn
|upkeep
|turn|26
|
|t:|1759036966
|switch|p1a: Pecharunt|Pecharunt|100/100
|move|p2a: Palossand|Earth Power|p1a: Pecharunt
|-supereffective|p1a: Pecharunt
|-damage|p1a: Pecharunt|25/100
|
|-heal|p2a: Palossand|84/100 psn|[from] item: Leftovers
|-damage|p2a: Palossand|72/100 psn|[from] psn
|upkeep
|turn|27
|
|t:|1759036968
|move|p1a: Pecharunt|Shadow Ball|p2a: Palossand
|-supereffective|p2a: Palossand
|-damage|p2a: Palossand|0 fnt
|faint|p2a: Palossand
|
|upkeep
|
|t:|1759036974
|switch|p2a: Gallade|Gallade, M, shiny, tera:Fairy|100/100
|turn|28
|
|t:|1759036975
|move|p2a: Gallade|Psycho Cut|p1a: Pecharunt
|-supereffective|p1a: Pecharunt
|-damage|p1a: Pecharunt|0 fnt
|faint|p1a: Pecharunt
|
|upkeep
|
|t:|1759036980
|switch|p1a: Kyurem|Kyurem|31/100
|-ability|p1a: Kyurem|Pressure
|turn|29
|
|t:|1759036988
|move|p2a: Gallade|Psycho Cut|p1a: Kyurem
|-crit|p1a: Kyurem
|-damage|p1a: Kyurem|0 fnt
|faint|p1a: Kyurem
|
|upkeep
|
|t:|1759036990
|switch|p1a: Darkrai|Darkrai, tera:Poison|100/100
|turn|30
|c|☆munty12|terra poison lost you the game
|
|t:|1759037003
|move|p2a: Gallade|Psycho Cut|p1a: Darkrai
|-supereffective|p1a: Darkrai
|-damage|p1a: Darkrai|0 fnt
|faint|p1a: Darkrai
|
|win|munty12
|raw|swimming nixon's rating: 1306 &rarr; <strong>1288</strong><br />(-18 for losing)
|raw|munty12's rating: 1341 &rarr; <strong>1359</strong><br />(+18 for winning)
|l|☆swimming nixon
|player|p1|
|l|☆munty12
|player|p2|
