|badge|p2|bronze|gen9ou|100-6
|html|<div class="broadcast-red"><strong>This battle is required to be public due to one or more player having a season medal.</strong><br />During the public phase, you can discuss the state of the ladder <a href="/seasondiscussion">in a special chatroom.</a></div>
|uhtml|medal-msg|<div class="broadcast-blue">Curious what those medals under the avatar are? PS now has Ladder Seasons! For more information, check out the <a href="https://www.smogon.com/forums/threads/3740067/">thread on Smogon.</a></div>
|raw|<div class="broadcast-blue"><strong>This battle is required to be public due to a player having a name starting with 'medal'.</div>
|j|☆Sunshinne
|j|☆MunchlaxTheGodKing
|t:|1759052271
|gametype|singles
|player|p1|Sunshinne|caitlin|1687
|player|p2|MunchlaxTheGodKing|furisodegirl-black|1840
|gen|9
|tier|[Gen 9] OU
|rated|
|rule|HP Percentage Mod: HP is shown in percentages
|rule|Endless Battle Clause: Forcing endless battles is banned
|rule|Species Clause: Limit one of each Pokémon
|rule|OHKO Clause: OHKO moves are banned
|rule|Evasion Items Clause: Evasion items are banned
|rule|Evasion Moves Clause: Evasion moves are banned
|rule|Evasion Abilities Clause: Evasion abilities are banned
|rule|Sleep Moves Clause: Sleep-inducing moves are banned
|clearpoke
|poke|p1|Ribombee, M|
|poke|p1|Glimmora, F|
|poke|p1|Manaphy|
|poke|p1|Zamazenta-*|
|poke|p1|Gholdengo|
|poke|p1|Kingambit, F|
|poke|p2|Zamazenta-*|
|poke|p2|Dragapult, F|
|poke|p2|Raging Bolt|
|poke|p2|Moltres|
|poke|p2|Iron Treads|
|poke|p2|Samurott-Hisui, F|
|teampreview
|inactive|Battle timer is ON: inactive players will automatically lose when time's up. (requested by Sunshinne)
|inactive|MunchlaxTheGodKing also wants the timer to be on.
|
|t:|1759052298
|teamsize|p1|6
|teamsize|p2|6
|start
|switch|p1a: Glimmora|Glimmora, F|100/100
|switch|p2a: 踩踩背|Iron Treads|100/100
|turn|1
|
|t:|1759052303
|move|p1a: Glimmora|Earth Power|p2a: 踩踩背
|-supereffective|p2a: 踩踩背
|-damage|p2a: 踩踩背|41/100
|-unboost|p2a: 踩踩背|spd|1
|move|p2a: 踩踩背|Rapid Spin|p1a: Glimmora
|-resisted|p1a: Glimmora
|-damage|p1a: Glimmora|93/100
|-boost|p2a: 踩踩背|spe|1
|-activate|p1a: Glimmora|ability: Toxic Debris
|-sidestart|p2: MunchlaxTheGodKing|move: Toxic Spikes
|-sideend|p2: MunchlaxTheGodKing|Toxic Spikes|[from] move: Rapid Spin|[of] p2a: 踩踩背
|
|-heal|p2a: 踩踩背|47/100|[from] item: Leftovers
|upkeep
|turn|2
|
|t:|1759052307
|move|p2a: 踩踩背|Earthquake|p1a: Glimmora
|-supereffective|p1a: Glimmora
|-damage|p1a: Glimmora|0 fnt
|-activate|p1a: Glimmora|ability: Toxic Debris
|-sidestart|p2: MunchlaxTheGodKing|move: Toxic Spikes
|faint|p1a: Glimmora
|
|-heal|p2a: 踩踩背|53/100|[from] item: Leftovers
|upkeep
|
|t:|1759052311
|switch|p1a: Zamazenta|Zamazenta|100/100
|-ability|p1a: Zamazenta|Dauntless Shield|boost
|-boost|p1a: Zamazenta|def|1
|turn|3
|
|t:|1759052315
|-end|p2a: 踩踩背|Quark Drive|[silent]
|switch|p2a: Moltres|Moltres|100/100
|move|p1a: Zamazenta|Iron Defense|p1a: Zamazenta
|-boost|p1a: Zamazenta|def|2
|
|upkeep
|turn|4
|
|t:|1759052317
|move|p1a: Zamazenta|Stone Edge|p2a: Moltres
|-supereffective|p2a: Moltres
|-crit|p2a: Moltres
|-damage|p2a: Moltres|0 fnt
|faint|p2a: Moltres
|
|upkeep
|
|t:|1759052324
|switch|p2a: 24岁 喜欢发射孩子|Dragapult, F|100/100
|-status|p2a: 24岁 喜欢发射孩子|psn
|turn|5
|
|t:|1759052326
|move|p2a: 24岁 喜欢发射孩子|Shadow Ball|p1a: Zamazenta
|-damage|p1a: Zamazenta|52/100
|move|p1a: Zamazenta|Iron Head|p2a: 24岁 喜欢发射孩子
|-damage|p2a: 24岁 喜欢发射孩子|69/100 psn
|
|-damage|p2a: 24岁 喜欢发射孩子|57/100 psn|[from] psn
|upkeep
|turn|6
|
|t:|1759052331
|move|p2a: 24岁 喜欢发射孩子|Shadow Ball|p1a: Zamazenta
|-damage|p1a: Zamazenta|3/100
|move|p1a: Zamazenta|Stone Edge|p2a: 24岁 喜欢发射孩子|[miss]
|-miss|p1a: Zamazenta|p2a: 24岁 喜欢发射孩子
|
|-damage|p2a: 24岁 喜欢发射孩子|44/100 psn|[from] psn
|upkeep
|turn|7
|
|t:|1759052335
|move|p2a: 24岁 喜欢发射孩子|Shadow Ball|p1a: Zamazenta
|-damage|p1a: Zamazenta|0 fnt
|faint|p1a: Zamazenta
|
|-damage|p2a: 24岁 喜欢发射孩子|32/100 psn|[from] psn
|upkeep
|
|t:|1759052337
|switch|p1a: Ribombee|Ribombee, M|100/100
|turn|8
|
|t:|1759052340
|move|p2a: 24岁 喜欢发射孩子|Shadow Ball|p1a: Ribombee
|-damage|p1a: Ribombee|7/100
|move|p1a: Ribombee|Sticky Web|p2a: 24岁 喜欢发射孩子
|-sidestart|p2: MunchlaxTheGodKing|move: Sticky Web
|
|-damage|p2a: 24岁 喜欢发射孩子|20/100 psn|[from] psn
|upkeep
|turn|9
|
|t:|1759052344
|move|p2a: 24岁 喜欢发射孩子|Shadow Ball|p1a: Ribombee
|-damage|p1a: Ribombee|0 fnt
|faint|p1a: Ribombee
|
|-damage|p2a: 24岁 喜欢发射孩子|7/100 psn|[from] psn
|upkeep
|
|t:|1759052347
|switch|p1a: Kingambit|Kingambit, F|100/100
|-activate|p1a: Kingambit|ability: Supreme Overlord
|-start|p1a: Kingambit|fallen3|[silent]
|turn|10
|
|t:|1759052354
|switch|p2a: 长脖奶龙|Raging Bolt|100/100
|move|p1a: Kingambit|Swords Dance|p1a: Kingambit
|-boost|p1a: Kingambit|atk|2
|
|upkeep
|turn|11
|
|t:|1759052368
|-terastallize|p2a: 长脖奶龙|Fairy
|-terastallize|p1a: Kingambit|Fairy
|move|p2a: 长脖奶龙|Volt Switch|p1a: Kingambit
|-damage|p1a: Kingambit|56/100
|
|t:|1759052375
|-end|p2a: 长脖奶龙|Protosynthesis|[silent]
|switch|p2a: 踩踩背|Iron Treads|53/100|[from] Volt Switch
|-activate|p2a: 踩踩背|move: Sticky Web
|-unboost|p2a: 踩踩背|spe|1
|move|p1a: Kingambit|Tera Blast|p2a: 踩踩背|[anim] Tera Blast Fairy
|-resisted|p2a: 踩踩背
|-damage|p2a: 踩踩背|6/100
|
|-heal|p1a: Kingambit|62/100|[from] item: Leftovers
|-heal|p2a: 踩踩背|12/100|[from] item: Leftovers
|upkeep
|turn|12
|
|t:|1759052379
|move|p1a: Kingambit|Sucker Punch||[still]
|-fail|p1a: Kingambit
|move|p2a: 踩踩背|Stealth Rock|p1a: Kingambit
|-sidestart|p1: Sunshinne|move: Stealth Rock
|
|-heal|p1a: Kingambit|68/100|[from] item: Leftovers
|-heal|p2a: 踩踩背|18/100|[from] item: Leftovers
|upkeep
|turn|13
|
|t:|1759052382
|move|p1a: Kingambit|Sucker Punch|p2a: 踩踩背
|-damage|p2a: 踩踩背|0 fnt
|faint|p2a: 踩踩背
|-end|p2a: 踩踩背|Quark Drive|[silent]
|
|-heal|p1a: Kingambit|75/100|[from] item: Leftovers
|upkeep
|
|t:|1759052385
|switch|p2a: 长脖奶龙|Raging Bolt, tera:Fairy|100/100
|turn|14
|
|t:|1759052389
|move|p2a: 长脖奶龙|Volt Switch|p1a: Kingambit
|-damage|p1a: Kingambit|28/100
|
|t:|1759052398
|-end|p2a: 长脖奶龙|Protosynthesis|[silent]
|switch|p2a: 脑袋尖尖的|Zamazenta|100/100|[from] Volt Switch
|-status|p2a: 脑袋尖尖的|psn
|-activate|p2a: 脑袋尖尖的|move: Sticky Web
|-unboost|p2a: 脑袋尖尖的|spe|1
|-ability|p2a: 脑袋尖尖的|Dauntless Shield|boost
|-boost|p2a: 脑袋尖尖的|def|1
|move|p1a: Kingambit|Tera Blast|p2a: 脑袋尖尖的|[anim] Tera Blast Fairy
|-supereffective|p2a: 脑袋尖尖的
|-damage|p2a: 脑袋尖尖的|0 fnt
|faint|p2a: 脑袋尖尖的
|
|-heal|p1a: Kingambit|34/100|[from] item: Leftovers
|upkeep
|
|t:|1759052400
|switch|p2a: 长脖奶龙|Raging Bolt, tera:Fairy|100/100
|turn|15
|
|t:|1759052409
|move|p1a: Kingambit|Sucker Punch|p2a: 长脖奶龙
|-resisted|p2a: 长脖奶龙
|-damage|p2a: 长脖奶龙|56/100
|move|p2a: 长脖奶龙|Thunderbolt|p1a: Kingambit
|-damage|p1a: Kingambit|0 fnt
|faint|p1a: Kingambit
|-end|p1a: Kingambit|fallen3|[silent]
|
|upkeep
|
|t:|1759052415
|switch|p1a: Gholdengo|Gholdengo|100/100
|-damage|p1a: Gholdengo|94/100|[from] Stealth Rock
|-item|p1a: Gholdengo|Air Balloon
|turn|16
|
|t:|1759052422
|move|p1a: Gholdengo|Make It Rain|p2a: 长脖奶龙
|-supereffective|p2a: 长脖奶龙
|-damage|p2a: 长脖奶龙|0 fnt
|-unboost|p1a: Gholdengo|spa|1
|faint|p2a: 长脖奶龙
|-end|p2a: 长脖奶龙|Protosynthesis|[silent]
|
|upkeep
|
|t:|1759052424
|switch|p2a: 90%≠don't blunder|Samurott-Hisui, F|100/100
|-status|p2a: 90%≠don't blunder|psn
|-activate|p2a: 90%≠don't blunder|move: Sticky Web
|-unboost|p2a: 90%≠don't blunder|spe|1
|turn|17
|
|t:|1759052429
|switch|p1a: Manaphy|Manaphy|100/100
|-damage|p1a: Manaphy|88/100|[from] Stealth Rock
|move|p2a: 90%≠don't blunder|Ceaseless Edge|p1a: Manaphy
|-damage|p1a: Manaphy|25/100
|-sidestart|p1: Sunshinne|Spikes
|
|-heal|p1a: Manaphy|31/100|[from] item: Leftovers
|-damage|p2a: 90%≠don't blunder|88/100 psn|[from] psn
|upkeep
|turn|18
|
|t:|1759052433
|move|p1a: Manaphy|Surf|p2a: 90%≠don't blunder
|-resisted|p2a: 90%≠don't blunder
|-damage|p2a: 90%≠don't blunder|57/100 psn
|move|p2a: 90%≠don't blunder|Ceaseless Edge|p1a: Manaphy
|-damage|p1a: Manaphy|0 fnt
|-sidestart|p1: Sunshinne|Spikes
|faint|p1a: Manaphy
|
|-damage|p2a: 90%≠don't blunder|44/100 psn|[from] psn
|upkeep
|
|t:|1759052435
|switch|p1a: Gholdengo|Gholdengo|94/100
|-damage|p1a: Gholdengo|88/100|[from] Stealth Rock
|-item|p1a: Gholdengo|Air Balloon
|turn|19
|
|t:|1759052438
|move|p1a: Gholdengo|Hex|p2a: 90%≠don't blunder
|-resisted|p2a: 90%≠don't blunder
|-damage|p2a: 90%≠don't blunder|0 fnt
|faint|p2a: 90%≠don't blunder
|
|upkeep
|
|t:|1759052440
|switch|p2a: 24岁 喜欢发射孩子|Dragapult, F|7/100 psn
|-activate|p2a: 24岁 喜欢发射孩子|move: Sticky Web
|-fail|p2a: 24岁 喜欢发射孩子|unboost|[from] ability: Clear Body|[of] p2a: 24岁 喜欢发射孩子
|turn|20
|
|t:|1759052445
|move|p2a: 24岁 喜欢发射孩子|Shadow Ball|p1a: Gholdengo
|-supereffective|p1a: Gholdengo
|-damage|p1a: Gholdengo|0 fnt
|-enditem|p1a: Gholdengo|Air Balloon
|faint|p1a: Gholdengo
|
|win|MunchlaxTheGodKing
|raw|Sunshinne's rating: 1687 &rarr; <strong>1675</strong><br />(-12 for losing)
|raw|MunchlaxTheGodKing's rating: 1840 &rarr; <strong>1852</strong><br />(+12 for winning)
|l|☆MunchlaxTheGodKing
|player|p2|
