|j|☆supmydudeee
|j|☆v4lbu-p0k3
|t:|1759023200
|gametype|singles
|player|p1|supmydudeee|102|1422
|player|p2|v4lbu-p0k3|ingo|1366
|gen|9
|tier|[Gen 9] OU
|rated|
|rule|HP Percentage Mod: HP is shown in percentages
|rule|Endless Battle Clause: Forcing endless battles is banned
|rule|Species Clause: Limit one of each Pokémon
|rule|OHKO Clause: OHKO moves are banned
|rule|Evasion Items Clause: Evasion items are banned
|rule|Evasion Moves Clause: Evasion moves are banned
|rule|Evasion Abilities Clause: Evasion abilities are banned
|rule|Sleep Moves Clause: Sleep-inducing moves are banned
|clearpoke
|poke|p1|Slowking-Galar, M|
|poke|p1|Kyurem|
|poke|p1|Greninja-*, F|
|poke|p1|Cinderace, F|
|poke|p1|Mandibuzz, F|
|poke|p1|Gholdengo|
|poke|p2|Metagross|
|poke|p2|Ceruledge, M|
|poke|p2|Kingambit, M|
|poke|p2|Qwilfish-Hisui, M|
|poke|p2|Iron Valiant|
|poke|p2|Kyurem|
|teampreview
|inactive|Battle timer is ON: inactive players will automatically lose when time's up. (requested by v4lbu-p0k3)
|
|t:|1759023213
|teamsize|p1|6
|teamsize|p2|6
|start
|switch|p1a: Kyurem|Kyurem|100/100
|switch|p2a: Roll|Iron Valiant, shiny|100/100
|-ability|p1a: Kyurem|Pressure
|-enditem|p2a: Roll|Booster Energy
|-activate|p2a: Roll|ability: Quark Drive|[fromitem]
|-start|p2a: Roll|quarkdrivespe
|turn|1
|
|t:|1759023222
|switch|p1a: Slowking|Slowking-Galar, M|100/100
|move|p2a: Roll|Spirit Break|p1a: Slowking
|-resisted|p1a: Slowking
|-damage|p1a: Slowking|79/100
|-unboost|p1a: Slowking|spa|1
|
|upkeep
|turn|2
|
|t:|1759023229
|-terastallize|p2a: Roll|Dark
|move|p2a: Roll|Swords Dance|p2a: Roll
|-boost|p2a: Roll|atk|2
|-prepare|p1a: Slowking|Chilly Reception|[premajor]
|move|p1a: Slowking|Chilly Reception|p1a: Slowking
|-weather|Snowscape
|
|t:|1759023235
|switch|p1a: Greninja|Greninja, F|100/100|[from] Chilly Reception
|
|-weather|Snowscape|[upkeep]
|upkeep
|turn|3
|
|t:|1759023242
|move|p1a: Greninja|Sludge Wave|p2a: Roll
|-start|p1a: Greninja|typechange|Poison|[from] ability: Protean
|-damage|p2a: Roll|22/100
|move|p2a: Roll|Spirit Break|p1a: Greninja
|-resisted|p1a: Greninja
|-damage|p1a: Greninja|35/100
|-unboost|p1a: Greninja|spa|1
|
|-weather|Snowscape|[upkeep]
|upkeep
|turn|4
|
|t:|1759023251
|-end|p2a: Roll|Quark Drive|[silent]
|switch|p2a: Máximo|Metagross, shiny|100/100
|move|p1a: Greninja|Sludge Wave|p2a: Máximo
|-immune|p2a: Máximo
|
|-weather|Snowscape|[upkeep]
|upkeep
|turn|5
|
|t:|1759023257
|switch|p1a: Mandibuzz|Mandibuzz, F|100/100
|move|p2a: Máximo|Agility|p2a: Máximo
|-boost|p2a: Máximo|spe|2
|
|-weather|Snowscape|[upkeep]
|upkeep
|turn|6
|
|t:|1759023265
|move|p2a: Máximo|Heavy Slam|p1a: Mandibuzz
|-damage|p1a: Mandibuzz|58/100
|move|p1a: Mandibuzz|Foul Play|p2a: Máximo
|-supereffective|p2a: Máximo
|-damage|p2a: Máximo|15/100
|-enditem|p2a: Máximo|Weakness Policy
|-boost|p2a: Máximo|atk|2|[from] item: Weakness Policy
|-boost|p2a: Máximo|spa|2|[from] item: Weakness Policy
|
|-weather|none
|upkeep
|turn|7
|
|t:|1759023275
|switch|p1a: Gholdengo|Gholdengo|100/100
|move|p2a: Máximo|Heavy Slam|p1a: Gholdengo
|-resisted|p1a: Gholdengo
|-damage|p1a: Gholdengo|33/100
|
|upkeep
|turn|8
|
|t:|1759023282
|move|p2a: Máximo|Earthquake|p1a: Gholdengo
|-supereffective|p1a: Gholdengo
|-damage|p1a: Gholdengo|0 fnt
|faint|p1a: Gholdengo
|
|upkeep
|
|t:|1759023286
|switch|p1a: Cinderace|Cinderace, F|100/100
|turn|9
|
|t:|1759023289
|move|p1a: Cinderace|Sucker Punch|p2a: Máximo
|-start|p1a: Cinderace|typechange|Dark|[from] ability: Libero
|-supereffective|p2a: Máximo
|-damage|p2a: Máximo|0 fnt
|faint|p2a: Máximo
|
|upkeep
|
|t:|1759023297
|switch|p2a: Paladín|Ceruledge, M, shiny|100/100
|turn|10
|
|t:|1759023303
|switch|p1a: Greninja|Greninja, F|35/100
|move|p2a: Paladín|Swords Dance|p2a: Paladín
|-boost|p2a: Paladín|atk|2
|
|upkeep
|turn|11
|
|t:|1759023311
|move|p1a: Greninja|Switcheroo|p2a: Paladín
|-start|p1a: Greninja|typechange|Dark|[from] ability: Protean
|-activate|p1a: Greninja|move: Trick|[of] p2a: Paladín
|-item|p2a: Paladín|Choice Scarf|[from] move: Switcheroo
|-item|p1a: Greninja|Focus Sash|[from] move: Switcheroo
|move|p2a: Paladín|Bitter Blade|p1a: Greninja
|-damage|p1a: Greninja|0 fnt
|faint|p1a: Greninja
|
|upkeep
|
|t:|1759023320
|switch|p1a: Cinderace|Cinderace, F|100/100
|turn|12
|
|t:|1759023326
|switch|p2a: Van Loon|Qwilfish-Hisui, M|100/100
|-ability|p2a: Van Loon|Intimidate|boost
|-unboost|p1a: Cinderace|atk|1
|move|p1a: Cinderace|Sucker Punch||[still]
|-fail|p1a: Cinderace
|
|upkeep
|turn|13
|
|t:|1759023333
|switch|p1a: Mandibuzz|Mandibuzz, F|58/100
|move|p2a: Van Loon|Taunt|p1a: Mandibuzz
|-start|p1a: Mandibuzz|move: Taunt
|
|upkeep
|turn|14
|
|t:|1759023339
|switch|p1a: Kyurem|Kyurem|100/100
|-ability|p1a: Kyurem|Pressure
|move|p2a: Van Loon|Toxic|p1a: Kyurem
|-status|p1a: Kyurem|tox
|
|-damage|p1a: Kyurem|94/100 tox|[from] psn
|upkeep
|turn|15
|
|t:|1759023347
|move|p1a: Kyurem|Earth Power|p2a: Van Loon
|-supereffective|p2a: Van Loon
|-damage|p2a: Van Loon|0 fnt
|faint|p2a: Van Loon
|
|-damage|p1a: Kyurem|82/100 tox|[from] psn
|upkeep
|
|t:|1759023357
|switch|p2a: Roll|Iron Valiant, shiny, tera:Dark|22/100
|turn|16
|
|t:|1759023362
|switch|p1a: Cinderace|Cinderace, F|100/100
|move|p2a: Roll|Knock Off|p1a: Cinderace
|-damage|p1a: Cinderace|31/100
|-enditem|p1a: Cinderace|Choice Band|[from] move: Knock Off|[of] p2a: Roll
|
|upkeep
|turn|17
|
|t:|1759023373
|-end|p2a: Roll|Quark Drive|[silent]
|switch|p2a: Paladín|Ceruledge, M, shiny|100/100
|move|p1a: Cinderace|Pyro Ball|p2a: Paladín
|-resisted|p2a: Paladín
|-damage|p2a: Paladín|58/100
|-ability|p2a: Paladín|Weak Armor|boost
|-unboost|p2a: Paladín|def|1
|-boost|p2a: Paladín|spe|2
|
|upkeep
|turn|18
|
|t:|1759023384
|switch|p1a: Mandibuzz|Mandibuzz, F|58/100
|move|p2a: Paladín|Shadow Sneak|p1a: Mandibuzz
|-resisted|p1a: Mandibuzz
|-damage|p1a: Mandibuzz|53/100
|
|upkeep
|turn|19
|
|t:|1759023393
|move|p2a: Paladín|Shadow Sneak|p1a: Mandibuzz
|-resisted|p1a: Mandibuzz
|-damage|p1a: Mandibuzz|48/100
|move|p1a: Mandibuzz|Roost|p1a: Mandibuzz
|-heal|p1a: Mandibuzz|98/100
|-singleturn|p1a: Mandibuzz|move: Roost
|
|upkeep
|turn|20
|
|t:|1759023400
|move|p2a: Paladín|Shadow Sneak|p1a: Mandibuzz
|-resisted|p1a: Mandibuzz
|-damage|p1a: Mandibuzz|92/100
|move|p1a: Mandibuzz|Foul Play|p2a: Paladín
|-supereffective|p2a: Paladín
|-damage|p2a: Paladín|0 fnt
|faint|p2a: Paladín
|
|upkeep
|
|t:|1759023410
|switch|p2a: Roll|Iron Valiant, shiny, tera:Dark|22/100
|turn|21
|
|t:|1759023415
|move|p2a: Roll|Spirit Break|p1a: Mandibuzz
|-supereffective|p1a: Mandibuzz
|-damage|p1a: Mandibuzz|44/100
|-unboost|p1a: Mandibuzz|spa|1
|move|p1a: Mandibuzz|U-turn|p2a: Roll
|-supereffective|p2a: Roll
|-damage|p2a: Roll|0 fnt
|faint|p2a: Roll
|-end|p2a: Roll|Quark Drive|[silent]
|
|t:|1759023423
|switch|p1a: Cinderace|Cinderace, F|31/100|[from] U-turn
|
|upkeep
|
|t:|1759023431
|switch|p2a: Aegon|Kyurem, shiny|100/100
|-ability|p2a: Aegon|Pressure
|turn|22
|
|t:|1759023436
|move|p1a: Cinderace|Low Kick|p2a: Aegon
|-start|p1a: Cinderace|typechange|Fighting|[from] ability: Libero
|-supereffective|p2a: Aegon
|-damage|p2a: Aegon|0 fnt
|faint|p2a: Aegon
|
|upkeep
|
|t:|1759023440
|switch|p2a: Sandor|Kingambit, M|100/100
|-activate|p2a: Sandor|ability: Supreme Overlord
|-start|p2a: Sandor|fallen5|[silent]
|turn|23
|
|t:|1759023444
|move|p2a: Sandor|Sucker Punch|p1a: Cinderace
|-resisted|p1a: Cinderace
|-damage|p1a: Cinderace|0 fnt
|faint|p1a: Cinderace
|
|upkeep
|
|t:|1759023448
|switch|p1a: Kyurem|Kyurem|82/100 tox
|-ability|p1a: Kyurem|Pressure
|turn|24
|
|t:|1759023477
|-terastallize|p1a: Kyurem|Fairy
|move|p2a: Sandor|Sucker Punch|p1a: Kyurem
|-resisted|p1a: Kyurem
|-damage|p1a: Kyurem|44/100 tox
|move|p1a: Kyurem|Earth Power|p2a: Sandor
|-supereffective|p2a: Sandor
|-damage|p2a: Sandor|2/100
|
|-damage|p1a: Kyurem|38/100 tox|[from] psn
|upkeep
|turn|25
|
|t:|1759023486
|move|p1a: Kyurem|Earth Power|p2a: Sandor
|-supereffective|p2a: Sandor
|-damage|p2a: Sandor|0 fnt
|faint|p2a: Sandor
|-end|p2a: Sandor|fallen5|[silent]
|
|win|supmydudeee
|raw|supmydudeee's rating: 1422 &rarr; <strong>1439</strong><br />(+17 for winning)
|raw|v4lbu-p0k3's rating: 1366 &rarr; <strong>1349</strong><br />(-17 for losing)
|l|☆v4lbu-p0k3
|player|p2|
