|j|☆geniusandrei
|j|☆raffwastaken
|t:|1758975539
|gametype|singles
|player|p1|geniusandrei|101|1141
|player|p2|raffwastaken|aaron|1158
|gen|9
|tier|[Gen 9] OU
|rated|
|rule|HP Percentage Mod: HP is shown in percentages
|rule|Endless Battle Clause: Forcing endless battles is banned
|rule|Species Clause: Limit one of each Pokémon
|rule|OHKO Clause: OHKO moves are banned
|rule|Evasion Items Clause: Evasion items are banned
|rule|Evasion Moves Clause: Evasion moves are banned
|rule|Evasion Abilities Clause: Evasion abilities are banned
|rule|Sleep Moves Clause: Sleep-inducing moves are banned
|clearpoke
|poke|p1|Hoopa-Unbound|
|poke|p1|Indeedee, M|
|poke|p1|Ursaluna, F|
|poke|p1|Mimikyu, F|
|poke|p1|Iron Hands|
|poke|p1|Hatterene, F|
|poke|p2|Decidueye, F|
|poke|p2|Flamigo, F|
|poke|p2|Iron Valiant|
|poke|p2|Kingambit, M|
|poke|p2|Alomomola, F|
|poke|p2|Cinderace, M|
|teampreview
|inactive|Battle timer is ON: inactive players will automatically lose when time's up. (requested by raffwastaken)
|
|t:|1758975556
|teamsize|p1|6
|teamsize|p2|6
|start
|switch|p1a: Iron Hands|Iron Hands|100/100
|switch|p2a: Flamigo|Flamigo, F|100/100
|-enditem|p1a: Iron Hands|Booster Energy
|-activate|p1a: Iron Hands|ability: Quark Drive|[fromitem]
|-start|p1a: Iron Hands|quarkdriveatk
|turn|1
|
|t:|1758975565
|move|p2a: Flamigo|U-turn|p1a: Iron Hands
|-resisted|p1a: Iron Hands
|-damage|p1a: Iron Hands|92/100
|
|t:|1758975568
|switch|p2a: Decidueye|Decidueye, F|100/100|[from] U-turn
|move|p1a: Iron Hands|Supercell Slam|p2a: Decidueye
|-resisted|p2a: Decidueye
|-damage|p2a: Decidueye|57/100
|
|upkeep
|turn|2
|
|t:|1758975577
|move|p2a: Decidueye|Swords Dance|p2a: Decidueye
|-boost|p2a: Decidueye|atk|2
|move|p1a: Iron Hands|Ice Punch|p2a: Decidueye
|-supereffective|p2a: Decidueye
|-damage|p2a: Decidueye|0 fnt
|faint|p2a: Decidueye
|
|upkeep
|
|t:|1758975580
|switch|p2a: Iron Valiant|Iron Valiant|100/100
|turn|3
|
|t:|1758975591
|-terastallize|p1a: Iron Hands|Flying
|move|p2a: Iron Valiant|Moonblast|p1a: Iron Hands
|-damage|p1a: Iron Hands|43/100
|move|p1a: Iron Hands|Heavy Slam|p2a: Iron Valiant
|-supereffective|p2a: Iron Valiant
|-damage|p2a: Iron Valiant|0 fnt
|faint|p2a: Iron Valiant
|-end|p2a: Iron Valiant|Quark Drive|[silent]
|
|upkeep
|
|t:|1758975598
|switch|p2a: Flamigo|Flamigo, F|100/100
|turn|4
|
|t:|1758975604
|move|p2a: Flamigo|Liquidation|p1a: Iron Hands
|-damage|p1a: Iron Hands|23/100
|move|p1a: Iron Hands|Supercell Slam|p2a: Flamigo
|-supereffective|p2a: Flamigo
|-damage|p2a: Flamigo|0 fnt
|faint|p2a: Flamigo
|
|upkeep
|
|t:|1758975609
|switch|p2a: Cinderace|Cinderace, M|100/100
|turn|5
|
|t:|1758975614
|move|p2a: Cinderace|Pyro Ball|p1a: Iron Hands
|-damage|p1a: Iron Hands|0 fnt
|faint|p1a: Iron Hands
|-end|p1a: Iron Hands|Quark Drive|[silent]
|
|upkeep
|
|t:|1758975621
|switch|p1a: Indeedee|Indeedee, M|100/100
|-fieldstart|move: Psychic Terrain|[from] ability: Psychic Surge|[of] p1a: Indeedee
|turn|6
|
|t:|1758975627
|move|p2a: Cinderace|U-turn|p1a: Indeedee
|-start|p2a: Cinderace|typechange|Bug|[from] ability: Libero
|-supereffective|p1a: Indeedee
|-damage|p1a: Indeedee|28/100
|
|t:|1758975630
|switch|p2a: Kingambit|Kingambit, M|100/100|[from] U-turn
|-activate|p2a: Kingambit|ability: Supreme Overlord
|-start|p2a: Kingambit|fallen3|[silent]
|move|p1a: Indeedee|Trick Room|p1a: Indeedee
|-fieldstart|move: Trick Room|[of] p1a: Indeedee
|
|upkeep
|turn|7
|
|t:|1758975639
|switch|p1a: Ursaluna|Ursaluna, F|100/100
|move|p2a: Kingambit|Kowtow Cleave|p1a: Ursaluna
|-damage|p1a: Ursaluna|54/100
|
|-status|p1a: Ursaluna|brn|[from] item: Flame Orb
|upkeep
|turn|8
|
|t:|1758975646
|-terastallize|p2a: Kingambit|Ghost
|move|p1a: Ursaluna|Headlong Rush|p2a: Kingambit
|-damage|p2a: Kingambit|1/100
|-unboost|p1a: Ursaluna|def|1
|-unboost|p1a: Ursaluna|spd|1
|move|p2a: Kingambit|Kowtow Cleave|p1a: Ursaluna
|-damage|p1a: Ursaluna|0 fnt
|faint|p1a: Ursaluna
|
|-heal|p2a: Kingambit|7/100|[from] item: Leftovers
|upkeep
|
|t:|1758975658
|switch|p1a: Hatterene|Hatterene, F|100/100
|turn|9
|
|t:|1758975663
|-end|p2a: Kingambit|fallen3|[silent]
|switch|p2a: Alomomola|Alomomola, F|100/100
|move|p1a: Hatterene|Expanding Force|p2a: Alomomola
|-damage|p2a: Alomomola|0 fnt
|faint|p2a: Alomomola
|-damage|p1a: Hatterene|91/100|[from] item: Life Orb
|
|upkeep
|
|t:|1758975669
|switch|p2a: Cinderace|Cinderace, M|100/100
|turn|10
|
|t:|1758975674
|move|p2a: Cinderace|Sucker Punch|p1a: Hatterene
|-start|p2a: Cinderace|typechange|Dark|[from] ability: Libero
|-activate|p1a: Hatterene|move: Psychic Terrain
|move|p1a: Hatterene|Expanding Force|p2a: Cinderace
|-immune|p2a: Cinderace
|
|-fieldend|move: Trick Room
|upkeep
|turn|11
|-message|raffwastaken forfeited.
|
|win|geniusandrei
|raw|geniusandrei's rating: 1141 &rarr; <strong>1167</strong><br />(+26 for winning)
|raw|raffwastaken's rating: 1158 &rarr; <strong>1132</strong><br />(-26 for losing)
|l|☆raffwastaken
|player|p2|
|l|☆geniusandrei
|player|p1|
