|j|☆Yourragez
|j|☆alex12381723898
|t:|1758952097
|gametype|singles
|player|p1|Yourragez|266|1387
|player|p2|alex12381723898|170|1401
|gen|9
|tier|[Gen 9] OU
|rated|
|rule|HP Percentage Mod: HP is shown in percentages
|rule|Endless Battle Clause: Forcing endless battles is banned
|rule|Species Clause: Limit one of each Pokémon
|rule|OHKO Clause: OHKO moves are banned
|rule|Evasion Items Clause: Evasion items are banned
|rule|Evasion Moves Clause: Evasion moves are banned
|rule|Evasion Abilities Clause: Evasion abilities are banned
|rule|Sleep Moves Clause: Sleep-inducing moves are banned
|clearpoke
|poke|p1|Pikachu, M|
|poke|p1|Keldeo-Resolute|
|poke|p1|Iron Treads|
|poke|p1|Moltres|
|poke|p1|Sinistcha|
|poke|p1|Slowking-Galar, F|
|poke|p2|Darkrai|
|poke|p2|Ogerpon-Wellspring, F|
|poke|p2|Cinderace, F|
|poke|p2|Kyurem|
|poke|p2|Kingambit, F|
|poke|p2|Iron Valiant|
|teampreview
|inactive|Battle timer is ON: inactive players will automatically lose when time's up. (requested by alex12381723898)
|inactive|Yourragez has 120 seconds left.
|
|t:|1758952142
|teamsize|p1|6
|teamsize|p2|6
|start
|switch|p1a: Pikachu|Pikachu, M|100/100
|switch|p2a: Ogerpon|Ogerpon-Wellspring, F|100/100
|turn|1
|
|t:|1758952153
|switch|p1a: Sinistcha|Sinistcha|100/100
|move|p2a: Ogerpon|Ivy Cudgel|p1a: Sinistcha|[anim] Ivy Cudgel Water
|-resisted|p1a: Sinistcha
|-damage|p1a: Sinistcha|81/100
|
|-heal|p1a: Sinistcha|87/100|[from] item: Leftovers
|upkeep
|turn|2
|
|t:|1758952171
|move|p2a: Ogerpon|Knock Off|p1a: Sinistcha
|-supereffective|p1a: Sinistcha
|-damage|p1a: Sinistcha|36/100
|-enditem|p1a: Sinistcha|Leftovers|[from] move: Knock Off|[of] p2a: Ogerpon
|move|p1a: Sinistcha|Calm Mind|p1a: Sinistcha
|-boost|p1a: Sinistcha|spa|1
|-boost|p1a: Sinistcha|spd|1
|
|upkeep
|turn|3
|
|t:|1758952182
|move|p2a: Ogerpon|Knock Off|p1a: Sinistcha
|-supereffective|p1a: Sinistcha
|-damage|p1a: Sinistcha|2/100
|move|p1a: Sinistcha|Strength Sap|p2a: Ogerpon
|-unboost|p2a: Ogerpon|atk|1
|-heal|p1a: Sinistcha|99/100
|
|upkeep
|turn|4
|
|t:|1758952199
|switch|p2a: Kyurem|Kyurem|100/100
|-ability|p2a: Kyurem|Pressure
|move|p1a: Sinistcha|Calm Mind|p1a: Sinistcha
|-boost|p1a: Sinistcha|spa|1
|-boost|p1a: Sinistcha|spd|1
|
|upkeep
|turn|5
|
|t:|1758952210
|move|p2a: Kyurem|Freeze-Dry|p1a: Sinistcha
|-supereffective|p1a: Sinistcha
|-damage|p1a: Sinistcha|64/100
|move|p1a: Sinistcha|Strength Sap|p2a: Kyurem
|-unboost|p2a: Kyurem|atk|1
|-heal|p1a: Sinistcha|100/100
|
|upkeep
|turn|6
|
|t:|1758952216
|move|p2a: Kyurem|Freeze-Dry|p1a: Sinistcha
|-supereffective|p1a: Sinistcha
|-damage|p1a: Sinistcha|61/100
|move|p1a: Sinistcha|Calm Mind|p1a: Sinistcha
|-boost|p1a: Sinistcha|spa|1
|-boost|p1a: Sinistcha|spd|1
|
|upkeep
|turn|7
|
|t:|1758952219
|move|p2a: Kyurem|Freeze-Dry|p1a: Sinistcha
|-supereffective|p1a: Sinistcha
|-damage|p1a: Sinistcha|34/100
|move|p1a: Sinistcha|Strength Sap|p2a: Kyurem
|-unboost|p2a: Kyurem|atk|1
|-heal|p1a: Sinistcha|100/100
|
|upkeep
|turn|8
|
|t:|1758952223
|move|p2a: Kyurem|Freeze-Dry|p1a: Sinistcha
|-supereffective|p1a: Sinistcha
|-damage|p1a: Sinistcha|73/100
|move|p1a: Sinistcha|Calm Mind|p1a: Sinistcha
|-boost|p1a: Sinistcha|spa|1
|-boost|p1a: Sinistcha|spd|1
|
|upkeep
|turn|9
|
|t:|1758952229
|move|p2a: Kyurem|Freeze-Dry|p1a: Sinistcha
|-supereffective|p1a: Sinistcha
|-damage|p1a: Sinistcha|47/100
|move|p1a: Sinistcha|Strength Sap|p2a: Kyurem
|-unboost|p2a: Kyurem|atk|1
|-heal|p1a: Sinistcha|100/100
|
|upkeep
|turn|10
|
|t:|1758952234
|move|p2a: Kyurem|Freeze-Dry|p1a: Sinistcha
|-supereffective|p1a: Sinistcha
|-damage|p1a: Sinistcha|76/100
|move|p1a: Sinistcha|Shadow Ball|p2a: Kyurem
|-damage|p2a: Kyurem|16/100
|
|upkeep
|turn|11
|j| Mighdas
|
|t:|1758952242
|move|p2a: Kyurem|Freeze-Dry|p1a: Sinistcha
|-supereffective|p1a: Sinistcha
|-damage|p1a: Sinistcha|50/100
|move|p1a: Sinistcha|Strength Sap|p2a: Kyurem
|-unboost|p2a: Kyurem|atk|1
|-heal|p1a: Sinistcha|95/100
|
|upkeep
|turn|12
|
|t:|1758952247
|move|p2a: Kyurem|Dragon Dance|p2a: Kyurem
|-boost|p2a: Kyurem|atk|1
|-boost|p2a: Kyurem|spe|1
|move|p1a: Sinistcha|Shadow Ball|p2a: Kyurem
|-damage|p2a: Kyurem|0 fnt
|faint|p2a: Kyurem
|
|upkeep
|
|t:|1758952248
|switch|p2a: Darkrai|Darkrai|100/100
|turn|13
|
|t:|1758952283
|move|p2a: Darkrai|Nasty Plot|p2a: Darkrai
|-boost|p2a: Darkrai|spa|2
|move|p1a: Sinistcha|Matcha Gotcha|p2a: Darkrai
|-enditem|p2a: Darkrai|Focus Sash
|-damage|p2a: Darkrai|1/100
|-heal|p1a: Sinistcha|100/100|[from] drain|[of] p2a: Darkrai
|
|upkeep
|turn|14
|inactive|Yourragez has 120 seconds left.
|inactive|alex12381723898 has 120 seconds left.
|inactive|alex12381723898 has 90 seconds left.
|inactive|alex12381723898 has 60 seconds left.
|inactive|alex12381723898 has 30 seconds left.
|inactive|alex12381723898 has 20 seconds left.
|inactive|alex12381723898 has 15 seconds left.
|inactive|alex12381723898 has 10 seconds left.
|inactive|alex12381723898 has 5 seconds left.
|-message|alex12381723898 lost due to inactivity.
|
|win|Yourragez
|raw|Yourragez's rating: 1387 &rarr; <strong>1408</strong><br />(+21 for winning)
|raw|alex12381723898's rating: 1401 &rarr; <strong>1380</strong><br />(-21 for losing)
|l| Mighdas
|j| Mighdas
|l| Mighdas
|j| Mighdas
|l| Mighdas
|j| Mighdas
|l| Mighdas
|j| Mighdas
|l| Mighdas
|j| Mighdas
|l|☆Yourragez
|player|p1|
