|badge|p2|bronze|gen9ou|100-6
|html|<div class="broadcast-red"><strong>This battle is required to be public due to one or more player having a season medal.</strong><br />During the public phase, you can discuss the state of the ladder <a href="/seasondiscussion">in a special chatroom.</a></div>
|uhtml|medal-msg|<div class="broadcast-blue">Curious what those medals under the avatar are? PS now has Ladder Seasons! For more information, check out the <a href="https://www.smogon.com/forums/threads/3740067/">thread on Smogon.</a></div>
|raw|<div class="broadcast-blue"><strong>This battle is required to be public due to a player having a name starting with 'medal'.</div>
|j|☆Narita Taishin
|j|☆Obito 2001
|t:|1759003468
|gametype|singles
|player|p1|Narita Taishin|cyclistf-gen4|1831
|player|p2|Obito 2001|blue-gen3two|1871
|gen|9
|tier|[Gen 9] OU
|rated|
|rule|HP Percentage Mod: HP is shown in percentages
|rule|Endless Battle Clause: Forcing endless battles is banned
|rule|Species Clause: Limit one of each Pokémon
|rule|OHKO Clause: OHKO moves are banned
|rule|Evasion Items Clause: Evasion items are banned
|rule|Evasion Moves Clause: Evasion moves are banned
|rule|Evasion Abilities Clause: Evasion abilities are banned
|rule|Sleep Moves Clause: Sleep-inducing moves are banned
|clearpoke
|poke|p1|Gliscor, F|
|poke|p1|Blissey, F|
|poke|p1|Clodsire, F|
|poke|p1|Clefable, F|
|poke|p1|Pecharunt|
|poke|p1|Skarmory, M|
|poke|p2|Kingambit, M|
|poke|p2|Landorus-Therian, M|
|poke|p2|Raging Bolt|
|poke|p2|Glimmora, F|
|poke|p2|Dragapult, F|
|poke|p2|Cinderace, F|
|teampreview
|inactive|Battle timer is ON: inactive players will automatically lose when time's up. (requested by Obito 2001)
|inactive|Narita Taishin also wants the timer to be on.
|
|t:|1759003482
|teamsize|p1|6
|teamsize|p2|6
|start
|switch|p1a: Gliscor|Gliscor, F|100/100
|switch|p2a: BunnyGirlSenpai|Cinderace, F|100/100
|turn|1
|
|t:|1759003489
|move|p1a: Gliscor|Protect|p1a: Gliscor
|-singleturn|p1a: Gliscor|Protect
|move|p2a: BunnyGirlSenpai|Will-O-Wisp|p1a: Gliscor
|-activate|p1a: Gliscor|move: Protect
|
|-status|p1a: Gliscor|tox|[from] item: Toxic Orb
|upkeep
|turn|2
|
|t:|1759003497
|move|p2a: BunnyGirlSenpai|U-turn|p1a: Gliscor
|-resisted|p1a: Gliscor
|-damage|p1a: Gliscor|93/100 tox
|
|t:|1759003499
|switch|p2a: Landorus|Landorus-Therian, M|100/100|[from] U-turn
|-ability|p2a: Landorus|Intimidate|boost
|-unboost|p1a: Gliscor|atk|1
|move|p1a: Gliscor|Knock Off|p2a: Landorus
|-crit|p2a: Landorus
|-damage|p2a: Landorus|68/100
|-damage|p1a: Gliscor|77/100 tox|[from] item: Rocky Helmet|[of] p2a: Landorus
|-enditem|p2a: Landorus|Rocky Helmet|[from] move: Knock Off|[of] p1a: Gliscor
|
|-heal|p1a: Gliscor|89/100 tox|[from] ability: Poison Heal
|upkeep
|turn|3
|
|t:|1759003506
|move|p2a: Landorus|Stealth Rock|p1a: Gliscor
|-sidestart|p1: Narita Taishin|move: Stealth Rock
|move|p1a: Gliscor|Swords Dance|p1a: Gliscor
|-boost|p1a: Gliscor|atk|2
|
|-heal|p1a: Gliscor|100/100 tox|[from] ability: Poison Heal
|upkeep
|turn|4
|
|t:|1759003511
|move|p2a: Landorus|U-turn|p1a: Gliscor
|-resisted|p1a: Gliscor
|-damage|p1a: Gliscor|92/100 tox
|
|t:|1759003518
|switch|p2a: BunnyGirlSenpai|Cinderace, F|100/100|[from] U-turn
|move|p1a: Gliscor|Facade|p2a: BunnyGirlSenpai
|-damage|p2a: BunnyGirlSenpai|45/100
|
|-heal|p1a: Gliscor|100/100 tox|[from] ability: Poison Heal
|upkeep
|turn|5
|
|t:|1759003524
|move|p2a: BunnyGirlSenpai|Pyro Ball|p1a: Gliscor|[miss]
|-miss|p2a: BunnyGirlSenpai|p1a: Gliscor
|move|p1a: Gliscor|Facade|p2a: BunnyGirlSenpai
|-damage|p2a: BunnyGirlSenpai|0 fnt
|faint|p2a: BunnyGirlSenpai
|
|upkeep
|
|t:|1759003531
|switch|p2a: Toxica|Glimmora, F|100/100
|turn|6
|
|t:|1759003540
|move|p1a: Gliscor|Protect|p1a: Gliscor
|-singleturn|p1a: Gliscor|Protect
|move|p2a: Toxica|Meteor Beam||[still]
|-prepare|p2a: Toxica|Meteor Beam
|-boost|p2a: Toxica|spa|1
|-enditem|p2a: Toxica|Power Herb
|-anim|p2a: Toxica|Meteor Beam|p1a: Gliscor
|-activate|p1a: Gliscor|move: Protect
|
|upkeep
|turn|7
|
|t:|1759003545
|move|p2a: Toxica|Meteor Beam||[still]
|-prepare|p2a: Toxica|Meteor Beam
|-boost|p2a: Toxica|spa|1
|move|p1a: Gliscor|Facade|p2a: Toxica
|-resisted|p2a: Toxica
|-damage|p2a: Toxica|71/100
|-activate|p2a: Toxica|ability: Toxic Debris
|-sidestart|p1: Narita Taishin|move: Toxic Spikes
|
|upkeep
|turn|8
|
|t:|1759003547
|move|p1a: Gliscor|Protect|p1a: Gliscor
|-singleturn|p1a: Gliscor|Protect
|move|p2a: Toxica|Meteor Beam|p1a: Gliscor|[from] lockedmove
|-activate|p1a: Gliscor|move: Protect
|
|upkeep
|turn|9
|
|t:|1759003553
|move|p2a: Toxica|Dazzling Gleam|p1a: Gliscor
|-damage|p1a: Gliscor|53/100 tox
|move|p1a: Gliscor|Swords Dance|p1a: Gliscor
|-boost|p1a: Gliscor|atk|2
|
|-heal|p1a: Gliscor|66/100 tox|[from] ability: Poison Heal
|upkeep
|turn|10
|
|t:|1759003560
|move|p1a: Gliscor|Protect|p1a: Gliscor
|-singleturn|p1a: Gliscor|Protect
|move|p2a: Toxica|Meteor Beam||[still]
|-prepare|p2a: Toxica|Meteor Beam
|-boost|p2a: Toxica|spa|1
|
|-heal|p1a: Gliscor|78/100 tox|[from] ability: Poison Heal
|upkeep
|turn|11
|
|t:|1759003562
|switch|p1a: Clodsire|Clodsire, F|100/100
|-sideend|p1: Narita Taishin|move: Toxic Spikes|[of] p1a: Clodsire
|move|p2a: Toxica|Meteor Beam|p1a: Clodsire|[from] lockedmove
|-resisted|p1a: Clodsire
|-damage|p1a: Clodsire|85/100
|
|upkeep
|turn|12
|
|t:|1759003573
|move|p2a: Toxica|Earth Power|p1a: Clodsire
|-supereffective|p1a: Clodsire
|-damage|p1a: Clodsire|50/100
|move|p1a: Clodsire|Recover|p1a: Clodsire
|-heal|p1a: Clodsire|99/100
|
|upkeep
|turn|13
|
|t:|1759003576
|switch|p2a: DraGhost|Dragapult, F|100/100
|move|p1a: Clodsire|Earthquake|p2a: DraGhost
|-damage|p2a: DraGhost|66/100
|
|-heal|p2a: DraGhost|72/100|[from] item: Leftovers
|upkeep
|turn|14
|
|t:|1759003596
|move|p2a: DraGhost|Will-O-Wisp|p1a: Clodsire
|-status|p1a: Clodsire|brn
|move|p1a: Clodsire|Toxic|p2a: DraGhost
|-status|p2a: DraGhost|tox
|
|-heal|p2a: DraGhost|78/100 tox|[from] item: Leftovers
|-damage|p2a: DraGhost|72/100 tox|[from] psn
|-damage|p1a: Clodsire|94/100 brn|[from] brn
|upkeep
|turn|15
|
|t:|1759003600
|switch|p1a: Blissey|Blissey, F|100/100
|move|p2a: DraGhost|Hex|p1a: Blissey
|-immune|p1a: Blissey
|
|-heal|p2a: DraGhost|78/100 tox|[from] item: Leftovers
|-damage|p2a: DraGhost|66/100 tox|[from] psn
|upkeep
|turn|16
|
|t:|1759003608
|switch|p2a: Toxica|Glimmora, F|71/100
|move|p1a: Blissey|Stealth Rock|p2a: Toxica
|-sidestart|p2: Obito 2001|move: Stealth Rock
|
|upkeep
|turn|17
|
|t:|1759003622
|switch|p1a: Clefable|Clefable, F|100/100
|move|p2a: Toxica|Earth Power|p1a: Clefable
|-damage|p1a: Clefable|68/100
|
|upkeep
|turn|18
|
|t:|1759003629
|move|p2a: Toxica|Sludge Wave|p1a: Clefable
|-supereffective|p1a: Clefable
|-damage|p1a: Clefable|0 fnt
|faint|p1a: Clefable
|
|upkeep
|
|t:|1759003640
|switch|p1a: Clodsire|Clodsire, F|94/100 brn
|turn|19
|
|t:|1759003649
|switch|p2a: Landorus|Landorus-Therian, M|68/100
|-damage|p2a: Landorus|55/100|[from] Stealth Rock
|-ability|p2a: Landorus|Intimidate|boost
|-unboost|p1a: Clodsire|atk|1
|move|p1a: Clodsire|Earthquake|p2a: Landorus
|-immune|p2a: Landorus
|
|-damage|p1a: Clodsire|88/100 brn|[from] brn
|upkeep
|turn|20
|
|t:|1759003656
|switch|p1a: Gliscor|Gliscor, F|78/100 tox
|-damage|p1a: Gliscor|66/100 tox|[from] Stealth Rock
|move|p2a: Landorus|Earth Power|p1a: Gliscor
|-immune|p1a: Gliscor
|
|-heal|p1a: Gliscor|78/100 tox|[from] ability: Poison Heal
|upkeep
|turn|21
|
|t:|1759003664
|switch|p2a: Toxica|Glimmora, F|71/100
|-damage|p2a: Toxica|59/100|[from] Stealth Rock
|move|p1a: Gliscor|Swords Dance|p1a: Gliscor
|-boost|p1a: Gliscor|atk|2
|
|-heal|p1a: Gliscor|91/100 tox|[from] ability: Poison Heal
|upkeep
|turn|22
|
|t:|1759003672
|move|p2a: Toxica|Meteor Beam||[still]
|-prepare|p2a: Toxica|Meteor Beam
|-boost|p2a: Toxica|spa|1
|move|p1a: Gliscor|Swords Dance|p1a: Gliscor
|-boost|p1a: Gliscor|atk|2
|
|-heal|p1a: Gliscor|100/100 tox|[from] ability: Poison Heal
|upkeep
|turn|23
|
|t:|1759003674
|move|p1a: Gliscor|Protect|p1a: Gliscor
|-singleturn|p1a: Gliscor|Protect
|move|p2a: Toxica|Meteor Beam|p1a: Gliscor|[from] lockedmove
|-activate|p1a: Gliscor|move: Protect
|
|upkeep
|turn|24
|
|t:|1759003679
|move|p2a: Toxica|Dazzling Gleam|p1a: Gliscor
|-damage|p1a: Gliscor|67/100 tox
|move|p1a: Gliscor|Facade|p2a: Toxica
|-resisted|p2a: Toxica
|-damage|p2a: Toxica|2/100
|-activate|p2a: Toxica|ability: Toxic Debris
|-sidestart|p1: Narita Taishin|move: Toxic Spikes
|
|-heal|p1a: Gliscor|79/100 tox|[from] ability: Poison Heal
|upkeep
|turn|25
|
|t:|1759003683
|move|p2a: Toxica|Dazzling Gleam|p1a: Gliscor
|-damage|p1a: Gliscor|43/100 tox
|move|p1a: Gliscor|Facade|p2a: Toxica
|-resisted|p2a: Toxica
|-damage|p2a: Toxica|0 fnt
|-activate|p2a: Toxica|ability: Toxic Debris
|-sidestart|p1: Narita Taishin|move: Toxic Spikes
|faint|p2a: Toxica
|
|-heal|p1a: Gliscor|55/100 tox|[from] ability: Poison Heal
|upkeep
|
|t:|1759003690
|switch|p2a: DraGhost|Dragapult, F|66/100 tox
|-damage|p2a: DraGhost|53/100 tox|[from] Stealth Rock
|turn|26
|
|t:|1759003693
|move|p1a: Gliscor|Protect|p1a: Gliscor
|-singleturn|p1a: Gliscor|Protect
|move|p2a: DraGhost|Hex|p1a: Gliscor
|-activate|p1a: Gliscor|move: Protect
|
|-heal|p2a: DraGhost|59/100 tox|[from] item: Leftovers
|-damage|p2a: DraGhost|53/100 tox|[from] psn
|-heal|p1a: Gliscor|68/100 tox|[from] ability: Poison Heal
|upkeep
|turn|27
|
|t:|1759003701
|-terastallize|p1a: Gliscor|Normal
|move|p2a: DraGhost|Hex|p1a: Gliscor
|-immune|p1a: Gliscor
|move|p1a: Gliscor|Knock Off|p2a: DraGhost
|-supereffective|p2a: DraGhost
|-damage|p2a: DraGhost|0 fnt
|-enditem|p2a: DraGhost|Leftovers|[from] move: Knock Off|[of] p1a: Gliscor
|faint|p2a: DraGhost
|
|-heal|p1a: Gliscor|80/100 tox|[from] ability: Poison Heal
|upkeep
|
|t:|1759003713
|switch|p2a: Landorus|Landorus-Therian, M|55/100
|-damage|p2a: Landorus|43/100|[from] Stealth Rock
|-ability|p2a: Landorus|Intimidate|boost
|-unboost|p1a: Gliscor|atk|1
|turn|28
|
|t:|1759003717
|move|p1a: Gliscor|Protect|p1a: Gliscor
|-singleturn|p1a: Gliscor|Protect
|move|p2a: Landorus|Earth Power|p1a: Gliscor
|-activate|p1a: Gliscor|move: Protect
|
|-heal|p1a: Gliscor|93/100 tox|[from] ability: Poison Heal
|upkeep
|turn|29
|
|t:|1759003721
|move|p2a: Landorus|Earth Power|p1a: Gliscor
|-damage|p1a: Gliscor|64/100 tox
|move|p1a: Gliscor|Facade|p2a: Landorus
|-damage|p2a: Landorus|0 fnt
|faint|p2a: Landorus
|
|-heal|p1a: Gliscor|77/100 tox|[from] ability: Poison Heal
|upkeep
|
|t:|1759003732
|switch|p2a: Zenitsu|Raging Bolt|100/100
|-damage|p2a: Zenitsu|88/100|[from] Stealth Rock
|turn|30
|
|t:|1759003738
|move|p1a: Gliscor|Protect|p1a: Gliscor
|-singleturn|p1a: Gliscor|Protect
|move|p2a: Zenitsu|Thunderbolt|p1a: Gliscor
|-activate|p1a: Gliscor|move: Protect
|
|-heal|p2a: Zenitsu|94/100|[from] item: Leftovers
|-heal|p1a: Gliscor|89/100 tox|[from] ability: Poison Heal
|upkeep
|turn|31
|
|t:|1759003741
|move|p2a: Zenitsu|Thunderbolt|p1a: Gliscor
|-damage|p1a: Gliscor|41/100 tox
|move|p1a: Gliscor|Facade|p2a: Zenitsu
|-damage|p2a: Zenitsu|0 fnt
|faint|p2a: Zenitsu
|-end|p2a: Zenitsu|Protosynthesis|[silent]
|
|-heal|p1a: Gliscor|53/100 tox|[from] ability: Poison Heal
|upkeep
|
|t:|1759003744
|switch|p2a: Sosuke Aizen|Kingambit, M, shiny|100/100
|-damage|p2a: Sosuke Aizen|94/100|[from] Stealth Rock
|-activate|p2a: Sosuke Aizen|ability: Supreme Overlord
|-start|p2a: Sosuke Aizen|fallen5|[silent]
|turn|32
|
|t:|1759003748
|move|p1a: Gliscor|Knock Off|p2a: Sosuke Aizen
|-resisted|p2a: Sosuke Aizen
|-damage|p2a: Sosuke Aizen|74/100
|-enditem|p2a: Sosuke Aizen|Leftovers|[from] move: Knock Off|[of] p1a: Gliscor
|move|p2a: Sosuke Aizen|Swords Dance|p2a: Sosuke Aizen
|-boost|p2a: Sosuke Aizen|atk|2
|
|-heal|p1a: Gliscor|66/100 tox|[from] ability: Poison Heal
|upkeep
|turn|33
|
|t:|1759003754
|move|p2a: Sosuke Aizen|Sucker Punch|p1a: Gliscor
|-damage|p1a: Gliscor|0 fnt
|faint|p1a: Gliscor
|
|upkeep
|
|t:|1759003758
|switch|p1a: Skarmory|Skarmory, M|100/100
|-damage|p1a: Skarmory|88/100|[from] Stealth Rock
|turn|34
|
|t:|1759003764
|-terastallize|p2a: Sosuke Aizen|Ghost
|move|p1a: Skarmory|Iron Defense|p1a: Skarmory
|-boost|p1a: Skarmory|def|2
|move|p2a: Sosuke Aizen|Swords Dance|p2a: Sosuke Aizen
|-boost|p2a: Sosuke Aizen|atk|2
|
|upkeep
|turn|35
|
|t:|1759003766
|move|p1a: Skarmory|Iron Defense|p1a: Skarmory
|-boost|p1a: Skarmory|def|2
|move|p2a: Sosuke Aizen|Swords Dance|p2a: Sosuke Aizen
|-boost|p2a: Sosuke Aizen|atk|2
|
|upkeep
|turn|36
|
|t:|1759003768
|move|p1a: Skarmory|Iron Defense|p1a: Skarmory
|-boost|p1a: Skarmory|def|2
|move|p2a: Sosuke Aizen|Low Kick|p1a: Skarmory
|-damage|p1a: Skarmory|60/100
|-damage|p2a: Sosuke Aizen|57/100|[from] item: Rocky Helmet|[of] p1a: Skarmory
|
|upkeep
|turn|37
|
|t:|1759003773
|move|p1a: Skarmory|Roost|p1a: Skarmory
|-heal|p1a: Skarmory|100/100
|-singleturn|p1a: Skarmory|move: Roost
|move|p2a: Sosuke Aizen|Low Kick|p1a: Skarmory
|-supereffective|p1a: Skarmory
|-damage|p1a: Skarmory|45/100
|-damage|p2a: Sosuke Aizen|41/100|[from] item: Rocky Helmet|[of] p1a: Skarmory
|
|upkeep
|turn|38
|
|t:|1759003781
|move|p1a: Skarmory|Roost|p1a: Skarmory
|-heal|p1a: Skarmory|95/100
|-singleturn|p1a: Skarmory|move: Roost
|move|p2a: Sosuke Aizen|Low Kick|p1a: Skarmory
|-supereffective|p1a: Skarmory
|-damage|p1a: Skarmory|40/100
|-damage|p2a: Sosuke Aizen|24/100|[from] item: Rocky Helmet|[of] p1a: Skarmory
|
|upkeep
|turn|39
|
|t:|1759003785
|move|p1a: Skarmory|Roost|p1a: Skarmory
|-heal|p1a: Skarmory|90/100
|-singleturn|p1a: Skarmory|move: Roost
|move|p2a: Sosuke Aizen|Low Kick|p1a: Skarmory
|-supereffective|p1a: Skarmory
|-damage|p1a: Skarmory|30/100
|-damage|p2a: Sosuke Aizen|8/100|[from] item: Rocky Helmet|[of] p1a: Skarmory
|
|upkeep
|turn|40
|-message|Obito 2001 forfeited.
|
|win|Narita Taishin
|raw|Narita Taishin's rating: 1831 &rarr; <strong>1853</strong><br />(+22 for winning)
|raw|Obito 2001's rating: 1871 &rarr; <strong>1849</strong><br />(-22 for losing)
|l|☆Obito 2001
|player|p2|
|l|☆Narita Taishin
|player|p1|
