|j|☆Mik22
|j|☆KingKaido107
|t:|1758948657
|gametype|singles
|player|p1|Mik22|101|1583
|player|p2|KingKaido107|dragontamer-gen6|1647
|gen|9
|tier|[Gen 9] OU
|rated|
|rule|HP Percentage Mod: HP is shown in percentages
|rule|Endless Battle Clause: Forcing endless battles is banned
|rule|Species Clause: Limit one of each Pokémon
|rule|OHKO Clause: OHKO moves are banned
|rule|Evasion Items Clause: Evasion items are banned
|rule|Evasion Moves Clause: Evasion moves are banned
|rule|Evasion Abilities Clause: Evasion abilities are banned
|rule|Sleep Moves Clause: Sleep-inducing moves are banned
|clearpoke
|poke|p1|Kingambit, F|
|poke|p1|Pelipper, F|
|poke|p1|Kingdra, F|
|poke|p1|Iron Hands|
|poke|p1|Ogerpon-Wellspring, F|
|poke|p1|Hoopa-Unbound|
|poke|p2|Slowking-Galar, F|
|poke|p2|Kyurem|
|poke|p2|Cinderace, F|
|poke|p2|Tornadus-Therian, M|
|poke|p2|Hydrapple, M|
|poke|p2|Kingambit, M|
|teampreview
|inactive|Battle timer is ON: inactive players will automatically lose when time's up. (requested by KingKaido107)
|
|t:|1758948674
|teamsize|p1|6
|teamsize|p2|6
|start
|switch|p1a: Pelipper|Pelipper, F|100/100
|switch|p2a: Depressed Drunk|Slowking-Galar, F|100/100
|-weather|RainDance|[from] ability: Drizzle|[of] p1a: Pelipper
|turn|1
|
|t:|1758948684
|move|p1a: Pelipper|U-turn|p2a: Depressed Drunk
|-damage|p2a: Depressed Drunk|93/100
|
|t:|1758948687
|switch|p1a: Hoopa|Hoopa-Unbound|100/100|[from] U-turn
|-prepare|p2a: Depressed Drunk|Chilly Reception|[premajor]
|move|p2a: Depressed Drunk|Chilly Reception|p2a: Depressed Drunk
|-weather|Snowscape
|inactive|KingKaido107 has 120 seconds left.
|inactive|KingKaido107 has 90 seconds left.
|
|t:|1758948749
|switch|p2a: Thieving Drunk|Tornadus-Therian, M|100/100|[from] Chilly Reception
|
|-weather|Snowscape|[upkeep]
|upkeep
|turn|2
|
|t:|1758948761
|move|p2a: Thieving Drunk|Knock Off|p1a: Hoopa
|-damage|p1a: Hoopa|77/100
|-enditem|p1a: Hoopa|Assault Vest|[from] move: Knock Off|[of] p2a: Thieving Drunk
|move|p1a: Hoopa|Thunderbolt|p2a: Thieving Drunk
|-supereffective|p2a: Thieving Drunk
|-damage|p2a: Thieving Drunk|18/100
|-item|p1a: Hoopa|Heavy-Duty Boots|[from] ability: Magician|[of] p2a: Thieving Drunk
|
|-weather|Snowscape|[upkeep]
|upkeep
|turn|3
|
|t:|1758948775
|switch|p1a: Pelipper|Pelipper, F|100/100
|-weather|RainDance|[from] ability: Drizzle|[of] p1a: Pelipper
|move|p2a: Thieving Drunk|U-turn|p1a: Pelipper
|-resisted|p1a: Pelipper
|-damage|p1a: Pelipper|95/100
|
|t:|1758948777
|switch|p2a: Depressed Drunk|Slowking-Galar, F|100/100|[from] U-turn
|
|-weather|RainDance|[upkeep]
|upkeep
|turn|4
|
|t:|1758948779
|move|p1a: Pelipper|Weather Ball|p2a: Depressed Drunk
|-damage|p2a: Depressed Drunk|64/100
|-prepare|p2a: Depressed Drunk|Chilly Reception|[premajor]
|move|p2a: Depressed Drunk|Chilly Reception|p2a: Depressed Drunk
|-weather|Snowscape
|
|t:|1758948781
|switch|p2a: Ragnaraku|Kyurem|100/100|[from] Chilly Reception
|-ability|p2a: Ragnaraku|Pressure
|
|-weather|Snowscape|[upkeep]
|upkeep
|turn|5
|
|t:|1758948785
|switch|p2a: Boro Breath|Cinderace, F|100/100
|switch|p1a: Hoopa|Hoopa-Unbound|77/100
|
|-weather|Snowscape|[upkeep]
|upkeep
|turn|6
|
|t:|1758948792
|switch|p1a: Iron Hands|Iron Hands|100/100
|move|p2a: Boro Breath|U-turn|p1a: Iron Hands
|-start|p2a: Boro Breath|typechange|Bug|[from] ability: Libero
|-resisted|p1a: Iron Hands
|-damage|p1a: Iron Hands|89/100
|
|t:|1758948796
|switch|p2a: Depressed Drunk|Slowking-Galar, F|98/100|[from] U-turn
|
|-weather|Snowscape|[upkeep]
|upkeep
|turn|7
|
|t:|1758948803
|move|p1a: Iron Hands|Swords Dance|p1a: Iron Hands
|-boost|p1a: Iron Hands|atk|2
|move|p2a: Depressed Drunk|Sludge Bomb|p1a: Iron Hands
|-damage|p1a: Iron Hands|59/100
|
|-weather|Snowscape|[upkeep]
|upkeep
|turn|8
|
|t:|1758948806
|move|p1a: Iron Hands|Thunder Punch|p2a: Depressed Drunk
|-damage|p2a: Depressed Drunk|32/100
|-prepare|p2a: Depressed Drunk|Chilly Reception|[premajor]
|move|p2a: Depressed Drunk|Chilly Reception|p2a: Depressed Drunk
|
|t:|1758948808
|switch|p2a: Ragnaraku|Kyurem|100/100|[from] Chilly Reception
|-ability|p2a: Ragnaraku|Pressure
|
|-weather|none
|upkeep
|turn|9
|
|t:|1758948810
|move|p2a: Ragnaraku|Earth Power|p1a: Iron Hands
|-supereffective|p1a: Iron Hands
|-enditem|p1a: Iron Hands|Shuca Berry|[eat]
|-enditem|p1a: Iron Hands|Shuca Berry|[weaken]
|-damage|p1a: Iron Hands|10/100
|move|p1a: Iron Hands|Drain Punch|p2a: Ragnaraku
|-supereffective|p2a: Ragnaraku
|-damage|p2a: Ragnaraku|0 fnt
|-heal|p1a: Iron Hands|49/100|[from] drain|[of] p2a: Ragnaraku
|faint|p2a: Ragnaraku
|
|upkeep
|
|t:|1758948819
|switch|p2a: Thieving Drunk|Tornadus-Therian, M|51/100
|turn|10
|
|t:|1758948824
|move|p2a: Thieving Drunk|Bleakwind Storm|p1a: Iron Hands
|-damage|p1a: Iron Hands|13/100
|move|p1a: Iron Hands|Thunder Punch|p2a: Thieving Drunk
|-supereffective|p2a: Thieving Drunk
|-damage|p2a: Thieving Drunk|0 fnt
|faint|p2a: Thieving Drunk
|
|upkeep
|
|t:|1758948826
|switch|p2a: Boro Breath|Cinderace, F|100/100
|turn|11
|
|t:|1758948831
|move|p2a: Boro Breath|Pyro Ball|p1a: Iron Hands
|-damage|p1a: Iron Hands|0 fnt
|faint|p1a: Iron Hands
|-end|p1a: Iron Hands|Quark Drive|[silent]
|
|upkeep
|
|t:|1758948834
|switch|p1a: Pelipper|Pelipper, F|95/100
|-weather|RainDance|[from] ability: Drizzle|[of] p1a: Pelipper
|turn|12
|
|t:|1758948837
|move|p2a: Boro Breath|U-turn|p1a: Pelipper
|-start|p2a: Boro Breath|typechange|Bug|[from] ability: Libero
|-resisted|p1a: Pelipper
|-damage|p1a: Pelipper|83/100
|
|t:|1758948839
|switch|p2a: Depressed Drunk|Slowking-Galar, F|65/100|[from] U-turn
|move|p1a: Pelipper|U-turn|p2a: Depressed Drunk
|-damage|p2a: Depressed Drunk|59/100
|
|t:|1758948846
|switch|p1a: Kingambit|Kingambit, F, shiny|100/100|[from] U-turn
|-activate|p1a: Kingambit|ability: Supreme Overlord
|-start|p1a: Kingambit|fallen1|[silent]
|
|-weather|RainDance|[upkeep]
|upkeep
|turn|13
|
|t:|1758948848
|move|p1a: Kingambit|Kowtow Cleave|p2a: Depressed Drunk
|-supereffective|p2a: Depressed Drunk
|-enditem|p2a: Depressed Drunk|Colbur Berry|[eat]
|-enditem|p2a: Depressed Drunk|Colbur Berry|[weaken]
|-damage|p2a: Depressed Drunk|8/100
|move|p2a: Depressed Drunk|Focus Blast|p1a: Kingambit
|-supereffective|p1a: Kingambit
|-damage|p1a: Kingambit|0 fnt
|faint|p1a: Kingambit
|-end|p1a: Kingambit|fallen1|[silent]
|
|-weather|RainDance|[upkeep]
|upkeep
|
|t:|1758948856
|switch|p1a: Kingdra|Kingdra, F, shiny|100/100
|turn|14
|
|t:|1758948864
|switch|p2a: Boro Breath|Cinderace, F|100/100
|move|p1a: Kingdra|Weather Ball|p2a: Boro Breath
|-supereffective|p2a: Boro Breath
|-damage|p2a: Boro Breath|0 fnt
|faint|p2a: Boro Breath
|
|-weather|RainDance|[upkeep]
|upkeep
|
|t:|1758948867
|switch|p2a: Laughing Drunk|Hydrapple, M|100/100
|turn|15
|
|t:|1758948870
|switch|p1a: Hoopa|Hoopa-Unbound|77/100
|switch|p2a: Depressed Drunk|Slowking-Galar, F|41/100
|
|-weather|RainDance|[upkeep]
|upkeep
|turn|16
|
|t:|1758948874
|move|p1a: Hoopa|Psychic Noise|p2a: Depressed Drunk
|-damage|p2a: Depressed Drunk|6/100
|-start|p2a: Depressed Drunk|move: Heal Block
|-prepare|p2a: Depressed Drunk|Chilly Reception|[premajor]
|move|p2a: Depressed Drunk|Chilly Reception|p2a: Depressed Drunk
|-weather|Snowscape
|
|t:|1758948882
|switch|p2a: Laughing Drunk|Hydrapple, M|100/100|[from] Chilly Reception
|
|-weather|Snowscape|[upkeep]
|upkeep
|turn|17
|
|t:|1758948887
|move|p1a: Hoopa|Gunk Shot|p2a: Laughing Drunk
|-supereffective|p2a: Laughing Drunk
|-damage|p2a: Laughing Drunk|54/100
|move|p2a: Laughing Drunk|Body Press|p1a: Hoopa
|-damage|p1a: Hoopa|45/100
|
|-weather|Snowscape|[upkeep]
|upkeep
|turn|18
|
|t:|1758948895
|switch|p2a: Depressed Drunk|Slowking-Galar, F|39/100
|move|p1a: Hoopa|Gunk Shot|p2a: Depressed Drunk
|-resisted|p2a: Depressed Drunk
|-crit|p2a: Depressed Drunk
|-damage|p2a: Depressed Drunk|15/100
|
|-weather|Snowscape|[upkeep]
|upkeep
|turn|19
|
|t:|1758948901
|move|p1a: Hoopa|Drain Punch|p2a: Depressed Drunk
|-resisted|p2a: Depressed Drunk
|-damage|p2a: Depressed Drunk|10/100
|-heal|p1a: Hoopa|48/100|[from] drain|[of] p2a: Depressed Drunk
|move|p2a: Depressed Drunk|Sludge Bomb|p1a: Hoopa
|-damage|p1a: Hoopa|23/100
|
|-weather|Snowscape|[upkeep]
|upkeep
|turn|20
|
|t:|1758948906
|move|p1a: Hoopa|Psychic Noise|p2a: Depressed Drunk
|-damage|p2a: Depressed Drunk|0 fnt
|faint|p2a: Depressed Drunk
|
|-weather|none
|upkeep
|
|t:|1758948907
|switch|p2a: Raging Drunk|Kingambit, M|100/100
|-activate|p2a: Raging Drunk|ability: Supreme Overlord
|-start|p2a: Raging Drunk|fallen4|[silent]
|turn|21
|
|t:|1758948910
|move|p2a: Raging Drunk|Sucker Punch|p1a: Hoopa
|-damage|p1a: Hoopa|0 fnt
|faint|p1a: Hoopa
|
|upkeep
|
|t:|1758948917
|switch|p1a: Pelipper|Pelipper, F|83/100
|-weather|RainDance|[from] ability: Drizzle|[of] p1a: Pelipper
|turn|22
|
|t:|1758948919
|move|p2a: Raging Drunk|Swords Dance|p2a: Raging Drunk
|-boost|p2a: Raging Drunk|atk|2
|move|p1a: Pelipper|Weather Ball|p2a: Raging Drunk
|-damage|p2a: Raging Drunk|44/100
|
|-weather|RainDance|[upkeep]
|upkeep
|turn|23
|
|t:|1758948922
|move|p2a: Raging Drunk|Sucker Punch|p1a: Pelipper
|-damage|p1a: Pelipper|0 fnt
|faint|p1a: Pelipper
|
|-weather|RainDance|[upkeep]
|upkeep
|
|t:|1758948926
|switch|p1a: Kingdra|Kingdra, F, shiny|100/100
|turn|24
|
|t:|1758948930
|-terastallize|p2a: Raging Drunk|Dark
|move|p2a: Raging Drunk|Sucker Punch|p1a: Kingdra
|-damage|p1a: Kingdra|0 fnt
|faint|p1a: Kingdra
|
|-weather|RainDance|[upkeep]
|upkeep
|
|t:|1758948934
|switch|p1a: Ogerpon|Ogerpon-Wellspring, F|100/100
|turn|25
|
|t:|1758948936
|move|p2a: Raging Drunk|Sucker Punch|p1a: Ogerpon
|-crit|p1a: Ogerpon
|-damage|p1a: Ogerpon|0 fnt
|faint|p1a: Ogerpon
|
|win|KingKaido107
|raw|Mik22's rating: 1583 &rarr; <strong>1567</strong><br />(-16 for losing)
|raw|KingKaido107's rating: 1647 &rarr; <strong>1663</strong><br />(+16 for winning)
|l|☆Mik22
|player|p1|
