|j|☆kabutopzboy
|j|☆alakaii
|t:|1758932932
|gametype|singles
|player|p1|kabutopzboy|volkner|1306
|player|p2|alakaii|1|1267
|gen|9
|tier|[Gen 9] OU
|rated|
|rule|HP Percentage Mod: HP is shown in percentages
|rule|Endless Battle Clause: Forcing endless battles is banned
|rule|Species Clause: Limit one of each Pokémon
|rule|OHKO Clause: OHKO moves are banned
|rule|Evasion Items Clause: Evasion items are banned
|rule|Evasion Moves Clause: Evasion moves are banned
|rule|Evasion Abilities Clause: Evasion abilities are banned
|rule|Sleep Moves Clause: Sleep-inducing moves are banned
|clearpoke
|poke|p1|Dragonite, M|
|poke|p1|Skeledirge, M|
|poke|p1|Pelipper, M|
|poke|p1|Bisharp, M|
|poke|p1|Jolteon, M|
|poke|p1|Iron Moth|
|poke|p2|Skeledirge, M|
|poke|p2|Skarmory, M|
|poke|p2|Ting-Lu|
|poke|p2|Iron Treads|
|poke|p2|Hydrapple, F|
|poke|p2|Kyurem|
|teampreview
|
|t:|1758932946
|teamsize|p1|6
|teamsize|p2|6
|start
|switch|p1a: Pelipper|Pelipper, M|100/100
|switch|p2a: Kyurem|Kyurem|100/100
|-ability|p2a: Kyurem|Pressure
|-weather|RainDance|[from] ability: Drizzle|[of] p1a: Pelipper
|turn|1
|
|t:|1758932954
|switch|p1a: Skeledirge|Skeledirge, M|100/100
|move|p2a: Kyurem|Freeze-Dry|p1a: Skeledirge
|-resisted|p1a: Skeledirge
|-damage|p1a: Skeledirge|72/100
|
|-weather|RainDance|[upkeep]
|upkeep
|turn|2
|
|t:|1758932985
|switch|p2a: Ting-Lu|Ting-Lu|100/100
|-ability|p2a: Ting-Lu|Vessel of Ruin
|move|p1a: Skeledirge|Slack Off|p1a: Skeledirge
|-heal|p1a: Skeledirge|100/100
|
|-weather|RainDance|[upkeep]
|upkeep
|turn|3
|
|t:|1758932995
|move|p1a: Skeledirge|Will-O-Wisp|p2a: Ting-Lu
|-status|p2a: Ting-Lu|brn
|move|p2a: Ting-Lu|Earthquake|p1a: Skeledirge
|-supereffective|p1a: Skeledirge
|-crit|p1a: Skeledirge
|-damage|p1a: Skeledirge|67/100
|
|-weather|RainDance|[upkeep]
|-damage|p2a: Ting-Lu|94/100 brn|[from] brn
|upkeep
|turn|4
|
|t:|1758933008
|switch|p1a: Dragonite|Dragonite, M|100/100
|switch|p2a: Kyurem|Kyurem|100/100
|-ability|p2a: Kyurem|Pressure
|
|-weather|RainDance|[upkeep]
|upkeep
|turn|5
|
|t:|1758933026
|switch|p1a: Skeledirge|Skeledirge, M|67/100
|move|p2a: Kyurem|Draco Meteor|p1a: Skeledirge
|-damage|p1a: Skeledirge|0 fnt
|-unboost|p2a: Kyurem|spa|2
|faint|p1a: Skeledirge
|
|-weather|none
|upkeep
|
|t:|1758933050
|switch|p1a: Dragonite|Dragonite, M|100/100
|turn|6
|
|t:|1758933083
|switch|p2a: Ting-Lu|Ting-Lu|94/100 brn
|-ability|p2a: Ting-Lu|Vessel of Ruin
|-terastallize|p1a: Dragonite|Poison
|move|p1a: Dragonite|Dragon Dance|p1a: Dragonite
|-boost|p1a: Dragonite|atk|1
|-boost|p1a: Dragonite|spe|1
|
|-heal|p2a: Ting-Lu|100/100 brn|[from] item: Leftovers
|-damage|p2a: Ting-Lu|94/100 brn|[from] brn
|upkeep
|turn|7
|
|t:|1758933102
|move|p1a: Dragonite|Ice Spinner|p2a: Ting-Lu
|-supereffective|p2a: Ting-Lu
|-damage|p2a: Ting-Lu|48/100 brn
|move|p2a: Ting-Lu|Ruination|p1a: Dragonite
|-damage|p1a: Dragonite|50/100
|
|-heal|p2a: Ting-Lu|54/100 brn|[from] item: Leftovers
|-damage|p2a: Ting-Lu|48/100 brn|[from] brn
|upkeep
|turn|8
|
|t:|1758933124
|switch|p2a: Skeledirge|Skeledirge, M|100/100
|move|p1a: Dragonite|Ice Spinner|p2a: Skeledirge
|-resisted|p2a: Skeledirge
|-damage|p2a: Skeledirge|92/100
|
|-heal|p2a: Skeledirge|98/100|[from] item: Leftovers
|upkeep
|turn|9
|
|t:|1758933132
|move|p1a: Dragonite|Earthquake|p2a: Skeledirge
|-supereffective|p2a: Skeledirge
|-damage|p2a: Skeledirge|56/100
|move|p2a: Skeledirge|Will-O-Wisp|p1a: Dragonite|[miss]
|-miss|p2a: Skeledirge|p1a: Dragonite
|
|-heal|p2a: Skeledirge|62/100|[from] item: Leftovers
|upkeep
|turn|10
|
|t:|1758933139
|move|p1a: Dragonite|Earthquake|p2a: Skeledirge
|-supereffective|p2a: Skeledirge
|-damage|p2a: Skeledirge|22/100
|move|p2a: Skeledirge|Will-O-Wisp|p1a: Dragonite
|-status|p1a: Dragonite|brn
|-enditem|p1a: Dragonite|Lum Berry|[eat]
|-curestatus|p1a: Dragonite|brn|[msg]
|
|-heal|p2a: Skeledirge|28/100|[from] item: Leftovers
|upkeep
|turn|11
|
|t:|1758933153
|move|p1a: Dragonite|Earthquake|p2a: Skeledirge
|-supereffective|p2a: Skeledirge
|-damage|p2a: Skeledirge|0 fnt
|faint|p2a: Skeledirge
|
|upkeep
|
|t:|1758933172
|switch|p2a: Kyurem|Kyurem|100/100
|-ability|p2a: Kyurem|Pressure
|turn|12
|
|t:|1758933178
|switch|p1a: Bisharp|Bisharp, M|100/100
|move|p2a: Kyurem|Ice Beam|p1a: Bisharp
|-resisted|p1a: Bisharp
|-damage|p1a: Bisharp|72/100
|
|upkeep
|turn|13
|
|t:|1758933190
|switch|p2a: Skarmory|Skarmory, M|100/100
|move|p1a: Bisharp|Iron Head|p2a: Skarmory
|-resisted|p2a: Skarmory
|-damage|p2a: Skarmory|85/100
|-damage|p1a: Bisharp|55/100|[from] item: Rocky Helmet|[of] p2a: Skarmory
|
|upkeep
|turn|14
|
|t:|1758933208
|switch|p1a: Iron Moth|Iron Moth|100/100
|-enditem|p1a: Iron Moth|Booster Energy
|-activate|p1a: Iron Moth|ability: Quark Drive|[fromitem]
|-start|p1a: Iron Moth|quarkdrivespa
|move|p2a: Skarmory|Spikes|p1a: Iron Moth
|-sidestart|p1: kabutopzboy|Spikes
|
|upkeep
|turn|15
|
|t:|1758933232
|switch|p2a: Ting-Lu|Ting-Lu|48/100 brn
|-ability|p2a: Ting-Lu|Vessel of Ruin
|move|p1a: Iron Moth|Fiery Dance|p2a: Ting-Lu
|-damage|p2a: Ting-Lu|26/100 brn
|
|-heal|p2a: Ting-Lu|32/100 brn|[from] item: Leftovers
|-damage|p2a: Ting-Lu|26/100 brn|[from] brn
|upkeep
|turn|16
|
|t:|1758933243
|move|p1a: Iron Moth|Energy Ball|p2a: Ting-Lu
|-supereffective|p2a: Ting-Lu
|-damage|p2a: Ting-Lu|0 fnt
|faint|p2a: Ting-Lu
|
|upkeep
|
|t:|1758933260
|switch|p2a: Iron Treads|Iron Treads|100/100
|turn|17
|
|t:|1758933269
|-end|p1a: Iron Moth|Quark Drive|[silent]
|switch|p1a: Pelipper|Pelipper, M|100/100
|-weather|RainDance|[from] ability: Drizzle|[of] p1a: Pelipper
|move|p2a: Iron Treads|Earthquake|p1a: Pelipper
|-immune|p1a: Pelipper
|
|-weather|RainDance|[upkeep]
|upkeep
|turn|18
|
|t:|1758933281
|-end|p2a: Iron Treads|Quark Drive|[silent]
|switch|p2a: Hydrapple|Hydrapple, F|100/100
|move|p1a: Pelipper|Hydro Pump|p2a: Hydrapple
|-resisted|p2a: Hydrapple
|-damage|p2a: Hydrapple|89/100
|
|-weather|RainDance|[upkeep]
|-heal|p2a: Hydrapple|95/100|[from] item: Leftovers
|upkeep
|turn|19
|
|t:|1758933306
|move|p1a: Pelipper|Hurricane|p2a: Hydrapple
|-supereffective|p2a: Hydrapple
|-damage|p2a: Hydrapple|30/100
|-start|p2a: Hydrapple|confusion
|-activate|p2a: Hydrapple|confusion
|move|p2a: Hydrapple|Draco Meteor|p1a: Pelipper
|-damage|p1a: Pelipper|30/100
|-unboost|p2a: Hydrapple|spa|2
|
|-weather|RainDance|[upkeep]
|-heal|p2a: Hydrapple|36/100|[from] item: Leftovers
|upkeep
|turn|20
|
|t:|1758933321
|switch|p2a: Skarmory|Skarmory, M|85/100
|move|p1a: Pelipper|Roost|p1a: Pelipper
|-heal|p1a: Pelipper|80/100
|-singleturn|p1a: Pelipper|move: Roost
|
|-weather|RainDance|[upkeep]
|upkeep
|turn|21
|
|t:|1758933380
|move|p1a: Pelipper|Hydro Pump|p2a: Skarmory
|-damage|p2a: Skarmory|27/100
|move|p2a: Skarmory|Whirlwind|p1a: Pelipper
|drag|p1a: Jolteon|Jolteon, M|100/100
|-damage|p1a: Jolteon|88/100|[from] Spikes
|
|-weather|none
|upkeep
|turn|22
|
|t:|1758933391
|switch|p1a: Pelipper|Pelipper, M|80/100
|-weather|RainDance|[from] ability: Drizzle|[of] p1a: Pelipper
|switch|p2a: Iron Treads|Iron Treads|100/100
|
|-weather|RainDance|[upkeep]
|upkeep
|turn|23
|
|t:|1758933408
|-end|p2a: Iron Treads|Quark Drive|[silent]
|switch|p2a: Hydrapple|Hydrapple, F|69/100
|move|p1a: Pelipper|Hurricane|p2a: Hydrapple
|-supereffective|p2a: Hydrapple
|-damage|p2a: Hydrapple|7/100
|
|-weather|RainDance|[upkeep]
|-heal|p2a: Hydrapple|13/100|[from] item: Leftovers
|upkeep
|turn|24
|
|t:|1758933417
|switch|p2a: Skarmory|Skarmory, M|27/100
|move|p1a: Pelipper|U-turn|p2a: Skarmory
|-resisted|p2a: Skarmory
|-damage|p2a: Skarmory|25/100
|-damage|p1a: Pelipper|63/100|[from] item: Rocky Helmet|[of] p2a: Skarmory
|
|t:|1758933424
|switch|p1a: Iron Moth|Iron Moth|100/100|[from] U-turn
|-damage|p1a: Iron Moth|88/100|[from] Spikes
|
|-weather|RainDance|[upkeep]
|upkeep
|turn|25
|
|t:|1758933451
|move|p1a: Iron Moth|Fiery Dance|p2a: Skarmory
|-supereffective|p2a: Skarmory
|-damage|p2a: Skarmory|0 fnt
|faint|p2a: Skarmory
|
|-weather|RainDance|[upkeep]
|upkeep
|
|t:|1758933458
|switch|p2a: Kyurem|Kyurem|100/100
|-ability|p2a: Kyurem|Pressure
|turn|26
|
|t:|1758933475
|-end|p1a: Iron Moth|Quark Drive|[silent]
|switch|p1a: Bisharp|Bisharp, M|55/100
|-damage|p1a: Bisharp|43/100|[from] Spikes
|move|p2a: Kyurem|Draco Meteor|p1a: Bisharp
|-resisted|p1a: Bisharp
|-damage|p1a: Bisharp|2/100
|-unboost|p2a: Kyurem|spa|2
|
|-weather|none
|upkeep
|turn|27
|
|t:|1758933485
|move|p2a: Kyurem|Draco Meteor|p1a: Bisharp
|-resisted|p1a: Bisharp
|-damage|p1a: Bisharp|0 fnt
|-unboost|p2a: Kyurem|spa|2
|faint|p1a: Bisharp
|
|upkeep
|
|t:|1758933494
|switch|p1a: Iron Moth|Iron Moth|88/100
|-damage|p1a: Iron Moth|76/100|[from] Spikes
|turn|28
|
|t:|1758933498
|switch|p2a: Hydrapple|Hydrapple, F|46/100
|move|p1a: Iron Moth|Fiery Dance|p2a: Hydrapple
|-damage|p2a: Hydrapple|6/100
|
|-heal|p2a: Hydrapple|12/100|[from] item: Leftovers
|upkeep
|turn|29
|
|t:|1758933506
|move|p1a: Iron Moth|Fiery Dance|p2a: Hydrapple
|-damage|p2a: Hydrapple|0 fnt
|-boost|p1a: Iron Moth|spa|1
|faint|p2a: Hydrapple
|
|upkeep
|
|t:|1758933518
|switch|p2a: Kyurem|Kyurem|100/100
|-ability|p2a: Kyurem|Pressure
|turn|30
|
|t:|1758933533
|move|p1a: Iron Moth|Sludge Wave|p2a: Kyurem
|-damage|p2a: Kyurem|32/100
|move|p2a: Kyurem|Draco Meteor|p1a: Iron Moth
|-damage|p1a: Iron Moth|0 fnt
|-unboost|p2a: Kyurem|spa|2
|faint|p1a: Iron Moth
|-end|p1a: Iron Moth|Quark Drive|[silent]
|
|upkeep
|
|t:|1758933544
|switch|p1a: Jolteon|Jolteon, M|88/100
|-damage|p1a: Jolteon|75/100|[from] Spikes
|turn|31
|
|t:|1758933563
|switch|p2a: Iron Treads|Iron Treads|100/100
|move|p1a: Jolteon|Calm Mind|p1a: Jolteon
|-boost|p1a: Jolteon|spa|1
|-boost|p1a: Jolteon|spd|1
|
|upkeep
|turn|32
|
|t:|1758933580
|switch|p1a: Pelipper|Pelipper, M|63/100
|-weather|RainDance|[from] ability: Drizzle|[of] p1a: Pelipper
|move|p2a: Iron Treads|Earthquake|p1a: Pelipper
|-immune|p1a: Pelipper
|
|-weather|RainDance|[upkeep]
|upkeep
|turn|33
|
|t:|1758933596
|move|p2a: Iron Treads|Knock Off|p1a: Pelipper
|-damage|p1a: Pelipper|42/100
|-enditem|p1a: Pelipper|Heavy-Duty Boots|[from] move: Knock Off|[of] p2a: Iron Treads
|move|p1a: Pelipper|Hydro Pump|p2a: Iron Treads
|-supereffective|p2a: Iron Treads
|-crit|p2a: Iron Treads
|-damage|p2a: Iron Treads|0 fnt
|faint|p2a: Iron Treads
|-end|p2a: Iron Treads|Quark Drive|[silent]
|
|-weather|RainDance|[upkeep]
|upkeep
|
|t:|1758933604
|switch|p2a: Kyurem|Kyurem|32/100
|-ability|p2a: Kyurem|Pressure
|turn|34
|
|t:|1758933612
|move|p2a: Kyurem|Ice Beam|p1a: Pelipper
|-damage|p1a: Pelipper|0 fnt
|faint|p1a: Pelipper
|
|-weather|RainDance|[upkeep]
|upkeep
|
|t:|1758933618
|switch|p1a: Jolteon|Jolteon, M|75/100
|-damage|p1a: Jolteon|63/100|[from] Spikes
|turn|35
|
|t:|1758933640
|-terastallize|p2a: Kyurem|Ice
|move|p1a: Jolteon|Alluring Voice|p2a: Kyurem
|-damage|p2a: Kyurem|8/100
|move|p2a: Kyurem|Ice Beam|p1a: Jolteon
|-damage|p1a: Jolteon|0 fnt
|faint|p1a: Jolteon
|
|-weather|RainDance|[upkeep]
|upkeep
|
|t:|1758933648
|switch|p1a: Dragonite|Dragonite, M, tera:Poison|50/100
|-damage|p1a: Dragonite|38/100|[from] Spikes
|turn|36
|c|☆alakaii|be honest w me rn does it have e speed
|inactive|Battle timer is ON: inactive players will automatically lose when time's up. (requested by kabutopzboy)
|c|☆kabutopzboy|no u win gg
|c|☆alakaii|ggs brah
|c|☆alakaii|ur team is awesome
|
|t:|1758933683
|move|p2a: Kyurem|Ice Beam|p1a: Dragonite
|-damage|p1a: Dragonite|0 fnt
|faint|p1a: Dragonite
|
|win|alakaii
|raw|kabutopzboy's rating: 1306 &rarr; <strong>1284</strong><br />(-22 for losing)
|raw|alakaii's rating: 1267 &rarr; <strong>1295</strong><br />(+28 for winning)
|l|☆kabutopzboy
|player|p1|
