|j|☆suprya
|j|☆flowerpower22
|t:|1759011344
|gametype|singles
|player|p1|suprya|preschooler|1598
|player|p2|flowerpower22|gentleman|1541
|gen|9
|tier|[Gen 9] OU
|rated|
|rule|HP Percentage Mod: HP is shown in percentages
|rule|Endless Battle Clause: Forcing endless battles is banned
|rule|Species Clause: Limit one of each Pokémon
|rule|OHKO Clause: OHKO moves are banned
|rule|Evasion Items Clause: Evasion items are banned
|rule|Evasion Moves Clause: Evasion moves are banned
|rule|Evasion Abilities Clause: Evasion abilities are banned
|rule|Sleep Moves Clause: Sleep-inducing moves are banned
|clearpoke
|poke|p1|Jolteon, F|
|poke|p1|Dragapult, F|
|poke|p1|Heatran, M|
|poke|p1|Gliscor, M|
|poke|p1|Alomomola, F|
|poke|p1|Zarude|
|poke|p2|Muk-Alola, M|
|poke|p2|Alomomola, M|
|poke|p2|Sinistcha-Masterpiece|
|poke|p2|Zamazenta-*|
|poke|p2|Tornadus-Therian, M|
|poke|p2|Keldeo-Resolute|
|teampreview
|inactive|Battle timer is ON: inactive players will automatically lose when time's up. (requested by flowerpower22)
|inactive|suprya also wants the timer to be on.
|
|t:|1759011358
|teamsize|p1|6
|teamsize|p2|6
|start
|switch|p1a: Jolteon|Jolteon, F|100/100
|switch|p2a: Tornadus|Tornadus-Therian, M|100/100
|turn|1
|
|t:|1759011367
|switch|p2a: Sinistcha|Sinistcha-Masterpiece|100/100
|move|p1a: Jolteon|Volt Switch|p2a: Sinistcha
|-resisted|p2a: Sinistcha
|-damage|p2a: Sinistcha|81/100
|
|t:|1759011377
|switch|p1a: Heatran|Heatran, M|100/100|[from] Volt Switch
|
|upkeep
|turn|2
|
|t:|1759011384
|switch|p2a: Keldeo|Keldeo-Resolute|100/100
|move|p1a: Heatran|Will-O-Wisp|p2a: Keldeo
|-status|p2a: Keldeo|brn
|
|-damage|p2a: Keldeo|94/100 brn|[from] brn
|upkeep
|turn|3
|
|t:|1759011393
|switch|p1a: Alomomola|Alomomola, F|100/100
|move|p2a: Keldeo|Secret Sword|p1a: Alomomola
|-damage|p1a: Alomomola|57/100
|
|-damage|p2a: Keldeo|88/100 brn|[from] brn
|upkeep
|turn|4
|
|t:|1759011407
|switch|p2a: Muk|Muk-Alola, M|100/100
|switch|p1a: Dragapult|Dragapult, F|100/100
|
|upkeep
|turn|5
|
|t:|1759011414
|switch|p1a: Heatran|Heatran, M|100/100
|move|p2a: Muk|Knock Off|p1a: Heatran
|-damage|p1a: Heatran|69/100
|-status|p2a: Muk|brn|[from] ability: Flame Body|[of] p1a: Heatran
|-enditem|p1a: Heatran|Heavy-Duty Boots|[from] move: Knock Off|[of] p2a: Muk
|
|-damage|p2a: Muk|94/100 brn|[from] brn
|upkeep
|turn|6
|
|t:|1759011419
|move|p1a: Heatran|Stealth Rock|p2a: Muk
|-sidestart|p2: flowerpower22|move: Stealth Rock
|move|p2a: Muk|Drain Punch|p1a: Heatran
|-supereffective|p1a: Heatran
|-damage|p1a: Heatran|52/100
|-heal|p2a: Muk|100/100 brn|[from] drain|[of] p1a: Heatran
|
|-damage|p2a: Muk|94/100 brn|[from] brn
|upkeep
|turn|7
|
|t:|1759011428
|switch|p2a: Keldeo|Keldeo-Resolute|88/100 brn
|-damage|p2a: Keldeo|82/100 brn|[from] Stealth Rock
|move|p1a: Heatran|Magma Storm|p2a: Keldeo|[miss]
|-miss|p1a: Heatran|p2a: Keldeo
|
|-damage|p2a: Keldeo|76/100 brn|[from] brn
|upkeep
|turn|8
|
|t:|1759011435
|switch|p1a: Alomomola|Alomomola, F|90/100
|move|p2a: Keldeo|Flip Turn|p1a: Alomomola
|-resisted|p1a: Alomomola
|-damage|p1a: Alomomola|88/100
|
|t:|1759011438
|switch|p2a: Muk|Muk-Alola, M|94/100 brn|[from] Flip Turn
|-damage|p2a: Muk|82/100 brn|[from] Stealth Rock
|
|-damage|p2a: Muk|76/100 brn|[from] brn
|upkeep
|turn|9
|
|t:|1759011444
|move|p2a: Muk|Knock Off|p1a: Alomomola
|-crit|p1a: Alomomola
|-damage|p1a: Alomomola|64/100
|-status|p1a: Alomomola|psn|[from] ability: Poison Touch|[of] p2a: Muk
|-enditem|p1a: Alomomola|Heavy-Duty Boots|[from] move: Knock Off|[of] p2a: Muk
|move|p1a: Alomomola|Flip Turn|p2a: Muk
|-damage|p2a: Muk|58/100 brn
|
|t:|1759011457
|switch|p1a: Gliscor|Gliscor, M|100/100|[from] Flip Turn
|
|-damage|p2a: Muk|52/100 brn|[from] brn
|-status|p1a: Gliscor|tox|[from] item: Toxic Orb
|upkeep
|turn|10
|
|t:|1759011462
|move|p1a: Gliscor|Knock Off|p2a: Muk
|-resisted|p2a: Muk
|-damage|p2a: Muk|41/100 brn
|-enditem|p2a: Muk|Assault Vest|[from] move: Knock Off|[of] p1a: Gliscor
|move|p2a: Muk|Ice Punch|p1a: Gliscor
|-supereffective|p1a: Gliscor
|-damage|p1a: Gliscor|62/100 tox
|
|-heal|p1a: Gliscor|74/100 tox|[from] ability: Poison Heal
|-damage|p2a: Muk|35/100 brn|[from] brn
|upkeep
|turn|11
|j| Nikator98
|
|t:|1759011472
|switch|p2a: Tornadus|Tornadus-Therian, M|100/100
|move|p1a: Gliscor|Knock Off|p2a: Tornadus
|-damage|p2a: Tornadus|76/100
|-enditem|p2a: Tornadus|Heavy-Duty Boots|[from] move: Knock Off|[of] p1a: Gliscor
|
|-heal|p1a: Gliscor|87/100 tox|[from] ability: Poison Heal
|upkeep
|turn|12
|
|t:|1759011477
|move|p2a: Tornadus|Taunt|p1a: Gliscor
|-start|p1a: Gliscor|move: Taunt
|cant|p1a: Gliscor|move: Taunt|Toxic
|
|-heal|p1a: Gliscor|99/100 tox|[from] ability: Poison Heal
|upkeep
|turn|13
|
|t:|1759011481
|switch|p1a: Jolteon|Jolteon, F|100/100
|move|p2a: Tornadus|Bleakwind Storm|p1a: Jolteon
|-resisted|p1a: Jolteon
|-damage|p1a: Jolteon|74/100
|-unboost|p1a: Jolteon|spe|1
|
|upkeep
|turn|14
|
|t:|1759011488
|switch|p1a: Alomomola|Alomomola, F|97/100 psn
|move|p2a: Tornadus|U-turn|p1a: Alomomola
|-damage|p1a: Alomomola|87/100 psn
|
|t:|1759011491
|switch|p2a: Sinistcha|Sinistcha-Masterpiece|81/100|[from] U-turn
|
|-damage|p1a: Alomomola|75/100 psn|[from] psn
|upkeep
|turn|15
|
|t:|1759011498
|switch|p1a: Heatran|Heatran, M|52/100
|move|p2a: Sinistcha|Calm Mind|p2a: Sinistcha
|-boost|p2a: Sinistcha|spa|1
|-boost|p2a: Sinistcha|spd|1
|
|upkeep
|turn|16
|
|t:|1759011503
|move|p1a: Heatran|Will-O-Wisp|p2a: Sinistcha
|-status|p2a: Sinistcha|brn
|move|p2a: Sinistcha|Shadow Ball|p1a: Heatran
|-damage|p1a: Heatran|11/100
|
|-damage|p2a: Sinistcha|79/100 brn|[from] brn
|upkeep
|turn|17
|
|t:|1759011507
|move|p1a: Heatran|Magma Storm|p2a: Sinistcha
|-supereffective|p2a: Sinistcha
|-damage|p2a: Sinistcha|46/100 brn
|-activate|p2a: Sinistcha|move: Magma Storm|[of] p1a: Heatran
|move|p2a: Sinistcha|Shadow Ball|p1a: Heatran
|-damage|p1a: Heatran|0 fnt
|faint|p1a: Heatran
|
|-damage|p2a: Sinistcha|43/100 brn|[from] brn
|-end|p2a: Sinistcha|Magma Storm|[partiallytrapped]|[silent]
|upkeep
|
|t:|1759011514
|switch|p1a: Dragapult|Dragapult, F|100/100
|turn|18
|
|t:|1759011516
|move|p1a: Dragapult|Hex|p2a: Sinistcha
|-supereffective|p2a: Sinistcha
|-damage|p2a: Sinistcha|0 fnt
|faint|p2a: Sinistcha
|
|upkeep
|
|t:|1759011523
|switch|p2a: Tornadus|Tornadus-Therian, M|100/100
|-damage|p2a: Tornadus|76/100|[from] Stealth Rock
|turn|19
|
|t:|1759011531
|move|p1a: Dragapult|Thunder Wave|p2a: Tornadus
|-status|p2a: Tornadus|par
|cant|p2a: Tornadus|par
|
|upkeep
|turn|20
|
|t:|1759011539
|switch|p2a: Muk|Muk-Alola, M|35/100 brn
|-damage|p2a: Muk|23/100 brn|[from] Stealth Rock
|move|p1a: Dragapult|Hex|p2a: Muk
|-resisted|p2a: Muk
|-damage|p2a: Muk|0 fnt
|faint|p2a: Muk
|
|upkeep
|
|t:|1759011542
|switch|p2a: Zamazenta|Zamazenta|100/100
|-damage|p2a: Zamazenta|94/100|[from] Stealth Rock
|-ability|p2a: Zamazenta|Dauntless Shield|boost
|-boost|p2a: Zamazenta|def|1
|turn|21
|
|t:|1759011551
|move|p1a: Dragapult|Will-O-Wisp|p2a: Zamazenta
|-status|p2a: Zamazenta|brn
|move|p2a: Zamazenta|Crunch|p1a: Dragapult
|-supereffective|p1a: Dragapult
|-damage|p1a: Dragapult|41/100
|
|-damage|p2a: Zamazenta|88/100 brn|[from] brn
|upkeep
|turn|22
|
|t:|1759011563
|switch|p1a: Zarude|Zarude|100/100
|move|p2a: Zamazenta|Crunch|p1a: Zarude
|-resisted|p1a: Zarude
|-damage|p1a: Zarude|93/100
|
|-damage|p2a: Zamazenta|82/100 brn|[from] brn
|upkeep
|turn|23
|
|t:|1759011576
|switch|p2a: Tornadus|Tornadus-Therian, M|100/100 par
|-damage|p2a: Tornadus|76/100 par|[from] Stealth Rock
|move|p1a: Zarude|Knock Off|p2a: Tornadus
|-damage|p2a: Tornadus|49/100 par
|
|upkeep
|turn|24
|
|t:|1759011588
|switch|p1a: Alomomola|Alomomola, F|100/100 psn
|cant|p2a: Tornadus|par
|
|-damage|p1a: Alomomola|88/100 psn|[from] psn
|upkeep
|turn|25
|
|t:|1759011595
|move|p2a: Tornadus|U-turn|p1a: Alomomola
|-damage|p1a: Alomomola|78/100 psn
|
|t:|1759011597
|switch|p2a: Alomomola|Alomomola, M|100/100|[from] U-turn
|move|p1a: Alomomola|Flip Turn|p2a: Alomomola
|-resisted|p2a: Alomomola
|-damage|p2a: Alomomola|96/100
|
|t:|1759011604
|switch|p1a: Jolteon|Jolteon, F|74/100|[from] Flip Turn
|
|upkeep
|turn|26
|
|t:|1759011619
|move|p1a: Jolteon|Electro Ball|p2a: Alomomola
|-supereffective|p2a: Alomomola
|-damage|p2a: Alomomola|23/100
|move|p2a: Alomomola|Flip Turn|p1a: Jolteon
|-damage|p1a: Jolteon|45/100
|
|t:|1759011626
|switch|p2a: Zamazenta|Zamazenta|82/100 brn|[from] Flip Turn
|-damage|p2a: Zamazenta|76/100 brn|[from] Stealth Rock
|
|-damage|p2a: Zamazenta|70/100 brn|[from] brn
|upkeep
|turn|27
|
|t:|1759011632
|switch|p1a: Gliscor|Gliscor, M|99/100 tox
|move|p2a: Zamazenta|Close Combat|p1a: Gliscor
|-resisted|p1a: Gliscor
|-crit|p1a: Gliscor
|-damage|p1a: Gliscor|72/100 tox
|-unboost|p2a: Zamazenta|def|1
|-unboost|p2a: Zamazenta|spd|1
|
|-heal|p1a: Gliscor|84/100 tox|[from] ability: Poison Heal
|-damage|p2a: Zamazenta|64/100 brn|[from] brn
|upkeep
|turn|28
|
|t:|1759011642
|switch|p2a: Alomomola|Alomomola, M|56/100
|move|p1a: Gliscor|Knock Off|p2a: Alomomola
|-damage|p2a: Alomomola|42/100
|-enditem|p2a: Alomomola|Heavy-Duty Boots|[from] move: Knock Off|[of] p1a: Gliscor
|
|-heal|p1a: Gliscor|97/100 tox|[from] ability: Poison Heal
|upkeep
|turn|29
|
|t:|1759011650
|move|p1a: Gliscor|Toxic|p2a: Alomomola
|-status|p2a: Alomomola|tox
|move|p2a: Alomomola|Tickle|p1a: Gliscor
|-unboost|p1a: Gliscor|atk|1
|-unboost|p1a: Gliscor|def|1
|
|-heal|p1a: Gliscor|100/100 tox|[from] ability: Poison Heal
|-damage|p2a: Alomomola|36/100 tox|[from] psn
|upkeep
|turn|30
|
|t:|1759011658
|move|p1a: Gliscor|Protect|p1a: Gliscor
|-singleturn|p1a: Gliscor|Protect
|move|p2a: Alomomola|Healing Wish|p2a: Alomomola
|faint|p2a: Alomomola
|
|upkeep
|
|t:|1759011665
|switch|p2a: Zamazenta|Zamazenta|64/100 brn
|-heal|p2a: Zamazenta|100/100|[from] move: Healing Wish
|-damage|p2a: Zamazenta|94/100|[from] Stealth Rock
|turn|31
|
|t:|1759011675
|switch|p2a: Keldeo|Keldeo-Resolute|76/100 brn
|-damage|p2a: Keldeo|70/100 brn|[from] Stealth Rock
|switch|p1a: Alomomola|Alomomola, F|100/100 psn
|
|-damage|p1a: Alomomola|88/100 psn|[from] psn
|-damage|p2a: Keldeo|63/100 brn|[from] brn
|upkeep
|turn|32
|
|t:|1759011681
|move|p2a: Keldeo|Secret Sword|p1a: Alomomola
|-crit|p1a: Alomomola
|-damage|p1a: Alomomola|23/100 psn
|move|p1a: Alomomola|Flip Turn|p2a: Keldeo
|-resisted|p2a: Keldeo
|-damage|p2a: Keldeo|53/100 brn
|
|t:|1759011688
|switch|p1a: Jolteon|Jolteon, F|45/100|[from] Flip Turn
|
|-damage|p2a: Keldeo|47/100 brn|[from] brn
|upkeep
|turn|33
|
|t:|1759011691
|move|p1a: Jolteon|Volt Switch|p2a: Keldeo
|-supereffective|p2a: Keldeo
|-damage|p2a: Keldeo|0 fnt
|faint|p2a: Keldeo
|
|t:|1759011697
|switch|p1a: Dragapult|Dragapult, F|41/100|[from] Volt Switch
|
|upkeep
|
|t:|1759011700
|switch|p2a: Tornadus|Tornadus-Therian, M|82/100 par
|-damage|p2a: Tornadus|57/100 par|[from] Stealth Rock
|turn|34
|
|t:|1759011709
|move|p1a: Dragapult|Hex|p2a: Tornadus
|-damage|p2a: Tornadus|0 fnt
|faint|p2a: Tornadus
|
|upkeep
|
|t:|1759011718
|switch|p2a: Zamazenta|Zamazenta|94/100
|-damage|p2a: Zamazenta|88/100|[from] Stealth Rock
|turn|35
|
|t:|1759011721
|move|p1a: Dragapult|Thunder Wave|p2a: Zamazenta
|-status|p2a: Zamazenta|par
|move|p2a: Zamazenta|Crunch|p1a: Dragapult
|-supereffective|p1a: Dragapult
|-damage|p1a: Dragapult|0 fnt
|faint|p1a: Dragapult
|
|upkeep
|
|t:|1759011727
|switch|p1a: Gliscor|Gliscor, M|100/100 tox
|turn|36
|
|t:|1759011730
|move|p1a: Gliscor|Earthquake|p2a: Zamazenta
|-damage|p2a: Zamazenta|59/100 par
|cant|p2a: Zamazenta|par
|
|upkeep
|turn|37
|-message|flowerpower22 forfeited.
|
|win|suprya
|raw|suprya's rating: 1598 &rarr; <strong>1615</strong><br />(+17 for winning)
|raw|flowerpower22's rating: 1541 &rarr; <strong>1524</strong><br />(-17 for losing)
|l|☆flowerpower22
|player|p2|
|l|☆suprya
|player|p1|
