|j|☆DisastwrBastwr
|j|☆MichaelSommers
|t:|1758968316
|gametype|singles
|player|p1|DisastwrBastwr|102|1164
|player|p2|MichaelSommers|veteran|1098
|gen|9
|tier|[Gen 9] OU
|rated|
|rule|HP Percentage Mod: HP is shown in percentages
|rule|Endless Battle Clause: Forcing endless battles is banned
|rule|Species Clause: Limit one of each Pokémon
|rule|OHKO Clause: OHKO moves are banned
|rule|Evasion Items Clause: Evasion items are banned
|rule|Evasion Moves Clause: Evasion moves are banned
|rule|Evasion Abilities Clause: Evasion abilities are banned
|rule|Sleep Moves Clause: Sleep-inducing moves are banned
|clearpoke
|poke|p1|Ceruledge, M|
|poke|p1|Hydrapple, M|
|poke|p1|Dondozo, F|
|poke|p1|Garganacl, M|
|poke|p1|Iron Moth|
|poke|p1|Hatterene, F|
|poke|p2|Pikachu, M|
|poke|p2|Charizard, M|
|poke|p2|Venusaur, M|
|poke|p2|Blastoise, M|
|poke|p2|Snorlax, F|
|poke|p2|Espeon, F|
|teampreview
|
|t:|1758968327
|teamsize|p1|6
|teamsize|p2|6
|start
|switch|p1a: Ceruledge|Ceruledge, M|100/100
|switch|p2a: Charizard|Charizard, M|100/100
|turn|1
|
|t:|1758968337
|move|p2a: Charizard|Solar Beam||[still]
|-prepare|p2a: Charizard|Solar Beam
|move|p1a: Ceruledge|Swords Dance|p1a: Ceruledge
|-boost|p1a: Ceruledge|atk|2
|
|upkeep
|turn|2
|
|t:|1758968343
|move|p2a: Charizard|Solar Beam|p1a: Ceruledge|[from] lockedmove
|-resisted|p1a: Ceruledge
|-damage|p1a: Ceruledge|81/100
|move|p1a: Ceruledge|Poltergeist|p2a: Charizard
|-activate|p2a: Charizard|move: Poltergeist|Heavy-Duty Boots
|-damage|p2a: Charizard|0 fnt
|faint|p2a: Charizard
|
|upkeep
|
|t:|1758968355
|switch|p2a: Espeon|Espeon, F|100/100
|turn|3
|
|t:|1758968358
|-terastallize|p2a: Espeon|Psychic
|move|p2a: Espeon|Psychic|p1a: Ceruledge
|-damage|p1a: Ceruledge|25/100
|move|p1a: Ceruledge|Poltergeist|p2a: Espeon
|-activate|p2a: Espeon|move: Poltergeist|Light Clay
|-supereffective|p2a: Espeon
|-damage|p2a: Espeon|0 fnt
|faint|p2a: Espeon
|
|upkeep
|
|t:|1758968371
|switch|p2a: Pikachu|Pikachu, M|100/100
|turn|4
|
|t:|1758968376
|move|p2a: Pikachu|Fake Out|p1a: Ceruledge
|-immune|p1a: Ceruledge
|move|p1a: Ceruledge|Bitter Blade|p2a: Pikachu
|-damage|p2a: Pikachu|0 fnt
|-heal|p1a: Ceruledge|72/100|[from] drain|[of] p2a: Pikachu
|faint|p2a: Pikachu
|
|upkeep
|
|t:|1758968388
|switch|p2a: Venusaur|Venusaur, M|100/100
|turn|5
|
|t:|1758968405
|move|p1a: Ceruledge|Bitter Blade|p2a: Venusaur
|-supereffective|p2a: Venusaur
|-damage|p2a: Venusaur|0 fnt
|-heal|p1a: Ceruledge|100/100|[from] drain|[of] p2a: Venusaur
|faint|p2a: Venusaur
|
|upkeep
|
|t:|1758968412
|switch|p2a: Snorlax|Snorlax, F|100/100
|turn|6
|
|t:|1758968417
|move|p1a: Ceruledge|Brick Break|p2a: Snorlax
|-supereffective|p2a: Snorlax
|-crit|p2a: Snorlax
|-damage|p2a: Snorlax|0 fnt
|faint|p2a: Snorlax
|
|upkeep
|
|t:|1758968423
|switch|p2a: Blastoise|Blastoise, M|100/100
|turn|7
|
|t:|1758968431
|move|p1a: Ceruledge|Poltergeist|p2a: Blastoise
|-activate|p2a: Blastoise|move: Poltergeist|White Herb
|-damage|p2a: Blastoise|0 fnt
|faint|p2a: Blastoise
|
|win|DisastwrBastwr
|raw|DisastwrBastwr's rating: 1164 &rarr; <strong>1184</strong><br />(+20 for winning)
|raw|MichaelSommers's rating: 1098 &rarr; <strong>1078</strong><br />(-20 for losing)
|l|☆MichaelSommers
|player|p2|
