|j|☆Vishnu Tata
|j|☆apparatus70
|t:|1758960331
|gametype|singles
|player|p1|Vishnu Tata|101|1183
|player|p2|apparatus70|candice|1110
|gen|9
|tier|[Gen 9] OU
|rated|
|rule|HP Percentage Mod: HP is shown in percentages
|rule|Endless Battle Clause: Forcing endless battles is banned
|rule|Species Clause: Limit one of each Pokémon
|rule|OHKO Clause: OHKO moves are banned
|rule|Evasion Items Clause: Evasion items are banned
|rule|Evasion Moves Clause: Evasion moves are banned
|rule|Evasion Abilities Clause: Evasion abilities are banned
|rule|Sleep Moves Clause: Sleep-inducing moves are banned
|clearpoke
|poke|p1|Gholdengo|
|poke|p1|Ogerpon-Wellspring, F|
|poke|p1|Ting-Lu|
|poke|p1|Glimmora, M|
|poke|p1|Dragonite, M|
|poke|p1|Deoxys-Speed|
|poke|p2|Ceruledge, F|
|poke|p2|Iron Moth|
|poke|p2|Ogerpon-Wellspring, F|
|poke|p2|Pecharunt|
|poke|p2|Brute Bonnet|
|poke|p2|Kingambit, M|
|teampreview
|inactive|Battle timer is ON: inactive players will automatically lose when time's up. (requested by Vishnu Tata)
|
|t:|1758960363
|teamsize|p1|6
|teamsize|p2|6
|start
|switch|p1a: Glimmora|Glimmora, M|100/100
|switch|p2a: Brute Bonnet|Brute Bonnet, shiny|100/100
|-enditem|p2a: Brute Bonnet|Booster Energy
|-activate|p2a: Brute Bonnet|ability: Protosynthesis|[fromitem]
|-start|p2a: Brute Bonnet|protosynthesisspd
|turn|1
|
|t:|1758960380
|move|p1a: Glimmora|Stealth Rock|p2a: Brute Bonnet
|-sidestart|p2: apparatus70|move: Stealth Rock
|move|p2a: Brute Bonnet|Close Combat|p1a: Glimmora
|-damage|p1a: Glimmora|65/100
|-unboost|p2a: Brute Bonnet|def|1
|-unboost|p2a: Brute Bonnet|spd|1
|-activate|p1a: Glimmora|ability: Toxic Debris
|-sidestart|p2: apparatus70|move: Toxic Spikes
|
|upkeep
|turn|2
|
|t:|1758960391
|move|p1a: Glimmora|Ancient Power|p2a: Brute Bonnet
|-damage|p2a: Brute Bonnet|81/100
|move|p2a: Brute Bonnet|Close Combat|p1a: Glimmora
|-damage|p1a: Glimmora|33/100
|-unboost|p2a: Brute Bonnet|def|1
|-unboost|p2a: Brute Bonnet|spd|1
|-activate|p1a: Glimmora|ability: Toxic Debris
|-sidestart|p2: apparatus70|move: Toxic Spikes
|
|upkeep
|turn|3
|
|t:|1758960400
|switch|p1a: Djengo Unrained|Gholdengo|100/100
|move|p2a: Brute Bonnet|Close Combat|p1a: Djengo Unrained
|-immune|p1a: Djengo Unrained
|
|upkeep
|turn|4
|c|☆Vishnu Tata|!weak brute bonnet
|c| Vishnu Tata|/raw <div class="infobox">Brute Bonnet (ignoring abilities):<br /><span class="message-effect-weak">Weaknesses</span>: <b>Bug</b>, Fairy, Fighting, Fire, Flying, Ice, Poison<br /><span class="message-effect-resist">Resistances</span>: Dark, Electric, Ghost, Grass, Ground, Water<br /><span class="message-effect-immune">Immunities</span>: Psychic, Powder moves, Prankster</div>
|
|t:|1758960423
|switch|p1a: Ogerpon|Ogerpon-Wellspring, F|100/100
|-end|p2a: Brute Bonnet|Protosynthesis|[silent]
|switch|p2a: LITTERAL GOD|Iron Moth|100/100
|-damage|p2a: LITTERAL GOD|76/100|[from] Stealth Rock
|-sideend|p2: apparatus70|move: Toxic Spikes|[of] p2a: LITTERAL GOD
|-enditem|p2a: LITTERAL GOD|Booster Energy
|-activate|p2a: LITTERAL GOD|ability: Quark Drive|[fromitem]
|-start|p2a: LITTERAL GOD|quarkdrivespa
|
|upkeep
|turn|5
|
|t:|1758960432
|move|p2a: LITTERAL GOD|Sludge Wave|p1a: Ogerpon
|-supereffective|p1a: Ogerpon
|-damage|p1a: Ogerpon|0 fnt
|faint|p1a: Ogerpon
|
|upkeep
|
|t:|1758960445
|switch|p1a: Secret Service|Dragonite, M|100/100
|turn|6
|
|t:|1758960472
|-end|p2a: LITTERAL GOD|Quark Drive|[silent]
|switch|p2a: Ogerpon|Ogerpon-Wellspring, F|100/100
|-damage|p2a: Ogerpon|88/100|[from] Stealth Rock
|move|p1a: Secret Service|Earthquake|p2a: Ogerpon
|-resisted|p2a: Ogerpon
|-damage|p2a: Ogerpon|65/100
|
|upkeep
|turn|7
|
|t:|1758960493
|move|p2a: Ogerpon|Play Rough|p1a: Secret Service
|-supereffective|p1a: Secret Service
|-damage|p1a: Secret Service|68/100
|move|p1a: Secret Service|Dragon Tail|p2a: Ogerpon
|-damage|p2a: Ogerpon|20/100
|drag|p2a: Pecharunt|Pecharunt|100/100
|-damage|p2a: Pecharunt|88/100|[from] Stealth Rock
|
|upkeep
|turn|8
|
|t:|1758960503
|move|p2a: Pecharunt|Malignant Chain|p1a: Secret Service
|-damage|p1a: Secret Service|32/100
|-damage|p2a: Pecharunt|78/100|[from] item: Life Orb
|move|p1a: Secret Service|Roost|p1a: Secret Service
|-heal|p1a: Secret Service|82/100
|-singleturn|p1a: Secret Service|move: Roost
|
|upkeep
|turn|9
|inactive|Vishnu Tata has 120 seconds left.
|
|t:|1758960540
|move|p2a: Pecharunt|Malignant Chain|p1a: Secret Service
|-damage|p1a: Secret Service|45/100
|-damage|p2a: Pecharunt|69/100|[from] item: Life Orb
|move|p1a: Secret Service|Dragon Tail|p2a: Pecharunt
|-crit|p2a: Pecharunt
|-damage|p2a: Pecharunt|28/100
|drag|p2a: Ogerpon|Ogerpon-Wellspring, F|20/100
|-damage|p2a: Ogerpon|7/100|[from] Stealth Rock
|
|upkeep
|turn|10
|
|t:|1758960563
|switch|p1a: Glimmora|Glimmora, M|33/100
|move|p2a: Ogerpon|Play Rough|p1a: Glimmora
|-resisted|p1a: Glimmora
|-damage|p1a: Glimmora|15/100
|-activate|p1a: Glimmora|ability: Toxic Debris
|-sidestart|p2: apparatus70|move: Toxic Spikes
|
|upkeep
|turn|11
|inactive|Vishnu Tata has 90 seconds left.
|
|t:|1758960590
|move|p1a: Glimmora|Protect|p1a: Glimmora
|-singleturn|p1a: Glimmora|Protect
|move|p2a: Ogerpon|Ivy Cudgel|p1a: Glimmora|[anim] Ivy Cudgel Water
|-activate|p1a: Glimmora|move: Protect
|
|upkeep
|turn|12
|
|t:|1758960597
|move|p2a: Ogerpon|Ivy Cudgel|p1a: Glimmora|[anim] Ivy Cudgel Water
|-supereffective|p1a: Glimmora
|-crit|p1a: Glimmora
|-damage|p1a: Glimmora|0 fnt
|-activate|p1a: Glimmora|ability: Toxic Debris
|-sidestart|p2: apparatus70|move: Toxic Spikes
|faint|p1a: Glimmora
|
|upkeep
|
|t:|1758960603
|switch|p1a: Secret Service|Dragonite, M|45/100
|turn|13
|
|t:|1758960606
|move|p1a: Secret Service|Extreme Speed|p2a: Ogerpon
|-damage|p2a: Ogerpon|0 fnt
|faint|p2a: Ogerpon
|
|upkeep
|
|t:|1758960609
|switch|p2a: Pecharunt|Pecharunt|28/100
|-damage|p2a: Pecharunt|16/100|[from] Stealth Rock
|-sideend|p2: apparatus70|move: Toxic Spikes|[of] p2a: Pecharunt
|turn|14
|
|t:|1758960635
|switch|p2a: Ceruledge|Ceruledge, F|100/100
|-damage|p2a: Ceruledge|76/100|[from] Stealth Rock
|-item|p2a: Ceruledge|Air Balloon
|switch|p1a: Djengo Unrained|Gholdengo|100/100
|
|upkeep
|turn|15
|
|t:|1758960646
|switch|p1a: Up Bowl On Em|Ting-Lu|100/100
|-ability|p1a: Up Bowl On Em|Vessel of Ruin
|move|p2a: Ceruledge|Bitter Blade|p1a: Up Bowl On Em
|-damage|p1a: Up Bowl On Em|75/100
|-heal|p2a: Ceruledge|98/100|[from] drain|[of] p1a: Up Bowl On Em
|
|-heal|p1a: Up Bowl On Em|81/100|[from] item: Leftovers
|upkeep
|turn|16
|inactive|Vishnu Tata has 90 seconds left.
|
|t:|1758960670
|-terastallize|p2a: Ceruledge|Fighting
|move|p2a: Ceruledge|Close Combat|p1a: Up Bowl On Em
|-supereffective|p1a: Up Bowl On Em
|-damage|p1a: Up Bowl On Em|19/100
|-unboost|p2a: Ceruledge|def|1
|-unboost|p2a: Ceruledge|spd|1
|move|p1a: Up Bowl On Em|Earthquake|p2a: Ceruledge
|-immune|p2a: Ceruledge
|
|-heal|p1a: Up Bowl On Em|25/100|[from] item: Leftovers
|upkeep
|turn|17
|inactive|Vishnu Tata has 90 seconds left.
|
|t:|1758960688
|move|p2a: Ceruledge|Close Combat|p1a: Up Bowl On Em
|-supereffective|p1a: Up Bowl On Em
|-damage|p1a: Up Bowl On Em|0 fnt
|-unboost|p2a: Ceruledge|def|1
|-unboost|p2a: Ceruledge|spd|1
|faint|p1a: Up Bowl On Em
|
|upkeep
|
|t:|1758960703
|switch|p1a: Dude Nasty Asf|Deoxys-Speed|100/100
|-ability|p1a: Dude Nasty Asf|Pressure
|turn|18
|
|t:|1758960718
|switch|p2a: Kingambit|Kingambit, M|100/100
|-damage|p2a: Kingambit|94/100|[from] Stealth Rock
|-activate|p2a: Kingambit|ability: Supreme Overlord
|-start|p2a: Kingambit|fallen1|[silent]
|move|p1a: Dude Nasty Asf|Thunderbolt|p2a: Kingambit
|-damage|p2a: Kingambit|62/100
|
|upkeep
|turn|19
|inactive|Vishnu Tata has 90 seconds left.
|
|t:|1758960732
|-terastallize|p1a: Dude Nasty Asf|Electric
|move|p2a: Kingambit|Sucker Punch|p1a: Dude Nasty Asf
|-damage|p1a: Dude Nasty Asf|1/100
|move|p1a: Dude Nasty Asf|Thunderbolt|p2a: Kingambit
|-damage|p2a: Kingambit|18/100
|
|upkeep
|turn|20
|
|t:|1758960739
|move|p2a: Kingambit|Sucker Punch||[still]
|-fail|p2a: Kingambit
|move|p1a: Dude Nasty Asf|Nasty Plot|p1a: Dude Nasty Asf
|-boost|p1a: Dude Nasty Asf|spa|2
|
|upkeep
|turn|21
|
|t:|1758960744
|move|p2a: Kingambit|Sucker Punch|p1a: Dude Nasty Asf
|-damage|p1a: Dude Nasty Asf|0 fnt
|faint|p1a: Dude Nasty Asf
|
|upkeep
|
|t:|1758960749
|switch|p1a: Secret Service|Dragonite, M|45/100
|turn|22
|
|t:|1758960761
|move|p2a: Kingambit|Sucker Punch||[still]
|-fail|p2a: Kingambit
|move|p1a: Secret Service|Roost|p1a: Secret Service
|-heal|p1a: Secret Service|95/100
|-singleturn|p1a: Secret Service|move: Roost
|
|upkeep
|turn|23
|inactive|Vishnu Tata has 120 seconds left.
|
|t:|1758960781
|-end|p2a: Kingambit|fallen1|[silent]
|switch|p2a: LITTERAL GOD|Iron Moth|76/100
|-damage|p2a: LITTERAL GOD|51/100|[from] Stealth Rock
|move|p1a: Secret Service|Dragon Tail|p2a: LITTERAL GOD
|-damage|p2a: LITTERAL GOD|0 fnt
|faint|p2a: LITTERAL GOD
|-end|p2a: LITTERAL GOD|Quark Drive|[silent]
|
|upkeep
|
|t:|1758960793
|switch|p2a: Ceruledge|Ceruledge, F, tera:Fighting|98/100
|-damage|p2a: Ceruledge|92/100|[from] Stealth Rock
|-item|p2a: Ceruledge|Air Balloon
|turn|24
|
|t:|1758960799
|move|p2a: Ceruledge|Bitter Blade|p1a: Secret Service
|-resisted|p1a: Secret Service
|-damage|p1a: Secret Service|72/100
|-heal|p2a: Ceruledge|100/100|[from] drain|[of] p1a: Secret Service
|move|p1a: Secret Service|Dragon Tail|p2a: Ceruledge|[miss]
|-miss|p1a: Secret Service|p2a: Ceruledge
|
|upkeep
|turn|25
|
|t:|1758960808
|move|p2a: Ceruledge|Bitter Blade|p1a: Secret Service
|-resisted|p1a: Secret Service
|-damage|p1a: Secret Service|50/100
|move|p1a: Secret Service|Roost|p1a: Secret Service
|-heal|p1a: Secret Service|99/100
|-singleturn|p1a: Secret Service|move: Roost
|
|upkeep
|turn|26
|
|t:|1758960820
|switch|p2a: Pecharunt|Pecharunt|16/100
|-damage|p2a: Pecharunt|3/100|[from] Stealth Rock
|move|p1a: Secret Service|Dragon Tail|p2a: Pecharunt
|-damage|p2a: Pecharunt|0 fnt
|faint|p2a: Pecharunt
|
|upkeep
|
|t:|1758960829
|switch|p2a: Brute Bonnet|Brute Bonnet, shiny|81/100
|-damage|p2a: Brute Bonnet|68/100|[from] Stealth Rock
|turn|27
|
|t:|1758960855
|move|p2a: Brute Bonnet|Stun Spore|p1a: Secret Service|[miss]
|-miss|p2a: Brute Bonnet|p1a: Secret Service
|move|p1a: Secret Service|Dragon Tail|p2a: Brute Bonnet
|-damage|p2a: Brute Bonnet|44/100
|-end|p2a: Brute Bonnet|Protosynthesis|[silent]
|drag|p2a: Ceruledge|Ceruledge, F, tera:Fighting|100/100
|-damage|p2a: Ceruledge|94/100|[from] Stealth Rock
|-item|p2a: Ceruledge|Air Balloon
|
|upkeep
|turn|28
|
|t:|1758960868
|move|p2a: Ceruledge|Swords Dance|p2a: Ceruledge
|-boost|p2a: Ceruledge|atk|2
|move|p1a: Secret Service|Dragon Tail|p2a: Ceruledge
|-damage|p2a: Ceruledge|48/100
|-ability|p2a: Ceruledge|Weak Armor|boost
|-unboost|p2a: Ceruledge|def|1
|-boost|p2a: Ceruledge|spe|2
|-enditem|p2a: Ceruledge|Air Balloon
|drag|p2a: Kingambit|Kingambit, M|18/100
|-damage|p2a: Kingambit|12/100|[from] Stealth Rock
|-activate|p2a: Kingambit|ability: Supreme Overlord
|-start|p2a: Kingambit|fallen3|[silent]
|
|upkeep
|turn|29
|
|t:|1758960880
|move|p2a: Kingambit|Sucker Punch|p1a: Secret Service
|-damage|p1a: Secret Service|30/100
|move|p1a: Secret Service|Earthquake|p2a: Kingambit
|-supereffective|p2a: Kingambit
|-damage|p2a: Kingambit|0 fnt
|faint|p2a: Kingambit
|-end|p2a: Kingambit|fallen3|[silent]
|
|upkeep
|
|t:|1758960886
|switch|p2a: Ceruledge|Ceruledge, F, tera:Fighting|48/100
|-damage|p2a: Ceruledge|42/100|[from] Stealth Rock
|turn|30
|
|t:|1758960891
|move|p2a: Ceruledge|Shadow Sneak|p1a: Secret Service
|-damage|p1a: Secret Service|12/100
|move|p1a: Secret Service|Roost|p1a: Secret Service
|-heal|p1a: Secret Service|62/100
|-singleturn|p1a: Secret Service|move: Roost
|
|upkeep
|turn|31
|
|t:|1758960903
|move|p2a: Ceruledge|Close Combat|p1a: Secret Service
|-resisted|p1a: Secret Service
|-damage|p1a: Secret Service|33/100
|-unboost|p2a: Ceruledge|def|1
|-unboost|p2a: Ceruledge|spd|1
|move|p1a: Secret Service|Roost|p1a: Secret Service
|-heal|p1a: Secret Service|83/100
|-singleturn|p1a: Secret Service|move: Roost
|
|upkeep
|turn|32
|-message|apparatus70 forfeited.
|
|win|Vishnu Tata
|raw|Vishnu Tata's rating: 1183 &rarr; <strong>1203</strong><br />(+20 for winning)
|raw|apparatus70's rating: 1110 &rarr; <strong>1090</strong><br />(-20 for losing)
|l|☆apparatus70
|player|p2|
|l|☆Vishnu Tata
|player|p1|
