|j|☆maxbiatch
|j|☆Chase5423
|t:|1759032354
|gametype|singles
|player|p1|maxbiatch|101|1245
|player|p2|Chase5423|veteran|1285
|gen|9
|tier|[Gen 9] OU
|rated|
|rule|HP Percentage Mod: HP is shown in percentages
|rule|Endless Battle Clause: Forcing endless battles is banned
|rule|Species Clause: Limit one of each Pokémon
|rule|OHKO Clause: OHKO moves are banned
|rule|Evasion Items Clause: Evasion items are banned
|rule|Evasion Moves Clause: Evasion moves are banned
|rule|Evasion Abilities Clause: Evasion abilities are banned
|rule|Sleep Moves Clause: Sleep-inducing moves are banned
|clearpoke
|poke|p1|Heatran, F|
|poke|p1|Ogerpon-Wellspring, F|
|poke|p1|Rillaboom, M|
|poke|p1|Dragapult, F|
|poke|p1|Clefable, F|
|poke|p1|Great Tusk|
|poke|p2|Glimmora, F|
|poke|p2|Garchomp, F|
|poke|p2|Dragapult, M|
|poke|p2|Toxapex, M|
|poke|p2|Garganacl, M|
|poke|p2|Iron Moth|
|teampreview
|inactive|Battle timer is ON: inactive players will automatically lose when time's up. (requested by maxbiatch)
|
|t:|1759032387
|teamsize|p1|6
|teamsize|p2|6
|start
|switch|p1a: Heatran|Heatran, F, shiny|100/100
|switch|p2a: Toxapex|Toxapex, M|100/100
|-item|p1a: Heatran|Air Balloon
|turn|1
|
|t:|1759032391
|move|p1a: Heatran|Stealth Rock|p2a: Toxapex
|-sidestart|p2: Chase5423|move: Stealth Rock
|move|p2a: Toxapex|Infestation|p1a: Heatran
|-resisted|p1a: Heatran
|-damage|p1a: Heatran|99/100
|-activate|p1a: Heatran|move: Infestation|[of] p2a: Toxapex
|-enditem|p1a: Heatran|Air Balloon
|
|-damage|p1a: Heatran|88/100|[from] move: Infestation|[partiallytrapped]
|upkeep
|turn|2
|inactive|Chase5423 has 120 seconds left.
|
|t:|1759032435
|move|p1a: Heatran|Earth Power|p2a: Toxapex
|-supereffective|p2a: Toxapex
|-damage|p2a: Toxapex|66/100
|move|p2a: Toxapex|Recover|p2a: Toxapex
|-heal|p2a: Toxapex|100/100
|
|-damage|p1a: Heatran|75/100|[from] move: Infestation|[partiallytrapped]
|upkeep
|turn|3
|
|t:|1759032454
|move|p1a: Heatran|Earth Power|p2a: Toxapex
|-supereffective|p2a: Toxapex
|-damage|p2a: Toxapex|64/100
|move|p2a: Toxapex|Recover|p2a: Toxapex
|-heal|p2a: Toxapex|100/100
|
|-damage|p1a: Heatran|63/100|[from] move: Infestation|[partiallytrapped]
|upkeep
|turn|4
|
|t:|1759032470
|move|p1a: Heatran|Taunt|p2a: Toxapex
|-start|p2a: Toxapex|move: Taunt
|cant|p2a: Toxapex|move: Taunt|Recover
|
|-damage|p1a: Heatran|50/100|[from] move: Infestation|[partiallytrapped]
|upkeep
|turn|5
|
|t:|1759032481
|switch|p2a: Garchomp|Garchomp, F|100/100
|-damage|p2a: Garchomp|94/100|[from] Stealth Rock
|move|p1a: Heatran|Lava Plume|p2a: Garchomp
|-resisted|p2a: Garchomp
|-damage|p2a: Garchomp|78/100
|
|-end|p1a: Heatran|Infestation|[partiallytrapped]|[silent]
|upkeep
|turn|6
|
|t:|1759032490
|move|p2a: Garchomp|Spikes|p1a: Heatran
|-sidestart|p1: maxbiatch|Spikes
|move|p1a: Heatran|Lava Plume|p2a: Garchomp
|-resisted|p2a: Garchomp
|-damage|p2a: Garchomp|61/100
|
|upkeep
|turn|7
|
|t:|1759032496
|switch|p1a: Great Tusk|Great Tusk, shiny|100/100
|-damage|p1a: Great Tusk|88/100|[from] Spikes
|move|p2a: Garchomp|Stealth Rock|p1a: Great Tusk
|-sidestart|p1: maxbiatch|move: Stealth Rock
|
|upkeep
|turn|8
|
|t:|1759032502
|-terastallize|p2a: Garchomp|Ghost
|move|p1a: Great Tusk|Rapid Spin|p2a: Garchomp
|-immune|p2a: Garchomp
|move|p2a: Garchomp|Dragon Tail|p1a: Great Tusk
|-damage|p1a: Great Tusk|68/100
|-damage|p2a: Garchomp|44/100|[from] item: Rocky Helmet|[of] p1a: Great Tusk
|-end|p1a: Great Tusk|Protosynthesis|[silent]
|drag|p1a: Ogerpon|Ogerpon-Wellspring, F|100/100
|-damage|p1a: Ogerpon|88/100|[from] Spikes
|-damage|p1a: Ogerpon|76/100|[from] Stealth Rock
|
|upkeep
|turn|9
|inactive|Chase5423 has 120 seconds left.
|
|t:|1759032523
|move|p1a: Ogerpon|Ivy Cudgel|p2a: Garchomp|[anim] Ivy Cudgel Water
|-damage|p2a: Garchomp|7/100
|move|p2a: Garchomp|Spikes|p1a: Ogerpon
|-sidestart|p1: maxbiatch|Spikes
|
|upkeep
|turn|10
|
|t:|1759032534
|move|p1a: Ogerpon|Ivy Cudgel|p2a: Garchomp|[anim] Ivy Cudgel Water
|-damage|p2a: Garchomp|0 fnt
|faint|p2a: Garchomp
|
|upkeep
|
|t:|1759032540
|switch|p2a: Toxapex|Toxapex, M|100/100
|-damage|p2a: Toxapex|88/100|[from] Stealth Rock
|turn|11
|
|t:|1759032564
|move|p1a: Ogerpon|Swords Dance|p1a: Ogerpon
|-boost|p1a: Ogerpon|atk|2
|move|p2a: Toxapex|Infestation|p1a: Ogerpon
|-supereffective|p1a: Ogerpon
|-damage|p1a: Ogerpon|69/100
|-activate|p1a: Ogerpon|move: Infestation|[of] p2a: Toxapex
|
|-heal|p2a: Toxapex|94/100|[from] item: Black Sludge
|-damage|p1a: Ogerpon|57/100|[from] move: Infestation|[partiallytrapped]
|upkeep
|turn|12
|inactive|Chase5423 has 120 seconds left.
|
|t:|1759032585
|move|p1a: Ogerpon|Power Whip|p2a: Toxapex
|-damage|p2a: Toxapex|0 fnt
|faint|p2a: Toxapex
|
|-end|p1a: Ogerpon|Infestation|[partiallytrapped]|[silent]
|upkeep
|
|t:|1759032605
|switch|p2a: Dragapult|Dragapult, M|100/100
|turn|13
|
|t:|1759032617
|switch|p1a: Heatran|Heatran, F, shiny|50/100
|-damage|p1a: Heatran|34/100|[from] Spikes
|-damage|p1a: Heatran|21/100|[from] Stealth Rock
|move|p2a: Dragapult|Dragon Darts|p1a: Heatran
|-resisted|p1a: Heatran
|-damage|p1a: Heatran|12/100
|-anim|p2a: Dragapult|Dragon Darts|p1a: Heatran
|-resisted|p1a: Heatran
|-damage|p1a: Heatran|3/100
|
|upkeep
|turn|14
|
|t:|1759032625
|move|p2a: Dragapult|Dragon Darts|p1a: Heatran
|-resisted|p1a: Heatran
|-damage|p1a: Heatran|0 fnt
|faint|p1a: Heatran
|
|upkeep
|
|t:|1759032627
|switch|p1a: Clefable|Clefable, F, shiny|100/100
|turn|15
|
|t:|1759032630
|move|p2a: Dragapult|Will-O-Wisp|p1a: Clefable
|-status|p1a: Clefable|brn
|move|p1a: Clefable|Calm Mind|p1a: Clefable
|-boost|p1a: Clefable|spa|1
|-boost|p1a: Clefable|spd|1
|
|-damage|p1a: Clefable|94/100 brn|[from] brn
|upkeep
|turn|16
|
|t:|1759032636
|move|p2a: Dragapult|U-turn|p1a: Clefable
|-resisted|p1a: Clefable
|-damage|p1a: Clefable|87/100 brn
|
|t:|1759032643
|switch|p2a: Iron Moth|Iron Moth|100/100|[from] U-turn
|-damage|p2a: Iron Moth|76/100|[from] Stealth Rock
|-enditem|p2a: Iron Moth|Booster Energy
|-activate|p2a: Iron Moth|ability: Quark Drive|[fromitem]
|-start|p2a: Iron Moth|quarkdrivespe
|move|p1a: Clefable|Thunder Wave|p2a: Iron Moth
|-status|p2a: Iron Moth|par
|
|-damage|p1a: Clefable|80/100 brn|[from] brn
|upkeep
|turn|17
|
|t:|1759032649
|-terastallize|p1a: Clefable|Poison
|move|p2a: Iron Moth|Substitute|p2a: Iron Moth
|-start|p2a: Iron Moth|Substitute
|-damage|p2a: Iron Moth|51/100 par
|move|p1a: Clefable|Calm Mind|p1a: Clefable
|-boost|p1a: Clefable|spa|1
|-boost|p1a: Clefable|spd|1
|
|-damage|p1a: Clefable|74/100 brn|[from] brn
|upkeep
|turn|18
|
|t:|1759032663
|move|p2a: Iron Moth|Fiery Dance|p1a: Clefable
|-damage|p1a: Clefable|55/100 brn
|-boost|p2a: Iron Moth|spa|1
|move|p1a: Clefable|Calm Mind|p1a: Clefable
|-boost|p1a: Clefable|spa|1
|-boost|p1a: Clefable|spd|1
|
|-damage|p1a: Clefable|49/100 brn|[from] brn
|upkeep
|turn|19
|
|t:|1759032668
|cant|p2a: Iron Moth|par
|move|p1a: Clefable|Moonlight|p1a: Clefable
|-heal|p1a: Clefable|99/100 brn
|
|-damage|p1a: Clefable|93/100 brn|[from] brn
|upkeep
|turn|20
|
|t:|1759032674
|move|p2a: Iron Moth|Fiery Dance|p1a: Clefable
|-damage|p1a: Clefable|76/100 brn
|-boost|p2a: Iron Moth|spa|1
|move|p1a: Clefable|Moonblast|p2a: Iron Moth
|-resisted|p2a: Iron Moth
|-activate|p2a: Iron Moth|move: Substitute|[damage]
|
|-damage|p1a: Clefable|70/100 brn|[from] brn
|upkeep
|turn|21
|
|t:|1759032680
|cant|p2a: Iron Moth|par
|move|p1a: Clefable|Moonblast|p2a: Iron Moth
|-resisted|p2a: Iron Moth
|-end|p2a: Iron Moth|Substitute
|
|-damage|p1a: Clefable|64/100 brn|[from] brn
|upkeep
|turn|22
|
|t:|1759032694
|move|p2a: Iron Moth|Fiery Dance|p1a: Clefable
|-damage|p1a: Clefable|47/100 brn
|-boost|p2a: Iron Moth|spa|1
|move|p1a: Clefable|Moonblast|p2a: Iron Moth
|-resisted|p2a: Iron Moth
|-damage|p2a: Iron Moth|30/100 par
|
|-damage|p1a: Clefable|41/100 brn|[from] brn
|upkeep
|turn|23
|
|t:|1759032704
|move|p2a: Iron Moth|Substitute|p2a: Iron Moth
|-start|p2a: Iron Moth|Substitute
|-damage|p2a: Iron Moth|5/100 par
|move|p1a: Clefable|Moonlight|p1a: Clefable
|-heal|p1a: Clefable|91/100 brn
|
|-damage|p1a: Clefable|85/100 brn|[from] brn
|upkeep
|turn|24
|
|t:|1759032708
|cant|p2a: Iron Moth|par
|move|p1a: Clefable|Calm Mind|p1a: Clefable
|-boost|p1a: Clefable|spa|1
|-boost|p1a: Clefable|spd|1
|
|-damage|p1a: Clefable|79/100 brn|[from] brn
|upkeep
|turn|25
|inactive|Chase5423 has 120 seconds left.
|
|t:|1759032752
|move|p2a: Iron Moth|Fiery Dance|p1a: Clefable
|-damage|p1a: Clefable|65/100 brn
|-boost|p2a: Iron Moth|spa|1
|move|p1a: Clefable|Moonblast|p2a: Iron Moth
|-resisted|p2a: Iron Moth
|-end|p2a: Iron Moth|Substitute
|
|-damage|p1a: Clefable|59/100 brn|[from] brn
|upkeep
|turn|26
|
|t:|1759032779
|cant|p2a: Iron Moth|par
|move|p1a: Clefable|Moonlight|p1a: Clefable
|-heal|p1a: Clefable|100/100 brn
|
|-damage|p1a: Clefable|94/100 brn|[from] brn
|upkeep
|turn|27
|inactive|Chase5423 has 90 seconds left.
|
|t:|1759032809
|move|p2a: Iron Moth|Fiery Dance|p1a: Clefable
|-damage|p1a: Clefable|80/100 brn
|-boost|p2a: Iron Moth|spa|1
|move|p1a: Clefable|Moonblast|p2a: Iron Moth
|-resisted|p2a: Iron Moth
|-damage|p2a: Iron Moth|0 fnt
|faint|p2a: Iron Moth
|-end|p2a: Iron Moth|Quark Drive|[silent]
|
|-damage|p1a: Clefable|74/100 brn|[from] brn
|upkeep
|inactive|Chase5423 has 60 seconds left.
|
|t:|1759032835
|switch|p2a: Glimmora|Glimmora, F|100/100
|-damage|p2a: Glimmora|88/100|[from] Stealth Rock
|turn|28
|
|t:|1759032844
|move|p2a: Glimmora|Earth Power|p1a: Clefable
|-supereffective|p1a: Clefable
|-damage|p1a: Clefable|55/100 brn
|move|p1a: Clefable|Moonblast|p2a: Glimmora
|-resisted|p2a: Glimmora
|-damage|p2a: Glimmora|25/100
|
|-damage|p1a: Clefable|49/100 brn|[from] brn
|upkeep
|turn|29
|
|t:|1759032856
|move|p2a: Glimmora|Earth Power|p1a: Clefable
|-supereffective|p1a: Clefable
|-damage|p1a: Clefable|28/100 brn
|move|p1a: Clefable|Moonlight|p1a: Clefable
|-heal|p1a: Clefable|78/100 brn
|
|-damage|p1a: Clefable|72/100 brn|[from] brn
|upkeep
|turn|30
|
|t:|1759032867
|move|p2a: Glimmora|Earth Power|p1a: Clefable
|-supereffective|p1a: Clefable
|-damage|p1a: Clefable|52/100 brn
|move|p1a: Clefable|Moonlight|p1a: Clefable
|-heal|p1a: Clefable|100/100 brn
|
|-damage|p1a: Clefable|94/100 brn|[from] brn
|upkeep
|turn|31
|
|t:|1759032877
|move|p2a: Glimmora|Earth Power|p1a: Clefable
|-supereffective|p1a: Clefable
|-damage|p1a: Clefable|75/100 brn
|move|p1a: Clefable|Calm Mind|p1a: Clefable
|-boost|p1a: Clefable|spa|1
|-boost|p1a: Clefable|spd|1
|
|-damage|p1a: Clefable|69/100 brn|[from] brn
|upkeep
|turn|32
|
|t:|1759032884
|move|p2a: Glimmora|Earth Power|p1a: Clefable
|-supereffective|p1a: Clefable
|-damage|p1a: Clefable|51/100 brn
|move|p1a: Clefable|Moonlight|p1a: Clefable
|-heal|p1a: Clefable|100/100 brn
|
|-damage|p1a: Clefable|94/100 brn|[from] brn
|upkeep
|turn|33
|
|t:|1759032887
|move|p2a: Glimmora|Earth Power|p1a: Clefable
|-supereffective|p1a: Clefable
|-damage|p1a: Clefable|77/100 brn
|move|p1a: Clefable|Moonblast|p2a: Glimmora
|-resisted|p2a: Glimmora
|-damage|p2a: Glimmora|0 fnt
|faint|p2a: Glimmora
|
|-damage|p1a: Clefable|71/100 brn|[from] brn
|upkeep
|inactive|Chase5423 has 90 seconds left.
|
|t:|1759032893
|switch|p2a: Garganacl|Garganacl, M|100/100
|-damage|p2a: Garganacl|88/100|[from] Stealth Rock
|turn|34
|
|t:|1759032900
|move|p1a: Clefable|Moonblast|p2a: Garganacl
|-damage|p2a: Garganacl|8/100
|move|p2a: Garganacl|Salt Cure|p1a: Clefable
|-damage|p1a: Clefable|60/100 brn
|-start|p1a: Clefable|Salt Cure
|
|-heal|p2a: Garganacl|14/100|[from] item: Leftovers
|-damage|p1a: Clefable|54/100 brn|[from] brn
|-damage|p1a: Clefable|41/100 brn|[from] Salt Cure
|upkeep
|turn|35
|
|t:|1759032905
|move|p1a: Clefable|Moonblast|p2a: Garganacl
|-damage|p2a: Garganacl|0 fnt
|faint|p2a: Garganacl
|
|-damage|p1a: Clefable|35/100 brn|[from] brn
|-damage|p1a: Clefable|23/100 brn|[from] Salt Cure
|upkeep
|
|t:|1759032907
|switch|p2a: Dragapult|Dragapult, M|100/100
|turn|36
|
|t:|1759032912
|move|p2a: Dragapult|Hex|p1a: Clefable
|-damage|p1a: Clefable|8/100 brn
|move|p1a: Clefable|Moonblast|p2a: Dragapult
|-supereffective|p2a: Dragapult
|-damage|p2a: Dragapult|0 fnt
|faint|p2a: Dragapult
|
|win|maxbiatch
|raw|maxbiatch's rating: 1245 &rarr; <strong>1273</strong><br />(+28 for winning)
|raw|Chase5423's rating: 1285 &rarr; <strong>1257</strong><br />(-28 for losing)
|l|☆Chase5423
|player|p2|
|l|☆maxbiatch
|player|p1|
