|j|☆STRONGPPMAIN6969
|j|☆chaheed
|t:|1759040188
|gametype|singles
|player|p1|STRONGPPMAIN6969|clown|1686
|player|p2|chaheed|ninjaboy|1772
|gen|9
|tier|[Gen 9] OU
|rated|
|rule|HP Percentage Mod: HP is shown in percentages
|rule|Endless Battle Clause: Forcing endless battles is banned
|rule|Species Clause: Limit one of each Pokémon
|rule|OHKO Clause: OHKO moves are banned
|rule|Evasion Items Clause: Evasion items are banned
|rule|Evasion Moves Clause: Evasion moves are banned
|rule|Evasion Abilities Clause: Evasion abilities are banned
|rule|Sleep Moves Clause: Sleep-inducing moves are banned
|clearpoke
|poke|p1|Pecharunt|
|poke|p1|Great Tusk|
|poke|p1|Ogerpon-Wellspring, F|
|poke|p1|Iron Crown|
|poke|p1|Landorus-Therian, M|
|poke|p1|Samurott-Hisui, M|
|poke|p2|Dragonite, F|
|poke|p2|Dragapult, F|
|poke|p2|Iron Moth|
|poke|p2|Greninja-*, M|
|poke|p2|Serperior, F|
|poke|p2|Iron Treads|
|teampreview
|
|t:|1759040198
|teamsize|p1|6
|teamsize|p2|6
|start
|switch|p1a: Iron Crown|Iron Crown|100/100
|switch|p2a: Serperior|Serperior, F|100/100
|turn|1
|
|t:|1759040218
|switch|p2a: Iron Moth|Iron Moth|100/100
|-enditem|p2a: Iron Moth|Booster Energy
|-activate|p2a: Iron Moth|ability: Quark Drive|[fromitem]
|-start|p2a: Iron Moth|quarkdrivespe
|move|p1a: Iron Crown|Tachyon Cutter|p2a: Iron Moth
|-resisted|p2a: Iron Moth
|-damage|p2a: Iron Moth|82/100
|-resisted|p2a: Iron Moth
|-damage|p2a: Iron Moth|64/100
|-hitcount|p2a: Iron Moth|2
|
|upkeep
|turn|2
|
|t:|1759040233
|-end|p1a: Iron Crown|Quark Drive|[silent]
|switch|p1a: Samurott|Samurott-Hisui, M|100/100
|move|p2a: Iron Moth|Fiery Dance|p1a: Samurott
|-resisted|p1a: Samurott
|-damage|p1a: Samurott|84/100
|-boost|p2a: Iron Moth|spa|1
|
|upkeep
|turn|3
|
|t:|1759040241
|move|p2a: Iron Moth|Energy Ball|p1a: Samurott
|-supereffective|p1a: Samurott
|-damage|p1a: Samurott|2/100
|move|p1a: Samurott|Ceaseless Edge|p2a: Iron Moth
|-damage|p2a: Iron Moth|0 fnt
|-sidestart|p2: chaheed|Spikes
|faint|p2a: Iron Moth
|-end|p2a: Iron Moth|Quark Drive|[silent]
|
|upkeep
|
|t:|1759040254
|switch|p2a: Iron Treads|Iron Treads|100/100
|-damage|p2a: Iron Treads|88/100|[from] Spikes
|-enditem|p2a: Iron Treads|Booster Energy
|-activate|p2a: Iron Treads|ability: Quark Drive|[fromitem]
|-start|p2a: Iron Treads|quarkdrivespe
|turn|4
|
|t:|1759040264
|switch|p1a: Pecharunt|Pecharunt|100/100
|move|p2a: Iron Treads|Ice Spinner|p1a: Pecharunt
|-damage|p1a: Pecharunt|89/100
|-damage|p2a: Iron Treads|72/100|[from] item: Rocky Helmet|[of] p1a: Pecharunt
|
|upkeep
|turn|5
|
|t:|1759040271
|move|p2a: Iron Treads|Earthquake|p1a: Pecharunt
|-supereffective|p1a: Pecharunt
|-damage|p1a: Pecharunt|46/100
|move|p1a: Pecharunt|Foul Play|p2a: Iron Treads
|-damage|p2a: Iron Treads|45/100
|
|upkeep
|turn|6
|
|t:|1759040276
|move|p2a: Iron Treads|Stealth Rock|p1a: Pecharunt
|-sidestart|p1: STRONGPPMAIN6969|move: Stealth Rock
|move|p1a: Pecharunt|Recover|p1a: Pecharunt
|-heal|p1a: Pecharunt|96/100
|
|upkeep
|turn|7
|
|t:|1759040281
|move|p2a: Iron Treads|Earthquake|p1a: Pecharunt
|-supereffective|p1a: Pecharunt
|-damage|p1a: Pecharunt|50/100
|move|p1a: Pecharunt|Foul Play|p2a: Iron Treads
|-damage|p2a: Iron Treads|19/100
|
|upkeep
|turn|8
|
|t:|1759040286
|move|p2a: Iron Treads|Earthquake|p1a: Pecharunt
|-supereffective|p1a: Pecharunt
|-damage|p1a: Pecharunt|6/100
|move|p1a: Pecharunt|Recover|p1a: Pecharunt
|-heal|p1a: Pecharunt|56/100
|
|upkeep
|turn|9
|
|t:|1759040292
|switch|p1a: Landorus|Landorus-Therian, M|100/100
|-damage|p1a: Landorus|88/100|[from] Stealth Rock
|-ability|p1a: Landorus|Intimidate|boost
|-unboost|p2a: Iron Treads|atk|1
|move|p2a: Iron Treads|Earthquake|p1a: Landorus
|-immune|p1a: Landorus
|
|upkeep
|turn|10
|
|t:|1759040302
|move|p2a: Iron Treads|Ice Spinner|p1a: Landorus
|-supereffective|p1a: Landorus
|-damage|p1a: Landorus|9/100
|move|p1a: Landorus|Earthquake|p2a: Iron Treads
|-supereffective|p2a: Iron Treads
|-damage|p2a: Iron Treads|0 fnt
|faint|p2a: Iron Treads
|-end|p2a: Iron Treads|Quark Drive|[silent]
|
|upkeep
|
|t:|1759040319
|switch|p2a: Dragonite|Dragonite, F|100/100
|turn|11
|
|t:|1759040326
|switch|p1a: Iron Crown|Iron Crown|100/100
|-damage|p1a: Iron Crown|94/100|[from] Stealth Rock
|move|p2a: Dragonite|Dragon Dance|p2a: Dragonite
|-boost|p2a: Dragonite|atk|1
|-boost|p2a: Dragonite|spe|1
|
|upkeep
|turn|12
|j| wgw2333
|
|t:|1759040340
|move|p2a: Dragonite|Fire Punch|p1a: Iron Crown
|-supereffective|p1a: Iron Crown
|-damage|p1a: Iron Crown|8/100
|move|p1a: Iron Crown|Tachyon Cutter|p2a: Dragonite
|-damage|p2a: Dragonite|80/100
|-damage|p2a: Dragonite|38/100
|-hitcount|p2a: Dragonite|2
|
|upkeep
|turn|13
|
|t:|1759040349
|move|p2a: Dragonite|Scale Shot|p1a: Iron Crown
|-resisted|p1a: Iron Crown
|-damage|p1a: Iron Crown|0 fnt
|faint|p1a: Iron Crown
|-end|p1a: Iron Crown|Quark Drive|[silent]
|-hitcount|p1: Iron Crown|1
|-unboost|p2a: Dragonite|def|1
|-boost|p2a: Dragonite|spe|1
|
|upkeep
|
|t:|1759040354
|switch|p1a: Great Tusk|Great Tusk|100/100
|-damage|p1a: Great Tusk|98/100|[from] Stealth Rock
|-enditem|p1a: Great Tusk|Booster Energy
|-activate|p1a: Great Tusk|ability: Protosynthesis|[fromitem]
|-start|p1a: Great Tusk|protosynthesisspe
|turn|14
|
|t:|1759040372
|move|p2a: Dragonite|Dragon Dance|p2a: Dragonite
|-boost|p2a: Dragonite|atk|1
|-boost|p2a: Dragonite|spe|1
|move|p1a: Great Tusk|Rapid Spin|p2a: Dragonite
|-crit|p2a: Dragonite
|-damage|p2a: Dragonite|0 fnt
|-boost|p1a: Great Tusk|spe|1
|-sideend|p1: STRONGPPMAIN6969|Stealth Rock|[from] move: Rapid Spin|[of] p1a: Great Tusk
|faint|p2a: Dragonite
|
|upkeep
|
|t:|1759040381
|switch|p2a: Serperior|Serperior, F|100/100
|-damage|p2a: Serperior|88/100|[from] Spikes
|turn|15
|
|t:|1759040410
|move|p1a: Great Tusk|Knock Off|p2a: Serperior
|-damage|p2a: Serperior|54/100
|-enditem|p2a: Serperior|Custap Berry|[from] move: Knock Off|[of] p1a: Great Tusk
|move|p2a: Serperior|Leaf Storm|p1a: Great Tusk
|-supereffective|p1a: Great Tusk
|-damage|p1a: Great Tusk|0 fnt
|-boost|p2a: Serperior|spa|2
|faint|p1a: Great Tusk
|-end|p1a: Great Tusk|Protosynthesis|[silent]
|
|upkeep
|
|t:|1759040412
|switch|p1a: Landorus|Landorus-Therian, M|9/100
|-ability|p1a: Landorus|Intimidate|boost
|-boost|p2a: Serperior|atk|1
|turn|16
|
|t:|1759040427
|move|p2a: Serperior|Endure|p2a: Serperior
|-singleturn|p2a: Serperior|move: Endure
|move|p1a: Landorus|U-turn|p2a: Serperior
|-supereffective|p2a: Serperior
|-activate|p2a: Serperior|move: Endure
|-damage|p2a: Serperior|1/100
|
|t:|1759040431
|switch|p1a: Samurott|Samurott-Hisui, M|2/100|[from] U-turn
|
|upkeep
|turn|17
|
|t:|1759040436
|switch|p2a: Greninja|Greninja, M|100/100
|-damage|p2a: Greninja|88/100|[from] Spikes
|move|p1a: Samurott|Aqua Jet|p2a: Greninja
|-resisted|p2a: Greninja
|-damage|p2a: Greninja|70/100
|
|upkeep
|turn|18
|
|t:|1759040448
|switch|p1a: Pecharunt|Pecharunt|56/100
|move|p2a: Greninja|Dark Pulse|p1a: Pecharunt
|-supereffective|p1a: Pecharunt
|-damage|p1a: Pecharunt|0 fnt
|faint|p1a: Pecharunt
|-ability|p2a: Greninja|Battle Bond|boost
|-boost|p2a: Greninja|atk|1
|-boost|p2a: Greninja|spa|1
|-boost|p2a: Greninja|spe|1
|-activate|p2a: Greninja|ability: Battle Bond
|-damage|p2a: Greninja|60/100|[from] item: Life Orb
|
|upkeep
|
|t:|1759040459
|switch|p1a: Ogerpon|Ogerpon-Wellspring, F|100/100
|turn|19
|
|t:|1759040464
|-terastallize|p1a: Ogerpon|Water
|detailschange|p1a: Ogerpon|Ogerpon-Wellspring-Tera, F, tera:Water
|-ability|p1a: Ogerpon|Embody Aspect (Wellspring)|boost
|-boost|p1a: Ogerpon|spd|1
|move|p2a: Greninja|Dark Pulse|p1a: Ogerpon
|-damage|p1a: Ogerpon|58/100
|-damage|p2a: Greninja|50/100|[from] item: Life Orb
|move|p1a: Ogerpon|Trailblaze|p2a: Greninja
|-supereffective|p2a: Greninja
|-damage|p2a: Greninja|0 fnt
|-boost|p1a: Ogerpon|spe|1
|faint|p2a: Greninja
|
|upkeep
|
|t:|1759040477
|switch|p2a: Dragapult|Dragapult, F|100/100
|-damage|p2a: Dragapult|88/100|[from] Spikes
|turn|20
|
|t:|1759040481
|move|p1a: Ogerpon|Ivy Cudgel|p2a: Dragapult|[anim] Ivy Cudgel Water
|-resisted|p2a: Dragapult
|-crit|p2a: Dragapult
|-damage|p2a: Dragapult|6/100
|move|p2a: Dragapult|Dragon Darts|p1a: Ogerpon
|-damage|p1a: Ogerpon|39/100
|-anim|p2a: Dragapult|Dragon Darts|p1a: Ogerpon
|-damage|p1a: Ogerpon|18/100
|
|upkeep
|turn|21
|-message|chaheed forfeited.
|
|win|STRONGPPMAIN6969
|raw|STRONGPPMAIN6969's rating: 1686 &rarr; <strong>1711</strong><br />(+25 for winning)
|raw|chaheed's rating: 1772 &rarr; <strong>1747</strong><br />(-25 for losing)
|l|☆chaheed
|player|p2|
|l|☆STRONGPPMAIN6969
|player|p1|
