|j|☆xrr rewriting
|j|☆123ebolaman
|t:|1759041862
|gametype|singles
|player|p1|xrr rewriting|265|1581
|player|p2|123ebolaman|blackbelt-gen4dp|1554
|gen|9
|tier|[Gen 9] OU
|rated|
|rule|HP Percentage Mod: HP is shown in percentages
|rule|Endless Battle Clause: Forcing endless battles is banned
|rule|Species Clause: Limit one of each Pokémon
|rule|OHKO Clause: OHKO moves are banned
|rule|Evasion Items Clause: Evasion items are banned
|rule|Evasion Moves Clause: Evasion moves are banned
|rule|Evasion Abilities Clause: Evasion abilities are banned
|rule|Sleep Moves Clause: Sleep-inducing moves are banned
|clearpoke
|poke|p1|Dragonite, M|
|poke|p1|Hatterene, F|
|poke|p1|Great Tusk|
|poke|p1|Ceruledge, F|
|poke|p1|Ting-Lu|
|poke|p1|Kyurem|
|poke|p2|Ceruledge, M|
|poke|p2|Araquanid, M|
|poke|p2|Gholdengo|
|poke|p2|Great Tusk|
|poke|p2|Enamorus, F|
|poke|p2|Ursaluna, M|
|teampreview
|inactive|Battle timer is ON: inactive players will automatically lose when time's up. (requested by xrr rewriting)
|l|☆xrr rewriting
|inactive|xrr rewriting disconnected and has a minute to reconnect!
|player|p1|
|
|t:|1759041902
|teamsize|p1|6
|teamsize|p2|6
|start
|switch|p1a: Kyurem|Kyurem|100/100
|switch|p2a: Enamorus|Enamorus, F|100/100
|-ability|p1a: Kyurem|Pressure
|turn|1
|j|☆xrr rewriting
|inactive|xrr rewriting reconnected and has 140 seconds left.
|player|p1|xrr rewriting|265|
|
|t:|1759041922
|switch|p1a: Hatterene|Hatterene, F|100/100
|move|p2a: Enamorus|Moonblast|p1a: Hatterene
|-damage|p1a: Hatterene|67/100
|
|upkeep
|turn|2
|
|t:|1759041947
|switch|p2a: Ursaluna|Ursaluna, M|100/100
|move|p1a: Hatterene|Nuzzle|p2a: Ursaluna
|-immune|p2a: Ursaluna
|
|-status|p2a: Ursaluna|brn|[from] item: Flame Orb
|upkeep
|turn|3
|
|t:|1759041955
|move|p2a: Ursaluna|Trailblaze|p1a: Hatterene
|-damage|p1a: Hatterene|39/100
|-boost|p2a: Ursaluna|spe|1
|move|p1a: Hatterene|Draining Kiss|p2a: Ursaluna
|-damage|p2a: Ursaluna|74/100 brn
|-heal|p1a: Hatterene|64/100|[from] drain|[of] p2a: Ursaluna
|
|-damage|p2a: Ursaluna|68/100 brn|[from] brn
|upkeep
|turn|4
|
|t:|1759041970
|move|p2a: Ursaluna|Trailblaze|p1a: Hatterene
|-damage|p1a: Hatterene|35/100
|-boost|p2a: Ursaluna|spe|1
|move|p1a: Hatterene|Draining Kiss|p2a: Ursaluna
|-crit|p2a: Ursaluna
|-damage|p2a: Ursaluna|30/100 brn
|-heal|p1a: Hatterene|71/100|[from] drain|[of] p2a: Ursaluna
|
|-damage|p2a: Ursaluna|24/100 brn|[from] brn
|upkeep
|turn|5
|
|t:|1759041980
|switch|p1a: Ceruledge|Ceruledge, F|100/100
|move|p2a: Ursaluna|Facade|p1a: Ceruledge
|-immune|p1a: Ceruledge
|
|-damage|p2a: Ursaluna|17/100 brn|[from] brn
|upkeep
|turn|6
|
|t:|1759041987
|move|p2a: Ursaluna|Headlong Rush|p1a: Ceruledge
|-supereffective|p1a: Ceruledge
|-enditem|p1a: Ceruledge|Focus Sash
|-damage|p1a: Ceruledge|1/100
|-unboost|p2a: Ursaluna|def|1
|-unboost|p2a: Ursaluna|spd|1
|-ability|p1a: Ceruledge|Weak Armor|boost
|-unboost|p1a: Ceruledge|def|1
|-boost|p1a: Ceruledge|spe|2
|move|p1a: Ceruledge|Swords Dance|p1a: Ceruledge
|-boost|p1a: Ceruledge|atk|2
|
|-damage|p2a: Ursaluna|11/100 brn|[from] brn
|upkeep
|turn|7
|
|t:|1759041999
|move|p1a: Ceruledge|Bitter Blade|p2a: Ursaluna
|-damage|p2a: Ursaluna|0 fnt
|-heal|p1a: Ceruledge|8/100|[from] drain|[of] p2a: Ursaluna
|faint|p2a: Ursaluna
|
|upkeep
|
|t:|1759042005
|switch|p2a: Great Tusk|Great Tusk|100/100
|turn|8
|
|t:|1759042008
|move|p1a: Ceruledge|Bitter Blade|p2a: Great Tusk
|-damage|p2a: Great Tusk|60/100
|-heal|p1a: Ceruledge|38/100|[from] drain|[of] p2a: Great Tusk
|move|p2a: Great Tusk|Knock Off|p1a: Ceruledge
|-supereffective|p1a: Ceruledge
|-damage|p1a: Ceruledge|0 fnt
|faint|p1a: Ceruledge
|
|-heal|p2a: Great Tusk|67/100|[from] item: Leftovers
|upkeep
|
|t:|1759042020
|switch|p1a: Hatterene|Hatterene, F|71/100
|turn|9
|
|t:|1759042027
|-end|p2a: Great Tusk|Protosynthesis|[silent]
|switch|p2a: Gholdengo|Gholdengo|100/100
|move|p1a: Hatterene|Draining Kiss|p2a: Gholdengo
|-resisted|p2a: Gholdengo
|-damage|p2a: Gholdengo|87/100
|-heal|p1a: Hatterene|81/100|[from] drain|[of] p2a: Gholdengo
|
|-heal|p2a: Gholdengo|93/100|[from] item: Leftovers
|upkeep
|turn|10
|
|t:|1759042037
|switch|p1a: Ting-Lu|Ting-Lu|100/100
|-ability|p1a: Ting-Lu|Vessel of Ruin
|move|p2a: Gholdengo|Nasty Plot|p2a: Gholdengo
|-boost|p2a: Gholdengo|spa|2
|
|-heal|p2a: Gholdengo|99/100|[from] item: Leftovers
|upkeep
|turn|11
|
|t:|1759042054
|switch|p2a: Araquanid|Araquanid, M|100/100
|move|p1a: Ting-Lu|Ruination|p2a: Araquanid
|-damage|p2a: Araquanid|50/100
|
|upkeep
|turn|12
|
|t:|1759042063
|switch|p1a: Hatterene|Hatterene, F|81/100
|move|p2a: Araquanid|Surf|p1a: Hatterene
|-crit|p1a: Hatterene
|-damage|p1a: Hatterene|30/100
|
|upkeep
|turn|13
|
|t:|1759042074
|move|p2a: Araquanid|Surf|p1a: Hatterene
|-damage|p1a: Hatterene|0 fnt
|faint|p1a: Hatterene
|
|upkeep
|
|t:|1759042077
|switch|p1a: Kyurem|Kyurem|100/100
|-ability|p1a: Kyurem|Pressure
|turn|14
|
|t:|1759042082
|move|p2a: Araquanid|Endure|p2a: Araquanid
|-singleturn|p2a: Araquanid|move: Endure
|move|p1a: Kyurem|Dragon Dance|p1a: Kyurem
|-boost|p1a: Kyurem|atk|1
|-boost|p1a: Kyurem|spe|1
|
|upkeep
|turn|15
|
|t:|1759042087
|move|p1a: Kyurem|Dragon Dance|p1a: Kyurem
|-boost|p1a: Kyurem|atk|1
|-boost|p1a: Kyurem|spe|1
|move|p2a: Araquanid|Sticky Web|p1a: Kyurem
|-sidestart|p1: xrr rewriting|move: Sticky Web
|
|upkeep
|turn|16
|l|☆xrr rewriting
|inactive|xrr rewriting disconnected and has a minute to reconnect!
|player|p1|
|j|☆xrr rewriting
|inactive|xrr rewriting reconnected and has 140 seconds left.
|player|p1|xrr rewriting|265|
|
|t:|1759042100
|move|p2a: Araquanid|Endure|p2a: Araquanid
|-singleturn|p2a: Araquanid|move: Endure
|move|p1a: Kyurem|Dragon Dance|p1a: Kyurem
|-boost|p1a: Kyurem|atk|1
|-boost|p1a: Kyurem|spe|1
|
|upkeep
|turn|17
|
|t:|1759042107
|move|p1a: Kyurem|Icicle Spear|p2a: Araquanid
|-resisted|p2a: Araquanid
|-damage|p2a: Araquanid|33/100
|-resisted|p2a: Araquanid
|-damage|p2a: Araquanid|16/100
|-resisted|p2a: Araquanid
|-damage|p2a: Araquanid|0 fnt
|faint|p2a: Araquanid
|-hitcount|p2: Araquanid|3
|
|upkeep
|
|t:|1759042124
|switch|p2a: Gholdengo|Gholdengo|99/100
|turn|18
|
|t:|1759042154
|-terastallize|p1a: Kyurem|Fire
|move|p1a: Kyurem|Tera Blast|p2a: Gholdengo|[anim] Tera Blast Fire
|-supereffective|p2a: Gholdengo
|-damage|p2a: Gholdengo|0 fnt
|faint|p2a: Gholdengo
|
|upkeep
|
|t:|1759042162
|switch|p2a: Great Tusk|Great Tusk|67/100
|turn|19
|
|t:|1759042166
|-terastallize|p2a: Great Tusk|Water
|move|p1a: Kyurem|Icicle Spear|p2a: Great Tusk
|-resisted|p2a: Great Tusk
|-damage|p2a: Great Tusk|59/100
|-resisted|p2a: Great Tusk
|-damage|p2a: Great Tusk|50/100
|-resisted|p2a: Great Tusk
|-damage|p2a: Great Tusk|43/100
|-resisted|p2a: Great Tusk
|-crit|p2a: Great Tusk
|-damage|p2a: Great Tusk|32/100
|-hitcount|p2a: Great Tusk|4
|move|p2a: Great Tusk|Headlong Rush|p1a: Kyurem
|-supereffective|p1a: Kyurem
|-damage|p1a: Kyurem|0 fnt
|-unboost|p2a: Great Tusk|def|1
|-unboost|p2a: Great Tusk|spd|1
|faint|p1a: Kyurem
|
|-heal|p2a: Great Tusk|39/100|[from] item: Leftovers
|upkeep
|
|t:|1759042174
|switch|p1a: Great Tusk|Great Tusk|100/100
|turn|20
|
|t:|1759042185
|-end|p2a: Great Tusk|Protosynthesis|[silent]
|switch|p2a: Ceruledge|Ceruledge, M|100/100
|move|p1a: Great Tusk|Rapid Spin|p2a: Ceruledge
|-immune|p2a: Ceruledge
|
|upkeep
|turn|21
|
|t:|1759042191
|move|p1a: Great Tusk|Headlong Rush|p2a: Ceruledge
|-supereffective|p2a: Ceruledge
|-enditem|p2a: Ceruledge|Focus Sash
|-damage|p2a: Ceruledge|1/100
|-unboost|p1a: Great Tusk|def|1
|-unboost|p1a: Great Tusk|spd|1
|-ability|p2a: Ceruledge|Weak Armor|boost
|-unboost|p2a: Ceruledge|def|1
|-boost|p2a: Ceruledge|spe|2
|move|p2a: Ceruledge|Swords Dance|p2a: Ceruledge
|-boost|p2a: Ceruledge|atk|2
|
|upkeep
|turn|22
|
|t:|1759042203
|move|p2a: Ceruledge|Poltergeist|p1a: Great Tusk|[miss]
|-miss|p2a: Ceruledge|p1a: Great Tusk
|move|p1a: Great Tusk|Headlong Rush|p2a: Ceruledge
|-supereffective|p2a: Ceruledge
|-damage|p2a: Ceruledge|0 fnt
|-unboost|p1a: Great Tusk|def|1
|-unboost|p1a: Great Tusk|spd|1
|faint|p2a: Ceruledge
|
|upkeep
|c|☆123ebolaman|fck
|
|t:|1759042218
|switch|p2a: Enamorus|Enamorus, F|100/100
|turn|23
|
|t:|1759042231
|-end|p1a: Great Tusk|Protosynthesis|[silent]
|switch|p1a: Ting-Lu|Ting-Lu|100/100
|-activate|p1a: Ting-Lu|move: Sticky Web
|-unboost|p1a: Ting-Lu|spe|1
|-ability|p1a: Ting-Lu|Vessel of Ruin
|move|p2a: Enamorus|Moonblast|p1a: Ting-Lu
|-supereffective|p1a: Ting-Lu
|-damage|p1a: Ting-Lu|53/100
|
|-heal|p1a: Ting-Lu|60/100|[from] item: Leftovers
|upkeep
|turn|24
|
|t:|1759042242
|switch|p2a: Great Tusk|Great Tusk, tera:Water|39/100
|move|p1a: Ting-Lu|Ruination|p2a: Great Tusk
|-damage|p2a: Great Tusk|20/100
|
|-heal|p2a: Great Tusk|26/100|[from] item: Leftovers
|-heal|p1a: Ting-Lu|66/100|[from] item: Leftovers
|upkeep
|turn|25
|
|t:|1759042253
|switch|p1a: Great Tusk|Great Tusk|100/100
|move|p2a: Great Tusk|Ice Spinner|p1a: Great Tusk
|-supereffective|p1a: Great Tusk
|-damage|p1a: Great Tusk|67/100
|
|-heal|p2a: Great Tusk|32/100|[from] item: Leftovers
|upkeep
|turn|26
|
|t:|1759042261
|-end|p2a: Great Tusk|Protosynthesis|[silent]
|switch|p2a: Enamorus|Enamorus, F|100/100
|move|p1a: Great Tusk|Rapid Spin|p2a: Enamorus
|-damage|p2a: Enamorus|70/100
|-boost|p1a: Great Tusk|spe|1
|-sideend|p1: xrr rewriting|Sticky Web|[from] move: Rapid Spin|[of] p1a: Great Tusk
|
|upkeep
|turn|27
|
|t:|1759042268
|move|p2a: Enamorus|Moonblast|p1a: Great Tusk
|-supereffective|p1a: Great Tusk
|-damage|p1a: Great Tusk|0 fnt
|faint|p1a: Great Tusk
|-end|p1a: Great Tusk|Protosynthesis|[silent]
|
|upkeep
|
|t:|1759042273
|switch|p1a: Dragonite|Dragonite, M|100/100
|turn|28
|
|t:|1759042278
|switch|p2a: Great Tusk|Great Tusk, tera:Water|32/100
|move|p1a: Dragonite|Extreme Speed|p2a: Great Tusk
|-damage|p2a: Great Tusk|12/100
|
|-heal|p2a: Great Tusk|18/100|[from] item: Leftovers
|upkeep
|turn|29
|
|t:|1759042288
|move|p1a: Dragonite|Extreme Speed|p2a: Great Tusk
|-damage|p2a: Great Tusk|0 fnt
|faint|p2a: Great Tusk
|-end|p2a: Great Tusk|Protosynthesis|[silent]
|
|upkeep
|
|t:|1759042294
|switch|p2a: Enamorus|Enamorus, F|70/100
|turn|30
|
|t:|1759042297
|move|p1a: Dragonite|Extreme Speed|p2a: Enamorus
|-damage|p2a: Enamorus|0 fnt
|-start|p1a: Dragonite|Attract|[from] ability: Cute Charm|[of] p2a: Enamorus
|faint|p2a: Enamorus
|-end|p1a: Dragonite|Attract|[silent]
|
|win|xrr rewriting
|raw|xrr rewriting's rating: 1581 &rarr; <strong>1599</strong><br />(+18 for winning)
|raw|123ebolaman's rating: 1554 &rarr; <strong>1536</strong><br />(-18 for losing)
|l|☆123ebolaman
|player|p2|
