|j|☆sigmaboyplays
|j|☆Zero to still Zero
|t:|1759054182
|gametype|singles
|player|p1|sigmaboyplays|piers|1124
|player|p2|Zero to still Zero|archer|1113
|gen|9
|tier|[Gen 9] OU
|rated|
|rule|HP Percentage Mod: HP is shown in percentages
|rule|Endless Battle Clause: Forcing endless battles is banned
|rule|Species Clause: Limit one of each Pokémon
|rule|OHKO Clause: OHKO moves are banned
|rule|Evasion Items Clause: Evasion items are banned
|rule|Evasion Moves Clause: Evasion moves are banned
|rule|Evasion Abilities Clause: Evasion abilities are banned
|rule|Sleep Moves Clause: Sleep-inducing moves are banned
|clearpoke
|poke|p1|Charizard, M|
|poke|p1|Pelipper, M|
|poke|p1|Electrode-Hisui|
|poke|p1|Galvantula, F|
|poke|p1|Quaquaval, F|
|poke|p1|Raging Bolt|
|poke|p2|Tyranitar, M|
|poke|p2|Excadrill, M|
|poke|p2|Landorus-Therian, M|
|poke|p2|Corviknight, M|
|poke|p2|Moltres|
|poke|p2|Dragonite, F|
|teampreview
|
|t:|1759054202
|teamsize|p1|6
|teamsize|p2|6
|start
|switch|p1a: Galvantula|Galvantula, F|100/100
|switch|p2a: Dragonite|Dragonite, F|100/100
|turn|1
|
|t:|1759054207
|move|p1a: Galvantula|Thunder Wave|p2a: Dragonite
|-status|p2a: Dragonite|par
|move|p2a: Dragonite|Dragon Dance|p2a: Dragonite
|-boost|p2a: Dragonite|atk|1
|-boost|p2a: Dragonite|spe|1
|
|upkeep
|turn|2
|
|t:|1759054215
|move|p1a: Galvantula|Thunder|p2a: Dragonite
|-crit|p2a: Dragonite
|-damage|p2a: Dragonite|69/100 par
|move|p2a: Dragonite|Dragon Dance|p2a: Dragonite
|-boost|p2a: Dragonite|atk|1
|-boost|p2a: Dragonite|spe|1
|
|-heal|p2a: Dragonite|76/100 par|[from] item: Leftovers
|upkeep
|turn|3
|
|t:|1759054219
|move|p1a: Galvantula|Sticky Web|p2a: Dragonite
|-sidestart|p2: Zero to still Zero|move: Sticky Web
|move|p2a: Dragonite|Dragon Dance|p2a: Dragonite
|-boost|p2a: Dragonite|atk|1
|-boost|p2a: Dragonite|spe|1
|
|-heal|p2a: Dragonite|82/100 par|[from] item: Leftovers
|upkeep
|turn|4
|
|t:|1759054224
|-terastallize|p2a: Dragonite|Normal
|move|p2a: Dragonite|Extreme Speed|p1a: Galvantula
|-enditem|p1a: Galvantula|Focus Sash
|-damage|p1a: Galvantula|1/100
|move|p1a: Galvantula|Thunder|p2a: Dragonite
|-damage|p2a: Dragonite|41/100 par
|
|-heal|p2a: Dragonite|47/100 par|[from] item: Leftovers
|upkeep
|turn|5
|
|t:|1759054233
|move|p2a: Dragonite|Extreme Speed|p1a: Galvantula
|-damage|p1a: Galvantula|0 fnt
|faint|p1a: Galvantula
|
|-heal|p2a: Dragonite|54/100 par|[from] item: Leftovers
|upkeep
|c|☆Zero to still Zero|No Para :)
|c|☆Zero to still Zero|pls
|
|t:|1759054243
|switch|p1a: Electrode|Electrode-Hisui|100/100
|turn|6
|
|t:|1759054247
|move|p1a: Electrode|Chloroblast|p2a: Dragonite
|-damage|p2a: Dragonite|4/100 par
|-damage|p1a: Electrode|50/100|[from] Recoil
|move|p2a: Dragonite|Ice Spinner|p1a: Electrode
|-supereffective|p1a: Electrode
|-damage|p1a: Electrode|0 fnt
|-damage|p2a: Dragonite|0 fnt|[from] ability: Aftermath|[of] p1a: Electrode
|faint|p1a: Electrode
|faint|p2a: Dragonite
|
|upkeep
|
|t:|1759054263
|switch|p1a: Quaquaval|Quaquaval, F|100/100
|switch|p2a: Corviknight|Corviknight, M|100/100
|-ability|p2a: Corviknight|Pressure
|turn|7
|
|t:|1759054271
|switch|p1a: Pelipper|Pelipper, M|100/100
|-weather|RainDance|[from] ability: Drizzle|[of] p1a: Pelipper
|move|p2a: Corviknight|Brave Bird|p1a: Pelipper
|-damage|p1a: Pelipper|65/100
|-damage|p2a: Corviknight|91/100|[from] Recoil
|
|-weather|RainDance|[upkeep]
|upkeep
|turn|8
|
|t:|1759054278
|move|p2a: Corviknight|Defog|p1a: Pelipper
|-unboost|p1a: Pelipper|evasion|1
|-sideend|p2: Zero to still Zero|Sticky Web|[from] move: Defog|[of] p2a: Corviknight
|move|p1a: Pelipper|Tailwind|p1a: Pelipper
|-sidestart|p1: sigmaboyplays|move: Tailwind
|
|-weather|RainDance|[upkeep]
|upkeep
|turn|9
|
|t:|1759054284
|move|p1a: Pelipper|U-turn|p2a: Corviknight
|-resisted|p2a: Corviknight
|-damage|p2a: Corviknight|90/100
|
|t:|1759054294
|switch|p1a: Charizard|Charizard, M|100/100|[from] U-turn
|move|p2a: Corviknight|U-turn|p1a: Charizard
|-resisted|p1a: Charizard
|-damage|p1a: Charizard|95/100
|c|☆Zero to still Zero|weather ball
|
|t:|1759054323
|switch|p2a: Tyranitar|Tyranitar, M|100/100|[from] U-turn
|-weather|Sandstorm|[from] ability: Sand Stream|[of] p2a: Tyranitar
|
|-weather|Sandstorm|[upkeep]
|-damage|p1a: Charizard|89/100|[from] Sandstorm
|upkeep
|turn|10
|c|☆sigmaboyplays|Weather ball?
|c|☆Zero to still Zero|fuck weather ball water
|
|t:|1759054341
|move|p1a: Charizard|Solar Beam||[still]
|-prepare|p1a: Charizard|Solar Beam
|-enditem|p1a: Charizard|Power Herb
|-anim|p1a: Charizard|Solar Beam|p2a: Tyranitar
|-supereffective|p2a: Tyranitar
|-damage|p2a: Tyranitar|84/100
|move|p2a: Tyranitar|Knock Off|p1a: Charizard
|-damage|p1a: Charizard|42/100
|
|-weather|Sandstorm|[upkeep]
|-damage|p1a: Charizard|36/100|[from] Sandstorm
|upkeep
|turn|11
|c|☆Zero to still Zero|why else use charazard
|
|t:|1759054358
|switch|p1a: Pelipper|Pelipper, M|65/100
|-weather|RainDance|[from] ability: Drizzle|[of] p1a: Pelipper
|move|p2a: Tyranitar|Body Press|p1a: Pelipper
|-resisted|p1a: Pelipper
|-damage|p1a: Pelipper|54/100
|
|-weather|RainDance|[upkeep]
|-sideend|p1: sigmaboyplays|move: Tailwind
|upkeep
|turn|12
|
|t:|1759054372
|switch|p2a: Landorus|Landorus-Therian, M|100/100
|-ability|p2a: Landorus|Intimidate|boost
|-unboost|p1a: Pelipper|atk|1
|move|p1a: Pelipper|Tailwind|p1a: Pelipper
|-sidestart|p1: sigmaboyplays|move: Tailwind
|
|-weather|RainDance|[upkeep]
|upkeep
|turn|13
|
|t:|1759054377
|switch|p2a: Tyranitar|Tyranitar, M|84/100
|-weather|Sandstorm|[from] ability: Sand Stream|[of] p2a: Tyranitar
|move|p1a: Pelipper|Weather Ball|p2a: Tyranitar
|-damage|p2a: Tyranitar|69/100
|
|-weather|Sandstorm|[upkeep]
|-damage|p1a: Pelipper|48/100|[from] Sandstorm
|upkeep
|turn|14
|
|t:|1759054384
|move|p1a: Pelipper|U-turn|p2a: Tyranitar
|-supereffective|p2a: Tyranitar
|-damage|p2a: Tyranitar|60/100
|
|t:|1759054389
|switch|p1a: Quaquaval|Quaquaval, F|100/100|[from] U-turn
|move|p2a: Tyranitar|Knock Off|p1a: Quaquaval
|-resisted|p1a: Quaquaval
|-damage|p1a: Quaquaval|71/100
|-enditem|p1a: Quaquaval|Heavy-Duty Boots|[from] move: Knock Off|[of] p2a: Tyranitar
|
|-weather|Sandstorm|[upkeep]
|-damage|p1a: Quaquaval|64/100|[from] Sandstorm
|upkeep
|turn|15
|
|t:|1759054398
|switch|p2a: Landorus|Landorus-Therian, M|100/100
|-ability|p2a: Landorus|Intimidate|boost
|-unboost|p1a: Quaquaval|atk|1
|move|p1a: Quaquaval|Aqua Step|p2a: Landorus
|-supereffective|p2a: Landorus
|-damage|p2a: Landorus|36/100
|-boost|p1a: Quaquaval|spe|1
|
|-weather|Sandstorm|[upkeep]
|-damage|p1a: Quaquaval|58/100|[from] Sandstorm
|-sideend|p1: sigmaboyplays|move: Tailwind
|upkeep
|turn|16
|
|t:|1759054414
|switch|p2a: Excadrill|Excadrill, M|100/100
|move|p1a: Quaquaval|Aqua Step|p2a: Excadrill
|-supereffective|p2a: Excadrill
|-damage|p2a: Excadrill|24/100
|-boost|p1a: Quaquaval|spe|1
|
|-weather|Sandstorm|[upkeep]
|-damage|p1a: Quaquaval|52/100|[from] Sandstorm
|upkeep
|turn|17
|
|t:|1759054425
|move|p1a: Quaquaval|Aqua Step|p2a: Excadrill
|-supereffective|p2a: Excadrill
|-damage|p2a: Excadrill|0 fnt
|-boost|p1a: Quaquaval|spe|1
|faint|p2a: Excadrill
|-ability|p1a: Quaquaval|Moxie|boost
|-boost|p1a: Quaquaval|atk|1
|
|-weather|Sandstorm|[upkeep]
|-damage|p1a: Quaquaval|46/100|[from] Sandstorm
|upkeep
|
|t:|1759054433
|switch|p2a: Corviknight|Corviknight, M|90/100
|-ability|p2a: Corviknight|Pressure
|turn|18
|
|t:|1759054451
|switch|p1a: Pelipper|Pelipper, M|48/100
|-weather|RainDance|[from] ability: Drizzle|[of] p1a: Pelipper
|move|p2a: Corviknight|Brave Bird|p1a: Pelipper
|-damage|p1a: Pelipper|11/100
|-damage|p2a: Corviknight|80/100|[from] Recoil
|
|-weather|RainDance|[upkeep]
|upkeep
|turn|19
|
|t:|1759054458
|switch|p2a: Tyranitar|Tyranitar, M|60/100
|-weather|Sandstorm|[from] ability: Sand Stream|[of] p2a: Tyranitar
|move|p1a: Pelipper|Tailwind|p1a: Pelipper
|-sidestart|p1: sigmaboyplays|move: Tailwind
|
|-weather|Sandstorm|[upkeep]
|-damage|p1a: Pelipper|5/100|[from] Sandstorm
|upkeep
|turn|20
|
|t:|1759054464
|switch|p1a: Raging Bolt|Raging Bolt|100/100
|-enditem|p1a: Raging Bolt|Booster Energy
|-activate|p1a: Raging Bolt|ability: Protosynthesis|[fromitem]
|-start|p1a: Raging Bolt|protosynthesisspa
|move|p2a: Tyranitar|Body Press|p1a: Raging Bolt
|-damage|p1a: Raging Bolt|85/100
|
|-weather|Sandstorm|[upkeep]
|-damage|p1a: Raging Bolt|79/100|[from] Sandstorm
|upkeep
|turn|21
|
|t:|1759054479
|move|p1a: Raging Bolt|Draco Meteor|p2a: Tyranitar
|-damage|p2a: Tyranitar|14/100
|-unboost|p1a: Raging Bolt|spa|2
|move|p2a: Tyranitar|Earthquake|p1a: Raging Bolt
|-supereffective|p1a: Raging Bolt
|-damage|p1a: Raging Bolt|22/100
|
|-weather|Sandstorm|[upkeep]
|-damage|p1a: Raging Bolt|15/100|[from] Sandstorm
|upkeep
|turn|22
|
|t:|1759054498
|switch|p2a: Corviknight|Corviknight, M|80/100
|-ability|p2a: Corviknight|Pressure
|move|p1a: Raging Bolt|Thunder|p2a: Corviknight
|-supereffective|p2a: Corviknight
|-damage|p2a: Corviknight|0 fnt
|faint|p2a: Corviknight
|
|-weather|Sandstorm|[upkeep]
|-damage|p1a: Raging Bolt|9/100|[from] Sandstorm
|-sideend|p1: sigmaboyplays|move: Tailwind
|upkeep
|
|t:|1759054501
|switch|p2a: Landorus|Landorus-Therian, M|36/100
|-ability|p2a: Landorus|Intimidate|boost
|-unboost|p1a: Raging Bolt|atk|1
|turn|23
|c|☆sigmaboyplays|Easy predict bro
|
|t:|1759054520
|-end|p1a: Raging Bolt|Protosynthesis|[silent]
|switch|p1a: Pelipper|Pelipper, M|5/100
|-weather|RainDance|[from] ability: Drizzle|[of] p1a: Pelipper
|move|p2a: Landorus|Earthquake|p1a: Pelipper
|-immune|p1a: Pelipper
|
|-weather|RainDance|[upkeep]
|upkeep
|turn|24
|c|☆Zero to still Zero|so?
|c|☆Zero to still Zero|your a better player than mer=
|c|☆Zero to still Zero|me*
|
|t:|1759054543
|switch|p1a: Raging Bolt|Raging Bolt|9/100
|move|p2a: Landorus|Stone Edge|p1a: Raging Bolt|[miss]
|-miss|p2a: Landorus|p1a: Raging Bolt
|
|-weather|RainDance|[upkeep]
|upkeep
|turn|25
|c|☆Zero to still Zero|doesn't mean I lose
|
|t:|1759054558
|move|p2a: Landorus|Stone Edge|p1a: Raging Bolt|[miss]
|-miss|p2a: Landorus|p1a: Raging Bolt
|move|p1a: Raging Bolt|Draco Meteor|p2a: Landorus
|-damage|p2a: Landorus|0 fnt
|-unboost|p1a: Raging Bolt|spa|2
|faint|p2a: Landorus
|
|-weather|RainDance|[upkeep]
|upkeep
|c|☆Zero to still Zero|double miss does though
|
|t:|1759054570
|switch|p2a: Tyranitar|Tyranitar, M|14/100
|-weather|Sandstorm|[from] ability: Sand Stream|[of] p2a: Tyranitar
|turn|26
|c|☆sigmaboyplays|Dt! Stone edge
|c|☆sigmaboyplays|!dt stone edge
|raw|<ul class="utilichart"><li class="result"><span class="col movenamecol"><a href="https://dex.pokemonshowdown.com/moves/stoneedge">Stone Edge</a></span> <span class="col typecol"><img src="//play.pokemonshowdown.com/sprites/types/Rock.png" alt="Rock" width="32" height="14"><img src="//play.pokemonshowdown.com/sprites/categories/Physical.png" alt="Physical" width="32" height="14"></span> <span class="col labelcol"><em>Power</em><br>100</span> <span class="col widelabelcol"><em>Accuracy</em><br>80%</span> <span class="col pplabelcol"><em>PP</em><br>8</span> <span class="col movedesccol">High critical hit ratio.</span> </li><li style="clear:both"></li></ul>
|raw|<font size="1"><font color="#686868">Priority:</font> 0&nbsp;|&ThickSpace;<font color="#686868">Gen:</font> 4&nbsp;|&ThickSpace;<font color="#686868">Z-Power:</font> 180&nbsp;|&ThickSpace;<font color="#686868">Target:</font> One Adjacent Pokémon</font>

|c|☆sigmaboyplays|Well
|c|☆sigmaboyplays|80 acc
|
|t:|1759054598
|switch|p2a: Moltres|Moltres|100/100
|move|p1a: Raging Bolt|Thunderclap||[still]
|-fail|p1a: Raging Bolt
|
|-weather|Sandstorm|[upkeep]
|-damage|p2a: Moltres|94/100|[from] Sandstorm
|-damage|p1a: Raging Bolt|3/100|[from] Sandstorm
|upkeep
|turn|27
|
|t:|1759054607
|move|p1a: Raging Bolt|Thunderclap||[still]
|-fail|p1a: Raging Bolt
|move|p2a: Moltres|Will-O-Wisp|p1a: Raging Bolt
|-status|p1a: Raging Bolt|brn
|
|-weather|Sandstorm|[upkeep]
|-damage|p2a: Moltres|88/100|[from] Sandstorm
|-damage|p1a: Raging Bolt|0 fnt|[from] Sandstorm
|faint|p1a: Raging Bolt
|-end|p1a: Raging Bolt|Protosynthesis|[silent]
|upkeep
|c|☆Zero to still Zero|bro
|
|t:|1759054613
|switch|p1a: Quaquaval|Quaquaval, F|46/100
|turn|28
|
|t:|1759054617
|-terastallize|p1a: Quaquaval|Water
|move|p1a: Quaquaval|Aqua Step|p2a: Moltres
|-supereffective|p2a: Moltres
|-damage|p2a: Moltres|4/100
|-boost|p1a: Quaquaval|spe|1
|move|p2a: Moltres|Overheat|p1a: Quaquaval
|-resisted|p1a: Quaquaval
|-damage|p1a: Quaquaval|3/100
|-unboost|p2a: Moltres|spa|2
|
|-weather|Sandstorm|[upkeep]
|-damage|p1a: Quaquaval|0 fnt|[from] Sandstorm
|-damage|p2a: Moltres|0 fnt|[from] Sandstorm
|faint|p1a: Quaquaval
|faint|p2a: Moltres
|upkeep
|c|☆Zero to still Zero|if either of those stone edges hit
|c|☆Zero to still Zero|i would have won :(
|c|☆sigmaboyplays|Moltres in sandstorm ?
|c|☆Zero to still Zero|yea
|
|t:|1759054661
|switch|p1a: Charizard|Charizard, M|36/100
|switch|p2a: Tyranitar|Tyranitar, M|14/100
|turn|29
|c|☆sigmaboyplays|Lando wouldnt win zard
|
|t:|1759054683
|switch|p1a: Pelipper|Pelipper, M|5/100
|-weather|RainDance|[from] ability: Drizzle|[of] p1a: Pelipper
|move|p2a: Tyranitar|Body Press|p1a: Pelipper
|-resisted|p1a: Pelipper
|-damage|p1a: Pelipper|0 fnt
|faint|p1a: Pelipper
|
|-weather|RainDance|[upkeep]
|upkeep
|
|t:|1759054693
|switch|p1a: Charizard|Charizard, M|36/100
|turn|30
|c|☆sigmaboyplays|Well, you were right
|c|☆sigmaboyplays|Weather ball
|
|t:|1759054709
|move|p1a: Charizard|Weather Ball|p2a: Tyranitar
|-supereffective|p2a: Tyranitar
|-damage|p2a: Tyranitar|0 fnt
|faint|p2a: Tyranitar
|
|win|sigmaboyplays
|raw|sigmaboyplays's rating: 1124 &rarr; <strong>1148</strong><br />(+24 for winning)
|raw|Zero to still Zero's rating: 1113 &rarr; <strong>1089</strong><br />(-24 for losing)
|c|☆Zero to still Zero|gg
|c|☆Zero to still Zero|:(
|c|☆sigmaboyplays|Gg
|c|☆Zero to still Zero|you gonna leave?
|c|☆sigmaboyplays|Ask the same
|c|☆Zero to still Zero|when you do
|c|☆sigmaboyplays|Deal
|c|☆sigmaboyplays|How do my electrode was faster than you dragonite anyways?
|c|☆Zero to still Zero|No idea
