|j|☆otbobby999
|j|☆ViaVeritas
|t:|1758917296
|gametype|singles
|player|p1|otbobby999|fisherman-gen4|1169
|player|p2|ViaVeritas|giovanni|1229
|gen|9
|tier|[Gen 9] OU
|rated|
|rule|HP Percentage Mod: HP is shown in percentages
|rule|Endless Battle Clause: Forcing endless battles is banned
|rule|Species Clause: Limit one of each Pokémon
|rule|OHKO Clause: OHKO moves are banned
|rule|Evasion Items Clause: Evasion items are banned
|rule|Evasion Moves Clause: Evasion moves are banned
|rule|Evasion Abilities Clause: Evasion abilities are banned
|rule|Sleep Moves Clause: Sleep-inducing moves are banned
|clearpoke
|poke|p1|Dragonite, F|
|poke|p1|Alomomola, F|
|poke|p1|Snorlax, F|
|poke|p1|Iron Moth|
|poke|p1|Iron Valiant|
|poke|p1|Mandibuzz, F|
|poke|p2|Chandelure, M|
|poke|p2|Grimmsnarl, M|
|poke|p2|Dragonite, F|
|poke|p2|Iron Valiant|
|poke|p2|Slowking-Galar, M|
|poke|p2|Corviknight, M|
|teampreview
|inactive|Battle timer is ON: inactive players will automatically lose when time's up. (requested by otbobby999)
|
|t:|1758917325
|teamsize|p1|6
|teamsize|p2|6
|start
|switch|p1a: Mandibuzz|Mandibuzz, F|100/100
|switch|p2a: Slowking|Slowking-Galar, M|100/100
|turn|1
|
|t:|1758917332
|move|p1a: Mandibuzz|Knock Off|p2a: Slowking
|-supereffective|p2a: Slowking
|-damage|p2a: Slowking|53/100
|-enditem|p2a: Slowking|Assault Vest|[from] move: Knock Off|[of] p1a: Mandibuzz
|move|p2a: Slowking|Sludge Bomb|p1a: Mandibuzz
|-damage|p1a: Mandibuzz|72/100
|
|upkeep
|turn|2
|
|t:|1758917342
|switch|p2a: Grimmsnarl|Grimmsnarl, M, shiny|100/100
|move|p1a: Mandibuzz|Knock Off|p2a: Grimmsnarl
|-resisted|p2a: Grimmsnarl
|-damage|p2a: Grimmsnarl|93/100
|-enditem|p2a: Grimmsnarl|Light Clay|[from] move: Knock Off|[of] p1a: Mandibuzz
|
|upkeep
|turn|3
|
|t:|1758917359
|switch|p1a: Snorlax|Snorlax, F|100/100
|move|p2a: Grimmsnarl|Thunder Wave|p1a: Snorlax
|-status|p1a: Snorlax|par
|
|upkeep
|turn|4
|
|t:|1758917365
|move|p2a: Grimmsnarl|Reflect|p2a: Grimmsnarl
|-sidestart|p2: ViaVeritas|Reflect
|move|p1a: Snorlax|Curse|p1a: Snorlax
|-unboost|p1a: Snorlax|spe|1
|-boost|p1a: Snorlax|atk|1
|-boost|p1a: Snorlax|def|1
|
|upkeep
|turn|5
|
|t:|1758917371
|move|p2a: Grimmsnarl|Parting Shot|p1a: Snorlax
|-unboost|p1a: Snorlax|atk|1
|-unboost|p1a: Snorlax|spa|1
|
|t:|1758917383
|switch|p2a: Slowking|Slowking-Galar, M|86/100|[from] Parting Shot
|move|p1a: Snorlax|Curse|p1a: Snorlax
|-unboost|p1a: Snorlax|spe|1
|-boost|p1a: Snorlax|atk|1
|-boost|p1a: Snorlax|def|1
|
|upkeep
|turn|6
|
|t:|1758917392
|move|p2a: Slowking|Sludge Bomb|p1a: Snorlax
|-damage|p1a: Snorlax|85/100 par
|move|p1a: Snorlax|Body Slam|p2a: Slowking
|-damage|p2a: Slowking|62/100
|
|-heal|p1a: Snorlax|92/100 par|[from] item: Leftovers
|upkeep
|turn|7
|
|t:|1758917402
|switch|p2a: Chandelure|Chandelure, M, shiny|100/100
|move|p1a: Snorlax|Curse|p1a: Snorlax
|-unboost|p1a: Snorlax|spe|1
|-boost|p1a: Snorlax|atk|1
|-boost|p1a: Snorlax|def|1
|
|-heal|p1a: Snorlax|98/100 par|[from] item: Leftovers
|upkeep
|turn|8
|
|t:|1758917413
|move|p2a: Chandelure|Fire Blast|p1a: Snorlax
|-damage|p1a: Snorlax|85/100 par
|move|p1a: Snorlax|Heat Crash|p2a: Chandelure
|-start|p2a: Chandelure|ability: Flash Fire
|
|-heal|p1a: Snorlax|91/100 par|[from] item: Leftovers
|-sideend|p2: ViaVeritas|Reflect
|upkeep
|turn|9
|
|t:|1758917423
|switch|p1a: Alomomola|Alomomola, F|100/100
|move|p2a: Chandelure|Fire Blast|p1a: Alomomola
|-resisted|p1a: Alomomola
|-damage|p1a: Alomomola|47/100
|
|-heal|p1a: Alomomola|53/100|[from] item: Leftovers
|upkeep
|turn|10
|
|t:|1758917432
|move|p2a: Chandelure|Fire Blast|p1a: Alomomola
|-resisted|p1a: Alomomola
|-damage|p1a: Alomomola|1/100
|move|p1a: Alomomola|Flip Turn|p2a: Chandelure
|-supereffective|p2a: Chandelure
|-damage|p2a: Chandelure|54/100
|
|t:|1758917455
|switch|p1a: Mandibuzz|Mandibuzz, F|72/100|[from] Flip Turn
|
|upkeep
|turn|11
|
|t:|1758917461
|move|p2a: Chandelure|Fire Blast|p1a: Mandibuzz
|-damage|p1a: Mandibuzz|0 fnt
|faint|p1a: Mandibuzz
|
|upkeep
|
|t:|1758917468
|switch|p1a: Alomomola|Alomomola, F|34/100
|turn|12
|
|t:|1758917472
|switch|p1a: Snorlax|Snorlax, F|91/100 par
|move|p2a: Chandelure|Fire Blast|p1a: Snorlax
|-damage|p1a: Snorlax|72/100 par
|
|-heal|p1a: Snorlax|78/100 par|[from] item: Leftovers
|upkeep
|turn|13
|
|t:|1758917481
|-end|p2a: Chandelure|ability: Flash Fire|[silent]
|switch|p2a: Dragonite|Dragonite, F|100/100
|switch|p1a: Alomomola|Alomomola, F|68/100
|
|-heal|p1a: Alomomola|74/100|[from] item: Leftovers
|upkeep
|turn|14
|
|t:|1758917493
|move|p2a: Dragonite|Dragon Dance|p2a: Dragonite
|-boost|p2a: Dragonite|atk|1
|-boost|p2a: Dragonite|spe|1
|move|p1a: Alomomola|Flip Turn|p2a: Dragonite
|-resisted|p2a: Dragonite
|-damage|p2a: Dragonite|96/100
|
|t:|1758917508
|switch|p1a: Snorlax|Snorlax, F|78/100 par|[from] Flip Turn
|
|-heal|p1a: Snorlax|84/100 par|[from] item: Leftovers
|upkeep
|turn|15
|
|t:|1758917515
|move|p2a: Dragonite|Dragon Dance|p2a: Dragonite
|-boost|p2a: Dragonite|atk|1
|-boost|p2a: Dragonite|spe|1
|move|p1a: Snorlax|Curse|p1a: Snorlax
|-unboost|p1a: Snorlax|spe|1
|-boost|p1a: Snorlax|atk|1
|-boost|p1a: Snorlax|def|1
|
|-heal|p1a: Snorlax|90/100 par|[from] item: Leftovers
|upkeep
|turn|16
|
|t:|1758917525
|move|p2a: Dragonite|Dragon Dance|p2a: Dragonite
|-boost|p2a: Dragonite|atk|1
|-boost|p2a: Dragonite|spe|1
|move|p1a: Snorlax|Curse|p1a: Snorlax
|-unboost|p1a: Snorlax|spe|1
|-boost|p1a: Snorlax|atk|1
|-boost|p1a: Snorlax|def|1
|
|-heal|p1a: Snorlax|96/100 par|[from] item: Leftovers
|upkeep
|turn|17
|
|t:|1758917538
|move|p2a: Dragonite|Ice Spinner|p1a: Snorlax
|-damage|p1a: Snorlax|79/100 par
|cant|p1a: Snorlax|par
|
|-heal|p1a: Snorlax|85/100 par|[from] item: Leftovers
|upkeep
|turn|18
|
|t:|1758917547
|move|p2a: Dragonite|Earthquake|p1a: Snorlax
|-damage|p1a: Snorlax|42/100 par
|move|p1a: Snorlax|Curse|p1a: Snorlax
|-unboost|p1a: Snorlax|spe|1
|-boost|p1a: Snorlax|atk|1
|-boost|p1a: Snorlax|def|1
|
|-heal|p1a: Snorlax|48/100 par|[from] item: Leftovers
|upkeep
|turn|19
|
|t:|1758917555
|move|p2a: Dragonite|Earthquake|p1a: Snorlax
|-damage|p1a: Snorlax|11/100 par
|move|p1a: Snorlax|Rest|p1a: Snorlax
|-status|p1a: Snorlax|slp|[from] move: Rest
|-heal|p1a: Snorlax|100/100 slp|[silent]
|
|upkeep
|turn|20
|
|t:|1758917568
|switch|p1a: Dragonite|Dragonite, F|100/100
|move|p2a: Dragonite|Dragon Dance|p2a: Dragonite
|-boost|p2a: Dragonite|atk|1
|-boost|p2a: Dragonite|spe|1
|
|upkeep
|turn|21
|
|t:|1758917582
|switch|p1a: Iron Valiant|Iron Valiant|100/100
|-terastallize|p2a: Dragonite|Fairy
|move|p2a: Dragonite|Tera Blast|p1a: Iron Valiant|[anim] Tera Blast Fairy
|-supereffective|p1a: Iron Valiant
|-damage|p1a: Iron Valiant|0 fnt
|faint|p1a: Iron Valiant
|-end|p1a: Iron Valiant|Quark Drive|[silent]
|
|upkeep
|
|t:|1758917591
|switch|p1a: Iron Moth|Iron Moth|100/100
|-enditem|p1a: Iron Moth|Booster Energy
|-activate|p1a: Iron Moth|ability: Quark Drive|[fromitem]
|-start|p1a: Iron Moth|quarkdrivespe
|turn|22
|
|t:|1758917612
|move|p2a: Dragonite|Earthquake|p1a: Iron Moth
|-supereffective|p1a: Iron Moth
|-damage|p1a: Iron Moth|0 fnt
|faint|p1a: Iron Moth
|-end|p1a: Iron Moth|Quark Drive|[silent]
|
|upkeep
|
|t:|1758917617
|switch|p1a: Alomomola|Alomomola, F|100/100
|turn|23
|
|t:|1758917628
|move|p2a: Dragonite|Tera Blast|p1a: Alomomola|[anim] Tera Blast Fairy
|-damage|p1a: Alomomola|32/100
|move|p1a: Alomomola|Wish|p1a: Alomomola
|
|-heal|p1a: Alomomola|38/100|[from] item: Leftovers
|upkeep
|turn|24
|
|t:|1758917635
|move|p1a: Alomomola|Protect|p1a: Alomomola
|-singleturn|p1a: Alomomola|Protect
|move|p2a: Dragonite|Tera Blast|p1a: Alomomola|[anim] Tera Blast Fairy
|-activate|p1a: Alomomola|move: Protect
|
|-heal|p1a: Alomomola|88/100|[from] move: Wish|[wisher] Alomomola
|-heal|p1a: Alomomola|94/100|[from] item: Leftovers
|upkeep
|turn|25
|
|t:|1758917644
|move|p2a: Dragonite|Earthquake|p1a: Alomomola
|-damage|p1a: Alomomola|35/100
|move|p1a: Alomomola|Wish|p1a: Alomomola
|
|-heal|p1a: Alomomola|42/100|[from] item: Leftovers
|upkeep
|turn|26
|
|t:|1758917652
|move|p1a: Alomomola|Protect|p1a: Alomomola
|-singleturn|p1a: Alomomola|Protect
|move|p2a: Dragonite|Dragon Dance|p2a: Dragonite
|-boost|p2a: Dragonite|atk|1
|-boost|p2a: Dragonite|spe|1
|
|-heal|p1a: Alomomola|92/100|[from] move: Wish|[wisher] Alomomola
|-heal|p1a: Alomomola|98/100|[from] item: Leftovers
|upkeep
|turn|27
|
|t:|1758917661
|move|p2a: Dragonite|Tera Blast|p1a: Alomomola|[anim] Tera Blast Fairy
|-damage|p1a: Alomomola|15/100
|move|p1a: Alomomola|Waterfall|p2a: Dragonite
|-damage|p2a: Dragonite|72/100
|
|-heal|p1a: Alomomola|21/100|[from] item: Leftovers
|upkeep
|turn|28
|
|t:|1758917673
|move|p1a: Alomomola|Protect|p1a: Alomomola
|-singleturn|p1a: Alomomola|Protect
|move|p2a: Dragonite|Ice Spinner|p1a: Alomomola
|-activate|p1a: Alomomola|move: Protect
|
|-heal|p1a: Alomomola|27/100|[from] item: Leftovers
|upkeep
|turn|29
|
|t:|1758917681
|move|p2a: Dragonite|Tera Blast|p1a: Alomomola|[anim] Tera Blast Fairy
|-damage|p1a: Alomomola|0 fnt
|faint|p1a: Alomomola
|
|upkeep
|
|t:|1758917693
|switch|p1a: Snorlax|Snorlax, F|100/100 slp
|turn|30
|
|t:|1758917704
|move|p2a: Dragonite|Tera Blast|p1a: Snorlax|[anim] Tera Blast Fairy
|-crit|p1a: Snorlax
|-damage|p1a: Snorlax|0 fnt
|faint|p1a: Snorlax
|
|upkeep
|
|t:|1758917708
|switch|p1a: Dragonite|Dragonite, F|100/100
|turn|31
|
|t:|1758917718
|-terastallize|p1a: Dragonite|Normal
|move|p1a: Dragonite|Extreme Speed|p2a: Dragonite
|-damage|p2a: Dragonite|28/100
|move|p2a: Dragonite|Tera Blast|p1a: Dragonite|[anim] Tera Blast Fairy
|-damage|p1a: Dragonite|15/100
|
|-heal|p1a: Dragonite|21/100|[from] item: Leftovers
|upkeep
|turn|32
|
|t:|1758917729
|switch|p2a: Chandelure|Chandelure, M, shiny|54/100
|move|p1a: Dragonite|Extreme Speed|p2a: Chandelure
|-immune|p2a: Chandelure
|
|-heal|p1a: Dragonite|27/100|[from] item: Leftovers
|upkeep
|turn|33
|
|t:|1758917737
|switch|p2a: Corviknight|Corviknight, M, shiny|100/100
|-ability|p2a: Corviknight|Pressure
|move|p1a: Dragonite|Earthquake|p2a: Corviknight
|-immune|p2a: Corviknight
|
|-heal|p1a: Dragonite|34/100|[from] item: Leftovers
|upkeep
|turn|34
|
|t:|1758917747
|move|p1a: Dragonite|Outrage|p2a: Corviknight
|-resisted|p2a: Corviknight
|-damage|p2a: Corviknight|79/100
|move|p2a: Corviknight|Body Press|p1a: Dragonite
|-supereffective|p1a: Dragonite
|-damage|p1a: Dragonite|0 fnt
|faint|p1a: Dragonite
|
|win|ViaVeritas
|raw|otbobby999's rating: 1169 &rarr; <strong>1148</strong><br />(-21 for losing)
|raw|ViaVeritas's rating: 1229 &rarr; <strong>1250</strong><br />(+21 for winning)
|l|☆otbobby999
|player|p1|
