|badge|p2|silver|gen9ou|30-6
|html|<div class="broadcast-red"><strong>This battle is required to be public due to one or more player having a season medal.</strong><br />During the public phase, you can discuss the state of the ladder <a href="/seasondiscussion">in a special chatroom.</a></div>
|uhtml|medal-msg|<div class="broadcast-blue">Curious what those medals under the avatar are? PS now has Ladder Seasons! For more information, check out the <a href="https://www.smogon.com/forums/threads/3740067/">thread on Smogon.</a></div>
|raw|<div class="broadcast-blue"><strong>This battle is required to be public due to a player having a name starting with 'medal'.</div>
|j|☆jamel1
|j|☆ShinyLucarioXD
|t:|1759072888
|gametype|singles
|player|p1|jamel1|102|1737
|player|p2|ShinyLucarioXD|riley|1970
|gen|9
|tier|[Gen 9] OU
|rated|
|rule|HP Percentage Mod: HP is shown in percentages
|rule|Endless Battle Clause: Forcing endless battles is banned
|rule|Species Clause: Limit one of each Pokémon
|rule|OHKO Clause: OHKO moves are banned
|rule|Evasion Items Clause: Evasion items are banned
|rule|Evasion Moves Clause: Evasion moves are banned
|rule|Evasion Abilities Clause: Evasion abilities are banned
|rule|Sleep Moves Clause: Sleep-inducing moves are banned
|clearpoke
|poke|p1|Gyarados, F|
|poke|p1|Maushold|
|poke|p1|Deoxys-Defense|
|poke|p1|Sandaconda, F|
|poke|p1|Serperior, M|
|poke|p1|Kommo-o, F|
|poke|p2|Raging Bolt|
|poke|p2|Samurott-Hisui, F|
|poke|p2|Dragonite, F|
|poke|p2|Gholdengo|
|poke|p2|Great Tusk|
|poke|p2|Enamorus, F|
|teampreview
|inactive|Battle timer is ON: inactive players will automatically lose when time's up. (requested by ShinyLucarioXD)
|
|t:|1759072899
|teamsize|p1|6
|teamsize|p2|6
|start
|switch|p1a: Sandaconda|Sandaconda, F|100/100
|switch|p2a: Great Tusk|Great Tusk|100/100
|turn|1
|
|t:|1759072903
|move|p1a: Sandaconda|Glare|p2a: Great Tusk
|-status|p2a: Great Tusk|par
|move|p2a: Great Tusk|Knock Off|p1a: Sandaconda
|-damage|p1a: Sandaconda|70/100
|-enditem|p1a: Sandaconda|Focus Sash|[from] move: Knock Off|[of] p2a: Great Tusk
|
|upkeep
|turn|2
|
|t:|1759072906
|move|p1a: Sandaconda|Stealth Rock|p2a: Great Tusk
|-sidestart|p2: ShinyLucarioXD|move: Stealth Rock
|move|p2a: Great Tusk|Rapid Spin|p1a: Sandaconda
|-damage|p1a: Sandaconda|56/100
|-boost|p2a: Great Tusk|spe|1
|-sideend|p2: ShinyLucarioXD|Stealth Rock|[from] move: Rapid Spin|[of] p2a: Great Tusk
|
|upkeep
|turn|3
|
|t:|1759072911
|switch|p1a: Serperior|Serperior, M|100/100
|cant|p2a: Great Tusk|par
|
|upkeep
|turn|4
|j| heatraniac
|
|t:|1759072918
|-end|p2a: Great Tusk|Protosynthesis|[silent]
|switch|p2a: Gholdengo|Gholdengo|100/100
|move|p1a: Serperior|Reflect|p1a: Serperior
|-sidestart|p1: jamel1|Reflect
|
|upkeep
|turn|5
|
|t:|1759072920
|move|p2a: Gholdengo|Make It Rain|p1a: Serperior
|-damage|p1a: Serperior|19/100
|-unboost|p2a: Gholdengo|spa|1
|move|p1a: Serperior|Light Screen|p1a: Serperior
|-sidestart|p1: jamel1|move: Light Screen
|
|upkeep
|turn|6
|
|t:|1759072925
|move|p2a: Gholdengo|Make It Rain|p1a: Serperior
|-damage|p1a: Serperior|0 fnt
|-unboost|p2a: Gholdengo|spa|1
|faint|p1a: Serperior
|
|upkeep
|
|t:|1759072930
|switch|p1a: Kommo-o|Kommo-o, F|100/100
|turn|7
|
|t:|1759072932
|switch|p2a: Enamorus|Enamorus, F|100/100
|move|p1a: Kommo-o|Belly Drum|p1a: Kommo-o
|-damage|p1a: Kommo-o|50/100
|-setboost|p1a: Kommo-o|atk|6|[from] move: Belly Drum
|
|upkeep
|turn|8
|
|t:|1759072936
|-terastallize|p1a: Kommo-o|Steel
|move|p2a: Enamorus|Moonblast|p1a: Kommo-o
|-resisted|p1a: Kommo-o
|-damage|p1a: Kommo-o|38/100
|move|p1a: Kommo-o|Drain Punch|p2a: Enamorus
|-resisted|p2a: Enamorus
|-damage|p2a: Enamorus|45/100
|-heal|p1a: Kommo-o|64/100|[from] drain|[of] p2a: Enamorus
|
|-heal|p2a: Enamorus|51/100|[from] item: Leftovers
|upkeep
|turn|9
|
|t:|1759072947
|move|p2a: Enamorus|Earth Power|p1a: Kommo-o
|-supereffective|p1a: Kommo-o
|-damage|p1a: Kommo-o|29/100
|move|p1a: Kommo-o|Substitute|p1a: Kommo-o
|-start|p1a: Kommo-o|Substitute
|-damage|p1a: Kommo-o|4/100
|-enditem|p1a: Kommo-o|Salac Berry|[eat]
|-boost|p1a: Kommo-o|spe|1|[from] item: Salac Berry
|
|-heal|p2a: Enamorus|58/100|[from] item: Leftovers
|upkeep
|turn|10
|
|t:|1759072953
|move|p1a: Kommo-o|Shadow Claw|p2a: Enamorus
|-damage|p2a: Enamorus|0 fnt
|faint|p2a: Enamorus
|
|upkeep
|j| abdkkgja
|
|t:|1759072976
|switch|p2a: Gholdengo|Gholdengo|100/100
|turn|11
|
|t:|1759072980
|move|p2a: Gholdengo|Make It Rain|p1a: Kommo-o
|-resisted|p1a: Kommo-o
|-activate|p1a: Kommo-o|move: Substitute|[damage]
|-unboost|p2a: Gholdengo|spa|1
|move|p1a: Kommo-o|Shadow Claw|p2a: Gholdengo
|-supereffective|p2a: Gholdengo
|-damage|p2a: Gholdengo|0 fnt
|faint|p2a: Gholdengo
|
|-sideend|p1: jamel1|Reflect
|upkeep
|
|t:|1759072991
|switch|p2a: Raging Bolt|Raging Bolt|100/100
|-enditem|p2a: Raging Bolt|Booster Energy
|-activate|p2a: Raging Bolt|ability: Protosynthesis|[fromitem]
|-start|p2a: Raging Bolt|protosynthesisspa
|turn|12
|
|t:|1759072993
|move|p2a: Raging Bolt|Thunderclap|p1a: Kommo-o
|-end|p1a: Kommo-o|Substitute
|move|p1a: Kommo-o|Drain Punch|p2a: Raging Bolt
|-damage|p2a: Raging Bolt|0 fnt
|-heal|p1a: Kommo-o|70/100|[from] drain|[of] p2a: Raging Bolt
|faint|p2a: Raging Bolt
|-end|p2a: Raging Bolt|Protosynthesis|[silent]
|
|-sideend|p1: jamel1|move: Light Screen
|upkeep
|
|t:|1759072999
|switch|p2a: Great Tusk|Great Tusk|100/100 par
|turn|13
|
|t:|1759073001
|move|p1a: Kommo-o|Substitute|p1a: Kommo-o
|-start|p1a: Kommo-o|Substitute
|-damage|p1a: Kommo-o|45/100
|cant|p2a: Great Tusk|par
|
|upkeep
|turn|14
|
|t:|1759073003
|move|p1a: Kommo-o|Drain Punch|p2a: Great Tusk
|-damage|p2a: Great Tusk|31/100 par
|-heal|p1a: Kommo-o|95/100|[from] drain|[of] p2a: Great Tusk
|move|p2a: Great Tusk|Body Press|p1a: Kommo-o
|-supereffective|p1a: Kommo-o
|-end|p1a: Kommo-o|Substitute
|
|-heal|p2a: Great Tusk|37/100 par|[from] item: Leftovers
|upkeep
|turn|15
|
|t:|1759073007
|move|p1a: Kommo-o|Substitute|p1a: Kommo-o
|-start|p1a: Kommo-o|Substitute
|-damage|p1a: Kommo-o|70/100
|move|p2a: Great Tusk|Body Press|p1a: Kommo-o
|-supereffective|p1a: Kommo-o
|-end|p1a: Kommo-o|Substitute
|
|-heal|p2a: Great Tusk|43/100 par|[from] item: Leftovers
|upkeep
|turn|16
|
|t:|1759073011
|move|p1a: Kommo-o|Substitute|p1a: Kommo-o
|-start|p1a: Kommo-o|Substitute
|-damage|p1a: Kommo-o|45/100
|move|p2a: Great Tusk|Body Press|p1a: Kommo-o
|-supereffective|p1a: Kommo-o
|-end|p1a: Kommo-o|Substitute
|
|-heal|p2a: Great Tusk|49/100 par|[from] item: Leftovers
|upkeep
|turn|17
|
|t:|1759073016
|move|p1a: Kommo-o|Drain Punch|p2a: Great Tusk
|-damage|p2a: Great Tusk|0 fnt
|-heal|p1a: Kommo-o|79/100|[from] drain|[of] p2a: Great Tusk
|faint|p2a: Great Tusk
|-end|p2a: Great Tusk|Protosynthesis|[silent]
|
|upkeep
|
|t:|1759073018
|switch|p2a: Samurott|Samurott-Hisui, F, shiny|100/100
|turn|18
|
|t:|1759073022
|-terastallize|p2a: Samurott|Poison
|move|p1a: Kommo-o|Substitute|p1a: Kommo-o
|-start|p1a: Kommo-o|Substitute
|-damage|p1a: Kommo-o|54/100
|move|p2a: Samurott|Sacred Sword|p1a: Kommo-o
|-supereffective|p1a: Kommo-o
|-end|p1a: Kommo-o|Substitute
|
|upkeep
|turn|19
|
|t:|1759073027
|move|p1a: Kommo-o|Shadow Claw|p2a: Samurott
|-damage|p2a: Samurott|1/100
|move|p2a: Samurott|Sacred Sword|p1a: Kommo-o
|-supereffective|p1a: Kommo-o
|-damage|p1a: Kommo-o|0 fnt
|faint|p1a: Kommo-o
|
|upkeep
|
|t:|1759073030
|switch|p1a: Sandaconda|Sandaconda, F|56/100
|turn|20
|
|t:|1759073033
|move|p1a: Sandaconda|Glare|p2a: Samurott
|-status|p2a: Samurott|par
|cant|p2a: Samurott|par
|
|upkeep
|turn|21
|
|t:|1759073036
|move|p1a: Sandaconda|Stealth Rock|p2a: Samurott
|-sidestart|p2: ShinyLucarioXD|move: Stealth Rock
|cant|p2a: Samurott|par
|
|upkeep
|turn|22
|
|t:|1759073040
|switch|p1a: Deoxys|Deoxys-Defense|100/100
|-ability|p1a: Deoxys|Pressure
|cant|p2a: Samurott|par
|
|upkeep
|turn|23
|
|t:|1759073043
|move|p1a: Deoxys|Calm Mind|p1a: Deoxys
|-boost|p1a: Deoxys|spa|1
|-boost|p1a: Deoxys|spd|1
|move|p2a: Samurott|Ceaseless Edge|p1a: Deoxys
|-supereffective|p1a: Deoxys
|-crit|p1a: Deoxys
|-damage|p1a: Deoxys|35/100
|-sidestart|p1: jamel1|Spikes
|-enditem|p1a: Deoxys|Kee Berry|[eat]
|-boost|p1a: Deoxys|def|1|[from] item: Kee Berry
|
|upkeep
|turn|24
|
|t:|1759073047
|move|p1a: Deoxys|Recover|p1a: Deoxys
|-heal|p1a: Deoxys|85/100
|move|p2a: Samurott|Ceaseless Edge|p1a: Deoxys|[miss]
|-miss|p2a: Samurott|p1a: Deoxys
|
|upkeep
|turn|25
|
|t:|1759073051
|move|p1a: Deoxys|Stored Power|p2a: Samurott
|-supereffective|p2a: Samurott
|-damage|p2a: Samurott|0 fnt
|faint|p2a: Samurott
|
|upkeep
|
|t:|1759073053
|switch|p2a: Dragonite|Dragonite, F, shiny|100/100
|-damage|p2a: Dragonite|76/100|[from] Stealth Rock
|turn|26
|
|t:|1759073055
|move|p1a: Deoxys|Stored Power|p2a: Dragonite
|-damage|p2a: Dragonite|47/100
|move|p2a: Dragonite|Dragon Dance|p2a: Dragonite
|-boost|p2a: Dragonite|atk|1
|-boost|p2a: Dragonite|spe|1
|
|upkeep
|turn|27
|
|t:|1759073057
|move|p2a: Dragonite|Roost|p2a: Dragonite
|-heal|p2a: Dragonite|97/100
|-singleturn|p2a: Dragonite|move: Roost
|move|p1a: Deoxys|Stored Power|p2a: Dragonite
|-damage|p2a: Dragonite|68/100
|
|upkeep
|turn|28
|
|t:|1759073062
|move|p2a: Dragonite|Dragon Dance|p2a: Dragonite
|-boost|p2a: Dragonite|atk|1
|-boost|p2a: Dragonite|spe|1
|move|p1a: Deoxys|Calm Mind|p1a: Deoxys
|-boost|p1a: Deoxys|spa|1
|-boost|p1a: Deoxys|spd|1
|
|upkeep
|turn|29
|
|t:|1759073063
|move|p2a: Dragonite|Roost|p2a: Dragonite
|-heal|p2a: Dragonite|100/100
|-singleturn|p2a: Dragonite|move: Roost
|move|p1a: Deoxys|Stored Power|p2a: Dragonite
|-damage|p2a: Dragonite|74/100
|
|upkeep
|turn|30
|
|t:|1759073072
|move|p2a: Dragonite|Extreme Speed|p1a: Deoxys
|-crit|p1a: Deoxys
|-damage|p1a: Deoxys|22/100
|move|p1a: Deoxys|Stored Power|p2a: Dragonite
|-damage|p2a: Dragonite|14/100
|
|upkeep
|turn|31
|
|t:|1759073075
|move|p2a: Dragonite|Extreme Speed|p1a: Deoxys
|-damage|p1a: Deoxys|0 fnt
|faint|p1a: Deoxys
|
|upkeep
|
|t:|1759073078
|switch|p1a: Gyarados|Gyarados, F|100/100
|turn|32
|
|t:|1759073090
|move|p2a: Dragonite|Extreme Speed|p1a: Gyarados
|-damage|p1a: Gyarados|8/100
|move|p1a: Gyarados|Earthquake|p2a: Dragonite
|-immune|p2a: Dragonite
|
|-heal|p1a: Gyarados|14/100|[from] item: Leftovers
|upkeep
|turn|33
|
|t:|1759073093
|move|p2a: Dragonite|Extreme Speed|p1a: Gyarados
|-damage|p1a: Gyarados|0 fnt
|faint|p1a: Gyarados
|
|upkeep
|
|t:|1759073095
|switch|p1a: Maushold|Maushold|100/100
|-damage|p1a: Maushold|88/100|[from] Spikes
|turn|34
|
|t:|1759073098
|move|p2a: Dragonite|Extreme Speed|p1a: Maushold
|-damage|p1a: Maushold|0 fnt
|faint|p1a: Maushold
|
|upkeep
|
|t:|1759073100
|switch|p1a: Sandaconda|Sandaconda, F|56/100
|-damage|p1a: Sandaconda|44/100|[from] Spikes
|turn|35
|
|t:|1759073107
|move|p2a: Dragonite|Ice Spinner|p1a: Sandaconda
|-supereffective|p1a: Sandaconda
|-damage|p1a: Sandaconda|0 fnt
|faint|p1a: Sandaconda
|
|win|ShinyLucarioXD
|raw|jamel1's rating: 1737 &rarr; <strong>1729</strong><br />(-8 for losing)
|raw|ShinyLucarioXD's rating: 1970 &rarr; <strong>1978</strong><br />(+8 for winning)
|l|☆jamel1
|player|p1|
|l| heatraniac
|l|☆ShinyLucarioXD
|player|p2|
