|j|☆jumbolino
|j|☆Saito_21
|t:|1759024179
|gametype|singles
|player|p1|jumbolino|102|1134
|player|p2|Saito_21|cheren-gen5bw2|1155
|gen|9
|tier|[Gen 9] OU
|rated|
|rule|HP Percentage Mod: HP is shown in percentages
|rule|Endless Battle Clause: Forcing endless battles is banned
|rule|Species Clause: Limit one of each Pokémon
|rule|OHKO Clause: OHKO moves are banned
|rule|Evasion Items Clause: Evasion items are banned
|rule|Evasion Moves Clause: Evasion moves are banned
|rule|Evasion Abilities Clause: Evasion abilities are banned
|rule|Sleep Moves Clause: Sleep-inducing moves are banned
|clearpoke
|poke|p1|Zapdos|
|poke|p1|Magnezone|
|poke|p1|Jolteon, M|
|poke|p1|Rotom-Wash|
|poke|p1|Lanturn, F|
|poke|p1|Golem-Alola, F|
|poke|p2|Ceruledge, M|
|poke|p2|Porygon2|
|poke|p2|Gliscor, M|
|poke|p2|Greninja-*, M|
|poke|p2|Corviknight, F|
|poke|p2|Conkeldurr, F|
|teampreview
|
|t:|1759024203
|teamsize|p1|6
|teamsize|p2|6
|start
|switch|p1a: Rotom|Rotom-Wash|100/100
|switch|p2a: Conkeldurr|Conkeldurr, F|100/100
|turn|1
|
|t:|1759024213
|move|p1a: Rotom|Discharge|p2a: Conkeldurr
|-damage|p2a: Conkeldurr|50/100
|-status|p2a: Conkeldurr|par
|move|p2a: Conkeldurr|Dynamic Punch|p1a: Rotom
|-crit|p1a: Rotom
|-damage|p1a: Rotom|0 fnt
|faint|p1a: Rotom
|
|upkeep
|
|t:|1759024226
|switch|p1a: Zapdos|Zapdos|100/100
|turn|2
|
|t:|1759024237
|move|p1a: Zapdos|Hurricane|p2a: Conkeldurr
|-supereffective|p2a: Conkeldurr
|-damage|p2a: Conkeldurr|0 fnt
|faint|p2a: Conkeldurr
|
|upkeep
|
|t:|1759024241
|switch|p2a: Porygon2|Porygon2|100/100
|turn|3
|
|t:|1759024247
|move|p1a: Zapdos|Volt Switch|p2a: Porygon2
|-damage|p2a: Porygon2|79/100
|
|t:|1759024251
|switch|p1a: Magnezone|Magnezone|100/100|[from] Volt Switch
|move|p2a: Porygon2|Ice Beam|p1a: Magnezone
|-resisted|p1a: Magnezone
|-damage|p1a: Magnezone|80/100
|
|-heal|p1a: Magnezone|86/100|[from] item: Leftovers
|upkeep
|turn|4
|
|t:|1759024262
|move|p1a: Magnezone|Flash Cannon|p2a: Porygon2
|-damage|p2a: Porygon2|58/100
|move|p2a: Porygon2|Recover|p2a: Porygon2
|-heal|p2a: Porygon2|100/100
|
|-heal|p1a: Magnezone|92/100|[from] item: Leftovers
|upkeep
|turn|5
|
|t:|1759024273
|switch|p2a: Gliscor|Gliscor, M|100/100
|move|p1a: Magnezone|Thunder Wave|p2a: Gliscor
|-immune|p2a: Gliscor
|
|-heal|p1a: Magnezone|98/100|[from] item: Leftovers
|-status|p2a: Gliscor|tox|[from] item: Toxic Orb
|upkeep
|turn|6
|
|t:|1759024285
|switch|p1a: Zapdos|Zapdos|100/100
|move|p2a: Gliscor|Earthquake|p1a: Zapdos
|-immune|p1a: Zapdos
|
|upkeep
|turn|7
|
|t:|1759024296
|move|p1a: Zapdos|Hurricane|p2a: Gliscor
|-damage|p2a: Gliscor|29/100 tox
|-start|p2a: Gliscor|confusion
|-activate|p2a: Gliscor|confusion
|move|p2a: Gliscor|Poison Jab|p1a: Zapdos
|-damage|p1a: Zapdos|73/100
|
|-heal|p2a: Gliscor|42/100 tox|[from] ability: Poison Heal
|upkeep
|turn|8
|
|t:|1759024308
|switch|p2a: Porygon2|Porygon2|100/100
|move|p1a: Zapdos|Hurricane|p2a: Porygon2|[miss]
|-miss|p1a: Zapdos|p2a: Porygon2
|
|upkeep
|turn|9
|
|t:|1759024317
|move|p1a: Zapdos|Volt Switch|p2a: Porygon2
|-damage|p2a: Porygon2|76/100
|
|t:|1759024321
|switch|p1a: Magnezone|Magnezone|98/100|[from] Volt Switch
|move|p2a: Porygon2|Ice Beam|p1a: Magnezone
|-resisted|p1a: Magnezone
|-damage|p1a: Magnezone|77/100
|
|-heal|p1a: Magnezone|83/100|[from] item: Leftovers
|upkeep
|turn|10
|
|t:|1759024334
|move|p2a: Porygon2|Psychic|p1a: Magnezone
|-resisted|p1a: Magnezone
|-damage|p1a: Magnezone|66/100
|move|p1a: Magnezone|Flash Cannon|p2a: Porygon2
|-damage|p2a: Porygon2|49/100
|
|-heal|p1a: Magnezone|72/100|[from] item: Leftovers
|upkeep
|turn|11
|
|t:|1759024344
|move|p2a: Porygon2|Recover|p2a: Porygon2
|-heal|p2a: Porygon2|99/100
|move|p1a: Magnezone|Thunder Wave|p2a: Porygon2
|-status|p2a: Porygon2|par
|
|-heal|p1a: Magnezone|78/100|[from] item: Leftovers
|upkeep
|turn|12
|
|t:|1759024399
|move|p1a: Magnezone|Volt Switch|p2a: Porygon2
|-damage|p2a: Porygon2|79/100 par
|
|t:|1759024402
|switch|p1a: Lanturn|Lanturn, F|100/100|[from] Volt Switch
|move|p2a: Porygon2|Discharge|p1a: Lanturn
|-damage|p1a: Lanturn|67/100
|
|-heal|p1a: Lanturn|73/100|[from] item: Leftovers
|upkeep
|turn|13
|
|t:|1759024414
|move|p1a: Lanturn|Soak|p2a: Porygon2
|-start|p2a: Porygon2|typechange|Water
|move|p2a: Porygon2|Psychic|p1a: Lanturn
|-damage|p1a: Lanturn|38/100
|
|-heal|p1a: Lanturn|44/100|[from] item: Leftovers
|upkeep
|turn|14
|
|t:|1759024424
|move|p1a: Lanturn|Volt Switch|p2a: Porygon2
|-supereffective|p2a: Porygon2
|-damage|p2a: Porygon2|47/100 par
|
|t:|1759024432
|switch|p1a: Magnezone|Magnezone|78/100|[from] Volt Switch
|move|p2a: Porygon2|Psychic|p1a: Magnezone
|-resisted|p1a: Magnezone
|-damage|p1a: Magnezone|55/100
|
|-heal|p1a: Magnezone|62/100|[from] item: Leftovers
|upkeep
|turn|15
|
|t:|1759024442
|move|p1a: Magnezone|Volt Switch|p2a: Porygon2
|-supereffective|p2a: Porygon2
|-damage|p2a: Porygon2|6/100 par
|
|t:|1759024446
|switch|p1a: Jolteon|Jolteon, M|100/100|[from] Volt Switch
|move|p2a: Porygon2|Psychic|p1a: Jolteon
|-damage|p1a: Jolteon|49/100
|-unboost|p1a: Jolteon|spd|1
|
|upkeep
|turn|16
|
|t:|1759024460
|move|p1a: Jolteon|Alluring Voice|p2a: Porygon2
|-damage|p2a: Porygon2|0 fnt
|faint|p2a: Porygon2
|-damage|p1a: Jolteon|39/100|[from] item: Life Orb
|
|upkeep
|
|t:|1759024463
|switch|p2a: Ceruledge|Ceruledge, M|100/100
|turn|17
|
|t:|1759024468
|move|p1a: Jolteon|Shadow Ball|p2a: Ceruledge
|-supereffective|p2a: Ceruledge
|-damage|p2a: Ceruledge|28/100
|-damage|p1a: Jolteon|29/100|[from] item: Life Orb
|move|p2a: Ceruledge|Bitter Blade|p1a: Jolteon
|-damage|p1a: Jolteon|0 fnt
|-heal|p2a: Ceruledge|41/100|[from] drain|[of] p1a: Jolteon
|faint|p1a: Jolteon
|
|upkeep
|
|t:|1759024479
|switch|p1a: Lanturn|Lanturn, F|44/100
|turn|18
|
|t:|1759024484
|move|p2a: Ceruledge|Poltergeist|p1a: Lanturn
|-activate|p1a: Lanturn|move: Poltergeist|Leftovers
|-damage|p1a: Lanturn|0 fnt
|faint|p1a: Lanturn
|
|upkeep
|
|t:|1759024494
|switch|p1a: Zapdos|Zapdos|73/100
|turn|19
|
|t:|1759024499
|move|p1a: Zapdos|Thunderbolt|p2a: Ceruledge
|-damage|p2a: Ceruledge|0 fnt
|faint|p2a: Ceruledge
|
|upkeep
|
|t:|1759024503
|switch|p2a: Greninja|Greninja, M|100/100
|turn|20
|
|t:|1759024510
|switch|p1a: Magnezone|Magnezone|62/100
|move|p2a: Greninja|Ice Beam|p1a: Magnezone
|-resisted|p1a: Magnezone
|-damage|p1a: Magnezone|47/100
|
|-heal|p1a: Magnezone|53/100|[from] item: Leftovers
|upkeep
|turn|21
|
|t:|1759024520
|move|p2a: Greninja|Dark Pulse|p1a: Magnezone
|-damage|p1a: Magnezone|16/100
|move|p1a: Magnezone|Thunder Wave|p2a: Greninja
|-status|p2a: Greninja|par
|
|-heal|p1a: Magnezone|22/100|[from] item: Leftovers
|upkeep
|turn|22
|
|t:|1759024529
|move|p1a: Magnezone|Protect|p1a: Magnezone
|-singleturn|p1a: Magnezone|Protect
|move|p2a: Greninja|Dark Pulse|p1a: Magnezone
|-activate|p1a: Magnezone|move: Protect
|
|-heal|p1a: Magnezone|28/100|[from] item: Leftovers
|upkeep
|turn|23
|
|t:|1759024537
|cant|p2a: Greninja|par
|move|p1a: Magnezone|Volt Switch|p2a: Greninja
|-supereffective|p2a: Greninja
|-damage|p2a: Greninja|20/100 par
|
|t:|1759024544
|switch|p1a: Zapdos|Zapdos|73/100|[from] Volt Switch
|
|upkeep
|turn|24
|
|t:|1759024549
|move|p1a: Zapdos|Thunderbolt|p2a: Greninja
|-supereffective|p2a: Greninja
|-damage|p2a: Greninja|0 fnt
|faint|p2a: Greninja
|
|upkeep
|
|t:|1759024553
|switch|p2a: Gliscor|Gliscor, M|42/100 tox
|turn|25
|
|t:|1759024557
|move|p1a: Zapdos|Hurricane|p2a: Gliscor
|-damage|p2a: Gliscor|0 fnt
|faint|p2a: Gliscor
|
|upkeep
|
|t:|1759024561
|switch|p2a: Corviknight|Corviknight, F|100/100
|turn|26
|
|t:|1759024565
|-terastallize|p2a: Corviknight|Fighting
|move|p1a: Zapdos|Thunderbolt|p2a: Corviknight
|-damage|p2a: Corviknight|52/100
|move|p2a: Corviknight|Body Press|p1a: Zapdos
|-resisted|p1a: Zapdos
|-damage|p1a: Zapdos|50/100
|
|-heal|p2a: Corviknight|59/100|[from] item: Leftovers
|upkeep
|turn|27
|
|t:|1759024576
|move|p1a: Zapdos|Hurricane|p2a: Corviknight
|-supereffective|p2a: Corviknight
|-damage|p2a: Corviknight|0 fnt
|faint|p2a: Corviknight
|
|win|jumbolino
|raw|jumbolino's rating: 1134 &rarr; <strong>1161</strong><br />(+27 for winning)
|raw|Saito_21's rating: 1155 &rarr; <strong>1128</strong><br />(-27 for losing)
|l|☆Saito_21
|player|p2|
|l|☆jumbolino
|player|p1|
