|j|☆pokislayer
|j|☆BBMsheep
|t:|1759033939
|gametype|singles
|player|p1|pokislayer|wallace-masters|1190
|player|p2|BBMsheep|giovanni|1235
|gen|9
|tier|[Gen 9] OU
|rated|
|rule|HP Percentage Mod: HP is shown in percentages
|rule|Endless Battle Clause: Forcing endless battles is banned
|rule|Species Clause: Limit one of each Pokémon
|rule|OHKO Clause: OHKO moves are banned
|rule|Evasion Items Clause: Evasion items are banned
|rule|Evasion Moves Clause: Evasion moves are banned
|rule|Evasion Abilities Clause: Evasion abilities are banned
|rule|Sleep Moves Clause: Sleep-inducing moves are banned
|clearpoke
|poke|p1|Moltres|
|poke|p1|Scizor, F|
|poke|p1|Enamorus, F|
|poke|p1|Greninja-*, M|
|poke|p1|Cyclizar, F|
|poke|p1|Swampert, M|
|poke|p2|Tyranitar, M|
|poke|p2|Excadrill, M|
|poke|p2|Keldeo-Resolute|
|poke|p2|Tornadus-Therian, M|
|poke|p2|Heatran, F|
|poke|p2|Hydrapple, M|
|teampreview
|inactive|Battle timer is ON: inactive players will automatically lose when time's up. (requested by BBMsheep)
|
|t:|1759033955
|teamsize|p1|6
|teamsize|p2|6
|start
|switch|p1a: Swampert|Swampert, M, shiny|100/100
|switch|p2a: Keldeo|Keldeo-Resolute|100/100
|turn|1
|inactive|pokislayer has 120 seconds left.
|
|t:|1759033989
|move|p2a: Keldeo|Surf|p1a: Swampert
|-damage|p1a: Swampert|52/100
|move|p1a: Swampert|Stealth Rock|p2a: Keldeo
|-sidestart|p2: BBMsheep|move: Stealth Rock
|
|-heal|p1a: Swampert|58/100|[from] item: Leftovers
|upkeep
|turn|2
|inactive|pokislayer has 120 seconds left.
|
|t:|1759034005
|move|p2a: Keldeo|Surf|p1a: Swampert
|-damage|p1a: Swampert|16/100
|move|p1a: Swampert|Knock Off|p2a: Keldeo
|-resisted|p2a: Keldeo
|-damage|p2a: Keldeo|86/100
|-ability|p2a: Keldeo|Justified|boost
|-boost|p2a: Keldeo|atk|1
|-enditem|p2a: Keldeo|Choice Specs|[from] move: Knock Off|[of] p1a: Swampert
|
|-heal|p1a: Swampert|23/100|[from] item: Leftovers
|upkeep
|turn|3
|inactive|pokislayer has 120 seconds left.
|inactive|pokislayer has 90 seconds left.
|
|t:|1759034043
|switch|p1a: Scizor|Scizor, F|100/100
|move|p2a: Keldeo|Secret Sword|p1a: Scizor
|-damage|p1a: Scizor|46/100
|
|upkeep
|turn|4
|inactive|pokislayer has 90 seconds left.
|
|t:|1759034070
|move|p1a: Scizor|Bullet Punch|p2a: Keldeo
|-resisted|p2a: Keldeo
|-damage|p2a: Keldeo|58/100
|move|p2a: Keldeo|Surf|p1a: Scizor
|-crit|p1a: Scizor
|-damage|p1a: Scizor|0 fnt
|faint|p1a: Scizor
|
|upkeep
|inactive|pokislayer has 60 seconds left.
|
|t:|1759034091
|switch|p1a: Enamorus|Enamorus, F|100/100
|turn|5
|inactive|pokislayer has 60 seconds left.
|
|t:|1759034102
|switch|p2a: Heatran|Heatran, F|100/100
|-damage|p2a: Heatran|88/100|[from] Stealth Rock
|move|p1a: Enamorus|Moonblast|p2a: Heatran
|-resisted|p2a: Heatran
|-damage|p2a: Heatran|80/100
|
|-heal|p2a: Heatran|87/100|[from] item: Leftovers
|upkeep
|turn|6
|inactive|pokislayer has 60 seconds left.
|
|t:|1759034113
|move|p1a: Enamorus|Superpower|p2a: Heatran
|-supereffective|p2a: Heatran
|-damage|p2a: Heatran|32/100
|-boost|p1a: Enamorus|atk|1
|-boost|p1a: Enamorus|def|1
|move|p2a: Heatran|Magma Storm|p1a: Enamorus|[miss]
|-miss|p2a: Heatran|p1a: Enamorus
|
|-heal|p2a: Heatran|38/100|[from] item: Leftovers
|upkeep
|turn|7
|inactive|pokislayer has 60 seconds left.
|
|t:|1759034124
|switch|p2a: Tornadus|Tornadus-Therian, M|100/100
|move|p1a: Enamorus|Superpower|p2a: Tornadus
|-resisted|p2a: Tornadus
|-damage|p2a: Tornadus|73/100
|-boost|p1a: Enamorus|atk|1
|-boost|p1a: Enamorus|def|1
|
|upkeep
|turn|8
|inactive|pokislayer has 60 seconds left.
|
|t:|1759034139
|-terastallize|p1a: Enamorus|Electric
|move|p2a: Tornadus|Bleakwind Storm|p1a: Enamorus
|-resisted|p1a: Enamorus
|-damage|p1a: Enamorus|73/100
|move|p1a: Enamorus|Tera Blast|p2a: Tornadus|[anim] Tera Blast Electric
|-supereffective|p2a: Tornadus
|-damage|p2a: Tornadus|0 fnt
|faint|p2a: Tornadus
|
|upkeep
|
|t:|1759034153
|switch|p2a: Hydrapple|Hydrapple, M|100/100
|-damage|p2a: Hydrapple|88/100|[from] Stealth Rock
|turn|9
|
|t:|1759034172
|-terastallize|p2a: Hydrapple|Fairy
|move|p1a: Enamorus|Moonblast|p2a: Hydrapple
|-damage|p2a: Hydrapple|39/100
|move|p2a: Hydrapple|Fickle Beam|p1a: Enamorus
|-damage|p1a: Enamorus|17/100
|
|upkeep
|turn|10
|-message|BBMsheep forfeited.
|
|win|pokislayer
|raw|pokislayer's rating: 1190 &rarr; <strong>1218</strong><br />(+28 for winning)
|raw|BBMsheep's rating: 1235 &rarr; <strong>1207</strong><br />(-28 for losing)
|l|☆BBMsheep
|player|p2|
|l|☆pokislayer
|player|p1|
