|j|☆andrewm0n
|j|☆frankjob
|t:|1759053126
|gametype|singles
|player|p1|andrewm0n|266|1451
|player|p2|frankjob|cheren|1511
|gen|9
|tier|[Gen 9] OU
|rated|
|rule|HP Percentage Mod: HP is shown in percentages
|rule|Endless Battle Clause: Forcing endless battles is banned
|rule|Species Clause: Limit one of each Pokémon
|rule|OHKO Clause: OHKO moves are banned
|rule|Evasion Items Clause: Evasion items are banned
|rule|Evasion Moves Clause: Evasion moves are banned
|rule|Evasion Abilities Clause: Evasion abilities are banned
|rule|Sleep Moves Clause: Sleep-inducing moves are banned
|clearpoke
|poke|p1|Rillaboom, M|
|poke|p1|Alomomola, F|
|poke|p1|Glimmora, F|
|poke|p1|Skeledirge, M|
|poke|p1|Lokix, M|
|poke|p1|Ursaluna, M|
|poke|p2|Ursaluna, M|
|poke|p2|Carbink|
|poke|p2|Cresselia, F|
|poke|p2|Kingambit, M|
|poke|p2|Hatterene, F|
|poke|p2|Raging Bolt|
|teampreview
|inactive|Battle timer is ON: inactive players will automatically lose when time's up. (requested by frankjob)
|
|t:|1759053144
|teamsize|p1|6
|teamsize|p2|6
|start
|switch|p1a: Glimmora|Glimmora, F, shiny|100/100
|switch|p2a: Carbink|Carbink|100/100
|turn|1
|
|t:|1759053152
|move|p1a: Glimmora|Stealth Rock|p2a: Carbink
|-sidestart|p2: frankjob|move: Stealth Rock
|move|p2a: Carbink|Stealth Rock|p1a: Glimmora
|-sidestart|p1: andrewm0n|move: Stealth Rock
|
|upkeep
|turn|2
|
|t:|1759053156
|move|p1a: Glimmora|Mortal Spin|p2a: Carbink
|-damage|p2a: Carbink|96/100
|-status|p2a: Carbink|psn
|-damage|p1a: Glimmora|84/100|[from] item: Rocky Helmet|[of] p2a: Carbink
|-sideend|p1: andrewm0n|Stealth Rock|[from] move: Mortal Spin|[of] p1a: Glimmora
|move|p2a: Carbink|Spikes|p1a: Glimmora
|-sidestart|p1: andrewm0n|Spikes
|
|-damage|p2a: Carbink|84/100 psn|[from] psn
|upkeep
|turn|3
|
|t:|1759053165
|move|p1a: Glimmora|Earth Power|p2a: Carbink
|-supereffective|p2a: Carbink
|-damage|p2a: Carbink|48/100 psn
|move|p2a: Carbink|Trick Room|p2a: Carbink
|-fieldstart|move: Trick Room|[of] p2a: Carbink
|
|-damage|p2a: Carbink|36/100 psn|[from] psn
|upkeep
|turn|4
|
|t:|1759053176
|move|p2a: Carbink|Misty Explosion|p1a: Glimmora
|-resisted|p1a: Glimmora
|-damage|p1a: Glimmora|73/100
|faint|p2a: Carbink
|move|p1a: Glimmora|Mortal Spin|p2: Carbink|[notarget]
|-fail|p1a: Glimmora
|
|upkeep
|
|t:|1759053195
|switch|p2a: Ursaluna|Ursaluna, M|100/100
|-damage|p2a: Ursaluna|94/100|[from] Stealth Rock
|turn|5
|
|t:|1759053210
|move|p2a: Ursaluna|Headlong Rush|p1a: Glimmora
|-supereffective|p1a: Glimmora
|-damage|p1a: Glimmora|0 fnt
|-unboost|p2a: Ursaluna|def|1
|-unboost|p2a: Ursaluna|spd|1
|-activate|p1a: Glimmora|ability: Toxic Debris
|-sidestart|p2: frankjob|move: Toxic Spikes
|faint|p1a: Glimmora
|
|-status|p2a: Ursaluna|brn|[from] item: Flame Orb
|upkeep
|
|t:|1759053225
|switch|p1a: Alomomola|Alomomola, F, shiny|100/100
|turn|6
|
|t:|1759053231
|-terastallize|p2a: Ursaluna|Normal
|move|p2a: Ursaluna|Facade|p1a: Alomomola
|-damage|p1a: Alomomola|0 fnt
|faint|p1a: Alomomola
|
|-damage|p2a: Ursaluna|88/100 brn|[from] brn
|upkeep
|
|t:|1759053240
|switch|p1a: Rillaboom|Rillaboom, M, shiny|100/100
|-damage|p1a: Rillaboom|88/100|[from] Spikes
|-fieldstart|move: Grassy Terrain|[from] ability: Grassy Surge|[of] p1a: Rillaboom
|turn|7
|
|t:|1759053248
|move|p1a: Rillaboom|Grassy Glide|p2a: Ursaluna
|-damage|p2a: Ursaluna|33/100 brn
|-damage|p1a: Rillaboom|78/100|[from] item: Life Orb
|move|p2a: Ursaluna|Facade|p1a: Rillaboom
|-damage|p1a: Rillaboom|0 fnt
|faint|p1a: Rillaboom
|
|-heal|p2a: Ursaluna|39/100 brn|[from] Grassy Terrain
|-damage|p2a: Ursaluna|33/100 brn|[from] brn
|-fieldend|move: Trick Room
|upkeep
|
|t:|1759053252
|switch|p1a: Lokix|Lokix, M, shiny|100/100
|-damage|p1a: Lokix|88/100|[from] Spikes
|turn|8
|inactive|frankjob has 120 seconds left.
|
|t:|1759053293
|switch|p2a: Hatterene|Hatterene, F|100/100
|-damage|p2a: Hatterene|88/100|[from] Stealth Rock
|-status|p2a: Hatterene|psn
|move|p1a: Lokix|Leech Life|p2a: Hatterene
|-damage|p2a: Hatterene|40/100 psn
|-heal|p1a: Lokix|100/100|[from] drain|[of] p2a: Hatterene
|-damage|p1a: Lokix|91/100|[from] item: Life Orb
|
|-heal|p1a: Lokix|97/100|[from] Grassy Terrain
|-heal|p2a: Hatterene|46/100 psn|[from] Grassy Terrain
|-damage|p2a: Hatterene|34/100 psn|[from] psn
|upkeep
|turn|9
|
|t:|1759053306
|move|p1a: Lokix|Leech Life|p2a: Hatterene
|-damage|p2a: Hatterene|0 fnt
|-heal|p1a: Lokix|100/100|[from] drain|[of] p2a: Hatterene
|faint|p2a: Hatterene
|-damage|p1a: Lokix|91/100|[from] item: Life Orb
|
|-heal|p1a: Lokix|97/100|[from] Grassy Terrain
|upkeep
|
|t:|1759053323
|switch|p2a: Kingambit|Kingambit, M|100/100
|-damage|p2a: Kingambit|94/100|[from] Stealth Rock
|-activate|p2a: Kingambit|ability: Supreme Overlord
|-start|p2a: Kingambit|fallen2|[silent]
|turn|10
|
|t:|1759053335
|switch|p1a: Skeledirge|Skeledirge, M, shiny|100/100
|move|p2a: Kingambit|Kowtow Cleave|p1a: Skeledirge
|-supereffective|p1a: Skeledirge
|-damage|p1a: Skeledirge|14/100
|
|-heal|p1a: Skeledirge|21/100|[from] Grassy Terrain
|-heal|p2a: Kingambit|100/100|[from] Grassy Terrain
|upkeep
|turn|11
|
|t:|1759053343
|move|p1a: Skeledirge|Will-O-Wisp|p2a: Kingambit|[miss]
|-miss|p1a: Skeledirge|p2a: Kingambit
|move|p2a: Kingambit|Kowtow Cleave|p1a: Skeledirge
|-supereffective|p1a: Skeledirge
|-damage|p1a: Skeledirge|0 fnt
|faint|p1a: Skeledirge
|
|-fieldend|move: Grassy Terrain
|upkeep
|
|t:|1759053345
|switch|p1a: Ursaluna|Ursaluna, M, shiny|100/100
|-damage|p1a: Ursaluna|88/100|[from] Spikes
|turn|12
|
|t:|1759053354
|move|p1a: Ursaluna|Bulk Up|p1a: Ursaluna
|-boost|p1a: Ursaluna|atk|1
|-boost|p1a: Ursaluna|def|1
|move|p2a: Kingambit|Low Kick|p1a: Ursaluna
|-supereffective|p1a: Ursaluna
|-damage|p1a: Ursaluna|38/100
|
|-heal|p1a: Ursaluna|44/100|[from] item: Leftovers
|upkeep
|turn|13
|inactive|frankjob has 120 seconds left.
|
|t:|1759053364
|move|p2a: Kingambit|Sucker Punch|p1a: Ursaluna
|-damage|p1a: Ursaluna|14/100
|move|p1a: Ursaluna|Drain Punch|p2a: Kingambit
|-supereffective|p2a: Kingambit
|-damage|p2a: Kingambit|0 fnt
|-heal|p1a: Ursaluna|58/100|[from] drain|[of] p2a: Kingambit
|faint|p2a: Kingambit
|-end|p2a: Kingambit|fallen2|[silent]
|
|-heal|p1a: Ursaluna|64/100|[from] item: Leftovers
|upkeep
|
|t:|1759053390
|switch|p2a: Cresselia|Cresselia, F|100/100
|-damage|p2a: Cresselia|88/100|[from] Stealth Rock
|turn|14
|
|t:|1759053396
|move|p1a: Ursaluna|Body Slam|p2a: Cresselia
|-damage|p2a: Cresselia|56/100
|move|p2a: Cresselia|Trick Room|p2a: Cresselia
|-fieldstart|move: Trick Room|[of] p2a: Cresselia
|
|-heal|p1a: Ursaluna|70/100|[from] item: Leftovers
|upkeep
|turn|15
|
|t:|1759053403
|move|p1a: Ursaluna|Bulk Up|p1a: Ursaluna
|-boost|p1a: Ursaluna|atk|1
|-boost|p1a: Ursaluna|def|1
|move|p2a: Cresselia|Ice Beam|p1a: Ursaluna
|-supereffective|p1a: Ursaluna
|-damage|p1a: Ursaluna|49/100
|
|-heal|p1a: Ursaluna|55/100|[from] item: Leftovers
|upkeep
|turn|16
|inactive|andrewm0n has 120 seconds left.
|
|t:|1759053449
|move|p1a: Ursaluna|Bulk Up|p1a: Ursaluna
|-boost|p1a: Ursaluna|atk|1
|-boost|p1a: Ursaluna|def|1
|move|p2a: Cresselia|Trick Room|p2a: Cresselia
|-fieldend|move: Trick Room
|
|-heal|p1a: Ursaluna|61/100|[from] item: Leftovers
|upkeep
|turn|17
|inactive|andrewm0n has 120 seconds left.
|
|t:|1759053458
|move|p2a: Cresselia|Lunar Dance|p2a: Cresselia
|faint|p2a: Cresselia
|move|p1a: Ursaluna|Body Slam|p2: Cresselia|[notarget]
|-fail|p1a: Ursaluna
|
|-heal|p1a: Ursaluna|67/100|[from] item: Leftovers
|upkeep
|
|t:|1759053464
|switch|p2a: Raging Bolt|Raging Bolt|100/100
|-damage|p2a: Raging Bolt|88/100|[from] Stealth Rock
|-status|p2a: Raging Bolt|psn
|-enditem|p2a: Raging Bolt|Booster Energy
|-activate|p2a: Raging Bolt|ability: Protosynthesis|[fromitem]
|-start|p2a: Raging Bolt|protosynthesisspa
|turn|18
|
|t:|1759053478
|move|p2a: Raging Bolt|Dragon Pulse|p1a: Ursaluna
|-damage|p1a: Ursaluna|24/100
|move|p1a: Ursaluna|Stomping Tantrum|p2a: Raging Bolt
|-supereffective|p2a: Raging Bolt
|-crit|p2a: Raging Bolt
|-damage|p2a: Raging Bolt|0 fnt
|faint|p2a: Raging Bolt
|-end|p2a: Raging Bolt|Protosynthesis|[silent]
|
|-heal|p1a: Ursaluna|31/100|[from] item: Leftovers
|upkeep
|
|t:|1759053487
|switch|p2a: Ursaluna|Ursaluna, M, tera:Normal|33/100 brn
|-heal|p2a: Ursaluna|100/100|[from] move: Lunar Dance
|-damage|p2a: Ursaluna|88/100|[from] Stealth Rock
|-status|p2a: Ursaluna|psn
|turn|19
|
|t:|1759053493
|-terastallize|p1a: Ursaluna|Fighting
|move|p1a: Ursaluna|Drain Punch|p2a: Ursaluna
|-supereffective|p2a: Ursaluna
|-damage|p2a: Ursaluna|0 fnt
|-heal|p1a: Ursaluna|74/100|[from] drain|[of] p2a: Ursaluna
|faint|p2a: Ursaluna
|
|win|andrewm0n
|raw|andrewm0n's rating: 1451 &rarr; <strong>1474</strong><br />(+23 for winning)
|raw|frankjob's rating: 1511 &rarr; <strong>1488</strong><br />(-23 for losing)
|l|☆frankjob
|player|p2|
|l|☆andrewm0n
|player|p1|
