|j|☆Darknes
|j|☆the.ramen.gang
|t:|1758920827
|gametype|singles
|player|p1|Darknes|acetrainerf-gen4|1224
|player|p2|the.ramen.gang|266|1197
|gen|9
|tier|[Gen 9] OU
|rated|
|rule|HP Percentage Mod: HP is shown in percentages
|rule|Endless Battle Clause: Forcing endless battles is banned
|rule|Species Clause: Limit one of each Pokémon
|rule|OHKO Clause: OHKO moves are banned
|rule|Evasion Items Clause: Evasion items are banned
|rule|Evasion Moves Clause: Evasion moves are banned
|rule|Evasion Abilities Clause: Evasion abilities are banned
|rule|Sleep Moves Clause: Sleep-inducing moves are banned
|clearpoke
|poke|p1|Pecharunt|
|poke|p1|Necrozma|
|poke|p1|Iron Valiant|
|poke|p1|Thundurus-Therian, M|
|poke|p1|Ninetales-Alola, F|
|poke|p1|Corviknight, F|
|poke|p2|Ursaring, F|
|poke|p2|Talonflame, F|
|poke|p2|Floatzel, M|
|poke|p2|Chandelure, M|
|poke|p2|Shiftry, M|
|poke|p2|Iron Hands|
|teampreview
|
|t:|1758920839
|teamsize|p1|6
|teamsize|p2|6
|start
|switch|p1a: Thundurus|Thundurus-Therian, M, shiny|100/100
|switch|p2a: Ursaring|Ursaring, F|100/100
|turn|1
|
|t:|1758920846
|move|p1a: Thundurus|Volt Switch|p2a: Ursaring
|-damage|p2a: Ursaring|68/100
|
|t:|1758920850
|switch|p1a: Pecharunt|Pecharunt|100/100|[from] Volt Switch
|move|p2a: Ursaring|Bulk Up|p2a: Ursaring
|-boost|p2a: Ursaring|atk|1
|-boost|p2a: Ursaring|def|1
|
|upkeep
|turn|2
|
|t:|1758920855
|move|p1a: Pecharunt|Malignant Chain|p2a: Ursaring
|-damage|p2a: Ursaring|37/100
|move|p2a: Ursaring|Crunch|p1a: Pecharunt
|-supereffective|p1a: Pecharunt
|-damage|p1a: Pecharunt|49/100
|
|-heal|p1a: Pecharunt|55/100|[from] item: Leftovers
|upkeep
|turn|3
|
|t:|1758920863
|move|p1a: Pecharunt|Parting Shot|p2a: Ursaring
|-unboost|p2a: Ursaring|atk|1
|-unboost|p2a: Ursaring|spa|1
|
|t:|1758920869
|switch|p1a: Ninetales|Ninetales-Alola, F, shiny|100/100|[from] Parting Shot
|-weather|Snowscape|[from] ability: Snow Warning|[of] p1a: Ninetales
|move|p2a: Ursaring|Crunch|p1a: Ninetales
|-resisted|p1a: Ninetales
|-damage|p1a: Ninetales|86/100
|
|-weather|Snowscape|[upkeep]
|upkeep
|turn|4
|
|t:|1758920873
|move|p1a: Ninetales|Aurora Veil|p1a: Ninetales
|-sidestart|p1: Darknes|move: Aurora Veil
|move|p2a: Ursaring|Body Slam|p1a: Ninetales
|-damage|p1a: Ninetales|61/100
|
|-weather|Snowscape|[upkeep]
|upkeep
|turn|5
|
|t:|1758920879
|move|p1a: Ninetales|Moonblast|p2a: Ursaring
|-damage|p2a: Ursaring|13/100
|move|p2a: Ursaring|Body Slam|p1a: Ninetales
|-damage|p1a: Ninetales|36/100
|
|-weather|Snowscape|[upkeep]
|upkeep
|turn|6
|
|t:|1758920882
|move|p1a: Ninetales|Moonblast|p2a: Ursaring
|-damage|p2a: Ursaring|0 fnt
|faint|p2a: Ursaring
|
|-weather|Snowscape|[upkeep]
|upkeep
|
|t:|1758920889
|switch|p2a: Iron Hands|Iron Hands|100/100
|-enditem|p2a: Iron Hands|Booster Energy
|-activate|p2a: Iron Hands|ability: Quark Drive|[fromitem]
|-start|p2a: Iron Hands|quarkdrivedef
|turn|7
|
|t:|1758920894
|switch|p1a: Pecharunt|Pecharunt|55/100
|move|p2a: Iron Hands|Fake Out|p1a: Pecharunt
|-immune|p1a: Pecharunt
|
|-weather|none
|-heal|p1a: Pecharunt|61/100|[from] item: Leftovers
|upkeep
|turn|8
|
|t:|1758920900
|move|p1a: Pecharunt|Malignant Chain|p2a: Iron Hands
|-damage|p2a: Iron Hands|65/100
|-status|p2a: Iron Hands|tox
|-start|p2a: Iron Hands|confusion|[from] ability: Poison Puppeteer|[of] p1a: Pecharunt
|-activate|p2a: Iron Hands|confusion
|move|p2a: Iron Hands|Volt Switch|p1a: Pecharunt
|-crit|p1a: Pecharunt
|-damage|p1a: Pecharunt|42/100
|
|t:|1758920910
|-end|p2a: Iron Hands|Quark Drive|[silent]
|switch|p2a: Chandelure|Chandelure, M|100/100|[from] Volt Switch
|
|-heal|p1a: Pecharunt|48/100|[from] item: Leftovers
|upkeep
|turn|9
|
|t:|1758920915
|move|p1a: Pecharunt|Recover|p1a: Pecharunt
|-heal|p1a: Pecharunt|98/100
|move|p2a: Chandelure|Shadow Ball|p1a: Pecharunt
|-supereffective|p1a: Pecharunt
|-damage|p1a: Pecharunt|21/100
|
|-heal|p1a: Pecharunt|27/100|[from] item: Leftovers
|upkeep
|turn|10
|
|t:|1758920917
|move|p1a: Pecharunt|Parting Shot|p2a: Chandelure
|-unboost|p2a: Chandelure|atk|1
|-unboost|p2a: Chandelure|spa|1
|
|t:|1758920923
|switch|p1a: Thundurus|Thundurus-Therian, M, shiny|100/100|[from] Parting Shot
|move|p2a: Chandelure|Shadow Ball|p1a: Thundurus
|-damage|p1a: Thundurus|64/100
|
|upkeep
|turn|11
|
|t:|1758920926
|switch|p2a: Iron Hands|Iron Hands|65/100 tox
|move|p1a: Thundurus|Thunderbolt|p2a: Iron Hands
|-resisted|p2a: Iron Hands
|-damage|p2a: Iron Hands|42/100 tox
|
|-damage|p2a: Iron Hands|36/100 tox|[from] psn
|-sideend|p1: Darknes|move: Aurora Veil
|upkeep
|turn|12
|
|t:|1758920932
|move|p2a: Iron Hands|Fake Out|p1a: Thundurus
|-damage|p1a: Thundurus|43/100
|cant|p1a: Thundurus|flinch
|
|-damage|p2a: Iron Hands|24/100 tox|[from] psn
|upkeep
|turn|13
|
|t:|1758920937
|move|p1a: Thundurus|Thunderbolt|p2a: Iron Hands
|-resisted|p2a: Iron Hands
|-damage|p2a: Iron Hands|0 fnt
|faint|p2a: Iron Hands
|-end|p2a: Iron Hands|Quark Drive|[silent]
|
|upkeep
|
|t:|1758920943
|switch|p2a: Shiftry|Shiftry, M|100/100
|turn|14
|
|t:|1758920948
|switch|p1a: Corviknight|Corviknight, F, shiny|100/100
|move|p2a: Shiftry|Tailwind|p2a: Shiftry
|-sidestart|p2: the.ramen.gang|move: Tailwind
|-ability|p2a: Shiftry|Wind Rider|boost
|-boost|p2a: Shiftry|atk|1
|
|upkeep
|turn|15
|
|t:|1758920951
|move|p2a: Shiftry|Rock Slide|p1a: Corviknight
|-crit|p1a: Corviknight
|-damage|p1a: Corviknight|68/100
|move|p1a: Corviknight|U-turn|p2a: Shiftry
|-supereffective|p2a: Shiftry
|-damage|p2a: Shiftry|1/100
|
|t:|1758920961
|switch|p1a: Thundurus|Thundurus-Therian, M, shiny|43/100|[from] U-turn
|
|upkeep
|turn|16
|
|t:|1758920964
|move|p2a: Shiftry|Rock Slide|p1a: Thundurus
|-supereffective|p1a: Thundurus
|-damage|p1a: Thundurus|0 fnt
|faint|p1a: Thundurus
|
|upkeep
|
|t:|1758920972
|switch|p1a: Corviknight|Corviknight, F, shiny|68/100
|turn|17
|
|t:|1758920975
|move|p2a: Shiftry|Rock Slide|p1a: Corviknight
|-damage|p1a: Corviknight|46/100
|move|p1a: Corviknight|U-turn|p2a: Shiftry
|-supereffective|p2a: Shiftry
|-damage|p2a: Shiftry|0 fnt
|faint|p2a: Shiftry
|
|t:|1758920983
|switch|p1a: Pecharunt|Pecharunt|27/100|[from] U-turn
|
|-heal|p1a: Pecharunt|33/100|[from] item: Leftovers
|-sideend|p2: the.ramen.gang|move: Tailwind
|upkeep
|
|t:|1758920987
|switch|p2a: Floatzel|Floatzel, M|100/100
|turn|18
|
|t:|1758920991
|move|p2a: Floatzel|Wave Crash|p1a: Pecharunt
|-damage|p1a: Pecharunt|0 fnt
|faint|p1a: Pecharunt
|-damage|p2a: Floatzel|87/100|[from] Recoil
|
|upkeep
|
|t:|1758920998
|switch|p1a: Corviknight|Corviknight, F, shiny|46/100
|turn|19
|
|t:|1758921002
|move|p2a: Floatzel|Wave Crash|p1a: Corviknight
|-damage|p1a: Corviknight|0 fnt
|-damage|p2a: Floatzel|71/100|[from] item: Rocky Helmet|[of] p1a: Corviknight
|faint|p1a: Corviknight
|-damage|p2a: Floatzel|52/100|[from] Recoil
|
|upkeep
|
|t:|1758921018
|switch|p1a: Iron Valiant|Iron Valiant, shiny|100/100
|-enditem|p1a: Iron Valiant|Booster Energy
|-activate|p1a: Iron Valiant|ability: Quark Drive|[fromitem]
|-start|p1a: Iron Valiant|quarkdrivespe
|turn|20
|
|t:|1758921026
|move|p1a: Iron Valiant|Spirit Break|p2a: Floatzel
|-damage|p2a: Floatzel|0 fnt
|faint|p2a: Floatzel
|
|upkeep
|
|t:|1758921033
|switch|p2a: Talonflame|Talonflame, F|100/100
|turn|21
|
|t:|1758921042
|-end|p1a: Iron Valiant|Quark Drive|[silent]
|switch|p1a: Necrozma|Necrozma|100/100
|move|p2a: Talonflame|Air Slash|p1a: Necrozma
|-damage|p1a: Necrozma|69/100
|
|upkeep
|turn|22
|
|t:|1758921047
|move|p2a: Talonflame|Air Slash|p1a: Necrozma
|-damage|p1a: Necrozma|35/100
|move|p1a: Necrozma|Dragon Dance|p1a: Necrozma
|-boost|p1a: Necrozma|atk|1
|-boost|p1a: Necrozma|spe|1
|
|upkeep
|turn|23
|
|t:|1758921057
|move|p2a: Talonflame|Air Slash|p1a: Necrozma
|-damage|p1a: Necrozma|2/100
|move|p1a: Necrozma|Photon Geyser|p2a: Talonflame
|-damage|p2a: Talonflame|24/100
|
|upkeep
|turn|24
|
|t:|1758921066
|move|p1a: Necrozma|Photon Geyser|p2a: Talonflame
|-damage|p2a: Talonflame|0 fnt
|faint|p2a: Talonflame
|
|upkeep
|
|t:|1758921068
|switch|p2a: Chandelure|Chandelure, M|100/100
|turn|25
|
|t:|1758921073
|move|p1a: Necrozma|Outrage|p2a: Chandelure
|-damage|p2a: Chandelure|36/100
|move|p2a: Chandelure|Shadow Ball|p1a: Necrozma
|-supereffective|p1a: Necrozma
|-damage|p1a: Necrozma|0 fnt
|faint|p1a: Necrozma
|
|upkeep
|
|t:|1758921080
|switch|p1a: Iron Valiant|Iron Valiant, shiny|100/100
|turn|26
|
|t:|1758921083
|-terastallize|p2a: Chandelure|Fire
|move|p1a: Iron Valiant|Shadow Claw|p2a: Chandelure
|-damage|p2a: Chandelure|8/100
|move|p2a: Chandelure|Shadow Ball|p1a: Iron Valiant
|-damage|p1a: Iron Valiant|0 fnt
|faint|p1a: Iron Valiant
|-end|p1a: Iron Valiant|Quark Drive|[silent]
|
|upkeep
|
|t:|1758921090
|switch|p1a: Ninetales|Ninetales-Alola, F, shiny|36/100
|-weather|Snowscape|[from] ability: Snow Warning|[of] p1a: Ninetales
|turn|27
|
|t:|1758921091
|move|p1a: Ninetales|Moonblast|p2a: Chandelure
|-resisted|p2a: Chandelure
|-damage|p2a: Chandelure|0 fnt
|faint|p2a: Chandelure
|
|win|Darknes
|raw|Darknes's rating: 1224 &rarr; <strong>1247</strong><br />(+23 for winning)
|raw|the.ramen.gang's rating: 1197 &rarr; <strong>1174</strong><br />(-23 for losing)
|l|☆Darknes
|player|p1|
