|j|☆sir_miestro
|j|☆t04styy
|t:|1758936912
|gametype|singles
|player|p1|sir_miestro|blackbelt-gen4dp|1399
|player|p2|t04styy|169|1411
|gen|9
|tier|[Gen 9] OU
|rated|
|rule|HP Percentage Mod: HP is shown in percentages
|rule|Endless Battle Clause: Forcing endless battles is banned
|rule|Species Clause: Limit one of each Pokémon
|rule|OHKO Clause: OHKO moves are banned
|rule|Evasion Items Clause: Evasion items are banned
|rule|Evasion Moves Clause: Evasion moves are banned
|rule|Evasion Abilities Clause: Evasion abilities are banned
|rule|Sleep Moves Clause: Sleep-inducing moves are banned
|clearpoke
|poke|p1|Rotom-Wash|
|poke|p1|Clefable, M|
|poke|p1|Ambipom, F|
|poke|p1|Dachsbun, M|
|poke|p1|Houndstone, M|
|poke|p1|Cinderace, M|
|poke|p2|Ogerpon-Wellspring, F|
|poke|p2|Iron Moth|
|poke|p2|Great Tusk|
|poke|p2|Umbreon, F|
|poke|p2|Garchomp, F|
|poke|p2|Cinderace, F|
|teampreview
|inactive|Battle timer is ON: inactive players will automatically lose when time's up. (requested by sir_miestro)
|
|t:|1758936957
|teamsize|p1|6
|teamsize|p2|6
|start
|switch|p1a: Ambipom|Ambipom, F|100/100
|switch|p2a: Garchomp|Garchomp, F|100/100
|turn|1
|
|t:|1758936966
|move|p1a: Ambipom|Switcheroo|p2a: Garchomp
|-activate|p1a: Ambipom|move: Trick|[of] p2a: Garchomp
|-item|p2a: Garchomp|Choice Scarf|[from] move: Switcheroo
|-item|p1a: Ambipom|Leftovers|[from] move: Switcheroo
|move|p2a: Garchomp|Swords Dance|p2a: Garchomp
|-boost|p2a: Garchomp|atk|2
|
|upkeep
|turn|2
|
|t:|1758936982
|switch|p2a: Umbreon|Umbreon, F|100/100
|move|p1a: Ambipom|Thunder Wave|p2a: Umbreon
|-status|p2a: Umbreon|par
|
|upkeep
|turn|3
|
|t:|1758936993
|move|p1a: Ambipom|U-turn|p2a: Umbreon
|-supereffective|p2a: Umbreon
|-damage|p2a: Umbreon|62/100 par
|
|t:|1758936997
|switch|p1a: Clefable|Clefable, M|100/100|[from] U-turn
|move|p2a: Umbreon|Foul Play|p1a: Clefable
|-resisted|p1a: Clefable
|-damage|p1a: Clefable|89/100
|
|-heal|p2a: Umbreon|68/100 par|[from] item: Leftovers
|-status|p1a: Clefable|brn|[from] item: Flame Orb
|upkeep
|turn|4
|
|t:|1758937021
|switch|p2a: Ogerpon|Ogerpon-Wellspring, F|100/100
|move|p1a: Clefable|Moonblast|p2a: Ogerpon
|-damage|p2a: Ogerpon|52/100
|
|upkeep
|turn|5
|
|t:|1758937036
|-terastallize|p2a: Ogerpon|Water
|detailschange|p2a: Ogerpon|Ogerpon-Wellspring-Tera, F, tera:Water
|-ability|p2a: Ogerpon|Embody Aspect (Wellspring)|boost
|-boost|p2a: Ogerpon|spd|1
|move|p2a: Ogerpon|Ivy Cudgel|p1a: Clefable|[anim] Ivy Cudgel Water
|-damage|p1a: Clefable|5/100 brn
|move|p1a: Clefable|Trick||[still]
|-fail|p1a: Clefable
|
|upkeep
|turn|6
|
|t:|1758937047
|move|p2a: Ogerpon|Horn Leech|p1a: Clefable
|-damage|p1a: Clefable|0 fnt
|-heal|p2a: Ogerpon|55/100|[from] drain|[of] p1a: Clefable
|faint|p1a: Clefable
|
|upkeep
|
|t:|1758937064
|switch|p1a: Houndstone|Houndstone, M|100/100
|turn|7
|
|t:|1758937074
|move|p2a: Ogerpon|U-turn|p1a: Houndstone
|-resisted|p1a: Houndstone
|-damage|p1a: Houndstone|93/100
|-damage|p2a: Ogerpon|38/100|[from] item: Rocky Helmet|[of] p1a: Houndstone
|
|t:|1758937082
|switch|p2a: Umbreon|Umbreon, F|68/100 par|[from] U-turn
|move|p1a: Houndstone|Poltergeist|p2a: Umbreon
|-activate|p2a: Umbreon|move: Poltergeist|Leftovers
|-resisted|p2a: Umbreon
|-damage|p2a: Umbreon|53/100 par
|
|-heal|p2a: Umbreon|59/100 par|[from] item: Leftovers
|upkeep
|turn|8
|
|t:|1758937100
|switch|p1a: Ambipom|Ambipom, F|100/100
|move|p2a: Umbreon|Foul Play|p1a: Ambipom
|-damage|p1a: Ambipom|23/100
|
|-heal|p1a: Ambipom|29/100|[from] item: Leftovers
|-heal|p2a: Umbreon|65/100 par|[from] item: Leftovers
|upkeep
|turn|9
|
|t:|1758937108
|move|p2a: Umbreon|Protect|p2a: Umbreon
|-singleturn|p2a: Umbreon|Protect
|move|p1a: Ambipom|Aerial Ace|p2a: Umbreon
|-activate|p2a: Umbreon|move: Protect
|
|-heal|p1a: Ambipom|36/100|[from] item: Leftovers
|-heal|p2a: Umbreon|71/100 par|[from] item: Leftovers
|upkeep
|turn|10
|
|t:|1758937114
|move|p1a: Ambipom|U-turn|p2a: Umbreon
|-supereffective|p2a: Umbreon
|-damage|p2a: Umbreon|36/100 par
|
|t:|1758937119
|switch|p1a: Dachsbun|Dachsbun, M|100/100|[from] U-turn
|move|p2a: Umbreon|Foul Play|p1a: Dachsbun
|-resisted|p1a: Dachsbun
|-damage|p1a: Dachsbun|91/100
|
|-heal|p1a: Dachsbun|97/100|[from] item: Leftovers
|-heal|p2a: Umbreon|42/100 par|[from] item: Leftovers
|upkeep
|turn|11
|
|t:|1758937129
|move|p1a: Dachsbun|Body Press|p2a: Umbreon
|-supereffective|p2a: Umbreon
|-damage|p2a: Umbreon|0 fnt
|faint|p2a: Umbreon
|
|-heal|p1a: Dachsbun|100/100|[from] item: Leftovers
|upkeep
|
|t:|1758937138
|switch|p2a: Iron Moth|Iron Moth|100/100
|-enditem|p2a: Iron Moth|Booster Energy
|-activate|p2a: Iron Moth|ability: Quark Drive|[fromitem]
|-start|p2a: Iron Moth|quarkdrivespe
|turn|12
|
|t:|1758937162
|move|p1a: Dachsbun|Protect|p1a: Dachsbun
|-singleturn|p1a: Dachsbun|Protect
|move|p2a: Iron Moth|Sludge Wave|p1a: Dachsbun
|-activate|p1a: Dachsbun|move: Protect
|
|upkeep
|turn|13
|
|t:|1758937190
|-terastallize|p1a: Dachsbun|Steel
|move|p2a: Iron Moth|Sludge Wave|p1a: Dachsbun
|-immune|p1a: Dachsbun
|move|p1a: Dachsbun|Body Press|p2a: Iron Moth
|-resisted|p2a: Iron Moth
|-damage|p2a: Iron Moth|80/100
|
|upkeep
|turn|14
|
|t:|1758937200
|move|p2a: Iron Moth|Dazzling Gleam|p1a: Dachsbun
|-resisted|p1a: Dachsbun
|-damage|p1a: Dachsbun|84/100
|move|p1a: Dachsbun|Body Press|p2a: Iron Moth
|-resisted|p2a: Iron Moth
|-damage|p2a: Iron Moth|61/100
|
|-heal|p1a: Dachsbun|90/100|[from] item: Leftovers
|upkeep
|turn|15
|
|t:|1758937208
|move|p2a: Iron Moth|Dazzling Gleam|p1a: Dachsbun
|-resisted|p1a: Dachsbun
|-damage|p1a: Dachsbun|73/100
|move|p1a: Dachsbun|Play Rough|p2a: Iron Moth
|-resisted|p2a: Iron Moth
|-damage|p2a: Iron Moth|51/100
|
|-heal|p1a: Dachsbun|79/100|[from] item: Leftovers
|upkeep
|turn|16
|
|t:|1758937216
|move|p2a: Iron Moth|Morning Sun|p2a: Iron Moth
|-heal|p2a: Iron Moth|100/100
|move|p1a: Dachsbun|Wish|p1a: Dachsbun
|
|-heal|p1a: Dachsbun|85/100|[from] item: Leftovers
|upkeep
|turn|17
|inactive|t04styy has 120 seconds left.
|
|t:|1758937243
|move|p2a: Iron Moth|Dazzling Gleam|p1a: Dachsbun
|-resisted|p1a: Dachsbun
|-damage|p1a: Dachsbun|66/100
|move|p1a: Dachsbun|Play Rough|p2a: Iron Moth
|-resisted|p2a: Iron Moth
|-damage|p2a: Iron Moth|92/100
|
|-heal|p1a: Dachsbun|100/100|[from] move: Wish|[wisher] Dachsbun
|upkeep
|turn|18
|
|t:|1758937252
|move|p2a: Iron Moth|Dazzling Gleam|p1a: Dachsbun
|-resisted|p1a: Dachsbun
|-damage|p1a: Dachsbun|83/100
|move|p1a: Dachsbun|Wish|p1a: Dachsbun
|
|-heal|p1a: Dachsbun|89/100|[from] item: Leftovers
|upkeep
|turn|19
|inactive|t04styy has 120 seconds left.
|
|t:|1758937273
|-end|p2a: Iron Moth|Quark Drive|[silent]
|switch|p2a: Garchomp|Garchomp, F|100/100
|move|p1a: Dachsbun|Body Press|p2a: Garchomp
|-damage|p2a: Garchomp|73/100
|-damage|p1a: Dachsbun|77/100|[from] ability: Rough Skin|[of] p2a: Garchomp
|
|-heal|p1a: Dachsbun|100/100|[from] move: Wish|[wisher] Dachsbun
|upkeep
|turn|20
|inactive|t04styy has 120 seconds left.
|
|t:|1758937282
|move|p2a: Garchomp|Earthquake|p1a: Dachsbun
|-supereffective|p1a: Dachsbun
|-damage|p1a: Dachsbun|26/100
|move|p1a: Dachsbun|Play Rough|p2a: Garchomp|[miss]
|-miss|p1a: Dachsbun|p2a: Garchomp
|
|-heal|p1a: Dachsbun|32/100|[from] item: Leftovers
|upkeep
|turn|21
|
|t:|1758937290
|move|p1a: Dachsbun|Protect|p1a: Dachsbun
|-singleturn|p1a: Dachsbun|Protect
|move|p2a: Garchomp|Earthquake|p1a: Dachsbun
|-activate|p1a: Dachsbun|move: Protect
|
|-heal|p1a: Dachsbun|38/100|[from] item: Leftovers
|upkeep
|turn|22
|
|t:|1758937296
|switch|p1a: Rotom|Rotom-Wash|100/100
|move|p2a: Garchomp|Earthquake|p1a: Rotom
|-immune|p1a: Rotom|[from] ability: Levitate
|
|upkeep
|turn|23
|
|t:|1758937302
|switch|p2a: Ogerpon|Ogerpon-Wellspring-Tera, F, tera:Water|38/100
|-ability|p2a: Ogerpon|Embody Aspect (Wellspring)|boost
|-boost|p2a: Ogerpon|spd|1
|move|p1a: Rotom|Will-O-Wisp|p2a: Ogerpon
|-status|p2a: Ogerpon|brn
|
|-damage|p2a: Ogerpon|32/100 brn|[from] brn
|upkeep
|turn|24
|
|t:|1758937312
|move|p2a: Ogerpon|Horn Leech|p1a: Rotom
|-supereffective|p1a: Rotom
|-damage|p1a: Rotom|42/100
|-heal|p2a: Ogerpon|56/100 brn|[from] drain|[of] p1a: Rotom
|move|p1a: Rotom|Volt Switch|p2a: Ogerpon
|-supereffective|p2a: Ogerpon
|-damage|p2a: Ogerpon|4/100 brn
|
|t:|1758937318
|switch|p1a: Cinderace|Cinderace, M|100/100|[from] Volt Switch
|
|-damage|p2a: Ogerpon|0 fnt|[from] brn
|faint|p2a: Ogerpon
|detailschange|p2: Ogerpon|Ogerpon-Wellspring, F|[silent]
|upkeep
|
|t:|1758937324
|switch|p2a: Garchomp|Garchomp, F|73/100
|turn|25
|
|t:|1758937328
|switch|p1a: Rotom|Rotom-Wash|42/100
|move|p2a: Garchomp|Earthquake|p1a: Rotom
|-immune|p1a: Rotom|[from] ability: Levitate
|
|-heal|p1a: Rotom|48/100|[from] item: Leftovers
|upkeep
|turn|26
|
|t:|1758937348
|switch|p2a: Cinderace|Cinderace, F|100/100
|move|p1a: Rotom|Hydro Pump|p2a: Cinderace
|-supereffective|p2a: Cinderace
|-damage|p2a: Cinderace|0 fnt
|faint|p2a: Cinderace
|
|-heal|p1a: Rotom|54/100|[from] item: Leftovers
|upkeep
|inactive|t04styy has 120 seconds left.
|
|t:|1758937392
|switch|p2a: Iron Moth|Iron Moth|92/100
|turn|27
|
|t:|1758937396
|-end|p2a: Iron Moth|Quark Drive|[silent]
|switch|p2a: Garchomp|Garchomp, F|73/100
|move|p1a: Rotom|Hydro Pump|p2a: Garchomp
|-crit|p2a: Garchomp
|-damage|p2a: Garchomp|0 fnt
|faint|p2a: Garchomp
|
|-heal|p1a: Rotom|60/100|[from] item: Leftovers
|upkeep
|
|t:|1758937404
|switch|p2a: Iron Moth|Iron Moth|92/100
|turn|28
|
|t:|1758937407
|move|p2a: Iron Moth|Sludge Wave|p1a: Rotom
|-damage|p1a: Rotom|0 fnt
|faint|p1a: Rotom
|
|upkeep
|
|t:|1758937411
|switch|p1a: Dachsbun|Dachsbun, M, tera:Steel|38/100
|turn|29
|
|t:|1758937418
|move|p2a: Iron Moth|Dazzling Gleam|p1a: Dachsbun
|-resisted|p1a: Dachsbun
|-damage|p1a: Dachsbun|21/100
|move|p1a: Dachsbun|Wish|p1a: Dachsbun
|
|-heal|p1a: Dachsbun|27/100|[from] item: Leftovers
|upkeep
|turn|30
|
|t:|1758937424
|-end|p2a: Iron Moth|Quark Drive|[silent]
|switch|p2a: Great Tusk|Great Tusk|100/100
|move|p1a: Dachsbun|Protect||[still]
|-fail|p1a: Dachsbun
|
|-heal|p1a: Dachsbun|77/100|[from] move: Wish|[wisher] Dachsbun
|-heal|p1a: Dachsbun|83/100|[from] item: Leftovers
|upkeep
|turn|31
|
|t:|1758937435
|switch|p1a: Houndstone|Houndstone, M|93/100
|move|p2a: Great Tusk|Headlong Rush|p1a: Houndstone
|-damage|p1a: Houndstone|63/100
|-unboost|p2a: Great Tusk|def|1
|-unboost|p2a: Great Tusk|spd|1
|-damage|p2a: Great Tusk|84/100|[from] item: Rocky Helmet|[of] p1a: Houndstone
|
|upkeep
|turn|32
|
|t:|1758937448
|move|p2a: Great Tusk|Stealth Rock|p1a: Houndstone
|-sidestart|p1: sir_miestro|move: Stealth Rock
|move|p1a: Houndstone|Psychic Fangs|p2a: Great Tusk
|-supereffective|p2a: Great Tusk
|-damage|p2a: Great Tusk|43/100
|
|upkeep
|turn|33
|
|t:|1758937456
|-end|p2a: Great Tusk|Protosynthesis|[silent]
|switch|p2a: Iron Moth|Iron Moth|92/100
|move|p1a: Houndstone|Psychic Fangs|p2a: Iron Moth
|-supereffective|p2a: Iron Moth
|-damage|p2a: Iron Moth|38/100
|
|upkeep
|turn|34
|
|t:|1758937462
|switch|p1a: Dachsbun|Dachsbun, M, tera:Steel|83/100
|-damage|p1a: Dachsbun|77/100|[from] Stealth Rock
|move|p2a: Iron Moth|Fiery Dance|p1a: Dachsbun
|-ability|p1a: Dachsbun|Well-Baked Body|boost
|-boost|p1a: Dachsbun|def|2
|
|-heal|p1a: Dachsbun|83/100|[from] item: Leftovers
|upkeep
|turn|35
|
|t:|1758937471
|move|p2a: Iron Moth|Morning Sun|p2a: Iron Moth
|-heal|p2a: Iron Moth|88/100
|move|p1a: Dachsbun|Body Press|p2a: Iron Moth
|-resisted|p2a: Iron Moth
|-damage|p2a: Iron Moth|49/100
|
|-heal|p1a: Dachsbun|89/100|[from] item: Leftovers
|upkeep
|turn|36
|-message|t04styy forfeited.
|
|win|sir_miestro
|raw|sir_miestro's rating: 1399 &rarr; <strong>1420</strong><br />(+21 for winning)
|raw|t04styy's rating: 1411 &rarr; <strong>1390</strong><br />(-21 for losing)
|l|☆t04styy
|player|p2|
|l|☆sir_miestro
|player|p1|
