|j|☆SBYK
|j|☆jucass
|t:|1759026788
|gametype|singles
|player|p1|SBYK|aaron|1426
|player|p2|jucass|170|1420
|gen|9
|tier|[Gen 9] OU
|rated|
|rule|HP Percentage Mod: HP is shown in percentages
|rule|Endless Battle Clause: Forcing endless battles is banned
|rule|Species Clause: Limit one of each Pokémon
|rule|OHKO Clause: OHKO moves are banned
|rule|Evasion Items Clause: Evasion items are banned
|rule|Evasion Moves Clause: Evasion moves are banned
|rule|Evasion Abilities Clause: Evasion abilities are banned
|rule|Sleep Moves Clause: Sleep-inducing moves are banned
|clearpoke
|poke|p1|Great Tusk|
|poke|p1|Walking Wake|
|poke|p1|Corviknight, F|
|poke|p1|Cinderace, F|
|poke|p1|Pawmot, M|
|poke|p1|Meowscarada, F|
|poke|p2|Cinderace, F|
|poke|p2|Dragonite, F|
|poke|p2|Great Tusk|
|poke|p2|Slowking-Galar, M|
|poke|p2|Weavile, M|
|poke|p2|Zapdos|
|teampreview
|inactive|Battle timer is ON: inactive players will automatically lose when time's up. (requested by SBYK)
|inactive|jucass has 120 seconds left.
|
|t:|1759026829
|teamsize|p1|6
|teamsize|p2|6
|start
|switch|p1a: Great Tusk|Great Tusk|100/100
|switch|p2a: Weavile|Weavile, M|100/100
|-ability|p2a: Weavile|Pressure
|turn|1
|
|t:|1759026854
|move|p2a: Weavile|Swords Dance|p2a: Weavile
|-boost|p2a: Weavile|atk|2
|move|p1a: Great Tusk|Ice Spinner|p2a: Weavile
|-resisted|p2a: Weavile
|-damage|p2a: Weavile|65/100
|
|upkeep
|turn|2
|
|t:|1759026863
|-end|p1a: Great Tusk|Protosynthesis|[silent]
|switch|p1a: Corviknight|Corviknight, F|100/100
|-ability|p1a: Corviknight|Pressure
|move|p2a: Weavile|Triple Axel|p1a: Corviknight
|-damage|p1a: Corviknight|88/100
|-damage|p2a: Weavile|49/100|[from] item: Rocky Helmet|[of] p1a: Corviknight
|-damage|p1a: Corviknight|63/100
|-damage|p2a: Weavile|32/100|[from] item: Rocky Helmet|[of] p1a: Corviknight
|-damage|p1a: Corviknight|27/100
|-damage|p2a: Weavile|16/100|[from] item: Rocky Helmet|[of] p1a: Corviknight
|-hitcount|p1a: Corviknight|3
|
|upkeep
|turn|3
|
|t:|1759026877
|move|p2a: Weavile|Knock Off|p1a: Corviknight
|-damage|p1a: Corviknight|0 fnt
|-damage|p2a: Weavile|0 fnt|[from] item: Rocky Helmet|[of] p1a: Corviknight
|faint|p1a: Corviknight
|faint|p2a: Weavile
|
|upkeep
|
|t:|1759026886
|switch|p2a: Zapdos|Zapdos|100/100
|switch|p1a: Pawmot|Pawmot, M|100/100
|turn|4
|
|t:|1759026894
|move|p1a: Pawmot|Revival Blessing|p1a: Pawmot
|-enditem|p1a: Pawmot|Leppa Berry|[eat]
|-activate|p1a: Pawmot|item: Leppa Berry|Revival Blessing|[consumed]
|
|t:|1759026896
|-heal|p1: Corviknight|50/100|[from] move: Revival Blessing
|move|p2a: Zapdos|Hurricane|p1a: Pawmot
|-damage|p1a: Pawmot|0 fnt
|faint|p1a: Pawmot
|
|upkeep
|
|t:|1759026899
|switch|p1a: Walking Wake|Walking Wake|100/100
|turn|5
|
|t:|1759026911
|move|p2a: Zapdos|Volt Switch|p1a: Walking Wake
|-damage|p1a: Walking Wake|78/100
|
|t:|1759026917
|switch|p2a: Slowking|Slowking-Galar, M|100/100|[from] Volt Switch
|move|p1a: Walking Wake|Hydro Steam|p2a: Slowking
|-damage|p2a: Slowking|81/100
|
|upkeep
|turn|6
|
|t:|1759026944
|move|p1a: Walking Wake|Flip Turn|p2a: Slowking
|-damage|p2a: Slowking|65/100
|
|t:|1759026947
|-end|p1a: Walking Wake|Protosynthesis|[silent]
|switch|p1a: Great Tusk|Great Tusk|100/100|[from] Flip Turn
|-prepare|p2a: Slowking|Chilly Reception|[premajor]
|move|p2a: Slowking|Chilly Reception|p2a: Slowking
|-weather|Snowscape
|
|t:|1759026954
|switch|p2a: Zapdos|Zapdos|100/100|[from] Chilly Reception
|
|-weather|Snowscape|[upkeep]
|upkeep
|turn|7
|
|t:|1759026973
|-terastallize|p1a: Great Tusk|Fire
|move|p2a: Zapdos|Hurricane|p1a: Great Tusk|[miss]
|-miss|p2a: Zapdos|p1a: Great Tusk
|move|p1a: Great Tusk|Ice Spinner|p2a: Zapdos
|-supereffective|p2a: Zapdos
|-damage|p2a: Zapdos|0 fnt
|-status|p1a: Great Tusk|par|[from] ability: Static|[of] p2a: Zapdos
|faint|p2a: Zapdos
|
|-weather|Snowscape|[upkeep]
|upkeep
|inactive|jucass has 120 seconds left.
|
|t:|1759026983
|switch|p2a: Great Tusk|Great Tusk|100/100
|turn|8
|
|t:|1759026989
|-end|p1a: Great Tusk|Protosynthesis|[silent]
|switch|p1a: Corviknight|Corviknight, F|50/100
|-ability|p1a: Corviknight|Pressure
|move|p2a: Great Tusk|Close Combat|p1a: Corviknight
|-damage|p1a: Corviknight|13/100
|-unboost|p2a: Great Tusk|def|1
|-unboost|p2a: Great Tusk|spd|1
|-damage|p2a: Great Tusk|84/100|[from] item: Rocky Helmet|[of] p1a: Corviknight
|
|-weather|Snowscape|[upkeep]
|-heal|p2a: Great Tusk|90/100|[from] item: Leftovers
|upkeep
|turn|9
|
|t:|1759026996
|move|p2a: Great Tusk|Close Combat|p1a: Corviknight
|-damage|p1a: Corviknight|0 fnt
|-unboost|p2a: Great Tusk|def|1
|-unboost|p2a: Great Tusk|spd|1
|-damage|p2a: Great Tusk|73/100|[from] item: Rocky Helmet|[of] p1a: Corviknight
|faint|p1a: Corviknight
|
|-weather|Snowscape|[upkeep]
|-heal|p2a: Great Tusk|80/100|[from] item: Leftovers
|upkeep
|
|t:|1759026998
|switch|p1a: Meowscarada|Meowscarada, F|100/100
|turn|10
|
|t:|1759027014
|move|p1a: Meowscarada|Trick|p2a: Great Tusk
|-start|p1a: Meowscarada|typechange|Psychic|[from] ability: Protean
|-activate|p1a: Meowscarada|move: Trick|[of] p2a: Great Tusk
|-item|p2a: Great Tusk|Choice Scarf|[from] move: Trick
|-item|p1a: Meowscarada|Leftovers|[from] move: Trick
|move|p2a: Great Tusk|Close Combat|p1a: Meowscarada
|-resisted|p1a: Meowscarada
|-damage|p1a: Meowscarada|48/100
|-unboost|p2a: Great Tusk|def|1
|-unboost|p2a: Great Tusk|spd|1
|
|-weather|none
|-heal|p1a: Meowscarada|54/100|[from] item: Leftovers
|upkeep
|turn|11
|
|t:|1759027021
|move|p2a: Great Tusk|Close Combat|p1a: Meowscarada
|-resisted|p1a: Meowscarada
|-damage|p1a: Meowscarada|6/100
|-unboost|p2a: Great Tusk|def|1
|-unboost|p2a: Great Tusk|spd|1
|move|p1a: Meowscarada|Flower Trick|p2a: Great Tusk
|-supereffective|p2a: Great Tusk
|-crit|p2a: Great Tusk
|-damage|p2a: Great Tusk|0 fnt
|faint|p2a: Great Tusk
|-end|p2a: Great Tusk|Protosynthesis|[silent]
|
|-heal|p1a: Meowscarada|12/100|[from] item: Leftovers
|upkeep
|
|t:|1759027041
|switch|p2a: Dragonite|Dragonite, F|100/100
|turn|12
|
|t:|1759027046
|move|p1a: Meowscarada|Knock Off|p2a: Dragonite
|-crit|p2a: Dragonite
|-damage|p2a: Dragonite|53/100
|-enditem|p2a: Dragonite|Loaded Dice|[from] move: Knock Off|[of] p1a: Meowscarada
|move|p2a: Dragonite|Dragon Dance|p2a: Dragonite
|-boost|p2a: Dragonite|atk|1
|-boost|p2a: Dragonite|spe|1
|
|-heal|p1a: Meowscarada|18/100|[from] item: Leftovers
|upkeep
|turn|13
|
|t:|1759027054
|switch|p1a: Great Tusk|Great Tusk, tera:Fire|100/100 par
|move|p2a: Dragonite|Scale Shot|p1a: Great Tusk
|-damage|p1a: Great Tusk|83/100 par
|-crit|p1a: Great Tusk
|-damage|p1a: Great Tusk|60/100 par
|-damage|p1a: Great Tusk|43/100 par
|-hitcount|p1a: Great Tusk|3
|-unboost|p2a: Dragonite|def|1
|-boost|p2a: Dragonite|spe|1
|
|upkeep
|turn|14
|
|t:|1759027063
|move|p2a: Dragonite|Scale Shot|p1a: Great Tusk
|-damage|p1a: Great Tusk|26/100 par
|-damage|p1a: Great Tusk|12/100 par
|-damage|p1a: Great Tusk|0 fnt
|faint|p1a: Great Tusk
|-end|p1a: Great Tusk|Protosynthesis|[silent]
|-hitcount|p1: Great Tusk|3
|-unboost|p2a: Dragonite|def|1
|-boost|p2a: Dragonite|spe|1
|
|upkeep
|
|t:|1759027065
|switch|p1a: Meowscarada|Meowscarada, F|18/100
|turn|15
|
|t:|1759027070
|move|p2a: Dragonite|Fire Punch|p1a: Meowscarada
|-supereffective|p1a: Meowscarada
|-damage|p1a: Meowscarada|0 fnt
|faint|p1a: Meowscarada
|
|upkeep
|
|t:|1759027075
|switch|p1a: Cinderace|Cinderace, F|100/100
|turn|16
|
|t:|1759027078
|move|p1a: Cinderace|Sucker Punch|p2a: Dragonite
|-start|p1a: Cinderace|typechange|Dark|[from] ability: Libero
|-damage|p2a: Dragonite|0 fnt
|faint|p2a: Dragonite
|
|upkeep
|
|t:|1759027083
|switch|p2a: Cinderace|Cinderace, F|100/100
|turn|17
|
|t:|1759027086
|move|p2a: Cinderace|High Jump Kick|p1a: Cinderace|[miss]
|-miss|p2a: Cinderace|p1a: Cinderace
|-damage|p2a: Cinderace|50/100|[from] highjumpkick
|move|p1a: Cinderace|U-turn|p2a: Cinderace
|-resisted|p2a: Cinderace
|-damage|p2a: Cinderace|35/100
|
|t:|1759027091
|switch|p1a: Walking Wake|Walking Wake|78/100|[from] U-turn
|
|upkeep
|turn|18
|
|t:|1759027105
|move|p2a: Cinderace|High Jump Kick|p1a: Walking Wake|[miss]
|-miss|p2a: Cinderace|p1a: Walking Wake
|-damage|p2a: Cinderace|0 fnt|[from] highjumpkick
|faint|p2a: Cinderace
|move|p1a: Walking Wake|Flip Turn|p2: Cinderace|[notarget]
|-fail|p1a: Walking Wake
|
|upkeep
|c|☆SBYK|I'm so sorry
|
|t:|1759027112
|switch|p2a: Slowking|Slowking-Galar, M|98/100
|turn|19
|
|t:|1759027116
|move|p1a: Walking Wake|Hydro Steam|p2a: Slowking
|-damage|p2a: Slowking|75/100
|move|p2a: Slowking|Future Sight|p1a: Walking Wake
|-start|p2a: Slowking|move: Future Sight
|
|upkeep
|turn|20
|
|t:|1759027122
|move|p1a: Walking Wake|Hydro Steam|p2a: Slowking
|-damage|p2a: Slowking|55/100
|move|p2a: Slowking|Sludge Bomb|p1a: Walking Wake
|-damage|p1a: Walking Wake|56/100
|-status|p1a: Walking Wake|psn
|
|-damage|p1a: Walking Wake|44/100 psn|[from] psn
|upkeep
|turn|21
|
|t:|1759027131
|move|p1a: Walking Wake|Hydro Steam|p2a: Slowking
|-damage|p2a: Slowking|33/100
|move|p2a: Slowking|Sludge Bomb|p1a: Walking Wake
|-damage|p1a: Walking Wake|21/100 psn
|
|-end|p1a: Walking Wake|move: Future Sight
|-damage|p1a: Walking Wake|0 fnt
|faint|p1a: Walking Wake
|-end|p1a: Walking Wake|Protosynthesis|[silent]
|upkeep
|
|t:|1759027134
|switch|p1a: Cinderace|Cinderace, F|100/100
|turn|22
|
|t:|1759027138
|-terastallize|p2a: Slowking|Water
|move|p1a: Cinderace|Pyro Ball|p2a: Slowking
|-resisted|p2a: Slowking
|-damage|p2a: Slowking|6/100
|move|p2a: Slowking|Sludge Bomb|p1a: Cinderace
|-damage|p1a: Cinderace|54/100
|
|upkeep
|turn|23
|
|t:|1759027146
|move|p1a: Cinderace|U-turn|p2a: Slowking
|-start|p1a: Cinderace|typechange|Bug|[from] ability: Libero
|-damage|p2a: Slowking|0 fnt
|faint|p2a: Slowking
|
|win|SBYK
|raw|SBYK's rating: 1426 &rarr; <strong>1446</strong><br />(+20 for winning)
|raw|jucass's rating: 1420 &rarr; <strong>1400</strong><br />(-20 for losing)
|l|☆SBYK
|player|p1|
|l|☆jucass
|player|p2|
