|j|☆fulkttd
|j|☆Dabsito
|t:|1758988999
|gametype|singles
|player|p1|fulkttd|zinzolin|1323
|player|p2|Dabsito|1|1296
|gen|9
|tier|[Gen 9] OU
|rated|
|rule|HP Percentage Mod: HP is shown in percentages
|rule|Endless Battle Clause: Forcing endless battles is banned
|rule|Species Clause: Limit one of each Pokémon
|rule|OHKO Clause: OHKO moves are banned
|rule|Evasion Items Clause: Evasion items are banned
|rule|Evasion Moves Clause: Evasion moves are banned
|rule|Evasion Abilities Clause: Evasion abilities are banned
|rule|Sleep Moves Clause: Sleep-inducing moves are banned
|clearpoke
|poke|p1|Dragapult, F|
|poke|p1|Great Tusk|
|poke|p1|Hatterene, F|
|poke|p1|Slowking-Galar, F|
|poke|p1|Gholdengo|
|poke|p1|Ogerpon-Wellspring, F|
|poke|p2|Garganacl, M|
|poke|p2|Illumise, F|
|poke|p2|Cryogonal|
|poke|p2|Breloom, F|
|poke|p2|Iron Jugulis|
|poke|p2|Altaria, F|
|teampreview
|inactive|Battle timer is ON: inactive players will automatically lose when time's up. (requested by fulkttd)
|
|t:|1758989008
|teamsize|p1|6
|teamsize|p2|6
|start
|switch|p1a: Dragapult|Dragapult, F|100/100
|switch|p2a: Breloom|Breloom, F|100/100
|turn|1
|
|t:|1758989019
|switch|p2a: Garganacl|Garganacl, M|100/100
|move|p1a: Dragapult|U-turn|p2a: Garganacl
|-damage|p2a: Garganacl|89/100
|-damage|p1a: Dragapult|84/100|[from] item: Rocky Helmet|[of] p2a: Garganacl
|
|t:|1758989029
|switch|p1a: Great Tusk|Great Tusk|100/100|[from] U-turn
|
|upkeep
|turn|2
|
|t:|1758989038
|switch|p2a: Illumise|Illumise, F|100/100
|move|p1a: Great Tusk|Close Combat|p2a: Illumise
|-resisted|p2a: Illumise
|-damage|p2a: Illumise|66/100
|-unboost|p1a: Great Tusk|def|1
|-unboost|p1a: Great Tusk|spd|1
|
|-heal|p2a: Illumise|72/100|[from] item: Leftovers
|upkeep
|turn|3
|
|t:|1758989044
|-end|p1a: Great Tusk|Protosynthesis|[silent]
|switch|p1a: Gholdengo|Gholdengo|100/100
|move|p2a: Illumise|Encore|p1a: Gholdengo
|-immune|p1a: Gholdengo|[from] ability: Good as Gold
|
|-heal|p2a: Illumise|78/100|[from] item: Leftovers
|upkeep
|turn|4
|
|t:|1758989051
|move|p1a: Gholdengo|Make It Rain|p2a: Illumise
|-damage|p2a: Illumise|19/100
|-unboost|p1a: Gholdengo|spa|1
|move|p2a: Illumise|U-turn|p1a: Gholdengo
|-resisted|p1a: Gholdengo
|-damage|p1a: Gholdengo|97/100
|
|t:|1758989060
|switch|p2a: Garganacl|Garganacl, M|89/100|[from] U-turn
|
|upkeep
|turn|5
|
|t:|1758989065
|switch|p1a: Great Tusk|Great Tusk|100/100
|move|p2a: Garganacl|Salt Cure|p1a: Great Tusk
|-resisted|p1a: Great Tusk
|-crit|p1a: Great Tusk
|-damage|p1a: Great Tusk|97/100
|-start|p1a: Great Tusk|Salt Cure
|
|-damage|p1a: Great Tusk|85/100|[from] Salt Cure
|upkeep
|turn|6
|
|t:|1758989074
|switch|p2a: Altaria|Altaria, F|100/100
|move|p1a: Great Tusk|Close Combat|p2a: Altaria
|-resisted|p2a: Altaria
|-damage|p2a: Altaria|73/100
|-unboost|p1a: Great Tusk|def|1
|-unboost|p1a: Great Tusk|spd|1
|
|-heal|p2a: Altaria|80/100|[from] item: Leftovers
|-damage|p1a: Great Tusk|72/100|[from] Salt Cure
|upkeep
|turn|7
|
|t:|1758989079
|-end|p1a: Great Tusk|Protosynthesis|[silent]
|switch|p1a: Hatterene|Hatterene, F|100/100
|move|p2a: Altaria|Fire Spin|p1a: Hatterene
|-damage|p1a: Hatterene|94/100
|-activate|p1a: Hatterene|move: Fire Spin|[of] p2a: Altaria
|
|-heal|p2a: Altaria|86/100|[from] item: Leftovers
|-heal|p1a: Hatterene|99/100|[from] item: Leftovers
|-damage|p1a: Hatterene|87/100|[from] move: Fire Spin|[partiallytrapped]
|upkeep
|turn|8
|
|t:|1758989084
|move|p2a: Altaria|Perish Song|p2a: Altaria
|-start|p1a: Hatterene|perish3|[silent]
|-start|p2a: Altaria|perish3|[silent]
|-fieldactivate|move: Perish Song
|move|p1a: Hatterene|Calm Mind|p1a: Hatterene
|-boost|p1a: Hatterene|spa|1
|-boost|p1a: Hatterene|spd|1
|
|-heal|p2a: Altaria|92/100|[from] item: Leftovers
|-heal|p1a: Hatterene|93/100|[from] item: Leftovers
|-damage|p1a: Hatterene|81/100|[from] move: Fire Spin|[partiallytrapped]
|-start|p2a: Altaria|perish3
|-start|p1a: Hatterene|perish3
|upkeep
|turn|9
|
|t:|1758989093
|move|p2a: Altaria|Protect|p2a: Altaria
|-singleturn|p2a: Altaria|Protect
|move|p1a: Hatterene|Draining Kiss|p2a: Altaria
|-activate|p2a: Altaria|move: Protect
|
|-heal|p2a: Altaria|98/100|[from] item: Leftovers
|-heal|p1a: Hatterene|87/100|[from] item: Leftovers
|-damage|p1a: Hatterene|75/100|[from] move: Fire Spin|[partiallytrapped]
|-start|p2a: Altaria|perish2
|-start|p1a: Hatterene|perish2
|upkeep
|turn|10
|
|t:|1758989099
|move|p2a: Altaria|Fire Spin|p1a: Hatterene
|-damage|p1a: Hatterene|70/100
|move|p1a: Hatterene|Draining Kiss|p2a: Altaria
|-supereffective|p2a: Altaria
|-damage|p2a: Altaria|44/100
|-heal|p1a: Hatterene|100/100|[from] drain|[of] p2a: Altaria
|
|-heal|p2a: Altaria|50/100|[from] item: Leftovers
|-damage|p1a: Hatterene|88/100|[from] move: Fire Spin|[partiallytrapped]
|-start|p2a: Altaria|perish1
|-start|p1a: Hatterene|perish1
|upkeep
|turn|11
|
|t:|1758989110
|switch|p2a: Cryogonal|Cryogonal|100/100
|move|p1a: Hatterene|Draining Kiss|p2a: Cryogonal
|-damage|p2a: Cryogonal|81/100
|-heal|p1a: Hatterene|100/100|[from] drain|[of] p2a: Cryogonal
|
|-end|p1a: Hatterene|Fire Spin|[partiallytrapped]
|-start|p1a: Hatterene|perish0
|upkeep
|faint|p1a: Hatterene
|
|t:|1758989117
|switch|p1a: Slowking|Slowking-Galar, F|100/100
|turn|12
|
|t:|1758989122
|move|p2a: Cryogonal|Freeze-Dry|p1a: Slowking
|-damage|p1a: Slowking|87/100
|move|p1a: Slowking|Future Sight|p2a: Cryogonal
|-start|p1a: Slowking|move: Future Sight
|
|upkeep
|turn|13
|
|t:|1758989127
|move|p2a: Cryogonal|Freeze-Dry|p1a: Slowking
|-damage|p1a: Slowking|75/100
|move|p1a: Slowking|Flamethrower|p2a: Cryogonal
|-supereffective|p2a: Cryogonal
|-crit|p2a: Cryogonal
|-damage|p2a: Cryogonal|26/100
|
|upkeep
|turn|14
|
|t:|1758989132
|move|p2a: Cryogonal|Recover|p2a: Cryogonal
|-heal|p2a: Cryogonal|76/100
|move|p1a: Slowking|Sludge Wave|p2a: Cryogonal
|-damage|p2a: Cryogonal|51/100
|
|-end|p2a: Cryogonal|move: Future Sight
|-damage|p2a: Cryogonal|15/100
|upkeep
|turn|15
|
|t:|1758989139
|move|p2a: Cryogonal|Recover|p2a: Cryogonal
|-heal|p2a: Cryogonal|65/100
|move|p1a: Slowking|Future Sight|p2a: Cryogonal
|-start|p1a: Slowking|move: Future Sight
|
|upkeep
|turn|16
|
|t:|1758989143
|move|p2a: Cryogonal|Freeze-Dry|p1a: Slowking
|-damage|p1a: Slowking|63/100
|move|p1a: Slowking|Flamethrower|p2a: Cryogonal
|-supereffective|p2a: Cryogonal
|-damage|p2a: Cryogonal|31/100
|
|upkeep
|turn|17
|
|t:|1758989158
|switch|p2a: Iron Jugulis|Iron Jugulis|100/100
|-enditem|p2a: Iron Jugulis|Booster Energy
|-activate|p2a: Iron Jugulis|ability: Quark Drive|[fromitem]
|-start|p2a: Iron Jugulis|quarkdrivespe
|move|p1a: Slowking|Flamethrower|p2a: Iron Jugulis
|-damage|p2a: Iron Jugulis|63/100
|
|-end|p2a: Iron Jugulis|move: Future Sight
|-immune|p2a: Iron Jugulis
|upkeep
|turn|18
|
|t:|1758989167
|move|p2a: Iron Jugulis|Dark Pulse|p1a: Slowking
|-supereffective|p1a: Slowking
|-damage|p1a: Slowking|24/100
|move|p1a: Slowking|Ice Beam|p2a: Iron Jugulis
|-supereffective|p2a: Iron Jugulis
|-damage|p2a: Iron Jugulis|0 fnt
|faint|p2a: Iron Jugulis
|-end|p2a: Iron Jugulis|Quark Drive|[silent]
|
|upkeep
|
|t:|1758989175
|switch|p2a: Breloom|Breloom, F|100/100
|turn|19
|
|t:|1758989180
|switch|p1a: Dragapult|Dragapult, F|84/100
|move|p2a: Breloom|Rock Tomb|p1a: Dragapult
|-damage|p1a: Dragapult|40/100
|-unboost|p1a: Dragapult|spe|1
|
|upkeep
|turn|20
|
|t:|1758989188
|move|p1a: Dragapult|U-turn|p2a: Breloom
|-damage|p2a: Breloom|72/100
|
|t:|1758989193
|switch|p1a: Gholdengo|Gholdengo|97/100|[from] U-turn
|move|p2a: Breloom|Rock Tomb|p1a: Gholdengo
|-resisted|p1a: Gholdengo
|-crit|p1a: Gholdengo
|-damage|p1a: Gholdengo|72/100
|-unboost|p1a: Gholdengo|spe|1
|
|upkeep
|turn|21
|
|t:|1758989204
|switch|p2a: Altaria|Altaria, F|50/100
|move|p1a: Gholdengo|Make It Rain|p2a: Altaria
|-damage|p2a: Altaria|0 fnt
|-unboost|p1a: Gholdengo|spa|1
|faint|p2a: Altaria
|
|upkeep
|
|t:|1758989209
|switch|p2a: Garganacl|Garganacl, M|89/100
|turn|22
|
|t:|1758989215
|switch|p1a: Slowking|Slowking-Galar, F|57/100
|-terastallize|p2a: Garganacl|Water
|move|p2a: Garganacl|Stealth Rock|p1a: Slowking
|-sidestart|p1: fulkttd|move: Stealth Rock
|
|upkeep
|turn|23
|
|t:|1758989222
|move|p2a: Garganacl|Salt Cure|p1a: Slowking
|-damage|p1a: Slowking|42/100
|-start|p1a: Slowking|Salt Cure
|move|p1a: Slowking|Future Sight|p2a: Garganacl
|-start|p1a: Slowking|move: Future Sight
|
|-damage|p1a: Slowking|30/100|[from] Salt Cure
|upkeep
|turn|24
|
|t:|1758989234
|switch|p1a: Great Tusk|Great Tusk|72/100
|move|p2a: Garganacl|Salt Cure|p1a: Great Tusk
|-resisted|p1a: Great Tusk
|-damage|p1a: Great Tusk|70/100
|-start|p1a: Great Tusk|Salt Cure
|
|-damage|p1a: Great Tusk|58/100|[from] Salt Cure
|upkeep
|turn|25
|
|t:|1758989243
|move|p1a: Great Tusk|Rapid Spin|p2a: Garganacl
|-damage|p2a: Garganacl|79/100
|-boost|p1a: Great Tusk|spe|1
|-damage|p1a: Great Tusk|41/100|[from] item: Rocky Helmet|[of] p2a: Garganacl
|-sideend|p1: fulkttd|Stealth Rock|[from] move: Rapid Spin|[of] p1a: Great Tusk
|move|p2a: Garganacl|Body Press|p1a: Great Tusk
|-damage|p1a: Great Tusk|18/100
|
|-end|p2a: Garganacl|move: Future Sight
|-damage|p2a: Garganacl|20/100
|-damage|p1a: Great Tusk|6/100|[from] Salt Cure
|upkeep
|turn|26
|
|t:|1758989261
|-end|p1a: Great Tusk|Protosynthesis|[silent]
|switch|p1a: Ogerpon|Ogerpon-Wellspring, F|100/100
|switch|p2a: Illumise|Illumise, F|19/100
|
|-heal|p2a: Illumise|25/100|[from] item: Leftovers
|upkeep
|turn|27
|
|t:|1758989268
|switch|p1a: Gholdengo|Gholdengo|72/100
|move|p2a: Illumise|Thunder Wave|p1a: Gholdengo
|-immune|p1a: Gholdengo|[from] ability: Good as Gold
|
|-heal|p2a: Illumise|31/100|[from] item: Leftovers
|upkeep
|turn|28
|
|t:|1758989281
|move|p2a: Illumise|Wish|p2a: Illumise
|move|p1a: Gholdengo|Dazzling Gleam|p2a: Illumise
|-damage|p2a: Illumise|6/100
|
|-heal|p2a: Illumise|12/100|[from] item: Leftovers
|upkeep
|turn|29
|
|t:|1758989289
|switch|p1a: Slowking|Slowking-Galar, F|63/100
|switch|p2a: Cryogonal|Cryogonal|31/100
|
|-heal|p2a: Cryogonal|77/100|[from] move: Wish|[wisher] Illumise
|upkeep
|turn|30
|
|t:|1758989296
|move|p2a: Cryogonal|Freeze-Dry|p1a: Slowking
|-damage|p1a: Slowking|52/100
|move|p1a: Slowking|Future Sight|p2a: Cryogonal
|-start|p1a: Slowking|move: Future Sight
|
|upkeep
|turn|31
|
|t:|1758989300
|move|p2a: Cryogonal|Freeze-Dry|p1a: Slowking
|-damage|p1a: Slowking|38/100
|move|p1a: Slowking|Flamethrower|p2a: Cryogonal
|-supereffective|p2a: Cryogonal
|-damage|p2a: Cryogonal|41/100
|
|upkeep
|turn|32
|
|t:|1758989306
|move|p2a: Cryogonal|Freeze-Dry|p1a: Slowking
|-damage|p1a: Slowking|26/100
|move|p1a: Slowking|Flamethrower|p2a: Cryogonal
|-supereffective|p2a: Cryogonal
|-damage|p2a: Cryogonal|5/100
|-status|p2a: Cryogonal|brn
|
|-end|p2a: Cryogonal|move: Future Sight
|-damage|p2a: Cryogonal|0 fnt
|faint|p2a: Cryogonal
|upkeep
|
|t:|1758989312
|switch|p2a: Breloom|Breloom, F|72/100
|turn|33
|
|t:|1758989317
|switch|p1a: Dragapult|Dragapult, F|40/100
|move|p2a: Breloom|Bullet Seed|p1a: Dragapult
|-resisted|p1a: Dragapult
|-damage|p1a: Dragapult|27/100
|-resisted|p1a: Dragapult
|-damage|p1a: Dragapult|15/100
|-resisted|p1a: Dragapult
|-damage|p1a: Dragapult|2/100
|-resisted|p1a: Dragapult
|-damage|p1a: Dragapult|0 fnt
|faint|p1a: Dragapult
|-hitcount|p1: Dragapult|4
|
|upkeep
|
|t:|1758989324
|switch|p1a: Gholdengo|Gholdengo|72/100
|turn|34
|
|t:|1758989334
|switch|p2a: Illumise|Illumise, F|12/100
|move|p1a: Gholdengo|Make It Rain|p2a: Illumise
|-damage|p2a: Illumise|0 fnt
|-unboost|p1a: Gholdengo|spa|1
|faint|p2a: Illumise
|
|upkeep
|
|t:|1758989339
|switch|p2a: Garganacl|Garganacl, M, tera:Water|20/100
|turn|35
|
|t:|1758989342
|move|p1a: Gholdengo|Make It Rain|p2a: Garganacl
|-resisted|p2a: Garganacl
|-damage|p2a: Garganacl|1/100
|-unboost|p1a: Gholdengo|spa|1
|move|p2a: Garganacl|Recover|p2a: Garganacl
|-heal|p2a: Garganacl|51/100
|
|upkeep
|turn|36
|
|t:|1758989347
|switch|p1a: Ogerpon|Ogerpon-Wellspring, F|100/100
|move|p2a: Garganacl|Recover|p2a: Garganacl
|-heal|p2a: Garganacl|100/100
|
|upkeep
|turn|37
|
|t:|1758989350
|switch|p2a: Breloom|Breloom, F|72/100
|move|p1a: Ogerpon|Encore||[still]
|-fail|p1a: Ogerpon
|
|upkeep
|turn|38
|
|t:|1758989358
|switch|p1a: Great Tusk|Great Tusk|6/100
|move|p2a: Breloom|Bullet Seed|p1a: Great Tusk
|-supereffective|p1a: Great Tusk
|-damage|p1a: Great Tusk|0 fnt
|faint|p1a: Great Tusk
|-end|p1a: Great Tusk|Protosynthesis|[silent]
|-hitcount|p1: Great Tusk|1
|
|upkeep
|
|t:|1758989364
|switch|p1a: Slowking|Slowking-Galar, F|59/100
|turn|39
|
|t:|1758989368
|switch|p2a: Garganacl|Garganacl, M, tera:Water|100/100
|move|p1a: Slowking|Future Sight|p2a: Garganacl
|-start|p1a: Slowking|move: Future Sight
|
|upkeep
|turn|40
|
|t:|1758989374
|move|p2a: Garganacl|Stealth Rock|p1a: Slowking
|-sidestart|p1: fulkttd|move: Stealth Rock
|move|p1a: Slowking|Sludge Wave|p2a: Garganacl
|-damage|p2a: Garganacl|53/100
|
|upkeep
|turn|41
|
|t:|1758989380
|move|p2a: Garganacl|Recover|p2a: Garganacl
|-heal|p2a: Garganacl|100/100
|move|p1a: Slowking|Sludge Wave|p2a: Garganacl
|-damage|p2a: Garganacl|57/100
|
|-end|p2a: Garganacl|move: Future Sight
|-damage|p2a: Garganacl|2/100
|upkeep
|turn|42
|
|t:|1758989387
|move|p2a: Garganacl|Recover|p2a: Garganacl
|-heal|p2a: Garganacl|52/100
|move|p1a: Slowking|Sludge Wave|p2a: Garganacl
|-damage|p2a: Garganacl|10/100
|
|upkeep
|turn|43
|
|t:|1758989393
|move|p2a: Garganacl|Salt Cure|p1a: Slowking
|-damage|p1a: Slowking|45/100
|-start|p1a: Slowking|Salt Cure
|move|p1a: Slowking|Future Sight|p2a: Garganacl
|-start|p1a: Slowking|move: Future Sight
|
|-damage|p1a: Slowking|32/100|[from] Salt Cure
|upkeep
|turn|44
|
|t:|1758989395
|move|p2a: Garganacl|Recover|p2a: Garganacl
|-heal|p2a: Garganacl|60/100
|move|p1a: Slowking|Sludge Wave|p2a: Garganacl
|-damage|p2a: Garganacl|19/100
|
|-damage|p1a: Slowking|20/100|[from] Salt Cure
|upkeep
|turn|45
|
|t:|1758989400
|move|p2a: Garganacl|Recover|p2a: Garganacl
|-heal|p2a: Garganacl|69/100
|move|p1a: Slowking|Sludge Wave|p2a: Garganacl
|-damage|p2a: Garganacl|26/100
|
|-end|p2a: Garganacl|move: Future Sight
|-damage|p2a: Garganacl|0 fnt
|faint|p2a: Garganacl
|-damage|p1a: Slowking|7/100|[from] Salt Cure
|upkeep
|
|t:|1758989405
|switch|p2a: Breloom|Breloom, F|72/100
|turn|46
|
|t:|1758989407
|move|p2a: Breloom|Rock Tomb|p1a: Slowking
|-damage|p1a: Slowking|0 fnt
|faint|p1a: Slowking
|
|upkeep
|
|t:|1758989411
|switch|p1a: Gholdengo|Gholdengo|72/100
|-damage|p1a: Gholdengo|66/100|[from] Stealth Rock
|turn|47
|
|t:|1758989413
|move|p1a: Gholdengo|Make It Rain|p2a: Breloom
|-damage|p2a: Breloom|0 fnt
|-unboost|p1a: Gholdengo|spa|1
|faint|p2a: Breloom
|
|win|fulkttd
|raw|fulkttd's rating: 1323 &rarr; <strong>1341</strong><br />(+18 for winning)
|raw|Dabsito's rating: 1296 &rarr; <strong>1273</strong><br />(-23 for losing)
|l|☆Dabsito
|player|p2|
|l|☆fulkttd
|player|p1|
