|j|☆Yourragez
|j|☆Siroperation
|t:|1759025739
|gametype|singles
|player|p1|Yourragez|101|1439
|player|p2|Siroperation|170|1447
|gen|9
|tier|[Gen 9] OU
|rated|
|rule|HP Percentage Mod: HP is shown in percentages
|rule|Endless Battle Clause: Forcing endless battles is banned
|rule|Species Clause: Limit one of each Pokémon
|rule|OHKO Clause: OHKO moves are banned
|rule|Evasion Items Clause: Evasion items are banned
|rule|Evasion Moves Clause: Evasion moves are banned
|rule|Evasion Abilities Clause: Evasion abilities are banned
|rule|Sleep Moves Clause: Sleep-inducing moves are banned
|clearpoke
|poke|p1|Electivire, F|
|poke|p1|Gyarados, F|
|poke|p1|Donphan, M|
|poke|p1|Dragapult, F|
|poke|p1|Iron Moth|
|poke|p1|Slither Wing|
|poke|p2|Conkeldurr, M|
|poke|p2|Alomomola, F|
|poke|p2|Cyclizar, F|
|poke|p2|Gliscor, F|
|poke|p2|Clefable, F|
|poke|p2|Gholdengo|
|teampreview
|
|t:|1759025784
|teamsize|p1|6
|teamsize|p2|6
|start
|switch|p1a: Dragapult|Dragapult, F|100/100
|switch|p2a: Gliscor|Gliscor, F|100/100
|turn|1
|
|t:|1759025789
|move|p2a: Gliscor|Protect|p2a: Gliscor
|-singleturn|p2a: Gliscor|Protect
|move|p1a: Dragapult|Reflect|p1a: Dragapult
|-sidestart|p1: Yourragez|Reflect
|
|-status|p2a: Gliscor|tox|[from] item: Toxic Orb
|upkeep
|turn|2
|
|t:|1759025793
|move|p1a: Dragapult|Light Screen|p1a: Dragapult
|-sidestart|p1: Yourragez|move: Light Screen
|move|p2a: Gliscor|Spikes|p1a: Dragapult
|-sidestart|p1: Yourragez|Spikes
|
|upkeep
|turn|3
|
|t:|1759025796
|move|p1a: Dragapult|Curse|p2a: Gliscor
|-start|p2a: Gliscor|Curse|[of] p1a: Dragapult
|-damage|p1a: Dragapult|50/100
|move|p2a: Gliscor|Spikes|p1a: Dragapult
|-sidestart|p1: Yourragez|Spikes
|
|-damage|p2a: Gliscor|75/100 tox|[from] Curse
|upkeep
|turn|4
|
|t:|1759025810
|switch|p1a: Electivire|Electivire, F|100/100
|-item|p1a: Electivire|Air Balloon
|move|p2a: Gliscor|Spikes|p1a: Electivire
|-sidestart|p1: Yourragez|Spikes
|
|-heal|p2a: Gliscor|88/100 tox|[from] ability: Poison Heal
|-damage|p2a: Gliscor|63/100 tox|[from] Curse
|upkeep
|turn|5
|
|t:|1759025824
|move|p1a: Electivire|Bulk Up|p1a: Electivire
|-boost|p1a: Electivire|atk|1
|-boost|p1a: Electivire|def|1
|move|p2a: Gliscor|Toxic|p1a: Electivire
|-status|p1a: Electivire|tox
|
|-damage|p1a: Electivire|94/100 tox|[from] psn
|-heal|p2a: Gliscor|75/100 tox|[from] ability: Poison Heal
|-damage|p2a: Gliscor|50/100 tox|[from] Curse
|upkeep
|turn|6
|
|t:|1759025838
|switch|p2a: Cyclizar|Cyclizar, F, shiny|100/100
|move|p1a: Electivire|Ice Punch|p2a: Cyclizar
|-supereffective|p2a: Cyclizar
|-damage|p2a: Cyclizar|4/100
|
|-damage|p1a: Electivire|82/100 tox|[from] psn
|upkeep
|turn|7
|
|t:|1759025846
|move|p2a: Cyclizar|U-turn|p1a: Electivire
|-damage|p1a: Electivire|73/100 tox
|-enditem|p1a: Electivire|Air Balloon
|
|t:|1759025859
|switch|p2a: Alomomola|Alomomola, F|100/100|[from] U-turn
|move|p1a: Electivire|Knock Off|p2a: Alomomola
|-damage|p2a: Alomomola|74/100
|-enditem|p2a: Alomomola|Heavy-Duty Boots|[from] move: Knock Off|[of] p1a: Electivire
|
|-damage|p1a: Electivire|54/100 tox|[from] psn
|upkeep
|turn|8
|
|t:|1759025870
|switch|p1a: Donphan|Donphan, M|100/100
|-damage|p1a: Donphan|76/100|[from] Spikes
|move|p2a: Alomomola|Protect||[still]
|-fail|p2a: Alomomola
|
|-sideend|p1: Yourragez|Reflect
|upkeep
|turn|9
|
|t:|1759025876
|switch|p2a: Gholdengo|Gholdengo|100/100
|-item|p2a: Gholdengo|Air Balloon
|move|p1a: Donphan|Earthquake|p2a: Gholdengo
|-immune|p2a: Gholdengo
|
|-sideend|p1: Yourragez|move: Light Screen
|upkeep
|turn|10
|
|t:|1759025893
|switch|p1a: Dragapult|Dragapult, F|50/100
|-damage|p1a: Dragapult|25/100|[from] Spikes
|move|p2a: Gholdengo|Make It Rain|p1a: Dragapult
|-damage|p1a: Dragapult|0 fnt
|-unboost|p2a: Gholdengo|spa|1
|faint|p1a: Dragapult
|
|upkeep
|
|t:|1759025915
|switch|p1a: Iron Moth|Iron Moth|100/100
|-damage|p1a: Iron Moth|76/100|[from] Spikes
|-enditem|p1a: Iron Moth|Booster Energy
|-activate|p1a: Iron Moth|ability: Quark Drive|[fromitem]
|-start|p1a: Iron Moth|quarkdrivespe
|turn|11
|l|☆Yourragez
|player|p1|
|j|☆Yourragez
|player|p1|Yourragez|101|
|inactive|Battle timer is ON: inactive players will automatically lose when time's up. (requested by Yourragez)
|
|t:|1759025956
|move|p1a: Iron Moth|Fiery Dance|p2a: Gholdengo
|-supereffective|p2a: Gholdengo
|-damage|p2a: Gholdengo|14/100
|-boost|p1a: Iron Moth|spa|1
|-enditem|p2a: Gholdengo|Air Balloon
|move|p2a: Gholdengo|Thunder Wave|p1a: Iron Moth
|-status|p1a: Iron Moth|par
|
|upkeep
|turn|12
|
|t:|1759025976
|move|p1a: Iron Moth|Fiery Dance|p2a: Gholdengo
|-supereffective|p2a: Gholdengo
|-damage|p2a: Gholdengo|0 fnt
|-boost|p1a: Iron Moth|spa|1
|faint|p2a: Gholdengo
|
|upkeep
|
|t:|1759025980
|switch|p2a: Alomomola|Alomomola, F|100/100
|turn|13
|
|t:|1759025984
|move|p1a: Iron Moth|Energy Ball|p2a: Alomomola
|-supereffective|p2a: Alomomola
|-damage|p2a: Alomomola|0 fnt
|faint|p2a: Alomomola
|
|upkeep
|
|t:|1759025994
|switch|p2a: Gliscor|Gliscor, F|50/100 tox
|turn|14
|
|t:|1759025999
|move|p1a: Iron Moth|Fiery Dance|p2a: Gliscor
|-damage|p2a: Gliscor|0 fnt
|-boost|p1a: Iron Moth|spa|1
|faint|p2a: Gliscor
|
|upkeep
|
|t:|1759026004
|switch|p2a: Cyclizar|Cyclizar, F, shiny|37/100
|turn|15
|
|t:|1759026008
|move|p1a: Iron Moth|Dazzling Gleam|p2a: Cyclizar
|-supereffective|p2a: Cyclizar
|-damage|p2a: Cyclizar|0 fnt
|faint|p2a: Cyclizar
|
|upkeep
|
|t:|1759026011
|switch|p2a: Clefable|Clefable, F|100/100
|turn|16
|
|t:|1759026016
|move|p1a: Iron Moth|Sludge Wave|p2a: Clefable
|-supereffective|p2a: Clefable
|-damage|p2a: Clefable|0 fnt
|faint|p2a: Clefable
|
|upkeep
|
|t:|1759026017
|switch|p2a: Conkeldurr|Conkeldurr, M|100/100
|turn|17
|
|t:|1759026020
|move|p1a: Iron Moth|Dazzling Gleam|p2a: Conkeldurr
|-supereffective|p2a: Conkeldurr
|-damage|p2a: Conkeldurr|0 fnt
|faint|p2a: Conkeldurr
|
|win|Yourragez
|raw|Yourragez's rating: 1439 &rarr; <strong>1459</strong><br />(+20 for winning)
|raw|Siroperation's rating: 1447 &rarr; <strong>1427</strong><br />(-20 for losing)
|l|☆Siroperation
|player|p2|
|l|☆Yourragez
|player|p1|
