|j|☆thodoras edition
|j|☆Sunshinne
|t:|1759057950
|gametype|singles
|player|p1|thodoras edition|169|1674
|player|p2|Sunshinne|caitlin|1699
|gen|9
|tier|[Gen 9] OU
|rated|
|rule|HP Percentage Mod: HP is shown in percentages
|rule|Endless Battle Clause: Forcing endless battles is banned
|rule|Species Clause: Limit one of each Pokémon
|rule|OHKO Clause: OHKO moves are banned
|rule|Evasion Items Clause: Evasion items are banned
|rule|Evasion Moves Clause: Evasion moves are banned
|rule|Evasion Abilities Clause: Evasion abilities are banned
|rule|Sleep Moves Clause: Sleep-inducing moves are banned
|clearpoke
|poke|p1|Alomomola, M|
|poke|p1|Moltres|
|poke|p1|Lokix, M|
|poke|p1|Great Tusk|
|poke|p1|Dragalge, F|
|poke|p1|Gholdengo|
|poke|p2|Ribombee, M|
|poke|p2|Glimmora, M|
|poke|p2|Manaphy|
|poke|p2|Zamazenta-*|
|poke|p2|Gholdengo|
|poke|p2|Kingambit, M|
|teampreview
|inactive|Battle timer is ON: inactive players will automatically lose when time's up. (requested by Sunshinne)
|inactive|thodoras edition has 120 seconds left.
|j| Cachou10
|
|t:|1759057998
|teamsize|p1|6
|teamsize|p2|6
|start
|switch|p1a: Gholdengo|Gholdengo|100/100
|switch|p2a: Ribombee|Ribombee, M|100/100
|turn|1
|l| Cachou10
|
|t:|1759058003
|move|p1a: Gholdengo|Make It Rain|p2a: Ribombee
|-supereffective|p2a: Ribombee
|-enditem|p2a: Ribombee|Focus Sash
|-damage|p2a: Ribombee|1/100
|-unboost|p1a: Gholdengo|spa|1
|move|p2a: Ribombee|Sticky Web|p1a: Gholdengo
|-sidestart|p1: thodoras edition|move: Sticky Web
|
|upkeep
|turn|2
|
|t:|1759058009
|switch|p2a: Manaphy|Manaphy|100/100
|move|p1a: Gholdengo|Make It Rain|p2a: Manaphy
|-resisted|p2a: Manaphy
|-damage|p2a: Manaphy|82/100
|-unboost|p1a: Gholdengo|spa|1
|
|-heal|p2a: Manaphy|89/100|[from] item: Leftovers
|upkeep
|turn|3
|
|t:|1759058017
|switch|p1a: Alomomola|Alomomola, M|100/100
|-activate|p1a: Alomomola|move: Sticky Web
|-unboost|p1a: Alomomola|spe|1
|move|p2a: Manaphy|Tail Glow|p2a: Manaphy
|-boost|p2a: Manaphy|spa|3
|
|-heal|p2a: Manaphy|95/100|[from] item: Leftovers
|upkeep
|turn|4
|
|t:|1759058020
|move|p2a: Manaphy|Acid Armor|p2a: Manaphy
|-boost|p2a: Manaphy|def|2
|move|p1a: Alomomola|Mirror Coat||[still]
|-fail|p1a: Alomomola
|
|-heal|p2a: Manaphy|100/100|[from] item: Leftovers
|upkeep
|turn|5
|
|t:|1759058025
|move|p2a: Manaphy|Acid Armor|p2a: Manaphy
|-boost|p2a: Manaphy|def|2
|move|p1a: Alomomola|Flip Turn|p2a: Manaphy
|-resisted|p2a: Manaphy
|-damage|p2a: Manaphy|98/100
|
|t:|1759058028
|switch|p1a: Gholdengo|Gholdengo|100/100|[from] Flip Turn
|-activate|p1a: Gholdengo|move: Sticky Web
|-unboost|p1a: Gholdengo|spe|1
|
|-heal|p2a: Manaphy|100/100|[from] item: Leftovers
|upkeep
|turn|6
|
|t:|1759058031
|move|p1a: Gholdengo|Trick|p2a: Manaphy
|-activate|p1a: Gholdengo|move: Trick|[of] p2a: Manaphy
|-item|p2a: Manaphy|Choice Scarf|[from] move: Trick
|-item|p1a: Gholdengo|Leftovers|[from] move: Trick
|move|p2a: Manaphy|Surf|p1a: Gholdengo
|-damage|p1a: Gholdengo|0 fnt
|faint|p1a: Gholdengo
|
|upkeep
|
|t:|1759058035
|switch|p1a: Alomomola|Alomomola, M|100/100
|-activate|p1a: Alomomola|move: Sticky Web
|-unboost|p1a: Alomomola|spe|1
|turn|7
|
|t:|1759058038
|move|p2a: Manaphy|Surf|p1a: Alomomola
|-resisted|p1a: Alomomola
|-damage|p1a: Alomomola|73/100
|move|p1a: Alomomola|Mirror Coat|p2a: Manaphy
|-damage|p2a: Manaphy|28/100
|
|upkeep
|turn|8
|
|t:|1759058043
|switch|p2a: Ribombee|Ribombee, M|1/100
|move|p1a: Alomomola|Body Slam|p2a: Ribombee
|-damage|p2a: Ribombee|0 fnt
|faint|p2a: Ribombee
|
|upkeep
|
|t:|1759058047
|switch|p2a: Gholdengo|Gholdengo|100/100
|-item|p2a: Gholdengo|Air Balloon
|turn|9
|
|t:|1759058052
|move|p2a: Gholdengo|Thunder Wave|p1a: Alomomola
|-status|p1a: Alomomola|par
|move|p1a: Alomomola|Flip Turn|p2a: Gholdengo
|-damage|p2a: Gholdengo|86/100
|-enditem|p2a: Gholdengo|Air Balloon
|
|t:|1759058057
|switch|p1a: Great Tusk|Great Tusk|100/100|[from] Flip Turn
|
|upkeep
|turn|10
|
|t:|1759058060
|move|p1a: Great Tusk|Headlong Rush|p2a: Gholdengo
|-supereffective|p2a: Gholdengo
|-damage|p2a: Gholdengo|0 fnt
|-unboost|p1a: Great Tusk|def|1
|-unboost|p1a: Great Tusk|spd|1
|faint|p2a: Gholdengo
|
|upkeep
|
|t:|1759058066
|switch|p2a: Zamazenta|Zamazenta|100/100
|-ability|p2a: Zamazenta|Dauntless Shield|boost
|-boost|p2a: Zamazenta|def|1
|turn|11
|
|t:|1759058072
|move|p2a: Zamazenta|Iron Defense|p2a: Zamazenta
|-boost|p2a: Zamazenta|def|2
|move|p1a: Great Tusk|Rapid Spin|p2a: Zamazenta
|-damage|p2a: Zamazenta|95/100
|-boost|p1a: Great Tusk|spe|1
|-sideend|p1: thodoras edition|Sticky Web|[from] move: Rapid Spin|[of] p1a: Great Tusk
|-enditem|p2a: Zamazenta|Mirror Herb
|-boost|p2a: Zamazenta|spe|1|[from] item: Mirror Herb
|
|upkeep
|turn|12
|
|t:|1759058077
|-end|p1a: Great Tusk|Protosynthesis|[silent]
|switch|p1a: Moltres|Moltres|100/100
|move|p2a: Zamazenta|Iron Defense|p2a: Zamazenta
|-boost|p2a: Zamazenta|def|2
|
|upkeep
|turn|13
|j| Helsa06
|
|t:|1759058082
|-terastallize|p2a: Zamazenta|Fire
|move|p2a: Zamazenta|Stone Edge|p1a: Moltres
|-supereffective|p1a: Moltres
|-damage|p1a: Moltres|0 fnt
|faint|p1a: Moltres
|
|upkeep
|
|t:|1759058089
|switch|p1a: Dragalge|Dragalge, F|100/100
|turn|14
|j| wgw2333
|
|t:|1759058093
|move|p2a: Zamazenta|Body Press|p1a: Dragalge
|-resisted|p1a: Dragalge
|-damage|p1a: Dragalge|19/100
|move|p1a: Dragalge|Draco Meteor|p2a: Zamazenta
|-damage|p2a: Zamazenta|0 fnt
|-unboost|p1a: Dragalge|spa|2
|faint|p2a: Zamazenta
|
|upkeep
|
|t:|1759058107
|switch|p2a: Manaphy|Manaphy|28/100
|turn|15
|
|t:|1759058129
|switch|p1a: Alomomola|Alomomola, M|100/100 par
|move|p2a: Manaphy|Surf|p1a: Alomomola
|-resisted|p1a: Alomomola
|-damage|p1a: Alomomola|89/100 par
|
|upkeep
|turn|16
|
|t:|1759058136
|switch|p2a: Kingambit|Kingambit, M|100/100
|-activate|p2a: Kingambit|ability: Supreme Overlord
|-start|p2a: Kingambit|fallen3|[silent]
|move|p1a: Alomomola|Scald|p2a: Kingambit
|-damage|p2a: Kingambit|86/100
|
|-heal|p2a: Kingambit|92/100|[from] item: Leftovers
|upkeep
|turn|17
|
|t:|1759058141
|move|p2a: Kingambit|Swords Dance|p2a: Kingambit
|-boost|p2a: Kingambit|atk|2
|move|p1a: Alomomola|Flip Turn|p2a: Kingambit
|-damage|p2a: Kingambit|80/100
|
|t:|1759058144
|switch|p1a: Great Tusk|Great Tusk|100/100|[from] Flip Turn
|
|-heal|p2a: Kingambit|86/100|[from] item: Leftovers
|upkeep
|turn|18
|
|t:|1759058147
|move|p2a: Kingambit|Sucker Punch|p1a: Great Tusk
|-resisted|p1a: Great Tusk
|-damage|p1a: Great Tusk|64/100
|move|p1a: Great Tusk|Headlong Rush|p2a: Kingambit
|-supereffective|p2a: Kingambit
|-damage|p2a: Kingambit|0 fnt
|-unboost|p1a: Great Tusk|def|1
|-unboost|p1a: Great Tusk|spd|1
|faint|p2a: Kingambit
|-end|p2a: Kingambit|fallen3|[silent]
|
|upkeep
|
|t:|1759058149
|switch|p2a: Manaphy|Manaphy|28/100
|turn|19
|j| Ctannn
|
|t:|1759058154
|switch|p2a: Glimmora|Glimmora, M|100/100
|-end|p1a: Great Tusk|Protosynthesis|[silent]
|switch|p1a: Alomomola|Alomomola, M|100/100 par
|
|upkeep
|turn|20
|
|t:|1759058157
|move|p2a: Glimmora|Meteor Beam||[still]
|-prepare|p2a: Glimmora|Meteor Beam
|-boost|p2a: Glimmora|spa|1
|-enditem|p2a: Glimmora|Power Herb
|-anim|p2a: Glimmora|Meteor Beam|p1a: Alomomola
|-crit|p1a: Alomomola
|-damage|p1a: Alomomola|16/100 par
|move|p1a: Alomomola|Flip Turn|p2a: Glimmora
|-supereffective|p2a: Glimmora
|-damage|p2a: Glimmora|65/100
|-activate|p2a: Glimmora|ability: Toxic Debris
|-sidestart|p1: thodoras edition|move: Toxic Spikes
|
|t:|1759058169
|switch|p1a: Great Tusk|Great Tusk|64/100|[from] Flip Turn
|
|upkeep
|turn|21
|
|t:|1759058172
|move|p1a: Great Tusk|Headlong Rush|p2a: Glimmora
|-supereffective|p2a: Glimmora
|-damage|p2a: Glimmora|0 fnt
|-unboost|p1a: Great Tusk|def|1
|-unboost|p1a: Great Tusk|spd|1
|-activate|p2a: Glimmora|ability: Toxic Debris
|-sidestart|p1: thodoras edition|move: Toxic Spikes
|faint|p2a: Glimmora
|
|upkeep
|
|t:|1759058173
|switch|p2a: Manaphy|Manaphy|28/100
|turn|22
|
|t:|1759058177
|move|p2a: Manaphy|Surf|p1a: Great Tusk
|-supereffective|p1a: Great Tusk
|-damage|p1a: Great Tusk|0 fnt
|faint|p1a: Great Tusk
|-end|p1a: Great Tusk|Protosynthesis|[silent]
|
|upkeep
|
|t:|1759058179
|switch|p1a: Lokix|Lokix, M|100/100
|-status|p1a: Lokix|tox
|turn|23
|
|t:|1759058181
|move|p1a: Lokix|First Impression|p2a: Manaphy
|-damage|p2a: Manaphy|0 fnt
|faint|p2a: Manaphy
|
|win|thodoras edition
|raw|thodoras edition's rating: 1674 &rarr; <strong>1695</strong><br />(+21 for winning)
|raw|Sunshinne's rating: 1699 &rarr; <strong>1678</strong><br />(-21 for losing)
|l|☆thodoras edition
|player|p1|
|l|☆Sunshinne
|player|p2|
|l| wgw2333
