|j|☆AskGandalf
|j|☆bogglebob
|t:|1758997233
|gametype|singles
|player|p1|AskGandalf|102|1143
|player|p2|bogglebob|clown|1137
|gen|9
|tier|[Gen 9] OU
|rated|
|rule|HP Percentage Mod: HP is shown in percentages
|rule|Endless Battle Clause: Forcing endless battles is banned
|rule|Species Clause: Limit one of each Pokémon
|rule|OHKO Clause: OHKO moves are banned
|rule|Evasion Items Clause: Evasion items are banned
|rule|Evasion Moves Clause: Evasion moves are banned
|rule|Evasion Abilities Clause: Evasion abilities are banned
|rule|Sleep Moves Clause: Sleep-inducing moves are banned
|clearpoke
|poke|p1|Clefable, M|
|poke|p1|Iron Treads|
|poke|p1|Deoxys-Speed|
|poke|p1|Dondozo, M|
|poke|p1|Thundurus-Therian, M|
|poke|p1|Gholdengo|
|poke|p2|Swalot, M|
|poke|p2|Walking Wake|
|poke|p2|Gholdengo|
|poke|p2|Garganacl, M|
|poke|p2|Great Tusk|
|poke|p2|Ogerpon-Wellspring, F|
|teampreview
|inactive|Battle timer is ON: inactive players will automatically lose when time's up. (requested by bogglebob)
|
|t:|1758997237
|teamsize|p1|6
|teamsize|p2|6
|start
|switch|p1a: Deoxys|Deoxys-Speed|100/100
|switch|p2a: Swalot|Swalot, M|100/100
|-ability|p1a: Deoxys|Pressure
|turn|1
|
|t:|1758997245
|-terastallize|p2a: Swalot|Dark
|move|p1a: Deoxys|Psycho Boost|p2a: Swalot
|-immune|p2a: Swalot
|move|p2a: Swalot|Stuff Cheeks|p2a: Swalot
|-boost|p2a: Swalot|def|2
|-enditem|p2a: Swalot|Starf Berry|[eat]
|-boost|p2a: Swalot|spe|2|[from] item: Starf Berry
|
|upkeep
|turn|2
|
|t:|1758997257
|move|p1a: Deoxys|Stealth Rock|p2a: Swalot
|-sidestart|p2: bogglebob|move: Stealth Rock
|move|p2a: Swalot|Thief|p1a: Deoxys
|-supereffective|p1a: Deoxys
|-damage|p1a: Deoxys|46/100
|-enditem|p1a: Deoxys|Focus Sash|[silent]|[from] move: Thief|[of] p2a: Swalot
|-item|p2a: Swalot|Focus Sash|[from] move: Thief|[of] p1a: Deoxys
|
|upkeep
|turn|3
|
|t:|1758997265
|move|p1a: Deoxys|Superpower|p2a: Swalot
|-supereffective|p2a: Swalot
|-damage|p2a: Swalot|75/100
|-unboost|p1a: Deoxys|atk|1
|-unboost|p1a: Deoxys|def|1
|move|p2a: Swalot|Belch|p1a: Deoxys
|-damage|p1a: Deoxys|0 fnt
|faint|p1a: Deoxys
|
|upkeep
|
|t:|1758997268
|switch|p1a: Gholdengo|Gholdengo|100/100
|turn|4
|
|t:|1758997277
|move|p1a: Gholdengo|Focus Blast|p2a: Swalot
|-supereffective|p2a: Swalot
|-damage|p2a: Swalot|16/100
|-unboost|p2a: Swalot|spd|1
|move|p2a: Swalot|Thief|p1a: Gholdengo
|-supereffective|p1a: Gholdengo
|-damage|p1a: Gholdengo|62/100
|
|upkeep
|turn|5
|inactive|AskGandalf has 120 seconds left.
|c|☆bogglebob|Its so stupid
|c|☆bogglebob|Iant it
|
|t:|1758997310
|move|p1a: Gholdengo|Focus Blast|p2a: Swalot
|-supereffective|p2a: Swalot
|-damage|p2a: Swalot|0 fnt
|faint|p2a: Swalot
|
|upkeep
|
|t:|1758997320
|switch|p2a: Gholdengo|Gholdengo|100/100
|-damage|p2a: Gholdengo|94/100|[from] Stealth Rock
|turn|6
|inactive|AskGandalf has 120 seconds left.
|inactive|AskGandalf has 90 seconds left.
|
|t:|1758997366
|switch|p1a: Dondozo|Dondozo, M|100/100
|move|p2a: Gholdengo|Shadow Ball|p1a: Dondozo
|-damage|p1a: Dondozo|58/100
|
|-heal|p1a: Dondozo|64/100|[from] item: Leftovers
|upkeep
|turn|7
|inactive|AskGandalf has 90 seconds left.
|c|☆bogglebob|You okay
|
|t:|1758997390
|move|p2a: Gholdengo|Shadow Ball|p1a: Dondozo
|-damage|p1a: Dondozo|25/100
|move|p1a: Dondozo|Curse|p1a: Dondozo
|-unboost|p1a: Dondozo|spe|1
|-boost|p1a: Dondozo|atk|1
|-boost|p1a: Dondozo|def|1
|
|-heal|p1a: Dondozo|31/100|[from] item: Leftovers
|upkeep
|turn|8
|c|☆bogglebob|You seem to be struggling
|
|t:|1758997400
|move|p2a: Gholdengo|Shadow Ball|p1a: Dondozo
|-damage|p1a: Dondozo|0 fnt
|faint|p1a: Dondozo
|
|upkeep
|inactive|AskGandalf has 90 seconds left.
|
|t:|1758997417
|switch|p1a: Gholdengo|Gholdengo|62/100
|turn|9
|
|t:|1758997422
|move|p2a: Gholdengo|Shadow Ball|p1a: Gholdengo
|-supereffective|p1a: Gholdengo
|-damage|p1a: Gholdengo|0 fnt
|faint|p1a: Gholdengo
|
|upkeep
|
|t:|1758997424
|switch|p1a: Clefable|Clefable, M|100/100
|turn|10
|
|t:|1758997434
|switch|p2a: Garganacl|Garganacl, M|100/100
|-damage|p2a: Garganacl|88/100|[from] Stealth Rock
|move|p1a: Clefable|Trick|p2a: Garganacl
|-activate|p1a: Clefable|move: Trick|[of] p2a: Garganacl
|-item|p2a: Garganacl|Black Sludge|[from] move: Trick
|-enditem|p1a: Clefable|Black Sludge|[silent]|[from] move: Trick
|
|-damage|p2a: Garganacl|76/100|[from] item: Black Sludge
|upkeep
|turn|11
|
|t:|1758997450
|move|p1a: Clefable|Alluring Voice|p2a: Garganacl
|-damage|p2a: Garganacl|58/100
|move|p2a: Garganacl|Salt Cure|p1a: Clefable
|-damage|p1a: Clefable|84/100
|-start|p1a: Clefable|Salt Cure
|
|-damage|p2a: Garganacl|45/100|[from] item: Black Sludge
|upkeep
|turn|12
|
|t:|1758997463
|switch|p1a: Thundurus|Thundurus-Therian, M|100/100
|switch|p2a: Gholdengo|Gholdengo|94/100
|-damage|p2a: Gholdengo|88/100|[from] Stealth Rock
|
|upkeep
|turn|13
|inactive|AskGandalf has 90 seconds left.
|
|t:|1758997478
|move|p2a: Gholdengo|Shadow Ball|p1a: Thundurus
|-damage|p1a: Thundurus|38/100
|move|p1a: Thundurus|Thunderbolt|p2a: Gholdengo
|-damage|p2a: Gholdengo|3/100
|
|upkeep
|turn|14
|
|t:|1758997485
|move|p2a: Gholdengo|Shadow Ball|p1a: Thundurus
|-damage|p1a: Thundurus|0 fnt
|faint|p1a: Thundurus
|
|upkeep
|
|t:|1758997487
|switch|p1a: Iron Treads|Iron Treads|100/100
|turn|15
|
|t:|1758997492
|move|p2a: Gholdengo|Shadow Ball|p1a: Iron Treads
|-damage|p1a: Iron Treads|68/100
|move|p1a: Iron Treads|Knock Off|p2a: Gholdengo
|-supereffective|p2a: Gholdengo
|-damage|p2a: Gholdengo|0 fnt
|-enditem|p2a: Gholdengo|Choice Scarf|[from] move: Knock Off|[of] p1a: Iron Treads
|faint|p2a: Gholdengo
|
|-heal|p1a: Iron Treads|74/100|[from] item: Leftovers
|upkeep
|
|t:|1758997506
|switch|p2a: Great Tusk|Great Tusk|100/100
|turn|16
|
|t:|1758997513
|move|p2a: Great Tusk|Earthquake|p1a: Iron Treads
|-supereffective|p1a: Iron Treads
|-damage|p1a: Iron Treads|0 fnt
|faint|p1a: Iron Treads
|-end|p1a: Iron Treads|Quark Drive|[silent]
|
|upkeep
|
|t:|1758997514
|switch|p1a: Clefable|Clefable, M|84/100
|turn|17
|
|t:|1758997521
|-terastallize|p1a: Clefable|Flying
|move|p2a: Great Tusk|Earthquake|p1a: Clefable
|-immune|p1a: Clefable
|move|p1a: Clefable|Trick|p2a: Great Tusk
|-activate|p1a: Clefable|move: Trick|[of] p2a: Great Tusk
|-enditem|p2a: Great Tusk|Heavy-Duty Boots|[silent]|[from] move: Trick
|-item|p1a: Clefable|Heavy-Duty Boots|[from] move: Trick
|
|upkeep
|turn|18
|
|t:|1758997535
|move|p2a: Great Tusk|Rapid Spin|p1a: Clefable
|-damage|p1a: Clefable|65/100
|-boost|p2a: Great Tusk|spe|1
|-sideend|p2: bogglebob|Stealth Rock|[from] move: Rapid Spin|[of] p2a: Great Tusk
|move|p1a: Clefable|Alluring Voice|p2a: Great Tusk
|-supereffective|p2a: Great Tusk
|-damage|p2a: Great Tusk|23/100
|-start|p2a: Great Tusk|confusion
|
|upkeep
|turn|19
|inactive|AskGandalf has 120 seconds left.
|c|☆bogglebob|Dude
|c|☆bogglebob|Are you okay
|inactive|AskGandalf has 90 seconds left.
|inactive|AskGandalf has 60 seconds left.
|inactive|AskGandalf has 30 seconds left.
|c|☆bogglebob|Did i upset you
|c|☆bogglebob|Im sorry
|inactive|AskGandalf has 20 seconds left.
|c|☆bogglebob|Please forgive me
|inactive|AskGandalf has 15 seconds left.
|inactive|AskGandalf has 10 seconds left.
|inactive|AskGandalf has 5 seconds left.
|-message|AskGandalf lost due to inactivity.
|
|win|bogglebob
|raw|AskGandalf's rating: 1121 &rarr; <strong>1097</strong><br />(-24 for losing)
|raw|bogglebob's rating: 1137 &rarr; <strong>1161</strong><br />(+24 for winning)
|l|☆bogglebob
|player|p2|
