|badge|p1|silver|gen9ou|30-6
|html|<div class="broadcast-red"><strong>This battle is required to be public due to one or more player having a season medal.</strong><br />During the public phase, you can discuss the state of the ladder <a href="/seasondiscussion">in a special chatroom.</a></div>
|uhtml|medal-msg|<div class="broadcast-blue">Curious what those medals under the avatar are? PS now has Ladder Seasons! For more information, check out the <a href="https://www.smogon.com/forums/threads/3740067/">thread on Smogon.</a></div>
|raw|<div class="broadcast-blue"><strong>This battle is required to be public due to a player having a name starting with 'medal'.</div>
|j|☆LT124YH Ghoul
|j|☆Bopopolis
|t:|1759076682
|gametype|singles
|player|p1|LT124YH Ghoul|#wcop2024asia|1962
|player|p2|Bopopolis|skyla|1824
|gen|9
|tier|[Gen 9] OU
|rated|
|rule|HP Percentage Mod: HP is shown in percentages
|rule|Endless Battle Clause: Forcing endless battles is banned
|rule|Species Clause: Limit one of each Pokémon
|rule|OHKO Clause: OHKO moves are banned
|rule|Evasion Items Clause: Evasion items are banned
|rule|Evasion Moves Clause: Evasion moves are banned
|rule|Evasion Abilities Clause: Evasion abilities are banned
|rule|Sleep Moves Clause: Sleep-inducing moves are banned
|clearpoke
|poke|p1|Veluza, F|
|poke|p1|Hatterene, F|
|poke|p1|Deoxys-Speed|
|poke|p1|Iron Valiant|
|poke|p1|Glimmora, M|
|poke|p1|Gliscor, M|
|poke|p2|Great Tusk|
|poke|p2|Ogerpon-Wellspring, F|
|poke|p2|Moltres|
|poke|p2|Kingambit, F|
|poke|p2|Latios, M|
|poke|p2|Pecharunt|
|teampreview
|inactive|Battle timer is ON: inactive players will automatically lose when time's up. (requested by LT124YH Ghoul)
|inactive|Bopopolis has 120 seconds left.
|j| catarina valentine
|inactive|Bopopolis has 90 seconds left.
|l| catarina valentine
|j| cynasaurus
|
|t:|1759076762
|teamsize|p1|6
|teamsize|p2|6
|start
|switch|p1a: Deoxys|Deoxys-Speed|100/100
|switch|p2a: Latios|Latios, M|100/100
|-ability|p1a: Deoxys|Pressure
|turn|1
|inactive|Bopopolis has 120 seconds left.
|
|t:|1759076817
|move|p2a: Latios|Draco Meteor|p1a: Deoxys
|-damage|p1a: Deoxys|12/100
|-unboost|p2a: Latios|spa|2
|move|p1a: Deoxys|Light Screen|p1a: Deoxys
|-sidestart|p1: LT124YH Ghoul|move: Light Screen
|
|upkeep
|turn|2
|j| tapu moxo
|
|t:|1759076844
|switch|p2a: Kingambit|Kingambit, F, shiny|100/100
|switch|p1a: Hatterene|Hatterene, F|100/100
|
|upkeep
|turn|3
|
|t:|1759076850
|switch|p1a: Gliscor|Gliscor, M|100/100
|move|p2a: Kingambit|Iron Head|p1a: Gliscor
|-damage|p1a: Gliscor|66/100
|
|-status|p1a: Gliscor|tox|[from] item: Toxic Orb
|upkeep
|turn|4
|
|t:|1759076855
|switch|p1a: Deoxys|Deoxys-Speed|12/100
|-ability|p1a: Deoxys|Pressure
|-end|p2a: Kingambit|fallenundefined|[silent]
|switch|p2a: Great Tusk|Great Tusk, shiny|100/100
|
|upkeep
|turn|5
|
|t:|1759076861
|-end|p2a: Great Tusk|Protosynthesis|[silent]
|switch|p2a: Latios|Latios, M|100/100
|move|p1a: Deoxys|Reflect|p1a: Deoxys
|-sidestart|p1: LT124YH Ghoul|Reflect
|
|upkeep
|turn|6
|
|t:|1759076881
|move|p2a: Latios|Luster Purge|p1a: Deoxys
|-resisted|p1a: Deoxys
|-damage|p1a: Deoxys|0 fnt
|faint|p1a: Deoxys
|
|upkeep
|
|t:|1759076883
|switch|p1a: Triple Lobotomy|Veluza, F|100/100
|turn|7
|
|t:|1759076897
|switch|p2a: Pecharunt|Pecharunt|100/100
|move|p1a: Triple Lobotomy|Fillet Away|p1a: Triple Lobotomy
|-boost|p1a: Triple Lobotomy|atk|2
|-boost|p1a: Triple Lobotomy|spa|2
|-boost|p1a: Triple Lobotomy|spe|2
|-damage|p1a: Triple Lobotomy|50/100
|-enditem|p1a: Triple Lobotomy|Sitrus Berry|[eat]
|-heal|p1a: Triple Lobotomy|75/100|[from] item: Sitrus Berry
|
|upkeep
|turn|8
|
|t:|1759076921
|move|p1a: Triple Lobotomy|Substitute|p1a: Triple Lobotomy
|-start|p1a: Triple Lobotomy|Substitute
|-damage|p1a: Triple Lobotomy|50/100
|move|p2a: Pecharunt|Foul Play|p1a: Triple Lobotomy
|-supereffective|p1a: Triple Lobotomy
|-end|p1a: Triple Lobotomy|Substitute
|
|-sideend|p1: LT124YH Ghoul|move: Light Screen
|upkeep
|turn|9
|
|t:|1759076929
|move|p1a: Triple Lobotomy|Psycho Cut|p2a: Pecharunt
|-supereffective|p2a: Pecharunt
|-crit|p2a: Pecharunt
|-damage|p2a: Pecharunt|0 fnt
|faint|p2a: Pecharunt
|
|upkeep
|inactive|Bopopolis has 120 seconds left.
|j| waffle04
|
|t:|1759076969
|switch|p2a: Kingambit|Kingambit, F, shiny|100/100
|-activate|p2a: Kingambit|ability: Supreme Overlord
|-start|p2a: Kingambit|fallen1|[silent]
|turn|10
|c| waffle04|Quadruple lobotomy
|
|t:|1759076989
|-terastallize|p1a: Triple Lobotomy|Water
|move|p1a: Triple Lobotomy|Aqua Cutter|p2a: Kingambit
|-damage|p2a: Kingambit|0 fnt
|faint|p2a: Kingambit
|-end|p2a: Kingambit|fallen1|[silent]
|
|upkeep
|
|t:|1759077000
|switch|p2a: Latios|Latios, M|100/100
|turn|11
|
|t:|1759077012
|switch|p1a: Hatterene|Hatterene, F|100/100
|move|p2a: Latios|Draco Meteor|p1a: Hatterene
|-immune|p1a: Hatterene
|
|upkeep
|turn|12
|
|t:|1759077025
|switch|p2a: Moltres|Moltres|100/100
|move|p1a: Hatterene|Calm Mind|p1a: Hatterene
|-boost|p1a: Hatterene|spa|1
|-boost|p1a: Hatterene|spd|1
|
|-sideend|p1: LT124YH Ghoul|Reflect
|upkeep
|turn|13
|
|t:|1759077029
|move|p2a: Moltres|Flamethrower|p1a: Hatterene
|-damage|p1a: Hatterene|74/100
|move|p1a: Hatterene|Calm Mind|p1a: Hatterene
|-boost|p1a: Hatterene|spa|1
|-boost|p1a: Hatterene|spd|1
|
|-heal|p1a: Hatterene|80/100|[from] item: Leftovers
|upkeep
|turn|14
|
|t:|1759077040
|move|p2a: Moltres|Flamethrower|p1a: Hatterene
|-damage|p1a: Hatterene|60/100
|move|p1a: Hatterene|Agility|p1a: Hatterene
|-boost|p1a: Hatterene|spe|2
|
|-heal|p1a: Hatterene|66/100|[from] item: Leftovers
|upkeep
|turn|15
|
|t:|1759077047
|move|p1a: Hatterene|Agility|p1a: Hatterene
|-boost|p1a: Hatterene|spe|2
|move|p2a: Moltres|U-turn|p1a: Hatterene
|-damage|p1a: Hatterene|49/100
|c|☆LT124YH Ghoul|little did budy know...
|
|t:|1759077049
|switch|p2a: Latios|Latios, M|100/100|[from] U-turn
|
|-heal|p1a: Hatterene|55/100|[from] item: Leftovers
|upkeep
|turn|16
|
|t:|1759077059
|move|p2a: Latios|Trick|p1a: Hatterene
|-activate|p2a: Latios|move: Trick|[of] p1a: Hatterene
|-item|p1a: Hatterene|Choice Scarf|[from] move: Trick
|-item|p2a: Latios|Leftovers|[from] move: Trick
|move|p1a: Hatterene|Stored Power|p2a: Latios
|-resisted|p2a: Latios
|-damage|p2a: Latios|0 fnt
|faint|p2a: Latios
|
|upkeep
|c|☆Bopopolis|Shouldn't even be in this position lol
|
|t:|1759077067
|switch|p2a: Ogerpon|Ogerpon-Wellspring, F|100/100
|turn|17
|c|☆LT124YH Ghoul|wdym
|
|t:|1759077072
|-terastallize|p2a: Ogerpon|Water
|detailschange|p2a: Ogerpon|Ogerpon-Wellspring-Tera, F, tera:Water
|-ability|p2a: Ogerpon|Embody Aspect (Wellspring)|boost
|-boost|p2a: Ogerpon|spd|1
|move|p1a: Hatterene|Stored Power|p2a: Ogerpon
|-damage|p2a: Ogerpon|0 fnt
|faint|p2a: Ogerpon
|detailschange|p2: Ogerpon|Ogerpon-Wellspring, F|[silent]
|
|upkeep
|c|☆Bopopolis|Pech lives
|c|☆LT124YH Ghoul|max def
|
|t:|1759077080
|switch|p2a: Moltres|Moltres|100/100
|turn|18
|c|☆LT124YH Ghoul|?
|c|☆Bopopolis|252 228
|c|☆Bopopolis|Basically
|c|☆Bopopolis|gg
|j| cryyysneasel
|-message|Bopopolis forfeited.
|
|win|LT124YH Ghoul
|raw|LT124YH Ghoul's rating: 1962 &rarr; <strong>1974</strong><br />(+12 for winning)
|raw|Bopopolis's rating: 1824 &rarr; <strong>1812</strong><br />(-12 for losing)
|c|☆LT124YH Ghoul|was a roll
|c|☆Bopopolis|In my favor
|c|☆LT124YH Ghoul|true
|l|☆Bopopolis
|player|p2|
|c|☆LT124YH Ghoul|gg
|l|☆LT124YH Ghoul
|player|p1|
|l| cryyysneasel
|j|☆LT124YH Ghoul
|player|p1|LT124YH Ghoul|#wcop2024asia|
|l|☆LT124YH Ghoul
|player|p1|
