|j|☆treossts
|j|☆Sergay_Is_Straight
|t:|1758996425
|gametype|singles
|player|p1|treossts|2|1410
|player|p2|Sergay_Is_Straight|102|1436
|gen|9
|tier|[Gen 9] OU
|rated|
|rule|HP Percentage Mod: HP is shown in percentages
|rule|Endless Battle Clause: Forcing endless battles is banned
|rule|Species Clause: Limit one of each Pokémon
|rule|OHKO Clause: OHKO moves are banned
|rule|Evasion Items Clause: Evasion items are banned
|rule|Evasion Moves Clause: Evasion moves are banned
|rule|Evasion Abilities Clause: Evasion abilities are banned
|rule|Sleep Moves Clause: Sleep-inducing moves are banned
|clearpoke
|poke|p1|Ninetales-Alola, F|
|poke|p1|Frosmoth, F|
|poke|p1|Avalugg, F|
|poke|p1|Ceruledge, M|
|poke|p1|Lokix, F|
|poke|p1|Abomasnow, M|
|poke|p2|Ninetales, F|
|poke|p2|Great Tusk|
|poke|p2|Walking Wake|
|poke|p2|Slither Wing|
|poke|p2|Raging Bolt|
|poke|p2|Venusaur, F|
|teampreview
|
|t:|1758996434
|teamsize|p1|6
|teamsize|p2|6
|start
|switch|p1a: Ninetales|Ninetales-Alola, F|100/100
|switch|p2a: Ninetales|Ninetales, F|100/100
|-weather|Snowscape|[from] ability: Snow Warning|[of] p1a: Ninetales
|-weather|SunnyDay|[from] ability: Drought|[of] p2a: Ninetales
|turn|1
|
|t:|1758996458
|switch|p1a: Ceruledge|Ceruledge, M|100/100
|switch|p2a: Walking Wake|Walking Wake|100/100
|-activate|p2a: Walking Wake|ability: Protosynthesis
|-start|p2a: Walking Wake|protosynthesisspe
|
|-weather|SunnyDay|[upkeep]
|upkeep
|turn|2
|
|t:|1758996467
|switch|p1a: Frosmoth|Frosmoth, F|100/100
|move|p2a: Walking Wake|Flip Turn|p1a: Frosmoth
|-damage|p1a: Frosmoth|88/100
|
|t:|1758996490
|-end|p2a: Walking Wake|Protosynthesis|[silent]
|switch|p2a: Slither Wing|Slither Wing|100/100|[from] Flip Turn
|-activate|p2a: Slither Wing|ability: Protosynthesis
|-start|p2a: Slither Wing|protosynthesisatk
|
|-weather|SunnyDay|[upkeep]
|upkeep
|turn|3
|
|t:|1758996508
|switch|p1a: Abomasnow|Abomasnow, M|100/100
|-weather|Snowscape|[from] ability: Snow Warning|[of] p1a: Abomasnow
|-end|p2a: Slither Wing|Protosynthesis
|move|p2a: Slither Wing|U-turn|p1a: Abomasnow
|-supereffective|p1a: Abomasnow
|-damage|p1a: Abomasnow|36/100
|
|t:|1758996515
|-end|p2a: Slither Wing|Protosynthesis|[silent]
|switch|p2a: Ninetales|Ninetales, F|100/100|[from] U-turn
|-weather|SunnyDay|[from] ability: Drought|[of] p2a: Ninetales
|
|-weather|SunnyDay|[upkeep]
|upkeep
|turn|4
|
|t:|1758996533
|switch|p2a: Slither Wing|Slither Wing|100/100
|-activate|p2a: Slither Wing|ability: Protosynthesis
|-start|p2a: Slither Wing|protosynthesisatk
|switch|p1a: Ninetales|Ninetales-Alola, F|100/100
|-weather|Snowscape|[from] ability: Snow Warning|[of] p1a: Ninetales
|-end|p2a: Slither Wing|Protosynthesis
|
|-weather|Snowscape|[upkeep]
|upkeep
|turn|5
|
|t:|1758996553
|switch|p1a: Avalugg|Avalugg, F|100/100
|-terastallize|p2a: Slither Wing|Fire
|move|p2a: Slither Wing|Flare Blitz|p1a: Avalugg
|-supereffective|p1a: Avalugg
|-damage|p1a: Avalugg|41/100
|-damage|p2a: Slither Wing|80/100|[from] Recoil
|
|-weather|Snowscape|[upkeep]
|-heal|p1a: Avalugg|47/100|[from] ability: Ice Body
|-heal|p1a: Avalugg|53/100|[from] item: Leftovers
|upkeep
|turn|6
|
|t:|1758996567
|-end|p2a: Slither Wing|Protosynthesis|[silent]
|switch|p2a: Ninetales|Ninetales, F|100/100
|-weather|SunnyDay|[from] ability: Drought|[of] p2a: Ninetales
|switch|p1a: Ceruledge|Ceruledge, M|100/100
|
|-weather|SunnyDay|[upkeep]
|upkeep
|turn|7
|
|t:|1758996576
|switch|p2a: Walking Wake|Walking Wake|100/100
|-activate|p2a: Walking Wake|ability: Protosynthesis
|-start|p2a: Walking Wake|protosynthesisspe
|switch|p1a: Ninetales|Ninetales-Alola, F|100/100
|-weather|Snowscape|[from] ability: Snow Warning|[of] p1a: Ninetales
|-end|p2a: Walking Wake|Protosynthesis
|
|-weather|Snowscape|[upkeep]
|upkeep
|turn|8
|
|t:|1758996589
|-end|p2a: Walking Wake|Protosynthesis|[silent]
|switch|p2a: Ninetales|Ninetales, F|100/100
|-weather|SunnyDay|[from] ability: Drought|[of] p2a: Ninetales
|move|p1a: Ninetales|Freeze-Dry|p2a: Ninetales
|-resisted|p2a: Ninetales
|-damage|p2a: Ninetales|88/100
|
|-weather|SunnyDay|[upkeep]
|upkeep
|turn|9
|
|t:|1758996606
|switch|p2a: Slither Wing|Slither Wing, tera:Fire|80/100
|-activate|p2a: Slither Wing|ability: Protosynthesis
|-start|p2a: Slither Wing|protosynthesisatk
|move|p1a: Ninetales|Freeze-Dry|p2a: Slither Wing
|-resisted|p2a: Slither Wing
|-damage|p2a: Slither Wing|67/100
|
|-weather|SunnyDay|[upkeep]
|upkeep
|turn|10
|
|t:|1758996616
|switch|p1a: Ceruledge|Ceruledge, M|100/100
|move|p2a: Slither Wing|U-turn|p1a: Ceruledge
|-resisted|p1a: Ceruledge
|-damage|p1a: Ceruledge|76/100
|
|t:|1758996643
|-end|p2a: Slither Wing|Protosynthesis|[silent]
|switch|p2a: Walking Wake|Walking Wake|100/100|[from] U-turn
|-activate|p2a: Walking Wake|ability: Protosynthesis
|-start|p2a: Walking Wake|protosynthesisspe
|
|-weather|SunnyDay|[upkeep]
|upkeep
|turn|11
|
|t:|1758996669
|switch|p1a: Frosmoth|Frosmoth, F|88/100
|move|p2a: Walking Wake|Hydro Steam|p1a: Frosmoth
|-damage|p1a: Frosmoth|64/100
|
|-weather|SunnyDay|[upkeep]
|upkeep
|turn|12
|
|t:|1758996694
|-end|p2a: Walking Wake|Protosynthesis|[silent]
|switch|p2a: Venusaur|Venusaur, F|100/100
|-terastallize|p1a: Frosmoth|Ground
|move|p1a: Frosmoth|U-turn|p2a: Venusaur
|-damage|p2a: Venusaur|77/100
|
|t:|1758996715
|switch|p1a: Ninetales|Ninetales-Alola, F|100/100|[from] U-turn
|-weather|Snowscape|[from] ability: Snow Warning|[of] p1a: Ninetales
|
|-weather|Snowscape|[upkeep]
|upkeep
|turn|13
|
|t:|1758996722
|switch|p1a: Ceruledge|Ceruledge, M|76/100
|switch|p2a: Ninetales|Ninetales, F|88/100
|-weather|SunnyDay|[from] ability: Drought|[of] p2a: Ninetales
|
|-weather|SunnyDay|[upkeep]
|upkeep
|turn|14
|
|t:|1758996732
|switch|p2a: Walking Wake|Walking Wake|100/100
|-activate|p2a: Walking Wake|ability: Protosynthesis
|-start|p2a: Walking Wake|protosynthesisspe
|move|p1a: Ceruledge|Will-O-Wisp|p2a: Walking Wake
|-status|p2a: Walking Wake|brn
|
|-weather|SunnyDay|[upkeep]
|-damage|p2a: Walking Wake|94/100 brn|[from] brn
|upkeep
|turn|15
|
|t:|1758996746
|switch|p1a: Abomasnow|Abomasnow, M|36/100
|-weather|Snowscape|[from] ability: Snow Warning|[of] p1a: Abomasnow
|-end|p2a: Walking Wake|Protosynthesis
|move|p2a: Walking Wake|Weather Ball|p1a: Abomasnow
|-damage|p1a: Abomasnow|0 fnt
|faint|p1a: Abomasnow
|
|-weather|Snowscape|[upkeep]
|-damage|p2a: Walking Wake|88/100 brn|[from] brn
|upkeep
|
|t:|1758996758
|switch|p1a: Lokix|Lokix, F|100/100
|turn|16
|
|t:|1758996781
|-end|p2a: Walking Wake|Protosynthesis|[silent]
|switch|p2a: Great Tusk|Great Tusk|100/100
|switch|p1a: Ninetales|Ninetales-Alola, F|100/100
|
|-weather|Snowscape|[upkeep]
|upkeep
|turn|17
|
|t:|1758996792
|-end|p2a: Great Tusk|Protosynthesis|[silent]
|switch|p2a: Ninetales|Ninetales, F|88/100
|-weather|SunnyDay|[from] ability: Drought|[of] p2a: Ninetales
|move|p1a: Ninetales|Blizzard|p2a: Ninetales
|-resisted|p2a: Ninetales
|-damage|p2a: Ninetales|68/100
|
|-weather|SunnyDay|[upkeep]
|upkeep
|turn|18
|
|t:|1758996802
|switch|p1a: Ceruledge|Ceruledge, M|76/100
|switch|p2a: Slither Wing|Slither Wing, tera:Fire|67/100
|-activate|p2a: Slither Wing|ability: Protosynthesis
|-start|p2a: Slither Wing|protosynthesisatk
|
|-weather|SunnyDay|[upkeep]
|upkeep
|turn|19
|
|t:|1758996815
|move|p1a: Ceruledge|Bitter Blade|p2a: Slither Wing
|-resisted|p2a: Slither Wing
|-damage|p2a: Slither Wing|28/100
|-heal|p1a: Ceruledge|97/100|[from] drain|[of] p2a: Slither Wing
|move|p2a: Slither Wing|U-turn|p1a: Ceruledge
|-resisted|p1a: Ceruledge
|-damage|p1a: Ceruledge|72/100
|
|t:|1758996821
|-end|p2a: Slither Wing|Protosynthesis|[silent]
|switch|p2a: Walking Wake|Walking Wake|88/100 brn|[from] U-turn
|-activate|p2a: Walking Wake|ability: Protosynthesis
|-start|p2a: Walking Wake|protosynthesisspe
|
|-weather|SunnyDay|[upkeep]
|-damage|p2a: Walking Wake|82/100 brn|[from] brn
|upkeep
|turn|20
|
|t:|1758996831
|switch|p1a: Frosmoth|Frosmoth, F, tera:Ground|64/100
|move|p2a: Walking Wake|Hydro Steam|p1a: Frosmoth
|-supereffective|p1a: Frosmoth
|-damage|p1a: Frosmoth|14/100
|
|-weather|SunnyDay|[upkeep]
|-damage|p2a: Walking Wake|76/100 brn|[from] brn
|upkeep
|turn|21
|
|t:|1758996843
|move|p2a: Walking Wake|Hydro Steam|p1a: Frosmoth
|-supereffective|p1a: Frosmoth
|-damage|p1a: Frosmoth|0 fnt
|faint|p1a: Frosmoth
|
|-weather|SunnyDay|[upkeep]
|-damage|p2a: Walking Wake|70/100 brn|[from] brn
|upkeep
|
|t:|1758996852
|switch|p1a: Lokix|Lokix, F|100/100
|turn|22
|
|t:|1758996873
|move|p1a: Lokix|First Impression|p2a: Walking Wake
|-damage|p2a: Walking Wake|0 fnt
|faint|p2a: Walking Wake
|-end|p2a: Walking Wake|Protosynthesis|[silent]
|
|-weather|SunnyDay|[upkeep]
|upkeep
|
|t:|1758996878
|switch|p2a: Slither Wing|Slither Wing, tera:Fire|28/100
|-activate|p2a: Slither Wing|ability: Protosynthesis
|-start|p2a: Slither Wing|protosynthesisatk
|turn|23
|
|t:|1758996883
|switch|p1a: Ceruledge|Ceruledge, M|72/100
|move|p2a: Slither Wing|U-turn|p1a: Ceruledge
|-resisted|p1a: Ceruledge
|-damage|p1a: Ceruledge|50/100
|
|t:|1758996890
|-end|p2a: Slither Wing|Protosynthesis|[silent]
|switch|p2a: Great Tusk|Great Tusk|100/100|[from] U-turn
|-activate|p2a: Great Tusk|ability: Protosynthesis
|-start|p2a: Great Tusk|protosynthesisspe
|
|-weather|SunnyDay|[upkeep]
|upkeep
|turn|24
|
|t:|1758996921
|switch|p1a: Ninetales|Ninetales-Alola, F|100/100
|-weather|Snowscape|[from] ability: Snow Warning|[of] p1a: Ninetales
|-end|p2a: Great Tusk|Protosynthesis
|move|p2a: Great Tusk|Stealth Rock|p1a: Ninetales
|-sidestart|p1: treossts|move: Stealth Rock
|
|-weather|Snowscape|[upkeep]
|upkeep
|turn|25
|
|t:|1758996930
|switch|p1a: Ceruledge|Ceruledge, M|50/100
|-end|p2a: Great Tusk|Protosynthesis|[silent]
|switch|p2a: Ninetales|Ninetales, F|68/100
|-weather|SunnyDay|[from] ability: Drought|[of] p2a: Ninetales
|
|-weather|SunnyDay|[upkeep]
|upkeep
|turn|26
|
|t:|1758996939
|switch|p2a: Raging Bolt|Raging Bolt|100/100
|-activate|p2a: Raging Bolt|ability: Protosynthesis
|-start|p2a: Raging Bolt|protosynthesisspa
|move|p1a: Ceruledge|Bitter Blade|p2a: Raging Bolt
|-resisted|p2a: Raging Bolt
|-damage|p2a: Raging Bolt|69/100
|-heal|p1a: Ceruledge|69/100|[from] drain|[of] p2a: Raging Bolt
|
|-weather|SunnyDay|[upkeep]
|upkeep
|turn|27
|
|t:|1758996950
|move|p2a: Raging Bolt|Volt Switch|p1a: Ceruledge
|-damage|p1a: Ceruledge|19/100
|
|t:|1758996979
|-end|p2a: Raging Bolt|Protosynthesis|[silent]
|switch|p2a: Great Tusk|Great Tusk|100/100|[from] Volt Switch
|-activate|p2a: Great Tusk|ability: Protosynthesis
|-start|p2a: Great Tusk|protosynthesisspe
|move|p1a: Ceruledge|Bitter Blade|p2a: Great Tusk
|-damage|p2a: Great Tusk|52/100
|-heal|p1a: Ceruledge|49/100|[from] drain|[of] p2a: Great Tusk
|
|-weather|SunnyDay|[upkeep]
|upkeep
|turn|28
|
|t:|1758997004
|-end|p2a: Great Tusk|Protosynthesis|[silent]
|switch|p2a: Slither Wing|Slither Wing, tera:Fire|28/100
|-activate|p2a: Slither Wing|ability: Protosynthesis
|-start|p2a: Slither Wing|protosynthesisatk
|move|p1a: Ceruledge|Bitter Blade|p2a: Slither Wing
|-resisted|p2a: Slither Wing
|-damage|p2a: Slither Wing|0 fnt
|-heal|p1a: Ceruledge|63/100|[from] drain|[of] p2a: Slither Wing
|faint|p2a: Slither Wing
|-end|p2a: Slither Wing|Protosynthesis|[silent]
|
|-weather|SunnyDay|[upkeep]
|upkeep
|
|t:|1758997014
|switch|p2a: Raging Bolt|Raging Bolt|69/100
|-activate|p2a: Raging Bolt|ability: Protosynthesis
|-start|p2a: Raging Bolt|protosynthesisspa
|turn|29
|
|t:|1758997038
|move|p2a: Raging Bolt|Dragon Pulse|p1a: Ceruledge
|-damage|p1a: Ceruledge|1/100
|move|p1a: Ceruledge|Bitter Blade|p2a: Raging Bolt
|-resisted|p2a: Raging Bolt
|-damage|p2a: Raging Bolt|37/100
|-heal|p1a: Ceruledge|20/100|[from] drain|[of] p2a: Raging Bolt
|
|-weather|SunnyDay|[upkeep]
|upkeep
|turn|30
|
|t:|1758997049
|switch|p1a: Ninetales|Ninetales-Alola, F|100/100
|-damage|p1a: Ninetales|76/100|[from] Stealth Rock
|-weather|Snowscape|[from] ability: Snow Warning|[of] p1a: Ninetales
|-end|p2a: Raging Bolt|Protosynthesis
|move|p2a: Raging Bolt|Volt Switch|p1a: Ninetales
|-damage|p1a: Ninetales|22/100
|
|t:|1758997057
|-end|p2a: Raging Bolt|Protosynthesis|[silent]
|switch|p2a: Ninetales|Ninetales, F|68/100|[from] Volt Switch
|-weather|SunnyDay|[from] ability: Drought|[of] p2a: Ninetales
|
|-weather|SunnyDay|[upkeep]
|upkeep
|turn|31
|
|t:|1758997063
|move|p1a: Ninetales|Blizzard|p2a: Ninetales
|-resisted|p2a: Ninetales
|-damage|p2a: Ninetales|49/100
|move|p2a: Ninetales|Weather Ball|p1a: Ninetales
|-supereffective|p1a: Ninetales
|-damage|p1a: Ninetales|0 fnt
|faint|p1a: Ninetales
|
|-weather|SunnyDay|[upkeep]
|upkeep
|
|t:|1758997075
|switch|p1a: Lokix|Lokix, F|100/100
|-damage|p1a: Lokix|76/100|[from] Stealth Rock
|turn|32
|
|t:|1758997100
|move|p2a: Ninetales|Weather Ball|p1a: Lokix
|-supereffective|p1a: Lokix
|-damage|p1a: Lokix|0 fnt
|faint|p1a: Lokix
|
|-weather|SunnyDay|[upkeep]
|upkeep
|-message|treossts forfeited.
|
|win|Sergay_Is_Straight
|raw|treossts's rating: 1410 &rarr; <strong>1391</strong><br />(-19 for losing)
|raw|Sergay_Is_Straight's rating: 1436 &rarr; <strong>1455</strong><br />(+19 for winning)
|l|☆treossts
|player|p1|
|c|☆Sergay_Is_Straight|gg
|l|☆Sergay_Is_Straight
|player|p2|
