|j|☆findmyhair
|j|☆mouretossian
|t:|1758976595
|gametype|singles
|player|p1|findmyhair|acetrainercouple|1126
|player|p2|mouretossian|265|1093
|gen|9
|tier|[Gen 9] OU
|rated|
|rule|HP Percentage Mod: HP is shown in percentages
|rule|Endless Battle Clause: Forcing endless battles is banned
|rule|Species Clause: Limit one of each Pokémon
|rule|OHKO Clause: OHKO moves are banned
|rule|Evasion Items Clause: Evasion items are banned
|rule|Evasion Moves Clause: Evasion moves are banned
|rule|Evasion Abilities Clause: Evasion abilities are banned
|rule|Sleep Moves Clause: Sleep-inducing moves are banned
|clearpoke
|poke|p1|Hitmonlee, M|
|poke|p1|Hitmontop, M|
|poke|p1|Hitmonchan, M|
|poke|p1|Landorus-Therian, M|
|poke|p1|Gholdengo|
|poke|p1|Dragapult, F|
|poke|p2|Tentacruel, M|
|poke|p2|Dragapult, F|
|poke|p2|Slither Wing|
|poke|p2|Iron Moth|
|poke|p2|Primarina, M|
|poke|p2|Meowscarada, M|
|teampreview
|inactive|Battle timer is ON: inactive players will automatically lose when time's up. (requested by findmyhair)
|inactive|mouretossian has 120 seconds left.
|
|t:|1758976633
|teamsize|p1|6
|teamsize|p2|6
|start
|switch|p1a: Landorus|Landorus-Therian, M|100/100
|switch|p2a: Dragapult|Dragapult, F|100/100
|-ability|p1a: Landorus|Intimidate|boost
|-unboost|p2a: Dragapult|atk|1
|turn|1
|j| GruesomeLovelies
|
|t:|1758976647
|move|p2a: Dragapult|Will-O-Wisp|p1a: Landorus
|-status|p1a: Landorus|brn
|move|p1a: Landorus|Stealth Rock|p2a: Dragapult
|-sidestart|p2: mouretossian|move: Stealth Rock
|
|-damage|p1a: Landorus|94/100 brn|[from] brn
|upkeep
|turn|2
|
|t:|1758976663
|switch|p2a: Tentacruel|Tentacruel, M|100/100
|-damage|p2a: Tentacruel|88/100|[from] Stealth Rock
|move|p1a: Landorus|U-turn|p2a: Tentacruel
|-resisted|p2a: Tentacruel
|-damage|p2a: Tentacruel|81/100
|inactive|findmyhair has 120 seconds left.
|
|t:|1758976689
|switch|p1a: Hitmonchan|Hitmonchan, M|100/100|[from] U-turn
|
|-heal|p2a: Tentacruel|87/100|[from] item: Black Sludge
|upkeep
|turn|3
|inactive|findmyhair has 120 seconds left.
|
|t:|1758976698
|move|p2a: Tentacruel|Rapid Spin|p1a: Hitmonchan
|-damage|p1a: Hitmonchan|87/100
|-boost|p2a: Tentacruel|spe|1
|-sideend|p2: mouretossian|Stealth Rock|[from] move: Rapid Spin|[of] p2a: Tentacruel
|move|p1a: Hitmonchan|Thunder Punch|p2a: Tentacruel
|-supereffective|p2a: Tentacruel
|-damage|p2a: Tentacruel|16/100
|
|-heal|p2a: Tentacruel|22/100|[from] item: Black Sludge
|upkeep
|turn|4
|
|t:|1758976725
|switch|p2a: Dragapult|Dragapult, F|100/100
|move|p1a: Hitmonchan|Ice Punch|p2a: Dragapult
|-supereffective|p2a: Dragapult
|-damage|p2a: Dragapult|26/100
|
|upkeep
|turn|5
|inactive|mouretossian has 120 seconds left.
|
|t:|1758976740
|move|p2a: Dragapult|Draco Meteor|p1a: Hitmonchan|[miss]
|-miss|p2a: Dragapult|p1a: Hitmonchan
|move|p1a: Hitmonchan|Thunder Punch|p2a: Dragapult
|-resisted|p2a: Dragapult
|-damage|p2a: Dragapult|5/100
|
|upkeep
|turn|6
|
|t:|1758976747
|move|p2a: Dragapult|Draco Meteor|p1a: Hitmonchan
|-damage|p1a: Hitmonchan|20/100
|-unboost|p2a: Dragapult|spa|2
|move|p1a: Hitmonchan|Ice Punch|p2a: Dragapult
|-supereffective|p2a: Dragapult
|-damage|p2a: Dragapult|0 fnt
|faint|p2a: Dragapult
|
|upkeep
|inactive|mouretossian has 120 seconds left.
|
|t:|1758976759
|switch|p2a: Meowscarada|Meowscarada, M|100/100
|turn|7
|inactive|mouretossian has 120 seconds left.
|
|t:|1758976769
|move|p1a: Hitmonchan|Mach Punch|p2a: Meowscarada
|-supereffective|p2a: Meowscarada
|-damage|p2a: Meowscarada|25/100
|move|p2a: Meowscarada|U-turn|p1a: Hitmonchan
|-start|p2a: Meowscarada|typechange|Bug|[from] ability: Protean
|-resisted|p1a: Hitmonchan
|-damage|p1a: Hitmonchan|0 fnt
|faint|p1a: Hitmonchan
|-damage|p2a: Meowscarada|15/100|[from] item: Life Orb
|inactive|mouretossian has 120 seconds left.
|
|t:|1758976784
|switch|p2a: Primarina|Primarina, M|100/100|[from] U-turn
|
|upkeep
|inactive|findmyhair has 120 seconds left.
|
|t:|1758976815
|switch|p1a: Gholdengo|Gholdengo|100/100
|turn|8
|
|t:|1758976819
|move|p1a: Gholdengo|Nasty Plot|p1a: Gholdengo
|-boost|p1a: Gholdengo|spa|2
|move|p2a: Primarina|Flip Turn|p1a: Gholdengo
|-damage|p1a: Gholdengo|84/100
|
|t:|1758976831
|switch|p2a: Iron Moth|Iron Moth|100/100|[from] Flip Turn
|-enditem|p2a: Iron Moth|Booster Energy
|-activate|p2a: Iron Moth|ability: Quark Drive|[fromitem]
|-start|p2a: Iron Moth|quarkdrivespe
|
|-heal|p1a: Gholdengo|90/100|[from] item: Leftovers
|upkeep
|turn|9
|inactive|findmyhair has 120 seconds left.
|
|t:|1758976862
|-terastallize|p1a: Gholdengo|Flying
|move|p2a: Iron Moth|Fiery Dance|p1a: Gholdengo
|-damage|p1a: Gholdengo|48/100
|move|p1a: Gholdengo|Shadow Ball|p2a: Iron Moth
|-damage|p2a: Iron Moth|16/100
|
|-heal|p1a: Gholdengo|54/100|[from] item: Leftovers
|upkeep
|turn|10
|inactive|findmyhair has 120 seconds left.
|inactive|mouretossian has 120 seconds left.
|inactive|mouretossian has 90 seconds left.
|
|t:|1758976926
|move|p2a: Iron Moth|Sludge Wave|p1a: Gholdengo
|-damage|p1a: Gholdengo|0 fnt
|faint|p1a: Gholdengo
|
|upkeep
|
|t:|1758976955
|switch|p1a: Landorus|Landorus-Therian, M|94/100 brn
|-ability|p1a: Landorus|Intimidate|boost
|-unboost|p2a: Iron Moth|atk|1
|turn|11
|inactive|mouretossian has 90 seconds left.
|
|t:|1758976966
|-end|p2a: Iron Moth|Quark Drive|[silent]
|switch|p2a: Slither Wing|Slither Wing|100/100
|move|p1a: Landorus|Earthquake|p2a: Slither Wing
|-resisted|p2a: Slither Wing
|-damage|p2a: Slither Wing|85/100
|
|-damage|p1a: Landorus|88/100 brn|[from] brn
|upkeep
|turn|12
|inactive|mouretossian has 90 seconds left.
|inactive|findmyhair has 90 seconds left.
|
|t:|1758976994
|move|p2a: Slither Wing|Flame Charge|p1a: Landorus
|-damage|p1a: Landorus|77/100 brn
|-boost|p2a: Slither Wing|spe|1
|-damage|p2a: Slither Wing|69/100|[from] item: Rocky Helmet|[of] p1a: Landorus
|move|p1a: Landorus|Stone Edge|p2a: Slither Wing
|-damage|p2a: Slither Wing|49/100
|
|-damage|p1a: Landorus|71/100 brn|[from] brn
|upkeep
|turn|13
|inactive|mouretossian has 90 seconds left.
|inactive|findmyhair has 90 seconds left.
|
|t:|1758977006
|switch|p1a: Dragapult|Dragapult, F|100/100
|move|p2a: Slither Wing|Bulk Up|p2a: Slither Wing
|-boost|p2a: Slither Wing|atk|1
|-boost|p2a: Slither Wing|def|1
|
|upkeep
|turn|14
|inactive|mouretossian has 90 seconds left.
|
|t:|1758977015
|move|p2a: Slither Wing|Leech Life|p1a: Dragapult
|-resisted|p1a: Dragapult
|-crit|p1a: Dragapult
|-damage|p1a: Dragapult|36/100
|-heal|p2a: Slither Wing|79/100|[from] drain|[of] p1a: Dragapult
|move|p1a: Dragapult|U-turn|p2a: Slither Wing
|-resisted|p2a: Slither Wing
|-damage|p2a: Slither Wing|73/100
|
|t:|1758977022
|switch|p1a: Landorus|Landorus-Therian, M|71/100 brn|[from] U-turn
|-ability|p1a: Landorus|Intimidate|boost
|-unboost|p2a: Slither Wing|atk|1
|
|-damage|p1a: Landorus|65/100 brn|[from] brn
|upkeep
|turn|15
|inactive|findmyhair has 90 seconds left.
|
|t:|1758977038
|switch|p1a: Hitmontop|Hitmontop, M|100/100
|-ability|p1a: Hitmontop|Intimidate|boost
|-unboost|p2a: Slither Wing|atk|1
|move|p2a: Slither Wing|Bulk Up|p2a: Slither Wing
|-boost|p2a: Slither Wing|atk|1
|-boost|p2a: Slither Wing|def|1
|
|upkeep
|turn|16
|
|t:|1758977047
|switch|p1a: Landorus|Landorus-Therian, M|65/100 brn
|-ability|p1a: Landorus|Intimidate|boost
|-unboost|p2a: Slither Wing|atk|1
|move|p2a: Slither Wing|Bulk Up|p2a: Slither Wing
|-boost|p2a: Slither Wing|atk|1
|-boost|p2a: Slither Wing|def|1
|
|-damage|p1a: Landorus|59/100 brn|[from] brn
|upkeep
|turn|17
|
|t:|1758977070
|-end|p2a: Slither Wing|Protosynthesis|[silent]
|switch|p2a: Iron Moth|Iron Moth|16/100
|switch|p1a: Hitmontop|Hitmontop, M|100/100
|-ability|p1a: Hitmontop|Intimidate|boost
|-unboost|p2a: Iron Moth|atk|1
|
|upkeep
|turn|18
|
|t:|1758977078
|move|p2a: Iron Moth|Morning Sun|p2a: Iron Moth
|-heal|p2a: Iron Moth|66/100
|move|p1a: Hitmontop|Rapid Spin|p2a: Iron Moth
|-damage|p2a: Iron Moth|50/100
|-boost|p1a: Hitmontop|spe|1
|
|upkeep
|turn|19
|
|t:|1758977085
|move|p2a: Iron Moth|Morning Sun|p2a: Iron Moth
|-heal|p2a: Iron Moth|100/100
|move|p1a: Hitmontop|Rapid Spin|p2a: Iron Moth
|-damage|p2a: Iron Moth|84/100
|-boost|p1a: Hitmontop|spe|1
|
|upkeep
|turn|20
|
|t:|1758977096
|-end|p2a: Iron Moth|Quark Drive|[silent]
|switch|p2a: Primarina|Primarina, M|100/100
|move|p1a: Hitmontop|Bulk Up|p1a: Hitmontop
|-boost|p1a: Hitmontop|atk|1
|-boost|p1a: Hitmontop|def|1
|
|upkeep
|turn|21
|
|t:|1758977120
|move|p1a: Hitmontop|Stone Edge|p2a: Primarina|[miss]
|-miss|p1a: Hitmontop|p2a: Primarina
|move|p2a: Primarina|Calm Mind|p2a: Primarina
|-boost|p2a: Primarina|spa|1
|-boost|p2a: Primarina|spd|1
|
|upkeep
|turn|22
|
|t:|1758977127
|move|p1a: Hitmontop|Stone Edge|p2a: Primarina|[miss]
|-miss|p1a: Hitmontop|p2a: Primarina
|move|p2a: Primarina|Draining Kiss|p1a: Hitmontop
|-supereffective|p1a: Hitmontop
|-damage|p1a: Hitmontop|31/100
|
|-heal|p1a: Hitmontop|38/100|[from] item: Leftovers
|upkeep
|turn|23
|inactive|mouretossian has 120 seconds left.
|
|t:|1758977135
|move|p1a: Hitmontop|Stone Edge|p2a: Primarina
|-damage|p2a: Primarina|68/100
|move|p2a: Primarina|Calm Mind|p2a: Primarina
|-boost|p2a: Primarina|spa|1
|-boost|p2a: Primarina|spd|1
|
|-heal|p1a: Hitmontop|44/100|[from] item: Leftovers
|-heal|p2a: Primarina|74/100|[from] item: Leftovers
|upkeep
|turn|24
|
|t:|1758977151
|move|p1a: Hitmontop|Close Combat|p2a: Primarina
|-resisted|p2a: Primarina
|-crit|p2a: Primarina
|-damage|p2a: Primarina|26/100
|-unboost|p1a: Hitmontop|def|1
|-unboost|p1a: Hitmontop|spd|1
|move|p2a: Primarina|Draining Kiss|p1a: Hitmontop
|-supereffective|p1a: Hitmontop
|-damage|p1a: Hitmontop|0 fnt
|-heal|p2a: Primarina|54/100|[from] drain|[of] p1a: Hitmontop
|faint|p1a: Hitmontop
|
|-heal|p2a: Primarina|60/100|[from] item: Leftovers
|upkeep
|inactive|findmyhair has 90 seconds left.
|
|t:|1758977173
|switch|p1a: Landorus|Landorus-Therian, M|59/100 brn
|-ability|p1a: Landorus|Intimidate|boost
|-unboost|p2a: Primarina|atk|1
|turn|25
|
|t:|1758977180
|move|p1a: Landorus|U-turn|p2a: Primarina
|-resisted|p2a: Primarina
|-damage|p2a: Primarina|54/100
|
|t:|1758977183
|switch|p1a: Hitmonlee|Hitmonlee, M|100/100|[from] U-turn
|move|p2a: Primarina|Draining Kiss|p1a: Hitmonlee
|-supereffective|p1a: Hitmonlee
|-damage|p1a: Hitmonlee|0 fnt
|-heal|p2a: Primarina|100/100|[from] drain|[of] p1a: Hitmonlee
|faint|p1a: Hitmonlee
|
|upkeep
|
|t:|1758977195
|switch|p1a: Dragapult|Dragapult, F|36/100
|turn|26
|
|t:|1758977200
|move|p1a: Dragapult|Shadow Ball|p2a: Primarina
|-damage|p2a: Primarina|80/100
|-unboost|p2a: Primarina|spd|1
|move|p2a: Primarina|Draining Kiss|p1a: Dragapult
|-supereffective|p1a: Dragapult
|-damage|p1a: Dragapult|0 fnt
|-heal|p2a: Primarina|100/100|[from] drain|[of] p1a: Dragapult
|faint|p1a: Dragapult
|
|upkeep
|
|t:|1758977208
|switch|p1a: Landorus|Landorus-Therian, M|59/100 brn
|-ability|p1a: Landorus|Intimidate|boost
|-unboost|p2a: Primarina|atk|1
|turn|27
|
|t:|1758977214
|move|p1a: Landorus|Stealth Rock|p2a: Primarina
|-sidestart|p2: mouretossian|move: Stealth Rock
|move|p2a: Primarina|Sparkling Aria|p1a: Landorus
|-supereffective|p1a: Landorus
|-damage|p1a: Landorus|0 fnt
|faint|p1a: Landorus
|
|win|mouretossian
|raw|findmyhair's rating: 1126 &rarr; <strong>1099</strong><br />(-27 for losing)
|raw|mouretossian's rating: 1093 &rarr; <strong>1122</strong><br />(+29 for winning)
|l|☆mouretossian
|player|p2|
|l| GruesomeLovelies
