|j|☆prowl84
|j|☆itzbruhcon
|t:|1759003030
|gametype|singles
|player|p1|prowl84|cheren|1218
|player|p2|itzbruhcon|n|1245
|gen|9
|tier|[Gen 9] OU
|rated|
|rule|HP Percentage Mod: HP is shown in percentages
|rule|Endless Battle Clause: Forcing endless battles is banned
|rule|Species Clause: Limit one of each Pokémon
|rule|OHKO Clause: OHKO moves are banned
|rule|Evasion Items Clause: Evasion items are banned
|rule|Evasion Moves Clause: Evasion moves are banned
|rule|Evasion Abilities Clause: Evasion abilities are banned
|rule|Sleep Moves Clause: Sleep-inducing moves are banned
|clearpoke
|poke|p1|Kyurem|
|poke|p1|Blissey, F|
|poke|p1|Dondozo, M|
|poke|p1|Gliscor, M|
|poke|p1|Clefable, F|
|poke|p1|Alomomola, F|
|poke|p2|Zarude|
|poke|p2|Samurott-Hisui, M|
|poke|p2|Gholdengo|
|poke|p2|Moltres|
|poke|p2|Iron Treads|
|poke|p2|Zamazenta-*|
|teampreview
|inactive|Battle timer is ON: inactive players will automatically lose when time's up. (requested by prowl84)
|
|t:|1759003036
|teamsize|p1|6
|teamsize|p2|6
|start
|switch|p1a: Alomomola|Alomomola, F, shiny|100/100
|switch|p2a: Samurott|Samurott-Hisui, M|100/100
|turn|1
|
|t:|1759003043
|move|p2a: Samurott|Ceaseless Edge|p1a: Alomomola
|-damage|p1a: Alomomola|63/100
|-sidestart|p1: prowl84|Spikes
|move|p1a: Alomomola|Flip Turn|p2a: Samurott
|-resisted|p2a: Samurott
|-damage|p2a: Samurott|92/100
|c|☆itzbruhcon|this is going to be fin
|
|t:|1759003049
|switch|p1a: Gliscor|Gliscor, M, shiny|100/100|[from] Flip Turn
|
|-status|p1a: Gliscor|tox|[from] item: Toxic Orb
|upkeep
|turn|2
|c|☆itzbruhcon|fun
|
|t:|1759003058
|switch|p2a: Iron Treads|Iron Treads|100/100
|move|p1a: Gliscor|Toxic|p2a: Iron Treads
|-immune|p2a: Iron Treads
|
|upkeep
|turn|3
|inactive|prowl84 has 120 seconds left.
|
|t:|1759003089
|move|p2a: Iron Treads|Stealth Rock|p1a: Gliscor
|-sidestart|p1: prowl84|move: Stealth Rock
|move|p1a: Gliscor|Earthquake|p2a: Iron Treads
|-supereffective|p2a: Iron Treads
|-damage|p2a: Iron Treads|48/100
|
|-heal|p2a: Iron Treads|54/100|[from] item: Leftovers
|upkeep
|turn|4
|
|t:|1759003103
|move|p2a: Iron Treads|Ice Spinner|p1a: Gliscor
|-supereffective|p1a: Gliscor
|-damage|p1a: Gliscor|49/100 tox
|move|p1a: Gliscor|Earthquake|p2a: Iron Treads
|-supereffective|p2a: Iron Treads
|-crit|p2a: Iron Treads
|-damage|p2a: Iron Treads|0 fnt
|faint|p2a: Iron Treads
|-end|p2a: Iron Treads|Quark Drive|[silent]
|
|-heal|p1a: Gliscor|61/100 tox|[from] ability: Poison Heal
|upkeep
|
|t:|1759003120
|switch|p2a: Zarude|Zarude|100/100
|turn|5
|
|t:|1759003130
|move|p2a: Zarude|Bulk Up|p2a: Zarude
|-boost|p2a: Zarude|atk|1
|-boost|p2a: Zarude|def|1
|move|p1a: Gliscor|Toxic|p2a: Zarude
|-status|p2a: Zarude|tox
|
|-damage|p2a: Zarude|94/100 tox|[from] psn
|-heal|p1a: Gliscor|73/100 tox|[from] ability: Poison Heal
|upkeep
|turn|6
|
|t:|1759003137
|switch|p1a: Dondozo|Dondozo, M|100/100
|move|p2a: Zarude|Bulk Up|p2a: Zarude
|-boost|p2a: Zarude|atk|1
|-boost|p2a: Zarude|def|1
|
|-heal|p2a: Zarude|100/100 tox|[from] item: Leftovers
|-damage|p2a: Zarude|88/100 tox|[from] psn
|upkeep
|turn|7
|
|t:|1759003141
|-terastallize|p1a: Dondozo|Dragon
|move|p2a: Zarude|Jungle Healing|p2a: Zarude
|-heal|p2a: Zarude|100/100 tox
|-curestatus|p2a: Zarude|tox|[msg]
|move|p1a: Dondozo|Curse|p1a: Dondozo
|-unboost|p1a: Dondozo|spe|1
|-boost|p1a: Dondozo|atk|1
|-boost|p1a: Dondozo|def|1
|
|upkeep
|turn|8
|
|t:|1759003168
|move|p2a: Zarude|Knock Off|p1a: Dondozo
|-crit|p1a: Dondozo
|-damage|p1a: Dondozo|75/100
|-enditem|p1a: Dondozo|Heavy-Duty Boots|[from] move: Knock Off|[of] p2a: Zarude
|move|p1a: Dondozo|Curse|p1a: Dondozo
|-unboost|p1a: Dondozo|spe|1
|-boost|p1a: Dondozo|atk|1
|-boost|p1a: Dondozo|def|1
|
|upkeep
|turn|9
|
|t:|1759003180
|switch|p2a: Gholdengo|Gholdengo|100/100
|move|p1a: Dondozo|Liquidation|p2a: Gholdengo
|-damage|p2a: Gholdengo|57/100
|
|upkeep
|turn|10
|
|t:|1759003186
|switch|p1a: Blissey|Blissey, F|100/100
|move|p2a: Gholdengo|Nasty Plot|p2a: Gholdengo
|-boost|p2a: Gholdengo|spa|2
|
|upkeep
|turn|11
|
|t:|1759003191
|move|p2a: Gholdengo|Recover|p2a: Gholdengo
|-heal|p2a: Gholdengo|100/100
|move|p1a: Blissey|Calm Mind|p1a: Blissey
|-boost|p1a: Blissey|spa|1
|-boost|p1a: Blissey|spd|1
|
|upkeep
|turn|12
|
|t:|1759003195
|move|p2a: Gholdengo|Nasty Plot|p2a: Gholdengo
|-boost|p2a: Gholdengo|spa|2
|move|p1a: Blissey|Shadow Ball|p2a: Gholdengo
|-supereffective|p2a: Gholdengo
|-damage|p2a: Gholdengo|58/100
|
|upkeep
|turn|13
|
|t:|1759003200
|move|p2a: Gholdengo|Make It Rain|p1a: Blissey
|-damage|p1a: Blissey|65/100
|-unboost|p2a: Gholdengo|spa|1
|move|p1a: Blissey|Calm Mind|p1a: Blissey
|-boost|p1a: Blissey|spa|1
|-boost|p1a: Blissey|spd|1
|
|upkeep
|turn|14
|
|t:|1759003207
|switch|p2a: Samurott|Samurott-Hisui, M|92/100
|move|p1a: Blissey|Soft-Boiled|p1a: Blissey
|-heal|p1a: Blissey|100/100
|
|upkeep
|turn|15
|
|t:|1759003215
|switch|p1a: Clefable|Clefable, F|100/100
|move|p2a: Samurott|Flip Turn|p1a: Clefable
|-damage|p1a: Clefable|52/100
|
|t:|1759003226
|switch|p2a: Gholdengo|Gholdengo|58/100|[from] Flip Turn
|
|-heal|p1a: Clefable|58/100|[from] item: Leftovers
|upkeep
|turn|16
|
|t:|1759003234
|switch|p1a: Blissey|Blissey, F|100/100
|move|p2a: Gholdengo|Nasty Plot|p2a: Gholdengo
|-boost|p2a: Gholdengo|spa|2
|
|upkeep
|turn|17
|
|t:|1759003250
|move|p2a: Gholdengo|Nasty Plot|p2a: Gholdengo
|-boost|p2a: Gholdengo|spa|2
|move|p1a: Blissey|Calm Mind|p1a: Blissey
|-boost|p1a: Blissey|spa|1
|-boost|p1a: Blissey|spd|1
|
|upkeep
|turn|18
|
|t:|1759003255
|move|p2a: Gholdengo|Make It Rain|p1a: Blissey
|-damage|p1a: Blissey|58/100
|-unboost|p2a: Gholdengo|spa|1
|move|p1a: Blissey|Calm Mind|p1a: Blissey
|-boost|p1a: Blissey|spa|1
|-boost|p1a: Blissey|spd|1
|
|upkeep
|turn|19
|
|t:|1759003265
|switch|p2a: Samurott|Samurott-Hisui, M|92/100
|move|p1a: Blissey|Soft-Boiled|p1a: Blissey
|-heal|p1a: Blissey|100/100
|
|upkeep
|turn|20
|
|t:|1759003274
|switch|p1a: Alomomola|Alomomola, F, shiny|96/100
|move|p2a: Samurott|Aqua Cutter|p1a: Alomomola
|-resisted|p1a: Alomomola
|-damage|p1a: Alomomola|75/100
|
|upkeep
|turn|21
|
|t:|1759003293
|switch|p2a: Zarude|Zarude|100/100
|move|p1a: Alomomola|Flip Turn|p2a: Zarude
|-resisted|p2a: Zarude
|-damage|p2a: Zarude|95/100
|
|t:|1759003299
|switch|p1a: Clefable|Clefable, F|58/100|[from] Flip Turn
|
|-heal|p2a: Zarude|100/100|[from] item: Leftovers
|-heal|p1a: Clefable|64/100|[from] item: Leftovers
|upkeep
|turn|22
|
|t:|1759003304
|move|p2a: Zarude|Knock Off|p1a: Clefable
|-resisted|p1a: Clefable
|-damage|p1a: Clefable|42/100
|-enditem|p1a: Clefable|Leftovers|[from] move: Knock Off|[of] p2a: Zarude
|move|p1a: Clefable|Moonlight|p1a: Clefable
|-heal|p1a: Clefable|92/100
|
|upkeep
|turn|23
|
|t:|1759003309
|switch|p2a: Gholdengo|Gholdengo|58/100
|move|p1a: Clefable|Stealth Rock|p2a: Gholdengo
|-sidestart|p2: itzbruhcon|move: Stealth Rock
|
|upkeep
|turn|24
|
|t:|1759003322
|move|p2a: Gholdengo|Recover|p2a: Gholdengo
|-heal|p2a: Gholdengo|100/100
|move|p1a: Clefable|Knock Off|p2a: Gholdengo
|-supereffective|p2a: Gholdengo
|-damage|p2a: Gholdengo|75/100
|-enditem|p2a: Gholdengo|Covert Cloak|[from] move: Knock Off|[of] p1a: Clefable
|
|upkeep
|turn|25
|
|t:|1759003329
|switch|p1a: Blissey|Blissey, F|100/100
|move|p2a: Gholdengo|Nasty Plot|p2a: Gholdengo
|-boost|p2a: Gholdengo|spa|2
|
|upkeep
|turn|26
|
|t:|1759003334
|move|p2a: Gholdengo|Nasty Plot|p2a: Gholdengo
|-boost|p2a: Gholdengo|spa|2
|move|p1a: Blissey|Calm Mind|p1a: Blissey
|-boost|p1a: Blissey|spa|1
|-boost|p1a: Blissey|spd|1
|
|upkeep
|turn|27
|
|t:|1759003338
|move|p2a: Gholdengo|Nasty Plot|p2a: Gholdengo
|-boost|p2a: Gholdengo|spa|2
|move|p1a: Blissey|Shadow Ball|p2a: Gholdengo
|-supereffective|p2a: Gholdengo
|-damage|p2a: Gholdengo|35/100
|
|upkeep
|turn|28
|
|t:|1759003342
|move|p2a: Gholdengo|Make It Rain|p1a: Blissey
|-damage|p1a: Blissey|45/100
|-unboost|p2a: Gholdengo|spa|1
|move|p1a: Blissey|Soft-Boiled|p1a: Blissey
|-heal|p1a: Blissey|95/100
|
|upkeep
|turn|29
|
|t:|1759003353
|switch|p2a: Zarude|Zarude|100/100
|-damage|p2a: Zarude|88/100|[from] Stealth Rock
|move|p1a: Blissey|Shadow Ball|p2a: Zarude
|-resisted|p2a: Zarude
|-damage|p2a: Zarude|81/100
|
|-heal|p2a: Zarude|87/100|[from] item: Leftovers
|upkeep
|turn|30
|
|t:|1759003363
|switch|p1a: Clefable|Clefable, F|92/100
|move|p2a: Zarude|Bulk Up|p2a: Zarude
|-boost|p2a: Zarude|atk|1
|-boost|p2a: Zarude|def|1
|
|-heal|p2a: Zarude|93/100|[from] item: Leftovers
|upkeep
|turn|31
|
|t:|1759003368
|move|p2a: Zarude|Power Whip|p1a: Clefable
|-damage|p1a: Clefable|14/100
|move|p1a: Clefable|Moonblast|p2a: Zarude
|-supereffective|p2a: Zarude
|-damage|p2a: Zarude|49/100
|
|-heal|p2a: Zarude|55/100|[from] item: Leftovers
|upkeep
|turn|32
|
|t:|1759003376
|move|p2a: Zarude|Power Whip|p1a: Clefable
|-damage|p1a: Clefable|0 fnt
|faint|p1a: Clefable
|
|-heal|p2a: Zarude|61/100|[from] item: Leftovers
|upkeep
|
|t:|1759003384
|switch|p1a: Kyurem|Kyurem, shiny|100/100
|-damage|p1a: Kyurem|88/100|[from] Spikes
|-damage|p1a: Kyurem|63/100|[from] Stealth Rock
|-ability|p1a: Kyurem|Pressure
|turn|33
|
|t:|1759003394
|-terastallize|p2a: Zarude|Poison
|move|p1a: Kyurem|Protect|p1a: Kyurem
|-singleturn|p1a: Kyurem|Protect
|move|p2a: Zarude|Knock Off|p1a: Kyurem
|-activate|p1a: Kyurem|move: Protect
|
|-heal|p2a: Zarude|67/100|[from] item: Leftovers
|-heal|p1a: Kyurem|69/100|[from] item: Leftovers
|upkeep
|turn|34
|
|t:|1759003407
|move|p2a: Zarude|Knock Off|p1a: Kyurem
|-damage|p1a: Kyurem|23/100
|-enditem|p1a: Kyurem|Leftovers|[from] move: Knock Off|[of] p2a: Zarude
|move|p1a: Kyurem|Earth Power|p2a: Zarude
|-supereffective|p2a: Zarude
|-damage|p2a: Zarude|17/100
|
|-heal|p2a: Zarude|23/100|[from] item: Leftovers
|upkeep
|turn|35
|
|t:|1759003421
|move|p2a: Zarude|Knock Off|p1a: Kyurem
|-damage|p1a: Kyurem|0 fnt
|faint|p1a: Kyurem
|
|-heal|p2a: Zarude|29/100|[from] item: Leftovers
|upkeep
|
|t:|1759003427
|switch|p1a: Dondozo|Dondozo, M, tera:Dragon|75/100
|-damage|p1a: Dondozo|63/100|[from] Spikes
|-damage|p1a: Dondozo|51/100|[from] Stealth Rock
|turn|36
|
|t:|1759003436
|move|p2a: Zarude|Power Whip|p1a: Dondozo
|-resisted|p1a: Dondozo
|-damage|p1a: Dondozo|39/100
|move|p1a: Dondozo|Rest|p1a: Dondozo
|-status|p1a: Dondozo|slp|[from] move: Rest
|-heal|p1a: Dondozo|100/100 slp|[silent]
|
|-heal|p2a: Zarude|35/100|[from] item: Leftovers
|upkeep
|turn|37
|
|t:|1759003442
|switch|p2a: Gholdengo|Gholdengo|35/100
|-damage|p2a: Gholdengo|29/100|[from] Stealth Rock
|cant|p1a: Dondozo|slp
|move|p1a: Dondozo|Sleep Talk|p1a: Dondozo
|move|p1a: Dondozo|Curse|p1a: Dondozo|[from] move: Sleep Talk
|-unboost|p1a: Dondozo|spe|1
|-boost|p1a: Dondozo|atk|1
|-boost|p1a: Dondozo|def|1
|
|upkeep
|turn|38
|
|t:|1759003451
|move|p2a: Gholdengo|Recover|p2a: Gholdengo
|-heal|p2a: Gholdengo|79/100
|cant|p1a: Dondozo|slp
|move|p1a: Dondozo|Sleep Talk|p1a: Dondozo
|move|p1a: Dondozo|Liquidation|p2a: Gholdengo|[from] move: Sleep Talk
|-damage|p2a: Gholdengo|50/100
|
|upkeep
|turn|39
|
|t:|1759003460
|switch|p1a: Blissey|Blissey, F|95/100
|move|p2a: Gholdengo|Make It Rain|p1a: Blissey
|-damage|p1a: Blissey|78/100
|-unboost|p2a: Gholdengo|spa|1
|
|upkeep
|turn|40
|
|t:|1759003468
|switch|p2a: Moltres|Moltres|100/100
|move|p1a: Blissey|Shadow Ball|p2a: Moltres
|-damage|p2a: Moltres|90/100
|
|upkeep
|turn|41
|
|t:|1759003474
|move|p2a: Moltres|Will-O-Wisp|p1a: Blissey
|-status|p1a: Blissey|brn
|move|p1a: Blissey|Calm Mind|p1a: Blissey
|-boost|p1a: Blissey|spa|1
|-boost|p1a: Blissey|spd|1
|
|-damage|p1a: Blissey|71/100 brn|[from] brn
|upkeep
|turn|42
|
|t:|1759003479
|move|p2a: Moltres|Flamethrower|p1a: Blissey
|-damage|p1a: Blissey|61/100 brn
|move|p1a: Blissey|Shadow Ball|p2a: Moltres
|-damage|p2a: Moltres|74/100
|
|-damage|p1a: Blissey|55/100 brn|[from] brn
|upkeep
|turn|43
|
|t:|1759003492
|-curestatus|p1a: Blissey|brn|[from] ability: Natural Cure
|switch|p1a: Alomomola|Alomomola, F, shiny|100/100
|move|p2a: Moltres|U-turn|p1a: Alomomola
|-damage|p1a: Alomomola|93/100
|
|t:|1759003503
|switch|p2a: Samurott|Samurott-Hisui, M|92/100|[from] U-turn
|-damage|p2a: Samurott|80/100|[from] Stealth Rock
|
|upkeep
|turn|44
|
|t:|1759003508
|move|p2a: Samurott|Ceaseless Edge|p1a: Alomomola
|-damage|p1a: Alomomola|55/100
|-sidestart|p1: prowl84|Spikes
|move|p1a: Alomomola|Scald|p2a: Samurott
|-resisted|p2a: Samurott
|-damage|p2a: Samurott|70/100
|
|upkeep
|turn|45
|
|t:|1759003517
|move|p2a: Samurott|Ceaseless Edge|p1a: Alomomola
|-damage|p1a: Alomomola|18/100
|-sidestart|p1: prowl84|Spikes
|move|p1a: Alomomola|Wish|p1a: Alomomola
|
|upkeep
|turn|46
|
|t:|1759003521
|switch|p1a: Blissey|Blissey, F|55/100
|move|p2a: Samurott|Ceaseless Edge|p1a: Blissey
|-damage|p1a: Blissey|0 fnt
|faint|p1a: Blissey
|
|upkeep
|-message|prowl84 forfeited.
|
|win|itzbruhcon
|raw|prowl84's rating: 1218 &rarr; <strong>1195</strong><br />(-23 for losing)
|raw|itzbruhcon's rating: 1245 &rarr; <strong>1268</strong><br />(+23 for winning)
|l|☆prowl84
|player|p1|
