|j|☆jahleel
|j|☆ArcadianSkies
|t:|1758982588
|gametype|singles
|player|p1|jahleel|dancer|1475
|player|p2|ArcadianSkies|volkner|1504
|gen|9
|tier|[Gen 9] OU
|rated|
|rule|HP Percentage Mod: HP is shown in percentages
|rule|Endless Battle Clause: Forcing endless battles is banned
|rule|Species Clause: Limit one of each Pokémon
|rule|OHKO Clause: OHKO moves are banned
|rule|Evasion Items Clause: Evasion items are banned
|rule|Evasion Moves Clause: Evasion moves are banned
|rule|Evasion Abilities Clause: Evasion abilities are banned
|rule|Sleep Moves Clause: Sleep-inducing moves are banned
|clearpoke
|poke|p1|Iron Valiant|
|poke|p1|Great Tusk|
|poke|p1|Corviknight, F|
|poke|p1|Slowking-Galar, F|
|poke|p1|Garganacl, F|
|poke|p1|Dragapult, F|
|poke|p2|Pelipper, F|
|poke|p2|Barraskewda, M|
|poke|p2|Raging Bolt|
|poke|p2|Overqwil, M|
|poke|p2|Iron Treads|
|poke|p2|Dragapult, M|
|teampreview
|inactive|Battle timer is ON: inactive players will automatically lose when time's up. (requested by ArcadianSkies)
|inactive|jahleel has 120 seconds left.
|
|t:|1758982629
|teamsize|p1|6
|teamsize|p2|6
|start
|switch|p1a: Iron Valiant|Iron Valiant|100/100
|switch|p2a: Downer Ending|Pelipper, F|100/100
|-weather|RainDance|[from] ability: Drizzle|[of] p2a: Downer Ending
|turn|1
|
|t:|1758982638
|-end|p1a: Iron Valiant|Quark Drive|[silent]
|switch|p1a: Slowking|Slowking-Galar, F|100/100
|switch|p2a: Escape From L.A.|Iron Treads|100/100
|
|-weather|RainDance|[upkeep]
|upkeep
|turn|2
|
|t:|1758982643
|move|p2a: Escape From L.A.|Volt Switch|p1a: Slowking
|-damage|p1a: Slowking|93/100
|
|t:|1758982650
|-end|p2a: Escape From L.A.|Quark Drive|[silent]
|switch|p2a: ThatsTooMuchMan!|Dragapult, M, shiny|100/100|[from] Volt Switch
|-prepare|p1a: Slowking|Chilly Reception|[premajor]
|move|p1a: Slowking|Chilly Reception|p1a: Slowking
|-weather|Snowscape
|
|t:|1758982656
|switch|p1a: Garganacl|Garganacl, F|100/100|[from] Chilly Reception
|
|-weather|Snowscape|[upkeep]
|upkeep
|turn|3
|
|t:|1758982663
|-terastallize|p2a: ThatsTooMuchMan!|Stellar
|move|p2a: ThatsTooMuchMan!|Surf|p1a: Garganacl
|-supereffective|p1a: Garganacl
|-damage|p1a: Garganacl|50/100
|-damage|p2a: ThatsTooMuchMan!|91/100|[from] item: Life Orb
|move|p1a: Garganacl|Salt Cure|p2a: ThatsTooMuchMan!
|-damage|p2a: ThatsTooMuchMan!|71/100
|-start|p2a: ThatsTooMuchMan!|Salt Cure
|
|-weather|Snowscape|[upkeep]
|-heal|p1a: Garganacl|56/100|[from] item: Leftovers
|-damage|p2a: ThatsTooMuchMan!|58/100|[from] Salt Cure
|upkeep
|turn|4
|
|t:|1758982690
|switch|p1a: Slowking|Slowking-Galar, F|100/100
|move|p2a: ThatsTooMuchMan!|Dragon Darts|p1a: Slowking
|-damage|p1a: Slowking|62/100
|-anim|p2a: ThatsTooMuchMan!|Dragon Darts|p1a: Slowking
|-damage|p1a: Slowking|23/100
|-damage|p2a: ThatsTooMuchMan!|48/100|[from] item: Life Orb
|
|-weather|Snowscape|[upkeep]
|-damage|p2a: ThatsTooMuchMan!|36/100|[from] Salt Cure
|upkeep
|turn|5
|
|t:|1758982696
|switch|p1a: Corviknight|Corviknight, F|100/100
|-ability|p1a: Corviknight|Pressure
|move|p2a: ThatsTooMuchMan!|Shadow Ball|p1a: Corviknight
|-damage|p1a: Corviknight|49/100
|-damage|p2a: ThatsTooMuchMan!|26/100|[from] item: Life Orb
|
|-weather|Snowscape|[upkeep]
|-damage|p2a: ThatsTooMuchMan!|14/100|[from] Salt Cure
|upkeep
|turn|6
|
|t:|1758982709
|move|p2a: ThatsTooMuchMan!|Thunder|p1a: Corviknight
|-supereffective|p1a: Corviknight
|-damage|p1a: Corviknight|0 fnt
|faint|p1a: Corviknight
|-damage|p2a: ThatsTooMuchMan!|4/100|[from] item: Life Orb
|
|-weather|none
|-damage|p2a: ThatsTooMuchMan!|0 fnt|[from] Salt Cure
|faint|p2a: ThatsTooMuchMan!
|upkeep
|
|t:|1758982718
|switch|p2a: Downer Ending|Pelipper, F|100/100
|switch|p1a: Slowking|Slowking-Galar, F|56/100
|-weather|RainDance|[from] ability: Drizzle|[of] p2a: Downer Ending
|turn|7
|
|t:|1758982732
|move|p2a: Downer Ending|Hurricane|p1a: Slowking
|-damage|p1a: Slowking|24/100
|-prepare|p1a: Slowking|Chilly Reception|[premajor]
|move|p1a: Slowking|Chilly Reception|p1a: Slowking
|-weather|Snowscape
|
|t:|1758982741
|switch|p1a: Garganacl|Garganacl, F|56/100|[from] Chilly Reception
|
|-weather|Snowscape|[upkeep]
|-heal|p1a: Garganacl|63/100|[from] item: Leftovers
|upkeep
|turn|8
|
|t:|1758982746
|move|p2a: Downer Ending|U-turn|p1a: Garganacl
|-damage|p1a: Garganacl|56/100
|
|t:|1758982757
|switch|p2a: Escape From L.A.|Iron Treads|100/100|[from] U-turn
|move|p1a: Garganacl|Recover|p1a: Garganacl
|-heal|p1a: Garganacl|100/100
|
|-weather|Snowscape|[upkeep]
|upkeep
|turn|9
|
|t:|1758982762
|move|p2a: Escape From L.A.|Earthquake|p1a: Garganacl
|-supereffective|p1a: Garganacl
|-damage|p1a: Garganacl|53/100
|move|p1a: Garganacl|Salt Cure|p2a: Escape From L.A.
|-resisted|p2a: Escape From L.A.
|-damage|p2a: Escape From L.A.|98/100
|-start|p2a: Escape From L.A.|Salt Cure
|
|-weather|Snowscape|[upkeep]
|-heal|p1a: Garganacl|59/100|[from] item: Leftovers
|-damage|p2a: Escape From L.A.|73/100|[from] Salt Cure
|upkeep
|turn|10
|
|t:|1758982767
|move|p2a: Escape From L.A.|Volt Switch|p1a: Garganacl
|-crit|p1a: Garganacl
|-damage|p1a: Garganacl|48/100
|
|t:|1758982769
|-end|p2a: Escape From L.A.|Quark Drive|[silent]
|switch|p2a: Downer Ending|Pelipper, F|100/100|[from] Volt Switch
|-weather|RainDance|[from] ability: Drizzle|[of] p2a: Downer Ending
|move|p1a: Garganacl|Recover|p1a: Garganacl
|-heal|p1a: Garganacl|98/100
|
|-weather|RainDance|[upkeep]
|-heal|p1a: Garganacl|100/100|[from] item: Leftovers
|upkeep
|turn|11
|
|t:|1758982776
|move|p2a: Downer Ending|Weather Ball|p1a: Garganacl
|-supereffective|p1a: Garganacl
|-damage|p1a: Garganacl|14/100
|move|p1a: Garganacl|Salt Cure|p2a: Downer Ending
|-supereffective|p2a: Downer Ending
|-damage|p2a: Downer Ending|71/100
|-start|p2a: Downer Ending|Salt Cure
|
|-weather|RainDance|[upkeep]
|-heal|p1a: Garganacl|20/100|[from] item: Leftovers
|-damage|p2a: Downer Ending|46/100|[from] Salt Cure
|upkeep
|turn|12
|
|t:|1758982788
|switch|p1a: Dragapult|Dragapult, F|100/100
|move|p2a: Downer Ending|Weather Ball|p1a: Dragapult
|-resisted|p1a: Dragapult
|-damage|p1a: Dragapult|52/100
|
|-weather|RainDance|[upkeep]
|-damage|p2a: Downer Ending|21/100|[from] Salt Cure
|upkeep
|turn|13
|
|t:|1758982800
|switch|p1a: Slowking|Slowking-Galar, F|58/100
|switch|p2a: Escape From L.A.|Iron Treads|73/100
|
|-weather|RainDance|[upkeep]
|upkeep
|turn|14
|
|t:|1758982805
|move|p2a: Escape From L.A.|Earthquake|p1a: Slowking
|-supereffective|p1a: Slowking
|-damage|p1a: Slowking|0 fnt
|faint|p1a: Slowking
|
|-weather|RainDance|[upkeep]
|upkeep
|
|t:|1758982809
|switch|p1a: Great Tusk|Great Tusk|100/100
|turn|15
|
|t:|1758982819
|move|p2a: Escape From L.A.|Ice Spinner|p1a: Great Tusk
|-supereffective|p1a: Great Tusk
|-damage|p1a: Great Tusk|72/100
|move|p1a: Great Tusk|Stealth Rock|p2a: Escape From L.A.
|-sidestart|p2: ArcadianSkies|move: Stealth Rock
|
|-weather|RainDance|[upkeep]
|upkeep
|turn|16
|
|t:|1758982823
|move|p2a: Escape From L.A.|Rapid Spin|p1a: Great Tusk
|-damage|p1a: Great Tusk|64/100
|-boost|p2a: Escape From L.A.|spe|1
|-sideend|p2: ArcadianSkies|Stealth Rock|[from] move: Rapid Spin|[of] p2a: Escape From L.A.
|move|p1a: Great Tusk|Headlong Rush|p2a: Escape From L.A.
|-supereffective|p2a: Escape From L.A.
|-damage|p2a: Escape From L.A.|0 fnt
|-unboost|p1a: Great Tusk|def|1
|-unboost|p1a: Great Tusk|spd|1
|faint|p2a: Escape From L.A.
|-end|p2a: Escape From L.A.|Quark Drive|[silent]
|
|-weather|RainDance|[upkeep]
|upkeep
|
|t:|1758982827
|switch|p2a: Time's Arrow|Barraskewda, M, shiny|100/100
|turn|17
|
|t:|1758982831
|-end|p1a: Great Tusk|Protosynthesis|[silent]
|switch|p1a: Garganacl|Garganacl, F|20/100
|move|p2a: Time's Arrow|Flip Turn|p1a: Garganacl
|-supereffective|p1a: Garganacl
|-damage|p1a: Garganacl|0 fnt
|faint|p1a: Garganacl
|
|t:|1758982836
|switch|p2a: The Showstopper|Overqwil, M|100/100|[from] Flip Turn
|
|-weather|none
|upkeep
|
|t:|1758982842
|switch|p1a: Great Tusk|Great Tusk|64/100
|turn|18
|
|t:|1758982845
|switch|p2a: Downer Ending|Pelipper, F|21/100
|-weather|RainDance|[from] ability: Drizzle|[of] p2a: Downer Ending
|move|p1a: Great Tusk|Close Combat|p2a: Downer Ending
|-resisted|p2a: Downer Ending
|-damage|p2a: Downer Ending|0 fnt
|-unboost|p1a: Great Tusk|def|1
|-unboost|p1a: Great Tusk|spd|1
|faint|p2a: Downer Ending
|
|-weather|RainDance|[upkeep]
|upkeep
|
|t:|1758982848
|switch|p2a: Time's Arrow|Barraskewda, M, shiny|100/100
|turn|19
|
|t:|1758982866
|-terastallize|p1a: Great Tusk|Water
|move|p2a: Time's Arrow|Liquidation|p1a: Great Tusk
|-resisted|p1a: Great Tusk
|-damage|p1a: Great Tusk|9/100
|move|p1a: Great Tusk|Headlong Rush|p2a: Time's Arrow
|-damage|p2a: Time's Arrow|0 fnt
|-unboost|p1a: Great Tusk|def|1
|-unboost|p1a: Great Tusk|spd|1
|faint|p2a: Time's Arrow
|
|-weather|RainDance|[upkeep]
|upkeep
|
|t:|1758982871
|switch|p2a: The Showstopper|Overqwil, M|100/100
|turn|20
|
|t:|1758982876
|move|p2a: The Showstopper|Crunch|p1a: Great Tusk
|-damage|p1a: Great Tusk|0 fnt
|faint|p1a: Great Tusk
|-end|p1a: Great Tusk|Protosynthesis|[silent]
|-damage|p2a: The Showstopper|91/100|[from] item: Life Orb
|
|-weather|RainDance|[upkeep]
|upkeep
|
|t:|1758982880
|switch|p1a: Dragapult|Dragapult, F|52/100
|turn|21
|
|t:|1758982884
|switch|p1a: Iron Valiant|Iron Valiant|100/100
|move|p2a: The Showstopper|Crunch|p1a: Iron Valiant
|-resisted|p1a: Iron Valiant
|-damage|p1a: Iron Valiant|85/100
|-damage|p2a: The Showstopper|81/100|[from] item: Life Orb
|
|-weather|RainDance|[upkeep]
|upkeep
|turn|22
|
|t:|1758982900
|move|p2a: The Showstopper|Gunk Shot|p1a: Iron Valiant
|-supereffective|p1a: Iron Valiant
|-damage|p1a: Iron Valiant|0 fnt
|faint|p1a: Iron Valiant
|-end|p1a: Iron Valiant|Quark Drive|[silent]
|-damage|p2a: The Showstopper|71/100|[from] item: Life Orb
|
|-weather|RainDance|[upkeep]
|upkeep
|-message|jahleel forfeited.
|
|win|ArcadianSkies
|raw|jahleel's rating: 1475 &rarr; <strong>1457</strong><br />(-18 for losing)
|raw|ArcadianSkies's rating: 1504 &rarr; <strong>1522</strong><br />(+18 for winning)
|l|☆jahleel
|player|p1|
