|badge|p2|bronze|gen9ou|100-6
|html|<div class="broadcast-red"><strong>This battle is required to be public due to one or more player having a season medal.</strong><br />During the public phase, you can discuss the state of the ladder <a href="/seasondiscussion">in a special chatroom.</a></div>
|uhtml|medal-msg|<div class="broadcast-blue">Curious what those medals under the avatar are? PS now has Ladder Seasons! For more information, check out the <a href="https://www.smogon.com/forums/threads/3740067/">thread on Smogon.</a></div>
|raw|<div class="broadcast-blue"><strong>This battle is required to be public due to a player having a name starting with 'medal'.</div>
|j|☆RllyBruh
|j|☆ilytrix
|t:|1759054912
|gametype|singles
|player|p1|RllyBruh|cynthia-gen4|1526
|player|p2|ilytrix|n-masters|1833
|gen|9
|tier|[Gen 9] OU
|rated|
|rule|HP Percentage Mod: HP is shown in percentages
|rule|Endless Battle Clause: Forcing endless battles is banned
|rule|Species Clause: Limit one of each Pokémon
|rule|OHKO Clause: OHKO moves are banned
|rule|Evasion Items Clause: Evasion items are banned
|rule|Evasion Moves Clause: Evasion moves are banned
|rule|Evasion Abilities Clause: Evasion abilities are banned
|rule|Sleep Moves Clause: Sleep-inducing moves are banned
|clearpoke
|poke|p1|Duraludon, M|
|poke|p1|Ursaluna, F|
|poke|p1|Samurott-Hisui, F|
|poke|p1|Skeledirge, F|
|poke|p1|Comfey, F|
|poke|p1|Great Tusk|
|poke|p2|Ceruledge, F|
|poke|p2|Raging Bolt|
|poke|p2|Latias, F|
|poke|p2|Kyurem|
|poke|p2|Ninetales-Alola, F|
|poke|p2|Iron Moth|
|teampreview
|
|t:|1759054940
|teamsize|p1|6
|teamsize|p2|6
|start
|switch|p1a: Duraludon|Duraludon, M|100/100
|switch|p2a: snow bunny|Ninetales-Alola, F|100/100
|-weather|Snowscape|[from] ability: Snow Warning|[of] p2a: snow bunny
|turn|1
|
|t:|1759054944
|move|p2a: snow bunny|Aurora Veil|p2a: snow bunny
|-sidestart|p2: ilytrix|move: Aurora Veil
|move|p1a: Duraludon|Stealth Rock|p2a: snow bunny
|-sidestart|p2: ilytrix|move: Stealth Rock
|
|-weather|Snowscape|[upkeep]
|upkeep
|turn|2
|
|t:|1759054947
|switch|p2a: MoveMerchant|Iron Moth|100/100
|-damage|p2a: MoveMerchant|76/100|[from] Stealth Rock
|-enditem|p2a: MoveMerchant|Booster Energy
|-activate|p2a: MoveMerchant|ability: Quark Drive|[fromitem]
|-start|p2a: MoveMerchant|quarkdrivespe
|move|p1a: Duraludon|Flash Cannon|p2a: MoveMerchant
|-resisted|p2a: MoveMerchant
|-damage|p2a: MoveMerchant|66/100
|
|-weather|Snowscape|[upkeep]
|upkeep
|turn|3
|
|t:|1759054956
|switch|p1a: Skeledirge|Skeledirge, F|100/100
|move|p2a: MoveMerchant|Fiery Dance|p1a: Skeledirge
|-resisted|p1a: Skeledirge
|-damage|p1a: Skeledirge|86/100
|-boost|p2a: MoveMerchant|spa|1
|
|-weather|Snowscape|[upkeep]
|upkeep
|turn|4
|
|t:|1759054965
|move|p2a: MoveMerchant|Sludge Wave|p1a: Skeledirge
|-resisted|p1a: Skeledirge
|-damage|p1a: Skeledirge|67/100
|move|p1a: Skeledirge|Will-O-Wisp|p2a: MoveMerchant|[miss]
|-miss|p1a: Skeledirge|p2a: MoveMerchant
|
|-weather|Snowscape|[upkeep]
|upkeep
|turn|5
|
|t:|1759054968
|-end|p2a: MoveMerchant|Quark Drive|[silent]
|switch|p2a: 50/50|Raging Bolt|100/100
|-damage|p2a: 50/50|88/100|[from] Stealth Rock
|-enditem|p2a: 50/50|Booster Energy
|-activate|p2a: 50/50|ability: Protosynthesis|[fromitem]
|-start|p2a: 50/50|protosynthesisspa
|move|p1a: Skeledirge|Hex|p2a: 50/50
|-damage|p2a: 50/50|77/100
|
|-weather|none
|upkeep
|turn|6
|
|t:|1759054974
|switch|p1a: Comfey|Comfey, F|100/100
|move|p2a: 50/50|Thunderbolt|p1a: Comfey
|-damage|p1a: Comfey|34/100
|
|upkeep
|turn|7
|
|t:|1759054977
|move|p1a: Comfey|Draining Kiss|p2a: 50/50
|-supereffective|p2a: 50/50
|-crit|p2a: 50/50
|-damage|p2a: 50/50|12/100
|-heal|p1a: Comfey|100/100|[from] drain|[of] p2a: 50/50
|-damage|p1a: Comfey|91/100|[from] item: Life Orb
|move|p2a: 50/50|Thunderbolt|p1a: Comfey
|-damage|p1a: Comfey|17/100
|
|upkeep
|turn|8
|
|t:|1759054987
|move|p1a: Comfey|Draining Kiss|p2a: 50/50
|-supereffective|p2a: 50/50
|-damage|p2a: 50/50|0 fnt
|-heal|p1a: Comfey|30/100|[from] drain|[of] p2a: 50/50
|faint|p2a: 50/50
|-end|p2a: 50/50|Protosynthesis|[silent]
|-damage|p1a: Comfey|20/100|[from] item: Life Orb
|
|-sideend|p2: ilytrix|move: Aurora Veil
|upkeep
|
|t:|1759054989
|switch|p2a: snow bunny|Ninetales-Alola, F|100/100
|-damage|p2a: snow bunny|76/100|[from] Stealth Rock
|-weather|Snowscape|[from] ability: Snow Warning|[of] p2a: snow bunny
|turn|9
|
|t:|1759055008
|switch|p1a: Duraludon|Duraludon, M|100/100
|move|p2a: snow bunny|Aurora Veil|p2a: snow bunny
|-sidestart|p2: ilytrix|move: Aurora Veil
|
|-weather|Snowscape|[upkeep]
|upkeep
|turn|10
|
|t:|1759055015
|switch|p2a: MoveMerchant|Iron Moth|66/100
|-damage|p2a: MoveMerchant|41/100|[from] Stealth Rock
|move|p1a: Duraludon|Flash Cannon|p2a: MoveMerchant
|-resisted|p2a: MoveMerchant
|-damage|p2a: MoveMerchant|31/100
|
|-weather|Snowscape|[upkeep]
|upkeep
|turn|11
|
|t:|1759055020
|switch|p1a: Comfey|Comfey, F|20/100
|move|p2a: MoveMerchant|Fiery Dance|p1a: Comfey
|-damage|p1a: Comfey|0 fnt
|faint|p1a: Comfey
|
|-weather|Snowscape|[upkeep]
|upkeep
|
|t:|1759055053
|switch|p1a: Skeledirge|Skeledirge, F|67/100
|turn|12
|
|t:|1759055058
|-end|p2a: MoveMerchant|Quark Drive|[silent]
|switch|p2a: bury the light|Ceruledge, F|100/100
|-damage|p2a: bury the light|76/100|[from] Stealth Rock
|move|p1a: Skeledirge|Torch Song|p2a: bury the light
|-resisted|p2a: bury the light
|-damage|p2a: bury the light|66/100
|-boost|p1a: Skeledirge|spa|1
|
|-weather|Snowscape|[upkeep]
|upkeep
|turn|13
|
|t:|1759055062
|move|p2a: bury the light|Poltergeist|p1a: Skeledirge|[miss]
|-miss|p2a: bury the light|p1a: Skeledirge
|move|p1a: Skeledirge|Hex|p2a: bury the light
|-supereffective|p2a: bury the light
|-damage|p2a: bury the light|22/100
|
|-weather|none
|upkeep
|turn|14
|
|t:|1759055066
|move|p2a: bury the light|Poltergeist|p1a: Skeledirge
|-activate|p1a: Skeledirge|move: Poltergeist|Heavy-Duty Boots
|-supereffective|p1a: Skeledirge
|-damage|p1a: Skeledirge|0 fnt
|faint|p1a: Skeledirge
|
|upkeep
|
|t:|1759055089
|switch|p1a: Great Tusk|Great Tusk|100/100
|-enditem|p1a: Great Tusk|Booster Energy
|-activate|p1a: Great Tusk|ability: Protosynthesis|[fromitem]
|-start|p1a: Great Tusk|protosynthesisspe
|turn|15
|
|t:|1759055093
|move|p1a: Great Tusk|Bulk Up|p1a: Great Tusk
|-boost|p1a: Great Tusk|atk|1
|-boost|p1a: Great Tusk|def|1
|move|p2a: bury the light|Poltergeist||[still]
|-fail|p2a: bury the light
|
|upkeep
|turn|16
|
|t:|1759055095
|move|p1a: Great Tusk|Bulk Up|p1a: Great Tusk
|-boost|p1a: Great Tusk|atk|1
|-boost|p1a: Great Tusk|def|1
|move|p2a: bury the light|Bitter Blade|p1a: Great Tusk
|-damage|p1a: Great Tusk|87/100
|-heal|p2a: bury the light|32/100|[from] drain|[of] p1a: Great Tusk
|
|-sideend|p2: ilytrix|move: Aurora Veil
|upkeep
|turn|17
|
|t:|1759055098
|move|p1a: Great Tusk|Bulk Up|p1a: Great Tusk
|-boost|p1a: Great Tusk|atk|1
|-boost|p1a: Great Tusk|def|1
|move|p2a: bury the light|Bitter Blade|p1a: Great Tusk
|-damage|p1a: Great Tusk|76/100
|-heal|p2a: bury the light|40/100|[from] drain|[of] p1a: Great Tusk
|
|upkeep
|turn|18
|
|t:|1759055100
|move|p1a: Great Tusk|Bulk Up|p1a: Great Tusk
|-boost|p1a: Great Tusk|atk|1
|-boost|p1a: Great Tusk|def|1
|move|p2a: bury the light|Bitter Blade|p1a: Great Tusk
|-damage|p1a: Great Tusk|66/100
|-heal|p2a: bury the light|48/100|[from] drain|[of] p1a: Great Tusk
|
|upkeep
|turn|19
|
|t:|1759055120
|move|p1a: Great Tusk|Bulk Up|p1a: Great Tusk
|-boost|p1a: Great Tusk|atk|1
|-boost|p1a: Great Tusk|def|1
|move|p2a: bury the light|Bitter Blade|p1a: Great Tusk
|-damage|p1a: Great Tusk|57/100
|-heal|p2a: bury the light|54/100|[from] drain|[of] p1a: Great Tusk
|
|upkeep
|turn|20
|j| Dionysos
|
|t:|1759055128
|move|p1a: Great Tusk|Headlong Rush|p2a: bury the light
|-supereffective|p2a: bury the light
|-damage|p2a: bury the light|0 fnt
|-unboost|p1a: Great Tusk|def|1
|-unboost|p1a: Great Tusk|spd|1
|faint|p2a: bury the light
|
|upkeep
|l| Dionysos
|
|t:|1759055132
|switch|p2a: realpsyspam|Latias, F|100/100
|-damage|p2a: realpsyspam|88/100|[from] Stealth Rock
|turn|21
|
|t:|1759055138
|-terastallize|p2a: realpsyspam|Steel
|move|p1a: Great Tusk|Ice Spinner|p2a: realpsyspam
|-resisted|p2a: realpsyspam
|-crit|p2a: realpsyspam
|-damage|p2a: realpsyspam|19/100
|move|p2a: realpsyspam|Agility|p2a: realpsyspam
|-boost|p2a: realpsyspam|spe|2
|
|-heal|p2a: realpsyspam|25/100|[from] item: Leftovers
|upkeep
|turn|22
|
|t:|1759055140
|move|p2a: realpsyspam|Stored Power|p1a: Great Tusk
|-supereffective|p1a: Great Tusk
|-damage|p1a: Great Tusk|0 fnt
|faint|p1a: Great Tusk
|-end|p1a: Great Tusk|Protosynthesis|[silent]
|
|-heal|p2a: realpsyspam|31/100|[from] item: Leftovers
|upkeep
|
|t:|1759055144
|switch|p1a: Samurott|Samurott-Hisui, F|100/100
|turn|23
|
|t:|1759055157
|move|p2a: realpsyspam|Aura Sphere|p1a: Samurott
|-supereffective|p1a: Samurott
|-damage|p1a: Samurott|21/100
|move|p1a: Samurott|Ceaseless Edge|p2a: realpsyspam
|-damage|p2a: realpsyspam|0 fnt
|-sidestart|p2: ilytrix|Spikes
|faint|p2a: realpsyspam
|
|upkeep
|
|t:|1759055166
|switch|p2a: MoveMerchant|Iron Moth|31/100
|-damage|p2a: MoveMerchant|6/100|[from] Stealth Rock
|-damage|p2a: MoveMerchant|0 fnt|[from] Spikes
|faint|p2a: MoveMerchant
|-end|p2a: MoveMerchant|Quark Drive|[silent]
|
|t:|1759055178
|switch|p2a: snow bunny|Ninetales-Alola, F|76/100
|-damage|p2a: snow bunny|51/100|[from] Stealth Rock
|-damage|p2a: snow bunny|39/100|[from] Spikes
|-weather|Snowscape|[from] ability: Snow Warning|[of] p2a: snow bunny
|turn|24
|
|t:|1759055184
|move|p2a: snow bunny|Moonblast|p1a: Samurott
|-supereffective|p1a: Samurott
|-damage|p1a: Samurott|0 fnt
|faint|p1a: Samurott
|
|-weather|Snowscape|[upkeep]
|upkeep
|
|t:|1759055186
|switch|p1a: Duraludon|Duraludon, M|100/100
|turn|25
|
|t:|1759055189
|move|p2a: snow bunny|Aurora Veil|p2a: snow bunny
|-sidestart|p2: ilytrix|move: Aurora Veil
|move|p1a: Duraludon|Flash Cannon|p2a: snow bunny
|-supereffective|p2a: snow bunny
|-damage|p2a: snow bunny|0 fnt
|faint|p2a: snow bunny
|
|-weather|Snowscape|[upkeep]
|upkeep
|
|t:|1759055193
|switch|p2a: rng my ahh|Kyurem|100/100
|-damage|p2a: rng my ahh|76/100|[from] Stealth Rock
|-damage|p2a: rng my ahh|63/100|[from] Spikes
|-ability|p2a: rng my ahh|Pressure
|turn|26
|
|t:|1759055212
|switch|p1a: Ursaluna|Ursaluna, F|100/100
|move|p2a: rng my ahh|Dragon Dance|p2a: rng my ahh
|-boost|p2a: rng my ahh|atk|1
|-boost|p2a: rng my ahh|spe|1
|
|-weather|Snowscape|[upkeep]
|-status|p1a: Ursaluna|brn|[from] item: Flame Orb
|upkeep
|turn|27
|
|t:|1759055232
|-terastallize|p1a: Ursaluna|Normal
|move|p2a: rng my ahh|Icicle Spear|p1a: Ursaluna
|-damage|p1a: Ursaluna|81/100 brn
|-damage|p1a: Ursaluna|62/100 brn
|-damage|p1a: Ursaluna|43/100 brn
|-damage|p1a: Ursaluna|25/100 brn
|-hitcount|p1a: Ursaluna|4
|move|p1a: Ursaluna|Facade|p2a: rng my ahh
|-damage|p2a: rng my ahh|6/100
|
|-weather|Snowscape|[upkeep]
|-damage|p1a: Ursaluna|19/100 brn|[from] brn
|upkeep
|turn|28
|l|☆ilytrix
|player|p2|
|c|☆RllyBruh|gg bro
|inactive|Battle timer is ON: inactive players will automatically lose when time's up. (requested by RllyBruh)
|j|☆ilytrix
|inactive|ilytrix reconnected and has 145 seconds left.
|player|p2|ilytrix|n-masters|
|
|t:|1759055287
|move|p2a: rng my ahh|Icicle Spear|p1a: Ursaluna
|-damage|p1a: Ursaluna|0 fnt
|faint|p1a: Ursaluna
|-hitcount|p1: Ursaluna|1
|
|-weather|none
|upkeep
|
|t:|1759055292
|switch|p1a: Duraludon|Duraludon, M|100/100
|turn|29
|
|t:|1759055295
|move|p2a: rng my ahh|Icicle Spear|p1a: Duraludon
|-damage|p1a: Duraludon|89/100
|-damage|p1a: Duraludon|77/100
|-damage|p1a: Duraludon|65/100
|-damage|p1a: Duraludon|52/100
|-hitcount|p1a: Duraludon|4
|move|p1a: Duraludon|Flash Cannon|p2a: rng my ahh
|-supereffective|p2a: rng my ahh
|-damage|p2a: rng my ahh|0 fnt
|faint|p2a: rng my ahh
|
|win|RllyBruh
|raw|RllyBruh's rating: 1526 &rarr; <strong>1560</strong><br />(+34 for winning)
|raw|ilytrix's rating: 1833 &rarr; <strong>1799</strong><br />(-34 for losing)
|l|☆ilytrix
|player|p2|
|l|☆RllyBruh
|player|p1|
