|j|☆cryyysneasel
|j|☆cross streets 43
|inactive|Battle timer is ON: inactive players will automatically lose when time's up.
|t:|1759066931
|gametype|singles
|player|p1|cryyysneasel|unknownf|
|player|p2|cross streets 43|dawn|
|gen|9
|tier|[Gen 9] OU
|rated|Tournament battle
|rule|HP Percentage Mod: HP is shown in percentages
|rule|Endless Battle Clause: Forcing endless battles is banned
|rule|Species Clause: Limit one of each Pokémon
|rule|OHKO Clause: OHKO moves are banned
|rule|Evasion Items Clause: Evasion items are banned
|rule|Evasion Moves Clause: Evasion moves are banned
|rule|Evasion Abilities Clause: Evasion abilities are banned
|rule|Sleep Moves Clause: Sleep-inducing moves are banned
|clearpoke
|poke|p1|Kyurem|
|poke|p1|Gholdengo|
|poke|p1|Ogerpon-Wellspring, F|
|poke|p1|Dragonite, F|
|poke|p1|Zamazenta-*|
|poke|p1|Great Tusk|
|poke|p2|Blaziken, M|
|poke|p2|Darkrai|
|poke|p2|Primarina, M|
|poke|p2|Ogerpon-Wellspring, F|
|poke|p2|Zapdos|
|poke|p2|Landorus-Therian, M|
|teampreview
|j|*Lady Monita ☀
|j| GoomyGuy12345
|inactive|cross streets 43 has 120 seconds left.
|
|t:|1759066965
|teamsize|p1|6
|teamsize|p2|6
|start
|switch|p1a: Ogerpon|Ogerpon-Wellspring, F|100/100
|switch|p2a: Primarina|Primarina, M|100/100
|turn|1
|j| Etjx
|l| Etjx
|inactive|cryyysneasel has 120 seconds left.
|inactive|cryyysneasel has 90 seconds left.
|
|t:|1759067055
|switch|p2a: Landorus|Landorus-Therian, M|100/100
|-ability|p2a: Landorus|Intimidate|boost
|-unboost|p1a: Ogerpon|atk|1
|move|p1a: Ogerpon|Ivy Cudgel|p2a: Landorus|[anim] Ivy Cudgel Water
|-supereffective|p2a: Landorus
|-damage|p2a: Landorus|0 fnt
|faint|p2a: Landorus
|
|upkeep
|
|t:|1759067066
|switch|p2a: Ogerpon|Ogerpon-Wellspring, F|100/100
|turn|2
|j| Albrtix
|
|t:|1759067082
|switch|p2a: Primarina|Primarina, M|100/100
|move|p1a: Ogerpon|Horn Leech|p2a: Primarina
|-supereffective|p2a: Primarina
|-damage|p2a: Primarina|12/100
|
|upkeep
|turn|3
|
|t:|1759067090
|switch|p1a: Kyurem|Kyurem|100/100
|-ability|p1a: Kyurem|Pressure
|switch|p2a: Zapdos|Zapdos|100/100
|
|upkeep
|turn|4
|
|t:|1759067096
|move|p1a: Kyurem|Ice Beam|p2a: Zapdos
|-supereffective|p2a: Zapdos
|-damage|p2a: Zapdos|0 fnt
|faint|p2a: Zapdos
|
|upkeep
|
|t:|1759067101
|switch|p2a: Blaziken|Blaziken, M|100/100
|turn|5
|
|t:|1759067106
|-terastallize|p2a: Blaziken|Rock
|move|p1a: Kyurem|Earth Power|p2a: Blaziken
|-supereffective|p2a: Blaziken
|-damage|p2a: Blaziken|3/100
|-unboost|p2a: Blaziken|spd|1
|move|p2a: Blaziken|Stone Edge|p1a: Kyurem
|-supereffective|p1a: Kyurem
|-damage|p1a: Kyurem|0 fnt
|faint|p1a: Kyurem
|
|-heal|p2a: Blaziken|9/100|[from] item: Leftovers
|-ability|p2a: Blaziken|Speed Boost|boost
|-boost|p2a: Blaziken|spe|1
|upkeep
|
|t:|1759067112
|switch|p1a: Great Tusk|Great Tusk|100/100
|turn|6
|
|t:|1759067116
|move|p2a: Blaziken|Protect|p2a: Blaziken
|-singleturn|p2a: Blaziken|Protect
|move|p1a: Great Tusk|Stealth Rock|p2a: Blaziken
|-sidestart|p2: cross streets 43|move: Stealth Rock
|
|-heal|p2a: Blaziken|15/100|[from] item: Leftovers
|-ability|p2a: Blaziken|Speed Boost|boost
|-boost|p2a: Blaziken|spe|1
|upkeep
|turn|7
|
|t:|1759067120
|move|p2a: Blaziken|Flare Blitz|p1a: Great Tusk
|-damage|p1a: Great Tusk|57/100
|-damage|p2a: Blaziken|0 fnt|[from] item: Rocky Helmet|[of] p1a: Great Tusk
|faint|p2a: Blaziken
|move|p1a: Great Tusk|Rapid Spin|p2: Blaziken|[notarget]
|-fail|p1a: Great Tusk
|
|upkeep
|
|t:|1759067125
|switch|p2a: Darkrai|Darkrai|100/100
|-damage|p2a: Darkrai|88/100|[from] Stealth Rock
|turn|8
|
|t:|1759067128
|move|p2a: Darkrai|Ice Beam|p1a: Great Tusk
|-supereffective|p1a: Great Tusk
|-damage|p1a: Great Tusk|0 fnt
|faint|p1a: Great Tusk
|-end|p1a: Great Tusk|Protosynthesis|[silent]
|-damage|p2a: Darkrai|78/100|[from] item: Life Orb
|
|upkeep
|
|t:|1759067131
|switch|p1a: Zamazenta|Zamazenta|100/100
|-ability|p1a: Zamazenta|Dauntless Shield|boost
|-boost|p1a: Zamazenta|def|1
|turn|9
|
|t:|1759067136
|switch|p2a: Primarina|Primarina, M|12/100
|-damage|p2a: Primarina|0 fnt|[from] Stealth Rock
|faint|p2a: Primarina
|move|p1a: Zamazenta|Close Combat|p2: Primarina|[notarget]
|-fail|p1a: Zamazenta
|
|upkeep
|
|t:|1759067137
|switch|p2a: Ogerpon|Ogerpon-Wellspring, F|100/100
|-damage|p2a: Ogerpon|88/100|[from] Stealth Rock
|turn|10
|
|t:|1759067139
|move|p1a: Zamazenta|Close Combat|p2a: Ogerpon
|-damage|p2a: Ogerpon|0 fnt
|-unboost|p1a: Zamazenta|def|1
|-unboost|p1a: Zamazenta|spd|1
|faint|p2a: Ogerpon
|-damage|p1a: Zamazenta|91/100|[from] item: Life Orb
|
|upkeep
|
|t:|1759067142
|switch|p2a: Darkrai|Darkrai|78/100
|-damage|p2a: Darkrai|66/100|[from] Stealth Rock
|turn|11
|
|t:|1759067144
|move|p1a: Zamazenta|Close Combat|p2a: Darkrai
|-supereffective|p2a: Darkrai
|-crit|p2a: Darkrai
|-damage|p2a: Darkrai|0 fnt
|-unboost|p1a: Zamazenta|def|1
|-unboost|p1a: Zamazenta|spd|1
|faint|p2a: Darkrai
|-damage|p1a: Zamazenta|81/100|[from] item: Life Orb
|
|win|cryyysneasel
|n|☆cryyysneasel|cryyysneasel
|n|☆cross streets 43|crossstreets43
|n|*Lady Monita ☀|ladymonita
|n| GoomyGuy12345|goomyguy12345
|n| Albrtix|albrtix
|l|*Lady Monita ☀
|l|☆cryyysneasel
|player|p1|
|l|☆cross streets 43
|player|p2|
