|j|☆gigapoophater
|j|☆bornexplorer88
|t:|1759011336
|gametype|singles
|player|p1|gigapoophater|swimmer|1208
|player|p2|bornexplorer88|1|1203
|gen|9
|tier|[Gen 9] OU
|rated|
|rule|HP Percentage Mod: HP is shown in percentages
|rule|Endless Battle Clause: Forcing endless battles is banned
|rule|Species Clause: Limit one of each Pokémon
|rule|OHKO Clause: OHKO moves are banned
|rule|Evasion Items Clause: Evasion items are banned
|rule|Evasion Moves Clause: Evasion moves are banned
|rule|Evasion Abilities Clause: Evasion abilities are banned
|rule|Sleep Moves Clause: Sleep-inducing moves are banned
|clearpoke
|poke|p1|Iron Boulder|
|poke|p1|Skeledirge, F|
|poke|p1|Orthworm, F|
|poke|p1|Breloom, F|
|poke|p1|Milotic, F|
|poke|p1|Zebstrika, F|
|poke|p2|Primeape, F|
|poke|p2|Scream Tail|
|poke|p2|Venomoth, M|
|poke|p2|Garchomp, F|
|poke|p2|Inteleon, M|
|poke|p2|Meowscarada, M|
|teampreview
|inactive|Battle timer is ON: inactive players will automatically lose when time's up. (requested by bornexplorer88)
|
|t:|1759011353
|teamsize|p1|6
|teamsize|p2|6
|start
|switch|p1a: Skeledirge|Skeledirge, F|100/100
|switch|p2a: Meowscarada|Meowscarada, M|100/100
|turn|1
|
|t:|1759011361
|move|p2a: Meowscarada|Knock Off|p1a: Skeledirge
|-start|p2a: Meowscarada|typechange|Dark|[from] ability: Protean
|-supereffective|p1a: Skeledirge
|-damage|p1a: Skeledirge|16/100
|-enditem|p1a: Skeledirge|Choice Scarf|[from] move: Knock Off|[of] p2a: Meowscarada
|move|p1a: Skeledirge|Torch Song|p2a: Meowscarada
|-damage|p2a: Meowscarada|41/100
|-boost|p1a: Skeledirge|spa|1
|
|upkeep
|turn|2
|
|t:|1759011374
|move|p2a: Meowscarada|Knock Off|p1a: Skeledirge
|-supereffective|p1a: Skeledirge
|-damage|p1a: Skeledirge|0 fnt
|faint|p1a: Skeledirge
|
|upkeep
|
|t:|1759011378
|switch|p1a: Breloom|Breloom, F|100/100
|turn|3
|
|t:|1759011386
|switch|p2a: Scream Tail|Scream Tail|100/100
|-enditem|p2a: Scream Tail|Booster Energy
|-activate|p2a: Scream Tail|ability: Protosynthesis|[fromitem]
|-start|p2a: Scream Tail|protosynthesisspd
|move|p1a: Breloom|Swords Dance|p1a: Breloom
|-boost|p1a: Breloom|atk|2
|
|upkeep
|turn|4
|
|t:|1759011396
|move|p2a: Scream Tail|Calm Mind|p2a: Scream Tail
|-boost|p2a: Scream Tail|spa|1
|-boost|p2a: Scream Tail|spd|1
|move|p1a: Breloom|Bullet Seed|p2a: Scream Tail
|-damage|p2a: Scream Tail|69/100
|-damage|p2a: Scream Tail|36/100
|-hitcount|p2a: Scream Tail|2
|
|upkeep
|turn|5
|
|t:|1759011411
|switch|p1a: Orthworm|Orthworm, F|100/100
|move|p2a: Scream Tail|Psyshock|p1a: Orthworm
|-resisted|p1a: Orthworm
|-damage|p1a: Orthworm|89/100
|
|upkeep
|turn|6
|
|t:|1759011421
|-terastallize|p2a: Scream Tail|Normal
|move|p2a: Scream Tail|Flamethrower|p1a: Orthworm
|-supereffective|p1a: Orthworm
|-damage|p1a: Orthworm|0 fnt
|faint|p1a: Orthworm
|
|upkeep
|
|t:|1759011427
|switch|p1a: Breloom|Breloom, F|100/100
|turn|7
|
|t:|1759011432
|move|p1a: Breloom|Mach Punch|p2a: Scream Tail
|-supereffective|p2a: Scream Tail
|-damage|p2a: Scream Tail|0 fnt
|faint|p2a: Scream Tail
|-end|p2a: Scream Tail|Protosynthesis|[silent]
|
|upkeep
|
|t:|1759011445
|switch|p2a: Venomoth|Venomoth, M|100/100
|turn|8
|
|t:|1759011453
|move|p2a: Venomoth|Quiver Dance|p2a: Venomoth
|-boost|p2a: Venomoth|spa|1
|-boost|p2a: Venomoth|spd|1
|-boost|p2a: Venomoth|spe|1
|move|p1a: Breloom|Rock Tomb|p2a: Venomoth
|-supereffective|p2a: Venomoth
|-crit|p2a: Venomoth
|-damage|p2a: Venomoth|0 fnt
|faint|p2a: Venomoth
|
|upkeep
|
|t:|1759011467
|switch|p2a: Inteleon|Inteleon, M|100/100
|turn|9
|
|t:|1759011478
|-terastallize|p1a: Breloom|Fighting
|move|p2a: Inteleon|Ice Beam|p1a: Breloom
|-damage|p1a: Breloom|37/100
|-status|p1a: Breloom|frz
|-curestatus|p1a: Breloom|frz|[msg]
|move|p1a: Breloom|Bullet Seed|p2a: Inteleon
|-supereffective|p2a: Inteleon
|-damage|p2a: Inteleon|30/100
|-supereffective|p2a: Inteleon
|-damage|p2a: Inteleon|0 fnt
|faint|p2a: Inteleon
|-hitcount|p2: Inteleon|2
|
|upkeep
|
|t:|1759011498
|switch|p2a: Garchomp|Garchomp, F|100/100
|turn|10
|
|t:|1759011504
|switch|p1a: Milotic|Milotic, F|100/100
|move|p2a: Garchomp|Swords Dance|p2a: Garchomp
|-boost|p2a: Garchomp|atk|2
|
|upkeep
|turn|11
|
|t:|1759011510
|move|p2a: Garchomp|Scale Shot|p1a: Milotic
|-damage|p1a: Milotic|71/100
|-damage|p1a: Milotic|45/100
|-damage|p1a: Milotic|15/100
|-damage|p1a: Milotic|0 fnt
|faint|p1a: Milotic
|-hitcount|p1: Milotic|4
|-unboost|p2a: Garchomp|def|1
|-boost|p2a: Garchomp|spe|1
|
|upkeep
|
|t:|1759011517
|switch|p1a: Iron Boulder|Iron Boulder|100/100
|-enditem|p1a: Iron Boulder|Booster Energy
|-activate|p1a: Iron Boulder|ability: Quark Drive|[fromitem]
|-start|p1a: Iron Boulder|quarkdrivespe
|turn|12
|
|t:|1759011527
|move|p1a: Iron Boulder|Psycho Cut|p2a: Garchomp
|-damage|p2a: Garchomp|45/100
|move|p2a: Garchomp|Earthquake|p1a: Iron Boulder
|-supereffective|p1a: Iron Boulder
|-damage|p1a: Iron Boulder|0 fnt
|faint|p1a: Iron Boulder
|-end|p1a: Iron Boulder|Quark Drive|[silent]
|
|upkeep
|
|t:|1759011534
|switch|p1a: Breloom|Breloom, F, tera:Fighting|37/100
|turn|13
|
|t:|1759011541
|move|p1a: Breloom|Mach Punch|p2a: Garchomp
|-damage|p2a: Garchomp|0 fnt
|-damage|p1a: Breloom|25/100|[from] ability: Rough Skin|[of] p2a: Garchomp
|-enditem|p1a: Breloom|Salac Berry|[eat]
|-boost|p1a: Breloom|spe|1|[from] item: Salac Berry
|faint|p2a: Garchomp
|
|upkeep
|
|t:|1759011548
|switch|p2a: Meowscarada|Meowscarada, M|41/100
|turn|14
|
|t:|1759011552
|move|p1a: Breloom|Mach Punch|p2a: Meowscarada
|-supereffective|p2a: Meowscarada
|-damage|p2a: Meowscarada|0 fnt
|faint|p2a: Meowscarada
|
|upkeep
|
|t:|1759011554
|switch|p2a: Primeape|Primeape, F|100/100
|turn|15
|
|t:|1759011583
|move|p1a: Breloom|Mach Punch|p2a: Primeape
|-damage|p2a: Primeape|57/100
|move|p2a: Primeape|Bulk Up|p2a: Primeape
|-boost|p2a: Primeape|atk|1
|-boost|p2a: Primeape|def|1
|
|upkeep
|turn|16
|
|t:|1759011591
|move|p1a: Breloom|Bullet Seed|p2a: Primeape
|-damage|p2a: Primeape|45/100
|-damage|p2a: Primeape|32/100
|-damage|p2a: Primeape|18/100
|-hitcount|p2a: Primeape|3
|move|p2a: Primeape|Rage Fist|p1a: Breloom
|-damage|p1a: Breloom|0 fnt
|faint|p1a: Breloom
|
|upkeep
|
|t:|1759011600
|switch|p1a: Zebstrika|Zebstrika, F|100/100
|turn|17
|
|t:|1759011604
|move|p1a: Zebstrika|Supercell Slam|p2a: Primeape
|-damage|p2a: Primeape|0 fnt
|faint|p2a: Primeape
|-damage|p1a: Zebstrika|91/100|[from] item: Life Orb
|
|win|gigapoophater
|raw|gigapoophater's rating: 1208 &rarr; <strong>1233</strong><br />(+25 for winning)
|raw|bornexplorer88's rating: 1203 &rarr; <strong>1178</strong><br />(-25 for losing)
|c|☆bornexplorer88|Ggwp
|l|☆gigapoophater
|player|p1|
|l|☆bornexplorer88
|player|p2|
