|j|☆Chilumi
|j|☆Noir Z
|t:|1758945753
|gametype|singles
|player|p1|Chilumi|guitarist|1443
|player|p2|Noir Z|unknown|1422
|gen|9
|tier|[Gen 9] OU
|rated|
|rule|HP Percentage Mod: HP is shown in percentages
|rule|Endless Battle Clause: Forcing endless battles is banned
|rule|Species Clause: Limit one of each Pokémon
|rule|OHKO Clause: OHKO moves are banned
|rule|Evasion Items Clause: Evasion items are banned
|rule|Evasion Moves Clause: Evasion moves are banned
|rule|Evasion Abilities Clause: Evasion abilities are banned
|rule|Sleep Moves Clause: Sleep-inducing moves are banned
|clearpoke
|poke|p1|Alomomola, M|
|poke|p1|Moltres|
|poke|p1|Fezandipiti, M|
|poke|p1|Dragapult, M|
|poke|p1|Weavile, M|
|poke|p1|Kingambit, F|
|poke|p2|Rillaboom, M|
|poke|p2|Corviknight, M|
|poke|p2|Cinderace, M|
|poke|p2|Dragapult, M|
|poke|p2|Garganacl, M|
|poke|p2|Kyurem|
|teampreview
|
|t:|1758945768
|teamsize|p1|6
|teamsize|p2|6
|start
|switch|p1a: Fezandipiti|Fezandipiti, M|100/100
|switch|p2a: Rillaboom|Rillaboom, M|100/100
|-fieldstart|move: Grassy Terrain|[from] ability: Grassy Surge|[of] p2a: Rillaboom
|turn|1
|inactive|Battle timer is ON: inactive players will automatically lose when time's up. (requested by Chilumi)
|
|t:|1758945776
|move|p2a: Rillaboom|Fake Out|p1a: Fezandipiti
|-damage|p1a: Fezandipiti|85/100
|cant|p1a: Fezandipiti|flinch
|
|-heal|p1a: Fezandipiti|92/100|[from] Grassy Terrain
|upkeep
|turn|2
|
|t:|1758945786
|switch|p2a: Corviknight|Corviknight, M|100/100
|-ability|p2a: Corviknight|Pressure
|move|p1a: Fezandipiti|U-turn|p2a: Corviknight
|-resisted|p2a: Corviknight
|-damage|p2a: Corviknight|97/100
|-damage|p1a: Fezandipiti|75/100|[from] item: Rocky Helmet|[of] p2a: Corviknight
|
|t:|1758945794
|switch|p1a: Moltres|Moltres|100/100|[from] U-turn
|
|upkeep
|turn|3
|
|t:|1758945799
|switch|p2a: Garganacl|Garganacl, M|100/100
|move|p1a: Moltres|Will-O-Wisp|p2a: Garganacl
|-immune|p2a: Garganacl|[from] ability: Purifying Salt
|
|upkeep
|turn|4
|
|t:|1758945806
|switch|p1a: Kingambit|Kingambit, F|100/100
|move|p2a: Garganacl|Stealth Rock|p1a: Kingambit
|-sidestart|p1: Chilumi|move: Stealth Rock
|
|upkeep
|turn|5
|
|t:|1758945821
|switch|p2a: Corviknight|Corviknight, M|97/100
|-ability|p2a: Corviknight|Pressure
|move|p1a: Kingambit|Iron Head|p2a: Corviknight
|-resisted|p2a: Corviknight
|-damage|p2a: Corviknight|81/100
|-damage|p1a: Kingambit|84/100|[from] item: Rocky Helmet|[of] p2a: Corviknight
|
|-heal|p1a: Kingambit|90/100|[from] Grassy Terrain
|-heal|p1a: Kingambit|96/100|[from] item: Leftovers
|-fieldend|move: Grassy Terrain
|upkeep
|turn|6
|
|t:|1758945831
|-end|p1a: Kingambit|fallenundefined|[silent]
|switch|p1a: Moltres|Moltres|100/100
|move|p2a: Corviknight|U-turn|p1a: Moltres
|-resisted|p1a: Moltres
|-damage|p1a: Moltres|98/100
|
|t:|1758945840
|switch|p2a: Garganacl|Garganacl, M|100/100|[from] U-turn
|
|upkeep
|turn|7
|
|t:|1758945844
|move|p1a: Moltres|U-turn|p2a: Garganacl
|-damage|p2a: Garganacl|92/100
|
|t:|1758945846
|switch|p1a: Kingambit|Kingambit, F|96/100|[from] U-turn
|-damage|p1a: Kingambit|90/100|[from] Stealth Rock
|move|p2a: Garganacl|Salt Cure|p1a: Kingambit
|-resisted|p1a: Kingambit
|-damage|p1a: Kingambit|85/100
|-start|p1a: Kingambit|Salt Cure
|
|-heal|p1a: Kingambit|91/100|[from] item: Leftovers
|-heal|p2a: Garganacl|98/100|[from] item: Leftovers
|-damage|p1a: Kingambit|66/100|[from] Salt Cure
|upkeep
|turn|8
|
|t:|1758945856
|-end|p1a: Kingambit|fallenundefined|[silent]
|switch|p1a: Moltres|Moltres|98/100
|move|p2a: Garganacl|Protect||[still]
|-fail|p2a: Garganacl
|
|-heal|p2a: Garganacl|100/100|[from] item: Leftovers
|upkeep
|turn|9
|
|t:|1758945862
|move|p1a: Moltres|U-turn|p2a: Garganacl
|-damage|p2a: Garganacl|92/100
|
|t:|1758945864
|switch|p1a: Alomomola|Alomomola, M|100/100|[from] U-turn
|move|p2a: Garganacl|Salt Cure|p1a: Alomomola
|-damage|p1a: Alomomola|92/100
|-start|p1a: Alomomola|Salt Cure
|
|-heal|p2a: Garganacl|98/100|[from] item: Leftovers
|-damage|p1a: Alomomola|68/100|[from] Salt Cure
|upkeep
|turn|10
|
|t:|1758945873
|move|p2a: Garganacl|Protect|p2a: Garganacl
|-singleturn|p2a: Garganacl|Protect
|move|p1a: Alomomola|Wish|p1a: Alomomola
|
|-heal|p2a: Garganacl|100/100|[from] item: Leftovers
|-damage|p1a: Alomomola|43/100|[from] Salt Cure
|upkeep
|turn|11
|
|t:|1758945880
|move|p2a: Garganacl|Protect|p2a: Garganacl
|-singleturn|p2a: Garganacl|Protect
|move|p1a: Alomomola|Flip Turn|p2a: Garganacl
|-activate|p2a: Garganacl|move: Protect
|
|-heal|p1a: Alomomola|93/100|[from] move: Wish|[wisher] Alomomola
|-damage|p1a: Alomomola|68/100|[from] Salt Cure
|upkeep
|turn|12
|
|t:|1758945889
|switch|p2a: Rillaboom|Rillaboom, M|100/100
|-fieldstart|move: Grassy Terrain|[from] ability: Grassy Surge|[of] p2a: Rillaboom
|move|p1a: Alomomola|Wish|p1a: Alomomola
|
|-heal|p1a: Alomomola|74/100|[from] Grassy Terrain
|-damage|p1a: Alomomola|49/100|[from] Salt Cure
|upkeep
|turn|13
|
|t:|1758945897
|switch|p1a: Kingambit|Kingambit, F|66/100
|-damage|p1a: Kingambit|60/100|[from] Stealth Rock
|move|p2a: Rillaboom|Knock Off|p1a: Kingambit
|-resisted|p1a: Kingambit
|-damage|p1a: Kingambit|48/100
|-enditem|p1a: Kingambit|Leftovers|[from] move: Knock Off|[of] p2a: Rillaboom
|
|-heal|p1a: Kingambit|100/100|[from] move: Wish|[wisher] Alomomola
|upkeep
|turn|14
|
|t:|1758945913
|switch|p2a: Cinderace|Cinderace, M|100/100
|move|p1a: Kingambit|Kowtow Cleave|p2a: Cinderace
|-damage|p2a: Cinderace|31/100
|
|-heal|p2a: Cinderace|37/100|[from] Grassy Terrain
|upkeep
|turn|15
|
|t:|1758945920
|-end|p1a: Kingambit|fallenundefined|[silent]
|switch|p1a: Moltres|Moltres|98/100
|move|p2a: Cinderace|U-turn|p1a: Moltres
|-start|p2a: Cinderace|typechange|Bug|[from] ability: Libero
|-resisted|p1a: Moltres
|-damage|p1a: Moltres|92/100
|-status|p2a: Cinderace|brn|[from] ability: Flame Body|[of] p1a: Moltres
|
|t:|1758945930
|switch|p2a: Garganacl|Garganacl, M|100/100|[from] U-turn
|
|upkeep
|turn|16
|
|t:|1758945938
|switch|p1a: Alomomola|Alomomola, M|82/100
|move|p2a: Garganacl|Salt Cure|p1a: Alomomola
|-damage|p1a: Alomomola|74/100
|-start|p1a: Alomomola|Salt Cure
|
|-heal|p1a: Alomomola|81/100|[from] Grassy Terrain
|-damage|p1a: Alomomola|56/100|[from] Salt Cure
|-fieldend|move: Grassy Terrain
|upkeep
|turn|17
|
|t:|1758945951
|move|p1a: Alomomola|Wish|p1a: Alomomola
|move|p2a: Garganacl|Salt Cure|p1a: Alomomola
|-damage|p1a: Alomomola|48/100
|
|-damage|p1a: Alomomola|23/100|[from] Salt Cure
|upkeep
|turn|18
|
|t:|1758945961
|switch|p1a: Kingambit|Kingambit, F|100/100
|-damage|p1a: Kingambit|94/100|[from] Stealth Rock
|switch|p2a: Kyurem|Kyurem|100/100
|-ability|p2a: Kyurem|Pressure
|
|-heal|p1a: Kingambit|100/100|[from] move: Wish|[wisher] Alomomola
|upkeep
|turn|19
|
|t:|1758945974
|move|p2a: Kyurem|Substitute|p2a: Kyurem
|-start|p2a: Kyurem|Substitute
|-damage|p2a: Kyurem|76/100
|move|p1a: Kingambit|Iron Head|p2a: Kyurem
|-supereffective|p2a: Kyurem
|-end|p2a: Kyurem|Substitute
|
|-heal|p2a: Kyurem|82/100|[from] item: Leftovers
|upkeep
|turn|20
|
|t:|1758945981
|move|p2a: Kyurem|Protect|p2a: Kyurem
|-singleturn|p2a: Kyurem|Protect
|move|p1a: Kingambit|Iron Head|p2a: Kyurem
|-activate|p2a: Kyurem|move: Protect
|
|-heal|p2a: Kyurem|88/100|[from] item: Leftovers
|upkeep
|turn|21
|
|t:|1758945998
|switch|p2a: Corviknight|Corviknight, M|81/100
|-ability|p2a: Corviknight|Pressure
|move|p1a: Kingambit|Iron Head|p2a: Corviknight
|-resisted|p2a: Corviknight
|-damage|p2a: Corviknight|62/100
|-damage|p1a: Kingambit|84/100|[from] item: Rocky Helmet|[of] p2a: Corviknight
|
|upkeep
|turn|22
|
|t:|1758946006
|-end|p1a: Kingambit|fallenundefined|[silent]
|switch|p1a: Alomomola|Alomomola, M|56/100
|move|p2a: Corviknight|U-turn|p1a: Alomomola
|-damage|p1a: Alomomola|49/100
|
|t:|1758946027
|switch|p2a: Dragapult|Dragapult, M|100/100|[from] U-turn
|
|upkeep
|turn|23
|
|t:|1758946032
|move|p1a: Alomomola|Protect|p1a: Alomomola
|-singleturn|p1a: Alomomola|Protect
|move|p2a: Dragapult|Will-O-Wisp|p1a: Alomomola
|-activate|p1a: Alomomola|move: Protect
|
|upkeep
|turn|24
|
|t:|1758946038
|switch|p1a: Moltres|Moltres|92/100
|move|p2a: Dragapult|Draco Meteor|p1a: Moltres
|-damage|p1a: Moltres|31/100
|-unboost|p2a: Dragapult|spa|2
|
|upkeep
|turn|25
|
|t:|1758946050
|switch|p1a: Fezandipiti|Fezandipiti, M|75/100
|move|p2a: Dragapult|U-turn|p1a: Fezandipiti
|-resisted|p1a: Fezandipiti
|-damage|p1a: Fezandipiti|70/100
|
|t:|1758946058
|switch|p2a: Garganacl|Garganacl, M|100/100|[from] U-turn
|
|upkeep
|turn|26
|
|t:|1758946064
|move|p1a: Fezandipiti|Roost|p1a: Fezandipiti
|-heal|p1a: Fezandipiti|100/100
|-singleturn|p1a: Fezandipiti|move: Roost
|move|p2a: Garganacl|Salt Cure|p1a: Fezandipiti
|-damage|p1a: Fezandipiti|85/100
|-start|p1a: Fezandipiti|Salt Cure
|
|-damage|p1a: Fezandipiti|72/100|[from] Salt Cure
|upkeep
|turn|27
|
|t:|1758946077
|switch|p1a: Alomomola|Alomomola, M|82/100
|move|p2a: Garganacl|Protect||[still]
|-fail|p2a: Garganacl
|
|upkeep
|turn|28
|
|t:|1758946091
|move|p1a: Alomomola|Wish|p1a: Alomomola
|move|p2a: Garganacl|Salt Cure|p1a: Alomomola
|-damage|p1a: Alomomola|74/100
|-start|p1a: Alomomola|Salt Cure
|
|-damage|p1a: Alomomola|50/100|[from] Salt Cure
|upkeep
|turn|29
|
|t:|1758946102
|move|p2a: Garganacl|Protect|p2a: Garganacl
|-singleturn|p2a: Garganacl|Protect
|move|p1a: Alomomola|Flip Turn|p2a: Garganacl
|-activate|p2a: Garganacl|move: Protect
|
|-heal|p1a: Alomomola|99/100|[from] move: Wish|[wisher] Alomomola
|-damage|p1a: Alomomola|75/100|[from] Salt Cure
|upkeep
|turn|30
|
|t:|1758946113
|switch|p2a: Dragapult|Dragapult, M|100/100
|move|p1a: Alomomola|Wish|p1a: Alomomola
|
|-damage|p1a: Alomomola|50/100|[from] Salt Cure
|upkeep
|turn|31
|
|t:|1758946121
|move|p1a: Alomomola|Protect|p1a: Alomomola
|-singleturn|p1a: Alomomola|Protect
|move|p2a: Dragapult|Draco Meteor|p1a: Alomomola
|-activate|p1a: Alomomola|move: Protect
|
|-heal|p1a: Alomomola|99/100|[from] move: Wish|[wisher] Alomomola
|-damage|p1a: Alomomola|75/100|[from] Salt Cure
|upkeep
|turn|32
|
|t:|1758946136
|switch|p1a: Fezandipiti|Fezandipiti, M|72/100
|move|p2a: Dragapult|Will-O-Wisp|p1a: Fezandipiti
|-status|p1a: Fezandipiti|brn
|
|-damage|p1a: Fezandipiti|66/100 brn|[from] brn
|upkeep
|turn|33
|
|t:|1758946143
|move|p2a: Dragapult|U-turn|p1a: Fezandipiti
|-resisted|p1a: Fezandipiti
|-damage|p1a: Fezandipiti|62/100 brn
|
|t:|1758946148
|switch|p2a: Garganacl|Garganacl, M|100/100|[from] U-turn
|move|p1a: Fezandipiti|Roost|p1a: Fezandipiti
|-heal|p1a: Fezandipiti|100/100 brn
|-singleturn|p1a: Fezandipiti|move: Roost
|
|-damage|p1a: Fezandipiti|94/100 brn|[from] brn
|upkeep
|turn|34
|
|t:|1758946157
|move|p1a: Fezandipiti|U-turn|p2a: Garganacl
|-damage|p2a: Garganacl|95/100
|
|t:|1758946160
|switch|p1a: Kingambit|Kingambit, F|84/100|[from] U-turn
|-damage|p1a: Kingambit|78/100|[from] Stealth Rock
|move|p2a: Garganacl|Salt Cure|p1a: Kingambit
|-resisted|p1a: Kingambit
|-crit|p1a: Kingambit
|-damage|p1a: Kingambit|70/100
|-start|p1a: Kingambit|Salt Cure
|
|-heal|p2a: Garganacl|100/100|[from] item: Leftovers
|-damage|p1a: Kingambit|45/100|[from] Salt Cure
|upkeep
|turn|35
|
|t:|1758946170
|-end|p1a: Kingambit|fallenundefined|[silent]
|switch|p1a: Alomomola|Alomomola, M|100/100
|move|p2a: Garganacl|Protect||[still]
|-fail|p2a: Garganacl
|
|upkeep
|turn|36
|
|t:|1758946175
|move|p1a: Alomomola|Wish|p1a: Alomomola
|move|p2a: Garganacl|Salt Cure|p1a: Alomomola
|-damage|p1a: Alomomola|94/100
|-start|p1a: Alomomola|Salt Cure
|
|-damage|p1a: Alomomola|69/100|[from] Salt Cure
|upkeep
|turn|37
|
|t:|1758946181
|switch|p1a: Kingambit|Kingambit, F|45/100
|-damage|p1a: Kingambit|39/100|[from] Stealth Rock
|move|p2a: Garganacl|Salt Cure|p1a: Kingambit
|-resisted|p1a: Kingambit
|-damage|p1a: Kingambit|34/100
|-start|p1a: Kingambit|Salt Cure
|
|-heal|p1a: Kingambit|100/100|[from] move: Wish|[wisher] Alomomola
|-damage|p1a: Kingambit|76/100|[from] Salt Cure
|upkeep
|turn|38
|
|t:|1758946191
|switch|p2a: Rillaboom|Rillaboom, M|100/100
|-fieldstart|move: Grassy Terrain|[from] ability: Grassy Surge|[of] p2a: Rillaboom
|move|p1a: Kingambit|Iron Head|p2a: Rillaboom
|-damage|p2a: Rillaboom|49/100
|
|-heal|p2a: Rillaboom|55/100|[from] Grassy Terrain
|-heal|p2a: Rillaboom|62/100|[from] item: Leftovers
|-heal|p1a: Kingambit|82/100|[from] Grassy Terrain
|-damage|p1a: Kingambit|57/100|[from] Salt Cure
|upkeep
|turn|39
|
|t:|1758946203
|-end|p1a: Kingambit|fallenundefined|[silent]
|switch|p1a: Moltres|Moltres|31/100
|move|p2a: Rillaboom|Drum Beating|p1a: Moltres
|-resisted|p1a: Moltres
|-damage|p1a: Moltres|22/100
|-unboost|p1a: Moltres|spe|1
|
|-heal|p2a: Rillaboom|68/100|[from] Grassy Terrain
|-heal|p2a: Rillaboom|74/100|[from] item: Leftovers
|upkeep
|turn|40
|
|t:|1758946213
|move|p2a: Rillaboom|Knock Off|p1a: Moltres
|-damage|p1a: Moltres|1/100
|-enditem|p1a: Moltres|Heavy-Duty Boots|[from] move: Knock Off|[of] p2a: Rillaboom
|move|p1a: Moltres|Roost|p1a: Moltres
|-heal|p1a: Moltres|51/100
|-singleturn|p1a: Moltres|move: Roost
|
|-heal|p2a: Rillaboom|80/100|[from] Grassy Terrain
|-heal|p2a: Rillaboom|86/100|[from] item: Leftovers
|-heal|p1a: Moltres|57/100|[from] Grassy Terrain
|upkeep
|turn|41
|
|t:|1758946225
|switch|p2a: Garganacl|Garganacl, M|100/100
|move|p1a: Moltres|Roost|p1a: Moltres
|-heal|p1a: Moltres|100/100
|-singleturn|p1a: Moltres|move: Roost
|
|upkeep
|turn|42
|
|t:|1758946235
|move|p1a: Moltres|U-turn|p2a: Garganacl
|-damage|p2a: Garganacl|91/100
|
|t:|1758946237
|switch|p1a: Alomomola|Alomomola, M|100/100|[from] U-turn
|move|p2a: Garganacl|Salt Cure|p1a: Alomomola
|-damage|p1a: Alomomola|93/100
|-start|p1a: Alomomola|Salt Cure
|
|-heal|p1a: Alomomola|99/100|[from] Grassy Terrain
|-heal|p2a: Garganacl|97/100|[from] Grassy Terrain
|-heal|p2a: Garganacl|100/100|[from] item: Leftovers
|-damage|p1a: Alomomola|74/100|[from] Salt Cure
|-fieldend|move: Grassy Terrain
|upkeep
|turn|43
|
|t:|1758946248
|switch|p2a: Rillaboom|Rillaboom, M|86/100
|-fieldstart|move: Grassy Terrain|[from] ability: Grassy Surge|[of] p2a: Rillaboom
|move|p1a: Alomomola|Wish|p1a: Alomomola
|
|-heal|p2a: Rillaboom|92/100|[from] Grassy Terrain
|-heal|p2a: Rillaboom|98/100|[from] item: Leftovers
|-heal|p1a: Alomomola|80/100|[from] Grassy Terrain
|-damage|p1a: Alomomola|55/100|[from] Salt Cure
|upkeep
|turn|44
|
|t:|1758946260
|switch|p1a: Kingambit|Kingambit, F|57/100
|-damage|p1a: Kingambit|51/100|[from] Stealth Rock
|move|p2a: Rillaboom|Fake Out|p1a: Kingambit
|-resisted|p1a: Kingambit
|-damage|p1a: Kingambit|46/100
|
|-heal|p1a: Kingambit|100/100|[from] move: Wish|[wisher] Alomomola
|-heal|p2a: Rillaboom|100/100|[from] Grassy Terrain
|upkeep
|turn|45
|
|t:|1758946282
|switch|p2a: Corviknight|Corviknight, M|62/100
|-ability|p2a: Corviknight|Pressure
|move|p1a: Kingambit|Swords Dance|p1a: Kingambit
|-boost|p1a: Kingambit|atk|2
|
|upkeep
|turn|46
|
|t:|1758946292
|move|p2a: Corviknight|U-turn|p1a: Kingambit
|-damage|p1a: Kingambit|90/100
|
|t:|1758946294
|switch|p2a: Cinderace|Cinderace, M|37/100 brn|[from] U-turn
|move|p1a: Kingambit|Kowtow Cleave|p2a: Cinderace
|-damage|p2a: Cinderace|0 fnt
|faint|p2a: Cinderace
|
|-heal|p1a: Kingambit|96/100|[from] Grassy Terrain
|upkeep
|
|t:|1758946305
|switch|p2a: Dragapult|Dragapult, M|100/100
|turn|47
|
|t:|1758946313
|-end|p1a: Kingambit|fallenundefined|[silent]
|switch|p1a: Fezandipiti|Fezandipiti, M|94/100 brn
|move|p2a: Dragapult|Will-O-Wisp|p1a: Fezandipiti
|-fail|p1a: Fezandipiti|brn
|
|-heal|p1a: Fezandipiti|100/100 brn|[from] Grassy Terrain
|-damage|p1a: Fezandipiti|94/100 brn|[from] brn
|-fieldend|move: Grassy Terrain
|upkeep
|turn|48
|
|t:|1758946322
|move|p2a: Dragapult|U-turn|p1a: Fezandipiti
|-resisted|p1a: Fezandipiti
|-damage|p1a: Fezandipiti|89/100 brn
|
|t:|1758946326
|switch|p2a: Garganacl|Garganacl, M|100/100|[from] U-turn
|move|p1a: Fezandipiti|U-turn|p2a: Garganacl
|-damage|p2a: Garganacl|95/100
|
|t:|1758946331
|switch|p1a: Kingambit|Kingambit, F|96/100|[from] U-turn
|-damage|p1a: Kingambit|90/100|[from] Stealth Rock
|
|-heal|p2a: Garganacl|100/100|[from] item: Leftovers
|upkeep
|turn|49
|
|t:|1758946337
|move|p1a: Kingambit|Iron Head|p2a: Garganacl
|-supereffective|p2a: Garganacl
|-damage|p2a: Garganacl|39/100
|move|p2a: Garganacl|Salt Cure|p1a: Kingambit
|-resisted|p1a: Kingambit
|-damage|p1a: Kingambit|85/100
|-start|p1a: Kingambit|Salt Cure
|
|-heal|p2a: Garganacl|45/100|[from] item: Leftovers
|-damage|p1a: Kingambit|60/100|[from] Salt Cure
|upkeep
|turn|50
|
|t:|1758946352
|move|p2a: Garganacl|Protect|p2a: Garganacl
|-singleturn|p2a: Garganacl|Protect
|move|p1a: Kingambit|Iron Head|p2a: Garganacl
|-activate|p2a: Garganacl|move: Protect
|
|-heal|p2a: Garganacl|51/100|[from] item: Leftovers
|-damage|p1a: Kingambit|35/100|[from] Salt Cure
|upkeep
|turn|51
|
|t:|1758946361
|move|p1a: Kingambit|Iron Head|p2a: Garganacl
|-supereffective|p2a: Garganacl
|-damage|p2a: Garganacl|0 fnt
|faint|p2a: Garganacl
|
|-damage|p1a: Kingambit|10/100|[from] Salt Cure
|upkeep
|
|t:|1758946370
|switch|p2a: Kyurem|Kyurem|88/100
|-ability|p2a: Kyurem|Pressure
|turn|52
|
|t:|1758946374
|move|p2a: Kyurem|Substitute|p2a: Kyurem
|-start|p2a: Kyurem|Substitute
|-damage|p2a: Kyurem|63/100
|move|p1a: Kingambit|Iron Head|p2a: Kyurem
|-supereffective|p2a: Kyurem
|-end|p2a: Kyurem|Substitute
|
|-heal|p2a: Kyurem|69/100|[from] item: Leftovers
|-damage|p1a: Kingambit|0 fnt|[from] Salt Cure
|faint|p1a: Kingambit
|-end|p1a: Kingambit|fallenundefined|[silent]
|upkeep
|
|t:|1758946382
|switch|p1a: Dragapult|Dragapult, M|100/100
|turn|53
|
|t:|1758946390
|-terastallize|p2a: Kyurem|Steel
|move|p1a: Dragapult|Dragon Darts|p2a: Kyurem
|-resisted|p2a: Kyurem
|-damage|p2a: Kyurem|59/100
|-anim|p1a: Dragapult|Dragon Darts|p2a: Kyurem
|-resisted|p2a: Kyurem
|-damage|p2a: Kyurem|48/100
|move|p2a: Kyurem|Freeze-Dry|p1a: Dragapult
|-supereffective|p1a: Dragapult
|-damage|p1a: Dragapult|0 fnt
|faint|p1a: Dragapult
|
|-heal|p2a: Kyurem|54/100|[from] item: Leftovers
|upkeep
|
|t:|1758946401
|switch|p1a: Fezandipiti|Fezandipiti, M|89/100 brn
|turn|54
|
|t:|1758946409
|switch|p2a: Corviknight|Corviknight, M|62/100
|-ability|p2a: Corviknight|Pressure
|move|p1a: Fezandipiti|U-turn|p2a: Corviknight
|-resisted|p2a: Corviknight
|-damage|p2a: Corviknight|61/100
|-damage|p1a: Fezandipiti|73/100 brn|[from] item: Rocky Helmet|[of] p2a: Corviknight
|
|t:|1758946416
|switch|p1a: Moltres|Moltres|100/100|[from] U-turn
|-damage|p1a: Moltres|50/100|[from] Stealth Rock
|
|upkeep
|turn|55
|
|t:|1758946428
|switch|p2a: Dragapult|Dragapult, M|100/100
|move|p1a: Moltres|U-turn|p2a: Dragapult
|-resisted|p2a: Dragapult
|-damage|p2a: Dragapult|91/100
|
|t:|1758946433
|switch|p1a: Weavile|Weavile, M|100/100|[from] U-turn
|-ability|p1a: Weavile|Pressure
|
|upkeep
|turn|56
|
|t:|1758946444
|switch|p2a: Corviknight|Corviknight, M|61/100
|-ability|p2a: Corviknight|Pressure
|move|p1a: Weavile|Swords Dance|p1a: Weavile
|-boost|p1a: Weavile|atk|2
|
|upkeep
|turn|57
|
|t:|1758946452
|move|p1a: Weavile|Triple Axel|p2a: Corviknight
|-damage|p2a: Corviknight|46/100
|-damage|p1a: Weavile|84/100|[from] item: Rocky Helmet|[of] p2a: Corviknight
|-damage|p2a: Corviknight|18/100
|-damage|p1a: Weavile|68/100|[from] item: Rocky Helmet|[of] p2a: Corviknight
|-damage|p2a: Corviknight|0 fnt
|-damage|p1a: Weavile|51/100|[from] item: Rocky Helmet|[of] p2a: Corviknight
|faint|p2a: Corviknight
|-hitcount|p2: Corviknight|3
|
|upkeep
|
|t:|1758946462
|switch|p2a: Rillaboom|Rillaboom, M|100/100
|-fieldstart|move: Grassy Terrain|[from] ability: Grassy Surge|[of] p2a: Rillaboom
|turn|58
|
|t:|1758946471
|move|p2a: Rillaboom|Grassy Glide|p1a: Weavile
|-damage|p1a: Weavile|0 fnt
|faint|p1a: Weavile
|
|upkeep
|-message|Chilumi forfeited.
|
|win|Noir Z
|raw|Chilumi's rating: 1443 &rarr; <strong>1422</strong><br />(-21 for losing)
|raw|Noir Z's rating: 1422 &rarr; <strong>1443</strong><br />(+21 for winning)
|l|☆Chilumi
|player|p1|
|l|☆Noir Z
|player|p2|
