|j|☆Rin1604
|j|☆tijzen
|t:|1759057485
|gametype|singles
|player|p1|Rin1604|miku-ghost|1186
|player|p2|tijzen|ruinmaniac|1148
|gen|9
|tier|[Gen 9] OU
|rated|
|rule|HP Percentage Mod: HP is shown in percentages
|rule|Endless Battle Clause: Forcing endless battles is banned
|rule|Species Clause: Limit one of each Pokémon
|rule|OHKO Clause: OHKO moves are banned
|rule|Evasion Items Clause: Evasion items are banned
|rule|Evasion Moves Clause: Evasion moves are banned
|rule|Evasion Abilities Clause: Evasion abilities are banned
|rule|Sleep Moves Clause: Sleep-inducing moves are banned
|clearpoke
|poke|p1|Kommo-o, F|
|poke|p1|Gholdengo|
|poke|p1|Ninetales-Alola, F|
|poke|p1|Hatterene, F|
|poke|p1|Zamazenta-*|
|poke|p1|Kingambit, F|
|poke|p2|Flygon, F|
|poke|p2|Iron Moth|
|poke|p2|Samurott-Hisui, M|
|poke|p2|Glimmora, M|
|poke|p2|Rillaboom, F|
|poke|p2|Gholdengo|
|teampreview
|
|t:|1759057504
|teamsize|p1|6
|teamsize|p2|6
|start
|switch|p1a: Zamazenta|Zamazenta|100/100
|switch|p2a: Gholdengo|Gholdengo|100/100
|-ability|p1a: Zamazenta|Dauntless Shield|boost
|-boost|p1a: Zamazenta|def|1
|turn|1
|
|t:|1759057509
|move|p1a: Zamazenta|Crunch|p2a: Gholdengo
|-supereffective|p2a: Gholdengo
|-damage|p2a: Gholdengo|21/100
|-unboost|p2a: Gholdengo|def|1
|-damage|p1a: Zamazenta|91/100|[from] item: Life Orb
|move|p2a: Gholdengo|Psychic|p1a: Zamazenta
|-supereffective|p1a: Zamazenta
|-damage|p1a: Zamazenta|24/100
|-unboost|p1a: Zamazenta|spd|1
|
|upkeep
|turn|2
|
|t:|1759057525
|switch|p1a: Gholdengo|Gholdengo|100/100
|switch|p2a: Rillaboom|Rillaboom, F|100/100
|-fieldstart|move: Grassy Terrain|[from] ability: Grassy Surge|[of] p2a: Rillaboom
|
|upkeep
|turn|3
|
|t:|1759057532
|move|p1a: Gholdengo|Shadow Ball|p2a: Rillaboom
|-damage|p2a: Rillaboom|65/100
|move|p2a: Rillaboom|Knock Off|p1a: Gholdengo
|-supereffective|p1a: Gholdengo
|-damage|p1a: Gholdengo|15/100
|-enditem|p1a: Gholdengo|Custap Berry|[from] move: Knock Off|[of] p2a: Rillaboom
|
|-heal|p1a: Gholdengo|21/100|[from] Grassy Terrain
|-heal|p2a: Rillaboom|71/100|[from] Grassy Terrain
|upkeep
|turn|4
|
|t:|1759057544
|move|p2a: Rillaboom|Grassy Glide|p1a: Gholdengo
|-resisted|p1a: Gholdengo
|-damage|p1a: Gholdengo|0 fnt
|faint|p1a: Gholdengo
|
|-heal|p2a: Rillaboom|78/100|[from] Grassy Terrain
|upkeep
|
|t:|1759057546
|switch|p1a: Ninetales|Ninetales-Alola, F|100/100
|-weather|Snowscape|[from] ability: Snow Warning|[of] p1a: Ninetales
|turn|5
|
|t:|1759057557
|switch|p2a: Gholdengo|Gholdengo|21/100
|move|p1a: Ninetales|Aurora Veil|p1a: Ninetales
|-sidestart|p1: Rin1604|move: Aurora Veil
|
|-weather|Snowscape|[upkeep]
|-heal|p2a: Gholdengo|27/100|[from] Grassy Terrain
|upkeep
|turn|6
|
|t:|1759057566
|switch|p1a: Kingambit|Kingambit, F|100/100
|-activate|p1a: Kingambit|ability: Supreme Overlord
|-start|p1a: Kingambit|fallen1|[silent]
|-item|p1a: Kingambit|Air Balloon
|move|p2a: Gholdengo|Make It Rain|p1a: Kingambit
|-resisted|p1a: Kingambit
|-damage|p1a: Kingambit|84/100
|-unboost|p2a: Gholdengo|spa|1
|-enditem|p1a: Kingambit|Air Balloon
|
|-weather|Snowscape|[upkeep]
|-heal|p2a: Gholdengo|33/100|[from] Grassy Terrain
|-heal|p1a: Kingambit|90/100|[from] Grassy Terrain
|-fieldend|move: Grassy Terrain
|upkeep
|turn|7
|
|t:|1759057588
|-end|p1a: Kingambit|fallen1|[silent]
|switch|p1a: Kommo-o|Kommo-o, F|100/100
|move|p2a: Gholdengo|Make It Rain|p1a: Kommo-o
|-damage|p1a: Kommo-o|72/100
|-unboost|p2a: Gholdengo|spa|1
|
|-weather|Snowscape|[upkeep]
|upkeep
|turn|8
|
|t:|1759057594
|move|p2a: Gholdengo|Make It Rain|p1a: Kommo-o
|-damage|p1a: Kommo-o|54/100
|-unboost|p2a: Gholdengo|spa|1
|move|p1a: Kommo-o|Clangorous Soul|p1a: Kommo-o
|-boost|p1a: Kommo-o|atk|1
|-boost|p1a: Kommo-o|def|1
|-boost|p1a: Kommo-o|spa|1
|-boost|p1a: Kommo-o|spd|1
|-boost|p1a: Kommo-o|spe|1
|-damage|p1a: Kommo-o|21/100
|-enditem|p1a: Kommo-o|Throat Spray
|-boost|p1a: Kommo-o|spa|1|[from] item: Throat Spray
|
|-weather|Snowscape|[upkeep]
|upkeep
|turn|9
|
|t:|1759057612
|switch|p2a: Glimmora|Glimmora, M|100/100
|move|p1a: Kommo-o|Flamethrower|p2a: Glimmora
|-resisted|p2a: Glimmora
|-damage|p2a: Glimmora|59/100
|
|-weather|none
|upkeep
|turn|10
|
|t:|1759057648
|move|p2a: Glimmora|Spiky Shield|p2a: Glimmora
|-singleturn|p2a: Glimmora|move: Protect
|move|p1a: Kommo-o|Boomburst|p2a: Glimmora
|-activate|p2a: Glimmora|move: Protect
|
|upkeep
|turn|11
|
|t:|1759057657
|switch|p2a: Gholdengo|Gholdengo|33/100
|move|p1a: Kommo-o|Clanging Scales|p2a: Gholdengo
|-resisted|p2a: Gholdengo
|-damage|p2a: Gholdengo|0 fnt
|faint|p2a: Gholdengo
|-unboost|p1a: Kommo-o|def|1
|
|upkeep
|
|t:|1759057667
|switch|p2a: Flygon|Flygon, F|100/100
|turn|12
|
|t:|1759057673
|-terastallize|p2a: Flygon|Fairy
|move|p1a: Kommo-o|Boomburst|p2a: Flygon
|-enditem|p2a: Flygon|Focus Sash
|-damage|p2a: Flygon|1/100
|move|p2a: Flygon|Dragon Dance|p2a: Flygon
|-boost|p2a: Flygon|atk|1
|-boost|p2a: Flygon|spe|1
|
|-sideend|p1: Rin1604|move: Aurora Veil
|upkeep
|turn|13
|
|t:|1759057687
|move|p2a: Flygon|Earthquake|p1a: Kommo-o
|-damage|p1a: Kommo-o|0 fnt
|faint|p1a: Kommo-o
|
|upkeep
|
|t:|1759057689
|switch|p1a: Ninetales|Ninetales-Alola, F|100/100
|-weather|Snowscape|[from] ability: Snow Warning|[of] p1a: Ninetales
|turn|14
|
|t:|1759057694
|move|p2a: Flygon|Earthquake|p1a: Ninetales
|-damage|p1a: Ninetales|46/100
|move|p1a: Ninetales|Aurora Veil|p1a: Ninetales
|-sidestart|p1: Rin1604|move: Aurora Veil
|
|-weather|Snowscape|[upkeep]
|upkeep
|turn|15
|
|t:|1759057731
|move|p2a: Flygon|Earthquake|p1a: Ninetales
|-damage|p1a: Ninetales|21/100
|move|p1a: Ninetales|Freeze-Dry|p2a: Flygon
|-damage|p2a: Flygon|0 fnt
|faint|p2a: Flygon
|
|-weather|Snowscape|[upkeep]
|upkeep
|
|t:|1759057739
|switch|p2a: Samurott|Samurott-Hisui, M|100/100
|turn|16
|
|t:|1759057743
|move|p1a: Ninetales|Freeze-Dry|p2a: Samurott
|-supereffective|p2a: Samurott
|-damage|p2a: Samurott|39/100
|move|p2a: Samurott|Ceaseless Edge|p1a: Ninetales
|-resisted|p1a: Ninetales
|-damage|p1a: Ninetales|13/100
|-sidestart|p1: Rin1604|Spikes
|
|-weather|Snowscape|[upkeep]
|upkeep
|turn|17
|
|t:|1759057747
|switch|p2a: Glimmora|Glimmora, M|59/100
|move|p1a: Ninetales|Freeze-Dry|p2a: Glimmora
|-damage|p2a: Glimmora|28/100
|
|-weather|Snowscape|[upkeep]
|upkeep
|turn|18
|
|t:|1759057753
|move|p2a: Glimmora|Spiky Shield|p2a: Glimmora
|-singleturn|p2a: Glimmora|move: Protect
|move|p1a: Ninetales|Freeze-Dry|p2a: Glimmora
|-activate|p2a: Glimmora|move: Protect
|
|-weather|none
|upkeep
|turn|19
|
|t:|1759057761
|move|p1a: Ninetales|Freeze-Dry|p2a: Glimmora
|-damage|p2a: Glimmora|0 fnt
|faint|p2a: Glimmora
|
|upkeep
|
|t:|1759057778
|switch|p2a: Iron Moth|Iron Moth|100/100
|-enditem|p2a: Iron Moth|Booster Energy
|-activate|p2a: Iron Moth|ability: Quark Drive|[fromitem]
|-start|p2a: Iron Moth|quarkdrivespa
|turn|20
|
|t:|1759057788
|move|p2a: Iron Moth|Agility|p2a: Iron Moth
|-boost|p2a: Iron Moth|spe|2
|move|p1a: Ninetales|Aurora Veil||[still]
|-fail|p1a: Ninetales
|
|upkeep
|turn|21
|
|t:|1759057792
|move|p2a: Iron Moth|Fiery Dance|p1a: Ninetales
|-supereffective|p1a: Ninetales
|-damage|p1a: Ninetales|0 fnt
|-boost|p2a: Iron Moth|spa|1
|faint|p1a: Ninetales
|
|-sideend|p1: Rin1604|move: Aurora Veil
|upkeep
|
|t:|1759057795
|switch|p1a: Hatterene|Hatterene, F|100/100
|-damage|p1a: Hatterene|88/100|[from] Spikes
|turn|22
|
|t:|1759057807
|-terastallize|p1a: Hatterene|Water
|move|p2a: Iron Moth|Fiery Dance|p1a: Hatterene
|-resisted|p1a: Hatterene
|-damage|p1a: Hatterene|47/100
|move|p1a: Hatterene|Psychic Noise|p2a: Iron Moth
|-supereffective|p2a: Iron Moth
|-damage|p2a: Iron Moth|33/100
|-start|p2a: Iron Moth|move: Heal Block
|
|upkeep
|turn|23
|
|t:|1759057822
|move|p2a: Iron Moth|Fiery Dance|p1a: Hatterene
|-resisted|p1a: Hatterene
|-damage|p1a: Hatterene|3/100
|-boost|p2a: Iron Moth|spa|1
|move|p1a: Hatterene|Psychic Noise|p2a: Iron Moth
|-supereffective|p2a: Iron Moth
|-damage|p2a: Iron Moth|0 fnt
|faint|p2a: Iron Moth
|-end|p2a: Iron Moth|Quark Drive|[silent]
|
|upkeep
|
|t:|1759057826
|switch|p2a: Rillaboom|Rillaboom, F|78/100
|-fieldstart|move: Grassy Terrain|[from] ability: Grassy Surge|[of] p2a: Rillaboom
|turn|24
|
|t:|1759057829
|move|p2a: Rillaboom|Grassy Glide|p1a: Hatterene
|-supereffective|p1a: Hatterene
|-damage|p1a: Hatterene|0 fnt
|faint|p1a: Hatterene
|
|-heal|p2a: Rillaboom|84/100|[from] Grassy Terrain
|upkeep
|
|t:|1759057834
|switch|p1a: Kingambit|Kingambit, F|90/100
|-damage|p1a: Kingambit|78/100|[from] Spikes
|-activate|p1a: Kingambit|ability: Supreme Overlord
|-start|p1a: Kingambit|fallen4|[silent]
|turn|25
|
|t:|1759057840
|move|p2a: Rillaboom|Drain Punch|p1a: Kingambit
|-supereffective|p1a: Kingambit
|-damage|p1a: Kingambit|0 fnt
|-heal|p2a: Rillaboom|100/100|[from] drain|[of] p1a: Kingambit
|faint|p1a: Kingambit
|-end|p1a: Kingambit|fallen4|[silent]
|
|upkeep
|-message|Rin1604 forfeited.
|
|win|tijzen
|raw|Rin1604's rating: 1186 &rarr; <strong>1158</strong><br />(-28 for losing)
|raw|tijzen's rating: 1148 &rarr; <strong>1176</strong><br />(+28 for winning)
|l|☆Rin1604
|player|p1|
|l|☆tijzen
|player|p2|
