|j|☆ooo01w
|j|☆EmmanuelR205506
|t:|1758953061
|gametype|singles
|player|p1|ooo01w|1|1540
|player|p2|EmmanuelR205506|palmer|1533
|gen|9
|tier|[Gen 9] OU
|rated|
|rule|HP Percentage Mod: HP is shown in percentages
|rule|Endless Battle Clause: Forcing endless battles is banned
|rule|Species Clause: Limit one of each Pokémon
|rule|OHKO Clause: OHKO moves are banned
|rule|Evasion Items Clause: Evasion items are banned
|rule|Evasion Moves Clause: Evasion moves are banned
|rule|Evasion Abilities Clause: Evasion abilities are banned
|rule|Sleep Moves Clause: Sleep-inducing moves are banned
|clearpoke
|poke|p1|Araquanid, F|
|poke|p1|Raging Bolt|
|poke|p1|Iron Moth|
|poke|p1|Great Tusk|
|poke|p1|Gholdengo|
|poke|p1|Kingambit, F|
|poke|p2|Cinderace, M|
|poke|p2|Gholdengo|
|poke|p2|Heatran, M|
|poke|p2|Great Tusk|
|poke|p2|Primarina, F|
|poke|p2|Iron Valiant|
|teampreview
|inactive|Battle timer is ON: inactive players will automatically lose when time's up. (requested by EmmanuelR205506)
|
|t:|1758953071
|teamsize|p1|6
|teamsize|p2|6
|start
|switch|p1a: Araquanid|Araquanid, F|100/100
|switch|p2a: Cinderace|Cinderace, M|100/100
|turn|1
|
|t:|1758953076
|move|p2a: Cinderace|U-turn|p1a: Araquanid
|-start|p2a: Cinderace|typechange|Bug|[from] ability: Libero
|-damage|p1a: Araquanid|54/100
|
|t:|1758953080
|switch|p2a: Primarina|Primarina, F|100/100|[from] U-turn
|move|p1a: Araquanid|Liquidation|p2a: Primarina
|-resisted|p2a: Primarina
|-damage|p2a: Primarina|86/100
|-unboost|p2a: Primarina|def|1
|
|upkeep
|turn|2
|
|t:|1758953089
|move|p2a: Primarina|Moonblast|p1a: Araquanid
|-damage|p1a: Araquanid|21/100
|-unboost|p1a: Araquanid|spa|1
|move|p1a: Araquanid|Mirror Coat|p2a: Primarina
|-damage|p2a: Primarina|24/100
|
|upkeep
|turn|3
|
|t:|1758953100
|switch|p1a: Iron Moth|Iron Moth|100/100
|-enditem|p1a: Iron Moth|Booster Energy
|-activate|p1a: Iron Moth|ability: Quark Drive|[fromitem]
|-start|p1a: Iron Moth|quarkdrivespa
|move|p2a: Primarina|Moonblast|p1a: Iron Moth
|-resisted|p1a: Iron Moth
|-damage|p1a: Iron Moth|87/100
|
|upkeep
|turn|4
|
|t:|1758953118
|-end|p1a: Iron Moth|Quark Drive|[silent]
|switch|p1a: Araquanid|Araquanid, F|21/100
|switch|p2a: Heatran|Heatran, M|100/100
|
|upkeep
|turn|5
|-enditem|p1a: Araquanid|Custap Berry|[eat]
|-activate|p1a: Araquanid|item: Custap Berry|[consumed]
|
|t:|1758953125
|move|p1a: Araquanid|Sticky Web|p2a: Heatran
|-sidestart|p2: EmmanuelR205506|move: Sticky Web
|move|p2a: Heatran|Magma Storm|p1a: Araquanid
|-damage|p1a: Araquanid|0 fnt
|faint|p1a: Araquanid
|
|upkeep
|
|t:|1758953136
|switch|p1a: Great Tusk|Great Tusk|100/100
|-enditem|p1a: Great Tusk|Booster Energy
|-activate|p1a: Great Tusk|ability: Protosynthesis|[fromitem]
|-start|p1a: Great Tusk|protosynthesisatk
|turn|6
|
|t:|1758953142
|-terastallize|p2a: Heatran|Grass
|move|p1a: Great Tusk|Ice Spinner|p2a: Heatran
|-supereffective|p2a: Heatran
|-damage|p2a: Heatran|38/100
|move|p2a: Heatran|Will-O-Wisp|p1a: Great Tusk
|-status|p1a: Great Tusk|brn
|
|-heal|p2a: Heatran|44/100|[from] item: Leftovers
|-damage|p1a: Great Tusk|94/100 brn|[from] brn
|upkeep
|turn|7
|
|t:|1758953156
|move|p1a: Great Tusk|Head Smash|p2a: Heatran
|-damage|p2a: Heatran|13/100
|-damage|p1a: Great Tusk|78/100 brn|[from] Recoil
|move|p2a: Heatran|Magma Storm|p1a: Great Tusk|[miss]
|-miss|p2a: Heatran|p1a: Great Tusk
|
|-heal|p2a: Heatran|19/100|[from] item: Leftovers
|-damage|p1a: Great Tusk|72/100 brn|[from] brn
|upkeep
|turn|8
|
|t:|1758953172
|move|p1a: Great Tusk|Ice Spinner|p2a: Heatran
|-supereffective|p2a: Heatran
|-damage|p2a: Heatran|0 fnt
|faint|p2a: Heatran
|
|-damage|p1a: Great Tusk|66/100 brn|[from] brn
|upkeep
|-message|EmmanuelR205506 forfeited.
|
|win|ooo01w
|raw|ooo01w's rating: 1540 &rarr; <strong>1560</strong><br />(+20 for winning)
|raw|EmmanuelR205506's rating: 1533 &rarr; <strong>1513</strong><br />(-20 for losing)
|l|☆EmmanuelR205506
|player|p2|
|l|☆ooo01w
|player|p1|
