|j|☆toddyvg
|j|☆Kappibara
|t:|1758984456
|gametype|singles
|player|p1|toddyvg|n|1259
|player|p2|Kappibara|266|1269
|gen|9
|tier|[Gen 9] OU
|rated|
|rule|HP Percentage Mod: HP is shown in percentages
|rule|Endless Battle Clause: Forcing endless battles is banned
|rule|Species Clause: Limit one of each Pokémon
|rule|OHKO Clause: OHKO moves are banned
|rule|Evasion Items Clause: Evasion items are banned
|rule|Evasion Moves Clause: Evasion moves are banned
|rule|Evasion Abilities Clause: Evasion abilities are banned
|rule|Sleep Moves Clause: Sleep-inducing moves are banned
|clearpoke
|poke|p1|Cinderace, F|
|poke|p1|Alomomola, F|
|poke|p1|Ribombee, F|
|poke|p1|Kingambit, F|
|poke|p1|Gliscor, M|
|poke|p1|Goodra-Hisui, F|
|poke|p2|Zamazenta-*|
|poke|p2|Iron Valiant|
|poke|p2|Clodsire, M|
|poke|p2|Iron Treads|
|poke|p2|Dragapult, M|
|poke|p2|Kingambit, F|
|teampreview
|inactive|Battle timer is ON: inactive players will automatically lose when time's up. (requested by toddyvg)
|
|t:|1758984459
|teamsize|p1|6
|teamsize|p2|6
|start
|switch|p1a: Gliscor|Gliscor, M|100/100
|switch|p2a: SpdCtrl|Dragapult, M, shiny|100/100
|turn|1
|
|t:|1758984464
|move|p1a: Gliscor|Protect|p1a: Gliscor
|-singleturn|p1a: Gliscor|Protect
|move|p2a: SpdCtrl|U-turn|p1a: Gliscor
|-activate|p1a: Gliscor|move: Protect
|
|-status|p1a: Gliscor|tox|[from] item: Toxic Orb
|upkeep
|turn|2
|
|t:|1758984471
|move|p2a: SpdCtrl|U-turn|p1a: Gliscor
|-resisted|p1a: Gliscor
|-damage|p1a: Gliscor|95/100 tox
|
|t:|1758984480
|switch|p2a: John|Iron Treads|100/100|[from] U-turn
|move|p1a: Gliscor|Stealth Rock|p2a: John
|-sidestart|p2: Kappibara|move: Stealth Rock
|
|-heal|p1a: Gliscor|100/100 tox|[from] ability: Poison Heal
|upkeep
|turn|3
|
|t:|1758984487
|move|p1a: Gliscor|Protect|p1a: Gliscor
|-singleturn|p1a: Gliscor|Protect
|move|p2a: John|Stealth Rock|p1a: Gliscor
|-sidestart|p1: toddyvg|move: Stealth Rock
|
|upkeep
|turn|4
|
|t:|1758984491
|move|p2a: John|Rapid Spin|p1a: Gliscor
|-damage|p1a: Gliscor|92/100 tox
|-boost|p2a: John|spe|1
|-sideend|p2: Kappibara|Stealth Rock|[from] move: Rapid Spin|[of] p2a: John
|move|p1a: Gliscor|Knock Off|p2a: John
|-damage|p2a: John|88/100
|-enditem|p2a: John|Leftovers|[from] move: Knock Off|[of] p1a: Gliscor
|
|-heal|p1a: Gliscor|100/100 tox|[from] ability: Poison Heal
|upkeep
|turn|5
|
|t:|1758984500
|move|p2a: John|Ice Spinner|p1a: Gliscor
|-supereffective|p1a: Gliscor
|-damage|p1a: Gliscor|49/100 tox
|move|p1a: Gliscor|Stealth Rock|p2a: John
|-sidestart|p2: Kappibara|move: Stealth Rock
|
|-heal|p1a: Gliscor|61/100 tox|[from] ability: Poison Heal
|upkeep
|turn|6
|
|t:|1758984506
|switch|p1a: Alomomola|Alomomola, F|100/100
|-damage|p1a: Alomomola|88/100|[from] Stealth Rock
|move|p2a: John|Rapid Spin|p1a: Alomomola
|-damage|p1a: Alomomola|81/100
|-boost|p2a: John|spe|1
|-damage|p2a: John|71/100|[from] item: Rocky Helmet|[of] p1a: Alomomola
|-sideend|p2: Kappibara|Stealth Rock|[from] move: Rapid Spin|[of] p2a: John
|
|upkeep
|turn|7
|
|t:|1758984534
|move|p2a: John|Earthquake|p1a: Alomomola
|-damage|p1a: Alomomola|59/100
|move|p1a: Alomomola|Flip Turn|p2a: John
|-supereffective|p2a: John
|-damage|p2a: John|55/100
|
|t:|1758984540
|switch|p1a: Gliscor|Gliscor, M|61/100 tox|[from] Flip Turn
|-damage|p1a: Gliscor|49/100 tox|[from] Stealth Rock
|
|-heal|p1a: Gliscor|61/100 tox|[from] ability: Poison Heal
|upkeep
|turn|8
|
|t:|1758984546
|move|p2a: John|Ice Spinner|p1a: Gliscor
|-supereffective|p1a: Gliscor
|-damage|p1a: Gliscor|8/100 tox
|move|p1a: Gliscor|Stealth Rock|p2a: John
|-sidestart|p2: Kappibara|move: Stealth Rock
|
|-heal|p1a: Gliscor|20/100 tox|[from] ability: Poison Heal
|upkeep
|turn|9
|inactive|toddyvg has 120 seconds left.
|
|t:|1758984577
|move|p1a: Gliscor|Protect|p1a: Gliscor
|-singleturn|p1a: Gliscor|Protect
|move|p2a: John|Rapid Spin|p1a: Gliscor
|-activate|p1a: Gliscor|move: Protect
|
|-heal|p1a: Gliscor|33/100 tox|[from] ability: Poison Heal
|upkeep
|turn|10
|
|t:|1758984583
|switch|p1a: Alomomola|Alomomola, F|93/100
|-damage|p1a: Alomomola|80/100|[from] Stealth Rock
|move|p2a: John|Ice Spinner|p1a: Alomomola
|-resisted|p1a: Alomomola
|-damage|p1a: Alomomola|75/100
|-damage|p2a: John|38/100|[from] item: Rocky Helmet|[of] p1a: Alomomola
|
|upkeep
|turn|11
|inactive|toddyvg has 120 seconds left.
|
|t:|1758984604
|move|p2a: John|Stealth Rock||[still]
|-fail|p2a: John
|move|p1a: Alomomola|Scald|p2a: John
|-supereffective|p2a: John
|-damage|p2a: John|6/100
|-status|p2a: John|brn
|
|-damage|p2a: John|0 fnt|[from] brn
|faint|p2a: John
|-end|p2a: John|Quark Drive|[silent]
|upkeep
|
|t:|1758984621
|switch|p2a: KingambitNemesis|Zamazenta, shiny|100/100
|-damage|p2a: KingambitNemesis|94/100|[from] Stealth Rock
|-ability|p2a: KingambitNemesis|Dauntless Shield|boost
|-boost|p2a: KingambitNemesis|def|1
|turn|12
|inactive|toddyvg has 120 seconds left.
|
|t:|1758984633
|move|p2a: KingambitNemesis|Iron Defense|p2a: KingambitNemesis
|-boost|p2a: KingambitNemesis|def|2
|move|p1a: Alomomola|Wish|p1a: Alomomola
|
|-heal|p2a: KingambitNemesis|100/100|[from] item: Leftovers
|upkeep
|turn|13
|
|t:|1758984639
|move|p2a: KingambitNemesis|Iron Defense|p2a: KingambitNemesis
|-boost|p2a: KingambitNemesis|def|2
|move|p1a: Alomomola|Flip Turn|p2a: KingambitNemesis
|-damage|p2a: KingambitNemesis|98/100
|inactive|toddyvg has 120 seconds left.
|
|t:|1758984658
|switch|p1a: Ribombee|Ribombee, F|100/100|[from] Flip Turn
|-damage|p1a: Ribombee|76/100|[from] Stealth Rock
|
|-heal|p1a: Ribombee|100/100|[from] move: Wish|[wisher] Alomomola
|-heal|p2a: KingambitNemesis|100/100|[from] item: Leftovers
|upkeep
|turn|14
|
|t:|1758984666
|-terastallize|p2a: KingambitNemesis|Steel
|move|p1a: Ribombee|Stun Spore|p2a: KingambitNemesis
|-status|p2a: KingambitNemesis|par
|move|p2a: KingambitNemesis|Heavy Slam|p1a: Ribombee
|-supereffective|p1a: Ribombee
|-enditem|p1a: Ribombee|Focus Sash
|-damage|p1a: Ribombee|1/100
|
|upkeep
|turn|15
|
|t:|1758984674
|move|p1a: Ribombee|Sticky Web|p2a: KingambitNemesis
|-sidestart|p2: Kappibara|move: Sticky Web
|move|p2a: KingambitNemesis|Heavy Slam|p1a: Ribombee
|-supereffective|p1a: Ribombee
|-damage|p1a: Ribombee|0 fnt
|faint|p1a: Ribombee
|
|upkeep
|
|t:|1758984681
|switch|p1a: Goodra|Goodra-Hisui, F|100/100
|-damage|p1a: Goodra|94/100|[from] Stealth Rock
|turn|16
|
|t:|1758984690
|cant|p2a: KingambitNemesis|par
|move|p1a: Goodra|Flamethrower|p2a: KingambitNemesis
|-supereffective|p2a: KingambitNemesis
|-damage|p2a: KingambitNemesis|48/100 par
|
|-heal|p2a: KingambitNemesis|54/100 par|[from] item: Leftovers
|upkeep
|turn|17
|
|t:|1758984697
|-terastallize|p1a: Goodra|Water
|cant|p2a: KingambitNemesis|par
|move|p1a: Goodra|Flamethrower|p2a: KingambitNemesis
|-supereffective|p2a: KingambitNemesis
|-damage|p2a: KingambitNemesis|4/100 par
|
|-heal|p2a: KingambitNemesis|10/100 par|[from] item: Leftovers
|upkeep
|turn|18
|
|t:|1758984704
|move|p2a: KingambitNemesis|Body Press|p1a: Goodra
|-crit|p1a: Goodra
|-damage|p1a: Goodra|0 fnt
|faint|p1a: Goodra
|
|-heal|p2a: KingambitNemesis|16/100 par|[from] item: Leftovers
|upkeep
|inactive|toddyvg has 120 seconds left.
|
|t:|1758984745
|switch|p1a: Cinderace|Cinderace, F|100/100
|turn|19
|
|t:|1758984749
|switch|p2a: Val|Iron Valiant, shiny|100/100
|-damage|p2a: Val|94/100|[from] Stealth Rock
|-activate|p2a: Val|move: Sticky Web
|-unboost|p2a: Val|spe|1
|-enditem|p2a: Val|Booster Energy
|-activate|p2a: Val|ability: Quark Drive|[fromitem]
|-start|p2a: Val|quarkdrivespa
|move|p1a: Cinderace|Pyro Ball|p2a: Val
|-damage|p2a: Val|23/100
|
|upkeep
|turn|20
|
|t:|1758984759
|move|p1a: Cinderace|Pyro Ball|p2a: Val
|-damage|p2a: Val|0 fnt
|faint|p2a: Val
|-end|p2a: Val|Quark Drive|[silent]
|
|upkeep
|
|t:|1758984771
|switch|p2a: Dumbo|Clodsire, M|100/100
|-damage|p2a: Dumbo|94/100|[from] Stealth Rock
|-activate|p2a: Dumbo|move: Sticky Web
|-unboost|p2a: Dumbo|spe|1
|turn|21
|inactive|toddyvg has 120 seconds left.
|
|t:|1758984807
|move|p1a: Cinderace|Will-O-Wisp|p2a: Dumbo
|-status|p2a: Dumbo|brn
|move|p2a: Dumbo|Toxic|p1a: Cinderace
|-status|p1a: Cinderace|tox
|
|-heal|p2a: Dumbo|100/100 brn|[from] item: Black Sludge
|-damage|p1a: Cinderace|95/100 tox|[from] psn
|-damage|p2a: Dumbo|94/100 brn|[from] brn
|upkeep
|turn|22
|
|t:|1758984816
|move|p1a: Cinderace|U-turn|p2a: Dumbo
|-start|p1a: Cinderace|typechange|Bug|[from] ability: Libero
|-resisted|p2a: Dumbo
|-damage|p2a: Dumbo|75/100 brn
|
|t:|1758984818
|switch|p1a: Gliscor|Gliscor, M|33/100 tox|[from] U-turn
|-damage|p1a: Gliscor|20/100 tox|[from] Stealth Rock
|move|p2a: Dumbo|Spikes|p1a: Gliscor
|-sidestart|p1: toddyvg|Spikes
|
|-heal|p2a: Dumbo|82/100 brn|[from] item: Black Sludge
|-heal|p1a: Gliscor|33/100 tox|[from] ability: Poison Heal
|-damage|p2a: Dumbo|75/100 brn|[from] brn
|upkeep
|turn|23
|
|t:|1758984828
|move|p1a: Gliscor|Knock Off|p2a: Dumbo
|-damage|p2a: Dumbo|54/100 brn
|-enditem|p2a: Dumbo|Black Sludge|[from] move: Knock Off|[of] p1a: Gliscor
|move|p2a: Dumbo|Spikes|p1a: Gliscor
|-sidestart|p1: toddyvg|Spikes
|
|-heal|p1a: Gliscor|45/100 tox|[from] ability: Poison Heal
|-damage|p2a: Dumbo|47/100 brn|[from] brn
|upkeep
|turn|24
|
|t:|1758984836
|move|p1a: Gliscor|Protect|p1a: Gliscor
|-singleturn|p1a: Gliscor|Protect
|move|p2a: Dumbo|Spikes|p1a: Gliscor
|-sidestart|p1: toddyvg|Spikes
|
|-heal|p1a: Gliscor|58/100 tox|[from] ability: Poison Heal
|-damage|p2a: Dumbo|41/100 brn|[from] brn
|upkeep
|turn|25
|
|t:|1758984842
|move|p1a: Gliscor|Knock Off|p2a: Dumbo
|-damage|p2a: Dumbo|25/100 brn
|move|p2a: Dumbo|Spikes||[still]
|-fail|p2a: Dumbo
|
|-heal|p1a: Gliscor|70/100 tox|[from] ability: Poison Heal
|-damage|p2a: Dumbo|18/100 brn|[from] brn
|upkeep
|turn|26
|
|t:|1758984850
|switch|p1a: Cinderace|Cinderace, F|95/100 tox
|move|p2a: Dumbo|Earthquake|p1a: Cinderace
|-supereffective|p1a: Cinderace
|-damage|p1a: Cinderace|58/100 tox
|
|-damage|p1a: Cinderace|52/100 tox|[from] psn
|-damage|p2a: Dumbo|12/100 brn|[from] brn
|upkeep
|turn|27
|
|t:|1758984858
|move|p1a: Cinderace|Court Change|p1a: Cinderace
|-start|p1a: Cinderace|typechange|Normal|[from] ability: Libero
|-swapsideconditions
|-activate|p1a: Cinderace|move: Court Change
|move|p2a: Dumbo|Earthquake|p1a: Cinderace
|-damage|p1a: Cinderace|34/100 tox
|
|-damage|p1a: Cinderace|22/100 tox|[from] psn
|-damage|p2a: Dumbo|6/100 brn|[from] brn
|upkeep
|turn|28
|
|t:|1758984867
|move|p1a: Cinderace|U-turn|p2a: Dumbo
|-resisted|p2a: Dumbo
|-damage|p2a: Dumbo|0 fnt
|faint|p2a: Dumbo
|
|t:|1758984869
|switch|p1a: Gliscor|Gliscor, M|70/100 tox|[from] U-turn
|-damage|p1a: Gliscor|58/100 tox|[from] Stealth Rock
|
|-heal|p1a: Gliscor|70/100 tox|[from] ability: Poison Heal
|upkeep
|
|t:|1758984878
|switch|p2a: SpdCtrl|Dragapult, M, shiny|100/100
|-damage|p2a: SpdCtrl|88/100|[from] Stealth Rock
|-damage|p2a: SpdCtrl|63/100|[from] Spikes
|turn|29
|
|t:|1758984891
|move|p2a: SpdCtrl|Draco Meteor|p1a: Gliscor
|-damage|p1a: Gliscor|0 fnt
|-unboost|p2a: SpdCtrl|spa|2
|faint|p1a: Gliscor
|
|upkeep
|
|t:|1758984898
|switch|p1a: Alomomola|Alomomola, F|100/100
|-damage|p1a: Alomomola|88/100|[from] Stealth Rock
|-activate|p1a: Alomomola|move: Sticky Web
|-unboost|p1a: Alomomola|spe|1
|turn|30
|
|t:|1758984903
|switch|p2a: KingambitNemesis|Zamazenta, shiny, tera:Steel|16/100 par
|-damage|p2a: KingambitNemesis|10/100 par|[from] Stealth Rock
|-damage|p2a: KingambitNemesis|0 fnt|[from] Spikes
|faint|p2a: KingambitNemesis
|move|p1a: Alomomola|Flip Turn|p2: KingambitNemesis|[notarget]
|-fail|p1a: Alomomola
|
|upkeep
|
|t:|1758984910
|switch|p2a: SpdCtrl|Dragapult, M, shiny|63/100
|-damage|p2a: SpdCtrl|51/100|[from] Stealth Rock
|-damage|p2a: SpdCtrl|26/100|[from] Spikes
|turn|31
|
|t:|1758984915
|move|p2a: SpdCtrl|Draco Meteor|p1a: Alomomola
|-damage|p1a: Alomomola|0 fnt
|-unboost|p2a: SpdCtrl|spa|2
|faint|p1a: Alomomola
|
|upkeep
|
|t:|1758984921
|switch|p1a: Kingambit|Kingambit, F|100/100
|-damage|p1a: Kingambit|94/100|[from] Stealth Rock
|-activate|p1a: Kingambit|move: Sticky Web
|-unboost|p1a: Kingambit|spe|1
|-ability|p1a: Kingambit|Defiant|boost
|-boost|p1a: Kingambit|atk|2
|turn|32
|
|t:|1758984927
|move|p2a: SpdCtrl|Draco Meteor|p1a: Kingambit
|-resisted|p1a: Kingambit
|-damage|p1a: Kingambit|71/100
|-unboost|p2a: SpdCtrl|spa|2
|move|p1a: Kingambit|Swords Dance|p1a: Kingambit
|-boost|p1a: Kingambit|atk|2
|
|-heal|p1a: Kingambit|77/100|[from] item: Leftovers
|upkeep
|turn|33
|
|t:|1758984935
|move|p2a: SpdCtrl|Draco Meteor|p1a: Kingambit
|-resisted|p1a: Kingambit
|-damage|p1a: Kingambit|63/100
|-unboost|p2a: SpdCtrl|spa|2
|move|p1a: Kingambit|Swords Dance|p1a: Kingambit
|-boost|p1a: Kingambit|atk|2
|
|-heal|p1a: Kingambit|69/100|[from] item: Leftovers
|upkeep
|turn|34
|
|t:|1758984943
|move|p2a: SpdCtrl|Draco Meteor|p1a: Kingambit
|-resisted|p1a: Kingambit
|-crit|p1a: Kingambit
|-damage|p1a: Kingambit|0 fnt
|faint|p1a: Kingambit
|
|upkeep
|c|☆toddyvg|...
|
|t:|1758984953
|switch|p1a: Cinderace|Cinderace, F|22/100 tox
|turn|35
|c|☆Kappibara|Holy clutch
|
|t:|1758984957
|move|p2a: SpdCtrl|Draco Meteor|p1a: Cinderace
|-damage|p1a: Cinderace|0 fnt
|faint|p1a: Cinderace
|
|win|Kappibara
|raw|toddyvg's rating: 1259 &rarr; <strong>1235</strong><br />(-24 for losing)
|raw|Kappibara's rating: 1269 &rarr; <strong>1293</strong><br />(+24 for winning)
|c|☆toddyvg|gg
