|j|☆lerendezvous
|j|☆zxcj1221
|t:|1758984133
|gametype|singles
|player|p1|lerendezvous|101|1727
|player|p2|zxcj1221|170|1714
|gen|9
|tier|[Gen 9] OU
|rated|
|rule|HP Percentage Mod: HP is shown in percentages
|rule|Endless Battle Clause: Forcing endless battles is banned
|rule|Species Clause: Limit one of each Pokémon
|rule|OHKO Clause: OHKO moves are banned
|rule|Evasion Items Clause: Evasion items are banned
|rule|Evasion Moves Clause: Evasion moves are banned
|rule|Evasion Abilities Clause: Evasion abilities are banned
|rule|Sleep Moves Clause: Sleep-inducing moves are banned
|clearpoke
|poke|p1|Ogerpon-Wellspring, F|
|poke|p1|Slowking-Galar, M|
|poke|p1|Great Tusk|
|poke|p1|Moltres|
|poke|p1|Dragapult, F|
|poke|p1|Kingambit, M|
|poke|p2|Pelipper, F|
|poke|p2|Greninja-*, M|
|poke|p2|Basculegion, M|
|poke|p2|Sandy Shocks|
|poke|p2|Manaphy|
|poke|p2|Araquanid, F|
|teampreview
|inactive|Battle timer is ON: inactive players will automatically lose when time's up. (requested by lerendezvous)
|
|t:|1758984146
|teamsize|p1|6
|teamsize|p2|6
|start
|switch|p1a: Ogerpon|Ogerpon-Wellspring, F|100/100
|switch|p2a: Araquanid|Araquanid, F|100/100
|turn|1
|
|t:|1758984150
|move|p1a: Ogerpon|Knock Off|p2a: Araquanid
|-damage|p2a: Araquanid|61/100
|-enditem|p2a: Araquanid|Custap Berry|[from] move: Knock Off|[of] p1a: Ogerpon
|move|p2a: Araquanid|Sticky Web|p1a: Ogerpon
|-sidestart|p1: lerendezvous|move: Sticky Web
|
|upkeep
|turn|2
|
|t:|1758984158
|move|p1a: Ogerpon|Power Whip|p2a: Araquanid
|-damage|p2a: Araquanid|0 fnt
|faint|p2a: Araquanid
|
|upkeep
|
|t:|1758984162
|switch|p2a: Pelipper|Pelipper, F|100/100
|-weather|RainDance|[from] ability: Drizzle|[of] p2a: Pelipper
|turn|3
|
|t:|1758984166
|move|p1a: Ogerpon|U-turn|p2a: Pelipper
|-resisted|p2a: Pelipper
|-damage|p2a: Pelipper|87/100
|
|t:|1758984174
|switch|p1a: Slowking|Slowking-Galar, M|100/100|[from] U-turn
|-activate|p1a: Slowking|move: Sticky Web
|-unboost|p1a: Slowking|spe|1
|move|p2a: Pelipper|Hurricane|p1a: Slowking
|-damage|p1a: Slowking|75/100
|
|-weather|RainDance|[upkeep]
|upkeep
|turn|4
|
|t:|1758984182
|switch|p2a: Sandy Shocks|Sandy Shocks|100/100
|-enditem|p2a: Sandy Shocks|Booster Energy
|-activate|p2a: Sandy Shocks|ability: Protosynthesis|[fromitem]
|-start|p2a: Sandy Shocks|protosynthesisspe
|move|p1a: Slowking|Sludge Bomb|p2a: Sandy Shocks
|-resisted|p2a: Sandy Shocks
|-damage|p2a: Sandy Shocks|77/100
|
|-weather|RainDance|[upkeep]
|upkeep
|turn|5
|
|t:|1758984188
|move|p2a: Sandy Shocks|Earth Power|p1a: Slowking
|-supereffective|p1a: Slowking
|-damage|p1a: Slowking|32/100
|move|p1a: Slowking|Ice Beam|p2a: Sandy Shocks
|-supereffective|p2a: Sandy Shocks
|-damage|p2a: Sandy Shocks|13/100
|
|-weather|RainDance|[upkeep]
|upkeep
|turn|6
|
|t:|1758984194
|switch|p1a: Moltres|Moltres|100/100
|move|p2a: Sandy Shocks|Earth Power|p1a: Moltres
|-immune|p1a: Moltres
|
|-weather|RainDance|[upkeep]
|upkeep
|turn|7
|
|t:|1758984198
|move|p2a: Sandy Shocks|Thunderbolt|p1a: Moltres
|-supereffective|p1a: Moltres
|-damage|p1a: Moltres|10/100
|move|p1a: Moltres|U-turn|p2a: Sandy Shocks
|-damage|p2a: Sandy Shocks|0 fnt
|faint|p2a: Sandy Shocks
|-end|p2a: Sandy Shocks|Protosynthesis|[silent]
|
|t:|1758984204
|switch|p1a: Slowking|Slowking-Galar, M|66/100|[from] U-turn
|-activate|p1a: Slowking|move: Sticky Web
|-unboost|p1a: Slowking|spe|1
|
|-weather|RainDance|[upkeep]
|upkeep
|
|t:|1758984210
|switch|p2a: Manaphy|Manaphy|100/100
|turn|8
|
|t:|1758984214
|switch|p1a: Ogerpon|Ogerpon-Wellspring, F|100/100
|-activate|p1a: Ogerpon|move: Sticky Web
|-unboost|p1a: Ogerpon|spe|1
|move|p2a: Manaphy|Tail Glow|p2a: Manaphy
|-boost|p2a: Manaphy|spa|3
|
|-weather|RainDance|[upkeep]
|upkeep
|turn|9
|j| wgw2333
|
|t:|1758984227
|-terastallize|p2a: Manaphy|Grass
|move|p2a: Manaphy|Tail Glow|p2a: Manaphy
|-boost|p2a: Manaphy|spa|3
|move|p1a: Ogerpon|Power Whip|p2a: Manaphy
|-resisted|p2a: Manaphy
|-damage|p2a: Manaphy|72/100
|
|-weather|RainDance|[upkeep]
|upkeep
|turn|10
|
|t:|1758984234
|switch|p1a: Moltres|Moltres|10/100
|move|p2a: Manaphy|Ice Beam|p1a: Moltres
|-damage|p1a: Moltres|0 fnt
|faint|p1a: Moltres
|
|-weather|none
|upkeep
|
|t:|1758984239
|switch|p1a: Slowking|Slowking-Galar, M|99/100
|-activate|p1a: Slowking|move: Sticky Web
|-unboost|p1a: Slowking|spe|1
|turn|11
|
|t:|1758984244
|-terastallize|p1a: Slowking|Water
|move|p2a: Manaphy|Surf|p1a: Slowking
|-resisted|p1a: Slowking
|-damage|p1a: Slowking|57/100
|move|p1a: Slowking|Sludge Bomb|p2a: Manaphy
|-supereffective|p2a: Manaphy
|-damage|p2a: Manaphy|6/100
|
|upkeep
|turn|12
|
|t:|1758984250
|switch|p2a: Pelipper|Pelipper, F|87/100
|-weather|RainDance|[from] ability: Drizzle|[of] p2a: Pelipper
|switch|p1a: Great Tusk|Great Tusk|100/100
|-activate|p1a: Great Tusk|move: Sticky Web
|-unboost|p1a: Great Tusk|spe|1
|
|-weather|RainDance|[upkeep]
|upkeep
|turn|13
|j| Le Bouquetin
|
|t:|1758984258
|switch|p2a: Basculegion|Basculegion, M|100/100
|move|p1a: Great Tusk|Rapid Spin|p2a: Basculegion
|-immune|p2a: Basculegion
|
|-weather|RainDance|[upkeep]
|upkeep
|turn|14
|
|t:|1758984263
|-end|p1a: Great Tusk|Protosynthesis|[silent]
|switch|p1a: Ogerpon|Ogerpon-Wellspring, F|100/100
|-activate|p1a: Ogerpon|move: Sticky Web
|-unboost|p1a: Ogerpon|spe|1
|move|p2a: Basculegion|Head Smash|p1a: Ogerpon
|-damage|p1a: Ogerpon|7/100
|-damage|p2a: Basculegion|63/100|[from] Recoil
|
|-weather|RainDance|[upkeep]
|upkeep
|turn|15
|
|t:|1758984271
|move|p2a: Basculegion|Head Smash|p1a: Ogerpon
|-damage|p1a: Ogerpon|0 fnt
|faint|p1a: Ogerpon
|-damage|p2a: Basculegion|61/100|[from] Recoil
|
|-weather|RainDance|[upkeep]
|upkeep
|
|t:|1758984276
|switch|p1a: Great Tusk|Great Tusk|100/100
|-activate|p1a: Great Tusk|move: Sticky Web
|-unboost|p1a: Great Tusk|spe|1
|turn|16
|j| Eqb07
|
|t:|1758984287
|switch|p2a: Greninja|Greninja, M|100/100
|move|p1a: Great Tusk|Rapid Spin|p2a: Greninja
|-damage|p2a: Greninja|69/100
|-boost|p1a: Great Tusk|spe|1
|-sideend|p1: lerendezvous|Sticky Web|[from] move: Rapid Spin|[of] p1a: Great Tusk
|
|-weather|RainDance|[upkeep]
|upkeep
|turn|17
|
|t:|1758984295
|-end|p1a: Great Tusk|Protosynthesis|[silent]
|switch|p1a: Slowking|Slowking-Galar, M, tera:Water|91/100
|move|p2a: Greninja|Dark Pulse|p1a: Slowking
|-damage|p1a: Slowking|69/100
|-damage|p2a: Greninja|59/100|[from] item: Life Orb
|
|-weather|RainDance|[upkeep]
|upkeep
|turn|18
|
|t:|1758984303
|switch|p2a: Basculegion|Basculegion, M|61/100
|move|p1a: Slowking|Sludge Bomb|p2a: Basculegion
|-resisted|p2a: Basculegion
|-damage|p2a: Basculegion|36/100
|
|-weather|RainDance|[upkeep]
|upkeep
|turn|19
|
|t:|1758984308
|switch|p1a: Dragapult|Dragapult, F|100/100
|move|p2a: Basculegion|Wave Crash|p1a: Dragapult
|-resisted|p1a: Dragapult
|-damage|p1a: Dragapult|13/100
|-damage|p2a: Basculegion|13/100|[from] Recoil
|
|-weather|none
|upkeep
|turn|20
|
|t:|1758984313
|switch|p2a: Pelipper|Pelipper, F|87/100
|-weather|RainDance|[from] ability: Drizzle|[of] p2a: Pelipper
|move|p1a: Dragapult|Dragon Darts|p2a: Pelipper
|-damage|p2a: Pelipper|63/100
|-anim|p1a: Dragapult|Dragon Darts|p2a: Pelipper
|-damage|p2a: Pelipper|40/100
|
|-weather|RainDance|[upkeep]
|upkeep
|turn|21
|
|t:|1758984318
|move|p1a: Dragapult|Dragon Darts|p2a: Pelipper
|-damage|p2a: Pelipper|15/100
|-anim|p1a: Dragapult|Dragon Darts|p2a: Pelipper
|-damage|p2a: Pelipper|0 fnt
|faint|p2a: Pelipper
|
|-weather|RainDance|[upkeep]
|upkeep
|
|t:|1758984325
|switch|p2a: Basculegion|Basculegion, M|13/100
|turn|22
|
|t:|1758984329
|switch|p1a: Slowking|Slowking-Galar, M, tera:Water|100/100
|move|p2a: Basculegion|Wave Crash|p1a: Slowking
|-resisted|p1a: Slowking
|-damage|p1a: Slowking|30/100
|-damage|p2a: Basculegion|0 fnt|[from] Recoil
|faint|p2a: Basculegion
|
|-weather|RainDance|[upkeep]
|upkeep
|
|t:|1758984332
|switch|p2a: Manaphy|Manaphy, tera:Grass|6/100
|turn|23
|
|t:|1758984337
|switch|p1a: Dragapult|Dragapult, F|13/100
|move|p2a: Manaphy|Rest|p2a: Manaphy
|-status|p2a: Manaphy|slp|[from] move: Rest
|-heal|p2a: Manaphy|100/100 slp|[silent]
|
|-weather|RainDance|[upkeep]
|-activate|p2a: Manaphy|ability: Hydration
|-curestatus|p2a: Manaphy|slp|[msg]
|upkeep
|turn|24
|
|t:|1758984341
|move|p1a: Dragapult|U-turn|p2a: Manaphy
|-supereffective|p2a: Manaphy
|-damage|p2a: Manaphy|67/100
|
|t:|1758984346
|switch|p1a: Slowking|Slowking-Galar, M, tera:Water|64/100|[from] U-turn
|move|p2a: Manaphy|Ice Beam|p1a: Slowking
|-resisted|p1a: Slowking
|-damage|p1a: Slowking|56/100
|
|-weather|RainDance|[upkeep]
|upkeep
|turn|25
|
|t:|1758984355
|move|p2a: Manaphy|Tail Glow|p2a: Manaphy
|-boost|p2a: Manaphy|spa|3
|move|p1a: Slowking|Sludge Bomb|p2a: Manaphy
|-supereffective|p2a: Manaphy
|-damage|p2a: Manaphy|0 fnt
|faint|p2a: Manaphy
|
|-weather|RainDance|[upkeep]
|upkeep
|
|t:|1758984357
|switch|p2a: Greninja|Greninja, M|59/100
|turn|26
|-message|zxcj1221 forfeited.
|
|win|lerendezvous
|raw|lerendezvous's rating: 1727 &rarr; <strong>1746</strong><br />(+19 for winning)
|raw|zxcj1221's rating: 1714 &rarr; <strong>1695</strong><br />(-19 for losing)
|l|☆zxcj1221
|player|p2|
|l|☆lerendezvous
|player|p1|
|l| wgw2333
