|j|☆quyihan010820
|j|☆AnatiosTheHungry
|t:|1758961234
|gametype|singles
|player|p1|quyihan010820|giovanni|1122
|player|p2|AnatiosTheHungry|alder|1146
|gen|9
|tier|[Gen 9] OU
|rated|
|rule|HP Percentage Mod: HP is shown in percentages
|rule|Endless Battle Clause: Forcing endless battles is banned
|rule|Species Clause: Limit one of each Pokémon
|rule|OHKO Clause: OHKO moves are banned
|rule|Evasion Items Clause: Evasion items are banned
|rule|Evasion Moves Clause: Evasion moves are banned
|rule|Evasion Abilities Clause: Evasion abilities are banned
|rule|Sleep Moves Clause: Sleep-inducing moves are banned
|clearpoke
|poke|p1|Pelipper, F|
|poke|p1|Greninja-*, M|
|poke|p1|Iron Treads|
|poke|p1|Basculegion, M|
|poke|p1|Zapdos|
|poke|p1|Raging Bolt|
|poke|p2|Goodra-Hisui, F|
|poke|p2|Torterra, F|
|poke|p2|Kingambit, F|
|poke|p2|Garchomp, M|
|poke|p2|Dragapult, F|
|poke|p2|Infernape, M|
|teampreview
|inactive|Battle timer is ON: inactive players will automatically lose when time's up. (requested by AnatiosTheHungry)
|inactive|quyihan010820 also wants the timer to be on.
|
|t:|1758961240
|teamsize|p1|6
|teamsize|p2|6
|start
|switch|p1a: Pelipper|Pelipper, F|100/100
|switch|p2a: Dragapult|Dragapult, F|100/100
|-weather|RainDance|[from] ability: Drizzle|[of] p1a: Pelipper
|turn|1
|
|t:|1758961251
|switch|p1a: Iron Treads|Iron Treads|100/100
|-enditem|p1a: Iron Treads|Booster Energy
|-activate|p1a: Iron Treads|ability: Quark Drive|[fromitem]
|-start|p1a: Iron Treads|quarkdrivespe
|move|p2a: Dragapult|Thunderbolt|p1a: Iron Treads
|-immune|p1a: Iron Treads
|
|-weather|RainDance|[upkeep]
|upkeep
|turn|2
|
|t:|1758961262
|move|p1a: Iron Treads|Stealth Rock|p2a: Dragapult
|-sidestart|p2: AnatiosTheHungry|move: Stealth Rock
|move|p2a: Dragapult|Surf|p1a: Iron Treads
|-supereffective|p1a: Iron Treads
|-damage|p1a: Iron Treads|0 fnt
|faint|p1a: Iron Treads
|-end|p1a: Iron Treads|Quark Drive|[silent]
|
|-weather|RainDance|[upkeep]
|upkeep
|
|t:|1758961270
|switch|p1a: Basculegion|Basculegion, M|100/100
|turn|3
|
|t:|1758961276
|move|p1a: Basculegion|Ice Fang|p2a: Dragapult
|-supereffective|p2a: Dragapult
|-damage|p2a: Dragapult|23/100
|cant|p2a: Dragapult|flinch
|
|-weather|RainDance|[upkeep]
|upkeep
|turn|4
|
|t:|1758961288
|switch|p2a: Goodra|Goodra-Hisui, F|100/100
|-damage|p2a: Goodra|95/100|[from] Stealth Rock
|move|p1a: Basculegion|Ice Fang|p2a: Goodra
|-damage|p2a: Goodra|65/100
|
|-weather|RainDance|[upkeep]
|upkeep
|turn|5
|
|t:|1758961302
|switch|p1a: Greninja|Greninja, M|100/100
|move|p2a: Goodra|Thunderbolt|p1a: Greninja
|-supereffective|p1a: Greninja
|-damage|p1a: Greninja|9/100
|
|-weather|RainDance|[upkeep]
|upkeep
|turn|6
|
|t:|1758961312
|move|p1a: Greninja|Surf|p2a: Goodra
|-resisted|p2a: Goodra
|-damage|p2a: Goodra|31/100
|-damage|p1a: Greninja|0 fnt|[from] item: Life Orb
|faint|p1a: Greninja
|move|p2a: Goodra|Thunderbolt|p1: Greninja|[notarget]
|-fail|p2a: Goodra
|
|-weather|RainDance|[upkeep]
|upkeep
|
|t:|1758961318
|switch|p1a: Basculegion|Basculegion, M|100/100
|turn|7
|
|t:|1758961329
|-terastallize|p1a: Basculegion|Water
|move|p1a: Basculegion|Wave Crash|p2a: Goodra
|-resisted|p2a: Goodra
|-damage|p2a: Goodra|0 fnt
|faint|p2a: Goodra
|-damage|p1a: Basculegion|93/100|[from] Recoil
|
|-weather|RainDance|[upkeep]
|upkeep
|
|t:|1758961344
|switch|p2a: Dragapult|Dragapult, F|23/100
|-damage|p2a: Dragapult|11/100|[from] Stealth Rock
|turn|8
|
|t:|1758961349
|move|p1a: Basculegion|Wave Crash|p2a: Dragapult
|-resisted|p2a: Dragapult
|-damage|p2a: Dragapult|0 fnt
|faint|p2a: Dragapult
|-damage|p1a: Basculegion|90/100|[from] Recoil
|
|-weather|none
|upkeep
|
|t:|1758961359
|switch|p2a: Garchomp|Garchomp, M|100/100
|-damage|p2a: Garchomp|94/100|[from] Stealth Rock
|turn|9
|
|t:|1758961373
|switch|p1a: Zapdos|Zapdos|100/100
|-terastallize|p2a: Garchomp|Fairy
|move|p2a: Garchomp|Outrage|p1a: Zapdos
|-damage|p1a: Zapdos|0 fnt
|-damage|p2a: Garchomp|78/100|[from] item: Rocky Helmet|[of] p1a: Zapdos
|faint|p1a: Zapdos
|
|upkeep
|
|t:|1758961380
|switch|p1a: Pelipper|Pelipper, F|100/100
|-weather|RainDance|[from] ability: Drizzle|[of] p1a: Pelipper
|turn|10
|
|t:|1758961396
|move|p2a: Garchomp|Outrage|p1a: Pelipper|[from] lockedmove
|-damage|p1a: Pelipper|7/100
|move|p1a: Pelipper|Surf|p2a: Garchomp
|-damage|p2a: Garchomp|20/100
|
|-weather|RainDance|[upkeep]
|upkeep
|turn|11
|
|t:|1758961404
|move|p2a: Garchomp|Outrage|p1a: Pelipper|[from] lockedmove
|-damage|p1a: Pelipper|0 fnt
|faint|p1a: Pelipper
|-start|p2a: Garchomp|confusion|[fatigue]
|
|-weather|RainDance|[upkeep]
|upkeep
|
|t:|1758961411
|switch|p1a: Raging Bolt|Raging Bolt|100/100
|turn|12
|
|t:|1758961420
|-activate|p2a: Garchomp|confusion
|-damage|p2a: Garchomp|4/100|[from] confusion
|move|p1a: Raging Bolt|Draco Meteor|p2a: Garchomp
|-immune|p2a: Garchomp
|
|-weather|RainDance|[upkeep]
|upkeep
|turn|13
|
|t:|1758961428
|-activate|p2a: Garchomp|confusion
|move|p2a: Garchomp|Outrage|p1a: Raging Bolt
|-supereffective|p1a: Raging Bolt
|-damage|p1a: Raging Bolt|0 fnt
|faint|p1a: Raging Bolt
|-end|p1a: Raging Bolt|Protosynthesis|[silent]
|
|-weather|RainDance|[upkeep]
|upkeep
|
|t:|1758961432
|switch|p1a: Basculegion|Basculegion, M, tera:Water|90/100
|turn|14
|
|t:|1758961438
|move|p1a: Basculegion|Ice Fang|p2a: Garchomp
|-damage|p2a: Garchomp|0 fnt
|-damage|p1a: Basculegion|77/100|[from] ability: Rough Skin|[of] p2a: Garchomp
|faint|p2a: Garchomp
|
|-weather|RainDance|[upkeep]
|upkeep
|
|t:|1758961452
|switch|p2a: Torterra|Torterra, F|100/100
|-damage|p2a: Torterra|94/100|[from] Stealth Rock
|turn|15
|
|t:|1758961458
|move|p1a: Basculegion|Ice Fang|p2a: Torterra
|-supereffective|p2a: Torterra
|-damage|p2a: Torterra|0 fnt
|faint|p2a: Torterra
|
|-weather|RainDance|[upkeep]
|upkeep
|
|t:|1758961465
|switch|p2a: Infernape|Infernape, M|100/100
|-damage|p2a: Infernape|88/100|[from] Stealth Rock
|turn|16
|
|t:|1758961476
|move|p1a: Basculegion|Ice Fang|p2a: Infernape
|-resisted|p2a: Infernape
|-damage|p2a: Infernape|65/100
|move|p2a: Infernape|Flare Blitz|p1a: Basculegion
|-resisted|p1a: Basculegion
|-damage|p1a: Basculegion|60/100
|-status|p1a: Basculegion|brn
|-damage|p2a: Infernape|57/100|[from] Recoil
|
|-weather|RainDance|[upkeep]
|-damage|p1a: Basculegion|54/100 brn|[from] brn
|upkeep
|turn|17
|-message|quyihan010820 forfeited.
|
|win|AnatiosTheHungry
|raw|quyihan010820's rating: 1122 &rarr; <strong>1099</strong><br />(-23 for losing)
|raw|AnatiosTheHungry's rating: 1146 &rarr; <strong>1169</strong><br />(+23 for winning)
|l|☆quyihan010820
|player|p1|
|l|☆AnatiosTheHungry
|player|p2|
