|badge|p1|silver|gen9ou|30-6
|html|<div class="broadcast-red"><strong>This battle is required to be public due to one or more player having a season medal.</strong><br />During the public phase, you can discuss the state of the ladder <a href="/seasondiscussion">in a special chatroom.</a></div>
|uhtml|medal-msg|<div class="broadcast-blue">Curious what those medals under the avatar are? PS now has Ladder Seasons! For more information, check out the <a href="https://www.smogon.com/forums/threads/3740067/">thread on Smogon.</a></div>
|badge|p2|silver|gen9ou|30-6
|uhtml|medal-msg|<div class="broadcast-blue">Curious what those medals under the avatar are? PS now has Ladder Seasons! For more information, check out the <a href="https://www.smogon.com/forums/threads/3740067/">thread on Smogon.</a></div>
|raw|<div class="broadcast-blue"><strong>This battle is required to be public due to a player having a name starting with 'medal'.</div>
|j|☆Light SV
|j|☆OUWW Miguel o Hara
|t:|1759002548
|gametype|singles
|player|p1|Light SV|blue-gen7|1825
|player|p2|OUWW Miguel o Hara|giovanni|1981
|gen|9
|tier|[Gen 9] OU
|rated|
|rule|HP Percentage Mod: HP is shown in percentages
|rule|Endless Battle Clause: Forcing endless battles is banned
|rule|Species Clause: Limit one of each Pokémon
|rule|OHKO Clause: OHKO moves are banned
|rule|Evasion Items Clause: Evasion items are banned
|rule|Evasion Moves Clause: Evasion moves are banned
|rule|Evasion Abilities Clause: Evasion abilities are banned
|rule|Sleep Moves Clause: Sleep-inducing moves are banned
|clearpoke
|poke|p1|Hydrapple, F|
|poke|p1|Moltres|
|poke|p1|Rotom-Wash|
|poke|p1|Darkrai|
|poke|p1|Gliscor, M|
|poke|p1|Kingambit, F|
|poke|p2|Clefable, M|
|poke|p2|Iron Moth|
|poke|p2|Gliscor, F|
|poke|p2|Blissey, F|
|poke|p2|Zamazenta-*|
|poke|p2|Dragapult, F|
|teampreview
|inactive|Battle timer is ON: inactive players will automatically lose when time's up. (requested by Light SV)
|inactive|OUWW Miguel o Hara has 120 seconds left.
|j| FaronAan
|
|t:|1759002608
|teamsize|p1|6
|teamsize|p2|6
|start
|switch|p1a: Rotom|Rotom-Wash|100/100
|switch|p2a: Blissey|Blissey, F|100/100
|turn|1
|
|t:|1759002614
|move|p1a: Rotom|Trick|p2a: Blissey
|-activate|p1a: Rotom|move: Trick|[of] p2a: Blissey
|-item|p2a: Blissey|Choice Scarf|[from] move: Trick
|-item|p1a: Rotom|Heavy-Duty Boots|[from] move: Trick
|move|p2a: Blissey|Stealth Rock|p1a: Rotom
|-sidestart|p1: Light SV|move: Stealth Rock
|
|upkeep
|turn|2
|
|t:|1759002619
|move|p1a: Rotom|Volt Switch|p2a: Blissey
|-damage|p2a: Blissey|89/100
|
|t:|1759002622
|switch|p1a: Gliscor|Gliscor, M|100/100|[from] Volt Switch
|-damage|p1a: Gliscor|88/100|[from] Stealth Rock
|move|p2a: Blissey|Stealth Rock||[still]
|-fail|p2a: Blissey
|
|-status|p1a: Gliscor|tox|[from] item: Toxic Orb
|upkeep
|turn|3
|
|t:|1759002625
|switch|p2a: Zamazenta|Zamazenta|100/100
|-ability|p2a: Zamazenta|Dauntless Shield|boost
|-boost|p2a: Zamazenta|def|1
|move|p1a: Gliscor|Stealth Rock|p2a: Zamazenta
|-sidestart|p2: OUWW Miguel o Hara|move: Stealth Rock
|
|-heal|p1a: Gliscor|100/100 tox|[from] ability: Poison Heal
|upkeep
|turn|4
|
|t:|1759002628
|switch|p2a: Blissey|Blissey, F|89/100
|-damage|p2a: Blissey|76/100|[from] Stealth Rock
|move|p1a: Gliscor|Toxic|p2a: Blissey
|-status|p2a: Blissey|tox
|
|-damage|p2a: Blissey|70/100 tox|[from] psn
|upkeep
|turn|5
|
|t:|1759002632
|move|p1a: Gliscor|Earthquake|p2a: Blissey
|-damage|p2a: Blissey|43/100 tox
|move|p2a: Blissey|Ice Beam|p1a: Gliscor
|-supereffective|p1a: Gliscor
|-damage|p1a: Gliscor|27/100 tox
|
|-heal|p1a: Gliscor|39/100 tox|[from] ability: Poison Heal
|-damage|p2a: Blissey|30/100 tox|[from] psn
|upkeep
|turn|6
|
|t:|1759002640
|move|p1a: Gliscor|Protect|p1a: Gliscor
|-singleturn|p1a: Gliscor|Protect
|move|p2a: Blissey|Ice Beam|p1a: Gliscor
|-activate|p1a: Gliscor|move: Protect
|
|-heal|p1a: Gliscor|52/100 tox|[from] ability: Poison Heal
|-damage|p2a: Blissey|12/100 tox|[from] psn
|upkeep
|turn|7
|
|t:|1759002642
|move|p1a: Gliscor|Earthquake|p2a: Blissey
|-damage|p2a: Blissey|0 fnt
|faint|p2a: Blissey
|
|-heal|p1a: Gliscor|64/100 tox|[from] ability: Poison Heal
|upkeep
|
|t:|1759002645
|switch|p2a: Dragapult|Dragapult, F|100/100
|turn|8
|
|t:|1759002646
|move|p1a: Gliscor|Protect|p1a: Gliscor
|-singleturn|p1a: Gliscor|Protect
|move|p2a: Dragapult|Substitute|p2a: Dragapult
|-start|p2a: Dragapult|Substitute
|-damage|p2a: Dragapult|76/100
|
|-heal|p1a: Gliscor|77/100 tox|[from] ability: Poison Heal
|upkeep
|turn|9
|
|t:|1759002651
|switch|p1a: Moltres|Moltres|100/100
|move|p2a: Dragapult|Hex|p1a: Moltres
|-damage|p1a: Moltres|80/100
|
|upkeep
|turn|10
|
|t:|1759002657
|move|p2a: Dragapult|Dragon Darts|p1a: Moltres
|-crit|p1a: Moltres
|-damage|p1a: Moltres|52/100
|-anim|p2a: Dragapult|Dragon Darts|p1a: Moltres
|-damage|p1a: Moltres|33/100
|move|p1a: Moltres|Scorching Sands|p2a: Dragapult
|-end|p2a: Dragapult|Substitute
|
|upkeep
|turn|11
|
|t:|1759002668
|switch|p1a: Rotom|Rotom-Wash|100/100
|move|p2a: Dragapult|Dragon Darts|p1a: Rotom
|-damage|p1a: Rotom|73/100
|-anim|p2a: Dragapult|Dragon Darts|p1a: Rotom
|-damage|p1a: Rotom|43/100
|
|upkeep
|turn|12
|
|t:|1759002679
|switch|p1a: Kingambit|Kingambit, F|100/100
|move|p2a: Dragapult|Substitute|p2a: Dragapult
|-start|p2a: Dragapult|Substitute
|-damage|p2a: Dragapult|51/100
|
|upkeep
|turn|13
|
|t:|1759002683
|-end|p1a: Kingambit|fallenundefined|[silent]
|switch|p1a: Gliscor|Gliscor, M|77/100 tox
|-damage|p1a: Gliscor|64/100 tox|[from] Stealth Rock
|move|p2a: Dragapult|Will-O-Wisp|p1a: Gliscor|[miss]
|-miss|p2a: Dragapult|p1a: Gliscor
|
|-heal|p1a: Gliscor|77/100 tox|[from] ability: Poison Heal
|upkeep
|turn|14
|
|t:|1759002687
|move|p1a: Gliscor|Protect|p1a: Gliscor
|-singleturn|p1a: Gliscor|Protect
|move|p2a: Dragapult|Hex|p1a: Gliscor
|-activate|p1a: Gliscor|move: Protect
|
|-heal|p1a: Gliscor|89/100 tox|[from] ability: Poison Heal
|upkeep
|turn|15
|
|t:|1759002690
|move|p2a: Dragapult|Hex|p1a: Gliscor
|-damage|p1a: Gliscor|18/100 tox
|move|p1a: Gliscor|Earthquake|p2a: Dragapult
|-end|p2a: Dragapult|Substitute
|
|-heal|p1a: Gliscor|31/100 tox|[from] ability: Poison Heal
|upkeep
|turn|16
|
|t:|1759002694
|move|p1a: Gliscor|Protect|p1a: Gliscor
|-singleturn|p1a: Gliscor|Protect
|move|p2a: Dragapult|Hex|p1a: Gliscor
|-activate|p1a: Gliscor|move: Protect
|
|-heal|p1a: Gliscor|43/100 tox|[from] ability: Poison Heal
|upkeep
|turn|17
|
|t:|1759002701
|switch|p1a: Kingambit|Kingambit, F|100/100
|move|p2a: Dragapult|Substitute|p2a: Dragapult
|-start|p2a: Dragapult|Substitute
|-damage|p2a: Dragapult|26/100
|
|upkeep
|turn|18
|
|t:|1759002705
|move|p2a: Dragapult|Will-O-Wisp|p1a: Kingambit|[miss]
|-miss|p2a: Dragapult|p1a: Kingambit
|move|p1a: Kingambit|Kowtow Cleave|p2a: Dragapult
|-supereffective|p2a: Dragapult
|-end|p2a: Dragapult|Substitute
|
|upkeep
|turn|19
|
|t:|1759002708
|move|p2a: Dragapult|Will-O-Wisp|p1a: Kingambit
|-status|p1a: Kingambit|brn
|move|p1a: Kingambit|Kowtow Cleave|p2a: Dragapult
|-supereffective|p2a: Dragapult
|-damage|p2a: Dragapult|0 fnt
|faint|p2a: Dragapult
|
|-damage|p1a: Kingambit|94/100 brn|[from] brn
|upkeep
|
|t:|1759002713
|switch|p2a: Iron Moth|Iron Moth|100/100
|turn|20
|inactive|Light SV has 120 seconds left.
|
|t:|1759002747
|move|p2a: Iron Moth|Fiery Dance|p1a: Kingambit
|-supereffective|p1a: Kingambit
|-damage|p1a: Kingambit|0 fnt
|faint|p1a: Kingambit
|-end|p1a: Kingambit|fallenundefined|[silent]
|
|upkeep
|inactive|Light SV has 120 seconds left.
|
|t:|1759002757
|switch|p1a: Darkrai|Darkrai|100/100
|turn|21
|
|t:|1759002763
|-end|p2a: Iron Moth|Quark Drive|[silent]
|switch|p2a: Zamazenta|Zamazenta|100/100
|-damage|p2a: Zamazenta|94/100|[from] Stealth Rock
|move|p1a: Darkrai|Dark Pulse|p2a: Zamazenta
|-resisted|p2a: Zamazenta
|-damage|p2a: Zamazenta|75/100
|
|-heal|p2a: Zamazenta|81/100|[from] item: Leftovers
|upkeep
|turn|22
|
|t:|1759002770
|switch|p1a: Gliscor|Gliscor, M|43/100 tox
|-damage|p1a: Gliscor|31/100 tox|[from] Stealth Rock
|switch|p2a: Iron Moth|Iron Moth|100/100
|
|-heal|p1a: Gliscor|43/100 tox|[from] ability: Poison Heal
|upkeep
|turn|23
|
|t:|1759002774
|move|p1a: Gliscor|Protect|p1a: Gliscor
|-singleturn|p1a: Gliscor|Protect
|move|p2a: Iron Moth|Substitute|p2a: Iron Moth
|-start|p2a: Iron Moth|Substitute
|-damage|p2a: Iron Moth|76/100
|
|-heal|p1a: Gliscor|56/100 tox|[from] ability: Poison Heal
|upkeep
|turn|24
|
|t:|1759002781
|move|p2a: Iron Moth|Fiery Dance|p1a: Gliscor
|-damage|p1a: Gliscor|0 fnt
|faint|p1a: Gliscor
|
|upkeep
|
|t:|1759002786
|switch|p1a: Darkrai|Darkrai|100/100
|turn|25
|
|t:|1759002790
|move|p1a: Darkrai|Dark Pulse|p2a: Iron Moth
|-end|p2a: Iron Moth|Substitute
|move|p2a: Iron Moth|Sludge Wave|p1a: Darkrai
|-damage|p1a: Darkrai|23/100
|
|upkeep
|turn|26
|
|t:|1759002796
|move|p1a: Darkrai|Dark Pulse|p2a: Iron Moth
|-damage|p2a: Iron Moth|27/100
|move|p2a: Iron Moth|Fiery Dance|p1a: Darkrai
|-damage|p1a: Darkrai|0 fnt
|faint|p1a: Darkrai
|
|upkeep
|
|t:|1759002802
|switch|p1a: Rotom|Rotom-Wash|43/100
|turn|27
|
|t:|1759002815
|move|p2a: Iron Moth|Sludge Wave|p1a: Rotom
|-damage|p1a: Rotom|0 fnt
|faint|p1a: Rotom
|
|upkeep
|
|t:|1759002818
|switch|p1a: Hydrapple|Hydrapple, F|100/100
|turn|28
|
|t:|1759002824
|-end|p2a: Iron Moth|Quark Drive|[silent]
|switch|p2a: Gliscor|Gliscor, F|100/100
|-damage|p2a: Gliscor|88/100|[from] Stealth Rock
|-terastallize|p1a: Hydrapple|Poison
|move|p1a: Hydrapple|Earth Power|p2a: Gliscor
|-immune|p2a: Gliscor
|
|-status|p2a: Gliscor|tox|[from] item: Toxic Orb
|upkeep
|turn|29
|
|t:|1759002829
|move|p2a: Gliscor|Earthquake|p1a: Hydrapple
|-supereffective|p1a: Hydrapple
|-damage|p1a: Hydrapple|54/100
|move|p1a: Hydrapple|Nasty Plot|p1a: Hydrapple
|-boost|p1a: Hydrapple|spa|2
|
|-heal|p2a: Gliscor|100/100 tox|[from] ability: Poison Heal
|upkeep
|turn|30
|
|t:|1759002833
|move|p2a: Gliscor|Earthquake|p1a: Hydrapple
|-supereffective|p1a: Hydrapple
|-damage|p1a: Hydrapple|6/100
|move|p1a: Hydrapple|Giga Drain|p2a: Gliscor
|-damage|p2a: Gliscor|28/100 tox
|-heal|p1a: Hydrapple|37/100|[from] drain|[of] p2a: Gliscor
|
|-heal|p2a: Gliscor|41/100 tox|[from] ability: Poison Heal
|upkeep
|turn|31
|
|t:|1759002838
|switch|p1a: Moltres|Moltres|33/100
|move|p2a: Gliscor|Earthquake|p1a: Moltres
|-immune|p1a: Moltres
|
|-heal|p2a: Gliscor|53/100 tox|[from] ability: Poison Heal
|upkeep
|turn|32
|
|t:|1759002842
|move|p2a: Gliscor|Knock Off|p1a: Moltres
|-damage|p1a: Moltres|11/100
|-enditem|p1a: Moltres|Heavy-Duty Boots|[from] move: Knock Off|[of] p2a: Gliscor
|move|p1a: Moltres|Roost|p1a: Moltres
|-heal|p1a: Moltres|62/100
|-singleturn|p1a: Moltres|move: Roost
|
|-heal|p2a: Gliscor|66/100 tox|[from] ability: Poison Heal
|upkeep
|turn|33
|
|t:|1759002845
|move|p2a: Gliscor|Toxic|p1a: Moltres
|-status|p1a: Moltres|tox
|move|p1a: Moltres|Roost|p1a: Moltres
|-heal|p1a: Moltres|100/100 tox
|-singleturn|p1a: Moltres|move: Roost
|
|-heal|p2a: Gliscor|78/100 tox|[from] ability: Poison Heal
|-damage|p1a: Moltres|94/100 tox|[from] psn
|upkeep
|turn|34
|
|t:|1759002850
|move|p2a: Gliscor|Knock Off|p1a: Moltres
|-damage|p1a: Moltres|80/100 tox
|move|p1a: Moltres|Flamethrower|p2a: Gliscor
|-damage|p2a: Gliscor|47/100 tox
|
|-heal|p2a: Gliscor|59/100 tox|[from] ability: Poison Heal
|-damage|p1a: Moltres|68/100 tox|[from] psn
|upkeep
|turn|35
|
|t:|1759002852
|move|p2a: Gliscor|Protect|p2a: Gliscor
|-singleturn|p2a: Gliscor|Protect
|move|p1a: Moltres|Flamethrower|p2a: Gliscor
|-activate|p2a: Gliscor|move: Protect
|
|-heal|p2a: Gliscor|72/100 tox|[from] ability: Poison Heal
|-damage|p1a: Moltres|50/100 tox|[from] psn
|upkeep
|turn|36
|
|t:|1759002856
|move|p2a: Gliscor|Knock Off|p1a: Moltres
|-damage|p1a: Moltres|37/100 tox
|move|p1a: Moltres|U-turn|p2a: Gliscor
|-resisted|p2a: Gliscor
|-damage|p2a: Gliscor|66/100 tox
|
|t:|1759002857
|switch|p1a: Hydrapple|Hydrapple, F, tera:Poison|70/100|[from] U-turn
|
|-heal|p2a: Gliscor|78/100 tox|[from] ability: Poison Heal
|upkeep
|turn|37
|
|t:|1759002860
|move|p2a: Gliscor|Earthquake|p1a: Hydrapple
|-supereffective|p1a: Hydrapple
|-damage|p1a: Hydrapple|20/100
|move|p1a: Hydrapple|Fickle Beam|p2a: Gliscor|[anim] Fickle Beam All Out
|-activate|p1a: Hydrapple|move: Fickle Beam
|-damage|p2a: Gliscor|0 fnt
|faint|p2a: Gliscor
|
|upkeep
|
|t:|1759002863
|switch|p2a: Iron Moth|Iron Moth|27/100
|turn|38
|
|t:|1759002868
|switch|p1a: Moltres|Moltres|37/100 tox
|-damage|p1a: Moltres|0 fnt|[from] Stealth Rock
|faint|p1a: Moltres
|move|p2a: Iron Moth|Fiery Dance|p1: Moltres|[notarget]
|-fail|p2a: Iron Moth
|
|upkeep
|
|t:|1759002871
|switch|p1a: Hydrapple|Hydrapple, F, tera:Poison|54/100
|turn|39
|c|☆OUWW Miguel o Hara|Gg
|
|t:|1759002878
|move|p2a: Iron Moth|Fiery Dance|p1a: Hydrapple
|-damage|p1a: Hydrapple|8/100
|-boost|p2a: Iron Moth|spa|1
|move|p1a: Hydrapple|Earth Power|p2a: Iron Moth
|-supereffective|p2a: Iron Moth
|-damage|p2a: Iron Moth|0 fnt
|faint|p2a: Iron Moth
|-end|p2a: Iron Moth|Quark Drive|[silent]
|
|upkeep
|
|t:|1759002881
|switch|p2a: Zamazenta|Zamazenta|81/100
|-damage|p2a: Zamazenta|75/100|[from] Stealth Rock
|turn|40
|c|☆Light SV|this sounds like aggro
|
|t:|1759002892
|move|p2a: Zamazenta|Crunch|p1a: Hydrapple
|-damage|p1a: Hydrapple|0 fnt
|faint|p1a: Hydrapple
|
|win|OUWW Miguel o Hara
|raw|Light SV's rating: 1825 &rarr; <strong>1813</strong><br />(-12 for losing)
|raw|OUWW Miguel o Hara's rating: 1981 &rarr; <strong>1993</strong><br />(+12 for winning)
|c|☆OUWW Miguel o Hara|No aggro
|l|☆Light SV
|player|p1|
|l| FaronAan
