|j|☆The Power of Spam
|j|☆MrBoulderShoulders
|t:|1759013311
|gametype|singles
|player|p1|The Power of Spam|worker|1436
|player|p2|MrBoulderShoulders|265|1474
|gen|9
|tier|[Gen 9] OU
|rated|
|rule|HP Percentage Mod: HP is shown in percentages
|rule|Endless Battle Clause: Forcing endless battles is banned
|rule|Species Clause: Limit one of each Pokémon
|rule|OHKO Clause: OHKO moves are banned
|rule|Evasion Items Clause: Evasion items are banned
|rule|Evasion Moves Clause: Evasion moves are banned
|rule|Evasion Abilities Clause: Evasion abilities are banned
|rule|Sleep Moves Clause: Sleep-inducing moves are banned
|clearpoke
|poke|p1|Landorus-Therian, M|
|poke|p1|Greninja-*, M|
|poke|p1|Tsareena, F|
|poke|p1|Deoxys-Speed|
|poke|p1|Iron Hands|
|poke|p1|Heatran, F|
|poke|p2|Ursaluna, M|
|poke|p2|Gholdengo|
|poke|p2|Moltres|
|poke|p2|Slowking-Galar, M|
|poke|p2|Meowscarada, F|
|poke|p2|Great Tusk|
|teampreview
|inactive|Battle timer is ON: inactive players will automatically lose when time's up. (requested by MrBoulderShoulders)
|
|t:|1759013321
|teamsize|p1|6
|teamsize|p2|6
|start
|switch|p1a: Deoxys|Deoxys-Speed|100/100
|switch|p2a: Meowscarada|Meowscarada, F|100/100
|-ability|p1a: Deoxys|Pressure
|turn|1
|
|t:|1759013333
|switch|p1a: Heatran|Heatran, F|100/100
|move|p2a: Meowscarada|Knock Off|p1a: Heatran
|-damage|p1a: Heatran|60/100
|-enditem|p1a: Heatran|Leftovers|[from] move: Knock Off|[of] p2a: Meowscarada
|
|upkeep
|turn|2
|
|t:|1759013343
|switch|p2a: Moltres|Moltres|100/100
|move|p1a: Heatran|Magma Storm|p2a: Moltres
|-resisted|p2a: Moltres
|-damage|p2a: Moltres|71/100
|-activate|p2a: Moltres|move: Magma Storm|[of] p1a: Heatran
|
|-damage|p2a: Moltres|59/100|[from] move: Magma Storm|[partiallytrapped]
|upkeep
|turn|3
|
|t:|1759013352
|move|p2a: Moltres|Flamethrower|p1a: Heatran
|-start|p1a: Heatran|ability: Flash Fire
|move|p1a: Heatran|Taunt|p2a: Moltres
|-start|p2a: Moltres|move: Taunt
|
|-damage|p2a: Moltres|47/100|[from] move: Magma Storm|[partiallytrapped]
|upkeep
|turn|4
|
|t:|1759013362
|move|p2a: Moltres|U-turn|p1a: Heatran
|-resisted|p1a: Heatran
|-damage|p1a: Heatran|57/100
|
|t:|1759013365
|switch|p2a: Slowking|Slowking-Galar, M|100/100|[from] U-turn
|move|p1a: Heatran|Magma Storm|p2a: Slowking|[miss]
|-miss|p1a: Heatran|p2a: Slowking
|
|upkeep
|turn|5
|
|t:|1759013374
|move|p1a: Heatran|Taunt|p2a: Slowking
|-start|p2a: Slowking|move: Taunt
|-prepare|p2a: Slowking|Chilly Reception|[premajor]
|cant|p2a: Slowking|move: Taunt|Chilly Reception
|
|upkeep
|turn|6
|
|t:|1759013395
|switch|p2a: Great Tusk|Great Tusk|100/100
|move|p1a: Heatran|Magma Storm|p2a: Great Tusk
|-damage|p2a: Great Tusk|0 fnt
|faint|p2a: Great Tusk
|-end|p2a: Great Tusk|Protosynthesis|[silent]
|
|upkeep
|
|t:|1759013408
|switch|p2a: Gholdengo|Gholdengo|100/100
|turn|7
|
|t:|1759013411
|-end|p1a: Heatran|ability: Flash Fire|[silent]
|switch|p1a: Greninja|Greninja, M|100/100
|move|p2a: Gholdengo|Focus Blast|p1a: Greninja
|-supereffective|p1a: Greninja
|-damage|p1a: Greninja|0 fnt
|faint|p1a: Greninja
|
|upkeep
|
|t:|1759013420
|switch|p1a: Deoxys|Deoxys-Speed|100/100
|-ability|p1a: Deoxys|Pressure
|turn|8
|
|t:|1759013427
|switch|p2a: Slowking|Slowking-Galar, M|100/100
|move|p1a: Deoxys|Stealth Rock|p2a: Slowking
|-sidestart|p2: MrBoulderShoulders|move: Stealth Rock
|
|upkeep
|turn|9
|
|t:|1759013435
|move|p1a: Deoxys|Knock Off|p2a: Slowking
|-supereffective|p2a: Slowking
|-damage|p2a: Slowking|47/100
|-enditem|p2a: Slowking|Heavy-Duty Boots|[from] move: Knock Off|[of] p1a: Deoxys
|move|p2a: Slowking|Future Sight|p1a: Deoxys
|-start|p2a: Slowking|move: Future Sight
|
|upkeep
|turn|10
|
|t:|1759013441
|move|p1a: Deoxys|Knock Off|p2a: Slowking
|-supereffective|p2a: Slowking
|-damage|p2a: Slowking|12/100
|-prepare|p2a: Slowking|Chilly Reception|[premajor]
|move|p2a: Slowking|Chilly Reception|p2a: Slowking
|-weather|Snowscape
|
|t:|1759013447
|switch|p2a: Meowscarada|Meowscarada, F|100/100|[from] Chilly Reception
|
|-weather|Snowscape|[upkeep]
|upkeep
|turn|11
|
|t:|1759013454
|switch|p1a: Iron Hands|Iron Hands|100/100
|move|p2a: Meowscarada|Knock Off|p1a: Iron Hands
|-resisted|p1a: Iron Hands
|-damage|p1a: Iron Hands|87/100
|-enditem|p1a: Iron Hands|Assault Vest|[from] move: Knock Off|[of] p2a: Meowscarada
|
|-weather|Snowscape|[upkeep]
|-end|p1a: Iron Hands|move: Future Sight
|-supereffective|p1a: Iron Hands
|-damage|p1a: Iron Hands|8/100
|upkeep
|turn|12
|
|t:|1759013466
|move|p1a: Iron Hands|Fake Out|p2a: Meowscarada
|-damage|p2a: Meowscarada|75/100
|cant|p2a: Meowscarada|flinch
|
|-weather|Snowscape|[upkeep]
|upkeep
|turn|13
|
|t:|1759013473
|move|p2a: Meowscarada|Flower Trick|p1a: Iron Hands
|-crit|p1a: Iron Hands
|-damage|p1a: Iron Hands|0 fnt
|faint|p1a: Iron Hands
|-end|p1a: Iron Hands|Quark Drive|[silent]
|
|-weather|Snowscape|[upkeep]
|upkeep
|
|t:|1759013486
|switch|p1a: Deoxys|Deoxys-Speed|100/100
|-ability|p1a: Deoxys|Pressure
|turn|14
|
|t:|1759013491
|move|p1a: Deoxys|Superpower|p2a: Meowscarada
|-supereffective|p2a: Meowscarada
|-damage|p2a: Meowscarada|0 fnt
|-unboost|p1a: Deoxys|atk|1
|-unboost|p1a: Deoxys|def|1
|faint|p2a: Meowscarada
|-enditem|p1a: Deoxys|Eject Pack
|
|t:|1759013504
|switch|p1a: Landorus|Landorus-Therian, M|100/100
|
|-weather|none
|upkeep
|
|t:|1759013514
|switch|p2a: Slowking|Slowking-Galar, M|45/100
|-damage|p2a: Slowking|32/100|[from] Stealth Rock
|turn|15
|
|t:|1759013519
|switch|p2a: Moltres|Moltres|47/100
|move|p1a: Landorus|Stone Edge|p2a: Moltres
|-supereffective|p2a: Moltres
|-damage|p2a: Moltres|0 fnt
|faint|p2a: Moltres
|
|upkeep
|
|t:|1759013528
|switch|p2a: Ursaluna|Ursaluna, M|100/100
|-damage|p2a: Ursaluna|94/100|[from] Stealth Rock
|turn|16
|
|t:|1759013533
|switch|p1a: Tsareena|Tsareena, F, shiny|100/100
|move|p2a: Ursaluna|Bulk Up|p2a: Ursaluna
|-boost|p2a: Ursaluna|atk|1
|-boost|p2a: Ursaluna|def|1
|
|-heal|p2a: Ursaluna|100/100|[from] item: Leftovers
|upkeep
|turn|17
|
|t:|1759013543
|move|p2a: Ursaluna|Protect|p2a: Ursaluna
|-singleturn|p2a: Ursaluna|Protect
|move|p1a: Tsareena|Trop Kick|p2a: Ursaluna
|-activate|p2a: Ursaluna|move: Protect
|
|upkeep
|turn|18
|
|t:|1759013554
|-terastallize|p2a: Ursaluna|Fairy
|move|p1a: Tsareena|Knock Off|p2a: Ursaluna
|-resisted|p2a: Ursaluna
|-damage|p2a: Ursaluna|95/100
|-enditem|p2a: Ursaluna|Leftovers|[from] move: Knock Off|[of] p1a: Tsareena
|move|p2a: Ursaluna|Bulk Up|p2a: Ursaluna
|-boost|p2a: Ursaluna|atk|1
|-boost|p2a: Ursaluna|def|1
|
|upkeep
|turn|19
|
|t:|1759013564
|move|p1a: Tsareena|Trop Kick|p2a: Ursaluna
|-damage|p2a: Ursaluna|85/100
|-unboost|p2a: Ursaluna|atk|1
|move|p2a: Ursaluna|Ice Punch|p1a: Tsareena
|-supereffective|p1a: Tsareena
|-damage|p1a: Tsareena|53/100
|
|upkeep
|turn|20
|
|t:|1759013572
|move|p1a: Tsareena|Trop Kick|p2a: Ursaluna
|-damage|p2a: Ursaluna|75/100
|-unboost|p2a: Ursaluna|atk|1
|move|p2a: Ursaluna|Ice Punch|p1a: Tsareena
|-supereffective|p1a: Tsareena
|-damage|p1a: Tsareena|19/100
|
|upkeep
|turn|21
|
|t:|1759013581
|move|p1a: Tsareena|Trop Kick|p2a: Ursaluna
|-damage|p2a: Ursaluna|64/100
|-unboost|p2a: Ursaluna|atk|1
|move|p2a: Ursaluna|Ice Punch|p1a: Tsareena
|-supereffective|p1a: Tsareena
|-damage|p1a: Tsareena|0 fnt
|faint|p1a: Tsareena
|
|upkeep
|
|t:|1759013591
|switch|p1a: Heatran|Heatran, F|57/100
|turn|22
|
|t:|1759013595
|move|p2a: Ursaluna|Protect|p2a: Ursaluna
|-singleturn|p2a: Ursaluna|Protect
|move|p1a: Heatran|Magma Storm|p2a: Ursaluna
|-activate|p2a: Ursaluna|move: Protect
|
|upkeep
|turn|23
|
|t:|1759013605
|move|p1a: Heatran|Magma Storm|p2a: Ursaluna
|-damage|p2a: Ursaluna|31/100
|-activate|p2a: Ursaluna|move: Magma Storm|[of] p1a: Heatran
|move|p2a: Ursaluna|Earthquake|p1a: Heatran
|-supereffective|p1a: Heatran
|-damage|p1a: Heatran|0 fnt
|faint|p1a: Heatran
|
|-end|p2a: Ursaluna|Magma Storm|[partiallytrapped]|[silent]
|upkeep
|
|t:|1759013613
|switch|p1a: Deoxys|Deoxys-Speed|100/100
|-ability|p1a: Deoxys|Pressure
|turn|24
|
|t:|1759013618
|switch|p2a: Slowking|Slowking-Galar, M|66/100
|-damage|p2a: Slowking|53/100|[from] Stealth Rock
|move|p1a: Deoxys|Psycho Boost|p2a: Slowking
|-damage|p2a: Slowking|16/100
|-unboost|p1a: Deoxys|spa|2
|
|upkeep
|turn|25
|
|t:|1759013627
|move|p1a: Deoxys|Knock Off|p2a: Slowking
|-supereffective|p2a: Slowking
|-damage|p2a: Slowking|0 fnt
|faint|p2a: Slowking
|
|upkeep
|
|t:|1759013634
|switch|p2a: Gholdengo|Gholdengo|100/100
|-damage|p2a: Gholdengo|94/100|[from] Stealth Rock
|turn|26
|
|t:|1759013639
|move|p1a: Deoxys|Knock Off|p2a: Gholdengo
|-supereffective|p2a: Gholdengo
|-damage|p2a: Gholdengo|40/100
|-enditem|p2a: Gholdengo|Choice Scarf|[from] move: Knock Off|[of] p1a: Deoxys
|move|p2a: Gholdengo|Shadow Ball|p1a: Deoxys
|-supereffective|p1a: Deoxys
|-damage|p1a: Deoxys|0 fnt
|faint|p1a: Deoxys
|
|upkeep
|c|☆The Power of Spam|Gg
|
|t:|1759013650
|switch|p1a: Landorus|Landorus-Therian, M|100/100
|-ability|p1a: Landorus|Intimidate|boost
|-unboost|p2a: Gholdengo|atk|1
|turn|27
|
|t:|1759013654
|move|p1a: Landorus|Earthquake|p2a: Gholdengo
|-supereffective|p2a: Gholdengo
|-damage|p2a: Gholdengo|0 fnt
|faint|p2a: Gholdengo
|
|upkeep
|
|t:|1759013659
|switch|p2a: Ursaluna|Ursaluna, M, tera:Fairy|31/100
|-damage|p2a: Ursaluna|19/100|[from] Stealth Rock
|turn|28
|
|t:|1759013663
|move|p1a: Landorus|Earthquake|p2a: Ursaluna
|-damage|p2a: Ursaluna|0 fnt
|faint|p2a: Ursaluna
|
|win|The Power of Spam
|raw|The Power of Spam's rating: 1436 &rarr; <strong>1458</strong><br />(+22 for winning)
|raw|MrBoulderShoulders's rating: 1474 &rarr; <strong>1452</strong><br />(-22 for losing)
|l|☆MrBoulderShoulders
|player|p2|
|l|☆The Power of Spam
|player|p1|
