|j|☆RubyTheFox42399
|j|☆SpikePokemon123
|t:|1758917673
|gametype|singles
|player|p1|RubyTheFox42399|gambler|1101
|player|p2|SpikePokemon123|169|1130
|gen|9
|tier|[Gen 9] OU
|rated|
|rule|HP Percentage Mod: HP is shown in percentages
|rule|Endless Battle Clause: Forcing endless battles is banned
|rule|Species Clause: Limit one of each Pokémon
|rule|OHKO Clause: OHKO moves are banned
|rule|Evasion Items Clause: Evasion items are banned
|rule|Evasion Moves Clause: Evasion moves are banned
|rule|Evasion Abilities Clause: Evasion abilities are banned
|rule|Sleep Moves Clause: Sleep-inducing moves are banned
|clearpoke
|poke|p1|Slowking, M|
|poke|p1|Glaceon, M|
|poke|p1|Clefable, F|
|poke|p1|Cinccino, F|
|poke|p1|Pecharunt|
|poke|p1|Ursaluna, M|
|poke|p2|Gholdengo|
|poke|p2|Iron Treads|
|poke|p2|Moltres|
|poke|p2|Samurott-Hisui, F|
|poke|p2|Sinistcha|
|poke|p2|Ting-Lu|
|teampreview
|
|t:|1758917683
|teamsize|p1|6
|teamsize|p2|6
|start
|switch|p1a: Clefable|Clefable, F|100/100
|switch|p2a: Samurott|Samurott-Hisui, F|100/100
|turn|1
|
|t:|1758917689
|move|p2a: Samurott|Flip Turn|p1a: Clefable
|-damage|p1a: Clefable|71/100
|
|t:|1758917695
|switch|p2a: Gholdengo|Gholdengo|100/100|[from] Flip Turn
|move|p1a: Clefable|Thunder Wave|p2a: Gholdengo
|-immune|p2a: Gholdengo|[from] ability: Good as Gold
|
|upkeep
|turn|2
|
|t:|1758917702
|switch|p1a: Ursaluna|Ursaluna, M|100/100
|move|p2a: Gholdengo|Make It Rain|p1a: Ursaluna
|-damage|p1a: Ursaluna|27/100
|-unboost|p2a: Gholdengo|spa|1
|
|-status|p1a: Ursaluna|brn|[from] item: Flame Orb
|upkeep
|turn|3
|
|t:|1758917713
|switch|p1a: Slowking|Slowking, M|100/100
|move|p2a: Gholdengo|Make It Rain|p1a: Slowking
|-resisted|p1a: Slowking
|-damage|p1a: Slowking|84/100
|-unboost|p2a: Gholdengo|spa|1
|
|upkeep
|turn|4
|
|t:|1758917724
|switch|p2a: Sinistcha|Sinistcha|100/100
|move|p1a: Slowking|Trick Room|p1a: Slowking
|-fieldstart|move: Trick Room|[of] p1a: Slowking
|
|upkeep
|turn|5
|
|t:|1758917731
|-prepare|p1a: Slowking|Chilly Reception|[premajor]
|move|p1a: Slowking|Chilly Reception|p1a: Slowking
|-weather|Snowscape
|
|t:|1758917734
|switch|p1a: Glaceon|Glaceon, M|100/100|[from] Chilly Reception
|move|p2a: Sinistcha|Calm Mind|p2a: Sinistcha
|-boost|p2a: Sinistcha|spa|1
|-boost|p2a: Sinistcha|spd|1
|
|-weather|Snowscape|[upkeep]
|upkeep
|turn|6
|
|t:|1758917742
|-terastallize|p2a: Sinistcha|Poison
|move|p1a: Glaceon|Calm Mind|p1a: Glaceon
|-boost|p1a: Glaceon|spa|1
|-boost|p1a: Glaceon|spd|1
|move|p2a: Sinistcha|Shadow Ball|p1a: Glaceon
|-damage|p1a: Glaceon|63/100
|
|-weather|Snowscape|[upkeep]
|-heal|p1a: Glaceon|69/100|[from] ability: Ice Body
|-heal|p1a: Glaceon|75/100|[from] item: Leftovers
|upkeep
|turn|7
|
|t:|1758917752
|move|p1a: Glaceon|Calm Mind|p1a: Glaceon
|-boost|p1a: Glaceon|spa|1
|-boost|p1a: Glaceon|spd|1
|move|p2a: Sinistcha|Calm Mind|p2a: Sinistcha
|-boost|p2a: Sinistcha|spa|1
|-boost|p2a: Sinistcha|spd|1
|
|-weather|Snowscape|[upkeep]
|-heal|p1a: Glaceon|81/100|[from] ability: Ice Body
|-heal|p1a: Glaceon|87/100|[from] item: Leftovers
|upkeep
|turn|8
|
|t:|1758917761
|move|p1a: Glaceon|Stored Power|p2a: Sinistcha
|-supereffective|p2a: Sinistcha
|-crit|p2a: Sinistcha
|-damage|p2a: Sinistcha|0 fnt
|faint|p2a: Sinistcha
|
|-weather|Snowscape|[upkeep]
|-heal|p1a: Glaceon|93/100|[from] ability: Ice Body
|-heal|p1a: Glaceon|99/100|[from] item: Leftovers
|-fieldend|move: Trick Room
|upkeep
|
|t:|1758917769
|switch|p2a: Moltres|Moltres|100/100
|turn|9
|
|t:|1758917776
|move|p2a: Moltres|Flamethrower|p1a: Glaceon
|-supereffective|p1a: Glaceon
|-damage|p1a: Glaceon|55/100
|move|p1a: Glaceon|Stored Power|p2a: Moltres
|-damage|p2a: Moltres|42/100
|
|-weather|none
|-heal|p1a: Glaceon|61/100|[from] item: Leftovers
|upkeep
|turn|10
|
|t:|1758917789
|move|p2a: Moltres|Flamethrower|p1a: Glaceon
|-supereffective|p1a: Glaceon
|-damage|p1a: Glaceon|21/100
|move|p1a: Glaceon|Stored Power|p2a: Moltres
|-damage|p2a: Moltres|0 fnt
|faint|p2a: Moltres
|
|-heal|p1a: Glaceon|27/100|[from] item: Leftovers
|upkeep
|
|t:|1758917797
|switch|p2a: Gholdengo|Gholdengo|100/100
|turn|11
|
|t:|1758917805
|move|p2a: Gholdengo|Make It Rain|p1a: Glaceon
|-supereffective|p1a: Glaceon
|-damage|p1a: Glaceon|0 fnt
|-unboost|p2a: Gholdengo|spa|1
|faint|p1a: Glaceon
|
|upkeep
|inactive|Battle timer is ON: inactive players will automatically lose when time's up. (requested by SpikePokemon123)
|
|t:|1758917827
|switch|p1a: Clefable|Clefable, F|71/100
|turn|12
|
|t:|1758917830
|-terastallize|p1a: Clefable|Steel
|move|p2a: Gholdengo|Nasty Plot|p2a: Gholdengo
|-boost|p2a: Gholdengo|spa|2
|move|p1a: Clefable|Fire Blast|p2a: Gholdengo
|-supereffective|p2a: Gholdengo
|-damage|p2a: Gholdengo|1/100
|
|upkeep
|turn|13
|
|t:|1758917840
|move|p2a: Gholdengo|Thunderbolt|p1a: Clefable
|-damage|p1a: Clefable|19/100
|move|p1a: Clefable|Moonblast|p2a: Gholdengo
|-resisted|p2a: Gholdengo
|-damage|p2a: Gholdengo|0 fnt
|faint|p2a: Gholdengo
|
|upkeep
|
|t:|1758917847
|switch|p2a: Ting-Lu|Ting-Lu|100/100
|-ability|p2a: Ting-Lu|Vessel of Ruin
|turn|14
|
|t:|1758917855
|switch|p1a: Pecharunt|Pecharunt|100/100
|-item|p1a: Pecharunt|Air Balloon
|move|p2a: Ting-Lu|Earthquake|p1a: Pecharunt
|-immune|p1a: Pecharunt
|
|upkeep
|turn|15
|
|t:|1758917861
|move|p1a: Pecharunt|Malignant Chain|p2a: Ting-Lu
|-resisted|p2a: Ting-Lu
|-crit|p2a: Ting-Lu
|-damage|p2a: Ting-Lu|91/100
|-status|p2a: Ting-Lu|tox
|-start|p2a: Ting-Lu|confusion|[from] ability: Poison Puppeteer|[of] p1a: Pecharunt
|-activate|p2a: Ting-Lu|confusion
|move|p2a: Ting-Lu|Stealth Rock|p1a: Pecharunt
|-sidestart|p1: RubyTheFox42399|move: Stealth Rock
|
|-heal|p2a: Ting-Lu|97/100 tox|[from] item: Leftovers
|-damage|p2a: Ting-Lu|91/100 tox|[from] psn
|upkeep
|turn|16
|
|t:|1758917871
|switch|p2a: Iron Treads|Iron Treads|100/100
|move|p1a: Pecharunt|Shadow Ball|p2a: Iron Treads
|-damage|p2a: Iron Treads|81/100
|
|upkeep
|turn|17
|
|t:|1758917880
|move|p2a: Iron Treads|Megahorn|p1a: Pecharunt|[miss]
|-miss|p2a: Iron Treads|p1a: Pecharunt
|move|p1a: Pecharunt|Shadow Ball|p2a: Iron Treads
|-damage|p2a: Iron Treads|61/100
|
|upkeep
|turn|18
|
|t:|1758917887
|move|p2a: Iron Treads|Rapid Spin|p1a: Pecharunt
|-immune|p1a: Pecharunt
|move|p1a: Pecharunt|Shadow Ball|p2a: Iron Treads
|-damage|p2a: Iron Treads|41/100
|
|upkeep
|turn|19
|
|t:|1758917894
|move|p2a: Iron Treads|Earthquake|p1a: Pecharunt
|-immune|p1a: Pecharunt
|move|p1a: Pecharunt|Shadow Ball|p2a: Iron Treads
|-damage|p2a: Iron Treads|21/100
|
|upkeep
|turn|20
|-message|SpikePokemon123 forfeited.
|
|win|RubyTheFox42399
|raw|RubyTheFox42399's rating: 1119 &rarr; <strong>1145</strong><br />(+26 for winning)
|raw|SpikePokemon123's rating: 1130 &rarr; <strong>1104</strong><br />(-26 for losing)
|l|☆SpikePokemon123
|player|p2|
|l|☆RubyTheFox42399
|player|p1|
