|badge|p2|bronze|gen9ou|100-6
|html|<div class="broadcast-red"><strong>This battle is required to be public due to one or more player having a season medal.</strong><br />During the public phase, you can discuss the state of the ladder <a href="/seasondiscussion">in a special chatroom.</a></div>
|uhtml|medal-msg|<div class="broadcast-blue">Curious what those medals under the avatar are? PS now has Ladder Seasons! For more information, check out the <a href="https://www.smogon.com/forums/threads/3740067/">thread on Smogon.</a></div>
|raw|<div class="broadcast-blue"><strong>This battle is required to be public due to a player having a name starting with 'medal'.</div>
|j|☆wiggilydiggily
|j|☆sentinental
|t:|1759015161
|gametype|singles
|player|p1|wiggilydiggily|265|1629
|player|p2|sentinental|blue-gen7|1812
|gen|9
|tier|[Gen 9] OU
|rated|
|rule|HP Percentage Mod: HP is shown in percentages
|rule|Endless Battle Clause: Forcing endless battles is banned
|rule|Species Clause: Limit one of each Pokémon
|rule|OHKO Clause: OHKO moves are banned
|rule|Evasion Items Clause: Evasion items are banned
|rule|Evasion Moves Clause: Evasion moves are banned
|rule|Evasion Abilities Clause: Evasion abilities are banned
|rule|Sleep Moves Clause: Sleep-inducing moves are banned
|clearpoke
|poke|p1|Glimmora, F|
|poke|p1|Zamazenta-*|
|poke|p1|Gholdengo|
|poke|p1|Lycanroc-Dusk, F|
|poke|p1|Kyurem|
|poke|p1|Rillaboom, M|
|poke|p2|Weavile, F|
|poke|p2|Primarina, F|
|poke|p2|Moltres|
|poke|p2|Great Tusk|
|poke|p2|Ting-Lu|
|poke|p2|Pecharunt|
|teampreview
|inactive|Battle timer is ON: inactive players will automatically lose when time's up. (requested by sentinental)
|j| amefurikoneko
|
|t:|1759015176
|teamsize|p1|6
|teamsize|p2|6
|start
|switch|p1a: Glimmora|Glimmora, F|100/100
|switch|p2a: Weavile|Weavile, F|100/100
|-ability|p2a: Weavile|Pressure
|turn|1
|
|t:|1759015179
|move|p2a: Weavile|Triple Axel|p1a: Glimmora
|-damage|p1a: Glimmora|83/100
|-activate|p1a: Glimmora|ability: Toxic Debris
|-sidestart|p2: sentinental|move: Toxic Spikes
|-damage|p1a: Glimmora|49/100
|-activate|p1a: Glimmora|ability: Toxic Debris
|-sidestart|p2: sentinental|move: Toxic Spikes
|-damage|p1a: Glimmora|0 fnt
|faint|p1a: Glimmora
|-hitcount|p1: Glimmora|3
|
|upkeep
|j| larp legion
|inactive|wiggilydiggily has 120 seconds left.
|
|t:|1759015222
|switch|p1a: Gholdengo|Gholdengo|100/100
|turn|2
|
|t:|1759015226
|switch|p2a: Pecharunt|Pecharunt|100/100
|-sideend|p2: sentinental|move: Toxic Spikes|[of] p2a: Pecharunt
|move|p1a: Gholdengo|Make It Rain|p2a: Pecharunt
|-damage|p2a: Pecharunt|38/100
|-unboost|p1a: Gholdengo|spa|1
|
|upkeep
|turn|3
|
|t:|1759015229
|switch|p2a: Ting-Lu|Ting-Lu|100/100
|-ability|p2a: Ting-Lu|Vessel of Ruin
|move|p1a: Gholdengo|Make It Rain|p2a: Ting-Lu
|-damage|p2a: Ting-Lu|82/100
|-unboost|p1a: Gholdengo|spa|1
|
|-heal|p2a: Ting-Lu|88/100|[from] item: Leftovers
|upkeep
|turn|4
|
|t:|1759015237
|switch|p1a: Kyurem|Kyurem|100/100
|-ability|p1a: Kyurem|Pressure
|move|p2a: Ting-Lu|Stealth Rock|p1a: Kyurem
|-sidestart|p1: wiggilydiggily|move: Stealth Rock
|
|-heal|p2a: Ting-Lu|94/100|[from] item: Leftovers
|upkeep
|turn|5
|
|t:|1759015241
|switch|p2a: Primarina|Primarina, F|100/100
|move|p1a: Kyurem|Ice Beam|p2a: Primarina
|-resisted|p2a: Primarina
|-damage|p2a: Primarina|74/100
|
|-heal|p2a: Primarina|80/100|[from] item: Leftovers
|upkeep
|turn|6
|
|t:|1759015248
|switch|p1a: Gholdengo|Gholdengo|100/100
|-damage|p1a: Gholdengo|94/100|[from] Stealth Rock
|move|p2a: Primarina|Draining Kiss|p1a: Gholdengo
|-resisted|p1a: Gholdengo
|-damage|p1a: Gholdengo|83/100
|-heal|p2a: Primarina|87/100|[from] drain|[of] p1a: Gholdengo
|
|-heal|p2a: Primarina|93/100|[from] item: Leftovers
|upkeep
|turn|7
|
|t:|1759015257
|switch|p2a: Moltres|Moltres|100/100
|move|p1a: Gholdengo|Make It Rain|p2a: Moltres
|-resisted|p2a: Moltres
|-damage|p2a: Moltres|59/100
|-unboost|p1a: Gholdengo|spa|1
|
|upkeep
|turn|8
|
|t:|1759015264
|switch|p1a: Lycanroc|Lycanroc-Dusk, F|100/100
|-damage|p1a: Lycanroc|88/100|[from] Stealth Rock
|move|p2a: Moltres|Flamethrower|p1a: Lycanroc
|-resisted|p1a: Lycanroc
|-damage|p1a: Lycanroc|52/100
|
|upkeep
|turn|9
|
|t:|1759015275
|switch|p2a: Great Tusk|Great Tusk|100/100
|move|p1a: Lycanroc|Close Combat|p2a: Great Tusk
|-damage|p2a: Great Tusk|49/100
|-unboost|p1a: Lycanroc|def|1
|-unboost|p1a: Lycanroc|spd|1
|
|upkeep
|turn|10
|
|t:|1759015280
|move|p2a: Great Tusk|Headlong Rush|p1a: Lycanroc
|-supereffective|p1a: Lycanroc
|-damage|p1a: Lycanroc|0 fnt
|-unboost|p2a: Great Tusk|def|1
|-unboost|p2a: Great Tusk|spd|1
|faint|p1a: Lycanroc
|
|upkeep
|
|t:|1759015288
|switch|p1a: Kyurem|Kyurem|100/100
|-damage|p1a: Kyurem|76/100|[from] Stealth Rock
|-ability|p1a: Kyurem|Pressure
|turn|11
|
|t:|1759015295
|-end|p2a: Great Tusk|Protosynthesis|[silent]
|switch|p2a: Weavile|Weavile, F|100/100
|-ability|p2a: Weavile|Pressure
|move|p1a: Kyurem|Ice Beam|p2a: Weavile
|-resisted|p2a: Weavile
|-damage|p2a: Weavile|50/100
|
|upkeep
|turn|12
|
|t:|1759015300
|move|p2a: Weavile|Knock Off|p1a: Kyurem
|-damage|p1a: Kyurem|13/100
|-enditem|p1a: Kyurem|Choice Specs|[from] move: Knock Off|[of] p2a: Weavile
|move|p1a: Kyurem|Ice Beam|p2a: Weavile
|-resisted|p2a: Weavile
|-damage|p2a: Weavile|17/100
|
|upkeep
|turn|13
|
|t:|1759015303
|move|p2a: Weavile|Knock Off|p1a: Kyurem
|-damage|p1a: Kyurem|0 fnt
|faint|p1a: Kyurem
|
|upkeep
|
|t:|1759015326
|switch|p1a: Rillaboom|Rillaboom, M|100/100
|-damage|p1a: Rillaboom|88/100|[from] Stealth Rock
|-fieldstart|move: Grassy Terrain|[from] ability: Grassy Surge|[of] p1a: Rillaboom
|turn|14
|
|t:|1759015342
|move|p2a: Weavile|Knock Off|p1a: Rillaboom
|-damage|p1a: Rillaboom|6/100
|-enditem|p1a: Rillaboom|Choice Band|[from] move: Knock Off|[of] p2a: Weavile
|move|p1a: Rillaboom|Knock Off|p2a: Weavile
|-resisted|p2a: Weavile
|-damage|p2a: Weavile|0 fnt
|-enditem|p2a: Weavile|Choice Band|[from] move: Knock Off|[of] p1a: Rillaboom
|faint|p2a: Weavile
|
|-heal|p1a: Rillaboom|13/100|[from] Grassy Terrain
|upkeep
|
|t:|1759015348
|switch|p2a: Moltres|Moltres|59/100
|turn|15
|
|t:|1759015353
|move|p2a: Moltres|Roost|p2a: Moltres
|-heal|p2a: Moltres|100/100
|-singleturn|p2a: Moltres|move: Roost
|move|p1a: Rillaboom|Knock Off|p2a: Moltres
|-damage|p2a: Moltres|62/100
|-enditem|p2a: Moltres|Heavy-Duty Boots|[from] move: Knock Off|[of] p1a: Rillaboom
|
|-heal|p2a: Moltres|68/100|[from] Grassy Terrain
|-heal|p1a: Rillaboom|19/100|[from] Grassy Terrain
|upkeep
|turn|16
|
|t:|1759015359
|switch|p1a: Zamazenta|Zamazenta|100/100
|-damage|p1a: Zamazenta|94/100|[from] Stealth Rock
|-ability|p1a: Zamazenta|Dauntless Shield|boost
|-boost|p1a: Zamazenta|def|1
|move|p2a: Moltres|Flamethrower|p1a: Zamazenta
|-damage|p1a: Zamazenta|54/100
|
|-heal|p1a: Zamazenta|60/100|[from] Grassy Terrain
|upkeep
|turn|17
|
|t:|1759015367
|switch|p2a: Primarina|Primarina, F|93/100
|move|p1a: Zamazenta|Stone Edge|p2a: Primarina
|-damage|p2a: Primarina|56/100
|
|-heal|p1a: Zamazenta|67/100|[from] Grassy Terrain
|-heal|p2a: Primarina|62/100|[from] Grassy Terrain
|-heal|p2a: Primarina|68/100|[from] item: Leftovers
|upkeep
|turn|18
|
|t:|1759015372
|switch|p1a: Gholdengo|Gholdengo|83/100
|-damage|p1a: Gholdengo|77/100|[from] Stealth Rock
|move|p2a: Primarina|Draining Kiss|p1a: Gholdengo
|-resisted|p1a: Gholdengo
|-damage|p1a: Gholdengo|65/100
|-heal|p2a: Primarina|76/100|[from] drain|[of] p1a: Gholdengo
|
|-heal|p1a: Gholdengo|71/100|[from] Grassy Terrain
|-heal|p2a: Primarina|82/100|[from] Grassy Terrain
|-heal|p2a: Primarina|88/100|[from] item: Leftovers
|-fieldend|move: Grassy Terrain
|upkeep
|turn|19
|
|t:|1759015378
|switch|p2a: Ting-Lu|Ting-Lu|94/100
|-ability|p2a: Ting-Lu|Vessel of Ruin
|move|p1a: Gholdengo|Trick|p2a: Ting-Lu
|-activate|p1a: Gholdengo|move: Trick|[of] p2a: Ting-Lu
|-item|p2a: Ting-Lu|Choice Scarf|[from] move: Trick
|-item|p1a: Gholdengo|Leftovers|[from] move: Trick
|
|-heal|p1a: Gholdengo|77/100|[from] item: Leftovers
|upkeep
|turn|20
|
|t:|1759015382
|move|p1a: Gholdengo|Focus Blast|p2a: Ting-Lu
|-supereffective|p2a: Ting-Lu
|-damage|p2a: Ting-Lu|56/100
|move|p2a: Ting-Lu|Earthquake|p1a: Gholdengo
|-supereffective|p1a: Gholdengo
|-damage|p1a: Gholdengo|0 fnt
|faint|p1a: Gholdengo
|
|upkeep
|
|t:|1759015387
|switch|p1a: Rillaboom|Rillaboom, M|19/100
|-damage|p1a: Rillaboom|6/100|[from] Stealth Rock
|-fieldstart|move: Grassy Terrain|[from] ability: Grassy Surge|[of] p1a: Rillaboom
|turn|21
|
|t:|1759015389
|move|p1a: Rillaboom|Wood Hammer|p2a: Ting-Lu
|-supereffective|p2a: Ting-Lu
|-damage|p2a: Ting-Lu|0 fnt
|faint|p2a: Ting-Lu
|-damage|p1a: Rillaboom|0 fnt|[from] Recoil
|faint|p1a: Rillaboom
|
|upkeep
|
|t:|1759015397
|switch|p1a: Zamazenta|Zamazenta|67/100
|switch|p2a: Primarina|Primarina, F|88/100
|-damage|p1a: Zamazenta|60/100|[from] Stealth Rock
|turn|22
|
|t:|1759015404
|move|p1a: Zamazenta|Close Combat|p2a: Primarina
|-resisted|p2a: Primarina
|-crit|p2a: Primarina
|-damage|p2a: Primarina|32/100
|-unboost|p1a: Zamazenta|def|1
|-unboost|p1a: Zamazenta|spd|1
|move|p2a: Primarina|Draining Kiss|p1a: Zamazenta
|-supereffective|p1a: Zamazenta
|-damage|p1a: Zamazenta|0 fnt
|-heal|p2a: Primarina|73/100|[from] drain|[of] p1a: Zamazenta
|faint|p1a: Zamazenta
|
|win|sentinental
|raw|wiggilydiggily's rating: 1629 &rarr; <strong>1619</strong><br />(-10 for losing)
|raw|sentinental's rating: 1812 &rarr; <strong>1822</strong><br />(+10 for winning)
|l|☆wiggilydiggily
|player|p1|
|l|☆sentinental
|player|p2|
|l| larp legion
|l| amefurikoneko
