|badge|p1|bronze|gen9ou|100-6
|html|<div class="broadcast-red"><strong>This battle is required to be public due to one or more player having a season medal.</strong><br />During the public phase, you can discuss the state of the ladder <a href="/seasondiscussion">in a special chatroom.</a></div>
|uhtml|medal-msg|<div class="broadcast-blue">Curious what those medals under the avatar are? PS now has Ladder Seasons! For more information, check out the <a href="https://www.smogon.com/forums/threads/3740067/">thread on Smogon.</a></div>
|raw|<div class="broadcast-blue"><strong>This battle is required to be public due to a player having a name starting with 'medal'.</div>
|j|☆healorant
|j|☆Javi
|t:|1759051267
|gametype|singles
|player|p1|healorant|alder|1846
|player|p2|Javi|#wcop2023spain|1831
|gen|9
|tier|[Gen 9] OU
|rated|
|rule|HP Percentage Mod: HP is shown in percentages
|rule|Endless Battle Clause: Forcing endless battles is banned
|rule|Species Clause: Limit one of each Pokémon
|rule|OHKO Clause: OHKO moves are banned
|rule|Evasion Items Clause: Evasion items are banned
|rule|Evasion Moves Clause: Evasion moves are banned
|rule|Evasion Abilities Clause: Evasion abilities are banned
|rule|Sleep Moves Clause: Sleep-inducing moves are banned
|clearpoke
|poke|p1|Zamazenta-*|
|poke|p1|Rillaboom, M|
|poke|p1|Heatran, F|
|poke|p1|Ting-Lu|
|poke|p1|Raging Bolt|
|poke|p1|Great Tusk|
|poke|p2|Kyurem|
|poke|p2|Tornadus-Therian, M|
|poke|p2|Gholdengo|
|poke|p2|Great Tusk|
|poke|p2|Samurott-Hisui, M|
|poke|p2|Zamazenta-*|
|teampreview
|inactive|Battle timer is ON: inactive players will automatically lose when time's up. (requested by healorant)
|
|t:|1759051282
|teamsize|p1|6
|teamsize|p2|6
|start
|switch|p1a: Raging Bolt|Raging Bolt|100/100
|switch|p2a: Kyurem|Kyurem|100/100
|-ability|p2a: Kyurem|Pressure
|turn|1
|j| heatraniac
|
|t:|1759051290
|-terastallize|p1a: Raging Bolt|Bug
|move|p2a: Kyurem|Ice Beam|p1a: Raging Bolt
|-damage|p1a: Raging Bolt|38/100
|move|p1a: Raging Bolt|Dragon Pulse|p2a: Kyurem
|-supereffective|p2a: Kyurem
|-damage|p2a: Kyurem|11/100
|
|-heal|p1a: Raging Bolt|45/100|[from] item: Leftovers
|upkeep
|turn|2
|
|t:|1759051307
|switch|p2a: Tornadus|Tornadus-Therian, M|100/100
|-end|p1a: Raging Bolt|Protosynthesis|[silent]
|switch|p1a: Heatran|Heatran, F|100/100
|
|upkeep
|turn|3
|
|t:|1759051314
|move|p2a: Tornadus|Knock Off|p1a: Heatran
|-crit|p1a: Heatran
|-damage|p1a: Heatran|77/100
|-enditem|p1a: Heatran|Leftovers|[from] move: Knock Off|[of] p2a: Tornadus
|move|p1a: Heatran|Stealth Rock|p2a: Tornadus
|-sidestart|p2: Javi|move: Stealth Rock
|
|upkeep
|turn|4
|
|t:|1759051317
|move|p2a: Tornadus|U-turn|p1a: Heatran
|-resisted|p1a: Heatran
|-damage|p1a: Heatran|74/100
|
|t:|1759051321
|switch|p2a: Samurott|Samurott-Hisui, M|100/100|[from] U-turn
|-damage|p2a: Samurott|88/100|[from] Stealth Rock
|move|p1a: Heatran|Will-O-Wisp|p2a: Samurott
|-status|p2a: Samurott|brn
|
|-damage|p2a: Samurott|82/100 brn|[from] brn
|upkeep
|turn|5
|
|t:|1759051330
|switch|p1a: Great Tusk|Great Tusk|100/100
|move|p2a: Samurott|Flip Turn|p1a: Great Tusk
|-supereffective|p1a: Great Tusk
|-damage|p1a: Great Tusk|82/100
|
|t:|1759051333
|switch|p2a: Great Tusk|Great Tusk|100/100|[from] Flip Turn
|
|upkeep
|turn|6
|
|t:|1759051336
|move|p1a: Great Tusk|Ice Spinner|p2a: Great Tusk
|-supereffective|p2a: Great Tusk
|-damage|p2a: Great Tusk|56/100
|move|p2a: Great Tusk|Rapid Spin|p1a: Great Tusk
|-damage|p1a: Great Tusk|69/100
|-boost|p2a: Great Tusk|spe|1
|-sideend|p2: Javi|Stealth Rock|[from] move: Rapid Spin|[of] p2a: Great Tusk
|
|upkeep
|turn|7
|
|t:|1759051341
|move|p2a: Great Tusk|Ice Spinner|p1a: Great Tusk
|-supereffective|p1a: Great Tusk
|-damage|p1a: Great Tusk|25/100
|move|p1a: Great Tusk|Ice Spinner|p2a: Great Tusk
|-supereffective|p2a: Great Tusk
|-damage|p2a: Great Tusk|12/100
|
|upkeep
|turn|8
|
|t:|1759051349
|move|p2a: Great Tusk|Ice Spinner|p1a: Great Tusk
|-supereffective|p1a: Great Tusk
|-damage|p1a: Great Tusk|0 fnt
|faint|p1a: Great Tusk
|-end|p1a: Great Tusk|Protosynthesis|[silent]
|
|upkeep
|
|t:|1759051350
|switch|p1a: Rillaboom|Rillaboom, M|100/100
|-fieldstart|move: Grassy Terrain|[from] ability: Grassy Surge|[of] p1a: Rillaboom
|turn|9
|
|t:|1759051358
|-end|p2a: Great Tusk|Protosynthesis|[silent]
|switch|p2a: Tornadus|Tornadus-Therian, M|100/100
|switch|p1a: Heatran|Heatran, F|74/100
|
|-heal|p1a: Heatran|81/100|[from] Grassy Terrain
|upkeep
|turn|10
|
|t:|1759051362
|move|p2a: Tornadus|U-turn|p1a: Heatran
|-resisted|p1a: Heatran
|-damage|p1a: Heatran|77/100
|
|t:|1759051366
|switch|p2a: Great Tusk|Great Tusk|12/100|[from] U-turn
|move|p1a: Heatran|Stealth Rock|p2a: Great Tusk
|-sidestart|p2: Javi|move: Stealth Rock
|
|-heal|p2a: Great Tusk|18/100|[from] Grassy Terrain
|-heal|p1a: Heatran|83/100|[from] Grassy Terrain
|upkeep
|turn|11
|
|t:|1759051376
|switch|p1a: Raging Bolt|Raging Bolt, tera:Bug|45/100
|move|p2a: Great Tusk|Headlong Rush|p1a: Raging Bolt
|-resisted|p1a: Raging Bolt
|-damage|p1a: Raging Bolt|17/100
|-unboost|p2a: Great Tusk|def|1
|-unboost|p2a: Great Tusk|spd|1
|
|-heal|p2a: Great Tusk|24/100|[from] Grassy Terrain
|-heal|p1a: Raging Bolt|23/100|[from] Grassy Terrain
|-heal|p1a: Raging Bolt|29/100|[from] item: Leftovers
|upkeep
|turn|12
|
|t:|1759051390
|move|p2a: Great Tusk|Rapid Spin|p1a: Raging Bolt
|-damage|p1a: Raging Bolt|13/100
|-boost|p2a: Great Tusk|spe|1
|-sideend|p2: Javi|Stealth Rock|[from] move: Rapid Spin|[of] p2a: Great Tusk
|move|p1a: Raging Bolt|Dragon Pulse|p2a: Great Tusk
|-damage|p2a: Great Tusk|0 fnt
|faint|p2a: Great Tusk
|-end|p2a: Great Tusk|Protosynthesis|[silent]
|
|-heal|p1a: Raging Bolt|19/100|[from] Grassy Terrain
|-heal|p1a: Raging Bolt|26/100|[from] item: Leftovers
|upkeep
|
|t:|1759051397
|switch|p2a: Tornadus|Tornadus-Therian, M|100/100
|turn|13
|
|t:|1759051403
|-end|p1a: Raging Bolt|Protosynthesis|[silent]
|switch|p1a: Heatran|Heatran, F|83/100
|move|p2a: Tornadus|Heat Wave|p1a: Heatran
|-start|p1a: Heatran|ability: Flash Fire
|
|-heal|p1a: Heatran|90/100|[from] Grassy Terrain
|-fieldend|move: Grassy Terrain
|upkeep
|turn|14
|
|t:|1759051407
|switch|p2a: Kyurem|Kyurem|11/100
|-ability|p2a: Kyurem|Pressure
|move|p1a: Heatran|Lava Plume|p2a: Kyurem
|-crit|p2a: Kyurem
|-damage|p2a: Kyurem|0 fnt
|faint|p2a: Kyurem
|
|upkeep
|
|t:|1759051410
|switch|p2a: Zamazenta|Zamazenta|100/100
|-ability|p2a: Zamazenta|Dauntless Shield|boost
|-boost|p2a: Zamazenta|def|1
|turn|15
|
|t:|1759051418
|-terastallize|p2a: Zamazenta|Fire
|move|p2a: Zamazenta|Iron Defense|p2a: Zamazenta
|-boost|p2a: Zamazenta|def|2
|move|p1a: Heatran|Will-O-Wisp|p2a: Zamazenta|[miss]
|-miss|p1a: Heatran|p2a: Zamazenta
|
|upkeep
|turn|16
|
|t:|1759051421
|move|p2a: Zamazenta|Body Press|p1a: Heatran
|-supereffective|p1a: Heatran
|-damage|p1a: Heatran|0 fnt
|faint|p1a: Heatran
|
|upkeep
|
|t:|1759051428
|switch|p1a: Zamazenta|Zamazenta|100/100
|-ability|p1a: Zamazenta|Dauntless Shield|boost
|-boost|p1a: Zamazenta|def|1
|turn|17
|
|t:|1759051430
|move|p1a: Zamazenta|Close Combat|p2a: Zamazenta
|-damage|p2a: Zamazenta|78/100
|-unboost|p1a: Zamazenta|def|1
|-unboost|p1a: Zamazenta|spd|1
|-damage|p1a: Zamazenta|91/100|[from] item: Life Orb
|move|p2a: Zamazenta|Body Press|p1a: Zamazenta
|-damage|p1a: Zamazenta|9/100
|
|-heal|p2a: Zamazenta|85/100|[from] item: Leftovers
|upkeep
|turn|18
|
|t:|1759051433
|move|p1a: Zamazenta|Close Combat|p2a: Zamazenta
|-damage|p2a: Zamazenta|63/100
|-unboost|p1a: Zamazenta|def|1
|-unboost|p1a: Zamazenta|spd|1
|-damage|p1a: Zamazenta|0 fnt|[from] item: Life Orb
|faint|p1a: Zamazenta
|move|p2a: Zamazenta|Body Press|p1: Zamazenta|[notarget]
|-fail|p2a: Zamazenta
|
|-heal|p2a: Zamazenta|69/100|[from] item: Leftovers
|upkeep
|
|t:|1759051436
|switch|p1a: Ting-Lu|Ting-Lu|100/100
|-ability|p1a: Ting-Lu|Vessel of Ruin
|turn|19
|
|t:|1759051438
|move|p2a: Zamazenta|Body Press|p1a: Ting-Lu
|-supereffective|p1a: Ting-Lu
|-damage|p1a: Ting-Lu|1/100
|move|p1a: Ting-Lu|Whirlwind|p2a: Zamazenta
|drag|p2a: Samurott|Samurott-Hisui, M|82/100 brn
|
|-heal|p1a: Ting-Lu|8/100|[from] item: Leftovers
|-damage|p2a: Samurott|76/100 brn|[from] brn
|upkeep
|turn|20
|
|t:|1759051444
|move|p2a: Samurott|Flip Turn|p1a: Ting-Lu
|-supereffective|p1a: Ting-Lu
|-damage|p1a: Ting-Lu|0 fnt
|faint|p1a: Ting-Lu
|
|t:|1759051446
|switch|p2a: Tornadus|Tornadus-Therian, M|100/100|[from] Flip Turn
|
|upkeep
|
|t:|1759051452
|switch|p1a: Raging Bolt|Raging Bolt, tera:Bug|26/100
|turn|21
|
|t:|1759051455
|move|p2a: Tornadus|Heat Wave|p1a: Raging Bolt
|-supereffective|p1a: Raging Bolt
|-damage|p1a: Raging Bolt|0 fnt
|faint|p1a: Raging Bolt
|-end|p1a: Raging Bolt|Protosynthesis|[silent]
|
|upkeep
|
|t:|1759051457
|switch|p1a: Rillaboom|Rillaboom, M|100/100
|-fieldstart|move: Grassy Terrain|[from] ability: Grassy Surge|[of] p1a: Rillaboom
|turn|22
|j| locked in bro
|
|t:|1759051459
|move|p2a: Tornadus|Bleakwind Storm|p1a: Rillaboom
|-supereffective|p1a: Rillaboom
|-damage|p1a: Rillaboom|9/100
|move|p1a: Rillaboom|Swords Dance|p1a: Rillaboom
|-boost|p1a: Rillaboom|atk|2
|
|-heal|p1a: Rillaboom|15/100|[from] Grassy Terrain
|-heal|p1a: Rillaboom|21/100|[from] item: Leftovers
|upkeep
|turn|23
|
|t:|1759051464
|move|p1a: Rillaboom|Grassy Glide|p2a: Tornadus
|-resisted|p2a: Tornadus
|-damage|p2a: Tornadus|53/100
|move|p2a: Tornadus|U-turn|p1a: Rillaboom
|-supereffective|p1a: Rillaboom
|-damage|p1a: Rillaboom|0 fnt
|faint|p1a: Rillaboom
|
|win|Javi
|raw|healorant's rating: 1846 &rarr; <strong>1825</strong><br />(-21 for losing)
|raw|Javi's rating: 1831 &rarr; <strong>1852</strong><br />(+21 for winning)
|l|☆healorant
|player|p1|
|l| heatraniac
|l|☆Javi
|player|p2|
