|j|☆Gamma 2 The Hero
|j|☆ydhsjw
|t:|1758997363
|gametype|singles
|player|p1|Gamma 2 The Hero|1|1156
|player|p2|ydhsjw|red|1111
|gen|9
|tier|[Gen 9] OU
|rated|
|rule|HP Percentage Mod: HP is shown in percentages
|rule|Endless Battle Clause: Forcing endless battles is banned
|rule|Species Clause: Limit one of each Pokémon
|rule|OHKO Clause: OHKO moves are banned
|rule|Evasion Items Clause: Evasion items are banned
|rule|Evasion Moves Clause: Evasion moves are banned
|rule|Evasion Abilities Clause: Evasion abilities are banned
|rule|Sleep Moves Clause: Sleep-inducing moves are banned
|clearpoke
|poke|p1|Regidrago|
|poke|p1|Tornadus, M|
|poke|p1|Iron Moth|
|poke|p1|Iron Crown|
|poke|p1|Raging Bolt|
|poke|p1|Alomomola, F|
|poke|p2|Dondozo, F|
|poke|p2|Blissey, F|
|poke|p2|Corviknight, M|
|poke|p2|Weezing-Galar, F|
|poke|p2|Gliscor, F|
|poke|p2|Toxapex, F|
|teampreview
|inactive|Battle timer is ON: inactive players will automatically lose when time's up. (requested by ydhsjw)
|
|t:|1758997404
|teamsize|p1|6
|teamsize|p2|6
|start
|switch|p1a: Regidrago|Regidrago, shiny|100/100
|switch|p2a: Gliscor|Gliscor, F|100/100
|turn|1
|
|t:|1758997417
|move|p1a: Regidrago|Dragon Energy|p2a: Gliscor
|-damage|p2a: Gliscor|0 fnt
|faint|p2a: Gliscor
|
|upkeep
|
|t:|1758997426
|switch|p2a: Blissey|Blissey, F|100/100
|turn|2
|
|t:|1758997438
|move|p1a: Regidrago|Dragon Energy|p2a: Blissey
|-damage|p2a: Blissey|56/100
|move|p2a: Blissey|Stealth Rock|p1a: Regidrago
|-sidestart|p1: Gamma 2 The Hero|move: Stealth Rock
|
|-heal|p2a: Blissey|63/100|[from] item: Leftovers
|upkeep
|turn|3
|
|t:|1758997442
|move|p1a: Regidrago|Dragon Energy|p2a: Blissey
|-damage|p2a: Blissey|19/100
|move|p2a: Blissey|Soft-Boiled|p2a: Blissey
|-heal|p2a: Blissey|69/100
|
|-heal|p2a: Blissey|75/100|[from] item: Leftovers
|upkeep
|turn|4
|
|t:|1758997456
|switch|p1a: Iron Moth|Iron Moth|100/100
|-damage|p1a: Iron Moth|76/100|[from] Stealth Rock
|move|p2a: Blissey|Soft-Boiled|p2a: Blissey
|-heal|p2a: Blissey|100/100
|
|upkeep
|turn|5
|
|t:|1758997461
|move|p1a: Iron Moth|Fiery Dance|p2a: Blissey
|-damage|p2a: Blissey|87/100
|-boost|p1a: Iron Moth|spa|1
|move|p2a: Blissey|Seismic Toss|p1a: Iron Moth
|-damage|p1a: Iron Moth|42/100
|
|-heal|p2a: Blissey|93/100|[from] item: Leftovers
|upkeep
|turn|6
|
|t:|1758997467
|move|p1a: Iron Moth|Fiery Dance|p2a: Blissey
|-damage|p2a: Blissey|71/100
|-boost|p1a: Iron Moth|spa|1
|move|p2a: Blissey|Seismic Toss|p1a: Iron Moth
|-damage|p1a: Iron Moth|9/100
|
|-heal|p2a: Blissey|77/100|[from] item: Leftovers
|upkeep
|turn|7
|
|t:|1758997485
|move|p1a: Iron Moth|Sludge Wave|p2a: Blissey
|-damage|p2a: Blissey|47/100
|move|p2a: Blissey|Seismic Toss|p1a: Iron Moth
|-damage|p1a: Iron Moth|0 fnt
|faint|p1a: Iron Moth
|-end|p1a: Iron Moth|Quark Drive|[silent]
|
|-heal|p2a: Blissey|54/100|[from] item: Leftovers
|upkeep
|
|t:|1758997495
|switch|p1a: Tornadus|Tornadus, M|100/100
|-damage|p1a: Tornadus|76/100|[from] Stealth Rock
|turn|8
|
|t:|1758997509
|switch|p2a: Weezing|Weezing-Galar, F|100/100
|-ability|p2a: Weezing|Neutralizing Gas
|move|p1a: Tornadus|Taunt|p2a: Weezing
|-start|p2a: Weezing|move: Taunt
|
|upkeep
|turn|9
|
|t:|1758997529
|move|p1a: Tornadus|Tailwind|p1a: Tornadus
|-sidestart|p1: Gamma 2 The Hero|move: Tailwind
|move|p2a: Weezing|Strange Steam|p1a: Tornadus
|-damage|p1a: Tornadus|46/100
|-enditem|p1a: Tornadus|Eject Button
|
|t:|1758997548
|switch|p1a: Iron Crown|Iron Crown|100/100
|-damage|p1a: Iron Crown|94/100|[from] Stealth Rock
|
|upkeep
|turn|10
|
|t:|1758997558
|-end|p2a: Weezing|ability: Neutralizing Gas
|switch|p2a: Corviknight|Corviknight, M|100/100
|-ability|p2a: Corviknight|Pressure
|move|p1a: Iron Crown|Tachyon Cutter|p2a: Corviknight
|-resisted|p2a: Corviknight
|-damage|p2a: Corviknight|88/100
|-resisted|p2a: Corviknight
|-damage|p2a: Corviknight|76/100
|-hitcount|p2a: Corviknight|2
|
|-heal|p2a: Corviknight|83/100|[from] item: Leftovers
|upkeep
|turn|11
|inactive|Gamma 2 The Hero has 120 seconds left.
|
|t:|1758997591
|-end|p1a: Iron Crown|Quark Drive|[silent]
|switch|p1a: Tornadus|Tornadus, M|46/100
|-damage|p1a: Tornadus|21/100|[from] Stealth Rock
|move|p2a: Corviknight|Iron Defense|p2a: Corviknight
|-boost|p2a: Corviknight|def|2
|
|-heal|p2a: Corviknight|89/100|[from] item: Leftovers
|upkeep
|turn|12
|inactive|Gamma 2 The Hero has 120 seconds left.
|
|t:|1758997599
|move|p1a: Tornadus|Taunt|p2a: Corviknight
|-start|p2a: Corviknight|move: Taunt
|move|p2a: Corviknight|Body Press|p1a: Tornadus
|-resisted|p1a: Tornadus
|-damage|p1a: Tornadus|0 fnt
|faint|p1a: Tornadus
|
|-heal|p2a: Corviknight|95/100|[from] item: Leftovers
|-sideend|p1: Gamma 2 The Hero|move: Tailwind
|upkeep
|
|t:|1758997604
|switch|p1a: Raging Bolt|Raging Bolt|100/100
|-damage|p1a: Raging Bolt|88/100|[from] Stealth Rock
|turn|13
|
|t:|1758997613
|switch|p2a: Blissey|Blissey, F|54/100
|move|p1a: Raging Bolt|Thunderbolt|p2a: Blissey
|-damage|p2a: Blissey|37/100
|
|-heal|p2a: Blissey|43/100|[from] item: Leftovers
|upkeep
|turn|14
|
|t:|1758997621
|move|p1a: Raging Bolt|Thunderbolt|p2a: Blissey
|-damage|p2a: Blissey|28/100
|move|p2a: Blissey|Soft-Boiled|p2a: Blissey
|-heal|p2a: Blissey|78/100
|
|-heal|p2a: Blissey|84/100|[from] item: Leftovers
|upkeep
|turn|15
|
|t:|1758997625
|move|p1a: Raging Bolt|Thunderbolt|p2a: Blissey
|-damage|p2a: Blissey|69/100
|move|p2a: Blissey|Seismic Toss|p1a: Raging Bolt
|-damage|p1a: Raging Bolt|66/100
|
|-heal|p2a: Blissey|76/100|[from] item: Leftovers
|upkeep
|turn|16
|
|t:|1758997627
|move|p1a: Raging Bolt|Thunderbolt|p2a: Blissey
|-damage|p2a: Blissey|60/100
|move|p2a: Blissey|Soft-Boiled|p2a: Blissey
|-heal|p2a: Blissey|100/100
|
|upkeep
|turn|17
|
|t:|1758997629
|move|p1a: Raging Bolt|Thunderbolt|p2a: Blissey
|-damage|p2a: Blissey|85/100
|-status|p2a: Blissey|par
|move|p2a: Blissey|Seismic Toss|p1a: Raging Bolt
|-damage|p1a: Raging Bolt|44/100
|
|-heal|p2a: Blissey|91/100 par|[from] item: Leftovers
|upkeep
|turn|18
|
|t:|1758997632
|move|p1a: Raging Bolt|Volt Switch|p2a: Blissey
|-damage|p2a: Blissey|79/100 par
|
|t:|1758997634
|-end|p1a: Raging Bolt|Protosynthesis|[silent]
|switch|p1a: Alomomola|Alomomola, F|100/100|[from] Volt Switch
|move|p2a: Blissey|Seismic Toss|p1a: Alomomola
|-damage|p1a: Alomomola|82/100
|
|-heal|p2a: Blissey|85/100 par|[from] item: Leftovers
|upkeep
|turn|19
|
|t:|1758997646
|-curestatus|p2a: Blissey|par|[from] ability: Natural Cure
|switch|p2a: Toxapex|Toxapex, F|100/100
|move|p1a: Alomomola|Wish|p1a: Alomomola
|
|upkeep
|turn|20
|
|t:|1758997658
|move|p1a: Alomomola|Flip Turn|p2a: Toxapex
|-resisted|p2a: Toxapex
|-damage|p2a: Toxapex|94/100
|
|t:|1758997672
|switch|p1a: Raging Bolt|Raging Bolt|44/100|[from] Flip Turn
|-damage|p1a: Raging Bolt|32/100|[from] Stealth Rock
|move|p2a: Toxapex|Toxic Spikes|p1a: Raging Bolt
|-sidestart|p1: Gamma 2 The Hero|move: Toxic Spikes
|
|-heal|p1a: Raging Bolt|91/100|[from] move: Wish|[wisher] Alomomola
|-heal|p2a: Toxapex|99/100|[from] item: Leftovers
|upkeep
|turn|21
|
|t:|1758997681
|switch|p2a: Blissey|Blissey, F|85/100
|move|p1a: Raging Bolt|Thunderbolt|p2a: Blissey
|-damage|p2a: Blissey|70/100
|
|-heal|p2a: Blissey|77/100|[from] item: Leftovers
|upkeep
|turn|22
|
|t:|1758997689
|move|p1a: Raging Bolt|Thunderbolt|p2a: Blissey
|-damage|p2a: Blissey|63/100
|move|p2a: Blissey|Calm Mind|p2a: Blissey
|-boost|p2a: Blissey|spa|1
|-boost|p2a: Blissey|spd|1
|
|-heal|p2a: Blissey|69/100|[from] item: Leftovers
|upkeep
|turn|23
|
|t:|1758997692
|move|p1a: Raging Bolt|Thunderbolt|p2a: Blissey
|-damage|p2a: Blissey|59/100
|-status|p2a: Blissey|par
|cant|p2a: Blissey|par
|
|-heal|p2a: Blissey|65/100 par|[from] item: Leftovers
|upkeep
|turn|24
|
|t:|1758997697
|move|p1a: Raging Bolt|Thunderbolt|p2a: Blissey
|-damage|p2a: Blissey|55/100 par
|move|p2a: Blissey|Soft-Boiled|p2a: Blissey
|-heal|p2a: Blissey|100/100 par
|
|upkeep
|turn|25
|
|t:|1758997699
|move|p1a: Raging Bolt|Thunderbolt|p2a: Blissey
|-damage|p2a: Blissey|91/100 par
|move|p2a: Blissey|Seismic Toss|p1a: Raging Bolt
|-damage|p1a: Raging Bolt|69/100
|
|-heal|p2a: Blissey|98/100 par|[from] item: Leftovers
|upkeep
|turn|26
|
|t:|1758997703
|move|p1a: Raging Bolt|Volt Switch|p2a: Blissey
|-damage|p2a: Blissey|90/100 par
|
|t:|1758997707
|-end|p1a: Raging Bolt|Protosynthesis|[silent]
|switch|p1a: Alomomola|Alomomola, F|100/100|[from] Volt Switch
|move|p2a: Blissey|Seismic Toss|p1a: Alomomola
|-damage|p1a: Alomomola|82/100
|
|-heal|p2a: Blissey|97/100 par|[from] item: Leftovers
|upkeep
|turn|27
|
|t:|1758997716
|-curestatus|p2a: Blissey|par|[from] ability: Natural Cure
|switch|p2a: Toxapex|Toxapex, F|100/100
|move|p1a: Alomomola|Wish|p1a: Alomomola
|
|upkeep
|turn|28
|
|t:|1758997737
|move|p1a: Alomomola|Flip Turn|p2a: Toxapex
|-resisted|p2a: Toxapex
|-damage|p2a: Toxapex|94/100
|
|t:|1758997739
|switch|p1a: Raging Bolt|Raging Bolt|69/100|[from] Flip Turn
|-damage|p1a: Raging Bolt|56/100|[from] Stealth Rock
|-status|p1a: Raging Bolt|psn
|move|p2a: Toxapex|Toxic Spikes|p1a: Raging Bolt
|-sidestart|p1: Gamma 2 The Hero|move: Toxic Spikes
|
|-heal|p1a: Raging Bolt|100/100 psn|[from] move: Wish|[wisher] Alomomola
|-heal|p2a: Toxapex|99/100|[from] item: Leftovers
|-damage|p1a: Raging Bolt|88/100 psn|[from] psn
|upkeep
|turn|29
|
|t:|1758997748
|switch|p2a: Blissey|Blissey, F|97/100
|move|p1a: Raging Bolt|Thunderbolt|p2a: Blissey
|-damage|p2a: Blissey|81/100
|
|-heal|p2a: Blissey|87/100|[from] item: Leftovers
|-damage|p1a: Raging Bolt|76/100 psn|[from] psn
|upkeep
|turn|30
|
|t:|1758997754
|move|p1a: Raging Bolt|Thunderbolt|p2a: Blissey
|-damage|p2a: Blissey|73/100
|move|p2a: Blissey|Calm Mind|p2a: Blissey
|-boost|p2a: Blissey|spa|1
|-boost|p2a: Blissey|spd|1
|
|-heal|p2a: Blissey|79/100|[from] item: Leftovers
|-damage|p1a: Raging Bolt|63/100 psn|[from] psn
|upkeep
|turn|31
|
|t:|1758997758
|move|p1a: Raging Bolt|Thunderbolt|p2a: Blissey
|-damage|p2a: Blissey|70/100
|-status|p2a: Blissey|par
|move|p2a: Blissey|Seismic Toss|p1a: Raging Bolt
|-damage|p1a: Raging Bolt|41/100 psn
|
|-heal|p2a: Blissey|76/100 par|[from] item: Leftovers
|-damage|p1a: Raging Bolt|29/100 psn|[from] psn
|upkeep
|turn|32
|
|t:|1758997761
|move|p1a: Raging Bolt|Volt Switch|p2a: Blissey
|-damage|p2a: Blissey|69/100 par
|
|t:|1758997763
|-end|p1a: Raging Bolt|Protosynthesis|[silent]
|switch|p1a: Alomomola|Alomomola, F|100/100|[from] Volt Switch
|move|p2a: Blissey|Soft-Boiled|p2a: Blissey
|-heal|p2a: Blissey|100/100 par
|
|upkeep
|turn|33
|
|t:|1758997766
|-curestatus|p2a: Blissey|par|[from] ability: Natural Cure
|switch|p2a: Toxapex|Toxapex, F|100/100
|move|p1a: Alomomola|Wish|p1a: Alomomola
|
|upkeep
|turn|34
|
|t:|1758997778
|switch|p1a: Raging Bolt|Raging Bolt|29/100 psn
|-damage|p1a: Raging Bolt|17/100 psn|[from] Stealth Rock
|move|p2a: Toxapex|Toxic||[still]
|-fail|p2a: Toxapex
|
|-heal|p1a: Raging Bolt|76/100 psn|[from] move: Wish|[wisher] Alomomola
|-damage|p1a: Raging Bolt|63/100 psn|[from] psn
|upkeep
|turn|35
|
|t:|1758997785
|-end|p1a: Raging Bolt|Protosynthesis|[silent]
|switch|p1a: Alomomola|Alomomola, F|100/100
|switch|p2a: Blissey|Blissey, F|100/100
|
|upkeep
|turn|36
|
|t:|1758997801
|switch|p2a: Weezing|Weezing-Galar, F|100/100
|-ability|p2a: Weezing|Neutralizing Gas
|move|p1a: Alomomola|Wish|p1a: Alomomola
|
|upkeep
|turn|37
|
|t:|1758997813
|move|p2a: Weezing|Strange Steam|p1a: Alomomola
|-damage|p1a: Alomomola|66/100
|-start|p1a: Alomomola|confusion
|-activate|p1a: Alomomola|confusion
|move|p1a: Alomomola|Flip Turn|p2a: Weezing
|-damage|p2a: Weezing|89/100
|
|t:|1758997816
|switch|p1a: Raging Bolt|Raging Bolt|63/100 psn|[from] Flip Turn
|-damage|p1a: Raging Bolt|51/100 psn|[from] Stealth Rock
|
|-heal|p1a: Raging Bolt|100/100 psn|[from] move: Wish|[wisher] Alomomola
|-damage|p1a: Raging Bolt|88/100 psn|[from] psn
|upkeep
|turn|38
|
|t:|1758997825
|-end|p2a: Weezing|ability: Neutralizing Gas
|switch|p2a: Blissey|Blissey, F|100/100
|move|p1a: Raging Bolt|Volt Switch|p2a: Blissey
|-damage|p2a: Blissey|89/100
|
|t:|1758997831
|-end|p1a: Raging Bolt|Protosynthesis|[silent]
|switch|p1a: Regidrago|Regidrago, shiny|100/100|[from] Volt Switch
|-damage|p1a: Regidrago|88/100|[from] Stealth Rock
|-status|p1a: Regidrago|tox
|
|-heal|p2a: Blissey|95/100|[from] item: Leftovers
|-damage|p1a: Regidrago|82/100 tox|[from] psn
|upkeep
|turn|39
|
|t:|1758997837
|switch|p2a: Weezing|Weezing-Galar, F|89/100
|-ability|p2a: Weezing|Neutralizing Gas
|move|p1a: Regidrago|Dragon Energy|p2a: Weezing
|-immune|p2a: Weezing
|
|-damage|p1a: Regidrago|70/100 tox|[from] psn
|upkeep
|turn|40
|
|t:|1758997844
|switch|p1a: Iron Crown|Iron Crown|94/100
|-damage|p1a: Iron Crown|88/100|[from] Stealth Rock
|move|p2a: Weezing|Strange Steam|p1a: Iron Crown
|-resisted|p1a: Iron Crown
|-damage|p1a: Iron Crown|75/100
|-start|p1a: Iron Crown|confusion
|
|upkeep
|turn|41
|
|t:|1758997854
|-end|p1a: Iron Crown|Quark Drive|[silent]
|switch|p1a: Alomomola|Alomomola, F|66/100
|-end|p2a: Weezing|ability: Neutralizing Gas
|switch|p2a: Corviknight|Corviknight, M|95/100
|-ability|p2a: Corviknight|Pressure
|
|-heal|p2a: Corviknight|100/100|[from] item: Leftovers
|upkeep
|turn|42
|
|t:|1758997866
|switch|p2a: Weezing|Weezing-Galar, F|89/100
|-ability|p2a: Weezing|Neutralizing Gas
|move|p1a: Alomomola|Wish|p1a: Alomomola
|
|upkeep
|turn|43
|
|t:|1758997873
|move|p2a: Weezing|Will-O-Wisp|p1a: Alomomola
|-status|p1a: Alomomola|brn
|move|p1a: Alomomola|Flip Turn|p2a: Weezing
|-damage|p2a: Weezing|84/100
|
|t:|1758997882
|switch|p1a: Iron Crown|Iron Crown|75/100|[from] Flip Turn
|-damage|p1a: Iron Crown|69/100|[from] Stealth Rock
|
|-heal|p1a: Iron Crown|100/100|[from] move: Wish|[wisher] Alomomola
|upkeep
|turn|44
|
|t:|1758997889
|-end|p2a: Weezing|ability: Neutralizing Gas
|switch|p2a: Toxapex|Toxapex, F|100/100
|move|p1a: Iron Crown|Volt Switch|p2a: Toxapex
|-supereffective|p2a: Toxapex
|-damage|p2a: Toxapex|72/100
|
|t:|1758997891
|-end|p1a: Iron Crown|Quark Drive|[silent]
|switch|p1a: Raging Bolt|Raging Bolt|88/100 psn|[from] Volt Switch
|-damage|p1a: Raging Bolt|76/100 psn|[from] Stealth Rock
|
|-heal|p2a: Toxapex|78/100|[from] item: Leftovers
|-damage|p1a: Raging Bolt|63/100 psn|[from] psn
|upkeep
|turn|45
|
|t:|1758997899
|switch|p2a: Blissey|Blissey, F|95/100
|move|p1a: Raging Bolt|Volt Switch|p2a: Blissey
|-damage|p2a: Blissey|83/100
|
|t:|1758997902
|-end|p1a: Raging Bolt|Protosynthesis|[silent]
|switch|p1a: Regidrago|Regidrago, shiny|70/100 tox|[from] Volt Switch
|-damage|p1a: Regidrago|57/100 tox|[from] Stealth Rock
|
|-heal|p2a: Blissey|90/100|[from] item: Leftovers
|-damage|p1a: Regidrago|51/100 tox|[from] psn
|upkeep
|turn|46
|
|t:|1758997908
|switch|p2a: Weezing|Weezing-Galar, F|84/100
|-ability|p2a: Weezing|Neutralizing Gas
|move|p1a: Regidrago|Earth Power|p2a: Weezing
|-supereffective|p2a: Weezing
|-damage|p2a: Weezing|0 fnt
|faint|p2a: Weezing
|-end|p2a: Weezing|ability: Neutralizing Gas
|
|-damage|p1a: Regidrago|39/100 tox|[from] psn
|upkeep
|
|t:|1758997921
|switch|p2a: Corviknight|Corviknight, M|100/100
|-ability|p2a: Corviknight|Pressure
|turn|47
|
|t:|1758997925
|switch|p1a: Alomomola|Alomomola, F|66/100 brn
|move|p2a: Corviknight|Iron Defense|p2a: Corviknight
|-boost|p2a: Corviknight|def|2
|
|-damage|p1a: Alomomola|59/100 brn|[from] brn
|upkeep
|turn|48
|
|t:|1758997933
|move|p2a: Corviknight|Iron Defense|p2a: Corviknight
|-boost|p2a: Corviknight|def|2
|move|p1a: Alomomola|Wish|p1a: Alomomola
|
|-damage|p1a: Alomomola|53/100 brn|[from] brn
|upkeep
|turn|49
|
|t:|1758997939
|-terastallize|p2a: Corviknight|Fighting
|move|p1a: Alomomola|Protect|p1a: Alomomola
|-singleturn|p1a: Alomomola|Protect
|move|p2a: Corviknight|Body Press|p1a: Alomomola
|-activate|p1a: Alomomola|move: Protect
|
|-heal|p1a: Alomomola|100/100 brn|[from] move: Wish|[wisher] Alomomola
|-damage|p1a: Alomomola|94/100 brn|[from] brn
|upkeep
|turn|50
|
|t:|1758997944
|move|p2a: Corviknight|Iron Defense|p2a: Corviknight
|-boost|p2a: Corviknight|def|2
|move|p1a: Alomomola|Wish|p1a: Alomomola
|
|-damage|p1a: Alomomola|88/100 brn|[from] brn
|upkeep
|turn|51
|
|t:|1758997948
|move|p2a: Corviknight|Body Press|p1a: Alomomola
|-damage|p1a: Alomomola|8/100 brn
|move|p1a: Alomomola|Flip Turn|p2a: Corviknight
|-damage|p2a: Corviknight|99/100
|
|t:|1758997956
|switch|p1a: Regidrago|Regidrago, shiny|39/100 tox|[from] Flip Turn
|-damage|p1a: Regidrago|27/100 tox|[from] Stealth Rock
|
|-heal|p1a: Regidrago|76/100 tox|[from] move: Wish|[wisher] Alomomola
|-heal|p2a: Corviknight|100/100|[from] item: Leftovers
|-damage|p1a: Regidrago|70/100 tox|[from] psn
|upkeep
|turn|52
|
|t:|1758997963
|switch|p2a: Blissey|Blissey, F|90/100
|move|p1a: Regidrago|Draco Meteor|p2a: Blissey
|-damage|p2a: Blissey|50/100
|-unboost|p1a: Regidrago|spa|2
|
|-heal|p2a: Blissey|56/100|[from] item: Leftovers
|-damage|p1a: Regidrago|58/100 tox|[from] psn
|upkeep
|turn|53
|
|t:|1758997971
|switch|p1a: Alomomola|Alomomola, F|41/100 brn
|move|p2a: Blissey|Soft-Boiled|p2a: Blissey
|-heal|p2a: Blissey|100/100
|
|-damage|p1a: Alomomola|35/100 brn|[from] brn
|upkeep
|turn|54
|
|t:|1758997973
|move|p2a: Blissey|Seismic Toss|p1a: Alomomola
|-damage|p1a: Alomomola|16/100 brn
|move|p1a: Alomomola|Wish|p1a: Alomomola
|
|-damage|p1a: Alomomola|10/100 brn|[from] brn
|upkeep
|turn|55
|
|t:|1758997982
|switch|p2a: Corviknight|Corviknight, M, tera:Fighting|100/100
|-ability|p2a: Corviknight|Pressure
|move|p1a: Alomomola|Protect||[still]
|-fail|p1a: Alomomola
|
|-heal|p1a: Alomomola|60/100 brn|[from] move: Wish|[wisher] Alomomola
|-damage|p1a: Alomomola|54/100 brn|[from] brn
|upkeep
|turn|56
|
|t:|1758997989
|move|p2a: Corviknight|Iron Defense|p2a: Corviknight
|-boost|p2a: Corviknight|def|2
|move|p1a: Alomomola|Wish|p1a: Alomomola
|
|-damage|p1a: Alomomola|48/100 brn|[from] brn
|upkeep
|turn|57
|
|t:|1758997998
|move|p2a: Corviknight|Iron Defense|p2a: Corviknight
|-boost|p2a: Corviknight|def|2
|move|p1a: Alomomola|Scald|p2a: Corviknight
|-crit|p2a: Corviknight
|-damage|p2a: Corviknight|79/100
|
|-heal|p1a: Alomomola|98/100 brn|[from] move: Wish|[wisher] Alomomola
|-heal|p2a: Corviknight|86/100|[from] item: Leftovers
|-damage|p1a: Alomomola|92/100 brn|[from] brn
|upkeep
|turn|58
|
|t:|1758998003
|move|p2a: Corviknight|Body Press|p1a: Alomomola
|-damage|p1a: Alomomola|29/100 brn
|move|p1a: Alomomola|Wish|p1a: Alomomola
|
|-heal|p2a: Corviknight|92/100|[from] item: Leftovers
|-damage|p1a: Alomomola|23/100 brn|[from] brn
|upkeep
|turn|59
|
|t:|1758998017
|-terastallize|p1a: Alomomola|Ghost
|move|p2a: Corviknight|Iron Defense|p2a: Corviknight
|-boost|p2a: Corviknight|def|2
|move|p1a: Alomomola|Scald|p2a: Corviknight
|-damage|p2a: Corviknight|79/100
|
|-heal|p1a: Alomomola|73/100 brn|[from] move: Wish|[wisher] Alomomola
|-heal|p2a: Corviknight|85/100|[from] item: Leftovers
|-damage|p1a: Alomomola|67/100 brn|[from] brn
|upkeep
|turn|60
|
|t:|1758998035
|switch|p2a: Toxapex|Toxapex, F|100/100
|move|p1a: Alomomola|Wish|p1a: Alomomola
|
|-damage|p1a: Alomomola|61/100 brn|[from] brn
|upkeep
|turn|61
|
|t:|1758998045
|move|p1a: Alomomola|Flip Turn|p2a: Toxapex
|-resisted|p2a: Toxapex
|-damage|p2a: Toxapex|97/100
|
|t:|1758998048
|switch|p1a: Raging Bolt|Raging Bolt|63/100 psn|[from] Flip Turn
|-damage|p1a: Raging Bolt|51/100 psn|[from] Stealth Rock
|move|p2a: Toxapex|Haze|p2a: Toxapex
|-clearallboost
|
|-heal|p1a: Raging Bolt|100/100 psn|[from] move: Wish|[wisher] Alomomola
|-heal|p2a: Toxapex|100/100|[from] item: Leftovers
|-damage|p1a: Raging Bolt|88/100 psn|[from] psn
|upkeep
|turn|62
|
|t:|1758998055
|switch|p2a: Blissey|Blissey, F|100/100
|move|p1a: Raging Bolt|Thunderbolt|p2a: Blissey
|-damage|p2a: Blissey|85/100
|
|-heal|p2a: Blissey|91/100|[from] item: Leftovers
|-damage|p1a: Raging Bolt|76/100 psn|[from] psn
|upkeep
|turn|63
|
|t:|1758998068
|-end|p1a: Raging Bolt|Protosynthesis|[silent]
|switch|p1a: Alomomola|Alomomola, F, tera:Ghost|94/100 brn
|move|p2a: Blissey|Calm Mind|p2a: Blissey
|-boost|p2a: Blissey|spa|1
|-boost|p2a: Blissey|spd|1
|
|-heal|p2a: Blissey|97/100|[from] item: Leftovers
|-damage|p1a: Alomomola|88/100 brn|[from] brn
|upkeep
|turn|64
|
|t:|1758998079
|move|p2a: Blissey|Seismic Toss|p1a: Alomomola
|-immune|p1a: Alomomola
|move|p1a: Alomomola|Scald|p2a: Blissey
|-damage|p2a: Blissey|94/100
|-status|p2a: Blissey|brn
|
|-heal|p2a: Blissey|100/100 brn|[from] item: Leftovers
|-damage|p2a: Blissey|94/100 brn|[from] brn
|-damage|p1a: Alomomola|82/100 brn|[from] brn
|upkeep
|turn|65
|
|t:|1758998085
|-curestatus|p2a: Blissey|brn|[from] ability: Natural Cure
|switch|p2a: Toxapex|Toxapex, F|100/100
|move|p1a: Alomomola|Wish|p1a: Alomomola
|
|-damage|p1a: Alomomola|75/100 brn|[from] brn
|upkeep
|turn|66
|
|t:|1758998099
|move|p1a: Alomomola|Flip Turn|p2a: Toxapex
|-resisted|p2a: Toxapex
|-damage|p2a: Toxapex|97/100
|
|t:|1758998104
|switch|p1a: Raging Bolt|Raging Bolt|76/100 psn|[from] Flip Turn
|-damage|p1a: Raging Bolt|63/100 psn|[from] Stealth Rock
|move|p2a: Toxapex|Haze|p2a: Toxapex
|-clearallboost
|
|-heal|p1a: Raging Bolt|100/100 psn|[from] move: Wish|[wisher] Alomomola
|-heal|p2a: Toxapex|100/100|[from] item: Leftovers
|-damage|p1a: Raging Bolt|88/100 psn|[from] psn
|upkeep
|turn|67
|
|t:|1758998110
|switch|p2a: Blissey|Blissey, F|94/100
|move|p1a: Raging Bolt|Volt Switch|p2a: Blissey
|-crit|p2a: Blissey
|-damage|p2a: Blissey|76/100
|
|t:|1758998113
|-end|p1a: Raging Bolt|Protosynthesis|[silent]
|switch|p1a: Regidrago|Regidrago, shiny|58/100 tox|[from] Volt Switch
|-damage|p1a: Regidrago|45/100 tox|[from] Stealth Rock
|
|-heal|p2a: Blissey|83/100|[from] item: Leftovers
|-damage|p1a: Regidrago|39/100 tox|[from] psn
|upkeep
|turn|68
|
|t:|1758998131
|switch|p2a: Dondozo|Dondozo, F|100/100
|move|p1a: Regidrago|Draco Meteor|p2a: Dondozo
|-damage|p2a: Dondozo|0 fnt
|-unboost|p1a: Regidrago|spa|2
|faint|p2a: Dondozo
|
|-damage|p1a: Regidrago|27/100 tox|[from] psn
|upkeep
|
|t:|1758998150
|switch|p2a: Blissey|Blissey, F|83/100
|turn|69
|
|t:|1758998156
|switch|p1a: Alomomola|Alomomola, F, tera:Ghost|100/100 brn
|move|p2a: Blissey|Seismic Toss|p1a: Alomomola
|-immune|p1a: Alomomola
|
|-heal|p2a: Blissey|89/100|[from] item: Leftovers
|-damage|p1a: Alomomola|94/100 brn|[from] brn
|upkeep
|turn|70
|
|t:|1758998161
|switch|p2a: Toxapex|Toxapex, F|100/100
|move|p1a: Alomomola|Wish|p1a: Alomomola
|
|-damage|p1a: Alomomola|88/100 brn|[from] brn
|upkeep
|turn|71
|
|t:|1758998176
|switch|p1a: Regidrago|Regidrago, shiny|27/100 tox
|-damage|p1a: Regidrago|15/100 tox|[from] Stealth Rock
|switch|p2a: Blissey|Blissey, F|89/100
|
|-heal|p1a: Regidrago|64/100 tox|[from] move: Wish|[wisher] Alomomola
|-heal|p2a: Blissey|95/100|[from] item: Leftovers
|-damage|p1a: Regidrago|58/100 tox|[from] psn
|upkeep
|turn|72
|
|t:|1758998184
|move|p1a: Regidrago|Draco Meteor|p2a: Blissey
|-damage|p2a: Blissey|53/100
|-unboost|p1a: Regidrago|spa|2
|move|p2a: Blissey|Seismic Toss|p1a: Regidrago
|-damage|p1a: Regidrago|40/100 tox
|
|-heal|p2a: Blissey|59/100|[from] item: Leftovers
|-damage|p1a: Regidrago|27/100 tox|[from] psn
|upkeep
|turn|73
|
|t:|1758998190
|switch|p1a: Alomomola|Alomomola, F, tera:Ghost|100/100 brn
|move|p2a: Blissey|Calm Mind|p2a: Blissey
|-boost|p2a: Blissey|spa|1
|-boost|p2a: Blissey|spd|1
|
|-heal|p2a: Blissey|65/100|[from] item: Leftovers
|-damage|p1a: Alomomola|94/100 brn|[from] brn
|upkeep
|turn|74
|
|t:|1758998195
|move|p2a: Blissey|Calm Mind|p2a: Blissey
|-boost|p2a: Blissey|spa|1
|-boost|p2a: Blissey|spd|1
|move|p1a: Alomomola|Wish|p1a: Alomomola
|
|-heal|p2a: Blissey|72/100|[from] item: Leftovers
|-damage|p1a: Alomomola|88/100 brn|[from] brn
|upkeep
|turn|75
|
|t:|1758998209
|move|p2a: Blissey|Calm Mind|p2a: Blissey
|-boost|p2a: Blissey|spa|1
|-boost|p2a: Blissey|spd|1
|move|p1a: Alomomola|Flip Turn|p2a: Blissey
|-damage|p2a: Blissey|63/100
|
|t:|1758998211
|switch|p1a: Regidrago|Regidrago, shiny|27/100 tox|[from] Flip Turn
|-damage|p1a: Regidrago|15/100 tox|[from] Stealth Rock
|
|-heal|p1a: Regidrago|64/100 tox|[from] move: Wish|[wisher] Alomomola
|-heal|p2a: Blissey|69/100|[from] item: Leftovers
|-damage|p1a: Regidrago|58/100 tox|[from] psn
|upkeep
|turn|76
|
|t:|1758998218
|move|p1a: Regidrago|Draco Meteor|p2a: Blissey
|-damage|p2a: Blissey|53/100
|-unboost|p1a: Regidrago|spa|2
|move|p2a: Blissey|Seismic Toss|p1a: Regidrago
|-damage|p1a: Regidrago|40/100 tox
|
|-heal|p2a: Blissey|59/100|[from] item: Leftovers
|-damage|p1a: Regidrago|27/100 tox|[from] psn
|upkeep
|turn|77
|
|t:|1758998230
|switch|p1a: Alomomola|Alomomola, F, tera:Ghost|100/100 brn
|move|p2a: Blissey|Calm Mind|p2a: Blissey
|-boost|p2a: Blissey|spa|1
|-boost|p2a: Blissey|spd|1
|
|-heal|p2a: Blissey|65/100|[from] item: Leftovers
|-damage|p1a: Alomomola|94/100 brn|[from] brn
|upkeep
|turn|78
|
|t:|1758998234
|move|p2a: Blissey|Calm Mind|p2a: Blissey
|-boost|p2a: Blissey|spa|1
|-boost|p2a: Blissey|spd|1
|move|p1a: Alomomola|Scald|p2a: Blissey
|-damage|p2a: Blissey|64/100
|
|-heal|p2a: Blissey|70/100|[from] item: Leftovers
|-damage|p1a: Alomomola|88/100 brn|[from] brn
|upkeep
|turn|79
|
|t:|1758998241
|move|p2a: Blissey|Calm Mind|p2a: Blissey
|-boost|p2a: Blissey|spa|1
|-boost|p2a: Blissey|spd|1
|move|p1a: Alomomola|Scald|p2a: Blissey
|-damage|p2a: Blissey|69/100
|
|-heal|p2a: Blissey|75/100|[from] item: Leftovers
|-damage|p1a: Alomomola|82/100 brn|[from] brn
|upkeep
|turn|80
|
|t:|1758998248
|move|p2a: Blissey|Stealth Rock||[still]
|-fail|p2a: Blissey
|move|p1a: Alomomola|Scald|p2a: Blissey
|-damage|p2a: Blissey|74/100
|-status|p2a: Blissey|brn
|
|-heal|p2a: Blissey|81/100 brn|[from] item: Leftovers
|-damage|p2a: Blissey|74/100 brn|[from] brn
|-damage|p1a: Alomomola|76/100 brn|[from] brn
|upkeep
|turn|81
|
|t:|1758998254
|-curestatus|p2a: Blissey|brn|[from] ability: Natural Cure
|switch|p2a: Toxapex|Toxapex, F|100/100
|move|p1a: Alomomola|Wish|p1a: Alomomola
|
|-damage|p1a: Alomomola|70/100 brn|[from] brn
|upkeep
|turn|82
|
|t:|1758998264
|switch|p1a: Regidrago|Regidrago, shiny|27/100 tox
|-damage|p1a: Regidrago|15/100 tox|[from] Stealth Rock
|switch|p2a: Blissey|Blissey, F|74/100
|
|-heal|p1a: Regidrago|64/100 tox|[from] move: Wish|[wisher] Alomomola
|-heal|p2a: Blissey|81/100|[from] item: Leftovers
|-damage|p1a: Regidrago|58/100 tox|[from] psn
|upkeep
|turn|83
|
|t:|1758998270
|switch|p1a: Alomomola|Alomomola, F, tera:Ghost|100/100 brn
|move|p2a: Blissey|Seismic Toss|p1a: Alomomola
|-immune|p1a: Alomomola
|
|-heal|p2a: Blissey|87/100|[from] item: Leftovers
|-damage|p1a: Alomomola|94/100 brn|[from] brn
|upkeep
|turn|84
|
|t:|1758998275
|move|p2a: Blissey|Calm Mind|p2a: Blissey
|-boost|p2a: Blissey|spa|1
|-boost|p2a: Blissey|spd|1
|move|p1a: Alomomola|Scald|p2a: Blissey
|-damage|p2a: Blissey|84/100
|
|-heal|p2a: Blissey|90/100|[from] item: Leftovers
|-damage|p1a: Alomomola|88/100 brn|[from] brn
|upkeep
|turn|85
|
|t:|1758998280
|move|p2a: Blissey|Calm Mind|p2a: Blissey
|-boost|p2a: Blissey|spa|1
|-boost|p2a: Blissey|spd|1
|move|p1a: Alomomola|Scald|p2a: Blissey
|-damage|p2a: Blissey|88/100
|
|-heal|p2a: Blissey|94/100|[from] item: Leftovers
|-damage|p1a: Alomomola|82/100 brn|[from] brn
|upkeep
|turn|86
|
|t:|1758998286
|move|p2a: Blissey|Calm Mind|p2a: Blissey
|-boost|p2a: Blissey|spa|1
|-boost|p2a: Blissey|spd|1
|move|p1a: Alomomola|Scald|p2a: Blissey
|-crit|p2a: Blissey
|-damage|p2a: Blissey|88/100
|
|-heal|p2a: Blissey|95/100|[from] item: Leftovers
|-damage|p1a: Alomomola|76/100 brn|[from] brn
|upkeep
|turn|87
|
|t:|1758998290
|switch|p2a: Toxapex|Toxapex, F|100/100
|move|p1a: Alomomola|Scald|p2a: Toxapex
|-resisted|p2a: Toxapex
|-damage|p2a: Toxapex|96/100
|
|-heal|p2a: Toxapex|100/100|[from] item: Leftovers
|-damage|p1a: Alomomola|70/100 brn|[from] brn
|upkeep
|turn|88
|
|t:|1758998302
|switch|p1a: Raging Bolt|Raging Bolt|88/100 psn
|-damage|p1a: Raging Bolt|76/100 psn|[from] Stealth Rock
|switch|p2a: Blissey|Blissey, F|95/100
|
|-heal|p2a: Blissey|100/100|[from] item: Leftovers
|-damage|p1a: Raging Bolt|63/100 psn|[from] psn
|upkeep
|turn|89
|
|t:|1758998309
|move|p1a: Raging Bolt|Thunderbolt|p2a: Blissey
|-damage|p2a: Blissey|84/100
|move|p2a: Blissey|Calm Mind|p2a: Blissey
|-boost|p2a: Blissey|spa|1
|-boost|p2a: Blissey|spd|1
|
|-heal|p2a: Blissey|91/100|[from] item: Leftovers
|-damage|p1a: Raging Bolt|51/100 psn|[from] psn
|upkeep
|turn|90
|
|t:|1758998314
|move|p1a: Raging Bolt|Thunderbolt|p2a: Blissey
|-damage|p2a: Blissey|80/100
|move|p2a: Blissey|Seismic Toss|p1a: Raging Bolt
|-damage|p1a: Raging Bolt|29/100 psn
|
|-heal|p2a: Blissey|86/100|[from] item: Leftovers
|-damage|p1a: Raging Bolt|17/100 psn|[from] psn
|upkeep
|turn|91
|
|t:|1758998320
|-end|p1a: Raging Bolt|Protosynthesis|[silent]
|switch|p1a: Alomomola|Alomomola, F, tera:Ghost|100/100 brn
|move|p2a: Blissey|Calm Mind|p2a: Blissey
|-boost|p2a: Blissey|spa|1
|-boost|p2a: Blissey|spd|1
|
|-heal|p2a: Blissey|93/100|[from] item: Leftovers
|-damage|p1a: Alomomola|94/100 brn|[from] brn
|upkeep
|turn|92
|
|t:|1758998325
|move|p2a: Blissey|Calm Mind|p2a: Blissey
|-boost|p2a: Blissey|spa|1
|-boost|p2a: Blissey|spd|1
|move|p1a: Alomomola|Scald|p2a: Blissey
|-damage|p2a: Blissey|91/100
|
|-heal|p2a: Blissey|97/100|[from] item: Leftovers
|-damage|p1a: Alomomola|88/100 brn|[from] brn
|upkeep
|turn|93
|
|t:|1758998330
|move|p2a: Blissey|Calm Mind|p2a: Blissey
|-boost|p2a: Blissey|spa|1
|-boost|p2a: Blissey|spd|1
|move|p1a: Alomomola|Scald|p2a: Blissey
|-damage|p2a: Blissey|96/100
|-status|p2a: Blissey|brn
|
|-heal|p2a: Blissey|100/100 brn|[from] item: Leftovers
|-damage|p2a: Blissey|94/100 brn|[from] brn
|-damage|p1a: Alomomola|82/100 brn|[from] brn
|upkeep
|turn|94
|
|t:|1758998337
|-curestatus|p2a: Blissey|brn|[from] ability: Natural Cure
|switch|p2a: Toxapex|Toxapex, F|100/100
|move|p1a: Alomomola|Flip Turn|p2a: Toxapex
|-resisted|p2a: Toxapex
|-damage|p2a: Toxapex|97/100
|
|t:|1758998339
|switch|p1a: Iron Crown|Iron Crown|100/100|[from] Flip Turn
|-damage|p1a: Iron Crown|94/100|[from] Stealth Rock
|
|-heal|p2a: Toxapex|100/100|[from] item: Leftovers
|upkeep
|turn|95
|
|t:|1758998347
|switch|p2a: Corviknight|Corviknight, M, tera:Fighting|85/100
|-ability|p2a: Corviknight|Pressure
|move|p1a: Iron Crown|Psychic|p2a: Corviknight
|-supereffective|p2a: Corviknight
|-damage|p2a: Corviknight|1/100
|
|-heal|p2a: Corviknight|7/100|[from] item: Leftovers
|upkeep
|turn|96
|
|t:|1758998354
|move|p1a: Iron Crown|Psychic|p2a: Corviknight
|-supereffective|p2a: Corviknight
|-damage|p2a: Corviknight|0 fnt
|faint|p2a: Corviknight
|
|upkeep
|
|t:|1758998362
|switch|p2a: Blissey|Blissey, F|94/100
|turn|97
|
|t:|1758998370
|move|p1a: Iron Crown|Psychic|p2a: Blissey
|-damage|p2a: Blissey|81/100
|move|p2a: Blissey|Seismic Toss|p1a: Iron Crown
|-damage|p1a: Iron Crown|63/100
|
|-heal|p2a: Blissey|88/100|[from] item: Leftovers
|upkeep
|turn|98
|
|t:|1758998376
|move|p1a: Iron Crown|Psychic|p2a: Blissey
|-damage|p2a: Blissey|73/100
|move|p2a: Blissey|Calm Mind|p2a: Blissey
|-boost|p2a: Blissey|spa|1
|-boost|p2a: Blissey|spd|1
|
|-heal|p2a: Blissey|79/100|[from] item: Leftovers
|upkeep
|turn|99
|
|t:|1758998379
|move|p1a: Iron Crown|Psychic|p2a: Blissey
|-damage|p2a: Blissey|70/100
|move|p2a: Blissey|Seismic Toss|p1a: Iron Crown
|-damage|p1a: Iron Crown|32/100
|
|-heal|p2a: Blissey|76/100|[from] item: Leftovers
|upkeep
|turn|100
|
|t:|1758998382
|-end|p1a: Iron Crown|Quark Drive|[silent]
|switch|p1a: Alomomola|Alomomola, F, tera:Ghost|100/100 brn
|move|p2a: Blissey|Seismic Toss|p1a: Alomomola
|-immune|p1a: Alomomola
|
|-heal|p2a: Blissey|83/100|[from] item: Leftovers
|-damage|p1a: Alomomola|94/100 brn|[from] brn
|upkeep
|turn|101
|
|t:|1758998386
|move|p2a: Blissey|Calm Mind|p2a: Blissey
|-boost|p2a: Blissey|spa|1
|-boost|p2a: Blissey|spd|1
|move|p1a: Alomomola|Scald|p2a: Blissey
|-damage|p2a: Blissey|80/100
|-status|p2a: Blissey|brn
|
|-heal|p2a: Blissey|86/100 brn|[from] item: Leftovers
|-damage|p2a: Blissey|80/100 brn|[from] brn
|-damage|p1a: Alomomola|88/100 brn|[from] brn
|upkeep
|turn|102
|
|t:|1758998393
|move|p2a: Blissey|Calm Mind|p2a: Blissey
|-boost|p2a: Blissey|spa|1
|-boost|p2a: Blissey|spd|1
|move|p1a: Alomomola|Wish|p1a: Alomomola
|
|-heal|p2a: Blissey|86/100 brn|[from] item: Leftovers
|-damage|p2a: Blissey|80/100 brn|[from] brn
|-damage|p1a: Alomomola|82/100 brn|[from] brn
|upkeep
|turn|103
|
|t:|1758998423
|switch|p1a: Iron Crown|Iron Crown|32/100
|-damage|p1a: Iron Crown|26/100|[from] Stealth Rock
|move|p2a: Blissey|Seismic Toss|p1a: Iron Crown
|-damage|p1a: Iron Crown|0 fnt
|faint|p1a: Iron Crown
|-end|p1a: Iron Crown|Quark Drive|[silent]
|
|-heal|p2a: Blissey|86/100 brn|[from] item: Leftovers
|-damage|p2a: Blissey|80/100 brn|[from] brn
|upkeep
|inactive|Gamma 2 The Hero has 120 seconds left.
|
|t:|1758998434
|switch|p1a: Regidrago|Regidrago, shiny|58/100 tox
|-damage|p1a: Regidrago|46/100 tox|[from] Stealth Rock
|turn|104
|
|t:|1758998439
|move|p1a: Regidrago|Draco Meteor|p2a: Blissey
|-damage|p2a: Blissey|65/100 brn
|-unboost|p1a: Regidrago|spa|2
|move|p2a: Blissey|Seismic Toss|p1a: Regidrago
|-damage|p1a: Regidrago|27/100 tox
|
|-heal|p2a: Blissey|72/100 brn|[from] item: Leftovers
|-damage|p1a: Regidrago|21/100 tox|[from] psn
|-damage|p2a: Blissey|65/100 brn|[from] brn
|upkeep
|turn|105
|
|t:|1758998444
|move|p1a: Regidrago|Draco Meteor|p2a: Blissey
|-damage|p2a: Blissey|57/100 brn
|-unboost|p1a: Regidrago|spa|2
|move|p2a: Blissey|Seismic Toss|p1a: Regidrago
|-damage|p1a: Regidrago|3/100 tox
|
|-heal|p2a: Blissey|63/100 brn|[from] item: Leftovers
|-damage|p1a: Regidrago|0 fnt|[from] psn
|faint|p1a: Regidrago
|-damage|p2a: Blissey|57/100 brn|[from] brn
|upkeep
|
|t:|1758998447
|switch|p1a: Raging Bolt|Raging Bolt|17/100 psn
|-damage|p1a: Raging Bolt|4/100 psn|[from] Stealth Rock
|turn|106
|
|t:|1758998454
|move|p1a: Raging Bolt|Thunderbolt|p2a: Blissey
|-damage|p2a: Blissey|50/100 brn
|move|p2a: Blissey|Soft-Boiled|p2a: Blissey
|-heal|p2a: Blissey|99/100 brn
|
|-heal|p2a: Blissey|100/100 brn|[from] item: Leftovers
|-damage|p1a: Raging Bolt|0 fnt|[from] psn
|faint|p1a: Raging Bolt
|-end|p1a: Raging Bolt|Protosynthesis|[silent]
|-damage|p2a: Blissey|94/100 brn|[from] brn
|upkeep
|
|t:|1758998455
|switch|p1a: Alomomola|Alomomola, F, tera:Ghost|100/100 brn
|turn|107
|
|t:|1758998458
|-curestatus|p2a: Blissey|brn|[from] ability: Natural Cure
|switch|p2a: Toxapex|Toxapex, F|100/100
|move|p1a: Alomomola|Scald|p2a: Toxapex
|-resisted|p2a: Toxapex
|-damage|p2a: Toxapex|97/100
|
|-heal|p2a: Toxapex|100/100|[from] item: Leftovers
|-damage|p1a: Alomomola|94/100 brn|[from] brn
|upkeep
|turn|108
|c|☆Gamma 2 The Hero|gg
|-message|Gamma 2 The Hero forfeited.
|
|win|ydhsjw
|raw|Gamma 2 The Hero's rating: 1156 &rarr; <strong>1128</strong><br />(-28 for losing)
|raw|ydhsjw's rating: 1111 &rarr; <strong>1139</strong><br />(+28 for winning)
|l|☆Gamma 2 The Hero
|player|p1|
|l|☆ydhsjw
|player|p2|
