|j|☆Mackoy507
|j|☆TheTheyThemler
|t:|1759066861
|gametype|singles
|player|p1|Mackoy507|nate|1283
|player|p2|TheTheyThemler|n|1321
|gen|9
|tier|[Gen 9] OU
|rated|
|rule|HP Percentage Mod: HP is shown in percentages
|rule|Endless Battle Clause: Forcing endless battles is banned
|rule|Species Clause: Limit one of each Pokémon
|rule|OHKO Clause: OHKO moves are banned
|rule|Evasion Items Clause: Evasion items are banned
|rule|Evasion Moves Clause: Evasion moves are banned
|rule|Evasion Abilities Clause: Evasion abilities are banned
|rule|Sleep Moves Clause: Sleep-inducing moves are banned
|clearpoke
|poke|p1|Grimmsnarl, M|
|poke|p1|Great Tusk|
|poke|p1|Alomomola, M|
|poke|p1|Moltres|
|poke|p1|Primarina, F|
|poke|p1|Darkrai|
|poke|p2|Charjabug, F|
|poke|p2|Ceruledge, F|
|poke|p2|Gholdengo|
|poke|p2|Umbreon, F|
|poke|p2|Great Tusk|
|poke|p2|Kyurem|
|teampreview
|inactive|Battle timer is ON: inactive players will automatically lose when time's up. (requested by Mackoy507)
|
|t:|1759066870
|teamsize|p1|6
|teamsize|p2|6
|start
|switch|p1a: Grimmsnarl|Grimmsnarl, M|100/100
|switch|p2a: 🚍|Charjabug, F, shiny|100/100
|turn|1
|
|t:|1759066880
|move|p1a: Grimmsnarl|Taunt|p2a: 🚍
|-start|p2a: 🚍|move: Taunt
|cant|p2a: 🚍|move: Taunt|Thunder Wave
|
|upkeep
|turn|2
|
|t:|1759066887
|move|p1a: Grimmsnarl|Light Screen|p1a: Grimmsnarl
|-sidestart|p1: Mackoy507|move: Light Screen
|move|p2a: 🚍|Volt Switch|p1a: Grimmsnarl
|-damage|p1a: Grimmsnarl|93/100
|
|t:|1759066893
|switch|p2a: 🎩|Gholdengo|100/100|[from] Volt Switch
|
|upkeep
|turn|3
|
|t:|1759066898
|move|p1a: Grimmsnarl|Taunt|p2a: 🎩
|-immune|p2a: 🎩|[from] ability: Good as Gold
|move|p2a: 🎩|Thunder Wave|p1a: Grimmsnarl
|-status|p1a: Grimmsnarl|par
|
|upkeep
|turn|4
|
|t:|1759066909
|move|p1a: Grimmsnarl|Parting Shot|p2a: 🎩
|-immune|p2a: 🎩|[from] ability: Good as Gold
|move|p2a: 🎩|Dazzling Gleam|p1a: Grimmsnarl
|-supereffective|p1a: Grimmsnarl
|-damage|p1a: Grimmsnarl|67/100 par
|
|upkeep
|turn|5
|
|t:|1759066917
|move|p1a: Grimmsnarl|Reflect|p1a: Grimmsnarl
|-sidestart|p1: Mackoy507|Reflect
|move|p2a: 🎩|Make It Rain|p1a: Grimmsnarl
|-supereffective|p1a: Grimmsnarl
|-damage|p1a: Grimmsnarl|8/100 par
|-unboost|p2a: 🎩|spa|1
|
|upkeep
|turn|6
|
|t:|1759066926
|switch|p1a: Moltres|Moltres|100/100
|move|p2a: 🎩|Dazzling Gleam|p1a: Moltres
|-resisted|p1a: Moltres
|-damage|p1a: Moltres|96/100
|
|upkeep
|turn|7
|
|t:|1759066934
|switch|p2a: ⚔️|Ceruledge, F, shiny|100/100
|move|p1a: Moltres|U-turn|p2a: ⚔️
|-resisted|p2a: ⚔️
|-damage|p2a: ⚔️|96/100
|
|t:|1759066941
|switch|p1a: Primarina|Primarina, F|100/100|[from] U-turn
|
|-heal|p2a: ⚔️|100/100|[from] item: Leftovers
|upkeep
|turn|8
|
|t:|1759066952
|switch|p2a: 🐈‍⬛|Umbreon, F, shiny|100/100
|move|p1a: Primarina|Hyper Voice|p2a: 🐈‍⬛
|-damage|p2a: 🐈‍⬛|79/100
|
|-heal|p2a: 🐈‍⬛|85/100|[from] item: Leftovers
|upkeep
|turn|9
|
|t:|1759066961
|move|p2a: 🐈‍⬛|Toxic|p1a: Primarina|[miss]
|-miss|p2a: 🐈‍⬛|p1a: Primarina
|move|p1a: Primarina|Substitute|p1a: Primarina
|-start|p1a: Primarina|Substitute
|-damage|p1a: Primarina|75/100
|
|-heal|p2a: 🐈‍⬛|91/100|[from] item: Leftovers
|-heal|p1a: Primarina|82/100|[from] item: Leftovers
|-sideend|p1: Mackoy507|move: Light Screen
|upkeep
|turn|10
|
|t:|1759066979
|move|p2a: 🐈‍⬛|Wish|p2a: 🐈‍⬛
|move|p1a: Primarina|Calm Mind|p1a: Primarina
|-boost|p1a: Primarina|spa|1
|-boost|p1a: Primarina|spd|1
|
|-heal|p2a: 🐈‍⬛|97/100|[from] item: Leftovers
|-heal|p1a: Primarina|88/100|[from] item: Leftovers
|upkeep
|turn|11
|
|t:|1759066991
|switch|p2a: 🎩|Gholdengo|100/100
|move|p1a: Primarina|Calm Mind|p1a: Primarina
|-boost|p1a: Primarina|spa|1
|-boost|p1a: Primarina|spd|1
|
|-heal|p1a: Primarina|94/100|[from] item: Leftovers
|upkeep
|turn|12
|
|t:|1759067000
|-terastallize|p1a: Primarina|Water
|move|p2a: 🎩|Hex|p1a: Primarina
|-activate|p1a: Primarina|move: Substitute|[damage]
|move|p1a: Primarina|Hyper Voice|p2a: 🎩
|-damage|p2a: 🎩|0 fnt
|faint|p2a: 🎩
|
|-heal|p1a: Primarina|99/100|[from] item: Leftovers
|-sideend|p1: Mackoy507|Reflect
|upkeep
|-message|TheTheyThemler forfeited.
|
|win|Mackoy507
|raw|Mackoy507's rating: 1283 &rarr; <strong>1311</strong><br />(+28 for winning)
|raw|TheTheyThemler's rating: 1321 &rarr; <strong>1299</strong><br />(-22 for losing)
|l|☆TheTheyThemler
|player|p2|
|l|☆Mackoy507
|player|p1|
