|j|☆digiwayne003
|j|☆refind
|t:|1759036197
|gametype|singles
|player|p1|digiwayne003|beauty|1557
|player|p2|refind|elesa|1660
|gen|9
|tier|[Gen 9] OU
|rated|
|rule|HP Percentage Mod: HP is shown in percentages
|rule|Endless Battle Clause: Forcing endless battles is banned
|rule|Species Clause: Limit one of each Pokémon
|rule|OHKO Clause: OHKO moves are banned
|rule|Evasion Items Clause: Evasion items are banned
|rule|Evasion Moves Clause: Evasion moves are banned
|rule|Evasion Abilities Clause: Evasion abilities are banned
|rule|Sleep Moves Clause: Sleep-inducing moves are banned
|clearpoke
|poke|p1|Armarouge, F|
|poke|p1|Indeedee, M|
|poke|p1|Deoxys-Speed|
|poke|p1|Volcanion|
|poke|p1|Ting-Lu|
|poke|p1|Great Tusk|
|poke|p2|Darkrai|
|poke|p2|Raging Bolt|
|poke|p2|Tornadus-Therian, M|
|poke|p2|Weezing-Galar, M|
|poke|p2|Iron Treads|
|poke|p2|Meowscarada, F|
|teampreview
|inactive|Battle timer is ON: inactive players will automatically lose when time's up. (requested by refind)
|
|t:|1759036210
|teamsize|p1|6
|teamsize|p2|6
|start
|switch|p1a: Volcanion|Volcanion|100/100
|switch|p2a: Darkrai|Darkrai|100/100
|turn|1
|
|t:|1759036223
|move|p2a: Darkrai|Dark Pulse|p1a: Volcanion
|-damage|p1a: Volcanion|66/100
|move|p1a: Volcanion|Body Press|p2a: Darkrai
|-supereffective|p2a: Darkrai
|-damage|p2a: Darkrai|30/100
|
|upkeep
|turn|2
|
|t:|1759036229
|switch|p2a: Tornadus|Tornadus-Therian, M|100/100
|move|p1a: Volcanion|Earth Power|p2a: Tornadus
|-immune|p2a: Tornadus
|
|upkeep
|turn|3
|
|t:|1759036239
|move|p2a: Tornadus|Knock Off|p1a: Volcanion
|-damage|p1a: Volcanion|51/100
|-enditem|p1a: Volcanion|Assault Vest|[from] move: Knock Off|[of] p2a: Tornadus
|move|p1a: Volcanion|Steam Eruption|p2a: Tornadus
|-damage|p2a: Tornadus|64/100
|-status|p2a: Tornadus|brn
|
|-damage|p2a: Tornadus|58/100 brn|[from] brn
|upkeep
|turn|4
|
|t:|1759036250
|move|p2a: Tornadus|U-turn|p1a: Volcanion
|-resisted|p1a: Volcanion
|-damage|p1a: Volcanion|48/100
|
|t:|1759036253
|switch|p2a: Raging Bolt|Raging Bolt|100/100|[from] U-turn
|move|p1a: Volcanion|Flamethrower|p2a: Raging Bolt
|-resisted|p2a: Raging Bolt
|-damage|p2a: Raging Bolt|82/100
|
|-heal|p2a: Raging Bolt|88/100|[from] item: Leftovers
|upkeep
|turn|5
|
|t:|1759036267
|switch|p1a: Ting-Lu|Ting-Lu|100/100
|-ability|p1a: Ting-Lu|Vessel of Ruin
|move|p2a: Raging Bolt|Dragon Pulse|p1a: Ting-Lu
|-damage|p1a: Ting-Lu|75/100
|
|-heal|p2a: Raging Bolt|94/100|[from] item: Leftovers
|-heal|p1a: Ting-Lu|81/100|[from] item: Leftovers
|upkeep
|turn|6
|
|t:|1759036273
|-end|p2a: Raging Bolt|Protosynthesis|[silent]
|switch|p2a: Iron Treads|Iron Treads|100/100
|move|p1a: Ting-Lu|Ruination|p2a: Iron Treads
|-damage|p2a: Iron Treads|51/100
|
|-heal|p2a: Iron Treads|57/100|[from] item: Leftovers
|-heal|p1a: Ting-Lu|87/100|[from] item: Leftovers
|upkeep
|turn|7
|
|t:|1759036278
|move|p2a: Iron Treads|Stealth Rock|p1a: Ting-Lu
|-sidestart|p1: digiwayne003|move: Stealth Rock
|move|p1a: Ting-Lu|Earthquake|p2a: Iron Treads
|-supereffective|p2a: Iron Treads
|-damage|p2a: Iron Treads|3/100
|
|-heal|p2a: Iron Treads|9/100|[from] item: Leftovers
|-heal|p1a: Ting-Lu|94/100|[from] item: Leftovers
|upkeep
|turn|8
|
|t:|1759036286
|-end|p2a: Iron Treads|Quark Drive|[silent]
|switch|p2a: Meowscarada|Meowscarada, F|100/100
|move|p1a: Ting-Lu|Earthquake|p2a: Meowscarada
|-resisted|p2a: Meowscarada
|-damage|p2a: Meowscarada|70/100
|
|-heal|p1a: Ting-Lu|99/100|[from] item: Leftovers
|upkeep
|turn|9
|
|t:|1759036292
|-terastallize|p1a: Ting-Lu|Poison
|move|p2a: Meowscarada|U-turn|p1a: Ting-Lu
|-start|p2a: Meowscarada|typechange|Bug|[from] ability: Protean
|-resisted|p1a: Ting-Lu
|-damage|p1a: Ting-Lu|92/100
|
|t:|1759036304
|switch|p2a: Tornadus|Tornadus-Therian, M|91/100 brn|[from] U-turn
|move|p1a: Ting-Lu|Stealth Rock|p2a: Tornadus
|-sidestart|p2: refind|move: Stealth Rock
|
|-heal|p1a: Ting-Lu|99/100|[from] item: Leftovers
|-damage|p2a: Tornadus|85/100 brn|[from] brn
|upkeep
|turn|10
|
|t:|1759036307
|move|p2a: Tornadus|Knock Off|p1a: Ting-Lu
|-damage|p1a: Ting-Lu|94/100
|-enditem|p1a: Ting-Lu|Leftovers|[from] move: Knock Off|[of] p2a: Tornadus
|move|p1a: Ting-Lu|Ruination|p2a: Tornadus
|-damage|p2a: Tornadus|43/100 brn
|
|-damage|p2a: Tornadus|37/100 brn|[from] brn
|upkeep
|turn|11
|
|t:|1759036314
|move|p2a: Tornadus|Bleakwind Storm|p1a: Ting-Lu
|-damage|p1a: Ting-Lu|74/100
|move|p1a: Ting-Lu|Whirlwind|p2a: Tornadus
|drag|p2a: Weezing|Weezing-Galar, M|100/100
|-ability|p2a: Weezing|Neutralizing Gas
|
|upkeep
|turn|12
|
|t:|1759036320
|move|p2a: Weezing|Will-O-Wisp|p1a: Ting-Lu
|-status|p1a: Ting-Lu|brn
|move|p1a: Ting-Lu|Earthquake|p2a: Weezing
|-supereffective|p2a: Weezing
|-damage|p2a: Weezing|74/100
|
|-damage|p1a: Ting-Lu|68/100 brn|[from] brn
|upkeep
|turn|13
|
|t:|1759036327
|move|p2a: Weezing|Pain Split|p1a: Ting-Lu
|-sethp|p1a: Ting-Lu|59/100 brn|[from] move: Pain Split|[silent]
|-sethp|p2a: Weezing|85/100|[from] move: Pain Split
|move|p1a: Ting-Lu|Ruination|p2a: Weezing
|-damage|p2a: Weezing|43/100
|
|-damage|p1a: Ting-Lu|53/100 brn|[from] brn
|upkeep
|turn|14
|
|t:|1759036333
|move|p2a: Weezing|Pain Split|p1a: Ting-Lu
|-sethp|p1a: Ting-Lu|41/100 brn|[from] move: Pain Split|[silent]
|-sethp|p2a: Weezing|59/100|[from] move: Pain Split
|move|p1a: Ting-Lu|Whirlwind|p2a: Weezing
|-end|p2a: Weezing|ability: Neutralizing Gas
|-ability|p1a: Ting-Lu|Vessel of Ruin
|drag|p2a: Tornadus|Tornadus-Therian, M|70/100 brn
|-damage|p2a: Tornadus|45/100 brn|[from] Stealth Rock
|
|-damage|p2a: Tornadus|39/100 brn|[from] brn
|-damage|p1a: Ting-Lu|35/100 brn|[from] brn
|upkeep
|turn|15
|
|t:|1759036345
|move|p2a: Tornadus|Bleakwind Storm|p1a: Ting-Lu|[miss]
|-miss|p2a: Tornadus|p1a: Ting-Lu
|move|p1a: Ting-Lu|Ruination|p2a: Tornadus
|-damage|p2a: Tornadus|20/100 brn
|
|-damage|p2a: Tornadus|14/100 brn|[from] brn
|-damage|p1a: Ting-Lu|29/100 brn|[from] brn
|upkeep
|turn|16
|
|t:|1759036352
|move|p2a: Tornadus|U-turn|p1a: Ting-Lu
|-resisted|p1a: Ting-Lu
|-damage|p1a: Ting-Lu|27/100 brn
|
|t:|1759036355
|switch|p2a: Weezing|Weezing-Galar, M|59/100|[from] U-turn
|-ability|p2a: Weezing|Neutralizing Gas
|move|p1a: Ting-Lu|Whirlwind|p2a: Weezing
|-end|p2a: Weezing|ability: Neutralizing Gas
|-ability|p1a: Ting-Lu|Vessel of Ruin
|drag|p2a: Meowscarada|Meowscarada, F|70/100
|-damage|p2a: Meowscarada|58/100|[from] Stealth Rock
|
|-damage|p1a: Ting-Lu|21/100 brn|[from] brn
|upkeep
|turn|17
|
|t:|1759036364
|move|p2a: Meowscarada|U-turn|p1a: Ting-Lu
|-start|p2a: Meowscarada|typechange|Bug|[from] ability: Protean
|-resisted|p1a: Ting-Lu
|-damage|p1a: Ting-Lu|13/100 brn
|
|t:|1759036367
|switch|p2a: Iron Treads|Iron Treads|9/100|[from] U-turn
|-damage|p2a: Iron Treads|6/100|[from] Stealth Rock
|move|p1a: Ting-Lu|Ruination|p2a: Iron Treads
|-damage|p2a: Iron Treads|3/100
|
|-heal|p2a: Iron Treads|9/100|[from] item: Leftovers
|-damage|p1a: Ting-Lu|7/100 brn|[from] brn
|upkeep
|turn|18
|
|t:|1759036374
|switch|p1a: Great Tusk|Great Tusk|100/100
|-damage|p1a: Great Tusk|98/100|[from] Stealth Rock
|-enditem|p1a: Great Tusk|Booster Energy
|-activate|p1a: Great Tusk|ability: Protosynthesis|[fromitem]
|-start|p1a: Great Tusk|protosynthesisspe
|move|p2a: Iron Treads|Rapid Spin|p1a: Great Tusk
|-damage|p1a: Great Tusk|89/100
|-boost|p2a: Iron Treads|spe|1
|-sideend|p2: refind|Stealth Rock|[from] move: Rapid Spin|[of] p2a: Iron Treads
|
|-heal|p2a: Iron Treads|15/100|[from] item: Leftovers
|upkeep
|turn|19
|
|t:|1759036384
|-end|p2a: Iron Treads|Quark Drive|[silent]
|switch|p2a: Weezing|Weezing-Galar, M|59/100
|-ability|p2a: Weezing|Neutralizing Gas
|move|p1a: Great Tusk|Rapid Spin|p2a: Weezing
|-damage|p2a: Weezing|50/100
|-boost|p1a: Great Tusk|spe|1
|-sideend|p1: digiwayne003|Stealth Rock|[from] move: Rapid Spin|[of] p1a: Great Tusk
|
|upkeep
|turn|20
|
|t:|1759036391
|-terastallize|p2a: Weezing|Flying
|move|p1a: Great Tusk|Headlong Rush|p2a: Weezing
|-immune|p2a: Weezing
|move|p2a: Weezing|Will-O-Wisp|p1a: Great Tusk
|-status|p1a: Great Tusk|brn
|
|-damage|p1a: Great Tusk|83/100 brn|[from] brn
|upkeep
|turn|21
|
|t:|1759036398
|-end|p1a: Great Tusk|Protosynthesis|[silent]
|switch|p1a: Ting-Lu|Ting-Lu, tera:Poison|7/100 brn
|move|p2a: Weezing|Pain Split|p1a: Ting-Lu
|-sethp|p1a: Ting-Lu|21/100 brn|[from] move: Pain Split|[silent]
|-sethp|p2a: Weezing|30/100|[from] move: Pain Split
|
|-damage|p1a: Ting-Lu|15/100 brn|[from] brn
|upkeep
|turn|22
|
|t:|1759036404
|-end|p2a: Weezing|ability: Neutralizing Gas
|-ability|p1a: Ting-Lu|Vessel of Ruin
|switch|p2a: Iron Treads|Iron Treads|15/100
|move|p1a: Ting-Lu|Stealth Rock|p2a: Iron Treads
|-sidestart|p2: refind|move: Stealth Rock
|
|-heal|p2a: Iron Treads|21/100|[from] item: Leftovers
|-damage|p1a: Ting-Lu|8/100 brn|[from] brn
|upkeep
|turn|23
|
|t:|1759036411
|move|p2a: Iron Treads|Rapid Spin|p1a: Ting-Lu
|-damage|p1a: Ting-Lu|2/100 brn
|-boost|p2a: Iron Treads|spe|1
|-sideend|p2: refind|Stealth Rock|[from] move: Rapid Spin|[of] p2a: Iron Treads
|move|p1a: Ting-Lu|Earthquake|p2a: Iron Treads
|-supereffective|p2a: Iron Treads
|-damage|p2a: Iron Treads|0 fnt
|faint|p2a: Iron Treads
|-end|p2a: Iron Treads|Quark Drive|[silent]
|
|-damage|p1a: Ting-Lu|0 fnt|[from] brn
|faint|p1a: Ting-Lu
|upkeep
|
|t:|1759036420
|switch|p2a: Tornadus|Tornadus-Therian, M|47/100 brn
|switch|p1a: Indeedee|Indeedee, M|100/100
|-fieldstart|move: Psychic Terrain|[from] ability: Psychic Surge|[of] p1a: Indeedee
|turn|24
|
|t:|1759036425
|switch|p1a: Volcanion|Volcanion|48/100
|move|p2a: Tornadus|U-turn|p1a: Volcanion
|-resisted|p1a: Volcanion
|-damage|p1a: Volcanion|46/100
|
|t:|1759036428
|switch|p2a: Darkrai|Darkrai|30/100|[from] U-turn
|
|upkeep
|turn|25
|
|t:|1759036433
|move|p2a: Darkrai|Dark Pulse|p1a: Volcanion
|-damage|p1a: Volcanion|0 fnt
|faint|p1a: Volcanion
|
|upkeep
|
|t:|1759036437
|switch|p1a: Deoxys|Deoxys-Speed|100/100
|-ability|p1a: Deoxys|Pressure
|turn|26
|
|t:|1759036443
|switch|p2a: Meowscarada|Meowscarada, F|58/100
|move|p1a: Deoxys|Thunderbolt|p2a: Meowscarada
|-resisted|p2a: Meowscarada
|-damage|p2a: Meowscarada|37/100
|
|upkeep
|turn|27
|
|t:|1759036448
|move|p2a: Meowscarada|Knock Off|p1a: Deoxys
|-start|p2a: Meowscarada|typechange|Dark|[from] ability: Protean
|-supereffective|p1a: Deoxys
|-enditem|p1a: Deoxys|Focus Sash
|-damage|p1a: Deoxys|1/100
|move|p1a: Deoxys|Ice Beam|p2a: Meowscarada
|-damage|p2a: Meowscarada|0 fnt
|faint|p2a: Meowscarada
|
|upkeep
|
|t:|1759036457
|switch|p2a: Tornadus|Tornadus-Therian, M|80/100 brn
|turn|28
|
|t:|1759036467
|move|p1a: Deoxys|Thunderbolt|p2a: Tornadus
|-supereffective|p2a: Tornadus
|-damage|p2a: Tornadus|42/100 brn
|move|p2a: Tornadus|U-turn|p1a: Deoxys
|-supereffective|p1a: Deoxys
|-damage|p1a: Deoxys|0 fnt
|faint|p1a: Deoxys
|
|t:|1759036475
|switch|p2a: Darkrai|Darkrai|30/100|[from] U-turn
|
|upkeep
|
|t:|1759036478
|switch|p1a: Armarouge|Armarouge, F|100/100
|turn|29
|
|t:|1759036484
|move|p2a: Darkrai|Nasty Plot|p2a: Darkrai
|-boost|p2a: Darkrai|spa|2
|move|p1a: Armarouge|Armor Cannon|p2a: Darkrai
|-damage|p2a: Darkrai|0 fnt
|-unboost|p1a: Armarouge|def|1
|-unboost|p1a: Armarouge|spd|1
|faint|p2a: Darkrai
|
|upkeep
|
|t:|1759036491
|switch|p2a: Raging Bolt|Raging Bolt|94/100
|turn|30
|
|t:|1759036493
|move|p1a: Armarouge|Calm Mind|p1a: Armarouge
|-boost|p1a: Armarouge|spa|1
|-boost|p1a: Armarouge|spd|1
|move|p2a: Raging Bolt|Calm Mind|p2a: Raging Bolt
|-boost|p2a: Raging Bolt|spa|1
|-boost|p2a: Raging Bolt|spd|1
|
|-heal|p2a: Raging Bolt|99/100|[from] item: Leftovers
|upkeep
|turn|31
|
|t:|1759036497
|move|p1a: Armarouge|Expanding Force|p2a: Raging Bolt
|-damage|p2a: Raging Bolt|32/100
|move|p2a: Raging Bolt|Calm Mind|p2a: Raging Bolt
|-boost|p2a: Raging Bolt|spa|1
|-boost|p2a: Raging Bolt|spd|1
|
|-heal|p2a: Raging Bolt|38/100|[from] item: Leftovers
|-fieldend|move: Psychic Terrain
|upkeep
|turn|32
|
|t:|1759036502
|move|p1a: Armarouge|Expanding Force|p2a: Raging Bolt
|-damage|p2a: Raging Bolt|10/100
|move|p2a: Raging Bolt|Thunderbolt|p1a: Armarouge
|-enditem|p1a: Armarouge|Focus Sash
|-damage|p1a: Armarouge|1/100
|
|-heal|p2a: Raging Bolt|17/100|[from] item: Leftovers
|upkeep
|turn|33
|
|t:|1759036511
|switch|p1a: Indeedee|Indeedee, M|100/100
|-fieldstart|move: Psychic Terrain|[from] ability: Psychic Surge|[of] p1a: Indeedee
|move|p2a: Raging Bolt|Thunderclap||[still]
|-fail|p2a: Raging Bolt
|
|-heal|p2a: Raging Bolt|23/100|[from] item: Leftovers
|upkeep
|turn|34
|
|t:|1759036516
|move|p1a: Indeedee|Healing Wish|p1a: Indeedee
|faint|p1a: Indeedee
|move|p2a: Raging Bolt|Thunderbolt|p1: Indeedee|[notarget]
|-fail|p2a: Raging Bolt
|
|-heal|p2a: Raging Bolt|29/100|[from] item: Leftovers
|upkeep
|
|t:|1759036519
|switch|p1a: Great Tusk|Great Tusk|83/100 brn
|-heal|p1a: Great Tusk|100/100|[from] move: Healing Wish
|turn|35
|
|t:|1759036530
|-end|p2a: Raging Bolt|Protosynthesis|[silent]
|switch|p2a: Weezing|Weezing-Galar, M, tera:Flying|30/100
|-ability|p2a: Weezing|Neutralizing Gas
|move|p1a: Great Tusk|Headlong Rush|p2a: Weezing
|-immune|p2a: Weezing
|
|upkeep
|turn|36
|
|t:|1759036534
|move|p1a: Great Tusk|Ice Spinner|p2a: Weezing
|-supereffective|p2a: Weezing
|-damage|p2a: Weezing|0 fnt
|-fieldend|move: Psychic Terrain
|faint|p2a: Weezing
|-end|p2a: Weezing|ability: Neutralizing Gas
|
|upkeep
|
|t:|1759036537
|switch|p2a: Tornadus|Tornadus-Therian, M|75/100 brn
|turn|37
|
|t:|1759036547
|move|p2a: Tornadus|Bleakwind Storm|p1a: Great Tusk
|-supereffective|p1a: Great Tusk
|-damage|p1a: Great Tusk|21/100
|move|p1a: Great Tusk|Ice Spinner|p2a: Tornadus
|-supereffective|p2a: Tornadus
|-damage|p2a: Tornadus|21/100 brn
|
|-damage|p2a: Tornadus|15/100 brn|[from] brn
|upkeep
|turn|38
|
|t:|1759036555
|move|p2a: Tornadus|Heat Wave|p1a: Great Tusk
|-damage|p1a: Great Tusk|0 fnt
|faint|p1a: Great Tusk
|-end|p1a: Great Tusk|Protosynthesis|[silent]
|
|-damage|p2a: Tornadus|9/100 brn|[from] brn
|upkeep
|-message|digiwayne003 forfeited.
|
|win|refind
|raw|digiwayne003's rating: 1557 &rarr; <strong>1543</strong><br />(-14 for losing)
|raw|refind's rating: 1660 &rarr; <strong>1674</strong><br />(+14 for winning)
|l|☆digiwayne003
|player|p1|
|l|☆refind
|player|p2|
