|j|☆KingKaluba128
|j|☆sofbar
|t:|1758990504
|gametype|singles
|player|p1|KingKaluba128|caitlin|1203
|player|p2|sofbar|miku-water|1138
|gen|9
|tier|[Gen 9] OU
|rated|
|rule|HP Percentage Mod: HP is shown in percentages
|rule|Endless Battle Clause: Forcing endless battles is banned
|rule|Species Clause: Limit one of each Pokémon
|rule|OHKO Clause: OHKO moves are banned
|rule|Evasion Items Clause: Evasion items are banned
|rule|Evasion Moves Clause: Evasion moves are banned
|rule|Evasion Abilities Clause: Evasion abilities are banned
|rule|Sleep Moves Clause: Sleep-inducing moves are banned
|clearpoke
|poke|p1|Iron Crown|
|poke|p1|Probopass, M|
|poke|p1|Grimmsnarl, M|
|poke|p1|Gholdengo|
|poke|p1|Dragonite, M|
|poke|p1|Glimmora, M|
|poke|p2|Gligar, M|
|poke|p2|Toxtricity, M|
|poke|p2|Moltres-Galar|
|poke|p2|Cryogonal|
|poke|p2|Iron Valiant|
|poke|p2|Revavroom, M|
|teampreview
|inactive|Battle timer is ON: inactive players will automatically lose when time's up. (requested by sofbar)
|
|t:|1758990512
|teamsize|p1|6
|teamsize|p2|6
|start
|switch|p1a: Grimmsnarl|Grimmsnarl, M|100/100
|switch|p2a: Anti-Gliscor|Gligar, M|100/100
|turn|1
|
|t:|1758990515
|move|p1a: Grimmsnarl|Taunt|p2a: Anti-Gliscor
|-start|p2a: Anti-Gliscor|move: Taunt
|cant|p2a: Anti-Gliscor|move: Taunt|Stealth Rock
|
|upkeep
|turn|2
|
|t:|1758990519
|move|p1a: Grimmsnarl|Reflect|p1a: Grimmsnarl
|-sidestart|p1: KingKaluba128|Reflect
|move|p2a: Anti-Gliscor|Knock Off|p1a: Grimmsnarl
|-resisted|p1a: Grimmsnarl
|-damage|p1a: Grimmsnarl|98/100
|-enditem|p1a: Grimmsnarl|Light Clay|[from] move: Knock Off|[of] p2a: Anti-Gliscor
|
|upkeep
|turn|3
|
|t:|1758990525
|move|p1a: Grimmsnarl|Light Screen|p1a: Grimmsnarl
|-sidestart|p1: KingKaluba128|move: Light Screen
|move|p2a: Anti-Gliscor|Ice Fang|p1a: Grimmsnarl
|-damage|p1a: Grimmsnarl|90/100
|
|-end|p2a: Anti-Gliscor|move: Taunt
|upkeep
|turn|4
|
|t:|1758990535
|move|p1a: Grimmsnarl|Parting Shot|p2a: Anti-Gliscor
|-unboost|p2a: Anti-Gliscor|atk|1
|-unboost|p2a: Anti-Gliscor|spa|1
|
|t:|1758990539
|switch|p1a: Iron Crown|Iron Crown|100/100|[from] Parting Shot
|move|p2a: Anti-Gliscor|Ice Fang|p1a: Iron Crown|[miss]
|-miss|p2a: Anti-Gliscor|p1a: Iron Crown
|
|upkeep
|turn|5
|
|t:|1758990542
|move|p1a: Iron Crown|Calm Mind|p1a: Iron Crown
|-boost|p1a: Iron Crown|spa|1
|-boost|p1a: Iron Crown|spd|1
|move|p2a: Anti-Gliscor|Stealth Rock|p1a: Iron Crown
|-sidestart|p1: KingKaluba128|move: Stealth Rock
|
|upkeep
|turn|6
|
|t:|1758990546
|move|p1a: Iron Crown|Calm Mind|p1a: Iron Crown
|-boost|p1a: Iron Crown|spa|1
|-boost|p1a: Iron Crown|spd|1
|move|p2a: Anti-Gliscor|Knock Off|p1a: Iron Crown
|-supereffective|p1a: Iron Crown
|-crit|p1a: Iron Crown
|-damage|p1a: Iron Crown|64/100
|-enditem|p1a: Iron Crown|Weakness Policy
|-boost|p1a: Iron Crown|atk|2|[from] item: Weakness Policy
|-boost|p1a: Iron Crown|spa|2|[from] item: Weakness Policy
|
|upkeep
|turn|7
|inactive|sofbar has 120 seconds left.
|
|t:|1758990596
|move|p1a: Iron Crown|Agility|p1a: Iron Crown
|-boost|p1a: Iron Crown|spe|2
|move|p2a: Anti-Gliscor|U-turn|p1a: Iron Crown
|-damage|p1a: Iron Crown|61/100
|
|t:|1758990600
|switch|p2a: Something?|Revavroom, M|100/100|[from] U-turn
|
|-sideend|p1: KingKaluba128|move: Light Screen
|upkeep
|turn|8
|
|t:|1758990607
|move|p1a: Iron Crown|Stored Power|p2a: Something?
|-damage|p2a: Something?|0 fnt
|faint|p2a: Something?
|
|upkeep
|
|t:|1758990610
|switch|p2a: Anti-Whatever|Moltres-Galar|100/100
|turn|9
|
|t:|1758990618
|move|p1a: Iron Crown|Tachyon Cutter|p2a: Anti-Whatever
|-damage|p2a: Anti-Whatever|48/100
|-enditem|p2a: Anti-Whatever|Sitrus Berry|[eat]
|-heal|p2a: Anti-Whatever|73/100|[from] item: Sitrus Berry
|-damage|p2a: Anti-Whatever|20/100
|-hitcount|p2a: Anti-Whatever|2
|-ability|p2a: Anti-Whatever|Berserk|boost
|-boost|p2a: Anti-Whatever|spa|1
|move|p2a: Anti-Whatever|Fiery Wrath|p1a: Iron Crown
|-supereffective|p1a: Iron Crown
|-damage|p1a: Iron Crown|8/100
|
|-sideend|p1: KingKaluba128|Reflect
|upkeep
|turn|10
|
|t:|1758990627
|move|p1a: Iron Crown|Tachyon Cutter|p2a: Anti-Whatever
|-damage|p2a: Anti-Whatever|0 fnt
|faint|p2a: Anti-Whatever
|-hitcount|p2: Anti-Whatever|1
|
|upkeep
|
|t:|1758990636
|switch|p2a: Anti-Gliscor|Gligar, M|100/100
|turn|11
|
|t:|1758990644
|move|p1a: Iron Crown|Stored Power|p2a: Anti-Gliscor
|-damage|p2a: Anti-Gliscor|0 fnt
|faint|p2a: Anti-Gliscor
|
|upkeep
|
|t:|1758990648
|switch|p2a: Anti-WhatWorks|Iron Valiant|100/100
|-enditem|p2a: Anti-WhatWorks|Booster Energy
|-activate|p2a: Anti-WhatWorks|ability: Quark Drive|[fromitem]
|-start|p2a: Anti-WhatWorks|quarkdrivespe
|turn|12
|
|t:|1758990662
|move|p2a: Anti-WhatWorks|Knock Off|p1a: Iron Crown
|-supereffective|p1a: Iron Crown
|-damage|p1a: Iron Crown|0 fnt
|faint|p1a: Iron Crown
|-end|p1a: Iron Crown|Quark Drive|[silent]
|
|upkeep
|
|t:|1758990675
|switch|p1a: Grimmsnarl|Grimmsnarl, M|90/100
|-damage|p1a: Grimmsnarl|78/100|[from] Stealth Rock
|turn|13
|
|t:|1758990678
|move|p1a: Grimmsnarl|Reflect|p1a: Grimmsnarl
|-sidestart|p1: KingKaluba128|Reflect
|move|p2a: Anti-WhatWorks|Moonblast|p1a: Grimmsnarl
|-supereffective|p1a: Grimmsnarl
|-damage|p1a: Grimmsnarl|10/100
|
|upkeep
|turn|14
|
|t:|1758990696
|move|p1a: Grimmsnarl|Light Screen|p1a: Grimmsnarl
|-sidestart|p1: KingKaluba128|move: Light Screen
|move|p2a: Anti-WhatWorks|Moonblast|p1a: Grimmsnarl
|-supereffective|p1a: Grimmsnarl
|-crit|p1a: Grimmsnarl
|-damage|p1a: Grimmsnarl|0 fnt
|faint|p1a: Grimmsnarl
|
|upkeep
|
|t:|1758990705
|switch|p1a: Gholdengo|Gholdengo|100/100
|-damage|p1a: Gholdengo|94/100|[from] Stealth Rock
|turn|15
|
|t:|1758990709
|move|p2a: Anti-WhatWorks|Knock Off|p1a: Gholdengo
|-supereffective|p1a: Gholdengo
|-damage|p1a: Gholdengo|68/100
|-enditem|p1a: Gholdengo|Leftovers|[from] move: Knock Off|[of] p2a: Anti-WhatWorks
|move|p1a: Gholdengo|Nasty Plot|p1a: Gholdengo
|-boost|p1a: Gholdengo|spa|2
|
|upkeep
|turn|16
|
|t:|1758990728
|move|p2a: Anti-WhatWorks|Moonblast|p1a: Gholdengo
|-resisted|p1a: Gholdengo
|-damage|p1a: Gholdengo|61/100
|move|p1a: Gholdengo|Make It Rain|p2a: Anti-WhatWorks
|-supereffective|p2a: Anti-WhatWorks
|-damage|p2a: Anti-WhatWorks|0 fnt
|-unboost|p1a: Gholdengo|spa|1
|faint|p2a: Anti-WhatWorks
|-end|p2a: Anti-WhatWorks|Quark Drive|[silent]
|
|upkeep
|
|t:|1758990730
|switch|p2a: Works|Toxtricity, M|100/100
|turn|17
|
|t:|1758990737
|move|p2a: Works|Shift Gear|p2a: Works
|-boost|p2a: Works|spe|2
|-boost|p2a: Works|atk|1
|move|p1a: Gholdengo|Shadow Ball|p2a: Works
|-damage|p2a: Works|18/100
|-unboost|p2a: Works|spd|1
|
|-sideend|p1: KingKaluba128|Reflect
|upkeep
|turn|18
|
|t:|1758990743
|move|p2a: Works|Psychic Noise|p1a: Gholdengo
|-resisted|p1a: Gholdengo
|-damage|p1a: Gholdengo|56/100
|-start|p1a: Gholdengo|move: Heal Block
|-enditem|p2a: Works|Throat Spray
|-boost|p2a: Works|spa|1|[from] item: Throat Spray
|move|p1a: Gholdengo|Shadow Ball|p2a: Works
|-damage|p2a: Works|0 fnt
|faint|p2a: Works
|
|-sideend|p1: KingKaluba128|move: Light Screen
|upkeep
|
|t:|1758990747
|switch|p2a: DIE Gliscor|Cryogonal|100/100
|turn|19
|
|t:|1758990749
|move|p2a: DIE Gliscor|Ice Beam|p1a: Gholdengo
|-resisted|p1a: Gholdengo
|-damage|p1a: Gholdengo|44/100
|move|p1a: Gholdengo|Make It Rain|p2a: DIE Gliscor
|-supereffective|p2a: DIE Gliscor
|-damage|p2a: DIE Gliscor|0 fnt
|-unboost|p1a: Gholdengo|spa|1
|faint|p2a: DIE Gliscor
|
|win|KingKaluba128
|raw|KingKaluba128's rating: 1203 &rarr; <strong>1223</strong><br />(+20 for winning)
|raw|sofbar's rating: 1138 &rarr; <strong>1118</strong><br />(-20 for losing)
|l|☆sofbar
|player|p2|
|l|☆KingKaluba128
|player|p1|
