|j|☆Rising Ursaring
|j|☆Sheeeesus
|t:|1759071466
|gametype|singles
|player|p1|Rising Ursaring|burglar|1498
|player|p2|Sheeeesus|ghetsis|1417
|gen|9
|tier|[Gen 9] OU
|rated|
|rule|HP Percentage Mod: HP is shown in percentages
|rule|Endless Battle Clause: Forcing endless battles is banned
|rule|Species Clause: Limit one of each Pokémon
|rule|OHKO Clause: OHKO moves are banned
|rule|Evasion Items Clause: Evasion items are banned
|rule|Evasion Moves Clause: Evasion moves are banned
|rule|Evasion Abilities Clause: Evasion abilities are banned
|rule|Sleep Moves Clause: Sleep-inducing moves are banned
|clearpoke
|poke|p1|Raging Bolt|
|poke|p1|Wo-Chien|
|poke|p1|Empoleon, M|
|poke|p1|Ceruledge, M|
|poke|p1|Weezing-Galar, M|
|poke|p1|Landorus-Therian, M|
|poke|p2|Dragonite, F|
|poke|p2|Gholdengo|
|poke|p2|Regidrago|
|poke|p2|Scizor, F|
|poke|p2|Ting-Lu|
|poke|p2|Weezing-Galar, M|
|teampreview
|inactive|Battle timer is ON: inactive players will automatically lose when time's up. (requested by Rising Ursaring)
|
|t:|1759071483
|teamsize|p1|6
|teamsize|p2|6
|start
|switch|p1a: Landorus|Landorus-Therian, M|100/100
|switch|p2a: Ting-Lu|Ting-Lu|100/100
|-ability|p1a: Landorus|Intimidate|boost
|-unboost|p2a: Ting-Lu|atk|1
|-ability|p2a: Ting-Lu|Vessel of Ruin
|turn|1
|inactive|Rising Ursaring has 120 seconds left.
|inactive|Rising Ursaring has 90 seconds left.
|
|t:|1759071563
|move|p1a: Landorus|U-turn|p2a: Ting-Lu
|-supereffective|p2a: Ting-Lu
|-damage|p2a: Ting-Lu|73/100
|
|t:|1759071567
|switch|p1a: Wo-Chien|Wo-Chien|100/100|[from] U-turn
|-ability|p1a: Wo-Chien|Tablets of Ruin
|move|p2a: Ting-Lu|Ruination|p1a: Wo-Chien
|-damage|p1a: Wo-Chien|50/100
|
|-heal|p1a: Wo-Chien|57/100|[from] item: Leftovers
|-heal|p2a: Ting-Lu|79/100|[from] item: Leftovers
|upkeep
|turn|2
|
|t:|1759071576
|move|p1a: Wo-Chien|Leech Seed|p2a: Ting-Lu
|-start|p2a: Ting-Lu|move: Leech Seed
|move|p2a: Ting-Lu|Stealth Rock|p1a: Wo-Chien
|-sidestart|p1: Rising Ursaring|move: Stealth Rock
|
|-heal|p1a: Wo-Chien|63/100|[from] item: Leftovers
|-heal|p2a: Ting-Lu|86/100|[from] item: Leftovers
|-damage|p2a: Ting-Lu|73/100|[from] Leech Seed|[of] p1a: Wo-Chien
|-heal|p1a: Wo-Chien|80/100|[silent]
|upkeep
|turn|3
|inactive|Rising Ursaring has 90 seconds left.
|
|t:|1759071610
|switch|p2a: Gholdengo|Gholdengo|100/100
|move|p1a: Wo-Chien|Ruination|p2a: Gholdengo
|-damage|p2a: Gholdengo|51/100
|
|-heal|p1a: Wo-Chien|86/100|[from] item: Leftovers
|upkeep
|turn|4
|
|t:|1759071616
|move|p2a: Gholdengo|Recover|p2a: Gholdengo
|-heal|p2a: Gholdengo|100/100
|move|p1a: Wo-Chien|Knock Off|p2a: Gholdengo
|-supereffective|p2a: Gholdengo
|-damage|p2a: Gholdengo|39/100
|-enditem|p2a: Gholdengo|Metal Coat|[from] move: Knock Off|[of] p1a: Wo-Chien
|
|-heal|p1a: Wo-Chien|92/100|[from] item: Leftovers
|upkeep
|turn|5
|
|t:|1759071633
|move|p2a: Gholdengo|Recover|p2a: Gholdengo
|-heal|p2a: Gholdengo|89/100
|move|p1a: Wo-Chien|Leech Seed|p2a: Gholdengo
|-immune|p2a: Gholdengo|[from] ability: Good as Gold
|
|-heal|p1a: Wo-Chien|98/100|[from] item: Leftovers
|upkeep
|turn|6
|
|t:|1759071637
|move|p2a: Gholdengo|Make It Rain|p1a: Wo-Chien
|-damage|p1a: Wo-Chien|61/100
|-unboost|p2a: Gholdengo|spa|1
|move|p1a: Wo-Chien|Leech Seed|p2a: Gholdengo
|-immune|p2a: Gholdengo|[from] ability: Good as Gold
|
|-heal|p1a: Wo-Chien|67/100|[from] item: Leftovers
|upkeep
|turn|7
|
|t:|1759071642
|move|p2a: Gholdengo|Nasty Plot|p2a: Gholdengo
|-boost|p2a: Gholdengo|spa|2
|move|p1a: Wo-Chien|Leech Seed|p2a: Gholdengo
|-immune|p2a: Gholdengo|[from] ability: Good as Gold
|
|-heal|p1a: Wo-Chien|73/100|[from] item: Leftovers
|upkeep
|turn|8
|c|☆Rising Ursaring|Am I stupid
|c|☆Rising Ursaring|I've just been skipping the turns
|inactive|Rising Ursaring has 90 seconds left.
|c|☆Rising Ursaring|And assuming leech seed kept missing
|c|☆Rising Ursaring|Lmao
|
|t:|1759071660
|move|p2a: Gholdengo|Make It Rain|p1a: Wo-Chien
|-damage|p1a: Wo-Chien|17/100
|-unboost|p2a: Gholdengo|spa|1
|move|p1a: Wo-Chien|Knock Off|p2a: Gholdengo
|-supereffective|p2a: Gholdengo
|-damage|p2a: Gholdengo|47/100
|
|-heal|p1a: Wo-Chien|23/100|[from] item: Leftovers
|upkeep
|turn|9
|
|t:|1759071667
|move|p1a: Wo-Chien|Protect|p1a: Wo-Chien
|-singleturn|p1a: Wo-Chien|Protect
|move|p2a: Gholdengo|Nasty Plot|p2a: Gholdengo
|-boost|p2a: Gholdengo|spa|2
|
|-heal|p1a: Wo-Chien|29/100|[from] item: Leftovers
|upkeep
|turn|10
|
|t:|1759071669
|move|p2a: Gholdengo|Recover|p2a: Gholdengo
|-heal|p2a: Gholdengo|97/100
|move|p1a: Wo-Chien|Knock Off|p2a: Gholdengo
|-supereffective|p2a: Gholdengo
|-damage|p2a: Gholdengo|55/100
|
|-heal|p1a: Wo-Chien|36/100|[from] item: Leftovers
|upkeep
|turn|11
|
|t:|1759071675
|move|p2a: Gholdengo|Make It Rain|p1a: Wo-Chien
|-damage|p1a: Wo-Chien|0 fnt
|-unboost|p2a: Gholdengo|spa|1
|faint|p1a: Wo-Chien
|
|upkeep
|
|t:|1759071685
|switch|p1a: Landorus|Landorus-Therian, M|100/100
|-damage|p1a: Landorus|88/100|[from] Stealth Rock
|-ability|p1a: Landorus|Intimidate|boost
|-unboost|p2a: Gholdengo|atk|1
|turn|12
|
|t:|1759071689
|switch|p2a: Ting-Lu|Ting-Lu|73/100
|-ability|p2a: Ting-Lu|Vessel of Ruin
|move|p1a: Landorus|Earthquake|p2a: Ting-Lu
|-damage|p2a: Ting-Lu|43/100
|
|-heal|p2a: Ting-Lu|49/100|[from] item: Leftovers
|upkeep
|turn|13
|inactive|Rising Ursaring has 120 seconds left.
|
|t:|1759071701
|switch|p1a: Weezing|Weezing-Galar, M|100/100
|-ability|p1a: Weezing|Neutralizing Gas
|-damage|p1a: Weezing|88/100|[from] Stealth Rock
|move|p2a: Ting-Lu|Ruination|p1a: Weezing
|-damage|p1a: Weezing|45/100
|
|-heal|p2a: Ting-Lu|56/100|[from] item: Leftovers
|upkeep
|turn|14
|
|t:|1759071711
|move|p1a: Weezing|Pain Split|p2a: Ting-Lu
|-sethp|p2a: Ting-Lu|42/100|[from] move: Pain Split|[silent]
|-sethp|p1a: Weezing|65/100|[from] move: Pain Split
|move|p2a: Ting-Lu|Earthquake|p1a: Weezing
|-supereffective|p1a: Weezing
|-damage|p1a: Weezing|16/100
|
|-heal|p2a: Ting-Lu|49/100|[from] item: Leftovers
|upkeep
|turn|15
|
|t:|1759071721
|move|p1a: Weezing|Strange Steam|p2a: Ting-Lu
|-supereffective|p2a: Ting-Lu
|-crit|p2a: Ting-Lu
|-damage|p2a: Ting-Lu|6/100
|move|p2a: Ting-Lu|Earthquake|p1a: Weezing
|-supereffective|p1a: Weezing
|-damage|p1a: Weezing|0 fnt
|faint|p1a: Weezing
|-end|p1a: Weezing|ability: Neutralizing Gas
|-ability|p2a: Ting-Lu|Vessel of Ruin
|
|-heal|p2a: Ting-Lu|12/100|[from] item: Leftovers
|upkeep
|
|t:|1759071731
|switch|p1a: Empoleon|Empoleon, M|100/100
|-damage|p1a: Empoleon|94/100|[from] Stealth Rock
|turn|16
|
|t:|1759071742
|move|p1a: Empoleon|Surf|p2a: Ting-Lu
|-supereffective|p2a: Ting-Lu
|-damage|p2a: Ting-Lu|0 fnt
|faint|p2a: Ting-Lu
|
|-heal|p1a: Empoleon|100/100|[from] item: Leftovers
|upkeep
|
|t:|1759071750
|switch|p2a: Scizor|Scizor, F|100/100
|turn|17
|
|t:|1759071773
|move|p2a: Scizor|Knock Off|p1a: Empoleon
|-damage|p1a: Empoleon|47/100
|-enditem|p1a: Empoleon|Leftovers|[from] move: Knock Off|[of] p2a: Scizor
|move|p1a: Empoleon|Stealth Rock|p2a: Scizor
|-sidestart|p2: Sheeeesus|move: Stealth Rock
|
|upkeep
|turn|18
|
|t:|1759071780
|switch|p2a: Weezing|Weezing-Galar, M|100/100
|-ability|p2a: Weezing|Neutralizing Gas
|move|p1a: Empoleon|Roost|p1a: Empoleon
|-heal|p1a: Empoleon|97/100
|-singleturn|p1a: Empoleon|move: Roost
|
|upkeep
|turn|19
|
|t:|1759071789
|move|p2a: Weezing|Defog|p1a: Empoleon
|-unboost|p1a: Empoleon|evasion|1
|-sideend|p1: Rising Ursaring|Stealth Rock|[from] move: Defog|[of] p2a: Weezing
|-sideend|p2: Sheeeesus|Stealth Rock|[from] move: Defog|[of] p2a: Weezing
|move|p1a: Empoleon|Knock Off|p2a: Weezing
|-resisted|p2a: Weezing
|-damage|p2a: Weezing|96/100
|-enditem|p2a: Weezing|Heavy-Duty Boots|[from] move: Knock Off|[of] p1a: Empoleon
|
|upkeep
|turn|20
|
|t:|1759071796
|move|p2a: Weezing|Will-O-Wisp|p1a: Empoleon
|-status|p1a: Empoleon|brn
|move|p1a: Empoleon|Stealth Rock|p2a: Weezing
|-sidestart|p2: Sheeeesus|move: Stealth Rock
|
|-damage|p1a: Empoleon|91/100 brn|[from] brn
|upkeep
|turn|21
|
|t:|1759071800
|move|p1a: Empoleon|Surf|p2a: Weezing
|-damage|p2a: Weezing|48/100
|move|p2a: Weezing|Defog|p1a: Empoleon
|-unboost|p1a: Empoleon|evasion|1
|-sideend|p2: Sheeeesus|Stealth Rock|[from] move: Defog|[of] p2a: Weezing
|
|-damage|p1a: Empoleon|85/100 brn|[from] brn
|upkeep
|turn|22
|
|t:|1759071809
|move|p2a: Weezing|Pain Split|p1a: Empoleon
|-sethp|p1a: Empoleon|64/100 brn|[from] move: Pain Split|[silent]
|-sethp|p2a: Weezing|71/100|[from] move: Pain Split
|move|p1a: Empoleon|Surf|p2a: Weezing
|-damage|p2a: Weezing|25/100
|
|-damage|p1a: Empoleon|58/100 brn|[from] brn
|upkeep
|turn|23
|inactive|Rising Ursaring has 120 seconds left.
|
|t:|1759071859
|-end|p2a: Weezing|ability: Neutralizing Gas
|switch|p2a: Scizor|Scizor, F|100/100
|move|p1a: Empoleon|Surf|p2a: Scizor
|-damage|p2a: Scizor|53/100
|
|-damage|p1a: Empoleon|52/100 brn|[from] brn
|upkeep
|turn|24
|
|t:|1759071865
|move|p2a: Scizor|Close Combat|p1a: Empoleon
|-supereffective|p1a: Empoleon
|-damage|p1a: Empoleon|0 fnt
|-unboost|p2a: Scizor|def|1
|-unboost|p2a: Scizor|spd|1
|faint|p1a: Empoleon
|
|upkeep
|
|t:|1759071870
|switch|p1a: Raging Bolt|Raging Bolt|100/100
|turn|25
|
|t:|1759071876
|switch|p2a: Weezing|Weezing-Galar, M|25/100
|-ability|p2a: Weezing|Neutralizing Gas
|move|p1a: Raging Bolt|Thunderbolt|p2a: Weezing
|-damage|p2a: Weezing|0 fnt
|faint|p2a: Weezing
|-end|p2a: Weezing|ability: Neutralizing Gas
|
|upkeep
|
|t:|1759071887
|switch|p2a: Regidrago|Regidrago|100/100
|turn|26
|
|t:|1759071893
|-terastallize|p1a: Raging Bolt|Fairy
|move|p2a: Regidrago|Dragon Energy|p1a: Raging Bolt
|-immune|p1a: Raging Bolt
|move|p1a: Raging Bolt|Dragon Pulse|p2a: Regidrago
|-supereffective|p2a: Regidrago
|-damage|p2a: Regidrago|0 fnt
|faint|p2a: Regidrago
|
|upkeep
|
|t:|1759071901
|switch|p2a: Scizor|Scizor, F|53/100
|turn|27
|
|t:|1759071909
|move|p1a: Raging Bolt|Thunderclap|p2a: Scizor
|-damage|p2a: Scizor|0 fnt
|faint|p2a: Scizor
|
|upkeep
|
|t:|1759071912
|switch|p2a: Gholdengo|Gholdengo|55/100
|turn|28
|
|t:|1759071915
|move|p2a: Gholdengo|Recover|p2a: Gholdengo
|-heal|p2a: Gholdengo|100/100
|move|p1a: Raging Bolt|Thunderbolt|p2a: Gholdengo
|-crit|p2a: Gholdengo
|-damage|p2a: Gholdengo|4/100
|-status|p2a: Gholdengo|par
|
|upkeep
|turn|29
|
|t:|1759071923
|move|p1a: Raging Bolt|Thunderbolt|p2a: Gholdengo
|-damage|p2a: Gholdengo|0 fnt
|faint|p2a: Gholdengo
|
|upkeep
|
|t:|1759071926
|switch|p2a: Dragonite|Dragonite, F|100/100
|turn|30
|
|t:|1759071932
|move|p1a: Raging Bolt|Dragon Pulse|p2a: Dragonite
|-supereffective|p2a: Dragonite
|-damage|p2a: Dragonite|53/100
|move|p2a: Dragonite|Dragon Dance|p2a: Dragonite
|-boost|p2a: Dragonite|atk|1
|-boost|p2a: Dragonite|spe|1
|
|upkeep
|turn|31
|
|t:|1759071936
|-terastallize|p2a: Dragonite|Normal
|move|p2a: Dragonite|Roost|p2a: Dragonite
|-heal|p2a: Dragonite|100/100
|move|p1a: Raging Bolt|Dragon Pulse|p2a: Dragonite
|-damage|p2a: Dragonite|76/100
|
|upkeep
|turn|32
|
|t:|1759071942
|move|p2a: Dragonite|Dragon Dance|p2a: Dragonite
|-boost|p2a: Dragonite|atk|1
|-boost|p2a: Dragonite|spe|1
|move|p1a: Raging Bolt|Volt Switch|p2a: Dragonite
|-damage|p2a: Dragonite|35/100
|
|t:|1759071945
|-end|p1a: Raging Bolt|Protosynthesis|[silent]
|switch|p1a: Landorus|Landorus-Therian, M|88/100|[from] Volt Switch
|-ability|p1a: Landorus|Intimidate|boost
|-unboost|p2a: Dragonite|atk|1
|
|upkeep
|turn|33
|
|t:|1759071949
|move|p2a: Dragonite|Roost|p2a: Dragonite
|-heal|p2a: Dragonite|85/100
|move|p1a: Landorus|Earthquake|p2a: Dragonite
|-damage|p2a: Dragonite|23/100
|
|upkeep
|turn|34
|c|☆Rising Ursaring|gg
|
|t:|1759071955
|move|p2a: Dragonite|Extreme Speed|p1a: Landorus
|-damage|p1a: Landorus|0 fnt
|faint|p1a: Landorus
|
|upkeep
|
|t:|1759071964
|switch|p1a: Ceruledge|Ceruledge, M|100/100
|turn|35
|
|t:|1759071967
|move|p2a: Dragonite|Earthquake|p1a: Ceruledge
|-supereffective|p1a: Ceruledge
|-enditem|p1a: Ceruledge|Focus Sash
|-damage|p1a: Ceruledge|1/100
|-ability|p1a: Ceruledge|Weak Armor|boost
|-unboost|p1a: Ceruledge|def|1
|-boost|p1a: Ceruledge|spe|2
|move|p1a: Ceruledge|Bitter Blade|p2a: Dragonite
|-damage|p2a: Dragonite|0 fnt
|-heal|p1a: Ceruledge|14/100|[from] drain|[of] p2a: Dragonite
|faint|p2a: Dragonite
|
|win|Rising Ursaring
|raw|Rising Ursaring's rating: 1498 &rarr; <strong>1513</strong><br />(+15 for winning)
|raw|Sheeeesus's rating: 1417 &rarr; <strong>1402</strong><br />(-15 for losing)
|l|☆Sheeeesus
|player|p2|
|l|☆Rising Ursaring
|player|p1|
