|j|‽JKRider
|j|☆bordercauley
|t:|1759014139
|gametype|singles
|player|p1|JKRider|265|1496
|player|p2|bordercauley|265|1521
|gen|9
|tier|[Gen 9] OU
|rated|
|rule|HP Percentage Mod: HP is shown in percentages
|rule|Endless Battle Clause: Forcing endless battles is banned
|rule|Species Clause: Limit one of each Pokémon
|rule|OHKO Clause: OHKO moves are banned
|rule|Evasion Items Clause: Evasion items are banned
|rule|Evasion Moves Clause: Evasion moves are banned
|rule|Evasion Abilities Clause: Evasion abilities are banned
|rule|Sleep Moves Clause: Sleep-inducing moves are banned
|clearpoke
|poke|p1|Great Tusk|
|poke|p1|Samurott-Hisui, M|
|poke|p1|Dragonite, M|
|poke|p1|Slowking-Galar, F|
|poke|p1|Iron Valiant|
|poke|p1|Gholdengo|
|poke|p2|Meowscarada, F|
|poke|p2|Pelipper, M|
|poke|p2|Floatzel, M|
|poke|p2|Quaquaval, M|
|poke|p2|Sinistcha|
|poke|p2|Kilowattrel, F|
|teampreview
|inactive|Battle timer is ON: inactive players will automatically lose when time's up. (requested by JKRider)
|inactive|bordercauley has 120 seconds left.
|
|t:|1759014184
|teamsize|p1|6
|teamsize|p2|6
|start
|switch|p1a: Samurott|Samurott-Hisui, M|100/100
|switch|p2a: Cat|Meowscarada, F|100/100
|turn|1
|
|t:|1759014191
|switch|p1a: Slowking|Slowking-Galar, F|100/100
|move|p2a: Cat|Spikes|p1a: Slowking
|-sidestart|p1: JKRider|Spikes
|
|upkeep
|turn|2
|
|t:|1759014199
|move|p2a: Cat|Knock Off|p1a: Slowking
|-supereffective|p1a: Slowking
|-enditem|p1a: Slowking|Colbur Berry|[eat]
|-enditem|p1a: Slowking|Colbur Berry|[weaken]
|-damage|p1a: Slowking|63/100
|move|p1a: Slowking|Sludge Bomb|p2a: Cat
|-supereffective|p2a: Cat
|-enditem|p2a: Cat|Focus Sash
|-damage|p2a: Cat|1/100
|-status|p2a: Cat|psn
|
|-damage|p2a: Cat|0 fnt|[from] psn
|faint|p2a: Cat
|upkeep
|
|t:|1759014205
|switch|p2a: Bird|Pelipper, M|100/100
|-weather|RainDance|[from] ability: Drizzle|[of] p2a: Bird
|turn|3
|
|t:|1759014215
|move|p2a: Bird|U-turn|p1a: Slowking
|-damage|p1a: Slowking|54/100
|
|t:|1759014221
|switch|p2a: Bird2|Kilowattrel, F|100/100|[from] U-turn
|-prepare|p1a: Slowking|Chilly Reception|[premajor]
|move|p1a: Slowking|Chilly Reception|p1a: Slowking
|-weather|Snowscape
|
|t:|1759014236
|switch|p1a: Dragonite|Dragonite, M|100/100|[from] Chilly Reception
|
|-weather|Snowscape|[upkeep]
|upkeep
|turn|4
|
|t:|1759014242
|move|p2a: Bird2|Weather Ball|p1a: Dragonite
|-supereffective|p1a: Dragonite
|-damage|p1a: Dragonite|4/100
|move|p1a: Dragonite|Outrage|p2a: Bird2
|-damage|p2a: Bird2|0 fnt
|faint|p2a: Bird2
|
|-weather|Snowscape|[upkeep]
|upkeep
|
|t:|1759014253
|switch|p2a: Bird|Pelipper, M|100/100
|-weather|RainDance|[from] ability: Drizzle|[of] p2a: Bird
|turn|5
|
|t:|1759014258
|move|p1a: Dragonite|Outrage|p2a: Bird|[from] lockedmove
|-damage|p2a: Bird|19/100
|-start|p1a: Dragonite|confusion|[fatigue]
|move|p2a: Bird|U-turn|p1a: Dragonite
|-resisted|p1a: Dragonite
|-damage|p1a: Dragonite|0 fnt
|faint|p1a: Dragonite
|
|t:|1759014265
|switch|p2a: Weasel|Floatzel, M|100/100|[from] U-turn
|
|-weather|RainDance|[upkeep]
|upkeep
|
|t:|1759014271
|switch|p1a: Great Tusk|Great Tusk|100/100
|-damage|p1a: Great Tusk|88/100|[from] Spikes
|turn|6
|
|t:|1759014277
|switch|p2a: Tea|Sinistcha|100/100
|-terastallize|p1a: Great Tusk|Water
|move|p1a: Great Tusk|Rapid Spin|p2a: Tea
|-immune|p2a: Tea
|
|-weather|RainDance|[upkeep]
|-heal|p1a: Great Tusk|94/100|[from] item: Leftovers
|upkeep
|turn|7
|
|t:|1759014288
|-end|p1a: Great Tusk|Protosynthesis|[silent]
|switch|p1a: Slowking|Slowking-Galar, F|87/100
|-damage|p1a: Slowking|74/100|[from] Spikes
|move|p2a: Tea|Shadow Ball|p1a: Slowking
|-supereffective|p1a: Slowking
|-damage|p1a: Slowking|28/100
|
|-weather|RainDance|[upkeep]
|upkeep
|turn|8
|
|t:|1759014297
|switch|p1a: Samurott|Samurott-Hisui, M|100/100
|-damage|p1a: Samurott|88/100|[from] Spikes
|move|p2a: Tea|Shadow Ball|p1a: Samurott
|-resisted|p1a: Samurott
|-damage|p1a: Samurott|65/100
|
|-weather|RainDance|[upkeep]
|upkeep
|turn|9
|
|t:|1759014306
|move|p1a: Samurott|Ceaseless Edge|p2a: Tea
|-supereffective|p2a: Tea
|-damage|p2a: Tea|39/100
|-sidestart|p2: bordercauley|Spikes
|move|p2a: Tea|Strength Sap|p1a: Samurott
|-unboost|p1a: Samurott|atk|1
|-heal|p2a: Tea|100/100
|
|-weather|RainDance|[upkeep]
|upkeep
|turn|10
|
|t:|1759014315
|move|p1a: Samurott|Ceaseless Edge|p2a: Tea
|-supereffective|p2a: Tea
|-damage|p2a: Tea|55/100
|-sidestart|p2: bordercauley|Spikes
|move|p2a: Tea|Calm Mind|p2a: Tea
|-boost|p2a: Tea|spa|1
|-boost|p2a: Tea|spd|1
|
|-weather|RainDance|[upkeep]
|-heal|p2a: Tea|61/100|[from] item: Leftovers
|upkeep
|turn|11
|
|t:|1759014327
|move|p1a: Samurott|Ceaseless Edge|p2a: Tea|[miss]
|-miss|p1a: Samurott|p2a: Tea
|move|p2a: Tea|Strength Sap|p1a: Samurott
|-unboost|p1a: Samurott|atk|1
|-heal|p2a: Tea|100/100
|
|-weather|RainDance|[upkeep]
|upkeep
|turn|12
|
|t:|1759014336
|switch|p1a: Gholdengo|Gholdengo|100/100
|-damage|p1a: Gholdengo|88/100|[from] Spikes
|move|p2a: Tea|Matcha Gotcha|p1a: Gholdengo
|-resisted|p1a: Gholdengo
|-damage|p1a: Gholdengo|66/100
|-status|p1a: Gholdengo|brn
|
|-weather|none
|-damage|p1a: Gholdengo|60/100 brn|[from] brn
|upkeep
|turn|13
|
|t:|1759014348
|switch|p2a: Bird|Pelipper, M|19/100
|-weather|RainDance|[from] ability: Drizzle|[of] p2a: Bird
|move|p1a: Gholdengo|Shadow Ball|p2a: Bird
|-damage|p2a: Bird|0 fnt
|faint|p2a: Bird
|
|-weather|RainDance|[upkeep]
|-damage|p1a: Gholdengo|54/100 brn|[from] brn
|upkeep
|
|t:|1759014353
|switch|p2a: Duck|Quaquaval, M|100/100
|-damage|p2a: Duck|84/100|[from] Spikes
|turn|14
|
|t:|1759014362
|move|p2a: Duck|Aqua Step|p1a: Gholdengo
|-damage|p1a: Gholdengo|13/100 brn
|-boost|p2a: Duck|spe|1
|move|p1a: Gholdengo|Shadow Ball|p2a: Duck
|-damage|p2a: Duck|33/100
|
|-weather|RainDance|[upkeep]
|-heal|p2a: Duck|39/100|[from] item: Leftovers
|-damage|p1a: Gholdengo|7/100 brn|[from] brn
|upkeep
|turn|15
|
|t:|1759014375
|switch|p1a: Great Tusk|Great Tusk, tera:Water|94/100
|-damage|p1a: Great Tusk|82/100|[from] Spikes
|move|p2a: Duck|Aqua Step|p1a: Great Tusk
|-resisted|p1a: Great Tusk
|-damage|p1a: Great Tusk|65/100
|-boost|p2a: Duck|spe|1
|
|-weather|RainDance|[upkeep]
|-heal|p2a: Duck|45/100|[from] item: Leftovers
|-heal|p1a: Great Tusk|71/100|[from] item: Leftovers
|upkeep
|turn|16
|
|t:|1759014390
|move|p2a: Duck|Aqua Step|p1a: Great Tusk
|-resisted|p1a: Great Tusk
|-damage|p1a: Great Tusk|56/100
|-boost|p2a: Duck|spe|1
|move|p1a: Great Tusk|Ice Spinner|p2a: Duck
|-resisted|p2a: Duck
|-damage|p2a: Duck|29/100
|
|-weather|RainDance|[upkeep]
|-heal|p2a: Duck|36/100|[from] item: Leftovers
|-heal|p1a: Great Tusk|62/100|[from] item: Leftovers
|upkeep
|turn|17
|
|t:|1759014400
|move|p2a: Duck|Bulk Up|p2a: Duck
|-boost|p2a: Duck|atk|1
|-boost|p2a: Duck|def|1
|move|p1a: Great Tusk|Ice Spinner|p2a: Duck
|-resisted|p2a: Duck
|-damage|p2a: Duck|25/100
|
|-weather|RainDance|[upkeep]
|-heal|p2a: Duck|31/100|[from] item: Leftovers
|-heal|p1a: Great Tusk|68/100|[from] item: Leftovers
|upkeep
|turn|18
|
|t:|1759014410
|move|p2a: Duck|Close Combat|p1a: Great Tusk
|-damage|p1a: Great Tusk|18/100
|-unboost|p2a: Duck|def|1
|-unboost|p2a: Duck|spd|1
|move|p1a: Great Tusk|Bulk Up|p1a: Great Tusk
|-boost|p1a: Great Tusk|atk|1
|-boost|p1a: Great Tusk|def|1
|
|-weather|RainDance|[upkeep]
|-heal|p2a: Duck|37/100|[from] item: Leftovers
|-heal|p1a: Great Tusk|24/100|[from] item: Leftovers
|upkeep
|turn|19
|
|t:|1759014424
|move|p2a: Duck|Close Combat|p1a: Great Tusk
|-damage|p1a: Great Tusk|0 fnt
|-unboost|p2a: Duck|def|1
|-unboost|p2a: Duck|spd|1
|faint|p1a: Great Tusk
|-end|p1a: Great Tusk|Protosynthesis|[silent]
|-ability|p2a: Duck|Moxie|boost
|-boost|p2a: Duck|atk|1
|
|-weather|RainDance|[upkeep]
|-heal|p2a: Duck|43/100|[from] item: Leftovers
|upkeep
|
|t:|1759014439
|switch|p1a: Iron Valiant|Iron Valiant|100/100
|-damage|p1a: Iron Valiant|88/100|[from] Spikes
|-enditem|p1a: Iron Valiant|Booster Energy
|-activate|p1a: Iron Valiant|ability: Quark Drive|[fromitem]
|-start|p1a: Iron Valiant|quarkdrivespe
|turn|20
|
|t:|1759014446
|-terastallize|p2a: Duck|Fairy
|move|p2a: Duck|Aqua Step|p1a: Iron Valiant
|-damage|p1a: Iron Valiant|0 fnt
|-boost|p2a: Duck|spe|1
|faint|p1a: Iron Valiant
|-end|p1a: Iron Valiant|Quark Drive|[silent]
|-ability|p2a: Duck|Moxie|boost
|-boost|p2a: Duck|atk|1
|
|-weather|none
|-heal|p2a: Duck|49/100|[from] item: Leftovers
|upkeep
|-message|JKRider forfeited.
|
|win|bordercauley
|raw|JKRider's rating: 1496 &rarr; <strong>1477</strong><br />(-19 for losing)
|raw|bordercauley's rating: 1521 &rarr; <strong>1540</strong><br />(+19 for winning)
|l|‽JKRider
|player|p1|
|l|☆bordercauley
|player|p2|
