|j|‽Hunter_of_Keys
|j|‽firepowah
|t:|1758926751
|gametype|singles
|player|p1|Hunter_of_Keys|veteran|1559
|player|p2|firepowah|266|1725
|gen|9
|tier|[Gen 9] OU
|rated|
|rule|HP Percentage Mod: HP is shown in percentages
|rule|Endless Battle Clause: Forcing endless battles is banned
|rule|Species Clause: Limit one of each Pokémon
|rule|OHKO Clause: OHKO moves are banned
|rule|Evasion Items Clause: Evasion items are banned
|rule|Evasion Moves Clause: Evasion moves are banned
|rule|Evasion Abilities Clause: Evasion abilities are banned
|rule|Sleep Moves Clause: Sleep-inducing moves are banned
|clearpoke
|poke|p1|Espeon, F|
|poke|p1|Indeedee, M|
|poke|p1|Armarouge, F|
|poke|p1|Gallade, M|
|poke|p1|Cresselia, F|
|poke|p1|Rabsca, F|
|poke|p2|Gliscor, F|
|poke|p2|Samurott-Hisui, M|
|poke|p2|Clefable, M|
|poke|p2|Pecharunt|
|poke|p2|Kingambit, F|
|poke|p2|Moltres|
|teampreview
|inactive|Battle timer is ON: inactive players will automatically lose when time's up. (requested by Hunter_of_Keys)
|inactive|Hunter_of_Keys has 120 seconds left.
|
|t:|1758926783
|teamsize|p1|6
|teamsize|p2|6
|start
|switch|p1a: Gallade|Gallade, M|100/100
|switch|p2a: Samurott|Samurott-Hisui, M|100/100
|turn|1
|
|t:|1758926803
|move|p2a: Samurott|Ceaseless Edge|p1a: Gallade
|-damage|p1a: Gallade|28/100
|-sidestart|p1: Hunter_of_Keys|Spikes
|move|p1a: Gallade|Sacred Sword|p2a: Samurott
|-supereffective|p2a: Samurott
|-enditem|p2a: Samurott|Focus Sash
|-damage|p2a: Samurott|1/100
|
|upkeep
|turn|2
|
|t:|1758926810
|switch|p1a: Cresselia|Cresselia, F|100/100
|move|p2a: Samurott|Aqua Cutter|p1a: Cresselia
|-crit|p1a: Cresselia
|-damage|p1a: Cresselia|58/100
|
|upkeep
|turn|3
|
|t:|1758926816
|move|p2a: Samurott|Knock Off|p1a: Cresselia
|-supereffective|p1a: Cresselia
|-damage|p1a: Cresselia|5/100
|-damage|p2a: Samurott|0 fnt|[from] item: Rocky Helmet|[of] p1a: Cresselia
|faint|p2a: Samurott
|move|p1a: Cresselia|Thunderbolt|p2: Samurott|[notarget]
|-fail|p1a: Cresselia
|
|upkeep
|
|t:|1758926830
|switch|p2a: Gliscor|Gliscor, F, shiny|100/100
|turn|4
|
|t:|1758926839
|move|p2a: Gliscor|Facade|p1a: Cresselia
|-damage|p1a: Cresselia|0 fnt
|-damage|p2a: Gliscor|84/100|[from] item: Rocky Helmet|[of] p1a: Cresselia
|faint|p1a: Cresselia
|
|-status|p2a: Gliscor|tox|[from] item: Toxic Orb
|upkeep
|
|t:|1758926848
|switch|p1a: Indeedee|Indeedee, M|100/100
|-damage|p1a: Indeedee|88/100|[from] Spikes
|-fieldstart|move: Psychic Terrain|[from] ability: Psychic Surge|[of] p1a: Indeedee
|turn|5
|
|t:|1758926871
|move|p2a: Gliscor|Protect|p2a: Gliscor
|-singleturn|p2a: Gliscor|Protect
|move|p1a: Indeedee|Expanding Force|p2a: Gliscor
|-activate|p2a: Gliscor|move: Protect
|
|-heal|p2a: Gliscor|96/100 tox|[from] ability: Poison Heal
|upkeep
|turn|6
|inactive|Hunter_of_Keys has 120 seconds left.
|inactive|Hunter_of_Keys has 90 seconds left.
|
|t:|1758926955
|move|p1a: Indeedee|Expanding Force|p2a: Gliscor
|-damage|p2a: Gliscor|37/100 tox
|move|p2a: Gliscor|Swords Dance|p2a: Gliscor
|-boost|p2a: Gliscor|atk|2
|
|-heal|p2a: Gliscor|49/100 tox|[from] ability: Poison Heal
|upkeep
|turn|7
|
|t:|1758926969
|move|p2a: Gliscor|Protect|p2a: Gliscor
|-singleturn|p2a: Gliscor|Protect
|move|p1a: Indeedee|Expanding Force|p2a: Gliscor
|-activate|p2a: Gliscor|move: Protect
|
|-heal|p2a: Gliscor|62/100 tox|[from] ability: Poison Heal
|upkeep
|turn|8
|
|t:|1758926974
|move|p1a: Indeedee|Expanding Force|p2a: Gliscor
|-damage|p2a: Gliscor|1/100 tox
|move|p2a: Gliscor|Earthquake|p1a: Indeedee
|-damage|p1a: Indeedee|0 fnt
|faint|p1a: Indeedee
|
|-heal|p2a: Gliscor|14/100 tox|[from] ability: Poison Heal
|upkeep
|
|t:|1758926978
|switch|p1a: Armarouge|Armarouge, F|100/100
|-damage|p1a: Armarouge|88/100|[from] Spikes
|turn|9
|
|t:|1758926984
|move|p1a: Armarouge|Endure|p1a: Armarouge
|-singleturn|p1a: Armarouge|move: Endure
|move|p2a: Gliscor|Earthquake|p1a: Armarouge
|-supereffective|p1a: Armarouge
|-activate|p1a: Armarouge|move: Endure
|-damage|p1a: Armarouge|1/100
|-ability|p1a: Armarouge|Weak Armor|boost
|-unboost|p1a: Armarouge|def|1
|-boost|p1a: Armarouge|spe|2
|-enditem|p1a: Armarouge|Weakness Policy
|-boost|p1a: Armarouge|atk|2|[from] item: Weakness Policy
|-boost|p1a: Armarouge|spa|2|[from] item: Weakness Policy
|
|-heal|p2a: Gliscor|26/100 tox|[from] ability: Poison Heal
|upkeep
|turn|10
|
|t:|1758926997
|move|p2a: Gliscor|Protect|p2a: Gliscor
|-singleturn|p2a: Gliscor|Protect
|move|p1a: Armarouge|Expanding Force|p2a: Gliscor
|-activate|p2a: Gliscor|move: Protect
|
|-heal|p2a: Gliscor|39/100 tox|[from] ability: Poison Heal
|upkeep
|turn|11
|
|t:|1758927006
|switch|p2a: Moltres|Moltres|100/100
|move|p1a: Armarouge|Armor Cannon|p2a: Moltres
|-resisted|p2a: Moltres
|-damage|p2a: Moltres|36/100
|-unboost|p1a: Armarouge|def|1
|-unboost|p1a: Armarouge|spd|1
|
|upkeep
|turn|12
|
|t:|1758927019
|move|p1a: Armarouge|Expanding Force|p2a: Moltres
|-damage|p2a: Moltres|0 fnt
|faint|p2a: Moltres
|
|-fieldend|move: Psychic Terrain
|upkeep
|
|t:|1758927029
|switch|p2a: Clefable|Clefable, M|100/100
|turn|13
|inactive|Hunter_of_Keys has 90 seconds left.
|inactive|Hunter_of_Keys has 60 seconds left.
|inactive|Hunter_of_Keys has 30 seconds left.
|inactive|Hunter_of_Keys has 20 seconds left.
|inactive|Hunter_of_Keys has 15 seconds left.
|inactive|Hunter_of_Keys has 10 seconds left.
|inactive|Hunter_of_Keys has 5 seconds left.
|-message|Hunter_of_Keys lost due to inactivity.
|
|win|firepowah
|raw|Hunter_of_Keys's rating: 1559 &rarr; <strong>1548</strong><br />(-11 for losing)
|raw|firepowah's rating: 1725 &rarr; <strong>1736</strong><br />(+11 for winning)
|l|‽firepowah
|player|p2|
|l|‽Hunter_of_Keys
|player|p1|
