|j|‽theonlydork
|j|☆hungrymane
|t:|1759000251
|gametype|singles
|player|p1|theonlydork|170|1666
|player|p2|hungrymane|101|1715
|gen|9
|tier|[Gen 9] OU
|rated|
|rule|HP Percentage Mod: HP is shown in percentages
|rule|Endless Battle Clause: Forcing endless battles is banned
|rule|Species Clause: Limit one of each Pokémon
|rule|OHKO Clause: OHKO moves are banned
|rule|Evasion Items Clause: Evasion items are banned
|rule|Evasion Moves Clause: Evasion moves are banned
|rule|Evasion Abilities Clause: Evasion abilities are banned
|rule|Sleep Moves Clause: Sleep-inducing moves are banned
|clearpoke
|poke|p1|Dragonite, M|
|poke|p1|Gholdengo|
|poke|p1|Iron Treads|
|poke|p1|Quaquaval, F|
|poke|p1|Slowking-Galar, M|
|poke|p1|Ting-Lu|
|poke|p2|Chandelure, M|
|poke|p2|Greninja-*, M|
|poke|p2|Ribombee, M|
|poke|p2|Drifblim, F|
|poke|p2|Gyarados, F|
|poke|p2|Ceruledge, M|
|teampreview
|inactive|Battle timer is ON: inactive players will automatically lose when time's up. (requested by hungrymane)
|
|t:|1759000357
|teamsize|p1|6
|teamsize|p2|6
|start
|switch|p1a: Slowking|Slowking-Galar, M|100/100
|switch|p2a: Greninja|Greninja, M|100/100
|turn|1
|
|t:|1759000367
|move|p2a: Greninja|Taunt|p1a: Slowking
|-start|p2a: Greninja|typechange|Dark|[from] ability: Protean
|-start|p1a: Slowking|move: Taunt
|move|p1a: Slowking|Sludge Bomb|p2a: Greninja
|-damage|p2a: Greninja|46/100
|
|upkeep
|turn|2
|
|t:|1759000395
|move|p2a: Greninja|Spikes|p1a: Slowking
|-sidestart|p1: theonlydork|Spikes
|move|p1a: Slowking|Sludge Bomb|p2a: Greninja
|-damage|p2a: Greninja|0 fnt
|faint|p2a: Greninja
|
|upkeep
|inactive|hungrymane has 120 seconds left.
|
|t:|1759000425
|switch|p2a: Ribombee|Ribombee, M|100/100
|turn|3
|
|t:|1759000437
|-terastallize|p2a: Ribombee|Ghost
|move|p2a: Ribombee|Quiver Dance|p2a: Ribombee
|-boost|p2a: Ribombee|spa|1
|-boost|p2a: Ribombee|spd|1
|-boost|p2a: Ribombee|spe|1
|move|p1a: Slowking|Sludge Bomb|p2a: Ribombee
|-resisted|p2a: Ribombee
|-damage|p2a: Ribombee|82/100
|
|-end|p1a: Slowking|move: Taunt
|upkeep
|turn|4
|
|t:|1759000449
|move|p2a: Ribombee|Quiver Dance|p2a: Ribombee
|-boost|p2a: Ribombee|spa|1
|-boost|p2a: Ribombee|spd|1
|-boost|p2a: Ribombee|spe|1
|-prepare|p1a: Slowking|Chilly Reception|[premajor]
|move|p1a: Slowking|Chilly Reception|p1a: Slowking
|-weather|Snowscape
|
|t:|1759000454
|switch|p1a: Ting-Lu|Ting-Lu|100/100|[from] Chilly Reception
|-damage|p1a: Ting-Lu|88/100|[from] Spikes
|-ability|p1a: Ting-Lu|Vessel of Ruin
|
|-weather|Snowscape|[upkeep]
|-heal|p1a: Ting-Lu|94/100|[from] item: Leftovers
|upkeep
|turn|5
|
|t:|1759000464
|move|p2a: Ribombee|Moonblast|p1a: Ting-Lu
|-supereffective|p1a: Ting-Lu
|-damage|p1a: Ting-Lu|19/100
|-unboost|p1a: Ting-Lu|spa|1
|move|p1a: Ting-Lu|Whirlwind|p2a: Ribombee
|drag|p2a: Ceruledge|Ceruledge, M|100/100
|
|-weather|Snowscape|[upkeep]
|-heal|p1a: Ting-Lu|26/100|[from] item: Leftovers
|upkeep
|turn|6
|
|t:|1759000479
|move|p2a: Ceruledge|Bulk Up|p2a: Ceruledge
|-boost|p2a: Ceruledge|atk|1
|-boost|p2a: Ceruledge|def|1
|move|p1a: Ting-Lu|Whirlwind|p2a: Ceruledge
|drag|p2a: Ribombee|Ribombee, M, tera:Ghost|82/100
|
|-weather|Snowscape|[upkeep]
|-heal|p1a: Ting-Lu|32/100|[from] item: Leftovers
|upkeep
|turn|7
|
|t:|1759000488
|move|p2a: Ribombee|Quiver Dance|p2a: Ribombee
|-boost|p2a: Ribombee|spa|1
|-boost|p2a: Ribombee|spd|1
|-boost|p2a: Ribombee|spe|1
|move|p1a: Ting-Lu|Earthquake|p2a: Ribombee
|-damage|p2a: Ribombee|14/100
|
|-weather|Snowscape|[upkeep]
|-heal|p1a: Ting-Lu|38/100|[from] item: Leftovers
|upkeep
|turn|8
|
|t:|1759000503
|move|p2a: Ribombee|Moonblast|p1a: Ting-Lu
|-supereffective|p1a: Ting-Lu
|-damage|p1a: Ting-Lu|0 fnt
|faint|p1a: Ting-Lu
|
|-weather|none
|upkeep
|
|t:|1759000506
|switch|p1a: Iron Treads|Iron Treads|100/100
|-damage|p1a: Iron Treads|88/100|[from] Spikes
|turn|9
|
|t:|1759000524
|move|p2a: Ribombee|Sticky Web|p1a: Iron Treads
|-sidestart|p1: theonlydork|move: Sticky Web
|move|p1a: Iron Treads|Stealth Rock|p2a: Ribombee
|-sidestart|p2: hungrymane|move: Stealth Rock
|
|-heal|p1a: Iron Treads|94/100|[from] item: Leftovers
|upkeep
|turn|10
|
|t:|1759000527
|move|p2a: Ribombee|Tera Blast|p1a: Iron Treads|[anim] Tera Blast Ghost
|-damage|p1a: Iron Treads|15/100
|move|p1a: Iron Treads|Knock Off|p2a: Ribombee
|-supereffective|p2a: Ribombee
|-damage|p2a: Ribombee|0 fnt
|-enditem|p2a: Ribombee|Focus Sash|[from] move: Knock Off|[of] p1a: Iron Treads
|faint|p2a: Ribombee
|
|-heal|p1a: Iron Treads|21/100|[from] item: Leftovers
|upkeep
|
|t:|1759000534
|switch|p2a: Drifblim|Drifblim, F|100/100
|-damage|p2a: Drifblim|76/100|[from] Stealth Rock
|turn|11
|inactive|theonlydork has 120 seconds left.
|inactive|theonlydork has 90 seconds left.
|inactive|theonlydork has 60 seconds left.
|
|t:|1759000635
|-end|p1a: Iron Treads|Quark Drive|[silent]
|switch|p1a: Gholdengo|Gholdengo|100/100
|-damage|p1a: Gholdengo|88/100|[from] Spikes
|-activate|p1a: Gholdengo|move: Sticky Web
|-unboost|p1a: Gholdengo|spe|1
|move|p2a: Drifblim|Will-O-Wisp|p1a: Gholdengo
|-immune|p1a: Gholdengo|[from] ability: Good as Gold
|
|upkeep
|turn|12
|
|t:|1759000640
|move|p1a: Gholdengo|Trick|p2a: Drifblim
|-activate|p1a: Gholdengo|move: Trick|[of] p2a: Drifblim
|-item|p2a: Drifblim|Choice Scarf|[from] move: Trick
|-item|p1a: Gholdengo|Kee Berry|[from] move: Trick
|move|p2a: Drifblim|Tailwind|p2a: Drifblim
|-sidestart|p2: hungrymane|move: Tailwind
|
|upkeep
|turn|13
|inactive|theonlydork has 60 seconds left.
|
|t:|1759000655
|switch|p2a: Chandelure|Chandelure, M|100/100
|-damage|p2a: Chandelure|76/100|[from] Stealth Rock
|move|p1a: Gholdengo|Shadow Ball|p2a: Chandelure
|-supereffective|p2a: Chandelure
|-damage|p2a: Chandelure|0 fnt
|faint|p2a: Chandelure
|
|upkeep
|
|t:|1759000668
|switch|p2a: Gyarados|Gyarados, F|100/100
|turn|14
|
|t:|1759000672
|move|p2a: Gyarados|Dragon Dance|p2a: Gyarados
|-boost|p2a: Gyarados|atk|1
|-boost|p2a: Gyarados|spe|1
|move|p1a: Gholdengo|Shadow Ball|p2a: Gyarados
|-damage|p2a: Gyarados|59/100
|
|upkeep
|turn|15
|
|t:|1759000680
|-terastallize|p1a: Gholdengo|Fairy
|move|p2a: Gyarados|Temper Flare|p1a: Gholdengo
|-damage|p1a: Gholdengo|43/100
|-enditem|p1a: Gholdengo|Kee Berry|[eat]
|-boost|p1a: Gholdengo|def|1|[from] item: Kee Berry
|move|p1a: Gholdengo|Dazzling Gleam|p2a: Gyarados
|-damage|p2a: Gyarados|15/100
|
|-sideend|p2: hungrymane|move: Tailwind
|upkeep
|turn|16
|
|t:|1759000689
|move|p2a: Gyarados|Aqua Tail|p1a: Gholdengo
|-damage|p1a: Gholdengo|0 fnt
|faint|p1a: Gholdengo
|-ability|p2a: Gyarados|Moxie|boost
|-boost|p2a: Gyarados|atk|1
|
|upkeep
|
|t:|1759000694
|switch|p1a: Dragonite|Dragonite, M|100/100
|turn|17
|
|t:|1759000703
|switch|p2a: Drifblim|Drifblim, F|76/100
|-damage|p2a: Drifblim|51/100|[from] Stealth Rock
|move|p1a: Dragonite|Extreme Speed|p2a: Drifblim
|-immune|p2a: Drifblim
|
|upkeep
|turn|18
|
|t:|1759000714
|switch|p1a: Slowking|Slowking-Galar, M|100/100
|-damage|p1a: Slowking|88/100|[from] Spikes
|-activate|p1a: Slowking|move: Sticky Web
|-unboost|p1a: Slowking|spe|1
|move|p2a: Drifblim|Curse|p1a: Slowking
|-start|p1a: Slowking|Curse|[of] p2a: Drifblim
|-damage|p2a: Drifblim|1/100
|
|-damage|p1a: Slowking|63/100|[from] Curse
|upkeep
|turn|19
|
|t:|1759000725
|move|p2a: Drifblim|Curse||[still]
|-fail|p2a: Drifblim
|move|p1a: Slowking|Future Sight|p2a: Drifblim
|-start|p1a: Slowking|move: Future Sight
|
|-damage|p1a: Slowking|38/100|[from] Curse
|upkeep
|turn|20
|
|t:|1759000743
|switch|p2a: Gyarados|Gyarados, F|15/100
|-prepare|p1a: Slowking|Chilly Reception|[premajor]
|move|p1a: Slowking|Chilly Reception|p1a: Slowking
|-weather|Snowscape
|
|t:|1759000753
|switch|p1a: Dragonite|Dragonite, M|100/100|[from] Chilly Reception
|
|-weather|Snowscape|[upkeep]
|upkeep
|turn|21
|
|t:|1759000759
|move|p2a: Gyarados|Outrage|p1a: Dragonite
|-supereffective|p1a: Dragonite
|-damage|p1a: Dragonite|62/100
|move|p1a: Dragonite|Dragon Dance|p1a: Dragonite
|-boost|p1a: Dragonite|atk|1
|-boost|p1a: Dragonite|spe|1
|
|-weather|Snowscape|[upkeep]
|-end|p2a: Gyarados|move: Future Sight
|-damage|p2a: Gyarados|0 fnt
|faint|p2a: Gyarados
|upkeep
|
|t:|1759000763
|switch|p2a: Ceruledge|Ceruledge, M|100/100
|turn|22
|
|t:|1759000767
|move|p1a: Dragonite|Earthquake|p2a: Ceruledge
|-supereffective|p2a: Ceruledge
|-damage|p2a: Ceruledge|0 fnt
|faint|p2a: Ceruledge
|
|-weather|Snowscape|[upkeep]
|upkeep
|-message|hungrymane forfeited.
|
|win|theonlydork
|raw|theonlydork's rating: 1666 &rarr; <strong>1689</strong><br />(+23 for winning)
|raw|hungrymane's rating: 1715 &rarr; <strong>1692</strong><br />(-23 for losing)
|l|☆hungrymane
|player|p2|
