|badge|p2|bronze|gen9ru|100-6
|uhtml|medal-msg|<div class="broadcast-blue">Curious what those medals under the avatar are? PS now has Ladder Seasons! For more information, check out the <a href="https://www.smogon.com/forums/threads/3740067/">thread on Smogon.</a></div>
|j|☆thrillhouse88
|j|☆somepepper
|t:|1759017999
|gametype|singles
|player|p1|thrillhouse88|ghetsis|1290
|player|p2|somepepper|scientist|1271
|gen|9
|tier|[Gen 9] OU
|rated|
|rule|HP Percentage Mod: HP is shown in percentages
|rule|Endless Battle Clause: Forcing endless battles is banned
|rule|Species Clause: Limit one of each Pokémon
|rule|OHKO Clause: OHKO moves are banned
|rule|Evasion Items Clause: Evasion items are banned
|rule|Evasion Moves Clause: Evasion moves are banned
|rule|Evasion Abilities Clause: Evasion abilities are banned
|rule|Sleep Moves Clause: Sleep-inducing moves are banned
|clearpoke
|poke|p1|Quaquaval, M|
|poke|p1|Ceruledge, F|
|poke|p1|Araquanid, F|
|poke|p1|Ninetales-Alola, F|
|poke|p1|Gliscor, M|
|poke|p1|Slowking-Galar, M|
|poke|p2|Gardevoir, F|
|poke|p2|Greninja-*, M|
|poke|p2|Blaziken, M|
|poke|p2|Shiftry, M|
|poke|p2|Banette, M|
|poke|p2|Bisharp, M|
|teampreview
|c|☆somepepper|hf
|c|☆thrillhouse88|cheers you too
|
|t:|1759018077
|teamsize|p1|6
|teamsize|p2|6
|start
|switch|p1a: Slowking|Slowking-Galar, M|100/100
|switch|p2a: Mindy|Gardevoir, F|100/100
|-ability|p2a: Mindy|Regenerator|Trace|[from] ability: Trace|[of] p1a: Slowking
|turn|1
|
|t:|1759018090
|move|p2a: Mindy|Mystical Fire|p1a: Slowking
|-damage|p1a: Slowking|83/100
|-unboost|p1a: Slowking|spa|1
|-prepare|p1a: Slowking|Chilly Reception|[premajor]
|move|p1a: Slowking|Chilly Reception|p1a: Slowking
|-weather|Snowscape
|
|t:|1759018103
|switch|p1a: Ceruledge|Ceruledge, F|100/100|[from] Chilly Reception
|
|-weather|Snowscape|[upkeep]
|upkeep
|turn|2
|
|t:|1759018112
|move|p1a: Ceruledge|Substitute|p1a: Ceruledge
|-start|p1a: Ceruledge|Substitute
|-damage|p1a: Ceruledge|76/100
|move|p2a: Mindy|Psyshock|p1a: Ceruledge
|-end|p1a: Ceruledge|Substitute
|
|-weather|Snowscape|[upkeep]
|-heal|p1a: Ceruledge|82/100|[from] item: Leftovers
|upkeep
|turn|3
|
|t:|1759018123
|switch|p2a: Shane|Greninja, M|100/100
|move|p1a: Ceruledge|Flame Charge|p2a: Shane
|-resisted|p2a: Shane
|-damage|p2a: Shane|82/100
|-boost|p1a: Ceruledge|spe|1
|
|-weather|Snowscape|[upkeep]
|-heal|p1a: Ceruledge|88/100|[from] item: Leftovers
|upkeep
|turn|4
|
|t:|1759018149
|switch|p1a: Quaquaval|Quaquaval, M|100/100
|move|p2a: Shane|Surf|p1a: Quaquaval
|-resisted|p1a: Quaquaval
|-damage|p1a: Quaquaval|68/100
|
|-weather|Snowscape|[upkeep]
|upkeep
|turn|5
|
|t:|1759018161
|switch|p2a: Colin|Shiftry, M|100/100
|move|p1a: Quaquaval|Aqua Step|p2a: Colin
|-resisted|p2a: Colin
|-damage|p2a: Colin|78/100
|-boost|p1a: Quaquaval|spe|1
|
|-weather|none
|upkeep
|turn|6
|
|t:|1759018169
|switch|p1a: Gliscor|Gliscor, M|100/100
|move|p2a: Colin|Endure||[still]
|-fail|p2a: Colin
|
|-status|p1a: Gliscor|tox|[from] item: Toxic Orb
|upkeep
|turn|7
|
|t:|1759018176
|move|p1a: Gliscor|Gunk Shot|p2a: Colin
|-supereffective|p2a: Colin
|-damage|p2a: Colin|3/100
|-status|p2a: Colin|psn
|move|p2a: Colin|Leaf Blade|p1a: Gliscor
|-damage|p1a: Gliscor|66/100 tox
|
|-heal|p1a: Gliscor|78/100 tox|[from] ability: Poison Heal
|-damage|p2a: Colin|0 fnt|[from] psn
|faint|p2a: Colin
|upkeep
|
|t:|1759018187
|switch|p2a: Shane|Greninja, M|82/100
|turn|8
|
|t:|1759018197
|-terastallize|p1a: Gliscor|Water
|move|p2a: Shane|Dark Pulse|p1a: Gliscor
|-damage|p1a: Gliscor|15/100 tox
|cant|p1a: Gliscor|flinch
|
|-heal|p1a: Gliscor|28/100 tox|[from] ability: Poison Heal
|upkeep
|turn|9
|
|t:|1759018208
|switch|p1a: Ninetales|Ninetales-Alola, F|100/100
|-weather|Snowscape|[from] ability: Snow Warning|[of] p1a: Ninetales
|move|p2a: Shane|Dark Pulse|p1a: Ninetales
|-resisted|p1a: Ninetales
|-damage|p1a: Ninetales|64/100
|
|-weather|Snowscape|[upkeep]
|upkeep
|turn|10
|
|t:|1759018215
|move|p1a: Ninetales|Aurora Veil|p1a: Ninetales
|-sidestart|p1: thrillhouse88|move: Aurora Veil
|move|p2a: Shane|Dark Pulse|p1a: Ninetales
|-resisted|p1a: Ninetales
|-damage|p1a: Ninetales|46/100
|
|-weather|Snowscape|[upkeep]
|upkeep
|turn|11
|
|t:|1759018224
|switch|p2a: Mindy|Gardevoir, F|100/100
|-ability|p2a: Mindy|Snow Warning|Trace|[from] ability: Trace|[of] p1a: Ninetales
|move|p1a: Ninetales|Encore||[still]
|-fail|p1a: Ninetales
|
|-weather|Snowscape|[upkeep]
|upkeep
|turn|12
|
|t:|1759018232
|move|p1a: Ninetales|Blizzard|p2a: Mindy
|-damage|p2a: Mindy|79/100
|move|p2a: Mindy|Psyshock|p1a: Ninetales
|-damage|p1a: Ninetales|24/100
|
|-weather|Snowscape|[upkeep]
|upkeep
|turn|13
|
|t:|1759018239
|switch|p1a: Ceruledge|Ceruledge, F|88/100
|move|p2a: Mindy|Psyshock|p1a: Ceruledge
|-damage|p1a: Ceruledge|65/100
|
|-weather|none
|-heal|p1a: Ceruledge|71/100|[from] item: Leftovers
|upkeep
|turn|14
|
|t:|1759018247
|switch|p2a: Shane|Greninja, M|82/100
|move|p1a: Ceruledge|Flame Charge|p2a: Shane
|-resisted|p2a: Shane
|-damage|p2a: Shane|65/100
|-boost|p1a: Ceruledge|spe|1
|
|-heal|p1a: Ceruledge|77/100|[from] item: Leftovers
|upkeep
|turn|15
|
|t:|1759018257
|switch|p1a: Quaquaval|Quaquaval, M|68/100
|move|p2a: Shane|Surf|p1a: Quaquaval
|-resisted|p1a: Quaquaval
|-damage|p1a: Quaquaval|51/100
|
|upkeep
|turn|16
|
|t:|1759018291
|switch|p2a: Percy|Bisharp, M|100/100
|move|p1a: Quaquaval|Roost|p1a: Quaquaval
|-heal|p1a: Quaquaval|100/100
|-singleturn|p1a: Quaquaval|move: Roost
|
|upkeep
|turn|17
|c|☆somepepper|today I learned quaq gets roost
|c|☆somepepper|and I'm cooked
|
|t:|1759018318
|switch|p2a: Victor|Banette, M|100/100
|-item|p1a: Quaquaval|Heavy-Duty Boots|[from] ability: Frisk|[of] p2a: Victor
|move|p1a: Quaquaval|Bulk Up|p1a: Quaquaval
|-boost|p1a: Quaquaval|atk|1
|-boost|p1a: Quaquaval|def|1
|
|-sideend|p1: thrillhouse88|move: Aurora Veil
|upkeep
|turn|18
|c|☆thrillhouse88|quaq is understed
|
|t:|1759018331
|move|p1a: Quaquaval|Aqua Step|p2a: Victor
|-enditem|p2a: Victor|Focus Sash
|-damage|p2a: Victor|1/100
|-boost|p1a: Quaquaval|spe|1
|move|p2a: Victor|Poltergeist|p1a: Quaquaval
|-activate|p1a: Quaquaval|move: Poltergeist|Heavy-Duty Boots
|-damage|p1a: Quaquaval|61/100
|
|upkeep
|turn|19
|c|☆thrillhouse88|underated
|
|t:|1759018340
|move|p1a: Quaquaval|Aqua Step|p2a: Victor
|-damage|p2a: Victor|0 fnt
|-boost|p1a: Quaquaval|spe|1
|faint|p2a: Victor
|-ability|p1a: Quaquaval|Moxie|boost
|-boost|p1a: Quaquaval|atk|1
|
|upkeep
|
|t:|1759018349
|switch|p2a: Shane|Greninja, M|65/100
|turn|20
|
|t:|1759018355
|-terastallize|p2a: Shane|Water
|move|p1a: Quaquaval|Aqua Step|p2a: Shane
|-resisted|p2a: Shane
|-damage|p2a: Shane|8/100
|-boost|p1a: Quaquaval|spe|1
|move|p2a: Shane|Dark Pulse|p1a: Quaquaval
|-resisted|p1a: Quaquaval
|-damage|p1a: Quaquaval|31/100
|
|upkeep
|turn|21
|
|t:|1759018370
|switch|p2a: Percy|Bisharp, M|100/100
|move|p1a: Quaquaval|Roost|p1a: Quaquaval
|-heal|p1a: Quaquaval|81/100
|-singleturn|p1a: Quaquaval|move: Roost
|
|upkeep
|turn|22
|-message|somepepper forfeited.
|
|win|thrillhouse88
|raw|thrillhouse88's rating: 1290 &rarr; <strong>1314</strong><br />(+24 for winning)
|raw|somepepper's rating: 1271 &rarr; <strong>1247</strong><br />(-24 for losing)
|l|☆somepepper
|player|p2|
|l|☆thrillhouse88
|player|p1|
