|j|☆bylard
|j|☆thodoras edition
|t:|1758966053
|gametype|singles
|player|p1|bylard|1|1638
|player|p2|thodoras edition|169|1649
|gen|9
|tier|[Gen 9] OU
|rated|
|rule|HP Percentage Mod: HP is shown in percentages
|rule|Endless Battle Clause: Forcing endless battles is banned
|rule|Species Clause: Limit one of each Pokémon
|rule|OHKO Clause: OHKO moves are banned
|rule|Evasion Items Clause: Evasion items are banned
|rule|Evasion Moves Clause: Evasion moves are banned
|rule|Evasion Abilities Clause: Evasion abilities are banned
|rule|Sleep Moves Clause: Sleep-inducing moves are banned
|clearpoke
|poke|p1|Pelipper, F|
|poke|p1|Hatterene, F|
|poke|p1|Iron Treads|
|poke|p1|Toxicroak, F|
|poke|p1|Barraskewda, F|
|poke|p1|Zapdos|
|poke|p2|Moltres|
|poke|p2|Zamazenta-*|
|poke|p2|Darkrai|
|poke|p2|Hydrapple, M|
|poke|p2|Ting-Lu|
|poke|p2|Tinkaton, F|
|teampreview
|inactive|Battle timer is ON: inactive players will automatically lose when time's up. (requested by bylard)
|
|t:|1758966073
|teamsize|p1|6
|teamsize|p2|6
|start
|switch|p1a: Pelipper|Pelipper, F|100/100
|switch|p2a: Darkrai|Darkrai, shiny|100/100
|-weather|RainDance|[from] ability: Drizzle|[of] p1a: Pelipper
|turn|1
|
|t:|1758966100
|move|p2a: Darkrai|Knock Off|p1a: Pelipper
|-damage|p1a: Pelipper|70/100
|-enditem|p1a: Pelipper|Damp Rock|[from] move: Knock Off|[of] p2a: Darkrai
|move|p1a: Pelipper|U-turn|p2a: Darkrai
|-supereffective|p2a: Darkrai
|-damage|p2a: Darkrai|75/100
|
|t:|1758966103
|switch|p1a: Barraskewda|Barraskewda, F|100/100|[from] U-turn
|
|-weather|RainDance|[upkeep]
|upkeep
|turn|2
|
|t:|1758966111
|switch|p2a: Hydrapple|Hydrapple, M|100/100
|move|p1a: Barraskewda|Flip Turn|p2a: Hydrapple
|-resisted|p2a: Hydrapple
|-damage|p2a: Hydrapple|89/100
|
|t:|1758966113
|switch|p1a: Zapdos|Zapdos|100/100|[from] Flip Turn
|
|-weather|RainDance|[upkeep]
|upkeep
|turn|3
|
|t:|1758966122
|switch|p2a: Ting-Lu|Ting-Lu|100/100
|-ability|p2a: Ting-Lu|Vessel of Ruin
|-terastallize|p1a: Zapdos|Flying
|move|p1a: Zapdos|Hurricane|p2a: Ting-Lu
|-damage|p2a: Ting-Lu|53/100
|-start|p2a: Ting-Lu|confusion
|
|-weather|RainDance|[upkeep]
|-heal|p2a: Ting-Lu|59/100|[from] item: Leftovers
|upkeep
|turn|4
|
|t:|1758966130
|switch|p1a: Hatterene|Hatterene, F|100/100
|-activate|p2a: Ting-Lu|confusion
|move|p2a: Ting-Lu|Ruination|p1a: Hatterene
|-damage|p1a: Hatterene|51/100
|-enditem|p1a: Hatterene|Eject Button
|
|t:|1758966133
|switch|p1a: Barraskewda|Barraskewda, F|100/100
|
|-weather|RainDance|[upkeep]
|-heal|p2a: Ting-Lu|65/100|[from] item: Leftovers
|upkeep
|turn|5
|
|t:|1758966139
|switch|p2a: Hydrapple|Hydrapple, M|100/100
|move|p1a: Barraskewda|Flip Turn|p2a: Hydrapple
|-resisted|p2a: Hydrapple
|-damage|p2a: Hydrapple|90/100
|
|t:|1758966142
|switch|p1a: Zapdos|Zapdos, tera:Flying|100/100|[from] Flip Turn
|
|-weather|RainDance|[upkeep]
|upkeep
|turn|6
|
|t:|1758966149
|switch|p2a: Ting-Lu|Ting-Lu|65/100
|-ability|p2a: Ting-Lu|Vessel of Ruin
|move|p1a: Zapdos|Hurricane|p2a: Ting-Lu
|-damage|p2a: Ting-Lu|15/100
|-start|p2a: Ting-Lu|confusion
|
|-weather|RainDance|[upkeep]
|-heal|p2a: Ting-Lu|21/100|[from] item: Leftovers
|upkeep
|turn|7
|
|t:|1758966152
|move|p1a: Zapdos|Hurricane|p2a: Ting-Lu
|-damage|p2a: Ting-Lu|0 fnt
|faint|p2a: Ting-Lu
|
|-weather|RainDance|[upkeep]
|upkeep
|
|t:|1758966160
|switch|p2a: Tinkaton|Tinkaton, F|100/100
|-ability|p2a: Tinkaton|Mold Breaker
|-item|p2a: Tinkaton|Air Balloon
|turn|8
|
|t:|1758966179
|switch|p1a: Toxicroak|Toxicroak, F|100/100
|move|p2a: Tinkaton|Gigaton Hammer|p1a: Toxicroak
|-damage|p1a: Toxicroak|61/100
|
|-weather|none
|upkeep
|turn|9
|
|t:|1758966187
|move|p2a: Tinkaton|Stealth Rock|p1a: Toxicroak
|-sidestart|p1: bylard|move: Stealth Rock
|move|p1a: Toxicroak|Drain Punch|p2a: Tinkaton
|-damage|p2a: Tinkaton|67/100
|-heal|p1a: Toxicroak|78/100|[from] drain|[of] p2a: Tinkaton
|-enditem|p2a: Tinkaton|Air Balloon
|
|upkeep
|turn|10
|l|☆bylard
|inactive|bylard disconnected and has a minute to reconnect!
|player|p1|
|inactive|bylard has 30 seconds to reconnect!
|inactive|bylard has 20 seconds to reconnect!
|inactive|bylard has 15 seconds to reconnect!
|j|☆bylard
|inactive|bylard reconnected and has 95 seconds left.
|player|p1|bylard|1|
|inactive|bylard has 90 seconds left.
|
|t:|1758966254
|switch|p2a: Moltres|Moltres|100/100
|move|p1a: Toxicroak|Drain Punch|p2a: Moltres
|-resisted|p2a: Moltres
|-damage|p2a: Moltres|91/100
|-heal|p1a: Toxicroak|83/100|[from] drain|[of] p2a: Moltres
|-status|p1a: Toxicroak|brn|[from] ability: Flame Body|[of] p2a: Moltres
|
|-damage|p1a: Toxicroak|77/100 brn|[from] brn
|upkeep
|turn|11
|inactive|bylard has 90 seconds left.
|
|t:|1758966273
|switch|p1a: Hatterene|Hatterene, F|51/100
|-damage|p1a: Hatterene|38/100|[from] Stealth Rock
|move|p2a: Moltres|Flamethrower|p1a: Hatterene
|-damage|p1a: Hatterene|0 fnt
|faint|p1a: Hatterene
|
|upkeep
|
|t:|1758966276
|switch|p1a: Pelipper|Pelipper, F|70/100
|-damage|p1a: Pelipper|46/100|[from] Stealth Rock
|-weather|RainDance|[from] ability: Drizzle|[of] p1a: Pelipper
|turn|12
|
|t:|1758966282
|move|p2a: Moltres|Flamethrower|p1a: Pelipper
|-resisted|p1a: Pelipper
|-damage|p1a: Pelipper|37/100
|move|p1a: Pelipper|U-turn|p2a: Moltres
|-resisted|p2a: Moltres
|-damage|p2a: Moltres|89/100
|
|t:|1758966294
|switch|p1a: Iron Treads|Iron Treads|100/100|[from] U-turn
|-damage|p1a: Iron Treads|98/100|[from] Stealth Rock
|
|-weather|RainDance|[upkeep]
|-heal|p1a: Iron Treads|100/100|[from] item: Leftovers
|upkeep
|turn|13
|
|t:|1758966298
|move|p1a: Iron Treads|Rapid Spin|p2a: Moltres
|-damage|p2a: Moltres|80/100
|-boost|p1a: Iron Treads|spe|1
|-sideend|p1: bylard|Stealth Rock|[from] move: Rapid Spin|[of] p1a: Iron Treads
|move|p2a: Moltres|Flamethrower|p1a: Iron Treads
|-supereffective|p1a: Iron Treads
|-damage|p1a: Iron Treads|70/100
|
|-weather|RainDance|[upkeep]
|-heal|p1a: Iron Treads|76/100|[from] item: Leftovers
|upkeep
|turn|14
|
|t:|1758966305
|move|p1a: Iron Treads|Stealth Rock|p2a: Moltres
|-sidestart|p2: thodoras edition|move: Stealth Rock
|move|p2a: Moltres|Flamethrower|p1a: Iron Treads
|-supereffective|p1a: Iron Treads
|-damage|p1a: Iron Treads|46/100
|
|-weather|RainDance|[upkeep]
|-heal|p1a: Iron Treads|52/100|[from] item: Leftovers
|upkeep
|turn|15
|
|t:|1758966311
|move|p1a: Iron Treads|Volt Switch|p2a: Moltres
|-supereffective|p2a: Moltres
|-damage|p2a: Moltres|58/100
|
|t:|1758966314
|-end|p1a: Iron Treads|Quark Drive|[silent]
|switch|p1a: Barraskewda|Barraskewda, F|100/100|[from] Volt Switch
|move|p2a: Moltres|Flamethrower|p1a: Barraskewda
|-resisted|p1a: Barraskewda
|-damage|p1a: Barraskewda|78/100
|
|-weather|RainDance|[upkeep]
|upkeep
|turn|16
|
|t:|1758966321
|-terastallize|p2a: Moltres|Grass
|move|p1a: Barraskewda|Flip Turn|p2a: Moltres
|-resisted|p2a: Moltres
|-damage|p2a: Moltres|32/100
|
|t:|1758966331
|switch|p1a: Toxicroak|Toxicroak, F|77/100 brn|[from] Flip Turn
|move|p2a: Moltres|Roost|p2a: Moltres
|-heal|p2a: Moltres|82/100
|
|-weather|none
|-damage|p1a: Toxicroak|71/100 brn|[from] brn
|upkeep
|turn|17
|
|t:|1758966339
|switch|p1a: Pelipper|Pelipper, F|37/100
|-weather|RainDance|[from] ability: Drizzle|[of] p1a: Pelipper
|move|p2a: Moltres|Flamethrower|p1a: Pelipper
|-resisted|p1a: Pelipper
|-damage|p1a: Pelipper|29/100
|
|-weather|RainDance|[upkeep]
|upkeep
|turn|18
|
|t:|1758966344
|move|p2a: Moltres|U-turn|p1a: Pelipper
|-resisted|p1a: Pelipper
|-damage|p1a: Pelipper|22/100
|
|t:|1758966346
|switch|p2a: Tinkaton|Tinkaton, F|67/100|[from] U-turn
|-damage|p2a: Tinkaton|60/100|[from] Stealth Rock
|-ability|p2a: Tinkaton|Mold Breaker
|move|p1a: Pelipper|Roost|p1a: Pelipper
|-heal|p1a: Pelipper|72/100
|-singleturn|p1a: Pelipper|move: Roost
|
|-weather|RainDance|[upkeep]
|upkeep
|turn|19
|
|t:|1758966360
|move|p2a: Tinkaton|Stealth Rock|p1a: Pelipper
|-sidestart|p1: bylard|move: Stealth Rock
|move|p1a: Pelipper|U-turn|p2a: Tinkaton
|-resisted|p2a: Tinkaton
|-damage|p2a: Tinkaton|58/100
|
|t:|1758966364
|switch|p1a: Barraskewda|Barraskewda, F|78/100|[from] U-turn
|-damage|p1a: Barraskewda|66/100|[from] Stealth Rock
|
|-weather|RainDance|[upkeep]
|upkeep
|turn|20
|
|t:|1758966369
|switch|p2a: Hydrapple|Hydrapple, M|100/100
|move|p1a: Barraskewda|Flip Turn|p2a: Hydrapple
|-resisted|p2a: Hydrapple
|-damage|p2a: Hydrapple|89/100
|
|t:|1758966375
|switch|p1a: Iron Treads|Iron Treads|52/100|[from] Flip Turn
|-damage|p1a: Iron Treads|49/100|[from] Stealth Rock
|
|-weather|RainDance|[upkeep]
|-heal|p1a: Iron Treads|55/100|[from] item: Leftovers
|upkeep
|turn|21
|
|t:|1758966381
|move|p1a: Iron Treads|Rapid Spin|p2a: Hydrapple
|-damage|p2a: Hydrapple|81/100
|-boost|p1a: Iron Treads|spe|1
|-sideend|p1: bylard|Stealth Rock|[from] move: Rapid Spin|[of] p1a: Iron Treads
|move|p2a: Hydrapple|Earth Power|p1a: Iron Treads
|-supereffective|p1a: Iron Treads
|-damage|p1a: Iron Treads|12/100
|
|-weather|none
|-heal|p1a: Iron Treads|18/100|[from] item: Leftovers
|upkeep
|turn|22
|j| Tidk
|
|t:|1758966385
|move|p1a: Iron Treads|Volt Switch|p2a: Hydrapple
|-resisted|p2a: Hydrapple
|-damage|p2a: Hydrapple|78/100
|l| Tidk
|
|t:|1758966389
|-end|p1a: Iron Treads|Quark Drive|[silent]
|switch|p1a: Pelipper|Pelipper, F|72/100|[from] Volt Switch
|-weather|RainDance|[from] ability: Drizzle|[of] p1a: Pelipper
|move|p2a: Hydrapple|Fickle Beam|p1a: Pelipper
|-damage|p1a: Pelipper|38/100
|
|-weather|RainDance|[upkeep]
|upkeep
|turn|23
|
|t:|1758966396
|move|p2a: Hydrapple|Fickle Beam|p1a: Pelipper
|-damage|p1a: Pelipper|3/100
|move|p1a: Pelipper|U-turn|p2a: Hydrapple
|-supereffective|p2a: Hydrapple
|-damage|p2a: Hydrapple|67/100
|
|t:|1758966399
|switch|p1a: Zapdos|Zapdos, tera:Flying|100/100|[from] U-turn
|
|-weather|RainDance|[upkeep]
|upkeep
|turn|24
|
|t:|1758966403
|switch|p2a: Tinkaton|Tinkaton, F|58/100
|-damage|p2a: Tinkaton|52/100|[from] Stealth Rock
|-ability|p2a: Tinkaton|Mold Breaker
|move|p1a: Zapdos|Hurricane|p2a: Tinkaton
|-resisted|p2a: Tinkaton
|-damage|p2a: Tinkaton|1/100
|-start|p2a: Tinkaton|confusion
|
|-weather|RainDance|[upkeep]
|upkeep
|turn|25
|
|t:|1758966406
|move|p1a: Zapdos|Hurricane|p2a: Tinkaton
|-resisted|p2a: Tinkaton
|-damage|p2a: Tinkaton|0 fnt
|faint|p2a: Tinkaton
|
|-weather|RainDance|[upkeep]
|upkeep
|
|t:|1758966410
|switch|p2a: Darkrai|Darkrai, shiny|75/100
|turn|26
|
|t:|1758966419
|switch|p1a: Toxicroak|Toxicroak, F|71/100 brn
|move|p2a: Darkrai|Ice Beam|p1a: Toxicroak
|-damage|p1a: Toxicroak|27/100 brn
|
|-weather|none
|-damage|p1a: Toxicroak|20/100 brn|[from] brn
|upkeep
|turn|27
|
|t:|1758966427
|move|p2a: Darkrai|Ice Beam|p1a: Toxicroak
|-damage|p1a: Toxicroak|0 fnt
|faint|p1a: Toxicroak
|
|upkeep
|
|t:|1758966429
|switch|p1a: Pelipper|Pelipper, F|3/100
|-weather|RainDance|[from] ability: Drizzle|[of] p1a: Pelipper
|turn|28
|
|t:|1758966434
|switch|p1a: Iron Treads|Iron Treads|18/100
|move|p2a: Darkrai|Ice Beam|p1a: Iron Treads
|-crit|p1a: Iron Treads
|-damage|p1a: Iron Treads|0 fnt
|faint|p1a: Iron Treads
|-end|p1a: Iron Treads|Quark Drive|[silent]
|
|-weather|RainDance|[upkeep]
|upkeep
|
|t:|1758966438
|switch|p1a: Barraskewda|Barraskewda, F|66/100
|turn|29
|
|t:|1758966442
|switch|p2a: Moltres|Moltres, tera:Grass|82/100
|move|p1a: Barraskewda|Flip Turn|p2a: Moltres
|-resisted|p2a: Moltres
|-damage|p2a: Moltres|57/100
|
|t:|1758966444
|switch|p1a: Zapdos|Zapdos, tera:Flying|100/100|[from] Flip Turn
|
|-weather|RainDance|[upkeep]
|upkeep
|turn|30
|
|t:|1758966450
|move|p1a: Zapdos|Hurricane|p2a: Moltres
|-supereffective|p2a: Moltres
|-damage|p2a: Moltres|0 fnt
|faint|p2a: Moltres
|
|-weather|RainDance|[upkeep]
|upkeep
|
|t:|1758966455
|switch|p2a: Zamazenta|Zamazenta|100/100
|-ability|p2a: Zamazenta|Dauntless Shield|boost
|-boost|p2a: Zamazenta|def|1
|turn|31
|
|t:|1758966458
|move|p2a: Zamazenta|Stone Edge|p1a: Zapdos
|-supereffective|p1a: Zapdos
|-damage|p1a: Zapdos|24/100
|move|p1a: Zapdos|Hurricane|p2a: Zamazenta
|-supereffective|p2a: Zamazenta
|-damage|p2a: Zamazenta|0 fnt
|faint|p2a: Zamazenta
|
|-weather|RainDance|[upkeep]
|upkeep
|
|t:|1758966461
|switch|p2a: Darkrai|Darkrai, shiny|75/100
|turn|32
|
|t:|1758966465
|switch|p1a: Pelipper|Pelipper, F|3/100
|move|p2a: Darkrai|Ice Beam|p1a: Pelipper
|-damage|p1a: Pelipper|0 fnt
|faint|p1a: Pelipper
|
|-weather|none
|upkeep
|
|t:|1758966467
|switch|p1a: Barraskewda|Barraskewda, F|66/100
|turn|33
|
|t:|1758966473
|move|p2a: Darkrai|Sludge Bomb|p1a: Barraskewda
|-damage|p1a: Barraskewda|0 fnt
|faint|p1a: Barraskewda
|
|upkeep
|
|t:|1758966476
|switch|p1a: Zapdos|Zapdos, tera:Flying|24/100
|turn|34
|c|☆bylard|I forgot i got knocked off and Rain was about to end T-T
|
|t:|1758966503
|move|p2a: Darkrai|Dark Pulse|p1a: Zapdos
|-damage|p1a: Zapdos|0 fnt
|faint|p1a: Zapdos
|
|win|thodoras edition
|raw|bylard's rating: 1638 &rarr; <strong>1619</strong><br />(-19 for losing)
|raw|thodoras edition's rating: 1649 &rarr; <strong>1668</strong><br />(+19 for winning)
|l|☆bylard
|player|p1|
|l|☆thodoras edition
|player|p2|
