|j|☆NewNewPoke
|j|☆witdflow
|t:|1758950879
|gametype|singles
|player|p1|NewNewPoke|sabrina|1263
|player|p2|witdflow|norman|1229
|gen|9
|tier|[Gen 9] OU
|rated|
|rule|HP Percentage Mod: HP is shown in percentages
|rule|Endless Battle Clause: Forcing endless battles is banned
|rule|Species Clause: Limit one of each Pokémon
|rule|OHKO Clause: OHKO moves are banned
|rule|Evasion Items Clause: Evasion items are banned
|rule|Evasion Moves Clause: Evasion moves are banned
|rule|Evasion Abilities Clause: Evasion abilities are banned
|rule|Sleep Moves Clause: Sleep-inducing moves are banned
|clearpoke
|poke|p1|Glimmora, M|
|poke|p1|Great Tusk|
|poke|p1|Mimikyu, F|
|poke|p1|Raging Bolt|
|poke|p1|Kingambit, M|
|poke|p1|Slowking, F|
|poke|p2|Clefable, F|
|poke|p2|Weezing-Galar, M|
|poke|p2|Alomomola, F|
|poke|p2|Ting-Lu|
|poke|p2|Ditto|
|poke|p2|Vileplume, F|
|teampreview
|
|t:|1758950908
|teamsize|p1|6
|teamsize|p2|6
|start
|switch|p1a: Slowking|Slowking, F|100/100
|switch|p2a: Ditto|Ditto, shiny|100/100
|-transform|p2a: Ditto|p1a: Slowking|[from] ability: Imposter
|turn|1
|inactive|Battle timer is ON: inactive players will automatically lose when time's up. (requested by NewNewPoke)
|
|t:|1758950917
|switch|p2a: Ting-Lu|Ting-Lu, shiny|100/100
|-ability|p2a: Ting-Lu|Vessel of Ruin
|-prepare|p1a: Slowking|Chilly Reception|[premajor]
|move|p1a: Slowking|Chilly Reception|p1a: Slowking
|-weather|Snowscape
|
|t:|1758950924
|switch|p1a: Glimmora|Glimmora, M|100/100|[from] Chilly Reception
|
|-weather|Snowscape|[upkeep]
|upkeep
|turn|2
|
|t:|1758950929
|move|p1a: Glimmora|Mortal Spin|p2a: Ting-Lu
|-resisted|p2a: Ting-Lu
|-damage|p2a: Ting-Lu|99/100
|-status|p2a: Ting-Lu|psn
|move|p2a: Ting-Lu|Ruination|p1a: Glimmora
|-damage|p1a: Glimmora|51/100
|
|-weather|Snowscape|[upkeep]
|-heal|p2a: Ting-Lu|100/100 psn|[from] item: Leftovers
|-damage|p2a: Ting-Lu|88/100 psn|[from] psn
|upkeep
|turn|3
|
|t:|1758950939
|move|p1a: Glimmora|Spikes|p2a: Ting-Lu
|-sidestart|p2: witdflow|Spikes
|move|p2a: Ting-Lu|Sand Tomb|p1a: Glimmora
|-supereffective|p1a: Glimmora
|-damage|p1a: Glimmora|0 fnt
|-activate|p1a: Glimmora|ability: Toxic Debris
|-sidestart|p2: witdflow|move: Toxic Spikes
|faint|p1a: Glimmora
|
|-weather|Snowscape|[upkeep]
|-heal|p2a: Ting-Lu|94/100 psn|[from] item: Leftovers
|-damage|p2a: Ting-Lu|82/100 psn|[from] psn
|upkeep
|
|t:|1758950959
|switch|p1a: Mimikyu|Mimikyu, F|100/100
|turn|4
|
|t:|1758950971
|switch|p2a: Weezing|Weezing-Galar, M, shiny|100/100
|-ability|p2a: Weezing|Neutralizing Gas
|-damage|p2a: Weezing|88/100|[from] Spikes
|-sideend|p2: witdflow|move: Toxic Spikes|[of] p2a: Weezing
|move|p1a: Mimikyu|Swords Dance|p1a: Mimikyu
|-boost|p1a: Mimikyu|atk|2
|
|-weather|Snowscape|[upkeep]
|upkeep
|turn|5
|
|t:|1758950989
|switch|p1a: Slowking|Slowking, F|100/100
|move|p2a: Weezing|Will-O-Wisp|p1a: Slowking
|-status|p1a: Slowking|brn
|
|-weather|none
|-damage|p1a: Slowking|94/100 brn|[from] brn
|upkeep
|turn|6
|
|t:|1758950997
|-end|p2a: Weezing|ability: Neutralizing Gas
|switch|p2a: Ting-Lu|Ting-Lu, shiny|82/100 psn
|-damage|p2a: Ting-Lu|69/100 psn|[from] Spikes
|-ability|p2a: Ting-Lu|Vessel of Ruin
|move|p1a: Slowking|Future Sight|p2a: Ting-Lu
|-start|p1a: Slowking|move: Future Sight
|
|-heal|p2a: Ting-Lu|76/100 psn|[from] item: Leftovers
|-damage|p2a: Ting-Lu|63/100 psn|[from] psn
|-damage|p1a: Slowking|88/100 brn|[from] brn
|upkeep
|turn|7
|
|t:|1758951007
|move|p2a: Ting-Lu|Ruination|p1a: Slowking
|-damage|p1a: Slowking|44/100 brn
|-prepare|p1a: Slowking|Chilly Reception|[premajor]
|move|p1a: Slowking|Chilly Reception|p1a: Slowking
|-weather|Snowscape
|
|t:|1758951014
|switch|p1a: Kingambit|Kingambit, M|100/100|[from] Chilly Reception
|-activate|p1a: Kingambit|ability: Supreme Overlord
|-start|p1a: Kingambit|fallen1|[silent]
|
|-weather|Snowscape|[upkeep]
|-heal|p2a: Ting-Lu|69/100 psn|[from] item: Leftovers
|-damage|p2a: Ting-Lu|57/100 psn|[from] psn
|upkeep
|turn|8
|
|t:|1758951036
|-terastallize|p1a: Kingambit|Flying
|-terastallize|p2a: Ting-Lu|Steel
|move|p1a: Kingambit|Swords Dance|p1a: Kingambit
|-boost|p1a: Kingambit|atk|2
|move|p2a: Ting-Lu|Rest|p2a: Ting-Lu
|-status|p2a: Ting-Lu|slp|[from] move: Rest
|-heal|p2a: Ting-Lu|100/100 slp|[silent]
|
|-weather|Snowscape|[upkeep]
|-end|p2a: Ting-Lu|move: Future Sight
|-resisted|p2a: Ting-Lu
|-damage|p2a: Ting-Lu|92/100 slp
|-heal|p2a: Ting-Lu|99/100 slp|[from] item: Leftovers
|upkeep
|turn|9
|
|t:|1758951062
|move|p1a: Kingambit|Kowtow Cleave|p2a: Ting-Lu
|-damage|p2a: Ting-Lu|40/100 slp
|cant|p2a: Ting-Lu|slp
|
|-weather|Snowscape|[upkeep]
|-heal|p2a: Ting-Lu|46/100 slp|[from] item: Leftovers
|upkeep
|turn|10
|c|☆witdflow|misclick
|inactive|witdflow has 120 seconds left.
|
|t:|1758951080
|move|p1a: Kingambit|Kowtow Cleave|p2a: Ting-Lu
|-crit|p2a: Ting-Lu
|-damage|p2a: Ting-Lu|0 fnt
|faint|p2a: Ting-Lu
|
|-weather|Snowscape|[upkeep]
|upkeep
|
|t:|1758951083
|switch|p2a: Ditto|Ditto, shiny|100/100
|-damage|p2a: Ditto|88/100|[from] Spikes
|-transform|p2a: Ditto|p1a: Kingambit|[from] ability: Imposter
|-activate|p2a: Ditto|ability: Supreme Overlord
|-start|p2a: Ditto|fallen1|[silent]
|-start|p2a: Ditto|typechange|Dark/Steel|[silent]
|turn|11
|
|t:|1758951091
|move|p2a: Ditto|Kowtow Cleave|p1a: Kingambit
|-damage|p1a: Kingambit|16/100
|move|p1a: Kingambit|Kowtow Cleave|p2a: Ditto
|-resisted|p2a: Ditto
|-damage|p2a: Ditto|37/100
|
|-weather|none
|-heal|p1a: Kingambit|22/100|[from] item: Leftovers
|upkeep
|turn|12
|
|t:|1758951105
|-end|p1a: Kingambit|fallen1|[silent]
|switch|p1a: Great Tusk|Great Tusk|100/100
|move|p2a: Ditto|Kowtow Cleave|p1a: Great Tusk
|-resisted|p1a: Great Tusk
|-damage|p1a: Great Tusk|65/100
|
|upkeep
|turn|13
|
|t:|1758951113
|-end|p2a: Ditto|fallen1|[silent]
|switch|p2a: Alomomola|Alomomola, F, shiny|100/100
|-damage|p2a: Alomomola|88/100|[from] Spikes
|move|p1a: Great Tusk|High Horsepower|p2a: Alomomola
|-damage|p2a: Alomomola|61/100
|-damage|p1a: Great Tusk|49/100|[from] item: Rocky Helmet|[of] p2a: Alomomola
|
|upkeep
|turn|14
|
|t:|1758951120
|move|p1a: Great Tusk|Knock Off|p2a: Alomomola
|-damage|p2a: Alomomola|41/100
|-damage|p1a: Great Tusk|32/100|[from] item: Rocky Helmet|[of] p2a: Alomomola
|-enditem|p2a: Alomomola|Rocky Helmet|[from] move: Knock Off|[of] p1a: Great Tusk
|move|p2a: Alomomola|Wish|p2a: Alomomola
|
|upkeep
|turn|15
|
|t:|1758951135
|move|p2a: Alomomola|Protect|p2a: Alomomola
|-singleturn|p2a: Alomomola|Protect
|move|p1a: Great Tusk|Rapid Spin|p2a: Alomomola
|-activate|p2a: Alomomola|move: Protect
|
|-heal|p2a: Alomomola|91/100|[from] move: Wish|[wisher] Alomomola
|upkeep
|turn|16
|
|t:|1758951145
|move|p1a: Great Tusk|High Horsepower|p2a: Alomomola
|-damage|p2a: Alomomola|64/100
|move|p2a: Alomomola|Wish|p2a: Alomomola
|
|upkeep
|turn|17
|
|t:|1758951150
|-end|p1a: Great Tusk|Protosynthesis|[silent]
|switch|p1a: Raging Bolt|Raging Bolt|100/100
|move|p2a: Alomomola|Light Screen|p2a: Alomomola
|-sidestart|p2: witdflow|move: Light Screen
|
|-heal|p2a: Alomomola|100/100|[from] move: Wish|[wisher] Alomomola
|upkeep
|turn|18
|
|t:|1758951161
|switch|p2a: Vileplume|Vileplume, F, shiny|100/100
|-damage|p2a: Vileplume|88/100|[from] Spikes
|move|p1a: Raging Bolt|Calm Mind|p1a: Raging Bolt
|-boost|p1a: Raging Bolt|spa|1
|-boost|p1a: Raging Bolt|spd|1
|
|-heal|p2a: Vileplume|94/100|[from] item: Leftovers
|upkeep
|turn|19
|
|t:|1758951173
|move|p1a: Raging Bolt|Calm Mind|p1a: Raging Bolt
|-boost|p1a: Raging Bolt|spa|1
|-boost|p1a: Raging Bolt|spd|1
|move|p2a: Vileplume|Leech Seed|p1a: Raging Bolt
|-start|p1a: Raging Bolt|move: Leech Seed
|
|-heal|p2a: Vileplume|100/100|[from] item: Leftovers
|-damage|p1a: Raging Bolt|88/100|[from] Leech Seed|[of] p2a: Vileplume
|upkeep
|turn|20
|
|t:|1758951180
|move|p1a: Raging Bolt|Dragon Pulse|p2a: Vileplume
|-damage|p2a: Vileplume|65/100
|move|p2a: Vileplume|Substitute|p2a: Vileplume
|-start|p2a: Vileplume|Substitute
|-damage|p2a: Vileplume|40/100
|
|-heal|p1a: Raging Bolt|94/100|[from] item: Leftovers
|-heal|p2a: Vileplume|47/100|[from] item: Leftovers
|-damage|p1a: Raging Bolt|82/100|[from] Leech Seed|[of] p2a: Vileplume
|-heal|p2a: Vileplume|62/100|[silent]
|upkeep
|turn|21
|
|t:|1758951191
|-end|p1a: Raging Bolt|Protosynthesis|[silent]
|switch|p1a: Slowking|Slowking, F|78/100 brn
|move|p2a: Vileplume|Strength Sap|p1a: Slowking
|-unboost|p1a: Slowking|atk|1
|-heal|p2a: Vileplume|100/100
|
|-damage|p1a: Slowking|72/100 brn|[from] brn
|-sideend|p2: witdflow|move: Light Screen
|upkeep
|turn|22
|
|t:|1758951201
|move|p2a: Vileplume|Leech Seed|p1a: Slowking
|-start|p1a: Slowking|move: Leech Seed
|move|p1a: Slowking|Future Sight|p2a: Vileplume
|-start|p1a: Slowking|move: Future Sight
|
|-damage|p1a: Slowking|59/100 brn|[from] Leech Seed|[of] p2a: Vileplume
|-damage|p1a: Slowking|53/100 brn|[from] brn
|upkeep
|turn|23
|
|t:|1758951218
|move|p2a: Vileplume|Leech Seed||[still]
|-fail|p2a: Vileplume
|-prepare|p1a: Slowking|Chilly Reception|[premajor]
|move|p1a: Slowking|Chilly Reception|p1a: Slowking
|-weather|Snowscape
|
|t:|1758951226
|switch|p1a: Great Tusk|Great Tusk|32/100|[from] Chilly Reception
|
|-weather|Snowscape|[upkeep]
|upkeep
|turn|24
|
|t:|1758951234
|move|p1a: Great Tusk|High Horsepower|p2a: Vileplume
|-end|p2a: Vileplume|Substitute
|move|p2a: Vileplume|Toxic|p1a: Great Tusk
|-status|p1a: Great Tusk|tox
|
|-weather|Snowscape|[upkeep]
|-end|p2a: Vileplume|move: Future Sight
|-supereffective|p2a: Vileplume
|-damage|p2a: Vileplume|36/100
|-heal|p2a: Vileplume|42/100|[from] item: Leftovers
|-damage|p1a: Great Tusk|26/100 tox|[from] psn
|upkeep
|turn|25
|
|t:|1758951245
|switch|p2a: Alomomola|Alomomola, F, shiny|100/100
|-damage|p2a: Alomomola|88/100|[from] Spikes
|move|p1a: Great Tusk|Knock Off|p2a: Alomomola
|-damage|p2a: Alomomola|75/100
|
|-weather|Snowscape|[upkeep]
|-damage|p1a: Great Tusk|13/100 tox|[from] psn
|upkeep
|turn|26
|
|t:|1758951252
|move|p1a: Great Tusk|High Horsepower|p2a: Alomomola
|-damage|p2a: Alomomola|45/100
|move|p2a: Alomomola|Wish|p2a: Alomomola
|
|-weather|Snowscape|[upkeep]
|-damage|p1a: Great Tusk|0 fnt|[from] psn
|faint|p1a: Great Tusk
|-end|p1a: Great Tusk|Protosynthesis|[silent]
|upkeep
|
|t:|1758951263
|switch|p1a: Raging Bolt|Raging Bolt|82/100
|turn|27
|
|t:|1758951266
|switch|p2a: Vileplume|Vileplume, F, shiny|42/100
|-damage|p2a: Vileplume|30/100|[from] Spikes
|move|p1a: Raging Bolt|Thunderbolt|p2a: Vileplume
|-resisted|p2a: Vileplume
|-damage|p2a: Vileplume|11/100
|
|-weather|none
|-heal|p2a: Vileplume|86/100|[from] move: Wish|[wisher] Alomomola
|-heal|p1a: Raging Bolt|88/100|[from] item: Leftovers
|-heal|p2a: Vileplume|93/100|[from] item: Leftovers
|upkeep
|turn|28
|
|t:|1758951277
|move|p1a: Raging Bolt|Calm Mind|p1a: Raging Bolt
|-boost|p1a: Raging Bolt|spa|1
|-boost|p1a: Raging Bolt|spd|1
|move|p2a: Vileplume|Substitute|p2a: Vileplume
|-start|p2a: Vileplume|Substitute
|-damage|p2a: Vileplume|68/100
|
|-heal|p1a: Raging Bolt|94/100|[from] item: Leftovers
|-heal|p2a: Vileplume|74/100|[from] item: Leftovers
|upkeep
|turn|29
|
|t:|1758951284
|move|p1a: Raging Bolt|Dragon Pulse|p2a: Vileplume
|-end|p2a: Vileplume|Substitute
|move|p2a: Vileplume|Leech Seed|p1a: Raging Bolt
|-start|p1a: Raging Bolt|move: Leech Seed
|
|-heal|p1a: Raging Bolt|100/100|[from] item: Leftovers
|-heal|p2a: Vileplume|80/100|[from] item: Leftovers
|-damage|p1a: Raging Bolt|88/100|[from] Leech Seed|[of] p2a: Vileplume
|-heal|p2a: Vileplume|96/100|[silent]
|upkeep
|turn|30
|
|t:|1758951292
|move|p1a: Raging Bolt|Dragon Pulse|p2a: Vileplume
|-crit|p2a: Vileplume
|-damage|p2a: Vileplume|10/100
|move|p2a: Vileplume|Substitute|p2a: Vileplume
|-fail|p2a: Vileplume|move: Substitute|[weak]
|
|-heal|p1a: Raging Bolt|94/100|[from] item: Leftovers
|-heal|p2a: Vileplume|16/100|[from] item: Leftovers
|-damage|p1a: Raging Bolt|82/100|[from] Leech Seed|[of] p2a: Vileplume
|-heal|p2a: Vileplume|32/100|[silent]
|upkeep
|turn|31
|c|☆witdflow|breh
|
|t:|1758951303
|switch|p2a: Clefable|Clefable, F, shiny|100/100
|-damage|p2a: Clefable|88/100|[from] Spikes
|move|p1a: Raging Bolt|Dragon Pulse|p2a: Clefable
|-immune|p2a: Clefable
|
|-heal|p1a: Raging Bolt|88/100|[from] item: Leftovers
|-heal|p2a: Clefable|94/100|[from] item: Leftovers
|-damage|p1a: Raging Bolt|76/100|[from] Leech Seed|[of] p2a: Clefable
|-heal|p2a: Clefable|100/100|[silent]
|upkeep
|turn|32
|
|t:|1758951313
|-end|p1a: Raging Bolt|Protosynthesis|[silent]
|switch|p1a: Slowking|Slowking, F|86/100 brn
|move|p2a: Clefable|Wish|p2a: Clefable
|
|-damage|p1a: Slowking|80/100 brn|[from] brn
|upkeep
|turn|33
|
|t:|1758951318
|switch|p2a: Vileplume|Vileplume, F, shiny|32/100
|-damage|p2a: Vileplume|20/100|[from] Spikes
|move|p1a: Slowking|Thunder Wave|p2a: Vileplume
|-status|p2a: Vileplume|par
|
|-heal|p2a: Vileplume|75/100 par|[from] move: Wish|[wisher] Clefable
|-heal|p2a: Vileplume|82/100 par|[from] item: Leftovers
|-damage|p1a: Slowking|74/100 brn|[from] brn
|upkeep
|turn|34
|
|t:|1758951329
|move|p1a: Slowking|Future Sight|p2a: Vileplume
|-start|p1a: Slowking|move: Future Sight
|move|p2a: Vileplume|Substitute|p2a: Vileplume
|-start|p2a: Vileplume|Substitute
|-damage|p2a: Vileplume|57/100 par
|
|-heal|p2a: Vileplume|63/100 par|[from] item: Leftovers
|-damage|p1a: Slowking|68/100 brn|[from] brn
|upkeep
|turn|35
|
|t:|1758951339
|-prepare|p1a: Slowking|Chilly Reception|[premajor]
|move|p1a: Slowking|Chilly Reception|p1a: Slowking
|-weather|Snowscape
|
|t:|1758951346
|switch|p1a: Kingambit|Kingambit, M, tera:Flying|22/100|[from] Chilly Reception
|-activate|p1a: Kingambit|ability: Supreme Overlord
|-start|p1a: Kingambit|fallen2|[silent]
|move|p2a: Vileplume|Strength Sap|p1a: Kingambit
|-unboost|p1a: Kingambit|atk|1
|-heal|p2a: Vileplume|100/100 par
|
|-weather|Snowscape|[upkeep]
|-heal|p1a: Kingambit|28/100|[from] item: Leftovers
|upkeep
|turn|36
|
|t:|1758951363
|move|p1a: Kingambit|Tera Blast|p2a: Vileplume|[anim] Tera Blast Flying
|-supereffective|p2a: Vileplume
|-end|p2a: Vileplume|Substitute
|move|p2a: Vileplume|Leech Seed|p1a: Kingambit
|-start|p1a: Kingambit|move: Leech Seed
|
|-weather|Snowscape|[upkeep]
|-end|p2a: Vileplume|move: Future Sight
|-supereffective|p2a: Vileplume
|-damage|p2a: Vileplume|36/100 par
|-heal|p1a: Kingambit|34/100|[from] item: Leftovers
|-heal|p2a: Vileplume|42/100 par|[from] item: Leftovers
|-damage|p1a: Kingambit|22/100|[from] Leech Seed|[of] p2a: Vileplume
|-heal|p2a: Vileplume|56/100 par|[silent]
|upkeep
|turn|37
|
|t:|1758951375
|switch|p2a: Alomomola|Alomomola, F, shiny|78/100
|-damage|p2a: Alomomola|66/100|[from] Spikes
|move|p1a: Kingambit|Tera Blast|p2a: Alomomola|[anim] Tera Blast Flying
|-damage|p2a: Alomomola|44/100
|
|-weather|Snowscape|[upkeep]
|-heal|p1a: Kingambit|28/100|[from] item: Leftovers
|-damage|p1a: Kingambit|16/100|[from] Leech Seed|[of] p2a: Alomomola
|-heal|p2a: Alomomola|53/100|[silent]
|upkeep
|turn|38
|
|t:|1758951384
|move|p1a: Kingambit|Kowtow Cleave|p2a: Alomomola
|-damage|p2a: Alomomola|32/100
|move|p2a: Alomomola|Wish|p2a: Alomomola
|
|-weather|Snowscape|[upkeep]
|-heal|p1a: Kingambit|22/100|[from] item: Leftovers
|-damage|p1a: Kingambit|9/100|[from] Leech Seed|[of] p2a: Alomomola
|-heal|p2a: Alomomola|42/100|[silent]
|upkeep
|turn|39
|
|t:|1758951393
|move|p1a: Kingambit|Kowtow Cleave|p2a: Alomomola
|-damage|p2a: Alomomola|20/100
|move|p2a: Alomomola|Light Screen|p2a: Alomomola
|-sidestart|p2: witdflow|move: Light Screen
|
|-weather|none
|-heal|p2a: Alomomola|70/100|[from] move: Wish|[wisher] Alomomola
|-heal|p1a: Kingambit|16/100|[from] item: Leftovers
|-damage|p1a: Kingambit|3/100|[from] Leech Seed|[of] p2a: Alomomola
|-heal|p2a: Alomomola|79/100|[silent]
|upkeep
|turn|40
|l|☆NewNewPoke
|inactive|NewNewPoke disconnected and has a minute to reconnect!
|player|p1|
|inactive|NewNewPoke has 30 seconds to reconnect!
|inactive|NewNewPoke has 20 seconds to reconnect!
|inactive|NewNewPoke has 15 seconds to reconnect!
|inactive|NewNewPoke has 10 seconds to reconnect!
|inactive|NewNewPoke has 5 seconds to reconnect!
|-message|NewNewPoke lost due to inactivity.
|
|win|witdflow
|raw|NewNewPoke's rating: 1263 &rarr; <strong>1236</strong><br />(-27 for losing)
|raw|witdflow's rating: 1229 &rarr; <strong>1256</strong><br />(+27 for winning)
|l|☆witdflow
|player|p2|
|j|☆witdflow
|player|p2|witdflow|norman|
|l|☆witdflow
|player|p2|
