|j|☆roryta
|j|☆kabomz
|t:|1759075910
|gametype|singles
|player|p1|roryta|hilbert|1135
|player|p2|kabomz|170|1143
|gen|9
|tier|[Gen 9] OU
|rated|
|rule|HP Percentage Mod: HP is shown in percentages
|rule|Endless Battle Clause: Forcing endless battles is banned
|rule|Species Clause: Limit one of each Pokémon
|rule|OHKO Clause: OHKO moves are banned
|rule|Evasion Items Clause: Evasion items are banned
|rule|Evasion Moves Clause: Evasion moves are banned
|rule|Evasion Abilities Clause: Evasion abilities are banned
|rule|Sleep Moves Clause: Sleep-inducing moves are banned
|clearpoke
|poke|p1|Kyurem|
|poke|p1|Darkrai|
|poke|p1|Iron Treads|
|poke|p1|Primarina, F|
|poke|p1|Whiscash, F|
|poke|p1|Infernape, M|
|poke|p2|Kingambit, M|
|poke|p2|Deoxys-Speed|
|poke|p2|Great Tusk|
|poke|p2|Dragonite, M|
|poke|p2|Iron Moth|
|poke|p2|Primarina, M|
|teampreview
|inactive|Battle timer is ON: inactive players will automatically lose when time's up. (requested by roryta)
|
|t:|1759075938
|teamsize|p1|6
|teamsize|p2|6
|start
|switch|p1a: Darkrai|Darkrai|100/100
|switch|p2a: Anomаly|Iron Moth|100/100
|-enditem|p2a: Anomаly|Booster Energy
|-activate|p2a: Anomаly|ability: Quark Drive|[fromitem]
|-start|p2a: Anomаly|quarkdrivespe
|turn|1
|
|t:|1759075963
|-end|p2a: Anomаly|Quark Drive|[silent]
|switch|p2a: Siren|Primarina, M|100/100
|move|p1a: Darkrai|Nasty Plot|p1a: Darkrai
|-boost|p1a: Darkrai|spa|2
|
|upkeep
|turn|2
|
|t:|1759075971
|move|p1a: Darkrai|Sludge Bomb|p2a: Siren
|-supereffective|p2a: Siren
|-damage|p2a: Siren|0 fnt
|faint|p2a: Siren
|-damage|p1a: Darkrai|91/100|[from] item: Life Orb
|
|upkeep
|
|t:|1759075980
|switch|p2a: Moebius|Deoxys-Speed|100/100
|-ability|p2a: Moebius|Pressure
|turn|3
|
|t:|1759075988
|move|p2a: Moebius|Focus Blast|p1a: Darkrai|[miss]
|-miss|p2a: Moebius|p1a: Darkrai
|move|p1a: Darkrai|Dark Pulse|p2a: Moebius
|-supereffective|p2a: Moebius
|-damage|p2a: Moebius|0 fnt
|faint|p2a: Moebius
|-damage|p1a: Darkrai|81/100|[from] item: Life Orb
|
|upkeep
|
|t:|1759075999
|switch|p2a: Anomaly|Great Tusk|100/100
|-enditem|p2a: Anomaly|Booster Energy
|-activate|p2a: Anomaly|ability: Protosynthesis|[fromitem]
|-start|p2a: Anomaly|protosynthesisatk
|turn|4
|
|t:|1759076009
|move|p1a: Darkrai|Dark Pulse|p2a: Anomaly
|-resisted|p2a: Anomaly
|-damage|p2a: Anomaly|16/100
|-damage|p1a: Darkrai|71/100|[from] item: Life Orb
|move|p2a: Anomaly|Close Combat|p1a: Darkrai
|-supereffective|p1a: Darkrai
|-damage|p1a: Darkrai|0 fnt
|-unboost|p2a: Anomaly|def|1
|-unboost|p2a: Anomaly|spd|1
|faint|p1a: Darkrai
|
|upkeep
|
|t:|1759076026
|switch|p1a: Iron Treads|Iron Treads, shiny|100/100
|turn|5
|
|t:|1759076049
|move|p2a: Anomaly|Close Combat|p1a: Iron Treads
|-supereffective|p1a: Iron Treads
|-damage|p1a: Iron Treads|0 fnt
|-unboost|p2a: Anomaly|def|1
|-unboost|p2a: Anomaly|spd|1
|faint|p1a: Iron Treads
|-end|p1a: Iron Treads|Quark Drive|[silent]
|
|upkeep
|
|t:|1759076054
|switch|p1a: Infernape|Infernape, M|100/100
|turn|6
|
|t:|1759076065
|move|p1a: Infernape|Mach Punch|p2a: Anomaly
|-damage|p2a: Anomaly|0 fnt
|faint|p2a: Anomaly
|-end|p2a: Anomaly|Protosynthesis|[silent]
|
|upkeep
|inactive|kabomz has 120 seconds left.
|
|t:|1759076086
|switch|p2a: Anomаly|Iron Moth|100/100
|turn|7
|
|t:|1759076090
|-terastallize|p2a: Anomаly|Ground
|move|p2a: Anomаly|Tera Blast|p1a: Infernape|[anim] Tera Blast Ground
|-supereffective|p1a: Infernape
|-damage|p1a: Infernape|0 fnt
|faint|p1a: Infernape
|
|upkeep
|
|t:|1759076094
|switch|p1a: Whiscash|Whiscash, F|100/100
|turn|8
|
|t:|1759076118
|-end|p2a: Anomаly|Quark Drive|[silent]
|switch|p2a: Yoshi|Dragonite, M, shiny|100/100
|-terastallize|p1a: Whiscash|Dragon
|move|p1a: Whiscash|Liquidation|p2a: Yoshi
|-resisted|p2a: Yoshi
|-damage|p2a: Yoshi|94/100
|-unboost|p2a: Yoshi|def|1
|
|upkeep
|turn|9
|inactive|kabomz has 120 seconds left.
|
|t:|1759076136
|move|p2a: Yoshi|Outrage|p1a: Whiscash
|-supereffective|p1a: Whiscash
|-damage|p1a: Whiscash|0 fnt
|faint|p1a: Whiscash
|
|upkeep
|
|t:|1759076139
|switch|p1a: Kyurem|Kyurem, shiny|100/100
|-ability|p1a: Kyurem|Pressure
|turn|10
|
|t:|1759076148
|move|p1a: Kyurem|Ice Beam|p2a: Yoshi
|-supereffective|p2a: Yoshi
|-damage|p2a: Yoshi|0 fnt
|faint|p2a: Yoshi
|
|upkeep
|inactive|kabomz has 120 seconds left.
|
|t:|1759076166
|switch|p2a: Anomаly|Iron Moth, tera:Ground|100/100
|turn|11
|
|t:|1759076171
|move|p2a: Anomаly|Tera Blast|p1a: Kyurem|[anim] Tera Blast Ground
|-damage|p1a: Kyurem|64/100
|move|p1a: Kyurem|Ice Beam|p2a: Anomаly
|-supereffective|p2a: Anomаly
|-damage|p2a: Anomаly|0 fnt
|faint|p2a: Anomаly
|-end|p2a: Anomаly|Quark Drive|[silent]
|
|upkeep
|
|t:|1759076178
|switch|p2a: Meruem|Kingambit, M|100/100
|-activate|p2a: Meruem|ability: Supreme Overlord
|-start|p2a: Meruem|fallen5|[silent]
|turn|12
|
|t:|1759076182
|move|p2a: Meruem|Sucker Punch|p1a: Kyurem
|-damage|p1a: Kyurem|2/100
|move|p1a: Kyurem|Ice Beam|p2a: Meruem
|-resisted|p2a: Meruem
|-damage|p2a: Meruem|68/100
|
|-heal|p2a: Meruem|74/100|[from] item: Leftovers
|upkeep
|turn|13
|
|t:|1759076191
|move|p1a: Kyurem|Ice Beam|p2a: Meruem
|-resisted|p2a: Meruem
|-damage|p2a: Meruem|40/100
|move|p2a: Meruem|Swords Dance|p2a: Meruem
|-boost|p2a: Meruem|atk|2
|
|-heal|p2a: Meruem|46/100|[from] item: Leftovers
|upkeep
|turn|14
|
|t:|1759076199
|move|p2a: Meruem|Sucker Punch|p1a: Kyurem
|-damage|p1a: Kyurem|0 fnt
|faint|p1a: Kyurem
|
|-heal|p2a: Meruem|52/100|[from] item: Leftovers
|upkeep
|
|t:|1759076201
|switch|p1a: Primarina|Primarina, F, shiny|100/100
|turn|15
|inactive|kabomz has 120 seconds left.
|
|t:|1759076239
|move|p2a: Meruem|Sucker Punch|p1a: Primarina
|-resisted|p1a: Primarina
|-damage|p1a: Primarina|12/100
|move|p1a: Primarina|Moonblast|p2a: Meruem
|-damage|p2a: Meruem|0 fnt
|faint|p2a: Meruem
|-end|p2a: Meruem|fallen5|[silent]
|
|win|roryta
|raw|roryta's rating: 1135 &rarr; <strong>1161</strong><br />(+26 for winning)
|raw|kabomz's rating: 1143 &rarr; <strong>1117</strong><br />(-26 for losing)
|c|☆kabomz|gg
|l|☆roryta
|player|p1|
|l|☆kabomz
|player|p2|
