|j|☆cfyre
|j|☆tianbosi
|t:|1758923280
|gametype|singles
|player|p1|cfyre|169|1105
|player|p2|tianbosi|bellelba|1142
|gen|9
|tier|[Gen 9] OU
|rated|
|rule|HP Percentage Mod: HP is shown in percentages
|rule|Endless Battle Clause: Forcing endless battles is banned
|rule|Species Clause: Limit one of each Pokémon
|rule|OHKO Clause: OHKO moves are banned
|rule|Evasion Items Clause: Evasion items are banned
|rule|Evasion Moves Clause: Evasion moves are banned
|rule|Evasion Abilities Clause: Evasion abilities are banned
|rule|Sleep Moves Clause: Sleep-inducing moves are banned
|clearpoke
|poke|p1|Kyurem|
|poke|p1|Primarina, M|
|poke|p1|Slowking-Galar, M|
|poke|p1|Coalossal, M|
|poke|p1|Meowscarada, F|
|poke|p1|Murkrow, F|
|poke|p2|Samurott-Hisui, F|
|poke|p2|Garchomp, F|
|poke|p2|Zoroark-Hisui, F|
|poke|p2|Great Tusk|
|poke|p2|Gardevoir, F|
|poke|p2|Ogerpon-Cornerstone, F|
|teampreview
|inactive|Battle timer is ON: inactive players will automatically lose when time's up. (requested by tianbosi)
|
|t:|1758923293
|teamsize|p1|6
|teamsize|p2|6
|start
|switch|p1a: Chemical hazard|Slowking-Galar, M|100/100
|switch|p2a: Samurott|Samurott-Hisui, F|100/100
|turn|1
|
|t:|1758923306
|move|p2a: Samurott|Bitter Malice|p1a: Chemical hazard
|-supereffective|p1a: Chemical hazard
|-damage|p1a: Chemical hazard|50/100
|-unboost|p1a: Chemical hazard|atk|1
|move|p1a: Chemical hazard|Toxic Spikes|p2a: Samurott
|-sidestart|p2: tianbosi|move: Toxic Spikes
|
|upkeep
|turn|2
|
|t:|1758923318
|move|p2a: Samurott|Bitter Malice|p1a: Chemical hazard
|-supereffective|p1a: Chemical hazard
|-damage|p1a: Chemical hazard|0 fnt
|faint|p1a: Chemical hazard
|
|upkeep
|
|t:|1758923327
|switch|p1a: Chilly guy|Kyurem, shiny|100/100
|-ability|p1a: Chilly guy|Pressure
|turn|3
|
|t:|1758923332
|move|p1a: Chilly guy|Freeze-Dry|p2a: Samurott
|-damage|p2a: Samurott|41/100
|replace|p2a: Zoroark|Zoroark-Hisui, F
|-end|p2a: Zoroark|Illusion
|move|p2a: Zoroark|Roar|p1a: Chilly guy
|drag|p1a: Hat guy|Murkrow, F|100/100
|
|upkeep
|turn|4
|inactive|cfyre has 120 seconds left.
|
|t:|1758923366
|move|p2a: Zoroark|Memento|p1a: Hat guy
|-unboost|p1a: Hat guy|atk|2
|-unboost|p1a: Hat guy|spa|2
|faint|p2a: Zoroark
|move|p1a: Hat guy|Foul Play|p2: Zoroark|[notarget]
|-fail|p1a: Hat guy
|
|upkeep
|
|t:|1758923380
|switch|p2a: Garchomp|Garchomp, F|100/100
|-status|p2a: Garchomp|psn
|turn|5
|inactive|cfyre has 120 seconds left.
|
|t:|1758923398
|move|p1a: Hat guy|U-turn|p2a: Garchomp
|-damage|p2a: Garchomp|93/100 psn
|-damage|p1a: Hat guy|88/100|[from] ability: Rough Skin|[of] p2a: Garchomp
|-damage|p1a: Hat guy|72/100|[from] item: Rocky Helmet|[of] p2a: Garchomp
|inactive|cfyre has 120 seconds left.
|
|t:|1758923405
|switch|p1a: Chilly guy|Kyurem, shiny|100/100|[from] U-turn
|-ability|p1a: Chilly guy|Pressure
|move|p2a: Garchomp|Swords Dance|p2a: Garchomp
|-boost|p2a: Garchomp|atk|2
|
|-damage|p2a: Garchomp|81/100 psn|[from] psn
|upkeep
|turn|6
|inactive|cfyre has 120 seconds left.
|
|t:|1758923417
|-terastallize|p2a: Garchomp|Steel
|move|p1a: Chilly guy|Icicle Spear|p2a: Garchomp
|-resisted|p2a: Garchomp
|-damage|p2a: Garchomp|75/100 psn
|-resisted|p2a: Garchomp
|-damage|p2a: Garchomp|70/100 psn
|-resisted|p2a: Garchomp
|-damage|p2a: Garchomp|64/100 psn
|-resisted|p2a: Garchomp
|-damage|p2a: Garchomp|57/100 psn
|-hitcount|p2a: Garchomp|4
|move|p2a: Garchomp|Scale Shot|p1a: Chilly guy|[miss]
|-miss|p2a: Garchomp|p1a: Chilly guy
|
|-damage|p2a: Garchomp|45/100 psn|[from] psn
|upkeep
|turn|7
|inactive|cfyre has 120 seconds left.
|
|t:|1758923433
|move|p1a: Chilly guy|Iron Head|p2a: Garchomp
|-resisted|p2a: Garchomp
|-damage|p2a: Garchomp|33/100 psn
|-damage|p1a: Chilly guy|88/100|[from] ability: Rough Skin|[of] p2a: Garchomp
|-damage|p1a: Chilly guy|72/100|[from] item: Rocky Helmet|[of] p2a: Garchomp
|move|p2a: Garchomp|Iron Head|p1a: Chilly guy
|-supereffective|p1a: Chilly guy
|-damage|p1a: Chilly guy|0 fnt
|faint|p1a: Chilly guy
|
|-damage|p2a: Garchomp|20/100 psn|[from] psn
|upkeep
|inactive|cfyre has 90 seconds left.
|
|t:|1758923464
|switch|p1a: Coalossal|Coalossal, M, shiny|100/100
|turn|8
|
|t:|1758923476
|move|p2a: Garchomp|Earthquake|p1a: Coalossal
|-supereffective|p1a: Coalossal
|-damage|p1a: Coalossal|0 fnt
|faint|p1a: Coalossal
|
|-damage|p2a: Garchomp|8/100 psn|[from] psn
|upkeep
|inactive|cfyre has 90 seconds left.
|
|t:|1758923487
|switch|p1a: Hat guy|Murkrow, F|72/100
|turn|9
|
|t:|1758923508
|move|p1a: Hat guy|Foul Play|p2a: Garchomp
|-damage|p2a: Garchomp|0 fnt
|-damage|p1a: Hat guy|60/100|[from] ability: Rough Skin|[of] p2a: Garchomp
|-damage|p1a: Hat guy|43/100|[from] item: Rocky Helmet|[of] p2a: Garchomp
|faint|p2a: Garchomp
|
|upkeep
|
|t:|1758923518
|switch|p2a: Samurott|Samurott-Hisui, F|100/100
|-status|p2a: Samurott|psn
|turn|10
|
|t:|1758923526
|move|p1a: Hat guy|U-turn|p2a: Samurott
|-supereffective|p2a: Samurott
|-damage|p2a: Samurott|55/100 psn
|
|t:|1758923529
|switch|p1a: Feminine boy|Meowscarada, F, shiny|100/100|[from] U-turn
|move|p2a: Samurott|Ceaseless Edge|p1a: Feminine boy
|-resisted|p1a: Feminine boy
|-damage|p1a: Feminine boy|56/100
|-sidestart|p1: cfyre|Spikes
|-damage|p2a: Samurott|45/100 psn|[from] item: Life Orb
|
|-damage|p2a: Samurott|33/100 psn|[from] psn
|upkeep
|turn|11
|
|t:|1758923546
|move|p1a: Feminine boy|Sucker Punch|p2a: Samurott
|-start|p1a: Feminine boy|typechange|Dark|[from] ability: Protean
|-resisted|p2a: Samurott
|-damage|p2a: Samurott|10/100 psn
|move|p2a: Samurott|Knock Off|p1a: Feminine boy
|-resisted|p1a: Feminine boy
|-damage|p1a: Feminine boy|14/100
|-enditem|p1a: Feminine boy|Expert Belt|[from] move: Knock Off|[of] p2a: Samurott
|-damage|p2a: Samurott|0 fnt|[from] item: Life Orb
|faint|p2a: Samurott
|
|upkeep
|
|t:|1758923561
|switch|p2a: Ogerpon|Ogerpon-Cornerstone, F|100/100
|-status|p2a: Ogerpon|psn
|turn|12
|
|t:|1758923585
|move|p2a: Ogerpon|Trailblaze|p1a: Feminine boy
|-damage|p1a: Feminine boy|0 fnt
|-boost|p2a: Ogerpon|spe|1
|faint|p1a: Feminine boy
|
|-damage|p2a: Ogerpon|88/100 psn|[from] psn
|upkeep
|
|t:|1758923600
|switch|p1a: Siren|Primarina, M, shiny|100/100
|-damage|p1a: Siren|88/100|[from] Spikes
|turn|13
|
|t:|1758923614
|move|p2a: Ogerpon|Horn Leech|p1a: Siren
|-supereffective|p1a: Siren
|-damage|p1a: Siren|0 fnt
|-heal|p2a: Ogerpon|100/100 psn|[from] drain|[of] p1a: Siren
|faint|p1a: Siren
|
|-damage|p2a: Ogerpon|88/100 psn|[from] psn
|upkeep
|
|t:|1758923623
|switch|p1a: Hat guy|Murkrow, F|43/100
|turn|14
|
|t:|1758923629
|-terastallize|p1a: Hat guy|Dragon
|move|p2a: Ogerpon|Ivy Cudgel|p1a: Hat guy|[anim] Ivy Cudgel Rock
|-damage|p1a: Hat guy|0 fnt
|faint|p1a: Hat guy
|
|win|tianbosi
|raw|cfyre's rating: 1105 &rarr; <strong>1083</strong><br />(-22 for losing)
|raw|tianbosi's rating: 1142 &rarr; <strong>1164</strong><br />(+22 for winning)
|l|☆cfyre
|player|p1|
|l|☆tianbosi
|player|p2|
