|j|☆TheonReekGreyjoy
|j|☆TREMBLEB4BAST
|t:|1759048083
|gametype|singles
|player|p1|TheonReekGreyjoy|170|1597
|player|p2|TREMBLEB4BAST|ash-kalos|1514
|gen|9
|tier|[Gen 9] OU
|rated|
|rule|HP Percentage Mod: HP is shown in percentages
|rule|Endless Battle Clause: Forcing endless battles is banned
|rule|Species Clause: Limit one of each Pokémon
|rule|OHKO Clause: OHKO moves are banned
|rule|Evasion Items Clause: Evasion items are banned
|rule|Evasion Moves Clause: Evasion moves are banned
|rule|Evasion Abilities Clause: Evasion abilities are banned
|rule|Sleep Moves Clause: Sleep-inducing moves are banned
|clearpoke
|poke|p1|Rotom-Wash|
|poke|p1|Pecharunt|
|poke|p1|Garchomp, M|
|poke|p1|Kingambit, M|
|poke|p1|Excadrill, F|
|poke|p1|Tyranitar, F|
|poke|p2|Scizor, F|
|poke|p2|Haxorus, M|
|poke|p2|Keldeo|
|poke|p2|Enamorus, F|
|poke|p2|Kingdra, M|
|poke|p2|Vikavolt, M|
|teampreview
|
|t:|1759048175
|teamsize|p1|6
|teamsize|p2|6
|start
|switch|p1a: Tyranitar|Tyranitar, F|100/100
|switch|p2a: Darth Blader|Haxorus, M, shiny|100/100
|-ability|p2a: Darth Blader|Mold Breaker
|-weather|Sandstorm|[from] ability: Sand Stream|[of] p1a: Tyranitar
|turn|1
|
|t:|1759048180
|switch|p1a: Pecharunt|Pecharunt|100/100
|move|p2a: Darth Blader|Earthquake|p1a: Pecharunt
|-supereffective|p1a: Pecharunt
|-crit|p1a: Pecharunt
|-damage|p1a: Pecharunt|24/100
|
|-weather|Sandstorm|[upkeep]
|-damage|p2a: Darth Blader|94/100|[from] Sandstorm
|-damage|p1a: Pecharunt|18/100|[from] Sandstorm
|upkeep
|turn|2
|
|t:|1759048193
|switch|p1a: Kingambit|Kingambit, M|100/100
|move|p2a: Darth Blader|Earthquake|p1a: Kingambit
|-supereffective|p1a: Kingambit
|-damage|p1a: Kingambit|14/100
|
|-weather|Sandstorm|[upkeep]
|-damage|p2a: Darth Blader|88/100|[from] Sandstorm
|-heal|p1a: Kingambit|20/100|[from] item: Leftovers
|upkeep
|turn|3
|
|t:|1759048210
|switch|p2a: Bojack|Keldeo|100/100
|move|p1a: Kingambit|Sucker Punch||[still]
|-fail|p1a: Kingambit
|
|-weather|Sandstorm|[upkeep]
|-damage|p2a: Bojack|94/100|[from] Sandstorm
|-heal|p1a: Kingambit|26/100|[from] item: Leftovers
|upkeep
|turn|4
|
|t:|1759048216
|-end|p1a: Kingambit|fallenundefined|[silent]
|switch|p1a: Rotom|Rotom-Wash|100/100
|move|p2a: Bojack|Surf|p1a: Rotom
|-resisted|p1a: Rotom
|-damage|p1a: Rotom|76/100
|
|-weather|Sandstorm|[upkeep]
|-damage|p2a: Bojack|88/100|[from] Sandstorm
|-damage|p1a: Rotom|70/100|[from] Sandstorm
|-heal|p1a: Rotom|76/100|[from] item: Leftovers
|upkeep
|turn|5
|
|t:|1759048226
|switch|p2a: Australian|Vikavolt, M|100/100
|move|p1a: Rotom|Volt Switch|p2a: Australian
|-resisted|p2a: Australian
|-damage|p2a: Australian|91/100
|
|t:|1759048234
|switch|p1a: Garchomp|Garchomp, M|100/100|[from] Volt Switch
|
|-weather|Sandstorm|[upkeep]
|-damage|p2a: Australian|85/100|[from] Sandstorm
|upkeep
|turn|6
|
|t:|1759048243
|move|p1a: Garchomp|Swords Dance|p1a: Garchomp
|-boost|p1a: Garchomp|atk|2
|move|p2a: Australian|Energy Ball|p1a: Garchomp
|-damage|p1a: Garchomp|70/100
|
|-weather|Sandstorm|[upkeep]
|-damage|p2a: Australian|79/100|[from] Sandstorm
|upkeep
|turn|7
|
|t:|1759048251
|switch|p2a: Kingslayer|Enamorus, F|100/100
|move|p1a: Garchomp|Scale Shot|p2a: Kingslayer
|-immune|p2a: Kingslayer
|
|-weather|Sandstorm|[upkeep]
|-damage|p2a: Kingslayer|94/100|[from] Sandstorm
|upkeep
|turn|8
|j| bellerophon01
|
|t:|1759048272
|-terastallize|p1a: Garchomp|Fire
|move|p2a: Kingslayer|Play Rough|p1a: Garchomp
|-resisted|p1a: Garchomp
|-damage|p1a: Garchomp|49/100
|-damage|p2a: Kingslayer|82/100|[from] ability: Rough Skin|[of] p1a: Garchomp
|move|p1a: Garchomp|Fire Fang|p2a: Kingslayer
|-damage|p2a: Kingslayer|0 fnt
|faint|p2a: Kingslayer
|
|-weather|none
|upkeep
|
|t:|1759048280
|switch|p2a: Yakuza|Kingdra, M, shiny|100/100
|turn|9
|
|t:|1759048287
|move|p2a: Yakuza|Surf|p1a: Garchomp
|-supereffective|p1a: Garchomp
|-damage|p1a: Garchomp|0 fnt
|faint|p1a: Garchomp
|
|upkeep
|
|t:|1759048292
|switch|p1a: Rotom|Rotom-Wash|76/100
|turn|10
|
|t:|1759048297
|switch|p2a: Australian|Vikavolt, M|79/100
|move|p1a: Rotom|Volt Switch|p2a: Australian
|-resisted|p2a: Australian
|-damage|p2a: Australian|69/100
|
|t:|1759048302
|switch|p1a: Excadrill|Excadrill, F|100/100|[from] Volt Switch
|
|upkeep
|turn|11
|
|t:|1759048307
|move|p1a: Excadrill|Rock Slide|p2a: Australian
|-supereffective|p2a: Australian
|-damage|p2a: Australian|7/100
|move|p2a: Australian|Energy Ball|p1a: Excadrill
|-damage|p1a: Excadrill|62/100
|
|upkeep
|turn|12
|
|t:|1759048314
|switch|p2a: Bojack|Keldeo|88/100
|move|p1a: Excadrill|Rapid Spin|p2a: Bojack
|-damage|p2a: Bojack|67/100
|-boost|p1a: Excadrill|spe|1
|
|upkeep
|turn|13
|
|t:|1759048320
|move|p1a: Excadrill|Earthquake|p2a: Bojack
|-damage|p2a: Bojack|0 fnt
|faint|p2a: Bojack
|
|upkeep
|
|t:|1759048325
|switch|p2a: Yakuza|Kingdra, M, shiny|100/100
|turn|14
|
|t:|1759048329
|switch|p1a: Tyranitar|Tyranitar, F|100/100
|-weather|Sandstorm|[from] ability: Sand Stream|[of] p1a: Tyranitar
|move|p2a: Yakuza|Surf|p1a: Tyranitar
|-supereffective|p1a: Tyranitar
|-damage|p1a: Tyranitar|71/100
|
|-weather|Sandstorm|[upkeep]
|-damage|p2a: Yakuza|94/100|[from] Sandstorm
|upkeep
|turn|15
|
|t:|1759048336
|switch|p2a: Australian|Vikavolt, M|7/100
|move|p1a: Tyranitar|Stealth Rock|p2a: Australian
|-sidestart|p2: TREMBLEB4BAST|move: Stealth Rock
|
|-weather|Sandstorm|[upkeep]
|-damage|p2a: Australian|1/100|[from] Sandstorm
|upkeep
|turn|16
|
|t:|1759048344
|switch|p1a: Excadrill|Excadrill, F|62/100
|move|p2a: Australian|Thunderbolt|p1a: Excadrill
|-immune|p1a: Excadrill
|
|-weather|Sandstorm|[upkeep]
|-damage|p2a: Australian|0 fnt|[from] Sandstorm
|faint|p2a: Australian
|upkeep
|
|t:|1759048350
|switch|p2a: Lesbian|Scizor, F|100/100
|-damage|p2a: Lesbian|88/100|[from] Stealth Rock
|turn|17
|
|t:|1759048362
|-terastallize|p2a: Lesbian|Water
|move|p1a: Excadrill|Earthquake|p2a: Lesbian
|-damage|p2a: Lesbian|13/100
|move|p2a: Lesbian|Tera Blast|p1a: Excadrill|[anim] Tera Blast Water
|-supereffective|p1a: Excadrill
|-damage|p1a: Excadrill|0 fnt
|faint|p1a: Excadrill
|
|-weather|Sandstorm|[upkeep]
|-damage|p2a: Lesbian|7/100|[from] Sandstorm
|upkeep
|
|t:|1759048374
|switch|p1a: Rotom|Rotom-Wash|76/100
|turn|18
|
|t:|1759048378
|move|p1a: Rotom|Volt Switch|p2a: Lesbian
|-supereffective|p2a: Lesbian
|-damage|p2a: Lesbian|0 fnt
|faint|p2a: Lesbian
|
|t:|1759048383
|switch|p1a: Kingambit|Kingambit, M|26/100|[from] Volt Switch
|-activate|p1a: Kingambit|ability: Supreme Overlord
|-start|p1a: Kingambit|fallen2|[silent]
|
|-weather|Sandstorm|[upkeep]
|-heal|p1a: Kingambit|32/100|[from] item: Leftovers
|upkeep
|
|t:|1759048385
|switch|p2a: Darth Blader|Haxorus, M, shiny|88/100
|-damage|p2a: Darth Blader|76/100|[from] Stealth Rock
|-ability|p2a: Darth Blader|Mold Breaker
|turn|19
|
|t:|1759048399
|-end|p1a: Kingambit|fallen2|[silent]
|switch|p1a: Pecharunt|Pecharunt|18/100
|move|p2a: Darth Blader|First Impression|p1a: Pecharunt
|-resisted|p1a: Pecharunt
|-damage|p1a: Pecharunt|11/100
|
|-weather|Sandstorm|[upkeep]
|-damage|p2a: Darth Blader|70/100|[from] Sandstorm
|-damage|p1a: Pecharunt|5/100|[from] Sandstorm
|upkeep
|turn|20
|
|t:|1759048407
|switch|p2a: Yakuza|Kingdra, M, shiny|94/100
|-damage|p2a: Yakuza|82/100|[from] Stealth Rock
|move|p1a: Pecharunt|Recover|p1a: Pecharunt
|-heal|p1a: Pecharunt|55/100
|
|-weather|Sandstorm|[upkeep]
|-damage|p2a: Yakuza|76/100|[from] Sandstorm
|-damage|p1a: Pecharunt|49/100|[from] Sandstorm
|upkeep
|turn|21
|
|t:|1759048420
|switch|p1a: Rotom|Rotom-Wash|76/100
|move|p2a: Yakuza|Draco Meteor|p1a: Rotom
|-damage|p1a: Rotom|14/100
|-unboost|p2a: Yakuza|spa|2
|
|-weather|none
|-heal|p1a: Rotom|20/100|[from] item: Leftovers
|upkeep
|turn|22
|
|t:|1759048428
|switch|p1a: Tyranitar|Tyranitar, F|71/100
|-weather|Sandstorm|[from] ability: Sand Stream|[of] p1a: Tyranitar
|move|p2a: Yakuza|Draco Meteor|p1a: Tyranitar|[miss]
|-miss|p2a: Yakuza|p1a: Tyranitar
|
|-weather|Sandstorm|[upkeep]
|-damage|p2a: Yakuza|70/100|[from] Sandstorm
|upkeep
|turn|23
|
|t:|1759048435
|move|p2a: Yakuza|Draco Meteor|p1a: Tyranitar
|-damage|p1a: Tyranitar|59/100
|-unboost|p2a: Yakuza|spa|2
|move|p1a: Tyranitar|Ice Beam|p2a: Yakuza
|-damage|p2a: Yakuza|46/100
|
|-weather|Sandstorm|[upkeep]
|-damage|p2a: Yakuza|40/100|[from] Sandstorm
|upkeep
|turn|24
|
|t:|1759048440
|move|p2a: Yakuza|Draco Meteor|p1a: Tyranitar
|-damage|p1a: Tyranitar|52/100
|-unboost|p2a: Yakuza|spa|2
|move|p1a: Tyranitar|Ice Beam|p2a: Yakuza
|-damage|p2a: Yakuza|17/100
|
|-weather|Sandstorm|[upkeep]
|-damage|p2a: Yakuza|11/100|[from] Sandstorm
|upkeep
|turn|25
|
|t:|1759048443
|move|p2a: Yakuza|Draco Meteor|p1a: Tyranitar
|-damage|p1a: Tyranitar|46/100
|move|p1a: Tyranitar|Ice Beam|p2a: Yakuza
|-crit|p2a: Yakuza
|-damage|p2a: Yakuza|0 fnt
|faint|p2a: Yakuza
|
|-weather|Sandstorm|[upkeep]
|upkeep
|
|t:|1759048445
|switch|p2a: Darth Blader|Haxorus, M, shiny|70/100
|-damage|p2a: Darth Blader|58/100|[from] Stealth Rock
|-ability|p2a: Darth Blader|Mold Breaker
|turn|26
|
|t:|1759048450
|move|p2a: Darth Blader|Earthquake|p1a: Tyranitar
|-supereffective|p1a: Tyranitar
|-crit|p1a: Tyranitar
|-damage|p1a: Tyranitar|0 fnt
|faint|p1a: Tyranitar
|
|-weather|Sandstorm|[upkeep]
|-damage|p2a: Darth Blader|52/100|[from] Sandstorm
|upkeep
|
|t:|1759048455
|switch|p1a: Rotom|Rotom-Wash|20/100
|turn|27
|
|t:|1759048458
|move|p2a: Darth Blader|Earthquake|p1a: Rotom
|-supereffective|p1a: Rotom
|-damage|p1a: Rotom|0 fnt
|faint|p1a: Rotom
|
|-weather|Sandstorm|[upkeep]
|-damage|p2a: Darth Blader|45/100|[from] Sandstorm
|upkeep
|
|t:|1759048460
|switch|p1a: Pecharunt|Pecharunt|49/100
|turn|28
|
|t:|1759048463
|move|p2a: Darth Blader|Earthquake|p1a: Pecharunt
|-supereffective|p1a: Pecharunt
|-damage|p1a: Pecharunt|0 fnt
|faint|p1a: Pecharunt
|
|-weather|Sandstorm|[upkeep]
|-damage|p2a: Darth Blader|39/100|[from] Sandstorm
|upkeep
|
|t:|1759048466
|switch|p1a: Kingambit|Kingambit, M|32/100
|-activate|p1a: Kingambit|ability: Supreme Overlord
|-start|p1a: Kingambit|fallen5|[silent]
|turn|29
|
|t:|1759048468
|move|p1a: Kingambit|Sucker Punch|p2a: Darth Blader
|-damage|p2a: Darth Blader|0 fnt
|faint|p2a: Darth Blader
|
|win|TheonReekGreyjoy
|raw|TheonReekGreyjoy's rating: 1597 &rarr; <strong>1612</strong><br />(+15 for winning)
|raw|TREMBLEB4BAST's rating: 1514 &rarr; <strong>1499</strong><br />(-15 for losing)
|l|☆TREMBLEB4BAST
|player|p2|
