|j|☆Scaaltt
|j|☆Joefrostbite5322
|t:|1758999957
|gametype|singles
|player|p1|Scaaltt|102|1119
|player|p2|Joefrostbite5322|2|1076
|gen|9
|tier|[Gen 9] OU
|rated|
|rule|HP Percentage Mod: HP is shown in percentages
|rule|Endless Battle Clause: Forcing endless battles is banned
|rule|Species Clause: Limit one of each Pokémon
|rule|OHKO Clause: OHKO moves are banned
|rule|Evasion Items Clause: Evasion items are banned
|rule|Evasion Moves Clause: Evasion moves are banned
|rule|Evasion Abilities Clause: Evasion abilities are banned
|rule|Sleep Moves Clause: Sleep-inducing moves are banned
|clearpoke
|poke|p1|Iron Moth|
|poke|p1|Ceruledge, F|
|poke|p1|Garchomp, M|
|poke|p1|Maushold|
|poke|p1|Blaziken, F|
|poke|p1|Latios, M|
|poke|p2|Araquanid, F|
|poke|p2|Wooper-Paldea, M|
|poke|p2|Clodsire, M|
|poke|p2|Kommo-o, M|
|poke|p2|Kingambit, M|
|poke|p2|Scizor, M|
|teampreview
|
|t:|1758999966
|teamsize|p1|6
|teamsize|p2|6
|start
|switch|p1a: Blaziken|Blaziken, F|100/100
|switch|p2a: Araquanid|Araquanid, F|100/100
|turn|1
|
|t:|1758999971
|move|p1a: Blaziken|Swords Dance|p1a: Blaziken
|-boost|p1a: Blaziken|atk|2
|move|p2a: Araquanid|Sticky Web|p1a: Blaziken
|-sidestart|p1: Scaaltt|move: Sticky Web
|
|-ability|p1a: Blaziken|Speed Boost|boost
|-boost|p1a: Blaziken|spe|1
|upkeep
|turn|2
|
|t:|1758999979
|move|p1a: Blaziken|Close Combat|p2a: Araquanid
|-resisted|p2a: Araquanid
|-damage|p2a: Araquanid|39/100
|-unboost|p1a: Blaziken|def|1
|-unboost|p1a: Blaziken|spd|1
|move|p2a: Araquanid|Surf|p1a: Blaziken
|-supereffective|p1a: Blaziken
|-enditem|p1a: Blaziken|Focus Sash
|-damage|p1a: Blaziken|1/100
|
|-ability|p1a: Blaziken|Speed Boost|boost
|-boost|p1a: Blaziken|spe|1
|upkeep
|turn|3
|
|t:|1758999991
|move|p2a: Araquanid|Endure|p2a: Araquanid
|-singleturn|p2a: Araquanid|move: Endure
|move|p1a: Blaziken|Reversal|p2a: Araquanid
|-resisted|p2a: Araquanid
|-activate|p2a: Araquanid|move: Endure
|-damage|p2a: Araquanid|1/100
|
|-ability|p1a: Blaziken|Speed Boost|boost
|-boost|p1a: Blaziken|spe|1
|upkeep
|turn|4
|-enditem|p2a: Araquanid|Custap Berry|[eat]
|-activate|p2a: Araquanid|item: Custap Berry|[consumed]
|
|t:|1759000002
|move|p2a: Araquanid|Surf|p1a: Blaziken
|-supereffective|p1a: Blaziken
|-crit|p1a: Blaziken
|-damage|p1a: Blaziken|0 fnt
|faint|p1a: Blaziken
|
|upkeep
|
|t:|1759000008
|switch|p1a: Maushold|Maushold|100/100
|-activate|p1a: Maushold|move: Sticky Web
|-unboost|p1a: Maushold|spe|1
|turn|5
|
|t:|1759000016
|move|p1a: Maushold|Tidy Up|p1a: Maushold
|-sideend|p1: Scaaltt|Sticky Web
|-activate|p1a: Maushold|move: Tidy Up
|-boost|p1a: Maushold|atk|1
|-boost|p1a: Maushold|spe|1
|move|p2a: Araquanid|Sticky Web|p1a: Maushold
|-sidestart|p1: Scaaltt|move: Sticky Web
|
|upkeep
|turn|6
|
|t:|1759000032
|move|p1a: Maushold|Population Bomb|p2a: Araquanid
|-damage|p2a: Araquanid|0 fnt
|faint|p2a: Araquanid
|-hitcount|p2: Araquanid|1
|
|upkeep
|inactive|Battle timer is ON: inactive players will automatically lose when time's up. (requested by Scaaltt)
|
|t:|1759000038
|switch|p2a: Scizor|Scizor, M|100/100
|turn|7
|
|t:|1759000043
|-terastallize|p2a: Scizor|Steel
|move|p2a: Scizor|Bullet Punch|p1a: Maushold
|-enditem|p1a: Maushold|Focus Sash
|-damage|p1a: Maushold|1/100
|move|p1a: Maushold|Tidy Up|p1a: Maushold
|-sideend|p1: Scaaltt|Sticky Web
|-activate|p1a: Maushold|move: Tidy Up
|-boost|p1a: Maushold|atk|1
|-boost|p1a: Maushold|spe|1
|
|upkeep
|turn|8
|
|t:|1759000052
|move|p2a: Scizor|Bullet Punch|p1a: Maushold
|-damage|p1a: Maushold|0 fnt
|faint|p1a: Maushold
|
|upkeep
|
|t:|1759000060
|switch|p1a: Iron Moth|Iron Moth|100/100
|-enditem|p1a: Iron Moth|Booster Energy
|-activate|p1a: Iron Moth|ability: Quark Drive|[fromitem]
|-start|p1a: Iron Moth|quarkdrivespa
|turn|9
|
|t:|1759000072
|switch|p2a: Wooper|Wooper-Paldea, M|100/100
|move|p1a: Iron Moth|Fiery Dance|p2a: Wooper
|-crit|p2a: Wooper
|-damage|p2a: Wooper|0 fnt
|faint|p2a: Wooper
|
|upkeep
|
|t:|1759000074
|switch|p2a: Clodsire|Clodsire, M|100/100
|turn|10
|
|t:|1759000096
|-end|p1a: Iron Moth|Quark Drive|[silent]
|switch|p1a: Garchomp|Garchomp, M|100/100
|move|p2a: Clodsire|Earthquake|p1a: Garchomp
|-damage|p1a: Garchomp|75/100
|
|upkeep
|turn|11
|
|t:|1759000102
|move|p1a: Garchomp|Swords Dance|p1a: Garchomp
|-boost|p1a: Garchomp|atk|2
|move|p2a: Clodsire|Toxic|p1a: Garchomp
|-status|p1a: Garchomp|tox
|
|-damage|p1a: Garchomp|69/100 tox|[from] psn
|upkeep
|turn|12
|
|t:|1759000108
|move|p1a: Garchomp|Swords Dance|p1a: Garchomp
|-boost|p1a: Garchomp|atk|2
|move|p2a: Clodsire|Earthquake|p1a: Garchomp
|-damage|p1a: Garchomp|39/100 tox
|
|-damage|p1a: Garchomp|27/100 tox|[from] psn
|upkeep
|turn|13
|
|t:|1759000117
|move|p1a: Garchomp|Scale Shot|p2a: Clodsire
|-damage|p2a: Clodsire|85/100
|-damage|p2a: Clodsire|70/100
|-damage|p2a: Clodsire|55/100
|-damage|p2a: Clodsire|39/100
|-damage|p2a: Clodsire|25/100
|-hitcount|p2a: Clodsire|5
|-unboost|p1a: Garchomp|def|1
|-boost|p1a: Garchomp|spe|1
|move|p2a: Clodsire|Earthquake|p1a: Garchomp
|-damage|p1a: Garchomp|0 fnt
|faint|p1a: Garchomp
|
|upkeep
|
|t:|1759000129
|switch|p1a: Iron Moth|Iron Moth|100/100
|turn|14
|
|t:|1759000151
|move|p1a: Iron Moth|Fiery Dance|p2a: Clodsire
|-damage|p2a: Clodsire|1/100
|move|p2a: Clodsire|Recover|p2a: Clodsire
|-heal|p2a: Clodsire|51/100
|
|upkeep
|turn|15
|
|t:|1759000161
|-end|p1a: Iron Moth|Quark Drive|[silent]
|switch|p1a: Latios|Latios, M|100/100
|move|p2a: Clodsire|Earthquake|p1a: Latios
|-immune|p1a: Latios|[from] ability: Levitate
|
|upkeep
|turn|16
|
|t:|1759000168
|-terastallize|p1a: Latios|Steel
|move|p1a: Latios|Calm Mind|p1a: Latios
|-boost|p1a: Latios|spa|1
|-boost|p1a: Latios|spd|1
|move|p2a: Clodsire|Toxic|p1a: Latios
|-immune|p1a: Latios
|
|upkeep
|turn|17
|
|t:|1759000175
|move|p1a: Latios|Calm Mind|p1a: Latios
|-boost|p1a: Latios|spa|1
|-boost|p1a: Latios|spd|1
|move|p2a: Clodsire|Amnesia|p2a: Clodsire
|-boost|p2a: Clodsire|spd|2
|
|upkeep
|turn|18
|
|t:|1759000182
|switch|p2a: Kommo-o|Kommo-o, M|100/100
|move|p1a: Latios|Stored Power|p2a: Kommo-o
|-supereffective|p2a: Kommo-o
|-damage|p2a: Kommo-o|0 fnt
|faint|p2a: Kommo-o
|
|upkeep
|
|t:|1759000185
|switch|p2a: Kingambit|Kingambit, M|100/100
|-activate|p2a: Kingambit|ability: Supreme Overlord
|-start|p2a: Kingambit|fallen3|[silent]
|turn|19
|
|t:|1759000201
|-end|p2a: Kingambit|fallen3|[silent]
|switch|p2a: Clodsire|Clodsire, M|51/100
|move|p1a: Latios|Dragon Pulse|p2a: Clodsire
|-damage|p2a: Clodsire|29/100
|
|upkeep
|turn|20
|
|t:|1759000209
|move|p1a: Latios|Stored Power|p2a: Clodsire
|-supereffective|p2a: Clodsire
|-damage|p2a: Clodsire|0 fnt
|faint|p2a: Clodsire
|
|upkeep
|
|t:|1759000215
|switch|p2a: Scizor|Scizor, M, tera:Steel|100/100
|turn|21
|
|t:|1759000238
|move|p2a: Scizor|Bullet Punch|p1a: Latios
|-resisted|p1a: Latios
|-damage|p1a: Latios|57/100
|move|p1a: Latios|Calm Mind|p1a: Latios
|-boost|p1a: Latios|spa|1
|-boost|p1a: Latios|spd|1
|
|-heal|p1a: Latios|63/100|[from] item: Leftovers
|upkeep
|turn|22
|
|t:|1759000248
|move|p2a: Scizor|Bullet Punch|p1a: Latios
|-resisted|p1a: Latios
|-damage|p1a: Latios|20/100
|move|p1a: Latios|Stored Power|p2a: Scizor
|-resisted|p2a: Scizor
|-damage|p2a: Scizor|0 fnt
|faint|p2a: Scizor
|
|-heal|p1a: Latios|26/100|[from] item: Leftovers
|upkeep
|
|t:|1759000253
|switch|p2a: Kingambit|Kingambit, M|100/100
|-activate|p2a: Kingambit|ability: Supreme Overlord
|-start|p2a: Kingambit|fallen5|[silent]
|turn|23
|
|t:|1759000264
|move|p2a: Kingambit|Sucker Punch|p1a: Latios
|-damage|p1a: Latios|0 fnt
|faint|p1a: Latios
|
|upkeep
|
|t:|1759000267
|switch|p1a: Ceruledge|Ceruledge, F|100/100
|turn|24
|
|t:|1759000271
|move|p1a: Ceruledge|Bitter Blade|p2a: Kingambit
|-supereffective|p2a: Kingambit
|-damage|p2a: Kingambit|12/100
|move|p2a: Kingambit|Kowtow Cleave|p1a: Ceruledge
|-supereffective|p1a: Ceruledge
|-enditem|p1a: Ceruledge|Focus Sash
|-damage|p1a: Ceruledge|1/100
|-ability|p1a: Ceruledge|Weak Armor|boost
|-unboost|p1a: Ceruledge|def|1
|-boost|p1a: Ceruledge|spe|2
|
|-heal|p2a: Kingambit|18/100|[from] item: Leftovers
|upkeep
|turn|25
|
|t:|1759000285
|move|p1a: Ceruledge|Shadow Sneak|p2a: Kingambit
|-resisted|p2a: Kingambit
|-damage|p2a: Kingambit|8/100
|move|p2a: Kingambit|Sucker Punch||[still]
|-fail|p2a: Kingambit
|
|-heal|p2a: Kingambit|15/100|[from] item: Leftovers
|upkeep
|turn|26
|
|t:|1759000299
|move|p1a: Ceruledge|Shadow Sneak|p2a: Kingambit
|-resisted|p2a: Kingambit
|-damage|p2a: Kingambit|5/100
|move|p2a: Kingambit|Sucker Punch||[still]
|-fail|p2a: Kingambit
|
|-heal|p2a: Kingambit|11/100|[from] item: Leftovers
|upkeep
|turn|27
|
|t:|1759000309
|move|p1a: Ceruledge|Bitter Blade|p2a: Kingambit
|-supereffective|p2a: Kingambit
|-damage|p2a: Kingambit|0 fnt
|-heal|p1a: Ceruledge|7/100|[from] drain|[of] p2a: Kingambit
|faint|p2a: Kingambit
|-end|p2a: Kingambit|fallen5|[silent]
|
|win|Scaaltt
|raw|Scaaltt's rating: 1119 &rarr; <strong>1141</strong><br />(+22 for winning)
|raw|Joefrostbite5322's rating: 1076 &rarr; <strong>1057</strong><br />(-19 for losing)
|l|☆Joefrostbite5322
|player|p2|
|l|☆Scaaltt
|player|p1|
