|j|☆xiehaoang
|j|☆Athal14
|t:|1758981626
|gametype|singles
|player|p1|xiehaoang|skier|1094
|player|p2|Athal14|101|1117
|gen|9
|tier|[Gen 9] OU
|rated|
|rule|HP Percentage Mod: HP is shown in percentages
|rule|Endless Battle Clause: Forcing endless battles is banned
|rule|Species Clause: Limit one of each Pokémon
|rule|OHKO Clause: OHKO moves are banned
|rule|Evasion Items Clause: Evasion items are banned
|rule|Evasion Moves Clause: Evasion moves are banned
|rule|Evasion Abilities Clause: Evasion abilities are banned
|rule|Sleep Moves Clause: Sleep-inducing moves are banned
|clearpoke
|poke|p1|Tyranitar, M|
|poke|p1|Excadrill, M|
|poke|p1|Zapdos|
|poke|p1|Gholdengo|
|poke|p1|Ogerpon-Wellspring, F|
|poke|p1|Kingambit, M|
|poke|p2|Zapdos|
|poke|p2|Muk-Alola, M|
|poke|p2|Skarmory, F|
|poke|p2|Inteleon, M|
|poke|p2|Hitmontop, M|
|poke|p2|Salazzle, F|
|teampreview
|inactive|Battle timer is ON: inactive players will automatically lose when time's up. (requested by Athal14)
|
|t:|1758981648
|teamsize|p1|6
|teamsize|p2|6
|start
|switch|p1a: Kingambit|Kingambit, M|100/100
|switch|p2a: Salazzle|Salazzle, F|100/100
|turn|1
|
|t:|1758981655
|-end|p1a: Kingambit|fallenundefined|[silent]
|switch|p1a: Ogerpon|Ogerpon-Wellspring, F|100/100
|move|p2a: Salazzle|Will-O-Wisp|p1a: Ogerpon
|-status|p1a: Ogerpon|brn
|
|-damage|p1a: Ogerpon|95/100 brn|[from] brn
|upkeep
|turn|2
|
|t:|1758981665
|move|p2a: Salazzle|Flamethrower|p1a: Ogerpon
|-damage|p1a: Ogerpon|55/100 brn
|move|p1a: Ogerpon|Swords Dance|p1a: Ogerpon
|-boost|p1a: Ogerpon|atk|2
|
|-damage|p1a: Ogerpon|49/100 brn|[from] brn
|upkeep
|turn|3
|
|t:|1758981674
|switch|p2a: Skarmory|Skarmory, F|100/100
|-terastallize|p1a: Ogerpon|Water
|detailschange|p1a: Ogerpon|Ogerpon-Wellspring-Tera, F, tera:Water
|-ability|p1a: Ogerpon|Embody Aspect (Wellspring)|boost
|-boost|p1a: Ogerpon|spd|1
|move|p1a: Ogerpon|Ivy Cudgel|p2a: Skarmory|[anim] Ivy Cudgel Water
|-damage|p2a: Skarmory|46/100
|-ability|p2a: Skarmory|Weak Armor|boost
|-unboost|p2a: Skarmory|def|1
|-boost|p2a: Skarmory|spe|2
|
|-damage|p1a: Ogerpon|43/100 brn|[from] brn
|upkeep
|turn|4
|
|t:|1758981689
|move|p2a: Skarmory|Brave Bird|p1a: Ogerpon
|-damage|p1a: Ogerpon|0 fnt
|faint|p1a: Ogerpon
|detailschange|p1: Ogerpon|Ogerpon-Wellspring, F|[silent]
|-damage|p2a: Skarmory|34/100|[from] Recoil
|
|upkeep
|
|t:|1758981698
|switch|p1a: Zapdos|Zapdos|100/100
|turn|5
|
|t:|1758981709
|move|p1a: Zapdos|Hurricane|p2a: Skarmory
|-resisted|p2a: Skarmory
|-damage|p2a: Skarmory|2/100
|move|p2a: Skarmory|Roost|p2a: Skarmory
|-heal|p2a: Skarmory|52/100
|-singleturn|p2a: Skarmory|move: Roost
|
|upkeep
|turn|6
|
|t:|1758981718
|switch|p2a: Zapdos|Zapdos|100/100
|move|p1a: Zapdos|Hurricane|p2a: Zapdos
|-resisted|p2a: Zapdos
|-damage|p2a: Zapdos|71/100
|
|-heal|p2a: Zapdos|77/100|[from] item: Leftovers
|upkeep
|turn|7
|
|t:|1758981729
|switch|p1a: Tyranitar|Tyranitar, M|100/100
|-weather|Sandstorm|[from] ability: Sand Stream|[of] p1a: Tyranitar
|move|p2a: Zapdos|Heat Wave|p1a: Tyranitar
|-resisted|p1a: Tyranitar
|-damage|p1a: Tyranitar|89/100
|
|-weather|Sandstorm|[upkeep]
|-damage|p2a: Zapdos|71/100|[from] Sandstorm
|-heal|p2a: Zapdos|77/100|[from] item: Leftovers
|upkeep
|turn|8
|
|t:|1758981744
|move|p2a: Zapdos|Volt Switch|p1a: Tyranitar
|-damage|p1a: Tyranitar|61/100
|
|t:|1758981749
|switch|p2a: Hitmontop|Hitmontop, M|100/100|[from] Volt Switch
|-ability|p2a: Hitmontop|Intimidate|boost
|-unboost|p1a: Tyranitar|atk|1
|move|p1a: Tyranitar|Stone Edge|p2a: Hitmontop
|-resisted|p2a: Hitmontop
|-damage|p2a: Hitmontop|63/100
|
|-weather|Sandstorm|[upkeep]
|-damage|p2a: Hitmontop|57/100|[from] Sandstorm
|upkeep
|turn|9
|
|t:|1758981767
|switch|p1a: Excadrill|Excadrill, M, shiny|100/100
|-item|p1a: Excadrill|Air Balloon
|switch|p2a: Muk|Muk-Alola, M|100/100
|
|-weather|Sandstorm|[upkeep]
|-damage|p2a: Muk|94/100|[from] Sandstorm
|upkeep
|turn|10
|
|t:|1758981783
|switch|p2a: Skarmory|Skarmory, F|52/100
|move|p1a: Excadrill|Swords Dance|p1a: Excadrill
|-boost|p1a: Excadrill|atk|2
|
|-weather|Sandstorm|[upkeep]
|upkeep
|turn|11
|
|t:|1758981792
|move|p1a: Excadrill|Iron Head|p2a: Skarmory
|-resisted|p2a: Skarmory
|-damage|p2a: Skarmory|25/100
|-damage|p1a: Excadrill|84/100|[from] item: Rocky Helmet|[of] p2a: Skarmory
|-ability|p2a: Skarmory|Weak Armor|boost
|-unboost|p2a: Skarmory|def|1
|-boost|p2a: Skarmory|spe|2
|move|p2a: Skarmory|Whirlwind|p1a: Excadrill
|drag|p1a: Kingambit|Kingambit, M|100/100
|-activate|p1a: Kingambit|ability: Supreme Overlord
|-start|p1a: Kingambit|fallen1|[silent]
|
|-weather|none
|upkeep
|turn|12
|
|t:|1758981805
|move|p1a: Kingambit|Sucker Punch||[still]
|-fail|p1a: Kingambit
|move|p2a: Skarmory|Roost|p2a: Skarmory
|-heal|p2a: Skarmory|75/100
|-singleturn|p2a: Skarmory|move: Roost
|
|upkeep
|turn|13
|
|t:|1758981812
|move|p2a: Skarmory|Stealth Rock|p1a: Kingambit
|-sidestart|p1: xiehaoang|move: Stealth Rock
|move|p1a: Kingambit|Swords Dance|p1a: Kingambit
|-boost|p1a: Kingambit|atk|2
|
|upkeep
|turn|14
|
|t:|1758981818
|move|p1a: Kingambit|Sucker Punch||[still]
|-fail|p1a: Kingambit
|move|p2a: Skarmory|Whirlwind|p1a: Kingambit
|-end|p1a: Kingambit|fallen1|[silent]
|drag|p1a: Tyranitar|Tyranitar, M|61/100
|-damage|p1a: Tyranitar|48/100|[from] Stealth Rock
|-weather|Sandstorm|[from] ability: Sand Stream|[of] p1a: Tyranitar
|
|-weather|Sandstorm|[upkeep]
|upkeep
|turn|15
|
|t:|1758981830
|switch|p2a: Hitmontop|Hitmontop, M|57/100
|-ability|p2a: Hitmontop|Intimidate|boost
|-unboost|p1a: Tyranitar|atk|1
|move|p1a: Tyranitar|Stone Edge|p2a: Hitmontop
|-resisted|p2a: Hitmontop
|-damage|p2a: Hitmontop|23/100
|
|-weather|Sandstorm|[upkeep]
|-damage|p2a: Hitmontop|17/100|[from] Sandstorm
|upkeep
|turn|16
|
|t:|1758981842
|move|p1a: Tyranitar|Stone Edge|p2a: Hitmontop
|-resisted|p2a: Hitmontop
|-damage|p2a: Hitmontop|0 fnt
|faint|p2a: Hitmontop
|
|-weather|Sandstorm|[upkeep]
|upkeep
|
|t:|1758981857
|switch|p2a: Salazzle|Salazzle, F|100/100
|turn|17
|
|t:|1758981866
|switch|p1a: Zapdos|Zapdos|100/100
|-damage|p1a: Zapdos|76/100|[from] Stealth Rock
|-terastallize|p2a: Salazzle|Flying
|move|p2a: Salazzle|Will-O-Wisp|p1a: Zapdos|[miss]
|-miss|p2a: Salazzle|p1a: Zapdos
|
|-weather|Sandstorm|[upkeep]
|-damage|p1a: Zapdos|69/100|[from] Sandstorm
|-damage|p2a: Salazzle|94/100|[from] Sandstorm
|-heal|p2a: Salazzle|100/100|[from] item: Leftovers
|upkeep
|turn|18
|
|t:|1758981885
|switch|p2a: Zapdos|Zapdos|77/100
|move|p1a: Zapdos|Thunderbolt|p2a: Zapdos
|-damage|p2a: Zapdos|31/100
|
|-weather|none
|-heal|p2a: Zapdos|37/100|[from] item: Leftovers
|upkeep
|turn|19
|
|t:|1758981893
|move|p1a: Zapdos|Thunderbolt|p2a: Zapdos
|-damage|p2a: Zapdos|0 fnt
|faint|p2a: Zapdos
|
|upkeep
|
|t:|1758981904
|switch|p2a: Muk|Muk-Alola, M|94/100
|turn|20
|
|t:|1758981908
|move|p1a: Zapdos|Thunderbolt|p2a: Muk
|-crit|p2a: Muk
|-damage|p2a: Muk|55/100
|-status|p2a: Muk|par
|move|p2a: Muk|Knock Off|p1a: Zapdos
|-damage|p1a: Zapdos|8/100
|-status|p1a: Zapdos|psn|[from] ability: Poison Touch|[of] p2a: Muk
|-enditem|p1a: Zapdos|Choice Scarf|[from] move: Knock Off|[of] p2a: Muk
|
|-damage|p1a: Zapdos|0 fnt|[from] psn
|faint|p1a: Zapdos
|upkeep
|
|t:|1758981913
|switch|p1a: Gholdengo|Gholdengo|100/100
|-damage|p1a: Gholdengo|94/100|[from] Stealth Rock
|turn|21
|
|t:|1758981925
|move|p1a: Gholdengo|Make It Rain|p2a: Muk
|-damage|p2a: Muk|1/100 par
|-unboost|p1a: Gholdengo|spa|1
|move|p2a: Muk|Knock Off|p1a: Gholdengo
|-supereffective|p1a: Gholdengo
|-damage|p1a: Gholdengo|0 fnt
|-enditem|p1a: Gholdengo|Choice Specs|[from] move: Knock Off|[of] p2a: Muk
|faint|p1a: Gholdengo
|
|upkeep
|
|t:|1758981929
|switch|p1a: Kingambit|Kingambit, M|100/100
|-damage|p1a: Kingambit|94/100|[from] Stealth Rock
|-activate|p1a: Kingambit|ability: Supreme Overlord
|-start|p1a: Kingambit|fallen3|[silent]
|turn|22
|
|t:|1758981941
|switch|p2a: Skarmory|Skarmory, F|75/100
|move|p1a: Kingambit|Sucker Punch||[still]
|-fail|p1a: Kingambit
|
|upkeep
|turn|23
|
|t:|1758981950
|move|p1a: Kingambit|Swords Dance|p1a: Kingambit
|-boost|p1a: Kingambit|atk|2
|move|p2a: Skarmory|Whirlwind|p1a: Kingambit
|-end|p1a: Kingambit|fallen3|[silent]
|drag|p1a: Tyranitar|Tyranitar, M|48/100
|-damage|p1a: Tyranitar|36/100|[from] Stealth Rock
|-weather|Sandstorm|[from] ability: Sand Stream|[of] p1a: Tyranitar
|
|-weather|Sandstorm|[upkeep]
|upkeep
|turn|24
|
|t:|1758981964
|move|p1a: Tyranitar|Stone Edge|p2a: Skarmory
|-damage|p2a: Skarmory|18/100
|-ability|p2a: Skarmory|Weak Armor|boost
|-unboost|p2a: Skarmory|def|1
|-boost|p2a: Skarmory|spe|2
|move|p2a: Skarmory|Roost|p2a: Skarmory
|-heal|p2a: Skarmory|68/100
|-singleturn|p2a: Skarmory|move: Roost
|
|-weather|Sandstorm|[upkeep]
|upkeep
|turn|25
|
|t:|1758981975
|move|p2a: Skarmory|Roost|p2a: Skarmory
|-heal|p2a: Skarmory|100/100
|-singleturn|p2a: Skarmory|move: Roost
|move|p1a: Tyranitar|Stone Edge|p2a: Skarmory
|-resisted|p2a: Skarmory
|-damage|p2a: Skarmory|62/100
|-ability|p2a: Skarmory|Weak Armor|boost
|-unboost|p2a: Skarmory|def|1
|-boost|p2a: Skarmory|spe|2
|
|-weather|Sandstorm|[upkeep]
|upkeep
|turn|26
|
|t:|1758981989
|switch|p2a: Muk|Muk-Alola, M|1/100 par
|move|p1a: Tyranitar|Stone Edge|p2a: Muk
|-damage|p2a: Muk|0 fnt
|faint|p2a: Muk
|
|-weather|Sandstorm|[upkeep]
|upkeep
|
|t:|1758982000
|switch|p2a: Salazzle|Salazzle, F, tera:Flying|100/100
|turn|27
|
|t:|1758982004
|move|p2a: Salazzle|Will-O-Wisp|p1a: Tyranitar
|-status|p1a: Tyranitar|brn
|move|p1a: Tyranitar|Stone Edge|p2a: Salazzle|[miss]
|-miss|p1a: Tyranitar|p2a: Salazzle
|
|-weather|none
|-damage|p1a: Tyranitar|30/100 brn|[from] brn
|upkeep
|turn|28
|
|t:|1758982018
|switch|p2a: Skarmory|Skarmory, F|62/100
|move|p1a: Tyranitar|Stone Edge|p2a: Skarmory
|-damage|p2a: Skarmory|34/100
|-ability|p2a: Skarmory|Weak Armor|boost
|-unboost|p2a: Skarmory|def|1
|-boost|p2a: Skarmory|spe|2
|
|-damage|p1a: Tyranitar|24/100 brn|[from] brn
|upkeep
|turn|29
|
|t:|1758982029
|move|p2a: Skarmory|Roost|p2a: Skarmory
|-heal|p2a: Skarmory|84/100
|-singleturn|p2a: Skarmory|move: Roost
|-activate|p1a: Tyranitar|move: Struggle
|move|p1a: Tyranitar|Struggle|p2a: Skarmory
|-damage|p2a: Skarmory|69/100
|-damage|p1a: Tyranitar|7/100 brn|[from] item: Rocky Helmet|[of] p2a: Skarmory
|-ability|p2a: Skarmory|Weak Armor|boost
|-unboost|p2a: Skarmory|def|1
|-boost|p2a: Skarmory|spe|2
|-damage|p1a: Tyranitar|0 fnt|[from] recoil
|faint|p1a: Tyranitar
|
|upkeep
|
|t:|1758982033
|switch|p1a: Kingambit|Kingambit, M|94/100
|-damage|p1a: Kingambit|88/100|[from] Stealth Rock
|-activate|p1a: Kingambit|ability: Supreme Overlord
|-start|p1a: Kingambit|fallen4|[silent]
|turn|30
|
|t:|1758982048
|move|p1a: Kingambit|Sucker Punch||[still]
|-fail|p1a: Kingambit
|move|p2a: Skarmory|Whirlwind|p1a: Kingambit
|-end|p1a: Kingambit|fallen4|[silent]
|drag|p1a: Excadrill|Excadrill, M, shiny|84/100
|-damage|p1a: Excadrill|81/100|[from] Stealth Rock
|-item|p1a: Excadrill|Air Balloon
|
|upkeep
|turn|31
|
|t:|1758982060
|switch|p2a: Salazzle|Salazzle, F, tera:Flying|100/100
|move|p1a: Excadrill|Iron Head|p2a: Salazzle
|-damage|p2a: Salazzle|32/100
|
|-heal|p2a: Salazzle|38/100|[from] item: Leftovers
|upkeep
|turn|32
|
|t:|1758982068
|move|p2a: Salazzle|Will-O-Wisp|p1a: Excadrill|[miss]
|-miss|p2a: Salazzle|p1a: Excadrill
|move|p1a: Excadrill|Iron Head|p2a: Salazzle
|-damage|p2a: Salazzle|0 fnt
|faint|p2a: Salazzle
|
|upkeep
|
|t:|1758982079
|switch|p2a: Skarmory|Skarmory, F|69/100
|turn|33
|
|t:|1758982090
|move|p1a: Excadrill|Iron Head|p2a: Skarmory
|-resisted|p2a: Skarmory
|-damage|p2a: Skarmory|55/100
|-damage|p1a: Excadrill|64/100|[from] item: Rocky Helmet|[of] p2a: Skarmory
|-ability|p2a: Skarmory|Weak Armor|boost
|-unboost|p2a: Skarmory|def|1
|-boost|p2a: Skarmory|spe|2
|cant|p2a: Skarmory|flinch
|
|upkeep
|turn|34
|
|t:|1758982099
|move|p2a: Skarmory|Roost|p2a: Skarmory
|-heal|p2a: Skarmory|100/100
|-singleturn|p2a: Skarmory|move: Roost
|move|p1a: Excadrill|Swords Dance|p1a: Excadrill
|-boost|p1a: Excadrill|atk|2
|
|upkeep
|turn|35
|
|t:|1758982107
|move|p1a: Excadrill|Iron Head|p2a: Skarmory
|-resisted|p2a: Skarmory
|-damage|p2a: Skarmory|62/100
|-damage|p1a: Excadrill|48/100|[from] item: Rocky Helmet|[of] p2a: Skarmory
|-ability|p2a: Skarmory|Weak Armor|boost
|-unboost|p2a: Skarmory|def|1
|-boost|p2a: Skarmory|spe|2
|move|p2a: Skarmory|Whirlwind|p1a: Excadrill
|drag|p1a: Kingambit|Kingambit, M|88/100
|-damage|p1a: Kingambit|82/100|[from] Stealth Rock
|-activate|p1a: Kingambit|ability: Supreme Overlord
|-start|p1a: Kingambit|fallen4|[silent]
|
|upkeep
|turn|36
|
|t:|1758982120
|move|p1a: Kingambit|Sucker Punch||[still]
|-fail|p1a: Kingambit
|move|p2a: Skarmory|Whirlwind|p1a: Kingambit
|-end|p1a: Kingambit|fallen4|[silent]
|drag|p1a: Excadrill|Excadrill, M, shiny|48/100
|-damage|p1a: Excadrill|45/100|[from] Stealth Rock
|-item|p1a: Excadrill|Air Balloon
|
|upkeep
|turn|37
|
|t:|1758982129
|move|p1a: Excadrill|Iron Head|p2a: Skarmory
|-resisted|p2a: Skarmory
|-damage|p2a: Skarmory|33/100
|-damage|p1a: Excadrill|28/100|[from] item: Rocky Helmet|[of] p2a: Skarmory
|-ability|p2a: Skarmory|Weak Armor|boost
|-unboost|p2a: Skarmory|def|1
|-boost|p2a: Skarmory|spe|2
|cant|p2a: Skarmory|flinch
|
|upkeep
|turn|38
|
|t:|1758982139
|move|p2a: Skarmory|Roost|p2a: Skarmory
|-heal|p2a: Skarmory|83/100
|-singleturn|p2a: Skarmory|move: Roost
|move|p1a: Excadrill|Iron Head|p2a: Skarmory
|-resisted|p2a: Skarmory
|-damage|p2a: Skarmory|50/100
|-damage|p1a: Excadrill|11/100|[from] item: Rocky Helmet|[of] p2a: Skarmory
|-ability|p2a: Skarmory|Weak Armor|boost
|-unboost|p2a: Skarmory|def|1
|
|upkeep
|turn|39
|
|t:|1758982150
|move|p1a: Excadrill|Rapid Spin|p2a: Skarmory
|-resisted|p2a: Skarmory
|-damage|p2a: Skarmory|32/100
|-boost|p1a: Excadrill|spe|1
|-damage|p1a: Excadrill|0 fnt|[from] item: Rocky Helmet|[of] p2a: Skarmory
|-ability|p2a: Skarmory|Weak Armor|boost
|-unboost|p2a: Skarmory|def|1
|faint|p1a: Excadrill
|move|p2a: Skarmory|Whirlwind|p1: Excadrill|[notarget]
|-fail|p2a: Skarmory
|
|upkeep
|
|t:|1758982154
|switch|p1a: Kingambit|Kingambit, M|82/100
|-damage|p1a: Kingambit|76/100|[from] Stealth Rock
|-activate|p1a: Kingambit|ability: Supreme Overlord
|-start|p1a: Kingambit|fallen5|[silent]
|turn|40
|
|t:|1758982173
|move|p1a: Kingambit|Sucker Punch||[still]
|-fail|p1a: Kingambit
|move|p2a: Skarmory|Roost|p2a: Skarmory
|-heal|p2a: Skarmory|82/100
|-singleturn|p2a: Skarmory|move: Roost
|
|upkeep
|turn|41
|
|t:|1758982181
|switch|p2a: Inteleon|Inteleon, M|100/100
|move|p1a: Kingambit|Sucker Punch||[still]
|-fail|p1a: Kingambit
|
|upkeep
|turn|42
|
|t:|1758982189
|move|p2a: Inteleon|Vacuum Wave|p1a: Kingambit
|-supereffective|p1a: Kingambit
|-crit|p1a: Kingambit
|-damage|p1a: Kingambit|0 fnt
|faint|p1a: Kingambit
|-end|p1a: Kingambit|fallen5|[silent]
|
|win|Athal14
|raw|xiehaoang's rating: 1094 &rarr; <strong>1071</strong><br />(-23 for losing)
|raw|Athal14's rating: 1117 &rarr; <strong>1140</strong><br />(+23 for winning)
|l|☆xiehaoang
|player|p1|
|l|☆Athal14
|player|p2|
