|j|☆GummyDeino
|j|☆Shibuya Arc
|t:|1758993922
|gametype|singles
|player|p1|GummyDeino|2|1700
|player|p2|Shibuya Arc|169|1665
|gen|9
|tier|[Gen 9] OU
|rated|
|rule|HP Percentage Mod: HP is shown in percentages
|rule|Endless Battle Clause: Forcing endless battles is banned
|rule|Species Clause: Limit one of each Pokémon
|rule|OHKO Clause: OHKO moves are banned
|rule|Evasion Items Clause: Evasion items are banned
|rule|Evasion Moves Clause: Evasion moves are banned
|rule|Evasion Abilities Clause: Evasion abilities are banned
|rule|Sleep Moves Clause: Sleep-inducing moves are banned
|clearpoke
|poke|p1|Indeedee, M|
|poke|p1|Hatterene, F|
|poke|p1|Ursaluna, F|
|poke|p1|Iron Hands|
|poke|p1|Hoopa-Unbound|
|poke|p1|Mimikyu, F|
|poke|p2|Dragapult, F|
|poke|p2|Dragonite, F|
|poke|p2|Ting-Lu|
|poke|p2|Weezing-Galar, F|
|poke|p2|Iron Crown|
|poke|p2|Zapdos|
|teampreview
|inactive|Battle timer is ON: inactive players will automatically lose when time's up. (requested by GummyDeino)
|
|t:|1758993930
|teamsize|p1|6
|teamsize|p2|6
|start
|switch|p1a: Catch These Hands|Iron Hands, shiny|100/100
|switch|p2a: Iron Crown|Iron Crown|100/100
|-enditem|p1a: Catch These Hands|Booster Energy
|-activate|p1a: Catch These Hands|ability: Quark Drive|[fromitem]
|-start|p1a: Catch These Hands|quarkdriveatk
|turn|1
|inactive|Shibuya Arc also wants the timer to be on.
|
|t:|1758993938
|move|p2a: Iron Crown|Psyshock|p1a: Catch These Hands
|-supereffective|p1a: Catch These Hands
|-damage|p1a: Catch These Hands|14/100
|move|p1a: Catch These Hands|Close Combat|p2a: Iron Crown
|-damage|p2a: Iron Crown|0 fnt
|-unboost|p1a: Catch These Hands|def|1
|-unboost|p1a: Catch These Hands|spd|1
|faint|p2a: Iron Crown
|-end|p2a: Iron Crown|Quark Drive|[silent]
|
|upkeep
|
|t:|1758993946
|switch|p2a: Zapdos|Zapdos|100/100
|turn|2
|
|t:|1758993951
|-end|p1a: Catch These Hands|Quark Drive|[silent]
|switch|p1a: Ayo Doc Heal Me|Indeedee, M, shiny|100/100
|-fieldstart|move: Psychic Terrain|[from] ability: Psychic Surge|[of] p1a: Ayo Doc Heal Me
|move|p2a: Zapdos|Hurricane|p1a: Ayo Doc Heal Me
|-damage|p1a: Ayo Doc Heal Me|38/100
|-start|p1a: Ayo Doc Heal Me|confusion
|
|upkeep
|turn|3
|j| 54 insane rats
|
|t:|1758993964
|move|p2a: Zapdos|Hurricane|p1a: Ayo Doc Heal Me
|-damage|p1a: Ayo Doc Heal Me|0 fnt
|faint|p1a: Ayo Doc Heal Me
|
|upkeep
|
|t:|1758993968
|switch|p1a: Sukuna|Hoopa-Unbound|100/100
|-enditem|p1a: Sukuna|Psychic Seed
|-boost|p1a: Sukuna|spd|1|[from] item: Psychic Seed
|turn|4
|
|t:|1758993974
|switch|p2a: Ting-Lu|Ting-Lu|100/100
|-ability|p2a: Ting-Lu|Vessel of Ruin
|move|p1a: Sukuna|Trick Room|p1a: Sukuna
|-fieldstart|move: Trick Room|[of] p1a: Sukuna
|
|upkeep
|turn|5
|l| 54 insane rats
|
|t:|1758993980
|switch|p1a: 5 Nights In TR|Ursaluna, F, shiny|100/100
|move|p2a: Ting-Lu|Stealth Rock|p1a: 5 Nights In TR
|-sidestart|p1: GummyDeino|move: Stealth Rock
|
|-status|p1a: 5 Nights In TR|brn|[from] item: Flame Orb
|upkeep
|turn|6
|j| Rizzofreko
|
|t:|1758993989
|move|p1a: 5 Nights In TR|Ice Punch|p2a: Ting-Lu
|-supereffective|p2a: Ting-Lu
|-damage|p2a: Ting-Lu|50/100
|move|p2a: Ting-Lu|Ruination|p1a: 5 Nights In TR
|-damage|p1a: 5 Nights In TR|51/100 brn
|
|-heal|p2a: Ting-Lu|56/100|[from] item: Leftovers
|-damage|p1a: 5 Nights In TR|45/100 brn|[from] brn
|upkeep
|turn|7
|
|t:|1758994001
|switch|p2a: Weezing|Weezing-Galar, F|100/100
|-ability|p2a: Weezing|Neutralizing Gas
|move|p1a: 5 Nights In TR|Facade|p2a: Weezing
|-damage|p2a: Weezing|42/100
|
|-damage|p1a: 5 Nights In TR|39/100 brn|[from] brn
|upkeep
|turn|8
|
|t:|1758994009
|move|p1a: 5 Nights In TR|Facade|p2a: Weezing
|-damage|p2a: Weezing|0 fnt
|faint|p2a: Weezing
|-end|p2a: Weezing|ability: Neutralizing Gas
|
|-damage|p1a: 5 Nights In TR|32/100 brn|[from] brn
|-fieldend|move: Trick Room
|upkeep
|
|t:|1758994015
|switch|p2a: Ting-Lu|Ting-Lu|56/100
|-ability|p2a: Ting-Lu|Vessel of Ruin
|turn|9
|
|t:|1758994022
|switch|p1a: Mimi :3|Mimikyu, F, shiny|100/100
|-damage|p1a: Mimi :3|88/100|[from] Stealth Rock
|move|p2a: Ting-Lu|Earthquake|p1a: Mimi :3
|-activate|p1a: Mimi :3|ability: Disguise
|-damage|p1a: Mimi :3|88/100
|detailschange|p1a: Mimi :3|Mimikyu-Busted, F, shiny
|-damage|p1a: Mimi :3|76/100|[from] pokemon: Mimikyu-Busted
|-enditem|p1a: Mimi :3|Red Card|[of] p2a: Ting-Lu
|drag|p2a: Dragapult|Dragapult, F|100/100
|
|-fieldend|move: Psychic Terrain
|upkeep
|turn|10
|
|t:|1758994033
|move|p2a: Dragapult|Hex|p1a: Mimi :3
|-supereffective|p1a: Mimi :3
|-damage|p1a: Mimi :3|16/100
|move|p1a: Mimi :3|Trick Room|p1a: Mimi :3
|-fieldstart|move: Trick Room|[of] p1a: Mimi :3
|
|upkeep
|turn|11
|
|t:|1758994041
|switch|p2a: Ting-Lu|Ting-Lu|56/100
|-ability|p2a: Ting-Lu|Vessel of Ruin
|move|p1a: Mimi :3|Curse|p2a: Ting-Lu
|-start|p2a: Ting-Lu|Curse|[of] p1a: Mimi :3
|-damage|p1a: Mimi :3|0 fnt
|faint|p1a: Mimi :3
|
|-heal|p2a: Ting-Lu|62/100|[from] item: Leftovers
|-damage|p2a: Ting-Lu|37/100|[from] Curse
|upkeep
|
|t:|1758994051
|switch|p1a: 5 Nights In TR|Ursaluna, F, shiny|32/100 brn
|-damage|p1a: 5 Nights In TR|26/100 brn|[from] Stealth Rock
|turn|12
|
|t:|1758994057
|move|p1a: 5 Nights In TR|Ice Punch|p2a: Ting-Lu
|-supereffective|p2a: Ting-Lu
|-damage|p2a: Ting-Lu|0 fnt
|faint|p2a: Ting-Lu
|
|-damage|p1a: 5 Nights In TR|20/100 brn|[from] brn
|upkeep
|
|t:|1758994064
|switch|p2a: Dragonite|Dragonite, F|100/100
|turn|13
|
|t:|1758994069
|move|p2a: Dragonite|Extreme Speed|p1a: 5 Nights In TR
|-damage|p1a: 5 Nights In TR|0 fnt
|faint|p1a: 5 Nights In TR
|
|upkeep
|
|t:|1758994075
|switch|p1a: Catch These Hands|Iron Hands, shiny|14/100
|-damage|p1a: Catch These Hands|8/100|[from] Stealth Rock
|turn|14
|
|t:|1758994080
|move|p2a: Dragonite|Extreme Speed|p1a: Catch These Hands
|-damage|p1a: Catch These Hands|0 fnt
|faint|p1a: Catch These Hands
|-end|p1a: Catch These Hands|Quark Drive|[silent]
|
|-fieldend|move: Trick Room
|upkeep
|
|t:|1758994085
|switch|p1a: Satella|Hatterene, F, shiny|100/100
|-damage|p1a: Satella|88/100|[from] Stealth Rock
|turn|15
|
|t:|1758994091
|move|p2a: Dragonite|Dragon Dance|p2a: Dragonite
|-boost|p2a: Dragonite|atk|1
|-boost|p2a: Dragonite|spe|1
|move|p1a: Satella|Trick Room|p1a: Satella
|-fieldstart|move: Trick Room|[of] p1a: Satella
|
|upkeep
|turn|16
|
|t:|1758994096
|-terastallize|p1a: Satella|Stellar
|-terastallize|p2a: Dragonite|Normal
|move|p1a: Satella|Draining Kiss|p2a: Dragonite
|-damage|p2a: Dragonite|69/100
|-heal|p1a: Satella|100/100|[from] drain|[of] p2a: Dragonite
|-damage|p1a: Satella|91/100|[from] item: Life Orb
|move|p2a: Dragonite|Earthquake|p1a: Satella
|-damage|p1a: Satella|30/100
|
|upkeep
|turn|17
|
|t:|1758994110
|move|p2a: Dragonite|Extreme Speed|p1a: Satella
|-damage|p1a: Satella|0 fnt
|faint|p1a: Satella
|
|upkeep
|-message|GummyDeino forfeited.
|
|win|Shibuya Arc
|raw|GummyDeino's rating: 1700 &rarr; <strong>1678</strong><br />(-22 for losing)
|raw|Shibuya Arc's rating: 1665 &rarr; <strong>1687</strong><br />(+22 for winning)
