|badge|p1|bronze|gen9ou|100-6
|html|<div class="broadcast-red"><strong>This battle is required to be public due to one or more player having a season medal.</strong><br />During the public phase, you can discuss the state of the ladder <a href="/seasondiscussion">in a special chatroom.</a></div>
|uhtml|medal-msg|<div class="broadcast-blue">Curious what those medals under the avatar are? PS now has Ladder Seasons! For more information, check out the <a href="https://www.smogon.com/forums/threads/3740067/">thread on Smogon.</a></div>
|raw|<div class="broadcast-blue"><strong>This battle is required to be public due to a player having a name starting with 'medal'.</div>
|j|☆healorant
|j|☆light ladd v3
|t:|1759011157
|gametype|singles
|player|p1|healorant|alder|1877
|player|p2|light ladd v3|blue-gen7|1833
|gen|9
|tier|[Gen 9] OU
|rated|
|rule|HP Percentage Mod: HP is shown in percentages
|rule|Endless Battle Clause: Forcing endless battles is banned
|rule|Species Clause: Limit one of each Pokémon
|rule|OHKO Clause: OHKO moves are banned
|rule|Evasion Items Clause: Evasion items are banned
|rule|Evasion Moves Clause: Evasion moves are banned
|rule|Evasion Abilities Clause: Evasion abilities are banned
|rule|Sleep Moves Clause: Sleep-inducing moves are banned
|clearpoke
|poke|p1|Moltres|
|poke|p1|Samurott-Hisui, F|
|poke|p1|Kingambit, F|
|poke|p1|Great Tusk|
|poke|p1|Dragonite, F|
|poke|p1|Alomomola, F|
|poke|p2|Iron Hands|
|poke|p2|Hatterene, F|
|poke|p2|Glimmora, F|
|poke|p2|Zamazenta-*|
|poke|p2|Dragapult, F|
|poke|p2|Gliscor, M|
|teampreview
|inactive|Battle timer is ON: inactive players will automatically lose when time's up. (requested by light ladd v3)
|j| hacksareus10
|
|t:|1759011169
|teamsize|p1|6
|teamsize|p2|6
|start
|switch|p1a: Moltres|Moltres|100/100
|switch|p2a: Glimmora|Glimmora, F|100/100
|turn|1
|
|t:|1759011172
|move|p2a: Glimmora|Stealth Rock|p1a: Moltres
|-sidestart|p1: healorant|move: Stealth Rock
|move|p1a: Moltres|Scorching Sands|p2a: Glimmora
|-supereffective|p2a: Glimmora
|-damage|p2a: Glimmora|0 fnt
|faint|p2a: Glimmora
|
|upkeep
|
|t:|1759011187
|switch|p2a: Zamazenta|Zamazenta|100/100
|-ability|p2a: Zamazenta|Dauntless Shield|boost
|-boost|p2a: Zamazenta|def|1
|turn|2
|
|t:|1759011193
|switch|p1a: Alomomola|Alomomola, F|100/100
|-damage|p1a: Alomomola|88/100|[from] Stealth Rock
|move|p2a: Zamazenta|Reflect|p2a: Zamazenta
|-sidestart|p2: light ladd v3|Reflect
|
|upkeep
|turn|3
|
|t:|1759011197
|switch|p2a: Gliscor|Gliscor, M|100/100
|move|p1a: Alomomola|Flip Turn|p2a: Gliscor
|-supereffective|p2a: Gliscor
|-damage|p2a: Gliscor|87/100
|
|t:|1759011205
|switch|p1a: Dragonite|Dragonite, F|100/100|[from] Flip Turn
|
|-status|p2a: Gliscor|tox|[from] item: Toxic Orb
|upkeep
|turn|4
|
|t:|1759011226
|switch|p2a: Dragapult|Dragapult, F|100/100
|move|p1a: Dragonite|Dragon Tail|p2a: Dragapult
|-supereffective|p2a: Dragapult
|-damage|p2a: Dragapult|53/100
|drag|p2a: Gliscor|Gliscor, M|87/100 tox
|
|-heal|p2a: Gliscor|99/100 tox|[from] ability: Poison Heal
|upkeep
|turn|5
|j| TussiOld
|
|t:|1759011238
|move|p2a: Gliscor|Facade|p1a: Dragonite
|-damage|p1a: Dragonite|85/100
|move|p1a: Dragonite|Dragon Tail|p2a: Gliscor
|-damage|p2a: Gliscor|87/100 tox
|drag|p2a: Iron Hands|Iron Hands|100/100
|
|upkeep
|turn|6
|
|t:|1759011244
|switch|p1a: Great Tusk|Great Tusk|100/100
|move|p2a: Iron Hands|Ice Punch|p1a: Great Tusk
|-supereffective|p1a: Great Tusk
|-damage|p1a: Great Tusk|61/100
|
|upkeep
|turn|7
|
|t:|1759011248
|move|p1a: Great Tusk|Stealth Rock|p2a: Iron Hands
|-sidestart|p2: light ladd v3|move: Stealth Rock
|move|p2a: Iron Hands|Ice Punch|p1a: Great Tusk
|-supereffective|p1a: Great Tusk
|-damage|p1a: Great Tusk|21/100
|-status|p1a: Great Tusk|frz
|
|upkeep
|turn|8
|
|t:|1759011252
|cant|p1a: Great Tusk|frz
|move|p2a: Iron Hands|Swords Dance|p2a: Iron Hands
|-boost|p2a: Iron Hands|atk|2
|
|upkeep
|turn|9
|
|t:|1759011254
|-curestatus|p1a: Great Tusk|frz|[msg]
|move|p1a: Great Tusk|Headlong Rush|p2a: Iron Hands
|-supereffective|p2a: Iron Hands
|-damage|p2a: Iron Hands|63/100
|-unboost|p1a: Great Tusk|def|1
|-unboost|p1a: Great Tusk|spd|1
|move|p2a: Iron Hands|Drain Punch|p1a: Great Tusk
|-damage|p1a: Great Tusk|0 fnt
|-heal|p2a: Iron Hands|72/100|[from] drain|[of] p1a: Great Tusk
|faint|p1a: Great Tusk
|-end|p1a: Great Tusk|Protosynthesis|[silent]
|
|-sideend|p2: light ladd v3|Reflect
|upkeep
|
|t:|1759011262
|switch|p1a: Moltres|Moltres|100/100
|turn|10
|
|t:|1759011264
|move|p1a: Moltres|Scorching Sands|p2a: Iron Hands
|-supereffective|p2a: Iron Hands
|-damage|p2a: Iron Hands|22/100
|-status|p2a: Iron Hands|brn
|-enditem|p2a: Iron Hands|Lum Berry|[eat]
|-curestatus|p2a: Iron Hands|brn|[msg]
|move|p2a: Iron Hands|Thunder Punch|p1a: Moltres
|-supereffective|p1a: Moltres
|-damage|p1a: Moltres|0 fnt
|faint|p1a: Moltres
|
|upkeep
|
|t:|1759011272
|switch|p1a: Dragonite|Dragonite, F|85/100
|turn|11
|j| Light SV
|
|t:|1759011288
|-end|p2a: Iron Hands|Quark Drive|[silent]
|switch|p2a: Zamazenta|Zamazenta|100/100
|-damage|p2a: Zamazenta|94/100|[from] Stealth Rock
|move|p1a: Dragonite|Earthquake|p2a: Zamazenta
|-damage|p2a: Zamazenta|65/100
|
|upkeep
|turn|12
|
|t:|1759011296
|move|p2a: Zamazenta|Reflect|p2a: Zamazenta
|-sidestart|p2: light ladd v3|Reflect
|move|p1a: Dragonite|Roost|p1a: Dragonite
|-heal|p1a: Dragonite|100/100
|-singleturn|p1a: Dragonite|move: Roost
|
|upkeep
|turn|13
|l| Light SV
|
|t:|1759011304
|switch|p2a: Hatterene|Hatterene, F|100/100
|-damage|p2a: Hatterene|88/100|[from] Stealth Rock
|switch|p1a: Alomomola|Alomomola, F|100/100
|-damage|p1a: Alomomola|88/100|[from] Stealth Rock
|
|-heal|p2a: Hatterene|94/100|[from] item: Leftovers
|upkeep
|turn|14
|
|t:|1759011313
|move|p1a: Alomomola|Body Slam|p2a: Hatterene
|-crit|p2a: Hatterene
|-damage|p2a: Hatterene|75/100
|move|p2a: Hatterene|Calm Mind|p2a: Hatterene
|-boost|p2a: Hatterene|spa|1
|-boost|p2a: Hatterene|spd|1
|
|-heal|p2a: Hatterene|81/100|[from] item: Leftovers
|upkeep
|turn|15
|
|t:|1759011316
|move|p1a: Alomomola|Body Slam|p2a: Hatterene
|-damage|p2a: Hatterene|74/100
|-status|p2a: Hatterene|par
|move|p2a: Hatterene|Substitute|p2a: Hatterene
|-start|p2a: Hatterene|Substitute
|-damage|p2a: Hatterene|49/100 par
|
|-heal|p2a: Hatterene|55/100 par|[from] item: Leftovers
|upkeep
|turn|16
|
|t:|1759011322
|move|p1a: Alomomola|Flip Turn|p2a: Hatterene
|-activate|p2a: Hatterene|move: Substitute|[damage]
|
|t:|1759011323
|switch|p1a: Samurott|Samurott-Hisui, F|100/100|[from] Flip Turn
|-damage|p1a: Samurott|88/100|[from] Stealth Rock
|move|p2a: Hatterene|Calm Mind|p2a: Hatterene
|-boost|p2a: Hatterene|spa|1
|-boost|p2a: Hatterene|spd|1
|
|-heal|p2a: Hatterene|61/100 par|[from] item: Leftovers
|upkeep
|turn|17
|
|t:|1759011325
|move|p1a: Samurott|Flip Turn|p2a: Hatterene
|-activate|p2a: Hatterene|move: Substitute|[damage]
|
|t:|1759011328
|switch|p1a: Alomomola|Alomomola, F|100/100|[from] Flip Turn
|-damage|p1a: Alomomola|88/100|[from] Stealth Rock
|cant|p2a: Hatterene|par
|
|-heal|p2a: Hatterene|67/100 par|[from] item: Leftovers
|upkeep
|turn|18
|
|t:|1759011333
|move|p1a: Alomomola|Flip Turn|p2a: Hatterene
|-crit|p2a: Hatterene
|-end|p2a: Hatterene|Substitute
|
|t:|1759011335
|switch|p1a: Kingambit|Kingambit, F|100/100|[from] Flip Turn
|-damage|p1a: Kingambit|94/100|[from] Stealth Rock
|-activate|p1a: Kingambit|ability: Supreme Overlord
|-start|p1a: Kingambit|fallen2|[silent]
|move|p2a: Hatterene|Substitute|p2a: Hatterene
|-start|p2a: Hatterene|Substitute
|-damage|p2a: Hatterene|42/100 par
|
|-heal|p1a: Kingambit|100/100|[from] item: Leftovers
|-heal|p2a: Hatterene|48/100 par|[from] item: Leftovers
|upkeep
|turn|19
|
|t:|1759011338
|move|p1a: Kingambit|Iron Head|p2a: Hatterene
|-supereffective|p2a: Hatterene
|-end|p2a: Hatterene|Substitute
|move|p2a: Hatterene|Draining Kiss|p1a: Kingambit
|-damage|p1a: Kingambit|53/100
|-heal|p2a: Hatterene|87/100 par|[from] drain|[of] p1a: Kingambit
|
|-heal|p1a: Kingambit|59/100|[from] item: Leftovers
|-heal|p2a: Hatterene|93/100 par|[from] item: Leftovers
|-sideend|p2: light ladd v3|Reflect
|upkeep
|turn|20
|
|t:|1759011345
|switch|p2a: Iron Hands|Iron Hands|22/100
|-damage|p2a: Iron Hands|16/100|[from] Stealth Rock
|move|p1a: Kingambit|Iron Head|p2a: Iron Hands
|-resisted|p2a: Iron Hands
|-damage|p2a: Iron Hands|0 fnt
|faint|p2a: Iron Hands
|-end|p2a: Iron Hands|Quark Drive|[silent]
|
|-heal|p1a: Kingambit|65/100|[from] item: Leftovers
|upkeep
|
|t:|1759011347
|switch|p2a: Zamazenta|Zamazenta|65/100
|-damage|p2a: Zamazenta|59/100|[from] Stealth Rock
|turn|21
|
|t:|1759011350
|-end|p1a: Kingambit|fallen2|[silent]
|switch|p1a: Alomomola|Alomomola, F|100/100
|-damage|p1a: Alomomola|88/100|[from] Stealth Rock
|move|p2a: Zamazenta|Reflect|p2a: Zamazenta
|-sidestart|p2: light ladd v3|Reflect
|
|upkeep
|turn|22
|
|t:|1759011356
|switch|p2a: Gliscor|Gliscor, M|87/100 tox
|-damage|p2a: Gliscor|75/100 tox|[from] Stealth Rock
|move|p1a: Alomomola|Scald|p2a: Gliscor
|-supereffective|p2a: Gliscor
|-damage|p2a: Gliscor|48/100 tox
|
|-heal|p2a: Gliscor|60/100 tox|[from] ability: Poison Heal
|upkeep
|turn|23
|
|t:|1759011362
|move|p2a: Gliscor|Swords Dance|p2a: Gliscor
|-boost|p2a: Gliscor|atk|2
|move|p1a: Alomomola|Flip Turn|p2a: Gliscor
|-supereffective|p2a: Gliscor
|-damage|p2a: Gliscor|48/100 tox
|
|t:|1759011367
|switch|p1a: Dragonite|Dragonite, F|100/100|[from] Flip Turn
|
|-heal|p2a: Gliscor|61/100 tox|[from] ability: Poison Heal
|upkeep
|turn|24
|
|t:|1759011370
|move|p2a: Gliscor|Facade|p1a: Dragonite
|-damage|p1a: Dragonite|74/100
|move|p1a: Dragonite|Dragon Tail|p2a: Gliscor
|-damage|p2a: Gliscor|48/100 tox
|drag|p2a: Hatterene|Hatterene, F|93/100 par
|-damage|p2a: Hatterene|81/100 par|[from] Stealth Rock
|
|-heal|p2a: Hatterene|87/100 par|[from] item: Leftovers
|upkeep
|turn|25
|j| FaronAan
|
|t:|1759011379
|move|p1a: Dragonite|Roost|p1a: Dragonite
|-heal|p1a: Dragonite|100/100
|-singleturn|p1a: Dragonite|move: Roost
|move|p2a: Hatterene|Substitute|p2a: Hatterene
|-start|p2a: Hatterene|Substitute
|-damage|p2a: Hatterene|62/100 par
|
|-heal|p2a: Hatterene|68/100 par|[from] item: Leftovers
|upkeep
|turn|26
|
|t:|1759011386
|switch|p1a: Kingambit|Kingambit, F|65/100
|-damage|p1a: Kingambit|59/100|[from] Stealth Rock
|-activate|p1a: Kingambit|ability: Supreme Overlord
|-start|p1a: Kingambit|fallen2|[silent]
|move|p2a: Hatterene|Calm Mind|p2a: Hatterene
|-boost|p2a: Hatterene|spa|1
|-boost|p2a: Hatterene|spd|1
|
|-heal|p1a: Kingambit|65/100|[from] item: Leftovers
|-heal|p2a: Hatterene|74/100 par|[from] item: Leftovers
|upkeep
|turn|27
|
|t:|1759011397
|-terastallize|p2a: Hatterene|Water
|move|p1a: Kingambit|Iron Head|p2a: Hatterene
|-resisted|p2a: Hatterene
|-crit|p2a: Hatterene
|-end|p2a: Hatterene|Substitute
|cant|p2a: Hatterene|par
|
|-heal|p1a: Kingambit|71/100|[from] item: Leftovers
|-heal|p2a: Hatterene|80/100 par|[from] item: Leftovers
|upkeep
|turn|28
|
|t:|1759011402
|move|p1a: Kingambit|Swords Dance|p1a: Kingambit
|-boost|p1a: Kingambit|atk|2
|move|p2a: Hatterene|Draining Kiss|p1a: Kingambit
|-damage|p1a: Kingambit|31/100
|-heal|p2a: Hatterene|100/100 par|[from] drain|[of] p1a: Kingambit
|
|-heal|p1a: Kingambit|37/100|[from] item: Leftovers
|-sideend|p2: light ladd v3|Reflect
|upkeep
|turn|29
|
|t:|1759011409
|move|p1a: Kingambit|Kowtow Cleave|p2a: Hatterene
|-damage|p2a: Hatterene|0 fnt
|faint|p2a: Hatterene
|
|-heal|p1a: Kingambit|44/100|[from] item: Leftovers
|upkeep
|
|t:|1759011413
|switch|p2a: Zamazenta|Zamazenta|59/100
|-damage|p2a: Zamazenta|53/100|[from] Stealth Rock
|turn|30
|
|t:|1759011419
|-terastallize|p1a: Kingambit|Ghost
|move|p2a: Zamazenta|Reflect|p2a: Zamazenta
|-sidestart|p2: light ladd v3|Reflect
|move|p1a: Kingambit|Iron Head|p2a: Zamazenta
|-damage|p2a: Zamazenta|6/100
|
|-heal|p1a: Kingambit|50/100|[from] item: Leftovers
|upkeep
|turn|31
|
|t:|1759011422
|move|p1a: Kingambit|Swords Dance|p1a: Kingambit
|-boost|p1a: Kingambit|atk|2
|move|p2a: Zamazenta|Roar|p1a: Kingambit
|-end|p1a: Kingambit|fallen2|[silent]
|drag|p1a: Dragonite|Dragonite, F|100/100
|
|upkeep
|turn|32
|
|t:|1759011428
|switch|p1a: Alomomola|Alomomola, F|100/100
|-damage|p1a: Alomomola|88/100|[from] Stealth Rock
|move|p2a: Zamazenta|Steel Beam|p1a: Alomomola
|-resisted|p1a: Alomomola
|-damage|p1a: Alomomola|80/100
|-damage|p2a: Zamazenta|0 fnt|[from] steelbeam
|faint|p2a: Zamazenta
|
|upkeep
|
|t:|1759011439
|switch|p2a: Dragapult|Dragapult, F|53/100
|-damage|p2a: Dragapult|41/100|[from] Stealth Rock
|turn|33
|
|t:|1759011443
|move|p2a: Dragapult|Dragon Dance|p2a: Dragapult
|-boost|p2a: Dragapult|atk|1
|-boost|p2a: Dragapult|spe|1
|move|p1a: Alomomola|Scald|p2a: Dragapult
|-resisted|p2a: Dragapult
|-damage|p2a: Dragapult|32/100
|-status|p2a: Dragapult|brn
|
|-damage|p2a: Dragapult|26/100 brn|[from] brn
|upkeep
|turn|34
|
|t:|1759011447
|move|p2a: Dragapult|Dragon Darts|p1a: Alomomola
|-damage|p1a: Alomomola|64/100
|-anim|p2a: Dragapult|Dragon Darts|p1a: Alomomola
|-damage|p1a: Alomomola|45/100
|-damage|p2a: Dragapult|17/100 brn|[from] item: Life Orb
|move|p1a: Alomomola|Flip Turn|p2a: Dragapult
|-resisted|p2a: Dragapult
|-damage|p2a: Dragapult|11/100 brn
|-message|light ladd v3 forfeited.
|
|win|healorant
|raw|healorant's rating: 1877 &rarr; <strong>1894</strong><br />(+17 for winning)
|raw|light ladd v3's rating: 1833 &rarr; <strong>1816</strong><br />(-17 for losing)
|l|☆light ladd v3
|player|p2|
|l|☆healorant
|player|p1|
|l| FaronAan
|j| Nikator98
|l| Nikator98
|l| TussiOld
