|j|☆Zero to still Zero
|j|☆missingyat
|t:|1759047710
|gametype|singles
|player|p1|Zero to still Zero|archer|1070
|player|p2|missingyat|clerk|1055
|gen|9
|tier|[Gen 9] OU
|rated|
|rule|HP Percentage Mod: HP is shown in percentages
|rule|Endless Battle Clause: Forcing endless battles is banned
|rule|Species Clause: Limit one of each Pokémon
|rule|OHKO Clause: OHKO moves are banned
|rule|Evasion Items Clause: Evasion items are banned
|rule|Evasion Moves Clause: Evasion moves are banned
|rule|Evasion Abilities Clause: Evasion abilities are banned
|rule|Sleep Moves Clause: Sleep-inducing moves are banned
|clearpoke
|poke|p1|Tyranitar, M|
|poke|p1|Excadrill, M|
|poke|p1|Landorus-Therian, M|
|poke|p1|Corviknight, M|
|poke|p1|Raging Bolt|
|poke|p1|Garchomp, M|
|poke|p2|Granbull, F|
|poke|p2|Komala, F|
|poke|p2|Bastiodon, M|
|poke|p2|Conkeldurr, M|
|poke|p2|Galvantula, M|
|poke|p2|Quaquaval, F|
|teampreview
|
|t:|1759047729
|teamsize|p1|6
|teamsize|p2|6
|start
|switch|p1a: Tyranitar|Tyranitar, M|100/100
|switch|p2a: Conkeldurr|Conkeldurr, M|100/100
|-weather|Sandstorm|[from] ability: Sand Stream|[of] p1a: Tyranitar
|turn|1
|
|t:|1759047742
|switch|p1a: Excadrill|Excadrill, M|100/100
|move|p2a: Conkeldurr|Bulk Up|p2a: Conkeldurr
|-boost|p2a: Conkeldurr|atk|1
|-boost|p2a: Conkeldurr|def|1
|
|-weather|Sandstorm|[upkeep]
|-damage|p2a: Conkeldurr|95/100|[from] Sandstorm
|upkeep
|turn|2
|
|t:|1759047758
|-terastallize|p1a: Excadrill|Flying
|move|p1a: Excadrill|Earthquake|p2a: Conkeldurr
|-damage|p2a: Conkeldurr|32/100
|move|p2a: Conkeldurr|Dynamic Punch|p1a: Excadrill|[miss]
|-miss|p2a: Conkeldurr|p1a: Excadrill
|-enditem|p2a: Conkeldurr|Blunder Policy
|-boost|p2a: Conkeldurr|spe|2
|
|-weather|Sandstorm|[upkeep]
|-damage|p2a: Conkeldurr|26/100|[from] Sandstorm
|upkeep
|turn|3
|
|t:|1759047765
|move|p1a: Excadrill|Earthquake|p2a: Conkeldurr
|-damage|p2a: Conkeldurr|0 fnt
|faint|p2a: Conkeldurr
|
|-weather|Sandstorm|[upkeep]
|upkeep
|
|t:|1759047769
|switch|p2a: Galvantula|Galvantula, M|100/100
|turn|4
|
|t:|1759047776
|move|p1a: Excadrill|Earthquake|p2a: Galvantula
|-damage|p2a: Galvantula|0 fnt
|faint|p2a: Galvantula
|
|-weather|Sandstorm|[upkeep]
|upkeep
|
|t:|1759047785
|switch|p2a: Bastiodon|Bastiodon, M|100/100
|turn|5
|
|t:|1759047788
|move|p1a: Excadrill|Earthquake|p2a: Bastiodon
|-supereffective|p2a: Bastiodon
|-ability|p2a: Bastiodon|Sturdy
|-damage|p2a: Bastiodon|1/100
|move|p2a: Bastiodon|Metal Burst|p1a: Excadrill
|-damage|p1a: Excadrill|0 fnt
|faint|p1a: Excadrill
|
|-weather|Sandstorm|[upkeep]
|upkeep
|
|t:|1759047798
|switch|p1a: Landorus|Landorus-Therian, M|100/100
|-ability|p1a: Landorus|Intimidate|boost
|-unboost|p2a: Bastiodon|atk|1
|turn|6
|
|t:|1759047801
|switch|p2a: Granbull|Granbull, F|100/100
|-ability|p2a: Granbull|Intimidate|boost
|-unboost|p1a: Landorus|atk|1
|move|p1a: Landorus|U-turn|p2a: Granbull
|-resisted|p2a: Granbull
|-damage|p2a: Granbull|90/100
|-damage|p1a: Landorus|91/100|[from] item: Life Orb
|
|t:|1759047806
|switch|p1a: Corviknight|Corviknight, M|100/100|[from] U-turn
|-ability|p1a: Corviknight|Pressure
|
|-weather|Sandstorm|[upkeep]
|-damage|p2a: Granbull|83/100|[from] Sandstorm
|upkeep
|turn|7
|
|t:|1759047811
|move|p1a: Corviknight|Brave Bird|p2a: Granbull
|-damage|p2a: Granbull|48/100
|-damage|p1a: Corviknight|91/100|[from] Recoil
|move|p2a: Granbull|Ice Fang|p1a: Corviknight
|-damage|p1a: Corviknight|78/100
|
|-weather|Sandstorm|[upkeep]
|-damage|p2a: Granbull|42/100|[from] Sandstorm
|upkeep
|turn|8
|
|t:|1759047828
|switch|p2a: Komala|Komala, F|100/100
|-ability|p2a: Komala|Comatose
|move|p1a: Corviknight|Brave Bird|p2a: Komala
|-damage|p2a: Komala|60/100
|-damage|p1a: Corviknight|69/100|[from] Recoil
|
|-weather|none
|upkeep
|turn|9
|
|t:|1759047838
|move|p1a: Corviknight|U-turn|p2a: Komala
|-damage|p2a: Komala|43/100
|
|t:|1759047843
|switch|p1a: Landorus|Landorus-Therian, M|91/100|[from] U-turn
|-ability|p1a: Landorus|Intimidate|boost
|-unboost|p2a: Komala|atk|1
|move|p2a: Komala|Body Slam|p1a: Landorus
|-damage|p1a: Landorus|59/100
|
|upkeep
|turn|10
|
|t:|1759047852
|switch|p2a: Granbull|Granbull, F|42/100
|-ability|p2a: Granbull|Intimidate|boost
|-unboost|p1a: Landorus|atk|1
|move|p1a: Landorus|Earthquake|p2a: Granbull
|-damage|p2a: Granbull|0 fnt
|faint|p2a: Granbull
|-damage|p1a: Landorus|50/100|[from] item: Life Orb
|
|upkeep
|
|t:|1759047859
|switch|p2a: Quaquaval|Quaquaval, F|100/100
|turn|11
|
|t:|1759047867
|switch|p1a: Corviknight|Corviknight, M|69/100
|-ability|p1a: Corviknight|Pressure
|move|p2a: Quaquaval|Aqua Step|p1a: Corviknight
|-damage|p1a: Corviknight|37/100
|-boost|p2a: Quaquaval|spe|1
|-damage|p2a: Quaquaval|91/100|[from] item: Life Orb
|
|upkeep
|turn|12
|
|t:|1759047877
|-terastallize|p2a: Quaquaval|Steel
|move|p2a: Quaquaval|Aqua Step|p1a: Corviknight
|-damage|p1a: Corviknight|8/100
|-boost|p2a: Quaquaval|spe|1
|-damage|p2a: Quaquaval|81/100|[from] item: Life Orb
|move|p1a: Corviknight|U-turn|p2a: Quaquaval
|-resisted|p2a: Quaquaval
|-damage|p2a: Quaquaval|71/100
|
|t:|1759047883
|switch|p1a: Raging Bolt|Raging Bolt|100/100|[from] U-turn
|
|upkeep
|turn|13
|
|t:|1759047889
|move|p2a: Quaquaval|Triple Axel|p1a: Raging Bolt
|-supereffective|p1a: Raging Bolt
|-damage|p1a: Raging Bolt|84/100
|-hitcount|p1a: Raging Bolt|1
|-damage|p2a: Quaquaval|61/100|[from] item: Life Orb
|move|p1a: Raging Bolt|Thunderbolt|p2a: Quaquaval
|-damage|p2a: Quaquaval|0 fnt
|faint|p2a: Quaquaval
|
|upkeep
|l|☆missingyat
|player|p2|
|j|☆missingyat
|player|p2|missingyat|clerk|
|c|☆Zero to still Zero|that sucks for ya, sorry
|
|t:|1759047912
|switch|p2a: Bastiodon|Bastiodon, M|1/100
|turn|14
|-enditem|p2a: Bastiodon|Custap Berry|[eat]
|-activate|p2a: Bastiodon|item: Custap Berry|[consumed]
|
|t:|1759047920
|move|p2a: Bastiodon|Earthquake|p1a: Raging Bolt
|-supereffective|p1a: Raging Bolt
|-damage|p1a: Raging Bolt|57/100
|move|p1a: Raging Bolt|Thunderbolt|p2a: Bastiodon
|-damage|p2a: Bastiodon|0 fnt
|faint|p2a: Bastiodon
|
|upkeep
|
|t:|1759047926
|switch|p2a: Komala|Komala, F|43/100
|-ability|p2a: Komala|Comatose
|turn|15
|
|t:|1759047929
|move|p1a: Raging Bolt|Thunderbolt|p2a: Komala
|-damage|p2a: Komala|0 fnt
|faint|p2a: Komala
|
|win|Zero to still Zero
|raw|Zero to still Zero's rating: 1070 &rarr; <strong>1098</strong><br />(+28 for winning)
|raw|missingyat's rating: 1055 &rarr; <strong>1038</strong><br />(-17 for losing)
|l|☆missingyat
|player|p2|
|l|☆Zero to still Zero
|player|p1|
