|j|☆hewstonisgay
|j|☆caeluskasai
|t:|1759036106
|gametype|singles
|player|p1|hewstonisgay|rosa|1283
|player|p2|caeluskasai|burglar|1247
|gen|9
|tier|[Gen 9] OU
|rated|
|rule|HP Percentage Mod: HP is shown in percentages
|rule|Endless Battle Clause: Forcing endless battles is banned
|rule|Species Clause: Limit one of each Pokémon
|rule|OHKO Clause: OHKO moves are banned
|rule|Evasion Items Clause: Evasion items are banned
|rule|Evasion Moves Clause: Evasion moves are banned
|rule|Evasion Abilities Clause: Evasion abilities are banned
|rule|Sleep Moves Clause: Sleep-inducing moves are banned
|clearpoke
|poke|p1|Skeledirge, M|
|poke|p1|Moltres-Galar|
|poke|p1|Iron Treads|
|poke|p1|Alomomola, F|
|poke|p1|Ting-Lu|
|poke|p1|Raging Bolt|
|poke|p2|Araquanid, F|
|poke|p2|Kleavor, M|
|poke|p2|Slither Wing|
|poke|p2|Yanmega, F|
|poke|p2|Galvantula, M|
|poke|p2|Vikavolt, M|
|teampreview
|inactive|Battle timer is ON: inactive players will automatically lose when time's up. (requested by hewstonisgay)
|
|t:|1759036114
|teamsize|p1|6
|teamsize|p2|6
|start
|switch|p1a: Raging Bolt|Raging Bolt|100/100
|switch|p2a: Galvantula|Galvantula, M|100/100
|turn|1
|
|t:|1759036123
|move|p2a: Galvantula|Sticky Web|p1a: Raging Bolt
|-sidestart|p1: hewstonisgay|move: Sticky Web
|move|p1a: Raging Bolt|Volt Switch|p2a: Galvantula
|-resisted|p2a: Galvantula
|-damage|p2a: Galvantula|40/100
|
|t:|1759036128
|-end|p1a: Raging Bolt|Protosynthesis|[silent]
|switch|p1a: third wheel|Iron Treads|100/100|[from] Volt Switch
|-activate|p1a: third wheel|move: Sticky Web
|-unboost|p1a: third wheel|spe|1
|
|upkeep
|turn|2
|
|t:|1759036155
|switch|p2a: Araquanid|Araquanid, F|100/100
|move|p1a: third wheel|Rapid Spin|p2a: Araquanid
|-damage|p2a: Araquanid|83/100
|-boost|p1a: third wheel|spe|1
|-sideend|p1: hewstonisgay|Sticky Web|[from] move: Rapid Spin|[of] p1a: third wheel
|
|upkeep
|turn|3
|
|t:|1759036163
|-end|p1a: third wheel|Quark Drive|[silent]
|switch|p1a: rubber duck|Moltres-Galar, shiny|100/100
|move|p2a: Araquanid|Sticky Web|p1a: rubber duck
|-sidestart|p1: hewstonisgay|move: Sticky Web
|
|upkeep
|turn|4
|
|t:|1759036171
|move|p1a: rubber duck|Nasty Plot|p1a: rubber duck
|-boost|p1a: rubber duck|spa|2
|move|p2a: Araquanid|Liquidation|p1a: rubber duck
|-damage|p1a: rubber duck|28/100
|-ability|p1a: rubber duck|Berserk|boost
|-boost|p1a: rubber duck|spa|1
|-enditem|p1a: rubber duck|Sitrus Berry|[eat]
|-heal|p1a: rubber duck|53/100|[from] item: Sitrus Berry
|
|upkeep
|turn|5
|
|t:|1759036187
|move|p1a: rubber duck|Fiery Wrath|p2a: Araquanid
|-damage|p2a: Araquanid|0 fnt
|faint|p2a: Araquanid
|
|upkeep
|
|t:|1759036189
|switch|p2a: Galvantula|Galvantula, M|40/100
|turn|6
|
|t:|1759036202
|-terastallize|p1a: rubber duck|Fairy
|move|p2a: Galvantula|Thunder|p1a: rubber duck
|-damage|p1a: rubber duck|15/100
|-status|p1a: rubber duck|par
|-ability|p1a: rubber duck|Berserk|boost
|-boost|p1a: rubber duck|spa|1
|move|p1a: rubber duck|Agility|p1a: rubber duck
|-boost|p1a: rubber duck|spe|2
|
|upkeep
|turn|7
|c|☆hewstonisgay|wow
|
|t:|1759036217
|move|p2a: Galvantula|Thunder|p1a: rubber duck
|-damage|p1a: rubber duck|0 fnt
|faint|p1a: rubber duck
|
|upkeep
|
|t:|1759036223
|switch|p1a: third wheel|Iron Treads|100/100
|-activate|p1a: third wheel|move: Sticky Web
|-unboost|p1a: third wheel|spe|1
|turn|8
|
|t:|1759036229
|move|p2a: Galvantula|Bug Buzz|p1a: third wheel
|-resisted|p1a: third wheel
|-damage|p1a: third wheel|71/100
|move|p1a: third wheel|Rapid Spin|p2a: Galvantula
|-damage|p2a: Galvantula|9/100
|-boost|p1a: third wheel|spe|1
|-sideend|p1: hewstonisgay|Sticky Web|[from] move: Rapid Spin|[of] p1a: third wheel
|
|-heal|p1a: third wheel|77/100|[from] item: Leftovers
|upkeep
|turn|9
|
|t:|1759036238
|move|p2a: Galvantula|Sticky Web|p1a: third wheel
|-sidestart|p1: hewstonisgay|move: Sticky Web
|move|p1a: third wheel|Rapid Spin|p2a: Galvantula
|-damage|p2a: Galvantula|0 fnt
|-boost|p1a: third wheel|spe|1
|-sideend|p1: hewstonisgay|Sticky Web|[from] move: Rapid Spin|[of] p1a: third wheel
|faint|p2a: Galvantula
|
|-heal|p1a: third wheel|83/100|[from] item: Leftovers
|upkeep
|
|t:|1759036247
|switch|p2a: Slither Wing|Slither Wing|100/100
|turn|10
|
|t:|1759036256
|move|p1a: third wheel|Stealth Rock|p2a: Slither Wing
|-sidestart|p2: caeluskasai|move: Stealth Rock
|move|p2a: Slither Wing|Brick Break|p1a: third wheel
|-supereffective|p1a: third wheel
|-damage|p1a: third wheel|0 fnt
|faint|p1a: third wheel
|-end|p1a: third wheel|Quark Drive|[silent]
|
|upkeep
|
|t:|1759036262
|switch|p1a: Skeledirge|Skeledirge, M|100/100
|turn|11
|
|t:|1759036271
|-terastallize|p2a: Slither Wing|Fire
|move|p2a: Slither Wing|Flame Charge|p1a: Skeledirge
|-resisted|p1a: Skeledirge
|-damage|p1a: Skeledirge|87/100
|-boost|p2a: Slither Wing|spe|1
|move|p1a: Skeledirge|Will-O-Wisp|p2a: Slither Wing
|-immune|p2a: Slither Wing
|
|upkeep
|turn|12
|
|t:|1759036281
|move|p2a: Slither Wing|Earthquake|p1a: Skeledirge
|-supereffective|p1a: Skeledirge
|-damage|p1a: Skeledirge|20/100
|move|p1a: Skeledirge|Hex|p2a: Slither Wing
|-damage|p2a: Slither Wing|81/100
|
|upkeep
|turn|13
|
|t:|1759036288
|switch|p1a: fish|Alomomola, F|100/100
|move|p2a: Slither Wing|Earthquake|p1a: fish
|-damage|p1a: fish|81/100
|
|upkeep
|turn|14
|
|t:|1759036295
|-end|p2a: Slither Wing|Protosynthesis|[silent]
|switch|p2a: Yanmega|Yanmega, F|100/100
|-damage|p2a: Yanmega|50/100|[from] Stealth Rock
|move|p1a: fish|Scald|p2a: Yanmega
|-damage|p2a: Yanmega|27/100
|
|upkeep
|turn|15
|
|t:|1759036302
|move|p2a: Yanmega|Giga Drain|p1a: fish
|-supereffective|p1a: fish
|-damage|p1a: fish|3/100
|-heal|p2a: Yanmega|94/100|[from] drain|[of] p1a: fish
|-damage|p2a: Yanmega|84/100|[from] item: Life Orb
|move|p1a: fish|Flip Turn|p2a: Yanmega
|-damage|p2a: Yanmega|65/100
|
|t:|1759036310
|switch|p1a: Raging Bolt|Raging Bolt|100/100|[from] Flip Turn
|
|-ability|p2a: Yanmega|Speed Boost|boost
|-boost|p2a: Yanmega|spe|1
|upkeep
|turn|16
|
|t:|1759036318
|move|p2a: Yanmega|Protect|p2a: Yanmega
|-singleturn|p2a: Yanmega|Protect
|move|p1a: Raging Bolt|Volt Switch|p2a: Yanmega
|-activate|p2a: Yanmega|move: Protect
|
|-ability|p2a: Yanmega|Speed Boost|boost
|-boost|p2a: Yanmega|spe|1
|upkeep
|turn|17
|
|t:|1759036325
|move|p2a: Yanmega|Bug Buzz|p1a: Raging Bolt
|-damage|p1a: Raging Bolt|45/100
|-unboost|p1a: Raging Bolt|spd|1
|-damage|p2a: Yanmega|55/100|[from] item: Life Orb
|move|p1a: Raging Bolt|Volt Switch|p2a: Yanmega
|-supereffective|p2a: Yanmega
|-damage|p2a: Yanmega|0 fnt
|faint|p2a: Yanmega
|
|t:|1759036334
|-end|p1a: Raging Bolt|Protosynthesis|[silent]
|switch|p1a: fish|Alomomola, F|36/100|[from] Volt Switch
|
|upkeep
|
|t:|1759036340
|switch|p2a: Kleavor|Kleavor, M|100/100
|-damage|p2a: Kleavor|75/100|[from] Stealth Rock
|turn|18
|
|t:|1759036344
|switch|p1a: WALL|Ting-Lu|100/100
|-ability|p1a: WALL|Vessel of Ruin
|move|p2a: Kleavor|Stone Axe|p1a: WALL
|-resisted|p1a: WALL
|-damage|p1a: WALL|85/100
|-sidestart|p1: hewstonisgay|move: Stealth Rock
|
|-heal|p1a: WALL|91/100|[from] item: Leftovers
|upkeep
|turn|19
|
|t:|1759036357
|move|p2a: Kleavor|X-Scissor|p1a: WALL
|-supereffective|p1a: WALL
|-damage|p1a: WALL|17/100
|move|p1a: WALL|Spikes|p2a: Kleavor
|-sidestart|p2: caeluskasai|Spikes
|
|-heal|p1a: WALL|24/100|[from] item: Leftovers
|upkeep
|turn|20
|
|t:|1759036386
|switch|p1a: Skeledirge|Skeledirge, M|20/100
|move|p2a: Kleavor|Defog|p1a: Skeledirge
|-unboost|p1a: Skeledirge|evasion|1
|-sideend|p1: hewstonisgay|Stealth Rock|[from] move: Defog|[of] p2a: Kleavor
|-sideend|p2: caeluskasai|Spikes|[from] move: Defog|[of] p2a: Kleavor
|-sideend|p2: caeluskasai|Stealth Rock|[from] move: Defog|[of] p2a: Kleavor
|
|upkeep
|turn|21
|
|t:|1759036393
|move|p2a: Kleavor|Stone Axe|p1a: Skeledirge
|-supereffective|p1a: Skeledirge
|-crit|p1a: Skeledirge
|-damage|p1a: Skeledirge|0 fnt
|-sidestart|p1: hewstonisgay|move: Stealth Rock
|faint|p1a: Skeledirge
|
|upkeep
|
|t:|1759036401
|switch|p1a: Raging Bolt|Raging Bolt|45/100
|-damage|p1a: Raging Bolt|33/100|[from] Stealth Rock
|turn|22
|
|t:|1759036413
|move|p1a: Raging Bolt|Draco Meteor|p2a: Kleavor
|-damage|p2a: Kleavor|0 fnt
|-unboost|p1a: Raging Bolt|spa|2
|faint|p2a: Kleavor
|
|upkeep
|
|t:|1759036417
|switch|p2a: Slither Wing|Slither Wing, tera:Fire|81/100
|turn|23
|
|t:|1759036420
|-end|p1a: Raging Bolt|Protosynthesis|[silent]
|switch|p1a: fish|Alomomola, F|70/100
|move|p2a: Slither Wing|First Impression|p1a: fish
|-damage|p1a: fish|42/100
|
|upkeep
|turn|24
|
|t:|1759036427
|-end|p2a: Slither Wing|Protosynthesis|[silent]
|switch|p2a: Vikavolt|Vikavolt, M|100/100
|move|p1a: fish|Wish|p1a: fish
|
|upkeep
|turn|25
|
|t:|1759036438
|switch|p1a: WALL|Ting-Lu|24/100
|-damage|p1a: WALL|17/100|[from] Stealth Rock
|-ability|p1a: WALL|Vessel of Ruin
|move|p2a: Vikavolt|Volt Switch|p1a: WALL
|-immune|p1a: WALL
|
|-heal|p1a: WALL|69/100|[from] move: Wish|[wisher] fish
|-heal|p1a: WALL|76/100|[from] item: Leftovers
|upkeep
|turn|26
|
|t:|1759036451
|move|p1a: WALL|Stealth Rock|p2a: Vikavolt
|-sidestart|p2: caeluskasai|move: Stealth Rock
|move|p2a: Vikavolt|Bug Buzz|p1a: WALL
|-supereffective|p1a: WALL
|-crit|p1a: WALL
|-damage|p1a: WALL|6/100
|
|-heal|p1a: WALL|13/100|[from] item: Leftovers
|upkeep
|turn|27
|
|t:|1759036461
|switch|p1a: Raging Bolt|Raging Bolt|33/100
|-damage|p1a: Raging Bolt|21/100|[from] Stealth Rock
|move|p2a: Vikavolt|Bug Buzz|p1a: Raging Bolt
|-damage|p1a: Raging Bolt|0 fnt
|faint|p1a: Raging Bolt
|-end|p1a: Raging Bolt|Protosynthesis|[silent]
|
|upkeep
|
|t:|1759036473
|switch|p1a: WALL|Ting-Lu|13/100
|-damage|p1a: WALL|6/100|[from] Stealth Rock
|-ability|p1a: WALL|Vessel of Ruin
|turn|28
|
|t:|1759036478
|switch|p1a: fish|Alomomola, F|75/100
|move|p2a: Vikavolt|Bug Buzz|p1a: fish
|-damage|p1a: fish|5/100
|
|upkeep
|turn|29
|
|t:|1759036485
|move|p1a: fish|Protect|p1a: fish
|-singleturn|p1a: fish|Protect
|move|p2a: Vikavolt|Bug Buzz|p1a: fish
|-activate|p1a: fish|move: Protect
|
|upkeep
|turn|30
|
|t:|1759036493
|move|p2a: Vikavolt|Bug Buzz|p1a: fish
|-damage|p1a: fish|0 fnt
|faint|p1a: fish
|
|upkeep
|-message|hewstonisgay forfeited.
|
|win|caeluskasai
|raw|hewstonisgay's rating: 1283 &rarr; <strong>1255</strong><br />(-28 for losing)
|raw|caeluskasai's rating: 1247 &rarr; <strong>1275</strong><br />(+28 for winning)
|l|☆hewstonisgay
|player|p1|
|l|☆caeluskasai
|player|p2|
