|j|☆gettin sixxed
|j|☆babythenoob
|t:|1759005437
|gametype|singles
|player|p1|gettin sixxed|supernerd|1125
|player|p2|babythenoob|fantina|1060
|gen|9
|tier|[Gen 9] OU
|rated|
|rule|HP Percentage Mod: HP is shown in percentages
|rule|Endless Battle Clause: Forcing endless battles is banned
|rule|Species Clause: Limit one of each Pokémon
|rule|OHKO Clause: OHKO moves are banned
|rule|Evasion Items Clause: Evasion items are banned
|rule|Evasion Moves Clause: Evasion moves are banned
|rule|Evasion Abilities Clause: Evasion abilities are banned
|rule|Sleep Moves Clause: Sleep-inducing moves are banned
|clearpoke
|poke|p1|Ceruledge, F|
|poke|p1|Hatterene, F|
|poke|p1|Gliscor, F|
|poke|p1|Iron Valiant|
|poke|p1|Pecharunt|
|poke|p1|Rillaboom, F|
|poke|p2|Combusken, F|
|poke|p2|Latios, M|
|poke|p2|Glimmora, M|
|poke|p2|Spidops, F|
|teampreview
|inactive|Battle timer is ON: inactive players will automatically lose when time's up. (requested by babythenoob)
|inactive|gettin sixxed also wants the timer to be on.
|
|t:|1759005442
|teamsize|p1|6
|teamsize|p2|4
|start
|switch|p1a: Hatterene|Hatterene, F|100/100
|switch|p2a: Sacrifice III|Spidops, F|100/100
|turn|1
|
|t:|1759005449
|switch|p1a: Gliscor|Gliscor, F, shiny|100/100
|move|p2a: Sacrifice III|First Impression|p1a: Gliscor
|-resisted|p1a: Gliscor
|-damage|p1a: Gliscor|90/100
|
|-status|p1a: Gliscor|tox|[from] item: Toxic Orb
|upkeep
|turn|2
|
|t:|1759005461
|switch|p1a: Hatterene|Hatterene, F|100/100
|move|p2a: Sacrifice III|Sticky Web|p1a: Hatterene
|move|p1a: Hatterene|Sticky Web|p2a: Sacrifice III|[from] ability: Magic Bounce
|-sidestart|p2: babythenoob|move: Sticky Web
|
|upkeep
|turn|3
|
|t:|1759005467
|switch|p1a: Gliscor|Gliscor, F, shiny|90/100 tox
|move|p2a: Sacrifice III|Memento|p1a: Gliscor
|-unboost|p1a: Gliscor|atk|2
|-unboost|p1a: Gliscor|spa|2
|faint|p2a: Sacrifice III
|
|-heal|p1a: Gliscor|100/100 tox|[from] ability: Poison Heal
|upkeep
|
|t:|1759005473
|switch|p2a: Sacrifice II|Glimmora, M|100/100
|-activate|p2a: Sacrifice II|move: Sticky Web
|-unboost|p2a: Sacrifice II|spe|1
|turn|4
|
|t:|1759005483
|switch|p1a: Pecharunt|Pecharunt|100/100
|move|p2a: Sacrifice II|Substitute|p2a: Sacrifice II
|-start|p2a: Sacrifice II|Substitute
|-damage|p2a: Sacrifice II|76/100
|
|upkeep
|turn|5
|
|t:|1759005488
|move|p1a: Pecharunt|Shadow Ball|p2a: Sacrifice II
|-end|p2a: Sacrifice II|Substitute
|move|p2a: Sacrifice II|Spikes|p1a: Pecharunt
|-sidestart|p1: gettin sixxed|Spikes
|
|upkeep
|turn|6
|
|t:|1759005495
|move|p1a: Pecharunt|Parting Shot|p2a: Sacrifice II
|-unboost|p2a: Sacrifice II|atk|1
|-unboost|p2a: Sacrifice II|spa|1
|
|t:|1759005497
|switch|p1a: Hatterene|Hatterene, F|100/100|[from] Parting Shot
|-damage|p1a: Hatterene|88/100|[from] Spikes
|move|p2a: Sacrifice II|Spikes|p1a: Hatterene
|move|p1a: Hatterene|Spikes|p2a: Sacrifice II|[from] ability: Magic Bounce
|-sidestart|p2: babythenoob|Spikes
|
|upkeep
|turn|7
|
|t:|1759005504
|switch|p1a: Rillaboom|Rillaboom, F|100/100
|-damage|p1a: Rillaboom|88/100|[from] Spikes
|-fieldstart|move: Grassy Terrain|[from] ability: Grassy Surge|[of] p1a: Rillaboom
|move|p2a: Sacrifice II|Memento|p1a: Rillaboom
|-unboost|p1a: Rillaboom|atk|2
|-unboost|p1a: Rillaboom|spa|2
|faint|p2a: Sacrifice II
|
|-heal|p1a: Rillaboom|94/100|[from] Grassy Terrain
|upkeep
|
|t:|1759005508
|switch|p2a: Sacrifice I|Latios, M|100/100
|turn|8
|
|t:|1759005511
|move|p2a: Sacrifice I|Light Screen|p2a: Sacrifice I
|-sidestart|p2: babythenoob|move: Light Screen
|move|p1a: Rillaboom|Knock Off|p2a: Sacrifice I
|-supereffective|p2a: Sacrifice I
|-damage|p2a: Sacrifice I|64/100
|-enditem|p2a: Sacrifice I|Light Clay|[from] move: Knock Off|[of] p1a: Rillaboom
|
|-heal|p1a: Rillaboom|100/100|[from] Grassy Terrain
|upkeep
|turn|9
|
|t:|1759005515
|move|p2a: Sacrifice I|Reflect|p2a: Sacrifice I
|-sidestart|p2: babythenoob|Reflect
|move|p1a: Rillaboom|U-turn|p2a: Sacrifice I
|-supereffective|p2a: Sacrifice I
|-damage|p2a: Sacrifice I|50/100
|
|t:|1759005523
|switch|p1a: Gliscor|Gliscor, F, shiny|100/100 tox|[from] U-turn
|
|upkeep
|turn|10
|
|t:|1759005527
|move|p1a: Gliscor|Spikes|p2a: Sacrifice I
|-sidestart|p2: babythenoob|Spikes
|move|p2a: Sacrifice I|Roar|p1a: Gliscor
|drag|p1a: Rillaboom|Rillaboom, F|100/100
|-damage|p1a: Rillaboom|88/100|[from] Spikes
|
|-heal|p1a: Rillaboom|94/100|[from] Grassy Terrain
|upkeep
|turn|11
|
|t:|1759005533
|move|p2a: Sacrifice I|Memento|p1a: Rillaboom
|-unboost|p1a: Rillaboom|atk|2
|-unboost|p1a: Rillaboom|spa|2
|faint|p2a: Sacrifice I
|move|p1a: Rillaboom|U-turn|p2: Sacrifice I|[notarget]
|-fail|p1a: Rillaboom
|
|-heal|p1a: Rillaboom|100/100|[from] Grassy Terrain
|-fieldend|move: Grassy Terrain
|upkeep
|
|t:|1759005535
|switch|p2a: God of chickens|Combusken, F|100/100
|-activate|p2a: God of chickens|move: Sticky Web
|-unboost|p2a: God of chickens|spe|1
|-damage|p2a: God of chickens|84/100|[from] Spikes
|turn|12
|
|t:|1759005544
|move|p1a: Rillaboom|Knock Off|p2a: God of chickens
|-resisted|p2a: God of chickens
|-damage|p2a: God of chickens|79/100
|-enditem|p2a: God of chickens|Eviolite|[from] move: Knock Off|[of] p1a: Rillaboom
|move|p2a: God of chickens|Bulk Up|p2a: God of chickens
|-boost|p2a: God of chickens|atk|1
|-boost|p2a: God of chickens|def|1
|
|-ability|p2a: God of chickens|Speed Boost|boost
|-boost|p2a: God of chickens|spe|1
|upkeep
|turn|13
|
|t:|1759005550
|move|p1a: Rillaboom|U-turn|p2a: God of chickens
|-resisted|p2a: God of chickens
|-damage|p2a: God of chickens|78/100
|
|t:|1759005554
|switch|p1a: Gliscor|Gliscor, F, shiny|100/100 tox|[from] U-turn
|move|p2a: God of chickens|Bulk Up|p2a: God of chickens
|-boost|p2a: God of chickens|atk|1
|-boost|p2a: God of chickens|def|1
|
|-sideend|p2: babythenoob|Reflect
|-ability|p2a: God of chickens|Speed Boost|boost
|-boost|p2a: God of chickens|spe|1
|upkeep
|turn|14
|
|t:|1759005558
|move|p2a: God of chickens|Bulk Up|p2a: God of chickens
|-boost|p2a: God of chickens|atk|1
|-boost|p2a: God of chickens|def|1
|move|p1a: Gliscor|Facade|p2a: God of chickens
|-damage|p2a: God of chickens|53/100
|
|-ability|p2a: God of chickens|Speed Boost|boost
|-boost|p2a: God of chickens|spe|1
|upkeep
|turn|15
|
|t:|1759005564
|move|p2a: God of chickens|Bulk Up|p2a: God of chickens
|-boost|p2a: God of chickens|atk|1
|-boost|p2a: God of chickens|def|1
|move|p1a: Gliscor|Facade|p2a: God of chickens
|-damage|p2a: God of chickens|32/100
|
|-sideend|p2: babythenoob|move: Light Screen
|-ability|p2a: God of chickens|Speed Boost|boost
|-boost|p2a: God of chickens|spe|1
|upkeep
|turn|16
|
|t:|1759005572
|move|p2a: God of chickens|Bulk Up|p2a: God of chickens
|-boost|p2a: God of chickens|atk|1
|-boost|p2a: God of chickens|def|1
|move|p1a: Gliscor|Facade|p2a: God of chickens
|-damage|p2a: God of chickens|15/100
|
|-ability|p2a: God of chickens|Speed Boost|boost
|-boost|p2a: God of chickens|spe|1
|upkeep
|turn|17
|
|t:|1759005579
|move|p2a: God of chickens|Reversal|p1a: Gliscor
|-resisted|p1a: Gliscor
|-damage|p1a: Gliscor|52/100 tox
|move|p1a: Gliscor|Facade|p2a: God of chickens
|-damage|p2a: God of chickens|0 fnt
|faint|p2a: God of chickens
|
|win|gettin sixxed
|raw|gettin sixxed's rating: 1125 &rarr; <strong>1145</strong><br />(+20 for winning)
|raw|babythenoob's rating: 1060 &rarr; <strong>1045</strong><br />(-15 for losing)
|l|☆gettin sixxed
|player|p1|
|l|☆babythenoob
|player|p2|
