|j|☆dia90
|j|☆lerendezvous
|t:|1758984383
|gametype|singles
|player|p1|dia90|miku-ghost|1691
|player|p2|lerendezvous|101|1746
|gen|9
|tier|[Gen 9] OU
|rated|
|rule|HP Percentage Mod: HP is shown in percentages
|rule|Endless Battle Clause: Forcing endless battles is banned
|rule|Species Clause: Limit one of each Pokémon
|rule|OHKO Clause: OHKO moves are banned
|rule|Evasion Items Clause: Evasion items are banned
|rule|Evasion Moves Clause: Evasion moves are banned
|rule|Evasion Abilities Clause: Evasion abilities are banned
|rule|Sleep Moves Clause: Sleep-inducing moves are banned
|clearpoke
|poke|p1|Rillaboom, F|
|poke|p1|Ogerpon, F|
|poke|p1|Raging Bolt|
|poke|p1|Greninja-*, M|
|poke|p1|Cinderace, F|
|poke|p1|Scizor, F|
|poke|p2|Ogerpon-Wellspring, F|
|poke|p2|Slowking-Galar, M|
|poke|p2|Great Tusk|
|poke|p2|Moltres|
|poke|p2|Dragapult, M|
|poke|p2|Kingambit, F|
|teampreview
|inactive|Battle timer is ON: inactive players will automatically lose when time's up. (requested by lerendezvous)
|
|t:|1758984398
|teamsize|p1|6
|teamsize|p2|6
|start
|switch|p1a: Rillaboom|Rillaboom, F|100/100
|switch|p2a: Great Tusk|Great Tusk|100/100
|-fieldstart|move: Grassy Terrain|[from] ability: Grassy Surge|[of] p1a: Rillaboom
|turn|1
|
|t:|1758984412
|-terastallize|p2a: Great Tusk|Steel
|move|p2a: Great Tusk|Ice Spinner|p1a: Rillaboom
|-supereffective|p1a: Rillaboom
|-damage|p1a: Rillaboom|51/100
|-fieldend|move: Grassy Terrain
|move|p1a: Rillaboom|U-turn|p2a: Great Tusk
|-resisted|p2a: Great Tusk
|-damage|p2a: Great Tusk|91/100
|-damage|p1a: Rillaboom|35/100|[from] item: Rocky Helmet|[of] p2a: Great Tusk
|
|t:|1758984422
|switch|p1a: Cinderace|Cinderace, F|100/100|[from] U-turn
|
|upkeep
|turn|2
|
|t:|1758984427
|-end|p2a: Great Tusk|Protosynthesis|[silent]
|switch|p2a: Moltres|Moltres|100/100
|move|p1a: Cinderace|Will-O-Wisp|p2a: Moltres
|-immune|p2a: Moltres
|
|upkeep
|turn|3
|
|t:|1758984434
|move|p1a: Cinderace|U-turn|p2a: Moltres
|-resisted|p2a: Moltres
|-damage|p2a: Moltres|96/100
|
|t:|1758984454
|switch|p1a: Scizor|Scizor, F|100/100|[from] U-turn
|move|p2a: Moltres|U-turn|p1a: Scizor
|-resisted|p1a: Scizor
|-damage|p1a: Scizor|94/100
|
|t:|1758984463
|switch|p2a: Ogerpon|Ogerpon-Wellspring, F|100/100|[from] U-turn
|
|upkeep
|turn|4
|
|t:|1758984467
|move|p2a: Ogerpon|U-turn|p1a: Scizor
|-resisted|p1a: Scizor
|-damage|p1a: Scizor|80/100
|
|t:|1758984475
|switch|p2a: Moltres|Moltres|96/100|[from] U-turn
|move|p1a: Scizor|Swords Dance|p1a: Scizor
|-boost|p1a: Scizor|atk|2
|
|upkeep
|turn|5
|
|t:|1758984481
|-terastallize|p1a: Scizor|Normal
|move|p1a: Scizor|Quick Attack|p2a: Moltres
|-damage|p2a: Moltres|31/100
|-damage|p1a: Scizor|70/100|[from] item: Life Orb
|move|p2a: Moltres|Flamethrower|p1a: Scizor
|-crit|p1a: Scizor
|-damage|p1a: Scizor|0 fnt
|faint|p1a: Scizor
|
|upkeep
|
|t:|1758984492
|switch|p1a: Greninja|Greninja, M|100/100
|turn|6
|
|t:|1758984504
|switch|p1a: Rillaboom|Rillaboom, F|35/100
|-fieldstart|move: Grassy Terrain|[from] ability: Grassy Surge|[of] p1a: Rillaboom
|switch|p2a: Kingambit|Kingambit, F|100/100
|
|-heal|p1a: Rillaboom|41/100|[from] Grassy Terrain
|upkeep
|turn|7
|
|t:|1758984513
|move|p2a: Kingambit|Sucker Punch|p1a: Rillaboom
|-damage|p1a: Rillaboom|6/100
|move|p1a: Rillaboom|High Horsepower|p2a: Kingambit
|-supereffective|p2a: Kingambit
|-crit|p2a: Kingambit
|-damage|p2a: Kingambit|13/100
|
|-heal|p1a: Rillaboom|12/100|[from] Grassy Terrain
|-heal|p2a: Kingambit|19/100|[from] Grassy Terrain
|-heal|p2a: Kingambit|26/100|[from] item: Leftovers
|upkeep
|turn|8
|
|t:|1758984528
|switch|p1a: Greninja|Greninja, M|100/100
|-enditem|p1a: Greninja|Grassy Seed
|-boost|p1a: Greninja|def|1|[from] item: Grassy Seed
|move|p2a: Kingambit|Low Kick|p1a: Greninja
|-supereffective|p1a: Greninja
|-damage|p1a: Greninja|57/100
|
|-heal|p1a: Greninja|63/100|[from] Grassy Terrain
|-heal|p2a: Kingambit|32/100|[from] Grassy Terrain
|-heal|p2a: Kingambit|38/100|[from] item: Leftovers
|upkeep
|turn|9
|
|t:|1758984538
|move|p1a: Greninja|Swords Dance|p1a: Greninja
|-boost|p1a: Greninja|atk|2
|move|p2a: Kingambit|Low Kick|p1a: Greninja
|-supereffective|p1a: Greninja
|-damage|p1a: Greninja|21/100
|
|-heal|p1a: Greninja|27/100|[from] Grassy Terrain
|-heal|p2a: Kingambit|44/100|[from] Grassy Terrain
|-heal|p2a: Kingambit|50/100|[from] item: Leftovers
|upkeep
|turn|10
|
|t:|1758984547
|-end|p2a: Kingambit|fallenundefined|[silent]
|switch|p2a: Great Tusk|Great Tusk, tera:Steel|91/100
|move|p1a: Greninja|Upper Hand||[still]
|-fail|p1a: Greninja
|
|-heal|p1a: Greninja|33/100|[from] Grassy Terrain
|-heal|p2a: Great Tusk|97/100|[from] Grassy Terrain
|upkeep
|turn|11
|
|t:|1758984554
|move|p1a: Greninja|Liquidation|p2a: Great Tusk
|-damage|p2a: Great Tusk|41/100
|-unboost|p2a: Great Tusk|def|1
|-damage|p1a: Greninja|17/100|[from] item: Rocky Helmet|[of] p2a: Great Tusk
|move|p2a: Great Tusk|Rapid Spin|p1a: Greninja
|-damage|p1a: Greninja|1/100
|-boost|p2a: Great Tusk|spe|1
|
|-heal|p2a: Great Tusk|47/100|[from] Grassy Terrain
|-heal|p1a: Greninja|7/100|[from] Grassy Terrain
|upkeep
|turn|12
|
|t:|1758984565
|-end|p2a: Great Tusk|Protosynthesis|[silent]
|switch|p2a: Ogerpon|Ogerpon-Wellspring, F|100/100
|move|p1a: Greninja|Liquidation|p2a: Ogerpon
|-immune|p2a: Ogerpon|[from] ability: Water Absorb
|
|-heal|p1a: Greninja|13/100|[from] Grassy Terrain
|upkeep
|turn|13
|
|t:|1758984572
|move|p2a: Ogerpon|U-turn|p1a: Greninja
|-supereffective|p1a: Greninja
|-damage|p1a: Greninja|0 fnt
|faint|p1a: Greninja
|
|t:|1758984578
|switch|p2a: Slowking|Slowking-Galar, M|100/100|[from] U-turn
|
|-fieldend|move: Grassy Terrain
|upkeep
|
|t:|1758984583
|switch|p1a: Rillaboom|Rillaboom, F|12/100
|-fieldstart|move: Grassy Terrain|[from] ability: Grassy Surge|[of] p1a: Rillaboom
|turn|14
|
|t:|1758984587
|switch|p2a: Moltres|Moltres|31/100
|move|p1a: Rillaboom|U-turn|p2a: Moltres
|-resisted|p2a: Moltres
|-damage|p2a: Moltres|27/100
|-status|p1a: Rillaboom|brn|[from] ability: Flame Body|[of] p2a: Moltres
|
|t:|1758984594
|switch|p1a: Raging Bolt|Raging Bolt|100/100|[from] U-turn
|
|upkeep
|turn|15
|
|t:|1758984601
|move|p2a: Moltres|U-turn|p1a: Raging Bolt
|-damage|p1a: Raging Bolt|89/100
|
|t:|1758984607
|switch|p2a: Great Tusk|Great Tusk, tera:Steel|47/100|[from] U-turn
|move|p1a: Raging Bolt|Volt Switch|p2a: Great Tusk
|-damage|p2a: Great Tusk|0 fnt
|faint|p2a: Great Tusk
|-end|p2a: Great Tusk|Protosynthesis|[silent]
|
|t:|1758984616
|-end|p1a: Raging Bolt|Protosynthesis|[silent]
|switch|p1a: Ogerpon|Ogerpon, F|100/100|[from] Volt Switch
|
|upkeep
|
|t:|1758984621
|switch|p2a: Dragapult|Dragapult, M|100/100
|turn|16
|
|t:|1758984625
|move|p2a: Dragapult|U-turn|p1a: Ogerpon
|-supereffective|p1a: Ogerpon
|-damage|p1a: Ogerpon|47/100
|
|t:|1758984630
|switch|p2a: Kingambit|Kingambit, F|50/100|[from] U-turn
|-activate|p2a: Kingambit|ability: Supreme Overlord
|-start|p2a: Kingambit|fallen1|[silent]
|move|p1a: Ogerpon|Power Whip|p2a: Kingambit
|-resisted|p2a: Kingambit
|-damage|p2a: Kingambit|11/100
|-damage|p1a: Ogerpon|37/100|[from] item: Life Orb
|
|-heal|p1a: Ogerpon|43/100|[from] Grassy Terrain
|-heal|p2a: Kingambit|17/100|[from] Grassy Terrain
|-heal|p2a: Kingambit|23/100|[from] item: Leftovers
|upkeep
|turn|17
|
|t:|1758984641
|move|p1a: Ogerpon|Swords Dance|p1a: Ogerpon
|-boost|p1a: Ogerpon|atk|2
|move|p2a: Kingambit|Low Kick|p1a: Ogerpon
|-damage|p1a: Ogerpon|11/100
|
|-heal|p1a: Ogerpon|17/100|[from] Grassy Terrain
|-heal|p2a: Kingambit|29/100|[from] Grassy Terrain
|-heal|p2a: Kingambit|36/100|[from] item: Leftovers
|upkeep
|turn|18
|
|t:|1758984649
|move|p1a: Ogerpon|Grassy Glide|p2a: Kingambit
|-resisted|p2a: Kingambit
|-damage|p2a: Kingambit|0 fnt
|faint|p2a: Kingambit
|-end|p2a: Kingambit|fallen1|[silent]
|-damage|p1a: Ogerpon|7/100|[from] item: Life Orb
|
|-heal|p1a: Ogerpon|13/100|[from] Grassy Terrain
|upkeep
|
|t:|1758984654
|switch|p2a: Dragapult|Dragapult, M|100/100
|turn|19
|
|t:|1758984659
|switch|p2a: Moltres|Moltres|27/100
|move|p1a: Ogerpon|Grassy Glide|p2a: Moltres
|-resisted|p2a: Moltres
|-damage|p2a: Moltres|9/100
|-damage|p1a: Ogerpon|3/100|[from] item: Life Orb
|
|-heal|p1a: Ogerpon|9/100|[from] Grassy Terrain
|upkeep
|turn|20
|
|t:|1758984668
|move|p1a: Ogerpon|Power Whip|p2a: Moltres
|-resisted|p2a: Moltres
|-damage|p2a: Moltres|0 fnt
|faint|p2a: Moltres
|-damage|p1a: Ogerpon|0 fnt|[from] item: Life Orb
|faint|p1a: Ogerpon
|
|upkeep
|
|t:|1758984677
|switch|p1a: Raging Bolt|Raging Bolt|89/100
|switch|p2a: Dragapult|Dragapult, M|100/100
|turn|21
|
|t:|1758984683
|-end|p1a: Raging Bolt|Protosynthesis|[silent]
|switch|p1a: Rillaboom|Rillaboom, F|12/100 brn
|move|p2a: Dragapult|Dragon Darts|p1a: Rillaboom
|-damage|p1a: Rillaboom|0 fnt
|faint|p1a: Rillaboom
|
|-fieldend|move: Grassy Terrain
|upkeep
|
|t:|1758984690
|switch|p1a: Raging Bolt|Raging Bolt|89/100
|turn|22
|
|t:|1758984694
|move|p2a: Dragapult|Dragon Darts|p1a: Raging Bolt
|-supereffective|p1a: Raging Bolt
|-damage|p1a: Raging Bolt|56/100
|-anim|p2a: Dragapult|Dragon Darts|p1a: Raging Bolt
|-supereffective|p1a: Raging Bolt
|-damage|p1a: Raging Bolt|22/100
|move|p1a: Raging Bolt|Draco Meteor|p2a: Dragapult
|-supereffective|p2a: Dragapult
|-damage|p2a: Dragapult|0 fnt
|-unboost|p1a: Raging Bolt|spa|2
|faint|p2a: Dragapult
|
|upkeep
|
|t:|1758984700
|switch|p2a: Ogerpon|Ogerpon-Wellspring, F|100/100
|turn|23
|
|t:|1758984706
|move|p2a: Ogerpon|Ivy Cudgel|p1a: Raging Bolt|[anim] Ivy Cudgel Water
|-resisted|p1a: Raging Bolt
|-damage|p1a: Raging Bolt|0 fnt
|faint|p1a: Raging Bolt
|-end|p1a: Raging Bolt|Protosynthesis|[silent]
|
|upkeep
|
|t:|1758984710
|switch|p1a: Cinderace|Cinderace, F|100/100
|turn|24
|
|t:|1758984715
|move|p1a: Cinderace|Will-O-Wisp|p2a: Ogerpon
|-status|p2a: Ogerpon|brn
|move|p2a: Ogerpon|Ivy Cudgel|p1a: Cinderace|[anim] Ivy Cudgel Water
|-supereffective|p1a: Cinderace
|-damage|p1a: Cinderace|15/100
|
|-damage|p2a: Ogerpon|95/100 brn|[from] brn
|upkeep
|turn|25
|
|t:|1758984723
|move|p1a: Cinderace|Pyro Ball|p2a: Ogerpon
|-damage|p2a: Ogerpon|0 fnt
|faint|p2a: Ogerpon
|
|upkeep
|
|t:|1758984729
|switch|p2a: Slowking|Slowking-Galar, M|100/100
|turn|26
|
|t:|1758984732
|move|p1a: Cinderace|Pyro Ball|p2a: Slowking
|-damage|p2a: Slowking|14/100
|move|p2a: Slowking|Ice Beam|p1a: Cinderace
|-resisted|p1a: Cinderace
|-damage|p1a: Cinderace|0 fnt
|faint|p1a: Cinderace
|
|win|lerendezvous
|raw|dia90's rating: 1691 &rarr; <strong>1674</strong><br />(-17 for losing)
|raw|lerendezvous's rating: 1746 &rarr; <strong>1763</strong><br />(+17 for winning)
