|j|☆Lakekette
|j|☆HugoLeGoomer
|t:|1759063585
|gametype|singles
|player|p1|Lakekette|ghetsis-gen5bw|1315
|player|p2|HugoLeGoomer|veteran|1259
|gen|9
|tier|[Gen 9] OU
|rated|
|rule|HP Percentage Mod: HP is shown in percentages
|rule|Endless Battle Clause: Forcing endless battles is banned
|rule|Species Clause: Limit one of each Pokémon
|rule|OHKO Clause: OHKO moves are banned
|rule|Evasion Items Clause: Evasion items are banned
|rule|Evasion Moves Clause: Evasion moves are banned
|rule|Evasion Abilities Clause: Evasion abilities are banned
|rule|Sleep Moves Clause: Sleep-inducing moves are banned
|clearpoke
|poke|p1|Gliscor, F|
|poke|p1|Kingambit, M|
|poke|p1|Weavile, M|
|poke|p1|Rotom-Wash|
|poke|p1|Moltres|
|poke|p1|Glimmora, M|
|poke|p2|Sawsbuck-Autumn, F|
|poke|p2|Darkrai|
|poke|p2|Landorus-Therian, M|
|poke|p2|Comfey, F|
|poke|p2|Goodra-Hisui, M|
|poke|p2|Cinderace, M|
|teampreview
|inactive|Battle timer is ON: inactive players will automatically lose when time's up. (requested by HugoLeGoomer)
|
|t:|1759063599
|teamsize|p1|6
|teamsize|p2|6
|start
|switch|p1a: Rotom|Rotom-Wash|100/100
|switch|p2a: Landorus|Landorus-Therian, M|100/100
|-ability|p2a: Landorus|Intimidate|boost
|-unboost|p1a: Rotom|atk|1
|turn|1
|
|t:|1759063604
|move|p2a: Landorus|U-turn|p1a: Rotom
|-damage|p1a: Rotom|74/100
|
|t:|1759063606
|switch|p2a: Goodra|Goodra-Hisui, M|100/100|[from] U-turn
|move|p1a: Rotom|Will-O-Wisp|p2a: Goodra
|-status|p2a: Goodra|brn
|
|-heal|p1a: Rotom|80/100|[from] item: Leftovers
|-damage|p2a: Goodra|94/100 brn|[from] brn
|upkeep
|turn|2
|
|t:|1759063611
|move|p1a: Rotom|Volt Switch|p2a: Goodra
|-resisted|p2a: Goodra
|-damage|p2a: Goodra|86/100 brn
|
|t:|1759063615
|switch|p1a: Moltres|Moltres|100/100|[from] Volt Switch
|move|p2a: Goodra|Draco Meteor|p1a: Moltres
|-damage|p1a: Moltres|52/100
|-unboost|p2a: Goodra|spa|2
|
|-damage|p2a: Goodra|80/100 brn|[from] brn
|upkeep
|turn|3
|
|t:|1759063629
|switch|p2a: Landorus|Landorus-Therian, M|100/100
|-ability|p2a: Landorus|Intimidate|boost
|-unboost|p1a: Moltres|atk|1
|move|p1a: Moltres|Roost|p1a: Moltres
|-heal|p1a: Moltres|100/100
|-singleturn|p1a: Moltres|move: Roost
|
|upkeep
|turn|4
|
|t:|1759063631
|move|p2a: Landorus|Stone Edge|p1a: Moltres
|-supereffective|p1a: Moltres
|-crit|p1a: Moltres
|-damage|p1a: Moltres|0 fnt
|faint|p1a: Moltres
|
|upkeep
|
|t:|1759063633
|switch|p1a: Weavile|Weavile, M|100/100
|-ability|p1a: Weavile|Pressure
|turn|5
|
|t:|1759063642
|switch|p1a: Gliscor|Gliscor, F|100/100
|switch|p2a: Goodra|Goodra-Hisui, M|80/100 brn
|
|-damage|p2a: Goodra|74/100 brn|[from] brn
|-status|p1a: Gliscor|tox|[from] item: Toxic Orb
|upkeep
|turn|6
|
|t:|1759063648
|move|p1a: Gliscor|U-turn|p2a: Goodra
|-resisted|p2a: Goodra
|-damage|p2a: Goodra|66/100 brn
|
|t:|1759063654
|switch|p1a: Kingambit|Kingambit, M|100/100|[from] U-turn
|-activate|p1a: Kingambit|ability: Supreme Overlord
|-start|p1a: Kingambit|fallen1|[silent]
|move|p2a: Goodra|Draco Meteor|p1a: Kingambit
|-resisted|p1a: Kingambit
|-damage|p1a: Kingambit|69/100
|-unboost|p2a: Goodra|spa|2
|
|-damage|p2a: Goodra|60/100 brn|[from] brn
|upkeep
|turn|7
|
|t:|1759063660
|move|p2a: Goodra|Earthquake|p1a: Kingambit
|-supereffective|p1a: Kingambit
|-damage|p1a: Kingambit|53/100
|move|p1a: Kingambit|Swords Dance|p1a: Kingambit
|-boost|p1a: Kingambit|atk|2
|
|-damage|p2a: Goodra|54/100 brn|[from] brn
|upkeep
|turn|8
|
|t:|1759063663
|move|p2a: Goodra|Fire Blast|p1a: Kingambit
|-supereffective|p1a: Kingambit
|-damage|p1a: Kingambit|18/100
|move|p1a: Kingambit|Low Sweep|p2a: Goodra
|-supereffective|p2a: Goodra
|-damage|p2a: Goodra|0 fnt
|faint|p2a: Goodra
|-damage|p1a: Kingambit|8/100|[from] item: Life Orb
|
|upkeep
|
|t:|1759063668
|switch|p2a: Comfey|Comfey, F|100/100
|turn|9
|
|t:|1759063673
|-end|p1a: Kingambit|fallen1|[silent]
|switch|p1a: Glimmora|Glimmora, M|100/100
|move|p2a: Comfey|Draining Kiss|p1a: Glimmora
|-resisted|p1a: Glimmora
|-damage|p1a: Glimmora|87/100
|
|upkeep
|turn|10
|
|t:|1759063678
|-terastallize|p2a: Comfey|Ground
|move|p2a: Comfey|Calm Mind|p2a: Comfey
|-boost|p2a: Comfey|spa|1
|-boost|p2a: Comfey|spd|1
|move|p1a: Glimmora|Toxic|p2a: Comfey
|-status|p2a: Comfey|tox
|
|-damage|p2a: Comfey|94/100 tox|[from] psn
|upkeep
|turn|11
|
|t:|1759063685
|switch|p1a: Kingambit|Kingambit, M|8/100
|-activate|p1a: Kingambit|ability: Supreme Overlord
|-start|p1a: Kingambit|fallen1|[silent]
|move|p2a: Comfey|Tera Blast|p1a: Kingambit|[anim] Tera Blast Ground
|-supereffective|p1a: Kingambit
|-damage|p1a: Kingambit|0 fnt
|faint|p1a: Kingambit
|-end|p1a: Kingambit|fallen1|[silent]
|
|-heal|p2a: Comfey|100/100 tox|[from] item: Leftovers
|-damage|p2a: Comfey|88/100 tox|[from] psn
|upkeep
|
|t:|1759063690
|switch|p1a: Weavile|Weavile, M|100/100
|-ability|p1a: Weavile|Pressure
|turn|12
|
|t:|1759063696
|-terastallize|p1a: Weavile|Ice
|move|p2a: Comfey|Draining Kiss|p1a: Weavile
|-damage|p1a: Weavile|59/100
|-heal|p2a: Comfey|100/100 tox|[from] drain|[of] p1a: Weavile
|move|p1a: Weavile|Triple Axel|p2a: Comfey
|-supereffective|p2a: Comfey
|-damage|p2a: Comfey|63/100 tox
|-supereffective|p2a: Comfey
|-damage|p2a: Comfey|0 fnt
|faint|p2a: Comfey
|-hitcount|p2: Comfey|2
|
|upkeep
|
|t:|1759063702
|switch|p2a: Darkrai|Darkrai|100/100
|turn|13
|
|t:|1759063706
|move|p2a: Darkrai|Focus Blast|p1a: Weavile
|-supereffective|p1a: Weavile
|-damage|p1a: Weavile|0 fnt
|faint|p1a: Weavile
|
|upkeep
|
|t:|1759063710
|switch|p1a: Gliscor|Gliscor, F|100/100 tox
|turn|14
|
|t:|1759063713
|switch|p2a: Landorus|Landorus-Therian, M|100/100
|-ability|p2a: Landorus|Intimidate|boost
|-unboost|p1a: Gliscor|atk|1
|move|p1a: Gliscor|U-turn|p2a: Landorus
|-resisted|p2a: Landorus
|-damage|p2a: Landorus|94/100
|
|t:|1759063716
|switch|p1a: Rotom|Rotom-Wash|80/100|[from] U-turn
|
|-heal|p2a: Landorus|99/100|[from] item: Leftovers
|-heal|p1a: Rotom|86/100|[from] item: Leftovers
|upkeep
|turn|15
|
|t:|1759063722
|move|p2a: Landorus|Stone Edge|p1a: Rotom
|-damage|p1a: Rotom|45/100
|move|p1a: Rotom|Will-O-Wisp|p2a: Landorus|[miss]
|-miss|p1a: Rotom|p2a: Landorus
|
|-heal|p2a: Landorus|100/100|[from] item: Leftovers
|-heal|p1a: Rotom|51/100|[from] item: Leftovers
|upkeep
|turn|16
|
|t:|1759063725
|move|p2a: Landorus|U-turn|p1a: Rotom
|-damage|p1a: Rotom|24/100
|
|t:|1759063728
|switch|p2a: Darkrai|Darkrai|100/100|[from] U-turn
|move|p1a: Rotom|Pain Split|p2a: Darkrai
|-sethp|p2a: Darkrai|63/100|[from] move: Pain Split|[silent]
|-sethp|p1a: Rotom|58/100|[from] move: Pain Split
|
|-heal|p1a: Rotom|64/100|[from] item: Leftovers
|upkeep
|turn|17
|
|t:|1759063732
|switch|p1a: Glimmora|Glimmora, M|87/100
|move|p2a: Darkrai|Dark Pulse|p1a: Glimmora
|-damage|p1a: Glimmora|24/100
|
|upkeep
|turn|18
|
|t:|1759063734
|move|p2a: Darkrai|Dark Pulse|p1a: Glimmora
|-damage|p1a: Glimmora|0 fnt
|faint|p1a: Glimmora
|
|upkeep
|
|t:|1759063736
|switch|p1a: Gliscor|Gliscor, F|100/100 tox
|turn|19
|
|t:|1759063740
|move|p2a: Darkrai|Dark Pulse|p1a: Gliscor
|-damage|p1a: Gliscor|48/100 tox
|move|p1a: Gliscor|U-turn|p2a: Darkrai
|-supereffective|p2a: Darkrai
|-damage|p2a: Darkrai|19/100
|
|t:|1759063744
|switch|p1a: Rotom|Rotom-Wash|64/100|[from] U-turn
|
|-heal|p1a: Rotom|71/100|[from] item: Leftovers
|upkeep
|turn|20
|
|t:|1759063751
|switch|p2a: Sawsbuck|Sawsbuck-Autumn, F|100/100
|move|p1a: Rotom|Hydro Pump|p2a: Sawsbuck
|-resisted|p2a: Sawsbuck
|-damage|p2a: Sawsbuck|61/100
|
|-heal|p1a: Rotom|77/100|[from] item: Leftovers
|upkeep
|turn|21
|
|t:|1759063755
|move|p2a: Sawsbuck|Headbutt|p1a: Rotom
|-damage|p1a: Rotom|36/100
|-damage|p2a: Sawsbuck|51/100|[from] item: Life Orb
|cant|p1a: Rotom|flinch
|
|-heal|p1a: Rotom|42/100|[from] item: Leftovers
|upkeep
|turn|22
|
|t:|1759063761
|move|p2a: Sawsbuck|Trailblaze|p1a: Rotom
|-supereffective|p1a: Rotom
|-crit|p1a: Rotom
|-damage|p1a: Rotom|0 fnt
|-boost|p2a: Sawsbuck|spe|1
|faint|p1a: Rotom
|-damage|p2a: Sawsbuck|41/100|[from] item: Life Orb
|
|upkeep
|
|t:|1759063764
|switch|p1a: Gliscor|Gliscor, F|48/100 tox
|turn|23
|
|t:|1759063776
|move|p1a: Gliscor|Protect|p1a: Gliscor
|-singleturn|p1a: Gliscor|Protect
|move|p2a: Sawsbuck|Headbutt|p1a: Gliscor
|-activate|p1a: Gliscor|move: Protect
|
|-heal|p1a: Gliscor|60/100 tox|[from] ability: Poison Heal
|upkeep
|turn|24
|
|t:|1759063781
|move|p2a: Sawsbuck|Headbutt|p1a: Gliscor
|-damage|p1a: Gliscor|34/100 tox
|-damage|p2a: Sawsbuck|31/100|[from] item: Life Orb
|cant|p1a: Gliscor|flinch
|
|-heal|p1a: Gliscor|47/100 tox|[from] ability: Poison Heal
|upkeep
|turn|25
|
|t:|1759063787
|move|p1a: Gliscor|Protect|p1a: Gliscor
|-singleturn|p1a: Gliscor|Protect
|move|p2a: Sawsbuck|Headbutt|p1a: Gliscor
|-activate|p1a: Gliscor|move: Protect
|
|-heal|p1a: Gliscor|59/100 tox|[from] ability: Poison Heal
|upkeep
|turn|26
|
|t:|1759063790
|move|p2a: Sawsbuck|Headbutt|p1a: Gliscor
|-damage|p1a: Gliscor|37/100 tox
|-damage|p2a: Sawsbuck|21/100|[from] item: Life Orb
|move|p1a: Gliscor|U-turn|p2a: Sawsbuck
|-supereffective|p2a: Sawsbuck
|-damage|p2a: Sawsbuck|0 fnt
|faint|p2a: Sawsbuck
|
|-heal|p1a: Gliscor|49/100 tox|[from] ability: Poison Heal
|upkeep
|
|t:|1759063792
|switch|p2a: Darkrai|Darkrai|19/100
|turn|27
|
|t:|1759063794
|move|p1a: Gliscor|Protect|p1a: Gliscor
|-singleturn|p1a: Gliscor|Protect
|move|p2a: Darkrai|Ice Beam|p1a: Gliscor
|-activate|p1a: Gliscor|move: Protect
|
|-heal|p1a: Gliscor|62/100 tox|[from] ability: Poison Heal
|upkeep
|turn|28
|
|t:|1759063801
|move|p1a: Gliscor|Protect||[still]
|-fail|p1a: Gliscor
|move|p2a: Darkrai|Ice Beam|p1a: Gliscor
|-supereffective|p1a: Gliscor
|-damage|p1a: Gliscor|0 fnt
|faint|p1a: Gliscor
|
|win|HugoLeGoomer
|raw|Lakekette's rating: 1315 &rarr; <strong>1292</strong><br />(-23 for losing)
|raw|HugoLeGoomer's rating: 1259 &rarr; <strong>1288</strong><br />(+29 for winning)
|l|☆Lakekette
|player|p1|
|l|☆HugoLeGoomer
|player|p2|
