|j|☆Shoko_Akoo
|j|☆Xellanoob
|t:|1758978714
|gametype|singles
|player|p1|Shoko_Akoo|benga|1141
|player|p2|Xellanoob|veteran|1085
|gen|9
|tier|[Gen 9] OU
|rated|
|rule|HP Percentage Mod: HP is shown in percentages
|rule|Endless Battle Clause: Forcing endless battles is banned
|rule|Species Clause: Limit one of each Pokémon
|rule|OHKO Clause: OHKO moves are banned
|rule|Evasion Items Clause: Evasion items are banned
|rule|Evasion Moves Clause: Evasion moves are banned
|rule|Evasion Abilities Clause: Evasion abilities are banned
|rule|Sleep Moves Clause: Sleep-inducing moves are banned
|clearpoke
|poke|p1|Metagross|
|poke|p1|Zoroark-Hisui, F|
|poke|p1|Avalugg-Hisui, M|
|poke|p1|Haxorus, M|
|poke|p1|Umbreon, F|
|poke|p1|Necrozma|
|poke|p2|Tyranitar, F|
|poke|p2|Excadrill, M|
|poke|p2|Hippowdon, M|
|poke|p2|Gastrodon, F|
|poke|p2|Gliscor, F|
|poke|p2|Lucario, F|
|teampreview
|
|t:|1758978725
|teamsize|p1|6
|teamsize|p2|6
|start
|switch|p1a: Avel|Avalugg-Hisui, M|100/100
|switch|p2a: Hippowdon|Hippowdon, M|100/100
|-weather|Sandstorm|[from] ability: Sand Stream|[of] p2a: Hippowdon
|turn|1
|
|t:|1758978746
|switch|p2a: Lucario|Lucario, F|100/100
|move|p1a: Avel|Stealth Rock|p2a: Lucario
|-sidestart|p2: Xellanoob|move: Stealth Rock
|
|-weather|Sandstorm|[upkeep]
|upkeep
|turn|2
|
|t:|1758978771
|switch|p1a: Hax|Haxorus, M, shiny|100/100
|move|p2a: Lucario|Aura Sphere|p1a: Hax
|-immune|p1a: Hax
|
|-weather|Sandstorm|[upkeep]
|-damage|p1a: Hax|95/100|[from] Sandstorm
|upkeep
|turn|3
|
|t:|1758978791
|switch|p2a: Hippowdon|Hippowdon, M|100/100
|-damage|p2a: Hippowdon|94/100|[from] Stealth Rock
|move|p1a: Hax|Flamethrower|p2a: Hippowdon
|-damage|p2a: Hippowdon|65/100
|
|-weather|Sandstorm|[upkeep]
|-damage|p1a: Hax|89/100|[from] Sandstorm
|-heal|p2a: Hippowdon|71/100|[from] item: Leftovers
|upkeep
|turn|4
|
|t:|1758978803
|move|p1a: Hax|Flamethrower|p2a: Hippowdon
|-damage|p2a: Hippowdon|40/100
|move|p2a: Hippowdon|Stealth Rock|p1a: Hax
|-sidestart|p1: Shoko_Akoo|move: Stealth Rock
|
|-weather|Sandstorm|[upkeep]
|-damage|p1a: Hax|83/100|[from] Sandstorm
|-heal|p2a: Hippowdon|46/100|[from] item: Leftovers
|upkeep
|turn|5
|
|t:|1758978816
|switch|p2a: Gastrodon|Gastrodon, F|100/100
|-damage|p2a: Gastrodon|94/100|[from] Stealth Rock
|move|p1a: Hax|Flamethrower|p2a: Gastrodon
|-resisted|p2a: Gastrodon
|-damage|p2a: Gastrodon|79/100
|-status|p2a: Gastrodon|brn
|
|-weather|none
|-heal|p2a: Gastrodon|85/100 brn|[from] item: Leftovers
|-damage|p2a: Gastrodon|79/100 brn|[from] brn
|upkeep
|turn|6
|
|t:|1758978836
|switch|p1a: Hax|Haxorus, M, shiny|100/100
|-damage|p1a: Hax|88/100|[from] Stealth Rock
|-ability|p1a: Hax|Mold Breaker
|move|p2a: Gastrodon|Ice Beam|p1a: Hax
|-supereffective|p1a: Hax
|-damage|p1a: Hax|9/100
|
|-heal|p2a: Gastrodon|85/100 brn|[from] item: Leftovers
|-damage|p2a: Gastrodon|79/100 brn|[from] brn
|upkeep
|turn|7
|
|t:|1758978872
|move|p1a: Hax|Outrage|p2a: Gastrodon
|-damage|p2a: Gastrodon|0 fnt
|faint|p2a: Gastrodon
|-damage|p1a: Hax|0 fnt|[from] item: Life Orb
|faint|p1a: Hax
|
|upkeep
|
|t:|1758978906
|switch|p1a: Megagross|Metagross, shiny|83/100
|switch|p2a: Hippowdon|Hippowdon, M|46/100
|-damage|p1a: Megagross|70/100|[from] Stealth Rock
|-damage|p2a: Hippowdon|40/100|[from] Stealth Rock
|-weather|Sandstorm|[from] ability: Sand Stream|[of] p2a: Hippowdon
|turn|8
|inactive|Battle timer is ON: inactive players will automatically lose when time's up. (requested by Shoko_Akoo)
|inactive|Xellanoob has 120 seconds left.
|inactive|Xellanoob has 90 seconds left.
|inactive|Xellanoob has 60 seconds left.
|inactive|Xellanoob has 30 seconds left.
|inactive|Xellanoob has 20 seconds left.
|inactive|Xellanoob has 15 seconds left.
|inactive|Xellanoob has 10 seconds left.
|inactive|Xellanoob has 5 seconds left.
|
|t:|1758979119
|move|p1a: Megagross|Bitter Malice|p2a: Hippowdon
|-damage|p2a: Hippowdon|0 fnt
|faint|p2a: Hippowdon
|
|-weather|Sandstorm|[upkeep]
|-damage|p1a: Megagross|64/100|[from] Sandstorm
|upkeep
|inactive|Xellanoob has 60 seconds left.
|
|t:|1758979132
|switch|p2a: Lucario|Lucario, F|100/100
|-damage|p2a: Lucario|98/100|[from] Stealth Rock
|turn|9
|inactive|Xellanoob has 60 seconds left.
|
|t:|1758979154
|-terastallize|p2a: Lucario|Fighting
|move|p1a: Megagross|Bitter Malice|p2a: Lucario
|-damage|p2a: Lucario|35/100
|-unboost|p2a: Lucario|atk|1
|move|p2a: Lucario|Aura Sphere|p1a: Megagross
|-immune|p1a: Megagross
|
|-weather|Sandstorm|[upkeep]
|-damage|p1a: Megagross|58/100|[from] Sandstorm
|-damage|p2a: Lucario|29/100|[from] Sandstorm
|upkeep
|turn|10
|inactive|Xellanoob has 60 seconds left.
|
|t:|1758979173
|move|p1a: Megagross|Bitter Malice|p2a: Lucario
|-damage|p2a: Lucario|0 fnt
|faint|p2a: Lucario
|
|-weather|Sandstorm|[upkeep]
|-damage|p1a: Megagross|52/100|[from] Sandstorm
|upkeep
|
|t:|1758979190
|switch|p2a: Tyranitar|Tyranitar, F|100/100
|-damage|p2a: Tyranitar|88/100|[from] Stealth Rock
|turn|11
|
|t:|1758979220
|switch|p1a: Umbrella|Umbreon, F, shiny|100/100
|-damage|p1a: Umbrella|88/100|[from] Stealth Rock
|move|p2a: Tyranitar|Crunch|p1a: Umbrella
|-resisted|p1a: Umbrella
|-damage|p1a: Umbrella|70/100
|-unboost|p1a: Umbrella|def|1
|
|-weather|Sandstorm|[upkeep]
|-damage|p1a: Umbrella|64/100|[from] Sandstorm
|-heal|p1a: Umbrella|70/100|[from] item: Leftovers
|upkeep
|turn|12
|
|t:|1758979234
|switch|p2a: Excadrill|Excadrill, M|100/100
|-damage|p2a: Excadrill|97/100|[from] Stealth Rock
|move|p1a: Umbrella|Light Screen|p1a: Umbrella
|-sidestart|p1: Shoko_Akoo|move: Light Screen
|
|-weather|none
|-heal|p1a: Umbrella|76/100|[from] item: Leftovers
|upkeep
|turn|13
|inactive|Shoko_Akoo has 120 seconds left.
|
|t:|1758979271
|move|p2a: Excadrill|Swords Dance|p2a: Excadrill
|-boost|p2a: Excadrill|atk|2
|move|p1a: Umbrella|Curse|p1a: Umbrella
|-unboost|p1a: Umbrella|spe|1
|-boost|p1a: Umbrella|atk|1
|-boost|p1a: Umbrella|def|1
|
|-heal|p1a: Umbrella|82/100|[from] item: Leftovers
|upkeep
|turn|14
|
|t:|1758979283
|move|p2a: Excadrill|Earthquake|p1a: Umbrella
|-damage|p1a: Umbrella|0 fnt
|faint|p1a: Umbrella
|-damage|p2a: Excadrill|87/100|[from] item: Life Orb
|
|upkeep
|
|t:|1758979295
|switch|p1a: Necro|Necrozma|100/100
|-damage|p1a: Necro|88/100|[from] Stealth Rock
|turn|15
|
|t:|1758979304
|move|p2a: Excadrill|Earthquake|p1a: Necro
|-damage|p1a: Necro|0 fnt
|faint|p1a: Necro
|-damage|p2a: Excadrill|78/100|[from] item: Life Orb
|
|upkeep
|
|t:|1758979309
|switch|p1a: Avel|Avalugg-Hisui, M|100/100
|-damage|p1a: Avel|76/100|[from] Stealth Rock
|turn|16
|inactive|Shoko_Akoo has 120 seconds left.
|
|t:|1758979341
|move|p2a: Excadrill|Earthquake|p1a: Avel
|-supereffective|p1a: Avel
|-damage|p1a: Avel|0 fnt
|faint|p1a: Avel
|-damage|p2a: Excadrill|68/100|[from] item: Life Orb
|
|-sideend|p1: Shoko_Akoo|move: Light Screen
|upkeep
|
|t:|1758979346
|switch|p1a: Megagross|Metagross, shiny|52/100
|-damage|p1a: Megagross|40/100|[from] Stealth Rock
|turn|17
|
|t:|1758979352
|move|p1a: Megagross|Flamethrower|p2a: Excadrill
|-supereffective|p2a: Excadrill
|-damage|p2a: Excadrill|0 fnt
|faint|p2a: Excadrill
|
|upkeep
|
|t:|1758979359
|switch|p2a: Tyranitar|Tyranitar, F|88/100
|-damage|p2a: Tyranitar|76/100|[from] Stealth Rock
|-weather|Sandstorm|[from] ability: Sand Stream|[of] p2a: Tyranitar
|turn|18
|inactive|Shoko_Akoo has 90 seconds left.
|
|t:|1758979386
|move|p1a: Megagross|Flamethrower|p2a: Tyranitar
|-resisted|p2a: Tyranitar
|-damage|p2a: Tyranitar|68/100
|move|p2a: Tyranitar|Crunch|p1a: Megagross
|-supereffective|p1a: Megagross
|-damage|p1a: Megagross|0 fnt
|replace|p1a: Arko|Zoroark-Hisui, F, shiny
|-end|p1a: Arko|Illusion
|faint|p1a: Arko
|
|-weather|Sandstorm|[upkeep]
|upkeep
|
|t:|1758979390
|switch|p1a: Megagross|Metagross, shiny|100/100
|turn|19
|inactive|Shoko_Akoo has 90 seconds left.
|
|t:|1758979411
|move|p1a: Megagross|Meteor Mash|p2a: Tyranitar
|-supereffective|p2a: Tyranitar
|-damage|p2a: Tyranitar|0 fnt
|-boost|p1a: Megagross|atk|1
|faint|p2a: Tyranitar
|
|-weather|Sandstorm|[upkeep]
|upkeep
|
|t:|1758979419
|switch|p2a: Gliscor|Gliscor, F|100/100
|-damage|p2a: Gliscor|88/100|[from] Stealth Rock
|turn|20
|inactive|Shoko_Akoo has 90 seconds left.
|
|t:|1758979448
|move|p2a: Gliscor|Protect|p2a: Gliscor
|-singleturn|p2a: Gliscor|Protect
|move|p1a: Megagross|Ice Punch|p2a: Gliscor
|-activate|p2a: Gliscor|move: Protect
|
|-weather|Sandstorm|[upkeep]
|-status|p2a: Gliscor|tox|[from] item: Toxic Orb
|upkeep
|turn|21
|inactive|Xellanoob has 90 seconds left.
|inactive|Xellanoob has 60 seconds left.
|inactive|Xellanoob has 30 seconds left.
|inactive|Xellanoob has 20 seconds left.
|inactive|Xellanoob has 15 seconds left.
|inactive|Xellanoob has 10 seconds left.
|inactive|Xellanoob has 5 seconds left.
|-message|Xellanoob lost due to inactivity.
|
|win|Shoko_Akoo
|raw|Shoko_Akoo's rating: 1141 &rarr; <strong>1162</strong><br />(+21 for winning)
|raw|Xellanoob's rating: 1085 &rarr; <strong>1066</strong><br />(-19 for losing)
|l|☆Shoko_Akoo
|player|p1|
|l|☆Xellanoob
|player|p2|
