|j|☆blazingshadow46
|j|☆chufaworld
|t:|1758966983
|gametype|singles
|player|p1|blazingshadow46|ghetsis|1296
|player|p2|chufaworld|169|1243
|gen|9
|tier|[Gen 9] OU
|rated|
|rule|HP Percentage Mod: HP is shown in percentages
|rule|Endless Battle Clause: Forcing endless battles is banned
|rule|Species Clause: Limit one of each Pokémon
|rule|OHKO Clause: OHKO moves are banned
|rule|Evasion Items Clause: Evasion items are banned
|rule|Evasion Moves Clause: Evasion moves are banned
|rule|Evasion Abilities Clause: Evasion abilities are banned
|rule|Sleep Moves Clause: Sleep-inducing moves are banned
|clearpoke
|poke|p1|Noivern, M|
|poke|p1|Chandelure, F|
|poke|p1|Krookodile, M|
|poke|p1|Scizor, F|
|poke|p1|Great Tusk|
|poke|p1|Toxapex, M|
|poke|p2|Blaziken, M|
|poke|p2|Indeedee, M|
|poke|p2|Iron Treads|
|poke|p2|Gallade, M|
|poke|p2|Gliscor, F|
|poke|p2|Ogerpon-Wellspring, F|
|teampreview
|inactive|Battle timer is ON: inactive players will automatically lose when time's up. (requested by blazingshadow46)
|
|t:|1758966998
|teamsize|p1|6
|teamsize|p2|6
|start
|switch|p1a: Krooked Nose|Krookodile, M|100/100
|switch|p2a: Indeedee|Indeedee, M|100/100
|-fieldstart|move: Psychic Terrain|[from] ability: Psychic Surge|[of] p2a: Indeedee
|turn|1
|
|t:|1758967002
|move|p1a: Krooked Nose|Knock Off|p2a: Indeedee
|-supereffective|p2a: Indeedee
|-damage|p2a: Indeedee|0 fnt
|-enditem|p2a: Indeedee|Terrain Extender|[from] move: Knock Off|[of] p1a: Krooked Nose
|faint|p2a: Indeedee
|-ability|p1a: Krooked Nose|Moxie|boost
|-boost|p1a: Krooked Nose|atk|1
|
|upkeep
|
|t:|1758967018
|switch|p2a: Blaziken|Blaziken, M|100/100
|turn|2
|
|t:|1758967024
|move|p1a: Krooked Nose|Knock Off|p2a: Blaziken
|-resisted|p2a: Blaziken
|-damage|p2a: Blaziken|43/100
|-enditem|p2a: Blaziken|Focus Sash|[from] move: Knock Off|[of] p1a: Krooked Nose
|move|p2a: Blaziken|Close Combat|p1a: Krooked Nose
|-supereffective|p1a: Krooked Nose
|-damage|p1a: Krooked Nose|0 fnt
|-unboost|p2a: Blaziken|def|1
|-unboost|p2a: Blaziken|spd|1
|faint|p1a: Krooked Nose
|
|-ability|p2a: Blaziken|Speed Boost|boost
|-boost|p2a: Blaziken|spe|1
|upkeep
|
|t:|1758967032
|switch|p1a: The Pexagon|Toxapex, M|100/100
|turn|3
|
|t:|1758967036
|move|p2a: Blaziken|Swords Dance|p2a: Blaziken
|-boost|p2a: Blaziken|atk|2
|move|p1a: The Pexagon|Surf|p2a: Blaziken
|-supereffective|p2a: Blaziken
|-damage|p2a: Blaziken|0 fnt
|faint|p2a: Blaziken
|
|upkeep
|
|t:|1758967044
|switch|p2a: Gallade|Gallade, M|100/100
|turn|4
|
|t:|1758967051
|move|p2a: Gallade|Psycho Cut|p1a: The Pexagon
|-supereffective|p1a: The Pexagon
|-damage|p1a: The Pexagon|0 fnt
|faint|p1a: The Pexagon
|
|upkeep
|
|t:|1758967063
|switch|p1a: SS Stall trooper|Chandelure, F|100/100
|turn|5
|
|t:|1758967072
|move|p2a: Gallade|Psycho Cut|p1a: SS Stall trooper
|-damage|p1a: SS Stall trooper|0 fnt
|faint|p1a: SS Stall trooper
|
|upkeep
|
|t:|1758967079
|switch|p1a: Wombat|Noivern, M|100/100
|turn|6
|
|t:|1758967082
|move|p2a: Gallade|Psycho Cut|p1a: Wombat
|-damage|p1a: Wombat|5/100
|move|p1a: Wombat|Hurricane|p2a: Gallade|[miss]
|-miss|p1a: Wombat|p2a: Gallade
|
|upkeep
|turn|7
|c|☆blazingshadow46|bruh
|
|t:|1758967090
|move|p2a: Gallade|Psycho Cut|p1a: Wombat
|-damage|p1a: Wombat|0 fnt
|faint|p1a: Wombat
|
|upkeep
|
|t:|1758967091
|switch|p1a: Safety Scizors|Scizor, F|100/100
|turn|8
|
|t:|1758967097
|switch|p2a: Gliscor|Gliscor, F|100/100
|move|p1a: Safety Scizors|Swords Dance|p1a: Safety Scizors
|-boost|p1a: Safety Scizors|atk|2
|
|-fieldend|move: Psychic Terrain
|-status|p2a: Gliscor|tox|[from] item: Toxic Orb
|upkeep
|turn|9
|
|t:|1758967103
|move|p2a: Gliscor|Earthquake|p1a: Safety Scizors
|-damage|p1a: Safety Scizors|60/100
|move|p1a: Safety Scizors|Swords Dance|p1a: Safety Scizors
|-boost|p1a: Safety Scizors|atk|2
|
|-heal|p1a: Safety Scizors|66/100|[from] item: Leftovers
|upkeep
|turn|10
|
|t:|1758967119
|-terastallize|p2a: Gliscor|Steel
|-terastallize|p1a: Safety Scizors|Flying
|move|p2a: Gliscor|Earthquake|p1a: Safety Scizors
|-immune|p1a: Safety Scizors
|move|p1a: Safety Scizors|Dual Wingbeat|p2a: Gliscor
|-resisted|p2a: Gliscor
|-damage|p2a: Gliscor|60/100 tox
|-resisted|p2a: Gliscor
|-damage|p2a: Gliscor|14/100 tox
|-hitcount|p2a: Gliscor|2
|
|-heal|p1a: Safety Scizors|72/100|[from] item: Leftovers
|-heal|p2a: Gliscor|26/100 tox|[from] ability: Poison Heal
|upkeep
|turn|11
|
|t:|1758967125
|move|p1a: Safety Scizors|Bullet Punch|p2a: Gliscor
|-resisted|p2a: Gliscor
|-damage|p2a: Gliscor|0 fnt
|faint|p2a: Gliscor
|
|-heal|p1a: Safety Scizors|78/100|[from] item: Leftovers
|upkeep
|
|t:|1758967130
|switch|p2a: Iron Treads|Iron Treads|100/100
|-enditem|p2a: Iron Treads|Booster Energy
|-activate|p2a: Iron Treads|ability: Quark Drive|[fromitem]
|-start|p2a: Iron Treads|quarkdrivespe
|turn|12
|
|t:|1758967141
|move|p2a: Iron Treads|Stone Edge|p1a: Safety Scizors
|-supereffective|p1a: Safety Scizors
|-crit|p1a: Safety Scizors
|-damage|p1a: Safety Scizors|0 fnt
|faint|p1a: Safety Scizors
|
|upkeep
|c|☆blazingshadow46|lucky
|-message|blazingshadow46 forfeited.
|
|win|chufaworld
|raw|blazingshadow46's rating: 1296 &rarr; <strong>1267</strong><br />(-29 for losing)
|raw|chufaworld's rating: 1243 &rarr; <strong>1272</strong><br />(+29 for winning)
|l|☆blazingshadow46
|player|p1|
