|j|☆Yelo_Galaxy
|j|☆bozumon
|t:|1759033515
|gametype|singles
|player|p1|Yelo_Galaxy|169|1618
|player|p2|bozumon|266|1510
|gen|9
|tier|[Gen 9] OU
|rated|
|rule|HP Percentage Mod: HP is shown in percentages
|rule|Endless Battle Clause: Forcing endless battles is banned
|rule|Species Clause: Limit one of each Pokémon
|rule|OHKO Clause: OHKO moves are banned
|rule|Evasion Items Clause: Evasion items are banned
|rule|Evasion Moves Clause: Evasion moves are banned
|rule|Evasion Abilities Clause: Evasion abilities are banned
|rule|Sleep Moves Clause: Sleep-inducing moves are banned
|clearpoke
|poke|p1|Torkoal, F|
|poke|p1|Hatterene, F|
|poke|p1|Raging Bolt|
|poke|p1|Slither Wing|
|poke|p1|Venusaur, F|
|poke|p1|Walking Wake|
|poke|p2|Ting-Lu|
|poke|p2|Alomomola, F|
|poke|p2|Gholdengo|
|poke|p2|Weezing-Galar, M|
|poke|p2|Raging Bolt|
|poke|p2|Dragonite, M|
|teampreview
|inactive|Battle timer is ON: inactive players will automatically lose when time's up. (requested by bozumon)
|
|t:|1759033526
|teamsize|p1|6
|teamsize|p2|6
|start
|switch|p1a: Slither Wing|Slither Wing|100/100
|switch|p2a: Ting-Lu|Ting-Lu|100/100
|-ability|p2a: Ting-Lu|Vessel of Ruin
|turn|1
|
|t:|1759033532
|switch|p2a: Weezing|Weezing-Galar, M|100/100
|-ability|p2a: Weezing|Neutralizing Gas
|move|p1a: Slither Wing|U-turn|p2a: Weezing
|-resisted|p2a: Weezing
|-damage|p2a: Weezing|92/100
|
|t:|1759033534
|-end|p1a: Slither Wing|Protosynthesis|[silent]
|switch|p1a: Torkoal|Torkoal, F|100/100|[from] U-turn
|
|upkeep
|turn|2
|
|t:|1759033540
|move|p2a: Weezing|Strange Steam|p1a: Torkoal
|-resisted|p1a: Torkoal
|-damage|p1a: Torkoal|84/100
|move|p1a: Torkoal|Stealth Rock|p2a: Weezing
|-sidestart|p2: bozumon|move: Stealth Rock
|
|upkeep
|turn|3
|
|t:|1759033546
|move|p2a: Weezing|Defog|p1a: Torkoal
|-unboost|p1a: Torkoal|evasion|1
|-sideend|p2: bozumon|Stealth Rock|[from] move: Defog|[of] p2a: Weezing
|move|p1a: Torkoal|Earthquake|p2a: Weezing
|-supereffective|p2a: Weezing
|-damage|p2a: Weezing|58/100
|
|upkeep
|turn|4
|
|t:|1759033552
|move|p2a: Weezing|Strange Steam|p1a: Torkoal
|-resisted|p1a: Torkoal
|-damage|p1a: Torkoal|66/100
|move|p1a: Torkoal|Stealth Rock|p2a: Weezing
|-sidestart|p2: bozumon|move: Stealth Rock
|
|upkeep
|turn|5
|
|t:|1759033560
|switch|p1a: Slither Wing|Slither Wing|100/100
|move|p2a: Weezing|Strange Steam|p1a: Slither Wing
|-supereffective|p1a: Slither Wing
|-damage|p1a: Slither Wing|65/100
|-start|p1a: Slither Wing|confusion
|
|upkeep
|turn|6
|
|t:|1759033564
|-activate|p1a: Slither Wing|confusion
|move|p1a: Slither Wing|Earthquake|p2a: Weezing
|-supereffective|p2a: Weezing
|-damage|p2a: Weezing|0 fnt
|faint|p2a: Weezing
|-end|p2a: Weezing|ability: Neutralizing Gas
|
|upkeep
|
|t:|1759033577
|switch|p2a: Gholdengo|Gholdengo|100/100
|-damage|p2a: Gholdengo|94/100|[from] Stealth Rock
|turn|7
|
|t:|1759033584
|move|p2a: Gholdengo|Shadow Ball|p1a: Slither Wing
|-damage|p1a: Slither Wing|34/100
|-end|p1a: Slither Wing|confusion
|move|p1a: Slither Wing|U-turn|p2a: Gholdengo
|-resisted|p2a: Gholdengo
|-damage|p2a: Gholdengo|83/100
|
|t:|1759033586
|-end|p1a: Slither Wing|Protosynthesis|[silent]
|switch|p1a: Torkoal|Torkoal, F|66/100|[from] U-turn
|-weather|SunnyDay|[from] ability: Drought|[of] p1a: Torkoal
|
|-weather|SunnyDay|[upkeep]
|upkeep
|turn|8
|
|t:|1759033605
|switch|p2a: Alomomola|Alomomola, F|100/100
|switch|p1a: Venusaur|Venusaur, F|100/100
|
|-weather|SunnyDay|[upkeep]
|upkeep
|turn|9
|
|t:|1759033610
|move|p1a: Venusaur|Growth|p1a: Venusaur
|-boost|p1a: Venusaur|atk|2
|-boost|p1a: Venusaur|spa|2
|move|p2a: Alomomola|Flip Turn|p1a: Venusaur
|-resisted|p1a: Venusaur
|-damage|p1a: Venusaur|96/100
|
|t:|1759033617
|switch|p2a: Dragonite|Dragonite, M|100/100|[from] Flip Turn
|
|-weather|SunnyDay|[upkeep]
|upkeep
|turn|10
|
|t:|1759033637
|move|p1a: Venusaur|Weather Ball|p2a: Dragonite
|-resisted|p2a: Dragonite
|-damage|p2a: Dragonite|70/100
|-damage|p1a: Venusaur|86/100|[from] item: Life Orb
|move|p2a: Dragonite|Encore|p1a: Venusaur
|-start|p1a: Venusaur|Encore
|
|-weather|SunnyDay|[upkeep]
|upkeep
|turn|11
|
|t:|1759033646
|switch|p2a: Alomomola|Alomomola, F|100/100
|move|p1a: Venusaur|Weather Ball|p2a: Alomomola
|-resisted|p2a: Alomomola
|-damage|p2a: Alomomola|54/100
|-damage|p1a: Venusaur|76/100|[from] item: Life Orb
|
|-weather|SunnyDay|[upkeep]
|upkeep
|turn|12
|
|t:|1759033651
|move|p1a: Venusaur|Weather Ball|p2a: Alomomola
|-resisted|p2a: Alomomola
|-damage|p2a: Alomomola|10/100
|-damage|p1a: Venusaur|66/100|[from] item: Life Orb
|move|p2a: Alomomola|Flip Turn|p1a: Venusaur
|-resisted|p1a: Venusaur
|-crit|p1a: Venusaur
|-damage|p1a: Venusaur|58/100
|
|t:|1759033663
|switch|p2a: Raging Bolt|Raging Bolt|100/100|[from] Flip Turn
|-damage|p2a: Raging Bolt|88/100|[from] Stealth Rock
|-activate|p2a: Raging Bolt|ability: Protosynthesis
|-start|p2a: Raging Bolt|protosynthesisspa
|
|-weather|SunnyDay|[upkeep]
|upkeep
|turn|13
|
|t:|1759033675
|move|p1a: Venusaur|Weather Ball|p2a: Raging Bolt
|-resisted|p2a: Raging Bolt
|-damage|p2a: Raging Bolt|46/100
|-damage|p1a: Venusaur|48/100|[from] item: Life Orb
|move|p2a: Raging Bolt|Thunderbolt|p1a: Venusaur
|-resisted|p1a: Venusaur
|-damage|p1a: Venusaur|0 fnt
|faint|p1a: Venusaur
|
|-weather|SunnyDay|[upkeep]
|upkeep
|
|t:|1759033680
|switch|p1a: Walking Wake|Walking Wake|100/100
|-activate|p1a: Walking Wake|ability: Protosynthesis
|-start|p1a: Walking Wake|protosynthesisspe
|turn|14
|
|t:|1759033693
|-end|p2a: Raging Bolt|Protosynthesis|[silent]
|switch|p2a: Alomomola|Alomomola, F|43/100
|move|p1a: Walking Wake|Hydro Steam|p2a: Alomomola
|-resisted|p2a: Alomomola
|-damage|p2a: Alomomola|16/100
|
|-weather|none
|-end|p1a: Walking Wake|Protosynthesis
|upkeep
|turn|15
|
|t:|1759033703
|move|p1a: Walking Wake|Draco Meteor|p2a: Alomomola
|-damage|p2a: Alomomola|0 fnt
|-unboost|p1a: Walking Wake|spa|2
|faint|p2a: Alomomola
|
|upkeep
|
|t:|1759033717
|switch|p2a: Ting-Lu|Ting-Lu|100/100
|-damage|p2a: Ting-Lu|94/100|[from] Stealth Rock
|-ability|p2a: Ting-Lu|Vessel of Ruin
|turn|16
|
|t:|1759033719
|-end|p1a: Walking Wake|Protosynthesis|[silent]
|switch|p1a: Hatterene|Hatterene, F|100/100
|-item|p1a: Hatterene|Air Balloon
|move|p2a: Ting-Lu|Earthquake|p1a: Hatterene
|-immune|p1a: Hatterene
|
|upkeep
|turn|17
|
|t:|1759033728
|switch|p2a: Gholdengo|Gholdengo|83/100
|-damage|p2a: Gholdengo|77/100|[from] Stealth Rock
|move|p1a: Hatterene|Dazzling Gleam|p2a: Gholdengo
|-resisted|p2a: Gholdengo
|-damage|p2a: Gholdengo|55/100
|
|upkeep
|turn|18
|
|t:|1759033732
|switch|p1a: Torkoal|Torkoal, F|66/100
|-weather|SunnyDay|[from] ability: Drought|[of] p1a: Torkoal
|move|p2a: Gholdengo|Shadow Ball|p1a: Torkoal
|-damage|p1a: Torkoal|12/100
|
|-weather|SunnyDay|[upkeep]
|upkeep
|turn|19
|
|t:|1759033735
|move|p2a: Gholdengo|Shadow Ball|p1a: Torkoal
|-damage|p1a: Torkoal|0 fnt
|faint|p1a: Torkoal
|
|-weather|SunnyDay|[upkeep]
|upkeep
|
|t:|1759033738
|switch|p1a: Walking Wake|Walking Wake|100/100
|-activate|p1a: Walking Wake|ability: Protosynthesis
|-start|p1a: Walking Wake|protosynthesisspe
|turn|20
|
|t:|1759033749
|switch|p2a: Dragonite|Dragonite, M|70/100
|move|p1a: Walking Wake|Hydro Steam|p2a: Dragonite
|-resisted|p2a: Dragonite
|-damage|p2a: Dragonite|33/100
|
|-weather|SunnyDay|[upkeep]
|upkeep
|turn|21
|
|t:|1759033754
|move|p2a: Dragonite|Extreme Speed|p1a: Walking Wake
|-damage|p1a: Walking Wake|67/100
|move|p1a: Walking Wake|Weather Ball|p2a: Dragonite
|-resisted|p2a: Dragonite
|-damage|p2a: Dragonite|3/100
|
|-weather|SunnyDay|[upkeep]
|upkeep
|turn|22
|
|t:|1759033758
|move|p2a: Dragonite|Extreme Speed|p1a: Walking Wake
|-damage|p1a: Walking Wake|39/100
|move|p1a: Walking Wake|Hydro Steam|p2a: Dragonite
|-resisted|p2a: Dragonite
|-damage|p2a: Dragonite|0 fnt
|faint|p2a: Dragonite
|
|-weather|SunnyDay|[upkeep]
|upkeep
|
|t:|1759033761
|switch|p2a: Raging Bolt|Raging Bolt|46/100
|-damage|p2a: Raging Bolt|34/100|[from] Stealth Rock
|-activate|p2a: Raging Bolt|ability: Protosynthesis
|-start|p2a: Raging Bolt|protosynthesisspa
|turn|23
|
|t:|1759033773
|move|p2a: Raging Bolt|Thunderclap|p1a: Walking Wake
|-damage|p1a: Walking Wake|0 fnt
|faint|p1a: Walking Wake
|-end|p1a: Walking Wake|Protosynthesis|[silent]
|
|-weather|SunnyDay|[upkeep]
|upkeep
|
|t:|1759033774
|switch|p1a: Slither Wing|Slither Wing|34/100
|-activate|p1a: Slither Wing|ability: Protosynthesis
|-start|p1a: Slither Wing|protosynthesisatk
|turn|24
|
|t:|1759033786
|-end|p2a: Raging Bolt|Protosynthesis|[silent]
|switch|p2a: Gholdengo|Gholdengo|55/100
|-damage|p2a: Gholdengo|49/100|[from] Stealth Rock
|move|p1a: Slither Wing|First Impression|p2a: Gholdengo
|-resisted|p2a: Gholdengo
|-damage|p2a: Gholdengo|31/100
|
|-weather|SunnyDay|[upkeep]
|upkeep
|turn|25
|
|t:|1759033796
|-end|p1a: Slither Wing|Protosynthesis|[silent]
|switch|p1a: Raging Bolt|Raging Bolt|100/100
|-activate|p1a: Raging Bolt|ability: Protosynthesis
|-start|p1a: Raging Bolt|protosynthesisspa
|move|p2a: Gholdengo|Shadow Ball|p1a: Raging Bolt
|-damage|p1a: Raging Bolt|57/100
|
|-weather|none
|-end|p1a: Raging Bolt|Protosynthesis
|upkeep
|turn|26
|
|t:|1759033805
|switch|p2a: Ting-Lu|Ting-Lu|94/100
|-damage|p2a: Ting-Lu|88/100|[from] Stealth Rock
|-ability|p2a: Ting-Lu|Vessel of Ruin
|move|p1a: Raging Bolt|Solar Beam||[still]
|-prepare|p1a: Raging Bolt|Solar Beam
|
|upkeep
|turn|27
|
|t:|1759033821
|move|p1a: Raging Bolt|Solar Beam|p2a: Ting-Lu|[from] lockedmove
|-supereffective|p2a: Ting-Lu
|-damage|p2a: Ting-Lu|15/100
|-damage|p1a: Raging Bolt|47/100|[from] item: Life Orb
|move|p2a: Ting-Lu|Throat Chop|p1a: Raging Bolt
|-damage|p1a: Raging Bolt|0 fnt
|faint|p1a: Raging Bolt
|-end|p1a: Raging Bolt|Protosynthesis|[silent]
|
|upkeep
|
|t:|1759033829
|switch|p1a: Slither Wing|Slither Wing|34/100
|turn|28
|
|t:|1759033831
|move|p1a: Slither Wing|U-turn|p2a: Ting-Lu
|-supereffective|p2a: Ting-Lu
|-damage|p2a: Ting-Lu|0 fnt
|faint|p2a: Ting-Lu
|
|t:|1759033834
|-end|p1a: Slither Wing|Protosynthesis|[silent]
|switch|p1a: Hatterene|Hatterene, F|100/100|[from] U-turn
|-item|p1a: Hatterene|Air Balloon
|
|upkeep
|
|t:|1759033837
|switch|p2a: Gholdengo|Gholdengo|31/100
|-damage|p2a: Gholdengo|25/100|[from] Stealth Rock
|turn|29
|
|t:|1759033845
|move|p2a: Gholdengo|Make It Rain|p1a: Hatterene
|-supereffective|p1a: Hatterene
|-damage|p1a: Hatterene|0 fnt
|-unboost|p2a: Gholdengo|spa|1
|-enditem|p1a: Hatterene|Air Balloon
|faint|p1a: Hatterene
|
|upkeep
|
|t:|1759033852
|switch|p1a: Slither Wing|Slither Wing|34/100
|turn|30
|c|☆Yelo_Galaxy|Gg
|
|t:|1759033866
|move|p2a: Gholdengo|Make It Rain|p1a: Slither Wing
|-damage|p1a: Slither Wing|5/100
|-unboost|p2a: Gholdengo|spa|1
|move|p1a: Slither Wing|Earthquake|p2a: Gholdengo
|-supereffective|p2a: Gholdengo
|-damage|p2a: Gholdengo|0 fnt
|faint|p2a: Gholdengo
|
|upkeep
|
|t:|1759033869
|switch|p2a: Raging Bolt|Raging Bolt|34/100
|-damage|p2a: Raging Bolt|21/100|[from] Stealth Rock
|turn|31
|
|t:|1759033871
|move|p1a: Slither Wing|First Impression||[still]
|-hint|First Impression only works on your first turn out.
|-fail|p1a: Slither Wing
|move|p2a: Raging Bolt|Thunderclap||[still]
|-fail|p2a: Raging Bolt
|
|upkeep
|turn|32
|
|t:|1759033876
|move|p1a: Slither Wing|First Impression||[still]
|-hint|First Impression only works on your first turn out.
|-fail|p1a: Slither Wing
|move|p2a: Raging Bolt|Thunderclap||[still]
|-fail|p2a: Raging Bolt
|
|upkeep
|turn|33
|
|t:|1759033879
|move|p1a: Slither Wing|First Impression||[still]
|-hint|First Impression only works on your first turn out.
|-fail|p1a: Slither Wing
|move|p2a: Raging Bolt|Thunderclap||[still]
|-fail|p2a: Raging Bolt
|
|upkeep
|turn|34
|
|t:|1759033881
|move|p1a: Slither Wing|First Impression||[still]
|-hint|First Impression only works on your first turn out.
|-fail|p1a: Slither Wing
|move|p2a: Raging Bolt|Thunderclap||[still]
|-fail|p2a: Raging Bolt
|
|upkeep
|turn|35
|
|t:|1759033883
|move|p2a: Raging Bolt|Thunderclap|p1a: Slither Wing
|-damage|p1a: Slither Wing|0 fnt
|faint|p1a: Slither Wing
|-end|p1a: Slither Wing|Protosynthesis|[silent]
|
|win|bozumon
|raw|Yelo_Galaxy's rating: 1618 &rarr; <strong>1592</strong><br />(-26 for losing)
|raw|bozumon's rating: 1510 &rarr; <strong>1536</strong><br />(+26 for winning)
|l|☆Yelo_Galaxy
|player|p1|
