|j|☆nasbdvo
|j|☆beentheredonepat
|t:|1758970114
|gametype|singles
|player|p1|nasbdvo|170|1146
|player|p2|beentheredonepat|ethan|1103
|gen|9
|tier|[Gen 9] OU
|rated|
|rule|HP Percentage Mod: HP is shown in percentages
|rule|Endless Battle Clause: Forcing endless battles is banned
|rule|Species Clause: Limit one of each Pokémon
|rule|OHKO Clause: OHKO moves are banned
|rule|Evasion Items Clause: Evasion items are banned
|rule|Evasion Moves Clause: Evasion moves are banned
|rule|Evasion Abilities Clause: Evasion abilities are banned
|rule|Sleep Moves Clause: Sleep-inducing moves are banned
|clearpoke
|poke|p1|Corviknight, F|
|poke|p1|Iron Valiant|
|poke|p1|Blastoise, F|
|poke|p1|Garchomp, F|
|poke|p1|Arcanine-Hisui, M|
|poke|p1|Walking Wake|
|poke|p2|Typhlosion, M|
|poke|p2|Ninetales, F|
|poke|p2|Shiftry, M|
|poke|p2|Ursaluna, F|
|poke|p2|Torkoal, M|
|poke|p2|Hatterene, F|
|teampreview
|inactive|Battle timer is ON: inactive players will automatically lose when time's up. (requested by beentheredonepat)
|
|t:|1758970120
|teamsize|p1|6
|teamsize|p2|6
|start
|switch|p1a: Blastoise|Blastoise, F|100/100
|switch|p2a: Sol|Torkoal, M|100/100
|-weather|SunnyDay|[from] ability: Drought|[of] p2a: Sol
|turn|1
|
|t:|1758970128
|switch|p2a: Nymph|Hatterene, F|100/100
|move|p1a: Blastoise|Shell Smash|p1a: Blastoise
|-unboost|p1a: Blastoise|def|1
|-unboost|p1a: Blastoise|spd|1
|-boost|p1a: Blastoise|atk|2
|-boost|p1a: Blastoise|spa|2
|-boost|p1a: Blastoise|spe|2
|-enditem|p1a: Blastoise|White Herb
|-clearnegativeboost|p1a: Blastoise|[silent]
|
|-weather|SunnyDay|[upkeep]
|upkeep
|turn|2
|
|t:|1758970142
|move|p1a: Blastoise|Surf|p2a: Nymph
|-damage|p2a: Nymph|63/100
|move|p2a: Nymph|Trick Room|p2a: Nymph
|-fieldstart|move: Trick Room|[of] p2a: Nymph
|
|-weather|SunnyDay|[upkeep]
|upkeep
|turn|3
|
|t:|1758970149
|switch|p2a: Mama Bear|Ursaluna, F|100/100
|move|p1a: Blastoise|Surf|p2a: Mama Bear
|-supereffective|p2a: Mama Bear
|-damage|p2a: Mama Bear|48/100
|
|-weather|SunnyDay|[upkeep]
|-status|p2a: Mama Bear|brn|[from] item: Flame Orb
|upkeep
|turn|4
|
|t:|1758970158
|move|p2a: Mama Bear|Facade|p1a: Blastoise
|-damage|p1a: Blastoise|0 fnt
|faint|p1a: Blastoise
|
|-weather|SunnyDay|[upkeep]
|-damage|p2a: Mama Bear|42/100 brn|[from] brn
|upkeep
|
|t:|1758970169
|switch|p1a: Walking Wake|Walking Wake|100/100
|-activate|p1a: Walking Wake|ability: Protosynthesis
|-start|p1a: Walking Wake|protosynthesisspe
|turn|5
|
|t:|1758970178
|move|p2a: Mama Bear|Facade|p1a: Walking Wake
|-damage|p1a: Walking Wake|0 fnt
|faint|p1a: Walking Wake
|-end|p1a: Walking Wake|Protosynthesis|[silent]
|
|-weather|SunnyDay|[upkeep]
|-damage|p2a: Mama Bear|35/100 brn|[from] brn
|upkeep
|
|t:|1758970189
|switch|p1a: Iron Valiant|Iron Valiant|100/100
|-enditem|p1a: Iron Valiant|Booster Energy
|-activate|p1a: Iron Valiant|ability: Quark Drive|[fromitem]
|-start|p1a: Iron Valiant|quarkdrivespe
|turn|6
|
|t:|1758970198
|move|p2a: Mama Bear|Facade|p1a: Iron Valiant
|-damage|p1a: Iron Valiant|0 fnt
|faint|p1a: Iron Valiant
|-end|p1a: Iron Valiant|Quark Drive|[silent]
|
|-weather|SunnyDay|[upkeep]
|-damage|p2a: Mama Bear|29/100 brn|[from] brn
|-fieldend|move: Trick Room
|upkeep
|
|t:|1758970207
|switch|p1a: Garchomp|Garchomp, F|100/100
|turn|7
|
|t:|1758970211
|move|p1a: Garchomp|Earthquake|p2a: Mama Bear
|-damage|p2a: Mama Bear|0 fnt
|faint|p2a: Mama Bear
|
|-weather|SunnyDay|[upkeep]
|upkeep
|
|t:|1758970214
|switch|p2a: Shinobi|Shiftry, M|100/100
|turn|8
|
|t:|1758970226
|move|p1a: Garchomp|Earthquake|p2a: Shinobi
|-resisted|p2a: Shinobi
|-damage|p2a: Shinobi|75/100
|move|p2a: Shinobi|Tailwind|p2a: Shinobi
|-sidestart|p2: beentheredonepat|move: Tailwind
|-ability|p2a: Shinobi|Wind Rider|boost
|-boost|p2a: Shinobi|atk|1
|
|-weather|none
|upkeep
|turn|9
|
|t:|1758970236
|move|p2a: Shinobi|Knock Off|p1a: Garchomp
|-damage|p1a: Garchomp|66/100
|-damage|p2a: Shinobi|63/100|[from] ability: Rough Skin|[of] p1a: Garchomp
|-damage|p2a: Shinobi|46/100|[from] item: Rocky Helmet|[of] p1a: Garchomp
|-enditem|p1a: Garchomp|Rocky Helmet|[from] move: Knock Off|[of] p2a: Shinobi
|move|p1a: Garchomp|Dragon Tail|p2a: Shinobi
|-damage|p2a: Shinobi|18/100
|drag|p2a: Tollomot|Ninetales, F|100/100
|-weather|SunnyDay|[from] ability: Drought|[of] p2a: Tollomot
|
|-weather|SunnyDay|[upkeep]
|upkeep
|turn|10
|
|t:|1758970250
|move|p2a: Tollomot|Memento|p1a: Garchomp
|-unboost|p1a: Garchomp|atk|2
|-unboost|p1a: Garchomp|spa|2
|faint|p2a: Tollomot
|move|p1a: Garchomp|Earthquake|p2: Tollomot|[notarget]
|-fail|p1a: Garchomp
|
|-weather|SunnyDay|[upkeep]
|upkeep
|
|t:|1758970253
|switch|p2a: Shinobi|Shiftry, M|18/100
|-ability|p2a: Shinobi|Wind Rider|boost
|-boost|p2a: Shinobi|atk|1
|turn|11
|
|t:|1758970264
|move|p2a: Shinobi|Solar Blade||[still]
|-prepare|p2a: Shinobi|Solar Blade
|-anim|p2a: Shinobi|Solar Blade|p1a: Garchomp
|-damage|p1a: Garchomp|25/100
|-damage|p2a: Shinobi|6/100|[from] ability: Rough Skin|[of] p1a: Garchomp
|move|p1a: Garchomp|Dragon Tail|p2a: Shinobi
|-damage|p2a: Shinobi|0 fnt
|faint|p2a: Shinobi
|
|-weather|SunnyDay|[upkeep]
|-sideend|p2: beentheredonepat|move: Tailwind
|upkeep
|
|t:|1758970270
|switch|p2a: Charlie|Typhlosion, M|100/100
|turn|12
|
|t:|1758970279
|-terastallize|p2a: Charlie|Fire
|move|p2a: Charlie|Eruption|p1a: Garchomp
|-resisted|p1a: Garchomp
|-damage|p1a: Garchomp|0 fnt
|faint|p1a: Garchomp
|
|-weather|SunnyDay|[upkeep]
|upkeep
|
|t:|1758970288
|switch|p1a: Arcanine|Arcanine-Hisui, M|100/100
|turn|13
|
|t:|1758970295
|switch|p2a: Nymph|Hatterene, F|63/100
|move|p1a: Arcanine|Extreme Speed|p2a: Nymph
|-damage|p2a: Nymph|22/100
|
|-weather|none
|upkeep
|turn|14
|
|t:|1758970305
|-terastallize|p1a: Arcanine|Normal
|move|p1a: Arcanine|Extreme Speed|p2a: Nymph
|-damage|p2a: Nymph|0 fnt
|faint|p2a: Nymph
|
|upkeep
|
|t:|1758970309
|switch|p2a: Sol|Torkoal, M|100/100
|-weather|SunnyDay|[from] ability: Drought|[of] p2a: Sol
|turn|15
|
|t:|1758970316
|move|p1a: Arcanine|Extreme Speed|p2a: Sol
|-damage|p2a: Sol|61/100
|move|p2a: Sol|Body Press|p1a: Arcanine
|-supereffective|p1a: Arcanine
|-damage|p1a: Arcanine|25/100
|
|-weather|SunnyDay|[upkeep]
|upkeep
|turn|16
|
|t:|1758970324
|move|p1a: Arcanine|Extreme Speed|p2a: Sol
|-crit|p2a: Sol
|-damage|p2a: Sol|0 fnt
|faint|p2a: Sol
|
|-weather|SunnyDay|[upkeep]
|upkeep
|
|t:|1758970328
|switch|p2a: Charlie|Typhlosion, M, tera:Fire|100/100
|turn|17
|
|t:|1758970333
|move|p1a: Arcanine|Extreme Speed|p2a: Charlie
|-damage|p2a: Charlie|25/100
|move|p2a: Charlie|Flamethrower|p1a: Arcanine
|-damage|p1a: Arcanine|0 fnt
|faint|p1a: Arcanine
|
|-weather|SunnyDay|[upkeep]
|upkeep
|
|t:|1758970342
|switch|p1a: Corviknight|Corviknight, F|100/100
|turn|18
|
|t:|1758970351
|move|p2a: Charlie|Flamethrower|p1a: Corviknight
|-supereffective|p1a: Corviknight
|-damage|p1a: Corviknight|0 fnt
|faint|p1a: Corviknight
|
|win|beentheredonepat
|raw|nasbdvo's rating: 1146 &rarr; <strong>1118</strong><br />(-28 for losing)
|raw|beentheredonepat's rating: 1103 &rarr; <strong>1131</strong><br />(+28 for winning)
|l|☆beentheredonepat
|player|p2|
|l|☆nasbdvo
|player|p1|
