|j|☆zonix14
|j|☆ForestKing0416
|t:|1759015544
|gametype|singles
|player|p1|zonix14|102|1354
|player|p2|ForestKing0416|cheryl|1325
|gen|9
|tier|[Gen 9] OU
|rated|
|rule|HP Percentage Mod: HP is shown in percentages
|rule|Endless Battle Clause: Forcing endless battles is banned
|rule|Species Clause: Limit one of each Pokémon
|rule|OHKO Clause: OHKO moves are banned
|rule|Evasion Items Clause: Evasion items are banned
|rule|Evasion Moves Clause: Evasion moves are banned
|rule|Evasion Abilities Clause: Evasion abilities are banned
|rule|Sleep Moves Clause: Sleep-inducing moves are banned
|clearpoke
|poke|p1|Masquerain, F|
|poke|p1|Cinderace, M|
|poke|p1|Serperior, M|
|poke|p1|Gholdengo|
|poke|p1|Iron Moth|
|poke|p1|Hawlucha, M|
|poke|p2|Dragalge, F|
|poke|p2|Meowscarada, M|
|poke|p2|Quaquaval, F|
|poke|p2|Skeledirge, M|
|poke|p2|Iron Treads|
|poke|p2|Enamorus, F|
|teampreview
|inactive|Battle timer is ON: inactive players will automatically lose when time's up. (requested by zonix14)
|
|t:|1759015548
|teamsize|p1|6
|teamsize|p2|6
|start
|switch|p1a: Masquerain|Masquerain, F|100/100
|switch|p2a: Iron Treads|Iron Treads|100/100
|-ability|p1a: Masquerain|Intimidate|boost
|-unboost|p2a: Iron Treads|atk|1
|-enditem|p2a: Iron Treads|Booster Energy
|-activate|p2a: Iron Treads|ability: Quark Drive|[fromitem]
|-start|p2a: Iron Treads|quarkdrivespe
|turn|1
|
|t:|1759015552
|move|p2a: Iron Treads|Iron Head|p1a: Masquerain
|-damage|p1a: Masquerain|52/100
|cant|p1a: Masquerain|flinch
|
|upkeep
|turn|2
|
|t:|1759015559
|move|p2a: Iron Treads|Iron Head|p1a: Masquerain
|-damage|p1a: Masquerain|4/100
|move|p1a: Masquerain|Sticky Web|p2a: Iron Treads
|-sidestart|p2: ForestKing0416|move: Sticky Web
|
|upkeep
|turn|3
|
|t:|1759015565
|switch|p1a: Gholdengo|Gholdengo|100/100
|-item|p1a: Gholdengo|Air Balloon
|move|p2a: Iron Treads|Stealth Rock|p1a: Gholdengo
|-sidestart|p1: zonix14|move: Stealth Rock
|
|upkeep
|turn|4
|
|t:|1759015570
|move|p2a: Iron Treads|Iron Head|p1a: Gholdengo
|-resisted|p1a: Gholdengo
|-damage|p1a: Gholdengo|87/100
|-enditem|p1a: Gholdengo|Air Balloon
|move|p1a: Gholdengo|Shadow Ball|p2a: Iron Treads
|-damage|p2a: Iron Treads|44/100
|
|upkeep
|turn|5
|
|t:|1759015577
|-end|p2a: Iron Treads|Quark Drive|[silent]
|switch|p2a: Dragalge|Dragalge, F|100/100
|-activate|p2a: Dragalge|move: Sticky Web
|-unboost|p2a: Dragalge|spe|1
|move|p1a: Gholdengo|Shadow Ball|p2a: Dragalge
|-damage|p2a: Dragalge|78/100
|
|upkeep
|turn|6
|
|t:|1759015588
|move|p1a: Gholdengo|Psyshock|p2a: Dragalge
|-supereffective|p2a: Dragalge
|-damage|p2a: Dragalge|13/100
|move|p2a: Dragalge|Draco Meteor|p1a: Gholdengo
|-resisted|p1a: Gholdengo
|-damage|p1a: Gholdengo|43/100
|-unboost|p2a: Dragalge|spa|2
|
|upkeep
|turn|7
|
|t:|1759015593
|switch|p2a: Meowscarada|Meowscarada, M|100/100
|-activate|p2a: Meowscarada|move: Sticky Web
|-unboost|p2a: Meowscarada|spe|1
|move|p1a: Gholdengo|Shadow Ball|p2a: Meowscarada
|-resisted|p2a: Meowscarada
|-damage|p2a: Meowscarada|67/100
|
|upkeep
|turn|8
|
|t:|1759015614
|move|p2a: Meowscarada|Sucker Punch|p1a: Gholdengo
|-start|p2a: Meowscarada|typechange|Dark|[from] ability: Protean
|-supereffective|p1a: Gholdengo
|-damage|p1a: Gholdengo|0 fnt
|faint|p1a: Gholdengo
|
|upkeep
|
|t:|1759015617
|switch|p1a: Cinderace|Cinderace, M|100/100
|-damage|p1a: Cinderace|76/100|[from] Stealth Rock
|turn|9
|
|t:|1759015626
|switch|p2a: Skeledirge|Skeledirge, M|100/100
|move|p1a: Cinderace|Court Change|p1a: Cinderace
|-swapsideconditions
|-activate|p1a: Cinderace|move: Court Change
|
|upkeep
|turn|10
|
|t:|1759015635
|move|p1a: Cinderace|Gunk Shot|p2a: Skeledirge
|-resisted|p2a: Skeledirge
|-damage|p2a: Skeledirge|83/100
|move|p2a: Skeledirge|Torch Song|p1a: Cinderace
|-resisted|p1a: Cinderace
|-damage|p1a: Cinderace|56/100
|-boost|p2a: Skeledirge|spa|1
|
|upkeep
|turn|11
|
|t:|1759015639
|move|p1a: Cinderace|Gunk Shot|p2a: Skeledirge
|-resisted|p2a: Skeledirge
|-damage|p2a: Skeledirge|69/100
|move|p2a: Skeledirge|Torch Song|p1a: Cinderace
|-resisted|p1a: Cinderace
|-damage|p1a: Cinderace|25/100
|-boost|p2a: Skeledirge|spa|1
|
|upkeep
|turn|12
|
|t:|1759015642
|move|p1a: Cinderace|Gunk Shot|p2a: Skeledirge
|-resisted|p2a: Skeledirge
|-damage|p2a: Skeledirge|53/100
|move|p2a: Skeledirge|Slack Off|p2a: Skeledirge
|-heal|p2a: Skeledirge|100/100
|
|upkeep
|turn|13
|
|t:|1759015644
|move|p1a: Cinderace|Gunk Shot|p2a: Skeledirge
|-resisted|p2a: Skeledirge
|-damage|p2a: Skeledirge|85/100
|-status|p2a: Skeledirge|psn
|move|p2a: Skeledirge|Torch Song|p1a: Cinderace
|-resisted|p1a: Cinderace
|-damage|p1a: Cinderace|0 fnt
|-boost|p2a: Skeledirge|spa|1
|faint|p1a: Cinderace
|
|-damage|p2a: Skeledirge|72/100 psn|[from] psn
|upkeep
|
|t:|1759015649
|switch|p1a: Masquerain|Masquerain, F|4/100
|-ability|p1a: Masquerain|Intimidate|boost
|-unboost|p2a: Skeledirge|atk|1
|turn|14
|
|t:|1759015654
|move|p1a: Masquerain|Surf|p2a: Skeledirge
|-supereffective|p2a: Skeledirge
|-damage|p2a: Skeledirge|37/100 psn
|move|p2a: Skeledirge|Torch Song|p1a: Masquerain
|-supereffective|p1a: Masquerain
|-damage|p1a: Masquerain|0 fnt
|-boost|p2a: Skeledirge|spa|1
|faint|p1a: Masquerain
|
|-damage|p2a: Skeledirge|24/100 psn|[from] psn
|upkeep
|
|t:|1759015664
|switch|p1a: Hawlucha|Hawlucha, M|100/100
|-ability|p1a: Hawlucha|Mold Breaker
|turn|15
|
|t:|1759015674
|move|p1a: Hawlucha|Swords Dance|p1a: Hawlucha
|-boost|p1a: Hawlucha|atk|2
|move|p2a: Skeledirge|Slack Off|p2a: Skeledirge
|-heal|p2a: Skeledirge|74/100 psn
|
|-damage|p2a: Skeledirge|62/100 psn|[from] psn
|upkeep
|turn|16
|
|t:|1759015678
|move|p1a: Hawlucha|Encore|p2a: Skeledirge
|-start|p2a: Skeledirge|Encore
|move|p2a: Skeledirge|Slack Off|p2a: Skeledirge
|-heal|p2a: Skeledirge|100/100 psn
|
|-damage|p2a: Skeledirge|88/100 psn|[from] psn
|upkeep
|turn|17
|
|t:|1759015680
|move|p1a: Hawlucha|Swords Dance|p1a: Hawlucha
|-boost|p1a: Hawlucha|atk|2
|move|p2a: Skeledirge|Slack Off|p2a: Skeledirge
|-heal|p2a: Skeledirge|100/100 psn
|
|-damage|p2a: Skeledirge|88/100 psn|[from] psn
|upkeep
|turn|18
|
|t:|1759015683
|move|p1a: Hawlucha|Swords Dance|p1a: Hawlucha
|-boost|p1a: Hawlucha|atk|2
|move|p2a: Skeledirge|Slack Off|p2a: Skeledirge
|-heal|p2a: Skeledirge|100/100 psn
|
|-damage|p2a: Skeledirge|88/100 psn|[from] psn
|-end|p2a: Skeledirge|Encore
|upkeep
|turn|19
|
|t:|1759015688
|move|p1a: Hawlucha|Encore|p2a: Skeledirge
|-start|p2a: Skeledirge|Encore
|move|p2a: Skeledirge|Slack Off|p2a: Skeledirge
|-heal|p2a: Skeledirge|100/100 psn
|
|-damage|p2a: Skeledirge|88/100 psn|[from] psn
|upkeep
|turn|20
|
|t:|1759015690
|move|p1a: Hawlucha|Acrobatics|p2a: Skeledirge
|-damage|p2a: Skeledirge|9/100 psn
|move|p2a: Skeledirge|Slack Off|p2a: Skeledirge
|-heal|p2a: Skeledirge|59/100 psn
|
|-damage|p2a: Skeledirge|46/100 psn|[from] psn
|upkeep
|turn|21
|
|t:|1759015699
|move|p1a: Hawlucha|Acrobatics|p2a: Skeledirge
|-damage|p2a: Skeledirge|0 fnt
|faint|p2a: Skeledirge
|
|upkeep
|
|t:|1759015706
|switch|p2a: Enamorus|Enamorus, F|100/100
|-damage|p2a: Enamorus|76/100|[from] Stealth Rock
|turn|22
|
|t:|1759015710
|-terastallize|p1a: Hawlucha|Ground
|move|p2a: Enamorus|Moonblast|p1a: Hawlucha
|-damage|p1a: Hawlucha|22/100
|move|p1a: Hawlucha|Acrobatics|p2a: Enamorus
|-damage|p2a: Enamorus|0 fnt
|faint|p2a: Enamorus
|
|upkeep
|
|t:|1759015713
|switch|p2a: Meowscarada|Meowscarada, M|67/100
|-damage|p2a: Meowscarada|54/100|[from] Stealth Rock
|turn|23
|
|t:|1759015720
|switch|p1a: Iron Moth|Iron Moth|100/100
|move|p2a: Meowscarada|Knock Off|p1a: Iron Moth
|-start|p2a: Meowscarada|typechange|Dark|[from] ability: Protean
|-damage|p1a: Iron Moth|0 fnt
|-enditem|p1a: Iron Moth|Heavy-Duty Boots|[from] move: Knock Off|[of] p2a: Meowscarada
|faint|p1a: Iron Moth
|-end|p1a: Iron Moth|Quark Drive|[silent]
|
|upkeep
|
|t:|1759015722
|switch|p1a: Serperior|Serperior, M|100/100
|-activate|p1a: Serperior|move: Sticky Web
|-boost|p1a: Serperior|spe|1
|turn|24
|
|t:|1759015734
|switch|p2a: Dragalge|Dragalge, F|13/100
|-damage|p2a: Dragalge|1/100|[from] Stealth Rock
|move|p1a: Serperior|Leaf Storm|p2a: Dragalge
|-resisted|p2a: Dragalge
|-damage|p2a: Dragalge|0 fnt
|-boost|p1a: Serperior|spa|2
|faint|p2a: Dragalge
|
|upkeep
|
|t:|1759015736
|switch|p2a: Meowscarada|Meowscarada, M|54/100
|-damage|p2a: Meowscarada|42/100|[from] Stealth Rock
|turn|25
|
|t:|1759015739
|move|p2a: Meowscarada|Sucker Punch|p1a: Serperior
|-start|p2a: Meowscarada|typechange|Dark|[from] ability: Protean
|-damage|p1a: Serperior|37/100
|move|p1a: Serperior|Leaf Storm|p2a: Meowscarada
|-damage|p2a: Meowscarada|0 fnt
|-boost|p1a: Serperior|spa|2
|faint|p2a: Meowscarada
|
|upkeep
|
|t:|1759015745
|switch|p2a: Iron Treads|Iron Treads|44/100
|-damage|p2a: Iron Treads|41/100|[from] Stealth Rock
|turn|26
|-message|ForestKing0416 forfeited.
|
|win|zonix14
|raw|zonix14's rating: 1354 &rarr; <strong>1372</strong><br />(+18 for winning)
|raw|ForestKing0416's rating: 1325 &rarr; <strong>1307</strong><br />(-18 for losing)
|l|☆ForestKing0416
|player|p2|
|l|☆zonix14
|player|p1|
