|j|☆Argha321
|j|☆Red Icigool
|t:|1759063684
|gametype|singles
|player|p1|Argha321|alder|1371
|player|p2|Red Icigool|swimmerf-gen4|1327
|gen|9
|tier|[Gen 9] OU
|rated|
|rule|HP Percentage Mod: HP is shown in percentages
|rule|Endless Battle Clause: Forcing endless battles is banned
|rule|Species Clause: Limit one of each Pokémon
|rule|OHKO Clause: OHKO moves are banned
|rule|Evasion Items Clause: Evasion items are banned
|rule|Evasion Moves Clause: Evasion moves are banned
|rule|Evasion Abilities Clause: Evasion abilities are banned
|rule|Sleep Moves Clause: Sleep-inducing moves are banned
|clearpoke
|poke|p1|Samurott-Hisui, F|
|poke|p1|Glimmora, M|
|poke|p1|Araquanid, M|
|poke|p1|Primarina, M|
|poke|p1|Haxorus, F|
|poke|p1|Gholdengo|
|poke|p2|Forretress, M|
|poke|p2|Scizor, M|
|poke|p2|Kleavor, F|
|poke|p2|Yanmega, F|
|poke|p2|Araquanid, F|
|poke|p2|Vikavolt, F|
|teampreview
|inactive|Battle timer is ON: inactive players will automatically lose when time's up. (requested by Argha321)
|
|t:|1759063708
|teamsize|p1|6
|teamsize|p2|6
|start
|switch|p1a: Araquanid|Araquanid, M|100/100
|switch|p2a: Araquanid|Araquanid, F|100/100
|turn|1
|
|t:|1759063717
|move|p1a: Araquanid|Sticky Web|p2a: Araquanid
|-sidestart|p2: Red Icigool|move: Sticky Web
|move|p2a: Araquanid|Sticky Web|p1a: Araquanid
|-sidestart|p1: Argha321|move: Sticky Web
|
|upkeep
|turn|2
|
|t:|1759063720
|move|p2a: Araquanid|Liquidation|p1a: Araquanid
|-resisted|p1a: Araquanid
|-damage|p1a: Araquanid|73/100
|move|p1a: Araquanid|Surf|p2a: Araquanid
|-resisted|p2a: Araquanid
|-damage|p2a: Araquanid|84/100
|
|upkeep
|turn|3
|inactive|Argha321 has 120 seconds left.
|
|t:|1759063751
|move|p1a: Araquanid|Surf|p2a: Araquanid
|-resisted|p2a: Araquanid
|-damage|p2a: Araquanid|65/100
|move|p2a: Araquanid|Leech Life|p1a: Araquanid
|-damage|p1a: Araquanid|51/100
|-heal|p2a: Araquanid|77/100|[from] drain|[of] p1a: Araquanid
|
|upkeep
|turn|4
|
|t:|1759063765
|move|p1a: Araquanid|Surf|p2a: Araquanid
|-resisted|p2a: Araquanid
|-damage|p2a: Araquanid|60/100
|move|p2a: Araquanid|Liquidation|p1a: Araquanid
|-resisted|p1a: Araquanid
|-damage|p1a: Araquanid|25/100
|-unboost|p1a: Araquanid|def|1
|
|upkeep
|turn|5
|-enditem|p1a: Araquanid|Custap Berry|[eat]
|-activate|p1a: Araquanid|item: Custap Berry|[consumed]
|
|t:|1759063768
|move|p1a: Araquanid|Endeavor|p2a: Araquanid
|-damage|p2a: Araquanid|26/100
|move|p2a: Araquanid|Leech Life|p1a: Araquanid
|-damage|p1a: Araquanid|0 fnt
|-heal|p2a: Araquanid|38/100|[from] drain|[of] p1a: Araquanid
|faint|p1a: Araquanid
|
|upkeep
|
|t:|1759063780
|switch|p1a: Glimmora|Glimmora, M|100/100
|-activate|p1a: Glimmora|move: Sticky Web
|-unboost|p1a: Glimmora|spe|1
|turn|6
|inactive|Red Icigool has 120 seconds left.
|inactive|Red Icigool has 90 seconds left.
|
|t:|1759063864
|move|p1a: Glimmora|Power Gem|p2a: Araquanid
|-supereffective|p2a: Araquanid
|-damage|p2a: Araquanid|0 fnt
|faint|p2a: Araquanid
|
|upkeep
|
|t:|1759063873
|switch|p2a: Forretress|Forretress, M|100/100
|-activate|p2a: Forretress|move: Sticky Web
|-unboost|p2a: Forretress|spe|1
|turn|7
|
|t:|1759063877
|switch|p1a: Gholdengo|Gholdengo|100/100
|-item|p1a: Gholdengo|Air Balloon
|move|p2a: Forretress|Thunder Wave|p1a: Gholdengo
|-immune|p1a: Gholdengo|[from] ability: Good as Gold
|
|upkeep
|turn|8
|
|t:|1759063884
|move|p1a: Gholdengo|Thunder Wave|p2a: Forretress
|-status|p2a: Forretress|par
|cant|p2a: Forretress|par
|
|upkeep
|turn|9
|
|t:|1759063887
|move|p1a: Gholdengo|Hex|p2a: Forretress
|-damage|p2a: Forretress|23/100 par
|move|p2a: Forretress|Volt Switch|p1a: Gholdengo
|-damage|p1a: Gholdengo|92/100
|-enditem|p1a: Gholdengo|Air Balloon
|inactive|Red Icigool has 90 seconds left.
|
|t:|1759063898
|switch|p2a: Scizor|Scizor, M|100/100|[from] Volt Switch
|-activate|p2a: Scizor|move: Sticky Web
|-unboost|p2a: Scizor|spe|1
|
|upkeep
|turn|10
|
|t:|1759063902
|move|p1a: Gholdengo|Thunder Wave|p2a: Scizor
|-status|p2a: Scizor|par
|cant|p2a: Scizor|par
|
|upkeep
|turn|11
|
|t:|1759063905
|move|p1a: Gholdengo|Hex|p2a: Scizor
|-damage|p2a: Scizor|17/100 par
|move|p2a: Scizor|Knock Off|p1a: Gholdengo
|-supereffective|p1a: Gholdengo
|-damage|p1a: Gholdengo|56/100
|
|upkeep
|turn|12
|
|t:|1759063910
|move|p1a: Gholdengo|Recover|p1a: Gholdengo
|-heal|p1a: Gholdengo|100/100
|cant|p2a: Scizor|par
|
|upkeep
|turn|13
|
|t:|1759063913
|move|p1a: Gholdengo|Hex|p2a: Scizor
|-damage|p2a: Scizor|0 fnt
|faint|p2a: Scizor
|
|upkeep
|
|t:|1759063917
|switch|p2a: Vikavolt|Vikavolt, F|100/100
|turn|14
|
|t:|1759063926
|move|p1a: Gholdengo|Make It Rain|p2a: Vikavolt
|-resisted|p2a: Vikavolt
|-damage|p2a: Vikavolt|65/100
|-unboost|p1a: Gholdengo|spa|1
|move|p2a: Vikavolt|Agility|p2a: Vikavolt
|-boost|p2a: Vikavolt|spe|2
|
|upkeep
|turn|15
|
|t:|1759063933
|move|p2a: Vikavolt|Bug Buzz|p1a: Gholdengo
|-resisted|p1a: Gholdengo
|-damage|p1a: Gholdengo|86/100
|-enditem|p2a: Vikavolt|Throat Spray
|-boost|p2a: Vikavolt|spa|1|[from] item: Throat Spray
|move|p1a: Gholdengo|Hex|p2a: Vikavolt
|-damage|p2a: Vikavolt|36/100
|
|upkeep
|turn|16
|inactive|Red Icigool has 120 seconds left.
|
|t:|1759063980
|-terastallize|p2a: Vikavolt|Electric
|move|p2a: Vikavolt|Thunderbolt|p1a: Gholdengo
|-damage|p1a: Gholdengo|0 fnt
|faint|p1a: Gholdengo
|
|upkeep
|
|t:|1759063991
|switch|p1a: Haxorus|Haxorus, F|100/100
|-activate|p1a: Haxorus|move: Sticky Web
|-unboost|p1a: Haxorus|spe|1
|-ability|p1a: Haxorus|Mold Breaker
|turn|17
|
|t:|1759063995
|move|p1a: Haxorus|First Impression|p2a: Vikavolt
|-damage|p2a: Vikavolt|0 fnt
|faint|p2a: Vikavolt
|-damage|p1a: Haxorus|91/100|[from] item: Life Orb
|
|upkeep
|
|t:|1759064000
|switch|p2a: Forretress|Forretress, M|23/100 par
|-activate|p2a: Forretress|move: Sticky Web
|-unboost|p2a: Forretress|spe|1
|turn|18
|
|t:|1759064004
|move|p1a: Haxorus|Earthquake|p2a: Forretress
|-damage|p2a: Forretress|0 fnt
|faint|p2a: Forretress
|-damage|p1a: Haxorus|81/100|[from] item: Life Orb
|
|upkeep
|
|t:|1759064007
|switch|p2a: Kleavor|Kleavor, F|100/100
|-activate|p2a: Kleavor|move: Sticky Web
|-unboost|p2a: Kleavor|spe|1
|turn|19
|
|t:|1759064015
|move|p2a: Kleavor|Stone Axe|p1a: Haxorus
|-damage|p1a: Haxorus|10/100
|-sidestart|p1: Argha321|move: Stealth Rock
|move|p1a: Haxorus|Outrage|p2a: Kleavor
|-damage|p2a: Kleavor|0 fnt
|faint|p2a: Kleavor
|-damage|p1a: Haxorus|0 fnt|[from] item: Life Orb
|faint|p1a: Haxorus
|
|upkeep
|
|t:|1759064031
|switch|p1a: Glimmora|Glimmora, M|100/100
|switch|p2a: Yanmega|Yanmega, F|100/100
|-activate|p1a: Glimmora|move: Sticky Web
|-unboost|p1a: Glimmora|spe|1
|-damage|p1a: Glimmora|88/100|[from] Stealth Rock
|turn|20
|
|t:|1759064037
|move|p2a: Yanmega|Air Slash|p1a: Glimmora
|-resisted|p1a: Glimmora
|-damage|p1a: Glimmora|51/100
|move|p1a: Glimmora|Power Gem|p2a: Yanmega
|-supereffective|p2a: Yanmega
|-damage|p2a: Yanmega|0 fnt
|faint|p2a: Yanmega
|
|win|Argha321
|raw|Argha321's rating: 1371 &rarr; <strong>1388</strong><br />(+17 for winning)
|raw|Red Icigool's rating: 1327 &rarr; <strong>1310</strong><br />(-17 for losing)
|c|☆Red Icigool|ggwp
|l|☆Argha321
|player|p1|
|l|☆Red Icigool
|player|p2|
