|j|☆Valida bb ayuda
|j|☆bluebrine
|t:|1759036023
|gametype|singles
|player|p1|Valida bb ayuda|marley|1349
|player|p2|bluebrine|tuber|1377
|gen|9
|tier|[Gen 9] OU
|rated|
|rule|HP Percentage Mod: HP is shown in percentages
|rule|Endless Battle Clause: Forcing endless battles is banned
|rule|Species Clause: Limit one of each Pokémon
|rule|OHKO Clause: OHKO moves are banned
|rule|Evasion Items Clause: Evasion items are banned
|rule|Evasion Moves Clause: Evasion moves are banned
|rule|Evasion Abilities Clause: Evasion abilities are banned
|rule|Sleep Moves Clause: Sleep-inducing moves are banned
|clearpoke
|poke|p1|Gholdengo|
|poke|p1|Iron Treads|
|poke|p1|Moltres|
|poke|p1|Samurott-Hisui, F|
|poke|p1|Sinistcha|
|poke|p1|Ting-Lu|
|poke|p2|Clefable, M|
|poke|p2|Magnezone|
|poke|p2|Pecharunt|
|poke|p2|Landorus-Therian, M|
|poke|p2|Meowscarada, M|
|poke|p2|Volcanion|
|teampreview
|
|t:|1759036047
|teamsize|p1|6
|teamsize|p2|6
|start
|switch|p1a: Samurott|Samurott-Hisui, F|100/100
|switch|p2a: Meowscarada|Meowscarada, M|100/100
|turn|1
|
|t:|1759036051
|move|p1a: Samurott|Flip Turn|p2a: Meowscarada
|-resisted|p2a: Meowscarada
|-damage|p2a: Meowscarada|78/100
|
|t:|1759036053
|switch|p1a: Moltres|Moltres|100/100|[from] Flip Turn
|move|p2a: Meowscarada|Flower Trick|p1a: Moltres
|-start|p2a: Meowscarada|typechange|Grass|[from] ability: Protean
|-resisted|p1a: Moltres
|-crit|p1a: Moltres
|-damage|p1a: Moltres|92/100
|
|upkeep
|turn|2
|
|t:|1759036056
|move|p2a: Meowscarada|Knock Off|p1a: Moltres
|-damage|p1a: Moltres|71/100
|-enditem|p1a: Moltres|Heavy-Duty Boots|[from] move: Knock Off|[of] p2a: Meowscarada
|move|p1a: Moltres|U-turn|p2a: Meowscarada
|-supereffective|p2a: Meowscarada
|-damage|p2a: Meowscarada|36/100
|
|t:|1759036065
|switch|p1a: Samurott|Samurott-Hisui, F|100/100|[from] U-turn
|
|upkeep
|turn|3
|
|t:|1759036068
|switch|p2a: Clefable|Clefable, M|100/100
|move|p1a: Samurott|Ceaseless Edge|p2a: Clefable
|-resisted|p2a: Clefable
|-damage|p2a: Clefable|74/100
|-damage|p1a: Samurott|84/100|[from] item: Rocky Helmet|[of] p2a: Clefable
|-sidestart|p2: bluebrine|Spikes
|
|upkeep
|turn|4
|
|t:|1759036078
|switch|p1a: Moltres|Moltres|71/100
|move|p2a: Clefable|Stealth Rock|p1a: Moltres
|-sidestart|p1: Valida bb ayuda|move: Stealth Rock
|
|upkeep
|turn|5
|
|t:|1759036083
|move|p1a: Moltres|Flamethrower|p2a: Clefable
|-damage|p2a: Clefable|46/100
|-status|p2a: Clefable|brn
|move|p2a: Clefable|Moonlight|p2a: Clefable
|-heal|p2a: Clefable|96/100 brn
|
|upkeep
|turn|6
|
|t:|1759036091
|switch|p2a: Volcanion|Volcanion|100/100
|move|p1a: Moltres|Flamethrower|p2a: Volcanion
|-resisted|p2a: Volcanion
|-damage|p2a: Volcanion|90/100
|
|upkeep
|turn|7
|
|t:|1759036097
|move|p1a: Moltres|U-turn|p2a: Volcanion
|-resisted|p2a: Volcanion
|-damage|p2a: Volcanion|85/100
|
|t:|1759036099
|switch|p1a: Samurott|Samurott-Hisui, F|84/100|[from] U-turn
|-damage|p1a: Samurott|72/100|[from] Stealth Rock
|move|p2a: Volcanion|Steam Eruption|p1a: Samurott
|-resisted|p1a: Samurott
|-damage|p1a: Samurott|23/100
|-status|p1a: Samurott|brn
|
|-damage|p1a: Samurott|17/100 brn|[from] brn
|upkeep
|turn|8
|
|t:|1759036108
|switch|p2a: Clefable|Clefable, M|96/100 brn
|move|p1a: Samurott|Ceaseless Edge|p2a: Clefable
|-resisted|p2a: Clefable
|-damage|p2a: Clefable|83/100 brn
|-damage|p1a: Samurott|0 fnt|[from] item: Rocky Helmet|[of] p2a: Clefable
|faint|p1a: Samurott
|
|upkeep
|
|t:|1759036118
|switch|p1a: Gholdengo|Gholdengo|100/100
|-damage|p1a: Gholdengo|94/100|[from] Stealth Rock
|turn|9
|
|t:|1759036126
|switch|p2a: Magnezone|Magnezone|100/100
|-damage|p2a: Magnezone|88/100|[from] Spikes
|move|p1a: Gholdengo|Nasty Plot|p1a: Gholdengo
|-boost|p1a: Gholdengo|spa|2
|
|-heal|p2a: Magnezone|94/100|[from] item: Leftovers
|upkeep
|turn|10
|
|t:|1759036133
|move|p1a: Gholdengo|Thunderbolt|p2a: Magnezone
|-resisted|p2a: Magnezone
|-damage|p2a: Magnezone|53/100
|move|p2a: Magnezone|Thunderbolt|p1a: Gholdengo
|-damage|p1a: Gholdengo|32/100
|
|-heal|p2a: Magnezone|59/100|[from] item: Leftovers
|upkeep
|turn|11
|
|t:|1759036139
|-terastallize|p1a: Gholdengo|Steel
|move|p1a: Gholdengo|Make It Rain|p2a: Magnezone
|-resisted|p2a: Magnezone
|-damage|p2a: Magnezone|0 fnt
|-unboost|p1a: Gholdengo|spa|1
|faint|p2a: Magnezone
|
|upkeep
|
|t:|1759036144
|switch|p2a: Meowscarada|Meowscarada, M|36/100
|turn|12
|
|t:|1759036153
|switch|p1a: Moltres|Moltres|71/100
|-damage|p1a: Moltres|21/100|[from] Stealth Rock
|move|p2a: Meowscarada|Knock Off|p1a: Moltres
|-start|p2a: Meowscarada|typechange|Dark|[from] ability: Protean
|-damage|p1a: Moltres|0 fnt
|faint|p1a: Moltres
|
|upkeep
|-message|Valida bb ayuda forfeited.
|
|win|bluebrine
|raw|Valida bb ayuda's rating: 1349 &rarr; <strong>1331</strong><br />(-18 for losing)
|raw|bluebrine's rating: 1377 &rarr; <strong>1395</strong><br />(+18 for winning)
|l|☆Valida bb ayuda
|player|p1|
|l|☆bluebrine
|player|p2|
