|j|☆you should now
|j|☆lzc123456
|t:|1758952365
|gametype|singles
|player|p1|you should now|170|1456
|player|p2|lzc123456|cynthia-gen4|1441
|gen|9
|tier|[Gen 9] OU
|rated|
|rule|HP Percentage Mod: HP is shown in percentages
|rule|Endless Battle Clause: Forcing endless battles is banned
|rule|Species Clause: Limit one of each Pokémon
|rule|OHKO Clause: OHKO moves are banned
|rule|Evasion Items Clause: Evasion items are banned
|rule|Evasion Moves Clause: Evasion moves are banned
|rule|Evasion Abilities Clause: Evasion abilities are banned
|rule|Sleep Moves Clause: Sleep-inducing moves are banned
|clearpoke
|poke|p1|Meloetta|
|poke|p1|Iron Moth|
|poke|p1|Corviknight, M|
|poke|p1|Slowking-Galar, M|
|poke|p1|Great Tusk|
|poke|p1|Lokix, F|
|poke|p2|Iron Valiant|
|poke|p2|Gholdengo|
|poke|p2|Glimmora, M|
|poke|p2|Dragonite, M|
|poke|p2|Samurott-Hisui, M|
|poke|p2|Garchomp, F|
|teampreview
|inactive|Battle timer is ON: inactive players will automatically lose when time's up. (requested by lzc123456)
|
|t:|1758952397
|teamsize|p1|6
|teamsize|p2|6
|start
|switch|p1a: Meloetta|Meloetta|100/100
|switch|p2a: Dragonite|Dragonite, M|100/100
|turn|1
|
|t:|1758952415
|switch|p1a: Corviknight|Corviknight, M|100/100
|-ability|p1a: Corviknight|Pressure
|move|p2a: Dragonite|Dragon Dance|p2a: Dragonite
|-boost|p2a: Dragonite|atk|1
|-boost|p2a: Dragonite|spe|1
|
|upkeep
|turn|2
|
|t:|1758952422
|move|p2a: Dragonite|Dragon Dance|p2a: Dragonite
|-boost|p2a: Dragonite|atk|1
|-boost|p2a: Dragonite|spe|1
|move|p1a: Corviknight|U-turn|p2a: Dragonite
|-resisted|p2a: Dragonite
|-damage|p2a: Dragonite|97/100
|
|t:|1758952428
|switch|p1a: Great Tusk|Great Tusk|100/100|[from] U-turn
|
|upkeep
|turn|3
|
|t:|1758952431
|-terastallize|p2a: Dragonite|Fairy
|move|p2a: Dragonite|Tera Blast|p1a: Great Tusk|[anim] Tera Blast Fairy
|-supereffective|p1a: Great Tusk
|-damage|p1a: Great Tusk|6/100
|move|p1a: Great Tusk|Ice Spinner|p2a: Dragonite
|-damage|p2a: Dragonite|70/100
|
|-heal|p1a: Great Tusk|12/100|[from] item: Leftovers
|upkeep
|turn|4
|
|t:|1758952445
|-end|p1a: Great Tusk|Protosynthesis|[silent]
|switch|p1a: Corviknight|Corviknight, M|100/100
|-ability|p1a: Corviknight|Pressure
|move|p2a: Dragonite|Dragon Dance|p2a: Dragonite
|-boost|p2a: Dragonite|atk|1
|-boost|p2a: Dragonite|spe|1
|
|upkeep
|turn|5
|
|t:|1758952451
|move|p2a: Dragonite|Roost|p2a: Dragonite
|-heal|p2a: Dragonite|100/100
|move|p1a: Corviknight|Brave Bird|p2a: Dragonite
|-damage|p2a: Dragonite|81/100
|-damage|p1a: Corviknight|95/100|[from] Recoil
|
|upkeep
|turn|6
|
|t:|1758952456
|move|p2a: Dragonite|Tera Blast|p1a: Corviknight|[anim] Tera Blast Fairy
|-resisted|p1a: Corviknight
|-damage|p1a: Corviknight|62/100
|move|p1a: Corviknight|Brave Bird|p2a: Dragonite
|-damage|p2a: Dragonite|40/100
|-damage|p1a: Corviknight|51/100|[from] Recoil
|
|upkeep
|turn|7
|
|t:|1758952471
|move|p2a: Dragonite|Roost|p2a: Dragonite
|-heal|p2a: Dragonite|90/100
|move|p1a: Corviknight|Brave Bird|p2a: Dragonite
|-damage|p2a: Dragonite|49/100
|-damage|p1a: Corviknight|40/100|[from] Recoil
|
|upkeep
|turn|8
|
|t:|1758952475
|move|p2a: Dragonite|Roost|p2a: Dragonite
|-heal|p2a: Dragonite|99/100
|move|p1a: Corviknight|Roost|p1a: Corviknight
|-heal|p1a: Corviknight|90/100
|-singleturn|p1a: Corviknight|move: Roost
|
|upkeep
|turn|9
|
|t:|1758952479
|move|p2a: Dragonite|Dragon Dance|p2a: Dragonite
|-boost|p2a: Dragonite|atk|1
|-boost|p2a: Dragonite|spe|1
|move|p1a: Corviknight|Brave Bird|p2a: Dragonite
|-damage|p2a: Dragonite|57/100
|-damage|p1a: Corviknight|78/100|[from] Recoil
|
|upkeep
|turn|10
|
|t:|1758952488
|move|p2a: Dragonite|Roost|p2a: Dragonite
|-heal|p2a: Dragonite|100/100
|move|p1a: Corviknight|Brave Bird|p2a: Dragonite
|-damage|p2a: Dragonite|82/100
|-damage|p1a: Corviknight|73/100|[from] Recoil
|
|upkeep
|turn|11
|
|t:|1758952498
|move|p2a: Dragonite|Dragon Dance|p2a: Dragonite
|-boost|p2a: Dragonite|atk|1
|-boost|p2a: Dragonite|spe|1
|move|p1a: Corviknight|U-turn|p2a: Dragonite
|-resisted|p2a: Dragonite
|-damage|p2a: Dragonite|74/100
|
|t:|1758952500
|switch|p1a: Lokix|Lokix, F|100/100|[from] U-turn
|
|upkeep
|turn|12
|
|t:|1758952507
|-terastallize|p1a: Lokix|Bug
|move|p1a: Lokix|First Impression|p2a: Dragonite
|-resisted|p2a: Dragonite
|-damage|p2a: Dragonite|0 fnt
|faint|p2a: Dragonite
|
|upkeep
|
|t:|1758952511
|switch|p2a: Garchomp|Garchomp, F|100/100
|turn|13
|
|t:|1758952519
|switch|p1a: Corviknight|Corviknight, M|73/100
|-ability|p1a: Corviknight|Pressure
|move|p2a: Garchomp|Swords Dance|p2a: Garchomp
|-boost|p2a: Garchomp|atk|2
|
|upkeep
|turn|14
|
|t:|1758952529
|move|p2a: Garchomp|Swords Dance|p2a: Garchomp
|-boost|p2a: Garchomp|atk|2
|move|p1a: Corviknight|U-turn|p2a: Garchomp
|-damage|p2a: Garchomp|86/100
|-damage|p1a: Corviknight|61/100|[from] ability: Rough Skin|[of] p2a: Garchomp
|
|t:|1758952531
|switch|p1a: Lokix|Lokix, F, tera:Bug|100/100|[from] U-turn
|
|upkeep
|turn|15
|
|t:|1758952535
|move|p1a: Lokix|First Impression|p2a: Garchomp
|-damage|p2a: Garchomp|0 fnt
|-damage|p1a: Lokix|88/100|[from] ability: Rough Skin|[of] p2a: Garchomp
|faint|p2a: Garchomp
|
|upkeep
|
|t:|1758952547
|switch|p2a: Samurott|Samurott-Hisui, M|100/100
|turn|16
|
|t:|1758952569
|switch|p1a: Great Tusk|Great Tusk|12/100
|move|p2a: Samurott|Razor Shell|p1a: Great Tusk|[miss]
|-miss|p2a: Samurott|p1a: Great Tusk
|
|-heal|p1a: Great Tusk|18/100|[from] item: Leftovers
|upkeep
|turn|17
|
|t:|1758952581
|move|p2a: Samurott|Razor Shell|p1a: Great Tusk
|-supereffective|p1a: Great Tusk
|-damage|p1a: Great Tusk|0 fnt
|faint|p1a: Great Tusk
|-end|p1a: Great Tusk|Protosynthesis|[silent]
|
|upkeep
|
|t:|1758952589
|switch|p1a: Meloetta|Meloetta|100/100
|turn|18
|
|t:|1758952593
|switch|p2a: Gholdengo|Gholdengo|100/100
|-item|p2a: Gholdengo|Air Balloon
|move|p1a: Meloetta|Thunderbolt|p2a: Gholdengo
|-damage|p2a: Gholdengo|64/100
|-enditem|p2a: Gholdengo|Air Balloon
|
|upkeep
|turn|19
|
|t:|1758952602
|move|p1a: Meloetta|Shadow Ball|p2a: Gholdengo
|-supereffective|p2a: Gholdengo
|-damage|p2a: Gholdengo|8/100
|move|p2a: Gholdengo|Thunder Wave|p1a: Meloetta
|-status|p1a: Meloetta|par
|
|upkeep
|turn|20
|
|t:|1758952609
|move|p2a: Gholdengo|Recover|p2a: Gholdengo
|-heal|p2a: Gholdengo|58/100
|move|p1a: Meloetta|Shadow Ball|p2a: Gholdengo
|-supereffective|p2a: Gholdengo
|-damage|p2a: Gholdengo|0 fnt
|faint|p2a: Gholdengo
|
|upkeep
|
|t:|1758952622
|switch|p2a: Samurott|Samurott-Hisui, M|100/100
|turn|21
|
|t:|1758952640
|move|p2a: Samurott|Ceaseless Edge|p1a: Meloetta
|-supereffective|p1a: Meloetta
|-damage|p1a: Meloetta|0 fnt
|-sidestart|p1: you should now|Spikes
|faint|p1a: Meloetta
|
|upkeep
|inactive|you should now has 120 seconds left.
|
|t:|1758952668
|switch|p1a: Iron Moth|Iron Moth|100/100
|-damage|p1a: Iron Moth|88/100|[from] Spikes
|turn|22
|
|t:|1758952673
|switch|p2a: Glimmora|Glimmora, M|100/100
|move|p1a: Iron Moth|Energy Ball|p2a: Glimmora
|-damage|p2a: Glimmora|41/100
|-enditem|p2a: Glimmora|Red Card|[of] p1a: Iron Moth
|-end|p1a: Iron Moth|Quark Drive|[silent]
|drag|p1a: Corviknight|Corviknight, M|61/100
|-ability|p1a: Corviknight|Pressure
|
|upkeep
|turn|23
|inactive|you should now has 120 seconds left.
|
|t:|1758952694
|move|p2a: Glimmora|Stealth Rock|p1a: Corviknight
|-sidestart|p1: you should now|move: Stealth Rock
|move|p1a: Corviknight|U-turn|p2a: Glimmora
|-resisted|p2a: Glimmora
|-damage|p2a: Glimmora|36/100
|-activate|p2a: Glimmora|ability: Toxic Debris
|-sidestart|p1: you should now|move: Toxic Spikes
|
|t:|1758952697
|switch|p1a: Slowking|Slowking-Galar, M|100/100|[from] U-turn
|-sideend|p1: you should now|move: Toxic Spikes|[of] p1a: Slowking
|
|upkeep
|turn|24
|
|t:|1758952704
|move|p2a: Glimmora|Power Gem|p1a: Slowking
|-damage|p1a: Slowking|80/100
|move|p1a: Slowking|Toxic Spikes|p2a: Glimmora
|-sidestart|p2: lzc123456|move: Toxic Spikes
|
|upkeep
|turn|25
|
|t:|1758952711
|switch|p2a: Samurott|Samurott-Hisui, M|100/100
|-status|p2a: Samurott|psn
|switch|p1a: Corviknight|Corviknight, M|61/100
|-damage|p1a: Corviknight|49/100|[from] Stealth Rock
|-ability|p1a: Corviknight|Pressure
|
|-damage|p2a: Samurott|88/100 psn|[from] psn
|upkeep
|turn|26
|
|t:|1758952721
|move|p2a: Samurott|Razor Shell|p1a: Corviknight
|-crit|p1a: Corviknight
|-damage|p1a: Corviknight|5/100
|-damage|p2a: Samurott|72/100 psn|[from] item: Rocky Helmet|[of] p1a: Corviknight
|move|p1a: Corviknight|Roost|p1a: Corviknight
|-heal|p1a: Corviknight|55/100
|-singleturn|p1a: Corviknight|move: Roost
|
|-damage|p2a: Samurott|59/100 psn|[from] psn
|upkeep
|turn|27
|-message|lzc123456 forfeited.
|
|win|you should now
|raw|you should now's rating: 1456 &rarr; <strong>1475</strong><br />(+19 for winning)
|raw|lzc123456's rating: 1441 &rarr; <strong>1422</strong><br />(-19 for losing)
|l|☆lzc123456
|player|p2|
|l|☆you should now
|player|p1|
