|j|☆freakoffweeb
|j|☆jarrodbennett
|t:|1758996435
|gametype|singles
|player|p1|freakoffweeb|170|1488
|player|p2|jarrodbennett|265|1537
|gen|9
|tier|[Gen 9] OU
|rated|
|rule|HP Percentage Mod: HP is shown in percentages
|rule|Endless Battle Clause: Forcing endless battles is banned
|rule|Species Clause: Limit one of each Pokémon
|rule|OHKO Clause: OHKO moves are banned
|rule|Evasion Items Clause: Evasion items are banned
|rule|Evasion Moves Clause: Evasion moves are banned
|rule|Evasion Abilities Clause: Evasion abilities are banned
|rule|Sleep Moves Clause: Sleep-inducing moves are banned
|clearpoke
|poke|p1|Rillaboom, M|
|poke|p1|Dragapult, F|
|poke|p1|Tyranitar, M|
|poke|p1|Moltres|
|poke|p1|Great Tusk|
|poke|p1|Slowking-Galar, M|
|poke|p2|Ribombee, M|
|poke|p2|Cinderace, M|
|poke|p2|Serperior, F|
|poke|p2|Hitmonlee, M|
|poke|p2|Empoleon, F|
|poke|p2|Kingambit, M|
|teampreview
|inactive|Battle timer is ON: inactive players will automatically lose when time's up. (requested by freakoffweeb)
|
|t:|1758996438
|teamsize|p1|6
|teamsize|p2|6
|start
|switch|p1a: Slowking|Slowking-Galar, M|100/100
|switch|p2a: Ya Like Jazz?|Ribombee, M|100/100
|turn|1
|
|t:|1758996449
|move|p2a: Ya Like Jazz?|Sticky Web|p1a: Slowking
|-sidestart|p1: freakoffweeb|move: Sticky Web
|move|p1a: Slowking|Future Sight|p2a: Ya Like Jazz?
|-start|p1a: Slowking|move: Future Sight
|
|upkeep
|turn|2
|
|t:|1758996453
|move|p2a: Ya Like Jazz?|Struggle Bug|p1a: Slowking
|-damage|p1a: Slowking|88/100
|-unboost|p1a: Slowking|spa|1
|move|p1a: Slowking|Sludge Bomb|p2a: Ya Like Jazz?
|-supereffective|p2a: Ya Like Jazz?
|-damage|p2a: Ya Like Jazz?|19/100
|
|-heal|p1a: Slowking|94/100|[from] item: Black Sludge
|upkeep
|turn|3
|
|t:|1758996478
|switch|p2a: What's Up Doc?|Cinderace, M|100/100
|-prepare|p1a: Slowking|Chilly Reception|[premajor]
|move|p1a: Slowking|Chilly Reception|p1a: Slowking
|-weather|Snowscape
|
|t:|1758996491
|switch|p1a: Dragapult|Dragapult, F, shiny|100/100|[from] Chilly Reception
|
|-weather|Snowscape|[upkeep]
|-end|p2a: What's Up Doc?|move: Future Sight
|-damage|p2a: What's Up Doc?|38/100
|upkeep
|turn|4
|
|t:|1758996499
|move|p1a: Dragapult|Draco Meteor|p2a: What's Up Doc?|[miss]
|-miss|p1a: Dragapult|p2a: What's Up Doc?
|move|p2a: What's Up Doc?|Court Change|p2a: What's Up Doc?
|-start|p2a: What's Up Doc?|typechange|Normal|[from] ability: Libero
|-swapsideconditions
|-activate|p2a: What's Up Doc?|move: Court Change
|
|-weather|Snowscape|[upkeep]
|upkeep
|turn|5
|
|t:|1758996509
|switch|p2a: Ya Like Jazz?|Ribombee, M|19/100
|-activate|p2a: Ya Like Jazz?|move: Sticky Web
|-unboost|p2a: Ya Like Jazz?|spe|1
|move|p1a: Dragapult|Thunder Wave|p2a: Ya Like Jazz?
|-status|p2a: Ya Like Jazz?|par
|
|-weather|Snowscape|[upkeep]
|upkeep
|turn|6
|
|t:|1758996518
|move|p1a: Dragapult|Hex|p2a: Ya Like Jazz?
|-damage|p2a: Ya Like Jazz?|0 fnt
|faint|p2a: Ya Like Jazz?
|
|-weather|Snowscape|[upkeep]
|upkeep
|
|t:|1758996524
|switch|p2a: Taking a Dump|Kingambit, M|100/100
|-activate|p2a: Taking a Dump|move: Sticky Web
|-unboost|p2a: Taking a Dump|spe|1
|-ability|p2a: Taking a Dump|Defiant|boost
|-boost|p2a: Taking a Dump|atk|2
|turn|7
|l|☆freakoffweeb
|inactive|freakoffweeb disconnected and has a minute to reconnect!
|player|p1|
|j|☆freakoffweeb
|inactive|freakoffweeb reconnected and has 145 seconds left.
|player|p1|freakoffweeb|170|
|inactive|freakoffweeb has 120 seconds left.
|
|t:|1758996564
|move|p1a: Dragapult|U-turn|p2a: Taking a Dump
|-damage|p2a: Taking a Dump|88/100
|
|t:|1758996566
|switch|p1a: Moltres|Moltres|100/100|[from] U-turn
|move|p2a: Taking a Dump|Kowtow Cleave|p1a: Moltres
|-damage|p1a: Moltres|30/100
|
|-weather|none
|upkeep
|turn|8
|
|t:|1758996575
|move|p1a: Moltres|Roost|p1a: Moltres
|-heal|p1a: Moltres|80/100
|-singleturn|p1a: Moltres|move: Roost
|move|p2a: Taking a Dump|Kowtow Cleave|p1a: Moltres
|-damage|p1a: Moltres|8/100
|-status|p2a: Taking a Dump|brn|[from] ability: Flame Body|[of] p1a: Moltres
|-enditem|p2a: Taking a Dump|Lum Berry|[eat]
|-curestatus|p2a: Taking a Dump|brn|[msg]
|
|upkeep
|turn|9
|
|t:|1758996586
|move|p1a: Moltres|Flamethrower|p2a: Taking a Dump
|-supereffective|p2a: Taking a Dump
|-damage|p2a: Taking a Dump|12/100
|move|p2a: Taking a Dump|Kowtow Cleave|p1a: Moltres
|-crit|p1a: Moltres
|-damage|p1a: Moltres|0 fnt
|faint|p1a: Moltres
|
|upkeep
|inactive|freakoffweeb has 120 seconds left.
|
|t:|1758996604
|switch|p1a: Rillaboom|Rillaboom, M|100/100
|-fieldstart|move: Grassy Terrain|[from] ability: Grassy Surge|[of] p1a: Rillaboom
|turn|10
|inactive|freakoffweeb has 120 seconds left.
|
|t:|1758996609
|switch|p2a: What's Up Doc?|Cinderace, M|38/100
|move|p1a: Rillaboom|Grassy Glide|p2a: What's Up Doc?
|-resisted|p2a: What's Up Doc?
|-damage|p2a: What's Up Doc?|8/100
|
|-heal|p2a: What's Up Doc?|14/100|[from] Grassy Terrain
|upkeep
|turn|11
|
|t:|1758996618
|move|p1a: Rillaboom|Grassy Glide|p2a: What's Up Doc?
|-resisted|p2a: What's Up Doc?
|-damage|p2a: What's Up Doc?|0 fnt
|faint|p2a: What's Up Doc?
|
|upkeep
|
|t:|1758996626
|switch|p2a: Slytherin|Serperior, F|100/100
|-activate|p2a: Slytherin|move: Sticky Web
|-boost|p2a: Slytherin|spe|1
|turn|12
|
|t:|1758996630
|move|p2a: Slytherin|Leaf Storm|p1a: Rillaboom
|-resisted|p1a: Rillaboom
|-damage|p1a: Rillaboom|67/100
|-boost|p2a: Slytherin|spa|2
|move|p1a: Rillaboom|Knock Off|p2a: Slytherin
|-damage|p2a: Slytherin|59/100
|-enditem|p2a: Slytherin|Wide Lens|[from] move: Knock Off|[of] p1a: Rillaboom
|
|-heal|p2a: Slytherin|65/100|[from] Grassy Terrain
|-heal|p1a: Rillaboom|73/100|[from] Grassy Terrain
|-heal|p1a: Rillaboom|79/100|[from] item: Leftovers
|upkeep
|turn|13
|
|t:|1758996644
|switch|p1a: Slowking|Slowking-Galar, M|100/100
|move|p2a: Slytherin|Leaf Storm|p1a: Slowking
|-resisted|p1a: Slowking
|-damage|p1a: Slowking|63/100
|-boost|p2a: Slytherin|spa|2
|
|-heal|p2a: Slytherin|71/100|[from] Grassy Terrain
|-heal|p1a: Slowking|69/100|[from] Grassy Terrain
|-heal|p1a: Slowking|75/100|[from] item: Black Sludge
|upkeep
|turn|14
|
|t:|1758996655
|switch|p2a: Taking a Dump|Kingambit, M|12/100
|-activate|p2a: Taking a Dump|move: Sticky Web
|-unboost|p2a: Taking a Dump|spe|1
|-ability|p2a: Taking a Dump|Defiant|boost
|-boost|p2a: Taking a Dump|atk|2
|move|p1a: Slowking|Sludge Bomb|p2a: Taking a Dump
|-immune|p2a: Taking a Dump
|
|-heal|p2a: Taking a Dump|18/100|[from] Grassy Terrain
|-heal|p1a: Slowking|81/100|[from] Grassy Terrain
|-heal|p1a: Slowking|88/100|[from] item: Black Sludge
|-fieldend|move: Grassy Terrain
|upkeep
|turn|15
|
|t:|1758996668
|switch|p1a: Great Tusk|Great Tusk|100/100
|move|p2a: Taking a Dump|Iron Head|p1a: Great Tusk
|-damage|p1a: Great Tusk|37/100
|
|upkeep
|turn|16
|
|t:|1758996675
|move|p2a: Taking a Dump|Sucker Punch||[still]
|-fail|p2a: Taking a Dump
|move|p1a: Great Tusk|Stealth Rock|p2a: Taking a Dump
|-sidestart|p2: jarrodbennett|move: Stealth Rock
|
|upkeep
|turn|17
|
|t:|1758996681
|move|p1a: Great Tusk|Headlong Rush|p2a: Taking a Dump
|-supereffective|p2a: Taking a Dump
|-damage|p2a: Taking a Dump|0 fnt
|-unboost|p1a: Great Tusk|def|1
|-unboost|p1a: Great Tusk|spd|1
|faint|p2a: Taking a Dump
|
|upkeep
|
|t:|1758996692
|switch|p2a: Slytherin|Serperior, F|71/100
|-activate|p2a: Slytherin|move: Sticky Web
|-boost|p2a: Slytherin|spe|1
|-damage|p2a: Slytherin|59/100|[from] Stealth Rock
|turn|18
|
|t:|1758996698
|move|p2a: Slytherin|Leaf Storm|p1a: Great Tusk
|-supereffective|p1a: Great Tusk
|-damage|p1a: Great Tusk|0 fnt
|-boost|p2a: Slytherin|spa|2
|faint|p1a: Great Tusk
|-end|p1a: Great Tusk|Protosynthesis|[silent]
|
|upkeep
|
|t:|1758996705
|switch|p1a: Dragapult|Dragapult, F, shiny|100/100
|turn|19
|
|t:|1758996708
|move|p2a: Slytherin|Leaf Storm|p1a: Dragapult
|-resisted|p1a: Dragapult
|-damage|p1a: Dragapult|42/100
|-boost|p2a: Slytherin|spa|2
|move|p1a: Dragapult|Thunder Wave|p2a: Slytherin
|-status|p2a: Slytherin|par
|
|upkeep
|turn|20
|
|t:|1758996716
|move|p1a: Dragapult|U-turn|p2a: Slytherin
|-supereffective|p2a: Slytherin
|-damage|p2a: Slytherin|18/100 par
|
|t:|1758996719
|switch|p1a: Slowking|Slowking-Galar, M|100/100|[from] U-turn
|move|p2a: Slytherin|Leaf Storm|p1a: Slowking
|-resisted|p1a: Slowking
|-damage|p1a: Slowking|61/100
|-boost|p2a: Slytherin|spa|2
|
|-heal|p1a: Slowking|68/100|[from] item: Black Sludge
|upkeep
|turn|21
|
|t:|1758996729
|cant|p2a: Slytherin|par
|move|p1a: Slowking|Sludge Bomb|p2a: Slytherin
|-supereffective|p2a: Slytherin
|-damage|p2a: Slytherin|0 fnt
|faint|p2a: Slytherin
|
|-heal|p1a: Slowking|74/100|[from] item: Black Sludge
|upkeep
|
|t:|1758996738
|switch|p2a: Kickin' Nugget|Hitmonlee, M|100/100
|-activate|p2a: Kickin' Nugget|move: Sticky Web
|-unboost|p2a: Kickin' Nugget|spe|1
|-damage|p2a: Kickin' Nugget|94/100|[from] Stealth Rock
|-enditem|p2a: Kickin' Nugget|White Herb
|-clearnegativeboost|p2a: Kickin' Nugget|[silent]
|turn|22
|
|t:|1758996749
|move|p2a: Kickin' Nugget|Swords Dance|p2a: Kickin' Nugget
|-boost|p2a: Kickin' Nugget|atk|2
|move|p1a: Slowking|Trick|p2a: Kickin' Nugget
|-activate|p1a: Slowking|move: Trick|[of] p2a: Kickin' Nugget
|-item|p2a: Kickin' Nugget|Black Sludge|[from] move: Trick
|-enditem|p1a: Slowking|Black Sludge|[silent]|[from] move: Trick
|
|-damage|p2a: Kickin' Nugget|82/100|[from] item: Black Sludge
|upkeep
|turn|23
|
|t:|1758996761
|switch|p1a: SHIN|Tyranitar, M, shiny|100/100
|-weather|Sandstorm|[from] ability: Sand Stream|[of] p1a: SHIN
|move|p2a: Kickin' Nugget|Knock Off|p1a: SHIN
|-resisted|p1a: SHIN
|-damage|p1a: SHIN|70/100
|-enditem|p1a: SHIN|Choice Band|[from] move: Knock Off|[of] p2a: Kickin' Nugget
|
|-weather|Sandstorm|[upkeep]
|-damage|p2a: Kickin' Nugget|76/100|[from] Sandstorm
|-damage|p2a: Kickin' Nugget|63/100|[from] item: Black Sludge
|upkeep
|turn|24
|
|t:|1758996773
|switch|p1a: Slowking|Slowking-Galar, M|100/100
|move|p2a: Kickin' Nugget|Close Combat|p1a: Slowking
|-resisted|p1a: Slowking
|-damage|p1a: Slowking|67/100
|-unboost|p2a: Kickin' Nugget|def|1
|-unboost|p2a: Kickin' Nugget|spd|1
|
|-weather|Sandstorm|[upkeep]
|-damage|p2a: Kickin' Nugget|57/100|[from] Sandstorm
|-damage|p1a: Slowking|61/100|[from] Sandstorm
|-damage|p2a: Kickin' Nugget|44/100|[from] item: Black Sludge
|upkeep
|turn|25
|
|t:|1758996785
|move|p2a: Kickin' Nugget|Knock Off|p1a: Slowking
|-supereffective|p1a: Slowking
|-damage|p1a: Slowking|0 fnt
|faint|p1a: Slowking
|
|-weather|Sandstorm|[upkeep]
|-damage|p2a: Kickin' Nugget|38/100|[from] Sandstorm
|-damage|p2a: Kickin' Nugget|26/100|[from] item: Black Sludge
|upkeep
|
|t:|1758996792
|switch|p1a: Rillaboom|Rillaboom, M|79/100
|-fieldstart|move: Grassy Terrain|[from] ability: Grassy Surge|[of] p1a: Rillaboom
|turn|26
|
|t:|1758996799
|-terastallize|p2a: Kickin' Nugget|Fighting
|move|p2a: Kickin' Nugget|Upper Hand|p1a: Rillaboom
|-damage|p1a: Rillaboom|0 fnt
|faint|p1a: Rillaboom
|
|-weather|Sandstorm|[upkeep]
|-damage|p2a: Kickin' Nugget|20/100|[from] Sandstorm
|-heal|p2a: Kickin' Nugget|26/100|[from] Grassy Terrain
|-damage|p2a: Kickin' Nugget|13/100|[from] item: Black Sludge
|upkeep
|
|t:|1758996809
|switch|p1a: Dragapult|Dragapult, F, shiny|42/100
|turn|27
|
|t:|1758996813
|move|p1a: Dragapult|Hex|p2a: Kickin' Nugget
|-damage|p2a: Kickin' Nugget|0 fnt
|faint|p2a: Kickin' Nugget
|
|-weather|none
|-heal|p1a: Dragapult|48/100|[from] Grassy Terrain
|upkeep
|
|t:|1758996820
|switch|p2a: Big Z|Empoleon, F|100/100
|-activate|p2a: Big Z|move: Sticky Web
|-unboost|p2a: Big Z|spe|1
|-ability|p2a: Big Z|Competitive|boost
|-boost|p2a: Big Z|spa|2
|-damage|p2a: Big Z|94/100|[from] Stealth Rock
|turn|28
|
|t:|1758996829
|move|p1a: Dragapult|Thunder Wave|p2a: Big Z
|-status|p2a: Big Z|par
|move|p2a: Big Z|Flash Cannon|p1a: Dragapult
|-damage|p1a: Dragapult|0 fnt
|faint|p1a: Dragapult
|
|-heal|p2a: Big Z|100/100 par|[from] Grassy Terrain
|upkeep
|
|t:|1758996834
|switch|p1a: SHIN|Tyranitar, M, shiny|70/100
|-weather|Sandstorm|[from] ability: Sand Stream|[of] p1a: SHIN
|turn|29
|
|t:|1758996842
|-terastallize|p1a: SHIN|Fighting
|cant|p2a: Big Z|par
|move|p1a: SHIN|Low Kick|p2a: Big Z
|-supereffective|p2a: Big Z
|-damage|p2a: Big Z|6/100 par
|
|-weather|Sandstorm|[upkeep]
|-damage|p1a: SHIN|64/100|[from] Sandstorm
|-heal|p1a: SHIN|70/100|[from] Grassy Terrain
|-heal|p2a: Big Z|13/100 par|[from] Grassy Terrain
|upkeep
|turn|30
|
|t:|1758996853
|move|p2a: Big Z|Vacuum Wave|p1a: SHIN
|-damage|p1a: SHIN|42/100
|move|p1a: SHIN|Knock Off|p2a: Big Z
|-damage|p2a: Big Z|0 fnt
|-enditem|p2a: Big Z|Assault Vest|[from] move: Knock Off|[of] p1a: SHIN
|faint|p2a: Big Z
|
|win|freakoffweeb
|raw|freakoffweeb's rating: 1488 &rarr; <strong>1511</strong><br />(+23 for winning)
|raw|jarrodbennett's rating: 1537 &rarr; <strong>1514</strong><br />(-23 for losing)
|l|☆jarrodbennett
|player|p2|
|l|☆freakoffweeb
|player|p1|
