|badge|p2|bronze|gen9ou|100-6
|html|<div class="broadcast-red"><strong>This battle is required to be public due to one or more player having a season medal.</strong><br />During the public phase, you can discuss the state of the ladder <a href="/seasondiscussion">in a special chatroom.</a></div>
|uhtml|medal-msg|<div class="broadcast-blue">Curious what those medals under the avatar are? PS now has Ladder Seasons! For more information, check out the <a href="https://www.smogon.com/forums/threads/3740067/">thread on Smogon.</a></div>
|raw|<div class="broadcast-blue"><strong>This battle is required to be public due to a player having a name starting with 'medal'.</div>
|j|☆Swagataka
|j|☆ouwwwa
|t:|1758967104
|gametype|singles
|player|p1|Swagataka|byron|1701
|player|p2|ouwwwa|cyclist-gen4|1854
|gen|9
|tier|[Gen 9] OU
|rated|
|rule|HP Percentage Mod: HP is shown in percentages
|rule|Endless Battle Clause: Forcing endless battles is banned
|rule|Species Clause: Limit one of each Pokémon
|rule|OHKO Clause: OHKO moves are banned
|rule|Evasion Items Clause: Evasion items are banned
|rule|Evasion Moves Clause: Evasion moves are banned
|rule|Evasion Abilities Clause: Evasion abilities are banned
|rule|Sleep Moves Clause: Sleep-inducing moves are banned
|clearpoke
|poke|p1|Quaquaval, M|
|poke|p1|Pecharunt|
|poke|p1|Great Tusk|
|poke|p1|Iron Crown|
|poke|p1|Lokix, M|
|poke|p1|Kingambit, F|
|poke|p2|Iron Valiant|
|poke|p2|Ting-Lu|
|poke|p2|Moltres|
|poke|p2|Gliscor, F|
|poke|p2|Gholdengo|
|poke|p2|Dragonite, M|
|teampreview
|inactive|Battle timer is ON: inactive players will automatically lose when time's up. (requested by ouwwwa)
|inactive|Swagataka has 120 seconds left.
|inactive|ouwwwa has 120 seconds left.
|j| cryyysneasel
|inactive|Swagataka has 90 seconds left.
|
|t:|1758967173
|teamsize|p1|6
|teamsize|p2|6
|start
|switch|p1a: Irönhead|Kingambit, F|100/100
|switch|p2a: Dragonite|Dragonite, M|100/100
|-item|p1a: Irönhead|Air Balloon
|turn|1
|j| larp legion
|
|t:|1758967185
|switch|p1a: Apacherunt|Pecharunt|100/100
|move|p2a: Dragonite|Dragon Tail|p1a: Apacherunt
|-damage|p1a: Apacherunt|83/100
|drag|p1a: Knoc Party|Lokix, M|100/100
|
|upkeep
|turn|2
|
|t:|1758967199
|switch|p1a: Apacherunt|Pecharunt|83/100
|switch|p2a: Moltres|Moltres|100/100
|
|upkeep
|turn|3
|
|t:|1758967204
|switch|p2a: Gliscor|Gliscor, F|100/100
|move|p1a: Apacherunt|Toxic|p2a: Gliscor
|-status|p2a: Gliscor|tox
|-start|p2a: Gliscor|confusion|[from] ability: Poison Puppeteer|[of] p1a: Apacherunt
|
|upkeep
|turn|4
|
|t:|1758967209
|-activate|p2a: Gliscor|confusion
|-damage|p2a: Gliscor|93/100 tox|[from] confusion
|move|p1a: Apacherunt|Parting Shot|p2a: Gliscor
|-unboost|p2a: Gliscor|atk|1
|-unboost|p2a: Gliscor|spa|1
|inactive|Swagataka has 120 seconds left.
|
|t:|1758967244
|switch|p1a: System Of A Crown|Iron Crown|100/100|[from] Parting Shot
|
|-heal|p2a: Gliscor|100/100 tox|[from] ability: Poison Heal
|upkeep
|turn|5
|
|t:|1758967249
|switch|p2a: Ting-Lu|Ting-Lu|100/100
|-ability|p2a: Ting-Lu|Vessel of Ruin
|move|p1a: System Of A Crown|Tachyon Cutter|p2a: Ting-Lu
|-damage|p2a: Ting-Lu|86/100
|-damage|p2a: Ting-Lu|69/100
|-hitcount|p2a: Ting-Lu|2
|-enditem|p2a: Ting-Lu|Red Card|[of] p1a: System Of A Crown
|-end|p1a: System Of A Crown|Quark Drive|[silent]
|drag|p1a: Apacherunt|Pecharunt|83/100
|
|upkeep
|turn|6
|
|t:|1758967256
|switch|p2a: Gliscor|Gliscor, F|100/100 tox
|move|p1a: Apacherunt|Toxic|p2a: Gliscor
|-fail|p2a: Gliscor|tox
|
|upkeep
|turn|7
|
|t:|1758967258
|move|p2a: Gliscor|Earthquake|p1a: Apacherunt
|-supereffective|p1a: Apacherunt
|-damage|p1a: Apacherunt|51/100
|move|p1a: Apacherunt|Parting Shot|p2a: Gliscor
|-unboost|p2a: Gliscor|atk|1
|-unboost|p2a: Gliscor|spa|1
|
|t:|1758967261
|switch|p1a: System Of A Crown|Iron Crown|100/100|[from] Parting Shot
|
|upkeep
|turn|8
|
|t:|1758967264
|move|p2a: Gliscor|Protect|p2a: Gliscor
|-singleturn|p2a: Gliscor|Protect
|move|p1a: System Of A Crown|Tachyon Cutter|p2a: Gliscor
|-activate|p2a: Gliscor|move: Protect
|
|upkeep
|turn|9
|
|t:|1758967275
|switch|p2a: Moltres|Moltres|100/100
|move|p1a: System Of A Crown|Tachyon Cutter|p2a: Moltres
|-resisted|p2a: Moltres
|-damage|p2a: Moltres|83/100
|-resisted|p2a: Moltres
|-damage|p2a: Moltres|63/100
|-hitcount|p2a: Moltres|2
|
|upkeep
|turn|10
|
|t:|1758967303
|-end|p1a: System Of A Crown|Quark Drive|[silent]
|switch|p1a: Quack Sabbath|Quaquaval, M|100/100
|move|p2a: Moltres|Roost|p2a: Moltres
|-heal|p2a: Moltres|100/100
|-singleturn|p2a: Moltres|move: Roost
|
|upkeep
|turn|11
|
|t:|1758967307
|switch|p2a: Dragonite|Dragonite, M|100/100
|move|p1a: Quack Sabbath|Encore||[still]
|-fail|p1a: Quack Sabbath
|
|upkeep
|turn|12
|
|t:|1758967321
|switch|p1a: Irönhead|Kingambit, F|100/100
|-item|p1a: Irönhead|Air Balloon
|move|p2a: Dragonite|Dragon Tail|p1a: Irönhead
|-resisted|p1a: Irönhead
|-damage|p1a: Irönhead|86/100
|-enditem|p1a: Irönhead|Air Balloon
|drag|p1a: Quack Sabbath|Quaquaval, M|100/100
|
|upkeep
|turn|13
|
|t:|1758967332
|move|p1a: Quack Sabbath|Aqua Step|p2a: Dragonite
|-resisted|p2a: Dragonite
|-damage|p2a: Dragonite|92/100
|-boost|p1a: Quack Sabbath|spe|1
|move|p2a: Dragonite|Dragon Tail|p1a: Quack Sabbath
|-damage|p1a: Quack Sabbath|64/100
|drag|p1a: Apacherunt|Pecharunt|51/100
|
|upkeep
|turn|14
|
|t:|1758967342
|switch|p2a: Gholdengo|Gholdengo|100/100
|move|p1a: Apacherunt|Recover|p1a: Apacherunt
|-heal|p1a: Apacherunt|100/100
|
|upkeep
|turn|15
|j| wgw2333
|
|t:|1758967349
|switch|p1a: Irönhead|Kingambit, F|86/100
|move|p2a: Gholdengo|Make It Rain|p1a: Irönhead
|-resisted|p1a: Irönhead
|-damage|p1a: Irönhead|40/100
|-unboost|p2a: Gholdengo|spa|1
|
|upkeep
|turn|16
|
|t:|1758967354
|switch|p2a: Moltres|Moltres|100/100
|move|p1a: Irönhead|Stealth Rock|p2a: Moltres
|-sidestart|p2: ouwwwa|move: Stealth Rock
|
|upkeep
|turn|17
|
|t:|1758967370
|switch|p1a: Quack Sabbath|Quaquaval, M|64/100
|move|p2a: Moltres|Will-O-Wisp|p1a: Quack Sabbath
|-status|p1a: Quack Sabbath|brn
|
|-heal|p1a: Quack Sabbath|71/100 brn|[from] item: Leftovers
|-damage|p1a: Quack Sabbath|64/100 brn|[from] brn
|upkeep
|turn|18
|
|t:|1758967376
|switch|p2a: Gliscor|Gliscor, F|100/100 tox
|-damage|p2a: Gliscor|88/100 tox|[from] Stealth Rock
|move|p1a: Quack Sabbath|Aqua Step|p2a: Gliscor
|-supereffective|p2a: Gliscor
|-damage|p2a: Gliscor|59/100 tox
|-boost|p1a: Quack Sabbath|spe|1
|
|-heal|p1a: Quack Sabbath|71/100 brn|[from] item: Leftovers
|-heal|p2a: Gliscor|72/100 tox|[from] ability: Poison Heal
|-damage|p1a: Quack Sabbath|64/100 brn|[from] brn
|upkeep
|turn|19
|j| Rizzofreko
|
|t:|1758967380
|move|p2a: Gliscor|Protect|p2a: Gliscor
|-singleturn|p2a: Gliscor|Protect
|move|p1a: Quack Sabbath|Bulk Up|p1a: Quack Sabbath
|-boost|p1a: Quack Sabbath|atk|1
|-boost|p1a: Quack Sabbath|def|1
|
|-heal|p1a: Quack Sabbath|71/100 brn|[from] item: Leftovers
|-heal|p2a: Gliscor|84/100 tox|[from] ability: Poison Heal
|-damage|p1a: Quack Sabbath|64/100 brn|[from] brn
|upkeep
|turn|20
|
|t:|1758967385
|switch|p2a: Dragonite|Dragonite, M|92/100
|move|p1a: Quack Sabbath|Aqua Step|p2a: Dragonite
|-resisted|p2a: Dragonite
|-damage|p2a: Dragonite|80/100
|-boost|p1a: Quack Sabbath|spe|1
|
|-heal|p1a: Quack Sabbath|71/100 brn|[from] item: Leftovers
|-damage|p1a: Quack Sabbath|64/100 brn|[from] brn
|upkeep
|turn|21
|
|t:|1758967389
|move|p1a: Quack Sabbath|Aqua Step|p2a: Dragonite
|-resisted|p2a: Dragonite
|-damage|p2a: Dragonite|67/100
|-boost|p1a: Quack Sabbath|spe|1
|move|p2a: Dragonite|Roost|p2a: Dragonite
|-heal|p2a: Dragonite|100/100
|-singleturn|p2a: Dragonite|move: Roost
|
|-heal|p1a: Quack Sabbath|71/100 brn|[from] item: Leftovers
|-damage|p1a: Quack Sabbath|64/100 brn|[from] brn
|upkeep
|turn|22
|
|t:|1758967392
|move|p2a: Dragonite|Extreme Speed|p1a: Quack Sabbath
|-damage|p1a: Quack Sabbath|41/100 brn
|move|p1a: Quack Sabbath|Encore|p2a: Dragonite
|-start|p2a: Dragonite|Encore
|
|-heal|p1a: Quack Sabbath|47/100 brn|[from] item: Leftovers
|-damage|p1a: Quack Sabbath|41/100 brn|[from] brn
|upkeep
|turn|23
|l| larp legion
|
|t:|1758967398
|switch|p1a: System Of A Crown|Iron Crown|100/100
|move|p2a: Dragonite|Extreme Speed|p1a: System Of A Crown
|-resisted|p1a: System Of A Crown
|-damage|p1a: System Of A Crown|83/100
|
|upkeep
|turn|24
|
|t:|1758967404
|switch|p2a: Gholdengo|Gholdengo|100/100
|-damage|p2a: Gholdengo|94/100|[from] Stealth Rock
|move|p1a: System Of A Crown|Tachyon Cutter|p2a: Gholdengo
|-resisted|p2a: Gholdengo
|-damage|p2a: Gholdengo|75/100
|-resisted|p2a: Gholdengo
|-damage|p2a: Gholdengo|56/100
|-hitcount|p2a: Gholdengo|2
|
|upkeep
|turn|25
|
|t:|1758967421
|-end|p1a: System Of A Crown|Quark Drive|[silent]
|switch|p1a: Irönhead|Kingambit, F|40/100
|move|p2a: Gholdengo|Recover|p2a: Gholdengo
|-heal|p2a: Gholdengo|100/100
|
|upkeep
|turn|26
|
|t:|1758967431
|switch|p2a: Moltres|Moltres|100/100
|move|p1a: Irönhead|Thief|p2a: Moltres
|-damage|p2a: Moltres|78/100
|-enditem|p2a: Moltres|Heavy-Duty Boots|[silent]|[from] move: Thief|[of] p1a: Irönhead
|-item|p1a: Irönhead|Heavy-Duty Boots|[from] move: Thief|[of] p2a: Moltres
|
|upkeep
|turn|27
|
|t:|1758967441
|switch|p1a: Quack Sabbath|Quaquaval, M|41/100 brn
|move|p2a: Moltres|Flamethrower|p1a: Quack Sabbath
|-resisted|p1a: Quack Sabbath
|-damage|p1a: Quack Sabbath|19/100 brn
|
|-heal|p1a: Quack Sabbath|25/100 brn|[from] item: Leftovers
|-damage|p1a: Quack Sabbath|19/100 brn|[from] brn
|upkeep
|turn|28
|
|t:|1758967452
|move|p1a: Quack Sabbath|Aqua Step|p2a: Moltres
|-supereffective|p2a: Moltres
|-damage|p2a: Moltres|52/100
|-boost|p1a: Quack Sabbath|spe|1
|move|p2a: Moltres|Roost|p2a: Moltres
|-heal|p2a: Moltres|100/100
|-singleturn|p2a: Moltres|move: Roost
|
|-heal|p1a: Quack Sabbath|25/100 brn|[from] item: Leftovers
|-damage|p1a: Quack Sabbath|19/100 brn|[from] brn
|upkeep
|turn|29
|
|t:|1758967457
|move|p1a: Quack Sabbath|Aqua Step|p2a: Moltres
|-supereffective|p2a: Moltres
|-damage|p2a: Moltres|72/100
|-boost|p1a: Quack Sabbath|spe|1
|move|p2a: Moltres|Flamethrower|p1a: Quack Sabbath
|-resisted|p1a: Quack Sabbath
|-damage|p1a: Quack Sabbath|0 fnt
|faint|p1a: Quack Sabbath
|
|upkeep
|
|t:|1758967463
|switch|p1a: Apacherunt|Pecharunt|100/100
|turn|30
|
|t:|1758967474
|switch|p2a: Gliscor|Gliscor, F|84/100 tox
|-damage|p2a: Gliscor|72/100 tox|[from] Stealth Rock
|move|p1a: Apacherunt|Shadow Ball|p2a: Gliscor
|-damage|p2a: Gliscor|49/100 tox
|-unboost|p2a: Gliscor|spd|1
|
|-heal|p2a: Gliscor|62/100 tox|[from] ability: Poison Heal
|upkeep
|turn|31
|
|t:|1758967481
|move|p2a: Gliscor|Protect|p2a: Gliscor
|-singleturn|p2a: Gliscor|Protect
|move|p1a: Apacherunt|Parting Shot|p2a: Gliscor
|-activate|p2a: Gliscor|move: Protect
|
|-heal|p2a: Gliscor|74/100 tox|[from] ability: Poison Heal
|upkeep
|turn|32
|
|t:|1758967505
|switch|p2a: Gholdengo|Gholdengo|100/100
|-damage|p2a: Gholdengo|94/100|[from] Stealth Rock
|move|p1a: Apacherunt|Shadow Ball|p2a: Gholdengo
|-supereffective|p2a: Gholdengo
|-damage|p2a: Gholdengo|44/100
|
|upkeep
|turn|33
|
|t:|1758967512
|switch|p1a: Irönhead|Kingambit, F|40/100
|move|p2a: Gholdengo|Recover|p2a: Gholdengo
|-heal|p2a: Gholdengo|94/100
|
|upkeep
|turn|34
|
|t:|1758967516
|move|p1a: Irönhead|Sucker Punch|p2a: Gholdengo
|-supereffective|p2a: Gholdengo
|-damage|p2a: Gholdengo|8/100
|move|p2a: Gholdengo|Make It Rain|p1a: Irönhead
|-resisted|p1a: Irönhead
|-damage|p1a: Irönhead|0 fnt
|-unboost|p2a: Gholdengo|spa|1
|faint|p1a: Irönhead
|
|upkeep
|
|t:|1758967522
|switch|p1a: System Of A Crown|Iron Crown|83/100
|turn|35
|l| Rizzofreko
|
|t:|1758967534
|switch|p2a: Ting-Lu|Ting-Lu|69/100
|-damage|p2a: Ting-Lu|63/100|[from] Stealth Rock
|-ability|p2a: Ting-Lu|Vessel of Ruin
|move|p1a: System Of A Crown|Tachyon Cutter|p2a: Ting-Lu
|-damage|p2a: Ting-Lu|46/100
|-damage|p2a: Ting-Lu|31/100
|-hitcount|p2a: Ting-Lu|2
|
|upkeep
|turn|36
|
|t:|1758967549
|-end|p1a: System Of A Crown|Quark Drive|[silent]
|switch|p1a: Steely Don|Great Tusk|100/100
|move|p2a: Ting-Lu|Earthquake|p1a: Steely Don
|-damage|p1a: Steely Don|71/100
|
|upkeep
|turn|37
|
|t:|1758967573
|switch|p2a: Moltres|Moltres|72/100
|-damage|p2a: Moltres|22/100|[from] Stealth Rock
|move|p1a: Steely Don|Ice Spinner|p2a: Moltres
|-damage|p2a: Moltres|4/100
|
|upkeep
|turn|38
|
|t:|1758967580
|move|p1a: Steely Don|Knock Off|p2a: Moltres
|-damage|p2a: Moltres|0 fnt
|faint|p2a: Moltres
|
|upkeep
|
|t:|1758967585
|switch|p2a: Iron Valiant|Iron Valiant|100/100
|turn|39
|
|t:|1758967600
|-end|p2a: Iron Valiant|Quark Drive|[silent]
|switch|p2a: Gholdengo|Gholdengo|8/100
|-damage|p2a: Gholdengo|2/100|[from] Stealth Rock
|move|p1a: Steely Don|Headlong Rush|p2a: Gholdengo
|-supereffective|p2a: Gholdengo
|-damage|p2a: Gholdengo|0 fnt
|-unboost|p1a: Steely Don|def|1
|-unboost|p1a: Steely Don|spd|1
|faint|p2a: Gholdengo
|
|upkeep
|
|t:|1758967606
|switch|p2a: Iron Valiant|Iron Valiant|100/100
|turn|40
|
|t:|1758967608
|-end|p1a: Steely Don|Protosynthesis|[silent]
|switch|p1a: Apacherunt|Pecharunt|100/100
|move|p2a: Iron Valiant|Knock Off|p1a: Apacherunt
|-supereffective|p1a: Apacherunt
|-damage|p1a: Apacherunt|73/100
|-enditem|p1a: Apacherunt|Heavy-Duty Boots|[from] move: Knock Off|[of] p2a: Iron Valiant
|
|upkeep
|turn|41
|
|t:|1758967612
|-end|p2a: Iron Valiant|Quark Drive|[silent]
|switch|p2a: Gliscor|Gliscor, F|74/100 tox
|-damage|p2a: Gliscor|62/100 tox|[from] Stealth Rock
|move|p1a: Apacherunt|Parting Shot|p2a: Gliscor
|-unboost|p2a: Gliscor|atk|1
|-unboost|p2a: Gliscor|spa|1
|
|t:|1758967618
|switch|p1a: System Of A Crown|Iron Crown|83/100|[from] Parting Shot
|
|-heal|p2a: Gliscor|74/100 tox|[from] ability: Poison Heal
|upkeep
|turn|42
|
|t:|1758967622
|move|p2a: Gliscor|Protect|p2a: Gliscor
|-singleturn|p2a: Gliscor|Protect
|move|p1a: System Of A Crown|Tachyon Cutter|p2a: Gliscor
|-activate|p2a: Gliscor|move: Protect
|
|-heal|p2a: Gliscor|87/100 tox|[from] ability: Poison Heal
|upkeep
|turn|43
|j| gunkhuu
|j| larp legion
|
|t:|1758967627
|switch|p2a: Ting-Lu|Ting-Lu|31/100
|-damage|p2a: Ting-Lu|25/100|[from] Stealth Rock
|-ability|p2a: Ting-Lu|Vessel of Ruin
|move|p1a: System Of A Crown|Tachyon Cutter|p2a: Ting-Lu
|-damage|p2a: Ting-Lu|10/100
|-damage|p2a: Ting-Lu|0 fnt
|faint|p2a: Ting-Lu
|-hitcount|p2: Ting-Lu|2
|
|upkeep
|
|t:|1758967637
|switch|p2a: Dragonite|Dragonite, M|100/100
|turn|44
|
|t:|1758967642
|-end|p1a: System Of A Crown|Quark Drive|[silent]
|switch|p1a: Apacherunt|Pecharunt|73/100
|move|p2a: Dragonite|Earthquake|p1a: Apacherunt
|-supereffective|p1a: Apacherunt
|-damage|p1a: Apacherunt|39/100
|
|upkeep
|turn|45
|
|t:|1758967649
|switch|p2a: Gliscor|Gliscor, F|87/100 tox
|-damage|p2a: Gliscor|74/100 tox|[from] Stealth Rock
|move|p1a: Apacherunt|Recover|p1a: Apacherunt
|-heal|p1a: Apacherunt|89/100
|
|-heal|p2a: Gliscor|87/100 tox|[from] ability: Poison Heal
|upkeep
|turn|46
|
|t:|1758967653
|move|p2a: Gliscor|Earthquake|p1a: Apacherunt
|-supereffective|p1a: Apacherunt
|-damage|p1a: Apacherunt|58/100
|move|p1a: Apacherunt|Parting Shot|p2a: Gliscor
|-unboost|p2a: Gliscor|atk|1
|-unboost|p2a: Gliscor|spa|1
|
|t:|1758967662
|switch|p1a: System Of A Crown|Iron Crown|83/100|[from] Parting Shot
|
|-heal|p2a: Gliscor|99/100 tox|[from] ability: Poison Heal
|upkeep
|turn|47
|
|t:|1758967667
|move|p2a: Gliscor|Protect|p2a: Gliscor
|-singleturn|p2a: Gliscor|Protect
|move|p1a: System Of A Crown|Tachyon Cutter|p2a: Gliscor
|-activate|p2a: Gliscor|move: Protect
|
|-heal|p2a: Gliscor|100/100 tox|[from] ability: Poison Heal
|upkeep
|turn|48
|
|t:|1758967683
|switch|p2a: Dragonite|Dragonite, M|100/100
|move|p1a: System Of A Crown|Tachyon Cutter|p2a: Dragonite
|-damage|p2a: Dragonite|83/100
|-crit|p2a: Dragonite
|-damage|p2a: Dragonite|28/100
|-hitcount|p2a: Dragonite|2
|
|upkeep
|turn|49
|
|t:|1758967685
|move|p2a: Dragonite|Extreme Speed|p1a: System Of A Crown
|-resisted|p1a: System Of A Crown
|-damage|p1a: System Of A Crown|66/100
|move|p1a: System Of A Crown|Tachyon Cutter|p2a: Dragonite
|-damage|p2a: Dragonite|0 fnt
|faint|p2a: Dragonite
|-hitcount|p2: Dragonite|1
|
|upkeep
|
|t:|1758967687
|switch|p2a: Iron Valiant|Iron Valiant|100/100
|turn|50
|
|t:|1758967710
|move|p2a: Iron Valiant|Knock Off|p1a: System Of A Crown
|-supereffective|p1a: System Of A Crown
|-damage|p1a: System Of A Crown|1/100
|-enditem|p1a: System Of A Crown|Choice Specs|[from] move: Knock Off|[of] p2a: Iron Valiant
|move|p1a: System Of A Crown|Tachyon Cutter|p2a: Iron Valiant
|-supereffective|p2a: Iron Valiant
|-damage|p2a: Iron Valiant|9/100
|-supereffective|p2a: Iron Valiant
|-damage|p2a: Iron Valiant|0 fnt
|faint|p2a: Iron Valiant
|-end|p2a: Iron Valiant|Quark Drive|[silent]
|-hitcount|p2: Iron Valiant|2
|
|upkeep
|
|t:|1758967716
|switch|p2a: Gliscor|Gliscor, F|100/100 tox
|-damage|p2a: Gliscor|88/100 tox|[from] Stealth Rock
|turn|51
|
|t:|1758967718
|move|p2a: Gliscor|Protect|p2a: Gliscor
|-singleturn|p2a: Gliscor|Protect
|move|p1a: System Of A Crown|Tachyon Cutter|p2a: Gliscor
|-activate|p2a: Gliscor|move: Protect
|
|-heal|p2a: Gliscor|100/100 tox|[from] ability: Poison Heal
|upkeep
|turn|52
|
|t:|1758967726
|move|p1a: System Of A Crown|Tachyon Cutter|p2a: Gliscor
|-damage|p2a: Gliscor|79/100 tox
|-damage|p2a: Gliscor|57/100 tox
|-hitcount|p2a: Gliscor|2
|move|p2a: Gliscor|Swords Dance|p2a: Gliscor
|-boost|p2a: Gliscor|atk|2
|
|-heal|p2a: Gliscor|70/100 tox|[from] ability: Poison Heal
|upkeep
|turn|53
|
|t:|1758967730
|move|p2a: Gliscor|Protect|p2a: Gliscor
|-singleturn|p2a: Gliscor|Protect
|move|p1a: System Of A Crown|Tachyon Cutter|p2a: Gliscor
|-activate|p2a: Gliscor|move: Protect
|
|-heal|p2a: Gliscor|82/100 tox|[from] ability: Poison Heal
|upkeep
|turn|54
|
|t:|1758967748
|-terastallize|p1a: System Of A Crown|Steel
|move|p1a: System Of A Crown|Tachyon Cutter|p2a: Gliscor
|-damage|p2a: Gliscor|50/100 tox
|-damage|p2a: Gliscor|19/100 tox
|-hitcount|p2a: Gliscor|2
|move|p2a: Gliscor|Earthquake|p1a: System Of A Crown
|-supereffective|p1a: System Of A Crown
|-crit|p1a: System Of A Crown
|-damage|p1a: System Of A Crown|0 fnt
|faint|p1a: System Of A Crown
|-end|p1a: System Of A Crown|Quark Drive|[silent]
|
|-heal|p2a: Gliscor|31/100 tox|[from] ability: Poison Heal
|upkeep
|
|t:|1758967753
|switch|p1a: Knoc Party|Lokix, M|100/100
|turn|55
|
|t:|1758967759
|move|p2a: Gliscor|Protect|p2a: Gliscor
|-singleturn|p2a: Gliscor|Protect
|move|p1a: Knoc Party|Leech Life|p2a: Gliscor
|-activate|p2a: Gliscor|move: Protect
|
|-heal|p2a: Gliscor|44/100 tox|[from] ability: Poison Heal
|upkeep
|turn|56
|
|t:|1758967766
|-terastallize|p2a: Gliscor|Normal
|move|p1a: Knoc Party|Sucker Punch|p2a: Gliscor
|-damage|p2a: Gliscor|5/100 tox
|-damage|p1a: Knoc Party|91/100|[from] item: Life Orb
|move|p2a: Gliscor|Facade|p1a: Knoc Party
|-damage|p1a: Knoc Party|0 fnt
|faint|p1a: Knoc Party
|
|-heal|p2a: Gliscor|18/100 tox|[from] ability: Poison Heal
|upkeep
|
|t:|1758967771
|switch|p1a: Steely Don|Great Tusk|71/100
|turn|57
|
|t:|1758967773
|move|p2a: Gliscor|Protect|p2a: Gliscor
|-singleturn|p2a: Gliscor|Protect
|move|p1a: Steely Don|Headlong Rush|p2a: Gliscor
|-activate|p2a: Gliscor|move: Protect
|
|-heal|p2a: Gliscor|30/100 tox|[from] ability: Poison Heal
|upkeep
|turn|58
|
|t:|1758967776
|move|p1a: Steely Don|Headlong Rush|p2a: Gliscor
|-damage|p2a: Gliscor|0 fnt
|-unboost|p1a: Steely Don|def|1
|-unboost|p1a: Steely Don|spd|1
|faint|p2a: Gliscor
|
|win|Swagataka
|raw|Swagataka's rating: 1701 &rarr; <strong>1729</strong><br />(+28 for winning)
|raw|ouwwwa's rating: 1854 &rarr; <strong>1826</strong><br />(-28 for losing)
|l|☆Swagataka
|player|p1|
|l| cryyysneasel
|l| gunkhuu
|l| wgw2333
