|j|☆TheonReekGreyjoy
|j|☆Danxsh17
|t:|1759047177
|gametype|singles
|player|p1|TheonReekGreyjoy|170|1581
|player|p2|Danxsh17|blue|1632
|gen|9
|tier|[Gen 9] OU
|rated|
|rule|HP Percentage Mod: HP is shown in percentages
|rule|Endless Battle Clause: Forcing endless battles is banned
|rule|Species Clause: Limit one of each Pokémon
|rule|OHKO Clause: OHKO moves are banned
|rule|Evasion Items Clause: Evasion items are banned
|rule|Evasion Moves Clause: Evasion moves are banned
|rule|Evasion Abilities Clause: Evasion abilities are banned
|rule|Sleep Moves Clause: Sleep-inducing moves are banned
|clearpoke
|poke|p1|Rotom-Wash|
|poke|p1|Pecharunt|
|poke|p1|Garchomp, F|
|poke|p1|Kingambit, F|
|poke|p1|Excadrill, F|
|poke|p1|Tyranitar, F|
|poke|p2|Glimmora, M|
|poke|p2|Ogerpon-Wellspring, F|
|poke|p2|Dragapult, F|
|poke|p2|Kingambit, M|
|poke|p2|Landorus-Therian, M|
|poke|p2|Greninja-*, M|
|teampreview
|inactive|Battle timer is ON: inactive players will automatically lose when time's up. (requested by Danxsh17)
|c|☆Danxsh17|glhf
|inactive|TheonReekGreyjoy has 120 seconds left.
|inactive|TheonReekGreyjoy has 90 seconds left.
|
|t:|1759047246
|teamsize|p1|6
|teamsize|p2|6
|start
|switch|p1a: Tyranitar|Tyranitar, F|100/100
|switch|p2a: Ogerpon|Ogerpon-Wellspring, F|100/100
|-weather|Sandstorm|[from] ability: Sand Stream|[of] p1a: Tyranitar
|turn|1
|
|t:|1759047250
|switch|p1a: Pecharunt|Pecharunt|100/100
|move|p2a: Ogerpon|Ivy Cudgel|p1a: Pecharunt|[anim] Ivy Cudgel Water
|-damage|p1a: Pecharunt|72/100
|
|-weather|Sandstorm|[upkeep]
|-damage|p2a: Ogerpon|95/100|[from] Sandstorm
|-damage|p1a: Pecharunt|66/100|[from] Sandstorm
|upkeep
|turn|2
|
|t:|1759047259
|switch|p2a: Kingambit|Kingambit, M|100/100
|move|p1a: Pecharunt|Parting Shot|p2a: Kingambit
|-unboost|p2a: Kingambit|atk|1
|-unboost|p2a: Kingambit|spa|1
|
|t:|1759047269
|switch|p1a: Rotom|Rotom-Wash|100/100|[from] Parting Shot
|
|-weather|Sandstorm|[upkeep]
|-damage|p1a: Rotom|94/100|[from] Sandstorm
|-heal|p1a: Rotom|100/100|[from] item: Leftovers
|upkeep
|turn|3
|
|t:|1759047275
|-end|p2a: Kingambit|fallenundefined|[silent]
|switch|p2a: Glimmora|Glimmora, M|100/100
|move|p1a: Rotom|Will-O-Wisp|p2a: Glimmora
|-status|p2a: Glimmora|brn
|
|-weather|Sandstorm|[upkeep]
|-damage|p1a: Rotom|94/100|[from] Sandstorm
|-heal|p1a: Rotom|100/100|[from] item: Leftovers
|-damage|p2a: Glimmora|94/100 brn|[from] brn
|upkeep
|turn|4
|
|t:|1759047280
|move|p2a: Glimmora|Meteor Beam||[still]
|-prepare|p2a: Glimmora|Meteor Beam
|-boost|p2a: Glimmora|spa|1
|-enditem|p2a: Glimmora|Power Herb
|-anim|p2a: Glimmora|Meteor Beam|p1a: Rotom
|-damage|p1a: Rotom|0 fnt
|faint|p1a: Rotom
|
|-weather|Sandstorm|[upkeep]
|-damage|p2a: Glimmora|88/100 brn|[from] brn
|upkeep
|
|t:|1759047297
|switch|p1a: Excadrill|Excadrill, F|100/100
|turn|5
|
|t:|1759047320
|switch|p1a: Tyranitar|Tyranitar, F|100/100
|-terastallize|p2a: Glimmora|Ghost
|move|p2a: Glimmora|Earth Power|p1a: Tyranitar
|-supereffective|p1a: Tyranitar
|-damage|p1a: Tyranitar|61/100
|-unboost|p1a: Tyranitar|spd|1
|
|-weather|Sandstorm|[upkeep]
|-damage|p2a: Glimmora|82/100 brn|[from] Sandstorm
|-damage|p2a: Glimmora|76/100 brn|[from] brn
|upkeep
|turn|6
|
|t:|1759047338
|move|p2a: Glimmora|Earth Power|p1a: Tyranitar
|-supereffective|p1a: Tyranitar
|-damage|p1a: Tyranitar|0 fnt
|faint|p1a: Tyranitar
|
|-weather|Sandstorm|[upkeep]
|-damage|p2a: Glimmora|70/100 brn|[from] Sandstorm
|-damage|p2a: Glimmora|63/100 brn|[from] brn
|upkeep
|-message|TheonReekGreyjoy forfeited.
|
|win|Danxsh17
|raw|TheonReekGreyjoy's rating: 1581 &rarr; <strong>1564</strong><br />(-17 for losing)
|raw|Danxsh17's rating: 1632 &rarr; <strong>1649</strong><br />(+17 for winning)
|l|☆TheonReekGreyjoy
|player|p1|
