|j|☆busto2412
|j|☆Blushweaver
|t:|1759011339
|gametype|singles
|player|p1|busto2412|hilbert-wonderlauncher|1435
|player|p2|Blushweaver|fantina|1425
|gen|9
|tier|[Gen 9] OU
|rated|
|rule|HP Percentage Mod: HP is shown in percentages
|rule|Endless Battle Clause: Forcing endless battles is banned
|rule|Species Clause: Limit one of each Pokémon
|rule|OHKO Clause: OHKO moves are banned
|rule|Evasion Items Clause: Evasion items are banned
|rule|Evasion Moves Clause: Evasion moves are banned
|rule|Evasion Abilities Clause: Evasion abilities are banned
|rule|Sleep Moves Clause: Sleep-inducing moves are banned
|clearpoke
|poke|p1|Ursaluna, M|
|poke|p1|Dragapult, M|
|poke|p1|Zamazenta-*|
|poke|p1|Greninja-*, M|
|poke|p1|Zapdos|
|poke|p1|Hoopa-Unbound|
|poke|p2|Slaking, F|
|poke|p2|Samurott-Hisui, F|
|poke|p2|Gholdengo|
|poke|p2|Pecharunt|
|poke|p2|Raging Bolt|
|poke|p2|Landorus-Therian, M|
|teampreview
|
|t:|1759011367
|teamsize|p1|6
|teamsize|p2|6
|start
|switch|p1a: Zapdos|Zapdos, shiny|100/100
|switch|p2a: Landorus|Landorus-Therian, M|100/100
|-ability|p2a: Landorus|Intimidate|boost
|-unboost|p1a: Zapdos|atk|1
|turn|1
|inactive|Battle timer is ON: inactive players will automatically lose when time's up. (requested by Blushweaver)
|
|t:|1759011412
|move|p2a: Landorus|Stealth Rock|p1a: Zapdos
|-sidestart|p1: busto2412|move: Stealth Rock
|move|p1a: Zapdos|Hurricane|p2a: Landorus|[miss]
|-miss|p1a: Zapdos|p2a: Landorus
|
|upkeep
|turn|2
|
|t:|1759011421
|switch|p2a: Raging Bolt|Raging Bolt|100/100
|move|p1a: Zapdos|Hurricane|p2a: Raging Bolt|[miss]
|-miss|p1a: Zapdos|p2a: Raging Bolt
|
|upkeep
|turn|3
|
|t:|1759011427
|switch|p1a: Hoopa|Hoopa-Unbound|100/100
|-damage|p1a: Hoopa|88/100|[from] Stealth Rock
|move|p2a: Raging Bolt|Draco Meteor|p1a: Hoopa
|-damage|p1a: Hoopa|47/100
|-unboost|p2a: Raging Bolt|spa|2
|
|upkeep
|turn|4
|inactive|Blushweaver has 120 seconds left.
|
|t:|1759011479
|-end|p2a: Raging Bolt|Protosynthesis|[silent]
|switch|p2a: Samurott|Samurott-Hisui, F|100/100
|move|p1a: Hoopa|Knock Off|p2a: Samurott
|-resisted|p2a: Samurott
|-damage|p2a: Samurott|68/100
|-enditem|p2a: Samurott|Heavy-Duty Boots|[from] move: Knock Off|[of] p1a: Hoopa
|
|upkeep
|turn|5
|j| Hockeystick7
|inactive|busto2412 has 120 seconds left.
|
|t:|1759011510
|move|p2a: Samurott|Ceaseless Edge|p1a: Hoopa
|-damage|p1a: Hoopa|0 fnt
|-sidestart|p1: busto2412|Spikes
|faint|p1a: Hoopa
|
|upkeep
|inactive|busto2412 has 120 seconds left.
|
|t:|1759011520
|switch|p1a: Zapdos|Zapdos, shiny|100/100
|-damage|p1a: Zapdos|76/100|[from] Stealth Rock
|turn|6
|
|t:|1759011532
|switch|p2a: Raging Bolt|Raging Bolt|100/100
|move|p1a: Zapdos|Discharge|p2a: Raging Bolt
|-resisted|p2a: Raging Bolt
|-damage|p2a: Raging Bolt|93/100
|
|upkeep
|turn|7
|
|t:|1759011541
|switch|p1a: Ursaluna|Ursaluna, M, shiny|100/100
|-damage|p1a: Ursaluna|94/100|[from] Stealth Rock
|-damage|p1a: Ursaluna|82/100|[from] Spikes
|move|p2a: Raging Bolt|Draco Meteor|p1a: Ursaluna
|-damage|p1a: Ursaluna|6/100
|-unboost|p2a: Raging Bolt|spa|2
|
|-status|p1a: Ursaluna|brn|[from] item: Flame Orb
|upkeep
|turn|8
|inactive|Blushweaver has 120 seconds left.
|
|t:|1759011560
|-end|p2a: Raging Bolt|Protosynthesis|[silent]
|switch|p2a: Pecharunt|Pecharunt|100/100
|move|p1a: Ursaluna|Facade|p2a: Pecharunt
|-immune|p2a: Pecharunt
|
|-damage|p1a: Ursaluna|0 fnt|[from] brn
|faint|p1a: Ursaluna
|upkeep
|
|t:|1759011567
|switch|p1a: Dragapult|Dragapult, M, shiny|100/100
|-damage|p1a: Dragapult|88/100|[from] Stealth Rock
|-damage|p1a: Dragapult|76/100|[from] Spikes
|turn|9
|
|t:|1759011574
|switch|p2a: Slaking|Slaking, F|100/100
|move|p1a: Dragapult|Dragon Darts|p2a: Slaking
|-damage|p2a: Slaking|70/100
|-anim|p1a: Dragapult|Dragon Darts|p2a: Slaking
|-damage|p2a: Slaking|43/100
|
|upkeep
|turn|10
|
|t:|1759011582
|switch|p2a: Gholdengo|Gholdengo|100/100
|move|p1a: Dragapult|Dragon Darts|p2a: Gholdengo
|-resisted|p2a: Gholdengo
|-damage|p2a: Gholdengo|80/100
|-anim|p1a: Dragapult|Dragon Darts|p2a: Gholdengo
|-resisted|p2a: Gholdengo
|-damage|p2a: Gholdengo|60/100
|
|upkeep
|turn|11
|
|t:|1759011591
|switch|p1a: Greninja|Greninja, M|100/100
|-damage|p1a: Greninja|88/100|[from] Stealth Rock
|-damage|p1a: Greninja|76/100|[from] Spikes
|move|p2a: Gholdengo|Shadow Ball|p1a: Greninja
|-resisted|p1a: Greninja
|-crit|p1a: Greninja
|-damage|p1a: Greninja|22/100
|-unboost|p1a: Greninja|spd|1
|
|upkeep
|turn|12
|
|t:|1759011601
|move|p2a: Gholdengo|Shadow Ball|p1a: Greninja
|-resisted|p1a: Greninja
|-damage|p1a: Greninja|0 fnt
|faint|p1a: Greninja
|
|upkeep
|-message|busto2412 forfeited.
|
|win|Blushweaver
|raw|busto2412's rating: 1435 &rarr; <strong>1414</strong><br />(-21 for losing)
|raw|Blushweaver's rating: 1425 &rarr; <strong>1446</strong><br />(+21 for winning)
|l|☆busto2412
|player|p1|
|l|☆Blushweaver
|player|p2|
