|j|☆TheLegendaryAries
|j|☆Beelzebub235
|t:|1758953488
|gametype|singles
|player|p1|TheLegendaryAries|2|1234
|player|p2|Beelzebub235|265|1205
|gen|9
|tier|[Gen 9] OU
|rated|
|rule|HP Percentage Mod: HP is shown in percentages
|rule|Endless Battle Clause: Forcing endless battles is banned
|rule|Species Clause: Limit one of each Pokémon
|rule|OHKO Clause: OHKO moves are banned
|rule|Evasion Items Clause: Evasion items are banned
|rule|Evasion Moves Clause: Evasion moves are banned
|rule|Evasion Abilities Clause: Evasion abilities are banned
|rule|Sleep Moves Clause: Sleep-inducing moves are banned
|clearpoke
|poke|p1|Iron Hands|
|poke|p1|Lokix, M|
|poke|p1|Corviknight, M|
|poke|p1|Slowking-Galar, F|
|poke|p1|Dragapult, F|
|poke|p1|Primarina, M|
|poke|p2|Chesnaught, M|
|poke|p2|Mandibuzz, F|
|poke|p2|Zapdos|
|poke|p2|Raging Bolt|
|poke|p2|Slowking-Galar, F|
|poke|p2|Tyranitar, M|
|teampreview
|inactive|Battle timer is ON: inactive players will automatically lose when time's up. (requested by Beelzebub235)
|
|t:|1758953498
|teamsize|p1|6
|teamsize|p2|6
|start
|switch|p1a: Primarina|Primarina, M|100/100
|switch|p2a: Tyranitar|Tyranitar, M|100/100
|-weather|Sandstorm|[from] ability: Sand Stream|[of] p2a: Tyranitar
|turn|1
|
|t:|1758953505
|move|p1a: Primarina|Moonblast|p2a: Tyranitar
|-supereffective|p2a: Tyranitar
|-damage|p2a: Tyranitar|47/100
|move|p2a: Tyranitar|Stone Edge|p1a: Primarina|[miss]
|-miss|p2a: Tyranitar|p1a: Primarina
|
|-weather|Sandstorm|[upkeep]
|-damage|p1a: Primarina|94/100|[from] Sandstorm
|-heal|p2a: Tyranitar|53/100|[from] item: Leftovers
|upkeep
|turn|2
|
|t:|1758953519
|switch|p2a: Slowking|Slowking-Galar, F|100/100
|move|p1a: Primarina|Moonblast|p2a: Slowking
|-resisted|p2a: Slowking
|-damage|p2a: Slowking|88/100
|-unboost|p2a: Slowking|spa|1
|
|-weather|Sandstorm|[upkeep]
|-damage|p1a: Primarina|88/100|[from] Sandstorm
|-damage|p2a: Slowking|82/100|[from] Sandstorm
|upkeep
|turn|3
|
|t:|1758953528
|move|p1a: Primarina|Flip Turn|p2a: Slowking
|-damage|p2a: Slowking|66/100
|
|t:|1758953532
|switch|p1a: Slowking|Slowking-Galar, F|100/100|[from] Flip Turn
|move|p2a: Slowking|Future Sight|p1a: Slowking
|-start|p2a: Slowking|move: Future Sight
|
|-weather|Sandstorm|[upkeep]
|-damage|p2a: Slowking|60/100|[from] Sandstorm
|-damage|p1a: Slowking|94/100|[from] Sandstorm
|upkeep
|turn|4
|
|t:|1758953541
|switch|p2a: Tyranitar|Tyranitar, M|53/100
|move|p1a: Slowking|Psyshock|p2a: Tyranitar
|-immune|p2a: Tyranitar
|
|-weather|Sandstorm|[upkeep]
|-damage|p1a: Slowking|88/100|[from] Sandstorm
|-heal|p2a: Tyranitar|59/100|[from] item: Leftovers
|upkeep
|turn|5
|
|t:|1758953552
|switch|p1a: Corviknight|Corviknight, M|100/100
|-ability|p1a: Corviknight|Pressure
|move|p2a: Tyranitar|Knock Off|p1a: Corviknight
|-damage|p1a: Corviknight|66/100
|-damage|p2a: Tyranitar|42/100|[from] item: Rocky Helmet|[of] p1a: Corviknight
|-enditem|p1a: Corviknight|Rocky Helmet|[from] move: Knock Off|[of] p2a: Tyranitar
|
|-weather|none
|-end|p1a: Corviknight|move: Future Sight
|-resisted|p1a: Corviknight
|-damage|p1a: Corviknight|37/100
|-heal|p2a: Tyranitar|49/100|[from] item: Leftovers
|upkeep
|turn|6
|
|t:|1758953568
|switch|p2a: Zapdos|Zapdos|100/100
|move|p1a: Corviknight|Roost|p1a: Corviknight
|-heal|p1a: Corviknight|87/100
|-singleturn|p1a: Corviknight|move: Roost
|
|upkeep
|turn|7
|
|t:|1758953576
|move|p2a: Zapdos|Thunder Wave|p1a: Corviknight|[miss]
|-miss|p2a: Zapdos|p1a: Corviknight
|move|p1a: Corviknight|U-turn|p2a: Zapdos
|-resisted|p2a: Zapdos
|-damage|p2a: Zapdos|93/100
|
|t:|1758953590
|switch|p1a: Dragapult|Dragapult, F|100/100|[from] U-turn
|
|upkeep
|turn|8
|
|t:|1758953595
|move|p1a: Dragapult|Draco Meteor|p2a: Zapdos
|-damage|p2a: Zapdos|13/100
|-unboost|p1a: Dragapult|spa|2
|move|p2a: Zapdos|Hurricane|p1a: Dragapult
|-damage|p1a: Dragapult|12/100
|
|upkeep
|turn|9
|
|t:|1758953604
|switch|p2a: Mandibuzz|Mandibuzz, F|100/100
|move|p1a: Dragapult|Draco Meteor|p2a: Mandibuzz
|-damage|p2a: Mandibuzz|62/100
|-unboost|p1a: Dragapult|spa|2
|
|upkeep
|turn|10
|
|t:|1758953611
|switch|p1a: Corviknight|Corviknight, M|87/100
|-ability|p1a: Corviknight|Pressure
|move|p2a: Mandibuzz|Foul Play|p1a: Corviknight
|-damage|p1a: Corviknight|70/100
|
|upkeep
|turn|11
|
|t:|1758953620
|move|p2a: Mandibuzz|U-turn|p1a: Corviknight
|-resisted|p1a: Corviknight
|-damage|p1a: Corviknight|68/100
|
|t:|1758953625
|switch|p2a: Zapdos|Zapdos|13/100|[from] U-turn
|move|p1a: Corviknight|Brave Bird|p2a: Zapdos
|-resisted|p2a: Zapdos
|-damage|p2a: Zapdos|0 fnt
|-status|p1a: Corviknight|par|[from] ability: Static|[of] p2a: Zapdos
|faint|p2a: Zapdos
|-damage|p1a: Corviknight|64/100 par|[from] Recoil
|
|upkeep
|
|t:|1758953634
|switch|p2a: Raging Bolt|Raging Bolt|100/100
|turn|12
|
|t:|1758953638
|move|p2a: Raging Bolt|Volt Switch|p1a: Corviknight
|-supereffective|p1a: Corviknight
|-damage|p1a: Corviknight|0 fnt
|faint|p1a: Corviknight
|
|t:|1758953645
|-end|p2a: Raging Bolt|Protosynthesis|[silent]
|switch|p2a: Slowking|Slowking-Galar, F|94/100|[from] Volt Switch
|
|upkeep
|
|t:|1758953651
|switch|p1a: Lokix|Lokix, M|100/100
|turn|13
|
|t:|1758953658
|move|p1a: Lokix|Knock Off|p2a: Slowking
|-supereffective|p2a: Slowking
|-damage|p2a: Slowking|0 fnt
|-enditem|p2a: Slowking|Assault Vest|[from] move: Knock Off|[of] p1a: Lokix
|faint|p2a: Slowking
|
|upkeep
|
|t:|1758953669
|switch|p2a: Raging Bolt|Raging Bolt|100/100
|turn|14
|
|t:|1758953679
|switch|p1a: Slowking|Slowking-Galar, F|100/100
|move|p2a: Raging Bolt|Draco Meteor|p1a: Slowking
|-damage|p1a: Slowking|67/100
|-unboost|p2a: Raging Bolt|spa|2
|
|upkeep
|turn|15
|
|t:|1758953696
|-end|p2a: Raging Bolt|Protosynthesis|[silent]
|switch|p2a: Tyranitar|Tyranitar, M|49/100
|-weather|Sandstorm|[from] ability: Sand Stream|[of] p2a: Tyranitar
|move|p1a: Slowking|Ice Beam|p2a: Tyranitar
|-damage|p2a: Tyranitar|36/100
|
|-weather|Sandstorm|[upkeep]
|-damage|p1a: Slowking|61/100|[from] Sandstorm
|-heal|p2a: Tyranitar|42/100|[from] item: Leftovers
|upkeep
|turn|16
|
|t:|1758953715
|switch|p1a: Iron Hands|Iron Hands|100/100
|-enditem|p1a: Iron Hands|Booster Energy
|-activate|p1a: Iron Hands|ability: Quark Drive|[fromitem]
|-start|p1a: Iron Hands|quarkdrivedef
|move|p2a: Tyranitar|Knock Off|p1a: Iron Hands
|-resisted|p1a: Iron Hands
|-damage|p1a: Iron Hands|93/100
|
|-weather|Sandstorm|[upkeep]
|-damage|p1a: Iron Hands|87/100|[from] Sandstorm
|-heal|p2a: Tyranitar|48/100|[from] item: Leftovers
|upkeep
|turn|17
|inactive|Beelzebub235 has 120 seconds left.
|
|t:|1758953768
|-singleturn|p2a: Tyranitar|move: Focus Punch
|move|p1a: Iron Hands|Body Press|p2a: Tyranitar
|-supereffective|p2a: Tyranitar
|-damage|p2a: Tyranitar|0 fnt
|faint|p2a: Tyranitar
|
|-weather|Sandstorm|[upkeep]
|-damage|p1a: Iron Hands|81/100|[from] Sandstorm
|upkeep
|
|t:|1758953774
|switch|p2a: Raging Bolt|Raging Bolt|100/100
|turn|18
|
|t:|1758953779
|-terastallize|p1a: Iron Hands|Fairy
|move|p2a: Raging Bolt|Draco Meteor|p1a: Iron Hands
|-immune|p1a: Iron Hands
|move|p1a: Iron Hands|Play Rough|p2a: Raging Bolt
|-supereffective|p2a: Raging Bolt
|-crit|p2a: Raging Bolt
|-damage|p2a: Raging Bolt|4/100
|-unboost|p2a: Raging Bolt|atk|1
|
|-weather|Sandstorm|[upkeep]
|-damage|p2a: Raging Bolt|0 fnt|[from] Sandstorm
|-damage|p1a: Iron Hands|75/100|[from] Sandstorm
|faint|p2a: Raging Bolt
|-end|p2a: Raging Bolt|Protosynthesis|[silent]
|upkeep
|
|t:|1758953787
|switch|p2a: Chesnaught|Chesnaught, M|100/100
|turn|19
|-message|Beelzebub235 forfeited.
|
|win|TheLegendaryAries
|raw|TheLegendaryAries's rating: 1234 &rarr; <strong>1257</strong><br />(+23 for winning)
|raw|Beelzebub235's rating: 1205 &rarr; <strong>1182</strong><br />(-23 for losing)
|l|☆Beelzebub235
|player|p2|
|l|☆TheLegendaryAries
|player|p1|
