|j|☆magical leaves
|j|☆thenameofafish
|t:|1759072662
|gametype|singles
|player|p1|magical leaves|aromalady|1340
|player|p2|thenameofafish|policeman-gen4|1349
|gen|9
|tier|[Gen 9] OU
|rated|
|rule|HP Percentage Mod: HP is shown in percentages
|rule|Endless Battle Clause: Forcing endless battles is banned
|rule|Species Clause: Limit one of each Pokémon
|rule|OHKO Clause: OHKO moves are banned
|rule|Evasion Items Clause: Evasion items are banned
|rule|Evasion Moves Clause: Evasion moves are banned
|rule|Evasion Abilities Clause: Evasion abilities are banned
|rule|Sleep Moves Clause: Sleep-inducing moves are banned
|clearpoke
|poke|p1|Indeedee, M|
|poke|p1|Minior|
|poke|p1|Hawlucha, M|
|poke|p1|Hoopa-Unbound|
|poke|p1|Clefable, F|
|poke|p1|Araquanid, F|
|poke|p2|Hatterene, F|
|poke|p2|Torkoal, M|
|poke|p2|Corviknight, M|
|poke|p2|Ursaluna, F|
|poke|p2|Deoxys-Defense|
|poke|p2|Reuniclus, M|
|teampreview
|
|t:|1759072670
|teamsize|p1|6
|teamsize|p2|6
|start
|switch|p1a: drone|Minior, shiny|100/100
|switch|p2a: Deoxys|Deoxys-Defense|100/100
|-ability|p2a: Deoxys|Pressure
|-formechange|p1a: drone|Minior-Meteor||[from] ability: Shields Down
|turn|1
|
|t:|1759072683
|switch|p1a: life aquatic|Araquanid, F|100/100
|move|p2a: Deoxys|Trick Room|p2a: Deoxys
|-fieldstart|move: Trick Room|[of] p2a: Deoxys
|
|upkeep
|turn|2
|
|t:|1759072691
|move|p1a: life aquatic|Leech Life|p2a: Deoxys
|-supereffective|p2a: Deoxys
|-damage|p2a: Deoxys|53/100
|move|p2a: Deoxys|Teleport|p2a: Deoxys
|
|t:|1759072695
|switch|p2a: nuclear bear|Ursaluna, F|100/100|[from] Teleport
|
|-status|p2a: nuclear bear|brn|[from] item: Flame Orb
|upkeep
|turn|3
|
|t:|1759072702
|-terastallize|p2a: nuclear bear|Normal
|move|p1a: life aquatic|Liquidation|p2a: nuclear bear
|-damage|p2a: nuclear bear|53/100 brn
|-unboost|p2a: nuclear bear|def|1
|move|p2a: nuclear bear|Facade|p1a: life aquatic
|-damage|p1a: life aquatic|0 fnt
|faint|p1a: life aquatic
|
|-damage|p2a: nuclear bear|47/100 brn|[from] brn
|upkeep
|
|t:|1759072719
|switch|p1a: stro|Clefable, F|100/100
|turn|4
|
|t:|1759072725
|move|p2a: nuclear bear|Facade|p1a: stro
|-damage|p1a: stro|0 fnt
|faint|p1a: stro
|
|-damage|p2a: nuclear bear|41/100 brn|[from] brn
|upkeep
|
|t:|1759072737
|switch|p1a: drone|Minior, shiny|100/100
|-formechange|p1a: drone|Minior-Meteor||[from] ability: Shields Down
|turn|5
|
|t:|1759072741
|move|p2a: nuclear bear|Facade|p1a: drone
|-resisted|p1a: drone
|-damage|p1a: drone|0 fnt
|faint|p1a: drone
|
|-damage|p2a: nuclear bear|35/100 brn|[from] brn
|-fieldend|move: Trick Room
|upkeep
|
|t:|1759072749
|switch|p1a: jig|Indeedee, M|100/100
|-fieldstart|move: Psychic Terrain|[from] ability: Psychic Surge|[of] p1a: jig
|turn|6
|
|t:|1759072755
|switch|p2a: Reuniclus|Reuniclus, M|100/100
|move|p1a: jig|Expanding Force|p2a: Reuniclus
|-resisted|p2a: Reuniclus
|-damage|p2a: Reuniclus|69/100
|
|upkeep
|turn|7
|
|t:|1759072762
|switch|p1a: anomaly|Hoopa-Unbound|100/100
|move|p2a: Reuniclus|Trick Room|p2a: Reuniclus
|-fieldstart|move: Trick Room|[of] p2a: Reuniclus
|
|upkeep
|turn|8
|
|t:|1759072775
|move|p2a: Reuniclus|Energy Ball|p1a: anomaly
|-damage|p1a: anomaly|59/100
|move|p1a: anomaly|Expanding Force|p2a: Reuniclus
|-resisted|p2a: Reuniclus
|-damage|p2a: Reuniclus|21/100
|
|upkeep
|turn|9
|
|t:|1759072782
|move|p2a: Reuniclus|Energy Ball|p1a: anomaly
|-damage|p1a: anomaly|18/100
|move|p1a: anomaly|Expanding Force|p2a: Reuniclus
|-resisted|p2a: Reuniclus
|-damage|p2a: Reuniclus|0 fnt
|faint|p2a: Reuniclus
|
|upkeep
|
|t:|1759072785
|switch|p2a: no rocks|Torkoal, M|100/100
|-weather|SunnyDay|[from] ability: Drought|[of] p2a: no rocks
|turn|10
|
|t:|1759072793
|move|p2a: no rocks|Eruption|p1a: anomaly
|-damage|p1a: anomaly|0 fnt
|faint|p1a: anomaly
|
|-weather|SunnyDay|[upkeep]
|upkeep
|
|t:|1759072800
|switch|p1a: norman powell|Hawlucha, M|100/100
|-enditem|p1a: norman powell|Psychic Seed
|-boost|p1a: norman powell|spd|1|[from] item: Psychic Seed
|turn|11
|
|t:|1759072806
|move|p2a: no rocks|Eruption|p1a: norman powell
|-damage|p1a: norman powell|0 fnt
|faint|p1a: norman powell
|
|-weather|SunnyDay|[upkeep]
|-fieldend|move: Trick Room
|upkeep
|-message|magical leaves forfeited.
|
|win|thenameofafish
|raw|magical leaves's rating: 1340 &rarr; <strong>1321</strong><br />(-19 for losing)
|raw|thenameofafish's rating: 1349 &rarr; <strong>1368</strong><br />(+19 for winning)
|l|☆magical leaves
|player|p1|
|l|☆thenameofafish
|player|p2|
