|j|☆majin mambroeru
|j|☆lolcano46
|t:|1759014496
|gametype|singles
|player|p1|majin mambroeru|swimmer-gen4dp|1466
|player|p2|lolcano46|fisherman-gen4|1498
|gen|9
|tier|[Gen 9] OU
|rated|
|rule|HP Percentage Mod: HP is shown in percentages
|rule|Endless Battle Clause: Forcing endless battles is banned
|rule|Species Clause: Limit one of each Pokémon
|rule|OHKO Clause: OHKO moves are banned
|rule|Evasion Items Clause: Evasion items are banned
|rule|Evasion Moves Clause: Evasion moves are banned
|rule|Evasion Abilities Clause: Evasion abilities are banned
|rule|Sleep Moves Clause: Sleep-inducing moves are banned
|clearpoke
|poke|p1|Garganacl, F|
|poke|p1|Cinderace, M|
|poke|p1|Muk-Alola, F|
|poke|p1|Serperior, F|
|poke|p1|Landorus-Therian, M|
|poke|p1|Rillaboom, M|
|poke|p2|Azelf|
|poke|p2|Ogerpon-Wellspring, F|
|poke|p2|Scizor, F|
|poke|p2|Gengar, M|
|poke|p2|Raging Bolt|
|poke|p2|Cinderace, F|
|teampreview
|inactive|Battle timer is ON: inactive players will automatically lose when time's up. (requested by lolcano46)
|
|t:|1759014505
|teamsize|p1|6
|teamsize|p2|6
|start
|switch|p1a: Cinderace|Cinderace, M|100/100
|switch|p2a: Gengar|Gengar, M|100/100
|turn|1
|
|t:|1759014519
|move|p2a: Gengar|Thunder Wave|p1a: Cinderace
|-status|p1a: Cinderace|par
|move|p1a: Cinderace|Pyro Ball|p2a: Gengar
|-damage|p2a: Gengar|0 fnt
|faint|p2a: Gengar
|
|upkeep
|
|t:|1759014525
|switch|p2a: Ogerpon|Ogerpon-Wellspring, F|100/100
|turn|2
|
|t:|1759014531
|switch|p2a: Cinderace|Cinderace, F|100/100
|cant|p1a: Cinderace|par
|
|upkeep
|turn|3
|
|t:|1759014536
|move|p2a: Cinderace|Pyro Ball|p1a: Cinderace
|-resisted|p1a: Cinderace
|-damage|p1a: Cinderace|62/100 par
|move|p1a: Cinderace|U-turn|p2a: Cinderace
|-resisted|p2a: Cinderace
|-damage|p2a: Cinderace|85/100
|
|t:|1759014542
|switch|p1a: Landorus|Landorus-Therian, M|100/100|[from] U-turn
|-ability|p1a: Landorus|Intimidate|boost
|-unboost|p2a: Cinderace|atk|1
|
|upkeep
|turn|4
|
|t:|1759014544
|switch|p1a: Garganacl|Garganacl, F|100/100
|move|p2a: Cinderace|Will-O-Wisp|p1a: Garganacl
|-immune|p1a: Garganacl|[from] ability: Purifying Salt
|
|upkeep
|turn|5
|
|t:|1759014548
|move|p2a: Cinderace|Pyro Ball|p1a: Garganacl
|-resisted|p1a: Garganacl
|-damage|p1a: Garganacl|87/100
|move|p1a: Garganacl|Salt Cure|p2a: Cinderace
|-supereffective|p2a: Cinderace
|-damage|p2a: Cinderace|41/100
|-start|p2a: Cinderace|Salt Cure
|
|-heal|p1a: Garganacl|93/100|[from] item: Leftovers
|-damage|p2a: Cinderace|29/100|[from] Salt Cure
|upkeep
|turn|6
|
|t:|1759014553
|move|p2a: Cinderace|Pyro Ball|p1a: Garganacl
|-resisted|p1a: Garganacl
|-damage|p1a: Garganacl|81/100
|move|p1a: Garganacl|Curse|p1a: Garganacl
|-unboost|p1a: Garganacl|spe|1
|-boost|p1a: Garganacl|atk|1
|-boost|p1a: Garganacl|def|1
|
|-heal|p1a: Garganacl|87/100|[from] item: Leftovers
|-damage|p2a: Cinderace|16/100|[from] Salt Cure
|upkeep
|turn|7
|
|t:|1759014558
|switch|p2a: Raging Bolt|Raging Bolt|100/100
|-enditem|p2a: Raging Bolt|Booster Energy
|-activate|p2a: Raging Bolt|ability: Protosynthesis|[fromitem]
|-start|p2a: Raging Bolt|protosynthesisspa
|move|p1a: Garganacl|Salt Cure|p2a: Raging Bolt
|-damage|p2a: Raging Bolt|81/100
|-start|p2a: Raging Bolt|Salt Cure
|
|-heal|p1a: Garganacl|93/100|[from] item: Leftovers
|-damage|p2a: Raging Bolt|68/100|[from] Salt Cure
|upkeep
|turn|8
|
|t:|1759014565
|move|p1a: Garganacl|Protect|p1a: Garganacl
|-singleturn|p1a: Garganacl|Protect
|move|p2a: Raging Bolt|Calm Mind|p2a: Raging Bolt
|-boost|p2a: Raging Bolt|spa|1
|-boost|p2a: Raging Bolt|spd|1
|
|-heal|p1a: Garganacl|99/100|[from] item: Leftovers
|-damage|p2a: Raging Bolt|56/100|[from] Salt Cure
|upkeep
|turn|9
|
|t:|1759014576
|move|p2a: Raging Bolt|Dragon Pulse|p1a: Garganacl
|-damage|p1a: Garganacl|39/100
|move|p1a: Garganacl|Recover|p1a: Garganacl
|-heal|p1a: Garganacl|89/100
|
|-heal|p1a: Garganacl|95/100|[from] item: Leftovers
|-damage|p2a: Raging Bolt|43/100|[from] Salt Cure
|upkeep
|turn|10
|
|t:|1759014581
|switch|p1a: Landorus|Landorus-Therian, M|100/100
|-ability|p1a: Landorus|Intimidate|boost
|-unboost|p2a: Raging Bolt|atk|1
|move|p2a: Raging Bolt|Calm Mind|p2a: Raging Bolt
|-boost|p2a: Raging Bolt|spa|1
|-boost|p2a: Raging Bolt|spd|1
|
|-damage|p2a: Raging Bolt|31/100|[from] Salt Cure
|upkeep
|turn|11
|
|t:|1759014587
|-end|p2a: Raging Bolt|Protosynthesis|[silent]
|switch|p2a: Azelf|Azelf|100/100
|move|p1a: Landorus|U-turn|p2a: Azelf
|-supereffective|p2a: Azelf
|-damage|p2a: Azelf|24/100
|-message|lolcano46 forfeited.
|
|win|majin mambroeru
|raw|majin mambroeru's rating: 1466 &rarr; <strong>1488</strong><br />(+22 for winning)
|raw|lolcano46's rating: 1498 &rarr; <strong>1476</strong><br />(-22 for losing)
|l|☆lolcano46
|player|p2|
