|j|☆gen 9 sab truther
|j|☆qways
|t:|1758969463
|gametype|singles
|player|p1|gen 9 sab truther|morty-masters|1648
|player|p2|qways|170|1776
|gen|9
|tier|[Gen 9] OU
|rated|
|rule|HP Percentage Mod: HP is shown in percentages
|rule|Endless Battle Clause: Forcing endless battles is banned
|rule|Species Clause: Limit one of each Pokémon
|rule|OHKO Clause: OHKO moves are banned
|rule|Evasion Items Clause: Evasion items are banned
|rule|Evasion Moves Clause: Evasion moves are banned
|rule|Evasion Abilities Clause: Evasion abilities are banned
|rule|Sleep Moves Clause: Sleep-inducing moves are banned
|clearpoke
|poke|p1|Garganacl, M|
|poke|p1|Great Tusk|
|poke|p1|Chesnaught, F|
|poke|p1|Dragapult, M|
|poke|p1|Moltres|
|poke|p1|Kingambit, M|
|poke|p2|Ninetales, M|
|poke|p2|Zamazenta-*|
|poke|p2|Cinderace, F|
|poke|p2|Walking Wake|
|poke|p2|Slither Wing|
|poke|p2|Raging Bolt|
|teampreview
|inactive|Battle timer is ON: inactive players will automatically lose when time's up. (requested by gen 9 sab truther)
|
|t:|1758969470
|teamsize|p1|6
|teamsize|p2|6
|start
|switch|p1a: Garganacl|Garganacl, M|100/100
|switch|p2a: Ninetales|Ninetales, M|100/100
|-weather|SunnyDay|[from] ability: Drought|[of] p2a: Ninetales
|turn|1
|
|t:|1758969485
|switch|p2a: Zamazenta|Zamazenta|100/100
|-ability|p2a: Zamazenta|Dauntless Shield|boost
|-boost|p2a: Zamazenta|def|1
|move|p1a: Garganacl|Stealth Rock|p2a: Zamazenta
|-sidestart|p2: qways|move: Stealth Rock
|
|-weather|SunnyDay|[upkeep]
|upkeep
|turn|2
|
|t:|1758969491
|move|p1a: Garganacl|Protect|p1a: Garganacl
|-singleturn|p1a: Garganacl|Protect
|move|p2a: Zamazenta|Roar|p1a: Garganacl
|drag|p1a: Dragapult|Dragapult, M|100/100
|
|-weather|SunnyDay|[upkeep]
|upkeep
|turn|3
|
|t:|1758969504
|move|p1a: Dragapult|U-turn|p2a: Zamazenta
|-resisted|p2a: Zamazenta
|-damage|p2a: Zamazenta|96/100
|
|t:|1758969511
|switch|p1a: Great Tusk|Great Tusk|100/100|[from] U-turn
|-activate|p1a: Great Tusk|ability: Protosynthesis
|-start|p1a: Great Tusk|protosynthesisatk
|move|p2a: Zamazenta|Crunch|p1a: Great Tusk
|-resisted|p1a: Great Tusk
|-damage|p1a: Great Tusk|92/100
|
|-weather|SunnyDay|[upkeep]
|-heal|p2a: Zamazenta|100/100|[from] item: Leftovers
|upkeep
|turn|4
|
|t:|1758969521
|move|p2a: Zamazenta|Iron Defense|p2a: Zamazenta
|-boost|p2a: Zamazenta|def|2
|move|p1a: Great Tusk|Knock Off|p2a: Zamazenta
|-resisted|p2a: Zamazenta
|-damage|p2a: Zamazenta|93/100
|-enditem|p2a: Zamazenta|Leftovers|[from] move: Knock Off|[of] p1a: Great Tusk
|
|-weather|SunnyDay|[upkeep]
|upkeep
|turn|5
|
|t:|1758969528
|switch|p2a: Walking Wake|Walking Wake|100/100
|-damage|p2a: Walking Wake|88/100|[from] Stealth Rock
|-activate|p2a: Walking Wake|ability: Protosynthesis
|-start|p2a: Walking Wake|protosynthesisspe
|-end|p1a: Great Tusk|Protosynthesis|[silent]
|switch|p1a: Dragapult|Dragapult, M|100/100
|
|-weather|SunnyDay|[upkeep]
|upkeep
|turn|6
|
|t:|1758969549
|move|p2a: Walking Wake|Draco Meteor|p1a: Dragapult
|-supereffective|p1a: Dragapult
|-damage|p1a: Dragapult|0 fnt
|-unboost|p2a: Walking Wake|spa|2
|faint|p1a: Dragapult
|
|-weather|SunnyDay|[upkeep]
|upkeep
|
|t:|1758969552
|switch|p1a: Garganacl|Garganacl, M|100/100
|turn|7
|
|t:|1758969557
|-end|p2a: Walking Wake|Protosynthesis|[silent]
|switch|p2a: Zamazenta|Zamazenta|93/100
|-damage|p2a: Zamazenta|87/100|[from] Stealth Rock
|move|p1a: Garganacl|Salt Cure|p2a: Zamazenta
|-resisted|p2a: Zamazenta
|-damage|p2a: Zamazenta|81/100
|-start|p2a: Zamazenta|Salt Cure
|
|-weather|SunnyDay|[upkeep]
|-damage|p2a: Zamazenta|68/100|[from] Salt Cure
|upkeep
|turn|8
|
|t:|1758969562
|switch|p1a: Moltres|Moltres|100/100
|move|p2a: Zamazenta|Roar|p1a: Moltres
|drag|p1a: Kingambit|Kingambit, M|100/100
|-activate|p1a: Kingambit|ability: Supreme Overlord
|-start|p1a: Kingambit|fallen1|[silent]
|
|-weather|none
|-damage|p2a: Zamazenta|56/100|[from] Salt Cure
|upkeep
|turn|9
|
|t:|1758969578
|-end|p1a: Kingambit|fallen1|[silent]
|switch|p1a: Chesnaught|Chesnaught, F|100/100
|move|p2a: Zamazenta|Body Press|p1a: Chesnaught
|-damage|p1a: Chesnaught|84/100
|-damage|p2a: Zamazenta|39/100|[from] item: Rocky Helmet|[of] p1a: Chesnaught
|
|-damage|p2a: Zamazenta|27/100|[from] Salt Cure
|upkeep
|turn|10
|
|t:|1758969589
|switch|p2a: Ninetales|Ninetales, M|100/100
|-damage|p2a: Ninetales|76/100|[from] Stealth Rock
|-weather|SunnyDay|[from] ability: Drought|[of] p2a: Ninetales
|move|p1a: Chesnaught|Spikes|p2a: Ninetales
|-sidestart|p2: qways|Spikes
|
|-weather|SunnyDay|[upkeep]
|upkeep
|turn|11
|
|t:|1758969593
|switch|p1a: Garganacl|Garganacl, M|100/100
|move|p2a: Ninetales|Encore||[still]
|-fail|p2a: Ninetales
|
|-weather|SunnyDay|[upkeep]
|upkeep
|turn|12
|
|t:|1758969603
|switch|p2a: Cinderace|Cinderace, F|100/100
|move|p1a: Garganacl|Salt Cure|p2a: Cinderace
|-supereffective|p2a: Cinderace
|-damage|p2a: Cinderace|58/100
|-start|p2a: Cinderace|Salt Cure
|
|-weather|SunnyDay|[upkeep]
|-damage|p2a: Cinderace|46/100|[from] Salt Cure
|upkeep
|turn|13
|
|t:|1758969607
|move|p2a: Cinderace|Court Change|p2a: Cinderace
|-swapsideconditions
|-activate|p2a: Cinderace|move: Court Change
|move|p1a: Garganacl|Stealth Rock|p2a: Cinderace
|-sidestart|p2: qways|move: Stealth Rock
|
|-weather|SunnyDay|[upkeep]
|-damage|p2a: Cinderace|33/100|[from] Salt Cure
|upkeep
|turn|14
|
|t:|1758969612
|switch|p2a: Walking Wake|Walking Wake|88/100
|-damage|p2a: Walking Wake|76/100|[from] Stealth Rock
|-activate|p2a: Walking Wake|ability: Protosynthesis
|-start|p2a: Walking Wake|protosynthesisspe
|move|p1a: Garganacl|Salt Cure|p2a: Walking Wake
|-damage|p2a: Walking Wake|60/100
|-start|p2a: Walking Wake|Salt Cure
|
|-weather|SunnyDay|[upkeep]
|-damage|p2a: Walking Wake|35/100|[from] Salt Cure
|upkeep
|turn|15
|
|t:|1758969616
|-end|p2a: Walking Wake|Protosynthesis|[silent]
|switch|p2a: Slither Wing|Slither Wing|100/100
|-damage|p2a: Slither Wing|88/100|[from] Stealth Rock
|-activate|p2a: Slither Wing|ability: Protosynthesis
|-start|p2a: Slither Wing|protosynthesisatk
|move|p1a: Garganacl|Protect||[still]
|-fail|p1a: Garganacl
|
|-weather|SunnyDay|[upkeep]
|upkeep
|turn|16
|
|t:|1758969622
|move|p1a: Garganacl|Protect|p1a: Garganacl
|-singleturn|p1a: Garganacl|Protect
|move|p2a: Slither Wing|Close Combat|p1a: Garganacl
|-activate|p1a: Garganacl|move: Protect
|
|-weather|SunnyDay|[upkeep]
|upkeep
|turn|17
|
|t:|1758969629
|switch|p1a: Moltres|Moltres|100/100
|move|p2a: Slither Wing|Close Combat|p1a: Moltres
|-resisted|p1a: Moltres
|-damage|p1a: Moltres|32/100
|-unboost|p2a: Slither Wing|def|1
|-unboost|p2a: Slither Wing|spd|1
|-status|p2a: Slither Wing|brn|[from] ability: Flame Body|[of] p1a: Moltres
|
|-weather|none
|-end|p2a: Slither Wing|Protosynthesis
|-damage|p2a: Slither Wing|82/100 brn|[from] brn
|upkeep
|turn|18
|
|t:|1758969638
|-end|p2a: Slither Wing|Protosynthesis|[silent]
|switch|p2a: Ninetales|Ninetales, M|76/100
|-damage|p2a: Ninetales|51/100|[from] Stealth Rock
|-weather|SunnyDay|[from] ability: Drought|[of] p2a: Ninetales
|move|p1a: Moltres|Roost|p1a: Moltres
|-heal|p1a: Moltres|82/100
|-singleturn|p1a: Moltres|move: Roost
|
|-weather|SunnyDay|[upkeep]
|upkeep
|turn|19
|
|t:|1758969647
|switch|p2a: Walking Wake|Walking Wake|35/100
|-damage|p2a: Walking Wake|23/100|[from] Stealth Rock
|-activate|p2a: Walking Wake|ability: Protosynthesis
|-start|p2a: Walking Wake|protosynthesisspe
|switch|p1a: Garganacl|Garganacl, M|100/100
|-damage|p1a: Garganacl|88/100|[from] Stealth Rock
|-damage|p1a: Garganacl|76/100|[from] Spikes
|
|-weather|SunnyDay|[upkeep]
|-heal|p1a: Garganacl|82/100|[from] item: Leftovers
|upkeep
|turn|20
|
|t:|1758969653
|move|p1a: Garganacl|Protect|p1a: Garganacl
|-singleturn|p1a: Garganacl|Protect
|move|p2a: Walking Wake|Hydro Steam|p1a: Garganacl
|-activate|p1a: Garganacl|move: Protect
|
|-weather|SunnyDay|[upkeep]
|-heal|p1a: Garganacl|88/100|[from] item: Leftovers
|upkeep
|turn|21
|inactive|gen 9 sab truther has 120 seconds left.
|
|t:|1758969686
|-terastallize|p1a: Garganacl|Water
|move|p2a: Walking Wake|Hydro Steam|p1a: Garganacl
|-resisted|p1a: Garganacl
|-damage|p1a: Garganacl|60/100
|move|p1a: Garganacl|Recover|p1a: Garganacl
|-heal|p1a: Garganacl|100/100
|
|-weather|SunnyDay|[upkeep]
|upkeep
|turn|22
|
|t:|1758969692
|move|p2a: Walking Wake|Hydro Steam|p1a: Garganacl
|-resisted|p1a: Garganacl
|-damage|p1a: Garganacl|72/100
|move|p1a: Garganacl|Salt Cure|p2a: Walking Wake
|-damage|p2a: Walking Wake|8/100
|-start|p2a: Walking Wake|Salt Cure
|
|-weather|SunnyDay|[upkeep]
|-heal|p1a: Garganacl|79/100|[from] item: Leftovers
|-damage|p2a: Walking Wake|0 fnt|[from] Salt Cure
|faint|p2a: Walking Wake
|-end|p2a: Walking Wake|Protosynthesis|[silent]
|upkeep
|
|t:|1758969694
|switch|p2a: Raging Bolt|Raging Bolt|100/100
|-damage|p2a: Raging Bolt|88/100|[from] Stealth Rock
|-activate|p2a: Raging Bolt|ability: Protosynthesis
|-start|p2a: Raging Bolt|protosynthesisspa
|turn|23
|j| wgw2333
|
|t:|1758969700
|move|p1a: Garganacl|Protect|p1a: Garganacl
|-singleturn|p1a: Garganacl|Protect
|move|p2a: Raging Bolt|Solar Beam||[still]
|-prepare|p2a: Raging Bolt|Solar Beam
|-anim|p2a: Raging Bolt|Solar Beam|p1a: Garganacl
|-activate|p1a: Garganacl|move: Protect
|
|-weather|SunnyDay|[upkeep]
|-heal|p1a: Garganacl|85/100|[from] item: Leftovers
|upkeep
|turn|24
|
|t:|1758969706
|switch|p1a: Moltres|Moltres|82/100
|move|p2a: Raging Bolt|Solar Beam||[still]
|-prepare|p2a: Raging Bolt|Solar Beam
|-anim|p2a: Raging Bolt|Solar Beam|p1a: Moltres
|-resisted|p1a: Moltres
|-damage|p1a: Moltres|72/100
|
|-weather|SunnyDay|[upkeep]
|upkeep
|turn|25
|
|t:|1758969722
|move|p1a: Moltres|U-turn|p2a: Raging Bolt
|-damage|p2a: Raging Bolt|77/100
|
|t:|1758969730
|switch|p1a: Kingambit|Kingambit, M|100/100|[from] U-turn
|-damage|p1a: Kingambit|94/100|[from] Stealth Rock
|-damage|p1a: Kingambit|82/100|[from] Spikes
|-activate|p1a: Kingambit|ability: Supreme Overlord
|-start|p1a: Kingambit|fallen1|[silent]
|move|p2a: Raging Bolt|Dragon Pulse|p1a: Kingambit
|-resisted|p1a: Kingambit
|-damage|p1a: Kingambit|56/100
|
|-weather|none
|-end|p2a: Raging Bolt|Protosynthesis
|-heal|p1a: Kingambit|62/100|[from] item: Leftovers
|upkeep
|turn|26
|
|t:|1758969737
|-end|p2a: Raging Bolt|Protosynthesis|[silent]
|switch|p2a: Cinderace|Cinderace, F|33/100
|move|p1a: Kingambit|Kowtow Cleave|p2a: Cinderace
|-damage|p2a: Cinderace|0 fnt
|faint|p2a: Cinderace
|
|-heal|p1a: Kingambit|68/100|[from] item: Leftovers
|upkeep
|j| BadPkmPlayer
|
|t:|1758969744
|switch|p2a: Ninetales|Ninetales, M|51/100
|-damage|p2a: Ninetales|26/100|[from] Stealth Rock
|-weather|SunnyDay|[from] ability: Drought|[of] p2a: Ninetales
|turn|27
|
|t:|1758969749
|switch|p2a: Zamazenta|Zamazenta|27/100
|-damage|p2a: Zamazenta|21/100|[from] Stealth Rock
|move|p1a: Kingambit|Swords Dance|p1a: Kingambit
|-boost|p1a: Kingambit|atk|2
|
|-weather|SunnyDay|[upkeep]
|-heal|p1a: Kingambit|74/100|[from] item: Leftovers
|upkeep
|turn|28
|
|t:|1758969768
|move|p1a: Kingambit|Iron Head|p2a: Zamazenta
|-damage|p2a: Zamazenta|0 fnt
|faint|p2a: Zamazenta
|
|-weather|SunnyDay|[upkeep]
|-heal|p1a: Kingambit|81/100|[from] item: Leftovers
|upkeep
|
|t:|1758969770
|switch|p2a: Raging Bolt|Raging Bolt|77/100
|-damage|p2a: Raging Bolt|65/100|[from] Stealth Rock
|-activate|p2a: Raging Bolt|ability: Protosynthesis
|-start|p2a: Raging Bolt|protosynthesisspa
|turn|29
|inactive|gen 9 sab truther has 120 seconds left.
|inactive|gen 9 sab truther has 90 seconds left.
|
|t:|1758969835
|-terastallize|p2a: Raging Bolt|Fairy
|move|p1a: Kingambit|Sucker Punch|p2a: Raging Bolt
|-resisted|p2a: Raging Bolt
|-damage|p2a: Raging Bolt|29/100
|move|p2a: Raging Bolt|Weather Ball|p1a: Kingambit
|-supereffective|p1a: Kingambit
|-damage|p1a: Kingambit|0 fnt
|faint|p1a: Kingambit
|-end|p1a: Kingambit|fallen1|[silent]
|
|-weather|SunnyDay|[upkeep]
|upkeep
|inactive|gen 9 sab truther has 90 seconds left.
|
|t:|1758969841
|switch|p1a: Great Tusk|Great Tusk|92/100
|-activate|p1a: Great Tusk|ability: Protosynthesis
|-start|p1a: Great Tusk|protosynthesisatk
|turn|30
|-message|qways forfeited.
|
|win|gen 9 sab truther
|raw|gen 9 sab truther's rating: 1648 &rarr; <strong>1675</strong><br />(+27 for winning)
|raw|qways's rating: 1776 &rarr; <strong>1749</strong><br />(-27 for losing)
|l|☆qways
|player|p2|
|l|☆gen 9 sab truther
|player|p1|
|l| badpkmplayer
