|j|☆stysccc
|j|☆Naturmacht
|t:|1759021166
|gametype|singles
|player|p1|stysccc|rosa|1318
|player|p2|Naturmacht|piers|1303
|gen|9
|tier|[Gen 9] OU
|rated|
|rule|HP Percentage Mod: HP is shown in percentages
|rule|Endless Battle Clause: Forcing endless battles is banned
|rule|Species Clause: Limit one of each Pokémon
|rule|OHKO Clause: OHKO moves are banned
|rule|Evasion Items Clause: Evasion items are banned
|rule|Evasion Moves Clause: Evasion moves are banned
|rule|Evasion Abilities Clause: Evasion abilities are banned
|rule|Sleep Moves Clause: Sleep-inducing moves are banned
|clearpoke
|poke|p1|Walking Wake|
|poke|p1|Raging Bolt|
|poke|p1|Dragapult, F|
|poke|p1|Kingambit, M|
|poke|p1|Torkoal, F|
|poke|p1|Great Tusk|
|poke|p2|Rillaboom, M|
|poke|p2|Hatterene, F|
|poke|p2|Heatran, M|
|poke|p2|Clodsire, M|
|poke|p2|Great Tusk|
|poke|p2|Ogerpon-Wellspring, F|
|teampreview
|inactive|Battle timer is ON: inactive players will automatically lose when time's up. (requested by Naturmacht)
|
|t:|1759021177
|teamsize|p1|6
|teamsize|p2|6
|start
|switch|p1a: Great Tusk|Great Tusk|100/100
|switch|p2a: Heatran|Heatran, M|100/100
|turn|1
|inactive|Naturmacht has 120 seconds left.
|
|t:|1759021210
|switch|p2a: Hatterene|Hatterene, F|100/100
|move|p1a: Great Tusk|Headlong Rush|p2a: Hatterene
|-crit|p2a: Hatterene
|-damage|p2a: Hatterene|11/100
|-unboost|p1a: Great Tusk|def|1
|-unboost|p1a: Great Tusk|spd|1
|
|-heal|p2a: Hatterene|17/100|[from] item: Leftovers
|upkeep
|turn|2
|
|t:|1759021219
|switch|p2a: Rillaboom|Rillaboom, M|100/100
|-fieldstart|move: Grassy Terrain|[from] ability: Grassy Surge|[of] p2a: Rillaboom
|move|p1a: Great Tusk|Rapid Spin|p2a: Rillaboom
|-damage|p2a: Rillaboom|81/100
|-boost|p1a: Great Tusk|spe|1
|
|-heal|p2a: Rillaboom|87/100|[from] Grassy Terrain
|upkeep
|turn|3
|
|t:|1759021228
|move|p2a: Rillaboom|Grassy Glide|p1a: Great Tusk
|-supereffective|p1a: Great Tusk
|-damage|p1a: Great Tusk|31/100
|move|p1a: Great Tusk|Ice Spinner|p2a: Rillaboom
|-supereffective|p2a: Rillaboom
|-damage|p2a: Rillaboom|25/100
|-fieldend|move: Grassy Terrain
|
|upkeep
|turn|4
|
|t:|1759021240
|switch|p2a: Hatterene|Hatterene, F|17/100
|move|p1a: Great Tusk|Rapid Spin|p2a: Hatterene
|-damage|p2a: Hatterene|0 fnt
|-boost|p1a: Great Tusk|spe|1
|faint|p2a: Hatterene
|
|upkeep
|
|t:|1759021247
|switch|p2a: Rillaboom|Rillaboom, M|25/100
|-fieldstart|move: Grassy Terrain|[from] ability: Grassy Surge|[of] p2a: Rillaboom
|turn|5
|
|t:|1759021256
|-end|p1a: Great Tusk|Protosynthesis|[silent]
|switch|p1a: Torkoal|Torkoal, F, shiny|100/100
|-weather|SunnyDay|[from] ability: Drought|[of] p1a: Torkoal
|move|p2a: Rillaboom|Grassy Glide|p1a: Torkoal
|-resisted|p1a: Torkoal
|-damage|p1a: Torkoal|87/100
|
|-weather|SunnyDay|[upkeep]
|-heal|p2a: Rillaboom|31/100|[from] Grassy Terrain
|-heal|p1a: Torkoal|93/100|[from] Grassy Terrain
|upkeep
|turn|6
|
|t:|1759021269
|switch|p2a: Clodsire|Clodsire, M|100/100
|move|p1a: Torkoal|Earth Power|p2a: Clodsire
|-supereffective|p2a: Clodsire
|-damage|p2a: Clodsire|78/100
|
|-weather|SunnyDay|[upkeep]
|-heal|p2a: Clodsire|84/100|[from] Grassy Terrain
|-heal|p1a: Torkoal|99/100|[from] Grassy Terrain
|-heal|p2a: Clodsire|91/100|[from] item: Leftovers
|upkeep
|turn|7
|
|t:|1759021283
|switch|p1a: Great Tusk|Great Tusk|31/100
|-activate|p1a: Great Tusk|ability: Protosynthesis
|-start|p1a: Great Tusk|protosynthesisatk
|move|p2a: Clodsire|Toxic|p1a: Great Tusk
|-status|p1a: Great Tusk|tox
|
|-weather|SunnyDay|[upkeep]
|-heal|p1a: Great Tusk|37/100 tox|[from] Grassy Terrain
|-heal|p2a: Clodsire|97/100|[from] Grassy Terrain
|-heal|p2a: Clodsire|100/100|[from] item: Leftovers
|-damage|p1a: Great Tusk|31/100 tox|[from] psn
|upkeep
|turn|8
|
|t:|1759021295
|move|p1a: Great Tusk|Headlong Rush|p2a: Clodsire
|-supereffective|p2a: Clodsire
|-damage|p2a: Clodsire|0 fnt
|-unboost|p1a: Great Tusk|def|1
|-unboost|p1a: Great Tusk|spd|1
|faint|p2a: Clodsire
|
|-weather|SunnyDay|[upkeep]
|-heal|p1a: Great Tusk|37/100 tox|[from] Grassy Terrain
|-damage|p1a: Great Tusk|25/100 tox|[from] psn
|upkeep
|
|t:|1759021304
|switch|p2a: Ogerpon|Ogerpon-Wellspring, F|100/100
|turn|9
|
|t:|1759021332
|-end|p1a: Great Tusk|Protosynthesis|[silent]
|switch|p1a: Torkoal|Torkoal, F, shiny|99/100
|move|p2a: Ogerpon|Swords Dance|p2a: Ogerpon
|-boost|p2a: Ogerpon|atk|2
|
|-weather|SunnyDay|[upkeep]
|-heal|p1a: Torkoal|100/100|[from] Grassy Terrain
|upkeep
|turn|10
|
|t:|1759021350
|move|p2a: Ogerpon|Ivy Cudgel|p1a: Torkoal|[anim] Ivy Cudgel Water
|-supereffective|p1a: Torkoal
|-damage|p1a: Torkoal|21/100
|move|p1a: Torkoal|Will-O-Wisp|p2a: Ogerpon
|-status|p2a: Ogerpon|brn
|
|-weather|SunnyDay|[upkeep]
|-heal|p1a: Torkoal|28/100|[from] Grassy Terrain
|-damage|p2a: Ogerpon|95/100 brn|[from] brn
|upkeep
|turn|11
|
|t:|1759021365
|switch|p1a: Walking Wake|Walking Wake|100/100
|-activate|p1a: Walking Wake|ability: Protosynthesis
|-start|p1a: Walking Wake|protosynthesisspe
|move|p2a: Ogerpon|Swords Dance|p2a: Ogerpon
|-boost|p2a: Ogerpon|atk|2
|
|-weather|SunnyDay|[upkeep]
|-heal|p2a: Ogerpon|100/100 brn|[from] Grassy Terrain
|-damage|p2a: Ogerpon|95/100 brn|[from] brn
|upkeep
|turn|12
|
|t:|1759021376
|-terastallize|p2a: Ogerpon|Water
|detailschange|p2a: Ogerpon|Ogerpon-Wellspring-Tera, F, tera:Water
|-ability|p2a: Ogerpon|Embody Aspect (Wellspring)|boost
|-boost|p2a: Ogerpon|spd|1
|move|p1a: Walking Wake|Draco Meteor|p2a: Ogerpon
|-damage|p2a: Ogerpon|28/100 brn
|-unboost|p1a: Walking Wake|spa|2
|-damage|p1a: Walking Wake|91/100|[from] item: Life Orb
|move|p2a: Ogerpon|Horn Leech|p1a: Walking Wake
|-damage|p1a: Walking Wake|0 fnt
|-heal|p2a: Ogerpon|79/100 brn|[from] drain|[of] p1a: Walking Wake
|faint|p1a: Walking Wake
|-end|p1a: Walking Wake|Protosynthesis|[silent]
|
|-weather|none
|-heal|p2a: Ogerpon|85/100 brn|[from] Grassy Terrain
|-damage|p2a: Ogerpon|79/100 brn|[from] brn
|-fieldend|move: Grassy Terrain
|upkeep
|
|t:|1759021389
|switch|p1a: Torkoal|Torkoal, F, shiny|28/100
|-weather|SunnyDay|[from] ability: Drought|[of] p1a: Torkoal
|turn|13
|
|t:|1759021399
|move|p2a: Ogerpon|Swords Dance|p2a: Ogerpon
|-boost|p2a: Ogerpon|atk|2
|move|p1a: Torkoal|Overheat|p2a: Ogerpon
|-resisted|p2a: Ogerpon
|-damage|p2a: Ogerpon|51/100 brn
|-unboost|p1a: Torkoal|spa|2
|
|-weather|SunnyDay|[upkeep]
|-damage|p2a: Ogerpon|45/100 brn|[from] brn
|upkeep
|turn|14
|
|t:|1759021408
|move|p2a: Ogerpon|Horn Leech|p1a: Torkoal
|-resisted|p1a: Torkoal
|-damage|p1a: Torkoal|0 fnt
|-heal|p2a: Ogerpon|61/100 brn|[from] drain|[of] p1a: Torkoal
|faint|p1a: Torkoal
|
|-weather|SunnyDay|[upkeep]
|-damage|p2a: Ogerpon|55/100 brn|[from] brn
|upkeep
|
|t:|1759021413
|switch|p1a: Raging Bolt|Raging Bolt|100/100
|-activate|p1a: Raging Bolt|ability: Protosynthesis
|-start|p1a: Raging Bolt|protosynthesisspa
|turn|15
|
|t:|1759021420
|move|p2a: Ogerpon|Encore||[still]
|-fail|p2a: Ogerpon
|move|p1a: Raging Bolt|Thunderbolt|p2a: Ogerpon
|-supereffective|p2a: Ogerpon
|-damage|p2a: Ogerpon|0 fnt
|faint|p2a: Ogerpon
|detailschange|p2: Ogerpon|Ogerpon-Wellspring, F|[silent]
|
|-weather|SunnyDay|[upkeep]
|upkeep
|
|t:|1759021428
|switch|p2a: Great Tusk|Great Tusk|100/100
|-activate|p2a: Great Tusk|ability: Protosynthesis
|-start|p2a: Great Tusk|protosynthesisatk
|turn|16
|
|t:|1759021455
|-end|p1a: Raging Bolt|Protosynthesis|[silent]
|switch|p1a: Dragapult|Dragapult, F|100/100
|move|p2a: Great Tusk|Rapid Spin|p1a: Dragapult
|-immune|p1a: Dragapult
|
|-weather|SunnyDay|[upkeep]
|upkeep
|turn|17
|
|t:|1759021464
|-end|p2a: Great Tusk|Protosynthesis|[silent]
|switch|p2a: Heatran|Heatran, M|100/100
|move|p1a: Dragapult|Hex|p2a: Heatran
|-damage|p2a: Heatran|79/100
|-damage|p1a: Dragapult|91/100|[from] item: Life Orb
|
|-weather|SunnyDay|[upkeep]
|-heal|p2a: Heatran|85/100|[from] item: Leftovers
|upkeep
|turn|18
|
|t:|1759021477
|switch|p1a: Kingambit|Kingambit, M|100/100
|move|p2a: Heatran|Magma Storm|p1a: Kingambit|[miss]
|-miss|p2a: Heatran|p1a: Kingambit
|
|-weather|SunnyDay|[upkeep]
|-heal|p2a: Heatran|91/100|[from] item: Leftovers
|upkeep
|turn|19
|
|t:|1759021485
|move|p2a: Heatran|Magma Storm|p1a: Kingambit
|-supereffective|p1a: Kingambit
|-damage|p1a: Kingambit|0 fnt
|faint|p1a: Kingambit
|
|-weather|SunnyDay|[upkeep]
|-heal|p2a: Heatran|98/100|[from] item: Leftovers
|upkeep
|
|t:|1759021488
|switch|p1a: Great Tusk|Great Tusk|25/100 tox
|-activate|p1a: Great Tusk|ability: Protosynthesis
|-start|p1a: Great Tusk|protosynthesisatk
|turn|20
|
|t:|1759021495
|move|p2a: Heatran|Protect|p2a: Heatran
|-singleturn|p2a: Heatran|Protect
|move|p1a: Great Tusk|Headlong Rush|p2a: Heatran
|-activate|p2a: Heatran|move: Protect
|
|-weather|none
|-end|p1a: Great Tusk|Protosynthesis
|-heal|p2a: Heatran|100/100|[from] item: Leftovers
|-damage|p1a: Great Tusk|18/100 tox|[from] psn
|upkeep
|turn|21
|
|t:|1759021504
|switch|p2a: Rillaboom|Rillaboom, M|31/100
|-fieldstart|move: Grassy Terrain|[from] ability: Grassy Surge|[of] p2a: Rillaboom
|move|p1a: Great Tusk|Headlong Rush|p2a: Rillaboom
|-resisted|p2a: Rillaboom
|-damage|p2a: Rillaboom|0 fnt
|-unboost|p1a: Great Tusk|def|1
|-unboost|p1a: Great Tusk|spd|1
|faint|p2a: Rillaboom
|
|-heal|p1a: Great Tusk|25/100 tox|[from] Grassy Terrain
|-damage|p1a: Great Tusk|12/100 tox|[from] psn
|upkeep
|
|t:|1759021516
|switch|p2a: Great Tusk|Great Tusk|100/100
|turn|22
|
|t:|1759021526
|move|p2a: Great Tusk|Knock Off|p1a: Great Tusk
|-resisted|p1a: Great Tusk
|-damage|p1a: Great Tusk|0 fnt
|-enditem|p1a: Great Tusk|Assault Vest|[from] move: Knock Off|[of] p2a: Great Tusk
|faint|p1a: Great Tusk
|-end|p1a: Great Tusk|Protosynthesis|[silent]
|
|upkeep
|
|t:|1759021532
|switch|p1a: Dragapult|Dragapult, F|91/100
|turn|23
|
|t:|1759021538
|-end|p2a: Great Tusk|Protosynthesis|[silent]
|switch|p2a: Heatran|Heatran, M|100/100
|move|p1a: Dragapult|Hex|p2a: Heatran
|-damage|p2a: Heatran|76/100
|-damage|p1a: Dragapult|81/100|[from] item: Life Orb
|
|-heal|p1a: Dragapult|87/100|[from] Grassy Terrain
|-heal|p2a: Heatran|82/100|[from] Grassy Terrain
|-heal|p2a: Heatran|88/100|[from] item: Leftovers
|upkeep
|turn|24
|
|t:|1759021551
|move|p1a: Dragapult|Hex|p2a: Heatran
|-damage|p2a: Heatran|67/100
|-damage|p1a: Dragapult|77/100|[from] item: Life Orb
|move|p2a: Heatran|Magma Storm|p1a: Dragapult
|-resisted|p1a: Dragapult
|-damage|p1a: Dragapult|46/100
|-activate|p1a: Dragapult|move: Magma Storm|[of] p2a: Heatran
|
|-heal|p1a: Dragapult|52/100|[from] Grassy Terrain
|-heal|p2a: Heatran|73/100|[from] Grassy Terrain
|-heal|p2a: Heatran|80/100|[from] item: Leftovers
|-damage|p1a: Dragapult|40/100|[from] move: Magma Storm|[partiallytrapped]
|upkeep
|turn|25
|
|t:|1759021563
|move|p1a: Dragapult|Hex|p2a: Heatran
|-damage|p2a: Heatran|55/100
|-damage|p1a: Dragapult|30/100|[from] item: Life Orb
|move|p2a: Heatran|Stealth Rock|p1a: Dragapult
|-sidestart|p1: stysccc|move: Stealth Rock
|
|-heal|p1a: Dragapult|36/100|[from] Grassy Terrain
|-heal|p2a: Heatran|61/100|[from] Grassy Terrain
|-heal|p2a: Heatran|67/100|[from] item: Leftovers
|-damage|p1a: Dragapult|24/100|[from] move: Magma Storm|[partiallytrapped]
|upkeep
|turn|26
|
|t:|1759021574
|move|p1a: Dragapult|Thunderbolt|p2a: Heatran
|-damage|p2a: Heatran|48/100
|-damage|p1a: Dragapult|14/100|[from] item: Life Orb
|move|p2a: Heatran|Earth Power|p1a: Dragapult
|-crit|p1a: Dragapult
|-damage|p1a: Dragapult|0 fnt
|faint|p1a: Dragapult
|
|-heal|p2a: Heatran|54/100|[from] Grassy Terrain
|-heal|p2a: Heatran|60/100|[from] item: Leftovers
|upkeep
|
|t:|1759021578
|switch|p1a: Raging Bolt|Raging Bolt|100/100
|-damage|p1a: Raging Bolt|88/100|[from] Stealth Rock
|turn|27
|c|☆Naturmacht|ur good
|
|t:|1759021588
|move|p2a: Heatran|Protect|p2a: Heatran
|-singleturn|p2a: Heatran|Protect
|move|p1a: Raging Bolt|Thunderbolt|p2a: Heatran
|-activate|p2a: Heatran|move: Protect
|
|-heal|p2a: Heatran|67/100|[from] Grassy Terrain
|-heal|p2a: Heatran|73/100|[from] item: Leftovers
|-heal|p1a: Raging Bolt|94/100|[from] Grassy Terrain
|upkeep
|turn|28
|
|t:|1759021599
|move|p2a: Heatran|Magma Storm|p1a: Raging Bolt
|-resisted|p1a: Raging Bolt
|-damage|p1a: Raging Bolt|82/100
|-activate|p1a: Raging Bolt|move: Magma Storm|[of] p2a: Heatran
|move|p1a: Raging Bolt|Thunderbolt|p2a: Heatran
|-damage|p2a: Heatran|41/100
|
|-heal|p2a: Heatran|47/100|[from] Grassy Terrain
|-heal|p2a: Heatran|53/100|[from] item: Leftovers
|-heal|p1a: Raging Bolt|88/100|[from] Grassy Terrain
|-damage|p1a: Raging Bolt|76/100|[from] move: Magma Storm|[partiallytrapped]
|-fieldend|move: Grassy Terrain
|upkeep
|turn|29
|
|t:|1759021612
|-terastallize|p1a: Raging Bolt|Electric
|move|p2a: Heatran|Protect|p2a: Heatran
|-singleturn|p2a: Heatran|Protect
|move|p1a: Raging Bolt|Thunderbolt|p2a: Heatran
|-activate|p2a: Heatran|move: Protect
|
|-heal|p2a: Heatran|59/100|[from] item: Leftovers
|-damage|p1a: Raging Bolt|63/100|[from] move: Magma Storm|[partiallytrapped]
|upkeep
|turn|30
|
|t:|1759021621
|move|p2a: Heatran|Earth Power|p1a: Raging Bolt
|-supereffective|p1a: Raging Bolt
|-damage|p1a: Raging Bolt|34/100
|move|p1a: Raging Bolt|Thunderbolt|p2a: Heatran
|-damage|p2a: Heatran|17/100
|
|-heal|p2a: Heatran|23/100|[from] item: Leftovers
|-damage|p1a: Raging Bolt|21/100|[from] move: Magma Storm|[partiallytrapped]
|upkeep
|turn|31
|
|t:|1759021629
|move|p1a: Raging Bolt|Thunderclap|p2a: Heatran
|-damage|p2a: Heatran|0 fnt
|faint|p2a: Heatran
|
|-end|p1a: Raging Bolt|Magma Storm|[partiallytrapped]|[silent]
|upkeep
|
|t:|1759021633
|switch|p2a: Great Tusk|Great Tusk|100/100
|turn|32
|
|t:|1759021636
|move|p2a: Great Tusk|Headlong Rush|p1a: Raging Bolt
|-supereffective|p1a: Raging Bolt
|-damage|p1a: Raging Bolt|0 fnt
|-unboost|p2a: Great Tusk|def|1
|-unboost|p2a: Great Tusk|spd|1
|faint|p1a: Raging Bolt
|-end|p1a: Raging Bolt|Protosynthesis|[silent]
|
|win|Naturmacht
|raw|stysccc's rating: 1318 &rarr; <strong>1297</strong><br />(-21 for losing)
|raw|Naturmacht's rating: 1303 &rarr; <strong>1324</strong><br />(+21 for winning)
|l|☆stysccc
|player|p1|
|c|☆Naturmacht|gg
