|j|☆WolfStern
|j|☆cygg
|t:|1758948686
|gametype|singles
|player|p1|WolfStern|n|1099
|player|p2|cygg|harlequin|1183
|gen|9
|tier|[Gen 9] OU
|rated|
|rule|HP Percentage Mod: HP is shown in percentages
|rule|Endless Battle Clause: Forcing endless battles is banned
|rule|Species Clause: Limit one of each Pokémon
|rule|OHKO Clause: OHKO moves are banned
|rule|Evasion Items Clause: Evasion items are banned
|rule|Evasion Moves Clause: Evasion moves are banned
|rule|Evasion Abilities Clause: Evasion abilities are banned
|rule|Sleep Moves Clause: Sleep-inducing moves are banned
|clearpoke
|poke|p1|Slowking-Galar, F|
|poke|p1|Lokix, M|
|poke|p1|Great Tusk|
|poke|p1|Cinderace, F|
|poke|p1|Dragapult, F|
|poke|p1|Iron Crown|
|poke|p2|Zarude-Dada|
|poke|p2|Dragonite, M|
|poke|p2|Azumarill, M|
|poke|p2|Gliscor, F|
|poke|p2|Glimmora, M|
|poke|p2|Araquanid, F|
|teampreview
|inactive|Battle timer is ON: inactive players will automatically lose when time's up. (requested by cygg)
|
|t:|1758948707
|teamsize|p1|6
|teamsize|p2|6
|start
|switch|p1a: Lokix|Lokix, M|100/100
|switch|p2a: Glimmora|Glimmora, M|100/100
|turn|1
|
|t:|1758948714
|switch|p1a: Iron Crown|Iron Crown|100/100
|move|p2a: Glimmora|Power Gem|p1a: Iron Crown
|-resisted|p1a: Iron Crown
|-damage|p1a: Iron Crown|81/100
|
|upkeep
|turn|2
|
|t:|1758948732
|switch|p2a: Araquanid|Araquanid, F|100/100
|move|p1a: Iron Crown|Volt Switch|p2a: Araquanid
|-supereffective|p2a: Araquanid
|-damage|p2a: Araquanid|72/100
|
|t:|1758948754
|-end|p1a: Iron Crown|Quark Drive|[silent]
|switch|p1a: Dragapult|Dragapult, F|100/100|[from] Volt Switch
|
|-heal|p2a: Araquanid|78/100|[from] item: Leftovers
|upkeep
|turn|3
|
|t:|1758948764
|move|p1a: Dragapult|Draco Meteor|p2a: Araquanid
|-damage|p2a: Araquanid|24/100
|-unboost|p1a: Dragapult|spa|2
|move|p2a: Araquanid|Sticky Web|p1a: Dragapult
|-sidestart|p1: WolfStern|move: Sticky Web
|
|-heal|p2a: Araquanid|30/100|[from] item: Leftovers
|upkeep
|turn|4
|inactive|WolfStern has 120 seconds left.
|
|t:|1758948785
|move|p1a: Dragapult|Draco Meteor|p2a: Araquanid
|-damage|p2a: Araquanid|4/100
|-unboost|p1a: Dragapult|spa|2
|move|p2a: Araquanid|Reflect|p2a: Araquanid
|-sidestart|p2: cygg|Reflect
|
|-heal|p2a: Araquanid|10/100|[from] item: Leftovers
|upkeep
|turn|5
|inactive|WolfStern has 120 seconds left.
|
|t:|1758948793
|move|p1a: Dragapult|Draco Meteor|p2a: Araquanid
|-damage|p2a: Araquanid|0 fnt
|-unboost|p1a: Dragapult|spa|2
|faint|p2a: Araquanid
|
|upkeep
|
|t:|1758948799
|switch|p2a: Zarude|Zarude-Dada|100/100
|turn|6
|inactive|WolfStern has 120 seconds left.
|
|t:|1758948830
|switch|p1a: Great Tusk|Great Tusk|100/100
|-activate|p1a: Great Tusk|move: Sticky Web
|-unboost|p1a: Great Tusk|spe|1
|move|p2a: Zarude|Swords Dance|p2a: Zarude
|-boost|p2a: Zarude|atk|2
|
|upkeep
|turn|7
|inactive|WolfStern has 90 seconds left.
|
|t:|1758948868
|-terastallize|p2a: Zarude|Water
|move|p2a: Zarude|Seed Bomb|p1a: Great Tusk
|-supereffective|p1a: Great Tusk
|-damage|p1a: Great Tusk|27/100
|move|p1a: Great Tusk|Rapid Spin|p2a: Zarude
|-damage|p2a: Zarude|94/100
|-boost|p1a: Great Tusk|spe|1
|-sideend|p1: WolfStern|Sticky Web|[from] move: Rapid Spin|[of] p1a: Great Tusk
|
|-heal|p1a: Great Tusk|33/100|[from] item: Leftovers
|upkeep
|turn|8
|
|t:|1758948880
|move|p2a: Zarude|Seed Bomb|p1a: Great Tusk
|-supereffective|p1a: Great Tusk
|-damage|p1a: Great Tusk|0 fnt
|faint|p1a: Great Tusk
|-end|p1a: Great Tusk|Protosynthesis|[silent]
|
|-sideend|p2: cygg|Reflect
|upkeep
|
|t:|1758948894
|switch|p1a: Dragapult|Dragapult, F|100/100
|turn|9
|
|t:|1758948903
|switch|p2a: Azumarill|Azumarill, M|100/100
|move|p1a: Dragapult|Thunderbolt|p2a: Azumarill
|-supereffective|p2a: Azumarill
|-damage|p2a: Azumarill|20/100
|
|upkeep
|turn|10
|
|t:|1758948912
|switch|p2a: Gliscor|Gliscor, F|100/100
|move|p1a: Dragapult|Thunderbolt|p2a: Gliscor
|-immune|p2a: Gliscor
|
|-status|p2a: Gliscor|tox|[from] item: Toxic Orb
|upkeep
|turn|11
|inactive|WolfStern has 90 seconds left.
|
|t:|1758948939
|switch|p1a: Slowking|Slowking-Galar, F|100/100
|move|p2a: Gliscor|Sand Tomb|p1a: Slowking
|-supereffective|p1a: Slowking
|-damage|p1a: Slowking|76/100
|-activate|p1a: Slowking|move: Sand Tomb|[of] p2a: Gliscor
|
|-heal|p1a: Slowking|82/100|[from] item: Black Sludge
|-damage|p1a: Slowking|70/100|[from] move: Sand Tomb|[partiallytrapped]
|upkeep
|turn|12
|inactive|WolfStern has 60 seconds left.
|
|t:|1758948960
|move|p2a: Gliscor|Stealth Rock|p1a: Slowking
|-sidestart|p1: WolfStern|move: Stealth Rock
|-prepare|p1a: Slowking|Chilly Reception|[premajor]
|move|p1a: Slowking|Chilly Reception|p1a: Slowking
|-weather|Snowscape
|inactive|WolfStern has 60 seconds left.
|
|t:|1758948966
|switch|p1a: Dragapult|Dragapult, F|100/100|[from] Chilly Reception
|-damage|p1a: Dragapult|88/100|[from] Stealth Rock
|
|-weather|Snowscape|[upkeep]
|upkeep
|turn|13
|
|t:|1758948976
|move|p2a: Gliscor|Protect|p2a: Gliscor
|-singleturn|p2a: Gliscor|Protect
|move|p1a: Dragapult|Draco Meteor|p2a: Gliscor
|-activate|p2a: Gliscor|move: Protect
|
|-weather|Snowscape|[upkeep]
|upkeep
|turn|14
|inactive|WolfStern has 60 seconds left.
|
|t:|1758948991
|switch|p1a: Lokix|Lokix, M|100/100
|-damage|p1a: Lokix|75/100|[from] Stealth Rock
|switch|p2a: Azumarill|Azumarill, M|20/100
|
|-weather|Snowscape|[upkeep]
|upkeep
|turn|15
|
|t:|1758948999
|switch|p2a: Glimmora|Glimmora, M|100/100
|move|p1a: Lokix|First Impression|p2a: Glimmora
|-resisted|p2a: Glimmora
|-damage|p2a: Glimmora|40/100
|-activate|p2a: Glimmora|ability: Toxic Debris
|-sidestart|p1: WolfStern|move: Toxic Spikes
|-damage|p1a: Lokix|66/100|[from] item: Life Orb
|
|-weather|Snowscape|[upkeep]
|upkeep
|turn|16
|
|t:|1758949012
|switch|p2a: Zarude|Zarude-Dada, tera:Water|94/100
|move|p1a: Lokix|U-turn|p2a: Zarude
|-damage|p2a: Zarude|55/100
|-damage|p1a: Lokix|56/100|[from] item: Life Orb
|inactive|WolfStern has 60 seconds left.
|
|t:|1758949035
|switch|p1a: Iron Crown|Iron Crown|81/100|[from] U-turn
|-damage|p1a: Iron Crown|75/100|[from] Stealth Rock
|
|-weather|none
|upkeep
|turn|17
|
|t:|1758949043
|move|p1a: Iron Crown|Volt Switch|p2a: Zarude
|-supereffective|p2a: Zarude
|-crit|p2a: Zarude
|-damage|p2a: Zarude|0 fnt
|faint|p2a: Zarude
|
|t:|1758949054
|-end|p1a: Iron Crown|Quark Drive|[silent]
|switch|p1a: Slowking|Slowking-Galar, F|100/100|[from] Volt Switch
|-damage|p1a: Slowking|88/100|[from] Stealth Rock
|-sideend|p1: WolfStern|move: Toxic Spikes|[of] p1a: Slowking
|
|-heal|p1a: Slowking|94/100|[from] item: Black Sludge
|upkeep
|
|t:|1758949064
|switch|p2a: Azumarill|Azumarill, M|20/100
|turn|18
|inactive|WolfStern has 60 seconds left.
|
|t:|1758949076
|move|p2a: Azumarill|Aqua Tail|p1a: Slowking
|-damage|p1a: Slowking|10/100
|move|p1a: Slowking|Sludge Wave|p2a: Azumarill
|-supereffective|p2a: Azumarill
|-damage|p2a: Azumarill|0 fnt
|faint|p2a: Azumarill
|
|-heal|p1a: Slowking|16/100|[from] item: Black Sludge
|upkeep
|
|t:|1758949084
|switch|p2a: Dragonite|Dragonite, M|100/100
|turn|19
|inactive|WolfStern has 60 seconds left.
|
|t:|1758949109
|move|p2a: Dragonite|Thunder Wave|p1a: Slowking
|-status|p1a: Slowking|par
|move|p1a: Slowking|Slack Off|p1a: Slowking
|-heal|p1a: Slowking|66/100 par
|
|-heal|p1a: Slowking|73/100 par|[from] item: Black Sludge
|upkeep
|turn|20
|
|t:|1758949125
|move|p2a: Dragonite|Bulldoze|p1a: Slowking
|-supereffective|p1a: Slowking
|-damage|p1a: Slowking|38/100 par
|-unboost|p1a: Slowking|spe|1
|cant|p1a: Slowking|par
|
|-heal|p1a: Slowking|44/100 par|[from] item: Black Sludge
|upkeep
|turn|21
|
|t:|1758949133
|move|p2a: Dragonite|Bulldoze|p1a: Slowking
|-supereffective|p1a: Slowking
|-damage|p1a: Slowking|7/100 par
|-unboost|p1a: Slowking|spe|1
|cant|p1a: Slowking|par
|
|-heal|p1a: Slowking|13/100 par|[from] item: Black Sludge
|upkeep
|turn|22
|
|t:|1758949144
|move|p2a: Dragonite|Bulldoze|p1a: Slowking
|-supereffective|p1a: Slowking
|-damage|p1a: Slowking|0 fnt
|faint|p1a: Slowking
|
|upkeep
|inactive|WolfStern has 30 seconds left.
|
|t:|1758949175
|switch|p1a: Iron Crown|Iron Crown|75/100
|-damage|p1a: Iron Crown|69/100|[from] Stealth Rock
|turn|23
|inactive|WolfStern has 30 seconds left.
|
|t:|1758949181
|move|p1a: Iron Crown|Volt Switch|p2a: Dragonite
|-damage|p2a: Dragonite|93/100
|inactive|WolfStern has 30 seconds left.
|
|t:|1758949187
|-end|p1a: Iron Crown|Quark Drive|[silent]
|switch|p1a: Cinderace|Cinderace, F|100/100|[from] Volt Switch
|-damage|p1a: Cinderace|76/100|[from] Stealth Rock
|move|p2a: Dragonite|Bulldoze|p1a: Cinderace
|-supereffective|p1a: Cinderace
|-damage|p1a: Cinderace|27/100
|-unboost|p1a: Cinderace|spe|1
|
|upkeep
|turn|24
|inactive|WolfStern has 30 seconds left.
|
|t:|1758949206
|move|p1a: Cinderace|U-turn|p2a: Dragonite
|-resisted|p2a: Dragonite
|-damage|p2a: Dragonite|83/100
|inactive|WolfStern has 30 seconds left this turn.
|
|t:|1758949209
|switch|p1a: Iron Crown|Iron Crown|69/100|[from] U-turn
|-damage|p1a: Iron Crown|62/100|[from] Stealth Rock
|move|p2a: Dragonite|Roost|p2a: Dragonite
|-heal|p2a: Dragonite|100/100
|-singleturn|p2a: Dragonite|move: Roost
|
|upkeep
|turn|25
|inactive|WolfStern has 30 seconds left.
|
|t:|1758949221
|move|p1a: Iron Crown|Psychic|p2a: Dragonite
|-damage|p2a: Dragonite|86/100
|move|p2a: Dragonite|Bulldoze|p1a: Iron Crown
|-supereffective|p1a: Iron Crown
|-damage|p1a: Iron Crown|23/100
|-unboost|p1a: Iron Crown|spe|1
|
|upkeep
|turn|26
|
|t:|1758949231
|move|p1a: Iron Crown|Psychic|p2a: Dragonite
|-damage|p2a: Dragonite|55/100
|move|p2a: Dragonite|Roost|p2a: Dragonite
|-heal|p2a: Dragonite|100/100
|-singleturn|p2a: Dragonite|move: Roost
|
|upkeep
|turn|27
|
|t:|1758949239
|switch|p2a: Gliscor|Gliscor, F|100/100 tox
|move|p1a: Iron Crown|Psychic|p2a: Gliscor
|-damage|p2a: Gliscor|48/100 tox
|
|-heal|p2a: Gliscor|60/100 tox|[from] ability: Poison Heal
|upkeep
|turn|28
|
|t:|1758949251
|move|p1a: Iron Crown|Psychic|p2a: Gliscor
|-damage|p2a: Gliscor|9/100 tox
|move|p2a: Gliscor|Sand Tomb|p1a: Iron Crown
|-supereffective|p1a: Iron Crown
|-damage|p1a: Iron Crown|0 fnt
|faint|p1a: Iron Crown
|-end|p1a: Iron Crown|Quark Drive|[silent]
|
|-heal|p2a: Gliscor|21/100 tox|[from] ability: Poison Heal
|upkeep
|
|t:|1758949271
|switch|p1a: Cinderace|Cinderace, F|27/100
|-damage|p1a: Cinderace|2/100|[from] Stealth Rock
|turn|29
|
|t:|1758949279
|switch|p2a: Glimmora|Glimmora, M|40/100
|move|p1a: Cinderace|Pyro Ball|p2a: Glimmora
|-resisted|p2a: Glimmora
|-damage|p2a: Glimmora|0 fnt
|-activate|p2a: Glimmora|ability: Toxic Debris
|-sidestart|p1: WolfStern|move: Toxic Spikes
|faint|p2a: Glimmora
|
|upkeep
|
|t:|1758949287
|switch|p2a: Dragonite|Dragonite, M|100/100
|turn|30
|
|t:|1758949310
|move|p1a: Cinderace|Pyro Ball|p2a: Dragonite
|-resisted|p2a: Dragonite
|-damage|p2a: Dragonite|80/100
|move|p2a: Dragonite|Bulldoze|p1a: Cinderace
|-supereffective|p1a: Cinderace
|-damage|p1a: Cinderace|0 fnt
|faint|p1a: Cinderace
|
|upkeep
|inactive|WolfStern has 30 seconds left.
|
|t:|1758949322
|switch|p1a: Dragapult|Dragapult, F|88/100
|-damage|p1a: Dragapult|76/100|[from] Stealth Rock
|-status|p1a: Dragapult|psn
|turn|31
|
|t:|1758949332
|switch|p2a: Gliscor|Gliscor, F|21/100 tox
|move|p1a: Dragapult|Draco Meteor|p2a: Gliscor
|-damage|p2a: Gliscor|0 fnt
|-unboost|p1a: Dragapult|spa|2
|faint|p2a: Gliscor
|
|-damage|p1a: Dragapult|64/100 psn|[from] psn
|upkeep
|
|t:|1758949340
|switch|p2a: Dragonite|Dragonite, M|80/100
|turn|32
|
|t:|1758949346
|switch|p1a: Lokix|Lokix, M|56/100
|-damage|p1a: Lokix|31/100|[from] Stealth Rock
|-status|p1a: Lokix|psn
|move|p2a: Dragonite|Roost|p2a: Dragonite
|-heal|p2a: Dragonite|100/100
|-singleturn|p2a: Dragonite|move: Roost
|
|-damage|p1a: Lokix|18/100 psn|[from] psn
|upkeep
|turn|33
|
|t:|1758949366
|move|p1a: Lokix|Knock Off|p2a: Dragonite
|-damage|p2a: Dragonite|74/100
|-enditem|p2a: Dragonite|Heavy-Duty Boots|[from] move: Knock Off|[of] p1a: Lokix
|-damage|p1a: Lokix|9/100 psn|[from] item: Life Orb
|move|p2a: Dragonite|Roost|p2a: Dragonite
|-heal|p2a: Dragonite|100/100
|-singleturn|p2a: Dragonite|move: Roost
|
|-damage|p1a: Lokix|0 fnt|[from] psn
|faint|p1a: Lokix
|upkeep
|
|t:|1758949376
|switch|p1a: Dragapult|Dragapult, F|64/100 psn
|-damage|p1a: Dragapult|51/100 psn|[from] Stealth Rock
|turn|34
|
|t:|1758949386
|-terastallize|p1a: Dragapult|Steel
|move|p1a: Dragapult|Draco Meteor|p2a: Dragonite
|-supereffective|p2a: Dragonite
|-damage|p2a: Dragonite|43/100
|-unboost|p1a: Dragapult|spa|2
|move|p2a: Dragonite|Dragon Tail|p1a: Dragapult
|-resisted|p1a: Dragapult
|-damage|p1a: Dragapult|34/100 psn
|
|-damage|p1a: Dragapult|21/100 psn|[from] psn
|upkeep
|turn|35
|
|t:|1758949397
|move|p1a: Dragapult|Draco Meteor|p2a: Dragonite
|-supereffective|p2a: Dragonite
|-damage|p2a: Dragonite|0 fnt
|-unboost|p1a: Dragapult|spa|2
|faint|p2a: Dragonite
|
|win|WolfStern
|raw|WolfStern's rating: 1099 &rarr; <strong>1130</strong><br />(+31 for winning)
|raw|cygg's rating: 1183 &rarr; <strong>1152</strong><br />(-31 for losing)
|l|☆cygg
|player|p2|
