|j|☆purple_guy1
|j|☆CadenG18
|t:|1759057951
|gametype|singles
|player|p1|purple_guy1|dragontamer|1195
|player|p2|CadenG18|hilbert|1192
|gen|9
|tier|[Gen 9] OU
|rated|
|rule|HP Percentage Mod: HP is shown in percentages
|rule|Endless Battle Clause: Forcing endless battles is banned
|rule|Species Clause: Limit one of each Pokémon
|rule|OHKO Clause: OHKO moves are banned
|rule|Evasion Items Clause: Evasion items are banned
|rule|Evasion Moves Clause: Evasion moves are banned
|rule|Evasion Abilities Clause: Evasion abilities are banned
|rule|Sleep Moves Clause: Sleep-inducing moves are banned
|clearpoke
|poke|p1|Reuniclus, M|
|poke|p1|Bronzong|
|poke|p1|Dusknoir, F|
|poke|p1|Conkeldurr, F|
|poke|p1|Rhyperior, M|
|poke|p1|Samurott-Hisui, M|
|poke|p2|Greninja-*, M|
|poke|p2|Ceruledge, F|
|poke|p2|Armarouge, F|
|poke|p2|Metagross|
|poke|p2|Kommo-o, M|
|poke|p2|Tsareena, F|
|teampreview
|j| TheCadKid
|inactive|Battle timer is ON: inactive players will automatically lose when time's up. (requested by purple_guy1)
|
|t:|1759057963
|teamsize|p1|6
|teamsize|p2|6
|start
|switch|p1a: Bronzong|Bronzong|100/100
|switch|p2a: Cybele|Tsareena, F|100/100
|turn|1
|l| TheCadKid
|c|☆CadenG18|i like your team
|c|☆purple_guy1|thanks
|
|t:|1759057976
|move|p2a: Cybele|Knock Off|p1a: Bronzong
|-supereffective|p1a: Bronzong
|-damage|p1a: Bronzong|37/100
|-enditem|p1a: Bronzong|Mental Herb|[from] move: Knock Off|[of] p2a: Cybele
|move|p1a: Bronzong|Trick Room|p1a: Bronzong
|-fieldstart|move: Trick Room|[of] p1a: Bronzong
|
|upkeep
|turn|2
|c|☆purple_guy1|its a new team i just made
|
|t:|1759057989
|move|p1a: Bronzong|Stealth Rock|p2a: Cybele
|-sidestart|p2: CadenG18|move: Stealth Rock
|move|p2a: Cybele|Knock Off|p1a: Bronzong
|-supereffective|p1a: Bronzong
|-damage|p1a: Bronzong|0 fnt
|faint|p1a: Bronzong
|
|upkeep
|
|t:|1759058007
|switch|p1a: Conkeldurr|Conkeldurr, F|100/100
|turn|3
|
|t:|1759058013
|-terastallize|p1a: Conkeldurr|Fairy
|move|p1a: Conkeldurr|Bulk Up|p1a: Conkeldurr
|-boost|p1a: Conkeldurr|atk|1
|-boost|p1a: Conkeldurr|def|1
|move|p2a: Cybele|Play Rough|p1a: Conkeldurr
|-damage|p1a: Conkeldurr|81/100
|
|-status|p1a: Conkeldurr|brn|[from] item: Flame Orb
|upkeep
|turn|4
|
|t:|1759058025
|move|p1a: Conkeldurr|Drain Punch|p2a: Cybele
|-damage|p2a: Cybele|0 fnt
|-heal|p1a: Conkeldurr|100/100 brn|[from] drain|[of] p2a: Cybele
|faint|p2a: Cybele
|
|-damage|p1a: Conkeldurr|94/100 brn|[from] brn
|upkeep
|
|t:|1759058044
|switch|p2a: Tsuyo-sa|Kommo-o, M|100/100
|-damage|p2a: Tsuyo-sa|94/100|[from] Stealth Rock
|turn|5
|
|t:|1759058054
|move|p1a: Conkeldurr|Drain Punch|p2a: Tsuyo-sa
|-damage|p2a: Tsuyo-sa|0 fnt
|-heal|p1a: Conkeldurr|100/100 brn|[from] drain|[of] p2a: Tsuyo-sa
|faint|p2a: Tsuyo-sa
|
|-damage|p1a: Conkeldurr|94/100 brn|[from] brn
|-fieldend|move: Trick Room
|upkeep
|
|t:|1759058065
|switch|p2a: Mercury|Metagross|100/100
|-damage|p2a: Mercury|94/100|[from] Stealth Rock
|turn|6
|
|t:|1759058070
|move|p2a: Mercury|Meteor Mash|p1a: Conkeldurr|[miss]
|-miss|p2a: Mercury|p1a: Conkeldurr
|move|p1a: Conkeldurr|Drain Punch|p2a: Mercury
|-damage|p2a: Mercury|19/100
|-heal|p1a: Conkeldurr|100/100 brn|[from] drain|[of] p2a: Mercury
|
|-damage|p1a: Conkeldurr|94/100 brn|[from] brn
|upkeep
|turn|7
|
|t:|1759058080
|move|p1a: Conkeldurr|Mach Punch|p2a: Mercury
|-damage|p2a: Mercury|0 fnt
|faint|p2a: Mercury
|
|-damage|p1a: Conkeldurr|88/100 brn|[from] brn
|upkeep
|
|t:|1759058089
|switch|p2a: Megumi|Greninja, M, shiny|100/100
|-damage|p2a: Megumi|88/100|[from] Stealth Rock
|turn|8
|
|t:|1759058095
|move|p2a: Megumi|Sludge Wave|p1a: Conkeldurr
|-start|p2a: Megumi|typechange|Poison|[from] ability: Protean
|-supereffective|p1a: Conkeldurr
|-damage|p1a: Conkeldurr|0 fnt
|faint|p1a: Conkeldurr
|-damage|p2a: Megumi|78/100|[from] item: Life Orb
|
|upkeep
|
|t:|1759058106
|switch|p1a: Dusknoir|Dusknoir, F|100/100
|-ability|p1a: Dusknoir|Pressure
|turn|9
|
|t:|1759058112
|move|p2a: Megumi|Hydro Pump|p1a: Dusknoir
|-damage|p1a: Dusknoir|63/100
|-damage|p2a: Megumi|69/100|[from] item: Life Orb
|move|p1a: Dusknoir|Trick Room|p1a: Dusknoir
|-fieldstart|move: Trick Room|[of] p1a: Dusknoir
|
|-heal|p1a: Dusknoir|69/100|[from] item: Leftovers
|upkeep
|turn|10
|
|t:|1759058120
|move|p1a: Dusknoir|Will-O-Wisp|p2a: Megumi
|-status|p2a: Megumi|brn
|move|p2a: Megumi|Hydro Pump|p1a: Dusknoir
|-damage|p1a: Dusknoir|31/100
|-damage|p2a: Megumi|59/100 brn|[from] item: Life Orb
|
|-heal|p1a: Dusknoir|37/100|[from] item: Leftovers
|-damage|p2a: Megumi|53/100 brn|[from] brn
|upkeep
|turn|11
|
|t:|1759058132
|move|p1a: Dusknoir|Pain Split|p2a: Megumi
|-sethp|p2a: Megumi|45/100 brn|[from] move: Pain Split|[silent]
|-sethp|p1a: Dusknoir|44/100|[from] move: Pain Split
|move|p2a: Megumi|Hydro Pump|p1a: Dusknoir
|-damage|p1a: Dusknoir|3/100
|-damage|p2a: Megumi|36/100 brn|[from] item: Life Orb
|
|-heal|p1a: Dusknoir|9/100|[from] item: Leftovers
|-damage|p2a: Megumi|30/100 brn|[from] brn
|upkeep
|turn|12
|
|t:|1759058144
|move|p1a: Dusknoir|Pain Split|p2a: Megumi
|-sethp|p2a: Megumi|19/100 brn|[from] move: Pain Split|[silent]
|-sethp|p1a: Dusknoir|19/100|[from] move: Pain Split
|move|p2a: Megumi|U-turn|p1a: Dusknoir
|-resisted|p1a: Dusknoir
|-damage|p1a: Dusknoir|16/100
|-damage|p2a: Megumi|10/100 brn|[from] item: Life Orb
|
|t:|1759058154
|switch|p2a: Cieri|Ceruledge, F, shiny|100/100|[from] U-turn
|-damage|p2a: Cieri|76/100|[from] Stealth Rock
|
|-heal|p1a: Dusknoir|22/100|[from] item: Leftovers
|upkeep
|turn|13
|
|t:|1759058162
|move|p2a: Cieri|Shadow Sneak|p1a: Dusknoir
|-supereffective|p1a: Dusknoir
|-crit|p1a: Dusknoir
|-damage|p1a: Dusknoir|0 fnt
|faint|p1a: Dusknoir
|
|-fieldend|move: Trick Room
|upkeep
|
|t:|1759058168
|switch|p1a: Reuniclus|Reuniclus, M|100/100
|turn|14
|
|t:|1759058188
|move|p2a: Cieri|Shadow Sneak|p1a: Reuniclus
|-supereffective|p1a: Reuniclus
|-damage|p1a: Reuniclus|57/100
|move|p1a: Reuniclus|Trick Room|p1a: Reuniclus
|-fieldstart|move: Trick Room|[of] p1a: Reuniclus
|
|upkeep
|turn|15
|c|☆purple_guy1|hopefully trick room gets up
|
|t:|1759058198
|-terastallize|p2a: Cieri|Ghost
|move|p2a: Cieri|Shadow Sneak|p1a: Reuniclus
|-supereffective|p1a: Reuniclus
|-damage|p1a: Reuniclus|0 fnt
|faint|p1a: Reuniclus
|
|upkeep
|
|t:|1759058202
|switch|p1a: Rhyperior|Rhyperior, M|100/100
|turn|16
|
|t:|1759058211
|move|p2a: Cieri|Shadow Sneak|p1a: Rhyperior
|-damage|p1a: Rhyperior|84/100
|move|p1a: Rhyperior|Earthquake|p2a: Cieri
|-damage|p2a: Cieri|0 fnt
|faint|p2a: Cieri
|-damage|p1a: Rhyperior|74/100|[from] item: Life Orb
|
|upkeep
|c|☆purple_guy1|its faster
|
|t:|1759058227
|switch|p2a: Soleia|Armarouge, F, shiny|100/100
|-damage|p2a: Soleia|76/100|[from] Stealth Rock
|turn|17
|
|t:|1759058249
|move|p1a: Rhyperior|Earthquake|p2a: Soleia
|-supereffective|p2a: Soleia
|-damage|p2a: Soleia|0 fnt
|faint|p2a: Soleia
|-damage|p1a: Rhyperior|65/100|[from] item: Life Orb
|
|upkeep
|
|t:|1759058251
|switch|p2a: Megumi|Greninja, M, shiny|10/100 brn
|-damage|p2a: Megumi|0 fnt|[from] Stealth Rock
|faint|p2a: Megumi
|
|win|purple_guy1
|raw|purple_guy1's rating: 1195 &rarr; <strong>1220</strong><br />(+25 for winning)
|raw|CadenG18's rating: 1192 &rarr; <strong>1167</strong><br />(-25 for losing)
|c|☆purple_guy1|ggs
|l|☆CadenG18
|player|p2|
|l|☆purple_guy1
|player|p1|
