|j|☆Harms Way
|j|☆Avl2121
|t:|1758972122
|gametype|singles
|player|p1|Harms Way|101|1252
|player|p2|Avl2121|dragontamer|1241
|gen|9
|tier|[Gen 9] OU
|rated|
|rule|HP Percentage Mod: HP is shown in percentages
|rule|Endless Battle Clause: Forcing endless battles is banned
|rule|Species Clause: Limit one of each Pokémon
|rule|OHKO Clause: OHKO moves are banned
|rule|Evasion Items Clause: Evasion items are banned
|rule|Evasion Moves Clause: Evasion moves are banned
|rule|Evasion Abilities Clause: Evasion abilities are banned
|rule|Sleep Moves Clause: Sleep-inducing moves are banned
|clearpoke
|poke|p1|Ceruledge, F|
|poke|p1|Iron Valiant|
|poke|p1|Pecharunt|
|poke|p1|Iron Treads|
|poke|p1|Enamorus, F|
|poke|p1|Araquanid, M|
|poke|p2|Dragapult, F|
|poke|p2|Scizor, F|
|poke|p2|Quaquaval, F|
|poke|p2|Garganacl, M|
|poke|p2|Revavroom, F|
|poke|p2|Garchomp, M|
|teampreview
|inactive|Battle timer is ON: inactive players will automatically lose when time's up. (requested by Avl2121)
|
|t:|1758972130
|teamsize|p1|6
|teamsize|p2|6
|start
|switch|p1a: "Our" Land|Araquanid, M|100/100
|switch|p2a: Dragapult|Dragapult, F|100/100
|turn|1
|
|t:|1758972134
|move|p2a: Dragapult|Thunder Wave|p1a: "Our" Land
|-status|p1a: "Our" Land|par
|move|p1a: "Our" Land|Sticky Web|p2a: Dragapult
|-sidestart|p2: Avl2121|move: Sticky Web
|
|upkeep
|turn|2
|
|t:|1758972141
|move|p2a: Dragapult|Hex|p1a: "Our" Land
|-damage|p1a: "Our" Land|59/100 par
|-enditem|p1a: "Our" Land|Red Card|[of] p2a: Dragapult
|drag|p2a: Quaquaval|Quaquaval, F|100/100
|-activate|p2a: Quaquaval|move: Sticky Web
|-unboost|p2a: Quaquaval|spe|1
|move|p1a: "Our" Land|Surf|p2a: Quaquaval
|-resisted|p2a: Quaquaval
|-damage|p2a: Quaquaval|73/100
|
|upkeep
|turn|3
|
|t:|1758972146
|move|p2a: Quaquaval|Rapid Spin|p1a: "Our" Land
|-damage|p1a: "Our" Land|41/100 par
|-boost|p2a: Quaquaval|spe|1
|-sideend|p2: Avl2121|Sticky Web|[from] move: Rapid Spin|[of] p2a: Quaquaval
|-damage|p2a: Quaquaval|63/100|[from] item: Life Orb
|move|p1a: "Our" Land|Lunge|p2a: Quaquaval
|-resisted|p2a: Quaquaval
|-damage|p2a: Quaquaval|50/100
|-unboost|p2a: Quaquaval|atk|1
|
|upkeep
|turn|4
|
|t:|1758972154
|move|p2a: Quaquaval|Close Combat|p1a: "Our" Land
|-resisted|p1a: "Our" Land
|-damage|p1a: "Our" Land|18/100 par
|-unboost|p2a: Quaquaval|def|1
|-unboost|p2a: Quaquaval|spd|1
|-damage|p2a: Quaquaval|40/100|[from] item: Life Orb
|move|p1a: "Our" Land|Sticky Web|p2a: Quaquaval
|-sidestart|p2: Avl2121|move: Sticky Web
|
|upkeep
|turn|5
|
|t:|1758972166
|-terastallize|p1a: "Our" Land|Ghost
|move|p2a: Quaquaval|Rapid Spin|p1a: "Our" Land
|-immune|p1a: "Our" Land
|move|p1a: "Our" Land|Lunge|p2a: Quaquaval
|-resisted|p2a: Quaquaval
|-damage|p2a: Quaquaval|19/100
|-unboost|p2a: Quaquaval|atk|1
|
|upkeep
|turn|6
|
|t:|1758972175
|move|p2a: Quaquaval|Aqua Step|p1a: "Our" Land
|-damage|p1a: "Our" Land|0 fnt
|-boost|p2a: Quaquaval|spe|1
|faint|p1a: "Our" Land
|-ability|p2a: Quaquaval|Moxie|boost
|-boost|p2a: Quaquaval|atk|1
|-damage|p2a: Quaquaval|9/100|[from] item: Life Orb
|
|upkeep
|
|t:|1758972181
|switch|p1a: The Alamo|Ceruledge, F|100/100
|turn|7
|
|t:|1758972190
|move|p1a: The Alamo|Shadow Sneak|p2a: Quaquaval
|-damage|p2a: Quaquaval|0 fnt
|faint|p2a: Quaquaval
|
|upkeep
|
|t:|1758972197
|switch|p2a: Garganacl|Garganacl, M|100/100
|-activate|p2a: Garganacl|move: Sticky Web
|-unboost|p2a: Garganacl|spe|1
|turn|8
|
|t:|1758972204
|switch|p1a: Go West|Iron Treads|100/100
|-enditem|p1a: Go West|Booster Energy
|-activate|p1a: Go West|ability: Quark Drive|[fromitem]
|-start|p1a: Go West|quarkdriveatk
|move|p2a: Garganacl|Salt Cure|p1a: Go West
|-resisted|p1a: Go West
|-damage|p1a: Go West|97/100
|-start|p1a: Go West|Salt Cure
|
|-damage|p1a: Go West|72/100|[from] Salt Cure
|upkeep
|turn|9
|
|t:|1758972208
|move|p1a: Go West|Stealth Rock|p2a: Garganacl
|-sidestart|p2: Avl2121|move: Stealth Rock
|move|p2a: Garganacl|Curse|p2a: Garganacl
|-unboost|p2a: Garganacl|spe|1
|-boost|p2a: Garganacl|atk|1
|-boost|p2a: Garganacl|def|1
|
|-damage|p1a: Go West|48/100|[from] Salt Cure
|upkeep
|turn|10
|
|t:|1758972214
|move|p1a: Go West|Earthquake|p2a: Garganacl
|-supereffective|p2a: Garganacl
|-damage|p2a: Garganacl|56/100
|move|p2a: Garganacl|Curse|p2a: Garganacl
|-unboost|p2a: Garganacl|spe|1
|-boost|p2a: Garganacl|atk|1
|-boost|p2a: Garganacl|def|1
|
|-heal|p2a: Garganacl|62/100|[from] item: Leftovers
|-damage|p1a: Go West|23/100|[from] Salt Cure
|upkeep
|turn|11
|
|t:|1758972218
|-end|p1a: Go West|Quark Drive|[silent]
|switch|p1a: Lady Liberty|Enamorus, F|100/100
|move|p2a: Garganacl|Protect||[still]
|-fail|p2a: Garganacl
|
|-heal|p2a: Garganacl|68/100|[from] item: Leftovers
|upkeep
|turn|12
|
|t:|1758972223
|move|p1a: Lady Liberty|Superpower|p2a: Garganacl
|-supereffective|p2a: Garganacl
|-damage|p2a: Garganacl|53/100
|-boost|p1a: Lady Liberty|atk|1
|-boost|p1a: Lady Liberty|def|1
|move|p2a: Garganacl|Salt Cure|p1a: Lady Liberty
|-supereffective|p1a: Lady Liberty
|-damage|p1a: Lady Liberty|35/100
|-start|p1a: Lady Liberty|Salt Cure
|
|-heal|p2a: Garganacl|60/100|[from] item: Leftovers
|-damage|p1a: Lady Liberty|23/100|[from] Salt Cure
|upkeep
|turn|13
|
|t:|1758972226
|move|p1a: Lady Liberty|Earth Power|p2a: Garganacl
|-supereffective|p2a: Garganacl
|-damage|p2a: Garganacl|0 fnt
|faint|p2a: Garganacl
|
|-damage|p1a: Lady Liberty|11/100|[from] Salt Cure
|upkeep
|
|t:|1758972235
|switch|p2a: Scizor|Scizor, F|100/100
|-activate|p2a: Scizor|move: Sticky Web
|-unboost|p2a: Scizor|spe|1
|-damage|p2a: Scizor|88/100|[from] Stealth Rock
|turn|14
|
|t:|1758972240
|switch|p1a: Go West|Iron Treads|23/100
|move|p2a: Scizor|Bullet Punch|p1a: Go West
|-resisted|p1a: Go West
|-damage|p1a: Go West|2/100
|-damage|p2a: Scizor|78/100|[from] item: Life Orb
|
|upkeep
|turn|15
|
|t:|1758972246
|move|p2a: Scizor|Bullet Punch|p1a: Go West
|-resisted|p1a: Go West
|-damage|p1a: Go West|0 fnt
|faint|p1a: Go West
|-end|p1a: Go West|Quark Drive|[silent]
|-damage|p2a: Scizor|68/100|[from] item: Life Orb
|
|upkeep
|
|t:|1758972248
|switch|p1a: The Alamo|Ceruledge, F|100/100
|turn|16
|
|t:|1758972255
|-terastallize|p2a: Scizor|Dark
|move|p1a: The Alamo|Swords Dance|p1a: The Alamo
|-boost|p1a: The Alamo|atk|2
|move|p2a: Scizor|Knock Off|p1a: The Alamo
|-supereffective|p1a: The Alamo
|-enditem|p1a: The Alamo|Focus Sash
|-damage|p1a: The Alamo|1/100
|-ability|p1a: The Alamo|Weak Armor|boost
|-unboost|p1a: The Alamo|def|1
|-boost|p1a: The Alamo|spe|2
|-damage|p2a: Scizor|59/100|[from] item: Life Orb
|
|upkeep
|turn|17
|
|t:|1758972262
|move|p1a: The Alamo|Shadow Sneak|p2a: Scizor
|-resisted|p2a: Scizor
|-damage|p2a: Scizor|38/100
|move|p2a: Scizor|Bullet Punch|p1a: The Alamo
|-resisted|p1a: The Alamo
|-damage|p1a: The Alamo|0 fnt
|faint|p1a: The Alamo
|-damage|p2a: Scizor|28/100|[from] item: Life Orb
|
|upkeep
|
|t:|1758972265
|switch|p1a: Moral Duty|Iron Valiant|100/100
|-enditem|p1a: Moral Duty|Booster Energy
|-activate|p1a: Moral Duty|ability: Quark Drive|[fromitem]
|-start|p1a: Moral Duty|quarkdrivespe
|turn|18
|
|t:|1758972268
|move|p2a: Scizor|Bullet Punch|p1a: Moral Duty
|-supereffective|p1a: Moral Duty
|-damage|p1a: Moral Duty|0 fnt
|faint|p1a: Moral Duty
|-end|p1a: Moral Duty|Quark Drive|[silent]
|-damage|p2a: Scizor|18/100|[from] item: Life Orb
|
|upkeep
|
|t:|1758972270
|switch|p1a: Providence|Pecharunt|100/100
|-item|p1a: Providence|Air Balloon
|turn|19
|
|t:|1758972274
|move|p2a: Scizor|Bullet Punch|p1a: Providence
|-damage|p1a: Providence|76/100
|-enditem|p1a: Providence|Air Balloon
|-damage|p2a: Scizor|8/100|[from] item: Life Orb
|move|p1a: Providence|Shadow Ball|p2a: Scizor
|-resisted|p2a: Scizor
|-damage|p2a: Scizor|0 fnt
|faint|p2a: Scizor
|
|upkeep
|
|t:|1758972276
|switch|p2a: Revavroom|Revavroom, F|100/100
|-activate|p2a: Revavroom|move: Sticky Web
|-unboost|p2a: Revavroom|spe|1
|-damage|p2a: Revavroom|95/100|[from] Stealth Rock
|turn|20
|
|t:|1758972287
|move|p1a: Providence|Destiny Bond|p1a: Providence
|-singlemove|p1a: Providence|Destiny Bond
|move|p2a: Revavroom|Shift Gear|p2a: Revavroom
|-boost|p2a: Revavroom|spe|2
|-boost|p2a: Revavroom|atk|1
|
|-heal|p2a: Revavroom|100/100|[from] item: Leftovers
|upkeep
|turn|21
|
|t:|1758972294
|move|p2a: Revavroom|Shift Gear|p2a: Revavroom
|-boost|p2a: Revavroom|spe|2
|-boost|p2a: Revavroom|atk|1
|move|p1a: Providence|Shadow Ball|p2a: Revavroom
|-damage|p2a: Revavroom|61/100
|-unboost|p2a: Revavroom|spd|1
|
|-heal|p2a: Revavroom|67/100|[from] item: Leftovers
|upkeep
|turn|22
|
|t:|1758972298
|move|p2a: Revavroom|Iron Head|p1a: Providence
|-damage|p1a: Providence|22/100
|cant|p1a: Providence|flinch
|
|-heal|p2a: Revavroom|73/100|[from] item: Leftovers
|upkeep
|turn|23
|
|t:|1758972303
|move|p2a: Revavroom|Iron Head|p1a: Providence
|-damage|p1a: Providence|0 fnt
|faint|p1a: Providence
|
|-heal|p2a: Revavroom|79/100|[from] item: Leftovers
|upkeep
|c|☆Avl2121|Loser.
|c|☆Harms Way|Mommmmm I’m using my weird gimmick team get my Naruto headband and fedora
|inactive|Harms Way has 120 seconds left.
|c|☆Harms Way|I’m calling people loser in a children’s free video game
|c|☆Harms Way|to feel better about myself mommm
|inactive|Harms Way has 90 seconds left.
|inactive|Harms Way has 60 seconds left.
|
|t:|1758972414
|switch|p1a: Lady Liberty|Enamorus, F|11/100
|turn|24
|
|t:|1758972418
|move|p2a: Revavroom|Poison Jab|p1a: Lady Liberty
|-supereffective|p1a: Lady Liberty
|-damage|p1a: Lady Liberty|0 fnt
|faint|p1a: Lady Liberty
|
|win|Avl2121
