|j|☆lickykitty
|j|☆Chilumi
|t:|1758947970
|gametype|singles
|player|p1|lickykitty|lady|1480
|player|p2|Chilumi|guitarist|1440
|gen|9
|tier|[Gen 9] OU
|rated|
|rule|HP Percentage Mod: HP is shown in percentages
|rule|Endless Battle Clause: Forcing endless battles is banned
|rule|Species Clause: Limit one of each Pokémon
|rule|OHKO Clause: OHKO moves are banned
|rule|Evasion Items Clause: Evasion items are banned
|rule|Evasion Moves Clause: Evasion moves are banned
|rule|Evasion Abilities Clause: Evasion abilities are banned
|rule|Sleep Moves Clause: Sleep-inducing moves are banned
|clearpoke
|poke|p1|Dragapult, M|
|poke|p1|Primarina, M|
|poke|p1|Weavile, M|
|poke|p1|Pecharunt|
|poke|p1|Raging Bolt|
|poke|p1|Great Tusk|
|poke|p2|Alomomola, M|
|poke|p2|Moltres|
|poke|p2|Fezandipiti, M|
|poke|p2|Dragapult, F|
|poke|p2|Weavile, M|
|poke|p2|Kingambit, F|
|teampreview
|inactive|Battle timer is ON: inactive players will automatically lose when time's up. (requested by lickykitty)
|
|t:|1758947996
|teamsize|p1|6
|teamsize|p2|6
|start
|switch|p1a: Primarina|Primarina, M|100/100
|switch|p2a: Fezandipiti|Fezandipiti, M|100/100
|turn|1
|
|t:|1758948005
|switch|p1a: Pathogen|Pecharunt|100/100
|move|p2a: Fezandipiti|Beat Up|p1a: Pathogen
|-supereffective|p1a: Pathogen
|-damage|p1a: Pathogen|97/100
|-supereffective|p1a: Pathogen
|-damage|p1a: Pathogen|93/100
|-supereffective|p1a: Pathogen
|-damage|p1a: Pathogen|89/100
|-supereffective|p1a: Pathogen
|-damage|p1a: Pathogen|85/100
|-supereffective|p1a: Pathogen
|-damage|p1a: Pathogen|81/100
|-supereffective|p1a: Pathogen
|-damage|p1a: Pathogen|76/100
|-hitcount|p1a: Pathogen|6
|
|upkeep
|turn|2
|
|t:|1758948012
|move|p2a: Fezandipiti|U-turn|p1a: Pathogen
|-resisted|p1a: Pathogen
|-damage|p1a: Pathogen|74/100
|-damage|p2a: Fezandipiti|84/100|[from] item: Rocky Helmet|[of] p1a: Pathogen
|
|t:|1758948013
|switch|p2a: Kingambit|Kingambit, F|100/100|[from] U-turn
|move|p1a: Pathogen|Parting Shot|p2a: Kingambit
|-unboost|p2a: Kingambit|atk|1
|-unboost|p2a: Kingambit|spa|1
|
|t:|1758948021
|switch|p1a: Oliphant|Great Tusk|100/100|[from] Parting Shot
|
|upkeep
|turn|3
|
|t:|1758948031
|-end|p2a: Kingambit|fallenundefined|[silent]
|switch|p2a: Alomomola|Alomomola, M|100/100
|move|p1a: Oliphant|Stealth Rock|p2a: Alomomola
|-sidestart|p2: Chilumi|move: Stealth Rock
|
|upkeep
|turn|4
|
|t:|1758948047
|-end|p1a: Oliphant|Protosynthesis|[silent]
|switch|p1a: Pathogen|Pecharunt|74/100
|move|p2a: Alomomola|Flip Turn|p1a: Pathogen
|-crit|p1a: Pathogen
|-damage|p1a: Pathogen|63/100
|-damage|p2a: Alomomola|84/100|[from] item: Rocky Helmet|[of] p1a: Pathogen
|
|t:|1758948074
|switch|p2a: Dragapult|Dragapult, F|100/100|[from] Flip Turn
|
|upkeep
|turn|5
|
|t:|1758948083
|switch|p1a: Primarina|Primarina, M|100/100
|move|p2a: Dragapult|Thunder Wave|p1a: Primarina
|-status|p1a: Primarina|par
|
|upkeep
|turn|6
|
|t:|1758948100
|move|p2a: Dragapult|U-turn|p1a: Primarina
|-resisted|p1a: Primarina
|-damage|p1a: Primarina|88/100 par
|
|t:|1758948104
|switch|p2a: Fezandipiti|Fezandipiti, M|84/100|[from] U-turn
|move|p1a: Primarina|Surf|p2a: Fezandipiti
|-damage|p2a: Fezandipiti|52/100
|
|upkeep
|turn|7
|
|t:|1758948111
|move|p2a: Fezandipiti|U-turn|p1a: Primarina
|-resisted|p1a: Primarina
|-damage|p1a: Primarina|75/100 par
|
|t:|1758948118
|switch|p2a: Alomomola|Alomomola, M|100/100|[from] U-turn
|cant|p1a: Primarina|par
|
|upkeep
|turn|8
|
|t:|1758948126
|move|p2a: Alomomola|Flip Turn|p1a: Primarina
|-resisted|p1a: Primarina
|-damage|p1a: Primarina|65/100 par
|
|t:|1758948130
|switch|p2a: Fezandipiti|Fezandipiti, M|52/100|[from] Flip Turn
|move|p1a: Primarina|Moonblast|p2a: Fezandipiti
|-resisted|p2a: Fezandipiti
|-damage|p2a: Fezandipiti|36/100
|-unboost|p2a: Fezandipiti|spa|1
|
|upkeep
|turn|9
|
|t:|1758948140
|move|p2a: Fezandipiti|Roost|p2a: Fezandipiti
|-heal|p2a: Fezandipiti|86/100
|-singleturn|p2a: Fezandipiti|move: Roost
|move|p1a: Primarina|Psychic Noise|p2a: Fezandipiti
|-supereffective|p2a: Fezandipiti
|-damage|p2a: Fezandipiti|46/100
|-start|p2a: Fezandipiti|move: Heal Block
|
|upkeep
|turn|10
|
|t:|1758948150
|switch|p1a: Pathogen|Pecharunt|63/100
|move|p2a: Fezandipiti|U-turn|p1a: Pathogen
|-resisted|p1a: Pathogen
|-damage|p1a: Pathogen|61/100
|-damage|p2a: Fezandipiti|30/100|[from] item: Rocky Helmet|[of] p1a: Pathogen
|
|t:|1758948157
|switch|p2a: Dragapult|Dragapult, F|100/100|[from] U-turn
|
|upkeep
|turn|11
|
|t:|1758948175
|move|p2a: Dragapult|Hex|p1a: Pathogen
|-supereffective|p1a: Pathogen
|-damage|p1a: Pathogen|12/100
|move|p1a: Pathogen|Foul Play|p2a: Dragapult
|-supereffective|p2a: Dragapult
|-damage|p2a: Dragapult|27/100
|
|upkeep
|turn|12
|
|t:|1758948183
|move|p2a: Dragapult|Hex|p1a: Pathogen
|-supereffective|p1a: Pathogen
|-damage|p1a: Pathogen|0 fnt
|faint|p1a: Pathogen
|
|upkeep
|
|t:|1758948187
|switch|p1a: Honey Badger|Weavile, M|100/100
|turn|13
|
|t:|1758948195
|switch|p2a: Moltres|Moltres|100/100
|move|p1a: Honey Badger|Swords Dance|p1a: Honey Badger
|-boost|p1a: Honey Badger|atk|2
|
|upkeep
|turn|14
|
|t:|1758948205
|-terastallize|p1a: Honey Badger|Ice
|move|p1a: Honey Badger|Triple Axel|p2a: Moltres
|-damage|p2a: Moltres|81/100
|-damage|p2a: Moltres|45/100
|-damage|p2a: Moltres|0 fnt
|-status|p1a: Honey Badger|brn|[from] ability: Flame Body|[of] p2a: Moltres
|faint|p2a: Moltres
|-hitcount|p2: Moltres|3
|
|-damage|p1a: Honey Badger|94/100 brn|[from] brn
|upkeep
|
|t:|1758948218
|switch|p2a: Alomomola|Alomomola, M|100/100
|turn|15
|
|t:|1758948223
|move|p1a: Honey Badger|Knock Off|p2a: Alomomola
|-damage|p2a: Alomomola|74/100
|-enditem|p2a: Alomomola|Heavy-Duty Boots|[from] move: Knock Off|[of] p1a: Honey Badger
|move|p2a: Alomomola|Wish|p2a: Alomomola
|
|-damage|p1a: Honey Badger|88/100 brn|[from] brn
|upkeep
|turn|16
|
|t:|1758948228
|move|p1a: Honey Badger|Swords Dance|p1a: Honey Badger
|-boost|p1a: Honey Badger|atk|2
|move|p2a: Alomomola|Flip Turn|p1a: Honey Badger
|-damage|p1a: Honey Badger|60/100 brn
|
|t:|1758948234
|switch|p2a: Dragapult|Dragapult, F|27/100|[from] Flip Turn
|
|-heal|p2a: Dragapult|100/100|[from] move: Wish|[wisher] Alomomola
|-damage|p1a: Honey Badger|54/100 brn|[from] brn
|upkeep
|turn|17
|
|t:|1758948242
|switch|p2a: Alomomola|Alomomola, M|100/100
|-damage|p2a: Alomomola|88/100|[from] Stealth Rock
|move|p1a: Honey Badger|Ice Shard|p2a: Alomomola
|-resisted|p2a: Alomomola
|-damage|p2a: Alomomola|77/100
|
|-damage|p1a: Honey Badger|47/100 brn|[from] brn
|upkeep
|turn|18
|
|t:|1758948253
|move|p1a: Honey Badger|Swords Dance|p1a: Honey Badger
|-boost|p1a: Honey Badger|atk|2
|move|p2a: Alomomola|Wish|p2a: Alomomola
|
|-damage|p1a: Honey Badger|41/100 brn|[from] brn
|upkeep
|turn|19
|
|t:|1758948257
|move|p1a: Honey Badger|Triple Axel|p2a: Alomomola
|-resisted|p2a: Alomomola
|-damage|p2a: Alomomola|70/100
|-resisted|p2a: Alomomola
|-damage|p2a: Alomomola|57/100
|-hitcount|p2a: Alomomola|2
|move|p2a: Alomomola|Scald|p1a: Honey Badger
|-damage|p1a: Honey Badger|22/100 brn
|
|-heal|p2a: Alomomola|100/100|[from] move: Wish|[wisher] Alomomola
|-damage|p1a: Honey Badger|16/100 brn|[from] brn
|upkeep
|turn|20
|
|t:|1758948270
|move|p1a: Honey Badger|Triple Axel|p2a: Alomomola
|-resisted|p2a: Alomomola
|-damage|p2a: Alomomola|93/100
|-hitcount|p2a: Alomomola|1
|move|p2a: Alomomola|Wish|p2a: Alomomola
|
|-damage|p1a: Honey Badger|10/100 brn|[from] brn
|upkeep
|turn|21
|
|t:|1758948279
|move|p1a: Honey Badger|Triple Axel|p2a: Alomomola
|-resisted|p2a: Alomomola
|-damage|p2a: Alomomola|86/100
|-hitcount|p2a: Alomomola|1
|move|p2a: Alomomola|Scald|p1a: Honey Badger
|-damage|p1a: Honey Badger|0 fnt
|faint|p1a: Honey Badger
|
|-heal|p2a: Alomomola|100/100|[from] move: Wish|[wisher] Alomomola
|upkeep
|
|t:|1758948286
|switch|p1a: Raging Bolt|Raging Bolt|100/100
|turn|22
|
|t:|1758948294
|switch|p2a: Fezandipiti|Fezandipiti, M|30/100
|move|p1a: Raging Bolt|Calm Mind|p1a: Raging Bolt
|-boost|p1a: Raging Bolt|spa|1
|-boost|p1a: Raging Bolt|spd|1
|
|upkeep
|turn|23
|
|t:|1758948303
|move|p1a: Raging Bolt|Thunderclap||[still]
|-fail|p1a: Raging Bolt
|move|p2a: Fezandipiti|Roost|p2a: Fezandipiti
|-heal|p2a: Fezandipiti|80/100
|-singleturn|p2a: Fezandipiti|move: Roost
|
|upkeep
|turn|24
|
|t:|1758948309
|move|p2a: Fezandipiti|Play Rough|p1a: Raging Bolt
|-supereffective|p1a: Raging Bolt
|-damage|p1a: Raging Bolt|43/100
|-unboost|p1a: Raging Bolt|atk|1
|-status|p1a: Raging Bolt|tox|[from] ability: Toxic Chain|[of] p2a: Fezandipiti
|move|p1a: Raging Bolt|Calm Mind|p1a: Raging Bolt
|-boost|p1a: Raging Bolt|spa|1
|-boost|p1a: Raging Bolt|spd|1
|
|-heal|p1a: Raging Bolt|49/100 tox|[from] item: Leftovers
|-damage|p1a: Raging Bolt|43/100 tox|[from] psn
|upkeep
|turn|25
|-message|lickykitty forfeited.
|
|win|Chilumi
|raw|lickykitty's rating: 1480 &rarr; <strong>1458</strong><br />(-22 for losing)
|raw|Chilumi's rating: 1440 &rarr; <strong>1462</strong><br />(+22 for winning)
|l|☆lickykitty
|player|p1|
|l|☆Chilumi
|player|p2|
