|j|☆jamel1
|j|☆Auburn Hills
|t:|1759072361
|gametype|singles
|player|p1|jamel1|102|1783
|player|p2|Auburn Hills|alder|1805
|gen|9
|tier|[Gen 9] OU
|rated|
|rule|HP Percentage Mod: HP is shown in percentages
|rule|Endless Battle Clause: Forcing endless battles is banned
|rule|Species Clause: Limit one of each Pokémon
|rule|OHKO Clause: OHKO moves are banned
|rule|Evasion Items Clause: Evasion items are banned
|rule|Evasion Moves Clause: Evasion moves are banned
|rule|Evasion Abilities Clause: Evasion abilities are banned
|rule|Sleep Moves Clause: Sleep-inducing moves are banned
|clearpoke
|poke|p1|Gyarados, M|
|poke|p1|Maushold|
|poke|p1|Deoxys-Defense|
|poke|p1|Sandaconda, M|
|poke|p1|Serperior, M|
|poke|p1|Kommo-o, M|
|poke|p2|Iron Moth|
|poke|p2|Umbreon, F|
|poke|p2|Garchomp, F|
|poke|p2|Glimmora, F|
|poke|p2|Gholdengo|
|poke|p2|Dragonite, M|
|teampreview
|
|t:|1759072367
|teamsize|p1|6
|teamsize|p2|6
|start
|switch|p1a: Sandaconda|Sandaconda, M|100/100
|switch|p2a: Smino|Gholdengo|100/100
|turn|1
|
|t:|1759072374
|switch|p2a: Elucid|Dragonite, M|100/100
|move|p1a: Sandaconda|Earthquake|p2a: Elucid
|-immune|p2a: Elucid
|
|upkeep
|turn|2
|
|t:|1759072377
|move|p1a: Sandaconda|Glare|p2a: Elucid
|-status|p2a: Elucid|par
|move|p2a: Elucid|Ice Spinner|p1a: Sandaconda
|-supereffective|p1a: Sandaconda
|-damage|p1a: Sandaconda|44/100
|
|upkeep
|turn|3
|
|t:|1759072381
|move|p1a: Sandaconda|Stealth Rock|p2a: Elucid
|-sidestart|p2: Auburn Hills|move: Stealth Rock
|move|p2a: Elucid|Ice Spinner|p1a: Sandaconda
|-supereffective|p1a: Sandaconda
|-damage|p1a: Sandaconda|0 fnt
|faint|p1a: Sandaconda
|
|upkeep
|
|t:|1759072384
|switch|p1a: Serperior|Serperior, M|100/100
|turn|4
|
|t:|1759072387
|move|p1a: Serperior|Reflect|p1a: Serperior
|-sidestart|p1: jamel1|Reflect
|move|p2a: Elucid|Ice Spinner|p1a: Serperior
|-supereffective|p1a: Serperior
|-damage|p1a: Serperior|65/100
|
|upkeep
|turn|5
|
|t:|1759072390
|move|p1a: Serperior|Light Screen|p1a: Serperior
|-sidestart|p1: jamel1|move: Light Screen
|move|p2a: Elucid|Dragon Dance|p2a: Elucid
|-boost|p2a: Elucid|atk|1
|-boost|p2a: Elucid|spe|1
|
|upkeep
|turn|6
|
|t:|1759072393
|switch|p1a: Deoxys|Deoxys-Defense|100/100
|-ability|p1a: Deoxys|Pressure
|move|p2a: Elucid|Dragon Dance|p2a: Elucid
|-boost|p2a: Elucid|atk|1
|-boost|p2a: Elucid|spe|1
|
|upkeep
|turn|7
|
|t:|1759072396
|switch|p2a: Smino|Gholdengo|100/100
|-damage|p2a: Smino|94/100|[from] Stealth Rock
|move|p1a: Deoxys|Calm Mind|p1a: Deoxys
|-boost|p1a: Deoxys|spa|1
|-boost|p1a: Deoxys|spd|1
|
|upkeep
|turn|8
|
|t:|1759072399
|switch|p1a: Gyarados|Gyarados, M|100/100
|move|p2a: Smino|Shadow Ball|p1a: Gyarados
|-damage|p1a: Gyarados|78/100
|
|-heal|p1a: Gyarados|84/100|[from] item: Leftovers
|upkeep
|turn|9
|
|t:|1759072403
|switch|p2a: Alvvays|Umbreon, F|100/100
|-damage|p2a: Alvvays|88/100|[from] Stealth Rock
|move|p1a: Gyarados|Dragon Dance|p1a: Gyarados
|-boost|p1a: Gyarados|atk|1
|-boost|p1a: Gyarados|spe|1
|
|-heal|p1a: Gyarados|90/100|[from] item: Leftovers
|-heal|p2a: Alvvays|94/100|[from] item: Leftovers
|upkeep
|turn|10
|
|t:|1759072406
|move|p1a: Gyarados|Waterfall|p2a: Alvvays
|-damage|p2a: Alvvays|50/100
|move|p2a: Alvvays|Thunder Wave|p1a: Gyarados
|-status|p1a: Gyarados|par
|
|-heal|p1a: Gyarados|96/100 par|[from] item: Leftovers
|-heal|p2a: Alvvays|56/100|[from] item: Leftovers
|upkeep
|turn|11
|
|t:|1759072410
|switch|p1a: Kommo-o|Kommo-o, M|100/100
|move|p2a: Alvvays|Wish|p2a: Alvvays
|
|-heal|p2a: Alvvays|62/100|[from] item: Leftovers
|-sideend|p1: jamel1|Reflect
|upkeep
|turn|12
|
|t:|1759072414
|switch|p2a: Julia Jacklin|Glimmora, F|100/100
|-damage|p2a: Julia Jacklin|88/100|[from] Stealth Rock
|move|p1a: Kommo-o|Substitute|p1a: Kommo-o
|-start|p1a: Kommo-o|Substitute
|-damage|p1a: Kommo-o|75/100
|
|-heal|p2a: Julia Jacklin|100/100|[from] move: Wish|[wisher] Alvvays
|-sideend|p1: jamel1|move: Light Screen
|upkeep
|turn|13
|
|t:|1759072417
|-terastallize|p1a: Kommo-o|Steel
|move|p2a: Julia Jacklin|Mortal Spin|p1a: Kommo-o
|-immune|p1a: Kommo-o
|move|p1a: Kommo-o|Belly Drum|p1a: Kommo-o
|-damage|p1a: Kommo-o|25/100
|-setboost|p1a: Kommo-o|atk|6|[from] move: Belly Drum
|-enditem|p1a: Kommo-o|Salac Berry|[eat]
|-boost|p1a: Kommo-o|spe|1|[from] item: Salac Berry
|
|upkeep
|turn|14
|
|t:|1759072421
|move|p1a: Kommo-o|Drain Punch|p2a: Julia Jacklin
|-enditem|p2a: Julia Jacklin|Focus Sash
|-damage|p2a: Julia Jacklin|1/100
|-heal|p1a: Kommo-o|76/100|[from] drain|[of] p2a: Julia Jacklin
|-activate|p2a: Julia Jacklin|ability: Toxic Debris
|-sidestart|p1: jamel1|move: Toxic Spikes
|move|p2a: Julia Jacklin|Earth Power|p1a: Kommo-o
|-supereffective|p1a: Kommo-o
|-end|p1a: Kommo-o|Substitute
|
|upkeep
|turn|15
|
|t:|1759072425
|move|p1a: Kommo-o|Drain Punch|p2a: Julia Jacklin
|-damage|p2a: Julia Jacklin|0 fnt
|-heal|p1a: Kommo-o|76/100|[from] drain|[of] p2a: Julia Jacklin
|-activate|p2a: Julia Jacklin|ability: Toxic Debris
|-sidestart|p1: jamel1|move: Toxic Spikes
|faint|p2a: Julia Jacklin
|
|upkeep
|
|t:|1759072428
|switch|p2a: Carly Rae|Iron Moth|100/100
|-damage|p2a: Carly Rae|76/100|[from] Stealth Rock
|-enditem|p2a: Carly Rae|Booster Energy
|-activate|p2a: Carly Rae|ability: Quark Drive|[fromitem]
|-start|p2a: Carly Rae|quarkdrivespe
|turn|16
|
|t:|1759072430
|switch|p1a: Gyarados|Gyarados, M|96/100 par
|move|p2a: Carly Rae|Fiery Dance|p1a: Gyarados
|-resisted|p1a: Gyarados
|-damage|p1a: Gyarados|75/100 par
|-boost|p2a: Carly Rae|spa|1
|
|-heal|p1a: Gyarados|81/100 par|[from] item: Leftovers
|upkeep
|turn|17
|
|t:|1759072435
|move|p2a: Carly Rae|Discharge|p1a: Gyarados
|-supereffective|p1a: Gyarados
|-damage|p1a: Gyarados|0 fnt
|faint|p1a: Gyarados
|
|upkeep
|j| Fifo drummer
|
|t:|1759072438
|switch|p1a: Maushold|Maushold|100/100
|-status|p1a: Maushold|tox
|turn|18
|
|t:|1759072441
|move|p2a: Carly Rae|Fiery Dance|p1a: Maushold
|-damage|p1a: Maushold|13/100 tox
|-boost|p2a: Carly Rae|spa|1
|move|p1a: Maushold|Thunder Wave|p2a: Carly Rae
|-status|p2a: Carly Rae|par
|
|-damage|p1a: Maushold|7/100 tox|[from] psn
|upkeep
|turn|19
|
|t:|1759072448
|move|p1a: Maushold|Tidy Up|p1a: Maushold
|-sideend|p1: jamel1|Toxic Spikes
|-sideend|p2: Auburn Hills|Stealth Rock
|-activate|p1a: Maushold|move: Tidy Up
|-boost|p1a: Maushold|atk|1
|-boost|p1a: Maushold|spe|1
|move|p2a: Carly Rae|Fiery Dance|p1a: Maushold
|-damage|p1a: Maushold|0 fnt
|faint|p1a: Maushold
|
|upkeep
|j| heatraniac
|
|t:|1759072453
|switch|p1a: Serperior|Serperior, M|65/100
|turn|20
|l| heatraniac
|
|t:|1759072455
|move|p1a: Serperior|Light Screen|p1a: Serperior
|-sidestart|p1: jamel1|move: Light Screen
|move|p2a: Carly Rae|Fiery Dance|p1a: Serperior
|-supereffective|p1a: Serperior
|-crit|p1a: Serperior
|-damage|p1a: Serperior|0 fnt
|faint|p1a: Serperior
|
|upkeep
|
|t:|1759072461
|switch|p1a: Kommo-o|Kommo-o, M, tera:Steel|76/100
|turn|21
|
|t:|1759072472
|move|p1a: Kommo-o|Substitute|p1a: Kommo-o
|-start|p1a: Kommo-o|Substitute
|-damage|p1a: Kommo-o|51/100
|move|p2a: Carly Rae|Fiery Dance|p1a: Kommo-o
|-supereffective|p1a: Kommo-o
|-end|p1a: Kommo-o|Substitute
|-boost|p2a: Carly Rae|spa|1
|
|upkeep
|turn|22
|
|t:|1759072482
|switch|p1a: Deoxys|Deoxys-Defense|100/100
|-ability|p1a: Deoxys|Pressure
|move|p2a: Carly Rae|Fiery Dance|p1a: Deoxys
|-damage|p1a: Deoxys|64/100
|-boost|p2a: Carly Rae|spa|1
|
|upkeep
|turn|23
|
|t:|1759072486
|move|p2a: Carly Rae|Fiery Dance|p1a: Deoxys
|-damage|p1a: Deoxys|18/100
|move|p1a: Deoxys|Calm Mind|p1a: Deoxys
|-boost|p1a: Deoxys|spa|1
|-boost|p1a: Deoxys|spd|1
|
|upkeep
|turn|24
|
|t:|1759072490
|move|p2a: Carly Rae|Fiery Dance|p1a: Deoxys
|-damage|p1a: Deoxys|0 fnt
|faint|p1a: Deoxys
|
|upkeep
|
|t:|1759072491
|switch|p1a: Kommo-o|Kommo-o, M, tera:Steel|51/100
|turn|25
|
|t:|1759072494
|move|p1a: Kommo-o|Belly Drum|p1a: Kommo-o
|-damage|p1a: Kommo-o|1/100
|-setboost|p1a: Kommo-o|atk|6|[from] move: Belly Drum
|move|p2a: Carly Rae|Fiery Dance|p1a: Kommo-o
|-supereffective|p1a: Kommo-o
|-damage|p1a: Kommo-o|0 fnt
|faint|p1a: Kommo-o
|
|win|Auburn Hills
|raw|jamel1's rating: 1783 &rarr; <strong>1764</strong><br />(-19 for losing)
|raw|Auburn Hills's rating: 1805 &rarr; <strong>1824</strong><br />(+19 for winning)
|l|☆jamel1
|player|p1|
|l|☆Auburn Hills
|player|p2|
