|badge|p1|bronze|gen9ou|100-6
|html|<div class="broadcast-red"><strong>This battle is required to be public due to one or more player having a season medal.</strong><br />During the public phase, you can discuss the state of the ladder <a href="/seasondiscussion">in a special chatroom.</a></div>
|uhtml|medal-msg|<div class="broadcast-blue">Curious what those medals under the avatar are? PS now has Ladder Seasons! For more information, check out the <a href="https://www.smogon.com/forums/threads/3740067/">thread on Smogon.</a></div>
|raw|<div class="broadcast-blue"><strong>This battle is required to be public due to a player having a name starting with 'medal'.</div>
|j|☆MunchlaxTheGodKing
|j|☆PortugalTheDude
|t:|1759051581
|gametype|singles
|player|p1|MunchlaxTheGodKing|furisodegirl-black|1848
|player|p2|PortugalTheDude|ghetsis|1791
|gen|9
|tier|[Gen 9] OU
|rated|
|rule|HP Percentage Mod: HP is shown in percentages
|rule|Endless Battle Clause: Forcing endless battles is banned
|rule|Species Clause: Limit one of each Pokémon
|rule|OHKO Clause: OHKO moves are banned
|rule|Evasion Items Clause: Evasion items are banned
|rule|Evasion Moves Clause: Evasion moves are banned
|rule|Evasion Abilities Clause: Evasion abilities are banned
|rule|Sleep Moves Clause: Sleep-inducing moves are banned
|clearpoke
|poke|p1|Zamazenta-*|
|poke|p1|Dragapult, M|
|poke|p1|Raging Bolt|
|poke|p1|Moltres|
|poke|p1|Iron Treads|
|poke|p1|Samurott-Hisui, M|
|poke|p2|Keldeo-Resolute|
|poke|p2|Dragapult, F|
|poke|p2|Slowking-Galar, F|
|poke|p2|Kingambit, F|
|poke|p2|Zapdos|
|poke|p2|Great Tusk|
|teampreview
|inactive|Battle timer is ON: inactive players will automatically lose when time's up. (requested by MunchlaxTheGodKing)
|
|t:|1759051599
|teamsize|p1|6
|teamsize|p2|6
|start
|switch|p1a: 24岁 喜欢发射孩子|Dragapult, M|100/100
|switch|p2a: Trunks’ Resolve|Keldeo-Resolute|100/100
|turn|1
|
|t:|1759051608
|switch|p2a: Kami’s Vision|Slowking-Galar, F|100/100
|move|p1a: 24岁 喜欢发射孩子|Shadow Ball|p2a: Kami’s Vision
|-supereffective|p2a: Kami’s Vision
|-damage|p2a: Kami’s Vision|38/100
|
|-heal|p2a: Kami’s Vision|44/100|[from] item: Black Sludge
|upkeep
|turn|2
|
|t:|1759051613
|switch|p1a: Moltres|Moltres|100/100
|switch|p2a: Crutch Gambit|Kingambit, F|100/100
|
|upkeep
|turn|3
|
|t:|1759051618
|-end|p2a: Crutch Gambit|fallenundefined|[silent]
|switch|p2a: Raijin Kaiōken|Zapdos|100/100
|move|p1a: Moltres|Flamethrower|p2a: Raijin Kaiōken
|-damage|p2a: Raijin Kaiōken|53/100
|
|upkeep
|turn|4
|
|t:|1759051623
|switch|p1a: 踩踩背|Iron Treads|100/100
|move|p2a: Raijin Kaiōken|Roost|p2a: Raijin Kaiōken
|-heal|p2a: Raijin Kaiōken|100/100
|-singleturn|p2a: Raijin Kaiōken|move: Roost
|
|upkeep
|turn|5
|
|t:|1759051629
|switch|p2a: Trunks’ Resolve|Keldeo-Resolute|100/100
|move|p1a: 踩踩背|Knock Off|p2a: Trunks’ Resolve
|-resisted|p2a: Trunks’ Resolve
|-damage|p2a: Trunks’ Resolve|89/100
|-ability|p2a: Trunks’ Resolve|Justified|boost
|-boost|p2a: Trunks’ Resolve|atk|1
|-enditem|p2a: Trunks’ Resolve|Leftovers|[from] move: Knock Off|[of] p1a: 踩踩背
|
|upkeep
|turn|6
|
|t:|1759051640
|-end|p1a: 踩踩背|Quark Drive|[silent]
|switch|p1a: 24岁 喜欢发射孩子|Dragapult, M|100/100
|move|p2a: Trunks’ Resolve|Surf|p1a: 24岁 喜欢发射孩子
|-resisted|p1a: 24岁 喜欢发射孩子
|-damage|p1a: 24岁 喜欢发射孩子|69/100
|
|upkeep
|turn|7
|j| wgw2333
|j| catarina valentine
|
|t:|1759051652
|switch|p2a: Crutch Gambit|Kingambit, F|100/100
|move|p1a: 24岁 喜欢发射孩子|Fire Blast|p2a: Crutch Gambit
|-supereffective|p2a: Crutch Gambit
|-crit|p2a: Crutch Gambit
|-damage|p2a: Crutch Gambit|0 fnt
|faint|p2a: Crutch Gambit
|-end|p2a: Crutch Gambit|fallenundefined|[silent]
|
|upkeep
|l| catarina valentine
|
|t:|1759051657
|switch|p2a: Ascended Phantom|Dragapult, F|100/100
|turn|8
|
|t:|1759051661
|switch|p1a: 踩踩背|Iron Treads|100/100
|-terastallize|p2a: Ascended Phantom|Ghost
|move|p2a: Ascended Phantom|Tera Blast|p1a: 踩踩背|[anim] Tera Blast Ghost
|-damage|p1a: 踩踩背|35/100
|
|-heal|p1a: 踩踩背|41/100|[from] item: Leftovers
|upkeep
|turn|9
|
|t:|1759051667
|move|p2a: Ascended Phantom|Tera Blast|p1a: 踩踩背|[anim] Tera Blast Ghost
|-damage|p1a: 踩踩背|0 fnt
|faint|p1a: 踩踩背
|-end|p1a: 踩踩背|Quark Drive|[silent]
|
|upkeep
|
|t:|1759051669
|switch|p1a: 90%≠don't blunder|Samurott-Hisui, M|100/100
|turn|10
|
|t:|1759051672
|switch|p2a: Raijin Kaiōken|Zapdos|100/100
|move|p1a: 90%≠don't blunder|Razor Shell|p2a: Raijin Kaiōken
|-crit|p2a: Raijin Kaiōken
|-damage|p2a: Raijin Kaiōken|10/100
|-unboost|p2a: Raijin Kaiōken|def|1
|-status|p1a: 90%≠don't blunder|par|[from] ability: Static|[of] p2a: Raijin Kaiōken
|
|upkeep
|turn|11
|
|t:|1759051687
|switch|p1a: 24岁 喜欢发射孩子|Dragapult, M|69/100
|move|p2a: Raijin Kaiōken|Discharge|p1a: 24岁 喜欢发射孩子
|-resisted|p1a: 24岁 喜欢发射孩子
|-damage|p1a: 24岁 喜欢发射孩子|47/100
|-status|p1a: 24岁 喜欢发射孩子|par
|
|upkeep
|turn|12
|j| cynasaurus
|
|t:|1759051695
|move|p2a: Raijin Kaiōken|Hurricane|p1a: 24岁 喜欢发射孩子|[miss]
|-miss|p2a: Raijin Kaiōken|p1a: 24岁 喜欢发射孩子
|move|p1a: 24岁 喜欢发射孩子|Shadow Ball|p2a: Raijin Kaiōken
|-damage|p2a: Raijin Kaiōken|0 fnt
|faint|p2a: Raijin Kaiōken
|
|upkeep
|
|t:|1759051698
|switch|p2a: Ascended Phantom|Dragapult, F, tera:Ghost|100/100
|turn|13
|j| amimec
|
|t:|1759051710
|move|p2a: Ascended Phantom|Dragon Darts|p1a: 24岁 喜欢发射孩子
|-supereffective|p1a: 24岁 喜欢发射孩子
|-damage|p1a: 24岁 喜欢发射孩子|0 fnt
|faint|p1a: 24岁 喜欢发射孩子
|
|upkeep
|
|t:|1759051714
|switch|p1a: 长脖奶龙|Raging Bolt|100/100
|turn|14
|
|t:|1759051719
|switch|p2a: Kami’s Vision|Slowking-Galar, F|77/100
|-terastallize|p1a: 长脖奶龙|Fairy
|move|p1a: 长脖奶龙|Volt Switch|p2a: Kami’s Vision
|-damage|p2a: Kami’s Vision|53/100
|
|t:|1759051722
|-end|p1a: 长脖奶龙|Protosynthesis|[silent]
|switch|p1a: 90%≠don't blunder|Samurott-Hisui, M|100/100 par|[from] Volt Switch
|
|-heal|p2a: Kami’s Vision|59/100|[from] item: Black Sludge
|upkeep
|turn|15
|
|t:|1759051727
|switch|p2a: Trunks’ Resolve|Keldeo-Resolute|89/100
|move|p1a: 90%≠don't blunder|Ceaseless Edge|p2a: Trunks’ Resolve
|-resisted|p2a: Trunks’ Resolve
|-damage|p2a: Trunks’ Resolve|52/100
|-ability|p2a: Trunks’ Resolve|Justified|boost
|-boost|p2a: Trunks’ Resolve|atk|1
|-sidestart|p2: PortugalTheDude|Spikes
|
|upkeep
|turn|16
|
|t:|1759051736
|switch|p1a: 脑袋尖尖的|Zamazenta|100/100
|-ability|p1a: 脑袋尖尖的|Dauntless Shield|boost
|-boost|p1a: 脑袋尖尖的|def|1
|move|p2a: Trunks’ Resolve|Secret Sword|p1a: 脑袋尖尖的
|-damage|p1a: 脑袋尖尖的|77/100
|
|upkeep
|turn|17
|
|t:|1759051757
|move|p1a: 脑袋尖尖的|Psychic Fangs|p2a: Trunks’ Resolve
|-supereffective|p2a: Trunks’ Resolve
|-damage|p2a: Trunks’ Resolve|0 fnt
|faint|p2a: Trunks’ Resolve
|-damage|p1a: 脑袋尖尖的|67/100|[from] item: Life Orb
|
|upkeep
|
|t:|1759051763
|switch|p2a: Wrath of Broly|Great Tusk|100/100
|-damage|p2a: Wrath of Broly|88/100|[from] Spikes
|-enditem|p2a: Wrath of Broly|Booster Energy
|-activate|p2a: Wrath of Broly|ability: Protosynthesis|[fromitem]
|-start|p2a: Wrath of Broly|protosynthesisatk
|turn|18
|
|t:|1759051776
|switch|p1a: Moltres|Moltres|100/100
|move|p2a: Wrath of Broly|Rapid Spin|p1a: Moltres
|-damage|p1a: Moltres|76/100
|-boost|p2a: Wrath of Broly|spe|1
|-status|p2a: Wrath of Broly|brn|[from] ability: Flame Body|[of] p1a: Moltres
|-sideend|p2: PortugalTheDude|Spikes|[from] move: Rapid Spin|[of] p2a: Wrath of Broly
|
|-damage|p2a: Wrath of Broly|82/100 brn|[from] brn
|upkeep
|turn|19
|
|t:|1759051782
|move|p2a: Wrath of Broly|Stealth Rock|p1a: Moltres
|-sidestart|p1: MunchlaxTheGodKing|move: Stealth Rock
|move|p1a: Moltres|Flamethrower|p2a: Wrath of Broly
|-damage|p2a: Wrath of Broly|4/100 brn
|
|-damage|p2a: Wrath of Broly|0 fnt|[from] brn
|faint|p2a: Wrath of Broly
|-end|p2a: Wrath of Broly|Protosynthesis|[silent]
|upkeep
|
|t:|1759051786
|switch|p2a: Ascended Phantom|Dragapult, F, tera:Ghost|100/100
|turn|20
|
|t:|1759051814
|move|p2a: Ascended Phantom|Tera Blast|p1a: Moltres|[anim] Tera Blast Ghost
|-damage|p1a: Moltres|0 fnt
|faint|p1a: Moltres
|
|upkeep
|
|t:|1759051817
|switch|p1a: 90%≠don't blunder|Samurott-Hisui, M|100/100 par
|-damage|p1a: 90%≠don't blunder|88/100 par|[from] Stealth Rock
|turn|21
|
|t:|1759051823
|move|p2a: Ascended Phantom|Tera Blast|p1a: 90%≠don't blunder|[anim] Tera Blast Ghost
|-resisted|p1a: 90%≠don't blunder
|-damage|p1a: 90%≠don't blunder|40/100 par
|move|p1a: 90%≠don't blunder|Ceaseless Edge|p2a: Ascended Phantom
|-supereffective|p2a: Ascended Phantom
|-damage|p2a: Ascended Phantom|0 fnt
|-sidestart|p2: PortugalTheDude|Spikes
|faint|p2a: Ascended Phantom
|
|upkeep
|c|☆PortugalTheDude|gg
|
|t:|1759051829
|switch|p2a: Kami’s Vision|Slowking-Galar, F|92/100
|-damage|p2a: Kami’s Vision|80/100|[from] Spikes
|turn|22
|
|t:|1759051840
|move|p1a: 90%≠don't blunder|Ceaseless Edge|p2a: Kami’s Vision
|-supereffective|p2a: Kami’s Vision
|-damage|p2a: Kami’s Vision|0 fnt
|-sidestart|p2: PortugalTheDude|Spikes
|faint|p2a: Kami’s Vision
|
|win|MunchlaxTheGodKing
|raw|MunchlaxTheGodKing's rating: 1848 &rarr; <strong>1865</strong><br />(+17 for winning)
|raw|PortugalTheDude's rating: 1791 &rarr; <strong>1774</strong><br />(-17 for losing)
|l|☆PortugalTheDude
|player|p2|
|l| cynasaurus
