|j|☆CozyClown
|j|☆Brmo1031
|t:|1758983362
|gametype|singles
|player|p1|CozyClown|red|
|player|p2|Brmo1031|hiker-gen4|
|gen|9
|tier|[Gen 9] OU
|rule|HP Percentage Mod: HP is shown in percentages
|rule|Endless Battle Clause: Forcing endless battles is banned
|rule|Species Clause: Limit one of each Pokémon
|rule|OHKO Clause: OHKO moves are banned
|rule|Evasion Items Clause: Evasion items are banned
|rule|Evasion Moves Clause: Evasion moves are banned
|rule|Evasion Abilities Clause: Evasion abilities are banned
|rule|Sleep Moves Clause: Sleep-inducing moves are banned
|clearpoke
|poke|p1|Latios, M|
|poke|p1|Garchomp, M|
|poke|p1|Quagsire, M|
|poke|p1|Corviknight, M|
|poke|p1|Zapdos|
|poke|p1|Dragapult, M|
|poke|p2|Iron Valiant|
|poke|p2|Rotom-Wash|
|poke|p2|Latios, M|
|poke|p2|Ting-Lu|
|poke|p2|Hydreigon, F|
|poke|p2|Gholdengo|
|teampreview
|inactive|Battle timer is ON: inactive players will automatically lose when time's up. (requested by Brmo1031)
|
|t:|1758983388
|teamsize|p1|6
|teamsize|p2|6
|start
|switch|p1a: Garchomp|Garchomp, M, shiny|100/100
|switch|p2a: Ting-Lu|Ting-Lu|100/100
|-ability|p2a: Ting-Lu|Vessel of Ruin
|turn|1
|
|t:|1758983404
|move|p1a: Garchomp|Earthquake|p2a: Ting-Lu
|-crit|p2a: Ting-Lu
|-damage|p2a: Ting-Lu|57/100
|move|p2a: Ting-Lu|Stealth Rock|p1a: Garchomp
|-sidestart|p1: CozyClown|move: Stealth Rock
|
|-heal|p2a: Ting-Lu|63/100|[from] item: Leftovers
|upkeep
|turn|2
|
|t:|1758983416
|switch|p2a: Latios|Latios, M|100/100
|move|p1a: Garchomp|Swords Dance|p1a: Garchomp
|-boost|p1a: Garchomp|atk|2
|
|upkeep
|turn|3
|
|t:|1758983426
|move|p2a: Latios|Draco Meteor|p1a: Garchomp
|-supereffective|p1a: Garchomp
|-damage|p1a: Garchomp|0 fnt
|-unboost|p2a: Latios|spa|2
|faint|p1a: Garchomp
|
|upkeep
|
|t:|1758983434
|switch|p1a: Quagsire|Quagsire, M|100/100
|-damage|p1a: Quagsire|94/100|[from] Stealth Rock
|turn|4
|
|t:|1758983447
|switch|p2a: Rotom|Rotom-Wash|100/100
|move|p1a: Quagsire|Haze|p1a: Quagsire
|-clearallboost
|
|upkeep
|turn|5
|
|t:|1758983463
|move|p2a: Rotom|Will-O-Wisp|p1a: Quagsire
|-status|p1a: Quagsire|brn
|move|p1a: Quagsire|Blizzard|p2a: Rotom|[miss]
|-miss|p1a: Quagsire|p2a: Rotom
|
|-damage|p1a: Quagsire|88/100 brn|[from] brn
|upkeep
|turn|6
|
|t:|1758983477
|switch|p1a: Zapdos|Zapdos, shiny|100/100
|move|p2a: Rotom|Hydro Pump|p1a: Zapdos
|-damage|p1a: Zapdos|72/100
|
|upkeep
|turn|7
|
|t:|1758983492
|move|p1a: Zapdos|Discharge|p2a: Rotom
|-damage|p2a: Rotom|64/100
|move|p2a: Rotom|Volt Switch|p1a: Zapdos
|-damage|p1a: Zapdos|53/100
|
|t:|1758983511
|switch|p2a: Hydreigon|Hydreigon, F|100/100|[from] Volt Switch
|
|upkeep
|turn|8
|inactive|CozyClown has 270 seconds left.
|
|t:|1758983557
|switch|p1a: Corviknight|Corviknight, M, shiny|100/100
|-damage|p1a: Corviknight|88/100|[from] Stealth Rock
|-ability|p1a: Corviknight|Pressure
|move|p2a: Hydreigon|Dark Pulse|p1a: Corviknight
|-damage|p1a: Corviknight|29/100
|
|-heal|p1a: Corviknight|36/100|[from] item: Leftovers
|upkeep
|turn|9
|inactive|CozyClown has 240 seconds left.
|
|t:|1758983597
|switch|p1a: Dragapult|Dragapult, M, shiny|100/100
|-damage|p1a: Dragapult|88/100|[from] Stealth Rock
|move|p2a: Hydreigon|Dark Pulse|p1a: Dragapult
|-supereffective|p1a: Dragapult
|-crit|p1a: Dragapult
|-damage|p1a: Dragapult|0 fnt
|faint|p1a: Dragapult
|
|upkeep
|
|t:|1758983606
|switch|p1a: Latios|Latios, M, shiny|100/100
|-damage|p1a: Latios|88/100|[from] Stealth Rock
|turn|10
|
|t:|1758983615
|switch|p2a: Iron Valiant|Iron Valiant|100/100
|-terastallize|p1a: Latios|Fairy
|move|p1a: Latios|Draco Meteor|p2a: Iron Valiant
|-immune|p2a: Iron Valiant
|
|upkeep
|turn|11
|inactive|CozyClown has 240 seconds left.
|inactive|CozyClown has 210 seconds left.
|inactive|CozyClown has 180 seconds left.
|inactive|CozyClown has 150 seconds left.
|
|t:|1758983727
|switch|p1a: Corviknight|Corviknight, M, shiny|36/100
|-damage|p1a: Corviknight|23/100|[from] Stealth Rock
|-ability|p1a: Corviknight|Pressure
|move|p2a: Iron Valiant|Moonblast|p1a: Corviknight
|-resisted|p1a: Corviknight
|-damage|p1a: Corviknight|2/100
|
|-heal|p1a: Corviknight|9/100|[from] item: Leftovers
|upkeep
|turn|12
|
|t:|1758983739
|move|p2a: Iron Valiant|Moonblast|p1a: Corviknight
|-resisted|p1a: Corviknight
|-damage|p1a: Corviknight|0 fnt
|faint|p1a: Corviknight
|
|upkeep
|inactive|CozyClown has 120 seconds left.
|
|t:|1758983769
|switch|p1a: Zapdos|Zapdos, shiny|53/100
|turn|13
|inactive|CozyClown has 120 seconds left.
|
|t:|1758983781
|-terastallize|p2a: Iron Valiant|Fairy
|move|p2a: Iron Valiant|Moonblast|p1a: Zapdos
|-damage|p1a: Zapdos|11/100
|-unboost|p1a: Zapdos|spa|1
|move|p1a: Zapdos|Roost|p1a: Zapdos
|-heal|p1a: Zapdos|61/100
|-singleturn|p1a: Zapdos|move: Roost
|
|upkeep
|turn|14
|inactive|CozyClown has 120 seconds left.
|inactive|CozyClown has 90 seconds left.
|inactive|CozyClown has 60 seconds left.
|inactive|CozyClown has 30 seconds left.
|
|t:|1758983878
|switch|p1a: Quagsire|Quagsire, M|88/100 brn
|-damage|p1a: Quagsire|82/100 brn|[from] Stealth Rock
|move|p2a: Iron Valiant|Knock Off|p1a: Quagsire
|-damage|p1a: Quagsire|62/100 brn
|-damage|p2a: Iron Valiant|84/100|[from] item: Rocky Helmet|[of] p1a: Quagsire
|-enditem|p1a: Quagsire|Rocky Helmet|[from] move: Knock Off|[of] p2a: Iron Valiant
|
|-damage|p1a: Quagsire|56/100 brn|[from] brn
|upkeep
|turn|15
|inactive|CozyClown has 30 seconds left.
|inactive|Brmo1031 has 270 seconds left.
|
|t:|1758983905
|-end|p2a: Iron Valiant|Quark Drive|[silent]
|switch|p2a: Gholdengo|Gholdengo|100/100
|-item|p2a: Gholdengo|Air Balloon
|move|p1a: Quagsire|Earthquake|p2a: Gholdengo
|-immune|p2a: Gholdengo
|
|-damage|p1a: Quagsire|50/100 brn|[from] brn
|upkeep
|turn|16
|inactive|CozyClown has 30 seconds left.
|inactive|CozyClown has 20 seconds left.
|inactive|CozyClown has 15 seconds left.
|
|t:|1758983934
|switch|p2a: Rotom|Rotom-Wash|64/100
|switch|p1a: Zapdos|Zapdos, shiny|61/100
|
|-heal|p2a: Rotom|70/100|[from] item: Leftovers
|upkeep
|turn|17
|inactive|CozyClown has 25 seconds left this turn.
|inactive|CozyClown has 20 seconds left.
|inactive|CozyClown has 15 seconds left.
|inactive|Brmo1031 has 270 seconds left.
|
|t:|1758983950
|move|p1a: Zapdos|Volt Switch|p2a: Rotom
|-damage|p2a: Rotom|39/100
|inactive|CozyClown has 20 seconds left this turn.
|inactive|CozyClown has 15 seconds left.
|inactive|CozyClown has 10 seconds left.
|
|t:|1758983960
|switch|p1a: Quagsire|Quagsire, M|50/100 brn|[from] Volt Switch
|-damage|p1a: Quagsire|44/100 brn|[from] Stealth Rock
|move|p2a: Rotom|Will-O-Wisp|p1a: Quagsire
|-fail|p1a: Quagsire|brn
|
|-heal|p2a: Rotom|46/100|[from] item: Leftovers
|-damage|p1a: Quagsire|38/100 brn|[from] brn
|upkeep
|turn|18
|inactive|CozyClown has 20 seconds left this turn.
|inactive|CozyClown has 15 seconds left.
|inactive|CozyClown has 10 seconds left.
|
|t:|1758983974
|move|p2a: Rotom|Hydro Pump|p1a: Quagsire
|-damage|p1a: Quagsire|0 fnt
|faint|p1a: Quagsire
|
|-heal|p2a: Rotom|52/100|[from] item: Leftovers
|upkeep
|inactive|CozyClown has 15 seconds left this turn.
|inactive|CozyClown has 10 seconds left.
|inactive|CozyClown has 5 seconds left.
|-message|CozyClown lost due to inactivity.
|
|win|Brmo1031
|l|☆CozyClown
|player|p1|
