|j|☆megaYama
|j|☆emspottie
|t:|1759032367
|gametype|singles
|player|p1|megaYama|acetrainer-gen4dp|1440
|player|p2|emspottie|cynthia|1402
|gen|9
|tier|[Gen 9] OU
|rated|
|rule|HP Percentage Mod: HP is shown in percentages
|rule|Endless Battle Clause: Forcing endless battles is banned
|rule|Species Clause: Limit one of each Pokémon
|rule|OHKO Clause: OHKO moves are banned
|rule|Evasion Items Clause: Evasion items are banned
|rule|Evasion Moves Clause: Evasion moves are banned
|rule|Evasion Abilities Clause: Evasion abilities are banned
|rule|Sleep Moves Clause: Sleep-inducing moves are banned
|clearpoke
|poke|p1|Cinderace, F|
|poke|p1|Enamorus, F|
|poke|p1|Samurott-Hisui, M|
|poke|p1|Armarouge, M|
|poke|p1|Ogerpon-Wellspring, F|
|poke|p1|Corviknight, F|
|poke|p2|Slowking-Galar, F|
|poke|p2|Zamazenta-*|
|poke|p2|Landorus-Therian, M|
|poke|p2|Kingambit, F|
|poke|p2|Dragapult, F|
|poke|p2|Ogerpon-Wellspring, F|
|teampreview
|
|t:|1759032378
|teamsize|p1|6
|teamsize|p2|6
|start
|switch|p1a: Samurott|Samurott-Hisui, M|100/100
|switch|p2a: Slowking|Slowking-Galar, F|100/100
|turn|1
|c|☆emspottie|hf
|inactive|Battle timer is ON: inactive players will automatically lose when time's up. (requested by emspottie)
|
|t:|1759032386
|switch|p2a: Zamazenta|Zamazenta|100/100
|-ability|p2a: Zamazenta|Dauntless Shield|boost
|-boost|p2a: Zamazenta|def|1
|move|p1a: Samurott|Ceaseless Edge|p2a: Zamazenta
|-resisted|p2a: Zamazenta
|-damage|p2a: Zamazenta|81/100
|-sidestart|p2: emspottie|Spikes
|
|upkeep
|turn|2
|
|t:|1759032406
|switch|p1a: Enamorus|Enamorus, F|100/100
|move|p2a: Zamazenta|Stone Edge|p1a: Enamorus|[miss]
|-miss|p2a: Zamazenta|p1a: Enamorus
|
|upkeep
|turn|3
|
|t:|1759032417
|-terastallize|p2a: Zamazenta|Fire
|move|p1a: Enamorus|Moonblast|p2a: Zamazenta
|-resisted|p2a: Zamazenta
|-damage|p2a: Zamazenta|58/100
|move|p2a: Zamazenta|Stone Edge|p1a: Enamorus
|-supereffective|p1a: Enamorus
|-damage|p1a: Enamorus|4/100
|
|upkeep
|turn|4
|
|t:|1759032430
|switch|p1a: Corviknight|Corviknight, F|100/100
|-ability|p1a: Corviknight|Pressure
|move|p2a: Zamazenta|Stone Edge|p1a: Corviknight
|-damage|p1a: Corviknight|81/100
|
|upkeep
|turn|5
|
|t:|1759032446
|move|p2a: Zamazenta|Stone Edge|p1a: Corviknight
|-damage|p1a: Corviknight|60/100
|move|p1a: Corviknight|Iron Defense|p1a: Corviknight
|-boost|p1a: Corviknight|def|2
|
|upkeep
|turn|6
|inactive|megaYama has 120 seconds left.
|
|t:|1759032468
|switch|p2a: Dragapult|Dragapult, F|100/100
|move|p1a: Corviknight|Roost|p1a: Corviknight
|-heal|p1a: Corviknight|100/100
|-singleturn|p1a: Corviknight|move: Roost
|
|upkeep
|turn|7
|inactive|megaYama has 120 seconds left.
|
|t:|1759032488
|switch|p1a: Samurott|Samurott-Hisui, M|100/100
|move|p2a: Dragapult|Will-O-Wisp|p1a: Samurott|[miss]
|-miss|p2a: Dragapult|p1a: Samurott
|
|upkeep
|turn|8
|inactive|megaYama has 120 seconds left.
|l|☆megaYama
|inactive|megaYama disconnected and has a minute to reconnect!
|player|p1|
|j|☆megaYama
|inactive|megaYama reconnected and has 85 seconds left.
|player|p1|megaYama|acetrainer-gen4dp|
|
|t:|1759032533
|-terastallize|p1a: Samurott|Dark
|move|p2a: Dragapult|U-turn|p1a: Samurott
|-supereffective|p1a: Samurott
|-crit|p1a: Samurott
|-damage|p1a: Samurott|20/100
|
|t:|1759032539
|switch|p2a: Kingambit|Kingambit, F|100/100|[from] U-turn
|-damage|p2a: Kingambit|88/100|[from] Spikes
|move|p1a: Samurott|Ceaseless Edge|p2a: Kingambit
|-resisted|p2a: Kingambit
|-damage|p2a: Kingambit|57/100
|-sidestart|p2: emspottie|Spikes
|
|-heal|p2a: Kingambit|63/100|[from] item: Leftovers
|upkeep
|turn|9
|inactive|megaYama has 90 seconds left.
|
|t:|1759032554
|switch|p1a: Corviknight|Corviknight, F|100/100
|-ability|p1a: Corviknight|Pressure
|move|p2a: Kingambit|Kowtow Cleave|p1a: Corviknight
|-damage|p1a: Corviknight|72/100
|-damage|p2a: Kingambit|47/100|[from] item: Rocky Helmet|[of] p1a: Corviknight
|
|-heal|p2a: Kingambit|53/100|[from] item: Leftovers
|upkeep
|turn|10
|inactive|megaYama has 90 seconds left.
|
|t:|1759032571
|-end|p2a: Kingambit|fallenundefined|[silent]
|switch|p2a: Landorus|Landorus-Therian, M|100/100
|-ability|p2a: Landorus|Intimidate|boost
|-unboost|p1a: Corviknight|atk|1
|move|p1a: Corviknight|U-turn|p2a: Landorus
|-resisted|p2a: Landorus
|-damage|p2a: Landorus|97/100
|-damage|p1a: Corviknight|55/100|[from] item: Rocky Helmet|[of] p2a: Landorus
|
|t:|1759032586
|switch|p1a: Ogerpon|Ogerpon-Wellspring, F|100/100|[from] U-turn
|
|upkeep
|turn|11
|
|t:|1759032592
|move|p1a: Ogerpon|Knock Off|p2a: Landorus
|-damage|p2a: Landorus|69/100
|-damage|p1a: Ogerpon|84/100|[from] item: Rocky Helmet|[of] p2a: Landorus
|-enditem|p2a: Landorus|Rocky Helmet|[from] move: Knock Off|[of] p1a: Ogerpon
|move|p2a: Landorus|U-turn|p1a: Ogerpon
|-supereffective|p1a: Ogerpon
|-damage|p1a: Ogerpon|27/100
|
|t:|1759032598
|switch|p2a: Zamazenta|Zamazenta, tera:Fire|58/100|[from] U-turn
|
|upkeep
|turn|12
|
|t:|1759032606
|switch|p1a: Corviknight|Corviknight, F|55/100
|-ability|p1a: Corviknight|Pressure
|move|p2a: Zamazenta|Close Combat|p1a: Corviknight
|-damage|p1a: Corviknight|20/100
|-unboost|p2a: Zamazenta|def|1
|-unboost|p2a: Zamazenta|spd|1
|-damage|p2a: Zamazenta|42/100|[from] item: Rocky Helmet|[of] p1a: Corviknight
|
|upkeep
|turn|13
|
|t:|1759032623
|switch|p1a: Armarouge|Armarouge, M|100/100
|move|p2a: Zamazenta|Close Combat|p1a: Armarouge
|-resisted|p1a: Armarouge
|-damage|p1a: Armarouge|68/100
|-unboost|p2a: Zamazenta|def|1
|-unboost|p2a: Zamazenta|spd|1
|-ability|p1a: Armarouge|Weak Armor|boost
|-unboost|p1a: Armarouge|def|1
|-boost|p1a: Armarouge|spe|2
|
|upkeep
|turn|14
|inactive|megaYama has 90 seconds left.
|
|t:|1759032654
|switch|p2a: Slowking|Slowking-Galar, F|100/100
|move|p1a: Armarouge|Stored Power|p2a: Slowking
|-damage|p2a: Slowking|80/100
|
|upkeep
|turn|15
|
|t:|1759032663
|move|p1a: Armarouge|Calm Mind|p1a: Armarouge
|-boost|p1a: Armarouge|spa|1
|-boost|p1a: Armarouge|spd|1
|move|p2a: Slowking|Sludge Bomb|p1a: Armarouge
|-damage|p1a: Armarouge|40/100
|-status|p1a: Armarouge|psn
|
|-damage|p1a: Armarouge|28/100 psn|[from] psn
|upkeep
|turn|16
|
|t:|1759032674
|move|p1a: Armarouge|Armor Cannon|p2a: Slowking
|-damage|p2a: Slowking|17/100
|-unboost|p1a: Armarouge|def|1
|-unboost|p1a: Armarouge|spd|1
|move|p2a: Slowking|Sludge Bomb|p1a: Armarouge
|-damage|p1a: Armarouge|0 fnt
|faint|p1a: Armarouge
|
|upkeep
|
|t:|1759032683
|switch|p1a: Samurott|Samurott-Hisui, M, tera:Dark|20/100
|turn|17
|
|t:|1759032691
|switch|p2a: Kingambit|Kingambit, F|53/100
|-damage|p2a: Kingambit|36/100|[from] Spikes
|move|p1a: Samurott|Ceaseless Edge|p2a: Kingambit
|-resisted|p2a: Kingambit
|-damage|p2a: Kingambit|2/100
|-sidestart|p2: emspottie|Spikes
|
|-heal|p2a: Kingambit|8/100|[from] item: Leftovers
|upkeep
|turn|18
|inactive|megaYama has 90 seconds left.
|
|t:|1759032707
|move|p1a: Samurott|Ceaseless Edge|p2a: Kingambit
|-resisted|p2a: Kingambit
|-damage|p2a: Kingambit|0 fnt
|faint|p2a: Kingambit
|-end|p2a: Kingambit|fallenundefined|[silent]
|
|upkeep
|
|t:|1759032713
|switch|p2a: Zamazenta|Zamazenta, tera:Fire|42/100
|turn|19
|inactive|megaYama has 90 seconds left.
|inactive|megaYama has 60 seconds left.
|
|t:|1759032754
|switch|p1a: Corviknight|Corviknight, F|20/100
|-ability|p1a: Corviknight|Pressure
|move|p2a: Zamazenta|Heavy Slam|p1a: Corviknight
|-resisted|p1a: Corviknight
|-damage|p1a: Corviknight|14/100
|-damage|p2a: Zamazenta|25/100|[from] item: Rocky Helmet|[of] p1a: Corviknight
|
|upkeep
|turn|20
|inactive|megaYama has 60 seconds left.
|
|t:|1759032770
|move|p2a: Zamazenta|Crunch|p1a: Corviknight
|-damage|p1a: Corviknight|0 fnt
|-damage|p2a: Zamazenta|9/100|[from] item: Rocky Helmet|[of] p1a: Corviknight
|faint|p1a: Corviknight
|
|upkeep
|
|t:|1759032787
|switch|p1a: Enamorus|Enamorus, F|4/100
|turn|21
|
|t:|1759032802
|switch|p2a: Slowking|Slowking-Galar, F|51/100
|move|p1a: Enamorus|Moonblast|p2a: Slowking
|-resisted|p2a: Slowking
|-damage|p2a: Slowking|34/100
|-unboost|p2a: Slowking|spa|1
|
|upkeep
|turn|22
|
|t:|1759032811
|switch|p1a: Cinderace|Cinderace, F|100/100
|move|p2a: Slowking|Sludge Bomb|p1a: Cinderace
|-damage|p1a: Cinderace|75/100
|
|upkeep
|turn|23
|inactive|megaYama has 30 seconds left.
|
|t:|1759032845
|switch|p2a: Landorus|Landorus-Therian, M|69/100
|-ability|p2a: Landorus|Intimidate|boost
|-unboost|p1a: Cinderace|atk|1
|move|p1a: Cinderace|Pyro Ball|p2a: Landorus
|-damage|p2a: Landorus|45/100
|
|upkeep
|turn|24
|inactive|megaYama has 30 seconds left.
|inactive|megaYama has 20 seconds left.
|
|t:|1759032863
|move|p1a: Cinderace|Will-O-Wisp|p2a: Landorus
|-status|p2a: Landorus|brn
|move|p2a: Landorus|U-turn|p1a: Cinderace
|-resisted|p1a: Cinderace
|-damage|p1a: Cinderace|69/100
|
|t:|1759032870
|switch|p2a: Slowking|Slowking-Galar, F|67/100|[from] U-turn
|
|upkeep
|turn|25
|inactive|megaYama has 30 seconds left.
|inactive|megaYama has 20 seconds left.
|inactive|megaYama has 15 seconds left.
|inactive|megaYama has 10 seconds left.
|inactive|megaYama has 5 seconds left.
|
|t:|1759032902
|move|p1a: Cinderace|U-turn|p2a: Slowking
|-damage|p2a: Slowking|54/100
|inactive|megaYama has 10 seconds left this turn.
|inactive|megaYama has 5 seconds left.
|
|t:|1759032912
|switch|p1a: Samurott|Samurott-Hisui, M, tera:Dark|20/100|[from] U-turn
|move|p2a: Slowking|Sludge Bomb|p1a: Samurott
|-damage|p1a: Samurott|0 fnt
|faint|p1a: Samurott
|
|upkeep
|inactive|megaYama has 10 seconds left this turn.
|inactive|megaYama has 5 seconds left.
|
|t:|1759032922
|switch|p1a: Ogerpon|Ogerpon-Wellspring, F|27/100
|turn|26
|inactive|megaYama has 15 seconds left this turn.
|inactive|megaYama has 10 seconds left.
|
|t:|1759032928
|switch|p2a: Zamazenta|Zamazenta, tera:Fire|9/100
|move|p1a: Ogerpon|Ivy Cudgel|p2a: Zamazenta|[anim] Ivy Cudgel Water
|-supereffective|p2a: Zamazenta
|-crit|p2a: Zamazenta
|-damage|p2a: Zamazenta|0 fnt
|faint|p2a: Zamazenta
|
|upkeep
|
|t:|1759032939
|switch|p2a: Dragapult|Dragapult, F|100/100
|turn|27
|inactive|megaYama has 25 seconds left this turn.
|inactive|megaYama has 20 seconds left.
|
|t:|1759032945
|switch|p1a: Cinderace|Cinderace, F|69/100
|move|p2a: Dragapult|Hex|p1a: Cinderace
|-damage|p1a: Cinderace|37/100
|
|upkeep
|turn|28
|inactive|megaYama has 30 seconds left this turn.
|
|t:|1759032952
|move|p2a: Dragapult|Hex|p1a: Cinderace
|-damage|p1a: Cinderace|6/100
|move|p1a: Cinderace|U-turn|p2a: Dragapult
|-resisted|p2a: Dragapult
|-damage|p2a: Dragapult|87/100
|inactive|megaYama has 30 seconds left this turn.
|
|t:|1759032956
|switch|p1a: Enamorus|Enamorus, F|4/100|[from] U-turn
|
|upkeep
|turn|29
|inactive|megaYama has 30 seconds left.
|inactive|megaYama has 20 seconds left.
|inactive|megaYama has 15 seconds left.
|inactive|megaYama has 10 seconds left.
|l|☆megaYama
|inactive|megaYama disconnected and has a minute to reconnect!
|player|p1|
|j|☆megaYama
|inactive|megaYama reconnected and has 10 seconds left.
|player|p1|megaYama|acetrainer-gen4dp|
|inactive|megaYama has 5 seconds left.
|-message|megaYama forfeited.
|
|win|emspottie
|raw|megaYama's rating: 1440 &rarr; <strong>1418</strong><br />(-22 for losing)
|raw|emspottie's rating: 1402 &rarr; <strong>1424</strong><br />(+22 for winning)
|c|☆emspottie|gg
|l|☆megaYama
|player|p1|
|l|☆emspottie
|player|p2|
