|j|☆aislinn4eva247
|j|☆Temper0
|t:|1759068436
|gametype|singles
|player|p1|aislinn4eva247|scientist-gen4dp|1406
|player|p2|Temper0|drayden|1364
|gen|9
|tier|[Gen 9] OU
|rated|
|rule|HP Percentage Mod: HP is shown in percentages
|rule|Endless Battle Clause: Forcing endless battles is banned
|rule|Species Clause: Limit one of each Pokémon
|rule|OHKO Clause: OHKO moves are banned
|rule|Evasion Items Clause: Evasion items are banned
|rule|Evasion Moves Clause: Evasion moves are banned
|rule|Evasion Abilities Clause: Evasion abilities are banned
|rule|Sleep Moves Clause: Sleep-inducing moves are banned
|clearpoke
|poke|p1|Meowscarada, F|
|poke|p1|Cinderace, F|
|poke|p1|Hydrapple, F|
|poke|p1|Kyurem|
|poke|p1|Slowking-Galar, F|
|poke|p1|Iron Crown|
|poke|p2|Malamar, M|
|poke|p2|Iron Hands|
|poke|p2|Gholdengo|
|poke|p2|Glimmora, M|
|poke|p2|Corviknight, M|
|poke|p2|Ogerpon-Wellspring, F|
|teampreview
|
|t:|1759068447
|teamsize|p1|6
|teamsize|p2|6
|start
|switch|p1a: Meowscarada|Meowscarada, F|100/100
|switch|p2a: Corviknight|Corviknight, M|100/100
|-ability|p2a: Corviknight|Pressure
|turn|1
|
|t:|1759068451
|move|p1a: Meowscarada|Knock Off|p2a: Corviknight
|-start|p1a: Meowscarada|typechange|Dark|[from] ability: Protean
|-damage|p2a: Corviknight|70/100
|-damage|p1a: Meowscarada|84/100|[from] item: Rocky Helmet|[of] p2a: Corviknight
|-enditem|p2a: Corviknight|Rocky Helmet|[from] move: Knock Off|[of] p1a: Meowscarada
|move|p2a: Corviknight|U-turn|p1a: Meowscarada
|-supereffective|p1a: Meowscarada
|-damage|p1a: Meowscarada|43/100
|
|t:|1759068468
|switch|p2a: Malamar|Malamar, M|100/100|[from] U-turn
|
|upkeep
|turn|2
|
|t:|1759068476
|switch|p1a: Cinderace|Cinderace, F|100/100
|move|p2a: Malamar|Superpower|p1a: Cinderace
|-damage|p1a: Cinderace|58/100
|-boost|p2a: Malamar|atk|1
|-boost|p2a: Malamar|def|1
|
|upkeep
|turn|3
|
|t:|1759068501
|move|p2a: Malamar|Superpower|p1a: Cinderace
|-damage|p1a: Cinderace|0 fnt
|-boost|p2a: Malamar|atk|1
|-boost|p2a: Malamar|def|1
|faint|p1a: Cinderace
|
|upkeep
|
|t:|1759068508
|switch|p1a: Meowscarada|Meowscarada, F|43/100
|turn|4
|inactive|Battle timer is ON: inactive players will automatically lose when time's up. (requested by aislinn4eva247)
|
|t:|1759068561
|move|p1a: Meowscarada|U-turn|p2a: Malamar
|-start|p1a: Meowscarada|typechange|Bug|[from] ability: Protean
|-supereffective|p2a: Malamar
|-damage|p2a: Malamar|8/100
|
|t:|1759068565
|switch|p1a: Slowking|Slowking-Galar, F|100/100|[from] U-turn
|move|p2a: Malamar|Superpower|p1a: Slowking
|-resisted|p1a: Slowking
|-damage|p1a: Slowking|83/100
|-boost|p2a: Malamar|atk|1
|-boost|p2a: Malamar|def|1
|
|upkeep
|turn|5
|
|t:|1759068573
|switch|p2a: Gholdengo|Gholdengo|100/100
|-item|p2a: Gholdengo|Air Balloon
|move|p1a: Slowking|Sludge Bomb|p2a: Gholdengo
|-immune|p2a: Gholdengo
|
|upkeep
|turn|6
|
|t:|1759068577
|move|p2a: Gholdengo|Nasty Plot|p2a: Gholdengo
|-boost|p2a: Gholdengo|spa|2
|move|p1a: Slowking|Flamethrower|p2a: Gholdengo
|-supereffective|p2a: Gholdengo
|-damage|p2a: Gholdengo|52/100
|-enditem|p2a: Gholdengo|Air Balloon
|
|upkeep
|turn|7
|
|t:|1759068584
|move|p2a: Gholdengo|Shadow Ball|p1a: Slowking
|-supereffective|p1a: Slowking
|-damage|p1a: Slowking|0 fnt
|faint|p1a: Slowking
|
|upkeep
|
|t:|1759068591
|switch|p1a: Kyurem|Kyurem|100/100
|-ability|p1a: Kyurem|Pressure
|turn|8
|
|t:|1759068606
|-terastallize|p1a: Kyurem|Fire
|-terastallize|p2a: Gholdengo|Fairy
|move|p1a: Kyurem|Dragon Dance|p1a: Kyurem
|-boost|p1a: Kyurem|atk|1
|-boost|p1a: Kyurem|spe|1
|move|p2a: Gholdengo|Make It Rain|p1a: Kyurem
|-resisted|p1a: Kyurem
|-damage|p1a: Kyurem|36/100
|-unboost|p2a: Gholdengo|spa|1
|
|upkeep
|turn|9
|inactive|Temper0 has 120 seconds left.
|
|t:|1759068636
|move|p1a: Kyurem|Tera Blast|p2a: Gholdengo|[anim] Tera Blast Fire
|-damage|p2a: Gholdengo|0 fnt
|faint|p2a: Gholdengo
|
|upkeep
|
|t:|1759068639
|switch|p2a: Iron Hands|Iron Hands|100/100
|turn|10
|inactive|Temper0 has 120 seconds left.
|
|t:|1759068655
|move|p1a: Kyurem|Scale Shot|p2a: Iron Hands
|-damage|p2a: Iron Hands|86/100
|-damage|p2a: Iron Hands|73/100
|-damage|p2a: Iron Hands|60/100
|-damage|p2a: Iron Hands|46/100
|-damage|p2a: Iron Hands|32/100
|-hitcount|p2a: Iron Hands|5
|-unboost|p1a: Kyurem|def|1
|-boost|p1a: Kyurem|spe|1
|move|p2a: Iron Hands|Close Combat|p1a: Kyurem
|-damage|p1a: Kyurem|0 fnt
|-unboost|p2a: Iron Hands|def|1
|-unboost|p2a: Iron Hands|spd|1
|faint|p1a: Kyurem
|
|upkeep
|
|t:|1759068670
|switch|p1a: Meowscarada|Meowscarada, F|43/100
|turn|11
|
|t:|1759068678
|-end|p2a: Iron Hands|Quark Drive|[silent]
|switch|p2a: Malamar|Malamar, M|8/100
|move|p1a: Meowscarada|Flower Trick|p2a: Malamar
|-start|p1a: Meowscarada|typechange|Grass|[from] ability: Protean
|-crit|p2a: Malamar
|-damage|p2a: Malamar|0 fnt
|faint|p2a: Malamar
|
|upkeep
|inactive|Temper0 has 120 seconds left.
|
|t:|1759068694
|switch|p2a: Corviknight|Corviknight, M|70/100
|-ability|p2a: Corviknight|Pressure
|turn|12
|
|t:|1759068700
|switch|p1a: Iron Crown|Iron Crown|100/100
|move|p2a: Corviknight|U-turn|p1a: Iron Crown
|-damage|p1a: Iron Crown|86/100
|
|t:|1759068708
|switch|p2a: Ogerpon|Ogerpon-Wellspring, F|100/100|[from] U-turn
|
|upkeep
|turn|13
|inactive|Temper0 has 120 seconds left.
|
|t:|1759068733
|move|p2a: Ogerpon|Swords Dance|p2a: Ogerpon
|-boost|p2a: Ogerpon|atk|2
|move|p1a: Iron Crown|Volt Switch|p2a: Ogerpon
|-damage|p2a: Ogerpon|58/100
|
|t:|1759068736
|-end|p1a: Iron Crown|Quark Drive|[silent]
|switch|p1a: Hydrapple|Hydrapple, F|100/100|[from] Volt Switch
|
|upkeep
|turn|14
|
|t:|1759068744
|switch|p2a: Glimmora|Glimmora, M|100/100
|move|p1a: Hydrapple|Nasty Plot|p1a: Hydrapple
|-boost|p1a: Hydrapple|spa|2
|
|upkeep
|turn|15
|
|t:|1759068757
|move|p2a: Glimmora|Sludge Wave|p1a: Hydrapple
|-supereffective|p1a: Hydrapple
|-damage|p1a: Hydrapple|4/100
|move|p1a: Hydrapple|Earth Power|p2a: Glimmora
|-supereffective|p2a: Glimmora
|-damage|p2a: Glimmora|0 fnt
|faint|p2a: Glimmora
|
|upkeep
|inactive|Temper0 has 120 seconds left.
|
|t:|1759068771
|switch|p2a: Corviknight|Corviknight, M|70/100
|-ability|p2a: Corviknight|Pressure
|turn|16
|
|t:|1759068795
|switch|p1a: Meowscarada|Meowscarada, F|43/100
|move|p2a: Corviknight|U-turn|p1a: Meowscarada
|-supereffective|p1a: Meowscarada
|-damage|p1a: Meowscarada|0 fnt
|faint|p1a: Meowscarada
|inactive|Temper0 has 120 seconds left.
|
|t:|1759068822
|switch|p2a: Iron Hands|Iron Hands|32/100|[from] U-turn
|
|upkeep
|inactive|aislinn4eva247 has 120 seconds left.
|
|t:|1759068856
|switch|p1a: Iron Crown|Iron Crown|86/100
|turn|17
|inactive|Temper0 has 120 seconds left.
|
|t:|1759068888
|move|p1a: Iron Crown|Psychic Noise|p2a: Iron Hands
|-supereffective|p2a: Iron Hands
|-damage|p2a: Iron Hands|0 fnt
|faint|p2a: Iron Hands
|-end|p2a: Iron Hands|Quark Drive|[silent]
|
|upkeep
|inactive|Temper0 has 90 seconds left.
|
|t:|1759068903
|switch|p2a: Ogerpon|Ogerpon-Wellspring, F|58/100
|turn|18
|inactive|Temper0 has 90 seconds left.
|
|t:|1759068926
|-end|p1a: Iron Crown|Quark Drive|[silent]
|switch|p1a: Hydrapple|Hydrapple, F|37/100
|move|p2a: Ogerpon|Ivy Cudgel|p1a: Hydrapple|[anim] Ivy Cudgel Water
|-resisted|p1a: Hydrapple
|-damage|p1a: Hydrapple|28/100
|
|upkeep
|turn|19
|inactive|Temper0 has 60 seconds left.
|
|t:|1759068970
|switch|p2a: Corviknight|Corviknight, M|70/100
|-ability|p2a: Corviknight|Pressure
|move|p1a: Hydrapple|Giga Drain|p2a: Corviknight
|-resisted|p2a: Corviknight
|-damage|p2a: Corviknight|63/100
|-heal|p1a: Hydrapple|32/100|[from] drain|[of] p2a: Corviknight
|
|upkeep
|turn|20
|
|t:|1759068979
|switch|p1a: Iron Crown|Iron Crown|86/100
|move|p2a: Corviknight|Roost|p2a: Corviknight
|-heal|p2a: Corviknight|100/100
|-singleturn|p2a: Corviknight|move: Roost
|
|upkeep
|turn|21
|
|t:|1759068983
|move|p1a: Iron Crown|Psychic Noise|p2a: Corviknight
|-resisted|p2a: Corviknight
|-damage|p2a: Corviknight|71/100
|-start|p2a: Corviknight|move: Heal Block
|move|p2a: Corviknight|Body Press|p1a: Iron Crown
|-damage|p1a: Iron Crown|61/100
|
|upkeep
|turn|22
|
|t:|1759068996
|move|p1a: Iron Crown|Psychic Noise|p2a: Corviknight
|-resisted|p2a: Corviknight
|-damage|p2a: Corviknight|42/100
|move|p2a: Corviknight|Body Press|p1a: Iron Crown
|-damage|p1a: Iron Crown|33/100
|
|-end|p2a: Corviknight|move: Heal Block
|upkeep
|turn|23
|inactive|Temper0 has 60 seconds left.
|
|t:|1759069016
|move|p1a: Iron Crown|Psychic Noise|p2a: Corviknight
|-resisted|p2a: Corviknight
|-damage|p2a: Corviknight|14/100
|-start|p2a: Corviknight|move: Heal Block
|move|p2a: Corviknight|U-turn|p1a: Iron Crown
|-damage|p1a: Iron Crown|17/100
|
|t:|1759069019
|switch|p2a: Ogerpon|Ogerpon-Wellspring, F|58/100|[from] U-turn
|
|upkeep
|turn|24
|
|t:|1759069027
|move|p2a: Ogerpon|Horn Leech|p1a: Iron Crown
|-resisted|p1a: Iron Crown
|-damage|p1a: Iron Crown|0 fnt
|-heal|p2a: Ogerpon|67/100|[from] drain|[of] p1a: Iron Crown
|faint|p1a: Iron Crown
|-end|p1a: Iron Crown|Quark Drive|[silent]
|
|upkeep
|
|t:|1759069029
|switch|p1a: Hydrapple|Hydrapple, F|65/100
|turn|25
|
|t:|1759069047
|move|p2a: Ogerpon|Superpower|p1a: Hydrapple
|-damage|p1a: Hydrapple|40/100
|-unboost|p2a: Ogerpon|atk|1
|-unboost|p2a: Ogerpon|def|1
|move|p1a: Hydrapple|Nasty Plot|p1a: Hydrapple
|-boost|p1a: Hydrapple|spa|2
|
|upkeep
|turn|26
|
|t:|1759069053
|move|p2a: Ogerpon|Superpower|p1a: Hydrapple
|-damage|p1a: Hydrapple|24/100
|-unboost|p2a: Ogerpon|atk|1
|-unboost|p2a: Ogerpon|def|1
|move|p1a: Hydrapple|Giga Drain|p2a: Ogerpon
|-damage|p2a: Ogerpon|0 fnt
|-heal|p1a: Hydrapple|48/100|[from] drain|[of] p2a: Ogerpon
|faint|p2a: Ogerpon
|
|upkeep
|
|t:|1759069059
|switch|p2a: Corviknight|Corviknight, M|14/100
|-ability|p2a: Corviknight|Pressure
|turn|27
|
|t:|1759069063
|move|p2a: Corviknight|Roost|p2a: Corviknight
|-heal|p2a: Corviknight|64/100
|-singleturn|p2a: Corviknight|move: Roost
|move|p1a: Hydrapple|Fickle Beam|p2a: Corviknight
|-resisted|p2a: Corviknight
|-crit|p2a: Corviknight
|-damage|p2a: Corviknight|19/100
|
|upkeep
|turn|28
|
|t:|1759069069
|move|p2a: Corviknight|Roost|p2a: Corviknight
|-heal|p2a: Corviknight|69/100
|-singleturn|p2a: Corviknight|move: Roost
|move|p1a: Hydrapple|Fickle Beam|p2a: Corviknight
|-resisted|p2a: Corviknight
|-damage|p2a: Corviknight|42/100
|
|upkeep
|turn|29
|inactive|Temper0 has 90 seconds left.
|
|t:|1759069075
|move|p2a: Corviknight|Roost|p2a: Corviknight
|-heal|p2a: Corviknight|92/100
|-singleturn|p2a: Corviknight|move: Roost
|move|p1a: Hydrapple|Nasty Plot|p1a: Hydrapple
|-boost|p1a: Hydrapple|spa|2
|
|upkeep
|turn|30
|
|t:|1759069082
|move|p2a: Corviknight|Brave Bird|p1a: Hydrapple
|-supereffective|p1a: Hydrapple
|-damage|p1a: Hydrapple|4/100
|-damage|p2a: Corviknight|77/100|[from] Recoil
|move|p1a: Hydrapple|Fickle Beam|p2a: Corviknight
|-resisted|p2a: Corviknight
|-damage|p2a: Corviknight|35/100
|
|upkeep
|turn|31
|
|t:|1759069086
|move|p2a: Corviknight|U-turn|p1a: Hydrapple
|-supereffective|p1a: Hydrapple
|-damage|p1a: Hydrapple|0 fnt
|faint|p1a: Hydrapple
|
|win|Temper0
|raw|aislinn4eva247's rating: 1406 &rarr; <strong>1384</strong><br />(-22 for losing)
|raw|Temper0's rating: 1364 &rarr; <strong>1386</strong><br />(+22 for winning)
|c|☆aislinn4eva247|Gg
|l|☆Temper0
|player|p2|
|l|☆aislinn4eva247
|player|p1|
