|badge|p2|silver|gen9ou|30-6
|html|<div class="broadcast-red"><strong>This battle is required to be public due to one or more player having a season medal.</strong><br />During the public phase, you can discuss the state of the ladder <a href="/seasondiscussion">in a special chatroom.</a></div>
|uhtml|medal-msg|<div class="broadcast-blue">Curious what those medals under the avatar are? PS now has Ladder Seasons! For more information, check out the <a href="https://www.smogon.com/forums/threads/3740067/">thread on Smogon.</a></div>
|raw|<div class="broadcast-blue"><strong>This battle is required to be public due to a player having a name starting with 'medal'.</div>
|j|☆healorant
|j|☆ShinyLucarioXD
|t:|1759070372
|gametype|singles
|player|p1|healorant|alder|1750
|player|p2|ShinyLucarioXD|riley|1948
|gen|9
|tier|[Gen 9] OU
|rated|
|rule|HP Percentage Mod: HP is shown in percentages
|rule|Endless Battle Clause: Forcing endless battles is banned
|rule|Species Clause: Limit one of each Pokémon
|rule|OHKO Clause: OHKO moves are banned
|rule|Evasion Items Clause: Evasion items are banned
|rule|Evasion Moves Clause: Evasion moves are banned
|rule|Evasion Abilities Clause: Evasion abilities are banned
|rule|Sleep Moves Clause: Sleep-inducing moves are banned
|clearpoke
|poke|p1|Keldeo-Resolute|
|poke|p1|Ting-Lu|
|poke|p1|Tornadus-Therian, M|
|poke|p1|Hydrapple, M|
|poke|p1|Zamazenta-*|
|poke|p1|Garganacl, F|
|poke|p2|Raging Bolt|
|poke|p2|Samurott-Hisui, F|
|poke|p2|Dragonite, F|
|poke|p2|Gholdengo|
|poke|p2|Great Tusk|
|poke|p2|Enamorus, F|
|teampreview
|inactive|Battle timer is ON: inactive players will automatically lose when time's up. (requested by ShinyLucarioXD)
|j| samuelillo09
|
|t:|1759070388
|teamsize|p1|6
|teamsize|p2|6
|start
|switch|p1a: Keldeo|Keldeo-Resolute|100/100
|switch|p2a: Enamorus|Enamorus, F|100/100
|turn|1
|
|t:|1759070391
|-terastallize|p1a: Keldeo|Water
|move|p1a: Keldeo|Surf|p2a: Enamorus
|-damage|p2a: Enamorus|0 fnt
|faint|p2a: Enamorus
|
|upkeep
|j| wgw2333
|
|t:|1759070397
|switch|p2a: Samurott|Samurott-Hisui, F, shiny|100/100
|turn|2
|j| ewewpoke
|
|t:|1759070405
|switch|p1a: Hydrapple|Hydrapple, M|100/100
|move|p2a: Samurott|Ceaseless Edge|p1a: Hydrapple
|-crit|p1a: Hydrapple
|-damage|p1a: Hydrapple|69/100
|-sidestart|p1: healorant|Spikes
|
|upkeep
|turn|3
|
|t:|1759070409
|switch|p2a: Gholdengo|Gholdengo|100/100
|move|p1a: Hydrapple|Fickle Beam|p2a: Gholdengo
|-resisted|p2a: Gholdengo
|-damage|p2a: Gholdengo|80/100
|
|upkeep
|turn|4
|
|t:|1759070414
|switch|p1a: Ting-Lu|Ting-Lu|100/100
|-damage|p1a: Ting-Lu|88/100|[from] Spikes
|-ability|p1a: Ting-Lu|Vessel of Ruin
|move|p2a: Gholdengo|Make It Rain|p1a: Ting-Lu
|-damage|p1a: Ting-Lu|61/100
|-unboost|p2a: Gholdengo|spa|1
|
|-heal|p1a: Ting-Lu|67/100|[from] item: Leftovers
|upkeep
|turn|5
|
|t:|1759070417
|switch|p2a: Great Tusk|Great Tusk|100/100
|move|p1a: Ting-Lu|Earthquake|p2a: Great Tusk
|-damage|p2a: Great Tusk|81/100
|
|-heal|p2a: Great Tusk|88/100|[from] item: Leftovers
|-heal|p1a: Ting-Lu|73/100|[from] item: Leftovers
|upkeep
|turn|6
|
|t:|1759070423
|switch|p1a: Tornadus|Tornadus-Therian, M|100/100
|move|p2a: Great Tusk|Knock Off|p1a: Tornadus
|-damage|p1a: Tornadus|61/100
|-enditem|p1a: Tornadus|Heavy-Duty Boots|[from] move: Knock Off|[of] p2a: Great Tusk
|
|-heal|p2a: Great Tusk|94/100|[from] item: Leftovers
|upkeep
|turn|7
|
|t:|1759070428
|-end|p2a: Great Tusk|Protosynthesis|[silent]
|switch|p2a: Gholdengo|Gholdengo|80/100
|move|p1a: Tornadus|Heat Wave|p2a: Gholdengo|[miss]
|-miss|p1a: Tornadus|p2a: Gholdengo
|
|upkeep
|turn|8
|
|t:|1759070436
|switch|p1a: Ting-Lu|Ting-Lu|73/100
|-damage|p1a: Ting-Lu|61/100|[from] Spikes
|-ability|p1a: Ting-Lu|Vessel of Ruin
|move|p2a: Gholdengo|Make It Rain|p1a: Ting-Lu
|-damage|p1a: Ting-Lu|36/100
|-unboost|p2a: Gholdengo|spa|1
|
|-heal|p1a: Ting-Lu|42/100|[from] item: Leftovers
|upkeep
|turn|9
|j| amimec
|
|t:|1759070440
|switch|p2a: Great Tusk|Great Tusk|94/100
|move|p1a: Ting-Lu|Ruination|p2a: Great Tusk
|-damage|p2a: Great Tusk|47/100
|
|-heal|p2a: Great Tusk|53/100|[from] item: Leftovers
|-heal|p1a: Ting-Lu|48/100|[from] item: Leftovers
|upkeep
|turn|10
|
|t:|1759070446
|switch|p1a: Tornadus|Tornadus-Therian, M|94/100
|move|p2a: Great Tusk|Stealth Rock|p1a: Tornadus
|-sidestart|p1: healorant|move: Stealth Rock
|
|-heal|p2a: Great Tusk|59/100|[from] item: Leftovers
|upkeep
|turn|11
|
|t:|1759070452
|-end|p2a: Great Tusk|Protosynthesis|[silent]
|switch|p2a: Samurott|Samurott-Hisui, F, shiny|100/100
|move|p1a: Tornadus|Bleakwind Storm|p2a: Samurott
|-damage|p2a: Samurott|75/100
|
|upkeep
|turn|12
|
|t:|1759070455
|move|p1a: Tornadus|Grass Knot|p2a: Samurott
|-supereffective|p2a: Samurott
|-damage|p2a: Samurott|48/100
|move|p2a: Samurott|Ceaseless Edge|p1a: Tornadus|[miss]
|-miss|p2a: Samurott|p1a: Tornadus
|
|upkeep
|turn|13
|
|t:|1759070458
|move|p1a: Tornadus|Grass Knot|p2a: Samurott
|-supereffective|p2a: Samurott
|-damage|p2a: Samurott|21/100
|move|p2a: Samurott|Ceaseless Edge|p1a: Tornadus
|-damage|p1a: Tornadus|40/100
|-sidestart|p1: healorant|Spikes
|
|upkeep
|turn|14
|
|t:|1759070461
|move|p2a: Samurott|Sucker Punch|p1a: Tornadus
|-damage|p1a: Tornadus|4/100
|move|p1a: Tornadus|Grass Knot|p2a: Samurott
|-supereffective|p2a: Samurott
|-damage|p2a: Samurott|0 fnt
|faint|p2a: Samurott
|
|upkeep
|
|t:|1759070468
|switch|p2a: Gholdengo|Gholdengo|80/100
|turn|15
|
|t:|1759070472
|move|p2a: Gholdengo|Shadow Ball|p1a: Tornadus
|-damage|p1a: Tornadus|0 fnt
|faint|p1a: Tornadus
|
|upkeep
|j| lpgm10
|
|t:|1759070475
|switch|p1a: Garganacl|Garganacl, F|100/100
|-damage|p1a: Garganacl|84/100|[from] Spikes
|-damage|p1a: Garganacl|72/100|[from] Stealth Rock
|turn|16
|
|t:|1759070478
|switch|p2a: Great Tusk|Great Tusk|59/100
|move|p1a: Garganacl|Curse|p1a: Garganacl
|-unboost|p1a: Garganacl|spe|1
|-boost|p1a: Garganacl|atk|1
|-boost|p1a: Garganacl|def|1
|
|-heal|p2a: Great Tusk|65/100|[from] item: Leftovers
|-heal|p1a: Garganacl|78/100|[from] item: Leftovers
|upkeep
|turn|17
|
|t:|1759070481
|move|p2a: Great Tusk|Knock Off|p1a: Garganacl
|-damage|p1a: Garganacl|66/100
|-enditem|p1a: Garganacl|Leftovers|[from] move: Knock Off|[of] p2a: Great Tusk
|move|p1a: Garganacl|Salt Cure|p2a: Great Tusk
|-resisted|p2a: Great Tusk
|-damage|p2a: Great Tusk|63/100
|-start|p2a: Great Tusk|Salt Cure
|
|-heal|p2a: Great Tusk|69/100|[from] item: Leftovers
|-damage|p2a: Great Tusk|57/100|[from] Salt Cure
|upkeep
|turn|18
|
|t:|1759070483
|move|p2a: Great Tusk|Body Press|p1a: Garganacl
|-supereffective|p1a: Garganacl
|-damage|p1a: Garganacl|26/100
|move|p1a: Garganacl|Recover|p1a: Garganacl
|-heal|p1a: Garganacl|76/100
|
|-heal|p2a: Great Tusk|63/100|[from] item: Leftovers
|-damage|p2a: Great Tusk|50/100|[from] Salt Cure
|upkeep
|turn|19
|
|t:|1759070486
|move|p2a: Great Tusk|Body Press|p1a: Garganacl
|-supereffective|p1a: Garganacl
|-damage|p1a: Garganacl|35/100
|move|p1a: Garganacl|Curse|p1a: Garganacl
|-unboost|p1a: Garganacl|spe|1
|-boost|p1a: Garganacl|atk|1
|-boost|p1a: Garganacl|def|1
|
|-heal|p2a: Great Tusk|56/100|[from] item: Leftovers
|-damage|p2a: Great Tusk|44/100|[from] Salt Cure
|upkeep
|turn|20
|j| gengar's style
|
|t:|1759070496
|move|p2a: Great Tusk|Body Press|p1a: Garganacl
|-supereffective|p1a: Garganacl
|-damage|p1a: Garganacl|3/100
|move|p1a: Garganacl|Earthquake|p2a: Great Tusk
|-damage|p2a: Great Tusk|21/100
|
|-heal|p2a: Great Tusk|27/100|[from] item: Leftovers
|-damage|p2a: Great Tusk|15/100|[from] Salt Cure
|upkeep
|turn|21
|
|t:|1759070502
|move|p2a: Great Tusk|Knock Off|p1a: Garganacl
|-damage|p1a: Garganacl|0 fnt
|faint|p1a: Garganacl
|
|-heal|p2a: Great Tusk|21/100|[from] item: Leftovers
|-damage|p2a: Great Tusk|9/100|[from] Salt Cure
|upkeep
|
|t:|1759070515
|switch|p1a: Hydrapple|Hydrapple, M|100/100
|turn|22
|
|t:|1759070518
|move|p2a: Great Tusk|Knock Off|p1a: Hydrapple
|-damage|p1a: Hydrapple|85/100
|-enditem|p1a: Hydrapple|Heavy-Duty Boots|[from] move: Knock Off|[of] p2a: Great Tusk
|move|p1a: Hydrapple|Nasty Plot|p1a: Hydrapple
|-boost|p1a: Hydrapple|spa|2
|
|-heal|p2a: Great Tusk|15/100|[from] item: Leftovers
|-damage|p2a: Great Tusk|2/100|[from] Salt Cure
|upkeep
|turn|23
|
|t:|1759070523
|move|p2a: Great Tusk|Body Press|p1a: Hydrapple
|-damage|p1a: Hydrapple|60/100
|move|p1a: Hydrapple|Giga Drain|p2a: Great Tusk
|-supereffective|p2a: Great Tusk
|-damage|p2a: Great Tusk|0 fnt
|-heal|p1a: Hydrapple|61/100|[from] drain|[of] p2a: Great Tusk
|faint|p2a: Great Tusk
|-end|p2a: Great Tusk|Protosynthesis|[silent]
|
|upkeep
|
|t:|1759070526
|switch|p2a: Raging Bolt|Raging Bolt|100/100
|-enditem|p2a: Raging Bolt|Booster Energy
|-activate|p2a: Raging Bolt|ability: Protosynthesis|[fromitem]
|-start|p2a: Raging Bolt|protosynthesisspa
|turn|24
|
|t:|1759070529
|move|p2a: Raging Bolt|Dragon Pulse|p1a: Hydrapple
|-supereffective|p1a: Hydrapple
|-damage|p1a: Hydrapple|0 fnt
|faint|p1a: Hydrapple
|
|upkeep
|
|t:|1759070532
|switch|p1a: Zamazenta|Zamazenta|100/100
|-ability|p1a: Zamazenta|Dauntless Shield|boost
|-boost|p1a: Zamazenta|def|1
|turn|25
|
|t:|1759070540
|move|p1a: Zamazenta|Close Combat|p2a: Raging Bolt
|-damage|p2a: Raging Bolt|48/100
|-unboost|p1a: Zamazenta|def|1
|-unboost|p1a: Zamazenta|spd|1
|move|p2a: Raging Bolt|Thunderbolt|p1a: Zamazenta
|-damage|p1a: Zamazenta|0 fnt
|faint|p1a: Zamazenta
|
|upkeep
|
|t:|1759070546
|switch|p1a: Keldeo|Keldeo-Resolute, tera:Water|100/100
|-damage|p1a: Keldeo|84/100|[from] Spikes
|-damage|p1a: Keldeo|72/100|[from] Stealth Rock
|turn|26
|
|t:|1759070550
|move|p2a: Raging Bolt|Thunderclap|p1a: Keldeo
|-supereffective|p1a: Keldeo
|-damage|p1a: Keldeo|0 fnt
|faint|p1a: Keldeo
|
|upkeep
|-message|healorant forfeited.
|
|win|ShinyLucarioXD
|raw|healorant's rating: 1750 &rarr; <strong>1740</strong><br />(-10 for losing)
|raw|ShinyLucarioXD's rating: 1948 &rarr; <strong>1958</strong><br />(+10 for winning)
|l|☆healorant
|player|p1|
