|j|☆Zoemon3
|j|☆gigapoophater
|t:|1759038158
|gametype|singles
|player|p1|Zoemon3|170|1155
|player|p2|gigapoophater|170|1211
|gen|9
|tier|[Gen 9] OU
|rated|
|rule|HP Percentage Mod: HP is shown in percentages
|rule|Endless Battle Clause: Forcing endless battles is banned
|rule|Species Clause: Limit one of each Pokémon
|rule|OHKO Clause: OHKO moves are banned
|rule|Evasion Items Clause: Evasion items are banned
|rule|Evasion Moves Clause: Evasion moves are banned
|rule|Evasion Abilities Clause: Evasion abilities are banned
|rule|Sleep Moves Clause: Sleep-inducing moves are banned
|clearpoke
|poke|p1|Scyther, F|
|poke|p1|Tyranitar, M|
|poke|p1|Blastoise, M|
|poke|p1|Corviknight, M|
|poke|p1|Slowking-Galar, M|
|poke|p1|Snorlax, M|
|poke|p2|Rampardos, F|
|poke|p2|Orthworm, M|
|poke|p2|Breloom, F|
|poke|p2|Chandelure, F|
|poke|p2|Hatterene, F|
|poke|p2|Milotic, M|
|teampreview
|inactive|Battle timer is ON: inactive players will automatically lose when time's up. (requested by gigapoophater)
|
|t:|1759038166
|teamsize|p1|6
|teamsize|p2|6
|start
|switch|p1a: Corviknight|Corviknight, M|100/100
|switch|p2a: Romper dos|Rampardos, F, shiny|100/100
|-ability|p2a: Romper dos|Mold Breaker
|turn|1
|
|t:|1759038178
|move|p2a: Romper dos|Swords Dance|p2a: Romper dos
|-boost|p2a: Romper dos|atk|2
|move|p1a: Corviknight|Reflect|p1a: Corviknight
|-sidestart|p1: Zoemon3|Reflect
|
|upkeep
|turn|2
|
|t:|1759038186
|move|p2a: Romper dos|Swords Dance|p2a: Romper dos
|-boost|p2a: Romper dos|atk|2
|move|p1a: Corviknight|Iron Head|p2a: Romper dos
|-supereffective|p2a: Romper dos
|-damage|p2a: Romper dos|18/100
|
|upkeep
|turn|3
|
|t:|1759038194
|move|p2a: Romper dos|Stone Edge|p1a: Corviknight|[miss]
|-miss|p2a: Romper dos|p1a: Corviknight
|move|p1a: Corviknight|Iron Head|p2a: Romper dos
|-supereffective|p2a: Romper dos
|-damage|p2a: Romper dos|0 fnt
|faint|p2a: Romper dos
|
|upkeep
|
|t:|1759038200
|switch|p2a: Chandelure|Chandelure, F|100/100
|turn|4
|
|t:|1759038206
|switch|p1a: Tyranitar|Tyranitar, M|100/100
|-weather|Sandstorm|[from] ability: Sand Stream|[of] p1a: Tyranitar
|move|p2a: Chandelure|Fire Blast|p1a: Tyranitar
|-resisted|p1a: Tyranitar
|-damage|p1a: Tyranitar|80/100
|
|-weather|Sandstorm|[upkeep]
|-damage|p2a: Chandelure|94/100|[from] Sandstorm
|upkeep
|turn|5
|
|t:|1759038217
|switch|p2a: Breloom|Breloom, F|100/100
|move|p1a: Tyranitar|Dragon Dance|p1a: Tyranitar
|-boost|p1a: Tyranitar|atk|1
|-boost|p1a: Tyranitar|spe|1
|
|-weather|Sandstorm|[upkeep]
|-damage|p2a: Breloom|94/100|[from] Sandstorm
|-sideend|p1: Zoemon3|Reflect
|upkeep
|turn|6
|
|t:|1759038228
|switch|p1a: Slowking|Slowking-Galar, M|100/100
|move|p2a: Breloom|Mach Punch|p1a: Slowking
|-resisted|p1a: Slowking
|-damage|p1a: Slowking|93/100
|
|-weather|Sandstorm|[upkeep]
|-damage|p2a: Breloom|88/100|[from] Sandstorm
|-damage|p1a: Slowking|87/100|[from] Sandstorm
|-heal|p1a: Slowking|93/100|[from] item: Leftovers
|upkeep
|turn|7
|
|t:|1759038240
|switch|p2a: wormpon wellspring|Orthworm, M|100/100
|move|p1a: Slowking|Toxic Spikes|p2a: wormpon wellspring
|-sidestart|p2: gigapoophater|move: Toxic Spikes
|
|-weather|Sandstorm|[upkeep]
|-damage|p1a: Slowking|87/100|[from] Sandstorm
|-heal|p1a: Slowking|93/100|[from] item: Leftovers
|upkeep
|turn|8
|
|t:|1759038251
|switch|p1a: Corviknight|Corviknight, M|100/100
|move|p2a: wormpon wellspring|Coil|p2a: wormpon wellspring
|-boost|p2a: wormpon wellspring|atk|1
|-boost|p2a: wormpon wellspring|def|1
|-boost|p2a: wormpon wellspring|accuracy|1
|
|-weather|none
|upkeep
|turn|9
|
|t:|1759038259
|move|p1a: Corviknight|Reflect|p1a: Corviknight
|-sidestart|p1: Zoemon3|Reflect
|move|p2a: wormpon wellspring|Coil|p2a: wormpon wellspring
|-boost|p2a: wormpon wellspring|atk|1
|-boost|p2a: wormpon wellspring|def|1
|-boost|p2a: wormpon wellspring|accuracy|1
|
|upkeep
|turn|10
|
|t:|1759038266
|switch|p1a: Blastoise|Blastoise, M|100/100
|move|p2a: wormpon wellspring|Coil|p2a: wormpon wellspring
|-boost|p2a: wormpon wellspring|atk|1
|-boost|p2a: wormpon wellspring|def|1
|-boost|p2a: wormpon wellspring|accuracy|1
|
|upkeep
|turn|11
|
|t:|1759038281
|move|p1a: Blastoise|Shell Smash|p1a: Blastoise
|-unboost|p1a: Blastoise|def|1
|-unboost|p1a: Blastoise|spd|1
|-boost|p1a: Blastoise|atk|2
|-boost|p1a: Blastoise|spa|2
|-boost|p1a: Blastoise|spe|2
|move|p2a: wormpon wellspring|Body Press|p1a: Blastoise
|-damage|p1a: Blastoise|43/100
|
|-heal|p1a: Blastoise|49/100|[from] item: Leftovers
|upkeep
|turn|12
|
|t:|1759038295
|move|p1a: Blastoise|Chilling Water|p2a: wormpon wellspring
|-damage|p2a: wormpon wellspring|45/100
|-unboost|p2a: wormpon wellspring|atk|1
|move|p2a: wormpon wellspring|Body Press|p1a: Blastoise
|-damage|p1a: Blastoise|0 fnt
|faint|p1a: Blastoise
|
|upkeep
|
|t:|1759038304
|switch|p1a: Slowking|Slowking-Galar, M|100/100
|turn|13
|
|t:|1759038311
|move|p2a: wormpon wellspring|Iron Tail|p1a: Slowking
|-damage|p1a: Slowking|71/100
|move|p1a: Slowking|Shadow Ball|p2a: wormpon wellspring
|-damage|p2a: wormpon wellspring|5/100
|
|-heal|p1a: Slowking|77/100|[from] item: Leftovers
|-sideend|p1: Zoemon3|Reflect
|upkeep
|turn|14
|
|t:|1759038320
|move|p2a: wormpon wellspring|Iron Tail|p1a: Slowking
|-damage|p1a: Slowking|19/100
|move|p1a: Slowking|Shadow Ball|p2a: wormpon wellspring
|-damage|p2a: wormpon wellspring|0 fnt
|faint|p2a: wormpon wellspring
|
|-heal|p1a: Slowking|25/100|[from] item: Leftovers
|upkeep
|
|t:|1759038336
|switch|p2a: Chandelure|Chandelure, F|94/100
|-status|p2a: Chandelure|psn
|turn|15
|
|t:|1759038341
|move|p2a: Chandelure|Energy Ball|p1a: Slowking
|-resisted|p1a: Slowking
|-damage|p1a: Slowking|12/100
|move|p1a: Slowking|Shadow Ball|p2a: Chandelure
|-supereffective|p2a: Chandelure
|-damage|p2a: Chandelure|26/100 psn
|-unboost|p2a: Chandelure|spd|1
|
|-heal|p1a: Slowking|18/100|[from] item: Leftovers
|-damage|p2a: Chandelure|14/100 psn|[from] psn
|upkeep
|turn|16
|
|t:|1759038353
|switch|p1a: Snorlax|Snorlax, M|100/100
|move|p2a: Chandelure|Energy Ball|p1a: Snorlax
|-damage|p1a: Snorlax|82/100
|
|-heal|p1a: Snorlax|88/100|[from] item: Leftovers
|-damage|p2a: Chandelure|2/100 psn|[from] psn
|upkeep
|turn|17
|
|t:|1759038363
|move|p2a: Chandelure|Energy Ball|p1a: Snorlax
|-damage|p1a: Snorlax|68/100
|move|p1a: Snorlax|Curse|p1a: Snorlax
|-unboost|p1a: Snorlax|spe|1
|-boost|p1a: Snorlax|atk|1
|-boost|p1a: Snorlax|def|1
|
|-heal|p1a: Snorlax|75/100|[from] item: Leftovers
|-damage|p2a: Chandelure|0 fnt|[from] psn
|faint|p2a: Chandelure
|upkeep
|
|t:|1759038370
|switch|p2a: Hatterene|Hatterene, F|100/100
|-status|p2a: Hatterene|psn
|turn|18
|
|t:|1759038378
|move|p2a: Hatterene|Calm Mind|p2a: Hatterene
|-boost|p2a: Hatterene|spa|1
|-boost|p2a: Hatterene|spd|1
|move|p1a: Snorlax|Thunder Punch|p2a: Hatterene
|-damage|p2a: Hatterene|65/100 psn
|
|-heal|p1a: Snorlax|81/100|[from] item: Leftovers
|-damage|p2a: Hatterene|53/100 psn|[from] psn
|upkeep
|turn|19
|
|t:|1759038387
|move|p2a: Hatterene|Draining Kiss|p1a: Snorlax
|-damage|p1a: Snorlax|46/100
|-heal|p2a: Hatterene|94/100 psn|[from] drain|[of] p1a: Snorlax
|-damage|p2a: Hatterene|84/100 psn|[from] item: Life Orb
|move|p1a: Snorlax|Ice Punch|p2a: Hatterene
|-damage|p2a: Hatterene|50/100 psn
|
|-heal|p1a: Snorlax|53/100|[from] item: Leftovers
|-damage|p2a: Hatterene|38/100 psn|[from] psn
|upkeep
|turn|20
|
|t:|1759038403
|move|p2a: Hatterene|Draining Kiss|p1a: Snorlax
|-damage|p1a: Snorlax|19/100
|-heal|p2a: Hatterene|78/100 psn|[from] drain|[of] p1a: Snorlax
|-damage|p2a: Hatterene|68/100 psn|[from] item: Life Orb
|move|p1a: Snorlax|Last Resort|p2a: Hatterene
|-damage|p2a: Hatterene|0 fnt
|faint|p2a: Hatterene
|
|-heal|p1a: Snorlax|25/100|[from] item: Leftovers
|upkeep
|
|t:|1759038411
|switch|p2a: Milotic|Milotic, M|100/100
|-status|p2a: Milotic|psn
|turn|21
|
|t:|1759038418
|move|p2a: Milotic|Scald|p1a: Snorlax
|-damage|p1a: Snorlax|0 fnt
|faint|p1a: Snorlax
|
|-damage|p2a: Milotic|88/100 psn|[from] psn
|upkeep
|
|t:|1759038426
|switch|p1a: Scyther|Scyther, F|100/100
|turn|22
|
|t:|1759038430
|move|p1a: Scyther|Acrobatics|p2a: Milotic
|-damage|p2a: Milotic|39/100 psn
|move|p2a: Milotic|Scald|p1a: Scyther
|-damage|p1a: Scyther|29/100
|
|-damage|p2a: Milotic|27/100 psn|[from] psn
|upkeep
|turn|23
|
|t:|1759038439
|move|p1a: Scyther|Acrobatics|p2a: Milotic
|-crit|p2a: Milotic
|-damage|p2a: Milotic|0 fnt
|faint|p2a: Milotic
|
|upkeep
|
|t:|1759038441
|switch|p2a: Breloom|Breloom, F|88/100
|-status|p2a: Breloom|psn
|turn|24
|
|t:|1759038447
|move|p2a: Breloom|Mach Punch|p1a: Scyther
|-resisted|p1a: Scyther
|-damage|p1a: Scyther|19/100
|move|p1a: Scyther|Lunge|p2a: Breloom
|-damage|p2a: Breloom|34/100 psn
|-unboost|p2a: Breloom|atk|1
|
|-damage|p2a: Breloom|22/100 psn|[from] psn
|upkeep
|-enditem|p2a: Breloom|Salac Berry|[eat]
|-boost|p2a: Breloom|spe|1|[from] item: Salac Berry
|turn|25
|
|t:|1759038460
|move|p2a: Breloom|Bullet Seed|p1a: Scyther
|-resisted|p1a: Scyther
|-damage|p1a: Scyther|15/100
|-resisted|p1a: Scyther
|-damage|p1a: Scyther|11/100
|-resisted|p1a: Scyther
|-damage|p1a: Scyther|7/100
|-resisted|p1a: Scyther
|-damage|p1a: Scyther|3/100
|-resisted|p1a: Scyther
|-damage|p1a: Scyther|0 fnt
|faint|p1a: Scyther
|-hitcount|p1: Scyther|5
|
|-damage|p2a: Breloom|10/100 psn|[from] psn
|upkeep
|
|t:|1759038473
|switch|p1a: Corviknight|Corviknight, M|100/100
|turn|26
|-message|gigapoophater forfeited.
|
|win|Zoemon3
|raw|Zoemon3's rating: 1155 &rarr; <strong>1184</strong><br />(+29 for winning)
|raw|gigapoophater's rating: 1211 &rarr; <strong>1182</strong><br />(-29 for losing)
|l|☆gigapoophater
|player|p2|
|l|☆Zoemon3
|player|p1|
