|j|☆Juicepar
|j|☆MRH1106
|t:|1759042248
|gametype|singles
|player|p1|Juicepar|lucas|1485
|player|p2|MRH1106|miku-ghost|1748
|gen|9
|tier|[Gen 9] OU
|rated|
|rule|HP Percentage Mod: HP is shown in percentages
|rule|Endless Battle Clause: Forcing endless battles is banned
|rule|Species Clause: Limit one of each Pokémon
|rule|OHKO Clause: OHKO moves are banned
|rule|Evasion Items Clause: Evasion items are banned
|rule|Evasion Moves Clause: Evasion moves are banned
|rule|Evasion Abilities Clause: Evasion abilities are banned
|rule|Sleep Moves Clause: Sleep-inducing moves are banned
|clearpoke
|poke|p1|Great Tusk|
|poke|p1|Kingambit, F|
|poke|p1|Deoxys-Speed|
|poke|p1|Iron Moth|
|poke|p1|Dragonite, F|
|poke|p1|Primarina, M|
|poke|p2|Dondozo, M|
|poke|p2|Blissey, F|
|poke|p2|Corviknight, M|
|poke|p2|Weezing-Galar, M|
|poke|p2|Gliscor, M|
|poke|p2|Toxapex, F|
|teampreview
|inactive|Battle timer is ON: inactive players will automatically lose when time's up. (requested by Juicepar)
|inactive|Juicepar has 120 seconds left.
|
|t:|1759042315
|teamsize|p1|6
|teamsize|p2|6
|start
|switch|p1a: Iron Moth|Iron Moth|100/100
|switch|p2a: Gliscor|Gliscor, M|100/100
|-enditem|p1a: Iron Moth|Booster Energy
|-activate|p1a: Iron Moth|ability: Quark Drive|[fromitem]
|-start|p1a: Iron Moth|quarkdrivespe
|turn|1
|inactive|MRH1106 has 120 seconds left.
|inactive|Juicepar has 120 seconds left.
|
|t:|1759042368
|-end|p1a: Iron Moth|Quark Drive|[silent]
|switch|p1a: Dragonite|Dragonite, F|100/100
|move|p2a: Gliscor|Earthquake|p1a: Dragonite
|-immune|p1a: Dragonite
|
|-status|p2a: Gliscor|tox|[from] item: Toxic Orb
|upkeep
|turn|2
|inactive|Juicepar has 120 seconds left.
|
|t:|1759042378
|move|p1a: Dragonite|Outrage|p2a: Gliscor
|-damage|p2a: Gliscor|13/100 tox
|move|p2a: Gliscor|Knock Off|p1a: Dragonite
|-damage|p1a: Dragonite|89/100
|-enditem|p1a: Dragonite|Choice Band|[from] move: Knock Off|[of] p2a: Gliscor
|
|-heal|p2a: Gliscor|26/100 tox|[from] ability: Poison Heal
|upkeep
|turn|3
|
|t:|1759042384
|move|p2a: Gliscor|Protect|p2a: Gliscor
|-singleturn|p2a: Gliscor|Protect
|move|p1a: Dragonite|Outrage|p2a: Gliscor|[from] lockedmove
|-activate|p2a: Gliscor|move: Protect
|
|-heal|p2a: Gliscor|38/100 tox|[from] ability: Poison Heal
|upkeep
|turn|4
|
|t:|1759042398
|switch|p2a: Weezing|Weezing-Galar, M|100/100
|-ability|p2a: Weezing|Neutralizing Gas
|move|p1a: Dragonite|Outrage|p2a: Weezing
|-immune|p2a: Weezing
|
|upkeep
|turn|5
|
|t:|1759042411
|switch|p1a: Primarina|Primarina, M|100/100
|-end|p2a: Weezing|ability: Neutralizing Gas
|switch|p2a: Gliscor|Gliscor, M|38/100 tox
|
|-heal|p2a: Gliscor|51/100 tox|[from] ability: Poison Heal
|upkeep
|turn|6
|
|t:|1759042420
|move|p2a: Gliscor|Protect|p2a: Gliscor
|-singleturn|p2a: Gliscor|Protect
|move|p1a: Primarina|Surf|p2a: Gliscor
|-activate|p2a: Gliscor|move: Protect
|
|-heal|p2a: Gliscor|63/100 tox|[from] ability: Poison Heal
|upkeep
|turn|7
|
|t:|1759042427
|switch|p2a: Blissey|Blissey, F|100/100
|move|p1a: Primarina|Whirlpool|p2a: Blissey
|-damage|p2a: Blissey|95/100
|-activate|p2a: Blissey|move: Whirlpool|[of] p1a: Primarina
|
|-heal|p2a: Blissey|100/100|[from] item: Leftovers
|-damage|p2a: Blissey|88/100|[from] move: Whirlpool|[partiallytrapped]
|upkeep
|turn|8
|
|t:|1759042440
|move|p1a: Primarina|Psychic Noise|p2a: Blissey
|-damage|p2a: Blissey|80/100
|-start|p2a: Blissey|move: Heal Block
|move|p2a: Blissey|Stealth Rock|p1a: Primarina
|-sidestart|p1: Juicepar|move: Stealth Rock
|
|-damage|p2a: Blissey|67/100|[from] move: Whirlpool|[partiallytrapped]
|upkeep
|turn|9
|
|t:|1759042447
|move|p1a: Primarina|Surf|p2a: Blissey
|-damage|p2a: Blissey|52/100
|move|p2a: Blissey|Calm Mind|p2a: Blissey
|-boost|p2a: Blissey|spa|1
|-boost|p2a: Blissey|spd|1
|
|-damage|p2a: Blissey|39/100|[from] move: Whirlpool|[partiallytrapped]
|-end|p2a: Blissey|move: Heal Block
|upkeep
|turn|10
|
|t:|1759042457
|move|p1a: Primarina|Psychic Noise|p2a: Blissey
|-damage|p2a: Blissey|33/100
|-start|p2a: Blissey|move: Heal Block
|move|p2a: Blissey|Seismic Toss|p1a: Primarina
|-damage|p1a: Primarina|69/100
|
|-damage|p2a: Blissey|21/100|[from] move: Whirlpool|[partiallytrapped]
|upkeep
|turn|11
|
|t:|1759042477
|move|p1a: Primarina|Whirlpool|p2a: Blissey
|-damage|p2a: Blissey|17/100
|move|p2a: Blissey|Seismic Toss|p1a: Primarina
|-damage|p1a: Primarina|38/100
|
|-end|p2a: Blissey|Whirlpool|[partiallytrapped]
|-end|p2a: Blissey|move: Heal Block
|upkeep
|turn|12
|
|t:|1759042488
|move|p1a: Primarina|Whirlpool|p2a: Blissey
|-damage|p2a: Blissey|13/100
|-activate|p2a: Blissey|move: Whirlpool|[of] p1a: Primarina
|move|p2a: Blissey|Soft-Boiled|p2a: Blissey
|-heal|p2a: Blissey|63/100
|
|-heal|p2a: Blissey|70/100|[from] item: Leftovers
|-damage|p2a: Blissey|57/100|[from] move: Whirlpool|[partiallytrapped]
|upkeep
|turn|13
|
|t:|1759042495
|move|p1a: Primarina|Psychic Noise|p2a: Blissey
|-damage|p2a: Blissey|51/100
|-start|p2a: Blissey|move: Heal Block
|move|p2a: Blissey|Seismic Toss|p1a: Primarina
|-damage|p1a: Primarina|7/100
|
|-damage|p2a: Blissey|39/100|[from] move: Whirlpool|[partiallytrapped]
|upkeep
|turn|14
|
|t:|1759042507
|switch|p1a: Dragonite|Dragonite, F|89/100
|-damage|p1a: Dragonite|64/100|[from] Stealth Rock
|move|p2a: Blissey|Seismic Toss|p1a: Dragonite
|-damage|p1a: Dragonite|33/100
|
|-end|p2a: Blissey|Whirlpool|[partiallytrapped]|[silent]
|-end|p2a: Blissey|move: Heal Block
|upkeep
|turn|15
|
|t:|1759042517
|switch|p2a: Gliscor|Gliscor, M|63/100 tox
|move|p1a: Dragonite|Ice Spinner|p2a: Gliscor
|-supereffective|p2a: Gliscor
|-damage|p2a: Gliscor|0 fnt
|faint|p2a: Gliscor
|
|upkeep
|
|t:|1759042531
|switch|p2a: Dondozo|Dondozo, M|100/100
|turn|16
|
|t:|1759042555
|move|p1a: Dragonite|Outrage|p2a: Dondozo
|-damage|p2a: Dondozo|70/100
|move|p2a: Dondozo|Avalanche|p1a: Dragonite
|-supereffective|p1a: Dragonite
|-damage|p1a: Dragonite|0 fnt
|faint|p1a: Dragonite
|
|-heal|p2a: Dondozo|76/100|[from] item: Leftovers
|upkeep
|inactive|Juicepar has 120 seconds left.
|
|t:|1759042579
|switch|p1a: Kingambit|Kingambit, F|100/100
|-damage|p1a: Kingambit|94/100|[from] Stealth Rock
|-activate|p1a: Kingambit|ability: Supreme Overlord
|-start|p1a: Kingambit|fallen1|[silent]
|turn|17
|
|t:|1759042584
|-terastallize|p1a: Kingambit|Ghost
|move|p1a: Kingambit|Sucker Punch|p2a: Dondozo
|-damage|p2a: Dondozo|54/100
|move|p2a: Dondozo|Body Press|p1a: Kingambit
|-immune|p1a: Kingambit
|
|-heal|p1a: Kingambit|100/100|[from] item: Leftovers
|-heal|p2a: Dondozo|61/100|[from] item: Leftovers
|upkeep
|turn|18
|
|t:|1759042600
|switch|p2a: Toxapex|Toxapex, F|100/100
|move|p1a: Kingambit|Kowtow Cleave|p2a: Toxapex
|-damage|p2a: Toxapex|58/100
|
|-heal|p2a: Toxapex|64/100|[from] item: Leftovers
|upkeep
|turn|19
|inactive|Juicepar has 120 seconds left.
|
|t:|1759042622
|-end|p1a: Kingambit|fallen1|[silent]
|switch|p1a: Primarina|Primarina, M|7/100
|-damage|p1a: Primarina|0 fnt|[from] Stealth Rock
|faint|p1a: Primarina
|move|p2a: Toxapex|Toxic|p1: Primarina|[notarget]
|-fail|p2a: Toxapex
|
|-heal|p2a: Toxapex|70/100|[from] item: Leftovers
|upkeep
|
|t:|1759042626
|switch|p1a: Great Tusk|Great Tusk|100/100
|-damage|p1a: Great Tusk|98/100|[from] Stealth Rock
|-enditem|p1a: Great Tusk|Booster Energy
|-activate|p1a: Great Tusk|ability: Protosynthesis|[fromitem]
|-start|p1a: Great Tusk|protosynthesisatk
|turn|20
|
|t:|1759042630
|switch|p2a: Corviknight|Corviknight, M|100/100
|-ability|p2a: Corviknight|Pressure
|move|p1a: Great Tusk|Rapid Spin|p2a: Corviknight
|-resisted|p2a: Corviknight
|-damage|p2a: Corviknight|94/100
|-boost|p1a: Great Tusk|spe|1
|-sideend|p1: Juicepar|Stealth Rock|[from] move: Rapid Spin|[of] p1a: Great Tusk
|
|-heal|p2a: Corviknight|99/100|[from] item: Leftovers
|upkeep
|turn|21
|
|t:|1759042638
|move|p1a: Great Tusk|Close Combat|p2a: Corviknight
|-damage|p2a: Corviknight|53/100
|-unboost|p1a: Great Tusk|def|1
|-unboost|p1a: Great Tusk|spd|1
|move|p2a: Corviknight|Iron Defense|p2a: Corviknight
|-boost|p2a: Corviknight|def|2
|
|-heal|p2a: Corviknight|59/100|[from] item: Leftovers
|upkeep
|turn|22
|
|t:|1759042651
|-end|p1a: Great Tusk|Protosynthesis|[silent]
|switch|p1a: Kingambit|Kingambit, F, tera:Ghost|100/100
|-activate|p1a: Kingambit|ability: Supreme Overlord
|-start|p1a: Kingambit|fallen2|[silent]
|move|p2a: Corviknight|Body Press|p1a: Kingambit
|-immune|p1a: Kingambit
|
|-heal|p2a: Corviknight|65/100|[from] item: Leftovers
|upkeep
|turn|23
|
|t:|1759042655
|move|p2a: Corviknight|Roost|p2a: Corviknight
|-heal|p2a: Corviknight|100/100
|-singleturn|p2a: Corviknight|move: Roost
|move|p1a: Kingambit|Swords Dance|p1a: Kingambit
|-boost|p1a: Kingambit|atk|2
|
|upkeep
|turn|24
|
|t:|1759042664
|move|p2a: Corviknight|Iron Defense|p2a: Corviknight
|-boost|p2a: Corviknight|def|2
|move|p1a: Kingambit|Swords Dance|p1a: Kingambit
|-boost|p1a: Kingambit|atk|2
|
|upkeep
|turn|25
|
|t:|1759042675
|-end|p1a: Kingambit|fallen2|[silent]
|switch|p1a: Iron Moth|Iron Moth|100/100
|move|p2a: Corviknight|Iron Defense|p2a: Corviknight
|-boost|p2a: Corviknight|def|2
|
|upkeep
|turn|26
|
|t:|1759042679
|switch|p2a: Blissey|Blissey, F|39/100
|move|p1a: Iron Moth|Fiery Dance|p2a: Blissey
|-damage|p2a: Blissey|27/100
|-boost|p1a: Iron Moth|spa|1
|
|-heal|p2a: Blissey|34/100|[from] item: Leftovers
|upkeep
|turn|27
|
|t:|1759042684
|move|p1a: Iron Moth|Toxic Spikes|p2a: Blissey
|-sidestart|p2: MRH1106|move: Toxic Spikes
|move|p2a: Blissey|Soft-Boiled|p2a: Blissey
|-heal|p2a: Blissey|84/100
|
|-heal|p2a: Blissey|90/100|[from] item: Leftovers
|upkeep
|turn|28
|
|t:|1759042689
|move|p1a: Iron Moth|Fiery Dance|p2a: Blissey
|-damage|p2a: Blissey|70/100
|move|p2a: Blissey|Stealth Rock|p1a: Iron Moth
|-sidestart|p1: Juicepar|move: Stealth Rock
|
|-heal|p2a: Blissey|76/100|[from] item: Leftovers
|upkeep
|turn|29
|
|t:|1759042696
|move|p1a: Iron Moth|Fiery Dance|p2a: Blissey
|-damage|p2a: Blissey|58/100
|move|p2a: Blissey|Calm Mind|p2a: Blissey
|-boost|p2a: Blissey|spa|1
|-boost|p2a: Blissey|spd|1
|
|-heal|p2a: Blissey|64/100|[from] item: Leftovers
|upkeep
|turn|30
|
|t:|1759042701
|move|p1a: Iron Moth|Sludge Wave|p2a: Blissey
|-damage|p2a: Blissey|50/100
|move|p2a: Blissey|Seismic Toss|p1a: Iron Moth
|-damage|p1a: Iron Moth|67/100
|
|-heal|p2a: Blissey|56/100|[from] item: Leftovers
|upkeep
|turn|31
|
|t:|1759042713
|-end|p1a: Iron Moth|Quark Drive|[silent]
|switch|p1a: Kingambit|Kingambit, F, tera:Ghost|100/100
|-damage|p1a: Kingambit|88/100|[from] Stealth Rock
|-activate|p1a: Kingambit|ability: Supreme Overlord
|-start|p1a: Kingambit|fallen2|[silent]
|move|p2a: Blissey|Soft-Boiled|p2a: Blissey
|-heal|p2a: Blissey|100/100
|
|-heal|p1a: Kingambit|94/100|[from] item: Leftovers
|upkeep
|turn|32
|
|t:|1759042718
|switch|p2a: Toxapex|Toxapex, F|100/100
|-sideend|p2: MRH1106|move: Toxic Spikes|[of] p2a: Toxapex
|move|p1a: Kingambit|Kowtow Cleave|p2a: Toxapex
|-damage|p2a: Toxapex|57/100
|
|-heal|p1a: Kingambit|99/100|[from] item: Leftovers
|-heal|p2a: Toxapex|63/100|[from] item: Leftovers
|upkeep
|turn|33
|
|t:|1759042729
|-end|p1a: Kingambit|fallen2|[silent]
|switch|p1a: Great Tusk|Great Tusk|98/100
|-damage|p1a: Great Tusk|95/100|[from] Stealth Rock
|move|p2a: Toxapex|Toxic|p1a: Great Tusk
|-status|p1a: Great Tusk|tox
|
|-heal|p2a: Toxapex|70/100|[from] item: Leftovers
|-damage|p1a: Great Tusk|88/100 tox|[from] psn
|upkeep
|turn|34
|
|t:|1759042733
|switch|p2a: Corviknight|Corviknight, M|100/100
|-ability|p2a: Corviknight|Pressure
|move|p1a: Great Tusk|Rapid Spin|p2a: Corviknight
|-resisted|p2a: Corviknight
|-damage|p2a: Corviknight|96/100
|-boost|p1a: Great Tusk|spe|1
|-sideend|p1: Juicepar|Stealth Rock|[from] move: Rapid Spin|[of] p1a: Great Tusk
|
|-heal|p2a: Corviknight|100/100|[from] item: Leftovers
|-damage|p1a: Great Tusk|76/100 tox|[from] psn
|upkeep
|turn|35
|
|t:|1759042746
|-end|p1a: Great Tusk|Protosynthesis|[silent]
|switch|p1a: Iron Moth|Iron Moth|67/100
|move|p2a: Corviknight|Iron Defense|p2a: Corviknight
|-boost|p2a: Corviknight|def|2
|
|upkeep
|turn|36
|
|t:|1759042748
|switch|p2a: Blissey|Blissey, F|100/100
|move|p1a: Iron Moth|Fiery Dance|p2a: Blissey
|-damage|p2a: Blissey|88/100
|
|-heal|p2a: Blissey|94/100|[from] item: Leftovers
|upkeep
|turn|37
|
|t:|1759042754
|-end|p1a: Iron Moth|Quark Drive|[silent]
|switch|p1a: Great Tusk|Great Tusk|76/100 tox
|move|p2a: Blissey|Stealth Rock|p1a: Great Tusk
|-sidestart|p1: Juicepar|move: Stealth Rock
|
|-heal|p2a: Blissey|100/100|[from] item: Leftovers
|-damage|p1a: Great Tusk|70/100 tox|[from] psn
|upkeep
|turn|38
|
|t:|1759042764
|switch|p2a: Dondozo|Dondozo, M|61/100
|move|p1a: Great Tusk|Rapid Spin|p2a: Dondozo
|-damage|p2a: Dondozo|52/100
|-boost|p1a: Great Tusk|spe|1
|-sideend|p1: Juicepar|Stealth Rock|[from] move: Rapid Spin|[of] p1a: Great Tusk
|
|-heal|p2a: Dondozo|58/100|[from] item: Leftovers
|-damage|p1a: Great Tusk|57/100 tox|[from] psn
|upkeep
|turn|39
|
|t:|1759042773
|-end|p1a: Great Tusk|Protosynthesis|[silent]
|switch|p1a: Kingambit|Kingambit, F, tera:Ghost|99/100
|-activate|p1a: Kingambit|ability: Supreme Overlord
|-start|p1a: Kingambit|fallen2|[silent]
|move|p2a: Dondozo|Rest|p2a: Dondozo
|-status|p2a: Dondozo|slp|[from] move: Rest
|-heal|p2a: Dondozo|100/100 slp|[silent]
|
|-heal|p1a: Kingambit|100/100|[from] item: Leftovers
|upkeep
|turn|40
|
|t:|1759042781
|-end|p1a: Kingambit|fallen2|[silent]
|switch|p1a: Deoxys|Deoxys-Speed|100/100
|-ability|p1a: Deoxys|Pressure
|switch|p2a: Toxapex|Toxapex, F|100/100
|
|upkeep
|turn|41
|
|t:|1759042785
|switch|p2a: Blissey|Blissey, F|100/100
|move|p1a: Deoxys|Psycho Boost|p2a: Blissey
|-damage|p2a: Blissey|74/100
|-unboost|p1a: Deoxys|spa|2
|-damage|p1a: Deoxys|91/100|[from] item: Life Orb
|
|-heal|p2a: Blissey|80/100|[from] item: Leftovers
|upkeep
|turn|42
|
|t:|1759042798
|switch|p1a: Kingambit|Kingambit, F, tera:Ghost|100/100
|-activate|p1a: Kingambit|ability: Supreme Overlord
|-start|p1a: Kingambit|fallen2|[silent]
|move|p2a: Blissey|Stealth Rock|p1a: Kingambit
|-sidestart|p1: Juicepar|move: Stealth Rock
|
|-heal|p2a: Blissey|86/100|[from] item: Leftovers
|upkeep
|turn|43
|
|t:|1759042803
|-end|p1a: Kingambit|fallen2|[silent]
|switch|p1a: Great Tusk|Great Tusk|57/100 tox
|-damage|p1a: Great Tusk|54/100 tox|[from] Stealth Rock
|switch|p2a: Toxapex|Toxapex, F|100/100
|
|-damage|p1a: Great Tusk|48/100 tox|[from] psn
|upkeep
|turn|44
|
|t:|1759042822
|switch|p2a: Corviknight|Corviknight, M|100/100
|-ability|p2a: Corviknight|Pressure
|move|p1a: Great Tusk|Rapid Spin|p2a: Corviknight
|-resisted|p2a: Corviknight
|-damage|p2a: Corviknight|95/100
|-boost|p1a: Great Tusk|spe|1
|-sideend|p1: Juicepar|Stealth Rock|[from] move: Rapid Spin|[of] p1a: Great Tusk
|
|-heal|p2a: Corviknight|100/100|[from] item: Leftovers
|-damage|p1a: Great Tusk|36/100 tox|[from] psn
|upkeep
|turn|45
|
|t:|1759042829
|-end|p1a: Great Tusk|Protosynthesis|[silent]
|switch|p1a: Iron Moth|Iron Moth|67/100
|move|p2a: Corviknight|Body Press|p1a: Iron Moth
|-resisted|p1a: Iron Moth
|-damage|p1a: Iron Moth|47/100
|
|upkeep
|turn|46
|
|t:|1759042833
|switch|p2a: Blissey|Blissey, F|86/100
|move|p1a: Iron Moth|Fiery Dance|p2a: Blissey
|-crit|p2a: Blissey
|-damage|p2a: Blissey|67/100
|-boost|p1a: Iron Moth|spa|1
|
|-heal|p2a: Blissey|73/100|[from] item: Leftovers
|upkeep
|turn|47
|
|t:|1759042857
|-end|p1a: Iron Moth|Quark Drive|[silent]
|switch|p1a: Kingambit|Kingambit, F, tera:Ghost|100/100
|-activate|p1a: Kingambit|ability: Supreme Overlord
|-start|p1a: Kingambit|fallen2|[silent]
|move|p2a: Blissey|Stealth Rock|p1a: Kingambit
|-sidestart|p1: Juicepar|move: Stealth Rock
|
|-heal|p2a: Blissey|79/100|[from] item: Leftovers
|upkeep
|turn|48
|
|t:|1759042862
|switch|p2a: Toxapex|Toxapex, F|100/100
|move|p1a: Kingambit|Kowtow Cleave|p2a: Toxapex
|-crit|p2a: Toxapex
|-damage|p2a: Toxapex|28/100
|
|-heal|p2a: Toxapex|35/100|[from] item: Leftovers
|upkeep
|turn|49
|
|t:|1759042867
|switch|p2a: Dondozo|Dondozo, M|100/100 slp
|move|p1a: Kingambit|Kowtow Cleave|p2a: Dondozo
|-damage|p2a: Dondozo|72/100 slp
|
|-heal|p2a: Dondozo|79/100 slp|[from] item: Leftovers
|upkeep
|turn|50
|
|t:|1759042872
|move|p1a: Kingambit|Swords Dance|p1a: Kingambit
|-boost|p1a: Kingambit|atk|2
|cant|p2a: Dondozo|slp
|move|p2a: Dondozo|Sleep Talk|p2a: Dondozo
|move|p2a: Dondozo|Rest||[from] move: Sleep Talk|[still]
|-fail|p2a: Dondozo
|
|-heal|p2a: Dondozo|85/100 slp|[from] item: Leftovers
|upkeep
|turn|51
|
|t:|1759042880
|move|p1a: Kingambit|Swords Dance|p1a: Kingambit
|-boost|p1a: Kingambit|atk|2
|cant|p2a: Dondozo|slp
|move|p2a: Dondozo|Sleep Talk|p2a: Dondozo
|move|p2a: Dondozo|Avalanche|p1a: Kingambit|[from] move: Sleep Talk
|-damage|p1a: Kingambit|90/100
|
|-heal|p1a: Kingambit|96/100|[from] item: Leftovers
|-heal|p2a: Dondozo|91/100 slp|[from] item: Leftovers
|upkeep
|turn|52
|
|t:|1759042883
|move|p1a: Kingambit|Swords Dance|p1a: Kingambit
|-boost|p1a: Kingambit|atk|2
|-curestatus|p2a: Dondozo|slp|[msg]
|move|p2a: Dondozo|Sleep Talk||[still]
|-fail|p2a: Dondozo
|
|-heal|p1a: Kingambit|100/100|[from] item: Leftovers
|-heal|p2a: Dondozo|97/100|[from] item: Leftovers
|upkeep
|turn|53
|
|t:|1759042888
|move|p1a: Kingambit|Kowtow Cleave|p2a: Dondozo
|-damage|p2a: Dondozo|68/100
|move|p2a: Dondozo|Avalanche|p1a: Kingambit
|-damage|p1a: Kingambit|80/100
|
|-heal|p1a: Kingambit|86/100|[from] item: Leftovers
|-heal|p2a: Dondozo|75/100|[from] item: Leftovers
|upkeep
|turn|54
|
|t:|1759042895
|move|p1a: Kingambit|Kowtow Cleave|p2a: Dondozo
|-damage|p2a: Dondozo|48/100
|move|p2a: Dondozo|Avalanche|p1a: Kingambit
|-damage|p1a: Kingambit|65/100
|
|-heal|p1a: Kingambit|71/100|[from] item: Leftovers
|-heal|p2a: Dondozo|55/100|[from] item: Leftovers
|upkeep
|turn|55
|
|t:|1759042900
|move|p1a: Kingambit|Kowtow Cleave|p2a: Dondozo
|-damage|p2a: Dondozo|30/100
|move|p2a: Dondozo|Avalanche|p1a: Kingambit
|-damage|p1a: Kingambit|51/100
|
|-heal|p1a: Kingambit|57/100|[from] item: Leftovers
|-heal|p2a: Dondozo|36/100|[from] item: Leftovers
|upkeep
|turn|56
|
|t:|1759042904
|move|p1a: Kingambit|Iron Head|p2a: Dondozo
|-resisted|p2a: Dondozo
|-damage|p2a: Dondozo|22/100
|move|p2a: Dondozo|Rest|p2a: Dondozo
|-status|p2a: Dondozo|slp|[from] move: Rest
|-heal|p2a: Dondozo|100/100 slp|[silent]
|
|-heal|p1a: Kingambit|63/100|[from] item: Leftovers
|upkeep
|turn|57
|
|t:|1759042910
|move|p1a: Kingambit|Kowtow Cleave|p2a: Dondozo
|-damage|p2a: Dondozo|75/100 slp
|cant|p2a: Dondozo|slp
|move|p2a: Dondozo|Sleep Talk|p2a: Dondozo
|move|p2a: Dondozo|Rest||[from] move: Sleep Talk|[still]
|-fail|p2a: Dondozo
|
|-heal|p1a: Kingambit|69/100|[from] item: Leftovers
|-heal|p2a: Dondozo|81/100 slp|[from] item: Leftovers
|upkeep
|turn|58
|
|t:|1759042913
|move|p1a: Kingambit|Kowtow Cleave|p2a: Dondozo
|-damage|p2a: Dondozo|54/100 slp
|cant|p2a: Dondozo|slp
|move|p2a: Dondozo|Sleep Talk|p2a: Dondozo
|move|p2a: Dondozo|Avalanche|p1a: Kingambit|[from] move: Sleep Talk
|-damage|p1a: Kingambit|49/100
|
|-heal|p1a: Kingambit|55/100|[from] item: Leftovers
|-heal|p2a: Dondozo|60/100 slp|[from] item: Leftovers
|upkeep
|turn|59
|
|t:|1759042919
|move|p1a: Kingambit|Kowtow Cleave|p2a: Dondozo
|-damage|p2a: Dondozo|35/100 slp
|-curestatus|p2a: Dondozo|slp|[msg]
|move|p2a: Dondozo|Avalanche|p1a: Kingambit
|-damage|p1a: Kingambit|35/100
|
|-heal|p1a: Kingambit|41/100|[from] item: Leftovers
|-heal|p2a: Dondozo|41/100|[from] item: Leftovers
|upkeep
|turn|60
|
|t:|1759042923
|move|p1a: Kingambit|Iron Head|p2a: Dondozo
|-resisted|p2a: Dondozo
|-damage|p2a: Dondozo|30/100
|move|p2a: Dondozo|Rest|p2a: Dondozo
|-status|p2a: Dondozo|slp|[from] move: Rest
|-heal|p2a: Dondozo|100/100 slp|[silent]
|
|-heal|p1a: Kingambit|47/100|[from] item: Leftovers
|upkeep
|turn|61
|
|t:|1759042943
|-end|p1a: Kingambit|fallen2|[silent]
|switch|p1a: Deoxys|Deoxys-Speed|91/100
|-damage|p1a: Deoxys|78/100|[from] Stealth Rock
|-ability|p1a: Deoxys|Pressure
|cant|p2a: Dondozo|slp
|move|p2a: Dondozo|Sleep Talk|p2a: Dondozo
|move|p2a: Dondozo|Rest||[from] move: Sleep Talk|[still]
|-fail|p2a: Dondozo
|
|upkeep
|turn|62
|
|t:|1759042946
|switch|p2a: Blissey|Blissey, F|79/100
|move|p1a: Deoxys|Nasty Plot|p1a: Deoxys
|-boost|p1a: Deoxys|spa|2
|
|-heal|p2a: Blissey|86/100|[from] item: Leftovers
|upkeep
|turn|63
|
|t:|1759042949
|move|p1a: Deoxys|Focus Blast|p2a: Blissey
|-supereffective|p2a: Blissey
|-damage|p2a: Blissey|24/100
|-damage|p1a: Deoxys|69/100|[from] item: Life Orb
|move|p2a: Blissey|Calm Mind|p2a: Blissey
|-boost|p2a: Blissey|spa|1
|-boost|p2a: Blissey|spd|1
|
|-heal|p2a: Blissey|30/100|[from] item: Leftovers
|upkeep
|turn|64
|
|t:|1759042962
|switch|p2a: Toxapex|Toxapex, F|68/100
|move|p1a: Deoxys|Psycho Boost|p2a: Toxapex
|-supereffective|p2a: Toxapex
|-damage|p2a: Toxapex|0 fnt
|-unboost|p1a: Deoxys|spa|2
|faint|p2a: Toxapex
|-damage|p1a: Deoxys|59/100|[from] item: Life Orb
|
|upkeep
|
|t:|1759042965
|switch|p2a: Blissey|Blissey, F|30/100
|turn|65
|
|t:|1759042973
|move|p1a: Deoxys|Focus Blast|p2a: Blissey
|-supereffective|p2a: Blissey
|-damage|p2a: Blissey|1/100
|-unboost|p2a: Blissey|spd|1
|-damage|p1a: Deoxys|49/100|[from] item: Life Orb
|move|p2a: Blissey|Soft-Boiled|p2a: Blissey
|-heal|p2a: Blissey|51/100
|
|-heal|p2a: Blissey|57/100|[from] item: Leftovers
|upkeep
|turn|66
|
|t:|1759042979
|move|p1a: Deoxys|Nasty Plot|p1a: Deoxys
|-boost|p1a: Deoxys|spa|2
|move|p2a: Blissey|Soft-Boiled|p2a: Blissey
|-heal|p2a: Blissey|100/100
|
|upkeep
|turn|67
|
|t:|1759042989
|switch|p2a: Weezing|Weezing-Galar, M|100/100
|-ability|p2a: Weezing|Neutralizing Gas
|move|p1a: Deoxys|Psycho Boost|p2a: Weezing
|-supereffective|p2a: Weezing
|-damage|p2a: Weezing|0 fnt
|-unboost|p1a: Deoxys|spa|2
|faint|p2a: Weezing
|-end|p2a: Weezing|ability: Neutralizing Gas
|-ability|p1a: Deoxys|Pressure
|-damage|p1a: Deoxys|40/100|[from] item: Life Orb
|
|upkeep
|
|t:|1759042992
|switch|p2a: Blissey|Blissey, F|100/100
|turn|68
|
|t:|1759043006
|switch|p1a: Kingambit|Kingambit, F, tera:Ghost|47/100
|-damage|p1a: Kingambit|35/100|[from] Stealth Rock
|-activate|p1a: Kingambit|ability: Supreme Overlord
|-start|p1a: Kingambit|fallen2|[silent]
|move|p2a: Blissey|Seismic Toss|p1a: Kingambit
|-immune|p1a: Kingambit
|
|-heal|p1a: Kingambit|41/100|[from] item: Leftovers
|upkeep
|turn|69
|
|t:|1759043011
|switch|p2a: Dondozo|Dondozo, M|100/100 slp
|move|p1a: Kingambit|Swords Dance|p1a: Kingambit
|-boost|p1a: Kingambit|atk|2
|
|-heal|p1a: Kingambit|47/100|[from] item: Leftovers
|upkeep
|turn|70
|
|t:|1759043023
|move|p1a: Kingambit|Swords Dance|p1a: Kingambit
|-boost|p1a: Kingambit|atk|2
|cant|p2a: Dondozo|slp
|move|p2a: Dondozo|Sleep Talk|p2a: Dondozo
|move|p2a: Dondozo|Avalanche|p1a: Kingambit|[from] move: Sleep Talk
|-damage|p1a: Kingambit|35/100
|
|-heal|p1a: Kingambit|41/100|[from] item: Leftovers
|upkeep
|turn|71
|
|t:|1759043031
|move|p1a: Kingambit|Swords Dance|p1a: Kingambit
|-boost|p1a: Kingambit|atk|2
|-curestatus|p2a: Dondozo|slp|[msg]
|move|p2a: Dondozo|Avalanche|p1a: Kingambit
|-damage|p1a: Kingambit|31/100
|
|-heal|p1a: Kingambit|37/100|[from] item: Leftovers
|upkeep
|turn|72
|
|t:|1759043033
|move|p1a: Kingambit|Swords Dance|p1a: Kingambit
|-boost|p1a: Kingambit|atk|0
|move|p2a: Dondozo|Avalanche|p1a: Kingambit
|-damage|p1a: Kingambit|26/100
|
|-heal|p1a: Kingambit|32/100|[from] item: Leftovers
|upkeep
|turn|73
|
|t:|1759043060
|move|p1a: Kingambit|Kowtow Cleave|p2a: Dondozo
|-damage|p2a: Dondozo|72/100
|move|p2a: Dondozo|Avalanche|p1a: Kingambit
|-damage|p1a: Kingambit|9/100
|
|-heal|p1a: Kingambit|15/100|[from] item: Leftovers
|-heal|p2a: Dondozo|78/100|[from] item: Leftovers
|upkeep
|turn|74
|
|t:|1759043073
|move|p1a: Kingambit|Swords Dance|p1a: Kingambit
|-boost|p1a: Kingambit|atk|0
|move|p2a: Dondozo|Avalanche|p1a: Kingambit
|-damage|p1a: Kingambit|5/100
|
|-heal|p1a: Kingambit|11/100|[from] item: Leftovers
|-heal|p2a: Dondozo|85/100|[from] item: Leftovers
|upkeep
|turn|75
|
|t:|1759043086
|-end|p1a: Kingambit|fallen2|[silent]
|switch|p1a: Iron Moth|Iron Moth|47/100
|-damage|p1a: Iron Moth|22/100|[from] Stealth Rock
|move|p2a: Dondozo|Avalanche|p1a: Iron Moth
|-resisted|p1a: Iron Moth
|-damage|p1a: Iron Moth|13/100
|
|-heal|p2a: Dondozo|91/100|[from] item: Leftovers
|upkeep
|turn|76
|
|t:|1759043099
|switch|p2a: Blissey|Blissey, F|100/100
|move|p1a: Iron Moth|Toxic Spikes|p2a: Blissey
|-sidestart|p2: MRH1106|move: Toxic Spikes
|
|upkeep
|turn|77
|
|t:|1759043113
|move|p1a: Iron Moth|Toxic Spikes|p2a: Blissey
|-sidestart|p2: MRH1106|move: Toxic Spikes
|move|p2a: Blissey|Seismic Toss|p1a: Iron Moth
|-damage|p1a: Iron Moth|0 fnt
|faint|p1a: Iron Moth
|-end|p1a: Iron Moth|Quark Drive|[silent]
|
|upkeep
|
|t:|1759043117
|switch|p1a: Great Tusk|Great Tusk|36/100 tox
|-damage|p1a: Great Tusk|33/100 tox|[from] Stealth Rock
|turn|78
|
|t:|1759043123
|move|p1a: Great Tusk|Close Combat|p2a: Blissey
|-supereffective|p2a: Blissey
|-damage|p2a: Blissey|0 fnt
|-unboost|p1a: Great Tusk|def|1
|-unboost|p1a: Great Tusk|spd|1
|faint|p2a: Blissey
|
|-damage|p1a: Great Tusk|27/100 tox|[from] psn
|upkeep
|
|t:|1759043129
|switch|p2a: Corviknight|Corviknight, M|100/100
|-ability|p2a: Corviknight|Pressure
|turn|79
|
|t:|1759043138
|move|p1a: Great Tusk|Rapid Spin|p2a: Corviknight
|-resisted|p2a: Corviknight
|-damage|p2a: Corviknight|95/100
|-boost|p1a: Great Tusk|spe|1
|-sideend|p1: Juicepar|Stealth Rock|[from] move: Rapid Spin|[of] p1a: Great Tusk
|move|p2a: Corviknight|Iron Defense|p2a: Corviknight
|-boost|p2a: Corviknight|def|2
|
|-heal|p2a: Corviknight|100/100|[from] item: Leftovers
|-damage|p1a: Great Tusk|14/100 tox|[from] psn
|upkeep
|turn|80
|
|t:|1759043150
|-end|p1a: Great Tusk|Protosynthesis|[silent]
|switch|p1a: Kingambit|Kingambit, F, tera:Ghost|11/100
|-activate|p1a: Kingambit|ability: Supreme Overlord
|-start|p1a: Kingambit|fallen3|[silent]
|move|p2a: Corviknight|Defog|p1a: Kingambit
|-unboost|p1a: Kingambit|evasion|1
|-sideend|p2: MRH1106|Toxic Spikes|[from] move: Defog|[of] p2a: Corviknight
|
|-heal|p1a: Kingambit|17/100|[from] item: Leftovers
|upkeep
|turn|81
|
|t:|1759043160
|switch|p2a: Dondozo|Dondozo, M|91/100
|move|p1a: Kingambit|Swords Dance|p1a: Kingambit
|-boost|p1a: Kingambit|atk|2
|
|-heal|p1a: Kingambit|23/100|[from] item: Leftovers
|-heal|p2a: Dondozo|97/100|[from] item: Leftovers
|upkeep
|turn|82
|
|t:|1759043165
|move|p1a: Kingambit|Swords Dance|p1a: Kingambit
|-boost|p1a: Kingambit|atk|2
|move|p2a: Dondozo|Avalanche|p1a: Kingambit
|-damage|p1a: Kingambit|13/100
|
|-heal|p1a: Kingambit|19/100|[from] item: Leftovers
|-heal|p2a: Dondozo|100/100|[from] item: Leftovers
|upkeep
|turn|83
|
|t:|1759043167
|move|p1a: Kingambit|Swords Dance|p1a: Kingambit
|-boost|p1a: Kingambit|atk|2
|move|p2a: Dondozo|Avalanche|p1a: Kingambit
|-damage|p1a: Kingambit|7/100
|
|-heal|p1a: Kingambit|13/100|[from] item: Leftovers
|upkeep
|turn|84
|
|t:|1759043179
|-end|p1a: Kingambit|fallen3|[silent]
|switch|p1a: Great Tusk|Great Tusk|14/100 tox
|move|p2a: Dondozo|Avalanche|p1a: Great Tusk
|-supereffective|p1a: Great Tusk
|-damage|p1a: Great Tusk|0 fnt
|faint|p1a: Great Tusk
|-end|p1a: Great Tusk|Protosynthesis|[silent]
|
|upkeep
|
|t:|1759043186
|switch|p1a: Deoxys|Deoxys-Speed|40/100
|-ability|p1a: Deoxys|Pressure
|turn|85
|
|t:|1759043193
|move|p1a: Deoxys|Psycho Boost|p2a: Dondozo
|-damage|p2a: Dondozo|17/100
|-unboost|p1a: Deoxys|spa|2
|-damage|p1a: Deoxys|30/100|[from] item: Life Orb
|move|p2a: Dondozo|Avalanche|p1a: Deoxys
|-damage|p1a: Deoxys|0 fnt
|faint|p1a: Deoxys
|
|-heal|p2a: Dondozo|23/100|[from] item: Leftovers
|upkeep
|
|t:|1759043201
|switch|p1a: Kingambit|Kingambit, F, tera:Ghost|13/100
|-activate|p1a: Kingambit|ability: Supreme Overlord
|-start|p1a: Kingambit|fallen5|[silent]
|turn|86
|
|t:|1759043204
|move|p1a: Kingambit|Kowtow Cleave|p2a: Dondozo
|-damage|p2a: Dondozo|0 fnt
|faint|p2a: Dondozo
|
|-heal|p1a: Kingambit|19/100|[from] item: Leftovers
|upkeep
|
|t:|1759043206
|switch|p2a: Corviknight|Corviknight, M|100/100
|-ability|p2a: Corviknight|Pressure
|turn|87
|
|t:|1759043207
|move|p2a: Corviknight|Iron Defense|p2a: Corviknight
|-boost|p2a: Corviknight|def|2
|move|p1a: Kingambit|Swords Dance|p1a: Kingambit
|-boost|p1a: Kingambit|atk|2
|
|-heal|p1a: Kingambit|25/100|[from] item: Leftovers
|upkeep
|turn|88
|
|t:|1759043213
|move|p2a: Corviknight|Iron Defense|p2a: Corviknight
|-boost|p2a: Corviknight|def|2
|move|p1a: Kingambit|Swords Dance|p1a: Kingambit
|-boost|p1a: Kingambit|atk|2
|
|-heal|p1a: Kingambit|31/100|[from] item: Leftovers
|upkeep
|turn|89
|
|t:|1759043217
|move|p2a: Corviknight|Iron Defense|p2a: Corviknight
|-boost|p2a: Corviknight|def|2
|move|p1a: Kingambit|Swords Dance|p1a: Kingambit
|-boost|p1a: Kingambit|atk|2
|
|-heal|p1a: Kingambit|37/100|[from] item: Leftovers
|upkeep
|turn|90
|
|t:|1759043224
|move|p2a: Corviknight|Iron Defense|p2a: Corviknight
|-boost|p2a: Corviknight|def|0
|move|p1a: Kingambit|Swords Dance|p1a: Kingambit
|-boost|p1a: Kingambit|atk|0
|
|-heal|p1a: Kingambit|43/100|[from] item: Leftovers
|upkeep
|turn|91
|
|t:|1759043228
|move|p2a: Corviknight|Defog|p1a: Kingambit
|-unboost|p1a: Kingambit|evasion|1
|move|p1a: Kingambit|Swords Dance|p1a: Kingambit
|-boost|p1a: Kingambit|atk|0
|
|-heal|p1a: Kingambit|49/100|[from] item: Leftovers
|upkeep
|turn|92
|
|t:|1759043234
|move|p2a: Corviknight|Defog|p1a: Kingambit
|-unboost|p1a: Kingambit|evasion|1
|move|p1a: Kingambit|Swords Dance|p1a: Kingambit
|-boost|p1a: Kingambit|atk|0
|
|-heal|p1a: Kingambit|55/100|[from] item: Leftovers
|upkeep
|turn|93
|
|t:|1759043236
|move|p2a: Corviknight|Defog|p1a: Kingambit
|-unboost|p1a: Kingambit|evasion|1
|move|p1a: Kingambit|Swords Dance|p1a: Kingambit
|-boost|p1a: Kingambit|atk|0
|
|-heal|p1a: Kingambit|61/100|[from] item: Leftovers
|upkeep
|turn|94
|
|t:|1759043238
|move|p2a: Corviknight|Defog|p1a: Kingambit
|-unboost|p1a: Kingambit|evasion|1
|move|p1a: Kingambit|Swords Dance|p1a: Kingambit
|-boost|p1a: Kingambit|atk|0
|
|-heal|p1a: Kingambit|68/100|[from] item: Leftovers
|upkeep
|turn|95
|
|t:|1759043241
|move|p2a: Corviknight|Defog|p1a: Kingambit
|-unboost|p1a: Kingambit|evasion|1
|move|p1a: Kingambit|Swords Dance|p1a: Kingambit
|-boost|p1a: Kingambit|atk|0
|
|-heal|p1a: Kingambit|74/100|[from] item: Leftovers
|upkeep
|turn|96
|
|t:|1759043243
|move|p2a: Corviknight|Defog|p1a: Kingambit
|-unboost|p1a: Kingambit|evasion|1
|move|p1a: Kingambit|Swords Dance|p1a: Kingambit
|-boost|p1a: Kingambit|atk|0
|
|-heal|p1a: Kingambit|80/100|[from] item: Leftovers
|upkeep
|turn|97
|
|t:|1759043246
|move|p2a: Corviknight|Defog||[still]
|-unboost|p1a: Kingambit|evasion|0
|-fail|p2a: Corviknight
|move|p1a: Kingambit|Swords Dance|p1a: Kingambit
|-boost|p1a: Kingambit|atk|0
|
|-heal|p1a: Kingambit|86/100|[from] item: Leftovers
|upkeep
|turn|98
|
|t:|1759043249
|move|p2a: Corviknight|Defog||[still]
|-unboost|p1a: Kingambit|evasion|0
|-fail|p2a: Corviknight
|move|p1a: Kingambit|Iron Head|p2a: Corviknight
|-resisted|p2a: Corviknight
|-damage|p2a: Corviknight|80/100
|
|-heal|p2a: Corviknight|86/100|[from] item: Leftovers
|-heal|p1a: Kingambit|92/100|[from] item: Leftovers
|upkeep
|turn|99
|
|t:|1759043255
|move|p2a: Corviknight|Defog||[still]
|-unboost|p1a: Kingambit|evasion|0
|-fail|p2a: Corviknight
|move|p1a: Kingambit|Iron Head|p2a: Corviknight
|-resisted|p2a: Corviknight
|-damage|p2a: Corviknight|64/100
|
|-heal|p2a: Corviknight|70/100|[from] item: Leftovers
|-heal|p1a: Kingambit|98/100|[from] item: Leftovers
|upkeep
|turn|100
|
|t:|1759043259
|move|p2a: Corviknight|Iron Defense|p2a: Corviknight
|-boost|p2a: Corviknight|def|0
|move|p1a: Kingambit|Iron Head|p2a: Corviknight
|-resisted|p2a: Corviknight
|-crit|p2a: Corviknight
|-damage|p2a: Corviknight|0 fnt
|faint|p2a: Corviknight
|
|win|Juicepar
|raw|Juicepar's rating: 1485 &rarr; <strong>1518</strong><br />(+33 for winning)
|raw|MRH1106's rating: 1748 &rarr; <strong>1715</strong><br />(-33 for losing)
|c|☆MRH1106|wow
|c|☆MRH1106|gg
|c|☆Juicepar|holy cow
|c|☆Juicepar|gg man
|c|☆MRH1106|i played poorly
|c|☆MRH1106|LMAO
|c|☆Juicepar|yea lol
|l|☆MRH1106
|player|p2|
|c|☆Juicepar|every 50/50 i had to guess
|c|☆Juicepar|u did the exact opposite
|l|☆Juicepar
|player|p1|
|j|☆Juicepar
|player|p1|Juicepar|lucas|
