|badge|p1|silver|gen9ou|30-6
|html|<div class="broadcast-red"><strong>This battle is required to be public due to one or more player having a season medal.</strong><br />During the public phase, you can discuss the state of the ladder <a href="/seasondiscussion">in a special chatroom.</a></div>
|uhtml|medal-msg|<div class="broadcast-blue">Curious what those medals under the avatar are? PS now has Ladder Seasons! For more information, check out the <a href="https://www.smogon.com/forums/threads/3740067/">thread on Smogon.</a></div>
|badge|p2|silver|gen9ou|30-6
|uhtml|medal-msg|<div class="broadcast-blue">Curious what those medals under the avatar are? PS now has Ladder Seasons! For more information, check out the <a href="https://www.smogon.com/forums/threads/3740067/">thread on Smogon.</a></div>
|raw|<div class="broadcast-blue"><strong>This battle is required to be public due to a player having a name starting with 'medal'.</div>
|j|☆LT124YH Ghoul
|j|☆ouww miguel o hara
|t:|1758979635
|gametype|singles
|player|p1|LT124YH Ghoul|allister|2015
|player|p2|ouww miguel o hara|giovanni|1958
|gen|9
|tier|[Gen 9] OU
|rated|
|rule|HP Percentage Mod: HP is shown in percentages
|rule|Endless Battle Clause: Forcing endless battles is banned
|rule|Species Clause: Limit one of each Pokémon
|rule|OHKO Clause: OHKO moves are banned
|rule|Evasion Items Clause: Evasion items are banned
|rule|Evasion Moves Clause: Evasion moves are banned
|rule|Evasion Abilities Clause: Evasion abilities are banned
|rule|Sleep Moves Clause: Sleep-inducing moves are banned
|clearpoke
|poke|p1|Enamorus, F|
|poke|p1|Araquanid, F|
|poke|p1|Gholdengo|
|poke|p1|Iron Valiant|
|poke|p1|Kingambit, M|
|poke|p1|Great Tusk|
|poke|p2|Zamazenta-*|
|poke|p2|Iron Moth|
|poke|p2|Gliscor, M|
|poke|p2|Clefable, F|
|poke|p2|Blissey, F|
|poke|p2|Dragapult, F|
|teampreview
|inactive|Battle timer is ON: inactive players will automatically lose when time's up. (requested by LT124YH Ghoul)
|j| cynasaurus
|j| cryyysneasel
|j| Light SV
|j| larp legion
|inactive|LT124YH Ghoul has 120 seconds left.
|c| larp legion|wait why dont u have gold medal
|c|☆LT124YH Ghoul|budy
|c|☆LT124YH Ghoul|swnn goat of goats
|c|☆LT124YH Ghoul|got his elo baclk
|c| larp legion|oh
|inactive|LT124YH Ghoul has 90 seconds left.
|c| larp legion|shitttt
|j| dsvdv
|inactive|LT124YH Ghoul has 60 seconds left.
|inactive|LT124YH Ghoul has 30 seconds left.
|
|t:|1758979757
|teamsize|p1|6
|teamsize|p2|6
|start
|switch|p1a: Conquest|Enamorus, F|100/100
|switch|p2a: Zamazenta|Zamazenta|100/100
|-ability|p2a: Zamazenta|Dauntless Shield|boost
|-boost|p2a: Zamazenta|def|1
|turn|1
|inactive|LT124YH Ghoul has 90 seconds left.
|c|☆LT124YH Ghoul|swnn goat of goats just got #1
|c|☆LT124YH Ghoul|😭
|c| larp legion|WHAT
|inactive|LT124YH Ghoul has 60 seconds left.
|c| larp legion|ok
|c|☆LT124YH Ghoul|they gotta nerf him bro
|c| larp legion|lock in ghoul
|j| stanley garden
|
|t:|1758979817
|switch|p2a: Blissey|Blissey, F|100/100
|move|p1a: Conquest|Substitute|p1a: Conquest
|-start|p1a: Conquest|Substitute
|-damage|p1a: Conquest|76/100
|
|-heal|p1a: Conquest|82/100|[from] item: Leftovers
|upkeep
|turn|2
|
|t:|1758979823
|move|p1a: Conquest|Superpower|p2a: Blissey
|-supereffective|p2a: Blissey
|-damage|p2a: Blissey|33/100
|-boost|p1a: Conquest|atk|1
|-boost|p1a: Conquest|def|1
|move|p2a: Blissey|Ice Beam|p1a: Conquest
|-supereffective|p1a: Conquest
|-end|p1a: Conquest|Substitute
|
|-heal|p1a: Conquest|88/100|[from] item: Leftovers
|upkeep
|turn|3
|j| firecharmander004
|inactive|LT124YH Ghoul has 30 seconds left.
|inactive|LT124YH Ghoul has 20 seconds left.
|j| tiochicodobos
|inactive|LT124YH Ghoul has 15 seconds left.
|inactive|LT124YH Ghoul has 10 seconds left.
|
|t:|1758979871
|move|p1a: Conquest|Moonblast|p2a: Blissey
|-damage|p2a: Blissey|15/100
|-unboost|p2a: Blissey|spa|1
|move|p2a: Blissey|Ice Beam|p1a: Conquest
|-supereffective|p1a: Conquest
|-damage|p1a: Conquest|58/100
|
|-heal|p1a: Conquest|65/100|[from] item: Leftovers
|upkeep
|turn|4
|inactive|LT124YH Ghoul has 20 seconds left this turn.
|
|t:|1758979880
|switch|p2a: Iron Moth|Iron Moth|100/100
|move|p1a: Conquest|Moonblast|p2a: Iron Moth
|-resisted|p2a: Iron Moth
|-damage|p2a: Iron Moth|89/100
|-unboost|p2a: Iron Moth|spa|1
|
|-heal|p1a: Conquest|71/100|[from] item: Leftovers
|upkeep
|turn|5
|inactive|LT124YH Ghoul has 30 seconds left this turn.
|
|t:|1758979884
|switch|p1a: Doc Seismic|Araquanid, F, shiny|100/100
|move|p2a: Iron Moth|Sludge Wave|p1a: Doc Seismic
|-damage|p1a: Doc Seismic|68/100
|
|upkeep
|turn|6
|
|t:|1758979895
|-end|p2a: Iron Moth|Quark Drive|[silent]
|switch|p2a: Blissey|Blissey, F|15/100
|move|p1a: Doc Seismic|Liquidation|p2a: Blissey
|-damage|p2a: Blissey|0 fnt
|faint|p2a: Blissey
|
|upkeep
|
|t:|1758979919
|switch|p2a: Dragapult|Dragapult, F|100/100
|turn|7
|inactive|LT124YH Ghoul has 30 seconds left.
|inactive|LT124YH Ghoul has 20 seconds left.
|
|t:|1758979952
|switch|p1a: Omni-Man|Kingambit, M|100/100
|-item|p1a: Omni-Man|Air Balloon
|move|p2a: Dragapult|Dragon Darts|p1a: Omni-Man
|-resisted|p1a: Omni-Man
|-damage|p1a: Omni-Man|92/100
|-enditem|p1a: Omni-Man|Air Balloon
|-anim|p2a: Dragapult|Dragon Darts|p1a: Omni-Man
|-resisted|p1a: Omni-Man
|-damage|p1a: Omni-Man|84/100
|
|upkeep
|turn|8
|inactive|LT124YH Ghoul has 30 seconds left this turn.
|j| seiko leich
|inactive|LT124YH Ghoul has 20 seconds left.
|inactive|LT124YH Ghoul has 15 seconds left.
|inactive|LT124YH Ghoul has 10 seconds left.
|
|t:|1758979974
|-end|p1a: Omni-Man|fallenundefined|[silent]
|switch|p1a: Robot|Gholdengo|100/100
|move|p2a: Dragapult|Will-O-Wisp|p1a: Robot
|-immune|p1a: Robot|[from] ability: Good as Gold
|
|upkeep
|turn|9
|inactive|LT124YH Ghoul has 20 seconds left this turn.
|
|t:|1758979979
|switch|p2a: Iron Moth|Iron Moth|89/100
|move|p1a: Robot|Shadow Ball|p2a: Iron Moth
|-damage|p2a: Iron Moth|46/100
|
|upkeep
|turn|10
|inactive|LT124YH Ghoul has 30 seconds left this turn.
|
|t:|1758979984
|switch|p1a: Doc Seismic|Araquanid, F, shiny|68/100
|move|p2a: Iron Moth|Fiery Dance|p1a: Doc Seismic
|-damage|p1a: Doc Seismic|47/100
|
|upkeep
|turn|11
|
|t:|1758979992
|-end|p2a: Iron Moth|Quark Drive|[silent]
|switch|p2a: Dragapult|Dragapult, F|100/100
|move|p1a: Doc Seismic|Liquidation|p2a: Dragapult
|-resisted|p2a: Dragapult
|-damage|p2a: Dragapult|53/100
|-unboost|p2a: Dragapult|def|1
|
|upkeep
|turn|12
|
|t:|1758980000
|switch|p1a: Robot|Gholdengo|100/100
|move|p2a: Dragapult|Dragon Darts|p1a: Robot
|-resisted|p1a: Robot
|-damage|p1a: Robot|91/100
|-anim|p2a: Dragapult|Dragon Darts|p1a: Robot
|-resisted|p1a: Robot
|-damage|p1a: Robot|83/100
|
|upkeep
|turn|13
|
|t:|1758980007
|move|p2a: Dragapult|Hex|p1a: Robot
|-supereffective|p1a: Robot
|-damage|p1a: Robot|32/100
|move|p1a: Robot|Shadow Ball|p2a: Dragapult
|-supereffective|p2a: Dragapult
|-damage|p2a: Dragapult|0 fnt
|faint|p2a: Dragapult
|
|upkeep
|
|t:|1758980010
|switch|p2a: Iron Moth|Iron Moth|46/100
|turn|14
|
|t:|1758980019
|switch|p1a: Doc Seismic|Araquanid, F, shiny|47/100
|move|p2a: Iron Moth|Fiery Dance|p1a: Doc Seismic
|-damage|p1a: Doc Seismic|27/100
|
|upkeep
|turn|15
|
|t:|1758980022
|-end|p2a: Iron Moth|Quark Drive|[silent]
|switch|p2a: Zamazenta|Zamazenta|100/100
|move|p1a: Doc Seismic|Liquidation|p2a: Zamazenta
|-damage|p2a: Zamazenta|54/100
|
|-heal|p2a: Zamazenta|60/100|[from] item: Leftovers
|upkeep
|turn|16
|
|t:|1758980028
|switch|p1a: Conquest|Enamorus, F|71/100
|move|p2a: Zamazenta|Body Press|p1a: Conquest
|-resisted|p1a: Conquest
|-damage|p1a: Conquest|54/100
|
|-heal|p2a: Zamazenta|66/100|[from] item: Leftovers
|-heal|p1a: Conquest|60/100|[from] item: Leftovers
|upkeep
|turn|17
|j| Heatranator
|inactive|LT124YH Ghoul has 90 seconds left.
|
|t:|1758980037
|switch|p2a: Iron Moth|Iron Moth|46/100
|move|p1a: Conquest|Moonblast|p2a: Iron Moth
|-resisted|p2a: Iron Moth
|-damage|p2a: Iron Moth|34/100
|
|-heal|p1a: Conquest|66/100|[from] item: Leftovers
|upkeep
|turn|18
|
|t:|1758980042
|switch|p1a: Doc Seismic|Araquanid, F, shiny|27/100
|move|p2a: Iron Moth|Fiery Dance|p1a: Doc Seismic
|-damage|p1a: Doc Seismic|7/100
|-boost|p2a: Iron Moth|spa|1
|
|upkeep
|turn|19
|-enditem|p1a: Doc Seismic|Custap Berry|[eat]
|-activate|p1a: Doc Seismic|item: Custap Berry|[consumed]
|
|t:|1758980045
|move|p1a: Doc Seismic|Liquidation|p2a: Iron Moth
|-supereffective|p2a: Iron Moth
|-damage|p2a: Iron Moth|0 fnt
|faint|p2a: Iron Moth
|-end|p2a: Iron Moth|Quark Drive|[silent]
|
|upkeep
|c| larp legion|amazing
|
|t:|1758980051
|switch|p2a: Zamazenta|Zamazenta|66/100
|turn|20
|inactive|LT124YH Ghoul has 120 seconds left.
|l| dsvdv
|
|t:|1758980065
|move|p2a: Zamazenta|Body Press|p1a: Doc Seismic
|-resisted|p1a: Doc Seismic
|-damage|p1a: Doc Seismic|0 fnt
|faint|p1a: Doc Seismic
|
|-heal|p2a: Zamazenta|72/100|[from] item: Leftovers
|upkeep
|
|t:|1758980067
|switch|p1a: Conquest|Enamorus, F|66/100
|turn|21
|
|t:|1758980076
|move|p2a: Zamazenta|Crunch|p1a: Conquest
|-resisted|p1a: Conquest
|-damage|p1a: Conquest|49/100
|move|p1a: Conquest|Moonblast|p2a: Zamazenta
|-supereffective|p2a: Zamazenta
|-damage|p2a: Zamazenta|0 fnt
|faint|p2a: Zamazenta
|
|-heal|p1a: Conquest|55/100|[from] item: Leftovers
|upkeep
|
|t:|1758980080
|switch|p2a: Clefable|Clefable, F|100/100
|turn|22
|
|t:|1758980089
|switch|p1a: Robot|Gholdengo|32/100
|move|p2a: Clefable|Cosmic Power|p2a: Clefable
|-boost|p2a: Clefable|def|1
|-boost|p2a: Clefable|spd|1
|
|upkeep
|turn|23
|
|t:|1758980093
|switch|p2a: Gliscor|Gliscor, M|100/100
|move|p1a: Robot|Make It Rain|p2a: Gliscor
|-damage|p2a: Gliscor|54/100
|-unboost|p1a: Robot|spa|1
|
|-status|p2a: Gliscor|tox|[from] item: Toxic Orb
|upkeep
|turn|24
|inactive|LT124YH Ghoul has 120 seconds left.
|
|t:|1758980128
|switch|p1a: Conquest|Enamorus, F|55/100
|move|p2a: Gliscor|Toxic|p1a: Conquest
|-status|p1a: Conquest|tox
|
|-heal|p1a: Conquest|61/100 tox|[from] item: Leftovers
|-damage|p1a: Conquest|55/100 tox|[from] psn
|-heal|p2a: Gliscor|67/100 tox|[from] ability: Poison Heal
|upkeep
|turn|25
|inactive|LT124YH Ghoul has 120 seconds left.
|
|t:|1758980142
|move|p2a: Gliscor|Protect|p2a: Gliscor
|-singleturn|p2a: Gliscor|Protect
|move|p1a: Conquest|Moonblast|p2a: Gliscor
|-activate|p2a: Gliscor|move: Protect
|
|-heal|p1a: Conquest|61/100 tox|[from] item: Leftovers
|-damage|p1a: Conquest|49/100 tox|[from] psn
|-heal|p2a: Gliscor|79/100 tox|[from] ability: Poison Heal
|upkeep
|turn|26
|
|t:|1758980146
|move|p1a: Conquest|Moonblast|p2a: Gliscor
|-damage|p2a: Gliscor|43/100 tox
|move|p2a: Gliscor|Knock Off|p1a: Conquest
|-resisted|p1a: Conquest
|-damage|p1a: Conquest|31/100 tox
|-enditem|p1a: Conquest|Leftovers|[from] move: Knock Off|[of] p2a: Gliscor
|
|-damage|p1a: Conquest|13/100 tox|[from] psn
|-heal|p2a: Gliscor|55/100 tox|[from] ability: Poison Heal
|upkeep
|turn|27
|
|t:|1758980154
|move|p2a: Gliscor|Protect|p2a: Gliscor
|-singleturn|p2a: Gliscor|Protect
|move|p1a: Conquest|Moonblast|p2a: Gliscor
|-activate|p2a: Gliscor|move: Protect
|
|-damage|p1a: Conquest|0 fnt|[from] psn
|faint|p1a: Conquest
|-heal|p2a: Gliscor|67/100 tox|[from] ability: Poison Heal
|upkeep
|
|t:|1758980162
|switch|p1a: Atom Eve|Iron Valiant|100/100
|-enditem|p1a: Atom Eve|Booster Energy
|-activate|p1a: Atom Eve|ability: Quark Drive|[fromitem]
|-start|p1a: Atom Eve|quarkdrivespa
|turn|28
|
|t:|1758980180
|move|p1a: Atom Eve|Moonblast|p2a: Gliscor
|-damage|p2a: Gliscor|14/100 tox
|move|p2a: Gliscor|Toxic|p1a: Atom Eve
|-status|p1a: Atom Eve|tox
|
|-damage|p1a: Atom Eve|94/100 tox|[from] psn
|-heal|p2a: Gliscor|26/100 tox|[from] ability: Poison Heal
|upkeep
|turn|29
|
|t:|1758980196
|move|p1a: Atom Eve|Moonblast|p2a: Gliscor
|-damage|p2a: Gliscor|0 fnt
|faint|p2a: Gliscor
|
|-damage|p1a: Atom Eve|82/100 tox|[from] psn
|upkeep
|
|t:|1758980198
|switch|p2a: Clefable|Clefable, F|100/100
|turn|30
|
|t:|1758980201
|-end|p1a: Atom Eve|Quark Drive|[silent]
|switch|p1a: Robot|Gholdengo|32/100
|-terastallize|p2a: Clefable|Steel
|move|p2a: Clefable|Cosmic Power|p2a: Clefable
|-boost|p2a: Clefable|def|1
|-boost|p2a: Clefable|spd|1
|
|upkeep
|turn|31
|l| stanley garden
|j| jrjddjdjdj
|inactive|LT124YH Ghoul has 120 seconds left.
|j| nesnot
|j| dsvdv
|inactive|LT124YH Ghoul has 90 seconds left.
|
|t:|1758980263
|move|p1a: Robot|Recover|p1a: Robot
|-heal|p1a: Robot|82/100
|move|p2a: Clefable|Cosmic Power|p2a: Clefable
|-boost|p2a: Clefable|def|1
|-boost|p2a: Clefable|spd|1
|
|upkeep
|turn|32
|inactive|LT124YH Ghoul has 90 seconds left.
|inactive|LT124YH Ghoul has 60 seconds left.
|c| Light SV|you should get banned for playing cosmic clef at 1960
|c| Heatranator|so true
|
|t:|1758980333
|switch|p1a: Invincible|Great Tusk|100/100
|-enditem|p1a: Invincible|Booster Energy
|-activate|p1a: Invincible|ability: Protosynthesis|[fromitem]
|-start|p1a: Invincible|protosynthesisspe
|move|p2a: Clefable|Cosmic Power|p2a: Clefable
|-boost|p2a: Clefable|def|1
|-boost|p2a: Clefable|spd|1
|
|upkeep
|turn|33
|inactive|LT124YH Ghoul has 30 seconds left.
|
|t:|1758980355
|move|p1a: Invincible|Knock Off|p2a: Clefable
|-damage|p2a: Clefable|91/100
|-enditem|p2a: Clefable|Heavy-Duty Boots|[from] move: Knock Off|[of] p1a: Invincible
|move|p2a: Clefable|Moonblast|p1a: Invincible
|-supereffective|p1a: Invincible
|-damage|p1a: Invincible|23/100
|-unboost|p1a: Invincible|spa|1
|
|upkeep
|turn|34
|inactive|LT124YH Ghoul has 30 seconds left.
|
|t:|1758980367
|move|p1a: Invincible|Headlong Rush|p2a: Clefable
|-supereffective|p2a: Clefable
|-damage|p2a: Clefable|61/100
|-unboost|p1a: Invincible|def|1
|-unboost|p1a: Invincible|spd|1
|move|p2a: Clefable|Moonblast|p1a: Invincible
|-supereffective|p1a: Invincible
|-damage|p1a: Invincible|0 fnt
|faint|p1a: Invincible
|-end|p1a: Invincible|Protosynthesis|[silent]
|
|upkeep
|c| larp legion|how u gonna run boots
|inactive|LT124YH Ghoul has 30 seconds left.
|c| larp legion|fries in the bag
|j| iamadoofus
|inactive|LT124YH Ghoul has 20 seconds left.
|inactive|LT124YH Ghoul has 15 seconds left.
|
|t:|1758980388
|switch|p1a: Atom Eve|Iron Valiant|82/100 tox
|turn|35
|inactive|LT124YH Ghoul has 25 seconds left this turn.
|
|t:|1758980391
|move|p1a: Atom Eve|Thunderbolt|p2a: Clefable
|-damage|p2a: Clefable|48/100
|move|p2a: Clefable|Moonlight|p2a: Clefable
|-heal|p2a: Clefable|98/100
|
|-damage|p1a: Atom Eve|76/100 tox|[from] psn
|upkeep
|turn|36
|inactive|LT124YH Ghoul has 30 seconds left.
|
|t:|1758980405
|move|p1a: Atom Eve|Thunderbolt|p2a: Clefable
|-damage|p2a: Clefable|85/100
|move|p2a: Clefable|Cosmic Power|p2a: Clefable
|-boost|p2a: Clefable|def|1
|-boost|p2a: Clefable|spd|1
|
|-damage|p1a: Atom Eve|63/100 tox|[from] psn
|upkeep
|turn|37
|
|t:|1758980409
|move|p1a: Atom Eve|Thunderbolt|p2a: Clefable
|-damage|p2a: Clefable|75/100
|move|p2a: Clefable|Cosmic Power|p2a: Clefable
|-boost|p2a: Clefable|def|1
|-boost|p2a: Clefable|spd|1
|
|-damage|p1a: Atom Eve|44/100 tox|[from] psn
|upkeep
|turn|38
|l| nesnot
|
|t:|1758980416
|move|p1a: Atom Eve|Moonblast|p2a: Clefable
|-resisted|p2a: Clefable
|-damage|p2a: Clefable|68/100
|move|p2a: Clefable|Cosmic Power|p2a: Clefable
|-boost|p2a: Clefable|def|1
|-boost|p2a: Clefable|spd|1
|
|-damage|p1a: Atom Eve|20/100 tox|[from] psn
|upkeep
|turn|39
|
|t:|1758980420
|move|p1a: Atom Eve|Thunderbolt|p2a: Clefable
|-crit|p2a: Clefable
|-damage|p2a: Clefable|23/100
|move|p2a: Clefable|Moonlight|p2a: Clefable
|-heal|p2a: Clefable|73/100
|
|-damage|p1a: Atom Eve|0 fnt|[from] psn
|faint|p1a: Atom Eve
|-end|p1a: Atom Eve|Quark Drive|[silent]
|upkeep
|
|t:|1758980438
|switch|p1a: Robot|Gholdengo|82/100
|turn|40
|
|t:|1758980442
|move|p1a: Robot|Shadow Ball|p2a: Clefable
|-damage|p2a: Clefable|64/100
|move|p2a: Clefable|Moonlight|p2a: Clefable
|-heal|p2a: Clefable|100/100
|
|upkeep
|turn|41
|
|t:|1758980446
|move|p1a: Robot|Shadow Ball|p2a: Clefable
|-damage|p2a: Clefable|91/100
|-unboost|p2a: Clefable|spd|1
|move|p2a: Clefable|Charge Beam|p1a: Robot
|-crit|p1a: Robot
|-damage|p1a: Robot|67/100
|-boost|p2a: Clefable|spa|1
|
|upkeep
|turn|42
|inactive|LT124YH Ghoul has 60 seconds left.
|c|☆LT124YH Ghoul|charge beam is crazy
|j| nesnot
|
|t:|1758980479
|move|p1a: Robot|Shadow Ball|p2a: Clefable
|-damage|p2a: Clefable|80/100
|-unboost|p2a: Clefable|spd|1
|move|p2a: Clefable|Cosmic Power|p2a: Clefable
|-boost|p2a: Clefable|def|0
|-boost|p2a: Clefable|spd|1
|
|upkeep
|turn|43
|
|t:|1758980484
|move|p1a: Robot|Shadow Ball|p2a: Clefable
|-damage|p2a: Clefable|69/100
|-unboost|p2a: Clefable|spd|1
|move|p2a: Clefable|Cosmic Power|p2a: Clefable
|-boost|p2a: Clefable|def|0
|-boost|p2a: Clefable|spd|1
|
|upkeep
|turn|44
|j| TheMysteriousBoy
|c| nesnot|Remember, tera needs to be banned
|inactive|LT124YH Ghoul has 30 seconds left.
|inactive|LT124YH Ghoul has 20 seconds left.
|inactive|LT124YH Ghoul has 15 seconds left.
|
|t:|1758980531
|move|p1a: Robot|Shadow Ball|p2a: Clefable
|-damage|p2a: Clefable|58/100
|move|p2a: Clefable|Moonlight|p2a: Clefable
|-heal|p2a: Clefable|100/100
|
|upkeep
|turn|45
|inactive|LT124YH Ghoul has 25 seconds left this turn.
|inactive|LT124YH Ghoul has 20 seconds left.
|
|t:|1758980537
|move|p1a: Robot|Shadow Ball|p2a: Clefable
|-damage|p2a: Clefable|90/100
|move|p2a: Clefable|Cosmic Power|p2a: Clefable
|-boost|p2a: Clefable|def|0
|-boost|p2a: Clefable|spd|1
|
|upkeep
|turn|46
|inactive|LT124YH Ghoul has 30 seconds left this turn.
|
|t:|1758980541
|move|p1a: Robot|Shadow Ball|p2a: Clefable
|-damage|p2a: Clefable|81/100
|move|p2a: Clefable|Charge Beam|p1a: Robot
|-damage|p1a: Robot|51/100
|-boost|p2a: Clefable|spa|1
|
|upkeep
|turn|47
|c| larp legion|we need a crit
|c| nesnot|I dont know how many games need to be ruined pr robbed til the community realizes theyve fucked up:/
|c| larp legion|rn
|
|t:|1758980549
|move|p1a: Robot|Shadow Ball|p2a: Clefable
|-damage|p2a: Clefable|71/100
|-unboost|p2a: Clefable|spd|1
|move|p2a: Clefable|Moonblast|p1a: Robot
|-resisted|p1a: Robot
|-damage|p1a: Robot|23/100
|
|upkeep
|turn|48
|c| Light SV|u just need at least 1 anti noob tech when u climb high
|inactive|LT124YH Ghoul has 30 seconds left.
|inactive|LT124YH Ghoul has 20 seconds left.
|inactive|LT124YH Ghoul has 15 seconds left.
|c| nesnot|Well if tera was banned this wouldn't happen
|
|t:|1758980589
|move|p1a: Robot|Shadow Ball|p2a: Clefable
|-damage|p2a: Clefable|60/100
|move|p2a: Clefable|Cosmic Power|p2a: Clefable
|-boost|p2a: Clefable|def|0
|-boost|p2a: Clefable|spd|1
|
|upkeep
|turn|49
|inactive|LT124YH Ghoul has 25 seconds left this turn.
|inactive|LT124YH Ghoul has 20 seconds left.
|
|t:|1758980596
|move|p1a: Robot|Shadow Ball|p2a: Clefable
|-damage|p2a: Clefable|50/100
|-unboost|p2a: Clefable|spd|1
|move|p2a: Clefable|Moonlight|p2a: Clefable
|-heal|p2a: Clefable|99/100
|
|upkeep
|turn|50
|inactive|LT124YH Ghoul has 30 seconds left this turn.
|
|t:|1758980599
|move|p1a: Robot|Shadow Ball|p2a: Clefable
|-damage|p2a: Clefable|89/100
|move|p2a: Clefable|Moonblast|p1a: Robot
|-resisted|p1a: Robot
|-damage|p1a: Robot|0 fnt
|faint|p1a: Robot
|
|upkeep
|c| Heatranator|bro, nesnot, this same exact shit would prob happen without tera
|
|t:|1758980602
|switch|p1a: Omni-Man|Kingambit, M|84/100
|-activate|p1a: Omni-Man|ability: Supreme Overlord
|-start|p1a: Omni-Man|fallen5|[silent]
|turn|51
|
|t:|1758980608
|move|p1a: Omni-Man|Low Kick|p2a: Clefable
|-supereffective|p2a: Clefable
|-damage|p2a: Clefable|77/100
|move|p2a: Clefable|Moonblast|p1a: Omni-Man
|-damage|p1a: Omni-Man|18/100
|
|upkeep
|turn|52
|
|t:|1758980612
|-terastallize|p1a: Omni-Man|Fighting
|move|p1a: Omni-Man|Low Kick|p2a: Clefable
|-supereffective|p2a: Clefable
|-damage|p2a: Clefable|60/100
|move|p2a: Clefable|Moonblast|p1a: Omni-Man
|-supereffective|p1a: Omni-Man
|-damage|p1a: Omni-Man|0 fnt
|faint|p1a: Omni-Man
|-end|p1a: Omni-Man|fallen5|[silent]
|
|win|ouww miguel o hara
|raw|LT124YH Ghoul's rating: 2015 &rarr; <strong>1992</strong><br />(-23 for losing)
|raw|ouww miguel o hara's rating: 1958 &rarr; <strong>1981</strong><br />(+23 for winning)
|c|☆ouww miguel o hara|gg
|c|☆LT124YH Ghoul|gg
|c| larp legion|bg bro
|l|☆LT124YH Ghoul
|player|p1|
|c| larp legion|look at urself
|l| Heatranator
|l| Light SV
|l| larp legion
|c| nesnot|Oh? Explain how he'd take on make it rain
|l| seiko leich
|l| firecharmander004
|l| cryyysneasel
|l|☆ouww miguel o hara
|player|p2|
|l| cynasaurus
|l| TheMysteriousBoy
