|j|☆pvzh player
|j|☆IamLonny
|t:|1759026682
|gametype|singles
|player|p1|pvzh player|cilan|1098
|player|p2|IamLonny|bruno|1080
|gen|9
|tier|[Gen 9] OU
|rated|
|rule|HP Percentage Mod: HP is shown in percentages
|rule|Endless Battle Clause: Forcing endless battles is banned
|rule|Species Clause: Limit one of each Pokémon
|rule|OHKO Clause: OHKO moves are banned
|rule|Evasion Items Clause: Evasion items are banned
|rule|Evasion Moves Clause: Evasion moves are banned
|rule|Evasion Abilities Clause: Evasion abilities are banned
|rule|Sleep Moves Clause: Sleep-inducing moves are banned
|clearpoke
|poke|p1|Komala, F|
|poke|p1|Coalossal, M|
|poke|p1|Rotom|
|poke|p1|Leavanny, F|
|poke|p1|Toxicroak, F|
|poke|p1|Bruxish, F|
|poke|p2|Galvantula, M|
|poke|p2|Gastrodon, F|
|poke|p2|Komala, F|
|poke|p2|Dusclops, F|
|poke|p2|Mienshao, M|
|poke|p2|Kleavor, M|
|teampreview
|inactive|Battle timer is ON: inactive players will automatically lose when time's up. (requested by pvzh player)
|
|t:|1759026703
|teamsize|p1|6
|teamsize|p2|6
|start
|switch|p1a: Koalis|Komala, F, shiny|100/100
|switch|p2a: Dusclops|Dusclops, F|100/100
|-ability|p1a: Koalis|Comatose
|-ability|p2a: Dusclops|Pressure
|turn|1
|
|t:|1759026712
|move|p1a: Koalis|Knock Off|p2a: Dusclops
|-supereffective|p2a: Dusclops
|-damage|p2a: Dusclops|58/100
|-enditem|p2a: Dusclops|Eviolite|[from] move: Knock Off|[of] p1a: Koalis
|move|p2a: Dusclops|Mean Look|p1a: Koalis
|-activate|p1a: Koalis|trapped
|
|upkeep
|turn|2
|
|t:|1759026722
|move|p1a: Koalis|Knock Off|p2a: Dusclops
|-supereffective|p2a: Dusclops
|-damage|p2a: Dusclops|17/100
|move|p2a: Dusclops|Pain Split|p1a: Koalis
|-sethp|p1a: Koalis|58/100|[from] move: Pain Split|[silent]
|-sethp|p2a: Dusclops|68/100|[from] move: Pain Split
|
|upkeep
|turn|3
|
|t:|1759026729
|move|p1a: Koalis|Knock Off|p2a: Dusclops
|-supereffective|p2a: Dusclops
|-damage|p2a: Dusclops|26/100
|move|p2a: Dusclops|Pain Split|p1a: Koalis
|-sethp|p1a: Koalis|40/100|[from] move: Pain Split|[silent]
|-sethp|p2a: Dusclops|47/100|[from] move: Pain Split
|
|upkeep
|turn|4
|
|t:|1759026742
|move|p1a: Koalis|Body Slam|p2a: Dusclops
|-immune|p2a: Dusclops
|move|p2a: Dusclops|Pain Split|p1a: Koalis
|-sethp|p1a: Koalis|40/100|[from] move: Pain Split|[silent]
|-sethp|p2a: Dusclops|47/100|[from] move: Pain Split
|
|upkeep
|turn|5
|
|t:|1759026754
|switch|p2a: Gastrodon|Gastrodon, F|100/100
|move|p1a: Koalis|Knock Off|p2a: Gastrodon
|-damage|p2a: Gastrodon|65/100
|-activate|p2a: Gastrodon|ability: Sticky Hold
|
|-heal|p2a: Gastrodon|71/100|[from] item: Leftovers
|upkeep
|turn|6
|
|t:|1759026772
|move|p1a: Koalis|Body Slam|p2a: Gastrodon
|-damage|p2a: Gastrodon|19/100
|-status|p2a: Gastrodon|par
|move|p2a: Gastrodon|Earth Power|p1a: Koalis
|-damage|p1a: Koalis|12/100
|
|-heal|p2a: Gastrodon|25/100 par|[from] item: Leftovers
|upkeep
|turn|7
|
|t:|1759026782
|move|p1a: Koalis|Knock Off|p2a: Gastrodon
|-damage|p2a: Gastrodon|0 fnt
|-enditem|p2a: Gastrodon|Leftovers|[from] move: Knock Off|[of] p1a: Koalis
|faint|p2a: Gastrodon
|
|upkeep
|
|t:|1759026789
|switch|p2a: Galvantula|Galvantula, M|100/100
|turn|8
|
|t:|1759026794
|move|p2a: Galvantula|Bug Buzz|p1a: Koalis
|-damage|p1a: Koalis|0 fnt
|faint|p1a: Koalis
|
|upkeep
|
|t:|1759026800
|switch|p1a: Zippyzap|Rotom|100/100
|turn|9
|
|t:|1759026806
|move|p2a: Galvantula|Sticky Web|p1a: Zippyzap
|-sidestart|p1: pvzh player|move: Sticky Web
|move|p1a: Zippyzap|Will-O-Wisp|p2a: Galvantula|[miss]
|-miss|p1a: Zippyzap|p2a: Galvantula
|
|upkeep
|turn|10
|
|t:|1759026814
|move|p2a: Galvantula|Bug Buzz|p1a: Zippyzap
|-resisted|p1a: Zippyzap
|-damage|p1a: Zippyzap|68/100
|move|p1a: Zippyzap|Volt Switch|p2a: Galvantula
|-resisted|p2a: Galvantula
|-damage|p2a: Galvantula|73/100
|
|t:|1759026822
|switch|p1a: Leavanny|Leavanny, F, shiny|100/100|[from] Volt Switch
|-activate|p1a: Leavanny|move: Sticky Web
|-unboost|p1a: Leavanny|spe|1
|-enditem|p1a: Leavanny|Eject Pack
|
|t:|1759026829
|switch|p1a: Krampus|Coalossal, M, shiny|100/100
|-activate|p1a: Krampus|move: Sticky Web
|-unboost|p1a: Krampus|spe|1
|
|upkeep
|turn|11
|
|t:|1759026838
|move|p2a: Galvantula|Energy Ball|p1a: Krampus
|-damage|p1a: Krampus|80/100
|move|p1a: Krampus|Flamethrower|p2a: Galvantula
|-supereffective|p2a: Galvantula
|-damage|p2a: Galvantula|0 fnt
|faint|p2a: Galvantula
|
|upkeep
|
|t:|1759026848
|switch|p2a: Komala|Komala, F|100/100
|-ability|p2a: Komala|Comatose
|turn|12
|
|t:|1759026861
|move|p2a: Komala|Super Fang|p1a: Krampus|[miss]
|-miss|p2a: Komala|p1a: Krampus
|move|p1a: Krampus|Meteor Beam||[still]
|-prepare|p1a: Krampus|Meteor Beam
|-boost|p1a: Krampus|spa|1
|-enditem|p1a: Krampus|Power Herb
|-anim|p1a: Krampus|Meteor Beam|p2a: Komala
|-crit|p2a: Komala
|-damage|p2a: Komala|28/100
|
|upkeep
|turn|13
|
|t:|1759026874
|switch|p2a: Dusclops|Dusclops, F|47/100
|-ability|p2a: Dusclops|Pressure
|move|p1a: Krampus|Flamethrower|p2a: Dusclops
|-damage|p2a: Dusclops|7/100
|
|upkeep
|turn|14
|
|t:|1759026886
|switch|p1a: Zippyzap|Rotom|68/100
|move|p2a: Dusclops|Pain Split|p1a: Zippyzap
|-sethp|p1a: Zippyzap|38/100|[from] move: Pain Split|[silent]
|-sethp|p2a: Dusclops|32/100|[from] move: Pain Split
|
|upkeep
|turn|15
|
|t:|1759026896
|move|p1a: Zippyzap|Will-O-Wisp|p2a: Dusclops
|-status|p2a: Dusclops|brn
|move|p2a: Dusclops|Night Shade|p1a: Zippyzap
|-damage|p1a: Zippyzap|0 fnt
|faint|p1a: Zippyzap
|
|-damage|p2a: Dusclops|26/100 brn|[from] brn
|upkeep
|
|t:|1759026903
|switch|p1a: Leavanny|Leavanny, F, shiny|100/100
|-activate|p1a: Leavanny|move: Sticky Web
|-unboost|p1a: Leavanny|spe|1
|turn|16
|
|t:|1759026910
|move|p1a: Leavanny|Lunge|p2a: Dusclops
|-resisted|p2a: Dusclops
|-damage|p2a: Dusclops|10/100 brn
|-unboost|p2a: Dusclops|atk|1
|move|p2a: Dusclops|Curse|p1a: Leavanny
|-start|p1a: Leavanny|Curse|[of] p2a: Dusclops
|-damage|p2a: Dusclops|0 fnt
|faint|p2a: Dusclops
|
|-damage|p1a: Leavanny|76/100|[from] Curse
|upkeep
|
|t:|1759026924
|switch|p2a: Kleavor|Kleavor, M|100/100
|turn|17
|
|t:|1759026933
|move|p2a: Kleavor|Stone Axe|p1a: Leavanny
|-supereffective|p1a: Leavanny
|-damage|p1a: Leavanny|0 fnt
|-sidestart|p1: pvzh player|move: Stealth Rock
|faint|p1a: Leavanny
|
|upkeep
|
|t:|1759026940
|switch|p1a: Krampus|Coalossal, M, shiny|80/100
|-activate|p1a: Krampus|move: Sticky Web
|-unboost|p1a: Krampus|spe|1
|-damage|p1a: Krampus|55/100|[from] Stealth Rock
|turn|18
|
|t:|1759026946
|switch|p2a: Komala|Komala, F|28/100
|-ability|p2a: Komala|Comatose
|move|p1a: Krampus|Scald|p2a: Komala
|-crit|p2a: Komala
|-damage|p2a: Komala|5/100
|
|upkeep
|turn|19
|
|t:|1759026956
|switch|p1a: Toxicroak|Toxicroak, F|100/100
|-activate|p1a: Toxicroak|move: Sticky Web
|-unboost|p1a: Toxicroak|spe|1
|-damage|p1a: Toxicroak|94/100|[from] Stealth Rock
|move|p2a: Komala|Brick Break|p1a: Toxicroak
|-resisted|p1a: Toxicroak
|-damage|p1a: Toxicroak|72/100
|
|upkeep
|turn|20
|
|t:|1759026975
|move|p1a: Toxicroak|Close Combat|p2a: Komala
|-supereffective|p2a: Komala
|-damage|p2a: Komala|0 fnt
|-unboost|p1a: Toxicroak|def|1
|-unboost|p1a: Toxicroak|spd|1
|faint|p2a: Komala
|-damage|p1a: Toxicroak|62/100|[from] item: Life Orb
|
|upkeep
|
|t:|1759026983
|switch|p2a: Kleavor|Kleavor, M|100/100
|turn|21
|
|t:|1759026989
|move|p1a: Toxicroak|Sucker Punch|p2a: Kleavor
|-damage|p2a: Kleavor|74/100
|-damage|p1a: Toxicroak|53/100|[from] item: Life Orb
|move|p2a: Kleavor|Aerial Ace|p1a: Toxicroak
|-supereffective|p1a: Toxicroak
|-damage|p1a: Toxicroak|0 fnt
|faint|p1a: Toxicroak
|
|upkeep
|
|t:|1759026999
|switch|p1a: Bruxish|Bruxish, F|100/100
|-activate|p1a: Bruxish|move: Sticky Web
|-unboost|p1a: Bruxish|spe|1
|-damage|p1a: Bruxish|88/100|[from] Stealth Rock
|turn|22
|
|t:|1759027004
|-terastallize|p1a: Bruxish|Water
|move|p1a: Bruxish|Aqua Jet|p2a: Kleavor
|-supereffective|p2a: Kleavor
|-damage|p2a: Kleavor|0 fnt
|faint|p2a: Kleavor
|
|upkeep
|
|t:|1759027011
|switch|p2a: Mienshao|Mienshao, M|100/100
|turn|23
|
|t:|1759027015
|-terastallize|p2a: Mienshao|Fairy
|move|p1a: Bruxish|Aqua Jet|p2a: Mienshao
|-damage|p2a: Mienshao|31/100
|move|p2a: Mienshao|Hone Claws|p2a: Mienshao
|-boost|p2a: Mienshao|atk|1
|-boost|p2a: Mienshao|accuracy|1
|
|upkeep
|turn|24
|
|t:|1759027024
|move|p1a: Bruxish|Aqua Jet|p2a: Mienshao
|-damage|p2a: Mienshao|0 fnt
|faint|p2a: Mienshao
|
|win|pvzh player
|raw|pvzh player's rating: 1098 &rarr; <strong>1124</strong><br />(+26 for winning)
|raw|IamLonny's rating: 1102 &rarr; <strong>1077</strong><br />(-25 for losing)
|l|☆IamLonny
|player|p2|
|l|☆pvzh player
|player|p1|
