|j|☆ash5501
|j|☆Arcaniner52
|t:|1759040484
|gametype|singles
|player|p1|ash5501|ethan|1234
|player|p2|Arcaniner52|blue|1234
|gen|9
|tier|[Gen 9] OU
|rated|
|rule|HP Percentage Mod: HP is shown in percentages
|rule|Endless Battle Clause: Forcing endless battles is banned
|rule|Species Clause: Limit one of each Pokémon
|rule|OHKO Clause: OHKO moves are banned
|rule|Evasion Items Clause: Evasion items are banned
|rule|Evasion Moves Clause: Evasion moves are banned
|rule|Evasion Abilities Clause: Evasion abilities are banned
|rule|Sleep Moves Clause: Sleep-inducing moves are banned
|clearpoke
|poke|p1|Greninja-*, M|
|poke|p1|Cinderace, F|
|poke|p1|Serperior, F|
|poke|p1|Persian-Alola, F|
|poke|p1|Scrafty, M|
|poke|p1|Dragapult, M|
|poke|p2|Great Tusk|
|poke|p2|Salamence, M|
|poke|p2|Magnezone|
|poke|p2|Whimsicott, F|
|poke|p2|Ceruledge, M|
|poke|p2|Greninja-*, M|
|teampreview
|inactive|Battle timer is ON: inactive players will automatically lose when time's up. (requested by ash5501)
|
|t:|1759040495
|teamsize|p1|6
|teamsize|p2|6
|start
|switch|p1a: Scrafty|Scrafty, M|100/100
|switch|p2a: Whimsicott|Whimsicott, F|100/100
|turn|1
|
|t:|1759040516
|move|p2a: Whimsicott|U-turn|p1a: Scrafty
|-damage|p1a: Scrafty|88/100
|
|t:|1759040519
|switch|p2a: Salamence|Salamence, M|100/100|[from] U-turn
|-ability|p2a: Salamence|Intimidate|boost
|-unboost|p1a: Scrafty|atk|1
|move|p1a: Scrafty|Poison Jab|p2a: Salamence
|-damage|p2a: Salamence|85/100
|
|upkeep
|turn|2
|
|t:|1759040539
|switch|p1a: Persian|Persian-Alola, F|100/100
|move|p2a: Salamence|Dragon Dance|p2a: Salamence
|-boost|p2a: Salamence|atk|1
|-boost|p2a: Salamence|spe|1
|
|upkeep
|turn|3
|
|t:|1759040549
|move|p2a: Salamence|Dragon Dance|p2a: Salamence
|-boost|p2a: Salamence|atk|1
|-boost|p2a: Salamence|spe|1
|move|p1a: Persian|Thunder Wave|p2a: Salamence
|-status|p2a: Salamence|par
|-enditem|p2a: Salamence|Lum Berry|[eat]
|-curestatus|p2a: Salamence|par|[msg]
|
|upkeep
|turn|4
|
|t:|1759040560
|-terastallize|p2a: Salamence|Flying
|move|p2a: Salamence|Dual Wingbeat|p1a: Persian
|-damage|p1a: Persian|65/100
|-damage|p1a: Persian|28/100
|-hitcount|p1a: Persian|2
|move|p1a: Persian|Play Rough|p2a: Salamence
|-damage|p2a: Salamence|70/100
|
|upkeep
|turn|5
|
|t:|1759040573
|move|p2a: Salamence|Dragon Claw|p1a: Persian
|-damage|p1a: Persian|0 fnt
|faint|p1a: Persian
|
|upkeep
|
|t:|1759040585
|switch|p1a: Greninja|Greninja, M|100/100
|turn|6
|
|t:|1759040590
|move|p2a: Salamence|Dragon Claw|p1a: Greninja
|-enditem|p1a: Greninja|Focus Sash
|-damage|p1a: Greninja|1/100
|move|p1a: Greninja|Ice Beam|p2a: Salamence
|-supereffective|p2a: Salamence
|-damage|p2a: Salamence|5/100
|
|upkeep
|turn|7
|
|t:|1759040600
|move|p1a: Greninja|Water Shuriken|p2a: Salamence
|-damage|p2a: Salamence|0 fnt
|faint|p2a: Salamence
|-ability|p1a: Greninja|Battle Bond|boost
|-boost|p1a: Greninja|atk|1
|-boost|p1a: Greninja|spa|1
|-boost|p1a: Greninja|spe|1
|-activate|p1a: Greninja|ability: Battle Bond
|-hitcount|p2: Salamence|1
|
|upkeep
|
|t:|1759040614
|switch|p2a: Whimsicott|Whimsicott, F|100/100
|turn|8
|inactive|ash5501 has 120 seconds left.
|inactive|ash5501 has 90 seconds left.
|
|t:|1759040683
|move|p2a: Whimsicott|Light Screen|p2a: Whimsicott
|-sidestart|p2: Arcaniner52|move: Light Screen
|move|p1a: Greninja|Ice Beam|p2a: Whimsicott
|-supereffective|p2a: Whimsicott
|-damage|p2a: Whimsicott|40/100
|
|upkeep
|turn|9
|
|t:|1759040689
|move|p1a: Greninja|Ice Beam|p2a: Whimsicott
|-supereffective|p2a: Whimsicott
|-damage|p2a: Whimsicott|0 fnt
|faint|p2a: Whimsicott
|
|upkeep
|
|t:|1759040695
|switch|p2a: Magnezone|Magnezone, shiny|100/100
|turn|10
|
|t:|1759040708
|move|p1a: Greninja|Dark Pulse|p2a: Magnezone
|-damage|p2a: Magnezone|65/100
|move|p2a: Magnezone|Volt Switch|p1a: Greninja
|-supereffective|p1a: Greninja
|-damage|p1a: Greninja|0 fnt
|faint|p1a: Greninja
|
|t:|1759040723
|switch|p2a: Greninja|Greninja, M, shiny|100/100|[from] Volt Switch
|
|upkeep
|
|t:|1759040730
|switch|p1a: Scrafty|Scrafty, M|88/100
|turn|11
|
|t:|1759040737
|move|p2a: Greninja|Surf|p1a: Scrafty
|-start|p2a: Greninja|typechange|Water|[from] ability: Protean
|-damage|p1a: Scrafty|30/100
|-damage|p2a: Greninja|91/100|[from] item: Life Orb
|move|p1a: Scrafty|Dragon Dance|p1a: Scrafty
|-boost|p1a: Scrafty|atk|1
|-boost|p1a: Scrafty|spe|1
|
|upkeep
|turn|12
|inactive|ash5501 has 120 seconds left.
|
|t:|1759040757
|move|p2a: Greninja|Surf|p1a: Scrafty
|-damage|p1a: Scrafty|0 fnt
|faint|p1a: Scrafty
|-damage|p2a: Greninja|81/100|[from] item: Life Orb
|
|upkeep
|inactive|ash5501 has 120 seconds left.
|
|t:|1759040773
|switch|p1a: Serperior|Serperior, F|100/100
|turn|13
|
|t:|1759040785
|move|p2a: Greninja|Ice Beam|p1a: Serperior
|-supereffective|p1a: Serperior
|-damage|p1a: Serperior|31/100
|-status|p1a: Serperior|frz
|-damage|p2a: Greninja|71/100|[from] item: Life Orb
|cant|p1a: Serperior|frz
|
|-heal|p1a: Serperior|37/100 frz|[from] item: Leftovers
|upkeep
|turn|14
|
|t:|1759040795
|move|p2a: Greninja|Dark Pulse|p1a: Serperior
|-damage|p1a: Serperior|8/100 frz
|-damage|p2a: Greninja|62/100|[from] item: Life Orb
|cant|p1a: Serperior|frz
|
|-heal|p1a: Serperior|14/100 frz|[from] item: Leftovers
|upkeep
|turn|15
|
|t:|1759040807
|move|p2a: Greninja|Dark Pulse|p1a: Serperior
|-damage|p1a: Serperior|0 fnt
|faint|p1a: Serperior
|-damage|p2a: Greninja|52/100|[from] item: Life Orb
|
|-sideend|p2: Arcaniner52|move: Light Screen
|upkeep
|
|t:|1759040810
|switch|p1a: Dragapult|Dragapult, M|100/100
|turn|16
|l|☆ash5501
|inactive|ash5501 disconnected and has a minute to reconnect!
|player|p1|
|inactive|ash5501 has 30 seconds to reconnect!
|inactive|ash5501 has 20 seconds to reconnect!
|inactive|ash5501 has 15 seconds to reconnect!
|inactive|ash5501 has 10 seconds to reconnect!
|inactive|ash5501 has 5 seconds to reconnect!
|-message|ash5501 lost due to inactivity.
|
|win|Arcaniner52
|raw|ash5501's rating: 1234 &rarr; <strong>1209</strong><br />(-25 for losing)
|raw|Arcaniner52's rating: 1234 &rarr; <strong>1259</strong><br />(+25 for winning)
|l|☆Arcaniner52
|player|p2|
