|j|☆Ashreturnsingen9
|j|☆3GearsTurning
|t:|1759032105
|gametype|singles
|player|p1|Ashreturnsingen9|lucas|1400
|player|p2|3GearsTurning|cyclist|1487
|gen|9
|tier|[Gen 9] OU
|rated|
|rule|HP Percentage Mod: HP is shown in percentages
|rule|Endless Battle Clause: Forcing endless battles is banned
|rule|Species Clause: Limit one of each Pokémon
|rule|OHKO Clause: OHKO moves are banned
|rule|Evasion Items Clause: Evasion items are banned
|rule|Evasion Moves Clause: Evasion moves are banned
|rule|Evasion Abilities Clause: Evasion abilities are banned
|rule|Sleep Moves Clause: Sleep-inducing moves are banned
|clearpoke
|poke|p1|Charizard, M|
|poke|p1|Venusaur, M|
|poke|p1|Lapras, F|
|poke|p1|Blastoise, F|
|poke|p1|Snorlax, F|
|poke|p1|Clefable, F|
|poke|p2|Empoleon, M|
|poke|p2|Landorus-Therian, M|
|poke|p2|Deoxys-Speed|
|poke|p2|Iron Valiant|
|poke|p2|Polteageist-Antique|
|poke|p2|Ogerpon-Wellspring, F|
|teampreview
|
|t:|1759032121
|teamsize|p1|6
|teamsize|p2|6
|start
|switch|p1a: Lapras|Lapras, F|100/100
|switch|p2a: Deoxys|Deoxys-Speed|100/100
|-ability|p2a: Deoxys|Pressure
|turn|1
|inactive|Battle timer is ON: inactive players will automatically lose when time's up. (requested by Ashreturnsingen9)
|
|t:|1759032130
|move|p2a: Deoxys|Stealth Rock|p1a: Lapras
|-sidestart|p1: Ashreturnsingen9|move: Stealth Rock
|move|p1a: Lapras|Freeze-Dry|p2a: Deoxys
|-damage|p2a: Deoxys|43/100
|-enditem|p2a: Deoxys|Red Card|[of] p1a: Lapras
|drag|p1a: Snorlax|Snorlax, F|100/100
|-damage|p1a: Snorlax|88/100|[from] Stealth Rock
|
|upkeep
|turn|2
|
|t:|1759032137
|move|p2a: Deoxys|Knock Off|p1a: Snorlax
|-damage|p1a: Snorlax|67/100
|-enditem|p1a: Snorlax|Custap Berry|[from] move: Knock Off|[of] p2a: Deoxys
|move|p1a: Snorlax|Body Slam|p2a: Deoxys
|-damage|p2a: Deoxys|1/100
|
|upkeep
|turn|3
|
|t:|1759032145
|move|p2a: Deoxys|Psycho Boost|p1a: Snorlax
|-damage|p1a: Snorlax|41/100
|-unboost|p2a: Deoxys|spa|2
|move|p1a: Snorlax|Earthquake|p2a: Deoxys
|-damage|p2a: Deoxys|0 fnt
|faint|p2a: Deoxys
|
|upkeep
|
|t:|1759032156
|switch|p2a: Polteageist|Polteageist-Antique|100/100
|turn|4
|
|t:|1759032159
|move|p2a: Polteageist|Shell Smash|p2a: Polteageist
|-unboost|p2a: Polteageist|def|1
|-unboost|p2a: Polteageist|spd|1
|-boost|p2a: Polteageist|atk|2
|-boost|p2a: Polteageist|spa|2
|-boost|p2a: Polteageist|spe|2
|-enditem|p2a: Polteageist|White Herb
|-clearnegativeboost|p2a: Polteageist|[silent]
|move|p1a: Snorlax|Heat Crash|p2a: Polteageist
|-damage|p2a: Polteageist|27/100
|-ability|p2a: Polteageist|Weak Armor|boost
|-unboost|p2a: Polteageist|def|1
|-boost|p2a: Polteageist|spe|2
|
|upkeep
|turn|5
|
|t:|1759032169
|move|p2a: Polteageist|Stored Power|p1a: Snorlax
|-damage|p1a: Snorlax|0 fnt
|faint|p1a: Snorlax
|
|upkeep
|
|t:|1759032171
|switch|p1a: Clefable|Clefable, F|100/100
|-damage|p1a: Clefable|88/100|[from] Stealth Rock
|turn|6
|
|t:|1759032174
|move|p2a: Polteageist|Stored Power|p1a: Clefable
|-damage|p1a: Clefable|27/100
|move|p1a: Clefable|Moonblast|p2a: Polteageist
|-damage|p2a: Polteageist|0 fnt
|faint|p2a: Polteageist
|
|-heal|p1a: Clefable|33/100|[from] item: Leftovers
|upkeep
|
|t:|1759032183
|switch|p2a: Iron Valiant|Iron Valiant|100/100
|turn|7
|
|t:|1759032186
|move|p2a: Iron Valiant|Moonblast|p1a: Clefable
|-damage|p1a: Clefable|0 fnt
|faint|p1a: Clefable
|
|upkeep
|
|t:|1759032192
|switch|p1a: Venusaur|Venusaur, M|100/100
|-damage|p1a: Venusaur|88/100|[from] Stealth Rock
|turn|8
|
|t:|1759032203
|-end|p2a: Iron Valiant|Quark Drive|[silent]
|switch|p2a: Landorus|Landorus-Therian, M|100/100
|-ability|p2a: Landorus|Intimidate|boost
|-unboost|p1a: Venusaur|atk|1
|move|p1a: Venusaur|Sunny Day|p1a: Venusaur
|-weather|SunnyDay
|
|-weather|SunnyDay|[upkeep]
|upkeep
|turn|9
|
|t:|1759032222
|-terastallize|p2a: Landorus|Flying
|move|p1a: Venusaur|Weather Ball|p2a: Landorus
|-damage|p2a: Landorus|60/100
|move|p2a: Landorus|Tera Blast|p1a: Venusaur|[anim] Tera Blast Flying
|-supereffective|p1a: Venusaur
|-damage|p1a: Venusaur|0 fnt
|faint|p1a: Venusaur
|
|-weather|SunnyDay|[upkeep]
|upkeep
|
|t:|1759032232
|switch|p1a: Charizard|Charizard, M|100/100
|-damage|p1a: Charizard|51/100|[from] Stealth Rock
|turn|10
|inactive|3GearsTurning has 120 seconds left.
|inactive|3GearsTurning has 90 seconds left.
|
|t:|1759032298
|move|p1a: Charizard|Flamethrower|p2a: Landorus
|-damage|p2a: Landorus|0 fnt
|faint|p2a: Landorus
|
|-weather|SunnyDay|[upkeep]
|-damage|p1a: Charizard|38/100|[from] ability: Solar Power|[of] p1a: Charizard
|upkeep
|inactive|3GearsTurning has 60 seconds left.
|
|t:|1759032339
|switch|p2a: Ogerpon|Ogerpon-Wellspring, F|100/100
|turn|11
|
|t:|1759032347
|-terastallize|p1a: Charizard|Fire
|move|p1a: Charizard|Flamethrower|p2a: Ogerpon
|-damage|p2a: Ogerpon|0 fnt
|faint|p2a: Ogerpon
|
|-weather|SunnyDay|[upkeep]
|-damage|p1a: Charizard|26/100|[from] ability: Solar Power|[of] p1a: Charizard
|upkeep
|
|t:|1759032367
|switch|p2a: Iron Valiant|Iron Valiant|100/100
|turn|12
|
|t:|1759032374
|move|p2a: Iron Valiant|Thunderbolt|p1a: Charizard
|-damage|p1a: Charizard|0 fnt
|faint|p1a: Charizard
|
|-weather|SunnyDay|[upkeep]
|upkeep
|
|t:|1759032403
|switch|p1a: Blastoise|Blastoise, F|100/100
|-damage|p1a: Blastoise|88/100|[from] Stealth Rock
|turn|13
|
|t:|1759032405
|move|p2a: Iron Valiant|Thunderbolt|p1a: Blastoise
|-supereffective|p1a: Blastoise
|-damage|p1a: Blastoise|18/100
|move|p1a: Blastoise|Ice Beam|p2a: Iron Valiant
|-damage|p2a: Iron Valiant|53/100
|
|-weather|SunnyDay|[upkeep]
|upkeep
|turn|14
|
|t:|1759032408
|move|p2a: Iron Valiant|Thunderbolt|p1a: Blastoise
|-supereffective|p1a: Blastoise
|-damage|p1a: Blastoise|0 fnt
|faint|p1a: Blastoise
|
|-weather|SunnyDay|[upkeep]
|upkeep
|
|t:|1759032409
|switch|p1a: Lapras|Lapras, F|100/100
|-damage|p1a: Lapras|76/100|[from] Stealth Rock
|turn|15
|
|t:|1759032417
|-end|p2a: Iron Valiant|Quark Drive|[silent]
|switch|p2a: Empoleon|Empoleon, M|100/100
|move|p1a: Lapras|Freeze-Dry|p2a: Empoleon
|-damage|p2a: Empoleon|51/100
|
|-weather|none
|upkeep
|turn|16
|
|t:|1759032423
|move|p2a: Empoleon|Metal Sound|p1a: Lapras
|-unboost|p1a: Lapras|spd|2
|-enditem|p2a: Empoleon|Throat Spray
|-boost|p2a: Empoleon|spa|1|[from] item: Throat Spray
|move|p1a: Lapras|Freeze-Dry|p2a: Empoleon
|-damage|p2a: Empoleon|0 fnt
|faint|p2a: Empoleon
|
|upkeep
|
|t:|1759032425
|switch|p2a: Iron Valiant|Iron Valiant|53/100
|turn|17
|
|t:|1759032427
|move|p2a: Iron Valiant|Thunderbolt|p1a: Lapras
|-supereffective|p1a: Lapras
|-damage|p1a: Lapras|0 fnt
|faint|p1a: Lapras
|
|win|3GearsTurning
|raw|Ashreturnsingen9's rating: 1400 &rarr; <strong>1385</strong><br />(-15 for losing)
|raw|3GearsTurning's rating: 1487 &rarr; <strong>1502</strong><br />(+15 for winning)
|l|☆3GearsTurning
|player|p2|
