|badge|p2|bronze|gen9ou|100-6
|html|<div class="broadcast-red"><strong>This battle is required to be public due to one or more player having a season medal.</strong><br />During the public phase, you can discuss the state of the ladder <a href="/seasondiscussion">in a special chatroom.</a></div>
|uhtml|medal-msg|<div class="broadcast-blue">Curious what those medals under the avatar are? PS now has Ladder Seasons! For more information, check out the <a href="https://www.smogon.com/forums/threads/3740067/">thread on Smogon.</a></div>
|raw|<div class="broadcast-blue"><strong>This battle is required to be public due to a player having a name starting with 'medal'.</div>
|j|‽latisalti
|j|☆ADM02
|t:|1758968502
|gametype|singles
|player|p1|latisalti|265|1734
|player|p2|ADM02|101|1832
|gen|9
|tier|[Gen 9] OU
|rated|
|rule|HP Percentage Mod: HP is shown in percentages
|rule|Endless Battle Clause: Forcing endless battles is banned
|rule|Species Clause: Limit one of each Pokémon
|rule|OHKO Clause: OHKO moves are banned
|rule|Evasion Items Clause: Evasion items are banned
|rule|Evasion Moves Clause: Evasion moves are banned
|rule|Evasion Abilities Clause: Evasion abilities are banned
|rule|Sleep Moves Clause: Sleep-inducing moves are banned
|clearpoke
|poke|p1|Ninetales, F|
|poke|p1|Hatterene, F|
|poke|p1|Raging Bolt|
|poke|p1|Slither Wing|
|poke|p1|Iron Valiant|
|poke|p1|Walking Wake|
|poke|p2|Cinderace, F|
|poke|p2|Clefable, M|
|poke|p2|Salamence, M|
|poke|p2|Dragonite, F|
|poke|p2|Hoopa-Unbound|
|poke|p2|Clodsire, F|
|teampreview
|j| Rizzofreko
|j| tabata toxapex
|inactive|Battle timer is ON: inactive players will automatically lose when time's up. (requested by latisalti)
|
|t:|1758968542
|teamsize|p1|6
|teamsize|p2|6
|start
|switch|p1a: Ninetales|Ninetales, F|100/100
|switch|p2a: Hoopa|Hoopa-Unbound|100/100
|-weather|SunnyDay|[from] ability: Drought|[of] p1a: Ninetales
|turn|1
|j| cryyysneasel
|
|t:|1758968566
|move|p1a: Ninetales|Will-O-Wisp|p2a: Hoopa
|-status|p2a: Hoopa|brn
|move|p2a: Hoopa|Knock Off|p1a: Ninetales
|-damage|p1a: Ninetales|67/100
|-enditem|p1a: Ninetales|Heat Rock|[from] move: Knock Off|[of] p2a: Hoopa
|
|-weather|SunnyDay|[upkeep]
|-damage|p2a: Hoopa|94/100 brn|[from] brn
|upkeep
|turn|2
|
|t:|1758968573
|switch|p1a: Slither Wing|Slither Wing|100/100
|-activate|p1a: Slither Wing|ability: Protosynthesis
|-start|p1a: Slither Wing|protosynthesisatk
|move|p2a: Hoopa|Knock Off|p1a: Slither Wing
|-resisted|p1a: Slither Wing
|-damage|p1a: Slither Wing|86/100
|-enditem|p1a: Slither Wing|Assault Vest|[from] move: Knock Off|[of] p2a: Hoopa
|
|-weather|SunnyDay|[upkeep]
|-damage|p2a: Hoopa|88/100 brn|[from] brn
|upkeep
|turn|3
|j| larp legion
|
|t:|1758968583
|switch|p2a: Salamence|Salamence, M|100/100
|-ability|p2a: Salamence|Intimidate|boost
|-unboost|p1a: Slither Wing|atk|1
|move|p1a: Slither Wing|U-turn|p2a: Salamence
|-resisted|p2a: Salamence
|-damage|p2a: Salamence|88/100
|j| wgw2333
|inactive|latisalti has 120 seconds left.
|l| Rizzofreko
|
|t:|1758968619
|-end|p1a: Slither Wing|Protosynthesis|[silent]
|switch|p1a: Walking Wake|Walking Wake|100/100|[from] U-turn
|-activate|p1a: Walking Wake|ability: Protosynthesis
|-start|p1a: Walking Wake|protosynthesisspe
|
|-weather|SunnyDay|[upkeep]
|upkeep
|turn|4
|inactive|latisalti has 120 seconds left.
|
|t:|1758968630
|switch|p2a: Clefable|Clefable, M|100/100
|move|p1a: Walking Wake|Draco Meteor|p2a: Clefable
|-immune|p2a: Clefable
|
|-weather|SunnyDay|[upkeep]
|upkeep
|turn|5
|
|t:|1758968642
|-end|p1a: Walking Wake|Protosynthesis|[silent]
|switch|p1a: Hatterene|Hatterene, F|100/100
|move|p2a: Clefable|Moonblast|p1a: Hatterene
|-damage|p1a: Hatterene|67/100
|-enditem|p1a: Hatterene|Eject Button
|
|t:|1758968648
|switch|p1a: Raging Bolt|Raging Bolt|100/100
|-activate|p1a: Raging Bolt|ability: Protosynthesis
|-start|p1a: Raging Bolt|protosynthesisspa
|
|-weather|SunnyDay|[upkeep]
|upkeep
|turn|6
|l| larp legion
|
|t:|1758968656
|move|p2a: Clefable|Protect|p2a: Clefable
|-singleturn|p2a: Clefable|Protect
|move|p1a: Raging Bolt|Weather Ball|p2a: Clefable
|-activate|p2a: Clefable|move: Protect
|
|-weather|SunnyDay|[upkeep]
|upkeep
|turn|7
|j| Whrlzwind
|l| Whrlzwind
|inactive|ADM02 has 120 seconds left.
|
|t:|1758968687
|switch|p2a: Hoopa|Hoopa-Unbound|88/100 brn
|move|p1a: Raging Bolt|Weather Ball|p2a: Hoopa
|-damage|p2a: Hoopa|50/100 brn
|-damage|p1a: Raging Bolt|91/100|[from] item: Life Orb
|
|-weather|SunnyDay|[upkeep]
|-damage|p2a: Hoopa|44/100 brn|[from] brn
|upkeep
|turn|8
|inactive|ADM02 has 120 seconds left.
|
|t:|1758968709
|-end|p1a: Raging Bolt|Protosynthesis|[silent]
|switch|p1a: Slither Wing|Slither Wing|86/100
|-activate|p1a: Slither Wing|ability: Protosynthesis
|-start|p1a: Slither Wing|protosynthesisatk
|move|p2a: Hoopa|Psychic Noise|p1a: Slither Wing
|-supereffective|p1a: Slither Wing
|-damage|p1a: Slither Wing|3/100
|-start|p1a: Slither Wing|move: Heal Block
|
|-weather|none
|-end|p1a: Slither Wing|Protosynthesis
|-damage|p2a: Hoopa|38/100 brn|[from] brn
|upkeep
|turn|9
|inactive|ADM02 has 120 seconds left.
|
|t:|1758968721
|switch|p2a: Clodsire|Clodsire, F|100/100
|move|p1a: Slither Wing|U-turn|p2a: Clodsire
|-resisted|p2a: Clodsire
|-damage|p2a: Clodsire|86/100
|-damage|p1a: Slither Wing|0 fnt|[from] item: Rocky Helmet|[of] p2a: Clodsire
|faint|p1a: Slither Wing
|-end|p1a: Slither Wing|Protosynthesis|[silent]
|
|upkeep
|
|t:|1758968732
|switch|p1a: Walking Wake|Walking Wake|100/100
|turn|10
|inactive|ADM02 has 120 seconds left.
|
|t:|1758968743
|move|p1a: Walking Wake|Flip Turn|p2a: Clodsire
|-heal|p2a: Clodsire|100/100|[from] ability: Water Absorb|[of] p1a: Walking Wake
|move|p2a: Clodsire|Toxic|p1a: Walking Wake
|-status|p1a: Walking Wake|tox
|
|-damage|p1a: Walking Wake|94/100 tox|[from] psn
|upkeep
|turn|11
|
|t:|1758968750
|-end|p1a: Walking Wake|Protosynthesis|[silent]
|switch|p1a: Ninetales|Ninetales, F|67/100
|-weather|SunnyDay|[from] ability: Drought|[of] p1a: Ninetales
|move|p2a: Clodsire|Earthquake|p1a: Ninetales
|-supereffective|p1a: Ninetales
|-damage|p1a: Ninetales|0 fnt
|faint|p1a: Ninetales
|
|-weather|SunnyDay|[upkeep]
|upkeep
|
|t:|1758968758
|switch|p1a: Raging Bolt|Raging Bolt|91/100
|-activate|p1a: Raging Bolt|ability: Protosynthesis
|-start|p1a: Raging Bolt|protosynthesisspa
|turn|12
|inactive|ADM02 has 120 seconds left.
|j| amimec
|
|t:|1758968793
|switch|p2a: Hoopa|Hoopa-Unbound|38/100 brn
|move|p1a: Raging Bolt|Weather Ball|p2a: Hoopa
|-damage|p2a: Hoopa|0 fnt
|faint|p2a: Hoopa
|-damage|p1a: Raging Bolt|81/100|[from] item: Life Orb
|
|-weather|SunnyDay|[upkeep]
|upkeep
|l| cryyysneasel
|inactive|ADM02 has 90 seconds left.
|
|t:|1758968816
|switch|p2a: Clefable|Clefable, M|100/100
|turn|13
|
|t:|1758968821
|move|p2a: Clefable|Protect|p2a: Clefable
|-singleturn|p2a: Clefable|Protect
|move|p1a: Raging Bolt|Weather Ball|p2a: Clefable
|-activate|p2a: Clefable|move: Protect
|
|-weather|SunnyDay|[upkeep]
|upkeep
|turn|14
|
|t:|1758968828
|move|p1a: Raging Bolt|Weather Ball|p2a: Clefable
|-damage|p2a: Clefable|20/100
|-damage|p1a: Raging Bolt|71/100|[from] item: Life Orb
|move|p2a: Clefable|Moonblast|p1a: Raging Bolt
|-supereffective|p1a: Raging Bolt
|-damage|p1a: Raging Bolt|8/100
|
|-weather|SunnyDay|[upkeep]
|-heal|p2a: Clefable|26/100|[from] item: Leftovers
|upkeep
|turn|15
|
|t:|1758968837
|move|p2a: Clefable|Protect|p2a: Clefable
|-singleturn|p2a: Clefable|Protect
|move|p1a: Raging Bolt|Weather Ball|p2a: Clefable
|-activate|p2a: Clefable|move: Protect
|
|-weather|none
|-end|p1a: Raging Bolt|Protosynthesis
|-heal|p2a: Clefable|32/100|[from] item: Leftovers
|upkeep
|turn|16
|
|t:|1758968843
|switch|p2a: Salamence|Salamence, M|88/100
|-ability|p2a: Salamence|Intimidate|boost
|-unboost|p1a: Raging Bolt|atk|1
|move|p1a: Raging Bolt|Thunderclap||[still]
|-fail|p1a: Raging Bolt
|
|upkeep
|turn|17
|inactive|ADM02 has 120 seconds left.
|
|t:|1758968856
|move|p1a: Raging Bolt|Dragon Pulse|p2a: Salamence
|-supereffective|p2a: Salamence
|-damage|p2a: Salamence|0 fnt
|faint|p2a: Salamence
|-damage|p1a: Raging Bolt|0 fnt|[from] item: Life Orb
|faint|p1a: Raging Bolt
|-end|p1a: Raging Bolt|Protosynthesis|[silent]
|
|upkeep
|inactive|ADM02 has 120 seconds left.
|
|t:|1758968868
|switch|p1a: Hatterene|Hatterene, F|67/100
|switch|p2a: Clefable|Clefable, M|32/100
|turn|18
|inactive|ADM02 has 120 seconds left.
|
|t:|1758968880
|move|p2a: Clefable|Protect|p2a: Clefable
|-singleturn|p2a: Clefable|Protect
|move|p1a: Hatterene|Trick Room|p1a: Hatterene
|-fieldstart|move: Trick Room|[of] p1a: Hatterene
|
|-heal|p2a: Clefable|38/100|[from] item: Leftovers
|upkeep
|turn|19
|inactive|ADM02 has 120 seconds left.
|
|t:|1758968892
|move|p1a: Hatterene|Calm Mind|p1a: Hatterene
|-boost|p1a: Hatterene|spa|1
|-boost|p1a: Hatterene|spd|1
|move|p2a: Clefable|Moonblast|p1a: Hatterene
|-damage|p1a: Hatterene|44/100
|
|-heal|p2a: Clefable|44/100|[from] item: Leftovers
|upkeep
|turn|20
|
|t:|1758968906
|move|p2a: Clefable|Protect|p2a: Clefable
|-singleturn|p2a: Clefable|Protect
|move|p1a: Hatterene|Calm Mind|p1a: Hatterene
|-boost|p1a: Hatterene|spa|1
|-boost|p1a: Hatterene|spd|1
|
|-heal|p2a: Clefable|50/100|[from] item: Leftovers
|upkeep
|turn|21
|
|t:|1758968912
|switch|p2a: Cinderace|Cinderace, F|100/100
|move|p1a: Hatterene|Draining Kiss|p2a: Cinderace
|-resisted|p2a: Cinderace
|-damage|p2a: Cinderace|71/100
|-heal|p1a: Hatterene|65/100|[from] drain|[of] p2a: Cinderace
|
|upkeep
|turn|22
|
|t:|1758968923
|move|p2a: Cinderace|Sucker Punch|p1a: Hatterene
|-damage|p1a: Hatterene|47/100
|move|p1a: Hatterene|Draining Kiss|p2a: Cinderace
|-resisted|p2a: Cinderace
|-damage|p2a: Cinderace|37/100
|-heal|p1a: Hatterene|71/100|[from] drain|[of] p2a: Cinderace
|
|-fieldend|move: Trick Room
|upkeep
|turn|23
|
|t:|1758968929
|move|p2a: Cinderace|Pyro Ball|p1a: Hatterene
|-damage|p1a: Hatterene|21/100
|move|p1a: Hatterene|Trick Room|p1a: Hatterene
|-fieldstart|move: Trick Room|[of] p1a: Hatterene
|
|upkeep
|turn|24
|
|t:|1758968940
|move|p1a: Hatterene|Draining Kiss|p2a: Cinderace
|-resisted|p2a: Cinderace
|-damage|p2a: Cinderace|7/100
|-heal|p1a: Hatterene|42/100|[from] drain|[of] p2a: Cinderace
|move|p2a: Cinderace|Pyro Ball|p1a: Hatterene
|-crit|p1a: Hatterene
|-damage|p1a: Hatterene|0 fnt
|faint|p1a: Hatterene
|
|upkeep
|
|t:|1758968956
|switch|p1a: Walking Wake|Walking Wake|94/100 tox
|turn|25
|
|t:|1758968970
|move|p2a: Cinderace|Sucker Punch|p1a: Walking Wake
|-damage|p1a: Walking Wake|72/100 tox
|move|p1a: Walking Wake|Hydro Steam|p2a: Cinderace
|-supereffective|p2a: Cinderace
|-damage|p2a: Cinderace|0 fnt
|faint|p2a: Cinderace
|
|-damage|p1a: Walking Wake|65/100 tox|[from] psn
|upkeep
|
|t:|1758968975
|switch|p2a: Clodsire|Clodsire, F|100/100
|turn|26
|
|t:|1758968982
|move|p2a: Clodsire|Earthquake|p1a: Walking Wake
|-damage|p1a: Walking Wake|36/100 tox
|move|p1a: Walking Wake|Hydro Steam|p2a: Clodsire
|-immune|p2a: Clodsire|[from] ability: Water Absorb
|
|-damage|p1a: Walking Wake|23/100 tox|[from] psn
|upkeep
|turn|27
|
|t:|1758968993
|-end|p1a: Walking Wake|Protosynthesis|[silent]
|switch|p1a: Iron Valiant|Iron Valiant|100/100
|-enditem|p1a: Iron Valiant|Booster Energy
|-activate|p1a: Iron Valiant|ability: Quark Drive|[fromitem]
|-start|p1a: Iron Valiant|quarkdrivespe
|move|p2a: Clodsire|Stealth Rock|p1a: Iron Valiant
|-sidestart|p1: latisalti|move: Stealth Rock
|
|-fieldend|move: Trick Room
|upkeep
|turn|28
|
|t:|1758968997
|switch|p2a: Clefable|Clefable, M|50/100
|move|p1a: Iron Valiant|Knock Off|p2a: Clefable
|-resisted|p2a: Clefable
|-damage|p2a: Clefable|37/100
|-enditem|p2a: Clefable|Leftovers|[from] move: Knock Off|[of] p1a: Iron Valiant
|
|upkeep
|turn|29
|
|t:|1758969002
|move|p1a: Iron Valiant|Moonblast|p2a: Clefable
|-damage|p2a: Clefable|3/100
|move|p2a: Clefable|Moonblast|p1a: Iron Valiant
|-supereffective|p1a: Iron Valiant
|-damage|p1a: Iron Valiant|0 fnt
|faint|p1a: Iron Valiant
|-end|p1a: Iron Valiant|Quark Drive|[silent]
|
|upkeep
|-message|latisalti forfeited.
|
|win|ADM02
|raw|latisalti's rating: 1734 &rarr; <strong>1719</strong><br />(-15 for losing)
|raw|ADM02's rating: 1832 &rarr; <strong>1847</strong><br />(+15 for winning)
|l|‽latisalti
|player|p1|
|l|☆ADM02
|player|p2|
