|j|☆Tyrtle li
|j|☆master ball rus
|t:|1758946530
|gametype|singles
|player|p1|Tyrtle li|266|1637
|player|p2|master ball rus|swimmer-gen4|1585
|gen|9
|tier|[Gen 9] OU
|rated|
|rule|HP Percentage Mod: HP is shown in percentages
|rule|Endless Battle Clause: Forcing endless battles is banned
|rule|Species Clause: Limit one of each Pokémon
|rule|OHKO Clause: OHKO moves are banned
|rule|Evasion Items Clause: Evasion items are banned
|rule|Evasion Moves Clause: Evasion moves are banned
|rule|Evasion Abilities Clause: Evasion abilities are banned
|rule|Sleep Moves Clause: Sleep-inducing moves are banned
|clearpoke
|poke|p1|Landorus-Therian, M|
|poke|p1|Samurott-Hisui, F|
|poke|p1|Pecharunt|
|poke|p1|Scizor, F|
|poke|p1|Latios, M|
|poke|p1|Zamazenta-*|
|poke|p2|Gholdengo|
|poke|p2|Zamazenta-*|
|poke|p2|Ting-Lu|
|poke|p2|Clefable, F|
|poke|p2|Dragonite, M|
|poke|p2|Deoxys-Speed|
|teampreview
|inactive|Battle timer is ON: inactive players will automatically lose when time's up. (requested by Tyrtle li)
|
|t:|1758946541
|teamsize|p1|6
|teamsize|p2|6
|start
|switch|p1a: Samurott|Samurott-Hisui, F|100/100
|switch|p2a: Ting-Lu|Ting-Lu|100/100
|-ability|p2a: Ting-Lu|Vessel of Ruin
|turn|1
|
|t:|1758946549
|switch|p2a: Clefable|Clefable, F|100/100
|move|p1a: Samurott|Razor Shell|p2a: Clefable
|-damage|p2a: Clefable|55/100
|-damage|p1a: Samurott|84/100|[from] item: Rocky Helmet|[of] p2a: Clefable
|
|upkeep
|turn|2
|
|t:|1758946560
|switch|p1a: Landorus|Landorus-Therian, M|100/100
|-ability|p1a: Landorus|Intimidate|boost
|-unboost|p2a: Clefable|atk|1
|move|p2a: Clefable|Moonblast|p1a: Landorus
|-damage|p1a: Landorus|66/100
|
|upkeep
|turn|3
|
|t:|1758946565
|move|p1a: Landorus|Earthquake|p2a: Clefable
|-damage|p2a: Clefable|19/100
|move|p2a: Clefable|Stealth Rock|p1a: Landorus
|-sidestart|p1: Tyrtle li|move: Stealth Rock
|
|upkeep
|turn|4
|inactive|master ball rus has 120 seconds left.
|
|t:|1758946597
|switch|p2a: Zamazenta|Zamazenta|100/100
|-ability|p2a: Zamazenta|Dauntless Shield|boost
|-boost|p2a: Zamazenta|def|1
|move|p1a: Landorus|Earthquake|p2a: Zamazenta
|-damage|p2a: Zamazenta|71/100
|
|upkeep
|turn|5
|
|t:|1758946603
|switch|p1a: Pecharunt|Pecharunt|100/100
|move|p2a: Zamazenta|Crunch|p1a: Pecharunt
|-supereffective|p1a: Pecharunt
|-damage|p1a: Pecharunt|68/100
|
|upkeep
|turn|6
|
|t:|1758946609
|switch|p2a: Ting-Lu|Ting-Lu|100/100
|-ability|p2a: Ting-Lu|Vessel of Ruin
|move|p1a: Pecharunt|Recover|p1a: Pecharunt
|-heal|p1a: Pecharunt|100/100
|
|upkeep
|turn|7
|
|t:|1758946615
|move|p1a: Pecharunt|Malignant Chain|p2a: Ting-Lu
|-resisted|p2a: Ting-Lu
|-damage|p2a: Ting-Lu|94/100
|-status|p2a: Ting-Lu|tox
|-start|p2a: Ting-Lu|confusion|[from] ability: Poison Puppeteer|[of] p1a: Pecharunt
|-activate|p2a: Ting-Lu|confusion
|move|p2a: Ting-Lu|Ruination|p1a: Pecharunt|[miss]
|-miss|p2a: Ting-Lu|p1a: Pecharunt
|
|-heal|p2a: Ting-Lu|99/100 tox|[from] item: Leftovers
|-damage|p2a: Ting-Lu|94/100 tox|[from] psn
|upkeep
|turn|8
|
|t:|1758946620
|move|p1a: Pecharunt|Parting Shot|p2a: Ting-Lu
|-unboost|p2a: Ting-Lu|atk|1
|-unboost|p2a: Ting-Lu|spa|1
|
|t:|1758946622
|switch|p1a: Samurott|Samurott-Hisui, F|84/100|[from] Parting Shot
|-damage|p1a: Samurott|72/100|[from] Stealth Rock
|-activate|p2a: Ting-Lu|confusion
|-damage|p2a: Ting-Lu|90/100 tox|[from] confusion
|
|-heal|p2a: Ting-Lu|96/100 tox|[from] item: Leftovers
|-damage|p2a: Ting-Lu|84/100 tox|[from] psn
|upkeep
|turn|9
|
|t:|1758946628
|switch|p2a: Clefable|Clefable, F|19/100
|move|p1a: Samurott|Ceaseless Edge|p2a: Clefable
|-resisted|p2a: Clefable
|-damage|p2a: Clefable|0 fnt
|-damage|p1a: Samurott|55/100|[from] item: Rocky Helmet|[of] p2a: Clefable
|-sidestart|p2: master ball rus|Spikes
|faint|p2a: Clefable
|
|upkeep
|
|t:|1758946635
|switch|p2a: Zamazenta|Zamazenta|71/100
|turn|10
|
|t:|1758946638
|switch|p1a: Pecharunt|Pecharunt|100/100
|move|p2a: Zamazenta|Crunch|p1a: Pecharunt
|-supereffective|p1a: Pecharunt
|-damage|p1a: Pecharunt|68/100
|
|upkeep
|turn|11
|
|t:|1758946642
|move|p2a: Zamazenta|Crunch|p1a: Pecharunt
|-supereffective|p1a: Pecharunt
|-damage|p1a: Pecharunt|34/100
|move|p1a: Pecharunt|Recover|p1a: Pecharunt
|-heal|p1a: Pecharunt|84/100
|
|upkeep
|turn|12
|
|t:|1758946646
|switch|p2a: Gholdengo|Gholdengo|100/100
|-item|p2a: Gholdengo|Air Balloon
|move|p1a: Pecharunt|Parting Shot|p2a: Gholdengo
|-immune|p2a: Gholdengo|[from] ability: Good as Gold
|
|upkeep
|turn|13
|
|t:|1758946654
|switch|p1a: Samurott|Samurott-Hisui, F|55/100
|-damage|p1a: Samurott|43/100|[from] Stealth Rock
|move|p2a: Gholdengo|Make It Rain|p1a: Samurott
|-resisted|p1a: Samurott
|-damage|p1a: Samurott|16/100
|-unboost|p2a: Gholdengo|spa|1
|
|upkeep
|turn|14
|
|t:|1758946664
|switch|p2a: Zamazenta|Zamazenta|71/100
|move|p1a: Samurott|Knock Off|p2a: Zamazenta
|-resisted|p2a: Zamazenta
|-damage|p2a: Zamazenta|51/100
|-enditem|p2a: Zamazenta|Heavy-Duty Boots|[from] move: Knock Off|[of] p1a: Samurott
|
|upkeep
|turn|15
|
|t:|1758946669
|move|p1a: Samurott|Aqua Jet|p2a: Zamazenta
|-damage|p2a: Zamazenta|33/100
|move|p2a: Zamazenta|Crunch|p1a: Samurott
|-resisted|p1a: Samurott
|-damage|p1a: Samurott|0 fnt
|faint|p1a: Samurott
|
|upkeep
|
|t:|1758946679
|switch|p1a: Landorus|Landorus-Therian, M|66/100
|-damage|p1a: Landorus|54/100|[from] Stealth Rock
|-ability|p1a: Landorus|Intimidate|boost
|-unboost|p2a: Zamazenta|atk|1
|turn|16
|
|t:|1758946689
|move|p2a: Zamazenta|Ice Fang|p1a: Landorus|[miss]
|-miss|p2a: Zamazenta|p1a: Landorus
|move|p1a: Landorus|Earthquake|p2a: Zamazenta
|-damage|p2a: Zamazenta|0 fnt
|faint|p2a: Zamazenta
|
|upkeep
|
|t:|1758946698
|switch|p2a: Deoxys|Deoxys-Speed|100/100
|-ability|p2a: Deoxys|Pressure
|turn|17
|
|t:|1758946703
|switch|p1a: Scizor|Scizor, F|100/100
|move|p2a: Deoxys|Nasty Plot|p2a: Deoxys
|-boost|p2a: Deoxys|spa|2
|
|upkeep
|turn|18
|
|t:|1758946720
|-terastallize|p2a: Deoxys|Electric
|move|p2a: Deoxys|Thunderbolt|p1a: Scizor
|-damage|p1a: Scizor|0 fnt
|faint|p1a: Scizor
|
|upkeep
|
|t:|1758946726
|switch|p1a: Latios|Latios, M|100/100
|-damage|p1a: Latios|88/100|[from] Stealth Rock
|turn|19
|
|t:|1758946729
|move|p2a: Deoxys|Ice Beam|p1a: Latios
|-supereffective|p1a: Latios
|-damage|p1a: Latios|0 fnt
|faint|p1a: Latios
|
|upkeep
|
|t:|1758946742
|switch|p1a: Zamazenta|Zamazenta|100/100
|-damage|p1a: Zamazenta|94/100|[from] Stealth Rock
|-ability|p1a: Zamazenta|Dauntless Shield|boost
|-boost|p1a: Zamazenta|def|1
|turn|20
|
|t:|1758946765
|-terastallize|p1a: Zamazenta|Fire
|move|p2a: Deoxys|Psycho Boost|p1a: Zamazenta|[miss]
|-miss|p2a: Deoxys|p1a: Zamazenta
|move|p1a: Zamazenta|Body Press|p2a: Deoxys
|-damage|p2a: Deoxys|12/100
|
|-heal|p1a: Zamazenta|100/100|[from] item: Leftovers
|upkeep
|turn|21
|
|t:|1758946771
|switch|p2a: Gholdengo|Gholdengo|100/100
|-item|p2a: Gholdengo|Air Balloon
|move|p1a: Zamazenta|Body Press|p2a: Gholdengo
|-immune|p2a: Gholdengo
|
|upkeep
|turn|22
|
|t:|1758946777
|switch|p1a: Landorus|Landorus-Therian, M|54/100
|-damage|p1a: Landorus|41/100|[from] Stealth Rock
|-ability|p1a: Landorus|Intimidate|boost
|-unboost|p2a: Gholdengo|atk|1
|move|p2a: Gholdengo|Shadow Ball|p1a: Landorus
|-damage|p1a: Landorus|1/100
|
|upkeep
|turn|23
|
|t:|1758946785
|switch|p2a: Ting-Lu|Ting-Lu|84/100 tox
|-damage|p2a: Ting-Lu|72/100 tox|[from] Spikes
|-ability|p2a: Ting-Lu|Vessel of Ruin
|move|p1a: Landorus|Smack Down|p2a: Ting-Lu
|-resisted|p2a: Ting-Lu
|-damage|p2a: Ting-Lu|67/100 tox
|
|-heal|p2a: Ting-Lu|73/100 tox|[from] item: Leftovers
|-damage|p2a: Ting-Lu|67/100 tox|[from] psn
|upkeep
|turn|24
|
|t:|1758946791
|move|p1a: Landorus|Earthquake|p2a: Ting-Lu
|-damage|p2a: Ting-Lu|40/100 tox
|move|p2a: Ting-Lu|Spikes|p1a: Landorus
|-sidestart|p1: Tyrtle li|Spikes
|
|-heal|p2a: Ting-Lu|46/100 tox|[from] item: Leftovers
|-damage|p2a: Ting-Lu|34/100 tox|[from] psn
|upkeep
|turn|25
|
|t:|1758946796
|move|p1a: Landorus|Earthquake|p2a: Ting-Lu
|-damage|p2a: Ting-Lu|7/100 tox
|move|p2a: Ting-Lu|Whirlwind|p1a: Landorus
|drag|p1a: Zamazenta|Zamazenta, tera:Fire|100/100
|-damage|p1a: Zamazenta|75/100|[from] Stealth Rock
|-damage|p1a: Zamazenta|63/100|[from] Spikes
|
|-heal|p1a: Zamazenta|69/100|[from] item: Leftovers
|-heal|p2a: Ting-Lu|13/100 tox|[from] item: Leftovers
|-damage|p2a: Ting-Lu|0 fnt|[from] psn
|faint|p2a: Ting-Lu
|upkeep
|
|t:|1758946800
|switch|p2a: Dragonite|Dragonite, M|100/100
|turn|26
|
|t:|1758946802
|move|p1a: Zamazenta|Iron Defense|p1a: Zamazenta
|-boost|p1a: Zamazenta|def|2
|move|p2a: Dragonite|Earthquake|p1a: Zamazenta
|-supereffective|p1a: Zamazenta
|-damage|p1a: Zamazenta|43/100
|
|-heal|p1a: Zamazenta|49/100|[from] item: Leftovers
|upkeep
|turn|27
|
|t:|1758946804
|move|p1a: Zamazenta|Roar|p2a: Dragonite
|drag|p2a: Gholdengo|Gholdengo|100/100
|-item|p2a: Gholdengo|Air Balloon
|
|-heal|p1a: Zamazenta|55/100|[from] item: Leftovers
|upkeep
|turn|28
|
|t:|1758946808
|move|p1a: Zamazenta|Crunch|p2a: Gholdengo
|-supereffective|p2a: Gholdengo
|-damage|p2a: Gholdengo|67/100
|-enditem|p2a: Gholdengo|Air Balloon
|move|p2a: Gholdengo|Shadow Ball|p1a: Zamazenta
|-damage|p1a: Zamazenta|25/100
|-unboost|p1a: Zamazenta|spd|1
|
|-heal|p1a: Zamazenta|31/100|[from] item: Leftovers
|upkeep
|turn|29
|
|t:|1758946823
|move|p1a: Zamazenta|Crunch|p2a: Gholdengo
|-supereffective|p2a: Gholdengo
|-damage|p2a: Gholdengo|35/100
|move|p2a: Gholdengo|Shadow Ball|p1a: Zamazenta
|-damage|p1a: Zamazenta|0 fnt
|faint|p1a: Zamazenta
|
|upkeep
|
|t:|1758946825
|switch|p1a: Pecharunt|Pecharunt|84/100
|turn|30
|
|t:|1758946831
|move|p1a: Pecharunt|Shadow Ball|p2a: Gholdengo
|-supereffective|p2a: Gholdengo
|-damage|p2a: Gholdengo|0 fnt
|faint|p2a: Gholdengo
|
|upkeep
|
|t:|1758946834
|switch|p2a: Deoxys|Deoxys-Speed, tera:Electric|12/100
|-ability|p2a: Deoxys|Pressure
|turn|31
|
|t:|1758946837
|move|p2a: Deoxys|Psycho Boost|p1a: Pecharunt
|-supereffective|p1a: Pecharunt
|-damage|p1a: Pecharunt|0 fnt
|-unboost|p2a: Deoxys|spa|2
|faint|p1a: Pecharunt
|
|upkeep
|
|t:|1758946840
|switch|p1a: Landorus|Landorus-Therian, M|1/100
|-damage|p1a: Landorus|0 fnt|[from] Stealth Rock
|faint|p1a: Landorus
|
|win|master ball rus
|raw|Tyrtle li's rating: 1637 &rarr; <strong>1614</strong><br />(-23 for losing)
|raw|master ball rus's rating: 1585 &rarr; <strong>1608</strong><br />(+23 for winning)
|l|☆Tyrtle li
|player|p1|
|l|☆master ball rus
|player|p2|
