|j|☆zuoxi_QAQ
|j|☆Omari P
|t:|1758938584
|gametype|singles
|player|p1|zuoxi_QAQ|iono|1544
|player|p2|Omari P|pokemonrangerf|1535
|gen|9
|tier|[Gen 9] OU
|rated|
|rule|HP Percentage Mod: HP is shown in percentages
|rule|Endless Battle Clause: Forcing endless battles is banned
|rule|Species Clause: Limit one of each Pokémon
|rule|OHKO Clause: OHKO moves are banned
|rule|Evasion Items Clause: Evasion items are banned
|rule|Evasion Moves Clause: Evasion moves are banned
|rule|Evasion Abilities Clause: Evasion abilities are banned
|rule|Sleep Moves Clause: Sleep-inducing moves are banned
|clearpoke
|poke|p1|Inteleon, M|
|poke|p1|Zapdos|
|poke|p1|Iron Crown|
|poke|p1|Ting-Lu|
|poke|p1|Ogerpon-Wellspring, F|
|poke|p1|Great Tusk|
|poke|p2|Cinderace, M|
|poke|p2|Volcanion|
|poke|p2|Torkoal, M|
|poke|p2|Mandibuzz, F|
|poke|p2|Great Tusk|
|poke|p2|Fezandipiti, M|
|teampreview
|inactive|Battle timer is ON: inactive players will automatically lose when time's up. (requested by Omari P)
|
|t:|1758938593
|teamsize|p1|6
|teamsize|p2|6
|start
|switch|p1a: Inteleon|Inteleon, M|100/100
|switch|p2a: Cinderace|Cinderace, M|100/100
|turn|1
|inactive|Omari P has 120 seconds left.
|
|t:|1758938631
|switch|p2a: Volcanion|Volcanion|100/100
|move|p1a: Inteleon|U-turn|p2a: Volcanion
|-resisted|p2a: Volcanion
|-damage|p2a: Volcanion|94/100
|
|t:|1758938640
|switch|p1a: Zapdos|Zapdos|100/100|[from] U-turn
|
|upkeep
|turn|2
|
|t:|1758938648
|-terastallize|p2a: Volcanion|Ground
|move|p1a: Zapdos|Volt Switch|p2a: Volcanion
|-immune|p2a: Volcanion
|move|p2a: Volcanion|Fire Blast|p1a: Zapdos
|-damage|p1a: Zapdos|12/100
|
|upkeep
|turn|3
|
|t:|1758938664
|move|p1a: Zapdos|Roost|p1a: Zapdos
|-heal|p1a: Zapdos|63/100
|-singleturn|p1a: Zapdos|move: Roost
|move|p2a: Volcanion|Fire Blast|p1a: Zapdos
|-damage|p1a: Zapdos|0 fnt
|faint|p1a: Zapdos
|
|upkeep
|
|t:|1758938677
|switch|p1a: Ogerpon|Ogerpon-Wellspring, F|100/100
|turn|4
|
|t:|1758938698
|switch|p2a: Omari P Bird|Mandibuzz, F, shiny|100/100
|-terastallize|p1a: Ogerpon|Water
|detailschange|p1a: Ogerpon|Ogerpon-Wellspring-Tera, F, tera:Water
|-ability|p1a: Ogerpon|Embody Aspect (Wellspring)|boost
|-boost|p1a: Ogerpon|spd|1
|move|p1a: Ogerpon|Swords Dance|p1a: Ogerpon
|-boost|p1a: Ogerpon|atk|2
|
|upkeep
|turn|5
|
|t:|1758938707
|move|p1a: Ogerpon|Ivy Cudgel|p2a: Omari P Bird|[anim] Ivy Cudgel Water
|-damage|p2a: Omari P Bird|5/100
|move|p2a: Omari P Bird|Foul Play|p1a: Ogerpon
|-damage|p1a: Ogerpon|0 fnt
|faint|p1a: Ogerpon
|detailschange|p1: Ogerpon|Ogerpon-Wellspring, F|[silent]
|
|upkeep
|
|t:|1758938714
|switch|p1a: Inteleon|Inteleon, M|100/100
|turn|6
|inactive|Omari P has 120 seconds left.
|
|t:|1758938746
|switch|p2a: Torkoal|Torkoal, M, shiny|100/100
|-weather|SunnyDay|[from] ability: Drought|[of] p2a: Torkoal
|move|p1a: Inteleon|Ice Beam|p2a: Torkoal
|-resisted|p2a: Torkoal
|-damage|p2a: Torkoal|81/100
|
|-weather|SunnyDay|[upkeep]
|upkeep
|turn|7
|
|t:|1758938752
|move|p1a: Inteleon|Snipe Shot|p2a: Torkoal
|-supereffective|p2a: Torkoal
|-crit|p2a: Torkoal
|-damage|p2a: Torkoal|0 fnt
|faint|p2a: Torkoal
|
|-weather|SunnyDay|[upkeep]
|upkeep
|
|t:|1758938754
|switch|p2a: Haku|Great Tusk, shiny|100/100
|-activate|p2a: Haku|ability: Protosynthesis
|-start|p2a: Haku|protosynthesisatk
|turn|8
|
|t:|1758938758
|move|p2a: Haku|Headlong Rush|p1a: Inteleon
|-damage|p1a: Inteleon|0 fnt
|-unboost|p2a: Haku|def|1
|-unboost|p2a: Haku|spd|1
|faint|p1a: Inteleon
|
|-weather|SunnyDay|[upkeep]
|upkeep
|
|t:|1758938766
|switch|p1a: Great Tusk|Great Tusk|100/100
|-activate|p1a: Great Tusk|ability: Protosynthesis
|-start|p1a: Great Tusk|protosynthesisatk
|turn|9
|
|t:|1758938772
|move|p2a: Haku|Headlong Rush|p1a: Great Tusk
|-damage|p1a: Great Tusk|36/100
|-unboost|p2a: Haku|def|1
|-unboost|p2a: Haku|spd|1
|move|p1a: Great Tusk|Rapid Spin|p2a: Haku
|-damage|p2a: Haku|68/100
|-boost|p1a: Great Tusk|spe|1
|
|-weather|SunnyDay|[upkeep]
|upkeep
|turn|10
|
|t:|1758938777
|-end|p2a: Haku|Protosynthesis|[silent]
|switch|p2a: Omari P Bird|Mandibuzz, F, shiny|5/100
|move|p1a: Great Tusk|Headlong Rush|p2a: Omari P Bird
|-immune|p2a: Omari P Bird
|
|-weather|SunnyDay|[upkeep]
|upkeep
|turn|11
|
|t:|1758938780
|move|p1a: Great Tusk|Rapid Spin|p2a: Omari P Bird
|-damage|p2a: Omari P Bird|0 fnt
|-boost|p1a: Great Tusk|spe|1
|-damage|p1a: Great Tusk|19/100|[from] item: Rocky Helmet|[of] p2a: Omari P Bird
|faint|p2a: Omari P Bird
|
|-weather|SunnyDay|[upkeep]
|upkeep
|
|t:|1758938784
|switch|p2a: Haku|Great Tusk, shiny|68/100
|-activate|p2a: Haku|ability: Protosynthesis
|-start|p2a: Haku|protosynthesisatk
|turn|12
|
|t:|1758938787
|move|p1a: Great Tusk|Headlong Rush|p2a: Haku
|-damage|p2a: Haku|13/100
|-unboost|p1a: Great Tusk|def|1
|-unboost|p1a: Great Tusk|spd|1
|move|p2a: Haku|Headlong Rush|p1a: Great Tusk
|-damage|p1a: Great Tusk|0 fnt
|-unboost|p2a: Haku|def|1
|-unboost|p2a: Haku|spd|1
|faint|p1a: Great Tusk
|-end|p1a: Great Tusk|Protosynthesis|[silent]
|
|-weather|SunnyDay|[upkeep]
|upkeep
|-message|zuoxi_QAQ forfeited.
|
|win|Omari P
|raw|zuoxi_QAQ's rating: 1544 &rarr; <strong>1525</strong><br />(-19 for losing)
|raw|Omari P's rating: 1557 &rarr; <strong>1576</strong><br />(+19 for winning)
|l|☆zuoxi_QAQ
|player|p1|
