|j|☆Cynthiaforgen9
|j|☆1211zoro
|t:|1758919739
|gametype|singles
|player|p1|Cynthiaforgen9|2|1141
|player|p2|1211zoro|170|1138
|gen|9
|tier|[Gen 9] OU
|rated|
|rule|HP Percentage Mod: HP is shown in percentages
|rule|Endless Battle Clause: Forcing endless battles is banned
|rule|Species Clause: Limit one of each Pokémon
|rule|OHKO Clause: OHKO moves are banned
|rule|Evasion Items Clause: Evasion items are banned
|rule|Evasion Moves Clause: Evasion moves are banned
|rule|Evasion Abilities Clause: Evasion abilities are banned
|rule|Sleep Moves Clause: Sleep-inducing moves are banned
|clearpoke
|poke|p1|Gholdengo|
|poke|p1|Iron Valiant|
|poke|p1|Slowking-Galar, F|
|poke|p1|Ogerpon-Wellspring, F|
|poke|p1|Ting-Lu|
|poke|p1|Great Tusk|
|poke|p2|Glimmora, M|
|poke|p2|Nosepass, L1, M|
|poke|p2|Registeel|
|poke|p2|Corviknight, F|
|poke|p2|Dragapult, F|
|poke|p2|Gliscor, F|
|teampreview
|inactive|Battle timer is ON: inactive players will automatically lose when time's up. (requested by Cynthiaforgen9)
|
|t:|1758919764
|teamsize|p1|6
|teamsize|p2|6
|start
|switch|p1a: Ting-Lu|Ting-Lu|100/100
|switch|p2a: Registeel|Registeel|100/100
|-ability|p1a: Ting-Lu|Vessel of Ruin
|turn|1
|
|t:|1758919774
|move|p2a: Registeel|Iron Defense|p2a: Registeel
|-boost|p2a: Registeel|def|2
|move|p1a: Ting-Lu|Stealth Rock|p2a: Registeel
|-sidestart|p2: 1211zoro|move: Stealth Rock
|
|upkeep
|turn|2
|
|t:|1758919780
|move|p2a: Registeel|Iron Defense|p2a: Registeel
|-boost|p2a: Registeel|def|2
|move|p1a: Ting-Lu|Ruination|p2a: Registeel
|-damage|p2a: Registeel|50/100
|
|upkeep
|turn|3
|
|t:|1758919793
|move|p2a: Registeel|Iron Defense|p2a: Registeel
|-boost|p2a: Registeel|def|2
|move|p1a: Ting-Lu|Whirlwind|p2a: Registeel
|drag|p2a: Nosepass|Nosepass, L1, M|100/100
|
|upkeep
|turn|4
|
|t:|1758919805
|move|p1a: Ting-Lu|Ruination|p2a: Nosepass
|-damage|p2a: Nosepass|55/100
|move|p2a: Nosepass|Pain Split|p1a: Ting-Lu
|-sethp|p1a: Ting-Lu|51/100|[from] move: Pain Split|[silent]
|-sethp|p2a: Nosepass|100/100|[from] move: Pain Split
|
|-heal|p1a: Ting-Lu|57/100|[from] item: Leftovers
|upkeep
|turn|5
|
|t:|1758919816
|switch|p1a: Gholdengo|Gholdengo|100/100
|-item|p1a: Gholdengo|Air Balloon
|move|p2a: Nosepass|Pain Split|p1a: Gholdengo
|-immune|p1a: Gholdengo|[from] ability: Good as Gold
|
|upkeep
|turn|6
|
|t:|1758919832
|switch|p2a: Dragapult|Dragapult, F|100/100
|-damage|p2a: Dragapult|88/100|[from] Stealth Rock
|move|p1a: Gholdengo|Shadow Ball|p2a: Dragapult
|-supereffective|p2a: Dragapult
|-damage|p2a: Dragapult|0 fnt
|faint|p2a: Dragapult
|
|upkeep
|
|t:|1758919850
|switch|p2a: Corviknight|Corviknight, F|100/100
|-damage|p2a: Corviknight|88/100|[from] Stealth Rock
|-ability|p2a: Corviknight|Pressure
|turn|7
|
|t:|1758919857
|move|p1a: Gholdengo|Nasty Plot|p1a: Gholdengo
|-boost|p1a: Gholdengo|spa|2
|move|p2a: Corviknight|Defog|p1a: Gholdengo
|-immune|p1a: Gholdengo|[from] ability: Good as Gold
|
|upkeep
|turn|8
|
|t:|1758919876
|switch|p2a: Registeel|Registeel|50/100
|-damage|p2a: Registeel|44/100|[from] Stealth Rock
|move|p1a: Gholdengo|Shadow Ball|p2a: Registeel
|-damage|p2a: Registeel|0 fnt
|faint|p2a: Registeel
|
|upkeep
|-message|1211zoro forfeited.
|
|win|Cynthiaforgen9
|raw|Cynthiaforgen9's rating: 1141 &rarr; <strong>1166</strong><br />(+25 for winning)
|raw|1211zoro's rating: 1138 &rarr; <strong>1113</strong><br />(-25 for losing)
|l|☆1211zoro
|player|p2|
|l|☆Cynthiaforgen9
|player|p1|
