|j|☆a calm mind
|j|☆hungrymane
|t:|1758934164
|gametype|singles
|player|p1|a calm mind|unknownf|1744
|player|p2|hungrymane|169|1818
|gen|9
|tier|[Gen 9] OU
|rated|
|rule|HP Percentage Mod: HP is shown in percentages
|rule|Endless Battle Clause: Forcing endless battles is banned
|rule|Species Clause: Limit one of each Pokémon
|rule|OHKO Clause: OHKO moves are banned
|rule|Evasion Items Clause: Evasion items are banned
|rule|Evasion Moves Clause: Evasion moves are banned
|rule|Evasion Abilities Clause: Evasion abilities are banned
|rule|Sleep Moves Clause: Sleep-inducing moves are banned
|clearpoke
|poke|p1|Iron Valiant|
|poke|p1|Squawkabilly, F|
|poke|p1|Zoroark, F|
|poke|p1|Great Tusk|
|poke|p1|Cinderace, M|
|poke|p1|Empoleon, F|
|poke|p2|Kommo-o, F|
|poke|p2|Gliscor, F|
|poke|p2|Cinderace, F|
|poke|p2|Araquanid, F|
|poke|p2|Great Tusk|
|poke|p2|Rillaboom, M|
|teampreview
|
|t:|1758934202
|teamsize|p1|6
|teamsize|p2|6
|start
|switch|p1a: squawk tua|Squawkabilly, F|100/100
|switch|p2a: Great Tusk|Great Tusk|100/100
|-ability|p1a: squawk tua|Intimidate|boost
|-unboost|p2a: Great Tusk|atk|1
|turn|1
|
|t:|1758934204
|move|p1a: squawk tua|Final Gambit|p2a: Great Tusk
|-damage|p2a: Great Tusk|12/100
|faint|p1a: squawk tua
|move|p2a: Great Tusk|Stealth Rock|p1: squawk tua
|-sidestart|p1: a calm mind|move: Stealth Rock
|
|upkeep
|
|t:|1758934215
|switch|p1a: Great Tusk|Great Tusk|100/100
|-damage|p1a: Great Tusk|98/100|[from] Stealth Rock
|turn|2
|
|t:|1758934217
|-end|p2a: Great Tusk|Protosynthesis|[silent]
|switch|p2a: Gliscor|Gliscor, F|100/100
|move|p1a: Great Tusk|Rapid Spin|p2a: Gliscor
|-damage|p2a: Gliscor|90/100
|-boost|p1a: Great Tusk|spe|1
|-sideend|p1: a calm mind|Stealth Rock|[from] move: Rapid Spin|[of] p1a: Great Tusk
|
|-status|p2a: Gliscor|tox|[from] item: Toxic Orb
|upkeep
|turn|3
|
|t:|1758934219
|move|p1a: Great Tusk|Ice Spinner|p2a: Gliscor
|-supereffective|p2a: Gliscor
|-damage|p2a: Gliscor|23/100 tox
|move|p2a: Gliscor|Counter|p1a: Great Tusk
|-damage|p1a: Great Tusk|0 fnt
|faint|p1a: Great Tusk
|-end|p1a: Great Tusk|Protosynthesis|[silent]
|
|-heal|p2a: Gliscor|36/100 tox|[from] ability: Poison Heal
|upkeep
|
|t:|1758934241
|switch|p1a: Empoleon|Empoleon, F|100/100
|turn|4
|
|t:|1758934251
|switch|p2a: Rillaboom|Rillaboom, M|100/100
|-fieldstart|move: Grassy Terrain|[from] ability: Grassy Surge|[of] p2a: Rillaboom
|move|p1a: Empoleon|Agility|p1a: Empoleon
|-boost|p1a: Empoleon|spe|2
|
|upkeep
|turn|5
|
|t:|1758934257
|move|p1a: Empoleon|Ice Beam|p2a: Rillaboom
|-supereffective|p2a: Rillaboom
|-damage|p2a: Rillaboom|29/100
|move|p2a: Rillaboom|High Horsepower|p1a: Empoleon
|-supereffective|p1a: Empoleon
|-damage|p1a: Empoleon|20/100
|-enditem|p1a: Empoleon|Petaya Berry|[eat]
|-boost|p1a: Empoleon|spa|1|[from] item: Petaya Berry
|
|-heal|p1a: Empoleon|26/100|[from] Grassy Terrain
|-heal|p2a: Rillaboom|35/100|[from] Grassy Terrain
|upkeep
|turn|6
|
|t:|1758934268
|move|p2a: Rillaboom|Grassy Glide|p1a: Empoleon
|-damage|p1a: Empoleon|0 fnt
|faint|p1a: Empoleon
|
|-heal|p2a: Rillaboom|41/100|[from] Grassy Terrain
|upkeep
|
|t:|1758934274
|switch|p1a: Iron Valiant|Iron Valiant|100/100
|-enditem|p1a: Iron Valiant|Booster Energy
|-activate|p1a: Iron Valiant|ability: Quark Drive|[fromitem]
|-start|p1a: Iron Valiant|quarkdrivespe
|turn|7
|
|t:|1758934277
|move|p2a: Rillaboom|Grassy Glide|p1a: Iron Valiant
|-damage|p1a: Iron Valiant|47/100
|move|p1a: Iron Valiant|Moonblast|p2a: Rillaboom
|-damage|p2a: Rillaboom|0 fnt
|faint|p2a: Rillaboom
|
|-heal|p1a: Iron Valiant|53/100|[from] Grassy Terrain
|upkeep
|
|t:|1758934280
|switch|p2a: Cinderace|Cinderace, F|100/100
|turn|8
|j| ahjskahskjah
|
|t:|1758934291
|move|p1a: Iron Valiant|Destiny Bond|p1a: Iron Valiant
|-singlemove|p1a: Iron Valiant|Destiny Bond
|move|p2a: Cinderace|Flame Charge|p1a: Iron Valiant
|-damage|p1a: Iron Valiant|25/100
|-boost|p2a: Cinderace|spe|1
|
|-heal|p1a: Iron Valiant|31/100|[from] Grassy Terrain
|-fieldend|move: Grassy Terrain
|upkeep
|turn|9
|
|t:|1758934296
|move|p2a: Cinderace|Flame Charge|p1a: Iron Valiant
|-damage|p1a: Iron Valiant|2/100
|-boost|p2a: Cinderace|spe|1
|move|p1a: Iron Valiant|Close Combat|p2a: Cinderace
|-damage|p2a: Cinderace|26/100
|-unboost|p1a: Iron Valiant|def|1
|-unboost|p1a: Iron Valiant|spd|1
|
|upkeep
|turn|10
|
|t:|1758934302
|move|p2a: Cinderace|Flame Charge|p1a: Iron Valiant
|-damage|p1a: Iron Valiant|0 fnt
|-boost|p2a: Cinderace|spe|1
|faint|p1a: Iron Valiant
|-end|p1a: Iron Valiant|Quark Drive|[silent]
|
|upkeep
|
|t:|1758934307
|switch|p1a: Cinderace|Cinderace, M|100/100
|turn|11
|
|t:|1758934313
|-terastallize|p2a: Cinderace|Fire
|move|p1a: Cinderace|Sucker Punch|p2a: Cinderace
|-start|p1a: Cinderace|typechange|Dark|[from] ability: Libero
|-damage|p2a: Cinderace|0 fnt
|faint|p2a: Cinderace
|
|upkeep
|
|t:|1758934317
|switch|p2a: Araquanid|Araquanid, F|100/100
|turn|12
|
|t:|1758934327
|move|p1a: Cinderace|Pyro Ball|p2a: Araquanid
|-damage|p2a: Araquanid|77/100
|-enditem|p2a: Araquanid|Red Card|[of] p1a: Cinderace
|drag|p1a: Cinderace|Cinderace, M|100/100
|move|p2a: Araquanid|Sticky Web|p1a: Cinderace
|-sidestart|p1: a calm mind|move: Sticky Web
|
|upkeep
|turn|13
|
|t:|1758934334
|move|p1a: Cinderace|Dark Pulse|p2a: Araquanid
|-damage|p2a: Araquanid|44/100
|cant|p2a: Araquanid|flinch
|
|upkeep
|turn|14
|
|t:|1758934339
|move|p1a: Cinderace|Dark Pulse|p2a: Araquanid
|-damage|p2a: Araquanid|10/100
|move|p2a: Araquanid|Surf|p1a: Cinderace
|-enditem|p1a: Cinderace|Focus Sash
|-damage|p1a: Cinderace|1/100
|replace|p1a: Zoroark|Zoroark, F, shiny
|-end|p1a: Zoroark|Illusion
|
|upkeep
|turn|15
|
|t:|1758934344
|move|p1a: Zoroark|Dark Pulse|p2a: Araquanid
|-crit|p2a: Araquanid
|-damage|p2a: Araquanid|0 fnt
|faint|p2a: Araquanid
|
|upkeep
|
|t:|1758934346
|switch|p2a: Kommo-o|Kommo-o, F|100/100
|turn|16
|
|t:|1758934351
|move|p1a: Zoroark|Memento|p2a: Kommo-o
|-unboost|p2a: Kommo-o|atk|2
|-unboost|p2a: Kommo-o|spa|2
|faint|p1a: Zoroark
|move|p2a: Kommo-o|Clangorous Soul|p2a: Kommo-o
|-boost|p2a: Kommo-o|atk|1
|-boost|p2a: Kommo-o|def|1
|-boost|p2a: Kommo-o|spa|1
|-boost|p2a: Kommo-o|spd|1
|-boost|p2a: Kommo-o|spe|1
|-damage|p2a: Kommo-o|68/100
|
|upkeep
|
|t:|1758934356
|switch|p1a: Cinderace|Cinderace, M|100/100
|-activate|p1a: Cinderace|move: Sticky Web
|-unboost|p1a: Cinderace|spe|1
|turn|17
|
|t:|1758934370
|move|p2a: Kommo-o|Substitute|p2a: Kommo-o
|-start|p2a: Kommo-o|Substitute
|-damage|p2a: Kommo-o|43/100
|move|p1a: Cinderace|High Jump Kick|p2a: Kommo-o
|-start|p1a: Cinderace|typechange|Fighting|[from] ability: Libero
|-end|p2a: Kommo-o|Substitute
|
|upkeep
|turn|18
|
|t:|1758934376
|move|p2a: Kommo-o|Drain Punch|p1a: Cinderace
|-damage|p1a: Cinderace|67/100
|-heal|p2a: Kommo-o|60/100|[from] drain|[of] p1a: Cinderace
|move|p1a: Cinderace|High Jump Kick|p2a: Kommo-o
|-damage|p2a: Kommo-o|16/100
|-enditem|p2a: Kommo-o|Lansat Berry|[eat]
|-start|p2a: Kommo-o|move: Focus Energy
|
|upkeep
|turn|19
|
|t:|1758934393
|move|p2a: Kommo-o|Shadow Claw|p1a: Cinderace
|-crit|p1a: Cinderace
|-damage|p1a: Cinderace|22/100
|move|p1a: Cinderace|High Jump Kick|p2a: Kommo-o
|-damage|p2a: Kommo-o|0 fnt
|faint|p2a: Kommo-o
|
|upkeep
|
|t:|1758934399
|switch|p2a: Gliscor|Gliscor, F|36/100 tox
|turn|20
|
|t:|1758934403
|-terastallize|p1a: Cinderace|Fire
|move|p1a: Cinderace|Pyro Ball|p2a: Gliscor
|-damage|p2a: Gliscor|0 fnt
|faint|p2a: Gliscor
|
|upkeep
|
|t:|1758934405
|switch|p2a: Great Tusk|Great Tusk|12/100
|turn|21
|
|t:|1758934423
|move|p2a: Great Tusk|Headlong Rush|p1a: Cinderace
|-supereffective|p1a: Cinderace
|-damage|p1a: Cinderace|0 fnt
|-unboost|p2a: Great Tusk|def|1
|-unboost|p2a: Great Tusk|spd|1
|faint|p1a: Cinderace
|
|win|hungrymane
|raw|a calm mind's rating: 1744 &rarr; <strong>1728</strong><br />(-16 for losing)
|raw|hungrymane's rating: 1818 &rarr; <strong>1834</strong><br />(+16 for winning)
|l|☆hungrymane
|player|p2|
|l|☆a calm mind
|player|p1|
|l| ahjskahskjah
