|j|☆allah53
|j|☆EddusEatzAlot
|t:|1758928482
|gametype|singles
|player|p1|allah53|crasherwake|1398
|player|p2|EddusEatzAlot|steven|1441
|gen|9
|tier|[Gen 9] OU
|rated|
|rule|HP Percentage Mod: HP is shown in percentages
|rule|Endless Battle Clause: Forcing endless battles is banned
|rule|Species Clause: Limit one of each Pokémon
|rule|OHKO Clause: OHKO moves are banned
|rule|Evasion Items Clause: Evasion items are banned
|rule|Evasion Moves Clause: Evasion moves are banned
|rule|Evasion Abilities Clause: Evasion abilities are banned
|rule|Sleep Moves Clause: Sleep-inducing moves are banned
|clearpoke
|poke|p1|Iron Hands|
|poke|p1|Landorus-Therian, M|
|poke|p1|Necrozma|
|poke|p1|Hatterene, F|
|poke|p1|Diancie|
|poke|p1|Kyurem|
|poke|p2|Gliscor, M|
|poke|p2|Garganacl, M|
|poke|p2|Slowking-Galar, F|
|poke|p2|Sinistcha|
|poke|p2|Scizor, F|
|poke|p2|Weavile, M|
|teampreview
|
|t:|1758928525
|teamsize|p1|6
|teamsize|p2|6
|start
|switch|p1a: sam|Kyurem|100/100
|switch|p2a: Scizor|Scizor, F|100/100
|-ability|p1a: sam|Pressure
|turn|1
|
|t:|1758928540
|-terastallize|p1a: sam|Fire
|move|p1a: sam|Tera Blast|p2a: Scizor|[anim] Tera Blast Fire
|-supereffective|p2a: Scizor
|-damage|p2a: Scizor|0 fnt
|faint|p2a: Scizor
|
|upkeep
|
|t:|1758928546
|switch|p2a: Garganacl|Garganacl, M|100/100
|turn|2
|
|t:|1758928556
|switch|p1a: unc still got it|Landorus-Therian, M|100/100
|-ability|p1a: unc still got it|Intimidate|boost
|-unboost|p2a: Garganacl|atk|1
|move|p2a: Garganacl|Stealth Rock|p1a: unc still got it
|-sidestart|p1: allah53|move: Stealth Rock
|
|upkeep
|turn|3
|
|t:|1758928563
|switch|p2a: Gliscor|Gliscor, M|100/100
|move|p1a: unc still got it|Stealth Rock|p2a: Gliscor
|-sidestart|p2: EddusEatzAlot|move: Stealth Rock
|
|-status|p2a: Gliscor|tox|[from] item: Toxic Orb
|upkeep
|turn|4
|
|t:|1758928569
|move|p1a: unc still got it|Taunt|p2a: Gliscor
|-start|p2a: Gliscor|move: Taunt
|move|p2a: Gliscor|Knock Off|p1a: unc still got it
|-damage|p1a: unc still got it|80/100
|-damage|p2a: Gliscor|84/100 tox|[from] item: Rocky Helmet|[of] p1a: unc still got it
|-enditem|p1a: unc still got it|Rocky Helmet|[from] move: Knock Off|[of] p2a: Gliscor
|
|-heal|p2a: Gliscor|96/100 tox|[from] ability: Poison Heal
|upkeep
|turn|5
|
|t:|1758928600
|move|p1a: unc still got it|U-turn|p2a: Gliscor
|-resisted|p2a: Gliscor
|-damage|p2a: Gliscor|88/100 tox
|
|t:|1758928604
|switch|p1a: so awesome|Hatterene, F|100/100|[from] U-turn
|-damage|p1a: so awesome|88/100|[from] Stealth Rock
|move|p2a: Gliscor|Knock Off|p1a: so awesome
|-damage|p1a: so awesome|65/100
|-enditem|p1a: so awesome|Life Orb|[from] move: Knock Off|[of] p2a: Gliscor
|
|-heal|p2a: Gliscor|100/100 tox|[from] ability: Poison Heal
|upkeep
|turn|6
|
|t:|1758928610
|move|p2a: Gliscor|Earthquake|p1a: so awesome
|-damage|p1a: so awesome|31/100
|move|p1a: so awesome|Trick Room|p1a: so awesome
|-fieldstart|move: Trick Room|[of] p1a: so awesome
|
|-end|p2a: Gliscor|move: Taunt
|upkeep
|turn|7
|
|t:|1758928639
|move|p1a: so awesome|Psyshock|p2a: Gliscor
|-damage|p2a: Gliscor|63/100 tox
|move|p2a: Gliscor|Earthquake|p1a: so awesome
|-damage|p1a: so awesome|0 fnt
|faint|p1a: so awesome
|
|-heal|p2a: Gliscor|76/100 tox|[from] ability: Poison Heal
|upkeep
|
|t:|1758928683
|switch|p1a: e honda|Iron Hands|100/100
|-damage|p1a: e honda|94/100|[from] Stealth Rock
|-enditem|p1a: e honda|Booster Energy
|-activate|p1a: e honda|ability: Quark Drive|[fromitem]
|-start|p1a: e honda|quarkdriveatk
|turn|8
|
|t:|1758928702
|move|p2a: Gliscor|Protect|p2a: Gliscor
|-singleturn|p2a: Gliscor|Protect
|move|p1a: e honda|Swords Dance|p1a: e honda
|-boost|p1a: e honda|atk|2
|
|-heal|p2a: Gliscor|88/100 tox|[from] ability: Poison Heal
|upkeep
|turn|9
|
|t:|1758928709
|move|p1a: e honda|Ice Punch|p2a: Gliscor
|-supereffective|p2a: Gliscor
|-damage|p2a: Gliscor|0 fnt
|faint|p2a: Gliscor
|
|upkeep
|
|t:|1758928715
|switch|p2a: Garganacl|Garganacl, M|100/100
|turn|10
|
|t:|1758928720
|-terastallize|p2a: Garganacl|Water
|move|p1a: e honda|Drain Punch|p2a: Garganacl
|-damage|p2a: Garganacl|19/100
|-heal|p1a: e honda|100/100|[from] drain|[of] p2a: Garganacl
|move|p2a: Garganacl|Salt Cure|p1a: e honda
|-resisted|p1a: e honda
|-damage|p1a: e honda|96/100
|-start|p1a: e honda|Salt Cure
|
|-damage|p1a: e honda|83/100|[from] Salt Cure
|-fieldend|move: Trick Room
|upkeep
|turn|11
|
|t:|1758928730
|move|p2a: Garganacl|Recover|p2a: Garganacl
|-heal|p2a: Garganacl|69/100
|move|p1a: e honda|Drain Punch|p2a: Garganacl
|-damage|p2a: Garganacl|0 fnt
|-heal|p1a: e honda|100/100|[from] drain|[of] p2a: Garganacl
|faint|p2a: Garganacl
|
|-damage|p1a: e honda|88/100|[from] Salt Cure
|upkeep
|
|t:|1758928735
|switch|p2a: Sinistcha|Sinistcha|100/100
|turn|12
|
|t:|1758928739
|move|p2a: Sinistcha|Strength Sap|p1a: e honda
|-unboost|p1a: e honda|atk|1
|move|p1a: e honda|Ice Punch|p2a: Sinistcha
|-supereffective|p2a: Sinistcha
|-damage|p2a: Sinistcha|20/100
|
|-damage|p1a: e honda|76/100|[from] Salt Cure
|upkeep
|turn|13
|
|t:|1758928748
|move|p2a: Sinistcha|Strength Sap|p1a: e honda
|-unboost|p1a: e honda|atk|1
|-heal|p2a: Sinistcha|100/100
|move|p1a: e honda|Swords Dance|p1a: e honda
|-boost|p1a: e honda|atk|2
|
|-damage|p1a: e honda|63/100|[from] Salt Cure
|upkeep
|turn|14
|
|t:|1758928761
|move|p2a: Sinistcha|Matcha Gotcha|p1a: e honda
|-crit|p1a: e honda
|-damage|p1a: e honda|19/100
|move|p1a: e honda|Swords Dance|p1a: e honda
|-boost|p1a: e honda|atk|2
|
|-damage|p1a: e honda|6/100|[from] Salt Cure
|upkeep
|turn|15
|
|t:|1758928767
|move|p2a: Sinistcha|Shadow Ball|p1a: e honda
|-damage|p1a: e honda|0 fnt
|faint|p1a: e honda
|-end|p1a: e honda|Quark Drive|[silent]
|
|upkeep
|
|t:|1758928779
|switch|p1a: sam|Kyurem, tera:Fire|100/100
|-damage|p1a: sam|76/100|[from] Stealth Rock
|-ability|p1a: sam|Pressure
|turn|16
|
|t:|1758928782
|move|p1a: sam|Icicle Spear|p2a: Sinistcha
|-supereffective|p2a: Sinistcha
|-damage|p2a: Sinistcha|78/100
|-supereffective|p2a: Sinistcha
|-damage|p2a: Sinistcha|58/100
|-supereffective|p2a: Sinistcha
|-damage|p2a: Sinistcha|39/100
|-supereffective|p2a: Sinistcha
|-damage|p2a: Sinistcha|20/100
|-hitcount|p2a: Sinistcha|4
|move|p2a: Sinistcha|Shadow Ball|p1a: sam
|-damage|p1a: sam|45/100
|
|upkeep
|turn|17
|
|t:|1758928793
|move|p1a: sam|Icicle Spear|p2a: Sinistcha
|-supereffective|p2a: Sinistcha
|-damage|p2a: Sinistcha|0 fnt
|faint|p2a: Sinistcha
|-hitcount|p2: Sinistcha|1
|
|upkeep
|
|t:|1758928795
|switch|p2a: Weavile|Weavile, M|100/100
|-ability|p2a: Weavile|Pressure
|turn|18
|
|t:|1758928807
|move|p2a: Weavile|Knock Off|p1a: sam
|-damage|p1a: sam|0 fnt
|-enditem|p1a: sam|Loaded Dice|[from] move: Knock Off|[of] p2a: Weavile
|faint|p1a: sam
|
|upkeep
|
|t:|1758928817
|switch|p1a: carbindk|Diancie|100/100
|-damage|p1a: carbindk|88/100|[from] Stealth Rock
|turn|19
|
|t:|1758928838
|switch|p2a: Slowking|Slowking-Galar, F|100/100
|move|p1a: carbindk|Moonblast|p2a: Slowking
|-resisted|p2a: Slowking
|-damage|p2a: Slowking|88/100
|-unboost|p2a: Slowking|spa|1
|
|upkeep
|turn|20
|
|t:|1758928846
|move|p1a: carbindk|Meteor Beam||[still]
|-prepare|p1a: carbindk|Meteor Beam
|-boost|p1a: carbindk|spa|1
|-enditem|p1a: carbindk|Power Herb
|-anim|p1a: carbindk|Meteor Beam|p2a: Slowking
|-damage|p2a: Slowking|42/100
|move|p2a: Slowking|Future Sight|p1a: carbindk
|-start|p2a: Slowking|move: Future Sight
|
|upkeep
|turn|21
|
|t:|1758928854
|move|p1a: carbindk|Earth Power|p2a: Slowking
|-supereffective|p2a: Slowking
|-damage|p2a: Slowking|0 fnt
|faint|p2a: Slowking
|
|upkeep
|
|t:|1758928857
|switch|p2a: Weavile|Weavile, M|100/100
|-ability|p2a: Weavile|Pressure
|turn|22
|
|t:|1758928863
|move|p2a: Weavile|Swords Dance|p2a: Weavile
|-boost|p2a: Weavile|atk|2
|move|p1a: carbindk|Moonblast|p2a: Weavile
|-supereffective|p2a: Weavile
|-damage|p2a: Weavile|0 fnt
|faint|p2a: Weavile
|
|win|allah53
|raw|allah53's rating: 1398 &rarr; <strong>1420</strong><br />(+22 for winning)
|raw|EddusEatzAlot's rating: 1441 &rarr; <strong>1419</strong><br />(-22 for losing)
|c|☆EddusEatzAlot|gg wp
|l|☆EddusEatzAlot
|player|p2|
|l|☆allah53
|player|p1|
