|j|☆Siroperation
|j|☆dr. drake6782
|t:|1759033372
|gametype|singles
|player|p1|Siroperation|170|1400
|player|p2|dr. drake6782|265|1430
|gen|9
|tier|[Gen 9] OU
|rated|
|rule|HP Percentage Mod: HP is shown in percentages
|rule|Endless Battle Clause: Forcing endless battles is banned
|rule|Species Clause: Limit one of each Pokémon
|rule|OHKO Clause: OHKO moves are banned
|rule|Evasion Items Clause: Evasion items are banned
|rule|Evasion Moves Clause: Evasion moves are banned
|rule|Evasion Abilities Clause: Evasion abilities are banned
|rule|Sleep Moves Clause: Sleep-inducing moves are banned
|clearpoke
|poke|p1|Conkeldurr, M|
|poke|p1|Slowking-Galar, M|
|poke|p1|Cyclizar, M|
|poke|p1|Gliscor, F|
|poke|p1|Clefable, F|
|poke|p1|Gholdengo|
|poke|p2|Gholdengo|
|poke|p2|Ceruledge, F|
|poke|p2|Enamorus, F|
|poke|p2|Ribombee, F|
|poke|p2|Quaquaval, F|
|poke|p2|Iron Treads|
|teampreview
|inactive|Battle timer is ON: inactive players will automatically lose when time's up. (requested by dr. drake6782)
|
|t:|1759033378
|teamsize|p1|6
|teamsize|p2|6
|start
|switch|p1a: Gliscor|Gliscor, F|100/100
|switch|p2a: Ribombee|Ribombee, F, shiny|100/100
|turn|1
|
|t:|1759033394
|move|p2a: Ribombee|Skill Swap|p1a: Gliscor
|-activate|p2a: Ribombee|move: Skill Swap|Poison Heal|Shield Dust|[of] p1a: Gliscor
|move|p1a: Gliscor|Spikes|p2a: Ribombee
|-sidestart|p2: dr. drake6782|Spikes
|
|-status|p1a: Gliscor|tox|[from] item: Toxic Orb
|upkeep
|turn|2
|
|t:|1759033409
|switch|p1a: Slowking|Slowking-Galar, M|100/100
|move|p2a: Ribombee|Sticky Web|p1a: Slowking
|-sidestart|p1: Siroperation|move: Sticky Web
|
|upkeep
|turn|3
|
|t:|1759033419
|move|p2a: Ribombee|Stun Spore|p1a: Slowking
|-status|p1a: Slowking|par
|-prepare|p1a: Slowking|Chilly Reception|[premajor]
|move|p1a: Slowking|Chilly Reception|p1a: Slowking
|-weather|Snowscape
|
|t:|1759033426
|switch|p1a: Gliscor|Gliscor, F|100/100 tox|[from] Chilly Reception
|
|-weather|Snowscape|[upkeep]
|upkeep
|turn|4
|
|t:|1759033443
|switch|p2a: Enamorus|Enamorus, F|100/100
|move|p1a: Gliscor|Spikes|p2a: Enamorus
|-sidestart|p2: dr. drake6782|Spikes
|
|-weather|Snowscape|[upkeep]
|upkeep
|turn|5
|
|t:|1759033453
|switch|p1a: Slowking|Slowking-Galar, M|100/100 par
|-terastallize|p2a: Enamorus|Stellar
|move|p2a: Enamorus|Tera Blast|p1a: Slowking|[anim] Tera Blast Stellar
|-damage|p1a: Slowking|74/100 par
|-boost|p2a: Enamorus|atk|1
|-boost|p2a: Enamorus|spa|1
|
|-weather|Snowscape|[upkeep]
|upkeep
|turn|6
|
|t:|1759033475
|move|p2a: Enamorus|Earth Power|p1a: Slowking
|-supereffective|p1a: Slowking
|-damage|p1a: Slowking|3/100 par
|cant|p1a: Slowking|par
|
|-weather|Snowscape|[upkeep]
|upkeep
|turn|7
|
|t:|1759033493
|switch|p1a: Gholdengo|Gholdengo, shiny|100/100
|-item|p1a: Gholdengo|Air Balloon
|move|p2a: Enamorus|Tera Blast|p1a: Gholdengo|[anim] Tera Blast Stellar
|-crit|p1a: Gholdengo
|-damage|p1a: Gholdengo|21/100
|-boost|p2a: Enamorus|atk|1
|-boost|p2a: Enamorus|spa|1
|-enditem|p1a: Gholdengo|Air Balloon
|
|-weather|none
|upkeep
|turn|8
|-message|Siroperation forfeited.
|
|win|dr. drake6782
|raw|Siroperation's rating: 1400 &rarr; <strong>1382</strong><br />(-18 for losing)
|raw|dr. drake6782's rating: 1430 &rarr; <strong>1448</strong><br />(+18 for winning)
|l|☆Siroperation
|player|p1|
