|j|☆ancient faith
|j|☆owenowen7786
|t:|1758951541
|gametype|singles
|player|p1|ancient faith|red-gen1main|1060
|player|p2|owenowen7786|cynthia-gen4|1084
|gen|9
|tier|[Gen 9] OU
|rated|
|rule|HP Percentage Mod: HP is shown in percentages
|rule|Endless Battle Clause: Forcing endless battles is banned
|rule|Species Clause: Limit one of each Pokémon
|rule|OHKO Clause: OHKO moves are banned
|rule|Evasion Items Clause: Evasion items are banned
|rule|Evasion Moves Clause: Evasion moves are banned
|rule|Evasion Abilities Clause: Evasion abilities are banned
|rule|Sleep Moves Clause: Sleep-inducing moves are banned
|clearpoke
|poke|p1|Enamorus, F|
|poke|p1|Kyurem|
|poke|p1|Landorus-Therian, M|
|poke|p1|Kingambit, M|
|poke|p1|Ogerpon-Wellspring, F|
|poke|p1|Glimmora, M|
|poke|p2|Jirachi|
|poke|p2|Rillaboom, F|
|poke|p2|Pecharunt|
|poke|p2|Hoopa-Unbound|
|poke|p2|Mimikyu, F|
|poke|p2|Metagross|
|teampreview
|
|t:|1758951552
|teamsize|p1|6
|teamsize|p2|6
|start
|switch|p1a: Landorus|Landorus-Therian, M, shiny|100/100
|switch|p2a: Pecharunt|Pecharunt|100/100
|-ability|p1a: Landorus|Intimidate|boost
|-unboost|p2a: Pecharunt|atk|1
|turn|1
|inactive|Battle timer is ON: inactive players will automatically lose when time's up. (requested by ancient faith)
|
|t:|1758951561
|move|p1a: Landorus|Stealth Rock|p2a: Pecharunt
|-sidestart|p2: owenowen7786|move: Stealth Rock
|move|p2a: Pecharunt|Curse|p1a: Landorus
|-start|p1a: Landorus|Curse|[of] p2a: Pecharunt
|-damage|p2a: Pecharunt|50/100
|
|-heal|p2a: Pecharunt|57/100|[from] item: Leftovers
|-damage|p1a: Landorus|76/100|[from] Curse
|upkeep
|turn|2
|
|t:|1758951569
|move|p1a: Landorus|U-turn|p2a: Pecharunt
|-resisted|p2a: Pecharunt
|-damage|p2a: Pecharunt|54/100
|
|t:|1758951571
|switch|p1a: Glimmora|Glimmora, M, shiny|100/100|[from] U-turn
|move|p2a: Pecharunt|Recover|p2a: Pecharunt
|-heal|p2a: Pecharunt|100/100
|
|upkeep
|turn|3
|
|t:|1758951577
|move|p1a: Glimmora|Spikes|p2a: Pecharunt
|-sidestart|p2: owenowen7786|Spikes
|move|p2a: Pecharunt|Curse|p1a: Glimmora
|-start|p1a: Glimmora|Curse|[of] p2a: Pecharunt
|-damage|p2a: Pecharunt|50/100
|
|-heal|p2a: Pecharunt|57/100|[from] item: Leftovers
|-damage|p1a: Glimmora|76/100|[from] Curse
|upkeep
|turn|4
|
|t:|1758951585
|move|p1a: Glimmora|Spikes|p2a: Pecharunt
|-sidestart|p2: owenowen7786|Spikes
|move|p2a: Pecharunt|Recover|p2a: Pecharunt
|-heal|p2a: Pecharunt|100/100
|
|-damage|p1a: Glimmora|51/100|[from] Curse
|upkeep
|turn|5
|
|t:|1758951603
|-terastallize|p2a: Pecharunt|Dark
|move|p1a: Glimmora|Earth Power|p2a: Pecharunt
|-damage|p2a: Pecharunt|73/100
|move|p2a: Pecharunt|Night Shade|p1a: Glimmora
|-damage|p1a: Glimmora|24/100
|-enditem|p1a: Glimmora|Red Card|[of] p2a: Pecharunt
|drag|p2a: Hoopa|Hoopa-Unbound|100/100
|-damage|p2a: Hoopa|88/100|[from] Stealth Rock
|-damage|p2a: Hoopa|72/100|[from] Spikes
|
|-damage|p1a: Glimmora|0 fnt|[from] Curse
|faint|p1a: Glimmora
|upkeep
|
|t:|1758951612
|switch|p1a: Ogerpon|Ogerpon-Wellspring, F|100/100
|turn|6
|
|t:|1758951624
|move|p1a: Ogerpon|U-turn|p2a: Hoopa
|-supereffective|p2a: Hoopa
|-damage|p2a: Hoopa|0 fnt
|faint|p2a: Hoopa
|
|t:|1758951629
|switch|p1a: Landorus|Landorus-Therian, M, shiny|76/100|[from] U-turn
|
|upkeep
|
|t:|1758951633
|switch|p2a: Jirachi|Jirachi, shiny|100/100
|-damage|p2a: Jirachi|94/100|[from] Stealth Rock
|-damage|p2a: Jirachi|78/100|[from] Spikes
|turn|7
|
|t:|1758951642
|switch|p1a: Kingambit|Kingambit, M, shiny|100/100
|-activate|p1a: Kingambit|ability: Supreme Overlord
|-start|p1a: Kingambit|fallen1|[silent]
|-item|p1a: Kingambit|Air Balloon
|move|p2a: Jirachi|Ice Punch|p1a: Kingambit
|-resisted|p1a: Kingambit
|-damage|p1a: Kingambit|91/100
|-status|p1a: Kingambit|frz
|-enditem|p1a: Kingambit|Air Balloon
|
|upkeep
|turn|8
|
|t:|1758951659
|switch|p2a: Metagross|Metagross, shiny|100/100
|-damage|p2a: Metagross|95/100|[from] Stealth Rock
|-damage|p2a: Metagross|78/100|[from] Spikes
|cant|p1a: Kingambit|frz
|
|upkeep
|turn|9
|
|t:|1758951666
|-end|p1a: Kingambit|fallen1|[silent]
|switch|p1a: Ogerpon|Ogerpon-Wellspring, F|100/100
|move|p2a: Metagross|Stealth Rock|p1a: Ogerpon
|-sidestart|p1: ancient faith|move: Stealth Rock
|
|upkeep
|turn|10
|
|t:|1758951671
|move|p1a: Ogerpon|Knock Off|p2a: Metagross
|-supereffective|p2a: Metagross
|-damage|p2a: Metagross|20/100
|-enditem|p2a: Metagross|Custap Berry|[from] move: Knock Off|[of] p1a: Ogerpon
|move|p2a: Metagross|Knock Off|p1a: Ogerpon
|-damage|p1a: Ogerpon|73/100
|
|upkeep
|turn|11
|
|t:|1758951684
|move|p1a: Ogerpon|Knock Off|p2a: Metagross
|-supereffective|p2a: Metagross
|-damage|p2a: Metagross|0 fnt
|faint|p2a: Metagross
|
|upkeep
|
|t:|1758951689
|switch|p2a: Mimikyu|Mimikyu, F, shiny|100/100
|-damage|p2a: Mimikyu|88/100|[from] Stealth Rock
|-damage|p2a: Mimikyu|72/100|[from] Spikes
|turn|12
|
|t:|1758951697
|move|p1a: Ogerpon|Taunt|p2a: Mimikyu
|-start|p2a: Mimikyu|move: Taunt
|cant|p2a: Mimikyu|move: Taunt|Trick
|
|upkeep
|turn|13
|
|t:|1758951706
|move|p1a: Ogerpon|Ivy Cudgel|p2a: Mimikyu|[anim] Ivy Cudgel Water
|-activate|p2a: Mimikyu|ability: Disguise
|-damage|p2a: Mimikyu|72/100
|detailschange|p2a: Mimikyu|Mimikyu-Busted, F, shiny
|-damage|p2a: Mimikyu|59/100|[from] pokemon: Mimikyu-Busted
|move|p2a: Mimikyu|Play Rough|p1a: Ogerpon
|-damage|p1a: Ogerpon|37/100
|
|upkeep
|turn|14
|
|t:|1758951719
|move|p1a: Ogerpon|Ivy Cudgel|p2a: Mimikyu|[anim] Ivy Cudgel Water
|-damage|p2a: Mimikyu|0 fnt
|faint|p2a: Mimikyu
|
|upkeep
|
|t:|1758951724
|switch|p2a: Rillaboom|Rillaboom, F, shiny|100/100
|-damage|p2a: Rillaboom|88/100|[from] Stealth Rock
|-damage|p2a: Rillaboom|72/100|[from] Spikes
|-fieldstart|move: Grassy Terrain|[from] ability: Grassy Surge|[of] p2a: Rillaboom
|turn|15
|
|t:|1758951730
|switch|p1a: Landorus|Landorus-Therian, M, shiny|76/100
|-damage|p1a: Landorus|63/100|[from] Stealth Rock
|-ability|p1a: Landorus|Intimidate|boost
|-unboost|p2a: Rillaboom|atk|1
|move|p2a: Rillaboom|Wood Hammer|p1a: Landorus
|-damage|p1a: Landorus|10/100
|-damage|p2a: Rillaboom|55/100|[from] item: Rocky Helmet|[of] p1a: Landorus
|-damage|p2a: Rillaboom|36/100|[from] Recoil
|
|-heal|p2a: Rillaboom|42/100|[from] Grassy Terrain
|upkeep
|turn|16
|
|t:|1758951745
|move|p2a: Rillaboom|Grassy Glide|p1a: Landorus
|-damage|p1a: Landorus|0 fnt
|-damage|p2a: Rillaboom|25/100|[from] item: Rocky Helmet|[of] p1a: Landorus
|faint|p1a: Landorus
|
|-heal|p2a: Rillaboom|32/100|[from] Grassy Terrain
|upkeep
|inactive|ancient faith has 120 seconds left.
|
|t:|1758951783
|switch|p1a: Enamorus|Enamorus, F, shiny|100/100
|turn|17
|
|t:|1758951789
|move|p2a: Rillaboom|Grassy Glide|p1a: Enamorus
|-resisted|p1a: Enamorus
|-crit|p1a: Enamorus
|-damage|p1a: Enamorus|60/100
|move|p1a: Enamorus|Moonblast|p2a: Rillaboom
|-damage|p2a: Rillaboom|0 fnt
|faint|p2a: Rillaboom
|
|upkeep
|
|t:|1758951798
|switch|p2a: Jirachi|Jirachi, shiny|78/100
|-damage|p2a: Jirachi|72/100|[from] Stealth Rock
|-damage|p2a: Jirachi|55/100|[from] Spikes
|turn|18
|
|t:|1758951803
|switch|p1a: Kingambit|Kingambit, M, shiny|91/100 frz
|-damage|p1a: Kingambit|85/100 frz|[from] Stealth Rock
|-activate|p1a: Kingambit|ability: Supreme Overlord
|-start|p1a: Kingambit|fallen2|[silent]
|move|p2a: Jirachi|Iron Head|p1a: Kingambit
|-resisted|p1a: Kingambit
|-damage|p1a: Kingambit|70/100 frz
|
|-heal|p2a: Jirachi|61/100|[from] Grassy Terrain
|-heal|p1a: Kingambit|76/100 frz|[from] Grassy Terrain
|upkeep
|turn|19
|
|t:|1758951812
|move|p2a: Jirachi|Iron Head|p1a: Kingambit
|-resisted|p1a: Kingambit
|-damage|p1a: Kingambit|63/100 frz
|cant|p1a: Kingambit|frz
|
|-heal|p2a: Jirachi|67/100|[from] Grassy Terrain
|-heal|p1a: Kingambit|69/100 frz|[from] Grassy Terrain
|-fieldend|move: Grassy Terrain
|upkeep
|turn|20
|
|t:|1758951819
|move|p2a: Jirachi|Iron Head|p1a: Kingambit
|-resisted|p1a: Kingambit
|-damage|p1a: Kingambit|54/100 frz
|cant|p1a: Kingambit|frz
|
|upkeep
|turn|21
|
|t:|1758951824
|move|p2a: Jirachi|Iron Head|p1a: Kingambit
|-resisted|p1a: Kingambit
|-damage|p1a: Kingambit|40/100 frz
|cant|p1a: Kingambit|frz
|
|upkeep
|turn|22
|
|t:|1758951828
|move|p2a: Jirachi|Iron Head|p1a: Kingambit
|-resisted|p1a: Kingambit
|-damage|p1a: Kingambit|25/100 frz
|cant|p1a: Kingambit|frz
|
|upkeep
|turn|23
|
|t:|1758951833
|cant|p1a: Kingambit|frz
|move|p2a: Jirachi|Iron Head|p1a: Kingambit
|-resisted|p1a: Kingambit
|-damage|p1a: Kingambit|10/100 frz
|
|upkeep
|turn|24
|
|t:|1758951838
|cant|p1a: Kingambit|frz
|move|p2a: Jirachi|Iron Head|p1a: Kingambit
|-resisted|p1a: Kingambit
|-damage|p1a: Kingambit|0 fnt
|faint|p1a: Kingambit
|-end|p1a: Kingambit|fallen2|[silent]
|
|upkeep
|
|t:|1758951843
|switch|p1a: Kyurem|Kyurem, shiny|100/100
|-damage|p1a: Kyurem|76/100|[from] Stealth Rock
|-ability|p1a: Kyurem|Pressure
|turn|25
|
|t:|1758951848
|-terastallize|p1a: Kyurem|Dragon
|move|p2a: Jirachi|Iron Head|p1a: Kyurem
|-damage|p1a: Kyurem|45/100
|move|p1a: Kyurem|Earth Power|p2a: Jirachi
|-supereffective|p2a: Jirachi
|-damage|p2a: Jirachi|1/100
|-unboost|p2a: Jirachi|spd|1
|
|upkeep
|turn|26
|
|t:|1758951855
|move|p2a: Jirachi|Iron Head|p1a: Kyurem
|-damage|p1a: Kyurem|12/100
|move|p1a: Kyurem|Earth Power|p2a: Jirachi
|-supereffective|p2a: Jirachi
|-damage|p2a: Jirachi|0 fnt
|faint|p2a: Jirachi
|
|upkeep
|
|t:|1758951862
|switch|p2a: Pecharunt|Pecharunt, tera:Dark|73/100
|-damage|p2a: Pecharunt|61/100|[from] Stealth Rock
|-damage|p2a: Pecharunt|44/100|[from] Spikes
|turn|27
|
|t:|1758951867
|move|p1a: Kyurem|Earth Power|p2a: Pecharunt
|-damage|p2a: Pecharunt|10/100
|-unboost|p2a: Pecharunt|spd|1
|move|p2a: Pecharunt|Recover|p2a: Pecharunt
|-heal|p2a: Pecharunt|60/100
|
|-heal|p2a: Pecharunt|66/100|[from] item: Leftovers
|upkeep
|turn|28
|
|t:|1758951875
|move|p1a: Kyurem|Earth Power|p2a: Pecharunt
|-damage|p2a: Pecharunt|18/100
|move|p2a: Pecharunt|Recover|p2a: Pecharunt
|-heal|p2a: Pecharunt|68/100
|
|-heal|p2a: Pecharunt|74/100|[from] item: Leftovers
|upkeep
|turn|29
|
|t:|1758951882
|move|p1a: Kyurem|Earth Power|p2a: Pecharunt
|-damage|p2a: Pecharunt|24/100
|-unboost|p2a: Pecharunt|spd|1
|move|p2a: Pecharunt|Recover|p2a: Pecharunt
|-heal|p2a: Pecharunt|74/100
|
|-heal|p2a: Pecharunt|80/100|[from] item: Leftovers
|upkeep
|turn|30
|
|t:|1758951890
|move|p1a: Kyurem|Earth Power|p2a: Pecharunt
|-damage|p2a: Pecharunt|9/100
|move|p2a: Pecharunt|Night Shade|p1a: Kyurem
|-damage|p1a: Kyurem|0 fnt
|faint|p1a: Kyurem
|
|-heal|p2a: Pecharunt|15/100|[from] item: Leftovers
|upkeep
|
|t:|1758951894
|switch|p1a: Enamorus|Enamorus, F, shiny|60/100
|turn|31
|
|t:|1758951901
|move|p1a: Enamorus|Moonblast|p2a: Pecharunt
|-supereffective|p2a: Pecharunt
|-damage|p2a: Pecharunt|0 fnt
|faint|p2a: Pecharunt
|
|win|ancient faith
|raw|ancient faith's rating: 1060 &rarr; <strong>1093</strong><br />(+33 for winning)
|raw|owenowen7786's rating: 1084 &rarr; <strong>1060</strong><br />(-24 for losing)
|l|☆owenowen7786
|player|p2|
