|j|☆BALIGRE
|j|☆thekingthegoat
|t:|1758977124
|gametype|singles
|player|p1|BALIGRE|battlegirl-gen4|1544
|player|p2|thekingthegoat|1|1496
|gen|9
|tier|[Gen 9] OU
|rated|
|rule|HP Percentage Mod: HP is shown in percentages
|rule|Endless Battle Clause: Forcing endless battles is banned
|rule|Species Clause: Limit one of each Pokémon
|rule|OHKO Clause: OHKO moves are banned
|rule|Evasion Items Clause: Evasion items are banned
|rule|Evasion Moves Clause: Evasion moves are banned
|rule|Evasion Abilities Clause: Evasion abilities are banned
|rule|Sleep Moves Clause: Sleep-inducing moves are banned
|clearpoke
|poke|p1|Walking Wake|
|poke|p1|Venusaur, F|
|poke|p1|Torkoal, F|
|poke|p1|Skarmory, F|
|poke|p1|Kingambit, F|
|poke|p1|Dragonite, F|
|poke|p2|Ribombee, F|
|poke|p2|Gholdengo|
|poke|p2|Great Tusk|
|poke|p2|Raging Bolt|
|poke|p2|Ogerpon-Cornerstone, F|
|poke|p2|Ceruledge, M|
|teampreview
|inactive|Battle timer is ON: inactive players will automatically lose when time's up. (requested by thekingthegoat)
|
|t:|1758977142
|teamsize|p1|6
|teamsize|p2|6
|start
|switch|p1a: Torkoal|Torkoal, F|100/100
|switch|p2a: NEW DROP|Ribombee, F, shiny|100/100
|-weather|SunnyDay|[from] ability: Drought|[of] p1a: Torkoal
|turn|1
|
|t:|1758977158
|move|p2a: NEW DROP|Sticky Web|p1a: Torkoal
|-sidestart|p1: BALIGRE|move: Sticky Web
|move|p1a: Torkoal|Lava Plume|p2a: NEW DROP
|-supereffective|p2a: NEW DROP
|-enditem|p2a: NEW DROP|Focus Sash
|-damage|p2a: NEW DROP|1/100
|
|-weather|SunnyDay|[upkeep]
|upkeep
|turn|2
|
|t:|1758977175
|switch|p2a: GREAT NECK|Raging Bolt|100/100
|-activate|p2a: GREAT NECK|ability: Protosynthesis
|-start|p2a: GREAT NECK|protosynthesisspa
|move|p1a: Torkoal|Stealth Rock|p2a: GREAT NECK
|-sidestart|p2: thekingthegoat|move: Stealth Rock
|
|-weather|SunnyDay|[upkeep]
|upkeep
|turn|3
|
|t:|1758977187
|move|p2a: GREAT NECK|Calm Mind|p2a: GREAT NECK
|-boost|p2a: GREAT NECK|spa|1
|-boost|p2a: GREAT NECK|spd|1
|move|p1a: Torkoal|Rapid Spin|p2a: GREAT NECK
|-damage|p2a: GREAT NECK|93/100
|-boost|p1a: Torkoal|spe|1
|-sideend|p1: BALIGRE|Sticky Web|[from] move: Rapid Spin|[of] p1a: Torkoal
|
|-weather|SunnyDay|[upkeep]
|upkeep
|turn|4
|inactive|BALIGRE has 120 seconds left.
|
|t:|1758977226
|move|p2a: GREAT NECK|Thunderbolt|p1a: Torkoal
|-damage|p1a: Torkoal|5/100
|move|p1a: Torkoal|Lava Plume|p2a: GREAT NECK
|-resisted|p2a: GREAT NECK
|-damage|p2a: GREAT NECK|80/100
|-status|p2a: GREAT NECK|brn
|
|-weather|SunnyDay|[upkeep]
|-damage|p2a: GREAT NECK|74/100 brn|[from] brn
|upkeep
|turn|5
|
|t:|1758977236
|switch|p1a: Venusaur|Venusaur, F|100/100
|move|p2a: GREAT NECK|Dragon Pulse|p1a: Venusaur
|-damage|p1a: Venusaur|0 fnt
|faint|p1a: Venusaur
|
|-weather|SunnyDay|[upkeep]
|-damage|p2a: GREAT NECK|68/100 brn|[from] brn
|upkeep
|inactive|BALIGRE has 90 seconds left.
|
|t:|1758977262
|switch|p1a: Walking Wake|Walking Wake|100/100
|-activate|p1a: Walking Wake|ability: Protosynthesis
|-start|p1a: Walking Wake|protosynthesisspa
|turn|6
|inactive|BALIGRE has 90 seconds left.
|
|t:|1758977273
|-terastallize|p1a: Walking Wake|Fairy
|move|p2a: GREAT NECK|Thunderclap|p1a: Walking Wake
|-damage|p1a: Walking Wake|12/100
|move|p1a: Walking Wake|Tera Blast|p2a: GREAT NECK|[anim] Tera Blast Fairy
|-supereffective|p2a: GREAT NECK
|-damage|p2a: GREAT NECK|0 fnt
|faint|p2a: GREAT NECK
|-end|p2a: GREAT NECK|Protosynthesis|[silent]
|
|-weather|SunnyDay|[upkeep]
|upkeep
|
|t:|1758977278
|switch|p2a: TORE UP|Ceruledge, M, shiny|100/100
|-damage|p2a: TORE UP|76/100|[from] Stealth Rock
|turn|7
|
|t:|1758977289
|move|p2a: TORE UP|Shadow Sneak|p1a: Walking Wake
|-damage|p1a: Walking Wake|0 fnt
|faint|p1a: Walking Wake
|-end|p1a: Walking Wake|Protosynthesis|[silent]
|
|-weather|SunnyDay|[upkeep]
|upkeep
|inactive|BALIGRE has 90 seconds left.
|
|t:|1758977299
|switch|p1a: Dragonite|Dragonite, F|100/100
|turn|8
|inactive|BALIGRE has 90 seconds left.
|
|t:|1758977318
|switch|p2a: BANDIT|Great Tusk, shiny|100/100
|-damage|p2a: BANDIT|98/100|[from] Stealth Rock
|-activate|p2a: BANDIT|ability: Protosynthesis
|-start|p2a: BANDIT|protosynthesisatk
|move|p1a: Dragonite|Dragon Dance|p1a: Dragonite
|-boost|p1a: Dragonite|atk|1
|-boost|p1a: Dragonite|spe|1
|
|-weather|none
|-end|p2a: BANDIT|Protosynthesis
|upkeep
|-enditem|p2a: BANDIT|Booster Energy
|-activate|p2a: BANDIT|ability: Protosynthesis|[fromitem]
|-start|p2a: BANDIT|protosynthesisatk
|turn|9
|inactive|BALIGRE has 90 seconds left.
|
|t:|1758977333
|switch|p1a: Skarmory|Skarmory, F|100/100
|move|p2a: BANDIT|Rapid Spin|p1a: Skarmory
|-resisted|p1a: Skarmory
|-damage|p1a: Skarmory|94/100
|-boost|p2a: BANDIT|spe|1
|-damage|p2a: BANDIT|81/100|[from] item: Rocky Helmet|[of] p1a: Skarmory
|-sideend|p2: thekingthegoat|Stealth Rock|[from] move: Rapid Spin|[of] p2a: BANDIT
|
|upkeep
|turn|10
|
|t:|1758977341
|-end|p2a: BANDIT|Protosynthesis|[silent]
|switch|p2a: TORE UP|Ceruledge, M, shiny|76/100
|move|p1a: Skarmory|Spikes|p2a: TORE UP
|-sidestart|p2: thekingthegoat|Spikes
|
|upkeep
|turn|11
|inactive|BALIGRE has 90 seconds left.
|
|t:|1758977351
|move|p2a: TORE UP|Bitter Blade|p1a: Skarmory
|-supereffective|p1a: Skarmory
|-damage|p1a: Skarmory|34/100
|-heal|p2a: TORE UP|100/100|[from] drain|[of] p1a: Skarmory
|-damage|p2a: TORE UP|84/100|[from] item: Rocky Helmet|[of] p1a: Skarmory
|move|p1a: Skarmory|Whirlwind|p2a: TORE UP
|drag|p2a: BANDIT|Great Tusk, shiny|81/100
|-damage|p2a: BANDIT|69/100|[from] Spikes
|
|upkeep
|turn|12
|inactive|BALIGRE has 90 seconds left.
|
|t:|1758977377
|move|p2a: BANDIT|Close Combat|p1a: Skarmory
|-damage|p1a: Skarmory|0 fnt
|-unboost|p2a: BANDIT|def|1
|-unboost|p2a: BANDIT|spd|1
|-damage|p2a: BANDIT|52/100|[from] item: Rocky Helmet|[of] p1a: Skarmory
|faint|p1a: Skarmory
|
|upkeep
|
|t:|1758977390
|switch|p1a: Dragonite|Dragonite, F|100/100
|turn|13
|
|t:|1758977401
|move|p2a: BANDIT|Rapid Spin|p1a: Dragonite
|-damage|p1a: Dragonite|90/100
|-boost|p2a: BANDIT|spe|1
|-sideend|p2: thekingthegoat|Spikes|[from] move: Rapid Spin|[of] p2a: BANDIT
|move|p1a: Dragonite|Ice Spinner|p2a: BANDIT
|-supereffective|p2a: BANDIT
|-damage|p2a: BANDIT|0 fnt
|faint|p2a: BANDIT
|-end|p2a: BANDIT|Protosynthesis|[silent]
|
|upkeep
|
|t:|1758977404
|switch|p2a: BROTHER STONE|Ogerpon-Cornerstone, F|100/100
|turn|14
|
|t:|1758977427
|switch|p1a: Kingambit|Kingambit, F|100/100
|-activate|p1a: Kingambit|ability: Supreme Overlord
|-start|p1a: Kingambit|fallen3|[silent]
|move|p2a: BROTHER STONE|Ivy Cudgel|p1a: Kingambit|[anim] Ivy Cudgel Rock
|-resisted|p1a: Kingambit
|-crit|p1a: Kingambit
|-damage|p1a: Kingambit|68/100
|
|-heal|p1a: Kingambit|74/100|[from] item: Leftovers
|upkeep
|turn|15
|
|t:|1758977439
|move|p1a: Kingambit|Sucker Punch|p2a: BROTHER STONE
|-damage|p2a: BROTHER STONE|30/100
|move|p2a: BROTHER STONE|Low Kick|p1a: Kingambit
|-supereffective|p1a: Kingambit
|-damage|p1a: Kingambit|0 fnt
|faint|p1a: Kingambit
|-end|p1a: Kingambit|fallen3|[silent]
|
|upkeep
|inactive|BALIGRE has 60 seconds left.
|
|t:|1758977459
|switch|p1a: Dragonite|Dragonite, F|90/100
|turn|16
|
|t:|1758977473
|move|p2a: BROTHER STONE|Ivy Cudgel|p1a: Dragonite|[anim] Ivy Cudgel Rock
|-supereffective|p1a: Dragonite
|-damage|p1a: Dragonite|0 fnt
|faint|p1a: Dragonite
|
|upkeep
|-message|BALIGRE forfeited.
|
|win|thekingthegoat
|raw|BALIGRE's rating: 1544 &rarr; <strong>1521</strong><br />(-23 for losing)
|raw|thekingthegoat's rating: 1496 &rarr; <strong>1519</strong><br />(+23 for winning)
|l|☆BALIGRE
|player|p1|
|l|☆thekingthegoat
|player|p2|
