|j|☆Qazxcdewsf
|j|☆Mky27
|t:|1758985457
|gametype|singles
|player|p1|Qazxcdewsf|265|1491
|player|p2|Mky27|ltsurge|1490
|gen|9
|tier|[Gen 9] OU
|rated|
|rule|HP Percentage Mod: HP is shown in percentages
|rule|Endless Battle Clause: Forcing endless battles is banned
|rule|Species Clause: Limit one of each Pokémon
|rule|OHKO Clause: OHKO moves are banned
|rule|Evasion Items Clause: Evasion items are banned
|rule|Evasion Moves Clause: Evasion moves are banned
|rule|Evasion Abilities Clause: Evasion abilities are banned
|rule|Sleep Moves Clause: Sleep-inducing moves are banned
|clearpoke
|poke|p1|Gliscor, M|
|poke|p1|Moltres|
|poke|p1|Scizor, F|
|poke|p1|Alomomola, M|
|poke|p1|Darkrai|
|poke|p1|Garganacl, F|
|poke|p2|Walking Wake|
|poke|p2|Great Tusk|
|poke|p2|Torkoal, F|
|poke|p2|Indeedee, M|
|poke|p2|Exeggutor, M|
|poke|p2|Kingambit, M|
|teampreview
|inactive|Battle timer is ON: inactive players will automatically lose when time's up. (requested by Mky27)
|l|☆Mky27
|inactive|Mky27 disconnected and has a minute to reconnect!
|player|p2|
|j|☆Mky27
|inactive|Mky27 reconnected and has 130 seconds left.
|player|p2|Mky27|ltsurge|
|
|t:|1758985485
|teamsize|p1|6
|teamsize|p2|6
|start
|switch|p1a: Gliscor|Gliscor, M|100/100
|switch|p2a: Indimacho|Indeedee, M|100/100
|-fieldstart|move: Psychic Terrain|[from] ability: Psychic Surge|[of] p2a: Indimacho
|turn|1
|
|t:|1758985494
|move|p2a: Indimacho|Expanding Force|p1a: Gliscor
|-damage|p1a: Gliscor|0 fnt
|faint|p1a: Gliscor
|
|upkeep
|
|t:|1758985499
|switch|p1a: Darkrai|Darkrai|100/100
|turn|2
|
|t:|1758985507
|switch|p2a: Kingsharp|Kingambit, M|100/100
|move|p1a: Darkrai|Dark Pulse|p2a: Kingsharp
|-resisted|p2a: Kingsharp
|-damage|p2a: Kingsharp|91/100
|
|upkeep
|turn|3
|
|t:|1758985520
|switch|p1a: Alomomola|Alomomola, M|100/100
|switch|p2a: Exxegcutor|Exeggutor, M, shiny|100/100
|
|upkeep
|turn|4
|
|t:|1758985527
|move|p2a: Exxegcutor|Expanding Force|p1a: Alomomola
|-damage|p1a: Alomomola|33/100
|move|p1a: Alomomola|Flip Turn|p2a: Exxegcutor
|-resisted|p2a: Exxegcutor
|-damage|p2a: Exxegcutor|91/100
|
|t:|1758985531
|switch|p1a: Darkrai|Darkrai|100/100|[from] Flip Turn
|
|upkeep
|turn|5
|
|t:|1758985543
|-terastallize|p2a: Exxegcutor|Fire
|move|p1a: Darkrai|Dark Pulse|p2a: Exxegcutor
|-damage|p2a: Exxegcutor|32/100
|move|p2a: Exxegcutor|Energy Ball|p1a: Darkrai
|-damage|p1a: Darkrai|39/100
|
|-fieldend|move: Psychic Terrain
|upkeep
|turn|6
|
|t:|1758985555
|switch|p1a: Garganacl|Garganacl, F|100/100
|move|p2a: Exxegcutor|Endure||[still]
|-fail|p2a: Exxegcutor
|
|upkeep
|turn|7
|
|t:|1758985564
|move|p2a: Exxegcutor|Energy Ball|p1a: Garganacl
|-supereffective|p1a: Garganacl
|-damage|p1a: Garganacl|43/100
|move|p1a: Garganacl|Salt Cure|p2a: Exxegcutor
|-supereffective|p2a: Exxegcutor
|-damage|p2a: Exxegcutor|0 fnt
|faint|p2a: Exxegcutor
|
|upkeep
|
|t:|1758985581
|switch|p2a: Indimacho|Indeedee, M|100/100
|-fieldstart|move: Psychic Terrain|[from] ability: Psychic Surge|[of] p2a: Indimacho
|turn|8
|
|t:|1758985585
|switch|p1a: Alomomola|Alomomola, M|66/100
|move|p2a: Indimacho|Expanding Force|p1a: Alomomola
|-damage|p1a: Alomomola|6/100
|
|upkeep
|turn|9
|
|t:|1758985597
|switch|p1a: Darkrai|Darkrai|39/100
|move|p2a: Indimacho|Expanding Force|p1a: Darkrai
|-immune|p1a: Darkrai
|
|upkeep
|turn|10
|
|t:|1758985604
|switch|p2a: Kingsharp|Kingambit, M|91/100
|switch|p1a: Alomomola|Alomomola, M|39/100
|
|upkeep
|turn|11
|
|t:|1758985611
|switch|p1a: Moltres|Moltres|100/100
|move|p2a: Kingsharp|Zen Headbutt|p1a: Moltres
|-damage|p1a: Moltres|69/100
|
|upkeep
|turn|12
|
|t:|1758985619
|switch|p2a: PaleoRaptor|Walking Wake|100/100
|move|p1a: Moltres|Roost|p1a: Moltres
|-heal|p1a: Moltres|100/100
|-singleturn|p1a: Moltres|move: Roost
|
|-fieldend|move: Psychic Terrain
|upkeep
|turn|13
|
|t:|1758985628
|switch|p1a: Alomomola|Alomomola, M|72/100
|move|p2a: PaleoRaptor|Draco Meteor|p1a: Alomomola
|-damage|p1a: Alomomola|24/100
|-unboost|p2a: PaleoRaptor|spa|2
|
|upkeep
|turn|14
|
|t:|1758985637
|switch|p1a: Scizor|Scizor, F|100/100
|move|p2a: PaleoRaptor|Flip Turn|p1a: Scizor
|-crit|p1a: Scizor
|-damage|p1a: Scizor|73/100
|
|t:|1758985645
|-end|p2a: PaleoRaptor|Protosynthesis|[silent]
|switch|p2a: Indimacho|Indeedee, M|100/100|[from] Flip Turn
|-fieldstart|move: Psychic Terrain|[from] ability: Psychic Surge|[of] p2a: Indimacho
|
|upkeep
|turn|15
|
|t:|1758985651
|switch|p1a: Darkrai|Darkrai|39/100
|move|p2a: Indimacho|Expanding Force|p1a: Darkrai
|-immune|p1a: Darkrai
|
|upkeep
|turn|16
|
|t:|1758985666
|switch|p2a: Kingsharp|Kingambit, M|91/100
|move|p1a: Darkrai|Dark Pulse|p2a: Kingsharp
|-resisted|p2a: Kingsharp
|-damage|p2a: Kingsharp|80/100
|
|upkeep
|turn|17
|
|t:|1758985681
|switch|p1a: Moltres|Moltres|100/100
|switch|p2a: PaleoRaptor|Walking Wake|100/100
|
|upkeep
|turn|18
|
|t:|1758985688
|switch|p1a: Alomomola|Alomomola, M|58/100
|move|p2a: PaleoRaptor|Draco Meteor|p1a: Alomomola
|-damage|p1a: Alomomola|10/100
|-unboost|p2a: PaleoRaptor|spa|2
|
|-fieldend|move: Psychic Terrain
|upkeep
|turn|19
|
|t:|1758985697
|switch|p1a: Moltres|Moltres|100/100
|move|p2a: PaleoRaptor|Flip Turn|p1a: Moltres
|-supereffective|p1a: Moltres
|-damage|p1a: Moltres|61/100
|-status|p2a: PaleoRaptor|brn|[from] ability: Flame Body|[of] p1a: Moltres
|
|t:|1758985706
|-end|p2a: PaleoRaptor|Protosynthesis|[silent]
|switch|p2a: Indimacho|Indeedee, M|100/100|[from] Flip Turn
|-fieldstart|move: Psychic Terrain|[from] ability: Psychic Surge|[of] p2a: Indimacho
|
|upkeep
|turn|20
|
|t:|1758985719
|move|p2a: Indimacho|Dazzling Gleam|p1a: Moltres
|-resisted|p1a: Moltres
|-damage|p1a: Moltres|52/100
|move|p1a: Moltres|Roost|p1a: Moltres
|-heal|p1a: Moltres|100/100
|-singleturn|p1a: Moltres|move: Roost
|
|upkeep
|turn|21
|
|t:|1758985728
|switch|p2a: PaleoRaptor|Walking Wake|100/100 brn
|move|p1a: Moltres|U-turn|p2a: PaleoRaptor
|-damage|p2a: PaleoRaptor|85/100 brn
|
|t:|1758985732
|switch|p1a: Alomomola|Alomomola, M|43/100|[from] U-turn
|
|-damage|p2a: PaleoRaptor|79/100 brn|[from] brn
|upkeep
|turn|22
|
|t:|1758985741
|move|p1a: Alomomola|Protect|p1a: Alomomola
|-singleturn|p1a: Alomomola|Protect
|move|p2a: PaleoRaptor|Flamethrower|p1a: Alomomola
|-activate|p1a: Alomomola|move: Protect
|
|-damage|p2a: PaleoRaptor|73/100 brn|[from] brn
|upkeep
|turn|23
|
|t:|1758985754
|-terastallize|p1a: Alomomola|Fairy
|move|p2a: PaleoRaptor|Draco Meteor|p1a: Alomomola
|-immune|p1a: Alomomola
|move|p1a: Alomomola|Wish|p1a: Alomomola
|
|-damage|p2a: PaleoRaptor|67/100 brn|[from] brn
|-fieldend|move: Psychic Terrain
|upkeep
|turn|24
|
|t:|1758985773
|move|p2a: PaleoRaptor|Hydro Steam|p1a: Alomomola
|-damage|p1a: Alomomola|10/100
|move|p1a: Alomomola|Flip Turn|p2a: PaleoRaptor
|-resisted|p2a: PaleoRaptor
|-crit|p2a: PaleoRaptor
|-damage|p2a: PaleoRaptor|60/100 brn
|
|t:|1758985781
|switch|p1a: Darkrai|Darkrai|39/100|[from] Flip Turn
|
|-heal|p1a: Darkrai|100/100|[from] move: Wish|[wisher] Alomomola
|-damage|p2a: PaleoRaptor|54/100 brn|[from] brn
|upkeep
|turn|25
|
|t:|1758985790
|-end|p2a: PaleoRaptor|Protosynthesis|[silent]
|switch|p2a: Trollkoal|Torkoal, F, shiny|100/100
|-weather|SunnyDay|[from] ability: Drought|[of] p2a: Trollkoal
|move|p1a: Darkrai|Dark Pulse|p2a: Trollkoal
|-damage|p2a: Trollkoal|47/100
|
|-weather|SunnyDay|[upkeep]
|upkeep
|turn|26
|
|t:|1758985799
|switch|p1a: Alomomola|Alomomola, M, tera:Fairy|43/100
|switch|p2a: Kingsharp|Kingambit, M|80/100
|
|-weather|SunnyDay|[upkeep]
|upkeep
|turn|27
|
|t:|1758985811
|switch|p2a: PaleoRaptor|Walking Wake|54/100 brn
|-activate|p2a: PaleoRaptor|ability: Protosynthesis
|-start|p2a: PaleoRaptor|protosynthesisspe
|switch|p1a: Moltres|Moltres|100/100
|
|-weather|SunnyDay|[upkeep]
|-damage|p2a: PaleoRaptor|47/100 brn|[from] brn
|upkeep
|turn|28
|
|t:|1758985821
|switch|p1a: Alomomola|Alomomola, M, tera:Fairy|77/100
|move|p2a: PaleoRaptor|Hydro Steam|p1a: Alomomola
|-damage|p1a: Alomomola|28/100
|
|-weather|SunnyDay|[upkeep]
|-damage|p2a: PaleoRaptor|41/100 brn|[from] brn
|upkeep
|turn|29
|
|t:|1758985828
|move|p1a: Alomomola|Protect|p1a: Alomomola
|-singleturn|p1a: Alomomola|Protect
|move|p2a: PaleoRaptor|Hydro Steam|p1a: Alomomola
|-activate|p1a: Alomomola|move: Protect
|
|-weather|SunnyDay|[upkeep]
|-damage|p2a: PaleoRaptor|35/100 brn|[from] brn
|upkeep
|turn|30
|
|t:|1758985838
|switch|p1a: Garganacl|Garganacl, F|43/100
|move|p2a: PaleoRaptor|Hydro Steam|p1a: Garganacl
|-supereffective|p1a: Garganacl
|-damage|p1a: Garganacl|0 fnt
|faint|p1a: Garganacl
|
|-weather|SunnyDay|[upkeep]
|-damage|p2a: PaleoRaptor|29/100 brn|[from] brn
|upkeep
|
|t:|1758985846
|switch|p1a: Scizor|Scizor, F|73/100
|turn|31
|
|t:|1758985853
|-end|p2a: PaleoRaptor|Protosynthesis|[silent]
|switch|p2a: Paleomut|Great Tusk, shiny|100/100
|-activate|p2a: Paleomut|ability: Protosynthesis
|-start|p2a: Paleomut|protosynthesisspe
|move|p1a: Scizor|Bullet Punch|p2a: Paleomut
|-damage|p2a: Paleomut|70/100
|
|-weather|SunnyDay|[upkeep]
|-heal|p2a: Paleomut|76/100|[from] item: Leftovers
|upkeep
|turn|32
|
|t:|1758985868
|-end|p2a: Paleomut|Protosynthesis|[silent]
|switch|p2a: Indimacho|Indeedee, M|100/100
|-fieldstart|move: Psychic Terrain|[from] ability: Psychic Surge|[of] p2a: Indimacho
|switch|p1a: Moltres|Moltres|100/100
|
|-weather|none
|upkeep
|turn|33
|
|t:|1758985876
|switch|p1a: Darkrai|Darkrai|100/100
|move|p2a: Indimacho|Expanding Force|p1a: Darkrai
|-immune|p1a: Darkrai
|
|upkeep
|turn|34
|
|t:|1758985884
|switch|p2a: Kingsharp|Kingambit, M|80/100
|switch|p1a: Moltres|Moltres|100/100
|
|upkeep
|turn|35
|
|t:|1758985893
|switch|p2a: Trollkoal|Torkoal, F, shiny|47/100
|-weather|SunnyDay|[from] ability: Drought|[of] p2a: Trollkoal
|move|p1a: Moltres|U-turn|p2a: Trollkoal
|-resisted|p2a: Trollkoal
|-damage|p2a: Trollkoal|43/100
|
|t:|1758985906
|switch|p1a: Scizor|Scizor, F|73/100|[from] U-turn
|
|-weather|SunnyDay|[upkeep]
|upkeep
|turn|36
|
|t:|1758985912
|move|p1a: Scizor|Close Combat|p2a: Trollkoal
|-damage|p2a: Trollkoal|7/100
|-unboost|p1a: Scizor|def|1
|-unboost|p1a: Scizor|spd|1
|move|p2a: Trollkoal|Stealth Rock|p1a: Scizor
|-sidestart|p1: Qazxcdewsf|move: Stealth Rock
|
|-weather|SunnyDay|[upkeep]
|-fieldend|move: Psychic Terrain
|upkeep
|turn|37
|
|t:|1758985923
|switch|p2a: Paleomut|Great Tusk, shiny|76/100
|-activate|p2a: Paleomut|ability: Protosynthesis
|-start|p2a: Paleomut|protosynthesisspe
|move|p1a: Scizor|Close Combat|p2a: Paleomut
|-damage|p2a: Paleomut|33/100
|-unboost|p1a: Scizor|def|1
|-unboost|p1a: Scizor|spd|1
|
|-weather|SunnyDay|[upkeep]
|-heal|p2a: Paleomut|39/100|[from] item: Leftovers
|upkeep
|turn|38
|
|t:|1758985936
|-end|p2a: Paleomut|Protosynthesis|[silent]
|switch|p2a: Indimacho|Indeedee, M|100/100
|-fieldstart|move: Psychic Terrain|[from] ability: Psychic Surge|[of] p2a: Indimacho
|switch|p1a: Alomomola|Alomomola, M, tera:Fairy|61/100
|
|-weather|SunnyDay|[upkeep]
|upkeep
|turn|39
|
|t:|1758985950
|switch|p2a: PaleoRaptor|Walking Wake|29/100 brn
|-activate|p2a: PaleoRaptor|ability: Protosynthesis
|-start|p2a: PaleoRaptor|protosynthesisspe
|switch|p1a: Darkrai|Darkrai|100/100
|
|-weather|SunnyDay|[upkeep]
|-damage|p2a: PaleoRaptor|23/100 brn|[from] brn
|upkeep
|turn|40
|
|t:|1758985960
|move|p1a: Darkrai|Sucker Punch|p2a: PaleoRaptor
|-activate|p2a: PaleoRaptor|move: Psychic Terrain
|move|p2a: PaleoRaptor|Hydro Steam|p1a: Darkrai
|-damage|p1a: Darkrai|11/100
|
|-weather|SunnyDay|[upkeep]
|-damage|p2a: PaleoRaptor|17/100 brn|[from] brn
|upkeep
|turn|41
|-message|Qazxcdewsf forfeited.
|
|win|Mky27
|raw|Qazxcdewsf's rating: 1491 &rarr; <strong>1471</strong><br />(-20 for losing)
|raw|Mky27's rating: 1490 &rarr; <strong>1510</strong><br />(+20 for winning)
|l|☆Qazxcdewsf
|player|p1|
|l|☆Mky27
|player|p2|
