|j|☆December233
|j|☆the the green
|t:|1758938972
|gametype|singles
|player|p1|December233|evelyn|1320
|player|p2|the the green|101|1323
|gen|9
|tier|[Gen 9] OU
|rated|
|rule|HP Percentage Mod: HP is shown in percentages
|rule|Endless Battle Clause: Forcing endless battles is banned
|rule|Species Clause: Limit one of each Pokémon
|rule|OHKO Clause: OHKO moves are banned
|rule|Evasion Items Clause: Evasion items are banned
|rule|Evasion Moves Clause: Evasion moves are banned
|rule|Evasion Abilities Clause: Evasion abilities are banned
|rule|Sleep Moves Clause: Sleep-inducing moves are banned
|clearpoke
|poke|p1|Skuntank, F|
|poke|p1|Porygon2|
|poke|p1|Dragapult, M|
|poke|p1|Gholdengo|
|poke|p1|Great Tusk|
|poke|p1|Primarina, M|
|poke|p2|Iron Treads|
|poke|p2|Gholdengo|
|poke|p2|Samurott-Hisui, F|
|poke|p2|Moltres|
|poke|p2|Zamazenta-*|
|poke|p2|Raging Bolt|
|teampreview
|inactive|Battle timer is ON: inactive players will automatically lose when time's up. (requested by the the green)
|inactive|December233 has 120 seconds left.
|
|t:|1758939031
|teamsize|p1|6
|teamsize|p2|6
|start
|switch|p1a: Skuntank|Skuntank, F|100/100
|switch|p2a: Samurott|Samurott-Hisui, F, shiny|100/100
|turn|1
|
|t:|1758939044
|move|p1a: Skuntank|Toxic Spikes|p2a: Samurott
|-sidestart|p2: the the green|move: Toxic Spikes
|move|p2a: Samurott|Aqua Cutter|p1a: Skuntank
|-damage|p1a: Skuntank|50/100
|
|upkeep
|turn|2
|
|t:|1758939050
|move|p1a: Skuntank|Toxic|p2a: Samurott
|-status|p2a: Samurott|tox
|move|p2a: Samurott|Aqua Cutter|p1a: Skuntank
|-crit|p1a: Skuntank
|-damage|p1a: Skuntank|0 fnt
|faint|p1a: Skuntank
|
|-damage|p2a: Samurott|94/100 tox|[from] psn
|upkeep
|
|t:|1758939063
|switch|p1a: Primarina|Primarina, M|100/100
|turn|3
|
|t:|1758939080
|switch|p2a: Moltres|Moltres|100/100
|move|p1a: Primarina|Substitute|p1a: Primarina
|-start|p1a: Primarina|Substitute
|-damage|p1a: Primarina|76/100
|
|-heal|p1a: Primarina|82/100|[from] item: Leftovers
|upkeep
|turn|4
|
|t:|1758939094
|move|p1a: Primarina|Calm Mind|p1a: Primarina
|-boost|p1a: Primarina|spa|1
|-boost|p1a: Primarina|spd|1
|move|p2a: Moltres|Roar|p1a: Primarina
|drag|p1a: Great Tusk|Great Tusk|100/100
|
|upkeep
|turn|5
|inactive|December233 has 120 seconds left.
|
|t:|1758939142
|-end|p1a: Great Tusk|Protosynthesis|[silent]
|switch|p1a: Gholdengo|Gholdengo|100/100
|move|p2a: Moltres|U-turn|p1a: Gholdengo
|-resisted|p1a: Gholdengo
|-damage|p1a: Gholdengo|97/100
|
|t:|1758939150
|switch|p2a: Iron Treads|Iron Treads|100/100|[from] U-turn
|
|upkeep
|turn|6
|
|t:|1758939158
|switch|p1a: Dragapult|Dragapult, M|100/100
|move|p2a: Iron Treads|Stealth Rock|p1a: Dragapult
|-sidestart|p1: December233|move: Stealth Rock
|
|upkeep
|turn|7
|inactive|December233 has 120 seconds left.
|
|t:|1758939169
|-end|p2a: Iron Treads|Quark Drive|[silent]
|switch|p2a: Samurott|Samurott-Hisui, F, shiny|94/100 tox
|move|p1a: Dragapult|Will-O-Wisp|p2a: Samurott|[miss]
|-miss|p1a: Dragapult|p2a: Samurott
|
|-heal|p2a: Samurott|100/100 tox|[from] item: Leftovers
|-damage|p2a: Samurott|94/100 tox|[from] psn
|upkeep
|turn|8
|
|t:|1758939173
|move|p1a: Dragapult|U-turn|p2a: Samurott
|-supereffective|p2a: Samurott
|-damage|p2a: Samurott|42/100 tox
|
|t:|1758939178
|switch|p1a: Great Tusk|Great Tusk|100/100|[from] U-turn
|move|p2a: Samurott|Knock Off|p1a: Great Tusk
|-resisted|p1a: Great Tusk
|-damage|p1a: Great Tusk|87/100
|-enditem|p1a: Great Tusk|Heavy-Duty Boots|[from] move: Knock Off|[of] p2a: Samurott
|
|-heal|p2a: Samurott|48/100 tox|[from] item: Leftovers
|-damage|p2a: Samurott|35/100 tox|[from] psn
|upkeep
|turn|9
|
|t:|1758939186
|switch|p2a: Moltres|Moltres|100/100
|move|p1a: Great Tusk|Stealth Rock|p2a: Moltres
|-sidestart|p2: the the green|move: Stealth Rock
|
|upkeep
|turn|10
|
|t:|1758939191
|-end|p1a: Great Tusk|Protosynthesis|[silent]
|switch|p1a: Porygon2|Porygon2|100/100
|-damage|p1a: Porygon2|88/100|[from] Stealth Rock
|-ability|p1a: Porygon2|Flame Body|Trace|[from] ability: Trace|[of] p2a: Moltres
|move|p2a: Moltres|U-turn|p1a: Porygon2
|-damage|p1a: Porygon2|81/100
|
|t:|1758939203
|switch|p2a: Iron Treads|Iron Treads|100/100|[from] U-turn
|-damage|p2a: Iron Treads|97/100|[from] Stealth Rock
|
|-heal|p2a: Iron Treads|100/100|[from] item: Leftovers
|upkeep
|turn|11
|
|t:|1758939210
|switch|p1a: Dragapult|Dragapult, M|100/100
|move|p2a: Iron Treads|Rapid Spin|p1a: Dragapult
|-immune|p1a: Dragapult
|
|upkeep
|turn|12
|
|t:|1758939217
|-end|p2a: Iron Treads|Quark Drive|[silent]
|switch|p2a: Samurott|Samurott-Hisui, F, shiny|35/100 tox
|-damage|p2a: Samurott|23/100 tox|[from] Stealth Rock
|move|p1a: Dragapult|Dragon Darts|p2a: Samurott
|-damage|p2a: Samurott|0 fnt
|faint|p2a: Samurott
|
|upkeep
|
|t:|1758939228
|switch|p2a: Gholdengo|Gholdengo|100/100
|-damage|p2a: Gholdengo|94/100|[from] Stealth Rock
|turn|13
|
|t:|1758939233
|switch|p1a: Porygon2|Porygon2|81/100
|-damage|p1a: Porygon2|68/100|[from] Stealth Rock
|-ability|p1a: Porygon2|Good as Gold|Trace|[from] ability: Trace|[of] p2a: Gholdengo
|move|p2a: Gholdengo|Nasty Plot|p2a: Gholdengo
|-boost|p2a: Gholdengo|spa|2
|
|upkeep
|turn|14
|
|t:|1758939242
|move|p2a: Gholdengo|Nasty Plot|p2a: Gholdengo
|-boost|p2a: Gholdengo|spa|2
|move|p1a: Porygon2|Recover|p1a: Porygon2
|-heal|p1a: Porygon2|100/100
|
|upkeep
|turn|15
|
|t:|1758939250
|move|p2a: Gholdengo|Make It Rain|p1a: Porygon2
|-damage|p1a: Porygon2|4/100
|-unboost|p2a: Gholdengo|spa|1
|move|p1a: Porygon2|Foul Play|p2a: Gholdengo
|-supereffective|p2a: Gholdengo
|-damage|p2a: Gholdengo|75/100
|
|upkeep
|turn|16
|
|t:|1758939262
|move|p2a: Gholdengo|Nasty Plot|p2a: Gholdengo
|-boost|p2a: Gholdengo|spa|2
|move|p1a: Porygon2|Discharge|p2a: Gholdengo
|-damage|p2a: Gholdengo|56/100
|
|upkeep
|turn|17
|
|t:|1758939269
|move|p2a: Gholdengo|Recover|p2a: Gholdengo
|-heal|p2a: Gholdengo|100/100
|move|p1a: Porygon2|Discharge|p2a: Gholdengo
|-damage|p2a: Gholdengo|83/100
|
|upkeep
|turn|18
|
|t:|1758939274
|move|p2a: Gholdengo|Nasty Plot|p2a: Gholdengo
|-boost|p2a: Gholdengo|spa|1
|move|p1a: Porygon2|Discharge|p2a: Gholdengo
|-damage|p2a: Gholdengo|62/100
|
|upkeep
|turn|19
|
|t:|1758939280
|move|p2a: Gholdengo|Recover|p2a: Gholdengo
|-heal|p2a: Gholdengo|100/100
|move|p1a: Porygon2|Discharge|p2a: Gholdengo
|-damage|p2a: Gholdengo|80/100
|
|upkeep
|turn|20
|
|t:|1758939286
|move|p2a: Gholdengo|Make It Rain|p1a: Porygon2
|-damage|p1a: Porygon2|0 fnt
|-unboost|p2a: Gholdengo|spa|1
|faint|p1a: Porygon2
|
|upkeep
|
|t:|1758939291
|switch|p1a: Gholdengo|Gholdengo|97/100
|-damage|p1a: Gholdengo|91/100|[from] Stealth Rock
|turn|21
|
|t:|1758939297
|-terastallize|p2a: Gholdengo|Water
|move|p1a: Gholdengo|Shadow Ball|p2a: Gholdengo
|-damage|p2a: Gholdengo|41/100
|move|p2a: Gholdengo|Shadow Ball|p1a: Gholdengo
|-supereffective|p1a: Gholdengo
|-damage|p1a: Gholdengo|0 fnt
|faint|p1a: Gholdengo
|
|upkeep
|
|t:|1758939303
|switch|p1a: Dragapult|Dragapult, M|100/100
|turn|22
|
|t:|1758939312
|move|p1a: Dragapult|Dragon Darts|p2a: Gholdengo
|-damage|p2a: Gholdengo|24/100
|-anim|p1a: Dragapult|Dragon Darts|p2a: Gholdengo
|-damage|p2a: Gholdengo|5/100
|move|p2a: Gholdengo|Shadow Ball|p1a: Dragapult
|-supereffective|p1a: Dragapult
|-damage|p1a: Dragapult|0 fnt
|faint|p1a: Dragapult
|
|upkeep
|-message|December233 forfeited.
|
|win|the the green
|raw|December233's rating: 1320 &rarr; <strong>1300</strong><br />(-20 for losing)
|raw|the the green's rating: 1323 &rarr; <strong>1343</strong><br />(+20 for winning)
|l|☆December233
|player|p1|
|l|☆the the green
|player|p2|
|j|☆the the green
|player|p2|the the green|101|
