|j|☆fulkttd
|j|☆gigapoophater
|t:|1759012227
|gametype|singles
|player|p1|fulkttd|zinzolin|1288
|player|p2|gigapoophater|swimmer|1236
|gen|9
|tier|[Gen 9] OU
|rated|
|rule|HP Percentage Mod: HP is shown in percentages
|rule|Endless Battle Clause: Forcing endless battles is banned
|rule|Species Clause: Limit one of each Pokémon
|rule|OHKO Clause: OHKO moves are banned
|rule|Evasion Items Clause: Evasion items are banned
|rule|Evasion Moves Clause: Evasion moves are banned
|rule|Evasion Abilities Clause: Evasion abilities are banned
|rule|Sleep Moves Clause: Sleep-inducing moves are banned
|clearpoke
|poke|p1|Weavile, M|
|poke|p1|Great Tusk|
|poke|p1|Hatterene, F|
|poke|p1|Slowking-Galar, M|
|poke|p1|Gholdengo|
|poke|p1|Ogerpon-Wellspring, F|
|poke|p2|Iron Boulder|
|poke|p2|Skeledirge, F|
|poke|p2|Orthworm, M|
|poke|p2|Breloom, F|
|poke|p2|Milotic, F|
|poke|p2|Zebstrika, F|
|teampreview
|inactive|Battle timer is ON: inactive players will automatically lose when time's up. (requested by fulkttd)
|
|t:|1759012247
|teamsize|p1|6
|teamsize|p2|6
|start
|switch|p1a: Weavile|Weavile, M|100/100
|switch|p2a: Milotic|Milotic, F|100/100
|-ability|p1a: Weavile|Pressure
|turn|1
|
|t:|1759012252
|move|p1a: Weavile|Knock Off|p2a: Milotic
|-damage|p2a: Milotic|47/100
|-enditem|p2a: Milotic|Choice Specs|[from] move: Knock Off|[of] p1a: Weavile
|move|p2a: Milotic|Draining Kiss|p1a: Weavile
|-supereffective|p1a: Weavile
|-damage|p1a: Weavile|58/100
|-heal|p2a: Milotic|70/100|[from] drain|[of] p1a: Weavile
|
|upkeep
|turn|2
|
|t:|1759012265
|switch|p1a: Slowking|Slowking-Galar, M|100/100
|move|p2a: Milotic|Draining Kiss|p1a: Slowking
|-resisted|p1a: Slowking
|-damage|p1a: Slowking|96/100
|-heal|p2a: Milotic|73/100|[from] drain|[of] p1a: Slowking
|
|upkeep
|turn|3
|
|t:|1759012271
|move|p2a: Milotic|Scald|p1a: Slowking
|-damage|p1a: Slowking|74/100
|move|p1a: Slowking|Future Sight|p2a: Milotic
|-start|p1a: Slowking|move: Future Sight
|
|upkeep
|turn|4
|
|t:|1759012283
|move|p2a: Milotic|Ice Beam|p1a: Slowking
|-damage|p1a: Slowking|58/100
|move|p1a: Slowking|Sludge Wave|p2a: Milotic
|-damage|p2a: Milotic|41/100
|
|upkeep
|turn|5
|
|t:|1759012293
|move|p2a: Milotic|Draining Kiss|p1a: Slowking
|-resisted|p1a: Slowking
|-damage|p1a: Slowking|54/100
|-heal|p2a: Milotic|45/100|[from] drain|[of] p1a: Slowking
|move|p1a: Slowking|Sludge Wave|p2a: Milotic
|-damage|p2a: Milotic|12/100
|
|-end|p2a: Milotic|move: Future Sight
|-crit|p2a: Milotic
|-damage|p2a: Milotic|0 fnt
|faint|p2a: Milotic
|upkeep
|
|t:|1759012310
|switch|p2a: Skeledirge|Skeledirge, F|100/100
|turn|6
|
|t:|1759012317
|move|p2a: Skeledirge|Torch Song|p1a: Slowking
|-damage|p1a: Slowking|34/100
|-boost|p2a: Skeledirge|spa|1
|move|p1a: Slowking|Future Sight|p2a: Skeledirge
|-start|p1a: Slowking|move: Future Sight
|
|upkeep
|turn|7
|
|t:|1759012331
|switch|p1a: Ogerpon|Ogerpon-Wellspring, F|100/100
|-terastallize|p2a: Skeledirge|Fire
|move|p2a: Skeledirge|Torch Song|p1a: Ogerpon
|-damage|p1a: Ogerpon|14/100
|-boost|p2a: Skeledirge|spa|1
|
|upkeep
|turn|8
|
|t:|1759012335
|move|p2a: Skeledirge|Torch Song|p1a: Ogerpon
|-damage|p1a: Ogerpon|0 fnt
|-boost|p2a: Skeledirge|spa|1
|faint|p1a: Ogerpon
|
|-end|p2a: Skeledirge|move: Future Sight
|-damage|p2a: Skeledirge|19/100
|upkeep
|
|t:|1759012344
|switch|p1a: Gholdengo|Gholdengo|100/100
|turn|9
|
|t:|1759012346
|move|p1a: Gholdengo|Shadow Ball|p2a: Skeledirge
|-crit|p2a: Skeledirge
|-damage|p2a: Skeledirge|0 fnt
|faint|p2a: Skeledirge
|
|upkeep
|
|t:|1759012355
|switch|p2a: Zebstrika|Zebstrika, F|100/100
|turn|10
|
|t:|1759012363
|switch|p1a: Great Tusk|Great Tusk|100/100
|move|p2a: Zebstrika|High Horsepower|p1a: Great Tusk
|-damage|p1a: Great Tusk|73/100
|-damage|p2a: Zebstrika|91/100|[from] item: Life Orb
|
|upkeep
|turn|11
|
|t:|1759012368
|switch|p2a: Orthworm|Orthworm, M|100/100
|move|p1a: Great Tusk|Close Combat|p2a: Orthworm
|-supereffective|p2a: Orthworm
|-damage|p2a: Orthworm|28/100
|-unboost|p1a: Great Tusk|def|1
|-unboost|p1a: Great Tusk|spd|1
|-damage|p1a: Great Tusk|57/100|[from] item: Rocky Helmet|[of] p2a: Orthworm
|
|upkeep
|turn|12
|
|t:|1759012381
|move|p1a: Great Tusk|Close Combat|p2a: Orthworm
|-supereffective|p2a: Orthworm
|-damage|p2a: Orthworm|0 fnt
|-unboost|p1a: Great Tusk|def|1
|-unboost|p1a: Great Tusk|spd|1
|-damage|p1a: Great Tusk|40/100|[from] item: Rocky Helmet|[of] p2a: Orthworm
|faint|p2a: Orthworm
|
|upkeep
|
|t:|1759012388
|switch|p2a: Zebstrika|Zebstrika, F|91/100
|turn|13
|
|t:|1759012399
|move|p2a: Zebstrika|Trailblaze|p1a: Great Tusk
|-supereffective|p1a: Great Tusk
|-damage|p1a: Great Tusk|0 fnt
|-boost|p2a: Zebstrika|spe|1
|faint|p1a: Great Tusk
|-end|p1a: Great Tusk|Protosynthesis|[silent]
|-damage|p2a: Zebstrika|81/100|[from] item: Life Orb
|
|upkeep
|
|t:|1759012407
|switch|p1a: Hatterene|Hatterene, F|100/100
|turn|14
|
|t:|1759012413
|move|p2a: Zebstrika|Supercell Slam|p1a: Hatterene
|-damage|p1a: Hatterene|53/100
|-damage|p2a: Zebstrika|71/100|[from] item: Life Orb
|move|p1a: Hatterene|Draining Kiss|p2a: Zebstrika
|-damage|p2a: Zebstrika|31/100
|-heal|p1a: Hatterene|80/100|[from] drain|[of] p2a: Zebstrika
|
|-heal|p1a: Hatterene|86/100|[from] item: Leftovers
|upkeep
|turn|15
|
|t:|1759012422
|move|p2a: Zebstrika|Supercell Slam|p1a: Hatterene
|-damage|p1a: Hatterene|41/100
|-damage|p2a: Zebstrika|21/100|[from] item: Life Orb
|move|p1a: Hatterene|Draining Kiss|p2a: Zebstrika
|-damage|p2a: Zebstrika|0 fnt
|-heal|p1a: Hatterene|56/100|[from] drain|[of] p2a: Zebstrika
|faint|p2a: Zebstrika
|
|-heal|p1a: Hatterene|62/100|[from] item: Leftovers
|upkeep
|
|t:|1759012432
|switch|p2a: Iron Boulder|Iron Boulder|100/100
|-enditem|p2a: Iron Boulder|Booster Energy
|-activate|p2a: Iron Boulder|ability: Quark Drive|[fromitem]
|-start|p2a: Iron Boulder|quarkdrivespe
|turn|16
|
|t:|1759012436
|move|p2a: Iron Boulder|Swords Dance|p2a: Iron Boulder
|-boost|p2a: Iron Boulder|atk|2
|move|p1a: Hatterene|Nuzzle|p2a: Iron Boulder
|-damage|p2a: Iron Boulder|95/100
|-status|p2a: Iron Boulder|par
|
|-heal|p1a: Hatterene|67/100|[from] item: Leftovers
|upkeep
|turn|17
|
|t:|1759012442
|move|p2a: Iron Boulder|Mighty Cleave|p1a: Hatterene
|-damage|p1a: Hatterene|0 fnt
|faint|p1a: Hatterene
|
|upkeep
|
|t:|1759012451
|switch|p1a: Weavile|Weavile, M|58/100
|-ability|p1a: Weavile|Pressure
|turn|18
|
|t:|1759012454
|move|p1a: Weavile|Knock Off|p2a: Iron Boulder
|-supereffective|p2a: Iron Boulder
|-damage|p2a: Iron Boulder|12/100 par
|move|p2a: Iron Boulder|Sacred Sword|p1a: Weavile
|-supereffective|p1a: Weavile
|-damage|p1a: Weavile|0 fnt
|faint|p1a: Weavile
|
|upkeep
|
|t:|1759012460
|switch|p1a: Gholdengo|Gholdengo|100/100
|turn|19
|
|t:|1759012467
|move|p1a: Gholdengo|Dazzling Gleam|p2a: Iron Boulder
|-damage|p2a: Iron Boulder|0 fnt
|faint|p2a: Iron Boulder
|-end|p2a: Iron Boulder|Quark Drive|[silent]
|
|upkeep
|
|t:|1759012469
|switch|p2a: Breloom|Breloom, F|100/100
|turn|20
|
|t:|1759012475
|move|p1a: Gholdengo|Dazzling Gleam|p2a: Breloom
|-supereffective|p2a: Breloom
|-damage|p2a: Breloom|0 fnt
|faint|p2a: Breloom
|
|win|fulkttd
|raw|fulkttd's rating: 1288 &rarr; <strong>1309</strong><br />(+21 for winning)
|raw|gigapoophater's rating: 1236 &rarr; <strong>1215</strong><br />(-21 for losing)
|l|☆gigapoophater
|player|p2|
|l|☆fulkttd
|player|p1|
