|j|☆China-GX-WL
|j|☆420Pimmelberger
|t:|1758961709
|gametype|singles
|player|p1|China-GX-WL|giovanni|1218
|player|p2|420Pimmelberger|101|1244
|gen|9
|tier|[Gen 9] OU
|rated|
|rule|HP Percentage Mod: HP is shown in percentages
|rule|Endless Battle Clause: Forcing endless battles is banned
|rule|Species Clause: Limit one of each Pokémon
|rule|OHKO Clause: OHKO moves are banned
|rule|Evasion Items Clause: Evasion items are banned
|rule|Evasion Moves Clause: Evasion moves are banned
|rule|Evasion Abilities Clause: Evasion abilities are banned
|rule|Sleep Moves Clause: Sleep-inducing moves are banned
|clearpoke
|poke|p1|Ogerpon-Wellspring, F|
|poke|p1|Dragonite, M|
|poke|p1|Iron Treads|
|poke|p1|Garganacl, M|
|poke|p1|Landorus-Therian, M|
|poke|p1|Iron Moth|
|poke|p2|Bastiodon, F|
|poke|p2|Salamence, F|
|poke|p2|Hoopa|
|poke|p2|Moltres|
|poke|p2|Abomasnow, M|
|poke|p2|Scrafty, M|
|teampreview
|
|t:|1758961720
|teamsize|p1|6
|teamsize|p2|6
|start
|switch|p1a: Landorus|Landorus-Therian, M|100/100
|switch|p2a: Barack|Abomasnow, M|100/100
|-ability|p1a: Landorus|Intimidate|boost
|-unboost|p2a: Barack|atk|1
|-weather|Snowscape|[from] ability: Snow Warning|[of] p2a: Barack
|turn|1
|
|t:|1758961735
|switch|p1a: Iron Moth|Iron Moth|100/100
|move|p2a: Barack|Blizzard|p1a: Iron Moth
|-resisted|p1a: Iron Moth
|-damage|p1a: Iron Moth|89/100
|
|-weather|Snowscape|[upkeep]
|upkeep
|turn|2
|
|t:|1758961744
|switch|p2a: KFC in da Hood|Moltres|100/100
|move|p1a: Iron Moth|Fiery Dance|p2a: KFC in da Hood
|-resisted|p2a: KFC in da Hood
|-damage|p2a: KFC in da Hood|78/100
|-boost|p1a: Iron Moth|spa|1
|
|-weather|Snowscape|[upkeep]
|upkeep
|turn|3
|
|t:|1758961757
|move|p1a: Iron Moth|Discharge|p2a: KFC in da Hood
|-supereffective|p2a: KFC in da Hood
|-damage|p2a: KFC in da Hood|0 fnt
|faint|p2a: KFC in da Hood
|
|-weather|Snowscape|[upkeep]
|upkeep
|
|t:|1758961765
|switch|p2a: Vanilla Shmoving|Salamence, F|100/100
|-ability|p2a: Vanilla Shmoving|Intimidate|boost
|-unboost|p1a: Iron Moth|atk|1
|turn|4
|
|t:|1758961780
|-terastallize|p2a: Vanilla Shmoving|Ground
|move|p1a: Iron Moth|Sludge Wave|p2a: Vanilla Shmoving
|-resisted|p2a: Vanilla Shmoving
|-damage|p2a: Vanilla Shmoving|50/100
|move|p2a: Vanilla Shmoving|Dragon Dance|p2a: Vanilla Shmoving
|-boost|p2a: Vanilla Shmoving|atk|1
|-boost|p2a: Vanilla Shmoving|spe|1
|
|-weather|Snowscape|[upkeep]
|upkeep
|turn|5
|
|t:|1758961809
|-terastallize|p1a: Iron Moth|Grass
|move|p2a: Vanilla Shmoving|Dual Wingbeat|p1a: Iron Moth
|-supereffective|p1a: Iron Moth
|-damage|p1a: Iron Moth|0 fnt
|faint|p1a: Iron Moth
|-end|p1a: Iron Moth|Quark Drive|[silent]
|-hitcount|p1: Iron Moth|1
|
|-weather|none
|upkeep
|
|t:|1758961829
|switch|p1a: Dragonite|Dragonite, M|100/100
|turn|6
|
|t:|1758961834
|switch|p1a: Landorus|Landorus-Therian, M|100/100
|-ability|p1a: Landorus|Intimidate|boost
|-unboost|p2a: Vanilla Shmoving|atk|1
|move|p2a: Vanilla Shmoving|Outrage|p1a: Landorus
|-damage|p1a: Landorus|48/100
|-damage|p2a: Vanilla Shmoving|33/100|[from] item: Rocky Helmet|[of] p1a: Landorus
|
|upkeep
|turn|7
|
|t:|1758961845
|switch|p1a: Iron Treads|Iron Treads|100/100
|-enditem|p1a: Iron Treads|Booster Energy
|-activate|p1a: Iron Treads|ability: Quark Drive|[fromitem]
|-start|p1a: Iron Treads|quarkdriveatk
|move|p2a: Vanilla Shmoving|Outrage|p1a: Iron Treads|[from] lockedmove
|-resisted|p1a: Iron Treads
|-damage|p1a: Iron Treads|72/100
|-start|p2a: Vanilla Shmoving|confusion|[fatigue]
|
|upkeep
|turn|8
|
|t:|1758961858
|-activate|p2a: Vanilla Shmoving|confusion
|-damage|p2a: Vanilla Shmoving|14/100|[from] confusion
|move|p1a: Iron Treads|Ice Spinner|p2a: Vanilla Shmoving
|-supereffective|p2a: Vanilla Shmoving
|-damage|p2a: Vanilla Shmoving|0 fnt
|faint|p2a: Vanilla Shmoving
|
|upkeep
|
|t:|1758961868
|switch|p2a: Barack|Abomasnow, M|100/100
|-weather|Snowscape|[from] ability: Snow Warning|[of] p2a: Barack
|turn|9
|
|t:|1758961893
|move|p1a: Iron Treads|Earthquake|p2a: Barack
|-resisted|p2a: Barack
|-damage|p2a: Barack|77/100
|move|p2a: Barack|Aurora Veil|p2a: Barack
|-sidestart|p2: 420Pimmelberger|move: Aurora Veil
|
|-weather|Snowscape|[upkeep]
|upkeep
|turn|10
|
|t:|1758961901
|move|p1a: Iron Treads|Rapid Spin|p2a: Barack
|-damage|p2a: Barack|70/100
|-boost|p1a: Iron Treads|spe|1
|move|p2a: Barack|Leech Seed|p1a: Iron Treads
|-start|p1a: Iron Treads|move: Leech Seed
|
|-weather|Snowscape|[upkeep]
|-damage|p1a: Iron Treads|60/100|[from] Leech Seed|[of] p2a: Barack
|-heal|p2a: Barack|82/100|[silent]
|upkeep
|turn|11
|
|t:|1758961912
|-end|p1a: Iron Treads|Quark Drive|[silent]
|switch|p1a: Garganacl|Garganacl, M|100/100
|move|p2a: Barack|Blizzard|p1a: Garganacl
|-damage|p1a: Garganacl|77/100
|
|-weather|Snowscape|[upkeep]
|-heal|p1a: Garganacl|83/100|[from] item: Leftovers
|upkeep
|turn|12
|
|t:|1758961923
|move|p2a: Barack|Leech Seed|p1a: Garganacl
|-start|p1a: Garganacl|move: Leech Seed
|move|p1a: Garganacl|Salt Cure|p2a: Barack
|-supereffective|p2a: Barack
|-damage|p2a: Barack|72/100
|-start|p2a: Barack|Salt Cure
|
|-weather|Snowscape|[upkeep]
|-heal|p1a: Garganacl|90/100|[from] item: Leftovers
|-damage|p1a: Garganacl|77/100|[from] Leech Seed|[of] p2a: Barack
|-heal|p2a: Barack|85/100|[silent]
|-damage|p2a: Barack|72/100|[from] Salt Cure
|upkeep
|turn|13
|
|t:|1758961939
|switch|p2a: 4x Babyyyyyyyy|Bastiodon, F|100/100
|move|p1a: Garganacl|Recover|p1a: Garganacl
|-heal|p1a: Garganacl|100/100
|
|-weather|none
|-damage|p1a: Garganacl|88/100|[from] Leech Seed|[of] p2a: 4x Babyyyyyyyy
|-sideend|p2: 420Pimmelberger|move: Aurora Veil
|upkeep
|turn|14
|
|t:|1758961951
|move|p1a: Garganacl|Salt Cure|p2a: 4x Babyyyyyyyy
|-resisted|p2a: 4x Babyyyyyyyy
|-damage|p2a: 4x Babyyyyyyyy|96/100
|-start|p2a: 4x Babyyyyyyyy|Salt Cure
|move|p2a: 4x Babyyyyyyyy|Iron Defense|p2a: 4x Babyyyyyyyy
|-boost|p2a: 4x Babyyyyyyyy|def|2
|
|-heal|p1a: Garganacl|94/100|[from] item: Leftovers
|-damage|p1a: Garganacl|82/100|[from] Leech Seed|[of] p2a: 4x Babyyyyyyyy
|-heal|p2a: 4x Babyyyyyyyy|100/100|[silent]
|-damage|p2a: 4x Babyyyyyyyy|75/100|[from] Salt Cure
|upkeep
|turn|15
|
|t:|1758961968
|switch|p1a: Landorus|Landorus-Therian, M|48/100
|-ability|p1a: Landorus|Intimidate|boost
|-unboost|p2a: 4x Babyyyyyyyy|atk|1
|move|p2a: 4x Babyyyyyyyy|Body Press|p1a: Landorus
|-resisted|p1a: Landorus
|-damage|p1a: Landorus|25/100
|-damage|p2a: 4x Babyyyyyyyy|59/100|[from] item: Rocky Helmet|[of] p1a: Landorus
|
|-damage|p2a: 4x Babyyyyyyyy|34/100|[from] Salt Cure
|upkeep
|turn|16
|
|t:|1758961979
|move|p1a: Landorus|Taunt|p2a: 4x Babyyyyyyyy
|-start|p2a: 4x Babyyyyyyyy|move: Taunt
|cant|p2a: 4x Babyyyyyyyy|move: Taunt|Rest
|
|-damage|p2a: 4x Babyyyyyyyy|9/100|[from] Salt Cure
|upkeep
|turn|17
|
|t:|1758961988
|move|p1a: Landorus|Earthquake|p2a: 4x Babyyyyyyyy
|-supereffective|p2a: 4x Babyyyyyyyy
|-damage|p2a: 4x Babyyyyyyyy|0 fnt
|faint|p2a: 4x Babyyyyyyyy
|
|upkeep
|
|t:|1758961996
|switch|p2a: Barack|Abomasnow, M|72/100
|-weather|Snowscape|[from] ability: Snow Warning|[of] p2a: Barack
|turn|18
|
|t:|1758962005
|move|p1a: Landorus|U-turn|p2a: Barack
|-supereffective|p2a: Barack
|-damage|p2a: Barack|40/100
|
|t:|1758962012
|switch|p1a: Ogerpon|Ogerpon-Wellspring, F|100/100|[from] U-turn
|move|p2a: Barack|Giga Drain|p1a: Ogerpon
|-crit|p1a: Ogerpon
|-damage|p1a: Ogerpon|58/100
|-heal|p2a: Barack|57/100|[from] drain|[of] p1a: Ogerpon
|
|-weather|Snowscape|[upkeep]
|upkeep
|turn|19
|
|t:|1758962031
|move|p1a: Ogerpon|Play Rough|p2a: Barack
|-damage|p2a: Barack|32/100
|move|p2a: Barack|Aurora Veil|p2a: Barack
|-sidestart|p2: 420Pimmelberger|move: Aurora Veil
|
|-weather|Snowscape|[upkeep]
|upkeep
|turn|20
|
|t:|1758962044
|switch|p2a: MJ|Hoopa|100/100
|move|p1a: Ogerpon|Swords Dance|p1a: Ogerpon
|-boost|p1a: Ogerpon|atk|2
|
|-weather|Snowscape|[upkeep]
|upkeep
|turn|21
|
|t:|1758962059
|move|p1a: Ogerpon|Horn Leech|p2a: MJ
|-damage|p2a: MJ|19/100
|-heal|p1a: Ogerpon|99/100|[from] drain|[of] p2a: MJ
|move|p2a: MJ|Psyshock|p1a: Ogerpon
|-damage|p1a: Ogerpon|36/100
|
|-weather|Snowscape|[upkeep]
|-heal|p2a: MJ|25/100|[from] item: Leftovers
|upkeep
|turn|22
|inactive|Battle timer is ON: inactive players will automatically lose when time's up. (requested by China-GX-WL)
|
|t:|1758962071
|switch|p2a: Lil Oatmeal|Scrafty, M|100/100
|move|p1a: Ogerpon|Horn Leech|p2a: Lil Oatmeal
|-damage|p2a: Lil Oatmeal|60/100
|-heal|p1a: Ogerpon|59/100|[from] drain|[of] p2a: Lil Oatmeal
|
|-weather|none
|-heal|p2a: Lil Oatmeal|66/100|[from] item: Leftovers
|upkeep
|turn|23
|
|t:|1758962084
|move|p1a: Ogerpon|Play Rough|p2a: Lil Oatmeal
|-supereffective|p2a: Lil Oatmeal
|-damage|p2a: Lil Oatmeal|0 fnt
|faint|p2a: Lil Oatmeal
|
|-sideend|p2: 420Pimmelberger|move: Aurora Veil
|upkeep
|-message|420Pimmelberger forfeited.
|
|win|China-GX-WL
|raw|China-GX-WL's rating: 1218 &rarr; <strong>1245</strong><br />(+27 for winning)
|raw|420Pimmelberger's rating: 1244 &rarr; <strong>1217</strong><br />(-27 for losing)
|l|☆420Pimmelberger
|player|p2|
|l|☆China-GX-WL
|player|p1|
