|badge|p1|bronze|gen9ou|100-6
|html|<div class="broadcast-red"><strong>This battle is required to be public due to one or more player having a season medal.</strong><br />During the public phase, you can discuss the state of the ladder <a href="/seasondiscussion">in a special chatroom.</a></div>
|uhtml|medal-msg|<div class="broadcast-blue">Curious what those medals under the avatar are? PS now has Ladder Seasons! For more information, check out the <a href="https://www.smogon.com/forums/threads/3740067/">thread on Smogon.</a></div>
|raw|<div class="broadcast-blue"><strong>This battle is required to be public due to a player having a name starting with 'medal'.</div>
|j|☆MunchlaxTheGodKing
|j|☆chall torvikk
|t:|1758983334
|gametype|singles
|player|p1|MunchlaxTheGodKing|furisodegirl-black|1760
|player|p2|chall torvikk|gambler|1812
|gen|9
|tier|[Gen 9] OU
|rated|
|rule|HP Percentage Mod: HP is shown in percentages
|rule|Endless Battle Clause: Forcing endless battles is banned
|rule|Species Clause: Limit one of each Pokémon
|rule|OHKO Clause: OHKO moves are banned
|rule|Evasion Items Clause: Evasion items are banned
|rule|Evasion Moves Clause: Evasion moves are banned
|rule|Evasion Abilities Clause: Evasion abilities are banned
|rule|Sleep Moves Clause: Sleep-inducing moves are banned
|clearpoke
|poke|p1|Zamazenta-*|
|poke|p1|Dragapult, M|
|poke|p1|Raging Bolt|
|poke|p1|Moltres|
|poke|p1|Iron Treads|
|poke|p1|Samurott-Hisui, M|
|poke|p2|Darkrai|
|poke|p2|Enamorus, F|
|poke|p2|Cinderace, F|
|poke|p2|Great Tusk|
|poke|p2|Alomomola, F|
|poke|p2|Amoonguss, F|
|teampreview
|inactive|Battle timer is ON: inactive players will automatically lose when time's up. (requested by MunchlaxTheGodKing)
|
|t:|1758983358
|teamsize|p1|6
|teamsize|p2|6
|start
|switch|p1a: 长脖奶龙|Raging Bolt|100/100
|switch|p2a: Enamorus|Enamorus, F|100/100
|turn|1
|j| yrmpa
|
|t:|1758983373
|-terastallize|p2a: Enamorus|Fairy
|-terastallize|p1a: 长脖奶龙|Fairy
|move|p2a: Enamorus|Moonblast|p1a: 长脖奶龙
|-damage|p1a: 长脖奶龙|4/100
|move|p1a: 长脖奶龙|Draco Meteor|p2a: Enamorus
|-immune|p2a: Enamorus
|
|upkeep
|turn|2
|
|t:|1758983381
|-end|p1a: 长脖奶龙|Protosynthesis|[silent]
|switch|p1a: Moltres|Moltres|100/100
|move|p2a: Enamorus|Moonblast|p1a: Moltres
|-resisted|p1a: Moltres
|-damage|p1a: Moltres|44/100
|
|upkeep
|turn|3
|
|t:|1758983388
|switch|p1a: 踩踩背|Iron Treads|100/100
|move|p2a: Enamorus|Moonblast|p1a: 踩踩背
|-resisted|p1a: 踩踩背
|-damage|p1a: 踩踩背|60/100
|
|-heal|p1a: 踩踩背|66/100|[from] item: Leftovers
|upkeep
|turn|4
|j| dsvdv
|
|t:|1758983408
|move|p2a: Enamorus|Moonblast|p1a: 踩踩背
|-resisted|p1a: 踩踩背
|-damage|p1a: 踩踩背|24/100
|move|p1a: 踩踩背|Stealth Rock|p2a: Enamorus
|-sidestart|p2: chall torvikk|move: Stealth Rock
|
|-heal|p1a: 踩踩背|30/100|[from] item: Leftovers
|upkeep
|turn|5
|inactive|MunchlaxTheGodKing has 120 seconds left.
|
|t:|1758983440
|move|p2a: Enamorus|Moonblast|p1a: 踩踩背
|-resisted|p1a: 踩踩背
|-damage|p1a: 踩踩背|0 fnt
|faint|p1a: 踩踩背
|-end|p1a: 踩踩背|Quark Drive|[silent]
|
|upkeep
|
|t:|1758983444
|switch|p1a: 24岁 喜欢发射孩子|Dragapult, M|100/100
|turn|6
|
|t:|1758983447
|move|p1a: 24岁 喜欢发射孩子|Shadow Ball|p2a: Enamorus
|-damage|p2a: Enamorus|29/100
|-boost|p2a: Enamorus|spd|1
|move|p2a: Enamorus|Moonblast|p1a: 24岁 喜欢发射孩子
|-supereffective|p1a: 24岁 喜欢发射孩子
|-crit|p1a: 24岁 喜欢发射孩子
|-damage|p1a: 24岁 喜欢发射孩子|0 fnt
|faint|p1a: 24岁 喜欢发射孩子
|
|upkeep
|j| IM AT MY LIMIT
|j| cryyysneasel
|
|t:|1758983462
|switch|p1a: 脑袋尖尖的|Zamazenta|100/100
|-ability|p1a: 脑袋尖尖的|Dauntless Shield|boost
|-boost|p1a: 脑袋尖尖的|def|1
|turn|7
|
|t:|1758983484
|switch|p2a: Amoonguss|Amoonguss, F|100/100
|-damage|p2a: Amoonguss|88/100|[from] Stealth Rock
|move|p1a: 脑袋尖尖的|Close Combat|p2a: Amoonguss
|-resisted|p2a: Amoonguss
|-damage|p2a: Amoonguss|62/100
|-unboost|p1a: 脑袋尖尖的|def|1
|-unboost|p1a: 脑袋尖尖的|spd|1
|-damage|p1a: 脑袋尖尖的|91/100|[from] item: Life Orb
|
|upkeep
|turn|8
|inactive|MunchlaxTheGodKing has 120 seconds left.
|
|t:|1758983521
|move|p1a: 脑袋尖尖的|Psychic Fangs|p2a: Amoonguss
|-supereffective|p2a: Amoonguss
|-crit|p2a: Amoonguss
|-damage|p2a: Amoonguss|0 fnt
|faint|p2a: Amoonguss
|-damage|p1a: 脑袋尖尖的|81/100|[from] item: Life Orb
|
|upkeep
|inactive|chall torvikk has 120 seconds left.
|inactive|chall torvikk has 90 seconds left.
|
|t:|1758983584
|switch|p2a: Cinderace|Cinderace, F|100/100
|turn|9
|inactive|MunchlaxTheGodKing has 120 seconds left.
|l|☆MunchlaxTheGodKing
|inactive|MunchlaxTheGodKing disconnected and has a minute to reconnect!
|player|p1|
|inactive|MunchlaxTheGodKing has 30 seconds to reconnect!
|inactive|MunchlaxTheGodKing has 20 seconds to reconnect!
|j|☆MunchlaxTheGodKing
|inactive|MunchlaxTheGodKing reconnected and has 70 seconds left.
|player|p1|MunchlaxTheGodKing|furisodegirl-black|
|
|t:|1758983653
|switch|p2a: Great Tusk|Great Tusk|100/100
|-damage|p2a: Great Tusk|98/100|[from] Stealth Rock
|move|p1a: 脑袋尖尖的|Close Combat|p2a: Great Tusk
|-crit|p2a: Great Tusk
|-damage|p2a: Great Tusk|6/100
|-unboost|p1a: 脑袋尖尖的|def|1
|-unboost|p1a: 脑袋尖尖的|spd|1
|-damage|p1a: 脑袋尖尖的|71/100|[from] item: Life Orb
|
|upkeep
|turn|10
|l| IM AT MY LIMIT
|
|t:|1758983661
|move|p2a: Great Tusk|Close Combat|p1a: 脑袋尖尖的
|-damage|p1a: 脑袋尖尖的|0 fnt
|-unboost|p2a: Great Tusk|def|1
|-unboost|p2a: Great Tusk|spd|1
|faint|p1a: 脑袋尖尖的
|
|upkeep
|
|t:|1758983669
|switch|p1a: Moltres|Moltres|44/100
|turn|11
|inactive|chall torvikk has 90 seconds left.
|
|t:|1758983675
|-end|p2a: Great Tusk|Protosynthesis|[silent]
|switch|p2a: Cinderace|Cinderace, F|100/100
|move|p1a: Moltres|Flamethrower|p2a: Cinderace
|-resisted|p2a: Cinderace
|-damage|p2a: Cinderace|72/100
|
|upkeep
|turn|12
|inactive|MunchlaxTheGodKing has 60 seconds left.
|
|t:|1758983706
|move|p2a: Cinderace|Court Change|p2a: Cinderace
|-swapsideconditions
|-activate|p2a: Cinderace|move: Court Change
|move|p1a: Moltres|Hurricane|p2a: Cinderace|[miss]
|-miss|p1a: Moltres|p2a: Cinderace
|
|upkeep
|turn|13
|
|t:|1758983714
|switch|p2a: Alomomola|Alomomola, F|100/100
|move|p1a: Moltres|Hurricane|p2a: Alomomola
|-damage|p2a: Alomomola|70/100
|
|upkeep
|turn|14
|
|t:|1758983723
|switch|p1a: 90%≠don't blunder|Samurott-Hisui, M|100/100
|-damage|p1a: 90%≠don't blunder|88/100|[from] Stealth Rock
|move|p2a: Alomomola|Flip Turn|p1a: 90%≠don't blunder
|-resisted|p1a: 90%≠don't blunder
|-damage|p1a: 90%≠don't blunder|77/100
|inactive|chall torvikk has 90 seconds left.
|
|t:|1758983754
|switch|p2a: Cinderace|Cinderace, F|72/100|[from] Flip Turn
|
|upkeep
|turn|15
|
|t:|1758983774
|move|p1a: 90%≠don't blunder|Aqua Jet|p2a: Cinderace
|-supereffective|p2a: Cinderace
|-damage|p2a: Cinderace|0 fnt
|faint|p2a: Cinderace
|
|upkeep
|inactive|chall torvikk has 90 seconds left.
|
|t:|1758983790
|switch|p2a: Alomomola|Alomomola, F|100/100
|turn|16
|
|t:|1758983813
|switch|p1a: Moltres|Moltres|44/100
|move|p2a: Alomomola|Flip Turn|p1a: Moltres
|-supereffective|p1a: Moltres
|-damage|p1a: Moltres|9/100
|
|t:|1758983827
|switch|p2a: Darkrai|Darkrai|100/100|[from] Flip Turn
|
|upkeep
|turn|17
|
|t:|1758983832
|move|p2a: Darkrai|Dark Pulse|p1a: Moltres
|-damage|p1a: Moltres|0 fnt
|faint|p1a: Moltres
|
|upkeep
|
|t:|1758983834
|switch|p1a: 90%≠don't blunder|Samurott-Hisui, M|77/100
|-damage|p1a: 90%≠don't blunder|65/100|[from] Stealth Rock
|turn|18
|j| wgw2333
|
|t:|1758983846
|switch|p2a: Great Tusk|Great Tusk|6/100
|move|p1a: 90%≠don't blunder|Ceaseless Edge|p2a: Great Tusk|[miss]
|-miss|p1a: 90%≠don't blunder|p2a: Great Tusk
|
|upkeep
|turn|19
|
|t:|1758983852
|move|p2a: Great Tusk|Close Combat|p1a: 90%≠don't blunder
|-supereffective|p1a: 90%≠don't blunder
|-damage|p1a: 90%≠don't blunder|0 fnt
|-unboost|p2a: Great Tusk|def|1
|-unboost|p2a: Great Tusk|spd|1
|faint|p1a: 90%≠don't blunder
|
|upkeep
|-message|MunchlaxTheGodKing forfeited.
|
|win|chall torvikk
|raw|MunchlaxTheGodKing's rating: 1755 &rarr; <strong>1738</strong><br />(-17 for losing)
|raw|chall torvikk's rating: 1812 &rarr; <strong>1829</strong><br />(+17 for winning)
|l|☆MunchlaxTheGodKing
|player|p1|
|l|☆chall torvikk
|player|p2|
|l| dsvdv
