|j|☆vendivugi
|j|☆ShinyAssassinx
|t:|1758947994
|gametype|singles
|player|p1|vendivugi|1|1146
|player|p2|ShinyAssassinx|2|1083
|gen|9
|tier|[Gen 9] OU
|rated|
|rule|HP Percentage Mod: HP is shown in percentages
|rule|Endless Battle Clause: Forcing endless battles is banned
|rule|Species Clause: Limit one of each Pokémon
|rule|OHKO Clause: OHKO moves are banned
|rule|Evasion Items Clause: Evasion items are banned
|rule|Evasion Moves Clause: Evasion moves are banned
|rule|Evasion Abilities Clause: Evasion abilities are banned
|rule|Sleep Moves Clause: Sleep-inducing moves are banned
|clearpoke
|poke|p1|Basculegion, M|
|poke|p1|Pelipper, M|
|poke|p1|Iron Treads|
|poke|p1|Dragapult, M|
|poke|p1|Overqwil, M|
|poke|p1|Iron Valiant|
|poke|p2|Breloom, M|
|poke|p2|Krookodile, M|
|poke|p2|Araquanid, M|
|poke|p2|Conkeldurr, F|
|poke|p2|Skeledirge, M|
|poke|p2|Scizor, F|
|teampreview
|inactive|Battle timer is ON: inactive players will automatically lose when time's up. (requested by ShinyAssassinx)
|
|t:|1758948006
|teamsize|p1|6
|teamsize|p2|6
|start
|switch|p1a: Predator|Overqwil, M, shiny|100/100
|switch|p2a: Breloom|Breloom, M|100/100
|turn|1
|
|t:|1758948016
|move|p2a: Breloom|Mach Punch|p1a: Predator
|-damage|p1a: Predator|58/100
|move|p1a: Predator|Gunk Shot|p2a: Breloom
|-supereffective|p2a: Breloom
|-damage|p2a: Breloom|0 fnt
|faint|p2a: Breloom
|-damage|p1a: Predator|48/100|[from] item: Life Orb
|
|upkeep
|
|t:|1758948028
|switch|p2a: Skeledirge|Skeledirge, M|100/100
|turn|2
|
|t:|1758948035
|switch|p1a: Rage|Iron Treads, shiny|100/100
|-enditem|p1a: Rage|Booster Energy
|-activate|p1a: Rage|ability: Quark Drive|[fromitem]
|-start|p1a: Rage|quarkdrivespe
|move|p2a: Skeledirge|Torch Song|p1a: Rage
|-supereffective|p1a: Rage
|-damage|p1a: Rage|0 fnt
|-boost|p2a: Skeledirge|spa|1
|faint|p1a: Rage
|-end|p1a: Rage|Quark Drive|[silent]
|
|upkeep
|
|t:|1758948040
|switch|p1a: Messenger|Pelipper, M, shiny|100/100
|-weather|RainDance|[from] ability: Drizzle|[of] p1a: Messenger
|turn|3
|
|t:|1758948051
|-terastallize|p2a: Skeledirge|Normal
|move|p1a: Messenger|Surf|p2a: Skeledirge
|-damage|p2a: Skeledirge|39/100
|move|p2a: Skeledirge|Hyper Voice|p1a: Messenger
|-damage|p1a: Messenger|0 fnt
|faint|p1a: Messenger
|
|-weather|RainDance|[upkeep]
|-heal|p2a: Skeledirge|45/100|[from] item: Leftovers
|upkeep
|
|t:|1758948060
|switch|p1a: Predator|Overqwil, M, shiny|48/100
|turn|4
|
|t:|1758948066
|move|p1a: Predator|Liquidation|p2a: Skeledirge
|-damage|p2a: Skeledirge|4/100
|-damage|p1a: Predator|38/100|[from] item: Life Orb
|move|p2a: Skeledirge|Torch Song|p1a: Predator
|-damage|p1a: Predator|0 fnt
|-boost|p2a: Skeledirge|spa|1
|faint|p1a: Predator
|
|-weather|RainDance|[upkeep]
|-heal|p2a: Skeledirge|10/100|[from] item: Leftovers
|upkeep
|
|t:|1758948080
|switch|p1a: Calamity|Iron Valiant, shiny|100/100
|turn|5
|
|t:|1758948087
|move|p1a: Calamity|Moonblast|p2a: Skeledirge
|-damage|p2a: Skeledirge|0 fnt
|faint|p2a: Skeledirge
|
|-weather|RainDance|[upkeep]
|upkeep
|
|t:|1758948093
|switch|p2a: Araquanid|Araquanid, M|100/100
|turn|6
|
|t:|1758948103
|move|p1a: Calamity|Moonblast|p2a: Araquanid
|-damage|p2a: Araquanid|43/100
|move|p2a: Araquanid|Surf|p1a: Calamity
|-damage|p1a: Calamity|0 fnt
|faint|p1a: Calamity
|-end|p1a: Calamity|Quark Drive|[silent]
|
|-weather|RainDance|[upkeep]
|upkeep
|
|t:|1758948111
|switch|p1a: Jaws|Basculegion, M, shiny|100/100
|turn|7
|
|t:|1758948116
|move|p1a: Jaws|Psychic Fangs|p2a: Araquanid
|-damage|p2a: Araquanid|0 fnt
|faint|p2a: Araquanid
|
|-weather|RainDance|[upkeep]
|upkeep
|
|t:|1758948126
|switch|p2a: Conkeldurr|Conkeldurr, F|100/100
|turn|8
|
|t:|1758948130
|move|p1a: Jaws|Psychic Fangs|p2a: Conkeldurr
|-supereffective|p2a: Conkeldurr
|-damage|p2a: Conkeldurr|18/100
|move|p2a: Conkeldurr|Stomping Tantrum|p1a: Jaws
|-damage|p1a: Jaws|63/100
|
|-weather|RainDance|[upkeep]
|upkeep
|turn|9
|
|t:|1758948137
|move|p1a: Jaws|Psychic Fangs|p2a: Conkeldurr
|-supereffective|p2a: Conkeldurr
|-damage|p2a: Conkeldurr|0 fnt
|faint|p2a: Conkeldurr
|
|-weather|RainDance|[upkeep]
|upkeep
|
|t:|1758948140
|switch|p2a: Scizor|Scizor, F|100/100
|turn|10
|
|t:|1758948144
|switch|p1a: Leviathan|Dragapult, M, shiny|100/100
|move|p2a: Scizor|Knock Off|p1a: Leviathan
|-supereffective|p1a: Leviathan
|-damage|p1a: Leviathan|13/100
|-enditem|p1a: Leviathan|Life Orb|[from] move: Knock Off|[of] p2a: Scizor
|
|-weather|none
|upkeep
|turn|11
|
|t:|1758948150
|move|p2a: Scizor|Bullet Punch|p1a: Leviathan
|-damage|p1a: Leviathan|0 fnt
|faint|p1a: Leviathan
|
|upkeep
|
|t:|1758948155
|switch|p1a: Jaws|Basculegion, M, shiny|63/100
|turn|12
|
|t:|1758948164
|move|p1a: Jaws|Wave Crash|p2a: Scizor
|-damage|p2a: Scizor|0 fnt
|faint|p2a: Scizor
|-damage|p1a: Jaws|39/100|[from] Recoil
|
|upkeep
|
|t:|1758948167
|switch|p2a: Krookodile|Krookodile, M|100/100
|turn|13
|
|t:|1758948169
|move|p2a: Krookodile|Crunch|p1a: Jaws
|-supereffective|p1a: Jaws
|-damage|p1a: Jaws|0 fnt
|faint|p1a: Jaws
|
|win|ShinyAssassinx
|raw|vendivugi's rating: 1146 &rarr; <strong>1117</strong><br />(-29 for losing)
|raw|ShinyAssassinx's rating: 1083 &rarr; <strong>1115</strong><br />(+32 for winning)
|l|☆ShinyAssassinx
|player|p2|
|l|☆vendivugi
|player|p1|
