|j|☆UnexpectdSets
|j|☆jpkeeks
|t:|1759020778
|gametype|singles
|player|p1|UnexpectdSets|169|1317
|player|p2|jpkeeks|2|1270
|gen|9
|tier|[Gen 9] OU
|rated|
|rule|HP Percentage Mod: HP is shown in percentages
|rule|Endless Battle Clause: Forcing endless battles is banned
|rule|Species Clause: Limit one of each Pokémon
|rule|OHKO Clause: OHKO moves are banned
|rule|Evasion Items Clause: Evasion items are banned
|rule|Evasion Moves Clause: Evasion moves are banned
|rule|Evasion Abilities Clause: Evasion abilities are banned
|rule|Sleep Moves Clause: Sleep-inducing moves are banned
|clearpoke
|poke|p1|Lycanroc-Dusk, M|
|poke|p1|Jolteon, M|
|poke|p1|Ting-Lu|
|poke|p1|Noivern, F|
|poke|p1|Gloom, M|
|poke|p1|Toxicroak, M|
|poke|p2|Meowscarada, F|
|poke|p2|Cinderace, M|
|poke|p2|Great Tusk|
|poke|p2|Ting-Lu|
|poke|p2|Latios, M|
|poke|p2|Pecharunt|
|teampreview
|inactive|Battle timer is ON: inactive players will automatically lose when time's up. (requested by UnexpectdSets)
|
|t:|1759020795
|teamsize|p1|6
|teamsize|p2|6
|start
|switch|p1a: Gloom|Gloom, M|100/100
|switch|p2a: Meowscarada|Meowscarada, F|100/100
|turn|1
|
|t:|1759020803
|move|p2a: Meowscarada|U-turn|p1a: Gloom
|-start|p2a: Meowscarada|typechange|Bug|[from] ability: Protean
|-damage|p1a: Gloom|82/100
|
|t:|1759020804
|switch|p2a: Ting-Lu|Ting-Lu|100/100|[from] U-turn
|-ability|p2a: Ting-Lu|Vessel of Ruin
|move|p1a: Gloom|Toxic|p2a: Ting-Lu
|-status|p2a: Ting-Lu|tox
|
|-damage|p2a: Ting-Lu|94/100 tox|[from] psn
|upkeep
|turn|2
|
|t:|1759020812
|move|p2a: Ting-Lu|Stealth Rock|p1a: Gloom
|-sidestart|p1: UnexpectdSets|move: Stealth Rock
|move|p1a: Gloom|Substitute|p1a: Gloom
|-start|p1a: Gloom|Substitute
|-damage|p1a: Gloom|57/100
|
|-heal|p2a: Ting-Lu|100/100 tox|[from] item: Leftovers
|-damage|p2a: Ting-Lu|88/100 tox|[from] psn
|upkeep
|turn|3
|
|t:|1759020816
|move|p2a: Ting-Lu|Spikes|p1a: Gloom
|-sidestart|p1: UnexpectdSets|Spikes
|move|p1a: Gloom|Leech Seed|p2a: Ting-Lu
|-start|p2a: Ting-Lu|move: Leech Seed
|
|-heal|p2a: Ting-Lu|94/100 tox|[from] item: Leftovers
|-damage|p2a: Ting-Lu|82/100 tox|[from] Leech Seed|[of] p1a: Gloom
|-heal|p1a: Gloom|76/100|[silent]
|-damage|p2a: Ting-Lu|63/100 tox|[from] psn
|upkeep
|turn|4
|
|t:|1759020826
|switch|p2a: Pecharunt|Pecharunt|100/100
|-item|p2a: Pecharunt|Air Balloon
|move|p1a: Gloom|Strength Sap|p2a: Pecharunt
|-unboost|p2a: Pecharunt|atk|1
|-heal|p1a: Gloom|100/100
|
|upkeep
|turn|5
|
|t:|1759020831
|move|p2a: Pecharunt|Parting Shot|p1a: Gloom
|-unboost|p1a: Gloom|atk|1
|-unboost|p1a: Gloom|spa|1
|
|t:|1759020832
|switch|p2a: Ting-Lu|Ting-Lu|63/100 tox|[from] Parting Shot
|-ability|p2a: Ting-Lu|Vessel of Ruin
|move|p1a: Gloom|Leech Seed|p2a: Ting-Lu
|-start|p2a: Ting-Lu|move: Leech Seed
|
|-heal|p2a: Ting-Lu|69/100 tox|[from] item: Leftovers
|-damage|p2a: Ting-Lu|57/100 tox|[from] Leech Seed|[of] p1a: Gloom
|-damage|p2a: Ting-Lu|51/100 tox|[from] psn
|upkeep
|turn|6
|
|t:|1759020845
|move|p2a: Ting-Lu|Spikes|p1a: Gloom
|-sidestart|p1: UnexpectdSets|Spikes
|move|p1a: Gloom|Strength Sap|p2a: Ting-Lu
|-unboost|p2a: Ting-Lu|atk|1
|
|-heal|p2a: Ting-Lu|57/100 tox|[from] item: Leftovers
|-damage|p2a: Ting-Lu|44/100 tox|[from] Leech Seed|[of] p1a: Gloom
|-damage|p2a: Ting-Lu|32/100 tox|[from] psn
|upkeep
|turn|7
|
|t:|1759020858
|move|p2a: Ting-Lu|Spikes|p1a: Gloom
|-sidestart|p1: UnexpectdSets|Spikes
|move|p1a: Gloom|Substitute|p1a: Gloom
|-fail|p1a: Gloom|move: Substitute
|
|-heal|p2a: Ting-Lu|38/100 tox|[from] item: Leftovers
|-damage|p2a: Ting-Lu|26/100 tox|[from] Leech Seed|[of] p1a: Gloom
|-damage|p2a: Ting-Lu|7/100 tox|[from] psn
|upkeep
|turn|8
|
|t:|1759020868
|switch|p2a: Pecharunt|Pecharunt|100/100
|-item|p2a: Pecharunt|Air Balloon
|move|p1a: Gloom|Leech Seed|p2a: Pecharunt|[miss]
|-miss|p1a: Gloom|p2a: Pecharunt
|
|upkeep
|turn|9
|
|t:|1759020874
|move|p2a: Pecharunt|Parting Shot|p1a: Gloom
|-unboost|p1a: Gloom|atk|1
|-unboost|p1a: Gloom|spa|1
|
|t:|1759020875
|switch|p2a: Meowscarada|Meowscarada, F|100/100|[from] Parting Shot
|move|p1a: Gloom|Leech Seed|p2a: Meowscarada
|-immune|p2a: Meowscarada
|
|upkeep
|turn|10
|
|t:|1759020884
|move|p2a: Meowscarada|U-turn|p1a: Gloom
|-start|p2a: Meowscarada|typechange|Bug|[from] ability: Protean
|-activate|p1a: Gloom|move: Substitute|[damage]
|
|t:|1759020886
|switch|p2a: Pecharunt|Pecharunt|100/100|[from] U-turn
|-item|p2a: Pecharunt|Air Balloon
|move|p1a: Gloom|Strength Sap|p2a: Pecharunt
|-unboost|p2a: Pecharunt|atk|1
|
|upkeep
|turn|11
|
|t:|1759020897
|move|p2a: Pecharunt|Parting Shot|p1a: Gloom
|-unboost|p1a: Gloom|atk|1
|-unboost|p1a: Gloom|spa|1
|
|t:|1759020898
|switch|p2a: Latios|Latios, M|100/100|[from] Parting Shot
|move|p1a: Gloom|Leech Seed|p2a: Latios
|-start|p2a: Latios|move: Leech Seed
|
|-damage|p2a: Latios|88/100|[from] Leech Seed|[of] p1a: Gloom
|upkeep
|turn|12
|
|t:|1759020908
|move|p2a: Latios|Luster Purge|p1a: Gloom
|-supereffective|p1a: Gloom
|-end|p1a: Gloom|Substitute
|move|p1a: Gloom|Toxic|p2a: Latios
|-status|p2a: Latios|tox
|
|-damage|p2a: Latios|76/100 tox|[from] Leech Seed|[of] p1a: Gloom
|-damage|p2a: Latios|70/100 tox|[from] psn
|upkeep
|turn|13
|
|t:|1759020922
|switch|p1a: Ting-Lu|Ting-Lu|100/100
|-damage|p1a: Ting-Lu|94/100|[from] Stealth Rock
|-damage|p1a: Ting-Lu|69/100|[from] Spikes
|-ability|p1a: Ting-Lu|Vessel of Ruin
|move|p2a: Latios|Luster Purge|p1a: Ting-Lu
|-immune|p1a: Ting-Lu
|
|-damage|p2a: Latios|58/100 tox|[from] Leech Seed|[of] p1a: Ting-Lu
|-heal|p1a: Ting-Lu|77/100|[silent]
|-damage|p2a: Latios|46/100 tox|[from] psn
|upkeep
|turn|14
|
|t:|1759020943
|switch|p2a: Great Tusk|Great Tusk|100/100
|move|p1a: Ting-Lu|Payback|p2a: Great Tusk
|-resisted|p2a: Great Tusk
|-damage|p2a: Great Tusk|92/100
|-damage|p1a: Ting-Lu|60/100|[from] item: Rocky Helmet|[of] p2a: Great Tusk
|
|upkeep
|turn|15
|
|t:|1759020952
|switch|p1a: Noivern|Noivern, F|100/100
|-damage|p1a: Noivern|76/100|[from] Stealth Rock
|-item|p2a: Great Tusk|Rocky Helmet|[from] ability: Frisk|[of] p1a: Noivern
|move|p2a: Great Tusk|Ice Spinner|p1a: Noivern
|-supereffective|p1a: Noivern
|-damage|p1a: Noivern|0 fnt
|faint|p1a: Noivern
|
|upkeep
|
|t:|1759020960
|switch|p1a: Gloom|Gloom, M|100/100
|-damage|p1a: Gloom|88/100|[from] Stealth Rock
|-damage|p1a: Gloom|63/100|[from] Spikes
|turn|16
|
|t:|1759020963
|move|p2a: Great Tusk|Ice Spinner|p1a: Gloom
|-supereffective|p1a: Gloom
|-damage|p1a: Gloom|27/100
|move|p1a: Gloom|Strength Sap|p2a: Great Tusk
|-unboost|p2a: Great Tusk|atk|1
|-heal|p1a: Gloom|100/100
|
|upkeep
|turn|17
|
|t:|1759020969
|-end|p2a: Great Tusk|Protosynthesis|[silent]
|switch|p2a: Cinderace|Cinderace, M|100/100
|move|p1a: Gloom|Leech Seed|p2a: Cinderace
|-start|p2a: Cinderace|move: Leech Seed
|
|-damage|p2a: Cinderace|88/100|[from] Leech Seed|[of] p1a: Gloom
|upkeep
|turn|18
|
|t:|1759020979
|-terastallize|p1a: Gloom|Water
|move|p2a: Cinderace|U-turn|p1a: Gloom
|-start|p2a: Cinderace|typechange|Bug|[from] ability: Libero
|-damage|p1a: Gloom|68/100
|
|t:|1759020983
|switch|p2a: Pecharunt|Pecharunt|100/100|[from] U-turn
|-item|p2a: Pecharunt|Air Balloon
|move|p1a: Gloom|Toxic|p2a: Pecharunt
|-immune|p2a: Pecharunt
|
|upkeep
|turn|19
|
|t:|1759020991
|move|p2a: Pecharunt|Malignant Chain|p1a: Gloom
|-damage|p1a: Gloom|39/100
|-status|p1a: Gloom|tox
|-start|p1a: Gloom|confusion|[from] ability: Poison Puppeteer|[of] p2a: Pecharunt
|-activate|p1a: Gloom|confusion
|-damage|p1a: Gloom|34/100 tox|[from] confusion
|
|-damage|p1a: Gloom|28/100 tox|[from] psn
|upkeep
|turn|20
|
|t:|1759020997
|move|p2a: Pecharunt|Parting Shot|p1a: Gloom
|-unboost|p1a: Gloom|atk|1
|-unboost|p1a: Gloom|spa|1
|
|t:|1759020998
|switch|p2a: Meowscarada|Meowscarada, F|100/100|[from] Parting Shot
|-activate|p1a: Gloom|confusion
|move|p1a: Gloom|Strength Sap|p2a: Meowscarada
|-unboost|p2a: Meowscarada|atk|1
|-heal|p1a: Gloom|100/100 tox
|
|-damage|p1a: Gloom|88/100 tox|[from] psn
|upkeep
|turn|21
|
|t:|1759021006
|move|p2a: Meowscarada|U-turn|p1a: Gloom
|-start|p2a: Meowscarada|typechange|Bug|[from] ability: Protean
|-damage|p1a: Gloom|74/100 tox
|
|t:|1759021008
|switch|p2a: Pecharunt|Pecharunt|100/100|[from] U-turn
|-item|p2a: Pecharunt|Air Balloon
|-activate|p1a: Gloom|confusion
|-damage|p1a: Gloom|70/100 tox|[from] confusion
|
|-damage|p1a: Gloom|52/100 tox|[from] psn
|upkeep
|turn|22
|
|t:|1759021019
|move|p2a: Pecharunt|Shadow Ball|p1a: Gloom
|-damage|p1a: Gloom|29/100 tox
|-activate|p1a: Gloom|confusion
|-damage|p1a: Gloom|25/100 tox|[from] confusion
|
|-damage|p1a: Gloom|0 fnt|[from] psn
|faint|p1a: Gloom
|upkeep
|
|t:|1759021030
|switch|p1a: Ting-Lu|Ting-Lu|60/100
|-damage|p1a: Ting-Lu|54/100|[from] Stealth Rock
|-damage|p1a: Ting-Lu|29/100|[from] Spikes
|-ability|p1a: Ting-Lu|Vessel of Ruin
|turn|23
|
|t:|1759021034
|move|p2a: Pecharunt|Parting Shot|p1a: Ting-Lu
|-unboost|p1a: Ting-Lu|atk|1
|-unboost|p1a: Ting-Lu|spa|1
|
|t:|1759021036
|switch|p2a: Great Tusk|Great Tusk|92/100|[from] Parting Shot
|move|p1a: Ting-Lu|Payback|p2a: Great Tusk
|-resisted|p2a: Great Tusk
|-damage|p2a: Great Tusk|87/100
|-damage|p1a: Ting-Lu|12/100|[from] item: Rocky Helmet|[of] p2a: Great Tusk
|
|upkeep
|turn|24
|
|t:|1759021041
|move|p2a: Great Tusk|Rapid Spin|p1a: Ting-Lu
|-damage|p1a: Ting-Lu|4/100
|-boost|p2a: Great Tusk|spe|1
|move|p1a: Ting-Lu|Earthquake|p2a: Great Tusk
|-damage|p2a: Great Tusk|63/100
|
|upkeep
|turn|25
|
|t:|1759021043
|move|p2a: Great Tusk|Rapid Spin|p1a: Ting-Lu
|-damage|p1a: Ting-Lu|0 fnt
|-boost|p2a: Great Tusk|spe|1
|faint|p1a: Ting-Lu
|
|upkeep
|
|t:|1759021047
|switch|p1a: Jolteon|Jolteon, M|100/100
|-damage|p1a: Jolteon|88/100|[from] Stealth Rock
|-item|p1a: Jolteon|Air Balloon
|turn|26
|
|t:|1759021052
|move|p2a: Great Tusk|Close Combat|p1a: Jolteon
|-damage|p1a: Jolteon|0 fnt
|-unboost|p2a: Great Tusk|def|1
|-unboost|p2a: Great Tusk|spd|1
|-enditem|p1a: Jolteon|Air Balloon
|faint|p1a: Jolteon
|
|upkeep
|
|t:|1759021057
|switch|p1a: Toxicroak|Toxicroak, M|100/100
|-damage|p1a: Toxicroak|94/100|[from] Stealth Rock
|-damage|p1a: Toxicroak|69/100|[from] Spikes
|turn|27
|
|t:|1759021061
|move|p2a: Great Tusk|Headlong Rush|p1a: Toxicroak
|-supereffective|p1a: Toxicroak
|-damage|p1a: Toxicroak|0 fnt
|-unboost|p2a: Great Tusk|def|1
|-unboost|p2a: Great Tusk|spd|1
|faint|p1a: Toxicroak
|
|upkeep
|
|t:|1759021063
|switch|p1a: Lycanroc|Lycanroc-Dusk, M|100/100
|-damage|p1a: Lycanroc|88/100|[from] Stealth Rock
|-damage|p1a: Lycanroc|63/100|[from] Spikes
|turn|28
|
|t:|1759021064
|move|p1a: Lycanroc|Sucker Punch|p2a: Great Tusk
|-resisted|p2a: Great Tusk
|-damage|p2a: Great Tusk|40/100
|-damage|p1a: Lycanroc|47/100|[from] item: Rocky Helmet|[of] p2a: Great Tusk
|move|p2a: Great Tusk|Headlong Rush|p1a: Lycanroc
|-supereffective|p1a: Lycanroc
|-damage|p1a: Lycanroc|0 fnt
|-unboost|p2a: Great Tusk|def|1
|-unboost|p2a: Great Tusk|spd|1
|faint|p1a: Lycanroc
|
|win|jpkeeks
|raw|UnexpectdSets's rating: 1317 &rarr; <strong>1295</strong><br />(-22 for losing)
|raw|jpkeeks's rating: 1289 &rarr; <strong>1316</strong><br />(+27 for winning)
|l|☆UnexpectdSets
|player|p1|
|l|☆jpkeeks
|player|p2|
