|j|☆cherrytranslady
|j|☆asukapower
|t:|1758936950
|gametype|singles
|player|p1|cherrytranslady|caitlin|1212
|player|p2|asukapower|101|1169
|gen|9
|tier|[Gen 9] OU
|rated|
|rule|HP Percentage Mod: HP is shown in percentages
|rule|Endless Battle Clause: Forcing endless battles is banned
|rule|Species Clause: Limit one of each Pokémon
|rule|OHKO Clause: OHKO moves are banned
|rule|Evasion Items Clause: Evasion items are banned
|rule|Evasion Moves Clause: Evasion moves are banned
|rule|Evasion Abilities Clause: Evasion abilities are banned
|rule|Sleep Moves Clause: Sleep-inducing moves are banned
|clearpoke
|poke|p1|Qwilfish, F|
|poke|p1|Darkrai|
|poke|p1|Mandibuzz, F|
|poke|p1|Gengar, M|
|poke|p1|Iron Treads|
|poke|p1|Cinderace, M|
|poke|p2|Serperior, F|
|poke|p2|Dragonite, F|
|poke|p2|Gliscor, F|
|poke|p2|Corviknight, F|
|poke|p2|Ting-Lu|
|poke|p2|Tinkaton, F|
|teampreview
|
|t:|1758936955
|teamsize|p1|6
|teamsize|p2|6
|start
|switch|p1a: spikecif|Qwilfish, F, shiny|100/100
|switch|p2a: Raiara Jato|Gliscor, F, shiny|100/100
|-ability|p1a: spikecif|Intimidate|boost
|-unboost|p2a: Raiara Jato|atk|1
|turn|1
|
|t:|1758936988
|move|p1a: spikecif|Taunt|p2a: Raiara Jato
|-start|p2a: Raiara Jato|move: Taunt
|move|p2a: Raiara Jato|Knock Off|p1a: spikecif
|-damage|p1a: spikecif|89/100
|-enditem|p1a: spikecif|Leftovers|[from] move: Knock Off|[of] p2a: Raiara Jato
|
|-status|p2a: Raiara Jato|tox|[from] item: Toxic Orb
|upkeep
|turn|2
|inactive|Battle timer is ON: inactive players will automatically lose when time's up. (requested by cherrytranslady)
|
|t:|1758936997
|switch|p2a: Ting-Luize|Ting-Lu|100/100
|-ability|p2a: Ting-Luize|Vessel of Ruin
|move|p1a: spikecif|Spikes|p2a: Ting-Luize
|-sidestart|p2: asukapower|Spikes
|
|upkeep
|turn|3
|
|t:|1758937002
|move|p1a: spikecif|Toxic|p2a: Ting-Luize
|-status|p2a: Ting-Luize|tox
|move|p2a: Ting-Luize|Stealth Rock|p1a: spikecif
|-sidestart|p1: cherrytranslady|move: Stealth Rock
|
|-damage|p2a: Ting-Luize|94/100 tox|[from] psn
|upkeep
|turn|4
|
|t:|1758937007
|move|p1a: spikecif|Taunt|p2a: Ting-Luize
|-start|p2a: Ting-Luize|move: Taunt
|cant|p2a: Ting-Luize|move: Taunt|Spikes
|
|-heal|p2a: Ting-Luize|100/100 tox|[from] item: Leftovers
|-damage|p2a: Ting-Luize|88/100 tox|[from] psn
|upkeep
|turn|5
|
|t:|1758937011
|move|p1a: spikecif|Spikes|p2a: Ting-Luize
|-sidestart|p2: asukapower|Spikes
|move|p2a: Ting-Luize|Earthquake|p1a: spikecif
|-supereffective|p1a: spikecif
|-damage|p1a: spikecif|21/100
|
|-heal|p2a: Ting-Luize|94/100 tox|[from] item: Leftovers
|-damage|p2a: Ting-Luize|75/100 tox|[from] psn
|upkeep
|turn|6
|
|t:|1758937014
|move|p1a: spikecif|Flip Turn|p2a: Ting-Luize
|-supereffective|p2a: Ting-Luize
|-damage|p2a: Ting-Luize|53/100 tox
|
|t:|1758937022
|switch|p1a: beautiful lesbian|Mandibuzz, F, shiny|100/100|[from] Flip Turn
|move|p2a: Ting-Luize|Earthquake|p1a: beautiful lesbian
|-immune|p1a: beautiful lesbian
|
|-heal|p2a: Ting-Luize|59/100 tox|[from] item: Leftovers
|-damage|p2a: Ting-Luize|34/100 tox|[from] psn
|-end|p2a: Ting-Luize|move: Taunt
|upkeep
|turn|7
|
|t:|1758937031
|move|p1a: beautiful lesbian|U-turn|p2a: Ting-Luize
|-supereffective|p2a: Ting-Luize
|-damage|p2a: Ting-Luize|23/100 tox
|
|t:|1758937045
|switch|p1a: mechanism.|Iron Treads|100/100|[from] U-turn
|move|p2a: Ting-Luize|Ruination|p1a: mechanism.
|-damage|p1a: mechanism.|50/100
|
|-heal|p2a: Ting-Luize|29/100 tox|[from] item: Leftovers
|-damage|p2a: Ting-Luize|0 fnt|[from] psn
|faint|p2a: Ting-Luize
|upkeep
|
|t:|1758937063
|switch|p2a: Allita|Dragonite, F|100/100
|turn|8
|
|t:|1758937072
|move|p1a: mechanism.|Knock Off|p2a: Allita
|-damage|p2a: Allita|91/100
|-enditem|p2a: Allita|Heavy-Duty Boots|[from] move: Knock Off|[of] p1a: mechanism.
|move|p2a: Allita|Dragon Dance|p2a: Allita
|-boost|p2a: Allita|atk|1
|-boost|p2a: Allita|spe|1
|
|upkeep
|turn|9
|
|t:|1758937082
|move|p2a: Allita|Dragon Dance|p2a: Allita
|-boost|p2a: Allita|atk|1
|-boost|p2a: Allita|spe|1
|move|p1a: mechanism.|Volt Switch|p2a: Allita
|-damage|p2a: Allita|80/100
|
|t:|1758937086
|-end|p1a: mechanism.|Quark Drive|[silent]
|switch|p1a: beautiful lesbian|Mandibuzz, F, shiny|100/100|[from] Volt Switch
|
|upkeep
|turn|10
|
|t:|1758937102
|move|p2a: Allita|Dragon Dance|p2a: Allita
|-boost|p2a: Allita|atk|1
|-boost|p2a: Allita|spe|1
|move|p1a: beautiful lesbian|Foul Play|p2a: Allita
|-damage|p2a: Allita|0 fnt
|faint|p2a: Allita
|
|upkeep
|
|t:|1758937113
|switch|p2a: Edna Cinturão|Serperior, F|100/100
|-damage|p2a: Edna Cinturão|84/100|[from] Spikes
|turn|11
|
|t:|1758937119
|move|p2a: Edna Cinturão|Glare|p1a: beautiful lesbian
|-status|p1a: beautiful lesbian|par
|move|p1a: beautiful lesbian|U-turn|p2a: Edna Cinturão
|-supereffective|p2a: Edna Cinturão
|-damage|p2a: Edna Cinturão|60/100
|
|t:|1758937132
|switch|p1a: slungus|Cinderace, M, shiny|100/100|[from] U-turn
|-damage|p1a: slungus|76/100|[from] Stealth Rock
|
|-heal|p2a: Edna Cinturão|66/100|[from] item: Leftovers
|upkeep
|turn|12
|
|t:|1758937141
|switch|p2a: Raiara Jato|Gliscor, F, shiny|100/100 tox
|move|p1a: slungus|Pyro Ball|p2a: Raiara Jato
|-damage|p2a: Raiara Jato|42/100 tox
|
|-heal|p2a: Raiara Jato|54/100 tox|[from] ability: Poison Heal
|upkeep
|turn|13
|
|t:|1758937150
|move|p2a: Raiara Jato|Protect|p2a: Raiara Jato
|-singleturn|p2a: Raiara Jato|Protect
|move|p1a: slungus|Pyro Ball|p2a: Raiara Jato
|-activate|p2a: Raiara Jato|move: Protect
|
|-heal|p2a: Raiara Jato|67/100 tox|[from] ability: Poison Heal
|upkeep
|turn|14
|inactive|asukapower has 120 seconds left.
|
|t:|1758937187
|switch|p1a: spikecif|Qwilfish, F, shiny|21/100
|-damage|p1a: spikecif|8/100|[from] Stealth Rock
|-ability|p1a: spikecif|Intimidate|boost
|-unboost|p2a: Raiara Jato|atk|1
|move|p2a: Raiara Jato|Earthquake|p1a: spikecif
|-supereffective|p1a: spikecif
|-damage|p1a: spikecif|0 fnt
|faint|p1a: spikecif
|
|-heal|p2a: Raiara Jato|79/100 tox|[from] ability: Poison Heal
|upkeep
|
|t:|1758937201
|switch|p1a: mechanism.|Iron Treads|50/100
|turn|15
|
|t:|1758937210
|move|p1a: mechanism.|Rapid Spin|p2a: Raiara Jato
|-damage|p2a: Raiara Jato|69/100 tox
|-boost|p1a: mechanism.|spe|1
|-sideend|p1: cherrytranslady|Stealth Rock|[from] move: Rapid Spin|[of] p1a: mechanism.
|move|p2a: Raiara Jato|Earthquake|p1a: mechanism.
|-supereffective|p1a: mechanism.
|-crit|p1a: mechanism.
|-damage|p1a: mechanism.|0 fnt
|faint|p1a: mechanism.
|-end|p1a: mechanism.|Quark Drive|[silent]
|
|-heal|p2a: Raiara Jato|81/100 tox|[from] ability: Poison Heal
|upkeep
|
|t:|1758937216
|switch|p1a: why he ourple??|Darkrai, shiny|100/100
|turn|16
|
|t:|1758937225
|move|p1a: why he ourple??|Ice Beam|p2a: Raiara Jato
|-supereffective|p2a: Raiara Jato
|-damage|p2a: Raiara Jato|0 fnt
|faint|p2a: Raiara Jato
|
|upkeep
|
|t:|1758937230
|switch|p2a: Poppy Anã|Tinkaton, F|100/100
|-damage|p2a: Poppy Anã|84/100|[from] Spikes
|-ability|p2a: Poppy Anã|Mold Breaker
|turn|17
|
|t:|1758937238
|switch|p1a: beautiful lesbian|Mandibuzz, F, shiny|100/100 par
|move|p2a: Poppy Anã|Play Rough|p1a: beautiful lesbian
|-supereffective|p1a: beautiful lesbian
|-damage|p1a: beautiful lesbian|72/100 par
|
|upkeep
|turn|18
|
|t:|1758937250
|move|p2a: Poppy Anã|Gigaton Hammer|p1a: beautiful lesbian
|-damage|p1a: beautiful lesbian|46/100 par
|move|p1a: beautiful lesbian|Knock Off|p2a: Poppy Anã
|-resisted|p2a: Poppy Anã
|-damage|p2a: Poppy Anã|70/100
|-enditem|p2a: Poppy Anã|Assault Vest|[from] move: Knock Off|[of] p1a: beautiful lesbian
|
|upkeep
|turn|19
|
|t:|1758937262
|move|p2a: Poppy Anã|Play Rough|p1a: beautiful lesbian
|-supereffective|p1a: beautiful lesbian
|-damage|p1a: beautiful lesbian|18/100 par
|move|p1a: beautiful lesbian|Roost|p1a: beautiful lesbian
|-heal|p1a: beautiful lesbian|68/100 par
|-singleturn|p1a: beautiful lesbian|move: Roost
|
|upkeep
|turn|20
|
|t:|1758937283
|move|p2a: Poppy Anã|Draining Kiss|p1a: beautiful lesbian
|-supereffective|p1a: beautiful lesbian
|-crit|p1a: beautiful lesbian
|-damage|p1a: beautiful lesbian|36/100 par
|-heal|p2a: Poppy Anã|98/100|[from] drain|[of] p1a: beautiful lesbian
|move|p1a: beautiful lesbian|Knock Off|p2a: Poppy Anã
|-resisted|p2a: Poppy Anã
|-damage|p2a: Poppy Anã|89/100
|
|upkeep
|turn|21
|
|t:|1758937291
|move|p2a: Poppy Anã|Draining Kiss|p1a: beautiful lesbian
|-supereffective|p1a: beautiful lesbian
|-damage|p1a: beautiful lesbian|14/100 par
|-heal|p2a: Poppy Anã|100/100|[from] drain|[of] p1a: beautiful lesbian
|cant|p1a: beautiful lesbian|par
|
|upkeep
|turn|22
|
|t:|1758937297
|move|p2a: Poppy Anã|Play Rough|p1a: beautiful lesbian
|-supereffective|p1a: beautiful lesbian
|-damage|p1a: beautiful lesbian|0 fnt
|faint|p1a: beautiful lesbian
|
|upkeep
|
|t:|1758937301
|switch|p1a: slungus|Cinderace, M, shiny|76/100
|turn|23
|
|t:|1758937318
|-terastallize|p2a: Poppy Anã|Fairy
|move|p1a: slungus|Pyro Ball|p2a: Poppy Anã
|-damage|p2a: Poppy Anã|8/100
|move|p2a: Poppy Anã|Play Rough|p1a: slungus
|-resisted|p1a: slungus
|-damage|p1a: slungus|52/100
|
|upkeep
|turn|24
|
|t:|1758937331
|move|p1a: slungus|Pyro Ball|p2a: Poppy Anã|[miss]
|-miss|p1a: slungus|p2a: Poppy Anã
|move|p2a: Poppy Anã|Gigaton Hammer|p1a: slungus
|-resisted|p1a: slungus
|-damage|p1a: slungus|22/100
|
|upkeep
|turn|25
|
|t:|1758937339
|move|p1a: slungus|Pyro Ball|p2a: Poppy Anã
|-damage|p2a: Poppy Anã|0 fnt
|faint|p2a: Poppy Anã
|
|upkeep
|
|t:|1758937344
|switch|p2a: Bradadora Nil|Corviknight, F|100/100
|-ability|p2a: Bradadora Nil|Pressure
|turn|26
|
|t:|1758937348
|move|p1a: slungus|Pyro Ball|p2a: Bradadora Nil
|-supereffective|p2a: Bradadora Nil
|-damage|p2a: Bradadora Nil|0 fnt
|faint|p2a: Bradadora Nil
|
|upkeep
|
|t:|1758937351
|switch|p2a: Edna Cinturão|Serperior, F|66/100
|-damage|p2a: Edna Cinturão|50/100|[from] Spikes
|turn|27
|
|t:|1758937356
|move|p1a: slungus|Pyro Ball|p2a: Edna Cinturão|[miss]
|-miss|p1a: slungus|p2a: Edna Cinturão
|move|p2a: Edna Cinturão|Dragon Pulse|p1a: slungus
|-damage|p1a: slungus|1/100
|
|-heal|p2a: Edna Cinturão|56/100|[from] item: Leftovers
|upkeep
|turn|28
|c|☆asukapower|holly hacker
|c|☆asukapower|reported
|c|☆cherrytranslady|lmao
|inactive|asukapower has 120 seconds left.
|-message|asukapower forfeited.
|
|win|cherrytranslady
|raw|cherrytranslady's rating: 1212 &rarr; <strong>1232</strong><br />(+20 for winning)
|raw|asukapower's rating: 1145 &rarr; <strong>1125</strong><br />(-20 for losing)
|l|☆asukapower
|player|p2|
