|j|☆Disfki
|j|☆occean sick jasper
|t:|1758953684
|gametype|singles
|player|p1|Disfki|266|1102
|player|p2|occean sick jasper|parasollady|1130
|gen|9
|tier|[Gen 9] OU
|rated|
|rule|HP Percentage Mod: HP is shown in percentages
|rule|Endless Battle Clause: Forcing endless battles is banned
|rule|Species Clause: Limit one of each Pokémon
|rule|OHKO Clause: OHKO moves are banned
|rule|Evasion Items Clause: Evasion items are banned
|rule|Evasion Moves Clause: Evasion moves are banned
|rule|Evasion Abilities Clause: Evasion abilities are banned
|rule|Sleep Moves Clause: Sleep-inducing moves are banned
|clearpoke
|poke|p1|Blaziken, M|
|poke|p1|Umbreon, F|
|poke|p1|Avalugg, M|
|poke|p1|Manaphy|
|poke|p1|Gholdengo|
|poke|p1|Latios, M|
|poke|p2|Necrozma|
|poke|p2|Mimikyu, F|
|poke|p2|Primarina, F|
|poke|p2|Skarmory, M|
|poke|p2|Magnezone|
|poke|p2|Jirachi|
|teampreview
|
|t:|1758953695
|teamsize|p1|6
|teamsize|p2|6
|start
|switch|p1a: Umbreon|Umbreon, F|100/100
|switch|p2a: Mimikyu|Mimikyu, F, shiny|100/100
|turn|1
|
|t:|1758953702
|move|p2a: Mimikyu|Play Rough|p1a: Umbreon
|-supereffective|p1a: Umbreon
|-damage|p1a: Umbreon|38/100
|move|p1a: Umbreon|Light Screen|p1a: Umbreon
|-sidestart|p1: Disfki|move: Light Screen
|
|-heal|p1a: Umbreon|44/100|[from] item: Leftovers
|upkeep
|turn|2
|
|t:|1758953719
|switch|p1a: Blaziken|Blaziken, M|100/100
|move|p2a: Mimikyu|Play Rough|p1a: Blaziken|[miss]
|-miss|p2a: Mimikyu|p1a: Blaziken
|
|upkeep
|turn|3
|
|t:|1758953725
|-terastallize|p1a: Blaziken|Flying
|move|p2a: Mimikyu|Swords Dance|p2a: Mimikyu
|-boost|p2a: Mimikyu|atk|2
|move|p1a: Blaziken|Swords Dance|p1a: Blaziken
|-boost|p1a: Blaziken|atk|2
|
|-ability|p1a: Blaziken|Speed Boost|boost
|-boost|p1a: Blaziken|spe|1
|upkeep
|turn|4
|
|t:|1758953734
|move|p1a: Blaziken|Earthquake|p2a: Mimikyu
|-activate|p2a: Mimikyu|ability: Disguise
|-damage|p2a: Mimikyu|100/100
|detailschange|p2a: Mimikyu|Mimikyu-Busted, F, shiny
|-damage|p2a: Mimikyu|88/100|[from] pokemon: Mimikyu-Busted
|move|p2a: Mimikyu|Swords Dance|p2a: Mimikyu
|-boost|p2a: Mimikyu|atk|2
|
|-ability|p1a: Blaziken|Speed Boost|boost
|-boost|p1a: Blaziken|spe|1
|upkeep
|turn|5
|
|t:|1758953745
|move|p2a: Mimikyu|Shadow Sneak|p1a: Blaziken
|-damage|p1a: Blaziken|26/100
|move|p1a: Blaziken|Flare Blitz|p2a: Mimikyu
|-damage|p2a: Mimikyu|0 fnt
|faint|p2a: Mimikyu
|-damage|p1a: Blaziken|1/100|[from] Recoil
|
|-sideend|p1: Disfki|move: Light Screen
|-ability|p1a: Blaziken|Speed Boost|boost
|-boost|p1a: Blaziken|spe|1
|upkeep
|
|t:|1758953768
|switch|p2a: Skarmory|Skarmory, M|100/100
|turn|6
|
|t:|1758953779
|move|p1a: Blaziken|Close Combat|p2a: Skarmory
|-damage|p2a: Skarmory|0 fnt
|-unboost|p1a: Blaziken|def|1
|-unboost|p1a: Blaziken|spd|1
|-damage|p1a: Blaziken|0 fnt|[from] item: Rocky Helmet|[of] p2a: Skarmory
|faint|p2a: Skarmory
|faint|p1a: Blaziken
|
|upkeep
|
|t:|1758953789
|switch|p1a: Umbreon|Umbreon, F|44/100
|switch|p2a: Necrozma|Necrozma|100/100
|turn|7
|
|t:|1758953798
|-terastallize|p2a: Necrozma|Dark
|move|p2a: Necrozma|Dragon Dance|p2a: Necrozma
|-boost|p2a: Necrozma|atk|1
|-boost|p2a: Necrozma|spe|1
|move|p1a: Umbreon|Light Screen|p1a: Umbreon
|-sidestart|p1: Disfki|move: Light Screen
|
|-heal|p1a: Umbreon|50/100|[from] item: Leftovers
|upkeep
|turn|8
|
|t:|1758953806
|move|p1a: Umbreon|Protect|p1a: Umbreon
|-singleturn|p1a: Umbreon|Protect
|move|p2a: Necrozma|Knock Off|p1a: Umbreon
|-activate|p1a: Umbreon|move: Protect
|
|-heal|p1a: Umbreon|56/100|[from] item: Leftovers
|upkeep
|turn|9
|
|t:|1758953813
|move|p2a: Necrozma|Dragon Dance|p2a: Necrozma
|-boost|p2a: Necrozma|atk|1
|-boost|p2a: Necrozma|spe|1
|move|p1a: Umbreon|Toxic|p2a: Necrozma
|-status|p2a: Necrozma|tox
|
|-heal|p1a: Umbreon|62/100|[from] item: Leftovers
|-damage|p2a: Necrozma|95/100 tox|[from] psn
|upkeep
|turn|10
|
|t:|1758953828
|switch|p1a: Avalugg|Avalugg, M|100/100
|move|p2a: Necrozma|Knock Off|p1a: Avalugg
|-damage|p1a: Avalugg|65/100
|-enditem|p1a: Avalugg|Heavy-Duty Boots|[from] move: Knock Off|[of] p2a: Necrozma
|
|-heal|p2a: Necrozma|100/100 tox|[from] item: Leftovers
|-damage|p2a: Necrozma|89/100 tox|[from] psn
|upkeep
|turn|11
|
|t:|1758953838
|move|p2a: Necrozma|Photon Geyser|p1a: Avalugg
|-damage|p1a: Avalugg|31/100
|move|p1a: Avalugg|Iron Defense|p1a: Avalugg
|-boost|p1a: Avalugg|def|2
|
|-heal|p2a: Necrozma|95/100 tox|[from] item: Leftovers
|-damage|p2a: Necrozma|77/100 tox|[from] psn
|-sideend|p1: Disfki|move: Light Screen
|upkeep
|turn|12
|
|t:|1758953849
|move|p2a: Necrozma|Photon Geyser|p1a: Avalugg
|-crit|p1a: Avalugg
|-damage|p1a: Avalugg|0 fnt
|faint|p1a: Avalugg
|
|-heal|p2a: Necrozma|83/100 tox|[from] item: Leftovers
|-damage|p2a: Necrozma|59/100 tox|[from] psn
|upkeep
|
|t:|1758953863
|switch|p1a: Umbreon|Umbreon, F|62/100
|turn|13
|
|t:|1758953877
|move|p1a: Umbreon|Protect|p1a: Umbreon
|-singleturn|p1a: Umbreon|Protect
|move|p2a: Necrozma|Knock Off|p1a: Umbreon
|-activate|p1a: Umbreon|move: Protect
|
|-heal|p2a: Necrozma|65/100 tox|[from] item: Leftovers
|-heal|p1a: Umbreon|68/100|[from] item: Leftovers
|-damage|p2a: Necrozma|35/100 tox|[from] psn
|upkeep
|turn|14
|
|t:|1758953887
|move|p2a: Necrozma|Moonlight|p2a: Necrozma
|-heal|p2a: Necrozma|85/100 tox
|move|p1a: Umbreon|Wish|p1a: Umbreon
|
|-heal|p2a: Necrozma|91/100 tox|[from] item: Leftovers
|-heal|p1a: Umbreon|74/100|[from] item: Leftovers
|-damage|p2a: Necrozma|55/100 tox|[from] psn
|upkeep
|turn|15
|
|t:|1758953896
|move|p1a: Umbreon|Protect|p1a: Umbreon
|-singleturn|p1a: Umbreon|Protect
|move|p2a: Necrozma|Moonlight|p2a: Necrozma
|-heal|p2a: Necrozma|100/100 tox
|
|-heal|p1a: Umbreon|100/100|[from] move: Wish|[wisher] Umbreon
|-damage|p2a: Necrozma|59/100 tox|[from] psn
|upkeep
|turn|16
|
|t:|1758953904
|move|p2a: Necrozma|Knock Off|p1a: Umbreon
|-resisted|p1a: Umbreon
|-damage|p1a: Umbreon|68/100
|-enditem|p1a: Umbreon|Leftovers|[from] move: Knock Off|[of] p2a: Necrozma
|move|p1a: Umbreon|Light Screen|p1a: Umbreon
|-sidestart|p1: Disfki|move: Light Screen
|
|-heal|p2a: Necrozma|65/100 tox|[from] item: Leftovers
|-damage|p2a: Necrozma|17/100 tox|[from] psn
|upkeep
|turn|17
|
|t:|1758953912
|move|p1a: Umbreon|Protect|p1a: Umbreon
|-singleturn|p1a: Umbreon|Protect
|move|p2a: Necrozma|Moonlight|p2a: Necrozma
|-heal|p2a: Necrozma|67/100 tox
|
|-heal|p2a: Necrozma|73/100 tox|[from] item: Leftovers
|-damage|p2a: Necrozma|19/100 tox|[from] psn
|upkeep
|turn|18
|
|t:|1758953922
|move|p2a: Necrozma|Moonlight|p2a: Necrozma
|-heal|p2a: Necrozma|69/100 tox
|move|p1a: Umbreon|Wish|p1a: Umbreon
|
|-heal|p2a: Necrozma|75/100 tox|[from] item: Leftovers
|-damage|p2a: Necrozma|15/100 tox|[from] psn
|upkeep
|turn|19
|
|t:|1758953931
|move|p1a: Umbreon|Protect|p1a: Umbreon
|-singleturn|p1a: Umbreon|Protect
|move|p2a: Necrozma|Moonlight|p2a: Necrozma
|-heal|p2a: Necrozma|65/100 tox
|
|-heal|p1a: Umbreon|100/100|[from] move: Wish|[wisher] Umbreon
|-heal|p2a: Necrozma|71/100 tox|[from] item: Leftovers
|-damage|p2a: Necrozma|5/100 tox|[from] psn
|upkeep
|turn|20
|
|t:|1758953950
|switch|p2a: Jirachi|Jirachi|100/100
|move|p1a: Umbreon|Light Screen||[still]
|-fail|p1a: Umbreon
|
|-sideend|p1: Disfki|move: Light Screen
|upkeep
|turn|21
|
|t:|1758953958
|move|p2a: Jirachi|Drain Punch|p1a: Umbreon
|-supereffective|p1a: Umbreon
|-damage|p1a: Umbreon|72/100
|move|p1a: Umbreon|Light Screen|p1a: Umbreon
|-sidestart|p1: Disfki|move: Light Screen
|
|upkeep
|turn|22
|
|t:|1758953968
|switch|p1a: Gholdengo|Gholdengo|100/100
|move|p2a: Jirachi|Meteor Mash|p1a: Gholdengo
|-resisted|p1a: Gholdengo
|-damage|p1a: Gholdengo|84/100
|
|upkeep
|turn|23
|
|t:|1758953976
|move|p1a: Gholdengo|Shadow Ball|p2a: Jirachi
|-supereffective|p2a: Jirachi
|-damage|p2a: Jirachi|47/100
|-unboost|p2a: Jirachi|spd|1
|move|p2a: Jirachi|Fire Punch|p1a: Gholdengo
|-supereffective|p1a: Gholdengo
|-damage|p1a: Gholdengo|46/100
|
|upkeep
|turn|24
|
|t:|1758953987
|move|p1a: Gholdengo|Shadow Ball|p2a: Jirachi
|-supereffective|p2a: Jirachi
|-damage|p2a: Jirachi|0 fnt
|faint|p2a: Jirachi
|
|upkeep
|
|t:|1758953992
|switch|p2a: Necrozma|Necrozma, tera:Dark|5/100 tox
|turn|25
|
|t:|1758953995
|switch|p1a: Umbreon|Umbreon, F|72/100
|move|p2a: Necrozma|Moonlight|p2a: Necrozma
|-heal|p2a: Necrozma|55/100 tox
|
|-heal|p2a: Necrozma|61/100 tox|[from] item: Leftovers
|-damage|p2a: Necrozma|55/100 tox|[from] psn
|-sideend|p1: Disfki|move: Light Screen
|upkeep
|turn|26
|
|t:|1758954006
|move|p2a: Necrozma|Moonlight|p2a: Necrozma
|-heal|p2a: Necrozma|100/100 tox
|move|p1a: Umbreon|Wish|p1a: Umbreon
|
|-damage|p2a: Necrozma|89/100 tox|[from] psn
|upkeep
|turn|27
|
|t:|1758954014
|switch|p2a: Magnezone|Magnezone|100/100
|-item|p2a: Magnezone|Air Balloon
|move|p1a: Umbreon|Light Screen|p1a: Umbreon
|-sidestart|p1: Disfki|move: Light Screen
|
|-heal|p1a: Umbreon|100/100|[from] move: Wish|[wisher] Umbreon
|upkeep
|turn|28
|
|t:|1758954022
|move|p1a: Umbreon|Wish|p1a: Umbreon
|move|p2a: Magnezone|Thunder Wave|p1a: Umbreon
|-status|p1a: Umbreon|par
|-activate|p1a: Umbreon|ability: Synchronize
|-immune|p2a: Magnezone
|
|upkeep
|turn|29
|
|t:|1758954034
|switch|p1a: Gholdengo|Gholdengo|46/100
|move|p2a: Magnezone|Tri Attack|p1a: Gholdengo
|-immune|p1a: Gholdengo
|
|-heal|p1a: Gholdengo|100/100|[from] move: Wish|[wisher] Umbreon
|upkeep
|turn|30
|
|t:|1758954042
|move|p1a: Gholdengo|Focus Blast|p2a: Magnezone|[miss]
|-miss|p1a: Gholdengo|p2a: Magnezone
|move|p2a: Magnezone|Thunder Wave|p1a: Gholdengo
|-immune|p1a: Gholdengo|[from] ability: Good as Gold
|
|upkeep
|turn|31
|
|t:|1758954049
|move|p1a: Gholdengo|Focus Blast|p2a: Magnezone
|-supereffective|p2a: Magnezone
|-damage|p2a: Magnezone|7/100
|-enditem|p2a: Magnezone|Air Balloon
|move|p2a: Magnezone|Thunderbolt|p1a: Gholdengo
|-damage|p1a: Gholdengo|74/100
|
|-sideend|p1: Disfki|move: Light Screen
|upkeep
|turn|32
|
|t:|1758954058
|move|p1a: Gholdengo|Focus Blast|p2a: Magnezone|[miss]
|-miss|p1a: Gholdengo|p2a: Magnezone
|move|p2a: Magnezone|Thunderbolt|p1a: Gholdengo
|-damage|p1a: Gholdengo|24/100
|
|upkeep
|turn|33
|
|t:|1758954065
|switch|p2a: Primarina|Primarina, F|100/100
|move|p1a: Gholdengo|Focus Blast|p2a: Primarina
|-resisted|p2a: Primarina
|-damage|p2a: Primarina|78/100
|
|-heal|p2a: Primarina|84/100|[from] item: Leftovers
|upkeep
|turn|34
|
|t:|1758954077
|switch|p1a: Umbreon|Umbreon, F|100/100 par
|move|p2a: Primarina|Chilling Water|p1a: Umbreon
|-damage|p1a: Umbreon|88/100 par
|-unboost|p1a: Umbreon|atk|1
|
|-heal|p2a: Primarina|90/100|[from] item: Leftovers
|upkeep
|turn|35
|
|t:|1758954088
|move|p2a: Primarina|Alluring Voice|p1a: Umbreon
|-supereffective|p1a: Umbreon
|-damage|p1a: Umbreon|46/100 par
|cant|p1a: Umbreon|par
|
|-heal|p2a: Primarina|96/100|[from] item: Leftovers
|upkeep
|turn|36
|
|t:|1758954095
|move|p1a: Umbreon|Protect|p1a: Umbreon
|-singleturn|p1a: Umbreon|Protect
|move|p2a: Primarina|Alluring Voice|p1a: Umbreon
|-activate|p1a: Umbreon|move: Protect
|
|-heal|p2a: Primarina|100/100|[from] item: Leftovers
|upkeep
|turn|37
|
|t:|1758954103
|move|p2a: Primarina|Alluring Voice|p1a: Umbreon
|-supereffective|p1a: Umbreon
|-damage|p1a: Umbreon|1/100 par
|move|p1a: Umbreon|Toxic|p2a: Primarina
|-status|p2a: Primarina|tox
|
|-damage|p2a: Primarina|95/100 tox|[from] psn
|upkeep
|turn|38
|
|t:|1758954111
|cant|p1a: Umbreon|par
|move|p2a: Primarina|Chilling Water|p1a: Umbreon
|-damage|p1a: Umbreon|0 fnt
|faint|p1a: Umbreon
|
|-heal|p2a: Primarina|100/100 tox|[from] item: Leftovers
|-damage|p2a: Primarina|89/100 tox|[from] psn
|upkeep
|
|t:|1758954125
|switch|p1a: Latios|Latios, M|100/100
|turn|39
|
|t:|1758954131
|switch|p2a: Magnezone|Magnezone|7/100
|move|p1a: Latios|Draco Meteor|p2a: Magnezone
|-resisted|p2a: Magnezone
|-damage|p2a: Magnezone|0 fnt
|-unboost|p1a: Latios|spa|2
|faint|p2a: Magnezone
|
|upkeep
|
|t:|1758954140
|switch|p2a: Primarina|Primarina, F|89/100 tox
|turn|40
|
|t:|1758954146
|switch|p1a: Manaphy|Manaphy|100/100
|move|p2a: Primarina|Alluring Voice|p1a: Manaphy
|-damage|p1a: Manaphy|59/100
|
|-heal|p1a: Manaphy|65/100|[from] item: Leftovers
|-heal|p2a: Primarina|95/100 tox|[from] item: Leftovers
|-damage|p2a: Primarina|89/100 tox|[from] psn
|upkeep
|turn|41
|
|t:|1758954157
|move|p1a: Manaphy|Tail Glow|p1a: Manaphy
|-boost|p1a: Manaphy|spa|3
|move|p2a: Primarina|Alluring Voice|p1a: Manaphy
|-damage|p1a: Manaphy|27/100
|-start|p1a: Manaphy|confusion
|
|-heal|p1a: Manaphy|33/100|[from] item: Leftovers
|-heal|p2a: Primarina|95/100 tox|[from] item: Leftovers
|-damage|p2a: Primarina|83/100 tox|[from] psn
|upkeep
|turn|42
|
|t:|1758954168
|-activate|p1a: Manaphy|confusion
|move|p1a: Manaphy|Ice Beam|p2a: Primarina
|-resisted|p2a: Primarina
|-damage|p2a: Primarina|51/100 tox
|move|p2a: Primarina|Psychic Noise|p1a: Manaphy
|-damage|p1a: Manaphy|9/100
|-start|p1a: Manaphy|move: Heal Block
|
|-heal|p2a: Primarina|57/100 tox|[from] item: Leftovers
|-damage|p2a: Primarina|39/100 tox|[from] psn
|upkeep
|turn|43
|
|t:|1758954180
|-end|p1a: Manaphy|confusion
|move|p1a: Manaphy|Ice Beam|p2a: Primarina
|-resisted|p2a: Primarina
|-damage|p2a: Primarina|6/100 tox
|move|p2a: Primarina|Alluring Voice|p1a: Manaphy
|-damage|p1a: Manaphy|0 fnt
|faint|p1a: Manaphy
|
|-heal|p2a: Primarina|12/100 tox|[from] item: Leftovers
|-damage|p2a: Primarina|0 fnt|[from] psn
|faint|p2a: Primarina
|upkeep
|
|t:|1758954190
|switch|p1a: Latios|Latios, M|100/100
|switch|p2a: Necrozma|Necrozma, tera:Dark|89/100 tox
|turn|44
|
|t:|1758954196
|move|p1a: Latios|Luster Purge|p2a: Necrozma
|-immune|p2a: Necrozma
|move|p2a: Necrozma|Knock Off|p1a: Latios
|-supereffective|p1a: Latios
|-damage|p1a: Latios|0 fnt
|-enditem|p1a: Latios|Soul Dew|[from] move: Knock Off|[of] p2a: Necrozma
|faint|p1a: Latios
|
|-heal|p2a: Necrozma|95/100 tox|[from] item: Leftovers
|-damage|p2a: Necrozma|89/100 tox|[from] psn
|upkeep
|
|t:|1758954200
|switch|p1a: Gholdengo|Gholdengo|24/100
|turn|45
|
|t:|1758954210
|move|p1a: Gholdengo|Focus Blast|p2a: Necrozma
|-supereffective|p2a: Necrozma
|-damage|p2a: Necrozma|19/100 tox
|move|p2a: Necrozma|Knock Off|p1a: Gholdengo
|-supereffective|p1a: Gholdengo
|-damage|p1a: Gholdengo|0 fnt
|-enditem|p1a: Gholdengo|Choice Scarf|[from] move: Knock Off|[of] p2a: Necrozma
|faint|p1a: Gholdengo
|
|win|occean sick jasper
|raw|Disfki's rating: 1102 &rarr; <strong>1079</strong><br />(-23 for losing)
|raw|occean sick jasper's rating: 1130 &rarr; <strong>1153</strong><br />(+23 for winning)
|l|☆Disfki
|player|p1|
|l|☆occean sick jasper
|player|p2|
