|j|☆chamu rye
|j|☆Why Dusk
|t:|1758962410
|gametype|singles
|player|p1|chamu rye|veteran|1207
|player|p2|Why Dusk|collector|1158
|gen|9
|tier|[Gen 9] OU
|rated|
|rule|HP Percentage Mod: HP is shown in percentages
|rule|Endless Battle Clause: Forcing endless battles is banned
|rule|Species Clause: Limit one of each Pokémon
|rule|OHKO Clause: OHKO moves are banned
|rule|Evasion Items Clause: Evasion items are banned
|rule|Evasion Moves Clause: Evasion moves are banned
|rule|Evasion Abilities Clause: Evasion abilities are banned
|rule|Sleep Moves Clause: Sleep-inducing moves are banned
|clearpoke
|poke|p1|Heracross, M|
|poke|p1|Milotic, F|
|poke|p1|Comfey, F|
|poke|p1|Iron Treads|
|poke|p1|Raging Bolt|
|poke|p1|Gliscor, M|
|poke|p2|Mimikyu, M|
|poke|p2|Dragonite, M|
|poke|p2|Porygon2|
|poke|p2|Kingambit, F|
|poke|p2|Conkeldurr, M|
|poke|p2|Weezing, F|
|teampreview
|inactive|Battle timer is ON: inactive players will automatically lose when time's up. (requested by Why Dusk)
|
|t:|1758962433
|teamsize|p1|6
|teamsize|p2|6
|start
|switch|p1a: Gliscor|Gliscor, M|100/100
|switch|p2a: Weezing|Weezing, F|100/100
|turn|1
|
|t:|1758962443
|move|p1a: Gliscor|Protect|p1a: Gliscor
|-singleturn|p1a: Gliscor|Protect
|move|p2a: Weezing|Will-O-Wisp|p1a: Gliscor
|-activate|p1a: Gliscor|move: Protect
|
|-status|p1a: Gliscor|tox|[from] item: Toxic Orb
|upkeep
|turn|2
|
|t:|1758962453
|move|p1a: Gliscor|Knock Off|p2a: Weezing
|-damage|p2a: Weezing|86/100
|-enditem|p2a: Weezing|Custap Berry|[from] move: Knock Off|[of] p1a: Gliscor
|move|p2a: Weezing|Toxic Spikes|p1a: Gliscor
|-sidestart|p1: chamu rye|move: Toxic Spikes
|
|upkeep
|turn|3
|
|t:|1758962462
|move|p1a: Gliscor|Facade|p2a: Weezing
|-damage|p2a: Weezing|67/100
|move|p2a: Weezing|Heat Wave|p1a: Gliscor|[miss]
|-miss|p2a: Weezing|p1a: Gliscor
|
|upkeep
|turn|4
|
|t:|1758962471
|switch|p2a: Mimikyu|Mimikyu, M|100/100
|move|p1a: Gliscor|Facade|p2a: Mimikyu
|-immune|p2a: Mimikyu
|
|upkeep
|turn|5
|
|t:|1758962480
|move|p1a: Gliscor|Toxic|p2a: Mimikyu
|-status|p2a: Mimikyu|tox
|move|p2a: Mimikyu|Trick Room|p2a: Mimikyu
|-fieldstart|move: Trick Room|[of] p2a: Mimikyu
|
|-damage|p2a: Mimikyu|94/100 tox|[from] psn
|upkeep
|turn|6
|
|t:|1758962488
|switch|p2a: Conkeldurr|Conkeldurr, M|100/100
|move|p1a: Gliscor|Knock Off|p2a: Conkeldurr
|-resisted|p2a: Conkeldurr
|-damage|p2a: Conkeldurr|91/100
|-enditem|p2a: Conkeldurr|Flame Orb|[from] move: Knock Off|[of] p1a: Gliscor
|
|upkeep
|turn|7
|
|t:|1758962500
|move|p1a: Gliscor|Protect|p1a: Gliscor
|-singleturn|p1a: Gliscor|Protect
|move|p2a: Conkeldurr|Ice Punch|p1a: Gliscor
|-activate|p1a: Gliscor|move: Protect
|
|upkeep
|turn|8
|
|t:|1758962510
|-terastallize|p1a: Gliscor|Normal
|move|p2a: Conkeldurr|Knock Off|p1a: Gliscor
|-damage|p1a: Gliscor|76/100 tox
|-enditem|p1a: Gliscor|Toxic Orb|[from] move: Knock Off|[of] p2a: Conkeldurr
|move|p1a: Gliscor|Facade|p2a: Conkeldurr
|-damage|p2a: Conkeldurr|54/100
|
|-heal|p1a: Gliscor|88/100 tox|[from] ability: Poison Heal
|upkeep
|turn|9
|
|t:|1758962521
|move|p1a: Gliscor|Protect|p1a: Gliscor
|-singleturn|p1a: Gliscor|Protect
|move|p2a: Conkeldurr|Close Combat|p1a: Gliscor
|-activate|p1a: Gliscor|move: Protect
|
|-heal|p1a: Gliscor|100/100 tox|[from] ability: Poison Heal
|-fieldend|move: Trick Room
|upkeep
|turn|10
|
|t:|1758962539
|switch|p1a: Iron Treads|Iron Treads|100/100
|move|p2a: Conkeldurr|Close Combat|p1a: Iron Treads
|-supereffective|p1a: Iron Treads
|-damage|p1a: Iron Treads|0 fnt
|-unboost|p2a: Conkeldurr|def|1
|-unboost|p2a: Conkeldurr|spd|1
|-damage|p2a: Conkeldurr|37/100|[from] item: Rocky Helmet|[of] p1a: Iron Treads
|faint|p1a: Iron Treads
|-end|p1a: Iron Treads|Quark Drive|[silent]
|
|upkeep
|
|t:|1758962552
|switch|p1a: Comfey|Comfey, F, shiny|100/100
|-status|p1a: Comfey|psn
|turn|11
|
|t:|1758962557
|switch|p2a: Weezing|Weezing, F|67/100
|move|p1a: Comfey|Draining Kiss|p2a: Weezing
|-resisted|p2a: Weezing
|-damage|p2a: Weezing|57/100
|
|-damage|p1a: Comfey|88/100 psn|[from] psn
|upkeep
|turn|12
|
|t:|1758962585
|switch|p1a: Milotic|Milotic, F|100/100
|-status|p1a: Milotic|psn
|move|p2a: Weezing|Toxic Spikes|p1a: Milotic
|-sidestart|p1: chamu rye|move: Toxic Spikes
|
|-damage|p1a: Milotic|88/100 psn|[from] psn
|upkeep
|turn|13
|
|t:|1758962598
|switch|p2a: Porygon2|Porygon2|100/100
|-ability|p2a: Porygon2|Marvel Scale|Trace|[from] ability: Trace|[of] p1a: Milotic
|move|p1a: Milotic|Scald|p2a: Porygon2
|-damage|p2a: Porygon2|80/100
|-status|p2a: Porygon2|brn
|
|-damage|p1a: Milotic|76/100 psn|[from] psn
|-damage|p2a: Porygon2|74/100 brn|[from] brn
|upkeep
|turn|14
|inactive|Why Dusk has 120 seconds left.
|
|t:|1758962635
|switch|p1a: Raging Bolt|Raging Bolt|100/100
|-status|p1a: Raging Bolt|tox
|-enditem|p1a: Raging Bolt|Booster Energy
|-activate|p1a: Raging Bolt|ability: Protosynthesis|[fromitem]
|-start|p1a: Raging Bolt|protosynthesisspa
|move|p2a: Porygon2|Trick Room|p2a: Porygon2
|-fieldstart|move: Trick Room|[of] p2a: Porygon2
|
|-damage|p1a: Raging Bolt|94/100 tox|[from] psn
|-damage|p2a: Porygon2|68/100 brn|[from] brn
|upkeep
|turn|15
|
|t:|1758962650
|switch|p2a: Weezing|Weezing, F|57/100
|move|p1a: Raging Bolt|Volt Switch|p2a: Weezing
|-damage|p2a: Weezing|0 fnt
|faint|p2a: Weezing
|
|t:|1758962660
|-end|p1a: Raging Bolt|Protosynthesis|[silent]
|switch|p1a: Comfey|Comfey, F, shiny|88/100 psn|[from] Volt Switch
|
|-damage|p1a: Comfey|76/100 psn|[from] psn
|upkeep
|
|t:|1758962668
|switch|p2a: Conkeldurr|Conkeldurr, M|37/100
|turn|16
|
|t:|1758962678
|move|p1a: Comfey|Draining Kiss|p2a: Conkeldurr
|-supereffective|p2a: Conkeldurr
|-damage|p2a: Conkeldurr|2/100
|-heal|p1a: Comfey|100/100 psn|[from] drain|[of] p2a: Conkeldurr
|move|p2a: Conkeldurr|Ice Punch|p1a: Comfey
|-damage|p1a: Comfey|67/100 psn
|
|-damage|p1a: Comfey|54/100 psn|[from] psn
|upkeep
|turn|17
|
|t:|1758962697
|switch|p2a: Porygon2|Porygon2|68/100 brn
|-ability|p2a: Porygon2|Triage|Trace|[from] ability: Trace|[of] p1a: Comfey
|move|p1a: Comfey|Draining Kiss|p2a: Porygon2
|-damage|p2a: Porygon2|58/100 brn
|-heal|p1a: Comfey|66/100 psn|[from] drain|[of] p2a: Porygon2
|
|-damage|p1a: Comfey|53/100 psn|[from] psn
|-damage|p2a: Porygon2|52/100 brn|[from] brn
|upkeep
|turn|18
|
|t:|1758962711
|move|p2a: Porygon2|Recover|p2a: Porygon2
|-heal|p2a: Porygon2|100/100 brn
|move|p1a: Comfey|Leech Seed|p2a: Porygon2
|-start|p2a: Porygon2|move: Leech Seed
|
|-damage|p2a: Porygon2|88/100 brn|[from] Leech Seed|[of] p1a: Comfey
|-heal|p1a: Comfey|73/100 psn|[silent]
|-damage|p1a: Comfey|61/100 psn|[from] psn
|-damage|p2a: Porygon2|82/100 brn|[from] brn
|-fieldend|move: Trick Room
|upkeep
|turn|19
|
|t:|1758962724
|switch|p2a: Kingambit|Kingambit, F|100/100
|-activate|p2a: Kingambit|ability: Supreme Overlord
|-start|p2a: Kingambit|fallen1|[silent]
|-item|p2a: Kingambit|Air Balloon
|move|p1a: Comfey|Calm Mind|p1a: Comfey
|-boost|p1a: Comfey|spa|1
|-boost|p1a: Comfey|spd|1
|
|-damage|p1a: Comfey|48/100 psn|[from] psn
|upkeep
|turn|20
|
|t:|1758962737
|switch|p1a: Gliscor|Gliscor, M, tera:Normal|100/100 tox
|move|p2a: Kingambit|Iron Head|p1a: Gliscor
|-damage|p1a: Gliscor|66/100 tox
|
|-heal|p1a: Gliscor|78/100 tox|[from] ability: Poison Heal
|upkeep
|turn|21
|
|t:|1758962754
|-end|p2a: Kingambit|fallen1|[silent]
|switch|p2a: Mimikyu|Mimikyu, M|94/100 tox
|move|p1a: Gliscor|Knock Off|p2a: Mimikyu
|-activate|p2a: Mimikyu|ability: Disguise
|-damage|p2a: Mimikyu|94/100 tox
|-enditem|p2a: Mimikyu|Life Orb|[from] move: Knock Off|[of] p1a: Gliscor
|detailschange|p2a: Mimikyu|Mimikyu-Busted, M
|-damage|p2a: Mimikyu|82/100 tox|[from] pokemon: Mimikyu-Busted
|
|-heal|p1a: Gliscor|91/100 tox|[from] ability: Poison Heal
|-damage|p2a: Mimikyu|76/100 tox|[from] psn
|upkeep
|turn|22
|
|t:|1758962769
|move|p1a: Gliscor|Knock Off|p2a: Mimikyu
|-damage|p2a: Mimikyu|56/100 tox
|move|p2a: Mimikyu|Trick Room|p2a: Mimikyu
|-fieldstart|move: Trick Room|[of] p2a: Mimikyu
|
|-damage|p2a: Mimikyu|44/100 tox|[from] psn
|-heal|p1a: Gliscor|100/100 tox|[from] ability: Poison Heal
|upkeep
|turn|23
|
|t:|1758962782
|move|p2a: Mimikyu|Destiny Bond|p2a: Mimikyu
|-singlemove|p2a: Mimikyu|Destiny Bond
|move|p1a: Gliscor|Knock Off|p2a: Mimikyu
|-damage|p2a: Mimikyu|24/100 tox
|
|-damage|p2a: Mimikyu|6/100 tox|[from] psn
|upkeep
|turn|24
|
|t:|1758962791
|switch|p1a: Raging Bolt|Raging Bolt|94/100 tox
|move|p2a: Mimikyu|Play Rough|p1a: Raging Bolt
|-supereffective|p1a: Raging Bolt
|-damage|p1a: Raging Bolt|45/100 tox
|
|-damage|p1a: Raging Bolt|39/100 tox|[from] psn
|-damage|p2a: Mimikyu|0 fnt|[from] psn
|faint|p2a: Mimikyu
|upkeep
|
|t:|1758962802
|switch|p2a: Porygon2|Porygon2|82/100 brn
|turn|25
|
|t:|1758962810
|move|p2a: Porygon2|Tri Attack|p1a: Raging Bolt
|-damage|p1a: Raging Bolt|0 fnt
|faint|p1a: Raging Bolt
|-end|p1a: Raging Bolt|Protosynthesis|[silent]
|
|-damage|p2a: Porygon2|76/100 brn|[from] brn
|upkeep
|
|t:|1758962821
|switch|p1a: Gliscor|Gliscor, M, tera:Normal|100/100 tox
|-ability|p2a: Porygon2|Poison Heal|Trace|[from] ability: Trace|[of] p1a: Gliscor
|turn|26
|
|t:|1758962834
|move|p2a: Porygon2|Tri Attack|p1a: Gliscor
|-damage|p1a: Gliscor|50/100 tox
|move|p1a: Gliscor|Knock Off|p2a: Porygon2
|-damage|p2a: Porygon2|55/100 brn
|-enditem|p2a: Porygon2|Choice Specs|[from] move: Knock Off|[of] p1a: Gliscor
|
|-heal|p1a: Gliscor|62/100 tox|[from] ability: Poison Heal
|-damage|p2a: Porygon2|48/100 brn|[from] brn
|-fieldend|move: Trick Room
|upkeep
|turn|27
|
|t:|1758962848
|move|p1a: Gliscor|Facade|p2a: Porygon2
|-damage|p2a: Porygon2|3/100 brn
|move|p2a: Porygon2|Recover|p2a: Porygon2
|-heal|p2a: Porygon2|53/100 brn
|
|-heal|p1a: Gliscor|75/100 tox|[from] ability: Poison Heal
|-damage|p2a: Porygon2|47/100 brn|[from] brn
|upkeep
|turn|28
|
|t:|1758962860
|move|p1a: Gliscor|Facade|p2a: Porygon2
|-damage|p2a: Porygon2|5/100 brn
|move|p2a: Porygon2|Recover|p2a: Porygon2
|-heal|p2a: Porygon2|55/100 brn
|
|-heal|p1a: Gliscor|87/100 tox|[from] ability: Poison Heal
|-damage|p2a: Porygon2|49/100 brn|[from] brn
|upkeep
|turn|29
|
|t:|1758962870
|move|p1a: Gliscor|Facade|p2a: Porygon2
|-damage|p2a: Porygon2|6/100 brn
|move|p2a: Porygon2|Recover|p2a: Porygon2
|-heal|p2a: Porygon2|56/100 brn
|
|-heal|p1a: Gliscor|99/100 tox|[from] ability: Poison Heal
|-damage|p2a: Porygon2|50/100 brn|[from] brn
|upkeep
|turn|30
|
|t:|1758962880
|move|p1a: Gliscor|Facade|p2a: Porygon2
|-damage|p2a: Porygon2|5/100 brn
|move|p2a: Porygon2|Trick Room|p2a: Porygon2
|-fieldstart|move: Trick Room|[of] p2a: Porygon2
|
|-heal|p1a: Gliscor|100/100 tox|[from] ability: Poison Heal
|-damage|p2a: Porygon2|0 fnt|[from] brn
|faint|p2a: Porygon2
|upkeep
|
|t:|1758962892
|switch|p2a: Conkeldurr|Conkeldurr, M|2/100
|turn|31
|
|t:|1758962900
|switch|p1a: Milotic|Milotic, F|76/100 psn
|move|p2a: Conkeldurr|Close Combat|p1a: Milotic
|-damage|p1a: Milotic|37/100 psn
|-unboost|p2a: Conkeldurr|def|1
|-unboost|p2a: Conkeldurr|spd|1
|
|-damage|p1a: Milotic|25/100 psn|[from] psn
|upkeep
|turn|32
|
|t:|1758962911
|move|p2a: Conkeldurr|Thunder Punch|p1a: Milotic
|-supereffective|p1a: Milotic
|-damage|p1a: Milotic|0 fnt
|faint|p1a: Milotic
|
|upkeep
|
|t:|1758962918
|switch|p1a: Comfey|Comfey, F, shiny|48/100 psn
|turn|33
|
|t:|1758962922
|move|p1a: Comfey|Draining Kiss|p2a: Conkeldurr
|-supereffective|p2a: Conkeldurr
|-damage|p2a: Conkeldurr|0 fnt
|-heal|p1a: Comfey|50/100 psn|[from] drain|[of] p2a: Conkeldurr
|faint|p2a: Conkeldurr
|
|-damage|p1a: Comfey|38/100 psn|[from] psn
|upkeep
|inactive|Why Dusk has 120 seconds left.
|
|t:|1758962930
|switch|p2a: Kingambit|Kingambit, F|100/100
|-activate|p2a: Kingambit|ability: Supreme Overlord
|-start|p2a: Kingambit|fallen4|[silent]
|-item|p2a: Kingambit|Air Balloon
|turn|34
|inactive|Why Dusk has 120 seconds left.
|
|t:|1758962941
|switch|p1a: Gliscor|Gliscor, M, tera:Normal|100/100 tox
|move|p2a: Kingambit|Iron Head|p1a: Gliscor
|-damage|p1a: Gliscor|57/100 tox
|
|-heal|p1a: Gliscor|70/100 tox|[from] ability: Poison Heal
|-fieldend|move: Trick Room
|upkeep
|turn|35
|inactive|Why Dusk has 120 seconds left.
|
|t:|1758962958
|move|p1a: Gliscor|Facade|p2a: Kingambit
|-resisted|p2a: Kingambit
|-damage|p2a: Kingambit|84/100
|-enditem|p2a: Kingambit|Air Balloon
|move|p2a: Kingambit|Kowtow Cleave|p1a: Gliscor
|-damage|p1a: Gliscor|24/100 tox
|
|-heal|p1a: Gliscor|36/100 tox|[from] ability: Poison Heal
|upkeep
|turn|36
|inactive|Why Dusk has 120 seconds left.
|
|t:|1758962969
|move|p1a: Gliscor|Protect|p1a: Gliscor
|-singleturn|p1a: Gliscor|Protect
|move|p2a: Kingambit|Sucker Punch||[still]
|-fail|p2a: Kingambit
|
|-heal|p1a: Gliscor|49/100 tox|[from] ability: Poison Heal
|upkeep
|turn|37
|inactive|Why Dusk has 120 seconds left.
|
|t:|1758962980
|move|p1a: Gliscor|Facade|p2a: Kingambit
|-resisted|p2a: Kingambit
|-damage|p2a: Kingambit|68/100
|move|p2a: Kingambit|Iron Head|p1a: Gliscor
|-damage|p1a: Gliscor|11/100 tox
|
|-heal|p1a: Gliscor|23/100 tox|[from] ability: Poison Heal
|upkeep
|turn|38
|
|t:|1758962990
|move|p1a: Gliscor|Protect|p1a: Gliscor
|-singleturn|p1a: Gliscor|Protect
|move|p2a: Kingambit|Iron Head|p1a: Gliscor
|-activate|p1a: Gliscor|move: Protect
|
|-heal|p1a: Gliscor|36/100 tox|[from] ability: Poison Heal
|upkeep
|turn|39
|
|t:|1758962999
|move|p1a: Gliscor|Toxic|p2a: Kingambit
|-immune|p2a: Kingambit
|move|p2a: Kingambit|Kowtow Cleave|p1a: Gliscor
|-damage|p1a: Gliscor|0 fnt
|faint|p1a: Gliscor
|
|upkeep
|
|t:|1758963007
|switch|p1a: Heracross|Heracross, M|100/100
|-status|p1a: Heracross|tox
|turn|40
|
|t:|1758963031
|-terastallize|p2a: Kingambit|Dragon
|move|p1a: Heracross|Close Combat|p2a: Kingambit
|-damage|p2a: Kingambit|22/100
|-unboost|p1a: Heracross|def|1
|-unboost|p1a: Heracross|spd|1
|move|p2a: Kingambit|Zen Headbutt|p1a: Heracross
|-supereffective|p1a: Heracross
|-damage|p1a: Heracross|0 fnt
|faint|p1a: Heracross
|
|upkeep
|
|t:|1758963042
|switch|p1a: Comfey|Comfey, F, shiny|38/100 psn
|turn|41
|
|t:|1758963046
|move|p1a: Comfey|Draining Kiss|p2a: Kingambit
|-supereffective|p2a: Kingambit
|-damage|p2a: Kingambit|0 fnt
|-heal|p1a: Comfey|65/100 psn|[from] drain|[of] p2a: Kingambit
|faint|p2a: Kingambit
|-end|p2a: Kingambit|fallen4|[silent]
|
|-damage|p1a: Comfey|53/100 psn|[from] psn
|upkeep
|
|t:|1758963054
|switch|p2a: Dragonite|Dragonite, M|100/100
|turn|42
|
|t:|1758963064
|move|p1a: Comfey|Draining Kiss|p2a: Dragonite
|-supereffective|p2a: Dragonite
|-damage|p2a: Dragonite|88/100
|-heal|p1a: Comfey|68/100 psn|[from] drain|[of] p2a: Dragonite
|move|p2a: Dragonite|Fire Punch|p1a: Comfey
|-damage|p1a: Comfey|35/100 psn
|
|-damage|p1a: Comfey|23/100 psn|[from] psn
|upkeep
|turn|43
|
|t:|1758963074
|move|p1a: Comfey|Draining Kiss|p2a: Dragonite
|-supereffective|p2a: Dragonite
|-damage|p2a: Dragonite|63/100
|-heal|p1a: Comfey|53/100 psn|[from] drain|[of] p2a: Dragonite
|move|p2a: Dragonite|Extreme Speed|p1a: Comfey
|-damage|p1a: Comfey|22/100 psn
|
|-damage|p1a: Comfey|9/100 psn|[from] psn
|upkeep
|turn|44
|
|t:|1758963084
|move|p1a: Comfey|Draining Kiss|p2a: Dragonite
|-supereffective|p2a: Dragonite
|-damage|p2a: Dragonite|38/100
|-heal|p1a: Comfey|40/100 psn|[from] drain|[of] p2a: Dragonite
|move|p2a: Dragonite|Extreme Speed|p1a: Comfey
|-damage|p1a: Comfey|4/100 psn
|
|-damage|p1a: Comfey|0 fnt|[from] psn
|faint|p1a: Comfey
|
|win|Why Dusk
|raw|chamu rye's rating: 1207 &rarr; <strong>1178</strong><br />(-29 for losing)
|raw|Why Dusk's rating: 1158 &rarr; <strong>1187</strong><br />(+29 for winning)
|l|☆Why Dusk
|player|p2|
|l|☆chamu rye
|player|p1|
