|j|☆GermanDude5
|j|☆Omari P
|t:|1758968373
|gametype|singles
|player|p1|GermanDude5|170|1666
|player|p2|Omari P|pokemonrangerf|1714
|gen|9
|tier|[Gen 9] OU
|rated|
|rule|HP Percentage Mod: HP is shown in percentages
|rule|Endless Battle Clause: Forcing endless battles is banned
|rule|Species Clause: Limit one of each Pokémon
|rule|OHKO Clause: OHKO moves are banned
|rule|Evasion Items Clause: Evasion items are banned
|rule|Evasion Moves Clause: Evasion moves are banned
|rule|Evasion Abilities Clause: Evasion abilities are banned
|rule|Sleep Moves Clause: Sleep-inducing moves are banned
|clearpoke
|poke|p1|Enamorus, F|
|poke|p1|Great Tusk|
|poke|p1|Dragapult, M|
|poke|p1|Alomomola, F|
|poke|p1|Iron Crown|
|poke|p1|Kingambit, M|
|poke|p2|Cinderace, F|
|poke|p2|Volcanion|
|poke|p2|Torkoal, M|
|poke|p2|Mandibuzz, F|
|poke|p2|Great Tusk|
|poke|p2|Fezandipiti, M|
|teampreview
|
|t:|1758968411
|teamsize|p1|6
|teamsize|p2|6
|start
|switch|p1a: Enamorus|Enamorus, F|100/100
|switch|p2a: Volcanion|Volcanion|100/100
|turn|1
|
|t:|1758968416
|switch|p1a: Alomomola|Alomomola, F|100/100
|move|p2a: Volcanion|Steam Eruption|p1a: Alomomola
|-resisted|p1a: Alomomola
|-damage|p1a: Alomomola|61/100
|
|upkeep
|turn|2
|inactive|Battle timer is ON: inactive players will automatically lose when time's up. (requested by Omari P)
|
|t:|1758968422
|move|p2a: Volcanion|Steam Eruption|p1a: Alomomola
|-resisted|p1a: Alomomola
|-damage|p1a: Alomomola|18/100
|-status|p1a: Alomomola|brn
|move|p1a: Alomomola|Wish|p1a: Alomomola
|
|-damage|p1a: Alomomola|12/100 brn|[from] brn
|upkeep
|turn|3
|
|t:|1758968428
|switch|p2a: Torkoal|Torkoal, M, shiny|100/100
|-weather|SunnyDay|[from] ability: Drought|[of] p2a: Torkoal
|move|p1a: Alomomola|Protect||[still]
|-fail|p1a: Alomomola
|
|-weather|SunnyDay|[upkeep]
|-heal|p1a: Alomomola|62/100 brn|[from] move: Wish|[wisher] Alomomola
|-damage|p1a: Alomomola|56/100 brn|[from] brn
|upkeep
|turn|4
|
|t:|1758968431
|move|p1a: Alomomola|Wish|p1a: Alomomola
|move|p2a: Torkoal|Stealth Rock|p1a: Alomomola
|-sidestart|p1: GermanDude5|move: Stealth Rock
|
|-weather|SunnyDay|[upkeep]
|-damage|p1a: Alomomola|50/100 brn|[from] brn
|upkeep
|turn|5
|
|t:|1758968437
|switch|p1a: Great Tusk|Great Tusk|100/100
|-activate|p1a: Great Tusk|ability: Protosynthesis
|-start|p1a: Great Tusk|protosynthesisatk
|switch|p2a: Volcanion|Volcanion|100/100
|
|-weather|SunnyDay|[upkeep]
|upkeep
|turn|6
|
|t:|1758968446
|move|p1a: Great Tusk|Rapid Spin|p2a: Volcanion
|-damage|p2a: Volcanion|81/100
|-boost|p1a: Great Tusk|spe|1
|-sideend|p1: GermanDude5|Stealth Rock|[from] move: Rapid Spin|[of] p1a: Great Tusk
|move|p2a: Volcanion|Fire Blast|p1a: Great Tusk
|-damage|p1a: Great Tusk|0 fnt
|faint|p1a: Great Tusk
|-end|p1a: Great Tusk|Protosynthesis|[silent]
|
|-weather|SunnyDay|[upkeep]
|upkeep
|
|t:|1758968457
|switch|p1a: Dragapult|Dragapult, M|100/100
|turn|7
|inactive|Omari P has 120 seconds left.
|
|t:|1758968487
|switch|p2a: Chihiro|Fezandipiti, M|100/100
|move|p1a: Dragapult|Draco Meteor|p2a: Chihiro
|-immune|p2a: Chihiro
|
|-weather|SunnyDay|[upkeep]
|upkeep
|turn|8
|
|t:|1758968514
|switch|p1a: Iron Crown|Iron Crown|100/100
|switch|p2a: Cinderace|Cinderace, F|100/100
|
|-weather|SunnyDay|[upkeep]
|upkeep
|turn|9
|j| tabata toxapex
|
|t:|1758968528
|-end|p1a: Iron Crown|Quark Drive|[silent]
|switch|p1a: Alomomola|Alomomola, F|83/100 brn
|move|p2a: Cinderace|Pyro Ball|p1a: Alomomola
|-resisted|p1a: Alomomola
|-damage|p1a: Alomomola|51/100 brn
|
|-weather|SunnyDay|[upkeep]
|-damage|p1a: Alomomola|44/100 brn|[from] brn
|upkeep
|turn|10
|
|t:|1758968534
|move|p2a: Cinderace|High Jump Kick|p1a: Alomomola
|-start|p2a: Cinderace|typechange|Fighting|[from] ability: Libero
|-damage|p1a: Alomomola|0 fnt
|faint|p1a: Alomomola
|
|-weather|none
|upkeep
|
|t:|1758968549
|switch|p1a: Enamorus|Enamorus, F|100/100
|turn|11
|
|t:|1758968552
|switch|p2a: Torkoal|Torkoal, M, shiny|100/100
|-weather|SunnyDay|[from] ability: Drought|[of] p2a: Torkoal
|move|p1a: Enamorus|Earth Power|p2a: Torkoal
|-supereffective|p2a: Torkoal
|-damage|p2a: Torkoal|0 fnt
|faint|p2a: Torkoal
|
|-weather|SunnyDay|[upkeep]
|upkeep
|
|t:|1758968561
|switch|p2a: Haku|Great Tusk, shiny|100/100
|-activate|p2a: Haku|ability: Protosynthesis
|-start|p2a: Haku|protosynthesisatk
|turn|12
|
|t:|1758968569
|switch|p1a: Kingambit|Kingambit, M|100/100
|-activate|p1a: Kingambit|ability: Supreme Overlord
|-start|p1a: Kingambit|fallen2|[silent]
|move|p2a: Haku|Knock Off|p1a: Kingambit
|-resisted|p1a: Kingambit
|-damage|p1a: Kingambit|79/100
|-enditem|p1a: Kingambit|Leftovers|[from] move: Knock Off|[of] p2a: Haku
|
|-weather|SunnyDay|[upkeep]
|upkeep
|turn|13
|
|t:|1758968575
|-end|p2a: Haku|Protosynthesis|[silent]
|switch|p2a: Volcanion|Volcanion|81/100
|move|p1a: Kingambit|Sucker Punch||[still]
|-fail|p1a: Kingambit
|
|-weather|SunnyDay|[upkeep]
|upkeep
|turn|14
|
|t:|1758968577
|move|p1a: Kingambit|Sucker Punch|p2a: Volcanion
|-crit|p2a: Volcanion
|-damage|p2a: Volcanion|14/100
|move|p2a: Volcanion|Fire Blast|p1a: Kingambit
|-supereffective|p1a: Kingambit
|-damage|p1a: Kingambit|0 fnt
|faint|p1a: Kingambit
|-end|p1a: Kingambit|fallen2|[silent]
|
|-weather|SunnyDay|[upkeep]
|upkeep
|
|t:|1758968587
|switch|p1a: Iron Crown|Iron Crown|100/100
|turn|15
|
|t:|1758968591
|move|p1a: Iron Crown|Volt Switch|p2a: Volcanion
|-supereffective|p2a: Volcanion
|-damage|p2a: Volcanion|0 fnt
|faint|p2a: Volcanion
|
|t:|1758968593
|-end|p1a: Iron Crown|Quark Drive|[silent]
|switch|p1a: Dragapult|Dragapult, M|100/100|[from] Volt Switch
|
|-weather|SunnyDay|[upkeep]
|upkeep
|
|t:|1758968597
|switch|p2a: Cinderace|Cinderace, F|100/100
|turn|16
|
|t:|1758968605
|move|p2a: Cinderace|Sucker Punch|p1a: Dragapult
|-start|p2a: Cinderace|typechange|Dark|[from] ability: Libero
|-supereffective|p1a: Dragapult
|-damage|p1a: Dragapult|0 fnt
|faint|p1a: Dragapult
|
|-weather|SunnyDay|[upkeep]
|upkeep
|
|t:|1758968609
|switch|p1a: Enamorus|Enamorus, F|100/100
|turn|17
|
|t:|1758968616
|-terastallize|p2a: Cinderace|Fire
|move|p2a: Cinderace|Pyro Ball|p1a: Enamorus
|-damage|p1a: Enamorus|0 fnt
|faint|p1a: Enamorus
|
|-weather|SunnyDay|[upkeep]
|upkeep
|-message|GermanDude5 forfeited.
|
|win|Omari P
|raw|GermanDude5's rating: 1666 &rarr; <strong>1649</strong><br />(-17 for losing)
|raw|Omari P's rating: 1714 &rarr; <strong>1731</strong><br />(+17 for winning)
|l|☆GermanDude5
|player|p1|
