|j|☆caterpeace
|j|☆Mouu'D
|t:|1758920825
|gametype|singles
|player|p1|caterpeace|marshal|1169
|player|p2|Mouu'D|169|1208
|gen|9
|tier|[Gen 9] OU
|rated|
|rule|HP Percentage Mod: HP is shown in percentages
|rule|Endless Battle Clause: Forcing endless battles is banned
|rule|Species Clause: Limit one of each Pokémon
|rule|OHKO Clause: OHKO moves are banned
|rule|Evasion Items Clause: Evasion items are banned
|rule|Evasion Moves Clause: Evasion moves are banned
|rule|Evasion Abilities Clause: Evasion abilities are banned
|rule|Sleep Moves Clause: Sleep-inducing moves are banned
|clearpoke
|poke|p1|Ursaluna, M|
|poke|p1|Slowking-Galar, M|
|poke|p1|Alomomola, F|
|poke|p1|Dipplin, F|
|poke|p1|Klefki, F|
|poke|p1|Braviary, M|
|poke|p2|Slowbro, M|
|poke|p2|Diancie|
|poke|p2|Scizor, M|
|poke|p2|Ursaluna, M|
|poke|p2|Exeggutor-Alola, M|
|poke|p2|Conkeldurr, F|
|teampreview
|inactive|Battle timer is ON: inactive players will automatically lose when time's up. (requested by caterpeace)
|
|t:|1758920854
|teamsize|p1|6
|teamsize|p2|6
|start
|switch|p1a: Braviary|Braviary, M|100/100
|switch|p2a: Jinbei|Slowbro, M, shiny|100/100
|turn|1
|
|t:|1758920863
|move|p1a: Braviary|Body Slam|p2a: Jinbei
|-damage|p2a: Jinbei|63/100
|move|p2a: Jinbei|Trick Room|p2a: Jinbei
|-fieldstart|move: Trick Room|[of] p2a: Jinbei
|
|upkeep
|turn|2
|
|t:|1758920880
|switch|p2a: Chopper|Ursaluna, M|100/100
|move|p1a: Braviary|Bulk Up|p1a: Braviary
|-boost|p1a: Braviary|atk|1
|-boost|p1a: Braviary|def|1
|
|-status|p2a: Chopper|brn|[from] item: Flame Orb
|upkeep
|turn|3
|
|t:|1758920896
|move|p2a: Chopper|Thunder Punch|p1a: Braviary
|-supereffective|p1a: Braviary
|-damage|p1a: Braviary|40/100
|move|p1a: Braviary|Body Slam|p2a: Chopper
|-damage|p2a: Chopper|40/100 brn
|
|-damage|p2a: Chopper|34/100 brn|[from] brn
|upkeep
|turn|4
|
|t:|1758920904
|switch|p1a: Dipplin|Dipplin, F|100/100
|move|p2a: Chopper|Facade|p1a: Dipplin
|-damage|p1a: Dipplin|33/100
|
|-damage|p2a: Chopper|28/100 brn|[from] brn
|upkeep
|turn|5
|
|t:|1758920914
|switch|p1a: Klefki|Klefki, F|100/100
|move|p2a: Chopper|Facade|p1a: Klefki
|-resisted|p1a: Klefki
|-damage|p1a: Klefki|34/100
|
|-heal|p1a: Klefki|40/100|[from] item: Leftovers
|-damage|p2a: Chopper|22/100 brn|[from] brn
|-fieldend|move: Trick Room
|upkeep
|turn|6
|
|t:|1758920924
|move|p1a: Klefki|Dazzling Gleam|p2a: Chopper
|-damage|p2a: Chopper|0 fnt
|faint|p2a: Chopper
|
|-heal|p1a: Klefki|46/100|[from] item: Leftovers
|upkeep
|
|t:|1758920945
|switch|p2a: Zoro|Scizor, M, shiny|100/100
|turn|7
|
|t:|1758920951
|switch|p1a: Alomomola|Alomomola, F|100/100
|move|p2a: Zoro|Bullet Punch|p1a: Alomomola
|-resisted|p1a: Alomomola
|-damage|p1a: Alomomola|87/100
|-damage|p2a: Zoro|84/100|[from] item: Rocky Helmet|[of] p1a: Alomomola
|-damage|p2a: Zoro|74/100|[from] item: Life Orb
|
|upkeep
|turn|8
|
|t:|1758920963
|switch|p2a: Sodom|Exeggutor-Alola, M, shiny|100/100
|move|p1a: Alomomola|Flip Turn|p2a: Sodom
|-resisted|p2a: Sodom
|-damage|p2a: Sodom|97/100
|
|t:|1758920971
|switch|p1a: Slowking|Slowking-Galar, M|100/100|[from] Flip Turn
|
|upkeep
|turn|9
|
|t:|1758920979
|switch|p2a: Zoro|Scizor, M, shiny|74/100
|move|p1a: Slowking|Future Sight|p2a: Zoro
|-start|p1a: Slowking|move: Future Sight
|
|upkeep
|turn|10
|
|t:|1758920988
|move|p2a: Zoro|Lunge|p1a: Slowking
|-damage|p1a: Slowking|23/100
|-unboost|p1a: Slowking|atk|1
|-damage|p2a: Zoro|64/100|[from] item: Life Orb
|move|p1a: Slowking|Chilling Water|p2a: Zoro
|-damage|p2a: Zoro|45/100
|-unboost|p2a: Zoro|atk|1
|
|-heal|p1a: Slowking|29/100|[from] item: Leftovers
|upkeep
|turn|11
|
|t:|1758921001
|switch|p1a: Alomomola|Alomomola, F|100/100
|move|p2a: Zoro|Lunge|p1a: Alomomola
|-damage|p1a: Alomomola|76/100
|-unboost|p1a: Alomomola|atk|1
|-damage|p2a: Zoro|29/100|[from] item: Rocky Helmet|[of] p1a: Alomomola
|-damage|p2a: Zoro|19/100|[from] item: Life Orb
|
|-end|p2a: Zoro|move: Future Sight
|-resisted|p2a: Zoro
|-damage|p2a: Zoro|0 fnt
|faint|p2a: Zoro
|upkeep
|
|t:|1758921014
|switch|p2a: Sodom|Exeggutor-Alola, M, shiny|97/100
|turn|12
|
|t:|1758921022
|switch|p1a: Dipplin|Dipplin, F|33/100
|move|p2a: Sodom|Trick Room|p2a: Sodom
|-fieldstart|move: Trick Room|[of] p2a: Sodom
|
|upkeep
|turn|13
|
|t:|1758921039
|move|p2a: Sodom|Psyshock|p1a: Dipplin
|-damage|p1a: Dipplin|17/100
|move|p1a: Dipplin|Dragon Pulse|p2a: Sodom
|-supereffective|p2a: Sodom
|-damage|p2a: Sodom|36/100
|-enditem|p2a: Sodom|Sitrus Berry|[eat]
|-heal|p2a: Sodom|61/100|[from] item: Sitrus Berry
|
|-item|p2a: Sodom|Sitrus Berry|[from] ability: Harvest
|upkeep
|turn|14
|
|t:|1758921046
|move|p2a: Sodom|Flamethrower|p1a: Dipplin
|-damage|p1a: Dipplin|0 fnt
|faint|p1a: Dipplin
|
|upkeep
|
|t:|1758921067
|switch|p1a: Slowking|Slowking-Galar, M|62/100
|turn|15
|
|t:|1758921074
|move|p2a: Sodom|Psyshock|p1a: Slowking
|-damage|p1a: Slowking|28/100
|move|p1a: Slowking|Sludge Bomb|p2a: Sodom
|-supereffective|p2a: Sodom
|-damage|p2a: Sodom|0 fnt
|faint|p2a: Sodom
|
|-heal|p1a: Slowking|34/100|[from] item: Leftovers
|upkeep
|
|t:|1758921083
|switch|p2a: Luffy gear 4th|Conkeldurr, F|100/100
|turn|16
|
|t:|1758921099
|move|p2a: Luffy gear 4th|Knock Off|p1a: Slowking
|-supereffective|p1a: Slowking
|-damage|p1a: Slowking|0 fnt
|-enditem|p1a: Slowking|Leftovers|[from] move: Knock Off|[of] p2a: Luffy gear 4th
|faint|p1a: Slowking
|
|-fieldend|move: Trick Room
|-status|p2a: Luffy gear 4th|brn|[from] item: Flame Orb
|upkeep
|
|t:|1758921108
|switch|p1a: Alomomola|Alomomola, F|100/100
|turn|17
|
|t:|1758921116
|move|p1a: Alomomola|Wish|p1a: Alomomola
|move|p2a: Luffy gear 4th|Drain Punch|p1a: Alomomola
|-damage|p1a: Alomomola|59/100
|-damage|p2a: Luffy gear 4th|84/100 brn|[from] item: Rocky Helmet|[of] p1a: Alomomola
|
|-damage|p2a: Luffy gear 4th|78/100 brn|[from] brn
|upkeep
|turn|18
|
|t:|1758921127
|move|p1a: Alomomola|Scald|p2a: Luffy gear 4th
|-damage|p2a: Luffy gear 4th|61/100 brn
|move|p2a: Luffy gear 4th|Drain Punch|p1a: Alomomola
|-damage|p1a: Alomomola|22/100
|-heal|p2a: Luffy gear 4th|85/100 brn|[from] drain|[of] p1a: Alomomola
|-damage|p2a: Luffy gear 4th|68/100 brn|[from] item: Rocky Helmet|[of] p1a: Alomomola
|
|-heal|p1a: Alomomola|72/100|[from] move: Wish|[wisher] Alomomola
|-damage|p2a: Luffy gear 4th|62/100 brn|[from] brn
|upkeep
|turn|19
|j| Jeydub
|
|t:|1758921141
|switch|p2a: Jinbei|Slowbro, M, shiny|63/100
|move|p1a: Alomomola|Protect||[still]
|-fail|p1a: Alomomola
|
|upkeep
|turn|20
|
|t:|1758921148
|move|p1a: Alomomola|Flip Turn|p2a: Jinbei
|-resisted|p2a: Jinbei
|-damage|p2a: Jinbei|58/100
|
|t:|1758921152
|switch|p1a: Klefki|Klefki, F|46/100|[from] Flip Turn
|move|p2a: Jinbei|Scald|p1a: Klefki
|-damage|p1a: Klefki|4/100
|
|-heal|p1a: Klefki|10/100|[from] item: Leftovers
|upkeep
|turn|21
|
|t:|1758921170
|move|p1a: Klefki|Spikes|p2a: Jinbei
|-sidestart|p2: Mouu'D|Spikes
|move|p2a: Jinbei|Trick Room|p2a: Jinbei
|-fieldstart|move: Trick Room|[of] p2a: Jinbei
|
|-heal|p1a: Klefki|15/100|[from] item: Leftovers
|upkeep
|turn|22
|
|t:|1758921177
|move|p2a: Jinbei|Scald|p1a: Klefki
|-damage|p1a: Klefki|0 fnt
|faint|p1a: Klefki
|
|upkeep
|
|t:|1758921187
|switch|p1a: Alomomola|Alomomola, F|100/100
|turn|23
|
|t:|1758921191
|move|p2a: Jinbei|Scald|p1a: Alomomola
|-resisted|p1a: Alomomola
|-damage|p1a: Alomomola|85/100
|move|p1a: Alomomola|Scald|p2a: Jinbei
|-resisted|p2a: Jinbei
|-damage|p2a: Jinbei|50/100
|
|upkeep
|turn|24
|
|t:|1758921199
|move|p2a: Jinbei|Slack Off|p2a: Jinbei
|-heal|p2a: Jinbei|100/100
|move|p1a: Alomomola|Scald|p2a: Jinbei
|-resisted|p2a: Jinbei
|-damage|p2a: Jinbei|93/100
|-status|p2a: Jinbei|brn
|
|-damage|p2a: Jinbei|87/100 brn|[from] brn
|upkeep
|turn|25
|
|t:|1758921210
|move|p2a: Jinbei|Scald|p1a: Alomomola
|-resisted|p1a: Alomomola
|-damage|p1a: Alomomola|69/100
|-status|p1a: Alomomola|brn
|move|p1a: Alomomola|Flip Turn|p2a: Jinbei
|-resisted|p2a: Jinbei
|-damage|p2a: Jinbei|84/100 brn
|
|t:|1758921218
|switch|p1a: Ursaluna|Ursaluna, M, shiny|100/100|[from] Flip Turn
|
|-damage|p2a: Jinbei|78/100 brn|[from] brn
|-fieldend|move: Trick Room
|-status|p1a: Ursaluna|brn|[from] item: Flame Orb
|upkeep
|turn|26
|
|t:|1758921228
|move|p1a: Ursaluna|Facade|p2a: Jinbei
|-damage|p2a: Jinbei|4/100 brn
|move|p2a: Jinbei|Trick Room|p2a: Jinbei
|-fieldstart|move: Trick Room|[of] p2a: Jinbei
|
|-damage|p2a: Jinbei|0 fnt|[from] brn
|faint|p2a: Jinbei
|-damage|p1a: Ursaluna|94/100 brn|[from] brn
|upkeep
|
|t:|1758921239
|switch|p2a: Luffy gear 4th|Conkeldurr, F|62/100 brn
|-damage|p2a: Luffy gear 4th|50/100 brn|[from] Spikes
|turn|27
|
|t:|1758921243
|-terastallize|p1a: Ursaluna|Ghost
|move|p2a: Luffy gear 4th|Drain Punch|p1a: Ursaluna
|-immune|p1a: Ursaluna
|move|p1a: Ursaluna|Facade|p2a: Luffy gear 4th
|-damage|p2a: Luffy gear 4th|0 fnt
|faint|p2a: Luffy gear 4th
|
|-damage|p1a: Ursaluna|88/100 brn|[from] brn
|upkeep
|
|t:|1758921250
|switch|p2a: Robin|Diancie|100/100
|-damage|p2a: Robin|88/100|[from] Spikes
|turn|28
|c| Jeydub|Lmao
|
|t:|1758921257
|move|p2a: Robin|Moonblast|p1a: Ursaluna
|-damage|p1a: Ursaluna|42/100 brn
|move|p1a: Ursaluna|Headlong Rush|p2a: Robin
|-supereffective|p2a: Robin
|-damage|p2a: Robin|0 fnt
|-unboost|p1a: Ursaluna|def|1
|-unboost|p1a: Ursaluna|spd|1
|faint|p2a: Robin
|
|win|caterpeace
|raw|caterpeace's rating: 1169 &rarr; <strong>1197</strong><br />(+28 for winning)
|raw|Mouu&apos;D's rating: 1208 &rarr; <strong>1180</strong><br />(-28 for losing)
|l|☆Mouu'D
|player|p2|
|l|☆caterpeace
|player|p1|
