|j|☆xiaochoubushiwo
|j|☆belphegorr
|t:|1759042770
|gametype|singles
|player|p1|xiaochoubushiwo|pokemaniac|1260
|player|p2|belphegorr|hoopster|1307
|gen|9
|tier|[Gen 9] OU
|rated|
|rule|HP Percentage Mod: HP is shown in percentages
|rule|Endless Battle Clause: Forcing endless battles is banned
|rule|Species Clause: Limit one of each Pokémon
|rule|OHKO Clause: OHKO moves are banned
|rule|Evasion Items Clause: Evasion items are banned
|rule|Evasion Moves Clause: Evasion moves are banned
|rule|Evasion Abilities Clause: Evasion abilities are banned
|rule|Sleep Moves Clause: Sleep-inducing moves are banned
|clearpoke
|poke|p1|Tyranitar, F|
|poke|p1|Gholdengo|
|poke|p1|Zamazenta-*|
|poke|p1|Rillaboom, M|
|poke|p1|Garchomp, M|
|poke|p1|Zapdos|
|poke|p2|Samurott-Hisui, F|
|poke|p2|Coalossal, M|
|poke|p2|Scyther, M|
|poke|p2|Ogerpon, F|
|poke|p2|Weavile, M|
|poke|p2|Gengar, F|
|teampreview
|inactive|Battle timer is ON: inactive players will automatically lose when time's up. (requested by belphegorr)
|
|t:|1759042778
|teamsize|p1|6
|teamsize|p2|6
|start
|switch|p1a: Zamazenta|Zamazenta|100/100
|switch|p2a: Samurott|Samurott-Hisui, F, shiny|100/100
|-ability|p1a: Zamazenta|Dauntless Shield|boost
|-boost|p1a: Zamazenta|def|1
|turn|1
|
|t:|1759042780
|move|p1a: Zamazenta|Close Combat|p2a: Samurott
|-supereffective|p2a: Samurott
|-enditem|p2a: Samurott|Focus Sash
|-damage|p2a: Samurott|1/100
|-unboost|p1a: Zamazenta|def|1
|-unboost|p1a: Zamazenta|spd|1
|move|p2a: Samurott|Ceaseless Edge|p1a: Zamazenta
|-resisted|p1a: Zamazenta
|-damage|p1a: Zamazenta|78/100
|-sidestart|p1: xiaochoubushiwo|Spikes
|
|upkeep
|turn|2
|
|t:|1759042791
|move|p2a: Samurott|Sucker Punch|p1a: Zamazenta
|-resisted|p1a: Zamazenta
|-damage|p1a: Zamazenta|63/100
|move|p1a: Zamazenta|Crunch|p2a: Samurott
|-resisted|p2a: Samurott
|-damage|p2a: Samurott|0 fnt
|faint|p2a: Samurott
|
|upkeep
|
|t:|1759042796
|switch|p2a: Coalossal|Coalossal, M|100/100
|turn|3
|
|t:|1759042806
|move|p1a: Zamazenta|Close Combat|p2a: Coalossal
|-supereffective|p2a: Coalossal
|-damage|p2a: Coalossal|39/100
|-unboost|p1a: Zamazenta|def|1
|-unboost|p1a: Zamazenta|spd|1
|-damage|p1a: Zamazenta|46/100|[from] item: Rocky Helmet|[of] p2a: Coalossal
|move|p2a: Coalossal|Stealth Rock|p1a: Zamazenta
|-sidestart|p1: xiaochoubushiwo|move: Stealth Rock
|
|upkeep
|turn|4
|
|t:|1759042816
|move|p1a: Zamazenta|Heavy Slam|p2a: Coalossal
|-damage|p2a: Coalossal|33/100
|-damage|p1a: Zamazenta|29/100|[from] item: Rocky Helmet|[of] p2a: Coalossal
|move|p2a: Coalossal|Fire Spin|p1a: Zamazenta
|-damage|p1a: Zamazenta|12/100
|-activate|p1a: Zamazenta|move: Fire Spin|[of] p2a: Coalossal
|
|-damage|p1a: Zamazenta|0 fnt|[from] move: Fire Spin|[partiallytrapped]
|faint|p1a: Zamazenta
|upkeep
|
|t:|1759042825
|switch|p1a: Garchomp|Garchomp, M|100/100
|-damage|p1a: Garchomp|88/100|[from] Spikes
|-damage|p1a: Garchomp|82/100|[from] Stealth Rock
|turn|5
|
|t:|1759042833
|move|p1a: Garchomp|Stealth Rock|p2a: Coalossal
|-sidestart|p2: belphegorr|move: Stealth Rock
|move|p2a: Coalossal|Fire Spin|p1a: Garchomp
|-resisted|p1a: Garchomp
|-damage|p1a: Garchomp|77/100
|-activate|p1a: Garchomp|move: Fire Spin|[of] p2a: Coalossal
|
|-damage|p1a: Garchomp|65/100|[from] move: Fire Spin|[partiallytrapped]
|upkeep
|turn|6
|
|t:|1759042839
|move|p1a: Garchomp|Spikes|p2a: Coalossal
|-sidestart|p2: belphegorr|Spikes
|move|p2a: Coalossal|Rapid Spin|p1a: Garchomp
|-damage|p1a: Garchomp|60/100
|-boost|p2a: Coalossal|spe|1
|-damage|p2a: Coalossal|20/100|[from] ability: Rough Skin|[of] p1a: Garchomp
|-damage|p2a: Coalossal|4/100|[from] item: Rocky Helmet|[of] p1a: Garchomp
|-sideend|p2: belphegorr|Spikes|[from] move: Rapid Spin|[of] p2a: Coalossal
|-sideend|p2: belphegorr|Stealth Rock|[from] move: Rapid Spin|[of] p2a: Coalossal
|
|-damage|p1a: Garchomp|47/100|[from] move: Fire Spin|[partiallytrapped]
|upkeep
|turn|7
|
|t:|1759042846
|move|p1a: Garchomp|Stealth Rock|p2a: Coalossal
|-sidestart|p2: belphegorr|move: Stealth Rock
|move|p2a: Coalossal|Rapid Spin|p1a: Garchomp
|-damage|p1a: Garchomp|42/100
|-boost|p2a: Coalossal|spe|1
|-damage|p2a: Coalossal|0 fnt|[from] ability: Rough Skin|[of] p1a: Garchomp
|faint|p2a: Coalossal
|
|-end|p1a: Garchomp|Fire Spin|[partiallytrapped]|[silent]
|upkeep
|
|t:|1759042857
|switch|p2a: Weavile|Weavile, M|100/100
|-damage|p2a: Weavile|76/100|[from] Stealth Rock
|turn|8
|
|t:|1759042863
|move|p2a: Weavile|Ice Shard|p1a: Garchomp
|-supereffective|p1a: Garchomp
|-damage|p1a: Garchomp|0 fnt
|faint|p1a: Garchomp
|
|upkeep
|
|t:|1759042873
|switch|p1a: Tyranitar|Tyranitar, F|100/100
|-weather|Sandstorm|[from] ability: Sand Stream|[of] p1a: Tyranitar
|turn|9
|
|t:|1759042878
|move|p2a: Weavile|Knock Off|p1a: Tyranitar
|-resisted|p1a: Tyranitar
|-crit|p1a: Tyranitar
|-damage|p1a: Tyranitar|67/100
|-enditem|p1a: Tyranitar|Heavy-Duty Boots|[from] move: Knock Off|[of] p2a: Weavile
|move|p1a: Tyranitar|Stone Edge|p2a: Weavile|[miss]
|-miss|p1a: Tyranitar|p2a: Weavile
|
|-weather|Sandstorm|[upkeep]
|-damage|p2a: Weavile|70/100|[from] Sandstorm
|upkeep
|turn|10
|
|t:|1759042885
|move|p2a: Weavile|Triple Axel|p1a: Tyranitar
|-damage|p1a: Tyranitar|57/100
|-crit|p1a: Tyranitar
|-damage|p1a: Tyranitar|32/100
|-damage|p1a: Tyranitar|5/100
|-hitcount|p1a: Tyranitar|3
|move|p1a: Tyranitar|Stone Edge|p2a: Weavile|[miss]
|-miss|p1a: Tyranitar|p2a: Weavile
|
|-weather|Sandstorm|[upkeep]
|-damage|p2a: Weavile|63/100|[from] Sandstorm
|upkeep
|turn|11
|
|t:|1759042893
|move|p2a: Weavile|Knock Off|p1a: Tyranitar
|-resisted|p1a: Tyranitar
|-damage|p1a: Tyranitar|0 fnt
|faint|p1a: Tyranitar
|
|-weather|Sandstorm|[upkeep]
|-damage|p2a: Weavile|57/100|[from] Sandstorm
|upkeep
|
|t:|1759042910
|switch|p1a: Zapdos|Zapdos|100/100
|turn|12
|
|t:|1759042919
|-terastallize|p1a: Zapdos|Fire
|move|p2a: Weavile|Knock Off|p1a: Zapdos
|-damage|p1a: Zapdos|43/100
|-status|p2a: Weavile|par|[from] ability: Static|[of] p1a: Zapdos
|-enditem|p1a: Zapdos|Heavy-Duty Boots|[from] move: Knock Off|[of] p2a: Weavile
|move|p1a: Zapdos|Heat Wave|p2a: Weavile
|-supereffective|p2a: Weavile
|-damage|p2a: Weavile|0 fnt
|faint|p2a: Weavile
|
|-weather|Sandstorm|[upkeep]
|-damage|p1a: Zapdos|37/100|[from] Sandstorm
|upkeep
|
|t:|1759042930
|switch|p2a: Gengar|Gengar, F|100/100
|-damage|p2a: Gengar|88/100|[from] Stealth Rock
|turn|13
|
|t:|1759042936
|move|p2a: Gengar|Shadow Ball|p1a: Zapdos
|-damage|p1a: Zapdos|0 fnt
|faint|p1a: Zapdos
|
|-weather|none
|upkeep
|
|t:|1759042941
|switch|p1a: Rillaboom|Rillaboom, M|100/100
|-fieldstart|move: Grassy Terrain|[from] ability: Grassy Surge|[of] p1a: Rillaboom
|turn|14
|
|t:|1759042948
|move|p2a: Gengar|Sludge Wave|p1a: Rillaboom
|-supereffective|p1a: Rillaboom
|-damage|p1a: Rillaboom|0 fnt
|faint|p1a: Rillaboom
|
|-heal|p2a: Gengar|94/100|[from] Grassy Terrain
|upkeep
|
|t:|1759042950
|switch|p1a: Gholdengo|Gholdengo|100/100
|-damage|p1a: Gholdengo|94/100|[from] Stealth Rock
|-item|p1a: Gholdengo|Air Balloon
|turn|15
|-message|xiaochoubushiwo forfeited.
|
|win|belphegorr
|raw|xiaochoubushiwo's rating: 1260 &rarr; <strong>1238</strong><br />(-22 for losing)
|raw|belphegorr's rating: 1307 &rarr; <strong>1324</strong><br />(+17 for winning)
|l|☆xiaochoubushiwo
|player|p1|
|l|☆belphegorr
|player|p2|
