|j|☆Alcreamie_ai
|j|☆CamboXJ
|t:|1758945182
|gametype|singles
|player|p1|Alcreamie_ai|blue-lgpe|1000
|player|p2|CamboXJ|101|1004
|gen|9
|tier|[Gen 9] OU
|rated|
|rule|HP Percentage Mod: HP is shown in percentages
|rule|Endless Battle Clause: Forcing endless battles is banned
|rule|Species Clause: Limit one of each Pokémon
|rule|OHKO Clause: OHKO moves are banned
|rule|Evasion Items Clause: Evasion items are banned
|rule|Evasion Moves Clause: Evasion moves are banned
|rule|Evasion Abilities Clause: Evasion abilities are banned
|rule|Sleep Moves Clause: Sleep-inducing moves are banned
|clearpoke
|poke|p1|Alcremie-Rainbow-Swirl, F|
|poke|p2|Raging Bolt|
|poke|p2|Zamazenta-*|
|poke|p2|Thundurus-Therian, M|
|poke|p2|Volcanion|
|poke|p2|Necrozma|
|poke|p2|Metagross|
|teampreview
|inactive|Battle timer is ON: inactive players will automatically lose when time's up. (requested by Alcreamie_ai)
|c|☆Alcreamie_ai|Are you ready to lose human?
|n|☆CamboXJ|camboxj
|inactive|CamboXJ has 120 seconds left.
|c|☆CamboXJ|bro im cooked
|
|t:|1758945223
|teamsize|p1|1
|teamsize|p2|6
|start
|switch|p1a: Alcremie|Alcremie-Rainbow-Swirl, F|100/100
|switch|p2a: Volcanion|Volcanion|100/100
|turn|1
|
|t:|1758945234
|move|p2a: Volcanion|Steam Eruption|p1a: Alcremie
|-damage|p1a: Alcremie|58/100
|move|p1a: Alcremie|Calm Mind|p1a: Alcremie
|-boost|p1a: Alcremie|spa|1
|-boost|p1a: Alcremie|spd|1
|
|-heal|p1a: Alcremie|64/100|[from] item: Leftovers
|upkeep
|turn|2
|
|t:|1758945243
|move|p2a: Volcanion|Earthquake|p1a: Alcremie
|-damage|p1a: Alcremie|34/100
|move|p1a: Alcremie|Recover|p1a: Alcremie
|-heal|p1a: Alcremie|84/100
|
|-heal|p1a: Alcremie|90/100|[from] item: Leftovers
|upkeep
|turn|3
|
|t:|1758945251
|move|p2a: Volcanion|Explosion|p1a: Alcremie
|-damage|p1a: Alcremie|16/100
|faint|p2a: Volcanion
|move|p1a: Alcremie|Acid Armor|p1a: Alcremie
|-boost|p1a: Alcremie|def|2
|
|-heal|p1a: Alcremie|22/100|[from] item: Leftovers
|upkeep
|
|t:|1758945258
|switch|p2a: Thundurus|Thundurus-Therian, M|100/100
|turn|4
|
|t:|1758945263
|-terastallize|p1a: Alcremie|Steel
|move|p2a: Thundurus|Psychic|p1a: Alcremie
|-resisted|p1a: Alcremie
|-damage|p1a: Alcremie|14/100
|move|p1a: Alcremie|Recover|p1a: Alcremie
|-heal|p1a: Alcremie|64/100
|
|-heal|p1a: Alcremie|70/100|[from] item: Leftovers
|upkeep
|turn|5
|
|t:|1758945278
|switch|p2a: Metagross|Metagross|100/100
|move|p1a: Alcremie|Calm Mind|p1a: Alcremie
|-boost|p1a: Alcremie|spa|1
|-boost|p1a: Alcremie|spd|1
|
|-heal|p1a: Alcremie|77/100|[from] item: Leftovers
|upkeep
|turn|6
|
|t:|1758945292
|move|p2a: Metagross|Future Sight|p1a: Alcremie
|-start|p2a: Metagross|move: Future Sight
|move|p1a: Alcremie|Acid Armor|p1a: Alcremie
|-boost|p1a: Alcremie|def|2
|
|-heal|p1a: Alcremie|83/100|[from] item: Leftovers
|upkeep
|turn|7
|
|t:|1758945304
|move|p2a: Metagross|Trick|p1a: Alcremie
|-activate|p2a: Metagross|move: Trick|[of] p1a: Alcremie
|-item|p1a: Alcremie|Poke Ball|[from] move: Trick
|-item|p2a: Metagross|Leftovers|[from] move: Trick
|move|p1a: Alcremie|Acid Armor|p1a: Alcremie
|-boost|p1a: Alcremie|def|2
|
|upkeep
|turn|8
|
|t:|1758945320
|move|p2a: Metagross|Zen Headbutt|p1a: Alcremie
|-resisted|p1a: Alcremie
|-damage|p1a: Alcremie|78/100
|cant|p1a: Alcremie|flinch
|
|-end|p1a: Alcremie|move: Future Sight
|-resisted|p1a: Alcremie
|-damage|p1a: Alcremie|69/100
|upkeep
|turn|9
|
|t:|1758945332
|switch|p2a: Necrozma|Necrozma|100/100
|move|p1a: Alcremie|Recover|p1a: Alcremie
|-heal|p1a: Alcremie|100/100
|
|upkeep
|turn|10
|
|t:|1758945339
|move|p2a: Necrozma|Meteor Beam||[still]
|-prepare|p2a: Necrozma|Meteor Beam
|-boost|p2a: Necrozma|spa|1
|move|p1a: Alcremie|Calm Mind|p1a: Alcremie
|-boost|p1a: Alcremie|spa|1
|-boost|p1a: Alcremie|spd|1
|
|upkeep
|turn|11
|
|t:|1758945346
|move|p2a: Necrozma|Meteor Beam|p1a: Alcremie|[from] lockedmove
|-resisted|p1a: Alcremie
|-damage|p1a: Alcremie|91/100
|move|p1a: Alcremie|Calm Mind|p1a: Alcremie
|-boost|p1a: Alcremie|spa|1
|-boost|p1a: Alcremie|spd|1
|
|upkeep
|turn|12
|
|t:|1758945358
|-terastallize|p2a: Necrozma|Dragon
|move|p2a: Necrozma|Outrage|p1a: Alcremie
|-resisted|p1a: Alcremie
|-damage|p1a: Alcremie|84/100
|move|p1a: Alcremie|Calm Mind|p1a: Alcremie
|-boost|p1a: Alcremie|spa|1
|-boost|p1a: Alcremie|spd|1
|
|upkeep
|turn|13
|
|t:|1758945372
|move|p2a: Necrozma|Outrage|p1a: Alcremie|[from] lockedmove
|-resisted|p1a: Alcremie
|-damage|p1a: Alcremie|78/100
|move|p1a: Alcremie|Calm Mind|p1a: Alcremie
|-boost|p1a: Alcremie|spa|1
|-boost|p1a: Alcremie|spd|1
|
|upkeep
|turn|14
|
|t:|1758945381
|move|p2a: Necrozma|Outrage|p1a: Alcremie|[from] lockedmove
|-resisted|p1a: Alcremie
|-damage|p1a: Alcremie|72/100
|-start|p2a: Necrozma|confusion|[fatigue]
|move|p1a: Alcremie|Draining Kiss|p2a: Necrozma
|-supereffective|p2a: Necrozma
|-damage|p2a: Necrozma|20/100
|-heal|p1a: Alcremie|100/100|[from] drain|[of] p2a: Necrozma
|
|upkeep
|turn|15
|
|t:|1758945386
|switch|p2a: Thundurus|Thundurus-Therian, M|100/100
|move|p1a: Alcremie|Draining Kiss|p2a: Thundurus
|-damage|p2a: Thundurus|6/100
|
|-heal|p2a: Thundurus|12/100|[from] item: Leftovers
|upkeep
|turn|16
|
|t:|1758945395
|move|p2a: Thundurus|Thunder|p1a: Alcremie
|-damage|p1a: Alcremie|88/100
|move|p1a: Alcremie|Draining Kiss|p2a: Thundurus
|-damage|p2a: Thundurus|0 fnt
|-heal|p1a: Alcremie|98/100|[from] drain|[of] p2a: Thundurus
|faint|p2a: Thundurus
|
|upkeep
|
|t:|1758945401
|switch|p2a: Zamazenta|Zamazenta|100/100
|-ability|p2a: Zamazenta|Dauntless Shield|boost
|-boost|p2a: Zamazenta|def|1
|turn|17
|
|t:|1758945411
|move|p2a: Zamazenta|Steel Beam|p1a: Alcremie
|-resisted|p1a: Alcremie
|-damage|p1a: Alcremie|95/100
|-damage|p2a: Zamazenta|50/100|[from] steelbeam
|move|p1a: Alcremie|Draining Kiss|p2a: Zamazenta
|-supereffective|p2a: Zamazenta
|-damage|p2a: Zamazenta|0 fnt
|-heal|p1a: Alcremie|100/100|[from] drain|[of] p2a: Zamazenta
|faint|p2a: Zamazenta
|
|upkeep
|
|t:|1758945422
|switch|p2a: Raging Bolt|Raging Bolt|100/100
|turn|18
|
|t:|1758945428
|move|p2a: Raging Bolt|Supercell Slam|p1a: Alcremie
|-damage|p1a: Alcremie|90/100
|move|p1a: Alcremie|Draining Kiss|p2a: Raging Bolt
|-supereffective|p2a: Raging Bolt
|-damage|p2a: Raging Bolt|0 fnt
|-heal|p1a: Alcremie|100/100|[from] drain|[of] p2a: Raging Bolt
|faint|p2a: Raging Bolt
|-end|p2a: Raging Bolt|Protosynthesis|[silent]
|
|upkeep
|
|t:|1758945432
|switch|p2a: Metagross|Metagross|100/100
|turn|19
|
|t:|1758945435
|move|p2a: Metagross|Future Sight|p1a: Alcremie
|-start|p2a: Metagross|move: Future Sight
|move|p1a: Alcremie|Draining Kiss|p2a: Metagross
|-resisted|p2a: Metagross
|-damage|p2a: Metagross|62/100
|
|-heal|p2a: Metagross|68/100|[from] item: Leftovers
|upkeep
|turn|20
|
|t:|1758945439
|move|p2a: Metagross|Earthquake|p1a: Alcremie
|-supereffective|p1a: Alcremie
|-damage|p1a: Alcremie|84/100
|move|p1a: Alcremie|Draining Kiss|p2a: Metagross
|-resisted|p2a: Metagross
|-damage|p2a: Metagross|30/100
|-heal|p1a: Alcremie|100/100|[from] drain|[of] p2a: Metagross
|
|-heal|p2a: Metagross|36/100|[from] item: Leftovers
|upkeep
|turn|21
|
|t:|1758945443
|move|p2a: Metagross|Zen Headbutt|p1a: Alcremie
|-resisted|p1a: Alcremie
|-damage|p1a: Alcremie|95/100
|cant|p1a: Alcremie|flinch
|
|-end|p1a: Alcremie|move: Future Sight
|-resisted|p1a: Alcremie
|-damage|p1a: Alcremie|90/100
|-heal|p2a: Metagross|42/100|[from] item: Leftovers
|upkeep
|turn|22
|
|t:|1758945449
|move|p2a: Metagross|Earthquake|p1a: Alcremie
|-supereffective|p1a: Alcremie
|-damage|p1a: Alcremie|71/100
|move|p1a: Alcremie|Draining Kiss|p2a: Metagross
|-resisted|p2a: Metagross
|-damage|p2a: Metagross|4/100
|-heal|p1a: Alcremie|100/100|[from] drain|[of] p2a: Metagross
|
|-heal|p2a: Metagross|10/100|[from] item: Leftovers
|upkeep
|turn|23
|
|t:|1758945452
|switch|p2a: Necrozma|Necrozma, tera:Dragon|20/100
|move|p1a: Alcremie|Draining Kiss|p2a: Necrozma
|-supereffective|p2a: Necrozma
|-damage|p2a: Necrozma|0 fnt
|faint|p2a: Necrozma
|
|upkeep
|
|t:|1758945454
|switch|p2a: Metagross|Metagross|10/100
|turn|24
|
|t:|1758945457
|move|p2a: Metagross|Zen Headbutt|p1a: Alcremie
|-resisted|p1a: Alcremie
|-damage|p1a: Alcremie|96/100
|move|p1a: Alcremie|Draining Kiss|p2a: Metagross
|-resisted|p2a: Metagross
|-damage|p2a: Metagross|0 fnt
|-heal|p1a: Alcremie|100/100|[from] drain|[of] p2a: Metagross
|faint|p2a: Metagross
|
|win|Alcreamie_ai
|raw|Alcreamie_ai's rating: 1000 &rarr; <strong>1040</strong><br />(+40 for winning)
|raw|CamboXJ's rating: 1004 &rarr; <strong>1000</strong><br />(-4 for losing)
|c|☆Alcreamie_ai|gg human
|l|☆CamboXJ
|player|p2|
