|j|☆supmydudeee
|j|☆NeoNaruto✈️_✈️
|t:|1759038085
|gametype|singles
|player|p1|supmydudeee|102|1514
|player|p2|NeoNaruto✈️_✈️|medium|1565
|gen|9
|tier|[Gen 9] OU
|rated|
|rule|HP Percentage Mod: HP is shown in percentages
|rule|Endless Battle Clause: Forcing endless battles is banned
|rule|Species Clause: Limit one of each Pokémon
|rule|OHKO Clause: OHKO moves are banned
|rule|Evasion Items Clause: Evasion items are banned
|rule|Evasion Moves Clause: Evasion moves are banned
|rule|Evasion Abilities Clause: Evasion abilities are banned
|rule|Sleep Moves Clause: Sleep-inducing moves are banned
|clearpoke
|poke|p1|Ogerpon-Wellspring, F|
|poke|p1|Dragapult, M|
|poke|p1|Garganacl, F|
|poke|p1|Mandibuzz, F|
|poke|p1|Cinderace, M|
|poke|p1|Gholdengo|
|poke|p2|Tyranitar, F|
|poke|p2|Iron Moth|
|poke|p2|Staraptor, F|
|poke|p2|Garchomp, F|
|poke|p2|Torkoal, M|
|poke|p2|Dragonite, M|
|teampreview
|inactive|Battle timer is ON: inactive players will automatically lose when time's up. (requested by NeoNaruto✈️_✈️)
|j| SSC05
|l| SSC05
|
|t:|1759038094
|teamsize|p1|6
|teamsize|p2|6
|start
|switch|p1a: Cinderace|Cinderace, M|100/100
|switch|p2a: DA LAST REX(3005)|Tyranitar, F|100/100
|-weather|Sandstorm|[from] ability: Sand Stream|[of] p2a: DA LAST REX(3005)
|turn|1
|
|t:|1759038100
|switch|p2a: BLITZ SOME OPPS|Garchomp, F|100/100
|move|p1a: Cinderace|U-turn|p2a: BLITZ SOME OPPS
|-start|p1a: Cinderace|typechange|Bug|[from] ability: Libero
|-damage|p2a: BLITZ SOME OPPS|82/100
|-damage|p1a: Cinderace|88/100|[from] ability: Rough Skin|[of] p2a: BLITZ SOME OPPS
|-damage|p1a: Cinderace|72/100|[from] item: Rocky Helmet|[of] p2a: BLITZ SOME OPPS
|
|t:|1759038108
|switch|p1a: Dragapult|Dragapult, M|100/100|[from] U-turn
|
|-weather|Sandstorm|[upkeep]
|-damage|p1a: Dragapult|95/100|[from] Sandstorm
|upkeep
|turn|2
|
|t:|1759038114
|switch|p2a: OVO CHUBBS|Torkoal, M|100/100
|-weather|SunnyDay|[from] ability: Drought|[of] p2a: OVO CHUBBS
|move|p1a: Dragapult|Dragon Darts|p2a: OVO CHUBBS
|-damage|p2a: OVO CHUBBS|78/100
|-anim|p1a: Dragapult|Dragon Darts|p2a: OVO CHUBBS
|-damage|p2a: OVO CHUBBS|59/100
|
|-weather|SunnyDay|[upkeep]
|upkeep
|turn|3
|
|t:|1759038128
|switch|p1a: Garganacl|Garganacl, F|100/100
|switch|p2a: DA LAST REX(3005)|Tyranitar, F|100/100
|-weather|Sandstorm|[from] ability: Sand Stream|[of] p2a: DA LAST REX(3005)
|
|-weather|Sandstorm|[upkeep]
|upkeep
|turn|4
|
|t:|1759038135
|move|p2a: DA LAST REX(3005)|Knock Off|p1a: Garganacl
|-damage|p1a: Garganacl|72/100
|-enditem|p1a: Garganacl|Leftovers|[from] move: Knock Off|[of] p2a: DA LAST REX(3005)
|move|p1a: Garganacl|Stealth Rock|p2a: DA LAST REX(3005)
|-sidestart|p2: NeoNaruto✈️_✈️|move: Stealth Rock
|
|-weather|Sandstorm|[upkeep]
|upkeep
|turn|5
|
|t:|1759038142
|switch|p2a: BLITZ SOME OPPS|Garchomp, F|82/100
|-damage|p2a: BLITZ SOME OPPS|75/100|[from] Stealth Rock
|move|p1a: Garganacl|Salt Cure|p2a: BLITZ SOME OPPS
|-resisted|p2a: BLITZ SOME OPPS
|-damage|p2a: BLITZ SOME OPPS|71/100
|-start|p2a: BLITZ SOME OPPS|Salt Cure
|
|-weather|Sandstorm|[upkeep]
|-damage|p2a: BLITZ SOME OPPS|59/100|[from] Salt Cure
|upkeep
|turn|6
|
|t:|1759038151
|switch|p1a: Mandibuzz|Mandibuzz, F|100/100
|move|p2a: BLITZ SOME OPPS|Stealth Rock|p1a: Mandibuzz
|-sidestart|p1: supmydudeee|move: Stealth Rock
|
|-weather|Sandstorm|[upkeep]
|-damage|p2a: BLITZ SOME OPPS|47/100|[from] Salt Cure
|upkeep
|turn|7
|
|t:|1759038163
|switch|p2a: OVO CHUBBS|Torkoal, M|59/100
|-weather|SunnyDay|[from] ability: Drought|[of] p2a: OVO CHUBBS
|move|p1a: Mandibuzz|Foul Play|p2a: OVO CHUBBS
|-damage|p2a: OVO CHUBBS|41/100
|
|-weather|SunnyDay|[upkeep]
|upkeep
|turn|8
|
|t:|1759038171
|switch|p1a: Garganacl|Garganacl, F|72/100
|-damage|p1a: Garganacl|60/100|[from] Stealth Rock
|move|p2a: OVO CHUBBS|Will-O-Wisp|p1a: Garganacl
|-immune|p1a: Garganacl|[from] ability: Purifying Salt
|
|-weather|SunnyDay|[upkeep]
|upkeep
|turn|9
|
|t:|1759038179
|switch|p2a: BLITZ SOME OPPS|Garchomp, F|47/100
|-damage|p2a: BLITZ SOME OPPS|40/100|[from] Stealth Rock
|move|p1a: Garganacl|Recover|p1a: Garganacl
|-heal|p1a: Garganacl|100/100
|
|-weather|SunnyDay|[upkeep]
|upkeep
|turn|10
|
|t:|1759038186
|move|p2a: BLITZ SOME OPPS|Rest|p2a: BLITZ SOME OPPS
|-status|p2a: BLITZ SOME OPPS|slp|[from] move: Rest
|-heal|p2a: BLITZ SOME OPPS|100/100 slp|[silent]
|move|p1a: Garganacl|Salt Cure|p2a: BLITZ SOME OPPS
|-resisted|p2a: BLITZ SOME OPPS
|-damage|p2a: BLITZ SOME OPPS|96/100 slp
|-start|p2a: BLITZ SOME OPPS|Salt Cure
|
|-weather|SunnyDay|[upkeep]
|-damage|p2a: BLITZ SOME OPPS|84/100 slp|[from] Salt Cure
|upkeep
|turn|11
|
|t:|1759038196
|switch|p2a: DA LAST REX(3005)|Tyranitar, F|100/100
|-damage|p2a: DA LAST REX(3005)|88/100|[from] Stealth Rock
|-weather|Sandstorm|[from] ability: Sand Stream|[of] p2a: DA LAST REX(3005)
|switch|p1a: Mandibuzz|Mandibuzz, F|100/100
|
|-weather|Sandstorm|[upkeep]
|upkeep
|turn|12
|
|t:|1759038205
|move|p1a: Mandibuzz|U-turn|p2a: DA LAST REX(3005)
|-supereffective|p2a: DA LAST REX(3005)
|-damage|p2a: DA LAST REX(3005)|72/100
|
|t:|1759038208
|switch|p1a: Garganacl|Garganacl, F|100/100|[from] U-turn
|-damage|p1a: Garganacl|88/100|[from] Stealth Rock
|move|p2a: DA LAST REX(3005)|Dragon Tail|p1a: Garganacl
|-damage|p1a: Garganacl|75/100
|drag|p1a: Gholdengo|Gholdengo|100/100
|-damage|p1a: Gholdengo|94/100|[from] Stealth Rock
|
|-weather|Sandstorm|[upkeep]
|upkeep
|turn|13
|j| Shucklepilled
|
|t:|1759038218
|switch|p1a: Mandibuzz|Mandibuzz, F|100/100
|move|p2a: DA LAST REX(3005)|Knock Off|p1a: Mandibuzz
|-resisted|p1a: Mandibuzz
|-damage|p1a: Mandibuzz|89/100
|-enditem|p1a: Mandibuzz|Heavy-Duty Boots|[from] move: Knock Off|[of] p2a: DA LAST REX(3005)
|
|-weather|Sandstorm|[upkeep]
|upkeep
|turn|14
|
|t:|1759038225
|switch|p2a: BLITZ SOME OPPS|Garchomp, F|84/100 slp
|-damage|p2a: BLITZ SOME OPPS|78/100 slp|[from] Stealth Rock
|move|p1a: Mandibuzz|U-turn|p2a: BLITZ SOME OPPS
|-damage|p2a: BLITZ SOME OPPS|71/100 slp
|-damage|p1a: Mandibuzz|76/100|[from] ability: Rough Skin|[of] p2a: BLITZ SOME OPPS
|-damage|p1a: Mandibuzz|60/100|[from] item: Rocky Helmet|[of] p2a: BLITZ SOME OPPS
|
|t:|1759038234
|switch|p1a: Ogerpon|Ogerpon-Wellspring, F|100/100|[from] U-turn
|-damage|p1a: Ogerpon|88/100|[from] Stealth Rock
|
|-weather|Sandstorm|[upkeep]
|-damage|p1a: Ogerpon|82/100|[from] Sandstorm
|upkeep
|turn|15
|
|t:|1759038241
|move|p1a: Ogerpon|Ivy Cudgel|p2a: BLITZ SOME OPPS|[anim] Ivy Cudgel Water
|-damage|p2a: BLITZ SOME OPPS|37/100 slp
|cant|p2a: BLITZ SOME OPPS|slp
|
|-weather|none
|upkeep
|turn|16
|
|t:|1759038248
|switch|p2a: OVO CHUBBS|Torkoal, M|41/100
|-weather|SunnyDay|[from] ability: Drought|[of] p2a: OVO CHUBBS
|move|p1a: Ogerpon|Ivy Cudgel|p2a: OVO CHUBBS|[anim] Ivy Cudgel Water
|-supereffective|p2a: OVO CHUBBS
|-damage|p2a: OVO CHUBBS|8/100
|
|-weather|SunnyDay|[upkeep]
|upkeep
|turn|17
|
|t:|1759038256
|switch|p2a: BLITZ SOME OPPS|Garchomp, F|37/100 slp
|-damage|p2a: BLITZ SOME OPPS|31/100 slp|[from] Stealth Rock
|move|p1a: Ogerpon|Swords Dance|p1a: Ogerpon
|-boost|p1a: Ogerpon|atk|2
|
|-weather|SunnyDay|[upkeep]
|upkeep
|turn|18
|
|t:|1759038263
|move|p1a: Ogerpon|Ivy Cudgel|p2a: BLITZ SOME OPPS|[anim] Ivy Cudgel Water
|-damage|p2a: BLITZ SOME OPPS|0 fnt
|faint|p2a: BLITZ SOME OPPS
|
|-weather|SunnyDay|[upkeep]
|upkeep
|
|t:|1759038267
|switch|p2a: FAT CHARIZARD|Dragonite, M, shiny|100/100
|turn|19
|
|t:|1759038272
|move|p1a: Ogerpon|Play Rough|p2a: FAT CHARIZARD
|-supereffective|p2a: FAT CHARIZARD
|-damage|p2a: FAT CHARIZARD|25/100
|-unboost|p2a: FAT CHARIZARD|atk|1
|move|p2a: FAT CHARIZARD|Dragon Dance|p2a: FAT CHARIZARD
|-boost|p2a: FAT CHARIZARD|atk|1
|-boost|p2a: FAT CHARIZARD|spe|1
|
|-weather|SunnyDay|[upkeep]
|upkeep
|turn|20
|
|t:|1759038296
|move|p2a: FAT CHARIZARD|Fire Punch|p1a: Ogerpon
|-damage|p1a: Ogerpon|23/100
|move|p1a: Ogerpon|Ivy Cudgel|p2a: FAT CHARIZARD|[anim] Ivy Cudgel Water
|-resisted|p2a: FAT CHARIZARD
|-damage|p2a: FAT CHARIZARD|0 fnt
|faint|p2a: FAT CHARIZARD
|
|-weather|none
|upkeep
|-message|NeoNaruto✈️_✈️ forfeited.
|
|win|supmydudeee
|raw|supmydudeee's rating: 1514 &rarr; <strong>1537</strong><br />(+23 for winning)
|raw|NeoNaruto✈️_✈️'s rating: 1565 &rarr; <strong>1542</strong><br />(-23 for losing)
|l|☆NeoNaruto✈️_✈️
|player|p2|
|l|☆supmydudeee
|player|p1|
