|j|☆boldenhauer
|j|☆talon246
|t:|1758994476
|gametype|singles
|player|p1|boldenhauer|flannery|1443
|player|p2|talon246|marlon|1467
|gen|9
|tier|[Gen 9] OU
|rated|
|rule|HP Percentage Mod: HP is shown in percentages
|rule|Endless Battle Clause: Forcing endless battles is banned
|rule|Species Clause: Limit one of each Pokémon
|rule|OHKO Clause: OHKO moves are banned
|rule|Evasion Items Clause: Evasion items are banned
|rule|Evasion Moves Clause: Evasion moves are banned
|rule|Evasion Abilities Clause: Evasion abilities are banned
|rule|Sleep Moves Clause: Sleep-inducing moves are banned
|clearpoke
|poke|p1|Malamar, F|
|poke|p1|Ursaluna, F|
|poke|p1|Avalugg-Hisui, F|
|poke|p1|Slowking-Galar, F|
|poke|p1|Cinccino, M|
|poke|p1|Rillaboom, M|
|poke|p2|Gholdengo|
|poke|p2|Zamazenta-*|
|poke|p2|Ting-Lu|
|poke|p2|Clefable, F|
|poke|p2|Dragonite, M|
|poke|p2|Deoxys-Speed|
|teampreview
|inactive|Battle timer is ON: inactive players will automatically lose when time's up. (requested by talon246)
|l|☆talon246
|inactive|talon246 disconnected and has a minute to reconnect!
|player|p2|
|j|☆talon246
|inactive|talon246 reconnected and has 140 seconds left.
|player|p2|talon246|marlon|
|
|t:|1758994515
|teamsize|p1|6
|teamsize|p2|6
|start
|switch|p1a: Rillaboom|Rillaboom, M|100/100
|switch|p2a: Clefable|Clefable, F|100/100
|-fieldstart|move: Grassy Terrain|[from] ability: Grassy Surge|[of] p1a: Rillaboom
|turn|1
|
|t:|1758994531
|move|p1a: Rillaboom|Knock Off|p2a: Clefable
|-resisted|p2a: Clefable
|-damage|p2a: Clefable|90/100
|-damage|p1a: Rillaboom|84/100|[from] item: Rocky Helmet|[of] p2a: Clefable
|-enditem|p2a: Clefable|Rocky Helmet|[from] move: Knock Off|[of] p1a: Rillaboom
|move|p2a: Clefable|Stealth Rock|p1a: Rillaboom
|-sidestart|p1: boldenhauer|move: Stealth Rock
|
|-heal|p1a: Rillaboom|90/100|[from] Grassy Terrain
|-heal|p2a: Clefable|96/100|[from] Grassy Terrain
|upkeep
|turn|2
|
|t:|1758994537
|move|p1a: Rillaboom|Leech Seed|p2a: Clefable
|-start|p2a: Clefable|move: Leech Seed
|move|p2a: Clefable|Moonblast|p1a: Rillaboom
|-damage|p1a: Rillaboom|67/100
|
|-heal|p1a: Rillaboom|73/100|[from] Grassy Terrain
|-heal|p2a: Clefable|100/100|[from] Grassy Terrain
|upkeep
|turn|3
|
|t:|1758994541
|move|p1a: Rillaboom|U-turn|p2a: Clefable
|-resisted|p2a: Clefable
|-damage|p2a: Clefable|93/100
|
|t:|1758994547
|switch|p1a: Slowking|Slowking-Galar, F|100/100|[from] U-turn
|move|p2a: Clefable|Knock Off|p1a: Slowking
|-supereffective|p1a: Slowking
|-damage|p1a: Slowking|77/100
|-enditem|p1a: Slowking|Heavy-Duty Boots|[from] move: Knock Off|[of] p2a: Clefable
|
|-heal|p2a: Clefable|99/100|[from] Grassy Terrain
|-heal|p1a: Slowking|83/100|[from] Grassy Terrain
|upkeep
|turn|4
|
|t:|1758994553
|switch|p2a: Ting-Lu|Ting-Lu|100/100
|-ability|p2a: Ting-Lu|Vessel of Ruin
|move|p1a: Slowking|Trick Room|p1a: Slowking
|-fieldstart|move: Trick Room|[of] p1a: Slowking
|
|-heal|p1a: Slowking|89/100|[from] Grassy Terrain
|upkeep
|turn|5
|
|t:|1758994555
|-prepare|p1a: Slowking|Chilly Reception|[premajor]
|move|p1a: Slowking|Chilly Reception|p1a: Slowking
|-weather|Snowscape
|
|t:|1758994561
|switch|p1a: mr. mountain|Avalugg-Hisui, F|100/100|[from] Chilly Reception
|-damage|p1a: mr. mountain|76/100|[from] Stealth Rock
|move|p2a: Ting-Lu|Spikes|p1a: mr. mountain
|-sidestart|p1: boldenhauer|Spikes
|
|-weather|Snowscape|[upkeep]
|-heal|p1a: mr. mountain|82/100|[from] Grassy Terrain
|upkeep
|turn|6
|
|t:|1758994563
|switch|p2a: Gholdengo|Gholdengo|100/100
|move|p1a: mr. mountain|Mountain Gale|p2a: Gholdengo|[miss]
|-miss|p1a: mr. mountain|p2a: Gholdengo
|
|-weather|Snowscape|[upkeep]
|-heal|p1a: mr. mountain|88/100|[from] Grassy Terrain
|upkeep
|turn|7
|
|t:|1758994567
|move|p1a: mr. mountain|Mountain Gale|p2a: Gholdengo
|-resisted|p2a: Gholdengo
|-damage|p2a: Gholdengo|68/100
|cant|p2a: Gholdengo|flinch
|
|-weather|Snowscape|[upkeep]
|-heal|p1a: mr. mountain|94/100|[from] Grassy Terrain
|-heal|p2a: Gholdengo|75/100|[from] Grassy Terrain
|upkeep
|turn|8
|
|t:|1758994575
|move|p1a: mr. mountain|Mountain Gale|p2a: Gholdengo|[miss]
|-miss|p1a: mr. mountain|p2a: Gholdengo
|move|p2a: Gholdengo|Make It Rain|p1a: mr. mountain
|-supereffective|p1a: mr. mountain
|-damage|p1a: mr. mountain|0 fnt
|-unboost|p2a: Gholdengo|spa|1
|faint|p1a: mr. mountain
|
|-weather|Snowscape|[upkeep]
|-heal|p2a: Gholdengo|81/100|[from] Grassy Terrain
|-fieldend|move: Trick Room
|-fieldend|move: Grassy Terrain
|upkeep
|
|t:|1758994582
|switch|p1a: Ursaluna|Ursaluna, F|100/100
|-damage|p1a: Ursaluna|94/100|[from] Stealth Rock
|-damage|p1a: Ursaluna|82/100|[from] Spikes
|turn|9
|
|t:|1758994587
|switch|p2a: Ting-Lu|Ting-Lu|100/100
|-ability|p2a: Ting-Lu|Vessel of Ruin
|move|p1a: Ursaluna|Belly Drum|p1a: Ursaluna
|-damage|p1a: Ursaluna|32/100
|-setboost|p1a: Ursaluna|atk|6|[from] move: Belly Drum
|
|-weather|none
|-heal|p1a: Ursaluna|38/100|[from] item: Leftovers
|upkeep
|turn|10
|
|t:|1758994597
|move|p1a: Ursaluna|Drain Punch|p2a: Ting-Lu
|-supereffective|p2a: Ting-Lu
|-damage|p2a: Ting-Lu|0 fnt
|-heal|p1a: Ursaluna|93/100|[from] drain|[of] p2a: Ting-Lu
|faint|p2a: Ting-Lu
|
|-heal|p1a: Ursaluna|99/100|[from] item: Leftovers
|upkeep
|
|t:|1758994604
|switch|p2a: Zamazenta|Zamazenta|100/100
|-ability|p2a: Zamazenta|Dauntless Shield|boost
|-boost|p2a: Zamazenta|def|1
|turn|11
|
|t:|1758994609
|-terastallize|p1a: Ursaluna|Ghost
|move|p2a: Zamazenta|Close Combat|p1a: Ursaluna
|-immune|p1a: Ursaluna
|move|p1a: Ursaluna|Drain Punch|p2a: Zamazenta
|-damage|p2a: Zamazenta|42/100
|-heal|p1a: Ursaluna|100/100|[from] drain|[of] p2a: Zamazenta
|
|upkeep
|turn|12
|
|t:|1758994613
|move|p2a: Zamazenta|Crunch|p1a: Ursaluna
|-supereffective|p1a: Ursaluna
|-damage|p1a: Ursaluna|66/100
|-unboost|p1a: Ursaluna|def|1
|move|p1a: Ursaluna|Crunch|p2a: Zamazenta
|-resisted|p2a: Zamazenta
|-damage|p2a: Zamazenta|12/100
|
|-heal|p1a: Ursaluna|73/100|[from] item: Leftovers
|upkeep
|turn|13
|
|t:|1758994617
|move|p1a: Ursaluna|Protect|p1a: Ursaluna
|-singleturn|p1a: Ursaluna|Protect
|move|p2a: Zamazenta|Crunch|p1a: Ursaluna
|-activate|p1a: Ursaluna|move: Protect
|
|-heal|p1a: Ursaluna|79/100|[from] item: Leftovers
|upkeep
|turn|14
|
|t:|1758994623
|move|p2a: Zamazenta|Crunch|p1a: Ursaluna
|-supereffective|p1a: Ursaluna
|-damage|p1a: Ursaluna|32/100
|move|p1a: Ursaluna|Drain Punch|p2a: Zamazenta
|-damage|p2a: Zamazenta|0 fnt
|-heal|p1a: Ursaluna|36/100|[from] drain|[of] p2a: Zamazenta
|faint|p2a: Zamazenta
|
|-heal|p1a: Ursaluna|43/100|[from] item: Leftovers
|upkeep
|
|t:|1758994625
|switch|p2a: Gholdengo|Gholdengo|81/100
|turn|15
|
|t:|1758994638
|move|p1a: Ursaluna|Protect|p1a: Ursaluna
|-singleturn|p1a: Ursaluna|Protect
|move|p2a: Gholdengo|Shadow Ball|p1a: Ursaluna
|-activate|p1a: Ursaluna|move: Protect
|
|-heal|p1a: Ursaluna|49/100|[from] item: Leftovers
|upkeep
|turn|16
|
|t:|1758994643
|switch|p1a: Cinccino|Cinccino, M|100/100
|move|p2a: Gholdengo|Shadow Ball|p1a: Cinccino
|-immune|p1a: Cinccino
|
|upkeep
|turn|17
|
|t:|1758994648
|move|p1a: Cinccino|Tidy Up|p1a: Cinccino
|-sideend|p1: boldenhauer|Spikes
|-sideend|p1: boldenhauer|Stealth Rock
|-activate|p1a: Cinccino|move: Tidy Up
|-boost|p1a: Cinccino|atk|1
|-boost|p1a: Cinccino|spe|1
|move|p2a: Gholdengo|Make It Rain|p1a: Cinccino
|-damage|p1a: Cinccino|9/100
|-unboost|p2a: Gholdengo|spa|1
|
|upkeep
|turn|18
|
|t:|1758994653
|switch|p2a: Clefable|Clefable, F|99/100
|move|p1a: Cinccino|Encore||[still]
|-fail|p1a: Cinccino
|
|upkeep
|turn|19
|
|t:|1758994656
|move|p1a: Cinccino|Tail Slap|p2a: Clefable|[miss]
|-miss|p1a: Cinccino|p2a: Clefable
|move|p2a: Clefable|Moonblast|p1a: Cinccino
|-damage|p1a: Cinccino|0 fnt
|faint|p1a: Cinccino
|
|upkeep
|
|t:|1758994667
|switch|p1a: Slowking|Slowking-Galar, F|100/100
|turn|20
|
|t:|1758994673
|switch|p2a: Gholdengo|Gholdengo|81/100
|move|p1a: Slowking|Sludge Bomb|p2a: Gholdengo
|-immune|p2a: Gholdengo
|
|upkeep
|turn|21
|
|t:|1758994686
|move|p2a: Gholdengo|Recover|p2a: Gholdengo
|-heal|p2a: Gholdengo|100/100
|move|p1a: Slowking|Trick Room|p1a: Slowking
|-fieldstart|move: Trick Room|[of] p1a: Slowking
|
|upkeep
|turn|22
|
|t:|1758994690
|-prepare|p1a: Slowking|Chilly Reception|[premajor]
|move|p1a: Slowking|Chilly Reception|p1a: Slowking
|-weather|Snowscape
|
|t:|1758994693
|switch|p1a: Ursaluna|Ursaluna, F, tera:Ghost|49/100|[from] Chilly Reception
|move|p2a: Gholdengo|Shadow Ball|p1a: Ursaluna
|-supereffective|p1a: Ursaluna
|-damage|p1a: Ursaluna|0 fnt
|faint|p1a: Ursaluna
|
|-weather|Snowscape|[upkeep]
|upkeep
|
|t:|1758994696
|switch|p1a: toledo|Malamar, F|100/100
|-enditem|p1a: toledo|Room Service
|-boost|p1a: toledo|spe|1|[from] item: Room Service
|turn|23
|
|t:|1758994704
|move|p2a: Gholdengo|Make It Rain|p1a: toledo
|-damage|p1a: toledo|24/100
|-unboost|p2a: Gholdengo|spa|1
|move|p1a: toledo|Substitute|p1a: toledo
|-fail|p1a: toledo|move: Substitute|[weak]
|
|-weather|Snowscape|[upkeep]
|upkeep
|turn|24
|
|t:|1758994707
|move|p2a: Gholdengo|Make It Rain|p1a: toledo
|-damage|p1a: toledo|0 fnt
|-unboost|p2a: Gholdengo|spa|1
|faint|p1a: toledo
|
|-weather|Snowscape|[upkeep]
|upkeep
|-message|boldenhauer forfeited.
|
|win|talon246
|raw|boldenhauer's rating: 1420 &rarr; <strong>1403</strong><br />(-17 for losing)
|raw|talon246's rating: 1467 &rarr; <strong>1484</strong><br />(+17 for winning)
|l|☆boldenhauer
|player|p1|
|l|☆talon246
|player|p2|
