|j|☆hungrymane
|j|☆DeadYet?999
|t:|1759011974
|gametype|singles
|player|p1|hungrymane|101|1501
|player|p2|DeadYet?999|n|1406
|gen|9
|tier|[Gen 9] OU
|rated|
|rule|HP Percentage Mod: HP is shown in percentages
|rule|Endless Battle Clause: Forcing endless battles is banned
|rule|Species Clause: Limit one of each Pokémon
|rule|OHKO Clause: OHKO moves are banned
|rule|Evasion Items Clause: Evasion items are banned
|rule|Evasion Moves Clause: Evasion moves are banned
|rule|Evasion Abilities Clause: Evasion abilities are banned
|rule|Sleep Moves Clause: Sleep-inducing moves are banned
|clearpoke
|poke|p1|Gengar, M|
|poke|p1|Greninja-*, M|
|poke|p1|Ribombee, M|
|poke|p1|Drifblim, M|
|poke|p1|Gyarados, M|
|poke|p1|Necrozma|
|poke|p2|Spidops, M|
|poke|p2|Pecharunt|
|poke|p2|Gholdengo|
|poke|p2|Corviknight, M|
|poke|p2|Ting-Lu|
|poke|p2|Gliscor, M|
|teampreview
|
|t:|1759011986
|teamsize|p1|6
|teamsize|p2|6
|start
|switch|p1a: Greninja|Greninja, M|100/100
|switch|p2a: Pecharunt|Pecharunt|100/100
|turn|1
|inactive|Battle timer is ON: inactive players will automatically lose when time's up. (requested by hungrymane)
|
|t:|1759011999
|-terastallize|p2a: Pecharunt|Water
|move|p1a: Greninja|Spikes|p2a: Pecharunt
|-start|p1a: Greninja|typechange|Ground|[from] ability: Protean
|-sidestart|p2: DeadYet?999|Spikes
|move|p2a: Pecharunt|Malignant Chain|p1a: Greninja
|-resisted|p1a: Greninja
|-damage|p1a: Greninja|77/100
|
|upkeep
|turn|2
|
|t:|1759012018
|switch|p2a: Ting-Lu|Ting-Lu|100/100
|-damage|p2a: Ting-Lu|88/100|[from] Spikes
|-ability|p2a: Ting-Lu|Vessel of Ruin
|move|p1a: Greninja|Spikes|p2a: Ting-Lu
|-sidestart|p2: DeadYet?999|Spikes
|
|-heal|p2a: Ting-Lu|94/100|[from] item: Leftovers
|upkeep
|turn|3
|
|t:|1759012024
|move|p1a: Greninja|Taunt|p2a: Ting-Lu
|-start|p2a: Ting-Lu|move: Taunt
|cant|p2a: Ting-Lu|move: Taunt|Stealth Rock
|
|-heal|p2a: Ting-Lu|100/100|[from] item: Leftovers
|upkeep
|turn|4
|
|t:|1759012040
|switch|p2a: Gliscor|Gliscor, M|100/100
|move|p1a: Greninja|Counter||[still]
|-fail|p1a: Greninja
|
|-status|p2a: Gliscor|tox|[from] item: Toxic Orb
|upkeep
|turn|5
|
|t:|1759012045
|move|p1a: Greninja|Taunt|p2a: Gliscor
|-start|p2a: Gliscor|move: Taunt
|cant|p2a: Gliscor|move: Taunt|Swords Dance
|
|upkeep
|turn|6
|
|t:|1759012049
|move|p2a: Gliscor|Facade|p1a: Greninja
|-damage|p1a: Greninja|10/100
|-damage|p2a: Gliscor|84/100 tox|[from] item: Rocky Helmet|[of] p1a: Greninja
|move|p1a: Greninja|Counter|p2a: Gliscor
|-damage|p2a: Gliscor|0 fnt
|faint|p2a: Gliscor
|
|upkeep
|
|t:|1759012057
|switch|p2a: Corviknight|Corviknight, M|100/100
|turn|7
|
|t:|1759012059
|move|p1a: Greninja|Taunt|p2a: Corviknight
|-start|p2a: Corviknight|move: Taunt
|move|p2a: Corviknight|U-turn|p1a: Greninja
|-damage|p1a: Greninja|0 fnt
|-damage|p2a: Corviknight|84/100|[from] item: Rocky Helmet|[of] p1a: Greninja
|faint|p1a: Greninja
|
|t:|1759012067
|switch|p2a: Spidops|Spidops, M|100/100|[from] U-turn
|-damage|p2a: Spidops|84/100|[from] Spikes
|
|upkeep
|
|t:|1759012077
|switch|p1a: Gengar|Gengar, M|100/100
|turn|8
|
|t:|1759012080
|-terastallize|p1a: Gengar|Ghost
|move|p1a: Gengar|Shadow Ball|p2a: Spidops
|-damage|p2a: Spidops|0 fnt
|faint|p2a: Spidops
|
|upkeep
|
|t:|1759012088
|switch|p2a: Ting-Lu|Ting-Lu|100/100
|-damage|p2a: Ting-Lu|84/100|[from] Spikes
|-ability|p2a: Ting-Lu|Vessel of Ruin
|turn|9
|
|t:|1759012091
|move|p1a: Gengar|Shadow Ball|p2a: Ting-Lu
|-resisted|p2a: Ting-Lu
|-damage|p2a: Ting-Lu|60/100
|move|p2a: Ting-Lu|Stealth Rock|p1a: Gengar
|-sidestart|p1: hungrymane|move: Stealth Rock
|
|-heal|p2a: Ting-Lu|66/100|[from] item: Leftovers
|upkeep
|turn|10
|
|t:|1759012103
|switch|p1a: Gyarados|Gyarados, M|100/100
|move|p2a: Ting-Lu|Whirlwind|p1a: Gyarados
|drag|p1a: Drifblim|Drifblim, M|100/100
|-damage|p1a: Drifblim|76/100|[from] Stealth Rock
|
|-heal|p2a: Ting-Lu|73/100|[from] item: Leftovers
|upkeep
|turn|11
|
|t:|1759012110
|move|p1a: Drifblim|Curse|p2a: Ting-Lu
|-start|p2a: Ting-Lu|Curse|[of] p1a: Drifblim
|-damage|p1a: Drifblim|26/100
|move|p2a: Ting-Lu|Spikes|p1a: Drifblim
|-sidestart|p1: hungrymane|Spikes
|
|-heal|p2a: Ting-Lu|79/100|[from] item: Leftovers
|-damage|p2a: Ting-Lu|54/100|[from] Curse
|upkeep
|turn|12
|
|t:|1759012118
|switch|p2a: Corviknight|Corviknight, M|84/100
|move|p1a: Drifblim|Tailwind|p1a: Drifblim
|-sidestart|p1: hungrymane|move: Tailwind
|
|-heal|p2a: Corviknight|90/100|[from] item: Leftovers
|upkeep
|turn|13
|
|t:|1759012128
|move|p1a: Drifblim|Curse|p2a: Corviknight
|-start|p2a: Corviknight|Curse|[of] p1a: Drifblim
|-damage|p1a: Drifblim|0 fnt
|faint|p1a: Drifblim
|move|p2a: Corviknight|U-turn|p1: Drifblim|[notarget]
|-fail|p2a: Corviknight
|
|-heal|p2a: Corviknight|96/100|[from] item: Leftovers
|-damage|p2a: Corviknight|71/100|[from] Curse
|upkeep
|
|t:|1759012131
|switch|p1a: Gengar|Gengar, M, tera:Ghost|100/100
|-damage|p1a: Gengar|88/100|[from] Stealth Rock
|-damage|p1a: Gengar|76/100|[from] Spikes
|turn|14
|
|t:|1759012140
|switch|p2a: Ting-Lu|Ting-Lu|54/100
|-damage|p2a: Ting-Lu|37/100|[from] Spikes
|-ability|p2a: Ting-Lu|Vessel of Ruin
|move|p1a: Gengar|Focus Blast|p2a: Ting-Lu
|-supereffective|p2a: Ting-Lu
|-damage|p2a: Ting-Lu|0 fnt
|faint|p2a: Ting-Lu
|
|upkeep
|
|t:|1759012147
|switch|p2a: Pecharunt|Pecharunt, tera:Water|100/100
|-damage|p2a: Pecharunt|84/100|[from] Spikes
|turn|15
|
|t:|1759012150
|switch|p1a: Ribombee|Ribombee, M|100/100
|-damage|p1a: Ribombee|76/100|[from] Stealth Rock
|-damage|p1a: Ribombee|63/100|[from] Spikes
|move|p2a: Pecharunt|Hex|p1a: Ribombee
|-damage|p1a: Ribombee|27/100
|
|-heal|p2a: Pecharunt|90/100|[from] item: Leftovers
|-sideend|p1: hungrymane|move: Tailwind
|upkeep
|turn|16
|
|t:|1759012157
|move|p1a: Ribombee|Sticky Web|p2a: Pecharunt
|-sidestart|p2: DeadYet?999|move: Sticky Web
|move|p2a: Pecharunt|Malignant Chain|p1a: Ribombee
|-supereffective|p1a: Ribombee
|-damage|p1a: Ribombee|0 fnt
|faint|p1a: Ribombee
|
|-heal|p2a: Pecharunt|96/100|[from] item: Leftovers
|upkeep
|
|t:|1759012162
|switch|p1a: Necrozma|Necrozma|100/100
|-damage|p1a: Necrozma|88/100|[from] Stealth Rock
|-damage|p1a: Necrozma|76/100|[from] Spikes
|turn|17
|
|t:|1759012170
|move|p1a: Necrozma|Photon Geyser|p2a: Pecharunt
|-damage|p2a: Pecharunt|47/100
|move|p2a: Pecharunt|Malignant Chain|p1a: Necrozma
|-damage|p1a: Necrozma|43/100
|-status|p1a: Necrozma|tox
|-start|p1a: Necrozma|confusion|[from] ability: Poison Puppeteer|[of] p2a: Pecharunt
|
|-heal|p2a: Pecharunt|53/100|[from] item: Leftovers
|-damage|p1a: Necrozma|37/100 tox|[from] psn
|upkeep
|turn|18
|
|t:|1759012178
|-activate|p1a: Necrozma|confusion
|-damage|p1a: Necrozma|27/100 tox|[from] confusion
|move|p2a: Pecharunt|Recover|p2a: Pecharunt
|-heal|p2a: Pecharunt|100/100
|
|-damage|p1a: Necrozma|15/100 tox|[from] psn
|upkeep
|turn|19
|
|t:|1759012183
|-activate|p1a: Necrozma|confusion
|-damage|p1a: Necrozma|7/100 tox|[from] confusion
|move|p2a: Pecharunt|Hex|p1a: Necrozma
|-supereffective|p1a: Necrozma
|-damage|p1a: Necrozma|0 fnt
|faint|p1a: Necrozma
|
|upkeep
|
|t:|1759012188
|switch|p1a: Gengar|Gengar, M, tera:Ghost|76/100
|-damage|p1a: Gengar|64/100|[from] Stealth Rock
|-damage|p1a: Gengar|51/100|[from] Spikes
|turn|20
|
|t:|1759012196
|move|p2a: Pecharunt|Protect|p2a: Pecharunt
|-singleturn|p2a: Pecharunt|Protect
|move|p1a: Gengar|Shadow Ball|p2a: Pecharunt
|-activate|p2a: Pecharunt|move: Protect
|
|upkeep
|turn|21
|
|t:|1759012226
|move|p1a: Gengar|Shadow Ball|p2a: Pecharunt
|-damage|p2a: Pecharunt|6/100
|-unboost|p2a: Pecharunt|spd|1
|move|p2a: Pecharunt|Hex|p1a: Gengar
|-supereffective|p1a: Gengar
|-damage|p1a: Gengar|0 fnt
|-start|p2a: Pecharunt|Disable|Hex|[from] ability: Cursed Body|[of] p1a: Gengar
|faint|p1a: Gengar
|
|-heal|p2a: Pecharunt|12/100|[from] item: Leftovers
|upkeep
|
|t:|1759012231
|switch|p1a: Gyarados|Gyarados, M|100/100
|turn|22
|
|t:|1759012246
|switch|p2a: Corviknight|Corviknight, M|71/100
|move|p1a: Gyarados|Aqua Tail|p2a: Corviknight
|-damage|p2a: Corviknight|46/100
|
|-heal|p2a: Corviknight|53/100|[from] item: Leftovers
|upkeep
|turn|23
|
|t:|1759012252
|move|p1a: Gyarados|Dragon Dance|p1a: Gyarados
|-boost|p1a: Gyarados|atk|1
|-boost|p1a: Gyarados|spe|1
|move|p2a: Corviknight|Roost|p2a: Corviknight
|-heal|p2a: Corviknight|100/100
|-singleturn|p2a: Corviknight|move: Roost
|
|upkeep
|turn|24
|
|t:|1759012256
|move|p1a: Gyarados|Temper Flare|p2a: Corviknight
|-supereffective|p2a: Corviknight
|-crit|p2a: Corviknight
|-damage|p2a: Corviknight|32/100
|move|p2a: Corviknight|Defog|p1a: Gyarados
|-unboost|p1a: Gyarados|evasion|1
|-sideend|p1: hungrymane|Spikes|[from] move: Defog|[of] p2a: Corviknight
|-sideend|p1: hungrymane|Stealth Rock|[from] move: Defog|[of] p2a: Corviknight
|-sideend|p2: DeadYet?999|Spikes|[from] move: Defog|[of] p2a: Corviknight
|-sideend|p2: DeadYet?999|Sticky Web|[from] move: Defog|[of] p2a: Corviknight
|
|-heal|p2a: Corviknight|38/100|[from] item: Leftovers
|upkeep
|turn|25
|
|t:|1759012267
|move|p1a: Gyarados|Dragon Dance|p1a: Gyarados
|-boost|p1a: Gyarados|atk|1
|-boost|p1a: Gyarados|spe|1
|move|p2a: Corviknight|U-turn|p1a: Gyarados
|-resisted|p1a: Gyarados
|-damage|p1a: Gyarados|92/100
|
|t:|1759012268
|switch|p2a: Gholdengo|Gholdengo|100/100|[from] U-turn
|
|upkeep
|turn|26
|
|t:|1759012274
|move|p1a: Gyarados|Temper Flare|p2a: Gholdengo
|-supereffective|p2a: Gholdengo
|-damage|p2a: Gholdengo|0 fnt
|faint|p2a: Gholdengo
|-ability|p1a: Gyarados|Moxie|boost
|-boost|p1a: Gyarados|atk|1
|
|upkeep
|
|t:|1759012277
|switch|p2a: Pecharunt|Pecharunt, tera:Water|12/100
|turn|27
|
|t:|1759012280
|move|p1a: Gyarados|Temper Flare|p2a: Pecharunt
|-resisted|p2a: Pecharunt
|-damage|p2a: Pecharunt|0 fnt
|faint|p2a: Pecharunt
|-ability|p1a: Gyarados|Moxie|boost
|-boost|p1a: Gyarados|atk|1
|
|upkeep
|
|t:|1759012282
|switch|p2a: Corviknight|Corviknight, M|38/100
|turn|28
|
|t:|1759012285
|move|p1a: Gyarados|Aqua Tail|p2a: Corviknight
|-damage|p2a: Corviknight|0 fnt
|faint|p2a: Corviknight
|
|win|hungrymane
|raw|hungrymane's rating: 1501 &rarr; <strong>1516</strong><br />(+15 for winning)
|raw|DeadYet?999's rating: 1406 &rarr; <strong>1391</strong><br />(-15 for losing)
|l|☆DeadYet?999
|player|p2|
|l|☆hungrymane
|player|p1|
