|j|☆thhrtg探头‘ ^ ’
|j|☆Shibuya Arc
|t:|1758951548
|gametype|singles
|player|p1|thhrtg探头‘ ^ ’|acetrainerf|1483
|player|p2|Shibuya Arc|265|1549
|gen|9
|tier|[Gen 9] OU
|rated|
|rule|HP Percentage Mod: HP is shown in percentages
|rule|Endless Battle Clause: Forcing endless battles is banned
|rule|Species Clause: Limit one of each Pokémon
|rule|OHKO Clause: OHKO moves are banned
|rule|Evasion Items Clause: Evasion items are banned
|rule|Evasion Moves Clause: Evasion moves are banned
|rule|Evasion Abilities Clause: Evasion abilities are banned
|rule|Sleep Moves Clause: Sleep-inducing moves are banned
|clearpoke
|poke|p1|Ogerpon-Wellspring, F|
|poke|p1|Kingambit, M|
|poke|p1|Landorus-Therian, M|
|poke|p1|Glimmora, F|
|poke|p1|Dragapult, F|
|poke|p1|Iron Valiant|
|poke|p2|Dragapult, M|
|poke|p2|Dragonite, F|
|poke|p2|Ting-Lu|
|poke|p2|Weezing-Galar, F|
|poke|p2|Iron Crown|
|poke|p2|Zapdos|
|teampreview
|inactive|Battle timer is ON: inactive players will automatically lose when time's up. (requested by thhrtg探头‘ ^ ’)
|inactive|Shibuya Arc also wants the timer to be on.
|
|t:|1758951560
|teamsize|p1|6
|teamsize|p2|6
|start
|switch|p1a: Landorus|Landorus-Therian, M|100/100
|switch|p2a: Dragapult|Dragapult, M|100/100
|-ability|p1a: Landorus|Intimidate|boost
|-unboost|p2a: Dragapult|atk|1
|turn|1
|
|t:|1758951568
|move|p2a: Dragapult|Will-O-Wisp|p1a: Landorus
|-status|p1a: Landorus|brn
|move|p1a: Landorus|Stealth Rock|p2a: Dragapult
|-sidestart|p2: Shibuya Arc|move: Stealth Rock
|
|-damage|p1a: Landorus|94/100 brn|[from] brn
|upkeep
|turn|2
|
|t:|1758951575
|move|p2a: Dragapult|Hex|p1a: Landorus
|-damage|p1a: Landorus|34/100 brn
|move|p1a: Landorus|U-turn|p2a: Dragapult
|-resisted|p2a: Dragapult
|-damage|p2a: Dragapult|94/100
|
|t:|1758951594
|switch|p1a: Glimmora|Glimmora, F|100/100|[from] U-turn
|
|upkeep
|turn|3
|
|t:|1758951601
|switch|p2a: Ting-Lu|Ting-Lu|100/100
|-damage|p2a: Ting-Lu|94/100|[from] Stealth Rock
|-ability|p2a: Ting-Lu|Vessel of Ruin
|move|p1a: Glimmora|Meteor Beam||[still]
|-prepare|p1a: Glimmora|Meteor Beam
|-boost|p1a: Glimmora|spa|1
|-enditem|p1a: Glimmora|Power Herb
|-anim|p1a: Glimmora|Meteor Beam|p2a: Ting-Lu
|-resisted|p2a: Ting-Lu
|-damage|p2a: Ting-Lu|72/100
|
|-heal|p2a: Ting-Lu|78/100|[from] item: Leftovers
|upkeep
|turn|4
|
|t:|1758951608
|move|p1a: Glimmora|Mortal Spin|p2a: Ting-Lu
|-resisted|p2a: Ting-Lu
|-damage|p2a: Ting-Lu|77/100
|-status|p2a: Ting-Lu|psn
|move|p2a: Ting-Lu|Stealth Rock|p1a: Glimmora
|-sidestart|p1: thhrtg探头‘ ^ ’|move: Stealth Rock
|
|-heal|p2a: Ting-Lu|83/100 psn|[from] item: Leftovers
|-damage|p2a: Ting-Lu|70/100 psn|[from] psn
|upkeep
|turn|5
|
|t:|1758951618
|switch|p2a: Iron Crown|Iron Crown|100/100
|-damage|p2a: Iron Crown|94/100|[from] Stealth Rock
|move|p1a: Glimmora|Mortal Spin|p2a: Iron Crown
|-immune|p2a: Iron Crown
|
|upkeep
|turn|6
|
|t:|1758951624
|move|p2a: Iron Crown|Focus Blast|p1a: Glimmora
|-damage|p1a: Glimmora|17/100
|move|p1a: Glimmora|Earth Power|p2a: Iron Crown
|-supereffective|p2a: Iron Crown
|-damage|p2a: Iron Crown|0 fnt
|faint|p2a: Iron Crown
|-end|p2a: Iron Crown|Quark Drive|[silent]
|
|upkeep
|
|t:|1758951635
|switch|p2a: Zapdos|Zapdos|100/100
|turn|7
|
|t:|1758951643
|move|p2a: Zapdos|Volt Switch|p1a: Glimmora
|-damage|p1a: Glimmora|0 fnt
|faint|p1a: Glimmora
|
|t:|1758951650
|switch|p2a: Dragonite|Dragonite, F|100/100|[from] Volt Switch
|
|upkeep
|
|t:|1758951660
|switch|p1a: Ogerpon|Ogerpon-Wellspring, F|100/100
|-damage|p1a: Ogerpon|88/100|[from] Stealth Rock
|turn|8
|
|t:|1758951667
|move|p1a: Ogerpon|Taunt|p2a: Dragonite
|-start|p2a: Dragonite|move: Taunt
|cant|p2a: Dragonite|move: Taunt|Dragon Dance
|
|upkeep
|turn|9
|
|t:|1758951673
|move|p1a: Ogerpon|Play Rough|p2a: Dragonite
|-supereffective|p2a: Dragonite
|-damage|p2a: Dragonite|65/100
|move|p2a: Dragonite|Earthquake|p1a: Ogerpon
|-resisted|p1a: Ogerpon
|-damage|p1a: Ogerpon|61/100
|
|upkeep
|turn|10
|
|t:|1758951680
|-terastallize|p2a: Dragonite|Normal
|move|p2a: Dragonite|Extreme Speed|p1a: Ogerpon
|-damage|p1a: Ogerpon|3/100
|move|p1a: Ogerpon|Play Rough|p2a: Dragonite
|-damage|p2a: Dragonite|27/100
|
|-end|p2a: Dragonite|move: Taunt
|upkeep
|turn|11
|
|t:|1758951687
|move|p2a: Dragonite|Extreme Speed|p1a: Ogerpon
|-damage|p1a: Ogerpon|0 fnt
|faint|p1a: Ogerpon
|
|upkeep
|
|t:|1758951698
|switch|p1a: Dragapult|Dragapult, F|100/100
|-damage|p1a: Dragapult|88/100|[from] Stealth Rock
|turn|12
|
|t:|1758951709
|switch|p2a: Ting-Lu|Ting-Lu|70/100 psn
|-damage|p2a: Ting-Lu|64/100 psn|[from] Stealth Rock
|-ability|p2a: Ting-Lu|Vessel of Ruin
|move|p1a: Dragapult|U-turn|p2a: Ting-Lu
|-supereffective|p2a: Ting-Lu
|-damage|p2a: Ting-Lu|46/100 psn
|
|t:|1758951727
|switch|p1a: Iron Valiant|Iron Valiant|100/100|[from] U-turn
|-damage|p1a: Iron Valiant|94/100|[from] Stealth Rock
|-enditem|p1a: Iron Valiant|Booster Energy
|-activate|p1a: Iron Valiant|ability: Quark Drive|[fromitem]
|-start|p1a: Iron Valiant|quarkdrivespe
|
|-heal|p2a: Ting-Lu|53/100 psn|[from] item: Leftovers
|-damage|p2a: Ting-Lu|40/100 psn|[from] psn
|upkeep
|turn|13
|
|t:|1758951733
|move|p1a: Iron Valiant|Swords Dance|p1a: Iron Valiant
|-boost|p1a: Iron Valiant|atk|2
|move|p2a: Ting-Lu|Earthquake|p1a: Iron Valiant
|-damage|p1a: Iron Valiant|49/100
|
|-heal|p2a: Ting-Lu|46/100 psn|[from] item: Leftovers
|-damage|p2a: Ting-Lu|34/100 psn|[from] psn
|upkeep
|turn|14
|
|t:|1758951742
|move|p1a: Iron Valiant|Spirit Break|p2a: Ting-Lu
|-supereffective|p2a: Ting-Lu
|-damage|p2a: Ting-Lu|0 fnt
|faint|p2a: Ting-Lu
|
|upkeep
|
|t:|1758951749
|switch|p2a: Dragonite|Dragonite, F, tera:Normal|27/100
|turn|15
|
|t:|1758951756
|-terastallize|p1a: Iron Valiant|Steel
|move|p2a: Dragonite|Extreme Speed|p1a: Iron Valiant
|-resisted|p1a: Iron Valiant
|-damage|p1a: Iron Valiant|18/100
|move|p1a: Iron Valiant|Spirit Break|p2a: Dragonite
|-damage|p2a: Dragonite|0 fnt
|faint|p2a: Dragonite
|
|upkeep
|
|t:|1758951765
|switch|p2a: Weezing|Weezing-Galar, F|100/100
|-ability|p2a: Weezing|Neutralizing Gas
|turn|16
|
|t:|1758951774
|move|p1a: Iron Valiant|Spirit Break|p2a: Weezing
|-resisted|p2a: Weezing
|-damage|p2a: Weezing|76/100
|-unboost|p2a: Weezing|spa|1
|move|p2a: Weezing|Will-O-Wisp|p1a: Iron Valiant
|-status|p1a: Iron Valiant|brn
|
|-damage|p1a: Iron Valiant|12/100 brn|[from] brn
|upkeep
|turn|17
|
|t:|1758951781
|move|p1a: Iron Valiant|Encore|p2a: Weezing
|-start|p2a: Weezing|Encore
|move|p2a: Weezing|Will-O-Wisp|p1a: Iron Valiant|[miss]
|-miss|p2a: Weezing|p1a: Iron Valiant
|
|-damage|p1a: Iron Valiant|6/100 brn|[from] brn
|upkeep
|turn|18
|
|t:|1758951788
|-end|p2a: Weezing|ability: Neutralizing Gas
|switch|p2a: Dragapult|Dragapult, M|94/100
|move|p1a: Iron Valiant|Knock Off|p2a: Dragapult
|-supereffective|p2a: Dragapult
|-damage|p2a: Dragapult|0 fnt
|-enditem|p2a: Dragapult|Heavy-Duty Boots|[from] move: Knock Off|[of] p1a: Iron Valiant
|faint|p2a: Dragapult
|
|-damage|p1a: Iron Valiant|0 fnt|[from] brn
|faint|p1a: Iron Valiant
|-end|p1a: Iron Valiant|Quark Drive|[silent]
|upkeep
|
|t:|1758951808
|switch|p2a: Zapdos|Zapdos|100/100
|switch|p1a: Kingambit|Kingambit, M|100/100
|-damage|p1a: Kingambit|94/100|[from] Stealth Rock
|-activate|p1a: Kingambit|ability: Supreme Overlord
|-start|p1a: Kingambit|fallen3|[silent]
|turn|19
|
|t:|1758951815
|move|p2a: Zapdos|Heat Wave|p1a: Kingambit
|-supereffective|p1a: Kingambit
|-damage|p1a: Kingambit|29/100
|move|p1a: Kingambit|Kowtow Cleave|p2a: Zapdos
|-damage|p2a: Zapdos|29/100
|
|-heal|p1a: Kingambit|36/100|[from] item: Leftovers
|upkeep
|turn|20
|
|t:|1758951828
|move|p1a: Kingambit|Sucker Punch||[still]
|-fail|p1a: Kingambit
|move|p2a: Zapdos|Roost|p2a: Zapdos
|-heal|p2a: Zapdos|79/100
|-singleturn|p2a: Zapdos|move: Roost
|
|-heal|p1a: Kingambit|42/100|[from] item: Leftovers
|upkeep
|turn|21
|
|t:|1758951851
|-end|p1a: Kingambit|fallen3|[silent]
|switch|p1a: Landorus|Landorus-Therian, M|34/100 brn
|-damage|p1a: Landorus|22/100 brn|[from] Stealth Rock
|-ability|p1a: Landorus|Intimidate|boost
|-unboost|p2a: Zapdos|atk|1
|move|p2a: Zapdos|Roost|p2a: Zapdos
|-heal|p2a: Zapdos|100/100
|-singleturn|p2a: Zapdos|move: Roost
|
|-damage|p1a: Landorus|16/100 brn|[from] brn
|upkeep
|turn|22
|
|t:|1758951858
|move|p2a: Zapdos|Volt Switch|p1a: Landorus
|-immune|p1a: Landorus
|move|p1a: Landorus|Taunt|p2a: Zapdos
|-start|p2a: Zapdos|move: Taunt
|
|-damage|p1a: Landorus|10/100 brn|[from] brn
|upkeep
|turn|23
|
|t:|1758951868
|switch|p2a: Weezing|Weezing-Galar, F|76/100
|-ability|p2a: Weezing|Neutralizing Gas
|move|p1a: Landorus|U-turn|p2a: Weezing
|-resisted|p2a: Weezing
|-damage|p2a: Weezing|75/100
|
|t:|1758951874
|switch|p1a: Kingambit|Kingambit, M|42/100|[from] U-turn
|-damage|p1a: Kingambit|36/100|[from] Stealth Rock
|
|-heal|p1a: Kingambit|42/100|[from] item: Leftovers
|upkeep
|turn|24
|inactive|thhrtg探头‘ ^ ’ has 120 seconds left.
|
|t:|1758951908
|move|p2a: Weezing|Will-O-Wisp|p1a: Kingambit
|-status|p1a: Kingambit|brn
|move|p1a: Kingambit|Iron Head|p2a: Weezing
|-supereffective|p2a: Weezing
|-damage|p2a: Weezing|43/100
|
|-heal|p1a: Kingambit|48/100 brn|[from] item: Leftovers
|-damage|p1a: Kingambit|42/100 brn|[from] brn
|upkeep
|turn|25
|inactive|thhrtg探头‘ ^ ’ has 120 seconds left.
|
|t:|1758951916
|-end|p2a: Weezing|ability: Neutralizing Gas
|-activate|p1a: Kingambit|ability: Supreme Overlord
|-start|p1a: Kingambit|fallen3|[silent]
|switch|p2a: Zapdos|Zapdos|100/100
|move|p1a: Kingambit|Swords Dance|p1a: Kingambit
|-boost|p1a: Kingambit|atk|2
|
|-heal|p1a: Kingambit|48/100 brn|[from] item: Leftovers
|-damage|p1a: Kingambit|42/100 brn|[from] brn
|upkeep
|turn|26
|
|t:|1758951925
|move|p1a: Kingambit|Sucker Punch||[still]
|-fail|p1a: Kingambit
|move|p2a: Zapdos|Roost||[still]
|-fail|p2a: Zapdos|heal
|
|-heal|p1a: Kingambit|48/100 brn|[from] item: Leftovers
|-damage|p1a: Kingambit|42/100 brn|[from] brn
|upkeep
|turn|27
|
|t:|1758951932
|move|p1a: Kingambit|Sucker Punch||[still]
|-fail|p1a: Kingambit
|move|p2a: Zapdos|Roost||[still]
|-fail|p2a: Zapdos|heal
|
|-heal|p1a: Kingambit|48/100 brn|[from] item: Leftovers
|-damage|p1a: Kingambit|42/100 brn|[from] brn
|upkeep
|turn|28
|
|t:|1758951938
|move|p1a: Kingambit|Sucker Punch||[still]
|-fail|p1a: Kingambit
|move|p2a: Zapdos|Roost||[still]
|-fail|p2a: Zapdos|heal
|
|-heal|p1a: Kingambit|48/100 brn|[from] item: Leftovers
|-damage|p1a: Kingambit|42/100 brn|[from] brn
|upkeep
|turn|29
|
|t:|1758951945
|move|p1a: Kingambit|Sucker Punch||[still]
|-fail|p1a: Kingambit
|move|p2a: Zapdos|Roost||[still]
|-fail|p2a: Zapdos|heal
|
|-heal|p1a: Kingambit|48/100 brn|[from] item: Leftovers
|-damage|p1a: Kingambit|42/100 brn|[from] brn
|upkeep
|turn|30
|
|t:|1758951951
|move|p1a: Kingambit|Sucker Punch||[still]
|-fail|p1a: Kingambit
|move|p2a: Zapdos|Roost||[still]
|-fail|p2a: Zapdos|heal
|
|-heal|p1a: Kingambit|48/100 brn|[from] item: Leftovers
|-damage|p1a: Kingambit|42/100 brn|[from] brn
|upkeep
|turn|31
|
|t:|1758951957
|switch|p2a: Weezing|Weezing-Galar, F|43/100
|-ability|p2a: Weezing|Neutralizing Gas
|move|p1a: Kingambit|Sucker Punch||[still]
|-fail|p1a: Kingambit
|
|-heal|p1a: Kingambit|48/100 brn|[from] item: Leftovers
|-damage|p1a: Kingambit|42/100 brn|[from] brn
|upkeep
|turn|32
|
|t:|1758951966
|-end|p2a: Weezing|ability: Neutralizing Gas
|-activate|p1a: Kingambit|ability: Supreme Overlord
|-start|p1a: Kingambit|fallen3|[silent]
|switch|p2a: Zapdos|Zapdos|100/100
|move|p1a: Kingambit|Iron Head|p2a: Zapdos
|-resisted|p2a: Zapdos
|-crit|p2a: Zapdos
|-damage|p2a: Zapdos|43/100
|
|-heal|p1a: Kingambit|48/100 brn|[from] item: Leftovers
|-damage|p1a: Kingambit|42/100 brn|[from] brn
|upkeep
|turn|33
|
|t:|1758951989
|switch|p2a: Weezing|Weezing-Galar, F|43/100
|-ability|p2a: Weezing|Neutralizing Gas
|move|p1a: Kingambit|Sucker Punch||[still]
|-fail|p1a: Kingambit
|
|-heal|p1a: Kingambit|48/100 brn|[from] item: Leftovers
|-damage|p1a: Kingambit|42/100 brn|[from] brn
|upkeep
|turn|34
|
|t:|1758951995
|-end|p2a: Weezing|ability: Neutralizing Gas
|-activate|p1a: Kingambit|ability: Supreme Overlord
|-start|p1a: Kingambit|fallen3|[silent]
|switch|p2a: Zapdos|Zapdos|43/100
|move|p1a: Kingambit|Iron Head|p2a: Zapdos
|-resisted|p2a: Zapdos
|-damage|p2a: Zapdos|9/100
|
|-heal|p1a: Kingambit|48/100 brn|[from] item: Leftovers
|-damage|p1a: Kingambit|42/100 brn|[from] brn
|upkeep
|turn|35
|
|t:|1758952006
|move|p2a: Zapdos|Volt Switch|p1a: Kingambit
|-damage|p1a: Kingambit|8/100 brn
|
|t:|1758952014
|switch|p2a: Weezing|Weezing-Galar, F|43/100|[from] Volt Switch
|-ability|p2a: Weezing|Neutralizing Gas
|move|p1a: Kingambit|Iron Head|p2a: Weezing
|-supereffective|p2a: Weezing
|-damage|p2a: Weezing|0 fnt
|faint|p2a: Weezing
|-end|p2a: Weezing|ability: Neutralizing Gas
|-activate|p1a: Kingambit|ability: Supreme Overlord
|-start|p1a: Kingambit|fallen3|[silent]
|
|-heal|p1a: Kingambit|14/100 brn|[from] item: Leftovers
|-damage|p1a: Kingambit|8/100 brn|[from] brn
|upkeep
|
|t:|1758952021
|switch|p2a: Zapdos|Zapdos|9/100
|turn|36
|
|t:|1758952027
|move|p2a: Zapdos|Roost|p2a: Zapdos
|-heal|p2a: Zapdos|59/100
|-singleturn|p2a: Zapdos|move: Roost
|move|p1a: Kingambit|Kowtow Cleave|p2a: Zapdos
|-damage|p2a: Zapdos|0 fnt
|faint|p2a: Zapdos
|
|win|thhrtg探头‘ ^ ’
|raw|thhrtg探头‘ ^ ’'s rating: 1483 &rarr; <strong>1507</strong><br />(+24 for winning)
|raw|Shibuya Arc's rating: 1549 &rarr; <strong>1525</strong><br />(-24 for losing)
