|j|☆vageta333333
|j|☆seer boy
|t:|1759044700
|gametype|singles
|player|p1|vageta333333|1|1346
|player|p2|seer boy|youngster-gen4dp|1398
|gen|9
|tier|[Gen 9] OU
|rated|
|rule|HP Percentage Mod: HP is shown in percentages
|rule|Endless Battle Clause: Forcing endless battles is banned
|rule|Species Clause: Limit one of each Pokémon
|rule|OHKO Clause: OHKO moves are banned
|rule|Evasion Items Clause: Evasion items are banned
|rule|Evasion Moves Clause: Evasion moves are banned
|rule|Evasion Abilities Clause: Evasion abilities are banned
|rule|Sleep Moves Clause: Sleep-inducing moves are banned
|clearpoke
|poke|p1|Thundurus-Therian, M|
|poke|p1|Iron Hands|
|poke|p1|Goodra-Hisui, M|
|poke|p1|Registeel|
|poke|p1|Zapdos-Galar|
|poke|p1|Ursaluna, M|
|poke|p2|Dragapult, F|
|poke|p2|Hatterene, F|
|poke|p2|Arcanine-Hisui, M|
|poke|p2|Corviknight, F|
|poke|p2|Ting-Lu|
|poke|p2|Gholdengo|
|teampreview
|inactive|Battle timer is ON: inactive players will automatically lose when time's up. (requested by vageta333333)
|inactive|seer boy has 120 seconds left.
|
|t:|1759044740
|teamsize|p1|6
|teamsize|p2|6
|start
|switch|p1a: Zapdos|Zapdos-Galar|100/100
|switch|p2a: Hatterene|Hatterene, F|100/100
|turn|1
|
|t:|1759044750
|move|p1a: Zapdos|U-turn|p2a: Hatterene
|-damage|p2a: Hatterene|74/100
|
|t:|1759044757
|switch|p1a: Goodra|Goodra-Hisui, M|100/100|[from] U-turn
|move|p2a: Hatterene|Draining Kiss|p1a: Goodra
|-damage|p1a: Goodra|90/100
|-heal|p2a: Hatterene|83/100|[from] drain|[of] p1a: Goodra
|
|-heal|p2a: Hatterene|89/100|[from] item: Leftovers
|upkeep
|turn|2
|
|t:|1759044771
|switch|p1a: Zapdos|Zapdos-Galar|100/100
|switch|p2a: Corviknight|Corviknight, F|100/100
|-ability|p2a: Corviknight|Pressure
|
|upkeep
|turn|3
|
|t:|1759044780
|move|p1a: Zapdos|Knock Off|p2a: Corviknight
|-damage|p2a: Corviknight|70/100
|-enditem|p2a: Corviknight|Heavy-Duty Boots|[from] move: Knock Off|[of] p1a: Zapdos
|move|p2a: Corviknight|U-turn|p1a: Zapdos
|-resisted|p1a: Zapdos
|-damage|p1a: Zapdos|96/100
|
|t:|1759044786
|switch|p2a: Hatterene|Hatterene, F|89/100|[from] U-turn
|
|-heal|p2a: Hatterene|95/100|[from] item: Leftovers
|upkeep
|turn|4
|
|t:|1759044792
|switch|p1a: Ursaluna|Ursaluna, M|100/100
|move|p2a: Hatterene|Calm Mind|p2a: Hatterene
|-boost|p2a: Hatterene|spa|1
|-boost|p2a: Hatterene|spd|1
|
|-heal|p2a: Hatterene|100/100|[from] item: Leftovers
|-status|p1a: Ursaluna|brn|[from] item: Flame Orb
|upkeep
|turn|5
|inactive|seer boy has 120 seconds left.
|
|t:|1759044824
|move|p1a: Ursaluna|Facade|p2a: Hatterene
|-damage|p2a: Hatterene|0 fnt
|faint|p2a: Hatterene
|
|-damage|p1a: Ursaluna|94/100 brn|[from] brn
|upkeep
|inactive|seer boy has 120 seconds left.
|
|t:|1759044835
|switch|p2a: Arcanine|Arcanine-Hisui, M|100/100
|-ability|p2a: Arcanine|Intimidate|boost
|-unboost|p1a: Ursaluna|atk|1
|turn|6
|inactive|seer boy has 120 seconds left.
|
|t:|1759044852
|switch|p1a: Iron Hands|Iron Hands|100/100
|move|p2a: Arcanine|Close Combat|p1a: Iron Hands
|-damage|p1a: Iron Hands|63/100
|-unboost|p2a: Arcanine|def|1
|-unboost|p2a: Arcanine|spd|1
|
|-heal|p1a: Iron Hands|70/100|[from] item: Leftovers
|upkeep
|turn|7
|
|t:|1759044869
|switch|p2a: Gholdengo|Gholdengo|100/100
|-end|p1a: Iron Hands|Quark Drive|[silent]
|switch|p1a: Zapdos|Zapdos-Galar|96/100
|
|upkeep
|turn|8
|
|t:|1759044877
|move|p2a: Gholdengo|Shadow Ball|p1a: Zapdos
|-damage|p1a: Zapdos|48/100
|move|p1a: Zapdos|Knock Off|p2a: Gholdengo
|-supereffective|p2a: Gholdengo
|-damage|p2a: Gholdengo|0 fnt
|-enditem|p2a: Gholdengo|Choice Scarf|[from] move: Knock Off|[of] p1a: Zapdos
|faint|p2a: Gholdengo
|
|upkeep
|
|t:|1759044886
|switch|p2a: Corviknight|Corviknight, F|70/100
|-ability|p2a: Corviknight|Pressure
|turn|9
|
|t:|1759044894
|switch|p1a: Thundurus|Thundurus-Therian, M|100/100
|move|p2a: Corviknight|U-turn|p1a: Thundurus
|-resisted|p1a: Thundurus
|-damage|p1a: Thundurus|89/100
|inactive|seer boy has 120 seconds left.
|
|t:|1759044900
|switch|p2a: Ting-Lu|Ting-Lu|100/100|[from] U-turn
|-ability|p2a: Ting-Lu|Vessel of Ruin
|
|upkeep
|turn|10
|
|t:|1759044910
|move|p1a: Thundurus|Grass Knot|p2a: Ting-Lu
|-supereffective|p2a: Ting-Lu
|-damage|p2a: Ting-Lu|33/100
|move|p2a: Ting-Lu|Stealth Rock|p1a: Thundurus
|-sidestart|p1: vageta333333|move: Stealth Rock
|
|-heal|p2a: Ting-Lu|39/100|[from] item: Leftovers
|upkeep
|turn|11
|
|t:|1759044918
|switch|p2a: Dragapult|Dragapult, F|100/100
|move|p1a: Thundurus|Grass Knot|p2a: Dragapult
|-resisted|p2a: Dragapult
|-damage|p2a: Dragapult|72/100
|
|upkeep
|turn|12
|
|t:|1759044926
|switch|p1a: Goodra|Goodra-Hisui, M|90/100
|-damage|p1a: Goodra|84/100|[from] Stealth Rock
|move|p2a: Dragapult|Dragon Dance|p2a: Dragapult
|-boost|p2a: Dragapult|atk|1
|-boost|p2a: Dragapult|spe|1
|
|upkeep
|turn|13
|
|t:|1759044940
|-terastallize|p2a: Dragapult|Ghost
|-terastallize|p1a: Goodra|Fairy
|move|p2a: Dragapult|Tera Blast|p1a: Goodra|[anim] Tera Blast Ghost
|-damage|p1a: Goodra|12/100
|move|p1a: Goodra|Ice Beam|p2a: Dragapult
|-damage|p2a: Dragapult|34/100
|
|upkeep
|turn|14
|
|t:|1759044949
|move|p2a: Dragapult|Tera Blast|p1a: Goodra|[anim] Tera Blast Ghost
|-damage|p1a: Goodra|0 fnt
|faint|p1a: Goodra
|
|upkeep
|
|t:|1759044962
|switch|p1a: Iron Hands|Iron Hands|70/100
|-damage|p1a: Iron Hands|63/100|[from] Stealth Rock
|turn|15
|
|t:|1759044969
|move|p2a: Dragapult|Tera Blast|p1a: Iron Hands|[anim] Tera Blast Ghost
|-damage|p1a: Iron Hands|11/100
|move|p1a: Iron Hands|Thunder Punch|p2a: Dragapult
|-damage|p2a: Dragapult|0 fnt
|faint|p2a: Dragapult
|
|-heal|p1a: Iron Hands|17/100|[from] item: Leftovers
|upkeep
|
|t:|1759044984
|switch|p2a: Arcanine|Arcanine-Hisui, M|100/100
|-ability|p2a: Arcanine|Intimidate|boost
|-unboost|p1a: Iron Hands|atk|1
|turn|16
|
|t:|1759044992
|move|p2a: Arcanine|Close Combat|p1a: Iron Hands
|-damage|p1a: Iron Hands|0 fnt
|-unboost|p2a: Arcanine|def|1
|-unboost|p2a: Arcanine|spd|1
|faint|p1a: Iron Hands
|-end|p1a: Iron Hands|Quark Drive|[silent]
|
|upkeep
|
|t:|1759045000
|switch|p1a: Thundurus|Thundurus-Therian, M|89/100
|-damage|p1a: Thundurus|65/100|[from] Stealth Rock
|turn|17
|
|t:|1759045016
|switch|p2a: Corviknight|Corviknight, F|70/100
|-ability|p2a: Corviknight|Pressure
|move|p1a: Thundurus|Grass Knot|p2a: Corviknight
|-resisted|p2a: Corviknight
|-damage|p2a: Corviknight|58/100
|
|upkeep
|turn|18
|
|t:|1759045027
|switch|p1a: Registeel|Registeel|100/100
|-damage|p1a: Registeel|94/100|[from] Stealth Rock
|move|p2a: Corviknight|Roost|p2a: Corviknight
|-heal|p2a: Corviknight|100/100
|-singleturn|p2a: Corviknight|move: Roost
|
|-heal|p1a: Registeel|100/100|[from] item: Leftovers
|upkeep
|turn|19
|
|t:|1759045037
|move|p1a: Registeel|Iron Defense|p1a: Registeel
|-boost|p1a: Registeel|def|2
|move|p2a: Corviknight|Body Press|p1a: Registeel
|-supereffective|p1a: Registeel
|-damage|p1a: Registeel|87/100
|
|-heal|p1a: Registeel|93/100|[from] item: Leftovers
|upkeep
|turn|20
|
|t:|1759045050
|move|p1a: Registeel|Body Press|p2a: Corviknight
|-damage|p2a: Corviknight|60/100
|move|p2a: Corviknight|U-turn|p1a: Registeel
|-resisted|p1a: Registeel
|-damage|p1a: Registeel|91/100
|
|t:|1759045058
|switch|p2a: Arcanine|Arcanine-Hisui, M|100/100|[from] U-turn
|-ability|p2a: Arcanine|Intimidate|boost
|-fail|p1a: Registeel|unboost|[from] ability: Clear Body|[of] p1a: Registeel
|
|-heal|p1a: Registeel|97/100|[from] item: Leftovers
|upkeep
|turn|21
|
|t:|1759045069
|move|p2a: Arcanine|Flare Blitz|p1a: Registeel
|-supereffective|p1a: Registeel
|-damage|p1a: Registeel|51/100
|-damage|p2a: Arcanine|84/100|[from] Recoil
|move|p1a: Registeel|Body Press|p2a: Arcanine
|-supereffective|p2a: Arcanine
|-damage|p2a: Arcanine|0 fnt
|faint|p2a: Arcanine
|
|-heal|p1a: Registeel|57/100|[from] item: Leftovers
|upkeep
|-message|seer boy forfeited.
|
|win|vageta333333
|raw|vageta333333's rating: 1346 &rarr; <strong>1369</strong><br />(+23 for winning)
|raw|seer boy's rating: 1398 &rarr; <strong>1375</strong><br />(-23 for losing)
|l|☆seer boy
|player|p2|
|l|☆vageta333333
|player|p1|
