|j|☆anewajou
|j|☆Perola Z
|t:|1758929189
|gametype|singles
|player|p1|anewajou|170|1352
|player|p2|Perola Z|elesa|1447
|gen|9
|tier|[Gen 9] OU
|rated|
|rule|HP Percentage Mod: HP is shown in percentages
|rule|Endless Battle Clause: Forcing endless battles is banned
|rule|Species Clause: Limit one of each Pokémon
|rule|OHKO Clause: OHKO moves are banned
|rule|Evasion Items Clause: Evasion items are banned
|rule|Evasion Moves Clause: Evasion moves are banned
|rule|Evasion Abilities Clause: Evasion abilities are banned
|rule|Sleep Moves Clause: Sleep-inducing moves are banned
|clearpoke
|poke|p1|Samurott-Hisui, M|
|poke|p1|Walking Wake|
|poke|p1|Keldeo-Resolute|
|poke|p1|Corviknight, M|
|poke|p1|Pawmot, M|
|poke|p1|Garchomp, M|
|poke|p2|Landorus-Therian, M|
|poke|p2|Enamorus, F|
|poke|p2|Cinderace, M|
|poke|p2|Latios, M|
|poke|p2|Raging Bolt|
|poke|p2|Primarina, F|
|teampreview
|
|t:|1758929225
|teamsize|p1|6
|teamsize|p2|6
|start
|switch|p1a: Samurott|Samurott-Hisui, M|100/100
|switch|p2a: Raging Bolt|Raging Bolt|100/100
|-enditem|p2a: Raging Bolt|Booster Energy
|-activate|p2a: Raging Bolt|ability: Protosynthesis|[fromitem]
|-start|p2a: Raging Bolt|protosynthesisspa
|turn|1
|
|t:|1758929236
|switch|p1a: Pawmot|Pawmot, M|100/100
|move|p2a: Raging Bolt|Dragon Pulse|p1a: Pawmot
|-damage|p1a: Pawmot|0 fnt
|faint|p1a: Pawmot
|
|upkeep
|
|t:|1758929239
|switch|p1a: Walking Wake|Walking Wake|100/100
|turn|2
|
|t:|1758929245
|-terastallize|p2a: Raging Bolt|Fairy
|move|p1a: Walking Wake|Dragon Pulse|p2a: Raging Bolt
|-immune|p2a: Raging Bolt
|move|p2a: Raging Bolt|Tera Blast|p1a: Walking Wake|[anim] Tera Blast Fairy
|-supereffective|p1a: Walking Wake
|-crit|p1a: Walking Wake
|-damage|p1a: Walking Wake|0 fnt
|faint|p1a: Walking Wake
|-end|p1a: Walking Wake|Protosynthesis|[silent]
|
|upkeep
|
|t:|1758929249
|switch|p1a: Garchomp|Garchomp, M|100/100
|turn|3
|
|t:|1758929256
|move|p1a: Garchomp|Stealth Rock|p2a: Raging Bolt
|-sidestart|p2: Perola Z|move: Stealth Rock
|move|p2a: Raging Bolt|Tera Blast|p1a: Garchomp|[anim] Tera Blast Fairy
|-supereffective|p1a: Garchomp
|-damage|p1a: Garchomp|19/100
|
|upkeep
|turn|4
|
|t:|1758929260
|move|p1a: Garchomp|Earthquake|p2a: Raging Bolt
|-damage|p2a: Raging Bolt|64/100
|move|p2a: Raging Bolt|Tera Blast|p1a: Garchomp|[anim] Tera Blast Fairy
|-supereffective|p1a: Garchomp
|-damage|p1a: Garchomp|0 fnt
|faint|p1a: Garchomp
|
|upkeep
|
|t:|1758929270
|switch|p1a: Samurott|Samurott-Hisui, M|100/100
|turn|5
|
|t:|1758929275
|move|p1a: Samurott|Razor Shell|p2a: Raging Bolt
|-damage|p2a: Raging Bolt|19/100
|move|p2a: Raging Bolt|Thunderbolt|p1a: Samurott
|-supereffective|p1a: Samurott
|-damage|p1a: Samurott|0 fnt
|faint|p1a: Samurott
|
|upkeep
|
|t:|1758929277
|switch|p1a: Keldeo|Keldeo-Resolute|100/100
|turn|6
|
|t:|1758929283
|move|p1a: Keldeo|Vacuum Wave|p2a: Raging Bolt
|-resisted|p2a: Raging Bolt
|-damage|p2a: Raging Bolt|5/100
|move|p2a: Raging Bolt|Thunderclap||[still]
|-fail|p2a: Raging Bolt
|
|upkeep
|turn|7
|
|t:|1758929292
|move|p1a: Keldeo|Vacuum Wave|p2a: Raging Bolt
|-resisted|p2a: Raging Bolt
|-damage|p2a: Raging Bolt|0 fnt
|faint|p2a: Raging Bolt
|-end|p2a: Raging Bolt|Protosynthesis|[silent]
|
|upkeep
|
|t:|1758929299
|switch|p2a: Latios|Latios, M|100/100
|-damage|p2a: Latios|88/100|[from] Stealth Rock
|turn|8
|
|t:|1758929326
|switch|p1a: Corviknight|Corviknight, M|100/100
|-ability|p1a: Corviknight|Pressure
|move|p2a: Latios|Luster Purge|p1a: Corviknight
|-resisted|p1a: Corviknight
|-damage|p1a: Corviknight|77/100
|-unboost|p1a: Corviknight|spd|1
|
|-heal|p1a: Corviknight|83/100|[from] item: Leftovers
|upkeep
|turn|9
|inactive|Battle timer is ON: inactive players will automatically lose when time's up. (requested by Perola Z)
|
|t:|1758929334
|move|p2a: Latios|Luster Purge|p1a: Corviknight
|-resisted|p1a: Corviknight
|-damage|p1a: Corviknight|47/100
|move|p1a: Corviknight|U-turn|p2a: Latios
|-supereffective|p2a: Latios
|-damage|p2a: Latios|52/100
|
|t:|1758929336
|switch|p1a: Keldeo|Keldeo-Resolute|100/100|[from] U-turn
|
|upkeep
|turn|10
|
|t:|1758929340
|move|p2a: Latios|Luster Purge|p1a: Keldeo
|-supereffective|p1a: Keldeo
|-damage|p1a: Keldeo|0 fnt
|faint|p1a: Keldeo
|
|upkeep
|-message|anewajou forfeited.
|
|win|Perola Z
|raw|anewajou's rating: 1352 &rarr; <strong>1337</strong><br />(-15 for losing)
|raw|Perola Z's rating: 1447 &rarr; <strong>1462</strong><br />(+15 for winning)
|l|☆anewajou
|player|p1|
