|j|☆bol de nouille
|j|☆DavyJonesTextbook
|t:|1759072221
|gametype|singles
|player|p1|bol de nouille|waiter|1352
|player|p2|DavyJonesTextbook|1|1423
|gen|9
|tier|[Gen 9] OU
|rated|
|rule|HP Percentage Mod: HP is shown in percentages
|rule|Endless Battle Clause: Forcing endless battles is banned
|rule|Species Clause: Limit one of each Pokémon
|rule|OHKO Clause: OHKO moves are banned
|rule|Evasion Items Clause: Evasion items are banned
|rule|Evasion Moves Clause: Evasion moves are banned
|rule|Evasion Abilities Clause: Evasion abilities are banned
|rule|Sleep Moves Clause: Sleep-inducing moves are banned
|clearpoke
|poke|p1|Kyurem|
|poke|p1|Cresselia, F|
|poke|p1|Hatterene, F|
|poke|p1|Pawmot, F|
|poke|p1|Iron Valiant|
|poke|p1|Primarina, M|
|poke|p2|Dragapult, M|
|poke|p2|Glimmora, M|
|poke|p2|Comfey, M|
|poke|p2|Kingambit, M|
|poke|p2|Ogerpon-Wellspring, F|
|poke|p2|Blaziken, M|
|teampreview
|inactive|Battle timer is ON: inactive players will automatically lose when time's up. (requested by bol de nouille)
|
|t:|1759072243
|teamsize|p1|6
|teamsize|p2|6
|start
|switch|p1a: Kyurem|Kyurem|100/100
|switch|p2a: Ogerpon|Ogerpon-Wellspring, F|100/100
|-ability|p1a: Kyurem|Pressure
|turn|1
|
|t:|1759072254
|move|p2a: Ogerpon|U-turn|p1a: Kyurem
|-damage|p1a: Kyurem|79/100
|
|t:|1759072257
|switch|p2a: Comfey|Comfey, M, shiny|100/100|[from] U-turn
|move|p1a: Kyurem|Dragon Dance|p1a: Kyurem
|-boost|p1a: Kyurem|atk|1
|-boost|p1a: Kyurem|spe|1
|
|-heal|p1a: Kyurem|85/100|[from] item: Leftovers
|upkeep
|turn|2
|
|t:|1759072269
|-terastallize|p1a: Kyurem|Steel
|move|p1a: Kyurem|Dragon Dance|p1a: Kyurem
|-boost|p1a: Kyurem|atk|1
|-boost|p1a: Kyurem|spe|1
|move|p2a: Comfey|Calm Mind|p2a: Comfey
|-boost|p2a: Comfey|spa|1
|-boost|p2a: Comfey|spd|1
|
|-heal|p1a: Kyurem|92/100|[from] item: Leftovers
|upkeep
|turn|3
|
|t:|1759072279
|-terastallize|p2a: Comfey|Ground
|move|p1a: Kyurem|Icicle Spear|p2a: Comfey
|-supereffective|p2a: Comfey
|-damage|p2a: Comfey|47/100
|-supereffective|p2a: Comfey
|-damage|p2a: Comfey|0 fnt
|faint|p2a: Comfey
|-hitcount|p2: Comfey|2
|
|-heal|p1a: Kyurem|98/100|[from] item: Leftovers
|upkeep
|c|☆bol de nouille|interesting
|
|t:|1759072301
|switch|p2a: Blaziken|Blaziken, M, shiny|100/100
|turn|4
|
|t:|1759072306
|switch|p1a: Cresselia|Cresselia, F|100/100
|move|p2a: Blaziken|Flare Blitz|p1a: Cresselia
|-damage|p1a: Cresselia|45/100
|-damage|p2a: Blaziken|73/100|[from] Recoil
|-damage|p2a: Blaziken|63/100|[from] item: Life Orb
|
|-ability|p2a: Blaziken|Speed Boost|boost
|-boost|p2a: Blaziken|spe|1
|upkeep
|turn|5
|
|t:|1759072316
|switch|p1a: Primarina|Primarina, M|100/100
|move|p2a: Blaziken|Knock Off|p1a: Primarina
|-resisted|p1a: Primarina
|-damage|p1a: Primarina|81/100
|-enditem|p1a: Primarina|Leftovers|[from] move: Knock Off|[of] p2a: Blaziken
|-damage|p2a: Blaziken|53/100|[from] item: Life Orb
|
|-ability|p2a: Blaziken|Speed Boost|boost
|-boost|p2a: Blaziken|spe|1
|upkeep
|turn|6
|
|t:|1759072324
|switch|p2a: Ogerpon|Ogerpon-Wellspring, F|100/100
|move|p1a: Primarina|Draining Kiss|p2a: Ogerpon
|-damage|p2a: Ogerpon|75/100
|-heal|p1a: Primarina|97/100|[from] drain|[of] p2a: Ogerpon
|
|upkeep
|turn|7
|
|t:|1759072336
|move|p2a: Ogerpon|U-turn|p1a: Primarina
|-resisted|p1a: Primarina
|-damage|p1a: Primarina|85/100
|
|t:|1759072338
|switch|p2a: Glimmora|Glimmora, M, shiny|100/100|[from] U-turn
|move|p1a: Primarina|Draining Kiss|p2a: Glimmora
|-resisted|p2a: Glimmora
|-damage|p2a: Glimmora|88/100
|-heal|p1a: Primarina|95/100|[from] drain|[of] p2a: Glimmora
|-enditem|p2a: Glimmora|Red Card|[of] p1a: Primarina
|drag|p1a: Cresselia|Cresselia, F|45/100
|
|upkeep
|turn|8
|
|t:|1759072347
|switch|p2a: Kingambit|Kingambit, M, shiny|100/100
|-activate|p2a: Kingambit|ability: Supreme Overlord
|-start|p2a: Kingambit|fallen1|[silent]
|move|p1a: Cresselia|Trick|p2a: Kingambit
|-activate|p1a: Cresselia|move: Trick|[of] p2a: Kingambit
|-item|p2a: Kingambit|Choice Scarf|[from] move: Trick
|-item|p1a: Cresselia|Leftovers|[from] move: Trick
|
|-heal|p1a: Cresselia|51/100|[from] item: Leftovers
|upkeep
|turn|9
|
|t:|1759072359
|move|p1a: Cresselia|Thunder Wave|p2a: Kingambit
|-status|p2a: Kingambit|par
|move|p2a: Kingambit|Kowtow Cleave|p1a: Cresselia
|-supereffective|p1a: Cresselia
|-damage|p1a: Cresselia|0 fnt
|faint|p1a: Cresselia
|
|upkeep
|
|t:|1759072367
|switch|p1a: Kyurem|Kyurem, tera:Steel|98/100
|-ability|p1a: Kyurem|Pressure
|turn|10
|inactive|DavyJonesTextbook has 120 seconds left.
|
|t:|1759072400
|-end|p2a: Kingambit|fallen1|[silent]
|switch|p2a: Ogerpon|Ogerpon-Wellspring, F|75/100
|move|p1a: Kyurem|Substitute|p1a: Kyurem
|-start|p1a: Kyurem|Substitute
|-damage|p1a: Kyurem|73/100
|
|-heal|p1a: Kyurem|79/100|[from] item: Leftovers
|upkeep
|turn|11
|
|t:|1759072406
|move|p1a: Kyurem|Protect|p1a: Kyurem
|-singleturn|p1a: Kyurem|Protect
|move|p2a: Ogerpon|Ivy Cudgel|p1a: Kyurem|[anim] Ivy Cudgel Water
|-activate|p1a: Kyurem|move: Protect
|
|-heal|p1a: Kyurem|85/100|[from] item: Leftovers
|upkeep
|turn|12
|
|t:|1759072413
|move|p2a: Ogerpon|Ivy Cudgel|p1a: Kyurem|[anim] Ivy Cudgel Water
|-end|p1a: Kyurem|Substitute
|move|p1a: Kyurem|Dragon Dance|p1a: Kyurem
|-boost|p1a: Kyurem|atk|1
|-boost|p1a: Kyurem|spe|1
|
|-heal|p1a: Kyurem|91/100|[from] item: Leftovers
|upkeep
|turn|13
|
|t:|1759072421
|move|p1a: Kyurem|Dragon Dance|p1a: Kyurem
|-boost|p1a: Kyurem|atk|1
|-boost|p1a: Kyurem|spe|1
|move|p2a: Ogerpon|Ivy Cudgel|p1a: Kyurem|[anim] Ivy Cudgel Water
|-damage|p1a: Kyurem|40/100
|
|-heal|p1a: Kyurem|46/100|[from] item: Leftovers
|upkeep
|turn|14
|
|t:|1759072425
|move|p1a: Kyurem|Protect|p1a: Kyurem
|-singleturn|p1a: Kyurem|Protect
|move|p2a: Ogerpon|Ivy Cudgel|p1a: Kyurem|[anim] Ivy Cudgel Water
|-activate|p1a: Kyurem|move: Protect
|
|-heal|p1a: Kyurem|53/100|[from] item: Leftovers
|upkeep
|turn|15
|
|t:|1759072429
|move|p1a: Kyurem|Icicle Spear|p2a: Ogerpon
|-damage|p2a: Ogerpon|46/100
|-damage|p2a: Ogerpon|14/100
|-damage|p2a: Ogerpon|0 fnt
|faint|p2a: Ogerpon
|-hitcount|p2: Ogerpon|3
|
|-heal|p1a: Kyurem|59/100|[from] item: Leftovers
|upkeep
|
|t:|1759072447
|switch|p2a: Blaziken|Blaziken, M, shiny|53/100
|turn|16
|
|t:|1759072452
|move|p2a: Blaziken|Protect|p2a: Blaziken
|-singleturn|p2a: Blaziken|Protect
|move|p1a: Kyurem|Icicle Spear|p2a: Blaziken
|-activate|p2a: Blaziken|move: Protect
|
|-heal|p1a: Kyurem|65/100|[from] item: Leftovers
|-ability|p2a: Blaziken|Speed Boost|boost
|-boost|p2a: Blaziken|spe|1
|upkeep
|turn|17
|
|t:|1759072455
|move|p1a: Kyurem|Icicle Spear|p2a: Blaziken
|-resisted|p2a: Blaziken
|-damage|p2a: Blaziken|36/100
|-resisted|p2a: Blaziken
|-damage|p2a: Blaziken|20/100
|-hitcount|p2a: Blaziken|2
|move|p2a: Blaziken|Flare Blitz|p1a: Kyurem
|-supereffective|p1a: Kyurem
|-damage|p1a: Kyurem|0 fnt
|faint|p1a: Kyurem
|-damage|p2a: Blaziken|0 fnt|[from] Recoil
|faint|p2a: Blaziken
|
|upkeep
|
|t:|1759072464
|switch|p2a: Glimmora|Glimmora, M, shiny|88/100
|switch|p1a: Pawmot|Pawmot, F|100/100
|turn|18
|
|t:|1759072483
|move|p1a: Pawmot|Revival Blessing|p1a: Pawmot
|-enditem|p1a: Pawmot|Leppa Berry|[eat]
|-activate|p1a: Pawmot|item: Leppa Berry|Revival Blessing|[consumed]
|
|t:|1759072487
|-heal|p1: Kyurem|50/100|[from] move: Revival Blessing
|move|p2a: Glimmora|Earth Power|p1a: Pawmot
|-supereffective|p1a: Pawmot
|-damage|p1a: Pawmot|31/100
|
|upkeep
|turn|19
|
|t:|1759072494
|move|p1a: Pawmot|Revival Blessing|p1a: Pawmot
|
|t:|1759072496
|-heal|p1: Cresselia|50/100|[from] move: Revival Blessing
|move|p2a: Glimmora|Earth Power|p1a: Pawmot
|-supereffective|p1a: Pawmot
|-damage|p1a: Pawmot|0 fnt
|faint|p1a: Pawmot
|
|upkeep
|
|t:|1759072498
|switch|p1a: Cresselia|Cresselia, F|50/100
|turn|20
|
|t:|1759072505
|switch|p2a: Kingambit|Kingambit, M, shiny|100/100 par
|-activate|p2a: Kingambit|ability: Supreme Overlord
|-start|p2a: Kingambit|fallen3|[silent]
|move|p1a: Cresselia|Thunder Wave|p2a: Kingambit
|-fail|p2a: Kingambit|par
|
|-heal|p1a: Cresselia|57/100|[from] item: Leftovers
|upkeep
|turn|21
|
|t:|1759072511
|move|p1a: Cresselia|Lunar Dance|p1a: Cresselia
|faint|p1a: Cresselia
|move|p2a: Kingambit|Kowtow Cleave|p1: Cresselia|[notarget]
|-fail|p2a: Kingambit
|
|upkeep
|
|t:|1759072513
|switch|p1a: Kyurem|Kyurem|50/100
|-heal|p1a: Kyurem|100/100|[from] move: Lunar Dance
|-ability|p1a: Kyurem|Pressure
|turn|22
|
|t:|1759072520
|move|p1a: Kyurem|Protect|p1a: Kyurem
|-singleturn|p1a: Kyurem|Protect
|move|p2a: Kingambit|Kowtow Cleave|p1a: Kyurem
|-activate|p1a: Kyurem|move: Protect
|
|upkeep
|turn|23
|
|t:|1759072522
|move|p1a: Kyurem|Substitute|p1a: Kyurem
|-start|p1a: Kyurem|Substitute
|-damage|p1a: Kyurem|76/100
|cant|p2a: Kingambit|par
|
|-heal|p1a: Kyurem|82/100|[from] item: Leftovers
|upkeep
|turn|24
|
|t:|1759072526
|move|p1a: Kyurem|Dragon Dance|p1a: Kyurem
|-boost|p1a: Kyurem|atk|1
|-boost|p1a: Kyurem|spe|1
|move|p2a: Kingambit|Kowtow Cleave|p1a: Kyurem
|-end|p1a: Kyurem|Substitute
|
|-heal|p1a: Kyurem|88/100|[from] item: Leftovers
|upkeep
|turn|25
|
|t:|1759072531
|move|p1a: Kyurem|Protect|p1a: Kyurem
|-singleturn|p1a: Kyurem|Protect
|move|p2a: Kingambit|Kowtow Cleave|p1a: Kyurem
|-activate|p1a: Kyurem|move: Protect
|
|-heal|p1a: Kyurem|94/100|[from] item: Leftovers
|upkeep
|turn|26
|
|t:|1759072534
|move|p1a: Kyurem|Substitute|p1a: Kyurem
|-start|p1a: Kyurem|Substitute
|-damage|p1a: Kyurem|69/100
|move|p2a: Kingambit|Kowtow Cleave|p1a: Kyurem
|-end|p1a: Kyurem|Substitute
|
|-heal|p1a: Kyurem|75/100|[from] item: Leftovers
|upkeep
|turn|27
|
|t:|1759072537
|move|p1a: Kyurem|Protect|p1a: Kyurem
|-singleturn|p1a: Kyurem|Protect
|cant|p2a: Kingambit|par
|
|-heal|p1a: Kyurem|82/100|[from] item: Leftovers
|upkeep
|turn|28
|
|t:|1759072539
|move|p1a: Kyurem|Substitute|p1a: Kyurem
|-start|p1a: Kyurem|Substitute
|-damage|p1a: Kyurem|57/100
|move|p2a: Kingambit|Kowtow Cleave|p1a: Kyurem
|-end|p1a: Kyurem|Substitute
|
|-heal|p1a: Kyurem|63/100|[from] item: Leftovers
|upkeep
|turn|29
|
|t:|1759072549
|move|p1a: Kyurem|Dragon Dance|p1a: Kyurem
|-boost|p1a: Kyurem|atk|1
|-boost|p1a: Kyurem|spe|1
|move|p2a: Kingambit|Kowtow Cleave|p1a: Kyurem
|-damage|p1a: Kyurem|4/100
|
|-heal|p1a: Kyurem|11/100|[from] item: Leftovers
|upkeep
|turn|30
|
|t:|1759072563
|-end|p2a: Kingambit|fallen3|[silent]
|switch|p2a: Glimmora|Glimmora, M, shiny|88/100
|move|p1a: Kyurem|Protect||[still]
|-fail|p1a: Kyurem
|
|-heal|p1a: Kyurem|17/100|[from] item: Leftovers
|upkeep
|turn|31
|
|t:|1759072570
|move|p1a: Kyurem|Protect|p1a: Kyurem
|-singleturn|p1a: Kyurem|Protect
|move|p2a: Glimmora|Power Gem|p1a: Kyurem
|-activate|p1a: Kyurem|move: Protect
|
|-heal|p1a: Kyurem|23/100|[from] item: Leftovers
|upkeep
|turn|32
|
|t:|1759072575
|switch|p1a: Hatterene|Hatterene, F|100/100
|move|p2a: Glimmora|Power Gem|p1a: Hatterene
|-damage|p1a: Hatterene|66/100
|
|upkeep
|turn|33
|
|t:|1759072584
|switch|p2a: Kingambit|Kingambit, M, shiny|100/100 par
|-activate|p2a: Kingambit|ability: Supreme Overlord
|-start|p2a: Kingambit|fallen3|[silent]
|move|p1a: Hatterene|Healing Wish|p1a: Hatterene
|faint|p1a: Hatterene
|
|upkeep
|
|t:|1759072586
|switch|p1a: Kyurem|Kyurem|23/100
|-heal|p1a: Kyurem|100/100|[from] move: Healing Wish
|-ability|p1a: Kyurem|Pressure
|turn|34
|
|t:|1759072592
|move|p1a: Kyurem|Substitute|p1a: Kyurem
|-start|p1a: Kyurem|Substitute
|-damage|p1a: Kyurem|76/100
|move|p2a: Kingambit|Iron Head|p1a: Kyurem
|-supereffective|p1a: Kyurem
|-end|p1a: Kyurem|Substitute
|
|-heal|p1a: Kyurem|82/100|[from] item: Leftovers
|upkeep
|turn|35
|
|t:|1759072598
|move|p1a: Kyurem|Protect|p1a: Kyurem
|-singleturn|p1a: Kyurem|Protect
|cant|p2a: Kingambit|par
|
|-heal|p1a: Kyurem|88/100|[from] item: Leftovers
|upkeep
|turn|36
|
|t:|1759072606
|move|p1a: Kyurem|Substitute|p1a: Kyurem
|-start|p1a: Kyurem|Substitute
|-damage|p1a: Kyurem|63/100
|move|p2a: Kingambit|Iron Head|p1a: Kyurem
|-supereffective|p1a: Kyurem
|-end|p1a: Kyurem|Substitute
|
|-heal|p1a: Kyurem|69/100|[from] item: Leftovers
|upkeep
|turn|37
|
|t:|1759072610
|move|p1a: Kyurem|Protect|p1a: Kyurem
|-singleturn|p1a: Kyurem|Protect
|move|p2a: Kingambit|Iron Head|p1a: Kyurem
|-activate|p1a: Kyurem|move: Protect
|
|-heal|p1a: Kyurem|75/100|[from] item: Leftovers
|upkeep
|turn|38
|
|t:|1759072614
|move|p1a: Kyurem|Substitute|p1a: Kyurem
|-start|p1a: Kyurem|Substitute
|-damage|p1a: Kyurem|50/100
|move|p2a: Kingambit|Iron Head|p1a: Kyurem
|-supereffective|p1a: Kyurem
|-end|p1a: Kyurem|Substitute
|
|-heal|p1a: Kyurem|57/100|[from] item: Leftovers
|upkeep
|turn|39
|
|t:|1759072617
|move|p1a: Kyurem|Protect|p1a: Kyurem
|-singleturn|p1a: Kyurem|Protect
|move|p2a: Kingambit|Iron Head|p1a: Kyurem
|-activate|p1a: Kyurem|move: Protect
|
|-heal|p1a: Kyurem|63/100|[from] item: Leftovers
|upkeep
|turn|40
|
|t:|1759072619
|move|p1a: Kyurem|Substitute|p1a: Kyurem
|-start|p1a: Kyurem|Substitute
|-damage|p1a: Kyurem|38/100
|move|p2a: Kingambit|Iron Head|p1a: Kyurem
|-supereffective|p1a: Kyurem
|-end|p1a: Kyurem|Substitute
|
|-heal|p1a: Kyurem|44/100|[from] item: Leftovers
|upkeep
|turn|41
|
|t:|1759072621
|move|p1a: Kyurem|Protect|p1a: Kyurem
|-singleturn|p1a: Kyurem|Protect
|move|p2a: Kingambit|Iron Head|p1a: Kyurem
|-activate|p1a: Kyurem|move: Protect
|
|-heal|p1a: Kyurem|50/100|[from] item: Leftovers
|upkeep
|turn|42
|
|t:|1759072623
|move|p1a: Kyurem|Substitute|p1a: Kyurem
|-start|p1a: Kyurem|Substitute
|-damage|p1a: Kyurem|25/100
|move|p2a: Kingambit|Iron Head|p1a: Kyurem
|-supereffective|p1a: Kyurem
|-crit|p1a: Kyurem
|-end|p1a: Kyurem|Substitute
|
|-heal|p1a: Kyurem|31/100|[from] item: Leftovers
|upkeep
|turn|43
|
|t:|1759072638
|-end|p2a: Kingambit|fallen3|[silent]
|switch|p2a: Glimmora|Glimmora, M, shiny|88/100
|move|p1a: Kyurem|Protect||[still]
|-fail|p1a: Kyurem
|
|-heal|p1a: Kyurem|38/100|[from] item: Leftovers
|upkeep
|turn|44
|
|t:|1759072643
|switch|p1a: Primarina|Primarina, M|95/100
|move|p2a: Glimmora|Power Gem|p1a: Primarina
|-damage|p1a: Primarina|68/100
|
|upkeep
|turn|45
|
|t:|1759072651
|move|p2a: Glimmora|Stealth Rock|p1a: Primarina
|-sidestart|p1: bol de nouille|move: Stealth Rock
|move|p1a: Primarina|Whirlpool|p2a: Glimmora
|-supereffective|p2a: Glimmora
|-damage|p2a: Glimmora|54/100
|-activate|p2a: Glimmora|move: Whirlpool|[of] p1a: Primarina
|
|-damage|p2a: Glimmora|41/100|[from] move: Whirlpool|[partiallytrapped]
|upkeep
|turn|46
|
|t:|1759072660
|move|p1a: Primarina|Protect|p1a: Primarina
|-singleturn|p1a: Primarina|Protect
|move|p2a: Glimmora|Power Gem|p1a: Primarina
|-activate|p1a: Primarina|move: Protect
|
|-damage|p2a: Glimmora|29/100|[from] move: Whirlpool|[partiallytrapped]
|upkeep
|turn|47
|
|t:|1759072666
|move|p2a: Glimmora|Power Gem|p1a: Primarina
|-damage|p1a: Primarina|40/100
|move|p1a: Primarina|Whirlpool|p2a: Glimmora
|-supereffective|p2a: Glimmora
|-damage|p2a: Glimmora|0 fnt
|faint|p2a: Glimmora
|
|upkeep
|
|t:|1759072669
|switch|p2a: Dragapult|Dragapult, M, shiny|100/100
|turn|48
|
|t:|1759072673
|move|p2a: Dragapult|Shadow Ball|p1a: Primarina
|-damage|p1a: Primarina|8/100
|-damage|p2a: Dragapult|91/100|[from] item: Life Orb
|move|p1a: Primarina|Draining Kiss|p2a: Dragapult
|-supereffective|p2a: Dragapult
|-damage|p2a: Dragapult|26/100
|-heal|p1a: Primarina|51/100|[from] drain|[of] p2a: Dragapult
|
|upkeep
|turn|49
|
|t:|1759072684
|move|p2a: Dragapult|Shadow Ball|p1a: Primarina
|-damage|p1a: Primarina|18/100
|-damage|p2a: Dragapult|17/100|[from] item: Life Orb
|move|p1a: Primarina|Draining Kiss|p2a: Dragapult
|-supereffective|p2a: Dragapult
|-damage|p2a: Dragapult|0 fnt
|-heal|p1a: Primarina|28/100|[from] drain|[of] p2a: Dragapult
|faint|p2a: Dragapult
|
|upkeep
|
|t:|1759072687
|switch|p2a: Kingambit|Kingambit, M, shiny|100/100 par
|-activate|p2a: Kingambit|ability: Supreme Overlord
|-start|p2a: Kingambit|fallen5|[silent]
|turn|50
|
|t:|1759072692
|move|p1a: Primarina|Perish Song|p1a: Primarina
|-start|p1a: Primarina|perish3|[silent]
|-start|p2a: Kingambit|perish3|[silent]
|-fieldactivate|move: Perish Song
|cant|p2a: Kingambit|par
|
|-start|p1a: Primarina|perish3
|-start|p2a: Kingambit|perish3
|upkeep
|turn|51
|
|t:|1759072699
|move|p1a: Primarina|Draining Kiss|p2a: Kingambit
|-damage|p2a: Kingambit|79/100 par
|-heal|p1a: Primarina|47/100|[from] drain|[of] p2a: Kingambit
|cant|p2a: Kingambit|par
|
|-start|p1a: Primarina|perish2
|-start|p2a: Kingambit|perish2
|upkeep
|turn|52
|-message|DavyJonesTextbook forfeited.
|
|win|bol de nouille
|raw|bol de nouille's rating: 1352 &rarr; <strong>1376</strong><br />(+24 for winning)
|raw|DavyJonesTextbook's rating: 1423 &rarr; <strong>1399</strong><br />(-24 for losing)
|l|☆DavyJonesTextbook
|player|p2|
|l|☆bol de nouille
|player|p1|
