|j|☆Scepticskep
|j|☆fregene97
|t:|1759007568
|gametype|singles
|player|p1|Scepticskep|102|1520
|player|p2|fregene97|cyclist-gen4|1520
|gen|9
|tier|[Gen 9] OU
|rated|
|rule|HP Percentage Mod: HP is shown in percentages
|rule|Endless Battle Clause: Forcing endless battles is banned
|rule|Species Clause: Limit one of each Pokémon
|rule|OHKO Clause: OHKO moves are banned
|rule|Evasion Items Clause: Evasion items are banned
|rule|Evasion Moves Clause: Evasion moves are banned
|rule|Evasion Abilities Clause: Evasion abilities are banned
|rule|Sleep Moves Clause: Sleep-inducing moves are banned
|clearpoke
|poke|p1|Pelipper, F|
|poke|p1|Hatterene, F|
|poke|p1|Iron Treads|
|poke|p1|Toxicroak, F|
|poke|p1|Barraskewda, F|
|poke|p1|Zapdos|
|poke|p2|Bellibolt, M|
|poke|p2|Basculegion, M|
|poke|p2|Dragonite, M|
|poke|p2|Iron Treads|
|poke|p2|Barraskewda, M|
|poke|p2|Pelipper, M|
|teampreview
|inactive|Battle timer is ON: inactive players will automatically lose when time's up. (requested by Scepticskep)
|
|t:|1759007577
|teamsize|p1|6
|teamsize|p2|6
|start
|switch|p1a: Zapdos|Zapdos|100/100
|switch|p2a: Pelipper|Pelipper, M|100/100
|-weather|RainDance|[from] ability: Drizzle|[of] p2a: Pelipper
|turn|1
|
|t:|1759007584
|switch|p2a: Bellibolt|Bellibolt, M|100/100
|move|p1a: Zapdos|Weather Ball|p2a: Bellibolt
|-damage|p2a: Bellibolt|55/100
|-start|p2a: Bellibolt|Charge|Weather Ball|[from] ability: Electromorphosis
|
|-weather|RainDance|[upkeep]
|upkeep
|turn|2
|
|t:|1759007598
|switch|p1a: Iron Treads|Iron Treads|100/100
|-terastallize|p2a: Bellibolt|Fairy
|move|p2a: Bellibolt|Weather Ball|p1a: Iron Treads
|-supereffective|p1a: Iron Treads
|-damage|p1a: Iron Treads|13/100
|
|-weather|RainDance|[upkeep]
|-heal|p1a: Iron Treads|20/100|[from] item: Leftovers
|upkeep
|turn|3
|
|t:|1759007605
|move|p1a: Iron Treads|Stealth Rock|p2a: Bellibolt
|-sidestart|p2: fregene97|move: Stealth Rock
|move|p2a: Bellibolt|Weather Ball|p1a: Iron Treads
|-supereffective|p1a: Iron Treads
|-damage|p1a: Iron Treads|0 fnt
|faint|p1a: Iron Treads
|-end|p1a: Iron Treads|Quark Drive|[silent]
|
|-weather|RainDance|[upkeep]
|upkeep
|
|t:|1759007610
|switch|p1a: Zapdos|Zapdos|100/100
|turn|4
|
|t:|1759007615
|move|p1a: Zapdos|Hurricane|p2a: Bellibolt
|-damage|p2a: Bellibolt|6/100
|-start|p2a: Bellibolt|Charge|Hurricane|[from] ability: Electromorphosis
|move|p2a: Bellibolt|Thunder|p1a: Zapdos
|-damage|p1a: Zapdos|0 fnt
|faint|p1a: Zapdos
|-end|p2a: Bellibolt|Charge|[silent]
|
|-weather|RainDance|[upkeep]
|upkeep
|
|t:|1759007620
|switch|p1a: Barraskewda|Barraskewda, F|100/100
|turn|5
|
|t:|1759007623
|move|p1a: Barraskewda|Flip Turn|p2a: Bellibolt
|-damage|p2a: Bellibolt|0 fnt
|faint|p2a: Bellibolt
|
|t:|1759007625
|switch|p1a: Hatterene|Hatterene, F|100/100|[from] Flip Turn
|
|-weather|RainDance|[upkeep]
|upkeep
|
|t:|1759007630
|switch|p2a: Iron Treads|Iron Treads|100/100
|-damage|p2a: Iron Treads|98/100|[from] Stealth Rock
|turn|6
|
|t:|1759007638
|move|p2a: Iron Treads|Rapid Spin|p1a: Hatterene
|-damage|p1a: Hatterene|90/100
|-boost|p2a: Iron Treads|spe|1
|-sideend|p2: fregene97|Stealth Rock|[from] move: Rapid Spin|[of] p2a: Iron Treads
|-enditem|p1a: Hatterene|Eject Button
|
|t:|1759007639
|switch|p1a: Barraskewda|Barraskewda, F|100/100
|
|-weather|RainDance|[upkeep]
|upkeep
|turn|7
|
|t:|1759007647
|move|p1a: Barraskewda|Flip Turn|p2a: Iron Treads
|-supereffective|p2a: Iron Treads
|-damage|p2a: Iron Treads|0 fnt
|faint|p2a: Iron Treads
|-end|p2a: Iron Treads|Quark Drive|[silent]
|
|t:|1759007652
|switch|p1a: Hatterene|Hatterene, F|90/100|[from] Flip Turn
|
|-weather|RainDance|[upkeep]
|upkeep
|
|t:|1759007656
|switch|p2a: Basculegion|Basculegion, M|100/100
|turn|8
|
|t:|1759007659
|switch|p1a: Toxicroak|Toxicroak, F|100/100
|move|p2a: Basculegion|Wave Crash|p1a: Toxicroak
|-immune|p1a: Toxicroak|[from] ability: Dry Skin
|
|-weather|none
|upkeep
|turn|9
|
|t:|1759007666
|switch|p2a: Pelipper|Pelipper, M|100/100
|-weather|RainDance|[from] ability: Drizzle|[of] p2a: Pelipper
|move|p1a: Toxicroak|Knock Off|p2a: Pelipper
|-damage|p2a: Pelipper|81/100
|-enditem|p2a: Pelipper|Damp Rock|[from] move: Knock Off|[of] p1a: Toxicroak
|
|-weather|RainDance|[upkeep]
|upkeep
|turn|10
|
|t:|1759007672
|switch|p1a: Hatterene|Hatterene, F|90/100
|move|p2a: Pelipper|Hurricane|p1a: Hatterene
|-damage|p1a: Hatterene|50/100
|
|-weather|RainDance|[upkeep]
|upkeep
|turn|11
|
|t:|1759007675
|move|p2a: Pelipper|Hurricane|p1a: Hatterene
|-damage|p1a: Hatterene|15/100
|-start|p1a: Hatterene|confusion
|-activate|p1a: Hatterene|confusion
|move|p1a: Hatterene|Nuzzle|p2a: Pelipper
|-supereffective|p2a: Pelipper
|-damage|p2a: Pelipper|69/100
|-status|p2a: Pelipper|par
|
|-weather|RainDance|[upkeep]
|upkeep
|turn|12
|
|t:|1759007683
|-activate|p1a: Hatterene|confusion
|move|p1a: Hatterene|Draining Kiss|p2a: Pelipper
|-damage|p2a: Pelipper|36/100 par
|-heal|p1a: Hatterene|40/100|[from] drain|[of] p2a: Pelipper
|move|p2a: Pelipper|U-turn|p1a: Hatterene
|-damage|p1a: Hatterene|33/100
|
|t:|1759007694
|switch|p2a: Dragonite|Dragonite, M|100/100|[from] U-turn
|
|-weather|RainDance|[upkeep]
|upkeep
|turn|13
|
|t:|1759007697
|move|p2a: Dragonite|Hurricane|p1a: Hatterene
|-damage|p1a: Hatterene|0 fnt
|faint|p1a: Hatterene
|
|-weather|RainDance|[upkeep]
|upkeep
|
|t:|1759007702
|switch|p1a: Barraskewda|Barraskewda, F|100/100
|turn|14
|
|t:|1759007706
|move|p1a: Barraskewda|Flip Turn|p2a: Dragonite
|-resisted|p2a: Dragonite
|-damage|p2a: Dragonite|80/100
|
|t:|1759007710
|switch|p1a: Toxicroak|Toxicroak, F|100/100|[from] Flip Turn
|move|p2a: Dragonite|Hurricane|p1a: Toxicroak
|-supereffective|p1a: Toxicroak
|-damage|p1a: Toxicroak|0 fnt
|faint|p1a: Toxicroak
|
|-weather|RainDance|[upkeep]
|upkeep
|
|t:|1759007715
|switch|p1a: Pelipper|Pelipper, F|100/100
|turn|15
|
|t:|1759007717
|move|p2a: Dragonite|Hurricane|p1a: Pelipper
|-damage|p1a: Pelipper|49/100
|move|p1a: Pelipper|Knock Off|p2a: Dragonite
|-damage|p2a: Dragonite|65/100
|-enditem|p2a: Dragonite|Eject Pack|[from] move: Knock Off|[of] p1a: Pelipper
|
|-weather|RainDance|[upkeep]
|upkeep
|turn|16
|
|t:|1759007723
|move|p2a: Dragonite|Roost|p2a: Dragonite
|-heal|p2a: Dragonite|100/100
|-singleturn|p2a: Dragonite|move: Roost
|move|p1a: Pelipper|Roost|p1a: Pelipper
|-heal|p1a: Pelipper|99/100
|-singleturn|p1a: Pelipper|move: Roost
|
|-weather|none
|upkeep
|turn|17
|
|t:|1759007727
|move|p2a: Dragonite|Hurricane|p1a: Pelipper
|-damage|p1a: Pelipper|49/100
|move|p1a: Pelipper|Hurricane|p2a: Dragonite
|-damage|p2a: Dragonite|79/100
|-start|p2a: Dragonite|confusion
|
|upkeep
|turn|18
|
|t:|1759007733
|-activate|p2a: Dragonite|confusion
|move|p2a: Dragonite|Hurricane|p1a: Pelipper
|-damage|p1a: Pelipper|0 fnt
|faint|p1a: Pelipper
|
|upkeep
|
|t:|1759007736
|switch|p1a: Barraskewda|Barraskewda, F|100/100
|turn|19
|
|t:|1759007740
|move|p1a: Barraskewda|Liquidation|p2a: Dragonite
|-resisted|p2a: Dragonite
|-damage|p2a: Dragonite|40/100
|-activate|p2a: Dragonite|confusion
|move|p2a: Dragonite|Draco Meteor|p1a: Barraskewda
|-damage|p1a: Barraskewda|0 fnt
|-unboost|p2a: Dragonite|spa|2
|faint|p1a: Barraskewda
|
|win|fregene97
|raw|Scepticskep's rating: 1520 &rarr; <strong>1500</strong><br />(-20 for losing)
|raw|fregene97's rating: 1520 &rarr; <strong>1540</strong><br />(+20 for winning)
|l|☆Scepticskep
|player|p1|
|l|☆fregene97
|player|p2|
