|j|☆djemo88
|j|☆kaspair
|t:|1758960160
|gametype|singles
|player|p1|djemo88|2|1323
|player|p2|kaspair|hexmaniac-gen3|1374
|gen|9
|tier|[Gen 9] OU
|rated|
|rule|HP Percentage Mod: HP is shown in percentages
|rule|Endless Battle Clause: Forcing endless battles is banned
|rule|Species Clause: Limit one of each Pokémon
|rule|OHKO Clause: OHKO moves are banned
|rule|Evasion Items Clause: Evasion items are banned
|rule|Evasion Moves Clause: Evasion moves are banned
|rule|Evasion Abilities Clause: Evasion abilities are banned
|rule|Sleep Moves Clause: Sleep-inducing moves are banned
|clearpoke
|poke|p1|Empoleon, M|
|poke|p1|Florges-Yellow, F|
|poke|p1|Gogoat, F|
|poke|p1|Revavroom, M|
|poke|p1|Spiritomb, F|
|poke|p1|Talonflame, F|
|poke|p2|Kommo-o, M|
|poke|p2|Gholdengo|
|poke|p2|Ninetales-Alola, F|
|poke|p2|Hatterene, F|
|poke|p2|Zamazenta-*|
|poke|p2|Kingambit, M|
|teampreview
|inactive|Battle timer is ON: inactive players will automatically lose when time's up. (requested by kaspair)
|c|☆kaspair|hello again
|c|☆djemo88|Heya
|
|t:|1758960180
|teamsize|p1|6
|teamsize|p2|6
|start
|switch|p1a: RIDDIN IN MY CARRR|Revavroom, M|100/100
|switch|p2a: Ninetales|Ninetales-Alola, F|100/100
|-weather|Snowscape|[from] ability: Snow Warning|[of] p2a: Ninetales
|turn|1
|
|t:|1758960197
|switch|p2a: Kingambit|Kingambit, M|100/100
|-item|p2a: Kingambit|Air Balloon
|move|p1a: RIDDIN IN MY CARRR|Shift Gear|p1a: RIDDIN IN MY CARRR
|-boost|p1a: RIDDIN IN MY CARRR|spe|2
|-boost|p1a: RIDDIN IN MY CARRR|atk|1
|
|-weather|Snowscape|[upkeep]
|upkeep
|turn|2
|
|t:|1758960206
|move|p1a: RIDDIN IN MY CARRR|Iron Head|p2a: Kingambit
|-resisted|p2a: Kingambit
|-damage|p2a: Kingambit|78/100
|-enditem|p2a: Kingambit|Air Balloon
|move|p2a: Kingambit|Swords Dance|p2a: Kingambit
|-boost|p2a: Kingambit|atk|2
|
|-weather|Snowscape|[upkeep]
|upkeep
|turn|3
|
|t:|1758960217
|move|p2a: Kingambit|Sucker Punch|p1a: RIDDIN IN MY CARRR
|-damage|p1a: RIDDIN IN MY CARRR|0 fnt
|faint|p1a: RIDDIN IN MY CARRR
|
|-weather|Snowscape|[upkeep]
|upkeep
|
|t:|1758960224
|switch|p1a: Flame|Talonflame, F|100/100
|turn|4
|
|t:|1758960233
|-terastallize|p2a: Kingambit|Ghost
|move|p1a: Flame|Flare Blitz|p2a: Kingambit
|-damage|p2a: Kingambit|45/100
|-damage|p1a: Flame|86/100|[from] Recoil
|move|p2a: Kingambit|Kowtow Cleave|p1a: Flame
|-damage|p1a: Flame|0 fnt
|faint|p1a: Flame
|
|-weather|Snowscape|[upkeep]
|upkeep
|c|☆djemo88|Sweeping )=
|
|t:|1758960246
|switch|p1a: The 6 souls|Spiritomb, F|100/100
|-ability|p1a: The 6 souls|Pressure
|turn|5
|
|t:|1758960257
|move|p2a: Kingambit|Sucker Punch|p1a: The 6 souls
|-damage|p1a: The 6 souls|42/100
|-damage|p2a: Kingambit|28/100|[from] item: Rocky Helmet|[of] p1a: The 6 souls
|move|p1a: The 6 souls|Foul Play|p2a: Kingambit
|-supereffective|p2a: Kingambit
|-damage|p2a: Kingambit|0 fnt
|faint|p2a: Kingambit
|-end|p2a: Kingambit|fallenundefined|[silent]
|
|-weather|none
|upkeep
|
|t:|1758960266
|switch|p2a: Ninetales|Ninetales-Alola, F|100/100
|-weather|Snowscape|[from] ability: Snow Warning|[of] p2a: Ninetales
|turn|6
|
|t:|1758960270
|switch|p1a: Flowey (=|Florges-Yellow, F|100/100
|move|p2a: Ninetales|Aurora Veil|p2a: Ninetales
|-sidestart|p2: kaspair|move: Aurora Veil
|
|-weather|Snowscape|[upkeep]
|upkeep
|turn|7
|
|t:|1758960293
|switch|p2a: Zamazenta|Zamazenta|100/100
|-ability|p2a: Zamazenta|Dauntless Shield|boost
|-boost|p2a: Zamazenta|def|1
|move|p1a: Flowey (=|Calm Mind|p1a: Flowey (=
|-boost|p1a: Flowey (=|spa|1
|-boost|p1a: Flowey (=|spd|1
|
|-weather|Snowscape|[upkeep]
|upkeep
|turn|8
|
|t:|1758960302
|move|p2a: Zamazenta|Heavy Slam|p1a: Flowey (=
|-supereffective|p1a: Flowey (=
|-damage|p1a: Flowey (=|0 fnt
|faint|p1a: Flowey (=
|-damage|p2a: Zamazenta|91/100|[from] item: Life Orb
|
|-weather|Snowscape|[upkeep]
|upkeep
|
|t:|1758960307
|switch|p1a: Asgore|Gogoat, F, shiny|100/100
|turn|9
|
|t:|1758960311
|move|p2a: Zamazenta|Close Combat|p1a: Asgore
|-damage|p1a: Asgore|10/100
|-unboost|p2a: Zamazenta|def|1
|-unboost|p2a: Zamazenta|spd|1
|-damage|p2a: Zamazenta|81/100|[from] item: Life Orb
|move|p1a: Asgore|Leech Seed|p2a: Zamazenta
|-start|p2a: Zamazenta|move: Leech Seed
|
|-weather|Snowscape|[upkeep]
|-heal|p1a: Asgore|16/100|[from] item: Leftovers
|-damage|p2a: Zamazenta|68/100|[from] Leech Seed|[of] p1a: Asgore
|-heal|p1a: Asgore|25/100|[silent]
|upkeep
|turn|10
|
|t:|1758960327
|move|p1a: Asgore|Protect|p1a: Asgore
|-singleturn|p1a: Asgore|Protect
|move|p2a: Zamazenta|Close Combat|p1a: Asgore
|-activate|p1a: Asgore|move: Protect
|
|-weather|none
|-heal|p1a: Asgore|31/100|[from] item: Leftovers
|-damage|p2a: Zamazenta|56/100|[from] Leech Seed|[of] p1a: Asgore
|-heal|p1a: Asgore|40/100|[silent]
|upkeep
|turn|11
|
|t:|1758960336
|switch|p1a: The 6 souls|Spiritomb, F|42/100
|-ability|p1a: The 6 souls|Pressure
|move|p2a: Zamazenta|Close Combat|p1a: The 6 souls
|-immune|p1a: The 6 souls
|
|-damage|p2a: Zamazenta|44/100|[from] Leech Seed|[of] p1a: The 6 souls
|-heal|p1a: The 6 souls|55/100|[silent]
|upkeep
|turn|12
|
|t:|1758960354
|move|p2a: Zamazenta|Stone Edge|p1a: The 6 souls
|-damage|p1a: The 6 souls|23/100
|-damage|p2a: Zamazenta|34/100|[from] item: Life Orb
|move|p1a: The 6 souls|Will-O-Wisp|p2a: Zamazenta
|-status|p2a: Zamazenta|brn
|
|-damage|p2a: Zamazenta|22/100 brn|[from] Leech Seed|[of] p1a: The 6 souls
|-heal|p1a: The 6 souls|36/100|[silent]
|-damage|p2a: Zamazenta|16/100 brn|[from] brn
|upkeep
|turn|13
|
|t:|1758960370
|switch|p2a: Ninetales|Ninetales-Alola, F|100/100
|-weather|Snowscape|[from] ability: Snow Warning|[of] p2a: Ninetales
|move|p1a: The 6 souls|Hex|p2a: Ninetales
|-damage|p2a: Ninetales|90/100
|
|-weather|Snowscape|[upkeep]
|-sideend|p2: kaspair|move: Aurora Veil
|upkeep
|turn|14
|
|t:|1758960380
|move|p2a: Ninetales|Encore|p1a: The 6 souls
|-start|p1a: The 6 souls|Encore
|move|p1a: The 6 souls|Hex|p2a: Ninetales
|-damage|p2a: Ninetales|69/100
|
|-weather|Snowscape|[upkeep]
|upkeep
|turn|15
|
|t:|1758960386
|switch|p1a: Trident|Empoleon, M|100/100
|move|p2a: Ninetales|Aurora Veil|p2a: Ninetales
|-sidestart|p2: kaspair|move: Aurora Veil
|
|-weather|Snowscape|[upkeep]
|upkeep
|turn|16
|
|t:|1758960398
|move|p2a: Ninetales|Freeze-Dry|p1a: Trident
|-damage|p1a: Trident|88/100
|-status|p1a: Trident|frz
|-curestatus|p1a: Trident|frz|[msg]
|move|p1a: Trident|Hydro Pump|p2a: Ninetales
|-damage|p2a: Ninetales|39/100
|
|-weather|Snowscape|[upkeep]
|upkeep
|turn|17
|
|t:|1758960407
|move|p2a: Ninetales|Freeze-Dry|p1a: Trident
|-damage|p1a: Trident|75/100
|move|p1a: Trident|Flash Cannon|p2a: Ninetales
|-supereffective|p2a: Ninetales
|-damage|p2a: Ninetales|0 fnt
|faint|p2a: Ninetales
|
|-weather|none
|upkeep
|
|t:|1758960415
|switch|p2a: Zamazenta|Zamazenta|16/100 brn
|turn|18
|
|t:|1758960420
|switch|p1a: The 6 souls|Spiritomb, F|36/100
|-ability|p1a: The 6 souls|Pressure
|move|p2a: Zamazenta|Close Combat|p1a: The 6 souls
|-immune|p1a: The 6 souls
|
|-damage|p2a: Zamazenta|9/100 brn|[from] brn
|upkeep
|turn|19
|
|t:|1758960430
|switch|p2a: Kommo-o|Kommo-o, M|100/100
|move|p1a: The 6 souls|Foul Play|p2a: Kommo-o
|-resisted|p2a: Kommo-o
|-damage|p2a: Kommo-o|94/100
|
|upkeep
|turn|20
|
|t:|1758960437
|move|p2a: Kommo-o|Clangorous Soul|p2a: Kommo-o
|-boost|p2a: Kommo-o|atk|1
|-boost|p2a: Kommo-o|def|1
|-boost|p2a: Kommo-o|spa|1
|-boost|p2a: Kommo-o|spd|1
|-boost|p2a: Kommo-o|spe|1
|-damage|p2a: Kommo-o|61/100
|-enditem|p2a: Kommo-o|Throat Spray
|-boost|p2a: Kommo-o|spa|1|[from] item: Throat Spray
|move|p1a: The 6 souls|Pain Split|p2a: Kommo-o
|-sethp|p2a: Kommo-o|49/100|[from] move: Pain Split|[silent]
|-sethp|p1a: The 6 souls|47/100|[from] move: Pain Split
|
|upkeep
|turn|21
|
|t:|1758960460
|move|p2a: Kommo-o|Flamethrower|p1a: The 6 souls
|-damage|p1a: The 6 souls|0 fnt
|faint|p1a: The 6 souls
|
|upkeep
|c|☆djemo88|Meany
|
|t:|1758960470
|switch|p1a: Trident|Empoleon, M|75/100
|turn|22
|
|t:|1758960477
|switch|p1a: Asgore|Gogoat, F, shiny|40/100
|move|p2a: Kommo-o|Boomburst|p1a: Asgore
|-damage|p1a: Asgore|0 fnt
|faint|p1a: Asgore
|
|-sideend|p2: kaspair|move: Aurora Veil
|upkeep
|
|t:|1758960481
|switch|p1a: Trident|Empoleon, M|75/100
|turn|23
|
|t:|1758960485
|-terastallize|p1a: Trident|Grass
|move|p2a: Kommo-o|Boomburst|p1a: Trident
|-damage|p1a: Trident|21/100
|move|p1a: Trident|Ice Beam|p2a: Kommo-o
|-supereffective|p2a: Kommo-o
|-damage|p2a: Kommo-o|0 fnt
|faint|p2a: Kommo-o
|
|upkeep
|
|t:|1758960494
|switch|p2a: Zamazenta|Zamazenta|9/100 brn
|turn|24
|
|t:|1758960498
|move|p2a: Zamazenta|Close Combat|p1a: Trident
|-damage|p1a: Trident|0 fnt
|-unboost|p2a: Zamazenta|def|1
|-unboost|p2a: Zamazenta|spd|1
|faint|p1a: Trident
|-damage|p2a: Zamazenta|0 fnt|[from] item: Life Orb
|faint|p2a: Zamazenta
|
|win|kaspair
|raw|djemo88's rating: 1323 &rarr; <strong>1306</strong><br />(-17 for losing)
|raw|kaspair's rating: 1374 &rarr; <strong>1391</strong><br />(+17 for winning)
|c|☆kaspair|gg
|c|☆djemo88|Gg
|l|☆djemo88
|player|p1|
