|j|☆icezdom
|j|☆shaw0-0wsp
|t:|1759065720
|gametype|singles
|player|p1|icezdom|brock|1051
|player|p2|shaw0-0wsp|ghetsis|1053
|gen|9
|tier|[Gen 9] OU
|rated|
|rule|HP Percentage Mod: HP is shown in percentages
|rule|Endless Battle Clause: Forcing endless battles is banned
|rule|Species Clause: Limit one of each Pokémon
|rule|OHKO Clause: OHKO moves are banned
|rule|Evasion Items Clause: Evasion items are banned
|rule|Evasion Moves Clause: Evasion moves are banned
|rule|Evasion Abilities Clause: Evasion abilities are banned
|rule|Sleep Moves Clause: Sleep-inducing moves are banned
|clearpoke
|poke|p1|Slowbro, M|
|poke|p1|Scizor, M|
|poke|p1|Dragapult, M|
|poke|p1|Heracross, M|
|poke|p1|Torkoal, M|
|poke|p1|Zapdos|
|poke|p2|Kingambit, M|
|poke|p2|Dedenne, M|
|poke|p2|Dondozo, M|
|poke|p2|Metagross|
|poke|p2|Scizor, M|
|poke|p2|Gengar, M|
|teampreview
|
|t:|1759065740
|teamsize|p1|6
|teamsize|p2|6
|start
|switch|p1a: Pica pau|Zapdos, shiny|100/100
|switch|p2a: Dedenne|Dedenne, M, shiny|100/100
|turn|1
|
|t:|1759065751
|move|p2a: Dedenne|Nuzzle|p1a: Pica pau
|-damage|p1a: Pica pau|96/100
|move|p1a: Pica pau|Drill Peck|p2a: Dedenne
|-resisted|p2a: Dedenne
|-damage|p2a: Dedenne|66/100
|-damage|p1a: Pica pau|86/100|[from] item: Life Orb
|
|upkeep
|turn|2
|inactive|Battle timer is ON: inactive players will automatically lose when time's up. (requested by shaw0-0wsp)
|
|t:|1759065764
|move|p2a: Dedenne|Nuzzle|p1a: Pica pau
|-damage|p1a: Pica pau|81/100
|move|p1a: Pica pau|Volt Switch|p2a: Dedenne
|-resisted|p2a: Dedenne
|-damage|p2a: Dedenne|26/100
|-enditem|p2a: Dedenne|Sitrus Berry|[eat]
|-heal|p2a: Dedenne|51/100|[from] item: Sitrus Berry
|-heal|p2a: Dedenne|84/100|[from] ability: Cheek Pouch
|-damage|p1a: Pica pau|71/100|[from] item: Life Orb
|
|t:|1759065776
|switch|p1a: Scourge|Scizor, M, shiny|100/100|[from] Volt Switch
|
|upkeep
|turn|3
|
|t:|1759065783
|move|p1a: Scourge|Bullet Punch|p2a: Dedenne
|-damage|p2a: Dedenne|35/100
|move|p2a: Dedenne|Nuzzle|p1a: Scourge
|-damage|p1a: Scourge|96/100
|-status|p1a: Scourge|par
|
|upkeep
|turn|4
|
|t:|1759065793
|move|p1a: Scourge|Bullet Punch|p2a: Dedenne
|-damage|p2a: Dedenne|0 fnt
|faint|p2a: Dedenne
|
|upkeep
|
|t:|1759065801
|switch|p2a: Scizor|Scizor, M|100/100
|turn|5
|
|t:|1759065806
|switch|p1a: Tortuguita|Torkoal, M|100/100
|-weather|SunnyDay|[from] ability: Drought|[of] p1a: Tortuguita
|move|p2a: Scizor|Swords Dance|p2a: Scizor
|-boost|p2a: Scizor|atk|2
|
|-weather|SunnyDay|[upkeep]
|upkeep
|turn|6
|
|t:|1759065817
|move|p2a: Scizor|Swords Dance|p2a: Scizor
|-boost|p2a: Scizor|atk|2
|move|p1a: Tortuguita|Eruption|p2a: Scizor
|-supereffective|p2a: Scizor
|-damage|p2a: Scizor|0 fnt
|faint|p2a: Scizor
|
|-weather|SunnyDay|[upkeep]
|upkeep
|
|t:|1759065825
|switch|p2a: Dondozo|Dondozo, M, shiny|100/100
|turn|7
|
|t:|1759065832
|move|p2a: Dondozo|Liquidation|p1a: Tortuguita
|-supereffective|p1a: Tortuguita
|-damage|p1a: Tortuguita|71/100
|move|p1a: Tortuguita|Solar Beam||[still]
|-prepare|p1a: Tortuguita|Solar Beam
|-anim|p1a: Tortuguita|Solar Beam|p2a: Dondozo
|-supereffective|p2a: Dondozo
|-damage|p2a: Dondozo|44/100
|
|-weather|SunnyDay|[upkeep]
|-heal|p2a: Dondozo|50/100|[from] item: Leftovers
|upkeep
|turn|8
|
|t:|1759065845
|move|p2a: Dondozo|Rest|p2a: Dondozo
|-status|p2a: Dondozo|slp|[from] move: Rest
|-heal|p2a: Dondozo|100/100 slp|[silent]
|move|p1a: Tortuguita|Solar Beam||[still]
|-prepare|p1a: Tortuguita|Solar Beam
|-anim|p1a: Tortuguita|Solar Beam|p2a: Dondozo
|-supereffective|p2a: Dondozo
|-crit|p2a: Dondozo
|-damage|p2a: Dondozo|16/100 slp
|
|-weather|SunnyDay|[upkeep]
|-heal|p2a: Dondozo|22/100 slp|[from] item: Leftovers
|upkeep
|turn|9
|
|t:|1759065860
|cant|p2a: Dondozo|slp
|move|p2a: Dondozo|Sleep Talk|p2a: Dondozo
|move|p2a: Dondozo|Earthquake|p1a: Tortuguita|[from] move: Sleep Talk
|-supereffective|p1a: Tortuguita
|-damage|p1a: Tortuguita|29/100
|move|p1a: Tortuguita|Solar Beam||[still]
|-prepare|p1a: Tortuguita|Solar Beam
|-anim|p1a: Tortuguita|Solar Beam|p2a: Dondozo
|-supereffective|p2a: Dondozo
|-damage|p2a: Dondozo|0 fnt
|faint|p2a: Dondozo
|
|-weather|none
|upkeep
|
|t:|1759065867
|switch|p2a: Metagross|Metagross, shiny|100/100
|turn|10
|
|t:|1759065880
|move|p2a: Metagross|Agility|p2a: Metagross
|-boost|p2a: Metagross|spe|2
|move|p1a: Tortuguita|Eruption|p2a: Metagross
|-supereffective|p2a: Metagross
|-damage|p2a: Metagross|75/100
|-enditem|p2a: Metagross|Weakness Policy
|-boost|p2a: Metagross|atk|2|[from] item: Weakness Policy
|-boost|p2a: Metagross|spa|2|[from] item: Weakness Policy
|
|upkeep
|turn|11
|
|t:|1759065897
|move|p2a: Metagross|Earthquake|p1a: Tortuguita
|-supereffective|p1a: Tortuguita
|-damage|p1a: Tortuguita|0 fnt
|faint|p1a: Tortuguita
|
|upkeep
|
|t:|1759065904
|switch|p1a: O Drip|Dragapult, M, shiny|100/100
|turn|12
|inactive|shaw0-0wsp has 120 seconds left.
|
|t:|1759065946
|move|p2a: Metagross|Iron Head|p1a: O Drip
|-damage|p1a: O Drip|0 fnt
|faint|p1a: O Drip
|
|upkeep
|
|t:|1759065958
|switch|p1a: Pica pau|Zapdos, shiny|71/100
|turn|13
|inactive|shaw0-0wsp has 120 seconds left.
|
|t:|1759065988
|move|p2a: Metagross|Zen Headbutt|p1a: Pica pau
|-damage|p1a: Pica pau|0 fnt
|faint|p1a: Pica pau
|
|upkeep
|c|☆shaw0-0wsp|offfff
|
|t:|1759065996
|switch|p1a: Hercules|Heracross, M|100/100
|turn|14
|
|t:|1759066002
|-terastallize|p1a: Hercules|Flying
|move|p2a: Metagross|Zen Headbutt|p1a: Hercules
|-damage|p1a: Hercules|0 fnt
|faint|p1a: Hercules
|
|upkeep
|
|t:|1759066011
|switch|p1a: Scourge|Scizor, M, shiny|96/100 par
|turn|15
|c|☆shaw0-0wsp|i feel you bro
|
|t:|1759066022
|switch|p1a: Polar|Slowbro, M, shiny|100/100
|move|p2a: Metagross|Zen Headbutt|p1a: Polar
|-resisted|p1a: Polar
|-damage|p1a: Polar|74/100
|
|-heal|p1a: Polar|80/100|[from] item: Leftovers
|upkeep
|turn|16
|
|t:|1759066035
|move|p2a: Metagross|Iron Head|p1a: Polar
|-resisted|p1a: Polar
|-damage|p1a: Polar|54/100
|move|p1a: Polar|Calm Mind|p1a: Polar
|-boost|p1a: Polar|spa|1
|-boost|p1a: Polar|spd|1
|
|-heal|p1a: Polar|60/100|[from] item: Leftovers
|upkeep
|turn|17
|
|t:|1759066051
|-terastallize|p2a: Metagross|Fighting
|move|p2a: Metagross|Zen Headbutt|p1a: Polar
|-resisted|p1a: Polar
|-crit|p1a: Polar
|-damage|p1a: Polar|21/100
|move|p1a: Polar|Calm Mind|p1a: Polar
|-boost|p1a: Polar|spa|1
|-boost|p1a: Polar|spd|1
|
|-heal|p1a: Polar|27/100|[from] item: Leftovers
|upkeep
|turn|18
|
|t:|1759066064
|move|p2a: Metagross|Zen Headbutt|p1a: Polar
|-resisted|p1a: Polar
|-damage|p1a: Polar|2/100
|move|p1a: Polar|Slack Off|p1a: Polar
|-heal|p1a: Polar|52/100
|
|-heal|p1a: Polar|58/100|[from] item: Leftovers
|upkeep
|turn|19
|
|t:|1759066074
|move|p2a: Metagross|Zen Headbutt|p1a: Polar
|-resisted|p1a: Polar
|-damage|p1a: Polar|29/100
|move|p1a: Polar|Slack Off|p1a: Polar
|-heal|p1a: Polar|79/100
|
|-heal|p1a: Polar|86/100|[from] item: Leftovers
|upkeep
|turn|20
|
|t:|1759066086
|move|p2a: Metagross|Earthquake|p1a: Polar
|-damage|p1a: Polar|37/100
|move|p1a: Polar|Calm Mind|p1a: Polar
|-boost|p1a: Polar|spa|1
|-boost|p1a: Polar|spd|1
|
|-heal|p1a: Polar|43/100|[from] item: Leftovers
|upkeep
|turn|21
|
|t:|1759066098
|move|p2a: Metagross|Earthquake|p1a: Polar
|-damage|p1a: Polar|0 fnt
|faint|p1a: Polar
|
|upkeep
|c|☆shaw0-0wsp|GG
|
|t:|1759066104
|switch|p1a: Scourge|Scizor, M, shiny|96/100 par
|turn|22
|
|t:|1759066109
|move|p2a: Metagross|Zen Headbutt|p1a: Scourge
|-resisted|p1a: Scourge
|-damage|p1a: Scourge|55/100 par
|move|p1a: Scourge|X-Scissor|p2a: Metagross
|-resisted|p2a: Metagross
|-damage|p2a: Metagross|63/100
|
|upkeep
|turn|23
|c|☆icezdom|I hate metagross
|c|☆shaw0-0wsp|and i hate dragonpult
|c|☆icezdom|Lol
|inactive|shaw0-0wsp has 120 seconds left.
|
|t:|1759066144
|move|p2a: Metagross|Iron Head|p1a: Scourge
|-resisted|p1a: Scourge
|-damage|p1a: Scourge|12/100 par
|move|p1a: Scourge|Swords Dance|p1a: Scourge
|-boost|p1a: Scourge|atk|2
|
|upkeep
|turn|24
|inactive|shaw0-0wsp has 120 seconds left.
|c|☆icezdom|I should have swiped you before the earthquakes
|inactive|icezdom has 120 seconds left.
|c|☆shaw0-0wsp|metacross + WEAKNESS POLICY = WIN
|inactive|shaw0-0wsp has 90 seconds left.
|
|t:|1759066202
|move|p1a: Scourge|Bullet Punch|p2a: Metagross
|-damage|p2a: Metagross|26/100
|move|p2a: Metagross|Iron Head|p1a: Scourge
|-resisted|p1a: Scourge
|-damage|p1a: Scourge|0 fnt
|faint|p1a: Scourge
|
|win|shaw0-0wsp
|raw|icezdom's rating: 1051 &rarr; <strong>1033</strong><br />(-18 for losing)
|raw|shaw0-0wsp's rating: 1053 &rarr; <strong>1085</strong><br />(+32 for winning)
|c|☆shaw0-0wsp|gg
|l|☆icezdom
|player|p1|
|l|☆shaw0-0wsp
|player|p2|
