|badge|p1|bronze|gen9ou|100-6
|html|<div class="broadcast-red"><strong>This battle is required to be public due to one or more player having a season medal.</strong><br />During the public phase, you can discuss the state of the ladder <a href="/seasondiscussion">in a special chatroom.</a></div>
|uhtml|medal-msg|<div class="broadcast-blue">Curious what those medals under the avatar are? PS now has Ladder Seasons! For more information, check out the <a href="https://www.smogon.com/forums/threads/3740067/">thread on Smogon.</a></div>
|badge|p2|bronze|gen9ou|100-6
|uhtml|medal-msg|<div class="broadcast-blue">Curious what those medals under the avatar are? PS now has Ladder Seasons! For more information, check out the <a href="https://www.smogon.com/forums/threads/3740067/">thread on Smogon.</a></div>
|raw|<div class="broadcast-blue"><strong>This battle is required to be public due to a player having a name starting with 'medal'.</div>
|j|☆Light SV
|j|☆MunchlaxTheGodKing
|t:|1758982262
|gametype|singles
|player|p1|Light SV|blue-gen7|1874
|player|p2|MunchlaxTheGodKing|furisodegirl-black|1881
|gen|9
|tier|[Gen 9] OU
|rated|
|rule|HP Percentage Mod: HP is shown in percentages
|rule|Endless Battle Clause: Forcing endless battles is banned
|rule|Species Clause: Limit one of each Pokémon
|rule|OHKO Clause: OHKO moves are banned
|rule|Evasion Items Clause: Evasion items are banned
|rule|Evasion Moves Clause: Evasion moves are banned
|rule|Evasion Abilities Clause: Evasion abilities are banned
|rule|Sleep Moves Clause: Sleep-inducing moves are banned
|clearpoke
|poke|p1|Raging Bolt|
|poke|p1|Meowscarada, M|
|poke|p1|Landorus-Therian, M|
|poke|p1|Kingambit, M|
|poke|p1|Iron Valiant|
|poke|p1|Dragonite, M|
|poke|p2|Zamazenta-*|
|poke|p2|Dragapult, F|
|poke|p2|Raging Bolt|
|poke|p2|Moltres|
|poke|p2|Iron Treads|
|poke|p2|Samurott-Hisui, F|
|teampreview
|inactive|Battle timer is ON: inactive players will automatically lose when time's up. (requested by Light SV)
|inactive|MunchlaxTheGodKing also wants the timer to be on.
|j| cynasaurus
|j| LT124YH Ghoul
|j| dsvdv
|j| RedemptiveSketch
|
|t:|1758982283
|teamsize|p1|6
|teamsize|p2|6
|start
|switch|p1a: Meowscarada|Meowscarada, M|100/100
|switch|p2a: 24岁 喜欢发射孩子|Dragapult, F|100/100
|turn|1
|
|t:|1758982289
|switch|p2a: 踩踩背|Iron Treads|100/100
|move|p1a: Meowscarada|Knock Off|p2a: 踩踩背
|-start|p1a: Meowscarada|typechange|Dark|[from] ability: Protean
|-damage|p2a: 踩踩背|66/100
|-enditem|p2a: 踩踩背|Leftovers|[from] move: Knock Off|[of] p1a: Meowscarada
|
|upkeep
|turn|2
|
|t:|1758982292
|switch|p1a: Landorus|Landorus-Therian, M|100/100
|-ability|p1a: Landorus|Intimidate|boost
|-unboost|p2a: 踩踩背|atk|1
|move|p2a: 踩踩背|Knock Off|p1a: Landorus
|-damage|p1a: Landorus|84/100
|-damage|p2a: 踩踩背|50/100|[from] item: Rocky Helmet|[of] p1a: Landorus
|-enditem|p1a: Landorus|Rocky Helmet|[from] move: Knock Off|[of] p2a: 踩踩背
|
|upkeep
|turn|3
|
|t:|1758982299
|-end|p2a: 踩踩背|Quark Drive|[silent]
|switch|p2a: 脑袋尖尖的|Zamazenta|100/100
|-ability|p2a: 脑袋尖尖的|Dauntless Shield|boost
|-boost|p2a: 脑袋尖尖的|def|1
|move|p1a: Landorus|Stealth Rock|p2a: 脑袋尖尖的
|-sidestart|p2: MunchlaxTheGodKing|move: Stealth Rock
|
|upkeep
|turn|4
|
|t:|1758982303
|move|p2a: 脑袋尖尖的|Ice Fang|p1a: Landorus
|-supereffective|p1a: Landorus
|-damage|p1a: Landorus|0 fnt
|faint|p1a: Landorus
|-damage|p2a: 脑袋尖尖的|91/100|[from] item: Life Orb
|
|upkeep
|l| cynasaurus
|
|t:|1758982310
|switch|p1a: Meowscarada|Meowscarada, M|100/100
|turn|5
|
|t:|1758982319
|move|p1a: Meowscarada|Flower Trick|p2a: 脑袋尖尖的
|-start|p1a: Meowscarada|typechange|Grass|[from] ability: Protean
|-crit|p2a: 脑袋尖尖的
|-damage|p2a: 脑袋尖尖的|45/100
|move|p2a: 脑袋尖尖的|Psychic Fangs|p1a: Meowscarada
|-damage|p1a: Meowscarada|45/100
|-damage|p2a: 脑袋尖尖的|35/100|[from] item: Life Orb
|
|upkeep
|turn|6
|
|t:|1758982328
|switch|p2a: Moltres|Moltres|100/100
|move|p1a: Meowscarada|Flower Trick|p2a: Moltres
|-resisted|p2a: Moltres
|-crit|p2a: Moltres
|-damage|p2a: Moltres|89/100
|
|upkeep
|turn|7
|
|t:|1758982340
|switch|p1a: Raging Bolt|Raging Bolt|100/100
|-enditem|p1a: Raging Bolt|Booster Energy
|-activate|p1a: Raging Bolt|ability: Protosynthesis|[fromitem]
|-start|p1a: Raging Bolt|protosynthesisspa
|move|p2a: Moltres|Scorching Sands|p1a: Raging Bolt
|-supereffective|p1a: Raging Bolt
|-damage|p1a: Raging Bolt|52/100
|
|upkeep
|turn|8
|
|t:|1758982346
|switch|p2a: 踩踩背|Iron Treads|50/100
|-damage|p2a: 踩踩背|47/100|[from] Stealth Rock
|move|p1a: Raging Bolt|Dragon Pulse|p2a: 踩踩背
|-resisted|p2a: 踩踩背
|-damage|p2a: 踩踩背|18/100
|
|upkeep
|turn|9
|
|t:|1758982350
|move|p2a: 踩踩背|Rapid Spin|p1a: Raging Bolt
|-damage|p1a: Raging Bolt|41/100
|-boost|p2a: 踩踩背|spe|1
|-sideend|p2: MunchlaxTheGodKing|Stealth Rock|[from] move: Rapid Spin|[of] p2a: 踩踩背
|move|p1a: Raging Bolt|Dragon Pulse|p2a: 踩踩背
|-resisted|p2a: 踩踩背
|-damage|p2a: 踩踩背|0 fnt
|faint|p2a: 踩踩背
|-end|p2a: 踩踩背|Quark Drive|[silent]
|
|upkeep
|
|t:|1758982353
|switch|p2a: 24岁 喜欢发射孩子|Dragapult, F|100/100
|turn|10
|
|t:|1758982356
|move|p1a: Raging Bolt|Thunderclap|p2a: 24岁 喜欢发射孩子
|-resisted|p2a: 24岁 喜欢发射孩子
|-damage|p2a: 24岁 喜欢发射孩子|65/100
|move|p2a: 24岁 喜欢发射孩子|Shadow Ball|p1a: Raging Bolt
|-damage|p1a: Raging Bolt|0 fnt
|faint|p1a: Raging Bolt
|-end|p1a: Raging Bolt|Protosynthesis|[silent]
|
|upkeep
|
|t:|1758982372
|switch|p1a: Kingambit|Kingambit, M|100/100
|-activate|p1a: Kingambit|ability: Supreme Overlord
|-start|p1a: Kingambit|fallen2|[silent]
|turn|11
|
|t:|1758982376
|switch|p2a: Moltres|Moltres|89/100
|move|p1a: Kingambit|Swords Dance|p1a: Kingambit
|-boost|p1a: Kingambit|atk|2
|
|upkeep
|turn|12
|
|t:|1758982379
|move|p2a: Moltres|Flamethrower|p1a: Kingambit
|-supereffective|p1a: Kingambit
|-damage|p1a: Kingambit|10/100
|move|p1a: Kingambit|Kowtow Cleave|p2a: Moltres
|-damage|p2a: Moltres|0 fnt
|faint|p2a: Moltres
|
|-heal|p1a: Kingambit|16/100|[from] item: Leftovers
|upkeep
|
|t:|1758982384
|switch|p2a: 长脖奶龙|Raging Bolt|100/100
|turn|13
|
|t:|1758982388
|-terastallize|p2a: 长脖奶龙|Fairy
|move|p1a: Kingambit|Sucker Punch|p2a: 长脖奶龙
|-resisted|p2a: 长脖奶龙
|-damage|p2a: 长脖奶龙|58/100
|move|p2a: 长脖奶龙|Volt Switch|p1a: Kingambit
|-damage|p1a: Kingambit|0 fnt
|faint|p1a: Kingambit
|-end|p1a: Kingambit|fallen2|[silent]
|
|t:|1758982394
|-end|p2a: 长脖奶龙|Protosynthesis|[silent]
|switch|p2a: 脑袋尖尖的|Zamazenta|35/100|[from] Volt Switch
|
|upkeep
|
|t:|1758982408
|switch|p1a: Meowscarada|Meowscarada, M|45/100
|turn|14
|
|t:|1758982413
|move|p1a: Meowscarada|Flower Trick|p2a: 脑袋尖尖的
|-start|p1a: Meowscarada|typechange|Grass|[from] ability: Protean
|-crit|p2a: 脑袋尖尖的
|-damage|p2a: 脑袋尖尖的|0 fnt
|faint|p2a: 脑袋尖尖的
|
|upkeep
|
|t:|1758982416
|switch|p2a: 长脖奶龙|Raging Bolt, tera:Fairy|58/100
|turn|15
|
|t:|1758982419
|move|p1a: Meowscarada|Flower Trick|p2a: 长脖奶龙
|-crit|p2a: 长脖奶龙
|-damage|p2a: 长脖奶龙|13/100
|move|p2a: 长脖奶龙|Thunderbolt|p1a: Meowscarada
|-resisted|p1a: Meowscarada
|-damage|p1a: Meowscarada|0 fnt
|faint|p1a: Meowscarada
|
|upkeep
|
|t:|1758982425
|switch|p1a: Iron Valiant|Iron Valiant|100/100
|-enditem|p1a: Iron Valiant|Booster Energy
|-activate|p1a: Iron Valiant|ability: Quark Drive|[fromitem]
|-start|p1a: Iron Valiant|quarkdrivespe
|turn|16
|
|t:|1758982446
|move|p2a: 长脖奶龙|Thunderclap|p1a: Iron Valiant
|-damage|p1a: Iron Valiant|25/100
|move|p1a: Iron Valiant|Moonblast|p2a: 长脖奶龙
|-damage|p2a: 长脖奶龙|0 fnt
|faint|p2a: 长脖奶龙
|-end|p2a: 长脖奶龙|Protosynthesis|[silent]
|
|upkeep
|
|t:|1758982448
|switch|p2a: 90%≠don't blunder|Samurott-Hisui, F|100/100
|turn|17
|
|t:|1758982450
|move|p2a: 90%≠don't blunder|Aqua Jet|p1a: Iron Valiant
|-damage|p1a: Iron Valiant|0 fnt
|faint|p1a: Iron Valiant
|-end|p1a: Iron Valiant|Quark Drive|[silent]
|
|upkeep
|
|t:|1758982453
|switch|p1a: Dragonite|Dragonite, M|100/100
|turn|18
|
|t:|1758982469
|move|p2a: 90%≠don't blunder|Aqua Jet|p1a: Dragonite
|-resisted|p1a: Dragonite
|-damage|p1a: Dragonite|93/100
|move|p1a: Dragonite|Dragon Dance|p1a: Dragonite
|-boost|p1a: Dragonite|atk|1
|-boost|p1a: Dragonite|spe|1
|
|upkeep
|turn|19
|
|t:|1758982472
|switch|p2a: 24岁 喜欢发射孩子|Dragapult, F|65/100
|move|p1a: Dragonite|Dragon Dance|p1a: Dragonite
|-boost|p1a: Dragonite|atk|1
|-boost|p1a: Dragonite|spe|1
|
|upkeep
|turn|20
|
|t:|1758982481
|move|p1a: Dragonite|Earthquake|p2a: 24岁 喜欢发射孩子
|-damage|p2a: 24岁 喜欢发射孩子|0 fnt
|faint|p2a: 24岁 喜欢发射孩子
|
|upkeep
|
|t:|1758982496
|switch|p2a: 90%≠don't blunder|Samurott-Hisui, F|100/100
|turn|21
|c| RedemptiveSketch|epic light moment
|j| Honourial
|
|t:|1758982521
|-terastallize|p1a: Dragonite|Flying
|move|p1a: Dragonite|Tera Blast|p2a: 90%≠don't blunder|[anim] Tera Blast Flying
|-damage|p2a: 90%≠don't blunder|0 fnt
|faint|p2a: 90%≠don't blunder
|
|win|Light SV
|raw|Light SV's rating: 1874 &rarr; <strong>1894</strong><br />(+20 for winning)
|raw|MunchlaxTheGodKing's rating: 1881 &rarr; <strong>1861</strong><br />(-20 for losing)
|l| RedemptiveSketch
|l|☆Light SV
|player|p1|
|l| dsvdv
|l| Honourial
|l|☆MunchlaxTheGodKing
|player|p2|
|l| LT124YH Ghoul
