|j|☆I will eat another
|j|☆mckevindugrau
|t:|1758980536
|gametype|singles
|player|p1|I will eat another|plasmagrunt|1321
|player|p2|mckevindugrau|norman|1294
|gen|9
|tier|[Gen 9] OU
|rated|
|rule|HP Percentage Mod: HP is shown in percentages
|rule|Endless Battle Clause: Forcing endless battles is banned
|rule|Species Clause: Limit one of each Pokémon
|rule|OHKO Clause: OHKO moves are banned
|rule|Evasion Items Clause: Evasion items are banned
|rule|Evasion Moves Clause: Evasion moves are banned
|rule|Evasion Abilities Clause: Evasion abilities are banned
|rule|Sleep Moves Clause: Sleep-inducing moves are banned
|clearpoke
|poke|p1|Breloom, M|
|poke|p1|Swinub, F|
|poke|p1|Iron Crown|
|poke|p1|Glimmora, M|
|poke|p1|Talonflame, M|
|poke|p1|Greninja-*, M|
|poke|p2|Deoxys-Speed|
|poke|p2|Indeedee, M|
|poke|p2|Hawlucha, F|
|poke|p2|Iron Crown|
|poke|p2|Keldeo-Resolute|
|poke|p2|Cinderace, M|
|teampreview
|inactive|Battle timer is ON: inactive players will automatically lose when time's up. (requested by I will eat another)
|inactive|mckevindugrau also wants the timer to be on.
|
|t:|1758980546
|teamsize|p1|6
|teamsize|p2|6
|start
|switch|p1a: Lumiflora|Glimmora, M|100/100
|switch|p2a: Indeedee|Indeedee, M|100/100
|-fieldstart|move: Psychic Terrain|[from] ability: Psychic Surge|[of] p2a: Indeedee
|turn|1
|
|t:|1758980552
|-terastallize|p1a: Lumiflora|Dark
|move|p2a: Indeedee|Expanding Force|p1a: Lumiflora
|-immune|p1a: Lumiflora
|move|p1a: Lumiflora|Meteor Beam||[still]
|-prepare|p1a: Lumiflora|Meteor Beam
|-boost|p1a: Lumiflora|spa|1
|-enditem|p1a: Lumiflora|Power Herb
|-anim|p1a: Lumiflora|Meteor Beam|p2a: Indeedee|[miss]
|-miss|p1a: Lumiflora|p2a: Indeedee
|
|upkeep
|turn|2
|
|t:|1758980562
|move|p2a: Indeedee|Encore|p1a: Lumiflora
|-start|p1a: Lumiflora|Encore
|move|p1a: Lumiflora|Meteor Beam||[still]
|-prepare|p1a: Lumiflora|Meteor Beam
|-boost|p1a: Lumiflora|spa|1
|
|upkeep
|turn|3
|
|t:|1758980567
|switch|p2a: Iron Crown|Iron Crown|100/100
|-enditem|p2a: Iron Crown|Psychic Seed
|-boost|p2a: Iron Crown|spd|1|[from] item: Psychic Seed
|move|p1a: Lumiflora|Meteor Beam|p2a: Iron Crown|[from] lockedmove|[miss]
|-miss|p1a: Lumiflora|p2a: Iron Crown
|
|upkeep
|turn|4
|
|t:|1758980575
|move|p1a: Lumiflora|Meteor Beam||[still]
|-prepare|p1a: Lumiflora|Meteor Beam
|-boost|p1a: Lumiflora|spa|1
|move|p2a: Iron Crown|Agility|p2a: Iron Crown
|-boost|p2a: Iron Crown|spe|2
|
|-end|p1a: Lumiflora|Encore
|upkeep
|turn|5
|
|t:|1758980585
|move|p2a: Iron Crown|Calm Mind|p2a: Iron Crown
|-boost|p2a: Iron Crown|spa|1
|-boost|p2a: Iron Crown|spd|1
|move|p1a: Lumiflora|Meteor Beam|p2a: Iron Crown|[from] lockedmove
|-resisted|p2a: Iron Crown
|-damage|p2a: Iron Crown|66/100
|
|upkeep
|turn|6
|
|t:|1758980592
|-terastallize|p2a: Iron Crown|Fairy
|move|p2a: Iron Crown|Tera Blast|p1a: Lumiflora|[anim] Tera Blast Fairy
|-supereffective|p1a: Lumiflora
|-damage|p1a: Lumiflora|0 fnt
|faint|p1a: Lumiflora
|
|upkeep
|
|t:|1758980616
|switch|p1a: Fiaro|Talonflame, M|100/100
|turn|7
|
|t:|1758980618
|move|p2a: Iron Crown|Stored Power|p1a: Fiaro
|-damage|p1a: Fiaro|0 fnt
|faint|p1a: Fiaro
|
|upkeep
|
|t:|1758980625
|switch|p1a: Quiekel|Swinub, F|100/100
|turn|8
|
|t:|1758980627
|move|p2a: Iron Crown|Stored Power|p1a: Quiekel
|-enditem|p1a: Quiekel|Focus Sash
|-damage|p1a: Quiekel|1/100
|move|p1a: Quiekel|Endeavor|p2a: Iron Crown
|-damage|p2a: Iron Crown|1/100
|
|-fieldend|move: Psychic Terrain
|upkeep
|turn|9
|
|t:|1758980635
|move|p1a: Quiekel|Ice Shard|p2a: Iron Crown
|-damage|p2a: Iron Crown|0 fnt
|faint|p2a: Iron Crown
|-end|p2a: Iron Crown|Quark Drive|[silent]
|
|upkeep
|
|t:|1758980638
|switch|p2a: Indeedee|Indeedee, M|100/100
|-fieldstart|move: Psychic Terrain|[from] ability: Psychic Surge|[of] p2a: Indeedee
|turn|10
|
|t:|1758980643
|switch|p1a: Quajutsu|Greninja, M|100/100
|move|p2a: Indeedee|Dazzling Gleam|p1a: Quajutsu
|-supereffective|p1a: Quajutsu
|-damage|p1a: Quajutsu|19/100
|
|upkeep
|turn|11
|
|t:|1758980651
|switch|p2a: Keldeo|Keldeo-Resolute|100/100
|move|p1a: Quajutsu|Dark Pulse|p2a: Keldeo
|-start|p1a: Quajutsu|typechange|Dark|[from] ability: Protean
|-resisted|p2a: Keldeo
|-damage|p2a: Keldeo|70/100
|-ability|p2a: Keldeo|Justified|boost
|-boost|p2a: Keldeo|atk|1
|
|upkeep
|turn|12
|
|t:|1758980663
|switch|p1a: Quiekel|Swinub, F|1/100
|move|p2a: Keldeo|Flip Turn|p1a: Quiekel
|-supereffective|p1a: Quiekel
|-damage|p1a: Quiekel|0 fnt
|faint|p1a: Quiekel
|
|t:|1758980669
|switch|p2a: Pelé|Cinderace, M|100/100|[from] Flip Turn
|
|upkeep
|
|t:|1758980678
|switch|p1a: Quajutsu|Greninja, M|19/100
|turn|13
|
|t:|1758980682
|switch|p2a: Keldeo|Keldeo-Resolute|70/100
|move|p1a: Quajutsu|Surf|p2a: Keldeo
|-start|p1a: Quajutsu|typechange|Water|[from] ability: Protean
|-resisted|p2a: Keldeo
|-damage|p2a: Keldeo|38/100
|
|upkeep
|turn|14
|
|t:|1758980691
|move|p2a: Keldeo|Secret Sword|p1a: Quajutsu
|-damage|p1a: Quajutsu|0 fnt
|faint|p1a: Quajutsu
|
|upkeep
|
|t:|1758980697
|switch|p1a: Eisenkrone|Iron Crown|100/100
|-enditem|p1a: Eisenkrone|Booster Energy
|-activate|p1a: Eisenkrone|ability: Quark Drive|[fromitem]
|-start|p1a: Eisenkrone|quarkdrivespe
|turn|15
|
|t:|1758980702
|switch|p2a: Indeedee|Indeedee, M|100/100
|move|p1a: Eisenkrone|Psyshock|p2a: Indeedee
|-resisted|p2a: Indeedee
|-damage|p2a: Indeedee|46/100
|
|upkeep
|turn|16
|
|t:|1758980712
|switch|p2a: Keldeo|Keldeo-Resolute|38/100
|move|p1a: Eisenkrone|Calm Mind|p1a: Eisenkrone
|-boost|p1a: Eisenkrone|spa|1
|-boost|p1a: Eisenkrone|spd|1
|
|upkeep
|turn|17
|
|t:|1758980718
|move|p1a: Eisenkrone|Psyshock|p2a: Keldeo
|-supereffective|p2a: Keldeo
|-damage|p2a: Keldeo|0 fnt
|faint|p2a: Keldeo
|
|-fieldend|move: Psychic Terrain
|upkeep
|
|t:|1758980724
|switch|p2a: Pelé|Cinderace, M|100/100
|turn|18
|
|t:|1758980729
|move|p1a: Eisenkrone|Psyshock|p2a: Pelé
|-damage|p2a: Pelé|18/100
|move|p2a: Pelé|Pyro Ball|p1a: Eisenkrone
|-supereffective|p1a: Eisenkrone
|-damage|p1a: Eisenkrone|0 fnt
|faint|p1a: Eisenkrone
|-end|p1a: Eisenkrone|Quark Drive|[silent]
|
|upkeep
|
|t:|1758980735
|switch|p1a: Kapilz|Breloom, M|100/100
|turn|19
|
|t:|1758980739
|move|p1a: Kapilz|Mach Punch|p2a: Pelé
|-damage|p2a: Pelé|0 fnt
|faint|p2a: Pelé
|-damage|p1a: Kapilz|91/100|[from] item: Life Orb
|
|upkeep
|
|t:|1758980741
|switch|p2a: Indeedee|Indeedee, M|46/100
|-fieldstart|move: Psychic Terrain|[from] ability: Psychic Surge|[of] p2a: Indeedee
|turn|20
|
|t:|1758980748
|move|p2a: Indeedee|Encore|p1a: Kapilz
|-start|p1a: Kapilz|Encore
|move|p1a: Kapilz|Mach Punch|p2a: Indeedee
|-damage|p2a: Indeedee|0 fnt
|faint|p2a: Indeedee
|-damage|p1a: Kapilz|81/100|[from] item: Life Orb
|
|upkeep
|
|t:|1758980757
|switch|p2a: Trump|Deoxys-Speed|100/100
|-ability|p2a: Trump|Pressure
|turn|21
|
|t:|1758980761
|move|p1a: Kapilz|Mach Punch|p2a: Trump
|-activate|p2a: Trump|move: Psychic Terrain
|move|p2a: Trump|Psyshock|p1a: Kapilz
|-supereffective|p1a: Kapilz
|-damage|p1a: Kapilz|0 fnt
|faint|p1a: Kapilz
|
|win|mckevindugrau
|raw|I will eat another's rating: 1321 &rarr; <strong>1299</strong><br />(-22 for losing)
|raw|mckevindugrau's rating: 1294 &rarr; <strong>1321</strong><br />(+27 for winning)
|l|☆I will eat another
|player|p1|
|l|☆mckevindugrau
|player|p2|
