|j|☆RNG Savage
|j|☆Lezizieny
|t:|1759072225
|gametype|singles
|player|p1|RNG Savage|giovanni-gen3|1164
|player|p2|Lezizieny|169|1114
|gen|9
|tier|[Gen 9] OU
|rated|
|rule|HP Percentage Mod: HP is shown in percentages
|rule|Endless Battle Clause: Forcing endless battles is banned
|rule|Species Clause: Limit one of each Pokémon
|rule|OHKO Clause: OHKO moves are banned
|rule|Evasion Items Clause: Evasion items are banned
|rule|Evasion Moves Clause: Evasion moves are banned
|rule|Evasion Abilities Clause: Evasion abilities are banned
|rule|Sleep Moves Clause: Sleep-inducing moves are banned
|clearpoke
|poke|p1|Cacturne, M|
|poke|p1|Skarmory, M|
|poke|p1|Latias, F|
|poke|p1|Latios, M|
|poke|p1|Ursaluna, M|
|poke|p1|Dragonite, M|
|poke|p2|Garganacl, F|
|poke|p2|Azumarill, F|
|poke|p2|Typhlosion-Hisui, F|
|poke|p2|Slowking-Galar, F|
|poke|p2|Corviknight, F|
|poke|p2|Rhyperior, M|
|teampreview
|j| venomania
|
|t:|1759072249
|teamsize|p1|6
|teamsize|p2|6
|start
|switch|p1a: Cacturne|Cacturne, M|100/100
|switch|p2a: Garganacl|Garganacl, F|100/100
|turn|1
|
|t:|1759072261
|move|p1a: Cacturne|Knock Off|p2a: Garganacl
|-damage|p2a: Garganacl|75/100
|-enditem|p2a: Garganacl|Leftovers|[from] move: Knock Off|[of] p1a: Cacturne
|move|p2a: Garganacl|Stealth Rock|p1a: Cacturne
|-sidestart|p1: RNG Savage|move: Stealth Rock
|
|upkeep
|turn|2
|
|t:|1759072268
|switch|p2a: Corviknight|Corviknight, F|100/100
|-ability|p2a: Corviknight|Pressure
|move|p1a: Cacturne|Giga Drain|p2a: Corviknight
|-resisted|p2a: Corviknight
|-damage|p2a: Corviknight|91/100
|
|upkeep
|turn|3
|
|t:|1759072274
|move|p1a: Cacturne|Knock Off|p2a: Corviknight
|-damage|p2a: Corviknight|66/100
|-damage|p1a: Cacturne|84/100|[from] item: Rocky Helmet|[of] p2a: Corviknight
|-enditem|p2a: Corviknight|Rocky Helmet|[from] move: Knock Off|[of] p1a: Cacturne
|move|p2a: Corviknight|U-turn|p1a: Cacturne
|-supereffective|p1a: Cacturne
|-damage|p1a: Cacturne|0 fnt
|faint|p1a: Cacturne
|
|t:|1759072281
|switch|p2a: Typhlosion|Typhlosion-Hisui, F|100/100|[from] U-turn
|
|upkeep
|
|t:|1759072288
|switch|p1a: Dragonite|Dragonite, M|100/100
|turn|4
|
|t:|1759072293
|move|p2a: Typhlosion|Curse|p1a: Dragonite
|-start|p1a: Dragonite|Curse|[of] p2a: Typhlosion
|-damage|p2a: Typhlosion|51/100
|move|p1a: Dragonite|Dragon Dance|p1a: Dragonite
|-boost|p1a: Dragonite|atk|1
|-boost|p1a: Dragonite|spe|1
|
|-damage|p1a: Dragonite|76/100|[from] Curse
|upkeep
|turn|5
|
|t:|1759072307
|switch|p2a: Corviknight|Corviknight, F|66/100
|-ability|p2a: Corviknight|Pressure
|move|p1a: Dragonite|Rock Slide|p2a: Corviknight
|-damage|p2a: Corviknight|38/100
|
|-damage|p1a: Dragonite|51/100|[from] Curse
|upkeep
|turn|6
|
|t:|1759072317
|move|p1a: Dragonite|Rock Slide|p2a: Corviknight
|-damage|p2a: Corviknight|13/100
|move|p2a: Corviknight|Roost|p2a: Corviknight
|-heal|p2a: Corviknight|63/100
|-singleturn|p2a: Corviknight|move: Roost
|
|-damage|p1a: Dragonite|26/100|[from] Curse
|upkeep
|turn|7
|
|t:|1759072324
|move|p1a: Dragonite|Rock Slide|p2a: Corviknight
|-damage|p2a: Corviknight|38/100
|cant|p2a: Corviknight|flinch
|
|-damage|p1a: Dragonite|1/100|[from] Curse
|upkeep
|turn|8
|
|t:|1759072334
|switch|p2a: Rhyperior|Rhyperior, M|100/100
|move|p1a: Dragonite|Rock Slide|p2a: Rhyperior
|-resisted|p2a: Rhyperior
|-damage|p2a: Rhyperior|88/100
|
|-heal|p2a: Rhyperior|94/100|[from] item: Leftovers
|-damage|p1a: Dragonite|0 fnt|[from] Curse
|faint|p1a: Dragonite
|upkeep
|
|t:|1759072340
|switch|p1a: Skarmory|Skarmory, M, shiny|100/100
|-damage|p1a: Skarmory|88/100|[from] Stealth Rock
|turn|9
|
|t:|1759072347
|move|p1a: Skarmory|Stealth Rock|p2a: Rhyperior
|-sidestart|p2: Lezizieny|move: Stealth Rock
|move|p2a: Rhyperior|Substitute|p2a: Rhyperior
|-start|p2a: Rhyperior|Substitute
|-damage|p2a: Rhyperior|69/100
|
|-heal|p2a: Rhyperior|75/100|[from] item: Leftovers
|upkeep
|turn|10
|
|t:|1759072352
|move|p1a: Skarmory|Taunt|p2a: Rhyperior
|-start|p2a: Rhyperior|move: Taunt
|cant|p2a: Rhyperior|move: Taunt|Swords Dance
|
|-heal|p2a: Rhyperior|81/100|[from] item: Leftovers
|upkeep
|turn|11
|
|t:|1759072358
|move|p1a: Skarmory|Spikes|p2a: Rhyperior
|-sidestart|p2: Lezizieny|Spikes
|move|p2a: Rhyperior|Rock Slide|p1a: Skarmory
|-crit|p1a: Skarmory
|-damage|p1a: Skarmory|40/100
|
|-heal|p2a: Rhyperior|88/100|[from] item: Leftovers
|upkeep
|turn|12
|
|t:|1759072366
|move|p1a: Skarmory|Spikes|p2a: Rhyperior
|-sidestart|p2: Lezizieny|Spikes
|move|p2a: Rhyperior|Rock Slide|p1a: Skarmory
|-damage|p1a: Skarmory|7/100
|
|-heal|p2a: Rhyperior|94/100|[from] item: Leftovers
|-end|p2a: Rhyperior|move: Taunt
|upkeep
|turn|13
|
|t:|1759072376
|move|p1a: Skarmory|Taunt|p2a: Rhyperior
|-start|p2a: Rhyperior|move: Taunt
|cant|p2a: Rhyperior|move: Taunt|Swords Dance
|
|-heal|p2a: Rhyperior|99/100|[from] item: Leftovers
|upkeep
|turn|14
|
|t:|1759072378
|move|p1a: Skarmory|Roost|p1a: Skarmory
|-heal|p1a: Skarmory|57/100
|-singleturn|p1a: Skarmory|move: Roost
|move|p2a: Rhyperior|Earthquake|p1a: Skarmory
|-supereffective|p1a: Skarmory
|-damage|p1a: Skarmory|0 fnt
|faint|p1a: Skarmory
|
|-heal|p2a: Rhyperior|100/100|[from] item: Leftovers
|upkeep
|
|t:|1759072392
|switch|p1a: Latias|Latias, F|100/100
|-damage|p1a: Latias|88/100|[from] Stealth Rock
|turn|15
|
|t:|1759072398
|move|p1a: Latias|Mist Ball|p2a: Rhyperior
|-end|p2a: Rhyperior|Substitute
|move|p2a: Rhyperior|Rock Slide|p1a: Latias
|-damage|p1a: Latias|40/100
|
|-end|p2a: Rhyperior|move: Taunt
|upkeep
|turn|16
|
|t:|1759072408
|move|p1a: Latias|Mist Ball|p2a: Rhyperior
|-damage|p2a: Rhyperior|2/100
|move|p2a: Rhyperior|Rock Slide|p1a: Latias|[miss]
|-miss|p2a: Rhyperior|p1a: Latias
|
|-heal|p2a: Rhyperior|8/100|[from] item: Leftovers
|upkeep
|turn|17
|
|t:|1759072414
|move|p1a: Latias|Mist Ball|p2a: Rhyperior
|-damage|p2a: Rhyperior|0 fnt
|faint|p2a: Rhyperior
|
|upkeep
|
|t:|1759072426
|switch|p2a: Garganacl|Garganacl, F|75/100
|-damage|p2a: Garganacl|63/100|[from] Stealth Rock
|-damage|p2a: Garganacl|46/100|[from] Spikes
|turn|18
|
|t:|1759072429
|move|p1a: Latias|Mist Ball|p2a: Garganacl
|-damage|p2a: Garganacl|0 fnt
|faint|p2a: Garganacl
|
|upkeep
|
|t:|1759072434
|switch|p2a: Azumarill|Azumarill, F|100/100
|-damage|p2a: Azumarill|88/100|[from] Stealth Rock
|-damage|p2a: Azumarill|72/100|[from] Spikes
|turn|19
|
|t:|1759072439
|move|p1a: Latias|Mist Ball|p2a: Azumarill
|-damage|p2a: Azumarill|0 fnt
|faint|p2a: Azumarill
|
|upkeep
|inactive|Battle timer is ON: inactive players will automatically lose when time's up. (requested by RNG Savage)
|c|☆Lezizieny|Its not a dragon moove
|
|t:|1759072464
|switch|p2a: Typhlosion|Typhlosion-Hisui, F|51/100
|-damage|p2a: Typhlosion|26/100|[from] Stealth Rock
|-damage|p2a: Typhlosion|10/100|[from] Spikes
|-item|p1a: Latias|Choice Specs|[from] ability: Frisk|[of] p2a: Typhlosion
|turn|20
|
|t:|1759072469
|move|p2a: Typhlosion|Shadow Ball|p1a: Latias
|-supereffective|p1a: Latias
|-damage|p1a: Latias|0 fnt
|faint|p1a: Latias
|
|upkeep
|
|t:|1759072475
|switch|p1a: Ursaluna|Ursaluna, M, shiny|100/100
|-damage|p1a: Ursaluna|94/100|[from] Stealth Rock
|turn|21
|
|t:|1759072482
|switch|p2a: Corviknight|Corviknight, F|38/100
|-damage|p2a: Corviknight|26/100|[from] Stealth Rock
|-ability|p2a: Corviknight|Pressure
|move|p1a: Ursaluna|Facade|p2a: Corviknight
|-resisted|p2a: Corviknight
|-crit|p2a: Corviknight
|-damage|p2a: Corviknight|6/100
|
|-status|p1a: Ursaluna|brn|[from] item: Flame Orb
|upkeep
|turn|22
|
|t:|1759072496
|move|p2a: Corviknight|Defog|p1a: Ursaluna
|-unboost|p1a: Ursaluna|evasion|1
|-sideend|p1: RNG Savage|Stealth Rock|[from] move: Defog|[of] p2a: Corviknight
|-sideend|p2: Lezizieny|Spikes|[from] move: Defog|[of] p2a: Corviknight
|-sideend|p2: Lezizieny|Stealth Rock|[from] move: Defog|[of] p2a: Corviknight
|move|p1a: Ursaluna|Headlong Rush|p2a: Corviknight
|-immune|p2a: Corviknight
|
|-damage|p1a: Ursaluna|88/100 brn|[from] brn
|upkeep
|turn|23
|
|t:|1759072506
|move|p2a: Corviknight|Body Press|p1a: Ursaluna
|-supereffective|p1a: Ursaluna
|-damage|p1a: Ursaluna|53/100 brn
|move|p1a: Ursaluna|Fire Punch|p2a: Corviknight
|-supereffective|p2a: Corviknight
|-damage|p2a: Corviknight|0 fnt
|faint|p2a: Corviknight
|
|-damage|p1a: Ursaluna|47/100 brn|[from] brn
|upkeep
|
|t:|1759072515
|switch|p2a: Typhlosion|Typhlosion-Hisui, F|10/100
|-item|p1a: Ursaluna|Flame Orb|[from] ability: Frisk|[of] p2a: Typhlosion
|turn|24
|
|t:|1759072538
|move|p1a: Ursaluna|Protect|p1a: Ursaluna
|-singleturn|p1a: Ursaluna|Protect
|move|p2a: Typhlosion|Curse|p1a: Ursaluna
|-start|p1a: Ursaluna|Curse|[of] p2a: Typhlosion
|-damage|p2a: Typhlosion|0 fnt
|faint|p2a: Typhlosion
|
|-damage|p1a: Ursaluna|41/100 brn|[from] brn
|-damage|p1a: Ursaluna|16/100 brn|[from] Curse
|upkeep
|
|t:|1759072545
|switch|p2a: Slowking|Slowking-Galar, F|100/100
|turn|25
|
|t:|1759072549
|move|p1a: Ursaluna|Headlong Rush|p2a: Slowking
|-supereffective|p2a: Slowking
|-damage|p2a: Slowking|0 fnt
|-unboost|p1a: Ursaluna|def|1
|-unboost|p1a: Ursaluna|spd|1
|faint|p2a: Slowking
|
|win|RNG Savage
|raw|RNG Savage's rating: 1164 &rarr; <strong>1185</strong><br />(+21 for winning)
|raw|Lezizieny's rating: 1114 &rarr; <strong>1093</strong><br />(-21 for losing)
|l|☆RNG Savage
|player|p1|
|l| venomania
|l|☆Lezizieny
|player|p2|
