|j|☆nglimfaded
|j|☆ik at all
|t:|1759048008
|gametype|singles
|player|p1|nglimfaded|miku-grass|1463
|player|p2|ik at all|ingo|1396
|gen|9
|tier|[Gen 9] OU
|rated|
|rule|HP Percentage Mod: HP is shown in percentages
|rule|Endless Battle Clause: Forcing endless battles is banned
|rule|Species Clause: Limit one of each Pokémon
|rule|OHKO Clause: OHKO moves are banned
|rule|Evasion Items Clause: Evasion items are banned
|rule|Evasion Moves Clause: Evasion moves are banned
|rule|Evasion Abilities Clause: Evasion abilities are banned
|rule|Sleep Moves Clause: Sleep-inducing moves are banned
|clearpoke
|poke|p1|Samurott-Hisui, F|
|poke|p1|Latios, M|
|poke|p1|Great Tusk|
|poke|p1|Heatran, M|
|poke|p1|Pecharunt|
|poke|p1|Zamazenta-*|
|poke|p2|Volcanion|
|poke|p2|Great Tusk|
|poke|p2|Tornadus-Therian, M|
|poke|p2|Brambleghast, M|
|poke|p2|Rillaboom, F|
|poke|p2|Tinkaton, F|
|teampreview
|inactive|Battle timer is ON: inactive players will automatically lose when time's up. (requested by ik at all)
|
|t:|1759048035
|teamsize|p1|6
|teamsize|p2|6
|start
|switch|p1a: Great Tusk|Great Tusk|100/100
|switch|p2a: Brambleghast|Brambleghast, M, shiny|100/100
|turn|1
|
|t:|1759048042
|-end|p1a: Great Tusk|Protosynthesis|[silent]
|switch|p1a: Heatran|Heatran, M|100/100
|move|p2a: Brambleghast|Power Whip|p1a: Heatran|[miss]
|-miss|p2a: Brambleghast|p1a: Heatran
|
|upkeep
|turn|2
|
|t:|1759048059
|switch|p2a: Volcanion|Volcanion|100/100
|move|p1a: Heatran|Stealth Rock|p2a: Volcanion
|-sidestart|p2: ik at all|move: Stealth Rock
|
|upkeep
|turn|3
|
|t:|1759048071
|switch|p1a: Samurott|Samurott-Hisui, F|100/100
|move|p2a: Volcanion|Steam Eruption|p1a: Samurott
|-resisted|p1a: Samurott
|-damage|p1a: Samurott|65/100
|-status|p1a: Samurott|brn
|
|-damage|p1a: Samurott|59/100 brn|[from] brn
|upkeep
|turn|4
|
|t:|1759048089
|switch|p2a: Great Tusk|Great Tusk|100/100
|-damage|p2a: Great Tusk|98/100|[from] Stealth Rock
|move|p1a: Samurott|Knock Off|p2a: Great Tusk
|-resisted|p2a: Great Tusk
|-damage|p2a: Great Tusk|89/100
|-damage|p1a: Samurott|43/100 brn|[from] item: Rocky Helmet|[of] p2a: Great Tusk
|-enditem|p2a: Great Tusk|Rocky Helmet|[from] move: Knock Off|[of] p1a: Samurott
|
|-damage|p1a: Samurott|37/100 brn|[from] brn
|upkeep
|turn|5
|
|t:|1759048094
|move|p2a: Great Tusk|Rapid Spin|p1a: Samurott
|-damage|p1a: Samurott|17/100 brn
|-boost|p2a: Great Tusk|spe|1
|-sideend|p2: ik at all|Stealth Rock|[from] move: Rapid Spin|[of] p2a: Great Tusk
|move|p1a: Samurott|Surf|p2a: Great Tusk
|-supereffective|p2a: Great Tusk
|-damage|p2a: Great Tusk|0 fnt
|faint|p2a: Great Tusk
|-end|p2a: Great Tusk|Protosynthesis|[silent]
|
|-damage|p1a: Samurott|10/100 brn|[from] brn
|upkeep
|c|☆ik at all|surf?
|c|☆nglimfaded|CTC tech
|inactive|ik at all has 120 seconds left.
|inactive|ik at all has 90 seconds left.
|
|t:|1759048162
|switch|p2a: Rillaboom|Rillaboom, F|100/100
|-fieldstart|move: Grassy Terrain|[from] ability: Grassy Surge|[of] p2a: Rillaboom
|turn|6
|
|t:|1759048167
|switch|p1a: Pecharunt|Pecharunt|100/100
|move|p2a: Rillaboom|Grassy Glide|p1a: Pecharunt
|-resisted|p1a: Pecharunt
|-damage|p1a: Pecharunt|83/100
|
|-heal|p1a: Pecharunt|89/100|[from] Grassy Terrain
|upkeep
|turn|7
|
|t:|1759048178
|switch|p2a: Tinkaton|Tinkaton, F|100/100
|-item|p2a: Tinkaton|Air Balloon
|move|p1a: Pecharunt|Parting Shot|p2a: Tinkaton
|-unboost|p2a: Tinkaton|atk|1
|-unboost|p2a: Tinkaton|spa|1
|
|t:|1759048188
|switch|p1a: Heatran|Heatran, M|100/100|[from] Parting Shot
|
|upkeep
|turn|8
|
|t:|1759048201
|move|p2a: Tinkaton|Knock Off|p1a: Heatran
|-damage|p1a: Heatran|90/100
|-enditem|p1a: Heatran|Leftovers|[from] move: Knock Off|[of] p2a: Tinkaton
|move|p1a: Heatran|Magma Storm|p2a: Tinkaton
|-supereffective|p2a: Tinkaton
|-damage|p2a: Tinkaton|29/100
|-activate|p2a: Tinkaton|move: Magma Storm|[of] p1a: Heatran
|-enditem|p2a: Tinkaton|Air Balloon
|
|-heal|p2a: Tinkaton|36/100|[from] Grassy Terrain
|-heal|p1a: Heatran|96/100|[from] Grassy Terrain
|-damage|p2a: Tinkaton|23/100|[from] move: Magma Storm|[partiallytrapped]
|upkeep
|turn|9
|
|t:|1759048212
|move|p2a: Tinkaton|Encore|p1a: Heatran
|-start|p1a: Heatran|Encore
|move|p1a: Heatran|Magma Storm|p2a: Tinkaton|[miss]
|-miss|p1a: Heatran|p2a: Tinkaton
|
|-heal|p2a: Tinkaton|29/100|[from] Grassy Terrain
|-heal|p1a: Heatran|100/100|[from] Grassy Terrain
|-damage|p2a: Tinkaton|17/100|[from] move: Magma Storm|[partiallytrapped]
|upkeep
|turn|10
|
|t:|1759048225
|move|p2a: Tinkaton|Gigaton Hammer|p1a: Heatran
|-resisted|p1a: Heatran
|-damage|p1a: Heatran|94/100
|move|p1a: Heatran|Magma Storm|p2a: Tinkaton|[miss]
|-miss|p1a: Heatran|p2a: Tinkaton
|
|-heal|p2a: Tinkaton|23/100|[from] Grassy Terrain
|-heal|p1a: Heatran|100/100|[from] Grassy Terrain
|-damage|p2a: Tinkaton|11/100|[from] move: Magma Storm|[partiallytrapped]
|-fieldend|move: Grassy Terrain
|upkeep
|turn|11
|
|t:|1759048242
|move|p2a: Tinkaton|Knock Off|p1a: Heatran
|-damage|p1a: Heatran|94/100
|move|p1a: Heatran|Magma Storm|p2a: Tinkaton
|-supereffective|p2a: Tinkaton
|-damage|p2a: Tinkaton|0 fnt
|faint|p2a: Tinkaton
|
|-end|p1a: Heatran|Encore
|upkeep
|
|t:|1759048252
|switch|p2a: Volcanion|Volcanion|100/100
|turn|12
|
|t:|1759048261
|switch|p1a: Samurott|Samurott-Hisui, F|10/100 brn
|move|p2a: Volcanion|Steam Eruption|p1a: Samurott
|-resisted|p1a: Samurott
|-damage|p1a: Samurott|0 fnt
|faint|p1a: Samurott
|
|upkeep
|
|t:|1759048263
|switch|p1a: Latios|Latios, M|100/100
|turn|13
|
|t:|1759048279
|-terastallize|p1a: Latios|Dragon
|move|p1a: Latios|Draco Meteor|p2a: Volcanion
|-damage|p2a: Volcanion|0 fnt
|-unboost|p1a: Latios|spa|2
|faint|p2a: Volcanion
|
|upkeep
|
|t:|1759048298
|switch|p2a: Tornadus|Tornadus-Therian, M|100/100
|turn|14
|
|t:|1759048305
|switch|p1a: Heatran|Heatran, M|94/100
|move|p2a: Tornadus|Nasty Plot|p2a: Tornadus
|-boost|p2a: Tornadus|spa|2
|
|upkeep
|turn|15
|inactive|ik at all has 90 seconds left.
|
|t:|1759048330
|move|p2a: Tornadus|Bleakwind Storm|p1a: Heatran
|-resisted|p1a: Heatran
|-damage|p1a: Heatran|52/100
|-damage|p2a: Tornadus|91/100|[from] item: Life Orb
|move|p1a: Heatran|Magma Storm|p2a: Tornadus
|-damage|p2a: Tornadus|33/100
|-activate|p2a: Tornadus|move: Magma Storm|[of] p1a: Heatran
|
|-damage|p2a: Tornadus|20/100|[from] move: Magma Storm|[partiallytrapped]
|upkeep
|turn|16
|
|t:|1759048339
|move|p2a: Tornadus|Bleakwind Storm|p1a: Heatran|[miss]
|-miss|p2a: Tornadus|p1a: Heatran
|move|p1a: Heatran|Magma Storm|p2a: Tornadus|[miss]
|-miss|p1a: Heatran|p2a: Tornadus
|
|-damage|p2a: Tornadus|8/100|[from] move: Magma Storm|[partiallytrapped]
|upkeep
|turn|17
|
|t:|1759048343
|move|p2a: Tornadus|Bleakwind Storm|p1a: Heatran|[miss]
|-miss|p2a: Tornadus|p1a: Heatran
|move|p1a: Heatran|Stealth Rock|p2a: Tornadus
|-sidestart|p2: ik at all|move: Stealth Rock
|
|-damage|p2a: Tornadus|0 fnt|[from] move: Magma Storm|[partiallytrapped]
|faint|p2a: Tornadus
|upkeep
|
|t:|1759048349
|switch|p2a: Rillaboom|Rillaboom, F|100/100
|-damage|p2a: Rillaboom|88/100|[from] Stealth Rock
|-fieldstart|move: Grassy Terrain|[from] ability: Grassy Surge|[of] p2a: Rillaboom
|turn|18
|
|t:|1759048355
|move|p2a: Rillaboom|High Horsepower|p1a: Heatran
|-supereffective|p1a: Heatran
|-damage|p1a: Heatran|0 fnt
|faint|p1a: Heatran
|
|-heal|p2a: Rillaboom|94/100|[from] Grassy Terrain
|upkeep
|
|t:|1759048358
|switch|p1a: Latios|Latios, M, tera:Dragon|100/100
|turn|19
|
|t:|1759048362
|move|p1a: Latios|Draco Meteor|p2a: Rillaboom
|-damage|p2a: Rillaboom|0 fnt
|-unboost|p1a: Latios|spa|2
|faint|p2a: Rillaboom
|
|upkeep
|
|t:|1759048365
|switch|p2a: Brambleghast|Brambleghast, M, shiny|100/100
|-damage|p2a: Brambleghast|88/100|[from] Stealth Rock
|turn|20
|
|t:|1759048374
|move|p1a: Latios|Draco Meteor|p2a: Brambleghast
|-damage|p2a: Brambleghast|1/100
|-unboost|p1a: Latios|spa|2
|move|p2a: Brambleghast|Rapid Spin|p1a: Latios
|-damage|p1a: Latios|73/100
|-boost|p2a: Brambleghast|spe|1
|-sideend|p2: ik at all|Stealth Rock|[from] move: Rapid Spin|[of] p2a: Brambleghast
|-damage|p2a: Brambleghast|0 fnt|[from] item: Life Orb
|faint|p2a: Brambleghast
|
|win|nglimfaded
|raw|nglimfaded's rating: 1463 &rarr; <strong>1479</strong><br />(+16 for winning)
|raw|ik at all's rating: 1396 &rarr; <strong>1380</strong><br />(-16 for losing)
|c|☆nglimfaded|gg
|c|☆ik at all|gg
|l|☆ik at all
|player|p2|
