|j|☆FonHaver
|j|☆quefastidio
|t:|1758915321
|gametype|singles
|player|p1|FonHaver|fisherman-gen4|1286
|player|p2|quefastidio|169|1310
|gen|9
|tier|[Gen 9] OU
|rated|
|rule|HP Percentage Mod: HP is shown in percentages
|rule|Endless Battle Clause: Forcing endless battles is banned
|rule|Species Clause: Limit one of each Pokémon
|rule|OHKO Clause: OHKO moves are banned
|rule|Evasion Items Clause: Evasion items are banned
|rule|Evasion Moves Clause: Evasion moves are banned
|rule|Evasion Abilities Clause: Evasion abilities are banned
|rule|Sleep Moves Clause: Sleep-inducing moves are banned
|clearpoke
|poke|p1|Regidrago|
|poke|p1|Darkrai|
|poke|p1|Dragapult, M|
|poke|p1|Azumarill, M|
|poke|p1|Torterra, M|
|poke|p1|Kingambit, F|
|poke|p2|Meowscarada, M|
|poke|p2|Great Tusk|
|poke|p2|Pelipper, F|
|poke|p2|Jolteon, F|
|poke|p2|Basculegion-F, F|
|poke|p2|Mew|
|teampreview
|
|t:|1758915332
|teamsize|p1|6
|teamsize|p2|6
|start
|switch|p1a: Darkrai|Darkrai|100/100
|switch|p2a: Pelipper|Pelipper, F|100/100
|-weather|RainDance|[from] ability: Drizzle|[of] p2a: Pelipper
|turn|1
|
|t:|1758915344
|switch|p2a: Meowscarada|Meowscarada, M|100/100
|move|p1a: Darkrai|Trick|p2a: Meowscarada
|-activate|p1a: Darkrai|move: Trick|[of] p2a: Meowscarada
|-item|p2a: Meowscarada|Choice Scarf|[from] move: Trick
|-item|p1a: Darkrai|Expert Belt|[from] move: Trick
|
|-weather|RainDance|[upkeep]
|upkeep
|turn|2
|
|t:|1758915354
|move|p2a: Meowscarada|Play Rough|p1a: Darkrai
|-start|p2a: Meowscarada|typechange|Fairy|[from] ability: Protean
|-supereffective|p1a: Darkrai
|-damage|p1a: Darkrai|0 fnt
|faint|p1a: Darkrai
|
|-weather|RainDance|[upkeep]
|upkeep
|
|t:|1758915359
|switch|p1a: Azumarill|Azumarill, M|100/100
|turn|3
|
|t:|1758915382
|switch|p2a: Mew|Mew|100/100
|move|p1a: Azumarill|Belly Drum|p1a: Azumarill
|-damage|p1a: Azumarill|50/100
|-setboost|p1a: Azumarill|atk|6|[from] move: Belly Drum
|-enditem|p1a: Azumarill|Sitrus Berry|[eat]
|-heal|p1a: Azumarill|75/100|[from] item: Sitrus Berry
|
|-weather|RainDance|[upkeep]
|upkeep
|turn|4
|
|t:|1758915391
|move|p1a: Azumarill|Aqua Jet|p2a: Mew
|-damage|p2a: Mew|0 fnt
|faint|p2a: Mew
|
|-weather|RainDance|[upkeep]
|upkeep
|
|t:|1758915412
|switch|p2a: Jolteon|Jolteon, F|100/100
|turn|5
|
|t:|1758915419
|move|p1a: Azumarill|Aqua Jet|p2a: Jolteon
|-damage|p2a: Jolteon|0 fnt
|faint|p2a: Jolteon
|
|-weather|RainDance|[upkeep]
|upkeep
|
|t:|1758915430
|switch|p2a: Pelipper|Pelipper, F|100/100
|turn|6
|
|t:|1758915434
|-terastallize|p1a: Azumarill|Water
|move|p1a: Azumarill|Aqua Jet|p2a: Pelipper
|-resisted|p2a: Pelipper
|-damage|p2a: Pelipper|24/100
|move|p2a: Pelipper|Hurricane|p1a: Azumarill
|-damage|p1a: Azumarill|38/100
|
|-weather|RainDance|[upkeep]
|upkeep
|turn|7
|
|t:|1758915450
|switch|p2a: Meowscarada|Meowscarada, M|100/100
|move|p1a: Azumarill|Aqua Jet|p2a: Meowscarada
|-resisted|p2a: Meowscarada
|-damage|p2a: Meowscarada|0 fnt
|faint|p2a: Meowscarada
|
|-weather|RainDance|[upkeep]
|upkeep
|
|t:|1758915466
|switch|p2a: Basculegion|Basculegion-F, F|100/100
|turn|8
|
|t:|1758915479
|move|p1a: Azumarill|Aqua Jet|p2a: Basculegion
|-resisted|p2a: Basculegion
|-damage|p2a: Basculegion|0 fnt
|faint|p2a: Basculegion
|
|-weather|none
|upkeep
|
|t:|1758915489
|switch|p2a: Great Tusk|Great Tusk|100/100
|-enditem|p2a: Great Tusk|Booster Energy
|-activate|p2a: Great Tusk|ability: Protosynthesis|[fromitem]
|-start|p2a: Great Tusk|protosynthesisatk
|turn|9
|
|t:|1758915502
|-terastallize|p2a: Great Tusk|Fighting
|move|p1a: Azumarill|Aqua Jet|p2a: Great Tusk
|-damage|p2a: Great Tusk|0 fnt
|faint|p2a: Great Tusk
|-end|p2a: Great Tusk|Protosynthesis|[silent]
|
|upkeep
|
|t:|1758915508
|switch|p2a: Pelipper|Pelipper, F|24/100
|-weather|RainDance|[from] ability: Drizzle|[of] p2a: Pelipper
|turn|10
|
|t:|1758915514
|move|p1a: Azumarill|Aqua Jet|p2a: Pelipper
|-resisted|p2a: Pelipper
|-damage|p2a: Pelipper|0 fnt
|faint|p2a: Pelipper
|
|win|FonHaver
|raw|FonHaver's rating: 1286 &rarr; <strong>1313</strong><br />(+27 for winning)
|raw|quefastidio's rating: 1310 &rarr; <strong>1289</strong><br />(-21 for losing)
|l|☆quefastidio
|player|p2|
