|j|☆gigapoophater
|j|☆Yogogo123456
|t:|1758984539
|gametype|singles
|player|p1|gigapoophater|swimmer|1222
|player|p2|Yogogo123456|266|1153
|gen|9
|tier|[Gen 9] OU
|rated|
|rule|HP Percentage Mod: HP is shown in percentages
|rule|Endless Battle Clause: Forcing endless battles is banned
|rule|Species Clause: Limit one of each Pokémon
|rule|OHKO Clause: OHKO moves are banned
|rule|Evasion Items Clause: Evasion items are banned
|rule|Evasion Moves Clause: Evasion moves are banned
|rule|Evasion Abilities Clause: Evasion abilities are banned
|rule|Sleep Moves Clause: Sleep-inducing moves are banned
|clearpoke
|poke|p1|Iron Boulder|
|poke|p1|Skeledirge, F|
|poke|p1|Orthworm, M|
|poke|p1|Breloom, M|
|poke|p1|Milotic, M|
|poke|p1|Zebstrika, M|
|poke|p2|Blaziken, F|
|poke|p2|Hatterene, F|
|poke|p2|Jirachi|
|poke|p2|Quaquaval, F|
|poke|p2|Ting-Lu|
|poke|p2|Zapdos|
|teampreview
|inactive|Battle timer is ON: inactive players will automatically lose when time's up. (requested by gigapoophater)
|
|t:|1758984550
|teamsize|p1|6
|teamsize|p2|6
|start
|switch|p1a: Breloom|Breloom, M|100/100
|switch|p2a: Quaquaval|Quaquaval, F|100/100
|turn|1
|
|t:|1758984557
|move|p2a: Quaquaval|Aqua Step|p1a: Breloom
|-resisted|p1a: Breloom
|-damage|p1a: Breloom|68/100
|-boost|p2a: Quaquaval|spe|1
|move|p1a: Breloom|Bullet Seed|p2a: Quaquaval
|-supereffective|p2a: Quaquaval
|-damage|p2a: Quaquaval|49/100
|-supereffective|p2a: Quaquaval
|-damage|p2a: Quaquaval|0 fnt
|faint|p2a: Quaquaval
|-hitcount|p2: Quaquaval|2
|
|upkeep
|
|t:|1758984564
|switch|p2a: Zapdos|Zapdos|100/100
|turn|2
|
|t:|1758984581
|switch|p1a: Zebstrika|Zebstrika, M|100/100
|move|p2a: Zapdos|Volt Switch|p1a: Zebstrika
|-resisted|p1a: Zebstrika
|-damage|p1a: Zebstrika|75/100
|
|t:|1758984587
|switch|p2a: Ting-Lu|Ting-Lu|100/100|[from] Volt Switch
|-ability|p2a: Ting-Lu|Vessel of Ruin
|
|upkeep
|turn|3
|
|t:|1758984596
|switch|p1a: Orthworm|Orthworm, M|100/100
|move|p2a: Ting-Lu|Stealth Rock|p1a: Orthworm
|-sidestart|p1: gigapoophater|move: Stealth Rock
|
|upkeep
|turn|4
|
|t:|1758984604
|move|p1a: Orthworm|Coil|p1a: Orthworm
|-boost|p1a: Orthworm|atk|1
|-boost|p1a: Orthworm|def|1
|-boost|p1a: Orthworm|accuracy|1
|move|p2a: Ting-Lu|Whirlwind|p1a: Orthworm
|drag|p1a: Breloom|Breloom, M|68/100
|-damage|p1a: Breloom|62/100|[from] Stealth Rock
|
|upkeep
|turn|5
|
|t:|1758984610
|move|p1a: Breloom|Bullet Seed|p2a: Ting-Lu
|-supereffective|p2a: Ting-Lu
|-damage|p2a: Ting-Lu|81/100
|-supereffective|p2a: Ting-Lu
|-damage|p2a: Ting-Lu|62/100
|-hitcount|p2a: Ting-Lu|2
|move|p2a: Ting-Lu|Whirlwind|p1a: Breloom
|drag|p1a: Orthworm|Orthworm, M|100/100
|-damage|p1a: Orthworm|94/100|[from] Stealth Rock
|
|-heal|p2a: Ting-Lu|69/100|[from] item: Leftovers
|upkeep
|turn|6
|
|t:|1758984621
|move|p1a: Orthworm|Body Press|p2a: Ting-Lu
|-supereffective|p2a: Ting-Lu
|-damage|p2a: Ting-Lu|40/100
|move|p2a: Ting-Lu|Spikes|p1a: Orthworm
|-sidestart|p1: gigapoophater|Spikes
|
|-heal|p2a: Ting-Lu|46/100|[from] item: Leftovers
|upkeep
|turn|7
|
|t:|1758984630
|move|p1a: Orthworm|Body Press|p2a: Ting-Lu
|-supereffective|p2a: Ting-Lu
|-damage|p2a: Ting-Lu|14/100
|move|p2a: Ting-Lu|Whirlwind|p1a: Orthworm
|drag|p1a: Milotic|Milotic, M|100/100
|-damage|p1a: Milotic|88/100|[from] Stealth Rock
|-damage|p1a: Milotic|76/100|[from] Spikes
|
|-heal|p2a: Ting-Lu|20/100|[from] item: Leftovers
|upkeep
|turn|8
|inactive|Yogogo123456 has 120 seconds left.
|
|t:|1758984662
|move|p1a: Milotic|Draining Kiss|p2a: Ting-Lu
|-supereffective|p2a: Ting-Lu
|-damage|p2a: Ting-Lu|0 fnt
|-heal|p1a: Milotic|95/100|[from] drain|[of] p2a: Ting-Lu
|faint|p2a: Ting-Lu
|
|upkeep
|inactive|Yogogo123456 has 120 seconds left.
|
|t:|1758984667
|switch|p2a: Zapdos|Zapdos|100/100
|turn|9
|inactive|Yogogo123456 has 120 seconds left.
|
|t:|1758984706
|-terastallize|p1a: Milotic|Fairy
|move|p2a: Zapdos|Thunderbolt|p1a: Milotic
|-damage|p1a: Milotic|70/100
|-status|p1a: Milotic|par
|cant|p1a: Milotic|par
|
|upkeep
|turn|10
|
|t:|1758984715
|move|p2a: Zapdos|Volt Switch|p1a: Milotic
|-damage|p1a: Milotic|50/100 par
|
|t:|1758984724
|switch|p2a: Hatterene|Hatterene, F|100/100|[from] Volt Switch
|move|p1a: Milotic|Draining Kiss|p2a: Hatterene
|-damage|p2a: Hatterene|53/100
|-heal|p1a: Milotic|79/100 par|[from] drain|[of] p2a: Hatterene
|
|-heal|p2a: Hatterene|59/100|[from] item: Leftovers
|upkeep
|turn|11
|
|t:|1758984728
|move|p1a: Milotic|Draining Kiss|p2a: Hatterene
|-damage|p2a: Hatterene|10/100
|-heal|p1a: Milotic|100/100 par|[from] drain|[of] p2a: Hatterene
|move|p2a: Hatterene|Calm Mind|p2a: Hatterene
|-boost|p2a: Hatterene|spa|1
|-boost|p2a: Hatterene|spd|1
|
|-heal|p2a: Hatterene|16/100|[from] item: Leftovers
|upkeep
|turn|12
|
|t:|1758984734
|cant|p1a: Milotic|par
|move|p2a: Hatterene|Draining Kiss|p1a: Milotic
|-damage|p1a: Milotic|75/100 par
|-heal|p2a: Hatterene|39/100|[from] drain|[of] p1a: Milotic
|
|-heal|p2a: Hatterene|45/100|[from] item: Leftovers
|upkeep
|turn|13
|inactive|Yogogo123456 has 120 seconds left.
|
|t:|1758984741
|cant|p1a: Milotic|par
|move|p2a: Hatterene|Draining Kiss|p1a: Milotic
|-damage|p1a: Milotic|50/100 par
|-heal|p2a: Hatterene|68/100|[from] drain|[of] p1a: Milotic
|
|-heal|p2a: Hatterene|74/100|[from] item: Leftovers
|upkeep
|turn|14
|
|t:|1758984748
|move|p1a: Milotic|Draining Kiss|p2a: Hatterene
|-damage|p2a: Hatterene|46/100
|-heal|p1a: Milotic|68/100 par|[from] drain|[of] p2a: Hatterene
|move|p2a: Hatterene|Draining Kiss|p1a: Milotic
|-damage|p1a: Milotic|41/100 par
|-heal|p2a: Hatterene|70/100|[from] drain|[of] p1a: Milotic
|
|-heal|p2a: Hatterene|76/100|[from] item: Leftovers
|upkeep
|turn|15
|
|t:|1758984762
|switch|p1a: Orthworm|Orthworm, M|94/100
|-damage|p1a: Orthworm|88/100|[from] Stealth Rock
|-damage|p1a: Orthworm|76/100|[from] Spikes
|move|p2a: Hatterene|Draining Kiss|p1a: Orthworm
|-resisted|p1a: Orthworm
|-damage|p1a: Orthworm|47/100
|-heal|p2a: Hatterene|99/100|[from] drain|[of] p1a: Orthworm
|-damage|p2a: Hatterene|83/100|[from] item: Rocky Helmet|[of] p1a: Orthworm
|
|-heal|p2a: Hatterene|89/100|[from] item: Leftovers
|upkeep
|turn|16
|
|t:|1758984767
|move|p1a: Orthworm|Iron Tail|p2a: Hatterene|[miss]
|-miss|p1a: Orthworm|p2a: Hatterene
|move|p2a: Hatterene|Nuzzle|p1a: Orthworm
|-damage|p1a: Orthworm|45/100
|-status|p1a: Orthworm|par
|-damage|p2a: Hatterene|72/100|[from] item: Rocky Helmet|[of] p1a: Orthworm
|
|-heal|p2a: Hatterene|78/100|[from] item: Leftovers
|upkeep
|turn|17
|
|t:|1758984774
|move|p2a: Hatterene|Draining Kiss|p1a: Orthworm
|-resisted|p1a: Orthworm
|-damage|p1a: Orthworm|17/100 par
|-heal|p2a: Hatterene|100/100|[from] drain|[of] p1a: Orthworm
|-damage|p2a: Hatterene|84/100|[from] item: Rocky Helmet|[of] p1a: Orthworm
|move|p1a: Orthworm|Iron Tail|p2a: Hatterene
|-supereffective|p2a: Hatterene
|-damage|p2a: Hatterene|33/100
|
|-heal|p2a: Hatterene|39/100|[from] item: Leftovers
|upkeep
|turn|18
|
|t:|1758984778
|move|p2a: Hatterene|Draining Kiss|p1a: Orthworm
|-resisted|p1a: Orthworm
|-damage|p1a: Orthworm|0 fnt
|-heal|p2a: Hatterene|52/100|[from] drain|[of] p1a: Orthworm
|-damage|p2a: Hatterene|36/100|[from] item: Rocky Helmet|[of] p1a: Orthworm
|faint|p1a: Orthworm
|
|-heal|p2a: Hatterene|42/100|[from] item: Leftovers
|upkeep
|
|t:|1758984788
|switch|p1a: Zebstrika|Zebstrika, M|75/100
|-damage|p1a: Zebstrika|63/100|[from] Stealth Rock
|-damage|p1a: Zebstrika|50/100|[from] Spikes
|turn|19
|
|t:|1758984798
|move|p1a: Zebstrika|Supercell Slam|p2a: Hatterene
|-damage|p2a: Hatterene|0 fnt
|faint|p2a: Hatterene
|-damage|p1a: Zebstrika|40/100|[from] item: Life Orb
|
|upkeep
|
|t:|1758984808
|switch|p2a: Blaziken|Blaziken, F|100/100
|turn|20
|
|t:|1758984814
|move|p1a: Zebstrika|High Horsepower|p2a: Blaziken
|-supereffective|p2a: Blaziken
|-damage|p2a: Blaziken|0 fnt
|faint|p2a: Blaziken
|-damage|p1a: Zebstrika|30/100|[from] item: Life Orb
|
|upkeep
|
|t:|1758984820
|switch|p2a: Zapdos|Zapdos|100/100
|turn|21
|
|t:|1758984828
|move|p1a: Zebstrika|Supercell Slam|p2a: Zapdos
|-damage|p2a: Zapdos|38/100
|-damage|p1a: Zebstrika|20/100|[from] item: Life Orb
|move|p2a: Zapdos|Thunderbolt|p1a: Zebstrika
|-resisted|p1a: Zebstrika
|-damage|p1a: Zebstrika|0 fnt
|faint|p1a: Zebstrika
|
|upkeep
|
|t:|1758984837
|switch|p1a: Iron Boulder|Iron Boulder|100/100
|-damage|p1a: Iron Boulder|88/100|[from] Stealth Rock
|-damage|p1a: Iron Boulder|76/100|[from] Spikes
|-enditem|p1a: Iron Boulder|Booster Energy
|-activate|p1a: Iron Boulder|ability: Quark Drive|[fromitem]
|-start|p1a: Iron Boulder|quarkdrivespe
|turn|22
|
|t:|1758984840
|move|p1a: Iron Boulder|Swords Dance|p1a: Iron Boulder
|-boost|p1a: Iron Boulder|atk|2
|move|p2a: Zapdos|Thunderbolt|p1a: Iron Boulder
|-damage|p1a: Iron Boulder|41/100
|
|upkeep
|turn|23
|
|t:|1758984846
|move|p1a: Iron Boulder|Mighty Cleave|p2a: Zapdos
|-supereffective|p2a: Zapdos
|-crit|p2a: Zapdos
|-damage|p2a: Zapdos|0 fnt
|faint|p2a: Zapdos
|
|upkeep
|
|t:|1758984851
|switch|p2a: Jirachi|Jirachi|100/100
|turn|24
|
|t:|1758984856
|move|p1a: Iron Boulder|Sacred Sword|p2a: Jirachi
|-damage|p2a: Jirachi|42/100
|move|p2a: Jirachi|Iron Head|p1a: Iron Boulder
|-supereffective|p1a: Iron Boulder
|-damage|p1a: Iron Boulder|0 fnt
|faint|p1a: Iron Boulder
|-end|p1a: Iron Boulder|Quark Drive|[silent]
|
|-heal|p2a: Jirachi|48/100|[from] item: Leftovers
|upkeep
|
|t:|1758984859
|switch|p1a: Skeledirge|Skeledirge, F|100/100
|-damage|p1a: Skeledirge|76/100|[from] Stealth Rock
|-damage|p1a: Skeledirge|63/100|[from] Spikes
|turn|25
|-message|Yogogo123456 forfeited.
|
|win|gigapoophater
|raw|gigapoophater's rating: 1222 &rarr; <strong>1242</strong><br />(+20 for winning)
|raw|Yogogo123456's rating: 1153 &rarr; <strong>1133</strong><br />(-20 for losing)
|l|☆Yogogo123456
|player|p2|
|l|☆gigapoophater
|player|p1|
