|badge|p1|silver|gen9ou|30-6
|html|<div class="broadcast-red"><strong>This battle is required to be public due to one or more player having a season medal.</strong><br />During the public phase, you can discuss the state of the ladder <a href="/seasondiscussion">in a special chatroom.</a></div>
|uhtml|medal-msg|<div class="broadcast-blue">Curious what those medals under the avatar are? PS now has Ladder Seasons! For more information, check out the <a href="https://www.smogon.com/forums/threads/3740067/">thread on Smogon.</a></div>
|raw|<div class="broadcast-blue"><strong>This battle is required to be public due to a player having a name starting with 'medal'.</div>
|j|☆143forever
|j|☆Dr Greg H
|t:|1758976044
|gametype|singles
|player|p1|143forever|red|1962
|player|p2|Dr Greg H|pokemonbreeder-gen4|1818
|gen|9
|tier|[Gen 9] OU
|rated|
|rule|HP Percentage Mod: HP is shown in percentages
|rule|Endless Battle Clause: Forcing endless battles is banned
|rule|Species Clause: Limit one of each Pokémon
|rule|OHKO Clause: OHKO moves are banned
|rule|Evasion Items Clause: Evasion items are banned
|rule|Evasion Moves Clause: Evasion moves are banned
|rule|Evasion Abilities Clause: Evasion abilities are banned
|rule|Sleep Moves Clause: Sleep-inducing moves are banned
|clearpoke
|poke|p1|Dondozo, M|
|poke|p1|Blissey, F|
|poke|p1|Corviknight, M|
|poke|p1|Weezing-Galar, M|
|poke|p1|Gliscor, F|
|poke|p1|Toxapex, M|
|poke|p2|Ogerpon-Wellspring, F|
|poke|p2|Kingambit, M|
|poke|p2|Landorus-Therian, M|
|poke|p2|Glimmora, F|
|poke|p2|Dragapult, F|
|poke|p2|Iron Valiant|
|teampreview
|inactive|Battle timer is ON: inactive players will automatically lose when time's up. (requested by Dr Greg H)
|j| amefurikoneko
|
|t:|1758976057
|teamsize|p1|6
|teamsize|p2|6
|start
|switch|p1a: Gliscor|Gliscor, F|100/100
|switch|p2a: Ogerpon|Ogerpon-Wellspring, F|100/100
|turn|1
|
|t:|1758976060
|move|p1a: Gliscor|Protect|p1a: Gliscor
|-singleturn|p1a: Gliscor|Protect
|move|p2a: Ogerpon|Knock Off|p1a: Gliscor
|-activate|p1a: Gliscor|move: Protect
|
|-status|p1a: Gliscor|tox|[from] item: Toxic Orb
|upkeep
|turn|2
|
|t:|1758976064
|switch|p1a: Toxapex|Toxapex, M|100/100
|move|p2a: Ogerpon|Ivy Cudgel|p1a: Toxapex|[anim] Ivy Cudgel Water
|-resisted|p1a: Toxapex
|-damage|p1a: Toxapex|75/100
|
|-heal|p1a: Toxapex|82/100|[from] item: Leftovers
|upkeep
|turn|3
|
|t:|1758976069
|switch|p2a: Glimmora|Glimmora, F|100/100
|switch|p1a: Weezing|Weezing-Galar, M|100/100
|-ability|p1a: Weezing|Neutralizing Gas
|
|upkeep
|turn|4
|
|t:|1758976074
|move|p2a: Glimmora|Mortal Spin|p1a: Weezing
|-crit|p1a: Weezing
|-damage|p1a: Weezing|94/100
|move|p1a: Weezing|Will-O-Wisp|p2a: Glimmora
|-status|p2a: Glimmora|brn
|
|-damage|p2a: Glimmora|94/100 brn|[from] brn
|upkeep
|turn|5
|
|t:|1758976079
|-end|p1a: Weezing|ability: Neutralizing Gas
|switch|p1a: Blissey|Blissey, F|100/100
|move|p2a: Glimmora|Spikes|p1a: Blissey
|-sidestart|p1: 143forever|Spikes
|
|-damage|p2a: Glimmora|88/100 brn|[from] brn
|upkeep
|turn|6
|
|t:|1758976082
|move|p2a: Glimmora|Mortal Spin|p1a: Blissey
|-damage|p1a: Blissey|98/100
|-status|p1a: Blissey|psn
|move|p1a: Blissey|Stealth Rock|p2a: Glimmora
|-sidestart|p2: Dr Greg H|move: Stealth Rock
|
|-heal|p1a: Blissey|100/100 psn|[from] item: Leftovers
|-damage|p1a: Blissey|88/100 psn|[from] psn
|-damage|p2a: Glimmora|82/100 brn|[from] brn
|upkeep
|turn|7
|
|t:|1758976084
|move|p2a: Glimmora|Mortal Spin|p1a: Blissey
|-damage|p1a: Blissey|85/100 psn
|-sideend|p2: Dr Greg H|Stealth Rock|[from] move: Mortal Spin|[of] p2a: Glimmora
|move|p1a: Blissey|Seismic Toss|p2a: Glimmora
|-damage|p2a: Glimmora|55/100 brn
|-activate|p2a: Glimmora|ability: Toxic Debris
|-sidestart|p1: 143forever|move: Toxic Spikes
|-enditem|p2a: Glimmora|Red Card|[of] p1a: Blissey
|-curestatus|p1a: Blissey|psn|[from] ability: Natural Cure
|drag|p1a: Weezing|Weezing-Galar, M|94/100
|-ability|p1a: Weezing|Neutralizing Gas
|-sideend|p1: 143forever|move: Toxic Spikes|[of] p1a: Weezing
|
|-damage|p2a: Glimmora|49/100 brn|[from] brn
|upkeep
|turn|8
|
|t:|1758976090
|-end|p1a: Weezing|ability: Neutralizing Gas
|switch|p1a: Corviknight|Corviknight, M|100/100
|-ability|p1a: Corviknight|Pressure
|move|p2a: Glimmora|Power Gem|p1a: Corviknight
|-damage|p1a: Corviknight|66/100
|
|-heal|p1a: Corviknight|72/100|[from] item: Leftovers
|-damage|p2a: Glimmora|42/100 brn|[from] brn
|upkeep
|turn|9
|
|t:|1758976099
|move|p2a: Glimmora|Power Gem|p1a: Corviknight
|-damage|p1a: Corviknight|36/100
|move|p1a: Corviknight|Roost|p1a: Corviknight
|-heal|p1a: Corviknight|86/100
|-singleturn|p1a: Corviknight|move: Roost
|
|-heal|p1a: Corviknight|92/100|[from] item: Leftovers
|-damage|p2a: Glimmora|36/100 brn|[from] brn
|upkeep
|turn|10
|
|t:|1758976103
|move|p2a: Glimmora|Power Gem|p1a: Corviknight
|-damage|p1a: Corviknight|53/100
|move|p1a: Corviknight|Defog|p2a: Glimmora
|-unboost|p2a: Glimmora|evasion|1
|-sideend|p1: 143forever|Spikes|[from] move: Defog|[of] p1a: Corviknight
|
|-heal|p1a: Corviknight|59/100|[from] item: Leftovers
|-damage|p2a: Glimmora|30/100 brn|[from] brn
|upkeep
|turn|11
|
|t:|1758976106
|move|p2a: Glimmora|Power Gem|p1a: Corviknight
|-damage|p1a: Corviknight|23/100
|move|p1a: Corviknight|Roost|p1a: Corviknight
|-heal|p1a: Corviknight|73/100
|-singleturn|p1a: Corviknight|move: Roost
|
|-heal|p1a: Corviknight|80/100|[from] item: Leftovers
|-damage|p2a: Glimmora|24/100 brn|[from] brn
|upkeep
|turn|12
|
|t:|1758976108
|move|p2a: Glimmora|Power Gem|p1a: Corviknight
|-damage|p1a: Corviknight|44/100
|move|p1a: Corviknight|Roost|p1a: Corviknight
|-heal|p1a: Corviknight|94/100
|-singleturn|p1a: Corviknight|move: Roost
|
|-heal|p1a: Corviknight|100/100|[from] item: Leftovers
|-damage|p2a: Glimmora|18/100 brn|[from] brn
|upkeep
|turn|13
|
|t:|1758976111
|move|p2a: Glimmora|Spikes|p1a: Corviknight
|-sidestart|p1: 143forever|Spikes
|move|p1a: Corviknight|Defog|p2a: Glimmora
|-unboost|p2a: Glimmora|evasion|1
|-sideend|p1: 143forever|Spikes|[from] move: Defog|[of] p1a: Corviknight
|
|-damage|p2a: Glimmora|11/100 brn|[from] brn
|upkeep
|turn|14
|
|t:|1758976115
|move|p2a: Glimmora|Power Gem|p1a: Corviknight
|-damage|p1a: Corviknight|63/100
|move|p1a: Corviknight|Roost|p1a: Corviknight
|-heal|p1a: Corviknight|100/100
|-singleturn|p1a: Corviknight|move: Roost
|
|-damage|p2a: Glimmora|5/100 brn|[from] brn
|upkeep
|turn|15
|
|t:|1758976119
|switch|p2a: Landorus|Landorus-Therian, M|100/100
|-ability|p2a: Landorus|Intimidate|boost
|-unboost|p1a: Corviknight|atk|1
|move|p1a: Corviknight|Defog|p2a: Landorus
|-unboost|p2a: Landorus|evasion|1
|
|upkeep
|turn|16
|
|t:|1758976121
|move|p2a: Landorus|Stealth Rock|p1a: Corviknight
|-sidestart|p1: 143forever|move: Stealth Rock
|move|p1a: Corviknight|Defog|p2a: Landorus
|-unboost|p2a: Landorus|evasion|1
|-sideend|p1: 143forever|Stealth Rock|[from] move: Defog|[of] p1a: Corviknight
|
|upkeep
|turn|17
|
|t:|1758976125
|switch|p1a: Gliscor|Gliscor, F|100/100 tox
|move|p2a: Landorus|Taunt|p1a: Gliscor
|-start|p1a: Gliscor|move: Taunt
|
|upkeep
|turn|18
|
|t:|1758976127
|move|p2a: Landorus|Stealth Rock|p1a: Gliscor
|-sidestart|p1: 143forever|move: Stealth Rock
|move|p1a: Gliscor|Knock Off|p2a: Landorus
|-damage|p2a: Landorus|81/100
|-damage|p1a: Gliscor|84/100 tox|[from] item: Rocky Helmet|[of] p2a: Landorus
|-enditem|p2a: Landorus|Rocky Helmet|[from] move: Knock Off|[of] p1a: Gliscor
|
|-heal|p1a: Gliscor|97/100 tox|[from] ability: Poison Heal
|upkeep
|turn|19
|
|t:|1758976130
|switch|p2a: Glimmora|Glimmora, F|5/100 brn
|move|p1a: Gliscor|Knock Off|p2a: Glimmora
|-damage|p2a: Glimmora|0 fnt
|-activate|p2a: Glimmora|ability: Toxic Debris
|-sidestart|p1: 143forever|move: Toxic Spikes
|faint|p2a: Glimmora
|
|-heal|p1a: Gliscor|100/100 tox|[from] ability: Poison Heal
|-end|p1a: Gliscor|move: Taunt
|upkeep
|
|t:|1758976131
|switch|p2a: Ogerpon|Ogerpon-Wellspring, F|100/100
|turn|20
|
|t:|1758976134
|switch|p1a: Toxapex|Toxapex, M|100/100
|-damage|p1a: Toxapex|88/100|[from] Stealth Rock
|-sideend|p1: 143forever|move: Toxic Spikes|[of] p1a: Toxapex
|move|p2a: Ogerpon|Knock Off|p1a: Toxapex
|-damage|p1a: Toxapex|58/100
|-enditem|p1a: Toxapex|Leftovers|[from] move: Knock Off|[of] p2a: Ogerpon
|
|upkeep
|turn|21
|
|t:|1758976138
|switch|p2a: Kingambit|Kingambit, M|100/100
|-activate|p2a: Kingambit|ability: Supreme Overlord
|-start|p2a: Kingambit|fallen1|[silent]
|-item|p2a: Kingambit|Air Balloon
|switch|p1a: Weezing|Weezing-Galar, M|94/100
|-ability|p1a: Weezing|Neutralizing Gas
|
|upkeep
|turn|22
|
|t:|1758976144
|-end|p2a: Kingambit|fallen1|[silent]
|switch|p2a: Landorus|Landorus-Therian, M|81/100
|move|p1a: Weezing|Will-O-Wisp|p2a: Landorus
|-status|p2a: Landorus|brn
|
|-damage|p2a: Landorus|75/100 brn|[from] brn
|upkeep
|turn|23
|
|t:|1758976150
|-end|p1a: Weezing|ability: Neutralizing Gas
|-ability|p2a: Landorus|Intimidate|boost
|-unboost|p1a: Weezing|atk|1
|switch|p1a: Gliscor|Gliscor, F|100/100 tox
|-damage|p1a: Gliscor|88/100 tox|[from] Stealth Rock
|move|p2a: Landorus|U-turn|p1a: Gliscor
|-resisted|p1a: Gliscor
|-damage|p1a: Gliscor|84/100 tox
|
|t:|1758976156
|switch|p2a: Ogerpon|Ogerpon-Wellspring, F|100/100|[from] U-turn
|
|-heal|p1a: Gliscor|96/100 tox|[from] ability: Poison Heal
|upkeep
|turn|24
|
|t:|1758976158
|switch|p1a: Toxapex|Toxapex, M|91/100
|-damage|p1a: Toxapex|79/100|[from] Stealth Rock
|move|p2a: Ogerpon|Power Whip|p1a: Toxapex
|-damage|p1a: Toxapex|19/100
|
|upkeep
|turn|25
|
|t:|1758976164
|switch|p1a: Weezing|Weezing-Galar, M|94/100
|-ability|p1a: Weezing|Neutralizing Gas
|move|p2a: Ogerpon|Ivy Cudgel|p1a: Weezing|[anim] Ivy Cudgel Water
|-crit|p1a: Weezing
|-damage|p1a: Weezing|39/100
|
|upkeep
|turn|26
|
|t:|1758976169
|move|p2a: Ogerpon|U-turn|p1a: Weezing
|-resisted|p1a: Weezing
|-damage|p1a: Weezing|35/100
|
|t:|1758976171
|switch|p2a: Landorus|Landorus-Therian, M|75/100 brn|[from] U-turn
|move|p1a: Weezing|Will-O-Wisp|p2a: Landorus|[miss]
|-miss|p1a: Weezing|p2a: Landorus
|
|-damage|p2a: Landorus|68/100 brn|[from] brn
|upkeep
|turn|27
|j| dsvdv
|
|t:|1758976177
|move|p2a: Landorus|U-turn|p1a: Weezing
|-resisted|p1a: Weezing
|-damage|p1a: Weezing|33/100
|
|t:|1758976179
|switch|p2a: Iron Valiant|Iron Valiant|100/100|[from] U-turn
|move|p1a: Weezing|Pain Split|p2a: Iron Valiant
|-sethp|p2a: Iron Valiant|69/100|[from] move: Pain Split|[silent]
|-sethp|p1a: Weezing|60/100|[from] move: Pain Split
|
|upkeep
|turn|28
|
|t:|1758976183
|move|p2a: Iron Valiant|Calm Mind|p2a: Iron Valiant
|-boost|p2a: Iron Valiant|spa|1
|-boost|p2a: Iron Valiant|spd|1
|move|p1a: Weezing|Defog|p2a: Iron Valiant
|-unboost|p2a: Iron Valiant|evasion|1
|-sideend|p1: 143forever|Stealth Rock|[from] move: Defog|[of] p1a: Weezing
|
|upkeep
|turn|29
|
|t:|1758976188
|-end|p2a: Iron Valiant|Quark Drive|[silent]
|switch|p2a: Ogerpon|Ogerpon-Wellspring, F|100/100
|-end|p1a: Weezing|ability: Neutralizing Gas
|switch|p1a: Blissey|Blissey, F|85/100
|
|-heal|p1a: Blissey|91/100|[from] item: Leftovers
|upkeep
|turn|30
|
|t:|1758976191
|switch|p1a: Corviknight|Corviknight, M|100/100
|-ability|p1a: Corviknight|Pressure
|move|p2a: Ogerpon|Ivy Cudgel|p1a: Corviknight|[anim] Ivy Cudgel Water
|-damage|p1a: Corviknight|64/100
|
|-heal|p1a: Corviknight|70/100|[from] item: Leftovers
|upkeep
|turn|31
|
|t:|1758976198
|-terastallize|p2a: Ogerpon|Water
|detailschange|p2a: Ogerpon|Ogerpon-Wellspring-Tera, F, tera:Water
|-ability|p2a: Ogerpon|Embody Aspect (Wellspring)|boost
|-boost|p2a: Ogerpon|spd|1
|move|p2a: Ogerpon|Ivy Cudgel|p1a: Corviknight|[anim] Ivy Cudgel Water
|-damage|p1a: Corviknight|21/100
|move|p1a: Corviknight|Roost|p1a: Corviknight
|-heal|p1a: Corviknight|71/100
|-singleturn|p1a: Corviknight|move: Roost
|
|-heal|p1a: Corviknight|77/100|[from] item: Leftovers
|upkeep
|turn|32
|
|t:|1758976204
|move|p2a: Ogerpon|Ivy Cudgel|p1a: Corviknight|[anim] Ivy Cudgel Water
|-crit|p1a: Corviknight
|-damage|p1a: Corviknight|7/100
|move|p1a: Corviknight|Roost|p1a: Corviknight
|-heal|p1a: Corviknight|57/100
|-singleturn|p1a: Corviknight|move: Roost
|
|-heal|p1a: Corviknight|63/100|[from] item: Leftovers
|upkeep
|turn|33
|
|t:|1758976207
|move|p2a: Ogerpon|Ivy Cudgel|p1a: Corviknight|[anim] Ivy Cudgel Water
|-damage|p1a: Corviknight|20/100
|move|p1a: Corviknight|Roost|p1a: Corviknight
|-heal|p1a: Corviknight|70/100
|-singleturn|p1a: Corviknight|move: Roost
|
|-heal|p1a: Corviknight|77/100|[from] item: Leftovers
|upkeep
|turn|34
|
|t:|1758976213
|move|p2a: Ogerpon|Knock Off|p1a: Corviknight
|-damage|p1a: Corviknight|54/100
|-enditem|p1a: Corviknight|Leftovers|[from] move: Knock Off|[of] p2a: Ogerpon
|move|p1a: Corviknight|Roost|p1a: Corviknight
|-heal|p1a: Corviknight|100/100
|-singleturn|p1a: Corviknight|move: Roost
|
|upkeep
|turn|35
|
|t:|1758976220
|switch|p1a: Dondozo|Dondozo, M|100/100
|move|p2a: Ogerpon|Ivy Cudgel|p1a: Dondozo|[anim] Ivy Cudgel Water
|-resisted|p1a: Dondozo
|-crit|p1a: Dondozo
|-damage|p1a: Dondozo|75/100
|
|-heal|p1a: Dondozo|81/100|[from] item: Leftovers
|upkeep
|turn|36
|
|t:|1758976225
|-terastallize|p1a: Dondozo|Dragon
|move|p2a: Ogerpon|Knock Off|p1a: Dondozo
|-damage|p1a: Dondozo|65/100
|-enditem|p1a: Dondozo|Leftovers|[from] move: Knock Off|[of] p2a: Ogerpon
|move|p1a: Dondozo|Body Press|p2a: Ogerpon
|-damage|p2a: Ogerpon|65/100
|
|upkeep
|turn|37
|
|t:|1758976231
|switch|p1a: Toxapex|Toxapex, M|52/100
|move|p2a: Ogerpon|U-turn|p1a: Toxapex
|-resisted|p1a: Toxapex
|-damage|p1a: Toxapex|42/100
|
|t:|1758976238
|switch|p2a: Dragapult|Dragapult, F|100/100|[from] U-turn
|
|upkeep
|turn|38
|
|t:|1758976246
|switch|p1a: Weezing|Weezing-Galar, M|60/100
|-ability|p1a: Weezing|Neutralizing Gas
|move|p2a: Dragapult|U-turn|p1a: Weezing
|-resisted|p1a: Weezing
|-damage|p1a: Weezing|54/100
|
|t:|1758976249
|switch|p2a: Ogerpon|Ogerpon-Wellspring-Tera, F, tera:Water|65/100|[from] U-turn
|
|upkeep
|turn|39
|
|t:|1758976252
|move|p2a: Ogerpon|U-turn|p1a: Weezing
|-resisted|p1a: Weezing
|-damage|p1a: Weezing|50/100
|
|t:|1758976255
|switch|p2a: Landorus|Landorus-Therian, M|68/100 brn|[from] U-turn
|move|p1a: Weezing|Will-O-Wisp|p2a: Landorus
|-fail|p2a: Landorus|brn
|
|-damage|p2a: Landorus|62/100 brn|[from] brn
|upkeep
|turn|40
|
|t:|1758976259
|move|p2a: Landorus|Stealth Rock|p1a: Weezing
|-sidestart|p1: 143forever|move: Stealth Rock
|move|p1a: Weezing|Defog|p2a: Landorus
|-unboost|p2a: Landorus|evasion|1
|-sideend|p1: 143forever|Stealth Rock|[from] move: Defog|[of] p1a: Weezing
|
|-damage|p2a: Landorus|56/100 brn|[from] brn
|upkeep
|turn|41
|
|t:|1758976263
|move|p2a: Landorus|Stealth Rock|p1a: Weezing
|-sidestart|p1: 143forever|move: Stealth Rock
|move|p1a: Weezing|Sludge Bomb|p2a: Landorus
|-resisted|p2a: Landorus
|-damage|p2a: Landorus|41/100 brn
|
|-damage|p2a: Landorus|35/100 brn|[from] brn
|upkeep
|turn|42
|
|t:|1758976268
|move|p2a: Landorus|Taunt|p1a: Weezing
|-start|p1a: Weezing|move: Taunt
|move|p1a: Weezing|Sludge Bomb|p2a: Landorus
|-resisted|p2a: Landorus
|-damage|p2a: Landorus|19/100 brn
|
|-damage|p2a: Landorus|13/100 brn|[from] brn
|upkeep
|turn|43
|
|t:|1758976274
|move|p2a: Landorus|U-turn|p1a: Weezing
|-resisted|p1a: Weezing
|-damage|p1a: Weezing|48/100
|
|t:|1758976278
|switch|p2a: Kingambit|Kingambit, M|100/100|[from] U-turn
|-item|p2a: Kingambit|Air Balloon
|move|p1a: Weezing|Sludge Bomb|p2a: Kingambit
|-immune|p2a: Kingambit
|
|upkeep
|turn|44
|
|t:|1758976282
|-end|p1a: Weezing|ability: Neutralizing Gas
|-activate|p2a: Kingambit|ability: Supreme Overlord
|-start|p2a: Kingambit|fallen1|[silent]
|switch|p1a: Corviknight|Corviknight, M|100/100
|-damage|p1a: Corviknight|88/100|[from] Stealth Rock
|-ability|p1a: Corviknight|Pressure
|move|p2a: Kingambit|Swords Dance|p2a: Kingambit
|-boost|p2a: Kingambit|atk|2
|
|upkeep
|turn|45
|
|t:|1758976286
|move|p2a: Kingambit|Kowtow Cleave|p1a: Corviknight
|-damage|p1a: Corviknight|24/100
|move|p1a: Corviknight|Body Press|p2a: Kingambit
|-supereffective|p2a: Kingambit
|-damage|p2a: Kingambit|2/100
|-enditem|p2a: Kingambit|Air Balloon
|
|upkeep
|turn|46
|
|t:|1758976290
|move|p2a: Kingambit|Kowtow Cleave|p1a: Corviknight
|-damage|p1a: Corviknight|0 fnt
|faint|p1a: Corviknight
|
|upkeep
|
|t:|1758976291
|switch|p1a: Dondozo|Dondozo, M, tera:Dragon|65/100
|-damage|p1a: Dondozo|52/100|[from] Stealth Rock
|turn|47
|
|t:|1758976297
|-end|p2a: Kingambit|fallen1|[silent]
|switch|p2a: Dragapult|Dragapult, F|100/100
|move|p1a: Dondozo|Rest|p1a: Dondozo
|-status|p1a: Dondozo|slp|[from] move: Rest
|-heal|p1a: Dondozo|100/100 slp|[silent]
|
|upkeep
|turn|48
|
|t:|1758976300
|switch|p1a: Weezing|Weezing-Galar, M|48/100
|-ability|p1a: Weezing|Neutralizing Gas
|move|p2a: Dragapult|Dragon Darts|p1a: Weezing
|-immune|p1a: Weezing
|
|upkeep
|turn|49
|
|t:|1758976304
|switch|p2a: Landorus|Landorus-Therian, M|13/100 brn
|move|p1a: Weezing|Defog|p2a: Landorus
|-unboost|p2a: Landorus|evasion|1
|-sideend|p1: 143forever|Stealth Rock|[from] move: Defog|[of] p1a: Weezing
|
|-damage|p2a: Landorus|7/100 brn|[from] brn
|upkeep
|turn|50
|
|t:|1758976307
|move|p2a: Landorus|Earthquake|p1a: Weezing
|-supereffective|p1a: Weezing
|-damage|p1a: Weezing|18/100
|move|p1a: Weezing|Defog|p2a: Landorus
|-unboost|p2a: Landorus|evasion|1
|
|-damage|p2a: Landorus|1/100 brn|[from] brn
|upkeep
|turn|51
|
|t:|1758976311
|move|p2a: Landorus|Stealth Rock|p1a: Weezing
|-sidestart|p1: 143forever|move: Stealth Rock
|move|p1a: Weezing|Defog|p2a: Landorus
|-unboost|p2a: Landorus|evasion|1
|-sideend|p1: 143forever|Stealth Rock|[from] move: Defog|[of] p1a: Weezing
|
|-damage|p2a: Landorus|0 fnt|[from] brn
|faint|p2a: Landorus
|upkeep
|
|t:|1758976315
|switch|p2a: Ogerpon|Ogerpon-Wellspring-Tera, F, tera:Water|65/100
|turn|52
|
|t:|1758976316
|move|p2a: Ogerpon|Ivy Cudgel|p1a: Weezing|[anim] Ivy Cudgel Water
|-damage|p1a: Weezing|0 fnt
|faint|p1a: Weezing
|-end|p1a: Weezing|ability: Neutralizing Gas
|-ability|p2a: Ogerpon|Embody Aspect (Wellspring)|boost
|-boost|p2a: Ogerpon|spd|1
|
|upkeep
|
|t:|1758976318
|switch|p1a: Toxapex|Toxapex, M|75/100
|turn|53
|
|t:|1758976323
|move|p2a: Ogerpon|U-turn|p1a: Toxapex
|-resisted|p1a: Toxapex
|-damage|p1a: Toxapex|64/100
|
|t:|1758976324
|switch|p2a: Iron Valiant|Iron Valiant|69/100|[from] U-turn
|-enditem|p2a: Iron Valiant|Booster Energy
|-activate|p2a: Iron Valiant|ability: Quark Drive|[fromitem]
|-start|p2a: Iron Valiant|quarkdrivespe
|move|p1a: Toxapex|Toxic Spikes|p2a: Iron Valiant
|-sidestart|p2: Dr Greg H|move: Toxic Spikes
|
|upkeep
|turn|54
|
|t:|1758976330
|move|p2a: Iron Valiant|Calm Mind|p2a: Iron Valiant
|-boost|p2a: Iron Valiant|spa|1
|-boost|p2a: Iron Valiant|spd|1
|move|p1a: Toxapex|Toxic|p2a: Iron Valiant
|-status|p2a: Iron Valiant|tox
|
|-damage|p2a: Iron Valiant|63/100 tox|[from] psn
|upkeep
|turn|55
|
|t:|1758976334
|switch|p1a: Blissey|Blissey, F|91/100
|move|p2a: Iron Valiant|Thunderbolt|p1a: Blissey
|-damage|p1a: Blissey|77/100
|
|-heal|p1a: Blissey|83/100|[from] item: Leftovers
|-damage|p2a: Iron Valiant|51/100 tox|[from] psn
|upkeep
|turn|56
|
|t:|1758976340
|move|p2a: Iron Valiant|Moonblast|p1a: Blissey
|-damage|p1a: Blissey|61/100
|-unboost|p1a: Blissey|spa|1
|move|p1a: Blissey|Stealth Rock|p2a: Iron Valiant
|-sidestart|p2: Dr Greg H|move: Stealth Rock
|
|-heal|p1a: Blissey|67/100|[from] item: Leftovers
|-damage|p2a: Iron Valiant|32/100 tox|[from] psn
|upkeep
|turn|57
|j| Ctannn
|-message|Dr Greg H forfeited.
|
|win|143forever
|raw|143forever's rating: 1962 &rarr; <strong>1974</strong><br />(+12 for winning)
|raw|Dr Greg H's rating: 1818 &rarr; <strong>1806</strong><br />(-12 for losing)
|l|☆Dr Greg H
|player|p2|
