|j|☆limitado60hz
|j|☆mljliohoi
|t:|1758920993
|gametype|singles
|player|p1|limitado60hz|170|1155
|player|p2|mljliohoi|2|1105
|gen|9
|tier|[Gen 9] OU
|rated|
|rule|HP Percentage Mod: HP is shown in percentages
|rule|Endless Battle Clause: Forcing endless battles is banned
|rule|Species Clause: Limit one of each Pokémon
|rule|OHKO Clause: OHKO moves are banned
|rule|Evasion Items Clause: Evasion items are banned
|rule|Evasion Moves Clause: Evasion moves are banned
|rule|Evasion Abilities Clause: Evasion abilities are banned
|rule|Sleep Moves Clause: Sleep-inducing moves are banned
|clearpoke
|poke|p1|Hydrapple, M|
|poke|p1|Chansey, F|
|poke|p1|Moltres|
|poke|p1|Great Tusk|
|poke|p1|Enamorus, F|
|poke|p1|Toxapex, F|
|poke|p2|Corviknight, F|
|poke|p2|Slowking-Galar, F|
|poke|p2|Dragapult, F|
|poke|p2|Gliscor, M|
|poke|p2|Blissey, F|
|poke|p2|Zamazenta-*|
|teampreview
|inactive|Battle timer is ON: inactive players will automatically lose when time's up. (requested by limitado60hz)
|
|t:|1758921014
|teamsize|p1|6
|teamsize|p2|6
|start
|switch|p1a: Great Tusk|Great Tusk|100/100
|switch|p2a: Gliscor|Gliscor, M|100/100
|turn|1
|
|t:|1758921021
|switch|p2a: Corviknight|Corviknight, F, shiny|100/100
|-ability|p2a: Corviknight|Pressure
|move|p1a: Great Tusk|Knock Off|p2a: Corviknight
|-damage|p2a: Corviknight|80/100
|-damage|p1a: Great Tusk|84/100|[from] item: Rocky Helmet|[of] p2a: Corviknight
|-enditem|p2a: Corviknight|Rocky Helmet|[from] move: Knock Off|[of] p1a: Great Tusk
|
|upkeep
|turn|2
|
|t:|1758921043
|-end|p1a: Great Tusk|Protosynthesis|[silent]
|switch|p1a: Moltres|Moltres|100/100
|switch|p2a: Zamazenta|Zamazenta, shiny|100/100
|-ability|p2a: Zamazenta|Dauntless Shield|boost
|-boost|p2a: Zamazenta|def|1
|
|upkeep
|turn|3
|
|t:|1758921048
|move|p2a: Zamazenta|Stone Edge|p1a: Moltres
|-supereffective|p1a: Moltres
|-damage|p1a: Moltres|0 fnt
|faint|p1a: Moltres
|
|upkeep
|
|t:|1758921065
|switch|p1a: Enamorus|Enamorus, F|100/100
|turn|4
|
|t:|1758921074
|switch|p2a: Blissey|Blissey, F, shiny|100/100
|switch|p1a: Chansey|Chansey, F|100/100
|
|upkeep
|turn|5
|
|t:|1758921081
|move|p2a: Blissey|Stealth Rock|p1a: Chansey
|-sidestart|p1: limitado60hz|move: Stealth Rock
|move|p1a: Chansey|Stealth Rock|p2a: Blissey
|-sidestart|p2: mljliohoi|move: Stealth Rock
|
|upkeep
|turn|6
|
|t:|1758921094
|switch|p2a: Gliscor|Gliscor, M|100/100
|-damage|p2a: Gliscor|88/100|[from] Stealth Rock
|move|p1a: Chansey|Thunder Wave|p2a: Gliscor
|-immune|p2a: Gliscor
|
|-status|p2a: Gliscor|tox|[from] item: Toxic Orb
|upkeep
|turn|7
|-message|limitado60hz forfeited.
|
|win|mljliohoi
|raw|limitado60hz's rating: 1155 &rarr; <strong>1126</strong><br />(-29 for losing)
|raw|mljliohoi's rating: 1105 &rarr; <strong>1134</strong><br />(+29 for winning)
|l|☆limitado60hz
|player|p1|
