|j|☆frosssted
|j|☆Moldy kk
|t:|1758935172
|gametype|singles
|player|p1|frosssted|169|1289
|player|p2|Moldy kk|gentleman-gen4|1288
|gen|9
|tier|[Gen 9] OU
|rated|
|rule|HP Percentage Mod: HP is shown in percentages
|rule|Endless Battle Clause: Forcing endless battles is banned
|rule|Species Clause: Limit one of each Pokémon
|rule|OHKO Clause: OHKO moves are banned
|rule|Evasion Items Clause: Evasion items are banned
|rule|Evasion Moves Clause: Evasion moves are banned
|rule|Evasion Abilities Clause: Evasion abilities are banned
|rule|Sleep Moves Clause: Sleep-inducing moves are banned
|clearpoke
|poke|p1|Indeedee, M|
|poke|p1|Hatterene, F|
|poke|p1|Ursaluna, F|
|poke|p1|Iron Hands|
|poke|p1|Hoopa-Unbound|
|poke|p1|Mimikyu, F|
|poke|p2|Rillaboom, F|
|poke|p2|Hawlucha, F|
|poke|p2|Blaziken, F|
|poke|p2|Glimmora, F|
|poke|p2|Kingambit, F|
|poke|p2|Serperior, F|
|teampreview
|inactive|Battle timer is ON: inactive players will automatically lose when time's up. (requested by frosssted)
|
|t:|1758935193
|teamsize|p1|6
|teamsize|p2|6
|start
|switch|p1a: Iron Hands|Iron Hands|100/100
|switch|p2a: Rillaboom|Rillaboom, F|100/100
|-fieldstart|move: Grassy Terrain|[from] ability: Grassy Surge|[of] p2a: Rillaboom
|-enditem|p1a: Iron Hands|Booster Energy
|-activate|p1a: Iron Hands|ability: Quark Drive|[fromitem]
|-start|p1a: Iron Hands|quarkdriveatk
|turn|1
|inactive|Moldy kk has 120 seconds left.
|inactive|Moldy kk has 90 seconds left.
|
|t:|1758935281
|move|p2a: Rillaboom|Wood Hammer|p1a: Iron Hands
|-damage|p1a: Iron Hands|38/100
|-damage|p2a: Rillaboom|75/100|[from] Recoil
|move|p1a: Iron Hands|Ice Punch|p2a: Rillaboom
|-supereffective|p2a: Rillaboom
|-damage|p2a: Rillaboom|0 fnt
|faint|p2a: Rillaboom
|
|-heal|p1a: Iron Hands|44/100|[from] Grassy Terrain
|upkeep
|
|t:|1758935284
|switch|p2a: Serperior|Serperior, F|100/100
|turn|2
|
|t:|1758935300
|-terastallize|p1a: Iron Hands|Flying
|move|p2a: Serperior|Leaf Storm|p1a: Iron Hands
|-resisted|p1a: Iron Hands
|-damage|p1a: Iron Hands|21/100
|-boost|p2a: Serperior|spa|2
|move|p1a: Iron Hands|Close Combat|p2a: Serperior
|-damage|p2a: Serperior|0 fnt
|-unboost|p1a: Iron Hands|def|1
|-unboost|p1a: Iron Hands|spd|1
|faint|p2a: Serperior
|
|upkeep
|inactive|Moldy kk has 60 seconds left.
|
|t:|1758935340
|switch|p2a: Hawlucha|Hawlucha, F|100/100
|-enditem|p2a: Hawlucha|Grassy Seed
|-boost|p2a: Hawlucha|def|1|[from] item: Grassy Seed
|turn|3
|
|t:|1758935356
|move|p2a: Hawlucha|Encore|p1a: Iron Hands
|-start|p1a: Iron Hands|Encore
|move|p1a: Iron Hands|Close Combat|p2a: Hawlucha
|-resisted|p2a: Hawlucha
|-damage|p2a: Hawlucha|65/100
|-unboost|p1a: Iron Hands|def|1
|-unboost|p1a: Iron Hands|spd|1
|
|upkeep
|turn|4
|inactive|Moldy kk has 60 seconds left.
|
|t:|1758935369
|-end|p1a: Iron Hands|Quark Drive|[silent]
|switch|p1a: Mimikyu|Mimikyu, F|100/100
|move|p2a: Hawlucha|Swords Dance|p2a: Hawlucha
|-boost|p2a: Hawlucha|atk|2
|
|upkeep
|turn|5
|
|t:|1758935375
|move|p2a: Hawlucha|Acrobatics|p1a: Mimikyu
|-activate|p1a: Mimikyu|ability: Disguise
|-damage|p1a: Mimikyu|100/100
|detailschange|p1a: Mimikyu|Mimikyu-Busted, F
|-damage|p1a: Mimikyu|88/100|[from] pokemon: Mimikyu-Busted
|-enditem|p1a: Mimikyu|Red Card|[of] p2a: Hawlucha
|drag|p2a: Kingambit|Kingambit, F|100/100
|-activate|p2a: Kingambit|ability: Supreme Overlord
|-start|p2a: Kingambit|fallen2|[silent]
|move|p1a: Mimikyu|Trick Room|p1a: Mimikyu
|-fieldstart|move: Trick Room|[of] p1a: Mimikyu
|
|-heal|p1a: Mimikyu|94/100|[from] Grassy Terrain
|upkeep
|turn|6
|inactive|Moldy kk has 60 seconds left.
|
|t:|1758935415
|switch|p1a: Ursaluna|Ursaluna, F|100/100
|move|p2a: Kingambit|Iron Head|p1a: Ursaluna
|-damage|p1a: Ursaluna|59/100
|
|-heal|p1a: Ursaluna|66/100|[from] Grassy Terrain
|-status|p1a: Ursaluna|brn|[from] item: Flame Orb
|upkeep
|turn|7
|inactive|Moldy kk has 30 seconds left.
|inactive|Moldy kk has 20 seconds left.
|
|t:|1758935451
|-end|p2a: Kingambit|fallen2|[silent]
|switch|p2a: Glimmora|Glimmora, F|100/100
|move|p1a: Ursaluna|Facade|p2a: Glimmora
|-resisted|p2a: Glimmora
|-damage|p2a: Glimmora|18/100
|-activate|p2a: Glimmora|ability: Toxic Debris
|-sidestart|p1: frosssted|move: Toxic Spikes
|
|-heal|p1a: Ursaluna|72/100 brn|[from] Grassy Terrain
|-heal|p2a: Glimmora|25/100|[from] Grassy Terrain
|-damage|p1a: Ursaluna|66/100 brn|[from] brn
|upkeep
|turn|8
|inactive|Moldy kk has 30 seconds left this turn.
|
|t:|1758935472
|move|p1a: Ursaluna|Facade|p2a: Glimmora
|-resisted|p2a: Glimmora
|-damage|p2a: Glimmora|0 fnt
|-activate|p2a: Glimmora|ability: Toxic Debris
|-sidestart|p1: frosssted|move: Toxic Spikes
|faint|p2a: Glimmora
|
|-heal|p1a: Ursaluna|72/100 brn|[from] Grassy Terrain
|-damage|p1a: Ursaluna|66/100 brn|[from] brn
|-fieldend|move: Grassy Terrain
|upkeep
|inactive|Moldy kk has 30 seconds left.
|inactive|Moldy kk has 20 seconds left.
|inactive|Moldy kk has 15 seconds left.
|inactive|Moldy kk has 10 seconds left.
|inactive|Moldy kk has 5 seconds left.
|
|t:|1758935503
|switch|p2a: Blaziken|Blaziken, F|100/100
|turn|9
|inactive|Moldy kk has 15 seconds left this turn.
|
|t:|1758935508
|move|p2a: Blaziken|Protect|p2a: Blaziken
|-singleturn|p2a: Blaziken|Protect
|move|p1a: Ursaluna|Facade|p2a: Blaziken
|-activate|p2a: Blaziken|move: Protect
|
|-damage|p1a: Ursaluna|59/100 brn|[from] brn
|-fieldend|move: Trick Room
|-ability|p2a: Blaziken|Speed Boost|boost
|-boost|p2a: Blaziken|spe|1
|upkeep
|turn|10
|inactive|Moldy kk has 25 seconds left this turn.
|inactive|Moldy kk has 20 seconds left.
|inactive|Moldy kk has 15 seconds left.
|inactive|Moldy kk has 10 seconds left.
|
|t:|1758935528
|move|p2a: Blaziken|Close Combat|p1a: Ursaluna
|-supereffective|p1a: Ursaluna
|-damage|p1a: Ursaluna|0 fnt
|-unboost|p2a: Blaziken|def|1
|-unboost|p2a: Blaziken|spd|1
|faint|p1a: Ursaluna
|
|-ability|p2a: Blaziken|Speed Boost|boost
|-boost|p2a: Blaziken|spe|1
|upkeep
|
|t:|1758935557
|switch|p1a: Mimikyu|Mimikyu-Busted, F|94/100
|-status|p1a: Mimikyu|tox
|turn|11
|inactive|Moldy kk has 25 seconds left this turn.
|
|t:|1758935561
|move|p2a: Blaziken|Flare Blitz|p1a: Mimikyu
|-damage|p1a: Mimikyu|37/100 tox
|-damage|p2a: Blaziken|84/100|[from] Recoil
|move|p1a: Mimikyu|Trick Room|p1a: Mimikyu
|-fieldstart|move: Trick Room|[of] p1a: Mimikyu
|
|-heal|p2a: Blaziken|90/100|[from] item: Leftovers
|-damage|p1a: Mimikyu|31/100 tox|[from] psn
|-ability|p2a: Blaziken|Speed Boost|boost
|-boost|p2a: Blaziken|spe|1
|upkeep
|turn|12
|
|t:|1758935566
|move|p2a: Blaziken|Protect|p2a: Blaziken
|-singleturn|p2a: Blaziken|Protect
|move|p1a: Mimikyu|Curse|p2a: Blaziken
|-start|p2a: Blaziken|Curse|[of] p1a: Mimikyu
|-damage|p1a: Mimikyu|0 fnt
|faint|p1a: Mimikyu
|
|-heal|p2a: Blaziken|96/100|[from] item: Leftovers
|-damage|p2a: Blaziken|71/100|[from] Curse
|-ability|p2a: Blaziken|Speed Boost|boost
|-boost|p2a: Blaziken|spe|1
|upkeep
|
|t:|1758935584
|switch|p1a: Hatterene|Hatterene, F|100/100
|-status|p1a: Hatterene|tox
|turn|13
|
|t:|1758935594
|switch|p2a: Hawlucha|Hawlucha, F|65/100
|move|p1a: Hatterene|Draining Kiss|p2a: Hawlucha
|-supereffective|p2a: Hawlucha
|-damage|p2a: Hawlucha|0 fnt
|faint|p2a: Hawlucha
|-damage|p1a: Hatterene|91/100 tox|[from] item: Life Orb
|
|-damage|p1a: Hatterene|85/100 tox|[from] psn
|upkeep
|
|t:|1758935609
|switch|p2a: Blaziken|Blaziken, F|71/100
|turn|14
|
|t:|1758935625
|move|p2a: Blaziken|Protect|p2a: Blaziken
|-singleturn|p2a: Blaziken|Protect
|move|p1a: Hatterene|Expanding Force|p2a: Blaziken
|-activate|p2a: Blaziken|move: Protect
|
|-heal|p2a: Blaziken|77/100|[from] item: Leftovers
|-damage|p1a: Hatterene|73/100 tox|[from] psn
|-ability|p2a: Blaziken|Speed Boost|boost
|-boost|p2a: Blaziken|spe|1
|upkeep
|turn|15
|
|t:|1758935635
|switch|p2a: Kingambit|Kingambit, F|100/100
|-activate|p2a: Kingambit|ability: Supreme Overlord
|-start|p2a: Kingambit|fallen4|[silent]
|move|p1a: Hatterene|Mystical Fire|p2a: Kingambit
|-supereffective|p2a: Kingambit
|-damage|p2a: Kingambit|23/100
|-unboost|p2a: Kingambit|spa|1
|-damage|p1a: Hatterene|63/100 tox|[from] item: Life Orb
|
|-heal|p2a: Kingambit|29/100|[from] item: Leftovers
|-damage|p1a: Hatterene|45/100 tox|[from] psn
|-fieldend|move: Trick Room
|upkeep
|turn|16
|inactive|Moldy kk has 60 seconds left.
|
|t:|1758935643
|switch|p1a: Iron Hands|Iron Hands, tera:Flying|21/100
|move|p2a: Kingambit|Iron Head|p1a: Iron Hands
|-damage|p1a: Iron Hands|0 fnt
|faint|p1a: Iron Hands
|-end|p1a: Iron Hands|Quark Drive|[silent]
|
|-heal|p2a: Kingambit|35/100|[from] item: Leftovers
|upkeep
|
|t:|1758935648
|switch|p1a: Indeedee|Indeedee, M|100/100
|-status|p1a: Indeedee|tox
|-fieldstart|move: Psychic Terrain|[from] ability: Psychic Surge|[of] p1a: Indeedee
|turn|17
|
|t:|1758935655
|move|p2a: Kingambit|Kowtow Cleave|p1a: Indeedee
|-supereffective|p1a: Indeedee
|-damage|p1a: Indeedee|0 fnt
|faint|p1a: Indeedee
|
|-heal|p2a: Kingambit|42/100|[from] item: Leftovers
|upkeep
|
|t:|1758935657
|switch|p1a: Hoopa|Hoopa-Unbound|100/100
|-status|p1a: Hoopa|tox
|-enditem|p1a: Hoopa|Psychic Seed
|-boost|p1a: Hoopa|spd|1|[from] item: Psychic Seed
|turn|18
|
|t:|1758935666
|move|p1a: Hoopa|Focus Blast|p2a: Kingambit|[miss]
|-miss|p1a: Hoopa|p2a: Kingambit
|move|p2a: Kingambit|Kowtow Cleave|p1a: Hoopa
|-damage|p1a: Hoopa|21/100 tox
|
|-heal|p2a: Kingambit|48/100|[from] item: Leftovers
|-damage|p1a: Hoopa|15/100 tox|[from] psn
|upkeep
|turn|19
|inactive|Moldy kk has 90 seconds left.
|
|t:|1758935679
|move|p1a: Hoopa|Focus Blast|p2a: Kingambit|[miss]
|-miss|p1a: Hoopa|p2a: Kingambit
|move|p2a: Kingambit|Kowtow Cleave|p1a: Hoopa
|-damage|p1a: Hoopa|0 fnt
|faint|p1a: Hoopa
|
|-heal|p2a: Kingambit|54/100|[from] item: Leftovers
|upkeep
|
|t:|1758935691
|switch|p1a: Hatterene|Hatterene, F|45/100 tox
|turn|20
|
|t:|1758935704
|move|p2a: Kingambit|Iron Head|p1a: Hatterene
|-supereffective|p1a: Hatterene
|-damage|p1a: Hatterene|0 fnt
|faint|p1a: Hatterene
|
|win|Moldy kk
|raw|frosssted's rating: 1289 &rarr; <strong>1264</strong><br />(-25 for losing)
|raw|Moldy kk's rating: 1288 &rarr; <strong>1313</strong><br />(+25 for winning)
|l|☆Moldy kk
|player|p2|
|c|☆frosssted|nah i got robbed
