|j|☆Rj yoip
|j|☆Mr.X&Y97
|t:|1758932597
|gametype|singles
|player|p1|Rj yoip|caitlin-masters|1568
|player|p2|Mr.X&Y97|ingo|1571
|gen|9
|tier|[Gen 9] OU
|rated|
|rule|HP Percentage Mod: HP is shown in percentages
|rule|Endless Battle Clause: Forcing endless battles is banned
|rule|Species Clause: Limit one of each Pokémon
|rule|OHKO Clause: OHKO moves are banned
|rule|Evasion Items Clause: Evasion items are banned
|rule|Evasion Moves Clause: Evasion moves are banned
|rule|Evasion Abilities Clause: Evasion abilities are banned
|rule|Sleep Moves Clause: Sleep-inducing moves are banned
|clearpoke
|poke|p1|Zapdos-Galar|
|poke|p1|Darkrai|
|poke|p1|Clefable, M|
|poke|p1|Gliscor, F|
|poke|p1|Dragapult, M|
|poke|p1|Kingambit, F|
|poke|p2|Ursaluna, M|
|poke|p2|Hatterene, F|
|poke|p2|Keldeo-Resolute|
|poke|p2|Cresselia, F|
|poke|p2|Iron Valiant|
|poke|p2|Ogerpon, F|
|teampreview
|inactive|Battle timer is ON: inactive players will automatically lose when time's up. (requested by Mr.X&Y97)
|
|t:|1758932611
|teamsize|p1|6
|teamsize|p2|6
|start
|switch|p1a: Dragapult|Dragapult, M|100/100
|switch|p2a: Ursaluna|Ursaluna, M|100/100
|turn|1
|
|t:|1758932622
|move|p1a: Dragapult|U-turn|p2a: Ursaluna
|-damage|p2a: Ursaluna|87/100
|
|t:|1758932623
|switch|p1a: Clefable|Clefable, M|100/100|[from] U-turn
|move|p2a: Ursaluna|Ice Punch|p1a: Clefable
|-damage|p1a: Clefable|76/100
|
|-status|p2a: Ursaluna|brn|[from] item: Flame Orb
|upkeep
|turn|2
|
|t:|1758932627
|move|p1a: Clefable|Knock Off|p2a: Ursaluna
|-damage|p2a: Ursaluna|77/100 brn
|-enditem|p2a: Ursaluna|Flame Orb|[from] move: Knock Off|[of] p1a: Clefable
|move|p2a: Ursaluna|Facade|p1a: Clefable
|-damage|p1a: Clefable|0 fnt
|faint|p1a: Clefable
|
|-damage|p2a: Ursaluna|71/100 brn|[from] brn
|-damage|p2a: Ursaluna|58/100 brn|[from] item: Sticky Barb
|upkeep
|
|t:|1758932640
|switch|p1a: Gliscor|Gliscor, F|100/100
|turn|3
|
|t:|1758932645
|move|p1a: Gliscor|Protect|p1a: Gliscor
|-singleturn|p1a: Gliscor|Protect
|move|p2a: Ursaluna|Facade|p1a: Gliscor
|-activate|p1a: Gliscor|move: Protect
|
|-damage|p2a: Ursaluna|52/100 brn|[from] brn
|-status|p1a: Gliscor|tox|[from] item: Toxic Orb
|-damage|p2a: Ursaluna|40/100 brn|[from] item: Sticky Barb
|upkeep
|turn|4
|
|t:|1758932650
|-terastallize|p1a: Gliscor|Water
|move|p1a: Gliscor|Spikes|p2a: Ursaluna
|-sidestart|p2: Mr.X&Y97|Spikes
|move|p2a: Ursaluna|Ice Punch|p1a: Gliscor
|-resisted|p1a: Gliscor
|-damage|p1a: Gliscor|82/100 tox
|
|-heal|p1a: Gliscor|94/100 tox|[from] ability: Poison Heal
|-damage|p2a: Ursaluna|34/100 brn|[from] brn
|-damage|p2a: Ursaluna|22/100 brn|[from] item: Sticky Barb
|upkeep
|turn|5
|
|t:|1758932655
|switch|p2a: Hatterene|Hatterene, F|100/100
|-damage|p2a: Hatterene|88/100|[from] Spikes
|move|p1a: Gliscor|Protect||[still]
|-fail|p1a: Gliscor
|
|-heal|p1a: Gliscor|100/100 tox|[from] ability: Poison Heal
|upkeep
|turn|6
|
|t:|1758932658
|move|p1a: Gliscor|Earthquake|p2a: Hatterene
|-damage|p2a: Hatterene|52/100
|move|p2a: Hatterene|Trick Room|p2a: Hatterene
|-fieldstart|move: Trick Room|[of] p2a: Hatterene
|
|upkeep
|turn|7
|
|t:|1758932662
|move|p2a: Hatterene|Healing Wish|p2a: Hatterene
|faint|p2a: Hatterene
|move|p1a: Gliscor|Toxic|p2: Hatterene|[notarget]
|-fail|p1a: Gliscor
|
|upkeep
|
|t:|1758932665
|switch|p2a: Ursaluna|Ursaluna, M|22/100 brn
|-heal|p2a: Ursaluna|100/100|[from] move: Healing Wish
|-damage|p2a: Ursaluna|88/100|[from] Spikes
|turn|8
|
|t:|1758932675
|move|p1a: Gliscor|Protect|p1a: Gliscor
|-singleturn|p1a: Gliscor|Protect
|move|p2a: Ursaluna|Facade|p1a: Gliscor
|-activate|p1a: Gliscor|move: Protect
|
|-damage|p2a: Ursaluna|76/100|[from] item: Sticky Barb
|upkeep
|turn|9
|c|☆Rj yoip|Uhh
|
|t:|1758932689
|move|p2a: Ursaluna|Headlong Rush|p1a: Gliscor
|-damage|p1a: Gliscor|38/100 tox
|-unboost|p2a: Ursaluna|def|1
|-unboost|p2a: Ursaluna|spd|1
|move|p1a: Gliscor|Spikes|p2a: Ursaluna
|-sidestart|p2: Mr.X&Y97|Spikes
|
|-heal|p1a: Gliscor|50/100 tox|[from] ability: Poison Heal
|-damage|p2a: Ursaluna|64/100|[from] item: Sticky Barb
|upkeep
|turn|10
|
|t:|1758932693
|move|p1a: Gliscor|Protect|p1a: Gliscor
|-singleturn|p1a: Gliscor|Protect
|move|p2a: Ursaluna|Headlong Rush|p1a: Gliscor
|-activate|p1a: Gliscor|move: Protect
|
|-heal|p1a: Gliscor|63/100 tox|[from] ability: Poison Heal
|-fieldend|move: Trick Room
|-damage|p2a: Ursaluna|51/100|[from] item: Sticky Barb
|upkeep
|turn|11
|
|t:|1758932696
|switch|p1a: Zapdos|Zapdos-Galar|100/100
|move|p2a: Ursaluna|Headlong Rush|p1a: Zapdos
|-immune|p1a: Zapdos
|
|-damage|p2a: Ursaluna|39/100|[from] item: Sticky Barb
|upkeep
|turn|12
|
|t:|1758932701
|move|p1a: Zapdos|Thunderous Kick|p2a: Ursaluna
|-supereffective|p2a: Ursaluna
|-damage|p2a: Ursaluna|0 fnt
|faint|p2a: Ursaluna
|
|upkeep
|
|t:|1758932709
|switch|p2a: Iron Valiant|Iron Valiant|100/100
|-damage|p2a: Iron Valiant|84/100|[from] Spikes
|-enditem|p2a: Iron Valiant|Booster Energy
|-activate|p2a: Iron Valiant|ability: Quark Drive|[fromitem]
|-start|p2a: Iron Valiant|quarkdrivespe
|turn|13
|
|t:|1758932714
|move|p2a: Iron Valiant|Moonblast|p1a: Zapdos
|-supereffective|p1a: Zapdos
|-damage|p1a: Zapdos|0 fnt
|faint|p1a: Zapdos
|
|upkeep
|
|t:|1758932716
|switch|p1a: Kingambit|Kingambit, F|100/100
|-activate|p1a: Kingambit|ability: Supreme Overlord
|-start|p1a: Kingambit|fallen2|[silent]
|-item|p1a: Kingambit|Air Balloon
|turn|14
|
|t:|1758932719
|move|p2a: Iron Valiant|Close Combat|p1a: Kingambit
|-supereffective|p1a: Kingambit
|-damage|p1a: Kingambit|0 fnt
|-unboost|p2a: Iron Valiant|def|1
|-unboost|p2a: Iron Valiant|spd|1
|-enditem|p1a: Kingambit|Air Balloon
|faint|p1a: Kingambit
|-end|p1a: Kingambit|fallen2|[silent]
|
|upkeep
|
|t:|1758932722
|switch|p1a: Darkrai|Darkrai|100/100
|turn|15
|
|t:|1758932724
|move|p2a: Iron Valiant|Moonblast|p1a: Darkrai
|-supereffective|p1a: Darkrai
|-damage|p1a: Darkrai|0 fnt
|faint|p1a: Darkrai
|
|upkeep
|
|t:|1758932725
|switch|p1a: Gliscor|Gliscor, F, tera:Water|63/100 tox
|turn|16
|
|t:|1758932731
|move|p2a: Iron Valiant|Moonblast|p1a: Gliscor
|-damage|p1a: Gliscor|25/100 tox
|move|p1a: Gliscor|Earthquake|p2a: Iron Valiant
|-damage|p2a: Iron Valiant|23/100
|
|-heal|p1a: Gliscor|37/100 tox|[from] ability: Poison Heal
|upkeep
|turn|17
|
|t:|1758932737
|move|p1a: Gliscor|Protect|p1a: Gliscor
|-singleturn|p1a: Gliscor|Protect
|move|p2a: Iron Valiant|Moonblast|p1a: Gliscor
|-activate|p1a: Gliscor|move: Protect
|
|-heal|p1a: Gliscor|50/100 tox|[from] ability: Poison Heal
|upkeep
|turn|18
|
|t:|1758932739
|move|p2a: Iron Valiant|Destiny Bond|p2a: Iron Valiant
|-singlemove|p2a: Iron Valiant|Destiny Bond
|move|p1a: Gliscor|Earthquake|p2a: Iron Valiant
|-damage|p2a: Iron Valiant|0 fnt
|faint|p2a: Iron Valiant
|-activate|p2a: Iron Valiant|move: Destiny Bond
|-end|p2a: Iron Valiant|Quark Drive|[silent]
|faint|p1a: Gliscor
|
|upkeep
|
|t:|1758932747
|switch|p2a: Ogerpon|Ogerpon, F|100/100
|switch|p1a: Dragapult|Dragapult, M|100/100
|-damage|p2a: Ogerpon|84/100|[from] Spikes
|turn|19
|
|t:|1758932749
|-terastallize|p2a: Ogerpon|Grass
|detailschange|p2a: Ogerpon|Ogerpon-Teal-Tera, F, tera:Grass
|-ability|p2a: Ogerpon|Embody Aspect (Teal)|boost
|-boost|p2a: Ogerpon|spe|1
|move|p2a: Ogerpon|Knock Off|p1a: Dragapult
|-supereffective|p1a: Dragapult
|-damage|p1a: Dragapult|0 fnt
|-enditem|p1a: Dragapult|Heavy-Duty Boots|[from] move: Knock Off|[of] p2a: Ogerpon
|faint|p1a: Dragapult
|
|win|Mr.X&Y97
|raw|Rj yoip's rating: 1568 &rarr; <strong>1548</strong><br />(-20 for losing)
|raw|Mr.X&amp;Y97's rating: 1571 &rarr; <strong>1591</strong><br />(+20 for winning)
|l|☆Rj yoip
|player|p1|
