|j|☆Mohy_789
|j|☆huang_zong
|t:|1758983516
|gametype|singles
|player|p1|Mohy_789|266|1202
|player|p2|huang_zong|101|1240
|gen|9
|tier|[Gen 9] OU
|rated|
|rule|HP Percentage Mod: HP is shown in percentages
|rule|Endless Battle Clause: Forcing endless battles is banned
|rule|Species Clause: Limit one of each Pokémon
|rule|OHKO Clause: OHKO moves are banned
|rule|Evasion Items Clause: Evasion items are banned
|rule|Evasion Moves Clause: Evasion moves are banned
|rule|Evasion Abilities Clause: Evasion abilities are banned
|rule|Sleep Moves Clause: Sleep-inducing moves are banned
|clearpoke
|poke|p1|Walking Wake|
|poke|p1|Whimsicott, F|
|poke|p1|Glimmora, F|
|poke|p1|Great Tusk|
|poke|p1|Kingambit, M|
|poke|p1|Gholdengo|
|poke|p2|Torkoal, M|
|poke|p2|Walking Wake|
|poke|p2|Great Tusk|
|poke|p2|Brute Bonnet|
|poke|p2|Scizor, F|
|poke|p2|Corviknight, F|
|teampreview
|inactive|Battle timer is ON: inactive players will automatically lose when time's up. (requested by Mohy_789)
|
|t:|1758983541
|teamsize|p1|6
|teamsize|p2|6
|start
|switch|p1a: dexter|Walking Wake|100/100
|switch|p2a: Great Tusk|Great Tusk|100/100
|turn|1
|
|t:|1758983548
|-end|p2a: Great Tusk|Protosynthesis|[silent]
|switch|p2a: Brute Bonnet|Brute Bonnet|100/100
|move|p1a: dexter|Hydro Steam|p2a: Brute Bonnet
|-resisted|p2a: Brute Bonnet
|-damage|p2a: Brute Bonnet|75/100
|
|-heal|p2a: Brute Bonnet|81/100|[from] item: Leftovers
|upkeep
|turn|2
|
|t:|1758983561
|-end|p1a: dexter|Protosynthesis|[silent]
|switch|p1a: Whimsicott|Whimsicott, F, shiny|100/100
|move|p2a: Brute Bonnet|Crunch|p1a: Whimsicott
|-resisted|p1a: Whimsicott
|-damage|p1a: Whimsicott|74/100
|-unboost|p1a: Whimsicott|def|1
|-enditem|p1a: Whimsicott|Eject Button
|
|t:|1758983575
|switch|p1a: Barista|Great Tusk|100/100
|-enditem|p1a: Barista|Booster Energy
|-activate|p1a: Barista|ability: Protosynthesis|[fromitem]
|-start|p1a: Barista|protosynthesisatk
|
|-heal|p2a: Brute Bonnet|87/100|[from] item: Leftovers
|upkeep
|turn|3
|
|t:|1758983592
|-end|p2a: Brute Bonnet|Protosynthesis|[silent]
|switch|p2a: Corviknight|Corviknight, F|100/100
|move|p1a: Barista|Close Combat|p2a: Corviknight
|-damage|p2a: Corviknight|45/100
|-unboost|p1a: Barista|def|1
|-unboost|p1a: Barista|spd|1
|-damage|p1a: Barista|84/100|[from] item: Rocky Helmet|[of] p2a: Corviknight
|
|upkeep
|turn|4
|
|t:|1758983600
|move|p1a: Barista|Close Combat|p2a: Corviknight
|-damage|p2a: Corviknight|0 fnt
|-unboost|p1a: Barista|def|1
|-unboost|p1a: Barista|spd|1
|-damage|p1a: Barista|68/100|[from] item: Rocky Helmet|[of] p2a: Corviknight
|faint|p2a: Corviknight
|
|upkeep
|
|t:|1758983607
|switch|p2a: Walking Wake|Walking Wake|100/100
|turn|5
|
|t:|1758983615
|-end|p1a: Barista|Protosynthesis|[silent]
|switch|p1a: Whimsicott|Whimsicott, F, shiny|74/100
|move|p2a: Walking Wake|Draco Meteor|p1a: Whimsicott
|-immune|p1a: Whimsicott
|
|upkeep
|turn|6
|
|t:|1758983621
|-end|p2a: Walking Wake|Protosynthesis|[silent]
|switch|p2a: Torkoal|Torkoal, M|100/100
|-weather|SunnyDay|[from] ability: Drought|[of] p2a: Torkoal
|move|p1a: Whimsicott|Tailwind|p1a: Whimsicott
|-sidestart|p1: Mohy_789|move: Tailwind
|
|-weather|SunnyDay|[upkeep]
|upkeep
|turn|7
|
|t:|1758983628
|move|p1a: Whimsicott|Taunt|p2a: Torkoal
|-start|p2a: Torkoal|move: Taunt
|cant|p2a: Torkoal|move: Taunt|Stealth Rock
|
|-weather|SunnyDay|[upkeep]
|upkeep
|turn|8
|
|t:|1758983633
|switch|p1a: dexter|Walking Wake|100/100
|-activate|p1a: dexter|ability: Protosynthesis
|-start|p1a: dexter|protosynthesisspa
|move|p2a: Torkoal|Lava Plume|p1a: dexter
|-resisted|p1a: dexter
|-damage|p1a: dexter|90/100
|-status|p1a: dexter|brn
|
|-weather|SunnyDay|[upkeep]
|-damage|p1a: dexter|84/100 brn|[from] brn
|upkeep
|turn|9
|
|t:|1758983645
|switch|p2a: Scizor|Scizor, F|100/100
|move|p1a: dexter|Hydro Steam|p2a: Scizor
|-damage|p2a: Scizor|0 fnt
|faint|p2a: Scizor
|
|-weather|SunnyDay|[upkeep]
|-damage|p1a: dexter|78/100 brn|[from] brn
|-sideend|p1: Mohy_789|move: Tailwind
|upkeep
|
|t:|1758983651
|switch|p2a: Walking Wake|Walking Wake|100/100
|-activate|p2a: Walking Wake|ability: Protosynthesis
|-start|p2a: Walking Wake|protosynthesisspa
|turn|10
|
|t:|1758983658
|-end|p1a: dexter|Protosynthesis|[silent]
|switch|p1a: Whimsicott|Whimsicott, F, shiny|74/100
|move|p2a: Walking Wake|Flamethrower|p1a: Whimsicott
|-supereffective|p1a: Whimsicott
|-damage|p1a: Whimsicott|0 fnt
|faint|p1a: Whimsicott
|
|-weather|SunnyDay|[upkeep]
|upkeep
|
|t:|1758983668
|switch|p1a: dexter|Walking Wake|78/100 brn
|-activate|p1a: dexter|ability: Protosynthesis
|-start|p1a: dexter|protosynthesisspa
|turn|11
|
|t:|1758983677
|-end|p2a: Walking Wake|Protosynthesis|[silent]
|switch|p2a: Brute Bonnet|Brute Bonnet|87/100
|-activate|p2a: Brute Bonnet|ability: Protosynthesis
|-start|p2a: Brute Bonnet|protosynthesisatk
|-terastallize|p1a: dexter|Fairy
|move|p1a: dexter|Draco Meteor|p2a: Brute Bonnet
|-crit|p2a: Brute Bonnet
|-damage|p2a: Brute Bonnet|0 fnt
|-unboost|p1a: dexter|spa|2
|faint|p2a: Brute Bonnet
|-end|p2a: Brute Bonnet|Protosynthesis|[silent]
|
|-weather|SunnyDay|[upkeep]
|-damage|p1a: dexter|72/100 brn|[from] brn
|upkeep
|
|t:|1758983691
|switch|p2a: Walking Wake|Walking Wake|100/100
|-activate|p2a: Walking Wake|ability: Protosynthesis
|-start|p2a: Walking Wake|protosynthesisspa
|turn|12
|
|t:|1758983707
|move|p2a: Walking Wake|Hydro Steam|p1a: dexter
|-damage|p1a: dexter|0 fnt
|faint|p1a: dexter
|-end|p1a: dexter|Protosynthesis|[silent]
|
|-weather|SunnyDay|[upkeep]
|upkeep
|
|t:|1758983717
|switch|p1a: debra|Glimmora, F|100/100
|-item|p1a: debra|Air Balloon
|turn|13
|
|t:|1758983721
|move|p1a: debra|Spiky Shield|p1a: debra
|-singleturn|p1a: debra|move: Protect
|move|p2a: Walking Wake|Hydro Steam|p1a: debra
|-activate|p1a: debra|move: Protect
|
|-weather|none
|-end|p2a: Walking Wake|Protosynthesis
|upkeep
|turn|14
|
|t:|1758983735
|-end|p2a: Walking Wake|Protosynthesis|[silent]
|switch|p2a: Torkoal|Torkoal, M|100/100
|-weather|SunnyDay|[from] ability: Drought|[of] p2a: Torkoal
|switch|p1a: masuda|Kingambit, M|100/100
|-activate|p1a: masuda|ability: Supreme Overlord
|-start|p1a: masuda|fallen2|[silent]
|
|-weather|SunnyDay|[upkeep]
|upkeep
|turn|15
|
|t:|1758983749
|-end|p1a: masuda|fallen2|[silent]
|switch|p1a: Barista|Great Tusk|68/100
|-activate|p1a: Barista|ability: Protosynthesis
|-start|p1a: Barista|protosynthesisatk
|move|p2a: Torkoal|Body Press|p1a: Barista
|-damage|p1a: Barista|44/100
|
|-weather|SunnyDay|[upkeep]
|upkeep
|turn|16
|
|t:|1758983761
|switch|p2a: Great Tusk|Great Tusk|100/100
|-activate|p2a: Great Tusk|ability: Protosynthesis
|-start|p2a: Great Tusk|protosynthesisatk
|move|p1a: Barista|Rapid Spin|p2a: Great Tusk
|-damage|p2a: Great Tusk|82/100
|-boost|p1a: Barista|spe|1
|
|-weather|SunnyDay|[upkeep]
|-heal|p2a: Great Tusk|88/100|[from] item: Leftovers
|upkeep
|turn|17
|
|t:|1758983772
|move|p1a: Barista|Ice Spinner|p2a: Great Tusk
|-supereffective|p2a: Great Tusk
|-damage|p2a: Great Tusk|40/100
|move|p2a: Great Tusk|Ice Spinner|p1a: Barista
|-supereffective|p1a: Barista
|-damage|p1a: Barista|0 fnt
|faint|p1a: Barista
|-end|p1a: Barista|Protosynthesis|[silent]
|
|-weather|SunnyDay|[upkeep]
|-heal|p2a: Great Tusk|46/100|[from] item: Leftovers
|upkeep
|
|t:|1758983783
|switch|p1a: harison|Gholdengo, shiny|100/100
|turn|18
|
|t:|1758983792
|-end|p2a: Great Tusk|Protosynthesis|[silent]
|switch|p2a: Torkoal|Torkoal, M|100/100
|switch|p1a: debra|Glimmora, F|100/100
|-item|p1a: debra|Air Balloon
|
|-weather|SunnyDay|[upkeep]
|upkeep
|turn|19
|
|t:|1758983803
|move|p1a: debra|Power Gem|p2a: Torkoal
|-supereffective|p2a: Torkoal
|-damage|p2a: Torkoal|0 fnt
|faint|p2a: Torkoal
|
|-weather|SunnyDay|[upkeep]
|upkeep
|
|t:|1758983807
|switch|p2a: Walking Wake|Walking Wake|100/100
|-activate|p2a: Walking Wake|ability: Protosynthesis
|-start|p2a: Walking Wake|protosynthesisspa
|turn|20
|
|t:|1758983815
|-terastallize|p2a: Walking Wake|Water
|move|p1a: debra|Spiky Shield|p1a: debra
|-singleturn|p1a: debra|move: Protect
|move|p2a: Walking Wake|Hydro Steam|p1a: debra
|-activate|p1a: debra|move: Protect
|
|-weather|SunnyDay|[upkeep]
|upkeep
|turn|21
|
|t:|1758983823
|move|p2a: Walking Wake|Hydro Steam|p1a: debra
|-supereffective|p1a: debra
|-damage|p1a: debra|0 fnt
|-enditem|p1a: debra|Air Balloon
|faint|p1a: debra
|
|-weather|none
|-end|p2a: Walking Wake|Protosynthesis
|upkeep
|
|t:|1758983834
|switch|p1a: masuda|Kingambit, M|100/100
|-activate|p1a: masuda|ability: Supreme Overlord
|-start|p1a: masuda|fallen4|[silent]
|turn|22
|
|t:|1758983850
|-end|p2a: Walking Wake|Protosynthesis|[silent]
|switch|p2a: Great Tusk|Great Tusk|46/100
|move|p1a: masuda|Low Kick|p2a: Great Tusk
|-damage|p2a: Great Tusk|0 fnt
|faint|p2a: Great Tusk
|-end|p2a: Great Tusk|Protosynthesis|[silent]
|
|upkeep
|
|t:|1758983856
|switch|p2a: Walking Wake|Walking Wake, tera:Water|100/100
|turn|23
|
|t:|1758983873
|move|p1a: masuda|Sucker Punch|p2a: Walking Wake
|-damage|p2a: Walking Wake|38/100
|move|p2a: Walking Wake|Flamethrower|p1a: masuda
|-supereffective|p1a: masuda
|-damage|p1a: masuda|59/100
|
|upkeep
|turn|24
|
|t:|1758983880
|move|p1a: masuda|Sucker Punch|p2a: Walking Wake
|-damage|p2a: Walking Wake|0 fnt
|faint|p2a: Walking Wake
|-end|p2a: Walking Wake|Protosynthesis|[silent]
|
|win|Mohy_789
|raw|Mohy_789's rating: 1202 &rarr; <strong>1230</strong><br />(+28 for winning)
|raw|huang_zong's rating: 1240 &rarr; <strong>1212</strong><br />(-28 for losing)
|l|☆huang_zong
|player|p2|
|l|☆Mohy_789
|player|p1|
