|j|☆SL Trazeeem
|j|☆FamiliarShores
|t:|1758937633
|gametype|singles
|player|p1|SL Trazeeem|169|1271
|player|p2|FamiliarShores|youngster-gen4dp|1300
|gen|9
|tier|[Gen 9] OU
|rated|
|rule|HP Percentage Mod: HP is shown in percentages
|rule|Endless Battle Clause: Forcing endless battles is banned
|rule|Species Clause: Limit one of each Pokémon
|rule|OHKO Clause: OHKO moves are banned
|rule|Evasion Items Clause: Evasion items are banned
|rule|Evasion Moves Clause: Evasion moves are banned
|rule|Evasion Abilities Clause: Evasion abilities are banned
|rule|Sleep Moves Clause: Sleep-inducing moves are banned
|clearpoke
|poke|p1|Gholdengo|
|poke|p1|Ceruledge, M|
|poke|p1|Ting-Lu|
|poke|p1|Great Tusk|
|poke|p1|Enamorus, F|
|poke|p1|Iron Boulder|
|poke|p2|Zapdos|
|poke|p2|Slowking-Galar, M|
|poke|p2|Jirachi|
|poke|p2|Landorus-Therian, M|
|poke|p2|Alomomola, F|
|poke|p2|Kingambit, F|
|teampreview
|inactive|Battle timer is ON: inactive players will automatically lose when time's up. (requested by SL Trazeeem)
|
|t:|1758937648
|teamsize|p1|6
|teamsize|p2|6
|start
|switch|p1a: Great Tusk|Great Tusk|100/100
|switch|p2a: Landorus|Landorus-Therian, M|100/100
|-ability|p2a: Landorus|Intimidate|boost
|-unboost|p1a: Great Tusk|atk|1
|turn|1
|
|t:|1758937652
|switch|p2a: Zapdos|Zapdos|100/100
|move|p1a: Great Tusk|Ice Spinner|p2a: Zapdos
|-supereffective|p2a: Zapdos
|-damage|p2a: Zapdos|79/100
|-status|p1a: Great Tusk|par|[from] ability: Static|[of] p2a: Zapdos
|
|upkeep
|turn|2
|
|t:|1758937660
|-end|p1a: Great Tusk|Protosynthesis|[silent]
|switch|p1a: Ting-Lu|Ting-Lu|100/100
|-ability|p1a: Ting-Lu|Vessel of Ruin
|move|p2a: Zapdos|Substitute|p2a: Zapdos
|-start|p2a: Zapdos|Substitute
|-damage|p2a: Zapdos|54/100
|
|upkeep
|turn|3
|
|t:|1758937664
|move|p2a: Zapdos|Hurricane|p1a: Ting-Lu|[miss]
|-miss|p2a: Zapdos|p1a: Ting-Lu
|move|p1a: Ting-Lu|Whirlwind|p2a: Zapdos
|drag|p2a: Slowking|Slowking-Galar, M|100/100
|
|upkeep
|turn|4
|
|t:|1758937667
|switch|p2a: Landorus|Landorus-Therian, M|100/100
|-ability|p2a: Landorus|Intimidate|boost
|-unboost|p1a: Ting-Lu|atk|1
|move|p1a: Ting-Lu|Spikes|p2a: Landorus
|-sidestart|p2: FamiliarShores|Spikes
|
|upkeep
|turn|5
|
|t:|1758937670
|move|p2a: Landorus|Fling|p1a: Ting-Lu
|-resisted|p1a: Ting-Lu
|-damage|p1a: Ting-Lu|98/100
|-status|p1a: Ting-Lu|par
|-enditem|p2a: Landorus|Light Ball|[from] move: Fling
|cant|p1a: Ting-Lu|par
|
|-heal|p1a: Ting-Lu|100/100 par|[from] item: Leftovers
|upkeep
|turn|6
|
|t:|1758937681
|move|p2a: Landorus|Stealth Rock|p1a: Ting-Lu
|-sidestart|p1: SL Trazeeem|move: Stealth Rock
|move|p1a: Ting-Lu|Spikes|p2a: Landorus
|-sidestart|p2: FamiliarShores|Spikes
|
|upkeep
|turn|7
|
|t:|1758937683
|move|p2a: Landorus|U-turn|p1a: Ting-Lu
|-supereffective|p1a: Ting-Lu
|-damage|p1a: Ting-Lu|79/100 par
|
|t:|1758937685
|switch|p2a: Zapdos|Zapdos|54/100|[from] U-turn
|move|p1a: Ting-Lu|Spikes|p2a: Zapdos
|-sidestart|p2: FamiliarShores|Spikes
|
|-heal|p1a: Ting-Lu|85/100 par|[from] item: Leftovers
|upkeep
|turn|8
|
|t:|1758937688
|move|p2a: Zapdos|Roost|p2a: Zapdos
|-heal|p2a: Zapdos|100/100
|-singleturn|p2a: Zapdos|move: Roost
|move|p1a: Ting-Lu|Whirlwind|p2a: Zapdos
|drag|p2a: Jirachi|Jirachi|100/100
|-damage|p2a: Jirachi|76/100|[from] Spikes
|
|-heal|p2a: Jirachi|82/100|[from] item: Leftovers
|-heal|p1a: Ting-Lu|92/100 par|[from] item: Leftovers
|upkeep
|turn|9
|
|t:|1758937692
|move|p2a: Jirachi|Substitute|p2a: Jirachi
|-start|p2a: Jirachi|Substitute
|-damage|p2a: Jirachi|57/100
|move|p1a: Ting-Lu|Ruination|p2a: Jirachi
|-end|p2a: Jirachi|Substitute
|
|-heal|p2a: Jirachi|63/100|[from] item: Leftovers
|-heal|p1a: Ting-Lu|98/100 par|[from] item: Leftovers
|upkeep
|turn|10
|
|t:|1758937694
|move|p2a: Jirachi|Iron Head|p1a: Ting-Lu
|-damage|p1a: Ting-Lu|84/100 par
|cant|p1a: Ting-Lu|flinch
|
|-heal|p2a: Jirachi|69/100|[from] item: Leftovers
|-heal|p1a: Ting-Lu|90/100 par|[from] item: Leftovers
|upkeep
|turn|11
|
|t:|1758937708
|move|p2a: Jirachi|Substitute|p2a: Jirachi
|-start|p2a: Jirachi|Substitute
|-damage|p2a: Jirachi|45/100
|move|p1a: Ting-Lu|Whirlwind|p2a: Jirachi
|drag|p2a: Slowking|Slowking-Galar, M|100/100
|
|-heal|p1a: Ting-Lu|96/100 par|[from] item: Leftovers
|upkeep
|turn|12
|
|t:|1758937713
|switch|p2a: Alomomola|Alomomola, F|100/100
|move|p1a: Ting-Lu|Ruination|p2a: Alomomola
|-damage|p2a: Alomomola|50/100
|
|-heal|p1a: Ting-Lu|100/100 par|[from] item: Leftovers
|upkeep
|turn|13
|
|t:|1758937718
|move|p2a: Alomomola|Wish|p2a: Alomomola
|cant|p1a: Ting-Lu|par
|
|upkeep
|turn|14
|
|t:|1758937724
|move|p2a: Alomomola|Flip Turn|p1a: Ting-Lu
|-supereffective|p1a: Ting-Lu
|-damage|p1a: Ting-Lu|83/100 par
|
|t:|1758937727
|switch|p2a: Zapdos|Zapdos|100/100|[from] Flip Turn
|move|p1a: Ting-Lu|Ruination|p2a: Zapdos|[miss]
|-miss|p1a: Ting-Lu|p2a: Zapdos
|
|-heal|p1a: Ting-Lu|89/100 par|[from] item: Leftovers
|upkeep
|turn|15
|
|t:|1758937731
|move|p2a: Zapdos|Hurricane|p1a: Ting-Lu
|-damage|p1a: Ting-Lu|66/100 par
|move|p1a: Ting-Lu|Ruination|p2a: Zapdos
|-damage|p2a: Zapdos|51/100
|
|-heal|p1a: Ting-Lu|72/100 par|[from] item: Leftovers
|upkeep
|turn|16
|
|t:|1758937737
|move|p2a: Zapdos|Roost|p2a: Zapdos
|-heal|p2a: Zapdos|100/100
|-singleturn|p2a: Zapdos|move: Roost
|move|p1a: Ting-Lu|Ruination|p2a: Zapdos
|-damage|p2a: Zapdos|51/100
|
|-heal|p1a: Ting-Lu|78/100 par|[from] item: Leftovers
|upkeep
|turn|17
|
|t:|1758937742
|move|p2a: Zapdos|Hurricane|p1a: Ting-Lu
|-damage|p1a: Ting-Lu|58/100 par
|-start|p1a: Ting-Lu|confusion
|-activate|p1a: Ting-Lu|confusion
|move|p1a: Ting-Lu|Whirlwind|p2a: Zapdos
|drag|p2a: Kingambit|Kingambit, F|100/100
|-damage|p2a: Kingambit|76/100|[from] Spikes
|
|-heal|p2a: Kingambit|82/100|[from] item: Leftovers
|-heal|p1a: Ting-Lu|65/100 par|[from] item: Leftovers
|upkeep
|turn|18
|
|t:|1758937747
|-end|p2a: Kingambit|fallenundefined|[silent]
|switch|p2a: Zapdos|Zapdos|51/100
|-end|p1a: Ting-Lu|confusion
|move|p1a: Ting-Lu|Body Press|p2a: Zapdos
|-resisted|p2a: Zapdos
|-damage|p2a: Zapdos|41/100
|
|-heal|p1a: Ting-Lu|71/100 par|[from] item: Leftovers
|upkeep
|turn|19
|
|t:|1758937757
|move|p2a: Zapdos|Roost|p2a: Zapdos
|-heal|p2a: Zapdos|92/100
|-singleturn|p2a: Zapdos|move: Roost
|move|p1a: Ting-Lu|Whirlwind|p2a: Zapdos
|drag|p2a: Jirachi|Jirachi|45/100
|-damage|p2a: Jirachi|20/100|[from] Spikes
|
|-heal|p2a: Jirachi|26/100|[from] item: Leftovers
|-heal|p1a: Ting-Lu|77/100 par|[from] item: Leftovers
|upkeep
|turn|20
|
|t:|1758937767
|move|p2a: Jirachi|Iron Head|p1a: Ting-Lu
|-damage|p1a: Ting-Lu|62/100 par
|cant|p1a: Ting-Lu|flinch
|
|-heal|p2a: Jirachi|32/100|[from] item: Leftovers
|-heal|p1a: Ting-Lu|68/100 par|[from] item: Leftovers
|upkeep
|turn|21
|
|t:|1758937770
|move|p2a: Jirachi|Iron Head|p1a: Ting-Lu
|-damage|p1a: Ting-Lu|54/100 par
|cant|p1a: Ting-Lu|flinch
|
|-heal|p2a: Jirachi|38/100|[from] item: Leftovers
|-heal|p1a: Ting-Lu|61/100 par|[from] item: Leftovers
|upkeep
|turn|22
|
|t:|1758937772
|move|p2a: Jirachi|Iron Head|p1a: Ting-Lu
|-damage|p1a: Ting-Lu|46/100 par
|move|p1a: Ting-Lu|Whirlwind|p2a: Jirachi
|drag|p2a: Alomomola|Alomomola, F|84/100
|
|-heal|p1a: Ting-Lu|52/100 par|[from] item: Leftovers
|upkeep
|turn|23
|
|t:|1758937778
|move|p2a: Alomomola|Wish|p2a: Alomomola
|cant|p1a: Ting-Lu|par
|
|-heal|p1a: Ting-Lu|58/100 par|[from] item: Leftovers
|upkeep
|turn|24
|
|t:|1758937782
|switch|p2a: Zapdos|Zapdos|92/100
|move|p1a: Ting-Lu|Ruination|p2a: Zapdos
|-damage|p2a: Zapdos|46/100
|
|-heal|p2a: Zapdos|100/100|[from] move: Wish|[wisher] Alomomola
|-heal|p1a: Ting-Lu|65/100 par|[from] item: Leftovers
|upkeep
|turn|25
|
|t:|1758937787
|move|p2a: Zapdos|Hurricane|p1a: Ting-Lu
|-damage|p1a: Ting-Lu|43/100 par
|move|p1a: Ting-Lu|Ruination|p2a: Zapdos|[miss]
|-miss|p1a: Ting-Lu|p2a: Zapdos
|
|-heal|p1a: Ting-Lu|49/100 par|[from] item: Leftovers
|upkeep
|turn|26
|
|t:|1758937793
|move|p2a: Zapdos|Hurricane|p1a: Ting-Lu|[miss]
|-miss|p2a: Zapdos|p1a: Ting-Lu
|move|p1a: Ting-Lu|Whirlwind|p2a: Zapdos
|drag|p2a: Landorus|Landorus-Therian, M|100/100
|-ability|p2a: Landorus|Intimidate|boost
|-unboost|p1a: Ting-Lu|atk|1
|
|-heal|p1a: Ting-Lu|55/100 par|[from] item: Leftovers
|upkeep
|turn|27
|
|t:|1758937796
|move|p2a: Landorus|U-turn|p1a: Ting-Lu
|-supereffective|p1a: Ting-Lu
|-damage|p1a: Ting-Lu|34/100 par
|
|t:|1758937799
|switch|p2a: Alomomola|Alomomola, F|100/100|[from] U-turn
|cant|p1a: Ting-Lu|par
|
|-heal|p1a: Ting-Lu|40/100 par|[from] item: Leftovers
|upkeep
|turn|28
|
|t:|1758937808
|move|p2a: Alomomola|Wish|p2a: Alomomola
|move|p1a: Ting-Lu|Whirlwind|p2a: Alomomola
|drag|p2a: Kingambit|Kingambit, F|82/100
|-damage|p2a: Kingambit|57/100|[from] Spikes
|
|-heal|p2a: Kingambit|63/100|[from] item: Leftovers
|-heal|p1a: Ting-Lu|46/100 par|[from] item: Leftovers
|upkeep
|turn|29
|
|t:|1758937814
|-end|p2a: Kingambit|fallenundefined|[silent]
|switch|p2a: Jirachi|Jirachi|38/100
|-damage|p2a: Jirachi|14/100|[from] Spikes
|move|p1a: Ting-Lu|Ruination|p2a: Jirachi
|-damage|p2a: Jirachi|7/100
|
|-heal|p2a: Jirachi|73/100|[from] move: Wish|[wisher] Alomomola
|-heal|p2a: Jirachi|80/100|[from] item: Leftovers
|-heal|p1a: Ting-Lu|52/100 par|[from] item: Leftovers
|upkeep
|turn|30
|
|t:|1758937821
|move|p2a: Jirachi|Substitute|p2a: Jirachi
|-start|p2a: Jirachi|Substitute
|-damage|p2a: Jirachi|55/100
|cant|p1a: Ting-Lu|par
|
|-heal|p2a: Jirachi|61/100|[from] item: Leftovers
|-heal|p1a: Ting-Lu|58/100 par|[from] item: Leftovers
|upkeep
|turn|31
|
|t:|1758937824
|move|p2a: Jirachi|Iron Head|p1a: Ting-Lu
|-damage|p1a: Ting-Lu|44/100 par
|move|p1a: Ting-Lu|Whirlwind|p2a: Jirachi
|drag|p2a: Zapdos|Zapdos|100/100
|
|-heal|p1a: Ting-Lu|51/100 par|[from] item: Leftovers
|upkeep
|turn|32
|
|t:|1758937829
|move|p2a: Zapdos|Hurricane|p1a: Ting-Lu
|-damage|p1a: Ting-Lu|31/100 par
|-start|p1a: Ting-Lu|confusion
|-activate|p1a: Ting-Lu|confusion
|move|p1a: Ting-Lu|Whirlwind|p2a: Zapdos
|drag|p2a: Landorus|Landorus-Therian, M|100/100
|-ability|p2a: Landorus|Intimidate|boost
|-unboost|p1a: Ting-Lu|atk|1
|
|-heal|p1a: Ting-Lu|37/100 par|[from] item: Leftovers
|upkeep
|turn|33
|
|t:|1758937836
|move|p2a: Landorus|U-turn|p1a: Ting-Lu
|-supereffective|p1a: Ting-Lu
|-damage|p1a: Ting-Lu|16/100 par
|
|t:|1758937838
|switch|p2a: Zapdos|Zapdos|100/100|[from] U-turn
|-end|p1a: Ting-Lu|confusion
|move|p1a: Ting-Lu|Whirlwind|p2a: Zapdos
|drag|p2a: Jirachi|Jirachi|61/100
|-damage|p2a: Jirachi|36/100|[from] Spikes
|
|-heal|p2a: Jirachi|42/100|[from] item: Leftovers
|-heal|p1a: Ting-Lu|23/100 par|[from] item: Leftovers
|upkeep
|turn|34
|
|t:|1758937842
|move|p2a: Jirachi|Substitute|p2a: Jirachi
|-start|p2a: Jirachi|Substitute
|-damage|p2a: Jirachi|18/100
|move|p1a: Ting-Lu|Whirlwind|p2a: Jirachi
|drag|p2a: Slowking|Slowking-Galar, M|100/100
|
|-heal|p1a: Ting-Lu|29/100 par|[from] item: Leftovers
|upkeep
|turn|35
|
|t:|1758937847
|switch|p2a: Zapdos|Zapdos|100/100
|move|p1a: Ting-Lu|Whirlwind|p2a: Zapdos
|drag|p2a: Jirachi|Jirachi|18/100
|-damage|p2a: Jirachi|0 fnt|[from] Spikes
|faint|p2a: Jirachi
|
|-heal|p1a: Ting-Lu|35/100 par|[from] item: Leftovers
|upkeep
|
|t:|1758937850
|switch|p2a: Zapdos|Zapdos|100/100
|turn|36
|
|t:|1758937856
|move|p2a: Zapdos|Substitute|p2a: Zapdos
|-start|p2a: Zapdos|Substitute
|-damage|p2a: Zapdos|76/100
|cant|p1a: Ting-Lu|par
|
|-heal|p1a: Ting-Lu|41/100 par|[from] item: Leftovers
|upkeep
|turn|37
|
|t:|1758937858
|move|p2a: Zapdos|Hurricane|p1a: Ting-Lu|[miss]
|-miss|p2a: Zapdos|p1a: Ting-Lu
|move|p1a: Ting-Lu|Whirlwind|p2a: Zapdos
|drag|p2a: Alomomola|Alomomola, F|100/100
|
|-heal|p1a: Ting-Lu|48/100 par|[from] item: Leftovers
|upkeep
|turn|38
|
|t:|1758937865
|move|p2a: Alomomola|Flip Turn|p1a: Ting-Lu
|-supereffective|p1a: Ting-Lu
|-damage|p1a: Ting-Lu|31/100 par
|
|t:|1758937868
|switch|p2a: Zapdos|Zapdos|76/100|[from] Flip Turn
|move|p1a: Ting-Lu|Ruination|p2a: Zapdos
|-damage|p2a: Zapdos|38/100
|
|-heal|p1a: Ting-Lu|37/100 par|[from] item: Leftovers
|upkeep
|turn|39
|
|t:|1758937872
|move|p2a: Zapdos|Roost|p2a: Zapdos
|-heal|p2a: Zapdos|88/100
|-singleturn|p2a: Zapdos|move: Roost
|cant|p1a: Ting-Lu|par
|
|-heal|p1a: Ting-Lu|44/100 par|[from] item: Leftovers
|upkeep
|turn|40
|
|t:|1758937875
|move|p2a: Zapdos|Hurricane|p1a: Ting-Lu
|-damage|p1a: Ting-Lu|23/100 par
|move|p1a: Ting-Lu|Whirlwind|p2a: Zapdos
|drag|p2a: Kingambit|Kingambit, F|63/100
|-damage|p2a: Kingambit|38/100|[from] Spikes
|-activate|p2a: Kingambit|ability: Supreme Overlord
|-start|p2a: Kingambit|fallen1|[silent]
|
|-heal|p2a: Kingambit|44/100|[from] item: Leftovers
|-heal|p1a: Ting-Lu|29/100 par|[from] item: Leftovers
|upkeep
|turn|41
|
|t:|1758937883
|move|p2a: Kingambit|Iron Head|p1a: Ting-Lu
|-damage|p1a: Ting-Lu|2/100 par
|move|p1a: Ting-Lu|Whirlwind|p2a: Kingambit
|-end|p2a: Kingambit|fallen1|[silent]
|drag|p2a: Landorus|Landorus-Therian, M|100/100
|-ability|p2a: Landorus|Intimidate|boost
|-unboost|p1a: Ting-Lu|atk|1
|
|-heal|p1a: Ting-Lu|8/100 par|[from] item: Leftovers
|upkeep
|turn|42
|
|t:|1758937891
|move|p2a: Landorus|U-turn|p1a: Ting-Lu
|-supereffective|p1a: Ting-Lu
|-damage|p1a: Ting-Lu|0 fnt
|faint|p1a: Ting-Lu
|
|t:|1758937895
|switch|p2a: Alomomola|Alomomola, F|100/100|[from] U-turn
|
|upkeep
|
|t:|1758937905
|switch|p1a: Gholdengo|Gholdengo|100/100
|-damage|p1a: Gholdengo|94/100|[from] Stealth Rock
|turn|43
|
|t:|1758937913
|move|p1a: Gholdengo|Thunderbolt|p2a: Alomomola
|-supereffective|p2a: Alomomola
|-damage|p2a: Alomomola|0 fnt
|faint|p2a: Alomomola
|
|upkeep
|
|t:|1758937916
|switch|p2a: Landorus|Landorus-Therian, M|100/100
|-ability|p2a: Landorus|Intimidate|boost
|-unboost|p1a: Gholdengo|atk|1
|turn|44
|
|t:|1758937921
|switch|p1a: Great Tusk|Great Tusk|100/100 par
|move|p2a: Landorus|U-turn|p1a: Great Tusk
|-resisted|p1a: Great Tusk
|-damage|p1a: Great Tusk|94/100 par
|
|t:|1758937923
|switch|p2a: Zapdos|Zapdos|88/100|[from] U-turn
|
|upkeep
|turn|45
|
|t:|1758937926
|move|p2a: Zapdos|Substitute|p2a: Zapdos
|-start|p2a: Zapdos|Substitute
|-damage|p2a: Zapdos|63/100
|move|p1a: Great Tusk|Rapid Spin|p2a: Zapdos
|-activate|p2a: Zapdos|move: Substitute|[damage]
|-sideend|p1: SL Trazeeem|Stealth Rock|[from] move: Rapid Spin|[of] p1a: Great Tusk
|-boost|p1a: Great Tusk|spe|1
|
|upkeep
|turn|46
|
|t:|1758937930
|move|p2a: Zapdos|Hurricane|p1a: Great Tusk
|-supereffective|p1a: Great Tusk
|-damage|p1a: Great Tusk|0 fnt
|faint|p1a: Great Tusk
|-end|p1a: Great Tusk|Protosynthesis|[silent]
|
|upkeep
|
|t:|1758937940
|switch|p1a: Ceruledge|Ceruledge, M|100/100
|turn|47
|
|t:|1758937942
|move|p1a: Ceruledge|Flame Charge|p2a: Zapdos
|-end|p2a: Zapdos|Substitute
|-boost|p1a: Ceruledge|spe|1
|move|p2a: Zapdos|Discharge|p1a: Ceruledge
|-damage|p1a: Ceruledge|62/100
|
|upkeep
|turn|48
|
|t:|1758937950
|switch|p2a: Landorus|Landorus-Therian, M|100/100
|-ability|p2a: Landorus|Intimidate|boost
|-unboost|p1a: Ceruledge|atk|1
|move|p1a: Ceruledge|Poltergeist||[still]
|-fail|p1a: Ceruledge
|
|upkeep
|turn|49
|
|t:|1758937955
|move|p1a: Ceruledge|Will-O-Wisp|p2a: Landorus
|-status|p2a: Landorus|brn
|move|p2a: Landorus|Stealth Rock|p1a: Ceruledge
|-sidestart|p1: SL Trazeeem|move: Stealth Rock
|
|-damage|p2a: Landorus|94/100 brn|[from] brn
|upkeep
|turn|50
|
|t:|1758937970
|switch|p1a: Enamorus|Enamorus, F|100/100
|-damage|p1a: Enamorus|76/100|[from] Stealth Rock
|move|p2a: Landorus|Earth Power|p1a: Enamorus
|-immune|p1a: Enamorus
|
|-damage|p2a: Landorus|88/100 brn|[from] brn
|upkeep
|turn|51
|
|t:|1758937981
|switch|p2a: Slowking|Slowking-Galar, M|100/100
|move|p1a: Enamorus|Moonblast|p2a: Slowking
|-resisted|p2a: Slowking
|-damage|p2a: Slowking|86/100
|
|upkeep
|turn|52
|
|t:|1758937986
|move|p1a: Enamorus|Earth Power|p2a: Slowking
|-supereffective|p2a: Slowking
|-damage|p2a: Slowking|43/100
|-prepare|p2a: Slowking|Chilly Reception|[premajor]
|move|p2a: Slowking|Chilly Reception|p2a: Slowking
|-weather|Snowscape
|
|t:|1758937993
|switch|p2a: Landorus|Landorus-Therian, M|88/100 brn|[from] Chilly Reception
|-ability|p2a: Landorus|Intimidate|boost
|-boost|p1a: Enamorus|atk|1
|
|-weather|Snowscape|[upkeep]
|-damage|p2a: Landorus|82/100 brn|[from] brn
|upkeep
|turn|53
|
|t:|1758937998
|move|p1a: Enamorus|Moonblast|p2a: Landorus
|-damage|p2a: Landorus|28/100 brn
|move|p2a: Landorus|U-turn|p1a: Enamorus
|-resisted|p1a: Enamorus
|-damage|p1a: Enamorus|72/100
|
|t:|1758938001
|switch|p2a: Slowking|Slowking-Galar, M|77/100|[from] U-turn
|
|-weather|Snowscape|[upkeep]
|upkeep
|turn|54
|
|t:|1758938004
|move|p1a: Enamorus|Earth Power|p2a: Slowking
|-supereffective|p2a: Slowking
|-damage|p2a: Slowking|31/100
|move|p2a: Slowking|Sludge Bomb|p1a: Enamorus
|-supereffective|p1a: Enamorus
|-damage|p1a: Enamorus|0 fnt
|faint|p1a: Enamorus
|
|-weather|Snowscape|[upkeep]
|upkeep
|
|t:|1758938015
|switch|p1a: Gholdengo|Gholdengo|94/100
|-damage|p1a: Gholdengo|88/100|[from] Stealth Rock
|turn|55
|
|t:|1758938024
|switch|p2a: Landorus|Landorus-Therian, M|28/100 brn
|-ability|p2a: Landorus|Intimidate|boost
|-unboost|p1a: Gholdengo|atk|1
|move|p1a: Gholdengo|Shadow Ball|p2a: Landorus
|-damage|p2a: Landorus|0 fnt
|faint|p2a: Landorus
|
|-weather|Snowscape|[upkeep]
|upkeep
|
|t:|1758938027
|switch|p2a: Kingambit|Kingambit, F|44/100
|-damage|p2a: Kingambit|19/100|[from] Spikes
|-activate|p2a: Kingambit|ability: Supreme Overlord
|-start|p2a: Kingambit|fallen3|[silent]
|turn|56
|
|t:|1758938038
|switch|p1a: Ceruledge|Ceruledge, M|62/100
|move|p2a: Kingambit|Kowtow Cleave|p1a: Ceruledge
|-supereffective|p1a: Ceruledge
|-damage|p1a: Ceruledge|0 fnt
|faint|p1a: Ceruledge
|
|-weather|none
|-heal|p2a: Kingambit|25/100|[from] item: Leftovers
|upkeep
|
|t:|1758938044
|switch|p1a: Gholdengo|Gholdengo|88/100
|-damage|p1a: Gholdengo|82/100|[from] Stealth Rock
|turn|57
|
|t:|1758938048
|-terastallize|p1a: Gholdengo|Fairy
|move|p2a: Kingambit|Sucker Punch|p1a: Gholdengo
|-resisted|p1a: Gholdengo
|-damage|p1a: Gholdengo|53/100
|move|p1a: Gholdengo|Dazzling Gleam|p2a: Kingambit
|-damage|p2a: Kingambit|0 fnt
|faint|p2a: Kingambit
|-end|p2a: Kingambit|fallen3|[silent]
|
|upkeep
|
|t:|1758938054
|switch|p2a: Slowking|Slowking-Galar, M|64/100
|turn|58
|
|t:|1758938077
|switch|p1a: Iron Boulder|Iron Boulder|100/100
|-damage|p1a: Iron Boulder|88/100|[from] Stealth Rock
|-enditem|p1a: Iron Boulder|Booster Energy
|-activate|p1a: Iron Boulder|ability: Quark Drive|[fromitem]
|-start|p1a: Iron Boulder|quarkdrivespe
|move|p2a: Slowking|Thunder Wave|p1a: Iron Boulder
|-status|p1a: Iron Boulder|par
|
|upkeep
|turn|59
|
|t:|1758938090
|move|p1a: Iron Boulder|Mighty Cleave|p2a: Slowking
|-damage|p2a: Slowking|18/100
|-prepare|p2a: Slowking|Chilly Reception|[premajor]
|move|p2a: Slowking|Chilly Reception|p2a: Slowking
|-weather|Snowscape
|
|t:|1758938092
|switch|p2a: Zapdos|Zapdos|63/100|[from] Chilly Reception
|
|-weather|Snowscape|[upkeep]
|upkeep
|turn|60
|
|t:|1758938116
|-terastallize|p2a: Zapdos|Steel
|move|p1a: Iron Boulder|Mighty Cleave|p2a: Zapdos
|-resisted|p2a: Zapdos
|-damage|p2a: Zapdos|46/100
|move|p2a: Zapdos|Substitute|p2a: Zapdos
|-start|p2a: Zapdos|Substitute
|-damage|p2a: Zapdos|21/100
|
|-weather|Snowscape|[upkeep]
|upkeep
|turn|61
|
|t:|1758938126
|move|p1a: Iron Boulder|Earthquake|p2a: Zapdos
|-supereffective|p2a: Zapdos
|-end|p2a: Zapdos|Substitute
|move|p2a: Zapdos|Roost|p2a: Zapdos
|-heal|p2a: Zapdos|71/100
|
|-weather|Snowscape|[upkeep]
|upkeep
|turn|62
|
|t:|1758938131
|move|p1a: Iron Boulder|Earthquake|p2a: Zapdos
|-supereffective|p2a: Zapdos
|-damage|p2a: Zapdos|22/100
|move|p2a: Zapdos|Hurricane|p1a: Iron Boulder
|-resisted|p1a: Iron Boulder
|-damage|p1a: Iron Boulder|64/100 par
|
|-weather|Snowscape|[upkeep]
|upkeep
|turn|63
|
|t:|1758938134
|cant|p1a: Iron Boulder|par
|move|p2a: Zapdos|Hurricane|p1a: Iron Boulder
|-resisted|p1a: Iron Boulder
|-damage|p1a: Iron Boulder|41/100 par
|
|-weather|none
|upkeep
|turn|64
|
|t:|1758938139
|move|p1a: Iron Boulder|Earthquake|p2a: Zapdos
|-supereffective|p2a: Zapdos
|-damage|p2a: Zapdos|0 fnt
|faint|p2a: Zapdos
|
|upkeep
|-message|FamiliarShores forfeited.
|
|win|SL Trazeeem
|raw|SL Trazeeem's rating: 1271 &rarr; <strong>1298</strong><br />(+27 for winning)
|raw|FamiliarShores's rating: 1300 &rarr; <strong>1273</strong><br />(-27 for losing)
|l|☆FamiliarShores
|player|p2|
