|j|☆Deadpool469
|j|☆Dream54301
|t:|1759010152
|gametype|singles
|player|p1|Deadpool469|102|1099
|player|p2|Dream54301|lusamine-nihilego|1060
|gen|9
|tier|[Gen 9] OU
|rated|
|rule|HP Percentage Mod: HP is shown in percentages
|rule|Endless Battle Clause: Forcing endless battles is banned
|rule|Species Clause: Limit one of each Pokémon
|rule|OHKO Clause: OHKO moves are banned
|rule|Evasion Items Clause: Evasion items are banned
|rule|Evasion Moves Clause: Evasion moves are banned
|rule|Evasion Abilities Clause: Evasion abilities are banned
|rule|Sleep Moves Clause: Sleep-inducing moves are banned
|clearpoke
|poke|p1|Pelipper, M|
|poke|p1|Barraskewda, M|
|poke|p1|Kingdra, M|
|poke|p1|Corviknight, M|
|poke|p1|Jolteon, M|
|poke|p1|Landorus-Therian, M|
|poke|p2|Rotom-Fan|
|poke|p2|Bastiodon, F|
|poke|p2|Salazzle, F|
|poke|p2|Ogerpon-Wellspring, F|
|poke|p2|Glimmora, F|
|poke|p2|Maushold-Four|
|teampreview
|
|t:|1759010161
|teamsize|p1|6
|teamsize|p2|6
|start
|switch|p1a: Landorus|Landorus-Therian, M, shiny|100/100
|switch|p2a: Glimmora|Glimmora, F|100/100
|-ability|p1a: Landorus|Intimidate|boost
|-unboost|p2a: Glimmora|atk|1
|turn|1
|
|t:|1759010169
|move|p2a: Glimmora|Spiky Shield|p2a: Glimmora
|-singleturn|p2a: Glimmora|move: Protect
|move|p1a: Landorus|Earthquake|p2a: Glimmora
|-activate|p2a: Glimmora|move: Protect
|
|upkeep
|turn|2
|
|t:|1759010178
|move|p2a: Glimmora|Power Gem|p1a: Landorus
|-crit|p1a: Landorus
|-damage|p1a: Landorus|26/100
|move|p1a: Landorus|Earthquake|p2a: Glimmora
|-supereffective|p2a: Glimmora
|-enditem|p2a: Glimmora|Focus Sash
|-damage|p2a: Glimmora|1/100
|-activate|p2a: Glimmora|ability: Toxic Debris
|-sidestart|p1: Deadpool469|move: Toxic Spikes
|
|-heal|p1a: Landorus|32/100|[from] item: Leftovers
|upkeep
|turn|3
|
|t:|1759010199
|switch|p1a: Corviknight|Corviknight, M, shiny|100/100
|move|p2a: Glimmora|Mortal Spin|p1a: Corviknight
|-immune|p1a: Corviknight
|
|upkeep
|turn|4
|
|t:|1759010204
|move|p2a: Glimmora|Power Gem|p1a: Corviknight
|-damage|p1a: Corviknight|62/100
|move|p1a: Corviknight|Iron Defense|p1a: Corviknight
|-boost|p1a: Corviknight|def|2
|
|-heal|p1a: Corviknight|68/100|[from] item: Leftovers
|upkeep
|turn|5
|
|t:|1759010210
|move|p2a: Glimmora|Power Gem|p1a: Corviknight
|-damage|p1a: Corviknight|31/100
|move|p1a: Corviknight|Roost|p1a: Corviknight
|-heal|p1a: Corviknight|81/100
|-singleturn|p1a: Corviknight|move: Roost
|
|-heal|p1a: Corviknight|87/100|[from] item: Leftovers
|upkeep
|turn|6
|
|t:|1759010222
|switch|p2a: Rotom|Rotom-Fan|100/100
|-item|p2a: Rotom|Air Balloon
|move|p1a: Corviknight|Body Press|p2a: Rotom
|-resisted|p2a: Rotom
|-damage|p2a: Rotom|62/100
|-enditem|p2a: Rotom|Air Balloon
|
|-heal|p1a: Corviknight|93/100|[from] item: Leftovers
|upkeep
|turn|7
|
|t:|1759010235
|switch|p1a: Landorus|Landorus-Therian, M, shiny|32/100
|-ability|p1a: Landorus|Intimidate|boost
|-unboost|p2a: Rotom|atk|1
|move|p2a: Rotom|Will-O-Wisp|p1a: Landorus
|-status|p1a: Landorus|brn
|
|-heal|p1a: Landorus|38/100 brn|[from] item: Leftovers
|-damage|p1a: Landorus|32/100 brn|[from] brn
|upkeep
|turn|8
|
|t:|1759010243
|move|p2a: Rotom|Hex|p1a: Landorus
|-damage|p1a: Landorus|0 fnt
|faint|p1a: Landorus
|
|upkeep
|
|t:|1759010254
|switch|p1a: Kingdra|Kingdra, M, shiny|100/100
|-status|p1a: Kingdra|psn
|turn|9
|
|t:|1759010257
|move|p2a: Rotom|Hex|p1a: Kingdra
|-damage|p1a: Kingdra|56/100 psn
|move|p1a: Kingdra|Ice Beam|p2a: Rotom
|-supereffective|p2a: Rotom
|-damage|p2a: Rotom|0 fnt
|faint|p2a: Rotom
|
|-damage|p1a: Kingdra|43/100 psn|[from] psn
|upkeep
|
|t:|1759010267
|switch|p2a: Ogerpon|Ogerpon-Wellspring, F|100/100
|turn|10
|
|t:|1759010273
|switch|p1a: Corviknight|Corviknight, M, shiny|93/100
|move|p2a: Ogerpon|Spiky Shield||[still]
|-fail|p2a: Ogerpon
|
|-heal|p1a: Corviknight|99/100|[from] item: Leftovers
|upkeep
|turn|11
|
|t:|1759010283
|-terastallize|p2a: Ogerpon|Water
|detailschange|p2a: Ogerpon|Ogerpon-Wellspring-Tera, F, tera:Water
|-ability|p2a: Ogerpon|Embody Aspect (Wellspring)|boost
|-boost|p2a: Ogerpon|spd|1
|move|p2a: Ogerpon|Ivy Cudgel|p1a: Corviknight|[anim] Ivy Cudgel Water
|-damage|p1a: Corviknight|41/100
|move|p1a: Corviknight|Defog|p2a: Ogerpon
|-unboost|p2a: Ogerpon|evasion|1
|-sideend|p1: Deadpool469|Toxic Spikes|[from] move: Defog|[of] p1a: Corviknight
|
|-heal|p1a: Corviknight|47/100|[from] item: Leftovers
|upkeep
|turn|12
|
|t:|1759010299
|switch|p1a: Pelipper|Pelipper, M, shiny|100/100
|-weather|RainDance|[from] ability: Drizzle|[of] p1a: Pelipper
|move|p2a: Ogerpon|Ivy Cudgel|p1a: Pelipper|[anim] Ivy Cudgel Water
|-resisted|p1a: Pelipper
|-damage|p1a: Pelipper|57/100
|
|-weather|RainDance|[upkeep]
|upkeep
|turn|13
|
|t:|1759010307
|move|p2a: Ogerpon|U-turn|p1a: Pelipper
|-resisted|p1a: Pelipper
|-damage|p1a: Pelipper|46/100
|
|t:|1759010312
|switch|p2a: Glimmora|Glimmora, F|1/100|[from] U-turn
|move|p1a: Pelipper|U-turn|p2a: Glimmora
|-resisted|p2a: Glimmora
|-damage|p2a: Glimmora|0 fnt
|-activate|p2a: Glimmora|ability: Toxic Debris
|-sidestart|p1: Deadpool469|move: Toxic Spikes
|faint|p2a: Glimmora
|
|t:|1759010319
|switch|p1a: Kingdra|Kingdra, M, shiny|43/100 psn|[from] U-turn
|
|-weather|RainDance|[upkeep]
|-damage|p1a: Kingdra|31/100 psn|[from] psn
|upkeep
|
|t:|1759010326
|switch|p2a: Salazzle|Salazzle, F|100/100
|turn|14
|
|t:|1759010331
|move|p2a: Salazzle|Protect|p2a: Salazzle
|-singleturn|p2a: Salazzle|Protect
|move|p1a: Kingdra|Hydro Pump|p2a: Salazzle
|-activate|p2a: Salazzle|move: Protect
|
|-weather|RainDance|[upkeep]
|-damage|p1a: Kingdra|19/100 psn|[from] psn
|upkeep
|turn|15
|
|t:|1759010341
|move|p1a: Kingdra|Hydro Pump|p2a: Salazzle
|-supereffective|p2a: Salazzle
|-enditem|p2a: Salazzle|Focus Sash
|-damage|p2a: Salazzle|1/100
|move|p2a: Salazzle|Venoshock|p1a: Kingdra
|-damage|p1a: Kingdra|0 fnt
|faint|p1a: Kingdra
|
|-weather|RainDance|[upkeep]
|upkeep
|
|t:|1759010363
|switch|p1a: Jolteon|Jolteon, M, shiny|100/100
|turn|16
|
|t:|1759010375
|move|p1a: Jolteon|Volt Switch|p2a: Salazzle
|-damage|p2a: Salazzle|0 fnt
|faint|p2a: Salazzle
|
|t:|1759010378
|switch|p1a: Barraskewda|Barraskewda, M, shiny|100/100|[from] Volt Switch
|-status|p1a: Barraskewda|psn
|
|-weather|RainDance|[upkeep]
|-damage|p1a: Barraskewda|88/100 psn|[from] psn
|upkeep
|
|t:|1759010382
|switch|p2a: Ogerpon|Ogerpon-Wellspring-Tera, F, tera:Water|100/100
|-ability|p2a: Ogerpon|Embody Aspect (Wellspring)|boost
|-boost|p2a: Ogerpon|spd|1
|turn|17
|
|t:|1759010395
|move|p2a: Ogerpon|Spiky Shield|p2a: Ogerpon
|-singleturn|p2a: Ogerpon|move: Protect
|move|p1a: Barraskewda|Close Combat|p2a: Ogerpon
|-activate|p2a: Ogerpon|move: Protect
|-damage|p1a: Barraskewda|75/100 psn|[from] Spiky Shield|[of] p2a: Ogerpon
|
|-weather|RainDance|[upkeep]
|-damage|p1a: Barraskewda|63/100 psn|[from] psn
|upkeep
|turn|18
|
|t:|1759010404
|move|p1a: Barraskewda|Close Combat|p2a: Ogerpon
|-damage|p2a: Ogerpon|14/100
|-unboost|p1a: Barraskewda|def|1
|-unboost|p1a: Barraskewda|spd|1
|move|p2a: Ogerpon|Seed Bomb|p1a: Barraskewda
|-supereffective|p1a: Barraskewda
|-damage|p1a: Barraskewda|0 fnt
|faint|p1a: Barraskewda
|
|-weather|RainDance|[upkeep]
|upkeep
|
|t:|1759010410
|switch|p1a: Jolteon|Jolteon, M, shiny|100/100
|turn|19
|
|t:|1759010416
|move|p2a: Ogerpon|Spiky Shield|p2a: Ogerpon
|-singleturn|p2a: Ogerpon|move: Protect
|move|p1a: Jolteon|Volt Switch|p2a: Ogerpon
|-activate|p2a: Ogerpon|move: Protect
|
|-weather|none
|upkeep
|turn|20
|
|t:|1759010421
|move|p1a: Jolteon|Volt Switch|p2a: Ogerpon
|-supereffective|p2a: Ogerpon
|-damage|p2a: Ogerpon|0 fnt
|faint|p2a: Ogerpon
|detailschange|p2: Ogerpon|Ogerpon-Wellspring, F|[silent]
|
|t:|1759010426
|switch|p1a: Corviknight|Corviknight, M, shiny|47/100|[from] Volt Switch
|
|-heal|p1a: Corviknight|53/100|[from] item: Leftovers
|upkeep
|
|t:|1759010428
|switch|p2a: Bastiodon|Bastiodon, F|100/100
|turn|21
|
|t:|1759010434
|move|p2a: Bastiodon|Protect|p2a: Bastiodon
|-singleturn|p2a: Bastiodon|Protect
|move|p1a: Corviknight|Roost|p1a: Corviknight
|-heal|p1a: Corviknight|100/100
|-singleturn|p1a: Corviknight|move: Roost
|
|upkeep
|turn|22
|
|t:|1759010441
|move|p1a: Corviknight|Iron Defense|p1a: Corviknight
|-boost|p1a: Corviknight|def|2
|move|p2a: Bastiodon|Metal Burst||[still]
|-fail|p2a: Bastiodon
|
|upkeep
|turn|23
|
|t:|1759010446
|move|p1a: Corviknight|Iron Defense|p1a: Corviknight
|-boost|p1a: Corviknight|def|2
|move|p2a: Bastiodon|Metal Burst||[still]
|-fail|p2a: Bastiodon
|
|upkeep
|turn|24
|
|t:|1759010452
|move|p1a: Corviknight|Iron Defense|p1a: Corviknight
|-boost|p1a: Corviknight|def|2
|move|p2a: Bastiodon|Metal Burst||[still]
|-fail|p2a: Bastiodon
|
|upkeep
|turn|25
|
|t:|1759010456
|move|p1a: Corviknight|Body Press|p2a: Bastiodon
|-supereffective|p2a: Bastiodon
|-crit|p2a: Bastiodon
|-ability|p2a: Bastiodon|Sturdy
|-damage|p2a: Bastiodon|1/100
|move|p2a: Bastiodon|Metal Burst|p1a: Corviknight
|-damage|p1a: Corviknight|0 fnt
|faint|p1a: Corviknight
|
|-heal|p2a: Bastiodon|7/100|[from] item: Leftovers
|upkeep
|
|t:|1759010465
|switch|p1a: Pelipper|Pelipper, M, shiny|46/100
|-weather|RainDance|[from] ability: Drizzle|[of] p1a: Pelipper
|turn|26
|
|t:|1759010469
|move|p2a: Bastiodon|Protect|p2a: Bastiodon
|-singleturn|p2a: Bastiodon|Protect
|move|p1a: Pelipper|Surf|p2a: Bastiodon
|-activate|p2a: Bastiodon|move: Protect
|
|-weather|RainDance|[upkeep]
|-heal|p2a: Bastiodon|13/100|[from] item: Leftovers
|upkeep
|turn|27
|
|t:|1759010474
|move|p1a: Pelipper|Surf|p2a: Bastiodon
|-supereffective|p2a: Bastiodon
|-damage|p2a: Bastiodon|0 fnt
|faint|p2a: Bastiodon
|
|-weather|RainDance|[upkeep]
|upkeep
|
|t:|1759010477
|switch|p2a: Maushold|Maushold-Four|100/100
|turn|28
|
|t:|1759010483
|move|p2a: Maushold|Population Bomb|p1a: Pelipper
|-damage|p1a: Pelipper|37/100
|-damage|p1a: Pelipper|29/100
|-damage|p1a: Pelipper|20/100
|-damage|p1a: Pelipper|11/100
|-damage|p1a: Pelipper|1/100
|-damage|p1a: Pelipper|0 fnt
|faint|p1a: Pelipper
|-hitcount|p1: Pelipper|6
|
|-weather|RainDance|[upkeep]
|upkeep
|c|☆Dream54301|gg
|
|t:|1759010486
|switch|p1a: Jolteon|Jolteon, M, shiny|100/100
|turn|29
|
|t:|1759010493
|move|p1a: Jolteon|Thunder|p2a: Maushold
|-damage|p2a: Maushold|31/100
|move|p2a: Maushold|Population Bomb|p1a: Jolteon
|-damage|p1a: Jolteon|81/100
|-damage|p1a: Jolteon|59/100
|-damage|p1a: Jolteon|37/100
|-damage|p1a: Jolteon|17/100
|-damage|p1a: Jolteon|0 fnt
|faint|p1a: Jolteon
|-hitcount|p1: Jolteon|5
|
|win|Dream54301
|raw|Deadpool469's rating: 1099 &rarr; <strong>1071</strong><br />(-28 for losing)
|raw|Dream54301's rating: 1060 &rarr; <strong>1094</strong><br />(+34 for winning)
|l|☆Deadpool469
|player|p1|
