|j|☆Showdown GOAT
|j|☆ohjeebus
|t:|1759017820
|gametype|singles
|player|p1|Showdown GOAT|crispin|1521
|player|p2|ohjeebus|koga-gen2|1556
|gen|9
|tier|[Gen 9] OU
|rated|
|rule|HP Percentage Mod: HP is shown in percentages
|rule|Endless Battle Clause: Forcing endless battles is banned
|rule|Species Clause: Limit one of each Pokémon
|rule|OHKO Clause: OHKO moves are banned
|rule|Evasion Items Clause: Evasion items are banned
|rule|Evasion Moves Clause: Evasion moves are banned
|rule|Evasion Abilities Clause: Evasion abilities are banned
|rule|Sleep Moves Clause: Sleep-inducing moves are banned
|clearpoke
|poke|p1|Glimmora, M|
|poke|p1|Raging Bolt|
|poke|p1|Ogerpon-Wellspring, F|
|poke|p1|Ceruledge, F|
|poke|p1|Dragapult, M|
|poke|p1|Iron Valiant|
|poke|p2|Landorus-Therian, M|
|poke|p2|Zamazenta-*|
|poke|p2|Kingambit, F|
|poke|p2|Samurott-Hisui, F|
|poke|p2|Pecharunt|
|poke|p2|Hydreigon, F|
|teampreview
|inactive|Battle timer is ON: inactive players will automatically lose when time's up. (requested by Showdown GOAT)
|c|☆Showdown GOAT|gl hf
|inactive|ohjeebus also wants the timer to be on.
|
|t:|1759017830
|teamsize|p1|6
|teamsize|p2|6
|start
|switch|p1a: Glimmora|Glimmora, M|100/100
|switch|p2a: Hydreigon|Hydreigon, F|100/100
|turn|1
|
|t:|1759017837
|switch|p1a: Iron Valiant|Iron Valiant|100/100
|-enditem|p1a: Iron Valiant|Booster Energy
|-activate|p1a: Iron Valiant|ability: Quark Drive|[fromitem]
|-start|p1a: Iron Valiant|quarkdrivespe
|move|p2a: Hydreigon|Substitute|p2a: Hydreigon
|-start|p2a: Hydreigon|Substitute
|-damage|p2a: Hydreigon|76/100
|
|-heal|p2a: Hydreigon|82/100|[from] item: Leftovers
|upkeep
|turn|2
|
|t:|1759017844
|move|p1a: Iron Valiant|Encore|p2a: Hydreigon
|-start|p2a: Hydreigon|Encore
|move|p2a: Hydreigon|Substitute|p2a: Hydreigon
|-fail|p2a: Hydreigon|move: Substitute
|
|-heal|p2a: Hydreigon|88/100|[from] item: Leftovers
|upkeep
|turn|3
|
|t:|1759017847
|switch|p2a: Pecharunt|Pecharunt|100/100
|move|p1a: Iron Valiant|Swords Dance|p1a: Iron Valiant
|-boost|p1a: Iron Valiant|atk|2
|
|upkeep
|turn|4
|
|t:|1759017856
|-end|p1a: Iron Valiant|Quark Drive|[silent]
|switch|p1a: Ceruledge|Ceruledge, F, shiny|100/100
|move|p2a: Pecharunt|Parting Shot|p1a: Ceruledge
|-unboost|p1a: Ceruledge|atk|1
|-unboost|p1a: Ceruledge|spa|1
|l|☆ohjeebus
|inactive|ohjeebus disconnected and has a minute to reconnect!
|player|p2|
|
|t:|1759017872
|switch|p2a: Samurott|Samurott-Hisui, F|100/100|[from] Parting Shot
|
|upkeep
|turn|5
|j|☆ohjeebus
|inactive|ohjeebus reconnected and has 140 seconds left.
|player|p2|ohjeebus|koga-gen2|
|
|t:|1759017881
|move|p1a: Ceruledge|Swords Dance|p1a: Ceruledge
|-boost|p1a: Ceruledge|atk|2
|move|p2a: Samurott|Ceaseless Edge|p1a: Ceruledge
|-supereffective|p1a: Ceruledge
|-enditem|p1a: Ceruledge|Focus Sash
|-damage|p1a: Ceruledge|1/100
|-ability|p1a: Ceruledge|Weak Armor|boost
|-unboost|p1a: Ceruledge|def|1
|-boost|p1a: Ceruledge|spe|2
|-sidestart|p1: Showdown GOAT|Spikes
|
|upkeep
|turn|6
|
|t:|1759017887
|move|p2a: Samurott|Sucker Punch||[still]
|-fail|p2a: Samurott
|move|p1a: Ceruledge|Destiny Bond|p1a: Ceruledge
|-singlemove|p1a: Ceruledge|Destiny Bond
|
|upkeep
|turn|7
|
|t:|1759017894
|move|p1a: Ceruledge|Poltergeist|p2a: Samurott
|-activate|p2a: Samurott|move: Poltergeist|Assault Vest
|-resisted|p2a: Samurott
|-damage|p2a: Samurott|60/100
|move|p2a: Samurott|Ceaseless Edge|p1a: Ceruledge
|-supereffective|p1a: Ceruledge
|-damage|p1a: Ceruledge|0 fnt
|-sidestart|p1: Showdown GOAT|Spikes
|faint|p1a: Ceruledge
|
|upkeep
|
|t:|1759017904
|switch|p1a: Ogerpon|Ogerpon-Wellspring, F|100/100
|-damage|p1a: Ogerpon|84/100|[from] Spikes
|turn|8
|
|t:|1759017907
|move|p1a: Ogerpon|Trailblaze|p2a: Samurott
|-supereffective|p2a: Samurott
|-damage|p2a: Samurott|0 fnt
|-boost|p1a: Ogerpon|spe|1
|faint|p2a: Samurott
|
|upkeep
|
|t:|1759017910
|switch|p2a: Pecharunt|Pecharunt|100/100
|turn|9
|
|t:|1759017913
|switch|p1a: Glimmora|Glimmora, M|100/100
|-damage|p1a: Glimmora|84/100|[from] Spikes
|move|p2a: Pecharunt|Malignant Chain|p1a: Glimmora
|-resisted|p1a: Glimmora
|-damage|p1a: Glimmora|73/100
|
|upkeep
|turn|10
|
|t:|1759017920
|switch|p2a: Kingambit|Kingambit, F|100/100
|-activate|p2a: Kingambit|ability: Supreme Overlord
|-start|p2a: Kingambit|fallen1|[silent]
|move|p1a: Glimmora|Earth Power|p2a: Kingambit
|-supereffective|p2a: Kingambit
|-damage|p2a: Kingambit|30/100
|
|-heal|p2a: Kingambit|37/100|[from] item: Leftovers
|upkeep
|turn|11
|
|t:|1759017927
|-end|p2a: Kingambit|fallen1|[silent]
|switch|p2a: Landorus|Landorus-Therian, M|100/100
|-ability|p2a: Landorus|Intimidate|boost
|-unboost|p1a: Glimmora|atk|1
|move|p1a: Glimmora|Earth Power|p2a: Landorus
|-immune|p2a: Landorus
|
|upkeep
|turn|12
|
|t:|1759017935
|switch|p1a: Ogerpon|Ogerpon-Wellspring, F|84/100
|-damage|p1a: Ogerpon|67/100|[from] Spikes
|move|p2a: Landorus|Earthquake|p1a: Ogerpon
|-resisted|p1a: Ogerpon
|-damage|p1a: Ogerpon|38/100
|
|upkeep
|turn|13
|
|t:|1759017943
|switch|p2a: Zamazenta|Zamazenta|100/100
|-ability|p2a: Zamazenta|Dauntless Shield|boost
|-boost|p2a: Zamazenta|def|1
|move|p1a: Ogerpon|Ivy Cudgel|p2a: Zamazenta|[anim] Ivy Cudgel Water
|-damage|p2a: Zamazenta|60/100
|
|upkeep
|turn|14
|
|t:|1759017949
|move|p2a: Zamazenta|Stone Edge|p1a: Ogerpon
|-damage|p1a: Ogerpon|0 fnt
|faint|p1a: Ogerpon
|
|upkeep
|
|t:|1759017955
|switch|p1a: Dragapult|Dragapult, M, shiny|100/100
|-damage|p1a: Dragapult|84/100|[from] Spikes
|turn|15
|
|t:|1759017963
|move|p1a: Dragapult|Shadow Ball|p2a: Zamazenta
|-damage|p2a: Zamazenta|14/100
|move|p2a: Zamazenta|Crunch|p1a: Dragapult
|-supereffective|p1a: Dragapult
|-damage|p1a: Dragapult|12/100
|
|upkeep
|turn|16
|
|t:|1759017969
|move|p1a: Dragapult|Shadow Ball|p2a: Zamazenta
|-damage|p2a: Zamazenta|0 fnt
|faint|p2a: Zamazenta
|
|upkeep
|
|t:|1759017972
|switch|p2a: Kingambit|Kingambit, F|37/100
|-activate|p2a: Kingambit|ability: Supreme Overlord
|-start|p2a: Kingambit|fallen2|[silent]
|turn|17
|
|t:|1759017980
|switch|p1a: Raging Bolt|Raging Bolt|100/100
|-damage|p1a: Raging Bolt|84/100|[from] Spikes
|-enditem|p1a: Raging Bolt|Booster Energy
|-activate|p1a: Raging Bolt|ability: Protosynthesis|[fromitem]
|-start|p1a: Raging Bolt|protosynthesisspa
|move|p2a: Kingambit|Iron Head|p1a: Raging Bolt
|-resisted|p1a: Raging Bolt
|-damage|p1a: Raging Bolt|63/100
|
|-heal|p2a: Kingambit|43/100|[from] item: Leftovers
|upkeep
|turn|18
|
|t:|1759017994
|-end|p2a: Kingambit|fallen2|[silent]
|switch|p2a: Landorus|Landorus-Therian, M|100/100
|-ability|p2a: Landorus|Intimidate|boost
|-unboost|p1a: Raging Bolt|atk|1
|move|p1a: Raging Bolt|Dragon Pulse|p2a: Landorus
|-damage|p2a: Landorus|26/100
|
|upkeep
|turn|19
|
|t:|1759018008
|-terastallize|p1a: Raging Bolt|Fairy
|move|p2a: Landorus|Earthquake|p1a: Raging Bolt
|-damage|p1a: Raging Bolt|22/100
|move|p1a: Raging Bolt|Tera Blast|p2a: Landorus|[anim] Tera Blast Fairy
|-damage|p2a: Landorus|0 fnt
|faint|p2a: Landorus
|
|upkeep
|
|t:|1759018016
|switch|p2a: Hydreigon|Hydreigon, F|88/100
|turn|20
|l|☆ohjeebus
|inactive|ohjeebus disconnected and has a minute to reconnect!
|player|p2|
|j|☆ohjeebus
|inactive|ohjeebus reconnected and has 105 seconds left.
|player|p2|ohjeebus|koga-gen2|
|
|t:|1759018066
|-terastallize|p2a: Hydreigon|Steel
|move|p1a: Raging Bolt|Thunderclap||[still]
|-fail|p1a: Raging Bolt
|move|p2a: Hydreigon|Substitute|p2a: Hydreigon
|-start|p2a: Hydreigon|Substitute
|-damage|p2a: Hydreigon|63/100
|
|-heal|p2a: Hydreigon|70/100|[from] item: Leftovers
|upkeep
|turn|21
|
|t:|1759018073
|move|p2a: Hydreigon|Nasty Plot|p2a: Hydreigon
|-boost|p2a: Hydreigon|spa|2
|move|p1a: Raging Bolt|Dragon Pulse|p2a: Hydreigon
|-resisted|p2a: Hydreigon
|-end|p2a: Hydreigon|Substitute
|
|-heal|p2a: Hydreigon|76/100|[from] item: Leftovers
|upkeep
|turn|22
|
|t:|1759018077
|move|p1a: Raging Bolt|Thunderclap||[still]
|-fail|p1a: Raging Bolt
|move|p2a: Hydreigon|Substitute|p2a: Hydreigon
|-start|p2a: Hydreigon|Substitute
|-damage|p2a: Hydreigon|51/100
|
|-heal|p2a: Hydreigon|57/100|[from] item: Leftovers
|upkeep
|turn|23
|
|t:|1759018079
|move|p1a: Raging Bolt|Thunderclap||[still]
|-fail|p1a: Raging Bolt
|move|p2a: Hydreigon|Nasty Plot|p2a: Hydreigon
|-boost|p2a: Hydreigon|spa|2
|
|-heal|p2a: Hydreigon|63/100|[from] item: Leftovers
|upkeep
|turn|24
|
|t:|1759018083
|move|p1a: Raging Bolt|Thunderclap|p2a: Hydreigon
|-end|p2a: Hydreigon|Substitute
|move|p2a: Hydreigon|Flash Cannon|p1a: Raging Bolt
|-supereffective|p1a: Raging Bolt
|-damage|p1a: Raging Bolt|0 fnt
|faint|p1a: Raging Bolt
|-end|p1a: Raging Bolt|Protosynthesis|[silent]
|
|-heal|p2a: Hydreigon|70/100|[from] item: Leftovers
|upkeep
|
|t:|1759018086
|switch|p1a: Iron Valiant|Iron Valiant|100/100
|-damage|p1a: Iron Valiant|84/100|[from] Spikes
|turn|25
|
|t:|1759018090
|switch|p2a: Kingambit|Kingambit, F|43/100
|-activate|p2a: Kingambit|ability: Supreme Overlord
|-start|p2a: Kingambit|fallen3|[silent]
|move|p1a: Iron Valiant|Close Combat|p2a: Kingambit
|-supereffective|p2a: Kingambit
|-crit|p2a: Kingambit
|-damage|p2a: Kingambit|0 fnt
|-unboost|p1a: Iron Valiant|def|1
|-unboost|p1a: Iron Valiant|spd|1
|faint|p2a: Kingambit
|-end|p2a: Kingambit|fallen3|[silent]
|
|upkeep
|
|t:|1759018091
|switch|p2a: Pecharunt|Pecharunt|100/100
|turn|26
|
|t:|1759018095
|-end|p1a: Iron Valiant|Quark Drive|[silent]
|switch|p1a: Glimmora|Glimmora, M|73/100
|-damage|p1a: Glimmora|56/100|[from] Spikes
|move|p2a: Pecharunt|Parting Shot|p1a: Glimmora
|-unboost|p1a: Glimmora|atk|1
|-unboost|p1a: Glimmora|spa|1
|
|t:|1759018096
|switch|p2a: Hydreigon|Hydreigon, F, tera:Steel|70/100|[from] Parting Shot
|
|-heal|p2a: Hydreigon|76/100|[from] item: Leftovers
|upkeep
|turn|27
|
|t:|1759018112
|switch|p1a: Dragapult|Dragapult, M, shiny|12/100
|-damage|p1a: Dragapult|0 fnt|[from] Spikes
|faint|p1a: Dragapult
|move|p2a: Hydreigon|Flash Cannon|p1: Dragapult|[notarget]
|-fail|p2a: Hydreigon
|
|-heal|p2a: Hydreigon|82/100|[from] item: Leftovers
|upkeep
|
|t:|1759018120
|switch|p1a: Iron Valiant|Iron Valiant|84/100
|-damage|p1a: Iron Valiant|67/100|[from] Spikes
|turn|28
|
|t:|1759018125
|-end|p1a: Iron Valiant|Quark Drive|[silent]
|switch|p1a: Glimmora|Glimmora, M|56/100
|-damage|p1a: Glimmora|40/100|[from] Spikes
|switch|p2a: Pecharunt|Pecharunt|100/100
|
|upkeep
|turn|29
|
|t:|1759018131
|switch|p2a: Hydreigon|Hydreigon, F, tera:Steel|82/100
|move|p1a: Glimmora|Stealth Rock|p2a: Hydreigon
|-sidestart|p2: ohjeebus|move: Stealth Rock
|
|-heal|p2a: Hydreigon|88/100|[from] item: Leftovers
|upkeep
|turn|30
|
|t:|1759018135
|switch|p1a: Iron Valiant|Iron Valiant|67/100
|-damage|p1a: Iron Valiant|51/100|[from] Spikes
|move|p2a: Hydreigon|Flash Cannon|p1a: Iron Valiant
|-supereffective|p1a: Iron Valiant
|-crit|p1a: Iron Valiant
|-damage|p1a: Iron Valiant|0 fnt
|faint|p1a: Iron Valiant
|-end|p1a: Iron Valiant|Quark Drive|[silent]
|
|-heal|p2a: Hydreigon|94/100|[from] item: Leftovers
|upkeep
|
|t:|1759018140
|switch|p1a: Glimmora|Glimmora, M|40/100
|-damage|p1a: Glimmora|23/100|[from] Spikes
|turn|31
|c|☆Showdown GOAT|gg
|
|t:|1759018148
|move|p2a: Hydreigon|Flash Cannon|p1a: Glimmora
|-supereffective|p1a: Glimmora
|-damage|p1a: Glimmora|0 fnt
|faint|p1a: Glimmora
|
|win|ohjeebus
|raw|Showdown GOAT's rating: 1521 &rarr; <strong>1503</strong><br />(-18 for losing)
|raw|ohjeebus's rating: 1556 &rarr; <strong>1574</strong><br />(+18 for winning)
|l|☆Showdown GOAT
|player|p1|
