|j|☆DeimosDemon
|j|☆majin mambroeru
|t:|1759015450
|gametype|singles
|player|p1|DeimosDemon|lance|1374
|player|p2|majin mambroeru|swimmer-gen4dp|1465
|gen|9
|tier|[Gen 9] OU
|rated|
|rule|HP Percentage Mod: HP is shown in percentages
|rule|Endless Battle Clause: Forcing endless battles is banned
|rule|Species Clause: Limit one of each Pokémon
|rule|OHKO Clause: OHKO moves are banned
|rule|Evasion Items Clause: Evasion items are banned
|rule|Evasion Moves Clause: Evasion moves are banned
|rule|Evasion Abilities Clause: Evasion abilities are banned
|rule|Sleep Moves Clause: Sleep-inducing moves are banned
|clearpoke
|poke|p1|Primarina, F|
|poke|p1|Armarouge, F|
|poke|p1|Indeedee-F, F|
|poke|p1|Great Tusk|
|poke|p1|Landorus-Therian, M|
|poke|p1|Alomomola, F|
|poke|p2|Garganacl, M|
|poke|p2|Cinderace, M|
|poke|p2|Muk-Alola, M|
|poke|p2|Serperior, F|
|poke|p2|Landorus-Therian, M|
|poke|p2|Rillaboom, F|
|teampreview
|inactive|Battle timer is ON: inactive players will automatically lose when time's up. (requested by DeimosDemon)
|
|t:|1759015467
|teamsize|p1|6
|teamsize|p2|6
|start
|switch|p1a: Landorus|Landorus-Therian, M|100/100
|switch|p2a: Landorus|Landorus-Therian, M|100/100
|-ability|p1a: Landorus|Intimidate|boost
|-unboost|p2a: Landorus|atk|1
|-ability|p2a: Landorus|Intimidate|boost
|-unboost|p1a: Landorus|atk|1
|turn|1
|
|t:|1759015480
|move|p1a: Landorus|Stealth Rock|p2a: Landorus
|-sidestart|p2: majin mambroeru|move: Stealth Rock
|move|p2a: Landorus|Smack Down|p1a: Landorus
|-damage|p1a: Landorus|85/100
|-start|p1a: Landorus|Smack Down
|
|upkeep
|turn|2
|
|t:|1759015503
|switch|p1a: Great Tusk|Great Tusk|100/100
|move|p2a: Landorus|Earthquake|p1a: Great Tusk
|-damage|p1a: Great Tusk|83/100
|
|-heal|p1a: Great Tusk|89/100|[from] item: Leftovers
|upkeep
|turn|3
|
|t:|1759015514
|move|p2a: Landorus|U-turn|p1a: Great Tusk
|-resisted|p1a: Great Tusk
|-damage|p1a: Great Tusk|85/100
|
|t:|1759015516
|switch|p2a: Serperior|Serperior, F|100/100|[from] U-turn
|-damage|p2a: Serperior|88/100|[from] Stealth Rock
|move|p1a: Great Tusk|Knock Off|p2a: Serperior
|-damage|p2a: Serperior|62/100
|-enditem|p2a: Serperior|Leftovers|[from] move: Knock Off|[of] p1a: Great Tusk
|
|-heal|p1a: Great Tusk|91/100|[from] item: Leftovers
|upkeep
|turn|4
|inactive|DeimosDemon has 120 seconds left.
|
|t:|1759015562
|-end|p1a: Great Tusk|Protosynthesis|[silent]
|switch|p1a: Indeedee|Indeedee-F, F|100/100
|-fieldstart|move: Psychic Terrain|[from] ability: Psychic Surge|[of] p1a: Indeedee
|move|p2a: Serperior|Leaf Storm|p1a: Indeedee
|-damage|p1a: Indeedee|66/100
|-boost|p2a: Serperior|spa|2
|
|upkeep
|turn|5
|
|t:|1759015572
|switch|p2a: Muk|Muk-Alola, M|100/100
|-damage|p2a: Muk|88/100|[from] Stealth Rock
|move|p1a: Indeedee|Light Screen|p1a: Indeedee
|-sidestart|p1: DeimosDemon|move: Light Screen
|
|upkeep
|turn|6
|inactive|DeimosDemon has 90 seconds left.
|
|t:|1759015612
|switch|p1a: Great Tusk|Great Tusk|91/100
|switch|p2a: Cinderace|Cinderace, M|100/100
|
|-heal|p1a: Great Tusk|98/100|[from] item: Leftovers
|upkeep
|turn|7
|
|t:|1759015624
|move|p2a: Cinderace|Will-O-Wisp|p1a: Great Tusk
|-status|p1a: Great Tusk|brn
|move|p1a: Great Tusk|Earthquake|p2a: Cinderace
|-supereffective|p2a: Cinderace
|-damage|p2a: Cinderace|41/100
|
|-heal|p1a: Great Tusk|100/100 brn|[from] item: Leftovers
|-damage|p1a: Great Tusk|94/100 brn|[from] brn
|upkeep
|turn|8
|
|t:|1759015632
|switch|p2a: Landorus|Landorus-Therian, M|100/100
|-damage|p2a: Landorus|88/100|[from] Stealth Rock
|-ability|p2a: Landorus|Intimidate|boost
|-unboost|p1a: Great Tusk|atk|1
|move|p1a: Great Tusk|Earthquake|p2a: Landorus
|-immune|p2a: Landorus
|
|-heal|p1a: Great Tusk|100/100 brn|[from] item: Leftovers
|-damage|p1a: Great Tusk|94/100 brn|[from] brn
|upkeep
|turn|9
|
|t:|1759015638
|move|p2a: Landorus|Earthquake|p1a: Great Tusk
|-damage|p1a: Great Tusk|67/100 brn
|move|p1a: Great Tusk|Knock Off|p2a: Landorus
|-damage|p2a: Landorus|77/100
|-damage|p1a: Great Tusk|51/100 brn|[from] item: Rocky Helmet|[of] p2a: Landorus
|-enditem|p2a: Landorus|Rocky Helmet|[from] move: Knock Off|[of] p1a: Great Tusk
|
|-heal|p1a: Great Tusk|57/100 brn|[from] item: Leftovers
|-damage|p1a: Great Tusk|51/100 brn|[from] brn
|-sideend|p1: DeimosDemon|move: Light Screen
|upkeep
|turn|10
|inactive|DeimosDemon has 90 seconds left.
|
|t:|1759015658
|-end|p1a: Great Tusk|Protosynthesis|[silent]
|switch|p1a: Alomomola|Alomomola, F|100/100
|move|p2a: Landorus|U-turn|p1a: Alomomola
|-damage|p1a: Alomomola|80/100
|
|t:|1759015663
|switch|p2a: Serperior|Serperior, F|62/100|[from] U-turn
|-damage|p2a: Serperior|50/100|[from] Stealth Rock
|
|upkeep
|turn|11
|
|t:|1759015667
|move|p2a: Serperior|Leaf Storm|p1a: Alomomola
|-supereffective|p1a: Alomomola
|-damage|p1a: Alomomola|47/100
|-boost|p2a: Serperior|spa|2
|move|p1a: Alomomola|Mirror Coat|p2a: Serperior
|-damage|p2a: Serperior|0 fnt
|faint|p2a: Serperior
|
|-fieldend|move: Psychic Terrain
|upkeep
|
|t:|1759015672
|switch|p2a: Rillaboom|Rillaboom, F|100/100
|-damage|p2a: Rillaboom|88/100|[from] Stealth Rock
|-fieldstart|move: Grassy Terrain|[from] ability: Grassy Surge|[of] p2a: Rillaboom
|turn|12
|inactive|DeimosDemon has 90 seconds left.
|
|t:|1759015694
|switch|p1a: Armarouge|Armarouge, F|100/100
|move|p2a: Rillaboom|Grassy Glide|p1a: Armarouge
|-resisted|p1a: Armarouge
|-crit|p1a: Armarouge
|-damage|p1a: Armarouge|72/100
|-ability|p1a: Armarouge|Weak Armor|boost
|-unboost|p1a: Armarouge|def|1
|-boost|p1a: Armarouge|spe|2
|
|-heal|p1a: Armarouge|78/100|[from] Grassy Terrain
|-heal|p2a: Rillaboom|94/100|[from] Grassy Terrain
|upkeep
|turn|13
|inactive|DeimosDemon has 90 seconds left.
|
|t:|1759015709
|switch|p2a: Muk|Muk-Alola, M|88/100
|-damage|p2a: Muk|76/100|[from] Stealth Rock
|move|p1a: Armarouge|Armor Cannon|p2a: Muk
|-damage|p2a: Muk|44/100
|-unboost|p1a: Armarouge|def|1
|-unboost|p1a: Armarouge|spd|1
|
|-heal|p1a: Armarouge|84/100|[from] Grassy Terrain
|-heal|p2a: Muk|50/100|[from] Grassy Terrain
|upkeep
|turn|14
|inactive|DeimosDemon has 90 seconds left.
|
|t:|1759015727
|switch|p1a: Great Tusk|Great Tusk|51/100 brn
|move|p2a: Muk|Knock Off|p1a: Great Tusk
|-resisted|p1a: Great Tusk
|-damage|p1a: Great Tusk|40/100 brn
|-enditem|p1a: Great Tusk|Leftovers|[from] move: Knock Off|[of] p2a: Muk
|
|-heal|p1a: Great Tusk|46/100 brn|[from] Grassy Terrain
|-heal|p2a: Muk|56/100|[from] Grassy Terrain
|-damage|p1a: Great Tusk|40/100 brn|[from] brn
|upkeep
|turn|15
|inactive|DeimosDemon has 90 seconds left.
|
|t:|1759015744
|-end|p1a: Great Tusk|Protosynthesis|[silent]
|switch|p1a: Alomomola|Alomomola, F|80/100
|switch|p2a: Landorus|Landorus-Therian, M|77/100
|-damage|p2a: Landorus|65/100|[from] Stealth Rock
|-ability|p2a: Landorus|Intimidate|boost
|-unboost|p1a: Alomomola|atk|1
|
|-heal|p1a: Alomomola|87/100|[from] Grassy Terrain
|upkeep
|turn|16
|
|t:|1759015755
|switch|p2a: Rillaboom|Rillaboom, F|94/100
|-damage|p2a: Rillaboom|82/100|[from] Stealth Rock
|move|p1a: Alomomola|Flip Turn|p2a: Rillaboom
|-resisted|p2a: Rillaboom
|-damage|p2a: Rillaboom|76/100
|
|t:|1759015761
|switch|p1a: Landorus|Landorus-Therian, M|85/100|[from] Flip Turn
|-ability|p1a: Landorus|Intimidate|boost
|-unboost|p2a: Rillaboom|atk|1
|
|-heal|p2a: Rillaboom|82/100|[from] Grassy Terrain
|upkeep
|turn|17
|
|t:|1759015764
|move|p1a: Landorus|U-turn|p2a: Rillaboom
|-supereffective|p2a: Rillaboom
|-damage|p2a: Rillaboom|18/100
|
|t:|1759015771
|switch|p1a: Armarouge|Armarouge, F|84/100|[from] U-turn
|move|p2a: Rillaboom|Swords Dance|p2a: Rillaboom
|-boost|p2a: Rillaboom|atk|2
|
|-heal|p2a: Rillaboom|24/100|[from] Grassy Terrain
|-heal|p1a: Armarouge|90/100|[from] Grassy Terrain
|upkeep
|turn|18
|inactive|DeimosDemon has 90 seconds left.
|
|t:|1759015790
|switch|p2a: Garganacl|Garganacl, M|100/100
|-damage|p2a: Garganacl|88/100|[from] Stealth Rock
|switch|p1a: Great Tusk|Great Tusk|40/100 brn
|
|-heal|p1a: Great Tusk|46/100 brn|[from] Grassy Terrain
|-heal|p2a: Garganacl|94/100|[from] Grassy Terrain
|-heal|p2a: Garganacl|100/100|[from] item: Leftovers
|-damage|p1a: Great Tusk|40/100 brn|[from] brn
|upkeep
|turn|19
|
|t:|1759015799
|switch|p2a: Landorus|Landorus-Therian, M|65/100
|-damage|p2a: Landorus|53/100|[from] Stealth Rock
|-ability|p2a: Landorus|Intimidate|boost
|-unboost|p1a: Great Tusk|atk|1
|move|p1a: Great Tusk|Knock Off|p2a: Landorus
|-damage|p2a: Landorus|45/100
|
|-heal|p1a: Great Tusk|46/100 brn|[from] Grassy Terrain
|-damage|p1a: Great Tusk|40/100 brn|[from] brn
|-fieldend|move: Grassy Terrain
|upkeep
|turn|20
|
|t:|1759015813
|move|p2a: Landorus|U-turn|p1a: Great Tusk
|-resisted|p1a: Great Tusk
|-damage|p1a: Great Tusk|34/100 brn
|
|t:|1759015817
|switch|p2a: Cinderace|Cinderace, M|41/100|[from] U-turn
|move|p1a: Great Tusk|Knock Off|p2a: Cinderace
|-damage|p2a: Cinderace|28/100
|-enditem|p2a: Cinderace|Heavy-Duty Boots|[from] move: Knock Off|[of] p1a: Great Tusk
|
|-damage|p1a: Great Tusk|28/100 brn|[from] brn
|upkeep
|turn|21
|
|t:|1759015821
|move|p2a: Cinderace|Pyro Ball|p1a: Great Tusk
|-damage|p1a: Great Tusk|0 fnt
|faint|p1a: Great Tusk
|-end|p1a: Great Tusk|Protosynthesis|[silent]
|
|upkeep
|
|t:|1759015845
|switch|p1a: Landorus|Landorus-Therian, M|85/100
|-ability|p1a: Landorus|Intimidate|boost
|-unboost|p2a: Cinderace|atk|1
|turn|22
|
|t:|1759015855
|switch|p2a: Landorus|Landorus-Therian, M|45/100
|-damage|p2a: Landorus|33/100|[from] Stealth Rock
|-ability|p2a: Landorus|Intimidate|boost
|-unboost|p1a: Landorus|atk|1
|move|p1a: Landorus|U-turn|p2a: Landorus
|-resisted|p2a: Landorus
|-damage|p2a: Landorus|22/100
|
|t:|1759015862
|switch|p1a: Alomomola|Alomomola, F|100/100|[from] U-turn
|
|upkeep
|turn|23
|
|t:|1759015868
|move|p2a: Landorus|Earthquake|p1a: Alomomola
|-damage|p1a: Alomomola|58/100
|move|p1a: Alomomola|Flip Turn|p2a: Landorus
|-supereffective|p2a: Landorus
|-damage|p2a: Landorus|0 fnt
|faint|p2a: Landorus
|
|t:|1759015877
|switch|p1a: Landorus|Landorus-Therian, M|85/100|[from] Flip Turn
|
|upkeep
|
|t:|1759015886
|switch|p2a: Cinderace|Cinderace, M|28/100
|-damage|p2a: Cinderace|3/100|[from] Stealth Rock
|turn|24
|
|t:|1759015889
|move|p1a: Landorus|U-turn|p2a: Cinderace
|-resisted|p2a: Cinderace
|-damage|p2a: Cinderace|0 fnt
|faint|p2a: Cinderace
|-message|majin mambroeru forfeited.
|
|win|DeimosDemon
|raw|DeimosDemon's rating: 1374 &rarr; <strong>1399</strong><br />(+25 for winning)
|raw|majin mambroeru's rating: 1465 &rarr; <strong>1440</strong><br />(-25 for losing)
|l|☆majin mambroeru
|player|p2|
|l|☆DeimosDemon
|player|p1|
