|j|☆deviljr12
|j|‽vilestinkyswine
|t:|1759032510
|gametype|singles
|player|p1|deviljr12|102|1187
|player|p2|vilestinkyswine|guitarist-gen4|1249
|gen|9
|tier|[Gen 9] OU
|rated|
|rule|HP Percentage Mod: HP is shown in percentages
|rule|Endless Battle Clause: Forcing endless battles is banned
|rule|Species Clause: Limit one of each Pokémon
|rule|OHKO Clause: OHKO moves are banned
|rule|Evasion Items Clause: Evasion items are banned
|rule|Evasion Moves Clause: Evasion moves are banned
|rule|Evasion Abilities Clause: Evasion abilities are banned
|rule|Sleep Moves Clause: Sleep-inducing moves are banned
|clearpoke
|poke|p1|Slowking-Galar, M|
|poke|p1|Porygon2|
|poke|p1|Conkeldurr, M|
|poke|p1|Ursaluna, M|
|poke|p1|Torkoal, M|
|poke|p1|Hydrapple, M|
|poke|p2|Mimikyu, F|
|poke|p2|Ogerpon-Wellspring, F|
|poke|p2|Skeledirge, F|
|poke|p2|Deoxys-Speed|
|poke|p2|Moltres-Galar|
|poke|p2|Excadrill, F|
|teampreview
|
|t:|1759032520
|teamsize|p1|6
|teamsize|p2|6
|start
|switch|p1a: GrownUps2|Porygon2, shiny|100/100
|switch|p2a: Deoxys|Deoxys-Speed|100/100
|-ability|p2a: Deoxys|Pressure
|-ability|p1a: GrownUps2|Download|boost
|-boost|p1a: GrownUps2|spa|1
|turn|1
|
|t:|1759032532
|move|p2a: Deoxys|Trick|p1a: GrownUps2
|-activate|p2a: Deoxys|move: Trick|[of] p1a: GrownUps2
|-item|p1a: GrownUps2|Choice Band|[from] move: Trick
|-item|p2a: Deoxys|Eviolite|[from] move: Trick
|move|p1a: GrownUps2|Tri Attack|p2a: Deoxys
|-damage|p2a: Deoxys|45/100
|
|upkeep
|turn|2
|
|t:|1759032542
|switch|p1a: Shawshank|Slowking-Galar, M, shiny|100/100
|move|p2a: Deoxys|Stealth Rock|p1a: Shawshank
|-sidestart|p1: deviljr12|move: Stealth Rock
|
|upkeep
|turn|3
|
|t:|1759032550
|move|p2a: Deoxys|Knock Off|p1a: Shawshank
|-supereffective|p1a: Shawshank
|-damage|p1a: Shawshank|53/100
|-enditem|p1a: Shawshank|Heavy-Duty Boots|[from] move: Knock Off|[of] p2a: Deoxys
|move|p1a: Shawshank|Trick Room|p1a: Shawshank
|-fieldstart|move: Trick Room|[of] p1a: Shawshank
|
|upkeep
|turn|4
|
|t:|1759032561
|-prepare|p1a: Shawshank|Chilly Reception|[premajor]
|move|p1a: Shawshank|Chilly Reception|p1a: Shawshank
|-weather|Snowscape
|
|t:|1759032573
|switch|p1a: FreeGuy|Ursaluna, M, shiny|100/100|[from] Chilly Reception
|-damage|p1a: FreeGuy|94/100|[from] Stealth Rock
|move|p2a: Deoxys|Taunt|p1a: FreeGuy
|-start|p1a: FreeGuy|move: Taunt
|
|-weather|Snowscape|[upkeep]
|-status|p1a: FreeGuy|brn|[from] item: Flame Orb
|upkeep
|turn|5
|
|t:|1759032597
|move|p1a: FreeGuy|Headlong Rush|p2a: Deoxys
|-damage|p2a: Deoxys|0 fnt
|-unboost|p1a: FreeGuy|def|1
|-unboost|p1a: FreeGuy|spd|1
|faint|p2a: Deoxys
|
|-weather|Snowscape|[upkeep]
|-damage|p1a: FreeGuy|88/100 brn|[from] brn
|upkeep
|
|t:|1759032614
|switch|p2a: Moltres|Moltres-Galar|100/100
|turn|6
|
|t:|1759032629
|move|p1a: FreeGuy|Facade|p2a: Moltres
|-damage|p2a: Moltres|0 fnt
|faint|p2a: Moltres
|
|-weather|Snowscape|[upkeep]
|-damage|p1a: FreeGuy|82/100 brn|[from] brn
|-end|p1a: FreeGuy|move: Taunt
|upkeep
|
|t:|1759032639
|switch|p2a: Mimikyu|Mimikyu, F|100/100
|turn|7
|
|t:|1759032647
|move|p1a: FreeGuy|Headlong Rush|p2a: Mimikyu
|-activate|p2a: Mimikyu|ability: Disguise
|-damage|p2a: Mimikyu|100/100
|-unboost|p1a: FreeGuy|def|1
|-unboost|p1a: FreeGuy|spd|1
|-damage|p1a: FreeGuy|66/100 brn|[from] item: Rocky Helmet|[of] p2a: Mimikyu
|detailschange|p2a: Mimikyu|Mimikyu-Busted, F
|-damage|p2a: Mimikyu|88/100|[from] pokemon: Mimikyu-Busted
|move|p2a: Mimikyu|Swords Dance|p2a: Mimikyu
|-boost|p2a: Mimikyu|atk|2
|
|-weather|Snowscape|[upkeep]
|-damage|p1a: FreeGuy|60/100 brn|[from] brn
|-fieldend|move: Trick Room
|upkeep
|turn|8
|
|t:|1759032681
|switch|p1a: GrownUps2|Porygon2, shiny|100/100
|-damage|p1a: GrownUps2|88/100|[from] Stealth Rock
|-ability|p1a: GrownUps2|Download|boost
|-boost|p1a: GrownUps2|atk|1
|move|p2a: Mimikyu|Drain Punch|p1a: GrownUps2
|-supereffective|p1a: GrownUps2
|-damage|p1a: GrownUps2|14/100
|-heal|p2a: Mimikyu|100/100|[from] drain|[of] p1a: GrownUps2
|
|-weather|none
|upkeep
|turn|9
|
|t:|1759032695
|move|p2a: Mimikyu|Play Rough|p1a: GrownUps2
|-damage|p1a: GrownUps2|0 fnt
|faint|p1a: GrownUps2
|
|upkeep
|inactive|Battle timer is ON: inactive players will automatically lose when time's up. (requested by vilestinkyswine)
|
|t:|1759032717
|switch|p1a: Shawshank|Slowking-Galar, M, shiny|86/100
|-damage|p1a: Shawshank|74/100|[from] Stealth Rock
|turn|10
|
|t:|1759032722
|-terastallize|p1a: Shawshank|Flying
|move|p2a: Mimikyu|Shadow Claw|p1a: Shawshank
|-crit|p1a: Shawshank
|-damage|p1a: Shawshank|0 fnt
|faint|p1a: Shawshank
|
|upkeep
|
|t:|1759032732
|switch|p1a: PlayingWithFire|Torkoal, M, shiny|100/100
|-damage|p1a: PlayingWithFire|76/100|[from] Stealth Rock
|-weather|SunnyDay|[from] ability: Drought|[of] p1a: PlayingWithFire
|turn|11
|
|t:|1759032740
|move|p2a: Mimikyu|Play Rough|p1a: PlayingWithFire
|-resisted|p1a: PlayingWithFire
|-damage|p1a: PlayingWithFire|47/100
|move|p1a: PlayingWithFire|Weather Ball|p2a: Mimikyu
|-damage|p2a: Mimikyu|0 fnt
|faint|p2a: Mimikyu
|
|-weather|SunnyDay|[upkeep]
|upkeep
|
|t:|1759032755
|switch|p2a: Ogerpon|Ogerpon-Wellspring, F|100/100
|turn|12
|
|t:|1759032763
|move|p2a: Ogerpon|U-turn|p1a: PlayingWithFire
|-resisted|p1a: PlayingWithFire
|-damage|p1a: PlayingWithFire|38/100
|
|t:|1759032767
|switch|p2a: Skeledirge|Skeledirge, F|100/100|[from] U-turn
|move|p1a: PlayingWithFire|Weather Ball|p2a: Skeledirge
|-resisted|p2a: Skeledirge
|-damage|p2a: Skeledirge|53/100
|
|-weather|SunnyDay|[upkeep]
|upkeep
|turn|13
|
|t:|1759032778
|move|p2a: Skeledirge|Torch Song|p1a: PlayingWithFire
|-resisted|p1a: PlayingWithFire
|-damage|p1a: PlayingWithFire|0 fnt
|-boost|p2a: Skeledirge|spa|1
|faint|p1a: PlayingWithFire
|-enditem|p2a: Skeledirge|Throat Spray
|-boost|p2a: Skeledirge|spa|1|[from] item: Throat Spray
|
|-weather|SunnyDay|[upkeep]
|upkeep
|inactive|deviljr12 has 120 seconds left.
|
|t:|1759032803
|switch|p1a: TheOtherGuy|Conkeldurr, M, shiny|100/100
|-damage|p1a: TheOtherGuy|94/100|[from] Stealth Rock
|turn|14
|
|t:|1759032810
|-terastallize|p2a: Skeledirge|Fairy
|move|p2a: Skeledirge|Alluring Voice|p1a: TheOtherGuy
|-supereffective|p1a: TheOtherGuy
|-damage|p1a: TheOtherGuy|0 fnt
|faint|p1a: TheOtherGuy
|
|-weather|SunnyDay|[upkeep]
|upkeep
|-message|deviljr12 forfeited.
|
|win|vilestinkyswine
|raw|deviljr12's rating: 1187 &rarr; <strong>1166</strong><br />(-21 for losing)
|raw|vilestinkyswine's rating: 1249 &rarr; <strong>1270</strong><br />(+21 for winning)
|l|☆deviljr12
|player|p1|
|l|‽vilestinkyswine
|player|p2|
