|j|☆PIICHON
|j|☆XinFeng
|t:|1758947410
|gametype|singles
|player|p1|PIICHON|169|1490
|player|p2|XinFeng|bellelba|1479
|gen|9
|tier|[Gen 9] OU
|rated|
|rule|HP Percentage Mod: HP is shown in percentages
|rule|Endless Battle Clause: Forcing endless battles is banned
|rule|Species Clause: Limit one of each Pokémon
|rule|OHKO Clause: OHKO moves are banned
|rule|Evasion Items Clause: Evasion items are banned
|rule|Evasion Moves Clause: Evasion moves are banned
|rule|Evasion Abilities Clause: Evasion abilities are banned
|rule|Sleep Moves Clause: Sleep-inducing moves are banned
|clearpoke
|poke|p1|Tyranitar, F|
|poke|p1|Excadrill, F|
|poke|p1|Ogerpon-Wellspring, F|
|poke|p1|Raging Bolt|
|poke|p1|Corviknight, M|
|poke|p1|Dragapult, F|
|poke|p2|Charizard, F|
|poke|p2|Torkoal, F|
|poke|p2|Walking Wake|
|poke|p2|Lilligant-Hisui, F|
|poke|p2|Hatterene, F|
|poke|p2|Great Tusk|
|teampreview
|inactive|Battle timer is ON: inactive players will automatically lose when time's up. (requested by XinFeng)
|
|t:|1758947426
|teamsize|p1|6
|teamsize|p2|6
|start
|switch|p1a: Dragapult|Dragapult, F|100/100
|switch|p2a: Lilligant|Lilligant-Hisui, F, shiny|100/100
|turn|1
|
|t:|1758947439
|move|p1a: Dragapult|Flamethrower|p2a: Lilligant
|-supereffective|p2a: Lilligant
|-damage|p2a: Lilligant|0 fnt
|faint|p2a: Lilligant
|
|upkeep
|
|t:|1758947449
|switch|p2a: Hatterene|Hatterene, F|100/100
|turn|2
|
|t:|1758947456
|switch|p1a: Corviknight|Corviknight, M|100/100
|-ability|p1a: Corviknight|Pressure
|move|p2a: Hatterene|Nuzzle|p1a: Corviknight
|-supereffective|p1a: Corviknight
|-damage|p1a: Corviknight|95/100
|-status|p1a: Corviknight|par
|-damage|p2a: Hatterene|84/100|[from] item: Rocky Helmet|[of] p1a: Corviknight
|
|upkeep
|turn|3
|
|t:|1758947463
|switch|p2a: Charizard|Charizard, F|100/100
|move|p1a: Corviknight|U-turn|p2a: Charizard
|-resisted|p2a: Charizard
|-damage|p2a: Charizard|96/100
|
|t:|1758947471
|switch|p1a: Ogerpon|Ogerpon-Wellspring, F|100/100|[from] U-turn
|
|upkeep
|turn|4
|
|t:|1758947475
|switch|p2a: Hatterene|Hatterene, F|84/100
|move|p1a: Ogerpon|Ivy Cudgel|p2a: Hatterene|[anim] Ivy Cudgel Water
|-damage|p2a: Hatterene|35/100
|-enditem|p2a: Hatterene|Eject Button
|
|t:|1758947482
|switch|p2a: Walking Wake|Walking Wake|100/100
|
|upkeep
|turn|5
|
|t:|1758947494
|switch|p1a: Corviknight|Corviknight, M|95/100 par
|-ability|p1a: Corviknight|Pressure
|move|p2a: Walking Wake|Draco Meteor|p1a: Corviknight
|-resisted|p1a: Corviknight
|-damage|p1a: Corviknight|50/100 par
|-unboost|p2a: Walking Wake|spa|2
|
|upkeep
|turn|6
|
|t:|1758947503
|-end|p2a: Walking Wake|Protosynthesis|[silent]
|switch|p2a: Hatterene|Hatterene, F|35/100
|switch|p1a: Tyranitar|Tyranitar, F|100/100
|-weather|Sandstorm|[from] ability: Sand Stream|[of] p1a: Tyranitar
|
|-weather|Sandstorm|[upkeep]
|-damage|p2a: Hatterene|29/100|[from] Sandstorm
|upkeep
|turn|7
|
|t:|1758947512
|move|p1a: Tyranitar|Knock Off|p2a: Hatterene
|-damage|p2a: Hatterene|4/100
|move|p2a: Hatterene|Nuzzle|p1a: Tyranitar
|-damage|p1a: Tyranitar|98/100
|-status|p1a: Tyranitar|par
|
|-weather|Sandstorm|[upkeep]
|-damage|p2a: Hatterene|0 fnt|[from] Sandstorm
|faint|p2a: Hatterene
|upkeep
|
|t:|1758947518
|switch|p2a: Great Tusk|Great Tusk, shiny|100/100
|turn|8
|
|t:|1758947529
|switch|p1a: Excadrill|Excadrill, F|100/100
|-item|p1a: Excadrill|Air Balloon
|move|p2a: Great Tusk|Knock Off|p1a: Excadrill
|-damage|p1a: Excadrill|60/100
|-enditem|p1a: Excadrill|Air Balloon
|
|-weather|Sandstorm|[upkeep]
|upkeep
|turn|9
|inactive|PIICHON has 120 seconds left.
|
|t:|1758947567
|move|p1a: Excadrill|Earthquake|p2a: Great Tusk
|-damage|p2a: Great Tusk|66/100
|move|p2a: Great Tusk|Close Combat|p1a: Excadrill
|-supereffective|p1a: Excadrill
|-damage|p1a: Excadrill|0 fnt
|-unboost|p2a: Great Tusk|def|1
|-unboost|p2a: Great Tusk|spd|1
|faint|p1a: Excadrill
|-enditem|p2a: Great Tusk|Eject Pack
|
|t:|1758947576
|-end|p2a: Great Tusk|Protosynthesis|[silent]
|switch|p2a: Torkoal|Torkoal, F, shiny|100/100
|-weather|SunnyDay|[from] ability: Drought|[of] p2a: Torkoal
|
|-weather|SunnyDay|[upkeep]
|upkeep
|
|t:|1758947580
|switch|p1a: Tyranitar|Tyranitar, F|98/100 par
|-weather|Sandstorm|[from] ability: Sand Stream|[of] p1a: Tyranitar
|turn|10
|
|t:|1758947584
|switch|p2a: Great Tusk|Great Tusk, shiny|66/100
|move|p1a: Tyranitar|Stealth Rock|p2a: Great Tusk
|-sidestart|p2: XinFeng|move: Stealth Rock
|
|-weather|Sandstorm|[upkeep]
|upkeep
|turn|11
|
|t:|1758947595
|switch|p1a: Corviknight|Corviknight, M|50/100 par
|-ability|p1a: Corviknight|Pressure
|move|p2a: Great Tusk|Knock Off|p1a: Corviknight
|-damage|p1a: Corviknight|31/100 par
|-damage|p2a: Great Tusk|49/100|[from] item: Rocky Helmet|[of] p1a: Corviknight
|-enditem|p1a: Corviknight|Rocky Helmet|[from] move: Knock Off|[of] p2a: Great Tusk
|
|-weather|Sandstorm|[upkeep]
|upkeep
|turn|12
|
|t:|1758947601
|move|p2a: Great Tusk|Rapid Spin|p1a: Corviknight
|-resisted|p1a: Corviknight
|-damage|p1a: Corviknight|26/100 par
|-boost|p2a: Great Tusk|spe|1
|-sideend|p2: XinFeng|Stealth Rock|[from] move: Rapid Spin|[of] p2a: Great Tusk
|move|p1a: Corviknight|Roost|p1a: Corviknight
|-heal|p1a: Corviknight|76/100 par
|-singleturn|p1a: Corviknight|move: Roost
|
|-weather|Sandstorm|[upkeep]
|upkeep
|turn|13
|
|t:|1758947616
|move|p2a: Great Tusk|Close Combat|p1a: Corviknight
|-damage|p1a: Corviknight|40/100 par
|-unboost|p2a: Great Tusk|def|1
|-unboost|p2a: Great Tusk|spd|1
|move|p1a: Corviknight|U-turn|p2a: Great Tusk
|-resisted|p2a: Great Tusk
|-damage|p2a: Great Tusk|41/100
|
|t:|1758947630
|switch|p1a: Ogerpon|Ogerpon-Wellspring, F|100/100|[from] U-turn
|
|-weather|Sandstorm|[upkeep]
|-damage|p1a: Ogerpon|95/100|[from] Sandstorm
|upkeep
|turn|14
|
|t:|1758947633
|-end|p2a: Great Tusk|Protosynthesis|[silent]
|switch|p2a: Torkoal|Torkoal, F, shiny|100/100
|-weather|SunnyDay|[from] ability: Drought|[of] p2a: Torkoal
|move|p1a: Ogerpon|Horn Leech|p2a: Torkoal
|-resisted|p2a: Torkoal
|-damage|p2a: Torkoal|82/100
|-heal|p1a: Ogerpon|100/100|[from] drain|[of] p2a: Torkoal
|
|-weather|SunnyDay|[upkeep]
|upkeep
|turn|15
|
|t:|1758947641
|switch|p1a: Tyranitar|Tyranitar, F|98/100 par
|-weather|Sandstorm|[from] ability: Sand Stream|[of] p1a: Tyranitar
|switch|p2a: Great Tusk|Great Tusk, shiny|41/100
|
|-weather|Sandstorm|[upkeep]
|upkeep
|turn|16
|
|t:|1758947650
|switch|p1a: Ogerpon|Ogerpon-Wellspring, F|100/100
|move|p2a: Great Tusk|Close Combat|p1a: Ogerpon
|-damage|p1a: Ogerpon|14/100
|-unboost|p2a: Great Tusk|def|1
|-unboost|p2a: Great Tusk|spd|1
|
|-weather|Sandstorm|[upkeep]
|-damage|p1a: Ogerpon|8/100|[from] Sandstorm
|upkeep
|turn|17
|
|t:|1758947653
|-end|p2a: Great Tusk|Protosynthesis|[silent]
|switch|p2a: Torkoal|Torkoal, F, shiny|82/100
|-weather|SunnyDay|[from] ability: Drought|[of] p2a: Torkoal
|move|p1a: Ogerpon|Horn Leech|p2a: Torkoal
|-resisted|p2a: Torkoal
|-damage|p2a: Torkoal|65/100
|-heal|p1a: Ogerpon|18/100|[from] drain|[of] p2a: Torkoal
|
|-weather|SunnyDay|[upkeep]
|upkeep
|turn|18
|
|t:|1758947668
|switch|p1a: Tyranitar|Tyranitar, F|98/100 par
|-weather|Sandstorm|[from] ability: Sand Stream|[of] p1a: Tyranitar
|move|p2a: Torkoal|Lava Plume|p1a: Tyranitar
|-resisted|p1a: Tyranitar
|-damage|p1a: Tyranitar|91/100 par
|
|-weather|Sandstorm|[upkeep]
|-damage|p2a: Torkoal|59/100|[from] Sandstorm
|upkeep
|turn|19
|
|t:|1758947678
|switch|p2a: Great Tusk|Great Tusk, shiny|41/100
|cant|p1a: Tyranitar|par
|
|-weather|Sandstorm|[upkeep]
|upkeep
|turn|20
|
|t:|1758947692
|switch|p1a: Corviknight|Corviknight, M|40/100 par
|-ability|p1a: Corviknight|Pressure
|move|p2a: Great Tusk|Close Combat|p1a: Corviknight
|-damage|p1a: Corviknight|2/100 par
|-unboost|p2a: Great Tusk|def|1
|-unboost|p2a: Great Tusk|spd|1
|
|-weather|Sandstorm|[upkeep]
|upkeep
|turn|21
|
|t:|1758947696
|move|p2a: Great Tusk|Rapid Spin|p1a: Corviknight
|-resisted|p1a: Corviknight
|-crit|p1a: Corviknight
|-damage|p1a: Corviknight|0 fnt
|-boost|p2a: Great Tusk|spe|1
|faint|p1a: Corviknight
|
|-weather|Sandstorm|[upkeep]
|upkeep
|
|t:|1758947718
|switch|p1a: Dragapult|Dragapult, F|100/100
|turn|22
|
|t:|1758947725
|move|p2a: Great Tusk|Headlong Rush|p1a: Dragapult
|-damage|p1a: Dragapult|8/100
|-unboost|p2a: Great Tusk|def|1
|-unboost|p2a: Great Tusk|spd|1
|move|p1a: Dragapult|Shadow Ball|p2a: Great Tusk
|-damage|p2a: Great Tusk|0 fnt
|faint|p2a: Great Tusk
|-end|p2a: Great Tusk|Protosynthesis|[silent]
|
|-weather|Sandstorm|[upkeep]
|-damage|p1a: Dragapult|2/100|[from] Sandstorm
|upkeep
|
|t:|1758947735
|switch|p2a: Torkoal|Torkoal, F, shiny|59/100
|-weather|SunnyDay|[from] ability: Drought|[of] p2a: Torkoal
|turn|23
|
|t:|1758947738
|switch|p1a: Tyranitar|Tyranitar, F|91/100 par
|-weather|Sandstorm|[from] ability: Sand Stream|[of] p1a: Tyranitar
|move|p2a: Torkoal|Stealth Rock|p1a: Tyranitar
|-sidestart|p1: PIICHON|move: Stealth Rock
|
|-weather|Sandstorm|[upkeep]
|-damage|p2a: Torkoal|53/100|[from] Sandstorm
|upkeep
|turn|24
|
|t:|1758947749
|switch|p2a: Charizard|Charizard, F|96/100
|cant|p1a: Tyranitar|par
|
|-weather|Sandstorm|[upkeep]
|-damage|p2a: Charizard|90/100|[from] Sandstorm
|upkeep
|turn|25
|
|t:|1758947755
|move|p2a: Charizard|Focus Blast|p1a: Tyranitar
|-supereffective|p1a: Tyranitar
|-damage|p1a: Tyranitar|0 fnt
|faint|p1a: Tyranitar
|
|-weather|Sandstorm|[upkeep]
|-damage|p2a: Charizard|84/100|[from] Sandstorm
|upkeep
|
|t:|1758947776
|switch|p1a: Ogerpon|Ogerpon-Wellspring, F|18/100
|-damage|p1a: Ogerpon|5/100|[from] Stealth Rock
|turn|26
|
|t:|1758947781
|switch|p2a: Torkoal|Torkoal, F, shiny|53/100
|-weather|SunnyDay|[from] ability: Drought|[of] p2a: Torkoal
|move|p1a: Ogerpon|Ivy Cudgel|p2a: Torkoal|[anim] Ivy Cudgel Water
|-supereffective|p2a: Torkoal
|-damage|p2a: Torkoal|11/100
|
|-weather|SunnyDay|[upkeep]
|upkeep
|turn|27
|
|t:|1758947795
|move|p1a: Ogerpon|Horn Leech|p2a: Torkoal
|-resisted|p2a: Torkoal
|-damage|p2a: Torkoal|0 fnt
|-heal|p1a: Ogerpon|11/100|[from] drain|[of] p2a: Torkoal
|faint|p2a: Torkoal
|
|-weather|SunnyDay|[upkeep]
|upkeep
|
|t:|1758947798
|switch|p2a: Walking Wake|Walking Wake|100/100
|-activate|p2a: Walking Wake|ability: Protosynthesis
|-start|p2a: Walking Wake|protosynthesisspe
|turn|28
|
|t:|1758947817
|move|p2a: Walking Wake|Dragon Pulse|p1a: Ogerpon
|-damage|p1a: Ogerpon|0 fnt
|faint|p1a: Ogerpon
|
|-weather|SunnyDay|[upkeep]
|upkeep
|
|t:|1758947825
|switch|p1a: Raging Bolt|Raging Bolt|100/100
|-damage|p1a: Raging Bolt|88/100|[from] Stealth Rock
|-activate|p1a: Raging Bolt|ability: Protosynthesis
|-start|p1a: Raging Bolt|protosynthesisspa
|turn|29
|
|t:|1758947844
|-end|p2a: Walking Wake|Protosynthesis|[silent]
|switch|p2a: Charizard|Charizard, F|84/100
|-terastallize|p1a: Raging Bolt|Fairy
|move|p1a: Raging Bolt|Dragon Pulse|p2a: Charizard
|-damage|p2a: Charizard|0 fnt
|faint|p2a: Charizard
|
|-weather|SunnyDay|[upkeep]
|upkeep
|
|t:|1758947851
|switch|p2a: Walking Wake|Walking Wake|100/100
|-activate|p2a: Walking Wake|ability: Protosynthesis
|-start|p2a: Walking Wake|protosynthesisspe
|turn|30
|
|t:|1758947865
|move|p2a: Walking Wake|Hydro Steam|p1a: Raging Bolt
|-damage|p1a: Raging Bolt|7/100
|move|p1a: Raging Bolt|Tera Blast|p2a: Walking Wake|[anim] Tera Blast Fairy
|-supereffective|p2a: Walking Wake
|-damage|p2a: Walking Wake|0 fnt
|faint|p2a: Walking Wake
|-end|p2a: Walking Wake|Protosynthesis|[silent]
|
|win|PIICHON
|raw|PIICHON's rating: 1490 &rarr; <strong>1509</strong><br />(+19 for winning)
|raw|XinFeng's rating: 1479 &rarr; <strong>1460</strong><br />(-19 for losing)
|l|☆XinFeng
|player|p2|
|l|☆PIICHON
|player|p1|
