|j|☆yutt7
|j|☆Evilmantube
|t:|1759040453
|gametype|singles
|player|p1|yutt7|266|1232
|player|p2|Evilmantube|blackbelt|1189
|gen|9
|tier|[Gen 9] OU
|rated|
|rule|HP Percentage Mod: HP is shown in percentages
|rule|Endless Battle Clause: Forcing endless battles is banned
|rule|Species Clause: Limit one of each Pokémon
|rule|OHKO Clause: OHKO moves are banned
|rule|Evasion Items Clause: Evasion items are banned
|rule|Evasion Moves Clause: Evasion moves are banned
|rule|Evasion Abilities Clause: Evasion abilities are banned
|rule|Sleep Moves Clause: Sleep-inducing moves are banned
|clearpoke
|poke|p1|Pelipper, M|
|poke|p1|Garchomp, M|
|poke|p1|Kingdra, M|
|poke|p1|Araquanid, F|
|poke|p1|Clefable, F|
|poke|p1|Jirachi|
|poke|p2|Veluza, F|
|poke|p2|Staraptor, F|
|poke|p2|Azelf|
|poke|p2|Dragapult, F|
|poke|p2|Gholdengo|
|poke|p2|Sudowoodo, L1, F|
|teampreview
|inactive|Battle timer is ON: inactive players will automatically lose when time's up. (requested by yutt7)
|
|t:|1759040499
|teamsize|p1|6
|teamsize|p2|6
|start
|switch|p1a: Clefable|Clefable, F|100/100
|switch|p2a: Veluza|Veluza, F|100/100
|turn|1
|
|t:|1759040508
|move|p2a: Veluza|Flip Turn|p1a: Clefable
|-damage|p1a: Clefable|83/100
|
|t:|1759040511
|switch|p2a: Gholdengo|Gholdengo|100/100|[from] Flip Turn
|move|p1a: Clefable|Wish|p1a: Clefable
|
|-heal|p1a: Clefable|89/100|[from] item: Leftovers
|upkeep
|turn|2
|
|t:|1759040525
|-terastallize|p1a: Clefable|Water
|move|p2a: Gholdengo|Steel Beam|p1a: Clefable
|-resisted|p1a: Clefable
|-damage|p1a: Clefable|57/100
|-damage|p2a: Gholdengo|50/100|[from] steelbeam
|move|p1a: Clefable|Calm Mind|p1a: Clefable
|-boost|p1a: Clefable|spa|1
|-boost|p1a: Clefable|spd|1
|
|-heal|p1a: Clefable|100/100|[from] move: Wish|[wisher] Clefable
|upkeep
|turn|3
|
|t:|1759040536
|move|p2a: Gholdengo|Sandstorm|p2a: Gholdengo
|-weather|Sandstorm
|move|p1a: Clefable|Flamethrower|p2a: Gholdengo
|-supereffective|p2a: Gholdengo
|-damage|p2a: Gholdengo|0 fnt
|faint|p2a: Gholdengo
|
|-weather|Sandstorm|[upkeep]
|-damage|p1a: Clefable|94/100|[from] Sandstorm
|-heal|p1a: Clefable|100/100|[from] item: Leftovers
|upkeep
|
|t:|1759040540
|switch|p2a: Sudowoodo|Sudowoodo, L1, F|100/100
|turn|4
|
|t:|1759040551
|move|p1a: Clefable|Calm Mind|p1a: Clefable
|-boost|p1a: Clefable|spa|1
|-boost|p1a: Clefable|spd|1
|move|p2a: Sudowoodo|Endeavor|p1a: Clefable
|-damage|p1a: Clefable|4/100
|
|-weather|Sandstorm|[upkeep]
|-damage|p1a: Clefable|0 fnt|[from] Sandstorm
|faint|p1a: Clefable
|upkeep
|
|t:|1759040560
|switch|p1a: Garchomp|Garchomp, M|100/100
|turn|5
|
|t:|1759040565
|move|p1a: Garchomp|Scale Shot|p2a: Sudowoodo
|-ability|p2a: Sudowoodo|Sturdy
|-damage|p2a: Sudowoodo|9/100
|-damage|p2a: Sudowoodo|0 fnt
|faint|p2a: Sudowoodo
|-hitcount|p2: Sudowoodo|2
|-unboost|p1a: Garchomp|def|1
|-boost|p1a: Garchomp|spe|1
|-damage|p1a: Garchomp|91/100|[from] item: Life Orb
|
|-weather|Sandstorm|[upkeep]
|upkeep
|
|t:|1759040571
|switch|p2a: Azelf|Azelf|100/100
|turn|6
|
|t:|1759040580
|switch|p1a: Jirachi|Jirachi|100/100
|-terastallize|p2a: Azelf|Normal
|move|p2a: Azelf|Explosion|p1a: Jirachi
|-resisted|p1a: Jirachi
|-damage|p1a: Jirachi|0 fnt
|faint|p2a: Azelf
|faint|p1a: Jirachi
|
|-weather|Sandstorm|[upkeep]
|upkeep
|
|t:|1759040591
|switch|p2a: Veluza|Veluza, F|100/100
|switch|p1a: Pelipper|Pelipper, M|100/100
|-weather|RainDance|[from] ability: Drizzle|[of] p1a: Pelipper
|turn|7
|
|t:|1759040620
|move|p2a: Veluza|Flip Turn|p1a: Pelipper
|-resisted|p1a: Pelipper
|-damage|p1a: Pelipper|84/100
|
|t:|1759040624
|switch|p2a: Dragapult|Dragapult, F|100/100|[from] Flip Turn
|move|p1a: Pelipper|U-turn|p2a: Dragapult
|-resisted|p2a: Dragapult
|-damage|p2a: Dragapult|95/100
|
|t:|1759040629
|switch|p1a: Kingdra|Kingdra, M|100/100|[from] U-turn
|
|-weather|RainDance|[upkeep]
|upkeep
|turn|8
|
|t:|1759040638
|move|p1a: Kingdra|Wave Crash|p2a: Dragapult
|-resisted|p2a: Dragapult
|-damage|p2a: Dragapult|17/100
|-damage|p1a: Kingdra|69/100|[from] Recoil
|move|p2a: Dragapult|Dragon Darts|p1a: Kingdra
|-supereffective|p1a: Kingdra
|-damage|p1a: Kingdra|14/100
|-anim|p2a: Dragapult|Dragon Darts|p1a: Kingdra
|-supereffective|p1a: Kingdra
|-damage|p1a: Kingdra|0 fnt
|faint|p1a: Kingdra
|
|-weather|RainDance|[upkeep]
|upkeep
|
|t:|1759040651
|switch|p1a: Araquanid|Araquanid, F|100/100
|turn|9
|
|t:|1759040656
|move|p2a: Dragapult|Dragon Dance|p2a: Dragapult
|-boost|p2a: Dragapult|atk|1
|-boost|p2a: Dragapult|spe|1
|move|p1a: Araquanid|Liquidation|p2a: Dragapult
|-resisted|p2a: Dragapult
|-damage|p2a: Dragapult|0 fnt
|faint|p2a: Dragapult
|
|-weather|RainDance|[upkeep]
|upkeep
|
|t:|1759040678
|switch|p2a: Staraptor|Staraptor, F|100/100
|turn|10
|
|t:|1759040685
|move|p2a: Staraptor|Brave Bird|p1a: Araquanid
|-supereffective|p1a: Araquanid
|-enditem|p1a: Araquanid|Focus Sash
|-damage|p1a: Araquanid|1/100
|-damage|p2a: Staraptor|71/100|[from] Recoil
|move|p1a: Araquanid|Liquidation|p2a: Staraptor
|-damage|p2a: Staraptor|0 fnt
|faint|p2a: Staraptor
|
|-weather|RainDance|[upkeep]
|upkeep
|
|t:|1759040687
|switch|p2a: Veluza|Veluza, F|100/100
|turn|11
|
|t:|1759040700
|move|p2a: Veluza|Aqua Cutter|p1a: Araquanid
|-resisted|p1a: Araquanid
|-damage|p1a: Araquanid|0 fnt
|faint|p1a: Araquanid
|
|-weather|none
|upkeep
|
|t:|1759040706
|switch|p1a: Garchomp|Garchomp, M|91/100
|turn|12
|
|t:|1759040711
|move|p2a: Veluza|Aqua Cutter|p1a: Garchomp
|-damage|p1a: Garchomp|51/100
|move|p1a: Garchomp|Earthquake|p2a: Veluza
|-damage|p2a: Veluza|16/100
|-damage|p1a: Garchomp|41/100|[from] item: Life Orb
|
|upkeep
|turn|13
|
|t:|1759040723
|move|p2a: Veluza|Aqua Cutter|p1a: Garchomp
|-crit|p1a: Garchomp
|-damage|p1a: Garchomp|0 fnt
|faint|p1a: Garchomp
|
|upkeep
|
|t:|1759040728
|switch|p1a: Pelipper|Pelipper, M|84/100
|-weather|RainDance|[from] ability: Drizzle|[of] p1a: Pelipper
|turn|14
|
|t:|1759040737
|move|p2a: Veluza|Aqua Cutter|p1a: Pelipper
|-resisted|p1a: Pelipper
|-damage|p1a: Pelipper|54/100
|move|p1a: Pelipper|Weather Ball|p2a: Veluza
|-resisted|p2a: Veluza
|-damage|p2a: Veluza|0 fnt
|faint|p2a: Veluza
|
|win|yutt7
|raw|yutt7's rating: 1232 &rarr; <strong>1254</strong><br />(+22 for winning)
|raw|Evilmantube's rating: 1189 &rarr; <strong>1167</strong><br />(-22 for losing)
|l|☆Evilmantube
|player|p2|
|l|☆yutt7
|player|p1|
