|j|☆thefunbegins
|j|☆YuZu Aza
|t:|1758981504
|gametype|singles
|player|p1|thefunbegins|gentleman-gen4|1145
|player|p2|YuZu Aza|janine|1216
|gen|9
|tier|[Gen 9] OU
|rated|
|rule|HP Percentage Mod: HP is shown in percentages
|rule|Endless Battle Clause: Forcing endless battles is banned
|rule|Species Clause: Limit one of each Pokémon
|rule|OHKO Clause: OHKO moves are banned
|rule|Evasion Items Clause: Evasion items are banned
|rule|Evasion Moves Clause: Evasion moves are banned
|rule|Evasion Abilities Clause: Evasion abilities are banned
|rule|Sleep Moves Clause: Sleep-inducing moves are banned
|clearpoke
|poke|p1|Decidueye, F|
|poke|p1|Meowstic-F, F|
|poke|p1|Zapdos|
|poke|p1|Tentacruel, M|
|poke|p1|Cresselia, F|
|poke|p1|Nosepass, M|
|poke|p2|Garchomp, F|
|poke|p2|Sinistcha|
|poke|p2|Rillaboom, M|
|poke|p2|Magnezone|
|poke|p2|Tatsugiri, M|
|poke|p2|Glimmora, F|
|teampreview
|
|t:|1758981528
|teamsize|p1|6
|teamsize|p2|6
|start
|switch|p1a: Cresselia|Cresselia, F|100/100
|switch|p2a: Garchomp|Garchomp, F|100/100
|turn|1
|inactive|Battle timer is ON: inactive players will automatically lose when time's up. (requested by YuZu Aza)
|
|t:|1758981535
|move|p2a: Garchomp|Stealth Rock|p1a: Cresselia
|-sidestart|p1: thefunbegins|move: Stealth Rock
|move|p1a: Cresselia|Ice Beam|p2a: Garchomp
|-supereffective|p2a: Garchomp
|-damage|p2a: Garchomp|16/100
|
|upkeep
|turn|2
|
|t:|1758981543
|switch|p2a: Magnezone|Magnezone|100/100
|move|p1a: Cresselia|Ice Beam|p2a: Magnezone
|-resisted|p2a: Magnezone
|-damage|p2a: Magnezone|86/100
|
|-heal|p2a: Magnezone|92/100|[from] item: Leftovers
|upkeep
|turn|3
|
|t:|1758981554
|switch|p1a: Decidueye|Decidueye, F|100/100
|-damage|p1a: Decidueye|88/100|[from] Stealth Rock
|move|p2a: Magnezone|Thunderbolt|p1a: Decidueye
|-resisted|p1a: Decidueye
|-damage|p1a: Decidueye|73/100
|
|-heal|p2a: Magnezone|98/100|[from] item: Leftovers
|upkeep
|turn|4
|
|t:|1758981564
|switch|p2a: Rillaboom|Rillaboom, M|100/100
|-fieldstart|move: Grassy Terrain|[from] ability: Grassy Surge|[of] p2a: Rillaboom
|move|p1a: Decidueye|Knock Off|p2a: Rillaboom
|-damage|p2a: Rillaboom|66/100
|-enditem|p2a: Rillaboom|Heavy-Duty Boots|[from] move: Knock Off|[of] p1a: Decidueye
|
|-heal|p2a: Rillaboom|73/100|[from] Grassy Terrain
|-heal|p1a: Decidueye|79/100|[from] Grassy Terrain
|upkeep
|turn|5
|
|t:|1758981575
|move|p2a: Rillaboom|Knock Off|p1a: Decidueye
|-supereffective|p1a: Decidueye
|-damage|p1a: Decidueye|0 fnt
|-enditem|p1a: Decidueye|Assault Vest|[from] move: Knock Off|[of] p2a: Rillaboom
|faint|p1a: Decidueye
|
|-heal|p2a: Rillaboom|79/100|[from] Grassy Terrain
|upkeep
|
|t:|1758981583
|switch|p1a: Tentacruel|Tentacruel, M|100/100
|-damage|p1a: Tentacruel|88/100|[from] Stealth Rock
|turn|6
|
|t:|1758981597
|switch|p2a: Sinistcha|Sinistcha|100/100
|move|p1a: Tentacruel|Ice Beam|p2a: Sinistcha
|-supereffective|p2a: Sinistcha
|-damage|p2a: Sinistcha|48/100
|
|-heal|p2a: Sinistcha|54/100|[from] Grassy Terrain
|-heal|p1a: Tentacruel|94/100|[from] Grassy Terrain
|upkeep
|turn|7
|
|t:|1758981607
|move|p2a: Sinistcha|Leaf Storm|p1a: Tentacruel
|-damage|p1a: Tentacruel|56/100
|-unboost|p2a: Sinistcha|spa|2
|-enditem|p2a: Sinistcha|Eject Pack
|
|t:|1758981614
|switch|p2a: Magnezone|Magnezone|98/100
|move|p1a: Tentacruel|Ice Beam|p2a: Magnezone
|-resisted|p2a: Magnezone
|-damage|p2a: Magnezone|88/100
|
|-heal|p1a: Tentacruel|62/100|[from] Grassy Terrain
|-heal|p2a: Magnezone|94/100|[from] Grassy Terrain
|-heal|p2a: Magnezone|99/100|[from] item: Leftovers
|upkeep
|turn|8
|
|t:|1758981624
|move|p1a: Tentacruel|Rapid Spin|p2a: Magnezone
|-resisted|p2a: Magnezone
|-damage|p2a: Magnezone|96/100
|-boost|p1a: Tentacruel|spe|1
|-sideend|p1: thefunbegins|Stealth Rock|[from] move: Rapid Spin|[of] p1a: Tentacruel
|move|p2a: Magnezone|Thunderbolt|p1a: Tentacruel
|-supereffective|p1a: Tentacruel
|-damage|p1a: Tentacruel|19/100
|-status|p1a: Tentacruel|par
|
|-heal|p2a: Magnezone|100/100|[from] Grassy Terrain
|-heal|p1a: Tentacruel|25/100 par|[from] Grassy Terrain
|-fieldend|move: Grassy Terrain
|upkeep
|turn|9
|
|t:|1758981634
|move|p2a: Magnezone|Thunderbolt|p1a: Tentacruel
|-supereffective|p1a: Tentacruel
|-damage|p1a: Tentacruel|0 fnt
|faint|p1a: Tentacruel
|
|upkeep
|
|t:|1758981649
|switch|p1a: Nosepass|Nosepass, M|100/100
|turn|10
|
|t:|1758981662
|move|p2a: Magnezone|Iron Defense|p2a: Magnezone
|-boost|p2a: Magnezone|def|2
|move|p1a: Nosepass|Body Press|p2a: Magnezone
|-supereffective|p2a: Magnezone
|-damage|p2a: Magnezone|74/100
|
|-heal|p2a: Magnezone|79/100|[from] item: Leftovers
|upkeep
|turn|11
|
|t:|1758981671
|move|p2a: Magnezone|Iron Defense|p2a: Magnezone
|-boost|p2a: Magnezone|def|2
|move|p1a: Nosepass|Body Press|p2a: Magnezone
|-supereffective|p2a: Magnezone
|-damage|p2a: Magnezone|60/100
|
|-heal|p2a: Magnezone|66/100|[from] item: Leftovers
|upkeep
|turn|12
|
|t:|1758981675
|move|p2a: Magnezone|Body Press|p1a: Nosepass
|-supereffective|p1a: Nosepass
|-damage|p1a: Nosepass|9/100
|move|p1a: Nosepass|Stealth Rock|p2a: Magnezone
|-sidestart|p2: YuZu Aza|move: Stealth Rock
|
|-heal|p2a: Magnezone|72/100|[from] item: Leftovers
|upkeep
|turn|13
|
|t:|1758981685
|move|p2a: Magnezone|Thunderbolt|p1a: Nosepass
|-damage|p1a: Nosepass|0 fnt
|faint|p1a: Nosepass
|
|-heal|p2a: Magnezone|78/100|[from] item: Leftovers
|upkeep
|
|t:|1758981689
|switch|p1a: Meowstic|Meowstic-F, F|100/100
|turn|14
|
|t:|1758981696
|move|p1a: Meowstic|Dark Pulse|p2a: Magnezone
|-damage|p2a: Magnezone|53/100
|cant|p2a: Magnezone|flinch
|
|-heal|p2a: Magnezone|59/100|[from] item: Leftovers
|upkeep
|turn|15
|
|t:|1758981718
|move|p1a: Meowstic|Dark Pulse|p2a: Magnezone
|-damage|p2a: Magnezone|35/100
|cant|p2a: Magnezone|flinch
|
|-heal|p2a: Magnezone|41/100|[from] item: Leftovers
|upkeep
|turn|16
|
|t:|1758981726
|switch|p2a: Rillaboom|Rillaboom, M|79/100
|-damage|p2a: Rillaboom|66/100|[from] Stealth Rock
|-fieldstart|move: Grassy Terrain|[from] ability: Grassy Surge|[of] p2a: Rillaboom
|move|p1a: Meowstic|Dark Pulse|p2a: Rillaboom
|-damage|p2a: Rillaboom|41/100
|
|-heal|p2a: Rillaboom|47/100|[from] Grassy Terrain
|upkeep
|turn|17
|
|t:|1758981737
|switch|p1a: Zapdos|Zapdos|100/100
|move|p2a: Rillaboom|Grassy Glide|p1a: Zapdos
|-resisted|p1a: Zapdos
|-damage|p1a: Zapdos|82/100
|-status|p2a: Rillaboom|par|[from] ability: Static|[of] p1a: Zapdos
|
|-heal|p2a: Rillaboom|54/100 par|[from] Grassy Terrain
|upkeep
|turn|18
|
|t:|1758981746
|switch|p2a: Magnezone|Magnezone|41/100
|-damage|p2a: Magnezone|35/100|[from] Stealth Rock
|move|p1a: Zapdos|Agility|p1a: Zapdos
|-boost|p1a: Zapdos|spe|2
|
|-heal|p2a: Magnezone|41/100|[from] Grassy Terrain
|-heal|p2a: Magnezone|47/100|[from] item: Leftovers
|upkeep
|turn|19
|
|t:|1758981756
|move|p1a: Zapdos|Supercell Slam|p2a: Magnezone
|-resisted|p2a: Magnezone
|-damage|p2a: Magnezone|31/100
|move|p2a: Magnezone|Thunderbolt|p1a: Zapdos
|-damage|p1a: Zapdos|41/100
|
|-heal|p2a: Magnezone|37/100|[from] Grassy Terrain
|-heal|p2a: Magnezone|43/100|[from] item: Leftovers
|upkeep
|turn|20
|
|t:|1758981768
|move|p1a: Zapdos|Supercell Slam|p2a: Magnezone
|-resisted|p2a: Magnezone
|-damage|p2a: Magnezone|26/100
|move|p2a: Magnezone|Thunderbolt|p1a: Zapdos
|-damage|p1a: Zapdos|0 fnt
|faint|p1a: Zapdos
|
|-heal|p2a: Magnezone|32/100|[from] Grassy Terrain
|-heal|p2a: Magnezone|37/100|[from] item: Leftovers
|-fieldend|move: Grassy Terrain
|upkeep
|
|t:|1758981775
|switch|p1a: Meowstic|Meowstic-F, F|100/100
|turn|21
|
|t:|1758981778
|move|p1a: Meowstic|Dark Pulse|p2a: Magnezone
|-damage|p2a: Magnezone|13/100
|move|p2a: Magnezone|Thunderbolt|p1a: Meowstic
|-damage|p1a: Meowstic|38/100
|
|-heal|p2a: Magnezone|19/100|[from] item: Leftovers
|upkeep
|turn|22
|
|t:|1758981786
|move|p1a: Meowstic|Dark Pulse|p2a: Magnezone
|-damage|p2a: Magnezone|0 fnt
|faint|p2a: Magnezone
|
|upkeep
|
|t:|1758981800
|switch|p2a: Rillaboom|Rillaboom, M|54/100 par
|-damage|p2a: Rillaboom|41/100 par|[from] Stealth Rock
|-fieldstart|move: Grassy Terrain|[from] ability: Grassy Surge|[of] p2a: Rillaboom
|turn|23
|
|t:|1758981804
|switch|p1a: Cresselia|Cresselia, F|100/100
|move|p2a: Rillaboom|Grassy Glide|p1a: Cresselia
|-damage|p1a: Cresselia|75/100
|
|-heal|p1a: Cresselia|82/100|[from] item: Leftovers
|-heal|p2a: Rillaboom|47/100 par|[from] Grassy Terrain
|upkeep
|turn|24
|
|t:|1758981811
|move|p1a: Cresselia|Ice Beam|p2a: Rillaboom
|-supereffective|p2a: Rillaboom
|-damage|p2a: Rillaboom|0 fnt
|faint|p2a: Rillaboom
|
|-heal|p1a: Cresselia|88/100|[from] item: Leftovers
|upkeep
|
|t:|1758981824
|switch|p2a: Tatsugiri|Tatsugiri, M|100/100
|turn|25
|
|t:|1758981829
|move|p2a: Tatsugiri|Rapid Spin|p1a: Cresselia
|-damage|p1a: Cresselia|83/100
|-boost|p2a: Tatsugiri|spe|1
|-sideend|p2: YuZu Aza|Stealth Rock|[from] move: Rapid Spin|[of] p2a: Tatsugiri
|move|p1a: Cresselia|Thunder Wave|p2a: Tatsugiri
|-status|p2a: Tatsugiri|par
|
|-heal|p1a: Cresselia|89/100|[from] item: Leftovers
|upkeep
|turn|26
|
|t:|1758981837
|move|p2a: Tatsugiri|Draco Meteor|p1a: Cresselia
|-damage|p1a: Cresselia|46/100
|-unboost|p2a: Tatsugiri|spa|2
|move|p1a: Cresselia|Psychic|p2a: Tatsugiri
|-damage|p2a: Tatsugiri|55/100 par
|
|-heal|p2a: Tatsugiri|61/100 par|[from] Grassy Terrain
|-heal|p1a: Cresselia|53/100|[from] item: Leftovers
|upkeep
|turn|27
|
|t:|1758981845
|cant|p2a: Tatsugiri|par
|move|p1a: Cresselia|Moonlight|p1a: Cresselia
|-heal|p1a: Cresselia|100/100
|
|-heal|p2a: Tatsugiri|67/100 par|[from] Grassy Terrain
|-fieldend|move: Grassy Terrain
|upkeep
|turn|28
|
|t:|1758981857
|switch|p2a: Garchomp|Garchomp, F|16/100
|move|p1a: Cresselia|Psychic|p2a: Garchomp
|-damage|p2a: Garchomp|0 fnt
|faint|p2a: Garchomp
|
|upkeep
|
|t:|1758981864
|switch|p2a: Sinistcha|Sinistcha|54/100
|turn|29
|
|t:|1758981869
|-terastallize|p2a: Sinistcha|Ghost
|move|p2a: Sinistcha|Shadow Ball|p1a: Cresselia
|-supereffective|p1a: Cresselia
|-damage|p1a: Cresselia|19/100
|move|p1a: Cresselia|Ice Beam|p2a: Sinistcha
|-damage|p2a: Sinistcha|20/100
|
|-heal|p1a: Cresselia|25/100|[from] item: Leftovers
|upkeep
|turn|30
|
|t:|1758981879
|move|p2a: Sinistcha|Shadow Ball|p1a: Cresselia
|-supereffective|p1a: Cresselia
|-damage|p1a: Cresselia|0 fnt
|faint|p1a: Cresselia
|
|upkeep
|
|t:|1758981881
|switch|p1a: Meowstic|Meowstic-F, F|38/100
|turn|31
|
|t:|1758981887
|-terastallize|p1a: Meowstic|Fairy
|move|p1a: Meowstic|Alluring Voice|p2a: Sinistcha
|-damage|p2a: Sinistcha|0 fnt
|faint|p2a: Sinistcha
|-enditem|p1a: Meowstic|Throat Spray
|-boost|p1a: Meowstic|spa|1|[from] item: Throat Spray
|
|upkeep
|
|t:|1758981896
|switch|p2a: Tatsugiri|Tatsugiri, M|67/100 par
|turn|32
|
|t:|1758981899
|move|p1a: Meowstic|Alluring Voice|p2a: Tatsugiri
|-supereffective|p2a: Tatsugiri
|-damage|p2a: Tatsugiri|0 fnt
|faint|p2a: Tatsugiri
|
|upkeep
|
|t:|1758981902
|switch|p2a: Glimmora|Glimmora, F|100/100
|turn|33
|
|t:|1758981906
|move|p1a: Meowstic|Psychic|p2a: Glimmora
|-supereffective|p2a: Glimmora
|-damage|p2a: Glimmora|0 fnt
|faint|p2a: Glimmora
|
|win|thefunbegins
|raw|thefunbegins's rating: 1145 &rarr; <strong>1175</strong><br />(+30 for winning)
|raw|YuZu Aza's rating: 1216 &rarr; <strong>1186</strong><br />(-30 for losing)
|l|☆YuZu Aza
|player|p2|
|l|☆thefunbegins
|player|p1|
|j|☆thefunbegins
|player|p1|thefunbegins|gentleman-gen4|
