|j|☆Goodnight Yubi
|j|☆Mr.Incelman
|t:|1759030795
|gametype|singles
|player|p1|Goodnight Yubi|brycenman|1556
|player|p2|Mr.Incelman|miku-ice|1570
|gen|9
|tier|[Gen 9] OU
|rated|
|rule|HP Percentage Mod: HP is shown in percentages
|rule|Endless Battle Clause: Forcing endless battles is banned
|rule|Species Clause: Limit one of each Pokémon
|rule|OHKO Clause: OHKO moves are banned
|rule|Evasion Items Clause: Evasion items are banned
|rule|Evasion Moves Clause: Evasion moves are banned
|rule|Evasion Abilities Clause: Evasion abilities are banned
|rule|Sleep Moves Clause: Sleep-inducing moves are banned
|clearpoke
|poke|p1|Ursaluna, F|
|poke|p1|Ogerpon-Wellspring, F|
|poke|p1|Glimmora, F|
|poke|p1|Kingambit, F|
|poke|p1|Iron Moth|
|poke|p1|Dragapult, F|
|poke|p2|Ninetales-Alola, F|
|poke|p2|Kyurem|
|poke|p2|Samurott-Hisui, M|
|poke|p2|Kingambit, M|
|poke|p2|Gholdengo|
|poke|p2|Zamazenta-*|
|teampreview
|inactive|Battle timer is ON: inactive players will automatically lose when time's up. (requested by Mr.Incelman)
|inactive|Goodnight Yubi has 120 seconds left.
|
|t:|1759030833
|teamsize|p1|6
|teamsize|p2|6
|start
|switch|p1a: Glimmora|Glimmora, F|100/100
|switch|p2a: Gholdengo|Gholdengo|100/100
|turn|1
|
|t:|1759030857
|move|p2a: Gholdengo|Make It Rain|p1a: Glimmora
|-supereffective|p1a: Glimmora
|-enditem|p1a: Glimmora|Focus Sash
|-damage|p1a: Glimmora|1/100
|-unboost|p2a: Gholdengo|spa|1
|move|p1a: Glimmora|Earth Power|p2a: Gholdengo
|-supereffective|p2a: Gholdengo
|-damage|p2a: Gholdengo|29/100
|
|upkeep
|turn|2
|
|t:|1759030866
|switch|p1a: Ogerpon|Ogerpon-Wellspring, F|100/100
|move|p2a: Gholdengo|Make It Rain|p1a: Ogerpon
|-resisted|p1a: Ogerpon
|-damage|p1a: Ogerpon|78/100
|-unboost|p2a: Gholdengo|spa|1
|
|upkeep
|turn|3
|
|t:|1759030876
|switch|p2a: Zamazenta|Zamazenta|100/100
|-ability|p2a: Zamazenta|Dauntless Shield|boost
|-boost|p2a: Zamazenta|def|1
|move|p1a: Ogerpon|Knock Off|p2a: Zamazenta
|-resisted|p2a: Zamazenta
|-damage|p2a: Zamazenta|91/100
|-enditem|p2a: Zamazenta|Leftovers|[from] move: Knock Off|[of] p1a: Ogerpon
|
|upkeep
|turn|4
|
|t:|1759030882
|switch|p2a: Samurott|Samurott-Hisui, M|100/100
|switch|p1a: Glimmora|Glimmora, F|1/100
|
|upkeep
|turn|5
|
|t:|1759030889
|switch|p2a: Gholdengo|Gholdengo|29/100
|move|p1a: Glimmora|Stealth Rock|p2a: Gholdengo
|-sidestart|p2: Mr.Incelman|move: Stealth Rock
|
|upkeep
|turn|6
|
|t:|1759030894
|move|p2a: Gholdengo|Make It Rain|p1a: Glimmora
|-supereffective|p1a: Glimmora
|-damage|p1a: Glimmora|0 fnt
|-unboost|p2a: Gholdengo|spa|1
|faint|p1a: Glimmora
|
|upkeep
|
|t:|1759030898
|switch|p1a: Ogerpon|Ogerpon-Wellspring, F|78/100
|turn|7
|
|t:|1759030911
|switch|p2a: Zamazenta|Zamazenta|91/100
|-damage|p2a: Zamazenta|85/100|[from] Stealth Rock
|move|p1a: Ogerpon|Ivy Cudgel|p2a: Zamazenta|[anim] Ivy Cudgel Water
|-damage|p2a: Zamazenta|42/100
|
|upkeep
|turn|8
|
|t:|1759030924
|switch|p1a: Dragapult|Dragapult, F|100/100
|move|p2a: Zamazenta|Crunch|p1a: Dragapult
|-supereffective|p1a: Dragapult
|-damage|p1a: Dragapult|42/100
|
|upkeep
|turn|9
|
|t:|1759030931
|switch|p2a: Samurott|Samurott-Hisui, M|100/100
|-damage|p2a: Samurott|88/100|[from] Stealth Rock
|move|p1a: Dragapult|Draco Meteor|p2a: Samurott
|-damage|p2a: Samurott|28/100
|-unboost|p1a: Dragapult|spa|2
|
|upkeep
|turn|10
|
|t:|1759030940
|switch|p1a: Kingambit|Kingambit, F|100/100
|-activate|p1a: Kingambit|ability: Supreme Overlord
|-start|p1a: Kingambit|fallen1|[silent]
|-item|p1a: Kingambit|Air Balloon
|move|p2a: Samurott|Ceaseless Edge|p1a: Kingambit
|-resisted|p1a: Kingambit
|-damage|p1a: Kingambit|83/100
|-enditem|p1a: Kingambit|Air Balloon
|-sidestart|p1: Goodnight Yubi|Spikes
|
|upkeep
|turn|11
|
|t:|1759030948
|move|p2a: Samurott|Razor Shell|p1a: Kingambit
|-damage|p1a: Kingambit|43/100
|move|p1a: Kingambit|Kowtow Cleave|p2a: Samurott
|-resisted|p2a: Samurott
|-damage|p2a: Samurott|0 fnt
|faint|p2a: Samurott
|
|upkeep
|
|t:|1759030959
|switch|p2a: Zamazenta|Zamazenta|42/100
|-damage|p2a: Zamazenta|36/100|[from] Stealth Rock
|turn|12
|
|t:|1759030967
|-end|p1a: Kingambit|fallen1|[silent]
|switch|p1a: Dragapult|Dragapult, F|42/100
|-damage|p1a: Dragapult|30/100|[from] Spikes
|move|p2a: Zamazenta|Body Press|p1a: Dragapult
|-immune|p1a: Dragapult
|
|upkeep
|turn|13
|
|t:|1759030987
|switch|p2a: Kingambit|Kingambit, M|100/100
|-damage|p2a: Kingambit|94/100|[from] Stealth Rock
|-activate|p2a: Kingambit|ability: Supreme Overlord
|-start|p2a: Kingambit|fallen1|[silent]
|move|p1a: Dragapult|Shadow Ball|p2a: Kingambit
|-resisted|p2a: Kingambit
|-damage|p2a: Kingambit|63/100
|
|-heal|p2a: Kingambit|69/100|[from] item: Leftovers
|upkeep
|turn|14
|
|t:|1759031004
|switch|p1a: Ogerpon|Ogerpon-Wellspring, F|78/100
|-damage|p1a: Ogerpon|66/100|[from] Spikes
|move|p2a: Kingambit|Swords Dance|p2a: Kingambit
|-boost|p2a: Kingambit|atk|2
|
|-heal|p2a: Kingambit|76/100|[from] item: Leftovers
|upkeep
|turn|15
|
|t:|1759031012
|move|p1a: Ogerpon|Ivy Cudgel|p2a: Kingambit|[anim] Ivy Cudgel Water
|-damage|p2a: Kingambit|23/100
|move|p2a: Kingambit|Low Kick|p1a: Ogerpon
|-damage|p1a: Ogerpon|0 fnt
|faint|p1a: Ogerpon
|
|-heal|p2a: Kingambit|29/100|[from] item: Leftovers
|upkeep
|
|t:|1759031019
|switch|p1a: Ursaluna|Ursaluna, F|100/100
|-damage|p1a: Ursaluna|88/100|[from] Spikes
|turn|16
|
|t:|1759031026
|move|p2a: Kingambit|Low Kick|p1a: Ursaluna
|-supereffective|p1a: Ursaluna
|-damage|p1a: Ursaluna|0 fnt
|faint|p1a: Ursaluna
|
|-heal|p2a: Kingambit|35/100|[from] item: Leftovers
|upkeep
|
|t:|1759031028
|switch|p1a: Iron Moth|Iron Moth|100/100
|-damage|p1a: Iron Moth|88/100|[from] Spikes
|-enditem|p1a: Iron Moth|Booster Energy
|-activate|p1a: Iron Moth|ability: Quark Drive|[fromitem]
|-start|p1a: Iron Moth|quarkdrivespe
|turn|17
|
|t:|1759031039
|-terastallize|p1a: Iron Moth|Fairy
|move|p1a: Iron Moth|Fiery Dance|p2a: Kingambit
|-supereffective|p2a: Kingambit
|-damage|p2a: Kingambit|0 fnt
|faint|p2a: Kingambit
|-end|p2a: Kingambit|fallen1|[silent]
|
|upkeep
|
|t:|1759031053
|switch|p2a: Ninetales|Ninetales-Alola, F|100/100
|-damage|p2a: Ninetales|76/100|[from] Stealth Rock
|-weather|Snowscape|[from] ability: Snow Warning|[of] p2a: Ninetales
|turn|18
|
|t:|1759031057
|-terastallize|p2a: Ninetales|Ghost
|move|p1a: Iron Moth|Sludge Wave|p2a: Ninetales
|-resisted|p2a: Ninetales
|-damage|p2a: Ninetales|50/100
|move|p2a: Ninetales|Aurora Veil|p2a: Ninetales
|-sidestart|p2: Mr.Incelman|move: Aurora Veil
|
|-weather|Snowscape|[upkeep]
|upkeep
|turn|19
|
|t:|1759031061
|move|p1a: Iron Moth|Fiery Dance|p2a: Ninetales
|-damage|p2a: Ninetales|31/100
|move|p2a: Ninetales|Encore|p1a: Iron Moth
|-start|p1a: Iron Moth|Encore
|
|-weather|Snowscape|[upkeep]
|upkeep
|turn|20
|
|t:|1759031065
|move|p1a: Iron Moth|Fiery Dance|p2a: Ninetales
|-damage|p2a: Ninetales|12/100
|-boost|p1a: Iron Moth|spa|1
|move|p2a: Ninetales|Disable|p1a: Iron Moth
|-start|p1a: Iron Moth|Disable|Fiery Dance
|
|-weather|Snowscape|[upkeep]
|upkeep
|turn|21
|
|t:|1759031073
|-end|p1a: Iron Moth|Quark Drive|[silent]
|switch|p1a: Kingambit|Kingambit, F|43/100
|-damage|p1a: Kingambit|30/100|[from] Spikes
|-activate|p1a: Kingambit|ability: Supreme Overlord
|-start|p1a: Kingambit|fallen3|[silent]
|move|p2a: Ninetales|Freeze-Dry|p1a: Kingambit
|-resisted|p1a: Kingambit
|-damage|p1a: Kingambit|18/100
|
|-weather|Snowscape|[upkeep]
|upkeep
|turn|22
|
|t:|1759031082
|move|p2a: Ninetales|Disable||[still]
|-fail|p2a: Ninetales
|move|p1a: Kingambit|Kowtow Cleave|p2a: Ninetales
|-supereffective|p2a: Ninetales
|-damage|p2a: Ninetales|0 fnt
|faint|p2a: Ninetales
|
|-weather|none
|upkeep
|
|t:|1759031091
|switch|p2a: Kyurem|Kyurem|100/100
|-damage|p2a: Kyurem|76/100|[from] Stealth Rock
|-ability|p2a: Kyurem|Pressure
|turn|23
|
|t:|1759031096
|move|p2a: Kyurem|Scale Shot|p1a: Kingambit
|-resisted|p1a: Kingambit
|-damage|p1a: Kingambit|12/100
|-resisted|p1a: Kingambit
|-damage|p1a: Kingambit|5/100
|-resisted|p1a: Kingambit
|-damage|p1a: Kingambit|0 fnt
|faint|p1a: Kingambit
|-end|p1a: Kingambit|fallen3|[silent]
|-hitcount|p1: Kingambit|3
|-unboost|p2a: Kyurem|def|1
|-boost|p2a: Kyurem|spe|1
|
|upkeep
|
|t:|1759031101
|switch|p1a: Iron Moth|Iron Moth, tera:Fairy|88/100
|-damage|p1a: Iron Moth|76/100|[from] Spikes
|turn|24
|
|t:|1759031110
|move|p2a: Kyurem|Icicle Spear|p1a: Iron Moth
|-damage|p1a: Iron Moth|55/100
|-damage|p1a: Iron Moth|35/100
|-damage|p1a: Iron Moth|15/100
|-damage|p1a: Iron Moth|0 fnt
|faint|p1a: Iron Moth
|-end|p1a: Iron Moth|Quark Drive|[silent]
|-hitcount|p1: Iron Moth|4
|
|upkeep
|
|t:|1759031112
|switch|p1a: Dragapult|Dragapult, F|30/100
|-damage|p1a: Dragapult|18/100|[from] Spikes
|turn|25
|
|t:|1759031115
|move|p2a: Kyurem|Icicle Spear|p1a: Dragapult
|-supereffective|p1a: Dragapult
|-damage|p1a: Dragapult|0 fnt
|faint|p1a: Dragapult
|-hitcount|p1: Dragapult|1
|
|win|Mr.Incelman
|raw|Goodnight Yubi's rating: 1556 &rarr; <strong>1537</strong><br />(-19 for losing)
|raw|Mr.Incelman's rating: 1570 &rarr; <strong>1589</strong><br />(+19 for winning)
|l|☆Goodnight Yubi
|player|p1|
