|j|☆bluebrine
|j|☆Kidhub
|t:|1759037384
|gametype|singles
|player|p1|bluebrine|tuber|1415
|player|p2|Kidhub|101|1399
|gen|9
|tier|[Gen 9] OU
|rated|
|rule|HP Percentage Mod: HP is shown in percentages
|rule|Endless Battle Clause: Forcing endless battles is banned
|rule|Species Clause: Limit one of each Pokémon
|rule|OHKO Clause: OHKO moves are banned
|rule|Evasion Items Clause: Evasion items are banned
|rule|Evasion Moves Clause: Evasion moves are banned
|rule|Evasion Abilities Clause: Evasion abilities are banned
|rule|Sleep Moves Clause: Sleep-inducing moves are banned
|clearpoke
|poke|p1|Clefable, F|
|poke|p1|Magnezone|
|poke|p1|Pecharunt|
|poke|p1|Landorus-Therian, M|
|poke|p1|Meowscarada, F|
|poke|p1|Volcanion|
|poke|p2|Ogerpon-Cornerstone, F|
|poke|p2|Hatterene, F|
|poke|p2|Pecharunt|
|poke|p2|Landorus-Therian, M|
|poke|p2|Kingambit, F|
|poke|p2|Latios, M|
|teampreview
|inactive|Battle timer is ON: inactive players will automatically lose when time's up. (requested by Kidhub)
|inactive|Kidhub has 120 seconds left.
|
|t:|1759037425
|teamsize|p1|6
|teamsize|p2|6
|start
|switch|p1a: Meowscarada|Meowscarada, F|100/100
|switch|p2a: Pecharunt|Pecharunt|100/100
|turn|1
|
|t:|1759037431
|switch|p2a: Landorus|Landorus-Therian, M|100/100
|-ability|p2a: Landorus|Intimidate|boost
|-unboost|p1a: Meowscarada|atk|1
|move|p1a: Meowscarada|Knock Off|p2a: Landorus
|-start|p1a: Meowscarada|typechange|Dark|[from] ability: Protean
|-damage|p2a: Landorus|74/100
|-damage|p1a: Meowscarada|84/100|[from] item: Rocky Helmet|[of] p2a: Landorus
|-enditem|p2a: Landorus|Rocky Helmet|[from] move: Knock Off|[of] p1a: Meowscarada
|
|upkeep
|turn|2
|
|t:|1759037445
|switch|p1a: Landorus|Landorus-Therian, M|100/100
|-ability|p1a: Landorus|Intimidate|boost
|-unboost|p2a: Landorus|atk|1
|move|p2a: Landorus|Stealth Rock|p1a: Landorus
|-sidestart|p1: bluebrine|move: Stealth Rock
|
|upkeep
|turn|3
|
|t:|1759037451
|switch|p2a: Hatterene|Hatterene, F|100/100
|move|p1a: Landorus|Swords Dance|p1a: Landorus
|-boost|p1a: Landorus|atk|2
|
|upkeep
|turn|4
|
|t:|1759037458
|switch|p2a: Landorus|Landorus-Therian, M|74/100
|-ability|p2a: Landorus|Intimidate|boost
|-unboost|p1a: Landorus|atk|1
|move|p1a: Landorus|Earthquake|p2a: Landorus
|-immune|p2a: Landorus
|
|upkeep
|turn|5
|
|t:|1759037465
|move|p1a: Landorus|Smack Down|p2a: Landorus
|-damage|p2a: Landorus|53/100
|-start|p2a: Landorus|Smack Down
|move|p2a: Landorus|U-turn|p1a: Landorus
|-resisted|p1a: Landorus
|-damage|p1a: Landorus|88/100
|
|t:|1759037472
|switch|p2a: Latios|Latios, M|100/100|[from] U-turn
|
|-heal|p1a: Landorus|94/100|[from] item: Leftovers
|upkeep
|turn|6
|
|t:|1759037478
|switch|p1a: Clefable|Clefable, F|100/100
|move|p2a: Latios|Draco Meteor|p1a: Clefable
|-immune|p1a: Clefable
|
|upkeep
|turn|7
|
|t:|1759037484
|switch|p2a: Hatterene|Hatterene, F|100/100
|move|p1a: Clefable|Stealth Rock|p2a: Hatterene
|move|p2a: Hatterene|Stealth Rock||[from] ability: Magic Bounce|[still]
|-fail|p2a: Hatterene
|
|upkeep
|turn|8
|
|t:|1759037494
|switch|p2a: Pecharunt|Pecharunt|100/100
|move|p1a: Clefable|Moonblast|p2a: Pecharunt
|-resisted|p2a: Pecharunt
|-damage|p2a: Pecharunt|86/100
|
|upkeep
|turn|9
|
|t:|1759037501
|move|p2a: Pecharunt|Malignant Chain|p1a: Clefable
|-supereffective|p1a: Clefable
|-crit|p1a: Clefable
|-damage|p1a: Clefable|31/100
|move|p1a: Clefable|Calm Mind|p1a: Clefable
|-boost|p1a: Clefable|spa|1
|-boost|p1a: Clefable|spd|1
|
|upkeep
|turn|10
|
|t:|1759037508
|move|p2a: Pecharunt|Parting Shot|p1a: Clefable
|-unboost|p1a: Clefable|atk|1
|-unboost|p1a: Clefable|spa|1
|
|t:|1759037512
|switch|p2a: Hatterene|Hatterene, F|100/100|[from] Parting Shot
|move|p1a: Clefable|Moonlight|p1a: Clefable
|-heal|p1a: Clefable|81/100
|
|upkeep
|turn|11
|
|t:|1759037523
|move|p1a: Clefable|Moonblast|p2a: Hatterene
|-damage|p2a: Hatterene|83/100
|move|p2a: Hatterene|Nuzzle|p1a: Clefable
|-damage|p1a: Clefable|77/100
|-status|p1a: Clefable|par
|-damage|p2a: Hatterene|66/100|[from] item: Rocky Helmet|[of] p1a: Clefable
|
|upkeep
|turn|12
|
|t:|1759037532
|move|p2a: Hatterene|Psychic Noise|p1a: Clefable
|-damage|p1a: Clefable|58/100 par
|-start|p1a: Clefable|move: Heal Block
|move|p1a: Clefable|Moonblast|p2a: Hatterene
|-damage|p2a: Hatterene|47/100
|
|upkeep
|turn|13
|
|t:|1759037540
|switch|p1a: Meowscarada|Meowscarada, F|84/100
|move|p2a: Hatterene|Mystical Fire|p1a: Meowscarada
|-supereffective|p1a: Meowscarada
|-damage|p1a: Meowscarada|11/100
|-unboost|p1a: Meowscarada|spa|1
|
|upkeep
|turn|14
|
|t:|1759037551
|switch|p2a: Landorus|Landorus-Therian, M|53/100
|-ability|p2a: Landorus|Intimidate|boost
|-unboost|p1a: Meowscarada|atk|1
|move|p1a: Meowscarada|Knock Off|p2a: Landorus
|-start|p1a: Meowscarada|typechange|Dark|[from] ability: Protean
|-damage|p2a: Landorus|35/100
|
|upkeep
|turn|15
|
|t:|1759037560
|move|p1a: Meowscarada|Triple Axel|p2a: Landorus
|-supereffective|p2a: Landorus
|-damage|p2a: Landorus|19/100
|-supereffective|p2a: Landorus
|-damage|p2a: Landorus|0 fnt
|faint|p2a: Landorus
|-hitcount|p2: Landorus|2
|
|upkeep
|
|t:|1759037568
|switch|p2a: Latios|Latios, M|100/100
|turn|16
|
|t:|1759037580
|switch|p1a: Clefable|Clefable, F|58/100 par
|move|p2a: Latios|Draco Meteor|p1a: Clefable
|-immune|p1a: Clefable
|
|upkeep
|turn|17
|
|t:|1759037588
|switch|p2a: Pecharunt|Pecharunt|86/100
|move|p1a: Clefable|Moonlight|p1a: Clefable
|-heal|p1a: Clefable|100/100 par
|
|upkeep
|turn|18
|
|t:|1759037595
|move|p2a: Pecharunt|Malignant Chain|p1a: Clefable
|-supereffective|p1a: Clefable
|-damage|p1a: Clefable|52/100 par
|move|p1a: Clefable|Stealth Rock|p2a: Pecharunt
|-sidestart|p2: Kidhub|move: Stealth Rock
|
|upkeep
|turn|19
|
|t:|1759037602
|switch|p1a: Magnezone|Magnezone|100/100
|-damage|p1a: Magnezone|94/100|[from] Stealth Rock
|move|p2a: Pecharunt|Malignant Chain|p1a: Magnezone
|-immune|p1a: Magnezone
|
|-heal|p1a: Magnezone|100/100|[from] item: Leftovers
|upkeep
|turn|20
|
|t:|1759037613
|move|p2a: Pecharunt|Parting Shot|p1a: Magnezone
|-unboost|p1a: Magnezone|atk|1
|-unboost|p1a: Magnezone|spa|1
|
|t:|1759037617
|switch|p2a: Hatterene|Hatterene, F|47/100|[from] Parting Shot
|-damage|p2a: Hatterene|35/100|[from] Stealth Rock
|move|p1a: Magnezone|Flash Cannon|p2a: Hatterene
|-supereffective|p2a: Hatterene
|-damage|p2a: Hatterene|0 fnt
|faint|p2a: Hatterene
|
|upkeep
|
|t:|1759037630
|switch|p2a: Latios|Latios, M|100/100
|-damage|p2a: Latios|88/100|[from] Stealth Rock
|turn|21
|
|t:|1759037636
|move|p2a: Latios|Trick|p1a: Magnezone
|-activate|p2a: Latios|move: Trick|[of] p1a: Magnezone
|-item|p1a: Magnezone|Choice Scarf|[from] move: Trick
|-item|p2a: Latios|Leftovers|[from] move: Trick
|move|p1a: Magnezone|Flash Cannon|p2a: Latios
|-damage|p2a: Latios|54/100
|
|-heal|p2a: Latios|60/100|[from] item: Leftovers
|upkeep
|turn|22
|
|t:|1759037644
|move|p2a: Latios|Aura Sphere|p1a: Magnezone
|-supereffective|p1a: Magnezone
|-damage|p1a: Magnezone|38/100
|move|p1a: Magnezone|Flash Cannon|p2a: Latios
|-damage|p2a: Latios|26/100
|
|-heal|p2a: Latios|32/100|[from] item: Leftovers
|upkeep
|turn|23
|
|t:|1759037654
|switch|p1a: Pecharunt|Pecharunt|100/100
|move|p2a: Latios|Luster Purge|p1a: Pecharunt
|-supereffective|p1a: Pecharunt
|-damage|p1a: Pecharunt|0 fnt
|faint|p1a: Pecharunt
|
|-heal|p2a: Latios|38/100|[from] item: Leftovers
|upkeep
|
|t:|1759037661
|switch|p1a: Meowscarada|Meowscarada, F|11/100
|turn|24
|
|t:|1759037669
|switch|p2a: Kingambit|Kingambit, F|100/100
|-damage|p2a: Kingambit|94/100|[from] Stealth Rock
|-activate|p2a: Kingambit|ability: Supreme Overlord
|-start|p2a: Kingambit|fallen2|[silent]
|move|p1a: Meowscarada|Knock Off|p2a: Kingambit
|-start|p1a: Meowscarada|typechange|Dark|[from] ability: Protean
|-resisted|p2a: Kingambit
|-damage|p2a: Kingambit|74/100
|-enditem|p2a: Kingambit|Leftovers|[from] move: Knock Off|[of] p1a: Meowscarada
|
|upkeep
|turn|25
|
|t:|1759037685
|switch|p1a: Landorus|Landorus-Therian, M|94/100
|-damage|p1a: Landorus|82/100|[from] Stealth Rock
|-ability|p1a: Landorus|Intimidate|boost
|-unboost|p2a: Kingambit|atk|1
|move|p2a: Kingambit|Kowtow Cleave|p1a: Landorus
|-damage|p1a: Landorus|37/100
|
|-heal|p1a: Landorus|43/100|[from] item: Leftovers
|upkeep
|turn|26
|
|t:|1759037696
|-end|p2a: Kingambit|fallen2|[silent]
|switch|p2a: Latios|Latios, M|38/100
|-damage|p2a: Latios|26/100|[from] Stealth Rock
|move|p1a: Landorus|Earthquake|p2a: Latios
|-immune|p2a: Latios|[from] ability: Levitate
|
|-heal|p2a: Latios|32/100|[from] item: Leftovers
|-heal|p1a: Landorus|48/100|[from] item: Leftovers
|upkeep
|turn|27
|
|t:|1759037707
|switch|p1a: Meowscarada|Meowscarada, F|11/100
|move|p2a: Latios|Draco Meteor|p1a: Meowscarada
|-damage|p1a: Meowscarada|0 fnt
|-unboost|p2a: Latios|spa|2
|faint|p1a: Meowscarada
|
|-heal|p2a: Latios|38/100|[from] item: Leftovers
|upkeep
|-message|bluebrine forfeited.
|
|win|Kidhub
|raw|bluebrine's rating: 1415 &rarr; <strong>1394</strong><br />(-21 for losing)
|raw|Kidhub's rating: 1399 &rarr; <strong>1420</strong><br />(+21 for winning)
|l|☆bluebrine
|player|p1|
|c|☆Kidhub|Gg
|l|☆Kidhub
|player|p2|
