|j|‽Dominicano 55
|j|☆gigapoophater
|t:|1759012564
|gametype|singles
|player|p1|Dominicano 55|170|1257
|player|p2|gigapoophater|swimmer|1243
|gen|9
|tier|[Gen 9] OU
|rated|
|rule|HP Percentage Mod: HP is shown in percentages
|rule|Endless Battle Clause: Forcing endless battles is banned
|rule|Species Clause: Limit one of each Pokémon
|rule|OHKO Clause: OHKO moves are banned
|rule|Evasion Items Clause: Evasion items are banned
|rule|Evasion Moves Clause: Evasion moves are banned
|rule|Evasion Abilities Clause: Evasion abilities are banned
|rule|Sleep Moves Clause: Sleep-inducing moves are banned
|clearpoke
|poke|p1|Lokix, M|
|poke|p1|Dragapult, F|
|poke|p1|Toedscruel, F|
|poke|p1|Gyarados, M|
|poke|p1|Rotom-Heat|
|poke|p1|Revavroom, M|
|poke|p2|Iron Boulder|
|poke|p2|Skeledirge, M|
|poke|p2|Orthworm, M|
|poke|p2|Breloom, M|
|poke|p2|Milotic, F|
|poke|p2|Zebstrika, F|
|teampreview
|inactive|Battle timer is ON: inactive players will automatically lose when time's up. (requested by Dominicano 55)
|
|t:|1759012576
|teamsize|p1|6
|teamsize|p2|6
|start
|switch|p1a: Gyarados|Gyarados, M|100/100
|switch|p2a: Skeledirge|Skeledirge, M|100/100
|turn|1
|
|t:|1759012588
|switch|p2a: Orthworm|Orthworm, M|100/100
|move|p1a: Gyarados|Taunt|p2a: Orthworm
|-start|p2a: Orthworm|move: Taunt
|
|upkeep
|turn|2
|
|t:|1759012594
|move|p1a: Gyarados|Dragon Dance|p1a: Gyarados
|-boost|p1a: Gyarados|atk|1
|-boost|p1a: Gyarados|spe|1
|move|p2a: Orthworm|Rock Slide|p1a: Gyarados
|-supereffective|p1a: Gyarados
|-damage|p1a: Gyarados|61/100
|
|-heal|p1a: Gyarados|67/100|[from] item: Leftovers
|upkeep
|turn|3
|
|t:|1759012606
|-terastallize|p1a: Gyarados|Ground
|move|p1a: Gyarados|Waterfall|p2a: Orthworm
|-damage|p2a: Orthworm|66/100
|-damage|p1a: Gyarados|51/100|[from] item: Rocky Helmet|[of] p2a: Orthworm
|move|p2a: Orthworm|Rock Slide|p1a: Gyarados|[miss]
|-miss|p2a: Orthworm|p1a: Gyarados
|
|-heal|p1a: Gyarados|57/100|[from] item: Leftovers
|-end|p2a: Orthworm|move: Taunt
|upkeep
|turn|4
|
|t:|1759012616
|move|p1a: Gyarados|Taunt|p2a: Orthworm
|-start|p2a: Orthworm|move: Taunt
|move|p2a: Orthworm|Body Press|p1a: Gyarados
|-damage|p1a: Gyarados|13/100
|
|-heal|p1a: Gyarados|19/100|[from] item: Leftovers
|upkeep
|turn|5
|
|t:|1759012624
|switch|p1a: Rotom|Rotom-Heat|100/100
|move|p2a: Orthworm|Body Press|p1a: Rotom
|-damage|p1a: Rotom|64/100
|
|-heal|p1a: Rotom|70/100|[from] item: Leftovers
|upkeep
|turn|6
|
|t:|1759012632
|switch|p2a: Skeledirge|Skeledirge, M|100/100
|move|p1a: Rotom|Nasty Plot|p1a: Rotom
|-boost|p1a: Rotom|spa|2
|
|-heal|p1a: Rotom|76/100|[from] item: Leftovers
|upkeep
|turn|7
|
|t:|1759012643
|move|p2a: Skeledirge|Torch Song|p1a: Rotom
|-resisted|p1a: Rotom
|-damage|p1a: Rotom|63/100
|-boost|p2a: Skeledirge|spa|1
|move|p1a: Rotom|Thunderbolt|p2a: Skeledirge
|-damage|p2a: Skeledirge|59/100
|
|-heal|p1a: Rotom|69/100|[from] item: Leftovers
|upkeep
|turn|8
|
|t:|1759012656
|move|p2a: Skeledirge|Torch Song|p1a: Rotom
|-resisted|p1a: Rotom
|-damage|p1a: Rotom|48/100
|-boost|p2a: Skeledirge|spa|1
|move|p1a: Rotom|Thunderbolt|p2a: Skeledirge
|-damage|p2a: Skeledirge|22/100
|
|-heal|p1a: Rotom|54/100|[from] item: Leftovers
|upkeep
|turn|9
|
|t:|1759012670
|move|p2a: Skeledirge|Torch Song|p1a: Rotom
|-resisted|p1a: Rotom
|-damage|p1a: Rotom|24/100
|-boost|p2a: Skeledirge|spa|1
|move|p1a: Rotom|Thunderbolt|p2a: Skeledirge
|-damage|p2a: Skeledirge|0 fnt
|faint|p2a: Skeledirge
|
|-heal|p1a: Rotom|30/100|[from] item: Leftovers
|upkeep
|
|t:|1759012686
|switch|p2a: Breloom|Breloom, M|100/100
|turn|10
|
|t:|1759012700
|move|p2a: Breloom|Mach Punch|p1a: Rotom
|-damage|p1a: Rotom|0 fnt
|faint|p1a: Rotom
|
|upkeep
|
|t:|1759012704
|switch|p1a: Lokix|Lokix, M|100/100
|turn|11
|
|t:|1759012708
|switch|p2a: Orthworm|Orthworm, M|66/100
|move|p1a: Lokix|U-turn|p2a: Orthworm
|-resisted|p2a: Orthworm
|-damage|p2a: Orthworm|42/100
|-damage|p1a: Lokix|84/100|[from] item: Rocky Helmet|[of] p2a: Orthworm
|
|t:|1759012716
|switch|p1a: Dragapult|Dragapult, F|100/100|[from] U-turn
|
|upkeep
|turn|12
|
|t:|1759012723
|switch|p2a: Milotic|Milotic, F|100/100
|move|p1a: Dragapult|Shadow Ball|p2a: Milotic
|-damage|p2a: Milotic|72/100
|
|upkeep
|turn|13
|
|t:|1759012737
|switch|p1a: Toedscruel|Toedscruel, F|100/100
|-terastallize|p2a: Milotic|Fairy
|move|p2a: Milotic|Draining Kiss|p1a: Toedscruel
|-damage|p1a: Toedscruel|76/100
|-heal|p2a: Milotic|88/100|[from] drain|[of] p1a: Toedscruel
|
|upkeep
|turn|14
|
|t:|1759012747
|switch|p2a: Orthworm|Orthworm, M|42/100
|move|p1a: Toedscruel|Leech Seed|p2a: Orthworm
|-start|p2a: Orthworm|move: Leech Seed
|
|-damage|p2a: Orthworm|30/100|[from] Leech Seed|[of] p1a: Toedscruel
|-heal|p1a: Toedscruel|88/100|[silent]
|upkeep
|turn|15
|
|t:|1759012757
|switch|p2a: Breloom|Breloom, M|100/100
|move|p1a: Toedscruel|Giga Drain|p2a: Breloom
|-resisted|p2a: Breloom
|-damage|p2a: Breloom|78/100
|-heal|p1a: Toedscruel|96/100|[from] drain|[of] p2a: Breloom
|
|upkeep
|turn|16
|
|t:|1759012770
|switch|p1a: Gyarados|Gyarados, M, tera:Ground|19/100
|move|p2a: Breloom|Swords Dance|p2a: Breloom
|-boost|p2a: Breloom|atk|2
|
|-heal|p1a: Gyarados|25/100|[from] item: Leftovers
|upkeep
|turn|17
|
|t:|1759012778
|move|p2a: Breloom|Mach Punch|p1a: Gyarados
|-damage|p1a: Gyarados|0 fnt
|faint|p1a: Gyarados
|
|upkeep
|
|t:|1759012785
|switch|p1a: Dragapult|Dragapult, F|100/100
|turn|18
|
|t:|1759012802
|switch|p2a: Orthworm|Orthworm, M|30/100
|move|p1a: Dragapult|Draco Meteor|p2a: Orthworm
|-resisted|p2a: Orthworm
|-damage|p2a: Orthworm|0 fnt
|-unboost|p1a: Dragapult|spa|2
|faint|p2a: Orthworm
|
|upkeep
|
|t:|1759012812
|switch|p2a: Milotic|Milotic, F, tera:Fairy|88/100
|turn|19
|
|t:|1759012822
|switch|p1a: Toedscruel|Toedscruel, F|96/100
|move|p2a: Milotic|Scald|p1a: Toedscruel
|-damage|p1a: Toedscruel|61/100
|
|upkeep
|turn|20
|
|t:|1759012829
|switch|p1a: Revavroom|Revavroom, M|100/100
|switch|p2a: Breloom|Breloom, M|78/100
|
|upkeep
|turn|21
|
|t:|1759012841
|move|p1a: Revavroom|Shift Gear|p1a: Revavroom
|-boost|p1a: Revavroom|spe|2
|-boost|p1a: Revavroom|atk|1
|move|p2a: Breloom|Swords Dance|p2a: Breloom
|-boost|p2a: Breloom|atk|2
|
|upkeep
|turn|22
|
|t:|1759012848
|move|p2a: Breloom|Mach Punch|p1a: Revavroom
|-damage|p1a: Revavroom|16/100
|move|p1a: Revavroom|Poison Jab|p2a: Breloom
|-supereffective|p2a: Breloom
|-damage|p2a: Breloom|0 fnt
|faint|p2a: Breloom
|
|upkeep
|
|t:|1759012863
|switch|p2a: Iron Boulder|Iron Boulder|100/100
|-enditem|p2a: Iron Boulder|Booster Energy
|-activate|p2a: Iron Boulder|ability: Quark Drive|[fromitem]
|-start|p2a: Iron Boulder|quarkdrivespe
|turn|23
|
|t:|1759012869
|move|p1a: Revavroom|High Horsepower|p2a: Iron Boulder
|-supereffective|p2a: Iron Boulder
|-damage|p2a: Iron Boulder|0 fnt
|faint|p2a: Iron Boulder
|-end|p2a: Iron Boulder|Quark Drive|[silent]
|
|upkeep
|
|t:|1759012873
|switch|p2a: Milotic|Milotic, F, tera:Fairy|88/100
|turn|24
|
|t:|1759012876
|move|p1a: Revavroom|Poison Jab|p2a: Milotic
|-supereffective|p2a: Milotic
|-damage|p2a: Milotic|0 fnt
|faint|p2a: Milotic
|
|upkeep
|
|t:|1759012878
|switch|p2a: Zebstrika|Zebstrika, F|100/100
|turn|25
|
|t:|1759012882
|move|p1a: Revavroom|Poison Jab|p2a: Zebstrika
|-damage|p2a: Zebstrika|0 fnt
|faint|p2a: Zebstrika
|
|win|Dominicano 55
|raw|Dominicano 55's rating: 1257 &rarr; <strong>1281</strong><br />(+24 for winning)
|raw|gigapoophater's rating: 1243 &rarr; <strong>1219</strong><br />(-24 for losing)
|l|☆gigapoophater
|player|p2|
|l|‽Dominicano 55
|player|p1|
