|j|☆decibelpkmn
|j|☆ohjeebus
|t:|1758968341
|gametype|singles
|player|p1|decibelpkmn|102|1514
|player|p2|ohjeebus|koga|1515
|gen|9
|tier|[Gen 9] OU
|rated|
|rule|HP Percentage Mod: HP is shown in percentages
|rule|Endless Battle Clause: Forcing endless battles is banned
|rule|Species Clause: Limit one of each Pokémon
|rule|OHKO Clause: OHKO moves are banned
|rule|Evasion Items Clause: Evasion items are banned
|rule|Evasion Moves Clause: Evasion moves are banned
|rule|Evasion Abilities Clause: Evasion abilities are banned
|rule|Sleep Moves Clause: Sleep-inducing moves are banned
|clearpoke
|poke|p1|Gliscor, M|
|poke|p1|Clefable, M|
|poke|p1|Corviknight, M|
|poke|p1|Garganacl, M|
|poke|p1|Kingambit, M|
|poke|p1|Dragapult, M|
|poke|p2|Ogerpon-Wellspring, F|
|poke|p2|Gholdengo|
|poke|p2|Moltres|
|poke|p2|Primarina, F|
|poke|p2|Dragonite, F|
|poke|p2|Great Tusk|
|teampreview
|inactive|Battle timer is ON: inactive players will automatically lose when time's up. (requested by ohjeebus)
|
|t:|1758968352
|teamsize|p1|6
|teamsize|p2|6
|start
|switch|p1a: Dragapult|Dragapult, M|100/100
|switch|p2a: Dragonite|Dragonite, F|100/100
|turn|1
|
|t:|1758968358
|switch|p2a: Primarina|Primarina, F|100/100
|move|p1a: Dragapult|Will-O-Wisp|p2a: Primarina
|-status|p2a: Primarina|brn
|
|-damage|p2a: Primarina|94/100 brn|[from] brn
|upkeep
|turn|2
|
|t:|1758968363
|move|p1a: Dragapult|U-turn|p2a: Primarina
|-resisted|p2a: Primarina
|-damage|p2a: Primarina|87/100 brn
|
|t:|1758968366
|switch|p1a: Clefable|Clefable, M|100/100|[from] U-turn
|move|p2a: Primarina|Calm Mind|p2a: Primarina
|-boost|p2a: Primarina|spa|1
|-boost|p2a: Primarina|spd|1
|
|-damage|p2a: Primarina|81/100 brn|[from] brn
|upkeep
|turn|3
|
|t:|1758968372
|move|p2a: Primarina|Calm Mind|p2a: Primarina
|-boost|p2a: Primarina|spa|1
|-boost|p2a: Primarina|spd|1
|move|p1a: Clefable|Encore|p2a: Primarina
|-start|p2a: Primarina|Encore
|
|-damage|p2a: Primarina|75/100 brn|[from] brn
|upkeep
|turn|4
|
|t:|1758968374
|switch|p1a: Garganacl|Garganacl, M|100/100
|move|p2a: Primarina|Calm Mind|p2a: Primarina
|-boost|p2a: Primarina|spa|1
|-boost|p2a: Primarina|spd|1
|
|-damage|p2a: Primarina|69/100 brn|[from] brn
|upkeep
|turn|5
|
|t:|1758968376
|move|p2a: Primarina|Calm Mind|p2a: Primarina
|-boost|p2a: Primarina|spa|1
|-boost|p2a: Primarina|spd|1
|move|p1a: Garganacl|Salt Cure|p2a: Primarina
|-damage|p2a: Primarina|56/100 brn
|-start|p2a: Primarina|Salt Cure
|
|-damage|p2a: Primarina|50/100 brn|[from] brn
|-damage|p2a: Primarina|26/100 brn|[from] Salt Cure
|upkeep
|turn|6
|
|t:|1758968378
|move|p2a: Primarina|Calm Mind|p2a: Primarina
|-boost|p2a: Primarina|spa|1
|-boost|p2a: Primarina|spd|1
|move|p1a: Garganacl|Salt Cure|p2a: Primarina
|-damage|p2a: Primarina|14/100 brn
|
|-damage|p2a: Primarina|8/100 brn|[from] brn
|-damage|p2a: Primarina|0 fnt|[from] Salt Cure
|faint|p2a: Primarina
|upkeep
|
|t:|1758968380
|switch|p2a: Ogerpon|Ogerpon-Wellspring, F|100/100
|turn|7
|
|t:|1758968383
|-terastallize|p1a: Garganacl|Electric
|move|p2a: Ogerpon|Swords Dance|p2a: Ogerpon
|-boost|p2a: Ogerpon|atk|2
|move|p1a: Garganacl|Salt Cure|p2a: Ogerpon
|-damage|p2a: Ogerpon|83/100
|-start|p2a: Ogerpon|Salt Cure
|
|-damage|p2a: Ogerpon|58/100|[from] Salt Cure
|upkeep
|turn|8
|
|t:|1758968391
|move|p1a: Garganacl|Protect|p1a: Garganacl
|-singleturn|p1a: Garganacl|Protect
|move|p2a: Ogerpon|Ivy Cudgel|p1a: Garganacl|[anim] Ivy Cudgel Water
|-activate|p1a: Garganacl|move: Protect
|
|-damage|p2a: Ogerpon|33/100|[from] Salt Cure
|upkeep
|turn|9
|
|t:|1758968395
|move|p2a: Ogerpon|Synthesis|p2a: Ogerpon
|-heal|p2a: Ogerpon|83/100
|move|p1a: Garganacl|Recover||[still]
|-fail|p1a: Garganacl|heal
|
|-damage|p2a: Ogerpon|58/100|[from] Salt Cure
|upkeep
|turn|10
|
|t:|1758968397
|move|p2a: Ogerpon|Swords Dance|p2a: Ogerpon
|-boost|p2a: Ogerpon|atk|2
|move|p1a: Garganacl|Curse|p1a: Garganacl
|-unboost|p1a: Garganacl|spe|1
|-boost|p1a: Garganacl|atk|1
|-boost|p1a: Garganacl|def|1
|
|-damage|p2a: Ogerpon|33/100|[from] Salt Cure
|upkeep
|turn|11
|
|t:|1758968400
|move|p1a: Garganacl|Protect|p1a: Garganacl
|-singleturn|p1a: Garganacl|Protect
|move|p2a: Ogerpon|Synthesis|p2a: Ogerpon
|-heal|p2a: Ogerpon|83/100
|
|-damage|p2a: Ogerpon|58/100|[from] Salt Cure
|upkeep
|turn|12
|
|t:|1758968404
|move|p2a: Ogerpon|Ivy Cudgel|p1a: Garganacl|[anim] Ivy Cudgel Water
|-damage|p1a: Garganacl|17/100
|move|p1a: Garganacl|Recover|p1a: Garganacl
|-heal|p1a: Garganacl|67/100
|
|-heal|p1a: Garganacl|73/100|[from] item: Leftovers
|-damage|p2a: Ogerpon|33/100|[from] Salt Cure
|upkeep
|turn|13
|
|t:|1758968407
|move|p2a: Ogerpon|Synthesis|p2a: Ogerpon
|-heal|p2a: Ogerpon|83/100
|move|p1a: Garganacl|Curse|p1a: Garganacl
|-unboost|p1a: Garganacl|spe|1
|-boost|p1a: Garganacl|atk|1
|-boost|p1a: Garganacl|def|1
|
|-heal|p1a: Garganacl|79/100|[from] item: Leftovers
|-damage|p2a: Ogerpon|58/100|[from] Salt Cure
|upkeep
|turn|14
|
|t:|1758968410
|move|p1a: Garganacl|Protect|p1a: Garganacl
|-singleturn|p1a: Garganacl|Protect
|move|p2a: Ogerpon|Ivy Cudgel|p1a: Garganacl|[anim] Ivy Cudgel Water
|-activate|p1a: Garganacl|move: Protect
|
|-heal|p1a: Garganacl|86/100|[from] item: Leftovers
|-damage|p2a: Ogerpon|33/100|[from] Salt Cure
|upkeep
|turn|15
|
|t:|1758968412
|move|p2a: Ogerpon|Synthesis|p2a: Ogerpon
|-heal|p2a: Ogerpon|83/100
|move|p1a: Garganacl|Recover|p1a: Garganacl
|-heal|p1a: Garganacl|100/100
|
|-damage|p2a: Ogerpon|58/100|[from] Salt Cure
|upkeep
|turn|16
|
|t:|1758968414
|move|p1a: Garganacl|Protect|p1a: Garganacl
|-singleturn|p1a: Garganacl|Protect
|move|p2a: Ogerpon|Swords Dance|p2a: Ogerpon
|-boost|p2a: Ogerpon|atk|2
|
|-damage|p2a: Ogerpon|33/100|[from] Salt Cure
|upkeep
|turn|17
|
|t:|1758968415
|move|p2a: Ogerpon|Ivy Cudgel|p1a: Garganacl|[anim] Ivy Cudgel Water
|-damage|p1a: Garganacl|23/100
|move|p1a: Garganacl|Curse|p1a: Garganacl
|-unboost|p1a: Garganacl|spe|1
|-boost|p1a: Garganacl|atk|1
|-boost|p1a: Garganacl|def|1
|
|-heal|p1a: Garganacl|29/100|[from] item: Leftovers
|-damage|p2a: Ogerpon|8/100|[from] Salt Cure
|upkeep
|turn|18
|
|t:|1758968418
|move|p1a: Garganacl|Protect|p1a: Garganacl
|-singleturn|p1a: Garganacl|Protect
|move|p2a: Ogerpon|Synthesis|p2a: Ogerpon
|-heal|p2a: Ogerpon|58/100
|
|-heal|p1a: Garganacl|36/100|[from] item: Leftovers
|-damage|p2a: Ogerpon|33/100|[from] Salt Cure
|upkeep
|turn|19
|
|t:|1758968423
|move|p2a: Ogerpon|Ivy Cudgel|p1a: Garganacl|[anim] Ivy Cudgel Water
|-damage|p1a: Garganacl|0 fnt
|faint|p1a: Garganacl
|
|-damage|p2a: Ogerpon|8/100|[from] Salt Cure
|upkeep
|
|t:|1758968427
|switch|p1a: Dragapult|Dragapult, M|100/100
|turn|20
|
|t:|1758968430
|switch|p2a: Gholdengo|Gholdengo|100/100
|move|p1a: Dragapult|U-turn|p2a: Gholdengo
|-resisted|p2a: Gholdengo
|-damage|p2a: Gholdengo|95/100
|
|t:|1758968432
|switch|p1a: Gliscor|Gliscor, M|100/100|[from] U-turn
|
|-status|p1a: Gliscor|tox|[from] item: Toxic Orb
|upkeep
|turn|21
|
|t:|1758968438
|move|p2a: Gholdengo|Trick|p1a: Gliscor
|-activate|p2a: Gholdengo|move: Trick|[of] p1a: Gliscor
|-item|p1a: Gliscor|Choice Scarf|[from] move: Trick
|-item|p2a: Gholdengo|Toxic Orb|[from] move: Trick
|move|p1a: Gliscor|Earthquake|p2a: Gholdengo
|-supereffective|p2a: Gholdengo
|-damage|p2a: Gholdengo|15/100
|
|upkeep
|turn|22
|
|t:|1758968444
|move|p1a: Gliscor|Earthquake|p2a: Gholdengo
|-supereffective|p2a: Gholdengo
|-damage|p2a: Gholdengo|0 fnt
|faint|p2a: Gholdengo
|
|upkeep
|
|t:|1758968445
|switch|p2a: Dragonite|Dragonite, F|100/100
|turn|23
|
|t:|1758968447
|switch|p1a: Clefable|Clefable, M|100/100
|move|p2a: Dragonite|Dragon Dance|p2a: Dragonite
|-boost|p2a: Dragonite|atk|1
|-boost|p2a: Dragonite|spe|1
|
|upkeep
|turn|24
|
|t:|1758968449
|move|p2a: Dragonite|Fire Punch|p1a: Clefable
|-damage|p1a: Clefable|54/100
|move|p1a: Clefable|Encore|p2a: Dragonite
|-start|p2a: Dragonite|Encore
|
|-heal|p1a: Clefable|60/100|[from] item: Leftovers
|upkeep
|turn|25
|
|t:|1758968453
|switch|p1a: Gliscor|Gliscor, M|100/100 tox
|move|p2a: Dragonite|Fire Punch|p1a: Gliscor
|-damage|p1a: Gliscor|71/100 tox
|
|-heal|p1a: Gliscor|83/100 tox|[from] ability: Poison Heal
|upkeep
|turn|26
|
|t:|1758968457
|switch|p2a: Ogerpon|Ogerpon-Wellspring, F|8/100
|move|p1a: Gliscor|Toxic|p2a: Ogerpon
|-status|p2a: Ogerpon|tox
|
|-heal|p1a: Gliscor|95/100 tox|[from] ability: Poison Heal
|-damage|p2a: Ogerpon|2/100 tox|[from] psn
|upkeep
|turn|27
|
|t:|1758968462
|switch|p1a: Dragapult|Dragapult, M|100/100
|move|p2a: Ogerpon|Synthesis|p2a: Ogerpon
|-heal|p2a: Ogerpon|52/100 tox
|
|-damage|p2a: Ogerpon|40/100 tox|[from] psn
|upkeep
|turn|28
|
|t:|1758968465
|move|p1a: Dragapult|Hex|p2a: Ogerpon
|-damage|p2a: Ogerpon|0 fnt
|faint|p2a: Ogerpon
|
|upkeep
|
|t:|1758968468
|switch|p2a: Dragonite|Dragonite, F|100/100
|turn|29
|
|t:|1758968470
|-terastallize|p2a: Dragonite|Fire
|move|p1a: Dragapult|Will-O-Wisp|p2a: Dragonite
|-immune|p2a: Dragonite
|move|p2a: Dragonite|Dragon Dance|p2a: Dragonite
|-boost|p2a: Dragonite|atk|1
|-boost|p2a: Dragonite|spe|1
|
|upkeep
|turn|30
|
|t:|1758968472
|move|p2a: Dragonite|Dragon Dance|p2a: Dragonite
|-boost|p2a: Dragonite|atk|1
|-boost|p2a: Dragonite|spe|1
|move|p1a: Dragapult|U-turn|p2a: Dragonite
|-resisted|p2a: Dragonite
|-crit|p2a: Dragonite
|-damage|p2a: Dragonite|93/100
|
|t:|1758968474
|switch|p1a: Gliscor|Gliscor, M|95/100 tox|[from] U-turn
|
|-heal|p1a: Gliscor|100/100 tox|[from] ability: Poison Heal
|upkeep
|turn|31
|
|t:|1758968477
|move|p2a: Dragonite|Scale Shot|p1a: Gliscor
|-damage|p1a: Gliscor|81/100 tox
|-damage|p1a: Gliscor|60/100 tox
|-damage|p1a: Gliscor|43/100 tox
|-damage|p1a: Gliscor|23/100 tox
|-damage|p1a: Gliscor|3/100 tox
|-hitcount|p1a: Gliscor|5
|-unboost|p2a: Dragonite|def|1
|-boost|p2a: Dragonite|spe|1
|move|p1a: Gliscor|Toxic|p2a: Dragonite
|-status|p2a: Dragonite|tox
|
|-damage|p2a: Dragonite|87/100 tox|[from] psn
|-heal|p1a: Gliscor|16/100 tox|[from] ability: Poison Heal
|upkeep
|turn|32
|
|t:|1758968488
|switch|p1a: Clefable|Clefable, M|60/100
|move|p2a: Dragonite|Fire Punch|p1a: Clefable
|-damage|p1a: Clefable|0 fnt
|faint|p1a: Clefable
|
|-damage|p2a: Dragonite|74/100 tox|[from] psn
|upkeep
|
|t:|1758968490
|switch|p1a: Corviknight|Corviknight, M|100/100
|-ability|p1a: Corviknight|Pressure
|turn|33
|
|t:|1758968498
|move|p2a: Dragonite|Fire Punch|p1a: Corviknight
|-supereffective|p1a: Corviknight
|-damage|p1a: Corviknight|0 fnt
|-damage|p2a: Dragonite|58/100 tox|[from] item: Rocky Helmet|[of] p1a: Corviknight
|faint|p1a: Corviknight
|
|-damage|p2a: Dragonite|39/100 tox|[from] psn
|upkeep
|
|t:|1758968501
|switch|p1a: Kingambit|Kingambit, M|100/100
|-activate|p1a: Kingambit|ability: Supreme Overlord
|-start|p1a: Kingambit|fallen3|[silent]
|turn|34
|
|t:|1758968503
|switch|p2a: Moltres|Moltres|100/100
|move|p1a: Kingambit|Sucker Punch||[still]
|-fail|p1a: Kingambit
|
|upkeep
|turn|35
|
|t:|1758968507
|-end|p1a: Kingambit|fallen3|[silent]
|switch|p1a: Gliscor|Gliscor, M|16/100 tox
|move|p2a: Moltres|Flamethrower|p1a: Gliscor
|-damage|p1a: Gliscor|0 fnt
|faint|p1a: Gliscor
|
|upkeep
|
|t:|1758968509
|switch|p1a: Dragapult|Dragapult, M|100/100
|turn|36
|
|t:|1758968511
|move|p1a: Dragapult|Hex|p2a: Moltres
|-damage|p2a: Moltres|69/100
|move|p2a: Moltres|Flamethrower|p1a: Dragapult
|-resisted|p1a: Dragapult
|-damage|p1a: Dragapult|74/100
|
|upkeep
|turn|37
|
|t:|1758968514
|move|p1a: Dragapult|Draco Meteor|p2a: Moltres|[miss]
|-miss|p1a: Dragapult|p2a: Moltres
|move|p2a: Moltres|Flamethrower|p1a: Dragapult
|-resisted|p1a: Dragapult
|-damage|p1a: Dragapult|47/100
|
|upkeep
|turn|38
|
|t:|1758968518
|move|p1a: Dragapult|Draco Meteor|p2a: Moltres
|-damage|p2a: Moltres|2/100
|-unboost|p1a: Dragapult|spa|2
|move|p2a: Moltres|Roost|p2a: Moltres
|-heal|p2a: Moltres|52/100
|-singleturn|p2a: Moltres|move: Roost
|
|upkeep
|turn|39
|
|t:|1758968523
|move|p1a: Dragapult|U-turn|p2a: Moltres
|-resisted|p2a: Moltres
|-damage|p2a: Moltres|49/100
|
|t:|1758968525
|switch|p1a: Kingambit|Kingambit, M|100/100|[from] U-turn
|-activate|p1a: Kingambit|ability: Supreme Overlord
|-start|p1a: Kingambit|fallen4|[silent]
|move|p2a: Moltres|Flamethrower|p1a: Kingambit
|-supereffective|p1a: Kingambit
|-damage|p1a: Kingambit|23/100
|
|upkeep
|turn|40
|
|t:|1758968528
|move|p2a: Moltres|Roost|p2a: Moltres
|-heal|p2a: Moltres|99/100
|-singleturn|p2a: Moltres|move: Roost
|move|p1a: Kingambit|Swords Dance|p1a: Kingambit
|-boost|p1a: Kingambit|atk|2
|
|upkeep
|turn|41
|
|t:|1758968530
|move|p1a: Kingambit|Sucker Punch||[still]
|-fail|p1a: Kingambit
|move|p2a: Moltres|Roar|p1a: Kingambit
|-end|p1a: Kingambit|fallen4|[silent]
|drag|p1a: Dragapult|Dragapult, M|47/100
|
|upkeep
|turn|42
|
|t:|1758968534
|move|p1a: Dragapult|Hex|p2a: Moltres
|-damage|p2a: Moltres|67/100
|move|p2a: Moltres|Flamethrower|p1a: Dragapult
|-resisted|p1a: Dragapult
|-damage|p1a: Dragapult|23/100
|
|upkeep
|turn|43
|
|t:|1758968536
|move|p1a: Dragapult|Draco Meteor|p2a: Moltres
|-damage|p2a: Moltres|8/100
|-unboost|p1a: Dragapult|spa|2
|move|p2a: Moltres|Flamethrower|p1a: Dragapult
|-resisted|p1a: Dragapult
|-damage|p1a: Dragapult|0 fnt
|faint|p1a: Dragapult
|
|upkeep
|-message|decibelpkmn forfeited.
|
|win|ohjeebus
|raw|decibelpkmn's rating: 1514 &rarr; <strong>1494</strong><br />(-20 for losing)
|raw|ohjeebus's rating: 1515 &rarr; <strong>1535</strong><br />(+20 for winning)
|l|☆decibelpkmn
|player|p1|
