|j|☆Johnny tots
|j|☆Showdown GOAT
|t:|1759076319
|gametype|singles
|player|p1|Johnny tots|1|1602
|player|p2|Showdown GOAT|crispin|1534
|gen|9
|tier|[Gen 9] OU
|rated|
|rule|HP Percentage Mod: HP is shown in percentages
|rule|Endless Battle Clause: Forcing endless battles is banned
|rule|Species Clause: Limit one of each Pokémon
|rule|OHKO Clause: OHKO moves are banned
|rule|Evasion Items Clause: Evasion items are banned
|rule|Evasion Moves Clause: Evasion moves are banned
|rule|Evasion Abilities Clause: Evasion abilities are banned
|rule|Sleep Moves Clause: Sleep-inducing moves are banned
|clearpoke
|poke|p1|Klefki, F|
|poke|p1|Manaphy|
|poke|p1|Kyurem|
|poke|p1|Cinderace, M|
|poke|p1|Iron Valiant|
|poke|p1|Clefable, M|
|poke|p2|Glimmora, F|
|poke|p2|Raging Bolt|
|poke|p2|Ogerpon-Wellspring, F|
|poke|p2|Ceruledge, F|
|poke|p2|Dragapult, M|
|poke|p2|Iron Valiant|
|teampreview
|inactive|Battle timer is ON: inactive players will automatically lose when time's up. (requested by Showdown GOAT)
|c|☆Showdown GOAT|yo
|j| Nikator98
|c|☆Showdown GOAT|klefki team
|c|☆Showdown GOAT|gl hf
|
|t:|1759076342
|teamsize|p1|6
|teamsize|p2|6
|start
|switch|p1a: Klefki|Klefki, F|100/100
|switch|p2a: Ogerpon|Ogerpon-Wellspring, F|100/100
|turn|1
|
|t:|1759076345
|move|p1a: Klefki|Thunder Wave|p2a: Ogerpon
|-status|p2a: Ogerpon|par
|move|p2a: Ogerpon|Encore|p1a: Klefki
|-start|p1a: Klefki|Encore
|
|upkeep
|turn|2
|
|t:|1759076350
|switch|p1a: Manaphy|Manaphy|100/100
|move|p2a: Ogerpon|Trailblaze|p1a: Manaphy
|-supereffective|p1a: Manaphy
|-damage|p1a: Manaphy|50/100
|-boost|p2a: Ogerpon|spe|1
|
|-heal|p1a: Manaphy|56/100|[from] item: Leftovers
|upkeep
|turn|3
|
|t:|1759076353
|switch|p1a: Klefki|Klefki, F|100/100
|move|p2a: Ogerpon|Trailblaze|p1a: Klefki
|-resisted|p1a: Klefki
|-damage|p1a: Klefki|87/100
|-boost|p2a: Ogerpon|spe|1
|
|upkeep
|turn|4
|
|t:|1759076368
|move|p1a: Klefki|Reflect|p1a: Klefki
|-sidestart|p1: Johnny tots|Reflect
|move|p2a: Ogerpon|Encore|p1a: Klefki
|-start|p1a: Klefki|Encore
|
|upkeep
|turn|5
|
|t:|1759076380
|switch|p2a: Glimmora|Glimmora, F|100/100
|switch|p1a: Clefable|Clefable, M|100/100
|
|upkeep
|turn|6
|
|t:|1759076387
|move|p2a: Glimmora|Earth Power|p1a: Clefable
|-crit|p1a: Clefable
|-damage|p1a: Clefable|58/100
|move|p1a: Clefable|Calm Mind|p1a: Clefable
|-boost|p1a: Clefable|spa|1
|-boost|p1a: Clefable|spd|1
|
|-heal|p1a: Clefable|64/100|[from] item: Leftovers
|upkeep
|turn|7
|
|t:|1759076397
|move|p2a: Glimmora|Mortal Spin|p1a: Clefable
|-supereffective|p1a: Clefable
|-damage|p1a: Clefable|58/100
|-status|p1a: Clefable|psn
|move|p1a: Clefable|Moonblast|p2a: Glimmora
|-resisted|p2a: Glimmora
|-crit|p2a: Glimmora
|-damage|p2a: Glimmora|34/100
|-unboost|p2a: Glimmora|spa|1
|
|-heal|p1a: Clefable|64/100 psn|[from] item: Leftovers
|upkeep
|turn|8
|
|t:|1759076407
|move|p2a: Glimmora|Stealth Rock|p1a: Clefable
|-sidestart|p1: Johnny tots|move: Stealth Rock
|move|p1a: Clefable|Moonblast|p2a: Glimmora
|-resisted|p2a: Glimmora
|-damage|p2a: Glimmora|0 fnt
|faint|p2a: Glimmora
|
|-heal|p1a: Clefable|70/100 psn|[from] item: Leftovers
|upkeep
|
|t:|1759076414
|switch|p2a: Ceruledge|Ceruledge, F, shiny|100/100
|turn|9
|
|t:|1759076419
|move|p2a: Ceruledge|Swords Dance|p2a: Ceruledge
|-boost|p2a: Ceruledge|atk|2
|move|p1a: Clefable|Psyshock|p2a: Ceruledge
|-damage|p2a: Ceruledge|51/100
|
|-heal|p1a: Clefable|76/100 psn|[from] item: Leftovers
|upkeep
|turn|10
|
|t:|1759076427
|switch|p1a: Manaphy|Manaphy|56/100
|-damage|p1a: Manaphy|44/100|[from] Stealth Rock
|move|p2a: Ceruledge|Bitter Blade|p1a: Manaphy
|-resisted|p1a: Manaphy
|-damage|p1a: Manaphy|24/100
|-heal|p2a: Ceruledge|64/100|[from] drain|[of] p1a: Manaphy
|
|-heal|p1a: Manaphy|30/100|[from] item: Leftovers
|upkeep
|turn|11
|
|t:|1759076436
|switch|p2a: Ogerpon|Ogerpon-Wellspring, F|100/100 par
|move|p1a: Manaphy|Scald|p2a: Ogerpon
|-immune|p2a: Ogerpon|[from] ability: Water Absorb
|
|-heal|p1a: Manaphy|36/100|[from] item: Leftovers
|-sideend|p1: Johnny tots|Reflect
|upkeep
|turn|12
|c|☆Johnny tots|Gl sorry wasn’t lookin at chat
|
|t:|1759076447
|switch|p1a: Cinderace|Cinderace, M|100/100
|cant|p2a: Ogerpon|par
|
|upkeep
|turn|13
|
|t:|1759076452
|move|p1a: Cinderace|Court Change|p1a: Cinderace
|-swapsideconditions
|-activate|p1a: Cinderace|move: Court Change
|move|p2a: Ogerpon|Ivy Cudgel|p1a: Cinderace|[anim] Ivy Cudgel Water
|-supereffective|p1a: Cinderace
|-damage|p1a: Cinderace|0 fnt
|faint|p1a: Cinderace
|
|upkeep
|
|t:|1759076461
|switch|p1a: Klefki|Klefki, F|87/100
|turn|14
|c|☆Showdown GOAT|klefki is so tuff bro
|
|t:|1759076470
|move|p1a: Klefki|Reflect|p1a: Klefki
|-sidestart|p1: Johnny tots|Reflect
|move|p2a: Ogerpon|Encore|p1a: Klefki
|-start|p1a: Klefki|Encore
|
|upkeep
|turn|15
|
|t:|1759076476
|switch|p1a: Manaphy|Manaphy|36/100
|move|p2a: Ogerpon|Swords Dance|p2a: Ogerpon
|-boost|p2a: Ogerpon|atk|2
|
|-heal|p1a: Manaphy|43/100|[from] item: Leftovers
|upkeep
|turn|16
|
|t:|1759076493
|move|p1a: Manaphy|Acid Armor|p1a: Manaphy
|-boost|p1a: Manaphy|def|2
|move|p2a: Ogerpon|Trailblaze|p1a: Manaphy
|-supereffective|p1a: Manaphy
|-damage|p1a: Manaphy|18/100
|-boost|p2a: Ogerpon|spe|1
|
|-heal|p1a: Manaphy|24/100|[from] item: Leftovers
|upkeep
|turn|17
|
|t:|1759076505
|switch|p1a: Clefable|Clefable, M|76/100 psn
|move|p2a: Ogerpon|Trailblaze|p1a: Clefable
|-damage|p1a: Clefable|48/100 psn
|-boost|p2a: Ogerpon|spe|1
|
|-heal|p1a: Clefable|54/100 psn|[from] item: Leftovers
|upkeep
|turn|18
|
|t:|1759076510
|move|p2a: Ogerpon|Ivy Cudgel|p1a: Clefable|[anim] Ivy Cudgel Water
|-damage|p1a: Clefable|0 fnt
|faint|p1a: Clefable
|
|upkeep
|
|t:|1759076512
|switch|p1a: Kyurem|Kyurem|100/100
|-ability|p1a: Kyurem|Pressure
|turn|19
|
|t:|1759076518
|switch|p2a: Ceruledge|Ceruledge, F, shiny|64/100
|-damage|p2a: Ceruledge|39/100|[from] Stealth Rock
|move|p1a: Kyurem|Dragon Dance|p1a: Kyurem
|-boost|p1a: Kyurem|atk|1
|-boost|p1a: Kyurem|spe|1
|
|upkeep
|turn|20
|
|t:|1759076530
|move|p1a: Kyurem|Icicle Spear|p2a: Ceruledge
|-resisted|p2a: Ceruledge
|-damage|p2a: Ceruledge|25/100
|-ability|p2a: Ceruledge|Weak Armor|boost
|-unboost|p2a: Ceruledge|def|1
|-boost|p2a: Ceruledge|spe|2
|-resisted|p2a: Ceruledge
|-damage|p2a: Ceruledge|3/100
|-ability|p2a: Ceruledge|Weak Armor|boost
|-unboost|p2a: Ceruledge|def|1
|-boost|p2a: Ceruledge|spe|2
|-resisted|p2a: Ceruledge
|-damage|p2a: Ceruledge|0 fnt
|faint|p2a: Ceruledge
|-hitcount|p2: Ceruledge|3
|
|upkeep
|
|t:|1759076539
|switch|p2a: Raging Bolt|Raging Bolt|100/100
|-damage|p2a: Raging Bolt|88/100|[from] Stealth Rock
|-enditem|p2a: Raging Bolt|Booster Energy
|-activate|p2a: Raging Bolt|ability: Protosynthesis|[fromitem]
|-start|p2a: Raging Bolt|protosynthesisspa
|turn|21
|
|t:|1759076548
|-terastallize|p1a: Kyurem|Electric
|-terastallize|p2a: Raging Bolt|Fairy
|move|p1a: Kyurem|Icicle Spear|p2a: Raging Bolt
|-damage|p2a: Raging Bolt|69/100
|-crit|p2a: Raging Bolt
|-damage|p2a: Raging Bolt|43/100
|-damage|p2a: Raging Bolt|26/100
|-damage|p2a: Raging Bolt|10/100
|-hitcount|p2a: Raging Bolt|4
|move|p2a: Raging Bolt|Dragon Pulse|p1a: Kyurem
|-damage|p1a: Kyurem|42/100
|
|-sideend|p1: Johnny tots|Reflect
|upkeep
|turn|22
|
|t:|1759076559
|move|p1a: Kyurem|Icicle Spear|p2a: Raging Bolt
|-damage|p2a: Raging Bolt|0 fnt
|faint|p2a: Raging Bolt
|-end|p2a: Raging Bolt|Protosynthesis|[silent]
|-hitcount|p2: Raging Bolt|1
|
|upkeep
|
|t:|1759076561
|switch|p2a: Iron Valiant|Iron Valiant|100/100
|-damage|p2a: Iron Valiant|94/100|[from] Stealth Rock
|-enditem|p2a: Iron Valiant|Booster Energy
|-activate|p2a: Iron Valiant|ability: Quark Drive|[fromitem]
|-start|p2a: Iron Valiant|quarkdrivespe
|turn|23
|
|t:|1759076569
|move|p2a: Iron Valiant|Close Combat|p1a: Kyurem
|-damage|p1a: Kyurem|0 fnt
|-unboost|p2a: Iron Valiant|def|1
|-unboost|p2a: Iron Valiant|spd|1
|faint|p1a: Kyurem
|
|upkeep
|c|☆Johnny tots|Whoops
|
|t:|1759076579
|switch|p1a: Klefki|Klefki, F|87/100
|turn|24
|
|t:|1759076590
|move|p1a: Klefki|Reflect|p1a: Klefki
|-sidestart|p1: Johnny tots|Reflect
|move|p2a: Iron Valiant|Close Combat|p1a: Klefki
|-damage|p1a: Klefki|59/100
|-unboost|p2a: Iron Valiant|def|1
|-unboost|p2a: Iron Valiant|spd|1
|
|upkeep
|turn|25
|c|☆Showdown GOAT|can i get the paste after this btw
|
|t:|1759076606
|-end|p2a: Iron Valiant|Quark Drive|[silent]
|switch|p2a: Ogerpon|Ogerpon-Wellspring, F|100/100 par
|-damage|p2a: Ogerpon|88/100 par|[from] Stealth Rock
|move|p1a: Klefki|Light Screen|p1a: Klefki
|-sidestart|p1: Johnny tots|move: Light Screen
|
|upkeep
|turn|26
|
|t:|1759076615
|switch|p1a: Iron Valiant|Iron Valiant|100/100
|-enditem|p1a: Iron Valiant|Booster Energy
|-activate|p1a: Iron Valiant|ability: Quark Drive|[fromitem]
|-start|p1a: Iron Valiant|quarkdrivespe
|move|p2a: Ogerpon|Trailblaze|p1a: Iron Valiant
|-damage|p1a: Iron Valiant|82/100
|-boost|p2a: Ogerpon|spe|1
|
|upkeep
|turn|27
|c|☆Johnny tots|Ya
|
|t:|1759076620
|move|p1a: Iron Valiant|Moonblast|p2a: Ogerpon
|-damage|p2a: Ogerpon|31/100 par
|move|p2a: Ogerpon|Ivy Cudgel|p1a: Iron Valiant|[anim] Ivy Cudgel Water
|-crit|p1a: Iron Valiant
|-damage|p1a: Iron Valiant|0 fnt
|faint|p1a: Iron Valiant
|-end|p1a: Iron Valiant|Quark Drive|[silent]
|
|upkeep
|
|t:|1759076628
|switch|p1a: Manaphy|Manaphy|24/100
|turn|28
|
|t:|1759076630
|move|p2a: Ogerpon|Trailblaze|p1a: Manaphy
|-supereffective|p1a: Manaphy
|-damage|p1a: Manaphy|0 fnt
|-boost|p2a: Ogerpon|spe|1
|faint|p1a: Manaphy
|
|upkeep
|c|☆Johnny tots|Gg
|c|☆Showdown GOAT|gg wp
|c|☆Johnny tots|Message me
|-message|Johnny tots forfeited.
|
|win|Showdown GOAT
|raw|Johnny tots's rating: 1602 &rarr; <strong>1578</strong><br />(-24 for losing)
|raw|Showdown GOAT's rating: 1534 &rarr; <strong>1558</strong><br />(+24 for winning)
|l|☆Johnny tots
|player|p1|
|l|☆Showdown GOAT
|player|p2|
|l| Nikator98
|j|☆Johnny tots
|player|p1|Johnny tots|1|
|l|☆Johnny tots
|player|p1|
