|j|☆the maraculous
|j|☆doodieray
|t:|1758990747
|gametype|singles
|player|p1|the maraculous|dragontamer|1379
|player|p2|doodieray|medium|1370
|gen|9
|tier|[Gen 9] OU
|rated|
|rule|HP Percentage Mod: HP is shown in percentages
|rule|Endless Battle Clause: Forcing endless battles is banned
|rule|Species Clause: Limit one of each Pokémon
|rule|OHKO Clause: OHKO moves are banned
|rule|Evasion Items Clause: Evasion items are banned
|rule|Evasion Moves Clause: Evasion moves are banned
|rule|Evasion Abilities Clause: Evasion abilities are banned
|rule|Sleep Moves Clause: Sleep-inducing moves are banned
|clearpoke
|poke|p1|Oricorio-Pom-Pom, M|
|poke|p1|Rillaboom, F|
|poke|p1|Walking Wake|
|poke|p1|Cinderace, M|
|poke|p1|Okidogi, M|
|poke|p1|Iron Crown|
|poke|p2|Rillaboom, M|
|poke|p2|Ogerpon, F|
|poke|p2|Raging Bolt|
|poke|p2|Weezing-Galar, M|
|poke|p2|Moltres-Galar|
|poke|p2|Great Tusk|
|teampreview
|inactive|Battle timer is ON: inactive players will automatically lose when time's up. (requested by doodieray)
|
|t:|1758990769
|teamsize|p1|6
|teamsize|p2|6
|start
|switch|p1a: Oricorio|Oricorio-Pom-Pom, M|100/100
|switch|p2a: Weezing|Weezing-Galar, M|100/100
|-ability|p2a: Weezing|Neutralizing Gas
|turn|1
|
|t:|1758990773
|move|p1a: Oricorio|Quiver Dance|p1a: Oricorio
|-boost|p1a: Oricorio|spa|1
|-boost|p1a: Oricorio|spd|1
|-boost|p1a: Oricorio|spe|1
|move|p2a: Weezing|Toxic|p1a: Oricorio
|-status|p1a: Oricorio|tox
|
|-damage|p1a: Oricorio|94/100 tox|[from] psn
|upkeep
|turn|2
|
|t:|1758990778
|-end|p2a: Weezing|ability: Neutralizing Gas
|switch|p2a: Raging Bolt|Raging Bolt|100/100
|move|p1a: Oricorio|Quiver Dance|p1a: Oricorio
|-boost|p1a: Oricorio|spa|1
|-boost|p1a: Oricorio|spd|1
|-boost|p1a: Oricorio|spe|1
|
|-damage|p1a: Oricorio|82/100 tox|[from] psn
|upkeep
|turn|3
|
|t:|1758990787
|move|p1a: Oricorio|Air Slash|p2a: Raging Bolt
|-resisted|p2a: Raging Bolt
|-damage|p2a: Raging Bolt|84/100
|move|p2a: Raging Bolt|Volt Switch|p1a: Oricorio
|-damage|p1a: Oricorio|51/100 tox
|
|t:|1758990796
|-end|p2a: Raging Bolt|Protosynthesis|[silent]
|switch|p2a: Rillaboom|Rillaboom, M|100/100|[from] Volt Switch
|-fieldstart|move: Grassy Terrain|[from] ability: Grassy Surge|[of] p2a: Rillaboom
|
|-damage|p1a: Oricorio|33/100 tox|[from] psn
|upkeep
|turn|4
|
|t:|1758990801
|move|p2a: Rillaboom|Grassy Glide|p1a: Oricorio
|-resisted|p1a: Oricorio
|-damage|p1a: Oricorio|11/100 tox
|-enditem|p1a: Oricorio|Kee Berry|[eat]
|-boost|p1a: Oricorio|def|1|[from] item: Kee Berry
|move|p1a: Oricorio|Air Slash|p2a: Rillaboom
|-supereffective|p2a: Rillaboom
|-damage|p2a: Rillaboom|0 fnt
|faint|p2a: Rillaboom
|
|-damage|p1a: Oricorio|0 fnt|[from] psn
|faint|p1a: Oricorio
|upkeep
|
|t:|1758990806
|switch|p1a: Iron Crown|Iron Crown|100/100
|switch|p2a: Ogerpon|Ogerpon, F|100/100
|turn|5
|
|t:|1758990811
|move|p2a: Ogerpon|U-turn|p1a: Iron Crown
|-damage|p1a: Iron Crown|69/100
|
|t:|1758990814
|switch|p2a: Raging Bolt|Raging Bolt|84/100|[from] U-turn
|move|p1a: Iron Crown|Agility|p1a: Iron Crown
|-boost|p1a: Iron Crown|spe|2
|
|-heal|p1a: Iron Crown|75/100|[from] Grassy Terrain
|-heal|p2a: Raging Bolt|90/100|[from] Grassy Terrain
|upkeep
|turn|6
|
|t:|1758990821
|move|p1a: Iron Crown|Iron Defense|p1a: Iron Crown
|-boost|p1a: Iron Crown|def|2
|move|p2a: Raging Bolt|Thunderbolt|p1a: Iron Crown
|-damage|p1a: Iron Crown|19/100
|
|-heal|p1a: Iron Crown|25/100|[from] Grassy Terrain
|-heal|p2a: Raging Bolt|96/100|[from] Grassy Terrain
|upkeep
|turn|7
|
|t:|1758990827
|move|p2a: Raging Bolt|Thunderclap|p1a: Iron Crown
|-damage|p1a: Iron Crown|0 fnt
|faint|p1a: Iron Crown
|-end|p1a: Iron Crown|Quark Drive|[silent]
|
|-heal|p2a: Raging Bolt|100/100|[from] Grassy Terrain
|upkeep
|
|t:|1758990831
|switch|p1a: Okidogi|Okidogi, M|100/100
|turn|8
|
|t:|1758990834
|move|p2a: Raging Bolt|Volt Switch|p1a: Okidogi
|-damage|p1a: Okidogi|60/100
|
|t:|1758990837
|-end|p2a: Raging Bolt|Protosynthesis|[silent]
|switch|p2a: Weezing|Weezing-Galar, M|100/100|[from] Volt Switch
|-ability|p2a: Weezing|Neutralizing Gas
|move|p1a: Okidogi|Knock Off|p2a: Weezing
|-resisted|p2a: Weezing
|-damage|p2a: Weezing|88/100
|-enditem|p2a: Weezing|Covert Cloak|[from] move: Knock Off|[of] p1a: Okidogi
|
|-heal|p1a: Okidogi|66/100|[from] Grassy Terrain
|-heal|p2a: Weezing|94/100|[from] Grassy Terrain
|upkeep
|turn|9
|
|t:|1758990843
|move|p1a: Okidogi|Gunk Shot|p2a: Weezing
|-damage|p2a: Weezing|48/100
|move|p2a: Weezing|Strange Steam|p1a: Okidogi
|-damage|p1a: Okidogi|39/100
|-start|p1a: Okidogi|confusion
|
|-heal|p1a: Okidogi|45/100|[from] Grassy Terrain
|-heal|p2a: Weezing|54/100|[from] Grassy Terrain
|upkeep
|turn|10
|
|t:|1758990852
|switch|p1a: Cinderace|Cinderace, M|100/100
|-end|p2a: Weezing|ability: Neutralizing Gas
|switch|p2a: Great Tusk|Great Tusk|100/100
|
|-fieldend|move: Grassy Terrain
|upkeep
|turn|11
|
|t:|1758990858
|move|p2a: Great Tusk|Headlong Rush|p1a: Cinderace
|-supereffective|p1a: Cinderace
|-damage|p1a: Cinderace|0 fnt
|-unboost|p2a: Great Tusk|def|1
|-unboost|p2a: Great Tusk|spd|1
|faint|p1a: Cinderace
|
|upkeep
|
|t:|1758990864
|switch|p1a: Rillaboom|Rillaboom, F|100/100
|-fieldstart|move: Grassy Terrain|[from] ability: Grassy Surge|[of] p1a: Rillaboom
|turn|12
|
|t:|1758990870
|-end|p2a: Great Tusk|Protosynthesis|[silent]
|switch|p2a: Weezing|Weezing-Galar, M|54/100
|-ability|p2a: Weezing|Neutralizing Gas
|move|p1a: Rillaboom|U-turn|p2a: Weezing
|-resisted|p2a: Weezing
|-crit|p2a: Weezing
|-damage|p2a: Weezing|48/100
|
|t:|1758990872
|switch|p1a: Walking Wake|Walking Wake|100/100|[from] U-turn
|
|-heal|p2a: Weezing|53/100|[from] Grassy Terrain
|upkeep
|turn|13
|
|t:|1758990881
|move|p1a: Walking Wake|Hydro Steam|p2a: Weezing
|-damage|p2a: Weezing|0 fnt
|faint|p2a: Weezing
|-end|p2a: Weezing|ability: Neutralizing Gas
|-enditem|p1a: Walking Wake|Booster Energy
|-activate|p1a: Walking Wake|ability: Protosynthesis|[fromitem]
|-start|p1a: Walking Wake|protosynthesisspa
|
|upkeep
|
|t:|1758990884
|switch|p2a: Ogerpon|Ogerpon, F|100/100
|turn|14
|
|t:|1758990889
|-terastallize|p2a: Ogerpon|Grass
|detailschange|p2a: Ogerpon|Ogerpon-Teal-Tera, F, tera:Grass
|-ability|p2a: Ogerpon|Embody Aspect (Teal)|boost
|-boost|p2a: Ogerpon|spe|1
|move|p2a: Ogerpon|Ivy Cudgel|p1a: Walking Wake
|-damage|p1a: Walking Wake|0 fnt
|faint|p1a: Walking Wake
|-end|p1a: Walking Wake|Protosynthesis|[silent]
|
|upkeep
|
|t:|1758990896
|switch|p1a: Rillaboom|Rillaboom, F|100/100
|turn|15
|
|t:|1758990905
|switch|p2a: Raging Bolt|Raging Bolt|100/100
|move|p1a: Rillaboom|Knock Off|p2a: Raging Bolt
|-damage|p2a: Raging Bolt|64/100
|-enditem|p2a: Raging Bolt|Assault Vest|[from] move: Knock Off|[of] p1a: Rillaboom
|
|-heal|p2a: Raging Bolt|71/100|[from] Grassy Terrain
|upkeep
|turn|16
|
|t:|1758990914
|move|p2a: Raging Bolt|Dragon Pulse|p1a: Rillaboom
|-damage|p1a: Rillaboom|62/100
|move|p1a: Rillaboom|U-turn|p2a: Raging Bolt
|-damage|p2a: Raging Bolt|48/100
|
|t:|1758990917
|switch|p1a: Okidogi|Okidogi, M|45/100|[from] U-turn
|
|-heal|p2a: Raging Bolt|54/100|[from] Grassy Terrain
|-heal|p1a: Okidogi|51/100|[from] Grassy Terrain
|-fieldend|move: Grassy Terrain
|upkeep
|turn|17
|
|t:|1758990923
|move|p2a: Raging Bolt|Dragon Pulse|p1a: Okidogi
|-damage|p1a: Okidogi|1/100
|move|p1a: Okidogi|Drain Punch|p2a: Raging Bolt
|-damage|p2a: Raging Bolt|7/100
|-heal|p1a: Okidogi|25/100|[from] drain|[of] p2a: Raging Bolt
|
|upkeep
|turn|18
|
|t:|1758990930
|switch|p1a: Rillaboom|Rillaboom, F|62/100
|-fieldstart|move: Grassy Terrain|[from] ability: Grassy Surge|[of] p1a: Rillaboom
|move|p2a: Raging Bolt|Thunderbolt|p1a: Rillaboom
|-resisted|p1a: Rillaboom
|-damage|p1a: Rillaboom|44/100
|
|-heal|p2a: Raging Bolt|13/100|[from] Grassy Terrain
|-heal|p1a: Rillaboom|50/100|[from] Grassy Terrain
|upkeep
|turn|19
|
|t:|1758990935
|move|p1a: Rillaboom|Grassy Glide|p2a: Raging Bolt
|-resisted|p2a: Raging Bolt
|-damage|p2a: Raging Bolt|0 fnt
|faint|p2a: Raging Bolt
|-end|p2a: Raging Bolt|Protosynthesis|[silent]
|
|-heal|p1a: Rillaboom|56/100|[from] Grassy Terrain
|upkeep
|
|t:|1758990938
|switch|p2a: Moltres|Moltres-Galar|100/100
|turn|20
|
|t:|1758990943
|-terastallize|p1a: Rillaboom|Electric
|move|p2a: Moltres|Fiery Wrath|p1a: Rillaboom
|-damage|p1a: Rillaboom|26/100
|move|p1a: Rillaboom|Tera Blast|p2a: Moltres|[anim] Tera Blast Electric
|-supereffective|p2a: Moltres
|-damage|p2a: Moltres|0 fnt
|faint|p2a: Moltres
|
|-heal|p1a: Rillaboom|32/100|[from] Grassy Terrain
|upkeep
|
|t:|1758990950
|switch|p2a: Great Tusk|Great Tusk|100/100
|turn|21
|
|t:|1758990954
|move|p1a: Rillaboom|Grassy Glide|p2a: Great Tusk
|-supereffective|p2a: Great Tusk
|-damage|p2a: Great Tusk|43/100
|move|p2a: Great Tusk|Headlong Rush|p1a: Rillaboom
|-supereffective|p1a: Rillaboom
|-damage|p1a: Rillaboom|0 fnt
|-unboost|p2a: Great Tusk|def|1
|-unboost|p2a: Great Tusk|spd|1
|faint|p1a: Rillaboom
|
|-heal|p2a: Great Tusk|50/100|[from] Grassy Terrain
|upkeep
|-message|the maraculous forfeited.
|
|win|doodieray
|raw|the maraculous's rating: 1379 &rarr; <strong>1358</strong><br />(-21 for losing)
|raw|doodieray's rating: 1370 &rarr; <strong>1391</strong><br />(+21 for winning)
|l|☆the maraculous
|player|p1|
|l|☆doodieray
|player|p2|
