|j|☆Nikator98
|j|☆jamel1
|t:|1759063190
|gametype|singles
|player|p1|Nikator98|giovanni|1739
|player|p2|jamel1|102|1780
|gen|9
|tier|[Gen 9] OU
|rated|
|rule|HP Percentage Mod: HP is shown in percentages
|rule|Endless Battle Clause: Forcing endless battles is banned
|rule|Species Clause: Limit one of each Pokémon
|rule|OHKO Clause: OHKO moves are banned
|rule|Evasion Items Clause: Evasion items are banned
|rule|Evasion Moves Clause: Evasion moves are banned
|rule|Evasion Abilities Clause: Evasion abilities are banned
|rule|Sleep Moves Clause: Sleep-inducing moves are banned
|clearpoke
|poke|p1|Metagross|
|poke|p1|Great Tusk|
|poke|p1|Haxorus, M|
|poke|p1|Iron Moth|
|poke|p1|Zoroark-Hisui, M|
|poke|p1|Ninetales-Alola, F|
|poke|p2|Gyarados, F|
|poke|p2|Maushold|
|poke|p2|Deoxys-Defense|
|poke|p2|Sandaconda, M|
|poke|p2|Serperior, F|
|poke|p2|Kommo-o, F|
|teampreview
|j| Ctannn
|j| humphey8
|
|t:|1759063213
|teamsize|p1|6
|teamsize|p2|6
|start
|switch|p1a: Arquillian Sentry|Metagross|100/100
|switch|p2a: Sandaconda|Sandaconda, M|100/100
|turn|1
|
|t:|1759063233
|move|p2a: Sandaconda|Glare|p1a: Arquillian Sentry
|-status|p1a: Arquillian Sentry|par
|move|p1a: Arquillian Sentry|Stealth Rock|p2a: Sandaconda
|-sidestart|p2: jamel1|move: Stealth Rock
|
|upkeep
|turn|2
|
|t:|1759063240
|move|p2a: Sandaconda|Stealth Rock|p1a: Arquillian Sentry
|-sidestart|p1: Nikator98|move: Stealth Rock
|move|p1a: Arquillian Sentry|Meteor Mash|p2a: Sandaconda
|-damage|p2a: Sandaconda|51/100
|
|upkeep
|turn|3
|
|t:|1759063246
|move|p2a: Sandaconda|Earthquake|p1a: Arquillian Sentry
|-supereffective|p1a: Arquillian Sentry
|-damage|p1a: Arquillian Sentry|33/100 par
|move|p1a: Arquillian Sentry|Meteor Mash|p2a: Sandaconda
|-damage|p2a: Sandaconda|1/100
|
|upkeep
|turn|4
|l| humphey8
|
|t:|1759063253
|switch|p1a: Kumaryia|Great Tusk, shiny|100/100
|move|p2a: Sandaconda|Iron Head|p1a: Kumaryia
|-damage|p1a: Kumaryia|84/100
|
|upkeep
|turn|5
|j| ilytrix
|
|t:|1759063258
|move|p1a: Kumaryia|Rapid Spin|p2a: Sandaconda
|-damage|p2a: Sandaconda|0 fnt
|-boost|p1a: Kumaryia|spe|1
|-sideend|p1: Nikator98|Stealth Rock|[from] move: Rapid Spin|[of] p1a: Kumaryia
|faint|p2a: Sandaconda
|
|upkeep
|
|t:|1759063260
|switch|p2a: Serperior|Serperior, F|100/100
|-damage|p2a: Serperior|88/100|[from] Stealth Rock
|turn|6
|
|t:|1759063272
|-end|p1a: Kumaryia|Protosynthesis|[silent]
|switch|p1a: Arquillian Sentry|Metagross|33/100 par
|move|p2a: Serperior|Light Screen|p2a: Serperior
|-sidestart|p2: jamel1|move: Light Screen
|
|upkeep
|turn|7
|
|t:|1759063277
|move|p2a: Serperior|Reflect|p2a: Serperior
|-sidestart|p2: jamel1|Reflect
|cant|p1a: Arquillian Sentry|par
|
|upkeep
|turn|8
|
|t:|1759063282
|switch|p2a: Maushold|Maushold|100/100
|-damage|p2a: Maushold|88/100|[from] Stealth Rock
|move|p1a: Arquillian Sentry|Psychic Fangs|p2a: Maushold
|-sideend|p2: jamel1|Reflect
|-sideend|p2: jamel1|move: Light Screen
|-damage|p2a: Maushold|25/100
|
|upkeep
|turn|9
|
|t:|1759063296
|move|p2a: Maushold|Tidy Up|p2a: Maushold
|-sideend|p2: jamel1|Stealth Rock
|-activate|p2a: Maushold|move: Tidy Up
|-boost|p2a: Maushold|atk|1
|-boost|p2a: Maushold|spe|1
|move|p1a: Arquillian Sentry|Psychic Fangs|p2a: Maushold
|-damage|p2a: Maushold|0 fnt
|faint|p2a: Maushold
|
|upkeep
|
|t:|1759063302
|switch|p2a: Kommo-o|Kommo-o, F|100/100
|turn|10
|j| Partynparadise
|
|t:|1759063313
|-terastallize|p2a: Kommo-o|Steel
|move|p2a: Kommo-o|Substitute|p2a: Kommo-o
|-start|p2a: Kommo-o|Substitute
|-damage|p2a: Kommo-o|75/100
|move|p1a: Arquillian Sentry|Psychic Fangs|p2a: Kommo-o
|-resisted|p2a: Kommo-o
|-activate|p2a: Kommo-o|move: Substitute|[damage]
|
|upkeep
|turn|11
|
|t:|1759063321
|move|p2a: Kommo-o|Belly Drum|p2a: Kommo-o
|-damage|p2a: Kommo-o|25/100
|-setboost|p2a: Kommo-o|atk|6|[from] move: Belly Drum
|-enditem|p2a: Kommo-o|Salac Berry|[eat]
|-boost|p2a: Kommo-o|spe|1|[from] item: Salac Berry
|move|p1a: Arquillian Sentry|Explosion|p2a: Kommo-o
|-resisted|p2a: Kommo-o
|-end|p2a: Kommo-o|Substitute
|faint|p1a: Arquillian Sentry
|
|upkeep
|
|t:|1759063340
|switch|p1a: Gothmog|Iron Moth|100/100
|-enditem|p1a: Gothmog|Booster Energy
|-activate|p1a: Gothmog|ability: Quark Drive|[fromitem]
|-start|p1a: Gothmog|quarkdrivespe
|turn|12
|
|t:|1759063345
|move|p1a: Gothmog|Fiery Dance|p2a: Kommo-o
|-supereffective|p2a: Kommo-o
|-damage|p2a: Kommo-o|0 fnt
|faint|p2a: Kommo-o
|
|upkeep
|l| Ctannn
|
|t:|1759063347
|switch|p2a: Gyarados|Gyarados, F|100/100
|turn|13
|
|t:|1759063357
|-end|p1a: Gothmog|Quark Drive|[silent]
|switch|p1a: Asfaloth|Ninetales-Alola, F, shiny|100/100
|-weather|Snowscape|[from] ability: Snow Warning|[of] p1a: Asfaloth
|move|p2a: Gyarados|Dragon Dance|p2a: Gyarados
|-boost|p2a: Gyarados|atk|1
|-boost|p2a: Gyarados|spe|1
|
|-weather|Snowscape|[upkeep]
|upkeep
|turn|14
|
|t:|1759063368
|move|p2a: Gyarados|Waterfall|p1a: Asfaloth
|-damage|p1a: Asfaloth|47/100
|move|p1a: Asfaloth|Aurora Veil|p1a: Asfaloth
|-sidestart|p1: Nikator98|move: Aurora Veil
|
|-weather|Snowscape|[upkeep]
|upkeep
|turn|15
|c| ilytrix|temp6t ahh kommo o
|
|t:|1759063377
|move|p2a: Gyarados|Waterfall|p1a: Asfaloth
|-damage|p1a: Asfaloth|21/100
|move|p1a: Asfaloth|Freeze-Dry|p2a: Gyarados
|-supereffective|p2a: Gyarados
|-damage|p2a: Gyarados|0 fnt
|faint|p2a: Gyarados
|
|-weather|Snowscape|[upkeep]
|upkeep
|
|t:|1759063385
|switch|p2a: Serperior|Serperior, F|88/100
|turn|16
|
|t:|1759063412
|move|p2a: Serperior|Leaf Storm|p1a: Asfaloth
|-damage|p1a: Asfaloth|0 fnt
|-boost|p2a: Serperior|spa|2
|faint|p1a: Asfaloth
|
|-weather|Snowscape|[upkeep]
|upkeep
|j| tapu moxo
|
|t:|1759063423
|switch|p1a: Gothmog|Iron Moth|100/100
|turn|17
|
|t:|1759063427
|move|p2a: Serperior|Light Screen|p2a: Serperior
|-sidestart|p2: jamel1|move: Light Screen
|move|p1a: Gothmog|Fiery Dance|p2a: Serperior
|-supereffective|p2a: Serperior
|-damage|p2a: Serperior|42/100
|-boost|p1a: Gothmog|spa|1
|
|-weather|none
|upkeep
|turn|18
|
|t:|1759063434
|move|p2a: Serperior|Reflect|p2a: Serperior
|-sidestart|p2: jamel1|Reflect
|move|p1a: Gothmog|Fiery Dance|p2a: Serperior
|-supereffective|p2a: Serperior
|-damage|p2a: Serperior|0 fnt
|-boost|p1a: Gothmog|spa|1
|faint|p2a: Serperior
|
|upkeep
|
|t:|1759063436
|switch|p2a: Deoxys|Deoxys-Defense|100/100
|-ability|p2a: Deoxys|Pressure
|turn|19
|
|t:|1759063449
|move|p1a: Gothmog|Fiery Dance|p2a: Deoxys
|-damage|p2a: Deoxys|72/100
|-boost|p1a: Gothmog|spa|1
|move|p2a: Deoxys|Calm Mind|p2a: Deoxys
|-boost|p2a: Deoxys|spa|1
|-boost|p2a: Deoxys|spd|1
|
|upkeep
|turn|20
|
|t:|1759063459
|move|p1a: Gothmog|Fiery Dance|p2a: Deoxys
|-damage|p2a: Deoxys|46/100
|-boost|p1a: Gothmog|spa|1
|move|p2a: Deoxys|Calm Mind|p2a: Deoxys
|-boost|p2a: Deoxys|spa|1
|-boost|p2a: Deoxys|spd|1
|
|upkeep
|turn|21
|
|t:|1759063466
|move|p1a: Gothmog|Substitute|p1a: Gothmog
|-start|p1a: Gothmog|Substitute
|-damage|p1a: Gothmog|76/100
|move|p2a: Deoxys|Recover|p2a: Deoxys
|-heal|p2a: Deoxys|96/100
|
|-sideend|p1: Nikator98|move: Aurora Veil
|upkeep
|turn|22
|
|t:|1759063473
|move|p1a: Gothmog|Fiery Dance|p2a: Deoxys
|-damage|p2a: Deoxys|74/100
|move|p2a: Deoxys|Calm Mind|p2a: Deoxys
|-boost|p2a: Deoxys|spa|1
|-boost|p2a: Deoxys|spd|1
|
|upkeep
|turn|23
|
|t:|1759063480
|move|p1a: Gothmog|Fiery Dance|p2a: Deoxys
|-damage|p2a: Deoxys|55/100
|-boost|p1a: Gothmog|spa|1
|move|p2a: Deoxys|Calm Mind|p2a: Deoxys
|-boost|p2a: Deoxys|spa|1
|-boost|p2a: Deoxys|spd|1
|
|upkeep
|turn|24
|
|t:|1759063488
|move|p1a: Gothmog|Fiery Dance|p2a: Deoxys
|-damage|p2a: Deoxys|38/100
|-boost|p1a: Gothmog|spa|1
|move|p2a: Deoxys|Recover|p2a: Deoxys
|-heal|p2a: Deoxys|88/100
|
|-sideend|p2: jamel1|move: Light Screen
|upkeep
|turn|25
|
|t:|1759063496
|move|p1a: Gothmog|Sludge Wave|p2a: Deoxys
|-damage|p2a: Deoxys|38/100
|move|p2a: Deoxys|Stored Power|p1a: Gothmog
|-supereffective|p1a: Gothmog
|-end|p1a: Gothmog|Substitute
|
|-sideend|p2: jamel1|Reflect
|upkeep
|turn|26
|
|t:|1759063503
|move|p1a: Gothmog|Sludge Wave|p2a: Deoxys
|-damage|p2a: Deoxys|0 fnt
|faint|p2a: Deoxys
|
|win|Nikator98
|raw|Nikator98's rating: 1739 &rarr; <strong>1761</strong><br />(+22 for winning)
|raw|jamel1's rating: 1780 &rarr; <strong>1758</strong><br />(-22 for losing)
|l|☆jamel1
|player|p2|
|c|☆Nikator98|gg cool team
|l| ilytrix
|l| tapu moxo
