|j|☆lexonema22
|j|☆DanHaNoiChat
|t:|1758976180
|gametype|singles
|player|p1|lexonema22|cynthia-gen4|1066
|player|p2|DanHaNoiChat|1|1000
|gen|9
|tier|[Gen 9] OU
|rated|
|rule|HP Percentage Mod: HP is shown in percentages
|rule|Endless Battle Clause: Forcing endless battles is banned
|rule|Species Clause: Limit one of each Pokémon
|rule|OHKO Clause: OHKO moves are banned
|rule|Evasion Items Clause: Evasion items are banned
|rule|Evasion Moves Clause: Evasion moves are banned
|rule|Evasion Abilities Clause: Evasion abilities are banned
|rule|Sleep Moves Clause: Sleep-inducing moves are banned
|clearpoke
|poke|p1|Polteageist|
|poke|p1|Torkoal, M|
|poke|p1|Garchomp, M|
|poke|p1|Inteleon, F|
|poke|p1|Scizor, M|
|poke|p1|Vileplume, F|
|poke|p2|Great Tusk|
|poke|p2|Corviknight, F|
|poke|p2|Kingambit, M|
|poke|p2|Iron Valiant|
|poke|p2|Iron Moth|
|poke|p2|Raging Bolt|
|teampreview
|inactive|Battle timer is ON: inactive players will automatically lose when time's up. (requested by lexonema22)
|inactive|DanHaNoiChat has 120 seconds left.
|
|t:|1758976220
|teamsize|p1|6
|teamsize|p2|6
|start
|switch|p1a: Polteageist|Polteageist|100/100
|switch|p2a: Great Tusk|Great Tusk|100/100
|turn|1
|
|t:|1758976230
|switch|p1a: Vileplume|Vileplume, F, shiny|100/100
|move|p2a: Great Tusk|Stealth Rock|p1a: Vileplume
|-sidestart|p1: lexonema22|move: Stealth Rock
|
|upkeep
|turn|2
|
|t:|1758976256
|-end|p2a: Great Tusk|Protosynthesis|[silent]
|switch|p2a: Corviknight|Corviknight, F|100/100
|-ability|p2a: Corviknight|Pressure
|move|p1a: Vileplume|Giga Drain|p2a: Corviknight
|-resisted|p2a: Corviknight
|-damage|p2a: Corviknight|91/100
|
|upkeep
|turn|3
|inactive|DanHaNoiChat has 120 seconds left.
|
|t:|1758976284
|switch|p1a: Torkoal|Torkoal, M|100/100
|-damage|p1a: Torkoal|76/100|[from] Stealth Rock
|move|p2a: Corviknight|Brave Bird|p1a: Torkoal
|-damage|p1a: Torkoal|42/100
|-damage|p2a: Corviknight|81/100|[from] Recoil
|
|upkeep
|turn|4
|
|t:|1758976295
|move|p2a: Corviknight|U-turn|p1a: Torkoal
|-resisted|p1a: Torkoal
|-damage|p1a: Torkoal|34/100
|inactive|DanHaNoiChat has 90 seconds left.
|
|t:|1758976331
|switch|p2a: Iron Valiant|Iron Valiant|100/100|[from] U-turn
|-enditem|p2a: Iron Valiant|Booster Energy
|-activate|p2a: Iron Valiant|ability: Quark Drive|[fromitem]
|-start|p2a: Iron Valiant|quarkdrivespe
|move|p1a: Torkoal|Eruption|p2a: Iron Valiant
|-damage|p2a: Iron Valiant|60/100
|
|upkeep
|turn|5
|
|t:|1758976346
|switch|p1a: Scizor|Scizor, M, shiny|100/100
|-damage|p1a: Scizor|88/100|[from] Stealth Rock
|move|p2a: Iron Valiant|Moonblast|p1a: Scizor
|-resisted|p1a: Scizor
|-damage|p1a: Scizor|61/100
|
|upkeep
|turn|6
|inactive|DanHaNoiChat has 90 seconds left.
|
|t:|1758976369
|move|p1a: Scizor|Bullet Punch|p2a: Iron Valiant
|-supereffective|p2a: Iron Valiant
|-damage|p2a: Iron Valiant|0 fnt
|faint|p2a: Iron Valiant
|-end|p2a: Iron Valiant|Quark Drive|[silent]
|-damage|p1a: Scizor|51/100|[from] item: Life Orb
|
|upkeep
|
|t:|1758976376
|switch|p2a: Kingambit|Kingambit, M|100/100
|-activate|p2a: Kingambit|ability: Supreme Overlord
|-start|p2a: Kingambit|fallen1|[silent]
|turn|7
|
|t:|1758976386
|switch|p1a: Torkoal|Torkoal, M|34/100
|-damage|p1a: Torkoal|10/100|[from] Stealth Rock
|-terastallize|p2a: Kingambit|Dark
|move|p2a: Kingambit|Sucker Punch||[still]
|-fail|p2a: Kingambit
|
|upkeep
|turn|8
|
|t:|1758976395
|move|p2a: Kingambit|Swords Dance|p2a: Kingambit
|-boost|p2a: Kingambit|atk|2
|move|p1a: Torkoal|Body Press|p2a: Kingambit
|-supereffective|p2a: Kingambit
|-damage|p2a: Kingambit|59/100
|
|-heal|p2a: Kingambit|65/100|[from] item: Leftovers
|upkeep
|turn|9
|inactive|DanHaNoiChat has 90 seconds left.
|
|t:|1758976407
|move|p2a: Kingambit|Iron Head|p1a: Torkoal
|-resisted|p1a: Torkoal
|-damage|p1a: Torkoal|0 fnt
|faint|p1a: Torkoal
|
|-heal|p2a: Kingambit|71/100|[from] item: Leftovers
|upkeep
|
|t:|1758976428
|switch|p1a: Scizor|Scizor, M, shiny|51/100
|-damage|p1a: Scizor|39/100|[from] Stealth Rock
|turn|10
|
|t:|1758976433
|move|p1a: Scizor|Bullet Punch|p2a: Kingambit
|-damage|p2a: Kingambit|40/100
|-damage|p1a: Scizor|29/100|[from] item: Life Orb
|move|p2a: Kingambit|Sucker Punch||[still]
|-fail|p2a: Kingambit
|
|-heal|p2a: Kingambit|46/100|[from] item: Leftovers
|upkeep
|turn|11
|
|t:|1758976445
|move|p1a: Scizor|Lunge|p2a: Kingambit
|-supereffective|p2a: Kingambit
|-damage|p2a: Kingambit|0 fnt
|faint|p2a: Kingambit
|-end|p2a: Kingambit|fallen1|[silent]
|-damage|p1a: Scizor|19/100|[from] item: Life Orb
|
|upkeep
|
|t:|1758976452
|switch|p2a: Iron Moth|Iron Moth|100/100
|-enditem|p2a: Iron Moth|Booster Energy
|-activate|p2a: Iron Moth|ability: Quark Drive|[fromitem]
|-start|p2a: Iron Moth|quarkdrivespe
|turn|12
|
|t:|1758976472
|-terastallize|p1a: Scizor|Flying
|move|p2a: Iron Moth|Substitute|p2a: Iron Moth
|-start|p2a: Iron Moth|Substitute
|-damage|p2a: Iron Moth|76/100
|move|p1a: Scizor|Dual Wingbeat|p2a: Iron Moth|[miss]
|-miss|p1a: Scizor|p2a: Iron Moth
|
|upkeep
|turn|13
|
|t:|1758976481
|move|p1a: Scizor|Bullet Punch|p2a: Iron Moth
|-resisted|p2a: Iron Moth
|-end|p2a: Iron Moth|Substitute
|-damage|p1a: Scizor|9/100|[from] item: Life Orb
|move|p2a: Iron Moth|Sludge Wave|p1a: Scizor
|-damage|p1a: Scizor|0 fnt
|faint|p1a: Scizor
|
|upkeep
|
|t:|1758976490
|switch|p1a: Inteleon|Inteleon, F|100/100
|-damage|p1a: Inteleon|88/100|[from] Stealth Rock
|turn|14
|inactive|DanHaNoiChat has 120 seconds left.
|
|t:|1758976503
|move|p2a: Iron Moth|Energy Ball|p1a: Inteleon
|-supereffective|p1a: Inteleon
|-damage|p1a: Inteleon|0 fnt
|faint|p1a: Inteleon
|
|upkeep
|
|t:|1758976510
|switch|p1a: Polteageist|Polteageist|100/100
|-damage|p1a: Polteageist|88/100|[from] Stealth Rock
|turn|15
|
|t:|1758976521
|move|p2a: Iron Moth|Fiery Dance|p1a: Polteageist
|-damage|p1a: Polteageist|43/100
|move|p1a: Polteageist|Shell Smash|p1a: Polteageist
|-unboost|p1a: Polteageist|def|1
|-unboost|p1a: Polteageist|spd|1
|-boost|p1a: Polteageist|atk|2
|-boost|p1a: Polteageist|spa|2
|-boost|p1a: Polteageist|spe|2
|-enditem|p1a: Polteageist|White Herb
|-clearnegativeboost|p1a: Polteageist|[silent]
|
|upkeep
|turn|16
|inactive|DanHaNoiChat has 120 seconds left.
|
|t:|1758976556
|move|p2a: Iron Moth|Substitute|p2a: Iron Moth
|-start|p2a: Iron Moth|Substitute
|-damage|p2a: Iron Moth|51/100
|move|p1a: Polteageist|Psychic|p2a: Iron Moth
|-supereffective|p2a: Iron Moth
|-end|p2a: Iron Moth|Substitute
|
|upkeep
|turn|17
|
|t:|1758976563
|move|p2a: Iron Moth|Fiery Dance|p1a: Polteageist
|-damage|p1a: Polteageist|1/100
|-boost|p2a: Iron Moth|spa|1
|-start|p2a: Iron Moth|Disable|Fiery Dance|[from] ability: Cursed Body|[of] p1a: Polteageist
|move|p1a: Polteageist|Psychic|p2a: Iron Moth
|-supereffective|p2a: Iron Moth
|-damage|p2a: Iron Moth|0 fnt
|faint|p2a: Iron Moth
|-end|p2a: Iron Moth|Quark Drive|[silent]
|
|upkeep
|
|t:|1758976576
|switch|p2a: Great Tusk|Great Tusk|100/100
|turn|18
|
|t:|1758976584
|move|p1a: Polteageist|Psychic|p2a: Great Tusk
|-supereffective|p2a: Great Tusk
|-damage|p2a: Great Tusk|0 fnt
|faint|p2a: Great Tusk
|-end|p2a: Great Tusk|Protosynthesis|[silent]
|
|upkeep
|
|t:|1758976589
|switch|p2a: Corviknight|Corviknight, F|81/100
|-ability|p2a: Corviknight|Pressure
|turn|19
|
|t:|1758976596
|move|p1a: Polteageist|Shadow Ball|p2a: Corviknight
|-damage|p2a: Corviknight|0 fnt
|faint|p2a: Corviknight
|
|upkeep
|
|t:|1758976601
|switch|p2a: Raging Bolt|Raging Bolt|100/100
|turn|20
|
|t:|1758976610
|move|p2a: Raging Bolt|Thunderclap|p1a: Polteageist
|-damage|p1a: Polteageist|0 fnt
|faint|p1a: Polteageist
|
|upkeep
|
|t:|1758976616
|switch|p1a: Garchomp|Garchomp, M|100/100
|-damage|p1a: Garchomp|94/100|[from] Stealth Rock
|turn|21
|
|t:|1758976624
|move|p1a: Garchomp|Dragon Claw|p2a: Raging Bolt
|-supereffective|p2a: Raging Bolt
|-damage|p2a: Raging Bolt|33/100
|move|p2a: Raging Bolt|Calm Mind|p2a: Raging Bolt
|-boost|p2a: Raging Bolt|spa|1
|-boost|p2a: Raging Bolt|spd|1
|
|-heal|p2a: Raging Bolt|39/100|[from] item: Leftovers
|upkeep
|turn|22
|
|t:|1758976635
|move|p2a: Raging Bolt|Thunderclap|p1a: Garchomp
|-immune|p1a: Garchomp
|move|p1a: Garchomp|Dragon Claw|p2a: Raging Bolt
|-supereffective|p2a: Raging Bolt
|-damage|p2a: Raging Bolt|0 fnt
|faint|p2a: Raging Bolt
|-end|p2a: Raging Bolt|Protosynthesis|[silent]
|
|win|lexonema22
|raw|lexonema22's rating: 1066 &rarr; <strong>1090</strong><br />(+24 for winning)
|raw|DanHaNoiChat's rating: 1000 &rarr; <strong>1000</strong><br />(+0 for losing)
|l|☆DanHaNoiChat
|player|p2|
|c|☆lexonema22|gg
