|j|☆PrincessGardevoir
|j|☆kebab.ixx
|t:|1759035983
|gametype|singles
|player|p1|PrincessGardevoir|yancy|1674
|player|p2|kebab.ixx|101|1687
|gen|9
|tier|[Gen 9] OU
|rated|
|rule|HP Percentage Mod: HP is shown in percentages
|rule|Endless Battle Clause: Forcing endless battles is banned
|rule|Species Clause: Limit one of each Pokémon
|rule|OHKO Clause: OHKO moves are banned
|rule|Evasion Items Clause: Evasion items are banned
|rule|Evasion Moves Clause: Evasion moves are banned
|rule|Evasion Abilities Clause: Evasion abilities are banned
|rule|Sleep Moves Clause: Sleep-inducing moves are banned
|clearpoke
|poke|p1|Pecharunt|
|poke|p1|Darkrai|
|poke|p1|Zapdos|
|poke|p1|Zamazenta-*|
|poke|p1|Gholdengo|
|poke|p1|Ceruledge, F|
|poke|p2|Kleavor, M|
|poke|p2|Iron Crown|
|poke|p2|Cinderace, F|
|poke|p2|Pecharunt|
|poke|p2|Dragonite, M|
|poke|p2|Garchomp, F|
|teampreview
|c|☆PrincessGardevoir|oh I recognize this team
|
|t:|1759035996
|teamsize|p1|6
|teamsize|p2|6
|start
|switch|p1a: The World|Gholdengo|100/100
|switch|p2a: Kleavor|Kleavor, M|100/100
|-item|p1a: The World|Air Balloon
|turn|1
|
|t:|1759036001
|move|p1a: The World|Make It Rain|p2a: Kleavor
|-supereffective|p2a: Kleavor
|-enditem|p2a: Kleavor|Focus Sash
|-damage|p2a: Kleavor|1/100
|-unboost|p1a: The World|spa|1
|move|p2a: Kleavor|Night Slash|p1a: The World
|-supereffective|p1a: The World
|-damage|p1a: The World|14/100
|-enditem|p1a: The World|Air Balloon
|
|upkeep
|turn|2
|
|t:|1759036008
|switch|p2a: Cinderace|Cinderace, F|100/100
|move|p1a: The World|Shadow Ball|p2a: Cinderace
|-damage|p2a: Cinderace|58/100
|
|upkeep
|turn|3
|
|t:|1759036019
|switch|p1a: Justice|Pecharunt|100/100
|move|p2a: Cinderace|Gunk Shot|p1a: Justice
|-resisted|p1a: Justice
|-crit|p1a: Justice
|-damage|p1a: Justice|90/100
|
|upkeep
|turn|4
|
|t:|1759036025
|switch|p2a: Iron Crown|Iron Crown|100/100
|move|p1a: Justice|Hex|p2a: Iron Crown
|-supereffective|p2a: Iron Crown
|-damage|p2a: Iron Crown|44/100
|
|upkeep
|turn|5
|
|t:|1759036029
|switch|p1a: The World|Gholdengo|14/100
|move|p2a: Iron Crown|Volt Switch|p1a: The World
|-damage|p1a: The World|0 fnt
|faint|p1a: The World
|
|t:|1759036032
|-end|p2a: Iron Crown|Quark Drive|[silent]
|switch|p2a: Kleavor|Kleavor, M|1/100|[from] Volt Switch
|
|upkeep
|
|t:|1759036046
|switch|p1a: Death|Darkrai, shiny|100/100
|turn|6
|
|t:|1759036050
|move|p1a: Death|Dark Pulse|p2a: Kleavor
|-damage|p2a: Kleavor|0 fnt
|faint|p2a: Kleavor
|
|upkeep
|
|t:|1759036081
|switch|p2a: Iron Crown|Iron Crown|44/100
|turn|7
|
|t:|1759036085
|move|p2a: Iron Crown|Focus Blast|p1a: Death
|-supereffective|p1a: Death
|-damage|p1a: Death|0 fnt
|faint|p1a: Death
|
|upkeep
|c|☆PrincessGardevoir|oh that's why
|
|t:|1759036098
|switch|p1a: The Empress|Ceruledge, F|100/100
|turn|8
|
|t:|1759036102
|-end|p2a: Iron Crown|Quark Drive|[silent]
|switch|p2a: Garchomp|Garchomp, F|100/100
|move|p1a: The Empress|Bulk Up|p1a: The Empress
|-boost|p1a: The Empress|atk|1
|-boost|p1a: The Empress|def|1
|
|upkeep
|turn|9
|
|t:|1759036109
|-terastallize|p1a: The Empress|Bug
|move|p2a: Garchomp|Swords Dance|p2a: Garchomp
|-boost|p2a: Garchomp|atk|2
|move|p1a: The Empress|Bulk Up|p1a: The Empress
|-boost|p1a: The Empress|atk|1
|-boost|p1a: The Empress|def|1
|
|upkeep
|turn|10
|
|t:|1759036113
|move|p2a: Garchomp|Swords Dance|p2a: Garchomp
|-boost|p2a: Garchomp|atk|2
|move|p1a: The Empress|Poltergeist|p2a: Garchomp
|-activate|p2a: Garchomp|move: Poltergeist|Loaded Dice
|-damage|p2a: Garchomp|0 fnt
|faint|p2a: Garchomp
|
|upkeep
|
|t:|1759036118
|switch|p2a: Pecharunt|Pecharunt|100/100
|-item|p2a: Pecharunt|Air Balloon
|turn|11
|
|t:|1759036127
|move|p2a: Pecharunt|Malignant Chain|p1a: The Empress
|-damage|p1a: The Empress|63/100
|move|p1a: The Empress|Bitter Blade|p2a: Pecharunt
|-damage|p2a: Pecharunt|25/100
|-heal|p1a: The Empress|97/100|[from] drain|[of] p2a: Pecharunt
|-enditem|p2a: Pecharunt|Air Balloon
|
|upkeep
|turn|12
|
|t:|1759036130
|move|p1a: The Empress|Shadow Sneak|p2a: Pecharunt
|-supereffective|p2a: Pecharunt
|-damage|p2a: Pecharunt|0 fnt
|faint|p2a: Pecharunt
|
|upkeep
|
|t:|1759036136
|switch|p2a: Dragonite|Dragonite, M|100/100
|turn|13
|
|t:|1759036139
|move|p2a: Dragonite|Dragon Dance|p2a: Dragonite
|-boost|p2a: Dragonite|atk|1
|-boost|p2a: Dragonite|spe|1
|move|p1a: The Empress|Bitter Blade|p2a: Dragonite
|-resisted|p2a: Dragonite
|-damage|p2a: Dragonite|75/100
|-heal|p1a: The Empress|100/100|[from] drain|[of] p2a: Dragonite
|
|upkeep
|turn|14
|
|t:|1759036145
|-terastallize|p2a: Dragonite|Normal
|move|p2a: Dragonite|Dragon Dance|p2a: Dragonite
|-boost|p2a: Dragonite|atk|1
|-boost|p2a: Dragonite|spe|1
|move|p1a: The Empress|Poltergeist|p2a: Dragonite
|-immune|p2a: Dragonite
|
|upkeep
|turn|15
|
|t:|1759036148
|move|p2a: Dragonite|Extreme Speed|p1a: The Empress
|-damage|p1a: The Empress|49/100
|move|p1a: The Empress|Bitter Blade|p2a: Dragonite
|-damage|p2a: Dragonite|0 fnt
|-heal|p1a: The Empress|84/100|[from] drain|[of] p2a: Dragonite
|faint|p2a: Dragonite
|
|upkeep
|-message|kebab.ixx forfeited.
|
|win|PrincessGardevoir
|raw|PrincessGardevoir's rating: 1674 &rarr; <strong>1695</strong><br />(+21 for winning)
|raw|kebab.ixx's rating: 1687 &rarr; <strong>1666</strong><br />(-21 for losing)
|l|☆kebab.ixx
|player|p2|
|l|☆PrincessGardevoir
|player|p1|
