|j|☆formigols
|j|☆Achamo5
|t:|1759072694
|gametype|singles
|player|p1|formigols|101|1360
|player|p2|Achamo5|giovanni-masters|1408
|gen|9
|tier|[Gen 9] OU
|rated|
|rule|HP Percentage Mod: HP is shown in percentages
|rule|Endless Battle Clause: Forcing endless battles is banned
|rule|Species Clause: Limit one of each Pokémon
|rule|OHKO Clause: OHKO moves are banned
|rule|Evasion Items Clause: Evasion items are banned
|rule|Evasion Moves Clause: Evasion moves are banned
|rule|Evasion Abilities Clause: Evasion abilities are banned
|rule|Sleep Moves Clause: Sleep-inducing moves are banned
|clearpoke
|poke|p1|Basculegion, M|
|poke|p1|Pelipper, M|
|poke|p1|Iron Treads|
|poke|p1|Dragapult, M|
|poke|p1|Overqwil, M|
|poke|p1|Iron Valiant|
|poke|p2|Chansey, F|
|poke|p2|Cinderace, M|
|poke|p2|Dragapult, F|
|poke|p2|Corviknight, M|
|poke|p2|Primarina, M|
|poke|p2|Ursaluna, F|
|teampreview
|inactive|Battle timer is ON: inactive players will automatically lose when time's up. (requested by formigols)
|
|t:|1759072711
|teamsize|p1|6
|teamsize|p2|6
|start
|switch|p1a: Messenger|Pelipper, M, shiny|100/100
|switch|p2a: Ru Paul|Primarina, M, shiny|100/100
|-weather|RainDance|[from] ability: Drizzle|[of] p1a: Messenger
|turn|1
|
|t:|1759072728
|move|p1a: Messenger|U-turn|p2a: Ru Paul
|-resisted|p2a: Ru Paul
|-damage|p2a: Ru Paul|95/100
|
|t:|1759072736
|switch|p1a: Rage|Iron Treads, shiny|100/100|[from] U-turn
|-enditem|p1a: Rage|Booster Energy
|-activate|p1a: Rage|ability: Quark Drive|[fromitem]
|-start|p1a: Rage|quarkdrivespe
|move|p2a: Ru Paul|Moonblast|p1a: Rage
|-resisted|p1a: Rage
|-damage|p1a: Rage|61/100
|-unboost|p1a: Rage|spa|1
|
|-weather|RainDance|[upkeep]
|-heal|p2a: Ru Paul|100/100|[from] item: Leftovers
|upkeep
|turn|2
|
|t:|1759072739
|move|p1a: Rage|Stealth Rock|p2a: Ru Paul
|-sidestart|p2: Achamo5|move: Stealth Rock
|move|p2a: Ru Paul|Psychic Noise|p1a: Rage
|-supereffective|p1a: Rage
|-damage|p1a: Rage|0 fnt
|faint|p1a: Rage
|-end|p1a: Rage|Quark Drive|[silent]
|
|-weather|RainDance|[upkeep]
|upkeep
|
|t:|1759072744
|switch|p1a: Predator|Overqwil, M, shiny|100/100
|turn|3
|
|t:|1759072750
|switch|p2a: Hoe u trippin?|Corviknight, M, shiny|100/100
|-damage|p2a: Hoe u trippin?|88/100|[from] Stealth Rock
|-ability|p2a: Hoe u trippin?|Pressure
|move|p1a: Predator|Gunk Shot|p2a: Hoe u trippin?
|-immune|p2a: Hoe u trippin?
|
|-weather|RainDance|[upkeep]
|upkeep
|turn|4
|
|t:|1759072757
|move|p1a: Predator|Taunt|p2a: Hoe u trippin?
|-start|p2a: Hoe u trippin?|move: Taunt
|cant|p2a: Hoe u trippin?|move: Taunt|Defog
|
|-weather|RainDance|[upkeep]
|upkeep
|turn|5
|
|t:|1759072771
|switch|p1a: Jaws|Basculegion, M, shiny|100/100
|move|p2a: Hoe u trippin?|Body Press|p1a: Jaws
|-immune|p1a: Jaws
|
|-weather|RainDance|[upkeep]
|upkeep
|turn|6
|
|t:|1759072794
|switch|p2a: Green Eggs and Ham|Chansey, F, shiny|100/100
|-damage|p2a: Green Eggs and Ham|88/100|[from] Stealth Rock
|-terastallize|p1a: Jaws|Water
|move|p1a: Jaws|Wave Crash|p2a: Green Eggs and Ham
|-damage|p2a: Green Eggs and Ham|0 fnt
|faint|p2a: Green Eggs and Ham
|-damage|p1a: Jaws|52/100|[from] Recoil
|
|-weather|RainDance|[upkeep]
|upkeep
|
|t:|1759072808
|switch|p2a: Hoe u trippin?|Corviknight, M, shiny|88/100
|-damage|p2a: Hoe u trippin?|76/100|[from] Stealth Rock
|-ability|p2a: Hoe u trippin?|Pressure
|turn|7
|
|t:|1759072815
|move|p1a: Jaws|Wave Crash|p2a: Hoe u trippin?
|-damage|p2a: Hoe u trippin?|0 fnt
|-damage|p1a: Jaws|35/100|[from] item: Rocky Helmet|[of] p2a: Hoe u trippin?
|faint|p2a: Hoe u trippin?
|-damage|p1a: Jaws|11/100|[from] Recoil
|
|-weather|RainDance|[upkeep]
|upkeep
|inactive|Achamo5 has 120 seconds left.
|
|t:|1759072835
|switch|p2a: Freddie Kane|Cinderace, M|100/100
|turn|8
|
|t:|1759072841
|switch|p1a: Leviathan|Dragapult, M, shiny|100/100
|move|p2a: Freddie Kane|U-turn|p1a: Leviathan
|-start|p2a: Freddie Kane|typechange|Bug|[from] ability: Libero
|-resisted|p1a: Leviathan
|-damage|p1a: Leviathan|79/100
|
|t:|1759072847
|switch|p2a: Ru Paul|Primarina, M, shiny|100/100|[from] U-turn
|-damage|p2a: Ru Paul|88/100|[from] Stealth Rock
|
|-weather|none
|-heal|p2a: Ru Paul|94/100|[from] item: Leftovers
|upkeep
|turn|9
|
|t:|1759072855
|switch|p1a: Messenger|Pelipper, M, shiny|100/100
|-weather|RainDance|[from] ability: Drizzle|[of] p1a: Messenger
|move|p2a: Ru Paul|Moonblast|p1a: Messenger
|-damage|p1a: Messenger|12/100
|
|-weather|RainDance|[upkeep]
|-heal|p2a: Ru Paul|100/100|[from] item: Leftovers
|upkeep
|turn|10
|
|t:|1759072867
|move|p1a: Messenger|Hurricane|p2a: Ru Paul
|-damage|p2a: Ru Paul|56/100
|move|p2a: Ru Paul|Moonblast|p1a: Messenger
|-damage|p1a: Messenger|0 fnt
|faint|p1a: Messenger
|
|-weather|RainDance|[upkeep]
|-heal|p2a: Ru Paul|62/100|[from] item: Leftovers
|upkeep
|
|t:|1759072876
|switch|p1a: Predator|Overqwil, M, shiny|100/100
|turn|11
|
|t:|1759072881
|switch|p2a: WUSYANAME|Ursaluna, F, shiny|100/100
|-damage|p2a: WUSYANAME|94/100|[from] Stealth Rock
|move|p1a: Predator|Gunk Shot|p2a: WUSYANAME
|-resisted|p2a: WUSYANAME
|-damage|p2a: WUSYANAME|68/100
|-status|p2a: WUSYANAME|psn
|-damage|p1a: Predator|91/100|[from] item: Life Orb
|
|-weather|RainDance|[upkeep]
|-heal|p2a: WUSYANAME|74/100 psn|[from] item: Leftovers
|-damage|p2a: WUSYANAME|61/100 psn|[from] psn
|upkeep
|turn|12
|
|t:|1759072885
|move|p1a: Predator|Liquidation|p2a: WUSYANAME
|-supereffective|p2a: WUSYANAME
|-damage|p2a: WUSYANAME|0 fnt
|faint|p2a: WUSYANAME
|-damage|p1a: Predator|81/100|[from] item: Life Orb
|
|-weather|RainDance|[upkeep]
|upkeep
|
|t:|1759072896
|switch|p2a: Ru Paul|Primarina, M, shiny|62/100
|-damage|p2a: Ru Paul|49/100|[from] Stealth Rock
|turn|13
|
|t:|1759072905
|-terastallize|p2a: Ru Paul|Poison
|move|p1a: Predator|Liquidation|p2a: Ru Paul
|-damage|p2a: Ru Paul|0 fnt
|faint|p2a: Ru Paul
|-damage|p1a: Predator|71/100|[from] item: Life Orb
|
|-weather|RainDance|[upkeep]
|upkeep
|-message|Achamo5 forfeited.
|
|win|formigols
|raw|formigols's rating: 1360 &rarr; <strong>1383</strong><br />(+23 for winning)
|raw|Achamo5's rating: 1408 &rarr; <strong>1385</strong><br />(-23 for losing)
|l|☆Achamo5
|player|p2|
