|j|☆fujizen
|j|☆disciple of blahaj
|t:|1759016161
|gametype|singles
|player|p1|fujizen|170|1207
|player|p2|disciple of blahaj|mina-lgpe|1223
|gen|9
|tier|[Gen 9] OU
|rated|
|rule|HP Percentage Mod: HP is shown in percentages
|rule|Endless Battle Clause: Forcing endless battles is banned
|rule|Species Clause: Limit one of each Pokémon
|rule|OHKO Clause: OHKO moves are banned
|rule|Evasion Items Clause: Evasion items are banned
|rule|Evasion Moves Clause: Evasion moves are banned
|rule|Evasion Abilities Clause: Evasion abilities are banned
|rule|Sleep Moves Clause: Sleep-inducing moves are banned
|clearpoke
|poke|p1|Heatran, F|
|poke|p1|Ting-Lu|
|poke|p1|Gliscor, F|
|poke|p1|Great Tusk|
|poke|p1|Dondozo, M|
|poke|p1|Greninja-*, M|
|poke|p2|Pelipper, F|
|poke|p2|Quaquaval, M|
|poke|p2|Iron Treads|
|poke|p2|Ogerpon-Wellspring, F|
|poke|p2|Zapdos|
|poke|p2|Gholdengo|
|teampreview
|inactive|Battle timer is ON: inactive players will automatically lose when time's up. (requested by fujizen)
|
|t:|1759016172
|teamsize|p1|6
|teamsize|p2|6
|start
|switch|p1a: Heatran|Heatran, F|100/100
|switch|p2a: Pelipper|Pelipper, F|100/100
|-weather|RainDance|[from] ability: Drizzle|[of] p2a: Pelipper
|-item|p1a: Heatran|Air Balloon
|turn|1
|
|t:|1759016178
|-terastallize|p1a: Heatran|Grass
|move|p2a: Pelipper|Weather Ball|p1a: Heatran
|-resisted|p1a: Heatran
|-damage|p1a: Heatran|75/100
|-enditem|p1a: Heatran|Air Balloon
|move|p1a: Heatran|Dragon Pulse|p2a: Pelipper
|-damage|p2a: Pelipper|42/100
|
|-weather|RainDance|[upkeep]
|upkeep
|turn|2
|
|t:|1759016188
|move|p2a: Pelipper|Hurricane|p1a: Heatran
|-supereffective|p1a: Heatran
|-damage|p1a: Heatran|3/100
|move|p1a: Heatran|Dragon Pulse|p2a: Pelipper
|-damage|p2a: Pelipper|0 fnt
|faint|p2a: Pelipper
|
|-weather|RainDance|[upkeep]
|upkeep
|
|t:|1759016194
|switch|p2a: Quaquaval|Quaquaval, M|100/100
|turn|3
|
|t:|1759016197
|switch|p1a: Dondozo|Dondozo, M, shiny|100/100
|move|p2a: Quaquaval|Flip Turn|p1a: Dondozo
|-resisted|p1a: Dondozo
|-damage|p1a: Dondozo|84/100
|
|t:|1759016201
|switch|p2a: Zapdos|Zapdos|100/100|[from] Flip Turn
|
|-weather|RainDance|[upkeep]
|-heal|p1a: Dondozo|90/100|[from] item: Leftovers
|upkeep
|turn|4
|
|t:|1759016208
|switch|p1a: Great Tusk|Great Tusk|100/100
|move|p2a: Zapdos|Weather Ball|p1a: Great Tusk
|-supereffective|p1a: Great Tusk
|-damage|p1a: Great Tusk|0 fnt
|faint|p1a: Great Tusk
|-end|p1a: Great Tusk|Protosynthesis|[silent]
|
|-weather|RainDance|[upkeep]
|upkeep
|
|t:|1759016213
|switch|p1a: Greninja|Greninja, M|100/100
|turn|5
|
|t:|1759016224
|switch|p2a: Gholdengo|Gholdengo|100/100
|move|p1a: Greninja|Ice Beam|p2a: Gholdengo
|-resisted|p2a: Gholdengo
|-damage|p2a: Gholdengo|85/100
|
|-weather|RainDance|[upkeep]
|upkeep
|turn|6
|
|t:|1759016232
|move|p2a: Gholdengo|Thunderbolt|p1a: Greninja
|-supereffective|p1a: Greninja
|-damage|p1a: Greninja|0 fnt
|faint|p1a: Greninja
|
|-weather|RainDance|[upkeep]
|upkeep
|
|t:|1759016237
|switch|p1a: Gliscor|Gliscor, F|100/100
|turn|7
|
|t:|1759016242
|switch|p2a: Zapdos|Zapdos|100/100
|move|p1a: Gliscor|Earthquake|p2a: Zapdos
|-immune|p2a: Zapdos
|
|-weather|RainDance|[upkeep]
|-status|p1a: Gliscor|tox|[from] item: Toxic Orb
|upkeep
|turn|8
|
|t:|1759016247
|move|p1a: Gliscor|Ice Fang|p2a: Zapdos
|-supereffective|p2a: Zapdos
|-damage|p2a: Zapdos|73/100
|move|p2a: Zapdos|Weather Ball|p1a: Gliscor
|-supereffective|p1a: Gliscor
|-damage|p1a: Gliscor|0 fnt
|faint|p1a: Gliscor
|
|-weather|none
|upkeep
|
|t:|1759016253
|switch|p1a: Ting-Lu|Ting-Lu|100/100
|-ability|p1a: Ting-Lu|Vessel of Ruin
|turn|9
|
|t:|1759016266
|switch|p2a: Iron Treads|Iron Treads|100/100
|move|p1a: Ting-Lu|Stealth Rock|p2a: Iron Treads
|-sidestart|p2: disciple of blahaj|move: Stealth Rock
|
|upkeep
|turn|10
|
|t:|1759016272
|move|p2a: Iron Treads|Rapid Spin|p1a: Ting-Lu
|-damage|p1a: Ting-Lu|96/100
|-boost|p2a: Iron Treads|spe|1
|-sideend|p2: disciple of blahaj|Stealth Rock|[from] move: Rapid Spin|[of] p2a: Iron Treads
|move|p1a: Ting-Lu|Earthquake|p2a: Iron Treads
|-supereffective|p2a: Iron Treads
|-damage|p2a: Iron Treads|36/100
|
|-heal|p1a: Ting-Lu|100/100|[from] item: Leftovers
|upkeep
|turn|11
|
|t:|1759016276
|move|p2a: Iron Treads|Stealth Rock|p1a: Ting-Lu
|-sidestart|p1: fujizen|move: Stealth Rock
|move|p1a: Ting-Lu|Stealth Rock|p2a: Iron Treads
|-sidestart|p2: disciple of blahaj|move: Stealth Rock
|
|upkeep
|turn|12
|
|t:|1759016281
|move|p2a: Iron Treads|Rapid Spin|p1a: Ting-Lu
|-damage|p1a: Ting-Lu|96/100
|-boost|p2a: Iron Treads|spe|1
|-sideend|p2: disciple of blahaj|Stealth Rock|[from] move: Rapid Spin|[of] p2a: Iron Treads
|move|p1a: Ting-Lu|Earthquake|p2a: Iron Treads
|-supereffective|p2a: Iron Treads
|-damage|p2a: Iron Treads|0 fnt
|faint|p2a: Iron Treads
|-end|p2a: Iron Treads|Quark Drive|[silent]
|
|-heal|p1a: Ting-Lu|100/100|[from] item: Leftovers
|upkeep
|
|t:|1759016289
|switch|p2a: Quaquaval|Quaquaval, M|100/100
|turn|13
|
|t:|1759016293
|switch|p1a: Dondozo|Dondozo, M, shiny|90/100
|-damage|p1a: Dondozo|77/100|[from] Stealth Rock
|-terastallize|p2a: Quaquaval|Water
|move|p2a: Quaquaval|Aqua Step|p1a: Dondozo
|-resisted|p1a: Dondozo
|-damage|p1a: Dondozo|57/100
|-boost|p2a: Quaquaval|spe|1
|
|-heal|p1a: Dondozo|63/100|[from] item: Leftovers
|upkeep
|turn|14
|
|t:|1759016300
|switch|p2a: Zapdos|Zapdos|73/100
|move|p1a: Dondozo|Body Press|p2a: Zapdos
|-resisted|p2a: Zapdos
|-damage|p2a: Zapdos|63/100
|
|-heal|p1a: Dondozo|70/100|[from] item: Leftovers
|upkeep
|turn|15
|
|t:|1759016308
|switch|p1a: Heatran|Heatran, F, tera:Grass|3/100
|-damage|p1a: Heatran|0 fnt|[from] Stealth Rock
|faint|p1a: Heatran
|move|p2a: Zapdos|Volt Switch|p1: Heatran|[notarget]
|-fail|p2a: Zapdos
|
|upkeep
|
|t:|1759016311
|switch|p1a: Ting-Lu|Ting-Lu|100/100
|-damage|p1a: Ting-Lu|94/100|[from] Stealth Rock
|-ability|p1a: Ting-Lu|Vessel of Ruin
|turn|16
|-message|fujizen forfeited.
|
|win|disciple of blahaj
|raw|fujizen's rating: 1207 &rarr; <strong>1183</strong><br />(-24 for losing)
|raw|disciple of blahaj's rating: 1223 &rarr; <strong>1247</strong><br />(+24 for winning)
|l|☆fujizen
|player|p1|
