|j|☆sowola
|j|☆KevinHaHa
|t:|1758972885
|gametype|singles
|player|p1|sowola|169|1256
|player|p2|KevinHaHa|lucas|1283
|gen|9
|tier|[Gen 9] OU
|rated|
|rule|HP Percentage Mod: HP is shown in percentages
|rule|Endless Battle Clause: Forcing endless battles is banned
|rule|Species Clause: Limit one of each Pokémon
|rule|OHKO Clause: OHKO moves are banned
|rule|Evasion Items Clause: Evasion items are banned
|rule|Evasion Moves Clause: Evasion moves are banned
|rule|Evasion Abilities Clause: Evasion abilities are banned
|rule|Sleep Moves Clause: Sleep-inducing moves are banned
|clearpoke
|poke|p1|Moltres-Galar|
|poke|p1|Skeledirge, M|
|poke|p1|Glimmora, F|
|poke|p1|Ursaring, F|
|poke|p1|Zamazenta-*|
|poke|p1|Ogerpon-Wellspring, F|
|poke|p2|Ninetales-Alola, F|
|poke|p2|Araquanid, M|
|poke|p2|Pecharunt|
|poke|p2|Gholdengo|
|poke|p2|Garchomp, M|
|poke|p2|Latias, F|
|teampreview
|inactive|Battle timer is ON: inactive players will automatically lose when time's up. (requested by sowola)
|
|t:|1758972903
|teamsize|p1|6
|teamsize|p2|6
|start
|switch|p1a: Moltres|Moltres-Galar, shiny|100/100
|switch|p2a: Garchomp|Garchomp, M, shiny|100/100
|turn|1
|
|t:|1758972914
|move|p2a: Garchomp|Stealth Rock|p1a: Moltres
|-sidestart|p1: sowola|move: Stealth Rock
|move|p1a: Moltres|Nasty Plot|p1a: Moltres
|-boost|p1a: Moltres|spa|2
|
|upkeep
|turn|2
|
|t:|1758972919
|move|p1a: Moltres|Fiery Wrath|p2a: Garchomp
|-damage|p2a: Garchomp|52/100
|move|p2a: Garchomp|Dragon Tail|p1a: Moltres
|-damage|p1a: Moltres|82/100
|drag|p1a: Zamazenta|Zamazenta, shiny|100/100
|-damage|p1a: Zamazenta|94/100|[from] Stealth Rock
|-ability|p1a: Zamazenta|Dauntless Shield|boost
|-boost|p1a: Zamazenta|def|1
|
|-heal|p1a: Zamazenta|100/100|[from] item: Leftovers
|upkeep
|turn|3
|
|t:|1758972929
|move|p1a: Zamazenta|Iron Defense|p1a: Zamazenta
|-boost|p1a: Zamazenta|def|2
|move|p2a: Garchomp|Spikes|p1a: Zamazenta
|-sidestart|p1: sowola|Spikes
|
|upkeep
|turn|4
|
|t:|1758972934
|move|p1a: Zamazenta|Body Press|p2a: Garchomp
|-damage|p2a: Garchomp|2/100
|-damage|p1a: Zamazenta|88/100|[from] ability: Rough Skin|[of] p2a: Garchomp
|-damage|p1a: Zamazenta|72/100|[from] item: Rocky Helmet|[of] p2a: Garchomp
|move|p2a: Garchomp|Dragon Tail|p1a: Zamazenta
|-damage|p1a: Zamazenta|63/100
|drag|p1a: Ursaring|Ursaring, F, shiny|100/100
|-damage|p1a: Ursaring|88/100|[from] Stealth Rock
|-damage|p1a: Ursaring|75/100|[from] Spikes
|
|upkeep
|turn|5
|
|t:|1758972946
|move|p2a: Garchomp|Earthquake|p1a: Ursaring
|-damage|p1a: Ursaring|48/100
|move|p1a: Ursaring|Earthquake|p2a: Garchomp
|-damage|p2a: Garchomp|0 fnt
|faint|p2a: Garchomp
|
|upkeep
|
|t:|1758972954
|switch|p2a: Araquanid|Araquanid, M, shiny|100/100
|turn|6
|
|t:|1758972958
|move|p1a: Ursaring|Body Slam|p2a: Araquanid
|-damage|p2a: Araquanid|64/100
|move|p2a: Araquanid|Sticky Web|p1a: Ursaring
|-sidestart|p1: sowola|move: Sticky Web
|
|upkeep
|turn|7
|
|t:|1758972963
|move|p1a: Ursaring|Body Slam|p2a: Araquanid
|-damage|p2a: Araquanid|23/100
|move|p2a: Araquanid|Surf|p1a: Ursaring
|-damage|p1a: Ursaring|17/100
|
|upkeep
|turn|8
|
|t:|1758972975
|switch|p2a: Pecharunt|Pecharunt|100/100
|move|p1a: Ursaring|Earthquake|p2a: Pecharunt
|-supereffective|p2a: Pecharunt
|-damage|p2a: Pecharunt|75/100
|
|upkeep
|turn|9
|
|t:|1758972982
|move|p2a: Pecharunt|Malignant Chain|p1a: Ursaring
|-damage|p1a: Ursaring|0 fnt
|faint|p1a: Ursaring
|
|upkeep
|
|t:|1758972986
|switch|p1a: Glimmora|Glimmora, F, shiny|100/100
|-damage|p1a: Glimmora|88/100|[from] Stealth Rock
|-damage|p1a: Glimmora|76/100|[from] Spikes
|-activate|p1a: Glimmora|move: Sticky Web
|-unboost|p1a: Glimmora|spe|1
|turn|10
|
|t:|1758972998
|move|p2a: Pecharunt|Parting Shot|p1a: Glimmora
|-unboost|p1a: Glimmora|atk|1
|-unboost|p1a: Glimmora|spa|1
|
|t:|1758973001
|switch|p2a: Gholdengo|Gholdengo, shiny|100/100|[from] Parting Shot
|-item|p2a: Gholdengo|Air Balloon
|move|p1a: Glimmora|Mortal Spin|p2a: Gholdengo
|-immune|p2a: Gholdengo
|
|-heal|p1a: Glimmora|82/100|[from] item: Black Sludge
|upkeep
|turn|11
|
|t:|1758973012
|switch|p1a: Moltres|Moltres-Galar, shiny|82/100
|-damage|p1a: Moltres|57/100|[from] Stealth Rock
|move|p2a: Gholdengo|Make It Rain|p1a: Moltres
|-damage|p1a: Moltres|20/100
|-unboost|p2a: Gholdengo|spa|1
|-ability|p1a: Moltres|Berserk|boost
|-boost|p1a: Moltres|spa|1
|
|-heal|p1a: Moltres|26/100|[from] item: Leftovers
|upkeep
|turn|12
|
|t:|1758973025
|switch|p2a: Ninetales|Ninetales-Alola, F, shiny|100/100
|-weather|Snowscape|[from] ability: Snow Warning|[of] p2a: Ninetales
|move|p1a: Moltres|Fiery Wrath|p2a: Ninetales
|-resisted|p2a: Ninetales
|-damage|p2a: Ninetales|77/100
|
|-weather|Snowscape|[upkeep]
|-heal|p1a: Moltres|32/100|[from] item: Leftovers
|upkeep
|turn|13
|
|t:|1758973033
|move|p2a: Ninetales|Aurora Veil|p2a: Ninetales
|-sidestart|p2: KevinHaHa|move: Aurora Veil
|move|p1a: Moltres|Pain Split|p2a: Ninetales
|-sethp|p2a: Ninetales|56/100|[from] move: Pain Split|[silent]
|-sethp|p1a: Moltres|51/100|[from] move: Pain Split
|
|-weather|Snowscape|[upkeep]
|-heal|p1a: Moltres|57/100|[from] item: Leftovers
|upkeep
|turn|14
|
|t:|1758973040
|move|p2a: Ninetales|Moonblast|p1a: Moltres
|-supereffective|p1a: Moltres
|-damage|p1a: Moltres|22/100
|-unboost|p1a: Moltres|spa|1
|-ability|p1a: Moltres|Berserk|boost
|-boost|p1a: Moltres|spa|1
|move|p1a: Moltres|Nasty Plot|p1a: Moltres
|-boost|p1a: Moltres|spa|2
|
|-weather|Snowscape|[upkeep]
|-heal|p1a: Moltres|29/100|[from] item: Leftovers
|upkeep
|turn|15
|
|t:|1758973050
|move|p2a: Ninetales|Moonblast|p1a: Moltres
|-supereffective|p1a: Moltres
|-damage|p1a: Moltres|0 fnt
|faint|p1a: Moltres
|
|-weather|Snowscape|[upkeep]
|upkeep
|
|t:|1758973058
|switch|p1a: Glimmora|Glimmora, F, shiny|82/100
|-damage|p1a: Glimmora|69/100|[from] Stealth Rock
|-damage|p1a: Glimmora|57/100|[from] Spikes
|-activate|p1a: Glimmora|move: Sticky Web
|-unboost|p1a: Glimmora|spe|1
|turn|16
|
|t:|1758973065
|switch|p2a: Gholdengo|Gholdengo, shiny|100/100
|-item|p2a: Gholdengo|Air Balloon
|move|p1a: Glimmora|Mortal Spin|p2a: Gholdengo
|-immune|p2a: Gholdengo
|
|-weather|none
|-heal|p1a: Glimmora|63/100|[from] item: Black Sludge
|upkeep
|turn|17
|-message|sowola forfeited.
|
|win|KevinHaHa
|raw|sowola's rating: 1256 &rarr; <strong>1233</strong><br />(-23 for losing)
|raw|KevinHaHa's rating: 1283 &rarr; <strong>1306</strong><br />(+23 for winning)
|l|☆sowola
|player|p1|
|l|☆KevinHaHa
|player|p2|
