|j|☆strikeyy
|j|☆DMVortex38
|t:|1759028690
|gametype|singles
|player|p1|strikeyy|dawn|
|player|p2|DMVortex38|psychicf-gen4|
|gen|9
|tier|[Gen 9] OU
|rule|HP Percentage Mod: HP is shown in percentages
|rule|Endless Battle Clause: Forcing endless battles is banned
|rule|Species Clause: Limit one of each Pokémon
|rule|OHKO Clause: OHKO moves are banned
|rule|Evasion Items Clause: Evasion items are banned
|rule|Evasion Moves Clause: Evasion moves are banned
|rule|Evasion Abilities Clause: Evasion abilities are banned
|rule|Sleep Moves Clause: Sleep-inducing moves are banned
|clearpoke
|poke|p1|Araquanid, M|
|poke|p1|Great Tusk|
|poke|p1|Ceruledge, F|
|poke|p1|Enamorus, F|
|poke|p1|Raging Bolt|
|poke|p1|Kingambit, M|
|poke|p2|Weavile, M|
|poke|p2|Great Tusk|
|poke|p2|Garganacl, M|
|poke|p2|Ogerpon-Wellspring, F|
|poke|p2|Gholdengo|
|poke|p2|Latios, M|
|teampreview
|inactive|Battle timer is ON: inactive players will automatically lose when time's up. (requested by strikeyy)
|inactive|DMVortex38 also wants the timer to be on.
|c|☆strikeyy|gl
|c|☆DMVortex38|u2
|inactive|DMVortex38 has 270 seconds left.
|inactive|DMVortex38 has 240 seconds left.
|inactive|strikeyy has 270 seconds left.
|
|t:|1759028766
|teamsize|p1|6
|teamsize|p2|6
|start
|switch|p1a: Enamorus|Enamorus, F|100/100
|switch|p2a: mmm shake|Garganacl, M|100/100
|turn|1
|
|t:|1759028782
|move|p1a: Enamorus|Earth Power|p2a: mmm shake
|-supereffective|p2a: mmm shake
|-damage|p2a: mmm shake|51/100
|move|p2a: mmm shake|Salt Cure|p1a: Enamorus
|-supereffective|p1a: Enamorus
|-damage|p1a: Enamorus|54/100
|-start|p1a: Enamorus|Salt Cure
|
|-heal|p2a: mmm shake|57/100|[from] item: Leftovers
|-damage|p1a: Enamorus|42/100|[from] Salt Cure
|upkeep
|turn|2
|
|t:|1759028799
|switch|p1a: Araquanid|Araquanid, M|100/100
|switch|p2a: wet leaf|Ogerpon-Wellspring, F|100/100
|
|upkeep
|turn|3
|
|t:|1759028809
|move|p2a: wet leaf|Horn Leech|p1a: Araquanid
|-damage|p1a: Araquanid|56/100
|move|p1a: Araquanid|Sticky Web|p2a: wet leaf
|-sidestart|p2: DMVortex38|move: Sticky Web
|
|upkeep
|turn|4
|
|t:|1759028831
|move|p2a: wet leaf|U-turn|p1a: Araquanid
|-damage|p1a: Araquanid|25/100
|
|t:|1759028834
|switch|p2a: Cheesy cheese|Gholdengo|100/100|[from] U-turn
|-activate|p2a: Cheesy cheese|move: Sticky Web
|-unboost|p2a: Cheesy cheese|spe|1
|move|p1a: Araquanid|Endeavor|p2a: Cheesy cheese
|-immune|p2a: Cheesy cheese
|
|upkeep
|turn|5
|-enditem|p1a: Araquanid|Custap Berry|[eat]
|-activate|p1a: Araquanid|item: Custap Berry|[consumed]
|
|t:|1759028844
|move|p1a: Araquanid|Surf|p2a: Cheesy cheese
|-damage|p2a: Cheesy cheese|35/100
|move|p2a: Cheesy cheese|Shadow Ball|p1a: Araquanid
|-damage|p1a: Araquanid|0 fnt
|faint|p1a: Araquanid
|
|upkeep
|
|t:|1759028870
|switch|p1a: Ceruledge|Ceruledge, F|100/100
|turn|6
|
|t:|1759028878
|switch|p2a: honk honk|Great Tusk|100/100
|-activate|p2a: honk honk|move: Sticky Web
|-unboost|p2a: honk honk|spe|1
|move|p1a: Ceruledge|Swords Dance|p1a: Ceruledge
|-boost|p1a: Ceruledge|atk|2
|
|upkeep
|turn|7
|
|t:|1759028898
|move|p1a: Ceruledge|Bitter Blade|p2a: honk honk
|-damage|p2a: honk honk|46/100
|-damage|p1a: Ceruledge|84/100|[from] item: Rocky Helmet|[of] p2a: honk honk
|move|p2a: honk honk|Headlong Rush|p1a: Ceruledge
|-supereffective|p1a: Ceruledge
|-damage|p1a: Ceruledge|0 fnt
|-unboost|p2a: honk honk|def|1
|-unboost|p2a: honk honk|spd|1
|faint|p1a: Ceruledge
|
|upkeep
|
|t:|1759028906
|switch|p1a: Enamorus|Enamorus, F|42/100
|turn|8
|
|t:|1759028932
|-end|p2a: honk honk|Protosynthesis|[silent]
|switch|p2a: Cheesy cheese|Gholdengo|35/100
|-activate|p2a: Cheesy cheese|move: Sticky Web
|-unboost|p2a: Cheesy cheese|spe|1
|move|p1a: Enamorus|Moonblast|p2a: Cheesy cheese
|-resisted|p2a: Cheesy cheese
|-damage|p2a: Cheesy cheese|1/100
|
|upkeep
|turn|9
|
|t:|1759028939
|move|p1a: Enamorus|Moonblast|p2a: Cheesy cheese
|-resisted|p2a: Cheesy cheese
|-damage|p2a: Cheesy cheese|0 fnt
|faint|p2a: Cheesy cheese
|
|upkeep
|
|t:|1759028944
|switch|p2a: wet leaf|Ogerpon-Wellspring, F|100/100
|-activate|p2a: wet leaf|move: Sticky Web
|-unboost|p2a: wet leaf|spe|1
|turn|10
|inactive|strikeyy has 270 seconds left.
|
|t:|1759028976
|switch|p1a: Raging Bolt|Raging Bolt|100/100
|move|p2a: wet leaf|Ivy Cudgel|p1a: Raging Bolt|[anim] Ivy Cudgel Water
|-resisted|p1a: Raging Bolt
|-damage|p1a: Raging Bolt|72/100
|
|-heal|p1a: Raging Bolt|78/100|[from] item: Leftovers
|upkeep
|turn|11
|inactive|strikeyy has 270 seconds left.
|
|t:|1759028997
|move|p1a: Raging Bolt|Dragon Pulse|p2a: wet leaf
|-damage|p2a: wet leaf|46/100
|move|p2a: wet leaf|Play Rough|p1a: Raging Bolt|[miss]
|-miss|p2a: wet leaf|p1a: Raging Bolt
|
|-heal|p1a: Raging Bolt|84/100|[from] item: Leftovers
|upkeep
|turn|12
|
|t:|1759029010
|move|p1a: Raging Bolt|Dragon Pulse|p2a: wet leaf
|-crit|p2a: wet leaf
|-damage|p2a: wet leaf|0 fnt
|faint|p2a: wet leaf
|
|-heal|p1a: Raging Bolt|90/100|[from] item: Leftovers
|upkeep
|
|t:|1759029014
|switch|p2a: SHAKE Yo|Latios, M|100/100
|turn|13
|inactive|strikeyy has 270 seconds left.
|
|t:|1759029033
|-end|p1a: Raging Bolt|Protosynthesis|[silent]
|switch|p1a: Kingambit|Kingambit, M|100/100
|-activate|p1a: Kingambit|ability: Supreme Overlord
|-start|p1a: Kingambit|fallen2|[silent]
|move|p2a: SHAKE Yo|Luster Purge|p1a: Kingambit
|-immune|p1a: Kingambit
|
|upkeep
|turn|14
|
|t:|1759029058
|switch|p2a: honk honk|Great Tusk|46/100
|-activate|p2a: honk honk|move: Sticky Web
|-unboost|p2a: honk honk|spe|1
|-terastallize|p1a: Kingambit|Ghost
|move|p1a: Kingambit|Kowtow Cleave|p2a: honk honk
|-resisted|p2a: honk honk
|-damage|p2a: honk honk|23/100
|-damage|p1a: Kingambit|84/100|[from] item: Rocky Helmet|[of] p2a: honk honk
|
|upkeep
|turn|15
|
|t:|1759029069
|move|p2a: honk honk|Headlong Rush|p1a: Kingambit
|-damage|p1a: Kingambit|43/100
|-unboost|p2a: honk honk|def|1
|-unboost|p2a: honk honk|spd|1
|move|p1a: Kingambit|Iron Head|p2a: honk honk
|-damage|p2a: honk honk|0 fnt
|-damage|p1a: Kingambit|26/100|[from] item: Rocky Helmet|[of] p2a: honk honk
|faint|p2a: honk honk
|-end|p2a: honk honk|Protosynthesis|[silent]
|
|upkeep
|
|t:|1759029082
|switch|p2a: THE GUY|Weavile, M|100/100
|-ability|p2a: THE GUY|Pressure
|turn|16
|
|t:|1759029105
|move|p1a: Kingambit|Sucker Punch|p2a: THE GUY
|-resisted|p2a: THE GUY
|-damage|p2a: THE GUY|52/100
|move|p2a: THE GUY|Knock Off|p1a: Kingambit
|-supereffective|p1a: Kingambit
|-damage|p1a: Kingambit|0 fnt
|-enditem|p1a: Kingambit|Black Glasses|[from] move: Knock Off|[of] p2a: THE GUY
|faint|p1a: Kingambit
|-end|p1a: Kingambit|fallen2|[silent]
|
|upkeep
|inactive|strikeyy has 240 seconds left.
|
|t:|1759029127
|switch|p1a: Enamorus|Enamorus, F|42/100
|turn|17
|
|t:|1759029130
|move|p2a: THE GUY|Ice Shard|p1a: Enamorus
|-supereffective|p1a: Enamorus
|-damage|p1a: Enamorus|0 fnt
|faint|p1a: Enamorus
|
|upkeep
|inactive|strikeyy has 240 seconds left.
|
|t:|1759029144
|switch|p1a: Raging Bolt|Raging Bolt|90/100
|turn|18
|
|t:|1759029159
|move|p2a: THE GUY|Swords Dance|p2a: THE GUY
|-boost|p2a: THE GUY|atk|2
|move|p1a: Raging Bolt|Dragon Pulse|p2a: THE GUY
|-damage|p2a: THE GUY|0 fnt
|faint|p2a: THE GUY
|
|-heal|p1a: Raging Bolt|96/100|[from] item: Leftovers
|upkeep
|
|t:|1759029164
|switch|p2a: SHAKE Yo|Latios, M|100/100
|turn|19
|
|t:|1759029171
|move|p2a: SHAKE Yo|Draco Meteor|p1a: Raging Bolt|[miss]
|-miss|p2a: SHAKE Yo|p1a: Raging Bolt
|move|p1a: Raging Bolt|Dragon Pulse|p2a: SHAKE Yo
|-supereffective|p2a: SHAKE Yo
|-damage|p2a: SHAKE Yo|0 fnt
|faint|p2a: SHAKE Yo
|
|-heal|p1a: Raging Bolt|100/100|[from] item: Leftovers
|upkeep
|
|t:|1759029180
|switch|p2a: mmm shake|Garganacl, M|57/100
|-activate|p2a: mmm shake|move: Sticky Web
|-unboost|p2a: mmm shake|spe|1
|turn|20
|
|t:|1759029190
|move|p1a: Raging Bolt|Dragon Pulse|p2a: mmm shake
|-damage|p2a: mmm shake|21/100
|move|p2a: mmm shake|Recover|p2a: mmm shake
|-heal|p2a: mmm shake|71/100
|
|-heal|p2a: mmm shake|77/100|[from] item: Leftovers
|upkeep
|turn|21
|inactive|strikeyy has 270 seconds left.
|
|t:|1759029198
|move|p1a: Raging Bolt|Calm Mind|p1a: Raging Bolt
|-boost|p1a: Raging Bolt|spa|1
|-boost|p1a: Raging Bolt|spd|1
|move|p2a: mmm shake|Salt Cure|p1a: Raging Bolt
|-damage|p1a: Raging Bolt|87/100
|-start|p1a: Raging Bolt|Salt Cure
|
|-heal|p1a: Raging Bolt|93/100|[from] item: Leftovers
|-heal|p2a: mmm shake|83/100|[from] item: Leftovers
|-damage|p1a: Raging Bolt|81/100|[from] Salt Cure
|upkeep
|turn|22
|
|t:|1759029206
|move|p1a: Raging Bolt|Calm Mind|p1a: Raging Bolt
|-boost|p1a: Raging Bolt|spa|1
|-boost|p1a: Raging Bolt|spd|1
|move|p2a: mmm shake|Salt Cure|p1a: Raging Bolt
|-crit|p1a: Raging Bolt
|-damage|p1a: Raging Bolt|60/100
|
|-heal|p1a: Raging Bolt|66/100|[from] item: Leftovers
|-heal|p2a: mmm shake|89/100|[from] item: Leftovers
|-damage|p1a: Raging Bolt|53/100|[from] Salt Cure
|upkeep
|turn|23
|
|t:|1759029212
|move|p1a: Raging Bolt|Dragon Pulse|p2a: mmm shake
|-damage|p2a: mmm shake|19/100
|move|p2a: mmm shake|Salt Cure|p1a: Raging Bolt
|-damage|p1a: Raging Bolt|41/100
|
|-heal|p1a: Raging Bolt|47/100|[from] item: Leftovers
|-heal|p2a: mmm shake|25/100|[from] item: Leftovers
|-damage|p1a: Raging Bolt|35/100|[from] Salt Cure
|upkeep
|turn|24
|
|t:|1759029215
|move|p2a: mmm shake|Protect|p2a: mmm shake
|-singleturn|p2a: mmm shake|Protect
|move|p1a: Raging Bolt|Dragon Pulse|p2a: mmm shake
|-activate|p2a: mmm shake|move: Protect
|
|-heal|p1a: Raging Bolt|41/100|[from] item: Leftovers
|-heal|p2a: mmm shake|32/100|[from] item: Leftovers
|-damage|p1a: Raging Bolt|29/100|[from] Salt Cure
|upkeep
|turn|25
|
|t:|1759029220
|move|p1a: Raging Bolt|Dragon Pulse|p2a: mmm shake
|-damage|p2a: mmm shake|0 fnt
|faint|p2a: mmm shake
|
|win|strikeyy
|c|☆strikeyy|ggwp
|c|☆DMVortex38|u2
