|badge|p1|bronze|gen9ou|100-6
|html|<div class="broadcast-red"><strong>This battle is required to be public due to one or more player having a season medal.</strong><br />During the public phase, you can discuss the state of the ladder <a href="/seasondiscussion">in a special chatroom.</a></div>
|uhtml|medal-msg|<div class="broadcast-blue">Curious what those medals under the avatar are? PS now has Ladder Seasons! For more information, check out the <a href="https://www.smogon.com/forums/threads/3740067/">thread on Smogon.</a></div>
|raw|<div class="broadcast-blue"><strong>This battle is required to be public due to a player having a name starting with 'medal'.</div>
|j|☆osiris seth
|j|☆bombobini gusini
|t:|1759022273
|gametype|singles
|player|p1|osiris seth|psychicf-gen4|1847
|player|p2|bombobini gusini|acetrainer-gen4|1857
|gen|9
|tier|[Gen 9] OU
|rated|
|rule|HP Percentage Mod: HP is shown in percentages
|rule|Endless Battle Clause: Forcing endless battles is banned
|rule|Species Clause: Limit one of each Pokémon
|rule|OHKO Clause: OHKO moves are banned
|rule|Evasion Items Clause: Evasion items are banned
|rule|Evasion Moves Clause: Evasion moves are banned
|rule|Evasion Abilities Clause: Evasion abilities are banned
|rule|Sleep Moves Clause: Sleep-inducing moves are banned
|clearpoke
|poke|p1|Amoonguss, M|
|poke|p1|Alomomola, M|
|poke|p1|Great Tusk|
|poke|p1|Cinderace, M|
|poke|p1|Darkrai|
|poke|p1|Enamorus, F|
|poke|p2|Kyurem|
|poke|p2|Heatran, F|
|poke|p2|Rillaboom, F|
|poke|p2|Zamazenta-*|
|poke|p2|Hatterene, F|
|poke|p2|Ting-Lu|
|teampreview
|inactive|Battle timer is ON: inactive players will automatically lose when time's up. (requested by bombobini gusini)
|c|☆bombobini gusini|glhf
|inactive|osiris seth has 120 seconds left.
|c|☆osiris seth|hf
|
|t:|1759022310
|teamsize|p1|6
|teamsize|p2|6
|start
|switch|p1a: Enamorus|Enamorus, F|100/100
|switch|p2a: Kyurem|Kyurem|100/100
|-ability|p2a: Kyurem|Pressure
|turn|1
|j| Crobii
|
|t:|1759022328
|switch|p1a: Cinderace|Cinderace, M|100/100
|move|p2a: Kyurem|Ice Beam|p1a: Cinderace
|-resisted|p1a: Cinderace
|-crit|p1a: Cinderace
|-damage|p1a: Cinderace|55/100
|
|upkeep
|turn|2
|
|t:|1759022334
|move|p2a: Kyurem|Ice Beam|p1a: Cinderace
|-resisted|p1a: Cinderace
|-damage|p1a: Cinderace|29/100
|move|p1a: Cinderace|U-turn|p2a: Kyurem
|-damage|p2a: Kyurem|84/100
|
|t:|1759022341
|switch|p1a: Alomomola|Alomomola, M|100/100|[from] U-turn
|
|upkeep
|turn|3
|
|t:|1759022344
|switch|p2a: Rillaboom|Rillaboom, F|100/100
|-fieldstart|move: Grassy Terrain|[from] ability: Grassy Surge|[of] p2a: Rillaboom
|move|p1a: Alomomola|Flip Turn|p2a: Rillaboom
|-resisted|p2a: Rillaboom
|-damage|p2a: Rillaboom|92/100
|
|t:|1759022350
|switch|p1a: Enamorus|Enamorus, F|100/100|[from] Flip Turn
|
|-heal|p2a: Rillaboom|98/100|[from] Grassy Terrain
|upkeep
|turn|4
|
|t:|1759022366
|move|p1a: Enamorus|Moonblast|p2a: Rillaboom
|-damage|p2a: Rillaboom|0 fnt
|faint|p2a: Rillaboom
|
|upkeep
|
|t:|1759022371
|switch|p2a: Heatran|Heatran, F|100/100
|-item|p2a: Heatran|Air Balloon
|turn|5
|
|t:|1759022382
|switch|p1a: Alomomola|Alomomola, M|100/100
|move|p2a: Heatran|Stealth Rock|p1a: Alomomola
|-sidestart|p1: osiris seth|move: Stealth Rock
|
|upkeep
|turn|6
|
|t:|1759022384
|move|p2a: Heatran|Will-O-Wisp|p1a: Alomomola
|-status|p1a: Alomomola|brn
|move|p1a: Alomomola|Flip Turn|p2a: Heatran
|-supereffective|p2a: Heatran
|-damage|p2a: Heatran|90/100
|-enditem|p2a: Heatran|Air Balloon
|
|t:|1759022392
|switch|p1a: Enamorus|Enamorus, F|100/100|[from] Flip Turn
|-damage|p1a: Enamorus|76/100|[from] Stealth Rock
|
|-heal|p2a: Heatran|97/100|[from] Grassy Terrain
|upkeep
|turn|7
|
|t:|1759022396
|switch|p2a: Hatterene|Hatterene, F|100/100
|-enditem|p2a: Hatterene|Grassy Seed
|-boost|p2a: Hatterene|def|1|[from] item: Grassy Seed
|move|p1a: Enamorus|Earth Power|p2a: Hatterene
|-damage|p2a: Hatterene|50/100
|
|-heal|p2a: Hatterene|56/100|[from] Grassy Terrain
|-fieldend|move: Grassy Terrain
|upkeep
|turn|8
|
|t:|1759022398
|move|p1a: Enamorus|Earth Power|p2a: Hatterene
|-damage|p2a: Hatterene|6/100
|move|p2a: Hatterene|Draining Kiss|p1a: Enamorus
|-damage|p1a: Enamorus|41/100
|-heal|p2a: Hatterene|30/100|[from] drain|[of] p1a: Enamorus
|
|upkeep
|turn|9
|
|t:|1759022402
|switch|p2a: Kyurem|Kyurem|84/100
|-ability|p2a: Kyurem|Pressure
|move|p1a: Enamorus|Earth Power|p2a: Kyurem
|-damage|p2a: Kyurem|36/100
|
|upkeep
|turn|10
|
|t:|1759022413
|switch|p1a: Darkrai|Darkrai|100/100
|-damage|p1a: Darkrai|88/100|[from] Stealth Rock
|move|p2a: Kyurem|Freeze-Dry|p1a: Darkrai
|-damage|p1a: Darkrai|35/100
|-status|p1a: Darkrai|frz
|
|upkeep
|turn|11
|
|t:|1759022415
|cant|p1a: Darkrai|frz
|move|p2a: Kyurem|Freeze-Dry|p1a: Darkrai
|-damage|p1a: Darkrai|0 fnt
|faint|p1a: Darkrai
|
|upkeep
|
|t:|1759022418
|switch|p1a: Alomomola|Alomomola, M|100/100 brn
|-damage|p1a: Alomomola|88/100 brn|[from] Stealth Rock
|turn|12
|
|t:|1759022429
|move|p2a: Kyurem|Freeze-Dry|p1a: Alomomola
|-supereffective|p1a: Alomomola
|-damage|p1a: Alomomola|52/100 brn
|move|p1a: Alomomola|Mirror Coat|p2a: Kyurem
|-damage|p2a: Kyurem|0 fnt
|faint|p2a: Kyurem
|
|-damage|p1a: Alomomola|46/100 brn|[from] brn
|upkeep
|
|t:|1759022431
|switch|p2a: Zamazenta|Zamazenta|100/100
|-ability|p2a: Zamazenta|Dauntless Shield|boost
|-boost|p2a: Zamazenta|def|1
|turn|13
|
|t:|1759022436
|switch|p2a: Heatran|Heatran, F|97/100
|move|p1a: Alomomola|Flip Turn|p2a: Heatran
|-supereffective|p2a: Heatran
|-damage|p2a: Heatran|86/100
|c|☆bombobini gusini|ggwp
|-message|bombobini gusini forfeited.
|
|win|osiris seth
|raw|osiris seth's rating: 1847 &rarr; <strong>1868</strong><br />(+21 for winning)
|raw|bombobini gusini's rating: 1857 &rarr; <strong>1836</strong><br />(-21 for losing)
|l|☆bombobini gusini
|player|p2|
|c|☆osiris seth|gg
|l| Crobii
