|j|☆sammersss
|j|☆Eeveegamer758
|t:|1758954782
|gametype|singles
|player|p1|sammersss|cynthia|1435
|player|p2|Eeveegamer758|2|1456
|gen|9
|tier|[Gen 9] OU
|rated|
|rule|HP Percentage Mod: HP is shown in percentages
|rule|Endless Battle Clause: Forcing endless battles is banned
|rule|Species Clause: Limit one of each Pokémon
|rule|OHKO Clause: OHKO moves are banned
|rule|Evasion Items Clause: Evasion items are banned
|rule|Evasion Moves Clause: Evasion moves are banned
|rule|Evasion Abilities Clause: Evasion abilities are banned
|rule|Sleep Moves Clause: Sleep-inducing moves are banned
|clearpoke
|poke|p1|Primarina, F|
|poke|p1|Skarmory, M|
|poke|p1|Rillaboom, M|
|poke|p1|Iron Moth|
|poke|p1|Ting-Lu|
|poke|p1|Hawlucha, M|
|poke|p2|Samurott-Hisui, M|
|poke|p2|Iron Valiant|
|poke|p2|Gholdengo|
|poke|p2|Kingambit, M|
|poke|p2|Great Tusk|
|poke|p2|Dragapult, F|
|teampreview
|inactive|Battle timer is ON: inactive players will automatically lose when time's up. (requested by sammersss)
|
|t:|1758954797
|teamsize|p1|6
|teamsize|p2|6
|start
|switch|p1a: Skarmory|Skarmory, M|100/100
|switch|p2a: Dragapult|Dragapult, F|100/100
|turn|1
|j| mustang Dijon
|
|t:|1758954805
|move|p2a: Dragapult|U-turn|p1a: Skarmory
|-resisted|p1a: Skarmory
|-damage|p1a: Skarmory|95/100
|-damage|p2a: Dragapult|84/100|[from] item: Rocky Helmet|[of] p1a: Skarmory
|
|t:|1758954814
|switch|p2a: Samurott|Samurott-Hisui, M|100/100|[from] U-turn
|move|p1a: Skarmory|Spikes|p2a: Samurott
|-sidestart|p2: Eeveegamer758|Spikes
|
|upkeep
|turn|2
|
|t:|1758954820
|move|p2a: Samurott|Ceaseless Edge|p1a: Skarmory
|-damage|p1a: Skarmory|66/100
|-sidestart|p1: sammersss|Spikes
|move|p1a: Skarmory|Body Press|p2a: Samurott
|-supereffective|p2a: Samurott
|-damage|p2a: Samurott|26/100
|
|upkeep
|turn|3
|
|t:|1758954829
|move|p2a: Samurott|Ceaseless Edge|p1a: Skarmory
|-damage|p1a: Skarmory|40/100
|-sidestart|p1: sammersss|Spikes
|move|p1a: Skarmory|Roost|p1a: Skarmory
|-heal|p1a: Skarmory|90/100
|-singleturn|p1a: Skarmory|move: Roost
|
|upkeep
|turn|4
|
|t:|1758954852
|switch|p2a: Gholdengo|Gholdengo|100/100
|-item|p2a: Gholdengo|Air Balloon
|move|p1a: Skarmory|Body Press|p2a: Gholdengo
|-immune|p2a: Gholdengo
|
|upkeep
|turn|5
|
|t:|1758954860
|switch|p1a: Primarina|Primarina, F|100/100
|-damage|p1a: Primarina|84/100|[from] Spikes
|move|p2a: Gholdengo|Shadow Ball|p1a: Primarina
|-damage|p1a: Primarina|55/100
|-unboost|p1a: Primarina|spd|1
|
|upkeep
|turn|6
|
|t:|1758954873
|move|p2a: Gholdengo|Shadow Ball|p1a: Primarina
|-crit|p1a: Primarina
|-damage|p1a: Primarina|0 fnt
|faint|p1a: Primarina
|
|upkeep
|c|☆Eeveegamer758|Mb
|c|☆sammersss|thats pokemon
|
|t:|1758954892
|switch|p1a: Iron Moth|Iron Moth|100/100
|-damage|p1a: Iron Moth|84/100|[from] Spikes
|-enditem|p1a: Iron Moth|Booster Energy
|-activate|p1a: Iron Moth|ability: Quark Drive|[fromitem]
|-start|p1a: Iron Moth|quarkdrivespe
|turn|7
|inactive|Eeveegamer758 has 120 seconds left.
|
|t:|1758954940
|switch|p2a: Iron Valiant|Iron Valiant|100/100
|-damage|p2a: Iron Valiant|88/100|[from] Spikes
|-enditem|p2a: Iron Valiant|Booster Energy
|-activate|p2a: Iron Valiant|ability: Quark Drive|[fromitem]
|-start|p2a: Iron Valiant|quarkdrivespe
|move|p1a: Iron Moth|Fiery Dance|p2a: Iron Valiant
|-damage|p2a: Iron Valiant|4/100
|-boost|p1a: Iron Moth|spa|1
|
|upkeep
|turn|8
|inactive|sammersss has 120 seconds left.
|
|t:|1758954972
|-terastallize|p1a: Iron Moth|Ground
|move|p2a: Iron Valiant|Close Combat|p1a: Iron Moth
|-damage|p1a: Iron Moth|10/100
|-unboost|p2a: Iron Valiant|def|1
|-unboost|p2a: Iron Valiant|spd|1
|move|p1a: Iron Moth|Fiery Dance|p2a: Iron Valiant
|-damage|p2a: Iron Valiant|0 fnt
|-boost|p1a: Iron Moth|spa|1
|faint|p2a: Iron Valiant
|-end|p2a: Iron Valiant|Quark Drive|[silent]
|
|upkeep
|inactive|Eeveegamer758 has 90 seconds left.
|
|t:|1758955000
|switch|p2a: Samurott|Samurott-Hisui, M|26/100
|-damage|p2a: Samurott|14/100|[from] Spikes
|turn|9
|
|t:|1758955006
|move|p2a: Samurott|Aqua Jet|p1a: Iron Moth
|-supereffective|p1a: Iron Moth
|-damage|p1a: Iron Moth|0 fnt
|faint|p1a: Iron Moth
|-end|p1a: Iron Moth|Quark Drive|[silent]
|
|upkeep
|
|t:|1758955019
|switch|p1a: Rillaboom|Rillaboom, M, shiny|100/100
|-damage|p1a: Rillaboom|84/100|[from] Spikes
|-fieldstart|move: Grassy Terrain|[from] ability: Grassy Surge|[of] p1a: Rillaboom
|turn|10
|
|t:|1758955029
|move|p1a: Rillaboom|U-turn|p2a: Samurott
|-supereffective|p2a: Samurott
|-damage|p2a: Samurott|0 fnt
|faint|p2a: Samurott
|inactive|sammersss has 120 seconds left.
|
|t:|1758955051
|switch|p1a: Ting-Lu|Ting-Lu|100/100|[from] U-turn
|-damage|p1a: Ting-Lu|84/100|[from] Spikes
|-ability|p1a: Ting-Lu|Vessel of Ruin
|
|-heal|p1a: Ting-Lu|90/100|[from] Grassy Terrain
|-heal|p1a: Ting-Lu|96/100|[from] item: Leftovers
|upkeep
|
|t:|1758955064
|switch|p2a: Great Tusk|Great Tusk|100/100
|turn|11
|
|t:|1758955075
|move|p2a: Great Tusk|Rapid Spin|p1a: Ting-Lu
|-damage|p1a: Ting-Lu|87/100
|-boost|p2a: Great Tusk|spe|1
|-sideend|p2: Eeveegamer758|Spikes|[from] move: Rapid Spin|[of] p2a: Great Tusk
|move|p1a: Ting-Lu|Ruination|p2a: Great Tusk
|-damage|p2a: Great Tusk|51/100
|
|-heal|p2a: Great Tusk|57/100|[from] Grassy Terrain
|-heal|p1a: Ting-Lu|93/100|[from] Grassy Terrain
|-heal|p1a: Ting-Lu|99/100|[from] item: Leftovers
|upkeep
|turn|12
|
|t:|1758955084
|switch|p1a: Skarmory|Skarmory, M|90/100
|move|p2a: Great Tusk|Stealth Rock|p1a: Skarmory
|-sidestart|p1: sammersss|move: Stealth Rock
|
|-heal|p2a: Great Tusk|63/100|[from] Grassy Terrain
|upkeep
|turn|13
|
|t:|1758955096
|-end|p2a: Great Tusk|Protosynthesis|[silent]
|switch|p2a: Gholdengo|Gholdengo|100/100
|-item|p2a: Gholdengo|Air Balloon
|switch|p1a: Rillaboom|Rillaboom, M, shiny|84/100
|-damage|p1a: Rillaboom|68/100|[from] Spikes
|-damage|p1a: Rillaboom|55/100|[from] Stealth Rock
|
|-heal|p1a: Rillaboom|61/100|[from] Grassy Terrain
|upkeep
|turn|14
|
|t:|1758955108
|move|p1a: Rillaboom|Knock Off|p2a: Gholdengo
|-supereffective|p2a: Gholdengo
|-damage|p2a: Gholdengo|11/100
|-enditem|p2a: Gholdengo|Air Balloon
|move|p2a: Gholdengo|Make It Rain|p1a: Rillaboom
|-damage|p1a: Rillaboom|0 fnt
|-unboost|p2a: Gholdengo|spa|1
|faint|p1a: Rillaboom
|
|-heal|p2a: Gholdengo|17/100|[from] Grassy Terrain
|-fieldend|move: Grassy Terrain
|upkeep
|-message|sammersss forfeited.
|
|win|Eeveegamer758
|raw|sammersss's rating: 1435 &rarr; <strong>1416</strong><br />(-19 for losing)
|raw|Eeveegamer758's rating: 1456 &rarr; <strong>1475</strong><br />(+19 for winning)
|l|☆sammersss
|player|p1|
|l|☆Eeveegamer758
|player|p2|
