|j|☆sowola
|j|☆pokefanfdj
|t:|1758972672
|gametype|singles
|player|p1|sowola|169|1232
|player|p2|pokefanfdj|169|1225
|gen|9
|tier|[Gen 9] OU
|rated|
|rule|HP Percentage Mod: HP is shown in percentages
|rule|Endless Battle Clause: Forcing endless battles is banned
|rule|Species Clause: Limit one of each Pokémon
|rule|OHKO Clause: OHKO moves are banned
|rule|Evasion Items Clause: Evasion items are banned
|rule|Evasion Moves Clause: Evasion moves are banned
|rule|Evasion Abilities Clause: Evasion abilities are banned
|rule|Sleep Moves Clause: Sleep-inducing moves are banned
|clearpoke
|poke|p1|Moltres-Galar|
|poke|p1|Skeledirge, M|
|poke|p1|Glimmora, F|
|poke|p1|Ursaring, M|
|poke|p1|Zamazenta-*|
|poke|p1|Ogerpon-Wellspring, F|
|poke|p2|Kleavor, F|
|poke|p2|Brambleghast, F|
|poke|p2|Moltres|
|poke|p2|Mamoswine, M|
|poke|p2|Kingambit, M|
|poke|p2|Blissey, F|
|teampreview
|inactive|Battle timer is ON: inactive players will automatically lose when time's up. (requested by sowola)
|
|t:|1758972681
|teamsize|p1|6
|teamsize|p2|6
|start
|switch|p1a: Ogerpon|Ogerpon-Wellspring, F|100/100
|switch|p2a: Kleavor|Kleavor, F|100/100
|turn|1
|
|t:|1758972687
|move|p2a: Kleavor|Tailwind|p2a: Kleavor
|-sidestart|p2: pokefanfdj|move: Tailwind
|move|p1a: Ogerpon|Ivy Cudgel|p2a: Kleavor|[anim] Ivy Cudgel Water
|-supereffective|p2a: Kleavor
|-enditem|p2a: Kleavor|Focus Sash
|-damage|p2a: Kleavor|1/100
|
|upkeep
|turn|2
|
|t:|1758972695
|move|p2a: Kleavor|Stone Axe|p1a: Ogerpon
|-damage|p1a: Ogerpon|54/100
|-sidestart|p1: sowola|move: Stealth Rock
|move|p1a: Ogerpon|Knock Off|p2a: Kleavor
|-damage|p2a: Kleavor|0 fnt
|faint|p2a: Kleavor
|
|upkeep
|
|t:|1758972698
|switch|p2a: Brambleghast|Brambleghast, F|100/100
|-ability|p2a: Brambleghast|Wind Rider|boost
|-boost|p2a: Brambleghast|atk|1
|turn|3
|
|t:|1758972704
|move|p2a: Brambleghast|Poltergeist|p1a: Ogerpon
|-activate|p1a: Ogerpon|move: Poltergeist|Wellspring Mask
|-damage|p1a: Ogerpon|0 fnt
|faint|p1a: Ogerpon
|-damage|p2a: Brambleghast|91/100|[from] item: Life Orb
|
|upkeep
|
|t:|1758972711
|switch|p1a: Glimmora|Glimmora, F, shiny|100/100
|-damage|p1a: Glimmora|88/100|[from] Stealth Rock
|turn|4
|
|t:|1758972715
|move|p2a: Brambleghast|Power Whip|p1a: Glimmora|[miss]
|-miss|p2a: Brambleghast|p1a: Glimmora
|move|p1a: Glimmora|Sludge Bomb|p2a: Brambleghast
|-damage|p2a: Brambleghast|21/100
|
|-heal|p1a: Glimmora|94/100|[from] item: Black Sludge
|-sideend|p2: pokefanfdj|move: Tailwind
|upkeep
|turn|5
|
|t:|1758972723
|move|p1a: Glimmora|Spiky Shield|p1a: Glimmora
|-singleturn|p1a: Glimmora|move: Protect
|move|p2a: Brambleghast|Power Whip|p1a: Glimmora
|-activate|p1a: Glimmora|move: Protect
|-damage|p2a: Brambleghast|9/100|[from] Spiky Shield|[of] p1a: Glimmora
|
|-heal|p1a: Glimmora|100/100|[from] item: Black Sludge
|upkeep
|turn|6
|
|t:|1758972732
|move|p2a: Brambleghast|Power Whip|p1a: Glimmora
|-damage|p1a: Glimmora|0 fnt
|-activate|p1a: Glimmora|ability: Toxic Debris
|-sidestart|p2: pokefanfdj|move: Toxic Spikes
|faint|p1a: Glimmora
|-damage|p2a: Brambleghast|0 fnt|[from] item: Life Orb
|faint|p2a: Brambleghast
|
|upkeep
|
|t:|1758972747
|switch|p2a: Kingambit|Kingambit, M|100/100
|switch|p1a: Moltres|Moltres-Galar, shiny|100/100
|-activate|p2a: Kingambit|ability: Supreme Overlord
|-start|p2a: Kingambit|fallen2|[silent]
|-damage|p1a: Moltres|75/100|[from] Stealth Rock
|turn|7
|
|t:|1758972756
|switch|p1a: Zamazenta|Zamazenta, shiny|100/100
|-damage|p1a: Zamazenta|94/100|[from] Stealth Rock
|-ability|p1a: Zamazenta|Dauntless Shield|boost
|-boost|p1a: Zamazenta|def|1
|move|p2a: Kingambit|Kowtow Cleave|p1a: Zamazenta
|-resisted|p1a: Zamazenta
|-damage|p1a: Zamazenta|76/100
|
|-heal|p1a: Zamazenta|82/100|[from] item: Leftovers
|upkeep
|turn|8
|
|t:|1758972766
|-end|p2a: Kingambit|fallen2|[silent]
|switch|p2a: Moltres|Moltres|100/100
|move|p1a: Zamazenta|Iron Defense|p1a: Zamazenta
|-boost|p1a: Zamazenta|def|2
|
|-heal|p1a: Zamazenta|89/100|[from] item: Leftovers
|upkeep
|turn|9
|
|t:|1758972773
|move|p1a: Zamazenta|Wild Charge|p2a: Moltres
|-supereffective|p2a: Moltres
|-damage|p2a: Moltres|32/100
|-status|p1a: Zamazenta|brn|[from] ability: Flame Body|[of] p2a: Moltres
|-damage|p1a: Zamazenta|72/100 brn|[from] Recoil
|move|p2a: Moltres|Air Slash|p1a: Zamazenta
|-supereffective|p1a: Zamazenta
|-damage|p1a: Zamazenta|18/100 brn
|
|-heal|p1a: Zamazenta|24/100 brn|[from] item: Leftovers
|-damage|p1a: Zamazenta|18/100 brn|[from] brn
|upkeep
|turn|10
|
|t:|1758972784
|move|p1a: Zamazenta|Wild Charge|p2a: Moltres
|-supereffective|p2a: Moltres
|-damage|p2a: Moltres|0 fnt
|faint|p2a: Moltres
|-damage|p1a: Zamazenta|10/100 brn|[from] Recoil
|
|-heal|p1a: Zamazenta|16/100 brn|[from] item: Leftovers
|-damage|p1a: Zamazenta|10/100 brn|[from] brn
|upkeep
|
|t:|1758972787
|switch|p2a: Mamoswine|Mamoswine, M|100/100
|-status|p2a: Mamoswine|psn
|turn|11
|
|t:|1758972795
|move|p2a: Mamoswine|Ice Shard|p1a: Zamazenta
|-damage|p1a: Zamazenta|1/100 brn
|-damage|p2a: Mamoswine|91/100 psn|[from] item: Life Orb
|move|p1a: Zamazenta|Body Press|p2a: Mamoswine
|-supereffective|p2a: Mamoswine
|-damage|p2a: Mamoswine|0 fnt
|faint|p2a: Mamoswine
|
|-heal|p1a: Zamazenta|7/100 brn|[from] item: Leftovers
|-damage|p1a: Zamazenta|1/100 brn|[from] brn
|upkeep
|
|t:|1758972800
|switch|p2a: Kingambit|Kingambit, M|100/100
|-activate|p2a: Kingambit|ability: Supreme Overlord
|-start|p2a: Kingambit|fallen4|[silent]
|turn|12
|
|t:|1758972807
|move|p2a: Kingambit|Sucker Punch|p1a: Zamazenta
|-resisted|p1a: Zamazenta
|-damage|p1a: Zamazenta|0 fnt
|faint|p1a: Zamazenta
|
|upkeep
|
|t:|1758972815
|switch|p1a: Ursaring|Ursaring, M, shiny|100/100
|-damage|p1a: Ursaring|88/100|[from] Stealth Rock
|turn|13
|
|t:|1758972820
|-terastallize|p2a: Kingambit|Flying
|move|p2a: Kingambit|Low Kick|p1a: Ursaring
|-supereffective|p1a: Ursaring
|-damage|p1a: Ursaring|20/100
|move|p1a: Ursaring|Earthquake|p2a: Kingambit
|-immune|p2a: Kingambit
|
|upkeep
|turn|14
|
|t:|1758972829
|move|p2a: Kingambit|Kowtow Cleave|p1a: Ursaring
|-damage|p1a: Ursaring|0 fnt
|faint|p1a: Ursaring
|
|upkeep
|
|t:|1758972833
|switch|p1a: Moltres|Moltres-Galar, shiny|75/100
|-damage|p1a: Moltres|50/100|[from] Stealth Rock
|turn|15
|
|t:|1758972838
|move|p2a: Kingambit|Sucker Punch||[still]
|-fail|p2a: Kingambit
|move|p1a: Moltres|Pain Split|p2a: Kingambit
|-sethp|p2a: Kingambit|79/100|[from] move: Pain Split|[silent]
|-sethp|p1a: Moltres|70/100|[from] move: Pain Split
|
|-heal|p1a: Moltres|76/100|[from] item: Leftovers
|upkeep
|turn|16
|
|t:|1758972846
|move|p2a: Kingambit|Swords Dance|p2a: Kingambit
|-boost|p2a: Kingambit|atk|2
|move|p1a: Moltres|Nasty Plot|p1a: Moltres
|-boost|p1a: Moltres|spa|2
|
|-heal|p1a: Moltres|82/100|[from] item: Leftovers
|upkeep
|turn|17
|
|t:|1758972853
|move|p2a: Kingambit|Kowtow Cleave|p1a: Moltres
|-resisted|p1a: Moltres
|-damage|p1a: Moltres|24/100
|-ability|p1a: Moltres|Berserk|boost
|-boost|p1a: Moltres|spa|1
|move|p1a: Moltres|Fiery Wrath|p2a: Kingambit
|-damage|p2a: Kingambit|0 fnt
|faint|p2a: Kingambit
|-end|p2a: Kingambit|fallen4|[silent]
|
|-heal|p1a: Moltres|30/100|[from] item: Leftovers
|upkeep
|
|t:|1758972856
|switch|p2a: Blissey|Blissey, F|100/100
|-status|p2a: Blissey|psn
|turn|18
|
|t:|1758972865
|move|p1a: Moltres|Pain Split|p2a: Blissey
|-sethp|p2a: Blissey|58/100 psn|[from] move: Pain Split|[silent]
|-sethp|p1a: Moltres|100/100|[from] move: Pain Split
|move|p2a: Blissey|Thunder Wave|p1a: Moltres
|-status|p1a: Moltres|par
|
|-heal|p2a: Blissey|65/100 psn|[from] item: Leftovers
|-damage|p2a: Blissey|52/100 psn|[from] psn
|upkeep
|turn|19
|
|t:|1758972874
|move|p2a: Blissey|Seismic Toss|p1a: Moltres
|-damage|p1a: Moltres|74/100 par
|move|p1a: Moltres|Fiery Wrath|p2a: Blissey
|-damage|p2a: Blissey|29/100 psn
|
|-heal|p2a: Blissey|35/100 psn|[from] item: Leftovers
|-heal|p1a: Moltres|81/100 par|[from] item: Leftovers
|-damage|p2a: Blissey|22/100 psn|[from] psn
|upkeep
|turn|20
|-message|pokefanfdj forfeited.
|
|win|sowola
|raw|sowola's rating: 1232 &rarr; <strong>1256</strong><br />(+24 for winning)
|raw|pokefanfdj's rating: 1225 &rarr; <strong>1201</strong><br />(-24 for losing)
|l|☆pokefanfdj
|player|p2|
|l|☆sowola
|player|p1|
