|j|☆stysccc
|j|☆December233
|t:|1758971024
|gametype|singles
|player|p1|stysccc|rosa|1396
|player|p2|December233|evelyn|1362
|gen|9
|tier|[Gen 9] OU
|rated|
|rule|HP Percentage Mod: HP is shown in percentages
|rule|Endless Battle Clause: Forcing endless battles is banned
|rule|Species Clause: Limit one of each Pokémon
|rule|OHKO Clause: OHKO moves are banned
|rule|Evasion Items Clause: Evasion items are banned
|rule|Evasion Moves Clause: Evasion moves are banned
|rule|Evasion Abilities Clause: Evasion abilities are banned
|rule|Sleep Moves Clause: Sleep-inducing moves are banned
|clearpoke
|poke|p1|Walking Wake|
|poke|p1|Gliscor, F|
|poke|p1|Dragapult, M|
|poke|p1|Kingambit, F|
|poke|p1|Torkoal, M|
|poke|p1|Great Tusk|
|poke|p2|Skuntank, F|
|poke|p2|Porygon2|
|poke|p2|Gholdengo|
|poke|p2|Great Tusk|
|poke|p2|Primarina, M|
|poke|p2|Darkrai|
|teampreview
|inactive|Battle timer is ON: inactive players will automatically lose when time's up. (requested by stysccc)
|
|t:|1758971070
|teamsize|p1|6
|teamsize|p2|6
|start
|switch|p1a: Gliscor|Gliscor, F|100/100
|switch|p2a: Great Tusk|Great Tusk|100/100
|turn|1
|
|t:|1758971087
|move|p1a: Gliscor|Protect|p1a: Gliscor
|-singleturn|p1a: Gliscor|Protect
|move|p2a: Great Tusk|Stealth Rock|p1a: Gliscor
|-sidestart|p1: stysccc|move: Stealth Rock
|
|-status|p1a: Gliscor|tox|[from] item: Toxic Orb
|upkeep
|turn|2
|
|t:|1758971110
|-end|p2a: Great Tusk|Protosynthesis|[silent]
|switch|p2a: Skuntank|Skuntank, F|100/100
|move|p1a: Gliscor|Toxic|p2a: Skuntank
|-immune|p2a: Skuntank
|
|upkeep
|turn|3
|
|t:|1758971119
|move|p1a: Gliscor|Stealth Rock|p2a: Skuntank
|-sidestart|p2: December233|move: Stealth Rock
|move|p2a: Skuntank|Toxic Spikes|p1a: Gliscor
|-sidestart|p1: stysccc|move: Toxic Spikes
|
|upkeep
|turn|4
|
|t:|1758971128
|switch|p1a: Great Tusk|Great Tusk|100/100
|-damage|p1a: Great Tusk|98/100|[from] Stealth Rock
|-status|p1a: Great Tusk|psn
|move|p2a: Skuntank|Toxic Spikes|p1a: Great Tusk
|-sidestart|p1: stysccc|move: Toxic Spikes
|
|-damage|p1a: Great Tusk|85/100 psn|[from] psn
|upkeep
|turn|5
|
|t:|1758971149
|switch|p2a: Porygon2|Porygon2|100/100
|-damage|p2a: Porygon2|88/100|[from] Stealth Rock
|move|p1a: Great Tusk|Rapid Spin|p2a: Porygon2
|-damage|p2a: Porygon2|79/100
|-boost|p1a: Great Tusk|spe|1
|-sideend|p1: stysccc|Toxic Spikes|[from] move: Rapid Spin|[of] p1a: Great Tusk
|-sideend|p1: stysccc|Stealth Rock|[from] move: Rapid Spin|[of] p1a: Great Tusk
|
|-damage|p1a: Great Tusk|73/100 psn|[from] psn
|upkeep
|turn|6
|
|t:|1758971159
|move|p1a: Great Tusk|Close Combat|p2a: Porygon2
|-supereffective|p2a: Porygon2
|-damage|p2a: Porygon2|15/100
|-unboost|p1a: Great Tusk|def|1
|-unboost|p1a: Great Tusk|spd|1
|move|p2a: Porygon2|Ice Beam|p1a: Great Tusk
|-supereffective|p1a: Great Tusk
|-damage|p1a: Great Tusk|19/100 psn
|
|-damage|p1a: Great Tusk|6/100 psn|[from] psn
|upkeep
|turn|7
|
|t:|1758971174
|switch|p2a: Skuntank|Skuntank, F|100/100
|-damage|p2a: Skuntank|88/100|[from] Stealth Rock
|move|p1a: Great Tusk|Close Combat|p2a: Skuntank
|-damage|p2a: Skuntank|30/100
|-unboost|p1a: Great Tusk|def|1
|-unboost|p1a: Great Tusk|spd|1
|-damage|p1a: Great Tusk|0 fnt|[from] item: Rocky Helmet|[of] p2a: Skuntank
|faint|p1a: Great Tusk
|-end|p1a: Great Tusk|Protosynthesis|[silent]
|
|upkeep
|inactive|stysccc has 120 seconds left.
|
|t:|1758971201
|switch|p1a: Kingambit|Kingambit, F|100/100
|turn|8
|
|t:|1758971207
|move|p2a: Skuntank|Taunt|p1a: Kingambit
|-start|p1a: Kingambit|move: Taunt
|cant|p1a: Kingambit|move: Taunt|Swords Dance
|
|upkeep
|turn|9
|
|t:|1758971211
|move|p2a: Skuntank|Toxic Spikes|p1a: Kingambit
|-sidestart|p1: stysccc|move: Toxic Spikes
|move|p1a: Kingambit|Kowtow Cleave|p2a: Skuntank
|-resisted|p2a: Skuntank
|-damage|p2a: Skuntank|10/100
|-damage|p1a: Kingambit|84/100|[from] item: Rocky Helmet|[of] p2a: Skuntank
|
|-heal|p1a: Kingambit|90/100|[from] item: Leftovers
|upkeep
|turn|10
|
|t:|1758971219
|move|p2a: Skuntank|Toxic Spikes|p1a: Kingambit
|-sidestart|p1: stysccc|move: Toxic Spikes
|move|p1a: Kingambit|Kowtow Cleave|p2a: Skuntank
|-resisted|p2a: Skuntank
|-damage|p2a: Skuntank|0 fnt
|-damage|p1a: Kingambit|65/100|[from] ability: Aftermath|[of] p2a: Skuntank
|-damage|p1a: Kingambit|49/100|[from] item: Rocky Helmet|[of] p2a: Skuntank
|faint|p2a: Skuntank
|
|-heal|p1a: Kingambit|55/100|[from] item: Leftovers
|-end|p1a: Kingambit|move: Taunt
|upkeep
|
|t:|1758971230
|switch|p2a: Great Tusk|Great Tusk|100/100
|turn|11
|
|t:|1758971241
|switch|p1a: Gliscor|Gliscor, F|100/100 tox
|move|p2a: Great Tusk|Stealth Rock|p1a: Gliscor
|-sidestart|p1: stysccc|move: Stealth Rock
|
|upkeep
|turn|12
|
|t:|1758971247
|-end|p2a: Great Tusk|Protosynthesis|[silent]
|switch|p2a: Porygon2|Porygon2|15/100
|-ability|p2a: Porygon2|Poison Heal|Trace|[from] ability: Trace|[of] p1a: Gliscor
|-damage|p2a: Porygon2|3/100|[from] Stealth Rock
|move|p1a: Gliscor|Toxic|p2a: Porygon2
|-status|p2a: Porygon2|tox
|
|-heal|p2a: Porygon2|15/100 tox|[from] ability: Poison Heal
|upkeep
|turn|13
|
|t:|1758971258
|move|p1a: Gliscor|Knock Off|p2a: Porygon2
|-damage|p2a: Porygon2|6/100 tox
|-enditem|p2a: Porygon2|Eviolite|[from] move: Knock Off|[of] p1a: Gliscor
|move|p2a: Porygon2|Recover|p2a: Porygon2
|-heal|p2a: Porygon2|56/100 tox
|
|-heal|p2a: Porygon2|68/100 tox|[from] ability: Poison Heal
|upkeep
|turn|14
|
|t:|1758971272
|switch|p1a: Torkoal|Torkoal, M, shiny|100/100
|-status|p1a: Torkoal|tox
|-damage|p1a: Torkoal|75/100 tox|[from] Stealth Rock
|-weather|SunnyDay|[from] ability: Drought|[of] p1a: Torkoal
|move|p2a: Porygon2|Ice Beam|p1a: Torkoal
|-resisted|p1a: Torkoal
|-damage|p1a: Torkoal|62/100 tox
|
|-weather|SunnyDay|[upkeep]
|-heal|p2a: Porygon2|81/100 tox|[from] ability: Poison Heal
|-damage|p1a: Torkoal|55/100 tox|[from] psn
|upkeep
|turn|15
|
|t:|1758971285
|switch|p2a: Gholdengo|Gholdengo|100/100
|-damage|p2a: Gholdengo|94/100|[from] Stealth Rock
|move|p1a: Torkoal|Weather Ball|p2a: Gholdengo
|-supereffective|p2a: Gholdengo
|-damage|p2a: Gholdengo|0 fnt
|faint|p2a: Gholdengo
|
|-weather|SunnyDay|[upkeep]
|-damage|p1a: Torkoal|43/100 tox|[from] psn
|upkeep
|
|t:|1758971295
|switch|p2a: Great Tusk|Great Tusk|100/100
|-activate|p2a: Great Tusk|ability: Protosynthesis
|-start|p2a: Great Tusk|protosynthesisatk
|turn|16
|
|t:|1758971305
|-terastallize|p1a: Torkoal|Grass
|move|p2a: Great Tusk|Rapid Spin|p1a: Torkoal
|-crit|p1a: Torkoal
|-damage|p1a: Torkoal|21/100 tox
|-boost|p2a: Great Tusk|spe|1
|-sideend|p2: December233|Stealth Rock|[from] move: Rapid Spin|[of] p2a: Great Tusk
|move|p1a: Torkoal|Will-O-Wisp|p2a: Great Tusk
|-status|p2a: Great Tusk|brn
|
|-weather|SunnyDay|[upkeep]
|-damage|p1a: Torkoal|3/100 tox|[from] psn
|-damage|p2a: Great Tusk|94/100 brn|[from] brn
|upkeep
|turn|17
|
|t:|1758971319
|move|p2a: Great Tusk|Rapid Spin|p1a: Torkoal
|-damage|p1a: Torkoal|0 fnt
|-boost|p2a: Great Tusk|spe|1
|faint|p1a: Torkoal
|
|-weather|SunnyDay|[upkeep]
|-damage|p2a: Great Tusk|88/100 brn|[from] brn
|upkeep
|
|t:|1758971327
|switch|p1a: Walking Wake|Walking Wake|100/100
|-status|p1a: Walking Wake|tox
|-damage|p1a: Walking Wake|88/100 tox|[from] Stealth Rock
|-activate|p1a: Walking Wake|ability: Protosynthesis
|-start|p1a: Walking Wake|protosynthesisspe
|turn|18
|
|t:|1758971334
|-end|p2a: Great Tusk|Protosynthesis|[silent]
|switch|p2a: Primarina|Primarina, M|100/100
|move|p1a: Walking Wake|Hydro Steam|p2a: Primarina
|-resisted|p2a: Primarina
|-damage|p2a: Primarina|68/100
|-damage|p1a: Walking Wake|78/100 tox|[from] item: Life Orb
|
|-weather|SunnyDay|[upkeep]
|-heal|p2a: Primarina|74/100|[from] item: Leftovers
|-damage|p1a: Walking Wake|72/100 tox|[from] psn
|upkeep
|turn|19
|
|t:|1758971345
|-end|p1a: Walking Wake|Protosynthesis|[silent]
|switch|p1a: Gliscor|Gliscor, F|100/100 tox
|-damage|p1a: Gliscor|88/100 tox|[from] Stealth Rock
|move|p2a: Primarina|Moonblast|p1a: Gliscor
|-damage|p1a: Gliscor|33/100 tox
|
|-weather|SunnyDay|[upkeep]
|-heal|p2a: Primarina|80/100|[from] item: Leftovers
|-heal|p1a: Gliscor|45/100 tox|[from] ability: Poison Heal
|upkeep
|turn|20
|
|t:|1758971355
|switch|p2a: Porygon2|Porygon2|81/100 tox
|-ability|p2a: Porygon2|Poison Heal|Trace|[from] ability: Trace|[of] p1a: Gliscor
|move|p1a: Gliscor|Stealth Rock|p2a: Porygon2
|-sidestart|p2: December233|move: Stealth Rock
|
|-weather|SunnyDay|[upkeep]
|-heal|p1a: Gliscor|58/100 tox|[from] ability: Poison Heal
|-heal|p2a: Porygon2|93/100 tox|[from] ability: Poison Heal
|upkeep
|turn|21
|
|t:|1758971367
|switch|p1a: Kingambit|Kingambit, F|55/100
|-damage|p1a: Kingambit|49/100|[from] Stealth Rock
|move|p2a: Porygon2|Discharge|p1a: Kingambit
|-damage|p1a: Kingambit|31/100
|
|-weather|none
|-heal|p1a: Kingambit|37/100|[from] item: Leftovers
|-heal|p2a: Porygon2|100/100 tox|[from] ability: Poison Heal
|upkeep
|turn|22
|
|t:|1758971377
|move|p2a: Porygon2|Discharge|p1a: Kingambit
|-damage|p1a: Kingambit|18/100
|-status|p1a: Kingambit|par
|cant|p1a: Kingambit|par
|
|-heal|p1a: Kingambit|24/100 par|[from] item: Leftovers
|upkeep
|turn|23
|
|t:|1758971384
|move|p1a: Kingambit|Sucker Punch|p2a: Porygon2
|-crit|p2a: Porygon2
|-damage|p2a: Porygon2|54/100 tox
|move|p2a: Porygon2|Discharge|p1a: Kingambit
|-damage|p1a: Kingambit|6/100 par
|
|-heal|p1a: Kingambit|12/100 par|[from] item: Leftovers
|-heal|p2a: Porygon2|66/100 tox|[from] ability: Poison Heal
|upkeep
|turn|24
|
|t:|1758971396
|move|p2a: Porygon2|Recover|p2a: Porygon2
|-heal|p2a: Porygon2|100/100 tox
|cant|p1a: Kingambit|par
|
|-heal|p1a: Kingambit|18/100 par|[from] item: Leftovers
|upkeep
|turn|25
|
|t:|1758971402
|move|p2a: Porygon2|Discharge|p1a: Kingambit
|-damage|p1a: Kingambit|0 fnt
|faint|p1a: Kingambit
|
|upkeep
|
|t:|1758971419
|switch|p1a: Dragapult|Dragapult, M|100/100
|-status|p1a: Dragapult|tox
|-damage|p1a: Dragapult|88/100 tox|[from] Stealth Rock
|turn|26
|
|t:|1758971427
|move|p1a: Dragapult|Thunderbolt|p2a: Porygon2
|-damage|p2a: Porygon2|66/100 tox
|-damage|p1a: Dragapult|78/100 tox|[from] item: Life Orb
|move|p2a: Porygon2|Foul Play|p1a: Dragapult
|-supereffective|p1a: Dragapult
|-damage|p1a: Dragapult|17/100 tox
|
|-damage|p1a: Dragapult|12/100 tox|[from] psn
|-heal|p2a: Porygon2|78/100 tox|[from] ability: Poison Heal
|upkeep
|turn|27
|
|t:|1758971437
|move|p1a: Dragapult|Draco Meteor|p2a: Porygon2
|-damage|p2a: Porygon2|4/100 tox
|-unboost|p1a: Dragapult|spa|2
|-damage|p1a: Dragapult|2/100 tox|[from] item: Life Orb
|move|p2a: Porygon2|Ice Beam|p1a: Dragapult
|-supereffective|p1a: Dragapult
|-damage|p1a: Dragapult|0 fnt
|faint|p1a: Dragapult
|
|-heal|p2a: Porygon2|16/100 tox|[from] ability: Poison Heal
|upkeep
|
|t:|1758971447
|switch|p1a: Walking Wake|Walking Wake|72/100 tox
|-damage|p1a: Walking Wake|60/100 tox|[from] Stealth Rock
|turn|28
|
|t:|1758971453
|move|p1a: Walking Wake|Hydro Steam|p2a: Porygon2
|-damage|p2a: Porygon2|0 fnt
|faint|p2a: Porygon2
|-damage|p1a: Walking Wake|50/100 tox|[from] item: Life Orb
|
|-damage|p1a: Walking Wake|44/100 tox|[from] psn
|upkeep
|
|t:|1758971458
|switch|p2a: Primarina|Primarina, M|80/100
|-damage|p2a: Primarina|68/100|[from] Stealth Rock
|turn|29
|
|t:|1758971467
|-end|p1a: Walking Wake|Protosynthesis|[silent]
|switch|p1a: Gliscor|Gliscor, F|58/100 tox
|-damage|p1a: Gliscor|45/100 tox|[from] Stealth Rock
|move|p2a: Primarina|Moonblast|p1a: Gliscor
|-damage|p1a: Gliscor|0 fnt
|faint|p1a: Gliscor
|
|-heal|p2a: Primarina|74/100|[from] item: Leftovers
|upkeep
|
|t:|1758971470
|switch|p1a: Walking Wake|Walking Wake|44/100 tox
|-damage|p1a: Walking Wake|31/100 tox|[from] Stealth Rock
|turn|30
|
|t:|1758971478
|move|p1a: Walking Wake|Hydro Steam|p2a: Primarina
|-resisted|p2a: Primarina
|-damage|p2a: Primarina|51/100
|-damage|p1a: Walking Wake|21/100 tox|[from] item: Life Orb
|move|p2a: Primarina|Moonblast|p1a: Walking Wake
|-supereffective|p1a: Walking Wake
|-damage|p1a: Walking Wake|0 fnt
|faint|p1a: Walking Wake
|-end|p1a: Walking Wake|Protosynthesis|[silent]
|
|win|December233
|raw|stysccc's rating: 1396 &rarr; <strong>1374</strong><br />(-22 for losing)
|raw|December233's rating: 1362 &rarr; <strong>1384</strong><br />(+22 for winning)
|l|☆stysccc
|player|p1|
