|j|☆Maxcolor
|j|☆anoncowboy
|t:|1759018758
|gametype|singles
|player|p1|Maxcolor|ghetsis|1482
|player|p2|anoncowboy|pokemonranger-gen4|1518
|gen|9
|tier|[Gen 9] OU
|rated|
|rule|HP Percentage Mod: HP is shown in percentages
|rule|Endless Battle Clause: Forcing endless battles is banned
|rule|Species Clause: Limit one of each Pokémon
|rule|OHKO Clause: OHKO moves are banned
|rule|Evasion Items Clause: Evasion items are banned
|rule|Evasion Moves Clause: Evasion moves are banned
|rule|Evasion Abilities Clause: Evasion abilities are banned
|rule|Sleep Moves Clause: Sleep-inducing moves are banned
|clearpoke
|poke|p1|Minior-Yellow|
|poke|p1|Ting-Lu|
|poke|p1|Weezing-Galar, M|
|poke|p1|Feraligatr, M|
|poke|p1|Meowstic, M|
|poke|p1|Iron Moth|
|poke|p2|Araquanid, M|
|poke|p2|Samurott-Hisui, M|
|poke|p2|Sinistcha-Masterpiece|
|poke|p2|Skeledirge, M|
|poke|p2|Kyurem|
|poke|p2|Great Tusk|
|teampreview
|inactive|Battle timer is ON: inactive players will automatically lose when time's up. (requested by anoncowboy)
|inactive|Maxcolor also wants the timer to be on.
|inactive|Maxcolor has 120 seconds left.
|
|t:|1759018796
|teamsize|p1|6
|teamsize|p2|6
|start
|switch|p1a: Meteoros|Minior-Yellow|100/100
|switch|p2a: Araquanid|Araquanid, M, shiny|100/100
|-formechange|p1a: Meteoros|Minior-Meteor||[from] ability: Shields Down
|turn|1
|
|t:|1759018806
|move|p1a: Meteoros|Shell Smash|p1a: Meteoros
|-unboost|p1a: Meteoros|def|1
|-unboost|p1a: Meteoros|spd|1
|-boost|p1a: Meteoros|atk|2
|-boost|p1a: Meteoros|spa|2
|-boost|p1a: Meteoros|spe|2
|-enditem|p1a: Meteoros|White Herb
|-clearnegativeboost|p1a: Meteoros|[silent]
|move|p2a: Araquanid|Liquidation|p1a: Meteoros
|-supereffective|p1a: Meteoros
|-damage|p1a: Meteoros|0 fnt
|faint|p1a: Meteoros
|
|upkeep
|
|t:|1759018818
|switch|p1a: Mega Feraligart 🐉|Feraligatr, M, shiny|100/100
|turn|2
|
|t:|1759018825
|move|p1a: Mega Feraligart 🐉|Dragon Dance|p1a: Mega Feraligart 🐉
|-boost|p1a: Mega Feraligart 🐉|atk|1
|-boost|p1a: Mega Feraligart 🐉|spe|1
|move|p2a: Araquanid|Lunge|p1a: Mega Feraligart 🐉
|-damage|p1a: Mega Feraligart 🐉|78/100
|-unboost|p1a: Mega Feraligart 🐉|atk|1
|
|upkeep
|turn|3
|
|t:|1759018833
|move|p1a: Mega Feraligart 🐉|Crunch|p2a: Araquanid
|-damage|p2a: Araquanid|64/100
|move|p2a: Araquanid|Lunge|p1a: Mega Feraligart 🐉
|-crit|p1a: Mega Feraligart 🐉
|-damage|p1a: Mega Feraligart 🐉|43/100
|-unboost|p1a: Mega Feraligart 🐉|atk|1
|
|upkeep
|turn|4
|
|t:|1759018838
|move|p1a: Mega Feraligart 🐉|Dragon Dance|p1a: Mega Feraligart 🐉
|-boost|p1a: Mega Feraligart 🐉|atk|1
|-boost|p1a: Mega Feraligart 🐉|spe|1
|move|p2a: Araquanid|Lunge|p1a: Mega Feraligart 🐉
|-damage|p1a: Mega Feraligart 🐉|21/100
|-unboost|p1a: Mega Feraligart 🐉|atk|1
|
|upkeep
|turn|5
|
|t:|1759018841
|move|p1a: Mega Feraligart 🐉|Crunch|p2a: Araquanid
|-damage|p2a: Araquanid|38/100
|move|p2a: Araquanid|Lunge|p1a: Mega Feraligart 🐉
|-damage|p1a: Mega Feraligart 🐉|0 fnt
|faint|p1a: Mega Feraligart 🐉
|
|upkeep
|-message|Maxcolor forfeited.
|
|win|anoncowboy
|raw|Maxcolor's rating: 1482 &rarr; <strong>1464</strong><br />(-18 for losing)
|raw|anoncowboy's rating: 1518 &rarr; <strong>1536</strong><br />(+18 for winning)
|l|☆Maxcolor
|player|p1|
|l|☆anoncowboy
|player|p2|
