|j|☆surprise blissey
|j|☆lord shiddenfards
|t:|1758961186
|gametype|singles
|player|p1|surprise blissey|lucian|1516
|player|p2|lord shiddenfards|rood|1557
|gen|9
|tier|[Gen 9] OU
|rated|
|rule|HP Percentage Mod: HP is shown in percentages
|rule|Endless Battle Clause: Forcing endless battles is banned
|rule|Species Clause: Limit one of each Pokémon
|rule|OHKO Clause: OHKO moves are banned
|rule|Evasion Items Clause: Evasion items are banned
|rule|Evasion Moves Clause: Evasion moves are banned
|rule|Evasion Abilities Clause: Evasion abilities are banned
|rule|Sleep Moves Clause: Sleep-inducing moves are banned
|clearpoke
|poke|p1|Gliscor, F|
|poke|p1|Moltres|
|poke|p1|Alomomola, M|
|poke|p1|Rillaboom, F|
|poke|p1|Gholdengo|
|poke|p1|Great Tusk|
|poke|p2|Ninetales, M|
|poke|p2|Great Tusk|
|poke|p2|Slither Wing|
|poke|p2|Raging Bolt|
|poke|p2|Iron Moth|
|poke|p2|Alomomola, F|
|teampreview
|inactive|Battle timer is ON: inactive players will automatically lose when time's up. (requested by surprise blissey)
|
|t:|1758961195
|teamsize|p1|6
|teamsize|p2|6
|start
|switch|p1a: Tactical Move|Alomomola, M, shiny|100/100
|switch|p2a: Ninetales|Ninetales, M|100/100
|-weather|SunnyDay|[from] ability: Drought|[of] p2a: Ninetales
|turn|1
|
|t:|1758961204
|switch|p2a: Raging Bolt|Raging Bolt|100/100
|-activate|p2a: Raging Bolt|ability: Protosynthesis
|-start|p2a: Raging Bolt|protosynthesisspa
|move|p1a: Tactical Move|Flip Turn|p2a: Raging Bolt
|-resisted|p2a: Raging Bolt
|-damage|p2a: Raging Bolt|97/100
|
|t:|1758961208
|switch|p1a: The Dirty Work|Gliscor, F, shiny|100/100|[from] Flip Turn
|
|-weather|SunnyDay|[upkeep]
|-status|p1a: The Dirty Work|tox|[from] item: Toxic Orb
|upkeep
|turn|2
|
|t:|1758961217
|-terastallize|p2a: Raging Bolt|Fairy
|move|p1a: The Dirty Work|Protect|p1a: The Dirty Work
|-singleturn|p1a: The Dirty Work|Protect
|move|p2a: Raging Bolt|Weather Ball|p1a: The Dirty Work
|-activate|p1a: The Dirty Work|move: Protect
|
|-weather|SunnyDay|[upkeep]
|upkeep
|turn|3
|
|t:|1758961223
|move|p1a: The Dirty Work|Substitute|p1a: The Dirty Work
|-start|p1a: The Dirty Work|Substitute
|-damage|p1a: The Dirty Work|76/100 tox
|move|p2a: Raging Bolt|Draco Meteor|p1a: The Dirty Work
|-end|p1a: The Dirty Work|Substitute
|-unboost|p2a: Raging Bolt|spa|2
|
|-weather|SunnyDay|[upkeep]
|-heal|p1a: The Dirty Work|88/100 tox|[from] ability: Poison Heal
|upkeep
|turn|4
|
|t:|1758961228
|-end|p2a: Raging Bolt|Protosynthesis|[silent]
|switch|p2a: Great Tusk|Great Tusk|100/100
|-activate|p2a: Great Tusk|ability: Protosynthesis
|-start|p2a: Great Tusk|protosynthesisspe
|move|p1a: The Dirty Work|Substitute|p1a: The Dirty Work
|-start|p1a: The Dirty Work|Substitute
|-damage|p1a: The Dirty Work|63/100 tox
|
|-weather|SunnyDay|[upkeep]
|-heal|p1a: The Dirty Work|76/100 tox|[from] ability: Poison Heal
|upkeep
|turn|5
|
|t:|1758961231
|move|p1a: The Dirty Work|Protect|p1a: The Dirty Work
|-singleturn|p1a: The Dirty Work|Protect
|move|p2a: Great Tusk|Rapid Spin|p1a: The Dirty Work
|-activate|p1a: The Dirty Work|move: Protect
|
|-weather|none
|-end|p2a: Great Tusk|Protosynthesis
|-heal|p1a: The Dirty Work|88/100 tox|[from] ability: Poison Heal
|upkeep
|turn|6
|
|t:|1758961236
|move|p1a: The Dirty Work|Swords Dance|p1a: The Dirty Work
|-boost|p1a: The Dirty Work|atk|2
|move|p2a: Great Tusk|Rapid Spin|p1a: The Dirty Work
|-activate|p1a: The Dirty Work|move: Substitute|[damage]
|-boost|p2a: Great Tusk|spe|1
|
|-heal|p1a: The Dirty Work|100/100 tox|[from] ability: Poison Heal
|upkeep
|turn|7
|
|t:|1758961242
|move|p1a: The Dirty Work|Protect|p1a: The Dirty Work
|-singleturn|p1a: The Dirty Work|Protect
|move|p2a: Great Tusk|Bulk Up|p2a: Great Tusk
|-boost|p2a: Great Tusk|atk|1
|-boost|p2a: Great Tusk|def|1
|
|upkeep
|turn|8
|
|t:|1758961245
|switch|p1a: Honest Abe|Moltres, shiny|100/100
|move|p2a: Great Tusk|Ice Spinner|p1a: Honest Abe
|-damage|p1a: Honest Abe|77/100
|
|upkeep
|turn|9
|
|t:|1758961250
|-end|p2a: Great Tusk|Protosynthesis|[silent]
|switch|p2a: Raging Bolt|Raging Bolt, tera:Fairy|97/100
|move|p1a: Honest Abe|Roost|p1a: Honest Abe
|-heal|p1a: Honest Abe|100/100
|-singleturn|p1a: Honest Abe|move: Roost
|
|upkeep
|turn|10
|
|t:|1758961263
|switch|p1a: Gets it Done|Rillaboom, F, shiny|100/100
|-fieldstart|move: Grassy Terrain|[from] ability: Grassy Surge|[of] p1a: Gets it Done
|move|p2a: Raging Bolt|Draco Meteor|p1a: Gets it Done
|-damage|p1a: Gets it Done|0 fnt
|-unboost|p2a: Raging Bolt|spa|2
|faint|p1a: Gets it Done
|
|-heal|p2a: Raging Bolt|100/100|[from] Grassy Terrain
|upkeep
|
|t:|1758961265
|switch|p1a: The Dirty Work|Gliscor, F, shiny|100/100 tox
|turn|11
|
|t:|1758961277
|-end|p2a: Raging Bolt|Protosynthesis|[silent]
|switch|p2a: Great Tusk|Great Tusk|100/100
|move|p1a: The Dirty Work|Facade|p2a: Great Tusk
|-damage|p2a: Great Tusk|81/100
|
|-heal|p2a: Great Tusk|87/100|[from] Grassy Terrain
|upkeep
|turn|12
|
|t:|1758961281
|move|p1a: The Dirty Work|Swords Dance|p1a: The Dirty Work
|-boost|p1a: The Dirty Work|atk|2
|move|p2a: Great Tusk|Bulk Up|p2a: Great Tusk
|-boost|p2a: Great Tusk|atk|1
|-boost|p2a: Great Tusk|def|1
|
|-heal|p2a: Great Tusk|94/100|[from] Grassy Terrain
|upkeep
|turn|13
|
|t:|1758961284
|-terastallize|p1a: The Dirty Work|Normal
|move|p1a: The Dirty Work|Facade|p2a: Great Tusk
|-damage|p2a: Great Tusk|51/100
|move|p2a: Great Tusk|Rapid Spin|p1a: The Dirty Work
|-damage|p1a: The Dirty Work|83/100 tox
|-boost|p2a: Great Tusk|spe|1
|
|-heal|p2a: Great Tusk|57/100|[from] Grassy Terrain
|-heal|p1a: The Dirty Work|89/100 tox|[from] Grassy Terrain
|-heal|p1a: The Dirty Work|100/100 tox|[from] ability: Poison Heal
|upkeep
|turn|14
|
|t:|1758961297
|move|p2a: Great Tusk|Bulk Up|p2a: Great Tusk
|-boost|p2a: Great Tusk|atk|1
|-boost|p2a: Great Tusk|def|1
|move|p1a: The Dirty Work|Facade|p2a: Great Tusk
|-damage|p2a: Great Tusk|26/100
|
|-heal|p2a: Great Tusk|32/100|[from] Grassy Terrain
|-fieldend|move: Grassy Terrain
|upkeep
|turn|15
|
|t:|1758961303
|switch|p1a: Honest Abe|Moltres, shiny|100/100
|move|p2a: Great Tusk|Headlong Rush|p1a: Honest Abe
|-immune|p1a: Honest Abe
|
|upkeep
|turn|16
|
|t:|1758961307
|-end|p2a: Great Tusk|Protosynthesis|[silent]
|switch|p2a: Raging Bolt|Raging Bolt, tera:Fairy|100/100
|move|p1a: Honest Abe|U-turn|p2a: Raging Bolt
|-resisted|p2a: Raging Bolt
|-damage|p2a: Raging Bolt|95/100
|
|t:|1758961311
|switch|p1a: Fair and Square|Gholdengo, shiny|100/100|[from] U-turn
|
|upkeep
|turn|17
|
|t:|1758961317
|move|p1a: Fair and Square|Make It Rain|p2a: Raging Bolt
|-supereffective|p2a: Raging Bolt
|-damage|p2a: Raging Bolt|21/100
|-unboost|p1a: Fair and Square|spa|1
|move|p2a: Raging Bolt|Volt Switch|p1a: Fair and Square
|-damage|p1a: Fair and Square|54/100
|
|t:|1758961320
|-end|p2a: Raging Bolt|Protosynthesis|[silent]
|switch|p2a: Ninetales|Ninetales, M|100/100|[from] Volt Switch
|-weather|SunnyDay|[from] ability: Drought|[of] p2a: Ninetales
|
|-weather|SunnyDay|[upkeep]
|upkeep
|turn|18
|
|t:|1758961327
|switch|p1a: Tactical Move|Alomomola, M, shiny|100/100
|move|p2a: Ninetales|Weather Ball|p1a: Tactical Move
|-resisted|p1a: Tactical Move
|-damage|p1a: Tactical Move|77/100
|
|-weather|SunnyDay|[upkeep]
|upkeep
|turn|19
|
|t:|1758961333
|switch|p2a: Slither Wing|Slither Wing|100/100
|-activate|p2a: Slither Wing|ability: Protosynthesis
|-start|p2a: Slither Wing|protosynthesisatk
|move|p1a: Tactical Move|Flip Turn|p2a: Slither Wing
|-damage|p2a: Slither Wing|90/100
|
|t:|1758961336
|switch|p1a: Honest Abe|Moltres, shiny|100/100|[from] Flip Turn
|
|-weather|SunnyDay|[upkeep]
|upkeep
|turn|20
|
|t:|1758961344
|-end|p2a: Slither Wing|Protosynthesis|[silent]
|switch|p2a: Alomomola|Alomomola, F|100/100
|move|p1a: Honest Abe|U-turn|p2a: Alomomola
|-damage|p2a: Alomomola|91/100
|-enditem|p2a: Alomomola|Eject Button
|
|t:|1758961349
|switch|p2a: Raging Bolt|Raging Bolt, tera:Fairy|21/100
|-activate|p2a: Raging Bolt|ability: Protosynthesis
|-start|p2a: Raging Bolt|protosynthesisspa
|
|-weather|SunnyDay|[upkeep]
|upkeep
|turn|21
|
|t:|1758961361
|switch|p1a: Tactical Move|Alomomola, M, shiny|100/100
|move|p2a: Raging Bolt|Thunderclap||[still]
|-fail|p2a: Raging Bolt
|
|-weather|none
|-end|p2a: Raging Bolt|Protosynthesis
|upkeep
|turn|22
|
|t:|1758961369
|-end|p2a: Raging Bolt|Protosynthesis|[silent]
|switch|p2a: Alomomola|Alomomola, F|100/100
|move|p1a: Tactical Move|Mirror Coat||[still]
|-fail|p1a: Tactical Move
|
|upkeep
|turn|23
|
|t:|1758961372
|move|p1a: Tactical Move|Scald|p2a: Alomomola
|-resisted|p2a: Alomomola
|-damage|p2a: Alomomola|95/100
|-status|p2a: Alomomola|brn
|move|p2a: Alomomola|Wish|p2a: Alomomola
|
|-damage|p2a: Alomomola|89/100 brn|[from] brn
|upkeep
|turn|24
|
|t:|1758961380
|move|p2a: Alomomola|Flip Turn|p1a: Tactical Move
|-resisted|p1a: Tactical Move
|-damage|p1a: Tactical Move|98/100
|
|t:|1758961384
|switch|p2a: Raging Bolt|Raging Bolt, tera:Fairy|21/100|[from] Flip Turn
|move|p1a: Tactical Move|Body Slam|p2a: Raging Bolt
|-damage|p2a: Raging Bolt|9/100
|
|-heal|p2a: Raging Bolt|61/100|[from] move: Wish|[wisher] Alomomola
|upkeep
|turn|25
|
|t:|1758961389
|move|p2a: Raging Bolt|Volt Switch|p1a: Tactical Move
|-supereffective|p1a: Tactical Move
|-crit|p1a: Tactical Move
|-damage|p1a: Tactical Move|24/100
|
|t:|1758961401
|-end|p2a: Raging Bolt|Protosynthesis|[silent]
|switch|p2a: Ninetales|Ninetales, M|100/100|[from] Volt Switch
|-weather|SunnyDay|[from] ability: Drought|[of] p2a: Ninetales
|move|p1a: Tactical Move|Mirror Coat|p2a: Ninetales
|-damage|p2a: Ninetales|0 fnt
|faint|p2a: Ninetales
|
|-weather|SunnyDay|[upkeep]
|upkeep
|
|t:|1758961408
|switch|p2a: Raging Bolt|Raging Bolt, tera:Fairy|61/100
|-activate|p2a: Raging Bolt|ability: Protosynthesis
|-start|p2a: Raging Bolt|protosynthesisspa
|turn|26
|
|t:|1758961424
|switch|p1a: Fair and Square|Gholdengo, shiny|54/100
|move|p2a: Raging Bolt|Volt Switch|p1a: Fair and Square
|-damage|p1a: Fair and Square|0 fnt
|faint|p1a: Fair and Square
|
|t:|1758961438
|-end|p2a: Raging Bolt|Protosynthesis|[silent]
|switch|p2a: Alomomola|Alomomola, F|100/100 brn|[from] Volt Switch
|
|-weather|SunnyDay|[upkeep]
|-damage|p2a: Alomomola|94/100 brn|[from] brn
|upkeep
|
|t:|1758961442
|switch|p1a: The Dirty Work|Gliscor, F, shiny, tera:Normal|100/100 tox
|turn|27
|
|t:|1758961451
|move|p1a: The Dirty Work|Substitute|p1a: The Dirty Work
|-start|p1a: The Dirty Work|Substitute
|-damage|p1a: The Dirty Work|76/100 tox
|move|p2a: Alomomola|Wish|p2a: Alomomola
|
|-weather|SunnyDay|[upkeep]
|-heal|p1a: The Dirty Work|88/100 tox|[from] ability: Poison Heal
|-damage|p2a: Alomomola|88/100 brn|[from] brn
|upkeep
|turn|28
|
|t:|1758961456
|move|p1a: The Dirty Work|Swords Dance|p1a: The Dirty Work
|-boost|p1a: The Dirty Work|atk|2
|move|p2a: Alomomola|Flip Turn|p1a: The Dirty Work
|-activate|p1a: The Dirty Work|move: Substitute|[damage]
|
|t:|1758961459
|switch|p2a: Great Tusk|Great Tusk|32/100|[from] Flip Turn
|-activate|p2a: Great Tusk|ability: Protosynthesis
|-start|p2a: Great Tusk|protosynthesisspe
|
|-weather|SunnyDay|[upkeep]
|-heal|p2a: Great Tusk|89/100|[from] move: Wish|[wisher] Alomomola
|-heal|p1a: The Dirty Work|100/100 tox|[from] ability: Poison Heal
|upkeep
|turn|29
|
|t:|1758961464
|move|p2a: Great Tusk|Rapid Spin|p1a: The Dirty Work
|-activate|p1a: The Dirty Work|move: Substitute|[damage]
|-boost|p2a: Great Tusk|spe|1
|move|p1a: The Dirty Work|Facade|p2a: Great Tusk
|-damage|p2a: Great Tusk|34/100
|
|-weather|none
|-end|p2a: Great Tusk|Protosynthesis
|upkeep
|turn|30
|j| LaNoisette
|
|t:|1758961480
|move|p2a: Great Tusk|Headlong Rush|p1a: The Dirty Work
|-end|p1a: The Dirty Work|Substitute
|-unboost|p2a: Great Tusk|def|1
|-unboost|p2a: Great Tusk|spd|1
|move|p1a: The Dirty Work|Facade|p2a: Great Tusk
|-damage|p2a: Great Tusk|0 fnt
|faint|p2a: Great Tusk
|-end|p2a: Great Tusk|Protosynthesis|[silent]
|
|upkeep
|inactive|lord shiddenfards has 120 seconds left.
|
|t:|1758961504
|switch|p2a: Slither Wing|Slither Wing|90/100
|turn|31
|
|t:|1758961508
|move|p1a: The Dirty Work|Protect|p1a: The Dirty Work
|-singleturn|p1a: The Dirty Work|Protect
|move|p2a: Slither Wing|First Impression|p1a: The Dirty Work
|-activate|p1a: The Dirty Work|move: Protect
|
|upkeep
|turn|32
|
|t:|1758961513
|-end|p2a: Slither Wing|Protosynthesis|[silent]
|switch|p2a: Alomomola|Alomomola, F|100/100 brn
|move|p1a: The Dirty Work|Substitute|p1a: The Dirty Work
|-start|p1a: The Dirty Work|Substitute
|-damage|p1a: The Dirty Work|76/100 tox
|
|-heal|p1a: The Dirty Work|88/100 tox|[from] ability: Poison Heal
|-damage|p2a: Alomomola|94/100 brn|[from] brn
|upkeep
|turn|33
|
|t:|1758961516
|move|p1a: The Dirty Work|Swords Dance|p1a: The Dirty Work
|-boost|p1a: The Dirty Work|atk|2
|move|p2a: Alomomola|Flip Turn|p1a: The Dirty Work
|-activate|p1a: The Dirty Work|move: Substitute|[damage]
|
|t:|1758961519
|switch|p2a: Slither Wing|Slither Wing|90/100|[from] Flip Turn
|
|-heal|p1a: The Dirty Work|100/100 tox|[from] ability: Poison Heal
|upkeep
|turn|34
|
|t:|1758961521
|move|p1a: The Dirty Work|Protect|p1a: The Dirty Work
|-singleturn|p1a: The Dirty Work|Protect
|move|p2a: Slither Wing|U-turn|p1a: The Dirty Work
|-activate|p1a: The Dirty Work|move: Protect
|
|upkeep
|turn|35
|
|t:|1758961522
|move|p1a: The Dirty Work|Facade|p2a: Slither Wing
|-damage|p2a: Slither Wing|0 fnt
|faint|p2a: Slither Wing
|-end|p2a: Slither Wing|Protosynthesis|[silent]
|
|upkeep
|
|t:|1758961528
|switch|p2a: Raging Bolt|Raging Bolt, tera:Fairy|61/100
|turn|36
|
|t:|1758961532
|move|p1a: The Dirty Work|Swords Dance|p1a: The Dirty Work
|-boost|p1a: The Dirty Work|atk|2
|move|p2a: Raging Bolt|Volt Switch|p1a: The Dirty Work
|-end|p1a: The Dirty Work|Substitute
|
|t:|1758961539
|-end|p2a: Raging Bolt|Protosynthesis|[silent]
|switch|p2a: Alomomola|Alomomola, F|100/100 brn|[from] Volt Switch
|
|-damage|p2a: Alomomola|94/100 brn|[from] brn
|upkeep
|turn|37
|
|t:|1758961541
|move|p1a: The Dirty Work|Substitute|p1a: The Dirty Work
|-start|p1a: The Dirty Work|Substitute
|-damage|p1a: The Dirty Work|76/100 tox
|move|p2a: Alomomola|Flip Turn|p1a: The Dirty Work
|-activate|p1a: The Dirty Work|move: Substitute|[damage]
|
|t:|1758961551
|switch|p2a: Raging Bolt|Raging Bolt, tera:Fairy|61/100|[from] Flip Turn
|
|-heal|p1a: The Dirty Work|88/100 tox|[from] ability: Poison Heal
|upkeep
|turn|38
|
|t:|1758961555
|move|p2a: Raging Bolt|Thunderclap|p1a: The Dirty Work
|-end|p1a: The Dirty Work|Substitute
|move|p1a: The Dirty Work|Facade|p2a: Raging Bolt
|-damage|p2a: Raging Bolt|0 fnt
|faint|p2a: Raging Bolt
|-end|p2a: Raging Bolt|Protosynthesis|[silent]
|
|-heal|p1a: The Dirty Work|100/100 tox|[from] ability: Poison Heal
|upkeep
|
|t:|1758961558
|switch|p2a: Iron Moth|Iron Moth|100/100
|-enditem|p2a: Iron Moth|Booster Energy
|-activate|p2a: Iron Moth|ability: Quark Drive|[fromitem]
|-start|p2a: Iron Moth|quarkdrivespe
|turn|39
|
|t:|1758961572
|move|p1a: The Dirty Work|Protect|p1a: The Dirty Work
|-singleturn|p1a: The Dirty Work|Protect
|move|p2a: Iron Moth|Fiery Dance|p1a: The Dirty Work
|-activate|p1a: The Dirty Work|move: Protect
|
|upkeep
|turn|40
|
|t:|1758961575
|move|p2a: Iron Moth|Fiery Dance|p1a: The Dirty Work
|-damage|p1a: The Dirty Work|54/100 tox
|-boost|p2a: Iron Moth|spa|1
|move|p1a: The Dirty Work|Facade|p2a: Iron Moth
|-damage|p2a: Iron Moth|0 fnt
|faint|p2a: Iron Moth
|-end|p2a: Iron Moth|Quark Drive|[silent]
|
|-heal|p1a: The Dirty Work|66/100 tox|[from] ability: Poison Heal
|upkeep
|-message|lord shiddenfards forfeited.
|
|win|surprise blissey
|raw|surprise blissey's rating: 1516 &rarr; <strong>1538</strong><br />(+22 for winning)
|raw|lord shiddenfards's rating: 1557 &rarr; <strong>1535</strong><br />(-22 for losing)
|l|☆lord shiddenfards
|player|p2|
