|j|☆RighteousHideous
|j|☆AresGames629
|t:|1759074947
|gametype|singles
|player|p1|RighteousHideous|169|1354
|player|p2|AresGames629|red|1369
|gen|9
|tier|[Gen 9] OU
|rated|
|rule|HP Percentage Mod: HP is shown in percentages
|rule|Endless Battle Clause: Forcing endless battles is banned
|rule|Species Clause: Limit one of each Pokémon
|rule|OHKO Clause: OHKO moves are banned
|rule|Evasion Items Clause: Evasion items are banned
|rule|Evasion Moves Clause: Evasion moves are banned
|rule|Evasion Abilities Clause: Evasion abilities are banned
|rule|Sleep Moves Clause: Sleep-inducing moves are banned
|clearpoke
|poke|p1|Lycanroc-Dusk, F|
|poke|p1|Iron Treads|
|poke|p1|Hoopa-Unbound|
|poke|p1|Dragapult, M|
|poke|p1|Gliscor, M|
|poke|p1|Zapdos|
|poke|p2|Gliscor, F|
|poke|p2|Glimmora, M|
|poke|p2|Blaziken, F|
|poke|p2|Gholdengo|
|poke|p2|Raging Bolt|
|poke|p2|Kingambit, F|
|teampreview
|inactive|Battle timer is ON: inactive players will automatically lose when time's up. (requested by AresGames629)
|
|t:|1759074961
|teamsize|p1|6
|teamsize|p2|6
|start
|switch|p1a: Iron Treads|Iron Treads|100/100
|switch|p2a: Glimmora|Glimmora, M|100/100
|turn|1
|
|t:|1759074968
|move|p2a: Glimmora|Earth Power|p1a: Iron Treads
|-supereffective|p1a: Iron Treads
|-damage|p1a: Iron Treads|51/100
|move|p1a: Iron Treads|Earthquake|p2a: Glimmora
|-supereffective|p2a: Glimmora
|-enditem|p2a: Glimmora|Focus Sash
|-damage|p2a: Glimmora|1/100
|-activate|p2a: Glimmora|ability: Toxic Debris
|-sidestart|p1: RighteousHideous|move: Toxic Spikes
|
|-heal|p1a: Iron Treads|57/100|[from] item: Leftovers
|upkeep
|turn|2
|
|t:|1759074982
|switch|p2a: Gholdengo|Gholdengo|100/100
|move|p1a: Iron Treads|Volt Switch|p2a: Gholdengo
|-damage|p2a: Gholdengo|88/100
|
|t:|1759074990
|-end|p1a: Iron Treads|Quark Drive|[silent]
|switch|p1a: Gliscor|Gliscor, M|100/100|[from] Volt Switch
|
|-status|p1a: Gliscor|tox|[from] item: Toxic Orb
|upkeep
|turn|3
|
|t:|1759074995
|switch|p2a: Glimmora|Glimmora, M|1/100
|move|p1a: Gliscor|Knock Off|p2a: Glimmora
|-damage|p2a: Glimmora|0 fnt
|-activate|p2a: Glimmora|ability: Toxic Debris
|-sidestart|p1: RighteousHideous|move: Toxic Spikes
|faint|p2a: Glimmora
|
|upkeep
|
|t:|1759075011
|switch|p2a: Gholdengo|Gholdengo|88/100
|turn|4
|
|t:|1759075014
|move|p2a: Gholdengo|Trick|p1a: Gliscor
|-activate|p2a: Gholdengo|move: Trick|[of] p1a: Gliscor
|-item|p1a: Gliscor|Choice Scarf|[from] move: Trick
|-item|p2a: Gholdengo|Toxic Orb|[from] move: Trick
|move|p1a: Gliscor|Knock Off|p2a: Gholdengo
|-supereffective|p2a: Gholdengo
|-damage|p2a: Gholdengo|38/100
|-enditem|p2a: Gholdengo|Toxic Orb|[from] move: Knock Off|[of] p1a: Gliscor
|
|upkeep
|turn|5
|
|t:|1759075025
|move|p1a: Gliscor|Knock Off|p2a: Gholdengo
|-supereffective|p2a: Gholdengo
|-damage|p2a: Gholdengo|3/100
|move|p2a: Gholdengo|Make It Rain|p1a: Gliscor
|-damage|p1a: Gliscor|50/100 tox
|-unboost|p2a: Gholdengo|spa|1
|
|-heal|p1a: Gliscor|63/100 tox|[from] ability: Poison Heal
|upkeep
|turn|6
|
|t:|1759075036
|move|p1a: Gliscor|Knock Off|p2a: Gholdengo
|-supereffective|p2a: Gholdengo
|-damage|p2a: Gholdengo|0 fnt
|faint|p2a: Gholdengo
|
|-heal|p1a: Gliscor|75/100 tox|[from] ability: Poison Heal
|upkeep
|
|t:|1759075042
|switch|p2a: Blaziken|Blaziken, F|100/100
|turn|7
|
|t:|1759075045
|move|p1a: Gliscor|Knock Off|p2a: Blaziken
|-resisted|p2a: Blaziken
|-damage|p2a: Blaziken|85/100
|-enditem|p2a: Blaziken|Heavy-Duty Boots|[from] move: Knock Off|[of] p1a: Gliscor
|move|p2a: Blaziken|Swords Dance|p2a: Blaziken
|-boost|p2a: Blaziken|atk|2
|
|-heal|p1a: Gliscor|88/100 tox|[from] ability: Poison Heal
|-ability|p2a: Blaziken|Speed Boost|boost
|-boost|p2a: Blaziken|spe|1
|upkeep
|turn|8
|
|t:|1759075057
|switch|p1a: Zapdos|Zapdos|100/100
|move|p2a: Blaziken|Swords Dance|p2a: Blaziken
|-boost|p2a: Blaziken|atk|2
|
|-ability|p2a: Blaziken|Speed Boost|boost
|-boost|p2a: Blaziken|spe|1
|upkeep
|turn|9
|
|t:|1759075064
|move|p2a: Blaziken|Flare Blitz|p1a: Zapdos
|-damage|p1a: Zapdos|0 fnt
|faint|p1a: Zapdos
|-damage|p2a: Blaziken|43/100|[from] Recoil
|
|-ability|p2a: Blaziken|Speed Boost|boost
|-boost|p2a: Blaziken|spe|1
|upkeep
|
|t:|1759075069
|switch|p1a: Dragapult|Dragapult, M|100/100
|turn|10
|
|t:|1759075074
|move|p2a: Blaziken|Flare Blitz|p1a: Dragapult
|-resisted|p1a: Dragapult
|-crit|p1a: Dragapult
|-damage|p1a: Dragapult|0 fnt
|faint|p1a: Dragapult
|-damage|p2a: Blaziken|8/100|[from] Recoil
|
|-ability|p2a: Blaziken|Speed Boost|boost
|-boost|p2a: Blaziken|spe|1
|upkeep
|
|t:|1759075086
|switch|p1a: Lycanroc|Lycanroc-Dusk, F|100/100
|-status|p1a: Lycanroc|tox
|turn|11
|
|t:|1759075098
|move|p2a: Blaziken|Protect|p2a: Blaziken
|-singleturn|p2a: Blaziken|Protect
|move|p1a: Lycanroc|Stone Edge|p2a: Blaziken
|-activate|p2a: Blaziken|move: Protect
|
|-damage|p1a: Lycanroc|94/100 tox|[from] psn
|-ability|p2a: Blaziken|Speed Boost|boost
|-boost|p2a: Blaziken|spe|1
|upkeep
|turn|12
|
|t:|1759075126
|switch|p1a: Gliscor|Gliscor, M|88/100 tox
|move|p2a: Blaziken|Close Combat|p1a: Gliscor
|-resisted|p1a: Gliscor
|-damage|p1a: Gliscor|11/100 tox
|-unboost|p2a: Blaziken|def|1
|-unboost|p2a: Blaziken|spd|1
|
|-heal|p1a: Gliscor|24/100 tox|[from] ability: Poison Heal
|-ability|p2a: Blaziken|Speed Boost|boost
|-boost|p2a: Blaziken|spe|1
|upkeep
|turn|13
|
|t:|1759075140
|move|p1a: Gliscor|Protect|p1a: Gliscor
|-singleturn|p1a: Gliscor|Protect
|move|p2a: Blaziken|Close Combat|p1a: Gliscor
|-activate|p1a: Gliscor|move: Protect
|
|-heal|p1a: Gliscor|36/100 tox|[from] ability: Poison Heal
|upkeep
|turn|14
|
|t:|1759075143
|move|p1a: Gliscor|Protect|p1a: Gliscor
|-singleturn|p1a: Gliscor|Protect
|move|p2a: Blaziken|Close Combat|p1a: Gliscor
|-activate|p1a: Gliscor|move: Protect
|
|-heal|p1a: Gliscor|49/100 tox|[from] ability: Poison Heal
|upkeep
|turn|15
|
|t:|1759075146
|move|p1a: Gliscor|Protect||[still]
|-fail|p1a: Gliscor
|move|p2a: Blaziken|Close Combat|p1a: Gliscor
|-resisted|p1a: Gliscor
|-damage|p1a: Gliscor|0 fnt
|-unboost|p2a: Blaziken|def|1
|-unboost|p2a: Blaziken|spd|1
|faint|p1a: Gliscor
|
|upkeep
|
|t:|1759075155
|switch|p1a: Lycanroc|Lycanroc-Dusk, F|94/100 tox
|turn|16
|
|t:|1759075158
|move|p2a: Blaziken|Protect|p2a: Blaziken
|-singleturn|p2a: Blaziken|Protect
|move|p1a: Lycanroc|Accelerock|p2a: Blaziken
|-activate|p2a: Blaziken|move: Protect
|
|-damage|p1a: Lycanroc|88/100 tox|[from] psn
|upkeep
|turn|17
|
|t:|1759075170
|switch|p2a: Gliscor|Gliscor, F|100/100
|switch|p1a: Hoopa|Hoopa-Unbound|100/100
|-status|p1a: Hoopa|tox
|
|-damage|p1a: Hoopa|94/100 tox|[from] psn
|-status|p2a: Gliscor|tox|[from] item: Toxic Orb
|upkeep
|turn|18
|
|t:|1759075180
|switch|p2a: Kingambit|Kingambit, F|100/100
|-activate|p2a: Kingambit|ability: Supreme Overlord
|-start|p2a: Kingambit|fallen2|[silent]
|move|p1a: Hoopa|Psychic Noise|p2a: Kingambit
|-immune|p2a: Kingambit
|
|-damage|p1a: Hoopa|82/100 tox|[from] psn
|upkeep
|turn|19
|
|t:|1759075190
|move|p2a: Kingambit|Sucker Punch|p1a: Hoopa
|-damage|p1a: Hoopa|17/100 tox
|move|p1a: Hoopa|Focus Blast|p2a: Kingambit
|-supereffective|p2a: Kingambit
|-damage|p2a: Kingambit|0 fnt
|faint|p2a: Kingambit
|-end|p2a: Kingambit|fallen2|[silent]
|
|-damage|p1a: Hoopa|0 fnt|[from] psn
|faint|p1a: Hoopa
|upkeep
|
|t:|1759075204
|switch|p1a: Iron Treads|Iron Treads|57/100
|switch|p2a: Gliscor|Gliscor, F|100/100 tox
|turn|20
|
|t:|1759075211
|move|p1a: Iron Treads|Rapid Spin|p2a: Gliscor
|-damage|p2a: Gliscor|92/100 tox
|-boost|p1a: Iron Treads|spe|1
|-sideend|p1: RighteousHideous|Toxic Spikes|[from] move: Rapid Spin|[of] p1a: Iron Treads
|move|p2a: Gliscor|Earthquake|p1a: Iron Treads
|-supereffective|p1a: Iron Treads
|-damage|p1a: Iron Treads|10/100
|
|-heal|p1a: Iron Treads|16/100|[from] item: Leftovers
|-heal|p2a: Gliscor|100/100 tox|[from] ability: Poison Heal
|upkeep
|turn|21
|
|t:|1759075215
|move|p1a: Iron Treads|Stealth Rock|p2a: Gliscor
|-sidestart|p2: AresGames629|move: Stealth Rock
|move|p2a: Gliscor|Earthquake|p1a: Iron Treads
|-supereffective|p1a: Iron Treads
|-damage|p1a: Iron Treads|0 fnt
|faint|p1a: Iron Treads
|-end|p1a: Iron Treads|Quark Drive|[silent]
|
|upkeep
|-message|RighteousHideous forfeited.
|
|win|AresGames629
|raw|RighteousHideous's rating: 1354 &rarr; <strong>1335</strong><br />(-19 for losing)
|raw|AresGames629's rating: 1369 &rarr; <strong>1388</strong><br />(+19 for winning)
|l|☆RighteousHideous
|player|p1|
