|badge|p2|bronze|gen9ru|100-6
|uhtml|medal-msg|<div class="broadcast-blue">Curious what those medals under the avatar are? PS now has Ladder Seasons! For more information, check out the <a href="https://www.smogon.com/forums/threads/3740067/">thread on Smogon.</a></div>
|j|☆sikort
|j|☆somepepper
|t:|1758918213
|gametype|singles
|player|p1|sikort|byron|1264
|player|p2|somepepper|scientist|1321
|gen|9
|tier|[Gen 9] OU
|rated|
|rule|HP Percentage Mod: HP is shown in percentages
|rule|Endless Battle Clause: Forcing endless battles is banned
|rule|Species Clause: Limit one of each Pokémon
|rule|OHKO Clause: OHKO moves are banned
|rule|Evasion Items Clause: Evasion items are banned
|rule|Evasion Moves Clause: Evasion moves are banned
|rule|Evasion Abilities Clause: Evasion abilities are banned
|rule|Sleep Moves Clause: Sleep-inducing moves are banned
|clearpoke
|poke|p1|Great Tusk|
|poke|p1|Moltres|
|poke|p1|Araquanid, M|
|poke|p1|Dragapult, M|
|poke|p1|Iron Valiant|
|poke|p1|Meowscarada, F|
|poke|p2|Gardevoir, F|
|poke|p2|Greninja-*, M|
|poke|p2|Blaziken, M|
|poke|p2|Shiftry, M|
|poke|p2|Banette, M|
|poke|p2|Bisharp, M|
|teampreview
|c|☆somepepper|hf
|
|t:|1758918250
|teamsize|p1|6
|teamsize|p2|6
|start
|switch|p1a: Araquanid|Araquanid, M, shiny|100/100
|switch|p2a: Victor|Banette, M|100/100
|-item|p1a: Araquanid|Focus Sash|[from] ability: Frisk|[of] p2a: Victor
|turn|1
|
|t:|1758918256
|move|p2a: Victor|Poltergeist|p1a: Araquanid
|-activate|p1a: Araquanid|move: Poltergeist|Focus Sash
|-damage|p1a: Araquanid|39/100
|move|p1a: Araquanid|Sticky Web|p2a: Victor
|-sidestart|p2: somepepper|move: Sticky Web
|
|upkeep
|turn|2
|
|t:|1758918267
|move|p2a: Victor|Poltergeist|p1a: Araquanid
|-activate|p1a: Araquanid|move: Poltergeist|Focus Sash
|-damage|p1a: Araquanid|0 fnt
|faint|p1a: Araquanid
|
|upkeep
|
|t:|1758918273
|switch|p1a: Meowscarada|Meowscarada, F|100/100
|turn|3
|
|t:|1758918277
|move|p1a: Meowscarada|Knock Off|p2a: Victor
|-start|p1a: Meowscarada|typechange|Dark|[from] ability: Protean
|-supereffective|p2a: Victor
|-enditem|p2a: Victor|Focus Sash
|-damage|p2a: Victor|1/100
|move|p2a: Victor|Pain Split|p1a: Meowscarada
|-sethp|p1a: Meowscarada|51/100|[from] move: Pain Split|[silent]
|-sethp|p2a: Victor|55/100|[from] move: Pain Split
|
|upkeep
|turn|4
|
|t:|1758918286
|move|p2a: Victor|Sucker Punch|p1a: Meowscarada
|-resisted|p1a: Meowscarada
|-damage|p1a: Meowscarada|32/100
|move|p1a: Meowscarada|Knock Off|p2a: Victor
|-supereffective|p2a: Victor
|-damage|p2a: Victor|0 fnt
|faint|p2a: Victor
|
|upkeep
|
|t:|1758918303
|switch|p2a: Percy|Bisharp, M|100/100
|-activate|p2a: Percy|move: Sticky Web
|-unboost|p2a: Percy|spe|1
|-ability|p2a: Percy|Defiant|boost
|-boost|p2a: Percy|atk|2
|turn|5
|
|t:|1758918309
|switch|p1a: Moltres|Moltres|100/100
|move|p2a: Percy|Iron Head|p1a: Moltres
|-resisted|p1a: Moltres
|-damage|p1a: Moltres|75/100
|-status|p2a: Percy|brn|[from] ability: Flame Body|[of] p1a: Moltres
|
|-damage|p2a: Percy|94/100 brn|[from] brn
|upkeep
|turn|6
|
|t:|1758918323
|switch|p2a: Mindy|Gardevoir, F|100/100
|-activate|p2a: Mindy|move: Sticky Web
|-unboost|p2a: Mindy|spe|1
|-ability|p2a: Mindy|Flame Body|Trace|[from] ability: Trace|[of] p1a: Moltres
|move|p1a: Moltres|Flamethrower|p2a: Mindy
|-damage|p2a: Mindy|78/100
|
|upkeep
|turn|7
|
|t:|1758918333
|move|p1a: Moltres|Flamethrower|p2a: Mindy
|-damage|p2a: Mindy|57/100
|-status|p2a: Mindy|brn
|move|p2a: Mindy|Psyshock|p1a: Moltres
|-damage|p1a: Moltres|48/100
|
|-damage|p2a: Mindy|51/100 brn|[from] brn
|upkeep
|turn|8
|
|t:|1758918343
|move|p1a: Moltres|Roost|p1a: Moltres
|-heal|p1a: Moltres|98/100
|-singleturn|p1a: Moltres|move: Roost
|move|p2a: Mindy|Moonblast|p1a: Moltres
|-resisted|p1a: Moltres
|-damage|p1a: Moltres|72/100
|
|-damage|p2a: Mindy|45/100 brn|[from] brn
|upkeep
|turn|9
|
|t:|1758918354
|move|p1a: Moltres|Flamethrower|p2a: Mindy
|-damage|p2a: Mindy|24/100 brn
|move|p2a: Mindy|Psyshock|p1a: Moltres
|-damage|p1a: Moltres|46/100
|
|-damage|p2a: Mindy|18/100 brn|[from] brn
|upkeep
|turn|10
|
|t:|1758918362
|move|p1a: Moltres|Roost|p1a: Moltres
|-heal|p1a: Moltres|96/100
|-singleturn|p1a: Moltres|move: Roost
|move|p2a: Mindy|Psyshock|p1a: Moltres
|-damage|p1a: Moltres|69/100
|
|-damage|p2a: Mindy|12/100 brn|[from] brn
|upkeep
|turn|11
|
|t:|1758918370
|move|p1a: Moltres|U-turn|p2a: Mindy
|-damage|p2a: Mindy|0 fnt
|faint|p2a: Mindy
|
|t:|1758918374
|switch|p1a: Great Tusk|Great Tusk|100/100|[from] U-turn
|
|upkeep
|
|t:|1758918392
|switch|p2a: Colin|Shiftry, M|100/100
|-activate|p2a: Colin|move: Sticky Web
|-unboost|p2a: Colin|spe|1
|turn|12
|
|t:|1758918399
|move|p1a: Great Tusk|Ice Spinner|p2a: Colin
|-supereffective|p2a: Colin
|-damage|p2a: Colin|39/100
|move|p2a: Colin|Defog|p1a: Great Tusk
|-unboost|p1a: Great Tusk|evasion|1
|-sideend|p2: somepepper|Sticky Web|[from] move: Defog|[of] p2a: Colin
|
|upkeep
|turn|13
|
|t:|1758918406
|move|p2a: Colin|Endure|p2a: Colin
|-singleturn|p2a: Colin|move: Endure
|move|p1a: Great Tusk|Ice Spinner|p2a: Colin
|-supereffective|p2a: Colin
|-activate|p2a: Colin|move: Endure
|-damage|p2a: Colin|1/100
|
|upkeep
|turn|14
|-enditem|p2a: Colin|Custap Berry|[eat]
|-activate|p2a: Colin|item: Custap Berry|[consumed]
|
|t:|1758918412
|move|p2a: Colin|Leaf Blade|p1a: Great Tusk
|-supereffective|p1a: Great Tusk
|-damage|p1a: Great Tusk|42/100
|move|p1a: Great Tusk|Ice Spinner|p2a: Colin
|-supereffective|p2a: Colin
|-damage|p2a: Colin|0 fnt
|faint|p2a: Colin
|
|upkeep
|
|t:|1758918422
|switch|p2a: Shane|Greninja, M|100/100
|turn|15
|
|t:|1758918428
|move|p2a: Shane|Surf|p1a: Great Tusk
|-supereffective|p1a: Great Tusk
|-damage|p1a: Great Tusk|0 fnt
|faint|p1a: Great Tusk
|-end|p1a: Great Tusk|Protosynthesis|[silent]
|-ability|p2a: Shane|Battle Bond|boost
|-boost|p2a: Shane|atk|1
|-boost|p2a: Shane|spa|1
|-boost|p2a: Shane|spe|1
|-activate|p2a: Shane|ability: Battle Bond
|
|upkeep
|
|t:|1758918438
|switch|p1a: Meowscarada|Meowscarada, F|32/100
|turn|16
|
|t:|1758918453
|switch|p2a: Percy|Bisharp, M|94/100 brn
|move|p1a: Meowscarada|Flower Trick|p2a: Percy
|-start|p1a: Meowscarada|typechange|Grass|[from] ability: Protean
|-resisted|p2a: Percy
|-crit|p2a: Percy
|-damage|p2a: Percy|69/100 brn
|
|-damage|p2a: Percy|63/100 brn|[from] brn
|upkeep
|turn|17
|
|t:|1758918463
|switch|p1a: Moltres|Moltres|69/100
|move|p2a: Percy|Swords Dance|p2a: Percy
|-boost|p2a: Percy|atk|2
|
|-damage|p2a: Percy|57/100 brn|[from] brn
|upkeep
|turn|18
|
|t:|1758918471
|move|p2a: Percy|Sucker Punch||[still]
|-fail|p2a: Percy
|move|p1a: Moltres|Roost|p1a: Moltres
|-heal|p1a: Moltres|100/100
|-singleturn|p1a: Moltres|move: Roost
|
|-damage|p2a: Percy|51/100 brn|[from] brn
|upkeep
|turn|19
|
|t:|1758918478
|move|p2a: Percy|Sucker Punch|p1a: Moltres
|-damage|p1a: Moltres|80/100
|move|p1a: Moltres|Flamethrower|p2a: Percy
|-supereffective|p2a: Percy
|-damage|p2a: Percy|1/100 brn
|
|-damage|p2a: Percy|0 fnt|[from] brn
|faint|p2a: Percy
|upkeep
|
|t:|1758918485
|switch|p2a: Shane|Greninja, M|100/100
|turn|20
|
|t:|1758918490
|-terastallize|p2a: Shane|Water
|move|p2a: Shane|Surf|p1a: Moltres
|-supereffective|p1a: Moltres
|-damage|p1a: Moltres|0 fnt
|faint|p1a: Moltres
|
|upkeep
|
|t:|1758918496
|switch|p1a: Meowscarada|Meowscarada, F|32/100
|turn|21
|
|t:|1758918500
|move|p1a: Meowscarada|Flower Trick|p2a: Shane
|-start|p1a: Meowscarada|typechange|Grass|[from] ability: Protean
|-supereffective|p2a: Shane
|-crit|p2a: Shane
|-damage|p2a: Shane|0 fnt
|faint|p2a: Shane
|
|upkeep
|
|t:|1758918506
|switch|p2a: Cole|Blaziken, M|100/100
|turn|22
|
|t:|1758918509
|switch|p1a: Dragapult|Dragapult, M, shiny|100/100
|move|p2a: Cole|Swords Dance|p2a: Cole
|-boost|p2a: Cole|atk|2
|
|-ability|p2a: Cole|Speed Boost|boost
|-boost|p2a: Cole|spe|1
|upkeep
|turn|23
|
|t:|1758918522
|-terastallize|p1a: Dragapult|Ghost
|move|p2a: Cole|Detect|p2a: Cole
|-singleturn|p2a: Cole|Protect
|move|p1a: Dragapult|Shadow Ball|p2a: Cole
|-activate|p2a: Cole|move: Protect
|
|-ability|p2a: Cole|Speed Boost|boost
|-boost|p2a: Cole|spe|1
|upkeep
|turn|24
|
|t:|1758918531
|move|p2a: Cole|Knock Off|p1a: Dragapult
|-supereffective|p1a: Dragapult
|-damage|p1a: Dragapult|0 fnt
|-enditem|p1a: Dragapult|Choice Specs|[from] move: Knock Off|[of] p2a: Cole
|faint|p1a: Dragapult
|
|-ability|p2a: Cole|Speed Boost|boost
|-boost|p2a: Cole|spe|1
|upkeep
|
|t:|1758918538
|switch|p1a: Iron Valiant|Iron Valiant, shiny|100/100
|-enditem|p1a: Iron Valiant|Booster Energy
|-activate|p1a: Iron Valiant|ability: Quark Drive|[fromitem]
|-start|p1a: Iron Valiant|quarkdrivespe
|turn|25
|
|t:|1758918542
|move|p2a: Cole|Swords Dance|p2a: Cole
|-boost|p2a: Cole|atk|2
|move|p1a: Iron Valiant|Psyshock|p2a: Cole
|-supereffective|p2a: Cole
|-damage|p2a: Cole|25/100
|
|-ability|p2a: Cole|Speed Boost|boost
|-boost|p2a: Cole|spe|1
|upkeep
|turn|26
|
|t:|1758918550
|move|p2a: Cole|Detect|p2a: Cole
|-singleturn|p2a: Cole|Protect
|move|p1a: Iron Valiant|Psyshock|p2a: Cole
|-activate|p2a: Cole|move: Protect
|
|-ability|p2a: Cole|Speed Boost|boost
|-boost|p2a: Cole|spe|1
|upkeep
|turn|27
|
|t:|1758918556
|move|p2a: Cole|Close Combat|p1a: Iron Valiant
|-resisted|p1a: Iron Valiant
|-damage|p1a: Iron Valiant|0 fnt
|-unboost|p2a: Cole|def|1
|-unboost|p2a: Cole|spd|1
|faint|p1a: Iron Valiant
|-end|p1a: Iron Valiant|Quark Drive|[silent]
|
|-ability|p2a: Cole|Speed Boost|boost
|-boost|p2a: Cole|spe|1
|upkeep
|
|t:|1758918564
|switch|p1a: Meowscarada|Meowscarada, F|32/100
|turn|28
|
|t:|1758918567
|move|p2a: Cole|Close Combat|p1a: Meowscarada
|-supereffective|p1a: Meowscarada
|-damage|p1a: Meowscarada|0 fnt
|-unboost|p2a: Cole|def|1
|-unboost|p2a: Cole|spd|1
|faint|p1a: Meowscarada
|
|win|somepepper
|raw|sikort's rating: 1264 &rarr; <strong>1243</strong><br />(-21 for losing)
|raw|somepepper's rating: 1321 &rarr; <strong>1338</strong><br />(+17 for winning)
|l|☆sikort
|player|p1|
|c|☆somepepper|gg
|l|☆somepepper
|player|p2|
