|j|☆tomatoparis
|j|☆smogonules
|t:|1758996533
|gametype|singles
|player|p1|tomatoparis|266|1496
|player|p2|smogonules|266|1542
|gen|9
|tier|[Gen 9] OU
|rated|
|rule|HP Percentage Mod: HP is shown in percentages
|rule|Endless Battle Clause: Forcing endless battles is banned
|rule|Species Clause: Limit one of each Pokémon
|rule|OHKO Clause: OHKO moves are banned
|rule|Evasion Items Clause: Evasion items are banned
|rule|Evasion Moves Clause: Evasion moves are banned
|rule|Evasion Abilities Clause: Evasion abilities are banned
|rule|Sleep Moves Clause: Sleep-inducing moves are banned
|clearpoke
|poke|p1|Pelipper, M|
|poke|p1|Zamazenta-*|
|poke|p1|Kingdra, M|
|poke|p1|Barraskewda, M|
|poke|p1|Dondozo, M|
|poke|p1|Beartic, M|
|poke|p2|Jirachi|
|poke|p2|Great Tusk|
|poke|p2|Latios, M|
|poke|p2|Gardevoir, F|
|poke|p2|Polteageist|
|poke|p2|Crawdaunt, F|
|teampreview
|
|t:|1758996547
|teamsize|p1|6
|teamsize|p2|6
|start
|switch|p1a: Pelipper|Pelipper, M|100/100
|switch|p2a: Chamomile|Jirachi|100/100
|-weather|RainDance|[from] ability: Drizzle|[of] p1a: Pelipper
|turn|1
|
|t:|1758996590
|switch|p1a: Beartic|Beartic, M|100/100
|move|p2a: Chamomile|Stealth Rock|p1a: Beartic
|-sidestart|p1: tomatoparis|move: Stealth Rock
|
|-weather|RainDance|[upkeep]
|upkeep
|turn|2
|
|t:|1758996605
|move|p1a: Beartic|Earthquake|p2a: Chamomile
|-supereffective|p2a: Chamomile
|-damage|p2a: Chamomile|29/100
|move|p2a: Chamomile|Thunder Wave|p1a: Beartic
|-status|p1a: Beartic|par
|
|-weather|RainDance|[upkeep]
|upkeep
|turn|3
|
|t:|1758996610
|move|p2a: Chamomile|Iron Head|p1a: Beartic
|-supereffective|p1a: Beartic
|-damage|p1a: Beartic|18/100 par
|cant|p1a: Beartic|flinch
|
|-weather|RainDance|[upkeep]
|upkeep
|turn|4
|
|t:|1758996621
|switch|p1a: Dondozo|Dondozo, M|100/100
|-damage|p1a: Dondozo|88/100|[from] Stealth Rock
|move|p2a: Chamomile|Thunder Wave|p1a: Dondozo
|-status|p1a: Dondozo|par
|
|-weather|RainDance|[upkeep]
|upkeep
|turn|5
|
|t:|1758996632
|move|p2a: Chamomile|Iron Head|p1a: Dondozo
|-resisted|p1a: Dondozo
|-damage|p1a: Dondozo|80/100 par
|-damage|p2a: Chamomile|13/100|[from] item: Rocky Helmet|[of] p1a: Dondozo
|cant|p1a: Dondozo|flinch
|
|-weather|RainDance|[upkeep]
|upkeep
|turn|6
|
|t:|1758996636
|move|p2a: Chamomile|Iron Head|p1a: Dondozo
|-resisted|p1a: Dondozo
|-damage|p1a: Dondozo|72/100 par
|-damage|p2a: Chamomile|0 fnt|[from] item: Rocky Helmet|[of] p1a: Dondozo
|faint|p2a: Chamomile
|move|p1a: Dondozo|Rest|p1a: Dondozo
|-status|p1a: Dondozo|slp|[from] move: Rest
|-heal|p1a: Dondozo|100/100 slp|[silent]
|
|-weather|RainDance|[upkeep]
|upkeep
|
|t:|1758996638
|switch|p2a: Biscuit|Polteageist|100/100
|turn|7
|
|t:|1758996647
|switch|p1a: Beartic|Beartic, M|18/100 par
|move|p2a: Biscuit|Shell Smash|p2a: Biscuit
|-unboost|p2a: Biscuit|def|1
|-unboost|p2a: Biscuit|spd|1
|-boost|p2a: Biscuit|atk|2
|-boost|p2a: Biscuit|spa|2
|-boost|p2a: Biscuit|spe|2
|
|-weather|RainDance|[upkeep]
|upkeep
|turn|8
|
|t:|1758996653
|move|p2a: Biscuit|Shadow Ball|p1a: Beartic
|-damage|p1a: Beartic|0 fnt
|faint|p1a: Beartic
|
|-weather|none
|upkeep
|
|t:|1758996659
|switch|p1a: Zamazenta|Zamazenta|100/100
|-damage|p1a: Zamazenta|94/100|[from] Stealth Rock
|-ability|p1a: Zamazenta|Dauntless Shield|boost
|-boost|p1a: Zamazenta|def|1
|turn|9
|
|t:|1758996661
|move|p2a: Biscuit|Stored Power|p1a: Zamazenta
|-supereffective|p1a: Zamazenta
|-damage|p1a: Zamazenta|0 fnt
|faint|p1a: Zamazenta
|
|upkeep
|
|t:|1758996666
|switch|p1a: Pelipper|Pelipper, M|100/100
|-damage|p1a: Pelipper|76/100|[from] Stealth Rock
|-weather|RainDance|[from] ability: Drizzle|[of] p1a: Pelipper
|turn|10
|
|t:|1758996680
|move|p2a: Biscuit|Stored Power|p1a: Pelipper
|-damage|p1a: Pelipper|0 fnt
|faint|p1a: Pelipper
|
|-weather|RainDance|[upkeep]
|upkeep
|
|t:|1758996685
|switch|p1a: Kingdra|Kingdra, M|100/100
|-damage|p1a: Kingdra|88/100|[from] Stealth Rock
|turn|11
|
|t:|1758996691
|move|p1a: Kingdra|Surf|p2a: Biscuit
|-crit|p2a: Biscuit
|-enditem|p2a: Biscuit|Focus Sash
|-damage|p2a: Biscuit|1/100
|-damage|p1a: Kingdra|78/100|[from] item: Life Orb
|move|p2a: Biscuit|Shell Smash|p2a: Biscuit
|-unboost|p2a: Biscuit|def|1
|-unboost|p2a: Biscuit|spd|1
|-boost|p2a: Biscuit|atk|2
|-boost|p2a: Biscuit|spa|2
|-boost|p2a: Biscuit|spe|2
|
|-weather|RainDance|[upkeep]
|upkeep
|turn|12
|
|t:|1758996698
|move|p2a: Biscuit|Giga Drain|p1a: Kingdra
|-damage|p1a: Kingdra|0 fnt
|-heal|p2a: Biscuit|44/100|[from] drain|[of] p1a: Kingdra
|faint|p1a: Kingdra
|
|-weather|RainDance|[upkeep]
|upkeep
|
|t:|1758996700
|switch|p1a: Barraskewda|Barraskewda, M|100/100
|-damage|p1a: Barraskewda|88/100|[from] Stealth Rock
|turn|13
|
|t:|1758996703
|move|p1a: Barraskewda|Waterfall|p2a: Biscuit
|-damage|p2a: Biscuit|0 fnt
|faint|p2a: Biscuit
|
|-weather|RainDance|[upkeep]
|upkeep
|
|t:|1758996705
|switch|p2a: Syrup|Latios, M|100/100
|turn|14
|
|t:|1758996707
|move|p1a: Barraskewda|Waterfall|p2a: Syrup
|-resisted|p2a: Syrup
|-damage|p2a: Syrup|41/100
|move|p2a: Syrup|Reflect|p2a: Syrup
|-sidestart|p2: smogonules|Reflect
|
|-weather|RainDance|[upkeep]
|upkeep
|turn|15
|
|t:|1758996712
|move|p1a: Barraskewda|Waterfall|p2a: Syrup
|-resisted|p2a: Syrup
|-damage|p2a: Syrup|9/100
|cant|p2a: Syrup|flinch
|
|-weather|RainDance|[upkeep]
|upkeep
|turn|16
|
|t:|1758996714
|move|p1a: Barraskewda|Waterfall|p2a: Syrup
|-resisted|p2a: Syrup
|-damage|p2a: Syrup|0 fnt
|faint|p2a: Syrup
|
|-weather|RainDance|[upkeep]
|upkeep
|
|t:|1758996715
|switch|p2a: Scampi|Crawdaunt, F|100/100
|turn|17
|
|t:|1758996719
|switch|p1a: Dondozo|Dondozo, M|100/100 slp
|-damage|p1a: Dondozo|88/100 slp|[from] Stealth Rock
|move|p2a: Scampi|Swords Dance|p2a: Scampi
|-boost|p2a: Scampi|atk|2
|
|-weather|none
|upkeep
|turn|18
|
|t:|1758996723
|move|p2a: Scampi|Knock Off|p1a: Dondozo
|-damage|p1a: Dondozo|48/100 slp
|-damage|p2a: Scampi|84/100|[from] item: Rocky Helmet|[of] p1a: Dondozo
|-enditem|p1a: Dondozo|Rocky Helmet|[from] move: Knock Off|[of] p2a: Scampi
|-damage|p2a: Scampi|74/100|[from] item: Life Orb
|cant|p1a: Dondozo|slp
|move|p1a: Dondozo|Sleep Talk|p1a: Dondozo
|move|p1a: Dondozo|Curse|p1a: Dondozo|[from] move: Sleep Talk
|-unboost|p1a: Dondozo|spe|1
|-boost|p1a: Dondozo|atk|1
|-boost|p1a: Dondozo|def|1
|
|upkeep
|turn|19
|
|t:|1758996726
|move|p2a: Scampi|Crabhammer|p1a: Dondozo
|-resisted|p1a: Dondozo
|-damage|p1a: Dondozo|33/100 slp
|-damage|p2a: Scampi|65/100|[from] item: Life Orb
|cant|p1a: Dondozo|slp
|
|upkeep
|turn|20
|
|t:|1758996732
|move|p2a: Scampi|Crabhammer|p1a: Dondozo
|-resisted|p1a: Dondozo
|-damage|p1a: Dondozo|18/100 slp
|-damage|p2a: Scampi|55/100|[from] item: Life Orb
|-curestatus|p1a: Dondozo|slp|[msg]
|move|p1a: Dondozo|Rest|p1a: Dondozo
|-status|p1a: Dondozo|slp|[from] move: Rest
|-heal|p1a: Dondozo|100/100 slp|[silent]
|
|upkeep
|turn|21
|
|t:|1758996734
|switch|p2a: Cucumber|Gardevoir, F|100/100
|-ability|p2a: Cucumber|Unaware|Trace|[from] ability: Trace|[of] p1a: Dondozo
|cant|p1a: Dondozo|slp
|move|p1a: Dondozo|Sleep Talk|p1a: Dondozo
|move|p1a: Dondozo|Curse|p1a: Dondozo|[from] move: Sleep Talk
|-unboost|p1a: Dondozo|spe|1
|-boost|p1a: Dondozo|atk|1
|-boost|p1a: Dondozo|def|1
|
|-sideend|p2: smogonules|Reflect
|upkeep
|turn|22
|
|t:|1758996744
|-terastallize|p1a: Dondozo|Dragon
|move|p2a: Cucumber|Calm Mind|p2a: Cucumber
|-boost|p2a: Cucumber|spa|1
|-boost|p2a: Cucumber|spd|1
|cant|p1a: Dondozo|slp
|
|upkeep
|turn|23
|
|t:|1758996754
|move|p2a: Cucumber|Calm Mind|p2a: Cucumber
|-boost|p2a: Cucumber|spa|1
|-boost|p2a: Cucumber|spd|1
|-curestatus|p1a: Dondozo|slp|[msg]
|move|p1a: Dondozo|Wave Crash|p2a: Cucumber
|-damage|p2a: Cucumber|44/100
|-damage|p1a: Dondozo|88/100|[from] Recoil
|
|upkeep
|turn|24
|
|t:|1758996759
|move|p2a: Cucumber|Draining Kiss|p1a: Dondozo
|-supereffective|p1a: Dondozo
|-damage|p1a: Dondozo|45/100
|-heal|p2a: Cucumber|92/100|[from] drain|[of] p1a: Dondozo
|move|p1a: Dondozo|Wave Crash|p2a: Cucumber
|-damage|p2a: Cucumber|28/100
|-damage|p1a: Dondozo|31/100|[from] Recoil
|
|upkeep
|turn|25
|
|t:|1758996766
|move|p2a: Cucumber|Draining Kiss|p1a: Dondozo
|-supereffective|p1a: Dondozo
|-damage|p1a: Dondozo|0 fnt
|-heal|p2a: Cucumber|62/100|[from] drain|[of] p1a: Dondozo
|faint|p1a: Dondozo
|
|upkeep
|
|t:|1758996769
|switch|p1a: Barraskewda|Barraskewda, M|88/100
|-damage|p1a: Barraskewda|76/100|[from] Stealth Rock
|turn|26
|
|t:|1758996774
|move|p1a: Barraskewda|Waterfall|p2a: Cucumber
|-damage|p2a: Cucumber|0 fnt
|faint|p2a: Cucumber
|
|upkeep
|
|t:|1758996775
|switch|p2a: Spud|Great Tusk|100/100
|turn|27
|
|t:|1758996778
|-terastallize|p2a: Spud|Poison
|move|p1a: Barraskewda|Waterfall|p2a: Spud
|-damage|p2a: Spud|55/100
|move|p2a: Spud|Earthquake|p1a: Barraskewda
|-damage|p1a: Barraskewda|0 fnt
|faint|p1a: Barraskewda
|
|win|smogonules
|raw|tomatoparis's rating: 1496 &rarr; <strong>1479</strong><br />(-17 for losing)
|raw|smogonules's rating: 1542 &rarr; <strong>1559</strong><br />(+17 for winning)
|l|☆smogonules
|player|p2|
|l|☆tomatoparis
|player|p1|
