|badge|p2|bronze|gen9ou|100-6
|html|<div class="broadcast-red"><strong>This battle is required to be public due to one or more player having a season medal.</strong><br />During the public phase, you can discuss the state of the ladder <a href="/seasondiscussion">in a special chatroom.</a></div>
|uhtml|medal-msg|<div class="broadcast-blue">Curious what those medals under the avatar are? PS now has Ladder Seasons! For more information, check out the <a href="https://www.smogon.com/forums/threads/3740067/">thread on Smogon.</a></div>
|raw|<div class="broadcast-blue"><strong>This battle is required to be public due to a player having a name starting with 'medal'.</div>
|j|☆ototo benn beckman
|j|☆mcribs
|t:|1759067685
|gametype|singles
|player|p1|ototo benn beckman|roxanne|1711
|player|p2|mcribs|101|1748
|gen|9
|tier|[Gen 9] OU
|rated|
|rule|HP Percentage Mod: HP is shown in percentages
|rule|Endless Battle Clause: Forcing endless battles is banned
|rule|Species Clause: Limit one of each Pokémon
|rule|OHKO Clause: OHKO moves are banned
|rule|Evasion Items Clause: Evasion items are banned
|rule|Evasion Moves Clause: Evasion moves are banned
|rule|Evasion Abilities Clause: Evasion abilities are banned
|rule|Sleep Moves Clause: Sleep-inducing moves are banned
|clearpoke
|poke|p1|Scizor, M|
|poke|p1|Magnezone|
|poke|p1|Great Tusk|
|poke|p1|Greninja-*, M|
|poke|p1|Moltres|
|poke|p1|Alomomola, F|
|poke|p2|Samurott-Hisui, F|
|poke|p2|Raging Bolt|
|poke|p2|Tornadus-Therian, M|
|poke|p2|Iron Valiant|
|poke|p2|Iron Treads|
|poke|p2|Gholdengo|
|teampreview
|inactive|Battle timer is ON: inactive players will automatically lose when time's up. (requested by mcribs)
|
|t:|1759067708
|teamsize|p1|6
|teamsize|p2|6
|start
|switch|p1a: Greninja|Greninja, M|100/100
|switch|p2a: Tornadus|Tornadus-Therian, M|100/100
|turn|1
|
|t:|1759067720
|move|p1a: Greninja|Ice Beam|p2a: Tornadus
|-start|p1a: Greninja|typechange|Ice|[from] ability: Protean
|-supereffective|p2a: Tornadus
|-crit|p2a: Tornadus
|-damage|p2a: Tornadus|0 fnt
|faint|p2a: Tornadus
|
|upkeep
|
|t:|1759067725
|switch|p2a: Samurott|Samurott-Hisui, F|100/100
|turn|2
|
|t:|1759067726
|switch|p1a: Moltres|Moltres|100/100
|move|p2a: Samurott|Knock Off|p1a: Moltres
|-damage|p1a: Moltres|71/100
|-status|p2a: Samurott|brn|[from] ability: Flame Body|[of] p1a: Moltres
|-enditem|p1a: Moltres|Heavy-Duty Boots|[from] move: Knock Off|[of] p2a: Samurott
|
|-damage|p2a: Samurott|94/100 brn|[from] brn
|upkeep
|turn|3
|
|t:|1759067729
|move|p2a: Samurott|Ceaseless Edge|p1a: Moltres
|-damage|p1a: Moltres|58/100
|-sidestart|p1: ototo benn beckman|Spikes
|move|p1a: Moltres|U-turn|p2a: Samurott
|-supereffective|p2a: Samurott
|-damage|p2a: Samurott|63/100 brn
|
|t:|1759067732
|switch|p1a: Greninja|Greninja, M|100/100|[from] U-turn
|-damage|p1a: Greninja|88/100|[from] Spikes
|
|-damage|p2a: Samurott|57/100 brn|[from] brn
|upkeep
|turn|4
|
|t:|1759067737
|switch|p2a: Raging Bolt|Raging Bolt|100/100
|move|p1a: Greninja|U-turn|p2a: Raging Bolt
|-start|p1a: Greninja|typechange|Bug|[from] ability: Protean
|-crit|p2a: Raging Bolt
|-damage|p2a: Raging Bolt|67/100
|
|t:|1759067739
|switch|p1a: Great Tusk|Great Tusk|100/100|[from] U-turn
|-damage|p1a: Great Tusk|88/100|[from] Spikes
|
|-heal|p1a: Great Tusk|94/100|[from] item: Leftovers
|-heal|p2a: Raging Bolt|73/100|[from] item: Leftovers
|upkeep
|turn|5
|
|t:|1759067742
|-end|p2a: Raging Bolt|Protosynthesis|[silent]
|switch|p2a: Gholdengo|Gholdengo|100/100
|-item|p2a: Gholdengo|Air Balloon
|move|p1a: Great Tusk|Ice Spinner|p2a: Gholdengo
|-resisted|p2a: Gholdengo
|-damage|p2a: Gholdengo|91/100
|-enditem|p2a: Gholdengo|Air Balloon
|
|-heal|p1a: Great Tusk|100/100|[from] item: Leftovers
|upkeep
|turn|6
|
|t:|1759067744
|move|p1a: Great Tusk|Headlong Rush|p2a: Gholdengo
|-supereffective|p2a: Gholdengo
|-damage|p2a: Gholdengo|1/100
|-unboost|p1a: Great Tusk|def|1
|-unboost|p1a: Great Tusk|spd|1
|move|p2a: Gholdengo|Make It Rain|p1a: Great Tusk
|-damage|p1a: Great Tusk|0 fnt
|-unboost|p2a: Gholdengo|spa|1
|faint|p1a: Great Tusk
|-end|p1a: Great Tusk|Protosynthesis|[silent]
|
|upkeep
|
|t:|1759067751
|switch|p1a: Alomomola|Alomomola, F|100/100
|-damage|p1a: Alomomola|88/100|[from] Spikes
|turn|7
|
|t:|1759067753
|move|p2a: Gholdengo|Thunder Wave|p1a: Alomomola
|-status|p1a: Alomomola|par
|cant|p1a: Alomomola|par
|
|upkeep
|turn|8
|
|t:|1759067756
|cant|p1a: Alomomola|par
|move|p2a: Gholdengo|Recover|p2a: Gholdengo
|-heal|p2a: Gholdengo|51/100
|
|upkeep
|turn|9
|
|t:|1759067757
|move|p1a: Alomomola|Aqua Jet|p2a: Gholdengo
|-damage|p2a: Gholdengo|43/100
|move|p2a: Gholdengo|Recover|p2a: Gholdengo
|-heal|p2a: Gholdengo|94/100
|
|upkeep
|turn|10
|
|t:|1759067759
|switch|p2a: Raging Bolt|Raging Bolt|73/100
|move|p1a: Alomomola|Flip Turn|p2a: Raging Bolt
|-resisted|p2a: Raging Bolt
|-damage|p2a: Raging Bolt|67/100
|
|t:|1759067769
|switch|p1a: Greninja|Greninja, M|88/100|[from] Flip Turn
|-damage|p1a: Greninja|76/100|[from] Spikes
|
|-heal|p2a: Raging Bolt|73/100|[from] item: Leftovers
|upkeep
|turn|11
|
|t:|1759067779
|-terastallize|p1a: Greninja|Ghost
|move|p2a: Raging Bolt|Thunderclap|p1a: Greninja
|-damage|p1a: Greninja|12/100
|move|p1a: Greninja|Ice Beam|p2a: Raging Bolt
|-supereffective|p2a: Raging Bolt
|-damage|p2a: Raging Bolt|26/100
|
|-heal|p2a: Raging Bolt|32/100|[from] item: Leftovers
|upkeep
|turn|12
|
|t:|1759067784
|-end|p2a: Raging Bolt|Protosynthesis|[silent]
|switch|p2a: Samurott|Samurott-Hisui, F|57/100 brn
|move|p1a: Greninja|Ice Beam|p2a: Samurott
|-resisted|p2a: Samurott
|-damage|p2a: Samurott|48/100 brn
|
|-damage|p2a: Samurott|42/100 brn|[from] brn
|upkeep
|turn|13
|j| cryyysneasel
|
|t:|1759067787
|move|p1a: Greninja|Ice Beam|p2a: Samurott
|-resisted|p2a: Samurott
|-damage|p2a: Samurott|33/100 brn
|move|p2a: Samurott|Ceaseless Edge|p1a: Greninja|[miss]
|-miss|p2a: Samurott|p1a: Greninja
|
|-damage|p2a: Samurott|27/100 brn|[from] brn
|upkeep
|turn|14
|
|t:|1759067791
|move|p1a: Greninja|Ice Beam|p2a: Samurott
|-resisted|p2a: Samurott
|-damage|p2a: Samurott|18/100 brn
|move|p2a: Samurott|Razor Shell|p1a: Greninja
|-damage|p1a: Greninja|0 fnt
|faint|p1a: Greninja
|
|-damage|p2a: Samurott|12/100 brn|[from] brn
|upkeep
|
|t:|1759067798
|switch|p1a: Scizor|Scizor, M, shiny|100/100
|-damage|p1a: Scizor|88/100|[from] Spikes
|turn|15
|
|t:|1759067800
|move|p1a: Scizor|Bullet Punch|p2a: Samurott
|-resisted|p2a: Samurott
|-crit|p2a: Samurott
|-damage|p2a: Samurott|0 fnt
|faint|p2a: Samurott
|
|upkeep
|j| shuinifengB
|
|t:|1759067803
|switch|p2a: Gholdengo|Gholdengo|94/100
|turn|16
|j| sujisuji
|
|t:|1759067810
|switch|p1a: Magnezone|Magnezone|100/100
|-damage|p1a: Magnezone|88/100|[from] Spikes
|move|p2a: Gholdengo|Hex|p1a: Magnezone
|-damage|p1a: Magnezone|53/100
|
|upkeep
|turn|17
|
|t:|1759067813
|switch|p2a: Iron Treads|Iron Treads|100/100
|move|p1a: Magnezone|Thunderbolt|p2a: Iron Treads
|-immune|p2a: Iron Treads
|
|upkeep
|turn|18
|j| Nikator98
|
|t:|1759067816
|switch|p1a: Moltres|Moltres|58/100
|move|p2a: Iron Treads|Stealth Rock|p1a: Moltres
|-sidestart|p1: ototo benn beckman|move: Stealth Rock
|
|upkeep
|turn|19
|l| Nikator98
|
|t:|1759067821
|-end|p2a: Iron Treads|Quark Drive|[silent]
|switch|p2a: Raging Bolt|Raging Bolt|32/100
|move|p1a: Moltres|Flamethrower|p2a: Raging Bolt
|-resisted|p2a: Raging Bolt
|-damage|p2a: Raging Bolt|16/100
|
|-heal|p2a: Raging Bolt|22/100|[from] item: Leftovers
|upkeep
|turn|20
|l| sujisuji
|
|t:|1759067827
|switch|p1a: Alomomola|Alomomola, F|100/100 par
|-damage|p1a: Alomomola|88/100 par|[from] Spikes
|-damage|p1a: Alomomola|76/100 par|[from] Stealth Rock
|move|p2a: Raging Bolt|Volt Switch|p1a: Alomomola
|-supereffective|p1a: Alomomola
|-crit|p1a: Alomomola
|-damage|p1a: Alomomola|13/100 par
|
|t:|1759067829
|-end|p2a: Raging Bolt|Protosynthesis|[silent]
|switch|p2a: Gholdengo|Gholdengo|94/100|[from] Volt Switch
|
|upkeep
|turn|21
|-message|ototo benn beckman forfeited.
|
|win|mcribs
|raw|ototo benn beckman's rating: 1711 &rarr; <strong>1694</strong><br />(-17 for losing)
|raw|mcribs's rating: 1768 &rarr; <strong>1785</strong><br />(+17 for winning)
|l|☆ototo benn beckman
|player|p1|
|l|☆mcribs
|player|p2|
|l| shuinifengB
|j| shuinifengB
|l| shuinifengB
