|j|☆Iangayboy
|j|☆Crooksinet
|t:|1759076584
|gametype|singles
|player|p1|Iangayboy|102|1253
|player|p2|Crooksinet|1|1327
|gen|9
|tier|[Gen 9] OU
|rated|
|rule|HP Percentage Mod: HP is shown in percentages
|rule|Endless Battle Clause: Forcing endless battles is banned
|rule|Species Clause: Limit one of each Pokémon
|rule|OHKO Clause: OHKO moves are banned
|rule|Evasion Items Clause: Evasion items are banned
|rule|Evasion Moves Clause: Evasion moves are banned
|rule|Evasion Abilities Clause: Evasion abilities are banned
|rule|Sleep Moves Clause: Sleep-inducing moves are banned
|clearpoke
|poke|p1|Charizard, F|
|poke|p1|Kingambit, F|
|poke|p1|Great Tusk|
|poke|p1|Walking Wake|
|poke|p1|Weezing-Galar, M|
|poke|p1|Glaceon, M|
|poke|p2|Dragapult, M|
|poke|p2|Deoxys-Speed|
|poke|p2|Dragonite, M|
|poke|p2|Great Tusk|
|poke|p2|Toxapex, M|
|poke|p2|Blissey, F|
|teampreview
|inactive|Battle timer is ON: inactive players will automatically lose when time's up. (requested by Crooksinet)
|
|t:|1759076593
|teamsize|p1|6
|teamsize|p2|6
|start
|switch|p1a: Glaceon|Glaceon, M|100/100
|switch|p2a: Deoxys|Deoxys-Speed|100/100
|-ability|p2a: Deoxys|Pressure
|turn|1
|
|t:|1759076602
|move|p2a: Deoxys|Psycho Boost|p1a: Glaceon
|-damage|p1a: Glaceon|3/100
|-unboost|p2a: Deoxys|spa|2
|move|p1a: Glaceon|Snowscape|p1a: Glaceon
|-weather|Snowscape
|
|-weather|Snowscape|[upkeep]
|-heal|p1a: Glaceon|9/100|[from] ability: Ice Body
|-heal|p1a: Glaceon|15/100|[from] item: Leftovers
|upkeep
|turn|2
|
|t:|1759076615
|move|p2a: Deoxys|Psycho Boost|p1a: Glaceon
|-damage|p1a: Glaceon|0 fnt
|-unboost|p2a: Deoxys|spa|2
|faint|p1a: Glaceon
|
|-weather|Snowscape|[upkeep]
|upkeep
|
|t:|1759076624
|switch|p1a: Kingambit|Kingambit, F|100/100
|-activate|p1a: Kingambit|ability: Supreme Overlord
|-start|p1a: Kingambit|fallen1|[silent]
|turn|3
|
|t:|1759076631
|switch|p2a: Toxapex|Toxapex, M, shiny|100/100
|-terastallize|p1a: Kingambit|Fairy
|move|p1a: Kingambit|Swords Dance|p1a: Kingambit
|-boost|p1a: Kingambit|atk|2
|
|-weather|Snowscape|[upkeep]
|upkeep
|turn|4
|
|t:|1759076639
|move|p1a: Kingambit|Swords Dance|p1a: Kingambit
|-boost|p1a: Kingambit|atk|2
|move|p2a: Toxapex|Haze|p2a: Toxapex
|-clearallboost
|
|-weather|Snowscape|[upkeep]
|upkeep
|turn|5
|
|t:|1759076647
|move|p1a: Kingambit|Swords Dance|p1a: Kingambit
|-boost|p1a: Kingambit|atk|2
|move|p2a: Toxapex|Toxic|p1a: Kingambit
|-status|p1a: Kingambit|tox
|
|-weather|none
|-damage|p1a: Kingambit|94/100 tox|[from] psn
|upkeep
|turn|6
|
|t:|1759076657
|move|p1a: Kingambit|Iron Head|p2a: Toxapex
|-resisted|p2a: Toxapex
|-crit|p2a: Toxapex
|-damage|p2a: Toxapex|50/100
|move|p2a: Toxapex|Haze|p2a: Toxapex
|-clearallboost
|
|-heal|p1a: Kingambit|100/100 tox|[from] item: Leftovers
|-heal|p2a: Toxapex|56/100|[from] item: Black Sludge
|-damage|p1a: Kingambit|88/100 tox|[from] psn
|upkeep
|turn|7
|
|t:|1759076669
|move|p1a: Kingambit|Sucker Punch|p2a: Toxapex
|-damage|p2a: Toxapex|27/100
|move|p2a: Toxapex|Chilling Water|p1a: Kingambit
|-crit|p1a: Kingambit
|-damage|p1a: Kingambit|73/100 tox
|-unboost|p1a: Kingambit|atk|1
|
|-heal|p1a: Kingambit|79/100 tox|[from] item: Leftovers
|-heal|p2a: Toxapex|33/100|[from] item: Black Sludge
|-damage|p1a: Kingambit|61/100 tox|[from] psn
|upkeep
|turn|8
|
|t:|1759076683
|-end|p1a: Kingambit|fallen1|[silent]
|switch|p1a: Charizard|Charizard, F|100/100
|move|p2a: Toxapex|Recover|p2a: Toxapex
|-heal|p2a: Toxapex|83/100
|
|-heal|p2a: Toxapex|89/100|[from] item: Black Sludge
|upkeep
|turn|9
|
|t:|1759076691
|move|p1a: Charizard|Scorching Sands|p2a: Toxapex
|-supereffective|p2a: Toxapex
|-damage|p2a: Toxapex|54/100
|move|p2a: Toxapex|Toxic|p1a: Charizard
|-status|p1a: Charizard|tox
|
|-heal|p2a: Toxapex|61/100|[from] item: Black Sludge
|-damage|p1a: Charizard|94/100 tox|[from] psn
|upkeep
|turn|10
|
|t:|1759076701
|switch|p1a: Weezing|Weezing-Galar, M|100/100
|switch|p2a: Blissey|Blissey, F, shiny|100/100
|
|upkeep
|turn|11
|
|t:|1759076708
|switch|p1a: Great Tusk|Great Tusk|100/100
|-enditem|p1a: Great Tusk|Booster Energy
|-activate|p1a: Great Tusk|ability: Protosynthesis|[fromitem]
|-start|p1a: Great Tusk|protosynthesisdef
|move|p2a: Blissey|Stealth Rock|p1a: Great Tusk
|-sidestart|p1: Iangayboy|move: Stealth Rock
|
|upkeep
|turn|12
|
|t:|1759076723
|switch|p2a: Deoxys|Deoxys-Speed|100/100
|-ability|p2a: Deoxys|Pressure
|move|p1a: Great Tusk|Rapid Spin|p2a: Deoxys
|-damage|p2a: Deoxys|79/100
|-boost|p1a: Great Tusk|spe|1
|-sideend|p1: Iangayboy|Stealth Rock|[from] move: Rapid Spin|[of] p1a: Great Tusk
|
|upkeep
|turn|13
|
|t:|1759076738
|-end|p1a: Great Tusk|Protosynthesis|[silent]
|switch|p1a: Kingambit|Kingambit, F, tera:Fairy|61/100 tox
|-activate|p1a: Kingambit|ability: Supreme Overlord
|-start|p1a: Kingambit|fallen1|[silent]
|move|p2a: Deoxys|Psycho Boost|p1a: Kingambit
|-damage|p1a: Kingambit|0 fnt
|-unboost|p2a: Deoxys|spa|2
|faint|p1a: Kingambit
|-end|p1a: Kingambit|fallen1|[silent]
|
|upkeep
|
|t:|1759076751
|switch|p1a: Charizard|Charizard, F|94/100 tox
|turn|14
|
|t:|1759076757
|switch|p2a: Blissey|Blissey, F, shiny|100/100
|move|p1a: Charizard|Dragon Pulse|p2a: Blissey
|-damage|p2a: Blissey|90/100
|
|-heal|p2a: Blissey|97/100|[from] item: Leftovers
|-damage|p1a: Charizard|88/100 tox|[from] psn
|upkeep
|turn|15
|
|t:|1759076770
|switch|p1a: Great Tusk|Great Tusk|100/100
|switch|p2a: Great Tusk|Great Tusk|100/100
|-enditem|p2a: Great Tusk|Booster Energy
|-activate|p2a: Great Tusk|ability: Protosynthesis|[fromitem]
|-start|p2a: Great Tusk|protosynthesisatk
|
|upkeep
|turn|16
|
|t:|1759076781
|move|p2a: Great Tusk|Ice Spinner|p1a: Great Tusk
|-supereffective|p1a: Great Tusk
|-damage|p1a: Great Tusk|55/100
|move|p1a: Great Tusk|Ice Spinner|p2a: Great Tusk
|-supereffective|p2a: Great Tusk
|-damage|p2a: Great Tusk|66/100
|
|upkeep
|turn|17
|
|t:|1759076788
|move|p2a: Great Tusk|Ice Spinner|p1a: Great Tusk
|-supereffective|p1a: Great Tusk
|-damage|p1a: Great Tusk|9/100
|move|p1a: Great Tusk|Earthquake|p2a: Great Tusk
|-damage|p2a: Great Tusk|35/100
|
|upkeep
|turn|18
|
|t:|1759076795
|move|p2a: Great Tusk|Ice Spinner|p1a: Great Tusk
|-supereffective|p1a: Great Tusk
|-damage|p1a: Great Tusk|0 fnt
|faint|p1a: Great Tusk
|-end|p1a: Great Tusk|Protosynthesis|[silent]
|
|upkeep
|
|t:|1759076803
|switch|p1a: Charizard|Charizard, F|88/100 tox
|turn|19
|
|t:|1759076806
|-end|p2a: Great Tusk|Protosynthesis|[silent]
|switch|p2a: Blissey|Blissey, F, shiny|97/100
|move|p1a: Charizard|Air Slash|p2a: Blissey
|-damage|p2a: Blissey|82/100
|
|-heal|p2a: Blissey|88/100|[from] item: Leftovers
|-damage|p1a: Charizard|82/100 tox|[from] psn
|upkeep
|turn|20
|
|t:|1759076816
|move|p1a: Charizard|Fire Blast|p2a: Blissey
|-damage|p2a: Blissey|67/100
|move|p2a: Blissey|Seismic Toss|p1a: Charizard
|-damage|p1a: Charizard|49/100 tox
|
|-heal|p2a: Blissey|74/100|[from] item: Leftovers
|-damage|p1a: Charizard|37/100 tox|[from] psn
|upkeep
|turn|21
|
|t:|1759076826
|move|p1a: Charizard|Fire Blast|p2a: Blissey
|-damage|p2a: Blissey|55/100
|move|p2a: Blissey|Seismic Toss|p1a: Charizard
|-damage|p1a: Charizard|3/100 tox
|
|-heal|p2a: Blissey|61/100|[from] item: Leftovers
|-damage|p1a: Charizard|0 fnt|[from] psn
|faint|p1a: Charizard
|upkeep
|
|t:|1759076836
|switch|p1a: Weezing|Weezing-Galar, M|100/100
|turn|22
|
|t:|1759076843
|move|p1a: Weezing|Toxic|p2a: Blissey
|-status|p2a: Blissey|tox
|move|p2a: Blissey|Thunder Wave|p1a: Weezing
|-status|p1a: Weezing|par
|
|-heal|p2a: Blissey|67/100 tox|[from] item: Leftovers
|-damage|p2a: Blissey|61/100 tox|[from] psn
|upkeep
|turn|23
|
|t:|1759076854
|-curestatus|p2a: Blissey|tox|[from] ability: Natural Cure
|switch|p2a: Great Tusk|Great Tusk|35/100
|move|p1a: Weezing|Fire Blast|p2a: Great Tusk
|-crit|p2a: Great Tusk
|-damage|p2a: Great Tusk|0 fnt
|faint|p2a: Great Tusk
|-end|p2a: Great Tusk|Protosynthesis|[silent]
|
|upkeep
|
|t:|1759076864
|switch|p2a: Deoxys|Deoxys-Speed|79/100
|-ability|p2a: Deoxys|Pressure
|turn|24
|
|t:|1759076869
|move|p2a: Deoxys|Psycho Boost|p1a: Weezing
|-supereffective|p1a: Weezing
|-damage|p1a: Weezing|0 fnt
|-unboost|p2a: Deoxys|spa|2
|faint|p1a: Weezing
|
|upkeep
|
|t:|1759076876
|switch|p1a: Walking Wake|Walking Wake|100/100
|turn|25
|
|t:|1759076879
|switch|p2a: Toxapex|Toxapex, M, shiny|94/100
|move|p1a: Walking Wake|Sunny Day|p1a: Walking Wake
|-weather|SunnyDay
|-activate|p1a: Walking Wake|ability: Protosynthesis
|-start|p1a: Walking Wake|protosynthesisspa
|
|-weather|SunnyDay|[upkeep]
|-heal|p2a: Toxapex|99/100|[from] item: Black Sludge
|upkeep
|turn|26
|
|t:|1759076888
|move|p1a: Walking Wake|Dragon Pulse|p2a: Toxapex
|-damage|p2a: Toxapex|60/100
|move|p2a: Toxapex|Toxic|p1a: Walking Wake
|-status|p1a: Walking Wake|tox
|
|-weather|SunnyDay|[upkeep]
|-heal|p2a: Toxapex|67/100|[from] item: Black Sludge
|-damage|p1a: Walking Wake|94/100 tox|[from] psn
|upkeep
|turn|27
|
|t:|1759076897
|move|p1a: Walking Wake|Dragon Pulse|p2a: Toxapex
|-damage|p2a: Toxapex|24/100
|move|p2a: Toxapex|Recover|p2a: Toxapex
|-heal|p2a: Toxapex|74/100
|
|-weather|SunnyDay|[upkeep]
|-heal|p2a: Toxapex|80/100|[from] item: Black Sludge
|-damage|p1a: Walking Wake|82/100 tox|[from] psn
|upkeep
|turn|28
|
|t:|1759076906
|move|p1a: Walking Wake|Dragon Pulse|p2a: Toxapex
|-damage|p2a: Toxapex|38/100
|move|p2a: Toxapex|Recover|p2a: Toxapex
|-heal|p2a: Toxapex|88/100
|
|-weather|SunnyDay|[upkeep]
|-heal|p2a: Toxapex|94/100|[from] item: Black Sludge
|-damage|p1a: Walking Wake|63/100 tox|[from] psn
|upkeep
|turn|29
|
|t:|1759076916
|move|p1a: Walking Wake|Dragon Pulse|p2a: Toxapex
|-damage|p2a: Toxapex|55/100
|move|p2a: Toxapex|Recover|p2a: Toxapex
|-heal|p2a: Toxapex|100/100
|
|-weather|none
|-end|p1a: Walking Wake|Protosynthesis
|-damage|p1a: Walking Wake|39/100 tox|[from] psn
|upkeep
|turn|30
|
|t:|1759076924
|move|p1a: Walking Wake|Dragon Pulse|p2a: Toxapex
|-damage|p2a: Toxapex|68/100
|move|p2a: Toxapex|Recover|p2a: Toxapex
|-heal|p2a: Toxapex|100/100
|
|-damage|p1a: Walking Wake|8/100 tox|[from] psn
|upkeep
|turn|31
|
|t:|1759076933
|move|p1a: Walking Wake|Dragon Pulse|p2a: Toxapex
|-damage|p2a: Toxapex|67/100
|move|p2a: Toxapex|Recover|p2a: Toxapex
|-heal|p2a: Toxapex|100/100
|
|-damage|p1a: Walking Wake|0 fnt|[from] psn
|faint|p1a: Walking Wake
|-end|p1a: Walking Wake|Protosynthesis|[silent]
|
|win|Crooksinet
|raw|Iangayboy's rating: 1253 &rarr; <strong>1233</strong><br />(-20 for losing)
|raw|Crooksinet's rating: 1327 &rarr; <strong>1343</strong><br />(+16 for winning)
|l|☆Crooksinet
|player|p2|
|l|☆Iangayboy
|player|p1|
