|j|☆Frebow
|j|☆darkassasinb2
|t:|1758958291
|gametype|singles
|player|p1|Frebow|ethan|1139
|player|p2|darkassasinb2|169|1115
|gen|9
|tier|[Gen 9] OU
|rated|
|rule|HP Percentage Mod: HP is shown in percentages
|rule|Endless Battle Clause: Forcing endless battles is banned
|rule|Species Clause: Limit one of each Pokémon
|rule|OHKO Clause: OHKO moves are banned
|rule|Evasion Items Clause: Evasion items are banned
|rule|Evasion Moves Clause: Evasion moves are banned
|rule|Evasion Abilities Clause: Evasion abilities are banned
|rule|Sleep Moves Clause: Sleep-inducing moves are banned
|clearpoke
|poke|p1|Landorus-Therian, M|
|poke|p1|Corviknight, F|
|poke|p1|Glimmora, F|
|poke|p1|Kyurem|
|poke|p1|Greninja-*, M|
|poke|p1|Iron Moth|
|poke|p2|Dragapult, F|
|poke|p2|Lucario, M|
|poke|p2|Greninja-*, M|
|poke|p2|Ceruledge, M|
|poke|p2|Gallade, M|
|poke|p2|Dragonite, M|
|teampreview
|inactive|Battle timer is ON: inactive players will automatically lose when time's up. (requested by Frebow)
|
|t:|1758958300
|teamsize|p1|6
|teamsize|p2|6
|start
|switch|p1a: Glimmora|Glimmora, F, shiny|100/100
|switch|p2a: Greninja|Greninja, M|100/100
|turn|1
|
|t:|1758958307
|-terastallize|p2a: Greninja|Water
|move|p2a: Greninja|Water Shuriken|p1a: Glimmora
|-supereffective|p1a: Glimmora
|-damage|p1a: Glimmora|74/100
|-supereffective|p1a: Glimmora
|-damage|p1a: Glimmora|48/100
|-supereffective|p1a: Glimmora
|-damage|p1a: Glimmora|20/100
|-supereffective|p1a: Glimmora
|-damage|p1a: Glimmora|0 fnt
|faint|p1a: Glimmora
|-ability|p2a: Greninja|Battle Bond|boost
|-boost|p2a: Greninja|atk|1
|-boost|p2a: Greninja|spa|1
|-boost|p2a: Greninja|spe|1
|-activate|p2a: Greninja|ability: Battle Bond
|-hitcount|p1: Glimmora|4
|
|upkeep
|
|t:|1758958329
|switch|p1a: Corviknight|Corviknight, F, shiny|100/100
|-ability|p1a: Corviknight|Pressure
|turn|2
|
|t:|1758958333
|move|p2a: Greninja|Dark Pulse|p1a: Corviknight
|-damage|p1a: Corviknight|43/100
|cant|p1a: Corviknight|flinch
|
|upkeep
|turn|3
|
|t:|1758958344
|move|p2a: Greninja|Dark Pulse|p1a: Corviknight
|-damage|p1a: Corviknight|0 fnt
|faint|p1a: Corviknight
|
|upkeep
|
|t:|1758958348
|switch|p1a: Iron Moth|Iron Moth, shiny|100/100
|-enditem|p1a: Iron Moth|Booster Energy
|-activate|p1a: Iron Moth|ability: Quark Drive|[fromitem]
|-start|p1a: Iron Moth|quarkdrivespa
|turn|4
|
|t:|1758958358
|-terastallize|p1a: Iron Moth|Grass
|move|p2a: Greninja|Extrasensory|p1a: Iron Moth
|-damage|p1a: Iron Moth|56/100
|move|p1a: Iron Moth|Dazzling Gleam|p2a: Greninja
|-damage|p2a: Greninja|43/100
|
|upkeep
|turn|5
|
|t:|1758958370
|move|p2a: Greninja|Gunk Shot|p1a: Iron Moth
|-supereffective|p1a: Iron Moth
|-damage|p1a: Iron Moth|0 fnt
|faint|p1a: Iron Moth
|-end|p1a: Iron Moth|Quark Drive|[silent]
|
|upkeep
|
|t:|1758958382
|switch|p1a: Kyurem|Kyurem, shiny|100/100
|-ability|p1a: Kyurem|Pressure
|turn|6
|
|t:|1758958399
|switch|p2a: Ceruledge|Ceruledge, M|100/100
|move|p1a: Kyurem|Scale Shot|p2a: Ceruledge
|-damage|p2a: Ceruledge|79/100
|-ability|p2a: Ceruledge|Weak Armor|boost
|-unboost|p2a: Ceruledge|def|1
|-boost|p2a: Ceruledge|spe|2
|-damage|p2a: Ceruledge|48/100
|-ability|p2a: Ceruledge|Weak Armor|boost
|-unboost|p2a: Ceruledge|def|1
|-boost|p2a: Ceruledge|spe|2
|-enditem|p2a: Ceruledge|Sitrus Berry|[eat]
|-heal|p2a: Ceruledge|73/100|[from] item: Sitrus Berry
|-damage|p2a: Ceruledge|29/100
|-ability|p2a: Ceruledge|Weak Armor|boost
|-unboost|p2a: Ceruledge|def|1
|-boost|p2a: Ceruledge|spe|2
|-damage|p2a: Ceruledge|0 fnt
|faint|p2a: Ceruledge
|-hitcount|p2: Ceruledge|4
|-unboost|p1a: Kyurem|def|1
|-boost|p1a: Kyurem|spe|1
|
|upkeep
|inactive|darkassasinb2 has 120 seconds left.
|
|t:|1758958431
|switch|p2a: Gallade|Gallade, M|100/100
|turn|7
|
|t:|1758958437
|move|p1a: Kyurem|Substitute|p1a: Kyurem
|-start|p1a: Kyurem|Substitute
|-damage|p1a: Kyurem|76/100
|move|p2a: Gallade|Sacred Sword|p1a: Kyurem
|-supereffective|p1a: Kyurem
|-crit|p1a: Kyurem
|-end|p1a: Kyurem|Substitute
|
|upkeep
|turn|8
|inactive|darkassasinb2 has 120 seconds left.
|inactive|Frebow has 120 seconds left.
|
|t:|1758958470
|move|p1a: Kyurem|Scale Shot|p2a: Gallade|[miss]
|-miss|p1a: Kyurem|p2a: Gallade
|move|p2a: Gallade|Swords Dance|p2a: Gallade
|-boost|p2a: Gallade|atk|2
|
|upkeep
|turn|9
|inactive|darkassasinb2 has 120 seconds left.
|
|t:|1758958479
|move|p1a: Kyurem|Scale Shot|p2a: Gallade
|-damage|p2a: Gallade|73/100
|-damage|p2a: Gallade|48/100
|-damage|p2a: Gallade|21/100
|-damage|p2a: Gallade|0 fnt
|faint|p2a: Gallade
|-hitcount|p2: Gallade|4
|-unboost|p1a: Kyurem|def|1
|-boost|p1a: Kyurem|spe|1
|
|upkeep
|inactive|darkassasinb2 has 120 seconds left.
|
|t:|1758958507
|switch|p2a: Dragonite|Dragonite, M|100/100
|turn|10
|
|t:|1758958511
|move|p1a: Kyurem|Substitute|p1a: Kyurem
|-start|p1a: Kyurem|Substitute
|-damage|p1a: Kyurem|51/100
|move|p2a: Dragonite|Earthquake|p1a: Kyurem
|-end|p1a: Kyurem|Substitute
|
|upkeep
|turn|11
|
|t:|1758958523
|move|p1a: Kyurem|Icicle Spear|p2a: Dragonite
|-supereffective|p2a: Dragonite
|-damage|p2a: Dragonite|73/100
|-enditem|p2a: Dragonite|Weakness Policy
|-boost|p2a: Dragonite|atk|2|[from] item: Weakness Policy
|-boost|p2a: Dragonite|spa|2|[from] item: Weakness Policy
|-supereffective|p2a: Dragonite
|-crit|p2a: Dragonite
|-damage|p2a: Dragonite|0 fnt
|faint|p2a: Dragonite
|-hitcount|p2: Dragonite|2
|
|upkeep
|
|t:|1758958541
|switch|p2a: Lucario|Lucario, M, shiny|100/100
|turn|12
|
|t:|1758958550
|move|p1a: Kyurem|Scale Shot|p2a: Lucario
|-resisted|p2a: Lucario
|-damage|p2a: Lucario|89/100
|-resisted|p2a: Lucario
|-damage|p2a: Lucario|78/100
|-resisted|p2a: Lucario
|-damage|p2a: Lucario|67/100
|-resisted|p2a: Lucario
|-damage|p2a: Lucario|55/100
|-resisted|p2a: Lucario
|-damage|p2a: Lucario|44/100
|-hitcount|p2a: Lucario|5
|-unboost|p1a: Kyurem|def|1
|-boost|p1a: Kyurem|spe|1
|move|p2a: Lucario|Earthquake|p1a: Kyurem
|-damage|p1a: Kyurem|0 fnt
|faint|p1a: Kyurem
|
|upkeep
|
|t:|1758958568
|switch|p1a: Landorus|Landorus-Therian, M, shiny|100/100
|-ability|p1a: Landorus|Intimidate|boost
|-unboost|p2a: Lucario|atk|1
|turn|13
|inactive|darkassasinb2 has 120 seconds left.
|
|t:|1758958586
|move|p2a: Lucario|Steel Beam|p1a: Landorus
|-damage|p1a: Landorus|16/100
|-damage|p2a: Lucario|0 fnt|[from] steelbeam
|faint|p2a: Lucario
|move|p1a: Landorus|Earth Power|p2: Lucario|[notarget]
|-fail|p1a: Landorus
|
|upkeep
|
|t:|1758958599
|switch|p2a: Dragapult|Dragapult, F|100/100
|turn|14
|
|t:|1758958617
|move|p2a: Dragapult|Dragon Darts|p1a: Landorus
|-damage|p1a: Landorus|0 fnt
|faint|p1a: Landorus
|-damage|p2a: Dragapult|91/100|[from] item: Life Orb
|
|upkeep
|
|t:|1758958622
|switch|p1a: Greninja|Greninja, M|100/100
|turn|15
|
|t:|1758958629
|move|p2a: Dragapult|Thunderbolt|p1a: Greninja
|-supereffective|p1a: Greninja
|-damage|p1a: Greninja|17/100
|-damage|p2a: Dragapult|81/100|[from] item: Life Orb
|move|p1a: Greninja|Ice Beam|p2a: Dragapult
|-supereffective|p2a: Dragapult
|-damage|p2a: Dragapult|0 fnt
|faint|p2a: Dragapult
|-ability|p1a: Greninja|Battle Bond|boost
|-boost|p1a: Greninja|atk|1
|-boost|p1a: Greninja|spa|1
|-boost|p1a: Greninja|spe|1
|-activate|p1a: Greninja|ability: Battle Bond
|-damage|p1a: Greninja|8/100|[from] item: Life Orb
|
|upkeep
|
|t:|1758958643
|switch|p2a: Greninja|Greninja, M, tera:Water|43/100
|turn|16
|
|t:|1758958646
|move|p2a: Greninja|Water Shuriken|p1a: Greninja
|-resisted|p1a: Greninja
|-damage|p1a: Greninja|0 fnt
|faint|p1a: Greninja
|-hitcount|p1: Greninja|1
|
|win|darkassasinb2
|raw|Frebow's rating: 1139 &rarr; <strong>1112</strong><br />(-27 for losing)
|raw|darkassasinb2's rating: 1115 &rarr; <strong>1142</strong><br />(+27 for winning)
|l|☆Frebow
|player|p1|
