|badge|p2|silver|gen9ou|30-6
|html|<div class="broadcast-red"><strong>This battle is required to be public due to one or more player having a season medal.</strong><br />During the public phase, you can discuss the state of the ladder <a href="/seasondiscussion">in a special chatroom.</a></div>
|uhtml|medal-msg|<div class="broadcast-blue">Curious what those medals under the avatar are? PS now has Ladder Seasons! For more information, check out the <a href="https://www.smogon.com/forums/threads/3740067/">thread on Smogon.</a></div>
|raw|<div class="broadcast-blue"><strong>This battle is required to be public due to a player having a name starting with 'medal'.</div>
|j|☆DirkDiggler420
|j|☆800813trap
|t:|1758951367
|gametype|singles
|player|p1|DirkDiggler420|linebacker|1698
|player|p2|800813trap|lass-gen4dp|1924
|gen|9
|tier|[Gen 9] OU
|rated|
|rule|HP Percentage Mod: HP is shown in percentages
|rule|Endless Battle Clause: Forcing endless battles is banned
|rule|Species Clause: Limit one of each Pokémon
|rule|OHKO Clause: OHKO moves are banned
|rule|Evasion Items Clause: Evasion items are banned
|rule|Evasion Moves Clause: Evasion moves are banned
|rule|Evasion Abilities Clause: Evasion abilities are banned
|rule|Sleep Moves Clause: Sleep-inducing moves are banned
|clearpoke
|poke|p1|Hoopa-Unbound|
|poke|p1|Alomomola, F|
|poke|p1|Great Tusk|
|poke|p1|Dragonite, F|
|poke|p1|Glimmora, F|
|poke|p1|Gholdengo|
|poke|p2|Iron Moth|
|poke|p2|Great Tusk|
|poke|p2|Ninetales, M|
|poke|p2|Walking Wake|
|poke|p2|Hatterene, F|
|poke|p2|Raging Bolt|
|teampreview
|j| amefurikoneko
|j| larp legion
|inactive|Battle timer is ON: inactive players will automatically lose when time's up. (requested by DirkDiggler420)
|
|t:|1758951394
|teamsize|p1|6
|teamsize|p2|6
|start
|switch|p1a: Glimmora|Glimmora, F|100/100
|switch|p2a: Ninetales|Ninetales, M|100/100
|-weather|SunnyDay|[from] ability: Drought|[of] p2a: Ninetales
|turn|1
|
|t:|1758951413
|move|p2a: Ninetales|Scorching Sands|p1a: Glimmora
|-supereffective|p1a: Glimmora
|-damage|p1a: Glimmora|1/100
|-status|p1a: Glimmora|brn
|move|p1a: Glimmora|Meteor Beam||[still]
|-prepare|p1a: Glimmora|Meteor Beam
|-boost|p1a: Glimmora|spa|1
|-enditem|p1a: Glimmora|Power Herb
|-anim|p1a: Glimmora|Meteor Beam|p2a: Ninetales
|-supereffective|p2a: Ninetales
|-damage|p2a: Ninetales|0 fnt
|faint|p2a: Ninetales
|
|-weather|SunnyDay|[upkeep]
|-damage|p1a: Glimmora|0 fnt|[from] brn
|faint|p1a: Glimmora
|upkeep
|
|t:|1758951437
|switch|p2a: Raging Bolt|Raging Bolt|100/100
|switch|p1a: Hoopa|Hoopa-Unbound|100/100
|-activate|p2a: Raging Bolt|ability: Protosynthesis
|-start|p2a: Raging Bolt|protosynthesisspa
|turn|2
|
|t:|1758951462
|move|p2a: Raging Bolt|Thunderbolt|p1a: Hoopa
|-damage|p1a: Hoopa|67/100
|-damage|p2a: Raging Bolt|91/100|[from] item: Life Orb
|move|p1a: Hoopa|Knock Off|p2a: Raging Bolt
|-damage|p2a: Raging Bolt|39/100
|-enditem|p2a: Raging Bolt|Life Orb|[from] move: Knock Off|[of] p1a: Hoopa
|
|-weather|SunnyDay|[upkeep]
|upkeep
|turn|3
|
|t:|1758951472
|move|p2a: Raging Bolt|Dragon Pulse|p1a: Hoopa
|-damage|p1a: Hoopa|44/100
|move|p1a: Hoopa|Psychic Noise|p2a: Raging Bolt
|-damage|p2a: Raging Bolt|0 fnt
|faint|p2a: Raging Bolt
|-end|p2a: Raging Bolt|Protosynthesis|[silent]
|
|-weather|SunnyDay|[upkeep]
|upkeep
|
|t:|1758951478
|switch|p2a: Great Tusk|Great Tusk|100/100
|-activate|p2a: Great Tusk|ability: Protosynthesis
|-start|p2a: Great Tusk|protosynthesisatk
|turn|4
|
|t:|1758951486
|switch|p1a: Alomomola|Alomomola, F|100/100
|move|p2a: Great Tusk|Headlong Rush|p1a: Alomomola
|-crit|p1a: Alomomola
|-damage|p1a: Alomomola|28/100
|-unboost|p2a: Great Tusk|def|1
|-unboost|p2a: Great Tusk|spd|1
|-damage|p2a: Great Tusk|84/100|[from] item: Rocky Helmet|[of] p1a: Alomomola
|
|-weather|SunnyDay|[upkeep]
|upkeep
|turn|5
|
|t:|1758951493
|switch|p1a: Dragonite|Dragonite, F|100/100
|move|p2a: Great Tusk|Headlong Rush|p1a: Dragonite
|-immune|p1a: Dragonite
|
|-weather|SunnyDay|[upkeep]
|upkeep
|turn|6
|
|t:|1758951503
|switch|p1a: Alomomola|Alomomola, F|62/100
|move|p2a: Great Tusk|Headlong Rush|p1a: Alomomola
|-damage|p1a: Alomomola|13/100
|-unboost|p2a: Great Tusk|def|1
|-unboost|p2a: Great Tusk|spd|1
|-damage|p2a: Great Tusk|68/100|[from] item: Rocky Helmet|[of] p1a: Alomomola
|
|-weather|SunnyDay|[upkeep]
|upkeep
|turn|7
|
|t:|1758951506
|move|p1a: Alomomola|Protect|p1a: Alomomola
|-singleturn|p1a: Alomomola|Protect
|move|p2a: Great Tusk|Ice Spinner|p1a: Alomomola
|-activate|p1a: Alomomola|move: Protect
|
|-weather|SunnyDay|[upkeep]
|upkeep
|turn|8
|
|t:|1758951513
|switch|p1a: Great Tusk|Great Tusk|100/100
|-activate|p1a: Great Tusk|ability: Protosynthesis
|-start|p1a: Great Tusk|protosynthesisatk
|move|p2a: Great Tusk|Temper Flare|p1a: Great Tusk
|-damage|p1a: Great Tusk|61/100
|
|-weather|none
|-end|p1a: Great Tusk|Protosynthesis
|-end|p2a: Great Tusk|Protosynthesis
|upkeep
|turn|9
|
|t:|1758951524
|move|p1a: Great Tusk|Headlong Rush|p2a: Great Tusk
|-damage|p2a: Great Tusk|0 fnt
|-unboost|p1a: Great Tusk|def|1
|-unboost|p1a: Great Tusk|spd|1
|faint|p2a: Great Tusk
|-end|p2a: Great Tusk|Protosynthesis|[silent]
|
|upkeep
|
|t:|1758951527
|switch|p2a: Iron Moth|Iron Moth|100/100
|-enditem|p2a: Iron Moth|Booster Energy
|-activate|p2a: Iron Moth|ability: Quark Drive|[fromitem]
|-start|p2a: Iron Moth|quarkdrivespa
|turn|10
|
|t:|1758951534
|move|p2a: Iron Moth|Fiery Dance|p1a: Great Tusk
|-damage|p1a: Great Tusk|0 fnt
|faint|p1a: Great Tusk
|-end|p1a: Great Tusk|Protosynthesis|[silent]
|
|upkeep
|
|t:|1758951537
|switch|p1a: Dragonite|Dragonite, F|100/100
|turn|11
|
|t:|1758951539
|move|p2a: Iron Moth|Sludge Wave|p1a: Dragonite
|-damage|p1a: Dragonite|69/100
|move|p1a: Dragonite|Dragon Dance|p1a: Dragonite
|-boost|p1a: Dragonite|atk|1
|-boost|p1a: Dragonite|spe|1
|
|-heal|p1a: Dragonite|76/100|[from] item: Leftovers
|upkeep
|turn|12
|
|t:|1758951544
|move|p1a: Dragonite|Earthquake|p2a: Iron Moth
|-supereffective|p2a: Iron Moth
|-damage|p2a: Iron Moth|0 fnt
|faint|p2a: Iron Moth
|-end|p2a: Iron Moth|Quark Drive|[silent]
|
|-heal|p1a: Dragonite|82/100|[from] item: Leftovers
|upkeep
|
|t:|1758951550
|switch|p2a: Walking Wake|Walking Wake|100/100
|turn|13
|
|t:|1758951559
|-terastallize|p1a: Dragonite|Flying
|move|p1a: Dragonite|Tera Blast|p2a: Walking Wake|[anim] Tera Blast Flying
|-damage|p2a: Walking Wake|23/100
|move|p2a: Walking Wake|Hydro Steam|p1a: Dragonite
|-damage|p1a: Dragonite|39/100
|
|-heal|p1a: Dragonite|45/100|[from] item: Leftovers
|upkeep
|turn|14
|
|t:|1758951564
|move|p1a: Dragonite|Tera Blast|p2a: Walking Wake|[anim] Tera Blast Flying
|-damage|p2a: Walking Wake|0 fnt
|faint|p2a: Walking Wake
|-end|p2a: Walking Wake|Protosynthesis|[silent]
|
|-heal|p1a: Dragonite|52/100|[from] item: Leftovers
|upkeep
|
|t:|1758951566
|switch|p2a: Hatterene|Hatterene, F|100/100
|turn|15
|
|t:|1758951569
|move|p1a: Dragonite|Tera Blast|p2a: Hatterene|[anim] Tera Blast Flying
|-damage|p2a: Hatterene|29/100
|-enditem|p2a: Hatterene|Red Card|[of] p1a: Dragonite
|drag|p1a: Gholdengo|Gholdengo|100/100
|move|p2a: Hatterene|Calm Mind|p2a: Hatterene
|-boost|p2a: Hatterene|spa|1
|-boost|p2a: Hatterene|spd|1
|
|upkeep
|turn|16
|-message|800813trap forfeited.
|
|win|DirkDiggler420
|raw|DirkDiggler420's rating: 1698 &rarr; <strong>1729</strong><br />(+31 for winning)
|raw|800813trap's rating: 1924 &rarr; <strong>1893</strong><br />(-31 for losing)
|l|☆800813trap
|player|p2|
|l|☆DirkDiggler420
|player|p1|
|l| amefurikoneko
|j| A.Omnipotent
|l| larp legion
|j| locked in bro
|l| A.Omnipotent
