|j|☆Predestined
|j|☆PrivatePlays
|t:|1759027449
|gametype|singles
|player|p1|Predestined|265|1064
|player|p2|PrivatePlays|riley|1050
|gen|9
|tier|[Gen 9] OU
|rated|
|rule|HP Percentage Mod: HP is shown in percentages
|rule|Endless Battle Clause: Forcing endless battles is banned
|rule|Species Clause: Limit one of each Pokémon
|rule|OHKO Clause: OHKO moves are banned
|rule|Evasion Items Clause: Evasion items are banned
|rule|Evasion Moves Clause: Evasion moves are banned
|rule|Evasion Abilities Clause: Evasion abilities are banned
|rule|Sleep Moves Clause: Sleep-inducing moves are banned
|clearpoke
|poke|p1|Slither Wing|
|poke|p1|Ninetales, F|
|poke|p1|Raging Bolt|
|poke|p1|Dragapult, M|
|poke|p1|Great Tusk|
|poke|p1|Fezandipiti, M|
|poke|p2|Pikachu-Kalos, M|
|poke|p2|Greninja-*, M|
|poke|p2|Talonflame, F|
|poke|p2|Goodra, M|
|poke|p2|Hawlucha, M|
|poke|p2|Noivern, M|
|teampreview
|inactive|Battle timer is ON: inactive players will automatically lose when time's up. (requested by PrivatePlays)
|
|t:|1759027468
|teamsize|p1|6
|teamsize|p2|6
|start
|switch|p1a: Ninetales|Ninetales, F|100/100
|switch|p2a: Pikachu|Pikachu-Kalos, M|100/100
|-weather|SunnyDay|[from] ability: Drought|[of] p1a: Ninetales
|turn|1
|
|t:|1759027477
|move|p1a: Ninetales|Will-O-Wisp|p2a: Pikachu
|-status|p2a: Pikachu|brn
|move|p2a: Pikachu|Thunderbolt|p1a: Ninetales
|-damage|p1a: Ninetales|48/100
|
|-weather|SunnyDay|[upkeep]
|-damage|p2a: Pikachu|94/100 brn|[from] brn
|upkeep
|turn|2
|
|t:|1759027488
|switch|p1a: Great Tusk|Great Tusk|100/100
|-activate|p1a: Great Tusk|ability: Protosynthesis
|-start|p1a: Great Tusk|protosynthesisatk
|move|p2a: Pikachu|Draining Kiss|p1a: Great Tusk
|-supereffective|p1a: Great Tusk
|-damage|p1a: Great Tusk|51/100
|-heal|p2a: Pikachu|100/100 brn|[from] drain|[of] p1a: Great Tusk
|
|-weather|SunnyDay|[upkeep]
|-damage|p2a: Pikachu|94/100 brn|[from] brn
|upkeep
|turn|3
|
|t:|1759027493
|move|p2a: Pikachu|Draining Kiss|p1a: Great Tusk
|-supereffective|p1a: Great Tusk
|-damage|p1a: Great Tusk|0 fnt
|-heal|p2a: Pikachu|100/100 brn|[from] drain|[of] p1a: Great Tusk
|faint|p1a: Great Tusk
|-end|p1a: Great Tusk|Protosynthesis|[silent]
|
|-weather|SunnyDay|[upkeep]
|-damage|p2a: Pikachu|94/100 brn|[from] brn
|upkeep
|
|t:|1759027501
|switch|p1a: Fezandipiti|Fezandipiti, M|100/100
|turn|4
|
|t:|1759027507
|move|p2a: Pikachu|Thunderbolt|p1a: Fezandipiti
|-damage|p1a: Fezandipiti|68/100
|move|p1a: Fezandipiti|U-turn|p2a: Pikachu
|-damage|p2a: Pikachu|38/100 brn
|
|t:|1759027512
|switch|p1a: Slither Wing|Slither Wing|100/100|[from] U-turn
|-activate|p1a: Slither Wing|ability: Protosynthesis
|-start|p1a: Slither Wing|protosynthesisatk
|
|-weather|SunnyDay|[upkeep]
|-damage|p2a: Pikachu|32/100 brn|[from] brn
|upkeep
|turn|5
|
|t:|1759027516
|move|p1a: Slither Wing|First Impression|p2a: Pikachu
|-damage|p2a: Pikachu|0 fnt
|-status|p1a: Slither Wing|par|[from] ability: Static|[of] p2a: Pikachu
|faint|p2a: Pikachu
|
|-weather|SunnyDay|[upkeep]
|upkeep
|
|t:|1759027521
|switch|p2a: Hawlucha|Hawlucha, M|100/100
|-ability|p2a: Hawlucha|Mold Breaker
|turn|6
|
|t:|1759027527
|-end|p1a: Slither Wing|Protosynthesis|[silent]
|switch|p1a: Fezandipiti|Fezandipiti, M|68/100
|move|p2a: Hawlucha|Swords Dance|p2a: Hawlucha
|-boost|p2a: Hawlucha|atk|2
|
|-weather|SunnyDay|[upkeep]
|upkeep
|turn|7
|
|t:|1759027532
|move|p2a: Hawlucha|Poison Jab|p1a: Fezandipiti
|-damage|p1a: Fezandipiti|23/100
|move|p1a: Fezandipiti|Play Rough|p2a: Hawlucha
|-supereffective|p2a: Hawlucha
|-damage|p2a: Hawlucha|1/100
|-status|p2a: Hawlucha|tox|[from] ability: Toxic Chain|[of] p1a: Fezandipiti
|
|-weather|SunnyDay|[upkeep]
|-damage|p2a: Hawlucha|0 fnt|[from] psn
|faint|p2a: Hawlucha
|upkeep
|
|t:|1759027540
|switch|p2a: Greninja|Greninja, M|100/100
|turn|8
|
|t:|1759027545
|move|p2a: Greninja|Ice Beam|p1a: Fezandipiti
|-damage|p1a: Fezandipiti|4/100
|move|p1a: Fezandipiti|Roost|p1a: Fezandipiti
|-heal|p1a: Fezandipiti|54/100
|-singleturn|p1a: Fezandipiti|move: Roost
|
|-weather|none
|upkeep
|turn|9
|
|t:|1759027550
|move|p2a: Greninja|Surf|p1a: Fezandipiti
|-damage|p1a: Fezandipiti|24/100
|move|p1a: Fezandipiti|Roost|p1a: Fezandipiti
|-heal|p1a: Fezandipiti|74/100
|-singleturn|p1a: Fezandipiti|move: Roost
|
|upkeep
|turn|10
|
|t:|1759027558
|-terastallize|p2a: Greninja|Poison
|move|p2a: Greninja|Surf|p1a: Fezandipiti
|-damage|p1a: Fezandipiti|46/100
|move|p1a: Fezandipiti|Play Rough|p2a: Greninja
|-resisted|p2a: Greninja
|-damage|p2a: Greninja|75/100
|
|upkeep
|turn|11
|
|t:|1759027562
|move|p2a: Greninja|Surf|p1a: Fezandipiti
|-damage|p1a: Fezandipiti|15/100
|move|p1a: Fezandipiti|Beat Up|p2a: Greninja
|-damage|p2a: Greninja|69/100
|-damage|p2a: Greninja|64/100
|-damage|p2a: Greninja|57/100
|-damage|p2a: Greninja|51/100
|-hitcount|p2a: Greninja|4
|
|upkeep
|turn|12
|
|t:|1759027567
|move|p2a: Greninja|Surf|p1a: Fezandipiti
|-damage|p1a: Fezandipiti|0 fnt
|faint|p1a: Fezandipiti
|-ability|p2a: Greninja|Battle Bond|boost
|-boost|p2a: Greninja|atk|1
|-boost|p2a: Greninja|spa|1
|-boost|p2a: Greninja|spe|1
|-activate|p2a: Greninja|ability: Battle Bond
|
|upkeep
|
|t:|1759027570
|switch|p1a: Ninetales|Ninetales, F|48/100
|-weather|SunnyDay|[from] ability: Drought|[of] p1a: Ninetales
|turn|13
|
|t:|1759027588
|move|p2a: Greninja|Sludge Wave|p1a: Ninetales
|-damage|p1a: Ninetales|0 fnt
|faint|p1a: Ninetales
|
|-weather|SunnyDay|[upkeep]
|upkeep
|
|t:|1759027591
|switch|p1a: Dragapult|Dragapult, M|100/100
|turn|14
|
|t:|1759027601
|-terastallize|p1a: Dragapult|Dragon
|move|p2a: Greninja|Ice Beam|p1a: Dragapult
|-supereffective|p1a: Dragapult
|-damage|p1a: Dragapult|0 fnt
|faint|p1a: Dragapult
|
|-weather|SunnyDay|[upkeep]
|upkeep
|
|t:|1759027607
|switch|p1a: Raging Bolt|Raging Bolt|100/100
|-activate|p1a: Raging Bolt|ability: Protosynthesis
|-start|p1a: Raging Bolt|protosynthesisspa
|turn|15
|
|t:|1759027624
|move|p2a: Greninja|Ice Beam|p1a: Raging Bolt
|-supereffective|p1a: Raging Bolt
|-damage|p1a: Raging Bolt|20/100
|move|p1a: Raging Bolt|Volt Switch|p2a: Greninja
|-damage|p2a: Greninja|0 fnt
|faint|p2a: Greninja
|
|t:|1759027627
|-end|p1a: Raging Bolt|Protosynthesis|[silent]
|switch|p1a: Slither Wing|Slither Wing|100/100 par|[from] Volt Switch
|-activate|p1a: Slither Wing|ability: Protosynthesis
|-start|p1a: Slither Wing|protosynthesisatk
|
|-weather|SunnyDay|[upkeep]
|upkeep
|
|t:|1759027636
|switch|p2a: Noivern|Noivern, M|100/100
|turn|16
|
|t:|1759027643
|move|p2a: Noivern|Flamethrower|p1a: Slither Wing
|-supereffective|p1a: Slither Wing
|-damage|p1a: Slither Wing|23/100 par
|move|p1a: Slither Wing|U-turn|p2a: Noivern
|-resisted|p2a: Noivern
|-damage|p2a: Noivern|51/100
|
|t:|1759027646
|-end|p1a: Slither Wing|Protosynthesis|[silent]
|switch|p1a: Raging Bolt|Raging Bolt|20/100|[from] U-turn
|-activate|p1a: Raging Bolt|ability: Protosynthesis
|-start|p1a: Raging Bolt|protosynthesisspa
|
|-weather|SunnyDay|[upkeep]
|upkeep
|turn|17
|
|t:|1759027651
|move|p1a: Raging Bolt|Thunderclap|p2a: Noivern
|-damage|p2a: Noivern|0 fnt
|faint|p2a: Noivern
|
|-weather|SunnyDay|[upkeep]
|upkeep
|
|t:|1759027654
|switch|p2a: Goodra|Goodra, M|100/100
|turn|18
|
|t:|1759027661
|move|p1a: Raging Bolt|Thunderclap|p2a: Goodra
|-resisted|p2a: Goodra
|-damage|p2a: Goodra|87/100
|move|p2a: Goodra|Dragon Pulse|p1a: Raging Bolt
|-supereffective|p1a: Raging Bolt
|-damage|p1a: Raging Bolt|0 fnt
|faint|p1a: Raging Bolt
|-end|p1a: Raging Bolt|Protosynthesis|[silent]
|
|-weather|SunnyDay|[upkeep]
|-heal|p2a: Goodra|93/100|[from] item: Leftovers
|upkeep
|
|t:|1759027663
|switch|p1a: Slither Wing|Slither Wing|23/100 par
|-activate|p1a: Slither Wing|ability: Protosynthesis
|-start|p1a: Slither Wing|protosynthesisatk
|turn|19
|
|t:|1759027669
|move|p2a: Goodra|Dragon Pulse|p1a: Slither Wing
|-damage|p1a: Slither Wing|0 fnt
|faint|p1a: Slither Wing
|-end|p1a: Slither Wing|Protosynthesis|[silent]
|
|win|PrivatePlays
|raw|Predestined's rating: 1064 &rarr; <strong>1044</strong><br />(-20 for losing)
|raw|PrivatePlays's rating: 1050 &rarr; <strong>1084</strong><br />(+34 for winning)
|l|☆Predestined
|player|p1|
|l|☆PrivatePlays
|player|p2|
