|j|☆Scrubby009
|j|☆UchihaSusgay
|t:|1758946037
|gametype|singles
|player|p1|Scrubby009|ethan|1571
|player|p2|UchihaSusgay|roxie|1526
|gen|9
|tier|[Gen 9] OU
|rated|
|rule|HP Percentage Mod: HP is shown in percentages
|rule|Endless Battle Clause: Forcing endless battles is banned
|rule|Species Clause: Limit one of each Pokémon
|rule|OHKO Clause: OHKO moves are banned
|rule|Evasion Items Clause: Evasion items are banned
|rule|Evasion Moves Clause: Evasion moves are banned
|rule|Evasion Abilities Clause: Evasion abilities are banned
|rule|Sleep Moves Clause: Sleep-inducing moves are banned
|clearpoke
|poke|p1|Iron Treads|
|poke|p1|Samurott-Hisui, M|
|poke|p1|Kingambit, F|
|poke|p1|Ceruledge, F|
|poke|p1|Iron Moth|
|poke|p1|Iron Valiant|
|poke|p2|Flygon, F|
|poke|p2|Alomomola, M|
|poke|p2|Weezing-Galar, F|
|poke|p2|Rotom-Heat|
|poke|p2|Enamorus, F|
|poke|p2|Kingambit, M|
|teampreview
|
|t:|1758946062
|teamsize|p1|6
|teamsize|p2|6
|start
|switch|p1a: Noibert|Samurott-Hisui, M|100/100
|switch|p2a: Flygon|Flygon, F|100/100
|turn|1
|
|t:|1758946069
|move|p2a: Flygon|U-turn|p1a: Noibert
|-supereffective|p1a: Noibert
|-damage|p1a: Noibert|18/100
|
|t:|1758946082
|switch|p2a: Weezing|Weezing-Galar, F|100/100|[from] U-turn
|-ability|p2a: Weezing|Neutralizing Gas
|move|p1a: Noibert|Ceaseless Edge|p2a: Weezing
|-resisted|p2a: Weezing
|-damage|p2a: Weezing|89/100
|-sidestart|p2: UchihaSusgay|Spikes
|
|upkeep
|turn|2
|
|t:|1758946091
|move|p1a: Noibert|Razor Shell|p2a: Weezing
|-damage|p2a: Weezing|62/100
|move|p2a: Weezing|Strange Steam|p1a: Noibert
|-supereffective|p1a: Noibert
|-damage|p1a: Noibert|0 fnt
|faint|p1a: Noibert
|
|upkeep
|
|t:|1758946101
|switch|p1a: G0-AT|Iron Treads|100/100
|turn|3
|
|t:|1758946106
|move|p1a: G0-AT|Earth Power|p2a: Weezing
|-supereffective|p2a: Weezing
|-damage|p2a: Weezing|0 fnt
|faint|p2a: Weezing
|-end|p2a: Weezing|ability: Neutralizing Gas
|-enditem|p1a: G0-AT|Booster Energy
|-activate|p1a: G0-AT|ability: Quark Drive|[fromitem]
|-start|p1a: G0-AT|quarkdrivespe
|
|upkeep
|
|t:|1758946110
|switch|p2a: Flygon|Flygon, F|100/100
|turn|4
|
|t:|1758946113
|move|p1a: G0-AT|Steel Beam|p2a: Flygon
|-damage|p2a: Flygon|32/100
|-damage|p1a: G0-AT|50/100|[from] steelbeam
|move|p2a: Flygon|Earthquake|p1a: G0-AT
|-supereffective|p1a: G0-AT
|-damage|p1a: G0-AT|0 fnt
|faint|p1a: G0-AT
|-end|p1a: G0-AT|Quark Drive|[silent]
|
|upkeep
|
|t:|1758946122
|switch|p1a: They/Them|Iron Valiant|100/100
|-enditem|p1a: They/Them|Booster Energy
|-activate|p1a: They/Them|ability: Quark Drive|[fromitem]
|-start|p1a: They/Them|quarkdrivespe
|turn|5
|
|t:|1758946130
|switch|p2a: Rotom|Rotom-Heat|100/100
|move|p1a: They/Them|Moonblast|p2a: Rotom
|-resisted|p2a: Rotom
|-damage|p2a: Rotom|75/100
|
|upkeep
|turn|6
|
|t:|1758946153
|move|p1a: They/Them|Moonblast|p2a: Rotom
|-resisted|p2a: Rotom
|-damage|p2a: Rotom|49/100
|-unboost|p2a: Rotom|spa|1
|move|p2a: Rotom|Volt Switch|p1a: They/Them
|-damage|p1a: They/Them|42/100
|
|t:|1758946159
|switch|p2a: Alomomola|Alomomola, M|100/100|[from] Volt Switch
|
|upkeep
|turn|7
|
|t:|1758946162
|move|p1a: They/Them|Calm Mind|p1a: They/Them
|-boost|p1a: They/Them|spa|1
|-boost|p1a: They/Them|spd|1
|move|p2a: Alomomola|Wish|p2a: Alomomola
|
|upkeep
|turn|8
|
|t:|1758946164
|move|p1a: They/Them|Encore|p2a: Alomomola
|-start|p2a: Alomomola|Encore
|move|p2a: Alomomola|Wish||[still]
|-fail|p2a: Alomomola
|
|upkeep
|turn|9
|
|t:|1758946167
|move|p1a: They/Them|Calm Mind|p1a: They/Them
|-boost|p1a: They/Them|spa|1
|-boost|p1a: They/Them|spd|1
|move|p2a: Alomomola|Wish|p2a: Alomomola
|
|upkeep
|turn|10
|
|t:|1758946171
|switch|p2a: Rotom|Rotom-Heat|49/100
|move|p1a: They/Them|Calm Mind|p1a: They/Them
|-boost|p1a: They/Them|spa|1
|-boost|p1a: They/Them|spd|1
|
|-heal|p2a: Rotom|100/100|[from] move: Wish|[wisher] Alomomola
|upkeep
|turn|11
|
|t:|1758946180
|move|p1a: They/Them|Moonblast|p2a: Rotom
|-resisted|p2a: Rotom
|-damage|p2a: Rotom|39/100
|-unboost|p2a: Rotom|spa|1
|move|p2a: Rotom|Overheat|p1a: They/Them
|-damage|p1a: They/Them|0 fnt
|-unboost|p2a: Rotom|spa|2
|faint|p1a: They/Them
|-end|p1a: They/Them|Quark Drive|[silent]
|
|upkeep
|
|t:|1758946187
|switch|p1a: Sentinel|Ceruledge, F, shiny|100/100
|turn|12
|
|t:|1758946200
|switch|p2a: Alomomola|Alomomola, M|100/100
|move|p1a: Sentinel|Swords Dance|p1a: Sentinel
|-boost|p1a: Sentinel|atk|2
|
|upkeep
|turn|13
|
|t:|1758946205
|move|p1a: Sentinel|Swords Dance|p1a: Sentinel
|-boost|p1a: Sentinel|atk|2
|move|p2a: Alomomola|Wish|p2a: Alomomola
|
|upkeep
|turn|14
|
|t:|1758946208
|move|p1a: Sentinel|Poltergeist|p2a: Alomomola
|-activate|p2a: Alomomola|move: Poltergeist|Heavy-Duty Boots
|-damage|p2a: Alomomola|4/100
|move|p2a: Alomomola|Flip Turn|p1a: Sentinel
|-supereffective|p1a: Sentinel
|-damage|p1a: Sentinel|51/100
|-ability|p1a: Sentinel|Weak Armor|boost
|-unboost|p1a: Sentinel|def|1
|-boost|p1a: Sentinel|spe|2
|
|t:|1758946213
|switch|p2a: Rotom|Rotom-Heat|39/100|[from] Flip Turn
|
|-heal|p2a: Rotom|100/100|[from] move: Wish|[wisher] Alomomola
|upkeep
|turn|15
|
|t:|1758946222
|move|p1a: Sentinel|Poltergeist|p2a: Rotom
|-activate|p2a: Rotom|move: Poltergeist|Choice Specs
|-damage|p2a: Rotom|0 fnt
|faint|p2a: Rotom
|
|upkeep
|
|t:|1758946228
|switch|p2a: Kingambit|Kingambit, M|100/100
|-damage|p2a: Kingambit|88/100|[from] Spikes
|-activate|p2a: Kingambit|ability: Supreme Overlord
|-start|p2a: Kingambit|fallen2|[silent]
|turn|16
|
|t:|1758946231
|move|p1a: Sentinel|Shadow Sneak|p2a: Kingambit
|-resisted|p2a: Kingambit
|-damage|p2a: Kingambit|63/100
|move|p2a: Kingambit|Kowtow Cleave|p1a: Sentinel
|-supereffective|p1a: Sentinel
|-crit|p1a: Sentinel
|-damage|p1a: Sentinel|0 fnt
|faint|p1a: Sentinel
|
|upkeep
|
|t:|1758946238
|switch|p1a: Mothra|Iron Moth|100/100
|-enditem|p1a: Mothra|Booster Energy
|-activate|p1a: Mothra|ability: Quark Drive|[fromitem]
|-start|p1a: Mothra|quarkdrivespe
|turn|17
|
|t:|1758946247
|-terastallize|p2a: Kingambit|Dark
|move|p2a: Kingambit|Sucker Punch|p1a: Mothra
|-damage|p1a: Mothra|0 fnt
|faint|p1a: Mothra
|-end|p1a: Mothra|Quark Drive|[silent]
|
|upkeep
|
|t:|1758946251
|switch|p1a: Knight to E6|Kingambit, F|100/100
|-activate|p1a: Knight to E6|ability: Supreme Overlord
|-start|p1a: Knight to E6|fallen5|[silent]
|turn|18
|
|t:|1758946297
|-end|p2a: Kingambit|fallen2|[silent]
|switch|p2a: Enamorus|Enamorus, F|100/100
|move|p1a: Knight to E6|Swords Dance|p1a: Knight to E6
|-boost|p1a: Knight to E6|atk|2
|
|upkeep
|turn|19
|
|t:|1758946302
|-terastallize|p1a: Knight to E6|Flying
|move|p2a: Enamorus|Healing Wish|p2a: Enamorus
|faint|p2a: Enamorus
|move|p1a: Knight to E6|Iron Head|p2: Enamorus|[notarget]
|-fail|p1a: Knight to E6
|
|upkeep
|
|t:|1758946313
|switch|p2a: Kingambit|Kingambit, M, tera:Dark|63/100
|-heal|p2a: Kingambit|100/100|[from] move: Healing Wish
|-damage|p2a: Kingambit|88/100|[from] Spikes
|-activate|p2a: Kingambit|ability: Supreme Overlord
|-start|p2a: Kingambit|fallen3|[silent]
|turn|20
|
|t:|1758946316
|move|p1a: Knight to E6|Iron Head|p2a: Kingambit
|-damage|p2a: Kingambit|0 fnt
|faint|p2a: Kingambit
|-end|p2a: Kingambit|fallen3|[silent]
|
|upkeep
|
|t:|1758946321
|switch|p2a: Alomomola|Alomomola, M|37/100
|turn|21
|
|t:|1758946322
|move|p1a: Knight to E6|Kowtow Cleave|p2a: Alomomola
|-damage|p2a: Alomomola|0 fnt
|faint|p2a: Alomomola
|
|upkeep
|
|t:|1758946329
|switch|p2a: Flygon|Flygon, F|32/100
|turn|22
|
|t:|1758946334
|move|p1a: Knight to E6|Sucker Punch|p2a: Flygon
|-damage|p2a: Flygon|0 fnt
|faint|p2a: Flygon
|
|win|Scrubby009
|raw|Scrubby009's rating: 1571 &rarr; <strong>1588</strong><br />(+17 for winning)
|raw|UchihaSusgay's rating: 1526 &rarr; <strong>1509</strong><br />(-17 for losing)
|c|☆Scrubby009|ggs
|l|☆UchihaSusgay
|player|p2|
|l|☆Scrubby009
|player|p1|
