|j|☆kalen80
|j|☆DonovanIsNotHere
|t:|1758920670
|gametype|singles
|player|p1|kalen80|2|1412
|player|p2|DonovanIsNotHere|266|1441
|gen|9
|tier|[Gen 9] OU
|rated|
|rule|HP Percentage Mod: HP is shown in percentages
|rule|Endless Battle Clause: Forcing endless battles is banned
|rule|Species Clause: Limit one of each Pokémon
|rule|OHKO Clause: OHKO moves are banned
|rule|Evasion Items Clause: Evasion items are banned
|rule|Evasion Moves Clause: Evasion moves are banned
|rule|Evasion Abilities Clause: Evasion abilities are banned
|rule|Sleep Moves Clause: Sleep-inducing moves are banned
|clearpoke
|poke|p1|Landorus-Therian, M|
|poke|p1|Enamorus, F|
|poke|p1|Iron Valiant|
|poke|p1|Dragonite, M|
|poke|p1|Heatran, M|
|poke|p1|Ogerpon-Wellspring, F|
|poke|p2|Articuno|
|poke|p2|Ninetales-Alola, M|
|poke|p2|Weavile, F|
|poke|p2|Samurott-Hisui, F|
|poke|p2|Great Tusk|
|poke|p2|Slowking-Galar, M|
|teampreview
|
|t:|1758920683
|teamsize|p1|6
|teamsize|p2|6
|start
|switch|p1a: Heatran|Heatran, M|100/100
|switch|p2a: Daywalker|Slowking-Galar, M|100/100
|turn|1
|
|t:|1758920690
|switch|p2a: Urokodaki|Samurott-Hisui, F, shiny|100/100
|move|p1a: Heatran|Magma Storm|p2a: Urokodaki
|-resisted|p2a: Urokodaki
|-damage|p2a: Urokodaki|82/100
|-activate|p2a: Urokodaki|move: Magma Storm|[of] p1a: Heatran
|
|-damage|p2a: Urokodaki|70/100|[from] move: Magma Storm|[partiallytrapped]
|upkeep
|turn|2
|
|t:|1758920697
|switch|p1a: Landorus|Landorus-Therian, M|100/100
|-ability|p1a: Landorus|Intimidate|boost
|-unboost|p2a: Urokodaki|atk|1
|move|p2a: Urokodaki|Flip Turn|p1a: Landorus
|-supereffective|p1a: Landorus
|-damage|p1a: Landorus|78/100
|-damage|p2a: Urokodaki|54/100|[from] item: Rocky Helmet|[of] p1a: Landorus
|
|t:|1758920700
|switch|p2a: Violet|Ninetales-Alola, M, shiny|100/100|[from] Flip Turn
|-weather|Snowscape|[from] ability: Snow Warning|[of] p2a: Violet
|
|-weather|Snowscape|[upkeep]
|upkeep
|turn|3
|
|t:|1758920706
|switch|p1a: Heatran|Heatran, M|100/100
|move|p2a: Violet|Aurora Veil|p2a: Violet
|-sidestart|p2: DonovanIsNotHere|move: Aurora Veil
|
|-weather|Snowscape|[upkeep]
|upkeep
|turn|4
|
|t:|1758920708
|switch|p2a: Urokodaki|Samurott-Hisui, F, shiny|54/100
|move|p1a: Heatran|Flash Cannon|p2a: Urokodaki
|-resisted|p2a: Urokodaki
|-damage|p2a: Urokodaki|46/100
|
|-weather|Snowscape|[upkeep]
|upkeep
|turn|5
|
|t:|1758920713
|switch|p1a: Landorus|Landorus-Therian, M|78/100
|-ability|p1a: Landorus|Intimidate|boost
|-unboost|p2a: Urokodaki|atk|1
|move|p2a: Urokodaki|Ceaseless Edge|p1a: Landorus
|-damage|p1a: Landorus|58/100
|-damage|p2a: Urokodaki|29/100|[from] item: Rocky Helmet|[of] p1a: Landorus
|-sidestart|p1: kalen80|Spikes
|
|-weather|Snowscape|[upkeep]
|upkeep
|turn|6
|
|t:|1758920717
|switch|p2a: Leonard Spinner|Great Tusk|100/100
|move|p1a: Landorus|U-turn|p2a: Leonard Spinner
|-resisted|p2a: Leonard Spinner
|-damage|p2a: Leonard Spinner|97/100
|
|t:|1758920720
|switch|p1a: Ogerpon|Ogerpon-Wellspring, F|100/100|[from] U-turn
|-damage|p1a: Ogerpon|88/100|[from] Spikes
|
|-weather|none
|upkeep
|turn|7
|
|t:|1758920728
|-end|p2a: Leonard Spinner|Protosynthesis|[silent]
|switch|p2a: Dairy Queen|Articuno, shiny|100/100
|-ability|p2a: Dairy Queen|Pressure
|move|p1a: Ogerpon|Swords Dance|p1a: Ogerpon
|-boost|p1a: Ogerpon|atk|2
|
|upkeep
|turn|8
|
|t:|1758920735
|-terastallize|p1a: Ogerpon|Water
|detailschange|p1a: Ogerpon|Ogerpon-Wellspring-Tera, F, tera:Water
|-ability|p1a: Ogerpon|Embody Aspect (Wellspring)|boost
|-boost|p1a: Ogerpon|spd|1
|move|p1a: Ogerpon|Ivy Cudgel|p2a: Dairy Queen|[anim] Ivy Cudgel Water
|-damage|p2a: Dairy Queen|27/100
|move|p2a: Dairy Queen|Freeze-Dry|p1a: Ogerpon
|-supereffective|p1a: Ogerpon
|-damage|p1a: Ogerpon|40/100
|
|upkeep
|turn|9
|
|t:|1758920749
|switch|p2a: Daywalker|Slowking-Galar, M|100/100
|move|p1a: Ogerpon|Ivy Cudgel|p2a: Daywalker|[anim] Ivy Cudgel Water
|-damage|p2a: Daywalker|43/100
|
|upkeep
|turn|10
|
|t:|1758920783
|-terastallize|p2a: Daywalker|Water
|move|p1a: Ogerpon|Ivy Cudgel|p2a: Daywalker|[anim] Ivy Cudgel Water
|-resisted|p2a: Daywalker
|-crit|p2a: Daywalker
|-damage|p2a: Daywalker|0 fnt
|faint|p2a: Daywalker
|
|-sideend|p2: DonovanIsNotHere|move: Aurora Veil
|upkeep
|-message|kalen80 forfeited.
|
|win|DonovanIsNotHere
|raw|kalen80's rating: 1412 &rarr; <strong>1394</strong><br />(-18 for losing)
|raw|DonovanIsNotHere's rating: 1441 &rarr; <strong>1459</strong><br />(+18 for winning)
|l|☆kalen80
|player|p1|
|l|☆DonovanIsNotHere
|player|p2|
