|badge|p2|bronze|gen9ou|100-6
|html|<div class="broadcast-red"><strong>This battle is required to be public due to one or more player having a season medal.</strong><br />During the public phase, you can discuss the state of the ladder <a href="/seasondiscussion">in a special chatroom.</a></div>
|uhtml|medal-msg|<div class="broadcast-blue">Curious what those medals under the avatar are? PS now has Ladder Seasons! For more information, check out the <a href="https://www.smogon.com/forums/threads/3740067/">thread on Smogon.</a></div>
|raw|<div class="broadcast-blue"><strong>This battle is required to be public due to a player having a name starting with 'medal'.</div>
|j|☆Agency Member two
|j|☆sentinental
|t:|1759014372
|gametype|singles
|player|p1|Agency Member two|scientist-gen4|1652
|player|p2|sentinental|blue-gen7|1819
|gen|9
|tier|[Gen 9] OU
|rated|
|rule|HP Percentage Mod: HP is shown in percentages
|rule|Endless Battle Clause: Forcing endless battles is banned
|rule|Species Clause: Limit one of each Pokémon
|rule|OHKO Clause: OHKO moves are banned
|rule|Evasion Items Clause: Evasion items are banned
|rule|Evasion Moves Clause: Evasion moves are banned
|rule|Evasion Abilities Clause: Evasion abilities are banned
|rule|Sleep Moves Clause: Sleep-inducing moves are banned
|clearpoke
|poke|p1|Great Tusk|
|poke|p1|Ogerpon-Wellspring, F|
|poke|p1|Darkrai|
|poke|p1|Slowking-Galar, F|
|poke|p1|Landorus-Therian, M|
|poke|p1|Heatran, F|
|poke|p2|Weavile, F|
|poke|p2|Primarina, F|
|poke|p2|Moltres|
|poke|p2|Great Tusk|
|poke|p2|Ting-Lu|
|poke|p2|Pecharunt|
|teampreview
|inactive|Battle timer is ON: inactive players will automatically lose when time's up. (requested by sentinental)
|j| larp legion
|j|+RoyalReloaded
|j| amefurikoneko
|inactive|Agency Member two has 120 seconds left.
|
|t:|1759014407
|teamsize|p1|6
|teamsize|p2|6
|start
|switch|p1a: n|Landorus-Therian, M|100/100
|switch|p2a: Great Tusk|Great Tusk|100/100
|-ability|p1a: n|Intimidate|boost
|-unboost|p2a: Great Tusk|atk|1
|turn|1
|
|t:|1759014414
|move|p1a: n|U-turn|p2a: Great Tusk
|-resisted|p2a: Great Tusk
|-damage|p2a: Great Tusk|91/100
|
|t:|1759014417
|switch|p1a: Greatest|Great Tusk|100/100|[from] U-turn
|move|p2a: Great Tusk|Ice Spinner|p1a: Greatest
|-supereffective|p1a: Greatest
|-damage|p1a: Greatest|77/100
|
|-heal|p1a: Greatest|83/100|[from] item: Leftovers
|upkeep
|turn|2
|
|t:|1759014434
|-end|p2a: Great Tusk|Protosynthesis|[silent]
|switch|p2a: Moltres|Moltres|100/100
|move|p1a: Greatest|Knock Off|p2a: Moltres
|-damage|p2a: Moltres|57/100
|-status|p1a: Greatest|brn|[from] ability: Flame Body|[of] p2a: Moltres
|-enditem|p2a: Moltres|Heavy-Duty Boots|[from] move: Knock Off|[of] p1a: Greatest
|
|-heal|p1a: Greatest|89/100 brn|[from] item: Leftovers
|-damage|p1a: Greatest|83/100 brn|[from] brn
|upkeep
|turn|3
|
|t:|1759014442
|-end|p1a: Greatest|Protosynthesis|[silent]
|switch|p1a: li|Slowking-Galar, F|100/100
|move|p2a: Moltres|Roost|p2a: Moltres
|-heal|p2a: Moltres|100/100
|-singleturn|p2a: Moltres|move: Roost
|
|upkeep
|turn|4
|
|t:|1759014448
|switch|p2a: Ting-Lu|Ting-Lu|100/100
|-ability|p2a: Ting-Lu|Vessel of Ruin
|move|p1a: li|Future Sight|p2a: Ting-Lu
|-start|p1a: li|move: Future Sight
|
|upkeep
|turn|5
|
|t:|1759014452
|switch|p1a: oger|Ogerpon-Wellspring, F|100/100
|move|p2a: Ting-Lu|Earthquake|p1a: oger
|-resisted|p1a: oger
|-damage|p1a: oger|79/100
|
|upkeep
|turn|6
|
|t:|1759014460
|move|p1a: oger|Ivy Cudgel|p2a: Ting-Lu|[anim] Ivy Cudgel Water
|-supereffective|p2a: Ting-Lu
|-damage|p2a: Ting-Lu|40/100
|move|p2a: Ting-Lu|Stealth Rock|p1a: oger
|-sidestart|p1: Agency Member two|move: Stealth Rock
|
|-end|p2a: Ting-Lu|move: Future Sight
|-immune|p2a: Ting-Lu
|-heal|p2a: Ting-Lu|46/100|[from] item: Leftovers
|upkeep
|turn|7
|
|t:|1759014467
|switch|p2a: Pecharunt|Pecharunt|100/100
|move|p1a: oger|Knock Off|p2a: Pecharunt
|-supereffective|p2a: Pecharunt
|-damage|p2a: Pecharunt|67/100
|-enditem|p2a: Pecharunt|Heavy-Duty Boots|[from] move: Knock Off|[of] p1a: oger
|
|upkeep
|turn|8
|
|t:|1759014484
|move|p1a: oger|Spikes|p2a: Pecharunt
|-sidestart|p2: sentinental|Spikes
|move|p2a: Pecharunt|Recover|p2a: Pecharunt
|-heal|p2a: Pecharunt|100/100
|
|upkeep
|turn|9
|
|t:|1759014491
|switch|p1a: li|Slowking-Galar, F|100/100
|-damage|p1a: li|88/100|[from] Stealth Rock
|move|p2a: Pecharunt|Parting Shot|p1a: li
|-unboost|p1a: li|atk|1
|-unboost|p1a: li|spa|1
|
|t:|1759014498
|switch|p2a: Weavile|Weavile, F|100/100|[from] Parting Shot
|-damage|p2a: Weavile|88/100|[from] Spikes
|-ability|p2a: Weavile|Pressure
|
|upkeep
|turn|10
|
|t:|1759014520
|switch|p1a: Greatest|Great Tusk|83/100 brn
|-damage|p1a: Greatest|80/100 brn|[from] Stealth Rock
|move|p2a: Weavile|Knock Off|p1a: Greatest
|-resisted|p1a: Greatest
|-damage|p1a: Greatest|56/100 brn
|-enditem|p1a: Greatest|Leftovers|[from] move: Knock Off|[of] p2a: Weavile
|
|-damage|p1a: Greatest|50/100 brn|[from] brn
|upkeep
|turn|11
|
|t:|1759014530
|switch|p2a: Pecharunt|Pecharunt|100/100
|-damage|p2a: Pecharunt|88/100|[from] Spikes
|move|p1a: Greatest|Rapid Spin|p2a: Pecharunt
|-immune|p2a: Pecharunt
|
|-damage|p1a: Greatest|44/100 brn|[from] brn
|upkeep
|turn|12
|
|t:|1759014543
|move|p1a: Greatest|Headlong Rush|p2a: Pecharunt
|-supereffective|p2a: Pecharunt
|-damage|p2a: Pecharunt|57/100
|-unboost|p1a: Greatest|def|1
|-unboost|p1a: Greatest|spd|1
|move|p2a: Pecharunt|Parting Shot|p1a: Greatest
|-unboost|p1a: Greatest|atk|1
|-unboost|p1a: Greatest|spa|1
|
|t:|1759014546
|switch|p2a: Moltres|Moltres|100/100|[from] Parting Shot
|
|-damage|p1a: Greatest|38/100 brn|[from] brn
|upkeep
|turn|13
|
|t:|1759014557
|switch|p2a: Weavile|Weavile, F|88/100
|-damage|p2a: Weavile|76/100|[from] Spikes
|-ability|p2a: Weavile|Pressure
|move|p1a: Greatest|Rapid Spin|p2a: Weavile
|-damage|p2a: Weavile|65/100
|-boost|p1a: Greatest|spe|1
|-sideend|p1: Agency Member two|Stealth Rock|[from] move: Rapid Spin|[of] p1a: Greatest
|
|-damage|p1a: Greatest|32/100 brn|[from] brn
|upkeep
|turn|14
|
|t:|1759014566
|switch|p2a: Moltres|Moltres|100/100
|-end|p1a: Greatest|Protosynthesis|[silent]
|switch|p1a: q|Heatran, F|100/100
|
|upkeep
|turn|15
|
|t:|1759014577
|move|p2a: Moltres|Scorching Sands|p1a: q
|-supereffective|p1a: q
|-damage|p1a: q|41/100
|move|p1a: q|Stealth Rock|p2a: Moltres
|-sidestart|p2: sentinental|move: Stealth Rock
|
|-heal|p1a: q|48/100|[from] item: Leftovers
|upkeep
|turn|16
|
|t:|1759014584
|switch|p1a: li|Slowking-Galar, F|100/100
|move|p2a: Moltres|Hurricane|p1a: li
|-damage|p1a: li|71/100
|-start|p1a: li|confusion
|
|upkeep
|turn|17
|
|t:|1759014593
|move|p2a: Moltres|Scorching Sands|p1a: li
|-supereffective|p1a: li
|-damage|p1a: li|47/100
|-activate|p1a: li|confusion
|move|p1a: li|Sludge Bomb|p2a: Moltres
|-damage|p2a: Moltres|63/100
|
|upkeep
|turn|18
|
|t:|1759014608
|switch|p1a: n|Landorus-Therian, M|100/100
|-ability|p1a: n|Intimidate|boost
|-unboost|p2a: Moltres|atk|1
|move|p2a: Moltres|Roost|p2a: Moltres
|-heal|p2a: Moltres|100/100
|-singleturn|p2a: Moltres|move: Roost
|
|upkeep
|turn|19
|
|t:|1759014621
|switch|p2a: Great Tusk|Great Tusk|91/100
|-damage|p2a: Great Tusk|78/100|[from] Spikes
|-damage|p2a: Great Tusk|75/100|[from] Stealth Rock
|move|p1a: n|Stone Edge|p2a: Great Tusk
|-resisted|p2a: Great Tusk
|-damage|p2a: Great Tusk|68/100
|
|upkeep
|turn|20
|
|t:|1759014632
|switch|p1a: oger|Ogerpon-Wellspring, F|79/100
|move|p2a: Great Tusk|Rapid Spin|p1a: oger
|-damage|p1a: oger|60/100
|-boost|p2a: Great Tusk|spe|1
|-sideend|p2: sentinental|Spikes|[from] move: Rapid Spin|[of] p2a: Great Tusk
|-sideend|p2: sentinental|Stealth Rock|[from] move: Rapid Spin|[of] p2a: Great Tusk
|
|upkeep
|turn|21
|
|t:|1759014640
|-end|p2a: Great Tusk|Protosynthesis|[silent]
|switch|p2a: Primarina|Primarina, F|100/100
|move|p1a: oger|Ivy Cudgel|p2a: Primarina|[anim] Ivy Cudgel Water
|-resisted|p2a: Primarina
|-damage|p2a: Primarina|77/100
|
|-heal|p2a: Primarina|83/100|[from] item: Leftovers
|upkeep
|turn|22
|
|t:|1759014644
|switch|p2a: Pecharunt|Pecharunt|57/100
|move|p1a: oger|Knock Off|p2a: Pecharunt
|-supereffective|p2a: Pecharunt
|-damage|p2a: Pecharunt|33/100
|
|upkeep
|turn|23
|
|t:|1759014659
|-terastallize|p1a: oger|Water
|detailschange|p1a: oger|Ogerpon-Wellspring-Tera, F, tera:Water
|-ability|p1a: oger|Embody Aspect (Wellspring)|boost
|-boost|p1a: oger|spd|1
|move|p1a: oger|Ivy Cudgel|p2a: Pecharunt|[anim] Ivy Cudgel Water
|-crit|p2a: Pecharunt
|-damage|p2a: Pecharunt|0 fnt
|faint|p2a: Pecharunt
|
|upkeep
|
|t:|1759014663
|switch|p2a: Weavile|Weavile, F|65/100
|-ability|p2a: Weavile|Pressure
|turn|24
|
|t:|1759014678
|switch|p1a: Greatest|Great Tusk|32/100 brn
|move|p2a: Weavile|Knock Off|p1a: Greatest
|-resisted|p1a: Greatest
|-damage|p1a: Greatest|15/100 brn
|
|-damage|p1a: Greatest|9/100 brn|[from] brn
|upkeep
|turn|25
|
|t:|1759014683
|move|p2a: Weavile|Knock Off|p1a: Greatest
|-resisted|p1a: Greatest
|-damage|p1a: Greatest|0 fnt
|faint|p1a: Greatest
|-end|p1a: Greatest|Protosynthesis|[silent]
|
|upkeep
|
|t:|1759014699
|switch|p1a: pe|Darkrai|100/100
|turn|26
|
|t:|1759014711
|switch|p2a: Ting-Lu|Ting-Lu|46/100
|-ability|p2a: Ting-Lu|Vessel of Ruin
|move|p1a: pe|Nasty Plot|p1a: pe
|-boost|p1a: pe|spa|2
|
|-heal|p2a: Ting-Lu|52/100|[from] item: Leftovers
|upkeep
|turn|27
|
|t:|1759014718
|move|p1a: pe|Focus Blast|p2a: Ting-Lu
|-supereffective|p2a: Ting-Lu
|-damage|p2a: Ting-Lu|0 fnt
|faint|p2a: Ting-Lu
|
|upkeep
|
|t:|1759014721
|switch|p2a: Great Tusk|Great Tusk|68/100
|turn|28
|
|t:|1759014730
|move|p2a: Great Tusk|Close Combat|p1a: pe
|-supereffective|p1a: pe
|-crit|p1a: pe
|-damage|p1a: pe|0 fnt
|-unboost|p2a: Great Tusk|def|1
|-unboost|p2a: Great Tusk|spd|1
|faint|p1a: pe
|
|upkeep
|
|t:|1759014743
|switch|p1a: li|Slowking-Galar, F|80/100
|turn|29
|
|t:|1759014749
|-end|p2a: Great Tusk|Protosynthesis|[silent]
|switch|p2a: Moltres|Moltres|100/100
|move|p1a: li|Sludge Bomb|p2a: Moltres
|-crit|p2a: Moltres
|-damage|p2a: Moltres|34/100
|-status|p2a: Moltres|psn
|
|-damage|p2a: Moltres|22/100 psn|[from] psn
|upkeep
|turn|30
|
|t:|1759014755
|move|p2a: Moltres|Scorching Sands|p1a: li
|-supereffective|p1a: li
|-damage|p1a: li|57/100
|-status|p1a: li|brn
|move|p1a: li|Sludge Bomb|p2a: Moltres
|-damage|p2a: Moltres|0 fnt
|faint|p2a: Moltres
|
|-damage|p1a: li|51/100 brn|[from] brn
|upkeep
|
|t:|1759014760
|switch|p2a: Weavile|Weavile, F|65/100
|-ability|p2a: Weavile|Pressure
|turn|31
|
|t:|1759014779
|switch|p1a: q|Heatran, F|48/100
|move|p2a: Weavile|Knock Off|p1a: q
|-damage|p1a: q|0 fnt
|-enditem|p1a: q|Leftovers|[from] move: Knock Off|[of] p2a: Weavile
|faint|p1a: q
|
|upkeep
|
|t:|1759014784
|switch|p1a: n|Landorus-Therian, M|100/100
|-ability|p1a: n|Intimidate|boost
|-unboost|p2a: Weavile|atk|1
|turn|32
|
|t:|1759014791
|switch|p2a: Primarina|Primarina, F|83/100
|move|p1a: n|Earthquake|p2a: Primarina
|-damage|p2a: Primarina|38/100
|
|-heal|p2a: Primarina|44/100|[from] item: Leftovers
|upkeep
|turn|33
|
|t:|1759014797
|move|p1a: n|Earthquake|p2a: Primarina
|-damage|p2a: Primarina|0 fnt
|faint|p2a: Primarina
|
|upkeep
|
|t:|1759014800
|switch|p2a: Weavile|Weavile, F|65/100
|-ability|p2a: Weavile|Pressure
|turn|34
|
|t:|1759014814
|switch|p1a: li|Slowking-Galar, F|84/100 brn
|move|p2a: Weavile|Knock Off|p1a: li
|-supereffective|p1a: li
|-damage|p1a: li|0 fnt
|-enditem|p1a: li|Assault Vest|[from] move: Knock Off|[of] p2a: Weavile
|faint|p1a: li
|
|upkeep
|
|t:|1759014822
|switch|p1a: n|Landorus-Therian, M|100/100
|-ability|p1a: n|Intimidate|boost
|-unboost|p2a: Weavile|atk|1
|turn|35
|
|t:|1759014826
|move|p1a: n|Earthquake|p2a: Weavile
|-damage|p2a: Weavile|0 fnt
|faint|p2a: Weavile
|
|upkeep
|
|t:|1759014828
|switch|p2a: Great Tusk|Great Tusk|68/100
|turn|36
|
|t:|1759014833
|move|p1a: n|Earthquake|p2a: Great Tusk
|-damage|p2a: Great Tusk|24/100
|move|p2a: Great Tusk|Ice Spinner|p1a: n
|-supereffective|p1a: n
|-damage|p1a: n|0 fnt
|faint|p1a: n
|
|upkeep
|
|t:|1759014838
|switch|p1a: oger|Ogerpon-Wellspring-Tera, F, tera:Water|60/100
|-ability|p1a: oger|Embody Aspect (Wellspring)|boost
|-boost|p1a: oger|spd|1
|turn|37
|
|t:|1759014842
|move|p2a: Great Tusk|Ice Spinner|p1a: oger
|-resisted|p1a: oger
|-damage|p1a: oger|44/100
|move|p1a: oger|Ivy Cudgel|p2a: Great Tusk|[anim] Ivy Cudgel Water
|-supereffective|p2a: Great Tusk
|-damage|p2a: Great Tusk|0 fnt
|faint|p2a: Great Tusk
|-end|p2a: Great Tusk|Protosynthesis|[silent]
|
|win|Agency Member two
|raw|Agency Member two's rating: 1652 &rarr; <strong>1681</strong><br />(+29 for winning)
|raw|sentinental's rating: 1819 &rarr; <strong>1790</strong><br />(-29 for losing)
|l|☆sentinental
|player|p2|
|l|☆Agency Member two
|player|p1|
