|j|☆grunt92
|j|☆PepeNike
|t:|1758933565
|gametype|singles
|player|p1|grunt92|rocketgrunt|1375
|player|p2|PepeNike|102|1401
|gen|9
|tier|[Gen 9] OU
|rated|
|rule|HP Percentage Mod: HP is shown in percentages
|rule|Endless Battle Clause: Forcing endless battles is banned
|rule|Species Clause: Limit one of each Pokémon
|rule|OHKO Clause: OHKO moves are banned
|rule|Evasion Items Clause: Evasion items are banned
|rule|Evasion Moves Clause: Evasion moves are banned
|rule|Evasion Abilities Clause: Evasion abilities are banned
|rule|Sleep Moves Clause: Sleep-inducing moves are banned
|clearpoke
|poke|p1|Garchomp, M|
|poke|p1|Great Tusk|
|poke|p1|Skarmory, F|
|poke|p1|Clefable, F|
|poke|p1|Ogerpon-Wellspring, F|
|poke|p1|Bellibolt, F|
|poke|p2|Glimmora, F|
|poke|p2|Dragapult, M|
|poke|p2|Gholdengo|
|poke|p2|Weavile, M|
|poke|p2|Dragonite, F|
|poke|p2|Greninja-*, M|
|teampreview
|inactive|Battle timer is ON: inactive players will automatically lose when time's up. (requested by PepeNike)
|inactive|grunt92 also wants the timer to be on.
|
|t:|1758933579
|teamsize|p1|6
|teamsize|p2|6
|start
|switch|p1a: Bellibolt|Bellibolt, F|100/100
|switch|p2a: Glimmora|Glimmora, F|100/100
|turn|1
|
|t:|1758933591
|move|p2a: Glimmora|Stealth Rock|p1a: Bellibolt
|-sidestart|p1: grunt92|move: Stealth Rock
|move|p1a: Bellibolt|Volt Switch|p2a: Glimmora
|-damage|p2a: Glimmora|71/100
|
|t:|1758933599
|switch|p1a: Ogerpon|Ogerpon-Wellspring, F|100/100|[from] Volt Switch
|-damage|p1a: Ogerpon|88/100|[from] Stealth Rock
|
|upkeep
|turn|2
|
|t:|1758933605
|switch|p2a: Dragapult|Dragapult, M|100/100
|move|p1a: Ogerpon|Encore||[still]
|-fail|p1a: Ogerpon
|
|upkeep
|turn|3
|
|t:|1758933612
|switch|p1a: Clefable|Clefable, F|100/100
|move|p2a: Dragapult|U-turn|p1a: Clefable
|-resisted|p1a: Clefable
|-damage|p1a: Clefable|94/100
|
|t:|1758933614
|switch|p2a: Glimmora|Glimmora, F|71/100|[from] U-turn
|
|upkeep
|turn|4
|
|t:|1758933620
|switch|p1a: Bellibolt|Bellibolt, F|100/100
|move|p2a: Glimmora|Spikes|p1a: Bellibolt
|-sidestart|p1: grunt92|Spikes
|
|upkeep
|turn|5
|
|t:|1758933639
|move|p2a: Glimmora|Spikes|p1a: Bellibolt
|-sidestart|p1: grunt92|Spikes
|move|p1a: Bellibolt|Chilling Water|p2a: Glimmora
|-supereffective|p2a: Glimmora
|-damage|p2a: Glimmora|46/100
|-unboost|p2a: Glimmora|atk|1
|
|upkeep
|turn|6
|
|t:|1758933649
|move|p2a: Glimmora|Spikes|p1a: Bellibolt
|-sidestart|p1: grunt92|Spikes
|move|p1a: Bellibolt|Chilling Water|p2a: Glimmora
|-supereffective|p2a: Glimmora
|-crit|p2a: Glimmora
|-damage|p2a: Glimmora|8/100
|-unboost|p2a: Glimmora|atk|1
|
|upkeep
|turn|7
|
|t:|1758933658
|move|p2a: Glimmora|Memento|p1a: Bellibolt
|-unboost|p1a: Bellibolt|atk|2
|-unboost|p1a: Bellibolt|spa|2
|faint|p2a: Glimmora
|move|p1a: Bellibolt|Volt Switch|p2: Glimmora|[notarget]
|-fail|p1a: Bellibolt
|
|upkeep
|
|t:|1758933666
|switch|p2a: Weavile|Weavile, M|100/100
|turn|8
|
|t:|1758933672
|switch|p1a: Clefable|Clefable, F|94/100
|move|p2a: Weavile|Knock Off|p1a: Clefable
|-resisted|p1a: Clefable
|-damage|p1a: Clefable|74/100
|-enditem|p1a: Clefable|Heavy-Duty Boots|[from] move: Knock Off|[of] p2a: Weavile
|
|upkeep
|turn|9
|
|t:|1758933683
|move|p2a: Weavile|Triple Axel|p1a: Clefable
|-damage|p1a: Clefable|66/100
|-damage|p1a: Clefable|52/100
|-hitcount|p1a: Clefable|2
|move|p1a: Clefable|Moonblast|p2a: Weavile
|-supereffective|p2a: Weavile
|-damage|p2a: Weavile|10/100
|
|upkeep
|turn|10
|
|t:|1758933694
|move|p2a: Weavile|Triple Axel|p1a: Clefable
|-damage|p1a: Clefable|45/100
|-damage|p1a: Clefable|28/100
|-damage|p1a: Clefable|4/100
|-hitcount|p1a: Clefable|3
|move|p1a: Clefable|Moonblast|p2a: Weavile
|-supereffective|p2a: Weavile
|-damage|p2a: Weavile|0 fnt
|faint|p2a: Weavile
|
|upkeep
|
|t:|1758933701
|switch|p2a: Greninja|Greninja, M|100/100
|turn|11
|
|t:|1758933705
|switch|p1a: Ogerpon|Ogerpon-Wellspring, F|88/100
|-damage|p1a: Ogerpon|76/100|[from] Stealth Rock
|-damage|p1a: Ogerpon|51/100|[from] Spikes
|move|p2a: Greninja|Dark Pulse|p1a: Ogerpon
|-damage|p1a: Ogerpon|0 fnt
|faint|p1a: Ogerpon
|-ability|p2a: Greninja|Battle Bond|boost
|-boost|p2a: Greninja|atk|1
|-boost|p2a: Greninja|spa|1
|-boost|p2a: Greninja|spe|1
|-activate|p2a: Greninja|ability: Battle Bond
|-damage|p2a: Greninja|91/100|[from] item: Life Orb
|
|upkeep
|
|t:|1758933709
|switch|p1a: Bellibolt|Bellibolt, F|100/100
|turn|12
|
|t:|1758933721
|-terastallize|p2a: Greninja|Water
|move|p2a: Greninja|Surf|p1a: Bellibolt
|-damage|p1a: Bellibolt|22/100
|-start|p1a: Bellibolt|Charge|Surf|[from] ability: Electromorphosis
|-damage|p2a: Greninja|81/100|[from] item: Life Orb
|move|p1a: Bellibolt|Toxic|p2a: Greninja
|-status|p2a: Greninja|tox
|
|-damage|p2a: Greninja|75/100 tox|[from] psn
|upkeep
|turn|13
|inactive|grunt92 has 120 seconds left.
|
|t:|1758933754
|move|p2a: Greninja|Dark Pulse|p1a: Bellibolt
|-damage|p1a: Bellibolt|0 fnt
|faint|p1a: Bellibolt
|-damage|p2a: Greninja|65/100 tox|[from] item: Life Orb
|
|-damage|p2a: Greninja|53/100 tox|[from] psn
|upkeep
|inactive|grunt92 has 120 seconds left.
|
|t:|1758933768
|switch|p1a: Garchomp|Garchomp, M|100/100
|-damage|p1a: Garchomp|94/100|[from] Stealth Rock
|-damage|p1a: Garchomp|69/100|[from] Spikes
|turn|14
|inactive|grunt92 has 120 seconds left.
|
|t:|1758933777
|-terastallize|p1a: Garchomp|Electric
|move|p2a: Greninja|Ice Beam|p1a: Garchomp
|-damage|p1a: Garchomp|9/100
|-damage|p2a: Greninja|43/100 tox|[from] item: Life Orb
|move|p1a: Garchomp|Tera Blast|p2a: Greninja|[anim] Tera Blast Electric
|-supereffective|p2a: Greninja
|-damage|p2a: Greninja|0 fnt
|faint|p2a: Greninja
|
|upkeep
|
|t:|1758933786
|switch|p2a: Dragapult|Dragapult, M|100/100
|turn|15
|
|t:|1758933791
|move|p2a: Dragapult|Shadow Ball|p1a: Garchomp
|-damage|p1a: Garchomp|0 fnt
|faint|p1a: Garchomp
|
|upkeep
|
|t:|1758933799
|switch|p1a: Great Tusk|Great Tusk|100/100
|-damage|p1a: Great Tusk|98/100|[from] Stealth Rock
|-damage|p1a: Great Tusk|73/100|[from] Spikes
|turn|16
|inactive|PepeNike has 120 seconds left.
|
|t:|1758933830
|move|p1a: Great Tusk|Ice Spinner|p2a: Dragapult
|-supereffective|p2a: Dragapult
|-damage|p2a: Dragapult|24/100
|move|p2a: Dragapult|Shadow Ball|p1a: Great Tusk
|-damage|p1a: Great Tusk|0 fnt
|faint|p1a: Great Tusk
|-end|p1a: Great Tusk|Protosynthesis|[silent]
|
|upkeep
|-message|grunt92 forfeited.
|
|win|PepeNike
|raw|grunt92's rating: 1375 &rarr; <strong>1356</strong><br />(-19 for losing)
|raw|PepeNike's rating: 1401 &rarr; <strong>1420</strong><br />(+19 for winning)
|l|☆grunt92
|player|p1|
|l|☆PepeNike
|player|p2|
