|j|☆msksherlock
|j|☆Excelio21
|t:|1759052324
|gametype|singles
|player|p1|msksherlock|102|1418
|player|p2|Excelio21|riley|1404
|gen|9
|tier|[Gen 9] OU
|rated|
|rule|HP Percentage Mod: HP is shown in percentages
|rule|Endless Battle Clause: Forcing endless battles is banned
|rule|Species Clause: Limit one of each Pokémon
|rule|OHKO Clause: OHKO moves are banned
|rule|Evasion Items Clause: Evasion items are banned
|rule|Evasion Moves Clause: Evasion moves are banned
|rule|Evasion Abilities Clause: Evasion abilities are banned
|rule|Sleep Moves Clause: Sleep-inducing moves are banned
|clearpoke
|poke|p1|Ninetales-Alola, M|
|poke|p1|Polteageist|
|poke|p1|Ogerpon-Wellspring, F|
|poke|p1|Iron Treads|
|poke|p1|Latias, F|
|poke|p1|Kingambit, F|
|poke|p2|Grimmsnarl, M|
|poke|p2|Tinkaton, F|
|poke|p2|Zapdos|
|poke|p2|Salamence, M|
|poke|p2|Latios, M|
|poke|p2|Great Tusk|
|teampreview
|inactive|Battle timer is ON: inactive players will automatically lose when time's up. (requested by Excelio21)
|
|t:|1759052352
|teamsize|p1|6
|teamsize|p2|6
|start
|switch|p1a: Gujarat|Iron Treads, shiny|100/100
|switch|p2a: Tinkaton|Tinkaton, F|100/100
|-ability|p2a: Tinkaton|Mold Breaker
|-item|p2a: Tinkaton|Air Balloon
|-enditem|p1a: Gujarat|Booster Energy
|-activate|p1a: Gujarat|ability: Quark Drive|[fromitem]
|-start|p1a: Gujarat|quarkdrivespe
|turn|1
|
|t:|1759052376
|switch|p2a: Zapdos|Zapdos|100/100
|move|p1a: Gujarat|Stealth Rock|p2a: Zapdos
|-sidestart|p2: Excelio21|move: Stealth Rock
|
|upkeep
|turn|2
|
|t:|1759052388
|move|p1a: Gujarat|Steel Beam|p2a: Zapdos
|-resisted|p2a: Zapdos
|-damage|p2a: Zapdos|74/100
|-damage|p1a: Gujarat|50/100|[from] steelbeam
|move|p2a: Zapdos|Heat Wave|p1a: Gujarat
|-supereffective|p1a: Gujarat
|-damage|p1a: Gujarat|0 fnt
|faint|p1a: Gujarat
|-end|p1a: Gujarat|Quark Drive|[silent]
|
|upkeep
|
|t:|1759052393
|switch|p1a: Himachal|Ninetales-Alola, M, shiny|100/100
|-weather|Snowscape|[from] ability: Snow Warning|[of] p1a: Himachal
|turn|3
|
|t:|1759052399
|move|p1a: Himachal|Aurora Veil|p1a: Himachal
|-sidestart|p1: msksherlock|move: Aurora Veil
|move|p2a: Zapdos|Heat Wave|p1a: Himachal
|-supereffective|p1a: Himachal
|-damage|p1a: Himachal|40/100
|
|-weather|Snowscape|[upkeep]
|upkeep
|turn|4
|
|t:|1759052408
|switch|p2a: Tinkaton|Tinkaton, F|100/100
|-damage|p2a: Tinkaton|94/100|[from] Stealth Rock
|-ability|p2a: Tinkaton|Mold Breaker
|-item|p2a: Tinkaton|Air Balloon
|move|p1a: Himachal|Moonblast|p2a: Tinkaton
|-resisted|p2a: Tinkaton
|-damage|p2a: Tinkaton|80/100
|-enditem|p2a: Tinkaton|Air Balloon
|
|-weather|Snowscape|[upkeep]
|upkeep
|turn|5
|
|t:|1759052415
|move|p1a: Himachal|Freeze-Dry|p2a: Tinkaton
|-resisted|p2a: Tinkaton
|-damage|p2a: Tinkaton|68/100
|move|p2a: Tinkaton|Thunder Wave|p1a: Himachal|[miss]
|-miss|p2a: Tinkaton|p1a: Himachal
|
|-weather|Snowscape|[upkeep]
|upkeep
|turn|6
|
|t:|1759052422
|move|p1a: Himachal|Freeze-Dry|p2a: Tinkaton
|-resisted|p2a: Tinkaton
|-damage|p2a: Tinkaton|56/100
|move|p2a: Tinkaton|Thunder Wave|p1a: Himachal
|-status|p1a: Himachal|par
|
|-weather|Snowscape|[upkeep]
|upkeep
|turn|7
|
|t:|1759052429
|move|p2a: Tinkaton|Stealth Rock|p1a: Himachal
|-sidestart|p1: msksherlock|move: Stealth Rock
|move|p1a: Himachal|Moonblast|p2a: Tinkaton
|-resisted|p2a: Tinkaton
|-damage|p2a: Tinkaton|40/100
|-unboost|p2a: Tinkaton|spa|1
|
|-weather|none
|upkeep
|turn|8
|
|t:|1759052432
|move|p2a: Tinkaton|Gigaton Hammer|p1a: Himachal
|-supereffective|p1a: Himachal
|-damage|p1a: Himachal|0 fnt
|faint|p1a: Himachal
|
|upkeep
|
|t:|1759052436
|switch|p1a: Assam|Polteageist, shiny|100/100
|-damage|p1a: Assam|88/100|[from] Stealth Rock
|turn|9
|
|t:|1759052442
|move|p2a: Tinkaton|Thunder Wave|p1a: Assam
|-status|p1a: Assam|par
|move|p1a: Assam|Shell Smash|p1a: Assam
|-unboost|p1a: Assam|def|1
|-unboost|p1a: Assam|spd|1
|-boost|p1a: Assam|atk|2
|-boost|p1a: Assam|spa|2
|-boost|p1a: Assam|spe|2
|-enditem|p1a: Assam|White Herb
|-clearnegativeboost|p1a: Assam|[silent]
|
|upkeep
|turn|10
|
|t:|1759052454
|move|p2a: Tinkaton|Gigaton Hammer|p1a: Assam
|-damage|p1a: Assam|61/100 par
|move|p1a: Assam|Shadow Ball|p2a: Tinkaton
|-damage|p2a: Tinkaton|0 fnt
|faint|p2a: Tinkaton
|
|-sideend|p1: msksherlock|move: Aurora Veil
|upkeep
|
|t:|1759052465
|switch|p2a: Grimmsnarl|Grimmsnarl, M|100/100
|-damage|p2a: Grimmsnarl|88/100|[from] Stealth Rock
|turn|11
|
|t:|1759052480
|move|p1a: Assam|Tera Blast|p2a: Grimmsnarl
|-damage|p2a: Grimmsnarl|40/100
|move|p2a: Grimmsnarl|Crunch|p1a: Assam
|-supereffective|p1a: Assam
|-damage|p1a: Assam|0 fnt
|-start|p2a: Grimmsnarl|Disable|Crunch|[from] ability: Cursed Body|[of] p1a: Assam
|faint|p1a: Assam
|
|upkeep
|
|t:|1759052485
|switch|p1a: Kerala|Ogerpon-Wellspring, F|100/100
|-damage|p1a: Kerala|88/100|[from] Stealth Rock
|turn|12
|
|t:|1759052495
|switch|p2a: Latios|Latios, M|100/100
|-damage|p2a: Latios|88/100|[from] Stealth Rock
|move|p1a: Kerala|Ivy Cudgel|p2a: Latios|[anim] Ivy Cudgel Water
|-resisted|p2a: Latios
|-damage|p2a: Latios|47/100
|
|upkeep
|turn|13
|
|t:|1759052501
|move|p2a: Latios|Draco Meteor|p1a: Kerala
|-damage|p1a: Kerala|3/100
|-unboost|p2a: Latios|spa|2
|move|p1a: Kerala|Play Rough|p2a: Latios
|-supereffective|p2a: Latios
|-damage|p2a: Latios|0 fnt
|faint|p2a: Latios
|
|upkeep
|
|t:|1759052517
|switch|p2a: Great Tusk|Great Tusk|100/100
|-damage|p2a: Great Tusk|98/100|[from] Stealth Rock
|turn|14
|
|t:|1759052523
|-terastallize|p2a: Great Tusk|Water
|move|p1a: Kerala|Power Whip|p2a: Great Tusk
|-supereffective|p2a: Great Tusk
|-damage|p2a: Great Tusk|0 fnt
|faint|p2a: Great Tusk
|-end|p2a: Great Tusk|Protosynthesis|[silent]
|
|upkeep
|
|t:|1759052529
|switch|p2a: Salamence|Salamence, M|100/100
|-damage|p2a: Salamence|76/100|[from] Stealth Rock
|turn|15
|
|t:|1759052532
|move|p1a: Kerala|Play Rough|p2a: Salamence|[miss]
|-miss|p1a: Kerala|p2a: Salamence
|move|p2a: Salamence|Dragon Dance|p2a: Salamence
|-boost|p2a: Salamence|atk|1
|-boost|p2a: Salamence|spe|1
|
|-heal|p2a: Salamence|82/100|[from] item: Leftovers
|upkeep
|turn|16
|c|☆msksherlock|F
|c|☆msksherlock|F
|c|☆msksherlock|F
|
|t:|1759052542
|move|p2a: Salamence|Fire Fang|p1a: Kerala
|-damage|p1a: Kerala|0 fnt
|faint|p1a: Kerala
|-ability|p2a: Salamence|Moxie|boost
|-boost|p2a: Salamence|atk|1
|
|-heal|p2a: Salamence|88/100|[from] item: Leftovers
|upkeep
|
|t:|1759052554
|switch|p1a: Tamil nadu|Kingambit, F|100/100
|-damage|p1a: Tamil nadu|94/100|[from] Stealth Rock
|-activate|p1a: Tamil nadu|ability: Supreme Overlord
|-start|p1a: Tamil nadu|fallen4|[silent]
|turn|17
|
|t:|1759052557
|move|p1a: Tamil nadu|Sucker Punch|p2a: Salamence
|-damage|p2a: Salamence|0 fnt
|faint|p2a: Salamence
|
|upkeep
|
|t:|1759052560
|switch|p2a: Grimmsnarl|Grimmsnarl, M|40/100
|-damage|p2a: Grimmsnarl|28/100|[from] Stealth Rock
|turn|18
|
|t:|1759052565
|move|p2a: Grimmsnarl|Play Rough|p1a: Tamil nadu
|-damage|p1a: Tamil nadu|42/100
|move|p1a: Tamil nadu|Iron Head|p2a: Grimmsnarl
|-supereffective|p2a: Grimmsnarl
|-damage|p2a: Grimmsnarl|0 fnt
|faint|p2a: Grimmsnarl
|
|upkeep
|
|t:|1759052568
|switch|p2a: Zapdos|Zapdos|74/100
|-damage|p2a: Zapdos|49/100|[from] Stealth Rock
|turn|19
|
|t:|1759052572
|move|p1a: Tamil nadu|Sucker Punch|p2a: Zapdos
|-damage|p2a: Zapdos|0 fnt
|faint|p2a: Zapdos
|
|win|msksherlock
|raw|msksherlock's rating: 1418 &rarr; <strong>1437</strong><br />(+19 for winning)
|raw|Excelio21's rating: 1404 &rarr; <strong>1385</strong><br />(-19 for losing)
|l|☆Excelio21
|player|p2|
|c|☆msksherlock|Well played GG
|l|☆msksherlock
|player|p1|
