|j|☆jibreel69
|j|☆Palm X
|t:|1758983953
|gametype|singles
|player|p1|jibreel69|2|1454
|player|p2|Palm X|caitlin|1557
|gen|9
|tier|[Gen 9] OU
|rated|
|rule|HP Percentage Mod: HP is shown in percentages
|rule|Endless Battle Clause: Forcing endless battles is banned
|rule|Species Clause: Limit one of each Pokémon
|rule|OHKO Clause: OHKO moves are banned
|rule|Evasion Items Clause: Evasion items are banned
|rule|Evasion Moves Clause: Evasion moves are banned
|rule|Evasion Abilities Clause: Evasion abilities are banned
|rule|Sleep Moves Clause: Sleep-inducing moves are banned
|clearpoke
|poke|p1|Dragapult, M|
|poke|p1|Dragonite, F|
|poke|p1|Ting-Lu|
|poke|p1|Weezing-Galar, F|
|poke|p1|Iron Crown|
|poke|p1|Zapdos|
|poke|p2|Ting-Lu|
|poke|p2|Pecharunt|
|poke|p2|Great Tusk|
|poke|p2|Iron Crown|
|poke|p2|Iron Valiant|
|poke|p2|Dragonite, F|
|teampreview
|inactive|Battle timer is ON: inactive players will automatically lose when time's up. (requested by Palm X)
|
|t:|1758983964
|teamsize|p1|6
|teamsize|p2|6
|start
|switch|p1a: Zapdos|Zapdos|100/100
|switch|p2a: Lu'sLu's Situation|Ting-Lu|100/100
|-ability|p2a: Lu'sLu's Situation|Vessel of Ruin
|turn|1
|inactive|jibreel69 has 120 seconds left.
|
|t:|1758983995
|move|p1a: Zapdos|Hurricane|p2a: Lu'sLu's Situation
|-damage|p2a: Lu'sLu's Situation|76/100
|move|p2a: Lu'sLu's Situation|Stealth Rock|p1a: Zapdos
|-sidestart|p1: jibreel69|move: Stealth Rock
|
|-heal|p2a: Lu'sLu's Situation|83/100|[from] item: Leftovers
|upkeep
|turn|2
|
|t:|1758984006
|switch|p2a: Coaltbalion|Iron Crown|100/100
|move|p1a: Zapdos|Hurricane|p2a: Coaltbalion
|-resisted|p2a: Coaltbalion
|-damage|p2a: Coaltbalion|85/100
|
|upkeep
|turn|3
|
|t:|1758984011
|move|p1a: Zapdos|Heat Wave|p2a: Coaltbalion
|-supereffective|p2a: Coaltbalion
|-damage|p2a: Coaltbalion|49/100
|move|p2a: Coaltbalion|Volt Switch|p1a: Zapdos
|-damage|p1a: Zapdos|74/100
|
|t:|1758984020
|-end|p2a: Coaltbalion|Quark Drive|[silent]
|switch|p2a: Cap. Tin America|Iron Valiant|100/100|[from] Volt Switch
|
|upkeep
|turn|4
|
|t:|1758984025
|move|p2a: Cap. Tin America|Moonblast|p1a: Zapdos
|-damage|p1a: Zapdos|0 fnt
|faint|p1a: Zapdos
|
|upkeep
|
|t:|1758984030
|switch|p1a: Iron Crown|Iron Crown|100/100
|-damage|p1a: Iron Crown|94/100|[from] Stealth Rock
|turn|5
|
|t:|1758984040
|-end|p2a: Cap. Tin America|Quark Drive|[silent]
|switch|p2a: Lu'sLu's Situation|Ting-Lu|83/100
|-ability|p2a: Lu'sLu's Situation|Vessel of Ruin
|move|p1a: Iron Crown|Focus Blast|p2a: Lu'sLu's Situation
|-supereffective|p2a: Lu'sLu's Situation
|-damage|p2a: Lu'sLu's Situation|32/100
|
|-heal|p2a: Lu'sLu's Situation|38/100|[from] item: Leftovers
|upkeep
|turn|6
|
|t:|1758984051
|-end|p1a: Iron Crown|Quark Drive|[silent]
|switch|p1a: Dragapult|Dragapult, M|100/100
|move|p2a: Lu'sLu's Situation|Earthquake|p1a: Dragapult
|-damage|p1a: Dragapult|49/100
|-start|p2a: Lu'sLu's Situation|Disable|Earthquake|[from] ability: Cursed Body|[of] p1a: Dragapult
|
|-heal|p2a: Lu'sLu's Situation|44/100|[from] item: Leftovers
|upkeep
|turn|7
|
|t:|1758984058
|move|p1a: Dragapult|U-turn|p2a: Lu'sLu's Situation
|-supereffective|p2a: Lu'sLu's Situation
|-damage|p2a: Lu'sLu's Situation|24/100
|
|t:|1758984063
|switch|p1a: Dragonite|Dragonite, F|100/100|[from] U-turn
|move|p2a: Lu'sLu's Situation|Ruination|p1a: Dragonite
|-damage|p1a: Dragonite|51/100
|
|-heal|p2a: Lu'sLu's Situation|30/100|[from] item: Leftovers
|upkeep
|turn|8
|
|t:|1758984068
|switch|p2a: NoDominicanPapi|Pecharunt|100/100
|move|p1a: Dragonite|Earthquake|p2a: NoDominicanPapi
|-supereffective|p2a: NoDominicanPapi
|-damage|p2a: NoDominicanPapi|65/100
|
|upkeep
|turn|9
|
|t:|1758984076
|switch|p1a: Iron Crown|Iron Crown|94/100
|-damage|p1a: Iron Crown|88/100|[from] Stealth Rock
|move|p2a: NoDominicanPapi|Parting Shot|p1a: Iron Crown
|-unboost|p1a: Iron Crown|atk|1
|-unboost|p1a: Iron Crown|spa|1
|
|t:|1758984084
|switch|p2a: Coaltbalion|Iron Crown|49/100|[from] Parting Shot
|
|upkeep
|turn|10
|j| RedemptiveSketch
|c|☆jibreel69|bro ewe mmmm
|l| RedemptiveSketch
|c|☆jibreel69|miss typed
|j| RedemptiveSketch
|c|☆Palm X|all g
|l| RedemptiveSketch
|inactive|jibreel69 has 120 seconds left.
|
|t:|1758984132
|-end|p1a: Iron Crown|Quark Drive|[silent]
|switch|p1a: Ting-Lu|Ting-Lu|100/100
|-damage|p1a: Ting-Lu|94/100|[from] Stealth Rock
|-ability|p1a: Ting-Lu|Vessel of Ruin
|move|p2a: Coaltbalion|Future Sight|p1a: Ting-Lu
|-start|p2a: Coaltbalion|move: Future Sight
|
|-heal|p1a: Ting-Lu|100/100|[from] item: Leftovers
|upkeep
|turn|11
|l|☆jibreel69
|inactive|jibreel69 disconnected and has a minute to reconnect!
|player|p1|
|j|☆jibreel69
|inactive|jibreel69 reconnected and has 105 seconds left.
|player|p1|jibreel69|2|
|
|t:|1758984154
|-end|p2a: Coaltbalion|Quark Drive|[silent]
|switch|p2a: SlimeGetEm'|Great Tusk|100/100
|move|p1a: Ting-Lu|Stealth Rock|p2a: SlimeGetEm'
|-sidestart|p2: Palm X|move: Stealth Rock
|
|upkeep
|turn|12
|
|t:|1758984164
|move|p2a: SlimeGetEm'|Bulk Up|p2a: SlimeGetEm'
|-boost|p2a: SlimeGetEm'|atk|1
|-boost|p2a: SlimeGetEm'|def|1
|move|p1a: Ting-Lu|Earthquake|p2a: SlimeGetEm'
|-damage|p2a: SlimeGetEm'|88/100
|
|-end|p1a: Ting-Lu|move: Future Sight
|-immune|p1a: Ting-Lu
|-heal|p2a: SlimeGetEm'|94/100|[from] item: Leftovers
|upkeep
|turn|13
|
|t:|1758984171
|move|p2a: SlimeGetEm'|Rapid Spin|p1a: Ting-Lu
|-damage|p1a: Ting-Lu|89/100
|-boost|p2a: SlimeGetEm'|spe|1
|-sideend|p2: Palm X|Stealth Rock|[from] move: Rapid Spin|[of] p2a: SlimeGetEm'
|move|p1a: Ting-Lu|Whirlwind|p2a: SlimeGetEm'
|-end|p2a: SlimeGetEm'|Protosynthesis|[silent]
|drag|p2a: OMG A WOMAN|Dragonite, F|100/100
|
|-heal|p1a: Ting-Lu|95/100|[from] item: Leftovers
|upkeep
|turn|14
|
|t:|1758984180
|move|p2a: OMG A WOMAN|Dragon Dance|p2a: OMG A WOMAN
|-boost|p2a: OMG A WOMAN|atk|1
|-boost|p2a: OMG A WOMAN|spe|1
|move|p1a: Ting-Lu|Stealth Rock|p2a: OMG A WOMAN
|-sidestart|p2: Palm X|move: Stealth Rock
|
|-heal|p1a: Ting-Lu|100/100|[from] item: Leftovers
|upkeep
|turn|15
|
|t:|1758984188
|move|p2a: OMG A WOMAN|Dragon Dance|p2a: OMG A WOMAN
|-boost|p2a: OMG A WOMAN|atk|1
|-boost|p2a: OMG A WOMAN|spe|1
|move|p1a: Ting-Lu|Whirlwind|p2a: OMG A WOMAN
|drag|p2a: Coaltbalion|Iron Crown|49/100
|-damage|p2a: Coaltbalion|43/100|[from] Stealth Rock
|
|upkeep
|turn|16
|
|t:|1758984194
|-end|p2a: Coaltbalion|Quark Drive|[silent]
|switch|p2a: Cap. Tin America|Iron Valiant|100/100
|-damage|p2a: Cap. Tin America|94/100|[from] Stealth Rock
|move|p1a: Ting-Lu|Ruination|p2a: Cap. Tin America
|-damage|p2a: Cap. Tin America|48/100
|
|upkeep
|turn|17
|inactive|jibreel69 has 120 seconds left.
|
|t:|1758984217
|switch|p1a: Iron Crown|Iron Crown|88/100
|-damage|p1a: Iron Crown|82/100|[from] Stealth Rock
|move|p2a: Cap. Tin America|Moonblast|p1a: Iron Crown
|-resisted|p1a: Iron Crown
|-damage|p1a: Iron Crown|49/100
|
|upkeep
|turn|18
|inactive|jibreel69 has 120 seconds left.
|
|t:|1758984226
|-end|p2a: Cap. Tin America|Quark Drive|[silent]
|switch|p2a: Lu'sLu's Situation|Ting-Lu|30/100
|-damage|p2a: Lu'sLu's Situation|24/100|[from] Stealth Rock
|-ability|p2a: Lu'sLu's Situation|Vessel of Ruin
|move|p1a: Iron Crown|Tachyon Cutter|p2a: Lu'sLu's Situation
|-damage|p2a: Lu'sLu's Situation|9/100
|-damage|p2a: Lu'sLu's Situation|0 fnt
|faint|p2a: Lu'sLu's Situation
|-hitcount|p2: Lu'sLu's Situation|2
|
|upkeep
|
|t:|1758984231
|switch|p2a: Cap. Tin America|Iron Valiant|48/100
|-damage|p2a: Cap. Tin America|41/100|[from] Stealth Rock
|turn|19
|
|t:|1758984246
|-end|p1a: Iron Crown|Quark Drive|[silent]
|switch|p1a: Ting-Lu|Ting-Lu|100/100
|-damage|p1a: Ting-Lu|94/100|[from] Stealth Rock
|-ability|p1a: Ting-Lu|Vessel of Ruin
|move|p2a: Cap. Tin America|Shadow Ball|p1a: Ting-Lu
|-resisted|p1a: Ting-Lu
|-damage|p1a: Ting-Lu|85/100
|-unboost|p1a: Ting-Lu|spd|1
|
|-heal|p1a: Ting-Lu|92/100|[from] item: Leftovers
|upkeep
|turn|20
|j| RedemptiveSketch
|l| RedemptiveSketch
|
|t:|1758984257
|-end|p2a: Cap. Tin America|Quark Drive|[silent]
|switch|p2a: NoDominicanPapi|Pecharunt|65/100
|-damage|p2a: NoDominicanPapi|53/100|[from] Stealth Rock
|move|p1a: Ting-Lu|Earthquake|p2a: NoDominicanPapi
|-supereffective|p2a: NoDominicanPapi
|-damage|p2a: NoDominicanPapi|18/100
|
|-heal|p1a: Ting-Lu|98/100|[from] item: Leftovers
|upkeep
|turn|21
|
|t:|1758984264
|move|p2a: NoDominicanPapi|Recover|p2a: NoDominicanPapi
|-heal|p2a: NoDominicanPapi|68/100
|move|p1a: Ting-Lu|Ruination|p2a: NoDominicanPapi
|-damage|p2a: NoDominicanPapi|34/100
|
|-heal|p1a: Ting-Lu|100/100|[from] item: Leftovers
|upkeep
|turn|22
|
|t:|1758984271
|move|p2a: NoDominicanPapi|Recover|p2a: NoDominicanPapi
|-heal|p2a: NoDominicanPapi|84/100
|move|p1a: Ting-Lu|Earthquake|p2a: NoDominicanPapi
|-supereffective|p2a: NoDominicanPapi
|-damage|p2a: NoDominicanPapi|51/100
|
|upkeep
|turn|23
|
|t:|1758984275
|switch|p1a: Iron Crown|Iron Crown|49/100
|-damage|p1a: Iron Crown|43/100|[from] Stealth Rock
|move|p2a: NoDominicanPapi|Malignant Chain|p1a: Iron Crown
|-immune|p1a: Iron Crown
|
|upkeep
|turn|24
|
|t:|1758984288
|move|p1a: Iron Crown|Volt Switch|p2a: NoDominicanPapi
|-damage|p2a: NoDominicanPapi|21/100
|
|t:|1758984299
|-end|p1a: Iron Crown|Quark Drive|[silent]
|switch|p1a: Ting-Lu|Ting-Lu|100/100|[from] Volt Switch
|-damage|p1a: Ting-Lu|94/100|[from] Stealth Rock
|-ability|p1a: Ting-Lu|Vessel of Ruin
|move|p2a: NoDominicanPapi|Parting Shot|p1a: Ting-Lu
|-unboost|p1a: Ting-Lu|atk|1
|-unboost|p1a: Ting-Lu|spa|1
|
|t:|1758984306
|switch|p2a: Cap. Tin America|Iron Valiant|41/100|[from] Parting Shot
|-damage|p2a: Cap. Tin America|35/100|[from] Stealth Rock
|
|-heal|p1a: Ting-Lu|100/100|[from] item: Leftovers
|upkeep
|turn|25
|
|t:|1758984334
|-terastallize|p1a: Ting-Lu|Water
|move|p2a: Cap. Tin America|Moonblast|p1a: Ting-Lu
|-damage|p1a: Ting-Lu|69/100
|move|p1a: Ting-Lu|Earthquake|p2a: Cap. Tin America
|-damage|p2a: Cap. Tin America|4/100
|
|-heal|p1a: Ting-Lu|76/100|[from] item: Leftovers
|upkeep
|turn|26
|
|t:|1758984342
|move|p2a: Cap. Tin America|Moonblast|p1a: Ting-Lu
|-damage|p1a: Ting-Lu|44/100
|move|p1a: Ting-Lu|Earthquake|p2a: Cap. Tin America
|-damage|p2a: Cap. Tin America|0 fnt
|faint|p2a: Cap. Tin America
|-end|p2a: Cap. Tin America|Quark Drive|[silent]
|
|-heal|p1a: Ting-Lu|51/100|[from] item: Leftovers
|upkeep
|
|t:|1758984349
|switch|p2a: SlimeGetEm'|Great Tusk|94/100
|-damage|p2a: SlimeGetEm'|91/100|[from] Stealth Rock
|turn|27
|
|t:|1758984356
|switch|p1a: Dragapult|Dragapult, M|49/100
|move|p2a: SlimeGetEm'|Rapid Spin|p1a: Dragapult
|-immune|p1a: Dragapult
|
|-heal|p2a: SlimeGetEm'|97/100|[from] item: Leftovers
|upkeep
|turn|28
|
|t:|1758984363
|move|p1a: Dragapult|Will-O-Wisp|p2a: SlimeGetEm'
|-status|p2a: SlimeGetEm'|brn
|move|p2a: SlimeGetEm'|Headlong Rush|p1a: Dragapult
|-damage|p1a: Dragapult|17/100
|-unboost|p2a: SlimeGetEm'|def|1
|-unboost|p2a: SlimeGetEm'|spd|1
|
|-heal|p2a: SlimeGetEm'|100/100 brn|[from] item: Leftovers
|-damage|p2a: SlimeGetEm'|94/100 brn|[from] brn
|upkeep
|turn|29
|
|t:|1758984370
|move|p1a: Dragapult|Hex|p2a: SlimeGetEm'
|-damage|p2a: SlimeGetEm'|0 fnt
|faint|p2a: SlimeGetEm'
|-end|p2a: SlimeGetEm'|Protosynthesis|[silent]
|
|upkeep
|
|t:|1758984373
|switch|p2a: OMG A WOMAN|Dragonite, F|100/100
|turn|30
|
|t:|1758984379
|move|p1a: Dragapult|Will-O-Wisp|p2a: OMG A WOMAN
|-status|p2a: OMG A WOMAN|brn
|move|p2a: OMG A WOMAN|Dragon Dance|p2a: OMG A WOMAN
|-boost|p2a: OMG A WOMAN|atk|1
|-boost|p2a: OMG A WOMAN|spe|1
|
|-damage|p2a: OMG A WOMAN|94/100 brn|[from] brn
|upkeep
|turn|31
|
|t:|1758984395
|-terastallize|p2a: OMG A WOMAN|Flying
|move|p2a: OMG A WOMAN|Roost|p2a: OMG A WOMAN
|-heal|p2a: OMG A WOMAN|100/100 brn
|-hint|If a Terastallized Pokemon uses Roost, it remains Flying-type.
|move|p1a: Dragapult|Dragon Darts|p2a: OMG A WOMAN
|-damage|p2a: OMG A WOMAN|90/100 brn
|-anim|p1a: Dragapult|Dragon Darts|p2a: OMG A WOMAN
|-damage|p2a: OMG A WOMAN|69/100 brn
|
|-damage|p2a: OMG A WOMAN|62/100 brn|[from] brn
|upkeep
|turn|32
|
|t:|1758984401
|move|p2a: OMG A WOMAN|Roost|p2a: OMG A WOMAN
|-heal|p2a: OMG A WOMAN|100/100 brn
|-hint|If a Terastallized Pokemon uses Roost, it remains Flying-type.
|move|p1a: Dragapult|Hex|p2a: OMG A WOMAN
|-damage|p2a: OMG A WOMAN|75/100 brn
|
|-damage|p2a: OMG A WOMAN|69/100 brn|[from] brn
|upkeep
|turn|33
|
|t:|1758984405
|move|p2a: OMG A WOMAN|Dragon Dance|p2a: OMG A WOMAN
|-boost|p2a: OMG A WOMAN|atk|1
|-boost|p2a: OMG A WOMAN|spe|1
|move|p1a: Dragapult|Dragon Darts|p2a: OMG A WOMAN
|-damage|p2a: OMG A WOMAN|45/100 brn
|-anim|p1a: Dragapult|Dragon Darts|p2a: OMG A WOMAN
|-damage|p2a: OMG A WOMAN|22/100 brn
|
|-damage|p2a: OMG A WOMAN|16/100 brn|[from] brn
|upkeep
|turn|34
|
|t:|1758984408
|move|p2a: OMG A WOMAN|Tera Blast|p1a: Dragapult|[anim] Tera Blast Flying
|-damage|p1a: Dragapult|0 fnt
|faint|p1a: Dragapult
|
|-damage|p2a: OMG A WOMAN|10/100 brn|[from] brn
|upkeep
|
|t:|1758984413
|switch|p1a: Dragonite|Dragonite, F|51/100
|turn|35
|
|t:|1758984417
|move|p2a: OMG A WOMAN|Extreme Speed|p1a: Dragonite
|-damage|p1a: Dragonite|21/100
|move|p1a: Dragonite|Extreme Speed|p2a: OMG A WOMAN
|-damage|p2a: OMG A WOMAN|0 fnt
|faint|p2a: OMG A WOMAN
|
|upkeep
|
|t:|1758984420
|switch|p2a: NoDominicanPapi|Pecharunt|21/100
|-damage|p2a: NoDominicanPapi|9/100|[from] Stealth Rock
|turn|36
|
|t:|1758984423
|move|p1a: Dragonite|Earthquake|p2a: NoDominicanPapi
|-supereffective|p2a: NoDominicanPapi
|-damage|p2a: NoDominicanPapi|0 fnt
|faint|p2a: NoDominicanPapi
|
|upkeep
|
|t:|1758984425
|switch|p2a: Coaltbalion|Iron Crown|43/100
|-damage|p2a: Coaltbalion|36/100|[from] Stealth Rock
|turn|37
|
|t:|1758984436
|move|p2a: Coaltbalion|Tachyon Cutter|p1a: Dragonite
|-damage|p1a: Dragonite|0 fnt
|faint|p1a: Dragonite
|-hitcount|p1: Dragonite|1
|
|upkeep
|
|t:|1758984438
|switch|p1a: Ting-Lu|Ting-Lu, tera:Water|51/100
|-damage|p1a: Ting-Lu|38/100|[from] Stealth Rock
|-ability|p1a: Ting-Lu|Vessel of Ruin
|turn|38
|
|t:|1758984446
|move|p2a: Coaltbalion|Volt Switch|p1a: Ting-Lu
|-supereffective|p1a: Ting-Lu
|-damage|p1a: Ting-Lu|20/100
|move|p1a: Ting-Lu|Earthquake|p2a: Coaltbalion
|-supereffective|p2a: Coaltbalion
|-damage|p2a: Coaltbalion|0 fnt
|faint|p2a: Coaltbalion
|-end|p2a: Coaltbalion|Quark Drive|[silent]
|
|win|jibreel69
|raw|jibreel69's rating: 1454 &rarr; <strong>1480</strong><br />(+26 for winning)
|raw|Palm X's rating: 1557 &rarr; <strong>1531</strong><br />(-26 for losing)
|l|☆Palm X
|player|p2|
