|j|☆xuyanjys
|j|☆Carletous
|t:|1758972206
|gametype|singles
|player|p1|xuyanjys|265|1296
|player|p2|Carletous|102|1398
|gen|9
|tier|[Gen 9] OU
|rated|
|rule|HP Percentage Mod: HP is shown in percentages
|rule|Endless Battle Clause: Forcing endless battles is banned
|rule|Species Clause: Limit one of each Pokémon
|rule|OHKO Clause: OHKO moves are banned
|rule|Evasion Items Clause: Evasion items are banned
|rule|Evasion Moves Clause: Evasion moves are banned
|rule|Evasion Abilities Clause: Evasion abilities are banned
|rule|Sleep Moves Clause: Sleep-inducing moves are banned
|clearpoke
|poke|p1|Charizard, M|
|poke|p1|Torkoal, F|
|poke|p1|Hatterene, F|
|poke|p1|Great Tusk|
|poke|p1|Lilligant-Hisui, F|
|poke|p1|Walking Wake|
|poke|p2|Glimmora, M|
|poke|p2|Ninetales-Alola, F|
|poke|p2|Lucario, M|
|poke|p2|Samurott-Hisui, M|
|poke|p2|Garchomp, M|
|poke|p2|Braviary-Hisui, M|
|teampreview
|
|t:|1758972225
|teamsize|p1|6
|teamsize|p2|6
|start
|switch|p1a: Torkoal|Torkoal, F|100/100
|switch|p2a: Braviary|Braviary-Hisui, M, shiny|100/100
|-weather|SunnyDay|[from] ability: Drought|[of] p1a: Torkoal
|turn|1
|
|t:|1758972234
|move|p2a: Braviary|Psychic|p1a: Torkoal
|-damage|p1a: Torkoal|1/100
|move|p1a: Torkoal|Stealth Rock|p2a: Braviary
|-sidestart|p2: Carletous|move: Stealth Rock
|
|-weather|SunnyDay|[upkeep]
|upkeep
|turn|2
|
|t:|1758972244
|switch|p1a: Hatterene|Hatterene, F|100/100
|move|p2a: Braviary|Psychic|p1a: Hatterene
|-resisted|p1a: Hatterene
|-damage|p1a: Hatterene|65/100
|
|-weather|SunnyDay|[upkeep]
|upkeep
|turn|3
|inactive|Battle timer is ON: inactive players will automatically lose when time's up. (requested by xuyanjys)
|
|t:|1758972255
|move|p2a: Braviary|Defog|p1a: Hatterene
|move|p1a: Hatterene|Defog|p2a: Braviary|[from] ability: Magic Bounce
|-unboost|p2a: Braviary|evasion|1
|-sideend|p2: Carletous|Stealth Rock|[from] move: Defog|[of] p1a: Hatterene
|move|p1a: Hatterene|Nuzzle|p2a: Braviary
|-supereffective|p2a: Braviary
|-damage|p2a: Braviary|91/100
|-status|p2a: Braviary|par
|
|-weather|SunnyDay|[upkeep]
|upkeep
|turn|4
|
|t:|1758972268
|move|p1a: Hatterene|Dazzling Gleam|p2a: Braviary
|-damage|p2a: Braviary|55/100 par
|move|p2a: Braviary|Heat Wave|p1a: Hatterene
|-damage|p1a: Hatterene|0 fnt
|faint|p1a: Hatterene
|
|-weather|SunnyDay|[upkeep]
|upkeep
|
|t:|1758972277
|switch|p1a: Charizard|Charizard, M|100/100
|turn|5
|
|t:|1758972299
|switch|p2a: Garchomp|Garchomp, M|100/100
|move|p1a: Charizard|Flamethrower|p2a: Garchomp
|-resisted|p2a: Garchomp
|-damage|p2a: Garchomp|32/100
|
|-weather|SunnyDay|[upkeep]
|-damage|p1a: Charizard|88/100|[from] ability: Solar Power|[of] p1a: Charizard
|upkeep
|turn|6
|
|t:|1758972310
|move|p1a: Charizard|Flamethrower|p2a: Garchomp
|-resisted|p2a: Garchomp
|-damage|p2a: Garchomp|0 fnt
|faint|p2a: Garchomp
|
|-weather|SunnyDay|[upkeep]
|-damage|p1a: Charizard|76/100|[from] ability: Solar Power|[of] p1a: Charizard
|upkeep
|
|t:|1758972313
|switch|p2a: Ninetales|Ninetales-Alola, F, shiny|100/100
|-weather|Snowscape|[from] ability: Snow Warning|[of] p2a: Ninetales
|turn|7
|
|t:|1758972328
|-terastallize|p1a: Charizard|Fire
|move|p2a: Ninetales|Freeze-Dry|p1a: Charizard
|-resisted|p1a: Charizard
|-damage|p1a: Charizard|59/100
|move|p1a: Charizard|Flamethrower|p2a: Ninetales
|-supereffective|p2a: Ninetales
|-damage|p2a: Ninetales|0 fnt
|faint|p2a: Ninetales
|
|-weather|Snowscape|[upkeep]
|upkeep
|
|t:|1758972337
|switch|p2a: Samurott|Samurott-Hisui, M|100/100
|turn|8
|
|t:|1758972343
|switch|p1a: Torkoal|Torkoal, F|1/100
|-weather|SunnyDay|[from] ability: Drought|[of] p1a: Torkoal
|move|p2a: Samurott|Aqua Cutter|p1a: Torkoal
|-supereffective|p1a: Torkoal
|-damage|p1a: Torkoal|0 fnt
|faint|p1a: Torkoal
|
|-weather|SunnyDay|[upkeep]
|upkeep
|
|t:|1758972354
|switch|p1a: Lilligant|Lilligant-Hisui, F|100/100
|turn|9
|
|t:|1758972361
|switch|p2a: Glimmora|Glimmora, M|100/100
|move|p1a: Lilligant|Solar Blade||[still]
|-prepare|p1a: Lilligant|Solar Blade
|-anim|p1a: Lilligant|Solar Blade|p2a: Glimmora
|-damage|p2a: Glimmora|44/100
|-activate|p2a: Glimmora|ability: Toxic Debris
|-sidestart|p1: xuyanjys|move: Toxic Spikes
|-damage|p1a: Lilligant|91/100|[from] item: Life Orb
|
|-weather|SunnyDay|[upkeep]
|-heal|p2a: Glimmora|50/100|[from] item: Leftovers
|upkeep
|turn|10
|
|t:|1758972373
|-terastallize|p2a: Glimmora|Grass
|move|p1a: Lilligant|Solar Blade||[still]
|-prepare|p1a: Lilligant|Solar Blade
|-anim|p1a: Lilligant|Solar Blade|p2a: Glimmora
|-resisted|p2a: Glimmora
|-crit|p2a: Glimmora
|-damage|p2a: Glimmora|7/100
|-activate|p2a: Glimmora|ability: Toxic Debris
|-sidestart|p1: xuyanjys|move: Toxic Spikes
|-damage|p1a: Lilligant|81/100|[from] item: Life Orb
|move|p2a: Glimmora|Sludge Wave|p1a: Lilligant
|-supereffective|p1a: Lilligant
|-damage|p1a: Lilligant|0 fnt
|faint|p1a: Lilligant
|
|-weather|SunnyDay|[upkeep]
|-heal|p2a: Glimmora|13/100|[from] item: Leftovers
|upkeep
|
|t:|1758972391
|switch|p1a: Great Tusk|Great Tusk|100/100
|-status|p1a: Great Tusk|tox
|-activate|p1a: Great Tusk|ability: Protosynthesis
|-start|p1a: Great Tusk|protosynthesisatk
|turn|11
|
|t:|1758972404
|move|p1a: Great Tusk|Rapid Spin|p2a: Glimmora
|-damage|p2a: Glimmora|0 fnt
|-boost|p1a: Great Tusk|spe|1
|-sideend|p1: xuyanjys|Toxic Spikes|[from] move: Rapid Spin|[of] p1a: Great Tusk
|faint|p2a: Glimmora
|
|-weather|SunnyDay|[upkeep]
|-damage|p1a: Great Tusk|94/100 tox|[from] psn
|upkeep
|
|t:|1758972415
|switch|p2a: Lucario|Lucario, M|100/100
|turn|12
|
|t:|1758972421
|move|p1a: Great Tusk|Close Combat|p2a: Lucario
|-supereffective|p2a: Lucario
|-enditem|p2a: Lucario|Focus Sash
|-damage|p2a: Lucario|1/100
|-unboost|p1a: Great Tusk|def|1
|-unboost|p1a: Great Tusk|spd|1
|-enditem|p1a: Great Tusk|Eject Pack
|
|t:|1758972430
|-end|p1a: Great Tusk|Protosynthesis|[silent]
|switch|p1a: Walking Wake|Walking Wake|100/100
|-activate|p1a: Walking Wake|ability: Protosynthesis
|-start|p1a: Walking Wake|protosynthesisspe
|move|p2a: Lucario|Close Combat|p1a: Walking Wake
|-damage|p1a: Walking Wake|37/100
|-unboost|p2a: Lucario|def|1
|-unboost|p2a: Lucario|spd|1
|
|-weather|SunnyDay|[upkeep]
|upkeep
|turn|13
|
|t:|1758972441
|move|p2a: Lucario|Extreme Speed|p1a: Walking Wake
|-damage|p1a: Walking Wake|12/100
|move|p1a: Walking Wake|Hydro Steam|p2a: Lucario
|-damage|p2a: Lucario|0 fnt
|faint|p2a: Lucario
|
|-weather|SunnyDay|[upkeep]
|upkeep
|
|t:|1758972455
|switch|p2a: Braviary|Braviary-Hisui, M, shiny|55/100 par
|turn|14
|
|t:|1758972459
|switch|p2a: Samurott|Samurott-Hisui, M|100/100
|move|p1a: Walking Wake|Hydro Steam|p2a: Samurott
|-resisted|p2a: Samurott
|-damage|p2a: Samurott|29/100
|
|-weather|SunnyDay|[upkeep]
|upkeep
|turn|15
|
|t:|1758972473
|switch|p2a: Braviary|Braviary-Hisui, M, shiny|55/100 par
|move|p1a: Walking Wake|Hydro Steam|p2a: Braviary
|-damage|p2a: Braviary|0 fnt
|faint|p2a: Braviary
|
|-weather|none
|-end|p1a: Walking Wake|Protosynthesis
|upkeep
|
|t:|1758972478
|switch|p2a: Samurott|Samurott-Hisui, M|29/100
|turn|16
|
|t:|1758972494
|move|p2a: Samurott|Aqua Cutter|p1a: Walking Wake
|-resisted|p1a: Walking Wake
|-damage|p1a: Walking Wake|0 fnt
|faint|p1a: Walking Wake
|-end|p1a: Walking Wake|Protosynthesis|[silent]
|
|upkeep
|
|t:|1758972503
|switch|p1a: Charizard|Charizard, M, tera:Fire|59/100
|turn|17
|
|t:|1758972509
|move|p2a: Samurott|Aqua Cutter|p1a: Charizard
|-supereffective|p1a: Charizard
|-damage|p1a: Charizard|0 fnt
|faint|p1a: Charizard
|
|upkeep
|
|t:|1758972514
|switch|p1a: Great Tusk|Great Tusk|94/100 tox
|turn|18
|
|t:|1758972519
|move|p2a: Samurott|Aqua Cutter|p1a: Great Tusk
|-supereffective|p1a: Great Tusk
|-damage|p1a: Great Tusk|24/100 tox
|move|p1a: Great Tusk|Close Combat|p2a: Samurott
|-supereffective|p2a: Samurott
|-damage|p2a: Samurott|0 fnt
|-unboost|p1a: Great Tusk|def|1
|-unboost|p1a: Great Tusk|spd|1
|faint|p2a: Samurott
|
|win|xuyanjys
|raw|xuyanjys's rating: 1296 &rarr; <strong>1328</strong><br />(+32 for winning)
|raw|Carletous's rating: 1398 &rarr; <strong>1372</strong><br />(-26 for losing)
|l|☆Carletous
|player|p2|
|l|☆xuyanjys
|player|p1|
