|j|☆Lolgasm
|j|☆shitmon_advocate
|t:|1758952128
|gametype|singles
|player|p1|Lolgasm|101|1389
|player|p2|shitmon_advocate|miku-water|1425
|gen|9
|tier|[Gen 9] OU
|rated|
|rule|HP Percentage Mod: HP is shown in percentages
|rule|Endless Battle Clause: Forcing endless battles is banned
|rule|Species Clause: Limit one of each Pokémon
|rule|OHKO Clause: OHKO moves are banned
|rule|Evasion Items Clause: Evasion items are banned
|rule|Evasion Moves Clause: Evasion moves are banned
|rule|Evasion Abilities Clause: Evasion abilities are banned
|rule|Sleep Moves Clause: Sleep-inducing moves are banned
|clearpoke
|poke|p1|Ninetales, M|
|poke|p1|Walking Wake|
|poke|p1|Hatterene, F|
|poke|p1|Great Tusk|
|poke|p1|Comfey, F|
|poke|p1|Ceruledge, F|
|poke|p2|Indeedee, M|
|poke|p2|Armarouge, F|
|poke|p2|Hatterene, F|
|poke|p2|Polteageist-Antique|
|poke|p2|Maushold-Four|
|poke|p2|Hawlucha, M|
|teampreview
|inactive|Battle timer is ON: inactive players will automatically lose when time's up. (requested by shitmon_advocate)
|
|t:|1758952137
|teamsize|p1|6
|teamsize|p2|6
|start
|switch|p1a: Daydream|Ninetales, M, shiny|100/100
|switch|p2a: Indeedee|Indeedee, M|100/100
|-weather|SunnyDay|[from] ability: Drought|[of] p1a: Daydream
|-fieldstart|move: Psychic Terrain|[from] ability: Psychic Surge|[of] p2a: Indeedee
|turn|1
|j| oozoingreeper
|
|t:|1758952146
|switch|p2a: Hatterene|Hatterene, F|100/100
|move|p1a: Daydream|Weather Ball|p2a: Hatterene
|-damage|p2a: Hatterene|56/100
|-enditem|p2a: Hatterene|Eject Button
|
|t:|1758952156
|switch|p2a: Armarouge|Armarouge, F|100/100
|
|-weather|SunnyDay|[upkeep]
|upkeep
|turn|2
|
|t:|1758952175
|switch|p1a: Duko|Hatterene, F, shiny|100/100
|switch|p2a: Polteageist|Polteageist-Antique|100/100
|
|-weather|SunnyDay|[upkeep]
|upkeep
|turn|3
|
|t:|1758952186
|move|p2a: Polteageist|Shell Smash|p2a: Polteageist
|-unboost|p2a: Polteageist|def|1
|-unboost|p2a: Polteageist|spd|1
|-boost|p2a: Polteageist|atk|2
|-boost|p2a: Polteageist|spa|2
|-boost|p2a: Polteageist|spe|2
|move|p1a: Duko|Psychic Noise|p2a: Polteageist
|-damage|p2a: Polteageist|27/100
|-start|p2a: Polteageist|move: Heal Block
|
|-weather|SunnyDay|[upkeep]
|upkeep
|turn|4
|
|t:|1758952198
|move|p2a: Polteageist|Shadow Ball|p1a: Duko
|-supereffective|p1a: Duko
|-damage|p1a: Duko|0 fnt
|faint|p1a: Duko
|
|-weather|SunnyDay|[upkeep]
|-end|p2a: Polteageist|move: Heal Block
|upkeep
|
|t:|1758952207
|switch|p1a: Asmi|Comfey, F, shiny|100/100
|turn|5
|
|t:|1758952212
|move|p1a: Asmi|Draining Kiss|p2a: Polteageist
|-activate|p2a: Polteageist|move: Psychic Terrain
|move|p2a: Polteageist|Stored Power|p1a: Asmi
|-damage|p1a: Asmi|0 fnt
|faint|p1a: Asmi
|
|-weather|SunnyDay|[upkeep]
|upkeep
|
|t:|1758952225
|switch|p1a: Mr. Banana|Walking Wake|100/100
|-activate|p1a: Mr. Banana|ability: Protosynthesis
|-start|p1a: Mr. Banana|protosynthesisspe
|turn|6
|
|t:|1758952233
|-terastallize|p1a: Mr. Banana|Water
|move|p1a: Mr. Banana|Hydro Steam|p2a: Polteageist
|-damage|p2a: Polteageist|0 fnt
|faint|p2a: Polteageist
|
|-weather|SunnyDay|[upkeep]
|upkeep
|
|t:|1758952262
|switch|p2a: Hatterene|Hatterene, F|56/100
|turn|7
|
|t:|1758952265
|move|p1a: Mr. Banana|Hydro Steam|p2a: Hatterene
|-damage|p2a: Hatterene|0 fnt
|faint|p2a: Hatterene
|
|-weather|SunnyDay|[upkeep]
|upkeep
|
|t:|1758952283
|switch|p2a: Maushold|Maushold-Four|100/100
|turn|8
|
|t:|1758952287
|move|p1a: Mr. Banana|Hydro Steam|p2a: Maushold
|-damage|p2a: Maushold|0 fnt
|faint|p2a: Maushold
|
|-weather|none
|-end|p1a: Mr. Banana|Protosynthesis
|-fieldend|move: Psychic Terrain
|upkeep
|
|t:|1758952290
|switch|p2a: Indeedee|Indeedee, M|100/100
|-fieldstart|move: Psychic Terrain|[from] ability: Psychic Surge|[of] p2a: Indeedee
|turn|9
|
|t:|1758952300
|move|p1a: Mr. Banana|Hydro Steam|p2a: Indeedee
|-damage|p2a: Indeedee|0 fnt
|faint|p2a: Indeedee
|
|upkeep
|
|t:|1758952303
|switch|p2a: Hawlucha|Hawlucha, M|100/100
|-enditem|p2a: Hawlucha|Psychic Seed
|-boost|p2a: Hawlucha|spd|1|[from] item: Psychic Seed
|turn|10
|
|t:|1758952327
|-end|p1a: Mr. Banana|Protosynthesis|[silent]
|switch|p1a: Daydream|Ninetales, M, shiny|100/100
|-weather|SunnyDay|[from] ability: Drought|[of] p1a: Daydream
|move|p2a: Hawlucha|Swords Dance|p2a: Hawlucha
|-boost|p2a: Hawlucha|atk|2
|
|-weather|SunnyDay|[upkeep]
|upkeep
|turn|11
|
|t:|1758952339
|move|p2a: Hawlucha|Acrobatics|p1a: Daydream
|-damage|p1a: Daydream|0 fnt
|faint|p1a: Daydream
|
|-weather|SunnyDay|[upkeep]
|upkeep
|inactive|Lolgasm has 120 seconds left.
|
|t:|1758952363
|switch|p1a: Glass Shadows|Ceruledge, F, shiny|100/100
|turn|12
|inactive|Lolgasm has 120 seconds left.
|
|t:|1758952370
|move|p1a: Glass Shadows|Endure|p1a: Glass Shadows
|-singleturn|p1a: Glass Shadows|move: Endure
|move|p2a: Hawlucha|Acrobatics|p1a: Glass Shadows
|-activate|p1a: Glass Shadows|move: Endure
|-damage|p1a: Glass Shadows|1/100
|-ability|p1a: Glass Shadows|Weak Armor|boost
|-unboost|p1a: Glass Shadows|def|1
|-boost|p1a: Glass Shadows|spe|2
|
|-weather|SunnyDay|[upkeep]
|upkeep
|turn|13
|
|t:|1758952374
|move|p2a: Hawlucha|Encore|p1a: Glass Shadows
|-start|p1a: Glass Shadows|Encore
|move|p1a: Glass Shadows|Endure||[still]
|-fail|p1a: Glass Shadows
|
|-weather|SunnyDay|[upkeep]
|upkeep
|turn|14
|
|t:|1758952384
|move|p1a: Glass Shadows|Endure|p1a: Glass Shadows
|-singleturn|p1a: Glass Shadows|move: Endure
|move|p2a: Hawlucha|Swords Dance|p2a: Hawlucha
|-boost|p2a: Hawlucha|atk|2
|
|-weather|SunnyDay|[upkeep]
|upkeep
|turn|15
|
|t:|1758952393
|move|p1a: Glass Shadows|Endure||[still]
|-fail|p1a: Glass Shadows
|move|p2a: Hawlucha|Acrobatics|p1a: Glass Shadows
|-damage|p1a: Glass Shadows|0 fnt
|faint|p1a: Glass Shadows
|
|-weather|SunnyDay|[upkeep]
|upkeep
|
|t:|1758952404
|switch|p1a: Mr. Banana|Walking Wake, tera:Water|100/100
|-activate|p1a: Mr. Banana|ability: Protosynthesis
|-start|p1a: Mr. Banana|protosynthesisspe
|turn|16
|
|t:|1758952410
|move|p2a: Hawlucha|Acrobatics|p1a: Mr. Banana
|-damage|p1a: Mr. Banana|0 fnt
|faint|p1a: Mr. Banana
|-end|p1a: Mr. Banana|Protosynthesis|[silent]
|
|-weather|SunnyDay|[upkeep]
|-fieldend|move: Psychic Terrain
|upkeep
|
|t:|1758952413
|switch|p1a: Luisin|Great Tusk|100/100
|-activate|p1a: Luisin|ability: Protosynthesis
|-start|p1a: Luisin|protosynthesisatk
|turn|17
|
|t:|1758952419
|move|p2a: Hawlucha|Acrobatics|p1a: Luisin
|-supereffective|p1a: Luisin
|-damage|p1a: Luisin|0 fnt
|faint|p1a: Luisin
|-end|p1a: Luisin|Protosynthesis|[silent]
|
|win|shitmon_advocate
|raw|Lolgasm's rating: 1389 &rarr; <strong>1371</strong><br />(-18 for losing)
|raw|shitmon_advocate's rating: 1425 &rarr; <strong>1443</strong><br />(+18 for winning)
|l|☆shitmon_advocate
|player|p2|
|l|☆Lolgasm
|player|p1|
|l| oozoingreeper
