|j|☆SpaceVLynx
|j|☆leesley
|t:|1758939114
|gametype|singles
|player|p1|SpaceVLynx|silver|1097
|player|p2|leesley|maid|1091
|gen|9
|tier|[Gen 9] OU
|rated|
|rule|HP Percentage Mod: HP is shown in percentages
|rule|Endless Battle Clause: Forcing endless battles is banned
|rule|Species Clause: Limit one of each Pokémon
|rule|OHKO Clause: OHKO moves are banned
|rule|Evasion Items Clause: Evasion items are banned
|rule|Evasion Moves Clause: Evasion moves are banned
|rule|Evasion Abilities Clause: Evasion abilities are banned
|rule|Sleep Moves Clause: Sleep-inducing moves are banned
|clearpoke
|poke|p1|Conkeldurr, M|
|poke|p1|Froslass, F|
|poke|p1|Seviper, F|
|poke|p1|Vivillon-Pokeball, M|
|poke|p1|Bastiodon, M|
|poke|p1|Whiscash, M|
|poke|p2|Tinkaton, F|
|poke|p2|Great Tusk|
|poke|p2|Dragapult, F|
|poke|p2|Meowscarada, M|
|poke|p2|Primarina, F|
|poke|p2|Garganacl, M|
|teampreview
|inactive|Battle timer is ON: inactive players will automatically lose when time's up. (requested by leesley)
|inactive|SpaceVLynx also wants the timer to be on.
|
|t:|1758939119
|teamsize|p1|6
|teamsize|p2|6
|start
|switch|p1a: Bastiodon|Bastiodon, M|100/100
|switch|p2a: Tinkaton|Tinkaton, F|100/100
|-item|p2a: Tinkaton|Air Balloon
|turn|1
|
|t:|1758939128
|move|p2a: Tinkaton|Thunder Wave|p1a: Bastiodon
|-status|p1a: Bastiodon|par
|move|p1a: Bastiodon|Metal Burst||[still]
|-fail|p1a: Bastiodon
|
|upkeep
|turn|2
|
|t:|1758939135
|move|p2a: Tinkaton|Stealth Rock|p1a: Bastiodon
|-sidestart|p1: SpaceVLynx|move: Stealth Rock
|move|p1a: Bastiodon|Body Press|p2a: Tinkaton
|-damage|p2a: Tinkaton|57/100
|-enditem|p2a: Tinkaton|Air Balloon
|-enditem|p1a: Bastiodon|Custap Berry|[silent]|[from] ability: Pickpocket|[of] p1a: Bastiodon
|-item|p2a: Tinkaton|Custap Berry|[from] ability: Pickpocket|[of] p1a: Bastiodon
|
|upkeep
|turn|3
|
|t:|1758939142
|-terastallize|p2a: Tinkaton|Ghost
|move|p2a: Tinkaton|Encore|p1a: Bastiodon
|-start|p1a: Bastiodon|Encore
|move|p1a: Bastiodon|Body Press|p2a: Tinkaton
|-immune|p2a: Tinkaton
|
|upkeep
|turn|4
|
|t:|1758939148
|move|p2a: Tinkaton|Gigaton Hammer|p1a: Bastiodon
|-damage|p1a: Bastiodon|78/100 par
|cant|p1a: Bastiodon|par
|
|upkeep
|turn|5
|
|t:|1758939157
|move|p2a: Tinkaton|Thunder Wave|p1a: Bastiodon
|-fail|p1a: Bastiodon|par
|move|p1a: Bastiodon|Body Press|p2a: Tinkaton
|-immune|p2a: Tinkaton
|
|-end|p1a: Bastiodon|Encore
|upkeep
|turn|6
|
|t:|1758939186
|move|p2a: Tinkaton|Encore|p1a: Bastiodon
|-start|p1a: Bastiodon|Encore
|move|p1a: Bastiodon|Body Press|p2a: Tinkaton
|-immune|p2a: Tinkaton
|
|upkeep
|turn|7
|inactive|SpaceVLynx has 120 seconds left.
|
|t:|1758939210
|switch|p1a: Froslass|Froslass, F|100/100
|-damage|p1a: Froslass|76/100|[from] Stealth Rock
|move|p2a: Tinkaton|Gigaton Hammer|p1a: Froslass
|-supereffective|p1a: Froslass
|-damage|p1a: Froslass|0 fnt
|-start|p2a: Tinkaton|Disable|Gigaton Hammer|[from] ability: Cursed Body|[of] p1a: Froslass
|faint|p1a: Froslass
|
|upkeep
|
|t:|1758939222
|switch|p1a: Bastiodon|Bastiodon, M|78/100 par
|-damage|p1a: Bastiodon|72/100 par|[from] Stealth Rock
|turn|8
|
|t:|1758939242
|switch|p2a: Great Tusk|Great Tusk|100/100
|cant|p1a: Bastiodon|par
|
|upkeep
|turn|9
|
|t:|1758939249
|move|p2a: Great Tusk|Headlong Rush|p1a: Bastiodon
|-supereffective|p1a: Bastiodon
|-damage|p1a: Bastiodon|0 fnt
|-unboost|p2a: Great Tusk|def|1
|-unboost|p2a: Great Tusk|spd|1
|faint|p1a: Bastiodon
|
|upkeep
|
|t:|1758939256
|switch|p1a: Conkeldurr|Conkeldurr, M|100/100
|-damage|p1a: Conkeldurr|95/100|[from] Stealth Rock
|turn|10
|
|t:|1758939263
|-end|p2a: Great Tusk|Protosynthesis|[silent]
|switch|p2a: Dragapult|Dragapult, F|100/100
|move|p1a: Conkeldurr|Bulk Up|p1a: Conkeldurr
|-boost|p1a: Conkeldurr|atk|1
|-boost|p1a: Conkeldurr|def|1
|
|upkeep
|turn|11
|
|t:|1758939276
|move|p2a: Dragapult|Draco Meteor|p1a: Conkeldurr
|-damage|p1a: Conkeldurr|0 fnt
|-unboost|p2a: Dragapult|spa|2
|faint|p1a: Conkeldurr
|
|upkeep
|
|t:|1758939285
|switch|p1a: Vivillon|Vivillon-Pokeball, M|100/100
|-damage|p1a: Vivillon|51/100|[from] Stealth Rock
|turn|12
|
|t:|1758939293
|move|p2a: Dragapult|Draco Meteor|p1a: Vivillon
|-damage|p1a: Vivillon|0 fnt
|-unboost|p2a: Dragapult|spa|2
|faint|p1a: Vivillon
|
|upkeep
|
|t:|1758939295
|switch|p1a: Seviper|Seviper, F|100/100
|-damage|p1a: Seviper|88/100|[from] Stealth Rock
|turn|13
|
|t:|1758939307
|switch|p2a: Garganacl|Garganacl, M|100/100
|move|p1a: Seviper|Coil|p1a: Seviper
|-boost|p1a: Seviper|atk|1
|-boost|p1a: Seviper|def|1
|-boost|p1a: Seviper|accuracy|1
|
|-heal|p1a: Seviper|94/100|[from] item: Leftovers
|upkeep
|turn|14
|
|t:|1758939313
|move|p1a: Seviper|Trailblaze|p2a: Garganacl
|-supereffective|p2a: Garganacl
|-damage|p2a: Garganacl|78/100
|-boost|p1a: Seviper|spe|1
|move|p2a: Garganacl|Earthquake|p1a: Seviper
|-supereffective|p1a: Seviper
|-damage|p1a: Seviper|39/100
|
|-heal|p1a: Seviper|45/100|[from] item: Leftovers
|-heal|p2a: Garganacl|84/100|[from] item: Leftovers
|upkeep
|turn|15
|
|t:|1758939326
|move|p1a: Seviper|Coil|p1a: Seviper
|-boost|p1a: Seviper|atk|1
|-boost|p1a: Seviper|def|1
|-boost|p1a: Seviper|accuracy|1
|move|p2a: Garganacl|Salt Cure|p1a: Seviper
|-damage|p1a: Seviper|33/100
|-start|p1a: Seviper|Salt Cure
|
|-heal|p1a: Seviper|38/100|[from] item: Leftovers
|-heal|p2a: Garganacl|90/100|[from] item: Leftovers
|-damage|p1a: Seviper|26/100|[from] Salt Cure
|upkeep
|turn|16
|
|t:|1758939333
|-terastallize|p1a: Seviper|Ground
|move|p1a: Seviper|Earthquake|p2a: Garganacl
|-supereffective|p2a: Garganacl
|-damage|p2a: Garganacl|0 fnt
|faint|p2a: Garganacl
|
|-heal|p1a: Seviper|32/100|[from] item: Leftovers
|-damage|p1a: Seviper|20/100|[from] Salt Cure
|upkeep
|
|t:|1758939340
|switch|p2a: Great Tusk|Great Tusk|100/100
|turn|17
|
|t:|1758939344
|move|p1a: Seviper|Trailblaze|p2a: Great Tusk
|-supereffective|p2a: Great Tusk
|-damage|p2a: Great Tusk|70/100
|-boost|p1a: Seviper|spe|1
|-damage|p1a: Seviper|4/100|[from] item: Rocky Helmet|[of] p2a: Great Tusk
|move|p2a: Great Tusk|Ice Spinner|p1a: Seviper
|-supereffective|p1a: Seviper
|-damage|p1a: Seviper|0 fnt
|faint|p1a: Seviper
|
|upkeep
|
|t:|1758939347
|switch|p1a: Whiscash|Whiscash, M|100/100
|-damage|p1a: Whiscash|94/100|[from] Stealth Rock
|turn|18
|
|t:|1758939355
|move|p2a: Great Tusk|Ice Spinner|p1a: Whiscash
|-damage|p1a: Whiscash|76/100
|move|p1a: Whiscash|Dragon Dance|p1a: Whiscash
|-boost|p1a: Whiscash|atk|1
|-boost|p1a: Whiscash|spe|1
|
|-heal|p1a: Whiscash|82/100|[from] item: Leftovers
|upkeep
|turn|19
|
|t:|1758939371
|move|p2a: Great Tusk|Knock Off|p1a: Whiscash
|-damage|p1a: Whiscash|60/100
|-enditem|p1a: Whiscash|Leftovers|[from] move: Knock Off|[of] p2a: Great Tusk
|move|p1a: Whiscash|Liquidation|p2a: Great Tusk
|-supereffective|p2a: Great Tusk
|-damage|p2a: Great Tusk|21/100
|-damage|p1a: Whiscash|43/100|[from] item: Rocky Helmet|[of] p2a: Great Tusk
|
|upkeep
|turn|20
|
|t:|1758939379
|-end|p2a: Great Tusk|Protosynthesis|[silent]
|switch|p2a: Meowscarada|Meowscarada, M|100/100
|move|p1a: Whiscash|Dragon Dance|p1a: Whiscash
|-boost|p1a: Whiscash|atk|1
|-boost|p1a: Whiscash|spe|1
|
|upkeep
|turn|21
|
|t:|1758939387
|move|p2a: Meowscarada|Flower Trick|p1a: Whiscash
|-start|p2a: Meowscarada|typechange|Grass|[from] ability: Protean
|-supereffective|p1a: Whiscash
|-crit|p1a: Whiscash
|-damage|p1a: Whiscash|0 fnt
|faint|p1a: Whiscash
|
|win|leesley
|raw|SpaceVLynx's rating: 1097 &rarr; <strong>1072</strong><br />(-25 for losing)
|raw|leesley's rating: 1091 &rarr; <strong>1118</strong><br />(+27 for winning)
|c|☆SpaceVLynx|gg
|l|☆leesley
|player|p2|
|l|☆SpaceVLynx
|player|p1|
