|j|☆armaldojaleo
|j|☆forg3ofcr34tion
|t:|1758915595
|gametype|singles
|player|p1|armaldojaleo|hugh|1226
|player|p2|forg3ofcr34tion|richboy-gen4|1201
|gen|9
|tier|[Gen 9] OU
|rated|
|rule|HP Percentage Mod: HP is shown in percentages
|rule|Endless Battle Clause: Forcing endless battles is banned
|rule|Species Clause: Limit one of each Pokémon
|rule|OHKO Clause: OHKO moves are banned
|rule|Evasion Items Clause: Evasion items are banned
|rule|Evasion Moves Clause: Evasion moves are banned
|rule|Evasion Abilities Clause: Evasion abilities are banned
|rule|Sleep Moves Clause: Sleep-inducing moves are banned
|clearpoke
|poke|p1|Moltres|
|poke|p1|Dragapult, M|
|poke|p1|Meowscarada, F|
|poke|p1|Primarina, M|
|poke|p1|Blaziken, M|
|poke|p1|Goodra-Hisui, M|
|poke|p2|Deoxys-Speed|
|poke|p2|Tinkaton, F|
|poke|p2|Ceruledge, M|
|poke|p2|Iron Moth|
|poke|p2|Great Tusk|
|poke|p2|Gholdengo|
|teampreview
|
|t:|1758915602
|teamsize|p1|6
|teamsize|p2|6
|start
|switch|p1a: Goodra|Goodra-Hisui, M|100/100
|switch|p2a: Deoxys|Deoxys-Speed|100/100
|-ability|p2a: Deoxys|Pressure
|turn|1
|l|☆armaldojaleo
|player|p1|
|j|☆armaldojaleo
|player|p1|armaldojaleo|hugh|
|
|t:|1758915651
|move|p2a: Deoxys|Taunt|p1a: Goodra
|-start|p1a: Goodra|move: Taunt
|move|p1a: Goodra|Flash Cannon|p2a: Deoxys
|-damage|p2a: Deoxys|66/100
|
|upkeep
|turn|2
|inactive|Battle timer is ON: inactive players will automatically lose when time's up. (requested by armaldojaleo)
|
|t:|1758915661
|move|p2a: Deoxys|Stealth Rock|p1a: Goodra
|-sidestart|p1: armaldojaleo|move: Stealth Rock
|move|p1a: Goodra|Ice Beam|p2a: Deoxys
|-damage|p2a: Deoxys|36/100
|
|upkeep
|turn|3
|
|t:|1758915667
|move|p2a: Deoxys|Light Screen|p2a: Deoxys
|-sidestart|p2: forg3ofcr34tion|move: Light Screen
|move|p1a: Goodra|Flash Cannon|p2a: Deoxys
|-damage|p2a: Deoxys|17/100
|
|-end|p1a: Goodra|move: Taunt
|upkeep
|turn|4
|
|t:|1758915674
|move|p2a: Deoxys|Reflect|p2a: Deoxys
|-sidestart|p2: forg3ofcr34tion|Reflect
|move|p1a: Goodra|Flash Cannon|p2a: Deoxys
|-damage|p2a: Deoxys|0 fnt
|faint|p2a: Deoxys
|
|upkeep
|
|t:|1758915682
|switch|p2a: Ceruledge|Ceruledge, M|100/100
|turn|5
|
|t:|1758915694
|move|p2a: Ceruledge|Swords Dance|p2a: Ceruledge
|-boost|p2a: Ceruledge|atk|2
|move|p1a: Goodra|Flash Cannon|p2a: Ceruledge
|-resisted|p2a: Ceruledge
|-damage|p2a: Ceruledge|92/100
|
|upkeep
|turn|6
|
|t:|1758915705
|-terastallize|p1a: Goodra|Flying
|move|p2a: Ceruledge|Swords Dance|p2a: Ceruledge
|-boost|p2a: Ceruledge|atk|2
|move|p1a: Goodra|Earthquake|p2a: Ceruledge
|-supereffective|p2a: Ceruledge
|-damage|p2a: Ceruledge|57/100
|-ability|p2a: Ceruledge|Weak Armor|boost
|-unboost|p2a: Ceruledge|def|1
|-boost|p2a: Ceruledge|spe|2
|
|upkeep
|turn|7
|
|t:|1758915717
|move|p2a: Ceruledge|Swords Dance|p2a: Ceruledge
|-boost|p2a: Ceruledge|atk|2
|move|p1a: Goodra|Earthquake|p2a: Ceruledge
|-supereffective|p2a: Ceruledge
|-damage|p2a: Ceruledge|4/100
|-ability|p2a: Ceruledge|Weak Armor|boost
|-unboost|p2a: Ceruledge|def|1
|-boost|p2a: Ceruledge|spe|2
|
|-sideend|p2: forg3ofcr34tion|move: Light Screen
|upkeep
|turn|8
|
|t:|1758915727
|move|p2a: Ceruledge|Poltergeist|p1a: Goodra
|-activate|p1a: Goodra|move: Poltergeist|Assault Vest
|-damage|p1a: Goodra|0 fnt
|faint|p1a: Goodra
|
|-sideend|p2: forg3ofcr34tion|Reflect
|upkeep
|
|t:|1758915752
|switch|p1a: Moltres|Moltres|100/100
|turn|9
|
|t:|1758915759
|move|p2a: Ceruledge|Poltergeist|p1a: Moltres
|-activate|p1a: Moltres|move: Poltergeist|Heavy-Duty Boots
|-damage|p1a: Moltres|0 fnt
|faint|p1a: Moltres
|
|upkeep
|-message|armaldojaleo forfeited.
|
|win|forg3ofcr34tion
|raw|armaldojaleo's rating: 1226 &rarr; <strong>1199</strong><br />(-27 for losing)
|raw|forg3ofcr34tion's rating: 1201 &rarr; <strong>1228</strong><br />(+27 for winning)
|l|☆armaldojaleo
|player|p1|
|c|☆forg3ofcr34tion|gg
