|j|☆quartzion
|j|☆cruzro13
|t:|1758917482
|gametype|singles
|player|p1|quartzion|169|1165
|player|p2|cruzro13|biker-gen4|1106
|gen|9
|tier|[Gen 9] OU
|rated|
|rule|HP Percentage Mod: HP is shown in percentages
|rule|Endless Battle Clause: Forcing endless battles is banned
|rule|Species Clause: Limit one of each Pokémon
|rule|OHKO Clause: OHKO moves are banned
|rule|Evasion Items Clause: Evasion items are banned
|rule|Evasion Moves Clause: Evasion moves are banned
|rule|Evasion Abilities Clause: Evasion abilities are banned
|rule|Sleep Moves Clause: Sleep-inducing moves are banned
|clearpoke
|poke|p1|Cinccino, M|
|poke|p1|Serperior, M|
|poke|p1|Skeledirge, M|
|poke|p1|Quaquaval, M|
|poke|p1|Toxapex, M|
|poke|p1|Oricorio-Pom-Pom, F|
|poke|p2|Ursaluna, M|
|poke|p2|Zoroark-Hisui, M|
|poke|p2|Maushold-Four|
|poke|p2|Cinccino, F|
|poke|p2|Arboliva, F|
|poke|p2|Snorlax, M|
|teampreview
|inactive|Battle timer is ON: inactive players will automatically lose when time's up. (requested by cruzro13)
|
|t:|1758917487
|teamsize|p1|6
|teamsize|p2|6
|start
|switch|p1a: Oricorio|Oricorio-Pom-Pom, F|100/100
|switch|p2a: Snorlax|Snorlax, M, shiny|100/100
|turn|1
|
|t:|1758917493
|move|p2a: Snorlax|Hyper Voice|p1a: Oricorio
|-damage|p1a: Oricorio|0 fnt
|faint|p1a: Oricorio
|
|upkeep
|
|t:|1758917497
|switch|p1a: Skeledirge|Skeledirge, M|100/100
|turn|2
|inactive|quartzion has 120 seconds left.
|
|t:|1758917528
|switch|p2a: Ursaluna|Ursaluna, M|100/100
|move|p1a: Skeledirge|Torch Song|p2a: Ursaluna
|-damage|p2a: Ursaluna|66/100
|-boost|p1a: Skeledirge|spa|1
|
|-status|p2a: Ursaluna|brn|[from] item: Flame Orb
|upkeep
|turn|3
|inactive|quartzion has 120 seconds left.
|inactive|quartzion has 90 seconds left.
|
|t:|1758917570
|move|p1a: Skeledirge|Torch Song|p2a: Ursaluna
|-damage|p2a: Ursaluna|19/100 brn
|-boost|p1a: Skeledirge|spa|1
|move|p2a: Ursaluna|Earthquake|p1a: Skeledirge
|-supereffective|p1a: Skeledirge
|-damage|p1a: Skeledirge|0 fnt
|faint|p1a: Skeledirge
|
|-damage|p2a: Ursaluna|13/100 brn|[from] brn
|upkeep
|inactive|quartzion has 90 seconds left.
|
|t:|1758917576
|switch|p1a: Quaquaval|Quaquaval, M|100/100
|turn|4
|
|t:|1758917578
|move|p1a: Quaquaval|Aqua Step|p2a: Ursaluna
|-supereffective|p2a: Ursaluna
|-damage|p2a: Ursaluna|0 fnt
|-boost|p1a: Quaquaval|spe|1
|faint|p2a: Ursaluna
|-ability|p1a: Quaquaval|Moxie|boost
|-boost|p1a: Quaquaval|atk|1
|
|upkeep
|
|t:|1758917583
|switch|p2a: Arboliva|Arboliva, F|100/100
|turn|5
|
|t:|1758917602
|move|p1a: Quaquaval|Close Combat|p2a: Arboliva
|-supereffective|p2a: Arboliva
|-damage|p2a: Arboliva|0 fnt
|-unboost|p1a: Quaquaval|def|1
|-unboost|p1a: Quaquaval|spd|1
|faint|p2a: Arboliva
|-ability|p1a: Quaquaval|Moxie|boost
|-boost|p1a: Quaquaval|atk|1
|-enditem|p1a: Quaquaval|White Herb
|-clearnegativeboost|p1a: Quaquaval|[silent]
|
|upkeep
|
|t:|1758917609
|switch|p2a: Snorlax|Snorlax, M, shiny|100/100
|turn|6
|
|t:|1758917621
|move|p1a: Quaquaval|Close Combat|p2a: Snorlax
|-immune|p2a: Snorlax
|move|p2a: Snorlax|Hyper Voice|p1a: Quaquaval
|-damage|p1a: Quaquaval|0 fnt
|faint|p1a: Quaquaval
|
|upkeep
|
|t:|1758917629
|switch|p1a: Toxapex|Toxapex, M|100/100
|turn|7
|
|t:|1758917633
|move|p2a: Snorlax|Hyper Voice|p1a: Toxapex
|-damage|p1a: Toxapex|36/100
|move|p1a: Toxapex|Toxic|p2a: Snorlax
|-status|p2a: Snorlax|tox
|
|-heal|p1a: Toxapex|42/100|[from] item: Leftovers
|-damage|p2a: Snorlax|95/100 tox|[from] psn
|upkeep
|turn|8
|inactive|quartzion has 120 seconds left.
|
|t:|1758917641
|move|p2a: Snorlax|Hyper Voice|p1a: Toxapex
|-damage|p1a: Toxapex|0 fnt
|faint|p1a: Toxapex
|
|-damage|p2a: Snorlax|83/100 tox|[from] psn
|upkeep
|
|t:|1758917644
|switch|p1a: Serperior|Serperior, M|100/100
|turn|9
|
|t:|1758917647
|move|p1a: Serperior|Leaf Storm|p2a: Snorlax
|-damage|p2a: Snorlax|0 fnt
|-boost|p1a: Serperior|spa|2
|replace|p2a: Zoroark|Zoroark-Hisui, M, shiny
|-end|p2a: Zoroark|Illusion
|faint|p2a: Zoroark
|
|upkeep
|
|t:|1758917656
|switch|p2a: Cinccino|Cinccino, F|100/100
|turn|10
|
|t:|1758917664
|-terastallize|p1a: Serperior|Rock
|move|p2a: Cinccino|Triple Axel|p1a: Serperior
|-damage|p1a: Serperior|90/100
|-damage|p1a: Serperior|69/100
|-damage|p1a: Serperior|40/100
|-hitcount|p1a: Serperior|3
|move|p1a: Serperior|Leaf Storm|p2a: Cinccino
|-damage|p2a: Cinccino|0 fnt
|-boost|p1a: Serperior|spa|2
|faint|p2a: Cinccino
|
|-heal|p1a: Serperior|46/100|[from] item: Leftovers
|upkeep
|
|t:|1758917668
|switch|p2a: Snorlax|Snorlax, M, shiny|100/100
|turn|11
|
|t:|1758917679
|move|p1a: Serperior|Leaf Storm|p2a: Snorlax
|-damage|p2a: Snorlax|27/100
|-boost|p1a: Serperior|spa|2
|move|p2a: Snorlax|Body Slam|p1a: Serperior
|-resisted|p1a: Serperior
|-damage|p1a: Serperior|20/100
|-status|p1a: Serperior|par
|
|-heal|p1a: Serperior|27/100 par|[from] item: Leftovers
|-heal|p2a: Snorlax|33/100|[from] item: Leftovers
|upkeep
|turn|12
|
|t:|1758917687
|move|p1a: Serperior|Giga Drain|p2a: Snorlax
|-damage|p2a: Snorlax|0 fnt
|-heal|p1a: Serperior|52/100 par|[from] drain|[of] p2a: Snorlax
|faint|p2a: Snorlax
|
|-heal|p1a: Serperior|59/100 par|[from] item: Leftovers
|upkeep
|
|t:|1758917689
|switch|p2a: Maushold|Maushold-Four|100/100
|turn|13
|
|t:|1758917714
|-terastallize|p2a: Maushold|Normal
|move|p2a: Maushold|Tidy Up|p2a: Maushold
|-boost|p2a: Maushold|atk|1
|-boost|p2a: Maushold|spe|1
|cant|p1a: Serperior|par
|
|-heal|p1a: Serperior|65/100 par|[from] item: Leftovers
|upkeep
|turn|14
|
|t:|1758917720
|move|p2a: Maushold|Population Bomb|p1a: Serperior|[miss]
|-miss|p2a: Maushold|p1a: Serperior
|move|p1a: Serperior|Giga Drain|p2a: Maushold
|-damage|p2a: Maushold|0 fnt
|-heal|p1a: Serperior|100/100 par|[from] drain|[of] p2a: Maushold
|faint|p2a: Maushold
|
|win|quartzion
|raw|quartzion's rating: 1165 &rarr; <strong>1186</strong><br />(+21 for winning)
|raw|cruzro13's rating: 1106 &rarr; <strong>1085</strong><br />(-21 for losing)
|l|☆quartzion
|player|p1|
|l|☆cruzro13
|player|p2|
