|j|☆Waterfallquest
|j|☆lv0ry
|t:|1758968847
|gametype|singles
|player|p1|Waterfallquest|janitor|1351
|player|p2|lv0ry|266|1290
|gen|9
|tier|[Gen 9] OU
|rated|
|rule|HP Percentage Mod: HP is shown in percentages
|rule|Endless Battle Clause: Forcing endless battles is banned
|rule|Species Clause: Limit one of each Pokémon
|rule|OHKO Clause: OHKO moves are banned
|rule|Evasion Items Clause: Evasion items are banned
|rule|Evasion Moves Clause: Evasion moves are banned
|rule|Evasion Abilities Clause: Evasion abilities are banned
|rule|Sleep Moves Clause: Sleep-inducing moves are banned
|clearpoke
|poke|p1|Clefable, F|
|poke|p1|Araquanid, F|
|poke|p1|Great Tusk|
|poke|p1|Slowking-Galar, F|
|poke|p1|Dragapult, F|
|poke|p1|Kingambit, F|
|poke|p2|Eelektross, M|
|poke|p2|Deoxys-Speed|
|poke|p2|Iron Valiant|
|poke|p2|Pecharunt|
|poke|p2|Dragonite, F|
|poke|p2|Kingambit, F|
|teampreview
|
|t:|1758968862
|teamsize|p1|6
|teamsize|p2|6
|start
|switch|p1a: Araquanid|Araquanid, F|100/100
|switch|p2a: Deoxys|Deoxys-Speed|100/100
|-ability|p2a: Deoxys|Pressure
|turn|1
|
|t:|1758968877
|move|p2a: Deoxys|Taunt|p1a: Araquanid
|-start|p1a: Araquanid|move: Taunt
|move|p1a: Araquanid|Liquidation|p2a: Deoxys
|-damage|p2a: Deoxys|47/100
|
|upkeep
|turn|2
|
|t:|1758968883
|move|p2a: Deoxys|Reflect|p2a: Deoxys
|-sidestart|p2: lv0ry|Reflect
|move|p1a: Araquanid|Liquidation|p2a: Deoxys
|-damage|p2a: Deoxys|20/100
|-unboost|p2a: Deoxys|def|1
|
|upkeep
|turn|3
|
|t:|1758968890
|move|p2a: Deoxys|Light Screen|p2a: Deoxys
|-sidestart|p2: lv0ry|move: Light Screen
|move|p1a: Araquanid|Liquidation|p2a: Deoxys
|-damage|p2a: Deoxys|0 fnt
|faint|p2a: Deoxys
|
|-end|p1a: Araquanid|move: Taunt
|upkeep
|
|t:|1758968909
|switch|p2a: Eelektross|Eelektross, M|100/100
|turn|4
|
|t:|1758968913
|move|p2a: Eelektross|Coil|p2a: Eelektross
|-boost|p2a: Eelektross|atk|1
|-boost|p2a: Eelektross|def|1
|-boost|p2a: Eelektross|accuracy|1
|move|p1a: Araquanid|Sticky Web|p2a: Eelektross
|-sidestart|p2: lv0ry|move: Sticky Web
|
|upkeep
|turn|5
|l|☆Waterfallquest
|player|p1|
|
|t:|1758968923
|switch|p1a: Great Tusk|Great Tusk|100/100
|move|p2a: Eelektross|Dragon Tail|p1a: Great Tusk
|-damage|p1a: Great Tusk|82/100
|-end|p1a: Great Tusk|Protosynthesis|[silent]
|drag|p1a: Slowking|Slowking-Galar, F|100/100
|
|upkeep
|turn|6
|j|☆Waterfallquest
|player|p1|Waterfallquest|janitor|
|
|t:|1758968942
|move|p2a: Eelektross|Coil|p2a: Eelektross
|-boost|p2a: Eelektross|atk|1
|-boost|p2a: Eelektross|def|1
|-boost|p2a: Eelektross|accuracy|1
|move|p1a: Slowking|Future Sight|p2a: Eelektross
|-start|p1a: Slowking|move: Future Sight
|
|upkeep
|turn|7
|inactive|Battle timer is ON: inactive players will automatically lose when time's up. (requested by lv0ry)
|
|t:|1758968949
|switch|p1a: Great Tusk|Great Tusk|82/100
|move|p2a: Eelektross|Dragon Tail|p1a: Great Tusk
|-damage|p1a: Great Tusk|58/100
|-end|p1a: Great Tusk|Protosynthesis|[silent]
|drag|p1a: Kingambit|Kingambit, F|100/100
|
|upkeep
|turn|8
|l|☆Waterfallquest
|inactive|Waterfallquest disconnected and has a minute to reconnect!
|player|p1|
|j|☆Waterfallquest
|inactive|Waterfallquest reconnected and has 125 seconds left.
|player|p1|Waterfallquest|janitor|
|inactive|Waterfallquest has 120 seconds left.
|
|t:|1758968992
|-end|p1a: Kingambit|fallenundefined|[silent]
|switch|p1a: Clefable|Clefable, F|100/100
|move|p2a: Eelektross|Drain Punch|p1a: Clefable
|-resisted|p1a: Clefable
|-damage|p1a: Clefable|86/100
|
|-end|p2a: Eelektross|move: Future Sight
|-damage|p2a: Eelektross|82/100
|-heal|p2a: Eelektross|88/100|[from] item: Leftovers
|-heal|p1a: Clefable|92/100|[from] item: Leftovers
|upkeep
|turn|9
|
|t:|1758969003
|move|p2a: Eelektross|Supercell Slam|p1a: Clefable
|-damage|p1a: Clefable|35/100
|move|p1a: Clefable|Stealth Rock|p2a: Eelektross
|-sidestart|p2: lv0ry|move: Stealth Rock
|
|-heal|p2a: Eelektross|94/100|[from] item: Leftovers
|-heal|p1a: Clefable|41/100|[from] item: Leftovers
|-sideend|p2: lv0ry|Reflect
|upkeep
|turn|10
|
|t:|1758969014
|switch|p1a: Great Tusk|Great Tusk|58/100
|move|p2a: Eelektross|Supercell Slam|p1a: Great Tusk
|-immune|p1a: Great Tusk
|-damage|p2a: Eelektross|44/100|[from] supercellslam
|
|-heal|p2a: Eelektross|50/100|[from] item: Leftovers
|-sideend|p2: lv0ry|move: Light Screen
|upkeep
|turn|11
|
|t:|1758969024
|-end|p1a: Great Tusk|Protosynthesis|[silent]
|switch|p1a: Clefable|Clefable, F|41/100
|move|p2a: Eelektross|Dragon Tail|p1a: Clefable
|-immune|p1a: Clefable
|
|-heal|p2a: Eelektross|56/100|[from] item: Leftovers
|-heal|p1a: Clefable|47/100|[from] item: Leftovers
|upkeep
|turn|12
|
|t:|1758969032
|switch|p1a: Great Tusk|Great Tusk|58/100
|move|p2a: Eelektross|Supercell Slam|p1a: Great Tusk
|-immune|p1a: Great Tusk
|-damage|p2a: Eelektross|6/100|[from] supercellslam
|
|-heal|p2a: Eelektross|13/100|[from] item: Leftovers
|upkeep
|turn|13
|
|t:|1758969041
|move|p1a: Great Tusk|Knock Off|p2a: Eelektross
|-damage|p2a: Eelektross|0 fnt
|-enditem|p2a: Eelektross|Leftovers|[from] move: Knock Off|[of] p1a: Great Tusk
|faint|p2a: Eelektross
|
|upkeep
|
|t:|1758969047
|switch|p2a: Iron Valiant|Iron Valiant|100/100
|-activate|p2a: Iron Valiant|move: Sticky Web
|-unboost|p2a: Iron Valiant|spe|1
|-damage|p2a: Iron Valiant|94/100|[from] Stealth Rock
|-enditem|p2a: Iron Valiant|Booster Energy
|-activate|p2a: Iron Valiant|ability: Quark Drive|[fromitem]
|-start|p2a: Iron Valiant|quarkdrivespa
|turn|14
|l|☆Waterfallquest
|inactive|Waterfallquest disconnected and has a minute to reconnect!
|player|p1|
|j|☆Waterfallquest
|inactive|Waterfallquest reconnected and has 110 seconds left.
|player|p1|Waterfallquest|janitor|
|
|t:|1758969093
|-end|p1a: Great Tusk|Protosynthesis|[silent]
|switch|p1a: Slowking|Slowking-Galar, F|100/100
|move|p2a: Iron Valiant|Shadow Ball|p1a: Slowking
|-supereffective|p1a: Slowking
|-damage|p1a: Slowking|59/100
|
|upkeep
|turn|15
|
|t:|1758969101
|-terastallize|p2a: Iron Valiant|Ghost
|move|p2a: Iron Valiant|Shadow Ball|p1a: Slowking
|-supereffective|p1a: Slowking
|-damage|p1a: Slowking|2/100
|move|p1a: Slowking|Sludge Bomb|p2a: Iron Valiant
|-resisted|p2a: Iron Valiant
|-damage|p2a: Iron Valiant|65/100
|
|upkeep
|turn|16
|
|t:|1758969111
|switch|p1a: Kingambit|Kingambit, F|100/100
|move|p2a: Iron Valiant|Moonblast|p1a: Kingambit
|-damage|p1a: Kingambit|45/100
|
|upkeep
|turn|17
|
|t:|1758969118
|move|p1a: Kingambit|Sucker Punch||[still]
|-fail|p1a: Kingambit
|move|p2a: Iron Valiant|Calm Mind|p2a: Iron Valiant
|-boost|p2a: Iron Valiant|spa|1
|-boost|p2a: Iron Valiant|spd|1
|
|upkeep
|turn|18
|
|t:|1758969124
|move|p1a: Kingambit|Sucker Punch||[still]
|-fail|p1a: Kingambit
|move|p2a: Iron Valiant|Encore|p1a: Kingambit
|-start|p1a: Kingambit|Encore
|
|upkeep
|turn|19
|
|t:|1758969131
|-end|p1a: Kingambit|fallenundefined|[silent]
|switch|p1a: Araquanid|Araquanid, F|100/100
|move|p2a: Iron Valiant|Calm Mind|p2a: Iron Valiant
|-boost|p2a: Iron Valiant|spa|1
|-boost|p2a: Iron Valiant|spd|1
|
|upkeep
|turn|20
|
|t:|1758969137
|move|p2a: Iron Valiant|Moonblast|p1a: Araquanid
|-damage|p1a: Araquanid|10/100
|move|p1a: Araquanid|Liquidation|p2a: Iron Valiant
|-damage|p2a: Iron Valiant|3/100
|
|upkeep
|turn|21
|-enditem|p1a: Araquanid|Custap Berry|[eat]
|-activate|p1a: Araquanid|item: Custap Berry|[consumed]
|
|t:|1758969144
|move|p1a: Araquanid|Liquidation|p2a: Iron Valiant
|-damage|p2a: Iron Valiant|0 fnt
|faint|p2a: Iron Valiant
|-end|p2a: Iron Valiant|Quark Drive|[silent]
|
|upkeep
|
|t:|1758969154
|switch|p2a: Dragonite|Dragonite, F|100/100
|turn|22
|
|t:|1758969161
|move|p2a: Dragonite|Dragon Dance|p2a: Dragonite
|-boost|p2a: Dragonite|atk|1
|-boost|p2a: Dragonite|spe|1
|move|p1a: Araquanid|Endeavor|p2a: Dragonite
|-damage|p2a: Dragonite|10/100
|
|upkeep
|turn|23
|
|t:|1758969172
|move|p2a: Dragonite|Earthquake|p1a: Araquanid
|-resisted|p1a: Araquanid
|-damage|p1a: Araquanid|0 fnt
|faint|p1a: Araquanid
|
|upkeep
|
|t:|1758969176
|switch|p1a: Great Tusk|Great Tusk|58/100
|turn|24
|
|t:|1758969181
|move|p2a: Dragonite|Earthquake|p1a: Great Tusk
|-damage|p1a: Great Tusk|14/100
|move|p1a: Great Tusk|Ice Spinner|p2a: Dragonite
|-supereffective|p2a: Dragonite
|-damage|p2a: Dragonite|0 fnt
|faint|p2a: Dragonite
|
|upkeep
|
|t:|1758969193
|switch|p2a: Pecharunt|Pecharunt|100/100
|turn|25
|l|☆Waterfallquest
|inactive|Waterfallquest disconnected and has a minute to reconnect!
|player|p1|
|j|☆Waterfallquest
|inactive|Waterfallquest reconnected and has 135 seconds left.
|player|p1|Waterfallquest|janitor|
|
|t:|1758969210
|move|p2a: Pecharunt|Shadow Ball|p1a: Great Tusk
|-damage|p1a: Great Tusk|0 fnt
|faint|p1a: Great Tusk
|-end|p1a: Great Tusk|Protosynthesis|[silent]
|
|upkeep
|
|t:|1758969213
|switch|p1a: Dragapult|Dragapult, F|100/100
|turn|26
|
|t:|1758969222
|move|p1a: Dragapult|Shadow Ball|p2a: Pecharunt
|-supereffective|p2a: Pecharunt
|-damage|p2a: Pecharunt|4/100
|-unboost|p2a: Pecharunt|spd|1
|move|p2a: Pecharunt|Malignant Chain|p1a: Dragapult
|-resisted|p1a: Dragapult
|-damage|p1a: Dragapult|80/100
|-status|p1a: Dragapult|tox
|-start|p1a: Dragapult|confusion|[from] ability: Poison Puppeteer|[of] p2a: Pecharunt
|
|-damage|p1a: Dragapult|74/100 tox|[from] psn
|upkeep
|turn|27
|
|t:|1758969235
|-activate|p1a: Dragapult|confusion
|move|p1a: Dragapult|Shadow Ball|p2a: Pecharunt
|-supereffective|p2a: Pecharunt
|-damage|p2a: Pecharunt|0 fnt
|faint|p2a: Pecharunt
|
|-damage|p1a: Dragapult|62/100 tox|[from] psn
|upkeep
|
|t:|1758969243
|switch|p2a: Kingambit|Kingambit, F|100/100
|-activate|p2a: Kingambit|move: Sticky Web
|-unboost|p2a: Kingambit|spe|1
|-damage|p2a: Kingambit|94/100|[from] Stealth Rock
|-activate|p2a: Kingambit|ability: Supreme Overlord
|-start|p2a: Kingambit|fallen5|[silent]
|turn|28
|
|t:|1758969249
|switch|p1a: Slowking|Slowking-Galar, F|35/100
|move|p2a: Kingambit|Swords Dance|p2a: Kingambit
|-boost|p2a: Kingambit|atk|2
|
|upkeep
|turn|29
|
|t:|1758969257
|move|p2a: Kingambit|Kowtow Cleave|p1a: Slowking
|-supereffective|p1a: Slowking
|-damage|p1a: Slowking|0 fnt
|faint|p1a: Slowking
|
|upkeep
|
|t:|1758969264
|switch|p1a: Clefable|Clefable, F|47/100
|turn|30
|
|t:|1758969269
|move|p1a: Clefable|Moonblast|p2a: Kingambit
|-damage|p2a: Kingambit|65/100
|-unboost|p2a: Kingambit|spa|1
|move|p2a: Kingambit|Iron Head|p1a: Clefable
|-supereffective|p1a: Clefable
|-damage|p1a: Clefable|0 fnt
|faint|p1a: Clefable
|
|upkeep
|
|t:|1758969275
|switch|p1a: Kingambit|Kingambit, F|45/100
|-activate|p1a: Kingambit|ability: Supreme Overlord
|-start|p1a: Kingambit|fallen4|[silent]
|turn|31
|
|t:|1758969281
|move|p1a: Kingambit|Swords Dance|p1a: Kingambit
|-boost|p1a: Kingambit|atk|2
|move|p2a: Kingambit|Kowtow Cleave|p1a: Kingambit
|-resisted|p1a: Kingambit
|-damage|p1a: Kingambit|0 fnt
|faint|p1a: Kingambit
|-end|p1a: Kingambit|fallen4|[silent]
|
|upkeep
|-message|Waterfallquest forfeited.
|
|win|lv0ry
|raw|Waterfallquest's rating: 1351 &rarr; <strong>1328</strong><br />(-23 for losing)
|raw|lv0ry's rating: 1290 &rarr; <strong>1319</strong><br />(+29 for winning)
|l|☆Waterfallquest
|player|p1|
|l|☆lv0ry
|player|p2|
