|j|☆THRZ_Butter
|j|☆LanceStern
|t:|1759038625
|gametype|singles
|player|p1|THRZ_Butter|janitor|1397
|player|p2|LanceStern|brock|1403
|gen|9
|tier|[Gen 9] OU
|rated|
|rule|HP Percentage Mod: HP is shown in percentages
|rule|Endless Battle Clause: Forcing endless battles is banned
|rule|Species Clause: Limit one of each Pokémon
|rule|OHKO Clause: OHKO moves are banned
|rule|Evasion Items Clause: Evasion items are banned
|rule|Evasion Moves Clause: Evasion moves are banned
|rule|Evasion Abilities Clause: Evasion abilities are banned
|rule|Sleep Moves Clause: Sleep-inducing moves are banned
|clearpoke
|poke|p1|Iron Valiant|
|poke|p1|Landorus-Therian, M|
|poke|p1|Hydrapple, M|
|poke|p1|Corviknight, M|
|poke|p1|Slowking-Galar, M|
|poke|p1|Weavile, M|
|poke|p2|Iron Treads|
|poke|p2|Iron Valiant|
|poke|p2|Ogerpon-Wellspring, F|
|poke|p2|Iron Hands|
|poke|p2|Pincurchin, F|
|poke|p2|Iron Jugulis|
|teampreview
|inactive|Battle timer is ON: inactive players will automatically lose when time's up. (requested by THRZ_Butter)
|
|t:|1759038659
|teamsize|p1|6
|teamsize|p2|6
|start
|switch|p1a: Landorus|Landorus-Therian, M|100/100
|switch|p2a: Playmaker|Ogerpon-Wellspring, F|100/100
|-ability|p1a: Landorus|Intimidate|boost
|-unboost|p2a: Playmaker|atk|1
|turn|1
|
|t:|1759038664
|switch|p1a: Hydrapple|Hydrapple, M|100/100
|move|p2a: Playmaker|Ivy Cudgel|p1a: Hydrapple|[anim] Ivy Cudgel Water
|-resisted|p1a: Hydrapple
|-damage|p1a: Hydrapple|93/100
|
|upkeep
|turn|2
|
|t:|1759038673
|switch|p2a: Libero|Iron Treads|100/100
|move|p1a: Hydrapple|Fickle Beam|p2a: Libero
|-resisted|p2a: Libero
|-damage|p2a: Libero|73/100
|
|upkeep
|turn|3
|
|t:|1759038679
|move|p2a: Libero|Stealth Rock|p1a: Hydrapple
|-sidestart|p1: THRZ_Butter|move: Stealth Rock
|move|p1a: Hydrapple|Earth Power|p2a: Libero
|-supereffective|p2a: Libero
|-damage|p2a: Libero|0 fnt
|faint|p2a: Libero
|-end|p2a: Libero|Quark Drive|[silent]
|
|upkeep
|
|t:|1759038686
|switch|p2a: Pathmaker|Iron Valiant|100/100
|-enditem|p2a: Pathmaker|Booster Energy
|-activate|p2a: Pathmaker|ability: Quark Drive|[fromitem]
|-start|p2a: Pathmaker|quarkdrivespe
|turn|4
|
|t:|1759038690
|switch|p1a: Slowking|Slowking-Galar, M|100/100
|-terastallize|p2a: Pathmaker|Dark
|move|p2a: Pathmaker|Knock Off|p1a: Slowking
|-supereffective|p1a: Slowking
|-damage|p1a: Slowking|11/100
|-enditem|p1a: Slowking|Heavy-Duty Boots|[from] move: Knock Off|[of] p2a: Pathmaker
|
|upkeep
|turn|5
|
|t:|1759038697
|switch|p1a: Landorus|Landorus-Therian, M|100/100
|-damage|p1a: Landorus|88/100|[from] Stealth Rock
|-ability|p1a: Landorus|Intimidate|boost
|-unboost|p2a: Pathmaker|atk|1
|move|p2a: Pathmaker|Knock Off|p1a: Landorus
|-damage|p1a: Landorus|60/100
|-enditem|p1a: Landorus|Leftovers|[from] move: Knock Off|[of] p2a: Pathmaker
|
|upkeep
|turn|6
|
|t:|1759038702
|move|p2a: Pathmaker|Moonblast|p1a: Landorus
|-damage|p1a: Landorus|9/100
|move|p1a: Landorus|Stealth Rock|p2a: Pathmaker
|-sidestart|p2: LanceStern|move: Stealth Rock
|
|upkeep
|turn|7
|
|t:|1759038706
|move|p2a: Pathmaker|Knock Off|p1a: Landorus
|-damage|p1a: Landorus|0 fnt
|faint|p1a: Landorus
|
|upkeep
|
|t:|1759038712
|switch|p1a: Corviknight|Corviknight, M|100/100
|-damage|p1a: Corviknight|88/100|[from] Stealth Rock
|-ability|p1a: Corviknight|Pressure
|turn|8
|
|t:|1759038716
|move|p2a: Pathmaker|Thunderbolt|p1a: Corviknight
|-supereffective|p1a: Corviknight
|-damage|p1a: Corviknight|32/100
|move|p1a: Corviknight|Body Press|p2a: Pathmaker
|-supereffective|p2a: Pathmaker
|-damage|p2a: Pathmaker|38/100
|
|upkeep
|turn|9
|
|t:|1759038724
|move|p2a: Pathmaker|Thunderbolt|p1a: Corviknight
|-supereffective|p1a: Corviknight
|-damage|p1a: Corviknight|0 fnt
|faint|p1a: Corviknight
|
|upkeep
|
|t:|1759038736
|switch|p1a: Hydrapple|Hydrapple, M|100/100
|turn|10
|
|t:|1759038751
|move|p2a: Pathmaker|Moonblast|p1a: Hydrapple
|-supereffective|p1a: Hydrapple
|-damage|p1a: Hydrapple|1/100
|-unboost|p1a: Hydrapple|spa|1
|move|p1a: Hydrapple|Giga Drain|p2a: Pathmaker
|-crit|p2a: Pathmaker
|-damage|p2a: Pathmaker|0 fnt
|-heal|p1a: Hydrapple|14/100|[from] drain|[of] p2a: Pathmaker
|faint|p2a: Pathmaker
|-end|p2a: Pathmaker|Quark Drive|[silent]
|
|upkeep
|
|t:|1759038762
|switch|p2a: Playmaker|Ogerpon-Wellspring, F|100/100
|-damage|p2a: Playmaker|88/100|[from] Stealth Rock
|turn|11
|
|t:|1759038770
|switch|p1a: Slowking|Slowking-Galar, M|45/100
|-damage|p1a: Slowking|32/100|[from] Stealth Rock
|move|p2a: Playmaker|Play Rough|p1a: Slowking|[miss]
|-miss|p2a: Playmaker|p1a: Slowking
|
|upkeep
|turn|12
|
|t:|1759038774
|switch|p1a: Hydrapple|Hydrapple, M|47/100
|move|p2a: Playmaker|Ivy Cudgel|p1a: Hydrapple|[anim] Ivy Cudgel Water
|-resisted|p1a: Hydrapple
|-crit|p1a: Hydrapple
|-damage|p1a: Hydrapple|33/100
|
|upkeep
|turn|13
|
|t:|1759038777
|switch|p1a: Slowking|Slowking-Galar, M|66/100
|-damage|p1a: Slowking|53/100|[from] Stealth Rock
|move|p2a: Playmaker|Play Rough|p1a: Slowking
|-resisted|p1a: Slowking
|-damage|p1a: Slowking|34/100
|
|upkeep
|turn|14
|
|t:|1759038780
|move|p2a: Playmaker|Ivy Cudgel|p1a: Slowking|[anim] Ivy Cudgel Water
|-damage|p1a: Slowking|0 fnt
|faint|p1a: Slowking
|
|upkeep
|
|t:|1759038782
|switch|p1a: Hydrapple|Hydrapple, M|66/100
|turn|15
|
|t:|1759038786
|-terastallize|p1a: Hydrapple|Steel
|move|p2a: Playmaker|Play Rough|p1a: Hydrapple
|-resisted|p1a: Hydrapple
|-damage|p1a: Hydrapple|53/100
|move|p1a: Hydrapple|Giga Drain|p2a: Playmaker
|-damage|p2a: Playmaker|46/100
|-heal|p1a: Hydrapple|68/100|[from] drain|[of] p2a: Playmaker
|
|upkeep
|turn|16
|
|t:|1759038789
|move|p2a: Playmaker|Ivy Cudgel|p1a: Hydrapple|[anim] Ivy Cudgel Water
|-damage|p1a: Hydrapple|28/100
|move|p1a: Hydrapple|Giga Drain|p2a: Playmaker
|-damage|p2a: Playmaker|6/100
|-heal|p1a: Hydrapple|43/100|[from] drain|[of] p2a: Playmaker
|
|upkeep
|turn|17
|
|t:|1759038797
|move|p2a: Playmaker|Ivy Cudgel|p1a: Hydrapple|[anim] Ivy Cudgel Water
|-damage|p1a: Hydrapple|0 fnt
|faint|p1a: Hydrapple
|
|upkeep
|
|t:|1759038803
|switch|p1a: Iron Valiant|Iron Valiant|100/100
|turn|18
|
|t:|1759038806
|move|p1a: Iron Valiant|Swords Dance|p1a: Iron Valiant
|-boost|p1a: Iron Valiant|atk|2
|move|p2a: Playmaker|Ivy Cudgel|p1a: Iron Valiant|[anim] Ivy Cudgel Water
|-damage|p1a: Iron Valiant|21/100
|
|upkeep
|turn|19
|
|t:|1759038810
|move|p1a: Iron Valiant|Knock Off|p2a: Playmaker
|-damage|p2a: Playmaker|0 fnt
|faint|p2a: Playmaker
|
|upkeep
|
|t:|1759038816
|switch|p2a: Point-Guard|Pincurchin, F|100/100
|-damage|p2a: Point-Guard|88/100|[from] Stealth Rock
|-fieldstart|move: Electric Terrain|[from] ability: Electric Surge|[of] p2a: Point-Guard
|-activate|p1a: Iron Valiant|ability: Quark Drive
|-start|p1a: Iron Valiant|quarkdriveatk
|turn|20
|
|t:|1759038827
|move|p1a: Iron Valiant|Close Combat|p2a: Point-Guard
|-damage|p2a: Point-Guard|0 fnt
|-unboost|p1a: Iron Valiant|def|1
|-unboost|p1a: Iron Valiant|spd|1
|faint|p2a: Point-Guard
|
|upkeep
|
|t:|1759038830
|switch|p2a: Breaker|Iron Jugulis|100/100
|-damage|p2a: Breaker|76/100|[from] Stealth Rock
|-activate|p2a: Breaker|ability: Quark Drive
|-start|p2a: Breaker|quarkdrivespe
|turn|21
|
|t:|1759038834
|-end|p1a: Iron Valiant|Quark Drive|[silent]
|switch|p1a: Weavile|Weavile, M|100/100
|-ability|p1a: Weavile|Pressure
|move|p2a: Breaker|Earth Power|p1a: Weavile
|-damage|p1a: Weavile|56/100
|
|upkeep
|turn|22
|
|t:|1759038841
|move|p2a: Breaker|Dark Pulse|p1a: Weavile
|-resisted|p1a: Weavile
|-damage|p1a: Weavile|26/100
|cant|p1a: Weavile|flinch
|
|upkeep
|turn|23
|
|t:|1759038846
|move|p1a: Weavile|Ice Shard|p2a: Breaker
|-supereffective|p2a: Breaker
|-damage|p2a: Breaker|25/100
|move|p2a: Breaker|Earth Power|p1a: Weavile
|-damage|p1a: Weavile|0 fnt
|faint|p1a: Weavile
|
|upkeep
|-message|THRZ_Butter forfeited.
|
|win|LanceStern
|raw|THRZ_Butter's rating: 1397 &rarr; <strong>1377</strong><br />(-20 for losing)
|raw|LanceStern's rating: 1403 &rarr; <strong>1423</strong><br />(+20 for winning)
|l|☆THRZ_Butter
|player|p1|
|l|☆LanceStern
|player|p2|
