|j|☆TrivagoGuy
|j|☆Redoranges101
|t:|1759068759
|gametype|singles
|player|p1|TrivagoGuy|ruinmaniac|1417
|player|p2|Redoranges101|170|1484
|gen|9
|tier|[Gen 9] OU
|rated|
|rule|HP Percentage Mod: HP is shown in percentages
|rule|Endless Battle Clause: Forcing endless battles is banned
|rule|Species Clause: Limit one of each Pokémon
|rule|OHKO Clause: OHKO moves are banned
|rule|Evasion Items Clause: Evasion items are banned
|rule|Evasion Moves Clause: Evasion moves are banned
|rule|Evasion Abilities Clause: Evasion abilities are banned
|rule|Sleep Moves Clause: Sleep-inducing moves are banned
|clearpoke
|poke|p1|Blaziken, M|
|poke|p1|Ninetales, M|
|poke|p1|Shiftry, M|
|poke|p1|Dragonite, F|
|poke|p1|Walking Wake|
|poke|p1|Sandy Shocks|
|poke|p2|Deoxys-Speed|
|poke|p2|Samurott-Hisui, M|
|poke|p2|Great Tusk|
|poke|p2|Scizor, F|
|poke|p2|Hatterene, F|
|poke|p2|Dragonite, M|
|teampreview
|inactive|Battle timer is ON: inactive players will automatically lose when time's up. (requested by Redoranges101)
|
|t:|1759068777
|teamsize|p1|6
|teamsize|p2|6
|start
|switch|p1a: Sandy Shocks|Sandy Shocks|100/100
|switch|p2a: Zelephant|Great Tusk|100/100
|turn|1
|
|t:|1759068784
|-end|p1a: Sandy Shocks|Protosynthesis|[silent]
|switch|p1a: Ninetales|Ninetales, M|100/100
|-weather|SunnyDay|[from] ability: Drought|[of] p1a: Ninetales
|-activate|p2a: Zelephant|ability: Protosynthesis
|-start|p2a: Zelephant|protosynthesisspe
|move|p2a: Zelephant|Rapid Spin|p1a: Ninetales
|-damage|p1a: Ninetales|79/100
|-boost|p2a: Zelephant|spe|1
|
|-weather|SunnyDay|[upkeep]
|upkeep
|turn|2
|
|t:|1759068790
|switch|p1a: Shiftry|Shiftry, M, shiny|100/100
|move|p2a: Zelephant|Headlong Rush|p1a: Shiftry
|-resisted|p1a: Shiftry
|-damage|p1a: Shiftry|57/100
|-unboost|p2a: Zelephant|def|1
|-unboost|p2a: Zelephant|spd|1
|
|-weather|SunnyDay|[upkeep]
|upkeep
|turn|3
|
|t:|1759068802
|-end|p2a: Zelephant|Protosynthesis|[silent]
|switch|p2a: The Throngler|Scizor, F|100/100
|move|p1a: Shiftry|Solar Blade||[still]
|-prepare|p1a: Shiftry|Solar Blade
|-anim|p1a: Shiftry|Solar Blade|p2a: The Throngler
|-resisted|p2a: The Throngler
|-damage|p2a: The Throngler|75/100
|
|-weather|SunnyDay|[upkeep]
|upkeep
|turn|4
|
|t:|1759068808
|switch|p1a: Ninetales|Ninetales, M|79/100
|move|p2a: The Throngler|Bullet Punch|p1a: Ninetales
|-resisted|p1a: Ninetales
|-damage|p1a: Ninetales|39/100
|
|-weather|SunnyDay|[upkeep]
|upkeep
|turn|5
|
|t:|1759068813
|move|p2a: The Throngler|Bullet Punch|p1a: Ninetales
|-resisted|p1a: Ninetales
|-damage|p1a: Ninetales|1/100
|move|p1a: Ninetales|Flamethrower|p2a: The Throngler
|-supereffective|p2a: The Throngler
|-damage|p2a: The Throngler|0 fnt
|faint|p2a: The Throngler
|
|-weather|SunnyDay|[upkeep]
|upkeep
|
|t:|1759068821
|switch|p2a: Daddy Longlegs|Deoxys-Speed|100/100
|-ability|p2a: Daddy Longlegs|Pressure
|turn|6
|
|t:|1759068829
|move|p2a: Daddy Longlegs|Knock Off|p1a: Ninetales
|-damage|p1a: Ninetales|0 fnt
|-enditem|p1a: Ninetales|Heat Rock|[from] move: Knock Off|[of] p2a: Daddy Longlegs
|faint|p1a: Ninetales
|
|-weather|SunnyDay|[upkeep]
|upkeep
|
|t:|1759068832
|switch|p1a: Shiftry|Shiftry, M, shiny|57/100
|turn|7
|
|t:|1759068847
|move|p1a: Shiftry|Solar Blade||[still]
|-prepare|p1a: Shiftry|Solar Blade
|-anim|p1a: Shiftry|Solar Blade|p2a: Daddy Longlegs
|-damage|p2a: Daddy Longlegs|9/100
|move|p2a: Daddy Longlegs|Stealth Rock|p1a: Shiftry
|-sidestart|p1: TrivagoGuy|move: Stealth Rock
|
|-weather|SunnyDay|[upkeep]
|upkeep
|turn|8
|
|t:|1759068853
|move|p1a: Shiftry|Solar Blade||[still]
|-prepare|p1a: Shiftry|Solar Blade
|-anim|p1a: Shiftry|Solar Blade|p2a: Daddy Longlegs
|-damage|p2a: Daddy Longlegs|0 fnt
|faint|p2a: Daddy Longlegs
|
|-weather|none
|upkeep
|
|t:|1759068859
|switch|p2a: Hair Sniffer|Hatterene, F|100/100
|turn|9
|
|t:|1759068866
|move|p1a: Shiftry|Solar Blade||[still]
|-prepare|p1a: Shiftry|Solar Blade
|move|p2a: Hair Sniffer|Nuzzle|p1a: Shiftry
|-resisted|p1a: Shiftry
|-damage|p1a: Shiftry|53/100
|-status|p1a: Shiftry|par
|
|upkeep
|turn|10
|
|t:|1759068871
|move|p1a: Shiftry|Solar Blade|p2a: Hair Sniffer|[from] lockedmove
|-damage|p2a: Hair Sniffer|1/100
|move|p2a: Hair Sniffer|Draining Kiss|p1a: Shiftry
|-supereffective|p1a: Shiftry
|-damage|p1a: Shiftry|0 fnt
|-heal|p2a: Hair Sniffer|41/100|[from] drain|[of] p1a: Shiftry
|faint|p1a: Shiftry
|
|upkeep
|
|t:|1759068879
|switch|p1a: Sandy Shocks|Sandy Shocks|100/100
|-damage|p1a: Sandy Shocks|94/100|[from] Stealth Rock
|turn|11
|
|t:|1759068887
|move|p1a: Sandy Shocks|Earth Power|p2a: Hair Sniffer
|-damage|p2a: Hair Sniffer|0 fnt
|faint|p2a: Hair Sniffer
|
|upkeep
|
|t:|1759068896
|switch|p2a: Zelephant|Great Tusk|100/100
|turn|12
|
|t:|1759068904
|-end|p1a: Sandy Shocks|Protosynthesis|[silent]
|switch|p1a: Dragonite|Dragonite, F|100/100
|move|p2a: Zelephant|Rapid Spin|p1a: Dragonite
|-damage|p1a: Dragonite|93/100
|-boost|p2a: Zelephant|spe|1
|
|upkeep
|turn|13
|
|t:|1759068909
|move|p1a: Dragonite|Extreme Speed|p2a: Zelephant
|-damage|p2a: Zelephant|83/100
|-damage|p1a: Dragonite|77/100|[from] item: Rocky Helmet|[of] p2a: Zelephant
|move|p2a: Zelephant|Knock Off|p1a: Dragonite
|-damage|p1a: Dragonite|45/100
|-enditem|p1a: Dragonite|Heavy-Duty Boots|[from] move: Knock Off|[of] p2a: Zelephant
|
|upkeep
|turn|14
|
|t:|1759068913
|move|p2a: Zelephant|Ice Spinner|p1a: Dragonite
|-supereffective|p1a: Dragonite
|-damage|p1a: Dragonite|0 fnt
|faint|p1a: Dragonite
|
|upkeep
|
|t:|1759068915
|switch|p1a: Walking Wake|Walking Wake|100/100
|-damage|p1a: Walking Wake|88/100|[from] Stealth Rock
|turn|15
|
|t:|1759068929
|move|p1a: Walking Wake|Hydro Steam|p2a: Zelephant
|-supereffective|p2a: Zelephant
|-damage|p2a: Zelephant|0 fnt
|faint|p2a: Zelephant
|-end|p2a: Zelephant|Protosynthesis|[silent]
|
|upkeep
|
|t:|1759068947
|switch|p2a: Dragonite|Dragonite, M|100/100
|turn|16
|
|t:|1759068952
|-end|p1a: Walking Wake|Protosynthesis|[silent]
|switch|p1a: Blaziken|Blaziken, M, shiny|100/100
|-damage|p1a: Blaziken|88/100|[from] Stealth Rock
|move|p2a: Dragonite|Dragon Dance|p2a: Dragonite
|-boost|p2a: Dragonite|atk|1
|-boost|p2a: Dragonite|spe|1
|
|upkeep
|turn|17
|
|t:|1759068964
|-terastallize|p1a: Blaziken|Flying
|move|p2a: Dragonite|Dragon Dance|p2a: Dragonite
|-boost|p2a: Dragonite|atk|1
|-boost|p2a: Dragonite|spe|1
|move|p1a: Blaziken|Blaze Kick|p2a: Dragonite
|-resisted|p2a: Dragonite
|-damage|p2a: Dragonite|88/100
|
|-ability|p1a: Blaziken|Speed Boost|boost
|-boost|p1a: Blaziken|spe|1
|upkeep
|turn|18
|
|t:|1759068973
|-terastallize|p2a: Dragonite|Flying
|move|p1a: Blaziken|Endure|p1a: Blaziken
|-singleturn|p1a: Blaziken|move: Endure
|move|p2a: Dragonite|Tera Blast|p1a: Blaziken|[anim] Tera Blast Flying
|-activate|p1a: Blaziken|move: Endure
|-damage|p1a: Blaziken|1/100
|-enditem|p1a: Blaziken|Lansat Berry|[eat]
|-start|p1a: Blaziken|move: Focus Energy
|
|-ability|p1a: Blaziken|Speed Boost|boost
|-boost|p1a: Blaziken|spe|1
|upkeep
|turn|19
|
|t:|1759068979
|move|p2a: Dragonite|Tera Blast|p1a: Blaziken|[anim] Tera Blast Flying
|-damage|p1a: Blaziken|0 fnt
|faint|p1a: Blaziken
|
|upkeep
|
|t:|1759068982
|switch|p1a: Walking Wake|Walking Wake|88/100
|-damage|p1a: Walking Wake|76/100|[from] Stealth Rock
|turn|20
|
|t:|1759068987
|move|p2a: Dragonite|Tera Blast|p1a: Walking Wake|[anim] Tera Blast Flying
|-damage|p1a: Walking Wake|0 fnt
|faint|p1a: Walking Wake
|-end|p1a: Walking Wake|Protosynthesis|[silent]
|
|upkeep
|
|t:|1759068989
|switch|p1a: Sandy Shocks|Sandy Shocks|94/100
|-damage|p1a: Sandy Shocks|88/100|[from] Stealth Rock
|turn|21
|
|t:|1759068992
|move|p2a: Dragonite|Earthquake|p1a: Sandy Shocks
|-supereffective|p1a: Sandy Shocks
|-damage|p1a: Sandy Shocks|0 fnt
|faint|p1a: Sandy Shocks
|-end|p1a: Sandy Shocks|Protosynthesis|[silent]
|
|win|Redoranges101
|raw|TrivagoGuy's rating: 1417 &rarr; <strong>1401</strong><br />(-16 for losing)
|raw|Redoranges101's rating: 1484 &rarr; <strong>1500</strong><br />(+16 for winning)
|l|☆TrivagoGuy
|player|p1|
|l|☆Redoranges101
|player|p2|
