|j|☆AZ's Return
|j|☆dabinki3
|t:|1759053046
|gametype|singles
|player|p1|AZ's Return|1|1482
|player|p2|dabinki3|red|1424
|gen|9
|tier|[Gen 9] OU
|rated|
|rule|HP Percentage Mod: HP is shown in percentages
|rule|Endless Battle Clause: Forcing endless battles is banned
|rule|Species Clause: Limit one of each Pokémon
|rule|OHKO Clause: OHKO moves are banned
|rule|Evasion Items Clause: Evasion items are banned
|rule|Evasion Moves Clause: Evasion moves are banned
|rule|Evasion Abilities Clause: Evasion abilities are banned
|rule|Sleep Moves Clause: Sleep-inducing moves are banned
|clearpoke
|poke|p1|Ursaluna, M|
|poke|p1|Moltres|
|poke|p1|Great Tusk|
|poke|p1|Slowking-Galar, M|
|poke|p1|Meowscarada, F|
|poke|p1|Gholdengo|
|poke|p2|Keldeo-Resolute|
|poke|p2|Dragapult, M|
|poke|p2|Slowking-Galar, M|
|poke|p2|Kingambit, F|
|poke|p2|Zapdos|
|poke|p2|Great Tusk|
|teampreview
|inactive|Battle timer is ON: inactive players will automatically lose when time's up. (requested by dabinki3)
|inactive|AZ's Return has 120 seconds left.
|inactive|dabinki3 has 120 seconds left.
|
|t:|1759053092
|teamsize|p1|6
|teamsize|p2|6
|start
|switch|p1a: Meowscarada|Meowscarada, F|100/100
|switch|p2a: Zapdos|Zapdos, shiny|100/100
|turn|1
|
|t:|1759053097
|switch|p1a: Ursaluna|Ursaluna, M|100/100
|move|p2a: Zapdos|U-turn|p1a: Ursaluna
|-damage|p1a: Ursaluna|90/100
|
|t:|1759053102
|switch|p2a: Keldeo|Keldeo-Resolute|100/100|[from] U-turn
|
|-heal|p1a: Ursaluna|96/100|[from] item: Leftovers
|upkeep
|turn|2
|
|t:|1759053108
|switch|p1a: Slowking|Slowking-Galar, M|100/100
|move|p2a: Keldeo|Surf|p1a: Slowking
|-damage|p1a: Slowking|68/100
|
|upkeep
|turn|3
|
|t:|1759053115
|move|p2a: Keldeo|Substitute|p2a: Keldeo
|-start|p2a: Keldeo|Substitute
|-damage|p2a: Keldeo|76/100
|-prepare|p1a: Slowking|Chilly Reception|[premajor]
|move|p1a: Slowking|Chilly Reception|p1a: Slowking
|-weather|Snowscape
|
|t:|1759053129
|switch|p1a: Gholdengo|Gholdengo|100/100|[from] Chilly Reception
|
|-weather|Snowscape|[upkeep]
|-heal|p2a: Keldeo|82/100|[from] item: Leftovers
|upkeep
|turn|4
|
|t:|1759053134
|move|p1a: Gholdengo|Shadow Ball|p2a: Keldeo
|-end|p2a: Keldeo|Substitute
|move|p2a: Keldeo|Calm Mind|p2a: Keldeo
|-boost|p2a: Keldeo|spa|1
|-boost|p2a: Keldeo|spd|1
|
|-weather|Snowscape|[upkeep]
|-heal|p2a: Keldeo|88/100|[from] item: Leftovers
|upkeep
|turn|5
|
|t:|1759053141
|move|p1a: Gholdengo|Shadow Ball|p2a: Keldeo
|-damage|p2a: Keldeo|62/100
|-unboost|p2a: Keldeo|spd|1
|move|p2a: Keldeo|Calm Mind|p2a: Keldeo
|-boost|p2a: Keldeo|spa|1
|-boost|p2a: Keldeo|spd|1
|
|-weather|Snowscape|[upkeep]
|-heal|p2a: Keldeo|68/100|[from] item: Leftovers
|upkeep
|turn|6
|
|t:|1759053148
|move|p1a: Gholdengo|Shadow Ball|p2a: Keldeo
|-damage|p2a: Keldeo|37/100
|move|p2a: Keldeo|Substitute|p2a: Keldeo
|-start|p2a: Keldeo|Substitute
|-damage|p2a: Keldeo|12/100
|
|-weather|Snowscape|[upkeep]
|-heal|p2a: Keldeo|19/100|[from] item: Leftovers
|upkeep
|turn|7
|
|t:|1759053152
|move|p1a: Gholdengo|Shadow Ball|p2a: Keldeo
|-end|p2a: Keldeo|Substitute
|move|p2a: Keldeo|Surf|p1a: Gholdengo
|-damage|p1a: Gholdengo|8/100
|
|-weather|none
|-heal|p2a: Keldeo|25/100|[from] item: Leftovers
|upkeep
|turn|8
|
|t:|1759053160
|switch|p2a: Kingambit|Kingambit, F, shiny|100/100
|move|p1a: Gholdengo|Shadow Ball|p2a: Kingambit
|-resisted|p2a: Kingambit
|-damage|p2a: Kingambit|77/100
|-unboost|p2a: Kingambit|spd|1
|
|-heal|p2a: Kingambit|83/100|[from] item: Leftovers
|upkeep
|turn|9
|
|t:|1759053165
|switch|p1a: Moltres|Moltres|100/100
|-end|p2a: Kingambit|fallenundefined|[silent]
|switch|p2a: Keldeo|Keldeo-Resolute|25/100
|
|-heal|p2a: Keldeo|31/100|[from] item: Leftovers
|upkeep
|turn|10
|
|t:|1759053170
|switch|p1a: Meowscarada|Meowscarada, F|100/100
|move|p2a: Keldeo|Surf|p1a: Meowscarada
|-resisted|p1a: Meowscarada
|-damage|p1a: Meowscarada|64/100
|
|-heal|p2a: Keldeo|37/100|[from] item: Leftovers
|upkeep
|turn|11
|
|t:|1759053176
|switch|p2a: Zapdos|Zapdos, shiny|100/100
|move|p1a: Meowscarada|Flower Trick|p2a: Zapdos
|-resisted|p2a: Zapdos
|-crit|p2a: Zapdos
|-damage|p2a: Zapdos|84/100
|
|upkeep
|turn|12
|
|t:|1759053181
|switch|p1a: Ursaluna|Ursaluna, M|96/100
|move|p2a: Zapdos|U-turn|p1a: Ursaluna
|-damage|p1a: Ursaluna|87/100
|
|t:|1759053183
|switch|p2a: Keldeo|Keldeo-Resolute|37/100|[from] U-turn
|
|-heal|p2a: Keldeo|43/100|[from] item: Leftovers
|-heal|p1a: Ursaluna|93/100|[from] item: Leftovers
|upkeep
|turn|13
|
|t:|1759053203
|switch|p2a: Dragapult|Dragapult, M, shiny|100/100
|move|p1a: Ursaluna|Earthquake|p2a: Dragapult
|-damage|p2a: Dragapult|37/100
|
|-heal|p1a: Ursaluna|99/100|[from] item: Leftovers
|upkeep
|turn|14
|
|t:|1759053211
|move|p1a: Ursaluna|Protect|p1a: Ursaluna
|-singleturn|p1a: Ursaluna|Protect
|move|p2a: Dragapult|Dragon Darts|p1a: Ursaluna
|-activate|p1a: Ursaluna|move: Protect
|
|-heal|p1a: Ursaluna|100/100|[from] item: Leftovers
|upkeep
|turn|15
|
|t:|1759053221
|-terastallize|p1a: Ursaluna|Fairy
|move|p2a: Dragapult|Dragon Darts|p1a: Ursaluna
|-immune|p1a: Ursaluna
|move|p1a: Ursaluna|Ice Punch|p2a: Dragapult
|-supereffective|p2a: Dragapult
|-damage|p2a: Dragapult|0 fnt
|faint|p2a: Dragapult
|
|upkeep
|
|t:|1759053236
|switch|p2a: Great Tusk|Great Tusk, shiny|100/100
|turn|16
|
|t:|1759053245
|switch|p1a: Great Tusk|Great Tusk|100/100
|move|p2a: Great Tusk|Stealth Rock|p1a: Great Tusk
|-sidestart|p1: AZ's Return|move: Stealth Rock
|
|upkeep
|turn|17
|
|t:|1759053250
|-end|p2a: Great Tusk|Protosynthesis|[silent]
|switch|p2a: Zapdos|Zapdos, shiny|84/100
|move|p1a: Great Tusk|Rapid Spin|p2a: Zapdos
|-damage|p2a: Zapdos|72/100
|-boost|p1a: Great Tusk|spe|1
|-sideend|p1: AZ's Return|Stealth Rock|[from] move: Rapid Spin|[of] p1a: Great Tusk
|
|upkeep
|turn|18
|
|t:|1759053260
|-end|p1a: Great Tusk|Protosynthesis|[silent]
|switch|p1a: Slowking|Slowking-Galar, M|100/100
|move|p2a: Zapdos|U-turn|p1a: Slowking
|-damage|p1a: Slowking|91/100
|
|t:|1759053266
|switch|p2a: Keldeo|Keldeo-Resolute|43/100|[from] U-turn
|
|-heal|p2a: Keldeo|49/100|[from] item: Leftovers
|upkeep
|turn|19
|
|t:|1759053286
|-terastallize|p2a: Keldeo|Steel
|move|p2a: Keldeo|Substitute|p2a: Keldeo
|-start|p2a: Keldeo|Substitute
|-damage|p2a: Keldeo|24/100
|move|p1a: Slowking|Future Sight|p2a: Keldeo
|-start|p1a: Slowking|move: Future Sight
|
|-heal|p2a: Keldeo|30/100|[from] item: Leftovers
|upkeep
|turn|20
|
|t:|1759053299
|move|p2a: Keldeo|Calm Mind|p2a: Keldeo
|-boost|p2a: Keldeo|spa|1
|-boost|p2a: Keldeo|spd|1
|-prepare|p1a: Slowking|Chilly Reception|[premajor]
|move|p1a: Slowking|Chilly Reception|p1a: Slowking
|-weather|Snowscape
|
|t:|1759053302
|switch|p1a: Meowscarada|Meowscarada, F|64/100|[from] Chilly Reception
|
|-weather|Snowscape|[upkeep]
|-heal|p2a: Keldeo|36/100|[from] item: Leftovers
|upkeep
|turn|21
|
|t:|1759053307
|move|p1a: Meowscarada|Knock Off|p2a: Keldeo
|-end|p2a: Keldeo|Substitute
|move|p2a: Keldeo|Secret Sword|p1a: Meowscarada
|-supereffective|p1a: Meowscarada
|-damage|p1a: Meowscarada|0 fnt
|faint|p1a: Meowscarada
|
|-weather|Snowscape|[upkeep]
|-end|p2a: Keldeo|move: Future Sight
|-resisted|p2a: Keldeo
|-damage|p2a: Keldeo|21/100
|-heal|p2a: Keldeo|27/100|[from] item: Leftovers
|upkeep
|
|t:|1759053312
|switch|p1a: Ursaluna|Ursaluna, M, tera:Fairy|100/100
|turn|22
|
|t:|1759053321
|switch|p2a: Zapdos|Zapdos, shiny|72/100
|move|p1a: Ursaluna|Earthquake|p2a: Zapdos
|-immune|p2a: Zapdos
|
|-weather|Snowscape|[upkeep]
|upkeep
|turn|23
|
|t:|1759053327
|switch|p1a: Moltres|Moltres|100/100
|move|p2a: Zapdos|Hurricane|p1a: Moltres
|-damage|p1a: Moltres|57/100
|
|-weather|Snowscape|[upkeep]
|upkeep
|turn|24
|
|t:|1759053334
|switch|p1a: Slowking|Slowking-Galar, M|100/100
|move|p2a: Zapdos|Discharge|p1a: Slowking
|-damage|p1a: Slowking|73/100
|
|-weather|none
|upkeep
|turn|25
|
|t:|1759053342
|move|p2a: Zapdos|U-turn|p1a: Slowking
|-damage|p1a: Slowking|63/100
|
|t:|1759053345
|switch|p2a: Keldeo|Keldeo-Resolute, tera:Steel|27/100|[from] U-turn
|move|p1a: Slowking|Future Sight|p2a: Keldeo
|-start|p1a: Slowking|move: Future Sight
|
|-heal|p2a: Keldeo|33/100|[from] item: Leftovers
|upkeep
|turn|26
|
|t:|1759053362
|move|p2a: Keldeo|Substitute|p2a: Keldeo
|-start|p2a: Keldeo|Substitute
|-damage|p2a: Keldeo|8/100
|-prepare|p1a: Slowking|Chilly Reception|[premajor]
|move|p1a: Slowking|Chilly Reception|p1a: Slowking
|-weather|Snowscape
|
|t:|1759053367
|switch|p1a: Gholdengo|Gholdengo|8/100|[from] Chilly Reception
|
|-weather|Snowscape|[upkeep]
|-heal|p2a: Keldeo|15/100|[from] item: Leftovers
|upkeep
|turn|27
|
|t:|1759053372
|move|p1a: Gholdengo|Shadow Ball|p2a: Keldeo
|-end|p2a: Keldeo|Substitute
|move|p2a: Keldeo|Surf|p1a: Gholdengo
|-damage|p1a: Gholdengo|0 fnt
|faint|p1a: Gholdengo
|
|-weather|Snowscape|[upkeep]
|-end|p2a: Keldeo|move: Future Sight
|-resisted|p2a: Keldeo
|-damage|p2a: Keldeo|0 fnt
|faint|p2a: Keldeo
|upkeep
|
|t:|1759053384
|switch|p2a: Zapdos|Zapdos, shiny|72/100
|switch|p1a: Moltres|Moltres|57/100
|turn|28
|
|t:|1759053388
|switch|p1a: Slowking|Slowking-Galar, M|96/100
|move|p2a: Zapdos|U-turn|p1a: Slowking
|-damage|p1a: Slowking|88/100
|
|t:|1759053394
|switch|p2a: Great Tusk|Great Tusk, shiny|100/100|[from] U-turn
|
|-weather|Snowscape|[upkeep]
|upkeep
|turn|29
|
|t:|1759053407
|switch|p1a: Great Tusk|Great Tusk|100/100
|move|p2a: Great Tusk|Ice Spinner|p1a: Great Tusk
|-supereffective|p1a: Great Tusk
|-damage|p1a: Great Tusk|60/100
|-damage|p2a: Great Tusk|84/100|[from] item: Rocky Helmet|[of] p1a: Great Tusk
|
|-weather|Snowscape|[upkeep]
|upkeep
|turn|30
|
|t:|1759053426
|move|p1a: Great Tusk|Rapid Spin|p2a: Great Tusk
|-damage|p2a: Great Tusk|71/100
|-boost|p1a: Great Tusk|spe|1
|move|p2a: Great Tusk|Rapid Spin|p1a: Great Tusk
|-damage|p1a: Great Tusk|46/100
|-boost|p2a: Great Tusk|spe|1
|-damage|p2a: Great Tusk|55/100|[from] item: Rocky Helmet|[of] p1a: Great Tusk
|
|-weather|none
|upkeep
|turn|31
|
|t:|1759053431
|move|p1a: Great Tusk|Headlong Rush|p2a: Great Tusk
|-damage|p2a: Great Tusk|8/100
|-unboost|p1a: Great Tusk|def|1
|-unboost|p1a: Great Tusk|spd|1
|move|p2a: Great Tusk|Ice Spinner|p1a: Great Tusk
|-supereffective|p1a: Great Tusk
|-damage|p1a: Great Tusk|0 fnt
|-damage|p2a: Great Tusk|0 fnt|[from] item: Rocky Helmet|[of] p1a: Great Tusk
|faint|p1a: Great Tusk
|-end|p1a: Great Tusk|Protosynthesis|[silent]
|faint|p2a: Great Tusk
|-end|p2a: Great Tusk|Protosynthesis|[silent]
|
|upkeep
|
|t:|1759053442
|switch|p1a: Slowking|Slowking-Galar, M|100/100
|switch|p2a: Kingambit|Kingambit, F, shiny|83/100
|-activate|p2a: Kingambit|ability: Supreme Overlord
|-start|p2a: Kingambit|fallen3|[silent]
|turn|32
|
|t:|1759053454
|-end|p2a: Kingambit|fallen3|[silent]
|switch|p2a: Zapdos|Zapdos, shiny|72/100
|switch|p1a: Moltres|Moltres|57/100
|
|upkeep
|turn|33
|
|t:|1759053462
|switch|p1a: Slowking|Slowking-Galar, M|100/100
|move|p2a: Zapdos|Discharge|p1a: Slowking
|-damage|p1a: Slowking|74/100
|
|upkeep
|turn|34
|
|t:|1759053484
|move|p2a: Zapdos|Hurricane|p1a: Slowking
|-damage|p1a: Slowking|40/100
|-prepare|p1a: Slowking|Chilly Reception|[premajor]
|move|p1a: Slowking|Chilly Reception|p1a: Slowking
|-weather|Snowscape
|
|t:|1759053489
|switch|p1a: Moltres|Moltres|57/100|[from] Chilly Reception
|
|-weather|Snowscape|[upkeep]
|upkeep
|turn|35
|
|t:|1759053495
|switch|p1a: Slowking|Slowking-Galar, M|73/100
|move|p2a: Zapdos|U-turn|p1a: Slowking
|-damage|p1a: Slowking|64/100
|
|t:|1759053497
|switch|p2a: Kingambit|Kingambit, F, shiny|83/100|[from] U-turn
|-activate|p2a: Kingambit|ability: Supreme Overlord
|-start|p2a: Kingambit|fallen3|[silent]
|
|-weather|Snowscape|[upkeep]
|-heal|p2a: Kingambit|89/100|[from] item: Leftovers
|upkeep
|turn|36
|
|t:|1759053507
|-end|p2a: Kingambit|fallen3|[silent]
|switch|p2a: Slowking|Slowking-Galar, M, shiny|100/100
|switch|p1a: Moltres|Moltres|57/100
|
|-weather|Snowscape|[upkeep]
|upkeep
|turn|37
|
|t:|1759053511
|move|p1a: Moltres|Roost|p1a: Moltres
|-heal|p1a: Moltres|100/100
|-singleturn|p1a: Moltres|move: Roost
|move|p2a: Slowking|Trick|p1a: Moltres
|-activate|p2a: Slowking|move: Trick|[of] p1a: Moltres
|-item|p1a: Moltres|Black Sludge|[from] move: Trick
|-item|p2a: Slowking|Heavy-Duty Boots|[from] move: Trick
|
|-weather|Snowscape|[upkeep]
|-damage|p1a: Moltres|88/100|[from] item: Black Sludge
|upkeep
|turn|38
|
|t:|1759053519
|move|p1a: Moltres|U-turn|p2a: Slowking
|-damage|p2a: Slowking|85/100
|
|t:|1759053522
|switch|p1a: Slowking|Slowking-Galar, M|98/100|[from] U-turn
|-prepare|p2a: Slowking|Chilly Reception|[premajor]
|move|p2a: Slowking|Chilly Reception|p2a: Slowking
|
|t:|1759053526
|switch|p2a: Kingambit|Kingambit, F, shiny|89/100|[from] Chilly Reception
|-activate|p2a: Kingambit|ability: Supreme Overlord
|-start|p2a: Kingambit|fallen3|[silent]
|
|-weather|none
|-heal|p2a: Kingambit|95/100|[from] item: Leftovers
|upkeep
|turn|39
|
|t:|1759053537
|switch|p1a: Moltres|Moltres|88/100
|move|p2a: Kingambit|Swords Dance|p2a: Kingambit
|-boost|p2a: Kingambit|atk|2
|
|-damage|p1a: Moltres|76/100|[from] item: Black Sludge
|-heal|p2a: Kingambit|100/100|[from] item: Leftovers
|upkeep
|turn|40
|
|t:|1759053543
|-end|p2a: Kingambit|fallen3|[silent]
|switch|p2a: Slowking|Slowking-Galar, M, shiny|100/100
|move|p1a: Moltres|Roar|p2a: Slowking
|drag|p2a: Kingambit|Kingambit, F, shiny|100/100
|-activate|p2a: Kingambit|ability: Supreme Overlord
|-start|p2a: Kingambit|fallen3|[silent]
|
|-damage|p1a: Moltres|64/100|[from] item: Black Sludge
|upkeep
|turn|41
|
|t:|1759053549
|-end|p2a: Kingambit|fallen3|[silent]
|switch|p2a: Slowking|Slowking-Galar, M, shiny|100/100
|move|p1a: Moltres|Flamethrower|p2a: Slowking
|-damage|p2a: Slowking|79/100
|
|-damage|p1a: Moltres|51/100|[from] item: Black Sludge
|upkeep
|turn|42
|
|t:|1759053565
|move|p1a: Moltres|U-turn|p2a: Slowking
|-damage|p2a: Slowking|64/100
|
|t:|1759053567
|switch|p1a: Slowking|Slowking-Galar, M|100/100|[from] U-turn
|-prepare|p2a: Slowking|Chilly Reception|[premajor]
|move|p2a: Slowking|Chilly Reception|p2a: Slowking
|-weather|Snowscape
|
|t:|1759053571
|switch|p2a: Kingambit|Kingambit, F, shiny|100/100|[from] Chilly Reception
|-activate|p2a: Kingambit|ability: Supreme Overlord
|-start|p2a: Kingambit|fallen3|[silent]
|
|-weather|Snowscape|[upkeep]
|upkeep
|turn|43
|
|t:|1759053577
|switch|p1a: Moltres|Moltres|51/100
|move|p2a: Kingambit|Swords Dance|p2a: Kingambit
|-boost|p2a: Kingambit|atk|2
|
|-weather|Snowscape|[upkeep]
|-damage|p1a: Moltres|39/100|[from] item: Black Sludge
|upkeep
|turn|44
|
|t:|1759053596
|move|p2a: Kingambit|Sucker Punch||[still]
|-fail|p2a: Kingambit
|move|p1a: Moltres|Roost|p1a: Moltres
|-heal|p1a: Moltres|89/100
|-singleturn|p1a: Moltres|move: Roost
|
|-weather|Snowscape|[upkeep]
|-damage|p1a: Moltres|77/100|[from] item: Black Sludge
|upkeep
|turn|45
|
|t:|1759053602
|-end|p2a: Kingambit|fallen3|[silent]
|switch|p2a: Slowking|Slowking-Galar, M, shiny|98/100
|move|p1a: Moltres|Flamethrower|p2a: Slowking
|-damage|p2a: Slowking|77/100
|
|-weather|Snowscape|[upkeep]
|-damage|p1a: Moltres|65/100|[from] item: Black Sludge
|upkeep
|turn|46
|
|t:|1759053607
|move|p1a: Moltres|U-turn|p2a: Slowking
|-damage|p2a: Slowking|63/100
|
|t:|1759053611
|switch|p1a: Slowking|Slowking-Galar, M|100/100|[from] U-turn
|move|p2a: Slowking|Sludge Bomb|p1a: Slowking
|-resisted|p1a: Slowking
|-damage|p1a: Slowking|88/100
|
|-weather|none
|upkeep
|turn|47
|
|t:|1759053616
|move|p2a: Slowking|Psyshock|p1a: Slowking
|-damage|p1a: Slowking|67/100
|move|p1a: Slowking|Future Sight|p2a: Slowking
|-start|p1a: Slowking|move: Future Sight
|
|upkeep
|turn|48
|
|t:|1759053627
|-prepare|p2a: Slowking|Chilly Reception|[premajor]
|move|p2a: Slowking|Chilly Reception|p2a: Slowking
|-weather|Snowscape
|
|t:|1759053630
|switch|p2a: Zapdos|Zapdos, shiny|72/100|[from] Chilly Reception
|-prepare|p1a: Slowking|Chilly Reception|[premajor]
|move|p1a: Slowking|Chilly Reception|p1a: Slowking
|
|t:|1759053637
|switch|p1a: Moltres|Moltres|65/100|[from] Chilly Reception
|
|-weather|Snowscape|[upkeep]
|-damage|p1a: Moltres|52/100|[from] item: Black Sludge
|upkeep
|turn|49
|
|t:|1759053645
|move|p2a: Zapdos|Discharge|p1a: Moltres
|-supereffective|p1a: Moltres
|-damage|p1a: Moltres|0 fnt
|faint|p1a: Moltres
|
|-weather|Snowscape|[upkeep]
|-end|p2a: Zapdos|move: Future Sight
|-damage|p2a: Zapdos|28/100
|upkeep
|
|t:|1759053653
|switch|p1a: Ursaluna|Ursaluna, M, tera:Fairy|100/100
|turn|50
|
|t:|1759053658
|move|p2a: Zapdos|Roost|p2a: Zapdos
|-heal|p2a: Zapdos|78/100
|-singleturn|p2a: Zapdos|move: Roost
|move|p1a: Ursaluna|Bulk Up|p1a: Ursaluna
|-boost|p1a: Ursaluna|atk|1
|-boost|p1a: Ursaluna|def|1
|
|-weather|Snowscape|[upkeep]
|upkeep
|turn|51
|
|t:|1759053672
|move|p2a: Zapdos|Discharge|p1a: Ursaluna
|-damage|p1a: Ursaluna|80/100
|move|p1a: Ursaluna|Bulk Up|p1a: Ursaluna
|-boost|p1a: Ursaluna|atk|1
|-boost|p1a: Ursaluna|def|1
|
|-weather|Snowscape|[upkeep]
|-heal|p1a: Ursaluna|86/100|[from] item: Leftovers
|upkeep
|turn|52
|
|t:|1759053675
|move|p1a: Ursaluna|Protect|p1a: Ursaluna
|-singleturn|p1a: Ursaluna|Protect
|move|p2a: Zapdos|Hurricane|p1a: Ursaluna
|-activate|p1a: Ursaluna|move: Protect
|
|-weather|none
|-heal|p1a: Ursaluna|92/100|[from] item: Leftovers
|upkeep
|turn|53
|
|t:|1759053680
|move|p2a: Zapdos|Hurricane|p1a: Ursaluna|[miss]
|-miss|p2a: Zapdos|p1a: Ursaluna
|move|p1a: Ursaluna|Ice Punch|p2a: Zapdos
|-supereffective|p2a: Zapdos
|-damage|p2a: Zapdos|15/100
|-status|p2a: Zapdos|frz
|
|-heal|p1a: Ursaluna|98/100|[from] item: Leftovers
|upkeep
|turn|54
|
|t:|1759053683
|cant|p2a: Zapdos|frz
|move|p1a: Ursaluna|Bulk Up|p1a: Ursaluna
|-boost|p1a: Ursaluna|atk|1
|-boost|p1a: Ursaluna|def|1
|
|-heal|p1a: Ursaluna|100/100|[from] item: Leftovers
|upkeep
|turn|55
|
|t:|1759053686
|cant|p2a: Zapdos|frz
|move|p1a: Ursaluna|Ice Punch|p2a: Zapdos
|-supereffective|p2a: Zapdos
|-damage|p2a: Zapdos|0 fnt
|faint|p2a: Zapdos
|
|upkeep
|
|t:|1759053689
|switch|p2a: Slowking|Slowking-Galar, M, shiny|96/100
|turn|56
|
|t:|1759053697
|move|p1a: Ursaluna|Earthquake|p2a: Slowking
|-supereffective|p2a: Slowking
|-damage|p2a: Slowking|0 fnt
|faint|p2a: Slowking
|
|upkeep
|
|t:|1759053699
|switch|p2a: Kingambit|Kingambit, F, shiny|100/100
|-activate|p2a: Kingambit|ability: Supreme Overlord
|-start|p2a: Kingambit|fallen5|[silent]
|turn|57
|
|t:|1759053701
|move|p2a: Kingambit|Iron Head|p1a: Ursaluna
|-supereffective|p1a: Ursaluna
|-damage|p1a: Ursaluna|62/100
|cant|p1a: Ursaluna|flinch
|
|-heal|p1a: Ursaluna|69/100|[from] item: Leftovers
|upkeep
|turn|58
|
|t:|1759053706
|move|p2a: Kingambit|Iron Head|p1a: Ursaluna
|-supereffective|p1a: Ursaluna
|-damage|p1a: Ursaluna|24/100
|cant|p1a: Ursaluna|flinch
|
|-heal|p1a: Ursaluna|31/100|[from] item: Leftovers
|upkeep
|turn|59
|
|t:|1759053709
|move|p1a: Ursaluna|Protect|p1a: Ursaluna
|-singleturn|p1a: Ursaluna|Protect
|move|p2a: Kingambit|Iron Head|p1a: Ursaluna
|-activate|p1a: Ursaluna|move: Protect
|
|-heal|p1a: Ursaluna|37/100|[from] item: Leftovers
|upkeep
|turn|60
|
|t:|1759053711
|move|p2a: Kingambit|Iron Head|p1a: Ursaluna
|-supereffective|p1a: Ursaluna
|-damage|p1a: Ursaluna|0 fnt
|faint|p1a: Ursaluna
|
|upkeep
|c|☆AZ's Return|Wow
|
|t:|1759053725
|switch|p1a: Slowking|Slowking-Galar, M|100/100
|turn|61
|c|☆dabinki3|Rnjesus is talking
|
|t:|1759053741
|move|p2a: Kingambit|Kowtow Cleave|p1a: Slowking
|-supereffective|p1a: Slowking
|-damage|p1a: Slowking|0 fnt
|faint|p1a: Slowking
|
|win|dabinki3
|raw|AZ&apos;s Return's rating: 1482 &rarr; <strong>1459</strong><br />(-23 for losing)
|raw|dabinki3's rating: 1424 &rarr; <strong>1447</strong><br />(+23 for winning)
|c|☆AZ's Return|Yup gg
|c|☆dabinki3|Gg
|l|☆AZ's Return
|player|p1|
