|badge|p2|silver|gen9ou|30-6
|html|<div class="broadcast-red"><strong>This battle is required to be public due to one or more player having a season medal.</strong><br />During the public phase, you can discuss the state of the ladder <a href="/seasondiscussion">in a special chatroom.</a></div>
|uhtml|medal-msg|<div class="broadcast-blue">Curious what those medals under the avatar are? PS now has Ladder Seasons! For more information, check out the <a href="https://www.smogon.com/forums/threads/3740067/">thread on Smogon.</a></div>
|raw|<div class="broadcast-blue"><strong>This battle is required to be public due to a player having a name starting with 'medal'.</div>
|j|☆ollierob1
|j|☆send it to me
|t:|1758999292
|gametype|singles
|player|p1|ollierob1|hoopster|1794
|player|p2|send it to me|musician|2000
|gen|9
|tier|[Gen 9] OU
|rated|
|rule|HP Percentage Mod: HP is shown in percentages
|rule|Endless Battle Clause: Forcing endless battles is banned
|rule|Species Clause: Limit one of each Pokémon
|rule|OHKO Clause: OHKO moves are banned
|rule|Evasion Items Clause: Evasion items are banned
|rule|Evasion Moves Clause: Evasion moves are banned
|rule|Evasion Abilities Clause: Evasion abilities are banned
|rule|Sleep Moves Clause: Sleep-inducing moves are banned
|clearpoke
|poke|p1|Ninetales-Alola, M|
|poke|p1|Hatterene, F|
|poke|p1|Great Tusk|
|poke|p1|Ceruledge, F|
|poke|p1|Walking Wake|
|poke|p1|Moltres-Galar|
|poke|p2|Iron Valiant|
|poke|p2|Glimmora, F|
|poke|p2|Ogerpon-Wellspring, F|
|poke|p2|Landorus-Therian, M|
|poke|p2|Kingambit, M|
|poke|p2|Deoxys-Speed|
|teampreview
|j| cynasaurus
|
|t:|1758999318
|teamsize|p1|6
|teamsize|p2|6
|start
|switch|p1a: Walking Wake|Walking Wake|100/100
|switch|p2a: Glimmora|Glimmora, F|100/100
|-enditem|p1a: Walking Wake|Booster Energy
|-activate|p1a: Walking Wake|ability: Protosynthesis|[fromitem]
|-start|p1a: Walking Wake|protosynthesisspa
|turn|1
|j| Rizzofreko
|j| larp legion
|
|t:|1758999332
|switch|p2a: Kingambit|Kingambit, M|100/100
|move|p1a: Walking Wake|Substitute|p1a: Walking Wake
|-start|p1a: Walking Wake|Substitute
|-damage|p1a: Walking Wake|76/100
|
|upkeep
|turn|2
|
|t:|1758999337
|-end|p2a: Kingambit|fallenundefined|[silent]
|switch|p2a: Ogerpon|Ogerpon-Wellspring, F|100/100
|move|p1a: Walking Wake|Surf|p2a: Ogerpon
|-immune|p2a: Ogerpon|[from] ability: Water Absorb
|
|upkeep
|turn|3
|
|t:|1758999345
|move|p2a: Ogerpon|Play Rough|p1a: Walking Wake
|-supereffective|p1a: Walking Wake
|-end|p1a: Walking Wake|Substitute
|move|p1a: Walking Wake|Agility|p1a: Walking Wake
|-boost|p1a: Walking Wake|spe|2
|
|upkeep
|turn|4
|j| IM AT MY LIMIT
|l| IM AT MY LIMIT
|j| dsvdv
|
|t:|1758999407
|move|p1a: Walking Wake|Dragon Pulse|p2a: Ogerpon
|-damage|p2a: Ogerpon|33/100
|move|p2a: Ogerpon|Play Rough|p1a: Walking Wake
|-supereffective|p1a: Walking Wake
|-damage|p1a: Walking Wake|0 fnt
|faint|p1a: Walking Wake
|-end|p1a: Walking Wake|Protosynthesis|[silent]
|
|upkeep
|
|t:|1758999416
|switch|p1a: Ninetales|Ninetales-Alola, M|100/100
|-weather|Snowscape|[from] ability: Snow Warning|[of] p1a: Ninetales
|turn|5
|j| IM AT MY LIMIT
|
|t:|1758999435
|switch|p2a: Glimmora|Glimmora, F|100/100
|move|p1a: Ninetales|Aurora Veil|p1a: Ninetales
|-sidestart|p1: ollierob1|move: Aurora Veil
|
|-weather|Snowscape|[upkeep]
|upkeep
|turn|6
|
|t:|1758999440
|switch|p1a: Hatterene|Hatterene, F|100/100
|move|p2a: Glimmora|Mortal Spin|p1a: Hatterene
|-supereffective|p1a: Hatterene
|-damage|p1a: Hatterene|95/100
|-status|p1a: Hatterene|psn
|-enditem|p1a: Hatterene|Eject Button
|inactive|Battle timer is ON: inactive players will automatically lose when time's up. (requested by send it to me)
|inactive|ollierob1 has 120 seconds left.
|
|t:|1758999498
|switch|p1a: Moltres|Moltres-Galar|100/100
|
|-weather|Snowscape|[upkeep]
|upkeep
|turn|7
|
|t:|1758999519
|move|p1a: Moltres|Nasty Plot|p1a: Moltres
|-boost|p1a: Moltres|spa|2
|move|p2a: Glimmora|Mortal Spin|p1a: Moltres
|-crit|p1a: Moltres
|-damage|p1a: Moltres|92/100
|-status|p1a: Moltres|psn
|
|-weather|Snowscape|[upkeep]
|-damage|p1a: Moltres|80/100 psn|[from] psn
|upkeep
|turn|8
|
|t:|1758999530
|switch|p2a: Kingambit|Kingambit, M|100/100
|move|p1a: Moltres|Nasty Plot|p1a: Moltres
|-boost|p1a: Moltres|spa|2
|
|-weather|Snowscape|[upkeep]
|-damage|p1a: Moltres|67/100 psn|[from] psn
|upkeep
|turn|9
|inactive|send it to me has 120 seconds left.
|inactive|ollierob1 has 120 seconds left.
|
|t:|1758999574
|-terastallize|p1a: Moltres|Fairy
|move|p1a: Moltres|Tera Blast|p2a: Kingambit|[anim] Tera Blast Fairy
|-damage|p2a: Kingambit|1/100
|move|p2a: Kingambit|Kowtow Cleave|p1a: Moltres
|-resisted|p1a: Moltres
|-damage|p1a: Moltres|55/100 psn
|
|-weather|none
|-heal|p2a: Kingambit|7/100|[from] item: Leftovers
|-damage|p1a: Moltres|43/100 psn|[from] psn
|upkeep
|-enditem|p1a: Moltres|Sitrus Berry|[eat]
|-heal|p1a: Moltres|68/100 psn|[from] item: Sitrus Berry
|turn|10
|inactive|send it to me has 120 seconds left.
|
|t:|1758999588
|move|p2a: Kingambit|Sucker Punch|p1a: Moltres
|-resisted|p1a: Moltres
|-damage|p1a: Moltres|57/100 psn
|move|p1a: Moltres|Fiery Wrath|p2a: Kingambit
|-resisted|p2a: Kingambit
|-damage|p2a: Kingambit|0 fnt
|faint|p2a: Kingambit
|-end|p2a: Kingambit|fallenundefined|[silent]
|
|-damage|p1a: Moltres|45/100 psn|[from] psn
|upkeep
|
|t:|1758999602
|switch|p2a: Ogerpon|Ogerpon-Wellspring, F|33/100
|turn|11
|
|t:|1758999607
|move|p2a: Ogerpon|Power Whip|p1a: Moltres
|-damage|p1a: Moltres|6/100 psn
|move|p1a: Moltres|Fiery Wrath|p2a: Ogerpon
|-damage|p2a: Ogerpon|0 fnt
|faint|p2a: Ogerpon
|
|-damage|p1a: Moltres|0 fnt|[from] psn
|faint|p1a: Moltres
|upkeep
|inactive|send it to me has 120 seconds left.
|inactive|ollierob1 has 120 seconds left.
|
|t:|1758999624
|switch|p2a: Landorus|Landorus-Therian, M|100/100
|switch|p1a: Hatterene|Hatterene, F|95/100 psn
|-ability|p2a: Landorus|Intimidate|boost
|-unboost|p1a: Hatterene|atk|1
|turn|12
|inactive|ollierob1 has 120 seconds left.
|inactive|send it to me has 120 seconds left.
|
|t:|1758999641
|switch|p1a: Ninetales|Ninetales-Alola, M|100/100
|-weather|Snowscape|[from] ability: Snow Warning|[of] p1a: Ninetales
|move|p2a: Landorus|Earthquake|p1a: Ninetales
|-damage|p1a: Ninetales|77/100
|
|-weather|Snowscape|[upkeep]
|-sideend|p1: ollierob1|move: Aurora Veil
|upkeep
|turn|13
|
|t:|1758999654
|switch|p2a: Glimmora|Glimmora, F|100/100
|move|p1a: Ninetales|Aurora Veil|p1a: Ninetales
|-sidestart|p1: ollierob1|move: Aurora Veil
|
|-weather|Snowscape|[upkeep]
|upkeep
|turn|14
|
|t:|1758999664
|switch|p1a: Hatterene|Hatterene, F|95/100 psn
|move|p2a: Glimmora|Power Gem|p1a: Hatterene
|-damage|p1a: Hatterene|78/100 psn
|
|-weather|Snowscape|[upkeep]
|-damage|p1a: Hatterene|66/100 psn|[from] psn
|upkeep
|turn|15
|inactive|send it to me has 120 seconds left.
|inactive|send it to me has 90 seconds left.
|
|t:|1758999714
|switch|p2a: Landorus|Landorus-Therian, M|100/100
|-ability|p2a: Landorus|Intimidate|boost
|-unboost|p1a: Hatterene|atk|1
|move|p1a: Hatterene|Psychic Noise|p2a: Landorus
|-damage|p2a: Landorus|73/100
|-start|p2a: Landorus|move: Heal Block
|
|-weather|Snowscape|[upkeep]
|-damage|p1a: Hatterene|53/100 psn|[from] psn
|upkeep
|turn|16
|inactive|ollierob1 has 120 seconds left.
|l| dsvdv
|j| Youressi
|inactive|ollierob1 has 90 seconds left.
|j| Pa7riCK
|
|t:|1758999780
|move|p2a: Landorus|Earthquake|p1a: Hatterene
|-damage|p1a: Hatterene|28/100 psn
|move|p1a: Hatterene|Healing Wish|p1a: Hatterene
|faint|p1a: Hatterene
|
|-weather|none
|-end|p2a: Landorus|move: Heal Block
|upkeep
|
|t:|1758999782
|switch|p1a: Ceruledge|Ceruledge, F|100/100
|turn|17
|
|t:|1758999794
|move|p2a: Landorus|Earthquake|p1a: Ceruledge
|-supereffective|p1a: Ceruledge
|-damage|p1a: Ceruledge|19/100
|-ability|p1a: Ceruledge|Weak Armor|boost
|-unboost|p1a: Ceruledge|def|1
|-boost|p1a: Ceruledge|spe|2
|move|p1a: Ceruledge|Swords Dance|p1a: Ceruledge
|-boost|p1a: Ceruledge|atk|2
|
|upkeep
|turn|18
|l| IM AT MY LIMIT
|
|t:|1758999804
|switch|p2a: Glimmora|Glimmora, F|100/100
|move|p1a: Ceruledge|Bitter Blade|p2a: Glimmora
|-resisted|p2a: Glimmora
|-damage|p2a: Glimmora|55/100
|-heal|p1a: Ceruledge|48/100|[from] drain|[of] p2a: Glimmora
|-activate|p2a: Glimmora|ability: Toxic Debris
|-sidestart|p1: ollierob1|move: Toxic Spikes
|-enditem|p2a: Glimmora|Red Card|[of] p1a: Ceruledge
|drag|p1a: Great Tusk|Great Tusk|100/100
|-status|p1a: Great Tusk|psn
|-enditem|p1a: Great Tusk|Booster Energy
|-activate|p1a: Great Tusk|ability: Protosynthesis|[fromitem]
|-start|p1a: Great Tusk|protosynthesisspe
|
|-damage|p1a: Great Tusk|88/100 psn|[from] psn
|upkeep
|turn|19
|inactive|ollierob1 has 90 seconds left.
|
|t:|1758999819
|switch|p2a: Landorus|Landorus-Therian, M|73/100
|-ability|p2a: Landorus|Intimidate|boost
|-unboost|p1a: Great Tusk|atk|1
|move|p1a: Great Tusk|Headlong Rush|p2a: Landorus
|-immune|p2a: Landorus
|
|-damage|p1a: Great Tusk|76/100 psn|[from] psn
|upkeep
|turn|20
|inactive|send it to me has 120 seconds left.
|
|t:|1758999829
|move|p1a: Great Tusk|Bulk Up|p1a: Great Tusk
|-boost|p1a: Great Tusk|atk|1
|-boost|p1a: Great Tusk|def|1
|move|p2a: Landorus|Grass Knot|p1a: Great Tusk
|-supereffective|p1a: Great Tusk
|-damage|p1a: Great Tusk|44/100 psn
|
|-damage|p1a: Great Tusk|31/100 psn|[from] psn
|-sideend|p1: ollierob1|move: Aurora Veil
|upkeep
|turn|21
|inactive|send it to me has 120 seconds left.
|
|t:|1758999840
|move|p1a: Great Tusk|Head Smash|p2a: Landorus
|-damage|p2a: Landorus|24/100
|-damage|p1a: Great Tusk|13/100 psn|[from] Recoil
|move|p2a: Landorus|Grass Knot|p1a: Great Tusk
|-supereffective|p1a: Great Tusk
|-damage|p1a: Great Tusk|0 fnt
|faint|p1a: Great Tusk
|-end|p1a: Great Tusk|Protosynthesis|[silent]
|
|upkeep
|
|t:|1758999846
|switch|p1a: Ninetales|Ninetales-Alola, M|77/100
|-heal|p1a: Ninetales|100/100|[from] move: Healing Wish
|-status|p1a: Ninetales|psn
|-weather|Snowscape|[from] ability: Snow Warning|[of] p1a: Ninetales
|turn|22
|
|t:|1758999848
|move|p1a: Ninetales|Aurora Veil|p1a: Ninetales
|-sidestart|p1: ollierob1|move: Aurora Veil
|move|p2a: Landorus|Stone Edge|p1a: Ninetales
|-supereffective|p1a: Ninetales
|-damage|p1a: Ninetales|73/100 psn
|
|-weather|Snowscape|[upkeep]
|-damage|p1a: Ninetales|60/100 psn|[from] psn
|upkeep
|turn|23
|inactive|ollierob1 has 120 seconds left.
|
|t:|1758999871
|move|p1a: Ninetales|Freeze-Dry|p2a: Landorus
|-supereffective|p2a: Landorus
|-damage|p2a: Landorus|0 fnt
|faint|p2a: Landorus
|
|-weather|Snowscape|[upkeep]
|-damage|p1a: Ninetales|48/100 psn|[from] psn
|upkeep
|
|t:|1758999884
|switch|p2a: Glimmora|Glimmora, F|55/100
|turn|24
|
|t:|1758999907
|move|p1a: Ninetales|Freeze-Dry|p2a: Glimmora
|-damage|p2a: Glimmora|32/100
|move|p2a: Glimmora|Stealth Rock|p1a: Ninetales
|-sidestart|p1: ollierob1|move: Stealth Rock
|
|-weather|Snowscape|[upkeep]
|-damage|p1a: Ninetales|36/100 psn|[from] psn
|upkeep
|turn|25
|
|t:|1758999925
|move|p1a: Ninetales|Freeze-Dry|p2a: Glimmora
|-damage|p2a: Glimmora|9/100
|move|p2a: Glimmora|Power Gem|p1a: Ninetales
|-supereffective|p1a: Ninetales
|-damage|p1a: Ninetales|0 fnt
|faint|p1a: Ninetales
|
|-weather|Snowscape|[upkeep]
|upkeep
|
|t:|1758999930
|switch|p1a: Ceruledge|Ceruledge, F|48/100
|-status|p1a: Ceruledge|psn
|-damage|p1a: Ceruledge|23/100 psn|[from] Stealth Rock
|turn|26
|inactive|ollierob1 has 90 seconds left.
|
|t:|1758999952
|move|p1a: Ceruledge|Swords Dance|p1a: Ceruledge
|-boost|p1a: Ceruledge|atk|2
|move|p2a: Glimmora|Power Gem|p1a: Ceruledge
|-supereffective|p1a: Ceruledge
|-crit|p1a: Ceruledge
|-damage|p1a: Ceruledge|0 fnt
|faint|p1a: Ceruledge
|
|win|send it to me
|raw|ollierob1's rating: 1794 &rarr; <strong>1785</strong><br />(-9 for losing)
|raw|send it to me's rating: 2000 &rarr; <strong>2009</strong><br />(+9 for winning)
|c|☆ollierob1|gg
|c|☆send it to me|gg
|l|☆ollierob1
|player|p1|
|l|☆send it to me
|player|p2|
|l| cynasaurus
|l| Youressi
