|j|☆marching_cubes
|j|☆doodieray
|t:|1759007970
|gametype|singles
|player|p1|marching_cubes|102|1443
|player|p2|doodieray|1|1379
|gen|9
|tier|[Gen 9] OU
|rated|
|rule|HP Percentage Mod: HP is shown in percentages
|rule|Endless Battle Clause: Forcing endless battles is banned
|rule|Species Clause: Limit one of each Pokémon
|rule|OHKO Clause: OHKO moves are banned
|rule|Evasion Items Clause: Evasion items are banned
|rule|Evasion Moves Clause: Evasion moves are banned
|rule|Evasion Abilities Clause: Evasion abilities are banned
|rule|Sleep Moves Clause: Sleep-inducing moves are banned
|clearpoke
|poke|p1|Primarina, F|
|poke|p1|Kingambit, M|
|poke|p1|Great Tusk|
|poke|p1|Raging Bolt|
|poke|p1|Pecharunt|
|poke|p1|Iron Crown|
|poke|p2|Rillaboom, M|
|poke|p2|Ogerpon, F|
|poke|p2|Raging Bolt|
|poke|p2|Weezing-Galar, F|
|poke|p2|Moltres-Galar|
|poke|p2|Great Tusk|
|teampreview
|inactive|Battle timer is ON: inactive players will automatically lose when time's up. (requested by doodieray)
|inactive|doodieray has 120 seconds left.
|inactive|doodieray has 90 seconds left.
|
|t:|1759008033
|teamsize|p1|6
|teamsize|p2|6
|start
|switch|p1a: Iron Crown|Iron Crown|100/100
|switch|p2a: Great Tusk|Great Tusk|100/100
|turn|1
|
|t:|1759008052
|-terastallize|p1a: Iron Crown|Fighting
|move|p2a: Great Tusk|Headlong Rush|p1a: Iron Crown
|-damage|p1a: Iron Crown|28/100
|-unboost|p2a: Great Tusk|def|1
|-unboost|p2a: Great Tusk|spd|1
|move|p1a: Iron Crown|Tachyon Cutter|p2a: Great Tusk
|-damage|p2a: Great Tusk|48/100
|-damage|p2a: Great Tusk|0 fnt
|faint|p2a: Great Tusk
|-end|p2a: Great Tusk|Protosynthesis|[silent]
|-hitcount|p2: Great Tusk|2
|
|upkeep
|
|t:|1759008074
|switch|p2a: Rillaboom|Rillaboom, M|100/100
|-fieldstart|move: Grassy Terrain|[from] ability: Grassy Surge|[of] p2a: Rillaboom
|turn|2
|
|t:|1759008080
|-end|p1a: Iron Crown|Quark Drive|[silent]
|switch|p1a: Pecharunt|Pecharunt|100/100
|move|p2a: Rillaboom|Wood Hammer|p1a: Pecharunt
|-resisted|p1a: Pecharunt
|-damage|p1a: Pecharunt|80/100
|-damage|p2a: Rillaboom|94/100|[from] Recoil
|
|-heal|p1a: Pecharunt|86/100|[from] Grassy Terrain
|-heal|p2a: Rillaboom|99/100|[from] Grassy Terrain
|upkeep
|turn|3
|
|t:|1759008087
|switch|p2a: Raging Bolt|Raging Bolt|100/100
|move|p1a: Pecharunt|Malignant Chain|p2a: Raging Bolt
|-damage|p2a: Raging Bolt|80/100
|
|-heal|p2a: Raging Bolt|86/100|[from] Grassy Terrain
|-heal|p1a: Pecharunt|92/100|[from] Grassy Terrain
|upkeep
|turn|4
|
|t:|1759008093
|switch|p1a: Iron Crown|Iron Crown, tera:Fighting|28/100
|move|p2a: Raging Bolt|Dragon Pulse|p1a: Iron Crown
|-damage|p1a: Iron Crown|0 fnt
|faint|p1a: Iron Crown
|-end|p1a: Iron Crown|Quark Drive|[silent]
|
|-heal|p2a: Raging Bolt|93/100|[from] Grassy Terrain
|upkeep
|
|t:|1759008121
|switch|p1a: Great Tusk|Great Tusk|100/100
|-enditem|p1a: Great Tusk|Booster Energy
|-activate|p1a: Great Tusk|ability: Protosynthesis|[fromitem]
|-start|p1a: Great Tusk|protosynthesisatk
|turn|5
|
|t:|1759008129
|-end|p2a: Raging Bolt|Protosynthesis|[silent]
|switch|p2a: Weezing|Weezing-Galar, F|100/100
|-ability|p2a: Weezing|Neutralizing Gas
|move|p1a: Great Tusk|Ice Spinner|p2a: Weezing
|-damage|p2a: Weezing|83/100
|-fieldend|move: Grassy Terrain
|
|upkeep
|turn|6
|
|t:|1759008138
|-terastallize|p2a: Weezing|Bug
|move|p1a: Great Tusk|Headlong Rush|p2a: Weezing
|-resisted|p2a: Weezing
|-damage|p2a: Weezing|62/100
|-unboost|p1a: Great Tusk|def|1
|-unboost|p1a: Great Tusk|spd|1
|move|p2a: Weezing|Toxic|p1a: Great Tusk
|-status|p1a: Great Tusk|tox
|
|-damage|p1a: Great Tusk|94/100 tox|[from] psn
|upkeep
|turn|7
|
|t:|1759008155
|-end|p1a: Great Tusk|Protosynthesis|[silent]
|switch|p1a: Raging Bolt|Raging Bolt|100/100
|move|p2a: Weezing|Pain Split|p1a: Raging Bolt
|-sethp|p1a: Raging Bolt|77/100|[from] move: Pain Split|[silent]
|-sethp|p2a: Weezing|90/100|[from] move: Pain Split
|
|upkeep
|turn|8
|
|t:|1759008163
|move|p1a: Raging Bolt|Volt Switch|p2a: Weezing
|-damage|p2a: Weezing|9/100
|
|t:|1759008169
|-end|p1a: Raging Bolt|Protosynthesis|[silent]
|switch|p1a: Great Tusk|Great Tusk|94/100 tox|[from] Volt Switch
|move|p2a: Weezing|Strange Steam|p1a: Great Tusk
|-supereffective|p1a: Great Tusk
|-damage|p1a: Great Tusk|11/100 tox
|-start|p1a: Great Tusk|confusion
|
|-damage|p1a: Great Tusk|5/100 tox|[from] psn
|upkeep
|turn|9
|
|t:|1759008182
|-activate|p1a: Great Tusk|confusion
|move|p1a: Great Tusk|Close Combat|p2a: Weezing
|-resisted|p2a: Weezing
|-damage|p2a: Weezing|0 fnt
|-unboost|p1a: Great Tusk|def|1
|-unboost|p1a: Great Tusk|spd|1
|faint|p2a: Weezing
|-end|p2a: Weezing|ability: Neutralizing Gas
|
|-damage|p1a: Great Tusk|0 fnt|[from] psn
|faint|p1a: Great Tusk
|-end|p1a: Great Tusk|Protosynthesis|[silent]
|upkeep
|
|t:|1759008191
|switch|p1a: Raging Bolt|Raging Bolt|77/100
|switch|p2a: Raging Bolt|Raging Bolt|93/100
|turn|10
|
|t:|1759008201
|move|p1a: Raging Bolt|Draco Meteor|p2a: Raging Bolt
|-supereffective|p2a: Raging Bolt
|-damage|p2a: Raging Bolt|0 fnt
|-unboost|p1a: Raging Bolt|spa|2
|faint|p2a: Raging Bolt
|-end|p2a: Raging Bolt|Protosynthesis|[silent]
|
|upkeep
|
|t:|1759008205
|switch|p2a: Moltres|Moltres-Galar|100/100
|turn|11
|
|t:|1759008214
|-end|p1a: Raging Bolt|Protosynthesis|[silent]
|switch|p1a: Pecharunt|Pecharunt|92/100
|move|p2a: Moltres|Fiery Wrath|p1a: Pecharunt
|-supereffective|p1a: Pecharunt
|-damage|p1a: Pecharunt|8/100
|
|upkeep
|turn|12
|
|t:|1759008219
|move|p2a: Moltres|Fiery Wrath|p1a: Pecharunt
|-supereffective|p1a: Pecharunt
|-damage|p1a: Pecharunt|0 fnt
|faint|p1a: Pecharunt
|
|upkeep
|
|t:|1759008221
|switch|p1a: Primarina|Primarina, F|100/100
|turn|13
|
|t:|1759008227
|switch|p2a: Rillaboom|Rillaboom, M|99/100
|-fieldstart|move: Grassy Terrain|[from] ability: Grassy Surge|[of] p2a: Rillaboom
|move|p1a: Primarina|Calm Mind|p1a: Primarina
|-boost|p1a: Primarina|spa|1
|-boost|p1a: Primarina|spd|1
|
|-heal|p2a: Rillaboom|100/100|[from] Grassy Terrain
|upkeep
|turn|14
|
|t:|1759008242
|move|p2a: Rillaboom|Wood Hammer|p1a: Primarina
|-supereffective|p1a: Primarina
|-damage|p1a: Primarina|0 fnt
|faint|p1a: Primarina
|-damage|p2a: Rillaboom|75/100|[from] Recoil
|
|-heal|p2a: Rillaboom|81/100|[from] Grassy Terrain
|upkeep
|
|t:|1759008246
|switch|p1a: Kingambit|Kingambit, M|100/100
|-activate|p1a: Kingambit|ability: Supreme Overlord
|-start|p1a: Kingambit|fallen4|[silent]
|turn|15
|
|t:|1759008251
|move|p1a: Kingambit|Sucker Punch|p2a: Rillaboom
|-damage|p2a: Rillaboom|15/100
|move|p2a: Rillaboom|Wood Hammer|p1a: Kingambit
|-resisted|p1a: Kingambit
|-damage|p1a: Kingambit|62/100
|-damage|p2a: Rillaboom|4/100|[from] Recoil
|
|-heal|p2a: Rillaboom|10/100|[from] Grassy Terrain
|-heal|p1a: Kingambit|68/100|[from] Grassy Terrain
|upkeep
|turn|16
|
|t:|1759008256
|move|p2a: Rillaboom|Grassy Glide|p1a: Kingambit
|-resisted|p1a: Kingambit
|-damage|p1a: Kingambit|51/100
|move|p1a: Kingambit|Swords Dance|p1a: Kingambit
|-boost|p1a: Kingambit|atk|2
|
|-heal|p2a: Rillaboom|17/100|[from] Grassy Terrain
|-heal|p1a: Kingambit|57/100|[from] Grassy Terrain
|upkeep
|turn|17
|
|t:|1759008264
|move|p2a: Rillaboom|Grassy Glide|p1a: Kingambit
|-resisted|p1a: Kingambit
|-damage|p1a: Kingambit|40/100
|move|p1a: Kingambit|Sucker Punch||[still]
|-fail|p1a: Kingambit
|
|-heal|p2a: Rillaboom|23/100|[from] Grassy Terrain
|-heal|p1a: Kingambit|47/100|[from] Grassy Terrain
|upkeep
|turn|18
|
|t:|1759008270
|move|p2a: Rillaboom|Wood Hammer|p1a: Kingambit
|-resisted|p1a: Kingambit
|-damage|p1a: Kingambit|9/100
|-damage|p2a: Rillaboom|12/100|[from] Recoil
|move|p1a: Kingambit|Kowtow Cleave|p2a: Rillaboom
|-damage|p2a: Rillaboom|0 fnt
|faint|p2a: Rillaboom
|
|-heal|p1a: Kingambit|15/100|[from] Grassy Terrain
|upkeep
|
|t:|1759008295
|switch|p2a: Ogerpon|Ogerpon, F|100/100
|turn|19
|
|t:|1759008302
|move|p2a: Ogerpon|Grassy Glide|p1a: Kingambit
|-resisted|p1a: Kingambit
|-damage|p1a: Kingambit|0 fnt
|faint|p1a: Kingambit
|-end|p1a: Kingambit|fallen4|[silent]
|
|upkeep
|
|t:|1759008306
|switch|p1a: Raging Bolt|Raging Bolt|77/100
|turn|20
|
|t:|1759008311
|switch|p2a: Moltres|Moltres-Galar|100/100
|move|p1a: Raging Bolt|Thunderbolt|p2a: Moltres
|-supereffective|p2a: Moltres
|-damage|p2a: Moltres|0 fnt
|faint|p2a: Moltres
|
|-heal|p1a: Raging Bolt|83/100|[from] Grassy Terrain
|-fieldend|move: Grassy Terrain
|upkeep
|
|t:|1759008312
|switch|p2a: Ogerpon|Ogerpon, F|100/100
|turn|21
|
|t:|1759008315
|move|p2a: Ogerpon|Ivy Cudgel|p1a: Raging Bolt
|-resisted|p1a: Raging Bolt
|-damage|p1a: Raging Bolt|44/100
|move|p1a: Raging Bolt|Thunderbolt|p2a: Ogerpon
|-resisted|p2a: Ogerpon
|-damage|p2a: Ogerpon|53/100
|
|upkeep
|turn|22
|
|t:|1759008318
|move|p2a: Ogerpon|Ivy Cudgel|p1a: Raging Bolt
|-resisted|p1a: Raging Bolt
|-damage|p1a: Raging Bolt|4/100
|move|p1a: Raging Bolt|Thunderbolt|p2a: Ogerpon
|-resisted|p2a: Ogerpon
|-damage|p2a: Ogerpon|2/100
|
|upkeep
|turn|23
|
|t:|1759008323
|move|p2a: Ogerpon|Ivy Cudgel|p1a: Raging Bolt
|-resisted|p1a: Raging Bolt
|-damage|p1a: Raging Bolt|0 fnt
|faint|p1a: Raging Bolt
|-end|p1a: Raging Bolt|Protosynthesis|[silent]
|
|win|doodieray
|raw|marching_cubes's rating: 1443 &rarr; <strong>1419</strong><br />(-24 for losing)
|raw|doodieray's rating: 1379 &rarr; <strong>1403</strong><br />(+24 for winning)
