|j|☆shitmon_advocate
|j|☆err0r_sick
|t:|1758935355
|gametype|singles
|player|p1|shitmon_advocate|miku-water|1388
|player|p2|err0r_sick|colress|1372
|gen|9
|tier|[Gen 9] OU
|rated|
|rule|HP Percentage Mod: HP is shown in percentages
|rule|Endless Battle Clause: Forcing endless battles is banned
|rule|Species Clause: Limit one of each Pokémon
|rule|OHKO Clause: OHKO moves are banned
|rule|Evasion Items Clause: Evasion items are banned
|rule|Evasion Moves Clause: Evasion moves are banned
|rule|Evasion Abilities Clause: Evasion abilities are banned
|rule|Sleep Moves Clause: Sleep-inducing moves are banned
|clearpoke
|poke|p1|Lilligant-Hisui, F|
|poke|p1|Ninetales, F|
|poke|p1|Hatterene, F|
|poke|p1|Great Tusk|
|poke|p1|Walking Wake|
|poke|p1|Raging Bolt|
|poke|p2|Dragalge, F|
|poke|p2|Incineroar, F|
|poke|p2|Rotom-Wash|
|poke|p2|Golurk|
|poke|p2|Enamorus, F|
|poke|p2|Corviknight, M|
|teampreview
|inactive|Battle timer is ON: inactive players will automatically lose when time's up. (requested by shitmon_advocate)
|
|t:|1758935374
|teamsize|p1|6
|teamsize|p2|6
|start
|switch|p1a: ANOTHER SUN TEAM?|Ninetales, F|100/100
|switch|p2a: Dragalge|Dragalge, F, shiny|100/100
|-weather|SunnyDay|[from] ability: Drought|[of] p1a: ANOTHER SUN TEAM?
|turn|1
|
|t:|1758935380
|switch|p1a: OBLIGATORY HATT|Hatterene, F|100/100
|move|p2a: Dragalge|Sludge Wave|p1a: OBLIGATORY HATT
|-supereffective|p1a: OBLIGATORY HATT
|-damage|p1a: OBLIGATORY HATT|0 fnt
|faint|p1a: OBLIGATORY HATT
|
|-weather|SunnyDay|[upkeep]
|upkeep
|
|t:|1758935387
|switch|p1a: Timothy|Great Tusk|100/100
|-activate|p1a: Timothy|ability: Protosynthesis
|-start|p1a: Timothy|protosynthesisspe
|turn|2
|
|t:|1758935392
|switch|p2a: Enamorus|Enamorus, F|100/100
|move|p1a: Timothy|Stealth Rock|p2a: Enamorus
|-sidestart|p2: err0r_sick|move: Stealth Rock
|
|-weather|SunnyDay|[upkeep]
|upkeep
|turn|3
|
|t:|1758935400
|move|p2a: Enamorus|Moonblast|p1a: Timothy
|-supereffective|p1a: Timothy
|-damage|p1a: Timothy|0 fnt
|faint|p1a: Timothy
|-end|p1a: Timothy|Protosynthesis|[silent]
|
|-weather|SunnyDay|[upkeep]
|upkeep
|
|t:|1758935403
|switch|p1a: GENERIC SPECS WAKE|Walking Wake|100/100
|-activate|p1a: GENERIC SPECS WAKE|ability: Protosynthesis
|-start|p1a: GENERIC SPECS WAKE|protosynthesisspe
|turn|4
|
|t:|1758935414
|switch|p2a: Rotom|Rotom-Wash|100/100
|-damage|p2a: Rotom|88/100|[from] Stealth Rock
|-terastallize|p1a: GENERIC SPECS WAKE|Water
|move|p1a: GENERIC SPECS WAKE|Hydro Steam|p2a: Rotom
|-resisted|p2a: Rotom
|-damage|p2a: Rotom|39/100
|
|-weather|SunnyDay|[upkeep]
|-heal|p2a: Rotom|45/100|[from] item: Leftovers
|upkeep
|turn|5
|
|t:|1758935423
|move|p2a: Rotom|Protect|p2a: Rotom
|-singleturn|p2a: Rotom|Protect
|move|p1a: GENERIC SPECS WAKE|Hydro Steam|p2a: Rotom
|-activate|p2a: Rotom|move: Protect
|
|-weather|SunnyDay|[upkeep]
|-heal|p2a: Rotom|51/100|[from] item: Leftovers
|upkeep
|turn|6
|
|t:|1758935435
|move|p1a: GENERIC SPECS WAKE|Hydro Steam|p2a: Rotom
|-resisted|p2a: Rotom
|-damage|p2a: Rotom|0 fnt
|faint|p2a: Rotom
|
|-weather|SunnyDay|[upkeep]
|upkeep
|
|t:|1758935441
|switch|p2a: Dragalge|Dragalge, F, shiny|100/100
|-damage|p2a: Dragalge|88/100|[from] Stealth Rock
|turn|7
|
|t:|1758935445
|-end|p1a: GENERIC SPECS WAKE|Protosynthesis|[silent]
|switch|p1a: RAGING NECK BONER|Raging Bolt|100/100
|-activate|p1a: RAGING NECK BONER|ability: Protosynthesis
|-start|p1a: RAGING NECK BONER|protosynthesisspa
|move|p2a: Dragalge|Draco Meteor|p1a: RAGING NECK BONER
|-supereffective|p1a: RAGING NECK BONER
|-damage|p1a: RAGING NECK BONER|9/100
|-unboost|p2a: Dragalge|spa|2
|
|-weather|SunnyDay|[upkeep]
|upkeep
|turn|8
|
|t:|1758935455
|switch|p2a: Incineroar|Incineroar, F|100/100
|-ability|p2a: Incineroar|Intimidate|boost
|-unboost|p1a: RAGING NECK BONER|atk|1
|move|p1a: RAGING NECK BONER|Volt Switch|p2a: Incineroar
|-damage|p2a: Incineroar|60/100
|
|t:|1758935458
|-end|p1a: RAGING NECK BONER|Protosynthesis|[silent]
|switch|p1a: GENERIC SPECS WAKE|Walking Wake, tera:Water|100/100|[from] Volt Switch
|-activate|p1a: GENERIC SPECS WAKE|ability: Protosynthesis
|-start|p1a: GENERIC SPECS WAKE|protosynthesisspe
|
|-weather|none
|-end|p1a: GENERIC SPECS WAKE|Protosynthesis
|upkeep
|turn|9
|
|t:|1758935467
|move|p1a: GENERIC SPECS WAKE|Flip Turn|p2a: Incineroar
|-supereffective|p2a: Incineroar
|-damage|p2a: Incineroar|10/100
|
|t:|1758935471
|-end|p1a: GENERIC SPECS WAKE|Protosynthesis|[silent]
|switch|p1a: ANOTHER SUN TEAM?|Ninetales, F|100/100|[from] Flip Turn
|-weather|SunnyDay|[from] ability: Drought|[of] p1a: ANOTHER SUN TEAM?
|move|p2a: Incineroar|Knock Off|p1a: ANOTHER SUN TEAM?
|-damage|p1a: ANOTHER SUN TEAM?|48/100
|-enditem|p1a: ANOTHER SUN TEAM?|Heat Rock|[from] move: Knock Off|[of] p2a: Incineroar
|
|-weather|SunnyDay|[upkeep]
|upkeep
|turn|10
|
|t:|1758935479
|move|p1a: ANOTHER SUN TEAM?|Healing Wish|p1a: ANOTHER SUN TEAM?
|faint|p1a: ANOTHER SUN TEAM?
|move|p2a: Incineroar|Drain Punch|p1: ANOTHER SUN TEAM?|[notarget]
|-fail|p2a: Incineroar
|
|-weather|SunnyDay|[upkeep]
|upkeep
|
|t:|1758935485
|switch|p1a: GENERIC SPECS WAKE|Walking Wake, tera:Water|100/100
|-activate|p1a: GENERIC SPECS WAKE|ability: Protosynthesis
|-start|p1a: GENERIC SPECS WAKE|protosynthesisspe
|turn|11
|
|t:|1758935488
|move|p1a: GENERIC SPECS WAKE|Flip Turn|p2a: Incineroar
|-supereffective|p2a: Incineroar
|-damage|p2a: Incineroar|0 fnt
|faint|p2a: Incineroar
|
|t:|1758935490
|-end|p1a: GENERIC SPECS WAKE|Protosynthesis|[silent]
|switch|p1a: RAGING NECK BONER|Raging Bolt|9/100|[from] Flip Turn
|-heal|p1a: RAGING NECK BONER|100/100|[from] move: Healing Wish
|-activate|p1a: RAGING NECK BONER|ability: Protosynthesis
|-start|p1a: RAGING NECK BONER|protosynthesisspa
|
|-weather|SunnyDay|[upkeep]
|upkeep
|
|t:|1758935497
|switch|p2a: Golurk|Golurk|100/100
|-damage|p2a: Golurk|94/100|[from] Stealth Rock
|turn|12
|
|t:|1758935509
|move|p1a: RAGING NECK BONER|Draco Meteor|p2a: Golurk
|-crit|p2a: Golurk
|-damage|p2a: Golurk|0 fnt
|-unboost|p1a: RAGING NECK BONER|spa|2
|faint|p2a: Golurk
|
|-weather|SunnyDay|[upkeep]
|upkeep
|
|t:|1758935514
|switch|p2a: Dragalge|Dragalge, F, shiny|88/100
|-damage|p2a: Dragalge|76/100|[from] Stealth Rock
|turn|13
|
|t:|1758935517
|move|p1a: RAGING NECK BONER|Draco Meteor|p2a: Dragalge
|-supereffective|p2a: Dragalge
|-damage|p2a: Dragalge|20/100
|-unboost|p1a: RAGING NECK BONER|spa|2
|move|p2a: Dragalge|Draco Meteor|p1a: RAGING NECK BONER
|-supereffective|p1a: RAGING NECK BONER
|-damage|p1a: RAGING NECK BONER|13/100
|-unboost|p2a: Dragalge|spa|2
|
|-weather|SunnyDay|[upkeep]
|upkeep
|turn|14
|
|t:|1758935527
|move|p1a: RAGING NECK BONER|Volt Switch|p2a: Dragalge
|-resisted|p2a: Dragalge
|-damage|p2a: Dragalge|15/100
|
|t:|1758935530
|-end|p1a: RAGING NECK BONER|Protosynthesis|[silent]
|switch|p1a: THE WOMAN|Lilligant-Hisui, F|100/100|[from] Volt Switch
|move|p2a: Dragalge|Draco Meteor|p1a: THE WOMAN
|-damage|p1a: THE WOMAN|34/100
|-unboost|p2a: Dragalge|spa|2
|
|-weather|SunnyDay|[upkeep]
|upkeep
|turn|15
|
|t:|1758935539
|move|p1a: THE WOMAN|Solar Blade||[still]
|-prepare|p1a: THE WOMAN|Solar Blade
|-anim|p1a: THE WOMAN|Solar Blade|p2a: Dragalge
|-resisted|p2a: Dragalge
|-damage|p2a: Dragalge|0 fnt
|faint|p2a: Dragalge
|-damage|p1a: THE WOMAN|24/100|[from] item: Life Orb
|
|-weather|SunnyDay|[upkeep]
|upkeep
|
|t:|1758935550
|switch|p2a: Enamorus|Enamorus, F|100/100
|-damage|p2a: Enamorus|76/100|[from] Stealth Rock
|turn|16
|
|t:|1758935556
|move|p1a: THE WOMAN|Solar Blade||[still]
|-prepare|p1a: THE WOMAN|Solar Blade
|-anim|p1a: THE WOMAN|Solar Blade|p2a: Enamorus
|-resisted|p2a: Enamorus
|-damage|p2a: Enamorus|17/100
|-damage|p1a: THE WOMAN|14/100|[from] item: Life Orb
|move|p2a: Enamorus|Moonblast|p1a: THE WOMAN
|-supereffective|p1a: THE WOMAN
|-damage|p1a: THE WOMAN|0 fnt
|faint|p1a: THE WOMAN
|
|-weather|none
|upkeep
|
|t:|1758935567
|switch|p1a: GENERIC SPECS WAKE|Walking Wake, tera:Water|100/100
|turn|17
|
|t:|1758935572
|move|p2a: Enamorus|Moonblast|p1a: GENERIC SPECS WAKE
|-damage|p1a: GENERIC SPECS WAKE|43/100
|move|p1a: GENERIC SPECS WAKE|Flip Turn|p2a: Enamorus
|-damage|p2a: Enamorus|0 fnt
|faint|p2a: Enamorus
|
|t:|1758935575
|-end|p1a: GENERIC SPECS WAKE|Protosynthesis|[silent]
|switch|p1a: RAGING NECK BONER|Raging Bolt|13/100|[from] Flip Turn
|
|upkeep
|-message|err0r_sick forfeited.
|
|win|shitmon_advocate
|raw|shitmon_advocate's rating: 1388 &rarr; <strong>1407</strong><br />(+19 for winning)
|raw|err0r_sick's rating: 1372 &rarr; <strong>1353</strong><br />(-19 for losing)
|l|☆err0r_sick
|player|p2|
|l|☆shitmon_advocate
|player|p1|
