|j|☆PokemonConquestLP
|j|☆AURAGUARDIANZZZ
|t:|1758992925
|gametype|singles
|player|p1|PokemonConquestLP|red|1128
|player|p2|AURAGUARDIANZZZ|hoopster|1175
|gen|9
|tier|[Gen 9] OU
|rated|
|rule|HP Percentage Mod: HP is shown in percentages
|rule|Endless Battle Clause: Forcing endless battles is banned
|rule|Species Clause: Limit one of each Pokémon
|rule|OHKO Clause: OHKO moves are banned
|rule|Evasion Items Clause: Evasion items are banned
|rule|Evasion Moves Clause: Evasion moves are banned
|rule|Evasion Abilities Clause: Evasion abilities are banned
|rule|Sleep Moves Clause: Sleep-inducing moves are banned
|clearpoke
|poke|p1|Great Tusk|
|poke|p1|Cinderace, F|
|poke|p1|Maushold|
|poke|p1|Cinccino, M|
|poke|p1|Iron Treads|
|poke|p1|Excadrill, F|
|poke|p2|Lucario, F|
|poke|p2|Garchomp, F|
|poke|p2|Ribombee, M|
|poke|p2|Great Tusk|
|poke|p2|Torterra, M|
|poke|p2|Zamazenta-*|
|teampreview
|inactive|Battle timer is ON: inactive players will automatically lose when time's up. (requested by PokemonConquestLP)
|
|t:|1758992930
|teamsize|p1|6
|teamsize|p2|6
|start
|switch|p1a: Maushold|Maushold, shiny|100/100
|switch|p2a: Torterra|Torterra, M|100/100
|turn|1
|
|t:|1758992935
|switch|p2a: WEIRDO|Garchomp, F|100/100
|move|p1a: Maushold|Tidy Up|p1a: Maushold
|-boost|p1a: Maushold|atk|1
|-boost|p1a: Maushold|spe|1
|
|upkeep
|turn|2
|
|t:|1758992941
|move|p1a: Maushold|Tidy Up|p1a: Maushold
|-boost|p1a: Maushold|atk|1
|-boost|p1a: Maushold|spe|1
|move|p2a: WEIRDO|Stealth Rock|p1a: Maushold
|-sidestart|p1: PokemonConquestLP|move: Stealth Rock
|
|upkeep
|turn|3
|
|t:|1758992946
|move|p1a: Maushold|Encore|p2a: WEIRDO
|-start|p2a: WEIRDO|Encore
|move|p2a: WEIRDO|Stealth Rock||[still]
|-fail|p2a: WEIRDO
|
|upkeep
|turn|4
|
|t:|1758992951
|move|p1a: Maushold|Tidy Up|p1a: Maushold
|-sideend|p1: PokemonConquestLP|Stealth Rock
|-activate|p1a: Maushold|move: Tidy Up
|-boost|p1a: Maushold|atk|1
|-boost|p1a: Maushold|spe|1
|move|p2a: WEIRDO|Stealth Rock|p1a: Maushold
|-sidestart|p1: PokemonConquestLP|move: Stealth Rock
|
|upkeep
|turn|5
|
|t:|1758992957
|move|p1a: Maushold|Tidy Up|p1a: Maushold
|-sideend|p1: PokemonConquestLP|Stealth Rock
|-activate|p1a: Maushold|move: Tidy Up
|-boost|p1a: Maushold|atk|1
|-boost|p1a: Maushold|spe|1
|move|p2a: WEIRDO|Stealth Rock|p1a: Maushold
|-sidestart|p1: PokemonConquestLP|move: Stealth Rock
|
|-end|p2a: WEIRDO|Encore
|upkeep
|turn|6
|
|t:|1758992964
|switch|p2a: Zamazenta|Zamazenta|100/100
|-ability|p2a: Zamazenta|Dauntless Shield|boost
|-boost|p2a: Zamazenta|def|1
|move|p1a: Maushold|Encore||[still]
|-fail|p1a: Maushold
|
|upkeep
|turn|7
|
|t:|1758992971
|switch|p2a: WEIRDO|Garchomp, F|100/100
|move|p1a: Maushold|Population Bomb|p2a: WEIRDO
|-damage|p2a: WEIRDO|71/100
|-damage|p1a: Maushold|88/100|[from] ability: Rough Skin|[of] p2a: WEIRDO
|-damage|p1a: Maushold|71/100|[from] item: Rocky Helmet|[of] p2a: WEIRDO
|-damage|p2a: WEIRDO|44/100
|-damage|p1a: Maushold|59/100|[from] ability: Rough Skin|[of] p2a: WEIRDO
|-damage|p1a: Maushold|42/100|[from] item: Rocky Helmet|[of] p2a: WEIRDO
|-damage|p2a: WEIRDO|18/100
|-damage|p1a: Maushold|30/100|[from] ability: Rough Skin|[of] p2a: WEIRDO
|-damage|p1a: Maushold|13/100|[from] item: Rocky Helmet|[of] p2a: WEIRDO
|-damage|p2a: WEIRDO|0 fnt
|-damage|p1a: Maushold|1/100|[from] ability: Rough Skin|[of] p2a: WEIRDO
|-damage|p1a: Maushold|0 fnt|[from] item: Rocky Helmet|[of] p2a: WEIRDO
|faint|p2a: WEIRDO
|faint|p1a: Maushold
|-hitcount|p2: WEIRDO|4
|
|upkeep
|
|t:|1758992997
|switch|p1a: Cinccino|Cinccino, M, shiny|100/100
|switch|p2a: Torterra|Torterra, M|100/100
|-damage|p1a: Cinccino|88/100|[from] Stealth Rock
|turn|8
|
|t:|1758993003
|move|p1a: Cinccino|Tidy Up|p1a: Cinccino
|-sideend|p1: PokemonConquestLP|Stealth Rock
|-activate|p1a: Cinccino|move: Tidy Up
|-boost|p1a: Cinccino|atk|1
|-boost|p1a: Cinccino|spe|1
|move|p2a: Torterra|Shell Smash|p2a: Torterra
|-unboost|p2a: Torterra|def|1
|-unboost|p2a: Torterra|spd|1
|-boost|p2a: Torterra|atk|2
|-boost|p2a: Torterra|spa|2
|-boost|p2a: Torterra|spe|2
|
|upkeep
|turn|9
|
|t:|1758993014
|move|p1a: Cinccino|Triple Axel|p2a: Torterra
|-supereffective|p2a: Torterra
|-damage|p2a: Torterra|30/100
|-supereffective|p2a: Torterra
|-damage|p2a: Torterra|0 fnt
|faint|p2a: Torterra
|-hitcount|p2: Torterra|2
|
|upkeep
|
|t:|1758993020
|switch|p2a: Zamazenta|Zamazenta|100/100
|turn|10
|
|t:|1758993028
|move|p1a: Cinccino|Tail Slap|p2a: Zamazenta
|-damage|p2a: Zamazenta|79/100
|-damage|p2a: Zamazenta|56/100
|-damage|p2a: Zamazenta|32/100
|-damage|p2a: Zamazenta|10/100
|-crit|p2a: Zamazenta
|-damage|p2a: Zamazenta|0 fnt
|faint|p2a: Zamazenta
|-hitcount|p2: Zamazenta|5
|
|upkeep
|
|t:|1758993036
|switch|p2a: EXTINCTED|Great Tusk|100/100
|-enditem|p2a: EXTINCTED|Booster Energy
|-activate|p2a: EXTINCTED|ability: Protosynthesis|[fromitem]
|-start|p2a: EXTINCTED|protosynthesisdef
|turn|11
|
|t:|1758993044
|move|p1a: Cinccino|Tidy Up|p1a: Cinccino
|-boost|p1a: Cinccino|atk|1
|-boost|p1a: Cinccino|spe|1
|move|p2a: EXTINCTED|Close Combat|p1a: Cinccino
|-supereffective|p1a: Cinccino
|-damage|p1a: Cinccino|0 fnt
|-unboost|p2a: EXTINCTED|def|1
|-unboost|p2a: EXTINCTED|spd|1
|faint|p1a: Cinccino
|
|upkeep
|
|t:|1758993058
|switch|p1a: Great Tusk|Great Tusk|100/100
|turn|12
|
|t:|1758993064
|move|p1a: Great Tusk|Ice Spinner|p2a: EXTINCTED
|-supereffective|p2a: EXTINCTED
|-damage|p2a: EXTINCTED|61/100
|move|p2a: EXTINCTED|Ice Spinner|p1a: Great Tusk
|-supereffective|p1a: Great Tusk
|-damage|p1a: Great Tusk|67/100
|
|-heal|p1a: Great Tusk|73/100|[from] item: Leftovers
|upkeep
|turn|13
|
|t:|1758993072
|-terastallize|p1a: Great Tusk|Fire
|move|p2a: EXTINCTED|Ice Spinner|p1a: Great Tusk
|-resisted|p1a: Great Tusk
|-damage|p1a: Great Tusk|65/100
|move|p1a: Great Tusk|Ice Spinner|p2a: EXTINCTED
|-supereffective|p2a: EXTINCTED
|-damage|p2a: EXTINCTED|21/100
|
|-heal|p1a: Great Tusk|71/100|[from] item: Leftovers
|upkeep
|turn|14
|
|t:|1758993080
|move|p1a: Great Tusk|Ice Spinner|p2a: EXTINCTED
|-supereffective|p2a: EXTINCTED
|-damage|p2a: EXTINCTED|0 fnt
|faint|p2a: EXTINCTED
|-end|p2a: EXTINCTED|Protosynthesis|[silent]
|
|-heal|p1a: Great Tusk|77/100|[from] item: Leftovers
|upkeep
|
|t:|1758993091
|switch|p2a: BBBRRR|Ribombee, M|100/100
|turn|15
|
|t:|1758993097
|move|p2a: BBBRRR|Sticky Web|p1a: Great Tusk
|-sidestart|p1: PokemonConquestLP|move: Sticky Web
|move|p1a: Great Tusk|Knock Off|p2a: BBBRRR
|-resisted|p2a: BBBRRR
|-damage|p2a: BBBRRR|65/100
|-enditem|p2a: BBBRRR|Focus Sash|[from] move: Knock Off|[of] p1a: Great Tusk
|
|-heal|p1a: Great Tusk|83/100|[from] item: Leftovers
|upkeep
|turn|16
|
|t:|1758993106
|move|p2a: BBBRRR|Psychic Noise|p1a: Great Tusk
|-damage|p1a: Great Tusk|52/100
|-start|p1a: Great Tusk|move: Heal Block
|move|p1a: Great Tusk|Rapid Spin|p2a: BBBRRR
|-damage|p2a: BBBRRR|29/100
|-boost|p1a: Great Tusk|spe|1
|-sideend|p1: PokemonConquestLP|Sticky Web|[from] move: Rapid Spin|[of] p1a: Great Tusk
|
|upkeep
|turn|17
|inactive|AURAGUARDIANZZZ has 120 seconds left.
|inactive|AURAGUARDIANZZZ has 90 seconds left.
|
|t:|1758993175
|move|p1a: Great Tusk|Ice Spinner|p2a: BBBRRR
|-damage|p2a: BBBRRR|0 fnt
|faint|p2a: BBBRRR
|
|-end|p1a: Great Tusk|move: Heal Block
|upkeep
|
|t:|1758993178
|switch|p2a: DiedInTheMovie|Lucario, F|100/100
|turn|18
|inactive|AURAGUARDIANZZZ has 90 seconds left.
|
|t:|1758993194
|-terastallize|p2a: DiedInTheMovie|Fighting
|move|p1a: Great Tusk|Headlong Rush|p2a: DiedInTheMovie
|-damage|p2a: DiedInTheMovie|3/100
|-unboost|p1a: Great Tusk|def|1
|-unboost|p1a: Great Tusk|spd|1
|move|p2a: DiedInTheMovie|Aura Sphere|p1a: Great Tusk
|-damage|p1a: Great Tusk|0 fnt
|faint|p1a: Great Tusk
|-end|p1a: Great Tusk|Protosynthesis|[silent]
|
|upkeep
|-message|AURAGUARDIANZZZ forfeited.
|
|win|PokemonConquestLP
|raw|PokemonConquestLP's rating: 1128 &rarr; <strong>1156</strong><br />(+28 for winning)
|raw|AURAGUARDIANZZZ's rating: 1175 &rarr; <strong>1147</strong><br />(-28 for losing)
|l|☆AURAGUARDIANZZZ
|player|p2|
|l|☆PokemonConquestLP
|player|p1|
