|j|☆thebacchusbraviary
|j|☆nglimfaded
|t:|1759057330
|gametype|singles
|player|p1|thebacchusbraviary|winona|1426
|player|p2|nglimfaded|miku-grass|1464
|gen|9
|tier|[Gen 9] OU
|rated|
|rule|HP Percentage Mod: HP is shown in percentages
|rule|Endless Battle Clause: Forcing endless battles is banned
|rule|Species Clause: Limit one of each Pokémon
|rule|OHKO Clause: OHKO moves are banned
|rule|Evasion Items Clause: Evasion items are banned
|rule|Evasion Moves Clause: Evasion moves are banned
|rule|Evasion Abilities Clause: Evasion abilities are banned
|rule|Sleep Moves Clause: Sleep-inducing moves are banned
|clearpoke
|poke|p1|Braviary, M|
|poke|p1|Tyranitar, F|
|poke|p1|Regice|
|poke|p1|Greninja-*, M|
|poke|p1|Arcanine-Hisui, F|
|poke|p1|Thundurus-Therian, M|
|poke|p2|Darkrai|
|poke|p2|Garchomp, M|
|poke|p2|Alomomola, F|
|poke|p2|Corviknight, F|
|poke|p2|Weezing-Galar, M|
|poke|p2|Ogerpon, F|
|teampreview
|inactive|Battle timer is ON: inactive players will automatically lose when time's up. (requested by thebacchusbraviary)
|inactive|nglimfaded has 120 seconds left.
|
|t:|1759057389
|teamsize|p1|6
|teamsize|p2|6
|start
|switch|p1a: Regice|Regice|100/100
|switch|p2a: Garchomp|Garchomp, M|100/100
|turn|1
|
|t:|1759057400
|switch|p2a: Alomomola|Alomomola, F|100/100
|move|p1a: Regice|Ice Beam|p2a: Alomomola
|-resisted|p2a: Alomomola
|-crit|p2a: Alomomola
|-damage|p2a: Alomomola|89/100
|
|upkeep
|turn|2
|
|t:|1759057410
|move|p2a: Alomomola|Body Slam|p1a: Regice
|-damage|p1a: Regice|89/100
|move|p1a: Regice|Thunder Wave|p2a: Alomomola
|-status|p2a: Alomomola|par
|
|-heal|p1a: Regice|95/100|[from] item: Leftovers
|upkeep
|turn|3
|
|t:|1759057413
|move|p1a: Regice|Thunderbolt|p2a: Alomomola
|-supereffective|p2a: Alomomola
|-damage|p2a: Alomomola|67/100 par
|move|p2a: Alomomola|Body Slam|p1a: Regice
|-damage|p1a: Regice|84/100
|-status|p1a: Regice|par
|
|-heal|p1a: Regice|90/100 par|[from] item: Leftovers
|upkeep
|turn|4
|
|t:|1759057419
|move|p1a: Regice|Thunderbolt|p2a: Alomomola
|-supereffective|p2a: Alomomola
|-crit|p2a: Alomomola
|-damage|p2a: Alomomola|36/100 par
|cant|p2a: Alomomola|par
|
|-heal|p1a: Regice|96/100 par|[from] item: Leftovers
|upkeep
|turn|5
|
|t:|1759057424
|move|p1a: Regice|Thunderbolt|p2a: Alomomola
|-supereffective|p2a: Alomomola
|-crit|p2a: Alomomola
|-damage|p2a: Alomomola|6/100 par
|move|p2a: Alomomola|Mirror Coat|p1a: Regice
|-damage|p1a: Regice|8/100 par
|
|-heal|p1a: Regice|15/100 par|[from] item: Leftovers
|upkeep
|turn|6
|
|t:|1759057434
|switch|p2a: Garchomp|Garchomp, M|100/100
|cant|p1a: Regice|par
|
|-heal|p1a: Regice|21/100 par|[from] item: Leftovers
|upkeep
|turn|7
|
|t:|1759057437
|move|p2a: Garchomp|Earthquake|p1a: Regice
|-damage|p1a: Regice|0 fnt
|faint|p1a: Regice
|
|upkeep
|
|t:|1759057439
|switch|p1a: Greninja|Greninja, M|100/100
|turn|8
|
|t:|1759057448
|switch|p2a: Alomomola|Alomomola, F|39/100 par
|move|p1a: Greninja|Ice Beam|p2a: Alomomola
|-resisted|p2a: Alomomola
|-damage|p2a: Alomomola|33/100 par
|
|upkeep
|turn|9
|
|t:|1759057455
|switch|p2a: Corviknight|Corviknight, F|100/100
|-ability|p2a: Corviknight|Pressure
|move|p1a: Greninja|Dark Pulse|p2a: Corviknight
|-damage|p2a: Corviknight|75/100
|
|-heal|p2a: Corviknight|82/100|[from] item: Leftovers
|upkeep
|turn|10
|
|t:|1759057461
|switch|p1a: Thundurus|Thundurus-Therian, M|100/100
|move|p2a: Corviknight|U-turn|p1a: Thundurus
|-resisted|p1a: Thundurus
|-damage|p1a: Thundurus|90/100
|
|t:|1759057470
|switch|p2a: Darkrai|Darkrai|100/100|[from] U-turn
|
|upkeep
|turn|11
|
|t:|1759057475
|move|p2a: Darkrai|Focus Blast|p1a: Thundurus|[miss]
|-miss|p2a: Darkrai|p1a: Thundurus
|move|p1a: Thundurus|Thunderbolt|p2a: Darkrai
|-damage|p2a: Darkrai|0 fnt
|faint|p2a: Darkrai
|
|upkeep
|
|t:|1759057481
|switch|p2a: Garchomp|Garchomp, M|100/100
|turn|12
|
|t:|1759057483
|switch|p1a: Greninja|Greninja, M|100/100
|move|p2a: Garchomp|Spikes|p1a: Greninja
|-sidestart|p1: thebacchusbraviary|Spikes
|
|upkeep
|turn|13
|
|t:|1759057485
|switch|p2a: Alomomola|Alomomola, F|66/100 par
|move|p1a: Greninja|Ice Beam|p2a: Alomomola
|-resisted|p2a: Alomomola
|-damage|p2a: Alomomola|60/100 par
|
|upkeep
|turn|14
|
|t:|1759057491
|switch|p1a: Thundurus|Thundurus-Therian, M|90/100
|move|p2a: Alomomola|Mirror Coat||[still]
|-fail|p2a: Alomomola
|
|upkeep
|turn|15
|
|t:|1759057494
|switch|p2a: Garchomp|Garchomp, M|100/100
|move|p1a: Thundurus|Dark Pulse|p2a: Garchomp
|-damage|p2a: Garchomp|62/100
|
|upkeep
|turn|16
|
|t:|1759057498
|move|p1a: Thundurus|Dark Pulse|p2a: Garchomp
|-damage|p2a: Garchomp|21/100
|cant|p2a: Garchomp|flinch
|
|upkeep
|turn|17
|
|t:|1759057503
|move|p1a: Thundurus|Dark Pulse|p2a: Garchomp
|-damage|p2a: Garchomp|0 fnt
|faint|p2a: Garchomp
|
|upkeep
|
|t:|1759057507
|switch|p2a: Alomomola|Alomomola, F|93/100 par
|turn|18
|
|t:|1759057510
|switch|p1a: Tyranitar|Tyranitar, F|100/100
|-damage|p1a: Tyranitar|88/100|[from] Spikes
|-weather|Sandstorm|[from] ability: Sand Stream|[of] p1a: Tyranitar
|cant|p2a: Alomomola|par
|
|-weather|Sandstorm|[upkeep]
|-damage|p2a: Alomomola|87/100 par|[from] Sandstorm
|upkeep
|turn|19
|
|t:|1759057512
|switch|p2a: Ogerpon|Ogerpon, F|100/100
|move|p1a: Tyranitar|Knock Off|p2a: Ogerpon
|-damage|p2a: Ogerpon|21/100
|-enditem|p2a: Ogerpon|Heavy-Duty Boots|[from] move: Knock Off|[of] p1a: Tyranitar
|
|-weather|Sandstorm|[upkeep]
|-damage|p2a: Ogerpon|15/100|[from] Sandstorm
|upkeep
|turn|20
|
|t:|1759057517
|switch|p1a: Arcanine|Arcanine-Hisui, F|100/100
|-item|p1a: Arcanine|Air Balloon
|move|p2a: Ogerpon|Ivy Cudgel|p1a: Arcanine
|-damage|p1a: Arcanine|40/100
|-enditem|p1a: Arcanine|Air Balloon
|
|-weather|Sandstorm|[upkeep]
|-damage|p2a: Ogerpon|9/100|[from] Sandstorm
|upkeep
|turn|21
|
|t:|1759057522
|switch|p2a: Weezing|Weezing-Galar, M|100/100
|-ability|p2a: Weezing|Neutralizing Gas
|move|p1a: Arcanine|Extreme Speed|p2a: Weezing
|-damage|p2a: Weezing|84/100
|
|-weather|Sandstorm|[upkeep]
|-damage|p2a: Weezing|78/100|[from] Sandstorm
|-heal|p2a: Weezing|84/100|[from] item: Leftovers
|upkeep
|turn|22
|
|t:|1759057525
|move|p1a: Arcanine|Flare Blitz|p2a: Weezing
|-damage|p2a: Weezing|48/100
|-damage|p1a: Arcanine|28/100|[from] Recoil
|move|p2a: Weezing|Sludge Bomb|p1a: Arcanine
|-resisted|p1a: Arcanine
|-damage|p1a: Arcanine|17/100
|-status|p1a: Arcanine|psn
|
|-weather|none
|-heal|p2a: Weezing|54/100|[from] item: Leftovers
|-damage|p1a: Arcanine|4/100 psn|[from] psn
|upkeep
|turn|23
|
|t:|1759057531
|-end|p2a: Weezing|ability: Neutralizing Gas
|switch|p2a: Alomomola|Alomomola, F|100/100 par
|move|p1a: Arcanine|Head Smash|p2a: Alomomola
|-damage|p2a: Alomomola|50/100 par
|
|-damage|p1a: Arcanine|0 fnt|[from] psn
|faint|p1a: Arcanine
|upkeep
|
|t:|1759057538
|switch|p1a: Tyranitar|Tyranitar, F|88/100
|-damage|p1a: Tyranitar|76/100|[from] Spikes
|-weather|Sandstorm|[from] ability: Sand Stream|[of] p1a: Tyranitar
|turn|24
|
|t:|1759057542
|switch|p2a: Corviknight|Corviknight, F|82/100
|-ability|p2a: Corviknight|Pressure
|move|p1a: Tyranitar|Knock Off|p2a: Corviknight
|-damage|p2a: Corviknight|35/100
|-enditem|p2a: Corviknight|Leftovers|[from] move: Knock Off|[of] p1a: Tyranitar
|
|-weather|Sandstorm|[upkeep]
|upkeep
|turn|25
|
|t:|1759057548
|switch|p1a: Thundurus|Thundurus-Therian, M|90/100
|move|p2a: Corviknight|Brave Bird|p1a: Thundurus
|-resisted|p1a: Thundurus
|-damage|p1a: Thundurus|63/100
|-damage|p2a: Corviknight|28/100|[from] Recoil
|
|-weather|Sandstorm|[upkeep]
|-damage|p1a: Thundurus|57/100|[from] Sandstorm
|upkeep
|turn|26
|
|t:|1759057571
|move|p1a: Thundurus|Thunderbolt|p2a: Corviknight
|-supereffective|p2a: Corviknight
|-damage|p2a: Corviknight|0 fnt
|faint|p2a: Corviknight
|
|-weather|Sandstorm|[upkeep]
|-damage|p1a: Thundurus|51/100|[from] Sandstorm
|upkeep
|
|t:|1759057573
|switch|p2a: Alomomola|Alomomola, F|83/100 par
|turn|27
|
|t:|1759057575
|switch|p1a: Tyranitar|Tyranitar, F|76/100
|-damage|p1a: Tyranitar|63/100|[from] Spikes
|move|p2a: Alomomola|Flip Turn|p1a: Tyranitar
|-supereffective|p1a: Tyranitar
|-damage|p1a: Tyranitar|37/100
|
|t:|1759057578
|switch|p2a: Ogerpon|Ogerpon, F|9/100|[from] Flip Turn
|
|-weather|Sandstorm|[upkeep]
|-damage|p2a: Ogerpon|3/100|[from] Sandstorm
|upkeep
|turn|28
|
|t:|1759057582
|switch|p1a: Braviary|Braviary, M|100/100
|move|p2a: Ogerpon|Knock Off|p1a: Braviary
|-damage|p1a: Braviary|57/100
|-enditem|p1a: Braviary|Choice Scarf|[from] move: Knock Off|[of] p2a: Ogerpon
|
|-weather|none
|upkeep
|turn|29
|
|t:|1759057591
|move|p2a: Ogerpon|U-turn|p1a: Braviary
|-resisted|p1a: Braviary
|-damage|p1a: Braviary|43/100
|
|t:|1759057592
|switch|p2a: Weezing|Weezing-Galar, M|54/100|[from] U-turn
|-ability|p2a: Weezing|Neutralizing Gas
|move|p1a: Braviary|U-turn|p2a: Weezing
|-resisted|p2a: Weezing
|-damage|p2a: Weezing|50/100
|
|t:|1759057604
|switch|p1a: Thundurus|Thundurus-Therian, M|51/100|[from] U-turn
|
|-heal|p2a: Weezing|56/100|[from] item: Leftovers
|upkeep
|turn|30
|inactive|nglimfaded has 120 seconds left.
|
|t:|1759057642
|move|p1a: Thundurus|Thunderbolt|p2a: Weezing
|-damage|p2a: Weezing|0 fnt
|faint|p2a: Weezing
|-end|p2a: Weezing|ability: Neutralizing Gas
|
|upkeep
|
|t:|1759057644
|switch|p2a: Ogerpon|Ogerpon, F|3/100
|turn|31
|
|t:|1759057658
|switch|p1a: Tyranitar|Tyranitar, F|37/100
|-damage|p1a: Tyranitar|24/100|[from] Spikes
|-weather|Sandstorm|[from] ability: Sand Stream|[of] p1a: Tyranitar
|move|p2a: Ogerpon|Knock Off|p1a: Tyranitar
|-resisted|p1a: Tyranitar
|-damage|p1a: Tyranitar|13/100
|-enditem|p1a: Tyranitar|Assault Vest|[from] move: Knock Off|[of] p2a: Ogerpon
|
|-weather|Sandstorm|[upkeep]
|-damage|p2a: Ogerpon|0 fnt|[from] Sandstorm
|faint|p2a: Ogerpon
|upkeep
|
|t:|1759057661
|switch|p2a: Alomomola|Alomomola, F|100/100 par
|turn|32
|
|t:|1759057666
|move|p2a: Alomomola|Aqua Jet|p1a: Tyranitar
|-supereffective|p1a: Tyranitar
|-damage|p1a: Tyranitar|0 fnt
|faint|p1a: Tyranitar
|
|-weather|Sandstorm|[upkeep]
|-damage|p2a: Alomomola|94/100 par|[from] Sandstorm
|upkeep
|
|t:|1759057671
|switch|p1a: Braviary|Braviary, M|43/100
|turn|33
|
|t:|1759057678
|-terastallize|p1a: Braviary|Flying
|move|p1a: Braviary|Brave Bird|p2a: Alomomola
|-damage|p2a: Alomomola|38/100 par
|-damage|p1a: Braviary|13/100|[from] Recoil
|move|p2a: Alomomola|Body Slam|p1a: Braviary
|-damage|p1a: Braviary|0 fnt
|faint|p1a: Braviary
|
|-weather|Sandstorm|[upkeep]
|-damage|p2a: Alomomola|32/100 par|[from] Sandstorm
|upkeep
|
|t:|1759057681
|switch|p1a: Thundurus|Thundurus-Therian, M|51/100
|turn|34
|
|t:|1759057686
|-terastallize|p2a: Alomomola|Normal
|move|p1a: Thundurus|Thunderbolt|p2a: Alomomola
|-damage|p2a: Alomomola|0 fnt
|faint|p2a: Alomomola
|
|win|thebacchusbraviary
|raw|thebacchusbraviary's rating: 1426 &rarr; <strong>1448</strong><br />(+22 for winning)
|raw|nglimfaded's rating: 1464 &rarr; <strong>1442</strong><br />(-22 for losing)
|l|☆nglimfaded
|player|p2|
|l|☆thebacchusbraviary
|player|p1|
