|j|☆Trainee Sword
|j|☆TouchedByJoey
|t:|1758952642
|gametype|singles
|player|p1|Trainee Sword|170|1295
|player|p2|TouchedByJoey|n|1331
|gen|9
|tier|[Gen 9] OU
|rated|
|rule|HP Percentage Mod: HP is shown in percentages
|rule|Endless Battle Clause: Forcing endless battles is banned
|rule|Species Clause: Limit one of each Pokémon
|rule|OHKO Clause: OHKO moves are banned
|rule|Evasion Items Clause: Evasion items are banned
|rule|Evasion Moves Clause: Evasion moves are banned
|rule|Evasion Abilities Clause: Evasion abilities are banned
|rule|Sleep Moves Clause: Sleep-inducing moves are banned
|clearpoke
|poke|p1|Hoopa-Unbound|
|poke|p1|Slowking-Galar, F|
|poke|p1|Alomomola, F|
|poke|p1|Great Tusk|
|poke|p1|Moltres|
|poke|p1|Gholdengo|
|poke|p2|Gliscor, M|
|poke|p2|Tyranitar, M|
|poke|p2|Rillaboom, M|
|poke|p2|Dragapult, F|
|poke|p2|Zamazenta-*|
|poke|p2|Darkrai|
|teampreview
|inactive|Battle timer is ON: inactive players will automatically lose when time's up. (requested by Trainee Sword)
|inactive|TouchedByJoey also wants the timer to be on.
|
|t:|1758952655
|teamsize|p1|6
|teamsize|p2|6
|start
|switch|p1a: Great Tusk|Great Tusk|100/100
|switch|p2a: Darkrai|Darkrai|100/100
|turn|1
|
|t:|1758952665
|move|p2a: Darkrai|Ice Beam|p1a: Great Tusk
|-supereffective|p1a: Great Tusk
|-damage|p1a: Great Tusk|0 fnt
|faint|p1a: Great Tusk
|-end|p1a: Great Tusk|Protosynthesis|[silent]
|
|upkeep
|
|t:|1758952670
|switch|p1a: Hoopa|Hoopa-Unbound|100/100
|turn|2
|
|t:|1758952681
|switch|p2a: Tyranitar|Tyranitar, M|100/100
|-weather|Sandstorm|[from] ability: Sand Stream|[of] p2a: Tyranitar
|move|p1a: Hoopa|Knock Off|p2a: Tyranitar
|-resisted|p2a: Tyranitar
|-damage|p2a: Tyranitar|80/100
|-enditem|p2a: Tyranitar|Leftovers|[from] move: Knock Off|[of] p1a: Hoopa
|
|-weather|Sandstorm|[upkeep]
|-damage|p1a: Hoopa|94/100|[from] Sandstorm
|upkeep
|turn|3
|
|t:|1758952687
|move|p1a: Hoopa|Knock Off|p2a: Tyranitar
|-resisted|p2a: Tyranitar
|-damage|p2a: Tyranitar|66/100
|move|p2a: Tyranitar|Stealth Rock|p1a: Hoopa
|-sidestart|p1: Trainee Sword|move: Stealth Rock
|
|-weather|Sandstorm|[upkeep]
|-damage|p1a: Hoopa|88/100|[from] Sandstorm
|upkeep
|turn|4
|
|t:|1758952690
|move|p1a: Hoopa|Drain Punch|p2a: Tyranitar
|-supereffective|p2a: Tyranitar
|-damage|p2a: Tyranitar|0 fnt
|-heal|p1a: Hoopa|100/100|[from] drain|[of] p2a: Tyranitar
|faint|p2a: Tyranitar
|
|-weather|Sandstorm|[upkeep]
|-damage|p1a: Hoopa|94/100|[from] Sandstorm
|upkeep
|
|t:|1758952695
|switch|p2a: Gliscor|Gliscor, M|100/100
|turn|5
|
|t:|1758952708
|move|p2a: Gliscor|Protect|p2a: Gliscor
|-singleturn|p2a: Gliscor|Protect
|move|p1a: Hoopa|Knock Off|p2a: Gliscor
|-activate|p2a: Gliscor|move: Protect
|
|-weather|Sandstorm|[upkeep]
|-damage|p1a: Hoopa|88/100|[from] Sandstorm
|-status|p2a: Gliscor|tox|[from] item: Toxic Orb
|upkeep
|turn|6
|
|t:|1758952712
|move|p2a: Gliscor|Spikes|p1a: Hoopa
|-sidestart|p1: Trainee Sword|Spikes
|move|p1a: Hoopa|Psychic Noise|p2a: Gliscor
|-damage|p2a: Gliscor|43/100 tox
|-start|p2a: Gliscor|move: Heal Block
|
|-weather|none
|upkeep
|turn|7
|
|t:|1758952718
|switch|p2a: Darkrai|Darkrai|100/100
|move|p1a: Hoopa|Psychic Noise|p2a: Darkrai
|-immune|p2a: Darkrai
|
|upkeep
|turn|8
|
|t:|1758952724
|switch|p2a: Gliscor|Gliscor, M|43/100 tox
|move|p1a: Hoopa|Knock Off|p2a: Gliscor
|-damage|p2a: Gliscor|15/100 tox
|-enditem|p2a: Gliscor|Toxic Orb|[from] move: Knock Off|[of] p1a: Hoopa
|
|-heal|p2a: Gliscor|28/100 tox|[from] ability: Poison Heal
|upkeep
|turn|9
|
|t:|1758952730
|move|p2a: Gliscor|Protect|p2a: Gliscor
|-singleturn|p2a: Gliscor|Protect
|move|p1a: Hoopa|Drain Punch|p2a: Gliscor
|-activate|p2a: Gliscor|move: Protect
|
|-heal|p2a: Gliscor|40/100 tox|[from] ability: Poison Heal
|upkeep
|turn|10
|
|t:|1758952758
|switch|p2a: Darkrai|Darkrai|100/100
|move|p1a: Hoopa|Knock Off|p2a: Darkrai
|-resisted|p2a: Darkrai
|-crit|p2a: Darkrai
|-damage|p2a: Darkrai|47/100
|-enditem|p2a: Darkrai|Heavy-Duty Boots|[from] move: Knock Off|[of] p1a: Hoopa
|
|upkeep
|turn|11
|
|t:|1758952767
|switch|p2a: Dragapult|Dragapult, F|100/100
|move|p1a: Hoopa|Psychic Noise|p2a: Dragapult
|-damage|p2a: Dragapult|26/100
|-start|p2a: Dragapult|move: Heal Block
|
|upkeep
|turn|12
|
|t:|1758952773
|switch|p1a: Moltres|Moltres|100/100
|move|p2a: Dragapult|U-turn|p1a: Moltres
|-resisted|p1a: Moltres
|-damage|p1a: Moltres|97/100
|-status|p2a: Dragapult|brn|[from] ability: Flame Body|[of] p1a: Moltres
|
|t:|1758952777
|switch|p2a: Gliscor|Gliscor, M|40/100 tox|[from] U-turn
|
|-heal|p2a: Gliscor|53/100 tox|[from] ability: Poison Heal
|upkeep
|turn|13
|
|t:|1758952781
|move|p2a: Gliscor|Spikes|p1a: Moltres
|-sidestart|p1: Trainee Sword|Spikes
|move|p1a: Moltres|Roar|p2a: Gliscor
|drag|p2a: Dragapult|Dragapult, F|26/100 brn
|
|-damage|p2a: Dragapult|20/100 brn|[from] brn
|upkeep
|turn|14
|
|t:|1758952788
|move|p2a: Dragapult|U-turn|p1a: Moltres
|-resisted|p1a: Moltres
|-damage|p1a: Moltres|96/100
|
|t:|1758952790
|switch|p2a: Gliscor|Gliscor, M|53/100 tox|[from] U-turn
|move|p1a: Moltres|U-turn|p2a: Gliscor
|-resisted|p2a: Gliscor
|-damage|p2a: Gliscor|49/100 tox
|
|t:|1758952793
|switch|p1a: Hoopa|Hoopa-Unbound|88/100|[from] U-turn
|-damage|p1a: Hoopa|76/100|[from] Stealth Rock
|-damage|p1a: Hoopa|60/100|[from] Spikes
|
|-heal|p2a: Gliscor|61/100 tox|[from] ability: Poison Heal
|upkeep
|turn|15
|
|t:|1758952802
|move|p2a: Gliscor|Protect|p2a: Gliscor
|-singleturn|p2a: Gliscor|Protect
|move|p1a: Hoopa|Psychic Noise|p2a: Gliscor
|-activate|p2a: Gliscor|move: Protect
|
|-heal|p2a: Gliscor|74/100 tox|[from] ability: Poison Heal
|upkeep
|turn|16
|
|t:|1758952808
|move|p2a: Gliscor|Toxic|p1a: Hoopa
|-status|p1a: Hoopa|tox
|move|p1a: Hoopa|Psychic Noise|p2a: Gliscor
|-damage|p2a: Gliscor|19/100 tox
|-start|p2a: Gliscor|move: Heal Block
|
|-damage|p1a: Hoopa|54/100 tox|[from] psn
|upkeep
|turn|17
|
|t:|1758952812
|move|p2a: Gliscor|Protect|p2a: Gliscor
|-singleturn|p2a: Gliscor|Protect
|move|p1a: Hoopa|Knock Off|p2a: Gliscor
|-activate|p2a: Gliscor|move: Protect
|
|-damage|p1a: Hoopa|41/100 tox|[from] psn
|-end|p2a: Gliscor|move: Heal Block
|upkeep
|turn|18
|
|t:|1758952822
|switch|p2a: Dragapult|Dragapult, F|20/100 brn
|move|p1a: Hoopa|Knock Off|p2a: Dragapult
|-supereffective|p2a: Dragapult
|-damage|p2a: Dragapult|0 fnt
|-enditem|p2a: Dragapult|Heavy-Duty Boots|[from] move: Knock Off|[of] p1a: Hoopa
|faint|p2a: Dragapult
|
|-damage|p1a: Hoopa|23/100 tox|[from] psn
|upkeep
|
|t:|1758952824
|switch|p2a: Darkrai|Darkrai|47/100
|turn|19
|
|t:|1758952834
|move|p2a: Darkrai|Knock Off|p1a: Hoopa
|-damage|p1a: Hoopa|0 fnt
|-enditem|p1a: Hoopa|Assault Vest|[from] move: Knock Off|[of] p2a: Darkrai
|faint|p1a: Hoopa
|
|upkeep
|
|t:|1758952842
|switch|p1a: Alomomola|Alomomola, F|100/100
|turn|20
|
|t:|1758952847
|move|p2a: Darkrai|Knock Off|p1a: Alomomola
|-damage|p1a: Alomomola|86/100
|-enditem|p1a: Alomomola|Heavy-Duty Boots|[from] move: Knock Off|[of] p2a: Darkrai
|move|p1a: Alomomola|Scald|p2a: Darkrai
|-damage|p2a: Darkrai|29/100
|
|upkeep
|turn|21
|
|t:|1758952856
|move|p2a: Darkrai|Dark Pulse|p1a: Alomomola
|-damage|p1a: Alomomola|48/100
|move|p1a: Alomomola|Flip Turn|p2a: Darkrai
|-damage|p2a: Darkrai|7/100
|
|t:|1758952859
|switch|p1a: Moltres|Moltres|96/100|[from] Flip Turn
|
|upkeep
|turn|22
|
|t:|1758952863
|move|p2a: Darkrai|Dark Pulse|p1a: Moltres
|-damage|p1a: Moltres|54/100
|move|p1a: Moltres|Flamethrower|p2a: Darkrai
|-damage|p2a: Darkrai|0 fnt
|faint|p2a: Darkrai
|
|upkeep
|
|t:|1758952867
|switch|p2a: Rillaboom|Rillaboom, M|100/100
|-fieldstart|move: Grassy Terrain|[from] ability: Grassy Surge|[of] p2a: Rillaboom
|turn|23
|
|t:|1758952878
|switch|p2a: Gliscor|Gliscor, M|19/100 tox
|move|p1a: Moltres|Roost|p1a: Moltres
|-heal|p1a: Moltres|100/100
|-singleturn|p1a: Moltres|move: Roost
|
|-heal|p2a: Gliscor|31/100 tox|[from] ability: Poison Heal
|upkeep
|turn|24
|
|t:|1758952883
|move|p2a: Gliscor|Protect|p2a: Gliscor
|-singleturn|p2a: Gliscor|Protect
|move|p1a: Moltres|Roar|p2a: Gliscor
|drag|p2a: Rillaboom|Rillaboom, M|100/100
|
|upkeep
|turn|25
|
|t:|1758952890
|move|p2a: Rillaboom|Knock Off|p1a: Moltres
|-damage|p1a: Moltres|64/100
|-enditem|p1a: Moltres|Heavy-Duty Boots|[from] move: Knock Off|[of] p2a: Rillaboom
|move|p1a: Moltres|Flamethrower|p2a: Rillaboom
|-supereffective|p2a: Rillaboom
|-damage|p2a: Rillaboom|5/100
|
|-heal|p2a: Rillaboom|11/100|[from] Grassy Terrain
|upkeep
|turn|26
|
|t:|1758952895
|move|p2a: Rillaboom|Knock Off|p1a: Moltres
|-damage|p1a: Moltres|41/100
|move|p1a: Moltres|Flamethrower|p2a: Rillaboom
|-supereffective|p2a: Rillaboom
|-damage|p2a: Rillaboom|0 fnt
|faint|p2a: Rillaboom
|
|upkeep
|
|t:|1758952897
|switch|p2a: Gliscor|Gliscor, M|31/100 tox
|turn|27
|
|t:|1758952903
|move|p2a: Gliscor|Toxic|p1a: Moltres
|-status|p1a: Moltres|tox
|move|p1a: Moltres|Roar|p2a: Gliscor
|drag|p2a: Zamazenta|Zamazenta|100/100
|-ability|p2a: Zamazenta|Dauntless Shield|boost
|-boost|p2a: Zamazenta|def|1
|
|-damage|p1a: Moltres|35/100 tox|[from] psn
|-fieldend|move: Grassy Terrain
|upkeep
|turn|28
|
|t:|1758952909
|switch|p2a: Gliscor|Gliscor, M|31/100 tox
|move|p1a: Moltres|Flamethrower|p2a: Gliscor
|-damage|p2a: Gliscor|0 fnt
|faint|p2a: Gliscor
|
|-damage|p1a: Moltres|23/100 tox|[from] psn
|upkeep
|
|t:|1758952910
|switch|p2a: Zamazenta|Zamazenta|100/100
|turn|29
|
|t:|1758952914
|move|p2a: Zamazenta|Body Press|p1a: Moltres
|-resisted|p1a: Moltres
|-damage|p1a: Moltres|11/100 tox
|-status|p2a: Zamazenta|brn|[from] ability: Flame Body|[of] p1a: Moltres
|move|p1a: Moltres|Flamethrower|p2a: Zamazenta
|-damage|p2a: Zamazenta|71/100 brn
|
|-heal|p2a: Zamazenta|77/100 brn|[from] item: Leftovers
|-damage|p1a: Moltres|0 fnt|[from] psn
|faint|p1a: Moltres
|-damage|p2a: Zamazenta|71/100 brn|[from] brn
|upkeep
|
|t:|1758952917
|switch|p1a: Gholdengo|Gholdengo|100/100
|-damage|p1a: Gholdengo|94/100|[from] Stealth Rock
|-item|p1a: Gholdengo|Air Balloon
|turn|30
|
|t:|1758952925
|-terastallize|p2a: Zamazenta|Fire
|move|p2a: Zamazenta|Crunch|p1a: Gholdengo
|-supereffective|p1a: Gholdengo
|-damage|p1a: Gholdengo|79/100
|-enditem|p1a: Gholdengo|Air Balloon
|move|p1a: Gholdengo|Nasty Plot|p1a: Gholdengo
|-boost|p1a: Gholdengo|spa|2
|
|-heal|p2a: Zamazenta|77/100 brn|[from] item: Leftovers
|-damage|p2a: Zamazenta|71/100 brn|[from] brn
|upkeep
|turn|31
|-message|TouchedByJoey forfeited.
|
|win|Trainee Sword
|raw|Trainee Sword's rating: 1295 &rarr; <strong>1323</strong><br />(+28 for winning)
|raw|TouchedByJoey's rating: 1331 &rarr; <strong>1309</strong><br />(-22 for losing)
|l|☆TouchedByJoey
|player|p2|
|l|☆Trainee Sword
|player|p1|
|j|☆Trainee Sword
|player|p1|Trainee Sword|170|
|l|☆Trainee Sword
|player|p1|
|j|☆Trainee Sword
|player|p1|Trainee Sword|170|
