|badge|p2|bronze|gen9ou|100-6
|html|<div class="broadcast-red"><strong>This battle is required to be public due to one or more player having a season medal.</strong><br />During the public phase, you can discuss the state of the ladder <a href="/seasondiscussion">in a special chatroom.</a></div>
|uhtml|medal-msg|<div class="broadcast-blue">Curious what those medals under the avatar are? PS now has Ladder Seasons! For more information, check out the <a href="https://www.smogon.com/forums/threads/3740067/">thread on Smogon.</a></div>
|raw|<div class="broadcast-blue"><strong>This battle is required to be public due to a player having a name starting with 'medal'.</div>
|j|☆silksong is up
|j|☆MunchlaxTheGodKing
|t:|1759073133
|gametype|singles
|player|p1|silksong is up|hilbert-wonderlauncher|1839
|player|p2|MunchlaxTheGodKing|furisodegirl-black|1852
|gen|9
|tier|[Gen 9] OU
|rated|
|rule|HP Percentage Mod: HP is shown in percentages
|rule|Endless Battle Clause: Forcing endless battles is banned
|rule|Species Clause: Limit one of each Pokémon
|rule|OHKO Clause: OHKO moves are banned
|rule|Evasion Items Clause: Evasion items are banned
|rule|Evasion Moves Clause: Evasion moves are banned
|rule|Evasion Abilities Clause: Evasion abilities are banned
|rule|Sleep Moves Clause: Sleep-inducing moves are banned
|clearpoke
|poke|p1|Enamorus, F|
|poke|p1|Great Tusk|
|poke|p1|Iron Crown|
|poke|p1|Lokix, M|
|poke|p1|Alomomola, M|
|poke|p1|Pecharunt|
|poke|p2|Zamazenta-*|
|poke|p2|Dragapult, F|
|poke|p2|Raging Bolt|
|poke|p2|Moltres|
|poke|p2|Iron Treads|
|poke|p2|Samurott-Hisui, M|
|teampreview
|inactive|Battle timer is ON: inactive players will automatically lose when time's up. (requested by MunchlaxTheGodKing)
|
|t:|1759073143
|teamsize|p1|6
|teamsize|p2|6
|start
|switch|p1a: Gin|Enamorus, F, shiny|100/100
|switch|p2a: 踩踩背|Iron Treads|100/100
|turn|1
|
|t:|1759073145
|switch|p1a: Pisces|Alomomola, M, shiny|100/100
|move|p2a: 踩踩背|Knock Off|p1a: Pisces
|-damage|p1a: Pisces|85/100
|-enditem|p1a: Pisces|Assault Vest|[from] move: Knock Off|[of] p2a: 踩踩背
|
|upkeep
|turn|2
|
|t:|1759073149
|move|p2a: 踩踩背|Stealth Rock|p1a: Pisces
|-sidestart|p1: silksong is up|move: Stealth Rock
|move|p1a: Pisces|Scald|p2a: 踩踩背
|-supereffective|p2a: 踩踩背
|-damage|p2a: 踩踩背|76/100
|
|-heal|p2a: 踩踩背|82/100|[from] item: Leftovers
|upkeep
|turn|3
|
|t:|1759073157
|-end|p2a: 踩踩背|Quark Drive|[silent]
|switch|p2a: 90%≠don't blunder|Samurott-Hisui, M|100/100
|move|p1a: Pisces|Flip Turn|p2a: 90%≠don't blunder
|-resisted|p2a: 90%≠don't blunder
|-damage|p2a: 90%≠don't blunder|90/100
|
|t:|1759073169
|switch|p1a: Edgar|Lokix, M, shiny|100/100|[from] Flip Turn
|-damage|p1a: Edgar|76/100|[from] Stealth Rock
|
|upkeep
|turn|4
|
|t:|1759073175
|switch|p2a: Moltres|Moltres|100/100
|move|p1a: Edgar|Knock Off|p2a: Moltres
|-damage|p2a: Moltres|27/100
|-enditem|p2a: Moltres|Heavy-Duty Boots|[from] move: Knock Off|[of] p1a: Edgar
|
|upkeep
|turn|5
|
|t:|1759073189
|move|p1a: Edgar|Knock Off|p2a: Moltres
|-damage|p2a: Moltres|0 fnt
|-status|p1a: Edgar|brn|[from] ability: Flame Body|[of] p2a: Moltres
|faint|p2a: Moltres
|
|-damage|p1a: Edgar|70/100 brn|[from] brn
|upkeep
|j| heatraniac
|
|t:|1759073196
|switch|p2a: 90%≠don't blunder|Samurott-Hisui, M|90/100
|turn|6
|j| FaronAan
|
|t:|1759073198
|switch|p1a: Behemoth|Great Tusk, shiny|100/100
|move|p2a: 90%≠don't blunder|Razor Shell|p1a: Behemoth
|-supereffective|p1a: Behemoth
|-damage|p1a: Behemoth|0 fnt
|faint|p1a: Behemoth
|-end|p1a: Behemoth|Protosynthesis|[silent]
|
|upkeep
|
|t:|1759073202
|switch|p1a: Gin|Enamorus, F, shiny|100/100
|-damage|p1a: Gin|76/100|[from] Stealth Rock
|turn|7
|j| moodrandom
|
|t:|1759073206
|switch|p2a: 踩踩背|Iron Treads|82/100
|move|p1a: Gin|Earth Power|p2a: 踩踩背
|-supereffective|p2a: 踩踩背
|-damage|p2a: 踩踩背|24/100
|
|-heal|p2a: 踩踩背|30/100|[from] item: Leftovers
|upkeep
|turn|8
|
|t:|1759073211
|move|p1a: Gin|Earth Power|p2a: 踩踩背
|-supereffective|p2a: 踩踩背
|-damage|p2a: 踩踩背|0 fnt
|faint|p2a: 踩踩背
|-end|p2a: 踩踩背|Quark Drive|[silent]
|
|upkeep
|
|t:|1759073217
|switch|p2a: 脑袋尖尖的|Zamazenta|100/100
|-ability|p2a: 脑袋尖尖的|Dauntless Shield|boost
|-boost|p2a: 脑袋尖尖的|def|1
|turn|9
|
|t:|1759073220
|switch|p1a: Pisces|Alomomola, M, shiny|100/100
|-damage|p1a: Pisces|88/100|[from] Stealth Rock
|move|p2a: 脑袋尖尖的|Psychic Fangs|p1a: Pisces
|-damage|p1a: Pisces|64/100
|-damage|p2a: 脑袋尖尖的|91/100|[from] item: Life Orb
|
|upkeep
|turn|10
|l| heatraniac
|
|t:|1759073232
|switch|p2a: 长脖奶龙|Raging Bolt|100/100
|switch|p1a: Overseer|Pecharunt|100/100
|
|upkeep
|turn|11
|
|t:|1759073241
|switch|p1a: Pisces|Alomomola, M, shiny|97/100
|-damage|p1a: Pisces|85/100|[from] Stealth Rock
|move|p2a: 长脖奶龙|Volt Switch|p1a: Pisces
|-supereffective|p1a: Pisces
|-damage|p1a: Pisces|16/100
|
|t:|1759073244
|-end|p2a: 长脖奶龙|Protosynthesis|[silent]
|switch|p2a: 90%≠don't blunder|Samurott-Hisui, M|90/100|[from] Volt Switch
|
|upkeep
|turn|12
|
|t:|1759073249
|switch|p1a: Edgar|Lokix, M, shiny|70/100 brn
|-damage|p1a: Edgar|45/100 brn|[from] Stealth Rock
|move|p2a: 90%≠don't blunder|Ceaseless Edge|p1a: Edgar
|-resisted|p1a: Edgar
|-damage|p1a: Edgar|0 fnt
|-sidestart|p1: silksong is up|Spikes
|faint|p1a: Edgar
|
|upkeep
|
|t:|1759073253
|switch|p1a: Gin|Enamorus, F, shiny|76/100
|-damage|p1a: Gin|51/100|[from] Stealth Rock
|turn|13
|
|t:|1759073270
|switch|p2a: 脑袋尖尖的|Zamazenta|91/100
|move|p1a: Gin|Moonblast|p2a: 脑袋尖尖的
|-supereffective|p2a: 脑袋尖尖的
|-damage|p2a: 脑袋尖尖的|0 fnt
|faint|p2a: 脑袋尖尖的
|
|upkeep
|
|t:|1759073276
|switch|p2a: 长脖奶龙|Raging Bolt|100/100
|turn|14
|
|t:|1759073278
|-terastallize|p2a: 长脖奶龙|Fairy
|move|p1a: Gin|Moonblast|p2a: 长脖奶龙
|-damage|p2a: 长脖奶龙|47/100
|-unboost|p2a: 长脖奶龙|spa|1
|move|p2a: 长脖奶龙|Volt Switch|p1a: Gin
|-supereffective|p1a: Gin
|-damage|p1a: Gin|0 fnt
|faint|p1a: Gin
|
|t:|1759073285
|-end|p2a: 长脖奶龙|Protosynthesis|[silent]
|switch|p2a: 24岁 喜欢发射孩子|Dragapult, F|100/100|[from] Volt Switch
|
|upkeep
|
|t:|1759073291
|switch|p1a: Braveheart|Iron Crown|100/100
|-damage|p1a: Braveheart|94/100|[from] Stealth Rock
|-damage|p1a: Braveheart|82/100|[from] Spikes
|turn|15
|
|t:|1759073296
|-terastallize|p1a: Braveheart|Steel
|move|p2a: 24岁 喜欢发射孩子|Shadow Ball|p1a: Braveheart
|-damage|p1a: Braveheart|28/100
|move|p1a: Braveheart|Tachyon Cutter|p2a: 24岁 喜欢发射孩子
|-damage|p2a: 24岁 喜欢发射孩子|33/100
|-damage|p2a: 24岁 喜欢发射孩子|0 fnt
|faint|p2a: 24岁 喜欢发射孩子
|-hitcount|p2: 24岁 喜欢发射孩子|2
|
|upkeep
|
|t:|1759073303
|switch|p2a: 长脖奶龙|Raging Bolt, tera:Fairy|47/100
|turn|16
|
|t:|1759073306
|-end|p1a: Braveheart|Quark Drive|[silent]
|switch|p1a: Overseer|Pecharunt|100/100
|move|p2a: 长脖奶龙|Thunderclap||[still]
|-fail|p2a: 长脖奶龙
|
|upkeep
|turn|17
|
|t:|1759073310
|move|p2a: 长脖奶龙|Volt Switch|p1a: Overseer
|-damage|p1a: Overseer|55/100
|
|t:|1759073312
|-end|p2a: 长脖奶龙|Protosynthesis|[silent]
|switch|p2a: 90%≠don't blunder|Samurott-Hisui, M|90/100|[from] Volt Switch
|move|p1a: Overseer|Malignant Chain|p2a: 90%≠don't blunder
|-damage|p2a: 90%≠don't blunder|43/100
|-status|p2a: 90%≠don't blunder|tox
|-start|p2a: 90%≠don't blunder|confusion|[from] ability: Poison Puppeteer|[of] p1a: Overseer
|
|-damage|p2a: 90%≠don't blunder|36/100 tox|[from] psn
|upkeep
|turn|18
|
|t:|1759073317
|-activate|p2a: 90%≠don't blunder|confusion
|move|p2a: 90%≠don't blunder|Ceaseless Edge|p1a: Overseer
|-supereffective|p1a: Overseer
|-damage|p1a: Overseer|0 fnt
|-sidestart|p1: silksong is up|Spikes
|faint|p1a: Overseer
|
|-damage|p2a: 90%≠don't blunder|24/100 tox|[from] psn
|upkeep
|
|t:|1759073323
|switch|p1a: Braveheart|Iron Crown, tera:Steel|28/100
|-damage|p1a: Braveheart|22/100|[from] Stealth Rock
|-damage|p1a: Braveheart|5/100|[from] Spikes
|turn|19
|
|t:|1759073329
|move|p1a: Braveheart|Tachyon Cutter|p2a: 90%≠don't blunder
|-resisted|p2a: 90%≠don't blunder
|-damage|p2a: 90%≠don't blunder|0 fnt
|faint|p2a: 90%≠don't blunder
|-hitcount|p2: 90%≠don't blunder|1
|
|upkeep
|
|t:|1759073331
|switch|p2a: 长脖奶龙|Raging Bolt, tera:Fairy|47/100
|turn|20
|
|t:|1759073333
|-end|p1a: Braveheart|Quark Drive|[silent]
|switch|p1a: Pisces|Alomomola, M, shiny|49/100
|-damage|p1a: Pisces|37/100|[from] Stealth Rock
|-damage|p1a: Pisces|20/100|[from] Spikes
|move|p2a: 长脖奶龙|Thunderclap||[still]
|-fail|p2a: 长脖奶龙
|
|upkeep
|turn|21
|c|☆silksong is up|gg
|-message|silksong is up forfeited.
|
|win|MunchlaxTheGodKing
|raw|silksong is up's rating: 1839 &rarr; <strong>1820</strong><br />(-19 for losing)
|raw|MunchlaxTheGodKing's rating: 1852 &rarr; <strong>1871</strong><br />(+19 for winning)
|l|☆silksong is up
|player|p1|
|l|☆MunchlaxTheGodKing
|player|p2|
|l| FaronAan
|l| moodrandom
