|j|☆haocai99
|j|☆SpinAga1n
|t:|1758975994
|gametype|singles
|player|p1|haocai99|102|1141
|player|p2|SpinAga1n|dawn-gen4pt|1196
|gen|9
|tier|[Gen 9] OU
|rated|
|rule|HP Percentage Mod: HP is shown in percentages
|rule|Endless Battle Clause: Forcing endless battles is banned
|rule|Species Clause: Limit one of each Pokémon
|rule|OHKO Clause: OHKO moves are banned
|rule|Evasion Items Clause: Evasion items are banned
|rule|Evasion Moves Clause: Evasion moves are banned
|rule|Evasion Abilities Clause: Evasion abilities are banned
|rule|Sleep Moves Clause: Sleep-inducing moves are banned
|clearpoke
|poke|p1|Kleavor, M|
|poke|p1|Dragonite, M|
|poke|p1|Quaquaval, M|
|poke|p1|Garchomp, M|
|poke|p1|Cinderace, M|
|poke|p1|Kingambit, M|
|poke|p2|Araquanid, M|
|poke|p2|Iron Valiant|
|poke|p2|Scizor, F|
|poke|p2|Darkrai|
|poke|p2|Tyranitar, F|
|poke|p2|Excadrill, M|
|teampreview
|inactive|Battle timer is ON: inactive players will automatically lose when time's up. (requested by SpinAga1n)
|
|t:|1758976003
|teamsize|p1|6
|teamsize|p2|6
|start
|switch|p1a: Kleavor|Kleavor, M, shiny|100/100
|switch|p2a: Scizor|Scizor, F|100/100
|turn|1
|
|t:|1758976018
|move|p2a: Scizor|Bullet Punch|p1a: Kleavor
|-supereffective|p1a: Kleavor
|-damage|p1a: Kleavor|10/100
|-damage|p2a: Scizor|91/100|[from] item: Life Orb
|move|p1a: Kleavor|Stone Axe|p2a: Scizor
|-damage|p2a: Scizor|36/100
|-sidestart|p2: SpinAga1n|move: Stealth Rock
|
|upkeep
|turn|2
|
|t:|1758976029
|move|p2a: Scizor|Bullet Punch|p1a: Kleavor
|-supereffective|p1a: Kleavor
|-damage|p1a: Kleavor|0 fnt
|faint|p1a: Kleavor
|-damage|p2a: Scizor|26/100|[from] item: Life Orb
|
|upkeep
|
|t:|1758976041
|switch|p1a: Cinderace|Cinderace, M, shiny|100/100
|turn|3
|
|t:|1758976049
|move|p1a: Cinderace|Sucker Punch|p2a: Scizor
|-start|p1a: Cinderace|typechange|Dark|[from] ability: Libero
|-damage|p2a: Scizor|0 fnt
|faint|p2a: Scizor
|
|upkeep
|
|t:|1758976065
|switch|p2a: Araquanid|Araquanid, M|100/100
|-damage|p2a: Araquanid|76/100|[from] Stealth Rock
|turn|4
|
|t:|1758976074
|move|p1a: Cinderace|Electro Ball|p2a: Araquanid
|-supereffective|p2a: Araquanid
|-damage|p2a: Araquanid|57/100
|move|p2a: Araquanid|Liquidation|p1a: Cinderace
|-damage|p1a: Cinderace|12/100
|
|-heal|p2a: Araquanid|63/100|[from] item: Leftovers
|upkeep
|turn|5
|
|t:|1758976085
|move|p1a: Cinderace|Sucker Punch||[still]
|-fail|p1a: Cinderace
|move|p2a: Araquanid|Sticky Web|p1a: Cinderace
|-sidestart|p1: haocai99|move: Sticky Web
|
|-heal|p2a: Araquanid|69/100|[from] item: Leftovers
|upkeep
|turn|6
|
|t:|1758976095
|switch|p2a: Darkrai|Darkrai, shiny|100/100
|move|p1a: Cinderace|Sucker Punch||[still]
|-fail|p1a: Cinderace
|
|upkeep
|turn|7
|
|t:|1758976105
|move|p2a: Darkrai|Dark Pulse|p1a: Cinderace
|-resisted|p1a: Cinderace
|-damage|p1a: Cinderace|0 fnt
|faint|p1a: Cinderace
|
|upkeep
|
|t:|1758976115
|switch|p1a: Quaquaval|Quaquaval, M, shiny|100/100
|-activate|p1a: Quaquaval|move: Sticky Web
|-unboost|p1a: Quaquaval|spe|1
|turn|8
|
|t:|1758976123
|switch|p2a: Iron Valiant|Iron Valiant|100/100
|move|p1a: Quaquaval|Close Combat|p2a: Iron Valiant
|-resisted|p2a: Iron Valiant
|-damage|p2a: Iron Valiant|56/100
|-unboost|p1a: Quaquaval|def|1
|-unboost|p1a: Quaquaval|spd|1
|
|upkeep
|turn|9
|
|t:|1758976135
|move|p2a: Iron Valiant|Spirit Break|p1a: Quaquaval
|-supereffective|p1a: Quaquaval
|-damage|p1a: Quaquaval|0 fnt
|faint|p1a: Quaquaval
|
|upkeep
|
|t:|1758976144
|switch|p1a: Garchomp|Garchomp, M, shiny|100/100
|-activate|p1a: Garchomp|move: Sticky Web
|-unboost|p1a: Garchomp|spe|1
|turn|10
|
|t:|1758976164
|move|p2a: Iron Valiant|Swords Dance|p2a: Iron Valiant
|-boost|p2a: Iron Valiant|atk|2
|move|p1a: Garchomp|Dragon Claw|p2a: Iron Valiant
|-immune|p2a: Iron Valiant
|
|upkeep
|turn|11
|
|t:|1758976173
|move|p2a: Iron Valiant|Ice Punch|p1a: Garchomp
|-supereffective|p1a: Garchomp
|-damage|p1a: Garchomp|0 fnt
|-damage|p2a: Iron Valiant|44/100|[from] ability: Rough Skin|[of] p1a: Garchomp
|-damage|p2a: Iron Valiant|27/100|[from] item: Rocky Helmet|[of] p1a: Garchomp
|faint|p1a: Garchomp
|
|upkeep
|
|t:|1758976183
|switch|p1a: Dragonite|Dragonite, M, shiny|100/100
|turn|12
|
|t:|1758976191
|move|p1a: Dragonite|Extreme Speed|p2a: Iron Valiant
|-damage|p2a: Iron Valiant|0 fnt
|faint|p2a: Iron Valiant
|-end|p2a: Iron Valiant|Quark Drive|[silent]
|
|upkeep
|
|t:|1758976197
|switch|p2a: Tyranitar|Tyranitar, F|100/100
|-weather|Sandstorm|[from] ability: Sand Stream|[of] p2a: Tyranitar
|turn|13
|
|t:|1758976205
|move|p1a: Dragonite|Earthquake|p2a: Tyranitar
|-supereffective|p2a: Tyranitar
|-damage|p2a: Tyranitar|22/100
|move|p2a: Tyranitar|Ice Punch|p1a: Dragonite
|-supereffective|p1a: Dragonite
|-crit|p1a: Dragonite
|-damage|p1a: Dragonite|9/100
|
|-weather|Sandstorm|[upkeep]
|-damage|p1a: Dragonite|3/100|[from] Sandstorm
|upkeep
|turn|14
|
|t:|1758976217
|move|p1a: Dragonite|Extreme Speed|p2a: Tyranitar
|-resisted|p2a: Tyranitar
|-damage|p2a: Tyranitar|7/100
|move|p2a: Tyranitar|Knock Off|p1a: Dragonite
|-damage|p1a: Dragonite|0 fnt
|-enditem|p1a: Dragonite|Heavy-Duty Boots|[from] move: Knock Off|[of] p2a: Tyranitar
|faint|p1a: Dragonite
|
|-weather|Sandstorm|[upkeep]
|upkeep
|
|t:|1758976229
|switch|p1a: Kingambit|Kingambit, M, shiny|100/100
|-activate|p1a: Kingambit|move: Sticky Web
|-unboost|p1a: Kingambit|spe|1
|-activate|p1a: Kingambit|ability: Supreme Overlord
|-start|p1a: Kingambit|fallen5|[silent]
|turn|15
|
|t:|1758976237
|move|p2a: Tyranitar|Earthquake|p1a: Kingambit
|-supereffective|p1a: Kingambit
|-damage|p1a: Kingambit|48/100
|move|p1a: Kingambit|Brick Break|p2a: Tyranitar
|-supereffective|p2a: Tyranitar
|-damage|p2a: Tyranitar|0 fnt
|faint|p2a: Tyranitar
|
|-weather|Sandstorm|[upkeep]
|upkeep
|
|t:|1758976247
|switch|p2a: Excadrill|Excadrill, M|100/100
|-damage|p2a: Excadrill|97/100|[from] Stealth Rock
|-item|p2a: Excadrill|Air Balloon
|turn|16
|
|t:|1758976269
|move|p2a: Excadrill|Earthquake|p1a: Kingambit
|-supereffective|p1a: Kingambit
|-damage|p1a: Kingambit|0 fnt
|faint|p1a: Kingambit
|-end|p1a: Kingambit|fallen5|[silent]
|
|win|SpinAga1n
|raw|haocai99's rating: 1141 &rarr; <strong>1120</strong><br />(-21 for losing)
|raw|SpinAga1n's rating: 1196 &rarr; <strong>1217</strong><br />(+21 for winning)
