|j|☆MMQZA18
|j|☆digiwayne003
|t:|1759035284
|gametype|singles
|player|p1|MMQZA18|fisherman-gen4|1516
|player|p2|digiwayne003|beauty|1542
|gen|9
|tier|[Gen 9] OU
|rated|
|rule|HP Percentage Mod: HP is shown in percentages
|rule|Endless Battle Clause: Forcing endless battles is banned
|rule|Species Clause: Limit one of each Pokémon
|rule|OHKO Clause: OHKO moves are banned
|rule|Evasion Items Clause: Evasion items are banned
|rule|Evasion Moves Clause: Evasion moves are banned
|rule|Evasion Abilities Clause: Evasion abilities are banned
|rule|Sleep Moves Clause: Sleep-inducing moves are banned
|clearpoke
|poke|p1|Charizard, M|
|poke|p1|Torkoal, F|
|poke|p1|Hatterene, F|
|poke|p1|Great Tusk|
|poke|p1|Lilligant-Hisui, F|
|poke|p1|Walking Wake|
|poke|p2|Armarouge, F|
|poke|p2|Indeedee, M|
|poke|p2|Deoxys-Speed|
|poke|p2|Volcanion|
|poke|p2|Ting-Lu|
|poke|p2|Great Tusk|
|teampreview
|
|t:|1759035290
|teamsize|p1|6
|teamsize|p2|6
|start
|switch|p1a: 河内恭介|Torkoal, F|100/100
|switch|p2a: Indeedee|Indeedee, M|100/100
|-fieldstart|move: Psychic Terrain|[from] ability: Psychic Surge|[of] p2a: Indeedee
|-weather|SunnyDay|[from] ability: Drought|[of] p1a: 河内恭介
|turn|1
|
|t:|1759035294
|switch|p1a: 梓川月乃|Hatterene, F|100/100
|move|p2a: Indeedee|Shadow Ball|p1a: 梓川月乃
|-supereffective|p1a: 梓川月乃
|-damage|p1a: 梓川月乃|56/100
|-unboost|p1a: 梓川月乃|spd|1
|-enditem|p1a: 梓川月乃|Eject Button
|inactive|Battle timer is ON: inactive players will automatically lose when time's up. (requested by digiwayne003)
|
|t:|1759035319
|switch|p1a: 东和马|Charizard, M|100/100
|
|-weather|SunnyDay|[upkeep]
|-damage|p1a: 东和马|88/100|[from] ability: Solar Power|[of] p1a: 东和马
|upkeep
|turn|2
|
|t:|1759035333
|switch|p2a: Ting-Lu|Ting-Lu|100/100
|-ability|p2a: Ting-Lu|Vessel of Ruin
|-terastallize|p1a: 东和马|Fire
|move|p1a: 东和马|Overheat|p2a: Ting-Lu
|-damage|p2a: Ting-Lu|0 fnt
|-unboost|p1a: 东和马|spa|2
|faint|p2a: Ting-Lu
|
|-weather|SunnyDay|[upkeep]
|-damage|p1a: 东和马|76/100|[from] ability: Solar Power|[of] p1a: 东和马
|upkeep
|
|t:|1759035340
|switch|p2a: Deoxys|Deoxys-Speed|100/100
|-ability|p2a: Deoxys|Pressure
|turn|3
|
|t:|1759035343
|switch|p1a: 梓川月乃|Hatterene, F|56/100
|move|p2a: Deoxys|Psyshock|p1a: 梓川月乃
|-resisted|p1a: 梓川月乃
|-damage|p1a: 梓川月乃|36/100
|
|-weather|SunnyDay|[upkeep]
|upkeep
|turn|4
|
|t:|1759035369
|switch|p2a: Great Tusk|Great Tusk|100/100
|-activate|p2a: Great Tusk|ability: Protosynthesis
|-start|p2a: Great Tusk|protosynthesisspe
|move|p1a: 梓川月乃|Nuzzle|p2a: Great Tusk
|-immune|p2a: Great Tusk
|
|-weather|SunnyDay|[upkeep]
|upkeep
|turn|5
|
|t:|1759035386
|switch|p1a: 诹访原戒|Lilligant-Hisui, F|100/100
|-terastallize|p2a: Great Tusk|Fire
|move|p2a: Great Tusk|Rapid Spin|p1a: 诹访原戒
|-damage|p1a: 诹访原戒|79/100
|-boost|p2a: Great Tusk|spe|1
|
|-weather|SunnyDay|[upkeep]
|upkeep
|turn|6
|
|t:|1759035399
|move|p2a: Great Tusk|Ice Spinner|p1a: 诹访原戒
|-supereffective|p1a: 诹访原戒
|-damage|p1a: 诹访原戒|9/100
|-fieldend|move: Psychic Terrain
|move|p1a: 诹访原戒|Close Combat|p2a: Great Tusk
|-damage|p2a: Great Tusk|46/100
|-unboost|p1a: 诹访原戒|def|1
|-unboost|p1a: 诹访原戒|spd|1
|-damage|p1a: 诹访原戒|0 fnt|[from] item: Life Orb
|faint|p1a: 诹访原戒
|
|-weather|SunnyDay|[upkeep]
|upkeep
|
|t:|1759035409
|switch|p1a: 松代健|Great Tusk|100/100
|-activate|p1a: 松代健|ability: Protosynthesis
|-start|p1a: 松代健|protosynthesisatk
|turn|7
|
|t:|1759035414
|move|p2a: Great Tusk|Bulk Up|p2a: Great Tusk
|-boost|p2a: Great Tusk|atk|1
|-boost|p2a: Great Tusk|def|1
|move|p1a: 松代健|Headlong Rush|p2a: Great Tusk
|-supereffective|p2a: Great Tusk
|-damage|p2a: Great Tusk|0 fnt
|-unboost|p1a: 松代健|def|1
|-unboost|p1a: 松代健|spd|1
|faint|p2a: Great Tusk
|-end|p2a: Great Tusk|Protosynthesis|[silent]
|-enditem|p1a: 松代健|Eject Pack
|
|t:|1759035428
|-end|p1a: 松代健|Protosynthesis|[silent]
|switch|p1a: 东和马|Charizard, M, tera:Fire|76/100
|
|-weather|SunnyDay|[upkeep]
|-damage|p1a: 东和马|63/100|[from] ability: Solar Power|[of] p1a: 东和马
|upkeep
|
|t:|1759035440
|switch|p2a: Volcanion|Volcanion|100/100
|turn|8
|
|t:|1759035451
|move|p1a: 东和马|Solar Beam||[still]
|-prepare|p1a: 东和马|Solar Beam
|-anim|p1a: 东和马|Solar Beam|p2a: Volcanion
|-damage|p2a: Volcanion|37/100
|move|p2a: Volcanion|Earth Power|p1a: 东和马
|-supereffective|p1a: 东和马
|-damage|p1a: 东和马|0 fnt
|faint|p1a: 东和马
|
|-weather|none
|upkeep
|
|t:|1759035457
|switch|p1a: 河内恭介|Torkoal, F|100/100
|-weather|SunnyDay|[from] ability: Drought|[of] p1a: 河内恭介
|turn|9
|
|t:|1759035467
|switch|p1a: 梓川月乃|Hatterene, F|36/100
|move|p2a: Volcanion|Earth Power|p1a: 梓川月乃
|-damage|p1a: 梓川月乃|8/100
|
|-weather|SunnyDay|[upkeep]
|upkeep
|turn|10
|
|t:|1759035470
|move|p2a: Volcanion|Flamethrower|p1a: 梓川月乃
|-damage|p1a: 梓川月乃|0 fnt
|faint|p1a: 梓川月乃
|
|-weather|SunnyDay|[upkeep]
|upkeep
|
|t:|1759035475
|switch|p1a: 松代健|Great Tusk|100/100
|-activate|p1a: 松代健|ability: Protosynthesis
|-start|p1a: 松代健|protosynthesisatk
|turn|11
|
|t:|1759035482
|move|p1a: 松代健|Headlong Rush|p2a: Volcanion
|-supereffective|p2a: Volcanion
|-damage|p2a: Volcanion|0 fnt
|-unboost|p1a: 松代健|def|1
|-unboost|p1a: 松代健|spd|1
|faint|p2a: Volcanion
|
|-weather|SunnyDay|[upkeep]
|upkeep
|
|t:|1759035484
|switch|p2a: Indeedee|Indeedee, M|100/100
|-fieldstart|move: Psychic Terrain|[from] ability: Psychic Surge|[of] p2a: Indeedee
|turn|12
|
|t:|1759035495
|move|p2a: Indeedee|Expanding Force|p1a: 松代健
|-supereffective|p1a: 松代健
|-damage|p1a: 松代健|0 fnt
|faint|p1a: 松代健
|-end|p1a: 松代健|Protosynthesis|[silent]
|
|-weather|SunnyDay|[upkeep]
|upkeep
|
|t:|1759035498
|switch|p1a: 冠茂|Walking Wake|100/100
|-activate|p1a: 冠茂|ability: Protosynthesis
|-start|p1a: 冠茂|protosynthesisspe
|turn|13
|
|t:|1759035501
|move|p1a: 冠茂|Hydro Steam|p2a: Indeedee
|-damage|p2a: Indeedee|0 fnt
|faint|p2a: Indeedee
|
|-weather|SunnyDay|[upkeep]
|upkeep
|
|t:|1759035504
|switch|p2a: Deoxys|Deoxys-Speed|100/100
|-ability|p2a: Deoxys|Pressure
|turn|14
|
|t:|1759035508
|move|p1a: 冠茂|Hydro Steam|p2a: Deoxys
|-enditem|p2a: Deoxys|Focus Sash
|-damage|p2a: Deoxys|1/100
|move|p2a: Deoxys|Psyshock|p1a: 冠茂
|-damage|p1a: 冠茂|56/100
|
|-weather|SunnyDay|[upkeep]
|upkeep
|turn|15
|
|t:|1759035512
|move|p1a: 冠茂|Hydro Steam|p2a: Deoxys
|-damage|p2a: Deoxys|0 fnt
|faint|p2a: Deoxys
|
|-weather|SunnyDay|[upkeep]
|upkeep
|
|t:|1759035513
|switch|p2a: Armarouge|Armarouge, F|100/100
|turn|16
|
|t:|1759035515
|move|p1a: 冠茂|Hydro Steam|p2a: Armarouge
|-supereffective|p2a: Armarouge
|-enditem|p2a: Armarouge|Focus Sash
|-damage|p2a: Armarouge|1/100
|move|p2a: Armarouge|Expanding Force|p1a: 冠茂
|-damage|p1a: 冠茂|0 fnt
|faint|p1a: 冠茂
|-end|p1a: 冠茂|Protosynthesis|[silent]
|
|-weather|none
|upkeep
|
|t:|1759035520
|switch|p1a: 河内恭介|Torkoal, F|100/100
|-weather|SunnyDay|[from] ability: Drought|[of] p1a: 河内恭介
|turn|17
|
|t:|1759035523
|move|p2a: Armarouge|Expanding Force|p1a: 河内恭介
|-damage|p1a: 河内恭介|0 fnt
|faint|p1a: 河内恭介
|
|win|digiwayne003
|raw|MMQZA18's rating: 1516 &rarr; <strong>1497</strong><br />(-19 for losing)
|raw|digiwayne003's rating: 1542 &rarr; <strong>1561</strong><br />(+19 for winning)
|l|☆MMQZA18
|player|p1|
|l|☆digiwayne003
|player|p2|
