|j|☆LilacNebula
|j|☆ggigouuiogog
|t:|1758924482
|gametype|singles
|player|p1|LilacNebula|hilbert|1125
|player|p2|ggigouuiogog|giovanni|1195
|gen|9
|tier|[Gen 9] OU
|rated|
|rule|HP Percentage Mod: HP is shown in percentages
|rule|Endless Battle Clause: Forcing endless battles is banned
|rule|Species Clause: Limit one of each Pokémon
|rule|OHKO Clause: OHKO moves are banned
|rule|Evasion Items Clause: Evasion items are banned
|rule|Evasion Moves Clause: Evasion moves are banned
|rule|Evasion Abilities Clause: Evasion abilities are banned
|rule|Sleep Moves Clause: Sleep-inducing moves are banned
|clearpoke
|poke|p1|Brambleghast, F|
|poke|p1|Kleavor, M|
|poke|p1|Yanmega, M|
|poke|p1|Magnezone|
|poke|p1|Iron Moth|
|poke|p1|Whiscash, F|
|poke|p2|Jolteon, M|
|poke|p2|Gyarados, M|
|poke|p2|Arcanine, M|
|poke|p2|Scizor, M|
|poke|p2|Corviknight, M|
|poke|p2|Mew|
|teampreview
|
|t:|1758924554
|teamsize|p1|6
|teamsize|p2|6
|start
|switch|p1a: Kleavor|Kleavor, M|100/100
|switch|p2a: Scizor|Scizor, M|100/100
|turn|1
|
|t:|1758924569
|move|p1a: Kleavor|Stone Axe|p2a: Scizor
|-damage|p2a: Scizor|50/100
|-sidestart|p2: ggigouuiogog|move: Stealth Rock
|move|p2a: Scizor|Brick Break|p1a: Kleavor
|-crit|p1a: Kleavor
|-damage|p1a: Kleavor|24/100
|
|upkeep
|turn|2
|
|t:|1758924577
|switch|p2a: Corviknight|Corviknight, M|100/100
|-damage|p2a: Corviknight|88/100|[from] Stealth Rock
|move|p1a: Kleavor|Stone Axe|p2a: Corviknight
|-damage|p2a: Corviknight|55/100
|
|-heal|p2a: Corviknight|61/100|[from] item: Leftovers
|upkeep
|turn|3
|
|t:|1758924589
|switch|p1a: Magnezone|Magnezone|100/100
|-item|p1a: Magnezone|Air Balloon
|move|p2a: Corviknight|Defog|p1a: Magnezone
|-unboost|p1a: Magnezone|evasion|1
|-sideend|p2: ggigouuiogog|Stealth Rock|[from] move: Defog|[of] p2a: Corviknight
|
|-heal|p2a: Corviknight|67/100|[from] item: Leftovers
|upkeep
|turn|4
|
|t:|1758924601
|-terastallize|p2a: Corviknight|Dragon
|move|p1a: Magnezone|Thunderbolt|p2a: Corviknight
|-resisted|p2a: Corviknight
|-damage|p2a: Corviknight|44/100
|move|p2a: Corviknight|U-turn|p1a: Magnezone
|-resisted|p1a: Magnezone
|-damage|p1a: Magnezone|95/100
|-enditem|p1a: Magnezone|Air Balloon
|inactive|Battle timer is ON: inactive players will automatically lose when time's up. (requested by LilacNebula)
|inactive|ggigouuiogog has 120 seconds left.
|
|t:|1758924666
|switch|p2a: Mew|Mew, shiny|100/100|[from] U-turn
|
|upkeep
|turn|5
|
|t:|1758924687
|move|p2a: Mew|Nasty Plot|p2a: Mew
|-boost|p2a: Mew|spa|2
|move|p1a: Magnezone|Volt Switch|p2a: Mew
|-damage|p2a: Mew|56/100
|
|t:|1758924693
|switch|p1a: Yanmega|Yanmega, M|100/100|[from] Volt Switch
|
|upkeep
|turn|6
|
|t:|1758924701
|move|p1a: Yanmega|Bug Buzz|p2a: Mew
|-supereffective|p2a: Mew
|-damage|p2a: Mew|0 fnt
|faint|p2a: Mew
|
|upkeep
|
|t:|1758924714
|switch|p2a: Jolteon|Jolteon, M|100/100
|turn|7
|
|t:|1758924725
|move|p2a: Jolteon|Shadow Ball|p1a: Yanmega
|-damage|p1a: Yanmega|36/100
|move|p1a: Yanmega|Bug Buzz|p2a: Jolteon
|-damage|p2a: Jolteon|11/100
|
|upkeep
|turn|8
|
|t:|1758924733
|move|p2a: Jolteon|Shadow Ball|p1a: Yanmega
|-damage|p1a: Yanmega|0 fnt
|faint|p1a: Yanmega
|
|upkeep
|
|t:|1758924740
|switch|p1a: Whiscash|Whiscash, F|100/100
|turn|9
|
|t:|1758924750
|move|p2a: Jolteon|Shadow Ball|p1a: Whiscash
|-damage|p1a: Whiscash|72/100
|-unboost|p1a: Whiscash|spd|1
|move|p1a: Whiscash|Spikes|p2a: Jolteon
|-sidestart|p2: ggigouuiogog|Spikes
|
|-heal|p1a: Whiscash|78/100|[from] item: Leftovers
|upkeep
|turn|10
|
|t:|1758924764
|move|p2a: Jolteon|Shadow Ball|p1a: Whiscash
|-damage|p1a: Whiscash|35/100
|move|p1a: Whiscash|Earth Power|p2a: Jolteon
|-supereffective|p2a: Jolteon
|-damage|p2a: Jolteon|0 fnt
|faint|p2a: Jolteon
|
|-heal|p1a: Whiscash|41/100|[from] item: Leftovers
|upkeep
|
|t:|1758924781
|switch|p2a: Gyarados|Gyarados, M|100/100
|turn|11
|
|t:|1758924787
|move|p2a: Gyarados|Dragon Dance|p2a: Gyarados
|-boost|p2a: Gyarados|atk|1
|-boost|p2a: Gyarados|spe|1
|move|p1a: Whiscash|Rock Slide|p2a: Gyarados
|-supereffective|p2a: Gyarados
|-damage|p2a: Gyarados|62/100
|
|-heal|p1a: Whiscash|47/100|[from] item: Leftovers
|upkeep
|turn|12
|inactive|ggigouuiogog has 120 seconds left.
|
|t:|1758924834
|switch|p1a: Magnezone|Magnezone|95/100
|move|p2a: Gyarados|Dragon Dance|p2a: Gyarados
|-boost|p2a: Gyarados|atk|1
|-boost|p2a: Gyarados|spe|1
|
|upkeep
|turn|13
|inactive|LilacNebula has 120 seconds left.
|
|t:|1758924863
|-terastallize|p1a: Magnezone|Grass
|move|p2a: Gyarados|Earthquake|p1a: Magnezone
|-resisted|p1a: Magnezone
|-damage|p1a: Magnezone|64/100
|move|p1a: Magnezone|Thunderbolt|p2a: Gyarados
|-supereffective|p2a: Gyarados
|-damage|p2a: Gyarados|0 fnt
|faint|p2a: Gyarados
|
|upkeep
|
|t:|1758924879
|switch|p2a: Scizor|Scizor, M|50/100
|-damage|p2a: Scizor|37/100|[from] Spikes
|turn|14
|inactive|LilacNebula has 120 seconds left.
|
|t:|1758924896
|switch|p1a: Whiscash|Whiscash, F|47/100
|move|p2a: Scizor|U-turn|p1a: Whiscash
|-damage|p1a: Whiscash|0 fnt
|faint|p1a: Whiscash
|
|t:|1758924906
|switch|p2a: Corviknight|Corviknight, M, tera:Dragon|44/100|[from] U-turn
|-damage|p2a: Corviknight|32/100|[from] Spikes
|
|-heal|p2a: Corviknight|38/100|[from] item: Leftovers
|upkeep
|
|t:|1758924913
|switch|p1a: Iron Moth|Iron Moth|100/100
|-enditem|p1a: Iron Moth|Booster Energy
|-activate|p1a: Iron Moth|ability: Quark Drive|[fromitem]
|-start|p1a: Iron Moth|quarkdrivespe
|turn|15
|inactive|ggigouuiogog has 120 seconds left.
|
|t:|1758924940
|move|p1a: Iron Moth|Dazzling Gleam|p2a: Corviknight
|-supereffective|p2a: Corviknight
|-damage|p2a: Corviknight|0 fnt
|faint|p2a: Corviknight
|
|upkeep
|
|t:|1758924944
|switch|p2a: Arcanine|Arcanine, M|100/100
|-damage|p2a: Arcanine|88/100|[from] Spikes
|turn|16
|
|t:|1758924954
|move|p1a: Iron Moth|Sludge Wave|p2a: Arcanine
|-damage|p2a: Arcanine|24/100
|move|p2a: Arcanine|Flare Blitz|p1a: Iron Moth
|-resisted|p1a: Iron Moth
|-damage|p1a: Iron Moth|32/100
|-damage|p2a: Arcanine|3/100|[from] Recoil
|
|upkeep
|turn|17
|
|t:|1758924963
|move|p1a: Iron Moth|Sludge Wave|p2a: Arcanine
|-damage|p2a: Arcanine|0 fnt
|faint|p2a: Arcanine
|
|upkeep
|
|t:|1758924967
|switch|p2a: Scizor|Scizor, M|37/100
|-damage|p2a: Scizor|25/100|[from] Spikes
|turn|18
|
|t:|1758924972
|move|p2a: Scizor|Bullet Punch|p1a: Iron Moth
|-resisted|p1a: Iron Moth
|-damage|p1a: Iron Moth|0 fnt
|faint|p1a: Iron Moth
|-end|p1a: Iron Moth|Quark Drive|[silent]
|
|upkeep
|
|t:|1758924986
|switch|p1a: Magnezone|Magnezone, tera:Grass|64/100
|turn|19
|
|t:|1758924992
|move|p2a: Scizor|Bullet Punch|p1a: Magnezone
|-damage|p1a: Magnezone|24/100
|move|p1a: Magnezone|Thunderbolt|p2a: Scizor
|-damage|p2a: Scizor|0 fnt
|faint|p2a: Scizor
|
|win|LilacNebula
|raw|LilacNebula's rating: 1125 &rarr; <strong>1155</strong><br />(+30 for winning)
|raw|ggigouuiogog's rating: 1195 &rarr; <strong>1165</strong><br />(-30 for losing)
|l|☆LilacNebula
|player|p1|
|l|☆ggigouuiogog
|player|p2|
