|badge|p2|bronze|gen9ou|100-6
|html|<div class="broadcast-red"><strong>This battle is required to be public due to one or more player having a season medal.</strong><br />During the public phase, you can discuss the state of the ladder <a href="/seasondiscussion">in a special chatroom.</a></div>
|uhtml|medal-msg|<div class="broadcast-blue">Curious what those medals under the avatar are? PS now has Ladder Seasons! For more information, check out the <a href="https://www.smogon.com/forums/threads/3740067/">thread on Smogon.</a></div>
|raw|<div class="broadcast-blue"><strong>This battle is required to be public due to a player having a name starting with 'medal'.</div>
|j|☆Light SV
|j|☆patio fence
|t:|1759008656
|gametype|singles
|player|p1|Light SV|blue-gen7|1857
|player|p2|patio fence|fisherman-gen2jp|1831
|gen|9
|tier|[Gen 9] OU
|rated|
|rule|HP Percentage Mod: HP is shown in percentages
|rule|Endless Battle Clause: Forcing endless battles is banned
|rule|Species Clause: Limit one of each Pokémon
|rule|OHKO Clause: OHKO moves are banned
|rule|Evasion Items Clause: Evasion items are banned
|rule|Evasion Moves Clause: Evasion moves are banned
|rule|Evasion Abilities Clause: Evasion abilities are banned
|rule|Sleep Moves Clause: Sleep-inducing moves are banned
|clearpoke
|poke|p1|Iron Moth|
|poke|p1|Glimmora, M|
|poke|p1|Dragonite, M|
|poke|p1|Volcanion|
|poke|p1|Great Tusk|
|poke|p1|Kingambit, M|
|poke|p2|Amoonguss, F|
|poke|p2|Alomomola, F|
|poke|p2|Great Tusk|
|poke|p2|Darkrai|
|poke|p2|Dragonite, F|
|poke|p2|Gholdengo|
|teampreview
|inactive|Battle timer is ON: inactive players will automatically lose when time's up. (requested by patio fence)
|inactive|Light SV also wants the timer to be on.
|inactive|patio fence has 120 seconds left.
|
|t:|1759008688
|teamsize|p1|6
|teamsize|p2|6
|start
|switch|p1a: Volcanion|Volcanion|100/100
|switch|p2a: Alomomola|Alomomola, F|100/100
|-item|p1a: Volcanion|Air Balloon
|turn|1
|
|t:|1759008698
|move|p1a: Volcanion|Fire Spin|p2a: Alomomola
|-resisted|p2a: Alomomola
|-damage|p2a: Alomomola|95/100
|-activate|p2a: Alomomola|move: Fire Spin|[of] p1a: Volcanion
|move|p2a: Alomomola|Body Slam|p1a: Volcanion
|-damage|p1a: Volcanion|85/100
|-enditem|p1a: Volcanion|Air Balloon
|
|-damage|p2a: Alomomola|83/100|[from] move: Fire Spin|[partiallytrapped]
|upkeep
|turn|2
|
|t:|1759008704
|move|p1a: Volcanion|Steam Eruption|p2a: Alomomola
|-resisted|p2a: Alomomola
|-damage|p2a: Alomomola|67/100
|move|p2a: Alomomola|Body Slam|p1a: Volcanion
|-damage|p1a: Volcanion|71/100
|-status|p1a: Volcanion|par
|
|-damage|p2a: Alomomola|55/100|[from] move: Fire Spin|[partiallytrapped]
|upkeep
|turn|3
|
|t:|1759008715
|move|p1a: Volcanion|Earth Power|p2a: Alomomola
|-damage|p2a: Alomomola|36/100
|move|p2a: Alomomola|Mirror Coat|p1a: Volcanion
|-damage|p1a: Volcanion|12/100 par
|
|-damage|p2a: Alomomola|23/100|[from] move: Fire Spin|[partiallytrapped]
|upkeep
|turn|4
|
|t:|1759008723
|move|p2a: Alomomola|Body Slam|p1a: Volcanion
|-damage|p1a: Volcanion|0 fnt
|faint|p1a: Volcanion
|
|-end|p2a: Alomomola|Fire Spin|[partiallytrapped]|[silent]
|upkeep
|
|t:|1759008726
|switch|p1a: Glimmora|Glimmora, M, shiny|100/100
|turn|5
|
|t:|1759008733
|switch|p2a: Gholdengo|Gholdengo|100/100
|move|p1a: Glimmora|Stealth Rock|p2a: Gholdengo
|-sidestart|p2: patio fence|move: Stealth Rock
|
|upkeep
|turn|6
|
|t:|1759008736
|move|p2a: Gholdengo|Make It Rain|p1a: Glimmora
|-supereffective|p1a: Glimmora
|-damage|p1a: Glimmora|0 fnt
|-unboost|p2a: Gholdengo|spa|1
|faint|p1a: Glimmora
|
|upkeep
|
|t:|1759008738
|switch|p1a: Iron Moth|Iron Moth|100/100
|-enditem|p1a: Iron Moth|Booster Energy
|-activate|p1a: Iron Moth|ability: Quark Drive|[fromitem]
|-start|p1a: Iron Moth|quarkdrivespe
|turn|7
|j| larp legion
|
|t:|1759008746
|switch|p2a: Dragonite|Dragonite, F|100/100
|move|p1a: Iron Moth|Fiery Dance|p2a: Dragonite
|-resisted|p2a: Dragonite
|-damage|p2a: Dragonite|91/100
|
|upkeep
|turn|8
|
|t:|1759008750
|move|p1a: Iron Moth|Sludge Wave|p2a: Dragonite
|-damage|p2a: Dragonite|39/100
|move|p2a: Dragonite|Earthquake|p1a: Iron Moth
|-supereffective|p1a: Iron Moth
|-damage|p1a: Iron Moth|0 fnt
|faint|p1a: Iron Moth
|-end|p1a: Iron Moth|Quark Drive|[silent]
|
|upkeep
|
|t:|1759008755
|switch|p1a: Great Tusk|Great Tusk|100/100
|-enditem|p1a: Great Tusk|Booster Energy
|-activate|p1a: Great Tusk|ability: Protosynthesis|[fromitem]
|-start|p1a: Great Tusk|protosynthesisspe
|turn|9
|
|t:|1759008773
|switch|p2a: Amoonguss|Amoonguss, F|100/100
|-damage|p2a: Amoonguss|88/100|[from] Stealth Rock
|move|p1a: Great Tusk|Bulk Up|p1a: Great Tusk
|-boost|p1a: Great Tusk|atk|1
|-boost|p1a: Great Tusk|def|1
|
|upkeep
|turn|10
|
|t:|1759008778
|move|p1a: Great Tusk|Ice Spinner|p2a: Amoonguss
|-supereffective|p2a: Amoonguss
|-damage|p2a: Amoonguss|34/100
|-enditem|p2a: Amoonguss|Red Card|[of] p1a: Great Tusk
|-end|p1a: Great Tusk|Protosynthesis|[silent]
|drag|p1a: Kingambit|Kingambit, M|100/100
|-activate|p1a: Kingambit|ability: Supreme Overlord
|-start|p1a: Kingambit|fallen3|[silent]
|-item|p1a: Kingambit|Air Balloon
|move|p2a: Amoonguss|Toxic|p1a: Kingambit
|-immune|p1a: Kingambit
|
|upkeep
|turn|11
|
|t:|1759008797
|switch|p2a: Alomomola|Alomomola, F|57/100
|-damage|p2a: Alomomola|44/100|[from] Stealth Rock
|move|p1a: Kingambit|Swords Dance|p1a: Kingambit
|-boost|p1a: Kingambit|atk|2
|
|upkeep
|turn|12
|
|t:|1759008802
|move|p1a: Kingambit|Sucker Punch|p2a: Alomomola
|-damage|p2a: Alomomola|0 fnt
|faint|p2a: Alomomola
|
|upkeep
|
|t:|1759008806
|switch|p2a: Gholdengo|Gholdengo|100/100
|-damage|p2a: Gholdengo|94/100|[from] Stealth Rock
|turn|13
|
|t:|1759008812
|move|p1a: Kingambit|Sucker Punch||[still]
|-fail|p1a: Kingambit
|move|p2a: Gholdengo|Trick|p1a: Kingambit
|-activate|p2a: Gholdengo|move: Trick|[of] p1a: Kingambit
|-item|p1a: Kingambit|Choice Scarf|[from] move: Trick
|-item|p2a: Gholdengo|Air Balloon
|-item|p2a: Gholdengo|Air Balloon|[from] move: Trick
|
|upkeep
|turn|14
|
|t:|1759008829
|switch|p2a: Great Tusk|Great Tusk|100/100
|move|p1a: Kingambit|Iron Head|p2a: Great Tusk
|-damage|p2a: Great Tusk|4/100
|
|upkeep
|turn|15
|
|t:|1759008833
|move|p2a: Great Tusk|Headlong Rush|p1a: Kingambit
|-supereffective|p1a: Kingambit
|-damage|p1a: Kingambit|11/100
|-unboost|p2a: Great Tusk|def|1
|-unboost|p2a: Great Tusk|spd|1
|move|p1a: Kingambit|Iron Head|p2a: Great Tusk
|-damage|p2a: Great Tusk|0 fnt
|faint|p2a: Great Tusk
|-end|p2a: Great Tusk|Protosynthesis|[silent]
|
|upkeep
|
|t:|1759008838
|switch|p2a: Darkrai|Darkrai|100/100
|-damage|p2a: Darkrai|88/100|[from] Stealth Rock
|turn|16
|
|t:|1759008841
|move|p2a: Darkrai|Dark Pulse|p1a: Kingambit
|-resisted|p1a: Kingambit
|-damage|p1a: Kingambit|0 fnt
|faint|p1a: Kingambit
|-end|p1a: Kingambit|fallen3|[silent]
|
|-heal|p2a: Darkrai|94/100|[from] item: Leftovers
|upkeep
|
|t:|1759008846
|switch|p1a: Great Tusk|Great Tusk|100/100
|turn|17
|
|t:|1759008866
|move|p2a: Darkrai|Ice Beam|p1a: Great Tusk
|-supereffective|p1a: Great Tusk
|-damage|p1a: Great Tusk|26/100
|move|p1a: Great Tusk|Close Combat|p2a: Darkrai
|-supereffective|p2a: Darkrai
|-damage|p2a: Darkrai|0 fnt
|-unboost|p1a: Great Tusk|def|1
|-unboost|p1a: Great Tusk|spd|1
|faint|p2a: Darkrai
|
|upkeep
|
|t:|1759008872
|switch|p2a: Dragonite|Dragonite, F|39/100
|turn|18
|
|t:|1759008875
|move|p2a: Dragonite|Extreme Speed|p1a: Great Tusk
|-damage|p1a: Great Tusk|0 fnt
|faint|p1a: Great Tusk
|-end|p1a: Great Tusk|Protosynthesis|[silent]
|
|upkeep
|
|t:|1759008877
|switch|p1a: Dragonite|Dragonite, M|100/100
|turn|19
|
|t:|1759008884
|-terastallize|p2a: Dragonite|Normal
|move|p2a: Dragonite|Roost|p2a: Dragonite
|-heal|p2a: Dragonite|89/100
|move|p1a: Dragonite|Dragon Dance|p1a: Dragonite
|-boost|p1a: Dragonite|atk|1
|-boost|p1a: Dragonite|spe|1
|
|upkeep
|turn|20
|
|t:|1759008892
|switch|p2a: Gholdengo|Gholdengo|94/100
|-damage|p2a: Gholdengo|88/100|[from] Stealth Rock
|-item|p2a: Gholdengo|Air Balloon
|move|p1a: Dragonite|Earthquake|p2a: Gholdengo
|-immune|p2a: Gholdengo
|
|upkeep
|turn|21
|
|t:|1759008901
|-terastallize|p1a: Dragonite|Fairy
|move|p1a: Dragonite|Tera Blast|p2a: Gholdengo|[anim] Tera Blast Fairy
|-resisted|p2a: Gholdengo
|-damage|p2a: Gholdengo|55/100
|-enditem|p2a: Gholdengo|Air Balloon
|move|p2a: Gholdengo|Thunder Wave|p1a: Dragonite
|-status|p1a: Dragonite|par
|
|upkeep
|turn|22
|
|t:|1759008905
|move|p2a: Gholdengo|Make It Rain|p1a: Dragonite
|-supereffective|p1a: Dragonite
|-damage|p1a: Dragonite|48/100 par
|-unboost|p2a: Gholdengo|spa|1
|move|p1a: Dragonite|Earthquake|p2a: Gholdengo
|-supereffective|p2a: Gholdengo
|-damage|p2a: Gholdengo|0 fnt
|faint|p2a: Gholdengo
|
|upkeep
|
|t:|1759008907
|switch|p2a: Dragonite|Dragonite, F, tera:Normal|89/100
|turn|23
|
|t:|1759008909
|move|p2a: Dragonite|Extreme Speed|p1a: Dragonite
|-damage|p1a: Dragonite|5/100 par
|move|p1a: Dragonite|Tera Blast|p2a: Dragonite|[anim] Tera Blast Fairy
|-damage|p2a: Dragonite|27/100
|
|upkeep
|turn|24
|
|t:|1759008911
|move|p2a: Dragonite|Extreme Speed|p1a: Dragonite
|-damage|p1a: Dragonite|0 fnt
|faint|p1a: Dragonite
|
|win|patio fence
|raw|Light SV's rating: 1857 &rarr; <strong>1836</strong><br />(-21 for losing)
|raw|patio fence's rating: 1831 &rarr; <strong>1852</strong><br />(+21 for winning)
|l|☆Light SV
|player|p1|
|l|☆patio fence
|player|p2|
|l| larp legion
