|j|☆revolution is now
|j|‽dorinkashixv
|t:|1759064194
|gametype|singles
|player|p1|revolution is now|2|1131
|player|p2|dorinkashixv|265|1097
|gen|9
|tier|[Gen 9] OU
|rated|
|rule|HP Percentage Mod: HP is shown in percentages
|rule|Endless Battle Clause: Forcing endless battles is banned
|rule|Species Clause: Limit one of each Pokémon
|rule|OHKO Clause: OHKO moves are banned
|rule|Evasion Items Clause: Evasion items are banned
|rule|Evasion Moves Clause: Evasion moves are banned
|rule|Evasion Abilities Clause: Evasion abilities are banned
|rule|Sleep Moves Clause: Sleep-inducing moves are banned
|clearpoke
|poke|p1|Masquerain, M|
|poke|p1|Mimikyu, M|
|poke|p1|Primarina, F|
|poke|p1|Garchomp, F|
|poke|p1|Mandibuzz, F|
|poke|p1|Toxapex, M|
|poke|p2|Iron Treads|
|poke|p2|Zangoose, F|
|poke|p2|Zamazenta-*|
|poke|p2|Iron Valiant|
|poke|p2|Dragonite, F|
|poke|p2|Zapdos|
|teampreview
|
|t:|1759064202
|teamsize|p1|6
|teamsize|p2|6
|start
|switch|p1a: Masquerain|Masquerain, M|100/100
|switch|p2a: Zangoose|Zangoose, F|100/100
|-ability|p1a: Masquerain|Intimidate|boost
|-unboost|p2a: Zangoose|atk|1
|turn|1
|
|t:|1759064216
|move|p2a: Zangoose|Final Gambit|p1a: Masquerain
|-enditem|p1a: Masquerain|Focus Sash
|-damage|p1a: Masquerain|1/100
|faint|p2a: Zangoose
|move|p1a: Masquerain|Sticky Web|p2: Zangoose
|-sidestart|p2: dorinkashixv|move: Sticky Web
|
|upkeep
|
|t:|1759064221
|switch|p2a: Iron Treads|Iron Treads|100/100
|-item|p2a: Iron Treads|Air Balloon
|turn|2
|
|t:|1759064232
|move|p2a: Iron Treads|Rapid Spin|p1a: Masquerain
|-damage|p1a: Masquerain|0 fnt
|-boost|p2a: Iron Treads|spe|1
|-sideend|p2: dorinkashixv|Sticky Web|[from] move: Rapid Spin|[of] p2a: Iron Treads
|faint|p1a: Masquerain
|
|upkeep
|
|t:|1759064240
|switch|p1a: Primarina|Primarina, F|100/100
|turn|3
|
|t:|1759064262
|move|p2a: Iron Treads|Earthquake|p1a: Primarina
|-damage|p1a: Primarina|53/100
|move|p1a: Primarina|Sparkling Aria|p2a: Iron Treads
|-supereffective|p2a: Iron Treads
|-damage|p2a: Iron Treads|0 fnt
|-enditem|p2a: Iron Treads|Air Balloon
|faint|p2a: Iron Treads
|-end|p2a: Iron Treads|Quark Drive|[silent]
|
|upkeep
|
|t:|1759064271
|switch|p2a: Zapdos|Zapdos|100/100
|turn|4
|
|t:|1759064279
|switch|p1a: Garchomp|Garchomp, F|100/100
|move|p2a: Zapdos|Thunderbolt|p1a: Garchomp
|-immune|p1a: Garchomp
|
|upkeep
|turn|5
|
|t:|1759064287
|switch|p2a: Dragonite|Dragonite, F|100/100
|move|p1a: Garchomp|Stealth Rock|p2a: Dragonite
|-sidestart|p2: dorinkashixv|move: Stealth Rock
|
|upkeep
|turn|6
|
|t:|1759064295
|switch|p1a: Mandibuzz|Mandibuzz, F|100/100
|-terastallize|p2a: Dragonite|Fire
|move|p2a: Dragonite|Dragon Dance|p2a: Dragonite
|-boost|p2a: Dragonite|atk|1
|-boost|p2a: Dragonite|spe|1
|
|upkeep
|turn|7
|
|t:|1759064302
|move|p2a: Dragonite|Scale Shot|p1a: Mandibuzz
|-damage|p1a: Mandibuzz|86/100
|-damage|p1a: Mandibuzz|70/100
|-damage|p1a: Mandibuzz|56/100
|-damage|p1a: Mandibuzz|41/100
|-damage|p1a: Mandibuzz|28/100
|-hitcount|p1a: Mandibuzz|5
|-unboost|p2a: Dragonite|def|1
|-boost|p2a: Dragonite|spe|1
|move|p1a: Mandibuzz|Toxic|p2a: Dragonite
|-status|p2a: Dragonite|tox
|
|-heal|p1a: Mandibuzz|34/100|[from] item: Leftovers
|-damage|p2a: Dragonite|94/100 tox|[from] psn
|upkeep
|turn|8
|
|t:|1759064324
|switch|p1a: Toxapex|Toxapex, M|100/100
|move|p2a: Dragonite|Scale Shot|p1a: Toxapex
|-damage|p1a: Toxapex|83/100
|-damage|p1a: Toxapex|63/100
|-damage|p1a: Toxapex|45/100
|-damage|p1a: Toxapex|25/100
|-hitcount|p1a: Toxapex|4
|-unboost|p2a: Dragonite|def|1
|-boost|p2a: Dragonite|spe|1
|
|-heal|p1a: Toxapex|31/100|[from] item: Black Sludge
|-damage|p2a: Dragonite|82/100 tox|[from] psn
|upkeep
|turn|9
|
|t:|1759064343
|move|p1a: Toxapex|Baneful Bunker|p1a: Toxapex
|-singleturn|p1a: Toxapex|move: Protect
|move|p2a: Dragonite|Extreme Speed|p1a: Toxapex
|-activate|p1a: Toxapex|move: Protect
|
|-heal|p1a: Toxapex|37/100|[from] item: Black Sludge
|-damage|p2a: Dragonite|63/100 tox|[from] psn
|upkeep
|turn|10
|
|t:|1759064355
|switch|p1a: Garchomp|Garchomp, F|100/100
|move|p2a: Dragonite|Scale Shot|p1a: Garchomp
|-supereffective|p1a: Garchomp
|-damage|p1a: Garchomp|60/100
|-supereffective|p1a: Garchomp
|-damage|p1a: Garchomp|16/100
|-supereffective|p1a: Garchomp
|-damage|p1a: Garchomp|0 fnt
|faint|p1a: Garchomp
|-hitcount|p1: Garchomp|3
|-unboost|p2a: Dragonite|def|1
|-boost|p2a: Dragonite|spe|1
|
|-damage|p2a: Dragonite|39/100 tox|[from] psn
|upkeep
|
|t:|1759064370
|switch|p1a: Mimikyu|Mimikyu, M|100/100
|turn|11
|
|t:|1759064375
|move|p1a: Mimikyu|Shadow Sneak|p2a: Dragonite
|-damage|p2a: Dragonite|0 fnt
|faint|p2a: Dragonite
|-damage|p1a: Mimikyu|91/100|[from] item: Life Orb
|
|upkeep
|
|t:|1759064382
|switch|p2a: Zapdos|Zapdos|100/100
|-damage|p2a: Zapdos|76/100|[from] Stealth Rock
|turn|12
|
|t:|1759064387
|move|p2a: Zapdos|Thunderbolt|p1a: Mimikyu
|-activate|p1a: Mimikyu|ability: Disguise
|-damage|p1a: Mimikyu|91/100
|detailschange|p1a: Mimikyu|Mimikyu-Busted, M
|-damage|p1a: Mimikyu|78/100|[from] pokemon: Mimikyu-Busted
|move|p1a: Mimikyu|Play Rough|p2a: Zapdos
|-damage|p2a: Zapdos|6/100
|-damage|p1a: Mimikyu|68/100|[from] item: Life Orb
|
|upkeep
|turn|13
|
|t:|1759064403
|move|p1a: Mimikyu|Shadow Sneak|p2a: Zapdos
|-damage|p2a: Zapdos|0 fnt
|-status|p1a: Mimikyu|par|[from] ability: Static|[of] p2a: Zapdos
|faint|p2a: Zapdos
|-damage|p1a: Mimikyu|58/100 par|[from] item: Life Orb
|
|upkeep
|
|t:|1759064409
|switch|p2a: Zamazenta|Zamazenta|100/100
|-damage|p2a: Zamazenta|94/100|[from] Stealth Rock
|-ability|p2a: Zamazenta|Dauntless Shield|boost
|-boost|p2a: Zamazenta|def|1
|turn|14
|
|t:|1759064415
|move|p2a: Zamazenta|Crunch|p1a: Mimikyu
|-damage|p1a: Mimikyu|0 fnt
|faint|p1a: Mimikyu
|
|upkeep
|inactive|Battle timer is ON: inactive players will automatically lose when time's up. (requested by dorinkashixv)
|
|t:|1759064436
|switch|p1a: Toxapex|Toxapex, M|70/100
|turn|15
|
|t:|1759064446
|move|p2a: Zamazenta|Crunch|p1a: Toxapex
|-damage|p1a: Toxapex|38/100
|move|p1a: Toxapex|Toxic|p2a: Zamazenta
|-status|p2a: Zamazenta|tox
|
|-heal|p1a: Toxapex|44/100|[from] item: Black Sludge
|-damage|p2a: Zamazenta|88/100 tox|[from] psn
|upkeep
|turn|16
|
|t:|1759064455
|move|p1a: Toxapex|Baneful Bunker|p1a: Toxapex
|-singleturn|p1a: Toxapex|move: Protect
|move|p2a: Zamazenta|Crunch|p1a: Toxapex
|-activate|p1a: Toxapex|move: Protect
|
|-heal|p1a: Toxapex|50/100|[from] item: Black Sludge
|-damage|p2a: Zamazenta|76/100 tox|[from] psn
|upkeep
|turn|17
|
|t:|1759064466
|switch|p2a: Iron Valiant|Iron Valiant|100/100
|-damage|p2a: Iron Valiant|94/100|[from] Stealth Rock
|-enditem|p2a: Iron Valiant|Booster Energy
|-activate|p2a: Iron Valiant|ability: Quark Drive|[fromitem]
|-start|p2a: Iron Valiant|quarkdrivespe
|move|p1a: Toxapex|Recover|p1a: Toxapex
|-heal|p1a: Toxapex|99/100
|
|-heal|p1a: Toxapex|100/100|[from] item: Black Sludge
|upkeep
|turn|18
|
|t:|1759064476
|move|p2a: Iron Valiant|Encore|p1a: Toxapex
|-start|p1a: Toxapex|Encore
|move|p1a: Toxapex|Recover||[still]
|-fail|p1a: Toxapex|heal
|
|upkeep
|turn|19
|
|t:|1759064481
|switch|p1a: Mandibuzz|Mandibuzz, F|34/100
|move|p2a: Iron Valiant|Swords Dance|p2a: Iron Valiant
|-boost|p2a: Iron Valiant|atk|2
|
|-heal|p1a: Mandibuzz|40/100|[from] item: Leftovers
|upkeep
|turn|20
|
|t:|1759064489
|move|p2a: Iron Valiant|Close Combat|p1a: Mandibuzz
|-damage|p1a: Mandibuzz|0 fnt
|-unboost|p2a: Iron Valiant|def|1
|-unboost|p2a: Iron Valiant|spd|1
|faint|p1a: Mandibuzz
|
|upkeep
|
|t:|1759064496
|switch|p1a: Toxapex|Toxapex, M|100/100
|turn|21
|
|t:|1759064499
|-end|p2a: Iron Valiant|Quark Drive|[silent]
|switch|p2a: Zamazenta|Zamazenta|76/100 tox
|-damage|p2a: Zamazenta|70/100 tox|[from] Stealth Rock
|move|p1a: Toxapex|Toxic|p2a: Zamazenta
|-fail|p2a: Zamazenta|tox
|
|-damage|p2a: Zamazenta|64/100 tox|[from] psn
|upkeep
|turn|22
|inactive|revolution is now has 120 seconds left.
|
|t:|1759064548
|switch|p2a: Iron Valiant|Iron Valiant|94/100
|-damage|p2a: Iron Valiant|88/100|[from] Stealth Rock
|move|p1a: Toxapex|Baneful Bunker||[still]
|-fail|p1a: Toxapex
|
|upkeep
|turn|23
|
|t:|1759064556
|move|p2a: Iron Valiant|Swords Dance|p2a: Iron Valiant
|-boost|p2a: Iron Valiant|atk|2
|move|p1a: Toxapex|Toxic|p2a: Iron Valiant
|-status|p2a: Iron Valiant|tox
|
|-damage|p2a: Iron Valiant|82/100 tox|[from] psn
|upkeep
|turn|24
|
|t:|1759064568
|move|p1a: Toxapex|Baneful Bunker|p1a: Toxapex
|-singleturn|p1a: Toxapex|move: Protect
|move|p2a: Iron Valiant|Swords Dance|p2a: Iron Valiant
|-boost|p2a: Iron Valiant|atk|2
|
|-damage|p2a: Iron Valiant|69/100 tox|[from] psn
|upkeep
|turn|25
|
|t:|1759064576
|switch|p1a: Primarina|Primarina, F|53/100
|move|p2a: Iron Valiant|Knock Off|p1a: Primarina
|-resisted|p1a: Primarina
|-damage|p1a: Primarina|0 fnt
|-enditem|p1a: Primarina|Choice Specs|[from] move: Knock Off|[of] p2a: Iron Valiant
|faint|p1a: Primarina
|
|-damage|p2a: Iron Valiant|51/100 tox|[from] psn
|upkeep
|
|t:|1759064585
|switch|p1a: Toxapex|Toxapex, M|100/100
|turn|26
|
|t:|1759064589
|move|p1a: Toxapex|Baneful Bunker|p1a: Toxapex
|-singleturn|p1a: Toxapex|move: Protect
|move|p2a: Iron Valiant|Swords Dance|p2a: Iron Valiant
|-boost|p2a: Iron Valiant|atk|2
|
|-damage|p2a: Iron Valiant|26/100 tox|[from] psn
|upkeep
|turn|27
|
|t:|1759064614
|move|p2a: Iron Valiant|Close Combat|p1a: Toxapex
|-resisted|p1a: Toxapex
|-damage|p1a: Toxapex|3/100
|-unboost|p2a: Iron Valiant|def|1
|-unboost|p2a: Iron Valiant|spd|1
|move|p1a: Toxapex|Recover|p1a: Toxapex
|-heal|p1a: Toxapex|53/100
|
|-heal|p1a: Toxapex|60/100|[from] item: Black Sludge
|-damage|p2a: Iron Valiant|0 fnt|[from] psn
|faint|p2a: Iron Valiant
|-end|p2a: Iron Valiant|Quark Drive|[silent]
|upkeep
|
|t:|1759064622
|switch|p2a: Zamazenta|Zamazenta|64/100 tox
|-damage|p2a: Zamazenta|57/100 tox|[from] Stealth Rock
|turn|28
|
|t:|1759064642
|move|p2a: Zamazenta|Stone Edge|p1a: Toxapex
|-damage|p1a: Toxapex|20/100
|move|p1a: Toxapex|Recover|p1a: Toxapex
|-heal|p1a: Toxapex|70/100
|
|-heal|p1a: Toxapex|77/100|[from] item: Black Sludge
|-damage|p2a: Zamazenta|51/100 tox|[from] psn
|upkeep
|turn|29
|
|t:|1759064650
|move|p2a: Zamazenta|Stone Edge|p1a: Toxapex
|-damage|p1a: Toxapex|35/100
|move|p1a: Toxapex|Recover|p1a: Toxapex
|-heal|p1a: Toxapex|85/100
|
|-heal|p1a: Toxapex|91/100|[from] item: Black Sludge
|-damage|p2a: Zamazenta|39/100 tox|[from] psn
|upkeep
|turn|30
|
|t:|1759064660
|move|p1a: Toxapex|Baneful Bunker|p1a: Toxapex
|-singleturn|p1a: Toxapex|move: Protect
|move|p2a: Zamazenta|Stone Edge|p1a: Toxapex
|-activate|p1a: Toxapex|move: Protect
|
|-heal|p1a: Toxapex|98/100|[from] item: Black Sludge
|-damage|p2a: Zamazenta|20/100 tox|[from] psn
|upkeep
|turn|31
|
|t:|1759064671
|move|p2a: Zamazenta|Stone Edge|p1a: Toxapex
|-damage|p1a: Toxapex|60/100
|move|p1a: Toxapex|Recover|p1a: Toxapex
|-heal|p1a: Toxapex|100/100
|
|-damage|p2a: Zamazenta|0 fnt|[from] psn
|faint|p2a: Zamazenta
|
|win|revolution is now
|raw|revolution is now's rating: 1131 &rarr; <strong>1154</strong><br />(+23 for winning)
|raw|dorinkashixv's rating: 1097 &rarr; <strong>1075</strong><br />(-22 for losing)
|l|‽dorinkashixv
|player|p2|
|l|☆revolution is now
|player|p1|
