|j|☆Dyspair8
|j|☆greendude44
|t:|1758996386
|gametype|singles
|player|p1|Dyspair8|n|1340
|player|p2|greendude44|janitor|1336
|gen|9
|tier|[Gen 9] OU
|rated|
|rule|HP Percentage Mod: HP is shown in percentages
|rule|Endless Battle Clause: Forcing endless battles is banned
|rule|Species Clause: Limit one of each Pokémon
|rule|OHKO Clause: OHKO moves are banned
|rule|Evasion Items Clause: Evasion items are banned
|rule|Evasion Moves Clause: Evasion moves are banned
|rule|Evasion Abilities Clause: Evasion abilities are banned
|rule|Sleep Moves Clause: Sleep-inducing moves are banned
|clearpoke
|poke|p1|Ting-Lu|
|poke|p1|Hydrapple, M|
|poke|p1|Slowking-Galar, M|
|poke|p1|Tornadus-Therian, M|
|poke|p1|Ogerpon-Wellspring, F|
|poke|p1|Cinderace, F|
|poke|p2|Manaphy|
|poke|p2|Lokix, F|
|poke|p2|Slowking-Galar, F|
|poke|p2|Iron Valiant|
|poke|p2|Landorus-Therian, M|
|poke|p2|Cyclizar, M|
|teampreview
|
|t:|1758996398
|teamsize|p1|6
|teamsize|p2|6
|start
|switch|p1a: Tornadus|Tornadus-Therian, M|100/100
|switch|p2a: vicious cycle|Lokix, F|100/100
|turn|1
|
|t:|1758996402
|switch|p2a: nanglomachines son|Slowking-Galar, F|100/100
|move|p1a: Tornadus|Bleakwind Storm|p2a: nanglomachines son
|-damage|p2a: nanglomachines son|74/100
|
|upkeep
|turn|2
|
|t:|1758996406
|switch|p1a: Slowking|Slowking-Galar, M|100/100
|move|p2a: nanglomachines son|Ice Beam|p1a: Slowking
|-damage|p1a: Slowking|87/100
|-status|p1a: Slowking|frz
|
|upkeep
|turn|3
|
|t:|1758996410
|switch|p2a: vicious cycle|Lokix, F|100/100
|cant|p1a: Slowking|frz
|
|upkeep
|turn|4
|
|t:|1758996417
|switch|p1a: Cinderace|Cinderace, F|100/100
|move|p2a: vicious cycle|Knock Off|p1a: Cinderace
|-crit|p1a: Cinderace
|-damage|p1a: Cinderace|0 fnt
|-enditem|p1a: Cinderace|Life Orb|[from] move: Knock Off|[of] p2a: vicious cycle
|faint|p1a: Cinderace
|
|upkeep
|
|t:|1758996425
|switch|p1a: Tornadus|Tornadus-Therian, M|100/100
|turn|5
|
|t:|1758996431
|switch|p2a: nanglomachines son|Slowking-Galar, F|100/100
|move|p1a: Tornadus|Bleakwind Storm|p2a: nanglomachines son
|-damage|p2a: nanglomachines son|74/100
|
|upkeep
|turn|6
|l|☆greendude44
|player|p2|
|
|t:|1758996449
|switch|p1a: Slowking|Slowking-Galar, M|100/100 frz
|move|p2a: nanglomachines son|Psyshock|p1a: Slowking
|-damage|p1a: Slowking|68/100 frz
|
|upkeep
|turn|7
|j|☆greendude44
|player|p2|greendude44|janitor|
|
|t:|1758996470
|switch|p2a: vicious cycle|Lokix, F|100/100
|cant|p1a: Slowking|frz
|
|upkeep
|turn|8
|l|☆greendude44
|player|p2|
|
|t:|1758996487
|move|p2a: vicious cycle|Knock Off|p1a: Slowking
|-supereffective|p1a: Slowking
|-damage|p1a: Slowking|0 fnt
|-enditem|p1a: Slowking|Heavy-Duty Boots|[from] move: Knock Off|[of] p2a: vicious cycle
|faint|p1a: Slowking
|
|upkeep
|
|t:|1758996496
|switch|p1a: Ogerpon|Ogerpon-Wellspring, F|100/100
|turn|9
|j|☆greendude44
|player|p2|greendude44|janitor|
|
|t:|1758996525
|switch|p2a: why won't you DIE|Manaphy|100/100
|-terastallize|p1a: Ogerpon|Water
|detailschange|p1a: Ogerpon|Ogerpon-Wellspring-Tera, F, tera:Water
|-ability|p1a: Ogerpon|Embody Aspect (Wellspring)|boost
|-boost|p1a: Ogerpon|spd|1
|move|p1a: Ogerpon|Swords Dance|p1a: Ogerpon
|-boost|p1a: Ogerpon|atk|2
|
|upkeep
|turn|10
|
|t:|1758996535
|switch|p2a: hip holster|Landorus-Therian, M|100/100
|-ability|p2a: hip holster|Intimidate|boost
|-unboost|p1a: Ogerpon|atk|1
|move|p1a: Ogerpon|Horn Leech|p2a: hip holster
|-damage|p2a: hip holster|39/100
|-damage|p1a: Ogerpon|84/100|[from] item: Rocky Helmet|[of] p2a: hip holster
|
|upkeep
|turn|11
|
|t:|1758996541
|switch|p2a: round and round|Cyclizar, M|100/100
|move|p1a: Ogerpon|Trailblaze|p2a: round and round
|-resisted|p2a: round and round
|-damage|p2a: round and round|69/100
|-boost|p1a: Ogerpon|spe|1
|
|upkeep
|turn|12
|
|t:|1758996548
|move|p1a: Ogerpon|Ivy Cudgel|p2a: round and round|[anim] Ivy Cudgel Water
|-resisted|p2a: round and round
|-damage|p2a: round and round|0 fnt
|faint|p2a: round and round
|
|upkeep
|
|t:|1758996552
|switch|p2a: hip holster|Landorus-Therian, M|39/100
|-ability|p2a: hip holster|Intimidate|boost
|-unboost|p1a: Ogerpon|atk|1
|turn|13
|
|t:|1758996558
|move|p1a: Ogerpon|Swords Dance|p1a: Ogerpon
|-boost|p1a: Ogerpon|atk|2
|move|p2a: hip holster|Earthquake|p1a: Ogerpon
|-damage|p1a: Ogerpon|31/100
|
|upkeep
|turn|14
|
|t:|1758996561
|switch|p2a: why won't you DIE|Manaphy|100/100
|move|p1a: Ogerpon|Horn Leech|p2a: why won't you DIE
|-supereffective|p2a: why won't you DIE
|-damage|p2a: why won't you DIE|0 fnt
|-heal|p1a: Ogerpon|88/100|[from] drain|[of] p2a: why won't you DIE
|faint|p2a: why won't you DIE
|
|upkeep
|
|t:|1758996564
|switch|p2a: vicious cycle|Lokix, F|100/100
|turn|15
|
|t:|1758996582
|-terastallize|p2a: vicious cycle|Bug
|move|p2a: vicious cycle|First Impression|p1a: Ogerpon
|-damage|p1a: Ogerpon|3/100
|move|p1a: Ogerpon|Ivy Cudgel|p2a: vicious cycle|[anim] Ivy Cudgel Water
|-damage|p2a: vicious cycle|0 fnt
|faint|p2a: vicious cycle
|
|upkeep
|
|t:|1758996587
|switch|p2a: back pocket|Iron Valiant|100/100
|-enditem|p2a: back pocket|Booster Energy
|-activate|p2a: back pocket|ability: Quark Drive|[fromitem]
|-start|p2a: back pocket|quarkdrivespe
|turn|16
|
|t:|1758996595
|move|p2a: back pocket|Moonblast|p1a: Ogerpon
|-damage|p1a: Ogerpon|0 fnt
|faint|p1a: Ogerpon
|detailschange|p1: Ogerpon|Ogerpon-Wellspring, F|[silent]
|
|upkeep
|
|t:|1758996600
|switch|p1a: Tornadus|Tornadus-Therian, M|100/100
|turn|17
|
|t:|1758996606
|move|p2a: back pocket|Destiny Bond|p2a: back pocket
|-singlemove|p2a: back pocket|Destiny Bond
|move|p1a: Tornadus|Bleakwind Storm|p2a: back pocket
|-supereffective|p2a: back pocket
|-damage|p2a: back pocket|0 fnt
|faint|p2a: back pocket
|-activate|p2a: back pocket|move: Destiny Bond
|-end|p2a: back pocket|Quark Drive|[silent]
|faint|p1a: Tornadus
|
|upkeep
|
|t:|1758996618
|switch|p1a: Hydrapple|Hydrapple, M|100/100
|switch|p2a: hip holster|Landorus-Therian, M|39/100
|-ability|p2a: hip holster|Intimidate|boost
|-unboost|p1a: Hydrapple|atk|1
|turn|18
|
|t:|1758996621
|move|p2a: hip holster|U-turn|p1a: Hydrapple
|-supereffective|p1a: Hydrapple
|-damage|p1a: Hydrapple|64/100
|
|t:|1758996623
|switch|p2a: nanglomachines son|Slowking-Galar, F|100/100|[from] U-turn
|move|p1a: Hydrapple|Fickle Beam|p2a: nanglomachines son|[anim] Fickle Beam All Out
|-activate|p1a: Hydrapple|move: Fickle Beam
|-damage|p2a: nanglomachines son|67/100
|
|upkeep
|turn|19
|
|t:|1758996627
|switch|p1a: Ting-Lu|Ting-Lu|100/100
|-ability|p1a: Ting-Lu|Vessel of Ruin
|move|p2a: nanglomachines son|Ice Beam|p1a: Ting-Lu
|-supereffective|p1a: Ting-Lu
|-damage|p1a: Ting-Lu|74/100
|
|-heal|p1a: Ting-Lu|80/100|[from] item: Leftovers
|upkeep
|turn|20
|
|t:|1758996630
|switch|p2a: hip holster|Landorus-Therian, M|39/100
|-ability|p2a: hip holster|Intimidate|boost
|-unboost|p1a: Ting-Lu|atk|1
|move|p1a: Ting-Lu|Stealth Rock|p2a: hip holster
|-sidestart|p2: greendude44|move: Stealth Rock
|
|-heal|p1a: Ting-Lu|86/100|[from] item: Leftovers
|upkeep
|turn|21
|
|t:|1758996633
|move|p2a: hip holster|Earthquake|p1a: Ting-Lu
|-damage|p1a: Ting-Lu|68/100
|move|p1a: Ting-Lu|Ruination|p2a: hip holster
|-damage|p2a: hip holster|20/100
|
|-heal|p1a: Ting-Lu|74/100|[from] item: Leftovers
|upkeep
|turn|22
|
|t:|1758996640
|move|p2a: hip holster|U-turn|p1a: Ting-Lu
|-supereffective|p1a: Ting-Lu
|-damage|p1a: Ting-Lu|54/100
|
|t:|1758996642
|switch|p2a: nanglomachines son|Slowking-Galar, F|99/100|[from] U-turn
|-damage|p2a: nanglomachines son|88/100|[from] Stealth Rock
|move|p1a: Ting-Lu|Ruination|p2a: nanglomachines son
|-damage|p2a: nanglomachines son|44/100
|
|-heal|p1a: Ting-Lu|60/100|[from] item: Leftovers
|upkeep
|turn|23
|
|t:|1758996647
|switch|p2a: hip holster|Landorus-Therian, M|20/100
|-damage|p2a: hip holster|8/100|[from] Stealth Rock
|-ability|p2a: hip holster|Intimidate|boost
|-unboost|p1a: Ting-Lu|atk|1
|move|p1a: Ting-Lu|Earthquake|p2a: hip holster
|-immune|p2a: hip holster
|
|-heal|p1a: Ting-Lu|67/100|[from] item: Leftovers
|upkeep
|turn|24
|
|t:|1758996652
|move|p2a: hip holster|Earthquake|p1a: Ting-Lu
|-damage|p1a: Ting-Lu|47/100
|move|p1a: Ting-Lu|Whirlwind|p2a: hip holster
|drag|p2a: nanglomachines son|Slowking-Galar, F|78/100
|-damage|p2a: nanglomachines son|65/100|[from] Stealth Rock
|
|-heal|p1a: Ting-Lu|53/100|[from] item: Leftovers
|upkeep
|turn|25
|
|t:|1758996655
|move|p1a: Ting-Lu|Ruination|p2a: nanglomachines son|[miss]
|-miss|p1a: Ting-Lu|p2a: nanglomachines son
|move|p2a: nanglomachines son|Ice Beam|p1a: Ting-Lu
|-supereffective|p1a: Ting-Lu
|-damage|p1a: Ting-Lu|25/100
|
|-heal|p1a: Ting-Lu|31/100|[from] item: Leftovers
|upkeep
|turn|26
|
|t:|1758996660
|switch|p2a: hip holster|Landorus-Therian, M|8/100
|-damage|p2a: hip holster|0 fnt|[from] Stealth Rock
|faint|p2a: hip holster
|move|p1a: Ting-Lu|Ruination|p2: hip holster|[notarget]
|-fail|p1a: Ting-Lu
|
|-heal|p1a: Ting-Lu|37/100|[from] item: Leftovers
|upkeep
|
|t:|1758996662
|switch|p2a: nanglomachines son|Slowking-Galar, F|98/100
|-damage|p2a: nanglomachines son|86/100|[from] Stealth Rock
|turn|27
|
|t:|1758996665
|move|p1a: Ting-Lu|Ruination|p2a: nanglomachines son
|-damage|p2a: nanglomachines son|43/100
|move|p2a: nanglomachines son|Ice Beam|p1a: Ting-Lu
|-supereffective|p1a: Ting-Lu
|-damage|p1a: Ting-Lu|10/100
|
|-heal|p1a: Ting-Lu|16/100|[from] item: Leftovers
|upkeep
|turn|28
|
|t:|1758996669
|move|p1a: Ting-Lu|Ruination|p2a: nanglomachines son
|-damage|p2a: nanglomachines son|22/100
|move|p2a: nanglomachines son|Ice Beam|p1a: Ting-Lu
|-supereffective|p1a: Ting-Lu
|-damage|p1a: Ting-Lu|0 fnt
|faint|p1a: Ting-Lu
|
|upkeep
|
|t:|1758996671
|switch|p1a: Hydrapple|Hydrapple, M|97/100
|turn|29
|
|t:|1758996675
|move|p1a: Hydrapple|Fickle Beam|p2a: nanglomachines son|[anim] Fickle Beam All Out
|-activate|p1a: Hydrapple|move: Fickle Beam
|-damage|p2a: nanglomachines son|0 fnt
|faint|p2a: nanglomachines son
|
|win|Dyspair8
|raw|Dyspair8's rating: 1340 &rarr; <strong>1360</strong><br />(+20 for winning)
|raw|greendude44's rating: 1336 &rarr; <strong>1316</strong><br />(-20 for losing)
|l|☆greendude44
|player|p2|
|l|☆Dyspair8
|player|p1|
