|j|☆Azunail
|j|☆emspottie
|t:|1758979148
|gametype|singles
|player|p1|Azunail|yellow|1446
|player|p2|emspottie|cynthia|1479
|gen|9
|tier|[Gen 9] OU
|rated|
|rule|HP Percentage Mod: HP is shown in percentages
|rule|Endless Battle Clause: Forcing endless battles is banned
|rule|Species Clause: Limit one of each Pokémon
|rule|OHKO Clause: OHKO moves are banned
|rule|Evasion Items Clause: Evasion items are banned
|rule|Evasion Moves Clause: Evasion moves are banned
|rule|Evasion Abilities Clause: Evasion abilities are banned
|rule|Sleep Moves Clause: Sleep-inducing moves are banned
|clearpoke
|poke|p1|Snorlax, M|
|poke|p1|Gholdengo|
|poke|p1|Landorus-Therian, M|
|poke|p1|Zamazenta-*|
|poke|p1|Rillaboom, M|
|poke|p1|Dragonite, M|
|poke|p2|Slowking-Galar, F|
|poke|p2|Zamazenta-*|
|poke|p2|Landorus-Therian, M|
|poke|p2|Kingambit, F|
|poke|p2|Dragapult, F|
|poke|p2|Ogerpon-Wellspring, F|
|teampreview
|
|t:|1758979163
|teamsize|p1|6
|teamsize|p2|6
|start
|switch|p1a: Dragonite|Dragonite, M|100/100
|switch|p2a: Landorus|Landorus-Therian, M|100/100
|-ability|p2a: Landorus|Intimidate|boost
|-unboost|p1a: Dragonite|atk|1
|turn|1
|c|☆emspottie|hf
|inactive|Battle timer is ON: inactive players will automatically lose when time's up. (requested by emspottie)
|c|☆Azunail|u2
|
|t:|1758979173
|move|p1a: Dragonite|Ice Spinner|p2a: Landorus
|-supereffective|p2a: Landorus
|-damage|p2a: Landorus|31/100
|-damage|p1a: Dragonite|84/100|[from] item: Rocky Helmet|[of] p2a: Landorus
|move|p2a: Landorus|Stealth Rock|p1a: Dragonite
|-sidestart|p1: Azunail|move: Stealth Rock
|
|upkeep
|turn|2
|
|t:|1758979183
|switch|p2a: Slowking|Slowking-Galar, F|100/100
|move|p1a: Dragonite|Dragon Dance|p1a: Dragonite
|-boost|p1a: Dragonite|atk|1
|-boost|p1a: Dragonite|spe|1
|
|upkeep
|turn|3
|
|t:|1758979192
|move|p1a: Dragonite|Earthquake|p2a: Slowking
|-supereffective|p2a: Slowking
|-damage|p2a: Slowking|22/100
|move|p2a: Slowking|Toxic|p1a: Dragonite
|-status|p1a: Dragonite|tox
|
|-damage|p1a: Dragonite|78/100 tox|[from] psn
|upkeep
|turn|4
|
|t:|1758979202
|switch|p2a: Landorus|Landorus-Therian, M|31/100
|-ability|p2a: Landorus|Intimidate|boost
|-unboost|p1a: Dragonite|atk|1
|move|p1a: Dragonite|Dragon Dance|p1a: Dragonite
|-boost|p1a: Dragonite|atk|1
|-boost|p1a: Dragonite|spe|1
|
|-damage|p1a: Dragonite|66/100 tox|[from] psn
|upkeep
|turn|5
|
|t:|1758979210
|switch|p1a: Landorus|Landorus-Therian, M|100/100
|-damage|p1a: Landorus|88/100|[from] Stealth Rock
|-ability|p1a: Landorus|Intimidate|boost
|-unboost|p2a: Landorus|atk|1
|switch|p2a: Zamazenta|Zamazenta|100/100
|-ability|p2a: Zamazenta|Dauntless Shield|boost
|-boost|p2a: Zamazenta|def|1
|
|upkeep
|turn|6
|
|t:|1758979222
|move|p2a: Zamazenta|Stone Edge|p1a: Landorus|[miss]
|-miss|p2a: Zamazenta|p1a: Landorus
|move|p1a: Landorus|Stealth Rock|p2a: Zamazenta
|-sidestart|p2: emspottie|move: Stealth Rock
|
|upkeep
|turn|7
|
|t:|1758979229
|move|p2a: Zamazenta|Stone Edge|p1a: Landorus
|-damage|p1a: Landorus|58/100
|move|p1a: Landorus|Earth Power|p2a: Zamazenta
|-damage|p2a: Zamazenta|75/100
|-unboost|p2a: Zamazenta|spd|1
|
|upkeep
|turn|8
|
|t:|1758979244
|switch|p2a: Landorus|Landorus-Therian, M|31/100
|-damage|p2a: Landorus|19/100|[from] Stealth Rock
|-ability|p2a: Landorus|Intimidate|boost
|-unboost|p1a: Landorus|atk|1
|move|p1a: Landorus|Earth Power|p2a: Landorus
|-immune|p2a: Landorus
|
|upkeep
|turn|9
|
|t:|1758979251
|move|p1a: Landorus|U-turn|p2a: Landorus
|-resisted|p2a: Landorus
|-damage|p2a: Landorus|13/100
|-damage|p1a: Landorus|42/100|[from] item: Rocky Helmet|[of] p2a: Landorus
|
|t:|1758979255
|switch|p1a: Dragonite|Dragonite, M|66/100 tox|[from] U-turn
|move|p2a: Landorus|U-turn|p1a: Dragonite
|-resisted|p1a: Dragonite
|-damage|p1a: Dragonite|54/100 tox
|
|t:|1758979262
|switch|p2a: Dragapult|Dragapult, F|100/100|[from] U-turn
|
|-damage|p1a: Dragonite|48/100 tox|[from] psn
|upkeep
|turn|10
|
|t:|1758979269
|move|p2a: Dragapult|Hex|p1a: Dragonite
|-damage|p1a: Dragonite|0 fnt
|faint|p1a: Dragonite
|
|upkeep
|
|t:|1758979276
|switch|p1a: Snorlax|Snorlax, M, shiny|100/100
|-damage|p1a: Snorlax|88/100|[from] Stealth Rock
|turn|11
|
|t:|1758979284
|move|p2a: Dragapult|U-turn|p1a: Snorlax
|-damage|p1a: Snorlax|71/100
|
|t:|1758979295
|switch|p2a: Landorus|Landorus-Therian, M|13/100|[from] U-turn
|-damage|p2a: Landorus|1/100|[from] Stealth Rock
|-ability|p2a: Landorus|Intimidate|boost
|-unboost|p1a: Snorlax|atk|1
|move|p1a: Snorlax|Curse|p1a: Snorlax
|-unboost|p1a: Snorlax|spe|1
|-boost|p1a: Snorlax|atk|1
|-boost|p1a: Snorlax|def|1
|
|-heal|p1a: Snorlax|77/100|[from] item: Leftovers
|upkeep
|turn|12
|
|t:|1758979303
|move|p2a: Landorus|Earth Power|p1a: Snorlax
|-damage|p1a: Snorlax|61/100
|move|p1a: Snorlax|Curse|p1a: Snorlax
|-unboost|p1a: Snorlax|spe|1
|-boost|p1a: Snorlax|atk|1
|-boost|p1a: Snorlax|def|1
|
|-heal|p1a: Snorlax|67/100|[from] item: Leftovers
|upkeep
|turn|13
|
|t:|1758979310
|move|p2a: Landorus|Earth Power|p1a: Snorlax
|-crit|p1a: Snorlax
|-damage|p1a: Snorlax|48/100
|move|p1a: Snorlax|Curse|p1a: Snorlax
|-unboost|p1a: Snorlax|spe|1
|-boost|p1a: Snorlax|atk|1
|-boost|p1a: Snorlax|def|1
|
|-heal|p1a: Snorlax|54/100|[from] item: Leftovers
|upkeep
|turn|14
|
|t:|1758979317
|move|p2a: Landorus|Earth Power|p1a: Snorlax
|-damage|p1a: Snorlax|41/100
|move|p1a: Snorlax|Curse|p1a: Snorlax
|-unboost|p1a: Snorlax|spe|1
|-boost|p1a: Snorlax|atk|1
|-boost|p1a: Snorlax|def|1
|
|-heal|p1a: Snorlax|47/100|[from] item: Leftovers
|upkeep
|turn|15
|
|t:|1758979325
|move|p2a: Landorus|Earth Power|p1a: Snorlax
|-damage|p1a: Snorlax|31/100
|move|p1a: Snorlax|Curse|p1a: Snorlax
|-unboost|p1a: Snorlax|spe|1
|-boost|p1a: Snorlax|atk|1
|-boost|p1a: Snorlax|def|1
|
|-heal|p1a: Snorlax|37/100|[from] item: Leftovers
|upkeep
|turn|16
|
|t:|1758979331
|move|p2a: Landorus|Earth Power|p1a: Snorlax
|-damage|p1a: Snorlax|23/100
|move|p1a: Snorlax|Rest|p1a: Snorlax
|-status|p1a: Snorlax|slp|[from] move: Rest
|-heal|p1a: Snorlax|100/100 slp|[silent]
|
|upkeep
|turn|17
|
|t:|1758979338
|move|p2a: Landorus|U-turn|p1a: Snorlax
|-damage|p1a: Snorlax|95/100 slp
|
|t:|1758979344
|switch|p2a: Slowking|Slowking-Galar, F|55/100|[from] U-turn
|cant|p1a: Snorlax|slp
|
|-heal|p1a: Snorlax|100/100 slp|[from] item: Leftovers
|upkeep
|turn|18
|
|t:|1758979350
|-prepare|p2a: Slowking|Chilly Reception|[premajor]
|move|p2a: Slowking|Chilly Reception|p2a: Slowking
|-weather|Snowscape
|
|t:|1758979357
|switch|p2a: Landorus|Landorus-Therian, M|1/100|[from] Chilly Reception
|-damage|p2a: Landorus|0 fnt|[from] Stealth Rock
|faint|p2a: Landorus
|cant|p1a: Snorlax|slp
|
|-weather|Snowscape|[upkeep]
|upkeep
|
|t:|1758979363
|switch|p2a: Ogerpon|Ogerpon-Wellspring, F|100/100
|-damage|p2a: Ogerpon|88/100|[from] Stealth Rock
|turn|19
|
|t:|1758979369
|move|p2a: Ogerpon|Encore|p1a: Snorlax
|-start|p1a: Snorlax|Encore
|-curestatus|p1a: Snorlax|slp|[msg]
|move|p1a: Snorlax|Rest|p1a: Snorlax
|-fail|p1a: Snorlax|heal
|
|-weather|Snowscape|[upkeep]
|upkeep
|turn|20
|
|t:|1758979376
|switch|p2a: Slowking|Slowking-Galar, F|89/100
|move|p1a: Snorlax|Rest|p1a: Snorlax
|-fail|p1a: Snorlax|heal
|
|-weather|Snowscape|[upkeep]
|upkeep
|turn|21
|
|t:|1758979382
|move|p2a: Slowking|Future Sight|p1a: Snorlax
|-start|p2a: Slowking|move: Future Sight
|move|p1a: Snorlax|Rest|p1a: Snorlax
|-fail|p1a: Snorlax|heal
|
|-weather|Snowscape|[upkeep]
|-end|p1a: Snorlax|Encore
|upkeep
|turn|22
|
|t:|1758979387
|switch|p2a: Ogerpon|Ogerpon-Wellspring, F|88/100
|-damage|p2a: Ogerpon|76/100|[from] Stealth Rock
|move|p1a: Snorlax|Body Slam|p2a: Ogerpon
|-damage|p2a: Ogerpon|0 fnt
|faint|p2a: Ogerpon
|
|-weather|none
|upkeep
|
|t:|1758979394
|switch|p2a: Dragapult|Dragapult, F|100/100
|turn|23
|
|t:|1758979400
|move|p2a: Dragapult|Will-O-Wisp|p1a: Snorlax
|-status|p1a: Snorlax|brn
|move|p1a: Snorlax|Heat Crash|p2a: Dragapult
|-resisted|p2a: Dragapult
|-damage|p2a: Dragapult|72/100
|
|-end|p1a: Snorlax|move: Future Sight
|-damage|p1a: Snorlax|79/100 brn
|-heal|p1a: Snorlax|85/100 brn|[from] item: Leftovers
|-damage|p1a: Snorlax|79/100 brn|[from] brn
|upkeep
|turn|24
|
|t:|1758979406
|move|p2a: Dragapult|U-turn|p1a: Snorlax
|-damage|p1a: Snorlax|73/100 brn
|
|t:|1758979413
|switch|p2a: Slowking|Slowking-Galar, F|100/100|[from] U-turn
|move|p1a: Snorlax|Curse|p1a: Snorlax
|-unboost|p1a: Snorlax|spe|1
|-boost|p1a: Snorlax|atk|1
|-boost|p1a: Snorlax|def|1
|
|-heal|p1a: Snorlax|79/100 brn|[from] item: Leftovers
|-damage|p1a: Snorlax|73/100 brn|[from] brn
|upkeep
|turn|25
|
|t:|1758979420
|-prepare|p2a: Slowking|Chilly Reception|[premajor]
|move|p2a: Slowking|Chilly Reception|p2a: Slowking
|-weather|Snowscape
|
|t:|1758979426
|switch|p2a: Zamazenta|Zamazenta|75/100|[from] Chilly Reception
|move|p1a: Snorlax|Body Slam|p2a: Zamazenta
|-damage|p2a: Zamazenta|24/100
|-status|p2a: Zamazenta|par
|
|-weather|Snowscape|[upkeep]
|-heal|p1a: Snorlax|79/100 brn|[from] item: Leftovers
|-damage|p1a: Snorlax|73/100 brn|[from] brn
|upkeep
|turn|26
|
|t:|1758979435
|move|p2a: Zamazenta|Stone Edge|p1a: Snorlax
|-damage|p1a: Snorlax|65/100 brn
|move|p1a: Snorlax|Body Slam|p2a: Zamazenta
|-damage|p2a: Zamazenta|0 fnt
|faint|p2a: Zamazenta
|
|-weather|Snowscape|[upkeep]
|-heal|p1a: Snorlax|71/100 brn|[from] item: Leftovers
|-damage|p1a: Snorlax|65/100 brn|[from] brn
|upkeep
|
|t:|1758979442
|switch|p2a: Slowking|Slowking-Galar, F|100/100
|turn|27
|
|t:|1758979448
|move|p2a: Slowking|Sludge Bomb|p1a: Snorlax
|-damage|p1a: Snorlax|50/100 brn
|move|p1a: Snorlax|Rest|p1a: Snorlax
|-status|p1a: Snorlax|slp|[from] move: Rest
|-heal|p1a: Snorlax|100/100 slp|[silent]
|
|-weather|Snowscape|[upkeep]
|upkeep
|turn|28
|
|t:|1758979453
|move|p2a: Slowking|Future Sight|p1a: Snorlax
|-start|p2a: Slowking|move: Future Sight
|cant|p1a: Snorlax|slp
|
|-weather|Snowscape|[upkeep]
|upkeep
|turn|29
|
|t:|1758979460
|-prepare|p2a: Slowking|Chilly Reception|[premajor]
|move|p2a: Slowking|Chilly Reception|p2a: Slowking
|
|t:|1758979465
|switch|p2a: Kingambit|Kingambit, F|100/100|[from] Chilly Reception
|-damage|p2a: Kingambit|94/100|[from] Stealth Rock
|-activate|p2a: Kingambit|ability: Supreme Overlord
|-start|p2a: Kingambit|fallen3|[silent]
|cant|p1a: Snorlax|slp
|
|-weather|none
|-heal|p2a: Kingambit|100/100|[from] item: Leftovers
|upkeep
|turn|30
|
|t:|1758979472
|move|p2a: Kingambit|Kowtow Cleave|p1a: Snorlax
|-damage|p1a: Snorlax|86/100 slp
|-curestatus|p1a: Snorlax|slp|[msg]
|move|p1a: Snorlax|Heat Crash|p2a: Kingambit
|-supereffective|p2a: Kingambit
|-damage|p2a: Kingambit|0 fnt
|faint|p2a: Kingambit
|-end|p2a: Kingambit|fallen3|[silent]
|
|-end|p1a: Snorlax|move: Future Sight
|-damage|p1a: Snorlax|65/100
|-heal|p1a: Snorlax|71/100|[from] item: Leftovers
|upkeep
|
|t:|1758979482
|switch|p2a: Dragapult|Dragapult, F|72/100
|turn|31
|
|t:|1758979489
|move|p2a: Dragapult|Will-O-Wisp|p1a: Snorlax
|-status|p1a: Snorlax|brn
|move|p1a: Snorlax|Heat Crash|p2a: Dragapult
|-resisted|p2a: Dragapult
|-damage|p2a: Dragapult|38/100
|
|-heal|p1a: Snorlax|77/100 brn|[from] item: Leftovers
|-damage|p1a: Snorlax|71/100 brn|[from] brn
|upkeep
|turn|32
|
|t:|1758979496
|move|p2a: Dragapult|U-turn|p1a: Snorlax
|-damage|p1a: Snorlax|66/100 brn
|-message|emspottie forfeited.
|
|win|Azunail
|raw|Azunail's rating: 1446 &rarr; <strong>1468</strong><br />(+22 for winning)
|raw|emspottie's rating: 1479 &rarr; <strong>1457</strong><br />(-22 for losing)
|c|☆emspottie|gg
|l|☆emspottie
|player|p2|
|l|☆Azunail
|player|p1|
