|j|☆TheTired
|j|☆Megumin's Husband
|t:|1759022170
|gametype|singles
|player|p1|TheTired|larry|1587
|player|p2|Megumin's Husband|guitarist|1604
|gen|9
|tier|[Gen 9] OU
|rated|
|rule|HP Percentage Mod: HP is shown in percentages
|rule|Endless Battle Clause: Forcing endless battles is banned
|rule|Species Clause: Limit one of each Pokémon
|rule|OHKO Clause: OHKO moves are banned
|rule|Evasion Items Clause: Evasion items are banned
|rule|Evasion Moves Clause: Evasion moves are banned
|rule|Evasion Abilities Clause: Evasion abilities are banned
|rule|Sleep Moves Clause: Sleep-inducing moves are banned
|clearpoke
|poke|p1|Indeedee, M|
|poke|p1|Hatterene, F|
|poke|p1|Ursaluna, F|
|poke|p1|Iron Hands|
|poke|p1|Hoopa-Unbound|
|poke|p1|Mimikyu, F|
|poke|p2|Pecharunt|
|poke|p2|Primarina, F|
|poke|p2|Heatran, M|
|poke|p2|Great Tusk|
|poke|p2|Weavile, F|
|poke|p2|Ogerpon, F|
|teampreview
|inactive|Battle timer is ON: inactive players will automatically lose when time's up. (requested by TheTired)
|inactive|Megumin's Husband has 120 seconds left.
|inactive|Megumin's Husband has 90 seconds left.
|
|t:|1759022254
|teamsize|p1|6
|teamsize|p2|6
|start
|switch|p1a: Indeedee|Indeedee, M, shiny|100/100
|switch|p2a: Weavile|Weavile, F|100/100
|-ability|p2a: Weavile|Pressure
|-fieldstart|move: Psychic Terrain|[from] ability: Psychic Surge|[of] p1a: Indeedee
|turn|1
|
|t:|1759022259
|switch|p1a: Iron Hands|Iron Hands|100/100
|-enditem|p1a: Iron Hands|Booster Energy
|-activate|p1a: Iron Hands|ability: Quark Drive|[fromitem]
|-start|p1a: Iron Hands|quarkdriveatk
|move|p2a: Weavile|Knock Off|p1a: Iron Hands
|-resisted|p1a: Iron Hands
|-crit|p1a: Iron Hands
|-damage|p1a: Iron Hands|76/100
|
|upkeep
|turn|2
|
|t:|1759022274
|-end|p1a: Iron Hands|Quark Drive|[silent]
|switch|p1a: Hoopa|Hoopa-Unbound|100/100
|-enditem|p1a: Hoopa|Psychic Seed
|-boost|p1a: Hoopa|spd|1|[from] item: Psychic Seed
|move|p2a: Weavile|Knock Off|p1a: Hoopa
|-damage|p1a: Hoopa|47/100
|
|upkeep
|turn|3
|
|t:|1759022289
|move|p2a: Weavile|Knock Off|p1a: Hoopa
|-damage|p1a: Hoopa|0 fnt
|faint|p1a: Hoopa
|
|upkeep
|
|t:|1759022296
|switch|p1a: Hatterene|Hatterene, F, shiny|100/100
|turn|4
|
|t:|1759022303
|switch|p2a: Heatran|Heatran, M, shiny|100/100
|-item|p2a: Heatran|Air Balloon
|move|p1a: Hatterene|Trick Room|p1a: Hatterene
|-fieldstart|move: Trick Room|[of] p1a: Hatterene
|
|upkeep
|turn|5
|
|t:|1759022314
|switch|p1a: Iron Hands|Iron Hands|76/100
|move|p2a: Heatran|Lava Plume|p1a: Iron Hands
|-damage|p1a: Iron Hands|48/100
|
|upkeep
|turn|6
|inactive|Megumin's Husband has 120 seconds left.
|inactive|Megumin's Husband has 90 seconds left.
|inactive|Megumin's Husband has 60 seconds left.
|inactive|Megumin's Husband has 30 seconds left.
|inactive|Megumin's Husband has 20 seconds left.
|
|t:|1759022445
|-end|p1a: Iron Hands|Quark Drive|[silent]
|switch|p1a: Ursaluna|Ursaluna, F, shiny|100/100
|switch|p2a: Pecharunt|Pecharunt|100/100
|
|-status|p1a: Ursaluna|brn|[from] item: Flame Orb
|upkeep
|turn|7
|inactive|Megumin's Husband has 30 seconds left this turn.
|
|t:|1759022474
|move|p1a: Ursaluna|Headlong Rush|p2a: Pecharunt
|-supereffective|p2a: Pecharunt
|-damage|p2a: Pecharunt|5/100
|-unboost|p1a: Ursaluna|def|1
|-unboost|p1a: Ursaluna|spd|1
|-damage|p1a: Ursaluna|84/100 brn|[from] item: Rocky Helmet|[of] p2a: Pecharunt
|move|p2a: Pecharunt|Parting Shot|p1a: Ursaluna
|-unboost|p1a: Ursaluna|atk|1
|-unboost|p1a: Ursaluna|spa|1
|inactive|Megumin's Husband has 30 seconds left this turn.
|
|t:|1759022481
|switch|p2a: Weavile|Weavile, F|100/100|[from] Parting Shot
|-ability|p2a: Weavile|Pressure
|
|-damage|p1a: Ursaluna|78/100 brn|[from] brn
|upkeep
|turn|8
|
|t:|1759022485
|switch|p1a: Iron Hands|Iron Hands|48/100
|switch|p2a: Pecharunt|Pecharunt|5/100
|
|-fieldend|move: Trick Room
|-fieldend|move: Psychic Terrain
|upkeep
|turn|9
|
|t:|1759022495
|-end|p1a: Iron Hands|Quark Drive|[silent]
|switch|p1a: Indeedee|Indeedee, M, shiny|100/100
|-fieldstart|move: Psychic Terrain|[from] ability: Psychic Surge|[of] p1a: Indeedee
|move|p2a: Pecharunt|Malignant Chain|p1a: Indeedee
|-damage|p1a: Indeedee|69/100
|
|upkeep
|turn|10
|
|t:|1759022510
|move|p2a: Pecharunt|Parting Shot|p1a: Indeedee
|-unboost|p1a: Indeedee|atk|1
|-unboost|p1a: Indeedee|spa|1
|
|t:|1759022513
|switch|p2a: Primarina|Primarina, F|100/100|[from] Parting Shot
|move|p1a: Indeedee|Trick Room|p1a: Indeedee
|-fieldstart|move: Trick Room|[of] p1a: Indeedee
|
|upkeep
|turn|11
|
|t:|1759022519
|switch|p1a: Hatterene|Hatterene, F, shiny|100/100
|move|p2a: Primarina|Moonblast|p1a: Hatterene
|-damage|p1a: Hatterene|48/100
|-unboost|p1a: Hatterene|spa|1
|
|upkeep
|turn|12
|inactive|Megumin's Husband has 60 seconds left.
|
|t:|1759022530
|move|p1a: Hatterene|Draining Kiss|p2a: Primarina
|-damage|p2a: Primarina|87/100
|-heal|p1a: Hatterene|59/100|[from] drain|[of] p2a: Primarina
|-damage|p1a: Hatterene|50/100|[from] item: Life Orb
|move|p2a: Primarina|Moonblast|p1a: Hatterene
|-damage|p1a: Hatterene|0 fnt
|faint|p1a: Hatterene
|
|upkeep
|
|t:|1759022538
|switch|p1a: Ursaluna|Ursaluna, F, shiny|78/100 brn
|turn|13
|inactive|Megumin's Husband has 60 seconds left.
|
|t:|1759022552
|switch|p2a: Great Tusk|Great Tusk|100/100
|-terastallize|p1a: Ursaluna|Normal
|move|p1a: Ursaluna|Supercell Slam|p2a: Great Tusk
|-immune|p2a: Great Tusk
|-damage|p1a: Ursaluna|28/100 brn|[from] supercellslam
|
|-damage|p1a: Ursaluna|22/100 brn|[from] brn
|upkeep
|turn|14
|
|t:|1759022562
|-end|p2a: Great Tusk|Protosynthesis|[silent]
|switch|p2a: Pecharunt|Pecharunt|5/100
|move|p1a: Ursaluna|Facade|p2a: Pecharunt
|-immune|p2a: Pecharunt
|
|-damage|p1a: Ursaluna|16/100 brn|[from] brn
|-fieldend|move: Trick Room
|upkeep
|turn|15
|-message|TheTired forfeited.
|
|win|Megumin's Husband
|raw|TheTired's rating: 1587 &rarr; <strong>1568</strong><br />(-19 for losing)
|raw|Megumin&apos;s Husband's rating: 1604 &rarr; <strong>1623</strong><br />(+19 for winning)
|l|☆TheTired
|player|p1|
