|j|☆Team philippines
|j|☆akijuen
|t:|1759061996
|gametype|singles
|player|p1|Team philippines|2|1579
|player|p2|akijuen|170|1563
|gen|9
|tier|[Gen 9] OU
|rated|
|rule|HP Percentage Mod: HP is shown in percentages
|rule|Endless Battle Clause: Forcing endless battles is banned
|rule|Species Clause: Limit one of each Pokémon
|rule|OHKO Clause: OHKO moves are banned
|rule|Evasion Items Clause: Evasion items are banned
|rule|Evasion Moves Clause: Evasion moves are banned
|rule|Evasion Abilities Clause: Evasion abilities are banned
|rule|Sleep Moves Clause: Sleep-inducing moves are banned
|clearpoke
|poke|p1|Slowking-Galar, M|
|poke|p1|Conkeldurr, F|
|poke|p1|Dragapult, M|
|poke|p1|Corviknight, F|
|poke|p1|Darkrai|
|poke|p1|Heatran, M|
|poke|p2|Pelipper, F|
|poke|p2|Hatterene, F|
|poke|p2|Iron Treads|
|poke|p2|Toxicroak, F|
|poke|p2|Barraskewda, F|
|poke|p2|Zapdos|
|teampreview
|inactive|Battle timer is ON: inactive players will automatically lose when time's up. (requested by akijuen)
|
|t:|1759062009
|teamsize|p1|6
|teamsize|p2|6
|start
|switch|p1a: Conkeldurr|Conkeldurr, F, shiny|100/100
|switch|p2a: Iron Treads|Iron Treads|100/100
|turn|1
|
|t:|1759062019
|move|p2a: Iron Treads|Volt Switch|p1a: Conkeldurr
|-damage|p1a: Conkeldurr|88/100
|
|t:|1759062022
|-end|p2a: Iron Treads|Quark Drive|[silent]
|switch|p2a: Hatterene|Hatterene, F|100/100|[from] Volt Switch
|move|p1a: Conkeldurr|Thunder Punch|p2a: Hatterene
|-damage|p2a: Hatterene|73/100
|-enditem|p2a: Hatterene|Eject Button
|
|t:|1759062026
|switch|p2a: Zapdos|Zapdos|100/100
|
|-status|p1a: Conkeldurr|brn|[from] item: Flame Orb
|upkeep
|turn|2
|
|t:|1759062037
|switch|p1a: Slowking|Slowking-Galar, M, shiny|100/100
|move|p2a: Zapdos|Volt Switch|p1a: Slowking
|-damage|p1a: Slowking|72/100
|
|t:|1759062046
|switch|p2a: Iron Treads|Iron Treads|100/100|[from] Volt Switch
|
|upkeep
|turn|3
|
|t:|1759062052
|switch|p1a: Corviknight|Corviknight, F, shiny|100/100
|-ability|p1a: Corviknight|Pressure
|move|p2a: Iron Treads|Stealth Rock|p1a: Corviknight
|-sidestart|p1: Team philippines|move: Stealth Rock
|
|upkeep
|turn|4
|
|t:|1759062068
|move|p2a: Iron Treads|Volt Switch|p1a: Corviknight
|-supereffective|p1a: Corviknight
|-damage|p1a: Corviknight|79/100
|
|t:|1759062071
|-end|p2a: Iron Treads|Quark Drive|[silent]
|switch|p2a: Zapdos|Zapdos|100/100|[from] Volt Switch
|move|p1a: Corviknight|U-turn|p2a: Zapdos
|-resisted|p2a: Zapdos
|-damage|p2a: Zapdos|91/100
|l|☆Team philippines
|inactive|Team philippines disconnected and has a minute to reconnect!
|player|p1|
|j|☆Team philippines
|inactive|Team philippines reconnected and has 110 seconds left.
|player|p1|Team philippines|2|
|
|t:|1759062120
|switch|p1a: Slowking|Slowking-Galar, M, shiny|100/100|[from] U-turn
|-damage|p1a: Slowking|88/100|[from] Stealth Rock
|
|upkeep
|turn|5
|
|t:|1759062125
|move|p2a: Zapdos|Volt Switch|p1a: Slowking
|-damage|p1a: Slowking|58/100
|
|t:|1759062128
|switch|p2a: Iron Treads|Iron Treads|100/100|[from] Volt Switch
|move|p1a: Slowking|Flamethrower|p2a: Iron Treads
|-supereffective|p2a: Iron Treads
|-damage|p2a: Iron Treads|50/100
|
|-heal|p2a: Iron Treads|56/100|[from] item: Leftovers
|upkeep
|turn|6
|
|t:|1759062139
|move|p2a: Iron Treads|Earthquake|p1a: Slowking
|-supereffective|p1a: Slowking
|-damage|p1a: Slowking|0 fnt
|faint|p1a: Slowking
|
|-heal|p2a: Iron Treads|62/100|[from] item: Leftovers
|upkeep
|
|t:|1759062148
|switch|p1a: Conkeldurr|Conkeldurr, F, shiny|88/100 brn
|-damage|p1a: Conkeldurr|82/100 brn|[from] Stealth Rock
|turn|7
|
|t:|1759062160
|move|p1a: Conkeldurr|Mach Punch|p2a: Iron Treads
|-supereffective|p2a: Iron Treads
|-damage|p2a: Iron Treads|10/100
|move|p2a: Iron Treads|Volt Switch|p1a: Conkeldurr
|-damage|p1a: Conkeldurr|69/100 brn
|
|t:|1759062166
|-end|p2a: Iron Treads|Quark Drive|[silent]
|switch|p2a: Zapdos|Zapdos|91/100|[from] Volt Switch
|
|-damage|p1a: Conkeldurr|63/100 brn|[from] brn
|upkeep
|turn|8
|inactive|Team philippines has 120 seconds left.
|
|t:|1759062185
|switch|p1a: Dragapult|Dragapult, M|100/100
|-damage|p1a: Dragapult|88/100|[from] Stealth Rock
|move|p2a: Zapdos|Volt Switch|p1a: Dragapult
|-resisted|p1a: Dragapult
|-crit|p1a: Dragapult
|-damage|p1a: Dragapult|36/100
|
|t:|1759062194
|switch|p2a: Pelipper|Pelipper, F|100/100|[from] Volt Switch
|-weather|RainDance|[from] ability: Drizzle|[of] p2a: Pelipper
|
|-weather|RainDance|[upkeep]
|upkeep
|turn|9
|inactive|Team philippines has 120 seconds left.
|
|t:|1759062202
|switch|p2a: Iron Treads|Iron Treads|10/100
|move|p1a: Dragapult|U-turn|p2a: Iron Treads
|-resisted|p2a: Iron Treads
|-crit|p2a: Iron Treads
|-damage|p2a: Iron Treads|0 fnt
|faint|p2a: Iron Treads
|-end|p2a: Iron Treads|Quark Drive|[silent]
|inactive|Team philippines has 120 seconds left.
|
|t:|1759062208
|switch|p1a: Darkrai|Darkrai|100/100|[from] U-turn
|-damage|p1a: Darkrai|88/100|[from] Stealth Rock
|
|-weather|RainDance|[upkeep]
|upkeep
|
|t:|1759062211
|switch|p2a: Barraskewda|Barraskewda, F|100/100
|turn|10
|j| Ctannn
|
|t:|1759062214
|move|p2a: Barraskewda|Liquidation|p1a: Darkrai
|-damage|p1a: Darkrai|0 fnt
|faint|p1a: Darkrai
|
|-weather|RainDance|[upkeep]
|upkeep
|l|☆Team philippines
|inactive|Team philippines disconnected and has a minute to reconnect!
|player|p1|
|j|☆Team philippines
|inactive|Team philippines reconnected and has 120 seconds left.
|player|p1|Team philippines|2|
|inactive|Team philippines has 90 seconds left.
|
|t:|1759062266
|switch|p1a: Conkeldurr|Conkeldurr, F, shiny|63/100 brn
|-damage|p1a: Conkeldurr|57/100 brn|[from] Stealth Rock
|turn|11
|
|t:|1759062274
|switch|p2a: Toxicroak|Toxicroak, F|100/100
|move|p1a: Conkeldurr|Mach Punch|p2a: Toxicroak
|-resisted|p2a: Toxicroak
|-damage|p2a: Toxicroak|84/100
|-damage|p1a: Conkeldurr|40/100 brn|[from] item: Rocky Helmet|[of] p2a: Toxicroak
|
|-weather|RainDance|[upkeep]
|-heal|p2a: Toxicroak|96/100|[from] ability: Dry Skin
|-damage|p1a: Conkeldurr|34/100 brn|[from] brn
|upkeep
|turn|12
|
|t:|1759062279
|switch|p1a: Corviknight|Corviknight, F, shiny|79/100
|-damage|p1a: Corviknight|67/100|[from] Stealth Rock
|-ability|p1a: Corviknight|Pressure
|move|p2a: Toxicroak|Encore||[still]
|-fail|p2a: Toxicroak
|
|-weather|RainDance|[upkeep]
|-heal|p2a: Toxicroak|100/100|[from] ability: Dry Skin
|upkeep
|turn|13
|
|t:|1759062285
|switch|p2a: Zapdos|Zapdos|91/100
|move|p1a: Corviknight|Defog|p2a: Zapdos
|-unboost|p2a: Zapdos|evasion|1
|-sideend|p1: Team philippines|Stealth Rock|[from] move: Defog|[of] p1a: Corviknight
|
|-weather|RainDance|[upkeep]
|upkeep
|turn|14
|
|t:|1759062301
|switch|p1a: Conkeldurr|Conkeldurr, F, shiny|34/100 brn
|move|p2a: Zapdos|Volt Switch|p1a: Conkeldurr
|-damage|p1a: Conkeldurr|0 fnt
|faint|p1a: Conkeldurr
|
|t:|1759062305
|switch|p2a: Pelipper|Pelipper, F|100/100|[from] Volt Switch
|
|-weather|RainDance|[upkeep]
|upkeep
|inactive|Team philippines has 90 seconds left.
|inactive|Team philippines has 60 seconds left.
|j| Koga_Ninja_Frog
|inactive|Team philippines has 30 seconds left.
|inactive|Team philippines has 20 seconds left.
|inactive|Team philippines has 15 seconds left.
|inactive|Team philippines has 10 seconds left.
|inactive|Team philippines has 5 seconds left.
|
|t:|1759062418
|switch|p1a: Dragapult|Dragapult, M|36/100
|turn|15
|inactive|Team philippines has 15 seconds left this turn.
|
|t:|1759062424
|switch|p2a: Hatterene|Hatterene, F|73/100
|-terastallize|p1a: Dragapult|Ghost
|move|p1a: Dragapult|Tera Blast|p2a: Hatterene|[anim] Tera Blast Ghost
|-supereffective|p2a: Hatterene
|-damage|p2a: Hatterene|0 fnt
|faint|p2a: Hatterene
|
|-weather|none
|upkeep
|
|t:|1759062429
|switch|p2a: Pelipper|Pelipper, F|100/100
|-weather|RainDance|[from] ability: Drizzle|[of] p2a: Pelipper
|turn|16
|inactive|Team philippines has 30 seconds left this turn.
|l| Koga_Ninja_Frog
|inactive|Team philippines has 20 seconds left.
|inactive|Team philippines has 15 seconds left.
|inactive|Team philippines has 10 seconds left.
|inactive|Team philippines has 5 seconds left.
|
|t:|1759062458
|switch|p1a: Heatran|Heatran, M|100/100
|move|p2a: Pelipper|U-turn|p1a: Heatran
|-resisted|p1a: Heatran
|-damage|p1a: Heatran|98/100
|
|t:|1759062462
|switch|p2a: Barraskewda|Barraskewda, F|100/100|[from] U-turn
|
|-weather|RainDance|[upkeep]
|-heal|p1a: Heatran|100/100|[from] item: Leftovers
|upkeep
|turn|17
|inactive|Team philippines has 20 seconds left this turn.
|
|t:|1759062465
|-terastallize|p2a: Barraskewda|Water
|move|p1a: Heatran|Protect|p1a: Heatran
|-singleturn|p1a: Heatran|Protect
|move|p2a: Barraskewda|Liquidation|p1a: Heatran
|-activate|p1a: Heatran|move: Protect
|
|-weather|RainDance|[upkeep]
|upkeep
|turn|18
|inactive|Team philippines has 30 seconds left this turn.
|inactive|Team philippines has 20 seconds left.
|
|t:|1759062480
|move|p1a: Heatran|Protect||[still]
|-fail|p1a: Heatran
|move|p2a: Barraskewda|Liquidation|p1a: Heatran
|-supereffective|p1a: Heatran
|-damage|p1a: Heatran|0 fnt
|faint|p1a: Heatran
|
|-weather|RainDance|[upkeep]
|upkeep
|inactive|Team philippines has 25 seconds left this turn.
|
|t:|1759062484
|switch|p1a: Dragapult|Dragapult, M, tera:Ghost|36/100
|turn|19
|
|t:|1759062488
|switch|p2a: Toxicroak|Toxicroak, F|100/100
|move|p1a: Dragapult|Tera Blast|p2a: Toxicroak|[anim] Tera Blast Ghost
|-damage|p2a: Toxicroak|25/100
|
|-weather|RainDance|[upkeep]
|-heal|p2a: Toxicroak|38/100|[from] ability: Dry Skin
|upkeep
|turn|20
|
|t:|1759062493
|switch|p1a: Corviknight|Corviknight, F, shiny|67/100
|-ability|p1a: Corviknight|Pressure
|move|p2a: Toxicroak|Knock Off|p1a: Corviknight
|-damage|p1a: Corviknight|53/100
|-damage|p2a: Toxicroak|21/100|[from] item: Rocky Helmet|[of] p1a: Corviknight
|-enditem|p1a: Corviknight|Rocky Helmet|[from] move: Knock Off|[of] p2a: Toxicroak
|
|-weather|RainDance|[upkeep]
|-heal|p2a: Toxicroak|34/100|[from] ability: Dry Skin
|upkeep
|turn|21
|
|t:|1759062504
|switch|p2a: Zapdos|Zapdos|91/100
|move|p1a: Corviknight|Roost|p1a: Corviknight
|-heal|p1a: Corviknight|100/100
|-singleturn|p1a: Corviknight|move: Roost
|
|-weather|RainDance|[upkeep]
|upkeep
|turn|22
|c|☆akijuen|gg
|
|t:|1759062510
|move|p2a: Zapdos|Volt Switch|p1a: Corviknight
|-supereffective|p1a: Corviknight
|-damage|p1a: Corviknight|0 fnt
|faint|p1a: Corviknight
|
|t:|1759062516
|switch|p2a: Barraskewda|Barraskewda, F, tera:Water|100/100|[from] Volt Switch
|
|-weather|RainDance|[upkeep]
|upkeep
|
|t:|1759062520
|switch|p1a: Dragapult|Dragapult, M, tera:Ghost|36/100
|turn|23
|
|t:|1759062523
|move|p2a: Barraskewda|Aqua Jet|p1a: Dragapult
|-damage|p1a: Dragapult|0 fnt
|faint|p1a: Dragapult
|
|win|akijuen
|raw|Team philippines's rating: 1579 &rarr; <strong>1558</strong><br />(-21 for losing)
|raw|akijuen's rating: 1563 &rarr; <strong>1584</strong><br />(+21 for winning)
|l|☆Team philippines
|player|p1|
|l|☆akijuen
|player|p2|
|l| Ctannn
