|j|☆garg is back
|j|☆Johnny tots
|t:|1758921065
|gametype|singles
|player|p1|garg is back|ninjaboy|1635
|player|p2|Johnny tots|2|1616
|gen|9
|tier|[Gen 9] OU
|rated|
|rule|HP Percentage Mod: HP is shown in percentages
|rule|Endless Battle Clause: Forcing endless battles is banned
|rule|Species Clause: Limit one of each Pokémon
|rule|OHKO Clause: OHKO moves are banned
|rule|Evasion Items Clause: Evasion items are banned
|rule|Evasion Moves Clause: Evasion moves are banned
|rule|Evasion Abilities Clause: Evasion abilities are banned
|rule|Sleep Moves Clause: Sleep-inducing moves are banned
|clearpoke
|poke|p1|Meowscarada, F|
|poke|p1|Corviknight, M|
|poke|p1|Uxie|
|poke|p1|Iron Valiant|
|poke|p1|Dragapult, M|
|poke|p1|Alomomola, M|
|poke|p2|Rillaboom, F|
|poke|p2|Klefki, M|
|poke|p2|Manaphy|
|poke|p2|Ogerpon-Wellspring, F|
|poke|p2|Clefable, M|
|poke|p2|Dragapult, M|
|teampreview
|inactive|Battle timer is ON: inactive players will automatically lose when time's up. (requested by Johnny tots)
|
|t:|1758921073
|teamsize|p1|6
|teamsize|p2|6
|start
|switch|p1a: Uxie|Uxie|100/100
|switch|p2a: Rillaboom|Rillaboom, F|100/100
|-fieldstart|move: Grassy Terrain|[from] ability: Grassy Surge|[of] p2a: Rillaboom
|turn|1
|
|t:|1758921076
|move|p2a: Rillaboom|Knock Off|p1a: Uxie
|-supereffective|p1a: Uxie
|-damage|p1a: Uxie|48/100
|-enditem|p1a: Uxie|Leftovers|[from] move: Knock Off|[of] p2a: Rillaboom
|move|p1a: Uxie|Stealth Rock|p2a: Rillaboom
|-sidestart|p2: Johnny tots|move: Stealth Rock
|
|upkeep
|turn|2
|
|t:|1758921081
|move|p2a: Rillaboom|Bulk Up|p2a: Rillaboom
|-boost|p2a: Rillaboom|atk|1
|-boost|p2a: Rillaboom|def|1
|move|p1a: Uxie|U-turn|p2a: Rillaboom
|-supereffective|p2a: Rillaboom
|-damage|p2a: Rillaboom|84/100
|
|t:|1758921084
|switch|p1a: Meowscarada|Meowscarada, F|100/100|[from] U-turn
|
|-heal|p2a: Rillaboom|90/100|[from] Grassy Terrain
|upkeep
|turn|3
|
|t:|1758921087
|move|p1a: Meowscarada|U-turn|p2a: Rillaboom
|-start|p1a: Meowscarada|typechange|Bug|[from] ability: Protean
|-supereffective|p2a: Rillaboom
|-damage|p2a: Rillaboom|43/100
|
|t:|1758921089
|switch|p1a: Corviknight|Corviknight, M|100/100|[from] U-turn
|-ability|p1a: Corviknight|Pressure
|move|p2a: Rillaboom|Knock Off|p1a: Corviknight
|-damage|p1a: Corviknight|71/100
|-damage|p2a: Rillaboom|27/100|[from] item: Rocky Helmet|[of] p1a: Corviknight
|-enditem|p1a: Corviknight|Rocky Helmet|[from] move: Knock Off|[of] p2a: Rillaboom
|
|-heal|p2a: Rillaboom|33/100|[from] Grassy Terrain
|upkeep
|turn|4
|
|t:|1758921095
|switch|p2a: Klefki|Klefki, M|100/100
|-damage|p2a: Klefki|95/100|[from] Stealth Rock
|move|p1a: Corviknight|Roost|p1a: Corviknight
|-heal|p1a: Corviknight|100/100
|-singleturn|p1a: Corviknight|move: Roost
|
|-heal|p2a: Klefki|100/100|[from] Grassy Terrain
|upkeep
|turn|5
|
|t:|1758921098
|move|p2a: Klefki|Reflect|p2a: Klefki
|-sidestart|p2: Johnny tots|Reflect
|move|p1a: Corviknight|U-turn|p2a: Klefki
|-resisted|p2a: Klefki
|-damage|p2a: Klefki|99/100
|
|t:|1758921102
|switch|p1a: Uxie|Uxie|48/100|[from] U-turn
|
|-heal|p2a: Klefki|100/100|[from] Grassy Terrain
|upkeep
|turn|6
|
|t:|1758921103
|move|p2a: Klefki|Thunder Wave|p1a: Uxie|[miss]
|-miss|p2a: Klefki|p1a: Uxie
|move|p1a: Uxie|Encore|p2a: Klefki
|-start|p2a: Klefki|Encore
|
|upkeep
|turn|7
|
|t:|1758921109
|switch|p2a: Clefable|Clefable, M|100/100
|move|p1a: Uxie|U-turn|p2a: Clefable
|-resisted|p2a: Clefable
|-damage|p2a: Clefable|97/100
|c|☆Johnny tots|Huh
|
|t:|1758921124
|switch|p1a: Meowscarada|Meowscarada, F|100/100|[from] U-turn
|
|-heal|p2a: Clefable|100/100|[from] Grassy Terrain
|upkeep
|turn|8
|
|t:|1758921132
|move|p1a: Meowscarada|Flower Trick|p2a: Clefable
|-start|p1a: Meowscarada|typechange|Grass|[from] ability: Protean
|-crit|p2a: Clefable
|-damage|p2a: Clefable|37/100
|move|p2a: Clefable|Moonblast|p1a: Meowscarada
|-damage|p1a: Meowscarada|39/100
|
|-heal|p1a: Meowscarada|45/100|[from] Grassy Terrain
|-heal|p2a: Clefable|43/100|[from] Grassy Terrain
|-heal|p2a: Clefable|49/100|[from] item: Leftovers
|-fieldend|move: Grassy Terrain
|upkeep
|turn|9
|
|t:|1758921139
|move|p1a: Meowscarada|Flower Trick|p2a: Clefable
|-crit|p2a: Clefable
|-damage|p2a: Clefable|5/100
|move|p2a: Clefable|Moonblast|p1a: Meowscarada
|-damage|p1a: Meowscarada|0 fnt
|faint|p1a: Meowscarada
|
|-heal|p2a: Clefable|11/100|[from] item: Leftovers
|upkeep
|c|☆Johnny tots|Gg
|
|t:|1758921143
|switch|p1a: Iron Valiant|Iron Valiant|100/100
|turn|10
|
|t:|1758921147
|move|p1a: Iron Valiant|Moonblast|p2a: Clefable
|-damage|p2a: Clefable|0 fnt
|faint|p2a: Clefable
|
|upkeep
|
|t:|1758921148
|switch|p2a: Klefki|Klefki, M|100/100
|-damage|p2a: Klefki|95/100|[from] Stealth Rock
|turn|11
|
|t:|1758921153
|-end|p1a: Iron Valiant|Quark Drive|[silent]
|switch|p1a: Corviknight|Corviknight, M|100/100
|-ability|p1a: Corviknight|Pressure
|move|p2a: Klefki|Thunder Wave|p1a: Corviknight
|-status|p1a: Corviknight|par
|
|upkeep
|turn|12
|
|t:|1758921156
|move|p2a: Klefki|Spikes|p1a: Corviknight
|-sidestart|p1: garg is back|Spikes
|cant|p1a: Corviknight|par
|
|-sideend|p2: Johnny tots|Reflect
|upkeep
|turn|13
|
|t:|1758921159
|move|p2a: Klefki|Reflect|p2a: Klefki
|-sidestart|p2: Johnny tots|Reflect
|cant|p1a: Corviknight|par
|
|upkeep
|turn|14
|
|t:|1758921161
|move|p2a: Klefki|Light Screen|p2a: Klefki
|-sidestart|p2: Johnny tots|move: Light Screen
|move|p1a: Corviknight|Defog|p2a: Klefki
|-unboost|p2a: Klefki|evasion|1
|-sideend|p2: Johnny tots|Reflect
|-sideend|p2: Johnny tots|move: Light Screen
|-sideend|p2: Johnny tots|Stealth Rock|[from] move: Defog|[of] p1a: Corviknight
|-sideend|p1: garg is back|Spikes|[from] move: Defog|[of] p1a: Corviknight
|
|upkeep
|turn|15
|
|t:|1758921169
|move|p2a: Klefki|Reflect|p2a: Klefki
|-sidestart|p2: Johnny tots|Reflect
|move|p1a: Corviknight|U-turn|p2a: Klefki
|-resisted|p2a: Klefki
|-damage|p2a: Klefki|93/100
|
|t:|1758921172
|switch|p1a: Iron Valiant|Iron Valiant|100/100|[from] U-turn
|
|upkeep
|turn|16
|
|t:|1758921175
|move|p2a: Klefki|Thunder Wave|p1a: Iron Valiant
|-status|p1a: Iron Valiant|par
|move|p1a: Iron Valiant|Thunderbolt|p2a: Klefki
|-damage|p2a: Klefki|37/100
|
|upkeep
|turn|17
|
|t:|1758921180
|move|p2a: Klefki|Light Screen|p2a: Klefki
|-sidestart|p2: Johnny tots|move: Light Screen
|move|p1a: Iron Valiant|Thunderbolt|p2a: Klefki
|-damage|p2a: Klefki|12/100
|
|upkeep
|turn|18
|
|t:|1758921182
|switch|p2a: Rillaboom|Rillaboom, F|33/100
|-fieldstart|move: Grassy Terrain|[from] ability: Grassy Surge|[of] p2a: Rillaboom
|move|p1a: Iron Valiant|Thunderbolt|p2a: Rillaboom
|-resisted|p2a: Rillaboom
|-damage|p2a: Rillaboom|20/100
|
|-heal|p2a: Rillaboom|26/100|[from] Grassy Terrain
|upkeep
|turn|19
|
|t:|1758921193
|switch|p2a: Ogerpon|Ogerpon-Wellspring, F|100/100
|-end|p1a: Iron Valiant|Quark Drive|[silent]
|switch|p1a: Corviknight|Corviknight, M|100/100 par
|-ability|p1a: Corviknight|Pressure
|
|upkeep
|turn|20
|
|t:|1758921198
|move|p2a: Ogerpon|Swords Dance|p2a: Ogerpon
|-boost|p2a: Ogerpon|atk|2
|move|p1a: Corviknight|U-turn|p2a: Ogerpon
|-supereffective|p2a: Ogerpon
|-damage|p2a: Ogerpon|81/100
|
|t:|1758921202
|switch|p1a: Dragapult|Dragapult, M|100/100|[from] U-turn
|
|-heal|p2a: Ogerpon|87/100|[from] Grassy Terrain
|upkeep
|turn|21
|
|t:|1758921204
|move|p1a: Dragapult|U-turn|p2a: Ogerpon
|-supereffective|p2a: Ogerpon
|-damage|p2a: Ogerpon|35/100
|
|t:|1758921207
|switch|p1a: Uxie|Uxie|48/100|[from] U-turn
|move|p2a: Ogerpon|Play Rough|p1a: Uxie
|-damage|p1a: Uxie|0 fnt
|faint|p1a: Uxie
|
|-heal|p2a: Ogerpon|41/100|[from] Grassy Terrain
|upkeep
|
|t:|1758921211
|switch|p1a: Dragapult|Dragapult, M|100/100
|turn|22
|
|t:|1758921216
|switch|p2a: Manaphy|Manaphy|100/100
|move|p1a: Dragapult|Dragon Darts|p2a: Manaphy
|-damage|p2a: Manaphy|83/100
|-anim|p1a: Dragapult|Dragon Darts|p2a: Manaphy
|-damage|p2a: Manaphy|66/100
|
|-heal|p2a: Manaphy|72/100|[from] Grassy Terrain
|-heal|p2a: Manaphy|78/100|[from] item: Leftovers
|-sideend|p2: Johnny tots|Reflect
|upkeep
|turn|23
|
|t:|1758921225
|switch|p2a: Ogerpon|Ogerpon-Wellspring, F|41/100
|move|p1a: Dragapult|Dragon Darts|p2a: Ogerpon
|-damage|p2a: Ogerpon|0 fnt
|faint|p2a: Ogerpon
|
|upkeep
|
|t:|1758921226
|switch|p2a: Klefki|Klefki, M|12/100
|turn|24
|
|t:|1758921229
|switch|p1a: Iron Valiant|Iron Valiant|100/100 par
|move|p2a: Klefki|Thunder Wave|p1a: Iron Valiant
|-fail|p1a: Iron Valiant|par
|
|-heal|p2a: Klefki|17/100|[from] Grassy Terrain
|-sideend|p2: Johnny tots|move: Light Screen
|upkeep
|turn|25
|
|t:|1758921242
|move|p2a: Klefki|Light Screen|p2a: Klefki
|-sidestart|p2: Johnny tots|move: Light Screen
|cant|p1a: Iron Valiant|par
|
|-heal|p2a: Klefki|23/100|[from] Grassy Terrain
|-fieldend|move: Grassy Terrain
|upkeep
|turn|26
|
|t:|1758921247
|move|p2a: Klefki|Reflect|p2a: Klefki
|-sidestart|p2: Johnny tots|Reflect
|move|p1a: Iron Valiant|Thunderbolt|p2a: Klefki
|-damage|p2a: Klefki|0 fnt
|faint|p2a: Klefki
|
|upkeep
|
|t:|1758921262
|switch|p2a: Manaphy|Manaphy|78/100
|turn|27
|
|t:|1758921267
|move|p2a: Manaphy|Take Heart|p2a: Manaphy
|-boost|p2a: Manaphy|spa|1
|-boost|p2a: Manaphy|spd|1
|move|p1a: Iron Valiant|Thunderbolt|p2a: Manaphy
|-supereffective|p2a: Manaphy
|-damage|p2a: Manaphy|51/100
|
|-heal|p2a: Manaphy|57/100|[from] item: Leftovers
|upkeep
|turn|28
|
|t:|1758921274
|-end|p1a: Iron Valiant|Quark Drive|[silent]
|switch|p1a: Alomomola|Alomomola, M|100/100
|move|p2a: Manaphy|Take Heart|p2a: Manaphy
|-boost|p2a: Manaphy|spa|1
|-boost|p2a: Manaphy|spd|1
|
|-heal|p2a: Manaphy|63/100|[from] item: Leftovers
|upkeep
|turn|29
|
|t:|1758921280
|move|p2a: Manaphy|Take Heart|p2a: Manaphy
|-boost|p2a: Manaphy|spa|1
|-boost|p2a: Manaphy|spd|1
|move|p1a: Alomomola|Flip Turn|p2a: Manaphy
|-resisted|p2a: Manaphy
|-damage|p2a: Manaphy|59/100
|
|t:|1758921282
|switch|p1a: Dragapult|Dragapult, M|100/100|[from] Flip Turn
|
|-heal|p2a: Manaphy|65/100|[from] item: Leftovers
|upkeep
|turn|30
|
|t:|1758921284
|move|p1a: Dragapult|U-turn|p2a: Manaphy
|-damage|p2a: Manaphy|50/100
|
|t:|1758921286
|switch|p1a: Alomomola|Alomomola, M|100/100|[from] U-turn
|move|p2a: Manaphy|Acid Armor|p2a: Manaphy
|-boost|p2a: Manaphy|def|2
|
|-heal|p2a: Manaphy|56/100|[from] item: Leftovers
|upkeep
|turn|31
|
|t:|1758921291
|move|p2a: Manaphy|Take Heart|p2a: Manaphy
|-boost|p2a: Manaphy|spa|1
|-boost|p2a: Manaphy|spd|1
|move|p1a: Alomomola|Flip Turn|p2a: Manaphy
|-resisted|p2a: Manaphy
|-damage|p2a: Manaphy|54/100
|
|t:|1758921292
|switch|p1a: Dragapult|Dragapult, M|100/100|[from] Flip Turn
|
|-heal|p2a: Manaphy|60/100|[from] item: Leftovers
|upkeep
|turn|32
|
|t:|1758921295
|-terastallize|p1a: Dragapult|Ghost
|move|p1a: Dragapult|Tera Blast|p2a: Manaphy|[anim] Tera Blast Ghost
|-damage|p2a: Manaphy|40/100
|move|p2a: Manaphy|Stored Power|p1a: Dragapult
|-damage|p1a: Dragapult|0 fnt
|faint|p1a: Dragapult
|
|-heal|p2a: Manaphy|46/100|[from] item: Leftovers
|-sideend|p2: Johnny tots|move: Light Screen
|upkeep
|-message|garg is back forfeited.
|
|win|Johnny tots
|raw|garg is back's rating: 1635 &rarr; <strong>1614</strong><br />(-21 for losing)
|raw|Johnny tots's rating: 1616 &rarr; <strong>1637</strong><br />(+21 for winning)
|l|☆garg is back
|player|p1|
|l|☆Johnny tots
|player|p2|
