|j|☆new pktrainer 4
|j|☆wiggilydiggily
|t:|1759015647
|gametype|singles
|player|p1|new pktrainer 4|lucas|1648
|player|p2|wiggilydiggily|265|1635
|gen|9
|tier|[Gen 9] OU
|rated|
|rule|HP Percentage Mod: HP is shown in percentages
|rule|Endless Battle Clause: Forcing endless battles is banned
|rule|Species Clause: Limit one of each Pokémon
|rule|OHKO Clause: OHKO moves are banned
|rule|Evasion Items Clause: Evasion items are banned
|rule|Evasion Moves Clause: Evasion moves are banned
|rule|Evasion Abilities Clause: Evasion abilities are banned
|rule|Sleep Moves Clause: Sleep-inducing moves are banned
|clearpoke
|poke|p1|Lokix, F|
|poke|p1|Cinderace, F|
|poke|p1|Enamorus, F|
|poke|p1|Slowking-Galar, M|
|poke|p1|Ting-Lu|
|poke|p1|Corviknight, F|
|poke|p2|Glimmora, F|
|poke|p2|Zamazenta-*|
|poke|p2|Gholdengo|
|poke|p2|Lycanroc-Dusk, F|
|poke|p2|Kyurem|
|poke|p2|Rillaboom, F|
|teampreview
|
|t:|1759015686
|teamsize|p1|6
|teamsize|p2|6
|start
|switch|p1a: Slowking|Slowking-Galar, M|100/100
|switch|p2a: Kyurem|Kyurem|100/100
|-ability|p2a: Kyurem|Pressure
|turn|1
|
|t:|1759015699
|move|p2a: Kyurem|Ice Beam|p1a: Slowking
|-damage|p1a: Slowking|45/100
|-prepare|p1a: Slowking|Chilly Reception|[premajor]
|move|p1a: Slowking|Chilly Reception|p1a: Slowking
|-weather|Snowscape
|
|t:|1759015704
|switch|p1a: Cinderace|Cinderace, F|100/100|[from] Chilly Reception
|
|-weather|Snowscape|[upkeep]
|upkeep
|turn|2
|
|t:|1759015713
|move|p1a: Cinderace|Pyro Ball|p2a: Kyurem
|-damage|p2a: Kyurem|71/100
|move|p2a: Kyurem|Ice Beam|p1a: Cinderace
|-resisted|p1a: Cinderace
|-damage|p1a: Cinderace|62/100
|
|-weather|Snowscape|[upkeep]
|upkeep
|turn|3
|
|t:|1759015716
|move|p1a: Cinderace|Pyro Ball|p2a: Kyurem
|-damage|p2a: Kyurem|40/100
|move|p2a: Kyurem|Ice Beam|p1a: Cinderace
|-resisted|p1a: Cinderace
|-damage|p1a: Cinderace|20/100
|
|-weather|Snowscape|[upkeep]
|upkeep
|turn|4
|
|t:|1759015722
|move|p1a: Cinderace|Pyro Ball|p2a: Kyurem
|-damage|p2a: Kyurem|0 fnt
|faint|p2a: Kyurem
|
|-weather|Snowscape|[upkeep]
|upkeep
|
|t:|1759015728
|switch|p2a: Glimmora|Glimmora, F|100/100
|turn|5
|
|t:|1759015732
|move|p1a: Cinderace|U-turn|p2a: Glimmora
|-resisted|p2a: Glimmora
|-damage|p2a: Glimmora|89/100
|-activate|p2a: Glimmora|ability: Toxic Debris
|-sidestart|p1: new pktrainer 4|move: Toxic Spikes
|
|t:|1759015734
|switch|p1a: Slowking|Slowking-Galar, M|78/100|[from] U-turn
|-sideend|p1: new pktrainer 4|move: Toxic Spikes|[of] p1a: Slowking
|move|p2a: Glimmora|Power Gem|p1a: Slowking
|-damage|p1a: Slowking|40/100
|
|-weather|none
|upkeep
|turn|6
|inactive|Battle timer is ON: inactive players will automatically lose when time's up. (requested by wiggilydiggily)
|
|t:|1759015751
|move|p2a: Glimmora|Earth Power|p1a: Slowking
|-supereffective|p1a: Slowking
|-enditem|p1a: Slowking|Shuca Berry|[eat]
|-enditem|p1a: Slowking|Shuca Berry|[weaken]
|-damage|p1a: Slowking|15/100
|move|p1a: Slowking|Future Sight|p2a: Glimmora
|-start|p1a: Slowking|move: Future Sight
|
|upkeep
|turn|7
|
|t:|1759015757
|switch|p1a: Ting-Lu|Ting-Lu|100/100
|-ability|p1a: Ting-Lu|Vessel of Ruin
|move|p2a: Glimmora|Power Gem|p1a: Ting-Lu
|-resisted|p1a: Ting-Lu
|-damage|p1a: Ting-Lu|90/100
|
|-heal|p1a: Ting-Lu|96/100|[from] item: Leftovers
|upkeep
|turn|8
|
|t:|1759015768
|move|p2a: Glimmora|Dazzling Gleam|p1a: Ting-Lu
|-supereffective|p1a: Ting-Lu
|-damage|p1a: Ting-Lu|72/100
|move|p1a: Ting-Lu|Stealth Rock|p2a: Glimmora
|-sidestart|p2: wiggilydiggily|move: Stealth Rock
|
|-end|p2a: Glimmora|move: Future Sight
|-supereffective|p2a: Glimmora
|-damage|p2a: Glimmora|5/100
|-heal|p1a: Ting-Lu|78/100|[from] item: Leftovers
|upkeep
|turn|9
|
|t:|1759015774
|move|p2a: Glimmora|Dazzling Gleam|p1a: Ting-Lu
|-supereffective|p1a: Ting-Lu
|-damage|p1a: Ting-Lu|52/100
|move|p1a: Ting-Lu|Earthquake|p2a: Glimmora
|-supereffective|p2a: Glimmora
|-damage|p2a: Glimmora|0 fnt
|-activate|p2a: Glimmora|ability: Toxic Debris
|-sidestart|p1: new pktrainer 4|move: Toxic Spikes
|faint|p2a: Glimmora
|
|-heal|p1a: Ting-Lu|58/100|[from] item: Leftovers
|upkeep
|
|t:|1759015785
|switch|p2a: Zamazenta|Zamazenta|100/100
|-damage|p2a: Zamazenta|94/100|[from] Stealth Rock
|-ability|p2a: Zamazenta|Dauntless Shield|boost
|-boost|p2a: Zamazenta|def|1
|turn|10
|
|t:|1759015801
|switch|p1a: Corviknight|Corviknight, F|100/100
|-ability|p1a: Corviknight|Pressure
|move|p2a: Zamazenta|Close Combat|p1a: Corviknight
|-damage|p1a: Corviknight|48/100
|-unboost|p2a: Zamazenta|def|1
|-unboost|p2a: Zamazenta|spd|1
|-damage|p2a: Zamazenta|78/100|[from] item: Rocky Helmet|[of] p1a: Corviknight
|
|upkeep
|turn|11
|
|t:|1759015819
|switch|p1a: Enamorus|Enamorus, F|100/100
|move|p2a: Zamazenta|Close Combat|p1a: Enamorus
|-resisted|p1a: Enamorus
|-damage|p1a: Enamorus|68/100
|-unboost|p2a: Zamazenta|def|1
|-unboost|p2a: Zamazenta|spd|1
|
|upkeep
|turn|12
|inactive|new pktrainer 4 has 120 seconds left.
|
|t:|1759015849
|switch|p2a: Gholdengo|Gholdengo|100/100
|-damage|p2a: Gholdengo|94/100|[from] Stealth Rock
|move|p1a: Enamorus|Mystical Fire|p2a: Gholdengo
|-supereffective|p2a: Gholdengo
|-damage|p2a: Gholdengo|20/100
|-unboost|p2a: Gholdengo|spa|1
|
|upkeep
|turn|13
|inactive|new pktrainer 4 has 120 seconds left.
|
|t:|1759015863
|switch|p2a: Lycanroc|Lycanroc-Dusk, F|100/100
|-damage|p2a: Lycanroc|88/100|[from] Stealth Rock
|move|p1a: Enamorus|Mystical Fire|p2a: Lycanroc
|-resisted|p2a: Lycanroc
|-damage|p2a: Lycanroc|64/100
|-unboost|p2a: Lycanroc|spa|1
|
|upkeep
|turn|14
|inactive|new pktrainer 4 has 120 seconds left.
|
|t:|1759015874
|switch|p1a: Cinderace|Cinderace, F|20/100
|move|p2a: Lycanroc|Close Combat|p1a: Cinderace
|-crit|p1a: Cinderace
|-damage|p1a: Cinderace|0 fnt
|-unboost|p2a: Lycanroc|def|1
|-unboost|p2a: Lycanroc|spd|1
|faint|p1a: Cinderace
|
|upkeep
|inactive|new pktrainer 4 has 90 seconds left.
|
|t:|1759015907
|switch|p1a: Slowking|Slowking-Galar, M|48/100
|-sideend|p1: new pktrainer 4|move: Toxic Spikes|[of] p1a: Slowking
|turn|15
|
|t:|1759015912
|switch|p2a: Gholdengo|Gholdengo|20/100
|-damage|p2a: Gholdengo|14/100|[from] Stealth Rock
|-prepare|p1a: Slowking|Chilly Reception|[premajor]
|move|p1a: Slowking|Chilly Reception|p1a: Slowking
|-weather|Snowscape
|
|t:|1759015926
|switch|p1a: Enamorus|Enamorus, F|68/100|[from] Chilly Reception
|
|-weather|Snowscape|[upkeep]
|upkeep
|turn|16
|
|t:|1759015929
|move|p1a: Enamorus|Moonblast|p2a: Gholdengo
|-resisted|p2a: Gholdengo
|-damage|p2a: Gholdengo|0 fnt
|faint|p2a: Gholdengo
|
|-weather|Snowscape|[upkeep]
|upkeep
|
|t:|1759015935
|switch|p2a: Rillaboom|Rillaboom, F|100/100
|-damage|p2a: Rillaboom|88/100|[from] Stealth Rock
|-fieldstart|move: Grassy Terrain|[from] ability: Grassy Surge|[of] p2a: Rillaboom
|turn|17
|
|t:|1759015951
|switch|p1a: Slowking|Slowking-Galar, M|81/100
|-terastallize|p2a: Rillaboom|Fire
|move|p2a: Rillaboom|Tera Blast|p1a: Slowking|[anim] Tera Blast Fire
|-damage|p1a: Slowking|32/100
|
|-weather|Snowscape|[upkeep]
|-heal|p2a: Rillaboom|94/100|[from] Grassy Terrain
|-heal|p1a: Slowking|38/100|[from] Grassy Terrain
|upkeep
|turn|18
|
|t:|1759015962
|switch|p1a: Corviknight|Corviknight, F|48/100
|-ability|p1a: Corviknight|Pressure
|move|p2a: Rillaboom|Tera Blast|p1a: Corviknight|[anim] Tera Blast Fire
|-supereffective|p1a: Corviknight
|-damage|p1a: Corviknight|0 fnt
|faint|p1a: Corviknight
|
|-weather|Snowscape|[upkeep]
|-heal|p2a: Rillaboom|100/100|[from] Grassy Terrain
|upkeep
|
|t:|1759015967
|switch|p1a: Slowking|Slowking-Galar, M|72/100
|turn|19
|
|t:|1759015972
|move|p2a: Rillaboom|Tera Blast|p1a: Slowking|[anim] Tera Blast Fire
|-damage|p1a: Slowking|21/100
|move|p1a: Slowking|Sludge Bomb|p2a: Rillaboom
|-damage|p2a: Rillaboom|56/100
|
|-weather|none
|-heal|p2a: Rillaboom|62/100|[from] Grassy Terrain
|-heal|p1a: Slowking|27/100|[from] Grassy Terrain
|upkeep
|turn|20
|inactive|new pktrainer 4 has 120 seconds left.
|
|t:|1759016007
|move|p2a: Rillaboom|Tera Blast|p1a: Slowking|[anim] Tera Blast Fire
|-damage|p1a: Slowking|0 fnt
|faint|p1a: Slowking
|
|-heal|p2a: Rillaboom|69/100|[from] Grassy Terrain
|upkeep
|
|t:|1759016009
|switch|p1a: Enamorus|Enamorus, F|68/100
|turn|21
|
|t:|1759016024
|switch|p2a: Zamazenta|Zamazenta|78/100
|-damage|p2a: Zamazenta|72/100|[from] Stealth Rock
|-terastallize|p1a: Enamorus|Stellar
|move|p1a: Enamorus|Tera Blast|p2a: Zamazenta|[anim] Tera Blast Stellar
|-damage|p2a: Zamazenta|25/100
|-boost|p1a: Enamorus|atk|1
|-boost|p1a: Enamorus|spa|1
|
|-heal|p2a: Zamazenta|31/100|[from] Grassy Terrain
|-fieldend|move: Grassy Terrain
|upkeep
|turn|22
|
|t:|1759016035
|move|p1a: Enamorus|Tera Blast|p2a: Zamazenta|[anim] Tera Blast Stellar
|-damage|p2a: Zamazenta|0 fnt
|-boost|p1a: Enamorus|atk|1
|-boost|p1a: Enamorus|spa|1
|faint|p2a: Zamazenta
|
|upkeep
|
|t:|1759016037
|switch|p2a: Lycanroc|Lycanroc-Dusk, F|64/100
|-damage|p2a: Lycanroc|52/100|[from] Stealth Rock
|turn|23
|
|t:|1759016041
|switch|p1a: Ting-Lu|Ting-Lu|58/100
|-ability|p1a: Ting-Lu|Vessel of Ruin
|move|p2a: Lycanroc|Accelerock|p1a: Ting-Lu
|-resisted|p1a: Ting-Lu
|-damage|p1a: Ting-Lu|48/100
|
|-heal|p1a: Ting-Lu|55/100|[from] item: Leftovers
|upkeep
|turn|24
|
|t:|1759016044
|switch|p2a: Rillaboom|Rillaboom, F, tera:Fire|69/100
|-damage|p2a: Rillaboom|44/100|[from] Stealth Rock
|-fieldstart|move: Grassy Terrain|[from] ability: Grassy Surge|[of] p2a: Rillaboom
|move|p1a: Ting-Lu|Earthquake|p2a: Rillaboom
|-supereffective|p2a: Rillaboom
|-damage|p2a: Rillaboom|1/100
|
|-heal|p2a: Rillaboom|7/100|[from] Grassy Terrain
|-heal|p1a: Ting-Lu|61/100|[from] Grassy Terrain
|-heal|p1a: Ting-Lu|67/100|[from] item: Leftovers
|upkeep
|turn|25
|
|t:|1759016052
|move|p2a: Rillaboom|Wood Hammer|p1a: Ting-Lu
|-supereffective|p1a: Ting-Lu
|-damage|p1a: Ting-Lu|0 fnt
|faint|p1a: Ting-Lu
|-damage|p2a: Rillaboom|0 fnt|[from] Recoil
|faint|p2a: Rillaboom
|
|upkeep
|
|t:|1759016057
|switch|p2a: Lycanroc|Lycanroc-Dusk, F|52/100
|switch|p1a: Lokix|Lokix, F|100/100
|-damage|p2a: Lycanroc|39/100|[from] Stealth Rock
|turn|26
|
|t:|1759016059
|move|p1a: Lokix|First Impression|p2a: Lycanroc
|-crit|p2a: Lycanroc
|-damage|p2a: Lycanroc|0 fnt
|faint|p2a: Lycanroc
|
|win|new pktrainer 4
|raw|new pktrainer 4's rating: 1648 &rarr; <strong>1667</strong><br />(+19 for winning)
|raw|wiggilydiggily's rating: 1635 &rarr; <strong>1616</strong><br />(-19 for losing)
|l|☆wiggilydiggily
|player|p2|
|l|☆new pktrainer 4
|player|p1|
