|j|☆Guerrero105
|j|☆rmcarmicheal
|t:|1758946152
|gametype|singles
|player|p1|Guerrero105|lucas-gen4pt|1577
|player|p2|rmcarmicheal|102|1487
|gen|9
|tier|[Gen 9] OU
|rated|
|rule|HP Percentage Mod: HP is shown in percentages
|rule|Endless Battle Clause: Forcing endless battles is banned
|rule|Species Clause: Limit one of each Pokémon
|rule|OHKO Clause: OHKO moves are banned
|rule|Evasion Items Clause: Evasion items are banned
|rule|Evasion Moves Clause: Evasion moves are banned
|rule|Evasion Abilities Clause: Evasion abilities are banned
|rule|Sleep Moves Clause: Sleep-inducing moves are banned
|clearpoke
|poke|p1|Sinistcha-Masterpiece|
|poke|p1|Mandibuzz, F|
|poke|p1|Tinkaton, F|
|poke|p1|Slowking-Galar, M|
|poke|p1|Great Tusk|
|poke|p1|Araquanid, M|
|poke|p2|Ditto|
|poke|p2|Gliscor, F|
|poke|p2|Blissey, F|
|poke|p2|Toxapex, M|
|poke|p2|Cinderace, F|
|poke|p2|Gholdengo|
|teampreview
|inactive|Battle timer is ON: inactive players will automatically lose when time's up. (requested by rmcarmicheal)
|
|t:|1758946162
|teamsize|p1|6
|teamsize|p2|6
|start
|switch|p1a: Araquanid|Araquanid, M|100/100
|switch|p2a: Toxapex|Toxapex, M|100/100
|turn|1
|
|t:|1758946168
|move|p1a: Araquanid|Infestation|p2a: Toxapex
|-resisted|p2a: Toxapex
|-damage|p2a: Toxapex|98/100
|-activate|p2a: Toxapex|move: Infestation|[of] p1a: Araquanid
|-damage|p1a: Araquanid|84/100|[from] item: Rocky Helmet|[of] p2a: Toxapex
|move|p2a: Toxapex|Infestation|p1a: Araquanid
|-damage|p1a: Araquanid|81/100
|-activate|p1a: Araquanid|move: Infestation|[of] p2a: Toxapex
|
|-damage|p1a: Araquanid|69/100|[from] move: Infestation|[partiallytrapped]
|-damage|p2a: Toxapex|86/100|[from] move: Infestation|[partiallytrapped]
|upkeep
|turn|2
|
|t:|1758946175
|move|p1a: Araquanid|Surf|p2a: Toxapex
|-resisted|p2a: Toxapex
|-damage|p2a: Toxapex|65/100
|move|p2a: Toxapex|Toxic|p1a: Araquanid
|-status|p1a: Araquanid|tox
|
|-damage|p1a: Araquanid|63/100 tox|[from] psn
|-damage|p1a: Araquanid|51/100 tox|[from] move: Infestation|[partiallytrapped]
|-damage|p2a: Toxapex|53/100|[from] move: Infestation|[partiallytrapped]
|upkeep
|turn|3
|
|t:|1758946182
|move|p1a: Araquanid|Surf|p2a: Toxapex
|-resisted|p2a: Toxapex
|-damage|p2a: Toxapex|32/100
|move|p2a: Toxapex|Recover|p2a: Toxapex
|-heal|p2a: Toxapex|82/100
|
|-damage|p1a: Araquanid|39/100 tox|[from] psn
|-damage|p1a: Araquanid|26/100 tox|[from] move: Infestation|[partiallytrapped]
|-damage|p2a: Toxapex|70/100|[from] move: Infestation|[partiallytrapped]
|upkeep
|turn|4
|
|t:|1758946189
|move|p1a: Araquanid|Sticky Web|p2a: Toxapex
|-sidestart|p2: rmcarmicheal|move: Sticky Web
|move|p2a: Toxapex|Recover|p2a: Toxapex
|-heal|p2a: Toxapex|100/100
|
|-damage|p1a: Araquanid|8/100 tox|[from] psn
|-damage|p1a: Araquanid|0 fnt|[from] move: Infestation|[partiallytrapped]
|faint|p1a: Araquanid
|-end|p2a: Toxapex|Infestation|[partiallytrapped]|[silent]
|upkeep
|
|t:|1758946199
|switch|p1a: Tinkaton|Tinkaton, F|100/100
|-ability|p1a: Tinkaton|Mold Breaker
|-item|p1a: Tinkaton|Air Balloon
|turn|5
|
|t:|1758946202
|move|p1a: Tinkaton|Encore|p2a: Toxapex
|-start|p2a: Toxapex|Encore
|move|p2a: Toxapex|Recover||[still]
|-fail|p2a: Toxapex|heal
|
|upkeep
|turn|6
|
|t:|1758946207
|switch|p2a: Cinderace|Cinderace, F|100/100
|move|p1a: Tinkaton|Knock Off|p2a: Cinderace
|-damage|p2a: Cinderace|75/100
|-enditem|p2a: Cinderace|Heavy-Duty Boots|[from] move: Knock Off|[of] p1a: Tinkaton
|
|upkeep
|turn|7
|
|t:|1758946218
|switch|p1a: Mandibuzz|Mandibuzz, F|100/100
|move|p2a: Cinderace|Pyro Ball|p1a: Mandibuzz
|-damage|p1a: Mandibuzz|67/100
|
|upkeep
|turn|8
|
|t:|1758946224
|move|p2a: Cinderace|Court Change|p2a: Cinderace
|-start|p2a: Cinderace|typechange|Normal|[from] ability: Libero
|-swapsideconditions
|-activate|p2a: Cinderace|move: Court Change
|move|p1a: Mandibuzz|Foul Play|p2a: Cinderace
|-crit|p2a: Cinderace
|-damage|p2a: Cinderace|0 fnt
|faint|p2a: Cinderace
|
|upkeep
|
|t:|1758946231
|switch|p2a: Gholdengo|Gholdengo|100/100
|turn|9
|
|t:|1758946234
|-terastallize|p2a: Gholdengo|Steel
|move|p2a: Gholdengo|Make It Rain|p1a: Mandibuzz
|-damage|p1a: Mandibuzz|0 fnt
|-unboost|p2a: Gholdengo|spa|1
|faint|p1a: Mandibuzz
|
|upkeep
|
|t:|1758946253
|switch|p1a: Tinkaton|Tinkaton, F|100/100
|-ability|p1a: Tinkaton|Mold Breaker
|-item|p1a: Tinkaton|Air Balloon
|turn|10
|
|t:|1758946256
|move|p2a: Gholdengo|Make It Rain|p1a: Tinkaton
|-damage|p1a: Tinkaton|45/100
|-unboost|p2a: Gholdengo|spa|1
|-enditem|p1a: Tinkaton|Air Balloon
|move|p1a: Tinkaton|Knock Off|p2a: Gholdengo
|-damage|p2a: Gholdengo|80/100
|-enditem|p2a: Gholdengo|Choice Scarf|[from] move: Knock Off|[of] p1a: Tinkaton
|
|upkeep
|turn|11
|
|t:|1758946265
|switch|p2a: Gliscor|Gliscor, F|100/100
|move|p1a: Tinkaton|Encore||[still]
|-fail|p1a: Tinkaton
|
|-status|p2a: Gliscor|tox|[from] item: Toxic Orb
|upkeep
|turn|12
|
|t:|1758946273
|switch|p1a: Sinistcha|Sinistcha-Masterpiece|100/100
|-activate|p1a: Sinistcha|move: Sticky Web
|-unboost|p1a: Sinistcha|spe|1
|move|p2a: Gliscor|Earthquake|p1a: Sinistcha
|-resisted|p1a: Sinistcha
|-damage|p1a: Sinistcha|83/100
|
|-heal|p1a: Sinistcha|89/100|[from] item: Leftovers
|upkeep
|turn|13
|
|t:|1758946282
|move|p2a: Gliscor|Toxic|p1a: Sinistcha
|-status|p1a: Sinistcha|tox
|move|p1a: Sinistcha|Strength Sap|p2a: Gliscor
|-unboost|p2a: Gliscor|atk|1
|-heal|p1a: Sinistcha|100/100 tox
|
|-damage|p1a: Sinistcha|94/100 tox|[from] psn
|upkeep
|turn|14
|
|t:|1758946297
|switch|p2a: Blissey|Blissey, F|100/100
|move|p1a: Sinistcha|Calm Mind|p1a: Sinistcha
|-boost|p1a: Sinistcha|spa|1
|-boost|p1a: Sinistcha|spd|1
|
|-heal|p1a: Sinistcha|100/100 tox|[from] item: Leftovers
|-damage|p1a: Sinistcha|88/100 tox|[from] psn
|upkeep
|turn|15
|
|t:|1758946302
|switch|p1a: Tinkaton|Tinkaton, F|45/100
|-activate|p1a: Tinkaton|move: Sticky Web
|-unboost|p1a: Tinkaton|spe|1
|-ability|p1a: Tinkaton|Mold Breaker
|move|p2a: Blissey|Ice Beam|p1a: Tinkaton
|-resisted|p1a: Tinkaton
|-damage|p1a: Tinkaton|36/100
|
|upkeep
|turn|16
|
|t:|1758946312
|switch|p1a: Slowking|Slowking-Galar, M|100/100
|-activate|p1a: Slowking|move: Sticky Web
|-unboost|p1a: Slowking|spe|1
|move|p2a: Blissey|Seismic Toss|p1a: Slowking
|-damage|p1a: Slowking|75/100
|
|-heal|p1a: Slowking|81/100|[from] item: Leftovers
|upkeep
|turn|17
|
|t:|1758946321
|move|p2a: Blissey|Thunder Wave|p1a: Slowking
|-status|p1a: Slowking|par
|move|p1a: Slowking|Future Sight|p2a: Blissey
|-start|p1a: Slowking|move: Future Sight
|
|-heal|p1a: Slowking|87/100 par|[from] item: Leftovers
|upkeep
|turn|18
|
|t:|1758946329
|switch|p2a: Gholdengo|Gholdengo, tera:Steel|80/100
|move|p1a: Slowking|Sludge Bomb|p2a: Gholdengo
|-immune|p2a: Gholdengo
|
|-heal|p1a: Slowking|93/100 par|[from] item: Leftovers
|upkeep
|turn|19
|
|t:|1758946338
|move|p2a: Gholdengo|Shadow Ball|p1a: Slowking
|-supereffective|p1a: Slowking
|-damage|p1a: Slowking|39/100 par
|-prepare|p1a: Slowking|Chilly Reception|[premajor]
|move|p1a: Slowking|Chilly Reception|p1a: Slowking
|-weather|Snowscape
|
|t:|1758946348
|switch|p1a: Great Tusk|Great Tusk|100/100|[from] Chilly Reception
|-activate|p1a: Great Tusk|move: Sticky Web
|-unboost|p1a: Great Tusk|spe|1
|-enditem|p1a: Great Tusk|Booster Energy
|-activate|p1a: Great Tusk|ability: Protosynthesis|[fromitem]
|-start|p1a: Great Tusk|protosynthesisatk
|
|-weather|Snowscape|[upkeep]
|-end|p2a: Gholdengo|move: Future Sight
|-resisted|p2a: Gholdengo
|-crit|p2a: Gholdengo
|-damage|p2a: Gholdengo|41/100
|upkeep
|turn|20
|
|t:|1758946364
|move|p2a: Gholdengo|Make It Rain|p1a: Great Tusk
|-damage|p1a: Great Tusk|0 fnt
|-unboost|p2a: Gholdengo|spa|1
|faint|p1a: Great Tusk
|-end|p1a: Great Tusk|Protosynthesis|[silent]
|
|-weather|Snowscape|[upkeep]
|upkeep
|-message|Guerrero105 forfeited.
|
|win|rmcarmicheal
|raw|Guerrero105's rating: 1577 &rarr; <strong>1552</strong><br />(-25 for losing)
|raw|rmcarmicheal's rating: 1487 &rarr; <strong>1512</strong><br />(+25 for winning)
|l|☆Guerrero105
|player|p1|
|l|☆rmcarmicheal
|player|p2|
