|j|☆altracount
|j|☆are you jesus?
|t:|1758953997
|gametype|singles
|player|p1|altracount|acetrainer-gen2|1147
|player|p2|are you jesus?|grimsley|1214
|gen|9
|tier|[Gen 9] OU
|rated|
|rule|HP Percentage Mod: HP is shown in percentages
|rule|Endless Battle Clause: Forcing endless battles is banned
|rule|Species Clause: Limit one of each Pokémon
|rule|OHKO Clause: OHKO moves are banned
|rule|Evasion Items Clause: Evasion items are banned
|rule|Evasion Moves Clause: Evasion moves are banned
|rule|Evasion Abilities Clause: Evasion abilities are banned
|rule|Sleep Moves Clause: Sleep-inducing moves are banned
|clearpoke
|poke|p1|Ninetales-Alola, F|
|poke|p1|Ursaluna, M|
|poke|p1|Slowbro-Galar, M|
|poke|p1|Kingambit, F|
|poke|p1|Raging Bolt|
|poke|p1|Enamorus-Therian, F|
|poke|p2|Donphan, M|
|poke|p2|Slowking, F|
|poke|p2|Lokix, M|
|poke|p2|Chandelure, M|
|poke|p2|Arcanine-Hisui, F|
|poke|p2|Rotom-Wash|
|teampreview
|c|☆are you jesus?|hi
|
|t:|1758954017
|teamsize|p1|6
|teamsize|p2|6
|start
|switch|p1a: FEIN FE!N|Enamorus-Therian, F|100/100
|switch|p2a: Rotom|Rotom-Wash|100/100
|turn|1
|inactive|Battle timer is ON: inactive players will automatically lose when time's up. (requested by altracount)
|
|t:|1758954028
|move|p2a: Rotom|Volt Switch|p1a: FEIN FE!N
|-supereffective|p1a: FEIN FE!N
|-damage|p1a: FEIN FE!N|33/100
|
|t:|1758954032
|switch|p2a: Slowking|Slowking, F|100/100|[from] Volt Switch
|move|p1a: FEIN FE!N|Calm Mind|p1a: FEIN FE!N
|-boost|p1a: FEIN FE!N|spa|1
|-boost|p1a: FEIN FE!N|spd|1
|
|upkeep
|turn|2
|-activate|p1a: FEIN FE!N|item: Quick Claw
|
|t:|1758954039
|move|p1a: FEIN FE!N|Moonblast|p2a: Slowking
|-damage|p2a: Slowking|49/100
|move|p2a: Slowking|Future Sight|p1a: FEIN FE!N
|-start|p2a: Slowking|move: Future Sight
|
|-heal|p2a: Slowking|56/100|[from] item: Leftovers
|upkeep
|turn|3
|-activate|p1a: FEIN FE!N|item: Quick Claw
|
|t:|1758954049
|move|p1a: FEIN FE!N|Earth Power|p2a: Slowking
|-damage|p2a: Slowking|22/100
|move|p2a: Slowking|Scald|p1a: FEIN FE!N
|-damage|p1a: FEIN FE!N|14/100
|-status|p1a: FEIN FE!N|brn
|
|-heal|p2a: Slowking|28/100|[from] item: Leftovers
|-damage|p1a: FEIN FE!N|8/100 brn|[from] brn
|upkeep
|turn|4
|-activate|p1a: FEIN FE!N|item: Quick Claw
|
|t:|1758954062
|switch|p2a: Rotom|Rotom-Wash|100/100
|move|p1a: FEIN FE!N|Moonblast|p2a: Rotom
|-damage|p2a: Rotom|0 fnt
|faint|p2a: Rotom
|
|-end|p1a: FEIN FE!N|move: Future Sight
|-damage|p1a: FEIN FE!N|0 fnt
|faint|p1a: FEIN FE!N
|upkeep
|
|t:|1758954082
|switch|p2a: Lokix|Lokix, M|100/100
|switch|p1a: FEIN|Ninetales-Alola, F|100/100
|-weather|Snowscape|[from] ability: Snow Warning|[of] p1a: FEIN
|turn|5
|
|t:|1758954091
|move|p1a: FEIN|Encore||[still]
|-fail|p1a: FEIN
|move|p2a: Lokix|U-turn|p1a: FEIN
|-resisted|p1a: FEIN
|-damage|p1a: FEIN|68/100
|-damage|p2a: Lokix|91/100|[from] item: Life Orb
|
|t:|1758954097
|switch|p2a: Slowking|Slowking, F|62/100|[from] U-turn
|
|-weather|Snowscape|[upkeep]
|-heal|p2a: Slowking|68/100|[from] item: Leftovers
|upkeep
|turn|6
|
|t:|1758954101
|move|p1a: FEIN|Aurora Veil|p1a: FEIN
|-sidestart|p1: altracount|move: Aurora Veil
|move|p2a: Slowking|Future Sight|p1a: FEIN
|-start|p2a: Slowking|move: Future Sight
|
|-weather|Snowscape|[upkeep]
|-heal|p2a: Slowking|74/100|[from] item: Leftovers
|upkeep
|turn|7
|
|t:|1758954104
|move|p1a: FEIN|Freeze-Dry|p2a: Slowking
|-supereffective|p2a: Slowking
|-crit|p2a: Slowking
|-damage|p2a: Slowking|37/100
|move|p2a: Slowking|Scald|p1a: FEIN
|-damage|p1a: FEIN|55/100
|
|-weather|Snowscape|[upkeep]
|-heal|p2a: Slowking|43/100|[from] item: Leftovers
|upkeep
|turn|8
|
|t:|1758954112
|switch|p1a: FE!N FE!N|Kingambit, F|100/100
|-activate|p1a: FE!N FE!N|ability: Supreme Overlord
|-start|p1a: FE!N FE!N|fallen1|[silent]
|switch|p2a: Arcanine|Arcanine-Hisui, F|100/100
|
|-weather|Snowscape|[upkeep]
|-end|p1a: FE!N FE!N|move: Future Sight
|-immune|p1a: FE!N FE!N
|upkeep
|turn|9
|
|t:|1758954133
|switch|p2a: Donphan|Donphan, M|100/100
|-terastallize|p1a: FE!N FE!N|Flying
|move|p1a: FE!N FE!N|Low Kick|p2a: Donphan
|-damage|p2a: Donphan|76/100
|-damage|p1a: FE!N FE!N|84/100|[from] item: Rocky Helmet|[of] p2a: Donphan
|
|-weather|none
|upkeep
|turn|10
|
|t:|1758954137
|move|p1a: FE!N FE!N|Swords Dance|p1a: FE!N FE!N
|-boost|p1a: FE!N FE!N|atk|2
|move|p2a: Donphan|Knock Off|p1a: FE!N FE!N
|-damage|p1a: FE!N FE!N|75/100
|-enditem|p1a: FE!N FE!N|Quick Claw|[from] move: Knock Off|[of] p2a: Donphan
|
|upkeep
|turn|11
|
|t:|1758954149
|move|p1a: FE!N FE!N|Kowtow Cleave|p2a: Donphan
|-damage|p2a: Donphan|10/100
|-damage|p1a: FE!N FE!N|58/100|[from] item: Rocky Helmet|[of] p2a: Donphan
|move|p2a: Donphan|Stealth Rock|p1a: FE!N FE!N
|-sidestart|p1: altracount|move: Stealth Rock
|
|upkeep
|turn|12
|
|t:|1758954158
|move|p1a: FE!N FE!N|Low Kick|p2a: Donphan
|-damage|p2a: Donphan|0 fnt
|-damage|p1a: FE!N FE!N|42/100|[from] item: Rocky Helmet|[of] p2a: Donphan
|faint|p2a: Donphan
|
|upkeep
|
|t:|1758954173
|switch|p2a: Arcanine|Arcanine-Hisui, F|100/100
|turn|13
|
|t:|1758954177
|move|p2a: Arcanine|Head Smash|p1a: FE!N FE!N
|-supereffective|p1a: FE!N FE!N
|-damage|p1a: FE!N FE!N|0 fnt
|faint|p1a: FE!N FE!N
|-end|p1a: FE!N FE!N|fallen1|[silent]
|-damage|p2a: Arcanine|91/100|[from] item: Life Orb
|
|-sideend|p1: altracount|move: Aurora Veil
|upkeep
|
|t:|1758954183
|switch|p1a: FEIN|Ninetales-Alola, F|55/100
|-damage|p1a: FEIN|30/100|[from] Stealth Rock
|-weather|Snowscape|[from] ability: Snow Warning|[of] p1a: FEIN
|turn|14
|
|t:|1758954189
|move|p1a: FEIN|Aurora Veil|p1a: FEIN
|-sidestart|p1: altracount|move: Aurora Veil
|move|p2a: Arcanine|Flame Charge|p1a: FEIN
|-supereffective|p1a: FEIN
|-damage|p1a: FEIN|4/100
|-boost|p2a: Arcanine|spe|1
|-damage|p2a: Arcanine|81/100|[from] item: Life Orb
|
|-weather|Snowscape|[upkeep]
|upkeep
|turn|15
|
|t:|1758954199
|move|p2a: Arcanine|Extreme Speed|p1a: FEIN
|-damage|p1a: FEIN|0 fnt
|faint|p1a: FEIN
|-damage|p2a: Arcanine|71/100|[from] item: Life Orb
|
|-weather|Snowscape|[upkeep]
|upkeep
|
|t:|1758954208
|switch|p1a: FE!N|Ursaluna, M|100/100
|-damage|p1a: FE!N|94/100|[from] Stealth Rock
|turn|16
|
|t:|1758954217
|switch|p2a: Slowking|Slowking, F|77/100
|move|p1a: FE!N|Swords Dance|p1a: FE!N
|-boost|p1a: FE!N|atk|2
|
|-weather|Snowscape|[upkeep]
|-heal|p2a: Slowking|83/100|[from] item: Leftovers
|upkeep
|turn|17
|
|t:|1758954224
|move|p1a: FE!N|Headlong Rush|p2a: Slowking
|-damage|p2a: Slowking|0 fnt
|-unboost|p1a: FE!N|def|1
|-unboost|p1a: FE!N|spd|1
|faint|p2a: Slowking
|
|-weather|Snowscape|[upkeep]
|upkeep
|
|t:|1758954242
|switch|p2a: Lokix|Lokix, M|91/100
|turn|18
|
|t:|1758954247
|move|p2a: Lokix|First Impression|p1a: FE!N
|-damage|p1a: FE!N|67/100
|-damage|p2a: Lokix|81/100|[from] item: Life Orb
|move|p1a: FE!N|Fire Punch|p2a: Lokix
|-supereffective|p2a: Lokix
|-damage|p2a: Lokix|0 fnt
|faint|p2a: Lokix
|
|-weather|none
|upkeep
|c|☆are you jesus?|gg
|-message|are you jesus? forfeited.
|
|win|altracount
|raw|altracount's rating: 1147 &rarr; <strong>1177</strong><br />(+30 for winning)
|raw|are you jesus?'s rating: 1214 &rarr; <strong>1184</strong><br />(-30 for losing)
|l|☆are you jesus?
|player|p2|
|l|☆altracount
|player|p1|
