|j|☆LetsgoBrandonJ
|j|☆LucyLikePizza
|t:|1759011741
|gametype|singles
|player|p1|LetsgoBrandonJ|265|1587
|player|p2|LucyLikePizza|iris-gen5bw2|1561
|gen|9
|tier|[Gen 9] OU
|rated|
|rule|HP Percentage Mod: HP is shown in percentages
|rule|Endless Battle Clause: Forcing endless battles is banned
|rule|Species Clause: Limit one of each Pokémon
|rule|OHKO Clause: OHKO moves are banned
|rule|Evasion Items Clause: Evasion items are banned
|rule|Evasion Moves Clause: Evasion moves are banned
|rule|Evasion Abilities Clause: Evasion abilities are banned
|rule|Sleep Moves Clause: Sleep-inducing moves are banned
|clearpoke
|poke|p1|Araquanid, M|
|poke|p1|Gholdengo|
|poke|p1|Iron Moth|
|poke|p1|Iron Valiant|
|poke|p1|Raging Bolt|
|poke|p1|Kingambit, M|
|poke|p2|Ribombee, M|
|poke|p2|Dragapult, F|
|poke|p2|Gholdengo|
|poke|p2|Tsareena, F|
|poke|p2|Manaphy|
|poke|p2|Iron Moth|
|teampreview
|inactive|Battle timer is ON: inactive players will automatically lose when time's up. (requested by LetsgoBrandonJ)
|
|t:|1759011755
|teamsize|p1|6
|teamsize|p2|6
|start
|switch|p1a: Iron Moth|Iron Moth|100/100
|switch|p2a: Ribombee|Ribombee, M|100/100
|-enditem|p1a: Iron Moth|Booster Energy
|-activate|p1a: Iron Moth|ability: Quark Drive|[fromitem]
|-start|p1a: Iron Moth|quarkdrivespa
|turn|1
|j| Nikator98
|
|t:|1759011764
|move|p2a: Ribombee|Psychic Noise|p1a: Iron Moth
|-supereffective|p1a: Iron Moth
|-damage|p1a: Iron Moth|57/100
|-start|p1a: Iron Moth|move: Heal Block
|move|p1a: Iron Moth|Fiery Dance|p2a: Ribombee
|-supereffective|p2a: Ribombee
|-enditem|p2a: Ribombee|Focus Sash
|-damage|p2a: Ribombee|1/100
|-boost|p1a: Iron Moth|spa|1
|
|upkeep
|turn|2
|
|t:|1759011775
|move|p2a: Ribombee|Sticky Web|p1a: Iron Moth
|-sidestart|p1: LetsgoBrandonJ|move: Sticky Web
|move|p1a: Iron Moth|Fiery Dance|p2a: Ribombee
|-supereffective|p2a: Ribombee
|-damage|p2a: Ribombee|0 fnt
|-boost|p1a: Iron Moth|spa|1
|faint|p2a: Ribombee
|
|-end|p1a: Iron Moth|move: Heal Block
|upkeep
|
|t:|1759011779
|switch|p2a: Dragapult|Dragapult, F|100/100
|turn|3
|
|t:|1759011801
|-end|p1a: Iron Moth|Quark Drive|[silent]
|switch|p1a: Iron Valiant|Iron Valiant|100/100
|-activate|p1a: Iron Valiant|move: Sticky Web
|-unboost|p1a: Iron Valiant|spe|1
|-enditem|p1a: Iron Valiant|Booster Energy
|-activate|p1a: Iron Valiant|ability: Quark Drive|[fromitem]
|-start|p1a: Iron Valiant|quarkdrivespa
|move|p2a: Dragapult|Dragon Darts|p1a: Iron Valiant
|-immune|p1a: Iron Valiant
|
|upkeep
|turn|4
|
|t:|1759011815
|switch|p2a: Gholdengo|Gholdengo|100/100
|-item|p2a: Gholdengo|Air Balloon
|move|p1a: Iron Valiant|Moonblast|p2a: Gholdengo
|-resisted|p2a: Gholdengo
|-damage|p2a: Gholdengo|62/100
|-unboost|p2a: Gholdengo|spa|1
|-enditem|p2a: Gholdengo|Air Balloon
|
|upkeep
|turn|5
|
|t:|1759011827
|-end|p1a: Iron Valiant|Quark Drive|[silent]
|switch|p1a: Araquanid|Araquanid, M, shiny|100/100
|-activate|p1a: Araquanid|move: Sticky Web
|-unboost|p1a: Araquanid|spe|1
|move|p2a: Gholdengo|Shadow Ball|p1a: Araquanid
|-damage|p1a: Araquanid|80/100
|
|upkeep
|turn|6
|
|t:|1759011835
|switch|p2a: Tsareena|Tsareena, F|100/100
|move|p1a: Araquanid|Sticky Web|p2a: Tsareena
|-sidestart|p2: LucyLikePizza|move: Sticky Web
|
|upkeep
|turn|7
|
|t:|1759011841
|move|p2a: Tsareena|Power Whip|p1a: Araquanid
|-damage|p1a: Araquanid|22/100
|move|p1a: Araquanid|Lunge|p2a: Tsareena
|-supereffective|p2a: Tsareena
|-damage|p2a: Tsareena|53/100
|-unboost|p2a: Tsareena|atk|1
|
|upkeep
|turn|8
|-enditem|p1a: Araquanid|Custap Berry|[eat]
|-activate|p1a: Araquanid|item: Custap Berry|[consumed]
|
|t:|1759011851
|move|p1a: Araquanid|Lunge|p2a: Tsareena
|-supereffective|p2a: Tsareena
|-damage|p2a: Tsareena|5/100
|-unboost|p2a: Tsareena|atk|1
|-enditem|p2a: Tsareena|Liechi Berry|[eat]
|-boost|p2a: Tsareena|atk|1|[from] item: Liechi Berry
|move|p2a: Tsareena|Power Whip|p1a: Araquanid
|-damage|p1a: Araquanid|0 fnt
|faint|p1a: Araquanid
|
|upkeep
|
|t:|1759011876
|switch|p1a: Gholdengo|Gholdengo|100/100
|-item|p1a: Gholdengo|Air Balloon
|turn|9
|
|t:|1759011881
|move|p1a: Gholdengo|Shadow Ball|p2a: Tsareena
|-damage|p2a: Tsareena|0 fnt
|faint|p2a: Tsareena
|
|upkeep
|
|t:|1759011885
|switch|p2a: Iron Moth|Iron Moth|100/100
|-activate|p2a: Iron Moth|move: Sticky Web
|-unboost|p2a: Iron Moth|spe|1
|-enditem|p2a: Iron Moth|Booster Energy
|-activate|p2a: Iron Moth|ability: Quark Drive|[fromitem]
|-start|p2a: Iron Moth|quarkdrivespa
|turn|10
|
|t:|1759011911
|-terastallize|p1a: Gholdengo|Flying
|move|p1a: Gholdengo|Psyshock|p2a: Iron Moth
|-supereffective|p2a: Iron Moth
|-damage|p2a: Iron Moth|22/100
|move|p2a: Iron Moth|Fiery Dance|p1a: Gholdengo
|-damage|p1a: Gholdengo|37/100
|-enditem|p1a: Gholdengo|Air Balloon
|
|upkeep
|turn|11
|
|t:|1759011923
|move|p1a: Gholdengo|Psyshock|p2a: Iron Moth
|-supereffective|p2a: Iron Moth
|-damage|p2a: Iron Moth|0 fnt
|faint|p2a: Iron Moth
|-end|p2a: Iron Moth|Quark Drive|[silent]
|
|upkeep
|
|t:|1759011929
|switch|p2a: Manaphy|Manaphy|100/100
|-activate|p2a: Manaphy|move: Sticky Web
|-unboost|p2a: Manaphy|spe|1
|turn|12
|
|t:|1759011936
|move|p1a: Gholdengo|Shadow Ball|p2a: Manaphy
|-damage|p2a: Manaphy|61/100
|move|p2a: Manaphy|Surf|p1a: Gholdengo
|-damage|p1a: Gholdengo|0 fnt
|faint|p1a: Gholdengo
|
|-heal|p2a: Manaphy|67/100|[from] item: Leftovers
|upkeep
|
|t:|1759011946
|switch|p1a: Iron Moth|Iron Moth|57/100
|-activate|p1a: Iron Moth|move: Sticky Web
|-unboost|p1a: Iron Moth|spe|1
|turn|13
|
|t:|1759011951
|move|p1a: Iron Moth|Energy Ball|p2a: Manaphy
|-supereffective|p2a: Manaphy
|-damage|p2a: Manaphy|0 fnt
|faint|p2a: Manaphy
|
|upkeep
|
|t:|1759011955
|switch|p2a: Dragapult|Dragapult, F|100/100
|-activate|p2a: Dragapult|move: Sticky Web
|-unboost|p2a: Dragapult|spe|1
|turn|14
|
|t:|1759011964
|move|p2a: Dragapult|Shadow Ball|p1a: Iron Moth
|-damage|p1a: Iron Moth|12/100
|-unboost|p1a: Iron Moth|spd|1
|-damage|p2a: Dragapult|91/100|[from] item: Life Orb
|move|p1a: Iron Moth|Fiery Dance|p2a: Dragapult
|-resisted|p2a: Dragapult
|-damage|p2a: Dragapult|60/100
|
|upkeep
|turn|15
|
|t:|1759011974
|move|p2a: Dragapult|Shadow Ball|p1a: Iron Moth
|-damage|p1a: Iron Moth|0 fnt
|faint|p1a: Iron Moth
|-end|p1a: Iron Moth|Quark Drive|[silent]
|-damage|p2a: Dragapult|51/100|[from] item: Life Orb
|
|upkeep
|
|t:|1759011981
|switch|p1a: Kingambit|Kingambit, M, shiny|100/100
|-activate|p1a: Kingambit|ability: Supreme Overlord
|-start|p1a: Kingambit|fallen3|[silent]
|-item|p1a: Kingambit|Air Balloon
|turn|16
|
|t:|1759011993
|move|p2a: Dragapult|Fire Blast|p1a: Kingambit|[miss]
|-miss|p2a: Dragapult|p1a: Kingambit
|move|p1a: Kingambit|Kowtow Cleave|p2a: Dragapult
|-supereffective|p2a: Dragapult
|-damage|p2a: Dragapult|0 fnt
|faint|p2a: Dragapult
|
|upkeep
|-message|LucyLikePizza forfeited.
|
|win|LetsgoBrandonJ
|raw|LetsgoBrandonJ's rating: 1587 &rarr; <strong>1606</strong><br />(+19 for winning)
|raw|LucyLikePizza's rating: 1561 &rarr; <strong>1542</strong><br />(-19 for losing)
|l|☆LucyLikePizza
|player|p2|
|l|☆LetsgoBrandonJ
|player|p1|
