|j|☆frankjob
|j|☆Eastside Jake
|t:|1758962773
|gametype|singles
|player|p1|frankjob|cheren|1510
|player|p2|Eastside Jake|rocketgrunt|1482
|gen|9
|tier|[Gen 9] OU
|rated|
|rule|HP Percentage Mod: HP is shown in percentages
|rule|Endless Battle Clause: Forcing endless battles is banned
|rule|Species Clause: Limit one of each Pokémon
|rule|OHKO Clause: OHKO moves are banned
|rule|Evasion Items Clause: Evasion items are banned
|rule|Evasion Moves Clause: Evasion moves are banned
|rule|Evasion Abilities Clause: Evasion abilities are banned
|rule|Sleep Moves Clause: Sleep-inducing moves are banned
|clearpoke
|poke|p1|Ursaluna, F|
|poke|p1|Carbink|
|poke|p1|Cresselia, F|
|poke|p1|Kingambit, M|
|poke|p1|Hatterene, F|
|poke|p1|Raging Bolt|
|poke|p2|Deoxys-Speed|
|poke|p2|Hoopa-Unbound|
|poke|p2|Manaphy|
|poke|p2|Iron Valiant|
|poke|p2|Ursaluna, M|
|poke|p2|Cinderace, M|
|teampreview
|inactive|Battle timer is ON: inactive players will automatically lose when time's up. (requested by Eastside Jake)
|inactive|frankjob also wants the timer to be on.
|
|t:|1758962780
|teamsize|p1|6
|teamsize|p2|6
|start
|switch|p1a: Carbink|Carbink|100/100
|switch|p2a: Deoxys|Deoxys-Speed|100/100
|-ability|p2a: Deoxys|Pressure
|turn|1
|
|t:|1758962786
|move|p2a: Deoxys|Reflect|p2a: Deoxys
|-sidestart|p2: Eastside Jake|Reflect
|move|p1a: Carbink|Stealth Rock|p2a: Deoxys
|-sidestart|p2: Eastside Jake|move: Stealth Rock
|
|upkeep
|turn|2
|
|t:|1758962793
|move|p2a: Deoxys|Light Screen|p2a: Deoxys
|-sidestart|p2: Eastside Jake|move: Light Screen
|move|p1a: Carbink|Spikes|p2a: Deoxys
|-sidestart|p2: Eastside Jake|Spikes
|
|upkeep
|turn|3
|
|t:|1758962796
|move|p2a: Deoxys|Taunt|p1a: Carbink
|-start|p1a: Carbink|move: Taunt
|cant|p1a: Carbink|move: Taunt|Spikes
|
|upkeep
|turn|4
|
|t:|1758962809
|switch|p2a: Ursaluna|Ursaluna, M|100/100
|-damage|p2a: Ursaluna|94/100|[from] Stealth Rock
|-damage|p2a: Ursaluna|82/100|[from] Spikes
|switch|p1a: Hatterene|Hatterene, F|100/100
|
|-status|p2a: Ursaluna|brn|[from] item: Flame Orb
|upkeep
|turn|5
|
|t:|1758962821
|move|p2a: Ursaluna|Facade|p1a: Hatterene
|-enditem|p1a: Hatterene|Focus Sash
|-damage|p1a: Hatterene|1/100
|move|p1a: Hatterene|Trick Room|p1a: Hatterene
|-fieldstart|move: Trick Room|[of] p1a: Hatterene
|
|-damage|p2a: Ursaluna|76/100 brn|[from] brn
|upkeep
|turn|6
|
|t:|1758962834
|move|p1a: Hatterene|Dazzling Gleam|p2a: Ursaluna
|-damage|p2a: Ursaluna|54/100 brn
|move|p2a: Ursaluna|Swords Dance|p2a: Ursaluna
|-boost|p2a: Ursaluna|atk|2
|
|-damage|p2a: Ursaluna|48/100 brn|[from] brn
|upkeep
|turn|7
|
|t:|1758962841
|move|p1a: Hatterene|Dazzling Gleam|p2a: Ursaluna
|-damage|p2a: Ursaluna|25/100 brn
|move|p2a: Ursaluna|Facade|p1a: Hatterene
|-damage|p1a: Hatterene|0 fnt
|faint|p1a: Hatterene
|
|-damage|p2a: Ursaluna|19/100 brn|[from] brn
|upkeep
|
|t:|1758962855
|switch|p1a: Ursaluna|Ursaluna, F|100/100
|turn|8
|
|t:|1758962863
|move|p1a: Ursaluna|Headlong Rush|p2a: Ursaluna
|-damage|p2a: Ursaluna|0 fnt
|-unboost|p1a: Ursaluna|def|1
|-unboost|p1a: Ursaluna|spd|1
|faint|p2a: Ursaluna
|
|-sideend|p2: Eastside Jake|Reflect
|-status|p1a: Ursaluna|brn|[from] item: Flame Orb
|upkeep
|
|t:|1758962874
|switch|p2a: Cinderace|Cinderace, M|100/100
|turn|9
|
|t:|1758962880
|move|p2a: Cinderace|Sucker Punch|p1a: Ursaluna
|-start|p2a: Cinderace|typechange|Dark|[from] ability: Libero
|-damage|p1a: Ursaluna|63/100 brn
|move|p1a: Ursaluna|Headlong Rush|p2a: Cinderace
|-damage|p2a: Cinderace|0 fnt
|-unboost|p1a: Ursaluna|def|1
|-unboost|p1a: Ursaluna|spd|1
|faint|p2a: Cinderace
|
|-damage|p1a: Ursaluna|57/100 brn|[from] brn
|-sideend|p2: Eastside Jake|move: Light Screen
|-fieldend|move: Trick Room
|upkeep
|
|t:|1758962891
|switch|p2a: Deoxys|Deoxys-Speed|100/100
|-damage|p2a: Deoxys|88/100|[from] Stealth Rock
|-damage|p2a: Deoxys|76/100|[from] Spikes
|-ability|p2a: Deoxys|Pressure
|turn|10
|
|t:|1758962898
|move|p2a: Deoxys|Reflect|p2a: Deoxys
|-sidestart|p2: Eastside Jake|Reflect
|move|p1a: Ursaluna|Facade|p2a: Deoxys
|-damage|p2a: Deoxys|0 fnt
|faint|p2a: Deoxys
|
|-damage|p1a: Ursaluna|50/100 brn|[from] brn
|upkeep
|
|t:|1758962909
|switch|p2a: Manaphy|Manaphy|100/100
|-damage|p2a: Manaphy|88/100|[from] Stealth Rock
|-damage|p2a: Manaphy|76/100|[from] Spikes
|turn|11
|
|t:|1758962919
|move|p2a: Manaphy|Scald|p1a: Ursaluna
|-supereffective|p1a: Ursaluna
|-damage|p1a: Ursaluna|0 fnt
|faint|p1a: Ursaluna
|
|-heal|p2a: Manaphy|82/100|[from] item: Leftovers
|upkeep
|
|t:|1758962925
|switch|p1a: Carbink|Carbink|100/100
|turn|12
|
|t:|1758962929
|move|p2a: Manaphy|Take Heart|p2a: Manaphy
|-boost|p2a: Manaphy|spa|1
|-boost|p2a: Manaphy|spd|1
|move|p1a: Carbink|Trick Room|p1a: Carbink
|-fieldstart|move: Trick Room|[of] p1a: Carbink
|
|-heal|p2a: Manaphy|88/100|[from] item: Leftovers
|upkeep
|turn|13
|
|t:|1758962935
|move|p1a: Carbink|Misty Explosion|p2a: Manaphy
|-damage|p2a: Manaphy|77/100
|faint|p1a: Carbink
|move|p2a: Manaphy|Take Heart|p2a: Manaphy
|-boost|p2a: Manaphy|spa|1
|-boost|p2a: Manaphy|spd|1
|
|-heal|p2a: Manaphy|83/100|[from] item: Leftovers
|upkeep
|
|t:|1758962944
|switch|p1a: Raging Bolt|Raging Bolt|100/100
|-enditem|p1a: Raging Bolt|Booster Energy
|-activate|p1a: Raging Bolt|ability: Protosynthesis|[fromitem]
|-start|p1a: Raging Bolt|protosynthesisspa
|turn|14
|
|t:|1758962950
|-terastallize|p2a: Manaphy|Fairy
|move|p1a: Raging Bolt|Thunderbolt|p2a: Manaphy
|-damage|p2a: Manaphy|51/100
|move|p2a: Manaphy|Take Heart|p2a: Manaphy
|-boost|p2a: Manaphy|spa|1
|-boost|p2a: Manaphy|spd|1
|
|-heal|p2a: Manaphy|57/100|[from] item: Leftovers
|upkeep
|turn|15
|
|t:|1758962961
|move|p1a: Raging Bolt|Thunderbolt|p2a: Manaphy
|-damage|p2a: Manaphy|32/100
|move|p2a: Manaphy|Take Heart|p2a: Manaphy
|-boost|p2a: Manaphy|spa|1
|-boost|p2a: Manaphy|spd|1
|
|-heal|p2a: Manaphy|38/100|[from] item: Leftovers
|upkeep
|turn|16
|
|t:|1758962968
|move|p1a: Raging Bolt|Thunderbolt|p2a: Manaphy
|-damage|p2a: Manaphy|18/100
|-status|p2a: Manaphy|par
|move|p2a: Manaphy|Stored Power|p1a: Raging Bolt
|-damage|p1a: Raging Bolt|1/100
|
|-heal|p2a: Manaphy|24/100 par|[from] item: Leftovers
|-fieldend|move: Trick Room
|upkeep
|turn|17
|
|t:|1758962981
|move|p2a: Manaphy|Take Heart|p2a: Manaphy
|-boost|p2a: Manaphy|spa|1
|-boost|p2a: Manaphy|spd|1
|-curestatus|p2a: Manaphy|par|[msg]
|move|p1a: Raging Bolt|Thunderbolt|p2a: Manaphy
|-damage|p2a: Manaphy|8/100
|
|-heal|p2a: Manaphy|15/100|[from] item: Leftovers
|-sideend|p2: Eastside Jake|Reflect
|upkeep
|turn|18
|
|t:|1758962991
|move|p1a: Raging Bolt|Thunderclap|p2a: Manaphy
|-damage|p2a: Manaphy|0 fnt
|faint|p2a: Manaphy
|
|upkeep
|
|t:|1758962998
|switch|p2a: Iron Valiant|Iron Valiant|100/100
|-damage|p2a: Iron Valiant|94/100|[from] Stealth Rock
|-damage|p2a: Iron Valiant|82/100|[from] Spikes
|-enditem|p2a: Iron Valiant|Booster Energy
|-activate|p2a: Iron Valiant|ability: Quark Drive|[fromitem]
|-start|p2a: Iron Valiant|quarkdrivespe
|turn|19
|
|t:|1758963005
|move|p1a: Raging Bolt|Thunderclap||[still]
|-fail|p1a: Raging Bolt
|move|p2a: Iron Valiant|Encore|p1a: Raging Bolt
|-start|p1a: Raging Bolt|Encore
|
|upkeep
|turn|20
|
|t:|1758963010
|-end|p2a: Iron Valiant|Quark Drive|[silent]
|switch|p2a: Hoopa|Hoopa-Unbound|100/100
|-damage|p2a: Hoopa|88/100|[from] Stealth Rock
|-damage|p2a: Hoopa|76/100|[from] Spikes
|move|p1a: Raging Bolt|Thunderclap||[still]
|-fail|p1a: Raging Bolt
|
|upkeep
|turn|21
|
|t:|1758963021
|move|p1a: Raging Bolt|Thunderclap|p2a: Hoopa
|-damage|p2a: Hoopa|49/100
|move|p2a: Hoopa|Knock Off|p1a: Raging Bolt
|-damage|p1a: Raging Bolt|0 fnt
|faint|p1a: Raging Bolt
|-end|p1a: Raging Bolt|Protosynthesis|[silent]
|
|upkeep
|
|t:|1758963029
|switch|p1a: Cresselia|Cresselia, F|100/100
|turn|22
|
|t:|1758963033
|move|p2a: Hoopa|Knock Off|p1a: Cresselia
|-supereffective|p1a: Cresselia
|-damage|p1a: Cresselia|49/100
|-enditem|p1a: Cresselia|Mental Herb|[from] move: Knock Off|[of] p2a: Hoopa
|move|p1a: Cresselia|Trick Room|p1a: Cresselia
|-fieldstart|move: Trick Room|[of] p1a: Cresselia
|
|upkeep
|turn|23
|
|t:|1758963040
|move|p1a: Cresselia|Lunar Dance|p1a: Cresselia
|faint|p1a: Cresselia
|move|p2a: Hoopa|Drain Punch|p1: Cresselia|[notarget]
|-fail|p2a: Hoopa
|
|upkeep
|
|t:|1758963044
|switch|p1a: Kingambit|Kingambit, M|100/100
|-activate|p1a: Kingambit|ability: Supreme Overlord
|-start|p1a: Kingambit|fallen5|[silent]
|turn|24
|
|t:|1758963054
|move|p1a: Kingambit|Iron Head|p2a: Hoopa
|-damage|p2a: Hoopa|0 fnt
|faint|p2a: Hoopa
|
|upkeep
|
|t:|1758963059
|switch|p2a: Iron Valiant|Iron Valiant|82/100
|-damage|p2a: Iron Valiant|76/100|[from] Stealth Rock
|-damage|p2a: Iron Valiant|63/100|[from] Spikes
|turn|25
|
|t:|1758963068
|-terastallize|p1a: Kingambit|Flying
|move|p1a: Kingambit|Iron Head|p2a: Iron Valiant
|-supereffective|p2a: Iron Valiant
|-damage|p2a: Iron Valiant|0 fnt
|faint|p2a: Iron Valiant
|-end|p2a: Iron Valiant|Quark Drive|[silent]
|
|win|frankjob
|raw|frankjob's rating: 1510 &rarr; <strong>1528</strong><br />(+18 for winning)
|raw|Eastside Jake's rating: 1482 &rarr; <strong>1464</strong><br />(-18 for losing)
|l|☆Eastside Jake
|player|p2|
