|badge|p2|bronze|gen9ou|100-6
|html|<div class="broadcast-red"><strong>This battle is required to be public due to one or more player having a season medal.</strong><br />During the public phase, you can discuss the state of the ladder <a href="/seasondiscussion">in a special chatroom.</a></div>
|uhtml|medal-msg|<div class="broadcast-blue">Curious what those medals under the avatar are? PS now has Ladder Seasons! For more information, check out the <a href="https://www.smogon.com/forums/threads/3740067/">thread on Smogon.</a></div>
|j|☆AnonymousJon
|j|☆healorant
|t:|1759012737
|gametype|singles
|player|p1|AnonymousJon|workerice|1673
|player|p2|healorant|alder|1927
|gen|9
|tier|[Gen 9] OU
|rated|
|rule|HP Percentage Mod: HP is shown in percentages
|rule|Endless Battle Clause: Forcing endless battles is banned
|rule|Species Clause: Limit one of each Pokémon
|rule|OHKO Clause: OHKO moves are banned
|rule|Evasion Items Clause: Evasion items are banned
|rule|Evasion Moves Clause: Evasion moves are banned
|rule|Evasion Abilities Clause: Evasion abilities are banned
|rule|Sleep Moves Clause: Sleep-inducing moves are banned
|clearpoke
|poke|p1|Great Tusk|
|poke|p1|Ogerpon-Cornerstone, F|
|poke|p1|Rillaboom, F|
|poke|p1|Tyranitar, F|
|poke|p1|Corviknight, M|
|poke|p1|Dragapult, M|
|poke|p2|Tornadus-Therian, M|
|poke|p2|Slowking-Galar, M|
|poke|p2|Ogerpon, F|
|poke|p2|Garganacl, M|
|poke|p2|Gliscor, M|
|poke|p2|Dragapult, F|
|teampreview
|inactive|Battle timer is ON: inactive players will automatically lose when time's up. (requested by AnonymousJon)
|j| amefurikoneko
|c|☆healorant|bruh i have that exact team
|inactive|healorant has 120 seconds left.
|
|t:|1759012777
|teamsize|p1|6
|teamsize|p2|6
|start
|switch|p1a: Tyranitar|Tyranitar, F|100/100
|switch|p2a: Gliscor|Gliscor, M|100/100
|-weather|Sandstorm|[from] ability: Sand Stream|[of] p1a: Tyranitar
|turn|1
|
|t:|1759012781
|move|p2a: Gliscor|Protect|p2a: Gliscor
|-singleturn|p2a: Gliscor|Protect
|move|p1a: Tyranitar|Roar|p2a: Gliscor
|drag|p2a: Tornadus|Tornadus-Therian, M|100/100
|
|-weather|Sandstorm|[upkeep]
|-damage|p2a: Tornadus|94/100|[from] Sandstorm
|upkeep
|turn|2
|
|t:|1759012787
|move|p2a: Tornadus|U-turn|p1a: Tyranitar
|-supereffective|p1a: Tyranitar
|-damage|p1a: Tyranitar|77/100
|
|t:|1759012794
|switch|p2a: Garganacl|Garganacl, M|100/100|[from] U-turn
|move|p1a: Tyranitar|Knock Off|p2a: Garganacl
|-damage|p2a: Garganacl|72/100
|-enditem|p2a: Garganacl|Leftovers|[from] move: Knock Off|[of] p1a: Tyranitar
|
|-weather|Sandstorm|[upkeep]
|-heal|p1a: Tyranitar|83/100|[from] item: Leftovers
|upkeep
|turn|3
|
|t:|1759012796
|move|p1a: Tyranitar|Stealth Rock|p2a: Garganacl
|-sidestart|p2: healorant|move: Stealth Rock
|move|p2a: Garganacl|Stealth Rock|p1a: Tyranitar
|-sidestart|p1: AnonymousJon|move: Stealth Rock
|
|-weather|Sandstorm|[upkeep]
|-heal|p1a: Tyranitar|90/100|[from] item: Leftovers
|upkeep
|turn|4
|
|t:|1759012802
|switch|p1a: Rillaboom|Rillaboom, F|100/100
|-damage|p1a: Rillaboom|88/100|[from] Stealth Rock
|-fieldstart|move: Grassy Terrain|[from] ability: Grassy Surge|[of] p1a: Rillaboom
|move|p2a: Garganacl|Salt Cure|p1a: Rillaboom
|-damage|p1a: Rillaboom|74/100
|-start|p1a: Rillaboom|Salt Cure
|
|-weather|Sandstorm|[upkeep]
|-damage|p1a: Rillaboom|68/100|[from] Sandstorm
|-heal|p1a: Rillaboom|74/100|[from] Grassy Terrain
|-heal|p2a: Garganacl|78/100|[from] Grassy Terrain
|-damage|p1a: Rillaboom|61/100|[from] Salt Cure
|upkeep
|turn|5
|
|t:|1759012806
|move|p2a: Garganacl|Protect|p2a: Garganacl
|-singleturn|p2a: Garganacl|Protect
|move|p1a: Rillaboom|Wood Hammer|p2a: Garganacl
|-activate|p2a: Garganacl|move: Protect
|
|-weather|none
|-heal|p1a: Rillaboom|68/100|[from] Grassy Terrain
|-heal|p2a: Garganacl|84/100|[from] Grassy Terrain
|-damage|p1a: Rillaboom|55/100|[from] Salt Cure
|upkeep
|turn|6
|
|t:|1759012809
|switch|p2a: Tornadus|Tornadus-Therian, M|100/100
|move|p1a: Rillaboom|Wood Hammer|p2a: Tornadus
|-resisted|p2a: Tornadus
|-damage|p2a: Tornadus|23/100
|-damage|p1a: Rillaboom|28/100|[from] Recoil
|
|-heal|p1a: Rillaboom|34/100|[from] Grassy Terrain
|-damage|p1a: Rillaboom|22/100|[from] Salt Cure
|upkeep
|turn|7
|
|t:|1759012812
|switch|p1a: Corviknight|Corviknight, M|100/100
|-damage|p1a: Corviknight|88/100|[from] Stealth Rock
|-ability|p1a: Corviknight|Pressure
|move|p2a: Tornadus|U-turn|p1a: Corviknight
|-resisted|p1a: Corviknight
|-damage|p1a: Corviknight|86/100
|-damage|p2a: Tornadus|6/100|[from] item: Rocky Helmet|[of] p1a: Corviknight
|
|t:|1759012816
|switch|p2a: Gliscor|Gliscor, M|100/100|[from] U-turn
|-damage|p2a: Gliscor|88/100|[from] Stealth Rock
|
|-status|p2a: Gliscor|tox|[from] item: Toxic Orb
|upkeep
|turn|8
|
|t:|1759012819
|move|p2a: Gliscor|Swords Dance|p2a: Gliscor
|-boost|p2a: Gliscor|atk|2
|move|p1a: Corviknight|U-turn|p2a: Gliscor
|-resisted|p2a: Gliscor
|-damage|p2a: Gliscor|83/100 tox
|
|t:|1759012823
|switch|p1a: Ogerpon|Ogerpon-Cornerstone, F|100/100|[from] U-turn
|-damage|p1a: Ogerpon|88/100|[from] Stealth Rock
|
|-heal|p1a: Ogerpon|94/100|[from] Grassy Terrain
|-heal|p2a: Gliscor|96/100 tox|[from] ability: Poison Heal
|-fieldend|move: Grassy Terrain
|upkeep
|turn|9
|
|t:|1759012827
|move|p1a: Ogerpon|Swords Dance|p1a: Ogerpon
|-boost|p1a: Ogerpon|atk|2
|move|p2a: Gliscor|Earthquake|p1a: Ogerpon
|-damage|p1a: Ogerpon|9/100
|
|-heal|p2a: Gliscor|100/100 tox|[from] ability: Poison Heal
|upkeep
|turn|10
|
|t:|1759012836
|move|p1a: Ogerpon|Ivy Cudgel|p2a: Gliscor|[anim] Ivy Cudgel Rock
|-crit|p2a: Gliscor
|-damage|p2a: Gliscor|0 fnt
|faint|p2a: Gliscor
|
|upkeep
|
|t:|1759012841
|switch|p2a: Tornadus|Tornadus-Therian, M|39/100
|turn|11
|
|t:|1759012845
|switch|p1a: Corviknight|Corviknight, M|86/100
|-damage|p1a: Corviknight|74/100|[from] Stealth Rock
|-ability|p1a: Corviknight|Pressure
|move|p2a: Tornadus|Knock Off|p1a: Corviknight
|-damage|p1a: Corviknight|63/100
|-damage|p2a: Tornadus|23/100|[from] item: Rocky Helmet|[of] p1a: Corviknight
|-enditem|p1a: Corviknight|Rocky Helmet|[from] move: Knock Off|[of] p2a: Tornadus
|
|upkeep
|turn|12
|
|t:|1759012848
|move|p2a: Tornadus|Heat Wave|p1a: Corviknight
|-supereffective|p1a: Corviknight
|-damage|p1a: Corviknight|14/100
|move|p1a: Corviknight|Brave Bird|p2a: Tornadus
|-damage|p2a: Tornadus|0 fnt
|faint|p2a: Tornadus
|-damage|p1a: Corviknight|7/100|[from] Recoil
|
|upkeep
|
|t:|1759012855
|switch|p2a: Dragapult|Dragapult, F|100/100
|turn|13
|
|t:|1759012858
|move|p2a: Dragapult|Dragon Darts|p1a: Corviknight
|-resisted|p1a: Corviknight
|-damage|p1a: Corviknight|0 fnt
|faint|p1a: Corviknight
|
|upkeep
|
|t:|1759012864
|switch|p1a: Tyranitar|Tyranitar, F|90/100
|-damage|p1a: Tyranitar|77/100|[from] Stealth Rock
|-weather|Sandstorm|[from] ability: Sand Stream|[of] p1a: Tyranitar
|turn|14
|
|t:|1759012867
|move|p2a: Dragapult|U-turn|p1a: Tyranitar
|-supereffective|p1a: Tyranitar
|-damage|p1a: Tyranitar|46/100
|
|t:|1759012869
|switch|p2a: Garganacl|Garganacl, M|84/100|[from] U-turn
|-damage|p2a: Garganacl|72/100|[from] Stealth Rock
|move|p1a: Tyranitar|Knock Off|p2a: Garganacl
|-damage|p2a: Garganacl|54/100
|
|-weather|Sandstorm|[upkeep]
|-heal|p1a: Tyranitar|52/100|[from] item: Leftovers
|upkeep
|turn|15
|
|t:|1759012874
|move|p1a: Tyranitar|Stone Edge|p2a: Garganacl|[miss]
|-miss|p1a: Tyranitar|p2a: Garganacl
|move|p2a: Garganacl|Salt Cure|p1a: Tyranitar
|-damage|p1a: Tyranitar|40/100
|-start|p1a: Tyranitar|Salt Cure
|
|-weather|Sandstorm|[upkeep]
|-heal|p1a: Tyranitar|47/100|[from] item: Leftovers
|-damage|p1a: Tyranitar|34/100|[from] Salt Cure
|upkeep
|turn|16
|
|t:|1759012877
|switch|p1a: Great Tusk|Great Tusk|100/100
|-damage|p1a: Great Tusk|98/100|[from] Stealth Rock
|move|p2a: Garganacl|Recover|p2a: Garganacl
|-heal|p2a: Garganacl|100/100
|
|-weather|Sandstorm|[upkeep]
|upkeep
|turn|17
|
|t:|1759012880
|move|p1a: Great Tusk|Rapid Spin|p2a: Garganacl
|-resisted|p2a: Garganacl
|-damage|p2a: Garganacl|95/100
|-boost|p1a: Great Tusk|spe|1
|-sideend|p1: AnonymousJon|Stealth Rock|[from] move: Rapid Spin|[of] p1a: Great Tusk
|move|p2a: Garganacl|Salt Cure|p1a: Great Tusk
|-resisted|p1a: Great Tusk
|-damage|p1a: Great Tusk|95/100
|-start|p1a: Great Tusk|Salt Cure
|
|-weather|Sandstorm|[upkeep]
|-damage|p1a: Great Tusk|83/100|[from] Salt Cure
|upkeep
|turn|18
|
|t:|1759012887
|move|p2a: Garganacl|Protect|p2a: Garganacl
|-singleturn|p2a: Garganacl|Protect
|move|p1a: Great Tusk|Headlong Rush|p2a: Garganacl
|-activate|p2a: Garganacl|move: Protect
|
|-weather|none
|-damage|p1a: Great Tusk|70/100|[from] Salt Cure
|upkeep
|turn|19
|
|t:|1759012894
|-terastallize|p2a: Garganacl|Grass
|move|p1a: Great Tusk|Headlong Rush|p2a: Garganacl
|-resisted|p2a: Garganacl
|-damage|p2a: Garganacl|77/100
|-unboost|p1a: Great Tusk|def|1
|-unboost|p1a: Great Tusk|spd|1
|move|p2a: Garganacl|Stealth Rock|p1a: Great Tusk
|-sidestart|p1: AnonymousJon|move: Stealth Rock
|
|-damage|p1a: Great Tusk|58/100|[from] Salt Cure
|upkeep
|turn|20
|
|t:|1759012903
|-end|p1a: Great Tusk|Protosynthesis|[silent]
|switch|p1a: Rillaboom|Rillaboom, F|22/100
|-damage|p1a: Rillaboom|10/100|[from] Stealth Rock
|-fieldstart|move: Grassy Terrain|[from] ability: Grassy Surge|[of] p1a: Rillaboom
|move|p2a: Garganacl|Protect||[still]
|-fail|p2a: Garganacl
|
|-heal|p1a: Rillaboom|16/100|[from] Grassy Terrain
|-heal|p2a: Garganacl|83/100|[from] Grassy Terrain
|upkeep
|turn|21
|
|t:|1759012906
|move|p2a: Garganacl|Protect|p2a: Garganacl
|-singleturn|p2a: Garganacl|Protect
|move|p1a: Rillaboom|U-turn|p2a: Garganacl
|-activate|p2a: Garganacl|move: Protect
|
|-heal|p1a: Rillaboom|22/100|[from] Grassy Terrain
|-heal|p2a: Garganacl|90/100|[from] Grassy Terrain
|upkeep
|turn|22
|
|t:|1759012908
|switch|p2a: Dragapult|Dragapult, F|100/100
|move|p1a: Rillaboom|U-turn|p2a: Dragapult
|-resisted|p2a: Dragapult
|-damage|p2a: Dragapult|76/100
|
|t:|1759012918
|switch|p1a: Great Tusk|Great Tusk|58/100|[from] U-turn
|-damage|p1a: Great Tusk|55/100|[from] Stealth Rock
|
|-heal|p2a: Dragapult|82/100|[from] Grassy Terrain
|-heal|p1a: Great Tusk|61/100|[from] Grassy Terrain
|upkeep
|turn|23
|
|t:|1759012925
|move|p2a: Dragapult|Will-O-Wisp|p1a: Great Tusk|[miss]
|-miss|p2a: Dragapult|p1a: Great Tusk
|move|p1a: Great Tusk|Headlong Rush|p2a: Dragapult
|-damage|p2a: Dragapult|2/100
|-unboost|p1a: Great Tusk|def|1
|-unboost|p1a: Great Tusk|spd|1
|
|-heal|p2a: Dragapult|8/100|[from] Grassy Terrain
|-heal|p1a: Great Tusk|67/100|[from] Grassy Terrain
|upkeep
|turn|24
|
|t:|1759012932
|-terastallize|p1a: Great Tusk|Fire
|move|p2a: Dragapult|U-turn|p1a: Great Tusk
|-resisted|p1a: Great Tusk
|-damage|p1a: Great Tusk|56/100
|
|t:|1759012935
|switch|p2a: Garganacl|Garganacl, M, tera:Grass|90/100|[from] U-turn
|-damage|p2a: Garganacl|77/100|[from] Stealth Rock
|move|p1a: Great Tusk|Ice Spinner|p2a: Garganacl
|-supereffective|p2a: Garganacl
|-damage|p2a: Garganacl|43/100
|-fieldend|move: Grassy Terrain
|
|upkeep
|turn|25
|
|t:|1759012938
|move|p1a: Great Tusk|Temper Flare|p2a: Garganacl
|-supereffective|p2a: Garganacl
|-damage|p2a: Garganacl|0 fnt
|faint|p2a: Garganacl
|
|upkeep
|
|t:|1759012943
|switch|p2a: Dragapult|Dragapult, F|8/100
|turn|26
|
|t:|1759012945
|-end|p1a: Great Tusk|Protosynthesis|[silent]
|switch|p1a: Tyranitar|Tyranitar, F|34/100
|-damage|p1a: Tyranitar|22/100|[from] Stealth Rock
|-weather|Sandstorm|[from] ability: Sand Stream|[of] p1a: Tyranitar
|move|p2a: Dragapult|Dragon Darts|p1a: Tyranitar
|-damage|p1a: Tyranitar|4/100
|-anim|p2a: Dragapult|Dragon Darts|p1a: Tyranitar
|-damage|p1a: Tyranitar|0 fnt
|faint|p1a: Tyranitar
|
|-weather|Sandstorm|[upkeep]
|-damage|p2a: Dragapult|2/100|[from] Sandstorm
|upkeep
|
|t:|1759012953
|switch|p1a: Rillaboom|Rillaboom, F|22/100
|-damage|p1a: Rillaboom|10/100|[from] Stealth Rock
|-fieldstart|move: Grassy Terrain|[from] ability: Grassy Surge|[of] p1a: Rillaboom
|turn|27
|
|t:|1759012959
|move|p1a: Rillaboom|Grassy Glide|p2a: Dragapult
|-resisted|p2a: Dragapult
|-damage|p2a: Dragapult|0 fnt
|faint|p2a: Dragapult
|
|-weather|Sandstorm|[upkeep]
|-damage|p1a: Rillaboom|3/100|[from] Sandstorm
|-heal|p1a: Rillaboom|10/100|[from] Grassy Terrain
|upkeep
|
|t:|1759012961
|switch|p2a: Slowking|Slowking-Galar, M|100/100
|turn|28
|
|t:|1759012965
|move|p1a: Rillaboom|Grassy Glide|p2a: Slowking
|-resisted|p2a: Slowking
|-damage|p2a: Slowking|72/100
|move|p2a: Slowking|Future Sight|p1a: Rillaboom
|-start|p2a: Slowking|move: Future Sight
|
|-weather|Sandstorm|[upkeep]
|-damage|p1a: Rillaboom|3/100|[from] Sandstorm
|-damage|p2a: Slowking|65/100|[from] Sandstorm
|-heal|p1a: Rillaboom|10/100|[from] Grassy Terrain
|-heal|p2a: Slowking|72/100|[from] Grassy Terrain
|upkeep
|turn|29
|
|t:|1759012975
|move|p1a: Rillaboom|Grassy Glide|p2a: Slowking
|-resisted|p2a: Slowking
|-damage|p2a: Slowking|42/100
|-prepare|p2a: Slowking|Chilly Reception|[premajor]
|move|p2a: Slowking|Chilly Reception|p2a: Slowking
|-weather|Snowscape
|
|t:|1759012976
|switch|p2a: Ogerpon|Ogerpon, F|100/100|[from] Chilly Reception
|
|-weather|Snowscape|[upkeep]
|-heal|p1a: Rillaboom|16/100|[from] Grassy Terrain
|upkeep
|turn|30
|
|t:|1759012979
|move|p1a: Rillaboom|Grassy Glide|p2a: Ogerpon
|-resisted|p2a: Ogerpon
|-damage|p2a: Ogerpon|59/100
|move|p2a: Ogerpon|Ivy Cudgel|p1a: Rillaboom
|-resisted|p1a: Rillaboom
|-damage|p1a: Rillaboom|0 fnt
|faint|p1a: Rillaboom
|
|-weather|Snowscape|[upkeep]
|-hint|Future Sight did not hit because the target is fainted.
|-heal|p2a: Ogerpon|65/100|[from] Grassy Terrain
|upkeep
|
|t:|1759012991
|switch|p1a: Dragapult|Dragapult, M|100/100
|-damage|p1a: Dragapult|88/100|[from] Stealth Rock
|turn|31
|
|t:|1759012993
|move|p1a: Dragapult|Will-O-Wisp|p2a: Ogerpon
|-status|p2a: Ogerpon|brn
|move|p2a: Ogerpon|Knock Off|p1a: Dragapult
|-supereffective|p1a: Dragapult
|-damage|p1a: Dragapult|41/100
|-enditem|p1a: Dragapult|Leftovers|[from] move: Knock Off|[of] p2a: Ogerpon
|
|-weather|Snowscape|[upkeep]
|-heal|p1a: Dragapult|48/100|[from] Grassy Terrain
|-heal|p2a: Ogerpon|71/100 brn|[from] Grassy Terrain
|-damage|p2a: Ogerpon|65/100 brn|[from] brn
|-fieldend|move: Grassy Terrain
|upkeep
|turn|32
|
|t:|1759012997
|move|p1a: Dragapult|Hex|p2a: Ogerpon
|-damage|p2a: Ogerpon|0 fnt
|faint|p2a: Ogerpon
|
|-weather|Snowscape|[upkeep]
|upkeep
|
|t:|1759012999
|switch|p2a: Slowking|Slowking-Galar, M|75/100
|turn|33
|
|t:|1759013002
|move|p1a: Dragapult|Hex|p2a: Slowking
|-supereffective|p2a: Slowking
|-damage|p2a: Slowking|42/100
|move|p2a: Slowking|Future Sight|p1a: Dragapult
|-start|p2a: Slowking|move: Future Sight
|
|-weather|none
|upkeep
|turn|34
|
|t:|1759013005
|move|p1a: Dragapult|Hex|p2a: Slowking
|-supereffective|p2a: Slowking
|-damage|p2a: Slowking|11/100
|move|p2a: Slowking|Sludge Bomb|p1a: Dragapult
|-resisted|p1a: Dragapult
|-damage|p1a: Dragapult|27/100
|
|upkeep
|turn|35
|
|t:|1759013007
|move|p1a: Dragapult|Hex|p2a: Slowking
|-supereffective|p2a: Slowking
|-damage|p2a: Slowking|0 fnt
|faint|p2a: Slowking
|
|win|AnonymousJon
|raw|AnonymousJon's rating: 1673 &rarr; <strong>1705</strong><br />(+32 for winning)
|raw|healorant's rating: 1927 &rarr; <strong>1895</strong><br />(-32 for losing)
|l|☆healorant
|player|p2|
|c|☆AnonymousJon|gg
|l|☆AnonymousJon
|player|p1|
