|j|☆chasmis_bauna
|j|☆reshiranaccmem
|t:|1758979212
|gametype|singles
|player|p1|chasmis_bauna|101|1102
|player|p2|reshiranaccmem|scientistf|1170
|gen|9
|tier|[Gen 9] OU
|rated|
|rule|HP Percentage Mod: HP is shown in percentages
|rule|Endless Battle Clause: Forcing endless battles is banned
|rule|Species Clause: Limit one of each Pokémon
|rule|OHKO Clause: OHKO moves are banned
|rule|Evasion Items Clause: Evasion items are banned
|rule|Evasion Moves Clause: Evasion moves are banned
|rule|Evasion Abilities Clause: Evasion abilities are banned
|rule|Sleep Moves Clause: Sleep-inducing moves are banned
|clearpoke
|poke|p1|Garganacl, M|
|poke|p1|Great Tusk|
|poke|p1|Kyurem|
|poke|p1|Ogerpon-Wellspring, F|
|poke|p1|Iron Moth|
|poke|p1|Kingambit, M|
|poke|p2|Donphan, F|
|poke|p2|Great Tusk|
|poke|p2|Iron Treads|
|poke|p2|Copperajah, F|
|poke|p2|Mamoswine, M|
|poke|p2|Cufant, M|
|teampreview
|l|☆reshiranaccmem
|player|p2|
|j|☆reshiranaccmem
|player|p2|reshiranaccmem|scientistf|
|
|t:|1758979248
|teamsize|p1|6
|teamsize|p2|6
|start
|switch|p1a: jotaro|Great Tusk|100/100
|switch|p2a: African Elephant|Donphan, F|100/100
|-enditem|p1a: jotaro|Booster Energy
|-activate|p1a: jotaro|ability: Protosynthesis|[fromitem]
|-start|p1a: jotaro|protosynthesisatk
|turn|1
|c|☆chasmis_bauna|nice team
|
|t:|1758979264
|move|p1a: jotaro|Rapid Spin|p2a: African Elephant
|-damage|p2a: African Elephant|84/100
|-boost|p1a: jotaro|spe|1
|move|p2a: African Elephant|Seed Bomb|p1a: jotaro
|-supereffective|p1a: jotaro
|-damage|p1a: jotaro|58/100
|
|upkeep
|turn|2
|c|☆reshiranaccmem|It's called "Elephant in the Room"
|
|t:|1758979277
|move|p1a: jotaro|Headlong Rush|p2a: African Elephant
|-damage|p2a: African Elephant|23/100
|-unboost|p1a: jotaro|def|1
|-unboost|p1a: jotaro|spd|1
|-enditem|p2a: African Elephant|Iapapa Berry|[eat]
|-heal|p2a: African Elephant|56/100|[from] item: Iapapa Berry
|move|p2a: African Elephant|Sandstorm|p2a: African Elephant
|-weather|Sandstorm
|
|-weather|Sandstorm|[upkeep]
|upkeep
|turn|3
|
|t:|1758979288
|move|p1a: jotaro|Headlong Rush|p2a: African Elephant
|-crit|p2a: African Elephant
|-damage|p2a: African Elephant|0 fnt
|-unboost|p1a: jotaro|def|1
|-unboost|p1a: jotaro|spd|1
|faint|p2a: African Elephant
|
|-weather|Sandstorm|[upkeep]
|upkeep
|
|t:|1758979296
|switch|p2a: Mammoth|Mamoswine, M|100/100
|turn|4
|c|☆chasmis_bauna|lol
|
|t:|1758979308
|move|p1a: jotaro|Close Combat|p2a: Mammoth
|-supereffective|p2a: Mammoth
|-damage|p2a: Mammoth|0 fnt
|-unboost|p1a: jotaro|def|1
|-unboost|p1a: jotaro|spd|1
|faint|p2a: Mammoth
|
|-weather|Sandstorm|[upkeep]
|upkeep
|
|t:|1758979318
|switch|p2a: Mastodon|Great Tusk|100/100
|turn|5
|
|t:|1758979329
|move|p1a: jotaro|Headlong Rush|p2a: Mastodon
|-damage|p2a: Mastodon|53/100
|-unboost|p1a: jotaro|def|1
|-unboost|p1a: jotaro|spd|1
|move|p2a: Mastodon|Headlong Rush|p1a: jotaro
|-damage|p1a: jotaro|0 fnt
|-unboost|p2a: Mastodon|def|1
|-unboost|p2a: Mastodon|spd|1
|faint|p1a: jotaro
|-end|p1a: jotaro|Protosynthesis|[silent]
|
|-weather|Sandstorm|[upkeep]
|upkeep
|
|t:|1758979344
|switch|p1a: Iron Moth|Iron Moth|100/100
|-enditem|p1a: Iron Moth|Booster Energy
|-activate|p1a: Iron Moth|ability: Quark Drive|[fromitem]
|-start|p1a: Iron Moth|quarkdrivespe
|turn|6
|
|t:|1758979354
|move|p1a: Iron Moth|Energy Ball|p2a: Mastodon
|-supereffective|p2a: Mastodon
|-crit|p2a: Mastodon
|-damage|p2a: Mastodon|0 fnt
|faint|p2a: Mastodon
|-end|p2a: Mastodon|Protosynthesis|[silent]
|
|-weather|none
|upkeep
|
|t:|1758979365
|switch|p2a: Pygmy Elephant|Cufant, M, shiny|100/100
|turn|7
|
|t:|1758979370
|-terastallize|p1a: Iron Moth|Bug
|move|p1a: Iron Moth|Fiery Dance|p2a: Pygmy Elephant
|-supereffective|p2a: Pygmy Elephant
|-damage|p2a: Pygmy Elephant|0 fnt
|-boost|p1a: Iron Moth|spa|1
|faint|p2a: Pygmy Elephant
|
|upkeep
|
|t:|1758979382
|switch|p2a: Indian Elephant|Copperajah, F|100/100
|turn|8
|
|t:|1758979387
|move|p1a: Iron Moth|Fiery Dance|p2a: Indian Elephant
|-supereffective|p2a: Indian Elephant
|-damage|p2a: Indian Elephant|34/100
|move|p2a: Indian Elephant|Heat Crash|p1a: Iron Moth
|-supereffective|p1a: Iron Moth
|-damage|p1a: Iron Moth|0 fnt
|faint|p1a: Iron Moth
|-end|p1a: Iron Moth|Quark Drive|[silent]
|
|upkeep
|
|t:|1758979396
|switch|p1a: jolyne|Ogerpon-Wellspring, F|100/100
|turn|9
|
|t:|1758979402
|move|p1a: jolyne|Ivy Cudgel|p2a: Indian Elephant|[anim] Ivy Cudgel Water
|-damage|p2a: Indian Elephant|0 fnt
|faint|p2a: Indian Elephant
|
|upkeep
|
|t:|1758979407
|switch|p2a: AI-lephant|Iron Treads|100/100
|turn|10
|
|t:|1758979414
|move|p1a: jolyne|Ivy Cudgel|p2a: AI-lephant|[anim] Ivy Cudgel Water
|-supereffective|p2a: AI-lephant
|-damage|p2a: AI-lephant|22/100
|move|p2a: AI-lephant|Supercell Slam|p1a: jolyne
|-damage|p1a: jolyne|64/100
|
|upkeep
|turn|11
|
|t:|1758979422
|move|p1a: jolyne|Ivy Cudgel|p2a: AI-lephant|[anim] Ivy Cudgel Water
|-supereffective|p2a: AI-lephant
|-damage|p2a: AI-lephant|0 fnt
|faint|p2a: AI-lephant
|-end|p2a: AI-lephant|Quark Drive|[silent]
|
|win|chasmis_bauna
|raw|chasmis_bauna's rating: 1102 &rarr; <strong>1132</strong><br />(+30 for winning)
|raw|reshiranaccmem's rating: 1170 &rarr; <strong>1140</strong><br />(-30 for losing)
|l|☆chasmis_bauna
|player|p1|
|l|☆reshiranaccmem
|player|p2|
