|j|☆htanhh
|j|☆Sauronikov
|t:|1758992255
|gametype|singles
|player|p1|htanhh|266|1229
|player|p2|Sauronikov|101|1195
|gen|9
|tier|[Gen 9] OU
|rated|
|rule|HP Percentage Mod: HP is shown in percentages
|rule|Endless Battle Clause: Forcing endless battles is banned
|rule|Species Clause: Limit one of each Pokémon
|rule|OHKO Clause: OHKO moves are banned
|rule|Evasion Items Clause: Evasion items are banned
|rule|Evasion Moves Clause: Evasion moves are banned
|rule|Evasion Abilities Clause: Evasion abilities are banned
|rule|Sleep Moves Clause: Sleep-inducing moves are banned
|clearpoke
|poke|p1|Kingambit, M|
|poke|p1|Okidogi, M|
|poke|p1|Kyurem|
|poke|p1|Hatterene, F|
|poke|p1|Dragapult, F|
|poke|p1|Landorus-Therian, M|
|poke|p2|Grimmsnarl, M|
|poke|p2|Rhyperior, M|
|poke|p2|Revavroom, M|
|poke|p2|Torterra, M|
|poke|p2|Feraligatr, M|
|poke|p2|Falinks|
|teampreview
|
|t:|1758992279
|teamsize|p1|6
|teamsize|p2|6
|start
|switch|p1a: Okidogi|Okidogi, M|100/100
|switch|p2a: Falinks|Falinks|100/100
|turn|1
|inactive|Battle timer is ON: inactive players will automatically lose when time's up. (requested by htanhh)
|
|t:|1758992284
|move|p2a: Falinks|No Retreat|p2a: Falinks
|-boost|p2a: Falinks|atk|1
|-boost|p2a: Falinks|def|1
|-boost|p2a: Falinks|spa|1
|-boost|p2a: Falinks|spd|1
|-boost|p2a: Falinks|spe|1
|-start|p2a: Falinks|move: No Retreat
|move|p1a: Okidogi|Drain Punch|p2a: Falinks
|-damage|p2a: Falinks|62/100
|
|upkeep
|turn|2
|
|t:|1758992294
|move|p2a: Falinks|High Horsepower|p1a: Okidogi
|-supereffective|p1a: Okidogi
|-damage|p1a: Okidogi|28/100
|move|p1a: Okidogi|Drain Punch|p2a: Falinks
|-damage|p2a: Falinks|27/100
|-heal|p1a: Okidogi|41/100|[from] drain|[of] p2a: Falinks
|-status|p2a: Falinks|tox|[from] ability: Toxic Chain|[of] p1a: Okidogi
|
|-damage|p2a: Falinks|21/100 tox|[from] psn
|upkeep
|turn|3
|
|t:|1758992306
|switch|p1a: Landorus|Landorus-Therian, M|100/100
|-ability|p1a: Landorus|Intimidate|boost
|-unboost|p2a: Falinks|atk|1
|-ability|p2a: Falinks|Defiant|boost
|-boost|p2a: Falinks|atk|2
|move|p2a: Falinks|Iron Head|p1a: Landorus
|-damage|p1a: Landorus|53/100
|-damage|p2a: Falinks|5/100 tox|[from] item: Rocky Helmet|[of] p1a: Landorus
|
|-damage|p2a: Falinks|0 fnt|[from] psn
|faint|p2a: Falinks
|upkeep
|
|t:|1758992315
|switch|p2a: Rhyperior|Rhyperior, M, shiny|100/100
|turn|4
|
|t:|1758992320
|move|p1a: Landorus|Earthquake|p2a: Rhyperior
|-supereffective|p2a: Rhyperior
|-damage|p2a: Rhyperior|45/100
|-enditem|p2a: Rhyperior|Weakness Policy
|-boost|p2a: Rhyperior|atk|2|[from] item: Weakness Policy
|-boost|p2a: Rhyperior|spa|2|[from] item: Weakness Policy
|move|p2a: Rhyperior|Rock Polish|p2a: Rhyperior
|-boost|p2a: Rhyperior|spe|2
|
|upkeep
|turn|5
|
|t:|1758992329
|move|p2a: Rhyperior|Ice Punch|p1a: Landorus
|-supereffective|p1a: Landorus
|-damage|p1a: Landorus|0 fnt
|-damage|p2a: Rhyperior|28/100|[from] item: Rocky Helmet|[of] p1a: Landorus
|faint|p1a: Landorus
|
|upkeep
|
|t:|1758992337
|switch|p1a: Dragapult|Dragapult, F|100/100
|turn|6
|
|t:|1758992339
|move|p1a: Dragapult|Thunder Wave|p2a: Rhyperior
|-immune|p2a: Rhyperior
|move|p2a: Rhyperior|Ice Punch|p1a: Dragapult
|-supereffective|p1a: Dragapult
|-crit|p1a: Dragapult
|-damage|p1a: Dragapult|0 fnt
|faint|p1a: Dragapult
|
|upkeep
|
|t:|1758992344
|switch|p1a: Kyurem|Kyurem|100/100
|-ability|p1a: Kyurem|Pressure
|turn|7
|
|t:|1758992355
|move|p1a: Kyurem|Freeze-Dry|p2a: Rhyperior
|-supereffective|p2a: Rhyperior
|-damage|p2a: Rhyperior|0 fnt
|faint|p2a: Rhyperior
|
|upkeep
|
|t:|1758992359
|switch|p2a: Revavroom|Revavroom, M, shiny|100/100
|turn|8
|
|t:|1758992364
|switch|p1a: Hatterene|Hatterene, F, shiny|100/100
|move|p2a: Revavroom|Shift Gear|p2a: Revavroom
|-boost|p2a: Revavroom|spe|2
|-boost|p2a: Revavroom|atk|1
|
|upkeep
|turn|9
|
|t:|1758992369
|move|p2a: Revavroom|Shift Gear|p2a: Revavroom
|-boost|p2a: Revavroom|spe|2
|-boost|p2a: Revavroom|atk|1
|move|p1a: Hatterene|Calm Mind|p1a: Hatterene
|-boost|p1a: Hatterene|spa|1
|-boost|p1a: Hatterene|spd|1
|
|upkeep
|turn|10
|
|t:|1758992371
|move|p2a: Revavroom|Gunk Shot|p1a: Hatterene
|-supereffective|p1a: Hatterene
|-damage|p1a: Hatterene|0 fnt
|faint|p1a: Hatterene
|
|upkeep
|
|t:|1758992375
|switch|p1a: Kyurem|Kyurem|100/100
|-ability|p1a: Kyurem|Pressure
|turn|11
|
|t:|1758992378
|-terastallize|p1a: Kyurem|Poison
|move|p2a: Revavroom|Gunk Shot|p1a: Kyurem
|-resisted|p1a: Kyurem
|-damage|p1a: Kyurem|42/100
|move|p1a: Kyurem|Earth Power|p2a: Revavroom
|-supereffective|p2a: Revavroom
|-damage|p2a: Revavroom|0 fnt
|faint|p2a: Revavroom
|
|upkeep
|
|t:|1758992388
|switch|p2a: Grimmsnarl|Grimmsnarl, M, shiny|100/100
|turn|12
|
|t:|1758992393
|switch|p1a: Kingambit|Kingambit, M, shiny|100/100
|-activate|p1a: Kingambit|ability: Supreme Overlord
|-start|p1a: Kingambit|fallen3|[silent]
|move|p2a: Grimmsnarl|Light Screen|p2a: Grimmsnarl
|-sidestart|p2: Sauronikov|move: Light Screen
|
|upkeep
|turn|13
|
|t:|1758992399
|move|p2a: Grimmsnarl|Reflect|p2a: Grimmsnarl
|-sidestart|p2: Sauronikov|Reflect
|move|p1a: Kingambit|Swords Dance|p1a: Kingambit
|-boost|p1a: Kingambit|atk|2
|
|upkeep
|turn|14
|
|t:|1758992402
|switch|p2a: Feraligatr|Feraligatr, M|100/100
|move|p1a: Kingambit|Swords Dance|p1a: Kingambit
|-boost|p1a: Kingambit|atk|2
|
|upkeep
|turn|15
|
|t:|1758992407
|move|p2a: Feraligatr|Dragon Dance|p2a: Feraligatr
|-boost|p2a: Feraligatr|atk|1
|-boost|p2a: Feraligatr|spe|1
|move|p1a: Kingambit|Kowtow Cleave|p2a: Feraligatr
|-damage|p2a: Feraligatr|0 fnt
|faint|p2a: Feraligatr
|
|upkeep
|
|t:|1758992409
|switch|p2a: Torterra|Torterra, M|100/100
|turn|16
|
|t:|1758992417
|move|p1a: Kingambit|Sucker Punch|p2a: Torterra
|-damage|p2a: Torterra|23/100
|move|p2a: Torterra|Headlong Rush|p1a: Kingambit
|-supereffective|p1a: Kingambit
|-damage|p1a: Kingambit|17/100
|-unboost|p2a: Torterra|def|1
|-unboost|p2a: Torterra|spd|1
|
|-heal|p1a: Kingambit|24/100|[from] item: Leftovers
|upkeep
|turn|17
|-message|Sauronikov forfeited.
|
|win|htanhh
|raw|htanhh's rating: 1229 &rarr; <strong>1252</strong><br />(+23 for winning)
|raw|Sauronikov's rating: 1195 &rarr; <strong>1172</strong><br />(-23 for losing)
|l|☆Sauronikov
|player|p2|
|j|☆Sauronikov
|player|p2|Sauronikov|101|
|l|☆htanhh
|player|p1|
|l|☆Sauronikov
|player|p2|
