|j|☆kurogite
|j|☆ArcadianSkies
|t:|1758997458
|gametype|singles
|player|p1|kurogite|flint|1501
|player|p2|ArcadianSkies|volkner|1566
|gen|9
|tier|[Gen 9] OU
|rated|
|rule|HP Percentage Mod: HP is shown in percentages
|rule|Endless Battle Clause: Forcing endless battles is banned
|rule|Species Clause: Limit one of each Pokémon
|rule|OHKO Clause: OHKO moves are banned
|rule|Evasion Items Clause: Evasion items are banned
|rule|Evasion Moves Clause: Evasion moves are banned
|rule|Evasion Abilities Clause: Evasion abilities are banned
|rule|Sleep Moves Clause: Sleep-inducing moves are banned
|clearpoke
|poke|p1|Enamorus, F|
|poke|p1|Latios, M|
|poke|p1|Sinistcha|
|poke|p1|Skeledirge, M|
|poke|p1|Samurott-Hisui, M|
|poke|p1|Dragonite, F|
|poke|p2|Pelipper, M|
|poke|p2|Barraskewda, M|
|poke|p2|Raging Bolt|
|poke|p2|Overqwil, M|
|poke|p2|Iron Treads|
|poke|p2|Kingdra, F|
|teampreview
|inactive|Battle timer is ON: inactive players will automatically lose when time's up. (requested by ArcadianSkies)
|
|t:|1758997466
|teamsize|p1|6
|teamsize|p2|6
|start
|switch|p1a: Samurott|Samurott-Hisui, M|100/100
|switch|p2a: Downer Ending|Pelipper, M|100/100
|-weather|RainDance|[from] ability: Drizzle|[of] p2a: Downer Ending
|turn|1
|c|☆ArcadianSkies|Hf
|c|☆kurogite|u2
|
|t:|1758997475
|move|p1a: Samurott|Aqua Cutter|p2a: Downer Ending
|-resisted|p2a: Downer Ending
|-damage|p2a: Downer Ending|60/100
|move|p2a: Downer Ending|U-turn|p1a: Samurott
|-supereffective|p1a: Samurott
|-damage|p1a: Samurott|76/100
|
|t:|1758997485
|switch|p2a: ThatsTooMuchMan|Kingdra, F|100/100|[from] U-turn
|
|-weather|RainDance|[upkeep]
|upkeep
|turn|2
|
|t:|1758997494
|move|p2a: ThatsTooMuchMan|Focus Energy|p2a: ThatsTooMuchMan
|-start|p2a: ThatsTooMuchMan|move: Focus Energy
|move|p1a: Samurott|Aqua Cutter|p2a: ThatsTooMuchMan
|-resisted|p2a: ThatsTooMuchMan
|-damage|p2a: ThatsTooMuchMan|77/100
|
|-weather|RainDance|[upkeep]
|upkeep
|turn|3
|
|t:|1758997509
|move|p2a: ThatsTooMuchMan|Draco Meteor|p1a: Samurott
|-crit|p1a: Samurott
|-damage|p1a: Samurott|0 fnt
|-unboost|p2a: ThatsTooMuchMan|spa|2
|faint|p1a: Samurott
|
|-weather|RainDance|[upkeep]
|upkeep
|
|t:|1758997517
|switch|p1a: Dragonite|Dragonite, F|100/100
|turn|4
|
|t:|1758997523
|-terastallize|p1a: Dragonite|Normal
|move|p1a: Dragonite|Extreme Speed|p2a: ThatsTooMuchMan
|-damage|p2a: ThatsTooMuchMan|20/100
|move|p2a: ThatsTooMuchMan|Ice Beam|p1a: Dragonite
|-crit|p1a: Dragonite
|-damage|p1a: Dragonite|77/100
|-status|p1a: Dragonite|frz
|
|-weather|RainDance|[upkeep]
|upkeep
|turn|5
|
|t:|1758997542
|-curestatus|p1a: Dragonite|frz|[msg]
|move|p1a: Dragonite|Extreme Speed|p2a: ThatsTooMuchMan
|-damage|p2a: ThatsTooMuchMan|0 fnt
|faint|p2a: ThatsTooMuchMan
|
|-weather|RainDance|[upkeep]
|upkeep
|
|t:|1758997546
|switch|p2a: ViewFromHalfwayDwn|Raging Bolt|100/100
|turn|6
|
|t:|1758997557
|switch|p1a: Sinistcha|Sinistcha|100/100
|move|p2a: ViewFromHalfwayDwn|Thunder|p1a: Sinistcha
|-resisted|p1a: Sinistcha
|-damage|p1a: Sinistcha|59/100
|
|-weather|RainDance|[upkeep]
|upkeep
|turn|7
|
|t:|1758997562
|move|p2a: ViewFromHalfwayDwn|Draco Meteor|p1a: Sinistcha
|-damage|p1a: Sinistcha|0 fnt
|-unboost|p2a: ViewFromHalfwayDwn|spa|2
|faint|p1a: Sinistcha
|
|-weather|RainDance|[upkeep]
|upkeep
|
|t:|1758997572
|switch|p1a: Enamorus|Enamorus, F|100/100
|turn|8
|
|t:|1758997593
|-end|p2a: ViewFromHalfwayDwn|Protosynthesis|[silent]
|switch|p2a: Escape From L.A.|Iron Treads|100/100
|move|p1a: Enamorus|Moonblast|p2a: Escape From L.A.
|-resisted|p2a: Escape From L.A.
|-damage|p2a: Escape From L.A.|83/100
|-unboost|p2a: Escape From L.A.|spa|1
|
|-weather|none
|upkeep
|turn|9
|
|t:|1758997603
|move|p1a: Enamorus|Mystical Fire|p2a: Escape From L.A.
|-supereffective|p2a: Escape From L.A.
|-damage|p2a: Escape From L.A.|51/100
|-unboost|p2a: Escape From L.A.|spa|1
|move|p2a: Escape From L.A.|Volt Switch|p1a: Enamorus
|-supereffective|p1a: Enamorus
|-damage|p1a: Enamorus|84/100
|
|t:|1758997607
|-end|p2a: Escape From L.A.|Quark Drive|[silent]
|switch|p2a: Downer Ending|Pelipper, M|60/100|[from] Volt Switch
|-weather|RainDance|[from] ability: Drizzle|[of] p2a: Downer Ending
|
|-weather|RainDance|[upkeep]
|upkeep
|turn|10
|
|t:|1758997611
|move|p1a: Enamorus|Moonblast|p2a: Downer Ending
|-damage|p2a: Downer Ending|0 fnt
|faint|p2a: Downer Ending
|
|-weather|RainDance|[upkeep]
|upkeep
|
|t:|1758997619
|switch|p2a: Time's Arrow|Barraskewda, M, shiny|100/100
|turn|11
|
|t:|1758997630
|move|p2a: Time's Arrow|Flip Turn|p1a: Enamorus
|-damage|p1a: Enamorus|0 fnt
|faint|p1a: Enamorus
|
|t:|1758997639
|switch|p2a: The Showstopper|Overqwil, M|100/100|[from] Flip Turn
|
|-weather|RainDance|[upkeep]
|upkeep
|
|t:|1758997644
|switch|p1a: Skeledirge|Skeledirge, M|100/100
|turn|12
|
|t:|1758997656
|-terastallize|p2a: The Showstopper|Water
|move|p2a: The Showstopper|Liquidation|p1a: Skeledirge
|-supereffective|p1a: Skeledirge
|-damage|p1a: Skeledirge|0 fnt
|faint|p1a: Skeledirge
|-damage|p2a: The Showstopper|91/100|[from] item: Life Orb
|
|-weather|RainDance|[upkeep]
|upkeep
|
|t:|1758997662
|switch|p1a: Latios|Latios, M|100/100
|turn|13
|
|t:|1758997665
|move|p2a: The Showstopper|Crunch|p1a: Latios
|-supereffective|p1a: Latios
|-damage|p1a: Latios|0 fnt
|faint|p1a: Latios
|-damage|p2a: The Showstopper|81/100|[from] item: Life Orb
|
|-weather|RainDance|[upkeep]
|upkeep
|
|t:|1758997667
|switch|p1a: Dragonite|Dragonite, F, tera:Normal|77/100
|turn|14
|c|☆ArcadianSkies|Gg
|
|t:|1758997674
|move|p2a: The Showstopper|Liquidation|p1a: Dragonite
|-damage|p1a: Dragonite|0 fnt
|faint|p1a: Dragonite
|-damage|p2a: The Showstopper|71/100|[from] item: Life Orb
|
|win|ArcadianSkies
|raw|kurogite's rating: 1501 &rarr; <strong>1485</strong><br />(-16 for losing)
|raw|ArcadianSkies's rating: 1566 &rarr; <strong>1582</strong><br />(+16 for winning)
|c|☆kurogite|gg
