|badge|p1|bronze|gen9ou|100-6
|html|<div class="broadcast-red"><strong>This battle is required to be public due to one or more player having a season medal.</strong><br />During the public phase, you can discuss the state of the ladder <a href="/seasondiscussion">in a special chatroom.</a></div>
|uhtml|medal-msg|<div class="broadcast-blue">Curious what those medals under the avatar are? PS now has Ladder Seasons! For more information, check out the <a href="https://www.smogon.com/forums/threads/3740067/">thread on Smogon.</a></div>
|badge|p2|bronze|gen9ou|100-6
|uhtml|medal-msg|<div class="broadcast-blue">Curious what those medals under the avatar are? PS now has Ladder Seasons! For more information, check out the <a href="https://www.smogon.com/forums/threads/3740067/">thread on Smogon.</a></div>
|raw|<div class="broadcast-blue"><strong>This battle is required to be public due to a player having a name starting with 'medal'.</div>
|j|☆DontMissMantine
|j|☆D Gym Teacher
|t:|1758972991
|gametype|singles
|player|p1|DontMissMantine|lucas|1837
|player|p2|D Gym Teacher|veteran|1877
|gen|9
|tier|[Gen 9] OU
|rated|
|rule|HP Percentage Mod: HP is shown in percentages
|rule|Endless Battle Clause: Forcing endless battles is banned
|rule|Species Clause: Limit one of each Pokémon
|rule|OHKO Clause: OHKO moves are banned
|rule|Evasion Items Clause: Evasion items are banned
|rule|Evasion Moves Clause: Evasion moves are banned
|rule|Evasion Abilities Clause: Evasion abilities are banned
|rule|Sleep Moves Clause: Sleep-inducing moves are banned
|clearpoke
|poke|p1|Pelipper, M|
|poke|p1|Beartic, F|
|poke|p1|Barraskewda, M|
|poke|p1|Ogerpon-Wellspring, F|
|poke|p1|Zapdos|
|poke|p1|Hatterene, F|
|poke|p2|Great Tusk|
|poke|p2|Slowking-Galar, M|
|poke|p2|Corviknight, F|
|poke|p2|Clefable, F|
|poke|p2|Samurott-Hisui, M|
|poke|p2|Dragapult, F|
|teampreview
|inactive|Battle timer is ON: inactive players will automatically lose when time's up. (requested by DontMissMantine)
|j| ybah
|
|t:|1758973019
|teamsize|p1|6
|teamsize|p2|6
|start
|switch|p1a: Ogerpon|Ogerpon-Wellspring, F|100/100
|switch|p2a: Bull's-eye|Dragapult, F|100/100
|turn|1
|
|t:|1758973030
|move|p2a: Bull's-eye|U-turn|p1a: Ogerpon
|-supereffective|p1a: Ogerpon
|-damage|p1a: Ogerpon|53/100
|
|t:|1758973034
|switch|p2a: Voyageur|Corviknight, F|100/100|[from] U-turn
|-ability|p2a: Voyageur|Pressure
|move|p1a: Ogerpon|Play Rough|p2a: Voyageur
|-resisted|p2a: Voyageur
|-damage|p2a: Voyageur|89/100
|-damage|p1a: Ogerpon|36/100|[from] item: Rocky Helmet|[of] p2a: Voyageur
|
|upkeep
|turn|2
|
|t:|1758973044
|switch|p1a: Hatterene|Hatterene, F|100/100
|move|p2a: Voyageur|U-turn|p1a: Hatterene
|-damage|p1a: Hatterene|89/100
|-enditem|p1a: Hatterene|Eject Button
|
|t:|1758973049
|switch|p1a: Pelipper|Pelipper, M|100/100
|-weather|RainDance|[from] ability: Drizzle|[of] p1a: Pelipper
|
|-weather|RainDance|[upkeep]
|upkeep
|turn|3
|j| wgw2333
|
|t:|1758973075
|move|p2a: Voyageur|Iron Defense|p2a: Voyageur
|-boost|p2a: Voyageur|def|2
|move|p1a: Pelipper|U-turn|p2a: Voyageur
|-resisted|p2a: Voyageur
|-damage|p2a: Voyageur|89/100
|-damage|p1a: Pelipper|84/100|[from] item: Rocky Helmet|[of] p2a: Voyageur
|
|t:|1758973081
|switch|p1a: Ogerpon|Ogerpon-Wellspring, F|36/100|[from] U-turn
|
|-weather|RainDance|[upkeep]
|upkeep
|turn|4
|
|t:|1758973092
|switch|p2a: Bull's-eye|Dragapult, F|100/100
|move|p1a: Ogerpon|Encore||[still]
|-fail|p1a: Ogerpon
|
|-weather|RainDance|[upkeep]
|upkeep
|turn|5
|
|t:|1758973099
|switch|p1a: Zapdos|Zapdos|100/100
|move|p2a: Bull's-eye|Shadow Ball|p1a: Zapdos
|-crit|p1a: Zapdos
|-damage|p1a: Zapdos|45/100
|-unboost|p1a: Zapdos|spd|1
|
|-weather|RainDance|[upkeep]
|upkeep
|turn|6
|
|t:|1758973118
|move|p2a: Bull's-eye|Shadow Ball|p1a: Zapdos
|-damage|p1a: Zapdos|0 fnt
|faint|p1a: Zapdos
|
|-weather|RainDance|[upkeep]
|upkeep
|
|t:|1758973124
|switch|p1a: Beartic|Beartic, F|100/100
|turn|7
|inactive|D Gym Teacher has 120 seconds left.
|inactive|D Gym Teacher has 90 seconds left.
|
|t:|1758973194
|switch|p2a: Jack|Samurott-Hisui, M|100/100
|move|p1a: Beartic|Swords Dance|p1a: Beartic
|-boost|p1a: Beartic|atk|2
|
|-weather|RainDance|[upkeep]
|upkeep
|turn|8
|
|t:|1758973203
|-terastallize|p1a: Beartic|Electric
|move|p2a: Jack|Aqua Jet|p1a: Beartic
|-damage|p1a: Beartic|66/100
|move|p1a: Beartic|Tera Blast|p2a: Jack|[anim] Tera Blast Electric
|-supereffective|p2a: Jack
|-damage|p2a: Jack|0 fnt
|faint|p2a: Jack
|
|-weather|RainDance|[upkeep]
|upkeep
|inactive|D Gym Teacher has 60 seconds left.
|
|t:|1758973238
|switch|p2a: Alchemist|Slowking-Galar, M|100/100
|turn|9
|
|t:|1758973251
|move|p1a: Beartic|Earthquake|p2a: Alchemist
|-supereffective|p2a: Alchemist
|-damage|p2a: Alchemist|0 fnt
|faint|p2a: Alchemist
|
|-weather|none
|upkeep
|inactive|D Gym Teacher has 60 seconds left.
|
|t:|1758973282
|switch|p2a: Bull's-eye|Dragapult, F|100/100
|turn|10
|
|t:|1758973289
|switch|p1a: Ogerpon|Ogerpon-Wellspring, F|36/100
|move|p2a: Bull's-eye|Shadow Ball|p1a: Ogerpon
|-damage|p1a: Ogerpon|0 fnt
|faint|p1a: Ogerpon
|
|upkeep
|
|t:|1758973297
|switch|p1a: Pelipper|Pelipper, M|84/100
|-weather|RainDance|[from] ability: Drizzle|[of] p1a: Pelipper
|turn|11
|inactive|D Gym Teacher has 60 seconds left.
|
|t:|1758973304
|move|p2a: Bull's-eye|Shadow Ball|p1a: Pelipper
|-damage|p1a: Pelipper|10/100
|move|p1a: Pelipper|Ice Beam|p2a: Bull's-eye
|-supereffective|p2a: Bull's-eye
|-damage|p2a: Bull's-eye|46/100
|
|-weather|RainDance|[upkeep]
|upkeep
|turn|12
|inactive|D Gym Teacher has 60 seconds left.
|
|t:|1758973318
|switch|p1a: Hatterene|Hatterene, F|89/100
|move|p2a: Bull's-eye|Shadow Ball|p1a: Hatterene
|-supereffective|p1a: Hatterene
|-damage|p1a: Hatterene|0 fnt
|faint|p1a: Hatterene
|
|-weather|RainDance|[upkeep]
|upkeep
|
|t:|1758973327
|switch|p1a: Barraskewda|Barraskewda, M|100/100
|turn|13
|inactive|D Gym Teacher has 60 seconds left.
|inactive|D Gym Teacher has 30 seconds left.
|
|t:|1758973374
|move|p1a: Barraskewda|Liquidation|p2a: Bull's-eye
|-resisted|p2a: Bull's-eye
|-damage|p2a: Bull's-eye|0 fnt
|faint|p2a: Bull's-eye
|
|-weather|RainDance|[upkeep]
|upkeep
|inactive|D Gym Teacher has 30 seconds left.
|inactive|D Gym Teacher has 20 seconds left.
|
|t:|1758973390
|switch|p2a: Voyageur|Corviknight, F|89/100
|-ability|p2a: Voyageur|Pressure
|turn|14
|inactive|D Gym Teacher has 30 seconds left this turn.
|
|t:|1758973397
|-terastallize|p2a: Voyageur|Dragon
|move|p1a: Barraskewda|Flip Turn|p2a: Voyageur
|-resisted|p2a: Voyageur
|-damage|p2a: Voyageur|71/100
|-damage|p1a: Barraskewda|84/100|[from] item: Rocky Helmet|[of] p2a: Voyageur
|
|t:|1758973405
|switch|p1a: Beartic|Beartic, F, tera:Electric|66/100|[from] Flip Turn
|move|p2a: Voyageur|Iron Defense|p2a: Voyageur
|-boost|p2a: Voyageur|def|2
|
|-weather|RainDance|[upkeep]
|upkeep
|turn|15
|inactive|D Gym Teacher has 30 seconds left.
|inactive|D Gym Teacher has 20 seconds left.
|
|t:|1758973427
|move|p1a: Beartic|Icicle Spear|p2a: Voyageur
|-supereffective|p2a: Voyageur
|-damage|p2a: Voyageur|63/100
|-supereffective|p2a: Voyageur
|-damage|p2a: Voyageur|54/100
|-supereffective|p2a: Voyageur
|-damage|p2a: Voyageur|45/100
|-supereffective|p2a: Voyageur
|-damage|p2a: Voyageur|34/100
|-hitcount|p2a: Voyageur|4
|move|p2a: Voyageur|Iron Defense|p2a: Voyageur
|-boost|p2a: Voyageur|def|2
|
|-weather|RainDance|[upkeep]
|upkeep
|turn|16
|inactive|D Gym Teacher has 30 seconds left this turn.
|
|t:|1758973439
|move|p1a: Beartic|Swords Dance|p1a: Beartic
|-boost|p1a: Beartic|atk|2
|move|p2a: Voyageur|Roost|p2a: Voyageur
|-heal|p2a: Voyageur|84/100
|
|-weather|RainDance|[upkeep]
|upkeep
|turn|17
|
|t:|1758973446
|move|p1a: Beartic|Icicle Spear|p2a: Voyageur
|-supereffective|p2a: Voyageur
|-damage|p2a: Voyageur|72/100
|-supereffective|p2a: Voyageur
|-damage|p2a: Voyageur|60/100
|-supereffective|p2a: Voyageur
|-damage|p2a: Voyageur|48/100
|-supereffective|p2a: Voyageur
|-damage|p2a: Voyageur|36/100
|-hitcount|p2a: Voyageur|4
|move|p2a: Voyageur|Iron Defense|p2a: Voyageur
|-boost|p2a: Voyageur|def|2
|
|-weather|RainDance|[upkeep]
|upkeep
|turn|18
|
|t:|1758973458
|move|p1a: Beartic|Icicle Spear|p2a: Voyageur
|-supereffective|p2a: Voyageur
|-damage|p2a: Voyageur|26/100
|-supereffective|p2a: Voyageur
|-damage|p2a: Voyageur|17/100
|-supereffective|p2a: Voyageur
|-damage|p2a: Voyageur|7/100
|-supereffective|p2a: Voyageur
|-damage|p2a: Voyageur|0 fnt
|faint|p2a: Voyageur
|-hitcount|p2: Voyageur|4
|
|-weather|none
|upkeep
|
|t:|1758973467
|switch|p2a: Loxodonta|Great Tusk|100/100
|turn|19
|
|t:|1758973481
|switch|p1a: Pelipper|Pelipper, M|10/100
|-weather|RainDance|[from] ability: Drizzle|[of] p1a: Pelipper
|move|p2a: Loxodonta|Headlong Rush|p1a: Pelipper
|-immune|p1a: Pelipper
|
|-weather|RainDance|[upkeep]
|upkeep
|turn|20
|
|t:|1758973490
|move|p2a: Loxodonta|Rapid Spin|p1a: Pelipper
|-damage|p1a: Pelipper|0 fnt
|-boost|p2a: Loxodonta|spe|1
|faint|p1a: Pelipper
|
|-weather|RainDance|[upkeep]
|upkeep
|
|t:|1758973497
|switch|p1a: Barraskewda|Barraskewda, M|84/100
|turn|21
|
|t:|1758973501
|move|p1a: Barraskewda|Liquidation|p2a: Loxodonta
|-supereffective|p2a: Loxodonta
|-damage|p2a: Loxodonta|0 fnt
|faint|p2a: Loxodonta
|-end|p2a: Loxodonta|Protosynthesis|[silent]
|
|-weather|RainDance|[upkeep]
|upkeep
|c|☆D Gym Teacher|gg
|inactive|D Gym Teacher has 60 seconds left.
|-message|D Gym Teacher forfeited.
|
|win|DontMissMantine
|raw|DontMissMantine's rating: 1837 &rarr; <strong>1859</strong><br />(+22 for winning)
|raw|D Gym Teacher's rating: 1877 &rarr; <strong>1855</strong><br />(-22 for losing)
|l|☆D Gym Teacher
|player|p2|
|c|☆DontMissMantine|Gg
