|j|☆geigeidragon
|j|☆fregene97
|t:|1759040693
|gametype|singles
|player|p1|geigeidragon|dawn-gen4pt|1523
|player|p2|fregene97|pokefan-gen4|1489
|gen|9
|tier|[Gen 9] OU
|rated|
|rule|HP Percentage Mod: HP is shown in percentages
|rule|Endless Battle Clause: Forcing endless battles is banned
|rule|Species Clause: Limit one of each Pokémon
|rule|OHKO Clause: OHKO moves are banned
|rule|Evasion Items Clause: Evasion items are banned
|rule|Evasion Moves Clause: Evasion moves are banned
|rule|Evasion Abilities Clause: Evasion abilities are banned
|rule|Sleep Moves Clause: Sleep-inducing moves are banned
|clearpoke
|poke|p1|Tyranitar, F|
|poke|p1|Excadrill, F|
|poke|p1|Keldeo-Resolute|
|poke|p1|Tornadus-Therian, M|
|poke|p1|Heatran, F|
|poke|p1|Hydrapple, M|
|poke|p2|Toxtricity, F|
|poke|p2|Glimmora, M|
|poke|p2|Darkrai|
|poke|p2|Salamence, M|
|poke|p2|Gholdengo|
|poke|p2|Ogerpon-Wellspring, F|
|teampreview
|inactive|Battle timer is ON: inactive players will automatically lose when time's up. (requested by geigeidragon)
|
|t:|1759040704
|teamsize|p1|6
|teamsize|p2|6
|start
|switch|p1a: Excadrill|Excadrill, F|100/100
|switch|p2a: Glimmora|Glimmora, M|100/100
|-item|p1a: Excadrill|Air Balloon
|turn|1
|
|t:|1759040720
|-terastallize|p2a: Glimmora|Ghost
|move|p2a: Glimmora|Stealth Rock|p1a: Excadrill
|-sidestart|p1: geigeidragon|move: Stealth Rock
|move|p1a: Excadrill|Rapid Spin|p2a: Glimmora
|-immune|p2a: Glimmora
|
|upkeep
|turn|2
|
|t:|1759040740
|move|p2a: Glimmora|Power Gem|p1a: Excadrill
|-resisted|p1a: Excadrill
|-damage|p1a: Excadrill|86/100
|-enditem|p1a: Excadrill|Air Balloon
|move|p1a: Excadrill|Earthquake|p2a: Glimmora
|-damage|p2a: Glimmora|26/100
|-activate|p2a: Glimmora|ability: Toxic Debris
|-sidestart|p1: geigeidragon|move: Toxic Spikes
|
|upkeep
|turn|3
|
|t:|1759040750
|switch|p1a: Tornadus|Tornadus-Therian, M|100/100
|move|p2a: Glimmora|Earth Power|p1a: Tornadus
|-immune|p1a: Tornadus
|
|upkeep
|turn|4
|
|t:|1759040760
|move|p1a: Tornadus|Bleakwind Storm|p2a: Glimmora
|-damage|p2a: Glimmora|0 fnt
|faint|p2a: Glimmora
|
|upkeep
|
|t:|1759040763
|switch|p2a: Toxtricity|Toxtricity, F|100/100
|turn|5
|
|t:|1759040772
|move|p1a: Tornadus|U-turn|p2a: Toxtricity
|-resisted|p2a: Toxtricity
|-damage|p2a: Toxtricity|88/100
|
|t:|1759040778
|switch|p1a: Heatran|Heatran, F|100/100|[from] U-turn
|-damage|p1a: Heatran|88/100|[from] Stealth Rock
|move|p2a: Toxtricity|Shift Gear|p2a: Toxtricity
|-boost|p2a: Toxtricity|spe|2
|-boost|p2a: Toxtricity|atk|1
|
|-heal|p1a: Heatran|94/100|[from] item: Leftovers
|upkeep
|turn|6
|
|t:|1759040792
|move|p2a: Toxtricity|Overdrive|p1a: Heatran
|-damage|p1a: Heatran|62/100
|-enditem|p2a: Toxtricity|Throat Spray
|-boost|p2a: Toxtricity|spa|1|[from] item: Throat Spray
|move|p1a: Heatran|Earth Power|p2a: Toxtricity
|-supereffective|p2a: Toxtricity
|-damage|p2a: Toxtricity|0 fnt
|faint|p2a: Toxtricity
|
|-heal|p1a: Heatran|68/100|[from] item: Leftovers
|upkeep
|
|t:|1759040800
|switch|p2a: Ogerpon|Ogerpon-Wellspring, F|100/100
|turn|7
|
|t:|1759040806
|switch|p1a: Tornadus|Tornadus-Therian, M|100/100
|move|p2a: Ogerpon|Play Rough|p1a: Tornadus
|-damage|p1a: Tornadus|57/100
|
|upkeep
|turn|8
|
|t:|1759040821
|switch|p2a: Gholdengo|Gholdengo|100/100
|-item|p2a: Gholdengo|Air Balloon
|move|p1a: Tornadus|U-turn|p2a: Gholdengo
|-resisted|p2a: Gholdengo
|-damage|p2a: Gholdengo|97/100
|-enditem|p2a: Gholdengo|Air Balloon
|inactive|geigeidragon has 120 seconds left.
|
|t:|1759040853
|switch|p1a: Heatran|Heatran, F|68/100|[from] U-turn
|-damage|p1a: Heatran|55/100|[from] Stealth Rock
|
|-heal|p1a: Heatran|62/100|[from] item: Leftovers
|upkeep
|turn|9
|
|t:|1759040857
|move|p2a: Gholdengo|Shadow Ball|p1a: Heatran
|-damage|p1a: Heatran|31/100
|move|p1a: Heatran|Magma Storm|p2a: Gholdengo
|-supereffective|p2a: Gholdengo
|-damage|p2a: Gholdengo|1/100
|-activate|p2a: Gholdengo|move: Magma Storm|[of] p1a: Heatran
|
|-heal|p1a: Heatran|38/100|[from] item: Leftovers
|-damage|p2a: Gholdengo|0 fnt|[from] move: Magma Storm|[partiallytrapped]
|faint|p2a: Gholdengo
|upkeep
|
|t:|1759040863
|switch|p2a: Darkrai|Darkrai|100/100
|turn|10
|
|t:|1759040871
|move|p2a: Darkrai|Nasty Plot|p2a: Darkrai
|-boost|p2a: Darkrai|spa|2
|move|p1a: Heatran|Stealth Rock|p2a: Darkrai
|-sidestart|p2: fregene97|move: Stealth Rock
|
|-heal|p1a: Heatran|44/100|[from] item: Leftovers
|upkeep
|turn|11
|
|t:|1759040876
|move|p2a: Darkrai|Dark Pulse|p1a: Heatran
|-damage|p1a: Heatran|0 fnt
|faint|p1a: Heatran
|
|upkeep
|
|t:|1759040880
|switch|p1a: Tyranitar|Tyranitar, F|100/100
|-damage|p1a: Tyranitar|88/100|[from] Stealth Rock
|-status|p1a: Tyranitar|psn
|-weather|Sandstorm|[from] ability: Sand Stream|[of] p1a: Tyranitar
|turn|12
|
|t:|1759040890
|move|p2a: Darkrai|Ice Beam|p1a: Tyranitar
|-damage|p1a: Tyranitar|47/100 psn
|move|p1a: Tyranitar|Stone Edge|p2a: Darkrai
|-damage|p2a: Darkrai|0 fnt
|faint|p2a: Darkrai
|
|-weather|Sandstorm|[upkeep]
|-damage|p1a: Tyranitar|35/100 psn|[from] psn
|upkeep
|
|t:|1759040897
|switch|p2a: Ogerpon|Ogerpon-Wellspring, F|100/100
|-damage|p2a: Ogerpon|88/100|[from] Stealth Rock
|turn|13
|
|t:|1759040909
|switch|p1a: Tornadus|Tornadus-Therian, M|91/100
|move|p2a: Ogerpon|Trailblaze|p1a: Tornadus
|-resisted|p1a: Tornadus
|-damage|p1a: Tornadus|72/100
|-boost|p2a: Ogerpon|spe|1
|
|-weather|Sandstorm|[upkeep]
|-damage|p2a: Ogerpon|82/100|[from] Sandstorm
|-damage|p1a: Tornadus|66/100|[from] Sandstorm
|upkeep
|turn|14
|
|t:|1759040937
|move|p2a: Ogerpon|Ivy Cudgel|p1a: Tornadus|[anim] Ivy Cudgel Water
|-damage|p1a: Tornadus|0 fnt
|faint|p1a: Tornadus
|
|-weather|Sandstorm|[upkeep]
|-damage|p2a: Ogerpon|76/100|[from] Sandstorm
|upkeep
|
|t:|1759040944
|switch|p1a: Hydrapple|Hydrapple, M|100/100
|-damage|p1a: Hydrapple|88/100|[from] Stealth Rock
|-status|p1a: Hydrapple|psn
|turn|15
|
|t:|1759040953
|move|p2a: Ogerpon|Play Rough|p1a: Hydrapple
|-supereffective|p1a: Hydrapple
|-damage|p1a: Hydrapple|42/100 psn
|-unboost|p1a: Hydrapple|atk|1
|-damage|p2a: Ogerpon|60/100|[from] item: Rocky Helmet|[of] p1a: Hydrapple
|move|p1a: Hydrapple|Fickle Beam|p2a: Ogerpon
|-damage|p2a: Ogerpon|20/100
|
|-weather|Sandstorm|[upkeep]
|-damage|p2a: Ogerpon|14/100|[from] Sandstorm
|-damage|p1a: Hydrapple|36/100 psn|[from] Sandstorm
|-damage|p1a: Hydrapple|23/100 psn|[from] psn
|upkeep
|turn|16
|inactive|geigeidragon has 120 seconds left.
|
|t:|1759040982
|switch|p1a: Keldeo|Keldeo-Resolute|100/100
|-damage|p1a: Keldeo|94/100|[from] Stealth Rock
|-status|p1a: Keldeo|psn
|move|p2a: Ogerpon|Play Rough|p1a: Keldeo
|-supereffective|p1a: Keldeo
|-damage|p1a: Keldeo|0 fnt
|faint|p1a: Keldeo
|
|-weather|none
|upkeep
|
|t:|1759040986
|switch|p1a: Tyranitar|Tyranitar, F|35/100 psn
|-damage|p1a: Tyranitar|23/100 psn|[from] Stealth Rock
|-weather|Sandstorm|[from] ability: Sand Stream|[of] p1a: Tyranitar
|turn|17
|
|t:|1759040989
|move|p2a: Ogerpon|Power Whip|p1a: Tyranitar|[miss]
|-miss|p2a: Ogerpon|p1a: Tyranitar
|move|p1a: Tyranitar|Knock Off|p2a: Ogerpon
|-damage|p2a: Ogerpon|0 fnt
|faint|p2a: Ogerpon
|
|-weather|Sandstorm|[upkeep]
|-damage|p1a: Tyranitar|10/100 psn|[from] psn
|upkeep
|
|t:|1759040992
|switch|p2a: Salamence|Salamence, M|100/100
|-damage|p2a: Salamence|76/100|[from] Stealth Rock
|turn|18
|
|t:|1759040994
|move|p2a: Salamence|Dragon Dance|p2a: Salamence
|-boost|p2a: Salamence|atk|1
|-boost|p2a: Salamence|spe|1
|move|p1a: Tyranitar|Knock Off|p2a: Salamence
|-damage|p2a: Salamence|0 fnt
|-enditem|p2a: Salamence|Loaded Dice|[from] move: Knock Off|[of] p1a: Tyranitar
|faint|p2a: Salamence
|
|win|geigeidragon
|raw|geigeidragon's rating: 1523 &rarr; <strong>1542</strong><br />(+19 for winning)
|raw|fregene97's rating: 1506 &rarr; <strong>1487</strong><br />(-19 for losing)
|l|☆fregene97
|player|p2|
|l|☆geigeidragon
|player|p1|
