|j|☆JunetheOtter
|j|☆fkfisbored
|t:|1758960171
|gametype|singles
|player|p1|JunetheOtter|102|1378
|player|p2|fkfisbored|266|1356
|gen|9
|tier|[Gen 9] OU
|rated|
|rule|HP Percentage Mod: HP is shown in percentages
|rule|Endless Battle Clause: Forcing endless battles is banned
|rule|Species Clause: Limit one of each Pokémon
|rule|OHKO Clause: OHKO moves are banned
|rule|Evasion Items Clause: Evasion items are banned
|rule|Evasion Moves Clause: Evasion moves are banned
|rule|Evasion Abilities Clause: Evasion abilities are banned
|rule|Sleep Moves Clause: Sleep-inducing moves are banned
|clearpoke
|poke|p1|Charizard, M|
|poke|p1|Torkoal, M|
|poke|p1|Hatterene, F|
|poke|p1|Great Tusk|
|poke|p1|Lilligant-Hisui, F|
|poke|p1|Walking Wake|
|poke|p2|Kyurem|
|poke|p2|Maushold-Four|
|poke|p2|Toxtricity, M|
|poke|p2|Raging Bolt|
|poke|p2|Gholdengo|
|poke|p2|Comfey, F|
|teampreview
|inactive|Battle timer is ON: inactive players will automatically lose when time's up. (requested by JunetheOtter)
|
|t:|1758960179
|teamsize|p1|6
|teamsize|p2|6
|start
|switch|p1a: Torkoal|Torkoal, M|100/100
|switch|p2a: Maushold|Maushold-Four|100/100
|-weather|SunnyDay|[from] ability: Drought|[of] p1a: Torkoal
|turn|1
|
|t:|1758960186
|move|p2a: Maushold|Population Bomb|p1a: Torkoal
|-damage|p1a: Torkoal|94/100
|-damage|p1a: Torkoal|87/100
|-damage|p1a: Torkoal|81/100
|-damage|p1a: Torkoal|74/100
|-damage|p1a: Torkoal|67/100
|-damage|p1a: Torkoal|60/100
|-damage|p1a: Torkoal|53/100
|-damage|p1a: Torkoal|46/100
|-damage|p1a: Torkoal|40/100
|-damage|p1a: Torkoal|33/100
|-hitcount|p1a: Torkoal|10
|move|p1a: Torkoal|Will-O-Wisp|p2a: Maushold
|-status|p2a: Maushold|brn
|
|-weather|SunnyDay|[upkeep]
|-damage|p2a: Maushold|94/100 brn|[from] brn
|upkeep
|turn|2
|
|t:|1758960196
|switch|p1a: Great Tusk|Great Tusk|100/100
|-activate|p1a: Great Tusk|ability: Protosynthesis
|-start|p1a: Great Tusk|protosynthesisatk
|move|p2a: Maushold|Population Bomb|p1a: Great Tusk
|-damage|p1a: Great Tusk|96/100
|-damage|p1a: Great Tusk|92/100
|-damage|p1a: Great Tusk|88/100
|-damage|p1a: Great Tusk|84/100
|-damage|p1a: Great Tusk|80/100
|-damage|p1a: Great Tusk|75/100
|-damage|p1a: Great Tusk|71/100
|-damage|p1a: Great Tusk|67/100
|-damage|p1a: Great Tusk|63/100
|-damage|p1a: Great Tusk|59/100
|-hitcount|p1a: Great Tusk|10
|
|-weather|SunnyDay|[upkeep]
|-damage|p2a: Maushold|88/100 brn|[from] brn
|upkeep
|turn|3
|
|t:|1758960210
|-terastallize|p2a: Maushold|Normal
|move|p2a: Maushold|Population Bomb|p1a: Great Tusk
|-damage|p1a: Great Tusk|53/100
|-damage|p1a: Great Tusk|47/100
|-damage|p1a: Great Tusk|42/100
|-damage|p1a: Great Tusk|37/100
|-hitcount|p1a: Great Tusk|4
|move|p1a: Great Tusk|Knock Off|p2a: Maushold
|-damage|p2a: Maushold|19/100 brn
|-enditem|p2a: Maushold|Wide Lens|[from] move: Knock Off|[of] p1a: Great Tusk
|
|-weather|SunnyDay|[upkeep]
|-damage|p2a: Maushold|13/100 brn|[from] brn
|upkeep
|turn|4
|
|t:|1758960221
|move|p2a: Maushold|Population Bomb|p1a: Great Tusk|[miss]
|-miss|p2a: Maushold|p1a: Great Tusk
|move|p1a: Great Tusk|Rapid Spin|p2a: Maushold
|-damage|p2a: Maushold|0 fnt
|-boost|p1a: Great Tusk|spe|1
|faint|p2a: Maushold
|
|-weather|SunnyDay|[upkeep]
|upkeep
|
|t:|1758960227
|switch|p2a: Comfey|Comfey, F|100/100
|turn|5
|
|t:|1758960234
|-end|p1a: Great Tusk|Protosynthesis|[silent]
|switch|p1a: Charizard|Charizard, M|100/100
|move|p2a: Comfey|Draining Kiss|p1a: Charizard
|-resisted|p1a: Charizard
|-damage|p1a: Charizard|86/100
|-damage|p2a: Comfey|91/100|[from] item: Life Orb
|
|-weather|SunnyDay|[upkeep]
|-damage|p1a: Charizard|73/100|[from] ability: Solar Power|[of] p1a: Charizard
|upkeep
|turn|6
|
|t:|1758960240
|-terastallize|p1a: Charizard|Fire
|move|p1a: Charizard|Overheat|p2a: Comfey
|-crit|p2a: Comfey
|-damage|p2a: Comfey|0 fnt
|-unboost|p1a: Charizard|spa|2
|faint|p2a: Comfey
|
|-weather|SunnyDay|[upkeep]
|-damage|p1a: Charizard|61/100|[from] ability: Solar Power|[of] p1a: Charizard
|upkeep
|
|t:|1758960247
|switch|p2a: Raging Bolt|Raging Bolt|100/100
|-activate|p2a: Raging Bolt|ability: Protosynthesis
|-start|p2a: Raging Bolt|protosynthesisspa
|turn|7
|
|t:|1758960257
|switch|p1a: Hatterene|Hatterene, F|100/100
|move|p2a: Raging Bolt|Calm Mind|p2a: Raging Bolt
|-boost|p2a: Raging Bolt|spa|1
|-boost|p2a: Raging Bolt|spd|1
|
|-weather|SunnyDay|[upkeep]
|upkeep
|turn|8
|
|t:|1758960267
|move|p2a: Raging Bolt|Thunderbolt|p1a: Hatterene
|-damage|p1a: Hatterene|11/100
|-enditem|p1a: Hatterene|Eject Button
|
|t:|1758960274
|switch|p1a: Great Tusk|Great Tusk|37/100
|-activate|p1a: Great Tusk|ability: Protosynthesis
|-start|p1a: Great Tusk|protosynthesisatk
|
|-weather|none
|-end|p1a: Great Tusk|Protosynthesis
|-end|p2a: Raging Bolt|Protosynthesis
|upkeep
|-enditem|p2a: Raging Bolt|Booster Energy
|-activate|p2a: Raging Bolt|ability: Protosynthesis|[fromitem]
|-start|p2a: Raging Bolt|protosynthesisspa
|turn|9
|
|t:|1758960284
|move|p1a: Great Tusk|Headlong Rush|p2a: Raging Bolt
|-supereffective|p2a: Raging Bolt
|-damage|p2a: Raging Bolt|0 fnt
|-unboost|p1a: Great Tusk|def|1
|-unboost|p1a: Great Tusk|spd|1
|faint|p2a: Raging Bolt
|-end|p2a: Raging Bolt|Protosynthesis|[silent]
|-enditem|p1a: Great Tusk|Eject Pack
|
|t:|1758960288
|-end|p1a: Great Tusk|Protosynthesis|[silent]
|switch|p1a: Torkoal|Torkoal, M|33/100
|-weather|SunnyDay|[from] ability: Drought|[of] p1a: Torkoal
|
|-weather|SunnyDay|[upkeep]
|upkeep
|
|t:|1758960295
|switch|p2a: Toxtricity|Toxtricity, M|100/100
|turn|10
|
|t:|1758960303
|switch|p1a: Great Tusk|Great Tusk|37/100
|-activate|p1a: Great Tusk|ability: Protosynthesis
|-start|p1a: Great Tusk|protosynthesisatk
|move|p2a: Toxtricity|Shift Gear|p2a: Toxtricity
|-boost|p2a: Toxtricity|spe|2
|-boost|p2a: Toxtricity|atk|1
|
|-weather|SunnyDay|[upkeep]
|upkeep
|turn|11
|
|t:|1758960315
|move|p2a: Toxtricity|Boomburst|p1a: Great Tusk
|-damage|p1a: Great Tusk|0 fnt
|faint|p1a: Great Tusk
|-end|p1a: Great Tusk|Protosynthesis|[silent]
|-enditem|p2a: Toxtricity|Throat Spray
|-boost|p2a: Toxtricity|spa|1|[from] item: Throat Spray
|
|-weather|SunnyDay|[upkeep]
|upkeep
|
|t:|1758960319
|switch|p1a: Walking Wake|Walking Wake|100/100
|-activate|p1a: Walking Wake|ability: Protosynthesis
|-start|p1a: Walking Wake|protosynthesisspe
|turn|12
|
|t:|1758960330
|move|p1a: Walking Wake|Draco Meteor|p2a: Toxtricity
|-damage|p2a: Toxtricity|0 fnt
|-unboost|p1a: Walking Wake|spa|2
|faint|p2a: Toxtricity
|
|-weather|SunnyDay|[upkeep]
|upkeep
|
|t:|1758960334
|switch|p2a: Kyurem|Kyurem|100/100
|-ability|p2a: Kyurem|Pressure
|turn|13
|
|t:|1758960339
|move|p1a: Walking Wake|Draco Meteor|p2a: Kyurem
|-supereffective|p2a: Kyurem
|-damage|p2a: Kyurem|13/100
|-unboost|p1a: Walking Wake|spa|2
|move|p2a: Kyurem|Freeze-Dry|p1a: Walking Wake
|-supereffective|p1a: Walking Wake
|-damage|p1a: Walking Wake|0 fnt
|faint|p1a: Walking Wake
|-end|p1a: Walking Wake|Protosynthesis|[silent]
|
|-weather|SunnyDay|[upkeep]
|upkeep
|
|t:|1758960346
|switch|p1a: Lilligant|Lilligant-Hisui, F|100/100
|turn|14
|
|t:|1758960351
|switch|p2a: Gholdengo|Gholdengo|100/100
|-item|p2a: Gholdengo|Air Balloon
|move|p1a: Lilligant|Solar Blade||[still]
|-prepare|p1a: Lilligant|Solar Blade
|-anim|p1a: Lilligant|Solar Blade|p2a: Gholdengo
|-resisted|p2a: Gholdengo
|-damage|p2a: Gholdengo|74/100
|-enditem|p2a: Gholdengo|Air Balloon
|-damage|p1a: Lilligant|91/100|[from] item: Life Orb
|
|-weather|SunnyDay|[upkeep]
|upkeep
|turn|15
|
|t:|1758960360
|switch|p1a: Hatterene|Hatterene, F|11/100
|move|p2a: Gholdengo|Nasty Plot|p2a: Gholdengo
|-boost|p2a: Gholdengo|spa|2
|
|-weather|SunnyDay|[upkeep]
|upkeep
|turn|16
|
|t:|1758960365
|move|p2a: Gholdengo|Shadow Ball|p1a: Hatterene
|-supereffective|p1a: Hatterene
|-damage|p1a: Hatterene|0 fnt
|faint|p1a: Hatterene
|
|-weather|none
|upkeep
|
|t:|1758960367
|switch|p1a: Torkoal|Torkoal, M|33/100
|-weather|SunnyDay|[from] ability: Drought|[of] p1a: Torkoal
|turn|17
|
|t:|1758960378
|move|p2a: Gholdengo|Shadow Ball|p1a: Torkoal
|-damage|p1a: Torkoal|0 fnt
|faint|p1a: Torkoal
|
|-weather|SunnyDay|[upkeep]
|upkeep
|
|t:|1758960380
|switch|p1a: Charizard|Charizard, M, tera:Fire|61/100
|turn|18
|inactive|fkfisbored has 120 seconds left.
|
|t:|1758960418
|move|p1a: Charizard|Flamethrower|p2a: Gholdengo
|-supereffective|p2a: Gholdengo
|-damage|p2a: Gholdengo|0 fnt
|faint|p2a: Gholdengo
|
|-weather|SunnyDay|[upkeep]
|-damage|p1a: Charizard|48/100|[from] ability: Solar Power|[of] p1a: Charizard
|upkeep
|
|t:|1758960422
|switch|p2a: Kyurem|Kyurem|13/100
|-ability|p2a: Kyurem|Pressure
|turn|19
|c|☆JunetheOtter|gg
|
|t:|1758960429
|move|p1a: Charizard|Flamethrower|p2a: Kyurem
|-damage|p2a: Kyurem|0 fnt
|faint|p2a: Kyurem
|
|win|JunetheOtter
|raw|JunetheOtter's rating: 1378 &rarr; <strong>1397</strong><br />(+19 for winning)
|raw|fkfisbored's rating: 1356 &rarr; <strong>1337</strong><br />(-19 for losing)
|c|☆fkfisbored|ggg
|l|☆fkfisbored
|player|p2|
|l|☆JunetheOtter
|player|p1|
