|j|☆UTF4N
|j|☆Pyrax69
|t:|1758992265
|gametype|singles
|player|p1|UTF4N|palmer|1371
|player|p2|Pyrax69|cynthia-gen4|1383
|gen|9
|tier|[Gen 9] OU
|rated|
|rule|HP Percentage Mod: HP is shown in percentages
|rule|Endless Battle Clause: Forcing endless battles is banned
|rule|Species Clause: Limit one of each Pokémon
|rule|OHKO Clause: OHKO moves are banned
|rule|Evasion Items Clause: Evasion items are banned
|rule|Evasion Moves Clause: Evasion moves are banned
|rule|Evasion Abilities Clause: Evasion abilities are banned
|rule|Sleep Moves Clause: Sleep-inducing moves are banned
|clearpoke
|poke|p1|Ditto|
|poke|p1|Zoroark, M|
|poke|p1|Pecharunt|
|poke|p1|Chandelure, F|
|poke|p1|Excadrill, M|
|poke|p1|Iron Valiant|
|poke|p2|Iron Valiant|
|poke|p2|Iron Boulder|
|poke|p2|Great Tusk|
|poke|p2|Raging Bolt|
|poke|p2|Volcanion|
|poke|p2|Weavile, M|
|teampreview
|inactive|Battle timer is ON: inactive players will automatically lose when time's up. (requested by Pyrax69)
|
|t:|1758992279
|teamsize|p1|6
|teamsize|p2|6
|start
|switch|p1a: Iron Valiant|Iron Valiant|100/100
|switch|p2a: Great Tusk|Great Tusk|100/100
|turn|1
|
|t:|1758992286
|move|p1a: Iron Valiant|Spirit Break|p2a: Great Tusk
|-supereffective|p2a: Great Tusk
|-damage|p2a: Great Tusk|24/100
|-unboost|p2a: Great Tusk|spa|1
|-damage|p1a: Iron Valiant|84/100|[from] item: Rocky Helmet|[of] p2a: Great Tusk
|-damage|p1a: Iron Valiant|74/100|[from] item: Life Orb
|move|p2a: Great Tusk|Rapid Spin|p1a: Iron Valiant
|-damage|p1a: Iron Valiant|50/100
|-boost|p2a: Great Tusk|spe|1
|
|upkeep
|turn|2
|
|t:|1758992297
|-end|p1a: Iron Valiant|Quark Drive|[silent]
|switch|p1a: Ditto|Ditto|100/100
|-transform|p1a: Ditto|p2a: Great Tusk|[from] ability: Imposter
|move|p2a: Great Tusk|Stealth Rock|p1a: Ditto
|-sidestart|p1: UTF4N|move: Stealth Rock
|
|upkeep
|turn|3
|
|t:|1758992305
|move|p1a: Ditto|Rapid Spin|p2a: Great Tusk
|-damage|p2a: Great Tusk|10/100
|-boost|p1a: Ditto|spe|1
|-damage|p1a: Ditto|84/100|[from] item: Rocky Helmet|[of] p2a: Great Tusk
|-sideend|p1: UTF4N|Stealth Rock|[from] move: Rapid Spin|[of] p1a: Ditto
|move|p2a: Great Tusk|Ice Spinner|p1a: Ditto
|-supereffective|p1a: Ditto
|-damage|p1a: Ditto|30/100
|
|upkeep
|turn|4
|
|t:|1758992314
|move|p1a: Ditto|Rapid Spin|p2a: Great Tusk
|-damage|p2a: Great Tusk|0 fnt
|-boost|p1a: Ditto|spe|1
|-damage|p1a: Ditto|13/100|[from] item: Rocky Helmet|[of] p2a: Great Tusk
|faint|p2a: Great Tusk
|-end|p2a: Great Tusk|Protosynthesis|[silent]
|
|upkeep
|
|t:|1758992321
|switch|p2a: Weavile|Weavile, M|100/100
|-ability|p2a: Weavile|Pressure
|turn|5
|
|t:|1758992326
|-end|p1a: Ditto|Protosynthesis|[silent]
|switch|p1a: Chandelure|Chandelure, F|100/100
|move|p2a: Weavile|Ice Shard|p1a: Chandelure
|-resisted|p1a: Chandelure
|-damage|p1a: Chandelure|87/100
|
|upkeep
|turn|6
|
|t:|1758992333
|move|p1a: Chandelure|Fire Blast|p2a: Weavile|[miss]
|-miss|p1a: Chandelure|p2a: Weavile
|move|p2a: Weavile|Knock Off|p1a: Chandelure
|-supereffective|p1a: Chandelure
|-damage|p1a: Chandelure|0 fnt
|-enditem|p1a: Chandelure|Choice Scarf|[from] move: Knock Off|[of] p2a: Weavile
|faint|p1a: Chandelure
|
|upkeep
|
|t:|1758992340
|switch|p1a: Pecharunt|Pecharunt|100/100
|-item|p1a: Pecharunt|Air Balloon
|turn|7
|
|t:|1758992345
|move|p2a: Weavile|Knock Off|p1a: Pecharunt
|-resisted|p1a: Pecharunt
|-damage|p1a: Pecharunt|54/100
|replace|p1a: Zoroark|Zoroark, M
|-end|p1a: Zoroark|Illusion
|-enditem|p1a: Zoroark|Air Balloon
|move|p1a: Zoroark|Flamethrower|p2a: Weavile
|-supereffective|p2a: Weavile
|-damage|p2a: Weavile|25/100
|
|upkeep
|turn|8
|
|t:|1758992355
|move|p2a: Weavile|Low Kick|p1a: Zoroark
|-supereffective|p1a: Zoroark
|-damage|p1a: Zoroark|0 fnt
|faint|p1a: Zoroark
|
|upkeep
|
|t:|1758992359
|switch|p1a: Ditto|Ditto|13/100
|-transform|p1a: Ditto|p2a: Weavile|[from] ability: Imposter
|-ability|p1a: Ditto|Pressure
|turn|9
|
|t:|1758992366
|move|p1a: Ditto|Ice Shard|p2a: Weavile
|-resisted|p2a: Weavile
|-damage|p2a: Weavile|7/100
|move|p2a: Weavile|Ice Shard|p1a: Ditto
|-resisted|p1a: Ditto
|-damage|p1a: Ditto|0 fnt
|faint|p1a: Ditto
|
|upkeep
|
|t:|1758992371
|switch|p1a: Excadrill|Excadrill, M|100/100
|-ability|p1a: Excadrill|Mold Breaker
|-item|p1a: Excadrill|Air Balloon
|turn|10
|
|t:|1758992378
|move|p2a: Weavile|Knock Off|p1a: Excadrill
|-damage|p1a: Excadrill|29/100
|-enditem|p1a: Excadrill|Air Balloon
|move|p1a: Excadrill|Rapid Spin|p2a: Weavile
|-damage|p2a: Weavile|0 fnt
|-boost|p1a: Excadrill|spe|1
|faint|p2a: Weavile
|
|upkeep
|
|t:|1758992389
|switch|p2a: Iron Valiant|Iron Valiant|100/100
|-enditem|p2a: Iron Valiant|Booster Energy
|-activate|p2a: Iron Valiant|ability: Quark Drive|[fromitem]
|-start|p2a: Iron Valiant|quarkdrivespe
|turn|11
|
|t:|1758992396
|move|p2a: Iron Valiant|Knock Off|p1a: Excadrill
|-damage|p1a: Excadrill|0 fnt
|faint|p1a: Excadrill
|
|upkeep
|
|t:|1758992398
|switch|p1a: Pecharunt|Pecharunt|100/100
|-item|p1a: Pecharunt|Air Balloon
|turn|12
|
|t:|1758992405
|move|p2a: Iron Valiant|Moonblast|p1a: Pecharunt
|-resisted|p1a: Pecharunt
|-damage|p1a: Pecharunt|82/100
|-unboost|p1a: Pecharunt|spa|1
|-enditem|p1a: Pecharunt|Air Balloon
|move|p1a: Pecharunt|Malignant Chain|p2a: Iron Valiant
|-supereffective|p2a: Iron Valiant
|-damage|p2a: Iron Valiant|0 fnt
|faint|p2a: Iron Valiant
|-end|p2a: Iron Valiant|Quark Drive|[silent]
|
|upkeep
|
|t:|1758992417
|switch|p2a: Volcanion|Volcanion|100/100
|turn|13
|
|t:|1758992420
|move|p2a: Volcanion|Steam Eruption|p1a: Pecharunt
|-damage|p1a: Pecharunt|0 fnt
|faint|p1a: Pecharunt
|
|upkeep
|
|t:|1758992423
|switch|p1a: Iron Valiant|Iron Valiant|50/100
|turn|14
|
|t:|1758992428
|move|p1a: Iron Valiant|Thunder Punch|p2a: Volcanion
|-supereffective|p2a: Volcanion
|-damage|p2a: Volcanion|38/100
|-status|p2a: Volcanion|par
|-damage|p1a: Iron Valiant|40/100|[from] item: Life Orb
|move|p2a: Volcanion|Steam Eruption|p1a: Iron Valiant
|-damage|p1a: Iron Valiant|0 fnt
|faint|p1a: Iron Valiant
|-end|p1a: Iron Valiant|Quark Drive|[silent]
|
|win|Pyrax69
|raw|UTF4N's rating: 1371 &rarr; <strong>1352</strong><br />(-19 for losing)
|raw|Pyrax69's rating: 1383 &rarr; <strong>1402</strong><br />(+19 for winning)
|l|☆UTF4N
|player|p1|
|l|☆Pyrax69
|player|p2|
