|j|☆Af Lele.Tomas
|j|‽Tsaun
|t:|1758977961
|gametype|singles
|player|p1|Af Lele.Tomas|nate|1414
|player|p2|Tsaun|101|1381
|gen|9
|tier|[Gen 9] OU
|rated|
|rule|HP Percentage Mod: HP is shown in percentages
|rule|Endless Battle Clause: Forcing endless battles is banned
|rule|Species Clause: Limit one of each Pokémon
|rule|OHKO Clause: OHKO moves are banned
|rule|Evasion Items Clause: Evasion items are banned
|rule|Evasion Moves Clause: Evasion moves are banned
|rule|Evasion Abilities Clause: Evasion abilities are banned
|rule|Sleep Moves Clause: Sleep-inducing moves are banned
|clearpoke
|poke|p1|Indeedee, M|
|poke|p1|Armarouge, M|
|poke|p1|Iron Treads|
|poke|p1|Polteageist|
|poke|p1|Hatterene, F|
|poke|p1|Kyurem|
|poke|p2|Ceruledge, M|
|poke|p2|Iron Crown|
|poke|p2|Slowking-Galar, M|
|poke|p2|Great Tusk|
|poke|p2|Dragapult, M|
|poke|p2|Cloyster, F|
|teampreview
|inactive|Battle timer is ON: inactive players will automatically lose when time's up. (requested by Af Lele.Tomas)
|
|t:|1758977973
|teamsize|p1|6
|teamsize|p2|6
|start
|switch|p1a: Indeedee|Indeedee, M|100/100
|switch|p2a: Cloyster|Cloyster, F|100/100
|-fieldstart|move: Psychic Terrain|[from] ability: Psychic Surge|[of] p1a: Indeedee
|turn|1
|
|t:|1758977977
|switch|p1a: Hatterene|Hatterene, F|100/100
|move|p2a: Cloyster|Shell Smash|p2a: Cloyster
|-unboost|p2a: Cloyster|def|1
|-unboost|p2a: Cloyster|spd|1
|-boost|p2a: Cloyster|atk|2
|-boost|p2a: Cloyster|spa|2
|-boost|p2a: Cloyster|spe|2
|-enditem|p2a: Cloyster|White Herb
|-clearnegativeboost|p2a: Cloyster|[silent]
|
|upkeep
|turn|2
|
|t:|1758977986
|move|p2a: Cloyster|Icicle Spear|p1a: Hatterene
|-damage|p1a: Hatterene|84/100
|-damage|p1a: Hatterene|68/100
|-damage|p1a: Hatterene|51/100
|-damage|p1a: Hatterene|35/100
|-damage|p1a: Hatterene|19/100
|-hitcount|p1a: Hatterene|5
|-enditem|p1a: Hatterene|Eject Button
|
|t:|1758977994
|switch|p1a: Iron Treads|Iron Treads|100/100
|-enditem|p1a: Iron Treads|Booster Energy
|-activate|p1a: Iron Treads|ability: Quark Drive|[fromitem]
|-start|p1a: Iron Treads|quarkdrivespe
|
|upkeep
|turn|3
|
|t:|1758977997
|move|p2a: Cloyster|Icicle Spear|p1a: Iron Treads
|-damage|p1a: Iron Treads|82/100
|-damage|p1a: Iron Treads|65/100
|-damage|p1a: Iron Treads|45/100
|-damage|p1a: Iron Treads|26/100
|-damage|p1a: Iron Treads|9/100
|-hitcount|p1a: Iron Treads|5
|move|p1a: Iron Treads|Stealth Rock|p2a: Cloyster
|-sidestart|p2: Tsaun|move: Stealth Rock
|
|upkeep
|turn|4
|
|t:|1758978003
|move|p2a: Cloyster|Icicle Spear|p1a: Iron Treads
|-damage|p1a: Iron Treads|0 fnt
|faint|p1a: Iron Treads
|-end|p1a: Iron Treads|Quark Drive|[silent]
|-hitcount|p1: Iron Treads|1
|
|upkeep
|
|t:|1758978005
|switch|p1a: Armarouge|Armarouge, M|100/100
|turn|5
|
|t:|1758978008
|move|p1a: Armarouge|Endure|p1a: Armarouge
|-singleturn|p1a: Armarouge|move: Endure
|move|p2a: Cloyster|Rock Blast|p1a: Armarouge
|-supereffective|p1a: Armarouge
|-damage|p1a: Armarouge|68/100
|-ability|p1a: Armarouge|Weak Armor|boost
|-unboost|p1a: Armarouge|def|1
|-boost|p1a: Armarouge|spe|2
|-supereffective|p1a: Armarouge
|-damage|p1a: Armarouge|20/100
|-ability|p1a: Armarouge|Weak Armor|boost
|-unboost|p1a: Armarouge|def|1
|-boost|p1a: Armarouge|spe|2
|-supereffective|p1a: Armarouge
|-activate|p1a: Armarouge|move: Endure
|-damage|p1a: Armarouge|1/100
|-ability|p1a: Armarouge|Weak Armor|boost
|-unboost|p1a: Armarouge|def|1
|-boost|p1a: Armarouge|spe|2
|-supereffective|p1a: Armarouge
|-activate|p1a: Armarouge|move: Endure
|-damage|p1a: Armarouge|1/100
|-ability|p1a: Armarouge|Weak Armor|boost
|-unboost|p1a: Armarouge|def|1
|-supereffective|p1a: Armarouge
|-activate|p1a: Armarouge|move: Endure
|-damage|p1a: Armarouge|1/100
|-ability|p1a: Armarouge|Weak Armor|boost
|-unboost|p1a: Armarouge|def|1
|-hitcount|p1a: Armarouge|5
|
|upkeep
|turn|6
|
|t:|1758978016
|move|p1a: Armarouge|Expanding Force|p2a: Cloyster
|-damage|p2a: Cloyster|0 fnt
|faint|p2a: Cloyster
|
|upkeep
|
|t:|1758978023
|switch|p2a: Slowking|Slowking-Galar, M|100/100
|turn|7
|
|t:|1758978036
|move|p1a: Armarouge|Expanding Force|p2a: Slowking
|-damage|p2a: Slowking|42/100
|move|p2a: Slowking|Sludge Bomb|p1a: Armarouge
|-damage|p1a: Armarouge|0 fnt
|faint|p1a: Armarouge
|
|upkeep
|
|t:|1758978041
|switch|p1a: Kyurem|Kyurem|100/100
|-ability|p1a: Kyurem|Pressure
|turn|8
|
|t:|1758978044
|move|p1a: Kyurem|Icicle Spear|p2a: Slowking
|-damage|p2a: Slowking|28/100
|-damage|p2a: Slowking|13/100
|-damage|p2a: Slowking|0 fnt
|faint|p2a: Slowking
|-hitcount|p2: Slowking|3
|
|-fieldend|move: Psychic Terrain
|upkeep
|
|t:|1758978050
|switch|p2a: Iron Crown|Iron Crown|100/100
|-damage|p2a: Iron Crown|94/100|[from] Stealth Rock
|-enditem|p2a: Iron Crown|Booster Energy
|-activate|p2a: Iron Crown|ability: Quark Drive|[fromitem]
|-start|p2a: Iron Crown|quarkdrivespe
|turn|9
|
|t:|1758978065
|-terastallize|p1a: Kyurem|Ground
|move|p2a: Iron Crown|Calm Mind|p2a: Iron Crown
|-boost|p2a: Iron Crown|spa|1
|-boost|p2a: Iron Crown|spd|1
|move|p1a: Kyurem|Tera Blast|p2a: Iron Crown|[anim] Tera Blast Ground
|-supereffective|p2a: Iron Crown
|-damage|p2a: Iron Crown|3/100
|
|upkeep
|turn|10
|inactive|Tsaun has 120 seconds left.
|
|t:|1758978098
|move|p2a: Iron Crown|Tachyon Cutter|p1a: Kyurem
|-damage|p1a: Kyurem|64/100
|-damage|p1a: Kyurem|31/100
|-hitcount|p1a: Kyurem|2
|move|p1a: Kyurem|Icicle Spear|p2a: Iron Crown
|-resisted|p2a: Iron Crown
|-damage|p2a: Iron Crown|0 fnt
|faint|p2a: Iron Crown
|-end|p2a: Iron Crown|Quark Drive|[silent]
|-hitcount|p2: Iron Crown|1
|
|upkeep
|inactive|Tsaun has 120 seconds left.
|
|t:|1758978117
|switch|p2a: Dragapult|Dragapult, M|100/100
|-damage|p2a: Dragapult|88/100|[from] Stealth Rock
|turn|11
|
|t:|1758978133
|move|p2a: Dragapult|U-turn|p1a: Kyurem
|-damage|p1a: Kyurem|0 fnt
|faint|p1a: Kyurem
|inactive|Tsaun has 120 seconds left.
|
|t:|1758978139
|switch|p2a: Ceruledge|Ceruledge, M|100/100|[from] U-turn
|-damage|p2a: Ceruledge|75/100|[from] Stealth Rock
|
|upkeep
|
|t:|1758978144
|switch|p1a: Indeedee|Indeedee, M|100/100
|-fieldstart|move: Psychic Terrain|[from] ability: Psychic Surge|[of] p1a: Indeedee
|turn|12
|
|t:|1758978153
|switch|p1a: Hatterene|Hatterene, F|19/100
|move|p2a: Ceruledge|Bitter Blade|p1a: Hatterene
|-damage|p1a: Hatterene|0 fnt
|-heal|p2a: Ceruledge|85/100|[from] drain|[of] p1a: Hatterene
|faint|p1a: Hatterene
|
|upkeep
|inactive|Af Lele.Tomas has 120 seconds left.
|
|t:|1758978185
|switch|p1a: Polteageist|Polteageist|100/100
|turn|13
|
|t:|1758978197
|move|p2a: Ceruledge|Bitter Blade|p1a: Polteageist
|-damage|p1a: Polteageist|11/100
|-heal|p2a: Ceruledge|100/100|[from] drain|[of] p1a: Polteageist
|-ability|p1a: Polteageist|Weak Armor|boost
|-unboost|p1a: Polteageist|def|1
|-boost|p1a: Polteageist|spe|2
|move|p1a: Polteageist|Shell Smash|p1a: Polteageist
|-unboost|p1a: Polteageist|def|1
|-unboost|p1a: Polteageist|spd|1
|-boost|p1a: Polteageist|atk|2
|-boost|p1a: Polteageist|spa|2
|-boost|p1a: Polteageist|spe|2
|
|upkeep
|turn|14
|
|t:|1758978217
|-terastallize|p2a: Ceruledge|Grass
|move|p1a: Polteageist|Stored Power|p2a: Ceruledge
|-damage|p2a: Ceruledge|0 fnt
|faint|p2a: Ceruledge
|
|upkeep
|
|t:|1758978222
|switch|p2a: Dragapult|Dragapult, M|88/100
|-damage|p2a: Dragapult|76/100|[from] Stealth Rock
|turn|15
|
|t:|1758978225
|move|p1a: Polteageist|Stored Power|p2a: Dragapult
|-damage|p2a: Dragapult|0 fnt
|faint|p2a: Dragapult
|
|upkeep
|
|t:|1758978228
|switch|p2a: Great Tusk|Great Tusk|100/100
|-damage|p2a: Great Tusk|97/100|[from] Stealth Rock
|turn|16
|
|t:|1758978236
|move|p1a: Polteageist|Stored Power|p2a: Great Tusk
|-supereffective|p2a: Great Tusk
|-damage|p2a: Great Tusk|0 fnt
|faint|p2a: Great Tusk
|-end|p2a: Great Tusk|Protosynthesis|[silent]
|
|win|Af Lele.Tomas
|raw|Af Lele.Tomas's rating: 1414 &rarr; <strong>1432</strong><br />(+18 for winning)
|raw|Tsaun's rating: 1381 &rarr; <strong>1363</strong><br />(-18 for losing)
|l|☆Af Lele.Tomas
|player|p1|
|l|‽Tsaun
|player|p2|
