|badge|p2|bronze|gen9ou|100-6
|html|<div class="broadcast-red"><strong>This battle is required to be public due to one or more player having a season medal.</strong><br />During the public phase, you can discuss the state of the ladder <a href="/seasondiscussion">in a special chatroom.</a></div>
|uhtml|medal-msg|<div class="broadcast-blue">Curious what those medals under the avatar are? PS now has Ladder Seasons! For more information, check out the <a href="https://www.smogon.com/forums/threads/3740067/">thread on Smogon.</a></div>
|raw|<div class="broadcast-blue"><strong>This battle is required to be public due to a player having a name starting with 'medal'.</div>
|j|☆ruist
|j|☆LT124YH Ghoul
|t:|1759066510
|gametype|singles
|player|p1|ruist|caitlin-gen4|1730
|player|p2|LT124YH Ghoul|#wcop2024asia|1903
|gen|9
|tier|[Gen 9] OU
|rated|
|rule|HP Percentage Mod: HP is shown in percentages
|rule|Endless Battle Clause: Forcing endless battles is banned
|rule|Species Clause: Limit one of each Pokémon
|rule|OHKO Clause: OHKO moves are banned
|rule|Evasion Items Clause: Evasion items are banned
|rule|Evasion Moves Clause: Evasion moves are banned
|rule|Evasion Abilities Clause: Evasion abilities are banned
|rule|Sleep Moves Clause: Sleep-inducing moves are banned
|clearpoke
|poke|p1|Latios, M|
|poke|p1|Zamazenta-*|
|poke|p1|Samurott-Hisui, F|
|poke|p1|Heatran, F|
|poke|p1|Pecharunt|
|poke|p1|Great Tusk|
|poke|p2|Enamorus, F|
|poke|p2|Araquanid, F|
|poke|p2|Gholdengo|
|poke|p2|Iron Valiant|
|poke|p2|Kingambit, F|
|poke|p2|Great Tusk|
|teampreview
|inactive|Battle timer is ON: inactive players will automatically lose when time's up. (requested by ruist)
|inactive|LT124YH Ghoul also wants the timer to be on.
|
|t:|1759066523
|teamsize|p1|6
|teamsize|p2|6
|start
|switch|p1a: Samurott|Samurott-Hisui, F|100/100
|switch|p2a: Doc Seismic|Araquanid, F, shiny|100/100
|turn|1
|
|t:|1759066526
|move|p1a: Samurott|Ceaseless Edge|p2a: Doc Seismic
|-damage|p2a: Doc Seismic|46/100
|-sidestart|p2: LT124YH Ghoul|Spikes
|move|p2a: Doc Seismic|Lunge|p1a: Samurott
|-supereffective|p1a: Samurott
|-damage|p1a: Samurott|37/100
|-unboost|p1a: Samurott|atk|1
|
|upkeep
|turn|2
|
|t:|1759066532
|move|p1a: Samurott|Ceaseless Edge|p2a: Doc Seismic
|-damage|p2a: Doc Seismic|12/100
|-sidestart|p2: LT124YH Ghoul|Spikes
|move|p2a: Doc Seismic|Lunge|p1a: Samurott
|-supereffective|p1a: Samurott
|-damage|p1a: Samurott|0 fnt
|faint|p1a: Samurott
|
|upkeep
|
|t:|1759066543
|switch|p1a: Latios|Latios, M|100/100
|turn|3
|-enditem|p2a: Doc Seismic|Custap Berry|[eat]
|-activate|p2a: Doc Seismic|item: Custap Berry|[consumed]
|
|t:|1759066547
|switch|p1a: Pecharunt|Pecharunt|100/100
|move|p2a: Doc Seismic|Sticky Web|p1a: Pecharunt
|-sidestart|p1: ruist|move: Sticky Web
|
|upkeep
|turn|4
|
|t:|1759066551
|move|p1a: Pecharunt|Shadow Ball|p2a: Doc Seismic
|-crit|p2a: Doc Seismic
|-damage|p2a: Doc Seismic|0 fnt
|faint|p2a: Doc Seismic
|
|upkeep
|
|t:|1759066554
|switch|p2a: Robot|Gholdengo|100/100
|-damage|p2a: Robot|84/100|[from] Spikes
|turn|5
|
|t:|1759066557
|move|p1a: Pecharunt|Shadow Ball|p2a: Robot
|-supereffective|p2a: Robot
|-damage|p2a: Robot|38/100
|move|p2a: Robot|Shadow Ball|p1a: Pecharunt
|-supereffective|p1a: Pecharunt
|-damage|p1a: Pecharunt|22/100
|
|upkeep
|turn|6
|
|t:|1759066564
|move|p1a: Pecharunt|Parting Shot|p2a: Robot
|-immune|p2a: Robot|[from] ability: Good as Gold
|move|p2a: Robot|Shadow Ball|p1a: Pecharunt
|-supereffective|p1a: Pecharunt
|-damage|p1a: Pecharunt|0 fnt
|faint|p1a: Pecharunt
|
|upkeep
|
|t:|1759066567
|switch|p1a: Great Tusk|Great Tusk|100/100
|turn|7
|
|t:|1759066569
|move|p1a: Great Tusk|Headlong Rush|p2a: Robot
|-supereffective|p2a: Robot
|-damage|p2a: Robot|0 fnt
|-unboost|p1a: Great Tusk|def|1
|-unboost|p1a: Great Tusk|spd|1
|faint|p2a: Robot
|
|upkeep
|j| tiochicodobos
|j| cynasaurus
|inactive|LT124YH Ghoul has 120 seconds left.
|
|t:|1759066624
|switch|p2a: Conquest|Enamorus, F|100/100
|turn|8
|
|t:|1759066638
|-end|p1a: Great Tusk|Protosynthesis|[silent]
|switch|p1a: Heatran|Heatran, F|100/100
|-activate|p1a: Heatran|move: Sticky Web
|-unboost|p1a: Heatran|spe|1
|-terastallize|p2a: Conquest|Ghost
|move|p2a: Conquest|Substitute|p2a: Conquest
|-start|p2a: Conquest|Substitute
|-damage|p2a: Conquest|76/100
|
|-heal|p2a: Conquest|82/100|[from] item: Leftovers
|upkeep
|turn|9
|
|t:|1759066643
|move|p2a: Conquest|Superpower|p1a: Heatran
|-supereffective|p1a: Heatran
|-damage|p1a: Heatran|31/100
|-boost|p2a: Conquest|atk|1
|-boost|p2a: Conquest|def|1
|-status|p2a: Conquest|brn|[from] ability: Flame Body|[of] p1a: Heatran
|move|p1a: Heatran|Earth Power|p2a: Conquest
|-end|p2a: Conquest|Substitute
|
|-heal|p2a: Conquest|88/100 brn|[from] item: Leftovers
|-heal|p1a: Heatran|38/100|[from] item: Leftovers
|-damage|p2a: Conquest|82/100 brn|[from] brn
|upkeep
|turn|10
|
|t:|1759066647
|move|p2a: Conquest|Superpower|p1a: Heatran
|-supereffective|p1a: Heatran
|-damage|p1a: Heatran|0 fnt
|-boost|p2a: Conquest|atk|1
|-boost|p2a: Conquest|def|1
|faint|p1a: Heatran
|
|-heal|p2a: Conquest|88/100 brn|[from] item: Leftovers
|-damage|p2a: Conquest|82/100 brn|[from] brn
|upkeep
|j| idk helloge hhhh
|
|t:|1759066653
|switch|p1a: Latios|Latios, M|100/100
|turn|11
|j| ilytrix
|
|t:|1759066658
|move|p1a: Latios|Draco Meteor|p2a: Conquest
|-damage|p2a: Conquest|0 fnt
|-unboost|p1a: Latios|spa|2
|faint|p2a: Conquest
|
|upkeep
|
|t:|1759066661
|switch|p2a: Atom Eve|Iron Valiant|100/100
|-damage|p2a: Atom Eve|84/100|[from] Spikes
|-enditem|p2a: Atom Eve|Booster Energy
|-activate|p2a: Atom Eve|ability: Quark Drive|[fromitem]
|-start|p2a: Atom Eve|quarkdrivespa
|turn|12
|
|t:|1759066670
|switch|p1a: Great Tusk|Great Tusk|100/100
|move|p2a: Atom Eve|Moonblast|p1a: Great Tusk
|-supereffective|p1a: Great Tusk
|-damage|p1a: Great Tusk|0 fnt
|faint|p1a: Great Tusk
|-end|p1a: Great Tusk|Protosynthesis|[silent]
|
|upkeep
|
|t:|1759066673
|switch|p1a: Latios|Latios, M|100/100
|turn|13
|
|t:|1759066675
|-end|p2a: Atom Eve|Quark Drive|[silent]
|switch|p2a: Omni-Man|Kingambit, F|100/100
|-activate|p2a: Omni-Man|ability: Supreme Overlord
|-start|p2a: Omni-Man|fallen3|[silent]
|-item|p2a: Omni-Man|Air Balloon
|move|p1a: Latios|Luster Purge|p2a: Omni-Man
|-immune|p2a: Omni-Man
|
|upkeep
|turn|14
|
|t:|1759066681
|move|p1a: Latios|Luster Purge|p2a: Omni-Man
|-immune|p2a: Omni-Man
|move|p2a: Omni-Man|Iron Head|p1a: Latios
|-damage|p1a: Latios|27/100
|
|upkeep
|turn|15
|
|t:|1759066684
|move|p1a: Latios|Luster Purge|p2a: Omni-Man
|-immune|p2a: Omni-Man
|move|p2a: Omni-Man|Iron Head|p1a: Latios
|-damage|p1a: Latios|0 fnt
|faint|p1a: Latios
|
|upkeep
|
|t:|1759066686
|switch|p1a: Zamazenta|Zamazenta|100/100
|-activate|p1a: Zamazenta|move: Sticky Web
|-unboost|p1a: Zamazenta|spe|1
|-ability|p1a: Zamazenta|Dauntless Shield|boost
|-boost|p1a: Zamazenta|def|1
|turn|16
|l| idk helloge hhhh
|
|t:|1759066689
|-end|p2a: Omni-Man|fallen3|[silent]
|switch|p2a: Invincible|Great Tusk|100/100
|-damage|p2a: Invincible|84/100|[from] Spikes
|-enditem|p2a: Invincible|Booster Energy
|-activate|p2a: Invincible|ability: Protosynthesis|[fromitem]
|-start|p2a: Invincible|protosynthesisspe
|move|p1a: Zamazenta|Iron Defense|p1a: Zamazenta
|-boost|p1a: Zamazenta|def|2
|
|upkeep
|turn|17
|
|t:|1759066692
|move|p2a: Invincible|Knock Off|p1a: Zamazenta
|-resisted|p1a: Zamazenta
|-damage|p1a: Zamazenta|96/100
|-enditem|p1a: Zamazenta|Leftovers|[from] move: Knock Off|[of] p2a: Invincible
|move|p1a: Zamazenta|Iron Defense|p1a: Zamazenta
|-boost|p1a: Zamazenta|def|2
|
|upkeep
|turn|18
|
|t:|1759066699
|move|p2a: Invincible|Rapid Spin|p1a: Zamazenta
|-damage|p1a: Zamazenta|93/100
|-boost|p2a: Invincible|spe|1
|-sideend|p2: LT124YH Ghoul|Spikes|[from] move: Rapid Spin|[of] p2a: Invincible
|move|p1a: Zamazenta|Body Press|p2a: Invincible
|-damage|p2a: Invincible|8/100
|
|upkeep
|turn|19
|
|t:|1759066704
|move|p2a: Invincible|Headlong Rush|p1a: Zamazenta
|-damage|p1a: Zamazenta|82/100
|-unboost|p2a: Invincible|def|1
|-unboost|p2a: Invincible|spd|1
|move|p1a: Zamazenta|Body Press|p2a: Invincible
|-damage|p2a: Invincible|0 fnt
|faint|p2a: Invincible
|-end|p2a: Invincible|Protosynthesis|[silent]
|
|upkeep
|
|t:|1759066706
|switch|p2a: Atom Eve|Iron Valiant|84/100
|turn|20
|c|☆LT124YH Ghoul|t
|
|t:|1759066734
|-terastallize|p1a: Zamazenta|Steel
|move|p2a: Atom Eve|Calm Mind|p2a: Atom Eve
|-boost|p2a: Atom Eve|spa|1
|-boost|p2a: Atom Eve|spd|1
|move|p1a: Zamazenta|Body Press|p2a: Atom Eve
|-resisted|p2a: Atom Eve
|-damage|p2a: Atom Eve|6/100
|
|upkeep
|turn|21
|
|t:|1759066738
|move|p2a: Atom Eve|Vacuum Wave|p1a: Zamazenta
|-supereffective|p1a: Zamazenta
|-damage|p1a: Zamazenta|30/100
|move|p1a: Zamazenta|Body Press|p2a: Atom Eve
|-resisted|p2a: Atom Eve
|-damage|p2a: Atom Eve|0 fnt
|faint|p2a: Atom Eve
|-end|p2a: Atom Eve|Quark Drive|[silent]
|
|upkeep
|
|t:|1759066741
|switch|p2a: Omni-Man|Kingambit, F|100/100
|-activate|p2a: Omni-Man|ability: Supreme Overlord
|-start|p2a: Omni-Man|fallen5|[silent]
|-item|p2a: Omni-Man|Air Balloon
|turn|22
|
|t:|1759066744
|move|p1a: Zamazenta|Body Press|p2a: Omni-Man
|-supereffective|p2a: Omni-Man
|-crit|p2a: Omni-Man
|-damage|p2a: Omni-Man|0 fnt
|-enditem|p2a: Omni-Man|Air Balloon
|faint|p2a: Omni-Man
|-end|p2a: Omni-Man|fallen5|[silent]
|
|win|ruist
|raw|ruist's rating: 1730 &rarr; <strong>1759</strong><br />(+29 for winning)
|raw|LT124YH Ghoul's rating: 1903 &rarr; <strong>1874</strong><br />(-29 for losing)
|l|☆LT124YH Ghoul
|player|p2|
|l| tiochicodobos
|l| ilytrix
