|j|☆TRIPLE RILABOOM
|j|☆gen 9 sab truther
|t:|1758930311
|gametype|singles
|player|p1|TRIPLE RILABOOM|lucas|1546
|player|p2|gen 9 sab truther|morty-masters|1590
|gen|9
|tier|[Gen 9] OU
|rated|
|rule|HP Percentage Mod: HP is shown in percentages
|rule|Endless Battle Clause: Forcing endless battles is banned
|rule|Species Clause: Limit one of each Pokémon
|rule|OHKO Clause: OHKO moves are banned
|rule|Evasion Items Clause: Evasion items are banned
|rule|Evasion Moves Clause: Evasion moves are banned
|rule|Evasion Abilities Clause: Evasion abilities are banned
|rule|Sleep Moves Clause: Sleep-inducing moves are banned
|clearpoke
|poke|p1|Rillaboom, M|
|poke|p1|Ursaluna, F|
|poke|p1|Raging Bolt|
|poke|p1|Kyurem|
|poke|p1|Iron Treads|
|poke|p1|Keldeo-Resolute|
|poke|p2|Garganacl, F|
|poke|p2|Great Tusk|
|poke|p2|Chesnaught, F|
|poke|p2|Dragapult, M|
|poke|p2|Moltres|
|poke|p2|Kingambit, M|
|teampreview
|inactive|Battle timer is ON: inactive players will automatically lose when time's up. (requested by gen 9 sab truther)
|inactive|TRIPLE RILABOOM also wants the timer to be on.
|inactive|TRIPLE RILABOOM has 120 seconds left.
|
|t:|1758930369
|teamsize|p1|6
|teamsize|p2|6
|start
|switch|p1a: Keldeo|Keldeo-Resolute|100/100
|switch|p2a: Garganacl|Garganacl, F|100/100
|turn|1
|inactive|gen 9 sab truther has 120 seconds left.
|
|t:|1758930406
|-terastallize|p1a: Keldeo|Water
|move|p2a: Garganacl|Protect|p2a: Garganacl
|-singleturn|p2a: Garganacl|Protect
|move|p1a: Keldeo|Hydro Pump|p2a: Garganacl
|-activate|p2a: Garganacl|move: Protect
|
|upkeep
|turn|2
|
|t:|1758930412
|-terastallize|p2a: Garganacl|Water
|move|p1a: Keldeo|Hydro Pump|p2a: Garganacl
|-resisted|p2a: Garganacl
|-damage|p2a: Garganacl|74/100
|move|p2a: Garganacl|Salt Cure|p1a: Keldeo
|-damage|p1a: Keldeo|84/100
|-start|p1a: Keldeo|Salt Cure
|
|-heal|p2a: Garganacl|80/100|[from] item: Leftovers
|-damage|p1a: Keldeo|60/100|[from] Salt Cure
|upkeep
|turn|3
|
|t:|1758930421
|switch|p1a: Rillaboom|Rillaboom, M, shiny|100/100
|-fieldstart|move: Grassy Terrain|[from] ability: Grassy Surge|[of] p1a: Rillaboom
|move|p2a: Garganacl|Stealth Rock|p1a: Rillaboom
|-sidestart|p1: TRIPLE RILABOOM|move: Stealth Rock
|
|-heal|p2a: Garganacl|86/100|[from] Grassy Terrain
|-heal|p2a: Garganacl|92/100|[from] item: Leftovers
|upkeep
|turn|4
|
|t:|1758930426
|switch|p1a: Raging Bolt|Raging Bolt|100/100
|-damage|p1a: Raging Bolt|88/100|[from] Stealth Rock
|move|p2a: Garganacl|Protect||[still]
|-fail|p2a: Garganacl
|
|-heal|p1a: Raging Bolt|94/100|[from] Grassy Terrain
|-heal|p2a: Garganacl|99/100|[from] Grassy Terrain
|-heal|p2a: Garganacl|100/100|[from] item: Leftovers
|upkeep
|turn|5
|
|t:|1758930440
|move|p2a: Garganacl|Protect|p2a: Garganacl
|-singleturn|p2a: Garganacl|Protect
|move|p1a: Raging Bolt|Thunderbolt|p2a: Garganacl
|-activate|p2a: Garganacl|move: Protect
|
|-heal|p1a: Raging Bolt|100/100|[from] Grassy Terrain
|upkeep
|turn|6
|
|t:|1758930443
|switch|p2a: Great Tusk|Great Tusk|100/100
|move|p1a: Raging Bolt|Thunderbolt|p2a: Great Tusk
|-immune|p2a: Great Tusk
|
|upkeep
|turn|7
|
|t:|1758930455
|-end|p1a: Raging Bolt|Protosynthesis|[silent]
|switch|p1a: Ursaluna|Ursaluna, F|100/100
|-damage|p1a: Ursaluna|94/100|[from] Stealth Rock
|move|p2a: Great Tusk|Knock Off|p1a: Ursaluna
|-damage|p1a: Ursaluna|68/100
|-enditem|p1a: Ursaluna|Flame Orb|[from] move: Knock Off|[of] p2a: Great Tusk
|
|-heal|p1a: Ursaluna|74/100|[from] Grassy Terrain
|-fieldend|move: Grassy Terrain
|upkeep
|turn|8
|
|t:|1758930467
|-end|p2a: Great Tusk|Protosynthesis|[silent]
|switch|p2a: Chesnaught|Chesnaught, F|100/100
|move|p1a: Ursaluna|Facade|p2a: Chesnaught
|-damage|p2a: Chesnaught|78/100
|-damage|p1a: Ursaluna|58/100|[from] item: Rocky Helmet|[of] p2a: Chesnaught
|
|upkeep
|turn|9
|
|t:|1758930476
|switch|p1a: Iron Treads|Iron Treads, shiny|100/100
|-damage|p1a: Iron Treads|97/100|[from] Stealth Rock
|-enditem|p1a: Iron Treads|Booster Energy
|-activate|p1a: Iron Treads|ability: Quark Drive|[fromitem]
|-start|p1a: Iron Treads|quarkdrivespe
|move|p2a: Chesnaught|Body Press|p1a: Iron Treads
|-supereffective|p1a: Iron Treads
|-damage|p1a: Iron Treads|21/100
|
|upkeep
|turn|10
|
|t:|1758930484
|move|p1a: Iron Treads|Rapid Spin|p2a: Chesnaught
|-damage|p2a: Chesnaught|69/100
|-boost|p1a: Iron Treads|spe|1
|-damage|p1a: Iron Treads|4/100|[from] item: Rocky Helmet|[of] p2a: Chesnaught
|-sideend|p1: TRIPLE RILABOOM|Stealth Rock|[from] move: Rapid Spin|[of] p1a: Iron Treads
|move|p2a: Chesnaught|Spikes|p1a: Iron Treads
|-sidestart|p1: TRIPLE RILABOOM|Spikes
|
|upkeep
|turn|11
|
|t:|1758930492
|move|p1a: Iron Treads|Volt Switch|p2a: Chesnaught
|-resisted|p2a: Chesnaught
|-damage|p2a: Chesnaught|62/100
|
|t:|1758930495
|-end|p1a: Iron Treads|Quark Drive|[silent]
|switch|p1a: Kyurem|Kyurem, shiny|100/100|[from] Volt Switch
|-damage|p1a: Kyurem|88/100|[from] Spikes
|-ability|p1a: Kyurem|Pressure
|move|p2a: Chesnaught|Synthesis|p2a: Chesnaught
|-heal|p2a: Chesnaught|100/100
|
|upkeep
|turn|12
|
|t:|1758930504
|switch|p2a: Kingambit|Kingambit, M|100/100
|move|p1a: Kyurem|Dragon Dance|p1a: Kyurem
|-boost|p1a: Kyurem|atk|1
|-boost|p1a: Kyurem|spe|1
|
|upkeep
|turn|13
|
|t:|1758930513
|move|p1a: Kyurem|Dragon Dance|p1a: Kyurem
|-boost|p1a: Kyurem|atk|1
|-boost|p1a: Kyurem|spe|1
|move|p2a: Kingambit|Iron Head|p1a: Kyurem
|-supereffective|p1a: Kyurem
|-damage|p1a: Kyurem|2/100
|
|upkeep
|turn|14
|
|t:|1758930518
|move|p2a: Kingambit|Sucker Punch|p1a: Kyurem
|-damage|p1a: Kyurem|0 fnt
|faint|p1a: Kyurem
|
|upkeep
|
|t:|1758930528
|switch|p1a: Keldeo|Keldeo-Resolute, tera:Water|60/100
|-damage|p1a: Keldeo|47/100|[from] Spikes
|turn|15
|
|t:|1758930534
|-end|p2a: Kingambit|fallenundefined|[silent]
|switch|p2a: Dragapult|Dragapult, M|100/100
|move|p1a: Keldeo|Hydro Pump|p2a: Dragapult
|-resisted|p2a: Dragapult
|-damage|p2a: Dragapult|44/100
|
|upkeep
|turn|16
|
|t:|1758930547
|switch|p2a: Garganacl|Garganacl, F, tera:Water|100/100
|move|p1a: Keldeo|Hydro Pump|p2a: Garganacl
|-resisted|p2a: Garganacl
|-damage|p2a: Garganacl|73/100
|
|-heal|p2a: Garganacl|79/100|[from] item: Leftovers
|upkeep
|turn|17
|
|t:|1758930553
|switch|p1a: Rillaboom|Rillaboom, M, shiny|100/100
|-damage|p1a: Rillaboom|88/100|[from] Spikes
|-fieldstart|move: Grassy Terrain|[from] ability: Grassy Surge|[of] p1a: Rillaboom
|move|p2a: Garganacl|Stealth Rock|p1a: Rillaboom
|-sidestart|p1: TRIPLE RILABOOM|move: Stealth Rock
|
|-heal|p1a: Rillaboom|94/100|[from] Grassy Terrain
|-heal|p2a: Garganacl|85/100|[from] Grassy Terrain
|-heal|p2a: Garganacl|91/100|[from] item: Leftovers
|upkeep
|turn|18
|
|t:|1758930557
|move|p2a: Garganacl|Protect|p2a: Garganacl
|-singleturn|p2a: Garganacl|Protect
|move|p1a: Rillaboom|Swords Dance|p1a: Rillaboom
|-boost|p1a: Rillaboom|atk|2
|
|-heal|p1a: Rillaboom|100/100|[from] Grassy Terrain
|-heal|p2a: Garganacl|98/100|[from] Grassy Terrain
|-heal|p2a: Garganacl|100/100|[from] item: Leftovers
|upkeep
|turn|19
|
|t:|1758930560
|switch|p2a: Moltres|Moltres|100/100
|move|p1a: Rillaboom|Swords Dance|p1a: Rillaboom
|-boost|p1a: Rillaboom|atk|2
|
|upkeep
|turn|20
|
|t:|1758930571
|move|p1a: Rillaboom|Wood Hammer|p2a: Moltres
|-resisted|p2a: Moltres
|-damage|p2a: Moltres|15/100
|-damage|p1a: Rillaboom|69/100|[from] Recoil
|-damage|p1a: Rillaboom|59/100|[from] item: Life Orb
|move|p2a: Moltres|Flamethrower|p1a: Rillaboom
|-supereffective|p1a: Rillaboom
|-damage|p1a: Rillaboom|0 fnt
|faint|p1a: Rillaboom
|
|upkeep
|
|t:|1758930585
|switch|p1a: Raging Bolt|Raging Bolt|100/100
|-damage|p1a: Raging Bolt|88/100|[from] Spikes
|-damage|p1a: Raging Bolt|76/100|[from] Stealth Rock
|turn|21
|
|t:|1758930593
|move|p1a: Raging Bolt|Dragon Pulse|p2a: Moltres
|-damage|p2a: Moltres|0 fnt
|faint|p2a: Moltres
|
|-heal|p1a: Raging Bolt|82/100|[from] Grassy Terrain
|-fieldend|move: Grassy Terrain
|upkeep
|
|t:|1758930598
|switch|p2a: Kingambit|Kingambit, M|100/100
|-activate|p2a: Kingambit|ability: Supreme Overlord
|-start|p2a: Kingambit|fallen1|[silent]
|turn|22
|
|t:|1758930602
|move|p1a: Raging Bolt|Dragon Pulse|p2a: Kingambit
|-resisted|p2a: Kingambit
|-damage|p2a: Kingambit|61/100
|move|p2a: Kingambit|Kowtow Cleave|p1a: Raging Bolt
|-damage|p1a: Raging Bolt|35/100
|
|-heal|p2a: Kingambit|68/100|[from] item: Leftovers
|upkeep
|turn|23
|
|t:|1758930605
|move|p1a: Raging Bolt|Dragon Pulse|p2a: Kingambit
|-resisted|p2a: Kingambit
|-damage|p2a: Kingambit|32/100
|move|p2a: Kingambit|Kowtow Cleave|p1a: Raging Bolt
|-damage|p1a: Raging Bolt|0 fnt
|faint|p1a: Raging Bolt
|-end|p1a: Raging Bolt|Protosynthesis|[silent]
|
|-heal|p2a: Kingambit|38/100|[from] item: Leftovers
|upkeep
|
|t:|1758930607
|switch|p1a: Ursaluna|Ursaluna, F|58/100
|-damage|p1a: Ursaluna|45/100|[from] Spikes
|-damage|p1a: Ursaluna|39/100|[from] Stealth Rock
|turn|24
|
|t:|1758930611
|-end|p2a: Kingambit|fallen1|[silent]
|switch|p2a: Chesnaught|Chesnaught, F|100/100
|move|p1a: Ursaluna|Earthquake|p2a: Chesnaught
|-resisted|p2a: Chesnaught
|-damage|p2a: Chesnaught|83/100
|
|upkeep
|turn|25
|
|t:|1758930615
|move|p2a: Chesnaught|Body Press|p1a: Ursaluna
|-supereffective|p1a: Ursaluna
|-damage|p1a: Ursaluna|0 fnt
|faint|p1a: Ursaluna
|
|upkeep
|
|t:|1758930618
|switch|p1a: Iron Treads|Iron Treads, shiny|4/100
|-damage|p1a: Iron Treads|0 fnt|[from] Spikes
|faint|p1a: Iron Treads
|-end|p1a: Iron Treads|Quark Drive|[silent]
|
|t:|1758930620
|switch|p1a: Keldeo|Keldeo-Resolute, tera:Water|47/100
|-damage|p1a: Keldeo|35/100|[from] Spikes
|-damage|p1a: Keldeo|22/100|[from] Stealth Rock
|turn|26
|
|t:|1758930624
|switch|p2a: Garganacl|Garganacl, F, tera:Water|100/100
|move|p1a: Keldeo|Hydro Pump|p2a: Garganacl
|-resisted|p2a: Garganacl
|-damage|p2a: Garganacl|73/100
|
|-heal|p2a: Garganacl|79/100|[from] item: Leftovers
|upkeep
|turn|27
|-message|TRIPLE RILABOOM forfeited.
|
|win|gen 9 sab truther
|raw|TRIPLE RILABOOM's rating: 1546 &rarr; <strong>1529</strong><br />(-17 for losing)
|raw|gen 9 sab truther's rating: 1590 &rarr; <strong>1607</strong><br />(+17 for winning)
