|j|☆FireRush
|j|☆Naked Plagiarist
|t:|1759050596
|gametype|singles
|player|p1|FireRush|1|1172
|player|p2|Naked Plagiarist|hiker-gen4|1132
|gen|9
|tier|[Gen 9] OU
|rated|
|rule|HP Percentage Mod: HP is shown in percentages
|rule|Endless Battle Clause: Forcing endless battles is banned
|rule|Species Clause: Limit one of each Pokémon
|rule|OHKO Clause: OHKO moves are banned
|rule|Evasion Items Clause: Evasion items are banned
|rule|Evasion Moves Clause: Evasion moves are banned
|rule|Evasion Abilities Clause: Evasion abilities are banned
|rule|Sleep Moves Clause: Sleep-inducing moves are banned
|clearpoke
|poke|p1|Zoroark-Hisui, M|
|poke|p1|Kingambit, F|
|poke|p1|Samurott-Hisui, M|
|poke|p1|Slowking-Galar, F|
|poke|p1|Sandslash-Alola, F|
|poke|p1|Skeledirge, M|
|poke|p2|Garchomp, M|
|poke|p2|Rotom-Wash|
|poke|p2|Conkeldurr, M|
|poke|p2|Iron Treads|
|poke|p2|Chandelure, F|
|poke|p2|Clefable, F|
|teampreview
|inactive|Battle timer is ON: inactive players will automatically lose when time's up. (requested by Naked Plagiarist)
|
|t:|1759050640
|teamsize|p1|6
|teamsize|p2|6
|start
|switch|p1a: Samurott|Samurott-Hisui, M|100/100
|switch|p2a: Garchomp|Garchomp, M|100/100
|turn|1
|
|t:|1759050648
|move|p2a: Garchomp|Stealth Rock|p1a: Samurott
|-sidestart|p1: FireRush|move: Stealth Rock
|move|p1a: Samurott|Ceaseless Edge|p2a: Garchomp
|-damage|p2a: Garchomp|71/100
|-damage|p1a: Samurott|88/100|[from] ability: Rough Skin|[of] p2a: Garchomp
|-damage|p1a: Samurott|71/100|[from] item: Rocky Helmet|[of] p2a: Garchomp
|-sidestart|p2: Naked Plagiarist|Spikes
|
|upkeep
|turn|2
|
|t:|1759050659
|move|p1a: Samurott|Knock Off|p2a: Garchomp
|-damage|p2a: Garchomp|44/100
|-damage|p1a: Samurott|59/100|[from] ability: Rough Skin|[of] p2a: Garchomp
|-damage|p1a: Samurott|42/100|[from] item: Rocky Helmet|[of] p2a: Garchomp
|-enditem|p2a: Garchomp|Rocky Helmet|[from] move: Knock Off|[of] p1a: Samurott
|move|p2a: Garchomp|Dragon Tail|p1a: Samurott
|-damage|p1a: Samurott|20/100
|drag|p1a: Skeledirge|Skeledirge, M|100/100
|
|upkeep
|turn|3
|
|t:|1759050675
|move|p2a: Garchomp|Earthquake|p1a: Skeledirge
|-supereffective|p1a: Skeledirge
|-damage|p1a: Skeledirge|47/100
|move|p1a: Skeledirge|Encore|p2a: Garchomp
|-start|p2a: Garchomp|Encore
|
|upkeep
|turn|4
|
|t:|1759050686
|switch|p1a: Kingambit|Kingambit, F|100/100
|-damage|p1a: Kingambit|94/100|[from] Stealth Rock
|-item|p1a: Kingambit|Air Balloon
|move|p2a: Garchomp|Earthquake|p1a: Kingambit
|-immune|p1a: Kingambit
|
|upkeep
|turn|5
|
|t:|1759050708
|switch|p2a: Iron Treads|Iron Treads|100/100
|-damage|p2a: Iron Treads|88/100|[from] Spikes
|move|p1a: Kingambit|Iron Head|p2a: Iron Treads
|-resisted|p2a: Iron Treads
|-damage|p2a: Iron Treads|71/100
|
|-heal|p2a: Iron Treads|77/100|[from] item: Leftovers
|upkeep
|turn|6
|
|t:|1759050726
|-end|p1a: Kingambit|fallenundefined|[silent]
|switch|p1a: Samurott|Samurott-Hisui, M|20/100
|-damage|p1a: Samurott|8/100|[from] Stealth Rock
|move|p2a: Iron Treads|Iron Head|p1a: Samurott
|-resisted|p1a: Samurott
|-damage|p1a: Samurott|0 fnt
|faint|p1a: Samurott
|
|-heal|p2a: Iron Treads|83/100|[from] item: Leftovers
|upkeep
|inactive|FireRush has 120 seconds left.
|
|t:|1759050753
|switch|p1a: Slowking|Slowking-Galar, F|100/100
|-damage|p1a: Slowking|88/100|[from] Stealth Rock
|turn|7
|
|t:|1759050762
|move|p2a: Iron Treads|Rapid Spin|p1a: Slowking
|-damage|p1a: Slowking|76/100
|-boost|p2a: Iron Treads|spe|1
|-sideend|p2: Naked Plagiarist|Spikes|[from] move: Rapid Spin|[of] p2a: Iron Treads
|-prepare|p1a: Slowking|Chilly Reception|[premajor]
|move|p1a: Slowking|Chilly Reception|p1a: Slowking
|-weather|Snowscape
|
|t:|1759050769
|switch|p1a: Sandslash|Sandslash-Alola, F|100/100|[from] Chilly Reception
|-damage|p1a: Sandslash|88/100|[from] Stealth Rock
|
|-weather|Snowscape|[upkeep]
|-heal|p2a: Iron Treads|90/100|[from] item: Leftovers
|upkeep
|turn|8
|
|t:|1759050783
|move|p1a: Sandslash|Ice Spinner|p2a: Iron Treads
|-damage|p2a: Iron Treads|65/100
|move|p2a: Iron Treads|Earthquake|p1a: Sandslash
|-supereffective|p1a: Sandslash
|-damage|p1a: Sandslash|42/100
|
|-weather|Snowscape|[upkeep]
|-heal|p2a: Iron Treads|71/100|[from] item: Leftovers
|upkeep
|turn|9
|
|t:|1759050805
|move|p2a: Iron Treads|Knock Off|p1a: Sandslash
|-damage|p1a: Sandslash|28/100
|-damage|p2a: Iron Treads|55/100|[from] item: Rocky Helmet|[of] p1a: Sandslash
|-enditem|p1a: Sandslash|Rocky Helmet|[from] move: Knock Off|[of] p2a: Iron Treads
|move|p1a: Sandslash|Counter|p2a: Iron Treads
|-damage|p2a: Iron Treads|31/100
|
|-weather|Snowscape|[upkeep]
|-heal|p2a: Iron Treads|37/100|[from] item: Leftovers
|upkeep
|turn|10
|inactive|Naked Plagiarist has 120 seconds left.
|inactive|Naked Plagiarist has 90 seconds left.
|
|t:|1759050880
|move|p1a: Sandslash|Ice Spinner|p2a: Iron Treads
|-damage|p2a: Iron Treads|13/100
|move|p2a: Iron Treads|Earthquake|p1a: Sandslash
|-supereffective|p1a: Sandslash
|-damage|p1a: Sandslash|0 fnt
|faint|p1a: Sandslash
|
|-weather|Snowscape|[upkeep]
|-heal|p2a: Iron Treads|19/100|[from] item: Leftovers
|upkeep
|inactive|FireRush has 90 seconds left.
|
|t:|1759050895
|switch|p1a: Kingambit|Kingambit, F|94/100
|-damage|p1a: Kingambit|88/100|[from] Stealth Rock
|-activate|p1a: Kingambit|ability: Supreme Overlord
|-start|p1a: Kingambit|fallen2|[silent]
|-item|p1a: Kingambit|Air Balloon
|turn|11
|inactive|Naked Plagiarist has 90 seconds left.
|
|t:|1759050905
|move|p2a: Iron Treads|Knock Off|p1a: Kingambit
|-resisted|p1a: Kingambit
|-crit|p1a: Kingambit
|-damage|p1a: Kingambit|76/100
|-enditem|p1a: Kingambit|Air Balloon
|move|p1a: Kingambit|Swords Dance|p1a: Kingambit
|-boost|p1a: Kingambit|atk|2
|
|-weather|none
|-heal|p2a: Iron Treads|25/100|[from] item: Leftovers
|upkeep
|turn|12
|inactive|Naked Plagiarist has 90 seconds left.
|
|t:|1759050916
|move|p1a: Kingambit|Sucker Punch|p2a: Iron Treads
|-damage|p2a: Iron Treads|0 fnt
|faint|p2a: Iron Treads
|-end|p2a: Iron Treads|Quark Drive|[silent]
|
|upkeep
|
|t:|1759050920
|switch|p2a: Conkeldurr|Conkeldurr, M|100/100
|turn|13
|
|t:|1759050928
|-terastallize|p1a: Kingambit|Dark
|move|p1a: Kingambit|Iron Head|p2a: Conkeldurr
|-damage|p2a: Conkeldurr|7/100
|move|p2a: Conkeldurr|Drain Punch|p1a: Kingambit
|-supereffective|p1a: Kingambit
|-damage|p1a: Kingambit|13/100
|-heal|p2a: Conkeldurr|43/100|[from] drain|[of] p1a: Kingambit
|
|-status|p2a: Conkeldurr|brn|[from] item: Flame Orb
|upkeep
|turn|14
|
|t:|1759050939
|move|p1a: Kingambit|Sucker Punch|p2a: Conkeldurr
|-resisted|p2a: Conkeldurr
|-damage|p2a: Conkeldurr|0 fnt
|faint|p2a: Conkeldurr
|
|upkeep
|
|t:|1759050945
|switch|p2a: Clefable|Clefable, F|100/100
|turn|15
|
|t:|1759050952
|move|p2a: Clefable|Thunder Wave|p1a: Kingambit|[miss]
|-miss|p2a: Clefable|p1a: Kingambit
|move|p1a: Kingambit|Iron Head|p2a: Clefable
|-supereffective|p2a: Clefable
|-damage|p2a: Clefable|0 fnt
|faint|p2a: Clefable
|
|upkeep
|inactive|Naked Plagiarist has 90 seconds left.
|
|t:|1759050995
|switch|p2a: Rotom|Rotom-Wash|100/100
|turn|16
|
|t:|1759051001
|move|p1a: Kingambit|Sucker Punch||[still]
|-fail|p1a: Kingambit
|move|p2a: Rotom|Will-O-Wisp|p1a: Kingambit
|-status|p1a: Kingambit|brn
|
|-damage|p1a: Kingambit|7/100 brn|[from] brn
|upkeep
|turn|17
|inactive|Naked Plagiarist has 90 seconds left.
|
|t:|1759051013
|move|p2a: Rotom|Will-O-Wisp|p1a: Kingambit
|-fail|p1a: Kingambit|brn
|move|p1a: Kingambit|Iron Head|p2a: Rotom
|-resisted|p2a: Rotom
|-damage|p2a: Rotom|89/100
|
|-heal|p2a: Rotom|95/100|[from] item: Leftovers
|-damage|p1a: Kingambit|1/100 brn|[from] brn
|upkeep
|turn|18
|inactive|Naked Plagiarist has 90 seconds left.
|
|t:|1759051025
|move|p1a: Kingambit|Sucker Punch||[still]
|-fail|p1a: Kingambit
|move|p2a: Rotom|Will-O-Wisp|p1a: Kingambit
|-fail|p1a: Kingambit|brn
|
|-heal|p2a: Rotom|100/100|[from] item: Leftovers
|-damage|p1a: Kingambit|0 fnt|[from] brn
|faint|p1a: Kingambit
|-end|p1a: Kingambit|fallen2|[silent]
|upkeep
|inactive|FireRush has 120 seconds left.
|inactive|FireRush has 90 seconds left.
|
|t:|1759051072
|switch|p1a: Slowking|Slowking-Galar, F|100/100
|-damage|p1a: Slowking|88/100|[from] Stealth Rock
|turn|19
|inactive|Naked Plagiarist has 90 seconds left.
|
|t:|1759051087
|move|p1a: Slowking|Nasty Plot|p1a: Slowking
|-boost|p1a: Slowking|spa|2
|move|p2a: Rotom|Will-O-Wisp|p1a: Slowking
|-status|p1a: Slowking|brn
|
|-damage|p1a: Slowking|82/100 brn|[from] brn
|upkeep
|turn|20
|
|t:|1759051097
|move|p1a: Slowking|Nasty Plot|p1a: Slowking
|-boost|p1a: Slowking|spa|2
|move|p2a: Rotom|Pain Split|p1a: Slowking
|-sethp|p1a: Slowking|100/100 brn|[from] move: Pain Split|[silent]
|-sethp|p2a: Rotom|84/100|[from] move: Pain Split
|
|-heal|p2a: Rotom|91/100|[from] item: Leftovers
|-damage|p1a: Slowking|95/100 brn|[from] brn
|upkeep
|turn|21
|
|t:|1759051109
|move|p1a: Slowking|Hyper Voice|p2a: Rotom
|-damage|p2a: Rotom|0 fnt
|faint|p2a: Rotom
|
|-damage|p1a: Slowking|89/100 brn|[from] brn
|upkeep
|
|t:|1759051121
|switch|p2a: Chandelure|Chandelure, F|100/100
|turn|22
|
|t:|1759051133
|move|p1a: Slowking|Shadow Ball|p2a: Chandelure
|-supereffective|p2a: Chandelure
|-crit|p2a: Chandelure
|-damage|p2a: Chandelure|0 fnt
|faint|p2a: Chandelure
|
|-damage|p1a: Slowking|83/100 brn|[from] brn
|upkeep
|-message|Naked Plagiarist forfeited.
|
|win|FireRush
|raw|FireRush's rating: 1172 &rarr; <strong>1194</strong><br />(+22 for winning)
|raw|Naked Plagiarist's rating: 1132 &rarr; <strong>1110</strong><br />(-22 for losing)
|l|☆Naked Plagiarist
|player|p2|
|c|☆FireRush|Did I trick you?
|c|☆FireRush|Gg
|l|☆FireRush
|player|p1|
