|j|☆Sonzaisonder
|j|☆ripwal11
|t:|1759043604
|gametype|singles
|player|p1|Sonzaisonder|steven|1479
|player|p2|ripwal11|265|1580
|gen|9
|tier|[Gen 9] OU
|rated|
|rule|HP Percentage Mod: HP is shown in percentages
|rule|Endless Battle Clause: Forcing endless battles is banned
|rule|Species Clause: Limit one of each Pokémon
|rule|OHKO Clause: OHKO moves are banned
|rule|Evasion Items Clause: Evasion items are banned
|rule|Evasion Moves Clause: Evasion moves are banned
|rule|Evasion Abilities Clause: Evasion abilities are banned
|rule|Sleep Moves Clause: Sleep-inducing moves are banned
|clearpoke
|poke|p1|Hoopa-Unbound|
|poke|p1|Slowking-Galar, M|
|poke|p1|Great Tusk|
|poke|p1|Moltres|
|poke|p1|Kingambit, F|
|poke|p1|Greninja-*, M|
|poke|p2|Indeedee, M|
|poke|p2|Hatterene, F|
|poke|p2|Ursaluna, F|
|poke|p2|Iron Hands|
|poke|p2|Hoopa-Unbound|
|poke|p2|Mimikyu, F|
|teampreview
|
|t:|1759043626
|teamsize|p1|6
|teamsize|p2|6
|start
|switch|p1a: Moltres|Moltres|100/100
|switch|p2a: LEBRON|Iron Hands, shiny|100/100
|-enditem|p2a: LEBRON|Booster Energy
|-activate|p2a: LEBRON|ability: Quark Drive|[fromitem]
|-start|p2a: LEBRON|quarkdriveatk
|turn|1
|
|t:|1759043634
|switch|p1a: Great Tusk|Great Tusk|100/100
|move|p2a: LEBRON|Supercell Slam|p1a: Great Tusk
|-immune|p1a: Great Tusk
|-damage|p2a: LEBRON|50/100|[from] supercellslam
|
|upkeep
|turn|2
|
|t:|1759043644
|-end|p1a: Great Tusk|Protosynthesis|[silent]
|switch|p1a: Moltres|Moltres|100/100
|-terastallize|p2a: LEBRON|Flying
|move|p2a: LEBRON|Ice Punch|p1a: Moltres
|-damage|p1a: Moltres|71/100
|-status|p2a: LEBRON|brn|[from] ability: Flame Body|[of] p1a: Moltres
|
|-damage|p2a: LEBRON|44/100 brn|[from] brn
|upkeep
|turn|3
|c|☆ripwal11|fk u
|
|t:|1759043657
|-end|p2a: LEBRON|Quark Drive|[silent]
|switch|p2a: Subaru|Indeedee, M, shiny|100/100
|-fieldstart|move: Psychic Terrain|[from] ability: Psychic Surge|[of] p2a: Subaru
|move|p1a: Moltres|Roost|p1a: Moltres
|-heal|p1a: Moltres|100/100
|-singleturn|p1a: Moltres|move: Roost
|
|upkeep
|turn|4
|
|t:|1759043667
|switch|p2a: Crashout YN|Ursaluna, F, shiny|100/100
|move|p1a: Moltres|U-turn|p2a: Crashout YN
|-damage|p2a: Crashout YN|89/100
|
|t:|1759043682
|switch|p1a: Greninja|Greninja, M|100/100|[from] U-turn
|
|-status|p2a: Crashout YN|brn|[from] item: Flame Orb
|upkeep
|turn|5
|
|t:|1759043689
|switch|p2a: King Von|Hoopa-Unbound|100/100
|-enditem|p2a: King Von|Psychic Seed
|-boost|p2a: King Von|spd|1|[from] item: Psychic Seed
|move|p1a: Greninja|Surf|p2a: King Von
|-start|p1a: Greninja|typechange|Water|[from] ability: Protean
|-damage|p2a: King Von|70/100
|
|upkeep
|turn|6
|
|t:|1759043697
|switch|p1a: Slowking|Slowking-Galar, M|100/100
|move|p2a: King Von|Trick Room|p2a: King Von
|-fieldstart|move: Trick Room|[of] p2a: King Von
|
|upkeep
|turn|7
|
|t:|1759043717
|move|p1a: Slowking|Sludge Bomb|p2a: King Von
|-damage|p2a: King Von|53/100
|move|p2a: King Von|Hyperspace Fury|p1a: Slowking
|-supereffective|p1a: Slowking
|-damage|p1a: Slowking|0 fnt
|-unboost|p2a: King Von|def|1
|faint|p1a: Slowking
|-item|p2a: King Von|Heavy-Duty Boots|[from] ability: Magician|[of] p1: Slowking
|
|upkeep
|
|t:|1759043733
|switch|p1a: Moltres|Moltres|100/100
|turn|8
|
|t:|1759043747
|move|p2a: King Von|Expanding Force|p1a: Moltres
|-damage|p1a: Moltres|0 fnt
|faint|p1a: Moltres
|
|upkeep
|
|t:|1759043758
|switch|p1a: Great Tusk|Great Tusk|100/100
|turn|9
|
|t:|1759043762
|-end|p1a: Great Tusk|Protosynthesis|[silent]
|switch|p1a: Hoopa|Hoopa-Unbound|100/100
|move|p2a: King Von|Focus Blast|p1a: Hoopa
|-damage|p1a: Hoopa|55/100
|
|upkeep
|turn|10
|
|t:|1759043770
|switch|p1a: Great Tusk|Great Tusk|100/100
|move|p2a: King Von|Hyperspace Fury|p1a: Great Tusk
|-resisted|p1a: Great Tusk
|-damage|p1a: Great Tusk|81/100
|-unboost|p2a: King Von|def|1
|
|-fieldend|move: Trick Room
|-fieldend|move: Psychic Terrain
|upkeep
|turn|11
|
|t:|1759043780
|switch|p2a: Subaru|Indeedee, M, shiny|100/100
|-fieldstart|move: Psychic Terrain|[from] ability: Psychic Surge|[of] p2a: Subaru
|move|p1a: Great Tusk|Ice Spinner|p2a: Subaru
|-damage|p2a: Subaru|72/100
|-fieldend|move: Psychic Terrain
|
|upkeep
|turn|12
|
|t:|1759043785
|move|p1a: Great Tusk|Headlong Rush|p2a: Subaru
|-damage|p2a: Subaru|1/100
|-unboost|p1a: Great Tusk|def|1
|-unboost|p1a: Great Tusk|spd|1
|move|p2a: Subaru|Trick Room|p2a: Subaru
|-fieldstart|move: Trick Room|[of] p2a: Subaru
|
|upkeep
|turn|13
|
|t:|1759043793
|-end|p1a: Great Tusk|Protosynthesis|[silent]
|switch|p1a: Kingambit|Kingambit, F|100/100
|-activate|p1a: Kingambit|ability: Supreme Overlord
|-start|p1a: Kingambit|fallen2|[silent]
|move|p2a: Subaru|Healing Wish|p2a: Subaru
|faint|p2a: Subaru
|
|upkeep
|
|t:|1759043800
|switch|p2a: LEBRON|Iron Hands, shiny, tera:Flying|44/100 brn
|-heal|p2a: LEBRON|100/100|[from] move: Healing Wish
|turn|14
|
|t:|1759043809
|-terastallize|p1a: Kingambit|Fire
|move|p2a: LEBRON|Close Combat|p1a: Kingambit
|-damage|p1a: Kingambit|35/100
|-unboost|p2a: LEBRON|def|1
|-unboost|p2a: LEBRON|spd|1
|move|p1a: Kingambit|Swords Dance|p1a: Kingambit
|-boost|p1a: Kingambit|atk|2
|
|-heal|p1a: Kingambit|42/100|[from] item: Leftovers
|upkeep
|turn|15
|
|t:|1759043832
|-end|p2a: LEBRON|Quark Drive|[silent]
|switch|p2a: Mimi|Mimikyu, F, shiny|100/100
|move|p1a: Kingambit|Sucker Punch||[still]
|-fail|p1a: Kingambit
|
|-heal|p1a: Kingambit|48/100|[from] item: Leftovers
|upkeep
|turn|16
|
|t:|1759043858
|move|p1a: Kingambit|Kowtow Cleave|p2a: Mimi
|-activate|p2a: Mimi|ability: Disguise
|-damage|p2a: Mimi|100/100
|detailschange|p2a: Mimi|Mimikyu-Busted, F, shiny
|-damage|p2a: Mimi|88/100|[from] pokemon: Mimikyu-Busted
|-enditem|p2a: Mimi|Red Card|[of] p1a: Kingambit
|-end|p1a: Kingambit|fallen2|[silent]
|drag|p1a: Great Tusk|Great Tusk|81/100
|move|p2a: Mimi|Curse|p1a: Great Tusk
|-start|p1a: Great Tusk|Curse|[of] p2a: Mimi
|-damage|p2a: Mimi|38/100
|
|-damage|p1a: Great Tusk|56/100|[from] Curse
|-fieldend|move: Trick Room
|upkeep
|turn|17
|
|t:|1759043876
|move|p1a: Great Tusk|Headlong Rush|p2a: Mimi
|-damage|p2a: Mimi|0 fnt
|-unboost|p1a: Great Tusk|def|1
|-unboost|p1a: Great Tusk|spd|1
|faint|p2a: Mimi
|
|-damage|p1a: Great Tusk|31/100|[from] Curse
|upkeep
|
|t:|1759043885
|switch|p2a: Satella|Hatterene, F, shiny|100/100
|turn|18
|
|t:|1759043890
|move|p1a: Great Tusk|Headlong Rush|p2a: Satella
|-damage|p2a: Satella|28/100
|-unboost|p1a: Great Tusk|def|1
|-unboost|p1a: Great Tusk|spd|1
|move|p2a: Satella|Trick Room|p2a: Satella
|-fieldstart|move: Trick Room|[of] p2a: Satella
|
|-damage|p1a: Great Tusk|7/100|[from] Curse
|upkeep
|turn|19
|
|t:|1759043911
|switch|p2a: LEBRON|Iron Hands, shiny, tera:Flying|100/100
|move|p1a: Great Tusk|Headlong Rush|p2a: LEBRON
|-immune|p2a: LEBRON
|
|-damage|p1a: Great Tusk|0 fnt|[from] Curse
|faint|p1a: Great Tusk
|-end|p1a: Great Tusk|Protosynthesis|[silent]
|upkeep
|
|t:|1759043922
|switch|p1a: Hoopa|Hoopa-Unbound|55/100
|turn|20
|
|t:|1759043927
|move|p2a: LEBRON|Close Combat|p1a: Hoopa
|-damage|p1a: Hoopa|0 fnt
|-unboost|p2a: LEBRON|def|1
|-unboost|p2a: LEBRON|spd|1
|faint|p1a: Hoopa
|
|upkeep
|
|t:|1759043931
|switch|p1a: Greninja|Greninja, M|100/100
|turn|21
|
|t:|1759043935
|move|p2a: LEBRON|Close Combat|p1a: Greninja
|-supereffective|p1a: Greninja
|-damage|p1a: Greninja|0 fnt
|-unboost|p2a: LEBRON|def|1
|-unboost|p2a: LEBRON|spd|1
|faint|p1a: Greninja
|
|upkeep
|
|t:|1759043938
|switch|p1a: Kingambit|Kingambit, F, tera:Fire|48/100
|-activate|p1a: Kingambit|ability: Supreme Overlord
|-start|p1a: Kingambit|fallen5|[silent]
|turn|22
|
|t:|1759043943
|move|p2a: LEBRON|Close Combat|p1a: Kingambit
|-damage|p1a: Kingambit|0 fnt
|-unboost|p2a: LEBRON|def|1
|-unboost|p2a: LEBRON|spd|1
|faint|p1a: Kingambit
|-end|p1a: Kingambit|fallen5|[silent]
|
|win|ripwal11
|raw|Sonzaisonder's rating: 1479 &rarr; <strong>1465</strong><br />(-14 for losing)
|raw|ripwal11's rating: 1580 &rarr; <strong>1594</strong><br />(+14 for winning)
|l|☆Sonzaisonder
|player|p1|
|c|☆ripwal11|gg
