|j|☆diegoluquechaves
|j|☆galladeyaoi
|t:|1758931829
|gametype|singles
|player|p1|diegoluquechaves|1|1468
|player|p2|galladeyaoi|pokefanf-gen2|1462
|gen|9
|tier|[Gen 9] OU
|rated|
|rule|HP Percentage Mod: HP is shown in percentages
|rule|Endless Battle Clause: Forcing endless battles is banned
|rule|Species Clause: Limit one of each Pokémon
|rule|OHKO Clause: OHKO moves are banned
|rule|Evasion Items Clause: Evasion items are banned
|rule|Evasion Moves Clause: Evasion moves are banned
|rule|Evasion Abilities Clause: Evasion abilities are banned
|rule|Sleep Moves Clause: Sleep-inducing moves are banned
|clearpoke
|poke|p1|Typhlosion-Hisui, M|
|poke|p1|Corviknight, F|
|poke|p1|Glimmora, F|
|poke|p1|Great Tusk|
|poke|p1|Araquanid, M|
|poke|p1|Ogerpon, F|
|poke|p2|Gliscor, F|
|poke|p2|Hydrapple, F|
|poke|p2|Grimmsnarl, M|
|poke|p2|Glastrier|
|poke|p2|Iron Hands|
|poke|p2|Weezing-Galar, F|
|teampreview
|inactive|Battle timer is ON: inactive players will automatically lose when time's up. (requested by galladeyaoi)
|inactive|diegoluquechaves has 120 seconds left.
|
|t:|1758931877
|teamsize|p1|6
|teamsize|p2|6
|start
|switch|p1a: Glimmora|Glimmora, F|100/100
|switch|p2a: a friend in need|Grimmsnarl, M|100/100
|turn|1
|
|t:|1758931884
|move|p2a: a friend in need|Taunt|p1a: Glimmora
|-start|p1a: Glimmora|move: Taunt
|move|p1a: Glimmora|Sludge Wave|p2a: a friend in need
|-supereffective|p2a: a friend in need
|-damage|p2a: a friend in need|16/100
|
|upkeep
|turn|2
|
|t:|1758931895
|move|p2a: a friend in need|Parting Shot|p1a: Glimmora
|-unboost|p1a: Glimmora|atk|1
|-unboost|p1a: Glimmora|spa|1
|
|t:|1758931908
|switch|p2a: a bird in the hand|Iron Hands|100/100|[from] Parting Shot
|move|p1a: Glimmora|Meteor Beam||[still]
|-prepare|p1a: Glimmora|Meteor Beam
|-boost|p1a: Glimmora|spa|1
|-enditem|p1a: Glimmora|Power Herb
|-anim|p1a: Glimmora|Meteor Beam|p2a: a bird in the hand
|-resisted|p2a: a bird in the hand
|-damage|p2a: a bird in the hand|76/100
|
|upkeep
|turn|3
|
|t:|1758931937
|-terastallize|p2a: a bird in the hand|Bug
|move|p1a: Glimmora|Earth Power|p2a: a bird in the hand
|-resisted|p2a: a bird in the hand
|-damage|p2a: a bird in the hand|62/100
|move|p2a: a bird in the hand|Swords Dance|p2a: a bird in the hand
|-boost|p2a: a bird in the hand|atk|2
|
|-end|p1a: Glimmora|move: Taunt
|upkeep
|turn|4
|inactive|diegoluquechaves has 120 seconds left.
|
|t:|1758931961
|move|p1a: Glimmora|Meteor Beam||[still]
|-prepare|p1a: Glimmora|Meteor Beam
|-boost|p1a: Glimmora|spa|1
|move|p2a: a bird in the hand|Drain Punch|p1a: Glimmora
|-damage|p1a: Glimmora|0 fnt
|-heal|p2a: a bird in the hand|96/100|[from] drain|[of] p1a: Glimmora
|-activate|p1a: Glimmora|ability: Toxic Debris
|-sidestart|p2: galladeyaoi|move: Toxic Spikes
|faint|p1a: Glimmora
|
|upkeep
|
|t:|1758931973
|switch|p1a: Typhlosion|Typhlosion-Hisui, M|100/100
|-item|p2a: a bird in the hand|Quick Claw|[from] ability: Frisk|[of] p1a: Typhlosion
|turn|5
|-activate|p2a: a bird in the hand|item: Quick Claw
|
|t:|1758931984
|move|p2a: a bird in the hand|Drain Punch|p1a: Typhlosion
|-immune|p1a: Typhlosion
|move|p1a: Typhlosion|Eruption|p2a: a bird in the hand
|-supereffective|p2a: a bird in the hand
|-damage|p2a: a bird in the hand|0 fnt
|faint|p2a: a bird in the hand
|-end|p2a: a bird in the hand|Quark Drive|[silent]
|
|upkeep
|c|☆galladeyaoi|Lmao I forgot he’s a ghost hahaha
|
|t:|1758931998
|switch|p2a: bat an eye|Gliscor, F|100/100
|turn|6
|inactive|diegoluquechaves has 120 seconds left.
|
|t:|1758932004
|-terastallize|p1a: Typhlosion|Fire
|move|p1a: Typhlosion|Eruption|p2a: bat an eye
|-damage|p2a: bat an eye|0 fnt
|faint|p2a: bat an eye
|
|upkeep
|c|☆galladeyaoi|Gg!
|-message|galladeyaoi forfeited.
|
|win|diegoluquechaves
|raw|diegoluquechaves's rating: 1468 &rarr; <strong>1488</strong><br />(+20 for winning)
|raw|galladeyaoi's rating: 1462 &rarr; <strong>1442</strong><br />(-20 for losing)
|l|☆galladeyaoi
|player|p2|
|l|☆diegoluquechaves
|player|p1|
