|badge|p2|bronze|gen9ou|100-6
|html|<div class="broadcast-red"><strong>This battle is required to be public due to one or more player having a season medal.</strong><br />During the public phase, you can discuss the state of the ladder <a href="/seasondiscussion">in a special chatroom.</a></div>
|uhtml|medal-msg|<div class="broadcast-blue">Curious what those medals under the avatar are? PS now has Ladder Seasons! For more information, check out the <a href="https://www.smogon.com/forums/threads/3740067/">thread on Smogon.</a></div>
|raw|<div class="broadcast-blue"><strong>This battle is required to be public due to a player having a name starting with 'medal'.</div>
|j|☆silksong is up
|j|☆healorant
|t:|1758991765
|gametype|singles
|player|p1|silksong is up|hilbert-wonderlauncher|1790
|player|p2|healorant|alder|1836
|gen|9
|tier|[Gen 9] OU
|rated|
|rule|HP Percentage Mod: HP is shown in percentages
|rule|Endless Battle Clause: Forcing endless battles is banned
|rule|Species Clause: Limit one of each Pokémon
|rule|OHKO Clause: OHKO moves are banned
|rule|Evasion Items Clause: Evasion items are banned
|rule|Evasion Moves Clause: Evasion moves are banned
|rule|Evasion Abilities Clause: Evasion abilities are banned
|rule|Sleep Moves Clause: Sleep-inducing moves are banned
|clearpoke
|poke|p1|Enamorus, F|
|poke|p1|Great Tusk|
|poke|p1|Iron Crown|
|poke|p1|Lokix, M|
|poke|p1|Alomomola, M|
|poke|p1|Pecharunt|
|poke|p2|Meowscarada, M|
|poke|p2|Great Tusk|
|poke|p2|Alomomola, M|
|poke|p2|Iron Crown|
|poke|p2|Dragonite, M|
|poke|p2|Dragapult, F|
|teampreview
|inactive|Battle timer is ON: inactive players will automatically lose when time's up. (requested by silksong is up)
|
|t:|1758991780
|teamsize|p1|6
|teamsize|p2|6
|start
|switch|p1a: Pisces|Alomomola, M, shiny|100/100
|switch|p2a: Alomomola|Alomomola, M|100/100
|turn|1
|
|t:|1758991782
|move|p1a: Pisces|Scald|p2a: Alomomola
|-resisted|p2a: Alomomola
|-damage|p2a: Alomomola|97/100
|move|p2a: Alomomola|Scald|p1a: Pisces
|-resisted|p1a: Pisces
|-damage|p1a: Pisces|97/100
|-status|p1a: Pisces|brn
|
|-damage|p1a: Pisces|91/100 brn|[from] brn
|upkeep
|turn|2
|
|t:|1758991788
|move|p2a: Alomomola|Flip Turn|p1a: Pisces
|-resisted|p1a: Pisces
|-damage|p1a: Pisces|85/100 brn
|
|t:|1758991789
|switch|p2a: Iron Crown|Iron Crown|100/100|[from] Flip Turn
|move|p1a: Pisces|Scald|p2a: Iron Crown
|-damage|p2a: Iron Crown|88/100
|
|-damage|p1a: Pisces|79/100 brn|[from] brn
|upkeep
|turn|3
|
|t:|1758991798
|move|p2a: Iron Crown|Volt Switch|p1a: Pisces
|-supereffective|p1a: Pisces
|-damage|p1a: Pisces|43/100 brn
|
|t:|1758991800
|-end|p2a: Iron Crown|Quark Drive|[silent]
|switch|p2a: Meowscarada|Meowscarada, M|100/100|[from] Volt Switch
|move|p1a: Pisces|Flip Turn|p2a: Meowscarada
|-resisted|p2a: Meowscarada
|-damage|p2a: Meowscarada|94/100
|
|t:|1758991804
|switch|p1a: Edgar|Lokix, M, shiny|100/100|[from] Flip Turn
|
|upkeep
|turn|4
|
|t:|1758991807
|switch|p2a: Great Tusk|Great Tusk|100/100
|move|p1a: Edgar|U-turn|p2a: Great Tusk
|-resisted|p2a: Great Tusk
|-damage|p2a: Great Tusk|70/100
|-damage|p1a: Edgar|84/100|[from] item: Rocky Helmet|[of] p2a: Great Tusk
|
|t:|1758991813
|switch|p1a: Gin|Enamorus, F, shiny|100/100|[from] U-turn
|
|upkeep
|turn|5
|
|t:|1758991817
|switch|p1a: Pisces|Alomomola, M, shiny|76/100 brn
|-end|p2a: Great Tusk|Protosynthesis|[silent]
|switch|p2a: Alomomola|Alomomola, M|100/100
|
|-damage|p1a: Pisces|70/100 brn|[from] brn
|upkeep
|turn|6
|
|t:|1758991823
|move|p2a: Alomomola|Flip Turn|p1a: Pisces
|-resisted|p1a: Pisces
|-damage|p1a: Pisces|65/100 brn
|
|t:|1758991825
|switch|p2a: Iron Crown|Iron Crown|88/100|[from] Flip Turn
|move|p1a: Pisces|Scald|p2a: Iron Crown
|-damage|p2a: Iron Crown|74/100
|
|-damage|p1a: Pisces|59/100 brn|[from] brn
|upkeep
|turn|7
|
|t:|1758991833
|move|p2a: Iron Crown|Tachyon Cutter|p1a: Pisces
|-resisted|p1a: Pisces
|-damage|p1a: Pisces|49/100 brn
|-resisted|p1a: Pisces
|-damage|p1a: Pisces|40/100 brn
|-hitcount|p1a: Pisces|2
|move|p1a: Pisces|Flip Turn|p2a: Iron Crown
|-crit|p2a: Iron Crown
|-damage|p2a: Iron Crown|61/100
|
|t:|1758991836
|switch|p1a: Braveheart|Iron Crown|100/100|[from] Flip Turn
|
|upkeep
|turn|8
|
|t:|1758991845
|-end|p1a: Braveheart|Quark Drive|[silent]
|switch|p1a: Pisces|Alomomola, M, shiny|73/100 brn
|move|p2a: Iron Crown|Tachyon Cutter|p1a: Pisces
|-resisted|p1a: Pisces
|-damage|p1a: Pisces|63/100 brn
|-resisted|p1a: Pisces
|-damage|p1a: Pisces|53/100 brn
|-hitcount|p1a: Pisces|2
|
|-damage|p1a: Pisces|47/100 brn|[from] brn
|upkeep
|turn|9
|
|t:|1758991849
|-end|p2a: Iron Crown|Quark Drive|[silent]
|switch|p2a: Alomomola|Alomomola, M|100/100
|move|p1a: Pisces|Flip Turn|p2a: Alomomola
|-resisted|p2a: Alomomola
|-damage|p2a: Alomomola|98/100
|
|t:|1758991854
|switch|p1a: Edgar|Lokix, M, shiny|84/100|[from] Flip Turn
|
|upkeep
|turn|10
|
|t:|1758991858
|move|p1a: Edgar|Knock Off|p2a: Alomomola
|-damage|p2a: Alomomola|50/100
|-enditem|p2a: Alomomola|Assault Vest|[from] move: Knock Off|[of] p1a: Edgar
|move|p2a: Alomomola|Flip Turn|p1a: Edgar
|-damage|p1a: Edgar|58/100
|
|t:|1758991863
|switch|p2a: Great Tusk|Great Tusk|70/100|[from] Flip Turn
|
|upkeep
|turn|11
|
|t:|1758991868
|switch|p1a: Behemoth|Great Tusk, shiny|100/100
|move|p2a: Great Tusk|Stealth Rock|p1a: Behemoth
|-sidestart|p1: silksong is up|move: Stealth Rock
|
|upkeep
|turn|12
|
|t:|1758991874
|move|p2a: Great Tusk|Ice Spinner|p1a: Behemoth
|-supereffective|p1a: Behemoth
|-damage|p1a: Behemoth|65/100
|move|p1a: Behemoth|Stealth Rock|p2a: Great Tusk
|-sidestart|p2: healorant|move: Stealth Rock
|
|upkeep
|turn|13
|
|t:|1758991879
|-end|p2a: Great Tusk|Protosynthesis|[silent]
|switch|p2a: Dragapult|Dragapult, F|100/100
|move|p1a: Behemoth|Rapid Spin|p2a: Dragapult
|-immune|p2a: Dragapult
|
|upkeep
|turn|14
|
|t:|1758991883
|-end|p1a: Behemoth|Protosynthesis|[silent]
|switch|p1a: Pisces|Alomomola, M, shiny|81/100 brn
|-damage|p1a: Pisces|68/100 brn|[from] Stealth Rock
|move|p2a: Dragapult|U-turn|p1a: Pisces
|-damage|p1a: Pisces|55/100 brn
|
|t:|1758991891
|switch|p2a: Meowscarada|Meowscarada, M|94/100|[from] U-turn
|-damage|p2a: Meowscarada|82/100|[from] Stealth Rock
|
|-damage|p1a: Pisces|49/100 brn|[from] brn
|upkeep
|turn|15
|
|t:|1758991896
|move|p2a: Meowscarada|Knock Off|p1a: Pisces
|-start|p2a: Meowscarada|typechange|Dark|[from] ability: Protean
|-damage|p1a: Pisces|18/100 brn
|-enditem|p1a: Pisces|Assault Vest|[from] move: Knock Off|[of] p2a: Meowscarada
|move|p1a: Pisces|Flip Turn|p2a: Meowscarada
|-damage|p2a: Meowscarada|69/100
|
|t:|1758991908
|switch|p1a: Behemoth|Great Tusk, shiny|65/100|[from] Flip Turn
|
|upkeep
|turn|16
|
|t:|1758991913
|switch|p2a: Great Tusk|Great Tusk|70/100
|-damage|p2a: Great Tusk|67/100|[from] Stealth Rock
|move|p1a: Behemoth|Headlong Rush|p2a: Great Tusk
|-damage|p2a: Great Tusk|26/100
|-unboost|p1a: Behemoth|def|1
|-unboost|p1a: Behemoth|spd|1
|-damage|p1a: Behemoth|48/100|[from] item: Rocky Helmet|[of] p2a: Great Tusk
|
|upkeep
|turn|17
|
|t:|1758991915
|-end|p2a: Great Tusk|Protosynthesis|[silent]
|switch|p2a: Dragapult|Dragapult, F|100/100
|move|p1a: Behemoth|Headlong Rush|p2a: Dragapult
|-damage|p2a: Dragapult|20/100
|-unboost|p1a: Behemoth|def|1
|-unboost|p1a: Behemoth|spd|1
|
|upkeep
|turn|18
|
|t:|1758991921
|-end|p1a: Behemoth|Protosynthesis|[silent]
|switch|p1a: Gin|Enamorus, F, shiny|100/100
|-damage|p1a: Gin|76/100|[from] Stealth Rock
|move|p2a: Dragapult|Hex|p1a: Gin
|-damage|p1a: Gin|35/100
|
|upkeep
|turn|19
|
|t:|1758991942
|switch|p2a: Great Tusk|Great Tusk|26/100
|-damage|p2a: Great Tusk|23/100|[from] Stealth Rock
|move|p1a: Gin|Moonblast|p2a: Great Tusk
|-supereffective|p2a: Great Tusk
|-damage|p2a: Great Tusk|0 fnt
|faint|p2a: Great Tusk
|-end|p2a: Great Tusk|Protosynthesis|[silent]
|
|upkeep
|j| dsvdv
|
|t:|1758991944
|switch|p2a: Alomomola|Alomomola, M|84/100
|-damage|p2a: Alomomola|71/100|[from] Stealth Rock
|turn|20
|
|t:|1758991948
|switch|p1a: Overseer|Pecharunt|100/100
|move|p2a: Alomomola|Flip Turn|p1a: Overseer
|-damage|p1a: Overseer|93/100
|
|t:|1758991951
|switch|p2a: Iron Crown|Iron Crown|61/100|[from] Flip Turn
|-damage|p2a: Iron Crown|54/100|[from] Stealth Rock
|
|upkeep
|turn|21
|
|t:|1758991962
|switch|p1a: Braveheart|Iron Crown|100/100
|-damage|p1a: Braveheart|94/100|[from] Stealth Rock
|move|p2a: Iron Crown|Tachyon Cutter|p1a: Braveheart
|-resisted|p1a: Braveheart
|-damage|p1a: Braveheart|74/100
|-resisted|p1a: Braveheart
|-damage|p1a: Braveheart|54/100
|-hitcount|p1a: Braveheart|2
|
|upkeep
|turn|22
|l| dsvdv
|
|t:|1758991970
|move|p2a: Iron Crown|Tachyon Cutter|p1a: Braveheart
|-resisted|p1a: Braveheart
|-damage|p1a: Braveheart|35/100
|-resisted|p1a: Braveheart
|-damage|p1a: Braveheart|17/100
|-hitcount|p1a: Braveheart|2
|move|p1a: Braveheart|Volt Switch|p2a: Iron Crown
|-damage|p2a: Iron Crown|21/100
|
|t:|1758991976
|-end|p1a: Braveheart|Quark Drive|[silent]
|switch|p1a: Gin|Enamorus, F, shiny|35/100|[from] Volt Switch
|-damage|p1a: Gin|10/100|[from] Stealth Rock
|
|upkeep
|turn|23
|
|t:|1758991982
|move|p1a: Gin|Moonblast|p2a: Iron Crown
|-resisted|p2a: Iron Crown
|-damage|p2a: Iron Crown|0 fnt
|faint|p2a: Iron Crown
|-end|p2a: Iron Crown|Quark Drive|[silent]
|
|upkeep
|
|t:|1758991984
|switch|p2a: Alomomola|Alomomola, M|100/100
|-damage|p2a: Alomomola|88/100|[from] Stealth Rock
|turn|24
|
|t:|1758991990
|switch|p1a: Overseer|Pecharunt|93/100
|move|p2a: Alomomola|Flip Turn|p1a: Overseer
|-crit|p1a: Overseer
|-damage|p1a: Overseer|80/100
|
|t:|1758991993
|switch|p2a: Dragapult|Dragapult, F|20/100|[from] Flip Turn
|
|upkeep
|turn|25
|
|t:|1758992004
|move|p2a: Dragapult|U-turn|p1a: Overseer
|-resisted|p1a: Overseer
|-damage|p1a: Overseer|78/100
|
|t:|1758992006
|switch|p2a: Alomomola|Alomomola, M|100/100|[from] U-turn
|-damage|p2a: Alomomola|88/100|[from] Stealth Rock
|move|p1a: Overseer|Malignant Chain|p2a: Alomomola
|-crit|p2a: Alomomola
|-damage|p2a: Alomomola|47/100
|-status|p2a: Alomomola|tox
|-start|p2a: Alomomola|confusion|[from] ability: Poison Puppeteer|[of] p1a: Overseer
|
|-damage|p2a: Alomomola|41/100 tox|[from] psn
|upkeep
|turn|26
|c|☆silksong is up|hew was free...
|c|☆silksong is up|hex*
|
|t:|1758992021
|move|p1a: Overseer|Recover|p1a: Overseer
|-heal|p1a: Overseer|100/100
|-activate|p2a: Alomomola|confusion
|-damage|p2a: Alomomola|36/100 tox|[from] confusion
|
|-damage|p2a: Alomomola|24/100 tox|[from] psn
|upkeep
|turn|27
|
|t:|1758992026
|move|p1a: Overseer|Malignant Chain|p2a: Alomomola
|-damage|p2a: Alomomola|0 fnt
|faint|p2a: Alomomola
|
|upkeep
|j| wgw2333
|l| wgw2333
|
|t:|1758992036
|switch|p2a: Meowscarada|Meowscarada, M|69/100
|-damage|p2a: Meowscarada|57/100|[from] Stealth Rock
|turn|28
|
|t:|1758992041
|switch|p1a: Behemoth|Great Tusk, shiny|48/100
|move|p2a: Meowscarada|Knock Off|p1a: Behemoth
|-start|p2a: Meowscarada|typechange|Dark|[from] ability: Protean
|-resisted|p1a: Behemoth
|-crit|p1a: Behemoth
|-damage|p1a: Behemoth|24/100
|-enditem|p1a: Behemoth|Heavy-Duty Boots|[from] move: Knock Off|[of] p2a: Meowscarada
|
|upkeep
|turn|29
|
|t:|1758992045
|switch|p2a: Dragapult|Dragapult, F|20/100
|move|p1a: Behemoth|Ice Spinner|p2a: Dragapult
|-supereffective|p2a: Dragapult
|-damage|p2a: Dragapult|0 fnt
|faint|p2a: Dragapult
|
|upkeep
|
|t:|1758992048
|switch|p2a: Dragonite|Dragonite, M|100/100
|turn|30
|
|t:|1758992053
|-terastallize|p1a: Behemoth|Steel
|-terastallize|p2a: Dragonite|Ground
|move|p1a: Behemoth|Rapid Spin|p2a: Dragonite
|-damage|p2a: Dragonite|91/100
|-boost|p1a: Behemoth|spe|1
|-sideend|p1: silksong is up|Stealth Rock|[from] move: Rapid Spin|[of] p1a: Behemoth
|move|p2a: Dragonite|Dragon Dance|p2a: Dragonite
|-boost|p2a: Dragonite|atk|1
|-boost|p2a: Dragonite|spe|1
|
|upkeep
|turn|31
|
|t:|1758992060
|move|p1a: Behemoth|Headlong Rush|p2a: Dragonite
|-damage|p2a: Dragonite|22/100
|-unboost|p1a: Behemoth|def|1
|-unboost|p1a: Behemoth|spd|1
|move|p2a: Dragonite|Earthquake|p1a: Behemoth
|-supereffective|p1a: Behemoth
|-damage|p1a: Behemoth|0 fnt
|faint|p1a: Behemoth
|-end|p1a: Behemoth|Protosynthesis|[silent]
|
|upkeep
|
|t:|1758992070
|switch|p1a: Pisces|Alomomola, M, shiny|51/100 brn
|turn|32
|
|t:|1758992073
|switch|p1a: Gin|Enamorus, F, shiny|10/100
|move|p2a: Dragonite|Roost|p2a: Dragonite
|-heal|p2a: Dragonite|72/100
|
|upkeep
|turn|33
|
|t:|1758992079
|move|p1a: Gin|Moonblast|p2a: Dragonite
|-damage|p2a: Dragonite|12/100
|move|p2a: Dragonite|Dragon Dance|p2a: Dragonite
|-boost|p2a: Dragonite|atk|1
|-boost|p2a: Dragonite|spe|1
|
|upkeep
|turn|34
|
|t:|1758992085
|move|p2a: Dragonite|Roost|p2a: Dragonite
|-heal|p2a: Dragonite|62/100
|move|p1a: Gin|Moonblast|p2a: Dragonite
|-damage|p2a: Dragonite|0 fnt
|faint|p2a: Dragonite
|
|upkeep
|c|☆silksong is up|ok bud...
|
|t:|1758992093
|switch|p2a: Meowscarada|Meowscarada, M|57/100
|-damage|p2a: Meowscarada|45/100|[from] Stealth Rock
|turn|35
|
|t:|1758992098
|move|p2a: Meowscarada|Flower Trick|p1a: Gin
|-start|p2a: Meowscarada|typechange|Grass|[from] ability: Protean
|-resisted|p1a: Gin
|-crit|p1a: Gin
|-damage|p1a: Gin|0 fnt
|faint|p1a: Gin
|
|upkeep
|
|t:|1758992101
|switch|p1a: Overseer|Pecharunt|100/100
|turn|36
|
|t:|1758992102
|move|p2a: Meowscarada|Flower Trick|p1a: Overseer
|-resisted|p1a: Overseer
|-crit|p1a: Overseer
|-damage|p1a: Overseer|89/100
|move|p1a: Overseer|Malignant Chain|p2a: Meowscarada
|-supereffective|p2a: Meowscarada
|-damage|p2a: Meowscarada|0 fnt
|faint|p2a: Meowscarada
|
|win|silksong is up
|raw|silksong is up's rating: 1790 &rarr; <strong>1813</strong><br />(+23 for winning)
|raw|healorant's rating: 1836 &rarr; <strong>1813</strong><br />(-23 for losing)
|l|☆silksong is up
|player|p1|
|l|☆healorant
|player|p2|
