|j|☆delriooo
|j|☆EDUARDJAKE
|t:|1758971376
|gametype|singles
|player|p1|delriooo|265|1172
|player|p2|EDUARDJAKE|169|1158
|gen|9
|tier|[Gen 9] OU
|rated|
|rule|HP Percentage Mod: HP is shown in percentages
|rule|Endless Battle Clause: Forcing endless battles is banned
|rule|Species Clause: Limit one of each Pokémon
|rule|OHKO Clause: OHKO moves are banned
|rule|Evasion Items Clause: Evasion items are banned
|rule|Evasion Moves Clause: Evasion moves are banned
|rule|Evasion Abilities Clause: Evasion abilities are banned
|rule|Sleep Moves Clause: Sleep-inducing moves are banned
|clearpoke
|poke|p1|Gastrodon, F|
|poke|p1|Weavile, F|
|poke|p1|Heatran, F|
|poke|p1|Staraptor, M|
|poke|p1|Gliscor, M|
|poke|p1|Rotom-Mow|
|poke|p2|Delphox, F|
|poke|p2|Haxorus, F|
|poke|p2|Charizard, M|
|poke|p2|Walking Wake|
|poke|p2|Torkoal, F|
|poke|p2|Blaziken, M|
|teampreview
|
|t:|1758971413
|teamsize|p1|6
|teamsize|p2|6
|start
|switch|p1a: Rotom|Rotom-Mow|100/100
|switch|p2a: Torkoal|Torkoal, F|100/100
|-weather|SunnyDay|[from] ability: Drought|[of] p2a: Torkoal
|turn|1
|inactive|Battle timer is ON: inactive players will automatically lose when time's up. (requested by delriooo)
|
|t:|1758971421
|move|p1a: Rotom|Trick|p2a: Torkoal
|-activate|p1a: Rotom|move: Trick|[of] p2a: Torkoal
|-item|p2a: Torkoal|Choice Scarf|[from] move: Trick
|-item|p1a: Rotom|Heat Rock|[from] move: Trick
|move|p2a: Torkoal|Stealth Rock|p1a: Rotom
|-sidestart|p1: delriooo|move: Stealth Rock
|
|-weather|SunnyDay|[upkeep]
|upkeep
|turn|2
|
|t:|1758971434
|switch|p2a: Gojo|Charizard, M|100/100
|move|p1a: Rotom|Thunder Wave|p2a: Gojo
|-status|p2a: Gojo|par
|
|-weather|SunnyDay|[upkeep]
|upkeep
|turn|3
|
|t:|1758971442
|move|p1a: Rotom|Discharge|p2a: Gojo
|-supereffective|p2a: Gojo
|-damage|p2a: Gojo|44/100 par
|-enditem|p2a: Gojo|Weakness Policy
|-boost|p2a: Gojo|atk|2|[from] item: Weakness Policy
|-boost|p2a: Gojo|spa|2|[from] item: Weakness Policy
|move|p2a: Gojo|Dragon Dance|p2a: Gojo
|-boost|p2a: Gojo|atk|1
|-boost|p2a: Gojo|spe|1
|
|-weather|SunnyDay|[upkeep]
|upkeep
|turn|4
|
|t:|1758971457
|-terastallize|p2a: Gojo|Fire
|move|p1a: Rotom|Discharge|p2a: Gojo
|-damage|p2a: Gojo|17/100 par
|move|p2a: Gojo|Dragon Dance|p2a: Gojo
|-boost|p2a: Gojo|atk|1
|-boost|p2a: Gojo|spe|1
|
|-weather|SunnyDay|[upkeep]
|upkeep
|turn|5
|
|t:|1758971476
|move|p1a: Rotom|Discharge|p2a: Gojo
|-damage|p2a: Gojo|0 fnt
|faint|p2a: Gojo
|
|-weather|SunnyDay|[upkeep]
|upkeep
|inactive|EDUARDJAKE has 120 seconds left.
|
|t:|1758971495
|switch|p2a: Blaziken|Blaziken, M|100/100
|turn|6
|
|t:|1758971501
|move|p1a: Rotom|Thunder Wave|p2a: Blaziken|[miss]
|-miss|p1a: Rotom|p2a: Blaziken
|move|p2a: Blaziken|Focus Energy|p2a: Blaziken
|-start|p2a: Blaziken|move: Focus Energy
|
|-weather|SunnyDay|[upkeep]
|-ability|p2a: Blaziken|Speed Boost|boost
|-boost|p2a: Blaziken|spe|1
|upkeep
|turn|7
|
|t:|1758971508
|move|p2a: Blaziken|Overheat|p1a: Rotom
|-supereffective|p1a: Rotom
|-crit|p1a: Rotom
|-damage|p1a: Rotom|0 fnt
|-unboost|p2a: Blaziken|spa|2
|faint|p1a: Rotom
|
|-weather|SunnyDay|[upkeep]
|-ability|p2a: Blaziken|Speed Boost|boost
|-boost|p2a: Blaziken|spe|1
|upkeep
|
|t:|1758971526
|switch|p1a: Gliscor|Gliscor, M|100/100
|-damage|p1a: Gliscor|88/100|[from] Stealth Rock
|turn|8
|
|t:|1758971532
|move|p2a: Blaziken|Overheat|p1a: Gliscor
|-crit|p1a: Gliscor
|-damage|p1a: Gliscor|0 fnt
|-unboost|p2a: Blaziken|spa|2
|faint|p1a: Gliscor
|
|-weather|none
|-ability|p2a: Blaziken|Speed Boost|boost
|-boost|p2a: Blaziken|spe|1
|upkeep
|
|t:|1758971536
|switch|p1a: Heatran|Heatran, F|100/100
|-damage|p1a: Heatran|88/100|[from] Stealth Rock
|-item|p1a: Heatran|Air Balloon
|turn|9
|
|t:|1758971546
|-terastallize|p1a: Heatran|Fire
|move|p2a: Blaziken|Close Combat|p1a: Heatran
|-crit|p1a: Heatran
|-damage|p1a: Heatran|27/100
|-unboost|p2a: Blaziken|def|1
|-unboost|p2a: Blaziken|spd|1
|-enditem|p1a: Heatran|Air Balloon
|move|p1a: Heatran|Magma Storm|p2a: Blaziken|[miss]
|-miss|p1a: Heatran|p2a: Blaziken
|
|-ability|p2a: Blaziken|Speed Boost|boost
|-boost|p2a: Blaziken|spe|1
|upkeep
|turn|10
|inactive|delriooo has 120 seconds left.
|inactive|delriooo has 90 seconds left.
|
|t:|1758971610
|move|p2a: Blaziken|Close Combat|p1a: Heatran
|-crit|p1a: Heatran
|-damage|p1a: Heatran|0 fnt
|-unboost|p2a: Blaziken|def|1
|-unboost|p2a: Blaziken|spd|1
|faint|p1a: Heatran
|
|-ability|p2a: Blaziken|Speed Boost|boost
|-boost|p2a: Blaziken|spe|1
|upkeep
|
|t:|1758971612
|switch|p1a: Weavile|Weavile, F|100/100
|-damage|p1a: Weavile|76/100|[from] Stealth Rock
|-ability|p1a: Weavile|Pressure
|turn|11
|
|t:|1758971627
|move|p1a: Weavile|Ice Shard|p2a: Blaziken
|-resisted|p2a: Blaziken
|-crit|p2a: Blaziken
|-damage|p2a: Blaziken|30/100
|-damage|p1a: Weavile|66/100|[from] item: Life Orb
|move|p2a: Blaziken|Close Combat|p1a: Weavile
|-supereffective|p1a: Weavile
|-crit|p1a: Weavile
|-damage|p1a: Weavile|0 fnt
|-unboost|p2a: Blaziken|def|1
|-unboost|p2a: Blaziken|spd|1
|faint|p1a: Weavile
|
|-ability|p2a: Blaziken|Speed Boost|boost
|-boost|p2a: Blaziken|spe|1
|upkeep
|inactive|delriooo has 90 seconds left.
|-message|delriooo forfeited.
|
|win|EDUARDJAKE
|raw|delriooo's rating: 1172 &rarr; <strong>1146</strong><br />(-26 for losing)
|raw|EDUARDJAKE's rating: 1158 &rarr; <strong>1184</strong><br />(+26 for winning)
|l|☆delriooo
|player|p1|
|l|☆EDUARDJAKE
|player|p2|
