|j|☆panzershock
|j|☆H0N3R
|t:|1758989458
|gametype|singles
|player|p1|panzershock|170|1245
|player|p2|H0N3R|102|1286
|gen|9
|tier|[Gen 9] OU
|rated|
|rule|HP Percentage Mod: HP is shown in percentages
|rule|Endless Battle Clause: Forcing endless battles is banned
|rule|Species Clause: Limit one of each Pokémon
|rule|OHKO Clause: OHKO moves are banned
|rule|Evasion Items Clause: Evasion items are banned
|rule|Evasion Moves Clause: Evasion moves are banned
|rule|Evasion Abilities Clause: Evasion abilities are banned
|rule|Sleep Moves Clause: Sleep-inducing moves are banned
|clearpoke
|poke|p1|Enamorus, F|
|poke|p1|Arcanine-Hisui, F|
|poke|p1|Scizor, F|
|poke|p1|Diancie|
|poke|p1|Houndstone, M|
|poke|p1|Decidueye-Hisui, F|
|poke|p2|Raichu, F|
|poke|p2|Iron Crown|
|poke|p2|Rillaboom, F|
|poke|p2|Slowking-Galar, M|
|poke|p2|Kyurem|
|poke|p2|Grimmsnarl, M|
|teampreview
|
|t:|1758989469
|teamsize|p1|6
|teamsize|p2|6
|start
|switch|p1a: Decidueye|Decidueye-Hisui, F|100/100
|switch|p2a: Rillaboom|Rillaboom, F|100/100
|-fieldstart|move: Grassy Terrain|[from] ability: Grassy Surge|[of] p2a: Rillaboom
|turn|1
|inactive|Battle timer is ON: inactive players will automatically lose when time's up. (requested by H0N3R)
|
|t:|1758989477
|move|p2a: Rillaboom|Knock Off|p1a: Decidueye
|-resisted|p1a: Decidueye
|-damage|p1a: Decidueye|84/100
|-enditem|p1a: Decidueye|Razor Claw|[from] move: Knock Off|[of] p2a: Rillaboom
|move|p1a: Decidueye|Triple Arrows|p2a: Rillaboom
|-damage|p2a: Rillaboom|62/100
|
|-heal|p2a: Rillaboom|69/100|[from] Grassy Terrain
|-heal|p1a: Decidueye|90/100|[from] Grassy Terrain
|upkeep
|turn|2
|
|t:|1758989490
|move|p2a: Rillaboom|U-turn|p1a: Decidueye
|-damage|p1a: Decidueye|68/100
|
|t:|1758989493
|switch|p2a: Grimmsnarl|Grimmsnarl, M|100/100|[from] U-turn
|move|p1a: Decidueye|Triple Arrows|p2a: Grimmsnarl
|-damage|p2a: Grimmsnarl|51/100
|-unboost|p2a: Grimmsnarl|def|1
|
|-heal|p1a: Decidueye|74/100|[from] Grassy Terrain
|-heal|p2a: Grimmsnarl|57/100|[from] Grassy Terrain
|upkeep
|turn|3
|
|t:|1758989504
|move|p2a: Grimmsnarl|Reflect|p2a: Grimmsnarl
|-sidestart|p2: H0N3R|Reflect
|move|p1a: Decidueye|Leaf Blade|p2a: Grimmsnarl
|-damage|p2a: Grimmsnarl|8/100
|
|-heal|p1a: Decidueye|80/100|[from] Grassy Terrain
|-heal|p2a: Grimmsnarl|14/100|[from] Grassy Terrain
|upkeep
|turn|4
|
|t:|1758989515
|switch|p2a: Iron Crown|Iron Crown|100/100
|-enditem|p2a: Iron Crown|Grassy Seed
|-boost|p2a: Iron Crown|def|1|[from] item: Grassy Seed
|move|p1a: Decidueye|Rock Tomb|p2a: Iron Crown
|-resisted|p2a: Iron Crown
|-damage|p2a: Iron Crown|98/100
|-unboost|p2a: Iron Crown|spe|1
|
|-heal|p1a: Decidueye|86/100|[from] Grassy Terrain
|-heal|p2a: Iron Crown|100/100|[from] Grassy Terrain
|upkeep
|turn|5
|
|t:|1758989531
|move|p1a: Decidueye|Triple Arrows|p2a: Iron Crown
|-damage|p2a: Iron Crown|88/100
|-unboost|p2a: Iron Crown|def|1
|move|p2a: Iron Crown|Agility|p2a: Iron Crown
|-boost|p2a: Iron Crown|spe|2
|
|-heal|p2a: Iron Crown|94/100|[from] Grassy Terrain
|-heal|p1a: Decidueye|92/100|[from] Grassy Terrain
|-fieldend|move: Grassy Terrain
|upkeep
|turn|6
|
|t:|1758989542
|move|p2a: Iron Crown|Calm Mind|p2a: Iron Crown
|-boost|p2a: Iron Crown|spa|1
|-boost|p2a: Iron Crown|spd|1
|move|p1a: Decidueye|Triple Arrows|p2a: Iron Crown
|-damage|p2a: Iron Crown|74/100
|
|upkeep
|turn|7
|
|t:|1758989552
|move|p2a: Iron Crown|Agility|p2a: Iron Crown
|-boost|p2a: Iron Crown|spe|2
|move|p1a: Decidueye|Triple Arrows|p2a: Iron Crown
|-damage|p2a: Iron Crown|57/100
|-unboost|p2a: Iron Crown|def|1
|
|upkeep
|turn|8
|
|t:|1758989564
|move|p2a: Iron Crown|Stored Power|p1a: Decidueye
|-supereffective|p1a: Decidueye
|-damage|p1a: Decidueye|0 fnt
|faint|p1a: Decidueye
|
|upkeep
|
|t:|1758989588
|switch|p1a: Scizor|Scizor, F|100/100
|turn|9
|
|t:|1758989599
|move|p2a: Iron Crown|Stored Power|p1a: Scizor
|-resisted|p1a: Scizor
|-damage|p1a: Scizor|41/100
|move|p1a: Scizor|U-turn|p2a: Iron Crown
|-damage|p2a: Iron Crown|21/100
|inactive|panzershock has 120 seconds left.
|
|t:|1758989625
|switch|p1a: Enamorus|Enamorus, F|100/100|[from] U-turn
|
|upkeep
|turn|10
|inactive|panzershock has 120 seconds left.
|
|t:|1758989634
|move|p2a: Iron Crown|Stored Power|p1a: Enamorus
|-damage|p1a: Enamorus|22/100
|move|p1a: Enamorus|Mystical Fire|p2a: Iron Crown
|-supereffective|p2a: Iron Crown
|-damage|p2a: Iron Crown|0 fnt
|faint|p2a: Iron Crown
|-end|p2a: Iron Crown|Quark Drive|[silent]
|
|-sideend|p2: H0N3R|Reflect
|upkeep
|
|t:|1758989650
|switch|p2a: Slowking|Slowking-Galar, M|100/100
|turn|11
|
|t:|1758989656
|move|p1a: Enamorus|Iron Head|p2a: Slowking
|-damage|p2a: Slowking|81/100
|move|p2a: Slowking|Thunder Wave|p1a: Enamorus|[miss]
|-miss|p2a: Slowking|p1a: Enamorus
|
|upkeep
|turn|12
|
|t:|1758989666
|switch|p1a: Scizor|Scizor, F|41/100
|move|p2a: Slowking|Thunder Wave|p1a: Scizor
|-status|p1a: Scizor|par
|
|upkeep
|turn|13
|
|t:|1758989677
|move|p1a: Scizor|U-turn|p2a: Slowking
|-damage|p2a: Slowking|22/100
|
|t:|1758989682
|switch|p1a: Arcanine|Arcanine-Hisui, F|100/100|[from] U-turn
|-prepare|p2a: Slowking|Chilly Reception|[premajor]
|move|p2a: Slowking|Chilly Reception|p2a: Slowking
|-weather|Snowscape
|
|t:|1758989692
|switch|p2a: Grimmsnarl|Grimmsnarl, M|14/100|[from] Chilly Reception
|
|-weather|Snowscape|[upkeep]
|upkeep
|turn|14
|
|t:|1758989714
|move|p1a: Arcanine|Extreme Speed|p2a: Grimmsnarl
|-damage|p2a: Grimmsnarl|0 fnt
|faint|p2a: Grimmsnarl
|-damage|p1a: Arcanine|91/100|[from] item: Life Orb
|
|-weather|Snowscape|[upkeep]
|upkeep
|
|t:|1758989728
|switch|p2a: Rillaboom|Rillaboom, F|69/100
|-fieldstart|move: Grassy Terrain|[from] ability: Grassy Surge|[of] p2a: Rillaboom
|turn|15
|
|t:|1758989737
|move|p1a: Arcanine|Flare Blitz|p2a: Rillaboom
|-supereffective|p2a: Rillaboom
|-damage|p2a: Rillaboom|0 fnt
|faint|p2a: Rillaboom
|-damage|p1a: Arcanine|81/100|[from] item: Life Orb
|
|-weather|Snowscape|[upkeep]
|-heal|p1a: Arcanine|87/100|[from] Grassy Terrain
|upkeep
|
|t:|1758989751
|switch|p2a: Raichu|Raichu, F|100/100
|-item|p2a: Raichu|Air Balloon
|turn|16
|
|t:|1758989759
|switch|p1a: Diancie|Diancie|100/100
|move|p2a: Raichu|Thunderbolt|p1a: Diancie
|-damage|p1a: Diancie|69/100
|
|-weather|Snowscape|[upkeep]
|-heal|p1a: Diancie|75/100|[from] Grassy Terrain
|upkeep
|turn|17
|
|t:|1758989768
|move|p2a: Raichu|Nasty Plot|p2a: Raichu
|-boost|p2a: Raichu|spa|2
|-enditem|p1a: Diancie|Mirror Herb
|-boost|p1a: Diancie|spa|2|[from] item: Mirror Herb
|move|p1a: Diancie|Draining Kiss|p2a: Raichu
|-damage|p2a: Raichu|30/100
|-heal|p1a: Diancie|100/100|[from] drain|[of] p2a: Raichu
|-enditem|p2a: Raichu|Air Balloon
|
|-weather|none
|-heal|p2a: Raichu|36/100|[from] Grassy Terrain
|upkeep
|turn|18
|
|t:|1758989780
|move|p2a: Raichu|Thunderbolt|p1a: Diancie
|-damage|p1a: Diancie|40/100
|move|p1a: Diancie|Draining Kiss|p2a: Raichu
|-damage|p2a: Raichu|0 fnt
|-heal|p1a: Diancie|63/100|[from] drain|[of] p2a: Raichu
|faint|p2a: Raichu
|
|-heal|p1a: Diancie|69/100|[from] Grassy Terrain
|upkeep
|
|t:|1758989790
|switch|p2a: Slowking|Slowking-Galar, M|55/100
|turn|19
|
|t:|1758989794
|move|p1a: Diancie|Earth Power|p2a: Slowking
|-supereffective|p2a: Slowking
|-damage|p2a: Slowking|0 fnt
|faint|p2a: Slowking
|
|-heal|p1a: Diancie|75/100|[from] Grassy Terrain
|-fieldend|move: Grassy Terrain
|upkeep
|
|t:|1758989802
|switch|p2a: Kyurem|Kyurem|100/100
|-ability|p2a: Kyurem|Pressure
|turn|20
|
|t:|1758989811
|-terastallize|p2a: Kyurem|Ground
|move|p2a: Kyurem|Dragon Dance|p2a: Kyurem
|-boost|p2a: Kyurem|atk|1
|-boost|p2a: Kyurem|spe|1
|move|p1a: Diancie|Body Press|p2a: Kyurem
|-damage|p2a: Kyurem|74/100
|
|upkeep
|turn|21
|
|t:|1758989823
|move|p2a: Kyurem|Icicle Spear|p1a: Diancie
|-damage|p1a: Diancie|60/100
|-damage|p1a: Diancie|43/100
|-damage|p1a: Diancie|27/100
|-damage|p1a: Diancie|12/100
|-hitcount|p1a: Diancie|4
|move|p1a: Diancie|Draining Kiss|p2a: Kyurem
|-damage|p2a: Kyurem|29/100
|-heal|p1a: Diancie|56/100|[from] drain|[of] p2a: Kyurem
|
|upkeep
|turn|22
|
|t:|1758989839
|move|p2a: Kyurem|Tera Blast|p1a: Diancie|[anim] Tera Blast Ground
|-supereffective|p1a: Diancie
|-damage|p1a: Diancie|0 fnt
|faint|p1a: Diancie
|
|upkeep
|
|t:|1758989844
|switch|p1a: Arcanine|Arcanine-Hisui, F|87/100
|turn|23
|inactive|H0N3R has 120 seconds left.
|l|☆H0N3R
|inactive|H0N3R disconnected and has a minute to reconnect!
|player|p2|
|inactive|H0N3R has 30 seconds to reconnect!
|inactive|H0N3R has 20 seconds to reconnect!
|inactive|H0N3R has 15 seconds to reconnect!
|inactive|H0N3R has 10 seconds to reconnect!
|inactive|H0N3R has 5 seconds to reconnect!
|-message|H0N3R lost due to inactivity.
|
|win|panzershock
|raw|panzershock's rating: 1245 &rarr; <strong>1273</strong><br />(+28 for winning)
|raw|H0N3R's rating: 1286 &rarr; <strong>1258</strong><br />(-28 for losing)
|l|☆panzershock
|player|p1|
