|j|☆thekairou
|j|☆GirlFromBetelgeuse
|t:|1759065495
|gametype|singles
|player|p1|thekairou|psychic|1488
|player|p2|GirlFromBetelgeuse|guitarist|1470
|gen|9
|tier|[Gen 9] OU
|rated|
|rule|HP Percentage Mod: HP is shown in percentages
|rule|Endless Battle Clause: Forcing endless battles is banned
|rule|Species Clause: Limit one of each Pokémon
|rule|OHKO Clause: OHKO moves are banned
|rule|Evasion Items Clause: Evasion items are banned
|rule|Evasion Moves Clause: Evasion moves are banned
|rule|Evasion Abilities Clause: Evasion abilities are banned
|rule|Sleep Moves Clause: Sleep-inducing moves are banned
|clearpoke
|poke|p1|Raging Bolt|
|poke|p1|Kingambit, M|
|poke|p1|Great Tusk|
|poke|p1|Garganacl, F|
|poke|p1|Thundurus, M|
|poke|p1|Iron Valiant|
|poke|p2|Lokix, F|
|poke|p2|Primarina, F|
|poke|p2|Slowking-Galar, M|
|poke|p2|Moltres|
|poke|p2|Iron Treads|
|poke|p2|Hydrapple, M|
|teampreview
|inactive|Battle timer is ON: inactive players will automatically lose when time's up. (requested by GirlFromBetelgeuse)
|
|t:|1759065535
|teamsize|p1|6
|teamsize|p2|6
|start
|switch|p1a: Garganacl|Garganacl, F, shiny|100/100
|switch|p2a: Constantine|Lokix, F|100/100
|turn|1
|
|t:|1759065548
|move|p2a: Constantine|U-turn|p1a: Garganacl
|-damage|p1a: Garganacl|72/100
|
|t:|1759065549
|switch|p2a: Celestine|Primarina, F, shiny|100/100|[from] U-turn
|move|p1a: Garganacl|Salt Cure|p2a: Celestine
|-damage|p2a: Celestine|82/100
|-start|p2a: Celestine|Salt Cure
|
|-heal|p1a: Garganacl|78/100|[from] item: Leftovers
|-damage|p2a: Celestine|57/100|[from] Salt Cure
|upkeep
|turn|2
|
|t:|1759065578
|move|p2a: Celestine|Psychic Noise|p1a: Garganacl
|-supereffective|p1a: Garganacl
|-damage|p1a: Garganacl|1/100
|-start|p1a: Garganacl|move: Heal Block
|move|p1a: Garganacl|Salt Cure|p2a: Celestine
|-damage|p2a: Celestine|41/100
|
|-damage|p2a: Celestine|16/100|[from] Salt Cure
|upkeep
|turn|3
|c|☆GirlFromBetelgeuse|1 hp are you kididn me
|
|t:|1759065589
|move|p1a: Garganacl|Protect|p1a: Garganacl
|-singleturn|p1a: Garganacl|Protect
|move|p2a: Celestine|Flip Turn|p1a: Garganacl
|-activate|p1a: Garganacl|move: Protect
|
|-damage|p2a: Celestine|0 fnt|[from] Salt Cure
|faint|p2a: Celestine
|-end|p1a: Garganacl|move: Heal Block
|upkeep
|
|t:|1759065603
|switch|p2a: Iron Treads|Iron Treads|100/100
|turn|4
|
|t:|1759065622
|switch|p1a: Great Tusk|Great Tusk|100/100
|move|p2a: Iron Treads|Rapid Spin|p1a: Great Tusk
|-crit|p1a: Great Tusk
|-damage|p1a: Great Tusk|88/100
|-boost|p2a: Iron Treads|spe|1
|
|upkeep
|turn|5
|
|t:|1759065626
|-end|p2a: Iron Treads|Quark Drive|[silent]
|switch|p2a: Moltres|Moltres|100/100
|move|p1a: Great Tusk|Stealth Rock|p2a: Moltres
|-sidestart|p2: GirlFromBetelgeuse|move: Stealth Rock
|
|upkeep
|turn|6
|
|t:|1759065630
|-end|p1a: Great Tusk|Protosynthesis|[silent]
|switch|p1a: Garganacl|Garganacl, F, shiny|1/100
|move|p2a: Moltres|Flamethrower|p1a: Garganacl
|-resisted|p1a: Garganacl
|-damage|p1a: Garganacl|0 fnt
|faint|p1a: Garganacl
|
|upkeep
|
|t:|1759065645
|switch|p1a: Smoker|Thundurus, M|100/100
|turn|7
|
|t:|1759065655
|switch|p1a: Zoro|Iron Valiant|100/100
|-enditem|p1a: Zoro|Booster Energy
|-activate|p1a: Zoro|ability: Quark Drive|[fromitem]
|-start|p1a: Zoro|quarkdrivespe
|switch|p2a: Hydrapple|Hydrapple, M|100/100
|
|upkeep
|turn|8
|
|t:|1759065658
|switch|p2a: Creatine|Slowking-Galar, M|100/100
|move|p1a: Zoro|Moonblast|p2a: Creatine
|-resisted|p2a: Creatine
|-damage|p2a: Creatine|87/100
|-unboost|p2a: Creatine|spa|1
|
|upkeep
|turn|9
|
|t:|1759065666
|-end|p1a: Zoro|Quark Drive|[silent]
|switch|p1a: Rob Lucci Awakened|Raging Bolt|100/100
|-enditem|p1a: Rob Lucci Awakened|Booster Energy
|-activate|p1a: Rob Lucci Awakened|ability: Protosynthesis|[fromitem]
|-start|p1a: Rob Lucci Awakened|protosynthesisspa
|move|p2a: Creatine|Future Sight|p1a: Rob Lucci Awakened
|-start|p2a: Creatine|move: Future Sight
|
|upkeep
|turn|10
|
|t:|1759065669
|switch|p2a: Iron Treads|Iron Treads|100/100
|-damage|p2a: Iron Treads|97/100|[from] Stealth Rock
|move|p1a: Rob Lucci Awakened|Calm Mind|p1a: Rob Lucci Awakened
|-boost|p1a: Rob Lucci Awakened|spa|1
|-boost|p1a: Rob Lucci Awakened|spd|1
|
|-heal|p2a: Iron Treads|100/100|[from] item: Leftovers
|upkeep
|turn|11
|
|t:|1759065676
|-terastallize|p1a: Rob Lucci Awakened|Flying
|move|p2a: Iron Treads|Earthquake|p1a: Rob Lucci Awakened
|-immune|p1a: Rob Lucci Awakened
|move|p1a: Rob Lucci Awakened|Calm Mind|p1a: Rob Lucci Awakened
|-boost|p1a: Rob Lucci Awakened|spa|1
|-boost|p1a: Rob Lucci Awakened|spd|1
|
|-end|p1a: Rob Lucci Awakened|move: Future Sight
|-damage|p1a: Rob Lucci Awakened|84/100
|upkeep
|turn|12
|
|t:|1759065682
|move|p2a: Iron Treads|Ice Spinner|p1a: Rob Lucci Awakened
|-supereffective|p1a: Rob Lucci Awakened
|-damage|p1a: Rob Lucci Awakened|43/100
|move|p1a: Rob Lucci Awakened|Calm Mind|p1a: Rob Lucci Awakened
|-boost|p1a: Rob Lucci Awakened|spa|1
|-boost|p1a: Rob Lucci Awakened|spd|1
|
|upkeep
|turn|13
|
|t:|1759065686
|move|p2a: Iron Treads|Ice Spinner|p1a: Rob Lucci Awakened
|-supereffective|p1a: Rob Lucci Awakened
|-damage|p1a: Rob Lucci Awakened|5/100
|move|p1a: Rob Lucci Awakened|Dragon Pulse|p2a: Iron Treads
|-resisted|p2a: Iron Treads
|-damage|p2a: Iron Treads|0 fnt
|faint|p2a: Iron Treads
|-end|p2a: Iron Treads|Quark Drive|[silent]
|
|upkeep
|
|t:|1759065692
|switch|p2a: Constantine|Lokix, F|100/100
|-damage|p2a: Constantine|76/100|[from] Stealth Rock
|turn|14
|
|t:|1759065701
|-end|p1a: Rob Lucci Awakened|Protosynthesis|[silent]
|switch|p1a: Great Tusk|Great Tusk|88/100
|move|p2a: Constantine|First Impression|p1a: Great Tusk
|-resisted|p1a: Great Tusk
|-damage|p1a: Great Tusk|58/100
|
|upkeep
|turn|15
|
|t:|1759065730
|switch|p2a: Hydrapple|Hydrapple, M|100/100
|move|p1a: Great Tusk|Earthquake|p2a: Hydrapple
|-resisted|p2a: Hydrapple
|-damage|p2a: Hydrapple|88/100
|
|upkeep
|turn|16
|
|t:|1759065745
|move|p1a: Great Tusk|Ice Spinner|p2a: Hydrapple
|-supereffective|p2a: Hydrapple
|-damage|p2a: Hydrapple|30/100
|move|p2a: Hydrapple|Giga Drain|p1a: Great Tusk
|-supereffective|p1a: Great Tusk
|-damage|p1a: Great Tusk|0 fnt
|-heal|p2a: Hydrapple|61/100|[from] drain|[of] p1a: Great Tusk
|faint|p1a: Great Tusk
|-end|p1a: Great Tusk|Protosynthesis|[silent]
|
|upkeep
|
|t:|1759065749
|switch|p1a: Zoro|Iron Valiant|100/100
|turn|17
|
|t:|1759065762
|switch|p2a: Creatine|Slowking-Galar, M|100/100
|move|p1a: Zoro|Moonblast|p2a: Creatine
|-resisted|p2a: Creatine
|-damage|p2a: Creatine|86/100
|
|upkeep
|turn|18
|
|t:|1759065770
|move|p1a: Zoro|Psychic|p2a: Creatine
|-damage|p2a: Creatine|69/100
|-prepare|p2a: Creatine|Chilly Reception|[premajor]
|move|p2a: Creatine|Chilly Reception|p2a: Creatine
|-weather|Snowscape
|
|t:|1759065773
|switch|p2a: Moltres|Moltres|100/100|[from] Chilly Reception
|
|-weather|Snowscape|[upkeep]
|upkeep
|turn|19
|
|t:|1759065780
|switch|p2a: Creatine|Slowking-Galar, M|100/100
|move|p1a: Zoro|Psychic|p2a: Creatine
|-damage|p2a: Creatine|82/100
|
|-weather|Snowscape|[upkeep]
|upkeep
|turn|20
|
|t:|1759065786
|-end|p1a: Zoro|Quark Drive|[silent]
|switch|p1a: Rob Lucci Awakened|Raging Bolt, tera:Flying|5/100
|move|p2a: Creatine|Sludge Bomb|p1a: Rob Lucci Awakened
|-damage|p1a: Rob Lucci Awakened|0 fnt
|faint|p1a: Rob Lucci Awakened
|-end|p1a: Rob Lucci Awakened|Protosynthesis|[silent]
|
|-weather|Snowscape|[upkeep]
|upkeep
|
|t:|1759065799
|switch|p1a: Kingambit|Kingambit, M|100/100
|-activate|p1a: Kingambit|ability: Supreme Overlord
|-start|p1a: Kingambit|fallen3|[silent]
|-item|p1a: Kingambit|Air Balloon
|turn|21
|
|t:|1759065801
|switch|p2a: Moltres|Moltres|100/100
|move|p1a: Kingambit|Swords Dance|p1a: Kingambit
|-boost|p1a: Kingambit|atk|2
|
|-weather|Snowscape|[upkeep]
|upkeep
|turn|22
|
|t:|1759065819
|-end|p1a: Kingambit|fallen3|[silent]
|switch|p1a: Smoker|Thundurus, M|100/100
|move|p2a: Moltres|Flamethrower|p1a: Smoker
|-damage|p1a: Smoker|46/100
|
|-weather|none
|upkeep
|turn|23
|
|t:|1759065829
|switch|p2a: Hydrapple|Hydrapple, M|94/100
|move|p1a: Smoker|Thunderbolt|p2a: Hydrapple
|-resisted|p2a: Hydrapple
|-damage|p2a: Hydrapple|81/100
|
|upkeep
|turn|24
|
|t:|1759065848
|switch|p2a: Moltres|Moltres|100/100
|move|p1a: Smoker|Thunder Wave|p2a: Moltres
|-status|p2a: Moltres|par
|
|upkeep
|turn|25
|
|t:|1759065857
|switch|p2a: Hydrapple|Hydrapple, M|100/100
|move|p1a: Smoker|Thunderbolt|p2a: Hydrapple
|-resisted|p2a: Hydrapple
|-damage|p2a: Hydrapple|88/100
|
|upkeep
|turn|26
|
|t:|1759065861
|move|p1a: Smoker|Thunder Wave|p2a: Hydrapple
|-status|p2a: Hydrapple|par
|move|p2a: Hydrapple|Fickle Beam|p1a: Smoker|[anim] Fickle Beam All Out
|-activate|p2a: Hydrapple|move: Fickle Beam
|-damage|p1a: Smoker|0 fnt
|faint|p1a: Smoker
|
|upkeep
|
|t:|1759065868
|switch|p1a: Zoro|Iron Valiant|100/100
|turn|27
|
|t:|1759065880
|switch|p2a: Creatine|Slowking-Galar, M|100/100
|move|p1a: Zoro|Moonblast|p2a: Creatine
|-resisted|p2a: Creatine
|-damage|p2a: Creatine|87/100
|
|upkeep
|turn|28
|-message|thekairou forfeited.
|
|win|GirlFromBetelgeuse
|raw|thekairou's rating: 1488 &rarr; <strong>1467</strong><br />(-21 for losing)
|raw|GirlFromBetelgeuse's rating: 1470 &rarr; <strong>1491</strong><br />(+21 for winning)
|l|☆thekairou
|player|p1|
|l|☆GirlFromBetelgeuse
|player|p2|
