|j|☆new pktrainer 4
|j|☆wiggilydiggily
|t:|1759013904
|gametype|singles
|player|p1|new pktrainer 4|lucas|1629
|player|p2|wiggilydiggily|265|1608
|gen|9
|tier|[Gen 9] OU
|rated|
|rule|HP Percentage Mod: HP is shown in percentages
|rule|Endless Battle Clause: Forcing endless battles is banned
|rule|Species Clause: Limit one of each Pokémon
|rule|OHKO Clause: OHKO moves are banned
|rule|Evasion Items Clause: Evasion items are banned
|rule|Evasion Moves Clause: Evasion moves are banned
|rule|Evasion Abilities Clause: Evasion abilities are banned
|rule|Sleep Moves Clause: Sleep-inducing moves are banned
|clearpoke
|poke|p1|Lokix, F|
|poke|p1|Cinderace, F|
|poke|p1|Enamorus, F|
|poke|p1|Slowking-Galar, M|
|poke|p1|Ting-Lu|
|poke|p1|Corviknight, M|
|poke|p2|Glimmora, M|
|poke|p2|Zamazenta-*|
|poke|p2|Gholdengo|
|poke|p2|Lycanroc-Dusk, M|
|poke|p2|Kyurem|
|poke|p2|Rillaboom, M|
|teampreview
|
|t:|1759013920
|teamsize|p1|6
|teamsize|p2|6
|start
|switch|p1a: Ting-Lu|Ting-Lu|100/100
|switch|p2a: Glimmora|Glimmora, M|100/100
|-ability|p1a: Ting-Lu|Vessel of Ruin
|turn|1
|
|t:|1759013924
|move|p2a: Glimmora|Dazzling Gleam|p1a: Ting-Lu
|-supereffective|p1a: Ting-Lu
|-damage|p1a: Ting-Lu|75/100
|move|p1a: Ting-Lu|Earthquake|p2a: Glimmora
|-supereffective|p2a: Glimmora
|-enditem|p2a: Glimmora|Focus Sash
|-damage|p2a: Glimmora|1/100
|-activate|p2a: Glimmora|ability: Toxic Debris
|-sidestart|p1: new pktrainer 4|move: Toxic Spikes
|
|-heal|p1a: Ting-Lu|81/100|[from] item: Leftovers
|upkeep
|turn|2
|
|t:|1759013929
|move|p2a: Glimmora|Dazzling Gleam|p1a: Ting-Lu
|-supereffective|p1a: Ting-Lu
|-damage|p1a: Ting-Lu|57/100
|move|p1a: Ting-Lu|Earthquake|p2a: Glimmora
|-supereffective|p2a: Glimmora
|-damage|p2a: Glimmora|0 fnt
|-activate|p2a: Glimmora|ability: Toxic Debris
|-sidestart|p1: new pktrainer 4|move: Toxic Spikes
|faint|p2a: Glimmora
|
|-heal|p1a: Ting-Lu|64/100|[from] item: Leftovers
|upkeep
|
|t:|1759013949
|switch|p2a: Kyurem|Kyurem|100/100
|-ability|p2a: Kyurem|Pressure
|turn|3
|
|t:|1759013959
|switch|p1a: Slowking|Slowking-Galar, M|100/100
|-sideend|p1: new pktrainer 4|move: Toxic Spikes|[of] p1a: Slowking
|move|p2a: Kyurem|Ice Beam|p1a: Slowking
|-damage|p1a: Slowking|47/100
|
|upkeep
|turn|4
|
|t:|1759013967
|switch|p1a: Cinderace|Cinderace, F|100/100
|move|p2a: Kyurem|Ice Beam|p1a: Cinderace
|-resisted|p1a: Cinderace
|-damage|p1a: Cinderace|58/100
|
|upkeep
|turn|5
|
|t:|1759013979
|switch|p2a: Zamazenta|Zamazenta|100/100
|-ability|p2a: Zamazenta|Dauntless Shield|boost
|-boost|p2a: Zamazenta|def|1
|move|p1a: Cinderace|Will-O-Wisp|p2a: Zamazenta
|-status|p2a: Zamazenta|brn
|
|-damage|p2a: Zamazenta|94/100 brn|[from] brn
|upkeep
|turn|6
|inactive|Battle timer is ON: inactive players will automatically lose when time's up. (requested by wiggilydiggily)
|
|t:|1759014011
|move|p2a: Zamazenta|Stone Edge|p1a: Cinderace
|-supereffective|p1a: Cinderace
|-damage|p1a: Cinderace|4/100
|move|p1a: Cinderace|U-turn|p2a: Zamazenta
|-resisted|p2a: Zamazenta
|-damage|p2a: Zamazenta|89/100 brn
|
|t:|1759014030
|switch|p1a: Corviknight|Corviknight, M|100/100|[from] U-turn
|-ability|p1a: Corviknight|Pressure
|
|-damage|p2a: Zamazenta|83/100 brn|[from] brn
|upkeep
|turn|7
|
|t:|1759014041
|switch|p2a: Gholdengo|Gholdengo|100/100
|move|p1a: Corviknight|U-turn|p2a: Gholdengo
|-resisted|p2a: Gholdengo
|-damage|p2a: Gholdengo|97/100
|
|t:|1759014061
|switch|p1a: Cinderace|Cinderace, F|4/100|[from] U-turn
|
|upkeep
|turn|8
|
|t:|1759014065
|move|p2a: Gholdengo|Shadow Ball|p1a: Cinderace
|-damage|p1a: Cinderace|0 fnt
|faint|p1a: Cinderace
|
|upkeep
|
|t:|1759014067
|switch|p1a: Lokix|Lokix, F|100/100
|turn|9
|
|t:|1759014077
|switch|p2a: Zamazenta|Zamazenta|83/100 brn
|move|p1a: Lokix|U-turn|p2a: Zamazenta
|-resisted|p2a: Zamazenta
|-damage|p2a: Zamazenta|36/100 brn
|
|t:|1759014084
|switch|p1a: Corviknight|Corviknight, M|100/100|[from] U-turn
|-ability|p1a: Corviknight|Pressure
|
|-damage|p2a: Zamazenta|30/100 brn|[from] brn
|upkeep
|turn|10
|
|t:|1759014087
|move|p2a: Zamazenta|Close Combat|p1a: Corviknight
|-damage|p1a: Corviknight|75/100
|-unboost|p2a: Zamazenta|def|1
|-unboost|p2a: Zamazenta|spd|1
|-damage|p2a: Zamazenta|14/100 brn|[from] item: Rocky Helmet|[of] p1a: Corviknight
|move|p1a: Corviknight|U-turn|p2a: Zamazenta
|-resisted|p2a: Zamazenta
|-damage|p2a: Zamazenta|3/100 brn
|
|t:|1759014091
|switch|p1a: Slowking|Slowking-Galar, M|80/100|[from] U-turn
|
|-damage|p2a: Zamazenta|0 fnt|[from] brn
|faint|p2a: Zamazenta
|upkeep
|
|t:|1759014112
|switch|p2a: Rillaboom|Rillaboom, M|100/100
|-fieldstart|move: Grassy Terrain|[from] ability: Grassy Surge|[of] p2a: Rillaboom
|turn|11
|
|t:|1759014120
|-terastallize|p2a: Rillaboom|Fire
|move|p2a: Rillaboom|Tera Blast|p1a: Slowking|[anim] Tera Blast Fire
|-damage|p1a: Slowking|36/100
|move|p1a: Slowking|Sludge Bomb|p2a: Rillaboom
|-damage|p2a: Rillaboom|54/100
|
|-heal|p2a: Rillaboom|60/100|[from] Grassy Terrain
|-heal|p1a: Slowking|42/100|[from] Grassy Terrain
|upkeep
|turn|12
|inactive|new pktrainer 4 has 120 seconds left.
|inactive|new pktrainer 4 has 90 seconds left.
|
|t:|1759014188
|move|p2a: Rillaboom|Tera Blast|p1a: Slowking|[anim] Tera Blast Fire
|-damage|p1a: Slowking|0 fnt
|faint|p1a: Slowking
|
|-heal|p2a: Rillaboom|66/100|[from] Grassy Terrain
|upkeep
|
|t:|1759014195
|switch|p1a: Enamorus|Enamorus, F|100/100
|turn|13
|
|t:|1759014212
|-terastallize|p1a: Enamorus|Stellar
|move|p1a: Enamorus|Tera Blast|p2a: Rillaboom|[anim] Tera Blast Stellar
|-supereffective|p2a: Rillaboom
|-damage|p2a: Rillaboom|0 fnt
|-boost|p1a: Enamorus|atk|1
|-boost|p1a: Enamorus|spa|1
|faint|p2a: Rillaboom
|
|upkeep
|
|t:|1759014216
|switch|p2a: Kyurem|Kyurem|100/100
|-ability|p2a: Kyurem|Pressure
|turn|14
|inactive|new pktrainer 4 has 90 seconds left.
|inactive|new pktrainer 4 has 60 seconds left.
|
|t:|1759014293
|switch|p1a: Corviknight|Corviknight, M|75/100
|-ability|p1a: Corviknight|Pressure
|move|p2a: Kyurem|Ice Beam|p1a: Corviknight
|-damage|p1a: Corviknight|3/100
|
|upkeep
|turn|15
|inactive|wiggilydiggily has 120 seconds left.
|
|t:|1759014330
|move|p2a: Kyurem|Ice Beam|p1a: Corviknight
|-damage|p1a: Corviknight|0 fnt
|faint|p1a: Corviknight
|
|-fieldend|move: Grassy Terrain
|upkeep
|
|t:|1759014339
|switch|p1a: Enamorus|Enamorus, F, tera:Stellar|100/100
|turn|16
|
|t:|1759014349
|switch|p2a: Gholdengo|Gholdengo|97/100
|move|p1a: Enamorus|Moonblast|p2a: Gholdengo
|-resisted|p2a: Gholdengo
|-damage|p2a: Gholdengo|50/100
|
|upkeep
|turn|17
|
|t:|1759014357
|switch|p1a: Ting-Lu|Ting-Lu|64/100
|-ability|p1a: Ting-Lu|Vessel of Ruin
|move|p2a: Gholdengo|Make It Rain|p1a: Ting-Lu
|-damage|p1a: Ting-Lu|38/100
|-unboost|p2a: Gholdengo|spa|1
|
|-heal|p1a: Ting-Lu|44/100|[from] item: Leftovers
|upkeep
|turn|18
|
|t:|1759014363
|switch|p2a: Kyurem|Kyurem|100/100
|-ability|p2a: Kyurem|Pressure
|move|p1a: Ting-Lu|Stealth Rock|p2a: Kyurem
|-sidestart|p2: wiggilydiggily|move: Stealth Rock
|
|-heal|p1a: Ting-Lu|50/100|[from] item: Leftovers
|upkeep
|turn|19
|inactive|new pktrainer 4 has 60 seconds left.
|inactive|new pktrainer 4 has 30 seconds left.
|inactive|new pktrainer 4 has 20 seconds left.
|inactive|new pktrainer 4 has 15 seconds left.
|
|t:|1759014417
|switch|p1a: Lokix|Lokix, F|100/100
|move|p2a: Kyurem|Ice Beam|p1a: Lokix
|-damage|p1a: Lokix|0 fnt
|faint|p1a: Lokix
|
|upkeep
|inactive|new pktrainer 4 has 20 seconds left this turn.
|
|t:|1759014419
|switch|p1a: Enamorus|Enamorus, F, tera:Stellar|100/100
|turn|20
|inactive|new pktrainer 4 has 30 seconds left this turn.
|
|t:|1759014430
|move|p1a: Enamorus|Moonblast|p2a: Kyurem
|-supereffective|p2a: Kyurem
|-damage|p2a: Kyurem|0 fnt
|faint|p2a: Kyurem
|
|upkeep
|
|t:|1759014438
|switch|p2a: Lycanroc|Lycanroc-Dusk, M|100/100
|-damage|p2a: Lycanroc|88/100|[from] Stealth Rock
|turn|21
|inactive|wiggilydiggily has 120 seconds left.
|
|t:|1759014473
|move|p2a: Lycanroc|Accelerock|p1a: Enamorus
|-supereffective|p1a: Enamorus
|-damage|p1a: Enamorus|0 fnt
|faint|p1a: Enamorus
|
|upkeep
|
|t:|1759014477
|switch|p1a: Ting-Lu|Ting-Lu|50/100
|-ability|p1a: Ting-Lu|Vessel of Ruin
|turn|22
|
|t:|1759014480
|switch|p2a: Gholdengo|Gholdengo|50/100
|-damage|p2a: Gholdengo|44/100|[from] Stealth Rock
|move|p1a: Ting-Lu|Earthquake|p2a: Gholdengo
|-supereffective|p2a: Gholdengo
|-damage|p2a: Gholdengo|0 fnt
|faint|p2a: Gholdengo
|
|-heal|p1a: Ting-Lu|57/100|[from] item: Leftovers
|upkeep
|
|t:|1759014482
|switch|p2a: Lycanroc|Lycanroc-Dusk, M|88/100
|-damage|p2a: Lycanroc|76/100|[from] Stealth Rock
|turn|23
|
|t:|1759014483
|move|p2a: Lycanroc|Close Combat|p1a: Ting-Lu
|-supereffective|p1a: Ting-Lu
|-damage|p1a: Ting-Lu|0 fnt
|-unboost|p2a: Lycanroc|def|1
|-unboost|p2a: Lycanroc|spd|1
|faint|p1a: Ting-Lu
|
|win|wiggilydiggily
|raw|new pktrainer 4's rating: 1629 &rarr; <strong>1608</strong><br />(-21 for losing)
|raw|wiggilydiggily's rating: 1608 &rarr; <strong>1629</strong><br />(+21 for winning)
|l|☆new pktrainer 4
|player|p1|
