|j|☆goodguy7
|j|☆KevinHaHa
|t:|1758986930
|gametype|singles
|player|p1|goodguy7|juggler|1383
|player|p2|KevinHaHa|lucas|1366
|gen|9
|tier|[Gen 9] OU
|rated|
|rule|HP Percentage Mod: HP is shown in percentages
|rule|Endless Battle Clause: Forcing endless battles is banned
|rule|Species Clause: Limit one of each Pokémon
|rule|OHKO Clause: OHKO moves are banned
|rule|Evasion Items Clause: Evasion items are banned
|rule|Evasion Moves Clause: Evasion moves are banned
|rule|Evasion Abilities Clause: Evasion abilities are banned
|rule|Sleep Moves Clause: Sleep-inducing moves are banned
|clearpoke
|poke|p1|Electrode-Hisui|
|poke|p1|Rillaboom, F|
|poke|p1|Alomomola, M|
|poke|p1|Great Tusk|
|poke|p1|Ting-Lu|
|poke|p1|Iron Crown|
|poke|p2|Ninetales-Alola, F|
|poke|p2|Araquanid, M|
|poke|p2|Pecharunt|
|poke|p2|Gholdengo|
|poke|p2|Ogerpon-Wellspring, F|
|poke|p2|Latias, F|
|teampreview
|inactive|Battle timer is ON: inactive players will automatically lose when time's up. (requested by goodguy7)
|
|t:|1758986958
|teamsize|p1|6
|teamsize|p2|6
|start
|switch|p1a: Leki Jr.|Electrode-Hisui|100/100
|switch|p2a: Ninetales|Ninetales-Alola, F, shiny|100/100
|-weather|Snowscape|[from] ability: Snow Warning|[of] p2a: Ninetales
|turn|1
|
|t:|1758986967
|move|p1a: Leki Jr.|Volt Switch|p2a: Ninetales
|-damage|p2a: Ninetales|61/100
|
|t:|1758986968
|switch|p1a: Iron Crown|Iron Crown|100/100|[from] Volt Switch
|move|p2a: Ninetales|Aurora Veil|p2a: Ninetales
|-sidestart|p2: KevinHaHa|move: Aurora Veil
|
|-weather|Snowscape|[upkeep]
|upkeep
|turn|2
|
|t:|1758986976
|switch|p2a: Araquanid|Araquanid, M, shiny|100/100
|move|p1a: Iron Crown|Psychic Noise|p2a: Araquanid
|-damage|p2a: Araquanid|85/100
|-start|p2a: Araquanid|move: Heal Block
|
|-weather|Snowscape|[upkeep]
|upkeep
|turn|3
|
|t:|1758986985
|-end|p1a: Iron Crown|Quark Drive|[silent]
|switch|p1a: Alomomola|Alomomola, M|100/100
|move|p2a: Araquanid|Sticky Web|p1a: Alomomola
|-sidestart|p1: goodguy7|move: Sticky Web
|
|-weather|Snowscape|[upkeep]
|-end|p2a: Araquanid|move: Heal Block
|upkeep
|turn|4
|
|t:|1758986992
|switch|p2a: Ogerpon|Ogerpon-Wellspring, F|100/100
|move|p1a: Alomomola|Wish|p1a: Alomomola
|
|-weather|Snowscape|[upkeep]
|upkeep
|turn|5
|
|t:|1758986996
|switch|p1a: Rillaboom|Rillaboom, F|100/100
|-activate|p1a: Rillaboom|move: Sticky Web
|-unboost|p1a: Rillaboom|spe|1
|-fieldstart|move: Grassy Terrain|[from] ability: Grassy Surge|[of] p1a: Rillaboom
|move|p2a: Ogerpon|Swords Dance|p2a: Ogerpon
|-boost|p2a: Ogerpon|atk|2
|
|-weather|none
|upkeep
|turn|6
|
|t:|1758987006
|move|p2a: Ogerpon|Knock Off|p1a: Rillaboom
|-damage|p1a: Rillaboom|18/100
|-enditem|p1a: Rillaboom|Choice Band|[from] move: Knock Off|[of] p2a: Ogerpon
|move|p1a: Rillaboom|U-turn|p2a: Ogerpon
|-supereffective|p2a: Ogerpon
|-damage|p2a: Ogerpon|68/100
|
|t:|1758987026
|switch|p1a: Leki Jr.|Electrode-Hisui|100/100|[from] U-turn
|-activate|p1a: Leki Jr.|move: Sticky Web
|-unboost|p1a: Leki Jr.|spe|1
|
|-heal|p2a: Ogerpon|74/100|[from] Grassy Terrain
|upkeep
|turn|7
|
|t:|1758987037
|switch|p1a: Iron Crown|Iron Crown|100/100
|-activate|p1a: Iron Crown|move: Sticky Web
|-unboost|p1a: Iron Crown|spe|1
|move|p2a: Ogerpon|Knock Off|p1a: Iron Crown
|-supereffective|p1a: Iron Crown
|-damage|p1a: Iron Crown|0 fnt
|-enditem|p1a: Iron Crown|Assault Vest|[from] move: Knock Off|[of] p2a: Ogerpon
|faint|p1a: Iron Crown
|-end|p1a: Iron Crown|Quark Drive|[silent]
|
|-heal|p2a: Ogerpon|80/100|[from] Grassy Terrain
|upkeep
|
|t:|1758987043
|switch|p1a: Ting-Lu|Ting-Lu|100/100
|-activate|p1a: Ting-Lu|move: Sticky Web
|-unboost|p1a: Ting-Lu|spe|1
|-ability|p1a: Ting-Lu|Vessel of Ruin
|turn|8
|
|t:|1758987050
|move|p2a: Ogerpon|Ivy Cudgel|p1a: Ting-Lu|[anim] Ivy Cudgel Water
|-supereffective|p1a: Ting-Lu
|-damage|p1a: Ting-Lu|0 fnt
|faint|p1a: Ting-Lu
|
|-heal|p2a: Ogerpon|86/100|[from] Grassy Terrain
|-sideend|p2: KevinHaHa|move: Aurora Veil
|upkeep
|-message|goodguy7 forfeited.
|
|win|KevinHaHa
|raw|goodguy7's rating: 1383 &rarr; <strong>1362</strong><br />(-21 for losing)
|raw|KevinHaHa's rating: 1366 &rarr; <strong>1387</strong><br />(+21 for winning)
|l|☆goodguy7
|player|p1|
|l|☆KevinHaHa
|player|p2|
