|j|☆cccibo
|j|☆showdup
|t:|1758946311
|gametype|singles
|player|p1|cccibo|clerkf|1491
|player|p2|showdup|scientist|1450
|gen|9
|tier|[Gen 9] OU
|rated|
|rule|HP Percentage Mod: HP is shown in percentages
|rule|Endless Battle Clause: Forcing endless battles is banned
|rule|Species Clause: Limit one of each Pokémon
|rule|OHKO Clause: OHKO moves are banned
|rule|Evasion Items Clause: Evasion items are banned
|rule|Evasion Moves Clause: Evasion moves are banned
|rule|Evasion Abilities Clause: Evasion abilities are banned
|rule|Sleep Moves Clause: Sleep-inducing moves are banned
|clearpoke
|poke|p1|Torkoal, F|
|poke|p1|Hatterene, F|
|poke|p1|Walking Wake|
|poke|p1|Zamazenta-*|
|poke|p1|Great Tusk|
|poke|p1|Kingambit, M|
|poke|p2|Pelipper, F|
|poke|p2|Hatterene, F|
|poke|p2|Iron Treads|
|poke|p2|Toxicroak, F|
|poke|p2|Barraskewda, F|
|poke|p2|Zapdos|
|teampreview
|inactive|Battle timer is ON: inactive players will automatically lose when time's up. (requested by cccibo)
|c|☆cccibo|glhf
|
|t:|1758946337
|teamsize|p1|6
|teamsize|p2|6
|start
|switch|p1a: Torkoal|Torkoal, F|100/100
|switch|p2a: Toxicroak|Toxicroak, F|100/100
|-weather|SunnyDay|[from] ability: Drought|[of] p1a: Torkoal
|turn|1
|
|t:|1758946352
|move|p2a: Toxicroak|Toxic|p1a: Torkoal
|-status|p1a: Torkoal|tox
|move|p1a: Torkoal|Overheat|p2a: Toxicroak
|-damage|p2a: Toxicroak|0 fnt
|-unboost|p1a: Torkoal|spa|2
|faint|p2a: Toxicroak
|
|-weather|SunnyDay|[upkeep]
|-damage|p1a: Torkoal|94/100 tox|[from] psn
|upkeep
|
|t:|1758946357
|switch|p2a: Pelipper|Pelipper, F|100/100
|-weather|RainDance|[from] ability: Drizzle|[of] p2a: Pelipper
|turn|2
|
|t:|1758946368
|switch|p1a: Hatterene|Hatterene, F|100/100
|move|p2a: Pelipper|U-turn|p1a: Hatterene
|-damage|p1a: Hatterene|93/100
|-enditem|p1a: Hatterene|Eject Button
|
|t:|1758946374
|switch|p1a: Walking Wake|Walking Wake|100/100
|
|-weather|RainDance|[upkeep]
|upkeep
|turn|3
|
|t:|1758946383
|switch|p2a: Iron Treads|Iron Treads|100/100
|move|p1a: Walking Wake|Hydro Steam|p2a: Iron Treads
|-supereffective|p2a: Iron Treads
|-damage|p2a: Iron Treads|0 fnt
|faint|p2a: Iron Treads
|-end|p2a: Iron Treads|Quark Drive|[silent]
|
|-weather|RainDance|[upkeep]
|upkeep
|
|t:|1758946387
|switch|p2a: Zapdos|Zapdos|100/100
|turn|4
|
|t:|1758946401
|move|p1a: Walking Wake|Hydro Steam|p2a: Zapdos
|-damage|p2a: Zapdos|24/100
|move|p2a: Zapdos|Thunder|p1a: Walking Wake
|-damage|p1a: Walking Wake|9/100
|
|-weather|RainDance|[upkeep]
|upkeep
|turn|5
|
|t:|1758946414
|move|p1a: Walking Wake|Hydro Steam|p2a: Zapdos
|-damage|p2a: Zapdos|0 fnt
|faint|p2a: Zapdos
|
|-weather|RainDance|[upkeep]
|upkeep
|
|t:|1758946416
|switch|p2a: Barraskewda|Barraskewda, F|100/100
|turn|6
|
|t:|1758946438
|-end|p1a: Walking Wake|Protosynthesis|[silent]
|switch|p1a: Great Tusk|Great Tusk|100/100
|move|p2a: Barraskewda|Flip Turn|p1a: Great Tusk
|-supereffective|p1a: Great Tusk
|-damage|p1a: Great Tusk|0 fnt
|-damage|p2a: Barraskewda|84/100|[from] item: Rocky Helmet|[of] p1a: Great Tusk
|faint|p1a: Great Tusk
|-end|p1a: Great Tusk|Protosynthesis|[silent]
|
|t:|1758946445
|switch|p2a: Hatterene|Hatterene, F|100/100|[from] Flip Turn
|
|-weather|RainDance|[upkeep]
|upkeep
|inactive|cccibo has 120 seconds left.
|
|t:|1758946470
|switch|p1a: Hatterene|Hatterene, F|93/100
|turn|7
|
|t:|1758946474
|move|p2a: Hatterene|Nuzzle|p1a: Hatterene
|-damage|p1a: Hatterene|89/100
|-status|p1a: Hatterene|par
|move|p1a: Hatterene|Nuzzle|p2a: Hatterene
|-damage|p2a: Hatterene|97/100
|-status|p2a: Hatterene|par
|-enditem|p2a: Hatterene|Eject Button
|
|t:|1758946476
|switch|p2a: Barraskewda|Barraskewda, F|84/100
|
|-weather|RainDance|[upkeep]
|upkeep
|turn|8
|
|t:|1758946481
|move|p2a: Barraskewda|Liquidation|p1a: Hatterene
|-damage|p1a: Hatterene|0 fnt
|faint|p1a: Hatterene
|
|-weather|RainDance|[upkeep]
|upkeep
|
|t:|1758946483
|switch|p1a: Torkoal|Torkoal, F|94/100 tox
|-weather|SunnyDay|[from] ability: Drought|[of] p1a: Torkoal
|turn|9
|
|t:|1758946497
|-terastallize|p2a: Barraskewda|Water
|move|p2a: Barraskewda|Liquidation|p1a: Torkoal
|-supereffective|p1a: Torkoal
|-damage|p1a: Torkoal|31/100 tox
|-unboost|p1a: Torkoal|def|1
|move|p1a: Torkoal|Overheat|p2a: Barraskewda
|-resisted|p2a: Barraskewda
|-damage|p2a: Barraskewda|16/100
|-unboost|p1a: Torkoal|spa|2
|
|-weather|SunnyDay|[upkeep]
|-damage|p1a: Torkoal|25/100 tox|[from] psn
|upkeep
|turn|10
|
|t:|1758946519
|switch|p1a: Zamazenta|Zamazenta|100/100
|-ability|p1a: Zamazenta|Dauntless Shield|boost
|-boost|p1a: Zamazenta|def|1
|move|p2a: Barraskewda|Liquidation|p1a: Zamazenta
|-damage|p1a: Zamazenta|72/100
|-unboost|p1a: Zamazenta|def|1
|
|-weather|SunnyDay|[upkeep]
|-heal|p1a: Zamazenta|78/100|[from] item: Leftovers
|upkeep
|turn|11
|
|t:|1758946529
|switch|p2a: Pelipper|Pelipper, F|100/100
|-weather|RainDance|[from] ability: Drizzle|[of] p2a: Pelipper
|move|p1a: Zamazenta|Crunch|p2a: Pelipper
|-damage|p2a: Pelipper|71/100
|
|-weather|RainDance|[upkeep]
|-heal|p1a: Zamazenta|84/100|[from] item: Leftovers
|upkeep
|turn|12
|
|t:|1758946552
|switch|p1a: Torkoal|Torkoal, F|25/100 tox
|-weather|SunnyDay|[from] ability: Drought|[of] p1a: Torkoal
|switch|p2a: Hatterene|Hatterene, F|97/100 par
|
|-weather|SunnyDay|[upkeep]
|-damage|p1a: Torkoal|19/100 tox|[from] psn
|upkeep
|turn|13
|
|t:|1758946559
|move|p1a: Torkoal|Overheat|p2a: Hatterene
|-damage|p2a: Hatterene|38/100 par
|-unboost|p1a: Torkoal|spa|2
|move|p2a: Hatterene|Draining Kiss|p1a: Torkoal
|-resisted|p1a: Torkoal
|-damage|p1a: Torkoal|9/100 tox
|-heal|p2a: Hatterene|47/100 par|[from] drain|[of] p1a: Torkoal
|
|-weather|SunnyDay|[upkeep]
|-damage|p1a: Torkoal|0 fnt|[from] psn
|faint|p1a: Torkoal
|upkeep
|
|t:|1758946569
|switch|p1a: Walking Wake|Walking Wake|9/100
|-activate|p1a: Walking Wake|ability: Protosynthesis
|-start|p1a: Walking Wake|protosynthesisspe
|turn|14
|
|t:|1758946575
|move|p1a: Walking Wake|Hydro Steam|p2a: Hatterene
|-crit|p2a: Hatterene
|-damage|p2a: Hatterene|0 fnt
|faint|p2a: Hatterene
|
|-weather|SunnyDay|[upkeep]
|upkeep
|
|t:|1758946578
|switch|p2a: Pelipper|Pelipper, F|71/100
|-weather|RainDance|[from] ability: Drizzle|[of] p2a: Pelipper
|-end|p1a: Walking Wake|Protosynthesis
|turn|15
|
|t:|1758946582
|move|p1a: Walking Wake|Hydro Steam|p2a: Pelipper
|-resisted|p2a: Pelipper
|-damage|p2a: Pelipper|37/100
|move|p2a: Pelipper|U-turn|p1a: Walking Wake
|-damage|p1a: Walking Wake|0 fnt
|faint|p1a: Walking Wake
|-end|p1a: Walking Wake|Protosynthesis|[silent]
|
|t:|1758946585
|switch|p2a: Barraskewda|Barraskewda, F, tera:Water|16/100|[from] U-turn
|
|-weather|RainDance|[upkeep]
|upkeep
|
|t:|1758946586
|switch|p1a: Zamazenta|Zamazenta|84/100
|turn|16
|
|t:|1758946598
|move|p2a: Barraskewda|Liquidation|p1a: Zamazenta
|-damage|p1a: Zamazenta|0 fnt
|faint|p1a: Zamazenta
|
|-weather|RainDance|[upkeep]
|upkeep
|
|t:|1758946600
|switch|p1a: Kingambit|Kingambit, M|100/100
|-activate|p1a: Kingambit|ability: Supreme Overlord
|-start|p1a: Kingambit|fallen5|[silent]
|turn|17
|
|t:|1758946603
|switch|p2a: Pelipper|Pelipper, F|37/100
|move|p1a: Kingambit|Sucker Punch||[still]
|-fail|p1a: Kingambit
|
|-weather|RainDance|[upkeep]
|upkeep
|turn|18
|
|t:|1758946616
|move|p1a: Kingambit|Kowtow Cleave|p2a: Pelipper
|-damage|p2a: Pelipper|0 fnt
|faint|p2a: Pelipper
|
|-weather|RainDance|[upkeep]
|upkeep
|
|t:|1758946623
|switch|p2a: Barraskewda|Barraskewda, F, tera:Water|16/100
|turn|19
|
|t:|1758946630
|move|p2a: Barraskewda|Aqua Jet|p1a: Kingambit
|-damage|p1a: Kingambit|38/100
|move|p1a: Kingambit|Sucker Punch||[still]
|-fail|p1a: Kingambit
|
|-weather|RainDance|[upkeep]
|upkeep
|turn|20
|c|☆showdup|Gg
|
|t:|1758946638
|move|p2a: Barraskewda|Aqua Jet|p1a: Kingambit
|-damage|p1a: Kingambit|0 fnt
|faint|p1a: Kingambit
|-end|p1a: Kingambit|fallen5|[silent]
|
|win|showdup
|raw|cccibo's rating: 1491 &rarr; <strong>1469</strong><br />(-22 for losing)
|raw|showdup's rating: 1450 &rarr; <strong>1472</strong><br />(+22 for winning)
|c|☆cccibo|ggs
|l|☆showdup
|player|p2|
|l|☆cccibo
|player|p1|
