|j|☆soulseerbutworse
|j|☆GetterAlice
|t:|1759077762
|gametype|singles
|player|p1|soulseerbutworse|102|1093
|player|p2|GetterAlice|102|1092
|gen|9
|tier|[Gen 9] OU
|rated|
|rule|HP Percentage Mod: HP is shown in percentages
|rule|Endless Battle Clause: Forcing endless battles is banned
|rule|Species Clause: Limit one of each Pokémon
|rule|OHKO Clause: OHKO moves are banned
|rule|Evasion Items Clause: Evasion items are banned
|rule|Evasion Moves Clause: Evasion moves are banned
|rule|Evasion Abilities Clause: Evasion abilities are banned
|rule|Sleep Moves Clause: Sleep-inducing moves are banned
|clearpoke
|poke|p1|Gholdengo|
|poke|p1|Gliscor, M|
|poke|p1|Araquanid, F|
|poke|p1|Kommo-o, M|
|poke|p1|Ogerpon-Wellspring, F|
|poke|p1|Raging Bolt|
|poke|p2|Araquanid, F|
|poke|p2|Samurott-Hisui, F|
|poke|p2|Great Tusk|
|poke|p2|Dragapult, F|
|poke|p2|Hatterene, F|
|poke|p2|Walking Wake|
|teampreview
|
|t:|1759077773
|teamsize|p1|6
|teamsize|p2|6
|start
|switch|p1a: Araquanid|Araquanid, F, shiny|100/100
|switch|p2a: Araquanid|Araquanid, F|100/100
|turn|1
|
|t:|1759077783
|move|p1a: Araquanid|Sticky Web|p2a: Araquanid
|-sidestart|p2: GetterAlice|move: Sticky Web
|move|p2a: Araquanid|Substitute|p2a: Araquanid
|-start|p2a: Araquanid|Substitute
|-damage|p2a: Araquanid|76/100
|
|-heal|p2a: Araquanid|82/100|[from] item: Leftovers
|upkeep
|turn|2
|
|t:|1759077791
|move|p1a: Araquanid|Liquidation|p2a: Araquanid
|-resisted|p2a: Araquanid
|-crit|p2a: Araquanid
|-end|p2a: Araquanid|Substitute
|move|p2a: Araquanid|Sticky Web|p1a: Araquanid
|-sidestart|p1: soulseerbutworse|move: Sticky Web
|
|-heal|p2a: Araquanid|88/100|[from] item: Leftovers
|upkeep
|turn|3
|
|t:|1759077801
|switch|p2a: the first|Samurott-Hisui, F|100/100
|-activate|p2a: the first|move: Sticky Web
|-unboost|p2a: the first|spe|1
|move|p1a: Araquanid|Liquidation|p2a: the first
|-resisted|p2a: the first
|-damage|p2a: the first|72/100
|
|upkeep
|turn|4
|
|t:|1759077809
|move|p2a: the first|Ceaseless Edge|p1a: Araquanid
|-damage|p1a: Araquanid|50/100
|-sidestart|p1: soulseerbutworse|Spikes
|move|p1a: Araquanid|Liquidation|p2a: the first
|-resisted|p2a: the first
|-damage|p2a: the first|42/100
|
|upkeep
|turn|5
|
|t:|1759077818
|move|p2a: the first|Ceaseless Edge|p1a: Araquanid
|-damage|p1a: Araquanid|1/100
|-sidestart|p1: soulseerbutworse|Spikes
|move|p1a: Araquanid|Endeavor|p2a: the first
|-damage|p2a: the first|1/100
|
|upkeep
|turn|6
|-enditem|p1a: Araquanid|Custap Berry|[eat]
|-activate|p1a: Araquanid|item: Custap Berry|[consumed]
|
|t:|1759077832
|switch|p2a: Dragapult|Dragapult, F|100/100
|-activate|p2a: Dragapult|move: Sticky Web
|-fail|p2a: Dragapult|unboost|[from] ability: Clear Body|[of] p2a: Dragapult
|move|p1a: Araquanid|Liquidation|p2a: Dragapult
|-resisted|p2a: Dragapult
|-damage|p2a: Dragapult|66/100
|
|upkeep
|turn|7
|
|t:|1759077841
|move|p2a: Dragapult|U-turn|p1a: Araquanid
|-damage|p1a: Araquanid|0 fnt
|faint|p1a: Araquanid
|-damage|p2a: Dragapult|56/100|[from] item: Life Orb
|
|t:|1759077845
|switch|p2a: Great Tusk|Great Tusk|100/100|[from] U-turn
|
|upkeep
|
|t:|1759077856
|switch|p1a: Ogerpon|Ogerpon-Wellspring, F|100/100
|-activate|p1a: Ogerpon|move: Sticky Web
|-unboost|p1a: Ogerpon|spe|1
|-damage|p1a: Ogerpon|84/100|[from] Spikes
|turn|8
|
|t:|1759077863
|-end|p2a: Great Tusk|Protosynthesis|[silent]
|switch|p2a: Araquanid|Araquanid, F|88/100
|-activate|p2a: Araquanid|move: Sticky Web
|-unboost|p2a: Araquanid|spe|1
|move|p1a: Ogerpon|Power Whip|p2a: Araquanid|[miss]
|-miss|p1a: Ogerpon|p2a: Araquanid
|
|-heal|p2a: Araquanid|94/100|[from] item: Leftovers
|upkeep
|turn|9
|
|t:|1759077885
|move|p1a: Ogerpon|Power Whip|p2a: Araquanid
|-damage|p2a: Araquanid|12/100
|move|p2a: Araquanid|Bug Buzz|p1a: Ogerpon
|-supereffective|p1a: Ogerpon
|-damage|p1a: Ogerpon|14/100
|
|-heal|p2a: Araquanid|18/100|[from] item: Leftovers
|upkeep
|turn|10
|
|t:|1759077898
|switch|p2a: Dragapult|Dragapult, F|56/100
|-activate|p2a: Dragapult|move: Sticky Web
|-fail|p2a: Dragapult|unboost|[from] ability: Clear Body|[of] p2a: Dragapult
|move|p1a: Ogerpon|Power Whip|p2a: Dragapult
|-resisted|p2a: Dragapult
|-damage|p2a: Dragapult|11/100
|
|upkeep
|turn|11
|
|t:|1759077906
|move|p2a: Dragapult|Shadow Ball|p1a: Ogerpon
|-damage|p1a: Ogerpon|0 fnt
|faint|p1a: Ogerpon
|-damage|p2a: Dragapult|1/100|[from] item: Life Orb
|
|upkeep
|
|t:|1759077910
|switch|p1a: Raging Bolt|Raging Bolt|100/100
|-activate|p1a: Raging Bolt|move: Sticky Web
|-unboost|p1a: Raging Bolt|spe|1
|-damage|p1a: Raging Bolt|84/100|[from] Spikes
|-enditem|p1a: Raging Bolt|Booster Energy
|-activate|p1a: Raging Bolt|ability: Protosynthesis|[fromitem]
|-start|p1a: Raging Bolt|protosynthesisspa
|turn|12
|
|t:|1759077919
|switch|p2a: Great Tusk|Great Tusk|100/100
|move|p1a: Raging Bolt|Thunderclap||[still]
|-fail|p1a: Raging Bolt
|
|upkeep
|turn|13
|
|t:|1759077925
|-end|p1a: Raging Bolt|Protosynthesis|[silent]
|switch|p1a: Gliscor|Gliscor, M, shiny|100/100
|move|p2a: Great Tusk|Rapid Spin|p1a: Gliscor
|-damage|p1a: Gliscor|88/100
|-boost|p2a: Great Tusk|spe|1
|-sideend|p2: GetterAlice|Sticky Web|[from] move: Rapid Spin|[of] p2a: Great Tusk
|
|-status|p1a: Gliscor|tox|[from] item: Toxic Orb
|upkeep
|turn|14
|
|t:|1759077934
|move|p2a: Great Tusk|Knock Off|p1a: Gliscor
|-damage|p1a: Gliscor|67/100 tox
|-enditem|p1a: Gliscor|Toxic Orb|[from] move: Knock Off|[of] p2a: Great Tusk
|move|p1a: Gliscor|Facade|p2a: Great Tusk
|-damage|p2a: Great Tusk|79/100
|
|-heal|p1a: Gliscor|80/100 tox|[from] ability: Poison Heal
|upkeep
|turn|15
|
|t:|1759077950
|-end|p2a: Great Tusk|Protosynthesis|[silent]
|switch|p2a: the woke mob|Walking Wake|100/100
|-enditem|p2a: the woke mob|Booster Energy
|-activate|p2a: the woke mob|ability: Protosynthesis|[fromitem]
|-start|p2a: the woke mob|protosynthesisspe
|move|p1a: Gliscor|Earthquake|p2a: the woke mob
|-damage|p2a: the woke mob|65/100
|
|-heal|p1a: Gliscor|92/100 tox|[from] ability: Poison Heal
|upkeep
|turn|16
|
|t:|1759077960
|switch|p1a: Kommo-o|Kommo-o, M|100/100
|-activate|p1a: Kommo-o|move: Sticky Web
|-unboost|p1a: Kommo-o|spe|1
|-damage|p1a: Kommo-o|84/100|[from] Spikes
|move|p2a: the woke mob|Scald|p1a: Kommo-o
|-resisted|p1a: Kommo-o
|-damage|p1a: Kommo-o|61/100
|
|upkeep
|turn|17
|
|t:|1759077971
|move|p1a: Kommo-o|Clangorous Soul|p1a: Kommo-o
|-boost|p1a: Kommo-o|atk|1
|-boost|p1a: Kommo-o|def|1
|-boost|p1a: Kommo-o|spa|1
|-boost|p1a: Kommo-o|spd|1
|-boost|p1a: Kommo-o|spe|1
|-damage|p1a: Kommo-o|28/100
|-enditem|p1a: Kommo-o|Throat Spray
|-boost|p1a: Kommo-o|spa|1|[from] item: Throat Spray
|move|p2a: the woke mob|Roar|p1a: Kommo-o
|drag|p1a: Gholdengo|Gholdengo|100/100
|-activate|p1a: Gholdengo|move: Sticky Web
|-unboost|p1a: Gholdengo|spe|1
|-damage|p1a: Gholdengo|84/100|[from] Spikes
|
|upkeep
|turn|18
|-message|soulseerbutworse forfeited.
|
|win|GetterAlice
|raw|soulseerbutworse's rating: 1093 &rarr; <strong>1069</strong><br />(-24 for losing)
|raw|GetterAlice's rating: 1092 &rarr; <strong>1118</strong><br />(+26 for winning)
|l|☆soulseerbutworse
|player|p1|
