|j|☆werearewe
|j|☆Huboy
|t:|1758999887
|gametype|singles
|player|p1|werearewe|2|1445
|player|p2|Huboy|2|1493
|gen|9
|tier|[Gen 9] OU
|rated|
|rule|HP Percentage Mod: HP is shown in percentages
|rule|Endless Battle Clause: Forcing endless battles is banned
|rule|Species Clause: Limit one of each Pokémon
|rule|OHKO Clause: OHKO moves are banned
|rule|Evasion Items Clause: Evasion items are banned
|rule|Evasion Moves Clause: Evasion moves are banned
|rule|Evasion Abilities Clause: Evasion abilities are banned
|rule|Sleep Moves Clause: Sleep-inducing moves are banned
|clearpoke
|poke|p1|Ribombee, F|
|poke|p1|Cinderace, M|
|poke|p1|Ogerpon, F|
|poke|p1|Milotic, F|
|poke|p1|Kingambit, F|
|poke|p1|Serperior, M|
|poke|p2|Dondozo, M|
|poke|p2|Milotic, F|
|poke|p2|Toxicroak, F|
|poke|p2|Ribombee, M|
|poke|p2|Kleavor, F|
|poke|p2|Cinccino, F|
|teampreview
|inactive|Battle timer is ON: inactive players will automatically lose when time's up. (requested by Huboy)
|
|t:|1758999904
|teamsize|p1|6
|teamsize|p2|6
|start
|switch|p1a: Ribombee|Ribombee, F|100/100
|switch|p2a: Kleavor|Kleavor, F|100/100
|turn|1
|
|t:|1758999926
|move|p2a: Kleavor|Stone Axe|p1a: Ribombee
|-supereffective|p1a: Ribombee
|-crit|p1a: Ribombee
|-enditem|p1a: Ribombee|Focus Sash
|-damage|p1a: Ribombee|1/100
|-sidestart|p1: werearewe|move: Stealth Rock
|move|p1a: Ribombee|Stun Spore|p2a: Kleavor
|-status|p2a: Kleavor|par
|
|upkeep
|turn|2
|
|t:|1758999946
|move|p1a: Ribombee|Sticky Web|p2a: Kleavor
|-sidestart|p2: Huboy|move: Sticky Web
|move|p2a: Kleavor|Stone Axe|p1a: Ribombee
|-supereffective|p1a: Ribombee
|-damage|p1a: Ribombee|0 fnt
|faint|p1a: Ribombee
|
|upkeep
|
|t:|1758999966
|switch|p1a: Cinderace|Cinderace, M|100/100
|turn|3
|
|t:|1758999970
|move|p1a: Cinderace|Court Change|p1a: Cinderace
|-swapsideconditions
|-activate|p1a: Cinderace|move: Court Change
|move|p2a: Kleavor|Stone Axe|p1a: Cinderace
|-supereffective|p1a: Cinderace
|-damage|p1a: Cinderace|0 fnt
|-sidestart|p1: werearewe|move: Stealth Rock
|faint|p1a: Cinderace
|
|upkeep
|
|t:|1758999976
|switch|p1a: Kingambit|Kingambit, F|100/100
|-activate|p1a: Kingambit|move: Sticky Web
|-unboost|p1a: Kingambit|spe|1
|-ability|p1a: Kingambit|Defiant|boost
|-boost|p1a: Kingambit|atk|2
|-damage|p1a: Kingambit|94/100|[from] Stealth Rock
|turn|4
|
|t:|1758999986
|move|p2a: Kleavor|Stone Axe|p1a: Kingambit
|-resisted|p1a: Kingambit
|-damage|p1a: Kingambit|77/100
|move|p1a: Kingambit|Kowtow Cleave|p2a: Kleavor
|-damage|p2a: Kleavor|0 fnt
|faint|p2a: Kleavor
|
|upkeep
|
|t:|1758999998
|switch|p2a: Cinccino|Cinccino, F|100/100
|-damage|p2a: Cinccino|88/100|[from] Stealth Rock
|turn|5
|
|t:|1759000001
|move|p1a: Kingambit|Sucker Punch||[still]
|-fail|p1a: Kingambit
|move|p2a: Cinccino|Tidy Up|p2a: Cinccino
|-sideend|p2: Huboy|Stealth Rock
|-sideend|p1: werearewe|Stealth Rock
|-sideend|p1: werearewe|Sticky Web
|-activate|p2a: Cinccino|move: Tidy Up
|-boost|p2a: Cinccino|atk|1
|-boost|p2a: Cinccino|spe|1
|
|upkeep
|turn|6
|
|t:|1759000014
|switch|p2a: Dondozo|Dondozo, M|100/100
|move|p1a: Kingambit|Sucker Punch||[still]
|-fail|p1a: Kingambit
|
|upkeep
|turn|7
|-message|werearewe forfeited.
|
|win|Huboy
|raw|werearewe's rating: 1468 &rarr; <strong>1449</strong><br />(-19 for losing)
|raw|Huboy's rating: 1493 &rarr; <strong>1512</strong><br />(+19 for winning)
|l|☆werearewe
|player|p1|
