|j|☆golisopod enjoyer
|j|☆Huboy
|t:|1758937639
|gametype|singles
|player|p1|golisopod enjoyer|170|1628
|player|p2|Huboy|1|1566
|gen|9
|tier|[Gen 9] OU
|rated|
|rule|HP Percentage Mod: HP is shown in percentages
|rule|Endless Battle Clause: Forcing endless battles is banned
|rule|Species Clause: Limit one of each Pokémon
|rule|OHKO Clause: OHKO moves are banned
|rule|Evasion Items Clause: Evasion items are banned
|rule|Evasion Moves Clause: Evasion moves are banned
|rule|Evasion Abilities Clause: Evasion abilities are banned
|rule|Sleep Moves Clause: Sleep-inducing moves are banned
|clearpoke
|poke|p1|Ting-Lu|
|poke|p1|Tornadus-Therian, M|
|poke|p1|Sinistcha|
|poke|p1|Iron Crown|
|poke|p1|Cinderace, M|
|poke|p1|Clefable, M|
|poke|p2|Great Tusk|
|poke|p2|Dondozo, M|
|poke|p2|Milotic, F|
|poke|p2|Toxicroak, F|
|poke|p2|Ribombee, M|
|poke|p2|Kleavor, M|
|teampreview
|inactive|Battle timer is ON: inactive players will automatically lose when time's up. (requested by Huboy)
|
|t:|1758937659
|teamsize|p1|6
|teamsize|p2|6
|start
|switch|p1a: Tornadus|Tornadus-Therian, M|100/100
|switch|p2a: Kleavor|Kleavor, M|100/100
|turn|1
|
|t:|1758937666
|switch|p1a: Sinistcha|Sinistcha|100/100
|move|p2a: Kleavor|Stone Axe|p1a: Sinistcha|[miss]
|-miss|p2a: Kleavor|p1a: Sinistcha
|
|upkeep
|turn|2
|
|t:|1758937674
|switch|p2a: Toxicroak|Toxicroak, F|100/100
|move|p1a: Sinistcha|Matcha Gotcha|p2a: Toxicroak|[miss]
|-miss|p1a: Sinistcha|p2a: Toxicroak
|
|upkeep
|turn|3
|
|t:|1758937684
|move|p2a: Toxicroak|Knock Off|p1a: Sinistcha
|-supereffective|p1a: Sinistcha
|-damage|p1a: Sinistcha|62/100
|-enditem|p1a: Sinistcha|Heavy-Duty Boots|[from] move: Knock Off|[of] p2a: Toxicroak
|move|p1a: Sinistcha|Strength Sap|p2a: Toxicroak
|-unboost|p2a: Toxicroak|atk|1
|-heal|p1a: Sinistcha|100/100
|
|upkeep
|turn|4
|
|t:|1758937688
|move|p2a: Toxicroak|Poison Jab|p1a: Sinistcha
|-damage|p1a: Sinistcha|85/100
|move|p1a: Sinistcha|Shadow Ball|p2a: Toxicroak
|-damage|p2a: Toxicroak|51/100
|
|-heal|p2a: Toxicroak|57/100|[from] item: Leftovers
|upkeep
|turn|5
|
|t:|1758937696
|move|p2a: Toxicroak|Poison Jab|p1a: Sinistcha
|-damage|p1a: Sinistcha|69/100
|move|p1a: Sinistcha|Shadow Ball|p2a: Toxicroak
|-damage|p2a: Toxicroak|10/100
|
|-heal|p2a: Toxicroak|16/100|[from] item: Leftovers
|upkeep
|turn|6
|
|t:|1758937704
|switch|p2a: Milotic|Milotic, F|100/100
|switch|p1a: Tornadus|Tornadus-Therian, M|100/100
|
|upkeep
|turn|7
|
|t:|1758937707
|move|p1a: Tornadus|Knock Off|p2a: Milotic
|-damage|p2a: Milotic|75/100
|-enditem|p2a: Milotic|Covert Cloak|[from] move: Knock Off|[of] p1a: Tornadus
|move|p2a: Milotic|Scald|p1a: Tornadus
|-damage|p1a: Tornadus|70/100
|-status|p1a: Tornadus|brn
|
|-damage|p1a: Tornadus|64/100 brn|[from] brn
|upkeep
|turn|8
|
|t:|1758937711
|move|p1a: Tornadus|U-turn|p2a: Milotic
|-damage|p2a: Milotic|65/100
|
|t:|1758937715
|switch|p1a: Sinistcha|Sinistcha|69/100|[from] U-turn
|move|p2a: Milotic|Scald|p1a: Sinistcha
|-resisted|p1a: Sinistcha
|-damage|p1a: Sinistcha|45/100
|-status|p1a: Sinistcha|brn
|
|-damage|p1a: Sinistcha|42/100 brn|[from] brn
|upkeep
|turn|9
|
|t:|1758937720
|move|p2a: Milotic|Scald|p1a: Sinistcha
|-resisted|p1a: Sinistcha
|-damage|p1a: Sinistcha|19/100 brn
|move|p1a: Sinistcha|Strength Sap|p2a: Milotic
|-unboost|p2a: Milotic|atk|1
|-ability|p2a: Milotic|Competitive|boost
|-boost|p2a: Milotic|spa|2
|-heal|p1a: Sinistcha|51/100 brn
|
|-damage|p1a: Sinistcha|48/100 brn|[from] brn
|upkeep
|turn|10
|
|t:|1758937724
|move|p2a: Milotic|Alluring Voice|p1a: Sinistcha
|-crit|p1a: Sinistcha
|-damage|p1a: Sinistcha|0 fnt
|faint|p1a: Sinistcha
|
|upkeep
|
|t:|1758937728
|switch|p1a: Iron Crown|Iron Crown|100/100
|-enditem|p1a: Iron Crown|Booster Energy
|-activate|p1a: Iron Crown|ability: Quark Drive|[fromitem]
|-start|p1a: Iron Crown|quarkdrivespe
|turn|11
|
|t:|1758937732
|move|p1a: Iron Crown|Calm Mind|p1a: Iron Crown
|-boost|p1a: Iron Crown|spa|1
|-boost|p1a: Iron Crown|spd|1
|move|p2a: Milotic|Recover|p2a: Milotic
|-heal|p2a: Milotic|100/100
|
|upkeep
|turn|12
|
|t:|1758937735
|move|p1a: Iron Crown|Psychic Noise|p2a: Milotic
|-damage|p2a: Milotic|60/100
|-start|p2a: Milotic|move: Heal Block
|move|p2a: Milotic|Haze|p2a: Milotic
|-clearallboost
|
|upkeep
|turn|13
|
|t:|1758937743
|move|p1a: Iron Crown|Psychic Noise|p2a: Milotic
|-damage|p2a: Milotic|32/100
|move|p2a: Milotic|Alluring Voice|p1a: Iron Crown
|-resisted|p1a: Iron Crown
|-damage|p1a: Iron Crown|90/100
|
|-end|p2a: Milotic|move: Heal Block
|upkeep
|turn|14
|
|t:|1758937755
|switch|p2a: Kleavor|Kleavor, M|100/100
|move|p1a: Iron Crown|Calm Mind|p1a: Iron Crown
|-boost|p1a: Iron Crown|spa|1
|-boost|p1a: Iron Crown|spd|1
|
|upkeep
|turn|15
|
|t:|1758937761
|switch|p2a: Toxicroak|Toxicroak, F|16/100
|move|p1a: Iron Crown|Tachyon Cutter|p2a: Toxicroak
|-damage|p2a: Toxicroak|0 fnt
|faint|p2a: Toxicroak
|-hitcount|p2: Toxicroak|1
|
|upkeep
|
|t:|1758937764
|switch|p2a: Great Tusk|Great Tusk|100/100
|turn|16
|
|t:|1758937767
|-terastallize|p2a: Great Tusk|Fire
|move|p1a: Iron Crown|Focus Blast|p2a: Great Tusk
|-damage|p2a: Great Tusk|51/100
|move|p2a: Great Tusk|Earthquake|p1a: Iron Crown
|-supereffective|p1a: Iron Crown
|-damage|p1a: Iron Crown|0 fnt
|faint|p1a: Iron Crown
|-end|p1a: Iron Crown|Quark Drive|[silent]
|
|upkeep
|
|t:|1758937778
|switch|p1a: Tornadus|Tornadus-Therian, M|97/100 brn
|turn|17
|
|t:|1758937780
|move|p1a: Tornadus|Bleakwind Storm|p2a: Great Tusk
|-damage|p2a: Great Tusk|9/100
|move|p2a: Great Tusk|Ice Spinner|p1a: Tornadus
|-supereffective|p1a: Tornadus
|-damage|p1a: Tornadus|34/100 brn
|
|-damage|p1a: Tornadus|28/100 brn|[from] brn
|upkeep
|turn|18
|
|t:|1758937787
|move|p1a: Tornadus|Bleakwind Storm|p2a: Great Tusk|[miss]
|-miss|p1a: Tornadus|p2a: Great Tusk
|move|p2a: Great Tusk|Ice Spinner|p1a: Tornadus
|-supereffective|p1a: Tornadus
|-damage|p1a: Tornadus|0 fnt
|faint|p1a: Tornadus
|
|upkeep
|
|t:|1758937790
|switch|p1a: Cinderace|Cinderace, M|100/100
|turn|19
|
|t:|1758937799
|move|p1a: Cinderace|Pyro Ball|p2a: Great Tusk
|-resisted|p2a: Great Tusk
|-crit|p2a: Great Tusk
|-damage|p2a: Great Tusk|0 fnt
|faint|p2a: Great Tusk
|-end|p2a: Great Tusk|Protosynthesis|[silent]
|
|upkeep
|
|t:|1758937801
|switch|p2a: Kleavor|Kleavor, M|100/100
|turn|20
|
|t:|1758937805
|switch|p1a: Ting-Lu|Ting-Lu|100/100
|-ability|p1a: Ting-Lu|Vessel of Ruin
|move|p2a: Kleavor|Stone Axe|p1a: Ting-Lu
|-resisted|p1a: Ting-Lu
|-damage|p1a: Ting-Lu|86/100
|-sidestart|p1: golisopod enjoyer|move: Stealth Rock
|
|upkeep
|turn|21
|
|t:|1758937820
|switch|p2a: Dondozo|Dondozo, M|100/100
|move|p1a: Ting-Lu|Ruination|p2a: Dondozo|[miss]
|-miss|p1a: Ting-Lu|p2a: Dondozo
|
|upkeep
|turn|22
|
|t:|1758937824
|move|p1a: Ting-Lu|Ruination|p2a: Dondozo
|-damage|p2a: Dondozo|51/100
|move|p2a: Dondozo|Liquidation|p1a: Ting-Lu
|-supereffective|p1a: Ting-Lu
|-damage|p1a: Ting-Lu|48/100
|-unboost|p1a: Ting-Lu|def|1
|
|-heal|p2a: Dondozo|57/100|[from] item: Leftovers
|upkeep
|turn|23
|
|t:|1758937832
|switch|p1a: Clefable|Clefable, M|100/100
|move|p2a: Dondozo|Liquidation|p1a: Clefable
|-damage|p1a: Clefable|67/100
|
|-heal|p2a: Dondozo|63/100|[from] item: Leftovers
|upkeep
|turn|24
|
|t:|1758937836
|switch|p2a: Milotic|Milotic, F|32/100
|move|p1a: Clefable|Moonblast|p2a: Milotic
|-damage|p2a: Milotic|1/100
|
|upkeep
|turn|25
|
|t:|1758937839
|move|p2a: Milotic|Recover|p2a: Milotic
|-heal|p2a: Milotic|51/100
|move|p1a: Clefable|Moonblast|p2a: Milotic
|-damage|p2a: Milotic|18/100
|
|upkeep
|turn|26
|
|t:|1758937843
|move|p2a: Milotic|Recover|p2a: Milotic
|-heal|p2a: Milotic|68/100
|move|p1a: Clefable|Moonblast|p2a: Milotic
|-damage|p2a: Milotic|37/100
|
|upkeep
|turn|27
|
|t:|1758937846
|move|p2a: Milotic|Recover|p2a: Milotic
|-heal|p2a: Milotic|87/100
|move|p1a: Clefable|Moonblast|p2a: Milotic
|-damage|p2a: Milotic|59/100
|-unboost|p2a: Milotic|spa|1
|-ability|p2a: Milotic|Competitive|boost
|-boost|p2a: Milotic|spa|2
|
|upkeep
|turn|28
|
|t:|1758937850
|move|p2a: Milotic|Scald|p1a: Clefable
|-damage|p1a: Clefable|8/100
|move|p1a: Clefable|Moonblast|p2a: Milotic
|-damage|p2a: Milotic|26/100
|-unboost|p2a: Milotic|spa|1
|-ability|p2a: Milotic|Competitive|boost
|-boost|p2a: Milotic|spa|2
|
|upkeep
|turn|29
|
|t:|1758937854
|move|p2a: Milotic|Scald|p1a: Clefable
|-crit|p1a: Clefable
|-damage|p1a: Clefable|0 fnt
|faint|p1a: Clefable
|
|upkeep
|
|t:|1758937855
|switch|p1a: Cinderace|Cinderace, M|100/100
|turn|30
|
|t:|1758937858
|-terastallize|p1a: Cinderace|Fire
|move|p1a: Cinderace|Pyro Ball|p2a: Milotic
|-resisted|p2a: Milotic
|-damage|p2a: Milotic|0 fnt
|faint|p2a: Milotic
|
|upkeep
|
|t:|1758937862
|switch|p2a: Kleavor|Kleavor, M|100/100
|turn|31
|
|t:|1758937867
|switch|p1a: Ting-Lu|Ting-Lu|48/100
|-damage|p1a: Ting-Lu|42/100|[from] Stealth Rock
|-ability|p1a: Ting-Lu|Vessel of Ruin
|move|p2a: Kleavor|U-turn|p1a: Ting-Lu
|-supereffective|p1a: Ting-Lu
|-damage|p1a: Ting-Lu|0 fnt
|faint|p1a: Ting-Lu
|
|t:|1758937874
|switch|p2a: Ribombee|Ribombee, M|100/100|[from] U-turn
|
|upkeep
|
|t:|1758937875
|switch|p1a: Cinderace|Cinderace, M, tera:Fire|100/100
|turn|32
|
|t:|1758937883
|move|p2a: Ribombee|Switcheroo|p1a: Cinderace
|-activate|p2a: Ribombee|move: Trick|[of] p1a: Cinderace
|-item|p1a: Cinderace|Choice Scarf|[from] move: Switcheroo
|-item|p2a: Ribombee|Heavy-Duty Boots|[from] move: Switcheroo
|move|p1a: Cinderace|Court Change|p1a: Cinderace
|-swapsideconditions
|-activate|p1a: Cinderace|move: Court Change
|
|upkeep
|turn|33
|-message|golisopod enjoyer forfeited.
|
|win|Huboy
|raw|golisopod enjoyer's rating: 1628 &rarr; <strong>1604</strong><br />(-24 for losing)
|raw|Huboy's rating: 1566 &rarr; <strong>1590</strong><br />(+24 for winning)
|l|☆golisopod enjoyer
|player|p1|
