|j|☆dxBasti
|j|‽fukonhacousin
|t:|1759076684
|gametype|singles
|player|p1|dxBasti|harlequin|1373
|player|p2|fukonhacousin|265|1342
|gen|9
|tier|[Gen 9] OU
|rated|
|rule|HP Percentage Mod: HP is shown in percentages
|rule|Endless Battle Clause: Forcing endless battles is banned
|rule|Species Clause: Limit one of each Pokémon
|rule|OHKO Clause: OHKO moves are banned
|rule|Evasion Items Clause: Evasion items are banned
|rule|Evasion Moves Clause: Evasion moves are banned
|rule|Evasion Abilities Clause: Evasion abilities are banned
|rule|Sleep Moves Clause: Sleep-inducing moves are banned
|clearpoke
|poke|p1|Murkrow, F|
|poke|p1|Great Tusk|
|poke|p1|Clefable, F|
|poke|p1|Meowscarada, F|
|poke|p1|Toxapex, F|
|poke|p1|Kingambit, F|
|poke|p2|Slowking-Galar, M|
|poke|p2|Tornadus-Therian, M|
|poke|p2|Landorus-Therian, M|
|poke|p2|Dragonite, M|
|poke|p2|Glimmora, F|
|poke|p2|Kyurem|
|teampreview
|inactive|Battle timer is ON: inactive players will automatically lose when time's up. (requested by dxBasti)
|
|t:|1759076691
|teamsize|p1|6
|teamsize|p2|6
|start
|switch|p1a: Meowscarada|Meowscarada, F|100/100
|switch|p2a: Landorus|Landorus-Therian, M|100/100
|-ability|p2a: Landorus|Intimidate|boost
|-unboost|p1a: Meowscarada|atk|1
|turn|1
|
|t:|1759076701
|move|p1a: Meowscarada|U-turn|p2a: Landorus
|-start|p1a: Meowscarada|typechange|Bug|[from] ability: Protean
|-resisted|p2a: Landorus
|-damage|p2a: Landorus|83/100
|-damage|p1a: Meowscarada|84/100|[from] item: Rocky Helmet|[of] p2a: Landorus
|
|t:|1759076712
|switch|p1a: Great Tusk|Great Tusk|100/100|[from] U-turn
|move|p2a: Landorus|U-turn|p1a: Great Tusk
|-resisted|p1a: Great Tusk
|-damage|p1a: Great Tusk|92/100
|
|t:|1759076730
|switch|p2a: Kyurem|Kyurem|100/100|[from] U-turn
|-ability|p2a: Kyurem|Pressure
|
|upkeep
|turn|2
|
|t:|1759076742
|-end|p1a: Great Tusk|Protosynthesis|[silent]
|switch|p1a: Clefable|Clefable, F|100/100
|move|p2a: Kyurem|Freeze-Dry|p1a: Clefable
|-damage|p1a: Clefable|75/100
|
|-heal|p1a: Clefable|81/100|[from] item: Leftovers
|upkeep
|turn|3
|
|t:|1759076749
|switch|p2a: Slowking|Slowking-Galar, M|100/100
|move|p1a: Clefable|Stealth Rock|p2a: Slowking
|-sidestart|p2: fukonhacousin|move: Stealth Rock
|
|-heal|p1a: Clefable|87/100|[from] item: Leftovers
|upkeep
|turn|4
|
|t:|1759076758
|move|p1a: Clefable|Thunder Wave|p2a: Slowking
|-status|p2a: Slowking|par
|-prepare|p2a: Slowking|Chilly Reception|[premajor]
|move|p2a: Slowking|Chilly Reception|p2a: Slowking
|-weather|Snowscape
|
|t:|1759076767
|switch|p2a: Glimmora|Glimmora, F|100/100|[from] Chilly Reception
|-damage|p2a: Glimmora|88/100|[from] Stealth Rock
|
|-weather|Snowscape|[upkeep]
|-heal|p1a: Clefable|93/100|[from] item: Leftovers
|upkeep
|turn|5
|
|t:|1759076773
|switch|p1a: Toxapex|Toxapex, F|100/100
|move|p2a: Glimmora|Mortal Spin|p1a: Toxapex
|-resisted|p1a: Toxapex
|-damage|p1a: Toxapex|99/100
|-sideend|p2: fukonhacousin|Stealth Rock|[from] move: Mortal Spin|[of] p2a: Glimmora
|
|-weather|Snowscape|[upkeep]
|upkeep
|turn|6
|
|t:|1759076777
|move|p2a: Glimmora|Stealth Rock|p1a: Toxapex
|-sidestart|p1: dxBasti|move: Stealth Rock
|move|p1a: Toxapex|Surf|p2a: Glimmora
|-supereffective|p2a: Glimmora
|-crit|p2a: Glimmora
|-damage|p2a: Glimmora|12/100
|
|-weather|Snowscape|[upkeep]
|upkeep
|turn|7
|
|t:|1759076782
|move|p2a: Glimmora|Earth Power|p1a: Toxapex
|-supereffective|p1a: Toxapex
|-damage|p1a: Toxapex|46/100
|move|p1a: Toxapex|Surf|p2a: Glimmora
|-supereffective|p2a: Glimmora
|-damage|p2a: Glimmora|0 fnt
|faint|p2a: Glimmora
|
|-weather|Snowscape|[upkeep]
|upkeep
|
|t:|1759076806
|switch|p2a: Kyurem|Kyurem|100/100
|-ability|p2a: Kyurem|Pressure
|turn|8
|
|t:|1759076818
|move|p2a: Kyurem|Blizzard|p1a: Toxapex
|-resisted|p1a: Toxapex
|-damage|p1a: Toxapex|25/100
|move|p1a: Toxapex|Toxic|p2a: Kyurem
|-status|p2a: Kyurem|tox
|
|-weather|none
|-damage|p2a: Kyurem|94/100 tox|[from] psn
|upkeep
|turn|9
|
|t:|1759076823
|switch|p1a: Clefable|Clefable, F|93/100
|move|p2a: Kyurem|Earth Power|p1a: Clefable
|-damage|p1a: Clefable|72/100
|
|-heal|p1a: Clefable|78/100|[from] item: Leftovers
|-damage|p2a: Kyurem|82/100 tox|[from] psn
|upkeep
|turn|10
|
|t:|1759076829
|switch|p2a: Slowking|Slowking-Galar, M|100/100 par
|move|p1a: Clefable|Stealth Rock|p2a: Slowking
|-sidestart|p2: fukonhacousin|move: Stealth Rock
|
|-heal|p1a: Clefable|84/100|[from] item: Leftovers
|upkeep
|turn|11
|
|t:|1759076835
|switch|p1a: Toxapex|Toxapex, F|58/100
|move|p2a: Slowking|Thunder Wave|p1a: Toxapex
|-status|p1a: Toxapex|par
|
|upkeep
|turn|12
|
|t:|1759076840
|move|p1a: Toxapex|Recover|p1a: Toxapex
|-heal|p1a: Toxapex|100/100 par
|move|p2a: Slowking|Future Sight|p1a: Toxapex
|-start|p2a: Slowking|move: Future Sight
|
|upkeep
|turn|13
|
|t:|1759076845
|move|p1a: Toxapex|Surf|p2a: Slowking
|-damage|p2a: Slowking|88/100 par
|-prepare|p2a: Slowking|Chilly Reception|[premajor]
|move|p2a: Slowking|Chilly Reception|p2a: Slowking
|-weather|Snowscape
|
|t:|1759076859
|switch|p2a: Tornadus|Tornadus-Therian, M|100/100|[from] Chilly Reception
|
|-weather|Snowscape|[upkeep]
|upkeep
|turn|14
|
|t:|1759076872
|move|p2a: Tornadus|Knock Off|p1a: Toxapex
|-damage|p1a: Toxapex|87/100 par
|-enditem|p1a: Toxapex|Heavy-Duty Boots|[from] move: Knock Off|[of] p2a: Tornadus
|move|p1a: Toxapex|Toxic|p2a: Tornadus
|-status|p2a: Tornadus|tox
|
|-weather|Snowscape|[upkeep]
|-end|p1a: Toxapex|move: Future Sight
|-supereffective|p1a: Toxapex
|-damage|p1a: Toxapex|22/100 par
|-damage|p2a: Tornadus|94/100 tox|[from] psn
|upkeep
|turn|15
|
|t:|1759076891
|switch|p1a: Clefable|Clefable, F|84/100
|move|p2a: Tornadus|Bleakwind Storm|p1a: Clefable
|-damage|p1a: Clefable|47/100
|
|-weather|Snowscape|[upkeep]
|-heal|p1a: Clefable|53/100|[from] item: Leftovers
|-damage|p2a: Tornadus|82/100 tox|[from] psn
|upkeep
|turn|16
|
|t:|1759076900
|move|p2a: Tornadus|Knock Off|p1a: Clefable
|-resisted|p1a: Clefable
|-damage|p1a: Clefable|42/100
|-enditem|p1a: Clefable|Leftovers|[from] move: Knock Off|[of] p2a: Tornadus
|move|p1a: Clefable|Moonlight|p1a: Clefable
|-heal|p1a: Clefable|67/100
|
|-weather|Snowscape|[upkeep]
|-damage|p2a: Tornadus|64/100 tox|[from] psn
|upkeep
|turn|17
|
|t:|1759076907
|move|p2a: Tornadus|U-turn|p1a: Clefable
|-resisted|p1a: Clefable
|-damage|p1a: Clefable|59/100
|
|t:|1759076910
|switch|p2a: Slowking|Slowking-Galar, M|100/100 par|[from] U-turn
|move|p1a: Clefable|Moonblast|p2a: Slowking
|-resisted|p2a: Slowking
|-damage|p2a: Slowking|92/100 par
|
|-weather|none
|upkeep
|turn|18
|
|t:|1759076918
|switch|p1a: Toxapex|Toxapex, F|55/100 par
|-damage|p1a: Toxapex|43/100 par|[from] Stealth Rock
|move|p2a: Slowking|Future Sight|p1a: Toxapex
|-start|p2a: Slowking|move: Future Sight
|
|upkeep
|turn|19
|
|t:|1759076928
|switch|p1a: Great Tusk|Great Tusk|92/100
|-prepare|p2a: Slowking|Chilly Reception|[premajor]
|move|p2a: Slowking|Chilly Reception|p2a: Slowking
|-weather|Snowscape
|
|t:|1759076944
|switch|p2a: Kyurem|Kyurem|82/100 tox|[from] Chilly Reception
|-ability|p2a: Kyurem|Pressure
|
|-weather|Snowscape|[upkeep]
|-damage|p2a: Kyurem|76/100 tox|[from] psn
|upkeep
|turn|20
|
|t:|1759076950
|-terastallize|p1a: Great Tusk|Steel
|move|p2a: Kyurem|Blizzard|p1a: Great Tusk
|-resisted|p1a: Great Tusk
|-damage|p1a: Great Tusk|47/100
|move|p1a: Great Tusk|Knock Off|p2a: Kyurem
|-damage|p2a: Kyurem|53/100 tox
|-enditem|p2a: Kyurem|Heavy-Duty Boots|[from] move: Knock Off|[of] p1a: Great Tusk
|
|-weather|Snowscape|[upkeep]
|-end|p1a: Great Tusk|move: Future Sight
|-resisted|p1a: Great Tusk
|-damage|p1a: Great Tusk|10/100
|-damage|p2a: Kyurem|41/100 tox|[from] psn
|upkeep
|turn|21
|
|t:|1759076966
|move|p2a: Kyurem|Blizzard|p1a: Great Tusk
|-resisted|p1a: Great Tusk
|-damage|p1a: Great Tusk|0 fnt
|faint|p1a: Great Tusk
|-end|p1a: Great Tusk|Protosynthesis|[silent]
|
|-weather|Snowscape|[upkeep]
|-damage|p2a: Kyurem|22/100 tox|[from] psn
|upkeep
|
|t:|1759076969
|switch|p1a: Meowscarada|Meowscarada, F|84/100
|-damage|p1a: Meowscarada|72/100|[from] Stealth Rock
|turn|22
|
|t:|1759076982
|move|p1a: Meowscarada|Triple Axel|p2a: Kyurem
|-start|p1a: Meowscarada|typechange|Ice|[from] ability: Protean
|-damage|p2a: Kyurem|14/100 tox
|-damage|p2a: Kyurem|0 fnt
|faint|p2a: Kyurem
|-hitcount|p2: Kyurem|2
|
|-weather|Snowscape|[upkeep]
|upkeep
|
|t:|1759077000
|switch|p2a: Dragonite|Dragonite, M|100/100
|turn|23
|
|t:|1759077004
|-terastallize|p2a: Dragonite|Normal
|move|p1a: Meowscarada|Triple Axel|p2a: Dragonite|[miss]
|-miss|p1a: Meowscarada|p2a: Dragonite
|move|p2a: Dragonite|Dragon Dance|p2a: Dragonite
|-boost|p2a: Dragonite|atk|1
|-boost|p2a: Dragonite|spe|1
|
|-weather|none
|upkeep
|turn|24
|
|t:|1759077013
|switch|p1a: Clefable|Clefable, F|59/100
|move|p2a: Dragonite|Dragon Dance|p2a: Dragonite
|-boost|p2a: Dragonite|atk|1
|-boost|p2a: Dragonite|spe|1
|
|upkeep
|turn|25
|
|t:|1759077023
|move|p2a: Dragonite|Earthquake|p1a: Clefable
|-damage|p1a: Clefable|0 fnt
|faint|p1a: Clefable
|
|upkeep
|
|t:|1759077037
|switch|p1a: Kingambit|Kingambit, F|100/100
|-damage|p1a: Kingambit|94/100|[from] Stealth Rock
|-activate|p1a: Kingambit|ability: Supreme Overlord
|-start|p1a: Kingambit|fallen2|[silent]
|turn|26
|
|t:|1759077043
|move|p2a: Dragonite|Earthquake|p1a: Kingambit
|-supereffective|p1a: Kingambit
|-damage|p1a: Kingambit|0 fnt
|faint|p1a: Kingambit
|-end|p1a: Kingambit|fallen2|[silent]
|
|upkeep
|
|t:|1759077046
|switch|p1a: Toxapex|Toxapex, F|76/100 par
|-damage|p1a: Toxapex|64/100 par|[from] Stealth Rock
|turn|27
|
|t:|1759077049
|move|p2a: Dragonite|Earthquake|p1a: Toxapex
|-supereffective|p1a: Toxapex
|-damage|p1a: Toxapex|0 fnt
|faint|p1a: Toxapex
|
|upkeep
|
|t:|1759077053
|switch|p1a: Meowscarada|Meowscarada, F|72/100
|-damage|p1a: Meowscarada|60/100|[from] Stealth Rock
|turn|28
|
|t:|1759077056
|move|p2a: Dragonite|Extreme Speed|p1a: Meowscarada
|-damage|p1a: Meowscarada|0 fnt
|faint|p1a: Meowscarada
|
|upkeep
|
|t:|1759077059
|switch|p1a: Murkrow|Murkrow, F|100/100
|-damage|p1a: Murkrow|76/100|[from] Stealth Rock
|turn|29
|
|t:|1759077062
|move|p2a: Dragonite|Extreme Speed|p1a: Murkrow
|-damage|p1a: Murkrow|0 fnt
|faint|p1a: Murkrow
|
|win|fukonhacousin
|raw|dxBasti's rating: 1373 &rarr; <strong>1351</strong><br />(-22 for losing)
|raw|fukonhacousin's rating: 1342 &rarr; <strong>1364</strong><br />(+22 for winning)
|l|☆dxBasti
|player|p1|
|l|‽fukonhacousin
|player|p2|
