|j|☆Mythpunk
|j|☆cchang21
|t:|1758961776
|gametype|singles
|player|p1|Mythpunk|zinnia|1229
|player|p2|cchang21|emmet|1214
|gen|9
|tier|[Gen 9] OU
|rated|
|rule|HP Percentage Mod: HP is shown in percentages
|rule|Endless Battle Clause: Forcing endless battles is banned
|rule|Species Clause: Limit one of each Pokémon
|rule|OHKO Clause: OHKO moves are banned
|rule|Evasion Items Clause: Evasion items are banned
|rule|Evasion Moves Clause: Evasion moves are banned
|rule|Evasion Abilities Clause: Evasion abilities are banned
|rule|Sleep Moves Clause: Sleep-inducing moves are banned
|clearpoke
|poke|p1|Pyroar, F|
|poke|p1|Gyarados, F|
|poke|p1|Kommo-o, M|
|poke|p1|Whimsicott, M|
|poke|p1|Scizor, M|
|poke|p1|Spiritomb, F|
|poke|p2|Ceruledge, F|
|poke|p2|Enamorus, F|
|poke|p2|Pecharunt|
|poke|p2|Hoopa-Unbound|
|poke|p2|Great Tusk|
|poke|p2|Primarina, F|
|teampreview
|inactive|Battle timer is ON: inactive players will automatically lose when time's up. (requested by cchang21)
|c|☆Mythpunk|gl hf!
|
|t:|1758961783
|teamsize|p1|6
|teamsize|p2|6
|start
|switch|p1a: Sessho-seki|Spiritomb, F|100/100
|switch|p2a: Hoopa|Hoopa-Unbound|100/100
|turn|1
|inactive|Mythpunk has 120 seconds left.
|
|t:|1758961834
|move|p2a: Hoopa|Knock Off|p1a: Sessho-seki
|-damage|p1a: Sessho-seki|43/100
|-enditem|p1a: Sessho-seki|Leftovers|[from] move: Knock Off|[of] p2a: Hoopa
|move|p1a: Sessho-seki|Toxic|p2a: Hoopa
|-status|p2a: Hoopa|tox
|
|-damage|p2a: Hoopa|94/100 tox|[from] psn
|upkeep
|turn|2
|
|t:|1758961847
|move|p1a: Sessho-seki|Protect|p1a: Sessho-seki
|-singleturn|p1a: Sessho-seki|Protect
|move|p2a: Hoopa|Thunderbolt|p1a: Sessho-seki
|-activate|p1a: Sessho-seki|move: Protect
|
|-damage|p2a: Hoopa|82/100 tox|[from] psn
|upkeep
|turn|3
|
|t:|1758961857
|move|p2a: Hoopa|Thunderbolt|p1a: Sessho-seki
|-damage|p1a: Sessho-seki|10/100
|move|p1a: Sessho-seki|Foul Play|p2a: Hoopa
|-damage|p2a: Hoopa|28/100 tox
|
|-damage|p2a: Hoopa|10/100 tox|[from] psn
|upkeep
|turn|4
|
|t:|1758961872
|switch|p2a: Primarina|Primarina, F|100/100
|move|p1a: Sessho-seki|Toxic|p2a: Primarina
|-status|p2a: Primarina|tox
|
|-damage|p2a: Primarina|94/100 tox|[from] psn
|upkeep
|turn|5
|inactive|Mythpunk has 120 seconds left.
|
|t:|1758961881
|switch|p1a: Tahm Lin|Whimsicott, M|100/100
|move|p2a: Primarina|Moonblast|p1a: Tahm Lin
|-damage|p1a: Tahm Lin|36/100
|-unboost|p1a: Tahm Lin|spa|1
|
|-heal|p2a: Primarina|100/100 tox|[from] item: Leftovers
|-damage|p2a: Primarina|88/100 tox|[from] psn
|upkeep
|turn|6
|
|t:|1758961887
|move|p1a: Tahm Lin|Giga Drain|p2a: Primarina
|-supereffective|p2a: Primarina
|-damage|p2a: Primarina|54/100 tox
|-heal|p1a: Tahm Lin|57/100|[from] drain|[of] p2a: Primarina
|move|p2a: Primarina|Moonblast|p1a: Tahm Lin
|-crit|p1a: Tahm Lin
|-damage|p1a: Tahm Lin|0 fnt
|faint|p1a: Tahm Lin
|
|-heal|p2a: Primarina|61/100 tox|[from] item: Leftovers
|-damage|p2a: Primarina|42/100 tox|[from] psn
|upkeep
|inactive|Mythpunk has 120 seconds left.
|
|t:|1758961900
|switch|p1a: Cador|Scizor, M|100/100
|turn|7
|
|t:|1758961908
|move|p1a: Cador|Bullet Punch|p2a: Primarina
|-damage|p2a: Primarina|1/100 tox
|move|p2a: Primarina|Surf|p1a: Cador
|-damage|p1a: Cador|5/100
|
|-heal|p2a: Primarina|8/100 tox|[from] item: Leftovers
|-damage|p2a: Primarina|0 fnt|[from] psn
|faint|p2a: Primarina
|upkeep
|
|t:|1758961916
|switch|p2a: Ceruledge|Ceruledge, F|100/100
|turn|8
|inactive|Mythpunk has 120 seconds left.
|
|t:|1758961949
|move|p1a: Cador|Bullet Punch|p2a: Ceruledge
|-resisted|p2a: Ceruledge
|-damage|p2a: Ceruledge|80/100
|-ability|p2a: Ceruledge|Weak Armor|boost
|-unboost|p2a: Ceruledge|def|1
|-boost|p2a: Ceruledge|spe|2
|move|p2a: Ceruledge|Swords Dance|p2a: Ceruledge
|-boost|p2a: Ceruledge|atk|2
|
|upkeep
|turn|9
|inactive|Mythpunk has 120 seconds left.
|
|t:|1758961957
|move|p2a: Ceruledge|Shadow Sneak|p1a: Cador
|-damage|p1a: Cador|0 fnt
|faint|p1a: Cador
|
|upkeep
|
|t:|1758961959
|switch|p1a: Tiamat|Gyarados, F|100/100
|turn|10
|
|t:|1758961962
|move|p2a: Ceruledge|Poltergeist|p1a: Tiamat|[miss]
|-miss|p2a: Ceruledge|p1a: Tiamat
|move|p1a: Tiamat|Earthquake|p2a: Ceruledge
|-supereffective|p2a: Ceruledge
|-damage|p2a: Ceruledge|0 fnt
|faint|p2a: Ceruledge
|-ability|p1a: Tiamat|Moxie|boost
|-boost|p1a: Tiamat|atk|1
|
|upkeep
|
|t:|1758961967
|switch|p2a: Enamorus|Enamorus, F|100/100
|turn|11
|
|t:|1758961972
|-terastallize|p2a: Enamorus|Fairy
|move|p2a: Enamorus|Moonblast|p1a: Tiamat
|-enditem|p1a: Tiamat|Focus Sash
|-damage|p1a: Tiamat|1/100
|move|p1a: Tiamat|Dragon Dance|p1a: Tiamat
|-boost|p1a: Tiamat|atk|1
|-boost|p1a: Tiamat|spe|1
|
|upkeep
|turn|12
|
|t:|1758961981
|switch|p2a: Pecharunt|Pecharunt|100/100
|move|p1a: Tiamat|Aqua Tail|p2a: Pecharunt
|-damage|p2a: Pecharunt|54/100
|
|upkeep
|turn|13
|
|t:|1758961994
|move|p1a: Tiamat|Earthquake|p2a: Pecharunt
|-supereffective|p2a: Pecharunt
|-damage|p2a: Pecharunt|0 fnt
|faint|p2a: Pecharunt
|-ability|p1a: Tiamat|Moxie|boost
|-boost|p1a: Tiamat|atk|1
|
|upkeep
|
|t:|1758961995
|switch|p2a: Great Tusk|Great Tusk|100/100
|turn|14
|
|t:|1758962001
|move|p1a: Tiamat|Aqua Tail|p2a: Great Tusk
|-supereffective|p2a: Great Tusk
|-damage|p2a: Great Tusk|0 fnt
|faint|p2a: Great Tusk
|-end|p2a: Great Tusk|Protosynthesis|[silent]
|-ability|p1a: Tiamat|Moxie|boost
|-boost|p1a: Tiamat|atk|1
|
|upkeep
|-message|cchang21 forfeited.
|
|win|Mythpunk
|raw|Mythpunk's rating: 1229 &rarr; <strong>1253</strong><br />(+24 for winning)
|raw|cchang21's rating: 1214 &rarr; <strong>1190</strong><br />(-24 for losing)
|l|☆cchang21
|player|p2|
|l|☆Mythpunk
|player|p1|
