|badge|p2|bronze|gen9ou|100-6
|html|<div class="broadcast-red"><strong>This battle is required to be public due to one or more player having a season medal.</strong><br />During the public phase, you can discuss the state of the ladder <a href="/seasondiscussion">in a special chatroom.</a></div>
|uhtml|medal-msg|<div class="broadcast-blue">Curious what those medals under the avatar are? PS now has Ladder Seasons! For more information, check out the <a href="https://www.smogon.com/forums/threads/3740067/">thread on Smogon.</a></div>
|j|☆Obito 2001
|j|☆healorant
|t:|1759053261
|gametype|singles
|player|p1|Obito 2001|blue-gen3two|1733
|player|p2|healorant|alder|1810
|gen|9
|tier|[Gen 9] OU
|rated|
|rule|HP Percentage Mod: HP is shown in percentages
|rule|Endless Battle Clause: Forcing endless battles is banned
|rule|Species Clause: Limit one of each Pokémon
|rule|OHKO Clause: OHKO moves are banned
|rule|Evasion Items Clause: Evasion items are banned
|rule|Evasion Moves Clause: Evasion moves are banned
|rule|Evasion Abilities Clause: Evasion abilities are banned
|rule|Sleep Moves Clause: Sleep-inducing moves are banned
|clearpoke
|poke|p1|Masquerain, F|
|poke|p1|Arcanine-Hisui, F|
|poke|p1|Cinderace, F|
|poke|p1|Enamorus, F|
|poke|p1|Great Tusk|
|poke|p1|Gholdengo|
|poke|p2|Rillaboom, M|
|poke|p2|Heatran, M|
|poke|p2|Ogerpon-Wellspring, F|
|poke|p2|Great Tusk|
|poke|p2|Dragapult, F|
|poke|p2|Okidogi, M|
|teampreview
|inactive|Battle timer is ON: inactive players will automatically lose when time's up. (requested by Obito 2001)
|
|t:|1759053282
|teamsize|p1|6
|teamsize|p2|6
|start
|switch|p1a: Ban Wogerpon|Masquerain, F|100/100
|switch|p2a: Heatran|Heatran, M|100/100
|-ability|p1a: Ban Wogerpon|Intimidate|boost
|-unboost|p2a: Heatran|atk|1
|turn|1
|
|t:|1759053289
|move|p1a: Ban Wogerpon|Sticky Web|p2a: Heatran
|-sidestart|p2: healorant|move: Sticky Web
|move|p2a: Heatran|Stealth Rock|p1a: Ban Wogerpon
|-sidestart|p1: Obito 2001|move: Stealth Rock
|
|upkeep
|turn|2
|
|t:|1759053293
|move|p1a: Ban Wogerpon|Stun Spore|p2a: Heatran|[miss]
|-miss|p1a: Ban Wogerpon|p2a: Heatran
|move|p2a: Heatran|Lava Plume|p1a: Ban Wogerpon
|-supereffective|p1a: Ban Wogerpon
|-damage|p1a: Ban Wogerpon|8/100
|-status|p1a: Ban Wogerpon|brn
|
|-damage|p1a: Ban Wogerpon|2/100 brn|[from] brn
|upkeep
|turn|3
|
|t:|1759053304
|switch|p2a: Ogerpon|Ogerpon-Wellspring, F|100/100
|-activate|p2a: Ogerpon|move: Sticky Web
|-unboost|p2a: Ogerpon|spe|1
|move|p1a: Ban Wogerpon|Bug Buzz|p2a: Ogerpon
|-supereffective|p2a: Ogerpon
|-damage|p2a: Ogerpon|2/100
|
|-damage|p1a: Ban Wogerpon|0 fnt|[from] brn
|faint|p1a: Ban Wogerpon
|upkeep
|
|t:|1759053308
|switch|p1a: Ban Darkrai|Great Tusk|100/100
|turn|4
|
|t:|1759053314
|switch|p2a: Dragapult|Dragapult, F|100/100
|-activate|p2a: Dragapult|move: Sticky Web
|-fail|p2a: Dragapult|unboost|[from] ability: Clear Body|[of] p2a: Dragapult
|move|p1a: Ban Darkrai|Rapid Spin|p2a: Dragapult
|-immune|p2a: Dragapult
|
|upkeep
|turn|5
|
|t:|1759053319
|move|p2a: Dragapult|Draco Meteor|p1a: Ban Darkrai
|-damage|p1a: Ban Darkrai|0 fnt
|-unboost|p2a: Dragapult|spa|2
|faint|p1a: Ban Darkrai
|-end|p1a: Ban Darkrai|Protosynthesis|[silent]
|-damage|p2a: Dragapult|91/100|[from] item: Life Orb
|
|upkeep
|
|t:|1759053329
|switch|p1a: Ban Gliscor|Enamorus, F|100/100
|turn|6
|
|t:|1759053333
|switch|p2a: Ogerpon|Ogerpon-Wellspring, F|2/100
|-activate|p2a: Ogerpon|move: Sticky Web
|-unboost|p2a: Ogerpon|spe|1
|move|p1a: Ban Gliscor|Moonblast|p2a: Ogerpon
|-damage|p2a: Ogerpon|0 fnt
|faint|p2a: Ogerpon
|
|upkeep
|
|t:|1759053338
|switch|p2a: Okidogi|Okidogi, M|100/100
|-activate|p2a: Okidogi|move: Sticky Web
|-unboost|p2a: Okidogi|spe|1
|turn|7
|
|t:|1759053344
|switch|p1a: BunnyGirlSenpai|Cinderace, F|100/100
|move|p2a: Okidogi|Ice Punch|p1a: BunnyGirlSenpai
|-resisted|p1a: BunnyGirlSenpai
|-damage|p1a: BunnyGirlSenpai|82/100
|-status|p1a: BunnyGirlSenpai|tox|[from] ability: Toxic Chain|[of] p2a: Okidogi
|
|-damage|p1a: BunnyGirlSenpai|76/100 tox|[from] psn
|upkeep
|turn|8
|
|t:|1759053350
|switch|p2a: Heatran|Heatran, M|100/100
|-activate|p2a: Heatran|move: Sticky Web
|-unboost|p2a: Heatran|spe|1
|move|p1a: BunnyGirlSenpai|U-turn|p2a: Heatran
|-resisted|p2a: Heatran
|-damage|p2a: Heatran|97/100
|
|t:|1759053356
|switch|p1a: Ban Gliscor|Enamorus, F|100/100|[from] U-turn
|
|-heal|p2a: Heatran|100/100|[from] item: Leftovers
|upkeep
|turn|9
|
|t:|1759053361
|switch|p2a: Okidogi|Okidogi, M|100/100
|-activate|p2a: Okidogi|move: Sticky Web
|-unboost|p2a: Okidogi|spe|1
|move|p1a: Ban Gliscor|Substitute|p1a: Ban Gliscor
|-start|p1a: Ban Gliscor|Substitute
|-damage|p1a: Ban Gliscor|76/100
|
|upkeep
|turn|10
|
|t:|1759053364
|move|p1a: Ban Gliscor|Earth Power|p2a: Okidogi
|-supereffective|p2a: Okidogi
|-damage|p2a: Okidogi|55/100
|move|p2a: Okidogi|Ice Punch|p1a: Ban Gliscor
|-supereffective|p1a: Ban Gliscor
|-end|p1a: Ban Gliscor|Substitute
|
|upkeep
|turn|11
|
|t:|1759053370
|move|p1a: Ban Gliscor|Earth Power|p2a: Okidogi
|-supereffective|p2a: Okidogi
|-damage|p2a: Okidogi|12/100
|move|p2a: Okidogi|Knock Off|p1a: Ban Gliscor
|-resisted|p1a: Ban Gliscor
|-damage|p1a: Ban Gliscor|48/100
|-enditem|p1a: Ban Gliscor|Heavy-Duty Boots|[from] move: Knock Off|[of] p2a: Okidogi
|
|upkeep
|turn|12
|
|t:|1759053376
|move|p1a: Ban Gliscor|Moonblast|p2a: Okidogi
|-damage|p2a: Okidogi|0 fnt
|faint|p2a: Okidogi
|
|upkeep
|
|t:|1759053377
|switch|p2a: Dragapult|Dragapult, F|91/100
|-activate|p2a: Dragapult|move: Sticky Web
|-fail|p2a: Dragapult|unboost|[from] ability: Clear Body|[of] p2a: Dragapult
|turn|13
|
|t:|1759053385
|move|p2a: Dragapult|Shadow Ball|p1a: Ban Gliscor
|-damage|p1a: Ban Gliscor|0 fnt
|faint|p1a: Ban Gliscor
|-damage|p2a: Dragapult|81/100|[from] item: Life Orb
|
|upkeep
|
|t:|1759053398
|switch|p1a: BunnyGirlSenpai|Cinderace, F|76/100 tox
|turn|14
|
|t:|1759053401
|switch|p2a: Heatran|Heatran, M|100/100
|-activate|p2a: Heatran|move: Sticky Web
|-unboost|p2a: Heatran|spe|1
|move|p1a: BunnyGirlSenpai|Pyro Ball|p2a: Heatran
|-start|p2a: Heatran|ability: Flash Fire
|
|-damage|p1a: BunnyGirlSenpai|70/100 tox|[from] psn
|upkeep
|turn|15
|
|t:|1759053413
|move|p1a: BunnyGirlSenpai|Court Change|p1a: BunnyGirlSenpai
|-swapsideconditions
|-activate|p1a: BunnyGirlSenpai|move: Court Change
|move|p2a: Heatran|Lava Plume|p1a: BunnyGirlSenpai
|-resisted|p1a: BunnyGirlSenpai
|-damage|p1a: BunnyGirlSenpai|38/100 tox
|
|-damage|p1a: BunnyGirlSenpai|26/100 tox|[from] psn
|upkeep
|turn|16
|
|t:|1759053422
|move|p1a: BunnyGirlSenpai|Court Change|p1a: BunnyGirlSenpai
|-swapsideconditions
|-activate|p1a: BunnyGirlSenpai|move: Court Change
|move|p2a: Heatran|Lava Plume|p1a: BunnyGirlSenpai
|-resisted|p1a: BunnyGirlSenpai
|-damage|p1a: BunnyGirlSenpai|0 fnt
|faint|p1a: BunnyGirlSenpai
|
|upkeep
|
|t:|1759053425
|switch|p1a: Ban Zamazenta|Arcanine-Hisui, F|100/100
|-damage|p1a: Ban Zamazenta|76/100|[from] Stealth Rock
|turn|17
|
|t:|1759053430
|move|p1a: Ban Zamazenta|Head Smash|p2a: Heatran
|-crit|p2a: Heatran
|-damage|p2a: Heatran|0 fnt
|faint|p2a: Heatran
|
|upkeep
|
|t:|1759053437
|switch|p2a: Great Tusk|Great Tusk|100/100
|turn|18
|j| Kyurem
|
|t:|1759053444
|move|p1a: Ban Zamazenta|Head Smash|p2a: Great Tusk
|-resisted|p2a: Great Tusk
|-damage|p2a: Great Tusk|83/100
|move|p2a: Great Tusk|Headlong Rush|p1a: Ban Zamazenta
|-supereffective|p1a: Ban Zamazenta
|-damage|p1a: Ban Zamazenta|0 fnt
|-unboost|p2a: Great Tusk|def|1
|-unboost|p2a: Great Tusk|spd|1
|faint|p1a: Ban Zamazenta
|
|upkeep
|
|t:|1759053446
|switch|p1a: Ban Dragonite|Gholdengo|100/100
|-damage|p1a: Ban Dragonite|94/100|[from] Stealth Rock
|turn|19
|
|t:|1759053449
|-terastallize|p1a: Ban Dragonite|Fairy
|move|p2a: Great Tusk|Ice Spinner|p1a: Ban Dragonite
|-damage|p1a: Ban Dragonite|69/100
|move|p1a: Ban Dragonite|Dazzling Gleam|p2a: Great Tusk
|-supereffective|p2a: Great Tusk
|-damage|p2a: Great Tusk|0 fnt
|faint|p2a: Great Tusk
|-end|p2a: Great Tusk|Protosynthesis|[silent]
|
|upkeep
|
|t:|1759053455
|switch|p2a: Rillaboom|Rillaboom, M|100/100
|-activate|p2a: Rillaboom|move: Sticky Web
|-unboost|p2a: Rillaboom|spe|1
|-fieldstart|move: Grassy Terrain|[from] ability: Grassy Surge|[of] p2a: Rillaboom
|turn|20
|
|t:|1759053458
|move|p1a: Ban Dragonite|Dazzling Gleam|p2a: Rillaboom
|-damage|p2a: Rillaboom|10/100
|move|p2a: Rillaboom|Wood Hammer|p1a: Ban Dragonite
|-crit|p1a: Ban Dragonite
|-damage|p1a: Ban Dragonite|0 fnt
|faint|p1a: Ban Dragonite
|-damage|p2a: Rillaboom|0 fnt|[from] Recoil
|faint|p2a: Rillaboom
|
|win|healorant
|raw|Obito 2001's rating: 1733 &rarr; <strong>1717</strong><br />(-16 for losing)
|raw|healorant's rating: 1810 &rarr; <strong>1826</strong><br />(+16 for winning)
|l|☆Obito 2001
|player|p1|
|l|☆healorant
|player|p2|
