|j|☆Paofficial
|j|☆plus2mult
|t:|1759040569
|gametype|singles
|player|p1|Paofficial|leon|1255
|player|p2|plus2mult|hilbert|1238
|gen|9
|tier|[Gen 9] OU
|rated|
|rule|HP Percentage Mod: HP is shown in percentages
|rule|Endless Battle Clause: Forcing endless battles is banned
|rule|Species Clause: Limit one of each Pokémon
|rule|OHKO Clause: OHKO moves are banned
|rule|Evasion Items Clause: Evasion items are banned
|rule|Evasion Moves Clause: Evasion moves are banned
|rule|Evasion Abilities Clause: Evasion abilities are banned
|rule|Sleep Moves Clause: Sleep-inducing moves are banned
|clearpoke
|poke|p1|Maushold-Four|
|poke|p1|Clawitzer, F|
|poke|p1|Tsareena, F|
|poke|p1|Armarouge, M|
|poke|p1|Corviknight, M|
|poke|p1|Garchomp, M|
|poke|p2|Landorus-Therian, M|
|poke|p2|Primarina, M|
|poke|p2|Gholdengo|
|poke|p2|Meowscarada, M|
|poke|p2|Dragonite, F|
|poke|p2|Zamazenta-*|
|teampreview
|
|t:|1759040589
|teamsize|p1|6
|teamsize|p2|6
|start
|switch|p1a: Clawitzer|Clawitzer, F|100/100
|switch|p2a: Meowscarada|Meowscarada, M|100/100
|turn|1
|
|t:|1759040598
|switch|p1a: Corviknight|Corviknight, M|100/100
|move|p2a: Meowscarada|Flower Trick|p1a: Corviknight
|-start|p2a: Meowscarada|typechange|Grass|[from] ability: Protean
|-resisted|p1a: Corviknight
|-crit|p1a: Corviknight
|-damage|p1a: Corviknight|89/100
|
|upkeep
|turn|2
|inactive|Battle timer is ON: inactive players will automatically lose when time's up. (requested by Paofficial)
|
|t:|1759040606
|switch|p2a: Landorus|Landorus-Therian, M|100/100
|-ability|p2a: Landorus|Intimidate|boost
|-ability|p1a: Corviknight|Mirror Armor
|-unboost|p2a: Landorus|atk|1
|move|p1a: Corviknight|Brave Bird|p2a: Landorus
|-damage|p2a: Landorus|62/100
|-damage|p1a: Corviknight|77/100|[from] Recoil
|
|-heal|p2a: Landorus|68/100|[from] item: Leftovers
|upkeep
|turn|3
|
|t:|1759040624
|move|p2a: Landorus|Stealth Rock|p1a: Corviknight
|-sidestart|p1: Paofficial|move: Stealth Rock
|move|p1a: Corviknight|Brave Bird|p2a: Landorus
|-damage|p2a: Landorus|27/100
|-damage|p1a: Corviknight|65/100|[from] Recoil
|
|-heal|p2a: Landorus|33/100|[from] item: Leftovers
|upkeep
|turn|4
|
|t:|1759040629
|move|p2a: Landorus|U-turn|p1a: Corviknight
|-resisted|p1a: Corviknight
|-damage|p1a: Corviknight|63/100
|-damage|p2a: Landorus|17/100|[from] item: Rocky Helmet|[of] p1a: Corviknight
|
|t:|1759040644
|switch|p2a: Zamazenta|Zamazenta|100/100|[from] U-turn
|-ability|p2a: Zamazenta|Dauntless Shield|boost
|-boost|p2a: Zamazenta|def|1
|move|p1a: Corviknight|Brave Bird|p2a: Zamazenta
|-supereffective|p2a: Zamazenta
|-damage|p2a: Zamazenta|63/100
|-damage|p1a: Corviknight|51/100|[from] Recoil
|
|-heal|p2a: Zamazenta|69/100|[from] item: Leftovers
|upkeep
|turn|5
|
|t:|1759040651
|move|p2a: Zamazenta|Iron Defense|p2a: Zamazenta
|-boost|p2a: Zamazenta|def|2
|move|p1a: Corviknight|Roost|p1a: Corviknight
|-heal|p1a: Corviknight|100/100
|-singleturn|p1a: Corviknight|move: Roost
|
|-heal|p2a: Zamazenta|75/100|[from] item: Leftovers
|upkeep
|turn|6
|
|t:|1759040663
|switch|p1a: Armarouge|Armarouge, M|100/100
|-damage|p1a: Armarouge|76/100|[from] Stealth Rock
|move|p2a: Zamazenta|Iron Defense|p2a: Zamazenta
|-boost|p2a: Zamazenta|def|2
|
|-heal|p2a: Zamazenta|81/100|[from] item: Leftovers
|upkeep
|turn|7
|
|t:|1759040669
|move|p2a: Zamazenta|Crunch|p1a: Armarouge
|-supereffective|p1a: Armarouge
|-damage|p1a: Armarouge|40/100
|-unboost|p1a: Armarouge|def|1
|-ability|p1a: Armarouge|Weak Armor|boost
|-unboost|p1a: Armarouge|def|1
|-boost|p1a: Armarouge|spe|2
|-enditem|p1a: Armarouge|Weakness Policy
|-boost|p1a: Armarouge|atk|2|[from] item: Weakness Policy
|-boost|p1a: Armarouge|spa|2|[from] item: Weakness Policy
|move|p1a: Armarouge|Stored Power|p2a: Zamazenta
|-supereffective|p2a: Zamazenta
|-damage|p2a: Zamazenta|0 fnt
|faint|p2a: Zamazenta
|
|upkeep
|
|t:|1759040680
|switch|p2a: Dragonite|Dragonite, F|100/100
|turn|8
|
|t:|1759040708
|move|p1a: Armarouge|Stored Power|p2a: Dragonite
|-damage|p2a: Dragonite|33/100
|move|p2a: Dragonite|Dragon Dance|p2a: Dragonite
|-boost|p2a: Dragonite|atk|1
|-boost|p2a: Dragonite|spe|1
|
|upkeep
|turn|9
|
|t:|1759040711
|move|p2a: Dragonite|Extreme Speed|p1a: Armarouge
|-damage|p1a: Armarouge|0 fnt
|faint|p1a: Armarouge
|
|upkeep
|
|t:|1759040718
|switch|p1a: Corviknight|Corviknight, M|100/100
|-damage|p1a: Corviknight|88/100|[from] Stealth Rock
|turn|10
|
|t:|1759040729
|move|p2a: Dragonite|Ice Spinner|p1a: Corviknight
|-damage|p1a: Corviknight|60/100
|-damage|p2a: Dragonite|16/100|[from] item: Rocky Helmet|[of] p1a: Corviknight
|move|p1a: Corviknight|Brave Bird|p2a: Dragonite
|-damage|p2a: Dragonite|0 fnt
|faint|p2a: Dragonite
|-damage|p1a: Corviknight|55/100|[from] Recoil
|
|upkeep
|
|t:|1759040738
|switch|p2a: Gholdengo|Gholdengo|100/100
|turn|11
|
|t:|1759040745
|switch|p1a: Garchomp|Garchomp, M|100/100
|-damage|p1a: Garchomp|94/100|[from] Stealth Rock
|move|p2a: Gholdengo|Shadow Ball|p1a: Garchomp
|-damage|p1a: Garchomp|44/100
|
|upkeep
|turn|12
|
|t:|1759040752
|move|p2a: Gholdengo|Shadow Ball|p1a: Garchomp
|-damage|p1a: Garchomp|0 fnt
|faint|p1a: Garchomp
|
|upkeep
|
|t:|1759040755
|switch|p1a: Maushold|Maushold-Four|100/100
|-damage|p1a: Maushold|88/100|[from] Stealth Rock
|turn|13
|
|t:|1759040760
|switch|p2a: Landorus|Landorus-Therian, M|17/100
|-ability|p2a: Landorus|Intimidate|boost
|-unboost|p1a: Maushold|atk|1
|move|p1a: Maushold|Tidy Up|p1a: Maushold
|-sideend|p1: Paofficial|Stealth Rock
|-activate|p1a: Maushold|move: Tidy Up
|-boost|p1a: Maushold|atk|1
|-boost|p1a: Maushold|spe|1
|
|-heal|p2a: Landorus|23/100|[from] item: Leftovers
|upkeep
|turn|14
|
|t:|1759040770
|move|p1a: Maushold|Tidy Up|p1a: Maushold
|-boost|p1a: Maushold|atk|1
|-boost|p1a: Maushold|spe|1
|move|p2a: Landorus|Earthquake|p1a: Maushold
|-crit|p1a: Maushold
|-damage|p1a: Maushold|0 fnt
|faint|p1a: Maushold
|
|-heal|p2a: Landorus|29/100|[from] item: Leftovers
|upkeep
|
|t:|1759040785
|switch|p1a: Tsareena|Tsareena, F|100/100
|turn|15
|
|t:|1759040789
|move|p2a: Landorus|U-turn|p1a: Tsareena
|-supereffective|p1a: Tsareena
|-damage|p1a: Tsareena|52/100
|
|t:|1759040792
|switch|p2a: Gholdengo|Gholdengo|100/100|[from] U-turn
|move|p1a: Tsareena|Trailblaze|p2a: Gholdengo
|-resisted|p2a: Gholdengo
|-damage|p2a: Gholdengo|86/100
|-boost|p1a: Tsareena|spe|1
|
|upkeep
|turn|16
|
|t:|1759040798
|move|p2a: Gholdengo|Shadow Ball|p1a: Tsareena
|-damage|p1a: Tsareena|9/100
|move|p1a: Tsareena|Knock Off|p2a: Gholdengo
|-supereffective|p2a: Gholdengo
|-damage|p2a: Gholdengo|8/100
|-enditem|p2a: Gholdengo|Choice Scarf|[from] move: Knock Off|[of] p1a: Tsareena
|
|upkeep
|turn|17
|
|t:|1759040807
|move|p1a: Tsareena|Knock Off|p2a: Gholdengo
|-supereffective|p2a: Gholdengo
|-damage|p2a: Gholdengo|0 fnt
|faint|p2a: Gholdengo
|
|upkeep
|
|t:|1759040817
|switch|p2a: Meowscarada|Meowscarada, M|100/100
|turn|18
|
|t:|1759040823
|switch|p1a: Corviknight|Corviknight, M|55/100
|move|p2a: Meowscarada|U-turn|p1a: Corviknight
|-start|p2a: Meowscarada|typechange|Bug|[from] ability: Protean
|-resisted|p1a: Corviknight
|-damage|p1a: Corviknight|48/100
|-damage|p2a: Meowscarada|84/100|[from] item: Rocky Helmet|[of] p1a: Corviknight
|
|t:|1759040831
|switch|p2a: Primarina|Primarina, M|100/100|[from] U-turn
|
|upkeep
|turn|19
|
|t:|1759040841
|-terastallize|p2a: Primarina|Steel
|move|p2a: Primarina|Calm Mind|p2a: Primarina
|-boost|p2a: Primarina|spa|1
|-boost|p2a: Primarina|spd|1
|move|p1a: Corviknight|Roost|p1a: Corviknight
|-heal|p1a: Corviknight|98/100
|-singleturn|p1a: Corviknight|move: Roost
|
|upkeep
|turn|20
|
|t:|1759040847
|move|p2a: Primarina|Surf|p1a: Corviknight
|-damage|p1a: Corviknight|31/100
|move|p1a: Corviknight|Body Press|p2a: Primarina
|-supereffective|p2a: Primarina
|-damage|p2a: Primarina|33/100
|
|-heal|p2a: Primarina|39/100|[from] item: Leftovers
|upkeep
|turn|21
|
|t:|1759040860
|switch|p1a: Clawitzer|Clawitzer, F|100/100
|move|p2a: Primarina|Surf|p1a: Clawitzer
|-resisted|p1a: Clawitzer
|-damage|p1a: Clawitzer|74/100
|
|-heal|p2a: Primarina|45/100|[from] item: Leftovers
|upkeep
|turn|22
|
|t:|1759040865
|move|p2a: Primarina|Moonblast|p1a: Clawitzer
|-damage|p1a: Clawitzer|22/100
|move|p1a: Clawitzer|Aura Sphere|p2a: Primarina
|-supereffective|p2a: Primarina
|-damage|p2a: Primarina|0 fnt
|faint|p2a: Primarina
|
|upkeep
|
|t:|1759040868
|switch|p2a: Meowscarada|Meowscarada, M|84/100
|turn|23
|
|t:|1759040876
|move|p2a: Meowscarada|Knock Off|p1a: Clawitzer
|-start|p2a: Meowscarada|typechange|Dark|[from] ability: Protean
|-damage|p1a: Clawitzer|0 fnt
|-enditem|p1a: Clawitzer|Assault Vest|[from] move: Knock Off|[of] p2a: Meowscarada
|faint|p1a: Clawitzer
|
|upkeep
|
|t:|1759040878
|switch|p1a: Corviknight|Corviknight, M|31/100
|turn|24
|
|t:|1759040881
|move|p2a: Meowscarada|Knock Off|p1a: Corviknight
|-damage|p1a: Corviknight|0 fnt
|-damage|p2a: Meowscarada|68/100|[from] item: Rocky Helmet|[of] p1a: Corviknight
|-enditem|p1a: Corviknight|Rocky Helmet|[from] move: Knock Off|[of] p2a: Meowscarada
|faint|p1a: Corviknight
|
|upkeep
|-message|Paofficial forfeited.
|
|win|plus2mult
|raw|Paofficial's rating: 1255 &rarr; <strong>1229</strong><br />(-26 for losing)
|raw|plus2mult's rating: 1238 &rarr; <strong>1264</strong><br />(+26 for winning)
|l|☆Paofficial
|player|p1|
|l|☆plus2mult
|player|p2|
