|j|☆biryanilover
|j|☆Lolgasm
|t:|1759035767
|gametype|singles
|player|p1|biryanilover|101|1399
|player|p2|Lolgasm|101|1426
|gen|9
|tier|[Gen 9] OU
|rated|
|rule|HP Percentage Mod: HP is shown in percentages
|rule|Endless Battle Clause: Forcing endless battles is banned
|rule|Species Clause: Limit one of each Pokémon
|rule|OHKO Clause: OHKO moves are banned
|rule|Evasion Items Clause: Evasion items are banned
|rule|Evasion Moves Clause: Evasion moves are banned
|rule|Evasion Abilities Clause: Evasion abilities are banned
|rule|Sleep Moves Clause: Sleep-inducing moves are banned
|clearpoke
|poke|p1|Hatterene, F|
|poke|p1|Great Tusk|
|poke|p1|Iron Hands|
|poke|p1|Moltres|
|poke|p1|Slowking-Galar, F|
|poke|p1|Umbreon, F|
|poke|p2|Ninetales, M|
|poke|p2|Walking Wake|
|poke|p2|Hatterene, F|
|poke|p2|Great Tusk|
|poke|p2|Blaziken, F|
|poke|p2|Ceruledge, M|
|teampreview
|inactive|Battle timer is ON: inactive players will automatically lose when time's up. (requested by biryanilover)
|
|t:|1759035774
|teamsize|p1|6
|teamsize|p2|6
|start
|switch|p1a: Umbreon|Umbreon, F|100/100
|switch|p2a: Daydream|Ninetales, M, shiny|100/100
|-weather|SunnyDay|[from] ability: Drought|[of] p2a: Daydream
|turn|1
|
|t:|1759035780
|switch|p2a: Duko|Hatterene, F, shiny|100/100
|move|p1a: Umbreon|Thunder Wave|p2a: Duko
|move|p2a: Duko|Thunder Wave|p1a: Umbreon|[from] ability: Magic Bounce
|-status|p1a: Umbreon|par
|-activate|p1a: Umbreon|ability: Synchronize
|-status|p2a: Duko|par
|
|-weather|SunnyDay|[upkeep]
|upkeep
|turn|2
|
|t:|1759035789
|switch|p1a: Slowking|Slowking-Galar, F|100/100
|move|p2a: Duko|Draining Kiss|p1a: Slowking
|-resisted|p1a: Slowking
|-damage|p1a: Slowking|94/100
|
|-weather|SunnyDay|[upkeep]
|upkeep
|turn|3
|inactive|Lolgasm has 120 seconds left.
|
|t:|1759035829
|switch|p2a: Tenny|Blaziken, F, shiny|100/100
|-prepare|p1a: Slowking|Chilly Reception|[premajor]
|move|p1a: Slowking|Chilly Reception|p1a: Slowking
|-weather|Snowscape
|
|t:|1759035833
|switch|p1a: Great Tusk|Great Tusk|100/100|[from] Chilly Reception
|
|-weather|Snowscape|[upkeep]
|upkeep
|turn|4
|inactive|Lolgasm has 120 seconds left.
|
|t:|1759035841
|move|p2a: Tenny|Focus Energy|p2a: Tenny
|-start|p2a: Tenny|move: Focus Energy
|move|p1a: Great Tusk|Body Press|p2a: Tenny
|-damage|p2a: Tenny|36/100
|
|-weather|Snowscape|[upkeep]
|-ability|p2a: Tenny|Speed Boost|boost
|-boost|p2a: Tenny|spe|1
|upkeep
|turn|5
|
|t:|1759035848
|-end|p1a: Great Tusk|Protosynthesis|[silent]
|switch|p1a: Moltres|Moltres|100/100
|move|p2a: Tenny|Aura Sphere|p1a: Moltres
|-resisted|p1a: Moltres
|-crit|p1a: Moltres
|-damage|p1a: Moltres|69/100
|
|-weather|Snowscape|[upkeep]
|-ability|p2a: Tenny|Speed Boost|boost
|-boost|p2a: Tenny|spe|1
|upkeep
|turn|6
|
|t:|1759035855
|move|p2a: Tenny|Overheat|p1a: Moltres
|-resisted|p1a: Moltres
|-crit|p1a: Moltres
|-damage|p1a: Moltres|20/100
|-unboost|p2a: Tenny|spa|2
|move|p1a: Moltres|Hurricane|p2a: Tenny|[miss]
|-miss|p1a: Moltres|p2a: Tenny
|
|-weather|Snowscape|[upkeep]
|-ability|p2a: Tenny|Speed Boost|boost
|-boost|p2a: Tenny|spe|1
|upkeep
|turn|7
|
|t:|1759035869
|switch|p1a: Slowking|Slowking-Galar, F|100/100
|move|p2a: Tenny|Overheat|p1a: Slowking
|-crit|p1a: Slowking
|-damage|p1a: Slowking|43/100
|-unboost|p2a: Tenny|spa|2
|
|-weather|none
|-ability|p2a: Tenny|Speed Boost|boost
|-boost|p2a: Tenny|spe|1
|upkeep
|turn|8
|
|t:|1759035891
|switch|p1a: Hatterene|Hatterene, F|100/100
|move|p2a: Tenny|Overheat|p1a: Hatterene
|-crit|p1a: Hatterene
|-damage|p1a: Hatterene|1/100
|-unboost|p2a: Tenny|spa|2
|
|-heal|p1a: Hatterene|7/100|[from] item: Leftovers
|-ability|p2a: Tenny|Speed Boost|boost
|-boost|p2a: Tenny|spe|1
|upkeep
|turn|9
|inactive|Lolgasm has 120 seconds left.
|
|t:|1759035906
|move|p2a: Tenny|Aura Sphere|p1a: Hatterene
|-resisted|p1a: Hatterene
|-crit|p1a: Hatterene
|-damage|p1a: Hatterene|0 fnt
|faint|p1a: Hatterene
|
|-ability|p2a: Tenny|Speed Boost|boost
|-boost|p2a: Tenny|spe|1
|upkeep
|
|t:|1759035910
|switch|p1a: Iron Hands|Iron Hands|100/100
|turn|10
|
|t:|1759035920
|move|p2a: Tenny|Overheat|p1a: Iron Hands
|-crit|p1a: Iron Hands
|-damage|p1a: Iron Hands|52/100
|move|p1a: Iron Hands|Earthquake|p2a: Tenny
|-supereffective|p2a: Tenny
|-damage|p2a: Tenny|0 fnt
|faint|p2a: Tenny
|
|upkeep
|
|t:|1759035925
|switch|p2a: Daydream|Ninetales, M, shiny|100/100
|-weather|SunnyDay|[from] ability: Drought|[of] p2a: Daydream
|turn|11
|
|t:|1759035936
|-end|p1a: Iron Hands|Quark Drive|[silent]
|switch|p1a: Umbreon|Umbreon, F|100/100 par
|move|p2a: Daydream|Will-O-Wisp||[still]
|-fail|p2a: Daydream
|
|-weather|SunnyDay|[upkeep]
|upkeep
|turn|12
|
|t:|1759035942
|switch|p2a: Glass Shadows|Ceruledge, M, shiny|100/100
|move|p1a: Umbreon|Wish|p1a: Umbreon
|
|-weather|SunnyDay|[upkeep]
|upkeep
|turn|13
|
|t:|1759035957
|switch|p1a: Great Tusk|Great Tusk|100/100
|-activate|p1a: Great Tusk|ability: Protosynthesis
|-start|p1a: Great Tusk|protosynthesisdef
|move|p2a: Glass Shadows|Bitter Blade|p1a: Great Tusk
|-damage|p1a: Great Tusk|74/100
|-damage|p2a: Glass Shadows|84/100|[from] item: Rocky Helmet|[of] p1a: Great Tusk
|
|-weather|SunnyDay|[upkeep]
|-heal|p1a: Great Tusk|100/100|[from] move: Wish|[wisher] Umbreon
|upkeep
|turn|14
|
|t:|1759035968
|move|p2a: Glass Shadows|Endure|p2a: Glass Shadows
|-singleturn|p2a: Glass Shadows|move: Endure
|move|p1a: Great Tusk|Headlong Rush|p2a: Glass Shadows
|-supereffective|p2a: Glass Shadows
|-activate|p2a: Glass Shadows|move: Endure
|-damage|p2a: Glass Shadows|1/100
|-unboost|p1a: Great Tusk|def|1
|-unboost|p1a: Great Tusk|spd|1
|-ability|p2a: Glass Shadows|Weak Armor|boost
|-unboost|p2a: Glass Shadows|def|1
|-boost|p2a: Glass Shadows|spe|2
|-enditem|p2a: Glass Shadows|Weakness Policy
|-boost|p2a: Glass Shadows|atk|2|[from] item: Weakness Policy
|-boost|p2a: Glass Shadows|spa|2|[from] item: Weakness Policy
|
|-weather|SunnyDay|[upkeep]
|upkeep
|turn|15
|inactive|Lolgasm has 120 seconds left.
|
|t:|1759036003
|move|p2a: Glass Shadows|Bitter Blade|p1a: Great Tusk
|-damage|p1a: Great Tusk|21/100
|-heal|p2a: Glass Shadows|60/100|[from] drain|[of] p1a: Great Tusk
|-damage|p2a: Glass Shadows|43/100|[from] item: Rocky Helmet|[of] p1a: Great Tusk
|move|p1a: Great Tusk|Headlong Rush|p2a: Glass Shadows
|-supereffective|p2a: Glass Shadows
|-damage|p2a: Glass Shadows|0 fnt
|-unboost|p1a: Great Tusk|def|1
|-unboost|p1a: Great Tusk|spd|1
|faint|p2a: Glass Shadows
|
|-weather|SunnyDay|[upkeep]
|upkeep
|
|t:|1759036021
|switch|p2a: Mr. Banana|Walking Wake|100/100
|-activate|p2a: Mr. Banana|ability: Protosynthesis
|-start|p2a: Mr. Banana|protosynthesisspe
|turn|16
|
|t:|1759036028
|-terastallize|p2a: Mr. Banana|Water
|move|p2a: Mr. Banana|Hydro Steam|p1a: Great Tusk
|-supereffective|p1a: Great Tusk
|-damage|p1a: Great Tusk|0 fnt
|faint|p1a: Great Tusk
|-end|p1a: Great Tusk|Protosynthesis|[silent]
|
|-weather|SunnyDay|[upkeep]
|upkeep
|
|t:|1759036033
|switch|p1a: Slowking|Slowking-Galar, F|76/100
|turn|17
|
|t:|1759036036
|move|p2a: Mr. Banana|Hydro Steam|p1a: Slowking
|-damage|p1a: Slowking|4/100
|move|p1a: Slowking|Thunder Wave|p2a: Mr. Banana
|-status|p2a: Mr. Banana|par
|
|-weather|SunnyDay|[upkeep]
|upkeep
|turn|18
|
|t:|1759036045
|switch|p1a: Iron Hands|Iron Hands|52/100
|move|p2a: Mr. Banana|Hydro Steam|p1a: Iron Hands
|-damage|p1a: Iron Hands|0 fnt
|faint|p1a: Iron Hands
|-end|p1a: Iron Hands|Quark Drive|[silent]
|
|-weather|none
|-end|p2a: Mr. Banana|Protosynthesis
|upkeep
|
|t:|1759036049
|switch|p1a: Umbreon|Umbreon, F|100/100 par
|turn|19
|
|t:|1759036056
|move|p2a: Mr. Banana|Hydro Steam|p1a: Umbreon
|-damage|p1a: Umbreon|61/100 par
|cant|p1a: Umbreon|par
|
|-heal|p1a: Umbreon|68/100 par|[from] item: Leftovers
|upkeep
|turn|20
|
|t:|1759036067
|move|p2a: Mr. Banana|Hydro Steam|p1a: Umbreon
|-damage|p1a: Umbreon|25/100 par
|move|p1a: Umbreon|Wish|p1a: Umbreon
|
|-heal|p1a: Umbreon|31/100 par|[from] item: Leftovers
|upkeep
|turn|21
|
|t:|1759036073
|move|p1a: Umbreon|Protect|p1a: Umbreon
|-singleturn|p1a: Umbreon|Protect
|cant|p2a: Mr. Banana|par
|
|-heal|p1a: Umbreon|81/100 par|[from] move: Wish|[wisher] Umbreon
|-heal|p1a: Umbreon|88/100 par|[from] item: Leftovers
|upkeep
|turn|22
|-message|biryanilover forfeited.
|
|win|Lolgasm
|raw|biryanilover's rating: 1399 &rarr; <strong>1381</strong><br />(-18 for losing)
|raw|Lolgasm's rating: 1426 &rarr; <strong>1444</strong><br />(+18 for winning)
|l|☆biryanilover
|player|p1|
|l|☆Lolgasm
|player|p2|
