|j|☆Gigachadium Z
|j|☆Count Aula
|t:|1759032457
|gametype|singles
|player|p1|Gigachadium Z|170|1429
|player|p2|Count Aula|ghetsis|1451
|gen|9
|tier|[Gen 9] OU
|rated|
|rule|HP Percentage Mod: HP is shown in percentages
|rule|Endless Battle Clause: Forcing endless battles is banned
|rule|Species Clause: Limit one of each Pokémon
|rule|OHKO Clause: OHKO moves are banned
|rule|Evasion Items Clause: Evasion items are banned
|rule|Evasion Moves Clause: Evasion moves are banned
|rule|Evasion Abilities Clause: Evasion abilities are banned
|rule|Sleep Moves Clause: Sleep-inducing moves are banned
|clearpoke
|poke|p1|Gliscor, F|
|poke|p1|Gholdengo|
|poke|p1|Rillaboom, F|
|poke|p1|Great Tusk|
|poke|p1|Samurott-Hisui, M|
|poke|p1|Fezandipiti, M|
|poke|p2|Great Tusk|
|poke|p2|Dragapult, F|
|poke|p2|Ogerpon-Wellspring, F|
|poke|p2|Moltres|
|poke|p2|Raging Bolt|
|poke|p2|Kingambit, F|
|teampreview
|inactive|Battle timer is ON: inactive players will automatically lose when time's up. (requested by Count Aula)
|
|t:|1759032485
|teamsize|p1|6
|teamsize|p2|6
|start
|switch|p1a: Fezant|Fezandipiti, M|100/100
|switch|p2a: Dragapult|Dragapult, F|100/100
|turn|1
|
|t:|1759032492
|move|p2a: Dragapult|U-turn|p1a: Fezant
|-resisted|p1a: Fezant
|-damage|p1a: Fezant|97/100
|
|t:|1759032495
|switch|p2a: Moltres|Moltres|100/100|[from] U-turn
|move|p1a: Fezant|Beat Up|p2a: Moltres
|-damage|p2a: Moltres|98/100
|-damage|p2a: Moltres|96/100
|-damage|p2a: Moltres|93/100
|-damage|p2a: Moltres|90/100
|-status|p2a: Moltres|tox|[from] ability: Toxic Chain|[of] p1a: Fezant
|-damage|p2a: Moltres|87/100 tox
|-damage|p2a: Moltres|85/100 tox
|-hitcount|p2a: Moltres|6
|
|-damage|p2a: Moltres|79/100 tox|[from] psn
|upkeep
|turn|2
|
|t:|1759032511
|move|p1a: Fezant|Roost|p1a: Fezant
|-heal|p1a: Fezant|100/100
|-singleturn|p1a: Fezant|move: Roost
|move|p2a: Moltres|Flamethrower|p1a: Fezant
|-damage|p1a: Fezant|76/100
|
|-damage|p2a: Moltres|67/100 tox|[from] psn
|upkeep
|turn|3
|inactive|Gigachadium Z has 120 seconds left.
|
|t:|1759032547
|move|p1a: Fezant|U-turn|p2a: Moltres
|-resisted|p2a: Moltres
|-damage|p2a: Moltres|63/100 tox
|
|t:|1759032553
|switch|p1a: Scor Scor|Gliscor, F, shiny|100/100|[from] U-turn
|move|p2a: Moltres|Roar|p1a: Scor Scor
|drag|p1a: Belmont|Gholdengo|100/100
|
|-damage|p2a: Moltres|45/100 tox|[from] psn
|upkeep
|turn|4
|inactive|Gigachadium Z has 120 seconds left.
|
|t:|1759032576
|move|p1a: Belmont|Shadow Ball|p2a: Moltres
|-crit|p2a: Moltres
|-damage|p2a: Moltres|0 fnt
|faint|p2a: Moltres
|
|upkeep
|
|t:|1759032582
|switch|p2a: Kingambit|Kingambit, F|100/100
|-activate|p2a: Kingambit|ability: Supreme Overlord
|-start|p2a: Kingambit|fallen1|[silent]
|turn|5
|inactive|Gigachadium Z has 90 seconds left.
|
|t:|1759032622
|switch|p1a: Great Anthony|Great Tusk|100/100
|move|p2a: Kingambit|Iron Head|p1a: Great Anthony
|-damage|p1a: Great Anthony|65/100
|
|upkeep
|turn|6
|
|t:|1759032634
|-end|p2a: Kingambit|fallen1|[silent]
|switch|p2a: Ogerpon|Ogerpon-Wellspring, F|100/100
|move|p1a: Great Anthony|Headlong Rush|p2a: Ogerpon
|-resisted|p2a: Ogerpon
|-damage|p2a: Ogerpon|61/100
|-unboost|p1a: Great Anthony|def|1
|-unboost|p1a: Great Anthony|spd|1
|
|upkeep
|turn|7
|
|t:|1759032655
|-end|p1a: Great Anthony|Protosynthesis|[silent]
|switch|p1a: Harambe|Rillaboom, F|100/100
|-fieldstart|move: Grassy Terrain|[from] ability: Grassy Surge|[of] p1a: Harambe
|move|p2a: Ogerpon|Horn Leech|p1a: Harambe
|-resisted|p1a: Harambe
|-damage|p1a: Harambe|72/100
|-heal|p2a: Ogerpon|78/100|[from] drain|[of] p1a: Harambe
|
|-heal|p2a: Ogerpon|84/100|[from] Grassy Terrain
|-heal|p1a: Harambe|78/100|[from] Grassy Terrain
|upkeep
|turn|8
|
|t:|1759032667
|switch|p2a: Kingambit|Kingambit, F|100/100
|-activate|p2a: Kingambit|ability: Supreme Overlord
|-start|p2a: Kingambit|fallen1|[silent]
|move|p1a: Harambe|U-turn|p2a: Kingambit
|-damage|p2a: Kingambit|69/100
|
|t:|1759032688
|switch|p1a: Scor Scor|Gliscor, F, shiny|100/100|[from] U-turn
|
|-heal|p2a: Kingambit|75/100|[from] Grassy Terrain
|-status|p1a: Scor Scor|tox|[from] item: Toxic Orb
|upkeep
|turn|9
|
|t:|1759032696
|-end|p2a: Kingambit|fallen1|[silent]
|switch|p2a: Ogerpon|Ogerpon-Wellspring, F|84/100
|move|p1a: Scor Scor|Stealth Rock|p2a: Ogerpon
|-sidestart|p2: Count Aula|move: Stealth Rock
|
|-heal|p2a: Ogerpon|90/100|[from] Grassy Terrain
|upkeep
|turn|10
|
|t:|1759032704
|move|p2a: Ogerpon|Ivy Cudgel|p1a: Scor Scor|[anim] Ivy Cudgel Water
|-supereffective|p1a: Scor Scor
|-damage|p1a: Scor Scor|14/100 tox
|move|p1a: Scor Scor|Toxic|p2a: Ogerpon
|-status|p2a: Ogerpon|tox
|
|-heal|p2a: Ogerpon|96/100 tox|[from] Grassy Terrain
|-damage|p2a: Ogerpon|90/100 tox|[from] psn
|-heal|p1a: Scor Scor|26/100 tox|[from] ability: Poison Heal
|upkeep
|turn|11
|
|t:|1759032716
|move|p1a: Scor Scor|Protect|p1a: Scor Scor
|-singleturn|p1a: Scor Scor|Protect
|move|p2a: Ogerpon|Swords Dance|p2a: Ogerpon
|-boost|p2a: Ogerpon|atk|2
|
|-heal|p2a: Ogerpon|96/100 tox|[from] Grassy Terrain
|-damage|p2a: Ogerpon|84/100 tox|[from] psn
|-heal|p1a: Scor Scor|39/100 tox|[from] ability: Poison Heal
|-fieldend|move: Grassy Terrain
|upkeep
|turn|12
|
|t:|1759032731
|switch|p1a: Belmont|Gholdengo|100/100
|move|p2a: Ogerpon|Ivy Cudgel|p1a: Belmont|[anim] Ivy Cudgel Water
|-damage|p1a: Belmont|0 fnt
|faint|p1a: Belmont
|
|-damage|p2a: Ogerpon|66/100 tox|[from] psn
|upkeep
|
|t:|1759032741
|switch|p1a: Harambe|Rillaboom, F|78/100
|-fieldstart|move: Grassy Terrain|[from] ability: Grassy Surge|[of] p1a: Harambe
|turn|13
|
|t:|1759032751
|-terastallize|p1a: Harambe|Grass
|move|p1a: Harambe|Grassy Glide|p2a: Ogerpon
|-damage|p2a: Ogerpon|0 fnt
|faint|p2a: Ogerpon
|
|-heal|p1a: Harambe|84/100|[from] Grassy Terrain
|upkeep
|
|t:|1759032762
|switch|p2a: Kingambit|Kingambit, F|75/100
|-damage|p2a: Kingambit|69/100|[from] Stealth Rock
|-activate|p2a: Kingambit|ability: Supreme Overlord
|-start|p2a: Kingambit|fallen2|[silent]
|turn|14
|
|t:|1759032768
|move|p1a: Harambe|Grassy Glide|p2a: Kingambit
|-resisted|p2a: Kingambit
|-damage|p2a: Kingambit|32/100
|move|p2a: Kingambit|Iron Head|p1a: Harambe
|-damage|p1a: Harambe|20/100
|
|-heal|p1a: Harambe|27/100|[from] Grassy Terrain
|-heal|p2a: Kingambit|39/100|[from] Grassy Terrain
|upkeep
|turn|15
|inactive|Gigachadium Z has 90 seconds left.
|
|t:|1759032778
|move|p1a: Harambe|Grassy Glide|p2a: Kingambit
|-resisted|p2a: Kingambit
|-damage|p2a: Kingambit|2/100
|move|p2a: Kingambit|Sucker Punch||[still]
|-fail|p2a: Kingambit
|
|-heal|p1a: Harambe|33/100|[from] Grassy Terrain
|-heal|p2a: Kingambit|8/100|[from] Grassy Terrain
|upkeep
|turn|16
|c|☆Gigachadium Z|?
|inactive|Gigachadium Z has 90 seconds left.
|
|t:|1759032805
|move|p1a: Harambe|Grassy Glide|p2a: Kingambit
|-resisted|p2a: Kingambit
|-damage|p2a: Kingambit|0 fnt
|faint|p2a: Kingambit
|-end|p2a: Kingambit|fallen2|[silent]
|
|-heal|p1a: Harambe|39/100|[from] Grassy Terrain
|upkeep
|
|t:|1759032815
|switch|p2a: Raging Bolt|Raging Bolt|100/100
|-damage|p2a: Raging Bolt|88/100|[from] Stealth Rock
|-enditem|p2a: Raging Bolt|Booster Energy
|-activate|p2a: Raging Bolt|ability: Protosynthesis|[fromitem]
|-start|p2a: Raging Bolt|protosynthesisspa
|turn|17
|
|t:|1759032830
|move|p1a: Harambe|Grassy Glide|p2a: Raging Bolt
|-resisted|p2a: Raging Bolt
|-damage|p2a: Raging Bolt|49/100
|move|p2a: Raging Bolt|Dragon Pulse|p1a: Harambe
|-damage|p1a: Harambe|0 fnt
|faint|p1a: Harambe
|
|-heal|p2a: Raging Bolt|55/100|[from] Grassy Terrain
|-fieldend|move: Grassy Terrain
|upkeep
|
|t:|1759032847
|switch|p1a: Fezant|Fezandipiti, M|76/100
|turn|18
|
|t:|1759032853
|move|p2a: Raging Bolt|Thunderclap|p1a: Fezant
|-damage|p1a: Fezant|38/100
|move|p1a: Fezant|Play Rough|p2a: Raging Bolt
|-supereffective|p2a: Raging Bolt
|-damage|p2a: Raging Bolt|0 fnt
|faint|p2a: Raging Bolt
|-end|p2a: Raging Bolt|Protosynthesis|[silent]
|
|upkeep
|
|t:|1759032861
|switch|p2a: Great Tusk|Great Tusk|100/100
|turn|19
|
|t:|1759032877
|switch|p1a: Scor Scor|Gliscor, F, shiny|39/100 tox
|move|p2a: Great Tusk|Rapid Spin|p1a: Scor Scor
|-damage|p1a: Scor Scor|27/100 tox
|-boost|p2a: Great Tusk|spe|1
|-sideend|p2: Count Aula|Stealth Rock|[from] move: Rapid Spin|[of] p2a: Great Tusk
|
|-heal|p1a: Scor Scor|39/100 tox|[from] ability: Poison Heal
|upkeep
|turn|20
|
|t:|1759032888
|move|p2a: Great Tusk|Knock Off|p1a: Scor Scor
|-damage|p1a: Scor Scor|13/100 tox
|-enditem|p1a: Scor Scor|Toxic Orb|[from] move: Knock Off|[of] p2a: Great Tusk
|move|p1a: Scor Scor|Toxic|p2a: Great Tusk
|-status|p2a: Great Tusk|tox
|
|-damage|p2a: Great Tusk|94/100 tox|[from] psn
|-heal|p1a: Scor Scor|26/100 tox|[from] ability: Poison Heal
|upkeep
|turn|21
|
|t:|1759032900
|move|p1a: Scor Scor|Protect|p1a: Scor Scor
|-singleturn|p1a: Scor Scor|Protect
|move|p2a: Great Tusk|Stealth Rock|p1a: Scor Scor
|-sidestart|p1: Gigachadium Z|move: Stealth Rock
|
|-damage|p2a: Great Tusk|82/100 tox|[from] psn
|-heal|p1a: Scor Scor|38/100 tox|[from] ability: Poison Heal
|upkeep
|turn|22
|
|t:|1759032917
|-end|p2a: Great Tusk|Protosynthesis|[silent]
|switch|p2a: Dragapult|Dragapult, F|100/100
|move|p1a: Scor Scor|Knock Off|p2a: Dragapult
|-supereffective|p2a: Dragapult
|-damage|p2a: Dragapult|44/100
|-enditem|p2a: Dragapult|Choice Specs|[from] move: Knock Off|[of] p1a: Scor Scor
|
|-heal|p1a: Scor Scor|51/100 tox|[from] ability: Poison Heal
|upkeep
|turn|23
|-message|Count Aula forfeited.
|
|win|Gigachadium Z
|raw|Gigachadium Z's rating: 1429 &rarr; <strong>1450</strong><br />(+21 for winning)
|raw|Count Aula's rating: 1451 &rarr; <strong>1430</strong><br />(-21 for losing)
|l|☆Count Aula
|player|p2|
