|j|☆BabyGronkel
|j|☆JumboDorito
|t:|1759032536
|gametype|singles
|player|p1|BabyGronkel|juan|
|player|p2|JumboDorito|170|
|gen|9
|tier|[Gen 9] OU
|rule|HP Percentage Mod: HP is shown in percentages
|rule|Endless Battle Clause: Forcing endless battles is banned
|rule|Species Clause: Limit one of each Pokémon
|rule|OHKO Clause: OHKO moves are banned
|rule|Evasion Items Clause: Evasion items are banned
|rule|Evasion Moves Clause: Evasion moves are banned
|rule|Evasion Abilities Clause: Evasion abilities are banned
|rule|Sleep Moves Clause: Sleep-inducing moves are banned
|clearpoke
|poke|p1|Polteageist|
|poke|p1|Sinistcha-Masterpiece|
|poke|p1|Ting-Lu|
|poke|p1|Infernape, F|
|poke|p1|Floette, F|
|poke|p1|Victreebel, M|
|poke|p2|Hydreigon, F|
|poke|p2|Iron Leaves|
|poke|p2|Keldeo-Resolute|
|poke|p2|Palossand, M|
|poke|p2|Oricorio, M|
|poke|p2|Kleavor, M|
|teampreview
|
|t:|1759032580
|teamsize|p1|6
|teamsize|p2|6
|start
|switch|p1a: Macac|Infernape, F|100/100
|switch|p2a: Vaike|Kleavor, M|100/100
|turn|1
|
|t:|1759032595
|switch|p2a: Lon'qu's fort|Palossand, M|100/100
|move|p1a: Macac|Fire Punch|p2a: Lon'qu's fort
|-damage|p2a: Lon'qu's fort|68/100
|-status|p2a: Lon'qu's fort|brn
|
|-heal|p2a: Lon'qu's fort|74/100 brn|[from] item: Leftovers
|-damage|p2a: Lon'qu's fort|68/100 brn|[from] brn
|upkeep
|turn|2
|
|t:|1759032606
|switch|p1a: Sopa de|Ting-Lu|100/100
|-ability|p1a: Sopa de|Vessel of Ruin
|move|p2a: Lon'qu's fort|Earth Power|p1a: Sopa de
|-damage|p1a: Sopa de|80/100
|
|-heal|p2a: Lon'qu's fort|74/100 brn|[from] item: Leftovers
|-damage|p2a: Lon'qu's fort|68/100 brn|[from] brn
|upkeep
|turn|3
|
|t:|1759032645
|switch|p2a: Vaike|Kleavor, M|100/100
|move|p1a: Sopa de|Ruination|p2a: Vaike
|-damage|p2a: Vaike|51/100
|
|upkeep
|turn|4
|
|t:|1759032652
|move|p2a: Vaike|Stone Axe|p1a: Sopa de
|-resisted|p1a: Sopa de
|-damage|p1a: Sopa de|68/100
|-sidestart|p1: BabyGronkel|move: Stealth Rock
|move|p1a: Sopa de|Whirlwind|p2a: Vaike
|drag|p2a: Lon'qu's fort|Palossand, M|68/100 brn
|
|-heal|p2a: Lon'qu's fort|74/100 brn|[from] item: Leftovers
|-damage|p2a: Lon'qu's fort|68/100 brn|[from] brn
|upkeep
|turn|5
|
|t:|1759032659
|move|p1a: Sopa de|Sunny Day|p1a: Sopa de
|-weather|SunnyDay
|move|p2a: Lon'qu's fort|Earth Power|p1a: Sopa de
|-damage|p1a: Sopa de|47/100
|-unboost|p1a: Sopa de|spd|1
|
|-weather|SunnyDay|[upkeep]
|-heal|p2a: Lon'qu's fort|74/100 brn|[from] item: Leftovers
|-damage|p2a: Lon'qu's fort|68/100 brn|[from] brn
|upkeep
|turn|6
|
|t:|1759032665
|switch|p1a: Container|Victreebel, M|100/100
|-damage|p1a: Container|88/100|[from] Stealth Rock
|move|p2a: Lon'qu's fort|Earth Power|p1a: Container
|-damage|p1a: Container|34/100
|
|-weather|SunnyDay|[upkeep]
|-heal|p2a: Lon'qu's fort|74/100 brn|[from] item: Leftovers
|-damage|p2a: Lon'qu's fort|68/100 brn|[from] brn
|upkeep
|turn|7
|
|t:|1759032683
|move|p1a: Container|Solar Beam||[still]
|-prepare|p1a: Container|Solar Beam
|-anim|p1a: Container|Solar Beam|p2a: Lon'qu's fort
|-supereffective|p2a: Lon'qu's fort
|-damage|p2a: Lon'qu's fort|0 fnt
|faint|p2a: Lon'qu's fort
|
|-weather|SunnyDay|[upkeep]
|upkeep
|
|t:|1759032690
|switch|p2a: Grima|Hydreigon, F|100/100
|turn|8
|
|t:|1759032697
|switch|p1a: Starbucks Girl|Floette, F|100/100
|-damage|p1a: Starbucks Girl|88/100|[from] Stealth Rock
|move|p2a: Grima|Fire Blast|p1a: Starbucks Girl
|-damage|p1a: Starbucks Girl|55/100
|
|-weather|SunnyDay|[upkeep]
|upkeep
|turn|9
|
|t:|1759032708
|switch|p2a: Vaike|Kleavor, M|51/100
|move|p1a: Starbucks Girl|Moonblast|p2a: Vaike
|-damage|p2a: Vaike|9/100
|
|-weather|SunnyDay|[upkeep]
|upkeep
|turn|10
|
|t:|1759032715
|switch|p1a: Sopa de|Ting-Lu|47/100
|-damage|p1a: Sopa de|41/100|[from] Stealth Rock
|-ability|p1a: Sopa de|Vessel of Ruin
|move|p2a: Vaike|Stone Axe|p1a: Sopa de
|-resisted|p1a: Sopa de
|-damage|p1a: Sopa de|30/100
|
|-weather|SunnyDay|[upkeep]
|upkeep
|turn|11
|
|t:|1759032723
|move|p2a: Vaike|Stone Axe|p1a: Sopa de
|-resisted|p1a: Sopa de
|-damage|p1a: Sopa de|17/100
|move|p1a: Sopa de|Ruination|p2a: Vaike
|-damage|p2a: Vaike|5/100
|
|-weather|SunnyDay|[upkeep]
|upkeep
|turn|12
|
|t:|1759032733
|switch|p1a: Matcha|Sinistcha-Masterpiece|100/100
|-damage|p1a: Matcha|88/100|[from] Stealth Rock
|move|p2a: Vaike|Stone Axe|p1a: Matcha
|-damage|p1a: Matcha|32/100
|
|-weather|none
|-heal|p1a: Matcha|38/100|[from] item: Leftovers
|upkeep
|turn|13
|
|t:|1759032746
|switch|p1a: Sopa de|Ting-Lu|17/100
|-damage|p1a: Sopa de|11/100|[from] Stealth Rock
|-ability|p1a: Sopa de|Vessel of Ruin
|move|p2a: Vaike|Stone Axe|p1a: Sopa de
|-resisted|p1a: Sopa de
|-damage|p1a: Sopa de|0 fnt
|faint|p1a: Sopa de
|
|upkeep
|
|t:|1759032752
|switch|p1a: Macac|Infernape, F|100/100
|-damage|p1a: Macac|88/100|[from] Stealth Rock
|turn|14
|
|t:|1759032756
|move|p1a: Macac|Fire Punch|p2a: Vaike
|-damage|p2a: Vaike|0 fnt
|faint|p2a: Vaike
|
|upkeep
|
|t:|1759032784
|switch|p2a: Lucina|Iron Leaves|100/100
|-enditem|p2a: Lucina|Booster Energy
|-activate|p2a: Lucina|ability: Quark Drive|[fromitem]
|-start|p2a: Lucina|quarkdriveatk
|turn|15
|
|t:|1759032816
|-terastallize|p1a: Macac|Fire
|-terastallize|p2a: Lucina|Fighting
|move|p1a: Macac|Fire Punch|p2a: Lucina
|-damage|p2a: Lucina|26/100
|move|p2a: Lucina|Psyblade|p1a: Macac
|-damage|p1a: Macac|2/100
|
|upkeep
|turn|16
|
|t:|1759032826
|move|p1a: Macac|Fire Punch|p2a: Lucina
|-damage|p2a: Lucina|0 fnt
|faint|p2a: Lucina
|-end|p2a: Lucina|Quark Drive|[silent]
|
|upkeep
|
|t:|1759032830
|switch|p2a: Chrom|Keldeo-Resolute|100/100
|turn|17
|
|t:|1759032851
|move|p2a: Chrom|Vacuum Wave|p1a: Macac
|-damage|p1a: Macac|0 fnt
|faint|p1a: Macac
|
|upkeep
|
|t:|1759032868
|switch|p1a: Matcha|Sinistcha-Masterpiece|38/100
|-damage|p1a: Matcha|25/100|[from] Stealth Rock
|turn|18
|
|t:|1759032874
|switch|p2a: Grima|Hydreigon, F|100/100
|move|p1a: Matcha|Strength Sap|p2a: Grima
|-unboost|p2a: Grima|atk|1
|-heal|p1a: Matcha|100/100
|
|upkeep
|turn|19
|
|t:|1759032881
|switch|p1a: Tea|Polteageist|100/100
|-damage|p1a: Tea|88/100|[from] Stealth Rock
|move|p2a: Grima|Dark Pulse|p1a: Tea
|-supereffective|p1a: Tea
|-damage|p1a: Tea|0 fnt
|faint|p1a: Tea
|
|upkeep
|
|t:|1759032888
|switch|p1a: Starbucks Girl|Floette, F|55/100
|-damage|p1a: Starbucks Girl|43/100|[from] Stealth Rock
|turn|20
|
|t:|1759032901
|switch|p2a: Olivia|Oricorio, M|100/100
|move|p1a: Starbucks Girl|Wish|p1a: Starbucks Girl
|
|upkeep
|turn|21
|
|t:|1759032911
|move|p2a: Olivia|Quiver Dance|p2a: Olivia
|-boost|p2a: Olivia|spa|1
|-boost|p2a: Olivia|spd|1
|-boost|p2a: Olivia|spe|1
|move|p1a: Starbucks Girl|Chilling Water|p2a: Olivia
|-supereffective|p2a: Olivia
|-damage|p2a: Olivia|81/100
|-unboost|p2a: Olivia|atk|1
|
|-heal|p1a: Starbucks Girl|93/100|[from] move: Wish|[wisher] Starbucks Girl
|upkeep
|turn|22
|
|t:|1759032915
|move|p2a: Olivia|Quiver Dance|p2a: Olivia
|-boost|p2a: Olivia|spa|1
|-boost|p2a: Olivia|spd|1
|-boost|p2a: Olivia|spe|1
|move|p1a: Starbucks Girl|Wish|p1a: Starbucks Girl
|
|upkeep
|turn|23
|
|t:|1759032919
|move|p2a: Olivia|Quiver Dance|p2a: Olivia
|-boost|p2a: Olivia|spa|1
|-boost|p2a: Olivia|spd|1
|-boost|p2a: Olivia|spe|1
|move|p1a: Starbucks Girl|Sunny Day|p1a: Starbucks Girl
|-weather|SunnyDay
|
|-weather|SunnyDay|[upkeep]
|-heal|p1a: Starbucks Girl|100/100|[from] move: Wish|[wisher] Starbucks Girl
|upkeep
|turn|24
|
|t:|1759032926
|move|p2a: Olivia|Revelation Dance|p1a: Starbucks Girl
|-damage|p1a: Starbucks Girl|14/100
|move|p1a: Starbucks Girl|Chilling Water|p2a: Olivia
|-supereffective|p2a: Olivia
|-damage|p2a: Olivia|76/100
|-unboost|p2a: Olivia|atk|1
|
|-weather|SunnyDay|[upkeep]
|upkeep
|turn|25
|
|t:|1759032931
|move|p2a: Olivia|Revelation Dance|p1a: Starbucks Girl
|-damage|p1a: Starbucks Girl|0 fnt
|faint|p1a: Starbucks Girl
|
|-weather|SunnyDay|[upkeep]
|upkeep
|
|t:|1759032936
|switch|p1a: Container|Victreebel, M|34/100
|-damage|p1a: Container|22/100|[from] Stealth Rock
|turn|26
|
|t:|1759032938
|move|p2a: Olivia|Revelation Dance|p1a: Container
|-supereffective|p1a: Container
|-enditem|p1a: Container|Occa Berry|[eat]
|-enditem|p1a: Container|Occa Berry|[weaken]
|-damage|p1a: Container|0 fnt
|faint|p1a: Container
|
|-weather|SunnyDay|[upkeep]
|upkeep
|
|t:|1759032941
|switch|p1a: Matcha|Sinistcha-Masterpiece|100/100
|-damage|p1a: Matcha|88/100|[from] Stealth Rock
|turn|27
|
|t:|1759032946
|move|p2a: Olivia|Revelation Dance|p1a: Matcha
|-supereffective|p1a: Matcha
|-damage|p1a: Matcha|0 fnt
|faint|p1a: Matcha
|
|win|JumboDorito
|l|☆BabyGronkel
|player|p1|
|l|☆JumboDorito
|player|p2|
