|j|☆zonix14
|j|☆zDinizz
|t:|1759065003
|gametype|singles
|player|p1|zonix14|170|1376
|player|p2|zDinizz|ghetsis-gen5bw|1385
|gen|9
|tier|[Gen 9] OU
|rated|
|rule|HP Percentage Mod: HP is shown in percentages
|rule|Endless Battle Clause: Forcing endless battles is banned
|rule|Species Clause: Limit one of each Pokémon
|rule|OHKO Clause: OHKO moves are banned
|rule|Evasion Items Clause: Evasion items are banned
|rule|Evasion Moves Clause: Evasion moves are banned
|rule|Evasion Abilities Clause: Evasion abilities are banned
|rule|Sleep Moves Clause: Sleep-inducing moves are banned
|clearpoke
|poke|p1|Masquerain, M|
|poke|p1|Cinderace, F|
|poke|p1|Serperior, F|
|poke|p1|Gholdengo|
|poke|p1|Iron Moth|
|poke|p1|Hawlucha, F|
|poke|p2|Hoopa-Unbound|
|poke|p2|Cinderace, F|
|poke|p2|Dragapult, F|
|poke|p2|Garganacl, F|
|poke|p2|Zamazenta-*|
|poke|p2|Iron Treads|
|teampreview
|inactive|Battle timer is ON: inactive players will automatically lose when time's up. (requested by zonix14)
|
|t:|1759065009
|teamsize|p1|6
|teamsize|p2|6
|start
|switch|p1a: Masquerain|Masquerain, M|100/100
|switch|p2a: Cinderace|Cinderace, F|100/100
|-ability|p1a: Masquerain|Intimidate|boost
|-unboost|p2a: Cinderace|atk|1
|turn|1
|
|t:|1759065014
|move|p2a: Cinderace|Pyro Ball|p1a: Masquerain
|-supereffective|p1a: Masquerain
|-enditem|p1a: Masquerain|Focus Sash
|-damage|p1a: Masquerain|1/100
|-status|p1a: Masquerain|brn
|move|p1a: Masquerain|Sticky Web|p2a: Cinderace
|-sidestart|p2: zDinizz|move: Sticky Web
|
|-damage|p1a: Masquerain|0 fnt|[from] brn
|faint|p1a: Masquerain
|upkeep
|
|t:|1759065024
|switch|p1a: Cinderace|Cinderace, F|100/100
|turn|2
|
|t:|1759065027
|move|p2a: Cinderace|Court Change|p2a: Cinderace
|-swapsideconditions
|-activate|p2a: Cinderace|move: Court Change
|move|p1a: Cinderace|High Jump Kick|p2a: Cinderace
|-damage|p2a: Cinderace|45/100
|
|upkeep
|turn|3
|
|t:|1759065034
|switch|p2a: Dragapult|Dragapult, F|100/100
|move|p1a: Cinderace|Pyro Ball|p2a: Dragapult
|-resisted|p2a: Dragapult
|-crit|p2a: Dragapult
|-damage|p2a: Dragapult|42/100
|
|upkeep
|turn|4
|
|t:|1759065042
|move|p2a: Dragapult|Draco Meteor|p1a: Cinderace|[miss]
|-miss|p2a: Dragapult|p1a: Cinderace
|move|p1a: Cinderace|Pyro Ball|p2a: Dragapult
|-resisted|p2a: Dragapult
|-damage|p2a: Dragapult|6/100
|
|upkeep
|turn|5
|
|t:|1759065045
|move|p2a: Dragapult|Draco Meteor|p1a: Cinderace
|-enditem|p1a: Cinderace|Focus Sash
|-damage|p1a: Cinderace|1/100
|-unboost|p2a: Dragapult|spa|2
|-damage|p2a: Dragapult|0 fnt|[from] item: Life Orb
|faint|p2a: Dragapult
|move|p1a: Cinderace|Pyro Ball|p2: Dragapult|[notarget]
|-fail|p1a: Cinderace
|
|upkeep
|
|t:|1759065061
|switch|p2a: Zamazenta|Zamazenta|100/100
|-ability|p2a: Zamazenta|Dauntless Shield|boost
|-boost|p2a: Zamazenta|def|1
|turn|6
|
|t:|1759065064
|move|p2a: Zamazenta|Crunch|p1a: Cinderace
|-damage|p1a: Cinderace|0 fnt
|faint|p1a: Cinderace
|
|upkeep
|inactive|zonix14 has 120 seconds left.
|
|t:|1759065104
|switch|p1a: Serperior|Serperior, F|100/100
|-activate|p1a: Serperior|move: Sticky Web
|-boost|p1a: Serperior|spe|1
|turn|7
|
|t:|1759065117
|move|p1a: Serperior|Leaf Storm|p2a: Zamazenta
|-damage|p2a: Zamazenta|54/100
|-boost|p1a: Serperior|spa|2
|move|p2a: Zamazenta|Ice Fang|p1a: Serperior
|-supereffective|p1a: Serperior
|-damage|p1a: Serperior|40/100
|
|upkeep
|turn|8
|
|t:|1759065123
|move|p1a: Serperior|Leaf Storm|p2a: Zamazenta
|-damage|p2a: Zamazenta|0 fnt
|-boost|p1a: Serperior|spa|2
|faint|p2a: Zamazenta
|
|upkeep
|
|t:|1759065126
|switch|p2a: Hoopa|Hoopa-Unbound|100/100
|turn|9
|
|t:|1759065129
|move|p1a: Serperior|Substitute|p1a: Serperior
|-start|p1a: Serperior|Substitute
|-damage|p1a: Serperior|15/100
|move|p2a: Hoopa|Psyshock|p1a: Serperior
|-end|p1a: Serperior|Substitute
|
|upkeep
|turn|10
|
|t:|1759065131
|move|p1a: Serperior|Leaf Storm|p2a: Hoopa
|-damage|p2a: Hoopa|0 fnt
|-boost|p1a: Serperior|spa|2
|faint|p2a: Hoopa
|
|upkeep
|
|t:|1759065134
|switch|p2a: Cinderace|Cinderace, F|45/100
|turn|11
|
|t:|1759065142
|move|p1a: Serperior|Dragon Pulse|p2a: Cinderace
|-damage|p2a: Cinderace|0 fnt
|faint|p2a: Cinderace
|
|upkeep
|-message|zDinizz forfeited.
|
|win|zonix14
|raw|zonix14's rating: 1376 &rarr; <strong>1397</strong><br />(+21 for winning)
|raw|zDinizz's rating: 1385 &rarr; <strong>1364</strong><br />(-21 for losing)
|l|☆zDinizz
|player|p2|
|l|☆zonix14
|player|p1|
