|j|☆dicolibri
|j|☆tapu moxo
|t:|1758991787
|gametype|singles
|player|p1|dicolibri|hiker|1540
|player|p2|tapu moxo|yellow|1624
|gen|9
|tier|[Gen 9] OU
|rated|
|rule|HP Percentage Mod: HP is shown in percentages
|rule|Endless Battle Clause: Forcing endless battles is banned
|rule|Species Clause: Limit one of each Pokémon
|rule|OHKO Clause: OHKO moves are banned
|rule|Evasion Items Clause: Evasion items are banned
|rule|Evasion Moves Clause: Evasion moves are banned
|rule|Evasion Abilities Clause: Evasion abilities are banned
|rule|Sleep Moves Clause: Sleep-inducing moves are banned
|clearpoke
|poke|p1|Mesprit|
|poke|p1|Hatterene, F|
|poke|p1|Kingambit, F|
|poke|p1|Ursaluna, F|
|poke|p1|Iron Hands|
|poke|p1|Hoopa-Unbound|
|poke|p2|Smeargle, M|
|poke|p2|Ceruledge, F|
|poke|p2|Kingambit, M|
|poke|p2|Serperior, M|
|poke|p2|Gyarados, F|
|poke|p2|Enamorus, F|
|teampreview
|j| Squallskip
|inactive|Battle timer is ON: inactive players will automatically lose when time's up. (requested by tapu moxo)
|
|t:|1758991814
|teamsize|p1|6
|teamsize|p2|6
|start
|switch|p1a: Ursaluna|Ursaluna, F|100/100
|switch|p2a: Enamorus|Enamorus, F|100/100
|turn|1
|
|t:|1758991822
|move|p2a: Enamorus|Superpower|p1a: Ursaluna
|-supereffective|p1a: Ursaluna
|-damage|p1a: Ursaluna|55/100
|-boost|p2a: Enamorus|atk|1
|-boost|p2a: Enamorus|def|1
|move|p1a: Ursaluna|Facade|p2a: Enamorus
|-damage|p2a: Enamorus|54/100
|
|-heal|p2a: Enamorus|61/100|[from] item: Leftovers
|-status|p1a: Ursaluna|brn|[from] item: Flame Orb
|upkeep
|turn|2
|
|t:|1758991830
|switch|p1a: Mesprit|Mesprit|100/100
|move|p2a: Enamorus|Superpower|p1a: Mesprit
|-resisted|p1a: Mesprit
|-damage|p1a: Mesprit|81/100
|-boost|p2a: Enamorus|atk|1
|-boost|p2a: Enamorus|def|1
|
|-heal|p2a: Enamorus|67/100|[from] item: Leftovers
|upkeep
|turn|3
|
|t:|1758991836
|move|p2a: Enamorus|Moonblast|p1a: Mesprit
|-damage|p1a: Mesprit|50/100
|move|p1a: Mesprit|Trick Room|p1a: Mesprit
|-fieldstart|move: Trick Room|[of] p1a: Mesprit
|
|-heal|p2a: Enamorus|73/100|[from] item: Leftovers
|upkeep
|turn|4
|
|t:|1758991843
|move|p1a: Mesprit|Stealth Rock|p2a: Enamorus
|-sidestart|p2: tapu moxo|move: Stealth Rock
|move|p2a: Enamorus|Moonblast|p1a: Mesprit
|-damage|p1a: Mesprit|14/100
|
|-heal|p2a: Enamorus|79/100|[from] item: Leftovers
|upkeep
|turn|5
|
|t:|1758991851
|move|p1a: Mesprit|Healing Wish|p1a: Mesprit
|faint|p1a: Mesprit
|move|p2a: Enamorus|Superpower|p1: Mesprit|[notarget]
|-fail|p2a: Enamorus
|
|-heal|p2a: Enamorus|86/100|[from] item: Leftovers
|upkeep
|
|t:|1758991861
|switch|p1a: Kingambit|Kingambit, F|100/100
|-activate|p1a: Kingambit|ability: Supreme Overlord
|-start|p1a: Kingambit|fallen1|[silent]
|turn|6
|
|t:|1758991866
|move|p1a: Kingambit|Iron Head|p2a: Enamorus
|-supereffective|p2a: Enamorus
|-damage|p2a: Enamorus|0 fnt
|faint|p2a: Enamorus
|-damage|p1a: Kingambit|91/100|[from] item: Life Orb
|
|upkeep
|
|t:|1758991872
|switch|p2a: Smeargle|Smeargle, M|100/100
|-damage|p2a: Smeargle|88/100|[from] Stealth Rock
|turn|7
|
|t:|1758991882
|-end|p1a: Kingambit|fallen1|[silent]
|switch|p1a: Hatterene|Hatterene, F|100/100
|move|p2a: Smeargle|Burning Bulwark||[still]
|-fail|p2a: Smeargle
|
|-fieldend|move: Trick Room
|upkeep
|turn|8
|
|t:|1758991900
|move|p2a: Smeargle|Court Change|p2a: Smeargle
|-swapsideconditions
|-activate|p2a: Smeargle|move: Court Change
|move|p1a: Hatterene|Trick Room|p1a: Hatterene
|-fieldstart|move: Trick Room|[of] p1a: Hatterene
|
|upkeep
|turn|9
|
|t:|1758991908
|switch|p1a: Ursaluna|Ursaluna, F|55/100 brn
|-heal|p1a: Ursaluna|100/100|[from] move: Healing Wish
|-damage|p1a: Ursaluna|94/100|[from] Stealth Rock
|move|p2a: Smeargle|Glare|p1a: Ursaluna
|-status|p1a: Ursaluna|par
|
|upkeep
|turn|10
|
|t:|1758991930
|move|p2a: Smeargle|Burning Bulwark|p2a: Smeargle
|-singleturn|p2a: Smeargle|move: Protect
|move|p1a: Ursaluna|Headlong Rush|p2a: Smeargle
|-activate|p2a: Smeargle|move: Protect
|
|upkeep
|turn|11
|
|t:|1758991937
|move|p2a: Smeargle|Burning Bulwark||[still]
|-fail|p2a: Smeargle
|move|p1a: Ursaluna|Facade|p2a: Smeargle
|-crit|p2a: Smeargle
|-damage|p2a: Smeargle|0 fnt
|faint|p2a: Smeargle
|
|upkeep
|
|t:|1758991946
|switch|p2a: Ceruledge|Ceruledge, F|100/100
|turn|12
|inactive|dicolibri has 120 seconds left.
|
|t:|1758991998
|switch|p1a: Hatterene|Hatterene, F|100/100
|-damage|p1a: Hatterene|88/100|[from] Stealth Rock
|move|p2a: Ceruledge|Swords Dance|p2a: Ceruledge
|-boost|p2a: Ceruledge|atk|2
|
|-heal|p1a: Hatterene|94/100|[from] item: Leftovers
|-fieldend|move: Trick Room
|upkeep
|turn|13
|
|t:|1758992018
|-terastallize|p1a: Hatterene|Water
|move|p2a: Ceruledge|Poltergeist|p1a: Hatterene
|-activate|p1a: Hatterene|move: Poltergeist|Leftovers
|-damage|p1a: Hatterene|0 fnt
|faint|p1a: Hatterene
|
|upkeep
|inactive|dicolibri has 90 seconds left.
|
|t:|1758992040
|switch|p1a: Ursaluna|Ursaluna, F|94/100 par
|-damage|p1a: Ursaluna|88/100 par|[from] Stealth Rock
|turn|14
|
|t:|1758992044
|move|p2a: Ceruledge|Bitter Blade|p1a: Ursaluna
|-damage|p1a: Ursaluna|21/100 par
|cant|p1a: Ursaluna|par
|
|upkeep
|turn|15
|
|t:|1758992052
|move|p2a: Ceruledge|Bitter Blade|p1a: Ursaluna
|-damage|p1a: Ursaluna|0 fnt
|faint|p1a: Ursaluna
|
|upkeep
|
|t:|1758992056
|switch|p1a: Iron Hands|Iron Hands|100/100
|-damage|p1a: Iron Hands|94/100|[from] Stealth Rock
|-enditem|p1a: Iron Hands|Booster Energy
|-activate|p1a: Iron Hands|ability: Quark Drive|[fromitem]
|-start|p1a: Iron Hands|quarkdriveatk
|turn|16
|
|t:|1758992061
|move|p2a: Ceruledge|Bitter Blade|p1a: Iron Hands
|-damage|p1a: Iron Hands|32/100
|move|p1a: Iron Hands|Thunder Punch|p2a: Ceruledge
|-damage|p2a: Ceruledge|10/100
|-status|p2a: Ceruledge|par
|-ability|p2a: Ceruledge|Weak Armor|boost
|-unboost|p2a: Ceruledge|def|1
|-boost|p2a: Ceruledge|spe|2
|
|upkeep
|turn|17
|inactive|dicolibri has 120 seconds left.
|
|t:|1758992086
|move|p2a: Ceruledge|Bitter Blade|p1a: Iron Hands
|-damage|p1a: Iron Hands|0 fnt
|-heal|p2a: Ceruledge|38/100 par|[from] drain|[of] p1a: Iron Hands
|faint|p1a: Iron Hands
|-end|p1a: Iron Hands|Quark Drive|[silent]
|
|upkeep
|
|t:|1758992089
|switch|p1a: Kingambit|Kingambit, F|91/100
|-damage|p1a: Kingambit|84/100|[from] Stealth Rock
|-activate|p1a: Kingambit|ability: Supreme Overlord
|-start|p1a: Kingambit|fallen4|[silent]
|turn|18
|
|t:|1758992093
|move|p1a: Kingambit|Sucker Punch|p2a: Ceruledge
|-supereffective|p2a: Ceruledge
|-damage|p2a: Ceruledge|0 fnt
|faint|p2a: Ceruledge
|-damage|p1a: Kingambit|74/100|[from] item: Life Orb
|
|upkeep
|
|t:|1758992101
|switch|p2a: Serperior|Serperior, M, shiny|100/100
|turn|19
|
|t:|1758992106
|-end|p1a: Kingambit|fallen4|[silent]
|switch|p1a: Hoopa|Hoopa-Unbound|100/100
|-damage|p1a: Hoopa|88/100|[from] Stealth Rock
|move|p2a: Serperior|Glare|p1a: Hoopa
|-status|p1a: Hoopa|par
|
|upkeep
|turn|20
|
|t:|1758992112
|move|p2a: Serperior|Leaf Storm|p1a: Hoopa
|-damage|p1a: Hoopa|55/100 par
|-boost|p2a: Serperior|spa|2
|move|p1a: Hoopa|Trick Room|p1a: Hoopa
|-fieldstart|move: Trick Room|[of] p1a: Hoopa
|
|upkeep
|turn|21
|
|t:|1758992118
|move|p1a: Hoopa|Hyperspace Fury|p2a: Serperior
|-damage|p2a: Serperior|0 fnt
|-unboost|p1a: Hoopa|def|1
|faint|p2a: Serperior
|-damage|p1a: Hoopa|45/100 par|[from] item: Life Orb
|
|upkeep
|
|t:|1758992123
|switch|p2a: Kingambit|Kingambit, M, shiny|100/100
|turn|22
|
|t:|1758992129
|-terastallize|p2a: Kingambit|Ghost
|move|p1a: Hoopa|Drain Punch|p2a: Kingambit
|-immune|p2a: Kingambit
|move|p2a: Kingambit|Swords Dance|p2a: Kingambit
|-boost|p2a: Kingambit|atk|2
|
|upkeep
|turn|23
|
|t:|1758992137
|move|p1a: Hoopa|Hyperspace Fury|p2a: Kingambit
|-supereffective|p2a: Kingambit
|-damage|p2a: Kingambit|0 fnt
|-unboost|p1a: Hoopa|def|1
|faint|p2a: Kingambit
|-damage|p1a: Hoopa|35/100 par|[from] item: Life Orb
|
|upkeep
|
|t:|1758992141
|switch|p2a: Gyarados|Gyarados, F|100/100
|turn|24
|
|t:|1758992152
|cant|p1a: Hoopa|par
|move|p2a: Gyarados|Waterfall|p1a: Hoopa
|-damage|p1a: Hoopa|0 fnt
|faint|p1a: Hoopa
|-ability|p2a: Gyarados|Moxie|boost
|-boost|p2a: Gyarados|atk|1
|
|-fieldend|move: Trick Room
|upkeep
|
|t:|1758992156
|switch|p1a: Kingambit|Kingambit, F|74/100
|-damage|p1a: Kingambit|68/100|[from] Stealth Rock
|-activate|p1a: Kingambit|ability: Supreme Overlord
|-start|p1a: Kingambit|fallen5|[silent]
|turn|25
|
|t:|1758992163
|move|p2a: Gyarados|Earthquake|p1a: Kingambit
|-supereffective|p1a: Kingambit
|-damage|p1a: Kingambit|0 fnt
|faint|p1a: Kingambit
|-end|p1a: Kingambit|fallen5|[silent]
|
|win|tapu moxo
|raw|dicolibri's rating: 1540 &rarr; <strong>1525</strong><br />(-15 for losing)
|raw|tapu moxo's rating: 1624 &rarr; <strong>1639</strong><br />(+15 for winning)
|l|☆tapu moxo
|player|p2|
|l|☆dicolibri
|player|p1|
