|j|☆Megumin's Husband
|j|☆TrentMercer
|t:|1759015710
|gametype|singles
|player|p1|Megumin's Husband|guitarist|1641
|player|p2|TrentMercer|n|1632
|gen|9
|tier|[Gen 9] OU
|rated|
|rule|HP Percentage Mod: HP is shown in percentages
|rule|Endless Battle Clause: Forcing endless battles is banned
|rule|Species Clause: Limit one of each Pokémon
|rule|OHKO Clause: OHKO moves are banned
|rule|Evasion Items Clause: Evasion items are banned
|rule|Evasion Moves Clause: Evasion moves are banned
|rule|Evasion Abilities Clause: Evasion abilities are banned
|rule|Sleep Moves Clause: Sleep-inducing moves are banned
|clearpoke
|poke|p1|Pecharunt|
|poke|p1|Primarina, F|
|poke|p1|Heatran, M|
|poke|p1|Great Tusk|
|poke|p1|Weavile, F|
|poke|p1|Ogerpon, F|
|poke|p2|Great Tusk|
|poke|p2|Slowking-Galar, F|
|poke|p2|Cinderace, M|
|poke|p2|Crawdaunt, F|
|poke|p2|Zapdos|
|poke|p2|Gholdengo|
|teampreview
|inactive|Battle timer is ON: inactive players will automatically lose when time's up. (requested by Megumin's Husband)
|
|t:|1759015741
|teamsize|p1|6
|teamsize|p2|6
|start
|switch|p1a: Weavile|Weavile, F|100/100
|switch|p2a: Gholdengo|Gholdengo|100/100
|-ability|p1a: Weavile|Pressure
|turn|1
|inactive|Megumin's Husband has 120 seconds left.
|inactive|Megumin's Husband has 90 seconds left.
|inactive|Megumin's Husband has 60 seconds left.
|
|t:|1759015835
|switch|p1a: Heatran|Heatran, M, shiny|100/100
|-item|p1a: Heatran|Air Balloon
|move|p2a: Gholdengo|Make It Rain|p1a: Heatran
|-resisted|p1a: Heatran
|-damage|p1a: Heatran|91/100
|-unboost|p2a: Gholdengo|spa|1
|-enditem|p1a: Heatran|Air Balloon
|
|upkeep
|turn|2
|
|t:|1759015842
|switch|p2a: Crawdaunt|Crawdaunt, F|100/100
|switch|p1a: Weavile|Weavile, F|100/100
|-ability|p1a: Weavile|Pressure
|
|upkeep
|turn|3
|inactive|Megumin's Husband has 60 seconds left.
|
|t:|1759015863
|switch|p2a: Zapdos|Zapdos|100/100
|move|p1a: Weavile|Knock Off|p2a: Zapdos
|-damage|p2a: Zapdos|46/100
|-status|p1a: Weavile|par|[from] ability: Static|[of] p2a: Zapdos
|-enditem|p2a: Zapdos|Heavy-Duty Boots|[from] move: Knock Off|[of] p1a: Weavile
|
|upkeep
|turn|4
|inactive|Megumin's Husband has 60 seconds left.
|
|t:|1759015872
|switch|p1a: Heatran|Heatran, M, shiny|91/100
|move|p2a: Zapdos|Volt Switch|p1a: Heatran
|-damage|p1a: Heatran|72/100
|
|t:|1759015875
|switch|p2a: Crawdaunt|Crawdaunt, F|100/100|[from] Volt Switch
|
|upkeep
|turn|5
|
|t:|1759015880
|move|p2a: Crawdaunt|Knock Off|p1a: Heatran
|-damage|p1a: Heatran|10/100
|move|p1a: Heatran|Stealth Rock|p2a: Crawdaunt
|-sidestart|p2: TrentMercer|move: Stealth Rock
|
|upkeep
|turn|6
|
|t:|1759015886
|move|p2a: Crawdaunt|Knock Off|p1a: Heatran
|-damage|p1a: Heatran|0 fnt
|faint|p1a: Heatran
|
|upkeep
|
|t:|1759015888
|switch|p1a: Ogerpon|Ogerpon, F|100/100
|turn|7
|
|t:|1759015898
|switch|p2a: Zapdos|Zapdos|46/100
|-damage|p2a: Zapdos|21/100|[from] Stealth Rock
|-terastallize|p1a: Ogerpon|Grass
|detailschange|p1a: Ogerpon|Ogerpon-Teal-Tera, F, tera:Grass
|-ability|p1a: Ogerpon|Embody Aspect (Teal)|boost
|-boost|p1a: Ogerpon|spe|1
|move|p1a: Ogerpon|Ivy Cudgel|p2a: Zapdos
|-resisted|p2a: Zapdos
|-damage|p2a: Zapdos|0 fnt
|faint|p2a: Zapdos
|
|upkeep
|
|t:|1759015912
|switch|p2a: Cinderace|Cinderace, M|100/100
|turn|8
|
|t:|1759015914
|move|p1a: Ogerpon|Ivy Cudgel|p2a: Cinderace
|-resisted|p2a: Cinderace
|-damage|p2a: Cinderace|29/100
|move|p2a: Cinderace|U-turn|p1a: Ogerpon
|-start|p2a: Cinderace|typechange|Bug|[from] ability: Libero
|-supereffective|p1a: Ogerpon
|-damage|p1a: Ogerpon|12/100
|
|t:|1759015922
|switch|p2a: Crawdaunt|Crawdaunt, F|100/100|[from] U-turn
|-damage|p2a: Crawdaunt|88/100|[from] Stealth Rock
|
|upkeep
|turn|9
|
|t:|1759015927
|move|p2a: Crawdaunt|Aqua Jet|p1a: Ogerpon
|-resisted|p1a: Ogerpon
|-damage|p1a: Ogerpon|0 fnt
|faint|p1a: Ogerpon
|detailschange|p1: Ogerpon|Ogerpon, F|[silent]
|
|upkeep
|
|t:|1759015930
|switch|p1a: Primarina|Primarina, F|100/100
|turn|10
|
|t:|1759015935
|switch|p2a: Slowking|Slowking-Galar, F|100/100
|-damage|p2a: Slowking|88/100|[from] Stealth Rock
|move|p1a: Primarina|Flip Turn|p2a: Slowking
|-damage|p2a: Slowking|74/100
|
|t:|1759015937
|switch|p1a: Weavile|Weavile, F|100/100 par|[from] Flip Turn
|-ability|p1a: Weavile|Pressure
|
|upkeep
|turn|11
|
|t:|1759015947
|switch|p2a: Crawdaunt|Crawdaunt, F|88/100
|-damage|p2a: Crawdaunt|76/100|[from] Stealth Rock
|move|p1a: Weavile|Triple Axel|p2a: Crawdaunt
|-resisted|p2a: Crawdaunt
|-damage|p2a: Crawdaunt|65/100
|-resisted|p2a: Crawdaunt
|-crit|p2a: Crawdaunt
|-damage|p2a: Crawdaunt|35/100
|-resisted|p2a: Crawdaunt
|-damage|p2a: Crawdaunt|3/100
|-hitcount|p2a: Crawdaunt|3
|
|upkeep
|turn|12
|
|t:|1759015957
|move|p2a: Crawdaunt|Crabhammer|p1a: Weavile
|-damage|p1a: Weavile|0 fnt
|faint|p1a: Weavile
|
|upkeep
|
|t:|1759015961
|switch|p1a: Primarina|Primarina, F|100/100
|turn|13
|
|t:|1759015965
|move|p2a: Crawdaunt|Crabhammer|p1a: Primarina|[miss]
|-miss|p2a: Crawdaunt|p1a: Primarina
|move|p1a: Primarina|Psychic Noise|p2a: Crawdaunt
|-resisted|p2a: Crawdaunt
|-damage|p2a: Crawdaunt|0 fnt
|faint|p2a: Crawdaunt
|
|upkeep
|
|t:|1759015974
|switch|p2a: Slowking|Slowking-Galar, F|100/100
|-damage|p2a: Slowking|88/100|[from] Stealth Rock
|turn|14
|
|t:|1759015985
|move|p1a: Primarina|Flip Turn|p2a: Slowking
|-damage|p2a: Slowking|72/100
|
|t:|1759015987
|switch|p1a: Great Tusk|Great Tusk|100/100|[from] Flip Turn
|move|p2a: Slowking|Psyshock|p1a: Great Tusk
|-supereffective|p1a: Great Tusk
|-damage|p1a: Great Tusk|41/100
|
|upkeep
|turn|15
|
|t:|1759016004
|switch|p2a: Cinderace|Cinderace, M|29/100
|move|p1a: Great Tusk|Headlong Rush|p2a: Cinderace
|-supereffective|p2a: Cinderace
|-damage|p2a: Cinderace|0 fnt
|-unboost|p1a: Great Tusk|def|1
|-unboost|p1a: Great Tusk|spd|1
|faint|p2a: Cinderace
|
|upkeep
|
|t:|1759016013
|switch|p2a: Great Tusk|Great Tusk|100/100
|-damage|p2a: Great Tusk|98/100|[from] Stealth Rock
|-enditem|p2a: Great Tusk|Booster Energy
|-activate|p2a: Great Tusk|ability: Protosynthesis|[fromitem]
|-start|p2a: Great Tusk|protosynthesisatk
|turn|16
|
|t:|1759016026
|move|p2a: Great Tusk|Rapid Spin|p1a: Great Tusk
|-damage|p1a: Great Tusk|16/100
|-boost|p2a: Great Tusk|spe|1
|-sideend|p2: TrentMercer|Stealth Rock|[from] move: Rapid Spin|[of] p2a: Great Tusk
|move|p1a: Great Tusk|Ice Spinner|p2a: Great Tusk
|-supereffective|p2a: Great Tusk
|-damage|p2a: Great Tusk|56/100
|
|upkeep
|turn|17
|
|t:|1759016037
|move|p2a: Great Tusk|Ice Spinner|p1a: Great Tusk
|-supereffective|p1a: Great Tusk
|-damage|p1a: Great Tusk|0 fnt
|faint|p1a: Great Tusk
|-end|p1a: Great Tusk|Protosynthesis|[silent]
|
|upkeep
|
|t:|1759016039
|switch|p1a: Primarina|Primarina, F|100/100
|turn|18
|
|t:|1759016042
|-terastallize|p2a: Great Tusk|Water
|move|p2a: Great Tusk|Headlong Rush|p1a: Primarina
|-damage|p1a: Primarina|10/100
|-unboost|p2a: Great Tusk|def|1
|-unboost|p2a: Great Tusk|spd|1
|move|p1a: Primarina|Psychic Noise|p2a: Great Tusk
|-resisted|p2a: Great Tusk
|-damage|p2a: Great Tusk|10/100
|-start|p2a: Great Tusk|move: Heal Block
|
|upkeep
|turn|19
|-message|Megumin's Husband forfeited.
|
|win|TrentMercer
|raw|Megumin&apos;s Husband's rating: 1641 &rarr; <strong>1620</strong><br />(-21 for losing)
|raw|TrentMercer's rating: 1632 &rarr; <strong>1653</strong><br />(+21 for winning)
|l|☆Megumin's Husband
|player|p1|
|l|☆TrentMercer
|player|p2|
