|j|☆frull
|j|☆alfvaz
|t:|1759046333
|gametype|singles
|player|p1|frull|266|1078
|player|p2|alfvaz|hiker-gen4|1122
|gen|9
|tier|[Gen 9] OU
|rated|
|rule|HP Percentage Mod: HP is shown in percentages
|rule|Endless Battle Clause: Forcing endless battles is banned
|rule|Species Clause: Limit one of each Pokémon
|rule|OHKO Clause: OHKO moves are banned
|rule|Evasion Items Clause: Evasion items are banned
|rule|Evasion Moves Clause: Evasion moves are banned
|rule|Evasion Abilities Clause: Evasion abilities are banned
|rule|Sleep Moves Clause: Sleep-inducing moves are banned
|clearpoke
|poke|p1|Gholdengo|
|poke|p1|Great Tusk|
|poke|p1|Iron Boulder|
|poke|p1|Volcanion|
|poke|p1|Enamorus, F|
|poke|p1|Rotom-Wash|
|poke|p2|Emboar, M|
|poke|p2|Deoxys-Speed|
|poke|p2|Electivire, M|
|poke|p2|Araquanid, M|
|poke|p2|Iron Treads|
|poke|p2|Gardevoir, F|
|teampreview
|inactive|Battle timer is ON: inactive players will automatically lose when time's up. (requested by frull)
|
|t:|1759046350
|teamsize|p1|6
|teamsize|p2|6
|start
|switch|p1a: The Mosque|Gholdengo|100/100
|switch|p2a: Deoxys|Deoxys-Speed|100/100
|-ability|p2a: Deoxys|Pressure
|turn|1
|
|t:|1759046364
|switch|p2a: Electivire|Electivire, M|100/100
|move|p1a: The Mosque|Shadow Ball|p2a: Electivire
|-damage|p2a: Electivire|53/100
|-damage|p1a: The Mosque|91/100|[from] item: Life Orb
|
|upkeep
|turn|2
|
|t:|1759046374
|switch|p1a: Great Tusk|Great Tusk|100/100
|move|p2a: Electivire|Earthquake|p1a: Great Tusk
|-crit|p1a: Great Tusk
|-damage|p1a: Great Tusk|73/100
|
|-heal|p1a: Great Tusk|79/100|[from] item: Leftovers
|upkeep
|turn|3
|
|t:|1759046385
|switch|p2a: Araquanid|Araquanid, M, shiny|100/100
|move|p1a: Great Tusk|Headlong Rush|p2a: Araquanid
|-resisted|p2a: Araquanid
|-crit|p2a: Araquanid
|-damage|p2a: Araquanid|54/100
|-unboost|p1a: Great Tusk|def|1
|-unboost|p1a: Great Tusk|spd|1
|
|-heal|p1a: Great Tusk|85/100|[from] item: Leftovers
|upkeep
|turn|4
|
|t:|1759046399
|-end|p1a: Great Tusk|Protosynthesis|[silent]
|switch|p1a: White and Red|Rotom-Wash|100/100
|move|p2a: Araquanid|Sticky Web|p1a: White and Red
|-sidestart|p1: frull|move: Sticky Web
|
|upkeep
|turn|5
|
|t:|1759046407
|switch|p2a: Gardevoir|Gardevoir, F, shiny|100/100
|-ability|p2a: Gardevoir|Levitate|Trace|[from] ability: Trace|[of] p1a: White and Red
|move|p1a: White and Red|Discharge|p2a: Gardevoir
|-damage|p2a: Gardevoir|81/100
|
|-heal|p2a: Gardevoir|87/100|[from] item: Leftovers
|upkeep
|turn|6
|
|t:|1759046417
|move|p1a: White and Red|Will-O-Wisp|p2a: Gardevoir
|-status|p2a: Gardevoir|brn
|move|p2a: Gardevoir|Future Sight|p1a: White and Red
|-start|p2a: Gardevoir|move: Future Sight
|
|-heal|p2a: Gardevoir|93/100 brn|[from] item: Leftovers
|-damage|p2a: Gardevoir|87/100 brn|[from] brn
|upkeep
|turn|7
|
|t:|1759046426
|move|p1a: White and Red|Hydro Pump|p2a: Gardevoir
|-damage|p2a: Gardevoir|62/100 brn
|move|p2a: Gardevoir|Wish|p2a: Gardevoir
|
|-heal|p2a: Gardevoir|68/100 brn|[from] item: Leftovers
|-damage|p2a: Gardevoir|62/100 brn|[from] brn
|upkeep
|turn|8
|
|t:|1759046437
|move|p1a: White and Red|Volt Switch|p2a: Gardevoir
|-damage|p2a: Gardevoir|45/100 brn
|
|t:|1759046445
|switch|p1a: The Mosque|Gholdengo|91/100|[from] Volt Switch
|-activate|p1a: The Mosque|move: Sticky Web
|-unboost|p1a: The Mosque|spe|1
|move|p2a: Gardevoir|Teleport|p2a: Gardevoir
|
|t:|1759046451
|switch|p2a: Electivire|Electivire, M|53/100|[from] Teleport
|
|-end|p1a: The Mosque|move: Future Sight
|-resisted|p1a: The Mosque
|-damage|p1a: The Mosque|63/100
|-heal|p2a: Electivire|100/100|[from] move: Wish|[wisher] Gardevoir
|upkeep
|turn|9
|
|t:|1759046465
|switch|p1a: White and Red|Rotom-Wash|100/100
|move|p2a: Electivire|Flamethrower|p1a: White and Red
|-resisted|p1a: White and Red
|-damage|p1a: White and Red|93/100
|
|-heal|p1a: White and Red|99/100|[from] item: Leftovers
|upkeep
|turn|10
|
|t:|1759046476
|switch|p2a: Gardevoir|Gardevoir, F, shiny|45/100 brn
|-ability|p2a: Gardevoir|Levitate|Trace|[from] ability: Trace|[of] p1a: White and Red
|move|p1a: White and Red|Hydro Pump|p2a: Gardevoir
|-damage|p2a: Gardevoir|17/100 brn
|
|-heal|p1a: White and Red|100/100|[from] item: Leftovers
|-heal|p2a: Gardevoir|23/100 brn|[from] item: Leftovers
|-damage|p2a: Gardevoir|17/100 brn|[from] brn
|upkeep
|turn|11
|
|t:|1759046491
|move|p1a: White and Red|Discharge|p2a: Gardevoir
|-damage|p2a: Gardevoir|0 fnt
|faint|p2a: Gardevoir
|
|upkeep
|
|t:|1759046497
|switch|p2a: Araquanid|Araquanid, M, shiny|54/100
|turn|12
|
|t:|1759046502
|switch|p2a: Electivire|Electivire, M|100/100
|move|p1a: White and Red|Discharge|p2a: Electivire
|-ability|p2a: Electivire|Motor Drive|boost
|-boost|p2a: Electivire|spe|1
|
|upkeep
|turn|13
|
|t:|1759046516
|move|p2a: Electivire|Flamethrower|p1a: White and Red
|-resisted|p1a: White and Red
|-damage|p1a: White and Red|92/100
|move|p1a: White and Red|Hydro Pump|p2a: Electivire|[miss]
|-miss|p1a: White and Red|p2a: Electivire
|
|-heal|p1a: White and Red|98/100|[from] item: Leftovers
|upkeep
|turn|14
|
|t:|1759046525
|move|p2a: Electivire|Volt Switch|p1a: White and Red
|-damage|p1a: White and Red|77/100
|
|t:|1759046534
|switch|p2a: Araquanid|Araquanid, M, shiny|54/100|[from] Volt Switch
|move|p1a: White and Red|Hydro Pump|p2a: Araquanid
|-resisted|p2a: Araquanid
|-damage|p2a: Araquanid|39/100
|-enditem|p2a: Araquanid|Sitrus Berry|[eat]
|-heal|p2a: Araquanid|64/100|[from] item: Sitrus Berry
|
|-heal|p1a: White and Red|83/100|[from] item: Leftovers
|upkeep
|turn|15
|
|t:|1759046545
|move|p1a: White and Red|Will-O-Wisp|p2a: Araquanid
|-immune|p2a: Araquanid|[from] ability: Water Bubble
|move|p2a: Araquanid|Mirror Coat||[still]
|-fail|p2a: Araquanid
|
|-heal|p1a: White and Red|89/100|[from] item: Leftovers
|upkeep
|turn|16
|
|t:|1759046554
|move|p1a: White and Red|Volt Switch|p2a: Araquanid
|-supereffective|p2a: Araquanid
|-damage|p2a: Araquanid|26/100
|
|t:|1759046576
|switch|p1a: Vulc|Volcanion|100/100|[from] Volt Switch
|-activate|p1a: Vulc|move: Sticky Web
|-unboost|p1a: Vulc|spe|1
|move|p2a: Araquanid|Mirror Coat|p1a: Vulc
|-damage|p1a: Vulc|30/100
|
|-heal|p1a: Vulc|36/100|[from] item: Leftovers
|upkeep
|turn|17
|
|t:|1759046600
|switch|p2a: Electivire|Electivire, M|100/100
|move|p1a: Vulc|Sludge Wave|p2a: Electivire
|-damage|p2a: Electivire|71/100
|
|-heal|p1a: Vulc|42/100|[from] item: Leftovers
|upkeep
|turn|18
|
|t:|1759046610
|switch|p1a: Great Tusk|Great Tusk|85/100
|-activate|p1a: Great Tusk|move: Sticky Web
|-unboost|p1a: Great Tusk|spe|1
|move|p2a: Electivire|Earthquake|p1a: Great Tusk
|-crit|p1a: Great Tusk
|-damage|p1a: Great Tusk|59/100
|
|-heal|p1a: Great Tusk|65/100|[from] item: Leftovers
|upkeep
|turn|19
|
|t:|1759046623
|move|p2a: Electivire|Ice Punch|p1a: Great Tusk
|-supereffective|p1a: Great Tusk
|-damage|p1a: Great Tusk|37/100
|move|p1a: Great Tusk|Rapid Spin|p2a: Electivire
|-damage|p2a: Electivire|44/100
|-boost|p1a: Great Tusk|spe|1
|-sideend|p1: frull|Sticky Web|[from] move: Rapid Spin|[of] p1a: Great Tusk
|
|-heal|p1a: Great Tusk|44/100|[from] item: Leftovers
|upkeep
|turn|20
|
|t:|1759046634
|-end|p1a: Great Tusk|Protosynthesis|[silent]
|switch|p1a: Terakion|Iron Boulder|100/100
|-enditem|p1a: Terakion|Booster Energy
|-activate|p1a: Terakion|ability: Quark Drive|[fromitem]
|-start|p1a: Terakion|quarkdrivespe
|move|p2a: Electivire|Ice Punch|p1a: Terakion
|-damage|p1a: Terakion|72/100
|-status|p1a: Terakion|frz
|
|upkeep
|turn|21
|
|t:|1759046646
|cant|p1a: Terakion|frz
|move|p2a: Electivire|Earthquake|p1a: Terakion
|-supereffective|p1a: Terakion
|-damage|p1a: Terakion|0 fnt
|faint|p1a: Terakion
|-end|p1a: Terakion|Quark Drive|[silent]
|
|upkeep
|
|t:|1759046650
|switch|p1a: Enamorus|Enamorus, F|100/100
|turn|22
|
|t:|1759046660
|-terastallize|p1a: Enamorus|Fairy
|move|p1a: Enamorus|Focus Blast|p2a: Electivire
|-damage|p2a: Electivire|10/100
|move|p2a: Electivire|Volt Switch|p1a: Enamorus
|-crit|p1a: Enamorus
|-damage|p1a: Enamorus|48/100
|
|t:|1759046674
|switch|p2a: Araquanid|Araquanid, M, shiny|26/100|[from] Volt Switch
|
|upkeep
|turn|23
|
|t:|1759046681
|move|p1a: Enamorus|Calm Mind|p1a: Enamorus
|-boost|p1a: Enamorus|spa|1
|-boost|p1a: Enamorus|spd|1
|move|p2a: Araquanid|Sticky Web|p1a: Enamorus
|-sidestart|p1: frull|move: Sticky Web
|
|upkeep
|turn|24
|
|t:|1759046687
|move|p1a: Enamorus|Moonblast|p2a: Araquanid
|-damage|p2a: Araquanid|0 fnt
|faint|p2a: Araquanid
|
|upkeep
|
|t:|1759046694
|switch|p2a: Deoxys|Deoxys-Speed|100/100
|-ability|p2a: Deoxys|Pressure
|turn|25
|
|t:|1759046701
|move|p2a: Deoxys|Psycho Boost|p1a: Enamorus
|-damage|p1a: Enamorus|0 fnt
|-unboost|p2a: Deoxys|spa|2
|faint|p1a: Enamorus
|-enditem|p2a: Deoxys|Eject Pack
|
|t:|1759046711
|switch|p2a: Emboar|Emboar, M, shiny|100/100
|
|upkeep
|
|t:|1759046719
|switch|p1a: White and Red|Rotom-Wash|89/100
|turn|26
|
|t:|1759046728
|move|p2a: Emboar|Close Combat|p1a: White and Red
|-damage|p1a: White and Red|0 fnt
|-unboost|p2a: Emboar|def|1
|-unboost|p2a: Emboar|spd|1
|faint|p1a: White and Red
|
|upkeep
|
|t:|1759046735
|switch|p1a: The Mosque|Gholdengo|63/100
|-activate|p1a: The Mosque|move: Sticky Web
|-unboost|p1a: The Mosque|spe|1
|turn|27
|
|t:|1759046747
|switch|p2a: Electivire|Electivire, M|10/100
|move|p1a: The Mosque|Shadow Ball|p2a: Electivire
|-damage|p2a: Electivire|0 fnt
|faint|p2a: Electivire
|-damage|p1a: The Mosque|53/100|[from] item: Life Orb
|
|upkeep
|
|t:|1759046762
|switch|p2a: Deoxys|Deoxys-Speed|100/100
|-ability|p2a: Deoxys|Pressure
|turn|28
|
|t:|1759046768
|move|p2a: Deoxys|Knock Off|p1a: The Mosque
|-supereffective|p1a: The Mosque
|-damage|p1a: The Mosque|0 fnt
|-enditem|p1a: The Mosque|Life Orb|[from] move: Knock Off|[of] p2a: Deoxys
|faint|p1a: The Mosque
|
|upkeep
|
|t:|1759046773
|switch|p1a: Vulc|Volcanion|42/100
|-activate|p1a: Vulc|move: Sticky Web
|-unboost|p1a: Vulc|spe|1
|turn|29
|
|t:|1759046780
|move|p2a: Deoxys|Superpower|p1a: Vulc
|-damage|p1a: Vulc|17/100
|-unboost|p2a: Deoxys|atk|1
|-unboost|p2a: Deoxys|def|1
|move|p1a: Vulc|Flamethrower|p2a: Deoxys
|-damage|p2a: Deoxys|9/100
|
|-heal|p1a: Vulc|23/100|[from] item: Leftovers
|upkeep
|turn|30
|
|t:|1759046790
|move|p2a: Deoxys|Knock Off|p1a: Vulc
|-crit|p1a: Vulc
|-damage|p1a: Vulc|0 fnt
|-enditem|p1a: Vulc|Leftovers|[from] move: Knock Off|[of] p2a: Deoxys
|faint|p1a: Vulc
|
|upkeep
|
|t:|1759046794
|switch|p1a: Great Tusk|Great Tusk|44/100
|-activate|p1a: Great Tusk|move: Sticky Web
|-unboost|p1a: Great Tusk|spe|1
|turn|31
|
|t:|1759046800
|move|p2a: Deoxys|Ice Beam|p1a: Great Tusk
|-supereffective|p1a: Great Tusk
|-damage|p1a: Great Tusk|0 fnt
|faint|p1a: Great Tusk
|-end|p1a: Great Tusk|Protosynthesis|[silent]
|
|win|alfvaz
|raw|frull's rating: 1078 &rarr; <strong>1059</strong><br />(-19 for losing)
|raw|alfvaz's rating: 1122 &rarr; <strong>1144</strong><br />(+22 for winning)
|l|☆frull
|player|p1|
|l|☆alfvaz
|player|p2|
