|j|☆ShrimpFood
|j|☆iRainbo_ots
|t:|1758997874
|gametype|singles
|player|p1|ShrimpFood|acetrainerf-gen4dp|1095
|player|p2|iRainbo_ots|iris|1069
|gen|9
|tier|[Gen 9] OU
|rated|
|rule|HP Percentage Mod: HP is shown in percentages
|rule|Endless Battle Clause: Forcing endless battles is banned
|rule|Species Clause: Limit one of each Pokémon
|rule|OHKO Clause: OHKO moves are banned
|rule|Evasion Items Clause: Evasion items are banned
|rule|Evasion Moves Clause: Evasion moves are banned
|rule|Evasion Abilities Clause: Evasion abilities are banned
|rule|Sleep Moves Clause: Sleep-inducing moves are banned
|clearpoke
|poke|p1|Sylveon, F|
|poke|p1|Latios, M|
|poke|p1|Greninja-*, M|
|poke|p1|Braixen, F|
|poke|p1|Floette-White, F|
|poke|p1|Sinistea|
|poke|p2|Alcremie-Matcha-Cream, F|
|poke|p2|Appletun, M|
|poke|p2|Exeggcute, M|
|poke|p2|Scovillain, M|
|poke|p2|Dachsbun, M|
|poke|p2|Tatsugiri-Stretchy, F|
|teampreview
|c|☆ShrimpFood|dont mind my team
|
|t:|1758997885
|teamsize|p1|6
|teamsize|p2|6
|start
|switch|p1a: Sylveon|Sylveon, F|100/100
|switch|p2a: Shoyu|Tatsugiri-Stretchy, F|100/100
|turn|1
|c|☆ShrimpFood|its wack
|c|☆iRainbo_ots|uh oh
|
|t:|1758997907
|switch|p2a: Hotdog|Dachsbun, M|100/100
|move|p1a: Sylveon|Reflect|p1a: Sylveon
|-sidestart|p1: ShrimpFood|Reflect
|
|upkeep
|turn|2
|
|t:|1758997919
|move|p2a: Hotdog|Agility|p2a: Hotdog
|-boost|p2a: Hotdog|spe|2
|move|p1a: Sylveon|Light Screen|p1a: Sylveon
|-sidestart|p1: ShrimpFood|move: Light Screen
|
|upkeep
|turn|3
|
|t:|1758997944
|move|p2a: Hotdog|Howl|p2a: Hotdog
|-boost|p2a: Hotdog|atk|1
|move|p1a: Sylveon|Psychic|p2a: Hotdog
|-damage|p2a: Hotdog|64/100
|
|upkeep
|turn|4
|c|☆ShrimpFood|wow
|c|☆ShrimpFood|I am 100% losing this
|
|t:|1758997966
|switch|p1a: Sinistea|Sinistea, shiny|100/100
|move|p2a: Hotdog|Crunch|p1a: Sinistea
|-supereffective|p1a: Sinistea
|-crit|p1a: Sinistea
|-damage|p1a: Sinistea|0 fnt
|-start|p2a: Hotdog|Disable|Crunch|[from] ability: Cursed Body|[of] p1a: Sinistea
|faint|p1a: Sinistea
|
|upkeep
|c|☆iRainbo_ots|idk lol my team is wack too
|
|t:|1758997975
|switch|p1a: Sylveon|Sylveon, F|100/100
|turn|5
|
|t:|1758997991
|move|p2a: Hotdog|Play Rough|p1a: Sylveon
|-damage|p1a: Sylveon|69/100
|move|p1a: Sylveon|Psychic|p2a: Hotdog
|-damage|p2a: Hotdog|29/100
|
|-heal|p1a: Sylveon|75/100|[from] item: Leftovers
|-sideend|p1: ShrimpFood|Reflect
|upkeep
|turn|6
|l|☆ShrimpFood
|player|p1|
|inactive|Battle timer is ON: inactive players will automatically lose when time's up. (requested by iRainbo_ots)
|j|☆ShrimpFood
|inactive|ShrimpFood reconnected and has 130 seconds left.
|player|p1|ShrimpFood|acetrainerf-gen4dp|
|
|t:|1758998043
|switch|p2a: Jalapena-Habanero|Scovillain, M|100/100
|move|p1a: Sylveon|Psychic|p2a: Jalapena-Habanero
|-damage|p2a: Jalapena-Habanero|62/100
|
|-heal|p1a: Sylveon|81/100|[from] item: Leftovers
|-sideend|p1: ShrimpFood|move: Light Screen
|upkeep
|turn|7
|c|☆ShrimpFood|mb
|c|☆iRainbo_ots|lol
|
|t:|1758998068
|switch|p1a: Braixen|Braixen, F, shiny|100/100
|move|p2a: Jalapena-Habanero|Temper Flare|p1a: Braixen
|-resisted|p1a: Braixen
|-damage|p1a: Braixen|65/100
|
|upkeep
|turn|8
|
|t:|1758998079
|move|p2a: Jalapena-Habanero|Stomping Tantrum|p1a: Braixen
|-supereffective|p1a: Braixen
|-damage|p1a: Braixen|0 fnt
|faint|p1a: Braixen
|
|upkeep
|
|t:|1758998093
|switch|p1a: Latios|Latios, M, shiny|100/100
|turn|9
|
|t:|1758998103
|-terastallize|p2a: Jalapena-Habanero|Grass
|move|p1a: Latios|Air Slash|p2a: Jalapena-Habanero
|-supereffective|p2a: Jalapena-Habanero
|-damage|p2a: Jalapena-Habanero|0 fnt
|faint|p2a: Jalapena-Habanero
|
|upkeep
|
|t:|1758998117
|switch|p2a: Matcha|Alcremie-Matcha-Cream, F|100/100
|turn|10
|
|t:|1758998141
|-terastallize|p1a: Latios|Rock
|move|p1a: Latios|Air Slash|p2a: Matcha
|-damage|p2a: Matcha|85/100
|move|p2a: Matcha|Psychic|p1a: Latios
|-damage|p1a: Latios|70/100
|
|upkeep
|turn|11
|c|☆ShrimpFood|hmm 15%
|
|t:|1758998156
|switch|p1a: Greninja|Greninja, M|100/100
|move|p2a: Matcha|Energy Ball|p1a: Greninja
|-supereffective|p1a: Greninja
|-damage|p1a: Greninja|10/100
|
|upkeep
|turn|12
|
|t:|1758998169
|move|p1a: Greninja|Hydro Pump|p2a: Matcha
|-damage|p2a: Matcha|57/100
|move|p2a: Matcha|Energy Ball|p1a: Greninja
|-supereffective|p1a: Greninja
|-damage|p1a: Greninja|0 fnt
|faint|p1a: Greninja
|
|upkeep
|c|☆ShrimpFood|crap
|
|t:|1758998178
|switch|p1a: Floette|Floette-White, F, shiny|100/100
|turn|13
|c|☆iRainbo_ots|lol the alcremie is optimised specifically for greninja because I HATE it
|c|☆ShrimpFood|yea I also hate him
|
|t:|1758998199
|move|p1a: Floette|Tera Blast|p2a: Matcha
|-damage|p2a: Matcha|49/100
|move|p2a: Matcha|Alluring Voice|p1a: Floette
|-damage|p1a: Floette|57/100
|
|upkeep
|turn|14
|c|☆ShrimpFood|it
|
|t:|1758998210
|move|p1a: Floette|Tera Blast|p2a: Matcha
|-damage|p2a: Matcha|42/100
|move|p2a: Matcha|Endeavor|p1a: Floette
|-damage|p1a: Floette|45/100
|
|upkeep
|turn|15
|
|t:|1758998220
|move|p1a: Floette|Tera Blast|p2a: Matcha
|-damage|p2a: Matcha|34/100
|move|p2a: Matcha|Alluring Voice|p1a: Floette
|-damage|p1a: Floette|0 fnt
|faint|p1a: Floette
|
|upkeep
|c|☆ShrimpFood|why the hell am I running choice scarf
|c|☆ShrimpFood|what was I drinking
|
|t:|1758998234
|switch|p1a: Sylveon|Sylveon, F|81/100
|turn|16
|
|t:|1758998237
|move|p1a: Sylveon|Psychic|p2a: Matcha
|-damage|p2a: Matcha|20/100
|move|p2a: Matcha|Endeavor|p1a: Sylveon
|-damage|p1a: Sylveon|20/100
|
|-heal|p1a: Sylveon|26/100|[from] item: Leftovers
|upkeep
|turn|17
|
|t:|1758998255
|move|p1a: Sylveon|Alluring Voice|p2a: Matcha
|-damage|p2a: Matcha|0 fnt
|faint|p2a: Matcha
|
|-heal|p1a: Sylveon|32/100|[from] item: Leftovers
|upkeep
|
|t:|1758998260
|switch|p2a: Shoyu|Tatsugiri-Stretchy, F|100/100
|turn|18
|
|t:|1758998269
|move|p2a: Shoyu|Hydro Pump|p1a: Sylveon
|-crit|p1a: Sylveon
|-damage|p1a: Sylveon|0 fnt
|faint|p1a: Sylveon
|
|upkeep
|
|t:|1758998274
|switch|p1a: Latios|Latios, M, shiny, tera:Rock|70/100
|turn|19
|
|t:|1758998282
|move|p1a: Latios|Dragon Pulse|p2a: Shoyu
|-supereffective|p2a: Shoyu
|-damage|p2a: Shoyu|0 fnt
|faint|p2a: Shoyu
|
|upkeep
|
|t:|1758998287
|switch|p2a: Hotdog|Dachsbun, M|29/100
|turn|20
|
|t:|1758998294
|move|p1a: Latios|Dragon Pulse|p2a: Hotdog
|-immune|p2a: Hotdog
|move|p2a: Hotdog|Play Rough|p1a: Latios
|-damage|p1a: Latios|18/100
|-unboost|p1a: Latios|atk|1
|
|upkeep
|turn|21
|
|t:|1758998303
|move|p1a: Latios|Dragon Pulse|p2a: Hotdog
|-immune|p2a: Hotdog
|move|p2a: Hotdog|Play Rough|p1a: Latios
|-damage|p1a: Latios|0 fnt
|faint|p1a: Latios
|
|win|iRainbo_ots
|raw|ShrimpFood's rating: 1095 &rarr; <strong>1069</strong><br />(-26 for losing)
|raw|iRainbo_ots's rating: 1069 &rarr; <strong>1101</strong><br />(+32 for winning)
|c|☆iRainbo_ots|gg
|c|☆ShrimpFood|gg
|c|☆iRainbo_ots|your team is funny
|l|☆iRainbo_ots
|player|p2|
|c|☆ShrimpFood|thank you
|l|☆ShrimpFood
|player|p1|
