|badge|p2|silver|gen9randombattle|30-6
|uhtml|medal-msg|<div class="broadcast-blue">Curious what those medals under the avatar are? PS now has Ladder Seasons! For more information, check out the <a href="https://www.smogon.com/forums/threads/3740067/">thread on Smogon.</a></div>
|j|☆Sunshinne
|j|☆LordST
|t:|1759038809
|gametype|singles
|player|p1|Sunshinne|lacey|1525
|player|p2|LordST|#pu|1496
|gen|9
|tier|[Gen 9] OU
|rated|
|rule|HP Percentage Mod: HP is shown in percentages
|rule|Endless Battle Clause: Forcing endless battles is banned
|rule|Species Clause: Limit one of each Pokémon
|rule|OHKO Clause: OHKO moves are banned
|rule|Evasion Items Clause: Evasion items are banned
|rule|Evasion Moves Clause: Evasion moves are banned
|rule|Evasion Abilities Clause: Evasion abilities are banned
|rule|Sleep Moves Clause: Sleep-inducing moves are banned
|clearpoke
|poke|p1|Ribombee, M|
|poke|p1|Glimmora, M|
|poke|p1|Manaphy|
|poke|p1|Zamazenta-*|
|poke|p1|Gholdengo|
|poke|p1|Kingambit, M|
|poke|p2|Samurott-Hisui, F|
|poke|p2|Iron Treads|
|poke|p2|Iron Valiant|
|poke|p2|Volcanion|
|poke|p2|Gholdengo|
|poke|p2|Tornadus-Therian, M|
|teampreview
|inactive|Battle timer is ON: inactive players will automatically lose when time's up. (requested by Sunshinne)
|l|☆Sunshinne
|inactive|Sunshinne disconnected and has a minute to reconnect!
|player|p1|
|inactive|LordST has 120 seconds left.
|j|☆Sunshinne
|inactive|Sunshinne reconnected.
|player|p1|Sunshinne|lacey|
|
|t:|1759038859
|teamsize|p1|6
|teamsize|p2|6
|start
|switch|p1a: Zamazenta|Zamazenta|100/100
|switch|p2a: Gholdengo|Gholdengo|100/100
|-ability|p1a: Zamazenta|Dauntless Shield|boost
|-boost|p1a: Zamazenta|def|1
|turn|1
|
|t:|1759038867
|switch|p2a: Tornadus|Tornadus-Therian, M|100/100
|switch|p1a: Ribombee|Ribombee, M|100/100
|
|upkeep
|turn|2
|
|t:|1759038874
|move|p2a: Tornadus|Bleakwind Storm|p1a: Ribombee
|-supereffective|p1a: Ribombee
|-enditem|p1a: Ribombee|Focus Sash
|-damage|p1a: Ribombee|1/100
|move|p1a: Ribombee|Stun Spore|p2a: Tornadus
|-status|p2a: Tornadus|par
|
|upkeep
|turn|3
|
|t:|1759038885
|move|p1a: Ribombee|Sticky Web|p2a: Tornadus
|-sidestart|p2: LordST|move: Sticky Web
|move|p2a: Tornadus|U-turn|p1a: Ribombee
|-resisted|p1a: Ribombee
|-damage|p1a: Ribombee|0 fnt
|faint|p1a: Ribombee
|
|t:|1759038894
|switch|p2a: Gholdengo|Gholdengo|100/100|[from] U-turn
|-activate|p2a: Gholdengo|move: Sticky Web
|-unboost|p2a: Gholdengo|spe|1
|
|upkeep
|
|t:|1759038897
|switch|p1a: Gholdengo|Gholdengo|100/100
|-item|p1a: Gholdengo|Air Balloon
|turn|4
|inactive|LordST has 120 seconds left.
|
|t:|1759038956
|move|p2a: Gholdengo|Shadow Ball|p1a: Gholdengo
|-supereffective|p1a: Gholdengo
|-damage|p1a: Gholdengo|21/100
|-enditem|p1a: Gholdengo|Air Balloon
|move|p1a: Gholdengo|Hex|p2a: Gholdengo
|-supereffective|p2a: Gholdengo
|-damage|p2a: Gholdengo|24/100
|
|upkeep
|turn|5
|
|t:|1759038960
|move|p2a: Gholdengo|Shadow Ball|p1a: Gholdengo
|-supereffective|p1a: Gholdengo
|-damage|p1a: Gholdengo|0 fnt
|faint|p1a: Gholdengo
|
|upkeep
|
|t:|1759038967
|switch|p1a: Manaphy|Manaphy|100/100
|turn|6
|
|t:|1759038973
|move|p2a: Gholdengo|Shadow Ball|p1a: Manaphy
|-damage|p1a: Manaphy|64/100
|-unboost|p1a: Manaphy|spd|1
|move|p1a: Manaphy|Tail Glow|p1a: Manaphy
|-boost|p1a: Manaphy|spa|3
|
|-heal|p1a: Manaphy|70/100|[from] item: Leftovers
|upkeep
|turn|7
|
|t:|1759038977
|move|p2a: Gholdengo|Shadow Ball|p1a: Manaphy
|-damage|p1a: Manaphy|14/100
|move|p1a: Manaphy|Surf|p2a: Gholdengo
|-damage|p2a: Gholdengo|0 fnt
|faint|p2a: Gholdengo
|
|-heal|p1a: Manaphy|20/100|[from] item: Leftovers
|upkeep
|c|☆LordST|dog why is your whole team min speed
|inactive|LordST has 120 seconds left.
|
|t:|1759038990
|switch|p2a: Iron Treads|Iron Treads|100/100
|-item|p2a: Iron Treads|Air Balloon
|turn|8
|
|t:|1759038994
|switch|p1a: Zamazenta|Zamazenta|100/100
|move|p2a: Iron Treads|Earthquake|p1a: Zamazenta
|-damage|p1a: Zamazenta|63/100
|
|upkeep
|turn|9
|
|t:|1759039004
|-end|p2a: Iron Treads|Quark Drive|[silent]
|switch|p2a: Tornadus|Tornadus-Therian, M|100/100 par
|move|p1a: Zamazenta|Iron Defense|p1a: Zamazenta
|-boost|p1a: Zamazenta|def|2
|
|upkeep
|turn|10
|
|t:|1759039016
|move|p1a: Zamazenta|Stone Edge|p2a: Tornadus
|-supereffective|p2a: Tornadus
|-damage|p2a: Tornadus|38/100 par
|move|p2a: Tornadus|Taunt|p1a: Zamazenta
|-start|p1a: Zamazenta|move: Taunt
|
|upkeep
|turn|11
|
|t:|1759039028
|move|p1a: Zamazenta|Stone Edge|p2a: Tornadus
|-supereffective|p2a: Tornadus
|-damage|p2a: Tornadus|0 fnt
|faint|p2a: Tornadus
|
|upkeep
|inactive|LordST has 120 seconds left.
|
|t:|1759039054
|switch|p2a: Volcanion|Volcanion|100/100
|turn|12
|
|t:|1759039056
|move|p1a: Zamazenta|Body Press|p2a: Volcanion
|-damage|p2a: Volcanion|35/100
|move|p2a: Volcanion|Steam Eruption|p1a: Zamazenta
|-damage|p1a: Zamazenta|3/100
|
|upkeep
|turn|13
|
|t:|1759039062
|move|p1a: Zamazenta|Body Press|p2a: Volcanion
|-damage|p2a: Volcanion|0 fnt
|faint|p2a: Volcanion
|
|-end|p1a: Zamazenta|move: Taunt
|upkeep
|
|t:|1759039071
|switch|p2a: Samurott|Samurott-Hisui, F|100/100
|-activate|p2a: Samurott|move: Sticky Web
|-unboost|p2a: Samurott|spe|1
|turn|14
|
|t:|1759039074
|move|p2a: Samurott|Sucker Punch|p1a: Zamazenta
|-resisted|p1a: Zamazenta
|-damage|p1a: Zamazenta|0 fnt
|faint|p1a: Zamazenta
|
|upkeep
|
|t:|1759039079
|switch|p1a: Glimmora|Glimmora, M|100/100
|turn|15
|
|t:|1759039083
|move|p1a: Glimmora|Meteor Beam||[still]
|-prepare|p1a: Glimmora|Meteor Beam
|-boost|p1a: Glimmora|spa|1
|-enditem|p1a: Glimmora|Power Herb
|-anim|p1a: Glimmora|Meteor Beam|p2a: Samurott
|-damage|p2a: Samurott|21/100
|move|p2a: Samurott|Razor Shell|p1a: Glimmora
|-supereffective|p1a: Glimmora
|-damage|p1a: Glimmora|0 fnt
|-activate|p1a: Glimmora|ability: Toxic Debris
|-sidestart|p2: LordST|move: Toxic Spikes
|faint|p1a: Glimmora
|
|upkeep
|
|t:|1759039087
|switch|p1a: Manaphy|Manaphy|20/100
|turn|16
|
|t:|1759039095
|move|p1a: Manaphy|Acid Armor|p1a: Manaphy
|-boost|p1a: Manaphy|def|2
|move|p2a: Samurott|Knock Off|p1a: Manaphy
|-damage|p1a: Manaphy|0 fnt
|-enditem|p1a: Manaphy|Leftovers|[from] move: Knock Off|[of] p2a: Samurott
|faint|p1a: Manaphy
|
|upkeep
|
|t:|1759039097
|switch|p1a: Kingambit|Kingambit, M|100/100
|-activate|p1a: Kingambit|ability: Supreme Overlord
|-start|p1a: Kingambit|fallen5|[silent]
|turn|17
|
|t:|1759039103
|move|p1a: Kingambit|Sucker Punch|p2a: Samurott
|-resisted|p2a: Samurott
|-damage|p2a: Samurott|0 fnt
|faint|p2a: Samurott
|
|upkeep
|
|t:|1759039109
|switch|p2a: Iron Treads|Iron Treads|100/100
|-item|p2a: Iron Treads|Air Balloon
|turn|18
|
|t:|1759039115
|-terastallize|p1a: Kingambit|Fairy
|move|p2a: Iron Treads|Earthquake|p1a: Kingambit
|-damage|p1a: Kingambit|65/100
|move|p1a: Kingambit|Kowtow Cleave|p2a: Iron Treads
|-damage|p2a: Iron Treads|39/100
|-enditem|p2a: Iron Treads|Air Balloon
|
|-heal|p1a: Kingambit|72/100|[from] item: Leftovers
|upkeep
|turn|19
|
|t:|1759039120
|move|p1a: Kingambit|Sucker Punch|p2a: Iron Treads
|-damage|p2a: Iron Treads|0 fnt
|faint|p2a: Iron Treads
|-end|p2a: Iron Treads|Quark Drive|[silent]
|
|-heal|p1a: Kingambit|78/100|[from] item: Leftovers
|upkeep
|
|t:|1759039122
|switch|p2a: Iron Valiant|Iron Valiant|100/100
|-activate|p2a: Iron Valiant|move: Sticky Web
|-unboost|p2a: Iron Valiant|spe|1
|-status|p2a: Iron Valiant|psn
|-enditem|p2a: Iron Valiant|Booster Energy
|-activate|p2a: Iron Valiant|ability: Quark Drive|[fromitem]
|-start|p2a: Iron Valiant|quarkdrivespa
|turn|20
|
|t:|1759039136
|move|p2a: Iron Valiant|Moonblast|p1a: Kingambit
|-damage|p1a: Kingambit|9/100
|move|p1a: Kingambit|Tera Blast|p2a: Iron Valiant|[anim] Tera Blast Fairy
|-supereffective|p2a: Iron Valiant
|-damage|p2a: Iron Valiant|0 fnt
|faint|p2a: Iron Valiant
|-end|p2a: Iron Valiant|Quark Drive|[silent]
|
|win|Sunshinne
|raw|Sunshinne's rating: 1525 &rarr; <strong>1543</strong><br />(+18 for winning)
|raw|LordST's rating: 1496 &rarr; <strong>1478</strong><br />(-18 for losing)
|l|☆LordST
|player|p2|
