|j|☆Argha321
|j|☆mucino
|t:|1759047611
|gametype|singles
|player|p1|Argha321|alder|1303
|player|p2|mucino|265|1355
|gen|9
|tier|[Gen 9] OU
|rated|
|rule|HP Percentage Mod: HP is shown in percentages
|rule|Endless Battle Clause: Forcing endless battles is banned
|rule|Species Clause: Limit one of each Pokémon
|rule|OHKO Clause: OHKO moves are banned
|rule|Evasion Items Clause: Evasion items are banned
|rule|Evasion Moves Clause: Evasion moves are banned
|rule|Evasion Abilities Clause: Evasion abilities are banned
|rule|Sleep Moves Clause: Sleep-inducing moves are banned
|clearpoke
|poke|p1|Samurott-Hisui, M|
|poke|p1|Glimmora, M|
|poke|p1|Araquanid, M|
|poke|p1|Primarina, M|
|poke|p1|Haxorus, F|
|poke|p1|Gholdengo|
|poke|p2|Clodsire, M|
|poke|p2|Kingambit, M|
|poke|p2|Porygon-Z|
|poke|p2|Chandelure, M|
|poke|p2|Primarina, M|
|poke|p2|Grimmsnarl, M|
|teampreview
|inactive|Battle timer is ON: inactive players will automatically lose when time's up. (requested by mucino)
|
|t:|1759047618
|teamsize|p1|6
|teamsize|p2|6
|start
|switch|p1a: Gholdengo|Gholdengo|100/100
|switch|p2a: Chandelure|Chandelure, M|100/100
|-item|p1a: Gholdengo|Air Balloon
|turn|1
|
|t:|1759047621
|switch|p1a: Glimmora|Glimmora, M|100/100
|move|p2a: Chandelure|Flamethrower|p1a: Glimmora
|-resisted|p1a: Glimmora
|-damage|p1a: Glimmora|61/100
|
|upkeep
|turn|2
|
|t:|1759047627
|switch|p2a: Clodsire|Clodsire, M|100/100
|move|p1a: Glimmora|Power Gem|p2a: Clodsire
|-resisted|p2a: Clodsire
|-damage|p2a: Clodsire|86/100
|
|-heal|p2a: Clodsire|92/100|[from] item: Leftovers
|upkeep
|turn|3
|
|t:|1759047630
|move|p1a: Glimmora|Earth Power|p2a: Clodsire
|-supereffective|p2a: Clodsire
|-damage|p2a: Clodsire|42/100
|move|p2a: Clodsire|Earthquake|p1a: Glimmora
|-supereffective|p1a: Glimmora
|-damage|p1a: Glimmora|0 fnt
|-activate|p1a: Glimmora|ability: Toxic Debris
|-sidestart|p2: mucino|move: Toxic Spikes
|faint|p1a: Glimmora
|
|-heal|p2a: Clodsire|48/100|[from] item: Leftovers
|upkeep
|
|t:|1759047634
|switch|p1a: Araquanid|Araquanid, M|100/100
|turn|4
|
|t:|1759047636
|move|p1a: Araquanid|Sticky Web|p2a: Clodsire
|-sidestart|p2: mucino|move: Sticky Web
|move|p2a: Clodsire|Toxic|p1a: Araquanid
|-status|p1a: Araquanid|tox
|
|-heal|p2a: Clodsire|54/100|[from] item: Leftovers
|-damage|p1a: Araquanid|94/100 tox|[from] psn
|upkeep
|turn|5
|
|t:|1759047638
|move|p1a: Araquanid|Surf|p2a: Clodsire
|-supereffective|p2a: Clodsire
|-crit|p2a: Clodsire
|-damage|p2a: Clodsire|0 fnt
|faint|p2a: Clodsire
|
|-damage|p1a: Araquanid|82/100 tox|[from] psn
|upkeep
|
|t:|1759047644
|switch|p2a: Kingambit|Kingambit, M|100/100
|-activate|p2a: Kingambit|move: Sticky Web
|-unboost|p2a: Kingambit|spe|1
|-activate|p2a: Kingambit|ability: Supreme Overlord
|-start|p2a: Kingambit|fallen1|[silent]
|turn|6
|
|t:|1759047648
|move|p1a: Araquanid|Surf|p2a: Kingambit
|-damage|p2a: Kingambit|46/100
|move|p2a: Kingambit|Swords Dance|p2a: Kingambit
|-boost|p2a: Kingambit|atk|2
|
|-damage|p1a: Araquanid|63/100 tox|[from] psn
|upkeep
|turn|7
|
|t:|1759047650
|move|p2a: Kingambit|Sucker Punch|p1a: Araquanid
|-damage|p1a: Araquanid|0 fnt
|faint|p1a: Araquanid
|
|upkeep
|
|t:|1759047654
|switch|p1a: Primarina|Primarina, M|100/100
|turn|8
|
|t:|1759047660
|move|p1a: Primarina|Moonblast|p2a: Kingambit
|-damage|p2a: Kingambit|0 fnt
|faint|p2a: Kingambit
|-end|p2a: Kingambit|fallen1|[silent]
|
|upkeep
|
|t:|1759047664
|switch|p2a: Chandelure|Chandelure, M|100/100
|-status|p2a: Chandelure|psn
|-activate|p2a: Chandelure|move: Sticky Web
|-unboost|p2a: Chandelure|spe|1
|turn|9
|
|t:|1759047666
|-terastallize|p2a: Chandelure|Grass
|move|p2a: Chandelure|Trick|p1a: Primarina
|-activate|p2a: Chandelure|move: Trick|[of] p1a: Primarina
|-item|p1a: Primarina|Choice Scarf|[from] move: Trick
|-item|p2a: Chandelure|Leftovers|[from] move: Trick
|move|p1a: Primarina|Surf|p2a: Chandelure
|-resisted|p2a: Chandelure
|-damage|p2a: Chandelure|65/100 psn
|
|-heal|p2a: Chandelure|71/100 psn|[from] item: Leftovers
|-damage|p2a: Chandelure|59/100 psn|[from] psn
|upkeep
|turn|10
|
|t:|1759047674
|switch|p1a: Samurott|Samurott-Hisui, M|100/100
|move|p2a: Chandelure|Shadow Ball|p1a: Samurott
|-resisted|p1a: Samurott
|-damage|p1a: Samurott|66/100
|
|-heal|p2a: Chandelure|65/100 psn|[from] item: Leftovers
|-damage|p2a: Chandelure|53/100 psn|[from] psn
|upkeep
|turn|11
|
|t:|1759047676
|move|p1a: Samurott|Ceaseless Edge|p2a: Chandelure
|-damage|p2a: Chandelure|0 fnt
|-sidestart|p2: mucino|Spikes
|faint|p2a: Chandelure
|
|upkeep
|
|t:|1759047679
|switch|p2a: Grimmsnarl|Grimmsnarl, M|100/100
|-status|p2a: Grimmsnarl|psn
|-activate|p2a: Grimmsnarl|move: Sticky Web
|-unboost|p2a: Grimmsnarl|spe|1
|-damage|p2a: Grimmsnarl|88/100 psn|[from] Spikes
|turn|12
|
|t:|1759047683
|move|p1a: Samurott|Razor Shell|p2a: Grimmsnarl
|-damage|p2a: Grimmsnarl|30/100 psn
|-unboost|p2a: Grimmsnarl|def|1
|move|p2a: Grimmsnarl|Spirit Break|p1a: Samurott
|-supereffective|p1a: Samurott
|-damage|p1a: Samurott|0 fnt
|faint|p1a: Samurott
|
|-damage|p2a: Grimmsnarl|18/100 psn|[from] psn
|upkeep
|
|t:|1759047688
|switch|p1a: Primarina|Primarina, M|100/100
|turn|13
|
|t:|1759047692
|-terastallize|p1a: Primarina|Fairy
|move|p2a: Grimmsnarl|Light Screen|p2a: Grimmsnarl
|-sidestart|p2: mucino|move: Light Screen
|move|p1a: Primarina|Moonblast|p2a: Grimmsnarl
|-supereffective|p2a: Grimmsnarl
|-damage|p2a: Grimmsnarl|0 fnt
|faint|p2a: Grimmsnarl
|
|upkeep
|
|t:|1759047696
|switch|p2a: Porygon-Z|Porygon-Z|100/100
|-status|p2a: Porygon-Z|psn
|-activate|p2a: Porygon-Z|move: Sticky Web
|-unboost|p2a: Porygon-Z|spe|1
|-damage|p2a: Porygon-Z|88/100 psn|[from] Spikes
|turn|14
|
|t:|1759047701
|move|p1a: Primarina|Moonblast|p2a: Porygon-Z
|-damage|p2a: Porygon-Z|45/100 psn
|move|p2a: Porygon-Z|Thunderbolt|p1a: Primarina
|-crit|p1a: Primarina
|-damage|p1a: Primarina|25/100
|
|-damage|p2a: Porygon-Z|33/100 psn|[from] psn
|upkeep
|turn|15
|
|t:|1759047703
|move|p1a: Primarina|Moonblast|p2a: Porygon-Z
|-damage|p2a: Porygon-Z|0 fnt
|faint|p2a: Porygon-Z
|
|upkeep
|
|t:|1759047705
|switch|p2a: Primarina|Primarina, M|100/100
|-status|p2a: Primarina|psn
|-activate|p2a: Primarina|move: Sticky Web
|-unboost|p2a: Primarina|spe|1
|-damage|p2a: Primarina|88/100 psn|[from] Spikes
|turn|16
|
|t:|1759047706
|move|p1a: Primarina|Moonblast|p2a: Primarina
|-crit|p2a: Primarina
|-damage|p2a: Primarina|33/100 psn
|move|p2a: Primarina|Moonblast|p1a: Primarina
|-damage|p1a: Primarina|0 fnt
|faint|p1a: Primarina
|
|-damage|p2a: Primarina|21/100 psn|[from] psn
|upkeep
|
|t:|1759047710
|switch|p1a: Haxorus|Haxorus, F|100/100
|-ability|p1a: Haxorus|Mold Breaker
|turn|17
|
|t:|1759047713
|move|p1a: Haxorus|Poison Jab|p2a: Primarina
|-supereffective|p2a: Primarina
|-damage|p2a: Primarina|0 fnt
|faint|p2a: Primarina
|-damage|p1a: Haxorus|91/100|[from] item: Life Orb
|
|win|Argha321
|raw|Argha321's rating: 1303 &rarr; <strong>1326</strong><br />(+23 for winning)
|raw|mucino's rating: 1355 &rarr; <strong>1332</strong><br />(-23 for losing)
|l|☆mucino
|player|p2|
|l|☆Argha321
|player|p1|
