|j|☆ThiefYT
|j|‽Tsaun
|t:|1758996510
|gametype|singles
|player|p1|ThiefYT|dawn|1477
|player|p2|Tsaun|266|1426
|gen|9
|tier|[Gen 9] OU
|rated|
|rule|HP Percentage Mod: HP is shown in percentages
|rule|Endless Battle Clause: Forcing endless battles is banned
|rule|Species Clause: Limit one of each Pokémon
|rule|OHKO Clause: OHKO moves are banned
|rule|Evasion Items Clause: Evasion items are banned
|rule|Evasion Moves Clause: Evasion moves are banned
|rule|Evasion Abilities Clause: Evasion abilities are banned
|rule|Sleep Moves Clause: Sleep-inducing moves are banned
|clearpoke
|poke|p1|Keldeo-Resolute|
|poke|p1|Ogerpon, F|
|poke|p1|Hatterene, F|
|poke|p1|Iron Valiant|
|poke|p1|Cresselia, F|
|poke|p1|Ursaluna, M|
|poke|p2|Slowking-Galar, F|
|poke|p2|Great Tusk|
|poke|p2|Dragapult, F|
|poke|p2|Cloyster, F|
|poke|p2|Ogerpon-Cornerstone, F|
|poke|p2|Iron Valiant|
|teampreview
|
|t:|1758996521
|teamsize|p1|6
|teamsize|p2|6
|start
|switch|p1a: Ogerpon|Ogerpon, F|100/100
|switch|p2a: Dragapult|Dragapult, F|100/100
|turn|1
|inactive|Battle timer is ON: inactive players will automatically lose when time's up. (requested by ThiefYT)
|
|t:|1758996528
|move|p2a: Dragapult|U-turn|p1a: Ogerpon
|-supereffective|p1a: Ogerpon
|-damage|p1a: Ogerpon|3/100
|
|t:|1758996533
|switch|p2a: Great Tusk|Great Tusk|100/100|[from] U-turn
|move|p1a: Ogerpon|U-turn|p2a: Great Tusk
|-resisted|p2a: Great Tusk
|-damage|p2a: Great Tusk|91/100
|-damage|p1a: Ogerpon|0 fnt|[from] item: Rocky Helmet|[of] p2a: Great Tusk
|faint|p1a: Ogerpon
|
|upkeep
|
|t:|1758996543
|switch|p1a: Cresselia|Cresselia, F|100/100
|turn|2
|
|t:|1758996548
|-end|p2a: Great Tusk|Protosynthesis|[silent]
|switch|p2a: Slowking|Slowking-Galar, F|100/100
|move|p1a: Cresselia|Trick Room|p1a: Cresselia
|-fieldstart|move: Trick Room|[of] p1a: Cresselia
|
|upkeep
|turn|3
|
|t:|1758996557
|switch|p1a: Ursaluna|Ursaluna, M|100/100
|move|p2a: Slowking|Future Sight|p1a: Ursaluna
|-start|p2a: Slowking|move: Future Sight
|
|-status|p1a: Ursaluna|brn|[from] item: Flame Orb
|upkeep
|turn|4
|
|t:|1758996565
|switch|p2a: Great Tusk|Great Tusk|91/100
|move|p1a: Ursaluna|Headlong Rush|p2a: Great Tusk
|-damage|p2a: Great Tusk|38/100
|-unboost|p1a: Ursaluna|def|1
|-unboost|p1a: Ursaluna|spd|1
|-damage|p1a: Ursaluna|84/100 brn|[from] item: Rocky Helmet|[of] p2a: Great Tusk
|
|-damage|p1a: Ursaluna|78/100 brn|[from] brn
|upkeep
|turn|5
|
|t:|1758996579
|move|p1a: Ursaluna|Ice Punch|p2a: Great Tusk
|-supereffective|p2a: Great Tusk
|-damage|p2a: Great Tusk|0 fnt
|-damage|p1a: Ursaluna|61/100 brn|[from] item: Rocky Helmet|[of] p2a: Great Tusk
|faint|p2a: Great Tusk
|-end|p2a: Great Tusk|Protosynthesis|[silent]
|
|-end|p1a: Ursaluna|move: Future Sight
|-damage|p1a: Ursaluna|2/100 brn
|-damage|p1a: Ursaluna|0 fnt|[from] brn
|faint|p1a: Ursaluna
|upkeep
|
|t:|1758996593
|switch|p1a: Hatterene|Hatterene, F|100/100
|switch|p2a: Slowking|Slowking-Galar, F|100/100
|turn|6
|
|t:|1758996600
|move|p1a: Hatterene|Psychic Noise|p2a: Slowking
|-damage|p2a: Slowking|72/100
|-start|p2a: Slowking|move: Heal Block
|move|p2a: Slowking|Sludge Bomb|p1a: Hatterene
|-supereffective|p1a: Hatterene
|-damage|p1a: Hatterene|23/100
|-status|p1a: Hatterene|psn
|
|-damage|p1a: Hatterene|11/100 psn|[from] psn
|-fieldend|move: Trick Room
|upkeep
|turn|7
|
|t:|1758996614
|switch|p1a: Cresselia|Cresselia, F|100/100
|move|p2a: Slowking|Sludge Bomb|p1a: Cresselia
|-damage|p1a: Cresselia|80/100
|
|-end|p2a: Slowking|move: Heal Block
|upkeep
|turn|8
|
|t:|1758996632
|switch|p1a: Keldeo|Keldeo-Resolute|100/100
|move|p2a: Slowking|Thunder Wave|p1a: Keldeo
|-status|p1a: Keldeo|par
|
|upkeep
|turn|9
|
|t:|1758996647
|move|p1a: Keldeo|Surf|p2a: Slowking
|-damage|p2a: Slowking|28/100
|move|p2a: Slowking|Future Sight|p1a: Keldeo
|-start|p2a: Slowking|move: Future Sight
|
|upkeep
|turn|10
|
|t:|1758996655
|switch|p2a: Cloyster|Cloyster, F|100/100
|move|p1a: Keldeo|Surf|p2a: Cloyster
|-resisted|p2a: Cloyster
|-damage|p2a: Cloyster|2/100
|
|upkeep
|turn|11
|
|t:|1758996663
|move|p2a: Cloyster|Shell Smash|p2a: Cloyster
|-unboost|p2a: Cloyster|def|1
|-unboost|p2a: Cloyster|spd|1
|-boost|p2a: Cloyster|atk|2
|-boost|p2a: Cloyster|spa|2
|-boost|p2a: Cloyster|spe|2
|-enditem|p2a: Cloyster|White Herb
|-clearnegativeboost|p2a: Cloyster|[silent]
|cant|p1a: Keldeo|par
|
|-end|p1a: Keldeo|move: Future Sight
|-supereffective|p1a: Keldeo
|-damage|p1a: Keldeo|0 fnt
|faint|p1a: Keldeo
|upkeep
|
|t:|1758996676
|switch|p1a: Iron Valiant|Iron Valiant|100/100
|-enditem|p1a: Iron Valiant|Booster Energy
|-activate|p1a: Iron Valiant|ability: Quark Drive|[fromitem]
|-start|p1a: Iron Valiant|quarkdrivespe
|turn|12
|
|t:|1758996687
|move|p2a: Cloyster|Ice Shard|p1a: Iron Valiant
|-damage|p1a: Iron Valiant|56/100
|move|p1a: Iron Valiant|Moonblast|p2a: Cloyster
|-damage|p2a: Cloyster|0 fnt
|faint|p2a: Cloyster
|
|upkeep
|
|t:|1758996698
|switch|p2a: Slowking|Slowking-Galar, F|62/100
|turn|13
|
|t:|1758996702
|move|p1a: Iron Valiant|Destiny Bond|p1a: Iron Valiant
|-singlemove|p1a: Iron Valiant|Destiny Bond
|move|p2a: Slowking|Thunder Wave|p1a: Iron Valiant
|-status|p1a: Iron Valiant|par
|
|upkeep
|turn|14
|
|t:|1758996711
|-end|p1a: Iron Valiant|Quark Drive|[silent]
|switch|p1a: Cresselia|Cresselia, F|80/100
|move|p2a: Slowking|Future Sight|p1a: Cresselia
|-start|p2a: Slowking|move: Future Sight
|
|upkeep
|turn|15
|-message|ThiefYT forfeited.
|
|win|Tsaun
|raw|ThiefYT's rating: 1477 &rarr; <strong>1454</strong><br />(-23 for losing)
|raw|Tsaun's rating: 1426 &rarr; <strong>1449</strong><br />(+23 for winning)
|l|☆ThiefYT
|player|p1|
|l|‽Tsaun
|player|p2|
