|j|☆mirzza
|j|☆DonovanIsNotHere
|t:|1758971091
|gametype|singles
|player|p1|mirzza|saturn|1481
|player|p2|DonovanIsNotHere|101|1483
|gen|9
|tier|[Gen 9] OU
|rated|
|rule|HP Percentage Mod: HP is shown in percentages
|rule|Endless Battle Clause: Forcing endless battles is banned
|rule|Species Clause: Limit one of each Pokémon
|rule|OHKO Clause: OHKO moves are banned
|rule|Evasion Items Clause: Evasion items are banned
|rule|Evasion Moves Clause: Evasion moves are banned
|rule|Evasion Abilities Clause: Evasion abilities are banned
|rule|Sleep Moves Clause: Sleep-inducing moves are banned
|clearpoke
|poke|p1|Alomomola, M|
|poke|p1|Blissey, F|
|poke|p1|Dragapult, M|
|poke|p1|Glimmora, F|
|poke|p1|Great Tusk|
|poke|p1|Meowscarada, F|
|poke|p2|Arbok, M|
|poke|p2|Landorus-Therian, M|
|poke|p2|Gliscor, M|
|poke|p2|Alomomola, M|
|poke|p2|Toxapex, F|
|poke|p2|Clodsire, M|
|teampreview
|inactive|Battle timer is ON: inactive players will automatically lose when time's up. (requested by mirzza)
|
|t:|1758971117
|teamsize|p1|6
|teamsize|p2|6
|start
|switch|p1a: Meowscarada|Meowscarada, F|100/100
|switch|p2a: Toxapex|Toxapex, F|100/100
|turn|1
|
|t:|1758971127
|move|p1a: Meowscarada|Knock Off|p2a: Toxapex
|-start|p1a: Meowscarada|typechange|Dark|[from] ability: Protean
|-damage|p2a: Toxapex|66/100
|-enditem|p2a: Toxapex|Assault Vest|[from] move: Knock Off|[of] p1a: Meowscarada
|move|p2a: Toxapex|Sludge Bomb|p1a: Meowscarada
|-damage|p1a: Meowscarada|57/100
|-status|p1a: Meowscarada|psn
|
|-damage|p1a: Meowscarada|44/100 psn|[from] psn
|upkeep
|turn|2
|
|t:|1758971137
|move|p1a: Meowscarada|U-turn|p2a: Toxapex
|-resisted|p2a: Toxapex
|-damage|p2a: Toxapex|58/100
|
|t:|1758971141
|switch|p1a: Blissey|Blissey, F|100/100|[from] U-turn
|move|p2a: Toxapex|Acid Spray|p1a: Blissey
|-damage|p1a: Blissey|96/100
|-unboost|p1a: Blissey|spd|2
|
|-heal|p1a: Blissey|100/100|[from] item: Leftovers
|upkeep
|turn|3
|
|t:|1758971149
|switch|p2a: Gliscor|Gliscor, M|100/100
|move|p1a: Blissey|Heal Bell|p1a: Blissey
|-activate|p1a: Blissey|move: Heal Bell
|-curestatus|p1: Meowscarada|psn|[msg]
|
|-status|p2a: Gliscor|tox|[from] item: Toxic Orb
|upkeep
|turn|4
|
|t:|1758971159
|move|p2a: Gliscor|Knock Off|p1a: Blissey
|-damage|p1a: Blissey|82/100
|-enditem|p1a: Blissey|Leftovers|[from] move: Knock Off|[of] p2a: Gliscor
|move|p1a: Blissey|Stealth Rock|p2a: Gliscor
|-sidestart|p2: DonovanIsNotHere|move: Stealth Rock
|
|upkeep
|turn|5
|
|t:|1758971167
|switch|p2a: Arbok|Arbok, M|100/100
|-damage|p2a: Arbok|88/100|[from] Stealth Rock
|-ability|p2a: Arbok|Intimidate|boost
|-unboost|p1a: Blissey|atk|1
|switch|p1a: Alomomola|Alomomola, M|100/100
|
|-heal|p2a: Arbok|94/100|[from] item: Black Sludge
|upkeep
|turn|6
|
|t:|1758971176
|move|p2a: Arbok|Toxic|p1a: Alomomola
|-status|p1a: Alomomola|tox
|move|p1a: Alomomola|Wish|p1a: Alomomola
|
|-heal|p2a: Arbok|100/100|[from] item: Black Sludge
|-damage|p1a: Alomomola|94/100 tox|[from] psn
|upkeep
|turn|7
|
|t:|1758971183
|move|p2a: Arbok|Substitute|p2a: Arbok
|-start|p2a: Arbok|Substitute
|-damage|p2a: Arbok|75/100
|move|p1a: Alomomola|Flip Turn|p2a: Arbok
|-activate|p2a: Arbok|move: Substitute|[damage]
|
|t:|1758971189
|switch|p1a: Meowscarada|Meowscarada, F|44/100|[from] Flip Turn
|
|-heal|p1a: Meowscarada|100/100|[from] move: Wish|[wisher] Alomomola
|-heal|p2a: Arbok|82/100|[from] item: Black Sludge
|upkeep
|turn|8
|
|t:|1758971205
|move|p1a: Meowscarada|U-turn|p2a: Arbok
|-start|p1a: Meowscarada|typechange|Bug|[from] ability: Protean
|-resisted|p2a: Arbok
|-end|p2a: Arbok|Substitute
|
|t:|1758971210
|switch|p1a: Glimmora|Glimmora, F|100/100|[from] U-turn
|move|p2a: Arbok|Toxic|p1a: Glimmora
|-immune|p1a: Glimmora
|
|-heal|p2a: Arbok|88/100|[from] item: Black Sludge
|upkeep
|turn|9
|
|t:|1758971219
|switch|p2a: Landorus|Landorus-Therian, M|100/100
|-damage|p2a: Landorus|88/100|[from] Stealth Rock
|-ability|p2a: Landorus|Intimidate|boost
|-unboost|p1a: Glimmora|atk|1
|move|p1a: Glimmora|Earth Power|p2a: Landorus
|-immune|p2a: Landorus
|
|upkeep
|turn|10
|
|t:|1758971229
|move|p2a: Landorus|Earthquake|p1a: Glimmora
|-supereffective|p1a: Glimmora
|-crit|p1a: Glimmora
|-enditem|p1a: Glimmora|Focus Sash
|-damage|p1a: Glimmora|1/100
|-activate|p1a: Glimmora|ability: Toxic Debris
|-sidestart|p2: DonovanIsNotHere|move: Toxic Spikes
|move|p1a: Glimmora|Mortal Spin|p2a: Landorus
|-resisted|p2a: Landorus
|-damage|p2a: Landorus|86/100
|-status|p2a: Landorus|psn
|
|-damage|p2a: Landorus|74/100 psn|[from] psn
|upkeep
|turn|11
|
|t:|1758971241
|switch|p1a: Alomomola|Alomomola, M|100/100 tox
|move|p2a: Landorus|Earthquake|p1a: Alomomola
|-damage|p1a: Alomomola|71/100 tox
|
|-damage|p2a: Landorus|61/100 psn|[from] psn
|-damage|p1a: Alomomola|65/100 tox|[from] psn
|upkeep
|turn|12
|
|t:|1758971251
|switch|p2a: Arbok|Arbok, M|88/100
|-damage|p2a: Arbok|75/100|[from] Stealth Rock
|-sideend|p2: DonovanIsNotHere|move: Toxic Spikes|[of] p2a: Arbok
|-ability|p2a: Arbok|Intimidate|boost
|-unboost|p1a: Alomomola|atk|1
|move|p1a: Alomomola|Flip Turn|p2a: Arbok
|-damage|p2a: Arbok|64/100
|
|t:|1758971260
|switch|p1a: Meowscarada|Meowscarada, F|100/100|[from] Flip Turn
|
|-heal|p2a: Arbok|70/100|[from] item: Black Sludge
|upkeep
|turn|13
|
|t:|1758971270
|move|p1a: Meowscarada|Knock Off|p2a: Arbok
|-start|p1a: Meowscarada|typechange|Dark|[from] ability: Protean
|-damage|p2a: Arbok|28/100
|-enditem|p2a: Arbok|Black Sludge|[from] move: Knock Off|[of] p1a: Meowscarada
|move|p2a: Arbok|Toxic|p1a: Meowscarada
|-status|p1a: Meowscarada|tox
|
|-damage|p1a: Meowscarada|94/100 tox|[from] psn
|upkeep
|turn|14
|
|t:|1758971280
|move|p1a: Meowscarada|U-turn|p2a: Arbok
|-resisted|p2a: Arbok
|-damage|p2a: Arbok|17/100
|
|t:|1758971283
|switch|p1a: Blissey|Blissey, F|82/100|[from] U-turn
|move|p2a: Arbok|Switcheroo||[still]
|-fail|p2a: Arbok
|
|upkeep
|turn|15
|
|t:|1758971298
|switch|p2a: Clodsire|Clodsire, M|100/100
|-damage|p2a: Clodsire|94/100|[from] Stealth Rock
|move|p1a: Blissey|Heal Bell|p1a: Blissey
|-activate|p1a: Blissey|move: Heal Bell
|-curestatus|p1: Alomomola|tox|[msg]
|-curestatus|p1: Meowscarada|tox|[msg]
|
|-heal|p2a: Clodsire|100/100|[from] item: Leftovers
|upkeep
|turn|16
|
|t:|1758971308
|move|p1a: Blissey|Seismic Toss|p2a: Clodsire
|-damage|p2a: Clodsire|79/100
|move|p2a: Clodsire|Toxic Spikes|p1a: Blissey
|-sidestart|p1: mirzza|move: Toxic Spikes
|
|-heal|p2a: Clodsire|85/100|[from] item: Leftovers
|upkeep
|turn|17
|
|t:|1758971316
|move|p1a: Blissey|Seismic Toss|p2a: Clodsire
|-damage|p2a: Clodsire|64/100
|move|p2a: Clodsire|Earthquake|p1a: Blissey
|-damage|p1a: Blissey|60/100
|
|-heal|p2a: Clodsire|70/100|[from] item: Leftovers
|upkeep
|turn|18
|
|t:|1758971324
|move|p1a: Blissey|Seismic Toss|p2a: Clodsire
|-damage|p2a: Clodsire|48/100
|move|p2a: Clodsire|Earthquake|p1a: Blissey
|-damage|p1a: Blissey|38/100
|
|-heal|p2a: Clodsire|55/100|[from] item: Leftovers
|upkeep
|turn|19
|
|t:|1758971331
|move|p1a: Blissey|Soft-Boiled|p1a: Blissey
|-heal|p1a: Blissey|88/100
|move|p2a: Clodsire|Earthquake|p1a: Blissey
|-damage|p1a: Blissey|64/100
|
|-heal|p2a: Clodsire|61/100|[from] item: Leftovers
|upkeep
|turn|20
|
|t:|1758971339
|move|p1a: Blissey|Seismic Toss|p2a: Clodsire
|-damage|p2a: Clodsire|39/100
|move|p2a: Clodsire|Earthquake|p1a: Blissey
|-damage|p1a: Blissey|41/100
|
|-heal|p2a: Clodsire|46/100|[from] item: Leftovers
|upkeep
|turn|21
|
|t:|1758971346
|move|p1a: Blissey|Seismic Toss|p2a: Clodsire
|-damage|p2a: Clodsire|24/100
|move|p2a: Clodsire|Poison Jab|p1a: Blissey
|-damage|p1a: Blissey|22/100
|-status|p1a: Blissey|psn
|
|-heal|p2a: Clodsire|30/100|[from] item: Leftovers
|-damage|p1a: Blissey|10/100 psn|[from] psn
|upkeep
|turn|22
|
|t:|1758971356
|move|p1a: Blissey|Soft-Boiled|p1a: Blissey
|-heal|p1a: Blissey|60/100 psn
|move|p2a: Clodsire|Earthquake|p1a: Blissey
|-damage|p1a: Blissey|36/100 psn
|
|-heal|p2a: Clodsire|36/100|[from] item: Leftovers
|-damage|p1a: Blissey|23/100 psn|[from] psn
|upkeep
|turn|23
|
|t:|1758971365
|move|p1a: Blissey|Soft-Boiled|p1a: Blissey
|-heal|p1a: Blissey|73/100 psn
|move|p2a: Clodsire|Earthquake|p1a: Blissey
|-damage|p1a: Blissey|49/100 psn
|
|-heal|p2a: Clodsire|43/100|[from] item: Leftovers
|-damage|p1a: Blissey|36/100 psn|[from] psn
|upkeep
|turn|24
|
|t:|1758971373
|move|p1a: Blissey|Seismic Toss|p2a: Clodsire
|-damage|p2a: Clodsire|21/100
|move|p2a: Clodsire|Earthquake|p1a: Blissey
|-damage|p1a: Blissey|14/100 psn
|
|-heal|p2a: Clodsire|27/100|[from] item: Leftovers
|-damage|p1a: Blissey|2/100 psn|[from] psn
|upkeep
|turn|25
|
|t:|1758971382
|-curestatus|p1a: Blissey|psn|[from] ability: Natural Cure
|switch|p1a: Dragapult|Dragapult, M|100/100
|-status|p1a: Dragapult|psn
|move|p2a: Clodsire|Earthquake|p1a: Dragapult
|-damage|p1a: Dragapult|60/100 psn
|
|-heal|p2a: Clodsire|34/100|[from] item: Leftovers
|-damage|p1a: Dragapult|48/100 psn|[from] psn
|upkeep
|turn|26
|
|t:|1758971394
|switch|p2a: Arbok|Arbok, M|17/100
|-damage|p2a: Arbok|5/100|[from] Stealth Rock
|-ability|p2a: Arbok|Intimidate|boost
|-unboost|p1a: Dragapult|atk|1
|move|p1a: Dragapult|Dragon Darts|p2a: Arbok
|-damage|p2a: Arbok|0 fnt
|faint|p2a: Arbok
|
|-damage|p1a: Dragapult|35/100 psn|[from] psn
|upkeep
|
|t:|1758971401
|switch|p2a: Landorus|Landorus-Therian, M|61/100 psn
|-damage|p2a: Landorus|49/100 psn|[from] Stealth Rock
|-ability|p2a: Landorus|Intimidate|boost
|-unboost|p1a: Dragapult|atk|1
|turn|27
|
|t:|1758971408
|switch|p1a: Alomomola|Alomomola, M|98/100
|-status|p1a: Alomomola|psn
|move|p2a: Landorus|U-turn|p1a: Alomomola
|-damage|p1a: Alomomola|85/100 psn
|-damage|p2a: Landorus|32/100 psn|[from] item: Rocky Helmet|[of] p1a: Alomomola
|
|t:|1758971416
|switch|p2a: Alomomola|Alomomola, M|100/100|[from] U-turn
|
|-damage|p1a: Alomomola|72/100 psn|[from] psn
|upkeep
|turn|28
|
|t:|1758971421
|move|p1a: Alomomola|Wish|p1a: Alomomola
|move|p2a: Alomomola|Flip Turn|p1a: Alomomola
|-resisted|p1a: Alomomola
|-damage|p1a: Alomomola|68/100 psn
|-damage|p2a: Alomomola|84/100|[from] item: Rocky Helmet|[of] p1a: Alomomola
|
|t:|1758971423
|switch|p2a: Landorus|Landorus-Therian, M|32/100 psn|[from] Flip Turn
|-damage|p2a: Landorus|20/100 psn|[from] Stealth Rock
|-ability|p2a: Landorus|Intimidate|boost
|-unboost|p1a: Alomomola|atk|1
|
|-damage|p2a: Landorus|8/100 psn|[from] psn
|-damage|p1a: Alomomola|56/100 psn|[from] psn
|upkeep
|turn|29
|
|t:|1758971444
|move|p2a: Landorus|Stealth Rock|p1a: Alomomola
|-sidestart|p1: mirzza|move: Stealth Rock
|move|p1a: Alomomola|Flip Turn|p2a: Landorus
|-supereffective|p2a: Landorus
|-damage|p2a: Landorus|0 fnt
|faint|p2a: Landorus
|inactive|mirzza has 120 seconds left.
|
|t:|1758971461
|switch|p1a: Great Tusk|Great Tusk|100/100|[from] Flip Turn
|-status|p1a: Great Tusk|psn
|-damage|p1a: Great Tusk|98/100 psn|[from] Stealth Rock
|
|-heal|p1a: Great Tusk|100/100 psn|[from] move: Wish|[wisher] Alomomola
|-damage|p1a: Great Tusk|88/100 psn|[from] psn
|upkeep
|
|t:|1758971465
|switch|p2a: Gliscor|Gliscor, M|100/100 tox
|-damage|p2a: Gliscor|88/100 tox|[from] Stealth Rock
|turn|30
|
|t:|1758971473
|-terastallize|p2a: Gliscor|Ghost
|move|p1a: Great Tusk|Rapid Spin|p2a: Gliscor
|-immune|p2a: Gliscor
|move|p2a: Gliscor|Earthquake|p1a: Great Tusk
|-damage|p1a: Great Tusk|65/100 psn
|
|-heal|p1a: Great Tusk|71/100 psn|[from] item: Leftovers
|-damage|p1a: Great Tusk|59/100 psn|[from] psn
|-heal|p2a: Gliscor|100/100 tox|[from] ability: Poison Heal
|upkeep
|turn|31
|
|t:|1758971485
|-end|p1a: Great Tusk|Protosynthesis|[silent]
|switch|p1a: Alomomola|Alomomola, M|89/100 psn
|-damage|p1a: Alomomola|77/100 psn|[from] Stealth Rock
|move|p2a: Gliscor|Knock Off|p1a: Alomomola
|-damage|p1a: Alomomola|65/100 psn
|-damage|p2a: Gliscor|84/100 tox|[from] item: Rocky Helmet|[of] p1a: Alomomola
|-enditem|p1a: Alomomola|Rocky Helmet|[from] move: Knock Off|[of] p2a: Gliscor
|
|-heal|p2a: Gliscor|96/100 tox|[from] ability: Poison Heal
|-damage|p1a: Alomomola|53/100 psn|[from] psn
|upkeep
|turn|32
|
|t:|1758971496
|move|p2a: Gliscor|Earthquake|p1a: Alomomola
|-damage|p1a: Alomomola|35/100 psn
|move|p1a: Alomomola|Wish|p1a: Alomomola
|
|-heal|p2a: Gliscor|100/100 tox|[from] ability: Poison Heal
|-damage|p1a: Alomomola|22/100 psn|[from] psn
|upkeep
|turn|33
|
|t:|1758971503
|switch|p1a: Meowscarada|Meowscarada, F|94/100
|-status|p1a: Meowscarada|psn
|-damage|p1a: Meowscarada|82/100 psn|[from] Stealth Rock
|move|p2a: Gliscor|Protect||[still]
|-fail|p2a: Gliscor
|
|-heal|p1a: Meowscarada|100/100 psn|[from] move: Wish|[wisher] Alomomola
|-damage|p1a: Meowscarada|88/100 psn|[from] psn
|upkeep
|turn|34
|
|t:|1758971514
|move|p2a: Gliscor|Protect|p2a: Gliscor
|-singleturn|p2a: Gliscor|Protect
|move|p1a: Meowscarada|Knock Off|p2a: Gliscor
|-start|p1a: Meowscarada|typechange|Dark|[from] ability: Protean
|-activate|p2a: Gliscor|move: Protect
|
|-damage|p1a: Meowscarada|76/100 psn|[from] psn
|upkeep
|turn|35
|
|t:|1758971527
|switch|p2a: Clodsire|Clodsire, M|34/100
|-damage|p2a: Clodsire|27/100|[from] Stealth Rock
|move|p1a: Meowscarada|Knock Off|p2a: Clodsire
|-damage|p2a: Clodsire|0 fnt
|-enditem|p2a: Clodsire|Leftovers|[from] move: Knock Off|[of] p1a: Meowscarada
|faint|p2a: Clodsire
|
|-damage|p1a: Meowscarada|64/100 psn|[from] psn
|upkeep
|
|t:|1758971530
|switch|p2a: Toxapex|Toxapex, F|91/100
|-damage|p2a: Toxapex|79/100|[from] Stealth Rock
|turn|36
|
|t:|1758971539
|move|p1a: Meowscarada|U-turn|p2a: Toxapex
|-resisted|p2a: Toxapex
|-damage|p2a: Toxapex|70/100
|
|t:|1758971542
|switch|p1a: Great Tusk|Great Tusk|59/100 psn|[from] U-turn
|-damage|p1a: Great Tusk|56/100 psn|[from] Stealth Rock
|move|p2a: Toxapex|Sludge Bomb|p1a: Great Tusk
|-resisted|p1a: Great Tusk
|-damage|p1a: Great Tusk|35/100 psn
|
|-heal|p1a: Great Tusk|41/100 psn|[from] item: Leftovers
|-damage|p1a: Great Tusk|29/100 psn|[from] psn
|upkeep
|turn|37
|
|t:|1758971552
|-end|p1a: Great Tusk|Protosynthesis|[silent]
|switch|p1a: Alomomola|Alomomola, M|56/100 psn
|-damage|p1a: Alomomola|43/100 psn|[from] Stealth Rock
|switch|p2a: Gliscor|Gliscor, M, tera:Ghost|100/100 tox
|-damage|p2a: Gliscor|88/100 tox|[from] Stealth Rock
|
|-heal|p2a: Gliscor|100/100 tox|[from] ability: Poison Heal
|-damage|p1a: Alomomola|31/100 psn|[from] psn
|upkeep
|turn|38
|
|t:|1758971562
|move|p2a: Gliscor|Earthquake|p1a: Alomomola
|-damage|p1a: Alomomola|13/100 psn
|move|p1a: Alomomola|Wish|p1a: Alomomola
|
|-damage|p1a: Alomomola|1/100 psn|[from] psn
|upkeep
|turn|39
|
|t:|1758971570
|switch|p1a: Meowscarada|Meowscarada, F|64/100 psn
|-damage|p1a: Meowscarada|52/100 psn|[from] Stealth Rock
|move|p2a: Gliscor|Earthquake|p1a: Meowscarada
|-resisted|p1a: Meowscarada
|-damage|p1a: Meowscarada|24/100 psn
|
|-heal|p1a: Meowscarada|100/100 psn|[from] move: Wish|[wisher] Alomomola
|-damage|p1a: Meowscarada|88/100 psn|[from] psn
|upkeep
|turn|40
|
|t:|1758971580
|move|p2a: Gliscor|Protect|p2a: Gliscor
|-singleturn|p2a: Gliscor|Protect
|move|p1a: Meowscarada|Knock Off|p2a: Gliscor
|-start|p1a: Meowscarada|typechange|Dark|[from] ability: Protean
|-activate|p2a: Gliscor|move: Protect
|
|-damage|p1a: Meowscarada|76/100 psn|[from] psn
|upkeep
|turn|41
|
|t:|1758971589
|switch|p2a: Alomomola|Alomomola, M|100/100
|move|p1a: Meowscarada|U-turn|p2a: Alomomola
|-damage|p2a: Alomomola|88/100
|
|t:|1758971595
|switch|p1a: Alomomola|Alomomola, M|34/100 psn|[from] U-turn
|-damage|p1a: Alomomola|22/100 psn|[from] Stealth Rock
|
|-damage|p1a: Alomomola|10/100 psn|[from] psn
|upkeep
|turn|42
|
|t:|1758971601
|move|p1a: Alomomola|Wish|p1a: Alomomola
|move|p2a: Alomomola|Flip Turn|p1a: Alomomola
|-resisted|p1a: Alomomola
|-damage|p1a: Alomomola|5/100 psn
|
|t:|1758971603
|switch|p2a: Gliscor|Gliscor, M, tera:Ghost|100/100 tox|[from] Flip Turn
|-damage|p2a: Gliscor|88/100 tox|[from] Stealth Rock
|
|-heal|p2a: Gliscor|100/100 tox|[from] ability: Poison Heal
|-damage|p1a: Alomomola|0 fnt|[from] psn
|faint|p1a: Alomomola
|upkeep
|
|t:|1758971615
|switch|p1a: Dragapult|Dragapult, M|35/100 psn
|-damage|p1a: Dragapult|23/100 psn|[from] Stealth Rock
|turn|43
|
|t:|1758971622
|switch|p2a: Alomomola|Alomomola, M|100/100
|move|p1a: Dragapult|Dragon Darts|p2a: Alomomola
|-damage|p2a: Alomomola|79/100
|-anim|p1a: Dragapult|Dragon Darts|p2a: Alomomola
|-damage|p2a: Alomomola|59/100
|
|-heal|p1a: Dragapult|100/100 psn|[from] move: Wish|[wisher] Alomomola
|-damage|p1a: Dragapult|88/100 psn|[from] psn
|upkeep
|turn|44
|-message|mirzza forfeited.
|
|win|DonovanIsNotHere
|raw|mirzza's rating: 1481 &rarr; <strong>1461</strong><br />(-20 for losing)
|raw|DonovanIsNotHere's rating: 1483 &rarr; <strong>1503</strong><br />(+20 for winning)
|l|☆mirzza
|player|p1|
|l|☆DonovanIsNotHere
|player|p2|
|j|☆DonovanIsNotHere
|player|p2|DonovanIsNotHere|101|
|l|☆DonovanIsNotHere
|player|p2|
