|j|☆IN Campion
|j|☆Balderan
|t:|1759046372
|gametype|singles
|player|p1|IN Campion|n|1059
|player|p2|Balderan|clown|1090
|gen|9
|tier|[Gen 9] OU
|rated|
|rule|HP Percentage Mod: HP is shown in percentages
|rule|Endless Battle Clause: Forcing endless battles is banned
|rule|Species Clause: Limit one of each Pokémon
|rule|OHKO Clause: OHKO moves are banned
|rule|Evasion Items Clause: Evasion items are banned
|rule|Evasion Moves Clause: Evasion moves are banned
|rule|Evasion Abilities Clause: Evasion abilities are banned
|rule|Sleep Moves Clause: Sleep-inducing moves are banned
|clearpoke
|poke|p1|Zoroark-Hisui, M|
|poke|p1|Gengar, M|
|poke|p1|Gliscor, M|
|poke|p1|Decidueye, M|
|poke|p1|Inteleon, M|
|poke|p1|Umbreon, M|
|poke|p2|Ogerpon-Wellspring, F|
|poke|p2|Comfey, F|
|poke|p2|Scyther, F|
|poke|p2|Weavile, M|
|poke|p2|Skarmory, F|
|poke|p2|Magmar, F|
|teampreview
|inactive|Battle timer is ON: inactive players will automatically lose when time's up. (requested by Balderan)
|
|t:|1759046380
|teamsize|p1|6
|teamsize|p2|6
|start
|switch|p1a: Gliscor|Gliscor, M|100/100
|switch|p2a: Comfey|Comfey, F|100/100
|turn|1
|
|t:|1759046388
|move|p1a: Gliscor|Protect|p1a: Gliscor
|-singleturn|p1a: Gliscor|Protect
|move|p2a: Comfey|Calm Mind|p2a: Comfey
|-boost|p2a: Comfey|spa|1
|-boost|p2a: Comfey|spd|1
|
|-status|p1a: Gliscor|tox|[from] item: Toxic Orb
|upkeep
|turn|2
|
|t:|1759046401
|move|p2a: Comfey|Calm Mind|p2a: Comfey
|-boost|p2a: Comfey|spa|1
|-boost|p2a: Comfey|spd|1
|move|p1a: Gliscor|Toxic|p2a: Comfey
|-status|p2a: Comfey|tox
|
|-damage|p2a: Comfey|94/100 tox|[from] psn
|upkeep
|turn|3
|
|t:|1759046410
|move|p2a: Comfey|Calm Mind|p2a: Comfey
|-boost|p2a: Comfey|spa|1
|-boost|p2a: Comfey|spd|1
|move|p1a: Gliscor|Earthquake|p2a: Comfey
|-damage|p2a: Comfey|57/100 tox
|
|-damage|p2a: Comfey|45/100 tox|[from] psn
|upkeep
|turn|4
|
|t:|1759046420
|move|p2a: Comfey|Draining Kiss|p1a: Gliscor
|-damage|p1a: Gliscor|41/100 tox
|-heal|p2a: Comfey|97/100 tox|[from] drain|[of] p1a: Gliscor
|-damage|p2a: Comfey|87/100 tox|[from] item: Life Orb
|move|p1a: Gliscor|Earthquake|p2a: Comfey
|-damage|p2a: Comfey|43/100 tox
|
|-damage|p2a: Comfey|25/100 tox|[from] psn
|-heal|p1a: Gliscor|53/100 tox|[from] ability: Poison Heal
|upkeep
|turn|5
|
|t:|1759046432
|move|p1a: Gliscor|Protect|p1a: Gliscor
|-singleturn|p1a: Gliscor|Protect
|move|p2a: Comfey|Draining Kiss|p1a: Gliscor
|-activate|p1a: Gliscor|move: Protect
|
|-damage|p2a: Comfey|0 fnt|[from] psn
|faint|p2a: Comfey
|-heal|p1a: Gliscor|65/100 tox|[from] ability: Poison Heal
|upkeep
|
|t:|1759046439
|switch|p2a: Weavile|Weavile, M|100/100
|-ability|p2a: Weavile|Pressure
|turn|6
|
|t:|1759046451
|-terastallize|p1a: Gliscor|Steel
|move|p2a: Weavile|Triple Axel|p1a: Gliscor
|-resisted|p1a: Gliscor
|-damage|p1a: Gliscor|62/100 tox
|-resisted|p1a: Gliscor
|-damage|p1a: Gliscor|53/100 tox
|-resisted|p1a: Gliscor
|-damage|p1a: Gliscor|42/100 tox
|-hitcount|p1a: Gliscor|3
|move|p1a: Gliscor|Toxic|p2a: Weavile
|-status|p2a: Weavile|tox
|
|-damage|p2a: Weavile|94/100 tox|[from] psn
|-heal|p1a: Gliscor|55/100 tox|[from] ability: Poison Heal
|upkeep
|turn|7
|
|t:|1759046467
|move|p2a: Weavile|Knock Off|p1a: Gliscor
|-damage|p1a: Gliscor|13/100 tox
|-enditem|p1a: Gliscor|Toxic Orb|[from] move: Knock Off|[of] p2a: Weavile
|move|p1a: Gliscor|Earthquake|p2a: Weavile
|-damage|p2a: Weavile|35/100 tox
|
|-damage|p2a: Weavile|23/100 tox|[from] psn
|-heal|p1a: Gliscor|26/100 tox|[from] ability: Poison Heal
|upkeep
|turn|8
|
|t:|1759046477
|move|p1a: Gliscor|Protect|p1a: Gliscor
|-singleturn|p1a: Gliscor|Protect
|move|p2a: Weavile|Knock Off|p1a: Gliscor
|-activate|p1a: Gliscor|move: Protect
|
|-damage|p2a: Weavile|4/100 tox|[from] psn
|-heal|p1a: Gliscor|38/100 tox|[from] ability: Poison Heal
|upkeep
|turn|9
|
|t:|1759046487
|move|p1a: Gliscor|Protect||[still]
|-fail|p1a: Gliscor
|move|p2a: Weavile|Knock Off|p1a: Gliscor
|-damage|p1a: Gliscor|10/100 tox
|
|-damage|p2a: Weavile|0 fnt|[from] psn
|faint|p2a: Weavile
|-heal|p1a: Gliscor|23/100 tox|[from] ability: Poison Heal
|upkeep
|
|t:|1759046493
|switch|p2a: Skarmory|Skarmory, F, shiny|100/100
|turn|10
|
|t:|1759046502
|move|p2a: Skarmory|Swords Dance|p2a: Skarmory
|-boost|p2a: Skarmory|atk|2
|move|p1a: Gliscor|Earthquake|p2a: Skarmory
|-immune|p2a: Skarmory
|
|-heal|p1a: Gliscor|35/100 tox|[from] ability: Poison Heal
|upkeep
|turn|11
|
|t:|1759046511
|move|p1a: Gliscor|Protect|p1a: Gliscor
|-singleturn|p1a: Gliscor|Protect
|move|p2a: Skarmory|Swords Dance|p2a: Skarmory
|-boost|p2a: Skarmory|atk|2
|
|-heal|p1a: Gliscor|47/100 tox|[from] ability: Poison Heal
|upkeep
|turn|12
|
|t:|1759046520
|move|p2a: Skarmory|Swords Dance|p2a: Skarmory
|-boost|p2a: Skarmory|atk|2
|move|p1a: Gliscor|Earthquake|p2a: Skarmory
|-immune|p2a: Skarmory
|
|-heal|p1a: Gliscor|60/100 tox|[from] ability: Poison Heal
|upkeep
|turn|13
|
|t:|1759046529
|move|p2a: Skarmory|Iron Head|p1a: Gliscor
|-resisted|p1a: Gliscor
|-damage|p1a: Gliscor|16/100 tox
|cant|p1a: Gliscor|flinch
|
|-heal|p1a: Gliscor|28/100 tox|[from] ability: Poison Heal
|upkeep
|turn|14
|
|t:|1759046537
|move|p2a: Skarmory|Iron Head|p1a: Gliscor
|-resisted|p1a: Gliscor
|-damage|p1a: Gliscor|0 fnt
|faint|p1a: Gliscor
|
|upkeep
|
|t:|1759046542
|switch|p1a: Umbreon|Umbreon, M|100/100
|turn|15
|
|t:|1759046549
|move|p1a: Umbreon|Trick|p2a: Skarmory
|-activate|p1a: Umbreon|move: Trick|[of] p2a: Skarmory
|-item|p2a: Skarmory|Choice Specs|[from] move: Trick
|-item|p1a: Umbreon|Rocky Helmet|[from] move: Trick
|move|p2a: Skarmory|Iron Head|p1a: Umbreon
|-damage|p1a: Umbreon|0 fnt
|-damage|p2a: Skarmory|84/100|[from] item: Rocky Helmet|[of] p1a: Umbreon
|replace|p1a: Zoroark|Zoroark-Hisui, M
|-end|p1a: Zoroark|Illusion
|faint|p1a: Zoroark
|
|upkeep
|
|t:|1759046560
|switch|p1a: Inteleon|Inteleon, M|100/100
|turn|16
|
|t:|1759046564
|move|p1a: Inteleon|Snipe Shot|p2a: Skarmory
|-damage|p2a: Skarmory|22/100
|move|p2a: Skarmory|Iron Head|p1a: Inteleon
|-resisted|p1a: Inteleon
|-damage|p1a: Inteleon|0 fnt
|faint|p1a: Inteleon
|
|upkeep
|
|t:|1759046572
|switch|p1a: Decidueye|Decidueye, M|100/100
|turn|17
|
|t:|1759046576
|move|p1a: Decidueye|Sucker Punch|p2a: Skarmory
|-damage|p2a: Skarmory|0 fnt
|faint|p2a: Skarmory
|
|upkeep
|
|t:|1759046582
|switch|p2a: Ogerpon|Ogerpon-Wellspring, F|100/100
|turn|18
|
|t:|1759046586
|-terastallize|p2a: Ogerpon|Water
|detailschange|p2a: Ogerpon|Ogerpon-Wellspring-Tera, F, tera:Water
|-ability|p2a: Ogerpon|Embody Aspect (Wellspring)|boost
|-boost|p2a: Ogerpon|spd|1
|move|p2a: Ogerpon|Knock Off|p1a: Decidueye
|-supereffective|p1a: Decidueye
|-damage|p1a: Decidueye|6/100
|-damage|p2a: Ogerpon|84/100|[from] item: Rocky Helmet|[of] p1a: Decidueye
|-enditem|p1a: Decidueye|Rocky Helmet|[from] move: Knock Off|[of] p2a: Ogerpon
|move|p1a: Decidueye|Swords Dance|p1a: Decidueye
|-boost|p1a: Decidueye|atk|2
|
|upkeep
|turn|19
|
|t:|1759046599
|move|p1a: Decidueye|Sucker Punch|p2a: Ogerpon
|-damage|p2a: Ogerpon|20/100
|move|p2a: Ogerpon|Knock Off|p1a: Decidueye
|-supereffective|p1a: Decidueye
|-damage|p1a: Decidueye|0 fnt
|faint|p1a: Decidueye
|
|upkeep
|
|t:|1759046609
|switch|p1a: Umbreon|Umbreon, M|100/100
|turn|20
|
|t:|1759046614
|move|p2a: Ogerpon|Horn Leech|p1a: Umbreon
|-damage|p1a: Umbreon|72/100
|-heal|p2a: Ogerpon|38/100|[from] drain|[of] p1a: Umbreon
|move|p1a: Umbreon|Foul Play|p2a: Ogerpon
|-damage|p2a: Ogerpon|0 fnt
|faint|p2a: Ogerpon
|detailschange|p2: Ogerpon|Ogerpon-Wellspring, F|[silent]
|
|-heal|p1a: Umbreon|78/100|[from] item: Leftovers
|upkeep
|
|t:|1759046619
|switch|p2a: Scyther|Scyther, F, shiny|100/100
|turn|21
|
|t:|1759046629
|move|p2a: Scyther|Close Combat|p1a: Umbreon
|-supereffective|p1a: Umbreon
|-damage|p1a: Umbreon|35/100
|-unboost|p2a: Scyther|def|1
|-unboost|p2a: Scyther|spd|1
|move|p1a: Umbreon|Thunder Wave|p2a: Scyther
|-status|p2a: Scyther|par
|
|-heal|p1a: Umbreon|41/100|[from] item: Leftovers
|upkeep
|turn|22
|
|t:|1759046641
|cant|p2a: Scyther|par
|move|p1a: Umbreon|Foul Play|p2a: Scyther
|-damage|p2a: Scyther|39/100 par
|
|-heal|p1a: Umbreon|47/100|[from] item: Leftovers
|upkeep
|turn|23
|
|t:|1759046650
|move|p2a: Scyther|Swords Dance|p2a: Scyther
|-boost|p2a: Scyther|atk|2
|move|p1a: Umbreon|Moonlight|p1a: Umbreon
|-heal|p1a: Umbreon|97/100
|
|-heal|p1a: Umbreon|100/100|[from] item: Leftovers
|upkeep
|turn|24
|
|t:|1759046659
|cant|p2a: Scyther|par
|move|p1a: Umbreon|Foul Play|p2a: Scyther
|-crit|p2a: Scyther
|-damage|p2a: Scyther|0 fnt
|faint|p2a: Scyther
|
|upkeep
|
|t:|1759046662
|switch|p2a: Magmar|Magmar, F|100/100
|turn|25
|
|t:|1759046669
|move|p2a: Magmar|Mach Punch|p1a: Umbreon
|-supereffective|p1a: Umbreon
|-damage|p1a: Umbreon|85/100
|move|p1a: Umbreon|Thunder Wave|p2a: Magmar
|-status|p2a: Magmar|par
|
|-heal|p1a: Umbreon|91/100|[from] item: Leftovers
|upkeep
|turn|26
|
|t:|1759046678
|cant|p2a: Magmar|par
|move|p1a: Umbreon|Foul Play|p2a: Magmar
|-damage|p2a: Magmar|47/100 par
|-status|p1a: Umbreon|brn|[from] ability: Flame Body|[of] p2a: Magmar
|
|-heal|p1a: Umbreon|97/100 brn|[from] item: Leftovers
|-damage|p1a: Umbreon|91/100 brn|[from] brn
|upkeep
|turn|27
|
|t:|1759046688
|move|p1a: Umbreon|Foul Play|p2a: Magmar
|-damage|p2a: Magmar|17/100 par
|cant|p2a: Magmar|par
|
|-heal|p1a: Umbreon|97/100 brn|[from] item: Leftovers
|-damage|p1a: Umbreon|91/100 brn|[from] brn
|upkeep
|turn|28
|
|t:|1759046697
|move|p1a: Umbreon|Foul Play|p2a: Magmar
|-damage|p2a: Magmar|0 fnt
|faint|p2a: Magmar
|
|win|IN Campion
|raw|IN Campion's rating: 1059 &rarr; <strong>1093</strong><br />(+34 for winning)
|raw|Balderan's rating: 1090 &rarr; <strong>1064</strong><br />(-26 for losing)
|l|☆Balderan
|player|p2|
|l|☆IN Campion
|player|p1|
