|j|☆lobotomiagames
|j|☆Doomingo
|t:|1759070612
|gametype|singles
|player|p1|lobotomiagames|harlequin|1357
|player|p2|Doomingo|1|1319
|gen|9
|tier|[Gen 9] OU
|rated|
|rule|HP Percentage Mod: HP is shown in percentages
|rule|Endless Battle Clause: Forcing endless battles is banned
|rule|Species Clause: Limit one of each Pokémon
|rule|OHKO Clause: OHKO moves are banned
|rule|Evasion Items Clause: Evasion items are banned
|rule|Evasion Moves Clause: Evasion moves are banned
|rule|Evasion Abilities Clause: Evasion abilities are banned
|rule|Sleep Moves Clause: Sleep-inducing moves are banned
|clearpoke
|poke|p1|Primarina, M|
|poke|p1|Gliscor, M|
|poke|p1|Meowscarada, F|
|poke|p1|Latios, M|
|poke|p1|Weezing-Galar, M|
|poke|p1|Gholdengo|
|poke|p2|Tyranitar, F|
|poke|p2|Sinistcha|
|poke|p2|Comfey, F|
|poke|p2|Bellibolt, F|
|poke|p2|Mamoswine, M|
|poke|p2|Scizor, F|
|teampreview
|inactive|Battle timer is ON: inactive players will automatically lose when time's up. (requested by Doomingo)
|
|t:|1759070620
|teamsize|p1|6
|teamsize|p2|6
|start
|switch|p1a: Gliscor|Gliscor, M, shiny|100/100
|switch|p2a: Mr. Big|Tyranitar, F|100/100
|-weather|Sandstorm|[from] ability: Sand Stream|[of] p2a: Mr. Big
|turn|1
|
|t:|1759070623
|move|p1a: Gliscor|Protect|p1a: Gliscor
|-singleturn|p1a: Gliscor|Protect
|move|p2a: Mr. Big|Knock Off|p1a: Gliscor
|-activate|p1a: Gliscor|move: Protect
|
|-weather|Sandstorm|[upkeep]
|-status|p1a: Gliscor|tox|[from] item: Toxic Orb
|upkeep
|turn|2
|
|t:|1759070627
|move|p1a: Gliscor|Stealth Rock|p2a: Mr. Big
|-sidestart|p2: Doomingo|move: Stealth Rock
|move|p2a: Mr. Big|Ice Beam|p1a: Gliscor
|-supereffective|p1a: Gliscor
|-damage|p1a: Gliscor|18/100 tox
|
|-weather|Sandstorm|[upkeep]
|-heal|p1a: Gliscor|30/100 tox|[from] ability: Poison Heal
|upkeep
|turn|3
|
|t:|1759070635
|move|p1a: Gliscor|Protect|p1a: Gliscor
|-singleturn|p1a: Gliscor|Protect
|move|p2a: Mr. Big|Ancient Power|p1a: Gliscor
|-activate|p1a: Gliscor|move: Protect
|
|-weather|Sandstorm|[upkeep]
|-heal|p1a: Gliscor|43/100 tox|[from] ability: Poison Heal
|upkeep
|turn|4
|
|t:|1759070642
|switch|p1a: Celestine|Primarina, M|100/100
|move|p2a: Mr. Big|Knock Off|p1a: Celestine
|-resisted|p1a: Celestine
|-damage|p1a: Celestine|71/100
|-enditem|p1a: Celestine|Leftovers|[from] move: Knock Off|[of] p2a: Mr. Big
|
|-weather|Sandstorm|[upkeep]
|-damage|p1a: Celestine|65/100|[from] Sandstorm
|upkeep
|turn|5
|
|t:|1759070648
|switch|p2a: Buzz|Scizor, F|100/100
|-damage|p2a: Buzz|88/100|[from] Stealth Rock
|move|p1a: Celestine|Psychic Noise|p2a: Buzz
|-damage|p2a: Buzz|51/100
|-start|p2a: Buzz|move: Heal Block
|
|-weather|none
|upkeep
|turn|6
|inactive|Doomingo has 120 seconds left.
|
|t:|1759070687
|switch|p1a: Gholdengo|Gholdengo, shiny|100/100
|move|p2a: Buzz|Defog|p1a: Gholdengo
|-immune|p1a: Gholdengo|[from] ability: Good as Gold
|
|-end|p2a: Buzz|move: Heal Block
|upkeep
|turn|7
|inactive|Doomingo has 120 seconds left.
|
|t:|1759070695
|move|p1a: Gholdengo|Thunder Wave|p2a: Buzz
|-status|p2a: Buzz|par
|cant|p2a: Buzz|par
|
|-heal|p2a: Buzz|57/100 par|[from] item: Leftovers
|upkeep
|turn|8
|
|t:|1759070699
|move|p1a: Gholdengo|Shadow Ball|p2a: Buzz
|-damage|p2a: Buzz|30/100 par
|-unboost|p2a: Buzz|spd|1
|cant|p2a: Buzz|par
|
|-heal|p2a: Buzz|36/100 par|[from] item: Leftovers
|upkeep
|turn|9
|
|t:|1759070707
|move|p1a: Gholdengo|Shadow Ball|p2a: Buzz
|-damage|p2a: Buzz|0 fnt
|faint|p2a: Buzz
|
|upkeep
|
|t:|1759070711
|switch|p2a: Mr. Big|Tyranitar, F|100/100
|-damage|p2a: Mr. Big|88/100|[from] Stealth Rock
|-weather|Sandstorm|[from] ability: Sand Stream|[of] p2a: Mr. Big
|turn|10
|
|t:|1759070718
|switch|p1a: Weezing|Weezing-Galar, M|100/100
|move|p2a: Mr. Big|Knock Off|p1a: Weezing
|-resisted|p1a: Weezing
|-damage|p1a: Weezing|86/100
|-enditem|p1a: Weezing|Leftovers|[from] move: Knock Off|[of] p2a: Mr. Big
|
|-weather|Sandstorm|[upkeep]
|-damage|p1a: Weezing|80/100|[from] Sandstorm
|upkeep
|turn|11
|
|t:|1759070730
|switch|p2a: Glut|Bellibolt, F|100/100
|-damage|p2a: Glut|88/100|[from] Stealth Rock
|move|p1a: Weezing|Will-O-Wisp|p2a: Glut
|-status|p2a: Glut|brn
|
|-weather|Sandstorm|[upkeep]
|-damage|p1a: Weezing|74/100|[from] Sandstorm
|-damage|p2a: Glut|82/100 brn|[from] Sandstorm
|-damage|p2a: Glut|76/100 brn|[from] brn
|upkeep
|turn|12
|
|t:|1759070736
|switch|p1a: Gliscor|Gliscor, M, shiny|43/100 tox
|move|p2a: Glut|Soak|p1a: Gliscor
|-start|p1a: Gliscor|typechange|Water
|
|-weather|Sandstorm|[upkeep]
|-damage|p1a: Gliscor|36/100 tox|[from] Sandstorm
|-damage|p2a: Glut|70/100 brn|[from] Sandstorm
|-heal|p1a: Gliscor|49/100 tox|[from] ability: Poison Heal
|-damage|p2a: Glut|63/100 brn|[from] brn
|upkeep
|turn|13
|
|t:|1759070740
|move|p1a: Gliscor|Protect|p1a: Gliscor
|-singleturn|p1a: Gliscor|Protect
|move|p2a: Glut|Parabolic Charge|p1a: Gliscor
|-activate|p1a: Gliscor|move: Protect
|
|-weather|Sandstorm|[upkeep]
|-damage|p1a: Gliscor|43/100 tox|[from] Sandstorm
|-damage|p2a: Glut|57/100 brn|[from] Sandstorm
|-heal|p1a: Gliscor|55/100 tox|[from] ability: Poison Heal
|-damage|p2a: Glut|51/100 brn|[from] brn
|upkeep
|turn|14
|
|t:|1759070746
|switch|p1a: Gholdengo|Gholdengo, shiny|100/100
|move|p2a: Glut|Parabolic Charge|p1a: Gholdengo
|-damage|p1a: Gholdengo|67/100
|-heal|p2a: Glut|67/100 brn|[from] drain|[of] p1a: Gholdengo
|
|-weather|none
|-damage|p2a: Glut|60/100 brn|[from] brn
|upkeep
|turn|15
|
|t:|1759070754
|move|p1a: Gholdengo|Make It Rain|p2a: Glut
|-resisted|p2a: Glut
|-damage|p2a: Glut|36/100 brn
|-unboost|p1a: Gholdengo|spa|1
|-start|p2a: Glut|Charge|Make It Rain|[from] ability: Electromorphosis
|move|p2a: Glut|Parabolic Charge|p1a: Gholdengo
|-damage|p1a: Gholdengo|3/100
|-heal|p2a: Glut|67/100 brn|[from] drain|[of] p1a: Gholdengo
|-end|p2a: Glut|Charge|[silent]
|
|-damage|p2a: Glut|60/100 brn|[from] brn
|upkeep
|turn|16
|
|t:|1759070767
|switch|p1a: Latios|Latios, M, shiny|100/100
|move|p2a: Glut|Soak|p1a: Latios
|-start|p1a: Latios|typechange|Water
|
|-damage|p2a: Glut|54/100 brn|[from] brn
|upkeep
|turn|17
|
|t:|1759070774
|move|p1a: Latios|Psychic Noise|p2a: Glut
|-damage|p2a: Glut|29/100 brn
|-start|p2a: Glut|move: Heal Block
|-start|p2a: Glut|Charge|Psychic Noise|[from] ability: Electromorphosis
|cant|p2a: Glut|move: Heal Block|Parabolic Charge
|-end|p2a: Glut|Charge|[silent]
|
|-damage|p2a: Glut|23/100 brn|[from] brn
|upkeep
|turn|18
|
|t:|1759070787
|move|p1a: Latios|Draco Meteor|p2a: Glut
|-damage|p2a: Glut|0 fnt
|-unboost|p1a: Latios|spa|2
|faint|p2a: Glut
|
|upkeep
|
|t:|1759070792
|switch|p2a: Mastodown!|Mamoswine, M, shiny|100/100
|-damage|p2a: Mastodown!|88/100|[from] Stealth Rock
|turn|19
|
|t:|1759070798
|move|p1a: Latios|Psychic Noise|p2a: Mastodown!
|-damage|p2a: Mastodown!|71/100
|-start|p2a: Mastodown!|move: Heal Block
|move|p2a: Mastodown!|Trailblaze|p1a: Latios
|-supereffective|p1a: Latios
|-damage|p1a: Latios|52/100
|-boost|p2a: Mastodown!|spe|1
|
|upkeep
|turn|20
|
|t:|1759070806
|switch|p1a: Weezing|Weezing-Galar, M|74/100
|move|p2a: Mastodown!|Trailblaze|p1a: Weezing
|-resisted|p1a: Weezing
|-damage|p1a: Weezing|67/100
|-boost|p2a: Mastodown!|spe|1
|
|-end|p2a: Mastodown!|move: Heal Block
|upkeep
|turn|21
|
|t:|1759070828
|move|p2a: Mastodown!|Icicle Crash|p1a: Weezing
|-damage|p1a: Weezing|35/100
|move|p1a: Weezing|Will-O-Wisp|p2a: Mastodown!
|-status|p2a: Mastodown!|brn
|
|-damage|p2a: Mastodown!|65/100 brn|[from] brn
|upkeep
|turn|22
|
|t:|1759070833
|move|p2a: Mastodown!|Icicle Crash|p1a: Weezing
|-crit|p1a: Weezing
|-damage|p1a: Weezing|10/100
|move|p1a: Weezing|Pain Split|p2a: Mastodown!
|-sethp|p2a: Mastodown!|37/100 brn|[from] move: Pain Split|[silent]
|-sethp|p1a: Weezing|40/100|[from] move: Pain Split
|
|-damage|p2a: Mastodown!|31/100 brn|[from] brn
|upkeep
|turn|23
|
|t:|1759070843
|move|p2a: Mastodown!|Icicle Crash|p1a: Weezing
|-damage|p1a: Weezing|25/100
|move|p1a: Weezing|Strange Steam|p2a: Mastodown!
|-damage|p2a: Mastodown!|0 fnt
|faint|p2a: Mastodown!
|
|upkeep
|
|t:|1759070856
|switch|p2a: Mr. Big|Tyranitar, F|88/100
|-damage|p2a: Mr. Big|76/100|[from] Stealth Rock
|-weather|Sandstorm|[from] ability: Sand Stream|[of] p2a: Mr. Big
|turn|24
|
|t:|1759070862
|switch|p1a: Celestine|Primarina, M|65/100
|move|p2a: Mr. Big|Knock Off|p1a: Celestine
|-resisted|p1a: Celestine
|-damage|p1a: Celestine|45/100
|
|-weather|Sandstorm|[upkeep]
|-damage|p1a: Celestine|39/100|[from] Sandstorm
|upkeep
|turn|25
|
|t:|1759070868
|move|p1a: Celestine|Moonblast|p2a: Mr. Big
|-supereffective|p2a: Mr. Big
|-damage|p2a: Mr. Big|37/100
|-unboost|p2a: Mr. Big|spa|1
|move|p2a: Mr. Big|Ancient Power|p1a: Celestine
|-damage|p1a: Celestine|23/100
|
|-weather|Sandstorm|[upkeep]
|-damage|p1a: Celestine|17/100|[from] Sandstorm
|upkeep
|turn|26
|
|t:|1759070874
|move|p1a: Celestine|Moonblast|p2a: Mr. Big
|-supereffective|p2a: Mr. Big
|-damage|p2a: Mr. Big|0 fnt
|faint|p2a: Mr. Big
|
|-weather|Sandstorm|[upkeep]
|-damage|p1a: Celestine|10/100|[from] Sandstorm
|upkeep
|
|t:|1759070885
|switch|p2a: Ring A Round|Comfey, F|100/100
|-damage|p2a: Ring A Round|88/100|[from] Stealth Rock
|turn|27
|
|t:|1759070894
|switch|p1a: Weezing|Weezing-Galar, M|25/100
|move|p2a: Ring A Round|Calm Mind|p2a: Ring A Round
|-boost|p2a: Ring A Round|spa|1
|-boost|p2a: Ring A Round|spd|1
|
|-weather|Sandstorm|[upkeep]
|-damage|p2a: Ring A Round|82/100|[from] Sandstorm
|-damage|p1a: Weezing|19/100|[from] Sandstorm
|upkeep
|turn|28
|
|t:|1759070902
|-terastallize|p2a: Ring A Round|Steel
|move|p2a: Ring A Round|Calm Mind|p2a: Ring A Round
|-boost|p2a: Ring A Round|spa|1
|-boost|p2a: Ring A Round|spd|1
|move|p1a: Weezing|Pain Split|p2a: Ring A Round
|-sethp|p2a: Ring A Round|51/100|[from] move: Pain Split|[silent]
|-sethp|p1a: Weezing|47/100|[from] move: Pain Split
|
|-weather|none
|upkeep
|turn|29
|
|t:|1759070908
|move|p2a: Ring A Round|Stored Power|p1a: Weezing
|-supereffective|p1a: Weezing
|-damage|p1a: Weezing|0 fnt
|faint|p1a: Weezing
|
|upkeep
|
|t:|1759070925
|switch|p1a: Gliscor|Gliscor, M, shiny|55/100 tox
|turn|30
|
|t:|1759070929
|move|p1a: Gliscor|Protect|p1a: Gliscor
|-singleturn|p1a: Gliscor|Protect
|move|p2a: Ring A Round|Calm Mind|p2a: Ring A Round
|-boost|p2a: Ring A Round|spa|1
|-boost|p2a: Ring A Round|spd|1
|
|-heal|p1a: Gliscor|68/100 tox|[from] ability: Poison Heal
|upkeep
|turn|31
|
|t:|1759070934
|move|p2a: Ring A Round|Synthesis|p2a: Ring A Round
|-heal|p2a: Ring A Round|100/100
|move|p1a: Gliscor|Earthquake|p2a: Ring A Round
|-supereffective|p2a: Ring A Round
|-damage|p2a: Ring A Round|25/100
|-enditem|p2a: Ring A Round|Kee Berry|[eat]
|-boost|p2a: Ring A Round|def|1|[from] item: Kee Berry
|
|-heal|p1a: Gliscor|80/100 tox|[from] ability: Poison Heal
|upkeep
|turn|32
|
|t:|1759070945
|move|p2a: Ring A Round|Draining Kiss|p1a: Gliscor
|-damage|p1a: Gliscor|32/100 tox
|-heal|p2a: Ring A Round|67/100|[from] drain|[of] p1a: Gliscor
|move|p1a: Gliscor|Earthquake|p2a: Ring A Round
|-supereffective|p2a: Ring A Round
|-damage|p2a: Ring A Round|16/100
|
|-heal|p1a: Gliscor|45/100 tox|[from] ability: Poison Heal
|upkeep
|turn|33
|
|t:|1759070952
|-terastallize|p1a: Gliscor|Fairy
|move|p2a: Ring A Round|Synthesis|p2a: Ring A Round
|-heal|p2a: Ring A Round|66/100
|move|p1a: Gliscor|Earthquake|p2a: Ring A Round
|-supereffective|p2a: Ring A Round
|-damage|p2a: Ring A Round|16/100
|
|-heal|p1a: Gliscor|57/100 tox|[from] ability: Poison Heal
|upkeep
|turn|34
|
|t:|1759070957
|move|p2a: Ring A Round|Stored Power|p1a: Gliscor
|-damage|p1a: Gliscor|0 fnt
|faint|p1a: Gliscor
|
|upkeep
|
|t:|1759070968
|switch|p1a: Meowscarada|Meowscarada, F, shiny|100/100
|turn|35
|
|t:|1759070973
|move|p2a: Ring A Round|Draining Kiss|p1a: Meowscarada
|-supereffective|p1a: Meowscarada
|-damage|p1a: Meowscarada|0 fnt
|-heal|p2a: Ring A Round|88/100|[from] drain|[of] p1a: Meowscarada
|faint|p1a: Meowscarada
|
|upkeep
|-message|lobotomiagames forfeited.
|
|win|Doomingo
|raw|lobotomiagames's rating: 1357 &rarr; <strong>1335</strong><br />(-22 for losing)
|raw|Doomingo's rating: 1319 &rarr; <strong>1341</strong><br />(+22 for winning)
|l|☆lobotomiagames
|player|p1|
|l|☆Doomingo
|player|p2|
