|j|☆icy glastrier
|j|☆Celestial Krystal
|t:|1758989355
|gametype|singles
|player|p1|icy glastrier|benga|
|player|p2|Celestial Krystal|hilda|
|gen|9
|tier|[Gen 9] OU
|rule|HP Percentage Mod: HP is shown in percentages
|rule|Endless Battle Clause: Forcing endless battles is banned
|rule|Species Clause: Limit one of each Pokémon
|rule|OHKO Clause: OHKO moves are banned
|rule|Evasion Items Clause: Evasion items are banned
|rule|Evasion Moves Clause: Evasion moves are banned
|rule|Evasion Abilities Clause: Evasion abilities are banned
|rule|Sleep Moves Clause: Sleep-inducing moves are banned
|clearpoke
|poke|p1|Ogerpon-Wellspring, F|
|poke|p1|Iron Valiant|
|poke|p1|Espeon, M|
|poke|p1|Muk-Alola, M|
|poke|p1|Tsareena, F|
|poke|p1|Latios, M|
|poke|p2|Flygon, F|
|poke|p2|Goodra-Hisui, M|
|poke|p2|Lokix, F|
|poke|p2|Maushold|
|poke|p2|Slowbro-Galar, F|
|poke|p2|Jumpluff, M|
|teampreview
|
|t:|1758989373
|teamsize|p1|6
|teamsize|p2|6
|start
|switch|p1a: Muk|Muk-Alola, M|100/100
|switch|p2a: Goodra|Goodra-Hisui, M|100/100
|turn|1
|
|t:|1758989380
|move|p1a: Muk|Knock Off|p2a: Goodra
|-damage|p2a: Goodra|70/100
|-enditem|p2a: Goodra|Leftovers|[from] move: Knock Off|[of] p1a: Muk
|move|p2a: Goodra|Curse|p2a: Goodra
|-unboost|p2a: Goodra|spe|1
|-boost|p2a: Goodra|atk|1
|-boost|p2a: Goodra|def|1
|
|upkeep
|turn|2
|
|t:|1758989400
|switch|p1a: Latios|Latios, M|100/100
|move|p2a: Goodra|Curse|p2a: Goodra
|-unboost|p2a: Goodra|spe|1
|-boost|p2a: Goodra|atk|1
|-boost|p2a: Goodra|def|1
|
|upkeep
|turn|3
|
|t:|1758989408
|move|p1a: Latios|Draco Meteor|p2a: Goodra
|-damage|p2a: Goodra|25/100
|-unboost|p1a: Latios|spa|2
|move|p2a: Goodra|Gyro Ball|p1a: Latios
|-damage|p1a: Latios|0 fnt
|faint|p1a: Latios
|
|upkeep
|
|t:|1758989415
|switch|p1a: Espeon|Espeon, M|100/100
|turn|4
|
|t:|1758989424
|move|p1a: Espeon|Psychic|p2a: Goodra
|-resisted|p2a: Goodra
|-damage|p2a: Goodra|8/100
|move|p2a: Goodra|Gyro Ball|p1a: Espeon
|-damage|p1a: Espeon|0 fnt
|faint|p1a: Espeon
|
|upkeep
|
|t:|1758989431
|switch|p1a: Iron Valiant|Iron Valiant|100/100
|-enditem|p1a: Iron Valiant|Booster Energy
|-activate|p1a: Iron Valiant|ability: Quark Drive|[fromitem]
|-start|p1a: Iron Valiant|quarkdrivespe
|turn|5
|
|t:|1758989438
|move|p1a: Iron Valiant|Moonblast|p2a: Goodra
|-damage|p2a: Goodra|0 fnt
|faint|p2a: Goodra
|
|upkeep
|
|t:|1758989452
|switch|p2a: Jumpluff|Jumpluff, M|100/100
|turn|6
|
|t:|1758989465
|move|p1a: Iron Valiant|Moonblast|p2a: Jumpluff
|-damage|p2a: Jumpluff|41/100
|-enditem|p2a: Jumpluff|Sitrus Berry|[eat]
|-heal|p2a: Jumpluff|65/100|[from] item: Sitrus Berry
|move|p2a: Jumpluff|Leech Seed|p1a: Iron Valiant
|-start|p1a: Iron Valiant|move: Leech Seed
|
|-damage|p1a: Iron Valiant|88/100|[from] Leech Seed|[of] p2a: Jumpluff
|-heal|p2a: Jumpluff|78/100|[silent]
|upkeep
|turn|7
|
|t:|1758989478
|-end|p1a: Iron Valiant|Quark Drive|[silent]
|switch|p1a: Muk|Muk-Alola, M|100/100
|move|p2a: Jumpluff|Acrobatics|p1a: Muk
|-damage|p1a: Muk|74/100
|
|-heal|p1a: Muk|80/100|[from] item: Leftovers
|upkeep
|turn|8
|
|t:|1758989495
|switch|p2a: Flygon|Flygon, F|100/100
|move|p1a: Muk|Ice Punch|p2a: Flygon
|-supereffective|p2a: Flygon
|-damage|p2a: Flygon|0 fnt
|faint|p2a: Flygon
|
|-heal|p1a: Muk|86/100|[from] item: Leftovers
|upkeep
|
|t:|1758989512
|switch|p2a: Lokix|Lokix, F|100/100
|turn|9
|
|t:|1758989524
|move|p2a: Lokix|Lunge|p1a: Muk
|-damage|p1a: Muk|45/100
|-unboost|p1a: Muk|atk|1
|move|p1a: Muk|Drain Punch|p2a: Lokix
|-damage|p2a: Lokix|79/100
|-heal|p1a: Muk|52/100|[from] drain|[of] p2a: Lokix
|
|-heal|p1a: Muk|58/100|[from] item: Leftovers
|upkeep
|turn|10
|
|t:|1758989534
|switch|p1a: Tsareena|Tsareena, F|100/100
|move|p2a: Lokix|Lunge|p1a: Tsareena
|-supereffective|p1a: Tsareena
|-damage|p1a: Tsareena|0 fnt
|faint|p1a: Tsareena
|
|upkeep
|
|t:|1758989543
|switch|p1a: Iron Valiant|Iron Valiant|88/100
|turn|11
|
|t:|1758989546
|move|p1a: Iron Valiant|Moonblast|p2a: Lokix
|-supereffective|p2a: Lokix
|-damage|p2a: Lokix|0 fnt
|faint|p2a: Lokix
|
|upkeep
|
|t:|1758989565
|switch|p2a: Maushold|Maushold|100/100
|turn|12
|c|☆icy glastrier|You got a chance
|c|☆icy glastrier|Cuz I like to gamble
|
|t:|1758989585
|-terastallize|p2a: Maushold|Ghost
|move|p1a: Iron Valiant|Focus Blast|p2a: Maushold
|-immune|p2a: Maushold
|move|p2a: Maushold|Tidy Up|p2a: Maushold
|-boost|p2a: Maushold|atk|1
|-boost|p2a: Maushold|spe|1
|
|upkeep
|turn|13
|
|t:|1758989664
|-terastallize|p1a: Iron Valiant|Fairy
|move|p2a: Maushold|Play Rough|p1a: Iron Valiant
|-damage|p1a: Iron Valiant|49/100
|move|p1a: Iron Valiant|Moonblast|p2a: Maushold
|-damage|p2a: Maushold|15/100
|
|upkeep
|turn|14
|
|t:|1758989679
|move|p2a: Maushold|Population Bomb|p1a: Iron Valiant
|-damage|p1a: Iron Valiant|27/100
|-damage|p1a: Iron Valiant|6/100
|-damage|p1a: Iron Valiant|0 fnt
|faint|p1a: Iron Valiant
|-end|p1a: Iron Valiant|Quark Drive|[silent]
|-hitcount|p1: Iron Valiant|3
|
|upkeep
|
|t:|1758989685
|switch|p1a: Muk|Muk-Alola, M|58/100
|turn|15
|
|t:|1758989688
|move|p2a: Maushold|Population Bomb|p1a: Muk
|-damage|p1a: Muk|43/100
|-damage|p1a: Muk|30/100
|-crit|p1a: Muk
|-damage|p1a: Muk|8/100
|-damage|p1a: Muk|0 fnt
|faint|p1a: Muk
|-hitcount|p1: Muk|4
|
|upkeep
|
|t:|1758989695
|switch|p1a: Ogerpon|Ogerpon-Wellspring, F|100/100
|turn|16
|c|☆icy glastrier|You will miss
|
|t:|1758989705
|move|p2a: Maushold|Population Bomb|p1a: Ogerpon
|-damage|p1a: Ogerpon|84/100
|-damage|p1a: Ogerpon|67/100
|-damage|p1a: Ogerpon|50/100
|-damage|p1a: Ogerpon|34/100
|-crit|p1a: Ogerpon
|-damage|p1a: Ogerpon|10/100
|-hitcount|p1a: Ogerpon|5
|move|p1a: Ogerpon|Horn Leech|p2a: Maushold
|-damage|p2a: Maushold|0 fnt
|-heal|p1a: Ogerpon|16/100|[from] drain|[of] p2a: Maushold
|faint|p2a: Maushold
|
|upkeep
|
|t:|1758989719
|switch|p2a: Jumpluff|Jumpluff, M|78/100
|turn|17
|c|☆icy glastrier|Alright
|c|☆icy glastrier|So
|c|☆icy glastrier|Now
|c|☆icy glastrier|I die ig
|
|t:|1758989760
|move|p2a: Jumpluff|Acrobatics|p1a: Ogerpon
|-supereffective|p1a: Ogerpon
|-damage|p1a: Ogerpon|0 fnt
|faint|p1a: Ogerpon
|
|win|Celestial Krystal
|l|☆icy glastrier
|player|p1|
