|j|☆master ball rus
|j|☆PepeNike
|t:|1758945939
|gametype|singles
|player|p1|master ball rus|swimmer-gen4|1587
|player|p2|PepeNike|102|1498
|gen|9
|tier|[Gen 9] OU
|rated|
|rule|HP Percentage Mod: HP is shown in percentages
|rule|Endless Battle Clause: Forcing endless battles is banned
|rule|Species Clause: Limit one of each Pokémon
|rule|OHKO Clause: OHKO moves are banned
|rule|Evasion Items Clause: Evasion items are banned
|rule|Evasion Moves Clause: Evasion moves are banned
|rule|Evasion Abilities Clause: Evasion abilities are banned
|rule|Sleep Moves Clause: Sleep-inducing moves are banned
|clearpoke
|poke|p1|Gholdengo|
|poke|p1|Zamazenta-*|
|poke|p1|Ting-Lu|
|poke|p1|Clefable, F|
|poke|p1|Dragonite, M|
|poke|p1|Deoxys-Speed|
|poke|p2|Glimmora, F|
|poke|p2|Dragapult, F|
|poke|p2|Gholdengo|
|poke|p2|Weavile, M|
|poke|p2|Dragonite, M|
|poke|p2|Greninja-*, M|
|teampreview
|inactive|Battle timer is ON: inactive players will automatically lose when time's up. (requested by PepeNike)
|j| Svablo
|inactive|PepeNike has 120 seconds left.
|
|t:|1758945973
|teamsize|p1|6
|teamsize|p2|6
|start
|switch|p1a: Ting-Lu|Ting-Lu|100/100
|switch|p2a: Glimmora|Glimmora, F|100/100
|-ability|p1a: Ting-Lu|Vessel of Ruin
|turn|1
|
|t:|1758946001
|move|p2a: Glimmora|Stealth Rock|p1a: Ting-Lu
|-sidestart|p1: master ball rus|move: Stealth Rock
|move|p1a: Ting-Lu|Earthquake|p2a: Glimmora
|-supereffective|p2a: Glimmora
|-enditem|p2a: Glimmora|Focus Sash
|-damage|p2a: Glimmora|1/100
|-activate|p2a: Glimmora|ability: Toxic Debris
|-sidestart|p1: master ball rus|move: Toxic Spikes
|
|upkeep
|turn|2
|
|t:|1758946013
|move|p2a: Glimmora|Spikes|p1a: Ting-Lu
|-sidestart|p1: master ball rus|Spikes
|move|p1a: Ting-Lu|Earthquake|p2a: Glimmora
|-supereffective|p2a: Glimmora
|-damage|p2a: Glimmora|0 fnt
|-activate|p2a: Glimmora|ability: Toxic Debris
|-sidestart|p1: master ball rus|move: Toxic Spikes
|faint|p2a: Glimmora
|
|upkeep
|j| Bobaba
|inactive|PepeNike has 120 seconds left.
|
|t:|1758946046
|switch|p2a: Weavile|Weavile, M|100/100
|turn|3
|
|t:|1758946052
|switch|p1a: Clefable|Clefable, F|100/100
|-status|p1a: Clefable|tox
|move|p2a: Weavile|Triple Axel|p1a: Clefable
|-damage|p1a: Clefable|93/100 tox
|-damage|p2a: Weavile|84/100|[from] item: Rocky Helmet|[of] p1a: Clefable
|-damage|p1a: Clefable|77/100 tox
|-damage|p2a: Weavile|68/100|[from] item: Rocky Helmet|[of] p1a: Clefable
|-damage|p1a: Clefable|54/100 tox
|-damage|p2a: Weavile|51/100|[from] item: Rocky Helmet|[of] p1a: Clefable
|-hitcount|p1a: Clefable|3
|
|upkeep
|turn|4
|
|t:|1758946062
|move|p2a: Weavile|Knock Off|p1a: Clefable
|-resisted|p1a: Clefable
|-damage|p1a: Clefable|36/100 tox
|-damage|p2a: Weavile|35/100|[from] item: Rocky Helmet|[of] p1a: Clefable
|-enditem|p1a: Clefable|Rocky Helmet|[from] move: Knock Off|[of] p2a: Weavile
|move|p1a: Clefable|Stealth Rock|p2a: Weavile
|-sidestart|p2: PepeNike|move: Stealth Rock
|
|upkeep
|turn|5
|
|t:|1758946069
|move|p2a: Weavile|Triple Axel|p1a: Clefable
|-damage|p1a: Clefable|28/100 tox
|-damage|p1a: Clefable|12/100 tox
|-damage|p1a: Clefable|0 fnt
|faint|p1a: Clefable
|-hitcount|p1: Clefable|3
|
|upkeep
|
|t:|1758946079
|switch|p1a: Dragonite|Dragonite, M|100/100
|turn|6
|
|t:|1758946097
|switch|p2a: Gholdengo|Gholdengo|100/100
|-damage|p2a: Gholdengo|94/100|[from] Stealth Rock
|-item|p2a: Gholdengo|Air Balloon
|move|p1a: Dragonite|Extreme Speed|p2a: Gholdengo
|-immune|p2a: Gholdengo
|
|upkeep
|turn|7
|
|t:|1758946104
|move|p2a: Gholdengo|Thunder Wave|p1a: Dragonite
|-status|p1a: Dragonite|par
|move|p1a: Dragonite|Dragon Tail|p2a: Gholdengo
|-resisted|p2a: Gholdengo
|-damage|p2a: Gholdengo|82/100
|-enditem|p2a: Gholdengo|Air Balloon
|drag|p2a: Dragapult|Dragapult, F|100/100
|-damage|p2a: Dragapult|88/100|[from] Stealth Rock
|
|upkeep
|turn|8
|
|t:|1758946120
|move|p2a: Dragapult|U-turn|p1a: Dragonite
|-resisted|p1a: Dragonite
|-damage|p1a: Dragonite|97/100 par
|
|t:|1758946122
|switch|p2a: Gholdengo|Gholdengo|82/100|[from] U-turn
|-damage|p2a: Gholdengo|76/100|[from] Stealth Rock
|move|p1a: Dragonite|Dragon Tail|p2a: Gholdengo
|-resisted|p2a: Gholdengo
|-damage|p2a: Gholdengo|65/100
|drag|p2a: Weavile|Weavile, M|35/100
|
|upkeep
|turn|9
|
|t:|1758946130
|switch|p2a: Gholdengo|Gholdengo|65/100
|-damage|p2a: Gholdengo|58/100|[from] Stealth Rock
|move|p1a: Dragonite|Extreme Speed|p2a: Gholdengo
|-immune|p2a: Gholdengo
|
|upkeep
|turn|10
|
|t:|1758946137
|move|p2a: Gholdengo|Recover|p2a: Gholdengo
|-heal|p2a: Gholdengo|100/100
|move|p1a: Dragonite|Earthquake|p2a: Gholdengo
|-supereffective|p2a: Gholdengo
|-damage|p2a: Gholdengo|44/100
|
|upkeep
|turn|11
|
|t:|1758946142
|move|p2a: Gholdengo|Recover|p2a: Gholdengo
|-heal|p2a: Gholdengo|94/100
|move|p1a: Dragonite|Dragon Tail|p2a: Gholdengo
|-resisted|p2a: Gholdengo
|-damage|p2a: Gholdengo|82/100
|drag|p2a: Dragonite|Dragonite, M|100/100
|
|upkeep
|turn|12
|
|t:|1758946149
|move|p2a: Dragonite|Ice Spinner|p1a: Dragonite
|-supereffective|p1a: Dragonite
|-damage|p1a: Dragonite|0 fnt
|faint|p1a: Dragonite
|
|upkeep
|
|t:|1758946173
|switch|p1a: Zamazenta|Zamazenta|100/100
|-ability|p1a: Zamazenta|Dauntless Shield|boost
|-boost|p1a: Zamazenta|def|1
|turn|13
|
|t:|1758946180
|switch|p2a: Gholdengo|Gholdengo|82/100
|-damage|p2a: Gholdengo|76/100|[from] Stealth Rock
|move|p1a: Zamazenta|Ice Fang|p2a: Gholdengo
|-resisted|p2a: Gholdengo
|-damage|p2a: Gholdengo|68/100
|-status|p2a: Gholdengo|frz
|
|upkeep
|turn|14
|
|t:|1758946185
|move|p1a: Zamazenta|Crunch|p2a: Gholdengo
|-supereffective|p2a: Gholdengo
|-damage|p2a: Gholdengo|34/100 frz
|cant|p2a: Gholdengo|frz
|
|upkeep
|turn|15
|
|t:|1758946190
|move|p1a: Zamazenta|Crunch|p2a: Gholdengo
|-supereffective|p2a: Gholdengo
|-damage|p2a: Gholdengo|0 fnt
|faint|p2a: Gholdengo
|
|upkeep
|
|t:|1758946194
|switch|p2a: Dragapult|Dragapult, F|88/100
|-damage|p2a: Dragapult|76/100|[from] Stealth Rock
|turn|16
|
|t:|1758946210
|-terastallize|p1a: Zamazenta|Fire
|move|p2a: Dragapult|Draco Meteor|p1a: Zamazenta|[miss]
|-miss|p2a: Dragapult|p1a: Zamazenta
|move|p1a: Zamazenta|Crunch|p2a: Dragapult
|-supereffective|p2a: Dragapult
|-damage|p2a: Dragapult|7/100
|
|upkeep
|turn|17
|
|t:|1758946217
|switch|p1a: Ting-Lu|Ting-Lu|100/100
|-damage|p1a: Ting-Lu|94/100|[from] Stealth Rock
|-status|p1a: Ting-Lu|tox
|-damage|p1a: Ting-Lu|82/100 tox|[from] Spikes
|-ability|p1a: Ting-Lu|Vessel of Ruin
|move|p2a: Dragapult|Draco Meteor|p1a: Ting-Lu
|-damage|p1a: Ting-Lu|47/100 tox
|-unboost|p2a: Dragapult|spa|2
|
|-heal|p1a: Ting-Lu|53/100 tox|[from] item: Leftovers
|-damage|p1a: Ting-Lu|47/100 tox|[from] psn
|upkeep
|turn|18
|
|t:|1758946228
|move|p2a: Dragapult|Draco Meteor|p1a: Ting-Lu
|-damage|p1a: Ting-Lu|30/100 tox
|-unboost|p2a: Dragapult|spa|2
|move|p1a: Ting-Lu|Spikes|p2a: Dragapult
|-sidestart|p2: PepeNike|Spikes
|
|-heal|p1a: Ting-Lu|36/100 tox|[from] item: Leftovers
|-damage|p1a: Ting-Lu|24/100 tox|[from] psn
|upkeep
|turn|19
|
|t:|1758946233
|move|p2a: Dragapult|Draco Meteor|p1a: Ting-Lu
|-damage|p1a: Ting-Lu|12/100 tox
|-unboost|p2a: Dragapult|spa|2
|move|p1a: Ting-Lu|Spikes|p2a: Dragapult
|-sidestart|p2: PepeNike|Spikes
|
|-heal|p1a: Ting-Lu|18/100 tox|[from] item: Leftovers
|-damage|p1a: Ting-Lu|0 fnt|[from] psn
|faint|p1a: Ting-Lu
|upkeep
|
|t:|1758946243
|switch|p1a: Deoxys|Deoxys-Speed|100/100
|-ability|p1a: Deoxys|Pressure
|turn|20
|
|t:|1758946248
|move|p1a: Deoxys|Nasty Plot|p1a: Deoxys
|-boost|p1a: Deoxys|spa|2
|move|p2a: Dragapult|Draco Meteor|p1a: Deoxys
|-damage|p1a: Deoxys|71/100
|
|upkeep
|turn|21
|
|t:|1758946253
|move|p1a: Deoxys|Ice Beam|p2a: Dragapult
|-supereffective|p2a: Dragapult
|-damage|p2a: Dragapult|0 fnt
|faint|p2a: Dragapult
|
|upkeep
|
|t:|1758946258
|switch|p2a: Weavile|Weavile, M|35/100
|turn|22
|
|t:|1758946261
|move|p2a: Weavile|Ice Shard|p1a: Deoxys
|-damage|p1a: Deoxys|40/100
|move|p1a: Deoxys|Thunderbolt|p2a: Weavile
|-damage|p2a: Weavile|0 fnt
|faint|p2a: Weavile
|
|upkeep
|
|t:|1758946269
|switch|p2a: Dragonite|Dragonite, M|100/100
|turn|23
|
|t:|1758946272
|move|p2a: Dragonite|Extreme Speed|p1a: Deoxys
|-damage|p1a: Deoxys|0 fnt
|faint|p1a: Deoxys
|
|upkeep
|
|t:|1758946279
|switch|p1a: Zamazenta|Zamazenta, tera:Fire|100/100
|turn|24
|
|t:|1758946281
|move|p1a: Zamazenta|Ice Fang|p2a: Dragonite
|-supereffective|p2a: Dragonite
|-damage|p2a: Dragonite|55/100
|move|p2a: Dragonite|Dragon Dance|p2a: Dragonite
|-boost|p2a: Dragonite|atk|1
|-boost|p2a: Dragonite|spe|1
|
|upkeep
|turn|25
|
|t:|1758946291
|move|p2a: Dragonite|Extreme Speed|p1a: Zamazenta
|-damage|p1a: Zamazenta|58/100
|move|p1a: Zamazenta|Ice Fang|p2a: Dragonite
|-supereffective|p2a: Dragonite
|-damage|p2a: Dragonite|0 fnt
|faint|p2a: Dragonite
|
|upkeep
|
|t:|1758946293
|switch|p2a: Greninja|Greninja, M|100/100
|-damage|p2a: Greninja|88/100|[from] Stealth Rock
|-damage|p2a: Greninja|72/100|[from] Spikes
|turn|26
|
|t:|1758946296
|-terastallize|p2a: Greninja|Water
|move|p2a: Greninja|Water Shuriken|p1a: Zamazenta
|-supereffective|p1a: Zamazenta
|-damage|p1a: Zamazenta|37/100
|-supereffective|p1a: Zamazenta
|-damage|p1a: Zamazenta|16/100
|-supereffective|p1a: Zamazenta
|-damage|p1a: Zamazenta|0 fnt
|faint|p1a: Zamazenta
|-ability|p2a: Greninja|Battle Bond|boost
|-boost|p2a: Greninja|atk|1
|-boost|p2a: Greninja|spa|1
|-boost|p2a: Greninja|spe|1
|-activate|p2a: Greninja|ability: Battle Bond
|-hitcount|p1: Zamazenta|3
|-damage|p2a: Greninja|62/100|[from] item: Life Orb
|
|upkeep
|
|t:|1758946301
|switch|p1a: Gholdengo|Gholdengo|100/100
|-damage|p1a: Gholdengo|94/100|[from] Stealth Rock
|-item|p1a: Gholdengo|Air Balloon
|turn|27
|
|t:|1758946306
|move|p2a: Greninja|Dark Pulse|p1a: Gholdengo
|-supereffective|p1a: Gholdengo
|-damage|p1a: Gholdengo|0 fnt
|-enditem|p1a: Gholdengo|Air Balloon
|faint|p1a: Gholdengo
|-damage|p2a: Greninja|52/100|[from] item: Life Orb
|
|win|PepeNike
|raw|master ball rus's rating: 1587 &rarr; <strong>1562</strong><br />(-25 for losing)
|raw|PepeNike's rating: 1498 &rarr; <strong>1523</strong><br />(+25 for winning)
|l|☆PepeNike
|player|p2|
|l|☆master ball rus
|player|p1|
|l| Bobaba
|l| Svablo
