|j|☆kamata
|j|☆madermen
|t:|1759024891
|gametype|singles
|player|p1|kamata|elesa|1380
|player|p2|madermen|jasmine|1380
|gen|9
|tier|[Gen 9] OU
|rated|
|rule|HP Percentage Mod: HP is shown in percentages
|rule|Endless Battle Clause: Forcing endless battles is banned
|rule|Species Clause: Limit one of each Pokémon
|rule|OHKO Clause: OHKO moves are banned
|rule|Evasion Items Clause: Evasion items are banned
|rule|Evasion Moves Clause: Evasion moves are banned
|rule|Evasion Abilities Clause: Evasion abilities are banned
|rule|Sleep Moves Clause: Sleep-inducing moves are banned
|clearpoke
|poke|p1|Comfey, M|
|poke|p1|Cinderace, M|
|poke|p1|Slowking-Galar, F|
|poke|p1|Corviknight, M|
|poke|p1|Ting-Lu|
|poke|p1|Okidogi, M|
|poke|p2|Scizor, F|
|poke|p2|Rotom-Wash|
|poke|p2|Vileplume, M|
|poke|p2|Rampardos, M|
|poke|p2|Gliscor, M|
|poke|p2|Moltres|
|teampreview
|inactive|Battle timer is ON: inactive players will automatically lose when time's up. (requested by madermen)
|
|t:|1759024899
|teamsize|p1|6
|teamsize|p2|6
|start
|switch|p1a: Okidogi|Okidogi, M|100/100
|switch|p2a: Rotom|Rotom-Wash|100/100
|turn|1
|
|t:|1759024910
|move|p1a: Okidogi|Knock Off|p2a: Rotom
|-damage|p2a: Rotom|66/100
|-enditem|p2a: Rotom|Leftovers|[from] move: Knock Off|[of] p1a: Okidogi
|move|p2a: Rotom|Will-O-Wisp|p1a: Okidogi
|-status|p1a: Okidogi|brn
|
|-damage|p1a: Okidogi|94/100 brn|[from] brn
|upkeep
|turn|2
|
|t:|1759024922
|switch|p2a: Vileplume|Vileplume, M|100/100
|move|p1a: Okidogi|Knock Off|p2a: Vileplume
|-damage|p2a: Vileplume|83/100
|-enditem|p2a: Vileplume|Leftovers|[from] move: Knock Off|[of] p1a: Okidogi
|
|-damage|p1a: Okidogi|88/100 brn|[from] brn
|upkeep
|turn|3
|
|t:|1759024938
|switch|p1a: Slowking|Slowking-Galar, F|100/100
|move|p2a: Vileplume|Moonblast|p1a: Slowking
|-resisted|p1a: Slowking
|-damage|p1a: Slowking|91/100
|
|upkeep
|turn|4
|
|t:|1759024942
|switch|p2a: Scizor|Scizor, F|100/100
|move|p1a: Slowking|Future Sight|p2a: Scizor
|-start|p1a: Slowking|move: Future Sight
|
|upkeep
|turn|5
|
|t:|1759024958
|switch|p1a: Corviknight|Corviknight, M|100/100
|-ability|p1a: Corviknight|Pressure
|move|p2a: Scizor|Knock Off|p1a: Corviknight
|-damage|p1a: Corviknight|76/100
|-damage|p2a: Scizor|84/100|[from] item: Rocky Helmet|[of] p1a: Corviknight
|-enditem|p1a: Corviknight|Rocky Helmet|[from] move: Knock Off|[of] p2a: Scizor
|
|upkeep
|turn|6
|
|t:|1759024971
|move|p2a: Scizor|U-turn|p1a: Corviknight
|-resisted|p1a: Corviknight
|-damage|p1a: Corviknight|71/100
|
|t:|1759024974
|switch|p2a: Gliscor|Gliscor, M|100/100|[from] U-turn
|move|p1a: Corviknight|Body Press|p2a: Gliscor
|-resisted|p2a: Gliscor
|-damage|p2a: Gliscor|93/100
|
|-end|p2a: Gliscor|move: Future Sight
|-damage|p2a: Gliscor|43/100
|-status|p2a: Gliscor|tox|[from] item: Toxic Orb
|upkeep
|turn|7
|
|t:|1759025004
|switch|p1a: Slowking|Slowking-Galar, F|100/100
|move|p2a: Gliscor|Knock Off|p1a: Slowking
|-supereffective|p1a: Slowking
|-damage|p1a: Slowking|71/100
|-enditem|p1a: Slowking|Shuca Berry|[from] move: Knock Off|[of] p2a: Gliscor
|
|-heal|p2a: Gliscor|56/100 tox|[from] ability: Poison Heal
|upkeep
|turn|8
|
|t:|1759025019
|-terastallize|p1a: Slowking|Water
|move|p2a: Gliscor|Knock Off|p1a: Slowking
|-damage|p1a: Slowking|59/100
|move|p1a: Slowking|Ice Beam|p2a: Gliscor
|-supereffective|p2a: Gliscor
|-damage|p2a: Gliscor|0 fnt
|faint|p2a: Gliscor
|
|upkeep
|
|t:|1759025028
|switch|p2a: Rampardos|Rampardos, M|100/100
|turn|9
|
|t:|1759025034
|switch|p1a: Corviknight|Corviknight, M|71/100
|-ability|p1a: Corviknight|Pressure
|move|p2a: Rampardos|Thunder Punch|p1a: Corviknight
|-supereffective|p1a: Corviknight
|-damage|p1a: Corviknight|3/100
|
|upkeep
|turn|10
|
|t:|1759025050
|move|p2a: Rampardos|Iron Head|p1a: Corviknight
|-resisted|p1a: Corviknight
|-damage|p1a: Corviknight|0 fnt
|faint|p1a: Corviknight
|
|upkeep
|
|t:|1759025058
|switch|p1a: Okidogi|Okidogi, M|88/100 brn
|turn|11
|
|t:|1759025064
|move|p1a: Okidogi|Close Combat|p2a: Rampardos
|-supereffective|p2a: Rampardos
|-damage|p2a: Rampardos|9/100
|-unboost|p1a: Okidogi|def|1
|-unboost|p1a: Okidogi|spd|1
|-status|p2a: Rampardos|tox|[from] ability: Toxic Chain|[of] p1a: Okidogi
|move|p2a: Rampardos|Zen Headbutt|p1a: Okidogi
|-supereffective|p1a: Okidogi
|-damage|p1a: Okidogi|0 fnt
|faint|p1a: Okidogi
|
|-damage|p2a: Rampardos|3/100 tox|[from] psn
|upkeep
|
|t:|1759025079
|switch|p1a: Slowking|Slowking-Galar, F, tera:Water|93/100
|turn|12
|
|t:|1759025088
|switch|p1a: Ting-Lu|Ting-Lu|100/100
|-ability|p1a: Ting-Lu|Vessel of Ruin
|move|p2a: Rampardos|Thunder Punch|p1a: Ting-Lu
|-immune|p1a: Ting-Lu
|
|-damage|p2a: Rampardos|0 fnt|[from] psn
|faint|p2a: Rampardos
|upkeep
|
|t:|1759025093
|switch|p2a: Scizor|Scizor, F|84/100
|turn|13
|
|t:|1759025113
|switch|p1a: Cinderace|Cinderace, M|100/100
|move|p2a: Scizor|Knock Off|p1a: Cinderace
|-damage|p1a: Cinderace|57/100
|-enditem|p1a: Cinderace|Heavy-Duty Boots|[from] move: Knock Off|[of] p2a: Scizor
|
|upkeep
|turn|14
|
|t:|1759025122
|switch|p2a: Moltres|Moltres|100/100
|move|p1a: Cinderace|U-turn|p2a: Moltres
|-resisted|p2a: Moltres
|-damage|p2a: Moltres|96/100
|
|t:|1759025129
|switch|p1a: Slowking|Slowking-Galar, F, tera:Water|100/100|[from] U-turn
|
|upkeep
|turn|15
|
|t:|1759025134
|switch|p2a: Rotom|Rotom-Wash|66/100
|move|p1a: Slowking|Future Sight|p2a: Rotom
|-start|p1a: Slowking|move: Future Sight
|
|upkeep
|turn|16
|
|t:|1759025148
|switch|p1a: Ting-Lu|Ting-Lu|100/100
|-ability|p1a: Ting-Lu|Vessel of Ruin
|move|p2a: Rotom|Volt Switch|p1a: Ting-Lu
|-immune|p1a: Ting-Lu
|
|upkeep
|turn|17
|
|t:|1759025159
|switch|p1a: Slowking|Slowking-Galar, F, tera:Water|100/100
|move|p2a: Rotom|Will-O-Wisp|p1a: Slowking
|-status|p1a: Slowking|brn
|
|-end|p2a: Rotom|move: Future Sight
|-damage|p2a: Rotom|27/100
|-damage|p1a: Slowking|94/100 brn|[from] brn
|upkeep
|turn|18
|
|t:|1759025164
|move|p2a: Rotom|Pain Split|p1a: Slowking
|-sethp|p1a: Slowking|58/100 brn|[from] move: Pain Split|[silent]
|-sethp|p2a: Rotom|75/100|[from] move: Pain Split
|move|p1a: Slowking|Future Sight|p2a: Rotom
|-start|p1a: Slowking|move: Future Sight
|
|-damage|p1a: Slowking|52/100 brn|[from] brn
|upkeep
|turn|19
|
|t:|1759025171
|move|p2a: Rotom|Volt Switch|p1a: Slowking
|-supereffective|p1a: Slowking
|-damage|p1a: Slowking|16/100 brn
|
|t:|1759025174
|switch|p2a: Scizor|Scizor, F|84/100|[from] Volt Switch
|move|p1a: Slowking|Sludge Bomb|p2a: Scizor
|-immune|p2a: Scizor
|
|-damage|p1a: Slowking|10/100 brn|[from] brn
|upkeep
|turn|20
|
|t:|1759025186
|move|p2a: Scizor|U-turn|p1a: Slowking
|-damage|p1a: Slowking|0 fnt
|faint|p1a: Slowking
|
|t:|1759025190
|switch|p2a: Moltres|Moltres|96/100|[from] U-turn
|
|-end|p2a: Moltres|move: Future Sight
|-crit|p2a: Moltres
|-damage|p2a: Moltres|28/100
|upkeep
|
|t:|1759025198
|switch|p1a: Comfey|Comfey, M|100/100
|turn|21
|
|t:|1759025206
|switch|p2a: Scizor|Scizor, F|84/100
|move|p1a: Comfey|Calm Mind|p1a: Comfey
|-boost|p1a: Comfey|spa|1
|-boost|p1a: Comfey|spd|1
|
|upkeep
|turn|22
|
|t:|1759025219
|switch|p1a: Ting-Lu|Ting-Lu|100/100
|-ability|p1a: Ting-Lu|Vessel of Ruin
|-terastallize|p2a: Scizor|Steel
|move|p2a: Scizor|Bullet Punch|p1a: Ting-Lu
|-damage|p1a: Ting-Lu|74/100
|
|-heal|p1a: Ting-Lu|80/100|[from] item: Leftovers
|upkeep
|turn|23
|
|t:|1759025231
|switch|p1a: Cinderace|Cinderace, M|57/100
|move|p2a: Scizor|U-turn|p1a: Cinderace
|-resisted|p1a: Cinderace
|-damage|p1a: Cinderace|31/100
|
|t:|1759025236
|switch|p2a: Rotom|Rotom-Wash|75/100|[from] U-turn
|
|upkeep
|turn|24
|
|t:|1759025244
|move|p1a: Cinderace|U-turn|p2a: Rotom
|-damage|p2a: Rotom|55/100
|
|t:|1759025251
|switch|p1a: Ting-Lu|Ting-Lu|80/100|[from] U-turn
|-ability|p1a: Ting-Lu|Vessel of Ruin
|move|p2a: Rotom|Volt Switch|p1a: Ting-Lu
|-immune|p1a: Ting-Lu
|
|-heal|p1a: Ting-Lu|86/100|[from] item: Leftovers
|upkeep
|turn|25
|
|t:|1759025258
|move|p2a: Rotom|Will-O-Wisp|p1a: Ting-Lu
|-status|p1a: Ting-Lu|brn
|move|p1a: Ting-Lu|Payback|p2a: Rotom
|-damage|p2a: Rotom|37/100
|
|-heal|p1a: Ting-Lu|92/100 brn|[from] item: Leftovers
|-damage|p1a: Ting-Lu|86/100 brn|[from] brn
|upkeep
|turn|26
|
|t:|1759025263
|switch|p1a: Cinderace|Cinderace, M|31/100
|move|p2a: Rotom|Pain Split|p1a: Cinderace
|-sethp|p1a: Cinderace|31/100|[from] move: Pain Split|[silent]
|-sethp|p2a: Rotom|36/100|[from] move: Pain Split
|
|upkeep
|turn|27
|
|t:|1759025274
|switch|p2a: Moltres|Moltres|28/100
|move|p1a: Cinderace|U-turn|p2a: Moltres
|-resisted|p2a: Moltres
|-damage|p2a: Moltres|23/100
|
|t:|1759025283
|switch|p1a: Comfey|Comfey, M|100/100|[from] U-turn
|
|upkeep
|turn|28
|
|t:|1759025292
|switch|p2a: Scizor|Scizor, F, tera:Steel|84/100
|move|p1a: Comfey|Draining Kiss|p2a: Scizor
|-resisted|p2a: Scizor
|-damage|p2a: Scizor|69/100
|-damage|p1a: Comfey|91/100|[from] item: Life Orb
|
|upkeep
|turn|29
|
|t:|1759025305
|switch|p1a: Ting-Lu|Ting-Lu|86/100 brn
|-ability|p1a: Ting-Lu|Vessel of Ruin
|move|p2a: Scizor|Knock Off|p1a: Ting-Lu
|-resisted|p1a: Ting-Lu
|-damage|p1a: Ting-Lu|76/100 brn
|-enditem|p1a: Ting-Lu|Leftovers|[from] move: Knock Off|[of] p2a: Scizor
|
|-damage|p1a: Ting-Lu|69/100 brn|[from] brn
|upkeep
|turn|30
|
|t:|1759025313
|move|p2a: Scizor|U-turn|p1a: Ting-Lu
|-supereffective|p1a: Ting-Lu
|-damage|p1a: Ting-Lu|27/100 brn
|
|t:|1759025318
|switch|p2a: Rotom|Rotom-Wash|36/100|[from] U-turn
|move|p1a: Ting-Lu|Payback|p2a: Rotom
|-damage|p2a: Rotom|27/100
|
|-damage|p1a: Ting-Lu|21/100 brn|[from] brn
|upkeep
|turn|31
|
|t:|1759025325
|move|p2a: Rotom|Hydro Pump|p1a: Ting-Lu|[miss]
|-miss|p2a: Rotom|p1a: Ting-Lu
|move|p1a: Ting-Lu|Rest|p1a: Ting-Lu
|-status|p1a: Ting-Lu|slp|[from] move: Rest
|-heal|p1a: Ting-Lu|100/100 slp|[silent]
|
|upkeep
|turn|32
|
|t:|1759025340
|move|p2a: Rotom|Pain Split|p1a: Ting-Lu
|-sethp|p1a: Ting-Lu|58/100 slp|[from] move: Pain Split|[silent]
|-sethp|p2a: Rotom|99/100|[from] move: Pain Split
|cant|p1a: Ting-Lu|slp
|move|p1a: Ting-Lu|Sleep Talk|p1a: Ting-Lu
|move|p1a: Ting-Lu|Rest||[from] move: Sleep Talk|[still]
|-fail|p1a: Ting-Lu
|
|upkeep
|turn|33
|
|t:|1759025348
|move|p2a: Rotom|Hydro Pump|p1a: Ting-Lu
|-supereffective|p1a: Ting-Lu
|-damage|p1a: Ting-Lu|28/100 slp
|cant|p1a: Ting-Lu|slp
|move|p1a: Ting-Lu|Sleep Talk|p1a: Ting-Lu
|move|p1a: Ting-Lu|Rest||[from] move: Sleep Talk|[still]
|-fail|p1a: Ting-Lu
|
|upkeep
|turn|34
|
|t:|1759025352
|move|p2a: Rotom|Hydro Pump|p1a: Ting-Lu
|-supereffective|p1a: Ting-Lu
|-damage|p1a: Ting-Lu|0 fnt
|faint|p1a: Ting-Lu
|
|upkeep
|
|t:|1759025363
|switch|p1a: Comfey|Comfey, M|91/100
|turn|35
|
|t:|1759025367
|move|p1a: Comfey|Calm Mind|p1a: Comfey
|-boost|p1a: Comfey|spa|1
|-boost|p1a: Comfey|spd|1
|move|p2a: Rotom|Volt Switch|p1a: Comfey
|-damage|p1a: Comfey|74/100
|
|t:|1759025368
|switch|p2a: Scizor|Scizor, F, tera:Steel|69/100|[from] Volt Switch
|
|upkeep
|turn|36
|
|t:|1759025382
|move|p1a: Comfey|Draining Kiss|p2a: Scizor
|-resisted|p2a: Scizor
|-damage|p2a: Scizor|42/100
|-heal|p1a: Comfey|96/100|[from] drain|[of] p2a: Scizor
|-damage|p1a: Comfey|86/100|[from] item: Life Orb
|move|p2a: Scizor|Bullet Punch|p1a: Comfey
|-supereffective|p1a: Comfey
|-damage|p1a: Comfey|0 fnt
|faint|p1a: Comfey
|
|upkeep
|-message|kamata forfeited.
|
|win|madermen
|raw|kamata's rating: 1380 &rarr; <strong>1360</strong><br />(-20 for losing)
|raw|madermen's rating: 1380 &rarr; <strong>1400</strong><br />(+20 for winning)
|l|☆madermen
|player|p2|
