|j|‽pokemon snd lovely
|j|☆Sungrace
|t:|1759053972
|gametype|singles
|player|p1|pokemon snd lovely|cynthia|1279
|player|p2|Sungrace|swimmerf-gen4|1236
|gen|9
|tier|[Gen 9] OU
|rated|
|rule|HP Percentage Mod: HP is shown in percentages
|rule|Endless Battle Clause: Forcing endless battles is banned
|rule|Species Clause: Limit one of each Pokémon
|rule|OHKO Clause: OHKO moves are banned
|rule|Evasion Items Clause: Evasion items are banned
|rule|Evasion Moves Clause: Evasion moves are banned
|rule|Evasion Abilities Clause: Evasion abilities are banned
|rule|Sleep Moves Clause: Sleep-inducing moves are banned
|clearpoke
|poke|p1|Gholdengo|
|poke|p1|Great Tusk|
|poke|p1|Landorus-Therian, M|
|poke|p1|Slowking-Galar, M|
|poke|p1|Dragonite, F|
|poke|p1|Alomomola, M|
|poke|p2|Florges-Yellow, F|
|poke|p2|Araquanid, F|
|poke|p2|Great Tusk|
|poke|p2|Dragapult, M|
|poke|p2|Weezing-Galar, M|
|poke|p2|Zapdos|
|teampreview
|
|t:|1759053993
|teamsize|p1|6
|teamsize|p2|6
|start
|switch|p1a: Landorus|Landorus-Therian, M|100/100
|switch|p2a: Dragapult|Dragapult, M, shiny|100/100
|-ability|p1a: Landorus|Intimidate|boost
|-unboost|p2a: Dragapult|atk|1
|turn|1
|
|t:|1759053999
|move|p2a: Dragapult|Will-O-Wisp|p1a: Landorus
|-status|p1a: Landorus|brn
|move|p1a: Landorus|Stealth Rock|p2a: Dragapult
|-sidestart|p2: Sungrace|move: Stealth Rock
|
|-damage|p1a: Landorus|95/100 brn|[from] brn
|upkeep
|turn|2
|
|t:|1759054007
|move|p2a: Dragapult|Dragon Darts|p1a: Landorus
|-damage|p1a: Landorus|74/100 brn
|-anim|p2a: Dragapult|Dragon Darts|p1a: Landorus
|-damage|p1a: Landorus|56/100 brn
|move|p1a: Landorus|U-turn|p2a: Dragapult
|-resisted|p2a: Dragapult
|-damage|p2a: Dragapult|92/100
|
|t:|1759054016
|switch|p1a: Gholdengo|Gholdengo|100/100|[from] U-turn
|
|upkeep
|turn|3
|
|t:|1759054023
|move|p1a: Gholdengo|Shadow Ball|p2a: Dragapult
|-supereffective|p2a: Dragapult
|-damage|p2a: Dragapult|0 fnt
|faint|p2a: Dragapult
|
|upkeep
|
|t:|1759054032
|switch|p2a: Weezing|Weezing-Galar, M, shiny|100/100
|-ability|p2a: Weezing|Neutralizing Gas
|turn|4
|
|t:|1759054041
|switch|p1a: Slowking|Slowking-Galar, M|100/100
|move|p2a: Weezing|Will-O-Wisp|p1a: Slowking
|-status|p1a: Slowking|brn
|
|-damage|p1a: Slowking|94/100 brn|[from] brn
|upkeep
|turn|5
|
|t:|1759054047
|move|p2a: Weezing|Defog|p1a: Slowking
|-unboost|p1a: Slowking|evasion|1
|-sideend|p2: Sungrace|Stealth Rock|[from] move: Defog|[of] p2a: Weezing
|move|p1a: Slowking|Future Sight|p2a: Weezing
|-start|p1a: Slowking|move: Future Sight
|
|-damage|p1a: Slowking|88/100 brn|[from] brn
|upkeep
|turn|6
|
|t:|1759054055
|-end|p2a: Weezing|ability: Neutralizing Gas
|switch|p2a: Dawnbloom|Florges-Yellow, F, shiny|100/100
|-prepare|p1a: Slowking|Chilly Reception|[premajor]
|move|p1a: Slowking|Chilly Reception|p1a: Slowking
|-weather|Snowscape
|
|t:|1759054065
|switch|p1a: Gholdengo|Gholdengo|100/100|[from] Chilly Reception
|
|-weather|Snowscape|[upkeep]
|upkeep
|turn|7
|
|t:|1759054071
|-terastallize|p2a: Dawnbloom|Grass
|move|p1a: Gholdengo|Make It Rain|p2a: Dawnbloom
|-damage|p2a: Dawnbloom|56/100
|-unboost|p1a: Gholdengo|spa|1
|move|p2a: Dawnbloom|Wish|p2a: Dawnbloom
|
|-weather|Snowscape|[upkeep]
|-end|p2a: Dawnbloom|move: Future Sight
|-damage|p2a: Dawnbloom|22/100
|-heal|p2a: Dawnbloom|28/100|[from] item: Leftovers
|upkeep
|turn|8
|
|t:|1759054084
|switch|p1a: Slowking|Slowking-Galar, M|100/100 brn
|move|p2a: Dawnbloom|Protect||[still]
|-fail|p2a: Dawnbloom
|
|-weather|Snowscape|[upkeep]
|-heal|p2a: Dawnbloom|78/100|[from] move: Wish|[wisher] Dawnbloom
|-heal|p2a: Dawnbloom|84/100|[from] item: Leftovers
|-damage|p1a: Slowking|94/100 brn|[from] brn
|upkeep
|turn|9
|
|t:|1759054089
|move|p2a: Dawnbloom|Calm Mind|p2a: Dawnbloom
|-boost|p2a: Dawnbloom|spa|1
|-boost|p2a: Dawnbloom|spd|1
|move|p1a: Slowking|Future Sight|p2a: Dawnbloom
|-start|p1a: Slowking|move: Future Sight
|
|-weather|Snowscape|[upkeep]
|-heal|p2a: Dawnbloom|91/100|[from] item: Leftovers
|-damage|p1a: Slowking|88/100 brn|[from] brn
|upkeep
|turn|10
|
|t:|1759054094
|move|p2a: Dawnbloom|Calm Mind|p2a: Dawnbloom
|-boost|p2a: Dawnbloom|spa|1
|-boost|p2a: Dawnbloom|spd|1
|move|p1a: Slowking|Thunder Wave|p2a: Dawnbloom
|-block|p2a: Dawnbloom|ability: Flower Veil|[of] p2a: Dawnbloom
|
|-weather|none
|-heal|p2a: Dawnbloom|97/100|[from] item: Leftovers
|-damage|p1a: Slowking|82/100 brn|[from] brn
|upkeep
|turn|11
|
|t:|1759054107
|move|p2a: Dawnbloom|Moonblast|p1a: Slowking
|-resisted|p1a: Slowking
|-damage|p1a: Slowking|62/100 brn
|-unboost|p1a: Slowking|spa|1
|-prepare|p1a: Slowking|Chilly Reception|[premajor]
|move|p1a: Slowking|Chilly Reception|p1a: Slowking
|-weather|Snowscape
|
|t:|1759054122
|switch|p1a: Dragonite|Dragonite, F|100/100|[from] Chilly Reception
|
|-weather|Snowscape|[upkeep]
|-end|p2a: Dawnbloom|move: Future Sight
|-damage|p2a: Dawnbloom|82/100
|-heal|p2a: Dawnbloom|88/100|[from] item: Leftovers
|upkeep
|turn|12
|
|t:|1759054124
|-terastallize|p1a: Dragonite|Normal
|move|p1a: Dragonite|Extreme Speed|p2a: Dawnbloom
|-damage|p2a: Dawnbloom|21/100
|move|p2a: Dawnbloom|Moonblast|p1a: Dragonite
|-damage|p1a: Dragonite|65/100
|-unboost|p1a: Dragonite|spa|1
|
|-weather|Snowscape|[upkeep]
|-heal|p2a: Dawnbloom|27/100|[from] item: Leftovers
|upkeep
|turn|13
|
|t:|1759054132
|move|p2a: Dawnbloom|Protect|p2a: Dawnbloom
|-singleturn|p2a: Dawnbloom|Protect
|move|p1a: Dragonite|Extreme Speed|p2a: Dawnbloom
|-activate|p2a: Dawnbloom|move: Protect
|
|-weather|Snowscape|[upkeep]
|-heal|p2a: Dawnbloom|33/100|[from] item: Leftovers
|upkeep
|turn|14
|
|t:|1759054138
|switch|p2a: Zapdos|Zapdos|100/100
|move|p1a: Dragonite|Extreme Speed|p2a: Zapdos
|-damage|p2a: Zapdos|46/100
|
|-weather|Snowscape|[upkeep]
|upkeep
|turn|15
|
|t:|1759054145
|move|p1a: Dragonite|Extreme Speed|p2a: Zapdos
|-damage|p2a: Zapdos|0 fnt
|faint|p2a: Zapdos
|
|-weather|none
|upkeep
|
|t:|1759054159
|switch|p2a: Surskit-Alola|Araquanid, F, shiny|100/100
|turn|16
|
|t:|1759054163
|switch|p1a: Alomomola|Alomomola, M, shiny|100/100
|move|p2a: Surskit-Alola|Surf|p1a: Alomomola
|-resisted|p1a: Alomomola
|-damage|p1a: Alomomola|65/100
|
|upkeep
|turn|17
|
|t:|1759054169
|move|p1a: Alomomola|Wish|p1a: Alomomola
|move|p2a: Surskit-Alola|Sticky Web|p1a: Alomomola
|-sidestart|p1: pokemon snd lovely|move: Sticky Web
|
|upkeep
|turn|18
|
|t:|1759054173
|move|p1a: Alomomola|Flip Turn|p2a: Surskit-Alola
|-resisted|p2a: Surskit-Alola
|-damage|p2a: Surskit-Alola|91/100
|
|t:|1759054178
|switch|p1a: Dragonite|Dragonite, F, tera:Normal|65/100|[from] Flip Turn
|-activate|p1a: Dragonite|move: Sticky Web
|-unboost|p1a: Dragonite|spe|1
|move|p2a: Surskit-Alola|Surf|p1a: Dragonite
|-damage|p1a: Dragonite|16/100
|
|-heal|p1a: Dragonite|85/100|[from] move: Wish|[wisher] Alomomola
|upkeep
|turn|19
|
|t:|1759054192
|switch|p1a: Slowking|Slowking-Galar, M|95/100 brn
|move|p2a: Surskit-Alola|Surf|p1a: Slowking
|-damage|p1a: Slowking|61/100 brn
|
|-damage|p1a: Slowking|55/100 brn|[from] brn
|upkeep
|turn|20
|
|t:|1759054197
|move|p2a: Surskit-Alola|Surf|p1a: Slowking
|-damage|p1a: Slowking|23/100 brn
|move|p1a: Slowking|Future Sight|p2a: Surskit-Alola
|-start|p1a: Slowking|move: Future Sight
|
|-damage|p1a: Slowking|17/100 brn|[from] brn
|upkeep
|turn|21
|
|t:|1759054202
|switch|p1a: Alomomola|Alomomola, M, shiny|99/100
|-activate|p1a: Alomomola|move: Sticky Web
|-unboost|p1a: Alomomola|spe|1
|move|p2a: Surskit-Alola|Surf|p1a: Alomomola
|-resisted|p1a: Alomomola
|-damage|p1a: Alomomola|66/100
|
|upkeep
|turn|22
|
|t:|1759054208
|move|p2a: Surskit-Alola|Surf|p1a: Alomomola
|-resisted|p1a: Alomomola
|-damage|p1a: Alomomola|32/100
|move|p1a: Alomomola|Wish|p1a: Alomomola
|
|-end|p2a: Surskit-Alola|move: Future Sight
|-damage|p2a: Surskit-Alola|50/100
|upkeep
|turn|23
|
|t:|1759054212
|move|p1a: Alomomola|Protect|p1a: Alomomola
|-singleturn|p1a: Alomomola|Protect
|move|p2a: Surskit-Alola|Surf|p1a: Alomomola
|-activate|p1a: Alomomola|move: Protect
|
|-heal|p1a: Alomomola|82/100|[from] move: Wish|[wisher] Alomomola
|upkeep
|turn|24
|
|t:|1759054219
|switch|p2a: Dawnbloom|Florges-Yellow, F, shiny, tera:Grass|33/100
|move|p1a: Alomomola|Mirror Coat||[still]
|-fail|p1a: Alomomola
|
|-heal|p2a: Dawnbloom|39/100|[from] item: Leftovers
|upkeep
|turn|25
|
|t:|1759054224
|switch|p1a: Slowking|Slowking-Galar, M|50/100 brn
|move|p2a: Dawnbloom|Wish|p2a: Dawnbloom
|
|-heal|p2a: Dawnbloom|46/100|[from] item: Leftovers
|-damage|p1a: Slowking|44/100 brn|[from] brn
|upkeep
|turn|26
|n|‽pokemon snd lovely|pokemonsndlovely
|
|t:|1759054244
|move|p2a: Dawnbloom|Calm Mind|p2a: Dawnbloom
|-boost|p2a: Dawnbloom|spa|1
|-boost|p2a: Dawnbloom|spd|1
|-prepare|p1a: Slowking|Chilly Reception|[premajor]
|move|p1a: Slowking|Chilly Reception|p1a: Slowking
|-weather|Snowscape
|
|t:|1759054246
|switch|p1a: Dragonite|Dragonite, F, tera:Normal|85/100|[from] Chilly Reception
|-activate|p1a: Dragonite|move: Sticky Web
|-unboost|p1a: Dragonite|spe|1
|
|-weather|Snowscape|[upkeep]
|-heal|p2a: Dawnbloom|96/100|[from] move: Wish|[wisher] Dawnbloom
|-heal|p2a: Dawnbloom|100/100|[from] item: Leftovers
|upkeep
|turn|27
|
|t:|1759054268
|switch|p1a: Slowking|Slowking-Galar, M|77/100 brn
|move|p2a: Dawnbloom|Protect||[still]
|-fail|p2a: Dawnbloom
|
|-weather|Snowscape|[upkeep]
|-damage|p1a: Slowking|71/100 brn|[from] brn
|upkeep
|turn|28
|
|t:|1759054272
|move|p2a: Dawnbloom|Calm Mind|p2a: Dawnbloom
|-boost|p2a: Dawnbloom|spa|1
|-boost|p2a: Dawnbloom|spd|1
|move|p1a: Slowking|Sludge Wave|p2a: Dawnbloom
|-supereffective|p2a: Dawnbloom
|-damage|p2a: Dawnbloom|75/100
|
|-weather|Snowscape|[upkeep]
|-heal|p2a: Dawnbloom|82/100|[from] item: Leftovers
|-damage|p1a: Slowking|65/100 brn|[from] brn
|upkeep
|turn|29
|
|t:|1759054278
|move|p2a: Dawnbloom|Moonblast|p1a: Slowking
|-resisted|p1a: Slowking
|-damage|p1a: Slowking|43/100 brn
|-unboost|p1a: Slowking|spa|1
|move|p1a: Slowking|Future Sight|p2a: Dawnbloom
|-start|p1a: Slowking|move: Future Sight
|
|-weather|Snowscape|[upkeep]
|-heal|p2a: Dawnbloom|88/100|[from] item: Leftovers
|-damage|p1a: Slowking|37/100 brn|[from] brn
|upkeep
|turn|30
|
|t:|1759054285
|move|p2a: Dawnbloom|Calm Mind|p2a: Dawnbloom
|-boost|p2a: Dawnbloom|spa|1
|-boost|p2a: Dawnbloom|spd|1
|-prepare|p1a: Slowking|Chilly Reception|[premajor]
|move|p1a: Slowking|Chilly Reception|p1a: Slowking
|
|t:|1759054288
|switch|p1a: Dragonite|Dragonite, F, tera:Normal|85/100|[from] Chilly Reception
|-activate|p1a: Dragonite|move: Sticky Web
|-unboost|p1a: Dragonite|spe|1
|
|-weather|none
|-heal|p2a: Dawnbloom|94/100|[from] item: Leftovers
|upkeep
|turn|31
|
|t:|1759054298
|move|p1a: Dragonite|Extreme Speed|p2a: Dawnbloom
|-damage|p2a: Dawnbloom|33/100
|move|p2a: Dawnbloom|Moonblast|p1a: Dragonite
|-damage|p1a: Dragonite|0 fnt
|faint|p1a: Dragonite
|
|-end|p2a: Dawnbloom|move: Future Sight
|-damage|p2a: Dawnbloom|19/100
|-heal|p2a: Dawnbloom|25/100|[from] item: Leftovers
|upkeep
|
|t:|1759054303
|switch|p1a: Gholdengo|Gholdengo|100/100
|-activate|p1a: Gholdengo|move: Sticky Web
|-unboost|p1a: Gholdengo|spe|1
|turn|32
|inactive|Battle timer is ON: inactive players will automatically lose when time's up. (requested by Sungrace)
|n|‽pokemon snd lovely|pokemonsndlovely
|
|t:|1759054330
|move|p2a: Dawnbloom|Protect|p2a: Dawnbloom
|-singleturn|p2a: Dawnbloom|Protect
|move|p1a: Gholdengo|Trick|p2a: Dawnbloom
|-activate|p2a: Dawnbloom|move: Protect
|
|-heal|p2a: Dawnbloom|31/100|[from] item: Leftovers
|upkeep
|turn|33
|
|t:|1759054342
|switch|p1a: Alomomola|Alomomola, M, shiny|100/100
|-activate|p1a: Alomomola|move: Sticky Web
|-unboost|p1a: Alomomola|spe|1
|switch|p2a: Great Tusk|Great Tusk|100/100
|
|upkeep
|turn|34
|
|t:|1759054353
|move|p2a: Great Tusk|Stealth Rock|p1a: Alomomola
|-sidestart|p1: pokemon snd lovely|move: Stealth Rock
|move|p1a: Alomomola|Flip Turn|p2a: Great Tusk
|-supereffective|p2a: Great Tusk
|-damage|p2a: Great Tusk|77/100
|
|t:|1759054355
|switch|p1a: Great Tusk|Great Tusk|100/100|[from] Flip Turn
|-activate|p1a: Great Tusk|move: Sticky Web
|-unboost|p1a: Great Tusk|spe|1
|-damage|p1a: Great Tusk|98/100|[from] Stealth Rock
|
|upkeep
|turn|35
|
|t:|1759054368
|move|p2a: Great Tusk|Ice Spinner|p1a: Great Tusk
|-supereffective|p1a: Great Tusk
|-damage|p1a: Great Tusk|65/100
|move|p1a: Great Tusk|Rapid Spin|p2a: Great Tusk
|-damage|p2a: Great Tusk|64/100
|-boost|p1a: Great Tusk|spe|1
|-sideend|p1: pokemon snd lovely|Stealth Rock|[from] move: Rapid Spin|[of] p1a: Great Tusk
|-sideend|p1: pokemon snd lovely|Sticky Web|[from] move: Rapid Spin|[of] p1a: Great Tusk
|
|upkeep
|turn|36
|
|t:|1759054381
|move|p2a: Great Tusk|Headlong Rush|p1a: Great Tusk
|-damage|p1a: Great Tusk|25/100
|-unboost|p2a: Great Tusk|def|1
|-unboost|p2a: Great Tusk|spd|1
|move|p1a: Great Tusk|Knock Off|p2a: Great Tusk
|-resisted|p2a: Great Tusk
|-damage|p2a: Great Tusk|43/100
|-enditem|p2a: Great Tusk|Heavy-Duty Boots|[from] move: Knock Off|[of] p1a: Great Tusk
|
|upkeep
|turn|37
|
|t:|1759054390
|-end|p1a: Great Tusk|Protosynthesis|[silent]
|switch|p1a: Landorus|Landorus-Therian, M|56/100 brn
|-ability|p1a: Landorus|Intimidate|boost
|-unboost|p2a: Great Tusk|atk|1
|move|p2a: Great Tusk|Headlong Rush|p1a: Landorus
|-immune|p1a: Landorus
|
|-damage|p1a: Landorus|50/100 brn|[from] brn
|upkeep
|turn|38
|
|t:|1759054395
|move|p1a: Landorus|Grass Knot|p2a: Great Tusk
|-supereffective|p2a: Great Tusk
|-damage|p2a: Great Tusk|0 fnt
|faint|p2a: Great Tusk
|-end|p2a: Great Tusk|Protosynthesis|[silent]
|
|-damage|p1a: Landorus|44/100 brn|[from] brn
|upkeep
|
|t:|1759054400
|switch|p2a: Dawnbloom|Florges-Yellow, F, shiny, tera:Grass|31/100
|turn|39
|
|t:|1759054410
|switch|p1a: Slowking|Slowking-Galar, M|70/100 brn
|move|p2a: Dawnbloom|Wish|p2a: Dawnbloom
|
|-heal|p2a: Dawnbloom|38/100|[from] item: Leftovers
|-damage|p1a: Slowking|64/100 brn|[from] brn
|upkeep
|turn|40
|
|t:|1759054414
|move|p2a: Dawnbloom|Calm Mind|p2a: Dawnbloom
|-boost|p2a: Dawnbloom|spa|1
|-boost|p2a: Dawnbloom|spd|1
|move|p1a: Slowking|Future Sight|p2a: Dawnbloom
|-start|p1a: Slowking|move: Future Sight
|
|-heal|p2a: Dawnbloom|88/100|[from] move: Wish|[wisher] Dawnbloom
|-heal|p2a: Dawnbloom|94/100|[from] item: Leftovers
|-damage|p1a: Slowking|58/100 brn|[from] brn
|upkeep
|turn|41
|
|t:|1759054420
|move|p2a: Dawnbloom|Moonblast|p1a: Slowking
|-resisted|p1a: Slowking
|-damage|p1a: Slowking|41/100 brn
|move|p1a: Slowking|Sludge Wave|p2a: Dawnbloom
|-supereffective|p2a: Dawnbloom
|-damage|p2a: Dawnbloom|58/100
|
|-heal|p2a: Dawnbloom|64/100|[from] item: Leftovers
|-damage|p1a: Slowking|35/100 brn|[from] brn
|upkeep
|turn|42
|
|t:|1759054426
|move|p2a: Dawnbloom|Wish|p2a: Dawnbloom
|move|p1a: Slowking|Sludge Wave|p2a: Dawnbloom
|-supereffective|p2a: Dawnbloom
|-damage|p2a: Dawnbloom|28/100
|
|-end|p2a: Dawnbloom|move: Future Sight
|-damage|p2a: Dawnbloom|8/100
|-heal|p2a: Dawnbloom|14/100|[from] item: Leftovers
|-damage|p1a: Slowking|29/100 brn|[from] brn
|upkeep
|turn|43
|
|t:|1759054436
|move|p2a: Dawnbloom|Protect|p2a: Dawnbloom
|-singleturn|p2a: Dawnbloom|Protect
|-prepare|p1a: Slowking|Chilly Reception|[premajor]
|move|p1a: Slowking|Chilly Reception|p1a: Slowking
|-weather|Snowscape
|
|t:|1759054444
|switch|p1a: Great Tusk|Great Tusk|25/100|[from] Chilly Reception
|
|-weather|Snowscape|[upkeep]
|-heal|p2a: Dawnbloom|64/100|[from] move: Wish|[wisher] Dawnbloom
|-heal|p2a: Dawnbloom|70/100|[from] item: Leftovers
|upkeep
|turn|44
|
|t:|1759054452
|switch|p2a: Surskit-Alola|Araquanid, F, shiny|50/100
|move|p1a: Great Tusk|Close Combat|p2a: Surskit-Alola
|-resisted|p2a: Surskit-Alola
|-damage|p2a: Surskit-Alola|13/100
|-unboost|p1a: Great Tusk|def|1
|-unboost|p1a: Great Tusk|spd|1
|
|-weather|Snowscape|[upkeep]
|upkeep
|turn|45
|-enditem|p2a: Surskit-Alola|Custap Berry|[eat]
|-activate|p2a: Surskit-Alola|item: Custap Berry|[consumed]
|
|t:|1759054462
|move|p2a: Surskit-Alola|Surf|p1a: Great Tusk
|-supereffective|p1a: Great Tusk
|-damage|p1a: Great Tusk|0 fnt
|faint|p1a: Great Tusk
|-end|p1a: Great Tusk|Protosynthesis|[silent]
|
|-weather|Snowscape|[upkeep]
|upkeep
|
|t:|1759054467
|switch|p1a: Gholdengo|Gholdengo|100/100
|turn|46
|
|t:|1759054471
|move|p1a: Gholdengo|Make It Rain|p2a: Surskit-Alola
|-resisted|p2a: Surskit-Alola
|-damage|p2a: Surskit-Alola|0 fnt
|-unboost|p1a: Gholdengo|spa|1
|faint|p2a: Surskit-Alola
|
|-weather|Snowscape|[upkeep]
|upkeep
|
|t:|1759054480
|switch|p2a: Dawnbloom|Florges-Yellow, F, shiny, tera:Grass|70/100
|turn|47
|
|t:|1759054486
|switch|p1a: Landorus|Landorus-Therian, M|44/100 brn
|-ability|p1a: Landorus|Intimidate|boost
|-block|p2a: Dawnbloom|ability: Flower Veil|[of] p2a: Dawnbloom
|move|p2a: Dawnbloom|Calm Mind|p2a: Dawnbloom
|-boost|p2a: Dawnbloom|spa|1
|-boost|p2a: Dawnbloom|spd|1
|
|-weather|none
|-heal|p2a: Dawnbloom|76/100|[from] item: Leftovers
|-damage|p1a: Landorus|38/100 brn|[from] brn
|upkeep
|turn|48
|
|t:|1759054496
|move|p2a: Dawnbloom|Protect|p2a: Dawnbloom
|-singleturn|p2a: Dawnbloom|Protect
|move|p1a: Landorus|U-turn|p2a: Dawnbloom
|-activate|p2a: Dawnbloom|move: Protect
|
|-heal|p2a: Dawnbloom|83/100|[from] item: Leftovers
|-damage|p1a: Landorus|32/100 brn|[from] brn
|upkeep
|turn|49
|
|t:|1759054505
|move|p1a: Landorus|U-turn|p2a: Dawnbloom
|-supereffective|p2a: Dawnbloom
|-damage|p2a: Dawnbloom|61/100
|
|t:|1759054507
|switch|p1a: Gholdengo|Gholdengo|100/100|[from] U-turn
|move|p2a: Dawnbloom|Calm Mind|p2a: Dawnbloom
|-boost|p2a: Dawnbloom|spa|1
|-boost|p2a: Dawnbloom|spd|1
|
|-heal|p2a: Dawnbloom|67/100|[from] item: Leftovers
|upkeep
|turn|50
|
|t:|1759054510
|move|p2a: Dawnbloom|Protect|p2a: Dawnbloom
|-singleturn|p2a: Dawnbloom|Protect
|move|p1a: Gholdengo|Trick|p2a: Dawnbloom
|-activate|p2a: Dawnbloom|move: Protect
|
|-heal|p2a: Dawnbloom|74/100|[from] item: Leftovers
|upkeep
|turn|51
|
|t:|1759054517
|switch|p1a: Slowking|Slowking-Galar, M|62/100 brn
|move|p2a: Dawnbloom|Moonblast|p1a: Slowking
|-resisted|p1a: Slowking
|-damage|p1a: Slowking|39/100 brn
|-unboost|p1a: Slowking|spa|1
|
|-heal|p2a: Dawnbloom|80/100|[from] item: Leftovers
|-damage|p1a: Slowking|33/100 brn|[from] brn
|upkeep
|turn|52
|
|t:|1759054522
|switch|p1a: Landorus|Landorus-Therian, M|32/100 brn
|-ability|p1a: Landorus|Intimidate|boost
|-block|p2a: Dawnbloom|ability: Flower Veil|[of] p2a: Dawnbloom
|move|p2a: Dawnbloom|Moonblast|p1a: Landorus
|-damage|p1a: Landorus|0 fnt
|faint|p1a: Landorus
|
|-heal|p2a: Dawnbloom|86/100|[from] item: Leftovers
|upkeep
|
|t:|1759054529
|switch|p1a: Alomomola|Alomomola, M, shiny|100/100
|turn|53
|
|t:|1759054535
|move|p2a: Dawnbloom|Calm Mind|p2a: Dawnbloom
|-boost|p2a: Dawnbloom|spa|1
|-boost|p2a: Dawnbloom|spd|1
|move|p1a: Alomomola|Mirror Coat||[still]
|-fail|p1a: Alomomola
|
|-heal|p2a: Dawnbloom|92/100|[from] item: Leftovers
|upkeep
|turn|54
|
|t:|1759054540
|move|p2a: Dawnbloom|Calm Mind|p2a: Dawnbloom
|-boost|p2a: Dawnbloom|spa|1
|-boost|p2a: Dawnbloom|spd|1
|move|p1a: Alomomola|Flip Turn|p2a: Dawnbloom
|-resisted|p2a: Dawnbloom
|-damage|p2a: Dawnbloom|85/100
|
|t:|1759054541
|switch|p1a: Gholdengo|Gholdengo|100/100|[from] Flip Turn
|
|-heal|p2a: Dawnbloom|91/100|[from] item: Leftovers
|upkeep
|turn|55
|
|t:|1759054545
|move|p2a: Dawnbloom|Protect|p2a: Dawnbloom
|-singleturn|p2a: Dawnbloom|Protect
|move|p1a: Gholdengo|Trick|p2a: Dawnbloom
|-activate|p2a: Dawnbloom|move: Protect
|
|-heal|p2a: Dawnbloom|98/100|[from] item: Leftovers
|upkeep
|turn|56
|
|t:|1759054548
|move|p1a: Gholdengo|Trick|p2a: Dawnbloom
|-activate|p1a: Gholdengo|move: Trick|[of] p2a: Dawnbloom
|-item|p2a: Dawnbloom|Choice Scarf|[from] move: Trick
|-item|p1a: Gholdengo|Leftovers|[from] move: Trick
|move|p2a: Dawnbloom|Moonblast|p1a: Gholdengo
|-resisted|p1a: Gholdengo
|-damage|p1a: Gholdengo|34/100
|-unboost|p1a: Gholdengo|spa|1
|
|-heal|p1a: Gholdengo|40/100|[from] item: Leftovers
|upkeep
|turn|57
|
|t:|1759054553
|move|p2a: Dawnbloom|Moonblast|p1a: Gholdengo
|-resisted|p1a: Gholdengo
|-crit|p1a: Gholdengo
|-damage|p1a: Gholdengo|0 fnt
|faint|p1a: Gholdengo
|
|upkeep
|
|t:|1759054554
|switch|p1a: Slowking|Slowking-Galar, M|66/100 brn
|turn|58
|
|t:|1759054558
|move|p2a: Dawnbloom|Moonblast|p1a: Slowking
|-resisted|p1a: Slowking
|-damage|p1a: Slowking|35/100 brn
|move|p1a: Slowking|Sludge Wave|p2a: Dawnbloom
|-supereffective|p2a: Dawnbloom
|-damage|p2a: Dawnbloom|80/100
|
|-damage|p1a: Slowking|29/100 brn|[from] brn
|upkeep
|turn|59
|
|t:|1759054563
|move|p2a: Dawnbloom|Moonblast|p1a: Slowking
|-resisted|p1a: Slowking
|-damage|p1a: Slowking|0 fnt
|faint|p1a: Slowking
|
|upkeep
|
|t:|1759054564
|switch|p1a: Alomomola|Alomomola, M, shiny|100/100
|turn|60
|
|t:|1759054566
|move|p2a: Dawnbloom|Moonblast|p1a: Alomomola
|-damage|p1a: Alomomola|0 fnt
|faint|p1a: Alomomola
|
|win|Sungrace
|raw|pokemon snd lovely's rating: 1279 &rarr; <strong>1251</strong><br />(-28 for losing)
|raw|Sungrace's rating: 1236 &rarr; <strong>1264</strong><br />(+28 for winning)
|l|‽pokemon snd lovely
|player|p1|
|c|☆Sungrace|flower power
|l|☆Sungrace
|player|p2|
