|badge|p2|bronze|gen9ou|100-6
|html|<div class="broadcast-red"><strong>This battle is required to be public due to one or more player having a season medal.</strong><br />During the public phase, you can discuss the state of the ladder <a href="/seasondiscussion">in a special chatroom.</a></div>
|uhtml|medal-msg|<div class="broadcast-blue">Curious what those medals under the avatar are? PS now has Ladder Seasons! For more information, check out the <a href="https://www.smogon.com/forums/threads/3740067/">thread on Smogon.</a></div>
|raw|<div class="broadcast-blue"><strong>This battle is required to be public due to a player having a name starting with 'medal'.</div>
|j|☆primarina marina
|j|☆LT124 SPEEDRUNNING
|t:|1758984264
|gametype|singles
|player|p1|primarina marina|169|1739
|player|p2|LT124 SPEEDRUNNING|hiker-gen4|1855
|gen|9
|tier|[Gen 9] OU
|rated|
|rule|HP Percentage Mod: HP is shown in percentages
|rule|Endless Battle Clause: Forcing endless battles is banned
|rule|Species Clause: Limit one of each Pokémon
|rule|OHKO Clause: OHKO moves are banned
|rule|Evasion Items Clause: Evasion items are banned
|rule|Evasion Moves Clause: Evasion moves are banned
|rule|Evasion Abilities Clause: Evasion abilities are banned
|rule|Sleep Moves Clause: Sleep-inducing moves are banned
|clearpoke
|poke|p1|Ninetales, F|
|poke|p1|Dragonite, F|
|poke|p1|Cinderace, F|
|poke|p1|Walking Wake|
|poke|p1|Cresselia, F|
|poke|p1|Great Tusk|
|poke|p2|Heatran, F|
|poke|p2|Tornadus-Therian, M|
|poke|p2|Weavile, F|
|poke|p2|Great Tusk|
|poke|p2|Ogerpon-Wellspring, F|
|poke|p2|Pecharunt|
|teampreview
|inactive|Battle timer is ON: inactive players will automatically lose when time's up. (requested by primarina marina)
|j| Eqb07
|
|t:|1758984292
|teamsize|p1|6
|teamsize|p2|6
|start
|switch|p1a: Ninetales|Ninetales, F|100/100
|switch|p2a: Tornadus|Tornadus-Therian, M|100/100
|-weather|SunnyDay|[from] ability: Drought|[of] p1a: Ninetales
|turn|1
|
|t:|1758984302
|switch|p1a: Cresselia|Cresselia, F|100/100
|move|p2a: Tornadus|Knock Off|p1a: Cresselia
|-supereffective|p1a: Cresselia
|-damage|p1a: Cresselia|78/100
|-enditem|p1a: Cresselia|Eject Button|[from] move: Knock Off|[of] p2a: Tornadus
|
|-weather|SunnyDay|[upkeep]
|upkeep
|turn|2
|
|t:|1758984314
|move|p2a: Tornadus|U-turn|p1a: Cresselia
|-supereffective|p1a: Cresselia
|-damage|p1a: Cresselia|61/100
|j| cryyysneasel
|j| Almighty Sa'
|
|t:|1758984317
|switch|p2a: Great Tusk|Great Tusk|100/100|[from] U-turn
|-activate|p2a: Great Tusk|ability: Protosynthesis
|-start|p2a: Great Tusk|protosynthesisspe
|move|p1a: Cresselia|Thunder Wave|p2a: Great Tusk
|-immune|p2a: Great Tusk
|
|-weather|SunnyDay|[upkeep]
|upkeep
|turn|3
|
|t:|1758984322
|switch|p1a: Great Tusk|Great Tusk|100/100
|-activate|p1a: Great Tusk|ability: Protosynthesis
|-start|p1a: Great Tusk|protosynthesisspe
|move|p2a: Great Tusk|Stealth Rock|p1a: Great Tusk
|-sidestart|p1: primarina marina|move: Stealth Rock
|
|-weather|SunnyDay|[upkeep]
|upkeep
|turn|4
|
|t:|1758984326
|move|p1a: Great Tusk|Ice Spinner|p2a: Great Tusk
|-supereffective|p2a: Great Tusk
|-damage|p2a: Great Tusk|72/100
|move|p2a: Great Tusk|Ice Spinner|p1a: Great Tusk
|-supereffective|p1a: Great Tusk
|-damage|p1a: Great Tusk|70/100
|
|-weather|SunnyDay|[upkeep]
|-heal|p2a: Great Tusk|79/100|[from] item: Leftovers
|upkeep
|turn|5
|
|t:|1758984331
|move|p1a: Great Tusk|Rapid Spin|p2a: Great Tusk
|-damage|p2a: Great Tusk|69/100
|-boost|p1a: Great Tusk|spe|1
|-sideend|p1: primarina marina|Stealth Rock|[from] move: Rapid Spin|[of] p1a: Great Tusk
|move|p2a: Great Tusk|Ice Spinner|p1a: Great Tusk
|-supereffective|p1a: Great Tusk
|-damage|p1a: Great Tusk|42/100
|
|-weather|SunnyDay|[upkeep]
|-heal|p2a: Great Tusk|75/100|[from] item: Leftovers
|upkeep
|turn|6
|
|t:|1758984334
|move|p1a: Great Tusk|Headlong Rush|p2a: Great Tusk
|-damage|p2a: Great Tusk|44/100
|-unboost|p1a: Great Tusk|def|1
|-unboost|p1a: Great Tusk|spd|1
|-enditem|p1a: Great Tusk|Eject Pack
|
|t:|1758984336
|-end|p1a: Great Tusk|Protosynthesis|[silent]
|switch|p1a: Walking Wake|Walking Wake|100/100
|-activate|p1a: Walking Wake|ability: Protosynthesis
|-start|p1a: Walking Wake|protosynthesisspa
|move|p2a: Great Tusk|Stealth Rock|p1a: Walking Wake
|-sidestart|p1: primarina marina|move: Stealth Rock
|
|-weather|SunnyDay|[upkeep]
|-heal|p2a: Great Tusk|50/100|[from] item: Leftovers
|upkeep
|turn|7
|
|t:|1758984343
|-end|p2a: Great Tusk|Protosynthesis|[silent]
|switch|p2a: Heatran|Heatran, F|100/100
|move|p1a: Walking Wake|Hydro Steam|p2a: Heatran
|-supereffective|p2a: Heatran
|-damage|p2a: Heatran|0 fnt
|faint|p2a: Heatran
|
|-weather|SunnyDay|[upkeep]
|upkeep
|
|t:|1758984346
|switch|p2a: Ogerpon|Ogerpon-Wellspring, F|100/100
|turn|8
|
|t:|1758984356
|-end|p1a: Walking Wake|Protosynthesis|[silent]
|switch|p1a: Cinderace|Cinderace, F|100/100
|-damage|p1a: Cinderace|76/100|[from] Stealth Rock
|move|p2a: Ogerpon|Knock Off|p1a: Cinderace
|-damage|p1a: Cinderace|22/100
|-enditem|p1a: Cinderace|Choice Scarf|[from] move: Knock Off|[of] p2a: Ogerpon
|
|-weather|none
|upkeep
|turn|9
|j| wgw2333
|
|t:|1758984381
|switch|p2a: Great Tusk|Great Tusk|50/100
|move|p1a: Cinderace|Court Change|p1a: Cinderace
|-start|p1a: Cinderace|typechange|Normal|[from] ability: Libero
|-swapsideconditions
|-activate|p1a: Cinderace|move: Court Change
|
|-heal|p2a: Great Tusk|57/100|[from] item: Leftovers
|upkeep
|turn|10
|
|t:|1758984396
|move|p1a: Cinderace|U-turn|p2a: Great Tusk
|-resisted|p2a: Great Tusk
|-damage|p2a: Great Tusk|50/100
|j| LT124YH Ghoul
|
|t:|1758984401
|switch|p1a: Walking Wake|Walking Wake|100/100|[from] U-turn
|move|p2a: Great Tusk|Rapid Spin|p1a: Walking Wake
|-damage|p1a: Walking Wake|85/100
|-boost|p2a: Great Tusk|spe|1
|-sideend|p2: LT124 SPEEDRUNNING|Stealth Rock|[from] move: Rapid Spin|[of] p2a: Great Tusk
|
|-heal|p2a: Great Tusk|56/100|[from] item: Leftovers
|upkeep
|turn|11
|n| BUNDY|almightysa
|l| LT124YH Ghoul
|
|t:|1758984411
|move|p2a: Great Tusk|Stealth Rock|p1a: Walking Wake
|-sidestart|p1: primarina marina|move: Stealth Rock
|move|p1a: Walking Wake|Dragon Pulse|p2a: Great Tusk
|-damage|p2a: Great Tusk|0 fnt
|faint|p2a: Great Tusk
|-end|p2a: Great Tusk|Protosynthesis|[silent]
|
|upkeep
|n| Almighty Sa'|bundy
|
|t:|1758984417
|switch|p2a: Ogerpon|Ogerpon-Wellspring, F|100/100
|turn|12
|
|t:|1758984424
|move|p2a: Ogerpon|Knock Off|p1a: Walking Wake
|-damage|p1a: Walking Wake|40/100
|-enditem|p1a: Walking Wake|Choice Specs|[from] move: Knock Off|[of] p2a: Ogerpon
|move|p1a: Walking Wake|Dragon Pulse|p2a: Ogerpon
|-damage|p2a: Ogerpon|48/100
|
|upkeep
|turn|13
|
|t:|1758984428
|move|p2a: Ogerpon|Knock Off|p1a: Walking Wake
|-damage|p1a: Walking Wake|11/100
|move|p1a: Walking Wake|Draco Meteor|p2a: Ogerpon|[miss]
|-miss|p1a: Walking Wake|p2a: Ogerpon
|
|upkeep
|turn|14
|
|t:|1758984433
|move|p2a: Ogerpon|Ivy Cudgel|p1a: Walking Wake|[anim] Ivy Cudgel Water
|-resisted|p1a: Walking Wake
|-damage|p1a: Walking Wake|0 fnt
|faint|p1a: Walking Wake
|-end|p1a: Walking Wake|Protosynthesis|[silent]
|
|upkeep
|
|t:|1758984442
|switch|p1a: Dragonite|Dragonite, F|100/100
|turn|15
|
|t:|1758984446
|switch|p2a: Pecharunt|Pecharunt|100/100
|move|p1a: Dragonite|Dragon Dance|p1a: Dragonite
|-boost|p1a: Dragonite|atk|1
|-boost|p1a: Dragonite|spe|1
|
|upkeep
|turn|16
|
|t:|1758984450
|move|p1a: Dragonite|Earthquake|p2a: Pecharunt
|-supereffective|p2a: Pecharunt
|-damage|p2a: Pecharunt|46/100
|move|p2a: Pecharunt|Malignant Chain|p1a: Dragonite
|-damage|p1a: Dragonite|85/100
|-status|p1a: Dragonite|tox
|-start|p1a: Dragonite|confusion|[from] ability: Poison Puppeteer|[of] p2a: Pecharunt
|
|-damage|p1a: Dragonite|79/100 tox|[from] psn
|upkeep
|turn|17
|
|t:|1758984456
|-terastallize|p2a: Pecharunt|Dark
|-activate|p1a: Dragonite|confusion
|-damage|p1a: Dragonite|56/100 tox|[from] confusion
|move|p2a: Pecharunt|Recover|p2a: Pecharunt
|-heal|p2a: Pecharunt|96/100
|
|-damage|p1a: Dragonite|43/100 tox|[from] psn
|upkeep
|turn|18
|
|t:|1758984466
|switch|p1a: Great Tusk|Great Tusk|42/100
|-damage|p1a: Great Tusk|39/100|[from] Stealth Rock
|move|p2a: Pecharunt|Recover|p2a: Pecharunt
|-heal|p2a: Pecharunt|100/100
|
|upkeep
|turn|19
|l| Almighty Sa'
|
|t:|1758984472
|move|p1a: Great Tusk|Rapid Spin|p2a: Pecharunt
|-damage|p2a: Pecharunt|93/100
|-boost|p1a: Great Tusk|spe|1
|-sideend|p1: primarina marina|Stealth Rock|[from] move: Rapid Spin|[of] p1a: Great Tusk
|move|p2a: Pecharunt|Malignant Chain|p1a: Great Tusk
|-resisted|p1a: Great Tusk
|-damage|p1a: Great Tusk|18/100
|-status|p1a: Great Tusk|tox
|-start|p1a: Great Tusk|confusion|[from] ability: Poison Puppeteer|[of] p2a: Pecharunt
|
|-damage|p1a: Great Tusk|12/100 tox|[from] psn
|upkeep
|turn|20
|
|t:|1758984475
|-activate|p1a: Great Tusk|confusion
|move|p1a: Great Tusk|Close Combat|p2a: Pecharunt
|-supereffective|p2a: Pecharunt
|-damage|p2a: Pecharunt|42/100
|-unboost|p1a: Great Tusk|def|1
|-unboost|p1a: Great Tusk|spd|1
|move|p2a: Pecharunt|Malignant Chain|p1a: Great Tusk
|-resisted|p1a: Great Tusk
|-damage|p1a: Great Tusk|0 fnt
|faint|p1a: Great Tusk
|-end|p1a: Great Tusk|Protosynthesis|[silent]
|
|upkeep
|
|t:|1758984477
|switch|p1a: Ninetales|Ninetales, F|100/100
|-weather|SunnyDay|[from] ability: Drought|[of] p1a: Ninetales
|turn|21
|
|t:|1758984482
|switch|p2a: Tornadus|Tornadus-Therian, M|100/100
|move|p1a: Ninetales|Overheat|p2a: Tornadus
|-crit|p2a: Tornadus
|-damage|p2a: Tornadus|0 fnt
|-unboost|p1a: Ninetales|spa|2
|faint|p2a: Tornadus
|
|-weather|SunnyDay|[upkeep]
|upkeep
|
|t:|1758984484
|switch|p2a: Pecharunt|Pecharunt, tera:Dark|42/100
|turn|22
|
|t:|1758984492
|move|p1a: Ninetales|Overheat|p2a: Pecharunt
|-damage|p2a: Pecharunt|4/100
|-unboost|p1a: Ninetales|spa|2
|move|p2a: Pecharunt|Recover|p2a: Pecharunt
|-heal|p2a: Pecharunt|54/100
|
|-weather|SunnyDay|[upkeep]
|upkeep
|turn|23
|
|t:|1758984497
|move|p1a: Ninetales|Encore|p2a: Pecharunt
|-start|p2a: Pecharunt|Encore
|move|p2a: Pecharunt|Recover|p2a: Pecharunt
|-heal|p2a: Pecharunt|100/100
|
|-weather|SunnyDay|[upkeep]
|upkeep
|turn|24
|
|t:|1758984501
|move|p1a: Ninetales|Healing Wish|p1a: Ninetales
|faint|p1a: Ninetales
|move|p2a: Pecharunt|Recover||[still]
|-fail|p2a: Pecharunt|heal
|
|-weather|SunnyDay|[upkeep]
|upkeep
|
|t:|1758984504
|switch|p1a: Dragonite|Dragonite, F|43/100 tox
|-heal|p1a: Dragonite|100/100|[from] move: Healing Wish
|turn|25
|
|t:|1758984507
|switch|p2a: Weavile|Weavile, F|100/100
|-ability|p2a: Weavile|Pressure
|move|p1a: Dragonite|Dragon Dance|p1a: Dragonite
|-boost|p1a: Dragonite|atk|1
|-boost|p1a: Dragonite|spe|1
|
|-weather|SunnyDay|[upkeep]
|upkeep
|turn|26
|
|t:|1758984512
|move|p1a: Dragonite|Rock Slide|p2a: Weavile
|-supereffective|p2a: Weavile
|-damage|p2a: Weavile|0 fnt
|faint|p2a: Weavile
|
|-weather|SunnyDay|[upkeep]
|upkeep
|
|t:|1758984515
|switch|p2a: Pecharunt|Pecharunt, tera:Dark|100/100
|turn|27
|
|t:|1758984520
|-terastallize|p1a: Dragonite|Fairy
|move|p1a: Dragonite|Tera Blast|p2a: Pecharunt|[anim] Tera Blast Fairy
|-supereffective|p2a: Pecharunt
|-damage|p2a: Pecharunt|40/100
|move|p2a: Pecharunt|Malignant Chain|p1a: Dragonite
|-supereffective|p1a: Dragonite
|-damage|p1a: Dragonite|66/100
|
|-weather|SunnyDay|[upkeep]
|upkeep
|turn|28
|
|t:|1758984525
|move|p1a: Dragonite|Tera Blast|p2a: Pecharunt|[anim] Tera Blast Fairy
|-supereffective|p2a: Pecharunt
|-damage|p2a: Pecharunt|0 fnt
|faint|p2a: Pecharunt
|
|-weather|none
|upkeep
|-message|LT124 SPEEDRUNNING forfeited.
|
|win|primarina marina
|raw|primarina marina's rating: 1739 &rarr; <strong>1765</strong><br />(+26 for winning)
|raw|LT124 SPEEDRUNNING's rating: 1855 &rarr; <strong>1829</strong><br />(-26 for losing)
|l|☆LT124 SPEEDRUNNING
|player|p2|
|l|☆primarina marina
|player|p1|
|l| wgw2333
