|j|‽President Warfo
|j|☆wszzl
|t:|1759044033
|gametype|singles
|player|p1|President Warfo|giovanni-gen1rb|1334
|player|p2|wszzl|fisherman|1321
|gen|9
|tier|[Gen 9] OU
|rated|
|rule|HP Percentage Mod: HP is shown in percentages
|rule|Endless Battle Clause: Forcing endless battles is banned
|rule|Species Clause: Limit one of each Pokémon
|rule|OHKO Clause: OHKO moves are banned
|rule|Evasion Items Clause: Evasion items are banned
|rule|Evasion Moves Clause: Evasion moves are banned
|rule|Evasion Abilities Clause: Evasion abilities are banned
|rule|Sleep Moves Clause: Sleep-inducing moves are banned
|clearpoke
|poke|p1|Torkoal, F|
|poke|p1|Scovillain, F|
|poke|p1|Walking Wake|
|poke|p1|Hatterene, F|
|poke|p1|Great Tusk|
|poke|p1|Ceruledge, M|
|poke|p2|Samurott-Hisui, F|
|poke|p2|Mamoswine, M|
|poke|p2|Volcanion|
|poke|p2|Hydrapple, F|
|poke|p2|Gholdengo|
|poke|p2|Landorus-Therian, M|
|teampreview
|inactive|Battle timer is ON: inactive players will automatically lose when time's up. (requested by President Warfo)
|
|t:|1759044041
|teamsize|p1|6
|teamsize|p2|6
|start
|switch|p1a: Torkoal|Torkoal, F|100/100
|switch|p2a: Mamoswine|Mamoswine, M|100/100
|-weather|SunnyDay|[from] ability: Drought|[of] p1a: Torkoal
|turn|1
|
|t:|1759044045
|switch|p1a: Hatterene|Hatterene, F, shiny|100/100
|move|p2a: Mamoswine|Earthquake|p1a: Hatterene
|-damage|p1a: Hatterene|29/100
|-enditem|p1a: Hatterene|Eject Button
|-damage|p2a: Mamoswine|91/100|[from] item: Life Orb
|
|t:|1759044055
|switch|p1a: Ceruledge|Ceruledge, M|100/100
|
|-weather|SunnyDay|[upkeep]
|upkeep
|turn|2
|
|t:|1759044060
|move|p1a: Ceruledge|Swords Dance|p1a: Ceruledge
|-boost|p1a: Ceruledge|atk|2
|move|p2a: Mamoswine|Earthquake|p1a: Ceruledge
|-supereffective|p1a: Ceruledge
|-enditem|p1a: Ceruledge|Focus Sash
|-damage|p1a: Ceruledge|1/100
|-ability|p1a: Ceruledge|Weak Armor|boost
|-unboost|p1a: Ceruledge|def|1
|-boost|p1a: Ceruledge|spe|2
|-damage|p2a: Mamoswine|81/100|[from] item: Life Orb
|
|-weather|SunnyDay|[upkeep]
|upkeep
|turn|3
|
|t:|1759044064
|move|p2a: Mamoswine|Ice Shard|p1a: Ceruledge
|-resisted|p1a: Ceruledge
|-damage|p1a: Ceruledge|0 fnt
|faint|p1a: Ceruledge
|-damage|p2a: Mamoswine|71/100|[from] item: Life Orb
|
|-weather|SunnyDay|[upkeep]
|upkeep
|
|t:|1759044067
|switch|p1a: Scovillain|Scovillain, F|100/100
|turn|4
|
|t:|1759044073
|switch|p2a: Volcanion|Volcanion|100/100
|move|p1a: Scovillain|Growth|p1a: Scovillain
|-boost|p1a: Scovillain|atk|2
|-boost|p1a: Scovillain|spa|2
|
|-weather|SunnyDay|[upkeep]
|upkeep
|turn|5
|
|t:|1759044082
|-terastallize|p1a: Scovillain|Ground
|move|p1a: Scovillain|Tera Blast|p2a: Volcanion|[anim] Tera Blast Ground
|-supereffective|p2a: Volcanion
|-damage|p2a: Volcanion|0 fnt
|faint|p2a: Volcanion
|-damage|p1a: Scovillain|91/100|[from] item: Life Orb
|
|-weather|SunnyDay|[upkeep]
|upkeep
|
|t:|1759044089
|switch|p2a: Mamoswine|Mamoswine, M|71/100
|turn|6
|
|t:|1759044092
|move|p2a: Mamoswine|Ice Shard|p1a: Scovillain
|-supereffective|p1a: Scovillain
|-damage|p1a: Scovillain|0 fnt
|faint|p1a: Scovillain
|-damage|p2a: Mamoswine|61/100|[from] item: Life Orb
|
|-weather|SunnyDay|[upkeep]
|upkeep
|
|t:|1759044097
|switch|p1a: Walking Wake|Walking Wake|100/100
|-activate|p1a: Walking Wake|ability: Protosynthesis
|-start|p1a: Walking Wake|protosynthesisspa
|turn|7
|
|t:|1759044103
|switch|p2a: Hydrapple|Hydrapple, F|100/100
|move|p1a: Walking Wake|Draco Meteor|p2a: Hydrapple|[miss]
|-miss|p1a: Walking Wake|p2a: Hydrapple
|
|-weather|SunnyDay|[upkeep]
|upkeep
|turn|8
|-message|President Warfo forfeited.
|
|win|wszzl
|raw|President Warfo's rating: 1334 &rarr; <strong>1313</strong><br />(-21 for losing)
|raw|wszzl's rating: 1321 &rarr; <strong>1342</strong><br />(+21 for winning)
|l|‽President Warfo
|player|p1|
|l|☆wszzl
|player|p2|
