|j|☆A1Randy
|j|☆PickaxeDevil
|t:|1758971844
|gametype|singles
|player|p1|A1Randy|burglar|1386
|player|p2|PickaxeDevil|skyla|1361
|gen|9
|tier|[Gen 9] OU
|rated|
|rule|HP Percentage Mod: HP is shown in percentages
|rule|Endless Battle Clause: Forcing endless battles is banned
|rule|Species Clause: Limit one of each Pokémon
|rule|OHKO Clause: OHKO moves are banned
|rule|Evasion Items Clause: Evasion items are banned
|rule|Evasion Moves Clause: Evasion moves are banned
|rule|Evasion Abilities Clause: Evasion abilities are banned
|rule|Sleep Moves Clause: Sleep-inducing moves are banned
|clearpoke
|poke|p1|Iron Crown|
|poke|p1|Kyurem|
|poke|p1|Dragonite, M|
|poke|p1|Kingambit, M|
|poke|p1|Iron Valiant|
|poke|p1|Hoopa-Unbound|
|poke|p2|Pelipper, F|
|poke|p2|Kingdra, M|
|poke|p2|Kilowattrel, F|
|poke|p2|Overqwil, F|
|poke|p2|Gholdengo|
|poke|p2|Dragonite, M|
|teampreview
|inactive|Battle timer is ON: inactive players will automatically lose when time's up. (requested by A1Randy)
|
|t:|1758971855
|teamsize|p1|6
|teamsize|p2|6
|start
|switch|p1a: Dragonite|Dragonite, M|100/100
|switch|p2a: Pelipper|Pelipper, F|100/100
|-weather|RainDance|[from] ability: Drizzle|[of] p2a: Pelipper
|turn|1
|
|t:|1758971861
|move|p1a: Dragonite|Dragon Dance|p1a: Dragonite
|-boost|p1a: Dragonite|atk|1
|-boost|p1a: Dragonite|spe|1
|move|p2a: Pelipper|U-turn|p1a: Dragonite
|-resisted|p1a: Dragonite
|-damage|p1a: Dragonite|98/100
|
|t:|1758971871
|switch|p2a: Overqwil|Overqwil, F|100/100|[from] U-turn
|
|-weather|RainDance|[upkeep]
|upkeep
|turn|2
|
|t:|1758971878
|-terastallize|p2a: Overqwil|Normal
|move|p2a: Overqwil|Self-Destruct|p1a: Dragonite
|-damage|p1a: Dragonite|0 fnt
|faint|p2a: Overqwil
|faint|p1a: Dragonite
|
|-weather|RainDance|[upkeep]
|upkeep
|
|t:|1758971898
|switch|p2a: Kingdra|Kingdra, M|100/100
|switch|p1a: Iron Crown|Iron Crown|100/100
|turn|3
|
|t:|1758971902
|move|p1a: Iron Crown|Psychic|p2a: Kingdra
|-damage|p2a: Kingdra|54/100
|move|p2a: Kingdra|Weather Ball|p1a: Iron Crown
|-damage|p1a: Iron Crown|13/100
|-damage|p2a: Kingdra|44/100|[from] item: Life Orb
|
|-weather|RainDance|[upkeep]
|upkeep
|turn|4
|
|t:|1758971911
|switch|p2a: Gholdengo|Gholdengo|100/100
|move|p1a: Iron Crown|Psychic|p2a: Gholdengo
|-resisted|p2a: Gholdengo
|-damage|p2a: Gholdengo|75/100
|
|-weather|RainDance|[upkeep]
|upkeep
|turn|5
|
|t:|1758971925
|-end|p1a: Iron Crown|Quark Drive|[silent]
|switch|p1a: Hoopa|Hoopa-Unbound|100/100
|move|p2a: Gholdengo|Make It Rain|p1a: Hoopa
|-damage|p1a: Hoopa|42/100
|-unboost|p2a: Gholdengo|spa|1
|
|-weather|RainDance|[upkeep]
|upkeep
|turn|6
|
|t:|1758971933
|move|p2a: Gholdengo|Make It Rain|p1a: Hoopa
|-damage|p1a: Hoopa|5/100
|-unboost|p2a: Gholdengo|spa|1
|move|p1a: Hoopa|Dark Pulse|p2a: Gholdengo
|-supereffective|p2a: Gholdengo
|-damage|p2a: Gholdengo|0 fnt
|faint|p2a: Gholdengo
|
|-weather|RainDance|[upkeep]
|upkeep
|
|t:|1758971941
|switch|p2a: Dragonite|Dragonite, M, shiny|100/100
|turn|7
|
|t:|1758971944
|move|p2a: Dragonite|Extreme Speed|p1a: Hoopa
|-damage|p1a: Hoopa|0 fnt
|faint|p1a: Hoopa
|
|-weather|RainDance|[upkeep]
|upkeep
|
|t:|1758971948
|switch|p1a: Kyurem|Kyurem|100/100
|-ability|p1a: Kyurem|Pressure
|turn|8
|
|t:|1758971957
|move|p1a: Kyurem|Icicle Spear|p2a: Dragonite
|-supereffective|p2a: Dragonite
|-damage|p2a: Dragonite|73/100
|-supereffective|p2a: Dragonite
|-damage|p2a: Dragonite|23/100
|-supereffective|p2a: Dragonite
|-damage|p2a: Dragonite|0 fnt
|faint|p2a: Dragonite
|-hitcount|p2: Dragonite|3
|
|-weather|none
|upkeep
|
|t:|1758971960
|switch|p2a: Pelipper|Pelipper, F|100/100
|-weather|RainDance|[from] ability: Drizzle|[of] p2a: Pelipper
|turn|9
|
|t:|1758971975
|switch|p2a: Kilowattrel|Kilowattrel, F|100/100
|move|p1a: Kyurem|Scale Shot|p2a: Kilowattrel
|-damage|p2a: Kilowattrel|75/100
|-damage|p2a: Kilowattrel|49/100
|-damage|p2a: Kilowattrel|23/100
|-damage|p2a: Kilowattrel|0 fnt
|faint|p2a: Kilowattrel
|-hitcount|p2: Kilowattrel|4
|-unboost|p1a: Kyurem|def|1
|-boost|p1a: Kyurem|spe|1
|
|-weather|RainDance|[upkeep]
|upkeep
|
|t:|1758971978
|switch|p2a: Kingdra|Kingdra, M|44/100
|turn|10
|
|t:|1758971988
|move|p2a: Kingdra|Dragon Pulse|p1a: Kyurem
|-supereffective|p1a: Kyurem
|-damage|p1a: Kyurem|11/100
|-damage|p2a: Kingdra|34/100|[from] item: Life Orb
|move|p1a: Kyurem|Icicle Spear|p2a: Kingdra
|-damage|p2a: Kingdra|18/100
|-damage|p2a: Kingdra|3/100
|-damage|p2a: Kingdra|0 fnt
|faint|p2a: Kingdra
|-hitcount|p2: Kingdra|3
|
|-weather|RainDance|[upkeep]
|upkeep
|
|t:|1758971991
|switch|p2a: Pelipper|Pelipper, F|100/100
|turn|11
|
|t:|1758971994
|move|p1a: Kyurem|Icicle Spear|p2a: Pelipper
|-damage|p2a: Pelipper|90/100
|-damage|p2a: Pelipper|78/100
|-damage|p2a: Pelipper|66/100
|-damage|p2a: Pelipper|54/100
|-crit|p2a: Pelipper
|-damage|p2a: Pelipper|38/100
|-hitcount|p2a: Pelipper|5
|move|p2a: Pelipper|Hurricane|p1a: Kyurem
|-damage|p1a: Kyurem|0 fnt
|faint|p1a: Kyurem
|
|-weather|RainDance|[upkeep]
|upkeep
|c|☆PickaxeDevil|gg
|
|t:|1758972001
|switch|p1a: Iron Valiant|Iron Valiant, shiny|100/100
|turn|12
|
|t:|1758972004
|move|p1a: Iron Valiant|Thunderbolt|p2a: Pelipper
|-supereffective|p2a: Pelipper
|-damage|p2a: Pelipper|0 fnt
|faint|p2a: Pelipper
|-damage|p1a: Iron Valiant|91/100|[from] item: Life Orb
|
|win|A1Randy
|raw|A1Randy's rating: 1386 &rarr; <strong>1405</strong><br />(+19 for winning)
|raw|PickaxeDevil's rating: 1361 &rarr; <strong>1342</strong><br />(-19 for losing)
|l|☆A1Randy
|player|p1|
|l|☆PickaxeDevil
|player|p2|
