|j|☆UserJexx
|j|☆NeoNaruto✈️_✈️
|t:|1759021559
|gametype|singles
|player|p1|UserJexx|lusamine-nihilego|1480
|player|p2|NeoNaruto✈️_✈️|medium|1526
|gen|9
|tier|[Gen 9] OU
|rated|
|rule|HP Percentage Mod: HP is shown in percentages
|rule|Endless Battle Clause: Forcing endless battles is banned
|rule|Species Clause: Limit one of each Pokémon
|rule|OHKO Clause: OHKO moves are banned
|rule|Evasion Items Clause: Evasion items are banned
|rule|Evasion Moves Clause: Evasion moves are banned
|rule|Evasion Abilities Clause: Evasion abilities are banned
|rule|Sleep Moves Clause: Sleep-inducing moves are banned
|clearpoke
|poke|p1|Hatterene, F|
|poke|p1|Goodra-Hisui, M|
|poke|p1|Ditto|
|poke|p1|Gastrodon, M|
|poke|p1|Corviknight, F|
|poke|p1|Ceruledge, F|
|poke|p2|Tyranitar, F|
|poke|p2|Iron Moth|
|poke|p2|Staraptor, M|
|poke|p2|Garchomp, M|
|poke|p2|Torkoal, M|
|poke|p2|Dragonite, M|
|teampreview
|inactive|Battle timer is ON: inactive players will automatically lose when time's up. (requested by NeoNaruto✈️_✈️)
|
|t:|1759021563
|teamsize|p1|6
|teamsize|p2|6
|start
|switch|p1a: Looting II|Hatterene, F, shiny|100/100
|switch|p2a: BIRD JESUS|Staraptor, M, shiny|100/100
|turn|1
|
|t:|1759021570
|move|p2a: BIRD JESUS|Brave Bird|p1a: Looting II
|-damage|p1a: Looting II|0 fnt
|faint|p1a: Looting II
|-damage|p2a: BIRD JESUS|67/100|[from] Recoil
|
|upkeep
|
|t:|1759021575
|switch|p1a: Curse of Binding|Ditto|100/100
|-transform|p1a: Curse of Binding|p2a: BIRD JESUS|[from] ability: Imposter
|turn|2
|
|t:|1759021581
|switch|p2a: BLITZ SOME OPPS|Garchomp, M|100/100
|move|p1a: Curse of Binding|Brave Bird|p2a: BLITZ SOME OPPS
|-damage|p2a: BLITZ SOME OPPS|51/100
|-damage|p1a: Curse of Binding|88/100|[from] ability: Rough Skin|[of] p2a: BLITZ SOME OPPS
|-damage|p1a: Curse of Binding|72/100|[from] item: Rocky Helmet|[of] p2a: BLITZ SOME OPPS
|-damage|p1a: Curse of Binding|49/100|[from] Recoil
|
|upkeep
|turn|3
|
|t:|1759021586
|switch|p1a: Feather Falling I|Corviknight, F|100/100
|-ability|p1a: Feather Falling I|Pressure
|move|p2a: BLITZ SOME OPPS|Rest|p2a: BLITZ SOME OPPS
|-status|p2a: BLITZ SOME OPPS|slp|[from] move: Rest
|-heal|p2a: BLITZ SOME OPPS|100/100 slp|[silent]
|
|upkeep
|turn|4
|
|t:|1759021601
|cant|p2a: BLITZ SOME OPPS|slp
|move|p1a: Feather Falling I|Iron Defense|p1a: Feather Falling I
|-boost|p1a: Feather Falling I|def|2
|
|upkeep
|turn|5
|
|t:|1759021606
|cant|p2a: BLITZ SOME OPPS|slp
|move|p1a: Feather Falling I|Iron Defense|p1a: Feather Falling I
|-boost|p1a: Feather Falling I|def|2
|
|upkeep
|turn|6
|
|t:|1759021609
|-curestatus|p2a: BLITZ SOME OPPS|slp|[msg]
|move|p2a: BLITZ SOME OPPS|Stealth Rock|p1a: Feather Falling I
|-sidestart|p1: UserJexx|move: Stealth Rock
|move|p1a: Feather Falling I|Body Press|p2a: BLITZ SOME OPPS
|-damage|p2a: BLITZ SOME OPPS|62/100
|-damage|p1a: Feather Falling I|88/100|[from] ability: Rough Skin|[of] p2a: BLITZ SOME OPPS
|-damage|p1a: Feather Falling I|72/100|[from] item: Rocky Helmet|[of] p2a: BLITZ SOME OPPS
|
|upkeep
|turn|7
|
|t:|1759021616
|switch|p2a: OVO CHUBBS|Torkoal, M|100/100
|-weather|SunnyDay|[from] ability: Drought|[of] p2a: OVO CHUBBS
|move|p1a: Feather Falling I|Defog|p2a: OVO CHUBBS
|-unboost|p2a: OVO CHUBBS|evasion|1
|-sideend|p1: UserJexx|Stealth Rock|[from] move: Defog|[of] p1a: Feather Falling I
|
|-weather|SunnyDay|[upkeep]
|upkeep
|turn|8
|
|t:|1759021620
|switch|p1a: Gastrodon|Gastrodon, M|100/100
|switch|p2a: BLITZ SOME OPPS|Garchomp, M|62/100
|
|-weather|SunnyDay|[upkeep]
|upkeep
|turn|9
|
|t:|1759021625
|move|p2a: BLITZ SOME OPPS|Stealth Rock|p1a: Gastrodon
|-sidestart|p1: UserJexx|move: Stealth Rock
|move|p1a: Gastrodon|Ice Beam|p2a: BLITZ SOME OPPS
|-supereffective|p2a: BLITZ SOME OPPS
|-damage|p2a: BLITZ SOME OPPS|0 fnt
|faint|p2a: BLITZ SOME OPPS
|
|-weather|SunnyDay|[upkeep]
|upkeep
|
|t:|1759021629
|switch|p2a: VODECi IV|Iron Moth|100/100
|turn|10
|
|t:|1759021634
|switch|p1a: Protection IV|Goodra-Hisui, M|100/100
|-damage|p1a: Protection IV|94/100|[from] Stealth Rock
|move|p2a: VODECi IV|Energy Ball|p1a: Protection IV
|-ability|p1a: Protection IV|Sap Sipper|boost
|-boost|p1a: Protection IV|atk|1
|
|-weather|SunnyDay|[upkeep]
|upkeep
|turn|11
|
|t:|1759021639
|-end|p2a: VODECi IV|Quark Drive|[silent]
|switch|p2a: DA LAST REX(3005)|Tyranitar, F|100/100
|-weather|Sandstorm|[from] ability: Sand Stream|[of] p2a: DA LAST REX(3005)
|move|p1a: Protection IV|Draco Meteor|p2a: DA LAST REX(3005)
|-damage|p2a: DA LAST REX(3005)|88/100
|-unboost|p1a: Protection IV|spa|2
|
|-weather|Sandstorm|[upkeep]
|upkeep
|turn|12
|
|t:|1759021644
|move|p1a: Protection IV|Earthquake|p2a: DA LAST REX(3005)
|-supereffective|p2a: DA LAST REX(3005)
|-damage|p2a: DA LAST REX(3005)|18/100
|move|p2a: DA LAST REX(3005)|Dragon Tail|p1a: Protection IV
|-damage|p1a: Protection IV|77/100
|drag|p1a: Sharpness V|Ceruledge, F|100/100
|-damage|p1a: Sharpness V|76/100|[from] Stealth Rock
|
|-weather|Sandstorm|[upkeep]
|-damage|p1a: Sharpness V|70/100|[from] Sandstorm
|upkeep
|turn|13
|
|t:|1759021653
|move|p1a: Sharpness V|Poltergeist|p2a: DA LAST REX(3005)|[miss]
|-miss|p1a: Sharpness V|p2a: DA LAST REX(3005)
|move|p2a: DA LAST REX(3005)|Knock Off|p1a: Sharpness V
|-supereffective|p1a: Sharpness V
|-crit|p1a: Sharpness V
|-damage|p1a: Sharpness V|0 fnt
|-enditem|p1a: Sharpness V|Choice Scarf|[from] move: Knock Off|[of] p2a: DA LAST REX(3005)
|faint|p1a: Sharpness V
|
|-weather|Sandstorm|[upkeep]
|upkeep
|
|t:|1759021659
|switch|p1a: Curse of Binding|Ditto|49/100
|-damage|p1a: Curse of Binding|36/100|[from] Stealth Rock
|-transform|p1a: Curse of Binding|p2a: DA LAST REX(3005)|[from] ability: Imposter
|turn|14
|
|t:|1759021662
|move|p1a: Curse of Binding|Knock Off|p2a: DA LAST REX(3005)
|-resisted|p2a: DA LAST REX(3005)
|-damage|p2a: DA LAST REX(3005)|2/100
|-enditem|p2a: DA LAST REX(3005)|Assault Vest|[from] move: Knock Off|[of] p1a: Curse of Binding
|move|p2a: DA LAST REX(3005)|Knock Off|p1a: Curse of Binding
|-resisted|p1a: Curse of Binding
|-damage|p1a: Curse of Binding|12/100
|-enditem|p1a: Curse of Binding|Choice Scarf|[from] move: Knock Off|[of] p2a: DA LAST REX(3005)
|
|-weather|Sandstorm|[upkeep]
|upkeep
|turn|15
|
|t:|1759021669
|move|p2a: DA LAST REX(3005)|Knock Off|p1a: Curse of Binding
|-resisted|p1a: Curse of Binding
|-damage|p1a: Curse of Binding|0 fnt
|faint|p1a: Curse of Binding
|
|-weather|none
|upkeep
|
|t:|1759021672
|switch|p1a: Gastrodon|Gastrodon, M|100/100
|-damage|p1a: Gastrodon|94/100|[from] Stealth Rock
|turn|16
|
|t:|1759021677
|move|p2a: DA LAST REX(3005)|Knock Off|p1a: Gastrodon
|-damage|p1a: Gastrodon|50/100
|-enditem|p1a: Gastrodon|Leftovers|[from] move: Knock Off|[of] p2a: DA LAST REX(3005)
|move|p1a: Gastrodon|Earth Power|p2a: DA LAST REX(3005)
|-supereffective|p2a: DA LAST REX(3005)
|-damage|p2a: DA LAST REX(3005)|0 fnt
|faint|p2a: DA LAST REX(3005)
|
|upkeep
|
|t:|1759021679
|switch|p2a: BIRD JESUS|Staraptor, M, shiny|67/100
|turn|17
|
|t:|1759021685
|switch|p1a: Feather Falling I|Corviknight, F|72/100
|-damage|p1a: Feather Falling I|59/100|[from] Stealth Rock
|-ability|p1a: Feather Falling I|Pressure
|-terastallize|p2a: BIRD JESUS|Flying
|move|p2a: BIRD JESUS|Brave Bird|p1a: Feather Falling I
|-resisted|p1a: Feather Falling I
|-damage|p1a: Feather Falling I|0 fnt
|-damage|p2a: BIRD JESUS|50/100|[from] item: Rocky Helmet|[of] p1a: Feather Falling I
|faint|p1a: Feather Falling I
|-damage|p2a: BIRD JESUS|25/100|[from] Recoil
|
|upkeep
|
|t:|1759021694
|switch|p1a: Protection IV|Goodra-Hisui, M|77/100
|-damage|p1a: Protection IV|71/100|[from] Stealth Rock
|turn|18
|
|t:|1759021697
|move|p2a: BIRD JESUS|Brave Bird|p1a: Protection IV
|-resisted|p1a: Protection IV
|-damage|p1a: Protection IV|0 fnt
|faint|p1a: Protection IV
|-damage|p2a: BIRD JESUS|0 fnt|[from] Recoil
|faint|p2a: BIRD JESUS
|
|upkeep
|
|t:|1759021703
|switch|p2a: VODECi IV|Iron Moth|100/100
|switch|p1a: Gastrodon|Gastrodon, M|50/100
|-damage|p1a: Gastrodon|44/100|[from] Stealth Rock
|turn|19
|
|t:|1759021706
|-terastallize|p1a: Gastrodon|Fairy
|move|p2a: VODECi IV|Energy Ball|p1a: Gastrodon
|-damage|p1a: Gastrodon|0 fnt
|faint|p1a: Gastrodon
|
|win|NeoNaruto✈️_✈️
|raw|UserJexx's rating: 1480 &rarr; <strong>1463</strong><br />(-17 for losing)
|raw|NeoNaruto✈️_✈️'s rating: 1526 &rarr; <strong>1543</strong><br />(+17 for winning)
|l|☆UserJexx
|player|p1|
|l|☆NeoNaruto✈️_✈️
|player|p2|
