|j|☆wefewfwefew
|j|☆Cleffaria
|t:|1758920610
|gametype|singles
|player|p1|wefewfwefew|nurse|1164
|player|p2|Cleffaria|waitress-gen4|1136
|gen|9
|tier|[Gen 9] OU
|rated|
|rule|HP Percentage Mod: HP is shown in percentages
|rule|Endless Battle Clause: Forcing endless battles is banned
|rule|Species Clause: Limit one of each Pokémon
|rule|OHKO Clause: OHKO moves are banned
|rule|Evasion Items Clause: Evasion items are banned
|rule|Evasion Moves Clause: Evasion moves are banned
|rule|Evasion Abilities Clause: Evasion abilities are banned
|rule|Sleep Moves Clause: Sleep-inducing moves are banned
|clearpoke
|poke|p1|Comfey, M|
|poke|p1|Toucannon, M|
|poke|p1|Sudowoodo, L61, F|
|poke|p1|Bellibolt, M|
|poke|p1|Raging Bolt|
|poke|p1|Deoxys-Defense|
|poke|p2|Great Tusk|
|poke|p2|Porygon2|
|poke|p2|Moltres|
|poke|p2|Ceruledge, F|
|poke|p2|Grafaiai, F|
|poke|p2|Samurott-Hisui, F|
|teampreview
|
|t:|1758920621
|teamsize|p1|6
|teamsize|p2|6
|start
|switch|p1a: Toucannon|Toucannon, M, shiny|100/100
|switch|p2a: Grafaiai|Grafaiai, F|100/100
|turn|1
|c|☆Cleffaria|lvl 61??.
|
|t:|1758920630
|move|p2a: Grafaiai|Toxic|p1a: Toucannon
|-status|p1a: Toucannon|tox
|move|p1a: Toucannon|Swords Dance|p1a: Toucannon
|-boost|p1a: Toucannon|atk|2
|
|-damage|p1a: Toucannon|95/100 tox|[from] psn
|upkeep
|turn|2
|
|t:|1758920636
|move|p2a: Grafaiai|Encore|p1a: Toucannon
|-start|p1a: Toucannon|Encore
|move|p1a: Toucannon|Swords Dance|p1a: Toucannon
|-boost|p1a: Toucannon|atk|2
|
|-damage|p1a: Toucannon|83/100 tox|[from] psn
|upkeep
|turn|3
|
|t:|1758920643
|switch|p1a: Steroid Xurkitree|Raging Bolt|100/100
|-enditem|p1a: Steroid Xurkitree|Booster Energy
|-activate|p1a: Steroid Xurkitree|ability: Protosynthesis|[fromitem]
|-start|p1a: Steroid Xurkitree|protosynthesisspa
|move|p2a: Grafaiai|Parting Shot|p1a: Steroid Xurkitree
|-unboost|p1a: Steroid Xurkitree|atk|1
|-unboost|p1a: Steroid Xurkitree|spa|1
|
|t:|1758920665
|switch|p2a: Great Tusk|Great Tusk|100/100|[from] Parting Shot
|
|upkeep
|turn|4
|
|t:|1758920693
|-end|p1a: Steroid Xurkitree|Protosynthesis|[silent]
|switch|p1a: Toucannon|Toucannon, M, shiny|83/100 tox
|move|p2a: Great Tusk|Rapid Spin|p1a: Toucannon
|-damage|p1a: Toucannon|59/100 tox
|-boost|p2a: Great Tusk|spe|1
|
|-damage|p1a: Toucannon|53/100 tox|[from] psn
|upkeep
|turn|5
|
|t:|1758920706
|-end|p2a: Great Tusk|Protosynthesis|[silent]
|switch|p2a: Grafaiai|Grafaiai, F|100/100
|move|p1a: Toucannon|Swords Dance|p1a: Toucannon
|-boost|p1a: Toucannon|atk|2
|
|-damage|p1a: Toucannon|41/100 tox|[from] psn
|upkeep
|turn|6
|
|t:|1758920714
|move|p2a: Grafaiai|Encore|p1a: Toucannon
|-start|p1a: Toucannon|Encore
|move|p1a: Toucannon|Swords Dance|p1a: Toucannon
|-boost|p1a: Toucannon|atk|2
|
|-damage|p1a: Toucannon|23/100 tox|[from] psn
|upkeep
|-enditem|p1a: Toucannon|Salac Berry|[eat]
|-boost|p1a: Toucannon|spe|1|[from] item: Salac Berry
|turn|7
|
|t:|1758920724
|move|p2a: Grafaiai|Parting Shot|p1a: Toucannon
|-unboost|p1a: Toucannon|atk|1
|-unboost|p1a: Toucannon|spa|1
|
|t:|1758920727
|switch|p2a: Samurott|Samurott-Hisui, F|100/100|[from] Parting Shot
|move|p1a: Toucannon|Swords Dance|p1a: Toucannon
|-boost|p1a: Toucannon|atk|2
|
|-damage|p1a: Toucannon|0 fnt|[from] psn
|faint|p1a: Toucannon
|upkeep
|
|t:|1758920737
|switch|p1a: Dabbingmf|Sudowoodo, L61, F|100/100
|turn|8
|
|t:|1758920743
|move|p2a: Samurott|Swords Dance|p2a: Samurott
|-boost|p2a: Samurott|atk|2
|move|p1a: Dabbingmf|Counter||[still]
|-fail|p1a: Dabbingmf
|
|upkeep
|turn|9
|
|t:|1758920748
|move|p2a: Samurott|Swords Dance|p2a: Samurott
|-boost|p2a: Samurott|atk|2
|move|p1a: Dabbingmf|Counter||[still]
|-fail|p1a: Dabbingmf
|
|upkeep
|turn|10
|
|t:|1758920754
|move|p2a: Samurott|Swords Dance|p2a: Samurott
|-boost|p2a: Samurott|atk|2
|move|p1a: Dabbingmf|Counter||[still]
|-fail|p1a: Dabbingmf
|
|upkeep
|turn|11
|
|t:|1758920759
|move|p2a: Samurott|Swords Dance|p2a: Samurott
|-boost|p2a: Samurott|atk|0
|move|p1a: Dabbingmf|Counter||[still]
|-fail|p1a: Dabbingmf
|
|upkeep
|turn|12
|
|t:|1758920764
|move|p2a: Samurott|Swords Dance|p2a: Samurott
|-boost|p2a: Samurott|atk|0
|move|p1a: Dabbingmf|Counter||[still]
|-fail|p1a: Dabbingmf
|
|upkeep
|turn|13
|
|t:|1758920768
|move|p2a: Samurott|Swords Dance|p2a: Samurott
|-boost|p2a: Samurott|atk|0
|move|p1a: Dabbingmf|Counter||[still]
|-fail|p1a: Dabbingmf
|
|upkeep
|turn|14
|
|t:|1758920774
|move|p2a: Samurott|Swords Dance|p2a: Samurott
|-boost|p2a: Samurott|atk|0
|move|p1a: Dabbingmf|Counter||[still]
|-fail|p1a: Dabbingmf
|
|upkeep
|turn|15
|
|t:|1758920782
|move|p2a: Samurott|Swords Dance|p2a: Samurott
|-boost|p2a: Samurott|atk|0
|move|p1a: Dabbingmf|Spikes|p2a: Samurott
|-sidestart|p2: Cleffaria|Spikes
|
|upkeep
|turn|16
|
|t:|1758920788
|move|p2a: Samurott|Swords Dance|p2a: Samurott
|-boost|p2a: Samurott|atk|0
|move|p1a: Dabbingmf|Counter||[still]
|-fail|p1a: Dabbingmf
|
|upkeep
|turn|17
|
|t:|1758920794
|move|p2a: Samurott|Swords Dance|p2a: Samurott
|-boost|p2a: Samurott|atk|0
|move|p1a: Dabbingmf|Counter||[still]
|-fail|p1a: Dabbingmf
|
|upkeep
|turn|18
|
|t:|1758920800
|move|p2a: Samurott|Aqua Cutter|p1a: Dabbingmf
|-supereffective|p1a: Dabbingmf
|-ability|p1a: Dabbingmf|Sturdy
|-damage|p1a: Dabbingmf|1/100
|move|p1a: Dabbingmf|Stealth Rock|p2a: Samurott
|-sidestart|p2: Cleffaria|move: Stealth Rock
|
|upkeep
|turn|19
|-enditem|p1a: Dabbingmf|Custap Berry|[eat]
|-activate|p1a: Dabbingmf|item: Custap Berry|[consumed]
|
|t:|1758920808
|move|p1a: Dabbingmf|Endeavor|p2a: Samurott
|-damage|p2a: Samurott|1/100
|move|p2a: Samurott|Aqua Cutter|p1a: Dabbingmf
|-supereffective|p1a: Dabbingmf
|-damage|p1a: Dabbingmf|0 fnt
|faint|p1a: Dabbingmf
|
|upkeep
|
|t:|1758920813
|switch|p1a: Steroid Xurkitree|Raging Bolt|100/100
|turn|20
|
|t:|1758920824
|move|p1a: Steroid Xurkitree|Thunderclap|p2a: Samurott
|-supereffective|p2a: Samurott
|-damage|p2a: Samurott|0 fnt
|faint|p2a: Samurott
|
|upkeep
|
|t:|1758920829
|switch|p2a: Great Tusk|Great Tusk|100/100
|turn|21
|
|t:|1758920835
|-terastallize|p1a: Steroid Xurkitree|Flying
|move|p2a: Great Tusk|Rapid Spin|p1a: Steroid Xurkitree
|-damage|p1a: Steroid Xurkitree|84/100
|-boost|p2a: Great Tusk|spe|1
|-sideend|p2: Cleffaria|Spikes|[from] move: Rapid Spin|[of] p2a: Great Tusk
|-sideend|p2: Cleffaria|Stealth Rock|[from] move: Rapid Spin|[of] p2a: Great Tusk
|move|p1a: Steroid Xurkitree|Draco Meteor|p2a: Great Tusk
|-damage|p2a: Great Tusk|3/100
|-unboost|p1a: Steroid Xurkitree|spa|2
|
|upkeep
|turn|22
|
|t:|1758920845
|move|p2a: Great Tusk|Close Combat|p1a: Steroid Xurkitree
|-resisted|p1a: Steroid Xurkitree
|-damage|p1a: Steroid Xurkitree|53/100
|-unboost|p2a: Great Tusk|def|1
|-unboost|p2a: Great Tusk|spd|1
|move|p1a: Steroid Xurkitree|Draco Meteor|p2a: Great Tusk|[miss]
|-miss|p1a: Steroid Xurkitree|p2a: Great Tusk
|
|upkeep
|turn|23
|
|t:|1758920853
|move|p2a: Great Tusk|Close Combat|p1a: Steroid Xurkitree
|-resisted|p1a: Steroid Xurkitree
|-damage|p1a: Steroid Xurkitree|21/100
|-unboost|p2a: Great Tusk|def|1
|-unboost|p2a: Great Tusk|spd|1
|move|p1a: Steroid Xurkitree|Draco Meteor|p2a: Great Tusk
|-damage|p2a: Great Tusk|0 fnt
|-unboost|p1a: Steroid Xurkitree|spa|2
|faint|p2a: Great Tusk
|-end|p2a: Great Tusk|Protosynthesis|[silent]
|
|upkeep
|
|t:|1758920866
|switch|p2a: Grafaiai|Grafaiai, F|100/100
|turn|24
|
|t:|1758920869
|move|p2a: Grafaiai|Toxic|p1a: Steroid Xurkitree
|-status|p1a: Steroid Xurkitree|tox
|move|p1a: Steroid Xurkitree|Discharge|p2a: Grafaiai
|-damage|p2a: Grafaiai|78/100
|
|-heal|p2a: Grafaiai|84/100|[from] item: Leftovers
|-damage|p1a: Steroid Xurkitree|15/100 tox|[from] psn
|upkeep
|turn|25
|
|t:|1758920878
|move|p2a: Grafaiai|Encore|p1a: Steroid Xurkitree
|-start|p1a: Steroid Xurkitree|Encore
|move|p1a: Steroid Xurkitree|Discharge|p2a: Grafaiai
|-damage|p2a: Grafaiai|63/100
|-status|p2a: Grafaiai|par
|
|-heal|p2a: Grafaiai|69/100 par|[from] item: Leftovers
|-damage|p1a: Steroid Xurkitree|3/100 tox|[from] psn
|upkeep
|turn|26
|
|t:|1758920888
|move|p2a: Grafaiai|Parting Shot|p1a: Steroid Xurkitree
|-unboost|p1a: Steroid Xurkitree|atk|1
|-unboost|p1a: Steroid Xurkitree|spa|1
|
|t:|1758920892
|switch|p2a: Porygon2|Porygon2|100/100|[from] Parting Shot
|move|p1a: Steroid Xurkitree|Discharge|p2a: Porygon2
|-damage|p2a: Porygon2|92/100
|
|-damage|p1a: Steroid Xurkitree|0 fnt|[from] psn
|faint|p1a: Steroid Xurkitree
|-end|p1a: Steroid Xurkitree|Protosynthesis|[silent]
|upkeep
|
|t:|1758920898
|switch|p1a: Comfey|Comfey, M|100/100
|turn|27
|
|t:|1758920911
|move|p1a: Comfey|Calm Mind|p1a: Comfey
|-boost|p1a: Comfey|spa|1
|-boost|p1a: Comfey|spd|1
|move|p2a: Porygon2|Ice Beam|p1a: Comfey
|-damage|p1a: Comfey|73/100
|
|upkeep
|turn|28
|
|t:|1758920921
|move|p1a: Comfey|Calm Mind|p1a: Comfey
|-boost|p1a: Comfey|spa|1
|-boost|p1a: Comfey|spd|1
|move|p2a: Porygon2|Ice Beam|p1a: Comfey
|-damage|p1a: Comfey|52/100
|
|upkeep
|turn|29
|
|t:|1758920927
|move|p1a: Comfey|Calm Mind|p1a: Comfey
|-boost|p1a: Comfey|spa|1
|-boost|p1a: Comfey|spd|1
|move|p2a: Porygon2|Ice Beam|p1a: Comfey
|-damage|p1a: Comfey|37/100
|
|upkeep
|turn|30
|
|t:|1758920933
|switch|p2a: Grafaiai|Grafaiai, F|69/100 par
|move|p1a: Comfey|Calm Mind|p1a: Comfey
|-boost|p1a: Comfey|spa|1
|-boost|p1a: Comfey|spd|1
|
|-heal|p2a: Grafaiai|75/100 par|[from] item: Leftovers
|upkeep
|turn|31
|
|t:|1758920940
|move|p1a: Comfey|Draining Kiss|p2a: Grafaiai
|-resisted|p2a: Grafaiai
|-damage|p2a: Grafaiai|33/100 par
|-heal|p1a: Comfey|71/100|[from] drain|[of] p2a: Grafaiai
|cant|p2a: Grafaiai|par
|
|-heal|p2a: Grafaiai|39/100 par|[from] item: Leftovers
|upkeep
|turn|32
|
|t:|1758920948
|move|p1a: Comfey|Draining Kiss|p2a: Grafaiai
|-resisted|p2a: Grafaiai
|-crit|p2a: Grafaiai
|-damage|p2a: Grafaiai|0 fnt
|-heal|p1a: Comfey|100/100|[from] drain|[of] p2a: Grafaiai
|faint|p2a: Grafaiai
|
|upkeep
|
|t:|1758920955
|switch|p2a: Ceruledge|Ceruledge, F|100/100
|turn|33
|
|t:|1758920963
|-terastallize|p2a: Ceruledge|Steel
|move|p1a: Comfey|Draining Kiss|p2a: Ceruledge
|-resisted|p2a: Ceruledge
|-damage|p2a: Ceruledge|66/100
|move|p2a: Ceruledge|Iron Head|p1a: Comfey
|-supereffective|p1a: Comfey
|-damage|p1a: Comfey|0 fnt
|faint|p1a: Comfey
|
|upkeep
|
|t:|1758920971
|switch|p1a: Blowflex|Bellibolt, M, shiny|100/100
|turn|34
|
|t:|1758920979
|move|p2a: Ceruledge|Swords Dance|p2a: Ceruledge
|-boost|p2a: Ceruledge|atk|2
|move|p1a: Blowflex|Reflect|p1a: Blowflex
|-sidestart|p1: wefewfwefew|Reflect
|
|upkeep
|turn|35
|
|t:|1758920986
|move|p2a: Ceruledge|Bitter Blade|p1a: Blowflex
|-damage|p1a: Blowflex|69/100
|-heal|p2a: Ceruledge|89/100|[from] drain|[of] p1a: Blowflex
|-start|p1a: Blowflex|Charge|Bitter Blade|[from] ability: Electromorphosis
|move|p1a: Blowflex|Zap Cannon|p2a: Ceruledge|[miss]
|-miss|p1a: Blowflex|p2a: Ceruledge
|-end|p1a: Blowflex|Charge|[silent]
|
|upkeep
|turn|36
|
|t:|1758920994
|move|p2a: Ceruledge|Swords Dance|p2a: Ceruledge
|-boost|p2a: Ceruledge|atk|2
|move|p1a: Blowflex|Zap Cannon|p2a: Ceruledge
|-damage|p2a: Ceruledge|35/100
|-status|p2a: Ceruledge|par
|
|upkeep
|turn|37
|
|t:|1758921000
|move|p2a: Ceruledge|Bitter Blade|p1a: Blowflex
|-damage|p1a: Blowflex|22/100
|-heal|p2a: Ceruledge|69/100 par|[from] drain|[of] p1a: Blowflex
|-start|p1a: Blowflex|Charge|Bitter Blade|[from] ability: Electromorphosis
|-enditem|p1a: Blowflex|Iapapa Berry|[eat]
|-heal|p1a: Blowflex|55/100|[from] item: Iapapa Berry
|move|p1a: Blowflex|Zap Cannon|p2a: Ceruledge|[miss]
|-miss|p1a: Blowflex|p2a: Ceruledge
|-end|p1a: Blowflex|Charge|[silent]
|
|upkeep
|turn|38
|
|t:|1758921010
|move|p2a: Ceruledge|Iron Head|p1a: Blowflex
|-resisted|p1a: Blowflex
|-damage|p1a: Blowflex|33/100
|-start|p1a: Blowflex|Charge|Iron Head|[from] ability: Electromorphosis
|move|p1a: Blowflex|Zap Cannon|p2a: Ceruledge|[miss]
|-miss|p1a: Blowflex|p2a: Ceruledge
|-end|p1a: Blowflex|Charge|[silent]
|
|-sideend|p1: wefewfwefew|Reflect
|upkeep
|turn|39
|
|t:|1758921018
|move|p2a: Ceruledge|Bitter Blade|p1a: Blowflex
|-damage|p1a: Blowflex|0 fnt
|-heal|p2a: Ceruledge|93/100 par|[from] drain|[of] p1a: Blowflex
|faint|p1a: Blowflex
|
|upkeep
|
|t:|1758921020
|switch|p1a: Minion|Deoxys-Defense, shiny|100/100
|-ability|p1a: Minion|Pressure
|turn|40
|
|t:|1758921026
|move|p1a: Minion|Cosmic Power|p1a: Minion
|-boost|p1a: Minion|def|1
|-boost|p1a: Minion|spd|1
|cant|p2a: Ceruledge|par
|
|upkeep
|turn|41
|
|t:|1758921030
|move|p1a: Minion|Cosmic Power|p1a: Minion
|-boost|p1a: Minion|def|1
|-boost|p1a: Minion|spd|1
|move|p2a: Ceruledge|Shadow Claw|p1a: Minion
|-supereffective|p1a: Minion
|-damage|p1a: Minion|35/100
|-enditem|p1a: Minion|Weakness Policy
|-boost|p1a: Minion|atk|2|[from] item: Weakness Policy
|-boost|p1a: Minion|spa|2|[from] item: Weakness Policy
|
|upkeep
|turn|42
|
|t:|1758921038
|move|p1a: Minion|Stored Power|p2a: Ceruledge
|-resisted|p2a: Ceruledge
|-damage|p2a: Ceruledge|37/100 par
|move|p2a: Ceruledge|Shadow Claw|p1a: Minion
|-supereffective|p1a: Minion
|-damage|p1a: Minion|0 fnt
|faint|p1a: Minion
|
|win|Cleffaria
|raw|wefewfwefew's rating: 1164 &rarr; <strong>1137</strong><br />(-27 for losing)
|raw|Cleffaria's rating: 1136 &rarr; <strong>1163</strong><br />(+27 for winning)
|l|☆wefewfwefew
|player|p1|
|l|☆Cleffaria
|player|p2|
