|j|☆go b3yond
|j|☆Maschenny 1
|t:|1758990905
|gametype|singles
|player|p1|go b3yond|eusine|1407
|player|p2|Maschenny 1|guitarist|1438
|gen|9
|tier|[Gen 9] OU
|rated|
|rule|HP Percentage Mod: HP is shown in percentages
|rule|Endless Battle Clause: Forcing endless battles is banned
|rule|Species Clause: Limit one of each Pokémon
|rule|OHKO Clause: OHKO moves are banned
|rule|Evasion Items Clause: Evasion items are banned
|rule|Evasion Moves Clause: Evasion moves are banned
|rule|Evasion Abilities Clause: Evasion abilities are banned
|rule|Sleep Moves Clause: Sleep-inducing moves are banned
|clearpoke
|poke|p1|Torkoal, M|
|poke|p1|Brute Bonnet|
|poke|p1|Walking Wake|
|poke|p1|Hatterene, F|
|poke|p1|Leavanny, F|
|poke|p1|Ceruledge, F|
|poke|p2|Gliscor, F|
|poke|p2|Ting-Lu|
|poke|p2|Meowscarada, F|
|poke|p2|Zapdos|
|poke|p2|Zamazenta-*|
|poke|p2|Gholdengo|
|teampreview
|inactive|Battle timer is ON: inactive players will automatically lose when time's up. (requested by go b3yond)
|
|t:|1758990937
|teamsize|p1|6
|teamsize|p2|6
|start
|switch|p1a: Torkoal|Torkoal, M|100/100
|switch|p2a: Ting-Lu|Ting-Lu|100/100
|-ability|p2a: Ting-Lu|Vessel of Ruin
|-weather|SunnyDay|[from] ability: Drought|[of] p1a: Torkoal
|turn|1
|
|t:|1758990964
|switch|p1a: Witch|Hatterene, F, shiny|100/100
|move|p2a: Ting-Lu|Stealth Rock|p1a: Witch
|move|p1a: Witch|Stealth Rock|p2a: Ting-Lu|[from] ability: Magic Bounce
|-sidestart|p2: Maschenny 1|move: Stealth Rock
|
|-weather|SunnyDay|[upkeep]
|upkeep
|turn|2
|
|t:|1758990969
|move|p2a: Ting-Lu|Ruination|p1a: Witch
|-damage|p1a: Witch|50/100
|-enditem|p1a: Witch|Eject Button
|
|t:|1758990983
|switch|p1a: BRUTE FORCE|Brute Bonnet|100/100
|-activate|p1a: BRUTE FORCE|ability: Protosynthesis
|-start|p1a: BRUTE FORCE|protosynthesisatk
|
|-weather|SunnyDay|[upkeep]
|upkeep
|turn|3
|
|t:|1758990988
|move|p1a: BRUTE FORCE|Growth|p1a: BRUTE FORCE
|-boost|p1a: BRUTE FORCE|atk|2
|-boost|p1a: BRUTE FORCE|spa|2
|move|p2a: Ting-Lu|Stealth Rock|p1a: BRUTE FORCE
|-sidestart|p1: go b3yond|move: Stealth Rock
|
|-weather|SunnyDay|[upkeep]
|upkeep
|turn|4
|
|t:|1758991006
|switch|p2a: Zamazenta|Zamazenta|100/100
|-ability|p2a: Zamazenta|Dauntless Shield|boost
|-boost|p2a: Zamazenta|def|1
|move|p1a: BRUTE FORCE|Bullet Seed|p2a: Zamazenta
|-damage|p2a: Zamazenta|77/100
|-damage|p2a: Zamazenta|54/100
|-damage|p2a: Zamazenta|32/100
|-damage|p2a: Zamazenta|8/100
|-damage|p2a: Zamazenta|0 fnt
|faint|p2a: Zamazenta
|-hitcount|p2: Zamazenta|5
|
|-weather|SunnyDay|[upkeep]
|upkeep
|
|t:|1758991015
|switch|p2a: Zapdos|Zapdos|100/100
|turn|5
|
|t:|1758991030
|-terastallize|p1a: BRUTE FORCE|Fire
|move|p2a: Zapdos|U-turn|p1a: BRUTE FORCE
|-resisted|p1a: BRUTE FORCE
|-damage|p1a: BRUTE FORCE|95/100
|
|t:|1758991042
|switch|p2a: Ting-Lu|Ting-Lu|100/100|[from] U-turn
|-damage|p2a: Ting-Lu|94/100|[from] Stealth Rock
|-ability|p2a: Ting-Lu|Vessel of Ruin
|move|p1a: BRUTE FORCE|Tera Blast|p2a: Ting-Lu|[anim] Tera Blast Fire
|-damage|p2a: Ting-Lu|6/100
|-enditem|p2a: Ting-Lu|Red Card|[of] p1a: BRUTE FORCE
|-end|p1a: BRUTE FORCE|Protosynthesis|[silent]
|drag|p1a: Shark|Walking Wake|100/100
|-damage|p1a: Shark|88/100|[from] Stealth Rock
|-activate|p1a: Shark|ability: Protosynthesis
|-start|p1a: Shark|protosynthesisspe
|
|-weather|SunnyDay|[upkeep]
|upkeep
|turn|6
|
|t:|1758991058
|move|p1a: Shark|Hydro Steam|p2a: Ting-Lu
|-supereffective|p2a: Ting-Lu
|-damage|p2a: Ting-Lu|0 fnt
|faint|p2a: Ting-Lu
|
|-weather|SunnyDay|[upkeep]
|upkeep
|
|t:|1758991063
|switch|p2a: Meowscarada|Meowscarada, F|100/100
|turn|7
|
|t:|1758991071
|move|p1a: Shark|Hydro Steam|p2a: Meowscarada
|-resisted|p2a: Meowscarada
|-damage|p2a: Meowscarada|26/100
|move|p2a: Meowscarada|Knock Off|p1a: Shark
|-start|p2a: Meowscarada|typechange|Dark|[from] ability: Protean
|-damage|p1a: Shark|42/100
|-enditem|p1a: Shark|Choice Specs|[from] move: Knock Off|[of] p2a: Meowscarada
|
|-weather|SunnyDay|[upkeep]
|upkeep
|turn|8
|
|t:|1758991078
|switch|p2a: Gholdengo|Gholdengo|100/100
|-damage|p2a: Gholdengo|94/100|[from] Stealth Rock
|move|p1a: Shark|Hydro Steam|p2a: Gholdengo
|-damage|p2a: Gholdengo|22/100
|
|-weather|none
|-end|p1a: Shark|Protosynthesis
|upkeep
|turn|9
|
|t:|1758991085
|move|p2a: Gholdengo|Shadow Ball|p1a: Shark
|-damage|p1a: Shark|0 fnt
|faint|p1a: Shark
|-end|p1a: Shark|Protosynthesis|[silent]
|
|upkeep
|
|t:|1758991092
|switch|p1a: Torkoal|Torkoal, M|100/100
|-damage|p1a: Torkoal|76/100|[from] Stealth Rock
|-weather|SunnyDay|[from] ability: Drought|[of] p1a: Torkoal
|turn|10
|
|t:|1758991094
|move|p2a: Gholdengo|Shadow Ball|p1a: Torkoal
|-damage|p1a: Torkoal|21/100
|move|p1a: Torkoal|Flamethrower|p2a: Gholdengo
|-supereffective|p2a: Gholdengo
|-damage|p2a: Gholdengo|0 fnt
|faint|p2a: Gholdengo
|
|-weather|SunnyDay|[upkeep]
|upkeep
|
|t:|1758991098
|switch|p2a: Gliscor|Gliscor, F|100/100
|-damage|p2a: Gliscor|88/100|[from] Stealth Rock
|turn|11
|
|t:|1758991102
|move|p2a: Gliscor|Swords Dance|p2a: Gliscor
|-boost|p2a: Gliscor|atk|2
|move|p1a: Torkoal|Rapid Spin|p2a: Gliscor
|-damage|p2a: Gliscor|81/100
|-boost|p1a: Torkoal|spe|1
|-sideend|p1: go b3yond|Stealth Rock|[from] move: Rapid Spin|[of] p1a: Torkoal
|
|-weather|SunnyDay|[upkeep]
|-status|p2a: Gliscor|tox|[from] item: Toxic Orb
|upkeep
|turn|12
|
|t:|1758991109
|switch|p1a: Witch|Hatterene, F, shiny|50/100
|move|p2a: Gliscor|Agility|p2a: Gliscor
|-boost|p2a: Gliscor|spe|2
|
|-weather|SunnyDay|[upkeep]
|-heal|p2a: Gliscor|93/100 tox|[from] ability: Poison Heal
|upkeep
|turn|13
|
|t:|1758991117
|move|p2a: Gliscor|Swords Dance|p2a: Gliscor
|-boost|p2a: Gliscor|atk|2
|move|p1a: Witch|Psychic Noise|p2a: Gliscor
|-damage|p2a: Gliscor|62/100 tox
|-start|p2a: Gliscor|move: Heal Block
|
|-weather|SunnyDay|[upkeep]
|upkeep
|turn|14
|
|t:|1758991124
|move|p2a: Gliscor|Earthquake|p1a: Witch
|-damage|p1a: Witch|0 fnt
|faint|p1a: Witch
|
|-weather|SunnyDay|[upkeep]
|-end|p2a: Gliscor|move: Heal Block
|upkeep
|
|t:|1758991139
|switch|p1a: Leavanny|Leavanny, F|100/100
|turn|15
|
|t:|1758991150
|-terastallize|p2a: Gliscor|Fairy
|move|p1a: Leavanny|Triple Axel|p2a: Gliscor
|-crit|p2a: Gliscor
|-damage|p2a: Gliscor|55/100 tox
|-damage|p2a: Gliscor|46/100 tox
|-damage|p2a: Gliscor|32/100 tox
|-hitcount|p2a: Gliscor|3
|move|p2a: Gliscor|Tera Blast|p1a: Leavanny|[anim] Tera Blast Fairy
|-damage|p1a: Leavanny|0 fnt
|faint|p1a: Leavanny
|
|-weather|SunnyDay|[upkeep]
|-heal|p2a: Gliscor|45/100 tox|[from] ability: Poison Heal
|upkeep
|
|t:|1758991168
|switch|p1a: Ceruledge|Ceruledge, F|100/100
|turn|16
|
|t:|1758991172
|move|p2a: Gliscor|Earthquake|p1a: Ceruledge
|-supereffective|p1a: Ceruledge
|-enditem|p1a: Ceruledge|Focus Sash
|-damage|p1a: Ceruledge|1/100
|-ability|p1a: Ceruledge|Weak Armor|boost
|-unboost|p1a: Ceruledge|def|1
|-boost|p1a: Ceruledge|spe|2
|move|p1a: Ceruledge|Swords Dance|p1a: Ceruledge
|-boost|p1a: Ceruledge|atk|2
|
|-weather|SunnyDay|[upkeep]
|-heal|p2a: Gliscor|57/100 tox|[from] ability: Poison Heal
|upkeep
|turn|17
|
|t:|1758991180
|switch|p2a: Meowscarada|Meowscarada, F|26/100
|move|p1a: Ceruledge|Bitter Blade|p2a: Meowscarada
|-supereffective|p2a: Meowscarada
|-damage|p2a: Meowscarada|0 fnt
|-heal|p1a: Ceruledge|14/100|[from] drain|[of] p2a: Meowscarada
|faint|p2a: Meowscarada
|
|-weather|none
|upkeep
|
|t:|1758991185
|switch|p2a: Zapdos|Zapdos|100/100
|turn|18
|
|t:|1758991190
|move|p1a: Ceruledge|Poltergeist|p2a: Zapdos
|-activate|p2a: Zapdos|move: Poltergeist|Heavy-Duty Boots
|-damage|p2a: Zapdos|23/100
|move|p2a: Zapdos|Discharge|p1a: Ceruledge
|-damage|p1a: Ceruledge|0 fnt
|faint|p1a: Ceruledge
|
|upkeep
|
|t:|1758991196
|switch|p1a: Torkoal|Torkoal, M|21/100
|-weather|SunnyDay|[from] ability: Drought|[of] p1a: Torkoal
|turn|19
|
|t:|1758991200
|move|p2a: Zapdos|Roost|p2a: Zapdos
|-heal|p2a: Zapdos|73/100
|-singleturn|p2a: Zapdos|move: Roost
|move|p1a: Torkoal|Flamethrower|p2a: Zapdos
|-damage|p2a: Zapdos|31/100
|
|-weather|SunnyDay|[upkeep]
|upkeep
|turn|20
|
|t:|1758991206
|switch|p1a: BRUTE FORCE|Brute Bonnet, tera:Fire|95/100
|-activate|p1a: BRUTE FORCE|ability: Protosynthesis
|-start|p1a: BRUTE FORCE|protosynthesisatk
|move|p2a: Zapdos|Roost|p2a: Zapdos
|-heal|p2a: Zapdos|81/100
|-singleturn|p2a: Zapdos|move: Roost
|
|-weather|SunnyDay|[upkeep]
|upkeep
|turn|21
|
|t:|1758991212
|move|p2a: Zapdos|Discharge|p1a: BRUTE FORCE
|-damage|p1a: BRUTE FORCE|66/100
|move|p1a: BRUTE FORCE|Growth|p1a: BRUTE FORCE
|-boost|p1a: BRUTE FORCE|atk|2
|-boost|p1a: BRUTE FORCE|spa|2
|
|-weather|SunnyDay|[upkeep]
|upkeep
|turn|22
|
|t:|1758991216
|move|p2a: Zapdos|Discharge|p1a: BRUTE FORCE
|-damage|p1a: BRUTE FORCE|36/100
|-status|p1a: BRUTE FORCE|par
|move|p1a: BRUTE FORCE|Tera Blast|p2a: Zapdos|[anim] Tera Blast Fire
|-damage|p2a: Zapdos|0 fnt
|faint|p2a: Zapdos
|
|-weather|SunnyDay|[upkeep]
|upkeep
|
|t:|1758991220
|switch|p2a: Gliscor|Gliscor, F, tera:Fairy|57/100 tox
|-damage|p2a: Gliscor|45/100 tox|[from] Stealth Rock
|turn|23
|
|t:|1758991224
|cant|p1a: BRUTE FORCE|par
|move|p2a: Gliscor|Earthquake|p1a: BRUTE FORCE
|-supereffective|p1a: BRUTE FORCE
|-damage|p1a: BRUTE FORCE|0 fnt
|faint|p1a: BRUTE FORCE
|-end|p1a: BRUTE FORCE|Protosynthesis|[silent]
|
|-weather|SunnyDay|[upkeep]
|-heal|p2a: Gliscor|57/100 tox|[from] ability: Poison Heal
|upkeep
|-message|go b3yond forfeited.
|
|win|Maschenny 1
|raw|go b3yond's rating: 1407 &rarr; <strong>1389</strong><br />(-18 for losing)
|raw|Maschenny 1's rating: 1438 &rarr; <strong>1456</strong><br />(+18 for winning)
|l|☆go b3yond
|player|p1|
|l|☆Maschenny 1
|player|p2|
