|j|☆Ahzaeth
|j|☆LoCoGuyXD
|t:|1758995354
|gametype|singles
|player|p1|Ahzaeth|fisherman-gen4|1187
|player|p2|LoCoGuyXD|backpacker|1148
|gen|9
|tier|[Gen 9] OU
|rated|
|rule|HP Percentage Mod: HP is shown in percentages
|rule|Endless Battle Clause: Forcing endless battles is banned
|rule|Species Clause: Limit one of each Pokémon
|rule|OHKO Clause: OHKO moves are banned
|rule|Evasion Items Clause: Evasion items are banned
|rule|Evasion Moves Clause: Evasion moves are banned
|rule|Evasion Abilities Clause: Evasion abilities are banned
|rule|Sleep Moves Clause: Sleep-inducing moves are banned
|clearpoke
|poke|p1|Ninetales-Alola, F|
|poke|p1|Zoroark-Hisui, F|
|poke|p1|Gyarados, F|
|poke|p1|Slowking-Galar, F|
|poke|p1|Gastrodon-East, F|
|poke|p1|Hydreigon, F|
|poke|p2|Typhlosion, M|
|poke|p2|Lilligant-Hisui, F|
|poke|p2|Hatterene, F|
|poke|p2|Torkoal, M|
|poke|p2|Corviknight, M|
|poke|p2|Walking Wake|
|teampreview
|inactive|Battle timer is ON: inactive players will automatically lose when time's up. (requested by Ahzaeth)
|
|t:|1758995406
|teamsize|p1|6
|teamsize|p2|6
|start
|switch|p1a: Hydreigon|Hydreigon, F|100/100
|switch|p2a: Hatterene|Hatterene, F|100/100
|turn|1
|
|t:|1758995417
|move|p1a: Hydreigon|U-turn|p2a: Hatterene
|-damage|p2a: Hatterene|89/100
|
|t:|1758995424
|switch|p1a: Gastrodon|Gastrodon-East, F|100/100|[from] U-turn
|move|p2a: Hatterene|Draining Kiss|p1a: Gastrodon
|-damage|p1a: Gastrodon|83/100
|-heal|p2a: Hatterene|100/100|[from] drain|[of] p1a: Gastrodon
|-damage|p2a: Hatterene|84/100|[from] item: Rocky Helmet|[of] p1a: Gastrodon
|
|-heal|p2a: Hatterene|90/100|[from] item: Leftovers
|upkeep
|turn|2
|
|t:|1758995443
|move|p1a: Gastrodon|Earth Power|p2a: Hatterene
|-damage|p2a: Hatterene|61/100
|-unboost|p2a: Hatterene|spd|1
|move|p2a: Hatterene|Calm Mind|p2a: Hatterene
|-boost|p2a: Hatterene|spa|1
|-boost|p2a: Hatterene|spd|1
|
|-heal|p2a: Hatterene|67/100|[from] item: Leftovers
|upkeep
|turn|3
|
|t:|1758995457
|move|p1a: Gastrodon|Clear Smog|p2a: Hatterene
|-supereffective|p2a: Hatterene
|-damage|p2a: Hatterene|45/100
|-clearboost|p2a: Hatterene
|move|p2a: Hatterene|Calm Mind|p2a: Hatterene
|-boost|p2a: Hatterene|spa|1
|-boost|p2a: Hatterene|spd|1
|
|-heal|p2a: Hatterene|51/100|[from] item: Leftovers
|upkeep
|turn|4
|
|t:|1758995470
|move|p1a: Gastrodon|Clear Smog|p2a: Hatterene
|-supereffective|p2a: Hatterene
|-crit|p2a: Hatterene
|-damage|p2a: Hatterene|18/100
|-clearboost|p2a: Hatterene
|move|p2a: Hatterene|Draining Kiss|p1a: Gastrodon
|-damage|p1a: Gastrodon|64/100
|-heal|p2a: Hatterene|34/100|[from] drain|[of] p1a: Gastrodon
|-damage|p2a: Hatterene|17/100|[from] item: Rocky Helmet|[of] p1a: Gastrodon
|
|-heal|p2a: Hatterene|23/100|[from] item: Leftovers
|upkeep
|turn|5
|
|t:|1758995489
|switch|p2a: Corviknight|Corviknight, M|100/100
|move|p1a: Gastrodon|Clear Smog|p2a: Corviknight
|-immune|p2a: Corviknight
|
|upkeep
|turn|6
|
|t:|1758995498
|move|p2a: Corviknight|U-turn|p1a: Gastrodon
|-damage|p1a: Gastrodon|51/100
|-damage|p2a: Corviknight|84/100|[from] item: Rocky Helmet|[of] p1a: Gastrodon
|
|t:|1758995503
|switch|p2a: Torkoal|Torkoal, M|100/100|[from] U-turn
|-weather|SunnyDay|[from] ability: Drought|[of] p2a: Torkoal
|move|p1a: Gastrodon|Recover|p1a: Gastrodon
|-heal|p1a: Gastrodon|100/100
|
|-weather|SunnyDay|[upkeep]
|upkeep
|turn|7
|
|t:|1758995513
|switch|p2a: Lilligant|Lilligant-Hisui, F|100/100
|move|p1a: Gastrodon|Earth Power|p2a: Lilligant
|-resisted|p2a: Lilligant
|-damage|p2a: Lilligant|78/100
|
|-weather|SunnyDay|[upkeep]
|upkeep
|turn|8
|
|t:|1758995522
|-terastallize|p1a: Gastrodon|Steel
|move|p2a: Lilligant|Solar Blade||[still]
|-prepare|p2a: Lilligant|Solar Blade
|-anim|p2a: Lilligant|Solar Blade|p1a: Gastrodon
|-resisted|p1a: Gastrodon
|-damage|p1a: Gastrodon|67/100
|-damage|p2a: Lilligant|62/100|[from] item: Rocky Helmet|[of] p1a: Gastrodon
|-damage|p2a: Lilligant|52/100|[from] item: Life Orb
|move|p1a: Gastrodon|Stealth Rock|p2a: Lilligant
|-sidestart|p2: LoCoGuyXD|move: Stealth Rock
|
|-weather|SunnyDay|[upkeep]
|upkeep
|turn|9
|
|t:|1758995533
|move|p2a: Lilligant|Axe Kick|p1a: Gastrodon
|-supereffective|p1a: Gastrodon
|-damage|p1a: Gastrodon|0 fnt
|-damage|p2a: Lilligant|35/100|[from] item: Rocky Helmet|[of] p1a: Gastrodon
|faint|p1a: Gastrodon
|-damage|p2a: Lilligant|25/100|[from] item: Life Orb
|
|-weather|SunnyDay|[upkeep]
|upkeep
|
|t:|1758995554
|switch|p1a: Slowking|Slowking-Galar, F|100/100
|turn|10
|
|t:|1758995561
|move|p2a: Lilligant|Triple Axel|p1a: Slowking
|-damage|p1a: Slowking|93/100
|-damage|p1a: Slowking|77/100
|-damage|p1a: Slowking|56/100
|-hitcount|p1a: Slowking|3
|-damage|p2a: Lilligant|15/100|[from] item: Life Orb
|move|p1a: Slowking|Ice Beam|p2a: Lilligant
|-supereffective|p2a: Lilligant
|-damage|p2a: Lilligant|0 fnt
|faint|p2a: Lilligant
|
|-weather|SunnyDay|[upkeep]
|upkeep
|
|t:|1758995587
|switch|p2a: Walking Wake|Walking Wake|100/100
|-damage|p2a: Walking Wake|88/100|[from] Stealth Rock
|-activate|p2a: Walking Wake|ability: Protosynthesis
|-start|p2a: Walking Wake|protosynthesisspe
|turn|11
|
|t:|1758995605
|switch|p1a: Ninetales|Ninetales-Alola, F|100/100
|-weather|Snowscape|[from] ability: Snow Warning|[of] p1a: Ninetales
|-end|p2a: Walking Wake|Protosynthesis
|move|p2a: Walking Wake|Flamethrower|p1a: Ninetales
|-supereffective|p1a: Ninetales
|-damage|p1a: Ninetales|16/100
|
|-weather|Snowscape|[upkeep]
|upkeep
|turn|12
|
|t:|1758995615
|-end|p2a: Walking Wake|Protosynthesis|[silent]
|switch|p2a: Torkoal|Torkoal, M|100/100
|-damage|p2a: Torkoal|76/100|[from] Stealth Rock
|-weather|SunnyDay|[from] ability: Drought|[of] p2a: Torkoal
|move|p1a: Ninetales|Aurora Veil||[still]
|-fail|p1a: Ninetales
|
|-weather|SunnyDay|[upkeep]
|upkeep
|turn|13
|
|t:|1758995635
|switch|p1a: Slowking|Slowking-Galar, F|89/100
|move|p2a: Torkoal|Weather Ball|p1a: Slowking
|-damage|p1a: Slowking|53/100
|
|-weather|SunnyDay|[upkeep]
|upkeep
|turn|14
|
|t:|1758995645
|-prepare|p1a: Slowking|Chilly Reception|[premajor]
|move|p1a: Slowking|Chilly Reception|p1a: Slowking
|-weather|Snowscape
|
|t:|1758995659
|switch|p1a: Gyarados|Gyarados, F|100/100|[from] Chilly Reception
|move|p2a: Torkoal|Rapid Spin|p1a: Gyarados
|-damage|p1a: Gyarados|89/100
|-boost|p2a: Torkoal|spe|1
|-sideend|p2: LoCoGuyXD|Stealth Rock|[from] move: Rapid Spin|[of] p2a: Torkoal
|
|-weather|Snowscape|[upkeep]
|upkeep
|turn|15
|inactive|Ahzaeth has 120 seconds left.
|l|☆LoCoGuyXD
|inactive|LoCoGuyXD disconnected and has a minute to reconnect!
|player|p2|
|j|☆LoCoGuyXD
|inactive|LoCoGuyXD reconnected and has 115 seconds left.
|player|p2|LoCoGuyXD|backpacker|
|
|t:|1758995704
|switch|p2a: Corviknight|Corviknight, M|84/100
|move|p1a: Gyarados|Aqua Tail|p2a: Corviknight
|-damage|p2a: Corviknight|58/100
|-damage|p1a: Gyarados|72/100|[from] item: Rocky Helmet|[of] p2a: Corviknight
|
|-weather|Snowscape|[upkeep]
|upkeep
|turn|16
|
|t:|1758995715
|switch|p1a: Slowking|Slowking-Galar, F|86/100
|move|p2a: Corviknight|U-turn|p1a: Slowking
|-damage|p1a: Slowking|74/100
|
|t:|1758995730
|switch|p2a: Walking Wake|Walking Wake|88/100|[from] U-turn
|
|-weather|Snowscape|[upkeep]
|upkeep
|turn|17
|
|t:|1758995741
|move|p2a: Walking Wake|Draco Meteor|p1a: Slowking|[miss]
|-miss|p2a: Walking Wake|p1a: Slowking
|move|p1a: Slowking|Future Sight|p2a: Walking Wake
|-start|p1a: Slowking|move: Future Sight
|
|-weather|Snowscape|[upkeep]
|upkeep
|turn|18
|
|t:|1758995749
|switch|p1a: Ninetales|Ninetales-Alola, F|16/100
|move|p2a: Walking Wake|Draco Meteor|p1a: Ninetales
|-immune|p1a: Ninetales
|
|-weather|none
|upkeep
|turn|19
|
|t:|1758995763
|-end|p2a: Walking Wake|Protosynthesis|[silent]
|switch|p2a: Hatterene|Hatterene, F|23/100
|move|p1a: Ninetales|Encore|p2a: Hatterene
|move|p2a: Hatterene|Encore||[from] ability: Magic Bounce|[still]
|-fail|p2a: Hatterene
|
|-end|p2a: Hatterene|move: Future Sight
|-resisted|p2a: Hatterene
|-damage|p2a: Hatterene|0 fnt
|faint|p2a: Hatterene
|upkeep
|
|t:|1758995774
|switch|p2a: Typhlosion|Typhlosion, M|100/100
|turn|20
|
|t:|1758995780
|switch|p1a: Slowking|Slowking-Galar, F|100/100
|move|p2a: Typhlosion|Flame Charge|p1a: Slowking
|-damage|p1a: Slowking|82/100
|-boost|p2a: Typhlosion|spe|1
|
|upkeep
|turn|21
|
|t:|1758995790
|move|p2a: Typhlosion|Earthquake|p1a: Slowking
|-supereffective|p1a: Slowking
|-damage|p1a: Slowking|38/100
|move|p1a: Slowking|Future Sight|p2a: Typhlosion
|-start|p1a: Slowking|move: Future Sight
|
|upkeep
|turn|22
|inactive|LoCoGuyXD has 120 seconds left.
|
|t:|1758995796
|switch|p1a: Hydreigon|Hydreigon, F|100/100
|move|p2a: Typhlosion|Earthquake|p1a: Hydreigon
|-immune|p1a: Hydreigon|[from] ability: Levitate
|
|upkeep
|turn|23
|inactive|LoCoGuyXD has 120 seconds left.
|
|t:|1758995807
|move|p2a: Typhlosion|Flame Charge|p1a: Hydreigon
|-resisted|p1a: Hydreigon
|-damage|p1a: Hydreigon|89/100
|-boost|p2a: Typhlosion|spe|1
|move|p1a: Hydreigon|Draco Meteor|p2a: Typhlosion
|-damage|p2a: Typhlosion|0 fnt
|-unboost|p1a: Hydreigon|spa|2
|faint|p2a: Typhlosion
|
|-hint|Future Sight did not hit because the target is fainted.
|upkeep
|inactive|LoCoGuyXD has 120 seconds left.
|
|t:|1758995817
|switch|p2a: Torkoal|Torkoal, M|76/100
|-weather|SunnyDay|[from] ability: Drought|[of] p2a: Torkoal
|turn|24
|
|t:|1758995830
|switch|p1a: Slowking|Slowking-Galar, F|71/100
|switch|p2a: Walking Wake|Walking Wake|88/100
|-activate|p2a: Walking Wake|ability: Protosynthesis
|-start|p2a: Walking Wake|protosynthesisspe
|
|-weather|SunnyDay|[upkeep]
|upkeep
|turn|25
|
|t:|1758995843
|move|p2a: Walking Wake|Hydro Steam|p1a: Slowking
|-damage|p1a: Slowking|3/100
|move|p1a: Slowking|Ice Beam|p2a: Walking Wake
|-damage|p2a: Walking Wake|63/100
|
|-weather|SunnyDay|[upkeep]
|upkeep
|turn|26
|
|t:|1758995866
|switch|p1a: Gyarados|Gyarados, F|72/100
|move|p2a: Walking Wake|Hydro Steam|p1a: Gyarados
|-resisted|p1a: Gyarados
|-damage|p1a: Gyarados|24/100
|
|-weather|SunnyDay|[upkeep]
|upkeep
|turn|27
|
|t:|1758995877
|move|p2a: Walking Wake|Hydro Steam|p1a: Gyarados
|-resisted|p1a: Gyarados
|-damage|p1a: Gyarados|0 fnt
|faint|p1a: Gyarados
|
|-weather|SunnyDay|[upkeep]
|upkeep
|
|t:|1758995884
|switch|p1a: Ninetales|Ninetales-Alola, F|16/100
|-weather|Snowscape|[from] ability: Snow Warning|[of] p1a: Ninetales
|-end|p2a: Walking Wake|Protosynthesis
|turn|28
|
|t:|1758995893
|-end|p2a: Walking Wake|Protosynthesis|[silent]
|switch|p2a: Torkoal|Torkoal, M|76/100
|-weather|SunnyDay|[from] ability: Drought|[of] p2a: Torkoal
|switch|p1a: Slowking|Slowking-Galar, F|36/100
|
|-weather|SunnyDay|[upkeep]
|upkeep
|turn|29
|
|t:|1758995906
|switch|p1a: Slowking|Slowking-Galar, F|100/100
|move|p2a: Torkoal|Stealth Rock|p1a: Slowking
|-sidestart|p1: Ahzaeth|move: Stealth Rock
|
|-weather|SunnyDay|[upkeep]
|upkeep
|turn|30
|
|t:|1758995914
|move|p1a: Slowking|Hyper Voice|p2a: Torkoal
|-damage|p2a: Torkoal|20/100
|-enditem|p1a: Slowking|Throat Spray
|-boost|p1a: Slowking|spa|1|[from] item: Throat Spray
|move|p2a: Torkoal|Weather Ball|p1a: Slowking
|-damage|p1a: Slowking|13/100
|replace|p1a: Zoroark|Zoroark-Hisui, F
|-end|p1a: Zoroark|Illusion
|
|-weather|SunnyDay|[upkeep]
|upkeep
|turn|31
|
|t:|1758995935
|switch|p2a: Corviknight|Corviknight, M|58/100
|move|p1a: Zoroark|Hyper Voice|p2a: Corviknight
|-resisted|p2a: Corviknight
|-damage|p2a: Corviknight|23/100
|
|-weather|SunnyDay|[upkeep]
|upkeep
|turn|32
|
|t:|1758995944
|move|p1a: Zoroark|Hyper Voice|p2a: Corviknight
|-resisted|p2a: Corviknight
|-damage|p2a: Corviknight|0 fnt
|faint|p2a: Corviknight
|
|-weather|SunnyDay|[upkeep]
|upkeep
|
|t:|1758995950
|switch|p2a: Walking Wake|Walking Wake|63/100
|-activate|p2a: Walking Wake|ability: Protosynthesis
|-start|p2a: Walking Wake|protosynthesisspe
|turn|33
|
|t:|1758995965
|switch|p1a: Ninetales|Ninetales-Alola, F|16/100
|-damage|p1a: Ninetales|0 fnt|[from] Stealth Rock
|faint|p1a: Ninetales
|move|p2a: Walking Wake|Hydro Steam|p1: Ninetales|[notarget]
|-fail|p2a: Walking Wake
|
|-weather|SunnyDay|[upkeep]
|upkeep
|
|t:|1758995972
|switch|p1a: Slowking|Slowking-Galar, F|69/100
|turn|34
|
|t:|1758995976
|move|p2a: Walking Wake|Hydro Steam|p1a: Slowking
|-damage|p1a: Slowking|5/100
|move|p1a: Slowking|Future Sight|p2a: Walking Wake
|-start|p1a: Slowking|move: Future Sight
|
|-weather|SunnyDay|[upkeep]
|upkeep
|turn|35
|
|t:|1758995985
|switch|p1a: Slowking|Slowking-Galar, F|13/100
|-damage|p1a: Slowking|0 fnt|[from] Stealth Rock
|faint|p1a: Slowking
|move|p2a: Walking Wake|Hydro Steam|p1: Zoroark|[notarget]
|-fail|p2a: Walking Wake
|
|-weather|none
|-end|p2a: Walking Wake|Protosynthesis
|upkeep
|
|t:|1758995997
|switch|p1a: Hydreigon|Hydreigon, F|89/100
|-damage|p1a: Hydreigon|76/100|[from] Stealth Rock
|turn|36
|
|t:|1758996001
|-end|p2a: Walking Wake|Protosynthesis|[silent]
|switch|p2a: Torkoal|Torkoal, M|20/100
|-weather|SunnyDay|[from] ability: Drought|[of] p2a: Torkoal
|move|p1a: Hydreigon|Draco Meteor|p2a: Torkoal
|-damage|p2a: Torkoal|0 fnt
|-unboost|p1a: Hydreigon|spa|2
|faint|p2a: Torkoal
|
|-weather|SunnyDay|[upkeep]
|-hint|Future Sight did not hit because the target is fainted.
|upkeep
|
|t:|1758996012
|switch|p2a: Walking Wake|Walking Wake|63/100
|-activate|p2a: Walking Wake|ability: Protosynthesis
|-start|p2a: Walking Wake|protosynthesisspe
|turn|37
|
|t:|1758996019
|switch|p1a: Slowking|Slowking-Galar, F|38/100
|move|p2a: Walking Wake|Dragon Pulse|p1a: Slowking
|-damage|p1a: Slowking|0 fnt
|faint|p1a: Slowking
|
|-weather|SunnyDay|[upkeep]
|upkeep
|
|t:|1758996026
|switch|p1a: Hydreigon|Hydreigon, F|76/100
|-damage|p1a: Hydreigon|64/100|[from] Stealth Rock
|turn|38
|
|t:|1758996030
|move|p2a: Walking Wake|Dragon Pulse|p1a: Hydreigon
|-supereffective|p1a: Hydreigon
|-damage|p1a: Hydreigon|0 fnt
|faint|p1a: Hydreigon
|
|win|LoCoGuyXD
|raw|Ahzaeth's rating: 1187 &rarr; <strong>1159</strong><br />(-28 for losing)
|raw|LoCoGuyXD's rating: 1148 &rarr; <strong>1176</strong><br />(+28 for winning)
|c|☆Ahzaeth|gg
|l|☆Ahzaeth
|player|p1|
|c|☆LoCoGuyXD|gg
|l|☆LoCoGuyXD
|player|p2|
