|j|☆WeR#4Hay!
|j|☆xt489
|t:|1758990447
|gametype|singles
|player|p1|WeR#4Hay!|170|1574
|player|p2|xt489|flint|1548
|gen|9
|tier|[Gen 9] OU
|rated|
|rule|HP Percentage Mod: HP is shown in percentages
|rule|Endless Battle Clause: Forcing endless battles is banned
|rule|Species Clause: Limit one of each Pokémon
|rule|OHKO Clause: OHKO moves are banned
|rule|Evasion Items Clause: Evasion items are banned
|rule|Evasion Moves Clause: Evasion moves are banned
|rule|Evasion Abilities Clause: Evasion abilities are banned
|rule|Sleep Moves Clause: Sleep-inducing moves are banned
|clearpoke
|poke|p1|Lycanroc-Dusk, F|
|poke|p1|Okidogi, M|
|poke|p1|Zapdos|
|poke|p1|Iron Treads|
|poke|p1|Gholdengo|
|poke|p1|Alomomola, M|
|poke|p2|Torkoal, M|
|poke|p2|Walking Wake|
|poke|p2|Raging Bolt|
|poke|p2|Venusaur, F|
|poke|p2|Slither Wing|
|poke|p2|Iron Moth|
|teampreview
|
|t:|1758990481
|teamsize|p1|6
|teamsize|p2|6
|start
|switch|p1a: Lycanroc|Lycanroc-Dusk, F|100/100
|switch|p2a: Walking Wake|Walking Wake|100/100
|turn|1
|
|t:|1758990487
|switch|p1a: Zapdos|Zapdos|100/100
|move|p2a: Walking Wake|Dragon Pulse|p1a: Zapdos
|-damage|p1a: Zapdos|40/100
|
|upkeep
|turn|2
|
|t:|1758990494
|switch|p1a: Iron Treads|Iron Treads|100/100
|move|p2a: Walking Wake|Dragon Pulse|p1a: Iron Treads
|-resisted|p1a: Iron Treads
|-damage|p1a: Iron Treads|75/100
|
|-heal|p1a: Iron Treads|81/100|[from] item: Leftovers
|upkeep
|turn|3
|c|☆WeR#4Hay!|tried to catch you on a Flip Turn
|c|☆WeR#4Hay!|it hasn't been worth it
|c|☆WeR#4Hay!|lmfao
|
|t:|1758990508
|-end|p2a: Walking Wake|Protosynthesis|[silent]
|switch|p2a: Torkoal|Torkoal, M|100/100
|-weather|SunnyDay|[from] ability: Drought|[of] p2a: Torkoal
|-end|p1a: Iron Treads|Quark Drive|[silent]
|switch|p1a: Lycanroc|Lycanroc-Dusk, F|100/100
|
|-weather|SunnyDay|[upkeep]
|upkeep
|turn|4
|
|t:|1758990532
|switch|p2a: Venusaur|Venusaur, F|100/100
|move|p1a: Lycanroc|Stone Edge|p2a: Venusaur|[miss]
|-miss|p1a: Lycanroc|p2a: Venusaur
|
|-weather|SunnyDay|[upkeep]
|upkeep
|turn|5
|
|t:|1758990539
|switch|p1a: Okidogi|Okidogi, M|100/100
|move|p2a: Venusaur|Growth|p2a: Venusaur
|-boost|p2a: Venusaur|atk|2
|-boost|p2a: Venusaur|spa|2
|
|-weather|SunnyDay|[upkeep]
|upkeep
|turn|6
|
|t:|1758990549
|-terastallize|p1a: Okidogi|Water
|move|p2a: Venusaur|Weather Ball|p1a: Okidogi
|-resisted|p1a: Okidogi
|-damage|p1a: Okidogi|62/100
|-damage|p2a: Venusaur|91/100|[from] item: Life Orb
|move|p1a: Okidogi|Roar|p2a: Venusaur
|drag|p2a: Torkoal|Torkoal, M|100/100
|
|-weather|SunnyDay|[upkeep]
|upkeep
|turn|7
|
|t:|1758990560
|switch|p2a: Slither Wing|Slither Wing|100/100
|-activate|p2a: Slither Wing|ability: Protosynthesis
|-start|p2a: Slither Wing|protosynthesisatk
|move|p1a: Okidogi|Knock Off|p2a: Slither Wing
|-resisted|p2a: Slither Wing
|-damage|p2a: Slither Wing|82/100
|-status|p2a: Slither Wing|tox|[from] ability: Toxic Chain|[of] p1a: Okidogi
|-enditem|p2a: Slither Wing|Assault Vest|[from] move: Knock Off|[of] p1a: Okidogi
|
|-weather|SunnyDay|[upkeep]
|-damage|p2a: Slither Wing|76/100 tox|[from] psn
|upkeep
|turn|8
|
|t:|1758990566
|switch|p1a: Zapdos|Zapdos|40/100
|move|p2a: Slither Wing|U-turn|p1a: Zapdos
|-resisted|p1a: Zapdos
|-damage|p1a: Zapdos|22/100
|
|t:|1758990569
|-end|p2a: Slither Wing|Protosynthesis|[silent]
|switch|p2a: Walking Wake|Walking Wake|100/100|[from] U-turn
|-activate|p2a: Walking Wake|ability: Protosynthesis
|-start|p2a: Walking Wake|protosynthesisspe
|
|-weather|SunnyDay|[upkeep]
|upkeep
|turn|9
|
|t:|1758990573
|switch|p1a: Alomomola|Alomomola, M|100/100
|-terastallize|p2a: Walking Wake|Water
|move|p2a: Walking Wake|Hydro Steam|p1a: Alomomola
|-resisted|p1a: Alomomola
|-damage|p1a: Alomomola|48/100
|
|-weather|SunnyDay|[upkeep]
|upkeep
|turn|10
|
|t:|1758990580
|move|p1a: Alomomola|Protect|p1a: Alomomola
|-singleturn|p1a: Alomomola|Protect
|move|p2a: Walking Wake|Hydro Steam|p1a: Alomomola
|-activate|p1a: Alomomola|move: Protect
|
|-weather|none
|-end|p2a: Walking Wake|Protosynthesis
|upkeep
|turn|11
|
|t:|1758990584
|-end|p2a: Walking Wake|Protosynthesis|[silent]
|switch|p2a: Torkoal|Torkoal, M|100/100
|-weather|SunnyDay|[from] ability: Drought|[of] p2a: Torkoal
|move|p1a: Alomomola|Flip Turn|p2a: Torkoal
|-supereffective|p2a: Torkoal
|-damage|p2a: Torkoal|91/100
|
|t:|1758990586
|switch|p1a: Lycanroc|Lycanroc-Dusk, F|100/100|[from] Flip Turn
|
|-weather|SunnyDay|[upkeep]
|upkeep
|turn|12
|
|t:|1758990591
|switch|p2a: Slither Wing|Slither Wing|76/100 tox
|-activate|p2a: Slither Wing|ability: Protosynthesis
|-start|p2a: Slither Wing|protosynthesisatk
|move|p1a: Lycanroc|Stone Edge|p2a: Slither Wing|[miss]
|-miss|p1a: Lycanroc|p2a: Slither Wing
|
|-weather|SunnyDay|[upkeep]
|-damage|p2a: Slither Wing|69/100 tox|[from] psn
|upkeep
|turn|13
|
|t:|1758990602
|switch|p1a: Zapdos|Zapdos|22/100
|move|p2a: Slither Wing|U-turn|p1a: Zapdos
|-resisted|p1a: Zapdos
|-damage|p1a: Zapdos|4/100
|
|t:|1758990607
|-end|p2a: Slither Wing|Protosynthesis|[silent]
|switch|p2a: Walking Wake|Walking Wake, tera:Water|100/100|[from] U-turn
|-activate|p2a: Walking Wake|ability: Protosynthesis
|-start|p2a: Walking Wake|protosynthesisspe
|
|-weather|SunnyDay|[upkeep]
|upkeep
|turn|14
|
|t:|1758990625
|move|p2a: Walking Wake|Hydro Steam|p1a: Zapdos
|-damage|p1a: Zapdos|0 fnt
|faint|p1a: Zapdos
|
|-weather|SunnyDay|[upkeep]
|upkeep
|
|t:|1758990629
|switch|p1a: Alomomola|Alomomola, M|81/100
|turn|15
|
|t:|1758990637
|-end|p2a: Walking Wake|Protosynthesis|[silent]
|switch|p2a: Venusaur|Venusaur, F|91/100
|move|p1a: Alomomola|Wish|p1a: Alomomola
|
|-weather|SunnyDay|[upkeep]
|upkeep
|turn|16
|
|t:|1758990646
|move|p2a: Venusaur|Growth|p2a: Venusaur
|-boost|p2a: Venusaur|atk|2
|-boost|p2a: Venusaur|spa|2
|move|p1a: Alomomola|Flip Turn|p2a: Venusaur
|-resisted|p2a: Venusaur
|-damage|p2a: Venusaur|86/100
|-message|WeR#4Hay! forfeited.
|
|win|xt489
|raw|WeR#4Hay!'s rating: 1574 &rarr; <strong>1553</strong><br />(-21 for losing)
|raw|xt489's rating: 1548 &rarr; <strong>1569</strong><br />(+21 for winning)
|l|☆WeR#4Hay!
|player|p1|
|l|☆xt489
|player|p2|
