|j|☆Mimx2
|j|☆forestonmoon
|t:|1758963056
|gametype|singles
|player|p1|Mimx2|lucas|1199
|player|p2|forestonmoon|266|1203
|gen|9
|tier|[Gen 9] OU
|rated|
|rule|HP Percentage Mod: HP is shown in percentages
|rule|Endless Battle Clause: Forcing endless battles is banned
|rule|Species Clause: Limit one of each Pokémon
|rule|OHKO Clause: OHKO moves are banned
|rule|Evasion Items Clause: Evasion items are banned
|rule|Evasion Moves Clause: Evasion moves are banned
|rule|Evasion Abilities Clause: Evasion abilities are banned
|rule|Sleep Moves Clause: Sleep-inducing moves are banned
|clearpoke
|poke|p1|Greninja-*, M|
|poke|p1|Indeedee, M|
|poke|p1|Iron Crown|
|poke|p1|Primeape, M|
|poke|p1|Gholdengo|
|poke|p1|Weavile, M|
|poke|p2|Garganacl, F|
|poke|p2|Dragonite, M|
|poke|p2|Gliscor, F|
|poke|p2|Grimmsnarl, M|
|poke|p2|Blaziken, F|
|poke|p2|Great Tusk|
|teampreview
|
|t:|1758963065
|teamsize|p1|6
|teamsize|p2|6
|start
|switch|p1a: Greninja|Greninja, M|100/100
|switch|p2a: Grimmsnarl|Grimmsnarl, M|100/100
|turn|1
|
|t:|1758963073
|move|p2a: Grimmsnarl|Fake Out|p1a: Greninja
|-damage|p1a: Greninja|84/100
|cant|p1a: Greninja|flinch
|
|upkeep
|turn|2
|
|t:|1758963079
|move|p2a: Grimmsnarl|Light Screen|p2a: Grimmsnarl
|-sidestart|p2: forestonmoon|move: Light Screen
|move|p1a: Greninja|Surf|p2a: Grimmsnarl
|-damage|p2a: Grimmsnarl|81/100
|-damage|p1a: Greninja|74/100|[from] item: Life Orb
|
|upkeep
|turn|3
|
|t:|1758963086
|switch|p1a: Indeedee|Indeedee, M, shiny|100/100
|-fieldstart|move: Psychic Terrain|[from] ability: Psychic Surge|[of] p1a: Indeedee
|move|p2a: Grimmsnarl|Reflect|p2a: Grimmsnarl
|-sidestart|p2: forestonmoon|Reflect
|
|upkeep
|turn|4
|
|t:|1758963093
|move|p2a: Grimmsnarl|Parting Shot|p1a: Indeedee
|-activate|p1a: Indeedee|move: Psychic Terrain
|move|p1a: Indeedee|Calm Mind|p1a: Indeedee
|-boost|p1a: Indeedee|spa|1
|-boost|p1a: Indeedee|spd|1
|
|upkeep
|turn|5
|
|t:|1758963101
|switch|p2a: Great Tusk|Great Tusk|100/100
|-enditem|p2a: Great Tusk|Booster Energy
|-activate|p2a: Great Tusk|ability: Protosynthesis|[fromitem]
|-start|p2a: Great Tusk|protosynthesisdef
|move|p1a: Indeedee|Calm Mind|p1a: Indeedee
|-boost|p1a: Indeedee|spa|1
|-boost|p1a: Indeedee|spd|1
|
|upkeep
|turn|6
|
|t:|1758963108
|move|p1a: Indeedee|Stored Power|p2a: Great Tusk
|-supereffective|p2a: Great Tusk
|-damage|p2a: Great Tusk|0 fnt
|faint|p2a: Great Tusk
|-end|p2a: Great Tusk|Protosynthesis|[silent]
|
|upkeep
|
|t:|1758963123
|switch|p2a: Blaziken|Blaziken, F|100/100
|turn|7
|
|t:|1758963128
|move|p2a: Blaziken|Detect|p2a: Blaziken
|-singleturn|p2a: Blaziken|Protect
|move|p1a: Indeedee|Stored Power|p2a: Blaziken
|-activate|p2a: Blaziken|move: Protect
|
|-ability|p2a: Blaziken|Speed Boost|boost
|-boost|p2a: Blaziken|spe|1
|upkeep
|turn|8
|
|t:|1758963140
|-terastallize|p2a: Blaziken|Fire
|move|p2a: Blaziken|Flare Blitz|p1a: Indeedee
|-damage|p1a: Indeedee|0 fnt
|faint|p1a: Indeedee
|-damage|p2a: Blaziken|72/100|[from] Recoil
|-damage|p2a: Blaziken|62/100|[from] item: Life Orb
|
|-ability|p2a: Blaziken|Speed Boost|boost
|-boost|p2a: Blaziken|spe|1
|upkeep
|
|t:|1758963167
|switch|p1a: Greninja|Greninja, M|74/100
|turn|9
|
|t:|1758963184
|switch|p2a: Garganacl|Garganacl, F|100/100
|move|p1a: Greninja|Surf|p2a: Garganacl
|-supereffective|p2a: Garganacl
|-damage|p2a: Garganacl|54/100
|-damage|p1a: Greninja|64/100|[from] item: Life Orb
|
|-heal|p2a: Garganacl|60/100|[from] item: Leftovers
|-sideend|p2: forestonmoon|move: Light Screen
|upkeep
|turn|10
|
|t:|1758963197
|move|p1a: Greninja|Grass Knot|p2a: Garganacl
|-supereffective|p2a: Garganacl
|-damage|p2a: Garganacl|0 fnt
|faint|p2a: Garganacl
|-ability|p1a: Greninja|Battle Bond|boost
|-boost|p1a: Greninja|atk|1
|-boost|p1a: Greninja|spa|1
|-boost|p1a: Greninja|spe|1
|-activate|p1a: Greninja|ability: Battle Bond
|-damage|p1a: Greninja|55/100|[from] item: Life Orb
|
|-sideend|p2: forestonmoon|Reflect
|-fieldend|move: Psychic Terrain
|upkeep
|
|t:|1758963213
|switch|p2a: Dragonite|Dragonite, M|100/100
|turn|11
|
|t:|1758963216
|move|p2a: Dragonite|Extreme Speed|p1a: Greninja
|-damage|p1a: Greninja|4/100
|move|p1a: Greninja|Ice Beam|p2a: Dragonite
|-supereffective|p2a: Dragonite
|-damage|p2a: Dragonite|13/100
|-damage|p1a: Greninja|0 fnt|[from] item: Life Orb
|faint|p1a: Greninja
|
|-heal|p2a: Dragonite|19/100|[from] item: Leftovers
|upkeep
|
|t:|1758963221
|switch|p1a: Weavile|Weavile, M, shiny|100/100
|-ability|p1a: Weavile|Pressure
|turn|12
|
|t:|1758963228
|move|p2a: Dragonite|Extreme Speed|p1a: Weavile
|-damage|p1a: Weavile|51/100
|move|p1a: Weavile|Ice Shard|p2a: Dragonite
|-supereffective|p2a: Dragonite
|-damage|p2a: Dragonite|0 fnt
|faint|p2a: Dragonite
|
|upkeep
|
|t:|1758963240
|switch|p2a: Blaziken|Blaziken, F, tera:Fire|62/100
|turn|13
|
|t:|1758963245
|move|p2a: Blaziken|Detect|p2a: Blaziken
|-singleturn|p2a: Blaziken|Protect
|move|p1a: Weavile|Knock Off|p2a: Blaziken
|-activate|p2a: Blaziken|move: Protect
|
|-ability|p2a: Blaziken|Speed Boost|boost
|-boost|p2a: Blaziken|spe|1
|upkeep
|turn|14
|
|t:|1758963255
|move|p1a: Weavile|Ice Shard|p2a: Blaziken
|-resisted|p2a: Blaziken
|-damage|p2a: Blaziken|46/100
|move|p2a: Blaziken|Close Combat|p1a: Weavile
|-supereffective|p1a: Weavile
|-damage|p1a: Weavile|0 fnt
|-unboost|p2a: Blaziken|def|1
|-unboost|p2a: Blaziken|spd|1
|faint|p1a: Weavile
|-damage|p2a: Blaziken|36/100|[from] item: Life Orb
|
|-ability|p2a: Blaziken|Speed Boost|boost
|-boost|p2a: Blaziken|spe|1
|upkeep
|
|t:|1758963260
|switch|p1a: Primeape|Primeape, M, shiny|100/100
|turn|15
|
|t:|1758963268
|move|p2a: Blaziken|Close Combat|p1a: Primeape
|-damage|p1a: Primeape|8/100
|-unboost|p2a: Blaziken|def|1
|-unboost|p2a: Blaziken|spd|1
|-damage|p2a: Blaziken|26/100|[from] item: Life Orb
|move|p1a: Primeape|Rage Fist|p2a: Blaziken
|-damage|p2a: Blaziken|0 fnt
|faint|p2a: Blaziken
|
|upkeep
|
|t:|1758963282
|switch|p2a: Grimmsnarl|Grimmsnarl, M|81/100
|turn|16
|
|t:|1758963286
|switch|p1a: Gholdengo|Gholdengo, shiny|100/100
|move|p2a: Grimmsnarl|Fake Out|p1a: Gholdengo
|-immune|p1a: Gholdengo
|
|upkeep
|turn|17
|
|t:|1758963298
|move|p2a: Grimmsnarl|Light Screen|p2a: Grimmsnarl
|-sidestart|p2: forestonmoon|move: Light Screen
|move|p1a: Gholdengo|Make It Rain|p2a: Grimmsnarl
|-supereffective|p2a: Grimmsnarl
|-damage|p2a: Grimmsnarl|11/100
|-unboost|p1a: Gholdengo|spa|1
|
|upkeep
|turn|18
|
|t:|1758963304
|move|p2a: Grimmsnarl|Parting Shot|p1a: Gholdengo
|-immune|p1a: Gholdengo|[from] ability: Good as Gold
|move|p1a: Gholdengo|Make It Rain|p2a: Grimmsnarl
|-supereffective|p2a: Grimmsnarl
|-damage|p2a: Grimmsnarl|0 fnt
|-unboost|p1a: Gholdengo|spa|1
|faint|p2a: Grimmsnarl
|
|upkeep
|
|t:|1758963313
|switch|p2a: Gliscor|Gliscor, F|100/100
|turn|19
|
|t:|1758963316
|switch|p1a: Iron Crown|Iron Crown|100/100
|-enditem|p1a: Iron Crown|Booster Energy
|-activate|p1a: Iron Crown|ability: Quark Drive|[fromitem]
|-start|p1a: Iron Crown|quarkdrivespa
|move|p2a: Gliscor|Toxic|p1a: Iron Crown|[miss]
|-miss|p2a: Gliscor|p1a: Iron Crown
|
|-status|p2a: Gliscor|tox|[from] item: Toxic Orb
|upkeep
|turn|20
|-message|forestonmoon forfeited.
|
|win|Mimx2
|raw|Mimx2's rating: 1199 &rarr; <strong>1224</strong><br />(+25 for winning)
|raw|forestonmoon's rating: 1203 &rarr; <strong>1178</strong><br />(-25 for losing)
|l|☆forestonmoon
|player|p2|
|l|☆Mimx2
|player|p1|
