|j|☆Just Icicle
|j|‽Ausar489
|t:|1758926109
|gametype|singles
|player|p1|Just Icicle|wattson|1598
|player|p2|Ausar489|unknown|1667
|gen|9
|tier|[Gen 9] OU
|rated|
|rule|HP Percentage Mod: HP is shown in percentages
|rule|Endless Battle Clause: Forcing endless battles is banned
|rule|Species Clause: Limit one of each Pokémon
|rule|OHKO Clause: OHKO moves are banned
|rule|Evasion Items Clause: Evasion items are banned
|rule|Evasion Moves Clause: Evasion moves are banned
|rule|Evasion Abilities Clause: Evasion abilities are banned
|rule|Sleep Moves Clause: Sleep-inducing moves are banned
|clearpoke
|poke|p1|Gliscor, M|
|poke|p1|Slowking-Galar, F|
|poke|p1|Garchomp, F|
|poke|p1|Weavile, F|
|poke|p1|Zamazenta-*|
|poke|p1|Rotom-Wash|
|poke|p2|Ceruledge, M|
|poke|p2|Torkoal, F|
|poke|p2|Great Tusk|
|poke|p2|Walking Wake|
|poke|p2|Venusaur, F|
|poke|p2|Hatterene, F|
|teampreview
|
|t:|1758926115
|teamsize|p1|6
|teamsize|p2|6
|start
|switch|p1a: Garchomp|Garchomp, F|100/100
|switch|p2a: Great Tusk|Great Tusk|100/100
|turn|1
|
|t:|1758926121
|switch|p1a: Rotom|Rotom-Wash, shiny|100/100
|-end|p2a: Great Tusk|Protosynthesis|[silent]
|switch|p2a: Hatterene|Hatterene, F|100/100
|
|upkeep
|turn|2
|
|t:|1758926126
|move|p1a: Rotom|Volt Switch|p2a: Hatterene
|-damage|p2a: Hatterene|76/100
|-enditem|p2a: Hatterene|Eject Button
|inactive|Battle timer is ON: inactive players will automatically lose when time's up. (requested by Just Icicle)
|
|t:|1758926133
|switch|p2a: Torkoal|Torkoal, F|100/100
|-weather|SunnyDay|[from] ability: Drought|[of] p2a: Torkoal
|
|-weather|SunnyDay|[upkeep]
|upkeep
|turn|3
|c|☆Just Icicle|hf
|
|t:|1758926141
|switch|p2a: Great Tusk|Great Tusk|100/100
|-activate|p2a: Great Tusk|ability: Protosynthesis
|-start|p2a: Great Tusk|protosynthesisatk
|move|p1a: Rotom|Volt Switch|p2a: Great Tusk
|-immune|p2a: Great Tusk
|
|-weather|SunnyDay|[upkeep]
|upkeep
|turn|4
|
|t:|1758926148
|-end|p2a: Great Tusk|Protosynthesis|[silent]
|switch|p2a: Venusaur|Venusaur, F|100/100
|move|p1a: Rotom|Will-O-Wisp|p2a: Venusaur
|-status|p2a: Venusaur|brn
|
|-weather|SunnyDay|[upkeep]
|-damage|p2a: Venusaur|95/100 brn|[from] brn
|upkeep
|turn|5
|
|t:|1758926157
|move|p2a: Venusaur|Giga Drain|p1a: Rotom
|-supereffective|p1a: Rotom
|-damage|p1a: Rotom|7/100
|-heal|p2a: Venusaur|100/100 brn|[from] drain|[of] p1a: Rotom
|-damage|p2a: Venusaur|91/100 brn|[from] item: Life Orb
|move|p1a: Rotom|Volt Switch|p2a: Venusaur
|-resisted|p2a: Venusaur
|-damage|p2a: Venusaur|77/100 brn
|
|t:|1758926168
|switch|p1a: Slowking|Slowking-Galar, F|100/100|[from] Volt Switch
|
|-weather|SunnyDay|[upkeep]
|-damage|p2a: Venusaur|71/100 brn|[from] brn
|upkeep
|turn|6
|
|t:|1758926176
|switch|p2a: Ceruledge|Ceruledge, M, shiny|100/100
|move|p1a: Slowking|Ice Beam|p2a: Ceruledge
|-resisted|p2a: Ceruledge
|-damage|p2a: Ceruledge|88/100
|
|-weather|SunnyDay|[upkeep]
|upkeep
|turn|7
|
|t:|1758926182
|switch|p1a: Rotom|Rotom-Wash, shiny|7/100
|move|p2a: Ceruledge|Bitter Blade|p1a: Rotom
|-resisted|p1a: Rotom
|-damage|p1a: Rotom|0 fnt
|-heal|p2a: Ceruledge|92/100|[from] drain|[of] p1a: Rotom
|faint|p1a: Rotom
|
|-weather|SunnyDay|[upkeep]
|upkeep
|
|t:|1758926184
|switch|p1a: Garchomp|Garchomp, F|100/100
|turn|8
|
|t:|1758926188
|switch|p2a: Hatterene|Hatterene, F|76/100
|move|p1a: Garchomp|Stealth Rock|p2a: Hatterene
|move|p2a: Hatterene|Stealth Rock|p1a: Garchomp|[from] ability: Magic Bounce
|-sidestart|p1: Just Icicle|move: Stealth Rock
|
|-weather|SunnyDay|[upkeep]
|upkeep
|turn|9
|
|t:|1758926210
|switch|p1a: Slowking|Slowking-Galar, F|100/100
|move|p2a: Hatterene|Draining Kiss|p1a: Slowking
|-resisted|p1a: Slowking
|-damage|p1a: Slowking|94/100
|-heal|p2a: Hatterene|82/100|[from] drain|[of] p1a: Slowking
|
|-weather|none
|upkeep
|turn|10
|
|t:|1758926220
|move|p2a: Hatterene|Nuzzle|p1a: Slowking
|-damage|p1a: Slowking|90/100
|-status|p1a: Slowking|par
|move|p1a: Slowking|Sludge Bomb|p2a: Hatterene
|-supereffective|p2a: Hatterene
|-damage|p2a: Hatterene|6/100
|
|upkeep
|turn|11
|
|t:|1758926230
|move|p2a: Hatterene|Healing Wish|p2a: Hatterene
|faint|p2a: Hatterene
|-prepare|p1a: Slowking|Chilly Reception|[premajor]
|move|p1a: Slowking|Chilly Reception|p1a: Slowking
|-weather|Snowscape
|
|t:|1758926234
|switch|p1a: Gliscor|Gliscor, M|100/100|[from] Chilly Reception
|-damage|p1a: Gliscor|88/100|[from] Stealth Rock
|
|-weather|Snowscape|[upkeep]
|-status|p1a: Gliscor|tox|[from] item: Toxic Orb
|upkeep
|
|t:|1758926244
|switch|p2a: Great Tusk|Great Tusk|100/100
|turn|12
|
|t:|1758926253
|switch|p1a: Weavile|Weavile, F|100/100
|-ability|p1a: Weavile|Pressure
|move|p2a: Great Tusk|Ice Spinner|p1a: Weavile
|-resisted|p1a: Weavile
|-damage|p1a: Weavile|82/100
|
|-weather|Snowscape|[upkeep]
|upkeep
|turn|13
|
|t:|1758926257
|move|p1a: Weavile|Knock Off|p2a: Great Tusk
|-resisted|p2a: Great Tusk
|-damage|p2a: Great Tusk|84/100
|-enditem|p2a: Great Tusk|Assault Vest|[from] move: Knock Off|[of] p1a: Weavile
|move|p2a: Great Tusk|Temper Flare|p1a: Weavile
|-supereffective|p1a: Weavile
|-damage|p1a: Weavile|20/100
|
|-weather|Snowscape|[upkeep]
|upkeep
|turn|14
|
|t:|1758926269
|move|p1a: Weavile|Triple Axel|p2a: Great Tusk
|-supereffective|p2a: Great Tusk
|-damage|p2a: Great Tusk|68/100
|-supereffective|p2a: Great Tusk
|-damage|p2a: Great Tusk|38/100
|-supereffective|p2a: Great Tusk
|-damage|p2a: Great Tusk|0 fnt
|faint|p2a: Great Tusk
|-end|p2a: Great Tusk|Protosynthesis|[silent]
|-hitcount|p2: Great Tusk|3
|
|-weather|Snowscape|[upkeep]
|upkeep
|
|t:|1758926271
|switch|p2a: Torkoal|Torkoal, F|100/100
|-weather|SunnyDay|[from] ability: Drought|[of] p2a: Torkoal
|turn|15
|
|t:|1758926287
|switch|p2a: Walking Wake|Walking Wake|100/100
|-activate|p2a: Walking Wake|ability: Protosynthesis
|-start|p2a: Walking Wake|protosynthesisspe
|move|p1a: Weavile|Knock Off|p2a: Walking Wake
|-damage|p2a: Walking Wake|53/100
|-enditem|p2a: Walking Wake|Choice Specs|[from] move: Knock Off|[of] p1a: Weavile
|
|-weather|SunnyDay|[upkeep]
|upkeep
|turn|16
|j| Nikator98
|inactive|Just Icicle has 120 seconds left.
|
|t:|1758926320
|-terastallize|p2a: Walking Wake|Water
|move|p1a: Weavile|Ice Shard|p2a: Walking Wake
|-resisted|p2a: Walking Wake
|-damage|p2a: Walking Wake|41/100
|move|p2a: Walking Wake|Hydro Steam|p1a: Weavile
|-damage|p1a: Weavile|0 fnt
|faint|p1a: Weavile
|
|-weather|SunnyDay|[upkeep]
|upkeep
|l| Nikator98
|inactive|Just Icicle has 120 seconds left.
|
|t:|1758926335
|switch|p1a: Slowking|Slowking-Galar, F|100/100 par
|turn|17
|
|t:|1758926337
|move|p2a: Walking Wake|Hydro Steam|p1a: Slowking
|-damage|p1a: Slowking|54/100 par
|-prepare|p1a: Slowking|Chilly Reception|[premajor]
|move|p1a: Slowking|Chilly Reception|p1a: Slowking
|-weather|Snowscape
|-end|p2a: Walking Wake|Protosynthesis
|
|t:|1758926344
|switch|p1a: Zamazenta|Zamazenta|100/100|[from] Chilly Reception
|-ability|p1a: Zamazenta|Dauntless Shield|boost
|-boost|p1a: Zamazenta|def|1
|
|-weather|Snowscape|[upkeep]
|upkeep
|turn|18
|
|t:|1758926348
|switch|p1a: Slowking|Slowking-Galar, F|88/100 par
|-end|p2a: Walking Wake|Protosynthesis|[silent]
|switch|p2a: Torkoal|Torkoal, F|100/100
|-weather|SunnyDay|[from] ability: Drought|[of] p2a: Torkoal
|
|-weather|SunnyDay|[upkeep]
|upkeep
|turn|19
|
|t:|1758926351
|move|p2a: Torkoal|Overheat|p1a: Slowking
|-damage|p1a: Slowking|40/100 par
|-unboost|p2a: Torkoal|spa|2
|-prepare|p1a: Slowking|Chilly Reception|[premajor]
|move|p1a: Slowking|Chilly Reception|p1a: Slowking
|-weather|Snowscape
|
|t:|1758926354
|switch|p1a: Gliscor|Gliscor, M|88/100 tox|[from] Chilly Reception
|-damage|p1a: Gliscor|75/100 tox|[from] Stealth Rock
|
|-weather|Snowscape|[upkeep]
|-heal|p1a: Gliscor|88/100 tox|[from] ability: Poison Heal
|upkeep
|turn|20
|
|t:|1758926358
|switch|p2a: Venusaur|Venusaur, F|71/100 brn
|-heal|p2a: Venusaur|100/100|[from] move: Healing Wish
|move|p1a: Gliscor|Swords Dance|p1a: Gliscor
|-boost|p1a: Gliscor|atk|2
|
|-weather|Snowscape|[upkeep]
|-heal|p1a: Gliscor|100/100 tox|[from] ability: Poison Heal
|upkeep
|turn|21
|j| blueberrymilkshake
|
|t:|1758926365
|switch|p2a: Torkoal|Torkoal, F|100/100
|-weather|SunnyDay|[from] ability: Drought|[of] p2a: Torkoal
|-terastallize|p1a: Gliscor|Normal
|move|p1a: Gliscor|Facade|p2a: Torkoal
|-damage|p2a: Torkoal|8/100
|
|-weather|SunnyDay|[upkeep]
|upkeep
|turn|22
|
|t:|1758926370
|switch|p2a: Ceruledge|Ceruledge, M, shiny|92/100
|move|p1a: Gliscor|Earthquake|p2a: Ceruledge
|-supereffective|p2a: Ceruledge
|-damage|p2a: Ceruledge|0 fnt
|faint|p2a: Ceruledge
|
|-weather|SunnyDay|[upkeep]
|upkeep
|
|t:|1758926375
|switch|p2a: Walking Wake|Walking Wake, tera:Water|41/100
|-activate|p2a: Walking Wake|ability: Protosynthesis
|-start|p2a: Walking Wake|protosynthesisspe
|turn|23
|
|t:|1758926379
|move|p1a: Gliscor|Protect|p1a: Gliscor
|-singleturn|p1a: Gliscor|Protect
|move|p2a: Walking Wake|Hydro Steam|p1a: Gliscor
|-activate|p1a: Gliscor|move: Protect
|
|-weather|SunnyDay|[upkeep]
|upkeep
|turn|24
|inactive|Just Icicle has 120 seconds left.
|
|t:|1758926433
|move|p2a: Walking Wake|Hydro Steam|p1a: Gliscor
|-damage|p1a: Gliscor|11/100 tox
|move|p1a: Gliscor|Facade|p2a: Walking Wake
|-damage|p2a: Walking Wake|0 fnt
|faint|p2a: Walking Wake
|-end|p2a: Walking Wake|Protosynthesis|[silent]
|
|-weather|SunnyDay|[upkeep]
|-heal|p1a: Gliscor|24/100 tox|[from] ability: Poison Heal
|upkeep
|
|t:|1758926437
|switch|p2a: Venusaur|Venusaur, F|100/100
|turn|25
|j| IWasBornFaat
|
|t:|1758926443
|move|p2a: Venusaur|Weather Ball|p1a: Gliscor
|-damage|p1a: Gliscor|0 fnt
|faint|p1a: Gliscor
|-damage|p2a: Venusaur|91/100|[from] item: Life Orb
|
|-weather|SunnyDay|[upkeep]
|upkeep
|
|t:|1758926445
|switch|p1a: Slowking|Slowking-Galar, F|74/100 par
|turn|26
|
|t:|1758926448
|move|p2a: Venusaur|Growth|p2a: Venusaur
|-boost|p2a: Venusaur|atk|2
|-boost|p2a: Venusaur|spa|2
|-prepare|p1a: Slowking|Chilly Reception|[premajor]
|move|p1a: Slowking|Chilly Reception|p1a: Slowking
|-weather|Snowscape
|inactive|Just Icicle has 120 seconds left.
|inactive|Just Icicle has 90 seconds left.
|
|t:|1758926513
|switch|p1a: Zamazenta|Zamazenta|100/100|[from] Chilly Reception
|
|-weather|Snowscape|[upkeep]
|upkeep
|turn|27
|
|t:|1758926519
|move|p2a: Venusaur|Giga Drain|p1a: Zamazenta
|-damage|p1a: Zamazenta|22/100
|-heal|p2a: Venusaur|100/100|[from] drain|[of] p1a: Zamazenta
|-damage|p2a: Venusaur|91/100|[from] item: Life Orb
|move|p1a: Zamazenta|Roar|p2a: Venusaur
|drag|p2a: Torkoal|Torkoal, F|8/100
|-weather|SunnyDay|[from] ability: Drought|[of] p2a: Torkoal
|
|-weather|SunnyDay|[upkeep]
|upkeep
|turn|28
|
|t:|1758926536
|move|p1a: Zamazenta|Close Combat|p2a: Torkoal
|-damage|p2a: Torkoal|0 fnt
|-unboost|p1a: Zamazenta|def|1
|-unboost|p1a: Zamazenta|spd|1
|faint|p2a: Torkoal
|
|-weather|SunnyDay|[upkeep]
|upkeep
|
|t:|1758926539
|switch|p2a: Venusaur|Venusaur, F|91/100
|turn|29
|
|t:|1758926543
|move|p2a: Venusaur|Growth|p2a: Venusaur
|-boost|p2a: Venusaur|atk|2
|-boost|p2a: Venusaur|spa|2
|move|p1a: Zamazenta|Close Combat|p2a: Venusaur
|-resisted|p2a: Venusaur
|-damage|p2a: Venusaur|50/100
|-unboost|p1a: Zamazenta|def|1
|-unboost|p1a: Zamazenta|spd|1
|
|-weather|SunnyDay|[upkeep]
|upkeep
|turn|30
|j| crowv2
|
|t:|1758926556
|move|p2a: Venusaur|Growth|p2a: Venusaur
|-boost|p2a: Venusaur|atk|2
|-boost|p2a: Venusaur|spa|2
|move|p1a: Zamazenta|Stone Edge|p2a: Venusaur
|-damage|p2a: Venusaur|10/100
|
|-weather|SunnyDay|[upkeep]
|upkeep
|turn|31
|
|t:|1758926573
|switch|p1a: Slowking|Slowking-Galar, F|100/100 par
|move|p2a: Venusaur|Giga Drain|p1a: Slowking
|-resisted|p1a: Slowking
|-damage|p1a: Slowking|65/100 par
|-heal|p2a: Venusaur|33/100|[from] drain|[of] p1a: Slowking
|-damage|p2a: Venusaur|23/100|[from] item: Life Orb
|
|-weather|SunnyDay|[upkeep]
|upkeep
|turn|32
|
|t:|1758926580
|switch|p1a: Zamazenta|Zamazenta|22/100
|move|p2a: Venusaur|Weather Ball|p1a: Zamazenta
|-damage|p1a: Zamazenta|0 fnt
|faint|p1a: Zamazenta
|-damage|p2a: Venusaur|13/100|[from] item: Life Orb
|
|-weather|SunnyDay|[upkeep]
|upkeep
|
|t:|1758926584
|switch|p1a: Slowking|Slowking-Galar, F|98/100 par
|turn|33
|inactive|Just Icicle has 90 seconds left.
|
|t:|1758926617
|move|p2a: Venusaur|Weather Ball|p1a: Slowking
|-damage|p1a: Slowking|3/100 par
|-damage|p2a: Venusaur|3/100|[from] item: Life Orb
|move|p1a: Slowking|Ice Beam|p2a: Venusaur
|-supereffective|p2a: Venusaur
|-damage|p2a: Venusaur|0 fnt
|faint|p2a: Venusaur
|
|win|Just Icicle
|raw|Just Icicle's rating: 1598 &rarr; <strong>1622</strong><br />(+24 for winning)
|raw|Ausar489's rating: 1667 &rarr; <strong>1643</strong><br />(-24 for losing)
|c|☆Just Icicle|gg
|l| crowv2
|l|‽Ausar489
|player|p2|
