|j|☆wmq21
|j|☆Charle_phate
|t:|1758945603
|gametype|singles
|player|p1|wmq21|101|1390
|player|p2|Charle_phate|blue|1458
|gen|9
|tier|[Gen 9] OU
|rated|
|rule|HP Percentage Mod: HP is shown in percentages
|rule|Endless Battle Clause: Forcing endless battles is banned
|rule|Species Clause: Limit one of each Pokémon
|rule|OHKO Clause: OHKO moves are banned
|rule|Evasion Items Clause: Evasion items are banned
|rule|Evasion Moves Clause: Evasion moves are banned
|rule|Evasion Abilities Clause: Evasion abilities are banned
|rule|Sleep Moves Clause: Sleep-inducing moves are banned
|clearpoke
|poke|p1|Samurott-Hisui, M|
|poke|p1|Great Tusk|
|poke|p1|Volcanion|
|poke|p1|Hydrapple, F|
|poke|p1|Gholdengo|
|poke|p1|Landorus-Therian, M|
|poke|p2|Serperior, M|
|poke|p2|Rotom-Wash|
|poke|p2|Zapdos|
|poke|p2|Heatran, M|
|poke|p2|Clefable, F|
|poke|p2|Landorus-Therian, M|
|teampreview
|
|t:|1758945624
|teamsize|p1|6
|teamsize|p2|6
|start
|switch|p1a: The Fickle Heart|Hydrapple, F|100/100
|switch|p2a: Rotom|Rotom-Wash|100/100
|turn|1
|inactive|Battle timer is ON: inactive players will automatically lose when time's up. (requested by wmq21)
|
|t:|1758945647
|move|p2a: Rotom|Thunder Wave|p1a: The Fickle Heart
|-status|p1a: The Fickle Heart|par
|move|p1a: The Fickle Heart|Giga Drain|p2a: Rotom
|-supereffective|p2a: Rotom
|-damage|p2a: Rotom|45/100
|
|-heal|p2a: Rotom|51/100|[from] item: Leftovers
|upkeep
|turn|2
|
|t:|1758945653
|switch|p2a: Zapdos|Zapdos|100/100
|move|p1a: The Fickle Heart|Earth Power|p2a: Zapdos
|-immune|p2a: Zapdos
|
|upkeep
|turn|3
|
|t:|1758945664
|switch|p1a: Heart of Ghold|Gholdengo|100/100
|-item|p1a: Heart of Ghold|Air Balloon
|move|p2a: Zapdos|Ancient Power|p1a: Heart of Ghold
|-resisted|p1a: Heart of Ghold
|-damage|p1a: Heart of Ghold|93/100
|-enditem|p1a: Heart of Ghold|Air Balloon
|
|upkeep
|turn|4
|
|t:|1758945669
|move|p2a: Zapdos|Heat Wave|p1a: Heart of Ghold
|-supereffective|p1a: Heart of Ghold
|-damage|p1a: Heart of Ghold|34/100
|move|p1a: Heart of Ghold|Shadow Ball|p2a: Zapdos
|-damage|p2a: Zapdos|58/100
|
|-heal|p2a: Zapdos|64/100|[from] item: Leftovers
|upkeep
|turn|5
|
|t:|1758945680
|switch|p1a: Great Mustache|Landorus-Therian, M|100/100
|-ability|p1a: Great Mustache|Intimidate|boost
|-unboost|p2a: Zapdos|atk|1
|move|p2a: Zapdos|Heat Wave|p1a: Great Mustache
|-damage|p1a: Great Mustache|63/100
|
|-heal|p2a: Zapdos|71/100|[from] item: Leftovers
|upkeep
|turn|6
|
|t:|1758945684
|move|p1a: Great Mustache|Stone Edge|p2a: Zapdos
|-supereffective|p2a: Zapdos
|-damage|p2a: Zapdos|0 fnt
|faint|p2a: Zapdos
|
|upkeep
|
|t:|1758945702
|switch|p2a: Landorus|Landorus-Therian, M|100/100
|-ability|p2a: Landorus|Intimidate|boost
|-unboost|p1a: Great Mustache|atk|1
|turn|7
|
|t:|1758945708
|switch|p1a: King Tusk|Great Tusk|100/100
|move|p2a: Landorus|Swords Dance|p2a: Landorus
|-boost|p2a: Landorus|atk|2
|
|upkeep
|turn|8
|
|t:|1758945722
|switch|p2a: Heatran|Heatran, M|100/100
|move|p1a: King Tusk|Ice Spinner|p2a: Heatran
|-resisted|p2a: Heatran
|-damage|p2a: Heatran|95/100
|
|-heal|p2a: Heatran|100/100|[from] item: Leftovers
|upkeep
|turn|9
|
|t:|1758945728
|switch|p2a: Landorus|Landorus-Therian, M|100/100
|-ability|p2a: Landorus|Intimidate|boost
|-unboost|p1a: King Tusk|atk|1
|move|p1a: King Tusk|Headlong Rush|p2a: Landorus
|-immune|p2a: Landorus
|
|upkeep
|turn|10
|
|t:|1758945730
|switch|p2a: Heatran|Heatran, M|100/100
|move|p1a: King Tusk|Stealth Rock|p2a: Heatran
|-sidestart|p2: Charle_phate|move: Stealth Rock
|
|upkeep
|turn|11
|
|t:|1758945738
|-end|p1a: King Tusk|Protosynthesis|[silent]
|switch|p1a: Erupting Star|Volcanion|100/100
|switch|p2a: Landorus|Landorus-Therian, M|100/100
|-damage|p2a: Landorus|88/100|[from] Stealth Rock
|-ability|p2a: Landorus|Intimidate|boost
|-unboost|p1a: Erupting Star|atk|1
|
|-heal|p2a: Landorus|94/100|[from] item: Leftovers
|upkeep
|turn|12
|
|t:|1758945760
|switch|p1a: Great Mustache|Landorus-Therian, M|63/100
|-ability|p1a: Great Mustache|Intimidate|boost
|-unboost|p2a: Landorus|atk|1
|move|p2a: Landorus|Earthquake|p1a: Great Mustache
|-immune|p1a: Great Mustache
|
|-heal|p2a: Landorus|100/100|[from] item: Leftovers
|upkeep
|turn|13
|
|t:|1758945780
|move|p1a: Great Mustache|U-turn|p2a: Landorus
|-resisted|p2a: Landorus
|-damage|p2a: Landorus|85/100
|
|t:|1758945782
|switch|p1a: The Fickle Heart|Hydrapple, F|100/100 par|[from] U-turn
|move|p2a: Landorus|Stealth Rock|p1a: The Fickle Heart
|-sidestart|p1: wmq21|move: Stealth Rock
|
|-heal|p2a: Landorus|91/100|[from] item: Leftovers
|upkeep
|turn|14
|
|t:|1758945806
|switch|p2a: Heatran|Heatran, M|100/100
|-damage|p2a: Heatran|88/100|[from] Stealth Rock
|move|p1a: The Fickle Heart|Fickle Beam|p2a: Heatran
|-resisted|p2a: Heatran
|-damage|p2a: Heatran|77/100
|
|-heal|p2a: Heatran|83/100|[from] item: Leftovers
|upkeep
|turn|15
|inactive|wmq21 has 120 seconds left.
|inactive|wmq21 has 90 seconds left.
|
|t:|1758945880
|move|p2a: Heatran|Substitute|p2a: Heatran
|-start|p2a: Heatran|Substitute
|-damage|p2a: Heatran|59/100
|move|p1a: The Fickle Heart|Earth Power|p2a: Heatran
|-supereffective|p2a: Heatran
|-end|p2a: Heatran|Substitute
|
|-heal|p2a: Heatran|65/100|[from] item: Leftovers
|upkeep
|turn|16
|
|t:|1758945891
|move|p2a: Heatran|Substitute|p2a: Heatran
|-start|p2a: Heatran|Substitute
|-damage|p2a: Heatran|40/100
|cant|p1a: The Fickle Heart|par
|
|-heal|p2a: Heatran|46/100|[from] item: Leftovers
|upkeep
|turn|17
|l|☆Charle_phate
|inactive|Charle_phate disconnected and has a minute to reconnect!
|player|p2|
|j|☆Charle_phate
|inactive|Charle_phate reconnected and has 130 seconds left.
|player|p2|Charle_phate|blue|
|inactive|Charle_phate has 120 seconds left.
|
|t:|1758945927
|switch|p1a: Erupting Star|Volcanion|100/100
|move|p2a: Heatran|Ancient Power|p1a: Erupting Star
|-supereffective|p1a: Erupting Star
|-damage|p1a: Erupting Star|65/100
|-boost|p2a: Heatran|atk|1
|-boost|p2a: Heatran|def|1
|-boost|p2a: Heatran|spa|1
|-boost|p2a: Heatran|spd|1
|-boost|p2a: Heatran|spe|1
|
|-heal|p2a: Heatran|52/100|[from] item: Leftovers
|upkeep
|turn|18
|inactive|wmq21 has 90 seconds left.
|
|t:|1758945934
|move|p2a: Heatran|Earth Power|p1a: Erupting Star
|-supereffective|p1a: Erupting Star
|-damage|p1a: Erupting Star|0 fnt
|faint|p1a: Erupting Star
|
|-heal|p2a: Heatran|59/100|[from] item: Leftovers
|upkeep
|inactive|wmq21 has 90 seconds left.
|
|t:|1758945941
|switch|p1a: Great Mustache|Landorus-Therian, M|63/100
|-damage|p1a: Great Mustache|51/100|[from] Stealth Rock
|-ability|p1a: Great Mustache|Intimidate|boost
|-immune|p2a: Heatran
|turn|19
|
|t:|1758945951
|move|p1a: Great Mustache|Earthquake|p2a: Heatran
|-supereffective|p2a: Heatran
|-end|p2a: Heatran|Substitute
|move|p2a: Heatran|Ancient Power|p1a: Great Mustache
|-crit|p1a: Great Mustache
|-damage|p1a: Great Mustache|0 fnt
|faint|p1a: Great Mustache
|
|-heal|p2a: Heatran|65/100|[from] item: Leftovers
|upkeep
|
|t:|1758945958
|switch|p1a: King Tusk|Great Tusk|100/100
|turn|20
|
|t:|1758945966
|-terastallize|p2a: Heatran|Flying
|move|p1a: King Tusk|Headlong Rush|p2a: Heatran
|-immune|p2a: Heatran
|move|p2a: Heatran|Substitute|p2a: Heatran
|-start|p2a: Heatran|Substitute
|-damage|p2a: Heatran|40/100
|
|-heal|p2a: Heatran|46/100|[from] item: Leftovers
|upkeep
|turn|21
|
|t:|1758945978
|move|p1a: King Tusk|Ice Spinner|p2a: Heatran
|-supereffective|p2a: Heatran
|-end|p2a: Heatran|Substitute
|move|p2a: Heatran|Lava Plume|p1a: King Tusk
|-damage|p1a: King Tusk|23/100
|
|-heal|p2a: Heatran|52/100|[from] item: Leftovers
|upkeep
|turn|22
|
|t:|1758945996
|move|p1a: King Tusk|Ice Spinner|p2a: Heatran
|-supereffective|p2a: Heatran
|-damage|p2a: Heatran|20/100
|move|p2a: Heatran|Ancient Power|p1a: King Tusk
|-resisted|p1a: King Tusk
|-damage|p1a: King Tusk|13/100
|
|-heal|p2a: Heatran|26/100|[from] item: Leftovers
|upkeep
|turn|23
|
|t:|1758946006
|move|p1a: King Tusk|Ice Spinner|p2a: Heatran
|-supereffective|p2a: Heatran
|-damage|p2a: Heatran|0 fnt
|-status|p1a: King Tusk|brn|[from] ability: Flame Body|[of] p2a: Heatran
|faint|p2a: Heatran
|
|-damage|p1a: King Tusk|6/100 brn|[from] brn
|upkeep
|
|t:|1758946021
|switch|p2a: Serperior|Serperior, M|100/100
|-damage|p2a: Serperior|88/100|[from] Stealth Rock
|turn|24
|
|t:|1758946027
|move|p2a: Serperior|Leaf Storm|p1a: King Tusk
|-supereffective|p1a: King Tusk
|-damage|p1a: King Tusk|0 fnt
|-boost|p2a: Serperior|spa|2
|faint|p1a: King Tusk
|-end|p1a: King Tusk|Protosynthesis|[silent]
|
|-heal|p2a: Serperior|94/100|[from] item: Leftovers
|upkeep
|-message|wmq21 forfeited.
|
|win|Charle_phate
|raw|wmq21's rating: 1390 &rarr; <strong>1373</strong><br />(-17 for losing)
|raw|Charle_phate's rating: 1442 &rarr; <strong>1459</strong><br />(+17 for winning)
|l|☆wmq21
|player|p1|
|l|☆Charle_phate
|player|p2|
