|j|☆STIFAW
|j|☆QuEeNSheeba
|t:|1759027509
|gametype|singles
|player|p1|STIFAW|scientist-gen4dp|1040
|player|p2|QuEeNSheeba|1|1061
|gen|9
|tier|[Gen 9] OU
|rated|
|rule|HP Percentage Mod: HP is shown in percentages
|rule|Endless Battle Clause: Forcing endless battles is banned
|rule|Species Clause: Limit one of each Pokémon
|rule|OHKO Clause: OHKO moves are banned
|rule|Evasion Items Clause: Evasion items are banned
|rule|Evasion Moves Clause: Evasion moves are banned
|rule|Evasion Abilities Clause: Evasion abilities are banned
|rule|Sleep Moves Clause: Sleep-inducing moves are banned
|clearpoke
|poke|p1|Lokix, M|
|poke|p1|Skarmory, F|
|poke|p1|Sinistcha|
|poke|p1|Greninja-*, F|
|poke|p1|Excadrill, F|
|poke|p1|Tornadus-Therian, M|
|poke|p2|Hatterene, F|
|poke|p2|Glaceon, M|
|poke|p2|Ninetales-Alola, M|
|poke|p2|Mismagius, M|
|poke|p2|Froslass, F|
|poke|p2|Slowking-Galar, F|
|teampreview
|
|t:|1759027515
|teamsize|p1|6
|teamsize|p2|6
|start
|switch|p1a: Excadrill|Excadrill, F|100/100
|switch|p2a: Froslass|Froslass, F, shiny|100/100
|-ability|p1a: Excadrill|Mold Breaker
|turn|1
|inactive|Battle timer is ON: inactive players will automatically lose when time's up. (requested by STIFAW)
|
|t:|1759027526
|move|p2a: Froslass|Trailblaze|p1a: Excadrill
|-damage|p1a: Excadrill|83/100
|-boost|p2a: Froslass|spe|1
|move|p1a: Excadrill|Stealth Rock|p2a: Froslass
|-sidestart|p2: QuEeNSheeba|move: Stealth Rock
|
|upkeep
|turn|2
|
|t:|1759027533
|move|p2a: Froslass|Will-O-Wisp|p1a: Excadrill
|-status|p1a: Excadrill|brn
|move|p1a: Excadrill|Iron Head|p2a: Froslass
|-supereffective|p2a: Froslass
|-damage|p2a: Froslass|31/100
|-start|p1a: Excadrill|Disable|Iron Head|[from] ability: Cursed Body|[of] p2a: Froslass
|
|-damage|p1a: Excadrill|77/100 brn|[from] brn
|upkeep
|turn|3
|
|t:|1759027543
|move|p2a: Froslass|Destiny Bond|p2a: Froslass
|-singlemove|p2a: Froslass|Destiny Bond
|move|p1a: Excadrill|Earthquake|p2a: Froslass
|-crit|p2a: Froslass
|-damage|p2a: Froslass|0 fnt
|faint|p2a: Froslass
|-activate|p2a: Froslass|move: Destiny Bond
|faint|p1a: Excadrill
|
|upkeep
|
|t:|1759027553
|switch|p2a: Slowking|Slowking-Galar, F, shiny|100/100
|switch|p1a: Tornadus|Tornadus-Therian, M|100/100
|turn|4
|
|t:|1759027563
|move|p1a: Tornadus|Nasty Plot|p1a: Tornadus
|-boost|p1a: Tornadus|spa|2
|move|p2a: Slowking|Future Sight|p1a: Tornadus
|-start|p2a: Slowking|move: Future Sight
|
|upkeep
|turn|5
|
|t:|1759027570
|-terastallize|p1a: Tornadus|Ground
|move|p1a: Tornadus|Tera Blast|p2a: Slowking|[anim] Tera Blast Ground
|-supereffective|p2a: Slowking
|-damage|p2a: Slowking|0 fnt
|faint|p2a: Slowking
|-damage|p1a: Tornadus|90/100|[from] item: Life Orb
|
|upkeep
|
|t:|1759027576
|switch|p2a: Mismagius|Mismagius, M|100/100
|-damage|p2a: Mismagius|88/100|[from] Stealth Rock
|turn|6
|
|t:|1759027582
|move|p1a: Tornadus|Bleakwind Storm|p2a: Mismagius
|-damage|p2a: Mismagius|0 fnt
|faint|p2a: Mismagius
|-damage|p1a: Tornadus|80/100|[from] item: Life Orb
|
|-end|p1a: Tornadus|move: Future Sight
|-damage|p1a: Tornadus|26/100
|upkeep
|
|t:|1759027588
|switch|p2a: Ninetales|Ninetales-Alola, M, shiny|100/100
|-damage|p2a: Ninetales|76/100|[from] Stealth Rock
|-weather|Snowscape|[from] ability: Snow Warning|[of] p2a: Ninetales
|turn|7
|
|t:|1759027596
|move|p1a: Tornadus|Bleakwind Storm|p2a: Ninetales|[miss]
|-miss|p1a: Tornadus|p2a: Ninetales
|move|p2a: Ninetales|Freeze-Dry|p1a: Tornadus
|-supereffective|p1a: Tornadus
|-crit|p1a: Tornadus
|-damage|p1a: Tornadus|0 fnt
|faint|p1a: Tornadus
|
|-weather|Snowscape|[upkeep]
|upkeep
|
|t:|1759027606
|switch|p1a: Greninja|Greninja, F|100/100
|turn|8
|
|t:|1759027627
|move|p1a: Greninja|Surf|p2a: Ninetales
|-start|p1a: Greninja|typechange|Water|[from] ability: Protean
|-damage|p2a: Ninetales|15/100
|move|p2a: Ninetales|Aurora Veil|p2a: Ninetales
|-sidestart|p2: QuEeNSheeba|move: Aurora Veil
|
|-weather|Snowscape|[upkeep]
|upkeep
|turn|9
|
|t:|1759027636
|move|p1a: Greninja|Surf|p2a: Ninetales
|-damage|p2a: Ninetales|0 fnt
|faint|p2a: Ninetales
|
|-weather|Snowscape|[upkeep]
|upkeep
|inactive|QuEeNSheeba has 120 seconds left.
|
|t:|1759027663
|switch|p2a: Hatterene|Hatterene, F, shiny|100/100
|-damage|p2a: Hatterene|88/100|[from] Stealth Rock
|turn|10
|
|t:|1759027669
|switch|p1a: Sinistcha|Sinistcha|100/100
|move|p2a: Hatterene|Trick Room|p2a: Hatterene
|-fieldstart|move: Trick Room|[of] p2a: Hatterene
|
|-weather|Snowscape|[upkeep]
|-heal|p2a: Hatterene|94/100|[from] item: Leftovers
|upkeep
|turn|11
|inactive|QuEeNSheeba has 120 seconds left.
|
|t:|1759027687
|-terastallize|p2a: Hatterene|Fire
|move|p2a: Hatterene|Calm Mind|p2a: Hatterene
|-boost|p2a: Hatterene|spa|1
|-boost|p2a: Hatterene|spd|1
|move|p1a: Sinistcha|Calm Mind|p1a: Sinistcha
|-boost|p1a: Sinistcha|spa|1
|-boost|p1a: Sinistcha|spd|1
|
|-weather|none
|-heal|p2a: Hatterene|99/100|[from] item: Leftovers
|upkeep
|turn|12
|
|t:|1759027704
|move|p2a: Hatterene|Psychic|p1a: Sinistcha
|-damage|p1a: Sinistcha|42/100
|move|p1a: Sinistcha|Calm Mind|p1a: Sinistcha
|-boost|p1a: Sinistcha|spa|1
|-boost|p1a: Sinistcha|spd|1
|
|-heal|p2a: Hatterene|100/100|[from] item: Leftovers
|upkeep
|turn|13
|
|t:|1759027717
|move|p2a: Hatterene|Psychic|p1a: Sinistcha
|-damage|p1a: Sinistcha|0 fnt
|faint|p1a: Sinistcha
|
|upkeep
|
|t:|1759027723
|switch|p1a: Greninja|Greninja, F|100/100
|turn|14
|
|t:|1759027728
|switch|p1a: Skarmory|Skarmory, F|100/100
|move|p2a: Hatterene|Draining Kiss|p1a: Skarmory
|-resisted|p1a: Skarmory
|-damage|p1a: Skarmory|71/100
|-damage|p2a: Hatterene|84/100|[from] item: Rocky Helmet|[of] p1a: Skarmory
|
|-heal|p2a: Hatterene|90/100|[from] item: Leftovers
|-fieldend|move: Trick Room
|upkeep
|turn|15
|
|t:|1759027739
|move|p1a: Skarmory|Body Press|p2a: Hatterene
|-damage|p2a: Hatterene|69/100
|move|p2a: Hatterene|Trick Room|p2a: Hatterene
|-fieldstart|move: Trick Room|[of] p2a: Hatterene
|
|-heal|p2a: Hatterene|75/100|[from] item: Leftovers
|-sideend|p2: QuEeNSheeba|move: Aurora Veil
|upkeep
|turn|16
|
|t:|1759027750
|move|p2a: Hatterene|Calm Mind|p2a: Hatterene
|-boost|p2a: Hatterene|spa|1
|-boost|p2a: Hatterene|spd|1
|move|p1a: Skarmory|Body Press|p2a: Hatterene
|-damage|p2a: Hatterene|36/100
|
|-heal|p2a: Hatterene|42/100|[from] item: Leftovers
|upkeep
|turn|17
|
|t:|1759027758
|move|p2a: Hatterene|Draining Kiss|p1a: Skarmory
|-resisted|p1a: Skarmory
|-damage|p1a: Skarmory|30/100
|-heal|p2a: Hatterene|82/100|[from] drain|[of] p1a: Skarmory
|-damage|p2a: Hatterene|65/100|[from] item: Rocky Helmet|[of] p1a: Skarmory
|move|p1a: Skarmory|Body Press|p2a: Hatterene
|-damage|p2a: Hatterene|26/100
|
|-heal|p2a: Hatterene|32/100|[from] item: Leftovers
|upkeep
|turn|18
|
|t:|1759027769
|move|p2a: Hatterene|Psychic|p1a: Skarmory
|-resisted|p1a: Skarmory
|-damage|p1a: Skarmory|0 fnt
|faint|p1a: Skarmory
|
|-heal|p2a: Hatterene|38/100|[from] item: Leftovers
|upkeep
|
|t:|1759027777
|switch|p1a: Lokix|Lokix, M|100/100
|turn|19
|
|t:|1759027780
|move|p1a: Lokix|First Impression|p2a: Hatterene
|-resisted|p2a: Hatterene
|-damage|p2a: Hatterene|0 fnt
|faint|p2a: Hatterene
|
|-fieldend|move: Trick Room
|upkeep
|
|t:|1759027783
|switch|p2a: Glaceon|Glaceon, M, shiny|100/100
|turn|20
|
|t:|1759027790
|switch|p1a: Greninja|Greninja, F|100/100
|move|p2a: Glaceon|Wish|p2a: Glaceon
|
|upkeep
|turn|21
|
|t:|1759027798
|move|p1a: Greninja|Surf|p2a: Glaceon
|-start|p1a: Greninja|typechange|Water|[from] ability: Protean
|-damage|p2a: Glaceon|21/100
|move|p2a: Glaceon|Calm Mind|p2a: Glaceon
|-boost|p2a: Glaceon|spa|1
|-boost|p2a: Glaceon|spd|1
|
|-heal|p2a: Glaceon|71/100|[from] move: Wish|[wisher] Glaceon
|upkeep
|turn|22
|
|t:|1759027810
|move|p1a: Greninja|Surf|p2a: Glaceon
|-damage|p2a: Glaceon|23/100
|move|p2a: Glaceon|Wish|p2a: Glaceon
|
|upkeep
|turn|23
|
|t:|1759027817
|move|p1a: Greninja|Surf|p2a: Glaceon
|-damage|p2a: Glaceon|0 fnt
|faint|p2a: Glaceon
|
|win|STIFAW
|raw|STIFAW's rating: 1040 &rarr; <strong>1076</strong><br />(+36 for winning)
|raw|QuEeNSheeba's rating: 1061 &rarr; <strong>1041</strong><br />(-20 for losing)
|l|☆QuEeNSheeba
|player|p2|
