|j|☆v1n001
|j|☆Yelo_Galaxy
|t:|1758960856
|gametype|singles
|player|p1|v1n001|2|1692
|player|p2|Yelo_Galaxy|1|1623
|gen|9
|tier|[Gen 9] OU
|rated|
|rule|HP Percentage Mod: HP is shown in percentages
|rule|Endless Battle Clause: Forcing endless battles is banned
|rule|Species Clause: Limit one of each Pokémon
|rule|OHKO Clause: OHKO moves are banned
|rule|Evasion Items Clause: Evasion items are banned
|rule|Evasion Moves Clause: Evasion moves are banned
|rule|Evasion Abilities Clause: Evasion abilities are banned
|rule|Sleep Moves Clause: Sleep-inducing moves are banned
|clearpoke
|poke|p1|Rillaboom, F|
|poke|p1|Hawlucha, F|
|poke|p1|Gholdengo|
|poke|p1|Heatran, F|
|poke|p1|Glimmora, F|
|poke|p1|Ogerpon-Wellspring, F|
|poke|p2|Torkoal, F|
|poke|p2|Hatterene, F|
|poke|p2|Raging Bolt|
|poke|p2|Slither Wing|
|poke|p2|Venusaur, F|
|poke|p2|Walking Wake|
|teampreview
|inactive|Battle timer is ON: inactive players will automatically lose when time's up. (requested by v1n001)
|
|t:|1758960870
|teamsize|p1|6
|teamsize|p2|6
|start
|switch|p1a: Glimmora|Glimmora, F, shiny|100/100
|switch|p2a: Walking Wake|Walking Wake|100/100
|turn|1
|
|t:|1758960874
|switch|p1a: Heatran|Heatran, F, shiny|100/100
|move|p2a: Walking Wake|Draco Meteor|p1a: Heatran
|-resisted|p1a: Heatran
|-damage|p1a: Heatran|77/100
|-unboost|p2a: Walking Wake|spa|2
|
|-heal|p1a: Heatran|84/100|[from] item: Leftovers
|upkeep
|turn|2
|
|t:|1758960877
|move|p2a: Walking Wake|Flip Turn|p1a: Heatran
|-supereffective|p1a: Heatran
|-damage|p1a: Heatran|57/100
|
|t:|1758960881
|-end|p2a: Walking Wake|Protosynthesis|[silent]
|switch|p2a: Torkoal|Torkoal, F|100/100|[from] Flip Turn
|-weather|SunnyDay|[from] ability: Drought|[of] p2a: Torkoal
|move|p1a: Heatran|Magma Storm|p2a: Torkoal
|-resisted|p2a: Torkoal
|-damage|p2a: Torkoal|59/100
|-activate|p2a: Torkoal|move: Magma Storm|[of] p1a: Heatran
|
|-weather|SunnyDay|[upkeep]
|-heal|p1a: Heatran|63/100|[from] item: Leftovers
|-damage|p2a: Torkoal|47/100|[from] move: Magma Storm|[partiallytrapped]
|upkeep
|turn|3
|
|t:|1758960885
|move|p1a: Heatran|Taunt|p2a: Torkoal
|-start|p2a: Torkoal|move: Taunt
|move|p2a: Torkoal|Earthquake|p1a: Heatran
|-supereffective|p1a: Heatran
|-damage|p1a: Heatran|0 fnt
|faint|p1a: Heatran
|
|-weather|SunnyDay|[upkeep]
|-end|p2a: Torkoal|Magma Storm|[partiallytrapped]|[silent]
|upkeep
|
|t:|1758960890
|switch|p1a: Ogerpon|Ogerpon-Wellspring, F|100/100
|turn|4
|
|t:|1758960892
|switch|p2a: Slither Wing|Slither Wing|100/100
|-activate|p2a: Slither Wing|ability: Protosynthesis
|-start|p2a: Slither Wing|protosynthesisatk
|move|p1a: Ogerpon|Ivy Cudgel|p2a: Slither Wing|[anim] Ivy Cudgel Water
|-damage|p2a: Slither Wing|59/100
|
|-weather|SunnyDay|[upkeep]
|upkeep
|turn|5
|
|t:|1758960896
|switch|p1a: Glimmora|Glimmora, F, shiny|100/100
|move|p2a: Slither Wing|U-turn|p1a: Glimmora
|-resisted|p1a: Glimmora
|-damage|p1a: Glimmora|65/100
|-activate|p1a: Glimmora|ability: Toxic Debris
|-sidestart|p2: Yelo_Galaxy|move: Toxic Spikes
|
|t:|1758960897
|-end|p2a: Slither Wing|Protosynthesis|[silent]
|switch|p2a: Walking Wake|Walking Wake|100/100|[from] U-turn
|-status|p2a: Walking Wake|psn
|-activate|p2a: Walking Wake|ability: Protosynthesis
|-start|p2a: Walking Wake|protosynthesisspe
|
|-weather|SunnyDay|[upkeep]
|-damage|p2a: Walking Wake|88/100 psn|[from] psn
|upkeep
|turn|6
|
|t:|1758960903
|switch|p1a: Ogerpon|Ogerpon-Wellspring, F|100/100
|move|p2a: Walking Wake|Draco Meteor|p1a: Ogerpon
|-damage|p1a: Ogerpon|22/100
|-unboost|p2a: Walking Wake|spa|2
|
|-weather|SunnyDay|[upkeep]
|-damage|p2a: Walking Wake|76/100 psn|[from] psn
|upkeep
|turn|7
|
|t:|1758960916
|move|p2a: Walking Wake|Weather Ball|p1a: Ogerpon
|-damage|p1a: Ogerpon|0 fnt
|faint|p1a: Ogerpon
|
|-weather|SunnyDay|[upkeep]
|-damage|p2a: Walking Wake|64/100 psn|[from] psn
|upkeep
|
|t:|1758960918
|switch|p1a: Rillaboom|Rillaboom, F, shiny|100/100
|-fieldstart|move: Grassy Terrain|[from] ability: Grassy Surge|[of] p1a: Rillaboom
|turn|8
|
|t:|1758960931
|-end|p2a: Walking Wake|Protosynthesis|[silent]
|switch|p2a: Hatterene|Hatterene, F|100/100
|-item|p2a: Hatterene|Air Balloon
|move|p1a: Rillaboom|Swords Dance|p1a: Rillaboom
|-boost|p1a: Rillaboom|atk|2
|
|-weather|SunnyDay|[upkeep]
|upkeep
|turn|9
|
|t:|1758960943
|move|p1a: Rillaboom|Knock Off|p2a: Hatterene
|-damage|p2a: Hatterene|20/100
|-enditem|p2a: Hatterene|Air Balloon
|-damage|p1a: Rillaboom|91/100|[from] item: Life Orb
|move|p2a: Hatterene|Psychic Noise|p1a: Rillaboom
|-damage|p1a: Rillaboom|46/100
|-start|p1a: Rillaboom|move: Heal Block
|
|-weather|none
|-heal|p2a: Hatterene|26/100|[from] Grassy Terrain
|upkeep
|turn|10
|j| LaNoisette
|
|t:|1758960949
|move|p1a: Rillaboom|Knock Off|p2a: Hatterene
|-damage|p2a: Hatterene|0 fnt
|faint|p2a: Hatterene
|-damage|p1a: Rillaboom|36/100|[from] item: Life Orb
|
|-end|p1a: Rillaboom|move: Heal Block
|upkeep
|
|t:|1758960950
|switch|p2a: Slither Wing|Slither Wing|59/100
|-status|p2a: Slither Wing|psn
|turn|11
|
|t:|1758960953
|switch|p1a: Glimmora|Glimmora, F, shiny|65/100
|move|p2a: Slither Wing|First Impression|p1a: Glimmora
|-resisted|p1a: Glimmora
|-damage|p1a: Glimmora|31/100
|-activate|p1a: Glimmora|ability: Toxic Debris
|-sidestart|p2: Yelo_Galaxy|move: Toxic Spikes
|
|-heal|p1a: Glimmora|37/100|[from] Grassy Terrain
|-heal|p2a: Slither Wing|65/100 psn|[from] Grassy Terrain
|-damage|p2a: Slither Wing|53/100 psn|[from] psn
|upkeep
|turn|12
|
|t:|1758960959
|move|p1a: Glimmora|Dazzling Gleam|p2a: Slither Wing
|-supereffective|p2a: Slither Wing
|-damage|p2a: Slither Wing|17/100 psn
|move|p2a: Slither Wing|Earthquake|p1a: Glimmora
|-supereffective|p1a: Glimmora
|-damage|p1a: Glimmora|0 fnt
|faint|p1a: Glimmora
|
|-heal|p2a: Slither Wing|23/100 psn|[from] Grassy Terrain
|-damage|p2a: Slither Wing|10/100 psn|[from] psn
|-fieldend|move: Grassy Terrain
|upkeep
|
|t:|1758960963
|switch|p1a: Rillaboom|Rillaboom, F, shiny|36/100
|-fieldstart|move: Grassy Terrain|[from] ability: Grassy Surge|[of] p1a: Rillaboom
|turn|13
|
|t:|1758960968
|-end|p2a: Slither Wing|Protosynthesis|[silent]
|switch|p2a: Venusaur|Venusaur, F|100/100
|-sideend|p2: Yelo_Galaxy|move: Toxic Spikes|[of] p2a: Venusaur
|move|p1a: Rillaboom|Grassy Glide|p2a: Venusaur
|-resisted|p2a: Venusaur
|-damage|p2a: Venusaur|85/100
|-damage|p1a: Rillaboom|26/100|[from] item: Life Orb
|
|-heal|p2a: Venusaur|91/100|[from] Grassy Terrain
|-heal|p1a: Rillaboom|32/100|[from] Grassy Terrain
|upkeep
|turn|14
|
|t:|1758960972
|switch|p2a: Torkoal|Torkoal, F|47/100
|-weather|SunnyDay|[from] ability: Drought|[of] p2a: Torkoal
|switch|p1a: Hawlucha|Hawlucha, F, shiny|100/100
|-enditem|p1a: Hawlucha|Grassy Seed
|-boost|p1a: Hawlucha|def|1|[from] item: Grassy Seed
|
|-weather|SunnyDay|[upkeep]
|-heal|p2a: Torkoal|53/100|[from] Grassy Terrain
|upkeep
|turn|15
|
|t:|1758960977
|move|p1a: Hawlucha|Swords Dance|p1a: Hawlucha
|-boost|p1a: Hawlucha|atk|2
|move|p2a: Torkoal|Overheat|p1a: Hawlucha
|-damage|p1a: Hawlucha|0 fnt
|-unboost|p2a: Torkoal|spa|2
|faint|p1a: Hawlucha
|
|-weather|SunnyDay|[upkeep]
|-heal|p2a: Torkoal|59/100|[from] Grassy Terrain
|upkeep
|
|t:|1758960979
|switch|p1a: Gholdengo|Gholdengo|100/100
|-enditem|p1a: Gholdengo|Grassy Seed
|-boost|p1a: Gholdengo|def|1|[from] item: Grassy Seed
|turn|16
|
|t:|1758960983
|switch|p2a: Slither Wing|Slither Wing|10/100 psn
|-activate|p2a: Slither Wing|ability: Protosynthesis
|-start|p2a: Slither Wing|protosynthesisatk
|move|p1a: Gholdengo|Nasty Plot|p1a: Gholdengo
|-boost|p1a: Gholdengo|spa|2
|
|-weather|SunnyDay|[upkeep]
|-heal|p2a: Slither Wing|17/100 psn|[from] Grassy Terrain
|-damage|p2a: Slither Wing|4/100 psn|[from] psn
|upkeep
|turn|17
|
|t:|1758960988
|move|p2a: Slither Wing|Temper Flare|p1a: Gholdengo
|-supereffective|p1a: Gholdengo
|-damage|p1a: Gholdengo|48/100
|move|p1a: Gholdengo|Recover|p1a: Gholdengo
|-heal|p1a: Gholdengo|98/100
|
|-weather|SunnyDay|[upkeep]
|-heal|p2a: Slither Wing|10/100 psn|[from] Grassy Terrain
|-heal|p1a: Gholdengo|100/100|[from] Grassy Terrain
|-damage|p2a: Slither Wing|0 fnt|[from] psn
|faint|p2a: Slither Wing
|-end|p2a: Slither Wing|Protosynthesis|[silent]
|-fieldend|move: Grassy Terrain
|upkeep
|
|t:|1758960993
|switch|p2a: Raging Bolt|Raging Bolt|100/100
|-activate|p2a: Raging Bolt|ability: Protosynthesis
|-start|p2a: Raging Bolt|protosynthesisspa
|turn|18
|
|t:|1758960998
|-terastallize|p1a: Gholdengo|Fairy
|move|p2a: Raging Bolt|Weather Ball|p1a: Gholdengo
|-damage|p1a: Gholdengo|10/100
|-damage|p2a: Raging Bolt|91/100|[from] item: Life Orb
|move|p1a: Gholdengo|Shadow Ball|p2a: Raging Bolt
|-damage|p2a: Raging Bolt|23/100
|
|-weather|SunnyDay|[upkeep]
|upkeep
|turn|19
|
|t:|1758961005
|move|p2a: Raging Bolt|Weather Ball|p1a: Gholdengo
|-damage|p1a: Gholdengo|0 fnt
|faint|p1a: Gholdengo
|-damage|p2a: Raging Bolt|13/100|[from] item: Life Orb
|
|-weather|SunnyDay|[upkeep]
|upkeep
|-message|v1n001 forfeited.
|
|win|Yelo_Galaxy
|raw|v1n001's rating: 1692 &rarr; <strong>1668</strong><br />(-24 for losing)
|raw|Yelo_Galaxy's rating: 1623 &rarr; <strong>1647</strong><br />(+24 for winning)
|c|☆Yelo_Galaxy|Gg
|l|☆v1n001
|player|p1|
|l|☆Yelo_Galaxy
|player|p2|
|l| LaNoisette
