|j|☆itacher
|j|☆IsraeliTrickRoom
|t:|1758923128
|gametype|singles
|player|p1|itacher|2|1191
|player|p2|IsraeliTrickRoom|pilot|1280
|gen|9
|tier|[Gen 9] OU
|rated|
|rule|HP Percentage Mod: HP is shown in percentages
|rule|Endless Battle Clause: Forcing endless battles is banned
|rule|Species Clause: Limit one of each Pokémon
|rule|OHKO Clause: OHKO moves are banned
|rule|Evasion Items Clause: Evasion items are banned
|rule|Evasion Moves Clause: Evasion moves are banned
|rule|Evasion Abilities Clause: Evasion abilities are banned
|rule|Sleep Moves Clause: Sleep-inducing moves are banned
|clearpoke
|poke|p1|Quaquaval, M|
|poke|p1|Weavile, M|
|poke|p1|Kingambit, F|
|poke|p1|Zamazenta-*|
|poke|p1|Raging Bolt|
|poke|p1|Glimmora, M|
|poke|p2|Indeedee, M|
|poke|p2|Hatterene, F|
|poke|p2|Ursaluna, F|
|poke|p2|Iron Hands|
|poke|p2|Hoopa-Unbound|
|poke|p2|Mimikyu, F|
|teampreview
|inactive|Battle timer is ON: inactive players will automatically lose when time's up. (requested by IsraeliTrickRoom)
|
|t:|1758923144
|teamsize|p1|6
|teamsize|p2|6
|start
|switch|p1a: Glimmora|Glimmora, M|100/100
|switch|p2a: Iron Hands|Iron Hands, shiny|100/100
|-enditem|p2a: Iron Hands|Booster Energy
|-activate|p2a: Iron Hands|ability: Quark Drive|[fromitem]
|-start|p2a: Iron Hands|quarkdriveatk
|turn|1
|j| TouchedByJoey
|
|t:|1758923155
|move|p1a: Glimmora|Earth Power|p2a: Iron Hands
|-supereffective|p2a: Iron Hands
|-damage|p2a: Iron Hands|53/100
|move|p2a: Iron Hands|Heavy Slam|p1a: Glimmora
|-supereffective|p1a: Glimmora
|-enditem|p1a: Glimmora|Focus Sash
|-damage|p1a: Glimmora|1/100
|-activate|p1a: Glimmora|ability: Toxic Debris
|-sidestart|p2: IsraeliTrickRoom|move: Toxic Spikes
|
|upkeep
|turn|2
|
|t:|1758923166
|move|p1a: Glimmora|Earth Power|p2a: Iron Hands
|-supereffective|p2a: Iron Hands
|-damage|p2a: Iron Hands|6/100
|move|p2a: Iron Hands|Ice Punch|p1a: Glimmora
|-damage|p1a: Glimmora|0 fnt
|-activate|p1a: Glimmora|ability: Toxic Debris
|-sidestart|p2: IsraeliTrickRoom|move: Toxic Spikes
|faint|p1a: Glimmora
|
|upkeep
|
|t:|1758923171
|switch|p1a: Quaquaval|Quaquaval, M|100/100
|turn|3
|c| TouchedByJoey|TWO LAYERS OF SPIKES ITS OVERRRR
|
|t:|1758923186
|-end|p2a: Iron Hands|Quark Drive|[silent]
|switch|p2a: Indeedee|Indeedee, M, shiny|100/100
|-status|p2a: Indeedee|tox
|-fieldstart|move: Psychic Terrain|[from] ability: Psychic Surge|[of] p2a: Indeedee
|move|p1a: Quaquaval|Aqua Step|p2a: Indeedee
|-crit|p2a: Indeedee
|-damage|p2a: Indeedee|22/100 tox
|-boost|p1a: Quaquaval|spe|1
|-damage|p1a: Quaquaval|91/100|[from] item: Life Orb
|
|-damage|p2a: Indeedee|15/100 tox|[from] psn
|upkeep
|turn|4
|c| TouchedByJoey|YOU CANT WIN ISRAEL
|
|t:|1758923195
|switch|p2a: Mimikyu|Mimikyu, F, shiny|100/100
|-status|p2a: Mimikyu|tox
|move|p1a: Quaquaval|Aqua Step|p2a: Mimikyu
|-activate|p2a: Mimikyu|ability: Disguise
|-damage|p2a: Mimikyu|100/100 tox
|-boost|p1a: Quaquaval|spe|1
|detailschange|p2a: Mimikyu|Mimikyu-Busted, F, shiny
|-damage|p2a: Mimikyu|88/100 tox|[from] pokemon: Mimikyu-Busted
|-enditem|p2a: Mimikyu|Red Card|[of] p1a: Quaquaval
|drag|p1a: Weavile|Weavile, M|100/100
|-ability|p1a: Weavile|Pressure
|
|-damage|p2a: Mimikyu|82/100 tox|[from] psn
|upkeep
|turn|5
|c|☆itacher|lol
|
|t:|1758923221
|move|p1a: Weavile|Knock Off|p2a: Mimikyu
|-damage|p2a: Mimikyu|39/100 tox
|move|p2a: Mimikyu|Trick Room|p2a: Mimikyu
|-fieldstart|move: Trick Room|[of] p2a: Mimikyu
|
|-damage|p2a: Mimikyu|27/100 tox|[from] psn
|upkeep
|turn|6
|
|t:|1758923228
|move|p2a: Mimikyu|Play Rough|p1a: Weavile
|-supereffective|p1a: Weavile
|-damage|p1a: Weavile|0 fnt
|faint|p1a: Weavile
|
|-damage|p2a: Mimikyu|9/100 tox|[from] psn
|upkeep
|
|t:|1758923230
|switch|p1a: Quaquaval|Quaquaval, M|91/100
|turn|7
|c| TouchedByJoey|DONT LET ISRAEL WIN PLEASE
|
|t:|1758923240
|switch|p1a: Kingambit|Kingambit, F|100/100
|-activate|p1a: Kingambit|ability: Supreme Overlord
|-start|p1a: Kingambit|fallen2|[silent]
|move|p2a: Mimikyu|Destiny Bond|p2a: Mimikyu
|-singlemove|p2a: Mimikyu|Destiny Bond
|
|-damage|p2a: Mimikyu|0 fnt|[from] psn
|faint|p2a: Mimikyu
|upkeep
|
|t:|1758923249
|switch|p2a: Ursaluna|Ursaluna, F, shiny|100/100
|-status|p2a: Ursaluna|tox
|turn|8
|c|☆itacher|FUCK ISRAHEL
|
|t:|1758923270
|-end|p1a: Kingambit|fallen2|[silent]
|switch|p1a: Zamazenta|Zamazenta|100/100
|-ability|p1a: Zamazenta|Dauntless Shield|boost
|-boost|p1a: Zamazenta|def|1
|move|p2a: Ursaluna|Headlong Rush|p1a: Zamazenta
|-damage|p1a: Zamazenta|44/100
|-unboost|p2a: Ursaluna|def|1
|-unboost|p2a: Ursaluna|spd|1
|
|-damage|p2a: Ursaluna|94/100 tox|[from] psn
|upkeep
|turn|9
|c| TouchedByJoey|LET THEM KNOW
|
|t:|1758923287
|switch|p2a: Hatterene|Hatterene, F, shiny|100/100
|-status|p2a: Hatterene|tox
|move|p1a: Zamazenta|Close Combat|p2a: Hatterene
|-resisted|p2a: Hatterene
|-damage|p2a: Hatterene|81/100 tox
|-unboost|p1a: Zamazenta|def|1
|-unboost|p1a: Zamazenta|spd|1
|
|-damage|p2a: Hatterene|75/100 tox|[from] psn
|-fieldend|move: Trick Room
|upkeep
|turn|10
|c|☆itacher|YEAHH
|
|t:|1758923303
|move|p1a: Zamazenta|Crunch|p2a: Hatterene
|-damage|p2a: Hatterene|42/100 tox
|move|p2a: Hatterene|Trick Room|p2a: Hatterene
|-fieldstart|move: Trick Room|[of] p2a: Hatterene
|
|-damage|p2a: Hatterene|30/100 tox|[from] psn
|-fieldend|move: Psychic Terrain
|upkeep
|turn|11
|
|t:|1758923318
|move|p2a: Hatterene|Expanding Force|p1a: Zamazenta
|-supereffective|p1a: Zamazenta
|-damage|p1a: Zamazenta|0 fnt
|faint|p1a: Zamazenta
|-damage|p2a: Hatterene|21/100 tox|[from] item: Life Orb
|
|-damage|p2a: Hatterene|3/100 tox|[from] psn
|upkeep
|
|t:|1758923323
|switch|p1a: Kingambit|Kingambit, F|100/100
|-activate|p1a: Kingambit|ability: Supreme Overlord
|-start|p1a: Kingambit|fallen3|[silent]
|turn|12
|
|t:|1758923339
|-terastallize|p2a: Hatterene|Stellar
|move|p2a: Hatterene|Mystical Fire|p1a: Kingambit
|-supereffective|p1a: Kingambit
|-crit|p1a: Kingambit
|-damage|p1a: Kingambit|0 fnt
|faint|p1a: Kingambit
|-end|p1a: Kingambit|fallen3|[silent]
|-damage|p2a: Hatterene|0 fnt|[from] item: Life Orb
|faint|p2a: Hatterene
|
|upkeep
|
|t:|1758923351
|switch|p2a: Indeedee|Indeedee, M, shiny|15/100 tox
|switch|p1a: Raging Bolt|Raging Bolt|100/100
|-fieldstart|move: Psychic Terrain|[from] ability: Psychic Surge|[of] p2a: Indeedee
|-enditem|p1a: Raging Bolt|Booster Energy
|-activate|p1a: Raging Bolt|ability: Protosynthesis|[fromitem]
|-start|p1a: Raging Bolt|protosynthesisspa
|turn|13
|c| TouchedByJoey|your israeli tricks wont work here
|
|t:|1758923366
|move|p1a: Raging Bolt|Tera Blast|p2a: Indeedee
|-damage|p2a: Indeedee|0 fnt
|faint|p2a: Indeedee
|
|upkeep
|
|t:|1758923372
|switch|p2a: Ursaluna|Ursaluna, F, shiny|94/100 tox
|turn|14
|
|t:|1758923381
|move|p2a: Ursaluna|Facade|p1a: Raging Bolt
|-damage|p1a: Raging Bolt|0 fnt
|faint|p1a: Raging Bolt
|-end|p1a: Raging Bolt|Protosynthesis|[silent]
|
|-damage|p2a: Ursaluna|88/100 tox|[from] psn
|-fieldend|move: Trick Room
|upkeep
|
|t:|1758923384
|switch|p1a: Quaquaval|Quaquaval, M|91/100
|turn|15
|
|t:|1758923390
|move|p1a: Quaquaval|Aqua Step|p2a: Ursaluna
|-supereffective|p2a: Ursaluna
|-crit|p2a: Ursaluna
|-damage|p2a: Ursaluna|0 fnt
|-boost|p1a: Quaquaval|spe|1
|faint|p2a: Ursaluna
|-ability|p1a: Quaquaval|Moxie|boost
|-boost|p1a: Quaquaval|atk|1
|-damage|p1a: Quaquaval|81/100|[from] item: Life Orb
|
|upkeep
|
|t:|1758923397
|switch|p2a: Hoopa|Hoopa-Unbound|100/100
|-status|p2a: Hoopa|tox
|-enditem|p2a: Hoopa|Psychic Seed
|-boost|p2a: Hoopa|spd|1|[from] item: Psychic Seed
|turn|16
|c|☆itacher|lol
|
|t:|1758923410
|move|p1a: Quaquaval|Close Combat|p2a: Hoopa
|-damage|p2a: Hoopa|0 fnt
|-unboost|p1a: Quaquaval|def|1
|-unboost|p1a: Quaquaval|spd|1
|faint|p2a: Hoopa
|-ability|p1a: Quaquaval|Moxie|boost
|-boost|p1a: Quaquaval|atk|1
|-damage|p1a: Quaquaval|71/100|[from] item: Life Orb
|
|upkeep
|-message|IsraeliTrickRoom forfeited.
|
|win|itacher
