|j|☆skr39
|j|☆monkeyhighbooster
|t:|1759007486
|gametype|singles
|player|p1|skr39|2|1370
|player|p2|monkeyhighbooster|cynthia-gen4|1339
|gen|9
|tier|[Gen 9] OU
|rated|
|rule|HP Percentage Mod: HP is shown in percentages
|rule|Endless Battle Clause: Forcing endless battles is banned
|rule|Species Clause: Limit one of each Pokémon
|rule|OHKO Clause: OHKO moves are banned
|rule|Evasion Items Clause: Evasion items are banned
|rule|Evasion Moves Clause: Evasion moves are banned
|rule|Evasion Abilities Clause: Evasion abilities are banned
|rule|Sleep Moves Clause: Sleep-inducing moves are banned
|clearpoke
|poke|p1|Garganacl, M|
|poke|p1|Corviknight, F|
|poke|p1|Blissey, F|
|poke|p1|Dondozo, F|
|poke|p1|Clodsire, M|
|poke|p1|Gliscor, M|
|poke|p2|Arboliva, M|
|poke|p2|Hawlucha, M|
|poke|p2|Swampert, M|
|poke|p2|Heatran, F|
|poke|p2|Zamazenta-*|
|poke|p2|Gholdengo|
|teampreview
|
|t:|1759007518
|teamsize|p1|6
|teamsize|p2|6
|start
|switch|p1a: I'M BATMAN|Gliscor, M|100/100
|switch|p2a: Gholdengo|Gholdengo|100/100
|-item|p2a: Gholdengo|Air Balloon
|turn|1
|
|t:|1759007526
|move|p1a: I'M BATMAN|Spikes|p2a: Gholdengo
|-sidestart|p2: monkeyhighbooster|Spikes
|move|p2a: Gholdengo|Make It Rain|p1a: I'M BATMAN
|-damage|p1a: I'M BATMAN|19/100
|-unboost|p2a: Gholdengo|spa|1
|
|-status|p1a: I'M BATMAN|tox|[from] item: Toxic Orb
|upkeep
|turn|2
|
|t:|1759007535
|switch|p2a: Swampert|Swampert, M, shiny|100/100
|-damage|p2a: Swampert|88/100|[from] Spikes
|move|p1a: I'M BATMAN|Knock Off|p2a: Swampert
|-damage|p2a: Swampert|70/100
|-enditem|p2a: Swampert|Custap Berry|[from] move: Knock Off|[of] p1a: I'M BATMAN
|
|-heal|p1a: I'M BATMAN|32/100 tox|[from] ability: Poison Heal
|upkeep
|turn|3
|
|t:|1759007545
|move|p1a: I'M BATMAN|Protect|p1a: I'M BATMAN
|-singleturn|p1a: I'M BATMAN|Protect
|move|p2a: Swampert|Stealth Rock|p1a: I'M BATMAN
|-sidestart|p1: skr39|move: Stealth Rock
|
|-heal|p1a: I'M BATMAN|44/100 tox|[from] ability: Poison Heal
|upkeep
|turn|4
|
|t:|1759007553
|move|p1a: I'M BATMAN|Spikes|p2a: Swampert
|-sidestart|p2: monkeyhighbooster|Spikes
|move|p2a: Swampert|Flip Turn|p1a: I'M BATMAN
|-supereffective|p1a: I'M BATMAN
|-damage|p1a: I'M BATMAN|15/100 tox
|
|t:|1759007560
|switch|p2a: Gholdengo|Gholdengo|100/100|[from] Flip Turn
|-item|p2a: Gholdengo|Air Balloon
|
|-heal|p1a: I'M BATMAN|27/100 tox|[from] ability: Poison Heal
|upkeep
|turn|5
|
|t:|1759007568
|move|p1a: I'M BATMAN|Knock Off|p2a: Gholdengo
|-supereffective|p2a: Gholdengo
|-damage|p2a: Gholdengo|59/100
|-enditem|p2a: Gholdengo|Air Balloon
|move|p2a: Gholdengo|Hex|p1a: I'M BATMAN
|-damage|p1a: I'M BATMAN|0 fnt
|faint|p1a: I'M BATMAN
|
|upkeep
|
|t:|1759007577
|switch|p1a: derpy|Clodsire, M|100/100
|turn|6
|
|t:|1759007594
|switch|p2a: Swampert|Swampert, M, shiny|70/100
|-damage|p2a: Swampert|53/100|[from] Spikes
|move|p1a: derpy|Stealth Rock|p2a: Swampert
|-sidestart|p2: monkeyhighbooster|move: Stealth Rock
|
|upkeep
|turn|7
|
|t:|1759007602
|move|p2a: Swampert|Flip Turn|p1a: derpy
|-supereffective|p1a: derpy
|-damage|p1a: derpy|50/100
|
|t:|1759007616
|switch|p2a: Heatran|Heatran, F|100/100|[from] Flip Turn
|-damage|p2a: Heatran|88/100|[from] Stealth Rock
|-item|p2a: Heatran|Air Balloon
|move|p1a: derpy|Toxic|p2a: Heatran
|-immune|p2a: Heatran
|
|upkeep
|turn|8
|
|t:|1759007624
|move|p2a: Heatran|Magma Storm|p1a: derpy
|-damage|p1a: derpy|19/100
|-activate|p1a: derpy|move: Magma Storm|[of] p2a: Heatran
|move|p1a: derpy|Recover|p1a: derpy
|-heal|p1a: derpy|69/100
|
|-damage|p1a: derpy|57/100|[from] move: Magma Storm|[partiallytrapped]
|upkeep
|turn|9
|
|t:|1759007634
|move|p2a: Heatran|Earth Power|p1a: derpy
|-supereffective|p1a: derpy
|-damage|p1a: derpy|18/100
|move|p1a: derpy|Recover|p1a: derpy
|-heal|p1a: derpy|69/100
|
|-damage|p1a: derpy|56/100|[from] move: Magma Storm|[partiallytrapped]
|upkeep
|turn|10
|
|t:|1759007642
|move|p2a: Heatran|Earth Power|p1a: derpy
|-supereffective|p1a: derpy
|-damage|p1a: derpy|18/100
|-unboost|p1a: derpy|spd|1
|move|p1a: derpy|Recover|p1a: derpy
|-heal|p1a: derpy|68/100
|
|-damage|p1a: derpy|56/100|[from] move: Magma Storm|[partiallytrapped]
|upkeep
|turn|11
|
|t:|1759007651
|move|p2a: Heatran|Earth Power|p1a: derpy
|-supereffective|p1a: derpy
|-damage|p1a: derpy|5/100
|move|p1a: derpy|Recover|p1a: derpy
|-heal|p1a: derpy|55/100
|
|-damage|p1a: derpy|43/100|[from] move: Magma Storm|[partiallytrapped]
|upkeep
|turn|12
|
|t:|1759007659
|move|p2a: Heatran|Earth Power|p1a: derpy
|-supereffective|p1a: derpy
|-damage|p1a: derpy|0 fnt
|faint|p1a: derpy
|
|upkeep
|
|t:|1759007667
|switch|p1a: don't hate me|Garganacl, M|100/100
|-damage|p1a: don't hate me|88/100|[from] Stealth Rock
|turn|13
|
|t:|1759007685
|move|p2a: Heatran|Flash Cannon|p1a: don't hate me
|-supereffective|p1a: don't hate me
|-damage|p1a: don't hate me|33/100
|move|p1a: don't hate me|Iron Defense|p1a: don't hate me
|-boost|p1a: don't hate me|def|2
|
|-heal|p1a: don't hate me|39/100|[from] item: Leftovers
|upkeep
|turn|14
|
|t:|1759007693
|switch|p1a: im really sorry|Dondozo, F|100/100
|move|p2a: Heatran|Magma Storm|p1a: im really sorry
|-resisted|p1a: im really sorry
|-damage|p1a: im really sorry|71/100
|-activate|p1a: im really sorry|move: Magma Storm|[of] p2a: Heatran
|
|-damage|p1a: im really sorry|59/100|[from] move: Magma Storm|[partiallytrapped]
|upkeep
|turn|15
|
|t:|1759007702
|move|p2a: Heatran|Earth Power|p1a: im really sorry
|-damage|p1a: im really sorry|28/100
|move|p1a: im really sorry|Body Press|p2a: Heatran
|-supereffective|p2a: Heatran
|-damage|p2a: Heatran|40/100
|-enditem|p2a: Heatran|Air Balloon
|
|-damage|p1a: im really sorry|16/100|[from] move: Magma Storm|[partiallytrapped]
|upkeep
|turn|16
|
|t:|1759007710
|move|p2a: Heatran|Earth Power|p1a: im really sorry
|-damage|p1a: im really sorry|0 fnt
|faint|p1a: im really sorry
|
|upkeep
|-message|skr39 forfeited.
|
|win|monkeyhighbooster
|raw|skr39's rating: 1370 &rarr; <strong>1348</strong><br />(-22 for losing)
|raw|monkeyhighbooster's rating: 1339 &rarr; <strong>1361</strong><br />(+22 for winning)
|l|☆skr39
|player|p1|
|l|☆monkeyhighbooster
|player|p2|
