|j|☆Shiny_kairyu
|j|☆suhui_
|t:|1759033794
|gametype|singles
|player|p1|Shiny_kairyu|burglar|1710
|player|p2|suhui_|170|1661
|gen|9
|tier|[Gen 9] OU
|rated|
|rule|HP Percentage Mod: HP is shown in percentages
|rule|Endless Battle Clause: Forcing endless battles is banned
|rule|Species Clause: Limit one of each Pokémon
|rule|OHKO Clause: OHKO moves are banned
|rule|Evasion Items Clause: Evasion items are banned
|rule|Evasion Moves Clause: Evasion moves are banned
|rule|Evasion Abilities Clause: Evasion abilities are banned
|rule|Sleep Moves Clause: Sleep-inducing moves are banned
|clearpoke
|poke|p1|Iron Valiant|
|poke|p1|Glimmora, M|
|poke|p1|Araquanid, F|
|poke|p1|Dragapult, F|
|poke|p1|Kingambit, M|
|poke|p1|Landorus-Therian, M|
|poke|p2|Glimmora, M|
|poke|p2|Darkrai|
|poke|p2|Raging Bolt|
|poke|p2|Kingambit, M|
|poke|p2|Primarina, F|
|poke|p2|Iron Valiant|
|teampreview
|
|t:|1759033808
|teamsize|p1|6
|teamsize|p2|6
|start
|switch|p1a: Dragapult|Dragapult, F|100/100
|switch|p2a: Primarina|Primarina, F|100/100
|turn|1
|
|t:|1759033813
|switch|p1a: Araquanid|Araquanid, F|100/100
|move|p2a: Primarina|Calm Mind|p2a: Primarina
|-boost|p2a: Primarina|spa|1
|-boost|p2a: Primarina|spd|1
|
|upkeep
|turn|2
|
|t:|1759033820
|move|p2a: Primarina|Moonblast|p1a: Araquanid
|-damage|p1a: Araquanid|38/100
|move|p1a: Araquanid|Liquidation|p2a: Primarina
|-resisted|p2a: Primarina
|-damage|p2a: Primarina|45/100
|-unboost|p2a: Primarina|def|1
|
|upkeep
|turn|3
|
|t:|1759033829
|switch|p1a: Glimmora|Glimmora, M|100/100
|move|p2a: Primarina|Moonblast|p1a: Glimmora
|-resisted|p1a: Glimmora
|-damage|p1a: Glimmora|45/100
|-unboost|p1a: Glimmora|spa|1
|
|upkeep
|turn|4
|
|t:|1759033833
|move|p1a: Glimmora|Sludge Wave|p2a: Primarina
|-supereffective|p2a: Primarina
|-damage|p2a: Primarina|4/100
|move|p2a: Primarina|Surf|p1a: Glimmora
|-supereffective|p1a: Glimmora
|-damage|p1a: Glimmora|0 fnt
|faint|p1a: Glimmora
|
|upkeep
|
|t:|1759033837
|switch|p1a: Landorus|Landorus-Therian, M|100/100
|-ability|p1a: Landorus|Intimidate|boost
|-unboost|p2a: Primarina|atk|1
|turn|5
|-enditem|p2a: Primarina|Custap Berry|[eat]
|-activate|p2a: Primarina|item: Custap Berry|[consumed]
|
|t:|1759033840
|move|p2a: Primarina|Surf|p1a: Landorus
|-supereffective|p1a: Landorus
|-damage|p1a: Landorus|0 fnt
|faint|p1a: Landorus
|
|upkeep
|
|t:|1759033846
|switch|p1a: Dragapult|Dragapult, F|100/100
|turn|6
|
|t:|1759033850
|move|p1a: Dragapult|Phantom Force||[still]
|-prepare|p1a: Dragapult|Phantom Force
|move|p2a: Primarina|Moonblast|p1a: Dragapult|[miss]
|-miss|p2a: Primarina|p1a: Dragapult
|
|upkeep
|turn|7
|
|t:|1759033855
|switch|p2a: Glimmora|Glimmora, M|100/100
|move|p1a: Dragapult|Phantom Force|p2a: Glimmora|[from] lockedmove
|-damage|p2a: Glimmora|17/100
|-activate|p2a: Glimmora|ability: Toxic Debris
|-sidestart|p1: Shiny_kairyu|move: Toxic Spikes
|-enditem|p2a: Glimmora|Red Card|[of] p1a: Dragapult
|drag|p1a: Araquanid|Araquanid, F|38/100
|-status|p1a: Araquanid|psn
|
|-damage|p1a: Araquanid|26/100 psn|[from] psn
|upkeep
|turn|8
|
|t:|1759033860
|move|p2a: Glimmora|Stealth Rock|p1a: Araquanid
|-sidestart|p1: Shiny_kairyu|move: Stealth Rock
|move|p1a: Araquanid|Liquidation|p2a: Glimmora
|-supereffective|p2a: Glimmora
|-damage|p2a: Glimmora|0 fnt
|-activate|p2a: Glimmora|ability: Toxic Debris
|-sidestart|p1: Shiny_kairyu|move: Toxic Spikes
|faint|p2a: Glimmora
|
|-damage|p1a: Araquanid|13/100 psn|[from] psn
|upkeep
|
|t:|1759033871
|switch|p2a: Primarina|Primarina, F|4/100
|turn|9
|
|t:|1759033874
|move|p2a: Primarina|Moonblast|p1a: Araquanid
|-damage|p1a: Araquanid|0 fnt
|faint|p1a: Araquanid
|
|upkeep
|
|t:|1759033877
|switch|p1a: Kingambit|Kingambit, M|100/100
|-damage|p1a: Kingambit|94/100|[from] Stealth Rock
|-activate|p1a: Kingambit|ability: Supreme Overlord
|-start|p1a: Kingambit|fallen3|[silent]
|turn|10
|
|t:|1759033881
|move|p2a: Primarina|Surf|p1a: Kingambit
|-damage|p1a: Kingambit|23/100
|move|p1a: Kingambit|Swords Dance|p1a: Kingambit
|-boost|p1a: Kingambit|atk|2
|
|upkeep
|turn|11
|
|t:|1759033884
|move|p1a: Kingambit|Sucker Punch||[still]
|-fail|p1a: Kingambit
|move|p2a: Primarina|Encore|p1a: Kingambit
|-start|p1a: Kingambit|Encore
|
|upkeep
|turn|12
|-message|Shiny_kairyu forfeited.
|
|win|suhui_
|raw|Shiny_kairyu's rating: 1710 &rarr; <strong>1687</strong><br />(-23 for losing)
|raw|suhui_'s rating: 1661 &rarr; <strong>1684</strong><br />(+23 for winning)
|l|☆Shiny_kairyu
|player|p1|
|l|☆suhui_
|player|p2|
