|j|☆SML Shrek
|j|☆belphegorr
|t:|1759043153
|gametype|singles
|player|p1|SML Shrek|hiker-gen4|1451
|player|p2|belphegorr|hoopster|1343
|gen|9
|tier|[Gen 9] OU
|rated|
|rule|HP Percentage Mod: HP is shown in percentages
|rule|Endless Battle Clause: Forcing endless battles is banned
|rule|Species Clause: Limit one of each Pokémon
|rule|OHKO Clause: OHKO moves are banned
|rule|Evasion Items Clause: Evasion items are banned
|rule|Evasion Moves Clause: Evasion moves are banned
|rule|Evasion Abilities Clause: Evasion abilities are banned
|rule|Sleep Moves Clause: Sleep-inducing moves are banned
|clearpoke
|poke|p1|Ribombee, F|
|poke|p1|Cinderace, F|
|poke|p1|Great Tusk|
|poke|p1|Ting-Lu|
|poke|p1|Gholdengo|
|poke|p1|Sinistcha-Masterpiece|
|poke|p2|Samurott-Hisui, M|
|poke|p2|Coalossal, F|
|poke|p2|Scyther, F|
|poke|p2|Ogerpon, F|
|poke|p2|Weavile, M|
|poke|p2|Gengar, F|
|teampreview
|
|t:|1759043158
|teamsize|p1|6
|teamsize|p2|6
|start
|switch|p1a: Ribombee|Ribombee, F, shiny|100/100
|switch|p2a: Samurott|Samurott-Hisui, M, shiny|100/100
|turn|1
|inactive|Battle timer is ON: inactive players will automatically lose when time's up. (requested by belphegorr)
|
|t:|1759043164
|move|p1a: Ribombee|Sticky Web|p2a: Samurott
|-sidestart|p2: belphegorr|move: Sticky Web
|move|p2a: Samurott|Ceaseless Edge|p1a: Ribombee
|-resisted|p1a: Ribombee
|-damage|p1a: Ribombee|63/100
|-sidestart|p1: SML Shrek|Spikes
|
|upkeep
|turn|2
|
|t:|1759043170
|move|p1a: Ribombee|Stun Spore|p2a: Samurott
|-status|p2a: Samurott|par
|move|p2a: Samurott|Ceaseless Edge|p1a: Ribombee
|-resisted|p1a: Ribombee
|-damage|p1a: Ribombee|22/100
|-sidestart|p1: SML Shrek|Spikes
|
|upkeep
|turn|3
|
|t:|1759043178
|move|p2a: Samurott|Sucker Punch|p1a: Ribombee
|-resisted|p1a: Ribombee
|-damage|p1a: Ribombee|0 fnt
|faint|p1a: Ribombee
|
|upkeep
|
|t:|1759043183
|switch|p1a: Great Tusk|Great Tusk|100/100
|turn|4
|
|t:|1759043188
|move|p1a: Great Tusk|Stealth Rock|p2a: Samurott
|-sidestart|p2: belphegorr|move: Stealth Rock
|cant|p2a: Samurott|par
|
|upkeep
|turn|5
|
|t:|1759043192
|move|p1a: Great Tusk|Rapid Spin|p2a: Samurott
|-damage|p2a: Samurott|77/100 par
|-boost|p1a: Great Tusk|spe|1
|-sideend|p1: SML Shrek|Spikes|[from] move: Rapid Spin|[of] p1a: Great Tusk
|move|p2a: Samurott|Aqua Cutter|p1a: Great Tusk
|-supereffective|p1a: Great Tusk
|-damage|p1a: Great Tusk|25/100
|
|upkeep
|turn|6
|
|t:|1759043203
|move|p1a: Great Tusk|Headlong Rush|p2a: Samurott
|-damage|p2a: Samurott|0 fnt
|-unboost|p1a: Great Tusk|def|1
|-unboost|p1a: Great Tusk|spd|1
|faint|p2a: Samurott
|
|upkeep
|
|t:|1759043207
|switch|p2a: Coalossal|Coalossal, F|100/100
|-activate|p2a: Coalossal|move: Sticky Web
|-unboost|p2a: Coalossal|spe|1
|-damage|p2a: Coalossal|75/100|[from] Stealth Rock
|turn|7
|
|t:|1759043214
|move|p1a: Great Tusk|Headlong Rush|p2a: Coalossal
|-supereffective|p2a: Coalossal
|-damage|p2a: Coalossal|0 fnt
|-unboost|p1a: Great Tusk|def|1
|-unboost|p1a: Great Tusk|spd|1
|-damage|p1a: Great Tusk|8/100|[from] item: Rocky Helmet|[of] p2a: Coalossal
|faint|p2a: Coalossal
|
|upkeep
|
|t:|1759043225
|switch|p2a: Weavile|Weavile, M|100/100
|-activate|p2a: Weavile|move: Sticky Web
|-unboost|p2a: Weavile|spe|1
|-damage|p2a: Weavile|76/100|[from] Stealth Rock
|turn|8
|
|t:|1759043229
|move|p2a: Weavile|Ice Shard|p1a: Great Tusk
|-supereffective|p1a: Great Tusk
|-damage|p1a: Great Tusk|0 fnt
|faint|p1a: Great Tusk
|-end|p1a: Great Tusk|Protosynthesis|[silent]
|
|upkeep
|
|t:|1759043235
|switch|p1a: Gholdengo|Gholdengo|100/100
|-item|p1a: Gholdengo|Air Balloon
|turn|9
|
|t:|1759043240
|move|p1a: Gholdengo|Make It Rain|p2a: Weavile
|-supereffective|p2a: Weavile
|-damage|p2a: Weavile|0 fnt
|-unboost|p1a: Gholdengo|spa|1
|faint|p2a: Weavile
|
|upkeep
|
|t:|1759043247
|switch|p2a: Ogerpon|Ogerpon, F|100/100
|-activate|p2a: Ogerpon|move: Sticky Web
|-unboost|p2a: Ogerpon|spe|1
|-ability|p2a: Ogerpon|Defiant|boost
|-boost|p2a: Ogerpon|atk|2
|-damage|p2a: Ogerpon|88/100|[from] Stealth Rock
|turn|10
|
|t:|1759043258
|move|p1a: Gholdengo|Thunder Wave|p2a: Ogerpon
|-status|p2a: Ogerpon|par
|move|p2a: Ogerpon|Ivy Cudgel|p1a: Gholdengo
|-resisted|p1a: Gholdengo
|-crit|p1a: Gholdengo
|-damage|p1a: Gholdengo|15/100
|-enditem|p1a: Gholdengo|Air Balloon
|
|upkeep
|turn|11
|
|t:|1759043269
|move|p1a: Gholdengo|Make It Rain|p2a: Ogerpon
|-damage|p2a: Ogerpon|37/100 par
|-unboost|p1a: Gholdengo|spa|1
|move|p2a: Ogerpon|Ivy Cudgel|p1a: Gholdengo
|-resisted|p1a: Gholdengo
|-crit|p1a: Gholdengo
|-damage|p1a: Gholdengo|0 fnt
|faint|p1a: Gholdengo
|
|upkeep
|
|t:|1759043283
|switch|p1a: Cinderace|Cinderace, F|100/100
|turn|12
|
|t:|1759043289
|move|p1a: Cinderace|U-turn|p2a: Ogerpon
|-start|p1a: Cinderace|typechange|Bug|[from] ability: Libero
|-supereffective|p2a: Ogerpon
|-damage|p2a: Ogerpon|0 fnt
|faint|p2a: Ogerpon
|
|t:|1759043300
|switch|p1a: Ting-Lu|Ting-Lu|100/100|[from] U-turn
|-ability|p1a: Ting-Lu|Vessel of Ruin
|
|upkeep
|
|t:|1759043303
|switch|p2a: Scyther|Scyther, F, shiny|100/100
|-damage|p2a: Scyther|51/100|[from] Stealth Rock
|turn|13
|
|t:|1759043333
|move|p2a: Scyther|Swords Dance|p2a: Scyther
|-boost|p2a: Scyther|atk|2
|move|p1a: Ting-Lu|Whirlwind|p2a: Scyther
|drag|p2a: Gengar|Gengar, F|100/100
|-activate|p2a: Gengar|move: Sticky Web
|-unboost|p2a: Gengar|spe|1
|-damage|p2a: Gengar|88/100|[from] Stealth Rock
|
|upkeep
|turn|14
|
|t:|1759043342
|move|p2a: Gengar|Sludge Wave|p1a: Ting-Lu
|-resisted|p1a: Ting-Lu
|-damage|p1a: Ting-Lu|90/100
|move|p1a: Ting-Lu|Whirlwind|p2a: Gengar
|drag|p2a: Scyther|Scyther, F, shiny|51/100
|-damage|p2a: Scyther|1/100|[from] Stealth Rock
|
|-heal|p1a: Ting-Lu|96/100|[from] item: Leftovers
|upkeep
|turn|15
|
|t:|1759043350
|move|p2a: Scyther|Close Combat|p1a: Ting-Lu
|-supereffective|p1a: Ting-Lu
|-damage|p1a: Ting-Lu|57/100
|-unboost|p2a: Scyther|def|1
|-unboost|p2a: Scyther|spd|1
|move|p1a: Ting-Lu|Spikes|p2a: Scyther
|-sidestart|p2: belphegorr|Spikes
|
|-heal|p1a: Ting-Lu|63/100|[from] item: Leftovers
|upkeep
|turn|16
|
|t:|1759043359
|-terastallize|p1a: Ting-Lu|Ghost
|move|p2a: Scyther|Close Combat|p1a: Ting-Lu
|-immune|p1a: Ting-Lu
|move|p1a: Ting-Lu|Spikes|p2a: Scyther
|-sidestart|p2: belphegorr|Spikes
|
|-heal|p1a: Ting-Lu|69/100|[from] item: Leftovers
|upkeep
|turn|17
|
|t:|1759043367
|move|p2a: Scyther|Aerial Ace|p1a: Ting-Lu
|-damage|p1a: Ting-Lu|46/100
|move|p1a: Ting-Lu|Spikes|p2a: Scyther
|-sidestart|p2: belphegorr|Spikes
|
|-heal|p1a: Ting-Lu|52/100|[from] item: Leftovers
|upkeep
|turn|18
|
|t:|1759043373
|move|p2a: Scyther|Aerial Ace|p1a: Ting-Lu
|-damage|p1a: Ting-Lu|29/100
|move|p1a: Ting-Lu|Whirlwind|p2a: Scyther
|drag|p2a: Gengar|Gengar, F|88/100
|-activate|p2a: Gengar|move: Sticky Web
|-unboost|p2a: Gengar|spe|1
|-damage|p2a: Gengar|76/100|[from] Stealth Rock
|-damage|p2a: Gengar|51/100|[from] Spikes
|
|-heal|p1a: Ting-Lu|35/100|[from] item: Leftovers
|upkeep
|turn|19
|
|t:|1759043383
|move|p2a: Gengar|Shadow Ball|p1a: Ting-Lu
|-supereffective|p1a: Ting-Lu
|-damage|p1a: Ting-Lu|0 fnt
|faint|p1a: Ting-Lu
|
|upkeep
|
|t:|1759043391
|switch|p1a: Cinderace|Cinderace, F|100/100
|turn|20
|
|t:|1759043397
|move|p1a: Cinderace|Pyro Ball|p2a: Gengar
|-damage|p2a: Gengar|0 fnt
|faint|p2a: Gengar
|
|upkeep
|
|t:|1759043400
|switch|p2a: Scyther|Scyther, F, shiny|1/100
|-damage|p2a: Scyther|0 fnt|[from] Stealth Rock
|faint|p2a: Scyther
|
|win|SML Shrek
|raw|SML Shrek's rating: 1451 &rarr; <strong>1465</strong><br />(+14 for winning)
|raw|belphegorr's rating: 1343 &rarr; <strong>1329</strong><br />(-14 for losing)
|l|☆belphegorr
|player|p2|
|l|☆SML Shrek
|player|p1|
