|j|☆tomatic
|j|☆EdgingCeaselesslly
|t:|1758947288
|gametype|singles
|player|p1|tomatic|hiker-gen4|1553
|player|p2|EdgingCeaselesslly|roxie|1578
|gen|9
|tier|[Gen 9] OU
|rated|
|rule|HP Percentage Mod: HP is shown in percentages
|rule|Endless Battle Clause: Forcing endless battles is banned
|rule|Species Clause: Limit one of each Pokémon
|rule|OHKO Clause: OHKO moves are banned
|rule|Evasion Items Clause: Evasion items are banned
|rule|Evasion Moves Clause: Evasion moves are banned
|rule|Evasion Abilities Clause: Evasion abilities are banned
|rule|Sleep Moves Clause: Sleep-inducing moves are banned
|clearpoke
|poke|p1|Maushold-Four|
|poke|p1|Scizor, F|
|poke|p1|Landorus-Therian, M|
|poke|p1|Dragonite, F|
|poke|p1|Hatterene, F|
|poke|p1|Rotom-Wash|
|poke|p2|Landorus-Therian, M|
|poke|p2|Samurott-Hisui, F|
|poke|p2|Scizor, M|
|poke|p2|Latios, M|
|poke|p2|Zamazenta-*|
|poke|p2|Pecharunt|
|teampreview
|inactive|Battle timer is ON: inactive players will automatically lose when time's up. (requested by EdgingCeaselesslly)
|
|t:|1758947302
|teamsize|p1|6
|teamsize|p2|6
|start
|switch|p1a: Rotom|Rotom-Wash|100/100
|switch|p2a: Landorus|Landorus-Therian, M|100/100
|-ability|p2a: Landorus|Intimidate|boost
|-unboost|p1a: Rotom|atk|1
|turn|1
|
|t:|1758947314
|switch|p2a: Latios|Latios, M|100/100
|move|p1a: Rotom|Hydro Pump|p2a: Latios
|-resisted|p2a: Latios
|-damage|p2a: Latios|76/100
|
|upkeep
|turn|2
|
|t:|1758947319
|switch|p1a: Hatterene|Hatterene, F|100/100
|move|p2a: Latios|Draco Meteor|p1a: Hatterene
|-immune|p1a: Hatterene
|
|upkeep
|turn|3
|
|t:|1758947329
|move|p2a: Latios|Calm Mind|p2a: Latios
|-boost|p2a: Latios|spa|1
|-boost|p2a: Latios|spd|1
|move|p1a: Hatterene|Psychic Noise|p2a: Latios
|-resisted|p2a: Latios
|-damage|p2a: Latios|62/100
|-start|p2a: Latios|move: Heal Block
|
|upkeep
|turn|4
|
|t:|1758947334
|move|p2a: Latios|Calm Mind|p2a: Latios
|-boost|p2a: Latios|spa|1
|-boost|p2a: Latios|spd|1
|move|p1a: Hatterene|Draining Kiss|p2a: Latios
|-supereffective|p2a: Latios
|-damage|p2a: Latios|34/100
|
|-end|p2a: Latios|move: Heal Block
|upkeep
|turn|5
|
|t:|1758947339
|move|p2a: Latios|Recover|p2a: Latios
|-heal|p2a: Latios|84/100
|move|p1a: Hatterene|Draining Kiss|p2a: Latios
|-supereffective|p2a: Latios
|-damage|p2a: Latios|56/100
|
|upkeep
|turn|6
|
|t:|1758947343
|move|p2a: Latios|Recover|p2a: Latios
|-heal|p2a: Latios|100/100
|move|p1a: Hatterene|Nuzzle|p2a: Latios
|-resisted|p2a: Latios
|-damage|p2a: Latios|98/100
|-status|p2a: Latios|par
|
|upkeep
|turn|7
|
|t:|1758947345
|move|p2a: Latios|Calm Mind|p2a: Latios
|-boost|p2a: Latios|spa|1
|-boost|p2a: Latios|spd|1
|move|p1a: Hatterene|Mystical Fire|p2a: Latios
|-resisted|p2a: Latios
|-damage|p2a: Latios|92/100 par
|-unboost|p2a: Latios|spa|1
|
|upkeep
|turn|8
|
|t:|1758947351
|move|p2a: Latios|Calm Mind|p2a: Latios
|-boost|p2a: Latios|spa|1
|-boost|p2a: Latios|spd|1
|move|p1a: Hatterene|Mystical Fire|p2a: Latios
|-resisted|p2a: Latios
|-damage|p2a: Latios|88/100 par
|-unboost|p2a: Latios|spa|1
|
|upkeep
|turn|9
|
|t:|1758947355
|switch|p1a: Maushold|Maushold-Four|100/100
|move|p2a: Latios|Psychic Noise|p1a: Maushold
|-damage|p1a: Maushold|0 fnt
|faint|p1a: Maushold
|
|upkeep
|
|t:|1758947376
|switch|p1a: Scizor|Scizor, F|100/100
|turn|10
|
|t:|1758947380
|move|p1a: Scizor|Knock Off|p2a: Latios
|-supereffective|p2a: Latios
|-damage|p2a: Latios|0 fnt
|-enditem|p2a: Latios|Soul Dew|[from] move: Knock Off|[of] p1a: Scizor
|faint|p2a: Latios
|
|upkeep
|
|t:|1758947385
|switch|p2a: Landorus|Landorus-Therian, M|100/100
|-ability|p2a: Landorus|Intimidate|boost
|-unboost|p1a: Scizor|atk|1
|turn|11
|
|t:|1758947388
|switch|p1a: Hatterene|Hatterene, F|100/100
|move|p2a: Landorus|Stealth Rock|p1a: Hatterene
|move|p1a: Hatterene|Stealth Rock|p2a: Landorus|[from] ability: Magic Bounce
|-sidestart|p2: EdgingCeaselesslly|move: Stealth Rock
|
|upkeep
|turn|12
|
|t:|1758947408
|move|p2a: Landorus|Earthquake|p1a: Hatterene
|-damage|p1a: Hatterene|46/100
|move|p1a: Hatterene|Draining Kiss|p2a: Landorus
|-damage|p2a: Landorus|73/100
|-heal|p1a: Hatterene|71/100|[from] drain|[of] p2a: Landorus
|-damage|p1a: Hatterene|54/100|[from] item: Rocky Helmet|[of] p2a: Landorus
|
|upkeep
|turn|13
|j| mustang Dijon
|
|t:|1758947414
|move|p2a: Landorus|Earthquake|p1a: Hatterene
|-damage|p1a: Hatterene|0 fnt
|faint|p1a: Hatterene
|
|upkeep
|
|t:|1758947417
|switch|p1a: Dragonite|Dragonite, F|100/100
|turn|14
|
|t:|1758947420
|move|p2a: Landorus|U-turn|p1a: Dragonite
|-resisted|p1a: Dragonite
|-damage|p1a: Dragonite|95/100
|
|t:|1758947426
|switch|p2a: Pecharunt|Pecharunt|100/100|[from] U-turn
|move|p1a: Dragonite|Dragon Dance|p1a: Dragonite
|-boost|p1a: Dragonite|atk|1
|-boost|p1a: Dragonite|spe|1
|
|-heal|p1a: Dragonite|100/100|[from] item: Leftovers
|upkeep
|turn|15
|
|t:|1758947432
|-terastallize|p1a: Dragonite|Flying
|move|p1a: Dragonite|Tera Blast|p2a: Pecharunt|[anim] Tera Blast Flying
|-damage|p2a: Pecharunt|47/100
|move|p2a: Pecharunt|Malignant Chain|p1a: Dragonite
|-damage|p1a: Dragonite|84/100
|
|-heal|p1a: Dragonite|90/100|[from] item: Leftovers
|upkeep
|turn|16
|
|t:|1758947442
|move|p1a: Dragonite|Tera Blast|p2a: Pecharunt|[anim] Tera Blast Flying
|-damage|p2a: Pecharunt|0 fnt
|faint|p2a: Pecharunt
|
|-heal|p1a: Dragonite|96/100|[from] item: Leftovers
|upkeep
|
|t:|1758947457
|switch|p2a: Scizor|Scizor, M|100/100
|turn|17
|
|t:|1758947465
|move|p2a: Scizor|Bullet Punch|p1a: Dragonite
|-damage|p1a: Dragonite|57/100
|move|p1a: Dragonite|Dragon Dance|p1a: Dragonite
|-boost|p1a: Dragonite|atk|1
|-boost|p1a: Dragonite|spe|1
|
|-heal|p1a: Dragonite|63/100|[from] item: Leftovers
|upkeep
|turn|18
|
|t:|1758947469
|move|p1a: Dragonite|Tera Blast|p2a: Scizor|[anim] Tera Blast Flying
|-crit|p2a: Scizor
|-damage|p2a: Scizor|0 fnt
|faint|p2a: Scizor
|
|-heal|p1a: Dragonite|70/100|[from] item: Leftovers
|upkeep
|
|t:|1758947474
|switch|p2a: Samurott|Samurott-Hisui, F|100/100
|-damage|p2a: Samurott|88/100|[from] Stealth Rock
|turn|19
|
|t:|1758947477
|move|p1a: Dragonite|Tera Blast|p2a: Samurott|[anim] Tera Blast Flying
|-damage|p2a: Samurott|0 fnt
|faint|p2a: Samurott
|
|-heal|p1a: Dragonite|76/100|[from] item: Leftovers
|upkeep
|
|t:|1758947480
|switch|p2a: Zamazenta|Zamazenta|100/100
|-damage|p2a: Zamazenta|94/100|[from] Stealth Rock
|-ability|p2a: Zamazenta|Dauntless Shield|boost
|-boost|p2a: Zamazenta|def|1
|turn|20
|
|t:|1758947487
|-terastallize|p2a: Zamazenta|Fire
|move|p1a: Dragonite|Tera Blast|p2a: Zamazenta|[anim] Tera Blast Flying
|-damage|p2a: Zamazenta|37/100
|move|p2a: Zamazenta|Iron Defense|p2a: Zamazenta
|-boost|p2a: Zamazenta|def|2
|
|-heal|p1a: Dragonite|82/100|[from] item: Leftovers
|-heal|p2a: Zamazenta|43/100|[from] item: Leftovers
|upkeep
|turn|21
|
|t:|1758947494
|move|p1a: Dragonite|Earthquake|p2a: Zamazenta
|-supereffective|p2a: Zamazenta
|-damage|p2a: Zamazenta|0 fnt
|faint|p2a: Zamazenta
|
|-heal|p1a: Dragonite|88/100|[from] item: Leftovers
|upkeep
|-message|EdgingCeaselesslly forfeited.
|
|win|tomatic
|raw|tomatic's rating: 1553 &rarr; <strong>1574</strong><br />(+21 for winning)
|raw|EdgingCeaselesslly's rating: 1578 &rarr; <strong>1557</strong><br />(-21 for losing)
|l|☆EdgingCeaselesslly
|player|p2|
|l|☆tomatic
|player|p1|
|l| mustang Dijon
