|j|☆pokemaster rico
|j|☆Eclair_Dios__Mio
|t:|1758990545
|gametype|singles
|player|p1|pokemaster rico|170|1061
|player|p2|Eclair_Dios__Mio|rosa|1099
|gen|9
|tier|[Gen 9] OU
|rated|
|rule|HP Percentage Mod: HP is shown in percentages
|rule|Endless Battle Clause: Forcing endless battles is banned
|rule|Species Clause: Limit one of each Pokémon
|rule|OHKO Clause: OHKO moves are banned
|rule|Evasion Items Clause: Evasion items are banned
|rule|Evasion Moves Clause: Evasion moves are banned
|rule|Evasion Abilities Clause: Evasion abilities are banned
|rule|Sleep Moves Clause: Sleep-inducing moves are banned
|clearpoke
|poke|p1|Lumineon, M|
|poke|p1|Cacturne, M|
|poke|p1|Tsareena, F|
|poke|p1|Oricorio, F|
|poke|p1|Overqwil, F|
|poke|p1|Bronzong|
|poke|p2|Torkoal, M|
|poke|p2|Hatterene, F|
|poke|p2|Raging Bolt|
|poke|p2|Slither Wing|
|poke|p2|Venusaur, M|
|poke|p2|Walking Wake|
|teampreview
|
|t:|1758990569
|teamsize|p1|6
|teamsize|p2|6
|start
|switch|p1a: Lumineon|Lumineon, M|100/100
|switch|p2a: Hatterene|Hatterene, F|100/100
|-item|p2a: Hatterene|Air Balloon
|turn|1
|inactive|Battle timer is ON: inactive players will automatically lose when time's up. (requested by Eclair_Dios__Mio)
|
|t:|1758990581
|move|p1a: Lumineon|Surf|p2a: Hatterene
|-damage|p2a: Hatterene|69/100
|-enditem|p2a: Hatterene|Air Balloon
|move|p2a: Hatterene|Trick Room|p2a: Hatterene
|-fieldstart|move: Trick Room|[of] p2a: Hatterene
|
|upkeep
|turn|2
|
|t:|1758990599
|switch|p2a: Slither Wing|Slither Wing|100/100
|move|p1a: Lumineon|Encore||[still]
|-fail|p1a: Lumineon
|
|upkeep
|turn|3
|
|t:|1758990609
|move|p2a: Slither Wing|First Impression|p1a: Lumineon
|-damage|p1a: Lumineon|20/100
|move|p1a: Lumineon|Surf|p2a: Slither Wing
|-damage|p2a: Slither Wing|81/100
|
|upkeep
|turn|4
|
|t:|1758990621
|move|p2a: Slither Wing|U-turn|p1a: Lumineon
|-damage|p1a: Lumineon|0 fnt
|faint|p1a: Lumineon
|
|t:|1758990629
|-end|p2a: Slither Wing|Protosynthesis|[silent]
|switch|p2a: Torkoal|Torkoal, M|100/100|[from] U-turn
|-weather|SunnyDay|[from] ability: Drought|[of] p2a: Torkoal
|
|-weather|SunnyDay|[upkeep]
|upkeep
|
|t:|1758990636
|switch|p1a: Overqwil|Overqwil, F|100/100
|-ability|p1a: Overqwil|Intimidate|boost
|-unboost|p2a: Torkoal|atk|1
|turn|5
|
|t:|1758990643
|move|p2a: Torkoal|Eruption|p1a: Overqwil
|-damage|p1a: Overqwil|0 fnt
|faint|p1a: Overqwil
|
|-weather|SunnyDay|[upkeep]
|-fieldend|move: Trick Room
|upkeep
|
|t:|1758990651
|switch|p1a: Oricorio|Oricorio, F|100/100
|turn|6
|
|t:|1758990655
|move|p1a: Oricorio|Quiver Dance|p1a: Oricorio
|-boost|p1a: Oricorio|spa|1
|-boost|p1a: Oricorio|spd|1
|-boost|p1a: Oricorio|spe|1
|move|p2a: Torkoal|Stealth Rock|p1a: Oricorio
|-sidestart|p1: pokemaster rico|move: Stealth Rock
|
|-weather|SunnyDay|[upkeep]
|upkeep
|turn|7
|
|t:|1758990667
|move|p1a: Oricorio|Quiver Dance|p1a: Oricorio
|-boost|p1a: Oricorio|spa|1
|-boost|p1a: Oricorio|spd|1
|-boost|p1a: Oricorio|spe|1
|move|p2a: Torkoal|Overheat|p1a: Oricorio|[miss]
|-miss|p2a: Torkoal|p1a: Oricorio
|
|-weather|SunnyDay|[upkeep]
|upkeep
|turn|8
|
|t:|1758990675
|switch|p2a: Walking Wake|Walking Wake|100/100
|-activate|p2a: Walking Wake|ability: Protosynthesis
|-start|p2a: Walking Wake|protosynthesisspe
|move|p1a: Oricorio|Air Slash|p2a: Walking Wake
|-damage|p2a: Walking Wake|14/100
|
|-weather|SunnyDay|[upkeep]
|upkeep
|turn|9
|
|t:|1758990686
|move|p1a: Oricorio|Air Slash|p2a: Walking Wake
|-damage|p2a: Walking Wake|0 fnt
|faint|p2a: Walking Wake
|-end|p2a: Walking Wake|Protosynthesis|[silent]
|
|-weather|SunnyDay|[upkeep]
|upkeep
|
|t:|1758990693
|switch|p2a: Raging Bolt|Raging Bolt|100/100
|-activate|p2a: Raging Bolt|ability: Protosynthesis
|-start|p2a: Raging Bolt|protosynthesisspa
|turn|10
|
|t:|1758990702
|-terastallize|p1a: Oricorio|Fighting
|move|p2a: Raging Bolt|Thunderclap|p1a: Oricorio
|-damage|p1a: Oricorio|41/100
|-damage|p2a: Raging Bolt|91/100|[from] item: Life Orb
|move|p1a: Oricorio|Revelation Dance|p2a: Raging Bolt
|-damage|p2a: Raging Bolt|14/100
|
|-weather|SunnyDay|[upkeep]
|upkeep
|turn|11
|
|t:|1758990714
|move|p2a: Raging Bolt|Thunderclap||[still]
|-fail|p2a: Raging Bolt
|move|p1a: Oricorio|Defog|p2a: Raging Bolt
|-unboost|p2a: Raging Bolt|evasion|1
|-sideend|p1: pokemaster rico|Stealth Rock|[from] move: Defog|[of] p1a: Oricorio
|
|-weather|none
|-end|p2a: Raging Bolt|Protosynthesis
|upkeep
|turn|12
|
|t:|1758990737
|move|p2a: Raging Bolt|Thunderclap|p1a: Oricorio
|-damage|p1a: Oricorio|0 fnt
|faint|p1a: Oricorio
|-damage|p2a: Raging Bolt|4/100|[from] item: Life Orb
|
|upkeep
|
|t:|1758990743
|switch|p1a: Cacturne|Cacturne, M|100/100
|turn|13
|
|t:|1758990750
|-end|p2a: Raging Bolt|Protosynthesis|[silent]
|switch|p2a: Torkoal|Torkoal, M|100/100
|-weather|SunnyDay|[from] ability: Drought|[of] p2a: Torkoal
|move|p1a: Cacturne|Leech Seed|p2a: Torkoal
|-start|p2a: Torkoal|move: Leech Seed
|
|-weather|SunnyDay|[upkeep]
|-damage|p2a: Torkoal|88/100|[from] Leech Seed|[of] p1a: Cacturne
|upkeep
|turn|14
|
|t:|1758990763
|move|p1a: Cacturne|Spiky Shield|p1a: Cacturne
|-singleturn|p1a: Cacturne|move: Protect
|move|p2a: Torkoal|Stealth Rock|p1a: Cacturne
|-sidestart|p1: pokemaster rico|move: Stealth Rock
|
|-weather|SunnyDay|[upkeep]
|-damage|p2a: Torkoal|76/100|[from] Leech Seed|[of] p1a: Cacturne
|upkeep
|turn|15
|
|t:|1758990775
|move|p1a: Cacturne|Sucker Punch|p2a: Torkoal
|-damage|p2a: Torkoal|55/100
|move|p2a: Torkoal|Overheat|p1a: Cacturne
|-supereffective|p1a: Cacturne
|-enditem|p1a: Cacturne|Focus Sash
|-damage|p1a: Cacturne|1/100
|-unboost|p2a: Torkoal|spa|2
|
|-weather|SunnyDay|[upkeep]
|-damage|p2a: Torkoal|43/100|[from] Leech Seed|[of] p1a: Cacturne
|-heal|p1a: Cacturne|12/100|[silent]
|upkeep
|turn|16
|
|t:|1758990787
|move|p1a: Cacturne|Spiky Shield|p1a: Cacturne
|-singleturn|p1a: Cacturne|move: Protect
|move|p2a: Torkoal|Overheat|p1a: Cacturne
|-activate|p1a: Cacturne|move: Protect
|
|-weather|SunnyDay|[upkeep]
|-damage|p2a: Torkoal|30/100|[from] Leech Seed|[of] p1a: Cacturne
|-heal|p1a: Cacturne|23/100|[silent]
|upkeep
|turn|17
|
|t:|1758990796
|move|p1a: Cacturne|Sucker Punch|p2a: Torkoal
|-damage|p2a: Torkoal|8/100
|move|p2a: Torkoal|Overheat|p1a: Cacturne
|-supereffective|p1a: Cacturne
|-damage|p1a: Cacturne|0 fnt
|-unboost|p2a: Torkoal|spa|2
|faint|p1a: Cacturne
|
|-weather|SunnyDay|[upkeep]
|upkeep
|
|t:|1758990806
|switch|p1a: Tsareena|Tsareena, F|100/100
|-damage|p1a: Tsareena|88/100|[from] Stealth Rock
|turn|18
|
|t:|1758990814
|switch|p2a: Venusaur|Venusaur, M|100/100
|move|p1a: Tsareena|Rapid Spin|p2a: Venusaur
|-damage|p2a: Venusaur|75/100
|-boost|p1a: Tsareena|spe|1
|-sideend|p1: pokemaster rico|Stealth Rock|[from] move: Rapid Spin|[of] p1a: Tsareena
|
|-weather|SunnyDay|[upkeep]
|upkeep
|turn|19
|
|t:|1758990823
|move|p2a: Venusaur|Growth|p2a: Venusaur
|-boost|p2a: Venusaur|atk|2
|-boost|p2a: Venusaur|spa|2
|move|p1a: Tsareena|Triple Axel|p2a: Venusaur
|-supereffective|p2a: Venusaur
|-damage|p2a: Venusaur|55/100
|-supereffective|p2a: Venusaur
|-damage|p2a: Venusaur|19/100
|-supereffective|p2a: Venusaur
|-damage|p2a: Venusaur|0 fnt
|faint|p2a: Venusaur
|-hitcount|p2: Venusaur|3
|
|-weather|SunnyDay|[upkeep]
|upkeep
|
|t:|1758990836
|switch|p2a: Hatterene|Hatterene, F|69/100
|turn|20
|
|t:|1758990842
|move|p1a: Tsareena|Trop Kick|p2a: Hatterene
|-damage|p2a: Hatterene|41/100
|-unboost|p2a: Hatterene|atk|1
|move|p2a: Hatterene|Healing Wish|p2a: Hatterene
|faint|p2a: Hatterene
|
|-weather|none
|upkeep
|
|t:|1758990854
|switch|p2a: Torkoal|Torkoal, M|8/100
|-heal|p2a: Torkoal|100/100|[from] move: Healing Wish
|-weather|SunnyDay|[from] ability: Drought|[of] p2a: Torkoal
|turn|21
|
|t:|1758990864
|move|p1a: Tsareena|Triple Axel|p2a: Torkoal
|-resisted|p2a: Torkoal
|-crit|p2a: Torkoal
|-damage|p2a: Torkoal|96/100
|-resisted|p2a: Torkoal
|-damage|p2a: Torkoal|89/100
|-hitcount|p2a: Torkoal|2
|move|p2a: Torkoal|Overheat|p1a: Tsareena
|-supereffective|p1a: Tsareena
|-damage|p1a: Tsareena|0 fnt
|-unboost|p2a: Torkoal|spa|2
|faint|p1a: Tsareena
|
|-weather|SunnyDay|[upkeep]
|upkeep
|
|t:|1758990877
|switch|p1a: Bronzong|Bronzong|100/100
|turn|22
|
|t:|1758990885
|move|p1a: Bronzong|Charge Beam|p2a: Torkoal
|-damage|p2a: Torkoal|73/100
|-boost|p1a: Bronzong|spa|1
|move|p2a: Torkoal|Earthquake|p1a: Bronzong
|-immune|p1a: Bronzong|[from] ability: Levitate
|
|-weather|SunnyDay|[upkeep]
|upkeep
|turn|23
|
|t:|1758990894
|move|p1a: Bronzong|Expanding Force|p2a: Torkoal
|-damage|p2a: Torkoal|16/100
|move|p2a: Torkoal|Overheat|p1a: Bronzong
|-supereffective|p1a: Bronzong
|-damage|p1a: Bronzong|28/100
|-unboost|p2a: Torkoal|spa|2
|-enditem|p1a: Bronzong|Weakness Policy
|-boost|p1a: Bronzong|atk|2|[from] item: Weakness Policy
|-boost|p1a: Bronzong|spa|2|[from] item: Weakness Policy
|
|-weather|SunnyDay|[upkeep]
|upkeep
|turn|24
|
|t:|1758990906
|move|p1a: Bronzong|Charge Beam|p2a: Torkoal
|-damage|p2a: Torkoal|0 fnt
|-boost|p1a: Bronzong|spa|1
|faint|p2a: Torkoal
|
|-weather|SunnyDay|[upkeep]
|upkeep
|
|t:|1758990913
|switch|p2a: Slither Wing|Slither Wing|81/100
|-activate|p2a: Slither Wing|ability: Protosynthesis
|-start|p2a: Slither Wing|protosynthesisatk
|turn|25
|
|t:|1758990919
|move|p2a: Slither Wing|First Impression|p1a: Bronzong
|-damage|p1a: Bronzong|0 fnt
|faint|p1a: Bronzong
|
|win|Eclair_Dios__Mio
|raw|pokemaster rico's rating: 1061 &rarr; <strong>1044</strong><br />(-17 for losing)
|raw|Eclair_Dios__Mio's rating: 1099 &rarr; <strong>1121</strong><br />(+22 for winning)
|c|☆Eclair_Dios__Mio|gg
|l|☆Eclair_Dios__Mio
|player|p2|
|l|☆pokemaster rico
|player|p1|
