|j|☆Pkcoach
|j|☆LousiV
|t:|1759006186
|gametype|singles
|player|p1|Pkcoach|mira|1141
|player|p2|LousiV|266|1156
|gen|9
|tier|[Gen 9] OU
|rated|
|rule|HP Percentage Mod: HP is shown in percentages
|rule|Endless Battle Clause: Forcing endless battles is banned
|rule|Species Clause: Limit one of each Pokémon
|rule|OHKO Clause: OHKO moves are banned
|rule|Evasion Items Clause: Evasion items are banned
|rule|Evasion Moves Clause: Evasion moves are banned
|rule|Evasion Abilities Clause: Evasion abilities are banned
|rule|Sleep Moves Clause: Sleep-inducing moves are banned
|clearpoke
|poke|p1|Lokix, M|
|poke|p1|Corviknight, M|
|poke|p1|Grimmsnarl, M|
|poke|p1|Landorus-Therian, M|
|poke|p1|Rotom-Wash|
|poke|p1|Slowking-Galar, M|
|poke|p2|Weavile, M|
|poke|p2|Ariados, M|
|poke|p2|Alomomola, F|
|poke|p2|Forretress, M|
|poke|p2|Porygon-Z|
|poke|p2|Lucario, F|
|teampreview
|inactive|Battle timer is ON: inactive players will automatically lose when time's up. (requested by LousiV)
|
|t:|1759006190
|teamsize|p1|6
|teamsize|p2|6
|start
|switch|p1a: Rotom|Rotom-Wash, shiny|100/100
|switch|p2a: Ariados|Ariados, M|100/100
|turn|1
|
|t:|1759006198
|switch|p2a: Alomomola|Alomomola, F|100/100
|move|p1a: Rotom|Volt Switch|p2a: Alomomola
|-supereffective|p2a: Alomomola
|-damage|p2a: Alomomola|60/100
|
|t:|1759006204
|switch|p1a: Slowking|Slowking-Galar, M, shiny|100/100|[from] Volt Switch
|
|upkeep
|turn|2
|
|t:|1759006210
|move|p2a: Alomomola|Body Slam|p1a: Slowking
|-damage|p1a: Slowking|84/100
|move|p1a: Slowking|Future Sight|p2a: Alomomola
|-start|p1a: Slowking|move: Future Sight
|
|upkeep
|turn|3
|
|t:|1759006217
|move|p2a: Alomomola|Body Slam|p1a: Slowking
|-crit|p1a: Slowking
|-damage|p1a: Slowking|62/100
|-status|p1a: Slowking|par
|cant|p1a: Slowking|par
|
|upkeep
|turn|4
|
|t:|1759006224
|switch|p2a: Weavile|Weavile, M|100/100
|-ability|p2a: Weavile|Pressure
|move|p1a: Slowking|Acid Spray|p2a: Weavile
|-damage|p2a: Weavile|71/100
|-unboost|p2a: Weavile|spd|2
|
|-end|p2a: Weavile|move: Future Sight
|-immune|p2a: Weavile
|upkeep
|turn|5
|
|t:|1759006236
|switch|p1a: Corviknight|Corviknight, M, shiny|100/100
|move|p2a: Weavile|Knock Off|p1a: Corviknight
|-damage|p1a: Corviknight|70/100
|-damage|p2a: Weavile|54/100|[from] item: Rocky Helmet|[of] p1a: Corviknight
|-enditem|p1a: Corviknight|Rocky Helmet|[from] move: Knock Off|[of] p2a: Weavile
|
|upkeep
|turn|6
|
|t:|1759006244
|switch|p2a: Forretress|Forretress, M|100/100
|move|p1a: Corviknight|Body Press|p2a: Forretress
|-damage|p2a: Forretress|87/100
|
|-heal|p2a: Forretress|93/100|[from] item: Leftovers
|upkeep
|turn|7
|
|t:|1759006253
|move|p1a: Corviknight|Defog|p2a: Forretress
|-unboost|p2a: Forretress|evasion|1
|move|p2a: Forretress|Volt Switch|p1a: Corviknight
|-supereffective|p1a: Corviknight
|-damage|p1a: Corviknight|49/100
|
|t:|1759006262
|switch|p2a: Ariados|Ariados, M|100/100|[from] Volt Switch
|
|upkeep
|turn|8
|
|t:|1759006267
|move|p2a: Ariados|Agility|p2a: Ariados
|-boost|p2a: Ariados|spe|2
|move|p1a: Corviknight|Roost|p1a: Corviknight
|-heal|p1a: Corviknight|99/100
|-singleturn|p1a: Corviknight|move: Roost
|
|upkeep
|turn|9
|
|t:|1759006275
|move|p2a: Ariados|Focus Energy|p2a: Ariados
|-start|p2a: Ariados|move: Focus Energy
|move|p1a: Corviknight|Iron Defense|p1a: Corviknight
|-boost|p1a: Corviknight|def|2
|
|upkeep
|turn|10
|
|t:|1759006282
|move|p2a: Ariados|Fell Stinger|p1a: Corviknight
|-resisted|p1a: Corviknight
|-crit|p1a: Corviknight
|-damage|p1a: Corviknight|91/100
|move|p1a: Corviknight|Body Press|p2a: Ariados
|-resisted|p2a: Ariados
|-damage|p2a: Ariados|80/100
|
|upkeep
|turn|11
|
|t:|1759006292
|switch|p2a: Forretress|Forretress, M|93/100
|move|p1a: Corviknight|Iron Defense|p1a: Corviknight
|-boost|p1a: Corviknight|def|2
|
|-heal|p2a: Forretress|99/100|[from] item: Leftovers
|upkeep
|turn|12
|
|t:|1759006300
|move|p1a: Corviknight|Iron Defense|p1a: Corviknight
|-boost|p1a: Corviknight|def|2
|move|p2a: Forretress|Volt Switch|p1a: Corviknight
|-supereffective|p1a: Corviknight
|-damage|p1a: Corviknight|68/100
|
|t:|1759006303
|switch|p2a: Porygon-Z|Porygon-Z|100/100|[from] Volt Switch
|-ability|p2a: Porygon-Z|Download|boost
|-boost|p2a: Porygon-Z|spa|1
|
|upkeep
|turn|13
|
|t:|1759006310
|move|p2a: Porygon-Z|Thunderbolt|p1a: Corviknight
|-supereffective|p1a: Corviknight
|-damage|p1a: Corviknight|0 fnt
|faint|p1a: Corviknight
|
|upkeep
|-message|Pkcoach forfeited.
|
|win|LousiV
|raw|Pkcoach's rating: 1141 &rarr; <strong>1117</strong><br />(-24 for losing)
|raw|LousiV's rating: 1156 &rarr; <strong>1180</strong><br />(+24 for winning)
|l|☆Pkcoach
|player|p1|
|l|☆LousiV
|player|p2|
