|j|☆firecharmander004
|j|☆gen9sucksballs
|t:|1758998575
|gametype|singles
|player|p1|firecharmander004|1|1398
|player|p2|gen9sucksballs|102|1427
|gen|9
|tier|[Gen 9] OU
|rated|
|rule|HP Percentage Mod: HP is shown in percentages
|rule|Endless Battle Clause: Forcing endless battles is banned
|rule|Species Clause: Limit one of each Pokémon
|rule|OHKO Clause: OHKO moves are banned
|rule|Evasion Items Clause: Evasion items are banned
|rule|Evasion Moves Clause: Evasion moves are banned
|rule|Evasion Abilities Clause: Evasion abilities are banned
|rule|Sleep Moves Clause: Sleep-inducing moves are banned
|clearpoke
|poke|p1|Ogerpon-Wellspring, F|
|poke|p1|Pecharunt|
|poke|p1|Cinderace, M|
|poke|p1|Iron Crown|
|poke|p1|Landorus-Therian, M|
|poke|p1|Meowscarada, M|
|poke|p2|Gliscor, F|
|poke|p2|Walking Wake|
|poke|p2|Slowking-Galar, F|
|poke|p2|Zamazenta-*|
|poke|p2|Ting-Lu|
|poke|p2|Kingambit, F|
|teampreview
|inactive|Battle timer is ON: inactive players will automatically lose when time's up. (requested by firecharmander004)
|
|t:|1758998590
|teamsize|p1|6
|teamsize|p2|6
|start
|switch|p1a: Ogerpon|Ogerpon-Wellspring, F|100/100
|switch|p2a: Walking Wake|Walking Wake|100/100
|turn|1
|
|t:|1758998614
|switch|p1a: Iron Crown|Iron Crown|100/100
|move|p2a: Walking Wake|Draco Meteor|p1a: Iron Crown
|-resisted|p1a: Iron Crown
|-damage|p1a: Iron Crown|77/100
|-unboost|p2a: Walking Wake|spa|2
|
|upkeep
|turn|2
|
|t:|1758998626
|-end|p2a: Walking Wake|Protosynthesis|[silent]
|switch|p2a: Ting-Lu|Ting-Lu|100/100
|-ability|p2a: Ting-Lu|Vessel of Ruin
|move|p1a: Iron Crown|Focus Blast|p2a: Ting-Lu
|-supereffective|p2a: Ting-Lu
|-damage|p2a: Ting-Lu|67/100
|
|-heal|p2a: Ting-Lu|73/100|[from] item: Leftovers
|upkeep
|turn|3
|
|t:|1758998633
|-end|p1a: Iron Crown|Quark Drive|[silent]
|switch|p1a: Landorus|Landorus-Therian, M, shiny|100/100
|-ability|p1a: Landorus|Intimidate|boost
|-unboost|p2a: Ting-Lu|atk|1
|move|p2a: Ting-Lu|Stealth Rock|p1a: Landorus
|-sidestart|p1: firecharmander004|move: Stealth Rock
|
|-heal|p2a: Ting-Lu|79/100|[from] item: Leftovers
|upkeep
|turn|4
|
|t:|1758998652
|move|p1a: Landorus|U-turn|p2a: Ting-Lu
|-supereffective|p2a: Ting-Lu
|-damage|p2a: Ting-Lu|55/100
|
|t:|1758998661
|switch|p1a: Meowscarada|Meowscarada, M, shiny|100/100|[from] U-turn
|-damage|p1a: Meowscarada|88/100|[from] Stealth Rock
|move|p2a: Ting-Lu|Ruination|p1a: Meowscarada
|-damage|p1a: Meowscarada|45/100
|
|-heal|p2a: Ting-Lu|61/100|[from] item: Leftovers
|upkeep
|turn|5
|
|t:|1758998670
|switch|p2a: Kingambit|Kingambit, F|100/100
|move|p1a: Meowscarada|Triple Axel|p2a: Kingambit
|-start|p1a: Meowscarada|typechange|Ice|[from] ability: Protean
|-resisted|p2a: Kingambit
|-damage|p2a: Kingambit|97/100
|-resisted|p2a: Kingambit
|-damage|p2a: Kingambit|88/100
|-resisted|p2a: Kingambit
|-damage|p2a: Kingambit|77/100
|-hitcount|p2a: Kingambit|3
|
|upkeep
|turn|6
|inactive|gen9sucksballs has 120 seconds left.
|
|t:|1758998707
|switch|p1a: Landorus|Landorus-Therian, M, shiny|100/100
|-damage|p1a: Landorus|88/100|[from] Stealth Rock
|-ability|p1a: Landorus|Intimidate|boost
|-unboost|p2a: Kingambit|atk|1
|move|p2a: Kingambit|Kowtow Cleave|p1a: Landorus
|-damage|p1a: Landorus|47/100
|-damage|p2a: Kingambit|61/100|[from] item: Rocky Helmet|[of] p1a: Landorus
|
|upkeep
|turn|7
|inactive|gen9sucksballs has 120 seconds left.
|
|t:|1758998723
|move|p1a: Landorus|Earthquake|p2a: Kingambit
|-supereffective|p2a: Kingambit
|-damage|p2a: Kingambit|0 fnt
|faint|p2a: Kingambit
|-end|p2a: Kingambit|fallenundefined|[silent]
|
|upkeep
|
|t:|1758998726
|switch|p2a: Gliscor|Gliscor, F|100/100
|turn|8
|
|t:|1758998729
|move|p1a: Landorus|Taunt|p2a: Gliscor
|-start|p2a: Gliscor|move: Taunt
|cant|p2a: Gliscor|move: Taunt|Swords Dance
|
|-status|p2a: Gliscor|tox|[from] item: Toxic Orb
|upkeep
|turn|9
|
|t:|1758998736
|move|p1a: Landorus|Stealth Rock|p2a: Gliscor
|-sidestart|p2: gen9sucksballs|move: Stealth Rock
|move|p2a: Gliscor|Ice Fang|p1a: Landorus
|-supereffective|p1a: Landorus
|-damage|p1a: Landorus|0 fnt
|-damage|p2a: Gliscor|84/100 tox|[from] item: Rocky Helmet|[of] p1a: Landorus
|faint|p1a: Landorus
|
|-heal|p2a: Gliscor|97/100 tox|[from] ability: Poison Heal
|upkeep
|
|t:|1758998740
|switch|p1a: Ogerpon|Ogerpon-Wellspring, F|100/100
|-damage|p1a: Ogerpon|88/100|[from] Stealth Rock
|turn|10
|
|t:|1758998752
|switch|p2a: Walking Wake|Walking Wake|100/100
|move|p1a: Ogerpon|Swords Dance|p1a: Ogerpon
|-boost|p1a: Ogerpon|atk|2
|
|upkeep
|turn|11
|inactive|firecharmander004 has 120 seconds left.
|
|t:|1758998783
|-terastallize|p1a: Ogerpon|Water
|detailschange|p1a: Ogerpon|Ogerpon-Wellspring-Tera, F, tera:Water
|-ability|p1a: Ogerpon|Embody Aspect (Wellspring)|boost
|-boost|p1a: Ogerpon|spd|1
|move|p1a: Ogerpon|Play Rough|p2a: Walking Wake|[miss]
|-miss|p1a: Ogerpon|p2a: Walking Wake
|move|p2a: Walking Wake|Draco Meteor|p1a: Ogerpon
|-damage|p1a: Ogerpon|37/100
|-unboost|p2a: Walking Wake|spa|2
|
|upkeep
|turn|12
|
|t:|1758998795
|move|p1a: Ogerpon|Play Rough|p2a: Walking Wake
|-supereffective|p2a: Walking Wake
|-damage|p2a: Walking Wake|0 fnt
|faint|p2a: Walking Wake
|-end|p2a: Walking Wake|Protosynthesis|[silent]
|
|upkeep
|
|t:|1758998797
|switch|p2a: Slowking|Slowking-Galar, F|100/100
|turn|13
|
|t:|1758998805
|-terastallize|p2a: Slowking|Water
|move|p1a: Ogerpon|Ivy Cudgel|p2a: Slowking|[anim] Ivy Cudgel Water
|-resisted|p2a: Slowking
|-crit|p2a: Slowking
|-damage|p2a: Slowking|0 fnt
|faint|p2a: Slowking
|
|upkeep
|
|t:|1758998809
|switch|p2a: Zamazenta|Zamazenta|100/100
|-ability|p2a: Zamazenta|Dauntless Shield|boost
|-boost|p2a: Zamazenta|def|1
|turn|14
|
|t:|1758998817
|switch|p1a: Pecharunt|Pecharunt|100/100
|move|p2a: Zamazenta|Close Combat|p1a: Pecharunt
|-immune|p1a: Pecharunt
|
|upkeep
|turn|15
|
|t:|1758998823
|switch|p2a: Ting-Lu|Ting-Lu|61/100
|-damage|p2a: Ting-Lu|55/100|[from] Stealth Rock
|-ability|p2a: Ting-Lu|Vessel of Ruin
|move|p1a: Pecharunt|Malignant Chain|p2a: Ting-Lu
|-resisted|p2a: Ting-Lu
|-damage|p2a: Ting-Lu|48/100
|-status|p2a: Ting-Lu|tox
|-start|p2a: Ting-Lu|confusion|[from] ability: Poison Puppeteer|[of] p1a: Pecharunt
|
|-heal|p2a: Ting-Lu|54/100 tox|[from] item: Leftovers
|-damage|p2a: Ting-Lu|48/100 tox|[from] psn
|upkeep
|turn|16
|
|t:|1758998831
|move|p1a: Pecharunt|Parting Shot|p2a: Ting-Lu
|-unboost|p2a: Ting-Lu|atk|1
|-unboost|p2a: Ting-Lu|spa|1
|
|t:|1758998835
|switch|p1a: Meowscarada|Meowscarada, M, shiny|45/100|[from] Parting Shot
|-damage|p1a: Meowscarada|32/100|[from] Stealth Rock
|-activate|p2a: Ting-Lu|confusion
|move|p2a: Ting-Lu|Earthquake|p1a: Meowscarada
|-resisted|p1a: Meowscarada
|-damage|p1a: Meowscarada|14/100
|
|-heal|p2a: Ting-Lu|54/100 tox|[from] item: Leftovers
|-damage|p2a: Ting-Lu|42/100 tox|[from] psn
|upkeep
|turn|17
|
|t:|1758998848
|switch|p2a: Zamazenta|Zamazenta|100/100
|move|p1a: Meowscarada|Triple Axel|p2a: Zamazenta
|-start|p1a: Meowscarada|typechange|Ice|[from] ability: Protean
|-crit|p2a: Zamazenta
|-damage|p2a: Zamazenta|87/100
|-damage|p2a: Zamazenta|70/100
|-damage|p2a: Zamazenta|45/100
|-hitcount|p2a: Zamazenta|3
|
|upkeep
|turn|18
|
|t:|1758998855
|move|p1a: Meowscarada|Triple Axel|p2a: Zamazenta
|-damage|p2a: Zamazenta|36/100
|-damage|p2a: Zamazenta|19/100
|-damage|p2a: Zamazenta|0 fnt
|faint|p2a: Zamazenta
|-hitcount|p2: Zamazenta|3
|
|upkeep
|
|t:|1758998859
|switch|p2a: Gliscor|Gliscor, F|97/100 tox
|-damage|p2a: Gliscor|84/100 tox|[from] Stealth Rock
|turn|19
|
|t:|1758998863
|move|p2a: Gliscor|Protect|p2a: Gliscor
|-singleturn|p2a: Gliscor|Protect
|move|p1a: Meowscarada|Triple Axel|p2a: Gliscor
|-activate|p2a: Gliscor|move: Protect
|
|-heal|p2a: Gliscor|97/100 tox|[from] ability: Poison Heal
|upkeep
|turn|20
|
|t:|1758998865
|move|p1a: Meowscarada|Triple Axel|p2a: Gliscor
|-supereffective|p2a: Gliscor
|-damage|p2a: Gliscor|62/100 tox
|-supereffective|p2a: Gliscor
|-damage|p2a: Gliscor|7/100 tox
|-supereffective|p2a: Gliscor
|-damage|p2a: Gliscor|0 fnt
|faint|p2a: Gliscor
|-hitcount|p2: Gliscor|3
|
|upkeep
|
|t:|1758998866
|switch|p2a: Ting-Lu|Ting-Lu|42/100 tox
|-damage|p2a: Ting-Lu|35/100 tox|[from] Stealth Rock
|-ability|p2a: Ting-Lu|Vessel of Ruin
|turn|21
|
|t:|1758998868
|move|p1a: Meowscarada|Triple Axel|p2a: Ting-Lu
|-supereffective|p2a: Ting-Lu
|-damage|p2a: Ting-Lu|27/100 tox
|-supereffective|p2a: Ting-Lu
|-damage|p2a: Ting-Lu|8/100 tox
|-supereffective|p2a: Ting-Lu
|-damage|p2a: Ting-Lu|0 fnt
|faint|p2a: Ting-Lu
|-hitcount|p2: Ting-Lu|3
|
|win|firecharmander004
|raw|firecharmander004's rating: 1400 &rarr; <strong>1422</strong><br />(+22 for winning)
|raw|gen9sucksballs's rating: 1427 &rarr; <strong>1405</strong><br />(-22 for losing)
|c|☆firecharmander004|gg
