|j|☆biggestbob
|j|☆Naturmacht
|t:|1758916446
|gametype|singles
|player|p1|biggestbob|101|1300
|player|p2|Naturmacht|piers|1297
|gen|9
|tier|[Gen 9] OU
|rated|
|rule|HP Percentage Mod: HP is shown in percentages
|rule|Endless Battle Clause: Forcing endless battles is banned
|rule|Species Clause: Limit one of each Pokémon
|rule|OHKO Clause: OHKO moves are banned
|rule|Evasion Items Clause: Evasion items are banned
|rule|Evasion Moves Clause: Evasion moves are banned
|rule|Evasion Abilities Clause: Evasion abilities are banned
|rule|Sleep Moves Clause: Sleep-inducing moves are banned
|clearpoke
|poke|p1|Araquanid, M|
|poke|p1|Gengar, F|
|poke|p1|Kingambit, M|
|poke|p1|Raging Bolt|
|poke|p1|Iron Treads|
|poke|p1|Enamorus, F|
|poke|p2|Rillaboom, M|
|poke|p2|Hatterene, F|
|poke|p2|Heatran, M|
|poke|p2|Clodsire, M|
|poke|p2|Great Tusk|
|poke|p2|Ogerpon-Wellspring, F|
|teampreview
|inactive|Battle timer is ON: inactive players will automatically lose when time's up. (requested by Naturmacht)
|
|t:|1758916458
|teamsize|p1|6
|teamsize|p2|6
|start
|switch|p1a: Iron Treads|Iron Treads|100/100
|switch|p2a: Rillaboom|Rillaboom, M|100/100
|-item|p1a: Iron Treads|Air Balloon
|-fieldstart|move: Grassy Terrain|[from] ability: Grassy Surge|[of] p2a: Rillaboom
|turn|1
|
|t:|1758916467
|move|p1a: Iron Treads|Rapid Spin|p2a: Rillaboom
|-damage|p2a: Rillaboom|89/100
|-boost|p1a: Iron Treads|spe|1
|move|p2a: Rillaboom|U-turn|p1a: Iron Treads
|-resisted|p1a: Iron Treads
|-damage|p1a: Iron Treads|91/100
|-enditem|p1a: Iron Treads|Air Balloon
|
|t:|1758916477
|switch|p2a: Great Tusk|Great Tusk|100/100|[from] U-turn
|
|-heal|p1a: Iron Treads|97/100|[from] Grassy Terrain
|upkeep
|turn|2
|
|t:|1758916484
|move|p1a: Iron Treads|Stealth Rock|p2a: Great Tusk
|-sidestart|p2: Naturmacht|move: Stealth Rock
|move|p2a: Great Tusk|Rapid Spin|p1a: Iron Treads
|-resisted|p1a: Iron Treads
|-damage|p1a: Iron Treads|90/100
|-boost|p2a: Great Tusk|spe|1
|-sideend|p2: Naturmacht|Stealth Rock|[from] move: Rapid Spin|[of] p2a: Great Tusk
|
|-heal|p1a: Iron Treads|96/100|[from] Grassy Terrain
|upkeep
|turn|3
|
|t:|1758916497
|move|p2a: Great Tusk|Rapid Spin|p1a: Iron Treads
|-resisted|p1a: Iron Treads
|-damage|p1a: Iron Treads|90/100
|-boost|p2a: Great Tusk|spe|1
|move|p1a: Iron Treads|Stealth Rock|p2a: Great Tusk
|-sidestart|p2: Naturmacht|move: Stealth Rock
|
|-heal|p1a: Iron Treads|96/100|[from] Grassy Terrain
|upkeep
|turn|4
|
|t:|1758916505
|-end|p1a: Iron Treads|Quark Drive|[silent]
|switch|p1a: Gengar|Gengar, F|100/100
|move|p2a: Great Tusk|Rapid Spin|p1a: Gengar
|-immune|p1a: Gengar
|
|upkeep
|turn|5
|
|t:|1758916516
|move|p2a: Great Tusk|Knock Off|p1a: Gengar
|-supereffective|p1a: Gengar
|-enditem|p1a: Gengar|Focus Sash
|-damage|p1a: Gengar|1/100
|move|p1a: Gengar|Shadow Ball|p2a: Great Tusk
|-damage|p2a: Great Tusk|41/100
|
|-heal|p2a: Great Tusk|47/100|[from] Grassy Terrain
|-heal|p1a: Gengar|7/100|[from] Grassy Terrain
|upkeep
|turn|6
|
|t:|1758916526
|move|p2a: Great Tusk|Knock Off|p1a: Gengar
|-supereffective|p1a: Gengar
|-damage|p1a: Gengar|0 fnt
|faint|p1a: Gengar
|
|-heal|p2a: Great Tusk|53/100|[from] Grassy Terrain
|upkeep
|-message|biggestbob forfeited.
|
|win|Naturmacht
|raw|biggestbob's rating: 1300 &rarr; <strong>1275</strong><br />(-25 for losing)
|raw|Naturmacht's rating: 1297 &rarr; <strong>1322</strong><br />(+25 for winning)
|l|☆biggestbob
|player|p1|
