|j|☆CosmicMD
|j|☆RiaSingh2121
|t:|1759009358
|gametype|singles
|player|p1|CosmicMD|colress|1235
|player|p2|RiaSingh2121|101|1232
|gen|9
|tier|[Gen 9] OU
|rated|
|rule|HP Percentage Mod: HP is shown in percentages
|rule|Endless Battle Clause: Forcing endless battles is banned
|rule|Species Clause: Limit one of each Pokémon
|rule|OHKO Clause: OHKO moves are banned
|rule|Evasion Items Clause: Evasion items are banned
|rule|Evasion Moves Clause: Evasion moves are banned
|rule|Evasion Abilities Clause: Evasion abilities are banned
|rule|Sleep Moves Clause: Sleep-inducing moves are banned
|clearpoke
|poke|p1|Great Tusk|
|poke|p1|Alomomola, M|
|poke|p1|Meowscarada, F|
|poke|p1|Iron Hands|
|poke|p1|Slowking-Galar, M|
|poke|p1|Iron Valiant|
|poke|p2|Hatterene, F|
|poke|p2|Torkoal, M|
|poke|p2|Corviknight, F|
|poke|p2|Hattrem, F|
|poke|p2|Iron Hands|
|poke|p2|Ursaluna, F|
|teampreview
|c|☆CosmicMD|glhf
|inactive|Battle timer is ON: inactive players will automatically lose when time's up. (requested by CosmicMD)
|
|t:|1759009375
|teamsize|p1|6
|teamsize|p2|6
|start
|switch|p1a: Slowking|Slowking-Galar, M|100/100
|switch|p2a: Hattrem|Hattrem, F|100/100
|turn|1
|
|t:|1759009381
|move|p1a: Slowking|Future Sight|p2a: Hattrem
|-start|p1a: Slowking|move: Future Sight
|move|p2a: Hattrem|Trick Room|p2a: Hattrem
|-fieldstart|move: Trick Room|[of] p2a: Hattrem
|
|upkeep
|turn|2
|
|t:|1759009386
|move|p1a: Slowking|Sludge Wave|p2a: Hattrem
|-damage|p2a: Hattrem|68/100
|move|p2a: Hattrem|Light Screen|p2a: Hattrem
|-sidestart|p2: RiaSingh2121|move: Light Screen
|
|upkeep
|turn|3
|
|t:|1759009391
|move|p1a: Slowking|Sludge Wave|p2a: Hattrem
|-crit|p2a: Hattrem
|-damage|p2a: Hattrem|20/100
|-status|p2a: Hattrem|psn
|move|p2a: Hattrem|Healing Wish|p2a: Hattrem
|faint|p2a: Hattrem
|
|-hint|Future Sight did not hit because the target is fainted.
|upkeep
|
|t:|1759009400
|switch|p2a: Ursaluna|Ursaluna, F|100/100
|turn|4
|
|t:|1759009411
|switch|p1a: Alomomola|Alomomola, M|100/100
|move|p2a: Ursaluna|Earthquake|p1a: Alomomola
|-damage|p1a: Alomomola|67/100
|
|-status|p2a: Ursaluna|brn|[from] item: Flame Orb
|upkeep
|turn|5
|
|t:|1759009426
|move|p1a: Alomomola|Scald|p2a: Ursaluna
|-supereffective|p2a: Ursaluna
|-damage|p2a: Ursaluna|88/100 brn
|move|p2a: Ursaluna|Facade|p1a: Alomomola
|-damage|p1a: Alomomola|0 fnt
|-damage|p2a: Ursaluna|71/100 brn|[from] item: Rocky Helmet|[of] p1a: Alomomola
|faint|p1a: Alomomola
|
|-damage|p2a: Ursaluna|65/100 brn|[from] brn
|-fieldend|move: Trick Room
|upkeep
|
|t:|1759009436
|switch|p1a: Meowscarada|Meowscarada, F|100/100
|turn|6
|
|t:|1759009441
|switch|p2a: Corviknight|Corviknight, F|100/100
|move|p1a: Meowscarada|Flower Trick|p2a: Corviknight
|-start|p1a: Meowscarada|typechange|Grass|[from] ability: Protean
|-resisted|p2a: Corviknight
|-crit|p2a: Corviknight
|-damage|p2a: Corviknight|92/100
|
|-sideend|p2: RiaSingh2121|move: Light Screen
|upkeep
|turn|7
|
|t:|1759009452
|switch|p1a: Iron Hands|Iron Hands|100/100
|move|p2a: Corviknight|U-turn|p1a: Iron Hands
|-resisted|p1a: Iron Hands
|-damage|p1a: Iron Hands|96/100
|
|t:|1759009458
|switch|p2a: Torkoal|Torkoal, M|100/100|[from] U-turn
|-weather|SunnyDay|[from] ability: Drought|[of] p2a: Torkoal
|
|-weather|SunnyDay|[upkeep]
|upkeep
|turn|8
|
|t:|1759009465
|move|p1a: Iron Hands|Close Combat|p2a: Torkoal
|-damage|p2a: Torkoal|46/100
|-unboost|p1a: Iron Hands|def|1
|-unboost|p1a: Iron Hands|spd|1
|move|p2a: Torkoal|Lava Plume|p1a: Iron Hands
|-damage|p1a: Iron Hands|47/100
|
|-weather|SunnyDay|[upkeep]
|upkeep
|turn|9
|
|t:|1759009478
|move|p1a: Iron Hands|Close Combat|p2a: Torkoal
|-damage|p2a: Torkoal|0 fnt
|-unboost|p1a: Iron Hands|def|1
|-unboost|p1a: Iron Hands|spd|1
|faint|p2a: Torkoal
|
|-weather|SunnyDay|[upkeep]
|upkeep
|
|t:|1759009482
|switch|p2a: Hatterene|Hatterene, F|100/100
|turn|10
|
|t:|1759009486
|-end|p1a: Iron Hands|Quark Drive|[silent]
|switch|p1a: Slowking|Slowking-Galar, M|100/100
|move|p2a: Hatterene|Trick Room|p2a: Hatterene
|-fieldstart|move: Trick Room|[of] p2a: Hatterene
|
|-weather|SunnyDay|[upkeep]
|upkeep
|turn|11
|
|t:|1759009501
|switch|p2a: Iron Hands|Iron Hands|100/100
|move|p1a: Slowking|Future Sight|p2a: Iron Hands
|-start|p1a: Slowking|move: Future Sight
|
|-weather|none
|upkeep
|turn|12
|
|t:|1759009514
|-prepare|p1a: Slowking|Chilly Reception|[premajor]
|move|p1a: Slowking|Chilly Reception|p1a: Slowking
|-weather|Snowscape
|
|t:|1759009518
|switch|p1a: Great Tusk|Great Tusk|100/100|[from] Chilly Reception
|move|p2a: Iron Hands|Earthquake|p1a: Great Tusk
|-damage|p1a: Great Tusk|79/100
|
|-weather|Snowscape|[upkeep]
|upkeep
|turn|13
|-message|RiaSingh2121 forfeited.
|
|win|CosmicMD
|raw|CosmicMD's rating: 1235 &rarr; <strong>1260</strong><br />(+25 for winning)
|raw|RiaSingh2121's rating: 1232 &rarr; <strong>1207</strong><br />(-25 for losing)
|l|☆RiaSingh2121
|player|p2|
|l|☆CosmicMD
|player|p1|
