|j|☆Yori_uzui
|j|☆itoshiflwr
|t:|1759024236
|gametype|singles
|player|p1|Yori_uzui|clair|1526
|player|p2|itoshiflwr|miku-ground|1610
|gen|9
|tier|[Gen 9] OU
|rated|
|rule|HP Percentage Mod: HP is shown in percentages
|rule|Endless Battle Clause: Forcing endless battles is banned
|rule|Species Clause: Limit one of each Pokémon
|rule|OHKO Clause: OHKO moves are banned
|rule|Evasion Items Clause: Evasion items are banned
|rule|Evasion Moves Clause: Evasion moves are banned
|rule|Evasion Abilities Clause: Evasion abilities are banned
|rule|Sleep Moves Clause: Sleep-inducing moves are banned
|clearpoke
|poke|p1|Ting-Lu|
|poke|p1|Pecharunt|
|poke|p1|Rillaboom, F|
|poke|p1|Hatterene, F|
|poke|p1|Empoleon, F|
|poke|p1|Deoxys-Speed|
|poke|p2|Raging Bolt|
|poke|p2|Weavile, M|
|poke|p2|Zamazenta-*|
|poke|p2|Ting-Lu|
|poke|p2|Clefable, M|
|poke|p2|Moltres|
|teampreview
|inactive|Battle timer is ON: inactive players will automatically lose when time's up. (requested by Yori_uzui)
|inactive|itoshiflwr has 120 seconds left.
|
|t:|1759024269
|teamsize|p1|6
|teamsize|p2|6
|start
|switch|p1a: Hatterene|Hatterene, F|100/100
|switch|p2a: Clefable|Clefable, M|100/100
|turn|1
|
|t:|1759024276
|switch|p1a: Rillaboom|Rillaboom, F|100/100
|-fieldstart|move: Grassy Terrain|[from] ability: Grassy Surge|[of] p1a: Rillaboom
|move|p2a: Clefable|Moonblast|p1a: Rillaboom
|-crit|p1a: Rillaboom
|-damage|p1a: Rillaboom|33/100
|
|-heal|p1a: Rillaboom|39/100|[from] Grassy Terrain
|upkeep
|turn|2
|
|t:|1759024285
|move|p1a: Rillaboom|U-turn|p2a: Clefable
|-resisted|p2a: Clefable
|-damage|p2a: Clefable|85/100
|-damage|p1a: Rillaboom|22/100|[from] item: Rocky Helmet|[of] p2a: Clefable
|
|t:|1759024314
|switch|p1a: Empoleon|Empoleon, F|100/100|[from] U-turn
|move|p2a: Clefable|Moonblast|p1a: Empoleon
|-resisted|p1a: Empoleon
|-damage|p1a: Empoleon|91/100
|-unboost|p1a: Empoleon|spa|1
|-ability|p1a: Empoleon|Competitive|boost
|-boost|p1a: Empoleon|spa|2
|
|-heal|p2a: Clefable|91/100|[from] Grassy Terrain
|-heal|p1a: Empoleon|97/100|[from] Grassy Terrain
|-heal|p1a: Empoleon|100/100|[from] item: Leftovers
|upkeep
|turn|3
|
|t:|1759024327
|switch|p2a: Ting-Lu|Ting-Lu|100/100
|-ability|p2a: Ting-Lu|Vessel of Ruin
|move|p1a: Empoleon|Stealth Rock|p2a: Ting-Lu
|-sidestart|p2: itoshiflwr|move: Stealth Rock
|
|upkeep
|turn|4
|
|t:|1759024335
|move|p1a: Empoleon|Flip Turn|p2a: Ting-Lu
|-supereffective|p2a: Ting-Lu
|-damage|p2a: Ting-Lu|80/100
|
|t:|1759024342
|switch|p1a: Hatterene|Hatterene, F|100/100|[from] Flip Turn
|-enditem|p1a: Hatterene|Grassy Seed
|-boost|p1a: Hatterene|def|1|[from] item: Grassy Seed
|move|p2a: Ting-Lu|Spikes|p1a: Hatterene
|move|p1a: Hatterene|Spikes|p2a: Ting-Lu|[from] ability: Magic Bounce
|-sidestart|p2: itoshiflwr|Spikes
|
|-heal|p2a: Ting-Lu|86/100|[from] Grassy Terrain
|-heal|p2a: Ting-Lu|93/100|[from] item: Leftovers
|upkeep
|turn|5
|
|t:|1759024352
|move|p2a: Ting-Lu|Ruination|p1a: Hatterene
|-damage|p1a: Hatterene|50/100
|move|p1a: Hatterene|Calm Mind|p1a: Hatterene
|-boost|p1a: Hatterene|spa|1
|-boost|p1a: Hatterene|spd|1
|
|-heal|p2a: Ting-Lu|99/100|[from] Grassy Terrain
|-heal|p2a: Ting-Lu|100/100|[from] item: Leftovers
|-heal|p1a: Hatterene|56/100|[from] Grassy Terrain
|-fieldend|move: Grassy Terrain
|upkeep
|turn|6
|
|t:|1759024364
|switch|p2a: Clefable|Clefable, M|91/100
|move|p1a: Hatterene|Draining Kiss|p2a: Clefable
|-damage|p2a: Clefable|61/100
|-heal|p1a: Hatterene|84/100|[from] drain|[of] p2a: Clefable
|-damage|p1a: Hatterene|68/100|[from] item: Rocky Helmet|[of] p2a: Clefable
|
|upkeep
|turn|7
|
|t:|1759024370
|move|p2a: Clefable|Moonblast|p1a: Hatterene
|-crit|p1a: Hatterene
|-damage|p1a: Hatterene|16/100
|move|p1a: Hatterene|Psyshock|p2a: Clefable
|-damage|p2a: Clefable|21/100
|
|upkeep
|turn|8
|c|☆Yori_uzui|Clefable of crits and doom
|
|t:|1759024384
|move|p2a: Clefable|Moonblast|p1a: Hatterene
|-damage|p1a: Hatterene|0 fnt
|faint|p1a: Hatterene
|
|upkeep
|j| eu_amo_taxacao
|
|t:|1759024400
|switch|p1a: Deoxys|Deoxys-Speed|100/100
|-ability|p1a: Deoxys|Pressure
|turn|9
|c| eu_amo_taxacao|yori paly deoxys
|c| eu_amo_taxacao|use knock off
|
|t:|1759024412
|move|p1a: Deoxys|Psycho Boost|p2a: Clefable
|-damage|p2a: Clefable|0 fnt
|-unboost|p1a: Deoxys|spa|2
|faint|p2a: Clefable
|
|upkeep
|
|t:|1759024416
|switch|p2a: Weavile|Weavile, M|100/100
|-ability|p2a: Weavile|Pressure
|turn|10
|
|t:|1759024424
|switch|p2a: Moltres|Moltres|100/100
|move|p1a: Deoxys|Superpower|p2a: Moltres
|-resisted|p2a: Moltres
|-damage|p2a: Moltres|89/100
|-unboost|p1a: Deoxys|atk|1
|-unboost|p1a: Deoxys|def|1
|
|upkeep
|turn|11
|c| eu_amo_taxacao|use superpower yori
|
|t:|1759024431
|move|p1a: Deoxys|Knock Off|p2a: Moltres
|-damage|p2a: Moltres|77/100
|-enditem|p2a: Moltres|Heavy-Duty Boots|[from] move: Knock Off|[of] p1a: Deoxys
|move|p2a: Moltres|U-turn|p1a: Deoxys
|-supereffective|p1a: Deoxys
|-damage|p1a: Deoxys|36/100
|c| eu_amo_taxacao|use knock off
|
|t:|1759024438
|switch|p2a: Weavile|Weavile, M|100/100|[from] U-turn
|-ability|p2a: Weavile|Pressure
|
|upkeep
|turn|12
|c| eu_amo_taxacao|use rillabom
|
|t:|1759024452
|switch|p1a: Empoleon|Empoleon, F|100/100
|move|p2a: Weavile|Ice Shard|p1a: Empoleon
|-resisted|p1a: Empoleon
|-damage|p1a: Empoleon|96/100
|
|-heal|p1a: Empoleon|100/100|[from] item: Leftovers
|upkeep
|turn|13
|c| eu_amo_taxacao|play superpower
|c| eu_amo_taxacao|olay heavy slam
|c| eu_amo_taxacao|iron head
|
|t:|1759024469
|switch|p2a: Ting-Lu|Ting-Lu|100/100
|-damage|p2a: Ting-Lu|94/100|[from] Stealth Rock
|-damage|p2a: Ting-Lu|82/100|[from] Spikes
|-ability|p2a: Ting-Lu|Vessel of Ruin
|move|p1a: Empoleon|Flash Cannon|p2a: Ting-Lu
|-crit|p2a: Ting-Lu
|-damage|p2a: Ting-Lu|64/100
|
|-heal|p2a: Ting-Lu|70/100|[from] item: Leftovers
|upkeep
|turn|14
|c| eu_amo_taxacao|niggo
|c| eu_amo_taxacao|niggo
|c| eu_amo_taxacao|niggo
|c| eu_amo_taxacao|tera psichic
|inactive|Yori_uzui has 120 seconds left.
|c| eu_amo_taxacao|yori play tera
|c| eu_amo_taxacao|play tera lil bro
|
|t:|1759024513
|move|p1a: Empoleon|Flip Turn|p2a: Ting-Lu
|-supereffective|p2a: Ting-Lu
|-damage|p2a: Ting-Lu|49/100
|c| eu_amo_taxacao|play scald
|
|t:|1759024518
|switch|p1a: Ting-Lu|Ting-Lu|100/100|[from] Flip Turn
|-ability|p1a: Ting-Lu|Vessel of Ruin
|move|p2a: Ting-Lu|Spikes|p1a: Ting-Lu
|-sidestart|p1: Yori_uzui|Spikes
|
|-heal|p2a: Ting-Lu|56/100|[from] item: Leftovers
|upkeep
|turn|15
|
|t:|1759024527
|move|p2a: Ting-Lu|Ruination|p1a: Ting-Lu|[miss]
|-miss|p2a: Ting-Lu|p1a: Ting-Lu
|move|p1a: Ting-Lu|Spikes|p2a: Ting-Lu
|-sidestart|p2: itoshiflwr|Spikes
|
|-heal|p2a: Ting-Lu|62/100|[from] item: Leftovers
|upkeep
|turn|16
|c| eu_amo_taxacao|spikes nooooooooooooooooooo
|
|t:|1759024531
|move|p2a: Ting-Lu|Ruination|p1a: Ting-Lu
|-damage|p1a: Ting-Lu|50/100
|move|p1a: Ting-Lu|Ruination|p2a: Ting-Lu
|-damage|p2a: Ting-Lu|31/100
|
|-heal|p1a: Ting-Lu|57/100|[from] item: Leftovers
|-heal|p2a: Ting-Lu|37/100|[from] item: Leftovers
|upkeep
|turn|17
|c| eu_amo_taxacao|use court change
|
|t:|1759024543
|move|p2a: Ting-Lu|Spikes|p1a: Ting-Lu
|-sidestart|p1: Yori_uzui|Spikes
|move|p1a: Ting-Lu|Whirlwind|p2a: Ting-Lu
|drag|p2a: Weavile|Weavile, M|100/100
|-ability|p2a: Weavile|Pressure
|
|-heal|p1a: Ting-Lu|63/100|[from] item: Leftovers
|upkeep
|turn|18
|c| eu_amo_taxacao|niggo niggo niggo
|
|t:|1759024551
|switch|p1a: Empoleon|Empoleon, F|100/100
|-damage|p1a: Empoleon|84/100|[from] Spikes
|move|p2a: Weavile|Triple Axel|p1a: Empoleon
|-resisted|p1a: Empoleon
|-damage|p1a: Empoleon|81/100
|-resisted|p1a: Empoleon
|-damage|p1a: Empoleon|76/100
|-resisted|p1a: Empoleon
|-damage|p1a: Empoleon|68/100
|-hitcount|p1a: Empoleon|3
|
|-heal|p1a: Empoleon|74/100|[from] item: Leftovers
|upkeep
|turn|19
|
|t:|1759024568
|switch|p2a: Zamazenta|Zamazenta|100/100
|-ability|p2a: Zamazenta|Dauntless Shield|boost
|-boost|p2a: Zamazenta|def|1
|move|p1a: Empoleon|Flash Cannon|p2a: Zamazenta
|-damage|p2a: Zamazenta|73/100
|
|-heal|p1a: Empoleon|81/100|[from] item: Leftovers
|upkeep
|turn|20
|
|t:|1759024574
|switch|p1a: Pecharunt|Pecharunt|100/100
|move|p2a: Zamazenta|Close Combat|p1a: Pecharunt
|-immune|p1a: Pecharunt
|
|upkeep
|turn|21
|
|t:|1759024579
|move|p2a: Zamazenta|Psychic Fangs|p1a: Pecharunt
|-supereffective|p1a: Pecharunt
|-damage|p1a: Pecharunt|72/100
|move|p1a: Pecharunt|Parting Shot|p2a: Zamazenta
|-unboost|p2a: Zamazenta|atk|1
|-unboost|p2a: Zamazenta|spa|1
|
|t:|1759024584
|switch|p1a: Deoxys|Deoxys-Speed|36/100|[from] Parting Shot
|-ability|p1a: Deoxys|Pressure
|
|upkeep
|turn|22
|
|t:|1759024587
|move|p1a: Deoxys|Psycho Boost|p2a: Zamazenta
|-supereffective|p2a: Zamazenta
|-damage|p2a: Zamazenta|0 fnt
|-unboost|p1a: Deoxys|spa|2
|faint|p2a: Zamazenta
|
|upkeep
|
|t:|1759024589
|switch|p2a: Weavile|Weavile, M|100/100
|-ability|p2a: Weavile|Pressure
|turn|23
|c|☆Yori_uzui|Can you calm down lol
|c| eu_amo_taxacao|play parting shot nooooooooooooooooooooooo
|c| eu_amo_taxacao|superpower my bro
|
|t:|1759024609
|switch|p1a: Empoleon|Empoleon, F|81/100
|-damage|p1a: Empoleon|64/100|[from] Spikes
|switch|p2a: Raging Bolt|Raging Bolt|100/100
|
|-heal|p1a: Empoleon|70/100|[from] item: Leftovers
|upkeep
|turn|24
|
|t:|1759024615
|switch|p1a: Ting-Lu|Ting-Lu|63/100
|-damage|p1a: Ting-Lu|46/100|[from] Spikes
|-ability|p1a: Ting-Lu|Vessel of Ruin
|move|p2a: Raging Bolt|Dragon Pulse|p1a: Ting-Lu
|-damage|p1a: Ting-Lu|24/100
|
|-heal|p1a: Ting-Lu|30/100|[from] item: Leftovers
|upkeep
|turn|25
|
|t:|1759024624
|-end|p2a: Raging Bolt|Protosynthesis|[silent]
|switch|p2a: Moltres|Moltres|77/100
|-damage|p2a: Moltres|27/100|[from] Stealth Rock
|move|p1a: Ting-Lu|Earthquake|p2a: Moltres
|-immune|p2a: Moltres
|
|-heal|p1a: Ting-Lu|36/100|[from] item: Leftovers
|upkeep
|turn|26
|
|t:|1759024627
|move|p2a: Moltres|Hurricane|p1a: Ting-Lu|[miss]
|-miss|p2a: Moltres|p1a: Ting-Lu
|move|p1a: Ting-Lu|Whirlwind|p2a: Moltres
|drag|p2a: Ting-Lu|Ting-Lu|37/100
|-damage|p2a: Ting-Lu|31/100|[from] Stealth Rock
|-damage|p2a: Ting-Lu|15/100|[from] Spikes
|-ability|p2a: Ting-Lu|Vessel of Ruin
|
|-heal|p1a: Ting-Lu|42/100|[from] item: Leftovers
|-heal|p2a: Ting-Lu|21/100|[from] item: Leftovers
|upkeep
|turn|27
|c| eu_amo_taxacao|trust the call
|
|t:|1759024633
|move|p2a: Ting-Lu|Earthquake|p1a: Ting-Lu
|-damage|p1a: Ting-Lu|22/100
|move|p1a: Ting-Lu|Earthquake|p2a: Ting-Lu
|-damage|p2a: Ting-Lu|1/100
|
|-heal|p2a: Ting-Lu|7/100|[from] item: Leftovers
|-heal|p1a: Ting-Lu|29/100|[from] item: Leftovers
|upkeep
|turn|28
|
|t:|1759024639
|move|p1a: Ting-Lu|Earthquake|p2a: Ting-Lu
|-damage|p2a: Ting-Lu|0 fnt
|faint|p2a: Ting-Lu
|
|-heal|p1a: Ting-Lu|35/100|[from] item: Leftovers
|upkeep
|
|t:|1759024642
|switch|p2a: Weavile|Weavile, M|100/100
|-ability|p2a: Weavile|Pressure
|turn|29
|c| eu_amo_taxacao|play earthquake
|c| eu_amo_taxacao|yeesssssssssssssssssssss
|c| eu_amo_taxacao|trade
|c| eu_amo_taxacao|trade
|inactive|Yori_uzui has 120 seconds left.
|
|t:|1759024674
|move|p2a: Weavile|Triple Axel|p1a: Ting-Lu
|-supereffective|p1a: Ting-Lu
|-damage|p1a: Ting-Lu|23/100
|-supereffective|p1a: Ting-Lu
|-damage|p1a: Ting-Lu|2/100
|-supereffective|p1a: Ting-Lu
|-damage|p1a: Ting-Lu|0 fnt
|faint|p1a: Ting-Lu
|-hitcount|p1: Ting-Lu|3
|
|upkeep
|inactive|Yori_uzui has 120 seconds left.
|c| eu_amo_taxacao|play malignant chain
|c| eu_amo_taxacao|pecharunt
|
|t:|1759024703
|switch|p1a: Deoxys|Deoxys-Speed|36/100
|-ability|p1a: Deoxys|Pressure
|turn|30
|
|t:|1759024709
|-terastallize|p2a: Weavile|Ice
|move|p2a: Weavile|Ice Shard|p1a: Deoxys
|-damage|p1a: Deoxys|0 fnt
|faint|p1a: Deoxys
|
|upkeep
|c| eu_amo_taxacao|nooo
|
|t:|1759024714
|switch|p1a: Empoleon|Empoleon, F|70/100
|-damage|p1a: Empoleon|53/100|[from] Spikes
|turn|31
|c| eu_amo_taxacao|calm down
|
|t:|1759024720
|switch|p2a: Raging Bolt|Raging Bolt|100/100
|move|p1a: Empoleon|Flip Turn|p2a: Raging Bolt
|-resisted|p2a: Raging Bolt
|-damage|p2a: Raging Bolt|92/100
|
|t:|1759024722
|switch|p1a: Pecharunt|Pecharunt|72/100|[from] Flip Turn
|
|upkeep
|turn|32
|
|t:|1759024727
|move|p2a: Raging Bolt|Thunderbolt|p1a: Pecharunt
|-damage|p1a: Pecharunt|18/100
|move|p1a: Pecharunt|Malignant Chain|p2a: Raging Bolt
|-damage|p2a: Raging Bolt|63/100
|-status|p2a: Raging Bolt|tox
|-start|p2a: Raging Bolt|confusion|[from] ability: Poison Puppeteer|[of] p1a: Pecharunt
|
|-damage|p2a: Raging Bolt|57/100 tox|[from] psn
|upkeep
|turn|33
|c| eu_amo_taxacao|calm down bro
|c| eu_amo_taxacao|yes
|c| eu_amo_taxacao|niggo niggo
|inactive|Yori_uzui has 120 seconds left.
|
|t:|1759024747
|-end|p2a: Raging Bolt|Protosynthesis|[silent]
|switch|p2a: Weavile|Weavile, M, tera:Ice|100/100
|-ability|p2a: Weavile|Pressure
|move|p1a: Pecharunt|Parting Shot|p2a: Weavile
|-unboost|p2a: Weavile|atk|1
|-unboost|p2a: Weavile|spa|1
|c| eu_amo_taxacao|raging bolt is speed
|
|t:|1759024750
|switch|p1a: Empoleon|Empoleon, F|53/100|[from] Parting Shot
|-damage|p1a: Empoleon|37/100|[from] Spikes
|
|-heal|p1a: Empoleon|43/100|[from] item: Leftovers
|upkeep
|turn|34
|c| eu_amo_taxacao|yes
|
|t:|1759024757
|switch|p2a: Moltres|Moltres|27/100
|-damage|p2a: Moltres|0 fnt|[from] Stealth Rock
|faint|p2a: Moltres
|move|p1a: Empoleon|Roost|p1a: Empoleon
|-heal|p1a: Empoleon|93/100
|-singleturn|p1a: Empoleon|move: Roost
|
|-heal|p1a: Empoleon|99/100|[from] item: Leftovers
|upkeep
|
|t:|1759024759
|switch|p2a: Raging Bolt|Raging Bolt|57/100 tox
|turn|35
|c| eu_amo_taxacao|use heavy slam
|
|t:|1759024764
|move|p2a: Raging Bolt|Thunderbolt|p1a: Empoleon
|-supereffective|p1a: Empoleon
|-damage|p1a: Empoleon|30/100
|move|p1a: Empoleon|Flip Turn|p2a: Raging Bolt
|-resisted|p2a: Raging Bolt
|-damage|p2a: Raging Bolt|48/100 tox
|c| eu_amo_taxacao|excellent
|
|t:|1759024771
|switch|p1a: Pecharunt|Pecharunt|18/100|[from] Flip Turn
|
|-damage|p2a: Raging Bolt|42/100 tox|[from] psn
|upkeep
|turn|36
|c| eu_amo_taxacao|lil niagga
|
|t:|1759024777
|move|p2a: Raging Bolt|Volt Switch|p1a: Pecharunt
|-crit|p1a: Pecharunt
|-damage|p1a: Pecharunt|0 fnt
|faint|p1a: Pecharunt
|c| eu_amo_taxacao|kill weavile
|
|t:|1759024781
|-end|p2a: Raging Bolt|Protosynthesis|[silent]
|switch|p2a: Weavile|Weavile, M, tera:Ice|100/100|[from] Volt Switch
|-ability|p2a: Weavile|Pressure
|
|upkeep
|
|t:|1759024783
|switch|p1a: Empoleon|Empoleon, F|30/100
|-damage|p1a: Empoleon|13/100|[from] Spikes
|turn|37
|c|☆Yori_uzui|gg's
|c| eu_amo_taxacao|kil weavile
|
|t:|1759024796
|move|p2a: Weavile|Knock Off|p1a: Empoleon
|-damage|p1a: Empoleon|0 fnt
|-enditem|p1a: Empoleon|Leftovers|[from] move: Knock Off|[of] p2a: Weavile
|faint|p1a: Empoleon
|
|upkeep
|
|t:|1759024798
|switch|p1a: Rillaboom|Rillaboom, F|22/100
|-damage|p1a: Rillaboom|6/100|[from] Spikes
|-fieldstart|move: Grassy Terrain|[from] ability: Grassy Surge|[of] p1a: Rillaboom
|turn|38
|c| eu_amo_taxacao|nooooooooooo
|
|t:|1759024804
|-terastallize|p1a: Rillaboom|Grass
|move|p2a: Weavile|Ice Shard|p1a: Rillaboom
|-supereffective|p1a: Rillaboom
|-damage|p1a: Rillaboom|0 fnt
|faint|p1a: Rillaboom
|
|win|itoshiflwr
