|j|☆Memergg
|j|☆arkeis
|inactive|Battle timer is ON: inactive players will automatically lose when time's up.
|t:|1758981585
|gametype|singles
|player|p1|Memergg|colress|
|player|p2|arkeis|drayden|
|gen|9
|tier|[Gen 9] OU
|rated|Tournament battle
|rule|HP Percentage Mod: HP is shown in percentages
|rule|Endless Battle Clause: Forcing endless battles is banned
|rule|Species Clause: Limit one of each Pokémon
|rule|OHKO Clause: OHKO moves are banned
|rule|Evasion Items Clause: Evasion items are banned
|rule|Evasion Moves Clause: Evasion moves are banned
|rule|Evasion Abilities Clause: Evasion abilities are banned
|rule|Sleep Moves Clause: Sleep-inducing moves are banned
|rule|Blitz: Super-fast timer
|rule|Inverse Mod: Weaknesses become resistances, while resistances and immunities become weaknesses.
|raw|<div class="infobox"><details class="readmore" open><summary><strong>2 custom rules:</strong></summary> Blitz, Inverse Mod</details></div>
|clearpoke
|poke|p1|Kingambit, M|
|poke|p1|Great Tusk|
|poke|p1|Ogerpon-Wellspring, F|
|poke|p1|Glimmora, F|
|poke|p1|Iron Moth|
|poke|p1|Zamazenta-*|
|poke|p2|Ditto|
|poke|p2|Avalugg, F|
|poke|p2|Blissey, F|
|poke|p2|Yanmega, M|
|poke|p2|Rillaboom, M|
|poke|p2|Comfey, M|
|teampreview
|j|*Lady Monita ☀
|inactive|Memergg also wants the timer to be on.
|inactive|Memergg has 30 seconds left.
|
|t:|1758981604
|teamsize|p1|6
|teamsize|p2|6
|start
|switch|p1a: Iron Moth|Iron Moth|100/100
|switch|p2a: Ditto|Ditto|100/100
|-transform|p2a: Ditto|p1a: Iron Moth|[from] ability: Imposter
|-enditem|p1a: Iron Moth|Booster Energy
|-activate|p1a: Iron Moth|ability: Quark Drive|[fromitem]
|-start|p1a: Iron Moth|quarkdrivespe
|turn|1
|inactive|Memergg has 10 seconds left.
|inactive|Memergg has 5 seconds left.
|inactive|arkeis has 10 seconds left.
|
|t:|1758981615
|-end|p2a: Ditto|Quark Drive|[silent]
|switch|p2a: Blissey|Blissey, F|100/100
|move|p1a: Iron Moth|Dazzling Gleam|p2a: Blissey
|-damage|p2a: Blissey|92/100
|
|upkeep
|turn|2
|inactive|Memergg has 10 seconds left this turn.
|
|t:|1758981619
|move|p1a: Iron Moth|Substitute|p1a: Iron Moth
|-start|p1a: Iron Moth|Substitute
|-damage|p1a: Iron Moth|76/100
|move|p2a: Blissey|Calm Mind|p2a: Blissey
|-boost|p2a: Blissey|spa|1
|-boost|p2a: Blissey|spd|1
|
|upkeep
|turn|3
|j| 5AH1L
|inactive|Memergg has 10 seconds left.
|
|t:|1758981625
|-end|p1a: Iron Moth|Quark Drive|[silent]
|switch|p1a: Ogerpon|Ogerpon-Wellspring, F|100/100
|move|p2a: Blissey|Hyper Voice|p1a: Ogerpon
|-damage|p1a: Ogerpon|60/100
|
|upkeep
|turn|4
|inactive|Memergg has 10 seconds left.
|
|t:|1758981633
|switch|p2a: Avalugg|Avalugg, F|100/100
|move|p1a: Ogerpon|Knock Off|p2a: Avalugg
|-damage|p2a: Avalugg|86/100
|-damage|p1a: Ogerpon|43/100|[from] item: Rocky Helmet|[of] p2a: Avalugg
|-enditem|p2a: Avalugg|Rocky Helmet|[from] move: Knock Off|[of] p1a: Ogerpon
|
|upkeep
|turn|5
|inactive|Memergg has 10 seconds left.
|
|t:|1758981640
|move|p1a: Ogerpon|U-turn|p2a: Avalugg
|-damage|p2a: Avalugg|76/100
|
|t:|1758981643
|switch|p1a: Glimmora|Glimmora, F|100/100|[from] U-turn
|move|p2a: Avalugg|Body Press|p1a: Glimmora
|-damage|p1a: Glimmora|56/100
|-activate|p1a: Glimmora|ability: Toxic Debris
|-sidestart|p2: arkeis|move: Toxic Spikes
|
|upkeep
|turn|6
|inactive|arkeis has 10 seconds left.
|
|t:|1758981648
|move|p1a: Glimmora|Mortal Spin|p2a: Avalugg
|-damage|p2a: Avalugg|73/100
|-status|p2a: Avalugg|psn
|move|p2a: Avalugg|Rapid Spin|p1a: Glimmora
|-supereffective|p1a: Glimmora
|-damage|p1a: Glimmora|22/100
|-boost|p2a: Avalugg|spe|1
|-activate|p1a: Glimmora|ability: Toxic Debris
|-sidestart|p2: arkeis|move: Toxic Spikes
|-sideend|p2: arkeis|Toxic Spikes|[from] move: Rapid Spin|[of] p2a: Avalugg
|
|-damage|p2a: Avalugg|61/100 psn|[from] psn
|upkeep
|turn|7
|inactive|Memergg has 10 seconds left.
|inactive|arkeis has 10 seconds left.
|
|t:|1758981656
|switch|p2a: Blissey|Blissey, F|92/100
|move|p1a: Glimmora|Stealth Rock|p2a: Blissey
|-sidestart|p2: arkeis|move: Stealth Rock
|
|upkeep
|turn|8
|
|t:|1758981659
|move|p1a: Glimmora|Mortal Spin|p2a: Blissey
|-damage|p2a: Blissey|86/100
|-status|p2a: Blissey|psn
|move|p2a: Blissey|Hyper Voice|p1a: Glimmora
|-supereffective|p1a: Glimmora
|-damage|p1a: Glimmora|0 fnt
|faint|p1a: Glimmora
|
|-damage|p2a: Blissey|73/100 psn|[from] psn
|upkeep
|inactive|Memergg has 10 seconds left.
|
|t:|1758981665
|switch|p1a: Ogerpon|Ogerpon-Wellspring, F|43/100
|turn|9
|
|t:|1758981669
|-curestatus|p2a: Blissey|psn|[from] ability: Natural Cure
|switch|p2a: Avalugg|Avalugg, F|61/100 psn
|-damage|p2a: Avalugg|55/100 psn|[from] Stealth Rock
|move|p1a: Ogerpon|Spikes|p2a: Avalugg
|-sidestart|p2: arkeis|Spikes
|
|-damage|p2a: Avalugg|42/100 psn|[from] psn
|upkeep
|turn|10
|inactive|Memergg has 10 seconds left.
|
|t:|1758981674
|move|p1a: Ogerpon|Knock Off|p2a: Avalugg
|-damage|p2a: Avalugg|31/100 psn
|move|p2a: Avalugg|Rapid Spin|p1a: Ogerpon
|-damage|p1a: Ogerpon|26/100
|-boost|p2a: Avalugg|spe|1
|-sideend|p2: arkeis|Spikes|[from] move: Rapid Spin|[of] p2a: Avalugg
|-sideend|p2: arkeis|Stealth Rock|[from] move: Rapid Spin|[of] p2a: Avalugg
|
|-damage|p2a: Avalugg|19/100 psn|[from] psn
|upkeep
|turn|11
|
|t:|1758981678
|move|p1a: Ogerpon|Knock Off|p2a: Avalugg
|-damage|p2a: Avalugg|9/100 psn
|move|p2a: Avalugg|Recover|p2a: Avalugg
|-heal|p2a: Avalugg|59/100 psn
|
|-damage|p2a: Avalugg|47/100 psn|[from] psn
|upkeep
|turn|12
|
|t:|1758981680
|move|p1a: Ogerpon|Ivy Cudgel|p2a: Avalugg|[anim] Ivy Cudgel Water
|-damage|p2a: Avalugg|21/100 psn
|move|p2a: Avalugg|Body Press|p1a: Ogerpon
|-damage|p1a: Ogerpon|0 fnt
|faint|p1a: Ogerpon
|
|-damage|p2a: Avalugg|9/100 psn|[from] psn
|upkeep
|
|t:|1758981683
|switch|p1a: Iron Moth|Iron Moth|76/100
|turn|13
|
|t:|1758981685
|move|p1a: Iron Moth|Substitute|p1a: Iron Moth
|-start|p1a: Iron Moth|Substitute
|-damage|p1a: Iron Moth|51/100
|move|p2a: Avalugg|Body Press|p1a: Iron Moth
|-supereffective|p1a: Iron Moth
|-end|p1a: Iron Moth|Substitute
|
|-damage|p2a: Avalugg|0 fnt|[from] psn
|faint|p2a: Avalugg
|upkeep
|
|t:|1758981690
|switch|p2a: Rillaboom|Rillaboom, M|100/100
|-fieldstart|move: Grassy Terrain|[from] ability: Grassy Surge|[of] p2a: Rillaboom
|turn|14
|inactive|Memergg has 10 seconds left.
|
|t:|1758981695
|-end|p1a: Iron Moth|Quark Drive|[silent]
|switch|p1a: Great Tusk|Great Tusk|100/100
|-enditem|p1a: Great Tusk|Booster Energy
|-activate|p1a: Great Tusk|ability: Protosynthesis|[fromitem]
|-start|p1a: Great Tusk|protosynthesisspe
|move|p2a: Rillaboom|Grassy Glide|p1a: Great Tusk
|-resisted|p1a: Great Tusk
|-damage|p1a: Great Tusk|83/100
|-damage|p2a: Rillaboom|90/100|[from] item: Life Orb
|
|-heal|p1a: Great Tusk|89/100|[from] Grassy Terrain
|-heal|p2a: Rillaboom|97/100|[from] Grassy Terrain
|upkeep
|turn|15
|inactive|Memergg has 10 seconds left.
|inactive|arkeis has 10 seconds left.
|
|t:|1758981704
|switch|p2a: Blissey|Blissey, F|73/100
|-terastallize|p1a: Great Tusk|Ice
|move|p1a: Great Tusk|Bulk Up|p1a: Great Tusk
|-boost|p1a: Great Tusk|atk|1
|-boost|p1a: Great Tusk|def|1
|
|-heal|p1a: Great Tusk|95/100|[from] Grassy Terrain
|-heal|p2a: Blissey|80/100|[from] Grassy Terrain
|upkeep
|turn|16
|inactive|Memergg has 10 seconds left.
|
|t:|1758981709
|move|p1a: Great Tusk|Headlong Rush|p2a: Blissey
|-crit|p2a: Blissey
|-damage|p2a: Blissey|0 fnt
|-unboost|p1a: Great Tusk|def|1
|-unboost|p1a: Great Tusk|spd|1
|faint|p2a: Blissey
|
|-heal|p1a: Great Tusk|100/100|[from] Grassy Terrain
|upkeep
|inactive|arkeis has 10 seconds left.
|
|t:|1758981717
|switch|p2a: Yanmega|Yanmega, M|100/100
|turn|17
|
|t:|1758981720
|move|p2a: Yanmega|Protect|p2a: Yanmega
|-singleturn|p2a: Yanmega|Protect
|move|p1a: Great Tusk|Rapid Spin|p2a: Yanmega
|-activate|p2a: Yanmega|move: Protect
|
|-ability|p2a: Yanmega|Speed Boost|boost
|-boost|p2a: Yanmega|spe|1
|upkeep
|turn|18
|inactive|Memergg has 10 seconds left.
|
|t:|1758981726
|move|p1a: Great Tusk|Headlong Rush|p2a: Yanmega
|-supereffective|p2a: Yanmega
|-damage|p2a: Yanmega|0 fnt
|-unboost|p1a: Great Tusk|def|1
|-unboost|p1a: Great Tusk|spd|1
|faint|p2a: Yanmega
|
|-fieldend|move: Grassy Terrain
|upkeep
|inactive|arkeis has 10 seconds left.
|
|t:|1758981731
|switch|p2a: Rillaboom|Rillaboom, M|97/100
|-fieldstart|move: Grassy Terrain|[from] ability: Grassy Surge|[of] p2a: Rillaboom
|turn|19
|inactive|Memergg has 10 seconds left.
|inactive|arkeis has 10 seconds left.
|
|t:|1758981738
|move|p2a: Rillaboom|Fake Out|p1a: Great Tusk
|-damage|p1a: Great Tusk|83/100
|-damage|p2a: Rillaboom|87/100|[from] item: Life Orb
|cant|p1a: Great Tusk|flinch
|
|-heal|p1a: Great Tusk|89/100|[from] Grassy Terrain
|-heal|p2a: Rillaboom|93/100|[from] Grassy Terrain
|upkeep
|turn|20
|
|t:|1758981742
|move|p2a: Rillaboom|Grassy Glide|p1a: Great Tusk
|-damage|p1a: Great Tusk|42/100
|-damage|p2a: Rillaboom|83/100|[from] item: Life Orb
|move|p1a: Great Tusk|Headlong Rush|p2a: Rillaboom
|-supereffective|p2a: Rillaboom
|-damage|p2a: Rillaboom|0 fnt
|-unboost|p1a: Great Tusk|def|1
|-unboost|p1a: Great Tusk|spd|1
|faint|p2a: Rillaboom
|
|-heal|p1a: Great Tusk|48/100|[from] Grassy Terrain
|upkeep
|
|t:|1758981745
|switch|p2a: Comfey|Comfey, M|100/100
|turn|21
|inactive|Memergg has 10 seconds left.
|
|t:|1758981751
|-terastallize|p2a: Comfey|Fairy
|move|p2a: Comfey|Draining Kiss|p1a: Great Tusk
|-damage|p1a: Great Tusk|0 fnt
|faint|p1a: Great Tusk
|-end|p1a: Great Tusk|Protosynthesis|[silent]
|
|upkeep
|
|t:|1758981755
|switch|p1a: Zamazenta|Zamazenta|100/100
|-ability|p1a: Zamazenta|Dauntless Shield|boost
|-boost|p1a: Zamazenta|def|1
|turn|22
|inactive|Memergg has 10 seconds left.
|
|t:|1758981763
|switch|p2a: Ditto|Ditto|100/100
|-transform|p2a: Ditto|p1a: Zamazenta|[from] ability: Imposter
|-ability|p2a: Ditto|Dauntless Shield|boost
|-boost|p2a: Ditto|def|1
|move|p1a: Zamazenta|Body Press|p2a: Ditto
|-damage|p2a: Ditto|76/100
|
|-heal|p2a: Ditto|82/100|[from] Grassy Terrain
|upkeep
|turn|23
|inactive|Memergg has 10 seconds left.
|inactive|Memergg has 5 seconds left.
|
|t:|1758981774
|move|p2a: Ditto|Crunch|p1a: Zamazenta
|-supereffective|p1a: Zamazenta
|-damage|p1a: Zamazenta|81/100
|move|p1a: Zamazenta|Roar|p2a: Ditto
|drag|p2a: Comfey|Comfey, M, tera:Fairy|100/100
|
|-heal|p1a: Zamazenta|87/100|[from] Grassy Terrain
|-heal|p1a: Zamazenta|93/100|[from] item: Leftovers
|-fieldend|move: Grassy Terrain
|upkeep
|turn|24
|inactive|Memergg has 10 seconds left this turn.
|inactive|arkeis has 10 seconds left.
|
|t:|1758981779
|switch|p2a: Ditto|Ditto|82/100
|-transform|p2a: Ditto|p1a: Zamazenta|[from] ability: Imposter
|move|p1a: Zamazenta|Iron Defense|p1a: Zamazenta
|-boost|p1a: Zamazenta|def|2
|
|-heal|p1a: Zamazenta|99/100|[from] item: Leftovers
|upkeep
|turn|25
|inactive|Memergg has 10 seconds left.
|inactive|arkeis has 10 seconds left.
|
|t:|1758981787
|move|p1a: Zamazenta|Crunch|p2a: Ditto
|-supereffective|p2a: Ditto
|-damage|p2a: Ditto|54/100
|move|p2a: Ditto|Roar|p1a: Zamazenta
|drag|p1a: Kingambit|Kingambit, M|100/100
|-activate|p1a: Kingambit|ability: Supreme Overlord
|-start|p1a: Kingambit|fallen3|[silent]
|
|upkeep
|turn|26
|inactive|Memergg has 10 seconds left.
|inactive|Memergg has 5 seconds left.
|
|t:|1758981797
|switch|p2a: Comfey|Comfey, M, tera:Fairy|100/100
|move|p1a: Kingambit|Kowtow Cleave|p2a: Comfey
|-supereffective|p2a: Comfey
|-damage|p2a: Comfey|0 fnt
|faint|p2a: Comfey
|
|upkeep
|
|t:|1758981800
|switch|p2a: Ditto|Ditto|54/100
|-transform|p2a: Ditto|p1a: Kingambit|[from] ability: Imposter
|-activate|p2a: Ditto|ability: Supreme Overlord
|-start|p2a: Ditto|fallen5|[silent]
|turn|27
|inactive|Memergg has 10 seconds left.
|inactive|Memergg has 5 seconds left.
|
|t:|1758981810
|move|p1a: Kingambit|Sucker Punch|p2a: Ditto
|-supereffective|p2a: Ditto
|-damage|p2a: Ditto|0 fnt
|faint|p2a: Ditto
|-end|p2a: Ditto|fallen5|[silent]
|
|win|Memergg
|n|☆Memergg|memergg
|n|☆arkeis|arkeis
|n|*Lady Monita ☀|ladymonita
|n| 5AH1L|5ah1l
