|j|☆ohjeebus
|j|☆Aquamonali
|t:|1758971084
|gametype|singles
|player|p1|ohjeebus|koga|1518
|player|p2|Aquamonali|miriam|1522
|gen|9
|tier|[Gen 9] OU
|rated|
|rule|HP Percentage Mod: HP is shown in percentages
|rule|Endless Battle Clause: Forcing endless battles is banned
|rule|Species Clause: Limit one of each Pokémon
|rule|OHKO Clause: OHKO moves are banned
|rule|Evasion Items Clause: Evasion items are banned
|rule|Evasion Moves Clause: Evasion moves are banned
|rule|Evasion Abilities Clause: Evasion abilities are banned
|rule|Sleep Moves Clause: Sleep-inducing moves are banned
|clearpoke
|poke|p1|Darkrai|
|poke|p1|Araquanid, M|
|poke|p1|Gliscor, M|
|poke|p1|Hatterene, F|
|poke|p1|Moltres|
|poke|p1|Kingambit, F|
|poke|p2|Grimmsnarl, M|
|poke|p2|Tinkaton, F|
|poke|p2|Dragapult, F|
|poke|p2|Gliscor, F|
|poke|p2|Cinderace, M|
|poke|p2|Zamazenta-*|
|teampreview
|inactive|Battle timer is ON: inactive players will automatically lose when time's up. (requested by Aquamonali)
|inactive|ohjeebus also wants the timer to be on.
|
|t:|1758971089
|teamsize|p1|6
|teamsize|p2|6
|start
|switch|p1a: Hatterene|Hatterene, F|100/100
|switch|p2a: Loki|Grimmsnarl, M, shiny|100/100
|turn|1
|
|t:|1758971094
|switch|p2a: Mjölnir|Tinkaton, F, shiny|100/100
|-ability|p2a: Mjölnir|Mold Breaker
|-item|p2a: Mjölnir|Air Balloon
|move|p1a: Hatterene|Nuzzle|p2a: Mjölnir
|-damage|p2a: Mjölnir|96/100
|-status|p2a: Mjölnir|par
|-enditem|p2a: Mjölnir|Air Balloon
|
|upkeep
|turn|2
|
|t:|1758971097
|switch|p1a: Araquanid|Araquanid, M|100/100
|move|p2a: Mjölnir|Stealth Rock|p1a: Araquanid
|-sidestart|p1: ohjeebus|move: Stealth Rock
|
|upkeep
|turn|3
|
|t:|1758971101
|move|p2a: Mjölnir|Thunder Wave|p1a: Araquanid
|-status|p1a: Araquanid|par
|move|p1a: Araquanid|Liquidation|p2a: Mjölnir
|-damage|p2a: Mjölnir|42/100 par
|
|upkeep
|turn|4
|
|t:|1758971105
|move|p2a: Mjölnir|Knock Off|p1a: Araquanid
|-damage|p1a: Araquanid|86/100 par
|-enditem|p1a: Araquanid|Custap Berry|[from] move: Knock Off|[of] p2a: Mjölnir
|move|p1a: Araquanid|Sticky Web|p2a: Mjölnir
|-sidestart|p2: Aquamonali|move: Sticky Web
|
|upkeep
|turn|5
|
|t:|1758971116
|switch|p1a: Moltres|Moltres|100/100
|cant|p2a: Mjölnir|par
|
|upkeep
|turn|6
|
|t:|1758971118
|move|p1a: Moltres|Flamethrower|p2a: Mjölnir
|-supereffective|p2a: Mjölnir
|-damage|p2a: Mjölnir|0 fnt
|faint|p2a: Mjölnir
|
|upkeep
|
|t:|1758971121
|switch|p2a: Cinderace|Cinderace, M, shiny|100/100
|turn|7
|
|t:|1758971125
|switch|p1a: Araquanid|Araquanid, M|86/100 par
|-damage|p1a: Araquanid|61/100 par|[from] Stealth Rock
|move|p2a: Cinderace|Court Change|p2a: Cinderace
|-start|p2a: Cinderace|typechange|Normal|[from] ability: Libero
|-swapsideconditions
|-activate|p2a: Cinderace|move: Court Change
|
|upkeep
|turn|8
|
|t:|1758971134
|move|p2a: Cinderace|Pyro Ball|p1a: Araquanid|[miss]
|-miss|p2a: Cinderace|p1a: Araquanid
|move|p1a: Araquanid|Sticky Web|p2a: Cinderace
|-sidestart|p2: Aquamonali|move: Sticky Web
|
|upkeep
|turn|9
|
|t:|1758971137
|move|p2a: Cinderace|Court Change|p2a: Cinderace
|-swapsideconditions
|-activate|p2a: Cinderace|move: Court Change
|move|p1a: Araquanid|Liquidation|p2a: Cinderace
|-damage|p2a: Cinderace|35/100
|-unboost|p2a: Cinderace|def|1
|
|upkeep
|turn|10
|
|t:|1758971142
|move|p2a: Cinderace|U-turn|p1a: Araquanid
|-damage|p1a: Araquanid|44/100 par
|
|t:|1758971150
|switch|p2a: Dragapult|Dragapult, F, shiny|100/100|[from] U-turn
|move|p1a: Araquanid|Leech Life|p2a: Dragapult
|-resisted|p2a: Dragapult
|-damage|p2a: Dragapult|86/100
|-heal|p1a: Araquanid|51/100 par|[from] drain|[of] p2a: Dragapult
|
|upkeep
|turn|11
|
|t:|1758971157
|switch|p1a: Kingambit|Kingambit, F|100/100
|-damage|p1a: Kingambit|94/100|[from] Stealth Rock
|-activate|p1a: Kingambit|move: Sticky Web
|-unboost|p1a: Kingambit|spe|1
|move|p2a: Dragapult|Substitute|p2a: Dragapult
|-start|p2a: Dragapult|Substitute
|-damage|p2a: Dragapult|61/100
|
|upkeep
|turn|12
|
|t:|1758971160
|move|p2a: Dragapult|Thunder Wave|p1a: Kingambit
|-status|p1a: Kingambit|par
|move|p1a: Kingambit|Kowtow Cleave|p2a: Dragapult
|-supereffective|p2a: Dragapult
|-end|p2a: Dragapult|Substitute
|
|upkeep
|turn|13
|
|t:|1758971173
|switch|p2a: Loki|Grimmsnarl, M, shiny|100/100
|move|p1a: Kingambit|Iron Head|p2a: Loki
|-supereffective|p2a: Loki
|-damage|p2a: Loki|0 fnt
|faint|p2a: Loki
|
|upkeep
|
|t:|1758971178
|switch|p2a: Zamazenta|Zamazenta, shiny|100/100
|-ability|p2a: Zamazenta|Dauntless Shield|boost
|-boost|p2a: Zamazenta|def|1
|turn|14
|
|t:|1758971180
|-end|p1a: Kingambit|fallenundefined|[silent]
|switch|p1a: Hatterene|Hatterene, F|100/100
|-damage|p1a: Hatterene|88/100|[from] Stealth Rock
|-activate|p1a: Hatterene|move: Sticky Web
|-unboost|p1a: Hatterene|spe|1
|move|p2a: Zamazenta|Stone Edge|p1a: Hatterene
|-crit|p1a: Hatterene
|-damage|p1a: Hatterene|49/100
|
|upkeep
|turn|15
|
|t:|1758971187
|move|p2a: Zamazenta|Heavy Slam|p1a: Hatterene
|-supereffective|p1a: Hatterene
|-damage|p1a: Hatterene|0 fnt
|-damage|p2a: Zamazenta|84/100|[from] item: Rocky Helmet|[of] p1a: Hatterene
|faint|p1a: Hatterene
|
|upkeep
|
|t:|1758971198
|switch|p1a: Moltres|Moltres|100/100
|turn|16
|
|t:|1758971214
|-terastallize|p1a: Moltres|Grass
|move|p2a: Zamazenta|Stone Edge|p1a: Moltres
|-crit|p1a: Moltres
|-damage|p1a: Moltres|66/100
|move|p1a: Moltres|Flamethrower|p2a: Zamazenta
|-damage|p2a: Zamazenta|49/100
|
|upkeep
|turn|17
|
|t:|1758971223
|switch|p2a: Gliscor|Gliscor, F, shiny|100/100
|move|p1a: Moltres|Roost|p1a: Moltres
|-heal|p1a: Moltres|100/100
|
|-status|p2a: Gliscor|tox|[from] item: Toxic Orb
|upkeep
|turn|18
|
|t:|1758971236
|switch|p1a: Gliscor|Gliscor, M|100/100
|-damage|p1a: Gliscor|88/100|[from] Stealth Rock
|move|p2a: Gliscor|Swords Dance|p2a: Gliscor
|-boost|p2a: Gliscor|atk|2
|
|-status|p1a: Gliscor|tox|[from] item: Toxic Orb
|upkeep
|turn|19
|
|t:|1758971243
|move|p1a: Gliscor|Knock Off|p2a: Gliscor
|-damage|p2a: Gliscor|83/100 tox
|-enditem|p2a: Gliscor|Toxic Orb|[from] move: Knock Off|[of] p1a: Gliscor
|move|p2a: Gliscor|Swords Dance|p2a: Gliscor
|-boost|p2a: Gliscor|atk|2
|
|-heal|p1a: Gliscor|100/100 tox|[from] ability: Poison Heal
|-heal|p2a: Gliscor|96/100 tox|[from] ability: Poison Heal
|upkeep
|turn|20
|
|t:|1758971247
|switch|p1a: Araquanid|Araquanid, M|51/100 par
|-damage|p1a: Araquanid|26/100 par|[from] Stealth Rock
|-activate|p1a: Araquanid|move: Sticky Web
|-unboost|p1a: Araquanid|spe|1
|move|p2a: Gliscor|Facade|p1a: Araquanid
|-damage|p1a: Araquanid|0 fnt
|faint|p1a: Araquanid
|
|-heal|p2a: Gliscor|100/100 tox|[from] ability: Poison Heal
|upkeep
|
|t:|1758971248
|switch|p1a: Darkrai|Darkrai|100/100
|turn|21
|
|t:|1758971252
|-terastallize|p2a: Gliscor|Normal
|move|p1a: Darkrai|Ice Beam|p2a: Gliscor
|-damage|p2a: Gliscor|73/100 tox
|move|p2a: Gliscor|Facade|p1a: Darkrai
|-damage|p1a: Darkrai|0 fnt
|faint|p1a: Darkrai
|
|-heal|p2a: Gliscor|85/100 tox|[from] ability: Poison Heal
|upkeep
|
|t:|1758971255
|switch|p1a: Moltres|Moltres, tera:Grass|100/100
|turn|22
|
|t:|1758971258
|switch|p1a: Gliscor|Gliscor, M|100/100 tox
|-damage|p1a: Gliscor|88/100 tox|[from] Stealth Rock
|move|p2a: Gliscor|Protect||[still]
|-fail|p2a: Gliscor
|
|-heal|p1a: Gliscor|100/100 tox|[from] ability: Poison Heal
|-heal|p2a: Gliscor|98/100 tox|[from] ability: Poison Heal
|upkeep
|turn|23
|
|t:|1758971261
|move|p1a: Gliscor|Knock Off|p2a: Gliscor
|-damage|p2a: Gliscor|87/100 tox
|move|p2a: Gliscor|Swords Dance|p2a: Gliscor
|-boost|p2a: Gliscor|atk|2
|
|-heal|p2a: Gliscor|99/100 tox|[from] ability: Poison Heal
|upkeep
|turn|24
|
|t:|1758971263
|move|p1a: Gliscor|Knock Off|p2a: Gliscor
|-damage|p2a: Gliscor|90/100 tox
|move|p2a: Gliscor|Facade|p1a: Gliscor
|-crit|p1a: Gliscor
|-damage|p1a: Gliscor|0 fnt
|faint|p1a: Gliscor
|
|-heal|p2a: Gliscor|100/100 tox|[from] ability: Poison Heal
|upkeep
|
|t:|1758971264
|switch|p1a: Kingambit|Kingambit, F|94/100 par
|-damage|p1a: Kingambit|88/100 par|[from] Stealth Rock
|-activate|p1a: Kingambit|move: Sticky Web
|-unboost|p1a: Kingambit|spe|1
|-activate|p1a: Kingambit|ability: Supreme Overlord
|-start|p1a: Kingambit|fallen4|[silent]
|turn|25
|
|t:|1758971267
|move|p1a: Kingambit|Sucker Punch|p2a: Gliscor
|-damage|p2a: Gliscor|49/100 tox
|move|p2a: Gliscor|Facade|p1a: Kingambit
|-resisted|p1a: Kingambit
|-damage|p1a: Kingambit|14/100 par
|
|-heal|p2a: Gliscor|62/100 tox|[from] ability: Poison Heal
|upkeep
|turn|26
|
|t:|1758971275
|move|p2a: Gliscor|Facade|p1a: Kingambit
|-resisted|p1a: Kingambit
|-damage|p1a: Kingambit|0 fnt
|faint|p1a: Kingambit
|-end|p1a: Kingambit|fallen4|[silent]
|
|-heal|p2a: Gliscor|74/100 tox|[from] ability: Poison Heal
|upkeep
|
|t:|1758971277
|switch|p1a: Moltres|Moltres, tera:Grass|100/100
|turn|27
|c|☆Aquamonali|gg
|
|t:|1758971282
|move|p2a: Gliscor|Facade|p1a: Moltres
|-damage|p1a: Moltres|0 fnt
|faint|p1a: Moltres
|
|win|Aquamonali
|raw|ohjeebus's rating: 1518 &rarr; <strong>1498</strong><br />(-20 for losing)
|raw|Aquamonali's rating: 1522 &rarr; <strong>1542</strong><br />(+20 for winning)
|l|☆ohjeebus
|player|p1|
|l|☆Aquamonali
|player|p2|
|j|☆ohjeebus
|player|p1|ohjeebus|koga|
|l|☆ohjeebus
|player|p1|
