|j|☆Bdjdbrjrhrb
|j|☆YungWiiconnect24
|t:|1758932011
|gametype|singles
|player|p1|Bdjdbrjrhrb|1|1135
|player|p2|YungWiiconnect24|lusamine-nihilego|1076
|gen|9
|tier|[Gen 9] OU
|rated|
|rule|HP Percentage Mod: HP is shown in percentages
|rule|Endless Battle Clause: Forcing endless battles is banned
|rule|Species Clause: Limit one of each Pokémon
|rule|OHKO Clause: OHKO moves are banned
|rule|Evasion Items Clause: Evasion items are banned
|rule|Evasion Moves Clause: Evasion moves are banned
|rule|Evasion Abilities Clause: Evasion abilities are banned
|rule|Sleep Moves Clause: Sleep-inducing moves are banned
|clearpoke
|poke|p1|Corviknight, M|
|poke|p1|Primarina, M|
|poke|p1|Slowking-Galar, F|
|poke|p1|Cinderace, F|
|poke|p1|Lokix, F|
|poke|p1|Kyurem|
|poke|p2|Deoxys-Defense|
|poke|p2|Riolu, F|
|poke|p2|Forretress, M|
|poke|p2|Galvantula, M|
|poke|p2|Ditto|
|poke|p2|Revavroom, F|
|teampreview
|
|t:|1758932043
|teamsize|p1|6
|teamsize|p2|6
|start
|switch|p1a: Cinderace|Cinderace, F|100/100
|switch|p2a: SSJ Revavroom|Revavroom, F, shiny|100/100
|turn|1
|
|t:|1758932057
|move|p1a: Cinderace|Pyro Ball|p2a: SSJ Revavroom
|-supereffective|p2a: SSJ Revavroom
|-enditem|p2a: SSJ Revavroom|Focus Sash
|-damage|p2a: SSJ Revavroom|1/100
|move|p2a: SSJ Revavroom|Shift Gear|p2a: SSJ Revavroom
|-boost|p2a: SSJ Revavroom|spe|2
|-boost|p2a: SSJ Revavroom|atk|1
|
|upkeep
|turn|2
|
|t:|1758932061
|switch|p1a: Corviknight|Corviknight, M|100/100
|-ability|p1a: Corviknight|Pressure
|move|p2a: SSJ Revavroom|High Horsepower|p1a: Corviknight
|-immune|p1a: Corviknight
|
|upkeep
|turn|3
|
|t:|1758932064
|move|p2a: SSJ Revavroom|Temper Flare|p1a: Corviknight
|-supereffective|p1a: Corviknight
|-damage|p1a: Corviknight|11/100
|move|p1a: Corviknight|U-turn|p2a: SSJ Revavroom
|-resisted|p2a: SSJ Revavroom
|-damage|p2a: SSJ Revavroom|0 fnt
|faint|p2a: SSJ Revavroom
|
|t:|1758932075
|switch|p1a: Lokix|Lokix, F|100/100|[from] U-turn
|
|upkeep
|
|t:|1758932081
|switch|p2a: Cell|Ditto|100/100
|-transform|p2a: Cell|p1a: Lokix|[from] ability: Imposter
|turn|4
|
|t:|1758932093
|switch|p1a: Slowking|Slowking-Galar, F|100/100
|move|p2a: Cell|First Impression|p1a: Slowking
|-damage|p1a: Slowking|59/100
|
|upkeep
|turn|5
|
|t:|1758932100
|switch|p2a: SSJ Forretress|Forretress, M, shiny|100/100
|-item|p2a: SSJ Forretress|Air Balloon
|switch|p1a: Corviknight|Corviknight, M|11/100
|-ability|p1a: Corviknight|Pressure
|
|-heal|p1a: Corviknight|17/100|[from] item: Leftovers
|upkeep
|turn|6
|
|t:|1758932103
|move|p1a: Corviknight|Roost|p1a: Corviknight
|-heal|p1a: Corviknight|67/100
|-singleturn|p1a: Corviknight|move: Roost
|move|p2a: SSJ Forretress|Explosion|p1a: Corviknight
|-resisted|p1a: Corviknight
|-damage|p1a: Corviknight|52/100
|faint|p2a: SSJ Forretress
|
|-heal|p1a: Corviknight|59/100|[from] item: Leftovers
|upkeep
|
|t:|1758932105
|switch|p2a: SSJ Galvantula|Galvantula, M|100/100
|turn|7
|
|t:|1758932107
|move|p2a: SSJ Galvantula|Thunder|p1a: Corviknight
|-supereffective|p1a: Corviknight
|-crit|p1a: Corviknight
|-damage|p1a: Corviknight|0 fnt
|faint|p1a: Corviknight
|
|upkeep
|
|t:|1758932109
|switch|p1a: Kyurem|Kyurem|100/100
|-ability|p1a: Kyurem|Pressure
|turn|8
|
|t:|1758932111
|move|p2a: SSJ Galvantula|Thunder|p1a: Kyurem
|-resisted|p1a: Kyurem
|-damage|p1a: Kyurem|76/100
|move|p1a: Kyurem|Scale Shot|p2a: SSJ Galvantula
|-damage|p2a: SSJ Galvantula|81/100
|-damage|p2a: SSJ Galvantula|62/100
|-hitcount|p2a: SSJ Galvantula|2
|-unboost|p1a: Kyurem|def|1
|-boost|p1a: Kyurem|spe|1
|
|upkeep
|turn|9
|
|t:|1758932117
|move|p1a: Kyurem|Earth Power|p2a: SSJ Galvantula
|-damage|p2a: SSJ Galvantula|0 fnt
|faint|p2a: SSJ Galvantula
|
|upkeep
|
|t:|1758932125
|switch|p2a: Cell|Ditto|100/100
|-transform|p2a: Cell|p1a: Kyurem|[from] ability: Imposter
|-ability|p2a: Cell|Pressure
|turn|10
|
|t:|1758932132
|switch|p1a: Slowking|Slowking-Galar, F|92/100
|move|p2a: Cell|Scale Shot|p1a: Slowking
|-damage|p1a: Slowking|81/100
|-damage|p1a: Slowking|69/100
|-damage|p1a: Slowking|59/100
|-damage|p1a: Slowking|48/100
|-damage|p1a: Slowking|37/100
|-hitcount|p1a: Slowking|5
|-unboost|p2a: Cell|def|1
|-boost|p2a: Cell|spe|1
|
|upkeep
|turn|11
|
|t:|1758932140
|switch|p1a: Primarina|Primarina, M|100/100
|move|p2a: Cell|Scale Shot|p1a: Primarina
|-immune|p1a: Primarina
|
|upkeep
|turn|12
|
|t:|1758932148
|switch|p2a: SSJ Deoxys|Deoxys-Defense, shiny|100/100
|-ability|p2a: SSJ Deoxys|Pressure
|move|p1a: Primarina|Flip Turn|p2a: SSJ Deoxys
|-damage|p2a: SSJ Deoxys|89/100
|
|t:|1758932150
|switch|p1a: Lokix|Lokix, F|100/100|[from] Flip Turn
|
|upkeep
|turn|13
|
|t:|1758932159
|-terastallize|p1a: Lokix|Bug
|move|p1a: Lokix|U-turn|p2a: SSJ Deoxys
|-supereffective|p2a: SSJ Deoxys
|-damage|p2a: SSJ Deoxys|0 fnt
|faint|p2a: SSJ Deoxys
|
|t:|1758932171
|switch|p1a: Slowking|Slowking-Galar, F|70/100|[from] U-turn
|
|upkeep
|
|t:|1758932175
|switch|p2a: MissMe=UvoteTrump|Riolu, F, shiny|100/100
|turn|14
|
|t:|1758932178
|move|p2a: MissMe=UvoteTrump|Dig||[still]
|-prepare|p2a: MissMe=UvoteTrump|Dig
|move|p1a: Slowking|Thunder Wave|p2a: MissMe=UvoteTrump|[miss]
|-miss|p1a: Slowking|p2a: MissMe=UvoteTrump
|
|upkeep
|turn|15
|
|t:|1758932181
|switch|p1a: Lokix|Lokix, F, tera:Bug|100/100
|move|p2a: MissMe=UvoteTrump|Dig|p1a: Lokix|[from] lockedmove
|-resisted|p1a: Lokix
|-damage|p1a: Lokix|89/100
|
|upkeep
|turn|16
|
|t:|1758932183
|move|p2a: MissMe=UvoteTrump|Copycat|p2a: MissMe=UvoteTrump
|move|p2a: MissMe=UvoteTrump|Dig||[from] move: Copycat|[still]
|-prepare|p2a: MissMe=UvoteTrump|Dig
|move|p1a: Lokix|U-turn|p2a: MissMe=UvoteTrump|[miss]
|-miss|p1a: Lokix|p2a: MissMe=UvoteTrump
|
|upkeep
|turn|17
|
|t:|1758932188
|move|p1a: Lokix|U-turn|p2a: MissMe=UvoteTrump|[miss]
|-miss|p1a: Lokix|p2a: MissMe=UvoteTrump
|move|p2a: MissMe=UvoteTrump|Dig|p1a: Lokix|[from] lockedmove
|-resisted|p1a: Lokix
|-damage|p1a: Lokix|76/100
|
|upkeep
|turn|18
|
|t:|1758932191
|switch|p1a: Primarina|Primarina, M|100/100
|move|p2a: MissMe=UvoteTrump|Copycat|p2a: MissMe=UvoteTrump
|move|p2a: MissMe=UvoteTrump|Dig||[from] move: Copycat|[still]
|-prepare|p2a: MissMe=UvoteTrump|Dig
|
|upkeep
|turn|19
|
|t:|1758932196
|move|p1a: Primarina|Flip Turn|p2a: MissMe=UvoteTrump|[miss]
|-miss|p1a: Primarina|p2a: MissMe=UvoteTrump
|move|p2a: MissMe=UvoteTrump|Dig|p1a: Primarina|[from] lockedmove
|-damage|p1a: Primarina|77/100
|
|upkeep
|turn|20
|
|t:|1758932198
|move|p2a: MissMe=UvoteTrump|Copycat|p2a: MissMe=UvoteTrump
|move|p2a: MissMe=UvoteTrump|Dig||[from] move: Copycat|[still]
|-prepare|p2a: MissMe=UvoteTrump|Dig
|move|p1a: Primarina|Flip Turn|p2a: MissMe=UvoteTrump|[miss]
|-miss|p1a: Primarina|p2a: MissMe=UvoteTrump
|
|upkeep
|turn|21
|
|t:|1758932200
|move|p1a: Primarina|Flip Turn|p2a: MissMe=UvoteTrump|[miss]
|-miss|p1a: Primarina|p2a: MissMe=UvoteTrump
|move|p2a: MissMe=UvoteTrump|Dig|p1a: Primarina|[from] lockedmove
|-damage|p1a: Primarina|55/100
|
|upkeep
|turn|22
|
|t:|1758932203
|move|p2a: MissMe=UvoteTrump|Copycat|p2a: MissMe=UvoteTrump
|move|p2a: MissMe=UvoteTrump|Dig||[from] move: Copycat|[still]
|-prepare|p2a: MissMe=UvoteTrump|Dig
|move|p1a: Primarina|Flip Turn|p2a: MissMe=UvoteTrump|[miss]
|-miss|p1a: Primarina|p2a: MissMe=UvoteTrump
|
|upkeep
|turn|23
|
|t:|1758932205
|move|p1a: Primarina|Flip Turn|p2a: MissMe=UvoteTrump|[miss]
|-miss|p1a: Primarina|p2a: MissMe=UvoteTrump
|move|p2a: MissMe=UvoteTrump|Dig|p1a: Primarina|[from] lockedmove
|-damage|p1a: Primarina|30/100
|
|upkeep
|turn|24
|
|t:|1758932207
|move|p2a: MissMe=UvoteTrump|Copycat|p2a: MissMe=UvoteTrump
|move|p2a: MissMe=UvoteTrump|Dig||[from] move: Copycat|[still]
|-prepare|p2a: MissMe=UvoteTrump|Dig
|move|p1a: Primarina|Flip Turn|p2a: MissMe=UvoteTrump|[miss]
|-miss|p1a: Primarina|p2a: MissMe=UvoteTrump
|
|upkeep
|turn|25
|
|t:|1758932208
|move|p1a: Primarina|Flip Turn|p2a: MissMe=UvoteTrump|[miss]
|-miss|p1a: Primarina|p2a: MissMe=UvoteTrump
|move|p2a: MissMe=UvoteTrump|Dig|p1a: Primarina|[from] lockedmove
|-damage|p1a: Primarina|8/100
|
|upkeep
|turn|26
|
|t:|1758932210
|move|p2a: MissMe=UvoteTrump|Copycat|p2a: MissMe=UvoteTrump
|move|p2a: MissMe=UvoteTrump|Dig||[from] move: Copycat|[still]
|-prepare|p2a: MissMe=UvoteTrump|Dig
|move|p1a: Primarina|Flip Turn|p2a: MissMe=UvoteTrump|[miss]
|-miss|p1a: Primarina|p2a: MissMe=UvoteTrump
|
|upkeep
|turn|27
|
|t:|1758932212
|move|p1a: Primarina|Flip Turn|p2a: MissMe=UvoteTrump|[miss]
|-miss|p1a: Primarina|p2a: MissMe=UvoteTrump
|move|p2a: MissMe=UvoteTrump|Dig|p1a: Primarina|[from] lockedmove
|-damage|p1a: Primarina|0 fnt
|faint|p1a: Primarina
|
|upkeep
|
|t:|1758932214
|switch|p1a: Lokix|Lokix, F, tera:Bug|76/100
|turn|28
|
|t:|1758932220
|move|p2a: MissMe=UvoteTrump|Copycat|p2a: MissMe=UvoteTrump
|move|p2a: MissMe=UvoteTrump|Dig||[from] move: Copycat|[still]
|-prepare|p2a: MissMe=UvoteTrump|Dig
|move|p1a: Lokix|Leech Life|p2a: MissMe=UvoteTrump|[miss]
|-miss|p1a: Lokix|p2a: MissMe=UvoteTrump
|
|upkeep
|turn|29
|
|t:|1758932223
|move|p1a: Lokix|Leech Life|p2a: MissMe=UvoteTrump|[miss]
|-miss|p1a: Lokix|p2a: MissMe=UvoteTrump
|move|p2a: MissMe=UvoteTrump|Dig|p1a: Lokix|[from] lockedmove
|-resisted|p1a: Lokix
|-damage|p1a: Lokix|64/100
|
|upkeep
|turn|30
|
|t:|1758932225
|move|p2a: MissMe=UvoteTrump|Copycat|p2a: MissMe=UvoteTrump
|move|p2a: MissMe=UvoteTrump|Dig||[from] move: Copycat|[still]
|-prepare|p2a: MissMe=UvoteTrump|Dig
|move|p1a: Lokix|Leech Life|p2a: MissMe=UvoteTrump|[miss]
|-miss|p1a: Lokix|p2a: MissMe=UvoteTrump
|
|upkeep
|turn|31
|
|t:|1758932227
|move|p1a: Lokix|Leech Life|p2a: MissMe=UvoteTrump|[miss]
|-miss|p1a: Lokix|p2a: MissMe=UvoteTrump
|move|p2a: MissMe=UvoteTrump|Dig|p1a: Lokix|[from] lockedmove
|-resisted|p1a: Lokix
|-damage|p1a: Lokix|52/100
|
|upkeep
|turn|32
|
|t:|1758932231
|move|p2a: MissMe=UvoteTrump|Copycat|p2a: MissMe=UvoteTrump
|move|p2a: MissMe=UvoteTrump|Dig||[from] move: Copycat|[still]
|-prepare|p2a: MissMe=UvoteTrump|Dig
|move|p1a: Lokix|Leech Life|p2a: MissMe=UvoteTrump|[miss]
|-miss|p1a: Lokix|p2a: MissMe=UvoteTrump
|
|upkeep
|turn|33
|
|t:|1758932232
|move|p1a: Lokix|Leech Life|p2a: MissMe=UvoteTrump|[miss]
|-miss|p1a: Lokix|p2a: MissMe=UvoteTrump
|move|p2a: MissMe=UvoteTrump|Dig|p1a: Lokix|[from] lockedmove
|-resisted|p1a: Lokix
|-damage|p1a: Lokix|40/100
|
|upkeep
|turn|34
|
|t:|1758932233
|move|p2a: MissMe=UvoteTrump|Copycat|p2a: MissMe=UvoteTrump
|move|p2a: MissMe=UvoteTrump|Dig||[from] move: Copycat|[still]
|-prepare|p2a: MissMe=UvoteTrump|Dig
|move|p1a: Lokix|Leech Life|p2a: MissMe=UvoteTrump|[miss]
|-miss|p1a: Lokix|p2a: MissMe=UvoteTrump
|
|upkeep
|turn|35
|
|t:|1758932234
|move|p1a: Lokix|Leech Life|p2a: MissMe=UvoteTrump|[miss]
|-miss|p1a: Lokix|p2a: MissMe=UvoteTrump
|move|p2a: MissMe=UvoteTrump|Dig|p1a: Lokix|[from] lockedmove
|-resisted|p1a: Lokix
|-damage|p1a: Lokix|28/100
|
|upkeep
|turn|36
|
|t:|1758932236
|move|p2a: MissMe=UvoteTrump|Copycat|p2a: MissMe=UvoteTrump
|move|p2a: MissMe=UvoteTrump|Dig||[from] move: Copycat|[still]
|-prepare|p2a: MissMe=UvoteTrump|Dig
|move|p1a: Lokix|Leech Life|p2a: MissMe=UvoteTrump|[miss]
|-miss|p1a: Lokix|p2a: MissMe=UvoteTrump
|
|upkeep
|turn|37
|
|t:|1758932240
|switch|p1a: Kyurem|Kyurem|76/100
|-ability|p1a: Kyurem|Pressure
|move|p2a: MissMe=UvoteTrump|Dig|p1a: Kyurem|[from] lockedmove
|-damage|p1a: Kyurem|55/100
|
|upkeep
|turn|38
|
|t:|1758932241
|move|p2a: MissMe=UvoteTrump|Copycat|p2a: MissMe=UvoteTrump
|move|p2a: MissMe=UvoteTrump|Dig||[from] move: Copycat|[still]
|-prepare|p2a: MissMe=UvoteTrump|Dig
|move|p1a: Kyurem|Scale Shot|p2a: MissMe=UvoteTrump|[miss]
|-miss|p1a: Kyurem|p2a: MissMe=UvoteTrump
|
|upkeep
|turn|39
|
|t:|1758932243
|move|p1a: Kyurem|Scale Shot|p2a: MissMe=UvoteTrump|[miss]
|-miss|p1a: Kyurem|p2a: MissMe=UvoteTrump
|move|p2a: MissMe=UvoteTrump|Dig|p1a: Kyurem|[from] lockedmove
|-damage|p1a: Kyurem|36/100
|
|upkeep
|turn|40
|
|t:|1758932245
|move|p2a: MissMe=UvoteTrump|Copycat|p2a: MissMe=UvoteTrump
|move|p2a: MissMe=UvoteTrump|Dig||[from] move: Copycat|[still]
|-prepare|p2a: MissMe=UvoteTrump|Dig
|move|p1a: Kyurem|Scale Shot|p2a: MissMe=UvoteTrump|[miss]
|-miss|p1a: Kyurem|p2a: MissMe=UvoteTrump
|
|upkeep
|turn|41
|
|t:|1758932246
|move|p1a: Kyurem|Scale Shot|p2a: MissMe=UvoteTrump|[miss]
|-miss|p1a: Kyurem|p2a: MissMe=UvoteTrump
|move|p2a: MissMe=UvoteTrump|Dig|p1a: Kyurem|[from] lockedmove
|-damage|p1a: Kyurem|17/100
|
|upkeep
|turn|42
|
|t:|1758932247
|move|p2a: MissMe=UvoteTrump|Copycat|p2a: MissMe=UvoteTrump
|move|p2a: MissMe=UvoteTrump|Dig||[from] move: Copycat|[still]
|-prepare|p2a: MissMe=UvoteTrump|Dig
|move|p1a: Kyurem|Scale Shot|p2a: MissMe=UvoteTrump|[miss]
|-miss|p1a: Kyurem|p2a: MissMe=UvoteTrump
|
|upkeep
|turn|43
|
|t:|1758932248
|move|p1a: Kyurem|Scale Shot|p2a: MissMe=UvoteTrump|[miss]
|-miss|p1a: Kyurem|p2a: MissMe=UvoteTrump
|move|p2a: MissMe=UvoteTrump|Dig|p1a: Kyurem|[from] lockedmove
|-damage|p1a: Kyurem|0 fnt
|faint|p1a: Kyurem
|
|upkeep
|
|t:|1758932249
|switch|p1a: Lokix|Lokix, F, tera:Bug|28/100
|turn|44
|
|t:|1758932251
|move|p1a: Lokix|First Impression|p2a: MissMe=UvoteTrump
|-resisted|p2a: MissMe=UvoteTrump
|-damage|p2a: MissMe=UvoteTrump|0 fnt
|faint|p2a: MissMe=UvoteTrump
|
|upkeep
|
|t:|1758932255
|switch|p2a: Cell|Ditto|100/100
|-transform|p2a: Cell|p1a: Lokix|[from] ability: Imposter
|turn|45
|
|t:|1758932271
|switch|p1a: Slowking|Slowking-Galar, F|100/100
|move|p2a: Cell|Leech Life|p1a: Slowking
|-damage|p1a: Slowking|62/100
|
|upkeep
|turn|46
|
|t:|1758932276
|move|p2a: Cell|Leech Life|p1a: Slowking
|-damage|p1a: Slowking|20/100
|-prepare|p1a: Slowking|Chilly Reception|[premajor]
|move|p1a: Slowking|Chilly Reception|p1a: Slowking
|-weather|Snowscape
|
|t:|1758932279
|switch|p1a: Cinderace|Cinderace, F|100/100|[from] Chilly Reception
|
|-weather|Snowscape|[upkeep]
|upkeep
|turn|47
|
|t:|1758932282
|move|p1a: Cinderace|U-turn|p2a: Cell
|-start|p1a: Cinderace|typechange|Bug|[from] ability: Libero
|-supereffective|p2a: Cell
|-damage|p2a: Cell|8/100
|
|t:|1758932284
|switch|p1a: Slowking|Slowking-Galar, F|53/100|[from] U-turn
|move|p2a: Cell|Leech Life|p1a: Slowking
|-damage|p1a: Slowking|15/100
|-heal|p2a: Cell|33/100|[from] drain|[of] p1a: Slowking
|
|-weather|Snowscape|[upkeep]
|upkeep
|turn|48
|
|t:|1758932286
|move|p2a: Cell|Leech Life|p1a: Slowking
|-damage|p1a: Slowking|0 fnt
|-heal|p2a: Cell|43/100|[from] drain|[of] p1a: Slowking
|faint|p1a: Slowking
|
|-weather|Snowscape|[upkeep]
|upkeep
|
|t:|1758932287
|switch|p1a: Lokix|Lokix, F, tera:Bug|28/100
|turn|49
|
|t:|1758932289
|move|p1a: Lokix|First Impression|p2a: Cell
|-supereffective|p2a: Cell
|-damage|p2a: Cell|0 fnt
|faint|p2a: Cell
|
|win|Bdjdbrjrhrb
|raw|Bdjdbrjrhrb's rating: 1135 &rarr; <strong>1156</strong><br />(+21 for winning)
|raw|YungWiiconnect24's rating: 1076 &rarr; <strong>1058</strong><br />(-18 for losing)
|l|☆YungWiiconnect24
|player|p2|
|l|☆Bdjdbrjrhrb
|player|p1|
