|j|☆kettkee
|j|☆xcPurple
|t:|1758966038
|gametype|singles
|player|p1|kettkee|cyclist-gen4|1410
|player|p2|xcPurple|rosa|1378
|gen|9
|tier|[Gen 9] OU
|rated|
|rule|HP Percentage Mod: HP is shown in percentages
|rule|Endless Battle Clause: Forcing endless battles is banned
|rule|Species Clause: Limit one of each Pokémon
|rule|OHKO Clause: OHKO moves are banned
|rule|Evasion Items Clause: Evasion items are banned
|rule|Evasion Moves Clause: Evasion moves are banned
|rule|Evasion Abilities Clause: Evasion abilities are banned
|rule|Sleep Moves Clause: Sleep-inducing moves are banned
|clearpoke
|poke|p1|Magnezone|
|poke|p1|Florges, F|
|poke|p1|Dudunsparce-*, F|
|poke|p1|Iron Thorns|
|poke|p1|Mew|
|poke|p1|Gholdengo|
|poke|p2|Galvantula, F|
|poke|p2|Gholdengo|
|poke|p2|Ting-Lu|
|poke|p2|Great Tusk|
|poke|p2|Dragapult, F|
|poke|p2|Ogerpon-Cornerstone, F|
|teampreview
|inactive|Battle timer is ON: inactive players will automatically lose when time's up. (requested by xcPurple)
|
|t:|1758966051
|teamsize|p1|6
|teamsize|p2|6
|start
|switch|p1a: Hits Those|Iron Thorns|100/100
|switch|p2a: Galvantula|Galvantula, F|100/100
|turn|1
|
|t:|1758966057
|move|p2a: Galvantula|Sticky Web|p1a: Hits Those
|-sidestart|p1: kettkee|move: Sticky Web
|move|p1a: Hits Those|Stone Edge|p2a: Galvantula
|-supereffective|p2a: Galvantula
|-enditem|p2a: Galvantula|Focus Sash
|-damage|p2a: Galvantula|1/100
|
|upkeep
|turn|2
|
|t:|1758966069
|move|p2a: Galvantula|Thunder|p1a: Hits Those
|-resisted|p1a: Hits Those
|-damage|p1a: Hits Those|72/100
|move|p1a: Hits Those|Dragon Dance|p1a: Hits Those
|-boost|p1a: Hits Those|atk|1
|-boost|p1a: Hits Those|spe|1
|
|upkeep
|turn|3
|
|t:|1758966075
|move|p1a: Hits Those|Ice Punch|p2a: Galvantula
|-damage|p2a: Galvantula|0 fnt
|faint|p2a: Galvantula
|
|upkeep
|
|t:|1758966078
|switch|p2a: Dragapult|Dragapult, F, shiny|100/100
|turn|4
|
|t:|1758966083
|move|p2a: Dragapult|Will-O-Wisp|p1a: Hits Those
|-status|p1a: Hits Those|brn
|move|p1a: Hits Those|Ice Punch|p2a: Dragapult
|-supereffective|p2a: Dragapult
|-damage|p2a: Dragapult|52/100
|
|-damage|p1a: Hits Those|65/100 brn|[from] brn
|upkeep
|turn|5
|
|t:|1758966090
|move|p2a: Dragapult|Reflect|p2a: Dragapult
|-sidestart|p2: xcPurple|Reflect
|move|p1a: Hits Those|Dragon Dance|p1a: Hits Those
|-boost|p1a: Hits Those|atk|1
|-boost|p1a: Hits Those|spe|1
|
|-damage|p1a: Hits Those|59/100 brn|[from] brn
|upkeep
|turn|6
|
|t:|1758966102
|switch|p2a: Ogerpon|Ogerpon-Cornerstone, F|100/100
|move|p1a: Hits Those|Ice Punch|p2a: Ogerpon
|-supereffective|p2a: Ogerpon
|-damage|p2a: Ogerpon|65/100
|
|-damage|p1a: Hits Those|53/100 brn|[from] brn
|upkeep
|turn|7
|
|t:|1758966109
|move|p1a: Hits Those|Ice Punch|p2a: Ogerpon
|-supereffective|p2a: Ogerpon
|-damage|p2a: Ogerpon|29/100
|move|p2a: Ogerpon|Swords Dance|p2a: Ogerpon
|-boost|p2a: Ogerpon|atk|2
|
|-damage|p1a: Hits Those|47/100 brn|[from] brn
|upkeep
|turn|8
|
|t:|1758966112
|move|p1a: Hits Those|Ice Punch|p2a: Ogerpon
|-supereffective|p2a: Ogerpon
|-damage|p2a: Ogerpon|0 fnt
|faint|p2a: Ogerpon
|
|-damage|p1a: Hits Those|41/100 brn|[from] brn
|upkeep
|
|t:|1758966117
|switch|p2a: Great Tusk|Great Tusk, shiny|100/100
|turn|9
|
|t:|1758966124
|move|p1a: Hits Those|Ice Punch|p2a: Great Tusk
|-supereffective|p2a: Great Tusk
|-damage|p2a: Great Tusk|82/100
|move|p2a: Great Tusk|Knock Off|p1a: Hits Those
|-damage|p1a: Hits Those|11/100 brn
|-enditem|p1a: Hits Those|Wide Lens|[from] move: Knock Off|[of] p2a: Great Tusk
|
|-damage|p1a: Hits Those|5/100 brn|[from] brn
|upkeep
|turn|10
|
|t:|1758966128
|move|p1a: Hits Those|Ice Punch|p2a: Great Tusk
|-supereffective|p2a: Great Tusk
|-damage|p2a: Great Tusk|62/100
|move|p2a: Great Tusk|Rapid Spin|p1a: Hits Those
|-resisted|p1a: Hits Those
|-crit|p1a: Hits Those
|-damage|p1a: Hits Those|0 fnt
|-boost|p2a: Great Tusk|spe|1
|faint|p1a: Hits Those
|-end|p1a: Hits Those|Quark Drive|[silent]
|
|upkeep
|
|t:|1758966133
|switch|p1a: That'sHowItWorks?|Florges, F|100/100
|turn|11
|
|t:|1758966141
|-end|p2a: Great Tusk|Protosynthesis|[silent]
|switch|p2a: Gholdengo|Gholdengo, shiny|100/100
|-item|p2a: Gholdengo|Air Balloon
|move|p1a: That'sHowItWorks?|Calm Mind|p1a: That'sHowItWorks?
|-boost|p1a: That'sHowItWorks?|spa|1
|-boost|p1a: That'sHowItWorks?|spd|1
|
|upkeep
|turn|12
|
|t:|1758966149
|-terastallize|p1a: That'sHowItWorks?|Grass
|move|p2a: Gholdengo|Nasty Plot|p2a: Gholdengo
|-boost|p2a: Gholdengo|spa|2
|move|p1a: That'sHowItWorks?|Moonblast|p2a: Gholdengo
|-resisted|p2a: Gholdengo
|-damage|p2a: Gholdengo|73/100
|-enditem|p2a: Gholdengo|Air Balloon
|
|-sideend|p2: xcPurple|Reflect
|upkeep
|turn|13
|
|t:|1758966161
|move|p2a: Gholdengo|Make It Rain|p1a: That'sHowItWorks?
|-damage|p1a: That'sHowItWorks?|50/100
|-unboost|p2a: Gholdengo|spa|1
|move|p1a: That'sHowItWorks?|Moonblast|p2a: Gholdengo
|-resisted|p2a: Gholdengo
|-damage|p2a: Gholdengo|45/100
|-unboost|p2a: Gholdengo|spa|1
|
|upkeep
|turn|14
|
|t:|1758966174
|move|p2a: Gholdengo|Recover|p2a: Gholdengo
|-heal|p2a: Gholdengo|95/100
|move|p1a: That'sHowItWorks?|Giga Drain|p2a: Gholdengo
|-resisted|p2a: Gholdengo
|-damage|p2a: Gholdengo|72/100
|-heal|p1a: That'sHowItWorks?|61/100|[from] drain|[of] p2a: Gholdengo
|
|upkeep
|turn|15
|
|t:|1758966180
|move|p2a: Gholdengo|Nasty Plot|p2a: Gholdengo
|-boost|p2a: Gholdengo|spa|2
|move|p1a: That'sHowItWorks?|Psychic Noise|p2a: Gholdengo
|-resisted|p2a: Gholdengo
|-damage|p2a: Gholdengo|58/100
|-start|p2a: Gholdengo|move: Heal Block
|
|upkeep
|turn|16
|
|t:|1758966184
|switch|p1a: OG Zone|Magnezone|100/100
|-activate|p1a: OG Zone|move: Sticky Web
|-unboost|p1a: OG Zone|spe|1
|move|p2a: Gholdengo|Make It Rain|p1a: OG Zone
|-resisted|p1a: OG Zone
|-damage|p1a: OG Zone|64/100
|-unboost|p2a: Gholdengo|spa|1
|
|-end|p2a: Gholdengo|move: Heal Block
|upkeep
|turn|17
|
|t:|1758966192
|switch|p2a: Ting-Lu|Ting-Lu|100/100
|-ability|p2a: Ting-Lu|Vessel of Ruin
|switch|p1a: Spar|Dudunsparce-Three-Segment, F|100/100
|-activate|p1a: Spar|move: Sticky Web
|-unboost|p1a: Spar|spe|1
|
|upkeep
|turn|18
|
|t:|1758966201
|switch|p1a: That'sHowItWorks?|Florges, F, tera:Grass|61/100
|move|p2a: Ting-Lu|Stealth Rock|p1a: That'sHowItWorks?
|-sidestart|p1: kettkee|move: Stealth Rock
|
|upkeep
|turn|19
|
|t:|1758966212
|-terastallize|p2a: Ting-Lu|Ghost
|move|p1a: That'sHowItWorks?|Giga Drain|p2a: Ting-Lu
|-damage|p2a: Ting-Lu|87/100
|-heal|p1a: That'sHowItWorks?|70/100|[from] drain|[of] p2a: Ting-Lu
|move|p2a: Ting-Lu|Spikes|p1a: That'sHowItWorks?
|-sidestart|p1: kettkee|Spikes
|
|upkeep
|turn|20
|
|t:|1758966219
|move|p1a: That'sHowItWorks?|Calm Mind|p1a: That'sHowItWorks?
|-boost|p1a: That'sHowItWorks?|spa|1
|-boost|p1a: That'sHowItWorks?|spd|1
|move|p2a: Ting-Lu|Spikes|p1a: That'sHowItWorks?
|-sidestart|p1: kettkee|Spikes
|
|upkeep
|turn|21
|
|t:|1758966221
|move|p1a: That'sHowItWorks?|Giga Drain|p2a: Ting-Lu
|-damage|p2a: Ting-Lu|65/100
|-heal|p1a: That'sHowItWorks?|86/100|[from] drain|[of] p2a: Ting-Lu
|move|p2a: Ting-Lu|Whirlwind|p1a: That'sHowItWorks?
|drag|p1a: OG Zone|Magnezone|64/100
|-activate|p1a: OG Zone|move: Sticky Web
|-unboost|p1a: OG Zone|spe|1
|-damage|p1a: OG Zone|58/100|[from] Stealth Rock
|-damage|p1a: OG Zone|41/100|[from] Spikes
|
|upkeep
|turn|22
|
|t:|1758966228
|move|p1a: OG Zone|Steel Beam|p2a: Ting-Lu
|-damage|p2a: Ting-Lu|28/100
|-damage|p1a: OG Zone|0 fnt|[from] steelbeam
|faint|p1a: OG Zone
|-enditem|p2a: Ting-Lu|Sitrus Berry|[eat]
|-heal|p2a: Ting-Lu|53/100|[from] item: Sitrus Berry
|move|p2a: Ting-Lu|Earthquake|p1: OG Zone|[notarget]
|-fail|p2a: Ting-Lu
|
|upkeep
|
|t:|1758966236
|switch|p1a: That'sHowItWorks?|Florges, F, tera:Grass|86/100
|turn|23
|
|t:|1758966240
|move|p1a: That'sHowItWorks?|Moonblast|p2a: Ting-Lu
|-damage|p2a: Ting-Lu|35/100
|-unboost|p2a: Ting-Lu|spa|1
|move|p2a: Ting-Lu|Spikes|p1a: That'sHowItWorks?
|-sidestart|p1: kettkee|Spikes
|
|upkeep
|turn|24
|
|t:|1758966244
|move|p1a: That'sHowItWorks?|Moonblast|p2a: Ting-Lu
|-damage|p2a: Ting-Lu|16/100
|move|p2a: Ting-Lu|Whirlwind|p1a: That'sHowItWorks?
|drag|p1a: Gholdengo|Gholdengo|100/100
|-activate|p1a: Gholdengo|move: Sticky Web
|-unboost|p1a: Gholdengo|spe|1
|-damage|p1a: Gholdengo|94/100|[from] Stealth Rock
|-damage|p1a: Gholdengo|69/100|[from] Spikes
|
|upkeep
|turn|25
|
|t:|1758966252
|move|p1a: Gholdengo|Shadow Ball|p2a: Ting-Lu
|-supereffective|p2a: Ting-Lu
|-crit|p2a: Ting-Lu
|-damage|p2a: Ting-Lu|0 fnt
|faint|p2a: Ting-Lu
|
|upkeep
|
|t:|1758966260
|switch|p2a: Great Tusk|Great Tusk, shiny|62/100
|turn|26
|
|t:|1758966269
|move|p2a: Great Tusk|Headlong Rush|p1a: Gholdengo
|-supereffective|p1a: Gholdengo
|-damage|p1a: Gholdengo|0 fnt
|-unboost|p2a: Great Tusk|def|1
|-unboost|p2a: Great Tusk|spd|1
|faint|p1a: Gholdengo
|
|upkeep
|
|t:|1758966271
|switch|p1a: That'sHowItWorks?|Florges, F, tera:Grass|86/100
|turn|27
|
|t:|1758966275
|-end|p2a: Great Tusk|Protosynthesis|[silent]
|switch|p2a: Gholdengo|Gholdengo, shiny|58/100
|move|p1a: That'sHowItWorks?|Calm Mind|p1a: That'sHowItWorks?
|-boost|p1a: That'sHowItWorks?|spa|1
|-boost|p1a: That'sHowItWorks?|spd|1
|
|upkeep
|turn|28
|
|t:|1758966283
|move|p2a: Gholdengo|Recover|p2a: Gholdengo
|-heal|p2a: Gholdengo|100/100
|move|p1a: That'sHowItWorks?|Moonblast|p2a: Gholdengo
|-resisted|p2a: Gholdengo
|-damage|p2a: Gholdengo|72/100
|
|upkeep
|turn|29
|
|t:|1758966288
|switch|p2a: Great Tusk|Great Tusk, shiny|62/100
|move|p1a: That'sHowItWorks?|Moonblast|p2a: Great Tusk
|-supereffective|p2a: Great Tusk
|-damage|p2a: Great Tusk|0 fnt
|faint|p2a: Great Tusk
|-end|p2a: Great Tusk|Protosynthesis|[silent]
|
|upkeep
|
|t:|1758966292
|switch|p2a: Dragapult|Dragapult, F, shiny|52/100
|turn|30
|
|t:|1758966296
|move|p2a: Dragapult|Light Screen|p2a: Dragapult
|-sidestart|p2: xcPurple|move: Light Screen
|move|p1a: That'sHowItWorks?|Moonblast|p2a: Dragapult
|-supereffective|p2a: Dragapult
|-damage|p2a: Dragapult|0 fnt
|faint|p2a: Dragapult
|
|upkeep
|
|t:|1758966298
|switch|p2a: Gholdengo|Gholdengo, shiny|72/100
|turn|31
|
|t:|1758966307
|move|p2a: Gholdengo|Nasty Plot|p2a: Gholdengo
|-boost|p2a: Gholdengo|spa|2
|move|p1a: That'sHowItWorks?|Psychic Noise|p2a: Gholdengo
|-resisted|p2a: Gholdengo
|-damage|p2a: Gholdengo|65/100
|-start|p2a: Gholdengo|move: Heal Block
|
|upkeep
|turn|32
|
|t:|1758966313
|move|p2a: Gholdengo|Nasty Plot|p2a: Gholdengo
|-boost|p2a: Gholdengo|spa|2
|move|p1a: That'sHowItWorks?|Moonblast|p2a: Gholdengo
|-resisted|p2a: Gholdengo
|-damage|p2a: Gholdengo|51/100
|
|-end|p2a: Gholdengo|move: Heal Block
|upkeep
|turn|33
|
|t:|1758966318
|move|p2a: Gholdengo|Make It Rain|p1a: That'sHowItWorks?
|-damage|p1a: That'sHowItWorks?|6/100
|-unboost|p2a: Gholdengo|spa|1
|move|p1a: That'sHowItWorks?|Psychic Noise|p2a: Gholdengo
|-resisted|p2a: Gholdengo
|-damage|p2a: Gholdengo|43/100
|-start|p2a: Gholdengo|move: Heal Block
|
|upkeep
|turn|34
|
|t:|1758966323
|move|p2a: Gholdengo|Shadow Ball|p1a: That'sHowItWorks?
|-damage|p1a: That'sHowItWorks?|0 fnt
|faint|p1a: That'sHowItWorks?
|
|-end|p2a: Gholdengo|move: Heal Block
|upkeep
|
|t:|1758966324
|switch|p1a: Spar|Dudunsparce-Three-Segment, F|100/100
|-activate|p1a: Spar|move: Sticky Web
|-unboost|p1a: Spar|spe|1
|-damage|p1a: Spar|88/100|[from] Stealth Rock
|-damage|p1a: Spar|63/100|[from] Spikes
|turn|35
|
|t:|1758966327
|move|p2a: Gholdengo|Make It Rain|p1a: Spar
|-damage|p1a: Spar|0 fnt
|-unboost|p2a: Gholdengo|spa|1
|faint|p1a: Spar
|
|upkeep
|
|t:|1758966329
|switch|p1a: 20% Please!😭|Mew|100/100
|-activate|p1a: 20% Please!😭|move: Sticky Web
|-unboost|p1a: 20% Please!😭|spe|1
|-damage|p1a: 20% Please!😭|88/100|[from] Stealth Rock
|-damage|p1a: 20% Please!😭|63/100|[from] Spikes
|turn|36
|
|t:|1758966332
|move|p2a: Gholdengo|Recover|p2a: Gholdengo
|-heal|p2a: Gholdengo|93/100
|move|p1a: 20% Please!😭|Earthquake|p2a: Gholdengo
|-supereffective|p2a: Gholdengo
|-damage|p2a: Gholdengo|37/100
|
|upkeep
|turn|37
|
|t:|1758966336
|move|p2a: Gholdengo|Shadow Ball|p1a: 20% Please!😭
|-supereffective|p1a: 20% Please!😭
|-damage|p1a: 20% Please!😭|0 fnt
|faint|p1a: 20% Please!😭
|
|win|xcPurple
|raw|kettkee's rating: 1410 &rarr; <strong>1388</strong><br />(-22 for losing)
|raw|xcPurple's rating: 1378 &rarr; <strong>1400</strong><br />(+22 for winning)
|l|☆kettkee
|player|p1|
|l|☆xcPurple
|player|p2|
