|badge|p2|bronze|gen9ou|100-6
|html|<div class="broadcast-red"><strong>This battle is required to be public due to one or more player having a season medal.</strong><br />During the public phase, you can discuss the state of the ladder <a href="/seasondiscussion">in a special chatroom.</a></div>
|uhtml|medal-msg|<div class="broadcast-blue">Curious what those medals under the avatar are? PS now has Ladder Seasons! For more information, check out the <a href="https://www.smogon.com/forums/threads/3740067/">thread on Smogon.</a></div>
|j|☆WeR#4Hay!
|j|‽JackRG1
|t:|1759012385
|gametype|singles
|player|p1|WeR#4Hay!|170|1686
|player|p2|JackRG1|dawn-gen4pt|1861
|gen|9
|tier|[Gen 9] OU
|rated|
|rule|HP Percentage Mod: HP is shown in percentages
|rule|Endless Battle Clause: Forcing endless battles is banned
|rule|Species Clause: Limit one of each Pokémon
|rule|OHKO Clause: OHKO moves are banned
|rule|Evasion Items Clause: Evasion items are banned
|rule|Evasion Moves Clause: Evasion moves are banned
|rule|Evasion Abilities Clause: Evasion abilities are banned
|rule|Sleep Moves Clause: Sleep-inducing moves are banned
|clearpoke
|poke|p1|Hydrapple, M|
|poke|p1|Slowking, F|
|poke|p1|Iron Treads|
|poke|p1|Moltres|
|poke|p1|Zamazenta-*|
|poke|p1|Kingambit, F|
|poke|p2|Weezing-Galar, M|
|poke|p2|Ting-Lu|
|poke|p2|Corviknight, F|
|poke|p2|Skeledirge, F|
|poke|p2|Dragapult, M|
|poke|p2|Ogerpon-Wellspring, F|
|teampreview
|inactive|Battle timer is ON: inactive players will automatically lose when time's up. (requested by JackRG1)
|inactive|WeR#4Hay! has 120 seconds left.
|inactive|JackRG1 has 120 seconds left.
|inactive|JackRG1 has 90 seconds left.
|
|t:|1759012447
|teamsize|p1|6
|teamsize|p2|6
|start
|switch|p1a: Hydrapple|Hydrapple, M|100/100
|switch|p2a: Ting-Lu|Ting-Lu, shiny|100/100
|-ability|p2a: Ting-Lu|Vessel of Ruin
|turn|1
|j| amefurikoneko
|
|t:|1759012464
|move|p1a: Hydrapple|Nasty Plot|p1a: Hydrapple
|-boost|p1a: Hydrapple|spa|2
|move|p2a: Ting-Lu|Stealth Rock|p1a: Hydrapple
|-sidestart|p1: WeR#4Hay!|move: Stealth Rock
|
|upkeep
|turn|2
|
|t:|1759012472
|switch|p2a: Skeledirge|Skeledirge, F|100/100
|move|p1a: Hydrapple|Leaf Storm|p2a: Skeledirge
|-resisted|p2a: Skeledirge
|-damage|p2a: Skeledirge|69/100
|-unboost|p1a: Hydrapple|spa|2
|-damage|p1a: Hydrapple|91/100|[from] item: Life Orb
|
|upkeep
|turn|3
|
|t:|1759012477
|move|p2a: Skeledirge|Will-O-Wisp|p1a: Hydrapple
|-status|p1a: Hydrapple|brn
|move|p1a: Hydrapple|Earth Power|p2a: Skeledirge
|-supereffective|p2a: Skeledirge
|-damage|p2a: Skeledirge|6/100
|-damage|p1a: Hydrapple|81/100 brn|[from] item: Life Orb
|
|-damage|p1a: Hydrapple|75/100 brn|[from] brn
|upkeep
|turn|4
|
|t:|1759012483
|switch|p2a: Corviknight|Corviknight, F|100/100
|-ability|p2a: Corviknight|Pressure
|move|p1a: Hydrapple|Earth Power|p2a: Corviknight
|-immune|p2a: Corviknight
|
|-damage|p1a: Hydrapple|69/100 brn|[from] brn
|upkeep
|turn|5
|
|t:|1759012486
|switch|p1a: Moltres|Moltres|100/100
|move|p2a: Corviknight|U-turn|p1a: Moltres
|-resisted|p1a: Moltres
|-damage|p1a: Moltres|98/100
|
|t:|1759012490
|switch|p2a: Ogerpon|Ogerpon-Wellspring, F|100/100|[from] U-turn
|
|upkeep
|turn|6
|
|t:|1759012494
|switch|p1a: Hydrapple|Hydrapple, M|100/100 brn
|-damage|p1a: Hydrapple|88/100 brn|[from] Stealth Rock
|move|p2a: Ogerpon|Spikes|p1a: Hydrapple
|-sidestart|p1: WeR#4Hay!|Spikes
|
|-damage|p1a: Hydrapple|82/100 brn|[from] brn
|upkeep
|turn|7
|
|t:|1759012500
|move|p2a: Ogerpon|Knock Off|p1a: Hydrapple
|-damage|p1a: Hydrapple|51/100 brn
|-enditem|p1a: Hydrapple|Life Orb|[from] move: Knock Off|[of] p2a: Ogerpon
|move|p1a: Hydrapple|Fickle Beam|p2a: Ogerpon
|-damage|p2a: Ogerpon|56/100
|
|-damage|p1a: Hydrapple|45/100 brn|[from] brn
|upkeep
|turn|8
|
|t:|1759012507
|switch|p2a: Skeledirge|Skeledirge, F|6/100
|switch|p1a: Moltres|Moltres|98/100
|
|upkeep
|turn|9
|
|t:|1759012511
|switch|p2a: Dragapult|Dragapult, M|100/100
|move|p1a: Moltres|Flamethrower|p2a: Dragapult
|-resisted|p2a: Dragapult
|-damage|p2a: Dragapult|74/100
|
|upkeep
|turn|10
|j| Lamp0821
|
|t:|1759012516
|move|p2a: Dragapult|Shadow Ball|p1a: Moltres
|-damage|p1a: Moltres|46/100
|-unboost|p1a: Moltres|spd|1
|move|p1a: Moltres|U-turn|p2a: Dragapult
|-resisted|p2a: Dragapult
|-damage|p2a: Dragapult|65/100
|l| Lamp0821
|
|t:|1759012523
|switch|p1a: Iron Treads|Iron Treads|100/100|[from] U-turn
|-damage|p1a: Iron Treads|98/100|[from] Stealth Rock
|-damage|p1a: Iron Treads|85/100|[from] Spikes
|
|-heal|p1a: Iron Treads|91/100|[from] item: Leftovers
|upkeep
|turn|11
|j| IM AT MY LIMIT
|
|t:|1759012545
|switch|p2a: Ogerpon|Ogerpon-Wellspring, F|56/100
|move|p1a: Iron Treads|Knock Off|p2a: Ogerpon
|-damage|p2a: Ogerpon|40/100
|
|-heal|p1a: Iron Treads|97/100|[from] item: Leftovers
|upkeep
|turn|12
|
|t:|1759012555
|move|p2a: Ogerpon|Ivy Cudgel|p1a: Iron Treads|[anim] Ivy Cudgel Water
|-supereffective|p1a: Iron Treads
|-damage|p1a: Iron Treads|12/100
|move|p1a: Iron Treads|Rapid Spin|p2a: Ogerpon
|-crit|p2a: Ogerpon
|-damage|p2a: Ogerpon|18/100
|-boost|p1a: Iron Treads|spe|1
|-sideend|p1: WeR#4Hay!|Spikes|[from] move: Rapid Spin|[of] p1a: Iron Treads
|-sideend|p1: WeR#4Hay!|Stealth Rock|[from] move: Rapid Spin|[of] p1a: Iron Treads
|
|-heal|p1a: Iron Treads|18/100|[from] item: Leftovers
|upkeep
|turn|13
|
|t:|1759012559
|switch|p2a: Ting-Lu|Ting-Lu, shiny|100/100
|-ability|p2a: Ting-Lu|Vessel of Ruin
|move|p1a: Iron Treads|Ice Spinner|p2a: Ting-Lu
|-supereffective|p2a: Ting-Lu
|-damage|p2a: Ting-Lu|80/100
|
|-heal|p1a: Iron Treads|24/100|[from] item: Leftovers
|-heal|p2a: Ting-Lu|86/100|[from] item: Leftovers
|upkeep
|turn|14
|
|t:|1759012571
|move|p1a: Iron Treads|Knock Off|p2a: Ting-Lu
|-resisted|p2a: Ting-Lu
|-damage|p2a: Ting-Lu|79/100
|-enditem|p2a: Ting-Lu|Leftovers|[from] move: Knock Off|[of] p1a: Iron Treads
|move|p2a: Ting-Lu|Stealth Rock|p1a: Iron Treads
|-sidestart|p1: WeR#4Hay!|move: Stealth Rock
|
|-heal|p1a: Iron Treads|30/100|[from] item: Leftovers
|upkeep
|turn|15
|
|t:|1759012580
|-end|p1a: Iron Treads|Quark Drive|[silent]
|switch|p1a: Hydrapple|Hydrapple, M|78/100 brn
|-damage|p1a: Hydrapple|66/100 brn|[from] Stealth Rock
|move|p2a: Ting-Lu|Earthquake|p1a: Hydrapple
|-resisted|p1a: Hydrapple
|-damage|p1a: Hydrapple|51/100 brn
|
|-damage|p1a: Hydrapple|45/100 brn|[from] brn
|upkeep
|turn|16
|
|t:|1759012587
|switch|p2a: Weezing|Weezing-Galar, M|100/100
|-ability|p2a: Weezing|Neutralizing Gas
|move|p1a: Hydrapple|Leaf Storm|p2a: Weezing
|-resisted|p2a: Weezing
|-damage|p2a: Weezing|52/100
|-unboost|p1a: Hydrapple|spa|2
|
|-damage|p1a: Hydrapple|39/100 brn|[from] brn
|upkeep
|turn|17
|
|t:|1759012594
|switch|p1a: Moltres|Moltres|46/100
|move|p2a: Weezing|Will-O-Wisp|p1a: Moltres
|-immune|p1a: Moltres
|
|upkeep
|turn|18
|
|t:|1759012598
|move|p1a: Moltres|Flamethrower|p2a: Weezing
|-crit|p2a: Weezing
|-damage|p2a: Weezing|0 fnt
|faint|p2a: Weezing
|-end|p2a: Weezing|ability: Neutralizing Gas
|
|upkeep
|
|t:|1759012601
|switch|p2a: Dragapult|Dragapult, M|65/100
|turn|19
|
|t:|1759012606
|switch|p1a: TheTransGambit|Kingambit, F|100/100
|-damage|p1a: TheTransGambit|94/100|[from] Stealth Rock
|move|p2a: Dragapult|Shadow Ball|p1a: TheTransGambit
|-resisted|p1a: TheTransGambit
|-damage|p1a: TheTransGambit|67/100
|
|-heal|p1a: TheTransGambit|74/100|[from] item: Leftovers
|upkeep
|turn|20
|
|t:|1759012613
|switch|p2a: Corviknight|Corviknight, F|100/100
|-ability|p2a: Corviknight|Pressure
|-end|p1a: TheTransGambit|fallenundefined|[silent]
|switch|p1a: Hydrapple|Hydrapple, M|39/100 brn
|-damage|p1a: Hydrapple|27/100 brn|[from] Stealth Rock
|
|-damage|p1a: Hydrapple|21/100 brn|[from] brn
|upkeep
|turn|21
|
|t:|1759012616
|switch|p2a: Ogerpon|Ogerpon-Wellspring, F|18/100
|switch|p1a: Moltres|Moltres|46/100
|
|upkeep
|turn|22
|j| lanarey
|l| IM AT MY LIMIT
|
|t:|1759012628
|switch|p1a: Hydrapple|Hydrapple, M|54/100 brn
|-damage|p1a: Hydrapple|42/100 brn|[from] Stealth Rock
|move|p2a: Ogerpon|Ivy Cudgel|p1a: Hydrapple|[anim] Ivy Cudgel Water
|-resisted|p1a: Hydrapple
|-damage|p1a: Hydrapple|31/100 brn
|
|-damage|p1a: Hydrapple|25/100 brn|[from] brn
|upkeep
|turn|23
|
|t:|1759012632
|move|p2a: Ogerpon|Synthesis|p2a: Ogerpon
|-heal|p2a: Ogerpon|68/100
|move|p1a: Hydrapple|Fickle Beam|p2a: Ogerpon
|-damage|p2a: Ogerpon|23/100
|
|-damage|p1a: Hydrapple|18/100 brn|[from] brn
|upkeep
|turn|24
|
|t:|1759012640
|move|p2a: Ogerpon|Synthesis|p2a: Ogerpon
|-heal|p2a: Ogerpon|73/100
|move|p1a: Hydrapple|Leaf Storm|p2a: Ogerpon
|-damage|p2a: Ogerpon|5/100
|-unboost|p1a: Hydrapple|spa|2
|
|-damage|p1a: Hydrapple|12/100 brn|[from] brn
|upkeep
|turn|25
|
|t:|1759012651
|switch|p1a: TheTransGambit|Kingambit, F|74/100
|-damage|p1a: TheTransGambit|67/100|[from] Stealth Rock
|move|p2a: Ogerpon|Synthesis|p2a: Ogerpon
|-heal|p2a: Ogerpon|55/100
|
|-heal|p1a: TheTransGambit|74/100|[from] item: Leftovers
|upkeep
|turn|26
|
|t:|1759012661
|-end|p1a: TheTransGambit|fallenundefined|[silent]
|switch|p1a: Hydrapple|Hydrapple, M|46/100 brn
|-damage|p1a: Hydrapple|33/100 brn|[from] Stealth Rock
|move|p2a: Ogerpon|Spikes|p1a: Hydrapple
|-sidestart|p1: WeR#4Hay!|Spikes
|
|-damage|p1a: Hydrapple|27/100 brn|[from] brn
|upkeep
|turn|27
|j| Nikator98
|l| Nikator98
|
|t:|1759012684
|move|p2a: Ogerpon|Spikes|p1a: Hydrapple
|-sidestart|p1: WeR#4Hay!|Spikes
|move|p1a: Hydrapple|Fickle Beam|p2a: Ogerpon
|-damage|p2a: Ogerpon|15/100
|
|-damage|p1a: Hydrapple|21/100 brn|[from] brn
|upkeep
|turn|28
|
|t:|1759012687
|move|p2a: Ogerpon|Synthesis|p2a: Ogerpon
|-heal|p2a: Ogerpon|65/100
|move|p1a: Hydrapple|Fickle Beam|p2a: Ogerpon
|-damage|p2a: Ogerpon|25/100
|
|-damage|p1a: Hydrapple|15/100 brn|[from] brn
|upkeep
|turn|29
|
|t:|1759012690
|move|p2a: Ogerpon|Synthesis|p2a: Ogerpon
|-heal|p2a: Ogerpon|75/100
|move|p1a: Hydrapple|Leaf Storm|p2a: Ogerpon
|-damage|p2a: Ogerpon|11/100
|-unboost|p1a: Hydrapple|spa|2
|
|-damage|p1a: Hydrapple|9/100 brn|[from] brn
|upkeep
|turn|30
|
|t:|1759012695
|switch|p1a: Zamazenta|Zamazenta|100/100
|-damage|p1a: Zamazenta|94/100|[from] Stealth Rock
|-damage|p1a: Zamazenta|78/100|[from] Spikes
|-ability|p1a: Zamazenta|Dauntless Shield|boost
|-boost|p1a: Zamazenta|def|1
|move|p2a: Ogerpon|Synthesis|p2a: Ogerpon
|-heal|p2a: Ogerpon|61/100
|
|upkeep
|turn|31
|
|t:|1759012700
|switch|p2a: Corviknight|Corviknight, F|100/100
|-ability|p2a: Corviknight|Pressure
|move|p1a: Zamazenta|Crunch|p2a: Corviknight
|-damage|p2a: Corviknight|73/100
|-unboost|p2a: Corviknight|def|1
|-damage|p1a: Zamazenta|61/100|[from] item: Rocky Helmet|[of] p2a: Corviknight
|
|upkeep
|turn|32
|
|t:|1759012703
|switch|p1a: Moltres|Moltres|46/100
|switch|p2a: Dragapult|Dragapult, M|65/100
|
|upkeep
|turn|33
|
|t:|1759012706
|switch|p1a: Iron Treads|Iron Treads|30/100
|-damage|p1a: Iron Treads|27/100|[from] Stealth Rock
|-damage|p1a: Iron Treads|11/100|[from] Spikes
|move|p2a: Dragapult|Shadow Ball|p1a: Iron Treads
|-damage|p1a: Iron Treads|0 fnt
|faint|p1a: Iron Treads
|-end|p1a: Iron Treads|Quark Drive|[silent]
|
|upkeep
|
|t:|1759012713
|switch|p1a: TheTransGambit|Kingambit, F|74/100
|-damage|p1a: TheTransGambit|67/100|[from] Stealth Rock
|-damage|p1a: TheTransGambit|51/100|[from] Spikes
|-activate|p1a: TheTransGambit|ability: Supreme Overlord
|-start|p1a: TheTransGambit|fallen1|[silent]
|turn|34
|
|t:|1759012716
|switch|p2a: Corviknight|Corviknight, F|73/100
|-ability|p2a: Corviknight|Pressure
|-end|p1a: TheTransGambit|fallen1|[silent]
|switch|p1a: Moltres|Moltres|46/100
|
|upkeep
|turn|35
|
|t:|1759012719
|switch|p2a: Ogerpon|Ogerpon-Wellspring, F|61/100
|move|p1a: Moltres|Flamethrower|p2a: Ogerpon
|-damage|p2a: Ogerpon|23/100
|
|upkeep
|turn|36
|
|t:|1759012728
|switch|p1a: Zamazenta|Zamazenta|61/100
|-damage|p1a: Zamazenta|55/100|[from] Stealth Rock
|-damage|p1a: Zamazenta|39/100|[from] Spikes
|move|p2a: Ogerpon|Ivy Cudgel|p1a: Zamazenta|[anim] Ivy Cudgel Water
|-damage|p1a: Zamazenta|0 fnt
|faint|p1a: Zamazenta
|
|upkeep
|
|t:|1759012732
|switch|p1a: Slowking|Slowking, F|100/100
|turn|37
|
|t:|1759012735
|move|p2a: Ogerpon|Synthesis|p2a: Ogerpon
|-heal|p2a: Ogerpon|73/100
|move|p1a: Slowking|Thunder Wave|p2a: Ogerpon
|-status|p2a: Ogerpon|par
|
|upkeep
|turn|38
|
|t:|1759012738
|move|p2a: Ogerpon|Spikes|p1a: Slowking
|-sidestart|p1: WeR#4Hay!|Spikes
|move|p1a: Slowking|Future Sight|p2a: Ogerpon
|-start|p1a: Slowking|move: Future Sight
|
|upkeep
|turn|39
|
|t:|1759012743
|move|p2a: Ogerpon|Knock Off|p1a: Slowking
|-supereffective|p1a: Slowking
|-damage|p1a: Slowking|33/100
|-enditem|p1a: Slowking|Heavy-Duty Boots|[from] move: Knock Off|[of] p2a: Ogerpon
|-prepare|p1a: Slowking|Chilly Reception|[premajor]
|move|p1a: Slowking|Chilly Reception|p1a: Slowking
|-weather|Snowscape
|
|t:|1759012745
|switch|p1a: Hydrapple|Hydrapple, M|42/100 brn|[from] Chilly Reception
|-damage|p1a: Hydrapple|30/100 brn|[from] Stealth Rock
|-damage|p1a: Hydrapple|5/100 brn|[from] Spikes
|
|-weather|Snowscape|[upkeep]
|-damage|p1a: Hydrapple|0 fnt|[from] brn
|faint|p1a: Hydrapple
|upkeep
|
|t:|1759012752
|switch|p1a: TheTransGambit|Kingambit, F|51/100
|-damage|p1a: TheTransGambit|45/100|[from] Stealth Rock
|-damage|p1a: TheTransGambit|20/100|[from] Spikes
|-activate|p1a: TheTransGambit|ability: Supreme Overlord
|-start|p1a: TheTransGambit|fallen3|[silent]
|turn|40
|
|t:|1759012757
|-end|p1a: TheTransGambit|fallen3|[silent]
|switch|p1a: Moltres|Moltres|46/100
|move|p2a: Ogerpon|Ivy Cudgel|p1a: Moltres|[anim] Ivy Cudgel Water
|-supereffective|p1a: Moltres
|-damage|p1a: Moltres|0 fnt
|faint|p1a: Moltres
|
|-weather|Snowscape|[upkeep]
|-end|p2a: Ogerpon|move: Future Sight
|-damage|p2a: Ogerpon|31/100 par
|upkeep
|-message|WeR#4Hay! forfeited.
|
|win|JackRG1
|raw|WeR#4Hay!'s rating: 1686 &rarr; <strong>1675</strong><br />(-11 for losing)
|raw|JackRG1's rating: 1861 &rarr; <strong>1872</strong><br />(+11 for winning)
|l|☆WeR#4Hay!
|player|p1|
|l|‽JackRG1
|player|p2|
