|j|☆boldenhauer
|j|‽BJeon1205
|t:|1758914278
|gametype|singles
|player|p1|boldenhauer|2|1321
|player|p2|BJeon1205|169|1381
|gen|9
|tier|[Gen 9] OU
|rated|
|rule|HP Percentage Mod: HP is shown in percentages
|rule|Endless Battle Clause: Forcing endless battles is banned
|rule|Species Clause: Limit one of each Pokémon
|rule|OHKO Clause: OHKO moves are banned
|rule|Evasion Items Clause: Evasion items are banned
|rule|Evasion Moves Clause: Evasion moves are banned
|rule|Evasion Abilities Clause: Evasion abilities are banned
|rule|Sleep Moves Clause: Sleep-inducing moves are banned
|clearpoke
|poke|p1|Ogerpon, F|
|poke|p1|Moltres|
|poke|p1|Malamar, F|
|poke|p1|Dragapult, M|
|poke|p1|Spidops, M|
|poke|p1|Empoleon, F|
|poke|p2|Landorus-Therian, M|
|poke|p2|Skeledirge, F|
|poke|p2|Skarmory, M|
|poke|p2|Hydrapple, F|
|poke|p2|Samurott-Hisui, M|
|poke|p2|Fezandipiti, M|
|teampreview
|inactive|Battle timer is ON: inactive players will automatically lose when time's up. (requested by BJeon1205)
|
|t:|1758914291
|teamsize|p1|6
|teamsize|p2|6
|start
|switch|p1a: Ogerpon|Ogerpon, F|100/100
|switch|p2a: Skarmory|Skarmory, M|100/100
|turn|1
|
|t:|1758914298
|switch|p1a: Moltres|Moltres|100/100
|move|p2a: Skarmory|Stealth Rock|p1a: Moltres
|-sidestart|p1: boldenhauer|move: Stealth Rock
|
|upkeep
|turn|2
|j| lonriri
|
|t:|1758914322
|switch|p2a: Fezandipiti|Fezandipiti, M|100/100
|move|p1a: Moltres|Flamethrower|p2a: Fezandipiti
|-damage|p2a: Fezandipiti|78/100
|-status|p2a: Fezandipiti|brn
|
|-damage|p2a: Fezandipiti|71/100 brn|[from] brn
|upkeep
|turn|3
|
|t:|1758914333
|switch|p1a: Empoleon|Empoleon, F|100/100
|-damage|p1a: Empoleon|94/100|[from] Stealth Rock
|move|p2a: Fezandipiti|Calm Mind|p2a: Fezandipiti
|-boost|p2a: Fezandipiti|spa|1
|-boost|p2a: Fezandipiti|spd|1
|
|-damage|p2a: Fezandipiti|65/100 brn|[from] brn
|upkeep
|turn|4
|inactive|BJeon1205 has 120 seconds left.
|
|t:|1758914371
|switch|p2a: Hydrapple|Hydrapple, F|100/100
|move|p1a: Empoleon|Flash Cannon|p2a: Hydrapple
|-damage|p2a: Hydrapple|43/100
|
|upkeep
|turn|5
|l| lonriri
|
|t:|1758914384
|move|p1a: Empoleon|Flash Cannon|p2a: Hydrapple
|-damage|p2a: Hydrapple|0 fnt
|faint|p2a: Hydrapple
|
|upkeep
|
|t:|1758914388
|switch|p2a: Skeledirge|Skeledirge, F|100/100
|turn|6
|
|t:|1758914394
|switch|p1a: Moltres|Moltres|100/100
|move|p2a: Skeledirge|Torch Song|p1a: Moltres
|-resisted|p1a: Moltres
|-damage|p1a: Moltres|85/100
|-boost|p2a: Skeledirge|spa|1
|
|upkeep
|turn|7
|
|t:|1758914404
|move|p2a: Skeledirge|Torch Song|p1a: Moltres
|-resisted|p1a: Moltres
|-damage|p1a: Moltres|64/100
|-boost|p2a: Skeledirge|spa|1
|move|p1a: Moltres|Roar|p2a: Skeledirge
|drag|p2a: Skarmory|Skarmory, M|100/100
|
|upkeep
|turn|8
|inactive|BJeon1205 has 120 seconds left.
|
|t:|1758914423
|switch|p2a: Samurott|Samurott-Hisui, M|100/100
|move|p1a: Moltres|Flamethrower|p2a: Samurott
|-resisted|p2a: Samurott
|-damage|p2a: Samurott|71/100
|
|upkeep
|turn|9
|
|t:|1758914436
|move|p2a: Samurott|Flip Turn|p1a: Moltres
|-supereffective|p1a: Moltres
|-damage|p1a: Moltres|19/100
|
|t:|1758914439
|switch|p2a: Skeledirge|Skeledirge, F|100/100|[from] Flip Turn
|move|p1a: Moltres|Hurricane|p2a: Skeledirge
|-damage|p2a: Skeledirge|65/100
|
|upkeep
|turn|10
|
|t:|1758914445
|move|p1a: Moltres|Roost|p1a: Moltres
|-heal|p1a: Moltres|69/100
|-singleturn|p1a: Moltres|move: Roost
|move|p2a: Skeledirge|Torch Song|p1a: Moltres
|-resisted|p1a: Moltres
|-damage|p1a: Moltres|54/100
|-boost|p2a: Skeledirge|spa|1
|
|upkeep
|turn|11
|
|t:|1758914461
|move|p2a: Skeledirge|Slack Off|p2a: Skeledirge
|-heal|p2a: Skeledirge|100/100
|move|p1a: Moltres|Roar|p2a: Skeledirge
|drag|p2a: Skarmory|Skarmory, M|100/100
|
|upkeep
|turn|12
|
|t:|1758914470
|switch|p2a: Landorus|Landorus-Therian, M|100/100
|-ability|p2a: Landorus|Intimidate|boost
|-unboost|p1a: Moltres|atk|1
|move|p1a: Moltres|Roost|p1a: Moltres
|-heal|p1a: Moltres|100/100
|-singleturn|p1a: Moltres|move: Roost
|
|upkeep
|turn|13
|
|t:|1758914482
|move|p2a: Landorus|Stone Edge|p1a: Moltres
|-supereffective|p1a: Moltres
|-damage|p1a: Moltres|5/100
|move|p1a: Moltres|Flamethrower|p2a: Landorus
|-damage|p2a: Landorus|47/100
|
|upkeep
|turn|14
|
|t:|1758914489
|move|p2a: Landorus|Stone Edge|p1a: Moltres
|-supereffective|p1a: Moltres
|-damage|p1a: Moltres|0 fnt
|faint|p1a: Moltres
|
|upkeep
|
|t:|1758914494
|switch|p1a: Empoleon|Empoleon, F|94/100
|-damage|p1a: Empoleon|88/100|[from] Stealth Rock
|turn|15
|
|t:|1758914513
|switch|p2a: Skeledirge|Skeledirge, F|100/100
|move|p1a: Empoleon|Stealth Rock|p2a: Skeledirge
|-sidestart|p2: BJeon1205|move: Stealth Rock
|
|upkeep
|turn|16
|
|t:|1758914530
|switch|p1a: Malamar|Malamar, F|100/100
|-damage|p1a: Malamar|88/100|[from] Stealth Rock
|move|p2a: Skeledirge|Torch Song|p1a: Malamar
|-damage|p1a: Malamar|55/100
|-boost|p2a: Skeledirge|spa|1
|
|-heal|p1a: Malamar|61/100|[from] item: Leftovers
|upkeep
|turn|17
|
|t:|1758914555
|move|p1a: Malamar|Knock Off|p2a: Skeledirge
|-supereffective|p2a: Skeledirge
|-damage|p2a: Skeledirge|51/100
|-enditem|p2a: Skeledirge|Heavy-Duty Boots|[from] move: Knock Off|[of] p1a: Malamar
|move|p2a: Skeledirge|Torch Song|p1a: Malamar
|-damage|p1a: Malamar|9/100
|-boost|p2a: Skeledirge|spa|1
|
|-heal|p1a: Malamar|15/100|[from] item: Leftovers
|upkeep
|turn|18
|
|t:|1758914562
|move|p1a: Malamar|Knock Off|p2a: Skeledirge
|-supereffective|p2a: Skeledirge
|-damage|p2a: Skeledirge|23/100
|move|p2a: Skeledirge|Slack Off|p2a: Skeledirge
|-heal|p2a: Skeledirge|73/100
|
|-heal|p1a: Malamar|21/100|[from] item: Leftovers
|upkeep
|turn|19
|
|t:|1758914566
|move|p1a: Malamar|Disable|p2a: Skeledirge
|-start|p2a: Skeledirge|Disable|Slack Off
|cant|p2a: Skeledirge|Disable|Slack Off
|
|-heal|p1a: Malamar|27/100|[from] item: Leftovers
|upkeep
|turn|20
|
|t:|1758914570
|move|p1a: Malamar|Knock Off|p2a: Skeledirge
|-supereffective|p2a: Skeledirge
|-damage|p2a: Skeledirge|39/100
|move|p2a: Skeledirge|Torch Song|p1a: Malamar
|-damage|p1a: Malamar|0 fnt
|-boost|p2a: Skeledirge|spa|1
|faint|p1a: Malamar
|
|upkeep
|
|t:|1758914575
|switch|p1a: Dragapult|Dragapult, M|100/100
|turn|21
|
|t:|1758914583
|switch|p2a: Fezandipiti|Fezandipiti, M|65/100 brn
|move|p1a: Dragapult|Hex|p2a: Fezandipiti
|-damage|p2a: Fezandipiti|33/100 brn
|
|-damage|p2a: Fezandipiti|27/100 brn|[from] brn
|upkeep
|turn|22
|
|t:|1758914595
|move|p1a: Dragapult|Hex|p2a: Fezandipiti
|-damage|p2a: Fezandipiti|0 fnt
|faint|p2a: Fezandipiti
|
|upkeep
|
|t:|1758914617
|switch|p2a: Samurott|Samurott-Hisui, M|71/100
|turn|23
|
|t:|1758914625
|move|p2a: Samurott|Sucker Punch||[still]
|-fail|p2a: Samurott
|move|p1a: Dragapult|Will-O-Wisp|p2a: Samurott
|-status|p2a: Samurott|brn
|
|-damage|p2a: Samurott|64/100 brn|[from] brn
|upkeep
|turn|24
|
|t:|1758914635
|switch|p1a: Spidops|Spidops, M|100/100
|-damage|p1a: Spidops|76/100|[from] Stealth Rock
|move|p2a: Samurott|Ceaseless Edge|p1a: Spidops|[miss]
|-miss|p2a: Samurott|p1a: Spidops
|
|-damage|p2a: Samurott|58/100 brn|[from] brn
|upkeep
|turn|25
|
|t:|1758914649
|move|p2a: Samurott|Sucker Punch||[still]
|-fail|p2a: Samurott
|move|p1a: Spidops|Spikes|p2a: Samurott
|-sidestart|p2: BJeon1205|Spikes
|
|-damage|p2a: Samurott|52/100 brn|[from] brn
|upkeep
|turn|26
|
|t:|1758914659
|move|p2a: Samurott|Ceaseless Edge|p1a: Spidops|[miss]
|-miss|p2a: Samurott|p1a: Spidops
|move|p1a: Spidops|Sticky Web|p2a: Samurott
|-sidestart|p2: BJeon1205|move: Sticky Web
|
|-damage|p2a: Samurott|46/100 brn|[from] brn
|upkeep
|turn|27
|
|t:|1758914665
|move|p2a: Samurott|Ceaseless Edge|p1a: Spidops
|-damage|p1a: Spidops|53/100
|-sidestart|p1: boldenhauer|Spikes
|move|p1a: Spidops|Spikes|p2a: Samurott
|-sidestart|p2: BJeon1205|Spikes
|
|-damage|p2a: Samurott|39/100 brn|[from] brn
|upkeep
|turn|28
|
|t:|1758914679
|move|p2a: Samurott|Ceaseless Edge|p1a: Spidops
|-damage|p1a: Spidops|33/100
|-sidestart|p1: boldenhauer|Spikes
|move|p1a: Spidops|Spikes|p2a: Samurott
|-sidestart|p2: BJeon1205|Spikes
|
|-damage|p2a: Samurott|33/100 brn|[from] brn
|upkeep
|turn|29
|
|t:|1758914691
|move|p2a: Samurott|Knock Off|p1a: Spidops
|-damage|p1a: Spidops|12/100
|-enditem|p1a: Spidops|Focus Sash|[from] move: Knock Off|[of] p2a: Samurott
|move|p1a: Spidops|Circle Throw|p2a: Samurott
|-supereffective|p2a: Samurott
|-damage|p2a: Samurott|3/100 brn
|drag|p2a: Skeledirge|Skeledirge, F|39/100
|-damage|p2a: Skeledirge|14/100|[from] Stealth Rock
|-damage|p2a: Skeledirge|0 fnt|[from] Spikes
|faint|p2a: Skeledirge
|
|upkeep
|inactive|BJeon1205 has 120 seconds left.
|
|t:|1758914717
|switch|p2a: Landorus|Landorus-Therian, M|47/100
|-damage|p2a: Landorus|34/100|[from] Stealth Rock
|-ability|p2a: Landorus|Intimidate|boost
|-unboost|p1a: Spidops|atk|1
|turn|30
|
|t:|1758914726
|move|p2a: Landorus|Earthquake|p1a: Spidops
|-resisted|p1a: Spidops
|-damage|p1a: Spidops|0 fnt
|faint|p1a: Spidops
|
|upkeep
|
|t:|1758914729
|switch|p1a: Ogerpon|Ogerpon, F|100/100
|-damage|p1a: Ogerpon|88/100|[from] Stealth Rock
|-damage|p1a: Ogerpon|72/100|[from] Spikes
|turn|31
|
|t:|1758914738
|-terastallize|p2a: Landorus|Ground
|move|p2a: Landorus|Earthquake|p1a: Ogerpon
|-resisted|p1a: Ogerpon
|-damage|p1a: Ogerpon|19/100
|move|p1a: Ogerpon|Swords Dance|p1a: Ogerpon
|-boost|p1a: Ogerpon|atk|2
|
|upkeep
|turn|32
|
|t:|1758914749
|-terastallize|p1a: Ogerpon|Grass
|detailschange|p1a: Ogerpon|Ogerpon-Teal-Tera, F, tera:Grass
|-ability|p1a: Ogerpon|Embody Aspect (Teal)|boost
|-boost|p1a: Ogerpon|spe|1
|move|p1a: Ogerpon|Ivy Cudgel|p2a: Landorus
|-supereffective|p2a: Landorus
|-damage|p2a: Landorus|0 fnt
|faint|p2a: Landorus
|
|upkeep
|
|t:|1758914758
|switch|p2a: Skarmory|Skarmory, M|100/100
|-damage|p2a: Skarmory|88/100|[from] Stealth Rock
|turn|33
|
|t:|1758914770
|move|p1a: Ogerpon|Knock Off|p2a: Skarmory
|-damage|p2a: Skarmory|52/100
|-damage|p1a: Ogerpon|3/100|[from] item: Rocky Helmet|[of] p2a: Skarmory
|-enditem|p2a: Skarmory|Rocky Helmet|[from] move: Knock Off|[of] p1a: Ogerpon
|move|p2a: Skarmory|Brave Bird|p1a: Ogerpon
|-supereffective|p1a: Ogerpon
|-damage|p1a: Ogerpon|0 fnt
|faint|p1a: Ogerpon
|detailschange|p1: Ogerpon|Ogerpon, F|[silent]
|-damage|p2a: Skarmory|51/100|[from] Recoil
|
|upkeep
|
|t:|1758914777
|switch|p1a: Dragapult|Dragapult, M|100/100
|turn|34
|-message|BJeon1205 forfeited.
|
|win|boldenhauer
|raw|boldenhauer's rating: 1303 &rarr; <strong>1327</strong><br />(+24 for winning)
|raw|BJeon1205's rating: 1381 &rarr; <strong>1357</strong><br />(-24 for losing)
|l|‽BJeon1205
|player|p2|
|l|☆boldenhauer
|player|p1|
