|badge|p1|bronze|gen9ou|100-6
|html|<div class="broadcast-red"><strong>This battle is required to be public due to one or more player having a season medal.</strong><br />During the public phase, you can discuss the state of the ladder <a href="/seasondiscussion">in a special chatroom.</a></div>
|uhtml|medal-msg|<div class="broadcast-blue">Curious what those medals under the avatar are? PS now has Ladder Seasons! For more information, check out the <a href="https://www.smogon.com/forums/threads/3740067/">thread on Smogon.</a></div>
|raw|<div class="broadcast-blue"><strong>This battle is required to be public due to a player having a name starting with 'medal'.</div>
|j|☆healorant
|j|☆1400s main
|t:|1759013018
|gametype|singles
|player|p1|healorant|alder|1895
|player|p2|1400s main|lass-gen4dp|1829
|gen|9
|tier|[Gen 9] OU
|rated|
|rule|HP Percentage Mod: HP is shown in percentages
|rule|Endless Battle Clause: Forcing endless battles is banned
|rule|Species Clause: Limit one of each Pokémon
|rule|OHKO Clause: OHKO moves are banned
|rule|Evasion Items Clause: Evasion items are banned
|rule|Evasion Moves Clause: Evasion moves are banned
|rule|Evasion Abilities Clause: Evasion abilities are banned
|rule|Sleep Moves Clause: Sleep-inducing moves are banned
|clearpoke
|poke|p1|Zamazenta-*|
|poke|p1|Rillaboom, F|
|poke|p1|Heatran, F|
|poke|p1|Ting-Lu|
|poke|p1|Raging Bolt|
|poke|p1|Great Tusk|
|poke|p2|Pelipper, M|
|poke|p2|Tornadus, M|
|poke|p2|Iron Treads|
|poke|p2|Barraskewda, M|
|poke|p2|Raging Bolt|
|poke|p2|Iron Valiant|
|teampreview
|inactive|Battle timer is ON: inactive players will automatically lose when time's up. (requested by 1400s main)
|j| IM AT MY LIMIT
|
|t:|1759013026
|teamsize|p1|6
|teamsize|p2|6
|start
|switch|p1a: Heatran|Heatran, F|100/100
|switch|p2a: Pelipper|Pelipper, M|100/100
|-weather|RainDance|[from] ability: Drizzle|[of] p2a: Pelipper
|turn|1
|
|t:|1759013028
|move|p1a: Heatran|Stealth Rock|p2a: Pelipper
|-sidestart|p2: 1400s main|move: Stealth Rock
|move|p2a: Pelipper|Weather Ball|p1a: Heatran
|-supereffective|p1a: Heatran
|-damage|p1a: Heatran|33/100
|
|-weather|RainDance|[upkeep]
|-heal|p1a: Heatran|39/100|[from] item: Leftovers
|upkeep
|turn|2
|
|t:|1759013034
|move|p1a: Heatran|Will-O-Wisp|p2a: Pelipper|[miss]
|-miss|p1a: Heatran|p2a: Pelipper
|move|p2a: Pelipper|Weather Ball|p1a: Heatran
|-supereffective|p1a: Heatran
|-damage|p1a: Heatran|0 fnt
|faint|p1a: Heatran
|
|-weather|RainDance|[upkeep]
|upkeep
|
|t:|1759013037
|switch|p1a: Raging Bolt|Raging Bolt|100/100
|turn|3
|
|t:|1759013040
|switch|p2a: Iron Treads|Iron Treads|100/100
|-damage|p2a: Iron Treads|97/100|[from] Stealth Rock
|move|p1a: Raging Bolt|Calm Mind|p1a: Raging Bolt
|-boost|p1a: Raging Bolt|spa|1
|-boost|p1a: Raging Bolt|spd|1
|
|-weather|RainDance|[upkeep]
|upkeep
|turn|4
|j| amefurikoneko
|
|t:|1759013049
|-terastallize|p1a: Raging Bolt|Bug
|move|p2a: Iron Treads|Rapid Spin|p1a: Raging Bolt
|-damage|p1a: Raging Bolt|89/100
|-boost|p2a: Iron Treads|spe|1
|-sideend|p2: 1400s main|Stealth Rock|[from] move: Rapid Spin|[of] p2a: Iron Treads
|move|p1a: Raging Bolt|Calm Mind|p1a: Raging Bolt
|-boost|p1a: Raging Bolt|spa|1
|-boost|p1a: Raging Bolt|spd|1
|
|-weather|RainDance|[upkeep]
|-heal|p1a: Raging Bolt|95/100|[from] item: Leftovers
|upkeep
|turn|5
|j| Nikator98
|
|t:|1759013056
|move|p2a: Iron Treads|Stealth Rock|p1a: Raging Bolt
|-sidestart|p1: healorant|move: Stealth Rock
|move|p1a: Raging Bolt|Dragon Pulse|p2a: Iron Treads
|-resisted|p2a: Iron Treads
|-damage|p2a: Iron Treads|38/100
|-enditem|p2a: Iron Treads|Eject Button
|l| Nikator98
|
|t:|1759013060
|-end|p2a: Iron Treads|Quark Drive|[silent]
|switch|p2a: Iron Valiant|Iron Valiant|100/100
|
|-weather|RainDance|[upkeep]
|-heal|p1a: Raging Bolt|100/100|[from] item: Leftovers
|upkeep
|turn|6
|
|t:|1759013064
|move|p2a: Iron Valiant|Trick|p1a: Raging Bolt
|-activate|p2a: Iron Valiant|move: Trick|[of] p1a: Raging Bolt
|-item|p1a: Raging Bolt|Choice Scarf|[from] move: Trick
|-item|p2a: Iron Valiant|Leftovers|[from] move: Trick
|move|p1a: Raging Bolt|Thunderbolt|p2a: Iron Valiant
|-damage|p2a: Iron Valiant|0 fnt
|faint|p2a: Iron Valiant
|-end|p2a: Iron Valiant|Quark Drive|[silent]
|
|-weather|RainDance|[upkeep]
|upkeep
|
|t:|1759013066
|switch|p2a: Iron Treads|Iron Treads|38/100
|turn|7
|
|t:|1759013068
|-end|p1a: Raging Bolt|Protosynthesis|[silent]
|switch|p1a: Great Tusk|Great Tusk|100/100
|move|p2a: Iron Treads|Ice Spinner|p1a: Great Tusk
|-supereffective|p1a: Great Tusk
|-damage|p1a: Great Tusk|72/100
|
|-weather|RainDance|[upkeep]
|upkeep
|turn|8
|
|t:|1759013073
|move|p2a: Iron Treads|Ice Spinner|p1a: Great Tusk
|-supereffective|p1a: Great Tusk
|-damage|p1a: Great Tusk|45/100
|move|p1a: Great Tusk|Rapid Spin|p2a: Iron Treads
|-resisted|p2a: Iron Treads
|-damage|p2a: Iron Treads|31/100
|-boost|p1a: Great Tusk|spe|1
|-sideend|p1: healorant|Stealth Rock|[from] move: Rapid Spin|[of] p1a: Great Tusk
|
|-weather|none
|upkeep
|turn|9
|
|t:|1759013078
|-end|p1a: Great Tusk|Protosynthesis|[silent]
|switch|p1a: Raging Bolt|Raging Bolt, tera:Bug|100/100
|-end|p2a: Iron Treads|Quark Drive|[silent]
|switch|p2a: Pelipper|Pelipper, M|100/100
|-weather|RainDance|[from] ability: Drizzle|[of] p2a: Pelipper
|
|-weather|RainDance|[upkeep]
|upkeep
|turn|10
|l| IM AT MY LIMIT
|
|t:|1759013083
|move|p1a: Raging Bolt|Thunderbolt|p2a: Pelipper
|-supereffective|p2a: Pelipper
|-damage|p2a: Pelipper|0 fnt
|faint|p2a: Pelipper
|
|-weather|RainDance|[upkeep]
|upkeep
|
|t:|1759013089
|switch|p2a: Barraskewda|Barraskewda, M|100/100
|turn|11
|
|t:|1759013094
|-end|p1a: Raging Bolt|Protosynthesis|[silent]
|switch|p1a: Great Tusk|Great Tusk|45/100
|move|p2a: Barraskewda|Flip Turn|p1a: Great Tusk
|-supereffective|p1a: Great Tusk
|-damage|p1a: Great Tusk|0 fnt
|faint|p1a: Great Tusk
|-end|p1a: Great Tusk|Protosynthesis|[silent]
|
|t:|1759013096
|switch|p2a: Tornadus|Tornadus, M|100/100|[from] Flip Turn
|
|-weather|RainDance|[upkeep]
|upkeep
|j| Squallskip
|
|t:|1759013102
|switch|p1a: Ting-Lu|Ting-Lu|100/100
|-ability|p1a: Ting-Lu|Vessel of Ruin
|turn|12
|
|t:|1759013108
|move|p2a: Tornadus|Hurricane|p1a: Ting-Lu
|-damage|p1a: Ting-Lu|63/100
|move|p1a: Ting-Lu|Ruination|p2a: Tornadus
|-damage|p2a: Tornadus|51/100
|
|-weather|RainDance|[upkeep]
|-heal|p1a: Ting-Lu|69/100|[from] item: Leftovers
|upkeep
|turn|13
|
|t:|1759013116
|move|p2a: Tornadus|Hurricane|p1a: Ting-Lu
|-damage|p1a: Ting-Lu|33/100
|move|p1a: Ting-Lu|Spikes|p2a: Tornadus
|-sidestart|p2: 1400s main|Spikes
|
|-weather|RainDance|[upkeep]
|-heal|p1a: Ting-Lu|40/100|[from] item: Leftovers
|upkeep
|turn|14
|
|t:|1759013124
|move|p2a: Tornadus|Hurricane|p1a: Ting-Lu
|-damage|p1a: Ting-Lu|6/100
|move|p1a: Ting-Lu|Ruination|p2a: Tornadus
|-damage|p2a: Tornadus|26/100
|
|-weather|RainDance|[upkeep]
|-heal|p1a: Ting-Lu|12/100|[from] item: Leftovers
|upkeep
|turn|15
|
|t:|1759013129
|move|p2a: Tornadus|Hurricane|p1a: Ting-Lu
|-damage|p1a: Ting-Lu|0 fnt
|faint|p1a: Ting-Lu
|
|-weather|RainDance|[upkeep]
|upkeep
|
|t:|1759013132
|switch|p1a: Rillaboom|Rillaboom, F|100/100
|-fieldstart|move: Grassy Terrain|[from] ability: Grassy Surge|[of] p1a: Rillaboom
|turn|16
|
|t:|1759013135
|move|p1a: Rillaboom|Grassy Glide|p2a: Tornadus
|-resisted|p2a: Tornadus
|-damage|p2a: Tornadus|0 fnt
|faint|p2a: Tornadus
|
|-weather|none
|upkeep
|
|t:|1759013136
|switch|p2a: Raging Bolt|Raging Bolt|100/100
|-damage|p2a: Raging Bolt|88/100|[from] Spikes
|turn|17
|
|t:|1759013138
|move|p1a: Rillaboom|Swords Dance|p1a: Rillaboom
|-boost|p1a: Rillaboom|atk|2
|move|p2a: Raging Bolt|Draco Meteor|p1a: Rillaboom
|-damage|p1a: Rillaboom|8/100
|-unboost|p2a: Raging Bolt|spa|2
|
|-heal|p1a: Rillaboom|14/100|[from] Grassy Terrain
|-heal|p1a: Rillaboom|20/100|[from] item: Leftovers
|-heal|p2a: Raging Bolt|94/100|[from] Grassy Terrain
|upkeep
|turn|18
|
|t:|1759013143
|-end|p2a: Raging Bolt|Protosynthesis|[silent]
|switch|p2a: Iron Treads|Iron Treads|31/100
|-damage|p2a: Iron Treads|19/100|[from] Spikes
|move|p1a: Rillaboom|Stomping Tantrum|p2a: Iron Treads
|-supereffective|p2a: Iron Treads
|-damage|p2a: Iron Treads|0 fnt
|faint|p2a: Iron Treads
|-end|p2a: Iron Treads|Quark Drive|[silent]
|
|-heal|p1a: Rillaboom|27/100|[from] Grassy Terrain
|-heal|p1a: Rillaboom|33/100|[from] item: Leftovers
|upkeep
|
|t:|1759013146
|switch|p2a: Barraskewda|Barraskewda, M|100/100
|-damage|p2a: Barraskewda|88/100|[from] Spikes
|turn|19
|
|t:|1759013148
|move|p2a: Barraskewda|Aqua Jet|p1a: Rillaboom
|-resisted|p1a: Rillaboom
|-damage|p1a: Rillaboom|17/100
|move|p1a: Rillaboom|Grassy Glide|p2a: Barraskewda
|-supereffective|p2a: Barraskewda
|-damage|p2a: Barraskewda|0 fnt
|faint|p2a: Barraskewda
|
|-heal|p1a: Rillaboom|23/100|[from] Grassy Terrain
|-heal|p1a: Rillaboom|29/100|[from] item: Leftovers
|upkeep
|-message|1400s main forfeited.
|
|win|healorant
|raw|healorant's rating: 1895 &rarr; <strong>1911</strong><br />(+16 for winning)
|raw|1400s main's rating: 1829 &rarr; <strong>1813</strong><br />(-16 for losing)
|l|☆1400s main
|player|p2|
