|j|☆sukoi 16
|j|☆little infinity
|t:|1758966128
|gametype|singles
|player|p1|sukoi 16|169|1111
|player|p2|little infinity|miku-ghost|1171
|gen|9
|tier|[Gen 9] OU
|rated|
|rule|HP Percentage Mod: HP is shown in percentages
|rule|Endless Battle Clause: Forcing endless battles is banned
|rule|Species Clause: Limit one of each Pokémon
|rule|OHKO Clause: OHKO moves are banned
|rule|Evasion Items Clause: Evasion items are banned
|rule|Evasion Moves Clause: Evasion moves are banned
|rule|Evasion Abilities Clause: Evasion abilities are banned
|rule|Sleep Moves Clause: Sleep-inducing moves are banned
|clearpoke
|poke|p1|Gholdengo|
|poke|p1|Garganacl, M|
|poke|p1|Clefable, M|
|poke|p1|Clodsire, M|
|poke|p1|Corviknight, F|
|poke|p1|Alomomola, M|
|poke|p2|Ceruledge, M|
|poke|p2|Gholdengo|
|poke|p2|Dragapult, F|
|poke|p2|Palossand, F|
|poke|p2|Gengar, M|
|poke|p2|Sinistcha|
|teampreview
|
|t:|1758966147
|teamsize|p1|6
|teamsize|p2|6
|start
|switch|p1a: Clefable|Clefable, M|100/100
|switch|p2a: Evil Twin|Gengar, M, shiny|100/100
|turn|1
|
|t:|1758966158
|switch|p2a: Dark Tower|Palossand, F, shiny|100/100
|switch|p1a: Garganacl|Garganacl, M|100/100
|
|upkeep
|turn|2
|
|t:|1758966165
|switch|p1a: Corviknight|Corviknight, F|100/100
|-ability|p1a: Corviknight|Pressure
|move|p2a: Dark Tower|Stealth Rock|p1a: Corviknight
|-sidestart|p1: sukoi 16|move: Stealth Rock
|
|upkeep
|turn|3
|
|t:|1758966174
|switch|p2a: Crypt Keeper|Gholdengo, shiny|100/100
|move|p1a: Corviknight|Iron Defense|p1a: Corviknight
|-boost|p1a: Corviknight|def|2
|
|upkeep
|turn|4
|
|t:|1758966187
|move|p2a: Crypt Keeper|Thunder Wave|p1a: Corviknight
|-status|p1a: Corviknight|par
|move|p1a: Corviknight|Brave Bird|p2a: Crypt Keeper
|-resisted|p2a: Crypt Keeper
|-damage|p2a: Crypt Keeper|88/100
|-damage|p1a: Corviknight|96/100 par|[from] Recoil
|
|-heal|p2a: Crypt Keeper|94/100|[from] item: Leftovers
|upkeep
|turn|5
|
|t:|1758966200
|switch|p1a: Clefable|Clefable, M|100/100
|move|p2a: Crypt Keeper|Hex|p1a: Clefable
|-damage|p1a: Clefable|76/100
|
|-heal|p2a: Crypt Keeper|99/100|[from] item: Leftovers
|-heal|p1a: Clefable|82/100|[from] item: Leftovers
|upkeep
|turn|6
|
|t:|1758966211
|move|p2a: Crypt Keeper|Thunder Wave|p1a: Clefable
|-status|p1a: Clefable|par
|move|p1a: Clefable|Stealth Rock|p2a: Crypt Keeper
|-sidestart|p2: little infinity|move: Stealth Rock
|
|-heal|p2a: Crypt Keeper|100/100|[from] item: Leftovers
|-heal|p1a: Clefable|88/100 par|[from] item: Leftovers
|upkeep
|turn|7
|
|t:|1758966221
|move|p2a: Crypt Keeper|Hex|p1a: Clefable
|-damage|p1a: Clefable|34/100 par
|move|p1a: Clefable|Moonblast|p2a: Crypt Keeper
|-resisted|p2a: Crypt Keeper
|-damage|p2a: Crypt Keeper|85/100
|
|-heal|p2a: Crypt Keeper|91/100|[from] item: Leftovers
|-heal|p1a: Clefable|40/100 par|[from] item: Leftovers
|upkeep
|turn|8
|
|t:|1758966233
|switch|p1a: Garganacl|Garganacl, M|100/100
|-damage|p1a: Garganacl|88/100|[from] Stealth Rock
|move|p2a: Crypt Keeper|Hex|p1a: Garganacl
|-damage|p1a: Garganacl|78/100
|
|-heal|p2a: Crypt Keeper|97/100|[from] item: Leftovers
|-heal|p1a: Garganacl|85/100|[from] item: Leftovers
|upkeep
|turn|9
|
|t:|1758966243
|switch|p2a: Blood Vine|Sinistcha, shiny|100/100
|-damage|p2a: Blood Vine|88/100|[from] Stealth Rock
|move|p1a: Garganacl|Salt Cure|p2a: Blood Vine
|-damage|p2a: Blood Vine|77/100
|-start|p2a: Blood Vine|Salt Cure
|
|-heal|p2a: Blood Vine|83/100|[from] item: Leftovers
|-heal|p1a: Garganacl|91/100|[from] item: Leftovers
|-damage|p2a: Blood Vine|71/100|[from] Salt Cure
|upkeep
|turn|10
|
|t:|1758966258
|switch|p1a: Corviknight|Corviknight, F|96/100 par
|-damage|p1a: Corviknight|84/100 par|[from] Stealth Rock
|-ability|p1a: Corviknight|Pressure
|move|p2a: Blood Vine|Strength Sap|p1a: Corviknight
|-unboost|p1a: Corviknight|atk|1
|-heal|p2a: Blood Vine|100/100
|
|-damage|p2a: Blood Vine|88/100|[from] Salt Cure
|upkeep
|turn|11
|
|t:|1758966273
|switch|p2a: Dark Tower|Palossand, F, shiny|100/100
|-damage|p2a: Dark Tower|94/100|[from] Stealth Rock
|cant|p1a: Corviknight|par
|
|upkeep
|turn|12
|
|t:|1758966295
|switch|p2a: Evil Twin|Gengar, M, shiny|100/100
|-damage|p2a: Evil Twin|88/100|[from] Stealth Rock
|move|p1a: Corviknight|Defog|p2a: Evil Twin
|-unboost|p2a: Evil Twin|evasion|1
|-sideend|p2: little infinity|Stealth Rock|[from] move: Defog|[of] p1a: Corviknight
|-sideend|p1: sukoi 16|Stealth Rock|[from] move: Defog|[of] p1a: Corviknight
|
|upkeep
|turn|13
|
|t:|1758966305
|switch|p2a: Dark Tower|Palossand, F, shiny|94/100
|switch|p1a: Garganacl|Garganacl, M|91/100
|
|-heal|p1a: Garganacl|97/100|[from] item: Leftovers
|upkeep
|turn|14
|
|t:|1758966314
|move|p2a: Dark Tower|Stealth Rock|p1a: Garganacl
|-sidestart|p1: sukoi 16|move: Stealth Rock
|move|p1a: Garganacl|Salt Cure|p2a: Dark Tower
|-resisted|p2a: Dark Tower
|-damage|p2a: Dark Tower|90/100
|-start|p2a: Dark Tower|Salt Cure
|
|-heal|p1a: Garganacl|100/100|[from] item: Leftovers
|-damage|p2a: Dark Tower|78/100|[from] Salt Cure
|upkeep
|turn|15
|
|t:|1758966327
|switch|p1a: Corviknight|Corviknight, F|84/100 par
|-damage|p1a: Corviknight|71/100 par|[from] Stealth Rock
|-ability|p1a: Corviknight|Pressure
|move|p2a: Dark Tower|Earth Power|p1a: Corviknight
|-immune|p1a: Corviknight
|
|-damage|p2a: Dark Tower|66/100|[from] Salt Cure
|upkeep
|turn|16
|
|t:|1758966341
|switch|p2a: Hell Knight|Ceruledge, M, shiny|100/100
|cant|p1a: Corviknight|par
|
|upkeep
|turn|17
|
|t:|1758966354
|switch|p1a: Garganacl|Garganacl, M|100/100
|-damage|p1a: Garganacl|88/100|[from] Stealth Rock
|move|p2a: Hell Knight|Bitter Blade|p1a: Garganacl
|-resisted|p1a: Garganacl
|-damage|p1a: Garganacl|77/100
|
|-heal|p1a: Garganacl|83/100|[from] item: Leftovers
|upkeep
|turn|18
|
|t:|1758966365
|switch|p2a: Evil Twin|Gengar, M, shiny|88/100
|move|p1a: Garganacl|Salt Cure|p2a: Evil Twin
|-damage|p2a: Evil Twin|61/100
|-start|p2a: Evil Twin|Salt Cure
|
|-heal|p1a: Garganacl|90/100|[from] item: Leftovers
|-damage|p2a: Evil Twin|49/100|[from] Salt Cure
|upkeep
|turn|19
|inactive|Battle timer is ON: inactive players will automatically lose when time's up. (requested by little infinity)
|inactive|sukoi 16 has 120 seconds left.
|
|t:|1758966454
|move|p2a: Evil Twin|Trick|p1a: Garganacl
|-activate|p2a: Evil Twin|move: Trick|[of] p1a: Garganacl
|-item|p1a: Garganacl|Choice Scarf|[from] move: Trick
|-item|p2a: Evil Twin|Leftovers|[from] move: Trick
|move|p1a: Garganacl|Salt Cure|p2a: Evil Twin
|-damage|p2a: Evil Twin|23/100
|-start|p1a: Garganacl|Disable|Salt Cure|[from] ability: Cursed Body|[of] p2a: Evil Twin
|
|-heal|p2a: Evil Twin|29/100|[from] item: Leftovers
|-damage|p2a: Evil Twin|17/100|[from] Salt Cure
|upkeep
|turn|20
|
|t:|1758966474
|switch|p2a: Dust Devil|Dragapult, F, shiny|100/100
|switch|p1a: Clodsire|Clodsire, M|100/100
|-damage|p1a: Clodsire|94/100|[from] Stealth Rock
|
|-heal|p1a: Clodsire|100/100|[from] item: Black Sludge
|upkeep
|turn|21
|
|t:|1758966484
|move|p2a: Dust Devil|Substitute|p2a: Dust Devil
|-start|p2a: Dust Devil|Substitute
|-damage|p2a: Dust Devil|76/100
|move|p1a: Clodsire|Toxic||[still]
|-fail|p1a: Clodsire
|
|-heal|p2a: Dust Devil|82/100|[from] item: Leftovers
|upkeep
|turn|22
|
|t:|1758966493
|move|p2a: Dust Devil|Phantom Force||[still]
|-prepare|p2a: Dust Devil|Phantom Force
|move|p1a: Clodsire|Earthquake|p2a: Dust Devil|[miss]
|-miss|p1a: Clodsire|p2a: Dust Devil
|
|-heal|p2a: Dust Devil|88/100|[from] item: Leftovers
|upkeep
|turn|23
|
|t:|1758966505
|switch|p1a: Garganacl|Garganacl, M|90/100
|-damage|p1a: Garganacl|77/100|[from] Stealth Rock
|move|p2a: Dust Devil|Phantom Force|p1a: Garganacl|[from] lockedmove
|-crit|p1a: Garganacl
|-damage|p1a: Garganacl|52/100
|
|-heal|p2a: Dust Devil|94/100|[from] item: Leftovers
|upkeep
|turn|24
|
|t:|1758966516
|move|p2a: Dust Devil|Phantom Force||[still]
|-prepare|p2a: Dust Devil|Phantom Force
|move|p1a: Garganacl|Earthquake|p2a: Dust Devil|[miss]
|-miss|p1a: Garganacl|p2a: Dust Devil
|
|-heal|p2a: Dust Devil|99/100|[from] item: Leftovers
|upkeep
|turn|25
|
|t:|1758966524
|switch|p1a: Alomomola|Alomomola, M|100/100
|move|p2a: Dust Devil|Phantom Force|p1a: Alomomola|[from] lockedmove
|-damage|p1a: Alomomola|74/100
|
|-heal|p2a: Dust Devil|100/100|[from] item: Leftovers
|upkeep
|turn|26
|
|t:|1758966534
|move|p2a: Dust Devil|Dragon Darts|p1a: Alomomola
|-damage|p1a: Alomomola|59/100
|-anim|p2a: Dust Devil|Dragon Darts|p1a: Alomomola
|-damage|p1a: Alomomola|44/100
|move|p1a: Alomomola|Wish|p1a: Alomomola
|
|upkeep
|turn|27
|
|t:|1758966545
|move|p2a: Dust Devil|Dragon Dance|p2a: Dust Devil
|-boost|p2a: Dust Devil|atk|1
|-boost|p2a: Dust Devil|spe|1
|move|p1a: Alomomola|Flip Turn|p2a: Dust Devil
|-resisted|p2a: Dust Devil
|-activate|p2a: Dust Devil|move: Substitute|[damage]
|
|t:|1758966553
|switch|p1a: Gholdengo|Gholdengo|100/100|[from] Flip Turn
|-damage|p1a: Gholdengo|94/100|[from] Stealth Rock
|-item|p1a: Gholdengo|Air Balloon
|
|-heal|p1a: Gholdengo|100/100|[from] move: Wish|[wisher] Alomomola
|upkeep
|turn|28
|
|t:|1758966567
|move|p2a: Dust Devil|Phantom Force||[still]
|-prepare|p2a: Dust Devil|Phantom Force
|move|p1a: Gholdengo|Shadow Ball|p2a: Dust Devil|[miss]
|-miss|p1a: Gholdengo|p2a: Dust Devil
|
|upkeep
|turn|29
|
|t:|1758966576
|switch|p1a: Alomomola|Alomomola, M|77/100
|move|p2a: Dust Devil|Phantom Force|p1a: Alomomola|[from] lockedmove
|-damage|p1a: Alomomola|40/100
|
|upkeep
|turn|30
|
|t:|1758966586
|move|p2a: Dust Devil|Dragon Darts|p1a: Alomomola
|-damage|p1a: Alomomola|20/100
|-anim|p2a: Dust Devil|Dragon Darts|p1a: Alomomola
|-damage|p1a: Alomomola|0 fnt
|faint|p1a: Alomomola
|
|upkeep
|inactive|sukoi 16 has 120 seconds left.
|inactive|sukoi 16 has 90 seconds left.
|inactive|sukoi 16 has 60 seconds left.
|inactive|sukoi 16 has 30 seconds left.
|inactive|sukoi 16 has 20 seconds left.
|inactive|sukoi 16 has 15 seconds left.
|inactive|sukoi 16 has 10 seconds left.
|inactive|sukoi 16 has 5 seconds left.
|-message|sukoi 16 lost due to inactivity.
|
|win|little infinity
|raw|sukoi 16's rating: 1081 &rarr; <strong>1064</strong><br />(-17 for losing)
|raw|little infinity's rating: 1171 &rarr; <strong>1190</strong><br />(+19 for winning)
