|j|☆mutcaa34
|j|☆PapsIGuess31
|t:|1759057002
|gametype|singles
|player|p1|mutcaa34|hilda-wonderlauncher|1232
|player|p2|PapsIGuess31|ingo|1264
|gen|9
|tier|[Gen 9] OU
|rated|
|rule|HP Percentage Mod: HP is shown in percentages
|rule|Endless Battle Clause: Forcing endless battles is banned
|rule|Species Clause: Limit one of each Pokémon
|rule|OHKO Clause: OHKO moves are banned
|rule|Evasion Items Clause: Evasion items are banned
|rule|Evasion Moves Clause: Evasion moves are banned
|rule|Evasion Abilities Clause: Evasion abilities are banned
|rule|Sleep Moves Clause: Sleep-inducing moves are banned
|clearpoke
|poke|p1|Basculegion, M|
|poke|p1|Pelipper, M|
|poke|p1|Iron Valiant|
|poke|p1|Gliscor, M|
|poke|p1|Arcanine-Hisui, M|
|poke|p1|Kyurem|
|poke|p2|Hydrapple, M|
|poke|p2|Dragapult, M|
|poke|p2|Tinkaton, F|
|poke|p2|Blaziken, M|
|poke|p2|Oricorio-Pom-Pom, F|
|poke|p2|Crawdaunt, M|
|teampreview
|c|☆PapsIGuess31|glhf!
|
|t:|1759057006
|teamsize|p1|6
|teamsize|p2|6
|start
|switch|p1a: Gliscor|Gliscor, M|100/100
|switch|p2a: Oricorio|Oricorio-Pom-Pom, F|100/100
|turn|1
|
|t:|1759057016
|move|p1a: Gliscor|Stealth Rock|p2a: Oricorio
|-sidestart|p2: PapsIGuess31|move: Stealth Rock
|move|p2a: Oricorio|Quiver Dance|p2a: Oricorio
|-boost|p2a: Oricorio|spa|1
|-boost|p2a: Oricorio|spd|1
|-boost|p2a: Oricorio|spe|1
|
|-status|p1a: Gliscor|tox|[from] item: Toxic Orb
|upkeep
|turn|2
|
|t:|1759057020
|move|p2a: Oricorio|Air Slash|p1a: Gliscor
|-damage|p1a: Gliscor|70/100 tox
|cant|p1a: Gliscor|flinch
|
|-heal|p1a: Gliscor|82/100 tox|[from] ability: Poison Heal
|upkeep
|turn|3
|
|t:|1759057025
|move|p2a: Oricorio|Quiver Dance|p2a: Oricorio
|-boost|p2a: Oricorio|spa|1
|-boost|p2a: Oricorio|spd|1
|-boost|p2a: Oricorio|spe|1
|move|p1a: Gliscor|Toxic|p2a: Oricorio
|-status|p2a: Oricorio|tox
|
|-damage|p2a: Oricorio|94/100 tox|[from] psn
|-heal|p1a: Gliscor|95/100 tox|[from] ability: Poison Heal
|upkeep
|turn|4
|
|t:|1759057034
|move|p2a: Oricorio|Air Slash|p1a: Gliscor
|-damage|p1a: Gliscor|50/100 tox
|cant|p1a: Gliscor|flinch
|
|-heal|p2a: Oricorio|100/100 tox|[from] item: Leftovers
|-damage|p2a: Oricorio|88/100 tox|[from] psn
|-heal|p1a: Gliscor|62/100 tox|[from] ability: Poison Heal
|upkeep
|turn|5
|
|t:|1759057040
|move|p1a: Gliscor|Protect|p1a: Gliscor
|-singleturn|p1a: Gliscor|Protect
|move|p2a: Oricorio|Air Slash|p1a: Gliscor
|-activate|p1a: Gliscor|move: Protect
|
|-heal|p2a: Oricorio|94/100 tox|[from] item: Leftovers
|-damage|p2a: Oricorio|76/100 tox|[from] psn
|-heal|p1a: Gliscor|75/100 tox|[from] ability: Poison Heal
|upkeep
|turn|6
|
|t:|1759057045
|move|p2a: Oricorio|Air Slash|p1a: Gliscor
|-damage|p1a: Gliscor|33/100 tox
|move|p1a: Gliscor|Knock Off|p2a: Oricorio
|-damage|p2a: Oricorio|57/100 tox
|-enditem|p2a: Oricorio|Leftovers|[from] move: Knock Off|[of] p1a: Gliscor
|
|-damage|p2a: Oricorio|32/100 tox|[from] psn
|-heal|p1a: Gliscor|46/100 tox|[from] ability: Poison Heal
|upkeep
|turn|7
|
|t:|1759057053
|move|p1a: Gliscor|Protect|p1a: Gliscor
|-singleturn|p1a: Gliscor|Protect
|move|p2a: Oricorio|Roost|p2a: Oricorio
|-heal|p2a: Oricorio|82/100 tox
|-singleturn|p2a: Oricorio|move: Roost
|
|-damage|p2a: Oricorio|51/100 tox|[from] psn
|-heal|p1a: Gliscor|58/100 tox|[from] ability: Poison Heal
|upkeep
|turn|8
|
|t:|1759057074
|switch|p1a: Pelipper|Pelipper, M|100/100
|-weather|RainDance|[from] ability: Drizzle|[of] p1a: Pelipper
|move|p2a: Oricorio|Air Slash|p1a: Pelipper|[miss]
|-miss|p2a: Oricorio|p1a: Pelipper
|
|-weather|RainDance|[upkeep]
|-damage|p2a: Oricorio|14/100 tox|[from] psn
|upkeep
|turn|9
|
|t:|1759057085
|switch|p1a: Gliscor|Gliscor, M|58/100 tox
|move|p2a: Oricorio|Revelation Dance|p1a: Gliscor
|-immune|p1a: Gliscor
|
|-weather|RainDance|[upkeep]
|-damage|p2a: Oricorio|0 fnt|[from] psn
|faint|p2a: Oricorio
|-heal|p1a: Gliscor|71/100 tox|[from] ability: Poison Heal
|upkeep
|
|t:|1759057088
|switch|p2a: Crawdaunt|Crawdaunt, M|100/100
|-damage|p2a: Crawdaunt|88/100|[from] Stealth Rock
|turn|10
|
|t:|1759057102
|move|p1a: Gliscor|Toxic|p2a: Crawdaunt
|-status|p2a: Crawdaunt|tox
|move|p2a: Crawdaunt|Crunch|p1a: Gliscor
|-damage|p1a: Gliscor|7/100 tox
|
|-weather|RainDance|[upkeep]
|-heal|p1a: Gliscor|19/100 tox|[from] ability: Poison Heal
|-damage|p2a: Crawdaunt|82/100 tox|[from] psn
|upkeep
|turn|11
|inactive|Battle timer is ON: inactive players will automatically lose when time's up. (requested by mutcaa34)
|
|t:|1759057114
|move|p1a: Gliscor|Protect|p1a: Gliscor
|-singleturn|p1a: Gliscor|Protect
|move|p2a: Crawdaunt|Crunch|p1a: Gliscor
|-activate|p1a: Gliscor|move: Protect
|
|-weather|RainDance|[upkeep]
|-heal|p1a: Gliscor|32/100 tox|[from] ability: Poison Heal
|-damage|p2a: Crawdaunt|70/100 tox|[from] psn
|upkeep
|turn|12
|
|t:|1759057144
|switch|p1a: Basculegion|Basculegion, M|100/100
|move|p2a: Crawdaunt|Crunch|p1a: Basculegion
|-supereffective|p1a: Basculegion
|-damage|p1a: Basculegion|0 fnt
|faint|p1a: Basculegion
|
|-weather|RainDance|[upkeep]
|-damage|p2a: Crawdaunt|52/100 tox|[from] psn
|upkeep
|inactive|mutcaa34 has 120 seconds left.
|
|t:|1759057159
|switch|p1a: Iron Valiant|Iron Valiant|100/100
|-enditem|p1a: Iron Valiant|Booster Energy
|-activate|p1a: Iron Valiant|ability: Quark Drive|[fromitem]
|-start|p1a: Iron Valiant|quarkdrivespe
|turn|13
|inactive|mutcaa34 has 120 seconds left.
|
|t:|1759057171
|switch|p2a: Tinkaton|Tinkaton, F|100/100
|-damage|p2a: Tinkaton|94/100|[from] Stealth Rock
|-ability|p2a: Tinkaton|Mold Breaker
|-item|p2a: Tinkaton|Air Balloon
|move|p1a: Iron Valiant|Low Kick|p2a: Tinkaton
|-damage|p2a: Tinkaton|50/100
|-enditem|p2a: Tinkaton|Air Balloon
|
|-weather|RainDance|[upkeep]
|upkeep
|turn|14
|inactive|mutcaa34 has 120 seconds left.
|
|t:|1759057185
|move|p1a: Iron Valiant|Low Kick|p2a: Tinkaton
|-damage|p2a: Tinkaton|13/100
|move|p2a: Tinkaton|Thunder Wave|p1a: Iron Valiant
|-status|p1a: Iron Valiant|par
|
|-weather|RainDance|[upkeep]
|upkeep
|turn|15
|
|t:|1759057194
|move|p1a: Iron Valiant|Low Kick|p2a: Tinkaton
|-damage|p2a: Tinkaton|0 fnt
|faint|p2a: Tinkaton
|
|-weather|none
|upkeep
|
|t:|1759057198
|switch|p2a: Dragapult|Dragapult, M|100/100
|-damage|p2a: Dragapult|88/100|[from] Stealth Rock
|turn|16
|
|t:|1759057208
|move|p2a: Dragapult|Phantom Force||[still]
|-prepare|p2a: Dragapult|Phantom Force
|move|p1a: Iron Valiant|Knock Off|p2a: Dragapult|[miss]
|-miss|p1a: Iron Valiant|p2a: Dragapult
|
|upkeep
|turn|17
|
|t:|1759057214
|move|p2a: Dragapult|Phantom Force|p1a: Iron Valiant|[from] lockedmove
|-damage|p1a: Iron Valiant|13/100 par
|-damage|p2a: Dragapult|78/100|[from] item: Life Orb
|cant|p1a: Iron Valiant|par
|
|upkeep
|turn|18
|
|t:|1759057224
|move|p2a: Dragapult|Phantom Force||[still]
|-prepare|p2a: Dragapult|Phantom Force
|move|p1a: Iron Valiant|Knock Off|p2a: Dragapult|[miss]
|-miss|p1a: Iron Valiant|p2a: Dragapult
|
|upkeep
|turn|19
|
|t:|1759057227
|move|p2a: Dragapult|Phantom Force|p1a: Iron Valiant|[from] lockedmove
|-damage|p1a: Iron Valiant|0 fnt
|faint|p1a: Iron Valiant
|-end|p1a: Iron Valiant|Quark Drive|[silent]
|-damage|p2a: Dragapult|69/100|[from] item: Life Orb
|
|upkeep
|
|t:|1759057243
|switch|p1a: Pelipper|Pelipper, M|100/100
|-weather|RainDance|[from] ability: Drizzle|[of] p1a: Pelipper
|turn|20
|
|t:|1759057259
|move|p2a: Dragapult|Phantom Force||[still]
|-prepare|p2a: Dragapult|Phantom Force
|move|p1a: Pelipper|Hurricane|p2a: Dragapult|[miss]
|-miss|p1a: Pelipper|p2a: Dragapult
|
|-weather|RainDance|[upkeep]
|upkeep
|turn|21
|
|t:|1759057265
|move|p2a: Dragapult|Phantom Force|p1a: Pelipper|[from] lockedmove
|-damage|p1a: Pelipper|55/100
|-damage|p2a: Dragapult|59/100|[from] item: Life Orb
|move|p1a: Pelipper|Hurricane|p2a: Dragapult
|-damage|p2a: Dragapult|8/100
|-start|p2a: Dragapult|confusion
|
|-weather|RainDance|[upkeep]
|upkeep
|turn|22
|
|t:|1759057274
|-activate|p2a: Dragapult|confusion
|move|p2a: Dragapult|Dragon Darts|p1a: Pelipper
|-damage|p1a: Pelipper|30/100
|-anim|p2a: Dragapult|Dragon Darts|p1a: Pelipper
|-damage|p1a: Pelipper|0 fnt
|faint|p1a: Pelipper
|-damage|p2a: Dragapult|0 fnt|[from] item: Life Orb
|faint|p2a: Dragapult
|
|-weather|RainDance|[upkeep]
|upkeep
|
|t:|1759057285
|switch|p2a: Blaziken|Blaziken, M|100/100
|switch|p1a: Kyurem|Kyurem|100/100
|-ability|p1a: Kyurem|Pressure
|turn|23
|
|t:|1759057291
|-terastallize|p1a: Kyurem|Fire
|move|p2a: Blaziken|Protect|p2a: Blaziken
|-singleturn|p2a: Blaziken|Protect
|move|p1a: Kyurem|Dragon Dance|p1a: Kyurem
|-boost|p1a: Kyurem|atk|1
|-boost|p1a: Kyurem|spe|1
|
|-weather|RainDance|[upkeep]
|-ability|p2a: Blaziken|Speed Boost|boost
|-boost|p2a: Blaziken|spe|1
|upkeep
|turn|24
|
|t:|1759057297
|move|p1a: Kyurem|Scale Shot|p2a: Blaziken
|-damage|p2a: Blaziken|72/100
|-damage|p2a: Blaziken|43/100
|-damage|p2a: Blaziken|14/100
|-damage|p2a: Blaziken|0 fnt
|faint|p2a: Blaziken
|-hitcount|p2: Blaziken|4
|-unboost|p1a: Kyurem|def|1
|-boost|p1a: Kyurem|spe|1
|
|-weather|RainDance|[upkeep]
|upkeep
|
|t:|1759057300
|switch|p2a: Crawdaunt|Crawdaunt, M|52/100 tox
|-damage|p2a: Crawdaunt|39/100 tox|[from] Stealth Rock
|turn|25
|
|t:|1759057314
|move|p2a: Crawdaunt|Aqua Jet|p1a: Kyurem
|-supereffective|p1a: Kyurem
|-damage|p1a: Kyurem|0 fnt
|faint|p1a: Kyurem
|
|-weather|RainDance|[upkeep]
|-damage|p2a: Crawdaunt|33/100 tox|[from] psn
|upkeep
|
|t:|1759057324
|switch|p1a: Gliscor|Gliscor, M|32/100 tox
|turn|26
|
|t:|1759057331
|move|p1a: Gliscor|Protect|p1a: Gliscor
|-singleturn|p1a: Gliscor|Protect
|move|p2a: Crawdaunt|Aqua Jet|p1a: Gliscor
|-activate|p1a: Gliscor|move: Protect
|
|-weather|RainDance|[upkeep]
|-heal|p1a: Gliscor|44/100 tox|[from] ability: Poison Heal
|-damage|p2a: Crawdaunt|21/100 tox|[from] psn
|upkeep
|turn|27
|
|t:|1759057341
|move|p2a: Crawdaunt|Aqua Jet|p1a: Gliscor
|-supereffective|p1a: Gliscor
|-damage|p1a: Gliscor|0 fnt
|faint|p1a: Gliscor
|
|-weather|none
|-damage|p2a: Crawdaunt|3/100 tox|[from] psn
|upkeep
|
|t:|1759057344
|switch|p1a: Arcanine|Arcanine-Hisui, M|100/100
|turn|28
|
|t:|1759057351
|move|p2a: Crawdaunt|Aqua Jet|p1a: Arcanine
|-supereffective|p1a: Arcanine
|-damage|p1a: Arcanine|0 fnt
|faint|p1a: Arcanine
|
|win|PapsIGuess31
|raw|mutcaa34's rating: 1232 &rarr; <strong>1209</strong><br />(-23 for losing)
|raw|PapsIGuess31's rating: 1264 &rarr; <strong>1287</strong><br />(+23 for winning)
|c|☆PapsIGuess31|gg wp
|l|☆PapsIGuess31
|player|p2|
|l|☆mutcaa34
|player|p1|
