|j|☆Dryosaurus
|j|☆Shiny_kairyu
|t:|1759033932
|gametype|singles
|player|p1|Dryosaurus|koga|1563
|player|p2|Shiny_kairyu|burglar|1687
|gen|9
|tier|[Gen 9] OU
|rated|
|rule|HP Percentage Mod: HP is shown in percentages
|rule|Endless Battle Clause: Forcing endless battles is banned
|rule|Species Clause: Limit one of each Pokémon
|rule|OHKO Clause: OHKO moves are banned
|rule|Evasion Items Clause: Evasion items are banned
|rule|Evasion Moves Clause: Evasion moves are banned
|rule|Evasion Abilities Clause: Evasion abilities are banned
|rule|Sleep Moves Clause: Sleep-inducing moves are banned
|clearpoke
|poke|p1|Typhlosion-Hisui, M|
|poke|p1|Conkeldurr, M|
|poke|p1|Ting-Lu|
|poke|p1|Gholdengo|
|poke|p1|Voltorb|
|poke|p1|Alomomola, F|
|poke|p2|Iron Valiant|
|poke|p2|Glimmora, M|
|poke|p2|Araquanid, M|
|poke|p2|Dragapult, F|
|poke|p2|Kingambit, F|
|poke|p2|Landorus-Therian, M|
|teampreview
|inactive|Battle timer is ON: inactive players will automatically lose when time's up. (requested by Shiny_kairyu)
|
|t:|1759033945
|teamsize|p1|6
|teamsize|p2|6
|start
|switch|p1a: Voltorb|Voltorb, shiny|100/100
|switch|p2a: Landorus|Landorus-Therian, M|100/100
|-ability|p2a: Landorus|Intimidate|boost
|-unboost|p1a: Voltorb|atk|1
|turn|1
|
|t:|1759033952
|-terastallize|p1a: Voltorb|Ice
|move|p1a: Voltorb|Tera Blast|p2a: Landorus|[anim] Tera Blast Ice
|-supereffective|p2a: Landorus
|-damage|p2a: Landorus|0 fnt
|faint|p2a: Landorus
|
|upkeep
|
|t:|1759033957
|switch|p2a: Iron Valiant|Iron Valiant|100/100
|-enditem|p2a: Iron Valiant|Booster Energy
|-activate|p2a: Iron Valiant|ability: Quark Drive|[fromitem]
|-start|p2a: Iron Valiant|quarkdrivespe
|turn|2
|
|t:|1759033962
|move|p2a: Iron Valiant|Calm Mind|p2a: Iron Valiant
|-boost|p2a: Iron Valiant|spa|1
|-boost|p2a: Iron Valiant|spd|1
|move|p1a: Voltorb|Thunder Wave|p2a: Iron Valiant
|-status|p2a: Iron Valiant|par
|
|upkeep
|turn|3
|
|t:|1759033968
|move|p1a: Voltorb|Thunder|p2a: Iron Valiant
|-damage|p2a: Iron Valiant|59/100 par
|move|p2a: Iron Valiant|Moonblast|p1a: Voltorb
|-enditem|p1a: Voltorb|Focus Sash
|-damage|p1a: Voltorb|1/100
|
|upkeep
|turn|4
|
|t:|1759033975
|move|p1a: Voltorb|Tera Blast|p2a: Iron Valiant|[anim] Tera Blast Ice
|-damage|p2a: Iron Valiant|30/100 par
|move|p2a: Iron Valiant|Moonblast|p1a: Voltorb
|-damage|p1a: Voltorb|0 fnt
|faint|p1a: Voltorb
|
|upkeep
|
|t:|1759033982
|switch|p1a: Typhlosion|Typhlosion-Hisui, M|100/100
|turn|5
|
|t:|1759033985
|move|p1a: Typhlosion|Hex|p2a: Iron Valiant
|-damage|p2a: Iron Valiant|0 fnt
|faint|p2a: Iron Valiant
|-end|p2a: Iron Valiant|Quark Drive|[silent]
|
|upkeep
|
|t:|1759033989
|switch|p2a: Araquanid|Araquanid, M|100/100
|turn|6
|
|t:|1759033996
|move|p1a: Typhlosion|Eruption|p2a: Araquanid
|-damage|p2a: Araquanid|73/100
|move|p2a: Araquanid|Liquidation|p1a: Typhlosion
|-supereffective|p1a: Typhlosion
|-damage|p1a: Typhlosion|0 fnt
|faint|p1a: Typhlosion
|
|upkeep
|
|t:|1759034004
|switch|p1a: Conkeldurr|Conkeldurr, M, shiny|100/100
|turn|7
|
|t:|1759034009
|switch|p2a: Glimmora|Glimmora, M|100/100
|move|p1a: Conkeldurr|Knock Off|p2a: Glimmora
|-damage|p2a: Glimmora|56/100
|-activate|p2a: Glimmora|ability: Toxic Debris
|-sidestart|p1: Dryosaurus|move: Toxic Spikes
|-enditem|p2a: Glimmora|Power Herb|[from] move: Knock Off|[of] p1a: Conkeldurr
|
|-status|p1a: Conkeldurr|brn|[from] item: Flame Orb
|upkeep
|turn|8
|
|t:|1759034018
|move|p2a: Glimmora|Earth Power|p1a: Conkeldurr
|-damage|p1a: Conkeldurr|53/100 brn
|move|p1a: Conkeldurr|Drain Punch|p2a: Glimmora
|-damage|p2a: Glimmora|0 fnt
|-heal|p1a: Conkeldurr|78/100 brn|[from] drain|[of] p2a: Glimmora
|-activate|p2a: Glimmora|ability: Toxic Debris
|-sidestart|p1: Dryosaurus|move: Toxic Spikes
|faint|p2a: Glimmora
|
|-damage|p1a: Conkeldurr|72/100 brn|[from] brn
|upkeep
|
|t:|1759034024
|switch|p2a: Dragapult|Dragapult, F|100/100
|turn|9
|
|t:|1759034030
|switch|p1a: Ting-Lu|Ting-Lu|100/100
|-status|p1a: Ting-Lu|tox
|-ability|p1a: Ting-Lu|Vessel of Ruin
|-terastallize|p2a: Dragapult|Fighting
|move|p2a: Dragapult|Dragon Darts|p1a: Ting-Lu
|-damage|p1a: Ting-Lu|82/100 tox
|-anim|p2a: Dragapult|Dragon Darts|p1a: Ting-Lu
|-damage|p1a: Ting-Lu|64/100 tox
|-damage|p2a: Dragapult|91/100|[from] item: Life Orb
|
|-heal|p1a: Ting-Lu|70/100 tox|[from] item: Leftovers
|-damage|p1a: Ting-Lu|64/100 tox|[from] psn
|upkeep
|turn|10
|
|t:|1759034045
|switch|p1a: Gholdengo|Gholdengo|100/100
|-item|p1a: Gholdengo|Air Balloon
|move|p2a: Dragapult|Dragon Dance|p2a: Dragapult
|-boost|p2a: Dragapult|atk|1
|-boost|p2a: Dragapult|spe|1
|
|upkeep
|turn|11
|
|t:|1759034053
|move|p2a: Dragapult|Phantom Force||[still]
|-prepare|p2a: Dragapult|Phantom Force
|move|p1a: Gholdengo|Make It Rain|p2a: Dragapult|[miss]
|-miss|p1a: Gholdengo|p2a: Dragapult
|
|upkeep
|turn|12
|
|t:|1759034063
|move|p2a: Dragapult|Phantom Force|p1a: Gholdengo|[from] lockedmove
|-supereffective|p1a: Gholdengo
|-damage|p1a: Gholdengo|0 fnt
|-enditem|p1a: Gholdengo|Air Balloon
|faint|p1a: Gholdengo
|-damage|p2a: Dragapult|81/100|[from] item: Life Orb
|
|upkeep
|
|t:|1759034071
|switch|p1a: Alomomola|Alomomola, F|100/100
|turn|13
|
|t:|1759034077
|move|p2a: Dragapult|Dragon Darts|p1a: Alomomola
|-damage|p1a: Alomomola|70/100
|-anim|p2a: Dragapult|Dragon Darts|p1a: Alomomola
|-damage|p1a: Alomomola|43/100
|-damage|p2a: Dragapult|71/100|[from] item: Life Orb
|move|p1a: Alomomola|Scald|p2a: Dragapult
|-damage|p2a: Dragapult|54/100
|
|upkeep
|turn|14
|j| rookie Jonathan
|
|t:|1759034088
|move|p2a: Dragapult|Dragon Darts|p1a: Alomomola
|-damage|p1a: Alomomola|16/100
|-anim|p2a: Dragapult|Dragon Darts|p1a: Alomomola
|-damage|p1a: Alomomola|0 fnt
|faint|p1a: Alomomola
|-damage|p2a: Dragapult|44/100|[from] item: Life Orb
|
|upkeep
|
|t:|1759034095
|switch|p1a: Conkeldurr|Conkeldurr, M, shiny|72/100 brn
|turn|15
|
|t:|1759034098
|move|p1a: Conkeldurr|Mach Punch|p2a: Dragapult
|-damage|p2a: Dragapult|0 fnt
|faint|p2a: Dragapult
|
|-damage|p1a: Conkeldurr|66/100 brn|[from] brn
|upkeep
|
|t:|1759034101
|switch|p2a: Araquanid|Araquanid, M|73/100
|turn|16
|
|t:|1759034104
|move|p1a: Conkeldurr|Facade|p2a: Araquanid
|-damage|p2a: Araquanid|0 fnt
|faint|p2a: Araquanid
|
|-damage|p1a: Conkeldurr|60/100 brn|[from] brn
|upkeep
|
|t:|1759034107
|switch|p2a: Kingambit|Kingambit, F|100/100
|-activate|p2a: Kingambit|ability: Supreme Overlord
|-start|p2a: Kingambit|fallen5|[silent]
|turn|17
|
|t:|1759034112
|move|p1a: Conkeldurr|Mach Punch|p2a: Kingambit
|-supereffective|p2a: Kingambit
|-damage|p2a: Kingambit|0 fnt
|faint|p2a: Kingambit
|-end|p2a: Kingambit|fallen5|[silent]
|
|win|Dryosaurus
|raw|Dryosaurus's rating: 1563 &rarr; <strong>1590</strong><br />(+27 for winning)
|raw|Shiny_kairyu's rating: 1687 &rarr; <strong>1660</strong><br />(-27 for losing)
|l|☆Shiny_kairyu
|player|p2|
|l| rookie Jonathan
|l|☆Dryosaurus
|player|p1|
