|badge|p2|bronze|gen9ou|100-6
|html|<div class="broadcast-red"><strong>This battle is required to be public due to one or more player having a season medal.</strong><br />During the public phase, you can discuss the state of the ladder <a href="/seasondiscussion">in a special chatroom.</a></div>
|uhtml|medal-msg|<div class="broadcast-blue">Curious what those medals under the avatar are? PS now has Ladder Seasons! For more information, check out the <a href="https://www.smogon.com/forums/threads/3740067/">thread on Smogon.</a></div>
|raw|<div class="broadcast-blue"><strong>This battle is required to be public due to a player having a name starting with 'medal'.</div>
|j|☆sentinental
|j|☆WogerHater
|t:|1758940948
|gametype|singles
|player|p1|sentinental|blue-gen7|1782
|player|p2|WogerHater|dawn-gen4pt|1863
|gen|9
|tier|[Gen 9] OU
|rated|
|rule|HP Percentage Mod: HP is shown in percentages
|rule|Endless Battle Clause: Forcing endless battles is banned
|rule|Species Clause: Limit one of each Pokémon
|rule|OHKO Clause: OHKO moves are banned
|rule|Evasion Items Clause: Evasion items are banned
|rule|Evasion Moves Clause: Evasion moves are banned
|rule|Evasion Abilities Clause: Evasion abilities are banned
|rule|Sleep Moves Clause: Sleep-inducing moves are banned
|clearpoke
|poke|p1|Weavile, F|
|poke|p1|Primarina, F|
|poke|p1|Moltres|
|poke|p1|Great Tusk|
|poke|p1|Ting-Lu|
|poke|p1|Pecharunt|
|poke|p2|Tyranitar, F|
|poke|p2|Excadrill, F|
|poke|p2|Tornadus-Therian, M|
|poke|p2|Hydrapple, F|
|poke|p2|Garganacl, M|
|poke|p2|Corviknight, M|
|teampreview
|inactive|Battle timer is ON: inactive players will automatically lose when time's up. (requested by WogerHater)
|inactive|sentinental also wants the timer to be on.
|
|t:|1758940967
|teamsize|p1|6
|teamsize|p2|6
|start
|switch|p1a: Weavile|Weavile, F|100/100
|switch|p2a: Tyranitar|Tyranitar, F|100/100
|-ability|p1a: Weavile|Pressure
|-weather|Sandstorm|[from] ability: Sand Stream|[of] p2a: Tyranitar
|turn|1
|
|t:|1758940973
|switch|p1a: Ting-Lu|Ting-Lu|100/100
|-ability|p1a: Ting-Lu|Vessel of Ruin
|switch|p2a: Corviknight|Corviknight, M|100/100
|-ability|p2a: Corviknight|Pressure
|
|-weather|Sandstorm|[upkeep]
|upkeep
|turn|2
|
|t:|1758940976
|move|p2a: Corviknight|U-turn|p1a: Ting-Lu
|-supereffective|p1a: Ting-Lu
|-damage|p1a: Ting-Lu|86/100
|
|t:|1758940978
|switch|p2a: Tornadus|Tornadus-Therian, M|100/100|[from] U-turn
|move|p1a: Ting-Lu|Stealth Rock|p2a: Tornadus
|-sidestart|p2: WogerHater|move: Stealth Rock
|
|-weather|Sandstorm|[upkeep]
|-damage|p2a: Tornadus|94/100|[from] Sandstorm
|-heal|p1a: Ting-Lu|92/100|[from] item: Leftovers
|upkeep
|turn|3
|
|t:|1758940982
|move|p2a: Tornadus|Bleakwind Storm|p1a: Ting-Lu|[miss]
|-miss|p2a: Tornadus|p1a: Ting-Lu
|move|p1a: Ting-Lu|Ruination|p2a: Tornadus
|-damage|p2a: Tornadus|48/100
|
|-weather|Sandstorm|[upkeep]
|-damage|p2a: Tornadus|42/100|[from] Sandstorm
|-heal|p1a: Ting-Lu|98/100|[from] item: Leftovers
|upkeep
|turn|4
|
|t:|1758940990
|move|p2a: Tornadus|Bleakwind Storm|p1a: Ting-Lu|[miss]
|-miss|p2a: Tornadus|p1a: Ting-Lu
|move|p1a: Ting-Lu|Ruination|p2a: Tornadus
|-damage|p2a: Tornadus|21/100
|
|-weather|Sandstorm|[upkeep]
|-damage|p2a: Tornadus|15/100|[from] Sandstorm
|-heal|p1a: Ting-Lu|100/100|[from] item: Leftovers
|upkeep
|turn|5
|
|t:|1758940994
|move|p2a: Tornadus|Bleakwind Storm|p1a: Ting-Lu
|-damage|p1a: Ting-Lu|74/100
|-unboost|p1a: Ting-Lu|spe|1
|move|p1a: Ting-Lu|Whirlwind|p2a: Tornadus
|drag|p2a: Excadrill|Excadrill, F|100/100
|-damage|p2a: Excadrill|97/100|[from] Stealth Rock
|
|-weather|none
|-heal|p2a: Excadrill|100/100|[from] item: Leftovers
|-heal|p1a: Ting-Lu|80/100|[from] item: Leftovers
|upkeep
|turn|6
|
|t:|1758941000
|switch|p2a: Tornadus|Tornadus-Therian, M|48/100
|-damage|p2a: Tornadus|24/100|[from] Stealth Rock
|move|p1a: Ting-Lu|Earthquake|p2a: Tornadus
|-immune|p2a: Tornadus
|
|-heal|p1a: Ting-Lu|86/100|[from] item: Leftovers
|upkeep
|turn|7
|
|t:|1758941009
|move|p2a: Tornadus|Bleakwind Storm|p1a: Ting-Lu
|-damage|p1a: Ting-Lu|55/100
|move|p1a: Ting-Lu|Whirlwind|p2a: Tornadus
|drag|p2a: Tyranitar|Tyranitar, F|100/100
|-damage|p2a: Tyranitar|88/100|[from] Stealth Rock
|-weather|Sandstorm|[from] ability: Sand Stream|[of] p2a: Tyranitar
|
|-weather|Sandstorm|[upkeep]
|-heal|p1a: Ting-Lu|62/100|[from] item: Leftovers
|upkeep
|turn|8
|
|t:|1758941014
|switch|p1a: Great Tusk|Great Tusk|100/100
|move|p2a: Tyranitar|Low Kick|p1a: Great Tusk
|-damage|p1a: Great Tusk|52/100
|
|-weather|Sandstorm|[upkeep]
|upkeep
|turn|9
|
|t:|1758941024
|-end|p1a: Great Tusk|Protosynthesis|[silent]
|switch|p1a: Moltres|Moltres|100/100
|switch|p2a: Corviknight|Corviknight, M|100/100
|-damage|p2a: Corviknight|88/100|[from] Stealth Rock
|-ability|p2a: Corviknight|Pressure
|
|-weather|Sandstorm|[upkeep]
|-damage|p1a: Moltres|94/100|[from] Sandstorm
|upkeep
|turn|10
|
|t:|1758941027
|switch|p2a: Garganacl|Garganacl, M|100/100
|-damage|p2a: Garganacl|88/100|[from] Stealth Rock
|move|p1a: Moltres|Scorching Sands|p2a: Garganacl
|-supereffective|p2a: Garganacl
|-damage|p2a: Garganacl|68/100
|
|-weather|Sandstorm|[upkeep]
|-damage|p1a: Moltres|88/100|[from] Sandstorm
|-heal|p2a: Garganacl|74/100|[from] item: Leftovers
|upkeep
|turn|11
|
|t:|1758941032
|switch|p1a: Pecharunt|Pecharunt|100/100
|move|p2a: Garganacl|Salt Cure|p1a: Pecharunt
|-damage|p1a: Pecharunt|93/100
|-start|p1a: Pecharunt|Salt Cure
|
|-weather|none
|-heal|p2a: Garganacl|80/100|[from] item: Leftovers
|-damage|p1a: Pecharunt|81/100|[from] Salt Cure
|upkeep
|turn|12
|
|t:|1758941034
|move|p1a: Pecharunt|Parting Shot|p2a: Garganacl
|-unboost|p2a: Garganacl|atk|1
|-unboost|p2a: Garganacl|spa|1
|
|t:|1758941038
|switch|p1a: Primarina|Primarina, F|100/100|[from] Parting Shot
|move|p2a: Garganacl|Salt Cure|p1a: Primarina
|-damage|p1a: Primarina|93/100
|-start|p1a: Primarina|Salt Cure
|
|-heal|p1a: Primarina|99/100|[from] item: Leftovers
|-heal|p2a: Garganacl|86/100|[from] item: Leftovers
|-damage|p1a: Primarina|74/100|[from] Salt Cure
|upkeep
|turn|13
|
|t:|1758941051
|switch|p1a: Great Tusk|Great Tusk|52/100
|move|p2a: Garganacl|Stealth Rock|p1a: Great Tusk
|-sidestart|p1: sentinental|move: Stealth Rock
|
|-heal|p2a: Garganacl|93/100|[from] item: Leftovers
|upkeep
|turn|14
|
|t:|1758941056
|-terastallize|p2a: Garganacl|Water
|move|p1a: Great Tusk|Close Combat|p2a: Garganacl
|-damage|p2a: Garganacl|52/100
|-unboost|p1a: Great Tusk|def|1
|-unboost|p1a: Great Tusk|spd|1
|move|p2a: Garganacl|Salt Cure|p1a: Great Tusk
|-resisted|p1a: Great Tusk
|-damage|p1a: Great Tusk|49/100
|-start|p1a: Great Tusk|Salt Cure
|
|-heal|p2a: Garganacl|58/100|[from] item: Leftovers
|-damage|p1a: Great Tusk|37/100|[from] Salt Cure
|upkeep
|turn|15
|
|t:|1758941061
|move|p1a: Great Tusk|Close Combat|p2a: Garganacl
|-damage|p2a: Garganacl|15/100
|-unboost|p1a: Great Tusk|def|1
|-unboost|p1a: Great Tusk|spd|1
|move|p2a: Garganacl|Recover|p2a: Garganacl
|-heal|p2a: Garganacl|65/100
|
|-heal|p2a: Garganacl|72/100|[from] item: Leftovers
|-damage|p1a: Great Tusk|24/100|[from] Salt Cure
|upkeep
|turn|16
|
|t:|1758941063
|move|p1a: Great Tusk|Close Combat|p2a: Garganacl
|-damage|p2a: Garganacl|31/100
|-unboost|p1a: Great Tusk|def|1
|-unboost|p1a: Great Tusk|spd|1
|move|p2a: Garganacl|Recover|p2a: Garganacl
|-heal|p2a: Garganacl|81/100
|
|-heal|p2a: Garganacl|87/100|[from] item: Leftovers
|-damage|p1a: Great Tusk|12/100|[from] Salt Cure
|upkeep
|turn|17
|
|t:|1758941067
|-end|p1a: Great Tusk|Protosynthesis|[silent]
|switch|p1a: Primarina|Primarina, F|74/100
|-damage|p1a: Primarina|62/100|[from] Stealth Rock
|move|p2a: Garganacl|Stealth Rock||[still]
|-fail|p2a: Garganacl
|
|-heal|p1a: Primarina|68/100|[from] item: Leftovers
|-heal|p2a: Garganacl|94/100|[from] item: Leftovers
|upkeep
|turn|18
|
|t:|1758941071
|switch|p2a: Tyranitar|Tyranitar, F|88/100
|-damage|p2a: Tyranitar|76/100|[from] Stealth Rock
|-weather|Sandstorm|[from] ability: Sand Stream|[of] p2a: Tyranitar
|move|p1a: Primarina|Substitute|p1a: Primarina
|-start|p1a: Primarina|Substitute
|-damage|p1a: Primarina|43/100
|
|-weather|Sandstorm|[upkeep]
|-damage|p1a: Primarina|37/100|[from] Sandstorm
|-heal|p1a: Primarina|43/100|[from] item: Leftovers
|upkeep
|turn|19
|
|t:|1758941076
|move|p2a: Tyranitar|Knock Off|p1a: Primarina
|-resisted|p1a: Primarina
|-end|p1a: Primarina|Substitute
|move|p1a: Primarina|Draining Kiss|p2a: Tyranitar
|-supereffective|p2a: Tyranitar
|-damage|p2a: Tyranitar|48/100
|-heal|p1a: Primarina|63/100|[from] drain|[of] p2a: Tyranitar
|
|-weather|Sandstorm|[upkeep]
|-damage|p1a: Primarina|57/100|[from] Sandstorm
|-heal|p1a: Primarina|63/100|[from] item: Leftovers
|upkeep
|turn|20
|
|t:|1758941082
|switch|p1a: Ting-Lu|Ting-Lu|62/100
|-damage|p1a: Ting-Lu|55/100|[from] Stealth Rock
|-ability|p1a: Ting-Lu|Vessel of Ruin
|move|p2a: Tyranitar|Knock Off|p1a: Ting-Lu
|-resisted|p1a: Ting-Lu
|-damage|p1a: Ting-Lu|31/100
|-enditem|p1a: Ting-Lu|Leftovers|[from] move: Knock Off|[of] p2a: Tyranitar
|
|-weather|Sandstorm|[upkeep]
|upkeep
|turn|21
|
|t:|1758941087
|switch|p2a: Tornadus|Tornadus-Therian, M|57/100
|-damage|p2a: Tornadus|32/100|[from] Stealth Rock
|switch|p1a: Weavile|Weavile, F|100/100
|-damage|p1a: Weavile|76/100|[from] Stealth Rock
|-ability|p1a: Weavile|Pressure
|
|-weather|Sandstorm|[upkeep]
|-damage|p1a: Weavile|70/100|[from] Sandstorm
|-damage|p2a: Tornadus|26/100|[from] Sandstorm
|upkeep
|turn|22
|
|t:|1758941092
|switch|p2a: Corviknight|Corviknight, M|88/100
|-damage|p2a: Corviknight|75/100|[from] Stealth Rock
|-ability|p2a: Corviknight|Pressure
|move|p1a: Weavile|Knock Off|p2a: Corviknight
|-damage|p2a: Corviknight|30/100
|-damage|p1a: Weavile|53/100|[from] item: Rocky Helmet|[of] p2a: Corviknight
|-enditem|p2a: Corviknight|Rocky Helmet|[from] move: Knock Off|[of] p1a: Weavile
|
|-weather|none
|upkeep
|turn|23
|
|t:|1758941096
|move|p1a: Weavile|Knock Off|p2a: Corviknight
|-damage|p2a: Corviknight|0 fnt
|faint|p2a: Corviknight
|
|upkeep
|
|t:|1758941101
|switch|p2a: Hydrapple|Hydrapple, F|100/100
|turn|24
|
|t:|1758941106
|switch|p1a: Moltres|Moltres|88/100
|move|p2a: Hydrapple|Giga Drain|p1a: Moltres
|-resisted|p1a: Moltres
|-damage|p1a: Moltres|79/100
|
|upkeep
|turn|25
|
|t:|1758941111
|move|p1a: Moltres|Hurricane|p2a: Hydrapple
|-supereffective|p2a: Hydrapple
|-damage|p2a: Hydrapple|0 fnt
|faint|p2a: Hydrapple
|
|upkeep
|j| ahjskahskjah
|
|t:|1758941117
|switch|p2a: Tyranitar|Tyranitar, F|48/100
|-damage|p2a: Tyranitar|35/100|[from] Stealth Rock
|-weather|Sandstorm|[from] ability: Sand Stream|[of] p2a: Tyranitar
|turn|26
|
|t:|1758941138
|switch|p1a: Ting-Lu|Ting-Lu|31/100
|-damage|p1a: Ting-Lu|25/100|[from] Stealth Rock
|-ability|p1a: Ting-Lu|Vessel of Ruin
|move|p2a: Tyranitar|Stone Edge|p1a: Ting-Lu
|-resisted|p1a: Ting-Lu
|-damage|p1a: Ting-Lu|3/100
|
|-weather|Sandstorm|[upkeep]
|upkeep
|turn|27
|
|t:|1758941142
|switch|p2a: Tornadus|Tornadus-Therian, M|59/100
|-damage|p2a: Tornadus|34/100|[from] Stealth Rock
|move|p1a: Ting-Lu|Earthquake|p2a: Tornadus
|-immune|p2a: Tornadus
|
|-weather|Sandstorm|[upkeep]
|-damage|p2a: Tornadus|28/100|[from] Sandstorm
|upkeep
|turn|28
|
|t:|1758941146
|move|p2a: Tornadus|U-turn|p1a: Ting-Lu
|-supereffective|p1a: Ting-Lu
|-damage|p1a: Ting-Lu|0 fnt
|faint|p1a: Ting-Lu
|
|t:|1758941148
|switch|p2a: Garganacl|Garganacl, M, tera:Water|94/100|[from] U-turn
|-damage|p2a: Garganacl|81/100|[from] Stealth Rock
|
|-weather|Sandstorm|[upkeep]
|-damage|p2a: Garganacl|75/100|[from] Sandstorm
|-heal|p2a: Garganacl|81/100|[from] item: Leftovers
|upkeep
|
|t:|1758941151
|switch|p1a: Primarina|Primarina, F|63/100
|-damage|p1a: Primarina|50/100|[from] Stealth Rock
|turn|29
|
|t:|1758941155
|switch|p2a: Excadrill|Excadrill, F|100/100
|-damage|p2a: Excadrill|97/100|[from] Stealth Rock
|move|p1a: Primarina|Draining Kiss|p2a: Excadrill
|-resisted|p2a: Excadrill
|-damage|p2a: Excadrill|83/100
|-heal|p1a: Primarina|61/100|[from] drain|[of] p2a: Excadrill
|
|-weather|Sandstorm|[upkeep]
|-damage|p1a: Primarina|55/100|[from] Sandstorm
|-heal|p2a: Excadrill|89/100|[from] item: Leftovers
|-heal|p1a: Primarina|61/100|[from] item: Leftovers
|upkeep
|turn|30
|
|t:|1758941161
|switch|p1a: Pecharunt|Pecharunt|81/100
|move|p2a: Excadrill|Rapid Spin|p1a: Pecharunt
|-immune|p1a: Pecharunt
|
|-weather|none
|-heal|p2a: Excadrill|96/100|[from] item: Leftovers
|upkeep
|turn|31
|
|t:|1758941164
|switch|p1a: Moltres|Moltres|79/100
|move|p2a: Excadrill|Substitute|p2a: Excadrill
|-start|p2a: Excadrill|Substitute
|-damage|p2a: Excadrill|71/100
|
|-heal|p2a: Excadrill|77/100|[from] item: Leftovers
|upkeep
|turn|32
|j| locked in bro
|
|t:|1758941171
|-terastallize|p1a: Moltres|Ground
|move|p1a: Moltres|Scorching Sands|p2a: Excadrill
|-supereffective|p2a: Excadrill
|-end|p2a: Excadrill|Substitute
|move|p2a: Excadrill|Rapid Spin|p1a: Moltres
|-damage|p1a: Moltres|57/100
|-boost|p2a: Excadrill|spe|1
|-status|p2a: Excadrill|brn|[from] ability: Flame Body|[of] p1a: Moltres
|-sideend|p2: WogerHater|Stealth Rock|[from] move: Rapid Spin|[of] p2a: Excadrill
|
|-heal|p2a: Excadrill|83/100 brn|[from] item: Leftovers
|-damage|p2a: Excadrill|77/100 brn|[from] brn
|upkeep
|turn|33
|
|t:|1758941175
|switch|p2a: Tornadus|Tornadus-Therian, M|61/100
|move|p1a: Moltres|Roost|p1a: Moltres
|-heal|p1a: Moltres|100/100
|
|upkeep
|turn|34
|
|t:|1758941180
|move|p2a: Tornadus|Grass Knot|p1a: Moltres
|-supereffective|p1a: Moltres
|-damage|p1a: Moltres|5/100
|move|p1a: Moltres|Hurricane|p2a: Tornadus|[miss]
|-miss|p1a: Moltres|p2a: Tornadus
|
|upkeep
|turn|35
|
|t:|1758941187
|switch|p1a: Pecharunt|Pecharunt|81/100
|move|p2a: Tornadus|Grass Knot|p1a: Pecharunt
|-resisted|p1a: Pecharunt
|-damage|p1a: Pecharunt|76/100
|
|upkeep
|turn|36
|
|t:|1758941193
|switch|p2a: Garganacl|Garganacl, M, tera:Water|81/100
|move|p1a: Pecharunt|Parting Shot|p2a: Garganacl
|-unboost|p2a: Garganacl|atk|1
|-unboost|p2a: Garganacl|spa|1
|
|t:|1758941196
|switch|p1a: Primarina|Primarina, F|61/100|[from] Parting Shot
|-damage|p1a: Primarina|48/100|[from] Stealth Rock
|
|-heal|p1a: Primarina|54/100|[from] item: Leftovers
|-heal|p2a: Garganacl|87/100|[from] item: Leftovers
|upkeep
|turn|37
|
|t:|1758941200
|switch|p2a: Tyranitar|Tyranitar, F|35/100
|-weather|Sandstorm|[from] ability: Sand Stream|[of] p2a: Tyranitar
|move|p1a: Primarina|Substitute|p1a: Primarina
|-start|p1a: Primarina|Substitute
|-damage|p1a: Primarina|30/100
|
|-weather|Sandstorm|[upkeep]
|-damage|p1a: Primarina|24/100|[from] Sandstorm
|-heal|p1a: Primarina|30/100|[from] item: Leftovers
|upkeep
|turn|38
|
|t:|1758941207
|switch|p2a: Excadrill|Excadrill, F|77/100 brn
|move|p1a: Primarina|Draining Kiss|p2a: Excadrill
|-resisted|p2a: Excadrill
|-damage|p2a: Excadrill|63/100 brn
|-heal|p1a: Primarina|40/100|[from] drain|[of] p2a: Excadrill
|
|-weather|Sandstorm|[upkeep]
|-damage|p1a: Primarina|34/100|[from] Sandstorm
|-heal|p2a: Excadrill|69/100 brn|[from] item: Leftovers
|-heal|p1a: Primarina|40/100|[from] item: Leftovers
|-damage|p2a: Excadrill|63/100 brn|[from] brn
|upkeep
|turn|39
|
|t:|1758941210
|move|p2a: Excadrill|Earthquake|p1a: Primarina
|-activate|p1a: Primarina|move: Substitute|[damage]
|move|p1a: Primarina|Psychic Noise|p2a: Excadrill
|-supereffective|p2a: Excadrill
|-damage|p2a: Excadrill|0 fnt
|faint|p2a: Excadrill
|
|-weather|Sandstorm|[upkeep]
|-damage|p1a: Primarina|34/100|[from] Sandstorm
|-heal|p1a: Primarina|40/100|[from] item: Leftovers
|upkeep
|
|t:|1758941213
|switch|p2a: Tornadus|Tornadus-Therian, M|94/100
|turn|40
|
|t:|1758941218
|move|p2a: Tornadus|Bleakwind Storm|p1a: Primarina
|-end|p1a: Primarina|Substitute
|move|p1a: Primarina|Draining Kiss|p2a: Tornadus
|-damage|p2a: Tornadus|70/100
|-heal|p1a: Primarina|55/100|[from] drain|[of] p2a: Tornadus
|
|-weather|Sandstorm|[upkeep]
|-damage|p2a: Tornadus|64/100|[from] Sandstorm
|-damage|p1a: Primarina|49/100|[from] Sandstorm
|-heal|p1a: Primarina|55/100|[from] item: Leftovers
|upkeep
|turn|41
|
|t:|1758941226
|switch|p1a: Moltres|Moltres, tera:Ground|5/100
|move|p2a: Tornadus|Bleakwind Storm|p1a: Moltres|[miss]
|-miss|p2a: Tornadus|p1a: Moltres
|
|-weather|none
|upkeep
|turn|42
|
|t:|1758941230
|move|p2a: Tornadus|Bleakwind Storm|p1a: Moltres
|-damage|p1a: Moltres|0 fnt
|faint|p1a: Moltres
|
|upkeep
|
|t:|1758941231
|switch|p1a: Weavile|Weavile, F|53/100
|-damage|p1a: Weavile|28/100|[from] Stealth Rock
|-ability|p1a: Weavile|Pressure
|turn|43
|
|t:|1758941234
|switch|p2a: Tyranitar|Tyranitar, F|35/100
|-weather|Sandstorm|[from] ability: Sand Stream|[of] p2a: Tyranitar
|move|p1a: Weavile|Knock Off|p2a: Tyranitar
|-resisted|p2a: Tyranitar
|-damage|p2a: Tyranitar|2/100
|-enditem|p2a: Tyranitar|Choice Band|[from] move: Knock Off|[of] p1a: Weavile
|
|-weather|Sandstorm|[upkeep]
|-damage|p1a: Weavile|22/100|[from] Sandstorm
|upkeep
|turn|44
|
|t:|1758941237
|move|p1a: Weavile|Knock Off|p2a: Tyranitar
|-resisted|p2a: Tyranitar
|-damage|p2a: Tyranitar|0 fnt
|faint|p2a: Tyranitar
|
|-weather|Sandstorm|[upkeep]
|-damage|p1a: Weavile|16/100|[from] Sandstorm
|upkeep
|
|t:|1758941239
|switch|p2a: Garganacl|Garganacl, M, tera:Water|87/100
|turn|45
|
|t:|1758941241
|move|p1a: Weavile|Knock Off|p2a: Garganacl
|-damage|p2a: Garganacl|41/100
|-enditem|p2a: Garganacl|Leftovers|[from] move: Knock Off|[of] p1a: Weavile
|move|p2a: Garganacl|Recover|p2a: Garganacl
|-heal|p2a: Garganacl|91/100
|
|-weather|Sandstorm|[upkeep]
|-damage|p1a: Weavile|10/100|[from] Sandstorm
|-damage|p2a: Garganacl|85/100|[from] Sandstorm
|upkeep
|turn|46
|
|t:|1758941245
|move|p1a: Weavile|Knock Off|p2a: Garganacl
|-damage|p2a: Garganacl|52/100
|move|p2a: Garganacl|Recover|p2a: Garganacl
|-heal|p2a: Garganacl|100/100
|
|-weather|Sandstorm|[upkeep]
|-damage|p1a: Weavile|4/100|[from] Sandstorm
|-damage|p2a: Garganacl|94/100|[from] Sandstorm
|upkeep
|turn|47
|
|t:|1758941248
|move|p1a: Weavile|Knock Off|p2a: Garganacl
|-damage|p2a: Garganacl|64/100
|move|p2a: Garganacl|Recover|p2a: Garganacl
|-heal|p2a: Garganacl|100/100
|
|-weather|none
|upkeep
|turn|48
|
|t:|1758941251
|move|p1a: Weavile|Knock Off|p2a: Garganacl
|-damage|p2a: Garganacl|72/100
|move|p2a: Garganacl|Salt Cure|p1a: Weavile
|-supereffective|p1a: Weavile
|-damage|p1a: Weavile|0 fnt
|faint|p1a: Weavile
|
|upkeep
|
|t:|1758941253
|switch|p1a: Primarina|Primarina, F|55/100
|-damage|p1a: Primarina|42/100|[from] Stealth Rock
|turn|49
|
|t:|1758941256
|switch|p2a: Tornadus|Tornadus-Therian, M|97/100
|move|p1a: Primarina|Substitute|p1a: Primarina
|-start|p1a: Primarina|Substitute
|-damage|p1a: Primarina|18/100
|
|-heal|p1a: Primarina|24/100|[from] item: Leftovers
|upkeep
|turn|50
|
|t:|1758941259
|move|p2a: Tornadus|Grass Knot|p1a: Primarina
|-supereffective|p1a: Primarina
|-end|p1a: Primarina|Substitute
|move|p1a: Primarina|Draining Kiss|p2a: Tornadus
|-damage|p2a: Tornadus|73/100
|-heal|p1a: Primarina|39/100|[from] drain|[of] p2a: Tornadus
|
|-heal|p1a: Primarina|45/100|[from] item: Leftovers
|upkeep
|turn|51
|
|t:|1758941262
|switch|p2a: Garganacl|Garganacl, M, tera:Water|72/100
|switch|p1a: Pecharunt|Pecharunt|76/100
|
|upkeep
|turn|52
|
|t:|1758941265
|move|p1a: Pecharunt|Foul Play|p2a: Garganacl
|-damage|p2a: Garganacl|58/100
|move|p2a: Garganacl|Salt Cure|p1a: Pecharunt
|-damage|p1a: Pecharunt|70/100
|-start|p1a: Pecharunt|Salt Cure
|
|-damage|p1a: Pecharunt|58/100|[from] Salt Cure
|upkeep
|turn|53
|
|t:|1758941268
|move|p1a: Pecharunt|Malignant Chain|p2a: Garganacl
|-damage|p2a: Garganacl|36/100
|move|p2a: Garganacl|Salt Cure|p1a: Pecharunt
|-crit|p1a: Pecharunt
|-damage|p1a: Pecharunt|48/100
|
|-damage|p1a: Pecharunt|36/100|[from] Salt Cure
|upkeep
|turn|54
|
|t:|1758941274
|move|p1a: Pecharunt|Parting Shot|p2a: Garganacl
|-unboost|p2a: Garganacl|atk|1
|-unboost|p2a: Garganacl|spa|1
|
|t:|1758941276
|switch|p1a: Primarina|Primarina, F|45/100|[from] Parting Shot
|-damage|p1a: Primarina|32/100|[from] Stealth Rock
|move|p2a: Garganacl|Recover|p2a: Garganacl
|-heal|p2a: Garganacl|86/100
|
|-heal|p1a: Primarina|39/100|[from] item: Leftovers
|upkeep
|turn|55
|
|t:|1758941280
|switch|p2a: Tornadus|Tornadus-Therian, M|100/100
|move|p1a: Primarina|Draining Kiss|p2a: Tornadus
|-damage|p2a: Tornadus|74/100
|-heal|p1a: Primarina|55/100|[from] drain|[of] p2a: Tornadus
|
|-heal|p1a: Primarina|61/100|[from] item: Leftovers
|upkeep
|turn|56
|
|t:|1758941286
|switch|p1a: Pecharunt|Pecharunt|36/100
|move|p2a: Tornadus|Grass Knot|p1a: Pecharunt
|-resisted|p1a: Pecharunt
|-damage|p1a: Pecharunt|32/100
|
|upkeep
|turn|57
|
|t:|1758941292
|switch|p2a: Garganacl|Garganacl, M, tera:Water|86/100
|move|p1a: Pecharunt|Parting Shot|p2a: Garganacl
|-unboost|p2a: Garganacl|atk|1
|-unboost|p2a: Garganacl|spa|1
|
|t:|1758941293
|switch|p1a: Primarina|Primarina, F|61/100|[from] Parting Shot
|-damage|p1a: Primarina|48/100|[from] Stealth Rock
|
|-heal|p1a: Primarina|54/100|[from] item: Leftovers
|upkeep
|turn|58
|
|t:|1758941295
|switch|p2a: Tornadus|Tornadus-Therian, M|100/100
|move|p1a: Primarina|Substitute|p1a: Primarina
|-start|p1a: Primarina|Substitute
|-damage|p1a: Primarina|30/100
|
|-heal|p1a: Primarina|36/100|[from] item: Leftovers
|upkeep
|turn|59
|
|t:|1758941299
|move|p2a: Tornadus|Grass Knot|p1a: Primarina
|-supereffective|p1a: Primarina
|-end|p1a: Primarina|Substitute
|move|p1a: Primarina|Draining Kiss|p2a: Tornadus
|-damage|p2a: Tornadus|73/100
|-heal|p1a: Primarina|53/100|[from] drain|[of] p2a: Tornadus
|
|-heal|p1a: Primarina|59/100|[from] item: Leftovers
|upkeep
|turn|60
|
|t:|1758941305
|move|p2a: Tornadus|Grass Knot|p1a: Primarina
|-supereffective|p1a: Primarina
|-damage|p1a: Primarina|13/100
|move|p1a: Primarina|Substitute|p1a: Primarina
|-fail|p1a: Primarina|move: Substitute|[weak]
|
|-heal|p1a: Primarina|19/100|[from] item: Leftovers
|upkeep
|turn|61
|-message|sentinental forfeited.
|
|win|WogerHater
|raw|sentinental's rating: 1782 &rarr; <strong>1767</strong><br />(-15 for losing)
|raw|WogerHater's rating: 1863 &rarr; <strong>1878</strong><br />(+15 for winning)
|l|☆sentinental
|player|p1|
|l| locked in bro
|l|☆WogerHater
|player|p2|
