|j|☆fororapide
|j|☆gashner
|t:|1759055278
|gametype|singles
|player|p1|fororapide|169|1224
|player|p2|gashner|169|1216
|gen|9
|tier|[Gen 9] OU
|rated|
|rule|HP Percentage Mod: HP is shown in percentages
|rule|Endless Battle Clause: Forcing endless battles is banned
|rule|Species Clause: Limit one of each Pokémon
|rule|OHKO Clause: OHKO moves are banned
|rule|Evasion Items Clause: Evasion items are banned
|rule|Evasion Moves Clause: Evasion moves are banned
|rule|Evasion Abilities Clause: Evasion abilities are banned
|rule|Sleep Moves Clause: Sleep-inducing moves are banned
|clearpoke
|poke|p1|Ogerpon-Wellspring, F|
|poke|p1|Kyurem|
|poke|p1|Dragapult, M|
|poke|p1|Corviknight, M|
|poke|p1|Ting-Lu|
|poke|p1|Gholdengo|
|poke|p2|Tornadus, M|
|poke|p2|Toxtricity, M|
|poke|p2|Iron Valiant|
|poke|p2|Arcanine-Hisui, M|
|poke|p2|Brambleghast, M|
|poke|p2|Hydreigon, M|
|teampreview
|inactive|Battle timer is ON: inactive players will automatically lose when time's up. (requested by gashner)
|
|t:|1759055289
|teamsize|p1|6
|teamsize|p2|6
|start
|switch|p1a: Ting-Lu|Ting-Lu|100/100
|switch|p2a: Tornadus|Tornadus, M, shiny|100/100
|-ability|p1a: Ting-Lu|Vessel of Ruin
|turn|1
|
|t:|1759055303
|switch|p1a: Kyurem|Kyurem|100/100
|-ability|p1a: Kyurem|Pressure
|move|p2a: Tornadus|Taunt|p1a: Kyurem
|-start|p1a: Kyurem|move: Taunt
|
|upkeep
|turn|2
|
|t:|1759055313
|move|p2a: Tornadus|Tailwind|p2a: Tornadus
|-sidestart|p2: gashner|move: Tailwind
|move|p1a: Kyurem|Ice Beam|p2a: Tornadus
|-supereffective|p2a: Tornadus
|-damage|p2a: Tornadus|0 fnt
|faint|p2a: Tornadus
|
|upkeep
|inactive|gashner has 120 seconds left.
|
|t:|1759055344
|switch|p2a: Arcanine|Arcanine-Hisui, M, shiny|100/100
|turn|3
|inactive|gashner has 120 seconds left.
|
|t:|1759055357
|switch|p1a: Ting-Lu|Ting-Lu|100/100
|-ability|p1a: Ting-Lu|Vessel of Ruin
|move|p2a: Arcanine|Head Smash|p1a: Ting-Lu
|-resisted|p1a: Ting-Lu
|-damage|p1a: Ting-Lu|70/100
|
|-heal|p1a: Ting-Lu|77/100|[from] item: Leftovers
|upkeep
|turn|4
|
|t:|1759055369
|switch|p2a: Iron Valiant|Iron Valiant, shiny|100/100
|move|p1a: Ting-Lu|Earthquake|p2a: Iron Valiant
|-damage|p2a: Iron Valiant|48/100
|
|-heal|p1a: Ting-Lu|83/100|[from] item: Leftovers
|upkeep
|turn|5
|inactive|gashner has 120 seconds left.
|
|t:|1759055390
|switch|p1a: Corviknight|Corviknight, M|100/100
|-ability|p1a: Corviknight|Pressure
|move|p2a: Iron Valiant|Shadow Ball|p1a: Corviknight
|-damage|p1a: Corviknight|64/100
|-unboost|p1a: Corviknight|spd|1
|
|-heal|p1a: Corviknight|70/100|[from] item: Leftovers
|-sideend|p2: gashner|move: Tailwind
|upkeep
|turn|6
|inactive|gashner has 120 seconds left.
|
|t:|1759055403
|move|p2a: Iron Valiant|Shadow Ball|p1a: Corviknight
|-damage|p1a: Corviknight|16/100
|move|p1a: Corviknight|Brave Bird|p2a: Iron Valiant
|-supereffective|p2a: Iron Valiant
|-damage|p2a: Iron Valiant|0 fnt
|faint|p2a: Iron Valiant
|-end|p2a: Iron Valiant|Quark Drive|[silent]
|-damage|p1a: Corviknight|4/100|[from] Recoil
|
|-heal|p1a: Corviknight|10/100|[from] item: Leftovers
|upkeep
|inactive|gashner has 120 seconds left.
|
|t:|1759055411
|switch|p2a: Arcanine|Arcanine-Hisui, M, shiny|100/100
|turn|7
|
|t:|1759055421
|switch|p1a: Ting-Lu|Ting-Lu|83/100
|-ability|p1a: Ting-Lu|Vessel of Ruin
|move|p2a: Arcanine|Head Smash|p1a: Ting-Lu
|-resisted|p1a: Ting-Lu
|-damage|p1a: Ting-Lu|51/100
|
|-heal|p1a: Ting-Lu|57/100|[from] item: Leftovers
|upkeep
|turn|8
|
|t:|1759055435
|switch|p2a: Hydreigon|Hydreigon, M, shiny|100/100
|move|p1a: Ting-Lu|Earthquake|p2a: Hydreigon
|-immune|p2a: Hydreigon|[from] ability: Levitate
|
|-heal|p1a: Ting-Lu|64/100|[from] item: Leftovers
|upkeep
|turn|9
|
|t:|1759055456
|switch|p1a: Kyurem|Kyurem|100/100
|-ability|p1a: Kyurem|Pressure
|move|p2a: Hydreigon|Stealth Rock|p1a: Kyurem
|-sidestart|p1: fororapide|move: Stealth Rock
|
|upkeep
|turn|10
|
|t:|1759055464
|move|p2a: Hydreigon|Tailwind|p2a: Hydreigon
|-sidestart|p2: gashner|move: Tailwind
|move|p1a: Kyurem|Ice Beam|p2a: Hydreigon
|-supereffective|p2a: Hydreigon
|-damage|p2a: Hydreigon|0 fnt
|faint|p2a: Hydreigon
|
|upkeep
|
|t:|1759055473
|switch|p2a: Toxtricity|Toxtricity, M, shiny|100/100
|turn|11
|
|t:|1759055488
|switch|p1a: Ting-Lu|Ting-Lu|64/100
|-damage|p1a: Ting-Lu|57/100|[from] Stealth Rock
|-ability|p1a: Ting-Lu|Vessel of Ruin
|move|p2a: Toxtricity|Boomburst|p1a: Ting-Lu
|-damage|p1a: Ting-Lu|18/100
|
|-heal|p1a: Ting-Lu|24/100|[from] item: Leftovers
|upkeep
|turn|12
|
|t:|1759055502
|move|p2a: Toxtricity|Boomburst|p1a: Ting-Lu
|-damage|p1a: Ting-Lu|0 fnt
|faint|p1a: Ting-Lu
|
|upkeep
|inactive|fororapide has 120 seconds left.
|
|t:|1759055533
|switch|p1a: Gholdengo|Gholdengo|100/100
|-damage|p1a: Gholdengo|94/100|[from] Stealth Rock
|-item|p1a: Gholdengo|Air Balloon
|turn|13
|inactive|fororapide has 120 seconds left.
|
|t:|1759055555
|switch|p2a: Arcanine|Arcanine-Hisui, M, shiny|100/100
|move|p1a: Gholdengo|Make It Rain|p2a: Arcanine
|-damage|p2a: Arcanine|17/100
|-unboost|p1a: Gholdengo|spa|1
|
|-sideend|p2: gashner|move: Tailwind
|upkeep
|turn|14
|
|t:|1759055567
|switch|p1a: Ogerpon|Ogerpon-Wellspring, F|100/100
|-damage|p1a: Ogerpon|88/100|[from] Stealth Rock
|move|p2a: Arcanine|Flare Blitz|p1a: Ogerpon
|-crit|p1a: Ogerpon
|-damage|p1a: Ogerpon|0 fnt
|faint|p1a: Ogerpon
|
|upkeep
|
|t:|1759055581
|switch|p1a: Dragapult|Dragapult, M|100/100
|turn|15
|
|t:|1759055588
|move|p1a: Dragapult|Hex|p2a: Arcanine
|-damage|p2a: Arcanine|0 fnt
|faint|p2a: Arcanine
|
|upkeep
|
|t:|1759055593
|switch|p2a: Toxtricity|Toxtricity, M, shiny|100/100
|turn|16
|
|t:|1759055602
|switch|p1a: Gholdengo|Gholdengo|94/100
|-damage|p1a: Gholdengo|88/100|[from] Stealth Rock
|-item|p1a: Gholdengo|Air Balloon
|move|p2a: Toxtricity|Sludge Wave|p1a: Gholdengo
|-immune|p1a: Gholdengo
|
|upkeep
|turn|17
|inactive|fororapide has 120 seconds left.
|-message|gashner forfeited.
|
|win|fororapide
|raw|fororapide's rating: 1224 &rarr; <strong>1248</strong><br />(+24 for winning)
|raw|gashner's rating: 1216 &rarr; <strong>1192</strong><br />(-24 for losing)
|l|☆gashner
|player|p2|
|l|☆fororapide
|player|p1|
