|j|☆missingyat
|j|☆Enchantix fairy
|t:|1758984693
|gametype|singles
|player|p1|missingyat|clerk|1210
|player|p2|Enchantix fairy|parasollady|1250
|gen|9
|tier|[Gen 9] OU
|rated|
|rule|HP Percentage Mod: HP is shown in percentages
|rule|Endless Battle Clause: Forcing endless battles is banned
|rule|Species Clause: Limit one of each Pokémon
|rule|OHKO Clause: OHKO moves are banned
|rule|Evasion Items Clause: Evasion items are banned
|rule|Evasion Moves Clause: Evasion moves are banned
|rule|Evasion Abilities Clause: Evasion abilities are banned
|rule|Sleep Moves Clause: Sleep-inducing moves are banned
|clearpoke
|poke|p1|Komala, F|
|poke|p1|Moltres|
|poke|p1|Shiftry, M|
|poke|p1|Milotic, F|
|poke|p1|Conkeldurr, F|
|poke|p1|Whimsicott, M|
|poke|p2|Ninetales, M|
|poke|p2|Walking Wake|
|poke|p2|Scizor, F|
|poke|p2|Salazzle, F|
|poke|p2|Weezing-Galar, M|
|poke|p2|Lilligant-Hisui, F|
|teampreview
|inactive|Battle timer is ON: inactive players will automatically lose when time's up. (requested by Enchantix fairy)
|
|t:|1758984717
|teamsize|p1|6
|teamsize|p2|6
|start
|switch|p1a: KFC|Moltres|100/100
|switch|p2a: red bottoms|Scizor, F|100/100
|turn|1
|
|t:|1758984731
|-terastallize|p2a: red bottoms|Water
|move|p1a: KFC|Flamethrower|p2a: red bottoms
|-resisted|p2a: red bottoms
|-damage|p2a: red bottoms|74/100
|move|p2a: red bottoms|U-turn|p1a: KFC
|-resisted|p1a: KFC
|-damage|p1a: KFC|89/100
|
|t:|1758984735
|switch|p2a: Bloom|Walking Wake|100/100|[from] U-turn
|
|upkeep
|turn|2
|
|t:|1758984747
|switch|p1a: Milotic|Milotic, F|100/100
|move|p2a: Bloom|Hydro Steam|p1a: Milotic
|-resisted|p1a: Milotic
|-damage|p1a: Milotic|81/100
|
|-status|p1a: Milotic|brn|[from] item: Flame Orb
|upkeep
|turn|3
|
|t:|1758984754
|-end|p2a: Bloom|Protosynthesis|[silent]
|switch|p2a: red bottoms|Scizor, F, tera:Water|74/100
|move|p1a: Milotic|Dragon Tail|p2a: red bottoms
|-damage|p2a: red bottoms|69/100
|drag|p2a: Lilligant|Lilligant-Hisui, F|100/100
|
|-damage|p1a: Milotic|75/100 brn|[from] brn
|upkeep
|turn|4
|
|t:|1758984761
|move|p2a: Lilligant|Leaf Blade|p1a: Milotic
|-supereffective|p1a: Milotic
|-crit|p1a: Milotic
|-damage|p1a: Milotic|0 fnt
|faint|p1a: Milotic
|-damage|p2a: Lilligant|91/100|[from] item: Life Orb
|
|upkeep
|
|t:|1758984768
|switch|p1a: Whimsicott|Whimsicott, M|100/100
|turn|5
|
|t:|1758984776
|switch|p2a: red bottoms|Scizor, F, tera:Water|69/100
|move|p1a: Whimsicott|Moonblast|p2a: red bottoms
|-damage|p2a: red bottoms|27/100
|-unboost|p2a: red bottoms|spa|1
|
|upkeep
|turn|6
|
|t:|1758984781
|move|p2a: red bottoms|Bullet Punch|p1a: Whimsicott
|-supereffective|p1a: Whimsicott
|-damage|p1a: Whimsicott|0 fnt
|faint|p1a: Whimsicott
|
|upkeep
|
|t:|1758984791
|switch|p1a: KFC|Moltres|89/100
|turn|7
|
|t:|1758984803
|switch|p2a: Bloom|Walking Wake|100/100
|move|p1a: KFC|U-turn|p2a: Bloom
|-damage|p2a: Bloom|86/100
|
|t:|1758984816
|switch|p1a: Shiftry|Shiftry, M|100/100|[from] U-turn
|
|upkeep
|turn|8
|
|t:|1758984820
|move|p2a: Bloom|Flamethrower|p1a: Shiftry
|-supereffective|p1a: Shiftry
|-enditem|p1a: Shiftry|Focus Sash
|-damage|p1a: Shiftry|1/100
|-status|p1a: Shiftry|brn
|move|p1a: Shiftry|Tailwind|p1a: Shiftry
|-sidestart|p1: missingyat|move: Tailwind
|-ability|p1a: Shiftry|Wind Rider|boost
|-boost|p1a: Shiftry|atk|1
|
|-damage|p1a: Shiftry|0 fnt|[from] brn
|faint|p1a: Shiftry
|upkeep
|
|t:|1758984830
|switch|p1a: Conkeldurr|Conkeldurr, F|100/100
|turn|9
|
|t:|1758984839
|-end|p2a: Bloom|Protosynthesis|[silent]
|switch|p2a: Stella|Ninetales, M|100/100
|-weather|SunnyDay|[from] ability: Drought|[of] p2a: Stella
|move|p1a: Conkeldurr|Bulk Up|p1a: Conkeldurr
|-boost|p1a: Conkeldurr|atk|1
|-boost|p1a: Conkeldurr|def|1
|
|-weather|SunnyDay|[upkeep]
|upkeep
|turn|10
|
|t:|1758984845
|move|p1a: Conkeldurr|Dynamic Punch|p2a: Stella|[miss]
|-miss|p1a: Conkeldurr|p2a: Stella
|-enditem|p1a: Conkeldurr|Blunder Policy
|-boost|p1a: Conkeldurr|spe|2
|move|p2a: Stella|Overheat|p1a: Conkeldurr
|-damage|p1a: Conkeldurr|0 fnt
|-unboost|p2a: Stella|spa|2
|faint|p1a: Conkeldurr
|
|-weather|SunnyDay|[upkeep]
|upkeep
|
|t:|1758984856
|switch|p1a: Slizzy|Komala, F, shiny|100/100
|-ability|p1a: Slizzy|Comatose
|turn|11
|
|t:|1758984858
|switch|p2a: red bottoms|Scizor, F, tera:Water|27/100
|move|p1a: Slizzy|Earthquake|p2a: red bottoms
|-crit|p2a: red bottoms
|-damage|p2a: red bottoms|0 fnt
|faint|p2a: red bottoms
|
|-weather|SunnyDay|[upkeep]
|-sideend|p1: missingyat|move: Tailwind
|upkeep
|
|t:|1758984860
|switch|p2a: Lilligant|Lilligant-Hisui, F|91/100
|turn|12
|
|t:|1758984869
|move|p2a: Lilligant|Victory Dance|p2a: Lilligant
|-boost|p2a: Lilligant|atk|1
|-boost|p2a: Lilligant|def|1
|-boost|p2a: Lilligant|spe|1
|move|p1a: Slizzy|Rapid Spin|p2a: Lilligant
|-damage|p2a: Lilligant|65/100
|-boost|p1a: Slizzy|spe|1
|
|-weather|SunnyDay|[upkeep]
|upkeep
|turn|13
|
|t:|1758984883
|move|p2a: Lilligant|Victory Dance|p2a: Lilligant
|-boost|p2a: Lilligant|atk|1
|-boost|p2a: Lilligant|def|1
|-boost|p2a: Lilligant|spe|1
|move|p1a: Slizzy|Body Slam|p2a: Lilligant
|-damage|p2a: Lilligant|36/100
|
|-weather|none
|upkeep
|turn|14
|
|t:|1758984904
|switch|p1a: KFC|Moltres|89/100
|move|p2a: Lilligant|Leaf Blade|p1a: KFC
|-resisted|p1a: KFC
|-damage|p1a: KFC|70/100
|-damage|p2a: Lilligant|26/100|[from] item: Life Orb
|
|upkeep
|turn|15
|
|t:|1758984910
|move|p2a: Lilligant|Ice Spinner|p1a: KFC
|-damage|p1a: KFC|22/100
|-damage|p2a: Lilligant|16/100|[from] item: Life Orb
|move|p1a: KFC|U-turn|p2a: Lilligant
|-crit|p2a: Lilligant
|-damage|p2a: Lilligant|0 fnt
|faint|p2a: Lilligant
|
|t:|1758984915
|switch|p1a: Slizzy|Komala, F, shiny|100/100|[from] U-turn
|-ability|p1a: Slizzy|Comatose
|
|upkeep
|
|t:|1758984918
|switch|p2a: Stella|Ninetales, M|100/100
|-weather|SunnyDay|[from] ability: Drought|[of] p2a: Stella
|turn|16
|
|t:|1758984921
|move|p2a: Stella|Nasty Plot|p2a: Stella
|-boost|p2a: Stella|spa|2
|move|p1a: Slizzy|Rapid Spin|p2a: Stella
|-damage|p2a: Stella|65/100
|-boost|p1a: Slizzy|spe|1
|
|-weather|SunnyDay|[upkeep]
|upkeep
|turn|17
|
|t:|1758984931
|move|p2a: Stella|Overheat|p1a: Slizzy
|-damage|p1a: Slizzy|0 fnt
|-unboost|p2a: Stella|spa|2
|faint|p1a: Slizzy
|
|-weather|SunnyDay|[upkeep]
|upkeep
|
|t:|1758984934
|switch|p1a: KFC|Moltres|22/100
|turn|18
|
|t:|1758984939
|move|p2a: Stella|Overheat|p1a: KFC
|-resisted|p1a: KFC
|-damage|p1a: KFC|0 fnt
|-unboost|p2a: Stella|spa|2
|faint|p1a: KFC
|
|win|Enchantix fairy
|raw|missingyat's rating: 1210 &rarr; <strong>1188</strong><br />(-22 for losing)
|raw|Enchantix fairy's rating: 1250 &rarr; <strong>1272</strong><br />(+22 for winning)
|l|☆Enchantix fairy
|player|p2|
|l|☆missingyat
|player|p1|
