|j|☆no902
|j|☆IUseGimmickyShit
|t:|1759042808
|gametype|singles
|player|p1|no902|169|1461
|player|p2|IUseGimmickyShit|harlequin|1362
|gen|9
|tier|[Gen 9] OU
|rated|
|rule|HP Percentage Mod: HP is shown in percentages
|rule|Endless Battle Clause: Forcing endless battles is banned
|rule|Species Clause: Limit one of each Pokémon
|rule|OHKO Clause: OHKO moves are banned
|rule|Evasion Items Clause: Evasion items are banned
|rule|Evasion Moves Clause: Evasion moves are banned
|rule|Evasion Abilities Clause: Evasion abilities are banned
|rule|Sleep Moves Clause: Sleep-inducing moves are banned
|clearpoke
|poke|p1|Kingambit, F|
|poke|p1|Cinderace, F|
|poke|p1|Landorus-Therian, M|
|poke|p1|Iron Valiant|
|poke|p1|Kyurem|
|poke|p1|Slowking-Galar, M|
|poke|p2|Krookodile, M|
|poke|p2|Kommo-o, M|
|poke|p2|Araquanid, M|
|poke|p2|Inteleon, M|
|poke|p2|Noivern, F|
|poke|p2|Muk-Alola, M|
|teampreview
|
|t:|1759042825
|teamsize|p1|6
|teamsize|p2|6
|start
|switch|p1a: Kyurem|Kyurem, shiny|100/100
|switch|p2a: Blitzø|Inteleon, M, shiny|100/100
|-ability|p1a: Kyurem|Pressure
|turn|1
|
|t:|1759042831
|move|p2a: Blitzø|U-turn|p1a: Kyurem
|-damage|p1a: Kyurem|88/100
|
|t:|1759042834
|switch|p2a: Sunshine|Muk-Alola, M|100/100|[from] U-turn
|move|p1a: Kyurem|Freeze-Dry|p2a: Sunshine
|-damage|p2a: Sunshine|72/100
|
|upkeep
|turn|2
|
|t:|1759042841
|switch|p1a: Landorus|Landorus-Therian, M|100/100
|-ability|p1a: Landorus|Intimidate|boost
|-unboost|p2a: Sunshine|atk|1
|move|p2a: Sunshine|Ice Punch|p1a: Landorus
|-supereffective|p1a: Landorus
|-damage|p1a: Landorus|39/100
|-damage|p2a: Sunshine|55/100|[from] item: Rocky Helmet|[of] p1a: Landorus
|-status|p1a: Landorus|psn|[from] ability: Poison Touch|[of] p2a: Sunshine
|
|-damage|p1a: Landorus|26/100 psn|[from] psn
|upkeep
|turn|3
|
|t:|1759042859
|switch|p2a: Bat|Noivern, F|100/100
|-item|p1a: Landorus|Rocky Helmet|[from] ability: Frisk|[of] p2a: Bat
|move|p1a: Landorus|U-turn|p2a: Bat
|-resisted|p2a: Bat
|-damage|p2a: Bat|87/100
|
|t:|1759042874
|switch|p1a: Slowking|Slowking-Galar, M, shiny|100/100|[from] U-turn
|
|upkeep
|turn|4
|
|t:|1759042878
|switch|p2a: Sunshine|Muk-Alola, M|55/100
|-prepare|p1a: Slowking|Chilly Reception|[premajor]
|move|p1a: Slowking|Chilly Reception|p1a: Slowking
|-weather|Snowscape
|
|t:|1759042885
|switch|p1a: Kyurem|Kyurem, shiny|88/100|[from] Chilly Reception
|-ability|p1a: Kyurem|Pressure
|
|-weather|Snowscape|[upkeep]
|upkeep
|turn|5
|inactive|Battle timer is ON: inactive players will automatically lose when time's up. (requested by IUseGimmickyShit)
|
|t:|1759042938
|-terastallize|p1a: Kyurem|Ice
|move|p1a: Kyurem|Blizzard|p2a: Sunshine
|-damage|p2a: Sunshine|0 fnt
|faint|p2a: Sunshine
|
|-weather|Snowscape|[upkeep]
|upkeep
|
|t:|1759042948
|switch|p2a: Spoder|Araquanid, M, shiny|100/100
|turn|6
|
|t:|1759042952
|switch|p1a: Landorus|Landorus-Therian, M|26/100 psn
|-ability|p1a: Landorus|Intimidate|boost
|-unboost|p2a: Spoder|atk|1
|move|p2a: Spoder|Liquidation|p1a: Landorus
|-supereffective|p1a: Landorus
|-damage|p1a: Landorus|0 fnt
|-damage|p2a: Spoder|84/100|[from] item: Rocky Helmet|[of] p1a: Landorus
|faint|p1a: Landorus
|
|-weather|Snowscape|[upkeep]
|-heal|p2a: Spoder|90/100|[from] item: Leftovers
|upkeep
|inactive|no902 has 120 seconds left.
|
|t:|1759042983
|switch|p1a: Kyurem|Kyurem, shiny, tera:Ice|88/100
|-ability|p1a: Kyurem|Pressure
|turn|7
|
|t:|1759042997
|switch|p2a: Blitzø|Inteleon, M, shiny|100/100
|move|p1a: Kyurem|Freeze-Dry|p2a: Blitzø
|-supereffective|p2a: Blitzø
|-damage|p2a: Blitzø|0 fnt
|faint|p2a: Blitzø
|
|-weather|Snowscape|[upkeep]
|upkeep
|
|t:|1759043007
|switch|p2a: Bat|Noivern, F|87/100
|-item|p1a: Kyurem|Choice Specs|[from] ability: Frisk|[of] p2a: Bat
|turn|8
|
|t:|1759043026
|move|p2a: Bat|Flamethrower|p1a: Kyurem
|-supereffective|p1a: Kyurem
|-damage|p1a: Kyurem|28/100
|-damage|p2a: Bat|77/100|[from] item: Life Orb
|move|p1a: Kyurem|Freeze-Dry|p2a: Bat
|-supereffective|p2a: Bat
|-damage|p2a: Bat|0 fnt
|faint|p2a: Bat
|
|-weather|none
|upkeep
|
|t:|1759043037
|switch|p2a: Spoder|Araquanid, M, shiny|90/100
|turn|9
|
|t:|1759043040
|move|p1a: Kyurem|Freeze-Dry|p2a: Spoder
|-supereffective|p2a: Spoder
|-damage|p2a: Spoder|0 fnt
|faint|p2a: Spoder
|
|upkeep
|-message|IUseGimmickyShit forfeited.
|
|win|no902
|raw|no902's rating: 1461 &rarr; <strong>1475</strong><br />(+14 for winning)
|raw|IUseGimmickyShit's rating: 1362 &rarr; <strong>1348</strong><br />(-14 for losing)
|l|☆IUseGimmickyShit
|player|p2|
|l|☆no902
|player|p1|
