|badge|p2|bronze|gen9ou|100-6
|html|<div class="broadcast-red"><strong>This battle is required to be public due to one or more player having a season medal.</strong><br />During the public phase, you can discuss the state of the ladder <a href="/seasondiscussion">in a special chatroom.</a></div>
|uhtml|medal-msg|<div class="broadcast-blue">Curious what those medals under the avatar are? PS now has Ladder Seasons! For more information, check out the <a href="https://www.smogon.com/forums/threads/3740067/">thread on Smogon.</a></div>
|j|☆noob1877
|j|☆WogerHater
|t:|1758933667
|gametype|singles
|player|p1|noob1877|169|1774
|player|p2|WogerHater|dawn-gen4pt|1793
|gen|9
|tier|[Gen 9] OU
|rated|
|rule|HP Percentage Mod: HP is shown in percentages
|rule|Endless Battle Clause: Forcing endless battles is banned
|rule|Species Clause: Limit one of each Pokémon
|rule|OHKO Clause: OHKO moves are banned
|rule|Evasion Items Clause: Evasion items are banned
|rule|Evasion Moves Clause: Evasion moves are banned
|rule|Evasion Abilities Clause: Evasion abilities are banned
|rule|Sleep Moves Clause: Sleep-inducing moves are banned
|clearpoke
|poke|p1|Pelipper, F|
|poke|p1|Overqwil, M|
|poke|p1|Rillaboom, M|
|poke|p1|Basculegion-F, F|
|poke|p1|Iron Treads|
|poke|p1|Raging Bolt|
|poke|p2|Weezing-Galar, M|
|poke|p2|Ting-Lu|
|poke|p2|Corviknight, F|
|poke|p2|Skeledirge, F|
|poke|p2|Dragapult, F|
|poke|p2|Ogerpon-Wellspring, F|
|teampreview
|inactive|Battle timer is ON: inactive players will automatically lose when time's up. (requested by WogerHater)
|
|t:|1758933694
|teamsize|p1|6
|teamsize|p2|6
|start
|switch|p1a: Raging Bolt|Raging Bolt|100/100
|switch|p2a: Dragapult|Dragapult, F|100/100
|turn|1
|
|t:|1758933716
|move|p2a: Dragapult|U-turn|p1a: Raging Bolt
|-damage|p1a: Raging Bolt|85/100
|
|t:|1758933721
|switch|p2a: Ting-Lu|Ting-Lu, shiny|100/100|[from] U-turn
|-ability|p2a: Ting-Lu|Vessel of Ruin
|move|p1a: Raging Bolt|Draco Meteor|p2a: Ting-Lu
|-damage|p2a: Ting-Lu|72/100
|-unboost|p1a: Raging Bolt|spa|2
|
|-heal|p2a: Ting-Lu|78/100|[from] item: Leftovers
|upkeep
|turn|2
|
|t:|1758933727
|-end|p1a: Raging Bolt|Protosynthesis|[silent]
|switch|p1a: Rillaboom|Rillaboom, M|100/100
|-fieldstart|move: Grassy Terrain|[from] ability: Grassy Surge|[of] p1a: Rillaboom
|move|p2a: Ting-Lu|Stealth Rock|p1a: Rillaboom
|-sidestart|p1: noob1877|move: Stealth Rock
|
|-heal|p2a: Ting-Lu|84/100|[from] Grassy Terrain
|-heal|p2a: Ting-Lu|91/100|[from] item: Leftovers
|upkeep
|turn|3
|
|t:|1758933734
|switch|p2a: Corviknight|Corviknight, F|100/100
|-ability|p2a: Corviknight|Pressure
|move|p1a: Rillaboom|Knock Off|p2a: Corviknight
|-damage|p2a: Corviknight|69/100
|-damage|p1a: Rillaboom|84/100|[from] item: Rocky Helmet|[of] p2a: Corviknight
|-enditem|p2a: Corviknight|Rocky Helmet|[from] move: Knock Off|[of] p1a: Rillaboom
|-damage|p1a: Rillaboom|74/100|[from] item: Life Orb
|
|-heal|p1a: Rillaboom|80/100|[from] Grassy Terrain
|upkeep
|turn|4
|
|t:|1758933741
|switch|p1a: Iron Treads|Iron Treads|100/100
|-damage|p1a: Iron Treads|97/100|[from] Stealth Rock
|move|p2a: Corviknight|U-turn|p1a: Iron Treads
|-resisted|p1a: Iron Treads
|-damage|p1a: Iron Treads|92/100
|
|t:|1758933745
|switch|p2a: Ogerpon|Ogerpon-Wellspring, F|100/100|[from] U-turn
|
|-heal|p1a: Iron Treads|98/100|[from] Grassy Terrain
|-heal|p1a: Iron Treads|100/100|[from] item: Leftovers
|upkeep
|turn|5
|j| Aftersparks
|
|t:|1758933764
|move|p2a: Ogerpon|Ivy Cudgel|p1a: Iron Treads|[anim] Ivy Cudgel Water
|-supereffective|p1a: Iron Treads
|-damage|p1a: Iron Treads|22/100
|move|p1a: Iron Treads|Rapid Spin|p2a: Ogerpon
|-damage|p2a: Ogerpon|87/100
|-boost|p1a: Iron Treads|spe|1
|-sideend|p1: noob1877|Stealth Rock|[from] move: Rapid Spin|[of] p1a: Iron Treads
|
|-heal|p1a: Iron Treads|29/100|[from] Grassy Terrain
|-heal|p1a: Iron Treads|35/100|[from] item: Leftovers
|-heal|p2a: Ogerpon|93/100|[from] Grassy Terrain
|upkeep
|turn|6
|
|t:|1758933774
|move|p1a: Iron Treads|Stealth Rock|p2a: Ogerpon
|-sidestart|p2: WogerHater|move: Stealth Rock
|move|p2a: Ogerpon|Spikes|p1a: Iron Treads
|-sidestart|p1: noob1877|Spikes
|
|-heal|p1a: Iron Treads|41/100|[from] Grassy Terrain
|-heal|p1a: Iron Treads|47/100|[from] item: Leftovers
|-heal|p2a: Ogerpon|99/100|[from] Grassy Terrain
|-fieldend|move: Grassy Terrain
|upkeep
|turn|7
|
|t:|1758933779
|move|p1a: Iron Treads|Rapid Spin|p2a: Ogerpon
|-damage|p2a: Ogerpon|86/100
|-boost|p1a: Iron Treads|spe|1
|-sideend|p1: noob1877|Spikes|[from] move: Rapid Spin|[of] p1a: Iron Treads
|move|p2a: Ogerpon|Ivy Cudgel|p1a: Iron Treads|[anim] Ivy Cudgel Water
|-supereffective|p1a: Iron Treads
|-damage|p1a: Iron Treads|0 fnt
|faint|p1a: Iron Treads
|-end|p1a: Iron Treads|Quark Drive|[silent]
|
|upkeep
|
|t:|1758933780
|switch|p1a: Raging Bolt|Raging Bolt|85/100
|turn|8
|
|t:|1758933786
|move|p1a: Raging Bolt|Draco Meteor|p2a: Ogerpon
|-damage|p2a: Ogerpon|19/100
|-unboost|p1a: Raging Bolt|spa|2
|move|p2a: Ogerpon|Knock Off|p1a: Raging Bolt
|-damage|p1a: Raging Bolt|54/100
|-enditem|p1a: Raging Bolt|Choice Scarf|[from] move: Knock Off|[of] p2a: Ogerpon
|
|upkeep
|turn|9
|
|t:|1758933797
|-end|p1a: Raging Bolt|Protosynthesis|[silent]
|switch|p1a: Rillaboom|Rillaboom, M|80/100
|-fieldstart|move: Grassy Terrain|[from] ability: Grassy Surge|[of] p1a: Rillaboom
|move|p2a: Ogerpon|Synthesis|p2a: Ogerpon
|-heal|p2a: Ogerpon|69/100
|
|-heal|p2a: Ogerpon|75/100|[from] Grassy Terrain
|-heal|p1a: Rillaboom|86/100|[from] Grassy Terrain
|upkeep
|turn|10
|
|t:|1758933805
|switch|p2a: GAS.|Weezing-Galar, M|100/100
|-ability|p2a: GAS.|Neutralizing Gas
|move|p1a: Rillaboom|Swords Dance|p1a: Rillaboom
|-boost|p1a: Rillaboom|atk|2
|
|-heal|p1a: Rillaboom|93/100|[from] Grassy Terrain
|upkeep
|turn|11
|
|t:|1758933809
|move|p1a: Rillaboom|Wood Hammer|p2a: GAS.
|-resisted|p2a: GAS.
|-damage|p2a: GAS.|33/100
|-damage|p1a: Rillaboom|71/100|[from] Recoil
|-damage|p1a: Rillaboom|61/100|[from] item: Life Orb
|move|p2a: GAS.|Defog|p1a: Rillaboom
|-unboost|p1a: Rillaboom|evasion|1
|-sideend|p2: WogerHater|Stealth Rock|[from] move: Defog|[of] p2a: GAS.
|-fieldend|move: Grassy Terrain
|
|upkeep
|turn|12
|
|t:|1758933815
|switch|p1a: Raging Bolt|Raging Bolt|54/100
|move|p2a: GAS.|Sludge Bomb|p1a: Raging Bolt
|-damage|p1a: Raging Bolt|26/100
|
|upkeep
|turn|13
|
|t:|1758933822
|-end|p1a: Raging Bolt|Protosynthesis|[silent]
|switch|p1a: Basculegion|Basculegion-F, F|100/100
|-end|p2a: GAS.|ability: Neutralizing Gas
|switch|p2a: Ting-Lu|Ting-Lu, shiny|91/100
|-ability|p2a: Ting-Lu|Vessel of Ruin
|
|-heal|p2a: Ting-Lu|97/100|[from] item: Leftovers
|upkeep
|turn|14
|
|t:|1758933831
|move|p1a: Basculegion|Flip Turn|p2a: Ting-Lu
|-supereffective|p2a: Ting-Lu
|-damage|p2a: Ting-Lu|77/100
|
|t:|1758933834
|switch|p1a: Pelipper|Pelipper, F|100/100|[from] Flip Turn
|-weather|RainDance|[from] ability: Drizzle|[of] p1a: Pelipper
|move|p2a: Ting-Lu|Stealth Rock|p1a: Pelipper
|-sidestart|p1: noob1877|move: Stealth Rock
|
|-weather|RainDance|[upkeep]
|-heal|p2a: Ting-Lu|83/100|[from] item: Leftovers
|upkeep
|turn|15
|
|t:|1758933840
|switch|p2a: Dragapult|Dragapult, F|100/100
|move|p1a: Pelipper|U-turn|p2a: Dragapult
|-resisted|p2a: Dragapult
|-damage|p2a: Dragapult|94/100
|
|t:|1758933842
|switch|p1a: Basculegion|Basculegion-F, F|100/100|[from] U-turn
|-damage|p1a: Basculegion|88/100|[from] Stealth Rock
|
|-weather|RainDance|[upkeep]
|upkeep
|turn|16
|
|t:|1758933859
|switch|p2a: GAS.|Weezing-Galar, M|33/100
|-ability|p2a: GAS.|Neutralizing Gas
|move|p1a: Basculegion|Shadow Ball|p2a: GAS.
|-damage|p2a: GAS.|0 fnt
|faint|p2a: GAS.
|-end|p2a: GAS.|ability: Neutralizing Gas
|
|-weather|RainDance|[upkeep]
|upkeep
|
|t:|1758933864
|switch|p2a: Ogerpon|Ogerpon-Wellspring, F|75/100
|turn|17
|l| Aftersparks
|
|t:|1758933890
|-terastallize|p1a: Basculegion|Fighting
|-terastallize|p2a: Ogerpon|Water
|detailschange|p2a: Ogerpon|Ogerpon-Wellspring-Tera, F, tera:Water
|-ability|p2a: Ogerpon|Embody Aspect (Wellspring)|boost
|-boost|p2a: Ogerpon|spd|1
|move|p1a: Basculegion|Shadow Ball|p2a: Ogerpon
|-damage|p2a: Ogerpon|36/100
|move|p2a: Ogerpon|Knock Off|p1a: Basculegion
|-resisted|p1a: Basculegion
|-damage|p1a: Basculegion|67/100
|-enditem|p1a: Basculegion|Choice Specs|[from] move: Knock Off|[of] p2a: Ogerpon
|
|-weather|RainDance|[upkeep]
|upkeep
|turn|18
|inactive|noob1877 has 120 seconds left.
|
|t:|1758933910
|move|p1a: Basculegion|Flip Turn|p2a: Ogerpon
|-resisted|p2a: Ogerpon
|-damage|p2a: Ogerpon|21/100
|
|t:|1758933911
|switch|p1a: Overqwil|Overqwil, M|100/100|[from] Flip Turn
|-damage|p1a: Overqwil|88/100|[from] Stealth Rock
|move|p2a: Ogerpon|Ivy Cudgel|p1a: Overqwil|[anim] Ivy Cudgel Water
|-damage|p1a: Overqwil|0 fnt
|faint|p1a: Overqwil
|
|-weather|RainDance|[upkeep]
|upkeep
|
|t:|1758933913
|switch|p1a: Basculegion|Basculegion-F, F, tera:Fighting|67/100
|-damage|p1a: Basculegion|61/100|[from] Stealth Rock
|turn|19
|
|t:|1758933924
|switch|p2a: Ting-Lu|Ting-Lu, shiny|83/100
|-ability|p2a: Ting-Lu|Vessel of Ruin
|move|p1a: Basculegion|Tera Blast|p2a: Ting-Lu|[anim] Tera Blast Fighting
|-supereffective|p2a: Ting-Lu
|-damage|p2a: Ting-Lu|53/100
|
|-weather|RainDance|[upkeep]
|-heal|p2a: Ting-Lu|59/100|[from] item: Leftovers
|upkeep
|turn|20
|
|t:|1758933928
|move|p1a: Basculegion|Flip Turn|p2a: Ting-Lu
|-supereffective|p2a: Ting-Lu
|-damage|p2a: Ting-Lu|31/100
|
|t:|1758933931
|switch|p1a: Rillaboom|Rillaboom, M|61/100|[from] Flip Turn
|-damage|p1a: Rillaboom|49/100|[from] Stealth Rock
|-fieldstart|move: Grassy Terrain|[from] ability: Grassy Surge|[of] p1a: Rillaboom
|move|p2a: Ting-Lu|Earthquake|p1a: Rillaboom
|-resisted|p1a: Rillaboom
|-damage|p1a: Rillaboom|38/100
|
|-weather|RainDance|[upkeep]
|-heal|p1a: Rillaboom|44/100|[from] Grassy Terrain
|-heal|p2a: Ting-Lu|37/100|[from] Grassy Terrain
|-heal|p2a: Ting-Lu|43/100|[from] item: Leftovers
|upkeep
|turn|21
|j| ahjskahskjah
|
|t:|1758933940
|switch|p2a: Corviknight|Corviknight, F|69/100
|-ability|p2a: Corviknight|Pressure
|move|p1a: Rillaboom|Swords Dance|p1a: Rillaboom
|-boost|p1a: Rillaboom|atk|2
|
|-weather|none
|-heal|p1a: Rillaboom|50/100|[from] Grassy Terrain
|upkeep
|turn|22
|
|t:|1758933943
|move|p1a: Rillaboom|Knock Off|p2a: Corviknight
|-damage|p2a: Corviknight|25/100
|-damage|p1a: Rillaboom|40/100|[from] item: Life Orb
|move|p2a: Corviknight|U-turn|p1a: Rillaboom
|-supereffective|p1a: Rillaboom
|-damage|p1a: Rillaboom|8/100
|
|t:|1758933947
|switch|p2a: Dragapult|Dragapult, F|94/100|[from] U-turn
|
|-heal|p2a: Dragapult|99/100|[from] Grassy Terrain
|-heal|p1a: Rillaboom|14/100|[from] Grassy Terrain
|upkeep
|turn|23
|
|t:|1758933951
|move|p1a: Rillaboom|Grassy Glide|p2a: Dragapult
|-resisted|p2a: Dragapult
|-damage|p2a: Dragapult|34/100
|-damage|p1a: Rillaboom|4/100|[from] item: Life Orb
|move|p2a: Dragapult|Shadow Ball|p1a: Rillaboom
|-damage|p1a: Rillaboom|0 fnt
|faint|p1a: Rillaboom
|
|-heal|p2a: Dragapult|40/100|[from] Grassy Terrain
|upkeep
|
|t:|1758933957
|switch|p1a: Pelipper|Pelipper, F|100/100
|-damage|p1a: Pelipper|76/100|[from] Stealth Rock
|-weather|RainDance|[from] ability: Drizzle|[of] p1a: Pelipper
|turn|24
|
|t:|1758933960
|move|p2a: Dragapult|Shadow Ball|p1a: Pelipper
|-damage|p1a: Pelipper|9/100
|move|p1a: Pelipper|Hurricane|p2a: Dragapult
|-damage|p2a: Dragapult|0 fnt
|faint|p2a: Dragapult
|
|-weather|RainDance|[upkeep]
|-fieldend|move: Grassy Terrain
|upkeep
|
|t:|1758933965
|switch|p2a: Ogerpon|Ogerpon-Wellspring-Tera, F, tera:Water|21/100
|-ability|p2a: Ogerpon|Embody Aspect (Wellspring)|boost
|-boost|p2a: Ogerpon|spd|1
|turn|25
|
|t:|1758933972
|move|p2a: Ogerpon|Synthesis|p2a: Ogerpon
|-heal|p2a: Ogerpon|46/100
|move|p1a: Pelipper|Roost|p1a: Pelipper
|-heal|p1a: Pelipper|59/100
|-singleturn|p1a: Pelipper|move: Roost
|
|-weather|RainDance|[upkeep]
|upkeep
|turn|26
|
|t:|1758933978
|move|p2a: Ogerpon|Synthesis|p2a: Ogerpon
|-heal|p2a: Ogerpon|71/100
|move|p1a: Pelipper|Roost|p1a: Pelipper
|-heal|p1a: Pelipper|100/100
|-singleturn|p1a: Pelipper|move: Roost
|
|-weather|RainDance|[upkeep]
|upkeep
|turn|27
|
|t:|1758933982
|move|p2a: Ogerpon|Knock Off|p1a: Pelipper
|-damage|p1a: Pelipper|74/100
|-enditem|p1a: Pelipper|Damp Rock|[from] move: Knock Off|[of] p2a: Ogerpon
|move|p1a: Pelipper|Hurricane|p2a: Ogerpon
|-damage|p2a: Ogerpon|49/100
|-start|p2a: Ogerpon|confusion
|
|-weather|RainDance|[upkeep]
|upkeep
|turn|28
|
|t:|1758933986
|switch|p2a: Corviknight|Corviknight, F|25/100
|-ability|p2a: Corviknight|Pressure
|move|p1a: Pelipper|U-turn|p2a: Corviknight
|-resisted|p2a: Corviknight
|-damage|p2a: Corviknight|23/100
|
|t:|1758933987
|switch|p1a: Basculegion|Basculegion-F, F, tera:Fighting|61/100|[from] U-turn
|-damage|p1a: Basculegion|55/100|[from] Stealth Rock
|
|-weather|RainDance|[upkeep]
|upkeep
|turn|29
|
|t:|1758933993
|move|p1a: Basculegion|Shadow Ball|p2a: Corviknight
|-damage|p2a: Corviknight|0 fnt
|faint|p2a: Corviknight
|
|-weather|RainDance|[upkeep]
|upkeep
|
|t:|1758933996
|switch|p2a: Ogerpon|Ogerpon-Wellspring-Tera, F, tera:Water|49/100
|-ability|p2a: Ogerpon|Embody Aspect (Wellspring)|boost
|-boost|p2a: Ogerpon|spd|1
|turn|30
|
|t:|1758934011
|move|p1a: Basculegion|Shadow Ball|p2a: Ogerpon
|-damage|p2a: Ogerpon|25/100
|move|p2a: Ogerpon|Ivy Cudgel|p1a: Basculegion|[anim] Ivy Cudgel Water
|-damage|p1a: Basculegion|0 fnt
|faint|p1a: Basculegion
|
|-weather|RainDance|[upkeep]
|upkeep
|
|t:|1758934014
|switch|p1a: Raging Bolt|Raging Bolt|26/100
|-damage|p1a: Raging Bolt|14/100|[from] Stealth Rock
|turn|31
|
|t:|1758934025
|switch|p2a: Skeledirge|Skeledirge, F|100/100
|move|p1a: Raging Bolt|Thunderbolt|p2a: Skeledirge
|-damage|p2a: Skeledirge|67/100
|-status|p2a: Skeledirge|par
|
|-weather|none
|upkeep
|turn|32
|
|t:|1758934043
|-end|p1a: Raging Bolt|Protosynthesis|[silent]
|switch|p1a: Pelipper|Pelipper, F|74/100
|-damage|p1a: Pelipper|49/100|[from] Stealth Rock
|-weather|RainDance|[from] ability: Drizzle|[of] p1a: Pelipper
|move|p2a: Skeledirge|Torch Song|p1a: Pelipper
|-resisted|p1a: Pelipper
|-damage|p1a: Pelipper|40/100
|-boost|p2a: Skeledirge|spa|1
|
|-weather|RainDance|[upkeep]
|upkeep
|turn|33
|
|t:|1758934047
|move|p1a: Pelipper|Weather Ball|p2a: Skeledirge
|-supereffective|p2a: Skeledirge
|-damage|p2a: Skeledirge|2/100 par
|move|p2a: Skeledirge|Torch Song|p1a: Pelipper
|-resisted|p1a: Pelipper
|-damage|p1a: Pelipper|25/100
|-boost|p2a: Skeledirge|spa|1
|
|-weather|RainDance|[upkeep]
|upkeep
|turn|34
|
|t:|1758934051
|move|p1a: Pelipper|Roost|p1a: Pelipper
|-heal|p1a: Pelipper|75/100
|-singleturn|p1a: Pelipper|move: Roost
|move|p2a: Skeledirge|Earth Power|p1a: Pelipper
|-damage|p1a: Pelipper|17/100
|
|-weather|RainDance|[upkeep]
|upkeep
|turn|35
|
|t:|1758934055
|move|p1a: Pelipper|Roost|p1a: Pelipper
|-heal|p1a: Pelipper|67/100
|-singleturn|p1a: Pelipper|move: Roost
|move|p2a: Skeledirge|Earth Power|p1a: Pelipper
|-damage|p1a: Pelipper|12/100
|
|-weather|RainDance|[upkeep]
|upkeep
|turn|36
|
|t:|1758934057
|move|p1a: Pelipper|Roost|p1a: Pelipper
|-heal|p1a: Pelipper|62/100
|-singleturn|p1a: Pelipper|move: Roost
|cant|p2a: Skeledirge|par
|
|-weather|none
|upkeep
|turn|37
|
|t:|1758934061
|move|p1a: Pelipper|Hurricane|p2a: Skeledirge
|-damage|p2a: Skeledirge|0 fnt
|faint|p2a: Skeledirge
|
|upkeep
|
|t:|1758934063
|switch|p2a: Ogerpon|Ogerpon-Wellspring-Tera, F, tera:Water|25/100
|-ability|p2a: Ogerpon|Embody Aspect (Wellspring)|boost
|-boost|p2a: Ogerpon|spd|1
|turn|38
|
|t:|1758934070
|switch|p1a: Raging Bolt|Raging Bolt|14/100
|-damage|p1a: Raging Bolt|2/100|[from] Stealth Rock
|move|p2a: Ogerpon|Synthesis|p2a: Ogerpon
|-heal|p2a: Ogerpon|75/100
|
|upkeep
|turn|39
|j| Lamp0821
|
|t:|1758934073
|move|p2a: Ogerpon|Ivy Cudgel|p1a: Raging Bolt|[anim] Ivy Cudgel Water
|-resisted|p1a: Raging Bolt
|-damage|p1a: Raging Bolt|0 fnt
|faint|p1a: Raging Bolt
|-end|p1a: Raging Bolt|Protosynthesis|[silent]
|
|upkeep
|
|t:|1758934075
|switch|p1a: Pelipper|Pelipper, F|62/100
|-damage|p1a: Pelipper|37/100|[from] Stealth Rock
|-weather|RainDance|[from] ability: Drizzle|[of] p1a: Pelipper
|turn|40
|
|t:|1758934078
|move|p2a: Ogerpon|Ivy Cudgel|p1a: Pelipper|[anim] Ivy Cudgel Water
|-resisted|p1a: Pelipper
|-damage|p1a: Pelipper|0 fnt
|faint|p1a: Pelipper
|
|win|WogerHater
|raw|noob1877's rating: 1774 &rarr; <strong>1755</strong><br />(-19 for losing)
|raw|WogerHater's rating: 1793 &rarr; <strong>1812</strong><br />(+19 for winning)
|l| Lamp0821
|l|☆noob1877
|player|p1|
|l|☆WogerHater
|player|p2|
|l| ahjskahskjah
