|j|☆Aggrhy
|j|☆4DEF+4SPD=GG
|t:|1758932907
|gametype|singles
|player|p1|Aggrhy|red-masters|1493
|player|p2|4DEF+4SPD=GG|preschooler|1623
|gen|9
|tier|[Gen 9] OU
|rated|
|rule|HP Percentage Mod: HP is shown in percentages
|rule|Endless Battle Clause: Forcing endless battles is banned
|rule|Species Clause: Limit one of each Pokémon
|rule|OHKO Clause: OHKO moves are banned
|rule|Evasion Items Clause: Evasion items are banned
|rule|Evasion Moves Clause: Evasion moves are banned
|rule|Evasion Abilities Clause: Evasion abilities are banned
|rule|Sleep Moves Clause: Sleep-inducing moves are banned
|clearpoke
|poke|p1|Pikachu, M|
|poke|p1|Metagross|
|poke|p1|Gardevoir, F|
|poke|p1|Glimmora, M|
|poke|p1|Milotic, M|
|poke|p1|Hydrapple, M|
|poke|p2|Tyranitar, M|
|poke|p2|Excadrill, M|
|poke|p2|Corviknight, M|
|poke|p2|Glimmora, M|
|poke|p2|Hippowdon, M|
|poke|p2|Scizor, M|
|teampreview
|inactive|Battle timer is ON: inactive players will automatically lose when time's up. (requested by 4DEF+4SPD=GG)
|inactive|Aggrhy also wants the timer to be on.
|
|t:|1758932922
|teamsize|p1|6
|teamsize|p2|6
|start
|switch|p1a: Metagross|Metagross|100/100
|switch|p2a: Glimmora|Glimmora, M|100/100
|turn|1
|
|t:|1758932930
|switch|p2a: Corviknight|Corviknight, M|100/100
|move|p1a: Metagross|Psychic Fangs|p2a: Corviknight
|-resisted|p2a: Corviknight
|-damage|p2a: Corviknight|86/100
|-damage|p1a: Metagross|84/100|[from] item: Rocky Helmet|[of] p2a: Corviknight
|
|upkeep
|turn|2
|
|t:|1758932937
|move|p1a: Metagross|Knock Off|p2a: Corviknight
|-crit|p2a: Corviknight
|-damage|p2a: Corviknight|52/100
|-damage|p1a: Metagross|67/100|[from] item: Rocky Helmet|[of] p2a: Corviknight
|-enditem|p2a: Corviknight|Rocky Helmet|[from] move: Knock Off|[of] p1a: Metagross
|move|p2a: Corviknight|U-turn|p1a: Metagross
|-damage|p1a: Metagross|56/100
|
|t:|1758932939
|switch|p2a: Scizor|Scizor, M|100/100|[from] U-turn
|
|upkeep
|turn|3
|
|t:|1758932954
|move|p1a: Metagross|Knock Off|p2a: Scizor
|-damage|p2a: Scizor|63/100
|-enditem|p2a: Scizor|Choice Band|[from] move: Knock Off|[of] p1a: Metagross
|move|p2a: Scizor|U-turn|p1a: Metagross
|-damage|p1a: Metagross|24/100
|
|t:|1758932957
|switch|p2a: Corviknight|Corviknight, M|52/100|[from] U-turn
|
|upkeep
|turn|4
|
|t:|1758932964
|move|p1a: Metagross|Meteor Mash|p2a: Corviknight
|-resisted|p2a: Corviknight
|-damage|p2a: Corviknight|37/100
|-boost|p1a: Metagross|atk|1
|move|p2a: Corviknight|Roost|p2a: Corviknight
|-heal|p2a: Corviknight|87/100
|-singleturn|p2a: Corviknight|move: Roost
|
|upkeep
|turn|5
|
|t:|1758932973
|move|p1a: Metagross|Meteor Mash|p2a: Corviknight
|-resisted|p2a: Corviknight
|-damage|p2a: Corviknight|64/100
|move|p2a: Corviknight|U-turn|p1a: Metagross
|-damage|p1a: Metagross|13/100
|
|t:|1758932985
|switch|p2a: Hippowdon|Hippowdon, M|100/100|[from] U-turn
|-weather|Sandstorm|[from] ability: Sand Stream|[of] p2a: Hippowdon
|
|-weather|Sandstorm|[upkeep]
|upkeep
|turn|6
|
|t:|1758932993
|move|p1a: Metagross|Psychic Fangs|p2a: Hippowdon
|-damage|p2a: Hippowdon|58/100
|move|p2a: Hippowdon|Stealth Rock|p1a: Metagross
|-sidestart|p1: Aggrhy|move: Stealth Rock
|
|-weather|Sandstorm|[upkeep]
|upkeep
|turn|7
|
|t:|1758933003
|switch|p2a: Corviknight|Corviknight, M|64/100
|move|p1a: Metagross|Psychic Fangs|p2a: Corviknight
|-resisted|p2a: Corviknight
|-damage|p2a: Corviknight|42/100
|
|-weather|Sandstorm|[upkeep]
|upkeep
|turn|8
|
|t:|1758933011
|move|p1a: Metagross|Meteor Mash|p2a: Corviknight|[miss]
|-miss|p1a: Metagross|p2a: Corviknight
|move|p2a: Corviknight|Roost|p2a: Corviknight
|-heal|p2a: Corviknight|92/100
|-singleturn|p2a: Corviknight|move: Roost
|
|-weather|Sandstorm|[upkeep]
|upkeep
|turn|9
|
|t:|1758933020
|move|p1a: Metagross|Psychic Fangs|p2a: Corviknight
|-resisted|p2a: Corviknight
|-damage|p2a: Corviknight|71/100
|move|p2a: Corviknight|U-turn|p1a: Metagross
|-damage|p1a: Metagross|2/100
|
|t:|1758933035
|switch|p2a: Scizor|Scizor, M|63/100|[from] U-turn
|
|-weather|Sandstorm|[upkeep]
|upkeep
|turn|10
|
|t:|1758933041
|move|p2a: Scizor|Bullet Punch|p1a: Metagross
|-resisted|p1a: Metagross
|-damage|p1a: Metagross|0 fnt
|faint|p1a: Metagross
|
|-weather|Sandstorm|[upkeep]
|upkeep
|
|t:|1758933051
|switch|p1a: Hydrapple|Hydrapple, M|100/100
|-damage|p1a: Hydrapple|88/100|[from] Stealth Rock
|turn|11
|
|t:|1758933055
|move|p2a: Scizor|U-turn|p1a: Hydrapple
|-supereffective|p1a: Hydrapple
|-damage|p1a: Hydrapple|34/100
|-damage|p2a: Scizor|47/100|[from] item: Rocky Helmet|[of] p1a: Hydrapple
|
|t:|1758933058
|switch|p2a: Corviknight|Corviknight, M|71/100|[from] U-turn
|move|p1a: Hydrapple|Earth Power|p2a: Corviknight
|-immune|p2a: Corviknight
|
|-weather|Sandstorm|[upkeep]
|-damage|p1a: Hydrapple|28/100|[from] Sandstorm
|upkeep
|turn|12
|
|t:|1758933068
|move|p2a: Corviknight|U-turn|p1a: Hydrapple
|-supereffective|p1a: Hydrapple
|-damage|p1a: Hydrapple|6/100
|-damage|p2a: Corviknight|54/100|[from] item: Rocky Helmet|[of] p1a: Hydrapple
|
|t:|1758933077
|switch|p2a: Scizor|Scizor, M|47/100|[from] U-turn
|move|p1a: Hydrapple|Recover|p1a: Hydrapple
|-heal|p1a: Hydrapple|56/100
|
|-weather|none
|upkeep
|turn|13
|
|t:|1758933096
|switch|p1a: Glimmora|Glimmora, M|100/100
|-damage|p1a: Glimmora|88/100|[from] Stealth Rock
|move|p2a: Scizor|U-turn|p1a: Glimmora
|-resisted|p1a: Glimmora
|-damage|p1a: Glimmora|63/100
|-activate|p1a: Glimmora|ability: Toxic Debris
|-sidestart|p2: 4DEF+4SPD=GG|move: Toxic Spikes
|
|t:|1758933102
|switch|p2a: Excadrill|Excadrill, M|100/100|[from] U-turn
|
|upkeep
|turn|14
|
|t:|1758933126
|move|p1a: Glimmora|Earth Power|p2a: Excadrill
|-supereffective|p2a: Excadrill
|-damage|p2a: Excadrill|7/100
|move|p2a: Excadrill|Rapid Spin|p1a: Glimmora
|-resisted|p1a: Glimmora
|-damage|p1a: Glimmora|50/100
|-boost|p2a: Excadrill|spe|1
|-activate|p1a: Glimmora|ability: Toxic Debris
|-sidestart|p2: 4DEF+4SPD=GG|move: Toxic Spikes
|-sideend|p2: 4DEF+4SPD=GG|Toxic Spikes|[from] move: Rapid Spin|[of] p2a: Excadrill
|
|upkeep
|turn|15
|
|t:|1758933137
|switch|p1a: Hydrapple|Hydrapple, M|89/100
|-damage|p1a: Hydrapple|76/100|[from] Stealth Rock
|move|p2a: Excadrill|Earthquake|p1a: Hydrapple
|-resisted|p1a: Hydrapple
|-damage|p1a: Hydrapple|56/100
|
|upkeep
|turn|16
|
|t:|1758933145
|switch|p2a: Hippowdon|Hippowdon, M|58/100
|-weather|Sandstorm|[from] ability: Sand Stream|[of] p2a: Hippowdon
|move|p1a: Hydrapple|Energy Ball|p2a: Hippowdon
|-supereffective|p2a: Hippowdon
|-damage|p2a: Hippowdon|0 fnt
|faint|p2a: Hippowdon
|
|-weather|Sandstorm|[upkeep]
|-damage|p1a: Hydrapple|50/100|[from] Sandstorm
|upkeep
|
|t:|1758933147
|switch|p2a: Glimmora|Glimmora, M|100/100
|turn|17
|
|t:|1758933159
|-terastallize|p2a: Glimmora|Bug
|move|p2a: Glimmora|Rock Polish|p2a: Glimmora
|-boost|p2a: Glimmora|spe|2
|move|p1a: Hydrapple|Earth Power|p2a: Glimmora
|-resisted|p2a: Glimmora
|-damage|p2a: Glimmora|80/100
|
|-weather|Sandstorm|[upkeep]
|-damage|p2a: Glimmora|73/100|[from] Sandstorm
|-damage|p1a: Hydrapple|44/100|[from] Sandstorm
|upkeep
|turn|18
|
|t:|1758933174
|switch|p1a: Gardevoir|Gardevoir, F|100/100
|-damage|p1a: Gardevoir|88/100|[from] Stealth Rock
|-ability|p1a: Gardevoir|Toxic Debris|Trace|[from] ability: Trace|[of] p2a: Glimmora
|move|p2a: Glimmora|Meteor Beam||[still]
|-prepare|p2a: Glimmora|Meteor Beam
|-boost|p2a: Glimmora|spa|1
|-enditem|p2a: Glimmora|Power Herb
|-anim|p2a: Glimmora|Meteor Beam|p1a: Gardevoir
|-damage|p1a: Gardevoir|23/100
|
|-weather|Sandstorm|[upkeep]
|-damage|p2a: Glimmora|67/100|[from] Sandstorm
|-damage|p1a: Gardevoir|17/100|[from] Sandstorm
|upkeep
|turn|19
|
|t:|1758933190
|move|p2a: Glimmora|Sludge Wave|p1a: Gardevoir
|-supereffective|p1a: Gardevoir
|-damage|p1a: Gardevoir|0 fnt
|faint|p1a: Gardevoir
|
|-weather|Sandstorm|[upkeep]
|-damage|p2a: Glimmora|61/100|[from] Sandstorm
|upkeep
|
|t:|1758933197
|switch|p1a: Milotic|Milotic, M|100/100
|-damage|p1a: Milotic|88/100|[from] Stealth Rock
|turn|20
|
|t:|1758933202
|move|p2a: Glimmora|Sludge Wave|p1a: Milotic
|-damage|p1a: Milotic|44/100
|move|p1a: Milotic|Mirror Coat|p2a: Glimmora
|-damage|p2a: Glimmora|0 fnt
|faint|p2a: Glimmora
|
|-weather|Sandstorm|[upkeep]
|-damage|p1a: Milotic|38/100|[from] Sandstorm
|-heal|p1a: Milotic|44/100|[from] item: Leftovers
|upkeep
|
|t:|1758933207
|switch|p2a: Excadrill|Excadrill, M|7/100
|turn|21
|
|t:|1758933216
|switch|p2a: Scizor|Scizor, M|47/100
|switch|p1a: Hydrapple|Hydrapple, M|77/100
|-damage|p1a: Hydrapple|65/100|[from] Stealth Rock
|
|-weather|Sandstorm|[upkeep]
|-damage|p1a: Hydrapple|58/100|[from] Sandstorm
|upkeep
|turn|22
|
|t:|1758933241
|-terastallize|p1a: Hydrapple|Water
|move|p2a: Scizor|U-turn|p1a: Hydrapple
|-damage|p1a: Hydrapple|31/100
|-damage|p2a: Scizor|30/100|[from] item: Rocky Helmet|[of] p1a: Hydrapple
|
|t:|1758933245
|switch|p2a: Corviknight|Corviknight, M|54/100|[from] U-turn
|move|p1a: Hydrapple|Recover|p1a: Hydrapple
|-heal|p1a: Hydrapple|81/100
|
|-weather|Sandstorm|[upkeep]
|-damage|p1a: Hydrapple|75/100|[from] Sandstorm
|upkeep
|turn|23
|
|t:|1758933256
|switch|p1a: Glimmora|Glimmora, M|50/100
|-damage|p1a: Glimmora|38/100|[from] Stealth Rock
|move|p2a: Corviknight|Roost|p2a: Corviknight
|-heal|p2a: Corviknight|100/100
|-singleturn|p2a: Corviknight|move: Roost
|
|-weather|none
|upkeep
|turn|24
|
|t:|1758933267
|switch|p2a: Tyranitar|Tyranitar, M|100/100
|-weather|Sandstorm|[from] ability: Sand Stream|[of] p2a: Tyranitar
|move|p1a: Glimmora|Power Gem|p2a: Tyranitar
|-damage|p2a: Tyranitar|75/100
|
|-weather|Sandstorm|[upkeep]
|upkeep
|turn|25
|
|t:|1758933276
|move|p1a: Glimmora|Power Gem|p2a: Tyranitar
|-damage|p2a: Tyranitar|51/100
|move|p2a: Tyranitar|Dark Pulse|p1a: Glimmora
|-damage|p1a: Glimmora|12/100
|
|-weather|Sandstorm|[upkeep]
|upkeep
|turn|26
|
|t:|1758933283
|move|p1a: Glimmora|Power Gem|p2a: Tyranitar
|-damage|p2a: Tyranitar|27/100
|move|p2a: Tyranitar|Dark Pulse|p1a: Glimmora
|-damage|p1a: Glimmora|0 fnt
|faint|p1a: Glimmora
|
|-weather|Sandstorm|[upkeep]
|upkeep
|
|t:|1758933293
|switch|p1a: Pikachu|Pikachu, M|100/100
|-damage|p1a: Pikachu|88/100|[from] Stealth Rock
|turn|27
|
|t:|1758933299
|move|p1a: Pikachu|Volt Tackle|p2a: Tyranitar
|-damage|p2a: Tyranitar|0 fnt
|faint|p2a: Tyranitar
|-damage|p1a: Pikachu|71/100|[from] Recoil
|
|-weather|Sandstorm|[upkeep]
|-damage|p1a: Pikachu|65/100|[from] Sandstorm
|upkeep
|
|t:|1758933305
|switch|p2a: Corviknight|Corviknight, M|100/100
|turn|28
|
|t:|1758933311
|switch|p2a: Excadrill|Excadrill, M|7/100
|move|p1a: Pikachu|Volt Tackle|p2a: Excadrill
|-immune|p2a: Excadrill
|
|-weather|Sandstorm|[upkeep]
|-damage|p1a: Pikachu|59/100|[from] Sandstorm
|upkeep
|turn|29
|
|t:|1758933320
|switch|p2a: Corviknight|Corviknight, M|100/100
|move|p1a: Pikachu|Quick Attack|p2a: Corviknight
|-resisted|p2a: Corviknight
|-damage|p2a: Corviknight|96/100
|
|-weather|Sandstorm|[upkeep]
|-damage|p1a: Pikachu|53/100|[from] Sandstorm
|upkeep
|turn|30
|
|t:|1758933329
|move|p1a: Pikachu|Volt Tackle|p2a: Corviknight
|-supereffective|p2a: Corviknight
|-damage|p2a: Corviknight|15/100
|-damage|p1a: Pikachu|2/100|[from] Recoil
|move|p2a: Corviknight|U-turn|p1a: Pikachu
|-damage|p1a: Pikachu|0 fnt
|faint|p1a: Pikachu
|
|t:|1758933339
|switch|p2a: Excadrill|Excadrill, M|7/100|[from] U-turn
|
|-weather|Sandstorm|[upkeep]
|upkeep
|
|t:|1758933345
|switch|p1a: Hydrapple|Hydrapple, M, tera:Water|100/100
|-damage|p1a: Hydrapple|88/100|[from] Stealth Rock
|turn|31
|
|t:|1758933354
|move|p2a: Excadrill|Earthquake|p1a: Hydrapple
|-damage|p1a: Hydrapple|50/100
|move|p1a: Hydrapple|Energy Ball|p2a: Excadrill
|-damage|p2a: Excadrill|0 fnt
|faint|p2a: Excadrill
|
|-weather|none
|upkeep
|
|t:|1758933357
|switch|p2a: Corviknight|Corviknight, M|15/100
|turn|32
|
|t:|1758933365
|move|p2a: Corviknight|Roost|p2a: Corviknight
|-heal|p2a: Corviknight|65/100
|-singleturn|p2a: Corviknight|move: Roost
|move|p1a: Hydrapple|Earth Power|p2a: Corviknight
|-supereffective|p2a: Corviknight
|-damage|p2a: Corviknight|2/100
|
|upkeep
|turn|33
|
|t:|1758933380
|move|p2a: Corviknight|Brave Bird|p1a: Hydrapple
|-damage|p1a: Hydrapple|22/100
|-damage|p2a: Corviknight|0 fnt|[from] item: Rocky Helmet|[of] p1a: Hydrapple
|faint|p2a: Corviknight
|move|p1a: Hydrapple|Earth Power|p2: Corviknight|[notarget]
|-fail|p1a: Hydrapple
|
|upkeep
|
|t:|1758933382
|switch|p2a: Scizor|Scizor, M|30/100
|turn|34
|inactive|4DEF+4SPD=GG has 120 seconds left.
|
|t:|1758933424
|switch|p1a: Milotic|Milotic, M|44/100
|-damage|p1a: Milotic|32/100|[from] Stealth Rock
|move|p2a: Scizor|Close Combat|p1a: Milotic
|-damage|p1a: Milotic|0 fnt
|-unboost|p2a: Scizor|def|1
|-unboost|p2a: Scizor|spd|1
|faint|p1a: Milotic
|
|upkeep
|
|t:|1758933435
|switch|p1a: Hydrapple|Hydrapple, M, tera:Water|56/100
|-damage|p1a: Hydrapple|43/100|[from] Stealth Rock
|turn|35
|
|t:|1758933440
|move|p2a: Scizor|Close Combat|p1a: Hydrapple
|-damage|p1a: Hydrapple|9/100
|-unboost|p2a: Scizor|def|1
|-unboost|p2a: Scizor|spd|1
|-damage|p2a: Scizor|14/100|[from] item: Rocky Helmet|[of] p1a: Hydrapple
|move|p1a: Hydrapple|Earth Power|p2a: Scizor
|-damage|p2a: Scizor|0 fnt
|faint|p2a: Scizor
|
|win|Aggrhy
|raw|Aggrhy's rating: 1493 &rarr; <strong>1520</strong><br />(+27 for winning)
|raw|4DEF+4SPD=GG's rating: 1623 &rarr; <strong>1596</strong><br />(-27 for losing)
|c|☆4DEF+4SPD=GG|👍
|l|☆Aggrhy
|player|p1|
|l|☆4DEF+4SPD=GG
|player|p2|
