|j|☆Acepoke75
|j|☆peqmen 0.0
|t:|1759037283
|gametype|singles
|player|p1|Acepoke75|steven|1192
|player|p2|peqmen 0.0|giovanni|1224
|gen|9
|tier|[Gen 9] OU
|rated|
|rule|HP Percentage Mod: HP is shown in percentages
|rule|Endless Battle Clause: Forcing endless battles is banned
|rule|Species Clause: Limit one of each Pokémon
|rule|OHKO Clause: OHKO moves are banned
|rule|Evasion Items Clause: Evasion items are banned
|rule|Evasion Moves Clause: Evasion moves are banned
|rule|Evasion Abilities Clause: Evasion abilities are banned
|rule|Sleep Moves Clause: Sleep-inducing moves are banned
|clearpoke
|poke|p1|Ogerpon-Wellspring, F|
|poke|p1|Garganacl, F|
|poke|p1|Great Tusk|
|poke|p1|Dragonite, M|
|poke|p1|Moltres|
|poke|p1|Darkrai|
|poke|p2|Tyranitar, F|
|poke|p2|Great Tusk|
|poke|p2|Drifblim, F|
|poke|p2|Scizor, F|
|poke|p2|Toxapex, F|
|poke|p2|Gholdengo|
|teampreview
|inactive|Battle timer is ON: inactive players will automatically lose when time's up. (requested by Acepoke75)
|inactive|Acepoke75 has 120 seconds left.
|
|t:|1759037317
|teamsize|p1|6
|teamsize|p2|6
|start
|switch|p1a: Ogerpon|Ogerpon-Wellspring, F|100/100
|switch|p2a: Khabib|Scizor, F|100/100
|turn|1
|
|t:|1759037323
|move|p1a: Ogerpon|U-turn|p2a: Khabib
|-resisted|p2a: Khabib
|-damage|p2a: Khabib|87/100
|
|t:|1759037325
|switch|p1a: Moltres|Moltres|100/100|[from] U-turn
|move|p2a: Khabib|U-turn|p1a: Moltres
|-resisted|p1a: Moltres
|-damage|p1a: Moltres|90/100
|-status|p2a: Khabib|brn|[from] ability: Flame Body|[of] p1a: Moltres
|
|t:|1759037329
|switch|p2a: Forgotten king|Tyranitar, F|100/100|[from] U-turn
|-weather|Sandstorm|[from] ability: Sand Stream|[of] p2a: Forgotten king
|
|-weather|Sandstorm|[upkeep]
|-damage|p1a: Moltres|84/100|[from] Sandstorm
|upkeep
|turn|2
|
|t:|1759037334
|switch|p1a: Great Tusk|Great Tusk|100/100
|move|p2a: Forgotten king|Knock Off|p1a: Great Tusk
|-resisted|p1a: Great Tusk
|-damage|p1a: Great Tusk|84/100
|-enditem|p1a: Great Tusk|Heavy-Duty Boots|[from] move: Knock Off|[of] p2a: Forgotten king
|
|-weather|Sandstorm|[upkeep]
|upkeep
|turn|3
|
|t:|1759037340
|switch|p2a: Anti tusk|Drifblim, F|100/100
|move|p1a: Great Tusk|Close Combat|p2a: Anti tusk
|-immune|p2a: Anti tusk
|
|-weather|Sandstorm|[upkeep]
|-damage|p2a: Anti tusk|94/100|[from] Sandstorm
|-heal|p2a: Anti tusk|100/100|[from] item: Leftovers
|upkeep
|turn|4
|
|t:|1759037344
|move|p1a: Great Tusk|Ice Spinner|p2a: Anti tusk
|-supereffective|p2a: Anti tusk
|-damage|p2a: Anti tusk|56/100
|move|p2a: Anti tusk|Will-O-Wisp|p1a: Great Tusk
|-status|p1a: Great Tusk|brn
|
|-weather|Sandstorm|[upkeep]
|-damage|p2a: Anti tusk|50/100|[from] Sandstorm
|-heal|p2a: Anti tusk|56/100|[from] item: Leftovers
|-damage|p1a: Great Tusk|77/100 brn|[from] brn
|upkeep
|turn|5
|
|t:|1759037349
|-end|p1a: Great Tusk|Protosynthesis|[silent]
|switch|p1a: Garganacl|Garganacl, F|100/100
|move|p2a: Anti tusk|Strength Sap|p1a: Garganacl
|-unboost|p1a: Garganacl|atk|1
|-heal|p2a: Anti tusk|100/100
|
|-weather|none
|upkeep
|turn|6
|
|t:|1759037355
|switch|p2a: Golden boi|Gholdengo|100/100
|move|p1a: Garganacl|Stealth Rock|p2a: Golden boi
|-sidestart|p2: peqmen 0.0|move: Stealth Rock
|
|upkeep
|turn|7
|
|t:|1759037365
|move|p1a: Garganacl|Protect|p1a: Garganacl
|-singleturn|p1a: Garganacl|Protect
|move|p2a: Golden boi|Trick|p1a: Garganacl
|-activate|p1a: Garganacl|move: Protect
|
|upkeep
|turn|8
|
|t:|1759037371
|switch|p1a: Ogerpon|Ogerpon-Wellspring, F|100/100
|move|p2a: Golden boi|Trick||[still]
|-fail|p2a: Golden boi
|
|upkeep
|turn|9
|
|t:|1759037374
|switch|p2a: Huh??|Toxapex, F|100/100
|-damage|p2a: Huh??|88/100|[from] Stealth Rock
|move|p1a: Ogerpon|Knock Off|p2a: Huh??
|-damage|p2a: Huh??|64/100
|-enditem|p2a: Huh??|Black Sludge|[from] move: Knock Off|[of] p1a: Ogerpon
|
|upkeep
|turn|10
|
|t:|1759037377
|move|p1a: Ogerpon|U-turn|p2a: Huh??
|-resisted|p2a: Huh??
|-damage|p2a: Huh??|55/100
|
|t:|1759037382
|switch|p1a: Garganacl|Garganacl, F|100/100|[from] U-turn
|move|p2a: Huh??|Toxic Spikes|p1a: Garganacl
|-sidestart|p1: Acepoke75|move: Toxic Spikes
|
|upkeep
|turn|11
|
|t:|1759037390
|switch|p2a: Golden boi|Gholdengo|100/100
|-damage|p2a: Golden boi|94/100|[from] Stealth Rock
|move|p1a: Garganacl|Salt Cure|p2a: Golden boi
|-resisted|p2a: Golden boi
|-damage|p2a: Golden boi|87/100
|-start|p2a: Golden boi|Salt Cure
|
|-damage|p2a: Golden boi|62/100|[from] Salt Cure
|upkeep
|turn|12
|
|t:|1759037398
|switch|p2a: Khabib|Scizor, F|87/100 brn
|-damage|p2a: Khabib|75/100 brn|[from] Stealth Rock
|move|p1a: Garganacl|Protect||[still]
|-fail|p1a: Garganacl
|
|-damage|p2a: Khabib|69/100 brn|[from] brn
|upkeep
|turn|13
|
|t:|1759037402
|switch|p1a: Great Tusk|Great Tusk|77/100 brn
|move|p2a: Khabib|U-turn|p1a: Great Tusk
|-resisted|p1a: Great Tusk
|-damage|p1a: Great Tusk|66/100 brn
|
|t:|1759037406
|switch|p2a: Golden boi|Gholdengo|62/100|[from] U-turn
|-damage|p2a: Golden boi|56/100|[from] Stealth Rock
|
|-damage|p1a: Great Tusk|60/100 brn|[from] brn
|upkeep
|turn|14
|
|t:|1759037412
|-end|p1a: Great Tusk|Protosynthesis|[silent]
|switch|p1a: Garganacl|Garganacl, F|100/100
|-terastallize|p2a: Golden boi|Ghost
|move|p2a: Golden boi|Shadow Ball|p1a: Garganacl
|-damage|p1a: Garganacl|83/100
|
|-heal|p1a: Garganacl|89/100|[from] item: Leftovers
|upkeep
|turn|15
|
|t:|1759037418
|switch|p2a: Huh??|Toxapex, F|88/100
|-damage|p2a: Huh??|76/100|[from] Stealth Rock
|move|p1a: Garganacl|Salt Cure|p2a: Huh??
|-damage|p2a: Huh??|68/100
|-start|p2a: Huh??|Salt Cure
|
|-heal|p1a: Garganacl|95/100|[from] item: Leftovers
|-damage|p2a: Huh??|43/100|[from] Salt Cure
|upkeep
|turn|16
|
|t:|1759037424
|switch|p2a: Golden boi|Gholdengo, tera:Ghost|56/100
|-damage|p2a: Golden boi|43/100|[from] Stealth Rock
|move|p1a: Garganacl|Salt Cure|p2a: Golden boi
|-damage|p2a: Golden boi|27/100
|-start|p2a: Golden boi|Salt Cure
|
|-heal|p1a: Garganacl|100/100|[from] item: Leftovers
|-damage|p2a: Golden boi|15/100|[from] Salt Cure
|upkeep
|turn|17
|-message|peqmen 0.0 forfeited.
|
|win|Acepoke75
|raw|Acepoke75's rating: 1192 &rarr; <strong>1219</strong><br />(+27 for winning)
|raw|peqmen 0.0's rating: 1224 &rarr; <strong>1197</strong><br />(-27 for losing)
|l|☆Acepoke75
|player|p1|
|l|☆peqmen 0.0
|player|p2|
