|j|☆retr0catz
|j|☆Shadowz66
|t:|1759005280
|gametype|singles
|player|p1|retr0catz|emmet|1096
|player|p2|Shadowz66|cynthia-gen4|1068
|gen|9
|tier|[Gen 9] OU
|rated|
|rule|HP Percentage Mod: HP is shown in percentages
|rule|Endless Battle Clause: Forcing endless battles is banned
|rule|Species Clause: Limit one of each Pokémon
|rule|OHKO Clause: OHKO moves are banned
|rule|Evasion Items Clause: Evasion items are banned
|rule|Evasion Moves Clause: Evasion moves are banned
|rule|Evasion Abilities Clause: Evasion abilities are banned
|rule|Sleep Moves Clause: Sleep-inducing moves are banned
|clearpoke
|poke|p1|Noctowl, M|
|poke|p1|Decidueye-Hisui, F|
|poke|p1|Corviknight, M|
|poke|p1|Quaquaval, F|
|poke|p1|Staraptor, M|
|poke|p1|Zapdos|
|poke|p2|Espeon, F|
|poke|p2|Sylveon, F|
|poke|p2|Umbreon, F|
|poke|p2|Vaporeon, F|
|poke|p2|Flareon, F|
|poke|p2|Jolteon, F|
|teampreview
|inactive|Battle timer is ON: inactive players will automatically lose when time's up. (requested by retr0catz)
|c|☆retr0catz|woahhhhh
|c|☆retr0catz|great team
|
|t:|1759005297
|teamsize|p1|6
|teamsize|p2|6
|start
|switch|p1a: Quaquaval|Quaquaval, F|100/100
|switch|p2a: Speedy|Jolteon, F|100/100
|turn|1
|
|t:|1759005305
|-terastallize|p1a: Quaquaval|Dark
|move|p2a: Speedy|Volt Switch|p1a: Quaquaval
|-crit|p1a: Quaquaval
|-damage|p1a: Quaquaval|37/100
|
|t:|1759005311
|switch|p2a: Light|Umbreon, F, shiny|100/100|[from] Volt Switch
|move|p1a: Quaquaval|Aqua Step|p2a: Light
|-damage|p2a: Light|68/100
|-boost|p1a: Quaquaval|spe|1
|
|-heal|p2a: Light|74/100|[from] item: Leftovers
|upkeep
|turn|2
|
|t:|1759005322
|move|p1a: Quaquaval|Close Combat|p2a: Light
|-supereffective|p2a: Light
|-damage|p2a: Light|0 fnt
|-unboost|p1a: Quaquaval|def|1
|-unboost|p1a: Quaquaval|spd|1
|faint|p2a: Light
|-ability|p1a: Quaquaval|Moxie|boost
|-boost|p1a: Quaquaval|atk|1
|
|upkeep
|
|t:|1759005325
|switch|p2a: Mermaid|Vaporeon, F|100/100
|turn|3
|
|t:|1759005328
|move|p1a: Quaquaval|Knock Off|p2a: Mermaid
|-damage|p2a: Mermaid|46/100
|-enditem|p2a: Mermaid|Leftovers|[from] move: Knock Off|[of] p1a: Quaquaval
|move|p2a: Mermaid|Scald|p1a: Quaquaval
|-damage|p1a: Quaquaval|0 fnt
|faint|p1a: Quaquaval
|
|upkeep
|
|t:|1759005337
|switch|p1a: Noctowl|Noctowl, M|100/100
|turn|4
|
|t:|1759005342
|move|p2a: Mermaid|Protect|p2a: Mermaid
|-singleturn|p2a: Mermaid|Protect
|move|p1a: Noctowl|Rain Dance|p1a: Noctowl
|-weather|RainDance
|
|-weather|RainDance|[upkeep]
|upkeep
|turn|5
|
|t:|1759005351
|move|p1a: Noctowl|Roost||[still]
|-fail|p1a: Noctowl|heal
|move|p2a: Mermaid|Wish|p2a: Mermaid
|
|-weather|RainDance|[upkeep]
|upkeep
|turn|6
|
|t:|1759005356
|move|p2a: Mermaid|Protect|p2a: Mermaid
|-singleturn|p2a: Mermaid|Protect
|move|p1a: Noctowl|Roost||[still]
|-fail|p1a: Noctowl|heal
|
|-weather|RainDance|[upkeep]
|-heal|p2a: Mermaid|96/100|[from] move: Wish|[wisher] Mermaid
|upkeep
|turn|7
|
|t:|1759005363
|move|p1a: Noctowl|Roost||[still]
|-fail|p1a: Noctowl|heal
|move|p2a: Mermaid|Wish|p2a: Mermaid
|
|-weather|RainDance|[upkeep]
|upkeep
|turn|8
|
|t:|1759005367
|switch|p1a: Zapdos|Zapdos|100/100
|-ability|p1a: Zapdos|Pressure
|switch|p2a: Speedy|Jolteon, F|100/100
|
|-weather|RainDance|[upkeep]
|upkeep
|turn|9
|
|t:|1759005380
|move|p2a: Speedy|Shadow Ball|p1a: Zapdos
|-damage|p1a: Zapdos|71/100
|-unboost|p1a: Zapdos|spd|1
|move|p1a: Zapdos|Weather Ball|p2a: Speedy
|-damage|p2a: Speedy|0 fnt
|faint|p2a: Speedy
|
|-weather|RainDance|[upkeep]
|upkeep
|inactive|Shadowz66 has 120 seconds left.
|
|t:|1759005414
|switch|p2a: Fluffy|Flareon, F|100/100
|turn|10
|
|t:|1759005433
|switch|p2a: Mermaid|Vaporeon, F|96/100
|move|p1a: Zapdos|Weather Ball|p2a: Mermaid
|-heal|p2a: Mermaid|100/100|[from] ability: Water Absorb|[of] p1a: Zapdos
|
|-weather|RainDance|[upkeep]
|upkeep
|turn|11
|
|t:|1759005444
|switch|p1a: Noctowl|Noctowl, M|100/100
|move|p2a: Mermaid|Scald|p1a: Noctowl
|-damage|p1a: Noctowl|73/100
|-status|p1a: Noctowl|brn
|
|-weather|none
|-damage|p1a: Noctowl|67/100 brn|[from] brn
|upkeep
|turn|12
|
|t:|1759005457
|move|p1a: Noctowl|Rain Dance|p1a: Noctowl
|-weather|RainDance
|move|p2a: Mermaid|Scald|p1a: Noctowl
|-damage|p1a: Noctowl|38/100 brn
|
|-weather|RainDance|[upkeep]
|-damage|p1a: Noctowl|32/100 brn|[from] brn
|upkeep
|turn|13
|
|t:|1759005468
|move|p1a: Noctowl|Roost|p1a: Noctowl
|-heal|p1a: Noctowl|82/100 brn
|-singleturn|p1a: Noctowl|move: Roost
|move|p2a: Mermaid|Scald|p1a: Noctowl
|-damage|p1a: Noctowl|56/100 brn
|
|-weather|RainDance|[upkeep]
|-damage|p1a: Noctowl|50/100 brn|[from] brn
|upkeep
|turn|14
|inactive|Shadowz66 has 120 seconds left.
|
|t:|1759005484
|switch|p1a: Zapdos|Zapdos|71/100
|-ability|p1a: Zapdos|Pressure
|switch|p2a: Tomboy|Sylveon, F, shiny|100/100
|
|-weather|RainDance|[upkeep]
|upkeep
|turn|15
|inactive|Shadowz66 has 120 seconds left.
|
|t:|1759005499
|move|p1a: Zapdos|Thunder|p2a: Tomboy
|-damage|p2a: Tomboy|34/100
|move|p2a: Tomboy|Hyper Voice|p1a: Zapdos
|-damage|p1a: Zapdos|11/100
|
|-weather|RainDance|[upkeep]
|upkeep
|turn|16
|inactive|Shadowz66 has 120 seconds left.
|
|t:|1759005518
|switch|p2a: Fluffy|Flareon, F|100/100
|move|p1a: Zapdos|Thunder|p2a: Fluffy
|-crit|p2a: Fluffy
|-damage|p2a: Fluffy|0 fnt
|faint|p2a: Fluffy
|
|-weather|RainDance|[upkeep]
|upkeep
|
|t:|1759005520
|switch|p2a: Tomboy|Sylveon, F, shiny|34/100
|turn|17
|
|t:|1759005524
|switch|p2a: Mermaid|Vaporeon, F|100/100
|move|p1a: Zapdos|Thunder|p2a: Mermaid
|-supereffective|p2a: Mermaid
|-damage|p2a: Mermaid|0 fnt
|faint|p2a: Mermaid
|
|-weather|RainDance|[upkeep]
|upkeep
|-message|Shadowz66 forfeited.
|
|win|retr0catz
|raw|retr0catz's rating: 1096 &rarr; <strong>1120</strong><br />(+24 for winning)
|raw|Shadowz66's rating: 1068 &rarr; <strong>1049</strong><br />(-19 for losing)
|l|☆Shadowz66
|player|p2|
|l|☆retr0catz
|player|p1|
