|j|☆BTTFKR3000
|j|☆ViaVeritas
|t:|1759044830
|gametype|singles
|player|p1|BTTFKR3000|170|1183
|player|p2|ViaVeritas|giovanni|1168
|gen|9
|tier|[Gen 9] OU
|rated|
|rule|HP Percentage Mod: HP is shown in percentages
|rule|Endless Battle Clause: Forcing endless battles is banned
|rule|Species Clause: Limit one of each Pokémon
|rule|OHKO Clause: OHKO moves are banned
|rule|Evasion Items Clause: Evasion items are banned
|rule|Evasion Moves Clause: Evasion moves are banned
|rule|Evasion Abilities Clause: Evasion abilities are banned
|rule|Sleep Moves Clause: Sleep-inducing moves are banned
|clearpoke
|poke|p1|Corviknight, F|
|poke|p1|Ditto|
|poke|p1|Okidogi, M|
|poke|p1|Mimikyu, M|
|poke|p1|Araquanid, F|
|poke|p1|Latias, F|
|poke|p2|Chandelure, M|
|poke|p2|Grimmsnarl, M|
|poke|p2|Dragonite, F|
|poke|p2|Iron Valiant|
|poke|p2|Slowking-Galar, M|
|poke|p2|Corviknight, M|
|teampreview
|
|t:|1759044836
|teamsize|p1|6
|teamsize|p2|6
|start
|switch|p1a: Bubble Boy|Araquanid, F|100/100
|switch|p2a: Grimmsnarl|Grimmsnarl, M, shiny|100/100
|turn|1
|
|t:|1759044842
|move|p2a: Grimmsnarl|Thunder Wave|p1a: Bubble Boy
|-status|p1a: Bubble Boy|par
|move|p1a: Bubble Boy|Sticky Web|p2a: Grimmsnarl
|-sidestart|p2: ViaVeritas|move: Sticky Web
|
|upkeep
|turn|2
|
|t:|1759044848
|move|p2a: Grimmsnarl|Light Screen|p2a: Grimmsnarl
|-sidestart|p2: ViaVeritas|move: Light Screen
|move|p1a: Bubble Boy|Infestation|p2a: Grimmsnarl
|-damage|p2a: Grimmsnarl|98/100
|-activate|p2a: Grimmsnarl|move: Infestation|[of] p1a: Bubble Boy
|
|-damage|p2a: Grimmsnarl|86/100|[from] move: Infestation|[partiallytrapped]
|upkeep
|turn|3
|
|t:|1759044856
|move|p2a: Grimmsnarl|Reflect|p2a: Grimmsnarl
|-sidestart|p2: ViaVeritas|Reflect
|cant|p1a: Bubble Boy|par
|
|-damage|p2a: Grimmsnarl|73/100|[from] move: Infestation|[partiallytrapped]
|upkeep
|turn|4
|
|t:|1759044862
|move|p2a: Grimmsnarl|Parting Shot|p1a: Bubble Boy
|-unboost|p1a: Bubble Boy|atk|1
|-unboost|p1a: Bubble Boy|spa|1
|
|t:|1759044866
|switch|p2a: Corviknight|Corviknight, M, shiny|100/100|[from] Parting Shot
|-ability|p2a: Corviknight|Pressure
|move|p1a: Bubble Boy|Poison Jab|p2a: Corviknight
|-immune|p2a: Corviknight
|
|upkeep
|turn|5
|
|t:|1759044877
|move|p2a: Corviknight|Brave Bird|p1a: Bubble Boy
|-supereffective|p1a: Bubble Boy
|-damage|p1a: Bubble Boy|19/100 par
|-damage|p2a: Corviknight|84/100|[from] item: Rocky Helmet|[of] p1a: Bubble Boy
|-damage|p2a: Corviknight|61/100|[from] Recoil
|move|p1a: Bubble Boy|Infestation|p2a: Corviknight
|-resisted|p2a: Corviknight
|-damage|p2a: Corviknight|61/100
|-activate|p2a: Corviknight|move: Infestation|[of] p1a: Bubble Boy
|
|-heal|p2a: Corviknight|67/100|[from] item: Leftovers
|-damage|p2a: Corviknight|54/100|[from] move: Infestation|[partiallytrapped]
|upkeep
|turn|6
|
|t:|1759044889
|move|p2a: Corviknight|Roost|p2a: Corviknight
|-heal|p2a: Corviknight|100/100
|-singleturn|p2a: Corviknight|move: Roost
|move|p1a: Bubble Boy|Chilling Water|p2a: Corviknight
|-damage|p2a: Corviknight|91/100
|-unboost|p2a: Corviknight|atk|1
|
|-heal|p2a: Corviknight|98/100|[from] item: Leftovers
|-damage|p2a: Corviknight|85/100|[from] move: Infestation|[partiallytrapped]
|upkeep
|turn|7
|
|t:|1759044901
|move|p2a: Corviknight|Defog|p1a: Bubble Boy
|-unboost|p1a: Bubble Boy|evasion|1
|-sideend|p2: ViaVeritas|Sticky Web|[from] move: Defog|[of] p2a: Corviknight
|cant|p1a: Bubble Boy|par
|
|-heal|p2a: Corviknight|91/100|[from] item: Leftovers
|-damage|p2a: Corviknight|79/100|[from] move: Infestation|[partiallytrapped]
|upkeep
|turn|8
|
|t:|1759044910
|move|p2a: Corviknight|Brave Bird|p1a: Bubble Boy
|-supereffective|p1a: Bubble Boy
|-damage|p1a: Bubble Boy|0 fnt
|-damage|p2a: Corviknight|62/100|[from] item: Rocky Helmet|[of] p1a: Bubble Boy
|faint|p1a: Bubble Boy
|-damage|p2a: Corviknight|57/100|[from] Recoil
|
|-heal|p2a: Corviknight|63/100|[from] item: Leftovers
|-end|p2a: Corviknight|Infestation|[partiallytrapped]|[silent]
|upkeep
|
|t:|1759044919
|switch|p1a: Good Sir.|Corviknight, F|100/100
|-ability|p1a: Good Sir.|Pressure
|turn|9
|
|t:|1759044924
|move|p2a: Corviknight|Roost|p2a: Corviknight
|-heal|p2a: Corviknight|100/100
|-singleturn|p2a: Corviknight|move: Roost
|move|p1a: Good Sir.|Iron Defense|p1a: Good Sir.
|-boost|p1a: Good Sir.|def|2
|
|-sideend|p2: ViaVeritas|move: Light Screen
|upkeep
|turn|10
|
|t:|1759044937
|switch|p2a: Grimmsnarl|Grimmsnarl, M, shiny|73/100
|move|p1a: Good Sir.|Taunt|p2a: Grimmsnarl
|-start|p2a: Grimmsnarl|move: Taunt
|
|-sideend|p2: ViaVeritas|Reflect
|upkeep
|turn|11
|
|t:|1759044953
|switch|p2a: Corviknight|Corviknight, M, shiny|100/100
|-ability|p2a: Corviknight|Pressure
|move|p1a: Good Sir.|Iron Defense|p1a: Good Sir.
|-boost|p1a: Good Sir.|def|2
|
|upkeep
|turn|12
|
|t:|1759044968
|switch|p2a: Grimmsnarl|Grimmsnarl, M, shiny|73/100
|move|p1a: Good Sir.|Taunt|p2a: Grimmsnarl
|-start|p2a: Grimmsnarl|move: Taunt
|
|upkeep
|turn|13
|c|☆ViaVeritas|oh hell
|
|t:|1759044980
|switch|p2a: Corviknight|Corviknight, M, shiny|100/100
|-ability|p2a: Corviknight|Pressure
|move|p1a: Good Sir.|Body Press|p2a: Corviknight
|-damage|p2a: Corviknight|66/100
|
|-heal|p2a: Corviknight|73/100|[from] item: Leftovers
|upkeep
|turn|14
|c|☆ViaVeritas|hahahaha thats goof
|
|t:|1759044992
|switch|p2a: Chandelure|Chandelure, M, shiny|100/100
|move|p1a: Good Sir.|Taunt|p2a: Chandelure
|-start|p2a: Chandelure|move: Taunt
|
|upkeep
|turn|15
|
|t:|1759045011
|switch|p1a: No.|Mimikyu, M|100/100
|move|p2a: Chandelure|Fire Blast|p1a: No.
|-activate|p1a: No.|ability: Disguise
|-damage|p1a: No.|100/100
|detailschange|p1a: No.|Mimikyu-Busted, M
|-damage|p1a: No.|88/100|[from] pokemon: Mimikyu-Busted
|
|upkeep
|turn|16
|
|t:|1759045022
|move|p1a: No.|Shadow Sneak|p2a: Chandelure
|-supereffective|p2a: Chandelure
|-damage|p2a: Chandelure|49/100
|move|p2a: Chandelure|Fire Blast|p1a: No.
|-damage|p1a: No.|13/100
|
|-end|p2a: Chandelure|move: Taunt
|upkeep
|turn|17
|
|t:|1759045033
|switch|p2a: Grimmsnarl|Grimmsnarl, M, shiny|73/100
|move|p1a: No.|Shadow Sneak|p2a: Grimmsnarl
|-resisted|p2a: Grimmsnarl
|-damage|p2a: Grimmsnarl|63/100
|
|upkeep
|turn|18
|
|t:|1759045042
|move|p2a: Grimmsnarl|Reflect|p2a: Grimmsnarl
|-sidestart|p2: ViaVeritas|Reflect
|move|p1a: No.|Drain Punch|p2a: Grimmsnarl
|-damage|p2a: Grimmsnarl|52/100
|-heal|p1a: No.|22/100|[from] drain|[of] p2a: Grimmsnarl
|
|upkeep
|turn|19
|
|t:|1759045049
|move|p2a: Grimmsnarl|Thunder Wave|p1a: No.
|-status|p1a: No.|par
|cant|p1a: No.|par
|
|upkeep
|turn|20
|
|t:|1759045055
|move|p2a: Grimmsnarl|Parting Shot|p1a: No.
|-unboost|p1a: No.|atk|1
|-unboost|p1a: No.|spa|1
|
|t:|1759045062
|switch|p2a: Corviknight|Corviknight, M, shiny|73/100|[from] Parting Shot
|-ability|p2a: Corviknight|Pressure
|cant|p1a: No.|par
|
|-heal|p2a: Corviknight|79/100|[from] item: Leftovers
|upkeep
|turn|21
|
|t:|1759045072
|move|p2a: Corviknight|Brave Bird|p1a: No.
|-damage|p1a: No.|0 fnt
|-damage|p2a: Corviknight|62/100|[from] item: Rocky Helmet|[of] p1a: No.
|faint|p1a: No.
|-damage|p2a: Corviknight|58/100|[from] Recoil
|
|-heal|p2a: Corviknight|64/100|[from] item: Leftovers
|upkeep
|
|t:|1759045079
|switch|p1a: Red Toothless|Latias, F|100/100
|turn|22
|
|t:|1759045084
|move|p1a: Red Toothless|Calm Mind|p1a: Red Toothless
|-boost|p1a: Red Toothless|spa|1
|-boost|p1a: Red Toothless|spd|1
|move|p2a: Corviknight|Brave Bird|p1a: Red Toothless
|-damage|p1a: Red Toothless|56/100
|-damage|p2a: Corviknight|53/100|[from] Recoil
|
|-heal|p1a: Red Toothless|62/100|[from] item: Leftovers
|-heal|p2a: Corviknight|59/100|[from] item: Leftovers
|upkeep
|turn|23
|
|t:|1759045094
|-terastallize|p1a: Red Toothless|Steel
|move|p1a: Red Toothless|Calm Mind|p1a: Red Toothless
|-boost|p1a: Red Toothless|spa|1
|-boost|p1a: Red Toothless|spd|1
|move|p2a: Corviknight|Brave Bird|p1a: Red Toothless
|-resisted|p1a: Red Toothless
|-damage|p1a: Red Toothless|39/100
|-damage|p2a: Corviknight|53/100|[from] Recoil
|
|-heal|p1a: Red Toothless|45/100|[from] item: Leftovers
|-heal|p2a: Corviknight|60/100|[from] item: Leftovers
|upkeep
|turn|24
|
|t:|1759045105
|move|p1a: Red Toothless|Calm Mind|p1a: Red Toothless
|-boost|p1a: Red Toothless|spa|1
|-boost|p1a: Red Toothless|spd|1
|move|p2a: Corviknight|Body Press|p1a: Red Toothless
|-supereffective|p1a: Red Toothless
|-damage|p1a: Red Toothless|0 fnt
|faint|p1a: Red Toothless
|
|-heal|p2a: Corviknight|66/100|[from] item: Leftovers
|upkeep
|
|t:|1759045122
|switch|p1a: Good Sir.|Corviknight, F|100/100
|-ability|p1a: Good Sir.|Pressure
|turn|25
|
|t:|1759045132
|switch|p2a: Chandelure|Chandelure, M, shiny|49/100
|move|p1a: Good Sir.|Taunt|p2a: Chandelure
|-start|p2a: Chandelure|move: Taunt
|
|-sideend|p2: ViaVeritas|Reflect
|upkeep
|turn|26
|
|t:|1759045140
|switch|p1a: Tha DOGE|Okidogi, M|100/100
|move|p2a: Chandelure|Fire Blast|p1a: Tha DOGE
|-damage|p1a: Tha DOGE|35/100
|
|-heal|p1a: Tha DOGE|41/100|[from] item: Leftovers
|upkeep
|turn|27
|
|t:|1759045150
|switch|p2a: Slowking|Slowking-Galar, M|100/100
|move|p1a: Tha DOGE|Shadow Claw|p2a: Slowking
|-supereffective|p2a: Slowking
|-crit|p2a: Slowking
|-damage|p2a: Slowking|24/100
|
|-heal|p1a: Tha DOGE|47/100|[from] item: Leftovers
|upkeep
|turn|28
|
|t:|1759045161
|switch|p2a: Grimmsnarl|Grimmsnarl, M, shiny|52/100
|move|p1a: Tha DOGE|Shadow Claw|p2a: Grimmsnarl
|-resisted|p2a: Grimmsnarl
|-damage|p2a: Grimmsnarl|36/100
|
|-heal|p1a: Tha DOGE|53/100|[from] item: Leftovers
|upkeep
|turn|29
|
|t:|1759045169
|move|p2a: Grimmsnarl|Thunder Wave|p1a: Tha DOGE
|-status|p1a: Tha DOGE|par
|move|p1a: Tha DOGE|Bulk Up|p1a: Tha DOGE
|-boost|p1a: Tha DOGE|atk|1
|-boost|p1a: Tha DOGE|def|1
|
|-heal|p1a: Tha DOGE|59/100 par|[from] item: Leftovers
|upkeep
|turn|30
|
|t:|1759045177
|move|p2a: Grimmsnarl|Reflect|p2a: Grimmsnarl
|-sidestart|p2: ViaVeritas|Reflect
|cant|p1a: Tha DOGE|par
|
|-heal|p1a: Tha DOGE|65/100 par|[from] item: Leftovers
|upkeep
|turn|31
|
|t:|1759045183
|move|p2a: Grimmsnarl|Parting Shot|p1a: Tha DOGE
|-unboost|p1a: Tha DOGE|atk|1
|-unboost|p1a: Tha DOGE|spa|1
|
|t:|1759045194
|switch|p2a: Iron Valiant|Iron Valiant, shiny|100/100|[from] Parting Shot
|-enditem|p2a: Iron Valiant|Booster Energy
|-activate|p2a: Iron Valiant|ability: Quark Drive|[fromitem]
|-start|p2a: Iron Valiant|quarkdrivespe
|move|p1a: Tha DOGE|Bulk Up|p1a: Tha DOGE
|-boost|p1a: Tha DOGE|atk|1
|-boost|p1a: Tha DOGE|def|1
|
|-heal|p1a: Tha DOGE|71/100 par|[from] item: Leftovers
|upkeep
|turn|32
|
|t:|1759045204
|move|p2a: Iron Valiant|Psyshock|p1a: Tha DOGE
|-supereffective|p1a: Tha DOGE
|-damage|p1a: Tha DOGE|28/100 par
|move|p1a: Tha DOGE|Gunk Shot|p2a: Iron Valiant|[miss]
|-miss|p1a: Tha DOGE|p2a: Iron Valiant
|
|-heal|p1a: Tha DOGE|34/100 par|[from] item: Leftovers
|upkeep
|turn|33
|
|t:|1759045213
|move|p2a: Iron Valiant|Psyshock|p1a: Tha DOGE
|-supereffective|p1a: Tha DOGE
|-damage|p1a: Tha DOGE|0 fnt
|faint|p1a: Tha DOGE
|
|upkeep
|
|t:|1759045217
|switch|p1a: UR Sweeper Now LOL|Ditto|100/100
|-transform|p1a: UR Sweeper Now LOL|p2a: Iron Valiant|[from] ability: Imposter
|turn|34
|
|t:|1759045232
|-terastallize|p2a: Iron Valiant|Steel
|move|p2a: Iron Valiant|Moonblast|p1a: UR Sweeper Now LOL
|-supereffective|p1a: UR Sweeper Now LOL
|-enditem|p1a: UR Sweeper Now LOL|Focus Sash
|-damage|p1a: UR Sweeper Now LOL|1/100
|move|p1a: UR Sweeper Now LOL|Moonblast|p2a: Iron Valiant
|-resisted|p2a: Iron Valiant
|-damage|p2a: Iron Valiant|61/100
|
|upkeep
|turn|35
|
|t:|1759045246
|move|p2a: Iron Valiant|Thunderbolt|p1a: UR Sweeper Now LOL
|-damage|p1a: UR Sweeper Now LOL|0 fnt
|faint|p1a: UR Sweeper Now LOL
|-end|p1a: UR Sweeper Now LOL|Quark Drive|[silent]
|
|upkeep
|-message|BTTFKR3000 forfeited.
|
|win|ViaVeritas
|raw|BTTFKR3000's rating: 1183 &rarr; <strong>1157</strong><br />(-26 for losing)
|raw|ViaVeritas's rating: 1168 &rarr; <strong>1194</strong><br />(+26 for winning)
|l|☆BTTFKR3000
|player|p1|
