|j|☆HHLM
|j|☆preppy dude
|t:|1758953890
|gametype|singles
|player|p1|HHLM|266|1167
|player|p2|preppy dude|265|1138
|gen|9
|tier|[Gen 9] OU
|rated|
|rule|HP Percentage Mod: HP is shown in percentages
|rule|Endless Battle Clause: Forcing endless battles is banned
|rule|Species Clause: Limit one of each Pokémon
|rule|OHKO Clause: OHKO moves are banned
|rule|Evasion Items Clause: Evasion items are banned
|rule|Evasion Moves Clause: Evasion moves are banned
|rule|Evasion Abilities Clause: Evasion abilities are banned
|rule|Sleep Moves Clause: Sleep-inducing moves are banned
|clearpoke
|poke|p1|Cinderace, F|
|poke|p1|Gholdengo|
|poke|p1|Gliscor, F|
|poke|p1|Toxapex, M|
|poke|p1|Mew|
|poke|p1|Raging Bolt|
|poke|p2|Zapdos|
|poke|p2|Golem, M|
|poke|p2|Arbok, F|
|poke|p2|Rhydon, F|
|poke|p2|Magneton|
|poke|p2|Dodrio, F|
|teampreview
|
|t:|1758953898
|teamsize|p1|6
|teamsize|p2|6
|start
|switch|p1a: Cinderace|Cinderace, F|100/100
|switch|p2a: Golem|Golem, M|100/100
|turn|1
|
|t:|1758953906
|move|p1a: Cinderace|High Jump Kick|p2a: Golem
|-start|p1a: Cinderace|typechange|Fighting|[from] ability: Libero
|-supereffective|p2a: Golem
|-ability|p2a: Golem|Sturdy
|-damage|p2a: Golem|1/100
|move|p2a: Golem|Rock Blast|p1a: Cinderace
|-resisted|p1a: Cinderace
|-damage|p1a: Cinderace|91/100
|-resisted|p1a: Cinderace
|-damage|p1a: Cinderace|81/100
|-resisted|p1a: Cinderace
|-damage|p1a: Cinderace|72/100
|-hitcount|p1a: Cinderace|3
|
|upkeep
|turn|2
|-enditem|p2a: Golem|Custap Berry|[eat]
|-activate|p2a: Golem|item: Custap Berry|[consumed]
|
|t:|1758953920
|move|p2a: Golem|Stealth Rock|p1a: Cinderace
|-sidestart|p1: HHLM|move: Stealth Rock
|move|p1a: Cinderace|High Jump Kick|p2a: Golem
|-supereffective|p2a: Golem
|-damage|p2a: Golem|0 fnt
|faint|p2a: Golem
|
|upkeep
|
|t:|1758953932
|switch|p2a: Rhydon|Rhydon, F|100/100
|turn|3
|
|t:|1758953936
|-terastallize|p2a: Rhydon|Ghost
|move|p1a: Cinderace|High Jump Kick|p2a: Rhydon
|-immune|p2a: Rhydon
|-damage|p1a: Cinderace|22/100|[from] highjumpkick
|move|p2a: Rhydon|Earthquake|p1a: Cinderace
|-damage|p1a: Cinderace|0 fnt
|faint|p1a: Cinderace
|
|upkeep
|
|t:|1758953942
|switch|p1a: Gholdengo|Gholdengo|100/100
|-damage|p1a: Gholdengo|94/100|[from] Stealth Rock
|turn|4
|
|t:|1758953950
|switch|p2a: Dodrio|Dodrio, F|100/100
|move|p1a: Gholdengo|Shadow Ball|p2a: Dodrio
|-immune|p2a: Dodrio
|
|upkeep
|turn|5
|
|t:|1758953957
|move|p2a: Dodrio|Knock Off|p1a: Gholdengo
|-supereffective|p1a: Gholdengo
|-damage|p1a: Gholdengo|31/100
|-enditem|p1a: Gholdengo|Assault Vest|[from] move: Knock Off|[of] p2a: Dodrio
|move|p1a: Gholdengo|Make It Rain|p2a: Dodrio
|-damage|p2a: Dodrio|0 fnt
|-unboost|p1a: Gholdengo|spa|1
|faint|p2a: Dodrio
|
|upkeep
|
|t:|1758953967
|switch|p2a: Magneton|Magneton|100/100
|turn|6
|
|t:|1758953973
|switch|p1a: Gliscor|Gliscor, F|100/100
|-damage|p1a: Gliscor|88/100|[from] Stealth Rock
|move|p2a: Magneton|Discharge|p1a: Gliscor
|-immune|p1a: Gliscor
|
|-status|p1a: Gliscor|tox|[from] item: Toxic Orb
|upkeep
|turn|7
|
|t:|1758953983
|switch|p2a: Rhydon|Rhydon, F, tera:Ghost|100/100
|move|p1a: Gliscor|Knock Off|p2a: Rhydon
|-supereffective|p2a: Rhydon
|-damage|p2a: Rhydon|83/100
|-enditem|p2a: Rhydon|Eviolite|[from] move: Knock Off|[of] p1a: Gliscor
|
|-heal|p1a: Gliscor|100/100 tox|[from] ability: Poison Heal
|upkeep
|turn|8
|
|t:|1758953992
|move|p1a: Gliscor|Earthquake|p2a: Rhydon
|-damage|p2a: Rhydon|61/100
|move|p2a: Rhydon|Avalanche|p1a: Gliscor
|-supereffective|p1a: Gliscor
|-damage|p1a: Gliscor|0 fnt
|faint|p1a: Gliscor
|
|upkeep
|
|t:|1758954001
|switch|p1a: Toxapex|Toxapex, M|100/100
|-damage|p1a: Toxapex|88/100|[from] Stealth Rock
|turn|9
|
|t:|1758954005
|switch|p2a: Arbok|Arbok, F|100/100
|-ability|p2a: Arbok|Intimidate|boost
|-unboost|p1a: Toxapex|atk|1
|move|p1a: Toxapex|Infestation|p2a: Arbok
|-resisted|p2a: Arbok
|-damage|p2a: Arbok|99/100
|-activate|p2a: Arbok|move: Infestation|[of] p1a: Toxapex
|
|-heal|p1a: Toxapex|94/100|[from] item: Black Sludge
|-damage|p2a: Arbok|86/100|[from] move: Infestation|[partiallytrapped]
|upkeep
|turn|10
|inactive|Battle timer is ON: inactive players will automatically lose when time's up. (requested by preppy dude)
|
|t:|1758954016
|move|p2a: Arbok|Switcheroo|p1a: Toxapex
|-activate|p2a: Arbok|move: Trick|[of] p1a: Toxapex
|-item|p1a: Toxapex|Choice Scarf|[from] move: Switcheroo
|-item|p2a: Arbok|Black Sludge|[from] move: Switcheroo
|move|p1a: Toxapex|Infestation|p2a: Arbok
|-resisted|p2a: Arbok
|-damage|p2a: Arbok|84/100
|
|-heal|p2a: Arbok|91/100|[from] item: Black Sludge
|-damage|p2a: Arbok|78/100|[from] move: Infestation|[partiallytrapped]
|upkeep
|turn|11
|
|t:|1758954026
|move|p2a: Arbok|Switcheroo|p1a: Toxapex
|-activate|p2a: Arbok|move: Trick|[of] p1a: Toxapex
|-item|p1a: Toxapex|Black Sludge|[from] move: Switcheroo
|-item|p2a: Arbok|Choice Scarf|[from] move: Switcheroo
|move|p1a: Toxapex|Infestation|p2a: Arbok
|-resisted|p2a: Arbok
|-damage|p2a: Arbok|76/100
|
|-heal|p1a: Toxapex|100/100|[from] item: Black Sludge
|-damage|p2a: Arbok|64/100|[from] move: Infestation|[partiallytrapped]
|upkeep
|turn|12
|
|t:|1758954036
|switch|p1a: Gholdengo|Gholdengo|31/100
|-damage|p1a: Gholdengo|25/100|[from] Stealth Rock
|move|p2a: Arbok|Poison Fang|p1a: Gholdengo
|-immune|p1a: Gholdengo
|
|-end|p2a: Arbok|Infestation|[partiallytrapped]|[silent]
|upkeep
|turn|13
|c|☆preppy dude|Misclick
|c|☆preppy dude|Lol
|
|t:|1758954057
|switch|p2a: Zapdos|Zapdos|100/100
|move|p1a: Gholdengo|Shadow Ball|p2a: Zapdos
|-damage|p2a: Zapdos|65/100
|
|-heal|p2a: Zapdos|71/100|[from] item: Leftovers
|upkeep
|turn|14
|
|t:|1758954066
|move|p2a: Zapdos|Discharge|p1a: Gholdengo
|-damage|p1a: Gholdengo|0 fnt
|faint|p1a: Gholdengo
|
|-heal|p2a: Zapdos|77/100|[from] item: Leftovers
|upkeep
|
|t:|1758954072
|switch|p1a: Raging Bolt|Raging Bolt|100/100
|-damage|p1a: Raging Bolt|88/100|[from] Stealth Rock
|-enditem|p1a: Raging Bolt|Booster Energy
|-activate|p1a: Raging Bolt|ability: Protosynthesis|[fromitem]
|-start|p1a: Raging Bolt|protosynthesisspa
|turn|15
|
|t:|1758954080
|move|p2a: Zapdos|Protect|p2a: Zapdos
|-singleturn|p2a: Zapdos|Protect
|move|p1a: Raging Bolt|Dragon Pulse|p2a: Zapdos
|-activate|p2a: Zapdos|move: Protect
|
|-heal|p2a: Zapdos|83/100|[from] item: Leftovers
|upkeep
|turn|16
|
|t:|1758954090
|move|p2a: Zapdos|Discharge|p1a: Raging Bolt
|-resisted|p1a: Raging Bolt
|-damage|p1a: Raging Bolt|81/100
|move|p1a: Raging Bolt|Dragon Pulse|p2a: Zapdos
|-damage|p2a: Zapdos|29/100
|
|-heal|p2a: Zapdos|35/100|[from] item: Leftovers
|upkeep
|turn|17
|
|t:|1758954099
|move|p2a: Zapdos|Protect|p2a: Zapdos
|-singleturn|p2a: Zapdos|Protect
|move|p1a: Raging Bolt|Dragon Pulse|p2a: Zapdos
|-activate|p2a: Zapdos|move: Protect
|
|-heal|p2a: Zapdos|41/100|[from] item: Leftovers
|upkeep
|turn|18
|
|t:|1758954107
|move|p2a: Zapdos|Roost|p2a: Zapdos
|-heal|p2a: Zapdos|91/100
|-singleturn|p2a: Zapdos|move: Roost
|move|p1a: Raging Bolt|Dragon Pulse|p2a: Zapdos
|-damage|p2a: Zapdos|42/100
|
|-heal|p2a: Zapdos|48/100|[from] item: Leftovers
|upkeep
|turn|19
|
|t:|1758954116
|move|p2a: Zapdos|Protect|p2a: Zapdos
|-singleturn|p2a: Zapdos|Protect
|move|p1a: Raging Bolt|Dragon Pulse|p2a: Zapdos
|-activate|p2a: Zapdos|move: Protect
|
|-heal|p2a: Zapdos|54/100|[from] item: Leftovers
|upkeep
|turn|20
|
|t:|1758954125
|move|p2a: Zapdos|Roost|p2a: Zapdos
|-heal|p2a: Zapdos|100/100
|-singleturn|p2a: Zapdos|move: Roost
|move|p1a: Raging Bolt|Dragon Pulse|p2a: Zapdos
|-damage|p2a: Zapdos|50/100
|
|-heal|p2a: Zapdos|57/100|[from] item: Leftovers
|upkeep
|turn|21
|
|t:|1758954142
|move|p2a: Zapdos|Protect|p2a: Zapdos
|-singleturn|p2a: Zapdos|Protect
|move|p1a: Raging Bolt|Volt Switch|p2a: Zapdos
|-activate|p2a: Zapdos|move: Protect
|
|-heal|p2a: Zapdos|63/100|[from] item: Leftovers
|upkeep
|turn|22
|
|t:|1758954150
|move|p2a: Zapdos|Roost|p2a: Zapdos
|-heal|p2a: Zapdos|100/100
|-singleturn|p2a: Zapdos|move: Roost
|move|p1a: Raging Bolt|Dragon Pulse|p2a: Zapdos
|-damage|p2a: Zapdos|51/100
|
|-heal|p2a: Zapdos|57/100|[from] item: Leftovers
|upkeep
|turn|23
|l|☆HHLM
|inactive|HHLM disconnected and has a minute to reconnect!
|player|p1|
|inactive|HHLM has 30 seconds to reconnect!
|inactive|HHLM has 20 seconds to reconnect!
|inactive|HHLM has 15 seconds to reconnect!
|inactive|HHLM has 10 seconds to reconnect!
|inactive|HHLM has 5 seconds to reconnect!
|-message|HHLM lost due to inactivity.
|
|win|preppy dude
|raw|HHLM's rating: 1167 &rarr; <strong>1140</strong><br />(-27 for losing)
|raw|preppy dude's rating: 1138 &rarr; <strong>1165</strong><br />(+27 for winning)
|l|☆preppy dude
|player|p2|
