|j|☆dr3ntel
|j|☆Kingkaz101
|t:|1759072730
|gametype|singles
|player|p1|dr3ntel|266|1548
|player|p2|Kingkaz101|170|1571
|gen|9
|tier|[Gen 9] OU
|rated|
|rule|HP Percentage Mod: HP is shown in percentages
|rule|Endless Battle Clause: Forcing endless battles is banned
|rule|Species Clause: Limit one of each Pokémon
|rule|OHKO Clause: OHKO moves are banned
|rule|Evasion Items Clause: Evasion items are banned
|rule|Evasion Moves Clause: Evasion moves are banned
|rule|Evasion Abilities Clause: Evasion abilities are banned
|rule|Sleep Moves Clause: Sleep-inducing moves are banned
|clearpoke
|poke|p1|Torkoal, M|
|poke|p1|Brute Bonnet|
|poke|p1|Walking Wake|
|poke|p1|Hatterene, F|
|poke|p1|Thundurus-Therian, M|
|poke|p1|Ceruledge, F|
|poke|p2|Dragapult, F|
|poke|p2|Primarina, M|
|poke|p2|Iron Valiant|
|poke|p2|Corviknight, F|
|poke|p2|Slowking-Galar, M|
|poke|p2|Meowscarada, F|
|teampreview
|inactive|Battle timer is ON: inactive players will automatically lose when time's up. (requested by dr3ntel)
|
|t:|1759072757
|teamsize|p1|6
|teamsize|p2|6
|start
|switch|p1a: Storm|Thundurus-Therian, M|100/100
|switch|p2a: Dragapult|Dragapult, F|100/100
|turn|1
|
|t:|1759072770
|switch|p1a: Witch|Hatterene, F, shiny|100/100
|move|p2a: Dragapult|Draco Meteor|p1a: Witch
|-immune|p1a: Witch
|
|upkeep
|turn|2
|
|t:|1759072776
|move|p2a: Dragapult|U-turn|p1a: Witch
|-damage|p1a: Witch|79/100
|-enditem|p1a: Witch|Eject Button
|-damage|p2a: Dragapult|91/100|[from] item: Life Orb
|inactive|dr3ntel has 120 seconds left.
|
|t:|1759072818
|switch|p1a: BRUTE FORCE|Brute Bonnet|100/100
|
|upkeep
|turn|3
|
|t:|1759072835
|-end|p1a: BRUTE FORCE|Protosynthesis|[silent]
|switch|p1a: Storm|Thundurus-Therian, M|100/100
|move|p2a: Dragapult|Will-O-Wisp|p1a: Storm
|-status|p1a: Storm|brn
|
|-damage|p1a: Storm|94/100 brn|[from] brn
|upkeep
|turn|4
|
|t:|1759072841
|switch|p1a: BRUTE FORCE|Brute Bonnet|100/100
|move|p2a: Dragapult|Draco Meteor|p1a: BRUTE FORCE
|-damage|p1a: BRUTE FORCE|36/100
|-unboost|p2a: Dragapult|spa|2
|-damage|p2a: Dragapult|81/100|[from] item: Life Orb
|
|upkeep
|turn|5
|
|t:|1759072852
|switch|p2a: Corviknight|Corviknight, F|100/100
|-ability|p2a: Corviknight|Pressure
|-end|p1a: BRUTE FORCE|Protosynthesis|[silent]
|switch|p1a: Witch|Hatterene, F, shiny|79/100
|
|upkeep
|turn|6
|
|t:|1759072856
|move|p2a: Corviknight|U-turn|p1a: Witch
|-crit|p1a: Witch
|-damage|p1a: Witch|58/100
|
|t:|1759072861
|switch|p2a: Slowking|Slowking-Galar, M|100/100|[from] U-turn
|move|p1a: Witch|Nuzzle|p2a: Slowking
|-damage|p2a: Slowking|96/100
|-status|p2a: Slowking|par
|
|-heal|p2a: Slowking|100/100 par|[from] item: Leftovers
|upkeep
|turn|7
|inactive|dr3ntel has 120 seconds left.
|
|t:|1759072877
|move|p1a: Witch|Healing Wish|p1a: Witch
|faint|p1a: Witch
|move|p2a: Slowking|Sludge Bomb|p1: Witch|[notarget]
|-fail|p2a: Slowking
|
|upkeep
|
|t:|1759072879
|switch|p1a: BRUTE FORCE|Brute Bonnet|36/100
|-heal|p1a: BRUTE FORCE|100/100|[from] move: Healing Wish
|turn|8
|
|t:|1759072884
|-end|p1a: BRUTE FORCE|Protosynthesis|[silent]
|switch|p1a: Knight|Ceruledge, F|100/100
|switch|p2a: Corviknight|Corviknight, F|100/100
|-ability|p2a: Corviknight|Pressure
|
|upkeep
|turn|9
|
|t:|1759072887
|switch|p2a: Primarina|Primarina, M|100/100
|move|p1a: Knight|Swords Dance|p1a: Knight
|-boost|p1a: Knight|atk|2
|
|upkeep
|turn|10
|
|t:|1759072891
|move|p1a: Knight|Poltergeist|p2a: Primarina
|-activate|p2a: Primarina|move: Poltergeist|Leftovers
|-damage|p2a: Primarina|9/100
|move|p2a: Primarina|Psychic Noise|p1a: Knight
|-supereffective|p1a: Knight
|-damage|p1a: Knight|21/100
|-start|p1a: Knight|move: Heal Block
|
|-heal|p2a: Primarina|15/100|[from] item: Leftovers
|upkeep
|turn|11
|
|t:|1759072903
|move|p1a: Knight|Poltergeist|p2a: Primarina
|-activate|p2a: Primarina|move: Poltergeist|Leftovers
|-damage|p2a: Primarina|0 fnt
|faint|p2a: Primarina
|
|-end|p1a: Knight|move: Heal Block
|upkeep
|
|t:|1759072905
|switch|p2a: Meowscarada|Meowscarada, F|100/100
|turn|12
|
|t:|1759072911
|switch|p1a: Great Bait|Torkoal, M, shiny|100/100
|-weather|SunnyDay|[from] ability: Drought|[of] p1a: Great Bait
|move|p2a: Meowscarada|Sucker Punch||[still]
|-fail|p2a: Meowscarada
|
|-weather|SunnyDay|[upkeep]
|upkeep
|turn|13
|
|t:|1759072923
|switch|p2a: Slowking|Slowking-Galar, M|100/100 par
|move|p1a: Great Bait|Overheat|p2a: Slowking
|-damage|p2a: Slowking|53/100 par
|-unboost|p1a: Great Bait|spa|2
|
|-weather|SunnyDay|[upkeep]
|-heal|p2a: Slowking|59/100 par|[from] item: Leftovers
|upkeep
|turn|14
|
|t:|1759072927
|switch|p1a: Knight|Ceruledge, F|21/100
|-prepare|p2a: Slowking|Chilly Reception|[premajor]
|cant|p2a: Slowking|par
|
|-weather|SunnyDay|[upkeep]
|-heal|p2a: Slowking|65/100 par|[from] item: Leftovers
|upkeep
|turn|15
|
|t:|1759072937
|-terastallize|p2a: Slowking|Water
|move|p1a: Knight|Bitter Blade|p2a: Slowking
|-resisted|p2a: Slowking
|-damage|p2a: Slowking|28/100 par
|-heal|p1a: Knight|46/100|[from] drain|[of] p2a: Slowking
|-prepare|p2a: Slowking|Chilly Reception|[premajor]
|cant|p2a: Slowking|par
|
|-weather|SunnyDay|[upkeep]
|-heal|p2a: Slowking|34/100 par|[from] item: Leftovers
|upkeep
|turn|16
|
|t:|1759072950
|switch|p2a: Meowscarada|Meowscarada, F|100/100
|move|p1a: Knight|Swords Dance|p1a: Knight
|-boost|p1a: Knight|atk|2
|
|-weather|SunnyDay|[upkeep]
|upkeep
|turn|17
|
|t:|1759072975
|move|p1a: Knight|Shadow Sneak|p2a: Meowscarada
|-resisted|p2a: Meowscarada
|-damage|p2a: Meowscarada|68/100
|move|p2a: Meowscarada|Knock Off|p1a: Knight
|-start|p2a: Meowscarada|typechange|Dark|[from] ability: Protean
|-supereffective|p1a: Knight
|-damage|p1a: Knight|0 fnt
|-enditem|p1a: Knight|Focus Sash|[from] move: Knock Off|[of] p2a: Meowscarada
|faint|p1a: Knight
|-damage|p2a: Meowscarada|58/100|[from] item: Life Orb
|
|-weather|SunnyDay|[upkeep]
|upkeep
|
|t:|1759072983
|switch|p1a: Shark|Walking Wake|100/100
|-activate|p1a: Shark|ability: Protosynthesis
|-start|p1a: Shark|protosynthesisspe
|turn|18
|
|t:|1759073003
|move|p2a: Meowscarada|Sucker Punch|p1a: Shark
|-damage|p1a: Shark|57/100
|-damage|p2a: Meowscarada|48/100|[from] item: Life Orb
|move|p1a: Shark|Flip Turn|p2a: Meowscarada
|-crit|p2a: Meowscarada
|-damage|p2a: Meowscarada|28/100
|inactive|dr3ntel has 120 seconds left.
|inactive|dr3ntel has 90 seconds left.
|
|t:|1759073067
|-end|p1a: Shark|Protosynthesis|[silent]
|switch|p1a: BRUTE FORCE|Brute Bonnet|100/100|[from] Flip Turn
|-activate|p1a: BRUTE FORCE|ability: Protosynthesis
|-start|p1a: BRUTE FORCE|protosynthesisatk
|
|-weather|SunnyDay|[upkeep]
|upkeep
|turn|19
|
|t:|1759073089
|move|p2a: Meowscarada|Sucker Punch|p1a: BRUTE FORCE
|-resisted|p1a: BRUTE FORCE
|-damage|p1a: BRUTE FORCE|83/100
|-damage|p2a: Meowscarada|19/100|[from] item: Life Orb
|move|p1a: BRUTE FORCE|Sucker Punch||[still]
|-fail|p1a: BRUTE FORCE
|
|-weather|none
|-end|p1a: BRUTE FORCE|Protosynthesis
|upkeep
|turn|20
|
|t:|1759073097
|switch|p2a: Corviknight|Corviknight, F|100/100
|-ability|p2a: Corviknight|Pressure
|move|p1a: BRUTE FORCE|Sucker Punch||[still]
|-fail|p1a: BRUTE FORCE
|
|upkeep
|turn|21
|
|t:|1759073102
|-end|p1a: BRUTE FORCE|Protosynthesis|[silent]
|switch|p1a: Great Bait|Torkoal, M, shiny|100/100
|-weather|SunnyDay|[from] ability: Drought|[of] p1a: Great Bait
|move|p2a: Corviknight|U-turn|p1a: Great Bait
|-resisted|p1a: Great Bait
|-damage|p1a: Great Bait|95/100
|
|t:|1759073106
|switch|p2a: Slowking|Slowking-Galar, M, tera:Water|68/100 par|[from] U-turn
|
|-weather|SunnyDay|[upkeep]
|-heal|p2a: Slowking|74/100 par|[from] item: Leftovers
|upkeep
|turn|22
|inactive|dr3ntel has 120 seconds left.
|
|t:|1759073116
|switch|p1a: Storm|Thundurus-Therian, M|94/100 brn
|-prepare|p2a: Slowking|Chilly Reception|[premajor]
|move|p2a: Slowking|Chilly Reception|p2a: Slowking
|-weather|Snowscape
|
|t:|1759073128
|switch|p2a: Meowscarada|Meowscarada, F|19/100|[from] Chilly Reception
|
|-weather|Snowscape|[upkeep]
|-damage|p1a: Storm|88/100 brn|[from] brn
|upkeep
|turn|23
|
|t:|1759073136
|switch|p1a: Great Bait|Torkoal, M, shiny|95/100
|-weather|SunnyDay|[from] ability: Drought|[of] p1a: Great Bait
|move|p2a: Meowscarada|Knock Off|p1a: Great Bait
|-start|p2a: Meowscarada|typechange|Dark|[from] ability: Protean
|-crit|p1a: Great Bait
|-damage|p1a: Great Bait|15/100
|-enditem|p1a: Great Bait|Heat Rock|[from] move: Knock Off|[of] p2a: Meowscarada
|-damage|p2a: Meowscarada|9/100|[from] item: Life Orb
|
|-weather|SunnyDay|[upkeep]
|upkeep
|turn|24
|
|t:|1759073144
|switch|p2a: Slowking|Slowking-Galar, M, tera:Water|100/100 par
|switch|p1a: BRUTE FORCE|Brute Bonnet|83/100
|-activate|p1a: BRUTE FORCE|ability: Protosynthesis
|-start|p1a: BRUTE FORCE|protosynthesisatk
|
|-weather|SunnyDay|[upkeep]
|upkeep
|turn|25
|
|t:|1759073155
|switch|p2a: Corviknight|Corviknight, F|100/100
|-ability|p2a: Corviknight|Pressure
|move|p1a: BRUTE FORCE|Growth|p1a: BRUTE FORCE
|-boost|p1a: BRUTE FORCE|atk|2
|-boost|p1a: BRUTE FORCE|spa|2
|
|-weather|SunnyDay|[upkeep]
|upkeep
|turn|26
|
|t:|1759073163
|-terastallize|p1a: BRUTE FORCE|Fire
|move|p1a: BRUTE FORCE|Tera Blast|p2a: Corviknight|[anim] Tera Blast Fire
|-supereffective|p2a: Corviknight
|-damage|p2a: Corviknight|0 fnt
|faint|p2a: Corviknight
|
|-weather|SunnyDay|[upkeep]
|upkeep
|
|t:|1759073187
|switch|p2a: Meowscarada|Meowscarada, F|9/100
|turn|27
|
|t:|1759073191
|move|p2a: Meowscarada|Sucker Punch|p1a: BRUTE FORCE
|-start|p2a: Meowscarada|typechange|Dark|[from] ability: Protean
|-damage|p1a: BRUTE FORCE|48/100
|-damage|p2a: Meowscarada|0 fnt|[from] item: Life Orb
|faint|p2a: Meowscarada
|move|p1a: BRUTE FORCE|Sucker Punch|p2: Meowscarada|[notarget]
|-fail|p1a: BRUTE FORCE
|
|-weather|SunnyDay|[upkeep]
|upkeep
|
|t:|1759073193
|switch|p2a: Iron Valiant|Iron Valiant|100/100
|turn|28
|
|t:|1759073199
|move|p2a: Iron Valiant|Close Combat|p1a: BRUTE FORCE
|-damage|p1a: BRUTE FORCE|0 fnt
|-unboost|p2a: Iron Valiant|def|1
|-unboost|p2a: Iron Valiant|spd|1
|faint|p1a: BRUTE FORCE
|-end|p1a: BRUTE FORCE|Protosynthesis|[silent]
|-damage|p2a: Iron Valiant|91/100|[from] item: Life Orb
|
|-weather|SunnyDay|[upkeep]
|upkeep
|
|t:|1759073207
|switch|p1a: Shark|Walking Wake|57/100
|-activate|p1a: Shark|ability: Protosynthesis
|-start|p1a: Shark|protosynthesisspe
|turn|29
|
|t:|1759073209
|-end|p2a: Iron Valiant|Quark Drive|[silent]
|switch|p2a: Slowking|Slowking-Galar, M, tera:Water|100/100 par
|move|p1a: Shark|Flip Turn|p2a: Slowking
|-resisted|p2a: Slowking
|-damage|p2a: Slowking|97/100 par
|
|t:|1759073212
|-end|p1a: Shark|Protosynthesis|[silent]
|switch|p1a: Storm|Thundurus-Therian, M|88/100 brn|[from] Flip Turn
|
|-weather|SunnyDay|[upkeep]
|-heal|p2a: Slowking|100/100 par|[from] item: Leftovers
|-damage|p1a: Storm|82/100 brn|[from] brn
|upkeep
|turn|30
|
|t:|1759073214
|move|p1a: Storm|Thunderbolt|p2a: Slowking
|-supereffective|p2a: Slowking
|-damage|p2a: Slowking|9/100 par
|-prepare|p2a: Slowking|Chilly Reception|[premajor]
|move|p2a: Slowking|Chilly Reception|p2a: Slowking
|-weather|Snowscape
|
|t:|1759073220
|switch|p2a: Dragapult|Dragapult, F|81/100|[from] Chilly Reception
|
|-weather|Snowscape|[upkeep]
|-damage|p1a: Storm|76/100 brn|[from] brn
|upkeep
|turn|31
|
|t:|1759073222
|switch|p1a: Great Bait|Torkoal, M, shiny|15/100
|-weather|SunnyDay|[from] ability: Drought|[of] p1a: Great Bait
|move|p2a: Dragapult|Shadow Ball|p1a: Great Bait
|-damage|p1a: Great Bait|0 fnt
|faint|p1a: Great Bait
|-damage|p2a: Dragapult|71/100|[from] item: Life Orb
|
|-weather|SunnyDay|[upkeep]
|upkeep
|
|t:|1759073225
|switch|p1a: Shark|Walking Wake|57/100
|-activate|p1a: Shark|ability: Protosynthesis
|-start|p1a: Shark|protosynthesisspe
|turn|32
|
|t:|1759073229
|switch|p2a: Slowking|Slowking-Galar, M, tera:Water|42/100 par
|move|p1a: Shark|Hydro Steam|p2a: Slowking
|-resisted|p2a: Slowking
|-damage|p2a: Slowking|26/100 par
|
|-weather|SunnyDay|[upkeep]
|-heal|p2a: Slowking|32/100 par|[from] item: Leftovers
|upkeep
|turn|33
|
|t:|1759073235
|move|p1a: Shark|Flip Turn|p2a: Slowking
|-resisted|p2a: Slowking
|-damage|p2a: Slowking|28/100 par
|
|t:|1759073237
|-end|p1a: Shark|Protosynthesis|[silent]
|switch|p1a: Storm|Thundurus-Therian, M|76/100 brn|[from] Flip Turn
|-prepare|p2a: Slowking|Chilly Reception|[premajor]
|move|p2a: Slowking|Chilly Reception|p2a: Slowking
|-weather|Snowscape
|-message|dr3ntel forfeited.
|
|win|Kingkaz101
|raw|dr3ntel's rating: 1548 &rarr; <strong>1529</strong><br />(-19 for losing)
|raw|Kingkaz101's rating: 1571 &rarr; <strong>1590</strong><br />(+19 for winning)
|l|☆dr3ntel
|player|p1|
|l|☆Kingkaz101
|player|p2|
