|j|☆szjtxdy
|j|☆aquagoboom
|t:|1758968049
|gametype|singles
|player|p1|szjtxdy|rosa|1600
|player|p2|aquagoboom|101|1557
|gen|9
|tier|[Gen 9] OU
|rated|
|rule|HP Percentage Mod: HP is shown in percentages
|rule|Endless Battle Clause: Forcing endless battles is banned
|rule|Species Clause: Limit one of each Pokémon
|rule|OHKO Clause: OHKO moves are banned
|rule|Evasion Items Clause: Evasion items are banned
|rule|Evasion Moves Clause: Evasion moves are banned
|rule|Evasion Abilities Clause: Evasion abilities are banned
|rule|Sleep Moves Clause: Sleep-inducing moves are banned
|clearpoke
|poke|p1|Torkoal, F|
|poke|p1|Hatterene, F|
|poke|p1|Raging Bolt|
|poke|p1|Venusaur, M|
|poke|p1|Great Tusk|
|poke|p1|Charizard, F|
|poke|p2|Kyurem|
|poke|p2|Indeedee, M|
|poke|p2|Ceruledge, M|
|poke|p2|Deoxys-Speed|
|poke|p2|Hatterene, F|
|poke|p2|Iron Treads|
|teampreview
|inactive|Battle timer is ON: inactive players will automatically lose when time's up. (requested by szjtxdy)
|
|t:|1758968065
|teamsize|p1|6
|teamsize|p2|6
|start
|switch|p1a: Torkoal|Torkoal, F|100/100
|switch|p2a: Ceruledge|Ceruledge, M|100/100
|-weather|SunnyDay|[from] ability: Drought|[of] p1a: Torkoal
|turn|1
|
|t:|1758968068
|switch|p1a: Raging Bolt|Raging Bolt|100/100
|-activate|p1a: Raging Bolt|ability: Protosynthesis
|-start|p1a: Raging Bolt|protosynthesisspa
|move|p2a: Ceruledge|Swords Dance|p2a: Ceruledge
|-boost|p2a: Ceruledge|atk|2
|
|-weather|SunnyDay|[upkeep]
|upkeep
|turn|2
|
|t:|1758968075
|move|p2a: Ceruledge|Poltergeist|p1a: Raging Bolt
|-activate|p1a: Raging Bolt|move: Poltergeist|Life Orb
|-damage|p1a: Raging Bolt|9/100
|move|p1a: Raging Bolt|Volt Switch|p2a: Ceruledge
|-damage|p2a: Ceruledge|25/100
|-damage|p1a: Raging Bolt|0 fnt|[from] item: Life Orb
|faint|p1a: Raging Bolt
|-end|p1a: Raging Bolt|Protosynthesis|[silent]
|
|-weather|SunnyDay|[upkeep]
|upkeep
|
|t:|1758968095
|switch|p1a: Charizard|Charizard, F|100/100
|turn|3
|
|t:|1758968104
|move|p1a: Charizard|Scorching Sands|p2a: Ceruledge
|-supereffective|p2a: Ceruledge
|-damage|p2a: Ceruledge|0 fnt
|faint|p2a: Ceruledge
|-damage|p1a: Charizard|91/100|[from] item: Life Orb
|
|-weather|SunnyDay|[upkeep]
|-damage|p1a: Charizard|78/100|[from] ability: Solar Power|[of] p1a: Charizard
|upkeep
|
|t:|1758968112
|switch|p2a: Iron Treads|Iron Treads|100/100
|-enditem|p2a: Iron Treads|Booster Energy
|-activate|p2a: Iron Treads|ability: Quark Drive|[fromitem]
|-start|p2a: Iron Treads|quarkdrivespe
|turn|4
|
|t:|1758968119
|move|p2a: Iron Treads|Stealth Rock|p1a: Charizard
|-sidestart|p1: szjtxdy|move: Stealth Rock
|move|p1a: Charizard|Weather Ball|p2a: Iron Treads
|-supereffective|p2a: Iron Treads
|-damage|p2a: Iron Treads|0 fnt
|faint|p2a: Iron Treads
|-end|p2a: Iron Treads|Quark Drive|[silent]
|-damage|p1a: Charizard|69/100|[from] item: Life Orb
|
|-weather|SunnyDay|[upkeep]
|-damage|p1a: Charizard|56/100|[from] ability: Solar Power|[of] p1a: Charizard
|upkeep
|
|t:|1758968126
|switch|p2a: Deoxys|Deoxys-Speed|100/100
|-ability|p2a: Deoxys|Pressure
|turn|5
|
|t:|1758968129
|move|p2a: Deoxys|Expanding Force|p1a: Charizard
|-crit|p1a: Charizard
|-damage|p1a: Charizard|0 fnt
|faint|p1a: Charizard
|-damage|p2a: Deoxys|91/100|[from] item: Life Orb
|
|-weather|SunnyDay|[upkeep]
|upkeep
|
|t:|1758968132
|switch|p1a: Hatterene|Hatterene, F, shiny|100/100
|-damage|p1a: Hatterene|88/100|[from] Stealth Rock
|turn|6
|
|t:|1758968136
|switch|p2a: Indeedee|Indeedee, M|100/100
|-fieldstart|move: Psychic Terrain|[from] ability: Psychic Surge|[of] p2a: Indeedee
|move|p1a: Hatterene|Mystical Fire|p2a: Indeedee
|-damage|p2a: Indeedee|39/100
|-unboost|p2a: Indeedee|spa|1
|
|-weather|SunnyDay|[upkeep]
|upkeep
|turn|7
|
|t:|1758968143
|switch|p2a: Hatterene|Hatterene, F|100/100
|move|p1a: Hatterene|Mystical Fire|p2a: Hatterene
|-crit|p2a: Hatterene
|-damage|p2a: Hatterene|40/100
|-unboost|p2a: Hatterene|spa|1
|
|-weather|SunnyDay|[upkeep]
|upkeep
|turn|8
|
|t:|1758968148
|move|p2a: Hatterene|Draining Kiss|p1a: Hatterene
|-damage|p1a: Hatterene|69/100
|-heal|p2a: Hatterene|54/100|[from] drain|[of] p1a: Hatterene
|-enditem|p1a: Hatterene|Eject Button
|
|t:|1758968156
|switch|p1a: Great Tusk|Great Tusk|100/100
|-damage|p1a: Great Tusk|98/100|[from] Stealth Rock
|-activate|p1a: Great Tusk|ability: Protosynthesis
|-start|p1a: Great Tusk|protosynthesisatk
|
|-weather|none
|-end|p1a: Great Tusk|Protosynthesis
|upkeep
|turn|9
|
|t:|1758968161
|move|p1a: Great Tusk|Headlong Rush|p2a: Hatterene
|-damage|p2a: Hatterene|0 fnt
|-unboost|p1a: Great Tusk|def|1
|-unboost|p1a: Great Tusk|spd|1
|faint|p2a: Hatterene
|
|upkeep
|
|t:|1758968165
|switch|p2a: Deoxys|Deoxys-Speed|91/100
|-ability|p2a: Deoxys|Pressure
|turn|10
|
|t:|1758968169
|-end|p1a: Great Tusk|Protosynthesis|[silent]
|switch|p1a: Torkoal|Torkoal, F|100/100
|-damage|p1a: Torkoal|76/100|[from] Stealth Rock
|-weather|SunnyDay|[from] ability: Drought|[of] p1a: Torkoal
|move|p2a: Deoxys|Expanding Force|p1a: Torkoal
|-damage|p1a: Torkoal|0 fnt
|faint|p1a: Torkoal
|-damage|p2a: Deoxys|81/100|[from] item: Life Orb
|
|-weather|SunnyDay|[upkeep]
|upkeep
|
|t:|1758968174
|switch|p1a: Venusaur|Venusaur, M|100/100
|-damage|p1a: Venusaur|88/100|[from] Stealth Rock
|turn|11
|
|t:|1758968179
|move|p1a: Venusaur|Weather Ball|p2a: Deoxys
|-damage|p2a: Deoxys|0 fnt
|faint|p2a: Deoxys
|-damage|p1a: Venusaur|78/100|[from] item: Life Orb
|
|-weather|SunnyDay|[upkeep]
|upkeep
|
|t:|1758968185
|switch|p2a: Kyurem|Kyurem|100/100
|-ability|p2a: Kyurem|Pressure
|turn|12
|
|t:|1758968192
|-terastallize|p1a: Venusaur|Fire
|-terastallize|p2a: Kyurem|Fire
|move|p1a: Venusaur|Weather Ball|p2a: Kyurem
|-resisted|p2a: Kyurem
|-damage|p2a: Kyurem|56/100
|-damage|p1a: Venusaur|68/100|[from] item: Life Orb
|move|p2a: Kyurem|Icicle Spear|p1a: Venusaur
|-resisted|p1a: Venusaur
|-damage|p1a: Venusaur|59/100
|-resisted|p1a: Venusaur
|-damage|p1a: Venusaur|50/100
|-resisted|p1a: Venusaur
|-damage|p1a: Venusaur|41/100
|-resisted|p1a: Venusaur
|-damage|p1a: Venusaur|32/100
|-resisted|p1a: Venusaur
|-damage|p1a: Venusaur|24/100
|-hitcount|p1a: Venusaur|5
|
|-weather|SunnyDay|[upkeep]
|upkeep
|turn|13
|
|t:|1758968209
|move|p1a: Venusaur|Sludge Bomb|p2a: Kyurem
|-damage|p2a: Kyurem|6/100
|-damage|p1a: Venusaur|14/100|[from] item: Life Orb
|move|p2a: Kyurem|Scale Shot|p1a: Venusaur
|-damage|p1a: Venusaur|0 fnt
|faint|p1a: Venusaur
|-hitcount|p1: Venusaur|1
|-unboost|p2a: Kyurem|def|1
|-boost|p2a: Kyurem|spe|1
|
|-weather|SunnyDay|[upkeep]
|-fieldend|move: Psychic Terrain
|upkeep
|
|t:|1758968216
|switch|p1a: Great Tusk|Great Tusk|98/100
|-damage|p1a: Great Tusk|95/100|[from] Stealth Rock
|-activate|p1a: Great Tusk|ability: Protosynthesis
|-start|p1a: Great Tusk|protosynthesisatk
|turn|14
|
|t:|1758968219
|move|p2a: Kyurem|Icicle Spear|p1a: Great Tusk
|-supereffective|p1a: Great Tusk
|-damage|p1a: Great Tusk|75/100
|-supereffective|p1a: Great Tusk
|-damage|p1a: Great Tusk|54/100
|-supereffective|p1a: Great Tusk
|-damage|p1a: Great Tusk|35/100
|-supereffective|p1a: Great Tusk
|-damage|p1a: Great Tusk|14/100
|-supereffective|p1a: Great Tusk
|-damage|p1a: Great Tusk|0 fnt
|faint|p1a: Great Tusk
|-end|p1a: Great Tusk|Protosynthesis|[silent]
|-hitcount|p1: Great Tusk|5
|
|-weather|SunnyDay|[upkeep]
|upkeep
|
|t:|1758968230
|switch|p1a: Hatterene|Hatterene, F, shiny|69/100
|-damage|p1a: Hatterene|57/100|[from] Stealth Rock
|turn|15
|
|t:|1758968232
|move|p2a: Kyurem|Icicle Spear|p1a: Hatterene
|-damage|p1a: Hatterene|41/100
|-damage|p1a: Hatterene|26/100
|-damage|p1a: Hatterene|10/100
|-damage|p1a: Hatterene|0 fnt
|faint|p1a: Hatterene
|-hitcount|p1: Hatterene|4
|
|win|aquagoboom
|raw|szjtxdy's rating: 1600 &rarr; <strong>1578</strong><br />(-22 for losing)
|raw|aquagoboom's rating: 1557 &rarr; <strong>1579</strong><br />(+22 for winning)
|l|☆szjtxdy
|player|p1|
|c|☆aquagoboom|gg
|l|☆aquagoboom
|player|p2|
