|j|☆fuhfyjddhh
|j|☆fregene97
|t:|1758917467
|gametype|singles
|player|p1|fuhfyjddhh|schoolkid-gen4|1458
|player|p2|fregene97|pokemonranger|1423
|gen|9
|tier|[Gen 9] OU
|rated|
|rule|HP Percentage Mod: HP is shown in percentages
|rule|Endless Battle Clause: Forcing endless battles is banned
|rule|Species Clause: Limit one of each Pokémon
|rule|OHKO Clause: OHKO moves are banned
|rule|Evasion Items Clause: Evasion items are banned
|rule|Evasion Moves Clause: Evasion moves are banned
|rule|Evasion Abilities Clause: Evasion abilities are banned
|rule|Sleep Moves Clause: Sleep-inducing moves are banned
|clearpoke
|poke|p1|Kyurem|
|poke|p1|Enamorus, F|
|poke|p1|Ogerpon-Wellspring, F|
|poke|p1|Glimmora, M|
|poke|p1|Great Tusk|
|poke|p1|Kingambit, M|
|poke|p2|Ceruledge, F|
|poke|p2|Scizor, M|
|poke|p2|Polteageist|
|poke|p2|Zapdos|
|poke|p2|Dragonite, F|
|poke|p2|Great Tusk|
|teampreview
|
|t:|1758917474
|teamsize|p1|6
|teamsize|p2|6
|start
|switch|p1a: Ogerpon|Ogerpon-Wellspring, F|100/100
|switch|p2a: Polteageist|Polteageist|100/100
|turn|1
|inactive|Battle timer is ON: inactive players will automatically lose when time's up. (requested by fregene97)
|
|t:|1758917478
|move|p1a: Ogerpon|Knock Off|p2a: Polteageist
|-supereffective|p2a: Polteageist
|-enditem|p2a: Polteageist|Focus Sash
|-damage|p2a: Polteageist|1/100
|-ability|p2a: Polteageist|Weak Armor|boost
|-unboost|p2a: Polteageist|def|1
|-boost|p2a: Polteageist|spe|2
|move|p2a: Polteageist|Shell Smash|p2a: Polteageist
|-unboost|p2a: Polteageist|def|1
|-unboost|p2a: Polteageist|spd|1
|-boost|p2a: Polteageist|atk|2
|-boost|p2a: Polteageist|spa|2
|-boost|p2a: Polteageist|spe|2
|
|upkeep
|turn|2
|
|t:|1758917495
|switch|p1a: Kingambit|Kingambit, M, shiny|100/100
|move|p2a: Polteageist|Stored Power|p1a: Kingambit
|-immune|p1a: Kingambit
|
|upkeep
|turn|3
|
|t:|1758917501
|-terastallize|p2a: Polteageist|Fighting
|move|p1a: Kingambit|Sucker Punch|p2a: Polteageist
|-resisted|p2a: Polteageist
|-damage|p2a: Polteageist|0 fnt
|faint|p2a: Polteageist
|
|upkeep
|
|t:|1758917507
|switch|p2a: Ceruledge|Ceruledge, F|100/100
|turn|4
|
|t:|1758917510
|-end|p1a: Kingambit|fallenundefined|[silent]
|switch|p1a: Glimmora|Glimmora, M|100/100
|move|p2a: Ceruledge|Bitter Blade|p1a: Glimmora
|-resisted|p1a: Glimmora
|-damage|p1a: Glimmora|78/100
|-activate|p1a: Glimmora|ability: Toxic Debris
|-sidestart|p2: fregene97|move: Toxic Spikes
|-enditem|p1a: Glimmora|Red Card|[of] p2a: Ceruledge
|drag|p2a: Great Tusk|Great Tusk|100/100
|
|upkeep
|turn|5
|
|t:|1758917514
|move|p2a: Great Tusk|Rapid Spin|p1a: Glimmora
|-resisted|p1a: Glimmora
|-damage|p1a: Glimmora|70/100
|-boost|p2a: Great Tusk|spe|1
|-activate|p1a: Glimmora|ability: Toxic Debris
|-sidestart|p2: fregene97|move: Toxic Spikes
|-sideend|p2: fregene97|Toxic Spikes|[from] move: Rapid Spin|[of] p2a: Great Tusk
|move|p1a: Glimmora|Stealth Rock|p2a: Great Tusk
|-sidestart|p2: fregene97|move: Stealth Rock
|
|upkeep
|turn|6
|
|t:|1758917519
|-terastallize|p1a: Glimmora|Ghost
|move|p2a: Great Tusk|Headlong Rush|p1a: Glimmora
|-damage|p1a: Glimmora|4/100
|-unboost|p2a: Great Tusk|def|1
|-unboost|p2a: Great Tusk|spd|1
|-activate|p1a: Glimmora|ability: Toxic Debris
|-sidestart|p2: fregene97|move: Toxic Spikes
|move|p1a: Glimmora|Earth Power|p2a: Great Tusk
|-damage|p2a: Great Tusk|36/100
|
|upkeep
|turn|7
|
|t:|1758917526
|move|p2a: Great Tusk|Ice Spinner|p1a: Glimmora
|-damage|p1a: Glimmora|0 fnt
|-activate|p1a: Glimmora|ability: Toxic Debris
|-sidestart|p2: fregene97|move: Toxic Spikes
|faint|p1a: Glimmora
|
|upkeep
|
|t:|1758917529
|switch|p1a: Enamorus|Enamorus, F|100/100
|turn|8
|
|t:|1758917534
|move|p1a: Enamorus|Earth Power|p2a: Great Tusk
|-damage|p2a: Great Tusk|0 fnt
|faint|p2a: Great Tusk
|-end|p2a: Great Tusk|Protosynthesis|[silent]
|
|upkeep
|l|☆fregene97
|inactive|fregene97 disconnected and has a minute to reconnect!
|player|p2|
|j|☆fregene97
|inactive|fregene97 reconnected and has 125 seconds left.
|player|p2|fregene97|pokemonranger|
|inactive|fregene97 has 120 seconds left.
|
|t:|1758917586
|switch|p2a: Scizor|Scizor, M|100/100
|-damage|p2a: Scizor|88/100|[from] Stealth Rock
|turn|9
|
|t:|1758917598
|switch|p1a: Ogerpon|Ogerpon-Wellspring, F|100/100
|move|p2a: Scizor|Close Combat|p1a: Ogerpon
|-damage|p1a: Ogerpon|16/100
|-unboost|p2a: Scizor|def|1
|-unboost|p2a: Scizor|spd|1
|
|upkeep
|turn|10
|
|t:|1758917604
|switch|p2a: Dragonite|Dragonite, F|100/100
|-damage|p2a: Dragonite|76/100|[from] Stealth Rock
|move|p1a: Ogerpon|Ivy Cudgel|p2a: Dragonite|[anim] Ivy Cudgel Water
|-resisted|p2a: Dragonite
|-damage|p2a: Dragonite|46/100
|
|upkeep
|turn|11
|
|t:|1758917608
|move|p1a: Ogerpon|Ivy Cudgel|p2a: Dragonite|[anim] Ivy Cudgel Water
|-resisted|p2a: Dragonite
|-damage|p2a: Dragonite|14/100
|move|p2a: Dragonite|Scale Shot|p1a: Ogerpon
|-damage|p1a: Ogerpon|0 fnt
|faint|p1a: Ogerpon
|-hitcount|p1: Ogerpon|1
|-unboost|p2a: Dragonite|def|1
|-boost|p2a: Dragonite|spe|1
|
|upkeep
|
|t:|1758917613
|switch|p1a: Enamorus|Enamorus, F|100/100
|turn|12
|
|t:|1758917616
|move|p1a: Enamorus|Moonblast|p2a: Dragonite
|-supereffective|p2a: Dragonite
|-damage|p2a: Dragonite|0 fnt
|faint|p2a: Dragonite
|
|upkeep
|
|t:|1758917619
|switch|p2a: Zapdos|Zapdos|100/100
|turn|13
|
|t:|1758917627
|move|p1a: Enamorus|Moonblast|p2a: Zapdos
|-damage|p2a: Zapdos|36/100
|-unboost|p2a: Zapdos|spa|1
|move|p2a: Zapdos|Volt Switch|p1a: Enamorus
|-supereffective|p1a: Enamorus
|-damage|p1a: Enamorus|35/100
|l|☆fregene97
|inactive|fregene97 disconnected and has a minute to reconnect!
|player|p2|
|j|☆fregene97
|inactive|fregene97 reconnected and has 130 seconds left.
|player|p2|fregene97|pokemonranger|
|
|t:|1758917653
|switch|p2a: Scizor|Scizor, M|88/100|[from] Volt Switch
|-damage|p2a: Scizor|76/100|[from] Stealth Rock
|
|upkeep
|turn|14
|
|t:|1758917677
|move|p2a: Scizor|Bullet Punch|p1a: Enamorus
|-supereffective|p1a: Enamorus
|-crit|p1a: Enamorus
|-damage|p1a: Enamorus|0 fnt
|faint|p1a: Enamorus
|
|upkeep
|
|t:|1758917680
|switch|p1a: Great Tusk|Great Tusk|100/100
|-enditem|p1a: Great Tusk|Booster Energy
|-activate|p1a: Great Tusk|ability: Protosynthesis|[fromitem]
|-start|p1a: Great Tusk|protosynthesisspe
|turn|15
|
|t:|1758917684
|switch|p2a: Zapdos|Zapdos|36/100
|move|p1a: Great Tusk|Bulk Up|p1a: Great Tusk
|-boost|p1a: Great Tusk|atk|1
|-boost|p1a: Great Tusk|def|1
|
|upkeep
|turn|16
|
|t:|1758917689
|move|p1a: Great Tusk|Stone Edge|p2a: Zapdos|[miss]
|-miss|p1a: Great Tusk|p2a: Zapdos
|move|p2a: Zapdos|Hurricane|p1a: Great Tusk
|-supereffective|p1a: Great Tusk
|-crit|p1a: Great Tusk
|-damage|p1a: Great Tusk|0 fnt
|faint|p1a: Great Tusk
|-end|p1a: Great Tusk|Protosynthesis|[silent]
|
|upkeep
|
|t:|1758917694
|switch|p1a: Kyurem|Kyurem, shiny|100/100
|-ability|p1a: Kyurem|Pressure
|turn|17
|
|t:|1758917698
|move|p2a: Zapdos|Hurricane|p1a: Kyurem|[miss]
|-miss|p2a: Zapdos|p1a: Kyurem
|move|p1a: Kyurem|Icicle Spear|p2a: Zapdos
|-supereffective|p2a: Zapdos
|-damage|p2a: Zapdos|8/100
|-supereffective|p2a: Zapdos
|-damage|p2a: Zapdos|0 fnt
|faint|p2a: Zapdos
|-hitcount|p2: Zapdos|2
|
|upkeep
|
|t:|1758917704
|switch|p2a: Scizor|Scizor, M|76/100
|-damage|p2a: Scizor|64/100|[from] Stealth Rock
|turn|18
|
|t:|1758917710
|move|p1a: Kyurem|Earth Power|p2a: Scizor
|-damage|p2a: Scizor|24/100
|move|p2a: Scizor|Close Combat|p1a: Kyurem
|-supereffective|p1a: Kyurem
|-damage|p1a: Kyurem|0 fnt
|-unboost|p2a: Scizor|def|1
|-unboost|p2a: Scizor|spd|1
|faint|p1a: Kyurem
|
|upkeep
|
|t:|1758917713
|switch|p1a: Kingambit|Kingambit, M, shiny|100/100
|-activate|p1a: Kingambit|ability: Supreme Overlord
|-start|p1a: Kingambit|fallen5|[silent]
|turn|19
|
|t:|1758917716
|move|p1a: Kingambit|Sucker Punch|p2a: Scizor
|-damage|p2a: Scizor|0 fnt
|faint|p2a: Scizor
|
|upkeep
|
|t:|1758917718
|switch|p2a: Ceruledge|Ceruledge, F|100/100
|-damage|p2a: Ceruledge|76/100|[from] Stealth Rock
|-status|p2a: Ceruledge|tox
|turn|20
|
|t:|1758917722
|move|p1a: Kingambit|Sucker Punch|p2a: Ceruledge
|-supereffective|p2a: Ceruledge
|-damage|p2a: Ceruledge|0 fnt
|faint|p2a: Ceruledge
|
|win|fuhfyjddhh
|raw|fuhfyjddhh's rating: 1458 &rarr; <strong>1476</strong><br />(+18 for winning)
|raw|fregene97's rating: 1423 &rarr; <strong>1405</strong><br />(-18 for losing)
