|j|☆golisopod enjoyer
|j|☆4DEF+4SPD=GG
|t:|1758936282
|gametype|singles
|player|p1|golisopod enjoyer|170|1585
|player|p2|4DEF+4SPD=GG|preschooler|1569
|gen|9
|tier|[Gen 9] OU
|rated|
|rule|HP Percentage Mod: HP is shown in percentages
|rule|Endless Battle Clause: Forcing endless battles is banned
|rule|Species Clause: Limit one of each Pokémon
|rule|OHKO Clause: OHKO moves are banned
|rule|Evasion Items Clause: Evasion items are banned
|rule|Evasion Moves Clause: Evasion moves are banned
|rule|Evasion Abilities Clause: Evasion abilities are banned
|rule|Sleep Moves Clause: Sleep-inducing moves are banned
|clearpoke
|poke|p1|Ting-Lu|
|poke|p1|Tornadus-Therian, M|
|poke|p1|Sinistcha|
|poke|p1|Garganacl, M|
|poke|p1|Great Tusk|
|poke|p1|Iron Crown|
|poke|p2|Tyranitar, M|
|poke|p2|Excadrill, M|
|poke|p2|Corviknight, M|
|poke|p2|Glimmora, M|
|poke|p2|Hippowdon, M|
|poke|p2|Scizor, M|
|teampreview
|inactive|Battle timer is ON: inactive players will automatically lose when time's up. (requested by 4DEF+4SPD=GG)
|
|t:|1758936289
|teamsize|p1|6
|teamsize|p2|6
|start
|switch|p1a: Great Tusk|Great Tusk|100/100
|switch|p2a: Scizor|Scizor, M|100/100
|turn|1
|
|t:|1758936293
|switch|p2a: Corviknight|Corviknight, M|100/100
|move|p1a: Great Tusk|Knock Off|p2a: Corviknight
|-crit|p2a: Corviknight
|-damage|p2a: Corviknight|74/100
|-damage|p1a: Great Tusk|84/100|[from] item: Rocky Helmet|[of] p2a: Corviknight
|-enditem|p2a: Corviknight|Rocky Helmet|[from] move: Knock Off|[of] p1a: Great Tusk
|
|upkeep
|turn|2
|
|t:|1758936302
|move|p1a: Great Tusk|Close Combat|p2a: Corviknight
|-damage|p2a: Corviknight|37/100
|-unboost|p1a: Great Tusk|def|1
|-unboost|p1a: Great Tusk|spd|1
|move|p2a: Corviknight|Brave Bird|p1a: Great Tusk
|-supereffective|p1a: Great Tusk
|-damage|p1a: Great Tusk|15/100
|-damage|p2a: Corviknight|14/100|[from] Recoil
|
|upkeep
|turn|3
|
|t:|1758936312
|move|p1a: Great Tusk|Close Combat|p2a: Corviknight
|-damage|p2a: Corviknight|0 fnt
|-unboost|p1a: Great Tusk|def|1
|-unboost|p1a: Great Tusk|spd|1
|faint|p2a: Corviknight
|
|upkeep
|
|t:|1758936315
|switch|p2a: Scizor|Scizor, M|100/100
|turn|4
|
|t:|1758936319
|-end|p1a: Great Tusk|Protosynthesis|[silent]
|switch|p1a: Sinistcha|Sinistcha|100/100
|move|p2a: Scizor|Bullet Punch|p1a: Sinistcha
|-damage|p1a: Sinistcha|64/100
|
|upkeep
|turn|5
|
|t:|1758936323
|switch|p2a: Glimmora|Glimmora, M|100/100
|move|p1a: Sinistcha|Matcha Gotcha|p2a: Glimmora
|-damage|p2a: Glimmora|54/100
|-heal|p1a: Sinistcha|85/100|[from] drain|[of] p2a: Glimmora
|
|upkeep
|turn|6
|
|t:|1758936339
|switch|p1a: Iron Crown|Iron Crown|100/100
|-enditem|p1a: Iron Crown|Booster Energy
|-activate|p1a: Iron Crown|ability: Quark Drive|[fromitem]
|-start|p1a: Iron Crown|quarkdrivespe
|move|p2a: Glimmora|Sludge Wave|p1a: Iron Crown
|-immune|p1a: Iron Crown
|
|upkeep
|turn|7
|
|t:|1758936346
|switch|p2a: Scizor|Scizor, M|100/100
|move|p1a: Iron Crown|Calm Mind|p1a: Iron Crown
|-boost|p1a: Iron Crown|spa|1
|-boost|p1a: Iron Crown|spd|1
|
|upkeep
|turn|8
|
|t:|1758936352
|move|p1a: Iron Crown|Focus Blast|p2a: Scizor|[miss]
|-miss|p1a: Iron Crown|p2a: Scizor
|move|p2a: Scizor|Knock Off|p1a: Iron Crown
|-supereffective|p1a: Iron Crown
|-damage|p1a: Iron Crown|26/100
|
|upkeep
|turn|9
|
|t:|1758936358
|move|p1a: Iron Crown|Focus Blast|p2a: Scizor|[miss]
|-miss|p1a: Iron Crown|p2a: Scizor
|move|p2a: Scizor|Knock Off|p1a: Iron Crown
|-supereffective|p1a: Iron Crown
|-damage|p1a: Iron Crown|0 fnt
|faint|p1a: Iron Crown
|-end|p1a: Iron Crown|Quark Drive|[silent]
|
|upkeep
|
|t:|1758936365
|switch|p1a: Tornadus|Tornadus-Therian, M|100/100
|turn|10
|
|t:|1758936367
|switch|p2a: Tyranitar|Tyranitar, M|100/100
|-weather|Sandstorm|[from] ability: Sand Stream|[of] p2a: Tyranitar
|move|p1a: Tornadus|Knock Off|p2a: Tyranitar
|-resisted|p2a: Tyranitar
|-damage|p2a: Tyranitar|95/100
|-enditem|p2a: Tyranitar|Smooth Rock|[from] move: Knock Off|[of] p1a: Tornadus
|
|-weather|Sandstorm|[upkeep]
|-damage|p1a: Tornadus|94/100|[from] Sandstorm
|upkeep
|turn|11
|
|t:|1758936376
|move|p1a: Tornadus|U-turn|p2a: Tyranitar
|-supereffective|p2a: Tyranitar
|-damage|p2a: Tyranitar|77/100
|
|t:|1758936380
|switch|p1a: Great Tusk|Great Tusk|15/100|[from] U-turn
|move|p2a: Tyranitar|Knock Off|p1a: Great Tusk
|-resisted|p1a: Great Tusk
|-damage|p1a: Great Tusk|2/100
|-enditem|p1a: Great Tusk|Heavy-Duty Boots|[from] move: Knock Off|[of] p2a: Tyranitar
|
|-weather|Sandstorm|[upkeep]
|upkeep
|turn|12
|
|t:|1758936387
|switch|p2a: Hippowdon|Hippowdon, M|100/100
|move|p1a: Great Tusk|Close Combat|p2a: Hippowdon
|-damage|p2a: Hippowdon|69/100
|-unboost|p1a: Great Tusk|def|1
|-unboost|p1a: Great Tusk|spd|1
|
|-weather|Sandstorm|[upkeep]
|upkeep
|turn|13
|
|t:|1758936392
|move|p1a: Great Tusk|Knock Off|p2a: Hippowdon
|-damage|p2a: Hippowdon|52/100
|-enditem|p2a: Hippowdon|Smooth Rock|[from] move: Knock Off|[of] p1a: Great Tusk
|move|p2a: Hippowdon|Stealth Rock|p1a: Great Tusk
|-sidestart|p1: golisopod enjoyer|move: Stealth Rock
|
|-weather|Sandstorm|[upkeep]
|upkeep
|turn|14
|
|t:|1758936395
|move|p1a: Great Tusk|Rapid Spin|p2a: Hippowdon
|-crit|p2a: Hippowdon
|-damage|p2a: Hippowdon|38/100
|-boost|p1a: Great Tusk|spe|1
|-sideend|p1: golisopod enjoyer|Stealth Rock|[from] move: Rapid Spin|[of] p1a: Great Tusk
|move|p2a: Hippowdon|Slack Off|p2a: Hippowdon
|-heal|p2a: Hippowdon|88/100
|
|-weather|Sandstorm|[upkeep]
|upkeep
|turn|15
|
|t:|1758936399
|move|p1a: Great Tusk|Headlong Rush|p2a: Hippowdon
|-damage|p2a: Hippowdon|56/100
|-unboost|p1a: Great Tusk|def|1
|-unboost|p1a: Great Tusk|spd|1
|move|p2a: Hippowdon|Bulldoze|p1a: Great Tusk
|-damage|p1a: Great Tusk|0 fnt
|faint|p1a: Great Tusk
|-end|p1a: Great Tusk|Protosynthesis|[silent]
|
|-weather|Sandstorm|[upkeep]
|upkeep
|
|t:|1758936403
|switch|p1a: Sinistcha|Sinistcha|85/100
|turn|16
|
|t:|1758936407
|move|p1a: Sinistcha|Calm Mind|p1a: Sinistcha
|-boost|p1a: Sinistcha|spa|1
|-boost|p1a: Sinistcha|spd|1
|move|p2a: Hippowdon|Stealth Rock|p1a: Sinistcha
|-sidestart|p1: golisopod enjoyer|move: Stealth Rock
|
|-weather|Sandstorm|[upkeep]
|-damage|p1a: Sinistcha|79/100|[from] Sandstorm
|upkeep
|turn|17
|
|t:|1758936410
|switch|p2a: Glimmora|Glimmora, M|54/100
|move|p1a: Sinistcha|Matcha Gotcha|p2a: Glimmora
|-crit|p2a: Glimmora
|-damage|p2a: Glimmora|0 fnt
|-heal|p1a: Sinistcha|100/100|[from] drain|[of] p2a: Glimmora
|faint|p2a: Glimmora
|
|-weather|none
|upkeep
|
|t:|1758936416
|switch|p2a: Hippowdon|Hippowdon, M|56/100
|-weather|Sandstorm|[from] ability: Sand Stream|[of] p2a: Hippowdon
|turn|18
|
|t:|1758936417
|move|p1a: Sinistcha|Matcha Gotcha|p2a: Hippowdon
|-supereffective|p2a: Hippowdon
|-damage|p2a: Hippowdon|0 fnt
|faint|p2a: Hippowdon
|
|-weather|Sandstorm|[upkeep]
|-damage|p1a: Sinistcha|94/100|[from] Sandstorm
|upkeep
|
|t:|1758936424
|switch|p2a: Excadrill|Excadrill, M|100/100
|turn|19
|
|t:|1758936427
|move|p2a: Excadrill|Swords Dance|p2a: Excadrill
|-boost|p2a: Excadrill|atk|2
|move|p1a: Sinistcha|Matcha Gotcha|p2a: Excadrill
|-damage|p2a: Excadrill|34/100
|-heal|p1a: Sinistcha|100/100|[from] drain|[of] p2a: Excadrill
|-status|p2a: Excadrill|brn
|
|-weather|Sandstorm|[upkeep]
|-damage|p1a: Sinistcha|94/100|[from] Sandstorm
|-damage|p2a: Excadrill|28/100 brn|[from] brn
|upkeep
|turn|20
|
|t:|1758936429
|-terastallize|p2a: Excadrill|Steel
|move|p2a: Excadrill|Iron Head|p1a: Sinistcha
|-damage|p1a: Sinistcha|49/100
|cant|p1a: Sinistcha|flinch
|
|-weather|Sandstorm|[upkeep]
|-damage|p1a: Sinistcha|43/100|[from] Sandstorm
|-damage|p2a: Excadrill|22/100 brn|[from] brn
|upkeep
|turn|21
|
|t:|1758936438
|move|p2a: Excadrill|Iron Head|p1a: Sinistcha
|-damage|p1a: Sinistcha|0 fnt
|faint|p1a: Sinistcha
|
|-weather|Sandstorm|[upkeep]
|-damage|p2a: Excadrill|15/100 brn|[from] brn
|upkeep
|
|t:|1758936440
|switch|p1a: Ting-Lu|Ting-Lu|100/100
|-damage|p1a: Ting-Lu|94/100|[from] Stealth Rock
|-ability|p1a: Ting-Lu|Vessel of Ruin
|turn|22
|
|t:|1758936446
|move|p2a: Excadrill|Iron Head|p1a: Ting-Lu
|-damage|p1a: Ting-Lu|62/100
|move|p1a: Ting-Lu|Earthquake|p2a: Excadrill
|-supereffective|p2a: Excadrill
|-damage|p2a: Excadrill|0 fnt
|faint|p2a: Excadrill
|
|-weather|none
|upkeep
|
|t:|1758936448
|switch|p2a: Scizor|Scizor, M|100/100
|turn|23
|
|t:|1758936458
|switch|p1a: Garganacl|Garganacl, M|100/100
|-damage|p1a: Garganacl|88/100|[from] Stealth Rock
|move|p2a: Scizor|U-turn|p1a: Garganacl
|-damage|p1a: Garganacl|45/100
|
|t:|1758936461
|switch|p2a: Tyranitar|Tyranitar, M|77/100|[from] U-turn
|-weather|Sandstorm|[from] ability: Sand Stream|[of] p2a: Tyranitar
|
|-weather|Sandstorm|[upkeep]
|-heal|p1a: Garganacl|51/100|[from] item: Leftovers
|upkeep
|turn|24
|
|t:|1758936464
|move|p2a: Tyranitar|Knock Off|p1a: Garganacl
|-damage|p1a: Garganacl|23/100
|-enditem|p1a: Garganacl|Leftovers|[from] move: Knock Off|[of] p2a: Tyranitar
|move|p1a: Garganacl|Stealth Rock|p2a: Tyranitar
|-sidestart|p2: 4DEF+4SPD=GG|move: Stealth Rock
|
|-weather|Sandstorm|[upkeep]
|upkeep
|turn|25
|
|t:|1758936469
|switch|p2a: Scizor|Scizor, M|100/100
|-damage|p2a: Scizor|88/100|[from] Stealth Rock
|move|p1a: Garganacl|Salt Cure|p2a: Scizor
|-damage|p2a: Scizor|75/100
|-start|p2a: Scizor|Salt Cure
|
|-weather|Sandstorm|[upkeep]
|-damage|p2a: Scizor|50/100|[from] Salt Cure
|upkeep
|turn|26
|
|t:|1758936473
|move|p2a: Scizor|Close Combat|p1a: Garganacl
|-supereffective|p1a: Garganacl
|-damage|p1a: Garganacl|0 fnt
|-unboost|p2a: Scizor|def|1
|-unboost|p2a: Scizor|spd|1
|faint|p1a: Garganacl
|
|-weather|Sandstorm|[upkeep]
|-damage|p2a: Scizor|25/100|[from] Salt Cure
|upkeep
|
|t:|1758936475
|switch|p1a: Tornadus|Tornadus-Therian, M|100/100
|-damage|p1a: Tornadus|76/100|[from] Stealth Rock
|turn|27
|
|t:|1758936478
|switch|p2a: Tyranitar|Tyranitar, M|77/100
|-damage|p2a: Tyranitar|65/100|[from] Stealth Rock
|move|p1a: Tornadus|Heat Wave|p2a: Tyranitar
|-resisted|p2a: Tyranitar
|-damage|p2a: Tyranitar|56/100
|
|-weather|none
|upkeep
|turn|28
|
|t:|1758936481
|move|p1a: Tornadus|U-turn|p2a: Tyranitar
|-supereffective|p2a: Tyranitar
|-damage|p2a: Tyranitar|36/100
|
|t:|1758936483
|switch|p1a: Ting-Lu|Ting-Lu|62/100|[from] U-turn
|-damage|p1a: Ting-Lu|56/100|[from] Stealth Rock
|-ability|p1a: Ting-Lu|Vessel of Ruin
|move|p2a: Tyranitar|Knock Off|p1a: Ting-Lu
|-resisted|p1a: Ting-Lu
|-damage|p1a: Ting-Lu|45/100
|-enditem|p1a: Ting-Lu|Chesto Berry|[from] move: Knock Off|[of] p2a: Tyranitar
|
|upkeep
|turn|29
|
|t:|1758936489
|move|p2a: Tyranitar|Ice Beam|p1a: Ting-Lu
|-supereffective|p1a: Ting-Lu
|-damage|p1a: Ting-Lu|26/100
|move|p1a: Ting-Lu|Earthquake|p2a: Tyranitar
|-supereffective|p2a: Tyranitar
|-damage|p2a: Tyranitar|0 fnt
|faint|p2a: Tyranitar
|
|upkeep
|
|t:|1758936494
|switch|p2a: Scizor|Scizor, M|25/100
|-damage|p2a: Scizor|12/100|[from] Stealth Rock
|turn|30
|
|t:|1758936496
|move|p2a: Scizor|Bullet Punch|p1a: Ting-Lu
|-damage|p1a: Ting-Lu|0 fnt
|faint|p1a: Ting-Lu
|
|upkeep
|
|t:|1758936497
|switch|p1a: Tornadus|Tornadus-Therian, M|100/100
|-damage|p1a: Tornadus|76/100|[from] Stealth Rock
|turn|31
|
|t:|1758936500
|-terastallize|p1a: Tornadus|Fire
|move|p2a: Scizor|Bullet Punch|p1a: Tornadus
|-resisted|p1a: Tornadus
|-damage|p1a: Tornadus|43/100
|move|p1a: Tornadus|Knock Off|p2a: Scizor
|-damage|p2a: Scizor|0 fnt
|-enditem|p2a: Scizor|Choice Band|[from] move: Knock Off|[of] p1a: Tornadus
|faint|p2a: Scizor
|
|win|golisopod enjoyer
|raw|golisopod enjoyer's rating: 1585 &rarr; <strong>1604</strong><br />(+19 for winning)
|raw|4DEF+4SPD=GG's rating: 1569 &rarr; <strong>1550</strong><br />(-19 for losing)
