|j|☆pigcattef
|j|☆thraxxedout!
|t:|1758949141
|gametype|singles
|player|p1|pigcattef|102|1348
|player|p2|thraxxedout!|266|1393
|gen|9
|tier|[Gen 9] OU
|rated|
|rule|HP Percentage Mod: HP is shown in percentages
|rule|Endless Battle Clause: Forcing endless battles is banned
|rule|Species Clause: Limit one of each Pokémon
|rule|OHKO Clause: OHKO moves are banned
|rule|Evasion Items Clause: Evasion items are banned
|rule|Evasion Moves Clause: Evasion moves are banned
|rule|Evasion Abilities Clause: Evasion abilities are banned
|rule|Sleep Moves Clause: Sleep-inducing moves are banned
|clearpoke
|poke|p1|Garganacl, F|
|poke|p1|Cloyster, F|
|poke|p1|Polteageist|
|poke|p1|Weezing-Galar, F|
|poke|p1|Blaziken, F|
|poke|p1|Donphan, L1, M|
|poke|p2|Iron Crown|
|poke|p2|Landorus-Therian, M|
|poke|p2|Thundurus, M|
|poke|p2|Kingambit, F|
|poke|p2|Primarina, F|
|poke|p2|Zamazenta-*|
|teampreview
|inactive|Battle timer is ON: inactive players will automatically lose when time's up. (requested by thraxxedout!)
|
|t:|1758949173
|teamsize|p1|6
|teamsize|p2|6
|start
|switch|p1a: Cloyster|Cloyster, F, shiny|100/100
|switch|p2a: Siobhan 🪸|Primarina, F|100/100
|turn|1
|
|t:|1758949184
|move|p1a: Cloyster|Shell Smash|p1a: Cloyster
|-unboost|p1a: Cloyster|def|1
|-unboost|p1a: Cloyster|spd|1
|-boost|p1a: Cloyster|atk|2
|-boost|p1a: Cloyster|spa|2
|-boost|p1a: Cloyster|spe|2
|move|p2a: Siobhan 🪸|Substitute|p2a: Siobhan 🪸
|-start|p2a: Siobhan 🪸|Substitute
|-damage|p2a: Siobhan 🪸|76/100
|
|-heal|p2a: Siobhan 🪸|82/100|[from] item: Leftovers
|upkeep
|turn|2
|
|t:|1758949192
|move|p1a: Cloyster|Rock Blast|p2a: Siobhan 🪸
|-activate|p2a: Siobhan 🪸|move: Substitute|[damage]
|-end|p2a: Siobhan 🪸|Substitute
|-damage|p2a: Siobhan 🪸|63/100
|-damage|p2a: Siobhan 🪸|47/100
|-damage|p2a: Siobhan 🪸|30/100
|-hitcount|p2a: Siobhan 🪸|5
|move|p2a: Siobhan 🪸|Moonblast|p1a: Cloyster
|-enditem|p1a: Cloyster|Focus Sash
|-damage|p1a: Cloyster|1/100
|
|-heal|p2a: Siobhan 🪸|36/100|[from] item: Leftovers
|upkeep
|turn|3
|
|t:|1758949205
|move|p1a: Cloyster|Icicle Spear|p2a: Siobhan 🪸
|-resisted|p2a: Siobhan 🪸
|-damage|p2a: Siobhan 🪸|22/100
|-resisted|p2a: Siobhan 🪸
|-damage|p2a: Siobhan 🪸|9/100
|-resisted|p2a: Siobhan 🪸
|-damage|p2a: Siobhan 🪸|0 fnt
|faint|p2a: Siobhan 🪸
|-hitcount|p2: Siobhan 🪸|3
|
|upkeep
|
|t:|1758949209
|switch|p2a: Twilight ⚔️|Kingambit, F, shiny|100/100
|-activate|p2a: Twilight ⚔️|ability: Supreme Overlord
|-start|p2a: Twilight ⚔️|fallen1|[silent]
|turn|4
|
|t:|1758949211
|move|p2a: Twilight ⚔️|Sucker Punch||[still]
|-fail|p2a: Twilight ⚔️
|move|p1a: Cloyster|Shell Smash|p1a: Cloyster
|-unboost|p1a: Cloyster|def|1
|-unboost|p1a: Cloyster|spd|1
|-boost|p1a: Cloyster|atk|2
|-boost|p1a: Cloyster|spa|2
|-boost|p1a: Cloyster|spe|2
|
|upkeep
|turn|5
|
|t:|1758949217
|move|p2a: Twilight ⚔️|Sucker Punch||[still]
|-fail|p2a: Twilight ⚔️
|move|p1a: Cloyster|Shell Smash|p1a: Cloyster
|-unboost|p1a: Cloyster|def|1
|-unboost|p1a: Cloyster|spd|1
|-boost|p1a: Cloyster|atk|2
|-boost|p1a: Cloyster|spa|2
|-boost|p1a: Cloyster|spe|2
|
|upkeep
|turn|6
|
|t:|1758949224
|move|p2a: Twilight ⚔️|Sucker Punch||[still]
|-fail|p2a: Twilight ⚔️
|move|p1a: Cloyster|Shell Smash|p1a: Cloyster
|-unboost|p1a: Cloyster|def|1
|-unboost|p1a: Cloyster|spd|1
|-boost|p1a: Cloyster|atk|0
|-boost|p1a: Cloyster|spa|0
|-boost|p1a: Cloyster|spe|0
|
|upkeep
|turn|7
|
|t:|1758949233
|move|p1a: Cloyster|Shell Smash|p1a: Cloyster
|-unboost|p1a: Cloyster|def|1
|-unboost|p1a: Cloyster|spd|1
|-boost|p1a: Cloyster|atk|0
|-boost|p1a: Cloyster|spa|0
|-boost|p1a: Cloyster|spe|0
|move|p2a: Twilight ⚔️|Kowtow Cleave|p1a: Cloyster
|-damage|p1a: Cloyster|0 fnt
|faint|p1a: Cloyster
|
|upkeep
|
|t:|1758949237
|switch|p1a: Donphan|Donphan, L1, M, shiny|100/100
|turn|8
|
|t:|1758949258
|move|p2a: Twilight ⚔️|Kowtow Cleave|p1a: Donphan
|-ability|p1a: Donphan|Sturdy
|-damage|p1a: Donphan|8/100
|move|p1a: Donphan|Endeavor|p2a: Twilight ⚔️
|-damage|p2a: Twilight ⚔️|1/100
|-heal|p1a: Donphan|100/100|[from] item: Shell Bell|[of] p2a: Twilight ⚔️
|
|upkeep
|turn|9
|
|t:|1758949264
|-end|p2a: Twilight ⚔️|fallen1|[silent]
|switch|p2a: Jettas 🛩️|Landorus-Therian, M, shiny|100/100
|-ability|p2a: Jettas 🛩️|Intimidate|boost
|-unboost|p1a: Donphan|atk|1
|move|p1a: Donphan|Ice Shard|p2a: Jettas 🛩️
|-supereffective|p2a: Jettas 🛩️
|-damage|p2a: Jettas 🛩️|99/100
|
|upkeep
|turn|10
|
|t:|1758949277
|move|p2a: Jettas 🛩️|Taunt|p1a: Donphan
|-start|p1a: Donphan|move: Taunt
|move|p1a: Donphan|Endeavor|p2a: Jettas 🛩️
|-damage|p2a: Jettas 🛩️|4/100
|-damage|p1a: Donphan|85/100|[from] item: Rocky Helmet|[of] p2a: Jettas 🛩️
|-heal|p1a: Donphan|100/100|[from] item: Shell Bell|[of] p2a: Jettas 🛩️
|
|upkeep
|turn|11
|
|t:|1758949299
|move|p2a: Jettas 🛩️|Stealth Rock|p1a: Donphan
|-sidestart|p1: pigcattef|move: Stealth Rock
|move|p1a: Donphan|Endeavor|p2a: Jettas 🛩️
|-immune|p2a: Jettas 🛩️
|
|upkeep
|turn|12
|
|t:|1758949316
|move|p2a: Jettas 🛩️|Earthquake|p1a: Donphan
|-ability|p1a: Donphan|Sturdy
|-damage|p1a: Donphan|8/100
|move|p1a: Donphan|Knock Off|p2a: Jettas 🛩️
|-damage|p2a: Jettas 🛩️|4/100
|-damage|p1a: Donphan|0 fnt|[from] item: Rocky Helmet|[of] p2a: Jettas 🛩️
|faint|p1a: Donphan
|
|upkeep
|
|t:|1758949330
|switch|p1a: Garganacl|Garganacl, F, shiny|100/100
|-damage|p1a: Garganacl|88/100|[from] Stealth Rock
|turn|13
|l|☆thraxxedout!
|inactive|thraxxedout! disconnected and has a minute to reconnect!
|player|p2|
|inactive|thraxxedout! has 30 seconds to reconnect!
|j|☆thraxxedout!
|inactive|thraxxedout! reconnected and has 90 seconds left.
|player|p2|thraxxedout!|266|
|
|t:|1758949406
|move|p2a: Jettas 🛩️|Taunt|p1a: Garganacl
|-start|p1a: Garganacl|move: Taunt
|move|p1a: Garganacl|Salt Cure|p2a: Jettas 🛩️
|-damage|p2a: Jettas 🛩️|0 fnt
|faint|p2a: Jettas 🛩️
|
|-heal|p1a: Garganacl|94/100|[from] item: Leftovers
|upkeep
|inactive|thraxxedout! has 60 seconds left.
|
|t:|1758949419
|switch|p2a: Aegon 👑|Iron Crown|100/100
|turn|14
|
|t:|1758949434
|-terastallize|p1a: Garganacl|Steel
|move|p2a: Aegon 👑|Future Sight|p1a: Garganacl
|-start|p2a: Aegon 👑|move: Future Sight
|move|p1a: Garganacl|Salt Cure|p2a: Aegon 👑
|-resisted|p2a: Aegon 👑
|-damage|p2a: Aegon 👑|93/100
|-start|p2a: Aegon 👑|Salt Cure
|
|-heal|p1a: Garganacl|100/100|[from] item: Leftovers
|-damage|p2a: Aegon 👑|68/100|[from] Salt Cure
|upkeep
|turn|15
|
|t:|1758949440
|move|p2a: Aegon 👑|Focus Blast|p1a: Garganacl|[miss]
|-miss|p2a: Aegon 👑|p1a: Garganacl
|move|p1a: Garganacl|Salt Cure|p2a: Aegon 👑
|-resisted|p2a: Aegon 👑
|-damage|p2a: Aegon 👑|62/100
|
|-damage|p2a: Aegon 👑|37/100|[from] Salt Cure
|-end|p1a: Garganacl|move: Taunt
|upkeep
|turn|16
|
|t:|1758949446
|move|p2a: Aegon 👑|Volt Switch|p1a: Garganacl
|-damage|p1a: Garganacl|86/100
|
|t:|1758949452
|-end|p2a: Aegon 👑|Quark Drive|[silent]
|switch|p2a: Twilight ⚔️|Kingambit, F, shiny|1/100|[from] Volt Switch
|-activate|p2a: Twilight ⚔️|ability: Supreme Overlord
|-start|p2a: Twilight ⚔️|fallen2|[silent]
|move|p1a: Garganacl|Recover|p1a: Garganacl
|-heal|p1a: Garganacl|100/100
|
|-end|p1a: Garganacl|move: Future Sight
|-resisted|p1a: Garganacl
|-damage|p1a: Garganacl|82/100
|-heal|p1a: Garganacl|88/100|[from] item: Leftovers
|upkeep
|turn|17
|
|t:|1758949466
|move|p2a: Twilight ⚔️|Kowtow Cleave|p1a: Garganacl
|-damage|p1a: Garganacl|37/100
|move|p1a: Garganacl|Salt Cure|p2a: Twilight ⚔️
|-resisted|p2a: Twilight ⚔️
|-damage|p2a: Twilight ⚔️|0 fnt
|faint|p2a: Twilight ⚔️
|-end|p2a: Twilight ⚔️|fallen2|[silent]
|
|-heal|p1a: Garganacl|44/100|[from] item: Leftovers
|upkeep
|
|t:|1758949475
|switch|p2a: Aegon 👑|Iron Crown|37/100
|turn|18
|
|t:|1758949486
|move|p2a: Aegon 👑|Focus Blast|p1a: Garganacl
|-supereffective|p1a: Garganacl
|-damage|p1a: Garganacl|0 fnt
|faint|p1a: Garganacl
|
|upkeep
|
|t:|1758949493
|switch|p1a: Blaziken|Blaziken, F, shiny|100/100
|-damage|p1a: Blaziken|88/100|[from] Stealth Rock
|turn|19
|
|t:|1758949503
|move|p2a: Aegon 👑|Volt Switch|p1a: Blaziken
|-damage|p1a: Blaziken|52/100
|
|t:|1758949506
|-end|p2a: Aegon 👑|Quark Drive|[silent]
|switch|p2a: Koromaru 🦴|Zamazenta, shiny|100/100|[from] Volt Switch
|-ability|p2a: Koromaru 🦴|Dauntless Shield|boost
|-boost|p2a: Koromaru 🦴|def|1
|move|p1a: Blaziken|Swords Dance|p1a: Blaziken
|-boost|p1a: Blaziken|atk|2
|
|-ability|p1a: Blaziken|Speed Boost|boost
|-boost|p1a: Blaziken|spe|1
|upkeep
|turn|20
|l|☆thraxxedout!
|inactive|thraxxedout! disconnected and has a minute to reconnect!
|player|p2|
|inactive|thraxxedout! has 30 seconds to reconnect!
|inactive|thraxxedout! has 20 seconds to reconnect!
|inactive|thraxxedout! has 15 seconds to reconnect!
|inactive|thraxxedout! has 10 seconds to reconnect!
|inactive|thraxxedout! has 5 seconds to reconnect!
|-message|thraxxedout! lost due to inactivity.
|
|win|pigcattef
|raw|pigcattef's rating: 1348 &rarr; <strong>1371</strong><br />(+23 for winning)
|raw|thraxxedout!'s rating: 1393 &rarr; <strong>1370</strong><br />(-23 for losing)
|l|☆pigcattef
|player|p1|
