|j|☆zachimations
|j|☆thepetrey
|t:|1758936437
|gametype|singles
|player|p1|zachimations|sordward|1472
|player|p2|thepetrey|170|1411
|gen|9
|tier|[Gen 9] OU
|rated|
|rule|HP Percentage Mod: HP is shown in percentages
|rule|Endless Battle Clause: Forcing endless battles is banned
|rule|Species Clause: Limit one of each Pokémon
|rule|OHKO Clause: OHKO moves are banned
|rule|Evasion Items Clause: Evasion items are banned
|rule|Evasion Moves Clause: Evasion moves are banned
|rule|Evasion Abilities Clause: Evasion abilities are banned
|rule|Sleep Moves Clause: Sleep-inducing moves are banned
|clearpoke
|poke|p1|Darkrai|
|poke|p1|Dragapult, M|
|poke|p1|Samurott-Hisui, M|
|poke|p1|Kingambit, M|
|poke|p1|Slowking-Galar, M|
|poke|p1|Landorus-Therian, M|
|poke|p2|Dragonite, F|
|poke|p2|Scizor, F|
|poke|p2|Ogerpon-Wellspring, F|
|poke|p2|Iron Treads|
|poke|p2|Iron Valiant|
|poke|p2|Pecharunt|
|teampreview
|inactive|Battle timer is ON: inactive players will automatically lose when time's up. (requested by zachimations)
|
|t:|1758936456
|teamsize|p1|6
|teamsize|p2|6
|start
|switch|p1a: Imagine Dragon|Dragapult, M|100/100
|switch|p2a: Scizor|Scizor, F|100/100
|turn|1
|
|t:|1758936462
|move|p1a: Imagine Dragon|U-turn|p2a: Scizor
|-resisted|p2a: Scizor
|-damage|p2a: Scizor|91/100
|
|t:|1758936464
|switch|p1a: Pops|Landorus-Therian, M|100/100|[from] U-turn
|-ability|p1a: Pops|Intimidate|boost
|-unboost|p2a: Scizor|atk|1
|move|p2a: Scizor|Knock Off|p1a: Pops
|-damage|p1a: Pops|74/100
|-damage|p2a: Scizor|74/100|[from] item: Rocky Helmet|[of] p1a: Pops
|-enditem|p1a: Pops|Rocky Helmet|[from] move: Knock Off|[of] p2a: Scizor
|
|-heal|p2a: Scizor|80/100|[from] item: Leftovers
|upkeep
|turn|2
|
|t:|1758936473
|move|p1a: Pops|Stealth Rock|p2a: Scizor
|-sidestart|p2: thepetrey|move: Stealth Rock
|move|p2a: Scizor|U-turn|p1a: Pops
|-resisted|p1a: Pops
|-damage|p1a: Pops|61/100
|
|t:|1758936476
|switch|p2a: Iron Treads|Iron Treads|100/100|[from] U-turn
|-damage|p2a: Iron Treads|97/100|[from] Stealth Rock
|-item|p2a: Iron Treads|Air Balloon
|
|upkeep
|turn|3
|
|t:|1758936481
|switch|p1a: Imagine Dragon|Dragapult, M|100/100
|move|p2a: Iron Treads|Stealth Rock|p1a: Imagine Dragon
|-sidestart|p1: zachimations|move: Stealth Rock
|
|upkeep
|turn|4
|
|t:|1758936492
|move|p1a: Imagine Dragon|Will-O-Wisp|p2a: Iron Treads
|-status|p2a: Iron Treads|brn
|move|p2a: Iron Treads|Earth Power|p1a: Imagine Dragon
|-damage|p1a: Imagine Dragon|66/100
|
|-damage|p2a: Iron Treads|91/100 brn|[from] brn
|upkeep
|turn|5
|
|t:|1758936497
|move|p1a: Imagine Dragon|Hex|p2a: Iron Treads
|-damage|p2a: Iron Treads|48/100 brn
|-enditem|p2a: Iron Treads|Air Balloon
|move|p2a: Iron Treads|Earth Power|p1a: Imagine Dragon
|-damage|p1a: Imagine Dragon|32/100
|
|-damage|p2a: Iron Treads|42/100 brn|[from] brn
|upkeep
|turn|6
|
|t:|1758936506
|move|p1a: Imagine Dragon|Hex|p2a: Iron Treads
|-damage|p2a: Iron Treads|0 fnt
|faint|p2a: Iron Treads
|-end|p2a: Iron Treads|Quark Drive|[silent]
|
|upkeep
|
|t:|1758936522
|switch|p2a: Scizor|Scizor, F|80/100
|-damage|p2a: Scizor|68/100|[from] Stealth Rock
|turn|7
|
|t:|1758936527
|switch|p1a: Pops|Landorus-Therian, M|61/100
|-damage|p1a: Pops|49/100|[from] Stealth Rock
|-ability|p1a: Pops|Intimidate|boost
|-unboost|p2a: Scizor|atk|1
|move|p2a: Scizor|Bullet Punch|p1a: Pops
|-damage|p1a: Pops|27/100
|
|-heal|p2a: Scizor|74/100|[from] item: Leftovers
|upkeep
|turn|8
|
|t:|1758936537
|move|p1a: Pops|Earth Power|p2a: Scizor
|-damage|p2a: Scizor|34/100
|move|p2a: Scizor|U-turn|p1a: Pops
|-resisted|p1a: Pops
|-crit|p1a: Pops
|-damage|p1a: Pops|0 fnt
|faint|p1a: Pops
|
|t:|1758936547
|switch|p2a: Ogerpon|Ogerpon-Wellspring, F|100/100|[from] U-turn
|-damage|p2a: Ogerpon|88/100|[from] Stealth Rock
|
|upkeep
|
|t:|1758936572
|switch|p1a: Hawhar|Darkrai|100/100
|-damage|p1a: Hawhar|88/100|[from] Stealth Rock
|turn|9
|inactive|thepetrey has 120 seconds left.
|inactive|zachimations has 120 seconds left.
|
|t:|1758936618
|switch|p2a: Scizor|Scizor, F|34/100
|-damage|p2a: Scizor|21/100|[from] Stealth Rock
|-terastallize|p1a: Hawhar|Dark
|move|p1a: Hawhar|Dark Pulse|p2a: Scizor
|-damage|p2a: Scizor|0 fnt
|faint|p2a: Scizor
|
|upkeep
|
|t:|1758936635
|switch|p2a: Dragonite|Dragonite, F|100/100
|-damage|p2a: Dragonite|76/100|[from] Stealth Rock
|turn|10
|
|t:|1758936645
|-terastallize|p2a: Dragonite|Fairy
|move|p1a: Hawhar|Dark Pulse|p2a: Dragonite
|-resisted|p2a: Dragonite
|-damage|p2a: Dragonite|37/100
|move|p2a: Dragonite|Dragon Dance|p2a: Dragonite
|-boost|p2a: Dragonite|atk|1
|-boost|p2a: Dragonite|spe|1
|
|-heal|p2a: Dragonite|43/100|[from] item: Leftovers
|upkeep
|turn|11
|
|t:|1758936654
|move|p1a: Hawhar|Dark Pulse|p2a: Dragonite
|-resisted|p2a: Dragonite
|-damage|p2a: Dragonite|7/100
|move|p2a: Dragonite|Dragon Dance|p2a: Dragonite
|-boost|p2a: Dragonite|atk|1
|-boost|p2a: Dragonite|spe|1
|
|-heal|p2a: Dragonite|13/100|[from] item: Leftovers
|upkeep
|turn|12
|
|t:|1758936658
|move|p2a: Dragonite|Tera Blast|p1a: Hawhar|[anim] Tera Blast Fairy
|-supereffective|p1a: Hawhar
|-crit|p1a: Hawhar
|-damage|p1a: Hawhar|0 fnt
|faint|p1a: Hawhar
|
|-heal|p2a: Dragonite|19/100|[from] item: Leftovers
|upkeep
|
|t:|1758936668
|switch|p1a: Pawnhub Premium|Kingambit, M|100/100
|-damage|p1a: Pawnhub Premium|94/100|[from] Stealth Rock
|-activate|p1a: Pawnhub Premium|ability: Supreme Overlord
|-start|p1a: Pawnhub Premium|fallen2|[silent]
|turn|13
|
|t:|1758936671
|move|p2a: Dragonite|Roost|p2a: Dragonite
|-heal|p2a: Dragonite|69/100
|move|p1a: Pawnhub Premium|Iron Head|p2a: Dragonite
|-supereffective|p2a: Dragonite
|-damage|p2a: Dragonite|0 fnt
|faint|p2a: Dragonite
|
|-heal|p1a: Pawnhub Premium|100/100|[from] item: Leftovers
|upkeep
|
|t:|1758936678
|switch|p2a: Ogerpon|Ogerpon-Wellspring, F|88/100
|-damage|p2a: Ogerpon|76/100|[from] Stealth Rock
|turn|14
|
|t:|1758936695
|move|p2a: Ogerpon|Swords Dance|p2a: Ogerpon
|-boost|p2a: Ogerpon|atk|2
|move|p1a: Pawnhub Premium|Kowtow Cleave|p2a: Ogerpon
|-damage|p2a: Ogerpon|3/100
|
|upkeep
|turn|15
|
|t:|1758936704
|move|p2a: Ogerpon|Encore|p1a: Pawnhub Premium
|-start|p1a: Pawnhub Premium|Encore
|move|p1a: Pawnhub Premium|Kowtow Cleave|p2a: Ogerpon
|-damage|p2a: Ogerpon|0 fnt
|faint|p2a: Ogerpon
|
|upkeep
|
|t:|1758936709
|switch|p2a: Iron Valiant|Iron Valiant|100/100
|-damage|p2a: Iron Valiant|94/100|[from] Stealth Rock
|-enditem|p2a: Iron Valiant|Booster Energy
|-activate|p2a: Iron Valiant|ability: Quark Drive|[fromitem]
|-start|p2a: Iron Valiant|quarkdrivespe
|turn|16
|
|t:|1758936712
|-end|p1a: Pawnhub Premium|fallen2|[silent]
|switch|p1a: Hippolini Meeni|Slowking-Galar, M|100/100
|move|p2a: Iron Valiant|Calm Mind|p2a: Iron Valiant
|-boost|p2a: Iron Valiant|spa|1
|-boost|p2a: Iron Valiant|spd|1
|
|upkeep
|turn|17
|
|t:|1758936718
|move|p2a: Iron Valiant|Shadow Ball|p1a: Hippolini Meeni
|-supereffective|p1a: Hippolini Meeni
|-damage|p1a: Hippolini Meeni|52/100
|move|p1a: Hippolini Meeni|Sludge Bomb|p2a: Iron Valiant
|-supereffective|p2a: Iron Valiant
|-damage|p2a: Iron Valiant|11/100
|
|upkeep
|turn|18
|
|t:|1758936724
|move|p2a: Iron Valiant|Shadow Ball|p1a: Hippolini Meeni
|-supereffective|p1a: Hippolini Meeni
|-damage|p1a: Hippolini Meeni|3/100
|-unboost|p1a: Hippolini Meeni|spd|1
|move|p1a: Hippolini Meeni|Sludge Bomb|p2a: Iron Valiant
|-supereffective|p2a: Iron Valiant
|-damage|p2a: Iron Valiant|0 fnt
|faint|p2a: Iron Valiant
|-end|p2a: Iron Valiant|Quark Drive|[silent]
|
|upkeep
|
|t:|1758936727
|switch|p2a: Pecharunt|Pecharunt|100/100
|-damage|p2a: Pecharunt|88/100|[from] Stealth Rock
|-item|p2a: Pecharunt|Air Balloon
|turn|19
|-message|thepetrey forfeited.
|
|win|zachimations
|raw|zachimations's rating: 1472 &rarr; <strong>1489</strong><br />(+17 for winning)
|raw|thepetrey's rating: 1411 &rarr; <strong>1394</strong><br />(-17 for losing)
|l|☆thepetrey
|player|p2|
|c|☆zachimations|gg
