|j|☆hahuahbuh
|j|☆judeyshocks
|t:|1759065592
|gametype|singles
|player|p1|hahuahbuh|sonia-masters|1429
|player|p2|judeyshocks|cynthia-gen4|1342
|gen|9
|tier|[Gen 9] OU
|rated|
|rule|HP Percentage Mod: HP is shown in percentages
|rule|Endless Battle Clause: Forcing endless battles is banned
|rule|Species Clause: Limit one of each Pokémon
|rule|OHKO Clause: OHKO moves are banned
|rule|Evasion Items Clause: Evasion items are banned
|rule|Evasion Moves Clause: Evasion moves are banned
|rule|Evasion Abilities Clause: Evasion abilities are banned
|rule|Sleep Moves Clause: Sleep-inducing moves are banned
|clearpoke
|poke|p1|Tyranitar, M|
|poke|p1|Gholdengo|
|poke|p1|Zamazenta-*|
|poke|p1|Rillaboom, M|
|poke|p1|Garchomp, F|
|poke|p1|Zapdos|
|poke|p2|Deoxys-Speed|
|poke|p2|Zamazenta-*|
|poke|p2|Iron Moth|
|poke|p2|Ogerpon-Wellspring, F|
|poke|p2|Ting-Lu|
|poke|p2|Gholdengo|
|teampreview
|
|t:|1759065603
|teamsize|p1|6
|teamsize|p2|6
|start
|switch|p1a: Zapdos|Zapdos|100/100
|switch|p2a: Deer|Ting-Lu|100/100
|-ability|p2a: Deer|Vessel of Ruin
|turn|1
|
|t:|1759065623
|switch|p1a: Rillaboom|Rillaboom, M|100/100
|-fieldstart|move: Grassy Terrain|[from] ability: Grassy Surge|[of] p1a: Rillaboom
|move|p2a: Deer|Stealth Rock|p1a: Rillaboom
|-sidestart|p1: hahuahbuh|move: Stealth Rock
|
|upkeep
|turn|2
|
|t:|1759065662
|switch|p2a: Melt|Iron Moth|100/100
|-enditem|p2a: Melt|Booster Energy
|-activate|p2a: Melt|ability: Quark Drive|[fromitem]
|-start|p2a: Melt|quarkdrivespe
|move|p1a: Rillaboom|Knock Off|p2a: Melt
|-damage|p2a: Melt|66/100
|
|-heal|p2a: Melt|72/100|[from] Grassy Terrain
|upkeep
|turn|3
|
|t:|1759065681
|switch|p1a: Tyranitar|Tyranitar, M|100/100
|-weather|Sandstorm|[from] ability: Sand Stream|[of] p1a: Tyranitar
|move|p2a: Melt|Fiery Dance|p1a: Tyranitar
|-resisted|p1a: Tyranitar
|-damage|p1a: Tyranitar|88/100
|-boost|p2a: Melt|spa|1
|
|-weather|Sandstorm|[upkeep]
|-damage|p2a: Melt|66/100|[from] Sandstorm
|-heal|p2a: Melt|72/100|[from] Grassy Terrain
|-heal|p1a: Tyranitar|95/100|[from] Grassy Terrain
|upkeep
|turn|4
|
|t:|1759065703
|-terastallize|p2a: Melt|Grass
|move|p2a: Melt|Energy Ball|p1a: Tyranitar
|-supereffective|p1a: Tyranitar
|-damage|p1a: Tyranitar|0 fnt
|faint|p1a: Tyranitar
|
|-weather|Sandstorm|[upkeep]
|-damage|p2a: Melt|66/100|[from] Sandstorm
|-heal|p2a: Melt|72/100|[from] Grassy Terrain
|upkeep
|
|t:|1759065710
|switch|p1a: Zapdos|Zapdos|100/100
|turn|5
|
|t:|1759065721
|move|p2a: Melt|Sludge Wave|p1a: Zapdos
|-damage|p1a: Zapdos|23/100
|move|p1a: Zapdos|Hurricane|p2a: Melt
|-supereffective|p2a: Melt
|-damage|p2a: Melt|0 fnt
|faint|p2a: Melt
|-end|p2a: Melt|Quark Drive|[silent]
|
|-weather|Sandstorm|[upkeep]
|-damage|p1a: Zapdos|17/100|[from] Sandstorm
|-fieldend|move: Grassy Terrain
|upkeep
|
|t:|1759065741
|switch|p2a: Glass|Deoxys-Speed|100/100
|-ability|p2a: Glass|Pressure
|turn|6
|
|t:|1759065750
|switch|p1a: Gholdengo|Gholdengo|100/100
|-damage|p1a: Gholdengo|94/100|[from] Stealth Rock
|-item|p1a: Gholdengo|Air Balloon
|move|p2a: Glass|Meteor Beam||[still]
|-prepare|p2a: Glass|Meteor Beam
|-boost|p2a: Glass|spa|1
|-enditem|p2a: Glass|Power Herb
|-anim|p2a: Glass|Meteor Beam|p1a: Gholdengo
|-resisted|p1a: Gholdengo
|-damage|p1a: Gholdengo|66/100
|-enditem|p1a: Gholdengo|Air Balloon
|
|-weather|Sandstorm|[upkeep]
|-damage|p2a: Glass|94/100|[from] Sandstorm
|upkeep
|turn|7
|
|t:|1759065773
|switch|p2a: Deer|Ting-Lu|100/100
|-ability|p2a: Deer|Vessel of Ruin
|move|p1a: Gholdengo|Thunder Wave|p2a: Deer
|-immune|p2a: Deer
|
|-weather|none
|upkeep
|turn|8
|
|t:|1759065786
|switch|p1a: Rillaboom|Rillaboom, M|100/100
|-fieldstart|move: Grassy Terrain|[from] ability: Grassy Surge|[of] p1a: Rillaboom
|move|p2a: Deer|Ruination|p1a: Rillaboom
|-damage|p1a: Rillaboom|50/100
|
|-heal|p1a: Rillaboom|57/100|[from] Grassy Terrain
|upkeep
|turn|9
|
|t:|1759065798
|switch|p2a: Brick|Zamazenta, shiny|100/100
|-ability|p2a: Brick|Dauntless Shield|boost
|-boost|p2a: Brick|def|1
|move|p1a: Rillaboom|Wood Hammer|p2a: Brick
|-damage|p2a: Brick|46/100
|-damage|p1a: Rillaboom|39/100|[from] Recoil
|
|-heal|p2a: Brick|52/100|[from] Grassy Terrain
|-heal|p2a: Brick|58/100|[from] item: Leftovers
|-heal|p1a: Rillaboom|46/100|[from] Grassy Terrain
|upkeep
|turn|10
|
|t:|1759065817
|switch|p1a: Garchomp|Garchomp, F|100/100
|-damage|p1a: Garchomp|94/100|[from] Stealth Rock
|move|p2a: Brick|Body Press|p1a: Garchomp
|-damage|p1a: Garchomp|66/100
|-damage|p2a: Brick|46/100|[from] ability: Rough Skin|[of] p1a: Garchomp
|-damage|p2a: Brick|29/100|[from] item: Rocky Helmet|[of] p1a: Garchomp
|
|-heal|p2a: Brick|35/100|[from] Grassy Terrain
|-heal|p2a: Brick|41/100|[from] item: Leftovers
|-heal|p1a: Garchomp|73/100|[from] Grassy Terrain
|upkeep
|turn|11
|
|t:|1759065833
|move|p2a: Brick|Body Press|p1a: Garchomp
|-damage|p1a: Garchomp|44/100
|-damage|p2a: Brick|29/100|[from] ability: Rough Skin|[of] p1a: Garchomp
|-damage|p2a: Brick|12/100|[from] item: Rocky Helmet|[of] p1a: Garchomp
|move|p1a: Garchomp|Stealth Rock|p2a: Brick
|-sidestart|p2: judeyshocks|move: Stealth Rock
|
|-heal|p2a: Brick|19/100|[from] Grassy Terrain
|-heal|p2a: Brick|25/100|[from] item: Leftovers
|-heal|p1a: Garchomp|50/100|[from] Grassy Terrain
|upkeep
|turn|12
|
|t:|1759065843
|move|p2a: Brick|Close Combat|p1a: Garchomp
|-damage|p1a: Garchomp|11/100
|-unboost|p2a: Brick|def|1
|-unboost|p2a: Brick|spd|1
|-damage|p2a: Brick|12/100|[from] ability: Rough Skin|[of] p1a: Garchomp
|-damage|p2a: Brick|0 fnt|[from] item: Rocky Helmet|[of] p1a: Garchomp
|faint|p2a: Brick
|move|p1a: Garchomp|Spikes|p2: Brick
|-sidestart|p2: judeyshocks|Spikes
|
|-heal|p1a: Garchomp|18/100|[from] Grassy Terrain
|-fieldend|move: Grassy Terrain
|upkeep
|
|t:|1759065874
|switch|p2a: Water|Ogerpon-Wellspring, F|100/100
|-damage|p2a: Water|88/100|[from] Stealth Rock
|-damage|p2a: Water|76/100|[from] Spikes
|turn|13
|
|t:|1759065894
|move|p2a: Water|Knock Off|p1a: Garchomp
|-damage|p1a: Garchomp|0 fnt
|-damage|p2a: Water|64/100|[from] ability: Rough Skin|[of] p1a: Garchomp
|-damage|p2a: Water|47/100|[from] item: Rocky Helmet|[of] p1a: Garchomp
|-enditem|p1a: Garchomp|Rocky Helmet|[from] move: Knock Off|[of] p2a: Water
|faint|p1a: Garchomp
|
|upkeep
|
|t:|1759065898
|switch|p1a: Rillaboom|Rillaboom, M|46/100
|-fieldstart|move: Grassy Terrain|[from] ability: Grassy Surge|[of] p1a: Rillaboom
|turn|14
|
|t:|1759065917
|move|p1a: Rillaboom|Grassy Glide|p2a: Water
|-damage|p2a: Water|0 fnt
|faint|p2a: Water
|
|-heal|p1a: Rillaboom|52/100|[from] Grassy Terrain
|upkeep
|
|t:|1759065921
|switch|p2a: Cheese|Gholdengo|100/100
|-damage|p2a: Cheese|94/100|[from] Stealth Rock
|-item|p2a: Cheese|Air Balloon
|turn|15
|
|t:|1759065936
|move|p2a: Cheese|Shadow Ball|p1a: Rillaboom
|-damage|p1a: Rillaboom|0 fnt
|faint|p1a: Rillaboom
|
|upkeep
|
|t:|1759065939
|switch|p1a: Zamazenta|Zamazenta|100/100
|-ability|p1a: Zamazenta|Dauntless Shield|boost
|-boost|p1a: Zamazenta|def|1
|turn|16
|
|t:|1759065966
|move|p1a: Zamazenta|Crunch|p2a: Cheese
|-supereffective|p2a: Cheese
|-damage|p2a: Cheese|37/100
|-unboost|p2a: Cheese|def|1
|-enditem|p2a: Cheese|Air Balloon
|move|p2a: Cheese|Make It Rain|p1a: Zamazenta
|-crit|p1a: Zamazenta
|-damage|p1a: Zamazenta|15/100
|-unboost|p2a: Cheese|spa|1
|
|-heal|p1a: Zamazenta|21/100|[from] Grassy Terrain
|-heal|p2a: Cheese|43/100|[from] Grassy Terrain
|upkeep
|turn|17
|
|t:|1759065982
|move|p1a: Zamazenta|Crunch|p2a: Cheese
|-supereffective|p2a: Cheese
|-damage|p2a: Cheese|0 fnt
|faint|p2a: Cheese
|
|-heal|p1a: Zamazenta|28/100|[from] Grassy Terrain
|upkeep
|
|t:|1759065989
|switch|p2a: Glass|Deoxys-Speed|94/100
|-damage|p2a: Glass|82/100|[from] Stealth Rock
|-damage|p2a: Glass|70/100|[from] Spikes
|-ability|p2a: Glass|Pressure
|turn|18
|
|t:|1759066007
|move|p2a: Glass|Psycho Boost|p1a: Zamazenta
|-supereffective|p1a: Zamazenta
|-damage|p1a: Zamazenta|0 fnt
|-unboost|p2a: Glass|spa|2
|faint|p1a: Zamazenta
|
|-heal|p2a: Glass|76/100|[from] Grassy Terrain
|-fieldend|move: Grassy Terrain
|upkeep
|
|t:|1759066012
|switch|p1a: Gholdengo|Gholdengo|66/100
|-damage|p1a: Gholdengo|60/100|[from] Stealth Rock
|turn|19
|
|t:|1759066023
|switch|p2a: Deer|Ting-Lu|100/100
|-damage|p2a: Deer|94/100|[from] Stealth Rock
|-damage|p2a: Deer|82/100|[from] Spikes
|-ability|p2a: Deer|Vessel of Ruin
|move|p1a: Gholdengo|Recover|p1a: Gholdengo
|-heal|p1a: Gholdengo|100/100
|
|-heal|p2a: Deer|88/100|[from] item: Leftovers
|upkeep
|turn|20
|
|t:|1759066035
|switch|p1a: Zapdos|Zapdos|17/100
|move|p2a: Deer|Earthquake|p1a: Zapdos
|-immune|p1a: Zapdos
|
|-heal|p2a: Deer|94/100|[from] item: Leftovers
|upkeep
|turn|21
|
|t:|1759066057
|move|p1a: Zapdos|Roost|p1a: Zapdos
|-heal|p1a: Zapdos|67/100
|-singleturn|p1a: Zapdos|move: Roost
|move|p2a: Deer|Ruination|p1a: Zapdos
|-damage|p1a: Zapdos|34/100
|
|-heal|p2a: Deer|99/100|[from] item: Leftovers
|upkeep
|turn|22
|
|t:|1759066080
|move|p1a: Zapdos|Hurricane|p2a: Deer
|-damage|p2a: Deer|75/100
|-start|p2a: Deer|confusion
|-activate|p2a: Deer|confusion
|-damage|p2a: Deer|69/100|[from] confusion
|
|-heal|p2a: Deer|75/100|[from] item: Leftovers
|upkeep
|turn|23
|
|t:|1759066084
|move|p1a: Zapdos|Hurricane|p2a: Deer
|-damage|p2a: Deer|48/100
|-end|p2a: Deer|confusion
|move|p2a: Deer|Earthquake|p1a: Zapdos
|-immune|p1a: Zapdos
|
|-heal|p2a: Deer|54/100|[from] item: Leftovers
|upkeep
|turn|24
|
|t:|1759066090
|move|p1a: Zapdos|Hurricane|p2a: Deer
|-damage|p2a: Deer|30/100
|move|p2a: Deer|Ruination|p1a: Zapdos
|-damage|p1a: Zapdos|17/100
|
|-heal|p2a: Deer|36/100|[from] item: Leftovers
|upkeep
|turn|25
|
|t:|1759066093
|move|p1a: Zapdos|Hurricane|p2a: Deer
|-damage|p2a: Deer|10/100
|-start|p2a: Deer|confusion
|-activate|p2a: Deer|confusion
|move|p2a: Deer|Spikes|p1a: Zapdos
|-sidestart|p1: hahuahbuh|Spikes
|
|-heal|p2a: Deer|16/100|[from] item: Leftovers
|upkeep
|turn|26
|
|t:|1759066107
|move|p1a: Zapdos|Roost|p1a: Zapdos
|-heal|p1a: Zapdos|67/100
|-singleturn|p1a: Zapdos|move: Roost
|-activate|p2a: Deer|confusion
|-damage|p2a: Deer|10/100|[from] confusion
|
|-heal|p2a: Deer|16/100|[from] item: Leftovers
|upkeep
|turn|27
|inactive|Battle timer is ON: inactive players will automatically lose when time's up. (requested by judeyshocks)
|
|t:|1759066150
|move|p1a: Zapdos|Hurricane|p2a: Deer
|-damage|p2a: Deer|0 fnt
|faint|p2a: Deer
|
|upkeep
|
|t:|1759066160
|switch|p2a: Glass|Deoxys-Speed|76/100
|-damage|p2a: Glass|63/100|[from] Stealth Rock
|-damage|p2a: Glass|51/100|[from] Spikes
|-ability|p2a: Glass|Pressure
|turn|28
|
|t:|1759066182
|move|p2a: Glass|Meteor Beam||[still]
|-prepare|p2a: Glass|Meteor Beam
|-boost|p2a: Glass|spa|1
|move|p1a: Zapdos|Hurricane|p2a: Glass
|-damage|p2a: Glass|0 fnt
|faint|p2a: Glass
|
|win|hahuahbuh
|raw|hahuahbuh's rating: 1429 &rarr; <strong>1444</strong><br />(+15 for winning)
|raw|judeyshocks's rating: 1342 &rarr; <strong>1327</strong><br />(-15 for losing)
