|j|☆Cx297
|j|☆ytddetg
|t:|1759010292
|gametype|singles
|player|p1|Cx297|clay|1334
|player|p2|ytddetg|gambler|1319
|gen|9
|tier|[Gen 9] OU
|rated|
|rule|HP Percentage Mod: HP is shown in percentages
|rule|Endless Battle Clause: Forcing endless battles is banned
|rule|Species Clause: Limit one of each Pokémon
|rule|OHKO Clause: OHKO moves are banned
|rule|Evasion Items Clause: Evasion items are banned
|rule|Evasion Moves Clause: Evasion moves are banned
|rule|Evasion Abilities Clause: Evasion abilities are banned
|rule|Sleep Moves Clause: Sleep-inducing moves are banned
|clearpoke
|poke|p1|Slowking-Galar, F|
|poke|p1|Primarina, F|
|poke|p1|Dragonite, F|
|poke|p1|Quaquaval, M|
|poke|p1|Cinderace, M|
|poke|p1|Gholdengo|
|poke|p2|Farigiraf, F|
|poke|p2|Azelf|
|poke|p2|Magnezone|
|poke|p2|Glimmora, M|
|poke|p2|Weezing-Galar, F|
|poke|p2|Latios, M|
|teampreview
|inactive|Battle timer is ON: inactive players will automatically lose when time's up. (requested by ytddetg)
|inactive|Cx297 also wants the timer to be on.
|inactive|ytddetg has 120 seconds left.
|
|t:|1759010328
|teamsize|p1|6
|teamsize|p2|6
|start
|switch|p1a: Quaquaval|Quaquaval, M|100/100
|switch|p2a: lǝ|Azelf, shiny|100/100
|turn|1
|
|t:|1759010334
|switch|p1a: Primarina|Primarina, F|100/100
|move|p2a: lǝ|Stealth Rock|p1a: Primarina
|-sidestart|p1: Cx297|move: Stealth Rock
|
|upkeep
|turn|2
|
|t:|1759010339
|switch|p1a: Gholdengo|Gholdengo|100/100
|-damage|p1a: Gholdengo|94/100|[from] Stealth Rock
|move|p2a: lǝ|Iron Tail|p1a: Gholdengo
|-resisted|p1a: Gholdengo
|-damage|p1a: Gholdengo|76/100
|-unboost|p1a: Gholdengo|def|1
|
|upkeep
|turn|3
|
|t:|1759010347
|switch|p1a: Cinderace|Cinderace, M|100/100
|move|p2a: lǝ|Iron Tail|p1a: Cinderace
|-resisted|p1a: Cinderace
|-damage|p1a: Cinderace|76/100
|
|upkeep
|turn|4
|
|t:|1759010351
|move|p1a: Cinderace|U-turn|p2a: lǝ
|-start|p1a: Cinderace|typechange|Bug|[from] ability: Libero
|-supereffective|p2a: lǝ
|-enditem|p2a: lǝ|Focus Sash
|-damage|p2a: lǝ|1/100
|
|t:|1759010354
|switch|p1a: Gholdengo|Gholdengo|76/100|[from] U-turn
|-damage|p1a: Gholdengo|70/100|[from] Stealth Rock
|move|p2a: lǝ|Explosion|p1a: Gholdengo
|-immune|p1a: Gholdengo
|faint|p2a: lǝ
|
|upkeep
|
|t:|1759010357
|switch|p2a: ɹoñǝs|Magnezone, shiny|100/100
|-item|p2a: ɹoñǝs|Air Balloon
|turn|5
|
|t:|1759010365
|switch|p1a: Cinderace|Cinderace, M|76/100
|move|p2a: ɹoñǝs|Thunderbolt|p1a: Cinderace
|-damage|p1a: Cinderace|0 fnt
|faint|p1a: Cinderace
|
|upkeep
|
|t:|1759010377
|switch|p1a: Gholdengo|Gholdengo|70/100
|-damage|p1a: Gholdengo|64/100|[from] Stealth Rock
|turn|6
|
|t:|1759010380
|-terastallize|p1a: Gholdengo|Fighting
|move|p1a: Gholdengo|Tera Blast|p2a: ɹoñǝs|[anim] Tera Blast Fighting
|-supereffective|p2a: ɹoñǝs
|-crit|p2a: ɹoñǝs
|-damage|p2a: ɹoñǝs|0 fnt
|-enditem|p2a: ɹoñǝs|Air Balloon
|faint|p2a: ɹoñǝs
|
|upkeep
|c|☆ytddetg|xd
|
|t:|1759010389
|switch|p2a: ǝp|Latios, M, shiny|100/100
|turn|7
|
|t:|1759010397
|switch|p1a: Primarina|Primarina, F|100/100
|-damage|p1a: Primarina|88/100|[from] Stealth Rock
|move|p2a: ǝp|Shadow Ball|p1a: Primarina
|-damage|p1a: Primarina|59/100
|
|upkeep
|turn|8
|
|t:|1759010404
|move|p2a: ǝp|Thunder Wave|p1a: Primarina
|-status|p1a: Primarina|par
|move|p1a: Primarina|Draining Kiss|p2a: ǝp
|-supereffective|p2a: ǝp
|-damage|p2a: ǝp|45/100
|-heal|p1a: Primarina|100/100 par|[from] drain|[of] p2a: ǝp
|
|upkeep
|turn|9
|
|t:|1759010410
|move|p2a: ǝp|Memento|p1a: Primarina
|-unboost|p1a: Primarina|atk|2
|-unboost|p1a: Primarina|spa|2
|faint|p2a: ǝp
|cant|p1a: Primarina|par
|
|upkeep
|
|t:|1759010412
|switch|p2a: ɐl|Glimmora, M, shiny|100/100
|turn|10
|
|t:|1759010416
|move|p2a: ɐl|Light Screen|p2a: ɐl
|-sidestart|p2: ytddetg|move: Light Screen
|move|p1a: Primarina|Whirlpool|p2a: ɐl
|-supereffective|p2a: ɐl
|-damage|p2a: ɐl|90/100
|-activate|p2a: ɐl|move: Whirlpool|[of] p1a: Primarina
|
|-damage|p2a: ɐl|77/100|[from] move: Whirlpool|[partiallytrapped]
|upkeep
|turn|11
|
|t:|1759010421
|move|p2a: ɐl|Reflect|p2a: ɐl
|-sidestart|p2: ytddetg|Reflect
|cant|p1a: Primarina|par
|
|-damage|p2a: ɐl|65/100|[from] move: Whirlpool|[partiallytrapped]
|upkeep
|turn|12
|
|t:|1759010424
|move|p2a: ɐl|Memento|p1a: Primarina
|-unboost|p1a: Primarina|atk|2
|-unboost|p1a: Primarina|spa|2
|faint|p2a: ɐl
|move|p1a: Primarina|Psychic Noise|p2: ɐl|[notarget]
|-fail|p1a: Primarina
|
|upkeep
|
|t:|1759010425
|switch|p2a: ǝɥɔou|Weezing-Galar, F, shiny|100/100
|-fieldstart|move: Misty Terrain|[from] ability: Misty Surge|[of] p2a: ǝɥɔou
|turn|13
|
|t:|1759010433
|move|p2a: ǝɥɔou|Memento|p1a: Primarina
|-unboost|p1a: Primarina|atk|2
|-unboost|p1a: Primarina|spa|2
|faint|p2a: ǝɥɔou
|cant|p1a: Primarina|par
|
|upkeep
|
|t:|1759010435
|switch|p2a: BATMAN|Farigiraf, F|100/100
|turn|14
|
|t:|1759010439
|move|p2a: BATMAN|Agility|p2a: BATMAN
|-boost|p2a: BATMAN|spe|2
|move|p1a: Primarina|Substitute|p1a: Primarina
|-start|p1a: Primarina|Substitute
|-damage|p1a: Primarina|76/100 par
|
|upkeep
|turn|15
|
|t:|1759010444
|move|p2a: BATMAN|Agility|p2a: BATMAN
|-boost|p2a: BATMAN|spe|2
|move|p1a: Primarina|Whirlpool|p2a: BATMAN
|-damage|p2a: BATMAN|98/100
|-activate|p2a: BATMAN|move: Whirlpool|[of] p1a: Primarina
|
|-damage|p2a: BATMAN|85/100|[from] move: Whirlpool|[partiallytrapped]
|upkeep
|turn|16
|
|t:|1759010450
|move|p2a: BATMAN|Nasty Plot|p2a: BATMAN
|-boost|p2a: BATMAN|spa|2
|move|p1a: Primarina|Psychic Noise|p2a: BATMAN
|-damage|p2a: BATMAN|79/100
|-start|p2a: BATMAN|move: Heal Block
|
|-damage|p2a: BATMAN|67/100|[from] move: Whirlpool|[partiallytrapped]
|upkeep
|turn|17
|
|t:|1759010463
|move|p2a: BATMAN|Nasty Plot|p2a: BATMAN
|-boost|p2a: BATMAN|spa|2
|move|p1a: Primarina|Psychic Noise|p2a: BATMAN
|-damage|p2a: BATMAN|61/100
|
|-damage|p2a: BATMAN|48/100|[from] move: Whirlpool|[partiallytrapped]
|-end|p2a: BATMAN|move: Heal Block
|-sideend|p2: ytddetg|move: Light Screen
|-fieldend|Misty Terrain
|upkeep
|turn|18
|
|t:|1759010482
|move|p2a: BATMAN|Stored Power|p1a: Primarina
|-end|p1a: Primarina|Substitute
|move|p1a: Primarina|Whirlpool|p2a: BATMAN
|-damage|p2a: BATMAN|42/100
|
|-damage|p2a: BATMAN|30/100|[from] move: Whirlpool|[partiallytrapped]
|-sideend|p2: ytddetg|Reflect
|upkeep
|turn|19
|
|t:|1759010487
|move|p2a: BATMAN|Stored Power|p1a: Primarina
|-damage|p1a: Primarina|0 fnt
|faint|p1a: Primarina
|
|-end|p2a: BATMAN|Whirlpool|[partiallytrapped]
|upkeep
|
|t:|1759010501
|switch|p1a: Dragonite|Dragonite, F|100/100
|turn|20
|
|t:|1759010505
|move|p2a: BATMAN|Stored Power|p1a: Dragonite
|-damage|p1a: Dragonite|0 fnt
|faint|p1a: Dragonite
|
|upkeep
|
|t:|1759010533
|switch|p1a: Gholdengo|Gholdengo, tera:Fighting|64/100
|-damage|p1a: Gholdengo|58/100|[from] Stealth Rock
|turn|21
|-message|Cx297 forfeited.
|
|win|ytddetg
|raw|Cx297's rating: 1334 &rarr; <strong>1313</strong><br />(-21 for losing)
|raw|ytddetg's rating: 1319 &rarr; <strong>1340</strong><br />(+21 for winning)
|l|☆Cx297
|player|p1|
|l|☆ytddetg
|player|p2|
