|j|☆Moon99.6751
|j|☆SharvanCN
|t:|1759061891
|gametype|singles
|player|p1|Moon99.6751|steven-masters|1134
|player|p2|SharvanCN|102|1000
|gen|9
|tier|[Gen 9] OU
|rated|
|rule|HP Percentage Mod: HP is shown in percentages
|rule|Endless Battle Clause: Forcing endless battles is banned
|rule|Species Clause: Limit one of each Pokémon
|rule|OHKO Clause: OHKO moves are banned
|rule|Evasion Items Clause: Evasion items are banned
|rule|Evasion Moves Clause: Evasion moves are banned
|rule|Evasion Abilities Clause: Evasion abilities are banned
|rule|Sleep Moves Clause: Sleep-inducing moves are banned
|clearpoke
|poke|p1|Garchomp, F|
|poke|p1|Iron Moth|
|poke|p1|Moltres-Galar|
|poke|p1|Mimikyu, F|
|poke|p1|Kingambit, M|
|poke|p1|Glimmora, M|
|poke|p2|Dondozo, M|
|poke|p2|Blissey, F|
|poke|p2|Corviknight, M|
|poke|p2|Weezing-Galar, F|
|poke|p2|Gliscor, M|
|poke|p2|Toxapex, M|
|teampreview
|inactive|Battle timer is ON: inactive players will automatically lose when time's up. (requested by Moon99.6751)
|c|☆Moon99.6751|Hiiii
|
|t:|1759061912
|teamsize|p1|6
|teamsize|p2|6
|start
|switch|p1a: Moltres|Moltres-Galar, shiny|100/100
|switch|p2a: Weezing|Weezing-Galar, F|100/100
|-ability|p2a: Weezing|Neutralizing Gas
|turn|1
|
|t:|1759061930
|switch|p1a: Garchomp|Garchomp, F|100/100
|-end|p2a: Weezing|ability: Neutralizing Gas
|switch|p2a: Blissey|Blissey, F|100/100
|
|upkeep
|turn|2
|
|t:|1759061937
|switch|p2a: Corviknight|Corviknight, M|100/100
|-ability|p2a: Corviknight|Pressure
|move|p1a: Garchomp|Swords Dance|p1a: Garchomp
|-boost|p1a: Garchomp|atk|2
|
|upkeep
|turn|3
|
|t:|1759061943
|-terastallize|p1a: Garchomp|Steel
|move|p1a: Garchomp|Fire Fang|p2a: Corviknight
|-supereffective|p2a: Corviknight
|-damage|p2a: Corviknight|42/100
|move|p2a: Corviknight|Iron Defense|p2a: Corviknight
|-boost|p2a: Corviknight|def|2
|
|-heal|p2a: Corviknight|48/100|[from] item: Leftovers
|upkeep
|turn|4
|
|t:|1759061956
|move|p1a: Garchomp|Fire Fang|p2a: Corviknight
|-supereffective|p2a: Corviknight
|-damage|p2a: Corviknight|19/100
|move|p2a: Corviknight|Roost|p2a: Corviknight
|-heal|p2a: Corviknight|69/100
|-singleturn|p2a: Corviknight|move: Roost
|
|-heal|p2a: Corviknight|75/100|[from] item: Leftovers
|upkeep
|turn|5
|
|t:|1759061967
|switch|p1a: Iron Moth|Iron Moth|100/100
|-enditem|p1a: Iron Moth|Booster Energy
|-activate|p1a: Iron Moth|ability: Quark Drive|[fromitem]
|-start|p1a: Iron Moth|quarkdrivespa
|move|p2a: Corviknight|Iron Defense|p2a: Corviknight
|-boost|p2a: Corviknight|def|2
|
|-heal|p2a: Corviknight|82/100|[from] item: Leftovers
|upkeep
|turn|6
|
|t:|1759061980
|switch|p2a: Blissey|Blissey, F|100/100
|move|p1a: Iron Moth|Fiery Dance|p2a: Blissey
|-damage|p2a: Blissey|80/100
|-boost|p1a: Iron Moth|spa|1
|
|-heal|p2a: Blissey|86/100|[from] item: Leftovers
|upkeep
|turn|7
|
|t:|1759061988
|-end|p1a: Iron Moth|Quark Drive|[silent]
|switch|p1a: Garchomp|Garchomp, F, tera:Steel|100/100
|move|p2a: Blissey|Calm Mind|p2a: Blissey
|-boost|p2a: Blissey|spa|1
|-boost|p2a: Blissey|spd|1
|
|-heal|p2a: Blissey|92/100|[from] item: Leftovers
|upkeep
|turn|8
|
|t:|1759062004
|switch|p2a: Toxapex|Toxapex, M|100/100
|move|p1a: Garchomp|Swords Dance|p1a: Garchomp
|-boost|p1a: Garchomp|atk|2
|
|upkeep
|turn|9
|
|t:|1759062011
|move|p1a: Garchomp|Scale Shot|p2a: Toxapex
|-damage|p2a: Toxapex|78/100
|-damage|p2a: Toxapex|55/100
|-damage|p2a: Toxapex|32/100
|-damage|p2a: Toxapex|9/100
|-hitcount|p2a: Toxapex|4
|-unboost|p1a: Garchomp|def|1
|-boost|p1a: Garchomp|spe|1
|move|p2a: Toxapex|Haze|p2a: Toxapex
|-clearallboost
|
|-heal|p2a: Toxapex|15/100|[from] item: Leftovers
|upkeep
|turn|10
|
|t:|1759062023
|switch|p2a: Corviknight|Corviknight, M|82/100
|-ability|p2a: Corviknight|Pressure
|move|p1a: Garchomp|Swords Dance|p1a: Garchomp
|-boost|p1a: Garchomp|atk|2
|
|-heal|p2a: Corviknight|88/100|[from] item: Leftovers
|upkeep
|turn|11
|
|t:|1759062031
|move|p1a: Garchomp|Fire Fang|p2a: Corviknight
|-supereffective|p2a: Corviknight
|-damage|p2a: Corviknight|27/100
|move|p2a: Corviknight|Iron Defense|p2a: Corviknight
|-boost|p2a: Corviknight|def|2
|
|-heal|p2a: Corviknight|34/100|[from] item: Leftovers
|upkeep
|turn|12
|
|t:|1759062036
|move|p1a: Garchomp|Fire Fang|p2a: Corviknight
|-supereffective|p2a: Corviknight
|-damage|p2a: Corviknight|4/100
|move|p2a: Corviknight|Roost|p2a: Corviknight
|-heal|p2a: Corviknight|54/100
|-singleturn|p2a: Corviknight|move: Roost
|
|-heal|p2a: Corviknight|60/100|[from] item: Leftovers
|upkeep
|turn|13
|
|t:|1759062051
|switch|p1a: Iron Moth|Iron Moth|100/100
|move|p2a: Corviknight|Body Press|p1a: Iron Moth
|-resisted|p1a: Iron Moth
|-damage|p1a: Iron Moth|53/100
|
|-heal|p2a: Corviknight|66/100|[from] item: Leftovers
|upkeep
|turn|14
|inactive|SharvanCN has 120 seconds left.
|
|t:|1759062085
|switch|p2a: Toxapex|Toxapex, M|48/100
|move|p1a: Iron Moth|Fiery Dance|p2a: Toxapex
|-resisted|p2a: Toxapex
|-damage|p2a: Toxapex|33/100
|-boost|p1a: Iron Moth|spa|1
|
|-heal|p2a: Toxapex|40/100|[from] item: Leftovers
|upkeep
|turn|15
|inactive|SharvanCN has 120 seconds left.
|
|t:|1759062098
|-end|p1a: Iron Moth|Quark Drive|[silent]
|switch|p1a: Garchomp|Garchomp, F, tera:Steel|100/100
|move|p2a: Toxapex|Recover|p2a: Toxapex
|-heal|p2a: Toxapex|90/100
|
|-heal|p2a: Toxapex|96/100|[from] item: Leftovers
|upkeep
|turn|16
|inactive|SharvanCN has 120 seconds left.
|
|t:|1759062111
|switch|p2a: Corviknight|Corviknight, M|66/100
|-ability|p2a: Corviknight|Pressure
|move|p1a: Garchomp|Swords Dance|p1a: Garchomp
|-boost|p1a: Garchomp|atk|2
|
|-heal|p2a: Corviknight|72/100|[from] item: Leftovers
|upkeep
|turn|17
|
|t:|1759062115
|move|p1a: Garchomp|Fire Fang|p2a: Corviknight
|-supereffective|p2a: Corviknight
|-damage|p2a: Corviknight|10/100
|move|p2a: Corviknight|Iron Defense|p2a: Corviknight
|-boost|p2a: Corviknight|def|2
|
|-heal|p2a: Corviknight|17/100|[from] item: Leftovers
|upkeep
|turn|18
|
|t:|1759062120
|switch|p2a: Dondozo|Dondozo, M|100/100
|move|p1a: Garchomp|Fire Fang|p2a: Dondozo|[miss]
|-miss|p1a: Garchomp|p2a: Dondozo
|
|upkeep
|turn|19
|
|t:|1759062128
|move|p1a: Garchomp|Scale Shot|p2a: Dondozo
|-damage|p2a: Dondozo|95/100
|-damage|p2a: Dondozo|88/100
|-damage|p2a: Dondozo|82/100
|-damage|p2a: Dondozo|75/100
|-damage|p2a: Dondozo|68/100
|-hitcount|p2a: Dondozo|5
|-unboost|p1a: Garchomp|def|1
|-boost|p1a: Garchomp|spe|1
|move|p2a: Dondozo|Body Press|p1a: Garchomp
|-supereffective|p1a: Garchomp
|-damage|p1a: Garchomp|47/100
|-damage|p2a: Dondozo|56/100|[from] ability: Rough Skin|[of] p1a: Garchomp
|
|-heal|p2a: Dondozo|62/100|[from] item: Leftovers
|upkeep
|turn|20
|
|t:|1759062143
|switch|p1a: Glimmy boy|Glimmora, M, shiny|100/100
|move|p2a: Dondozo|Body Press|p1a: Glimmy boy
|-damage|p1a: Glimmy boy|71/100
|-activate|p1a: Glimmy boy|ability: Toxic Debris
|-sidestart|p2: SharvanCN|move: Toxic Spikes
|
|-heal|p2a: Dondozo|68/100|[from] item: Leftovers
|upkeep
|turn|21
|
|t:|1759062162
|switch|p2a: Toxapex|Toxapex, M|100/100
|-sideend|p2: SharvanCN|move: Toxic Spikes|[of] p2a: Toxapex
|move|p1a: Glimmy boy|Stealth Rock|p2a: Toxapex
|-sidestart|p2: SharvanCN|move: Stealth Rock
|
|upkeep
|turn|22
|
|t:|1759062186
|switch|p1a: Garchomp|Garchomp, F, tera:Steel|47/100
|switch|p2a: Gliscor|Gliscor, M|100/100
|-damage|p2a: Gliscor|88/100|[from] Stealth Rock
|
|-status|p2a: Gliscor|tox|[from] item: Toxic Orb
|upkeep
|turn|23
|
|t:|1759062195
|switch|p1a: Glimmy boy|Glimmora, M, shiny|71/100
|move|p2a: Gliscor|Earthquake|p1a: Glimmy boy
|-supereffective|p1a: Glimmy boy
|-damage|p1a: Glimmy boy|0 fnt
|-activate|p1a: Glimmy boy|ability: Toxic Debris
|-sidestart|p2: SharvanCN|move: Toxic Spikes
|faint|p1a: Glimmy boy
|
|-heal|p2a: Gliscor|100/100 tox|[from] ability: Poison Heal
|upkeep
|
|t:|1759062204
|switch|p1a: Moltres|Moltres-Galar, shiny|100/100
|turn|24
|
|t:|1759062223
|switch|p2a: Toxapex|Toxapex, M|100/100
|-damage|p2a: Toxapex|88/100|[from] Stealth Rock
|-sideend|p2: SharvanCN|move: Toxic Spikes|[of] p2a: Toxapex
|move|p1a: Moltres|Nasty Plot|p1a: Moltres
|-boost|p1a: Moltres|spa|2
|
|-heal|p2a: Toxapex|94/100|[from] item: Leftovers
|upkeep
|turn|25
|
|t:|1759062235
|move|p1a: Moltres|Fiery Wrath|p2a: Toxapex
|-damage|p2a: Toxapex|41/100
|move|p2a: Toxapex|Haze|p2a: Toxapex
|-clearallboost
|
|-heal|p2a: Toxapex|47/100|[from] item: Leftovers
|upkeep
|turn|26
|
|t:|1759062243
|move|p1a: Moltres|Nasty Plot|p1a: Moltres
|-boost|p1a: Moltres|spa|2
|move|p2a: Toxapex|Recover|p2a: Toxapex
|-heal|p2a: Toxapex|97/100
|
|-heal|p2a: Toxapex|100/100|[from] item: Leftovers
|upkeep
|turn|27
|
|t:|1759062248
|move|p1a: Moltres|Fiery Wrath|p2a: Toxapex
|-damage|p2a: Toxapex|47/100
|move|p2a: Toxapex|Haze|p2a: Toxapex
|-clearallboost
|
|-heal|p2a: Toxapex|53/100|[from] item: Leftovers
|upkeep
|turn|28
|
|t:|1759062272
|move|p1a: Moltres|Nasty Plot|p1a: Moltres
|-boost|p1a: Moltres|spa|2
|move|p2a: Toxapex|Haze|p2a: Toxapex
|-clearallboost
|
|-heal|p2a: Toxapex|60/100|[from] item: Leftovers
|upkeep
|turn|29
|
|t:|1759062279
|move|p1a: Moltres|Fiery Wrath|p2a: Toxapex
|-damage|p2a: Toxapex|32/100
|move|p2a: Toxapex|Toxic|p1a: Moltres
|-status|p1a: Moltres|tox
|
|-heal|p2a: Toxapex|38/100|[from] item: Leftovers
|-damage|p1a: Moltres|94/100 tox|[from] psn
|upkeep
|turn|30
|
|t:|1759062294
|move|p1a: Moltres|Nasty Plot|p1a: Moltres
|-boost|p1a: Moltres|spa|2
|move|p2a: Toxapex|Recover|p2a: Toxapex
|-heal|p2a: Toxapex|88/100
|
|-heal|p2a: Toxapex|95/100|[from] item: Leftovers
|-damage|p1a: Moltres|82/100 tox|[from] psn
|upkeep
|turn|31
|
|t:|1759062300
|move|p1a: Moltres|Fiery Wrath|p2a: Toxapex
|-damage|p2a: Toxapex|43/100
|move|p2a: Toxapex|Haze|p2a: Toxapex
|-clearallboost
|
|-heal|p2a: Toxapex|49/100|[from] item: Leftovers
|-damage|p1a: Moltres|63/100 tox|[from] psn
|upkeep
|turn|32
|
|t:|1759062308
|move|p1a: Moltres|Nasty Plot|p1a: Moltres
|-boost|p1a: Moltres|spa|2
|move|p2a: Toxapex|Recover|p2a: Toxapex
|-heal|p2a: Toxapex|99/100
|
|-heal|p2a: Toxapex|100/100|[from] item: Leftovers
|-damage|p1a: Moltres|38/100 tox|[from] psn
|upkeep
|turn|33
|
|t:|1759062315
|move|p1a: Moltres|Fiery Wrath|p2a: Toxapex
|-damage|p2a: Toxapex|44/100
|move|p2a: Toxapex|Haze|p2a: Toxapex
|-clearallboost
|
|-heal|p2a: Toxapex|50/100|[from] item: Leftovers
|-damage|p1a: Moltres|7/100 tox|[from] psn
|upkeep
|turn|34
|
|t:|1759062329
|move|p1a: Moltres|Hurricane|p2a: Toxapex|[miss]
|-miss|p1a: Moltres|p2a: Toxapex
|move|p2a: Toxapex|Recover|p2a: Toxapex
|-heal|p2a: Toxapex|99/100
|
|-heal|p2a: Toxapex|100/100|[from] item: Leftovers
|-damage|p1a: Moltres|0 fnt|[from] psn
|faint|p1a: Moltres
|upkeep
|-message|Moon99.6751 forfeited.
|
|win|SharvanCN
|raw|Moon99.6751's rating: 1134 &rarr; <strong>1100</strong><br />(-34 for losing)
|raw|SharvanCN's rating: 1000 &rarr; <strong>1055</strong><br />(+55 for winning)
|l|☆Moon99.6751
|player|p1|
