|j|☆enormouschilli
|j|☆Chilumi
|t:|1758947411
|gametype|singles
|player|p1|enormouschilli|102|1445
|player|p2|Chilumi|guitarist|1418
|gen|9
|tier|[Gen 9] OU
|rated|
|rule|HP Percentage Mod: HP is shown in percentages
|rule|Endless Battle Clause: Forcing endless battles is banned
|rule|Species Clause: Limit one of each Pokémon
|rule|OHKO Clause: OHKO moves are banned
|rule|Evasion Items Clause: Evasion items are banned
|rule|Evasion Moves Clause: Evasion moves are banned
|rule|Evasion Abilities Clause: Evasion abilities are banned
|rule|Sleep Moves Clause: Sleep-inducing moves are banned
|clearpoke
|poke|p1|Zamazenta-*|
|poke|p1|Meowscarada, M|
|poke|p1|Gholdengo|
|poke|p1|Ting-Lu|
|poke|p1|Hydrapple, F|
|poke|p1|Glimmora, F|
|poke|p2|Alomomola, F|
|poke|p2|Moltres|
|poke|p2|Fezandipiti, M|
|poke|p2|Dragapult, F|
|poke|p2|Weavile, M|
|poke|p2|Kingambit, F|
|teampreview
|inactive|Battle timer is ON: inactive players will automatically lose when time's up. (requested by enormouschilli)
|
|t:|1758947445
|teamsize|p1|6
|teamsize|p2|6
|start
|switch|p1a: Glimmora|Glimmora, F|100/100
|switch|p2a: Weavile|Weavile, M|100/100
|-ability|p2a: Weavile|Pressure
|turn|1
|
|t:|1758947464
|move|p2a: Weavile|Triple Axel|p1a: Glimmora
|-damage|p1a: Glimmora|88/100
|-activate|p1a: Glimmora|ability: Toxic Debris
|-sidestart|p2: Chilumi|move: Toxic Spikes
|-hitcount|p1a: Glimmora|1
|move|p1a: Glimmora|Stealth Rock|p2a: Weavile
|-sidestart|p2: Chilumi|move: Stealth Rock
|
|upkeep
|turn|2
|
|t:|1758947480
|switch|p2a: Alomomola|Alomomola, F|100/100
|move|p1a: Glimmora|Power Gem|p2a: Alomomola
|-damage|p2a: Alomomola|55/100
|
|upkeep
|turn|3
|
|t:|1758947491
|switch|p2a: Fezandipiti|Fezandipiti, M|100/100
|-sideend|p2: Chilumi|move: Toxic Spikes|[of] p2a: Fezandipiti
|move|p1a: Glimmora|Power Gem|p2a: Fezandipiti
|-damage|p2a: Fezandipiti|74/100
|
|upkeep
|turn|4
|
|t:|1758947498
|move|p1a: Glimmora|Earth Power|p2a: Fezandipiti
|-supereffective|p2a: Fezandipiti
|-damage|p2a: Fezandipiti|36/100
|move|p2a: Fezandipiti|Beat Up|p1a: Glimmora
|-damage|p1a: Glimmora|84/100
|-activate|p1a: Glimmora|ability: Toxic Debris
|-sidestart|p2: Chilumi|move: Toxic Spikes
|-damage|p1a: Glimmora|79/100
|-activate|p1a: Glimmora|ability: Toxic Debris
|-sidestart|p2: Chilumi|move: Toxic Spikes
|-damage|p1a: Glimmora|75/100
|-damage|p1a: Glimmora|70/100
|-damage|p1a: Glimmora|64/100
|-damage|p1a: Glimmora|59/100
|-hitcount|p1a: Glimmora|6
|
|upkeep
|turn|5
|
|t:|1758947515
|switch|p2a: Moltres|Moltres|100/100
|move|p1a: Glimmora|Earth Power|p2a: Moltres
|-immune|p2a: Moltres
|
|upkeep
|turn|6
|
|t:|1758947520
|switch|p2a: Alomomola|Alomomola, F|88/100
|move|p1a: Glimmora|Power Gem|p2a: Alomomola
|-crit|p2a: Alomomola
|-damage|p2a: Alomomola|20/100
|
|upkeep
|turn|7
|
|t:|1758947526
|switch|p2a: Dragapult|Dragapult, F|100/100
|move|p1a: Glimmora|Power Gem|p2a: Dragapult
|-damage|p2a: Dragapult|33/100
|
|upkeep
|turn|8
|
|t:|1758947553
|move|p2a: Dragapult|Dragon Darts|p1a: Glimmora
|-damage|p1a: Glimmora|32/100
|-anim|p2a: Dragapult|Dragon Darts|p1a: Glimmora
|-damage|p1a: Glimmora|6/100
|move|p1a: Glimmora|Power Gem|p2a: Dragapult
|-damage|p2a: Dragapult|0 fnt
|faint|p2a: Dragapult
|
|upkeep
|
|t:|1758947559
|switch|p2a: Weavile|Weavile, M|100/100
|-ability|p2a: Weavile|Pressure
|turn|9
|c|☆enormouschilli|Glimmora op
|
|t:|1758947564
|move|p2a: Weavile|Triple Axel|p1a: Glimmora
|-damage|p1a: Glimmora|0 fnt
|faint|p1a: Glimmora
|-hitcount|p1: Glimmora|1
|
|upkeep
|c|☆Chilumi|u just haxxed
|
|t:|1758947574
|switch|p1a: Meowscarada|Meowscarada, M|100/100
|turn|10
|c|☆Chilumi|first turn triple axel + crit
|
|t:|1758947583
|switch|p2a: Moltres|Moltres|100/100
|move|p1a: Meowscarada|U-turn|p2a: Moltres
|-start|p1a: Meowscarada|typechange|Bug|[from] ability: Protean
|-resisted|p2a: Moltres
|-damage|p2a: Moltres|95/100
|-status|p1a: Meowscarada|brn|[from] ability: Flame Body|[of] p2a: Moltres
|l|☆enormouschilli
|inactive|enormouschilli disconnected and has a minute to reconnect!
|player|p1|
|j|☆enormouschilli
|inactive|enormouschilli reconnected and has 125 seconds left.
|player|p1|enormouschilli|102|
|inactive|enormouschilli has 120 seconds left.
|
|t:|1758947612
|switch|p1a: Zamazenta|Zamazenta|100/100|[from] U-turn
|-ability|p1a: Zamazenta|Dauntless Shield|boost
|-boost|p1a: Zamazenta|def|1
|
|upkeep
|turn|11
|
|t:|1758947619
|-terastallize|p1a: Zamazenta|Fire
|move|p1a: Zamazenta|Stone Edge|p2a: Moltres
|-supereffective|p2a: Moltres
|-damage|p2a: Moltres|1/100
|move|p2a: Moltres|Will-O-Wisp|p1a: Zamazenta
|-immune|p1a: Zamazenta
|
|upkeep
|turn|12
|l|☆enormouschilli
|inactive|enormouschilli disconnected and has a minute to reconnect!
|player|p1|
|j|☆enormouschilli
|inactive|enormouschilli reconnected and has 105 seconds left.
|player|p1|enormouschilli|102|
|
|t:|1758947660
|switch|p2a: Alomomola|Alomomola, F|53/100
|move|p1a: Zamazenta|Crunch|p2a: Alomomola
|-damage|p2a: Alomomola|40/100
|
|upkeep
|turn|13
|
|t:|1758947667
|move|p1a: Zamazenta|Crunch|p2a: Alomomola
|-damage|p2a: Alomomola|27/100
|move|p2a: Alomomola|Flip Turn|p1a: Zamazenta
|-supereffective|p1a: Zamazenta
|-damage|p1a: Zamazenta|80/100
|
|t:|1758947672
|switch|p2a: Fezandipiti|Fezandipiti, M|36/100|[from] Flip Turn
|-sideend|p2: Chilumi|move: Toxic Spikes|[of] p2a: Fezandipiti
|
|upkeep
|turn|14
|
|t:|1758947676
|move|p1a: Zamazenta|Heavy Slam|p2a: Fezandipiti
|-supereffective|p2a: Fezandipiti
|-damage|p2a: Fezandipiti|0 fnt
|faint|p2a: Fezandipiti
|
|upkeep
|
|t:|1758947681
|switch|p2a: Alomomola|Alomomola, F|60/100
|turn|15
|
|t:|1758947689
|move|p1a: Zamazenta|Close Combat|p2a: Alomomola
|-damage|p2a: Alomomola|29/100
|-unboost|p1a: Zamazenta|def|1
|-unboost|p1a: Zamazenta|spd|1
|move|p2a: Alomomola|Wish|p2a: Alomomola
|
|upkeep
|turn|16
|
|t:|1758947695
|move|p2a: Alomomola|Protect|p2a: Alomomola
|-singleturn|p2a: Alomomola|Protect
|move|p1a: Zamazenta|Close Combat|p2a: Alomomola
|-activate|p2a: Alomomola|move: Protect
|
|-heal|p2a: Alomomola|79/100|[from] move: Wish|[wisher] Alomomola
|upkeep
|turn|17
|
|t:|1758947700
|move|p1a: Zamazenta|Close Combat|p2a: Alomomola
|-damage|p2a: Alomomola|46/100
|-unboost|p1a: Zamazenta|def|1
|-unboost|p1a: Zamazenta|spd|1
|move|p2a: Alomomola|Scald|p1a: Zamazenta
|-supereffective|p1a: Zamazenta
|-damage|p1a: Zamazenta|32/100
|
|upkeep
|turn|18
|
|t:|1758947711
|switch|p1a: Hydrapple|Hydrapple, F|100/100
|move|p2a: Alomomola|Wish|p2a: Alomomola
|
|upkeep
|turn|19
|
|t:|1758947722
|switch|p2a: Weavile|Weavile, M|100/100
|-ability|p2a: Weavile|Pressure
|move|p1a: Hydrapple|Nasty Plot|p1a: Hydrapple
|-boost|p1a: Hydrapple|spa|2
|
|upkeep
|turn|20
|inactive|enormouschilli has 120 seconds left.
|
|t:|1758947765
|switch|p1a: Gholdengo|Gholdengo|100/100
|-item|p1a: Gholdengo|Air Balloon
|move|p2a: Weavile|Triple Axel|p1a: Gholdengo
|-resisted|p1a: Gholdengo
|-damage|p1a: Gholdengo|97/100
|-enditem|p1a: Gholdengo|Air Balloon
|-resisted|p1a: Gholdengo
|-damage|p1a: Gholdengo|90/100
|-resisted|p1a: Gholdengo
|-damage|p1a: Gholdengo|79/100
|-hitcount|p1a: Gholdengo|3
|
|upkeep
|turn|21
|
|t:|1758947773
|move|p2a: Weavile|Knock Off|p1a: Gholdengo
|-supereffective|p1a: Gholdengo
|-damage|p1a: Gholdengo|32/100
|move|p1a: Gholdengo|Make It Rain|p2a: Weavile
|-supereffective|p2a: Weavile
|-crit|p2a: Weavile
|-damage|p2a: Weavile|0 fnt
|-unboost|p1a: Gholdengo|spa|1
|faint|p2a: Weavile
|
|upkeep
|
|t:|1758947785
|switch|p2a: Kingambit|Kingambit, F|100/100
|-damage|p2a: Kingambit|94/100|[from] Stealth Rock
|-activate|p2a: Kingambit|ability: Supreme Overlord
|-start|p2a: Kingambit|fallen3|[silent]
|turn|22
|inactive|enormouschilli has 120 seconds left.
|
|t:|1758947819
|switch|p1a: Ting-Lu|Ting-Lu|100/100
|-ability|p1a: Ting-Lu|Vessel of Ruin
|move|p2a: Kingambit|Swords Dance|p2a: Kingambit
|-boost|p2a: Kingambit|atk|2
|
|-heal|p2a: Kingambit|100/100|[from] item: Leftovers
|upkeep
|turn|23
|
|t:|1758947823
|move|p2a: Kingambit|Iron Head|p1a: Ting-Lu
|-damage|p1a: Ting-Lu|32/100
|move|p1a: Ting-Lu|Earthquake|p2a: Kingambit
|-supereffective|p2a: Kingambit
|-damage|p2a: Kingambit|45/100
|
|-heal|p2a: Kingambit|51/100|[from] item: Leftovers
|-heal|p1a: Ting-Lu|38/100|[from] item: Leftovers
|upkeep
|turn|24
|inactive|enormouschilli has 120 seconds left.
|
|t:|1758947828
|move|p2a: Kingambit|Iron Head|p1a: Ting-Lu
|-damage|p1a: Ting-Lu|0 fnt
|faint|p1a: Ting-Lu
|
|-heal|p2a: Kingambit|57/100|[from] item: Leftovers
|upkeep
|
|t:|1758947832
|switch|p1a: Hydrapple|Hydrapple, F|100/100
|turn|25
|
|t:|1758947839
|move|p2a: Kingambit|Iron Head|p1a: Hydrapple
|-damage|p1a: Hydrapple|38/100
|move|p1a: Hydrapple|Earth Power|p2a: Kingambit
|-supereffective|p2a: Kingambit
|-damage|p2a: Kingambit|8/100
|
|-heal|p2a: Kingambit|14/100|[from] item: Leftovers
|upkeep
|turn|26
|
|t:|1758947845
|move|p2a: Kingambit|Iron Head|p1a: Hydrapple
|-damage|p1a: Hydrapple|0 fnt
|faint|p1a: Hydrapple
|
|-heal|p2a: Kingambit|20/100|[from] item: Leftovers
|upkeep
|
|t:|1758947846
|switch|p1a: Meowscarada|Meowscarada, M|100/100 brn
|turn|27
|
|t:|1758947862
|-end|p2a: Kingambit|fallen3|[silent]
|switch|p2a: Moltres|Moltres|1/100
|move|p1a: Meowscarada|Triple Axel|p2a: Moltres
|-start|p1a: Meowscarada|typechange|Ice|[from] ability: Protean
|-damage|p2a: Moltres|0 fnt
|faint|p2a: Moltres
|-hitcount|p2: Moltres|1
|
|-damage|p1a: Meowscarada|94/100 brn|[from] brn
|upkeep
|
|t:|1758947867
|switch|p2a: Alomomola|Alomomola, F|79/100
|turn|28
|
|t:|1758947876
|switch|p1a: Gholdengo|Gholdengo|32/100
|move|p2a: Alomomola|Wish|p2a: Alomomola
|
|upkeep
|turn|29
|
|t:|1758947881
|move|p1a: Gholdengo|Recover|p1a: Gholdengo
|-heal|p1a: Gholdengo|82/100
|move|p2a: Alomomola|Flip Turn|p1a: Gholdengo
|-damage|p1a: Gholdengo|71/100
|
|t:|1758947886
|switch|p2a: Kingambit|Kingambit, F|20/100|[from] Flip Turn
|-damage|p2a: Kingambit|14/100|[from] Stealth Rock
|-activate|p2a: Kingambit|ability: Supreme Overlord
|-start|p2a: Kingambit|fallen4|[silent]
|
|-heal|p2a: Kingambit|82/100|[from] move: Wish|[wisher] Alomomola
|-heal|p2a: Kingambit|88/100|[from] item: Leftovers
|upkeep
|turn|30
|
|t:|1758947893
|move|p1a: Gholdengo|Dazzling Gleam|p2a: Kingambit
|-damage|p2a: Kingambit|63/100
|move|p2a: Kingambit|Swords Dance|p2a: Kingambit
|-boost|p2a: Kingambit|atk|2
|
|-heal|p2a: Kingambit|69/100|[from] item: Leftovers
|upkeep
|turn|31
|
|t:|1758947897
|move|p2a: Kingambit|Sucker Punch|p1a: Gholdengo
|-supereffective|p1a: Gholdengo
|-damage|p1a: Gholdengo|0 fnt
|faint|p1a: Gholdengo
|
|-heal|p2a: Kingambit|75/100|[from] item: Leftovers
|upkeep
|
|t:|1758947899
|switch|p1a: Zamazenta|Zamazenta, tera:Fire|32/100
|turn|32
|
|t:|1758947905
|move|p2a: Kingambit|Sucker Punch|p1a: Zamazenta
|-damage|p1a: Zamazenta|0 fnt
|faint|p1a: Zamazenta
|
|-heal|p2a: Kingambit|81/100|[from] item: Leftovers
|upkeep
|inactive|enormouschilli has 120 seconds left.
|
|t:|1758947948
|switch|p1a: Meowscarada|Meowscarada, M|94/100 brn
|turn|33
|
|t:|1758947951
|move|p1a: Meowscarada|Triple Axel|p2a: Kingambit
|-start|p1a: Meowscarada|typechange|Ice|[from] ability: Protean
|-resisted|p2a: Kingambit
|-damage|p2a: Kingambit|80/100
|-resisted|p2a: Kingambit
|-damage|p2a: Kingambit|77/100
|-resisted|p2a: Kingambit
|-damage|p2a: Kingambit|71/100
|-hitcount|p2a: Kingambit|3
|move|p2a: Kingambit|Iron Head|p1a: Meowscarada
|-supereffective|p1a: Meowscarada
|-damage|p1a: Meowscarada|0 fnt
|faint|p1a: Meowscarada
|
|win|Chilumi
|raw|enormouschilli's rating: 1445 &rarr; <strong>1423</strong><br />(-22 for losing)
|raw|Chilumi's rating: 1418 &rarr; <strong>1440</strong><br />(+22 for winning)
|l|☆Chilumi
|player|p2|
