|j|☆wssyltlp
|j|☆james897_yt
|t:|1759041691
|gametype|singles
|player|p1|wssyltlp|red|1136
|player|p2|james897_yt|teamrocket|1141
|gen|9
|tier|[Gen 9] OU
|rated|
|rule|HP Percentage Mod: HP is shown in percentages
|rule|Endless Battle Clause: Forcing endless battles is banned
|rule|Species Clause: Limit one of each Pokémon
|rule|OHKO Clause: OHKO moves are banned
|rule|Evasion Items Clause: Evasion items are banned
|rule|Evasion Moves Clause: Evasion moves are banned
|rule|Evasion Abilities Clause: Evasion abilities are banned
|rule|Sleep Moves Clause: Sleep-inducing moves are banned
|clearpoke
|poke|p1|Excadrill, F|
|poke|p1|Hippowdon, F|
|poke|p1|Garganacl, M|
|poke|p1|Landorus-Therian, M|
|poke|p1|Iron Moth|
|poke|p1|Kingambit, F|
|poke|p2|Decidueye-Hisui, M|
|poke|p2|Lokix, F|
|poke|p2|Weezing-Galar, F|
|poke|p2|Deoxys-Speed|
|poke|p2|Araquanid, F|
|poke|p2|Braviary-Hisui, M|
|teampreview
|inactive|Battle timer is ON: inactive players will automatically lose when time's up. (requested by james897_yt)
|
|t:|1759041698
|teamsize|p1|6
|teamsize|p2|6
|start
|switch|p1a: Hippowdon|Hippowdon, F, shiny|100/100
|switch|p2a: Decidueye|Decidueye-Hisui, M|100/100
|-weather|Sandstorm|[from] ability: Sand Stream|[of] p1a: Hippowdon
|turn|1
|
|t:|1759041703
|move|p2a: Decidueye|Swords Dance|p2a: Decidueye
|-boost|p2a: Decidueye|atk|2
|move|p1a: Hippowdon|Stealth Rock|p2a: Decidueye
|-sidestart|p2: james897_yt|move: Stealth Rock
|
|-weather|Sandstorm|[upkeep]
|-damage|p2a: Decidueye|94/100|[from] Sandstorm
|upkeep
|turn|2
|
|t:|1759041706
|move|p2a: Decidueye|Trailblaze|p1a: Hippowdon
|-supereffective|p1a: Hippowdon
|-damage|p1a: Hippowdon|32/100
|-boost|p2a: Decidueye|spe|1
|-damage|p2a: Decidueye|84/100|[from] item: Life Orb
|move|p1a: Hippowdon|Whirlwind|p2a: Decidueye
|drag|p2a: Lokix|Lokix, F|100/100
|-damage|p2a: Lokix|76/100|[from] Stealth Rock
|
|-weather|Sandstorm|[upkeep]
|-damage|p2a: Lokix|70/100|[from] Sandstorm
|upkeep
|turn|3
|
|t:|1759041716
|move|p2a: Lokix|First Impression|p1a: Hippowdon
|-damage|p1a: Hippowdon|10/100
|move|p1a: Hippowdon|Earthquake|p2a: Lokix
|-resisted|p2a: Lokix
|-damage|p2a: Lokix|40/100
|
|-weather|Sandstorm|[upkeep]
|-damage|p2a: Lokix|34/100|[from] Sandstorm
|upkeep
|turn|4
|
|t:|1759041729
|switch|p2a: Araquanid|Araquanid, F|100/100
|-damage|p2a: Araquanid|75/100|[from] Stealth Rock
|move|p1a: Hippowdon|Slack Off|p1a: Hippowdon
|-heal|p1a: Hippowdon|60/100
|
|-weather|Sandstorm|[upkeep]
|-damage|p2a: Araquanid|69/100|[from] Sandstorm
|-heal|p2a: Araquanid|75/100|[from] item: Leftovers
|upkeep
|turn|5
|
|t:|1759041734
|move|p1a: Hippowdon|Slack Off|p1a: Hippowdon
|-heal|p1a: Hippowdon|100/100
|move|p2a: Araquanid|Sticky Web|p1a: Hippowdon
|-sidestart|p1: wssyltlp|move: Sticky Web
|
|-weather|Sandstorm|[upkeep]
|-damage|p2a: Araquanid|69/100|[from] Sandstorm
|-heal|p2a: Araquanid|75/100|[from] item: Leftovers
|upkeep
|turn|6
|
|t:|1759041738
|move|p1a: Hippowdon|Earthquake|p2a: Araquanid
|-resisted|p2a: Araquanid
|-damage|p2a: Araquanid|55/100
|move|p2a: Araquanid|Infestation|p1a: Hippowdon
|-damage|p1a: Hippowdon|96/100
|-activate|p1a: Hippowdon|move: Infestation|[of] p2a: Araquanid
|
|-weather|Sandstorm|[upkeep]
|-damage|p2a: Araquanid|49/100|[from] Sandstorm
|-heal|p2a: Araquanid|55/100|[from] item: Leftovers
|-damage|p1a: Hippowdon|84/100|[from] move: Infestation|[partiallytrapped]
|upkeep
|turn|7
|
|t:|1759041741
|move|p2a: Araquanid|Leech Life|p1a: Hippowdon
|-damage|p1a: Hippowdon|74/100
|-heal|p2a: Araquanid|62/100|[from] drain|[of] p1a: Hippowdon
|move|p1a: Hippowdon|Whirlwind|p2a: Araquanid
|drag|p2a: Weezing|Weezing-Galar, F|100/100
|-ability|p2a: Weezing|Neutralizing Gas
|-damage|p2a: Weezing|88/100|[from] Stealth Rock
|
|-weather|Sandstorm|[upkeep]
|-damage|p2a: Weezing|82/100|[from] Sandstorm
|-heal|p2a: Weezing|88/100|[from] item: Black Sludge
|-end|p1a: Hippowdon|Infestation|[partiallytrapped]|[silent]
|upkeep
|turn|8
|
|t:|1759041745
|move|p2a: Weezing|Toxic Spikes|p1a: Hippowdon
|-sidestart|p1: wssyltlp|move: Toxic Spikes
|move|p1a: Hippowdon|Earthquake|p2a: Weezing
|-supereffective|p2a: Weezing
|-damage|p2a: Weezing|24/100
|
|-weather|none
|-heal|p2a: Weezing|30/100|[from] item: Black Sludge
|upkeep
|turn|9
|
|t:|1759041747
|move|p2a: Weezing|Toxic Spikes|p1a: Hippowdon
|-sidestart|p1: wssyltlp|move: Toxic Spikes
|move|p1a: Hippowdon|Earthquake|p2a: Weezing
|-supereffective|p2a: Weezing
|-damage|p2a: Weezing|0 fnt
|faint|p2a: Weezing
|-end|p2a: Weezing|ability: Neutralizing Gas
|-weather|Sandstorm|[from] ability: Sand Stream|[of] p1a: Hippowdon
|
|-weather|Sandstorm|[upkeep]
|upkeep
|
|t:|1759041754
|switch|p2a: Deoxys|Deoxys-Speed|100/100
|-damage|p2a: Deoxys|88/100|[from] Stealth Rock
|-ability|p2a: Deoxys|Pressure
|turn|10
|
|t:|1759041760
|move|p2a: Deoxys|Psycho Boost|p1a: Hippowdon
|-damage|p1a: Hippowdon|0 fnt
|-unboost|p2a: Deoxys|spa|2
|faint|p1a: Hippowdon
|
|-weather|Sandstorm|[upkeep]
|-damage|p2a: Deoxys|82/100|[from] Sandstorm
|upkeep
|
|t:|1759041768
|switch|p1a: Excadrill|Excadrill, F, shiny|100/100
|-activate|p1a: Excadrill|move: Sticky Web
|-unboost|p1a: Excadrill|spe|1
|turn|11
|
|t:|1759041772
|switch|p2a: Braviary|Braviary-Hisui, M|100/100
|-terastallize|p1a: Excadrill|Ground
|move|p1a: Excadrill|Earthquake|p2a: Braviary
|-immune|p2a: Braviary
|
|-weather|Sandstorm|[upkeep]
|-damage|p2a: Braviary|94/100|[from] Sandstorm
|upkeep
|turn|12
|
|t:|1759041782
|move|p1a: Excadrill|Rock Slide|p2a: Braviary
|-supereffective|p2a: Braviary
|-damage|p2a: Braviary|6/100
|-damage|p1a: Excadrill|91/100|[from] item: Life Orb
|move|p2a: Braviary|Esper Wing|p1a: Excadrill
|-damage|p1a: Excadrill|14/100
|
|-weather|Sandstorm|[upkeep]
|-damage|p2a: Braviary|0 fnt|[from] Sandstorm
|faint|p2a: Braviary
|upkeep
|
|t:|1759041788
|switch|p2a: Deoxys|Deoxys-Speed|82/100
|-damage|p2a: Deoxys|69/100|[from] Stealth Rock
|-ability|p2a: Deoxys|Pressure
|turn|13
|
|t:|1759041796
|move|p2a: Deoxys|Shadow Ball|p1a: Excadrill
|-damage|p1a: Excadrill|0 fnt
|faint|p1a: Excadrill
|
|-weather|Sandstorm|[upkeep]
|-damage|p2a: Deoxys|63/100|[from] Sandstorm
|upkeep
|
|t:|1759041799
|switch|p1a: Garganacl|Garganacl, M, shiny|100/100
|-item|p1a: Garganacl|Air Balloon
|turn|14
|
|t:|1759041802
|switch|p2a: Lokix|Lokix, F|34/100
|-damage|p2a: Lokix|9/100|[from] Stealth Rock
|move|p1a: Garganacl|Salt Cure|p2a: Lokix
|-supereffective|p2a: Lokix
|-damage|p2a: Lokix|0 fnt
|faint|p2a: Lokix
|
|-weather|Sandstorm|[upkeep]
|upkeep
|
|t:|1759041804
|switch|p2a: Decidueye|Decidueye-Hisui, M|84/100
|-damage|p2a: Decidueye|78/100|[from] Stealth Rock
|turn|15
|
|t:|1759041808
|move|p2a: Decidueye|Triple Arrows|p1a: Garganacl
|-supereffective|p1a: Garganacl
|-damage|p1a: Garganacl|17/100
|-unboost|p1a: Garganacl|def|1
|-enditem|p1a: Garganacl|Air Balloon
|-damage|p2a: Decidueye|68/100|[from] item: Life Orb
|move|p1a: Garganacl|Salt Cure|p2a: Decidueye
|-resisted|p2a: Decidueye
|-damage|p2a: Decidueye|60/100
|-start|p2a: Decidueye|Salt Cure
|
|-weather|Sandstorm|[upkeep]
|-damage|p2a: Decidueye|54/100|[from] Sandstorm
|-damage|p2a: Decidueye|42/100|[from] Salt Cure
|upkeep
|turn|16
|
|t:|1759041819
|move|p2a: Decidueye|Triple Arrows|p1a: Garganacl
|-supereffective|p1a: Garganacl
|-crit|p1a: Garganacl
|-damage|p1a: Garganacl|0 fnt
|faint|p1a: Garganacl
|-damage|p2a: Decidueye|32/100|[from] item: Life Orb
|
|-weather|none
|-damage|p2a: Decidueye|20/100|[from] Salt Cure
|upkeep
|
|t:|1759041823
|switch|p1a: Landorus|Landorus-Therian, M|100/100
|-ability|p1a: Landorus|Intimidate|boost
|-fail|p2a: Decidueye|unboost|Attack|[from] ability: Scrappy|[of] p2a: Decidueye
|turn|17
|
|t:|1759041828
|move|p1a: Landorus|U-turn|p2a: Decidueye
|-crit|p2a: Decidueye
|-damage|p2a: Decidueye|0 fnt
|faint|p2a: Decidueye
|
|t:|1759041830
|switch|p1a: Iron Moth|Iron Moth|100/100|[from] U-turn
|-activate|p1a: Iron Moth|move: Sticky Web
|-unboost|p1a: Iron Moth|spe|1
|-sideend|p1: wssyltlp|move: Toxic Spikes|[of] p1a: Iron Moth
|-enditem|p1a: Iron Moth|Booster Energy
|-activate|p1a: Iron Moth|ability: Quark Drive|[fromitem]
|-start|p1a: Iron Moth|quarkdrivespa
|
|upkeep
|
|t:|1759041835
|switch|p2a: Deoxys|Deoxys-Speed|63/100
|-damage|p2a: Deoxys|51/100|[from] Stealth Rock
|-ability|p2a: Deoxys|Pressure
|turn|18
|
|t:|1759041841
|move|p2a: Deoxys|Psycho Boost|p1a: Iron Moth
|-supereffective|p1a: Iron Moth
|-damage|p1a: Iron Moth|0 fnt
|-unboost|p2a: Deoxys|spa|2
|faint|p1a: Iron Moth
|-end|p1a: Iron Moth|Quark Drive|[silent]
|
|upkeep
|
|t:|1759041847
|switch|p1a: Landorus|Landorus-Therian, M|100/100
|-ability|p1a: Landorus|Intimidate|boost
|-unboost|p2a: Deoxys|atk|1
|turn|19
|
|t:|1759041850
|switch|p2a: Araquanid|Araquanid, F|62/100
|-damage|p2a: Araquanid|37/100|[from] Stealth Rock
|move|p1a: Landorus|Earthquake|p2a: Araquanid
|-resisted|p2a: Araquanid
|-damage|p2a: Araquanid|8/100
|
|-heal|p2a: Araquanid|14/100|[from] item: Leftovers
|upkeep
|turn|20
|
|t:|1759041857
|move|p1a: Landorus|U-turn|p2a: Araquanid
|-damage|p2a: Araquanid|0 fnt
|faint|p2a: Araquanid
|
|t:|1759041859
|switch|p1a: Kingambit|Kingambit, F|100/100|[from] U-turn
|-activate|p1a: Kingambit|move: Sticky Web
|-unboost|p1a: Kingambit|spe|1
|-activate|p1a: Kingambit|ability: Supreme Overlord
|-start|p1a: Kingambit|fallen4|[silent]
|
|upkeep
|-message|james897_yt forfeited.
|
|win|wssyltlp
|raw|wssyltlp's rating: 1136 &rarr; <strong>1161</strong><br />(+25 for winning)
|raw|james897_yt's rating: 1141 &rarr; <strong>1116</strong><br />(-25 for losing)
|l|☆james897_yt
|player|p2|
|l|☆wssyltlp
|player|p1|
