|j|☆Azunail
|j|☆YajirobeFromDC_FAN
|t:|1758981843
|gametype|singles
|player|p1|Azunail|yellow|1556
|player|p2|YajirobeFromDC_FAN|preschooler|1556
|gen|9
|tier|[Gen 9] OU
|rated|
|rule|HP Percentage Mod: HP is shown in percentages
|rule|Endless Battle Clause: Forcing endless battles is banned
|rule|Species Clause: Limit one of each Pokémon
|rule|OHKO Clause: OHKO moves are banned
|rule|Evasion Items Clause: Evasion items are banned
|rule|Evasion Moves Clause: Evasion moves are banned
|rule|Evasion Abilities Clause: Evasion abilities are banned
|rule|Sleep Moves Clause: Sleep-inducing moves are banned
|clearpoke
|poke|p1|Snorlax, F|
|poke|p1|Gholdengo|
|poke|p1|Landorus-Therian, M|
|poke|p1|Zamazenta-*|
|poke|p1|Rillaboom, F|
|poke|p1|Dragonite, M|
|poke|p2|Ursaluna, M|
|poke|p2|Hatterene, F|
|poke|p2|Indeedee, M|
|poke|p2|Iron Hands|
|poke|p2|Hoopa-Unbound|
|poke|p2|Mimikyu, F|
|teampreview
|inactive|Battle timer is ON: inactive players will automatically lose when time's up. (requested by Azunail)
|
|t:|1758981873
|teamsize|p1|6
|teamsize|p2|6
|start
|switch|p1a: Rillaboom|Rillaboom, F|100/100
|switch|p2a: Mimikyu|Mimikyu, F|100/100
|-fieldstart|move: Grassy Terrain|[from] ability: Grassy Surge|[of] p1a: Rillaboom
|turn|1
|
|t:|1758981881
|move|p1a: Rillaboom|U-turn|p2a: Mimikyu
|-activate|p2a: Mimikyu|ability: Disguise
|-damage|p2a: Mimikyu|100/100
|detailschange|p2a: Mimikyu|Mimikyu-Busted, F
|-damage|p2a: Mimikyu|88/100|[from] pokemon: Mimikyu-Busted
|-enditem|p2a: Mimikyu|Red Card|[of] p1a: Rillaboom
|drag|p1a: Gholdengo|Gholdengo|100/100
|move|p2a: Mimikyu|Trick Room|p2a: Mimikyu
|-fieldstart|move: Trick Room|[of] p2a: Mimikyu
|
|-heal|p2a: Mimikyu|94/100|[from] Grassy Terrain
|upkeep
|turn|2
|inactive|YajirobeFromDC_FAN has 120 seconds left.
|
|t:|1758981912
|switch|p2a: Indeedee|Indeedee, M|100/100
|move|p1a: Gholdengo|Trick|p2a: Indeedee
|-activate|p1a: Gholdengo|move: Trick|[of] p2a: Indeedee
|-item|p2a: Indeedee|Choice Scarf|[from] move: Trick
|-item|p1a: Gholdengo|Terrain Extender|[from] move: Trick
|
|upkeep
|turn|3
|inactive|YajirobeFromDC_FAN has 120 seconds left.
|
|t:|1758981933
|switch|p1a: Landorus|Landorus-Therian, M|100/100
|-ability|p1a: Landorus|Intimidate|boost
|-fail|p2a: Indeedee|unboost|Attack|[from] ability: Inner Focus|[of] p2a: Indeedee
|switch|p2a: Ursaluna|Ursaluna, M|100/100
|
|-status|p2a: Ursaluna|brn|[from] item: Flame Orb
|upkeep
|turn|4
|inactive|YajirobeFromDC_FAN has 120 seconds left.
|
|t:|1758981953
|move|p2a: Ursaluna|Ice Punch|p1a: Landorus
|-supereffective|p1a: Landorus
|-damage|p1a: Landorus|0 fnt
|-damage|p2a: Ursaluna|84/100 brn|[from] item: Rocky Helmet|[of] p1a: Landorus
|faint|p1a: Landorus
|
|-heal|p2a: Ursaluna|90/100 brn|[from] Grassy Terrain
|-damage|p2a: Ursaluna|84/100 brn|[from] brn
|upkeep
|
|t:|1758981966
|switch|p1a: Zamazenta|Zamazenta|100/100
|-ability|p1a: Zamazenta|Dauntless Shield|boost
|-boost|p1a: Zamazenta|def|1
|turn|5
|
|t:|1758981975
|-terastallize|p2a: Ursaluna|Normal
|move|p2a: Ursaluna|Facade|p1a: Zamazenta
|-damage|p1a: Zamazenta|5/100
|move|p1a: Zamazenta|Iron Defense|p1a: Zamazenta
|-boost|p1a: Zamazenta|def|2
|
|-heal|p2a: Ursaluna|90/100 brn|[from] Grassy Terrain
|-heal|p1a: Zamazenta|11/100|[from] Grassy Terrain
|-heal|p1a: Zamazenta|18/100|[from] item: Leftovers
|-damage|p2a: Ursaluna|84/100 brn|[from] brn
|-fieldend|move: Trick Room
|-fieldend|move: Grassy Terrain
|upkeep
|turn|6
|inactive|YajirobeFromDC_FAN has 120 seconds left.
|
|t:|1758981991
|switch|p2a: Indeedee|Indeedee, M|100/100
|move|p1a: Zamazenta|Body Press|p2a: Indeedee
|-damage|p2a: Indeedee|9/100
|
|-heal|p1a: Zamazenta|24/100|[from] item: Leftovers
|upkeep
|turn|7
|
|t:|1758981998
|move|p1a: Zamazenta|Crunch|p2a: Indeedee
|-supereffective|p2a: Indeedee
|-damage|p2a: Indeedee|0 fnt
|faint|p2a: Indeedee
|
|-heal|p1a: Zamazenta|30/100|[from] item: Leftovers
|upkeep
|
|t:|1758982008
|switch|p2a: Mimikyu|Mimikyu-Busted, F|94/100
|turn|8
|
|t:|1758982017
|move|p1a: Zamazenta|Crunch|p2a: Mimikyu
|-damage|p2a: Mimikyu|74/100
|move|p2a: Mimikyu|Trick Room|p2a: Mimikyu
|-fieldstart|move: Trick Room|[of] p2a: Mimikyu
|
|-heal|p1a: Zamazenta|36/100|[from] item: Leftovers
|upkeep
|turn|9
|
|t:|1758982025
|move|p2a: Mimikyu|Curse|p1a: Zamazenta
|-start|p1a: Zamazenta|Curse|[of] p2a: Mimikyu
|-damage|p2a: Mimikyu|24/100
|move|p1a: Zamazenta|Iron Defense|p1a: Zamazenta
|-boost|p1a: Zamazenta|def|2
|
|-heal|p1a: Zamazenta|42/100|[from] item: Leftovers
|-damage|p1a: Zamazenta|17/100|[from] Curse
|upkeep
|turn|10
|
|t:|1758982040
|switch|p2a: Hatterene|Hatterene, F|100/100
|move|p1a: Zamazenta|Crunch|p2a: Hatterene
|-damage|p2a: Hatterene|78/100
|
|-heal|p1a: Zamazenta|23/100|[from] item: Leftovers
|-damage|p1a: Zamazenta|0 fnt|[from] Curse
|faint|p1a: Zamazenta
|upkeep
|
|t:|1758982046
|switch|p1a: Snorlax|Snorlax, F, shiny|100/100
|turn|11
|
|t:|1758982058
|switch|p2a: Iron Hands|Iron Hands|100/100
|-enditem|p2a: Iron Hands|Booster Energy
|-activate|p2a: Iron Hands|ability: Quark Drive|[fromitem]
|-start|p2a: Iron Hands|quarkdriveatk
|move|p1a: Snorlax|Curse|p1a: Snorlax
|-unboost|p1a: Snorlax|spe|1
|-boost|p1a: Snorlax|atk|1
|-boost|p1a: Snorlax|def|1
|
|upkeep
|turn|12
|
|t:|1758982069
|move|p1a: Snorlax|Curse|p1a: Snorlax
|-unboost|p1a: Snorlax|spe|1
|-boost|p1a: Snorlax|atk|1
|-boost|p1a: Snorlax|def|1
|move|p2a: Iron Hands|Close Combat|p1a: Snorlax
|-supereffective|p1a: Snorlax
|-damage|p1a: Snorlax|6/100
|-unboost|p2a: Iron Hands|def|1
|-unboost|p2a: Iron Hands|spd|1
|
|-heal|p1a: Snorlax|12/100|[from] item: Leftovers
|-fieldend|move: Trick Room
|upkeep
|turn|13
|
|t:|1758982084
|-terastallize|p1a: Snorlax|Ghost
|move|p2a: Iron Hands|Supercell Slam|p1a: Snorlax
|-damage|p1a: Snorlax|0 fnt
|faint|p1a: Snorlax
|
|upkeep
|
|t:|1758982096
|switch|p1a: Rillaboom|Rillaboom, F|100/100
|-fieldstart|move: Grassy Terrain|[from] ability: Grassy Surge|[of] p1a: Rillaboom
|turn|14
|
|t:|1758982103
|-end|p2a: Iron Hands|Quark Drive|[silent]
|switch|p2a: Mimikyu|Mimikyu-Busted, F|24/100
|move|p1a: Rillaboom|Wood Hammer|p2a: Mimikyu
|-damage|p2a: Mimikyu|0 fnt
|faint|p2a: Mimikyu
|-damage|p1a: Rillaboom|93/100|[from] Recoil
|
|-heal|p1a: Rillaboom|99/100|[from] Grassy Terrain
|upkeep
|
|t:|1758982121
|switch|p2a: Iron Hands|Iron Hands|100/100
|turn|15
|
|t:|1758982128
|move|p1a: Rillaboom|Wood Hammer|p2a: Iron Hands
|-damage|p2a: Iron Hands|4/100
|-damage|p1a: Rillaboom|57/100|[from] Recoil
|move|p2a: Iron Hands|Ice Punch|p1a: Rillaboom
|-supereffective|p1a: Rillaboom
|-damage|p1a: Rillaboom|0 fnt
|faint|p1a: Rillaboom
|
|-heal|p2a: Iron Hands|10/100|[from] Grassy Terrain
|upkeep
|
|t:|1758982137
|switch|p1a: Dragonite|Dragonite, M|100/100
|turn|16
|
|t:|1758982145
|move|p1a: Dragonite|Extreme Speed|p2a: Iron Hands
|-damage|p2a: Iron Hands|0 fnt
|faint|p2a: Iron Hands
|-end|p2a: Iron Hands|Quark Drive|[silent]
|
|upkeep
|
|t:|1758982151
|switch|p2a: Hatterene|Hatterene, F|78/100
|turn|17
|
|t:|1758982157
|move|p1a: Dragonite|Dragon Dance|p1a: Dragonite
|-boost|p1a: Dragonite|atk|1
|-boost|p1a: Dragonite|spe|1
|move|p2a: Hatterene|Trick Room|p2a: Hatterene
|-fieldstart|move: Trick Room|[of] p2a: Hatterene
|
|-heal|p2a: Hatterene|84/100|[from] Grassy Terrain
|upkeep
|turn|18
|
|t:|1758982166
|move|p2a: Hatterene|Draining Kiss|p1a: Dragonite
|-supereffective|p1a: Dragonite
|-damage|p1a: Dragonite|63/100
|-heal|p2a: Hatterene|100/100|[from] drain|[of] p1a: Dragonite
|-damage|p2a: Hatterene|91/100|[from] item: Life Orb
|move|p1a: Dragonite|Dragon Dance|p1a: Dragonite
|-boost|p1a: Dragonite|atk|1
|-boost|p1a: Dragonite|spe|1
|
|-heal|p2a: Hatterene|97/100|[from] Grassy Terrain
|-fieldend|move: Grassy Terrain
|upkeep
|turn|19
|
|t:|1758982177
|move|p1a: Dragonite|Extreme Speed|p2a: Hatterene
|-damage|p2a: Hatterene|28/100
|move|p2a: Hatterene|Draining Kiss|p1a: Dragonite
|-supereffective|p1a: Dragonite
|-damage|p1a: Dragonite|0 fnt
|-heal|p2a: Hatterene|76/100|[from] drain|[of] p1a: Dragonite
|faint|p1a: Dragonite
|-damage|p2a: Hatterene|66/100|[from] item: Life Orb
|
|upkeep
|
|t:|1758982181
|switch|p1a: Gholdengo|Gholdengo|100/100
|turn|20
|
|t:|1758982186
|move|p2a: Hatterene|Mystical Fire|p1a: Gholdengo
|-supereffective|p1a: Gholdengo
|-damage|p1a: Gholdengo|4/100
|-unboost|p1a: Gholdengo|spa|1
|-damage|p2a: Hatterene|56/100|[from] item: Life Orb
|move|p1a: Gholdengo|Make It Rain|p2a: Hatterene
|-supereffective|p2a: Hatterene
|-damage|p2a: Hatterene|0 fnt
|-unboost|p1a: Gholdengo|spa|1
|faint|p2a: Hatterene
|
|upkeep
|-message|Azunail forfeited.
|
|win|YajirobeFromDC_FAN
|raw|Azunail's rating: 1556 &rarr; <strong>1536</strong><br />(-20 for losing)
|raw|YajirobeFromDC_FAN's rating: 1556 &rarr; <strong>1576</strong><br />(+20 for winning)
|l|☆Azunail
|player|p1|
|l|☆YajirobeFromDC_FAN
|player|p2|
