|j|☆Red Icigool
|j|☆garcila28
|t:|1758984717
|gametype|singles
|player|p1|Red Icigool|swimmerf-gen4|1182
|player|p2|garcila28|170|1214
|gen|9
|tier|[Gen 9] OU
|rated|
|rule|HP Percentage Mod: HP is shown in percentages
|rule|Endless Battle Clause: Forcing endless battles is banned
|rule|Species Clause: Limit one of each Pokémon
|rule|OHKO Clause: OHKO moves are banned
|rule|Evasion Items Clause: Evasion items are banned
|rule|Evasion Moves Clause: Evasion moves are banned
|rule|Evasion Abilities Clause: Evasion abilities are banned
|rule|Sleep Moves Clause: Sleep-inducing moves are banned
|clearpoke
|poke|p1|Forretress, F|
|poke|p1|Scizor, M|
|poke|p1|Kleavor, M|
|poke|p1|Yanmega, M|
|poke|p1|Araquanid, F|
|poke|p1|Vikavolt, M|
|poke|p2|Gliscor, F|
|poke|p2|Ribombee, M|
|poke|p2|Gholdengo|
|poke|p2|Kyurem|
|poke|p2|Ogerpon-Wellspring, F|
|poke|p2|Regidrago|
|teampreview
|
|t:|1758984763
|teamsize|p1|6
|teamsize|p2|6
|start
|switch|p1a: Araquanid|Araquanid, F|100/100
|switch|p2a: Shorty|Ribombee, M|100/100
|turn|1
|inactive|Battle timer is ON: inactive players will automatically lose when time's up. (requested by garcila28)
|
|t:|1758984814
|move|p2a: Shorty|Sticky Web|p1a: Araquanid
|-sidestart|p1: Red Icigool|move: Sticky Web
|move|p1a: Araquanid|Sticky Web|p2a: Shorty
|-sidestart|p2: garcila28|move: Sticky Web
|
|upkeep
|turn|2
|
|t:|1758984832
|switch|p2a: Shimo|Kyurem|100/100
|-activate|p2a: Shimo|move: Sticky Web
|-unboost|p2a: Shimo|spe|1
|-ability|p2a: Shimo|Pressure
|move|p1a: Araquanid|Liquidation|p2a: Shimo
|-resisted|p2a: Shimo
|-damage|p2a: Shimo|78/100
|
|upkeep
|turn|3
|
|t:|1758984839
|move|p2a: Shimo|Scale Shot|p1a: Araquanid|[miss]
|-miss|p2a: Shimo|p1a: Araquanid
|move|p1a: Araquanid|Mirror Coat||[still]
|-fail|p1a: Araquanid
|
|upkeep
|turn|4
|
|t:|1758984846
|move|p2a: Shimo|Scale Shot|p1a: Araquanid
|-damage|p1a: Araquanid|86/100
|-damage|p1a: Araquanid|72/100
|-damage|p1a: Araquanid|57/100
|-crit|p1a: Araquanid
|-damage|p1a: Araquanid|35/100
|-damage|p1a: Araquanid|20/100
|-hitcount|p1a: Araquanid|5
|-unboost|p2a: Shimo|def|1
|-boost|p2a: Shimo|spe|1
|move|p1a: Araquanid|Liquidation|p2a: Shimo
|-resisted|p2a: Shimo
|-damage|p2a: Shimo|45/100
|
|-heal|p1a: Araquanid|26/100|[from] item: Leftovers
|upkeep
|turn|5
|
|t:|1758984854
|switch|p1a: Forretress|Forretress, F|100/100
|-activate|p1a: Forretress|move: Sticky Web
|-unboost|p1a: Forretress|spe|1
|move|p2a: Shimo|Scale Shot|p1a: Forretress
|-resisted|p1a: Forretress
|-crit|p1a: Forretress
|-damage|p1a: Forretress|95/100
|-resisted|p1a: Forretress
|-damage|p1a: Forretress|91/100
|-resisted|p1a: Forretress
|-damage|p1a: Forretress|87/100
|-resisted|p1a: Forretress
|-damage|p1a: Forretress|84/100
|-hitcount|p1a: Forretress|4
|-unboost|p2a: Shimo|def|1
|-boost|p2a: Shimo|spe|1
|
|upkeep
|turn|6
|
|t:|1758984861
|move|p2a: Shimo|Earth Power|p1a: Forretress
|-damage|p1a: Forretress|46/100
|move|p1a: Forretress|Rapid Spin|p2a: Shimo
|-damage|p2a: Shimo|25/100
|-boost|p1a: Forretress|spe|1
|-sideend|p1: Red Icigool|Sticky Web|[from] move: Rapid Spin|[of] p1a: Forretress
|
|upkeep
|turn|7
|
|t:|1758984869
|move|p2a: Shimo|Earth Power|p1a: Forretress
|-damage|p1a: Forretress|5/100
|move|p1a: Forretress|Thunder Wave|p2a: Shimo
|-status|p2a: Shimo|par
|
|upkeep
|turn|8
|
|t:|1758984875
|move|p2a: Shimo|Earth Power|p1a: Forretress
|-damage|p1a: Forretress|0 fnt
|faint|p1a: Forretress
|
|upkeep
|
|t:|1758984880
|switch|p1a: Kleavor|Kleavor, M|100/100
|turn|9
|
|t:|1758984884
|move|p1a: Kleavor|Stone Axe|p2a: Shimo
|-supereffective|p2a: Shimo
|-damage|p2a: Shimo|0 fnt
|-sidestart|p2: garcila28|move: Stealth Rock
|faint|p2a: Shimo
|
|upkeep
|
|t:|1758984891
|switch|p2a: Scorpion|Gliscor, F, shiny|100/100
|-damage|p2a: Scorpion|88/100|[from] Stealth Rock
|turn|10
|
|t:|1758984896
|switch|p1a: Araquanid|Araquanid, F|26/100
|move|p2a: Scorpion|Swords Dance|p2a: Scorpion
|-boost|p2a: Scorpion|atk|2
|
|-heal|p1a: Araquanid|32/100|[from] item: Leftovers
|-status|p2a: Scorpion|tox|[from] item: Toxic Orb
|upkeep
|turn|11
|
|t:|1758984900
|move|p2a: Scorpion|Dual Wingbeat|p1a: Araquanid
|-supereffective|p1a: Araquanid
|-damage|p1a: Araquanid|0 fnt
|faint|p1a: Araquanid
|-hitcount|p1: Araquanid|1
|
|-heal|p2a: Scorpion|100/100 tox|[from] ability: Poison Heal
|upkeep
|
|t:|1758984905
|switch|p1a: Yanmega|Yanmega, M|100/100
|turn|12
|
|t:|1758984912
|move|p2a: Scorpion|Swords Dance|p2a: Scorpion
|-boost|p2a: Scorpion|atk|2
|move|p1a: Yanmega|Air Slash|p2a: Scorpion
|-damage|p2a: Scorpion|36/100 tox
|
|-heal|p2a: Scorpion|48/100 tox|[from] ability: Poison Heal
|-ability|p1a: Yanmega|Speed Boost|boost
|-boost|p1a: Yanmega|spe|1
|upkeep
|turn|13
|
|t:|1758984918
|move|p2a: Scorpion|Protect|p2a: Scorpion
|-singleturn|p2a: Scorpion|Protect
|move|p1a: Yanmega|Air Slash|p2a: Scorpion
|-activate|p2a: Scorpion|move: Protect
|
|-heal|p2a: Scorpion|61/100 tox|[from] ability: Poison Heal
|-ability|p1a: Yanmega|Speed Boost|boost
|-boost|p1a: Yanmega|spe|1
|upkeep
|turn|14
|
|t:|1758984923
|move|p1a: Yanmega|Air Slash|p2a: Scorpion
|-damage|p2a: Scorpion|0 fnt
|faint|p2a: Scorpion
|
|-ability|p1a: Yanmega|Speed Boost|boost
|-boost|p1a: Yanmega|spe|1
|upkeep
|
|t:|1758984934
|switch|p2a: Regiman|Regidrago|100/100
|-activate|p2a: Regiman|move: Sticky Web
|-unboost|p2a: Regiman|spe|1
|-damage|p2a: Regiman|88/100|[from] Stealth Rock
|turn|15
|
|t:|1758984941
|move|p1a: Yanmega|Air Slash|p2a: Regiman
|-damage|p2a: Regiman|18/100
|move|p2a: Regiman|Dragon Energy|p1a: Yanmega
|-damage|p1a: Yanmega|55/100
|
|-ability|p1a: Yanmega|Speed Boost|boost
|-boost|p1a: Yanmega|spe|1
|upkeep
|turn|16
|
|t:|1758984948
|move|p1a: Yanmega|Air Slash|p2a: Regiman
|-damage|p2a: Regiman|0 fnt
|faint|p2a: Regiman
|
|-ability|p1a: Yanmega|Speed Boost|boost
|-boost|p1a: Yanmega|spe|1
|upkeep
|
|t:|1758984951
|switch|p2a: Goldylocks|Gholdengo|100/100
|-damage|p2a: Goldylocks|94/100|[from] Stealth Rock
|-item|p2a: Goldylocks|Air Balloon
|turn|17
|
|t:|1758984959
|move|p1a: Yanmega|Air Slash|p2a: Goldylocks
|-resisted|p2a: Goldylocks
|-damage|p2a: Goldylocks|59/100
|-enditem|p2a: Goldylocks|Air Balloon
|move|p2a: Goldylocks|Shadow Ball|p1a: Yanmega
|-damage|p1a: Yanmega|0 fnt
|faint|p1a: Yanmega
|
|upkeep
|
|t:|1758984973
|switch|p1a: Kleavor|Kleavor, M|100/100
|turn|18
|inactive|garcila28 has 120 seconds left.
|inactive|garcila28 has 90 seconds left.
|
|t:|1758985055
|move|p1a: Kleavor|Night Slash|p2a: Goldylocks
|-supereffective|p2a: Goldylocks
|-damage|p2a: Goldylocks|0 fnt
|faint|p2a: Goldylocks
|
|upkeep
|
|t:|1758985059
|switch|p2a: Slim Shady|Ogerpon-Wellspring, F|100/100
|-activate|p2a: Slim Shady|move: Sticky Web
|-unboost|p2a: Slim Shady|spe|1
|-damage|p2a: Slim Shady|88/100|[from] Stealth Rock
|turn|19
|
|t:|1758985064
|-terastallize|p2a: Slim Shady|Water
|detailschange|p2a: Slim Shady|Ogerpon-Wellspring-Tera, F, tera:Water
|-ability|p2a: Slim Shady|Embody Aspect (Wellspring)|boost
|-boost|p2a: Slim Shady|spd|1
|move|p1a: Kleavor|Night Slash|p2a: Slim Shady
|-damage|p2a: Slim Shady|35/100
|move|p2a: Slim Shady|Ivy Cudgel|p1a: Kleavor|[anim] Ivy Cudgel Water
|-supereffective|p1a: Kleavor
|-damage|p1a: Kleavor|0 fnt
|faint|p1a: Kleavor
|
|upkeep
|
|t:|1758985073
|switch|p1a: Scizor|Scizor, M|100/100
|turn|20
|
|t:|1758985076
|move|p1a: Scizor|Bullet Punch|p2a: Slim Shady
|-resisted|p2a: Slim Shady
|-damage|p2a: Slim Shady|13/100
|move|p2a: Slim Shady|Ivy Cudgel|p1a: Scizor|[anim] Ivy Cudgel Water
|-crit|p1a: Scizor
|-damage|p1a: Scizor|0 fnt
|faint|p1a: Scizor
|
|upkeep
|
|t:|1758985080
|switch|p1a: Vikavolt|Vikavolt, M|100/100
|turn|21
|
|t:|1758985088
|-terastallize|p1a: Vikavolt|Electric
|move|p2a: Slim Shady|Ivy Cudgel|p1a: Vikavolt|[anim] Ivy Cudgel Water
|-damage|p1a: Vikavolt|8/100
|move|p1a: Vikavolt|Agility|p1a: Vikavolt
|-boost|p1a: Vikavolt|spe|2
|
|upkeep
|turn|22
|
|t:|1758985094
|move|p1a: Vikavolt|Bug Buzz|p2a: Slim Shady
|-damage|p2a: Slim Shady|0 fnt
|faint|p2a: Slim Shady
|detailschange|p2: Slim Shady|Ogerpon-Wellspring, F|[silent]
|-enditem|p1a: Vikavolt|Throat Spray
|-boost|p1a: Vikavolt|spa|1|[from] item: Throat Spray
|
|upkeep
|
|t:|1758985097
|switch|p2a: Shorty|Ribombee, M|100/100
|-activate|p2a: Shorty|move: Sticky Web
|-unboost|p2a: Shorty|spe|1
|-damage|p2a: Shorty|76/100|[from] Stealth Rock
|turn|23
|
|t:|1758985104
|move|p1a: Vikavolt|Thunderbolt|p2a: Shorty
|-damage|p2a: Shorty|0 fnt
|faint|p2a: Shorty
|
|win|Red Icigool
|raw|Red Icigool's rating: 1182 &rarr; <strong>1209</strong><br />(+27 for winning)
|raw|garcila28's rating: 1214 &rarr; <strong>1187</strong><br />(-27 for losing)
|l|☆garcila28
|player|p2|
|c|☆Red Icigool|gg
|l|☆Red Icigool
|player|p1|
