|j|☆Semiau
|j|☆Mlbebek
|t:|1759067802
|gametype|singles
|player|p1|Semiau|musician|1183
|player|p2|Mlbebek|psychic|1171
|gen|9
|tier|[Gen 9] OU
|rated|
|rule|HP Percentage Mod: HP is shown in percentages
|rule|Endless Battle Clause: Forcing endless battles is banned
|rule|Species Clause: Limit one of each Pokémon
|rule|OHKO Clause: OHKO moves are banned
|rule|Evasion Items Clause: Evasion items are banned
|rule|Evasion Moves Clause: Evasion moves are banned
|rule|Evasion Abilities Clause: Evasion abilities are banned
|rule|Sleep Moves Clause: Sleep-inducing moves are banned
|clearpoke
|poke|p1|Alomomola, F|
|poke|p1|Hydrapple, F|
|poke|p1|Mienshao, F|
|poke|p1|Toxapex, F|
|poke|p1|Slowking-Galar, F|
|poke|p1|Corviknight, F|
|poke|p2|Heracross, M|
|poke|p2|Hatterene, F|
|poke|p2|Blaziken, M|
|poke|p2|Iron Valiant|
|poke|p2|Kingambit, M|
|poke|p2|Torkoal, F|
|teampreview
|
|t:|1759067815
|teamsize|p1|6
|teamsize|p2|6
|start
|switch|p1a: Mienshao|Mienshao, F|100/100
|switch|p2a: Heracross|Heracross, M, shiny|100/100
|turn|1
|
|t:|1759067828
|move|p1a: Mienshao|U-turn|p2a: Heracross
|-resisted|p2a: Heracross
|-damage|p2a: Heracross|82/100
|
|t:|1759067835
|switch|p1a: Corviknight|Corviknight, F|100/100|[from] U-turn
|move|p2a: Heracross|Trailblaze|p1a: Corviknight
|-resisted|p1a: Corviknight
|-damage|p1a: Corviknight|98/100
|-boost|p2a: Heracross|spe|1
|-damage|p2a: Heracross|65/100|[from] item: Rocky Helmet|[of] p1a: Corviknight
|
|-status|p2a: Heracross|brn|[from] item: Flame Orb
|upkeep
|turn|2
|
|t:|1759067844
|move|p2a: Heracross|Close Combat|p1a: Corviknight
|-damage|p1a: Corviknight|43/100
|-unboost|p2a: Heracross|def|1
|-unboost|p2a: Heracross|spd|1
|-damage|p2a: Heracross|48/100 brn|[from] item: Rocky Helmet|[of] p1a: Corviknight
|move|p1a: Corviknight|Brave Bird|p2a: Heracross
|-supereffective|p2a: Heracross
|-damage|p2a: Heracross|0 fnt
|faint|p2a: Heracross
|-damage|p1a: Corviknight|31/100|[from] Recoil
|
|upkeep
|
|t:|1759067855
|switch|p2a: Torkoal|Torkoal, F|100/100
|-weather|SunnyDay|[from] ability: Drought|[of] p2a: Torkoal
|turn|3
|
|t:|1759067860
|move|p1a: Corviknight|U-turn|p2a: Torkoal
|-resisted|p2a: Torkoal
|-damage|p2a: Torkoal|96/100
|
|t:|1759067877
|switch|p1a: Toxapex|Toxapex, F|100/100|[from] U-turn
|move|p2a: Torkoal|Stealth Rock|p1a: Toxapex
|-sidestart|p1: Semiau|move: Stealth Rock
|
|-weather|SunnyDay|[upkeep]
|upkeep
|turn|4
|
|t:|1759067888
|switch|p2a: Hatterene|Hatterene, F|100/100
|move|p1a: Toxapex|Toxic|p2a: Hatterene
|move|p2a: Hatterene|Toxic|p1a: Toxapex|[from] ability: Magic Bounce
|-immune|p1a: Toxapex
|
|-weather|SunnyDay|[upkeep]
|upkeep
|turn|5
|
|t:|1759067897
|switch|p1a: Slowking|Slowking-Galar, F, shiny|100/100
|-damage|p1a: Slowking|88/100|[from] Stealth Rock
|move|p2a: Hatterene|Psychic Noise|p1a: Slowking
|-damage|p1a: Slowking|63/100
|-start|p1a: Slowking|move: Heal Block
|
|-weather|SunnyDay|[upkeep]
|upkeep
|turn|6
|
|t:|1759067906
|switch|p2a: Kingambit|Kingambit, M|100/100
|-activate|p2a: Kingambit|ability: Supreme Overlord
|-start|p2a: Kingambit|fallen1|[silent]
|move|p1a: Slowking|Sludge Wave|p2a: Kingambit
|-immune|p2a: Kingambit
|
|-weather|SunnyDay|[upkeep]
|-end|p1a: Slowking|move: Heal Block
|upkeep
|turn|7
|
|t:|1759067914
|move|p2a: Kingambit|Low Kick|p1a: Slowking
|-resisted|p1a: Slowking
|-damage|p1a: Slowking|55/100
|move|p1a: Slowking|Flamethrower|p2a: Kingambit
|-supereffective|p2a: Kingambit
|-damage|p2a: Kingambit|22/100
|
|-weather|SunnyDay|[upkeep]
|-heal|p2a: Kingambit|28/100|[from] item: Leftovers
|upkeep
|turn|8
|
|t:|1759067924
|switch|p1a: Mienshao|Mienshao, F|100/100
|-damage|p1a: Mienshao|95/100|[from] Stealth Rock
|move|p2a: Kingambit|Kowtow Cleave|p1a: Mienshao
|-resisted|p1a: Mienshao
|-damage|p1a: Mienshao|42/100
|
|-weather|SunnyDay|[upkeep]
|-heal|p2a: Kingambit|34/100|[from] item: Leftovers
|upkeep
|turn|9
|
|t:|1759067931
|-end|p2a: Kingambit|fallen1|[silent]
|switch|p2a: Torkoal|Torkoal, F|96/100
|move|p1a: Mienshao|Close Combat|p2a: Torkoal
|-damage|p2a: Torkoal|61/100
|-unboost|p1a: Mienshao|def|1
|-unboost|p1a: Mienshao|spd|1
|
|-weather|SunnyDay|[upkeep]
|upkeep
|turn|10
|inactive|Battle timer is ON: inactive players will automatically lose when time's up. (requested by Mlbebek)
|inactive|Semiau has 120 seconds left.
|
|t:|1759068008
|switch|p1a: Toxapex|Toxapex, F|100/100
|-damage|p1a: Toxapex|88/100|[from] Stealth Rock
|switch|p2a: Hatterene|Hatterene, F|100/100
|
|-weather|none
|-heal|p1a: Toxapex|94/100|[from] item: Black Sludge
|upkeep
|turn|11
|
|t:|1759068034
|switch|p1a: Slowking|Slowking-Galar, F, shiny|89/100
|-damage|p1a: Slowking|76/100|[from] Stealth Rock
|move|p2a: Hatterene|Psychic Noise|p1a: Slowking
|-damage|p1a: Slowking|54/100
|-start|p1a: Slowking|move: Heal Block
|
|upkeep
|turn|12
|
|t:|1759068042
|switch|p2a: Blaziken|Blaziken, M|100/100
|move|p1a: Slowking|Flamethrower|p2a: Blaziken
|-resisted|p2a: Blaziken
|-damage|p2a: Blaziken|78/100
|
|-end|p1a: Slowking|move: Heal Block
|upkeep
|turn|13
|
|t:|1759068053
|switch|p2a: Torkoal|Torkoal, F|61/100
|-weather|SunnyDay|[from] ability: Drought|[of] p2a: Torkoal
|switch|p1a: Alomomola|Alomomola, F|100/100
|-damage|p1a: Alomomola|88/100|[from] Stealth Rock
|
|-weather|SunnyDay|[upkeep]
|-heal|p1a: Alomomola|94/100|[from] item: Leftovers
|upkeep
|turn|14
|
|t:|1759068063
|switch|p2a: Iron Valiant|Iron Valiant|100/100
|move|p1a: Alomomola|Wish|p1a: Alomomola
|
|-weather|SunnyDay|[upkeep]
|-heal|p1a: Alomomola|100/100|[from] item: Leftovers
|upkeep
|turn|15
|inactive|Semiau has 120 seconds left.
|
|t:|1759068112
|switch|p1a: Slowking|Slowking-Galar, F, shiny|87/100
|-damage|p1a: Slowking|74/100|[from] Stealth Rock
|move|p2a: Iron Valiant|Thunderbolt|p1a: Slowking
|-damage|p1a: Slowking|55/100
|-damage|p2a: Iron Valiant|91/100|[from] item: Life Orb
|
|-weather|SunnyDay|[upkeep]
|-heal|p1a: Slowking|100/100|[from] move: Wish|[wisher] Alomomola
|upkeep
|turn|16
|inactive|Mlbebek has 120 seconds left.
|
|t:|1759068144
|move|p2a: Iron Valiant|Knock Off|p1a: Slowking
|-supereffective|p1a: Slowking
|-damage|p1a: Slowking|30/100
|-enditem|p1a: Slowking|Assault Vest|[from] move: Knock Off|[of] p2a: Iron Valiant
|-damage|p2a: Iron Valiant|81/100|[from] item: Life Orb
|move|p1a: Slowking|Future Sight|p2a: Iron Valiant
|-start|p1a: Slowking|move: Future Sight
|
|-weather|SunnyDay|[upkeep]
|upkeep
|turn|17
|
|t:|1759068160
|switch|p1a: Alomomola|Alomomola, F|100/100
|-damage|p1a: Alomomola|88/100|[from] Stealth Rock
|move|p2a: Iron Valiant|Knock Off|p1a: Alomomola
|-damage|p1a: Alomomola|68/100
|-enditem|p1a: Alomomola|Leftovers|[from] move: Knock Off|[of] p2a: Iron Valiant
|-damage|p2a: Iron Valiant|71/100|[from] item: Life Orb
|
|-weather|SunnyDay|[upkeep]
|upkeep
|turn|18
|
|t:|1759068168
|-end|p2a: Iron Valiant|Quark Drive|[silent]
|switch|p2a: Hatterene|Hatterene, F|100/100
|move|p1a: Alomomola|Scald|p2a: Hatterene
|-damage|p2a: Hatterene|94/100
|-status|p2a: Hatterene|brn
|
|-weather|SunnyDay|[upkeep]
|-end|p2a: Hatterene|move: Future Sight
|-resisted|p2a: Hatterene
|-damage|p2a: Hatterene|64/100 brn
|-damage|p2a: Hatterene|58/100 brn|[from] brn
|upkeep
|turn|19
|
|t:|1759068179
|switch|p2a: Iron Valiant|Iron Valiant|71/100
|move|p1a: Alomomola|Wish|p1a: Alomomola
|
|-weather|SunnyDay|[upkeep]
|upkeep
|turn|20
|inactive|Semiau has 90 seconds left.
|
|t:|1759068209
|move|p2a: Iron Valiant|Knock Off|p1a: Alomomola
|-damage|p1a: Alomomola|56/100
|-damage|p2a: Iron Valiant|62/100|[from] item: Life Orb
|move|p1a: Alomomola|Wish||[still]
|-fail|p1a: Alomomola
|
|-weather|none
|-heal|p1a: Alomomola|100/100|[from] move: Wish|[wisher] Alomomola
|upkeep
|turn|21
|inactive|Semiau has 90 seconds left.
|
|t:|1759068217
|switch|p1a: Corviknight|Corviknight, F|31/100
|-damage|p1a: Corviknight|19/100|[from] Stealth Rock
|move|p2a: Iron Valiant|Thunderbolt|p1a: Corviknight
|-supereffective|p1a: Corviknight
|-damage|p1a: Corviknight|0 fnt
|faint|p1a: Corviknight
|-damage|p2a: Iron Valiant|52/100|[from] item: Life Orb
|
|upkeep
|inactive|Semiau has 90 seconds left.
|
|t:|1759068228
|switch|p1a: Hydrapple|Hydrapple, F|100/100
|-damage|p1a: Hydrapple|88/100|[from] Stealth Rock
|turn|22
|inactive|Semiau has 90 seconds left.
|
|t:|1759068234
|move|p2a: Iron Valiant|Moonblast|p1a: Hydrapple
|-supereffective|p1a: Hydrapple
|-damage|p1a: Hydrapple|0 fnt
|faint|p1a: Hydrapple
|-damage|p2a: Iron Valiant|42/100|[from] item: Life Orb
|
|upkeep
|inactive|Semiau has 90 seconds left.
|
|t:|1759068242
|switch|p1a: Mienshao|Mienshao, F|75/100
|-damage|p1a: Mienshao|69/100|[from] Stealth Rock
|turn|23
|
|t:|1759068265
|move|p1a: Mienshao|Knock Off|p2a: Iron Valiant
|-resisted|p2a: Iron Valiant
|-damage|p2a: Iron Valiant|31/100
|-enditem|p2a: Iron Valiant|Life Orb|[from] move: Knock Off|[of] p1a: Mienshao
|move|p2a: Iron Valiant|Moonblast|p1a: Mienshao
|-supereffective|p1a: Mienshao
|-damage|p1a: Mienshao|0 fnt
|faint|p1a: Mienshao
|
|upkeep
|
|t:|1759068270
|switch|p1a: Slowking|Slowking-Galar, F, shiny|63/100
|-damage|p1a: Slowking|50/100|[from] Stealth Rock
|turn|24
|
|t:|1759068272
|move|p2a: Iron Valiant|Psychic|p1a: Slowking
|-damage|p1a: Slowking|27/100
|-unboost|p1a: Slowking|spd|1
|move|p1a: Slowking|Sludge Wave|p2a: Iron Valiant
|-supereffective|p2a: Iron Valiant
|-damage|p2a: Iron Valiant|0 fnt
|faint|p2a: Iron Valiant
|-end|p2a: Iron Valiant|Quark Drive|[silent]
|
|upkeep
|
|t:|1759068276
|switch|p2a: Torkoal|Torkoal, F|61/100
|-weather|SunnyDay|[from] ability: Drought|[of] p2a: Torkoal
|turn|25
|inactive|Semiau has 120 seconds left.
|l|☆Semiau
|inactive|Semiau disconnected and has a minute to reconnect!
|player|p1|
|inactive|Semiau has 30 seconds to reconnect!
|inactive|Semiau has 20 seconds to reconnect!
|inactive|Semiau has 15 seconds to reconnect!
|inactive|Semiau has 10 seconds to reconnect!
|inactive|Semiau has 5 seconds to reconnect!
|-message|Semiau lost due to inactivity.
|
|win|Mlbebek
|raw|Semiau's rating: 1183 &rarr; <strong>1157</strong><br />(-26 for losing)
|raw|Mlbebek's rating: 1171 &rarr; <strong>1197</strong><br />(+26 for winning)
|l|☆Mlbebek
|player|p2|
