|j|☆LonelySxNner
|j|☆poyoloswag
|t:|1758926794
|gametype|singles
|player|p1|LonelySxNner|picnicker|1322
|player|p2|poyoloswag|101|1331
|gen|9
|tier|[Gen 9] OU
|rated|
|rule|HP Percentage Mod: HP is shown in percentages
|rule|Endless Battle Clause: Forcing endless battles is banned
|rule|Species Clause: Limit one of each Pokémon
|rule|OHKO Clause: OHKO moves are banned
|rule|Evasion Items Clause: Evasion items are banned
|rule|Evasion Moves Clause: Evasion moves are banned
|rule|Evasion Abilities Clause: Evasion abilities are banned
|rule|Sleep Moves Clause: Sleep-inducing moves are banned
|clearpoke
|poke|p1|Meloetta|
|poke|p1|Meowscarada, M|
|poke|p1|Ceruledge, M|
|poke|p1|Grimmsnarl, M|
|poke|p1|Greninja-*, M|
|poke|p1|Garchomp, F|
|poke|p2|Victreebel, M|
|poke|p2|Hawlucha, M|
|poke|p2|Malamar, M|
|poke|p2|Dragonite, M|
|poke|p2|Greninja-*, M|
|poke|p2|Delphox, M|
|teampreview
|inactive|Battle timer is ON: inactive players will automatically lose when time's up. (requested by poyoloswag)
|
|t:|1758926814
|teamsize|p1|6
|teamsize|p2|6
|start
|switch|p1a: Meowscarada|Meowscarada, M|100/100
|switch|p2a: Victreebel|Victreebel, M|100/100
|turn|1
|
|t:|1758926825
|move|p1a: Meowscarada|Knock Off|p2a: Victreebel
|-start|p1a: Meowscarada|typechange|Dark|[from] ability: Protean
|-crit|p2a: Victreebel
|-damage|p2a: Victreebel|0 fnt
|-enditem|p2a: Victreebel|Wiki Berry|[from] move: Knock Off|[of] p1a: Meowscarada
|faint|p2a: Victreebel
|
|upkeep
|
|t:|1758926828
|switch|p2a: Hawlucha|Hawlucha, M|100/100
|turn|2
|
|t:|1758926835
|switch|p1a: Grimmsnarl|Grimmsnarl, M|100/100
|move|p2a: Hawlucha|Close Combat|p1a: Grimmsnarl
|-damage|p1a: Grimmsnarl|47/100
|-unboost|p2a: Hawlucha|def|1
|-unboost|p2a: Hawlucha|spd|1
|-enditem|p2a: Hawlucha|White Herb
|-clearnegativeboost|p2a: Hawlucha|[silent]
|
|upkeep
|turn|3
|
|t:|1758926839
|move|p1a: Grimmsnarl|Reflect|p1a: Grimmsnarl
|-sidestart|p1: LonelySxNner|Reflect
|move|p2a: Hawlucha|Close Combat|p1a: Grimmsnarl
|-damage|p1a: Grimmsnarl|21/100
|-unboost|p2a: Hawlucha|def|1
|-unboost|p2a: Hawlucha|spd|1
|
|upkeep
|turn|4
|
|t:|1758926843
|move|p1a: Grimmsnarl|Parting Shot|p2a: Hawlucha
|-unboost|p2a: Hawlucha|atk|1
|-unboost|p2a: Hawlucha|spa|1
|
|t:|1758926844
|switch|p1a: Ceruledge|Ceruledge, M|100/100|[from] Parting Shot
|move|p2a: Hawlucha|Taunt|p1a: Ceruledge
|-start|p1a: Ceruledge|move: Taunt
|
|upkeep
|turn|5
|
|t:|1758926848
|move|p2a: Hawlucha|Swords Dance|p2a: Hawlucha
|-boost|p2a: Hawlucha|atk|2
|move|p1a: Ceruledge|Bitter Blade|p2a: Hawlucha
|-damage|p2a: Hawlucha|0 fnt
|faint|p2a: Hawlucha
|
|upkeep
|-message|poyoloswag forfeited.
|
|win|LonelySxNner
|raw|LonelySxNner's rating: 1322 &rarr; <strong>1343</strong><br />(+21 for winning)
|raw|poyoloswag's rating: 1331 &rarr; <strong>1310</strong><br />(-21 for losing)
|l|☆poyoloswag
|player|p2|
|l|☆LonelySxNner
|player|p1|
