|badge|p2|silver|gen9randombattle|30-6
|uhtml|medal-msg|<div class="broadcast-blue">Curious what those medals under the avatar are? PS now has Ladder Seasons! For more information, check out the <a href="https://www.smogon.com/forums/threads/3740067/">thread on Smogon.</a></div>
|j|☆digiwayne003
|j|☆LordST
|t:|1759039145
|gametype|singles
|player|p1|digiwayne003|beauty|1498
|player|p2|LordST|#pu|1478
|gen|9
|tier|[Gen 9] OU
|rated|
|rule|HP Percentage Mod: HP is shown in percentages
|rule|Endless Battle Clause: Forcing endless battles is banned
|rule|Species Clause: Limit one of each Pokémon
|rule|OHKO Clause: OHKO moves are banned
|rule|Evasion Items Clause: Evasion items are banned
|rule|Evasion Moves Clause: Evasion moves are banned
|rule|Evasion Abilities Clause: Evasion abilities are banned
|rule|Sleep Moves Clause: Sleep-inducing moves are banned
|clearpoke
|poke|p1|Armarouge, M|
|poke|p1|Indeedee, M|
|poke|p1|Deoxys-Speed|
|poke|p1|Volcanion|
|poke|p1|Ting-Lu|
|poke|p1|Great Tusk|
|poke|p2|Samurott-Hisui, M|
|poke|p2|Iron Treads|
|poke|p2|Iron Valiant|
|poke|p2|Volcanion|
|poke|p2|Gholdengo|
|poke|p2|Tornadus-Therian, M|
|teampreview
|inactive|Battle timer is ON: inactive players will automatically lose when time's up. (requested by digiwayne003)
|
|t:|1759039164
|teamsize|p1|6
|teamsize|p2|6
|start
|switch|p1a: Ting-Lu|Ting-Lu|100/100
|switch|p2a: Tornadus|Tornadus-Therian, M|100/100
|-ability|p1a: Ting-Lu|Vessel of Ruin
|turn|1
|
|t:|1759039169
|move|p2a: Tornadus|Taunt|p1a: Ting-Lu
|-start|p1a: Ting-Lu|move: Taunt
|cant|p1a: Ting-Lu|move: Taunt|Stealth Rock
|
|upkeep
|turn|2
|
|t:|1759039172
|move|p2a: Tornadus|Knock Off|p1a: Ting-Lu
|-resisted|p1a: Ting-Lu
|-damage|p1a: Ting-Lu|96/100
|-enditem|p1a: Ting-Lu|Leftovers|[from] move: Knock Off|[of] p2a: Tornadus
|move|p1a: Ting-Lu|Ruination|p2a: Tornadus|[miss]
|-miss|p1a: Ting-Lu|p2a: Tornadus
|
|upkeep
|turn|3
|
|t:|1759039177
|move|p2a: Tornadus|U-turn|p1a: Ting-Lu
|-supereffective|p1a: Ting-Lu
|-damage|p1a: Ting-Lu|82/100
|
|t:|1759039184
|switch|p2a: Volcanion|Volcanion|100/100|[from] U-turn
|move|p1a: Ting-Lu|Ruination|p2a: Volcanion|[miss]
|-miss|p1a: Ting-Lu|p2a: Volcanion
|
|-end|p1a: Ting-Lu|move: Taunt
|upkeep
|turn|4
|
|t:|1759039190
|switch|p1a: Volcanion|Volcanion|100/100
|move|p2a: Volcanion|Steam Eruption|p1a: Volcanion
|-immune|p1a: Volcanion|[from] ability: Water Absorb
|
|upkeep
|turn|5
|
|t:|1759039195
|switch|p2a: Samurott|Samurott-Hisui, M|100/100
|move|p1a: Volcanion|Earth Power|p2a: Samurott
|-damage|p2a: Samurott|76/100
|
|upkeep
|turn|6
|
|t:|1759039202
|move|p2a: Samurott|Ceaseless Edge|p1a: Volcanion
|-damage|p1a: Volcanion|67/100
|-sidestart|p1: digiwayne003|Spikes
|move|p1a: Volcanion|Body Press|p2a: Samurott
|-supereffective|p2a: Samurott
|-damage|p2a: Samurott|8/100
|
|upkeep
|turn|7
|
|t:|1759039211
|switch|p2a: Volcanion|Volcanion|100/100
|move|p1a: Volcanion|Earth Power|p2a: Volcanion
|-supereffective|p2a: Volcanion
|-damage|p2a: Volcanion|35/100
|
|upkeep
|turn|8
|
|t:|1759039215
|move|p2a: Volcanion|Sludge Wave|p1a: Volcanion
|-crit|p1a: Volcanion
|-damage|p1a: Volcanion|25/100
|move|p1a: Volcanion|Earth Power|p2a: Volcanion
|-supereffective|p2a: Volcanion
|-damage|p2a: Volcanion|0 fnt
|faint|p2a: Volcanion
|
|upkeep
|
|t:|1759039224
|switch|p2a: Tornadus|Tornadus-Therian, M|100/100
|turn|9
|
|t:|1759039226
|move|p2a: Tornadus|Bleakwind Storm|p1a: Volcanion
|-crit|p1a: Volcanion
|-damage|p1a: Volcanion|0 fnt
|faint|p1a: Volcanion
|
|upkeep
|
|t:|1759039229
|switch|p1a: Ting-Lu|Ting-Lu|82/100
|-damage|p1a: Ting-Lu|69/100|[from] Spikes
|-ability|p1a: Ting-Lu|Vessel of Ruin
|turn|10
|
|t:|1759039233
|move|p2a: Tornadus|Taunt|p1a: Ting-Lu
|-start|p1a: Ting-Lu|move: Taunt
|move|p1a: Ting-Lu|Ruination|p2a: Tornadus
|-damage|p2a: Tornadus|51/100
|
|upkeep
|turn|11
|
|t:|1759039238
|move|p2a: Tornadus|Bleakwind Storm|p1a: Ting-Lu
|-damage|p1a: Ting-Lu|51/100
|move|p1a: Ting-Lu|Ruination|p2a: Tornadus
|-damage|p2a: Tornadus|26/100
|
|upkeep
|turn|12
|
|t:|1759039242
|move|p2a: Tornadus|Bleakwind Storm|p1a: Ting-Lu
|-damage|p1a: Ting-Lu|31/100
|-unboost|p1a: Ting-Lu|spe|1
|move|p1a: Ting-Lu|Ruination|p2a: Tornadus
|-damage|p2a: Tornadus|13/100
|
|-end|p1a: Ting-Lu|move: Taunt
|upkeep
|turn|13
|
|t:|1759039247
|switch|p1a: Great Tusk|Great Tusk|100/100
|-damage|p1a: Great Tusk|88/100|[from] Spikes
|-enditem|p1a: Great Tusk|Booster Energy
|-activate|p1a: Great Tusk|ability: Protosynthesis|[fromitem]
|-start|p1a: Great Tusk|protosynthesisspe
|move|p2a: Tornadus|Taunt|p1a: Great Tusk
|-start|p1a: Great Tusk|move: Taunt
|
|upkeep
|turn|14
|
|t:|1759039261
|switch|p2a: Gholdengo|Gholdengo|100/100
|move|p1a: Great Tusk|Ice Spinner|p2a: Gholdengo
|-resisted|p2a: Gholdengo
|-damage|p2a: Gholdengo|87/100
|
|upkeep
|turn|15
|
|t:|1759039285
|-terastallize|p2a: Gholdengo|Ghost
|move|p1a: Great Tusk|Headlong Rush|p2a: Gholdengo
|-damage|p2a: Gholdengo|27/100
|-unboost|p1a: Great Tusk|def|1
|-unboost|p1a: Great Tusk|spd|1
|move|p2a: Gholdengo|Shadow Ball|p1a: Great Tusk
|-damage|p1a: Great Tusk|0 fnt
|faint|p1a: Great Tusk
|-end|p1a: Great Tusk|Protosynthesis|[silent]
|
|upkeep
|
|t:|1759039294
|switch|p1a: Indeedee|Indeedee, M|100/100
|-damage|p1a: Indeedee|88/100|[from] Spikes
|-fieldstart|move: Psychic Terrain|[from] ability: Psychic Surge|[of] p1a: Indeedee
|turn|16
|
|t:|1759039301
|switch|p2a: Iron Treads|Iron Treads|100/100
|-item|p2a: Iron Treads|Air Balloon
|move|p1a: Indeedee|Shadow Ball|p2a: Iron Treads
|-damage|p2a: Iron Treads|69/100
|-enditem|p2a: Iron Treads|Air Balloon
|
|upkeep
|turn|17
|
|t:|1759039306
|switch|p1a: Ting-Lu|Ting-Lu|31/100
|-damage|p1a: Ting-Lu|19/100|[from] Spikes
|-ability|p1a: Ting-Lu|Vessel of Ruin
|move|p2a: Iron Treads|Ice Spinner|p1a: Ting-Lu
|-supereffective|p1a: Ting-Lu
|-damage|p1a: Ting-Lu|0 fnt
|-fieldend|move: Psychic Terrain
|faint|p1a: Ting-Lu
|
|upkeep
|
|t:|1759039315
|switch|p1a: Armarouge|Armarouge, M|100/100
|-damage|p1a: Armarouge|88/100|[from] Spikes
|turn|18
|
|t:|1759039322
|-end|p2a: Iron Treads|Quark Drive|[silent]
|switch|p2a: Tornadus|Tornadus-Therian, M|46/100
|-terastallize|p1a: Armarouge|Psychic
|move|p1a: Armarouge|Calm Mind|p1a: Armarouge
|-boost|p1a: Armarouge|spa|1
|-boost|p1a: Armarouge|spd|1
|
|upkeep
|turn|19
|
|t:|1759039334
|move|p2a: Tornadus|Bleakwind Storm|p1a: Armarouge
|-damage|p1a: Armarouge|55/100
|-unboost|p1a: Armarouge|spe|1
|move|p1a: Armarouge|Armor Cannon|p2a: Tornadus
|-damage|p2a: Tornadus|0 fnt
|-unboost|p1a: Armarouge|def|1
|-unboost|p1a: Armarouge|spd|1
|faint|p2a: Tornadus
|
|upkeep
|inactive|LordST has 120 seconds left.
|
|t:|1759039361
|switch|p2a: Iron Treads|Iron Treads|69/100
|turn|20
|
|t:|1759039363
|move|p1a: Armarouge|Endure|p1a: Armarouge
|-singleturn|p1a: Armarouge|move: Endure
|move|p2a: Iron Treads|Earthquake|p1a: Armarouge
|-activate|p1a: Armarouge|move: Endure
|-damage|p1a: Armarouge|1/100
|-ability|p1a: Armarouge|Weak Armor|boost
|-unboost|p1a: Armarouge|def|1
|-boost|p1a: Armarouge|spe|2
|
|upkeep
|turn|21
|
|t:|1759039380
|-end|p2a: Iron Treads|Quark Drive|[silent]
|switch|p2a: Gholdengo|Gholdengo, tera:Ghost|27/100
|move|p1a: Armarouge|Armor Cannon|p2a: Gholdengo
|-damage|p2a: Gholdengo|0 fnt
|-unboost|p1a: Armarouge|def|1
|-unboost|p1a: Armarouge|spd|1
|faint|p2a: Gholdengo
|
|upkeep
|
|t:|1759039387
|switch|p2a: Samurott|Samurott-Hisui, M|8/100
|turn|22
|
|t:|1759039389
|move|p1a: Armarouge|Endure|p1a: Armarouge
|-singleturn|p1a: Armarouge|move: Endure
|move|p2a: Samurott|Sucker Punch||[still]
|-fail|p2a: Samurott
|
|upkeep
|turn|23
|
|t:|1759039394
|switch|p1a: Indeedee|Indeedee, M|88/100
|-damage|p1a: Indeedee|76/100|[from] Spikes
|-fieldstart|move: Psychic Terrain|[from] ability: Psychic Surge|[of] p1a: Indeedee
|move|p2a: Samurott|Sucker Punch||[still]
|-fail|p2a: Samurott
|
|upkeep
|turn|24
|
|t:|1759039408
|move|p1a: Indeedee|Tera Blast|p2a: Samurott
|-damage|p2a: Samurott|0 fnt
|faint|p2a: Samurott
|
|upkeep
|
|t:|1759039417
|switch|p2a: Iron Treads|Iron Treads|69/100
|turn|25
|
|t:|1759039419
|move|p2a: Iron Treads|Ice Spinner|p1a: Indeedee
|-damage|p1a: Indeedee|20/100
|-fieldend|move: Psychic Terrain
|move|p1a: Indeedee|Healing Wish|p1a: Indeedee
|faint|p1a: Indeedee
|
|upkeep
|
|t:|1759039424
|switch|p1a: Armarouge|Armarouge, M, tera:Psychic|1/100
|-heal|p1a: Armarouge|100/100|[from] move: Healing Wish
|-damage|p1a: Armarouge|88/100|[from] Spikes
|turn|26
|
|t:|1759039437
|-end|p2a: Iron Treads|Quark Drive|[silent]
|switch|p2a: Iron Valiant|Iron Valiant|100/100
|-enditem|p2a: Iron Valiant|Booster Energy
|-activate|p2a: Iron Valiant|ability: Quark Drive|[fromitem]
|-start|p2a: Iron Valiant|quarkdrivespe
|move|p1a: Armarouge|Armor Cannon|p2a: Iron Valiant
|-damage|p2a: Iron Valiant|0 fnt
|-unboost|p1a: Armarouge|def|1
|-unboost|p1a: Armarouge|spd|1
|faint|p2a: Iron Valiant
|-end|p2a: Iron Valiant|Quark Drive|[silent]
|
|upkeep
|
|t:|1759039439
|switch|p2a: Iron Treads|Iron Treads|69/100
|turn|27
|
|t:|1759039442
|move|p1a: Armarouge|Endure|p1a: Armarouge
|-singleturn|p1a: Armarouge|move: Endure
|move|p2a: Iron Treads|Earthquake|p1a: Armarouge
|-damage|p1a: Armarouge|17/100
|-ability|p1a: Armarouge|Weak Armor|boost
|-unboost|p1a: Armarouge|def|1
|-boost|p1a: Armarouge|spe|2
|
|upkeep
|turn|28
|
|t:|1759039446
|move|p1a: Armarouge|Armor Cannon|p2a: Iron Treads
|-supereffective|p2a: Iron Treads
|-damage|p2a: Iron Treads|0 fnt
|-unboost|p1a: Armarouge|def|1
|-unboost|p1a: Armarouge|spd|1
|faint|p2a: Iron Treads
|-end|p2a: Iron Treads|Quark Drive|[silent]
|
|win|digiwayne003
|raw|digiwayne003's rating: 1498 &rarr; <strong>1517</strong><br />(+19 for winning)
|raw|LordST's rating: 1478 &rarr; <strong>1459</strong><br />(-19 for losing)
|l|☆LordST
|player|p2|
