|j|☆Syaklin
|j|☆syk1307
|t:|1758990693
|gametype|singles
|player|p1|Syaklin|acetrainer-gen4dp|1565
|player|p2|syk1307|giovanni|1560
|gen|9
|tier|[Gen 9] OU
|rated|
|rule|HP Percentage Mod: HP is shown in percentages
|rule|Endless Battle Clause: Forcing endless battles is banned
|rule|Species Clause: Limit one of each Pokémon
|rule|OHKO Clause: OHKO moves are banned
|rule|Evasion Items Clause: Evasion items are banned
|rule|Evasion Moves Clause: Evasion moves are banned
|rule|Evasion Abilities Clause: Evasion abilities are banned
|rule|Sleep Moves Clause: Sleep-inducing moves are banned
|clearpoke
|poke|p1|Primarina, F|
|poke|p1|Kingambit, M|
|poke|p1|Dragapult, F|
|poke|p1|Landorus-Therian, M|
|poke|p1|Slowking-Galar, F|
|poke|p1|Alomomola, M|
|poke|p2|Jolteon, M|
|poke|p2|Gyarados, M|
|poke|p2|Arcanine, M|
|poke|p2|Scizor, M|
|poke|p2|Corviknight, M|
|poke|p2|Mew|
|teampreview
|inactive|Battle timer is ON: inactive players will automatically lose when time's up. (requested by Syaklin)
|
|t:|1758990700
|teamsize|p1|6
|teamsize|p2|6
|start
|switch|p1a: Dragapult|Dragapult, F|100/100
|switch|p2a: Corviknight|Corviknight, M|100/100
|turn|1
|
|t:|1758990705
|move|p1a: Dragapult|Will-O-Wisp|p2a: Corviknight
|-status|p2a: Corviknight|brn
|move|p2a: Corviknight|U-turn|p1a: Dragapult
|-resisted|p1a: Dragapult
|-crit|p1a: Dragapult
|-damage|p1a: Dragapult|93/100
|inactive|syk1307 has 120 seconds left.
|
|t:|1758990737
|switch|p2a: Jolteon|Jolteon, M|100/100|[from] U-turn
|
|upkeep
|turn|2
|
|t:|1758990742
|move|p1a: Dragapult|U-turn|p2a: Jolteon
|-damage|p2a: Jolteon|66/100
|
|t:|1758990745
|switch|p1a: Slowking|Slowking-Galar, F|100/100|[from] U-turn
|move|p2a: Jolteon|Shadow Ball|p1a: Slowking
|-supereffective|p1a: Slowking
|-damage|p1a: Slowking|54/100
|
|upkeep
|turn|3
|
|t:|1758990753
|move|p2a: Jolteon|Shadow Ball|p1a: Slowking
|-supereffective|p1a: Slowking
|-damage|p1a: Slowking|14/100
|-unboost|p1a: Slowking|spd|1
|move|p1a: Slowking|Sludge Bomb|p2a: Jolteon
|-damage|p2a: Jolteon|22/100
|-status|p2a: Jolteon|psn
|
|-damage|p2a: Jolteon|9/100 psn|[from] psn
|upkeep
|turn|4
|
|t:|1758990766
|switch|p2a: Corviknight|Corviknight, M|100/100 brn
|switch|p1a: Kingambit|Kingambit, M|100/100
|
|-damage|p2a: Corviknight|94/100 brn|[from] brn
|upkeep
|turn|5
|
|t:|1758990774
|-end|p1a: Kingambit|fallenundefined|[silent]
|switch|p1a: Slowking|Slowking-Galar, F|47/100
|move|p2a: Corviknight|U-turn|p1a: Slowking
|-damage|p1a: Slowking|40/100
|
|t:|1758990783
|switch|p2a: Scizor|Scizor, M|100/100|[from] U-turn
|
|upkeep
|turn|6
|
|t:|1758990786
|switch|p1a: Landorus|Landorus-Therian, M|100/100
|-ability|p1a: Landorus|Intimidate|boost
|-unboost|p2a: Scizor|atk|1
|move|p2a: Scizor|Knock Off|p1a: Landorus
|-damage|p1a: Landorus|67/100
|-damage|p2a: Scizor|84/100|[from] item: Rocky Helmet|[of] p1a: Landorus
|-enditem|p1a: Landorus|Rocky Helmet|[from] move: Knock Off|[of] p2a: Scizor
|
|upkeep
|turn|7
|
|t:|1758990795
|switch|p2a: Corviknight|Corviknight, M|94/100 brn
|move|p1a: Landorus|Stealth Rock|p2a: Corviknight
|-sidestart|p2: syk1307|move: Stealth Rock
|
|-heal|p2a: Corviknight|100/100 brn|[from] item: Leftovers
|-damage|p2a: Corviknight|94/100 brn|[from] brn
|upkeep
|turn|8
|
|t:|1758990801
|move|p1a: Landorus|Taunt|p2a: Corviknight
|-start|p2a: Corviknight|move: Taunt
|cant|p2a: Corviknight|move: Taunt|Defog
|
|-heal|p2a: Corviknight|100/100 brn|[from] item: Leftovers
|-damage|p2a: Corviknight|94/100 brn|[from] brn
|upkeep
|turn|9
|
|t:|1758990813
|switch|p1a: Dragapult|Dragapult, F|93/100
|move|p2a: Corviknight|Body Press|p1a: Dragapult
|-immune|p1a: Dragapult
|
|-heal|p2a: Corviknight|100/100 brn|[from] item: Leftovers
|-damage|p2a: Corviknight|94/100 brn|[from] brn
|upkeep
|turn|10
|
|t:|1758990822
|switch|p2a: Jolteon|Jolteon, M|9/100 psn
|-damage|p2a: Jolteon|0 fnt|[from] Stealth Rock
|faint|p2a: Jolteon
|move|p1a: Dragapult|Hex|p2: Jolteon|[notarget]
|-fail|p1a: Dragapult
|
|upkeep
|
|t:|1758990843
|switch|p2a: Mew|Mew, shiny|100/100
|-damage|p2a: Mew|88/100|[from] Stealth Rock
|turn|11
|
|t:|1758990847
|move|p1a: Dragapult|U-turn|p2a: Mew
|-supereffective|p2a: Mew
|-crit|p2a: Mew
|-damage|p2a: Mew|41/100
|-enditem|p2a: Mew|Weakness Policy
|-boost|p2a: Mew|atk|2|[from] item: Weakness Policy
|-boost|p2a: Mew|spa|2|[from] item: Weakness Policy
|
|t:|1758990853
|switch|p1a: Slowking|Slowking-Galar, F|73/100|[from] U-turn
|move|p2a: Mew|Nasty Plot|p2a: Mew
|-boost|p2a: Mew|spa|2
|
|upkeep
|turn|12
|
|t:|1758990862
|move|p2a: Mew|Psychic|p1a: Slowking
|-damage|p1a: Slowking|10/100
|move|p1a: Slowking|Thunder Wave|p2a: Mew|[miss]
|-miss|p1a: Slowking|p2a: Mew
|
|upkeep
|turn|13
|
|t:|1758990871
|move|p2a: Mew|Draining Kiss|p1a: Slowking
|-resisted|p1a: Slowking
|-damage|p1a: Slowking|0 fnt
|-heal|p2a: Mew|50/100|[from] drain|[of] p1a: Slowking
|faint|p1a: Slowking
|
|upkeep
|
|t:|1758990882
|switch|p1a: Kingambit|Kingambit, M|100/100
|-activate|p1a: Kingambit|ability: Supreme Overlord
|-start|p1a: Kingambit|fallen1|[silent]
|turn|14
|
|t:|1758990886
|move|p2a: Mew|Vacuum Wave|p1a: Kingambit
|-supereffective|p1a: Kingambit
|-damage|p1a: Kingambit|0 fnt
|faint|p1a: Kingambit
|-end|p1a: Kingambit|fallen1|[silent]
|
|upkeep
|
|t:|1758990890
|switch|p1a: Dragapult|Dragapult, F|93/100
|turn|15
|
|t:|1758990893
|-terastallize|p2a: Mew|Fairy
|move|p1a: Dragapult|Hex|p2a: Mew
|-damage|p2a: Mew|28/100
|move|p2a: Mew|Draining Kiss|p1a: Dragapult
|-supereffective|p1a: Dragapult
|-damage|p1a: Dragapult|0 fnt
|-heal|p2a: Mew|93/100|[from] drain|[of] p1a: Dragapult
|faint|p1a: Dragapult
|
|upkeep
|
|t:|1758990896
|switch|p1a: Primarina|Primarina, F|100/100
|turn|16
|
|t:|1758990904
|move|p2a: Mew|Psychic|p1a: Primarina
|-damage|p1a: Primarina|17/100
|move|p1a: Primarina|Psychic Noise|p2a: Mew
|-damage|p2a: Mew|68/100
|-start|p2a: Mew|move: Heal Block
|
|-heal|p1a: Primarina|23/100|[from] item: Leftovers
|upkeep
|turn|17
|-message|Syaklin forfeited.
|
|win|syk1307
|raw|Syaklin's rating: 1565 &rarr; <strong>1545</strong><br />(-20 for losing)
|raw|syk1307's rating: 1560 &rarr; <strong>1580</strong><br />(+20 for winning)
|l|☆Syaklin
|player|p1|
|l|☆syk1307
|player|p2|
