|j|☆Strawhatspindo
|j|☆Voltaris33
|t:|1758946409
|gametype|singles
|player|p1|Strawhatspindo|169|1389
|player|p2|Voltaris33|unknown|1427
|gen|9
|tier|[Gen 9] OU
|rated|
|rule|HP Percentage Mod: HP is shown in percentages
|rule|Endless Battle Clause: Forcing endless battles is banned
|rule|Species Clause: Limit one of each Pokémon
|rule|OHKO Clause: OHKO moves are banned
|rule|Evasion Items Clause: Evasion items are banned
|rule|Evasion Moves Clause: Evasion moves are banned
|rule|Evasion Abilities Clause: Evasion abilities are banned
|rule|Sleep Moves Clause: Sleep-inducing moves are banned
|clearpoke
|poke|p1|Tyranitar, M|
|poke|p1|Excadrill, F|
|poke|p1|Kingambit, M|
|poke|p1|Garchomp, F|
|poke|p1|Pecharunt|
|poke|p1|Rotom-Wash|
|poke|p2|Garchomp, M|
|poke|p2|Moltres-Galar|
|poke|p2|Tyranitar, F|
|poke|p2|Noivern, M|
|poke|p2|Ceruledge, F|
|poke|p2|Zapdos|
|teampreview
|inactive|Battle timer is ON: inactive players will automatically lose when time's up. (requested by Voltaris33)
|
|t:|1758946420
|teamsize|p1|6
|teamsize|p2|6
|start
|switch|p1a: Rotom|Rotom-Wash|100/100
|switch|p2a: Garchomp|Garchomp, M|100/100
|turn|1
|
|t:|1758946427
|move|p2a: Garchomp|Swords Dance|p2a: Garchomp
|-boost|p2a: Garchomp|atk|2
|move|p1a: Rotom|Will-O-Wisp|p2a: Garchomp
|-status|p2a: Garchomp|brn
|
|-damage|p2a: Garchomp|94/100 brn|[from] brn
|upkeep
|turn|2
|
|t:|1758946443
|move|p2a: Garchomp|Scale Shot|p1a: Rotom
|-damage|p1a: Rotom|91/100
|-damage|p1a: Rotom|80/100
|-damage|p1a: Rotom|69/100
|-damage|p1a: Rotom|59/100
|-hitcount|p1a: Rotom|4
|-unboost|p2a: Garchomp|def|1
|-boost|p2a: Garchomp|spe|1
|move|p1a: Rotom|Hydro Pump|p2a: Garchomp
|-damage|p2a: Garchomp|50/100 brn
|
|-heal|p1a: Rotom|65/100|[from] item: Leftovers
|-damage|p2a: Garchomp|44/100 brn|[from] brn
|upkeep
|turn|3
|
|t:|1758946460
|move|p2a: Garchomp|Scale Shot|p1a: Rotom
|-crit|p1a: Rotom
|-damage|p1a: Rotom|50/100
|-damage|p1a: Rotom|38/100
|-damage|p1a: Rotom|28/100
|-damage|p1a: Rotom|18/100
|-hitcount|p1a: Rotom|4
|-unboost|p2a: Garchomp|def|1
|-boost|p2a: Garchomp|spe|1
|move|p1a: Rotom|Hydro Pump|p2a: Garchomp|[miss]
|-miss|p1a: Rotom|p2a: Garchomp
|
|-heal|p1a: Rotom|24/100|[from] item: Leftovers
|-damage|p2a: Garchomp|37/100 brn|[from] brn
|upkeep
|turn|4
|inactive|Strawhatspindo has 120 seconds left.
|
|t:|1758946487
|move|p2a: Garchomp|Scale Shot|p1a: Rotom
|-crit|p1a: Rotom
|-damage|p1a: Rotom|7/100
|-damage|p1a: Rotom|0 fnt
|faint|p1a: Rotom
|-hitcount|p1: Rotom|2
|-unboost|p2a: Garchomp|def|1
|-boost|p2a: Garchomp|spe|1
|
|-damage|p2a: Garchomp|31/100 brn|[from] brn
|upkeep
|
|t:|1758946498
|switch|p1a: Kingambit|Kingambit, M|100/100
|-activate|p1a: Kingambit|ability: Supreme Overlord
|-start|p1a: Kingambit|fallen1|[silent]
|turn|5
|
|t:|1758946503
|move|p1a: Kingambit|Sucker Punch||[still]
|-fail|p1a: Kingambit
|move|p2a: Garchomp|Swords Dance|p2a: Garchomp
|-boost|p2a: Garchomp|atk|2
|
|-damage|p2a: Garchomp|25/100 brn|[from] brn
|upkeep
|turn|6
|inactive|Strawhatspindo has 120 seconds left.
|
|t:|1758946511
|move|p1a: Kingambit|Sucker Punch||[still]
|-fail|p1a: Kingambit
|move|p2a: Garchomp|Swords Dance|p2a: Garchomp
|-boost|p2a: Garchomp|atk|2
|
|-damage|p2a: Garchomp|19/100 brn|[from] brn
|upkeep
|turn|7
|
|t:|1758946519
|move|p1a: Kingambit|Sucker Punch||[still]
|-fail|p1a: Kingambit
|move|p2a: Garchomp|Swords Dance|p2a: Garchomp
|-boost|p2a: Garchomp|atk|0
|
|-damage|p2a: Garchomp|13/100 brn|[from] brn
|upkeep
|turn|8
|
|t:|1758946528
|move|p1a: Kingambit|Sucker Punch||[still]
|-fail|p1a: Kingambit
|move|p2a: Garchomp|Swords Dance|p2a: Garchomp
|-boost|p2a: Garchomp|atk|0
|
|-damage|p2a: Garchomp|7/100 brn|[from] brn
|upkeep
|turn|9
|
|t:|1758946537
|move|p1a: Kingambit|Sucker Punch||[still]
|-fail|p1a: Kingambit
|move|p2a: Garchomp|Swords Dance|p2a: Garchomp
|-boost|p2a: Garchomp|atk|0
|
|-damage|p2a: Garchomp|0 fnt|[from] brn
|faint|p2a: Garchomp
|upkeep
|
|t:|1758946540
|switch|p2a: Ceruledge|Ceruledge, F|100/100
|turn|10
|
|t:|1758946553
|switch|p2a: Tyranitar|Tyranitar, F|100/100
|-weather|Sandstorm|[from] ability: Sand Stream|[of] p2a: Tyranitar
|-end|p1a: Kingambit|fallen1|[silent]
|switch|p1a: Tyranitar|Tyranitar, M|100/100
|
|-weather|Sandstorm|[upkeep]
|upkeep
|turn|11
|
|t:|1758946565
|move|p2a: Tyranitar|Earthquake|p1a: Tyranitar
|-supereffective|p1a: Tyranitar
|-damage|p1a: Tyranitar|26/100
|-damage|p2a: Tyranitar|91/100|[from] item: Life Orb
|move|p1a: Tyranitar|Stealth Rock|p2a: Tyranitar
|-sidestart|p2: Voltaris33|move: Stealth Rock
|
|-weather|Sandstorm|[upkeep]
|upkeep
|turn|12
|
|t:|1758946577
|switch|p1a: Pecharunt|Pecharunt|100/100
|-item|p1a: Pecharunt|Air Balloon
|move|p2a: Tyranitar|Knock Off|p1a: Pecharunt
|-supereffective|p1a: Pecharunt
|-damage|p1a: Pecharunt|35/100
|-enditem|p1a: Pecharunt|Air Balloon
|-damage|p2a: Tyranitar|81/100|[from] item: Life Orb
|
|-weather|Sandstorm|[upkeep]
|-damage|p1a: Pecharunt|29/100|[from] Sandstorm
|upkeep
|turn|13
|
|t:|1758946597
|move|p2a: Tyranitar|Knock Off|p1a: Pecharunt
|-supereffective|p1a: Pecharunt
|-damage|p1a: Pecharunt|0 fnt
|faint|p1a: Pecharunt
|-damage|p2a: Tyranitar|71/100|[from] item: Life Orb
|
|-weather|Sandstorm|[upkeep]
|upkeep
|
|t:|1758946608
|switch|p1a: Excadrill|Excadrill, F|100/100
|turn|14
|
|t:|1758946617
|switch|p2a: Zapdos|Zapdos|100/100
|-damage|p2a: Zapdos|76/100|[from] Stealth Rock
|move|p1a: Excadrill|Earthquake|p2a: Zapdos
|-immune|p2a: Zapdos
|
|-weather|none
|upkeep
|turn|15
|
|t:|1758946626
|switch|p1a: Tyranitar|Tyranitar, M|26/100
|-weather|Sandstorm|[from] ability: Sand Stream|[of] p1a: Tyranitar
|move|p2a: Zapdos|Roost|p2a: Zapdos
|-heal|p2a: Zapdos|100/100
|-singleturn|p2a: Zapdos|move: Roost
|
|-weather|Sandstorm|[upkeep]
|-damage|p2a: Zapdos|94/100|[from] Sandstorm
|upkeep
|turn|16
|
|t:|1758946641
|move|p2a: Zapdos|Volt Switch|p1a: Tyranitar
|-damage|p1a: Tyranitar|6/100
|
|t:|1758946643
|switch|p2a: Tyranitar|Tyranitar, F|71/100|[from] Volt Switch
|-damage|p2a: Tyranitar|58/100|[from] Stealth Rock
|move|p1a: Tyranitar|Knock Off|p2a: Tyranitar
|-resisted|p2a: Tyranitar
|-damage|p2a: Tyranitar|39/100
|-enditem|p2a: Tyranitar|Life Orb|[from] move: Knock Off|[of] p1a: Tyranitar
|
|-weather|Sandstorm|[upkeep]
|upkeep
|turn|17
|
|t:|1758946657
|move|p2a: Tyranitar|Knock Off|p1a: Tyranitar
|-resisted|p1a: Tyranitar
|-damage|p1a: Tyranitar|0 fnt
|-enditem|p1a: Tyranitar|Smooth Rock|[from] move: Knock Off|[of] p2a: Tyranitar
|faint|p1a: Tyranitar
|
|-weather|Sandstorm|[upkeep]
|upkeep
|
|t:|1758946664
|switch|p1a: Excadrill|Excadrill, F|100/100
|turn|18
|
|t:|1758946669
|move|p1a: Excadrill|Swords Dance|p1a: Excadrill
|-boost|p1a: Excadrill|atk|2
|move|p2a: Tyranitar|Earthquake|p1a: Excadrill
|-supereffective|p1a: Excadrill
|-crit|p1a: Excadrill
|-damage|p1a: Excadrill|0 fnt
|faint|p1a: Excadrill
|
|-weather|Sandstorm|[upkeep]
|upkeep
|
|t:|1758946679
|switch|p1a: Garchomp|Garchomp, F|100/100
|turn|19
|
|t:|1758946682
|move|p1a: Garchomp|Swords Dance|p1a: Garchomp
|-boost|p1a: Garchomp|atk|2
|move|p2a: Tyranitar|Ice Punch|p1a: Garchomp
|-supereffective|p1a: Garchomp
|-damage|p1a: Garchomp|0 fnt
|-damage|p2a: Tyranitar|27/100|[from] ability: Rough Skin|[of] p1a: Garchomp
|faint|p1a: Garchomp
|
|-weather|Sandstorm|[upkeep]
|upkeep
|
|t:|1758946693
|switch|p1a: Kingambit|Kingambit, M|100/100
|-activate|p1a: Kingambit|ability: Supreme Overlord
|-start|p1a: Kingambit|fallen5|[silent]
|turn|20
|
|t:|1758946701
|-terastallize|p1a: Kingambit|Dark
|move|p2a: Tyranitar|Earthquake|p1a: Kingambit
|-damage|p1a: Kingambit|68/100
|move|p1a: Kingambit|Swords Dance|p1a: Kingambit
|-boost|p1a: Kingambit|atk|2
|
|-weather|Sandstorm|[upkeep]
|-damage|p1a: Kingambit|61/100|[from] Sandstorm
|upkeep
|turn|21
|
|t:|1758946711
|move|p1a: Kingambit|Sucker Punch||[still]
|-fail|p1a: Kingambit
|move|p2a: Tyranitar|Dragon Dance|p2a: Tyranitar
|-boost|p2a: Tyranitar|atk|1
|-boost|p2a: Tyranitar|spe|1
|
|-weather|Sandstorm|[upkeep]
|-damage|p1a: Kingambit|55/100|[from] Sandstorm
|upkeep
|turn|22
|
|t:|1758946720
|move|p2a: Tyranitar|Dragon Dance|p2a: Tyranitar
|-boost|p2a: Tyranitar|atk|1
|-boost|p2a: Tyranitar|spe|1
|move|p1a: Kingambit|Low Kick|p2a: Tyranitar
|-supereffective|p2a: Tyranitar
|-damage|p2a: Tyranitar|0 fnt
|faint|p2a: Tyranitar
|
|-weather|none
|upkeep
|
|t:|1758946725
|switch|p2a: Noivern|Noivern, M|100/100
|turn|23
|
|t:|1758946733
|move|p1a: Kingambit|Sucker Punch||[still]
|-fail|p1a: Kingambit
|move|p2a: Noivern|Defog|p1a: Kingambit
|-unboost|p1a: Kingambit|evasion|1
|-sideend|p2: Voltaris33|Stealth Rock|[from] move: Defog|[of] p2a: Noivern
|
|upkeep
|turn|24
|
|t:|1758946742
|move|p2a: Noivern|Taunt|p1a: Kingambit
|-start|p1a: Kingambit|move: Taunt
|move|p1a: Kingambit|Iron Head|p2a: Noivern
|-damage|p2a: Noivern|0 fnt
|faint|p2a: Noivern
|
|upkeep
|
|t:|1758946759
|switch|p2a: Zapdos|Zapdos|94/100
|turn|25
|
|t:|1758946763
|move|p2a: Zapdos|Thunder Wave|p1a: Kingambit
|-status|p1a: Kingambit|par
|move|p1a: Kingambit|Iron Head|p2a: Zapdos
|-resisted|p2a: Zapdos
|-damage|p2a: Zapdos|13/100
|
|upkeep
|turn|26
|
|t:|1758946777
|move|p1a: Kingambit|Sucker Punch|p2a: Zapdos
|-damage|p2a: Zapdos|0 fnt
|faint|p2a: Zapdos
|
|-end|p1a: Kingambit|move: Taunt
|upkeep
|
|t:|1758946780
|switch|p2a: Moltres|Moltres-Galar|100/100
|turn|27
|
|t:|1758946789
|-terastallize|p2a: Moltres|Stellar
|move|p2a: Moltres|Tera Blast|p1a: Kingambit|[anim] Tera Blast Stellar
|-supereffective|p1a: Kingambit
|-damage|p1a: Kingambit|0 fnt
|-unboost|p2a: Moltres|atk|1
|-unboost|p2a: Moltres|spa|1
|faint|p1a: Kingambit
|-end|p1a: Kingambit|fallen5|[silent]
|
|win|Voltaris33
|raw|Strawhatspindo's rating: 1389 &rarr; <strong>1371</strong><br />(-18 for losing)
|raw|Voltaris33's rating: 1427 &rarr; <strong>1445</strong><br />(+18 for winning)
|l|☆Strawhatspindo
|player|p1|
|l|☆Voltaris33
|player|p2|
