|badge|p2|silver|gen9ou|30-6
|html|<div class="broadcast-red"><strong>This battle is required to be public due to one or more player having a season medal.</strong><br />During the public phase, you can discuss the state of the ladder <a href="/seasondiscussion">in a special chatroom.</a></div>
|uhtml|medal-msg|<div class="broadcast-blue">Curious what those medals under the avatar are? PS now has Ladder Seasons! For more information, check out the <a href="https://www.smogon.com/forums/threads/3740067/">thread on Smogon.</a></div>
|raw|<div class="broadcast-blue"><strong>This battle is required to be public due to a player having a name starting with 'medal'.</div>
|j|☆you my heart
|j|☆OUWW Miguel o Hara
|t:|1758949644
|gametype|singles
|player|p1|you my heart|dawn|1754
|player|p2|OUWW Miguel o Hara|giovanni|1970
|gen|9
|tier|[Gen 9] OU
|rated|
|rule|HP Percentage Mod: HP is shown in percentages
|rule|Endless Battle Clause: Forcing endless battles is banned
|rule|Species Clause: Limit one of each Pokémon
|rule|OHKO Clause: OHKO moves are banned
|rule|Evasion Items Clause: Evasion items are banned
|rule|Evasion Moves Clause: Evasion moves are banned
|rule|Evasion Abilities Clause: Evasion abilities are banned
|rule|Sleep Moves Clause: Sleep-inducing moves are banned
|clearpoke
|poke|p1|Samurott-Hisui, F|
|poke|p1|Gholdengo|
|poke|p1|Kingambit, F|
|poke|p1|Iron Valiant|
|poke|p1|Dragonite, F|
|poke|p1|Landorus-Therian, M|
|poke|p2|Clefable, F|
|poke|p2|Iron Moth|
|poke|p2|Gliscor, F|
|poke|p2|Blissey, F|
|poke|p2|Zamazenta-*|
|poke|p2|Dragapult, M|
|teampreview
|j| amefurikoneko
|inactive|Battle timer is ON: inactive players will automatically lose when time's up. (requested by you my heart)
|
|t:|1758949676
|teamsize|p1|6
|teamsize|p2|6
|start
|switch|p1a: Samurott|Samurott-Hisui, F|100/100
|switch|p2a: Gliscor|Gliscor, F|100/100
|turn|1
|
|t:|1758949680
|move|p2a: Gliscor|Protect|p2a: Gliscor
|-singleturn|p2a: Gliscor|Protect
|move|p1a: Samurott|Knock Off|p2a: Gliscor
|-activate|p2a: Gliscor|move: Protect
|
|-status|p2a: Gliscor|tox|[from] item: Toxic Orb
|upkeep
|turn|2
|
|t:|1758949685
|move|p1a: Samurott|Razor Shell|p2a: Gliscor
|-supereffective|p2a: Gliscor
|-damage|p2a: Gliscor|21/100 tox
|-unboost|p2a: Gliscor|def|1
|move|p2a: Gliscor|Toxic|p1a: Samurott
|-status|p1a: Samurott|tox
|
|-damage|p1a: Samurott|94/100 tox|[from] psn
|-heal|p2a: Gliscor|33/100 tox|[from] ability: Poison Heal
|upkeep
|turn|3
|
|t:|1758949690
|move|p2a: Gliscor|Protect|p2a: Gliscor
|-singleturn|p2a: Gliscor|Protect
|move|p1a: Samurott|Razor Shell|p2a: Gliscor
|-activate|p2a: Gliscor|move: Protect
|
|-damage|p1a: Samurott|82/100 tox|[from] psn
|-heal|p2a: Gliscor|46/100 tox|[from] ability: Poison Heal
|upkeep
|turn|4
|
|t:|1758949696
|switch|p2a: Zamazenta|Zamazenta|100/100
|-ability|p2a: Zamazenta|Dauntless Shield|boost
|-boost|p2a: Zamazenta|def|1
|move|p1a: Samurott|Ceaseless Edge|p2a: Zamazenta
|-resisted|p2a: Zamazenta
|-damage|p2a: Zamazenta|90/100
|-sidestart|p2: OUWW Miguel o Hara|Spikes
|
|-heal|p2a: Zamazenta|96/100|[from] item: Leftovers
|-damage|p1a: Samurott|63/100 tox|[from] psn
|upkeep
|turn|5
|
|t:|1758949700
|switch|p2a: Gliscor|Gliscor, F|46/100 tox
|switch|p1a: Landorus|Landorus-Therian, M|100/100
|-ability|p1a: Landorus|Intimidate|boost
|-unboost|p2a: Gliscor|atk|1
|
|-heal|p2a: Gliscor|58/100 tox|[from] ability: Poison Heal
|upkeep
|turn|6
|
|t:|1758949705
|move|p1a: Landorus|Taunt|p2a: Gliscor
|-start|p2a: Gliscor|move: Taunt
|cant|p2a: Gliscor|move: Taunt|Toxic
|
|-heal|p2a: Gliscor|71/100 tox|[from] ability: Poison Heal
|upkeep
|turn|7
|
|t:|1758949709
|move|p1a: Landorus|Stealth Rock|p2a: Gliscor
|-sidestart|p2: OUWW Miguel o Hara|move: Stealth Rock
|move|p2a: Gliscor|Knock Off|p1a: Landorus
|-damage|p1a: Landorus|86/100
|-damage|p2a: Gliscor|54/100 tox|[from] item: Rocky Helmet|[of] p1a: Landorus
|-enditem|p1a: Landorus|Rocky Helmet|[from] move: Knock Off|[of] p2a: Gliscor
|
|-heal|p2a: Gliscor|66/100 tox|[from] ability: Poison Heal
|upkeep
|turn|8
|
|t:|1758949715
|switch|p1a: Iron Valiant|Iron Valiant|100/100
|-enditem|p1a: Iron Valiant|Booster Energy
|-activate|p1a: Iron Valiant|ability: Quark Drive|[fromitem]
|-start|p1a: Iron Valiant|quarkdrivespe
|move|p2a: Gliscor|Knock Off|p1a: Iron Valiant
|-resisted|p1a: Iron Valiant
|-damage|p1a: Iron Valiant|97/100
|
|-heal|p2a: Gliscor|79/100 tox|[from] ability: Poison Heal
|-end|p2a: Gliscor|move: Taunt
|upkeep
|turn|9
|
|t:|1758949719
|move|p1a: Iron Valiant|Calm Mind|p1a: Iron Valiant
|-boost|p1a: Iron Valiant|spa|1
|-boost|p1a: Iron Valiant|spd|1
|move|p2a: Gliscor|Toxic|p1a: Iron Valiant
|-status|p1a: Iron Valiant|tox
|
|-damage|p1a: Iron Valiant|91/100 tox|[from] psn
|-heal|p2a: Gliscor|91/100 tox|[from] ability: Poison Heal
|upkeep
|turn|10
|
|t:|1758949722
|switch|p2a: Blissey|Blissey, F|100/100
|move|p1a: Iron Valiant|Calm Mind|p1a: Iron Valiant
|-boost|p1a: Iron Valiant|spa|1
|-boost|p1a: Iron Valiant|spd|1
|
|-damage|p1a: Iron Valiant|79/100 tox|[from] psn
|upkeep
|turn|11
|
|t:|1758949725
|move|p1a: Iron Valiant|Moonblast|p2a: Blissey
|-damage|p2a: Blissey|66/100
|move|p2a: Blissey|Stealth Rock|p1a: Iron Valiant
|-sidestart|p1: you my heart|move: Stealth Rock
|
|-damage|p1a: Iron Valiant|60/100 tox|[from] psn
|upkeep
|turn|12
|
|t:|1758949728
|move|p1a: Iron Valiant|Encore|p2a: Blissey
|-start|p2a: Blissey|Encore
|move|p2a: Blissey|Stealth Rock||[still]
|-fail|p2a: Blissey
|
|-damage|p1a: Iron Valiant|35/100 tox|[from] psn
|upkeep
|turn|13
|
|t:|1758949733
|move|p1a: Iron Valiant|Moonblast|p2a: Blissey
|-damage|p2a: Blissey|28/100
|move|p2a: Blissey|Stealth Rock||[still]
|-fail|p2a: Blissey
|
|-damage|p1a: Iron Valiant|4/100 tox|[from] psn
|upkeep
|turn|14
|
|t:|1758949737
|move|p1a: Iron Valiant|Moonblast|p2a: Blissey
|-damage|p2a: Blissey|0 fnt
|faint|p2a: Blissey
|
|-damage|p1a: Iron Valiant|0 fnt|[from] psn
|faint|p1a: Iron Valiant
|-end|p1a: Iron Valiant|Quark Drive|[silent]
|upkeep
|
|t:|1758949745
|switch|p1a: Samurott|Samurott-Hisui, F|63/100 tox
|switch|p2a: Gliscor|Gliscor, F|91/100 tox
|-damage|p1a: Samurott|51/100 tox|[from] Stealth Rock
|-damage|p2a: Gliscor|79/100 tox|[from] Stealth Rock
|turn|15
|
|t:|1758949747
|move|p2a: Gliscor|Protect|p2a: Gliscor
|-singleturn|p2a: Gliscor|Protect
|move|p1a: Samurott|Razor Shell|p2a: Gliscor
|-activate|p2a: Gliscor|move: Protect
|
|-damage|p1a: Samurott|44/100 tox|[from] psn
|-heal|p2a: Gliscor|91/100 tox|[from] ability: Poison Heal
|upkeep
|turn|16
|
|t:|1758949749
|move|p1a: Samurott|Razor Shell|p2a: Gliscor|[miss]
|-miss|p1a: Samurott|p2a: Gliscor
|move|p2a: Gliscor|Earthquake|p1a: Samurott
|-damage|p1a: Samurott|0 fnt
|faint|p1a: Samurott
|
|-heal|p2a: Gliscor|100/100 tox|[from] ability: Poison Heal
|upkeep
|
|t:|1758949762
|switch|p1a: Gholdengo|Gholdengo|100/100
|-damage|p1a: Gholdengo|94/100|[from] Stealth Rock
|-item|p1a: Gholdengo|Air Balloon
|turn|17
|
|t:|1758949767
|switch|p2a: Iron Moth|Iron Moth|100/100
|move|p1a: Gholdengo|Hex|p2a: Iron Moth
|-damage|p2a: Iron Moth|72/100
|
|upkeep
|turn|18
|
|t:|1758949773
|move|p2a: Iron Moth|Fiery Dance|p1a: Gholdengo
|-supereffective|p1a: Gholdengo
|-damage|p1a: Gholdengo|2/100
|-boost|p2a: Iron Moth|spa|1
|-enditem|p1a: Gholdengo|Air Balloon
|move|p1a: Gholdengo|Thunder Wave|p2a: Iron Moth
|-status|p2a: Iron Moth|par
|
|upkeep
|turn|19
|
|t:|1758949777
|move|p1a: Gholdengo|Hex|p2a: Iron Moth
|-damage|p2a: Iron Moth|15/100 par
|move|p2a: Iron Moth|Fiery Dance|p1a: Gholdengo
|-supereffective|p1a: Gholdengo
|-damage|p1a: Gholdengo|0 fnt
|faint|p1a: Gholdengo
|
|upkeep
|
|t:|1758949783
|switch|p1a: Dragonite|Dragonite, F|100/100
|turn|20
|
|t:|1758949790
|-end|p2a: Iron Moth|Quark Drive|[silent]
|switch|p2a: Gliscor|Gliscor, F|100/100 tox
|-damage|p2a: Gliscor|88/100 tox|[from] Stealth Rock
|move|p1a: Dragonite|Dragon Dance|p1a: Dragonite
|-boost|p1a: Dragonite|atk|1
|-boost|p1a: Dragonite|spe|1
|
|-heal|p2a: Gliscor|100/100 tox|[from] ability: Poison Heal
|upkeep
|turn|21
|
|t:|1758949802
|switch|p1a: Landorus|Landorus-Therian, M|86/100
|-damage|p1a: Landorus|74/100|[from] Stealth Rock
|-ability|p1a: Landorus|Intimidate|boost
|-unboost|p2a: Gliscor|atk|1
|move|p2a: Gliscor|Toxic|p1a: Landorus
|-status|p1a: Landorus|tox
|
|-damage|p1a: Landorus|68/100 tox|[from] psn
|upkeep
|turn|22
|
|t:|1758949807
|move|p2a: Gliscor|Protect|p2a: Gliscor
|-singleturn|p2a: Gliscor|Protect
|move|p1a: Landorus|Taunt|p2a: Gliscor
|-activate|p2a: Gliscor|move: Protect
|
|-damage|p1a: Landorus|56/100 tox|[from] psn
|upkeep
|turn|23
|
|t:|1758949815
|switch|p2a: Dragapult|Dragapult, M|100/100
|move|p1a: Landorus|Taunt|p2a: Dragapult
|-start|p2a: Dragapult|move: Taunt
|
|-damage|p1a: Landorus|38/100 tox|[from] psn
|upkeep
|turn|24
|
|t:|1758949820
|switch|p2a: Gliscor|Gliscor, F|100/100 tox
|-damage|p2a: Gliscor|88/100 tox|[from] Stealth Rock
|move|p1a: Landorus|Earth Power|p2a: Gliscor
|-immune|p2a: Gliscor
|
|-damage|p1a: Landorus|14/100 tox|[from] psn
|-heal|p2a: Gliscor|100/100 tox|[from] ability: Poison Heal
|upkeep
|turn|25
|
|t:|1758949824
|switch|p1a: Kingambit|Kingambit, F|100/100
|-damage|p1a: Kingambit|94/100|[from] Stealth Rock
|-activate|p1a: Kingambit|ability: Supreme Overlord
|-start|p1a: Kingambit|fallen3|[silent]
|move|p2a: Gliscor|Protect||[still]
|-fail|p2a: Gliscor
|
|-heal|p1a: Kingambit|100/100|[from] item: Leftovers
|upkeep
|turn|26
|
|t:|1758949827
|move|p2a: Gliscor|Earthquake|p1a: Kingambit
|-supereffective|p1a: Kingambit
|-damage|p1a: Kingambit|47/100
|move|p1a: Kingambit|Swords Dance|p1a: Kingambit
|-boost|p1a: Kingambit|atk|2
|
|-heal|p1a: Kingambit|53/100|[from] item: Leftovers
|upkeep
|turn|27
|
|t:|1758949830
|move|p2a: Gliscor|Earthquake|p1a: Kingambit
|-supereffective|p1a: Kingambit
|-crit|p1a: Kingambit
|-damage|p1a: Kingambit|0 fnt
|faint|p1a: Kingambit
|-end|p1a: Kingambit|fallen3|[silent]
|
|upkeep
|
|t:|1758949833
|switch|p1a: Dragonite|Dragonite, F|100/100
|turn|28
|
|t:|1758949837
|-terastallize|p1a: Dragonite|Flying
|move|p1a: Dragonite|Dragon Dance|p1a: Dragonite
|-boost|p1a: Dragonite|atk|1
|-boost|p1a: Dragonite|spe|1
|move|p2a: Gliscor|Toxic|p1a: Dragonite
|-status|p1a: Dragonite|tox
|
|-damage|p1a: Dragonite|94/100 tox|[from] psn
|upkeep
|turn|29
|
|t:|1758949841
|move|p1a: Dragonite|Dragon Dance|p1a: Dragonite
|-boost|p1a: Dragonite|atk|1
|-boost|p1a: Dragonite|spe|1
|move|p2a: Gliscor|Knock Off|p1a: Dragonite
|-damage|p1a: Dragonite|69/100 tox
|-enditem|p1a: Dragonite|Heavy-Duty Boots|[from] move: Knock Off|[of] p2a: Gliscor
|
|-damage|p1a: Dragonite|56/100 tox|[from] psn
|upkeep
|turn|30
|
|t:|1758949843
|move|p2a: Gliscor|Protect|p2a: Gliscor
|-singleturn|p2a: Gliscor|Protect
|move|p1a: Dragonite|Roost|p1a: Dragonite
|-heal|p1a: Dragonite|100/100 tox
|-hint|If a Terastallized Pokemon uses Roost, it remains Flying-type.
|
|-damage|p1a: Dragonite|82/100 tox|[from] psn
|upkeep
|turn|31
|
|t:|1758949846
|switch|p2a: Iron Moth|Iron Moth|15/100 par
|move|p1a: Dragonite|Tera Blast|p2a: Iron Moth|[anim] Tera Blast Flying
|-damage|p2a: Iron Moth|0 fnt
|faint|p2a: Iron Moth
|-end|p2a: Iron Moth|Quark Drive|[silent]
|
|-damage|p1a: Dragonite|57/100 tox|[from] psn
|upkeep
|
|t:|1758949849
|switch|p2a: Gliscor|Gliscor, F|100/100 tox
|-damage|p2a: Gliscor|88/100 tox|[from] Stealth Rock
|turn|32
|
|t:|1758949850
|move|p2a: Gliscor|Protect|p2a: Gliscor
|-singleturn|p2a: Gliscor|Protect
|move|p1a: Dragonite|Tera Blast|p2a: Gliscor|[anim] Tera Blast Flying
|-activate|p2a: Gliscor|move: Protect
|
|-damage|p1a: Dragonite|26/100 tox|[from] psn
|-heal|p2a: Gliscor|100/100 tox|[from] ability: Poison Heal
|upkeep
|turn|33
|
|t:|1758949856
|move|p1a: Dragonite|Tera Blast|p2a: Gliscor|[anim] Tera Blast Flying
|-damage|p2a: Gliscor|17/100 tox
|move|p2a: Gliscor|Earthquake|p1a: Dragonite
|-immune|p1a: Dragonite
|
|-damage|p1a: Dragonite|0 fnt|[from] psn
|faint|p1a: Dragonite
|-heal|p2a: Gliscor|30/100 tox|[from] ability: Poison Heal
|upkeep
|
|t:|1758949859
|switch|p1a: Landorus|Landorus-Therian, M|14/100 tox
|-damage|p1a: Landorus|2/100 tox|[from] Stealth Rock
|-ability|p1a: Landorus|Intimidate|boost
|-unboost|p2a: Gliscor|atk|1
|turn|34
|-message|you my heart forfeited.
|
|win|OUWW Miguel o Hara
|raw|you my heart's rating: 1754 &rarr; <strong>1745</strong><br />(-9 for losing)
|raw|OUWW Miguel o Hara's rating: 1970 &rarr; <strong>1979</strong><br />(+9 for winning)
|l|☆you my heart
|player|p1|
|l| amefurikoneko
|j| larp legion
|l| larp legion
|l|☆OUWW Miguel o Hara
|player|p2|
