|j|☆ItsMashu
|j|☆victory 4 u
|t:|1759017955
|gametype|singles
|player|p1|ItsMashu|170|1165
|player|p2|victory 4 u|266|1115
|gen|9
|tier|[Gen 9] OU
|rated|
|rule|HP Percentage Mod: HP is shown in percentages
|rule|Endless Battle Clause: Forcing endless battles is banned
|rule|Species Clause: Limit one of each Pokémon
|rule|OHKO Clause: OHKO moves are banned
|rule|Evasion Items Clause: Evasion items are banned
|rule|Evasion Moves Clause: Evasion moves are banned
|rule|Evasion Abilities Clause: Evasion abilities are banned
|rule|Sleep Moves Clause: Sleep-inducing moves are banned
|clearpoke
|poke|p1|Galvantula, F|
|poke|p1|Krookodile, F|
|poke|p1|Samurott-Hisui, F|
|poke|p1|Tsareena, F|
|poke|p1|Chandelure, F|
|poke|p1|Cloyster, M|
|poke|p2|Regidrago|
|poke|p2|Basculegion-F, F|
|poke|p2|Meowstic, M|
|poke|p2|Tentacruel, F|
|poke|p2|Ting-Lu|
|poke|p2|Ogerpon, F|
|teampreview
|
|t:|1759017963
|teamsize|p1|6
|teamsize|p2|6
|start
|switch|p1a: Galvantula|Galvantula, F|100/100
|switch|p2a: Lostelle|Ogerpon, F|100/100
|turn|1
|
|t:|1759017969
|move|p2a: Lostelle|U-turn|p1a: Galvantula
|-damage|p1a: Galvantula|44/100
|
|t:|1759017973
|switch|p2a: Hero|Tentacruel, F|100/100|[from] U-turn
|move|p1a: Galvantula|Sticky Web|p2a: Hero
|-sidestart|p2: victory 4 u|move: Sticky Web
|
|upkeep
|turn|2
|
|t:|1759017982
|move|p1a: Galvantula|Thunder|p2a: Hero
|-supereffective|p2a: Hero
|-damage|p2a: Hero|46/100
|-status|p2a: Hero|par
|cant|p2a: Hero|par
|
|-heal|p2a: Hero|52/100 par|[from] item: Leftovers
|upkeep
|turn|3
|
|t:|1759017992
|move|p1a: Galvantula|Thunder|p2a: Hero
|-supereffective|p2a: Hero
|-damage|p2a: Hero|0 fnt
|faint|p2a: Hero
|
|upkeep
|
|t:|1759017999
|switch|p2a: Pls|Ting-Lu|100/100
|-activate|p2a: Pls|move: Sticky Web
|-unboost|p2a: Pls|spe|1
|-ability|p2a: Pls|Vessel of Ruin
|turn|4
|
|t:|1759018007
|switch|p1a: Tsareena|Tsareena, F|100/100
|move|p2a: Pls|Stealth Rock|p1a: Tsareena
|-sidestart|p1: ItsMashu|move: Stealth Rock
|
|upkeep
|turn|5
|
|t:|1759018015
|switch|p2a: CALM|Regidrago|100/100
|-activate|p2a: CALM|move: Sticky Web
|-unboost|p2a: CALM|spe|1
|move|p1a: Tsareena|Power Whip|p2a: CALM
|-resisted|p2a: CALM
|-damage|p2a: CALM|74/100
|
|upkeep
|turn|6
|
|t:|1759018025
|move|p2a: CALM|Dragon Pulse|p1a: Tsareena
|-damage|p1a: Tsareena|20/100
|move|p1a: Tsareena|Rapid Spin|p2a: CALM
|-damage|p2a: CALM|60/100
|-boost|p1a: Tsareena|spe|1
|-sideend|p1: ItsMashu|Stealth Rock|[from] move: Rapid Spin|[of] p1a: Tsareena
|
|upkeep
|turn|7
|
|t:|1759018033
|switch|p1a: Galvantula|Galvantula, F|44/100
|move|p2a: CALM|Dragon Pulse|p1a: Galvantula
|-damage|p1a: Galvantula|0 fnt
|faint|p1a: Galvantula
|
|upkeep
|
|t:|1759018038
|switch|p1a: Samurott|Samurott-Hisui, F|100/100
|turn|8
|
|t:|1759018042
|move|p1a: Samurott|Ceaseless Edge|p2a: CALM
|-crit|p2a: CALM
|-damage|p2a: CALM|0 fnt
|-sidestart|p2: victory 4 u|Spikes
|faint|p2a: CALM
|
|upkeep
|
|t:|1759018056
|switch|p2a: Help|Meowstic, M|100/100
|-activate|p2a: Help|move: Sticky Web
|-unboost|p2a: Help|spe|1
|-damage|p2a: Help|88/100|[from] Spikes
|turn|9
|
|t:|1759018064
|move|p2a: Help|Rain Dance|p2a: Help
|-weather|RainDance
|move|p1a: Samurott|Ceaseless Edge|p2a: Help
|-supereffective|p2a: Help
|-damage|p2a: Help|0 fnt
|-sidestart|p2: victory 4 u|Spikes
|faint|p2a: Help
|
|-weather|RainDance|[upkeep]
|upkeep
|
|t:|1759018071
|switch|p2a: Lostelle|Ogerpon, F|100/100
|-activate|p2a: Lostelle|move: Sticky Web
|-unboost|p2a: Lostelle|spe|1
|-ability|p2a: Lostelle|Defiant|boost
|-boost|p2a: Lostelle|atk|2
|-damage|p2a: Lostelle|84/100|[from] Spikes
|turn|10
|
|t:|1759018081
|-terastallize|p2a: Lostelle|Grass
|detailschange|p2a: Lostelle|Ogerpon-Teal-Tera, F, tera:Grass
|-ability|p2a: Lostelle|Embody Aspect (Teal)|boost
|-boost|p2a: Lostelle|spe|1
|-terastallize|p1a: Samurott|Poison
|move|p2a: Lostelle|Ivy Cudgel|p1a: Samurott
|-resisted|p1a: Samurott
|-damage|p1a: Samurott|6/100
|move|p1a: Samurott|Ceaseless Edge|p2a: Lostelle
|-damage|p2a: Lostelle|31/100
|-sidestart|p2: victory 4 u|Spikes
|
|-weather|RainDance|[upkeep]
|upkeep
|turn|11
|
|t:|1759018093
|move|p1a: Samurott|Aqua Jet|p2a: Lostelle
|-resisted|p2a: Lostelle
|-damage|p2a: Lostelle|15/100
|move|p2a: Lostelle|Ivy Cudgel|p1a: Samurott
|-resisted|p1a: Samurott
|-damage|p1a: Samurott|0 fnt
|faint|p1a: Samurott
|
|-weather|RainDance|[upkeep]
|upkeep
|
|t:|1759018111
|switch|p1a: Chandelure|Chandelure, F|100/100
|turn|12
|
|t:|1759018116
|move|p2a: Lostelle|Ivy Cudgel|p1a: Chandelure
|-resisted|p1a: Chandelure
|-damage|p1a: Chandelure|0 fnt
|faint|p1a: Chandelure
|
|-weather|RainDance|[upkeep]
|upkeep
|
|t:|1759018122
|switch|p1a: Cloyster|Cloyster, M|100/100
|turn|13
|
|t:|1759018130
|move|p2a: Lostelle|Ivy Cudgel|p1a: Cloyster
|-supereffective|p1a: Cloyster
|-crit|p1a: Cloyster
|-damage|p1a: Cloyster|0 fnt
|faint|p1a: Cloyster
|
|-weather|RainDance|[upkeep]
|upkeep
|
|t:|1759018135
|switch|p1a: Tsareena|Tsareena, F|20/100
|turn|14
|
|t:|1759018138
|move|p2a: Lostelle|Ivy Cudgel|p1a: Tsareena
|-resisted|p1a: Tsareena
|-damage|p1a: Tsareena|0 fnt
|faint|p1a: Tsareena
|
|-weather|RainDance|[upkeep]
|upkeep
|
|t:|1759018142
|switch|p1a: Krookodile|Krookodile, F|100/100
|turn|15
|
|t:|1759018153
|move|p2a: Lostelle|Ivy Cudgel|p1a: Krookodile
|-supereffective|p1a: Krookodile
|-damage|p1a: Krookodile|0 fnt
|faint|p1a: Krookodile
|
|win|victory 4 u
|raw|ItsMashu's rating: 1165 &rarr; <strong>1136</strong><br />(-29 for losing)
|raw|victory 4 u's rating: 1115 &rarr; <strong>1144</strong><br />(+29 for winning)
|l|☆ItsMashu
|player|p1|
|c|☆victory 4 u|gg
|l|☆victory 4 u
|player|p2|
