|j|☆Orepharus
|j|☆justiceforjessie
|t:|1758921310
|gametype|singles
|player|p1|Orepharus|101|1350
|player|p2|justiceforjessie|265|1391
|gen|9
|tier|[Gen 9] OU
|rated|
|rule|HP Percentage Mod: HP is shown in percentages
|rule|Endless Battle Clause: Forcing endless battles is banned
|rule|Species Clause: Limit one of each Pokémon
|rule|OHKO Clause: OHKO moves are banned
|rule|Evasion Items Clause: Evasion items are banned
|rule|Evasion Moves Clause: Evasion moves are banned
|rule|Evasion Abilities Clause: Evasion abilities are banned
|rule|Sleep Moves Clause: Sleep-inducing moves are banned
|clearpoke
|poke|p1|Primarina, F|
|poke|p1|Blaziken, F|
|poke|p1|Slowking-Galar, M|
|poke|p1|Darkrai|
|poke|p1|Corviknight, F|
|poke|p1|Kyurem|
|poke|p2|Ninetales, M|
|poke|p2|Great Tusk|
|poke|p2|Walking Wake|
|poke|p2|Comfey, M|
|poke|p2|Venusaur, M|
|poke|p2|Gholdengo|
|teampreview
|inactive|Battle timer is ON: inactive players will automatically lose when time's up. (requested by Orepharus)
|
|t:|1758921326
|teamsize|p1|6
|teamsize|p2|6
|start
|switch|p1a: Darkrai|Darkrai|100/100
|switch|p2a: NineGENDERS.|Ninetales, M|100/100
|-weather|SunnyDay|[from] ability: Drought|[of] p2a: NineGENDERS.
|turn|1
|
|t:|1758921332
|move|p1a: Darkrai|Dark Pulse|p2a: NineGENDERS.
|-damage|p2a: NineGENDERS.|49/100
|-damage|p1a: Darkrai|91/100|[from] item: Life Orb
|move|p2a: NineGENDERS.|Weather Ball|p1a: Darkrai
|-damage|p1a: Darkrai|33/100
|
|-weather|SunnyDay|[upkeep]
|upkeep
|turn|2
|
|t:|1758921342
|switch|p2a: Comfey|Comfey, M|100/100
|move|p1a: Darkrai|Sludge Bomb|p2a: Comfey
|-supereffective|p2a: Comfey
|-damage|p2a: Comfey|21/100
|-status|p2a: Comfey|psn
|-damage|p1a: Darkrai|23/100|[from] item: Life Orb
|
|-weather|SunnyDay|[upkeep]
|-damage|p2a: Comfey|9/100 psn|[from] psn
|upkeep
|turn|3
|
|t:|1758921352
|switch|p1a: Slowking|Slowking-Galar, M|100/100
|move|p2a: Comfey|Draining Kiss|p1a: Slowking
|-resisted|p1a: Slowking
|-damage|p1a: Slowking|94/100
|-heal|p2a: Comfey|15/100 psn|[from] drain|[of] p1a: Slowking
|-damage|p2a: Comfey|5/100 psn|[from] item: Life Orb
|
|-weather|SunnyDay|[upkeep]
|-damage|p2a: Comfey|0 fnt|[from] psn
|faint|p2a: Comfey
|upkeep
|
|t:|1758921366
|switch|p2a: Great THEY/THEM.|Great Tusk|100/100
|-activate|p2a: Great THEY/THEM.|ability: Protosynthesis
|-start|p2a: Great THEY/THEM.|protosynthesisatk
|turn|4
|
|t:|1758921371
|switch|p1a: Corviknight|Corviknight, F|100/100
|move|p2a: Great THEY/THEM.|Stealth Rock|p1a: Corviknight
|-sidestart|p1: Orepharus|move: Stealth Rock
|
|-weather|SunnyDay|[upkeep]
|upkeep
|turn|5
|
|t:|1758921377
|-end|p2a: Great THEY/THEM.|Protosynthesis|[silent]
|switch|p2a: GholDEIngo.|Gholdengo|100/100
|switch|p1a: Slowking|Slowking-Galar, M|100/100
|-damage|p1a: Slowking|88/100|[from] Stealth Rock
|
|-weather|SunnyDay|[upkeep]
|upkeep
|turn|6
|
|t:|1758921384
|move|p2a: GholDEIngo.|Shadow Ball|p1a: Slowking
|-supereffective|p1a: Slowking
|-damage|p1a: Slowking|30/100
|-damage|p2a: GholDEIngo.|91/100|[from] item: Life Orb
|move|p1a: Slowking|Fire Blast|p2a: GholDEIngo.
|-supereffective|p2a: GholDEIngo.
|-crit|p2a: GholDEIngo.
|-damage|p2a: GholDEIngo.|0 fnt
|faint|p2a: GholDEIngo.
|
|-weather|SunnyDay|[upkeep]
|upkeep
|
|t:|1758921393
|switch|p2a: Walking WOKE.|Walking Wake|100/100
|-activate|p2a: Walking WOKE.|ability: Protosynthesis
|-start|p2a: Walking WOKE.|protosynthesisspe
|turn|7
|
|t:|1758921400
|switch|p1a: Primarina|Primarina, F|100/100
|-damage|p1a: Primarina|88/100|[from] Stealth Rock
|-terastallize|p2a: Walking WOKE.|Water
|move|p2a: Walking WOKE.|Hydro Steam|p1a: Primarina
|-resisted|p1a: Primarina
|-damage|p1a: Primarina|53/100
|
|-weather|SunnyDay|[upkeep]
|upkeep
|turn|8
|
|t:|1758921409
|move|p2a: Walking WOKE.|Hydro Steam|p1a: Primarina
|-resisted|p1a: Primarina
|-damage|p1a: Primarina|17/100
|move|p1a: Primarina|Moonblast|p2a: Walking WOKE.
|-damage|p2a: Walking WOKE.|41/100
|
|-weather|none
|-end|p2a: Walking WOKE.|Protosynthesis
|upkeep
|turn|9
|
|t:|1758921416
|move|p2a: Walking WOKE.|Hydro Steam|p1a: Primarina
|-resisted|p1a: Primarina
|-damage|p1a: Primarina|0 fnt
|faint|p1a: Primarina
|
|upkeep
|
|t:|1758921421
|switch|p1a: Kyurem|Kyurem|100/100
|-damage|p1a: Kyurem|75/100|[from] Stealth Rock
|-ability|p1a: Kyurem|Pressure
|turn|10
|
|t:|1758921427
|-end|p2a: Walking WOKE.|Protosynthesis|[silent]
|switch|p2a: NineGENDERS.|Ninetales, M|49/100
|-weather|SunnyDay|[from] ability: Drought|[of] p2a: NineGENDERS.
|move|p1a: Kyurem|Dragon Dance|p1a: Kyurem
|-boost|p1a: Kyurem|atk|1
|-boost|p1a: Kyurem|spe|1
|
|-weather|SunnyDay|[upkeep]
|upkeep
|turn|11
|
|t:|1758921435
|move|p1a: Kyurem|Scale Shot|p2a: NineGENDERS.|[miss]
|-miss|p1a: Kyurem|p2a: NineGENDERS.
|move|p2a: NineGENDERS.|Weather Ball|p1a: Kyurem
|-damage|p1a: Kyurem|31/100
|
|-weather|SunnyDay|[upkeep]
|upkeep
|turn|12
|
|t:|1758921450
|move|p1a: Kyurem|Scale Shot|p2a: NineGENDERS.
|-damage|p2a: NineGENDERS.|23/100
|-damage|p2a: NineGENDERS.|0 fnt
|faint|p2a: NineGENDERS.
|-hitcount|p2: NineGENDERS.|2
|-unboost|p1a: Kyurem|def|1
|-boost|p1a: Kyurem|spe|1
|
|-weather|SunnyDay|[upkeep]
|upkeep
|
|t:|1758921462
|switch|p2a: Walking WOKE.|Walking Wake, tera:Water|41/100
|-activate|p2a: Walking WOKE.|ability: Protosynthesis
|-start|p2a: Walking WOKE.|protosynthesisspe
|turn|13
|
|t:|1758921466
|move|p1a: Kyurem|Scale Shot|p2a: Walking WOKE.
|-damage|p2a: Walking WOKE.|20/100
|-damage|p2a: Walking WOKE.|0 fnt
|faint|p2a: Walking WOKE.
|-end|p2a: Walking WOKE.|Protosynthesis|[silent]
|-hitcount|p2: Walking WOKE.|2
|-unboost|p1a: Kyurem|def|1
|-boost|p1a: Kyurem|spe|1
|
|-weather|SunnyDay|[upkeep]
|upkeep
|-message|justiceforjessie forfeited.
|
|win|Orepharus
|raw|Orepharus's rating: 1350 &rarr; <strong>1372</strong><br />(+22 for winning)
|raw|justiceforjessie's rating: 1391 &rarr; <strong>1369</strong><br />(-22 for losing)
|l|☆justiceforjessie
|player|p2|
