|j|☆Branden Kim Dokjaa
|j|☆chaintrainalt
|t:|1759032919
|gametype|singles
|player|p1|Branden Kim Dokjaa|cynthia-masters3|1391
|player|p2|chaintrainalt|cyclistf|1460
|gen|9
|tier|[Gen 9] OU
|rated|
|rule|HP Percentage Mod: HP is shown in percentages
|rule|Endless Battle Clause: Forcing endless battles is banned
|rule|Species Clause: Limit one of each Pokémon
|rule|OHKO Clause: OHKO moves are banned
|rule|Evasion Items Clause: Evasion items are banned
|rule|Evasion Moves Clause: Evasion moves are banned
|rule|Evasion Abilities Clause: Evasion abilities are banned
|rule|Sleep Moves Clause: Sleep-inducing moves are banned
|clearpoke
|poke|p1|Lycanroc-Dusk, M|
|poke|p1|Iron Crown|
|poke|p1|Great Tusk|
|poke|p1|Scizor, M|
|poke|p1|Dragonite, M|
|poke|p1|Iron Valiant|
|poke|p2|Ribombee, M|
|poke|p2|Iron Moth|
|poke|p2|Raging Bolt|
|poke|p2|Gholdengo|
|poke|p2|Garchomp, M|
|poke|p2|Iron Valiant|
|teampreview
|inactive|Battle timer is ON: inactive players will automatically lose when time's up. (requested by chaintrainalt)
|inactive|Branden Kim Dokjaa also wants the timer to be on.
|
|t:|1759032927
|teamsize|p1|6
|teamsize|p2|6
|start
|switch|p1a: Scizor|Scizor, M|100/100
|switch|p2a: Ribombee|Ribombee, M|100/100
|turn|1
|
|t:|1759032931
|move|p1a: Scizor|Bullet Punch|p2a: Ribombee
|-supereffective|p2a: Ribombee
|-enditem|p2a: Ribombee|Focus Sash
|-damage|p2a: Ribombee|1/100
|move|p2a: Ribombee|Sticky Web|p1a: Scizor
|-sidestart|p1: Branden Kim Dokjaa|move: Sticky Web
|
|upkeep
|turn|2
|
|t:|1759032947
|move|p1a: Scizor|Bullet Punch|p2a: Ribombee
|-supereffective|p2a: Ribombee
|-damage|p2a: Ribombee|0 fnt
|faint|p2a: Ribombee
|
|upkeep
|
|t:|1759032953
|switch|p2a: Iron Moth|Iron Moth|100/100
|-enditem|p2a: Iron Moth|Booster Energy
|-activate|p2a: Iron Moth|ability: Quark Drive|[fromitem]
|-start|p2a: Iron Moth|quarkdrivespa
|turn|3
|
|t:|1759032965
|switch|p1a: Iron Crown|Iron Crown|100/100
|-activate|p1a: Iron Crown|move: Sticky Web
|-unboost|p1a: Iron Crown|spe|1
|move|p2a: Iron Moth|Fiery Dance|p1a: Iron Crown
|-supereffective|p1a: Iron Crown
|-damage|p1a: Iron Crown|21/100
|
|upkeep
|turn|4
|
|t:|1759032970
|move|p2a: Iron Moth|Fiery Dance|p1a: Iron Crown
|-supereffective|p1a: Iron Crown
|-damage|p1a: Iron Crown|0 fnt
|-boost|p2a: Iron Moth|spa|1
|faint|p1a: Iron Crown
|-end|p1a: Iron Crown|Quark Drive|[silent]
|
|upkeep
|
|t:|1759032980
|switch|p1a: Lycanroc|Lycanroc-Dusk, M|100/100
|-activate|p1a: Lycanroc|move: Sticky Web
|-unboost|p1a: Lycanroc|spe|1
|turn|5
|
|t:|1759033005
|-end|p2a: Iron Moth|Quark Drive|[silent]
|switch|p2a: Garchomp|Garchomp, M|100/100
|move|p1a: Lycanroc|Accelerock|p2a: Garchomp
|-resisted|p2a: Garchomp
|-damage|p2a: Garchomp|81/100
|-damage|p1a: Lycanroc|88/100|[from] ability: Rough Skin|[of] p2a: Garchomp
|
|upkeep
|turn|6
|
|t:|1759033029
|switch|p1a: Great Tusk|Great Tusk|100/100
|move|p2a: Garchomp|Swords Dance|p2a: Garchomp
|-boost|p2a: Garchomp|atk|2
|
|upkeep
|turn|7
|inactive|chaintrainalt has 120 seconds left.
|
|t:|1759033052
|move|p2a: Garchomp|Liquidation|p1a: Great Tusk
|-supereffective|p1a: Great Tusk
|-damage|p1a: Great Tusk|17/100
|move|p1a: Great Tusk|Rapid Spin|p2a: Garchomp
|-damage|p2a: Garchomp|67/100
|-boost|p1a: Great Tusk|spe|1
|-damage|p1a: Great Tusk|5/100|[from] ability: Rough Skin|[of] p2a: Garchomp
|-sideend|p1: Branden Kim Dokjaa|Sticky Web|[from] move: Rapid Spin|[of] p1a: Great Tusk
|
|upkeep
|turn|8
|
|t:|1759033060
|move|p1a: Great Tusk|Ice Spinner|p2a: Garchomp
|-supereffective|p2a: Garchomp
|-damage|p2a: Garchomp|0 fnt
|-damage|p1a: Great Tusk|0 fnt|[from] ability: Rough Skin|[of] p2a: Garchomp
|faint|p2a: Garchomp
|faint|p1a: Great Tusk
|-end|p1a: Great Tusk|Protosynthesis|[silent]
|
|upkeep
|inactive|chaintrainalt has 120 seconds left.
|
|t:|1759033077
|switch|p2a: Gholdengo|Gholdengo|100/100
|switch|p1a: Dragonite|Dragonite, M|100/100
|-item|p2a: Gholdengo|Air Balloon
|turn|9
|inactive|Branden Kim Dokjaa has 120 seconds left.
|inactive|Branden Kim Dokjaa has 90 seconds left.
|
|t:|1759033147
|switch|p1a: Scizor|Scizor, M|100/100
|move|p2a: Gholdengo|Shadow Ball|p1a: Scizor
|-damage|p1a: Scizor|48/100
|
|upkeep
|turn|10
|
|t:|1759033157
|switch|p2a: Raging Bolt|Raging Bolt|100/100
|-enditem|p2a: Raging Bolt|Booster Energy
|-activate|p2a: Raging Bolt|ability: Protosynthesis|[fromitem]
|-start|p2a: Raging Bolt|protosynthesisspa
|move|p1a: Scizor|Bullet Punch|p2a: Raging Bolt
|-resisted|p2a: Raging Bolt
|-damage|p2a: Raging Bolt|75/100
|
|upkeep
|turn|11
|inactive|Branden Kim Dokjaa has 90 seconds left.
|
|t:|1759033196
|move|p1a: Scizor|Bullet Punch|p2a: Raging Bolt
|-resisted|p2a: Raging Bolt
|-damage|p2a: Raging Bolt|52/100
|move|p2a: Raging Bolt|Thunderbolt|p1a: Scizor
|-damage|p1a: Scizor|0 fnt
|faint|p1a: Scizor
|
|upkeep
|
|t:|1759033208
|switch|p1a: Lycanroc|Lycanroc-Dusk, M|88/100
|turn|12
|
|t:|1759033231
|move|p2a: Raging Bolt|Thunderclap|p1a: Lycanroc
|-damage|p1a: Lycanroc|3/100
|move|p1a: Lycanroc|Close Combat|p2a: Raging Bolt
|-damage|p2a: Raging Bolt|0 fnt
|-unboost|p1a: Lycanroc|def|1
|-unboost|p1a: Lycanroc|spd|1
|faint|p2a: Raging Bolt
|-end|p2a: Raging Bolt|Protosynthesis|[silent]
|
|upkeep
|
|t:|1759033243
|switch|p2a: Gholdengo|Gholdengo|100/100
|-item|p2a: Gholdengo|Air Balloon
|turn|13
|inactive|Branden Kim Dokjaa has 60 seconds left.
|
|t:|1759033273
|switch|p1a: Dragonite|Dragonite, M|100/100
|move|p2a: Gholdengo|Shadow Ball|p1a: Dragonite
|-damage|p1a: Dragonite|78/100
|
|upkeep
|turn|14
|
|t:|1759033281
|move|p2a: Gholdengo|Make It Rain|p1a: Dragonite
|-damage|p1a: Dragonite|5/100
|-unboost|p2a: Gholdengo|spa|1
|move|p1a: Dragonite|Dragon Dance|p1a: Dragonite
|-boost|p1a: Dragonite|atk|1
|-boost|p1a: Dragonite|spe|1
|
|upkeep
|turn|15
|
|t:|1759033291
|move|p1a: Dragonite|Roost|p1a: Dragonite
|-heal|p1a: Dragonite|55/100
|-singleturn|p1a: Dragonite|move: Roost
|move|p2a: Gholdengo|Shadow Ball|p1a: Dragonite
|-damage|p1a: Dragonite|23/100
|
|upkeep
|turn|16
|
|t:|1759033297
|move|p1a: Dragonite|Roost|p1a: Dragonite
|-heal|p1a: Dragonite|73/100
|-singleturn|p1a: Dragonite|move: Roost
|move|p2a: Gholdengo|Shadow Ball|p1a: Dragonite
|-damage|p1a: Dragonite|42/100
|
|upkeep
|turn|17
|
|t:|1759033303
|move|p1a: Dragonite|Roost|p1a: Dragonite
|-heal|p1a: Dragonite|92/100
|-singleturn|p1a: Dragonite|move: Roost
|move|p2a: Gholdengo|Nasty Plot|p2a: Gholdengo
|-boost|p2a: Gholdengo|spa|2
|
|upkeep
|turn|18
|inactive|Branden Kim Dokjaa has 90 seconds left.
|
|t:|1759033325
|move|p1a: Dragonite|Fire Punch|p2a: Gholdengo
|-supereffective|p2a: Gholdengo
|-damage|p2a: Gholdengo|0 fnt
|-enditem|p2a: Gholdengo|Air Balloon
|faint|p2a: Gholdengo
|
|upkeep
|
|t:|1759033332
|switch|p2a: Iron Valiant|Iron Valiant|100/100
|-enditem|p2a: Iron Valiant|Booster Energy
|-activate|p2a: Iron Valiant|ability: Quark Drive|[fromitem]
|-start|p2a: Iron Valiant|quarkdrivespe
|turn|19
|inactive|Branden Kim Dokjaa has 90 seconds left.
|
|t:|1759033345
|-terastallize|p1a: Dragonite|Normal
|move|p1a: Dragonite|Extreme Speed|p2a: Iron Valiant
|-damage|p2a: Iron Valiant|5/100
|move|p2a: Iron Valiant|Spirit Break|p1a: Dragonite
|-damage|p1a: Dragonite|48/100
|-unboost|p1a: Dragonite|spa|1
|
|upkeep
|turn|20
|
|t:|1759033350
|move|p1a: Dragonite|Extreme Speed|p2a: Iron Valiant
|-damage|p2a: Iron Valiant|0 fnt
|faint|p2a: Iron Valiant
|-end|p2a: Iron Valiant|Quark Drive|[silent]
|
|upkeep
|-message|chaintrainalt forfeited.
|
|win|Branden Kim Dokjaa
|raw|Branden Kim Dokjaa's rating: 1367 &rarr; <strong>1392</strong><br />(+25 for winning)
|raw|chaintrainalt's rating: 1460 &rarr; <strong>1435</strong><br />(-25 for losing)
|l|☆chaintrainalt
|player|p2|
|l|☆Branden Kim Dokjaa
|player|p1|
