|j|☆kuraiyagare
|j|☆RocksLover22
|t:|1758995949
|gametype|singles
|player|p1|kuraiyagare|mars|1235
|player|p2|RocksLover22|hiker-gen4|1264
|gen|9
|tier|[Gen 9] OU
|rated|
|rule|HP Percentage Mod: HP is shown in percentages
|rule|Endless Battle Clause: Forcing endless battles is banned
|rule|Species Clause: Limit one of each Pokémon
|rule|OHKO Clause: OHKO moves are banned
|rule|Evasion Items Clause: Evasion items are banned
|rule|Evasion Moves Clause: Evasion moves are banned
|rule|Evasion Abilities Clause: Evasion abilities are banned
|rule|Sleep Moves Clause: Sleep-inducing moves are banned
|clearpoke
|poke|p1|Talonflame, M|
|poke|p1|Drifblim, M|
|poke|p1|Bastiodon, F|
|poke|p1|Lokix, F|
|poke|p1|Gardevoir, M|
|poke|p1|Flygon, F|
|poke|p2|Moltres|
|poke|p2|Zamazenta-*|
|poke|p2|Darkrai|
|poke|p2|Hydrapple, M|
|poke|p2|Ting-Lu|
|poke|p2|Tinkaton, F|
|teampreview
|inactive|Battle timer is ON: inactive players will automatically lose when time's up. (requested by RocksLover22)
|
|t:|1758995978
|teamsize|p1|6
|teamsize|p2|6
|start
|switch|p1a: Gardenia|Gardevoir, M|100/100
|switch|p2a: Darkrai|Darkrai, shiny|100/100
|-ability|p1a: Gardenia|Bad Dreams|Trace|[from] ability: Trace|[of] p2a: Darkrai
|turn|1
|
|t:|1758995985
|switch|p2a: Tinkaton|Tinkaton, F|100/100
|-ability|p2a: Tinkaton|Mold Breaker
|-item|p2a: Tinkaton|Air Balloon
|move|p1a: Gardenia|Moonblast|p2a: Tinkaton
|-resisted|p2a: Tinkaton
|-damage|p2a: Tinkaton|75/100
|-unboost|p2a: Tinkaton|spa|1
|-enditem|p2a: Tinkaton|Air Balloon
|
|upkeep
|turn|2
|
|t:|1758995994
|switch|p1a: Flygon|Flygon, F|100/100
|move|p2a: Tinkaton|Stealth Rock|p1a: Flygon
|-sidestart|p1: kuraiyagare|move: Stealth Rock
|
|upkeep
|turn|3
|
|t:|1758996000
|switch|p2a: Hydrapple|Hydrapple, M|100/100
|move|p1a: Flygon|Dragon Dance|p1a: Flygon
|-boost|p1a: Flygon|atk|1
|-boost|p1a: Flygon|spe|1
|
|upkeep
|turn|4
|
|t:|1758996017
|move|p1a: Flygon|Dragon Dance|p1a: Flygon
|-boost|p1a: Flygon|atk|1
|-boost|p1a: Flygon|spe|1
|move|p2a: Hydrapple|Fickle Beam|p1a: Flygon
|-supereffective|p1a: Flygon
|-damage|p1a: Flygon|4/100
|
|upkeep
|turn|5
|
|t:|1758996034
|-terastallize|p2a: Hydrapple|Poison
|move|p1a: Flygon|Dragon Rush|p2a: Hydrapple
|-damage|p2a: Hydrapple|43/100
|cant|p2a: Hydrapple|flinch
|
|upkeep
|turn|6
|
|t:|1758996043
|switch|p2a: Tinkaton|Tinkaton, F|75/100
|-ability|p2a: Tinkaton|Mold Breaker
|move|p1a: Flygon|Earthquake|p2a: Tinkaton
|-supereffective|p2a: Tinkaton
|-damage|p2a: Tinkaton|0 fnt
|faint|p2a: Tinkaton
|
|upkeep
|
|t:|1758996048
|switch|p2a: Zamazenta|Zamazenta|100/100
|-ability|p2a: Zamazenta|Dauntless Shield|boost
|-boost|p2a: Zamazenta|def|1
|turn|7
|
|t:|1758996054
|move|p1a: Flygon|Dragon Rush|p2a: Zamazenta
|-damage|p2a: Zamazenta|32/100
|move|p2a: Zamazenta|Crunch|p1a: Flygon
|-damage|p1a: Flygon|0 fnt
|faint|p1a: Flygon
|
|upkeep
|
|t:|1758996061
|switch|p1a: Vatra|Talonflame, M|100/100
|turn|8
|
|t:|1758996073
|switch|p2a: Ting-Lu|Ting-Lu|100/100
|-ability|p2a: Ting-Lu|Vessel of Ruin
|move|p1a: Vatra|Brave Bird|p2a: Ting-Lu
|-damage|p2a: Ting-Lu|77/100
|-damage|p1a: Vatra|87/100|[from] Recoil
|
|-heal|p2a: Ting-Lu|83/100|[from] item: Leftovers
|upkeep
|turn|9
|
|t:|1758996078
|move|p1a: Vatra|Defog|p2a: Ting-Lu
|-unboost|p2a: Ting-Lu|evasion|1
|-sideend|p1: kuraiyagare|Stealth Rock|[from] move: Defog|[of] p1a: Vatra
|move|p2a: Ting-Lu|Ruination|p1a: Vatra
|-damage|p1a: Vatra|44/100
|
|-heal|p2a: Ting-Lu|90/100|[from] item: Leftovers
|upkeep
|turn|10
|
|t:|1758996091
|move|p1a: Vatra|Will-O-Wisp|p2a: Ting-Lu
|-status|p2a: Ting-Lu|brn
|move|p2a: Ting-Lu|Spikes|p1a: Vatra
|-sidestart|p1: kuraiyagare|Spikes
|
|-heal|p2a: Ting-Lu|96/100 brn|[from] item: Leftovers
|-damage|p2a: Ting-Lu|90/100 brn|[from] brn
|upkeep
|turn|11
|
|t:|1758996093
|move|p1a: Vatra|Defog|p2a: Ting-Lu
|-unboost|p2a: Ting-Lu|evasion|1
|-sideend|p1: kuraiyagare|Spikes|[from] move: Defog|[of] p1a: Vatra
|move|p2a: Ting-Lu|Whirlwind|p1a: Vatra
|drag|p1a: Bastiodon|Bastiodon, F|100/100
|
|-heal|p2a: Ting-Lu|96/100 brn|[from] item: Leftovers
|-damage|p2a: Ting-Lu|90/100 brn|[from] brn
|upkeep
|turn|12
|
|t:|1758996097
|switch|p1a: Vatra|Talonflame, M|44/100
|move|p2a: Ting-Lu|Ruination|p1a: Vatra
|-damage|p1a: Vatra|22/100
|
|-heal|p2a: Ting-Lu|96/100 brn|[from] item: Leftovers
|-damage|p2a: Ting-Lu|90/100 brn|[from] brn
|upkeep
|turn|13
|
|t:|1758996103
|switch|p1a: avg linux user|Lokix, F|100/100
|move|p2a: Ting-Lu|Spikes|p1a: avg linux user
|-sidestart|p1: kuraiyagare|Spikes
|
|-heal|p2a: Ting-Lu|96/100 brn|[from] item: Leftovers
|-damage|p2a: Ting-Lu|90/100 brn|[from] brn
|upkeep
|turn|14
|
|t:|1758996106
|move|p1a: avg linux user|Knock Off|p2a: Ting-Lu
|-resisted|p2a: Ting-Lu
|-damage|p2a: Ting-Lu|60/100 brn
|-enditem|p2a: Ting-Lu|Leftovers|[from] move: Knock Off|[of] p1a: avg linux user
|move|p2a: Ting-Lu|Ruination|p1a: avg linux user
|-damage|p1a: avg linux user|51/100
|
|-damage|p2a: Ting-Lu|54/100 brn|[from] brn
|upkeep
|turn|15
|
|t:|1758996112
|switch|p1a: Vatra|Talonflame, M|22/100
|switch|p2a: Moltres|Moltres|100/100
|
|upkeep
|turn|16
|
|t:|1758996119
|move|p1a: Vatra|Defog|p2a: Moltres
|-unboost|p2a: Moltres|evasion|1
|-sideend|p1: kuraiyagare|Spikes|[from] move: Defog|[of] p1a: Vatra
|move|p2a: Moltres|U-turn|p1a: Vatra
|-resisted|p1a: Vatra
|-damage|p1a: Vatra|17/100
|
|t:|1758996122
|switch|p2a: Darkrai|Darkrai, shiny|100/100|[from] U-turn
|
|upkeep
|turn|17
|
|t:|1758996138
|move|p1a: Vatra|Flare Blitz|p2a: Darkrai
|-crit|p2a: Darkrai
|-damage|p2a: Darkrai|15/100
|-damage|p1a: Vatra|0 fnt|[from] Recoil
|faint|p1a: Vatra
|move|p2a: Darkrai|Knock Off|p1: Vatra|[notarget]
|-fail|p2a: Darkrai
|
|upkeep
|
|t:|1758996147
|switch|p1a: avg linux user|Lokix, F|51/100
|turn|18
|
|t:|1758996149
|switch|p2a: Moltres|Moltres|100/100
|move|p1a: avg linux user|First Impression|p2a: Moltres
|-resisted|p2a: Moltres
|-damage|p2a: Moltres|85/100
|
|upkeep
|turn|19
|inactive|kuraiyagare has 120 seconds left.
|
|t:|1758996208
|move|p1a: avg linux user|Knock Off|p2a: Moltres
|-damage|p2a: Moltres|48/100
|-enditem|p2a: Moltres|Heavy-Duty Boots|[from] move: Knock Off|[of] p1a: avg linux user
|move|p2a: Moltres|U-turn|p1a: avg linux user
|-supereffective|p1a: avg linux user
|-damage|p1a: avg linux user|9/100
|
|t:|1758996222
|switch|p2a: Darkrai|Darkrai, shiny|15/100|[from] U-turn
|
|upkeep
|turn|20
|
|t:|1758996228
|move|p1a: avg linux user|Sucker Punch|p2a: Darkrai
|-resisted|p2a: Darkrai
|-damage|p2a: Darkrai|0 fnt
|faint|p2a: Darkrai
|
|upkeep
|
|t:|1758996234
|switch|p2a: Zamazenta|Zamazenta|32/100
|turn|21
|
|t:|1758996239
|-terastallize|p1a: avg linux user|Dark
|move|p1a: avg linux user|Sucker Punch|p2a: Zamazenta
|-resisted|p2a: Zamazenta
|-damage|p2a: Zamazenta|0 fnt
|faint|p2a: Zamazenta
|
|upkeep
|
|t:|1758996248
|switch|p2a: Hydrapple|Hydrapple, M, tera:Poison|77/100
|turn|22
|
|t:|1758996256
|move|p1a: avg linux user|Knock Off|p2a: Hydrapple
|-damage|p2a: Hydrapple|36/100
|-enditem|p2a: Hydrapple|Heavy-Duty Boots|[from] move: Knock Off|[of] p1a: avg linux user
|move|p2a: Hydrapple|Earth Power|p1a: avg linux user
|-damage|p1a: avg linux user|0 fnt
|faint|p1a: avg linux user
|
|upkeep
|
|t:|1758996260
|switch|p1a: Gardenia|Gardevoir, M|100/100
|-ability|p1a: Gardenia|Regenerator|Trace|[from] ability: Trace|[of] p2a: Hydrapple
|turn|23
|
|t:|1758996263
|switch|p2a: Moltres|Moltres|48/100
|move|p1a: Gardenia|Psyshock|p2a: Moltres
|-damage|p2a: Moltres|17/100
|
|upkeep
|turn|24
|
|t:|1758996265
|move|p1a: Gardenia|Psyshock|p2a: Moltres
|-damage|p2a: Moltres|0 fnt
|faint|p2a: Moltres
|
|upkeep
|
|t:|1758996270
|switch|p2a: Hydrapple|Hydrapple, M, tera:Poison|70/100
|turn|25
|-message|RocksLover22 forfeited.
|
|win|kuraiyagare
|raw|kuraiyagare's rating: 1235 &rarr; <strong>1262</strong><br />(+27 for winning)
|raw|RocksLover22's rating: 1264 &rarr; <strong>1237</strong><br />(-27 for losing)
|l|☆RocksLover22
|player|p2|
|l|☆kuraiyagare
|player|p1|
