|j|☆KevinHaHa
|j|☆Cinerath
|t:|1758983550
|gametype|singles
|player|p1|KevinHaHa|lucas|1419
|player|p2|Cinerath|brycen|1445
|gen|9
|tier|[Gen 9] OU
|rated|
|rule|HP Percentage Mod: HP is shown in percentages
|rule|Endless Battle Clause: Forcing endless battles is banned
|rule|Species Clause: Limit one of each Pokémon
|rule|OHKO Clause: OHKO moves are banned
|rule|Evasion Items Clause: Evasion items are banned
|rule|Evasion Moves Clause: Evasion moves are banned
|rule|Evasion Abilities Clause: Evasion abilities are banned
|rule|Sleep Moves Clause: Sleep-inducing moves are banned
|clearpoke
|poke|p1|Ninetales-Alola, F|
|poke|p1|Araquanid, M|
|poke|p1|Pecharunt|
|poke|p1|Gholdengo|
|poke|p1|Garchomp, M|
|poke|p1|Latias, F|
|poke|p2|Ribombee, F|
|poke|p2|Cinderace, M|
|poke|p2|Serperior, F|
|poke|p2|Hitmonlee, M|
|poke|p2|Dragapult, M|
|poke|p2|Bisharp, M|
|teampreview
|inactive|Battle timer is ON: inactive players will automatically lose when time's up. (requested by Cinerath)
|
|t:|1758983575
|teamsize|p1|6
|teamsize|p2|6
|start
|switch|p1a: Latias|Latias, F, shiny|100/100
|switch|p2a: Ribombee|Ribombee, F|100/100
|turn|1
|
|t:|1758983584
|-terastallize|p1a: Latias|Fairy
|move|p2a: Ribombee|Moonblast|p1a: Latias
|-damage|p1a: Latias|71/100
|-unboost|p1a: Latias|spa|1
|move|p1a: Latias|Agility|p1a: Latias
|-boost|p1a: Latias|spe|2
|
|-heal|p1a: Latias|77/100|[from] item: Leftovers
|upkeep
|turn|2
|
|t:|1758983593
|move|p1a: Latias|Calm Mind|p1a: Latias
|-boost|p1a: Latias|spa|1
|-boost|p1a: Latias|spd|1
|move|p2a: Ribombee|Stun Spore|p1a: Latias|[miss]
|-miss|p2a: Ribombee|p1a: Latias
|
|-heal|p1a: Latias|83/100|[from] item: Leftovers
|upkeep
|turn|3
|
|t:|1758983599
|move|p1a: Latias|Agility|p1a: Latias
|-boost|p1a: Latias|spe|2
|move|p2a: Ribombee|Stun Spore|p1a: Latias
|-status|p1a: Latias|par
|
|-heal|p1a: Latias|90/100 par|[from] item: Leftovers
|upkeep
|turn|4
|inactive|Cinerath has 120 seconds left.
|
|t:|1758983636
|move|p1a: Latias|Agility|p1a: Latias
|-boost|p1a: Latias|spe|2
|move|p2a: Ribombee|Sticky Web|p1a: Latias
|-sidestart|p1: KevinHaHa|move: Sticky Web
|
|-heal|p1a: Latias|96/100 par|[from] item: Leftovers
|upkeep
|turn|5
|inactive|Cinerath has 120 seconds left.
|
|t:|1758983643
|move|p1a: Latias|Calm Mind|p1a: Latias
|-boost|p1a: Latias|spa|1
|-boost|p1a: Latias|spd|1
|move|p2a: Ribombee|Moonblast|p1a: Latias
|-damage|p1a: Latias|80/100 par
|-unboost|p1a: Latias|spa|1
|
|-heal|p1a: Latias|86/100 par|[from] item: Leftovers
|upkeep
|turn|6
|
|t:|1758983650
|move|p1a: Latias|Calm Mind|p1a: Latias
|-boost|p1a: Latias|spa|1
|-boost|p1a: Latias|spd|1
|move|p2a: Ribombee|Psychic Noise|p1a: Latias
|-damage|p1a: Latias|79/100 par
|-start|p1a: Latias|move: Heal Block
|
|upkeep
|turn|7
|
|t:|1758983657
|cant|p1a: Latias|par
|move|p2a: Ribombee|Moonblast|p1a: Latias
|-damage|p1a: Latias|67/100 par
|-unboost|p1a: Latias|spa|1
|
|-end|p1a: Latias|move: Heal Block
|upkeep
|turn|8
|
|t:|1758983664
|move|p1a: Latias|Calm Mind|p1a: Latias
|-boost|p1a: Latias|spa|1
|-boost|p1a: Latias|spd|1
|move|p2a: Ribombee|Psychic Noise|p1a: Latias
|-damage|p1a: Latias|61/100 par
|-start|p1a: Latias|move: Heal Block
|
|upkeep
|turn|9
|
|t:|1758983671
|move|p1a: Latias|Calm Mind|p1a: Latias
|-boost|p1a: Latias|spa|1
|-boost|p1a: Latias|spd|1
|move|p2a: Ribombee|Moonblast|p1a: Latias
|-damage|p1a: Latias|53/100 par
|
|-end|p1a: Latias|move: Heal Block
|upkeep
|turn|10
|
|t:|1758983682
|cant|p1a: Latias|par
|move|p2a: Ribombee|Psychic Noise|p1a: Latias
|-damage|p1a: Latias|48/100 par
|-start|p1a: Latias|move: Heal Block
|
|upkeep
|turn|11
|
|t:|1758983690
|move|p1a: Latias|Calm Mind|p1a: Latias
|-boost|p1a: Latias|spa|1
|-boost|p1a: Latias|spd|1
|move|p2a: Ribombee|Psychic Noise|p1a: Latias
|-damage|p1a: Latias|44/100 par
|
|-end|p1a: Latias|move: Heal Block
|upkeep
|turn|12
|
|t:|1758983697
|move|p1a: Latias|Draining Kiss|p2a: Ribombee
|-damage|p2a: Ribombee|4/100
|-heal|p1a: Latias|96/100 par|[from] drain|[of] p2a: Ribombee
|move|p2a: Ribombee|Psychic Noise|p1a: Latias
|-damage|p1a: Latias|92/100 par
|-start|p1a: Latias|move: Heal Block
|
|upkeep
|turn|13
|
|t:|1758983707
|move|p1a: Latias|Stored Power|p2a: Ribombee
|-damage|p2a: Ribombee|0 fnt
|faint|p2a: Ribombee
|
|-end|p1a: Latias|move: Heal Block
|upkeep
|
|t:|1758983719
|switch|p2a: Bisharp|Bisharp, M|100/100
|turn|14
|
|t:|1758983735
|move|p1a: Latias|Draining Kiss|p2a: Bisharp
|-damage|p2a: Bisharp|49/100
|-heal|p1a: Latias|100/100 par|[from] drain|[of] p2a: Bisharp
|move|p2a: Bisharp|Swords Dance|p2a: Bisharp
|-boost|p2a: Bisharp|atk|2
|
|upkeep
|turn|15
|
|t:|1758983741
|-terastallize|p2a: Bisharp|Fire
|cant|p1a: Latias|par
|move|p2a: Bisharp|Tera Blast|p1a: Latias|[anim] Tera Blast Fire
|-damage|p1a: Latias|25/100 par
|
|-heal|p1a: Latias|31/100 par|[from] item: Leftovers
|upkeep
|turn|16
|
|t:|1758983748
|move|p2a: Bisharp|Sucker Punch|p1a: Latias
|-resisted|p1a: Latias
|-damage|p1a: Latias|2/100 par
|move|p1a: Latias|Stored Power|p2a: Bisharp
|-damage|p2a: Bisharp|0 fnt
|faint|p2a: Bisharp
|
|-heal|p1a: Latias|8/100 par|[from] item: Leftovers
|upkeep
|
|t:|1758983759
|switch|p2a: Cinderace|Cinderace, M|100/100
|turn|17
|
|t:|1758983765
|move|p1a: Latias|Draining Kiss|p2a: Cinderace
|-resisted|p2a: Cinderace
|-crit|p2a: Cinderace
|-damage|p2a: Cinderace|40/100
|-heal|p1a: Latias|46/100 par|[from] drain|[of] p2a: Cinderace
|move|p2a: Cinderace|Pyro Ball|p1a: Latias
|-damage|p1a: Latias|3/100 par
|
|-heal|p1a: Latias|9/100 par|[from] item: Leftovers
|upkeep
|turn|18
|
|t:|1758983773
|cant|p1a: Latias|par
|move|p2a: Cinderace|Pyro Ball|p1a: Latias
|-damage|p1a: Latias|0 fnt
|faint|p1a: Latias
|
|upkeep
|
|t:|1758983779
|switch|p1a: Araquanid|Araquanid, M, shiny|100/100
|-activate|p1a: Araquanid|move: Sticky Web
|-unboost|p1a: Araquanid|spe|1
|turn|19
|
|t:|1758983783
|move|p2a: Cinderace|U-turn|p1a: Araquanid
|-damage|p1a: Araquanid|78/100
|
|t:|1758983791
|switch|p2a: Dragapult|Dragapult, M|100/100|[from] U-turn
|move|p1a: Araquanid|Sticky Web|p2a: Dragapult
|-sidestart|p2: Cinerath|move: Sticky Web
|
|upkeep
|turn|20
|
|t:|1758983801
|move|p2a: Dragapult|Dragon Darts|p1a: Araquanid
|-damage|p1a: Araquanid|50/100
|-anim|p2a: Dragapult|Dragon Darts|p1a: Araquanid
|-damage|p1a: Araquanid|24/100
|-damage|p2a: Dragapult|91/100|[from] item: Life Orb
|move|p1a: Araquanid|Mirror Coat||[still]
|-fail|p1a: Araquanid
|
|upkeep
|turn|21
|
|t:|1758983812
|switch|p1a: Ninetales|Ninetales-Alola, F, shiny|100/100
|-activate|p1a: Ninetales|move: Sticky Web
|-unboost|p1a: Ninetales|spe|1
|-weather|Snowscape|[from] ability: Snow Warning|[of] p1a: Ninetales
|move|p2a: Dragapult|Thunderbolt|p1a: Ninetales
|-damage|p1a: Ninetales|64/100
|-damage|p2a: Dragapult|81/100|[from] item: Life Orb
|
|-weather|Snowscape|[upkeep]
|upkeep
|turn|22
|
|t:|1758983822
|move|p2a: Dragapult|Flamethrower|p1a: Ninetales
|-supereffective|p1a: Ninetales
|-damage|p1a: Ninetales|0 fnt
|faint|p1a: Ninetales
|-damage|p2a: Dragapult|71/100|[from] item: Life Orb
|
|-weather|Snowscape|[upkeep]
|upkeep
|
|t:|1758983842
|switch|p1a: Pecharunt|Pecharunt|100/100
|turn|23
|inactive|Cinerath has 120 seconds left.
|
|t:|1758983878
|move|p2a: Dragapult|Hydro Pump|p1a: Pecharunt
|-damage|p1a: Pecharunt|62/100
|-damage|p2a: Dragapult|61/100|[from] item: Life Orb
|move|p1a: Pecharunt|Malignant Chain|p2a: Dragapult
|-resisted|p2a: Dragapult
|-damage|p2a: Dragapult|37/100
|
|-weather|Snowscape|[upkeep]
|upkeep
|turn|24
|inactive|Cinerath has 120 seconds left.
|
|t:|1758983894
|move|p2a: Dragapult|Dragon Darts|p1a: Pecharunt
|-damage|p1a: Pecharunt|49/100
|-anim|p2a: Dragapult|Dragon Darts|p1a: Pecharunt
|-damage|p1a: Pecharunt|38/100
|-damage|p2a: Dragapult|28/100|[from] item: Life Orb
|move|p1a: Pecharunt|Hex|p2a: Dragapult
|-supereffective|p2a: Dragapult
|-damage|p2a: Dragapult|0 fnt
|faint|p2a: Dragapult
|
|-weather|Snowscape|[upkeep]
|upkeep
|
|t:|1758983910
|switch|p2a: Cinderace|Cinderace, M|40/100
|turn|25
|
|t:|1758983917
|move|p2a: Cinderace|Pyro Ball|p1a: Pecharunt
|-damage|p1a: Pecharunt|10/100
|move|p1a: Pecharunt|Recover|p1a: Pecharunt
|-heal|p1a: Pecharunt|60/100
|
|-weather|none
|upkeep
|turn|26
|
|t:|1758983923
|move|p2a: Cinderace|Will-O-Wisp|p1a: Pecharunt
|-status|p1a: Pecharunt|brn
|move|p1a: Pecharunt|Recover|p1a: Pecharunt
|-heal|p1a: Pecharunt|100/100 brn
|
|-damage|p1a: Pecharunt|94/100 brn|[from] brn
|upkeep
|turn|27
|
|t:|1758983929
|move|p2a: Cinderace|Pyro Ball|p1a: Pecharunt
|-damage|p1a: Pecharunt|68/100 brn
|move|p1a: Pecharunt|Malignant Chain|p2a: Cinderace
|-damage|p2a: Cinderace|0 fnt
|faint|p2a: Cinderace
|
|-damage|p1a: Pecharunt|62/100 brn|[from] brn
|upkeep
|
|t:|1758983933
|switch|p2a: Hitmonlee|Hitmonlee, M|100/100
|-activate|p2a: Hitmonlee|move: Sticky Web
|-unboost|p2a: Hitmonlee|spe|1
|-enditem|p2a: Hitmonlee|White Herb
|-clearnegativeboost|p2a: Hitmonlee|[silent]
|turn|28
|
|t:|1758983941
|move|p2a: Hitmonlee|Swords Dance|p2a: Hitmonlee
|-boost|p2a: Hitmonlee|atk|2
|move|p1a: Pecharunt|Malignant Chain|p2a: Hitmonlee
|-damage|p2a: Hitmonlee|59/100
|
|-damage|p1a: Pecharunt|56/100 brn|[from] brn
|upkeep
|turn|29
|
|t:|1758983947
|move|p2a: Hitmonlee|Knock Off|p1a: Pecharunt
|-supereffective|p1a: Pecharunt
|-damage|p1a: Pecharunt|0 fnt
|-enditem|p1a: Pecharunt|Heavy-Duty Boots|[from] move: Knock Off|[of] p2a: Hitmonlee
|faint|p1a: Pecharunt
|
|upkeep
|
|t:|1758983956
|switch|p1a: Garchomp|Garchomp, M, shiny|100/100
|-activate|p1a: Garchomp|move: Sticky Web
|-unboost|p1a: Garchomp|spe|1
|turn|30
|
|t:|1758983963
|move|p2a: Hitmonlee|Close Combat|p1a: Garchomp
|-damage|p1a: Garchomp|14/100
|-unboost|p2a: Hitmonlee|def|1
|-unboost|p2a: Hitmonlee|spd|1
|-damage|p2a: Hitmonlee|47/100|[from] ability: Rough Skin|[of] p1a: Garchomp
|-damage|p2a: Hitmonlee|30/100|[from] item: Rocky Helmet|[of] p1a: Garchomp
|move|p1a: Garchomp|Earthquake|p2a: Hitmonlee
|-damage|p2a: Hitmonlee|0 fnt
|faint|p2a: Hitmonlee
|
|upkeep
|
|t:|1758983965
|switch|p2a: Serperior|Serperior, F|100/100
|-activate|p2a: Serperior|move: Sticky Web
|-boost|p2a: Serperior|spe|1
|turn|31
|
|t:|1758983975
|move|p2a: Serperior|Leaf Storm|p1a: Garchomp
|-crit|p1a: Garchomp
|-damage|p1a: Garchomp|0 fnt
|-boost|p2a: Serperior|spa|2
|faint|p1a: Garchomp
|
|upkeep
|
|t:|1758983982
|switch|p1a: Araquanid|Araquanid, M, shiny|24/100
|-activate|p1a: Araquanid|move: Sticky Web
|-unboost|p1a: Araquanid|spe|1
|turn|32
|-enditem|p1a: Araquanid|Custap Berry|[eat]
|-activate|p1a: Araquanid|item: Custap Berry|[consumed]
|
|t:|1758983985
|move|p1a: Araquanid|Endeavor|p2a: Serperior
|-damage|p2a: Serperior|28/100
|move|p2a: Serperior|Leaf Storm|p1a: Araquanid
|-damage|p1a: Araquanid|0 fnt
|-boost|p2a: Serperior|spa|2
|faint|p1a: Araquanid
|
|-heal|p2a: Serperior|34/100|[from] item: Leftovers
|upkeep
|
|t:|1758983995
|switch|p1a: Gholdengo|Gholdengo, shiny|100/100
|-item|p1a: Gholdengo|Air Balloon
|turn|33
|
|t:|1758984002
|move|p2a: Serperior|Substitute|p2a: Serperior
|-start|p2a: Serperior|Substitute
|-damage|p2a: Serperior|9/100
|move|p1a: Gholdengo|Make It Rain|p2a: Serperior
|-end|p2a: Serperior|Substitute
|-unboost|p1a: Gholdengo|spa|1
|
|-heal|p2a: Serperior|16/100|[from] item: Leftovers
|upkeep
|turn|34
|
|t:|1758984010
|move|p2a: Serperior|Leaf Storm|p1a: Gholdengo
|-resisted|p1a: Gholdengo
|-damage|p1a: Gholdengo|27/100
|-boost|p2a: Serperior|spa|2
|-enditem|p1a: Gholdengo|Air Balloon
|move|p1a: Gholdengo|Make It Rain|p2a: Serperior
|-damage|p2a: Serperior|0 fnt
|-unboost|p1a: Gholdengo|spa|1
|faint|p2a: Serperior
|
|win|KevinHaHa
|raw|KevinHaHa's rating: 1419 &rarr; <strong>1440</strong><br />(+21 for winning)
|raw|Cinerath's rating: 1445 &rarr; <strong>1424</strong><br />(-21 for losing)
|l|☆Cinerath
|player|p2|
|l|☆KevinHaHa
|player|p1|
