|j|☆hairyb00ubz
|j|☆Mukbang fan
|t:|1759022163
|gametype|singles
|player|p1|hairyb00ubz|n|1125
|player|p2|Mukbang fan|kimonogirl|1079
|gen|9
|tier|[Gen 9] OU
|rated|
|rule|HP Percentage Mod: HP is shown in percentages
|rule|Endless Battle Clause: Forcing endless battles is banned
|rule|Species Clause: Limit one of each Pokémon
|rule|OHKO Clause: OHKO moves are banned
|rule|Evasion Items Clause: Evasion items are banned
|rule|Evasion Moves Clause: Evasion moves are banned
|rule|Evasion Abilities Clause: Evasion abilities are banned
|rule|Sleep Moves Clause: Sleep-inducing moves are banned
|clearpoke
|poke|p1|Umbreon, F|
|poke|p1|Glimmora, M|
|poke|p1|Iron Moth|
|poke|p1|Gholdengo|
|poke|p1|Dragonite, M|
|poke|p1|Garchomp, F|
|poke|p2|Cramorant, F|
|poke|p2|Araquanid, M|
|poke|p2|Amoonguss, F|
|poke|p2|Exeggcute, F|
|poke|p2|Malamar, F|
|poke|p2|Sinistcha|
|teampreview
|inactive|Battle timer is ON: inactive players will automatically lose when time's up. (requested by Mukbang fan)
|
|t:|1759022171
|teamsize|p1|6
|teamsize|p2|6
|start
|switch|p1a: Glimmora|Glimmora, M, shiny|100/100
|switch|p2a: Cramorant|Cramorant, F|100/100
|turn|1
|
|t:|1759022177
|move|p1a: Glimmora|Stealth Rock|p2a: Cramorant
|-sidestart|p2: Mukbang fan|move: Stealth Rock
|move|p2a: Cramorant|Surf|p1a: Glimmora
|-formechange|p2a: Cramorant|Cramorant-Gulping|
|-supereffective|p1a: Glimmora
|-damage|p1a: Glimmora|30/100
|
|upkeep
|turn|2
|
|t:|1759022200
|move|p1a: Glimmora|Sludge Wave|p2a: Cramorant
|-damage|p2a: Cramorant|48/100
|-damage|p1a: Glimmora|5/100|[from] ability: Gulp Missile|[of] p2a: Cramorant
|-unboost|p1a: Glimmora|def|1
|-formechange|p2a: Cramorant|Cramorant|
|move|p2a: Cramorant|Surf|p1a: Glimmora
|-formechange|p2a: Cramorant|Cramorant-Gorging|
|-supereffective|p1a: Glimmora
|-damage|p1a: Glimmora|0 fnt
|faint|p1a: Glimmora
|
|upkeep
|inactive|hairyb00ubz has 120 seconds left.
|
|t:|1759022220
|switch|p1a: Iron Moth|Iron Moth, shiny|100/100
|-enditem|p1a: Iron Moth|Booster Energy
|-activate|p1a: Iron Moth|ability: Quark Drive|[fromitem]
|-start|p1a: Iron Moth|quarkdrivespa
|turn|3
|
|t:|1759022228
|-terastallize|p1a: Iron Moth|Fairy
|move|p1a: Iron Moth|Discharge|p2a: Cramorant
|-supereffective|p2a: Cramorant
|-damage|p2a: Cramorant|0 fnt
|-damage|p1a: Iron Moth|76/100|[from] ability: Gulp Missile|[of] p2a: Cramorant
|-status|p1a: Iron Moth|par
|-formechange|p2a: Cramorant|Cramorant|
|faint|p2a: Cramorant
|
|upkeep
|
|t:|1759022254
|switch|p2a: Sinistcha|Sinistcha|100/100
|-damage|p2a: Sinistcha|88/100|[from] Stealth Rock
|turn|4
|inactive|hairyb00ubz has 120 seconds left.
|
|t:|1759022289
|move|p2a: Sinistcha|Matcha Gotcha|p1a: Iron Moth|[miss]
|-miss|p2a: Sinistcha|p1a: Iron Moth
|cant|p1a: Iron Moth|par
|
|-heal|p2a: Sinistcha|94/100|[from] item: Leftovers
|upkeep
|turn|5
|
|t:|1759022301
|move|p2a: Sinistcha|Shadow Ball|p1a: Iron Moth
|-damage|p1a: Iron Moth|32/100 par
|move|p1a: Iron Moth|Dazzling Gleam|p2a: Sinistcha
|-damage|p2a: Sinistcha|30/100
|
|-heal|p2a: Sinistcha|36/100|[from] item: Leftovers
|upkeep
|turn|6
|
|t:|1759022311
|move|p2a: Sinistcha|Matcha Gotcha|p1a: Iron Moth
|-damage|p1a: Iron Moth|0 fnt
|-heal|p2a: Sinistcha|50/100|[from] drain|[of] p1a: Iron Moth
|faint|p1a: Iron Moth
|-end|p1a: Iron Moth|Quark Drive|[silent]
|
|-heal|p2a: Sinistcha|56/100|[from] item: Leftovers
|upkeep
|
|t:|1759022316
|switch|p1a: Garchomp|Garchomp, F, shiny|100/100
|turn|7
|
|t:|1759022324
|move|p1a: Garchomp|Swords Dance|p1a: Garchomp
|-boost|p1a: Garchomp|atk|2
|move|p2a: Sinistcha|Strength Sap|p1a: Garchomp
|-unboost|p1a: Garchomp|atk|1
|-heal|p2a: Sinistcha|100/100
|
|upkeep
|turn|8
|
|t:|1759022333
|move|p1a: Garchomp|Earthquake|p2a: Sinistcha
|-resisted|p2a: Sinistcha
|-damage|p2a: Sinistcha|65/100
|move|p2a: Sinistcha|Matcha Gotcha|p1a: Garchomp|[miss]
|-miss|p2a: Sinistcha|p1a: Garchomp
|
|-heal|p2a: Sinistcha|71/100|[from] item: Leftovers
|upkeep
|turn|9
|
|t:|1759022343
|move|p1a: Garchomp|Scale Shot|p2a: Sinistcha
|-damage|p2a: Sinistcha|51/100
|-damage|p2a: Sinistcha|33/100
|-damage|p2a: Sinistcha|13/100
|-damage|p2a: Sinistcha|0 fnt
|faint|p2a: Sinistcha
|-hitcount|p2: Sinistcha|4
|-unboost|p1a: Garchomp|def|1
|-boost|p1a: Garchomp|spe|1
|
|upkeep
|
|t:|1759022354
|switch|p2a: Amoonguss|Amoonguss, F|100/100
|-damage|p2a: Amoonguss|88/100|[from] Stealth Rock
|turn|10
|
|t:|1759022360
|move|p1a: Garchomp|Earthquake|p2a: Amoonguss
|-damage|p2a: Amoonguss|36/100
|move|p2a: Amoonguss|Clear Smog|p1a: Garchomp
|-resisted|p1a: Garchomp
|-damage|p1a: Garchomp|92/100
|-clearboost|p1a: Garchomp
|
|upkeep
|turn|11
|
|t:|1759022369
|move|p1a: Garchomp|Earthquake|p2a: Amoonguss
|-damage|p2a: Amoonguss|0 fnt
|faint|p2a: Amoonguss
|
|upkeep
|
|t:|1759022375
|switch|p2a: Araquanid|Araquanid, M|100/100
|-damage|p2a: Araquanid|76/100|[from] Stealth Rock
|turn|12
|
|t:|1759022383
|-terastallize|p2a: Araquanid|Water
|move|p1a: Garchomp|Earthquake|p2a: Araquanid
|-damage|p2a: Araquanid|20/100
|move|p2a: Araquanid|Liquidation|p1a: Garchomp
|-damage|p1a: Garchomp|0 fnt
|-damage|p2a: Araquanid|7/100|[from] ability: Rough Skin|[of] p1a: Garchomp
|faint|p1a: Garchomp
|
|upkeep
|
|t:|1759022389
|switch|p1a: Umbreon|Umbreon, F, shiny|100/100
|turn|13
|
|t:|1759022396
|move|p1a: Umbreon|Foul Play|p2a: Araquanid
|-damage|p2a: Araquanid|0 fnt
|faint|p2a: Araquanid
|
|upkeep
|
|t:|1759022401
|switch|p2a: Malamar|Malamar, F|100/100
|-damage|p2a: Malamar|88/100|[from] Stealth Rock
|turn|14
|
|t:|1759022407
|move|p1a: Umbreon|Thunder Wave|p2a: Malamar
|-status|p2a: Malamar|par
|move|p2a: Malamar|Superpower|p1a: Umbreon
|-supereffective|p1a: Umbreon
|-damage|p1a: Umbreon|38/100
|-boost|p2a: Malamar|atk|1
|-boost|p2a: Malamar|def|1
|
|-heal|p1a: Umbreon|44/100|[from] item: Leftovers
|-heal|p2a: Malamar|94/100 par|[from] item: Leftovers
|upkeep
|turn|15
|
|t:|1759022418
|move|p1a: Umbreon|Wish|p1a: Umbreon
|move|p2a: Malamar|Superpower|p1a: Umbreon
|-supereffective|p1a: Umbreon
|-damage|p1a: Umbreon|0 fnt
|-boost|p2a: Malamar|atk|1
|-boost|p2a: Malamar|def|1
|faint|p1a: Umbreon
|
|-heal|p2a: Malamar|100/100 par|[from] item: Leftovers
|upkeep
|
|t:|1759022423
|switch|p1a: Gholdengo|Gholdengo|100/100
|turn|16
|
|t:|1759022431
|move|p1a: Gholdengo|Shadow Ball|p2a: Malamar
|-damage|p2a: Malamar|54/100 par
|-boost|p2a: Malamar|spd|1
|cant|p2a: Malamar|par
|
|-heal|p2a: Malamar|60/100 par|[from] item: Leftovers
|upkeep
|turn|17
|
|t:|1759022440
|move|p1a: Gholdengo|Shadow Ball|p2a: Malamar
|-damage|p2a: Malamar|29/100 par
|-boost|p2a: Malamar|spd|1
|move|p2a: Malamar|Knock Off|p1a: Gholdengo
|-supereffective|p1a: Gholdengo
|-damage|p1a: Gholdengo|0 fnt
|-enditem|p1a: Gholdengo|Choice Scarf|[from] move: Knock Off|[of] p2a: Malamar
|faint|p1a: Gholdengo
|
|-heal|p2a: Malamar|35/100 par|[from] item: Leftovers
|upkeep
|
|t:|1759022443
|switch|p1a: Dragonite|Dragonite, M|100/100
|turn|18
|
|t:|1759022455
|move|p1a: Dragonite|Dragon Dance|p1a: Dragonite
|-boost|p1a: Dragonite|atk|1
|-boost|p1a: Dragonite|spe|1
|move|p2a: Malamar|Knock Off|p1a: Dragonite
|-damage|p1a: Dragonite|56/100
|-enditem|p1a: Dragonite|Heavy-Duty Boots|[from] move: Knock Off|[of] p2a: Malamar
|
|-heal|p2a: Malamar|41/100 par|[from] item: Leftovers
|upkeep
|turn|19
|
|t:|1759022464
|move|p1a: Dragonite|Extreme Speed|p2a: Malamar
|-damage|p2a: Malamar|16/100 par
|move|p2a: Malamar|Topsy-Turvy|p1a: Dragonite
|-invertboost|p1a: Dragonite|[from] move: Topsy-Turvy
|
|-heal|p2a: Malamar|22/100 par|[from] item: Leftovers
|upkeep
|turn|20
|
|t:|1759022476
|move|p1a: Dragonite|Extreme Speed|p2a: Malamar
|-damage|p2a: Malamar|12/100 par
|move|p2a: Malamar|Psycho Cut|p1a: Dragonite
|-crit|p1a: Dragonite
|-damage|p1a: Dragonite|0 fnt
|faint|p1a: Dragonite
|
|win|Mukbang fan
|raw|hairyb00ubz's rating: 1125 &rarr; <strong>1097</strong><br />(-28 for losing)
|raw|Mukbang fan's rating: 1079 &rarr; <strong>1111</strong><br />(+32 for winning)
|l|☆hairyb00ubz
|player|p1|
