|j|☆myTwotter
|j|‽DeadlockedTheory
|t:|1759049129
|gametype|singles
|player|p1|myTwotter|169|1268
|player|p2|DeadlockedTheory|1|1278
|gen|9
|tier|[Gen 9] OU
|rated|
|rule|HP Percentage Mod: HP is shown in percentages
|rule|Endless Battle Clause: Forcing endless battles is banned
|rule|Species Clause: Limit one of each Pokémon
|rule|OHKO Clause: OHKO moves are banned
|rule|Evasion Items Clause: Evasion items are banned
|rule|Evasion Moves Clause: Evasion moves are banned
|rule|Evasion Abilities Clause: Evasion abilities are banned
|rule|Sleep Moves Clause: Sleep-inducing moves are banned
|clearpoke
|poke|p1|Pawmot, F|
|poke|p1|Bombirdier, F|
|poke|p1|Delphox, F|
|poke|p1|Tatsugiri, M|
|poke|p1|Houndstone, M|
|poke|p1|Florges, F|
|poke|p2|Lokix, F|
|poke|p2|Cinderace, F|
|poke|p2|Great Tusk|
|poke|p2|Alomomola, F|
|poke|p2|Enamorus, F|
|poke|p2|Slowking-Galar, M|
|teampreview
|
|t:|1759049139
|teamsize|p1|6
|teamsize|p2|6
|start
|switch|p1a: Bombirdier|Bombirdier, F|100/100
|switch|p2a: Lokix|Lokix, F|100/100
|turn|1
|
|t:|1759049148
|-terastallize|p2a: Lokix|Bug
|move|p1a: Bombirdier|Brave Bird|p2a: Lokix
|-supereffective|p2a: Lokix
|-damage|p2a: Lokix|0 fnt
|faint|p2a: Lokix
|-damage|p1a: Bombirdier|66/100|[from] Recoil
|
|upkeep
|
|t:|1759049162
|switch|p2a: Slowking|Slowking-Galar, M|100/100
|turn|2
|
|t:|1759049195
|switch|p1a: Delphox|Delphox, F|100/100
|move|p2a: Slowking|Ice Beam|p1a: Delphox
|-resisted|p1a: Delphox
|-damage|p1a: Delphox|87/100
|
|upkeep
|turn|3
|
|t:|1759049207
|move|p1a: Delphox|Nasty Plot|p1a: Delphox
|-boost|p1a: Delphox|spa|2
|move|p2a: Slowking|Sludge Bomb|p1a: Delphox
|-damage|p1a: Delphox|48/100
|-status|p1a: Delphox|psn
|
|-damage|p1a: Delphox|36/100 psn|[from] psn
|upkeep
|turn|4
|
|t:|1759049217
|move|p1a: Delphox|Psyshock|p2a: Slowking
|-damage|p2a: Slowking|48/100
|move|p2a: Slowking|Sludge Bomb|p1a: Delphox
|-crit|p1a: Delphox
|-damage|p1a: Delphox|0 fnt
|faint|p1a: Delphox
|
|upkeep
|
|t:|1759049223
|switch|p1a: Bombirdier|Bombirdier, F|66/100
|turn|5
|
|t:|1759049232
|switch|p2a: Alomomola|Alomomola, F|100/100
|move|p1a: Bombirdier|U-turn|p2a: Alomomola
|-damage|p2a: Alomomola|85/100
|
|t:|1759049247
|switch|p1a: Florges|Florges, F|100/100|[from] U-turn
|
|upkeep
|turn|6
|
|t:|1759049252
|move|p1a: Florges|Trick|p2a: Alomomola
|-activate|p1a: Florges|move: Trick|[of] p2a: Alomomola
|-item|p2a: Alomomola|Choice Specs|[from] move: Trick
|-item|p1a: Florges|Assault Vest|[from] move: Trick
|move|p2a: Alomomola|Flip Turn|p1a: Florges
|-damage|p1a: Florges|79/100
|
|t:|1759049264
|switch|p2a: Slowking|Slowking-Galar, M|82/100|[from] Flip Turn
|
|upkeep
|turn|7
|
|t:|1759049299
|-terastallize|p1a: Florges|Ground
|move|p1a: Florges|Tera Blast|p2a: Slowking|[anim] Tera Blast Ground
|-supereffective|p2a: Slowking
|-enditem|p2a: Slowking|Shuca Berry|[eat]
|-enditem|p2a: Slowking|Shuca Berry|[weaken]
|-damage|p2a: Slowking|51/100
|move|p2a: Slowking|Sludge Bomb|p1a: Florges
|-resisted|p1a: Florges
|-damage|p1a: Florges|72/100
|
|upkeep
|turn|8
|
|t:|1759049316
|switch|p2a: Alomomola|Alomomola, F|100/100
|move|p1a: Florges|Psychic Noise|p2a: Alomomola
|-damage|p2a: Alomomola|83/100
|-start|p2a: Alomomola|move: Heal Block
|
|upkeep
|turn|9
|
|t:|1759049329
|move|p1a: Florges|Moonblast|p2a: Alomomola
|-damage|p2a: Alomomola|45/100
|move|p2a: Alomomola|Mirror Coat|p1a: Florges
|-damage|p1a: Florges|0 fnt
|faint|p1a: Florges
|
|-end|p2a: Alomomola|move: Heal Block
|upkeep
|
|t:|1759049342
|switch|p1a: Bombirdier|Bombirdier, F|66/100
|turn|10
|
|t:|1759049348
|switch|p2a: Slowking|Slowking-Galar, M|84/100
|move|p1a: Bombirdier|Brave Bird|p2a: Slowking
|-damage|p2a: Slowking|47/100
|-damage|p1a: Bombirdier|49/100|[from] Recoil
|
|upkeep
|turn|11
|
|t:|1759049357
|move|p1a: Bombirdier|Brave Bird|p2a: Slowking
|-damage|p2a: Slowking|11/100
|-damage|p1a: Bombirdier|32/100|[from] Recoil
|-prepare|p2a: Slowking|Chilly Reception|[premajor]
|move|p2a: Slowking|Chilly Reception|p2a: Slowking
|-weather|Snowscape
|
|t:|1759049365
|switch|p2a: Cinderace|Cinderace, F|100/100|[from] Chilly Reception
|
|-weather|Snowscape|[upkeep]
|upkeep
|turn|12
|
|t:|1759049371
|move|p1a: Bombirdier|Brave Bird|p2a: Cinderace
|-damage|p2a: Cinderace|36/100
|-damage|p1a: Bombirdier|4/100|[from] Recoil
|move|p2a: Cinderace|Pyro Ball|p1a: Bombirdier
|-damage|p1a: Bombirdier|0 fnt
|faint|p1a: Bombirdier
|
|-weather|Snowscape|[upkeep]
|upkeep
|
|t:|1759049380
|switch|p1a: Houndstone|Houndstone, M|100/100
|turn|13
|
|t:|1759049390
|move|p2a: Cinderace|Will-O-Wisp|p1a: Houndstone
|-status|p1a: Houndstone|brn
|move|p1a: Houndstone|Night Shade|p2a: Cinderace
|-damage|p2a: Cinderace|9/100
|
|-weather|Snowscape|[upkeep]
|-damage|p1a: Houndstone|94/100 brn|[from] brn
|upkeep
|turn|14
|
|t:|1759049399
|move|p2a: Cinderace|U-turn|p1a: Houndstone
|-resisted|p1a: Houndstone
|-crit|p1a: Houndstone
|-damage|p1a: Houndstone|90/100 brn
|-damage|p2a: Cinderace|0 fnt|[from] item: Rocky Helmet|[of] p1a: Houndstone
|faint|p2a: Cinderace
|move|p1a: Houndstone|Night Shade|p2: Cinderace|[notarget]
|-fail|p1a: Houndstone
|
|-weather|Snowscape|[upkeep]
|-damage|p1a: Houndstone|84/100 brn|[from] brn
|upkeep
|
|t:|1759049411
|switch|p2a: Slowking|Slowking-Galar, M|44/100
|turn|15
|
|t:|1759049417
|switch|p2a: Alomomola|Alomomola, F|78/100
|move|p1a: Houndstone|Night Shade|p2a: Alomomola
|-damage|p2a: Alomomola|60/100
|
|-weather|none
|-damage|p1a: Houndstone|78/100 brn|[from] brn
|upkeep
|turn|16
|
|t:|1759049428
|move|p1a: Houndstone|Night Shade|p2a: Alomomola
|-damage|p2a: Alomomola|41/100
|move|p2a: Alomomola|Flip Turn|p1a: Houndstone
|-damage|p1a: Houndstone|71/100 brn
|-damage|p2a: Alomomola|24/100|[from] item: Rocky Helmet|[of] p1a: Houndstone
|
|t:|1759049438
|switch|p2a: Enamorus|Enamorus, F|100/100|[from] Flip Turn
|
|-damage|p1a: Houndstone|65/100 brn|[from] brn
|upkeep
|turn|17
|-message|myTwotter forfeited.
|
|win|DeadlockedTheory
|raw|myTwotter's rating: 1268 &rarr; <strong>1244</strong><br />(-24 for losing)
|raw|DeadlockedTheory's rating: 1278 &rarr; <strong>1302</strong><br />(+24 for winning)
|l|☆myTwotter
|player|p1|
|l|‽DeadlockedTheory
|player|p2|
