|j|☆mrporksin
|j|☆Paofficial
|t:|1758948912
|gametype|singles
|player|p1|mrporksin|lucas|1406
|player|p2|Paofficial|leon|1389
|gen|9
|tier|[Gen 9] OU
|rated|
|rule|HP Percentage Mod: HP is shown in percentages
|rule|Endless Battle Clause: Forcing endless battles is banned
|rule|Species Clause: Limit one of each Pokémon
|rule|OHKO Clause: OHKO moves are banned
|rule|Evasion Items Clause: Evasion items are banned
|rule|Evasion Moves Clause: Evasion moves are banned
|rule|Evasion Abilities Clause: Evasion abilities are banned
|rule|Sleep Moves Clause: Sleep-inducing moves are banned
|clearpoke
|poke|p1|Galvantula, F|
|poke|p1|Garchomp, M|
|poke|p1|Gardevoir, F|
|poke|p1|Garganacl, M|
|poke|p1|Gastrodon, M|
|poke|p1|Great Tusk|
|poke|p2|Maushold-Four|
|poke|p2|Clawitzer, F|
|poke|p2|Tsareena, F|
|poke|p2|Armarouge, M|
|poke|p2|Corviknight, M|
|poke|p2|Garchomp, F|
|teampreview
|inactive|Battle timer is ON: inactive players will automatically lose when time's up. (requested by Paofficial)
|
|t:|1758948919
|teamsize|p1|6
|teamsize|p2|6
|start
|switch|p1a: Galvantula|Galvantula, F|100/100
|switch|p2a: Garchomp|Garchomp, F|100/100
|turn|1
|
|t:|1758948923
|move|p1a: Galvantula|Sticky Web|p2a: Garchomp
|-sidestart|p2: Paofficial|move: Sticky Web
|move|p2a: Garchomp|Swords Dance|p2a: Garchomp
|-boost|p2a: Garchomp|atk|2
|
|upkeep
|turn|2
|
|t:|1758948929
|move|p1a: Galvantula|Energy Ball|p2a: Garchomp
|-damage|p2a: Garchomp|70/100
|move|p2a: Garchomp|Stealth Rock|p1a: Galvantula
|-sidestart|p1: mrporksin|move: Stealth Rock
|
|upkeep
|turn|3
|
|t:|1758948934
|move|p1a: Galvantula|Energy Ball|p2a: Garchomp
|-damage|p2a: Garchomp|43/100
|move|p2a: Garchomp|Scale Shot|p1a: Galvantula
|-damage|p1a: Galvantula|49/100
|-damage|p1a: Galvantula|0 fnt
|faint|p1a: Galvantula
|-hitcount|p1: Galvantula|2
|-unboost|p2a: Garchomp|def|1
|-boost|p2a: Garchomp|spe|1
|
|upkeep
|
|t:|1758948947
|switch|p1a: Great Tusk|Great Tusk|100/100
|turn|4
|
|t:|1758948953
|-terastallize|p2a: Garchomp|Steel
|move|p2a: Garchomp|Scale Shot|p1a: Great Tusk
|-damage|p1a: Great Tusk|80/100
|-damage|p1a: Great Tusk|60/100
|-damage|p1a: Great Tusk|39/100
|-damage|p1a: Great Tusk|16/100
|-hitcount|p1a: Great Tusk|4
|-unboost|p2a: Garchomp|def|1
|-boost|p2a: Garchomp|spe|1
|move|p1a: Great Tusk|Rapid Spin|p2a: Garchomp
|-resisted|p2a: Garchomp
|-damage|p2a: Garchomp|24/100
|-boost|p1a: Great Tusk|spe|1
|-damage|p1a: Great Tusk|3/100|[from] ability: Rough Skin|[of] p2a: Garchomp
|-sideend|p1: mrporksin|Stealth Rock|[from] move: Rapid Spin|[of] p1a: Great Tusk
|
|upkeep
|turn|5
|
|t:|1758948964
|move|p2a: Garchomp|Earthquake|p1a: Great Tusk
|-damage|p1a: Great Tusk|0 fnt
|faint|p1a: Great Tusk
|-end|p1a: Great Tusk|Protosynthesis|[silent]
|
|upkeep
|
|t:|1758948966
|switch|p1a: Gastrodon|Gastrodon, M|100/100
|turn|6
|
|t:|1758948971
|move|p2a: Garchomp|Scale Shot|p1a: Gastrodon
|-damage|p1a: Gastrodon|66/100
|-damage|p1a: Gastrodon|37/100
|-damage|p1a: Gastrodon|4/100
|-damage|p1a: Gastrodon|0 fnt
|faint|p1a: Gastrodon
|-hitcount|p1: Gastrodon|4
|-unboost|p2a: Garchomp|def|1
|-boost|p2a: Garchomp|spe|1
|
|upkeep
|
|t:|1758948979
|switch|p1a: Garganacl|Garganacl, M|100/100
|turn|7
|
|t:|1758948991
|-terastallize|p1a: Garganacl|Ghost
|move|p2a: Garchomp|Earthquake|p1a: Garganacl
|-damage|p1a: Garganacl|26/100
|move|p1a: Garganacl|Salt Cure|p2a: Garchomp
|-resisted|p2a: Garchomp
|-damage|p2a: Garchomp|7/100
|-start|p2a: Garchomp|Salt Cure
|
|-heal|p1a: Garganacl|32/100|[from] item: Leftovers
|-damage|p2a: Garchomp|0 fnt|[from] Salt Cure
|faint|p2a: Garchomp
|upkeep
|
|t:|1758948996
|switch|p2a: Maushold|Maushold-Four|100/100
|-activate|p2a: Maushold|move: Sticky Web
|-unboost|p2a: Maushold|spe|1
|turn|8
|
|t:|1758949011
|move|p2a: Maushold|Tidy Up|p2a: Maushold
|-sideend|p2: Paofficial|Sticky Web
|-activate|p2a: Maushold|move: Tidy Up
|-boost|p2a: Maushold|atk|1
|-boost|p2a: Maushold|spe|1
|move|p1a: Garganacl|Recover|p1a: Garganacl
|-heal|p1a: Garganacl|82/100
|
|-heal|p1a: Garganacl|88/100|[from] item: Leftovers
|upkeep
|turn|9
|
|t:|1758949014
|move|p2a: Maushold|Bite|p1a: Garganacl
|-supereffective|p1a: Garganacl
|-damage|p1a: Garganacl|46/100
|move|p1a: Garganacl|Curse|p2a: Maushold
|-start|p2a: Maushold|Curse|[of] p1a: Garganacl
|-damage|p1a: Garganacl|0 fnt
|faint|p1a: Garganacl
|
|-damage|p2a: Maushold|76/100|[from] Curse
|upkeep
|
|t:|1758949022
|switch|p1a: Garchomp|Garchomp, M|100/100
|turn|10
|
|t:|1758949028
|move|p2a: Maushold|Play Rough|p1a: Garchomp
|-supereffective|p1a: Garchomp
|-damage|p1a: Garchomp|64/100
|-damage|p2a: Maushold|63/100|[from] ability: Rough Skin|[of] p1a: Garchomp
|-damage|p2a: Maushold|47/100|[from] item: Rocky Helmet|[of] p1a: Garchomp
|move|p1a: Garchomp|Stealth Rock|p2a: Maushold
|-sidestart|p2: Paofficial|move: Stealth Rock
|
|-damage|p2a: Maushold|22/100|[from] Curse
|upkeep
|turn|11
|
|t:|1758949037
|move|p2a: Maushold|Tidy Up|p2a: Maushold
|-sideend|p2: Paofficial|Stealth Rock
|-activate|p2a: Maushold|move: Tidy Up
|-boost|p2a: Maushold|atk|1
|-boost|p2a: Maushold|spe|1
|move|p1a: Garchomp|Earthquake|p2a: Maushold
|-damage|p2a: Maushold|0 fnt
|faint|p2a: Maushold
|
|upkeep
|
|t:|1758949045
|switch|p2a: Clawitzer|Clawitzer, F|100/100
|turn|12
|
|t:|1758949052
|move|p2a: Clawitzer|Dragon Pulse|p1a: Garchomp
|-supereffective|p1a: Garchomp
|-damage|p1a: Garchomp|0 fnt
|faint|p1a: Garchomp
|
|upkeep
|
|t:|1758949054
|switch|p1a: Gardevoir|Gardevoir, F|100/100
|-ability|p1a: Gardevoir|Mega Launcher|Trace|[from] ability: Trace|[of] p2a: Clawitzer
|turn|13
|
|t:|1758949066
|move|p1a: Gardevoir|Psychic|p2a: Clawitzer
|-damage|p2a: Clawitzer|67/100
|move|p2a: Clawitzer|Water Pulse|p1a: Gardevoir
|-damage|p1a: Gardevoir|53/100
|
|upkeep
|turn|14
|inactive|Paofficial has 120 seconds left.
|
|t:|1758949099
|move|p1a: Gardevoir|Psychic|p2a: Clawitzer
|-damage|p2a: Clawitzer|34/100
|move|p2a: Clawitzer|Water Pulse|p1a: Gardevoir
|-damage|p1a: Gardevoir|9/100
|
|upkeep
|turn|15
|
|t:|1758949105
|move|p1a: Gardevoir|Psychic|p2a: Clawitzer
|-damage|p2a: Clawitzer|0 fnt
|faint|p2a: Clawitzer
|
|upkeep
|-message|mrporksin forfeited.
|
|win|Paofficial
|raw|mrporksin's rating: 1406 &rarr; <strong>1385</strong><br />(-21 for losing)
|raw|Paofficial's rating: 1389 &rarr; <strong>1410</strong><br />(+21 for winning)
|l|☆mrporksin
|player|p1|
|l|☆Paofficial
|player|p2|
