|j|☆wrgvbsdfhjfgjgf
|j|☆the voiced concern
|t:|1759028504
|gametype|singles
|player|p1|wrgvbsdfhjfgjgf|266|1234
|player|p2|the voiced concern|bea|1259
|gen|9
|tier|[Gen 9] OU
|rated|
|rule|HP Percentage Mod: HP is shown in percentages
|rule|Endless Battle Clause: Forcing endless battles is banned
|rule|Species Clause: Limit one of each Pokémon
|rule|OHKO Clause: OHKO moves are banned
|rule|Evasion Items Clause: Evasion items are banned
|rule|Evasion Moves Clause: Evasion moves are banned
|rule|Evasion Abilities Clause: Evasion abilities are banned
|rule|Sleep Moves Clause: Sleep-inducing moves are banned
|clearpoke
|poke|p1|Garganacl, M|
|poke|p1|Weezing-Galar, F|
|poke|p1|Corviknight, M|
|poke|p1|Dragapult, M|
|poke|p1|Slowking-Galar, M|
|poke|p1|Samurott-Hisui, F|
|poke|p2|Ogerpon-Cornerstone, F|
|poke|p2|Iron Moth|
|poke|p2|Ceruledge, M|
|poke|p2|Rillaboom, M|
|poke|p2|Iron Hands|
|poke|p2|Kingambit, M|
|teampreview
|inactive|Battle timer is ON: inactive players will automatically lose when time's up. (requested by the voiced concern)
|
|t:|1759028520
|teamsize|p1|6
|teamsize|p2|6
|start
|switch|p1a: Garganacl|Garganacl, M|100/100
|switch|p2a: Rillaboom|Rillaboom, M|100/100
|-fieldstart|move: Grassy Terrain|[from] ability: Grassy Surge|[of] p2a: Rillaboom
|turn|1
|
|t:|1759028538
|move|p2a: Rillaboom|Swords Dance|p2a: Rillaboom
|-boost|p2a: Rillaboom|atk|2
|move|p1a: Garganacl|Salt Cure|p2a: Rillaboom
|-damage|p2a: Rillaboom|84/100
|-start|p2a: Rillaboom|Salt Cure
|
|-heal|p2a: Rillaboom|90/100|[from] Grassy Terrain
|-damage|p2a: Rillaboom|78/100|[from] Salt Cure
|upkeep
|turn|2
|
|t:|1759028551
|switch|p1a: Corviknight|Corviknight, M|100/100
|-ability|p1a: Corviknight|Pressure
|move|p2a: Rillaboom|Swords Dance|p2a: Rillaboom
|-boost|p2a: Rillaboom|atk|2
|
|-heal|p2a: Rillaboom|84/100|[from] Grassy Terrain
|-damage|p2a: Rillaboom|71/100|[from] Salt Cure
|upkeep
|turn|3
|
|t:|1759028562
|move|p2a: Rillaboom|Drain Punch|p1a: Corviknight
|-damage|p1a: Corviknight|39/100
|-heal|p2a: Rillaboom|100/100|[from] drain|[of] p1a: Corviknight
|-damage|p2a: Rillaboom|84/100|[from] item: Rocky Helmet|[of] p1a: Corviknight
|-damage|p2a: Rillaboom|74/100|[from] item: Life Orb
|move|p1a: Corviknight|Iron Defense|p1a: Corviknight
|-boost|p1a: Corviknight|def|2
|
|-heal|p2a: Rillaboom|80/100|[from] Grassy Terrain
|-damage|p2a: Rillaboom|68/100|[from] Salt Cure
|upkeep
|turn|4
|
|t:|1759028573
|move|p2a: Rillaboom|Drain Punch|p1a: Corviknight
|-damage|p1a: Corviknight|8/100
|-heal|p2a: Rillaboom|86/100|[from] drain|[of] p1a: Corviknight
|-damage|p2a: Rillaboom|70/100|[from] item: Rocky Helmet|[of] p1a: Corviknight
|-damage|p2a: Rillaboom|60/100|[from] item: Life Orb
|move|p1a: Corviknight|Roost|p1a: Corviknight
|-heal|p1a: Corviknight|58/100
|-singleturn|p1a: Corviknight|move: Roost
|
|-heal|p2a: Rillaboom|66/100|[from] Grassy Terrain
|-heal|p1a: Corviknight|64/100|[from] Grassy Terrain
|-damage|p2a: Rillaboom|54/100|[from] Salt Cure
|upkeep
|turn|5
|
|t:|1759028585
|move|p2a: Rillaboom|Knock Off|p1a: Corviknight
|-damage|p1a: Corviknight|29/100
|-damage|p2a: Rillaboom|37/100|[from] item: Rocky Helmet|[of] p1a: Corviknight
|-enditem|p1a: Corviknight|Rocky Helmet|[from] move: Knock Off|[of] p2a: Rillaboom
|-damage|p2a: Rillaboom|27/100|[from] item: Life Orb
|move|p1a: Corviknight|Iron Defense|p1a: Corviknight
|-boost|p1a: Corviknight|def|2
|
|-heal|p2a: Rillaboom|33/100|[from] Grassy Terrain
|-damage|p2a: Rillaboom|21/100|[from] Salt Cure
|-fieldend|move: Grassy Terrain
|upkeep
|turn|6
|
|t:|1759028598
|move|p2a: Rillaboom|Swords Dance|p2a: Rillaboom
|-boost|p2a: Rillaboom|atk|2
|move|p1a: Corviknight|Roost|p1a: Corviknight
|-heal|p1a: Corviknight|79/100
|-singleturn|p1a: Corviknight|move: Roost
|
|-damage|p2a: Rillaboom|9/100|[from] Salt Cure
|upkeep
|turn|7
|
|t:|1759028606
|move|p2a: Rillaboom|Drain Punch|p1a: Corviknight
|-damage|p1a: Corviknight|53/100
|-heal|p2a: Rillaboom|24/100|[from] drain|[of] p1a: Corviknight
|-damage|p2a: Rillaboom|14/100|[from] item: Life Orb
|move|p1a: Corviknight|Roost|p1a: Corviknight
|-heal|p1a: Corviknight|100/100
|-singleturn|p1a: Corviknight|move: Roost
|
|-damage|p2a: Rillaboom|2/100|[from] Salt Cure
|upkeep
|turn|8
|
|t:|1759028622
|move|p2a: Rillaboom|Drain Punch|p1a: Corviknight
|-damage|p1a: Corviknight|76/100
|-heal|p2a: Rillaboom|17/100|[from] drain|[of] p1a: Corviknight
|-damage|p2a: Rillaboom|7/100|[from] item: Life Orb
|move|p1a: Corviknight|Roost|p1a: Corviknight
|-heal|p1a: Corviknight|100/100
|-singleturn|p1a: Corviknight|move: Roost
|
|-damage|p2a: Rillaboom|0 fnt|[from] Salt Cure
|faint|p2a: Rillaboom
|upkeep
|
|t:|1759028637
|switch|p2a: Iron Moth|Iron Moth|100/100
|-enditem|p2a: Iron Moth|Booster Energy
|-activate|p2a: Iron Moth|ability: Quark Drive|[fromitem]
|-start|p2a: Iron Moth|quarkdrivespe
|turn|9
|
|t:|1759028646
|-terastallize|p1a: Corviknight|Fighting
|move|p2a: Iron Moth|Substitute|p2a: Iron Moth
|-start|p2a: Iron Moth|Substitute
|-damage|p2a: Iron Moth|76/100
|move|p1a: Corviknight|Body Press|p2a: Iron Moth
|-resisted|p2a: Iron Moth
|-end|p2a: Iron Moth|Substitute
|
|upkeep
|turn|10
|
|t:|1759028654
|-terastallize|p2a: Iron Moth|Fairy
|move|p2a: Iron Moth|Dazzling Gleam|p1a: Corviknight
|-supereffective|p1a: Corviknight
|-damage|p1a: Corviknight|24/100
|move|p1a: Corviknight|Body Press|p2a: Iron Moth
|-resisted|p2a: Iron Moth
|-damage|p2a: Iron Moth|0 fnt
|faint|p2a: Iron Moth
|-end|p2a: Iron Moth|Quark Drive|[silent]
|
|upkeep
|inactive|the voiced concern has 120 seconds left.
|
|t:|1759028698
|switch|p2a: Ogerpon|Ogerpon-Cornerstone, F|100/100
|turn|11
|
|t:|1759028706
|move|p2a: Ogerpon|Taunt|p1a: Corviknight
|-start|p1a: Corviknight|move: Taunt
|cant|p1a: Corviknight|move: Taunt|Roost
|
|upkeep
|turn|12
|inactive|the voiced concern has 120 seconds left.
|
|t:|1759028711
|move|p2a: Ogerpon|Power Whip|p1a: Corviknight
|-damage|p1a: Corviknight|10/100
|move|p1a: Corviknight|Body Press|p2a: Ogerpon
|-supereffective|p2a: Ogerpon
|-ability|p2a: Ogerpon|Sturdy
|-damage|p2a: Ogerpon|1/100
|
|upkeep
|turn|13
|inactive|the voiced concern has 120 seconds left.
|
|t:|1759028727
|switch|p1a: Dragapult|Dragapult, M|100/100
|move|p2a: Ogerpon|Power Whip|p1a: Dragapult
|-resisted|p1a: Dragapult
|-damage|p1a: Dragapult|50/100
|
|upkeep
|turn|14
|
|t:|1759028735
|move|p1a: Dragapult|U-turn|p2a: Ogerpon
|-supereffective|p2a: Ogerpon
|-crit|p2a: Ogerpon
|-damage|p2a: Ogerpon|0 fnt
|faint|p2a: Ogerpon
|
|t:|1759028737
|switch|p1a: Garganacl|Garganacl, M|100/100|[from] U-turn
|
|upkeep
|
|t:|1759028743
|switch|p2a: Iron Hands|Iron Hands|100/100
|turn|15
|
|t:|1759028751
|move|p2a: Iron Hands|Swords Dance|p2a: Iron Hands
|-boost|p2a: Iron Hands|atk|2
|move|p1a: Garganacl|Salt Cure|p2a: Iron Hands
|-resisted|p2a: Iron Hands
|-damage|p2a: Iron Hands|96/100
|-start|p2a: Iron Hands|Salt Cure
|
|-heal|p2a: Iron Hands|100/100|[from] item: Leftovers
|-damage|p2a: Iron Hands|88/100|[from] Salt Cure
|upkeep
|turn|16
|
|t:|1759028766
|move|p2a: Iron Hands|Drain Punch|p1a: Garganacl
|-supereffective|p1a: Garganacl
|-damage|p1a: Garganacl|0 fnt
|-heal|p2a: Iron Hands|100/100|[from] drain|[of] p1a: Garganacl
|faint|p1a: Garganacl
|
|-damage|p2a: Iron Hands|88/100|[from] Salt Cure
|upkeep
|
|t:|1759028772
|switch|p1a: Dragapult|Dragapult, M|50/100
|turn|17
|
|t:|1759028776
|move|p1a: Dragapult|Hex|p2a: Iron Hands
|-damage|p2a: Iron Hands|65/100
|move|p2a: Iron Hands|Ice Punch|p1a: Dragapult
|-supereffective|p1a: Dragapult
|-damage|p1a: Dragapult|0 fnt
|faint|p1a: Dragapult
|
|-heal|p2a: Iron Hands|71/100|[from] item: Leftovers
|-damage|p2a: Iron Hands|59/100|[from] Salt Cure
|upkeep
|
|t:|1759028781
|switch|p1a: Weezing|Weezing-Galar, F|100/100
|-ability|p1a: Weezing|Neutralizing Gas
|turn|18
|
|t:|1759028788
|move|p2a: Iron Hands|Wild Charge|p1a: Weezing
|-damage|p1a: Weezing|26/100
|-damage|p2a: Iron Hands|45/100|[from] Recoil
|move|p1a: Weezing|Will-O-Wisp|p2a: Iron Hands
|-status|p2a: Iron Hands|brn
|
|-heal|p2a: Iron Hands|51/100 brn|[from] item: Leftovers
|-damage|p2a: Iron Hands|45/100 brn|[from] brn
|-damage|p2a: Iron Hands|32/100 brn|[from] Salt Cure
|upkeep
|turn|19
|
|t:|1759028804
|move|p2a: Iron Hands|Wild Charge|p1a: Weezing
|-damage|p1a: Weezing|0 fnt
|faint|p1a: Weezing
|-end|p1a: Weezing|ability: Neutralizing Gas
|-damage|p2a: Iron Hands|28/100 brn|[from] Recoil
|
|-heal|p2a: Iron Hands|34/100 brn|[from] item: Leftovers
|-damage|p2a: Iron Hands|28/100 brn|[from] brn
|-damage|p2a: Iron Hands|15/100 brn|[from] Salt Cure
|upkeep
|
|t:|1759028808
|switch|p1a: Corviknight|Corviknight, M, tera:Fighting|10/100
|-ability|p1a: Corviknight|Pressure
|turn|20
|
|t:|1759028834
|-end|p2a: Iron Hands|Quark Drive|[silent]
|switch|p2a: Ceruledge|Ceruledge, M, shiny|100/100
|move|p1a: Corviknight|Roost|p1a: Corviknight
|-heal|p1a: Corviknight|60/100
|
|upkeep
|turn|21
|
|t:|1759028860
|switch|p1a: Samurott|Samurott-Hisui, F|100/100
|move|p2a: Ceruledge|Swords Dance|p2a: Ceruledge
|-boost|p2a: Ceruledge|atk|2
|
|upkeep
|turn|22
|inactive|wrgvbsdfhjfgjgf has 120 seconds left.
|
|t:|1759028877
|move|p1a: Samurott|Ceaseless Edge|p2a: Ceruledge
|-supereffective|p2a: Ceruledge
|-enditem|p2a: Ceruledge|Focus Sash
|-damage|p2a: Ceruledge|1/100
|-ability|p2a: Ceruledge|Weak Armor|boost
|-unboost|p2a: Ceruledge|def|1
|-boost|p2a: Ceruledge|spe|2
|-sidestart|p2: the voiced concern|Spikes
|move|p2a: Ceruledge|Poltergeist|p1a: Samurott
|-activate|p1a: Samurott|move: Poltergeist|Choice Scarf
|-resisted|p1a: Samurott
|-damage|p1a: Samurott|32/100
|
|upkeep
|turn|23
|inactive|wrgvbsdfhjfgjgf has 120 seconds left.
|
|t:|1759028891
|move|p2a: Ceruledge|Shadow Sneak|p1a: Samurott
|-resisted|p1a: Samurott
|-damage|p1a: Samurott|6/100
|move|p1a: Samurott|Ceaseless Edge|p2a: Ceruledge
|-supereffective|p2a: Ceruledge
|-damage|p2a: Ceruledge|0 fnt
|-sidestart|p2: the voiced concern|Spikes
|faint|p2a: Ceruledge
|
|upkeep
|
|t:|1759028899
|switch|p2a: Iron Hands|Iron Hands|15/100 brn
|-damage|p2a: Iron Hands|0 fnt|[from] Spikes
|faint|p2a: Iron Hands
|-end|p2a: Iron Hands|Quark Drive|[silent]
|
|t:|1759028903
|switch|p2a: Guts|Kingambit, M|100/100
|-damage|p2a: Guts|84/100|[from] Spikes
|-activate|p2a: Guts|ability: Supreme Overlord
|-start|p2a: Guts|fallen5|[silent]
|turn|24
|
|t:|1759028919
|switch|p1a: Corviknight|Corviknight, M, tera:Fighting|60/100
|-ability|p1a: Corviknight|Pressure
|move|p2a: Guts|Swords Dance|p2a: Guts
|-boost|p2a: Guts|atk|2
|
|upkeep
|turn|25
|
|t:|1759028926
|move|p2a: Guts|Kowtow Cleave|p1a: Corviknight
|-resisted|p1a: Corviknight
|-damage|p1a: Corviknight|20/100
|move|p1a: Corviknight|Iron Defense|p1a: Corviknight
|-boost|p1a: Corviknight|def|2
|
|upkeep
|turn|26
|
|t:|1759028934
|move|p2a: Guts|Kowtow Cleave|p1a: Corviknight
|-resisted|p1a: Corviknight
|-damage|p1a: Corviknight|0 fnt
|faint|p1a: Corviknight
|
|upkeep
|
|t:|1759028944
|switch|p1a: Slowking|Slowking-Galar, M|100/100
|turn|27
|
|t:|1759028947
|move|p2a: Guts|Kowtow Cleave|p1a: Slowking
|-supereffective|p1a: Slowking
|-damage|p1a: Slowking|0 fnt
|faint|p1a: Slowking
|
|upkeep
|
|t:|1759028950
|switch|p1a: Samurott|Samurott-Hisui, F|6/100
|turn|28
|
|t:|1759028953
|move|p1a: Samurott|Razor Shell|p2a: Guts
|-damage|p2a: Guts|44/100
|-unboost|p2a: Guts|def|1
|move|p2a: Guts|Kowtow Cleave|p1a: Samurott
|-resisted|p1a: Samurott
|-damage|p1a: Samurott|0 fnt
|faint|p1a: Samurott
|
|win|the voiced concern
|raw|wrgvbsdfhjfgjgf's rating: 1234 &rarr; <strong>1211</strong><br />(-23 for losing)
|raw|the voiced concern's rating: 1259 &rarr; <strong>1282</strong><br />(+23 for winning)
|l|☆wrgvbsdfhjfgjgf
|player|p1|
