|j|☆whoa now
|j|☆gobblebot88
|t:|1759064015
|gametype|singles
|player|p1|whoa now|266|1263
|player|p2|gobblebot88|brock|1274
|gen|9
|tier|[Gen 9] OU
|rated|
|rule|HP Percentage Mod: HP is shown in percentages
|rule|Endless Battle Clause: Forcing endless battles is banned
|rule|Species Clause: Limit one of each Pokémon
|rule|OHKO Clause: OHKO moves are banned
|rule|Evasion Items Clause: Evasion items are banned
|rule|Evasion Moves Clause: Evasion moves are banned
|rule|Evasion Abilities Clause: Evasion abilities are banned
|rule|Sleep Moves Clause: Sleep-inducing moves are banned
|clearpoke
|poke|p1|Regigigas|
|poke|p1|Samurott-Hisui, F|
|poke|p1|Great Tusk|
|poke|p1|Corviknight, F|
|poke|p1|Iron Valiant|
|poke|p1|Ogerpon-Wellspring, F|
|poke|p2|Serperior, F|
|poke|p2|Glimmora, F|
|poke|p2|Scizor, M|
|poke|p2|Ursaluna, M|
|poke|p2|Ceruledge, M|
|poke|p2|Dragapult, M|
|teampreview
|inactive|Battle timer is ON: inactive players will automatically lose when time's up. (requested by gobblebot88)
|
|t:|1759064031
|teamsize|p1|6
|teamsize|p2|6
|start
|switch|p1a: Great Tusk|Great Tusk|100/100
|switch|p2a: Kuma|Ursaluna, M, shiny|100/100
|turn|1
|
|t:|1759064044
|switch|p2a: Kaido|Dragapult, M, shiny|100/100
|move|p1a: Great Tusk|Close Combat|p2a: Kaido
|-immune|p2a: Kaido
|
|upkeep
|turn|2
|
|t:|1759064052
|-end|p1a: Great Tusk|Protosynthesis|[silent]
|switch|p1a: Corviknight|Corviknight, F|100/100
|-ability|p1a: Corviknight|Pressure
|move|p2a: Kaido|Draco Meteor|p1a: Corviknight
|-resisted|p1a: Corviknight
|-damage|p1a: Corviknight|62/100
|-unboost|p2a: Kaido|spa|2
|
|upkeep
|turn|3
|
|t:|1759064063
|switch|p2a: Kuma|Ursaluna, M, shiny|100/100
|move|p1a: Corviknight|U-turn|p2a: Kuma
|-damage|p2a: Kuma|89/100
|
|t:|1759064068
|switch|p1a: Great Tusk|Great Tusk|100/100|[from] U-turn
|
|-status|p2a: Kuma|brn|[from] item: Flame Orb
|upkeep
|turn|4
|
|t:|1759064073
|move|p1a: Great Tusk|Close Combat|p2a: Kuma
|-supereffective|p2a: Kuma
|-damage|p2a: Kuma|0 fnt
|-unboost|p1a: Great Tusk|def|1
|-unboost|p1a: Great Tusk|spd|1
|faint|p2a: Kuma
|
|upkeep
|
|t:|1759064078
|switch|p2a: Magellan|Glimmora, F, shiny|100/100
|turn|5
|
|t:|1759064084
|move|p1a: Great Tusk|Earthquake|p2a: Magellan
|-supereffective|p2a: Magellan
|-enditem|p2a: Magellan|Focus Sash
|-damage|p2a: Magellan|1/100
|-activate|p2a: Magellan|ability: Toxic Debris
|-sidestart|p1: whoa now|move: Toxic Spikes
|move|p2a: Magellan|Stealth Rock|p1a: Great Tusk
|-sidestart|p1: whoa now|move: Stealth Rock
|
|upkeep
|turn|6
|
|t:|1759064096
|switch|p2a: Zoro|Ceruledge, M, shiny|100/100
|move|p1a: Great Tusk|Rapid Spin|p2a: Zoro
|-immune|p2a: Zoro
|
|upkeep
|turn|7
|
|t:|1759064108
|-terastallize|p2a: Zoro|Water
|move|p1a: Great Tusk|Earthquake|p2a: Zoro
|-damage|p2a: Zoro|24/100
|-ability|p2a: Zoro|Weak Armor|boost
|-unboost|p2a: Zoro|def|1
|-boost|p2a: Zoro|spe|2
|move|p2a: Zoro|Swords Dance|p2a: Zoro
|-boost|p2a: Zoro|atk|2
|
|upkeep
|turn|8
|
|t:|1759064118
|move|p2a: Zoro|Tera Blast|p1a: Great Tusk|[anim] Tera Blast Water
|-supereffective|p1a: Great Tusk
|-damage|p1a: Great Tusk|0 fnt
|faint|p1a: Great Tusk
|-end|p1a: Great Tusk|Protosynthesis|[silent]
|
|upkeep
|
|t:|1759064123
|switch|p1a: Iron Valiant|Iron Valiant|100/100
|-status|p1a: Iron Valiant|psn
|-damage|p1a: Iron Valiant|94/100 psn|[from] Stealth Rock
|-enditem|p1a: Iron Valiant|Booster Energy
|-activate|p1a: Iron Valiant|ability: Quark Drive|[fromitem]
|-start|p1a: Iron Valiant|quarkdrivespe
|turn|9
|
|t:|1759064131
|move|p2a: Zoro|Shadow Sneak|p1a: Iron Valiant
|-damage|p1a: Iron Valiant|40/100 psn
|move|p1a: Iron Valiant|Vacuum Wave|p2a: Zoro
|-damage|p2a: Zoro|0 fnt
|faint|p2a: Zoro
|
|-damage|p1a: Iron Valiant|27/100 psn|[from] psn
|upkeep
|
|t:|1759064152
|switch|p2a: Kidd|Scizor, M, shiny|100/100
|turn|10
|
|t:|1759064155
|move|p2a: Kidd|Bullet Punch|p1a: Iron Valiant
|-supereffective|p1a: Iron Valiant
|-damage|p1a: Iron Valiant|0 fnt
|faint|p1a: Iron Valiant
|-end|p1a: Iron Valiant|Quark Drive|[silent]
|-damage|p2a: Kidd|91/100|[from] item: Life Orb
|
|upkeep
|
|t:|1759064157
|switch|p1a: Corviknight|Corviknight, F|62/100
|-damage|p1a: Corviknight|50/100|[from] Stealth Rock
|-ability|p1a: Corviknight|Pressure
|turn|11
|
|t:|1759064165
|switch|p2a: Magellan|Glimmora, F, shiny|1/100
|move|p1a: Corviknight|Defog|p2a: Magellan
|-unboost|p2a: Magellan|evasion|1
|-sideend|p1: whoa now|Toxic Spikes|[from] move: Defog|[of] p1a: Corviknight
|-sideend|p1: whoa now|Stealth Rock|[from] move: Defog|[of] p1a: Corviknight
|
|upkeep
|turn|12
|
|t:|1759064170
|move|p2a: Magellan|Power Gem|p1a: Corviknight
|-damage|p1a: Corviknight|9/100
|move|p1a: Corviknight|Roost|p1a: Corviknight
|-heal|p1a: Corviknight|59/100
|-singleturn|p1a: Corviknight|move: Roost
|
|upkeep
|turn|13
|
|t:|1759064186
|move|p2a: Magellan|Stealth Rock|p1a: Corviknight
|-sidestart|p1: whoa now|move: Stealth Rock
|move|p1a: Corviknight|Roost|p1a: Corviknight
|-heal|p1a: Corviknight|100/100
|-singleturn|p1a: Corviknight|move: Roost
|
|upkeep
|turn|14
|
|t:|1759064191
|switch|p2a: Kaido|Dragapult, M, shiny|100/100
|move|p1a: Corviknight|Brave Bird|p2a: Kaido
|-damage|p2a: Kaido|46/100
|-damage|p1a: Corviknight|86/100|[from] Recoil
|
|upkeep
|turn|15
|
|t:|1759064203
|move|p2a: Kaido|Flamethrower|p1a: Corviknight
|-supereffective|p1a: Corviknight
|-damage|p1a: Corviknight|12/100
|move|p1a: Corviknight|Defog|p2a: Kaido
|-unboost|p2a: Kaido|evasion|1
|-sideend|p1: whoa now|Stealth Rock|[from] move: Defog|[of] p1a: Corviknight
|
|upkeep
|turn|16
|
|t:|1759064212
|switch|p1a: Ogerpon|Ogerpon-Wellspring, F|100/100
|move|p2a: Kaido|Flamethrower|p1a: Ogerpon
|-damage|p1a: Ogerpon|58/100
|
|upkeep
|turn|17
|
|t:|1759064217
|move|p2a: Kaido|Flamethrower|p1a: Ogerpon
|-damage|p1a: Ogerpon|13/100
|move|p1a: Ogerpon|Ivy Cudgel|p2a: Kaido|[anim] Ivy Cudgel Water
|-resisted|p2a: Kaido
|-damage|p2a: Kaido|9/100
|
|upkeep
|turn|18
|
|t:|1759064223
|move|p2a: Kaido|Flamethrower|p1a: Ogerpon
|-damage|p1a: Ogerpon|0 fnt
|faint|p1a: Ogerpon
|
|upkeep
|
|t:|1759064225
|switch|p1a: Samurott|Samurott-Hisui, F|100/100
|turn|19
|
|t:|1759064229
|switch|p2a: Magellan|Glimmora, F, shiny|1/100
|move|p1a: Samurott|Ceaseless Edge|p2a: Magellan
|-damage|p2a: Magellan|0 fnt
|-activate|p2a: Magellan|ability: Toxic Debris
|-sidestart|p1: whoa now|move: Toxic Spikes
|-sidestart|p2: gobblebot88|Spikes
|faint|p2a: Magellan
|
|upkeep
|
|t:|1759064242
|switch|p2a: Boa|Serperior, F, shiny|100/100
|-damage|p2a: Boa|88/100|[from] Spikes
|turn|20
|
|t:|1759064246
|move|p2a: Boa|Leaf Storm|p1a: Samurott|[miss]
|-miss|p2a: Boa|p1a: Samurott
|move|p1a: Samurott|Ceaseless Edge|p2a: Boa
|-damage|p2a: Boa|36/100
|-sidestart|p2: gobblebot88|Spikes
|
|-heal|p2a: Boa|42/100|[from] item: Leftovers
|upkeep
|turn|21
|
|t:|1759064252
|move|p2a: Boa|Leaf Storm|p1a: Samurott
|-supereffective|p1a: Samurott
|-enditem|p1a: Samurott|Focus Sash
|-damage|p1a: Samurott|1/100
|-boost|p2a: Boa|spa|2
|move|p1a: Samurott|Ceaseless Edge|p2a: Boa
|-damage|p2a: Boa|0 fnt
|-sidestart|p2: gobblebot88|Spikes
|faint|p2a: Boa
|
|upkeep
|
|t:|1759064259
|switch|p2a: Kidd|Scizor, M, shiny|91/100
|-damage|p2a: Kidd|66/100|[from] Spikes
|turn|22
|
|t:|1759064264
|move|p2a: Kidd|Bullet Punch|p1a: Samurott
|-resisted|p1a: Samurott
|-damage|p1a: Samurott|0 fnt
|faint|p1a: Samurott
|-damage|p2a: Kidd|56/100|[from] item: Life Orb
|
|upkeep
|
|t:|1759064271
|switch|p1a: Regigigas|Regigigas|100/100
|-status|p1a: Regigigas|psn
|-start|p1a: Regigigas|ability: Slow Start
|turn|23
|
|t:|1759064275
|move|p1a: Regigigas|Protect|p1a: Regigigas
|-singleturn|p1a: Regigigas|Protect
|move|p2a: Kidd|Close Combat|p1a: Regigigas
|-activate|p1a: Regigigas|move: Protect
|
|-damage|p1a: Regigigas|88/100 psn|[from] psn
|upkeep
|turn|24
|
|t:|1759064282
|-terastallize|p1a: Regigigas|Fighting
|move|p2a: Kidd|Close Combat|p1a: Regigigas
|-damage|p1a: Regigigas|41/100 psn
|-unboost|p2a: Kidd|def|1
|-unboost|p2a: Kidd|spd|1
|-damage|p2a: Kidd|46/100|[from] item: Life Orb
|move|p1a: Regigigas|Substitute|p1a: Regigigas
|-start|p1a: Regigigas|Substitute
|-damage|p1a: Regigigas|16/100 psn
|
|-heal|p1a: Regigigas|22/100 psn|[from] item: Leftovers
|-damage|p1a: Regigigas|10/100 psn|[from] psn
|upkeep
|turn|25
|c|☆gobblebot88|gg
|
|t:|1759064297
|move|p1a: Regigigas|Protect|p1a: Regigigas
|-singleturn|p1a: Regigigas|Protect
|move|p2a: Kidd|Close Combat|p1a: Regigigas
|-activate|p1a: Regigigas|move: Protect
|
|-heal|p1a: Regigigas|16/100 psn|[from] item: Leftovers
|-damage|p1a: Regigigas|4/100 psn|[from] psn
|upkeep
|turn|26
|
|t:|1759064302
|move|p2a: Kidd|Close Combat|p1a: Regigigas
|-end|p1a: Regigigas|Substitute
|-unboost|p2a: Kidd|def|1
|-unboost|p2a: Kidd|spd|1
|-damage|p2a: Kidd|36/100|[from] item: Life Orb
|move|p1a: Regigigas|Knock Off|p2a: Kidd
|-damage|p2a: Kidd|0 fnt
|-enditem|p2a: Kidd|Life Orb|[from] move: Knock Off|[of] p1a: Regigigas
|faint|p2a: Kidd
|
|-heal|p1a: Regigigas|10/100 psn|[from] item: Leftovers
|-damage|p1a: Regigigas|0 fnt|[from] psn
|faint|p1a: Regigigas
|upkeep
|
|t:|1759064315
|switch|p1a: Corviknight|Corviknight, F|12/100
|switch|p2a: Kaido|Dragapult, M, shiny|9/100
|-damage|p2a: Kaido|0 fnt|[from] Spikes
|faint|p2a: Kaido
|
|win|whoa now
|raw|whoa now's rating: 1263 &rarr; <strong>1289</strong><br />(+26 for winning)
|raw|gobblebot88's rating: 1274 &rarr; <strong>1248</strong><br />(-26 for losing)
|l|☆gobblebot88
|player|p2|
|c|☆whoa now|Ggs
|l|☆whoa now
|player|p1|
