|badge|p2|bronze|gen9ou|100-6
|html|<div class="broadcast-red"><strong>This battle is required to be public due to one or more player having a season medal.</strong><br />During the public phase, you can discuss the state of the ladder <a href="/seasondiscussion">in a special chatroom.</a></div>
|uhtml|medal-msg|<div class="broadcast-blue">Curious what those medals under the avatar are? PS now has Ladder Seasons! For more information, check out the <a href="https://www.smogon.com/forums/threads/3740067/">thread on Smogon.</a></div>
|raw|<div class="broadcast-blue"><strong>This battle is required to be public due to a player having a name starting with 'medal'.</div>
|j|☆wallik
|j|☆ADM02
|t:|1759049988
|gametype|singles
|player|p1|wallik|bugsy|1610
|player|p2|ADM02|1|1867
|gen|9
|tier|[Gen 9] OU
|rated|
|rule|HP Percentage Mod: HP is shown in percentages
|rule|Endless Battle Clause: Forcing endless battles is banned
|rule|Species Clause: Limit one of each Pokémon
|rule|OHKO Clause: OHKO moves are banned
|rule|Evasion Items Clause: Evasion items are banned
|rule|Evasion Moves Clause: Evasion moves are banned
|rule|Evasion Abilities Clause: Evasion abilities are banned
|rule|Sleep Moves Clause: Sleep-inducing moves are banned
|clearpoke
|poke|p1|Cinderace, F|
|poke|p1|Great Tusk|
|poke|p1|Slowking-Galar, F|
|poke|p1|Corviknight, M|
|poke|p1|Raging Bolt|
|poke|p1|Whimsicott, F|
|poke|p2|Cinderace, F|
|poke|p2|Clefable, F|
|poke|p2|Salamence, F|
|poke|p2|Dragonite, F|
|poke|p2|Hoopa-Unbound|
|poke|p2|Clodsire, M|
|teampreview
|inactive|Battle timer is ON: inactive players will automatically lose when time's up. (requested by ADM02)
|
|t:|1759050020
|teamsize|p1|6
|teamsize|p2|6
|start
|switch|p1a: Ronaldo|Cinderace, F|100/100
|switch|p2a: Clodsire|Clodsire, M|100/100
|turn|1
|
|t:|1759050028
|move|p1a: Ronaldo|Pyro Ball|p2a: Clodsire|[miss]
|-miss|p1a: Ronaldo|p2a: Clodsire
|move|p2a: Clodsire|Toxic|p1a: Ronaldo
|-status|p1a: Ronaldo|tox
|
|-damage|p1a: Ronaldo|95/100 tox|[from] psn
|upkeep
|turn|2
|
|t:|1759050045
|switch|p1a: Packin Purple|Great Tusk|100/100
|move|p2a: Clodsire|Earthquake|p1a: Packin Purple
|-damage|p1a: Packin Purple|82/100
|
|upkeep
|turn|3
|
|t:|1759050053
|switch|p2a: Salamence|Salamence, F|100/100
|-ability|p2a: Salamence|Intimidate|boost
|-unboost|p1a: Packin Purple|atk|1
|move|p1a: Packin Purple|Headlong Rush|p2a: Salamence
|-immune|p2a: Salamence
|
|upkeep
|turn|4
|
|t:|1759050061
|-end|p1a: Packin Purple|Protosynthesis|[silent]
|switch|p1a: Gladys|Corviknight, M|100/100
|-ability|p1a: Gladys|Pressure
|move|p2a: Salamence|Air Slash|p1a: Gladys
|-resisted|p1a: Gladys
|-damage|p1a: Gladys|88/100
|
|upkeep
|turn|5
|
|t:|1759050068
|move|p2a: Salamence|Flamethrower|p1a: Gladys
|-supereffective|p1a: Gladys
|-damage|p1a: Gladys|45/100
|move|p1a: Gladys|U-turn|p2a: Salamence
|-resisted|p2a: Salamence
|-damage|p2a: Salamence|95/100
|
|t:|1759050074
|switch|p1a: BrainRot|Slowking-Galar, F|100/100|[from] U-turn
|
|upkeep
|turn|6
|
|t:|1759050082
|switch|p2a: Hoopa|Hoopa-Unbound|100/100
|move|p1a: BrainRot|Future Sight|p2a: Hoopa
|-start|p1a: BrainRot|move: Future Sight
|
|upkeep
|turn|7
|
|t:|1759050092
|switch|p1a: Packin Purple|Great Tusk|82/100
|move|p2a: Hoopa|Knock Off|p1a: Packin Purple
|-resisted|p1a: Packin Purple
|-damage|p1a: Packin Purple|64/100
|-damage|p2a: Hoopa|84/100|[from] item: Rocky Helmet|[of] p1a: Packin Purple
|-enditem|p1a: Packin Purple|Rocky Helmet|[from] move: Knock Off|[of] p2a: Hoopa
|
|upkeep
|turn|8
|
|t:|1759050098
|move|p1a: Packin Purple|Stealth Rock|p2a: Hoopa
|-sidestart|p2: ADM02|move: Stealth Rock
|move|p2a: Hoopa|Psychic Noise|p1a: Packin Purple
|-supereffective|p1a: Packin Purple
|-damage|p1a: Packin Purple|0 fnt
|faint|p1a: Packin Purple
|-end|p1a: Packin Purple|Protosynthesis|[silent]
|
|-end|p2a: Hoopa|move: Future Sight
|-immune|p2a: Hoopa
|upkeep
|
|t:|1759050104
|switch|p1a: Ronaldo|Cinderace, F|95/100 tox
|turn|9
|
|t:|1759050108
|switch|p2a: Clodsire|Clodsire, M|100/100
|-damage|p2a: Clodsire|94/100|[from] Stealth Rock
|move|p1a: Ronaldo|U-turn|p2a: Clodsire
|-start|p1a: Ronaldo|typechange|Bug|[from] ability: Libero
|-resisted|p2a: Clodsire
|-damage|p2a: Clodsire|75/100
|-damage|p1a: Ronaldo|78/100 tox|[from] item: Rocky Helmet|[of] p2a: Clodsire
|
|t:|1759050116
|switch|p1a: BrainRot|Slowking-Galar, F|100/100|[from] U-turn
|
|upkeep
|turn|10
|
|t:|1759050123
|switch|p1a: Ronaldo|Cinderace, F|78/100 tox
|move|p2a: Clodsire|Stealth Rock|p1a: Ronaldo
|-sidestart|p1: wallik|move: Stealth Rock
|
|-damage|p1a: Ronaldo|72/100 tox|[from] psn
|upkeep
|turn|11
|
|t:|1759050129
|move|p1a: Ronaldo|Pyro Ball|p2a: Clodsire
|-damage|p2a: Clodsire|13/100
|move|p2a: Clodsire|Recover|p2a: Clodsire
|-heal|p2a: Clodsire|63/100
|
|-damage|p1a: Ronaldo|60/100 tox|[from] psn
|upkeep
|turn|12
|
|t:|1759050132
|move|p1a: Ronaldo|Pyro Ball|p2a: Clodsire
|-damage|p2a: Clodsire|0 fnt
|faint|p2a: Clodsire
|
|-damage|p1a: Ronaldo|42/100 tox|[from] psn
|upkeep
|
|t:|1759050145
|switch|p2a: Cinderace|Cinderace, F|100/100
|turn|13
|
|t:|1759050156
|switch|p1a: BrainRot|Slowking-Galar, F|100/100
|-damage|p1a: BrainRot|88/100|[from] Stealth Rock
|move|p2a: Cinderace|Swords Dance|p2a: Cinderace
|-boost|p2a: Cinderace|atk|2
|
|upkeep
|turn|14
|
|t:|1759050173
|switch|p1a: Gladys|Corviknight, M|45/100
|-damage|p1a: Gladys|32/100|[from] Stealth Rock
|-ability|p1a: Gladys|Pressure
|move|p2a: Cinderace|Pyro Ball|p1a: Gladys|[miss]
|-miss|p2a: Cinderace|p1a: Gladys
|
|upkeep
|turn|15
|inactive|ADM02 has 120 seconds left.
|
|t:|1759050203
|move|p2a: Cinderace|Swords Dance|p2a: Cinderace
|-boost|p2a: Cinderace|atk|2
|move|p1a: Gladys|Reflect|p1a: Gladys
|-sidestart|p1: wallik|Reflect
|
|upkeep
|turn|16
|
|t:|1759050207
|move|p2a: Cinderace|Swords Dance|p2a: Cinderace
|-boost|p2a: Cinderace|atk|2
|move|p1a: Gladys|U-turn|p2a: Cinderace
|-resisted|p2a: Cinderace
|-damage|p2a: Cinderace|89/100
|
|t:|1759050209
|switch|p1a: Whimsicott|Whimsicott, F|100/100|[from] U-turn
|-damage|p1a: Whimsicott|88/100|[from] Stealth Rock
|
|-heal|p1a: Whimsicott|94/100|[from] item: Leftovers
|upkeep
|turn|17
|
|t:|1759050213
|move|p1a: Whimsicott|Encore|p2a: Cinderace
|-start|p2a: Cinderace|Encore
|move|p2a: Cinderace|Swords Dance|p2a: Cinderace
|-boost|p2a: Cinderace|atk|0
|
|-heal|p1a: Whimsicott|100/100|[from] item: Leftovers
|upkeep
|turn|18
|
|t:|1759050220
|switch|p2a: Hoopa|Hoopa-Unbound|84/100
|-damage|p2a: Hoopa|72/100|[from] Stealth Rock
|move|p1a: Whimsicott|U-turn|p2a: Hoopa
|-supereffective|p2a: Hoopa
|-crit|p2a: Hoopa
|-damage|p2a: Hoopa|0 fnt
|faint|p2a: Hoopa
|
|t:|1759050230
|switch|p1a: BrainRot|Slowking-Galar, F|100/100|[from] U-turn
|-damage|p1a: BrainRot|88/100|[from] Stealth Rock
|
|upkeep
|
|t:|1759050237
|switch|p2a: Cinderace|Cinderace, F|89/100
|turn|19
|
|t:|1759050241
|move|p2a: Cinderace|Swords Dance|p2a: Cinderace
|-boost|p2a: Cinderace|atk|2
|move|p1a: BrainRot|Sludge Bomb|p2a: Cinderace
|-damage|p2a: Cinderace|19/100
|
|-sideend|p1: wallik|Reflect
|upkeep
|turn|20
|
|t:|1759050247
|-terastallize|p1a: BrainRot|Water
|move|p2a: Cinderace|Pyro Ball|p1a: BrainRot
|-resisted|p1a: BrainRot
|-damage|p1a: BrainRot|1/100
|move|p1a: BrainRot|Sludge Bomb|p2a: Cinderace
|-damage|p2a: Cinderace|0 fnt
|faint|p2a: Cinderace
|
|upkeep
|
|t:|1759050264
|switch|p2a: Clefable|Clefable, F|100/100
|turn|21
|
|t:|1759050276
|switch|p1a: Ronaldo|Cinderace, F|42/100 tox
|-damage|p1a: Ronaldo|17/100 tox|[from] Stealth Rock
|move|p2a: Clefable|Moonblast|p1a: Ronaldo
|-resisted|p1a: Ronaldo
|-damage|p1a: Ronaldo|0 fnt
|faint|p1a: Ronaldo
|
|upkeep
|
|t:|1759050289
|switch|p1a: Vape God|Raging Bolt|100/100
|-damage|p1a: Vape God|88/100|[from] Stealth Rock
|turn|22
|
|t:|1759050292
|move|p1a: Vape God|Volt Switch|p2a: Clefable
|-damage|p2a: Clefable|44/100
|
|t:|1759050299
|-end|p1a: Vape God|Protosynthesis|[silent]
|switch|p1a: Gladys|Corviknight, M|32/100|[from] Volt Switch
|-damage|p1a: Gladys|20/100|[from] Stealth Rock
|-ability|p1a: Gladys|Pressure
|move|p2a: Clefable|Moonblast|p1a: Gladys
|-resisted|p1a: Gladys
|-damage|p1a: Gladys|4/100
|
|-heal|p2a: Clefable|50/100|[from] item: Leftovers
|upkeep
|turn|23
|j| shuinifengB
|
|t:|1759050303
|move|p1a: Gladys|Roost|p1a: Gladys
|-heal|p1a: Gladys|54/100
|-singleturn|p1a: Gladys|move: Roost
|move|p2a: Clefable|Moonblast|p1a: Gladys
|-resisted|p1a: Gladys
|-damage|p1a: Gladys|38/100
|
|-heal|p2a: Clefable|56/100|[from] item: Leftovers
|upkeep
|turn|24
|
|t:|1759050307
|move|p1a: Gladys|Roost|p1a: Gladys
|-heal|p1a: Gladys|88/100
|-singleturn|p1a: Gladys|move: Roost
|move|p2a: Clefable|Calm Mind|p2a: Clefable
|-boost|p2a: Clefable|spa|1
|-boost|p2a: Clefable|spd|1
|
|-heal|p2a: Clefable|62/100|[from] item: Leftovers
|upkeep
|turn|25
|
|t:|1759050310
|move|p1a: Gladys|Defog|p2a: Clefable
|-unboost|p2a: Clefable|evasion|1
|-sideend|p2: ADM02|Stealth Rock|[from] move: Defog|[of] p1a: Gladys
|-sideend|p1: wallik|Stealth Rock|[from] move: Defog|[of] p1a: Gladys
|move|p2a: Clefable|Moonblast|p1a: Gladys
|-resisted|p1a: Gladys
|-damage|p1a: Gladys|64/100
|-unboost|p1a: Gladys|spa|1
|
|-heal|p2a: Clefable|68/100|[from] item: Leftovers
|upkeep
|turn|26
|
|t:|1759050316
|move|p1a: Gladys|U-turn|p2a: Clefable
|-resisted|p2a: Clefable
|-damage|p2a: Clefable|63/100
|
|t:|1759050318
|switch|p1a: BrainRot|Slowking-Galar, F, tera:Water|34/100|[from] U-turn
|move|p2a: Clefable|Moonblast|p1a: BrainRot
|-damage|p1a: BrainRot|9/100
|
|-heal|p2a: Clefable|69/100|[from] item: Leftovers
|upkeep
|turn|27
|
|t:|1759050325
|switch|p1a: Gladys|Corviknight, M|64/100
|-ability|p1a: Gladys|Pressure
|move|p2a: Clefable|Calm Mind|p2a: Clefable
|-boost|p2a: Clefable|spa|1
|-boost|p2a: Clefable|spd|1
|
|-heal|p2a: Clefable|76/100|[from] item: Leftovers
|upkeep
|turn|28
|
|t:|1759050332
|move|p1a: Gladys|Roost|p1a: Gladys
|-heal|p1a: Gladys|100/100
|-singleturn|p1a: Gladys|move: Roost
|move|p2a: Clefable|Moonblast|p1a: Gladys
|-resisted|p1a: Gladys
|-damage|p1a: Gladys|71/100
|
|-heal|p2a: Clefable|82/100|[from] item: Leftovers
|upkeep
|turn|29
|
|t:|1759050338
|move|p1a: Gladys|U-turn|p2a: Clefable
|-resisted|p2a: Clefable
|-damage|p2a: Clefable|77/100
|
|t:|1759050340
|switch|p1a: Whimsicott|Whimsicott, F|100/100|[from] U-turn
|move|p2a: Clefable|Moonblast|p1a: Whimsicott
|-damage|p1a: Whimsicott|30/100
|
|-heal|p1a: Whimsicott|36/100|[from] item: Leftovers
|-heal|p2a: Clefable|83/100|[from] item: Leftovers
|upkeep
|turn|30
|
|t:|1759050348
|switch|p1a: Gladys|Corviknight, M|71/100
|-ability|p1a: Gladys|Pressure
|move|p2a: Clefable|Moonblast|p1a: Gladys
|-resisted|p1a: Gladys
|-damage|p1a: Gladys|38/100
|-unboost|p1a: Gladys|spa|1
|
|-heal|p2a: Clefable|89/100|[from] item: Leftovers
|upkeep
|turn|31
|
|t:|1759050354
|move|p1a: Gladys|U-turn|p2a: Clefable
|-resisted|p2a: Clefable
|-damage|p2a: Clefable|83/100
|
|t:|1759050355
|switch|p1a: Whimsicott|Whimsicott, F|36/100|[from] U-turn
|move|p2a: Clefable|Calm Mind|p2a: Clefable
|-boost|p2a: Clefable|spa|1
|-boost|p2a: Clefable|spd|1
|
|-heal|p1a: Whimsicott|42/100|[from] item: Leftovers
|-heal|p2a: Clefable|89/100|[from] item: Leftovers
|upkeep
|turn|32
|
|t:|1759050364
|switch|p2a: Dragonite|Dragonite, F|100/100
|move|p1a: Whimsicott|Moonblast|p2a: Dragonite
|-supereffective|p2a: Dragonite
|-damage|p2a: Dragonite|71/100
|-unboost|p2a: Dragonite|spa|1
|
|-heal|p1a: Whimsicott|48/100|[from] item: Leftovers
|upkeep
|turn|33
|
|t:|1759050381
|move|p2a: Dragonite|Extreme Speed|p1a: Whimsicott
|-damage|p1a: Whimsicott|17/100
|move|p1a: Whimsicott|U-turn|p2a: Dragonite
|-resisted|p2a: Dragonite
|-damage|p2a: Dragonite|66/100
|
|t:|1759050385
|switch|p1a: Vape God|Raging Bolt|88/100|[from] U-turn
|
|upkeep
|turn|34
|
|t:|1759050393
|move|p2a: Dragonite|Earthquake|p1a: Vape God
|-supereffective|p1a: Vape God
|-damage|p1a: Vape God|10/100
|move|p1a: Vape God|Volt Switch|p2a: Dragonite
|-damage|p2a: Dragonite|0 fnt
|faint|p2a: Dragonite
|
|t:|1759050399
|-end|p1a: Vape God|Protosynthesis|[silent]
|switch|p1a: BrainRot|Slowking-Galar, F, tera:Water|42/100|[from] Volt Switch
|
|upkeep
|
|t:|1759050405
|switch|p2a: Clefable|Clefable, F|89/100
|turn|35
|
|t:|1759050415
|switch|p1a: Whimsicott|Whimsicott, F|17/100
|-terastallize|p2a: Clefable|Steel
|move|p2a: Clefable|Calm Mind|p2a: Clefable
|-boost|p2a: Clefable|spa|1
|-boost|p2a: Clefable|spd|1
|
|-heal|p1a: Whimsicott|23/100|[from] item: Leftovers
|-heal|p2a: Clefable|95/100|[from] item: Leftovers
|upkeep
|turn|36
|
|t:|1759050425
|move|p1a: Whimsicott|Encore|p2a: Clefable
|-start|p2a: Clefable|Encore
|move|p2a: Clefable|Calm Mind|p2a: Clefable
|-boost|p2a: Clefable|spa|1
|-boost|p2a: Clefable|spd|1
|
|-heal|p1a: Whimsicott|30/100|[from] item: Leftovers
|-heal|p2a: Clefable|100/100|[from] item: Leftovers
|upkeep
|turn|37
|inactive|wallik has 120 seconds left.
|
|t:|1759050457
|move|p1a: Whimsicott|Moonblast|p2a: Clefable
|-resisted|p2a: Clefable
|-damage|p2a: Clefable|95/100
|move|p2a: Clefable|Calm Mind|p2a: Clefable
|-boost|p2a: Clefable|spa|1
|-boost|p2a: Clefable|spd|1
|
|-heal|p1a: Whimsicott|36/100|[from] item: Leftovers
|-heal|p2a: Clefable|100/100|[from] item: Leftovers
|upkeep
|turn|38
|
|t:|1759050460
|move|p1a: Whimsicott|Moonblast|p2a: Clefable
|-resisted|p2a: Clefable
|-crit|p2a: Clefable
|-damage|p2a: Clefable|80/100
|move|p2a: Clefable|Calm Mind|p2a: Clefable
|-boost|p2a: Clefable|spa|1
|-boost|p2a: Clefable|spd|1
|
|-heal|p1a: Whimsicott|42/100|[from] item: Leftovers
|-heal|p2a: Clefable|87/100|[from] item: Leftovers
|-end|p2a: Clefable|Encore
|upkeep
|turn|39
|
|t:|1759050466
|move|p1a: Whimsicott|Encore|p2a: Clefable
|-start|p2a: Clefable|Encore
|move|p2a: Clefable|Calm Mind|p2a: Clefable
|-boost|p2a: Clefable|spa|1
|-boost|p2a: Clefable|spd|1
|
|-heal|p1a: Whimsicott|48/100|[from] item: Leftovers
|-heal|p2a: Clefable|93/100|[from] item: Leftovers
|upkeep
|turn|40
|
|t:|1759050483
|move|p1a: Whimsicott|Moonblast|p2a: Clefable
|-resisted|p2a: Clefable
|-damage|p2a: Clefable|89/100
|-unboost|p2a: Clefable|spa|1
|move|p2a: Clefable|Calm Mind|p2a: Clefable
|-boost|p2a: Clefable|spa|1
|-boost|p2a: Clefable|spd|1
|
|-heal|p1a: Whimsicott|54/100|[from] item: Leftovers
|-heal|p2a: Clefable|95/100|[from] item: Leftovers
|upkeep
|turn|41
|
|t:|1759050485
|move|p1a: Whimsicott|Moonblast|p2a: Clefable
|-resisted|p2a: Clefable
|-damage|p2a: Clefable|92/100
|move|p2a: Clefable|Calm Mind|p2a: Clefable
|-boost|p2a: Clefable|spa|1
|-boost|p2a: Clefable|spd|0
|
|-heal|p1a: Whimsicott|60/100|[from] item: Leftovers
|-heal|p2a: Clefable|98/100|[from] item: Leftovers
|-end|p2a: Clefable|Encore
|upkeep
|turn|42
|
|t:|1759050489
|move|p1a: Whimsicott|Encore|p2a: Clefable
|-start|p2a: Clefable|Encore
|move|p2a: Clefable|Calm Mind|p2a: Clefable
|-boost|p2a: Clefable|spa|0
|-boost|p2a: Clefable|spd|0
|
|-heal|p1a: Whimsicott|67/100|[from] item: Leftovers
|-heal|p2a: Clefable|100/100|[from] item: Leftovers
|upkeep
|turn|43
|
|t:|1759050502
|move|p1a: Whimsicott|U-turn|p2a: Clefable
|-resisted|p2a: Clefable
|-damage|p2a: Clefable|96/100
|
|t:|1759050503
|switch|p1a: Gladys|Corviknight, M|38/100|[from] U-turn
|-ability|p1a: Gladys|Pressure
|move|p2a: Clefable|Calm Mind|p2a: Clefable
|-boost|p2a: Clefable|spa|0
|-boost|p2a: Clefable|spd|0
|
|-heal|p2a: Clefable|100/100|[from] item: Leftovers
|upkeep
|turn|44
|
|t:|1759050505
|move|p1a: Gladys|Roost|p1a: Gladys
|-heal|p1a: Gladys|88/100
|-singleturn|p1a: Gladys|move: Roost
|move|p2a: Clefable|Calm Mind|p2a: Clefable
|-boost|p2a: Clefable|spa|0
|-boost|p2a: Clefable|spd|0
|
|-end|p2a: Clefable|Encore
|upkeep
|turn|45
|
|t:|1759050512
|move|p1a: Gladys|Roost|p1a: Gladys
|-heal|p1a: Gladys|100/100
|-singleturn|p1a: Gladys|move: Roost
|move|p2a: Clefable|Moonblast|p1a: Gladys
|-resisted|p1a: Gladys
|-damage|p1a: Gladys|42/100
|-unboost|p1a: Gladys|spa|1
|
|upkeep
|turn|46
|
|t:|1759050527
|move|p1a: Gladys|Roost|p1a: Gladys
|-heal|p1a: Gladys|92/100
|-singleturn|p1a: Gladys|move: Roost
|move|p2a: Clefable|Calm Mind|p2a: Clefable
|-boost|p2a: Clefable|spa|0
|-boost|p2a: Clefable|spd|0
|
|upkeep
|turn|47
|
|t:|1759050533
|switch|p1a: Whimsicott|Whimsicott, F|67/100
|move|p2a: Clefable|Moonblast|p1a: Whimsicott
|-damage|p1a: Whimsicott|0 fnt
|faint|p1a: Whimsicott
|
|upkeep
|
|t:|1759050537
|switch|p1a: Vape God|Raging Bolt|10/100
|turn|48
|
|t:|1759050543
|move|p1a: Vape God|Volt Switch|p2a: Clefable
|-damage|p2a: Clefable|86/100
|
|t:|1759050545
|-end|p1a: Vape God|Protosynthesis|[silent]
|switch|p1a: Gladys|Corviknight, M|92/100|[from] Volt Switch
|-ability|p1a: Gladys|Pressure
|move|p2a: Clefable|Moonblast|p1a: Gladys
|-resisted|p1a: Gladys
|-damage|p1a: Gladys|33/100
|
|-heal|p2a: Clefable|92/100|[from] item: Leftovers
|upkeep
|turn|49
|
|t:|1759050554
|move|p1a: Gladys|Roost|p1a: Gladys
|-heal|p1a: Gladys|84/100
|-singleturn|p1a: Gladys|move: Roost
|move|p2a: Clefable|Calm Mind|p2a: Clefable
|-boost|p2a: Clefable|spa|0
|-boost|p2a: Clefable|spd|0
|
|-heal|p2a: Clefable|98/100|[from] item: Leftovers
|upkeep
|turn|50
|
|t:|1759050558
|move|p1a: Gladys|Defog|p2a: Clefable
|-unboost|p2a: Clefable|evasion|1
|move|p2a: Clefable|Moonblast|p1a: Gladys
|-resisted|p1a: Gladys
|-damage|p1a: Gladys|17/100
|
|-heal|p2a: Clefable|100/100|[from] item: Leftovers
|upkeep
|turn|51
|
|t:|1759050578
|switch|p2a: Salamence|Salamence, F|95/100
|-ability|p2a: Salamence|Intimidate|boost
|-unboost|p1a: Gladys|atk|1
|move|p1a: Gladys|Roost|p1a: Gladys
|-heal|p1a: Gladys|67/100
|-singleturn|p1a: Gladys|move: Roost
|
|upkeep
|turn|52
|
|t:|1759050585
|switch|p1a: BrainRot|Slowking-Galar, F, tera:Water|75/100
|move|p2a: Salamence|Flamethrower|p1a: BrainRot
|-resisted|p1a: BrainRot
|-damage|p1a: BrainRot|70/100
|
|upkeep
|turn|53
|
|t:|1759050590
|switch|p2a: Clefable|Clefable, F, tera:Steel|100/100
|move|p1a: BrainRot|Fire Blast|p2a: Clefable
|-supereffective|p2a: Clefable
|-damage|p2a: Clefable|27/100
|
|-heal|p2a: Clefable|33/100|[from] item: Leftovers
|upkeep
|turn|54
|
|t:|1759050596
|move|p2a: Clefable|Protect|p2a: Clefable
|-singleturn|p2a: Clefable|Protect
|move|p1a: BrainRot|Fire Blast|p2a: Clefable
|-activate|p2a: Clefable|move: Protect
|
|-heal|p2a: Clefable|39/100|[from] item: Leftovers
|upkeep
|turn|55
|
|t:|1759050599
|switch|p2a: Salamence|Salamence, F|95/100
|-ability|p2a: Salamence|Intimidate|boost
|-unboost|p1a: BrainRot|atk|1
|move|p1a: BrainRot|Fire Blast|p2a: Salamence
|-resisted|p2a: Salamence
|-damage|p2a: Salamence|77/100
|
|upkeep
|turn|56
|
|t:|1759050603
|move|p2a: Salamence|Air Slash|p1a: BrainRot
|-damage|p1a: BrainRot|54/100
|move|p1a: BrainRot|Ice Beam|p2a: Salamence
|-supereffective|p2a: Salamence
|-damage|p2a: Salamence|0 fnt
|faint|p2a: Salamence
|
|upkeep
|
|t:|1759050608
|switch|p2a: Clefable|Clefable, F, tera:Steel|39/100
|turn|57
|
|t:|1759050611
|move|p2a: Clefable|Protect|p2a: Clefable
|-singleturn|p2a: Clefable|Protect
|move|p1a: BrainRot|Future Sight|p2a: Clefable
|-start|p1a: BrainRot|move: Future Sight
|
|-heal|p2a: Clefable|46/100|[from] item: Leftovers
|upkeep
|turn|58
|
|t:|1759050613
|move|p2a: Clefable|Wish|p2a: Clefable
|move|p1a: BrainRot|Fire Blast|p2a: Clefable|[miss]
|-miss|p1a: BrainRot|p2a: Clefable
|
|-heal|p2a: Clefable|52/100|[from] item: Leftovers
|upkeep
|turn|59
|
|t:|1759050617
|switch|p1a: Vape God|Raging Bolt|10/100
|move|p2a: Clefable|Protect||[still]
|-fail|p2a: Clefable
|
|-end|p2a: Clefable|move: Future Sight
|-resisted|p2a: Clefable
|-damage|p2a: Clefable|24/100
|-heal|p2a: Clefable|74/100|[from] move: Wish|[wisher] Clefable
|-heal|p2a: Clefable|80/100|[from] item: Leftovers
|upkeep
|turn|60
|
|t:|1759050622
|move|p2a: Clefable|Protect|p2a: Clefable
|-singleturn|p2a: Clefable|Protect
|move|p1a: Vape God|Thunderbolt|p2a: Clefable
|-activate|p2a: Clefable|move: Protect
|
|-heal|p2a: Clefable|86/100|[from] item: Leftovers
|upkeep
|turn|61
|
|t:|1759050628
|move|p1a: Vape God|Thunderbolt|p2a: Clefable
|-damage|p2a: Clefable|8/100
|move|p2a: Clefable|Wish|p2a: Clefable
|
|-heal|p2a: Clefable|14/100|[from] item: Leftovers
|upkeep
|turn|62
|-message|ADM02 forfeited.
|
|win|wallik
|raw|wallik's rating: 1610 &rarr; <strong>1643</strong><br />(+33 for winning)
|raw|ADM02's rating: 1867 &rarr; <strong>1834</strong><br />(-33 for losing)
|l| shuinifengB
|l|☆wallik
|player|p1|
