|j|☆Tidk
|j|☆dftjgyhm
|t:|1759060884
|gametype|singles
|player|p1|Tidk|silver|1165
|player|p2|dftjgyhm|youngster-gen4dp|1167
|gen|9
|tier|[Gen 9] OU
|rated|
|rule|HP Percentage Mod: HP is shown in percentages
|rule|Endless Battle Clause: Forcing endless battles is banned
|rule|Species Clause: Limit one of each Pokémon
|rule|OHKO Clause: OHKO moves are banned
|rule|Evasion Items Clause: Evasion items are banned
|rule|Evasion Moves Clause: Evasion moves are banned
|rule|Evasion Abilities Clause: Evasion abilities are banned
|rule|Sleep Moves Clause: Sleep-inducing moves are banned
|clearpoke
|poke|p1|Great Tusk|
|poke|p1|Venusaur, M|
|poke|p1|Scyther, M|
|poke|p1|Ninetales, F|
|poke|p1|Clefable, F|
|poke|p1|Arcanine-Hisui, M|
|poke|p2|Pecharunt|
|poke|p2|Great Tusk|
|poke|p2|Ogerpon-Wellspring, F|
|poke|p2|Iron Crown|
|poke|p2|Landorus-Therian, M|
|poke|p2|Samurott-Hisui, F|
|teampreview
|inactive|Battle timer is ON: inactive players will automatically lose when time's up. (requested by Tidk)
|
|t:|1759060894
|teamsize|p1|6
|teamsize|p2|6
|start
|switch|p1a: Venusaur|Venusaur, M|100/100
|switch|p2a: Landorus|Landorus-Therian, M|100/100
|-ability|p2a: Landorus|Intimidate|boost
|-unboost|p1a: Venusaur|atk|1
|turn|1
|
|t:|1759060902
|move|p2a: Landorus|U-turn|p1a: Venusaur
|-damage|p1a: Venusaur|77/100
|
|t:|1759060907
|switch|p2a: Iron Crown|Iron Crown|100/100|[from] U-turn
|move|p1a: Venusaur|Sunny Day|p1a: Venusaur
|-weather|SunnyDay
|
|-weather|SunnyDay|[upkeep]
|upkeep
|turn|2
|
|t:|1759060916
|switch|p1a: Arcanine|Arcanine-Hisui, M|100/100
|move|p2a: Iron Crown|Psyshock|p1a: Arcanine
|-damage|p1a: Arcanine|32/100
|
|-weather|SunnyDay|[upkeep]
|upkeep
|turn|3
|
|t:|1759060928
|-end|p2a: Iron Crown|Quark Drive|[silent]
|switch|p2a: Pecharunt|Pecharunt|100/100
|move|p1a: Arcanine|Flare Blitz|p2a: Pecharunt
|-damage|p2a: Pecharunt|40/100
|-damage|p1a: Arcanine|16/100|[from] item: Rocky Helmet|[of] p2a: Pecharunt
|-damage|p1a: Arcanine|6/100|[from] item: Life Orb
|
|-weather|SunnyDay|[upkeep]
|upkeep
|turn|4
|inactive|dftjgyhm has 120 seconds left.
|
|t:|1759060969
|switch|p2a: Landorus|Landorus-Therian, M|100/100
|-ability|p2a: Landorus|Intimidate|boost
|-unboost|p1a: Arcanine|atk|1
|move|p1a: Arcanine|Flare Blitz|p2a: Landorus
|-damage|p2a: Landorus|0 fnt
|faint|p2a: Landorus
|-damage|p1a: Arcanine|0 fnt|[from] item: Life Orb
|faint|p1a: Arcanine
|
|-weather|SunnyDay|[upkeep]
|upkeep
|
|t:|1759060989
|switch|p2a: Pecharunt|Pecharunt|40/100
|switch|p1a: Great Tusk|Great Tusk|100/100
|-activate|p1a: Great Tusk|ability: Protosynthesis
|-start|p1a: Great Tusk|protosynthesisatk
|turn|5
|
|t:|1759061004
|-terastallize|p2a: Pecharunt|Dark
|move|p2a: Pecharunt|Recover|p2a: Pecharunt
|-heal|p2a: Pecharunt|90/100
|move|p1a: Great Tusk|Earthquake|p2a: Pecharunt
|-damage|p2a: Pecharunt|54/100
|
|-weather|SunnyDay|[upkeep]
|upkeep
|turn|6
|
|t:|1759061014
|move|p2a: Pecharunt|Recover|p2a: Pecharunt
|-heal|p2a: Pecharunt|100/100
|move|p1a: Great Tusk|Bulk Up|p1a: Great Tusk
|-boost|p1a: Great Tusk|atk|1
|-boost|p1a: Great Tusk|def|1
|
|-weather|SunnyDay|[upkeep]
|upkeep
|turn|7
|
|t:|1759061022
|move|p2a: Pecharunt|Parting Shot|p1a: Great Tusk
|-unboost|p1a: Great Tusk|atk|1
|-unboost|p1a: Great Tusk|spa|1
|
|t:|1759061024
|switch|p2a: Samurott|Samurott-Hisui, F|100/100|[from] Parting Shot
|move|p1a: Great Tusk|Earthquake|p2a: Samurott
|-damage|p2a: Samurott|0 fnt
|faint|p2a: Samurott
|
|-weather|SunnyDay|[upkeep]
|upkeep
|
|t:|1759061030
|switch|p2a: Great Tusk|Great Tusk|100/100
|-activate|p2a: Great Tusk|ability: Protosynthesis
|-start|p2a: Great Tusk|protosynthesisspe
|turn|8
|
|t:|1759061038
|move|p2a: Great Tusk|Rapid Spin|p1a: Great Tusk
|-damage|p1a: Great Tusk|94/100
|-boost|p2a: Great Tusk|spe|1
|move|p1a: Great Tusk|Bulk Up|p1a: Great Tusk
|-boost|p1a: Great Tusk|atk|1
|-boost|p1a: Great Tusk|def|1
|
|-weather|none
|-end|p2a: Great Tusk|Protosynthesis
|-end|p1a: Great Tusk|Protosynthesis
|upkeep
|-enditem|p2a: Great Tusk|Booster Energy
|-activate|p2a: Great Tusk|ability: Protosynthesis|[fromitem]
|-start|p2a: Great Tusk|protosynthesisspe
|turn|9
|
|t:|1759061052
|move|p2a: Great Tusk|Knock Off|p1a: Great Tusk
|-resisted|p1a: Great Tusk
|-damage|p1a: Great Tusk|90/100
|-enditem|p1a: Great Tusk|Lum Berry|[from] move: Knock Off|[of] p2a: Great Tusk
|move|p1a: Great Tusk|Ice Spinner|p2a: Great Tusk
|-supereffective|p2a: Great Tusk
|-damage|p2a: Great Tusk|44/100
|
|upkeep
|turn|10
|
|t:|1759061063
|move|p2a: Great Tusk|Stealth Rock|p1a: Great Tusk
|-sidestart|p1: Tidk|move: Stealth Rock
|move|p1a: Great Tusk|Earthquake|p2a: Great Tusk
|-damage|p2a: Great Tusk|0 fnt
|faint|p2a: Great Tusk
|-end|p2a: Great Tusk|Protosynthesis|[silent]
|
|upkeep
|
|t:|1759061065
|switch|p2a: Ogerpon|Ogerpon-Wellspring, F|100/100
|turn|11
|
|t:|1759061072
|move|p2a: Ogerpon|Swords Dance|p2a: Ogerpon
|-boost|p2a: Ogerpon|atk|2
|move|p1a: Great Tusk|Rapid Spin|p2a: Ogerpon
|-damage|p2a: Ogerpon|74/100
|-boost|p1a: Great Tusk|spe|1
|-sideend|p1: Tidk|Stealth Rock|[from] move: Rapid Spin|[of] p1a: Great Tusk
|
|upkeep
|turn|12
|
|t:|1759061083
|move|p1a: Great Tusk|Ice Spinner|p2a: Ogerpon
|-damage|p2a: Ogerpon|32/100
|move|p2a: Ogerpon|Trailblaze|p1a: Great Tusk
|-supereffective|p1a: Great Tusk
|-damage|p1a: Great Tusk|55/100
|-boost|p2a: Ogerpon|spe|1
|
|upkeep
|turn|13
|
|t:|1759061092
|move|p2a: Ogerpon|Synthesis|p2a: Ogerpon
|-heal|p2a: Ogerpon|82/100
|move|p1a: Great Tusk|Ice Spinner|p2a: Ogerpon
|-damage|p2a: Ogerpon|40/100
|
|upkeep
|turn|14
|
|t:|1759061108
|-end|p1a: Great Tusk|Protosynthesis|[silent]
|switch|p1a: Clefable|Clefable, F|100/100
|move|p2a: Ogerpon|Ivy Cudgel|p1a: Clefable|[anim] Ivy Cudgel Water
|-damage|p1a: Clefable|61/100
|
|-heal|p1a: Clefable|67/100|[from] item: Leftovers
|upkeep
|turn|15
|
|t:|1759061121
|switch|p2a: Pecharunt|Pecharunt, tera:Dark|100/100
|move|p1a: Clefable|Cosmic Power|p1a: Clefable
|-boost|p1a: Clefable|def|1
|-boost|p1a: Clefable|spd|1
|
|-heal|p1a: Clefable|73/100|[from] item: Leftovers
|upkeep
|turn|16
|
|t:|1759061130
|switch|p1a: Venusaur|Venusaur, M|77/100
|move|p2a: Pecharunt|Malignant Chain|p1a: Venusaur
|-damage|p1a: Venusaur|47/100
|
|upkeep
|turn|17
|
|t:|1759061138
|move|p2a: Pecharunt|Parting Shot|p1a: Venusaur
|-unboost|p1a: Venusaur|atk|1
|-unboost|p1a: Venusaur|spa|1
|
|t:|1759061141
|switch|p2a: Iron Crown|Iron Crown|100/100|[from] Parting Shot
|move|p1a: Venusaur|Sunny Day|p1a: Venusaur
|-weather|SunnyDay
|
|-weather|SunnyDay|[upkeep]
|upkeep
|turn|18
|
|t:|1759061169
|switch|p1a: Scyther|Scyther, M, shiny|100/100
|move|p2a: Iron Crown|Tachyon Cutter|p1a: Scyther
|-damage|p1a: Scyther|65/100
|-damage|p1a: Scyther|30/100
|-hitcount|p1a: Scyther|2
|
|-weather|SunnyDay|[upkeep]
|upkeep
|turn|19
|
|t:|1759061178
|move|p1a: Scyther|Close Combat|p2a: Iron Crown
|-damage|p2a: Iron Crown|59/100
|-unboost|p1a: Scyther|def|1
|-unboost|p1a: Scyther|spd|1
|move|p2a: Iron Crown|Tachyon Cutter|p1a: Scyther
|-damage|p1a: Scyther|0 fnt
|faint|p1a: Scyther
|-hitcount|p1: Scyther|1
|
|-weather|SunnyDay|[upkeep]
|upkeep
|
|t:|1759061191
|switch|p1a: Ninetales|Ninetales, F|100/100
|turn|20
|
|t:|1759061195
|-end|p2a: Iron Crown|Quark Drive|[silent]
|switch|p2a: Pecharunt|Pecharunt, tera:Dark|100/100
|move|p1a: Ninetales|Nasty Plot|p1a: Ninetales
|-boost|p1a: Ninetales|spa|2
|
|-weather|SunnyDay|[upkeep]
|upkeep
|turn|21
|
|t:|1759061206
|move|p1a: Ninetales|Flamethrower|p2a: Pecharunt
|-damage|p2a: Pecharunt|0 fnt
|faint|p2a: Pecharunt
|-damage|p1a: Ninetales|91/100|[from] item: Life Orb
|
|-weather|SunnyDay|[upkeep]
|upkeep
|
|t:|1759061209
|switch|p2a: Ogerpon|Ogerpon-Wellspring, F|40/100
|turn|22
|
|t:|1759061215
|move|p1a: Ninetales|Flamethrower|p2a: Ogerpon
|-damage|p2a: Ogerpon|0 fnt
|faint|p2a: Ogerpon
|-damage|p1a: Ninetales|81/100|[from] item: Life Orb
|
|-weather|SunnyDay|[upkeep]
|upkeep
|
|t:|1759061221
|switch|p2a: Iron Crown|Iron Crown|59/100
|turn|23
|-message|dftjgyhm forfeited.
|
|win|Tidk
|raw|Tidk's rating: 1165 &rarr; <strong>1192</strong><br />(+27 for winning)
|raw|dftjgyhm's rating: 1194 &rarr; <strong>1167</strong><br />(-27 for losing)
|l|☆dftjgyhm
|player|p2|
|l|☆Tidk
|player|p1|
