|badge|p1|silver|gen9ou|30-6
|html|<div class="broadcast-red"><strong>This battle is required to be public due to one or more player having a season medal.</strong><br />During the public phase, you can discuss the state of the ladder <a href="/seasondiscussion">in a special chatroom.</a></div>
|uhtml|medal-msg|<div class="broadcast-blue">Curious what those medals under the avatar are? PS now has Ladder Seasons! For more information, check out the <a href="https://www.smogon.com/forums/threads/3740067/">thread on Smogon.</a></div>
|badge|p2|bronze|gen9ou|100-6
|uhtml|medal-msg|<div class="broadcast-blue">Curious what those medals under the avatar are? PS now has Ladder Seasons! For more information, check out the <a href="https://www.smogon.com/forums/threads/3740067/">thread on Smogon.</a></div>
|raw|<div class="broadcast-blue"><strong>This battle is required to be public due to a player having a name starting with 'medal'.</div>
|j|☆LT124YH Ghoul
|j|☆D Gym Teacher
|t:|1758973546
|gametype|singles
|player|p1|LT124YH Ghoul|#wcop2024asia|2002
|player|p2|D Gym Teacher|veteran|1855
|gen|9
|tier|[Gen 9] OU
|rated|
|rule|HP Percentage Mod: HP is shown in percentages
|rule|Endless Battle Clause: Forcing endless battles is banned
|rule|Species Clause: Limit one of each Pokémon
|rule|OHKO Clause: OHKO moves are banned
|rule|Evasion Items Clause: Evasion items are banned
|rule|Evasion Moves Clause: Evasion moves are banned
|rule|Evasion Abilities Clause: Evasion abilities are banned
|rule|Sleep Moves Clause: Sleep-inducing moves are banned
|clearpoke
|poke|p1|Enamorus, F|
|poke|p1|Araquanid, F|
|poke|p1|Gholdengo|
|poke|p1|Iron Valiant|
|poke|p1|Kingambit, M|
|poke|p1|Great Tusk|
|poke|p2|Great Tusk|
|poke|p2|Slowking-Galar, M|
|poke|p2|Corviknight, F|
|poke|p2|Clefable, F|
|poke|p2|Samurott-Hisui, M|
|poke|p2|Dragapult, F|
|teampreview
|inactive|Battle timer is ON: inactive players will automatically lose when time's up. (requested by LT124YH Ghoul)
|j| cynasaurus
|j| pokemon_loover
|j| larp legion
|j| locked in bro
|c| larp legion|d gym teacher vs the goat
|inactive|LT124YH Ghoul has 120 seconds left.
|inactive|D Gym Teacher has 120 seconds left.
|c| larp legion|who will win
|c|☆LT124YH Ghoul|gym teacher also a goat
|c|☆D Gym Teacher|My man
|c|☆D Gym Teacher|hf bud
|c| pokemon_loover|found a new hobby, checking high elo battles
|inactive|LT124YH Ghoul has 90 seconds left.
|j| ybah
|c|☆LT124YH Ghoul|hf
|l| ybah
|inactive|LT124YH Ghoul has 60 seconds left.
|
|t:|1758973662
|teamsize|p1|6
|teamsize|p2|6
|start
|switch|p1a: Doc Seismic|Araquanid, F, shiny|100/100
|switch|p2a: Bull's-eye|Dragapult, F|100/100
|turn|1
|
|t:|1758973668
|move|p2a: Bull's-eye|U-turn|p1a: Doc Seismic
|-damage|p1a: Doc Seismic|81/100
|
|t:|1758973672
|switch|p2a: Voyageur|Corviknight, F|100/100|[from] U-turn
|-ability|p2a: Voyageur|Pressure
|move|p1a: Doc Seismic|Sticky Web|p2a: Voyageur
|-sidestart|p2: D Gym Teacher|move: Sticky Web
|
|upkeep
|turn|2
|j| amefurikoneko
|
|t:|1758973680
|switch|p1a: Robot|Gholdengo|100/100
|move|p2a: Voyageur|Brave Bird|p1a: Robot
|-resisted|p1a: Robot
|-damage|p1a: Robot|85/100
|-damage|p2a: Voyageur|95/100|[from] Recoil
|
|upkeep
|turn|3
|inactive|LT124YH Ghoul has 120 seconds left.
|
|t:|1758973712
|switch|p2a: Jack|Samurott-Hisui, M|100/100
|move|p1a: Robot|Make It Rain|p2a: Jack
|-resisted|p2a: Jack
|-crit|p2a: Jack
|-damage|p2a: Jack|42/100
|-unboost|p1a: Robot|spa|1
|
|upkeep
|turn|4
|inactive|LT124YH Ghoul has 90 seconds left.
|c| larp legion|gleam range right there
|
|t:|1758973749
|switch|p1a: Conquest|Enamorus, F|100/100
|move|p2a: Jack|Ceaseless Edge|p1a: Conquest
|-resisted|p1a: Conquest
|-damage|p1a: Conquest|65/100
|-sidestart|p1: LT124YH Ghoul|Spikes
|
|-heal|p1a: Conquest|71/100|[from] item: Leftovers
|upkeep
|turn|5
|
|t:|1758973773
|switch|p2a: Voyageur|Corviknight, F|95/100
|-ability|p2a: Voyageur|Pressure
|move|p1a: Conquest|Superpower|p2a: Voyageur
|-crit|p2a: Voyageur
|-damage|p2a: Voyageur|58/100
|-boost|p1a: Conquest|atk|1
|-boost|p1a: Conquest|def|1
|-damage|p1a: Conquest|54/100|[from] item: Rocky Helmet|[of] p2a: Voyageur
|
|-heal|p1a: Conquest|61/100|[from] item: Leftovers
|upkeep
|turn|6
|
|t:|1758973799
|move|p1a: Conquest|Substitute|p1a: Conquest
|-start|p1a: Conquest|Substitute
|-damage|p1a: Conquest|36/100
|move|p2a: Voyageur|Brave Bird|p1a: Conquest
|-end|p1a: Conquest|Substitute
|-damage|p2a: Voyageur|52/100|[from] Recoil|[of] p1a: Conquest
|
|-heal|p1a: Conquest|42/100|[from] item: Leftovers
|upkeep
|turn|7
|
|t:|1758973808
|move|p1a: Conquest|Superpower|p2a: Voyageur
|-damage|p2a: Voyageur|14/100
|-boost|p1a: Conquest|atk|1
|-boost|p1a: Conquest|def|1
|-damage|p1a: Conquest|25/100|[from] item: Rocky Helmet|[of] p2a: Voyageur
|move|p2a: Voyageur|Roost|p2a: Voyageur
|-heal|p2a: Voyageur|64/100
|-singleturn|p2a: Voyageur|move: Roost
|
|-heal|p1a: Conquest|32/100|[from] item: Leftovers
|upkeep
|turn|8
|
|t:|1758973818
|move|p1a: Conquest|Superpower|p2a: Voyageur
|-crit|p2a: Voyageur
|-damage|p2a: Voyageur|0 fnt
|-boost|p1a: Conquest|atk|1
|-boost|p1a: Conquest|def|1
|-damage|p1a: Conquest|15/100|[from] item: Rocky Helmet|[of] p2a: Voyageur
|faint|p2a: Voyageur
|
|-heal|p1a: Conquest|21/100|[from] item: Leftovers
|upkeep
|c|☆LT124YH Ghoul|mb
|c|☆D Gym Teacher|jesus
|
|t:|1758973827
|switch|p2a: Bull's-eye|Dragapult, F|100/100
|-activate|p2a: Bull's-eye|move: Sticky Web
|-fail|p2a: Bull's-eye|unboost|[from] ability: Clear Body|[of] p2a: Bull's-eye
|turn|9
|inactive|LT124YH Ghoul has 90 seconds left.
|inactive|LT124YH Ghoul has 60 seconds left.
|
|t:|1758973883
|move|p2a: Bull's-eye|Shadow Ball|p1a: Conquest
|-damage|p1a: Conquest|0 fnt
|faint|p1a: Conquest
|
|upkeep
|
|t:|1758973886
|switch|p1a: Invincible|Great Tusk|100/100
|-damage|p1a: Invincible|88/100|[from] Spikes
|-enditem|p1a: Invincible|Booster Energy
|-activate|p1a: Invincible|ability: Protosynthesis|[fromitem]
|-start|p1a: Invincible|protosynthesisspe
|turn|10
|
|t:|1758973894
|switch|p2a: P!nk|Clefable, F|100/100
|-activate|p2a: P!nk|move: Sticky Web
|-unboost|p2a: P!nk|spe|1
|move|p1a: Invincible|Knock Off|p2a: P!nk
|-resisted|p2a: P!nk
|-damage|p2a: P!nk|90/100
|-enditem|p2a: P!nk|Leftovers|[from] move: Knock Off|[of] p1a: Invincible
|
|upkeep
|turn|11
|l| locked in bro
|inactive|LT124YH Ghoul has 60 seconds left.
|
|t:|1758973902
|move|p1a: Invincible|Rapid Spin|p2a: P!nk
|-damage|p2a: P!nk|79/100
|-boost|p1a: Invincible|spe|1
|-sideend|p1: LT124YH Ghoul|Spikes|[from] move: Rapid Spin|[of] p1a: Invincible
|move|p2a: P!nk|Moonblast|p1a: Invincible
|-supereffective|p1a: Invincible
|-damage|p1a: Invincible|0 fnt
|faint|p1a: Invincible
|-end|p1a: Invincible|Protosynthesis|[silent]
|
|upkeep
|inactive|LT124YH Ghoul has 60 seconds left.
|inactive|LT124YH Ghoul has 30 seconds left.
|inactive|LT124YH Ghoul has 20 seconds left.
|inactive|LT124YH Ghoul has 15 seconds left.
|
|t:|1758973954
|switch|p1a: Doc Seismic|Araquanid, F, shiny|81/100
|turn|12
|inactive|LT124YH Ghoul has 25 seconds left this turn.
|
|t:|1758973978
|move|p1a: Doc Seismic|Liquidation|p2a: P!nk
|-damage|p2a: P!nk|29/100
|-unboost|p2a: P!nk|def|1
|move|p2a: P!nk|Moonlight|p2a: P!nk
|-heal|p2a: P!nk|79/100
|
|upkeep
|turn|13
|inactive|LT124YH Ghoul has 30 seconds left.
|c| larp legion|so good
|
|t:|1758973996
|move|p1a: Doc Seismic|Liquidation|p2a: P!nk
|-damage|p2a: P!nk|1/100
|move|p2a: P!nk|Moonblast|p1a: Doc Seismic
|-damage|p1a: Doc Seismic|52/100
|
|upkeep
|turn|14
|
|t:|1758974002
|move|p1a: Doc Seismic|Liquidation|p2a: P!nk
|-damage|p2a: P!nk|0 fnt
|faint|p2a: P!nk
|
|upkeep
|inactive|D Gym Teacher has 120 seconds left.
|
|t:|1758974030
|switch|p2a: Bull's-eye|Dragapult, F|100/100
|-activate|p2a: Bull's-eye|move: Sticky Web
|-fail|p2a: Bull's-eye|unboost|[from] ability: Clear Body|[of] p2a: Bull's-eye
|turn|15
|
|t:|1758974035
|move|p2a: Bull's-eye|Thunderbolt|p1a: Doc Seismic
|-supereffective|p1a: Doc Seismic
|-damage|p1a: Doc Seismic|0 fnt
|faint|p1a: Doc Seismic
|
|upkeep
|inactive|LT124YH Ghoul has 30 seconds left.
|inactive|LT124YH Ghoul has 20 seconds left.
|inactive|LT124YH Ghoul has 15 seconds left.
|inactive|LT124YH Ghoul has 10 seconds left.
|
|t:|1758974076
|switch|p1a: Omni-Man|Kingambit, M|100/100
|-activate|p1a: Omni-Man|ability: Supreme Overlord
|-start|p1a: Omni-Man|fallen3|[silent]
|-item|p1a: Omni-Man|Air Balloon
|turn|16
|inactive|LT124YH Ghoul has 20 seconds left this turn.
|inactive|LT124YH Ghoul has 15 seconds left.
|inactive|LT124YH Ghoul has 10 seconds left.
|
|t:|1758974093
|move|p2a: Bull's-eye|Thunderbolt|p1a: Omni-Man
|-damage|p1a: Omni-Man|55/100
|-enditem|p1a: Omni-Man|Air Balloon
|move|p1a: Omni-Man|Swords Dance|p1a: Omni-Man
|-boost|p1a: Omni-Man|atk|2
|
|upkeep
|turn|17
|inactive|LT124YH Ghoul has 20 seconds left this turn.
|inactive|LT124YH Ghoul has 15 seconds left.
|inactive|D Gym Teacher has 120 seconds left.
|
|t:|1758974110
|switch|p2a: Jack|Samurott-Hisui, M|42/100
|move|p1a: Omni-Man|Sucker Punch||[still]
|-fail|p1a: Omni-Man
|
|upkeep
|turn|18
|inactive|LT124YH Ghoul has 25 seconds left this turn.
|inactive|LT124YH Ghoul has 20 seconds left.
|
|t:|1758974118
|move|p2a: Jack|Aqua Jet|p1a: Omni-Man
|-damage|p1a: Omni-Man|40/100
|move|p1a: Omni-Man|Iron Head|p2a: Jack
|-resisted|p2a: Jack
|-damage|p2a: Jack|0 fnt
|faint|p2a: Jack
|
|upkeep
|inactive|D Gym Teacher has 120 seconds left.
|
|t:|1758974132
|switch|p2a: Loxodonta|Great Tusk|100/100
|-activate|p2a: Loxodonta|move: Sticky Web
|-unboost|p2a: Loxodonta|spe|1
|turn|19
|inactive|LT124YH Ghoul has 30 seconds left.
|c|☆D Gym Teacher|no flinch plz lol
|inactive|LT124YH Ghoul has 20 seconds left.
|inactive|LT124YH Ghoul has 15 seconds left.
|inactive|LT124YH Ghoul has 10 seconds left.
|
|t:|1758974158
|-terastallize|p1a: Omni-Man|Fighting
|move|p1a: Omni-Man|Low Kick|p2a: Loxodonta
|-damage|p2a: Loxodonta|0 fnt
|faint|p2a: Loxodonta
|-end|p2a: Loxodonta|Protosynthesis|[silent]
|
|upkeep
|
|t:|1758974167
|switch|p2a: Alchemist|Slowking-Galar, M|100/100
|-activate|p2a: Alchemist|move: Sticky Web
|-unboost|p2a: Alchemist|spe|1
|turn|20
|inactive|LT124YH Ghoul has 25 seconds left this turn.
|inactive|LT124YH Ghoul has 20 seconds left.
|c| larp legion|no flinch
|c| larp legion|as you asked
|inactive|LT124YH Ghoul has 15 seconds left.
|inactive|LT124YH Ghoul has 10 seconds left.
|
|t:|1758974185
|-terastallize|p2a: Alchemist|Water
|move|p1a: Omni-Man|Sucker Punch|p2a: Alchemist
|-damage|p2a: Alchemist|4/100
|move|p2a: Alchemist|Psyshock|p1a: Omni-Man
|-supereffective|p1a: Omni-Man
|-damage|p1a: Omni-Man|0 fnt
|faint|p1a: Omni-Man
|-end|p1a: Omni-Man|fallen3|[silent]
|
|upkeep
|inactive|LT124YH Ghoul has 15 seconds left this turn.
|inactive|LT124YH Ghoul has 10 seconds left.
|
|t:|1758974194
|switch|p1a: Atom Eve|Iron Valiant|100/100
|-enditem|p1a: Atom Eve|Booster Energy
|-activate|p1a: Atom Eve|ability: Quark Drive|[fromitem]
|-start|p1a: Atom Eve|quarkdrivespa
|turn|21
|inactive|LT124YH Ghoul has 20 seconds left this turn.
|
|t:|1758974204
|move|p1a: Atom Eve|Moonblast|p2a: Alchemist
|-damage|p2a: Alchemist|0 fnt
|faint|p2a: Alchemist
|
|upkeep
|
|t:|1758974206
|switch|p2a: Bull's-eye|Dragapult, F|100/100
|-activate|p2a: Bull's-eye|move: Sticky Web
|-fail|p2a: Bull's-eye|unboost|[from] ability: Clear Body|[of] p2a: Bull's-eye
|turn|22
|c|☆LT124YH Ghoul|gg
|
|t:|1758974215
|move|p2a: Bull's-eye|Shadow Ball|p1a: Atom Eve
|-damage|p1a: Atom Eve|13/100
|move|p1a: Atom Eve|Moonblast|p2a: Bull's-eye
|-supereffective|p2a: Bull's-eye
|-damage|p2a: Bull's-eye|0 fnt
|faint|p2a: Bull's-eye
|
|win|LT124YH Ghoul
|raw|LT124YH Ghoul's rating: 2002 &rarr; <strong>2014</strong><br />(+12 for winning)
|raw|D Gym Teacher's rating: 1855 &rarr; <strong>1843</strong><br />(-12 for losing)
|c|☆D Gym Teacher|gg
|l|☆D Gym Teacher
|player|p2|
|l| amefurikoneko
|l|☆LT124YH Ghoul
|player|p1|
|j| surrirr
|l| pokemon_loover
|l| larp legion
|j| larp legion
