|j|☆UltraGodGreninja
|j|☆munty12
|t:|1759072302
|gametype|singles
|player|p1|UltraGodGreninja|skyla|1361
|player|p2|munty12|2|1364
|gen|9
|tier|[Gen 9] OU
|rated|
|rule|HP Percentage Mod: HP is shown in percentages
|rule|Endless Battle Clause: Forcing endless battles is banned
|rule|Species Clause: Limit one of each Pokémon
|rule|OHKO Clause: OHKO moves are banned
|rule|Evasion Items Clause: Evasion items are banned
|rule|Evasion Moves Clause: Evasion moves are banned
|rule|Evasion Abilities Clause: Evasion abilities are banned
|rule|Sleep Moves Clause: Sleep-inducing moves are banned
|clearpoke
|poke|p1|Greninja-*, F|
|poke|p1|Zapdos|
|poke|p1|Great Tusk|
|poke|p1|Ting-Lu|
|poke|p1|Primarina, M|
|poke|p1|Scizor, F|
|poke|p2|Gallade, M|
|poke|p2|Rotom-Wash|
|poke|p2|Empoleon, F|
|poke|p2|Breloom, M|
|poke|p2|Palossand, M|
|poke|p2|Scizor, M|
|teampreview
|
|t:|1759072312
|teamsize|p1|6
|teamsize|p2|6
|start
|switch|p1a: Zapdos|Zapdos|100/100
|switch|p2a: Rotom|Rotom-Wash|100/100
|turn|1
|
|t:|1759072316
|move|p2a: Rotom|Hydro Pump|p1a: Zapdos
|-damage|p1a: Zapdos|24/100
|move|p1a: Zapdos|U-turn|p2a: Rotom
|-damage|p2a: Rotom|84/100
|
|t:|1759072319
|switch|p1a: Greninja|Greninja, F|100/100|[from] U-turn
|
|upkeep
|turn|2
|
|t:|1759072324
|switch|p2a: Empoleon|Empoleon, F|100/100
|move|p1a: Greninja|Hydro Pump|p2a: Empoleon
|-start|p1a: Greninja|typechange|Water|[from] ability: Protean
|-resisted|p2a: Empoleon
|-damage|p2a: Empoleon|79/100
|
|upkeep
|turn|3
|
|t:|1759072331
|switch|p1a: Scizor|Scizor, F|100/100
|move|p2a: Empoleon|Flip Turn|p1a: Scizor
|-damage|p1a: Scizor|86/100
|
|t:|1759072334
|switch|p2a: Rotom|Rotom-Wash|84/100|[from] Flip Turn
|
|upkeep
|turn|4
|
|t:|1759072336
|switch|p1a: Primarina|Primarina, M|100/100
|move|p2a: Rotom|Thunderbolt|p1a: Primarina
|-supereffective|p1a: Primarina
|-damage|p1a: Primarina|47/100
|
|upkeep
|turn|5
|
|t:|1759072339
|switch|p1a: Ting-Lu|Ting-Lu|100/100
|-ability|p1a: Ting-Lu|Vessel of Ruin
|move|p2a: Rotom|Thunderbolt|p1a: Ting-Lu
|-immune|p1a: Ting-Lu
|
|upkeep
|turn|6
|
|t:|1759072343
|switch|p2a: Breloom|Breloom, M|100/100
|move|p1a: Ting-Lu|Stealth Rock|p2a: Breloom
|-sidestart|p2: munty12|move: Stealth Rock
|
|upkeep
|turn|7
|
|t:|1759072361
|switch|p1a: Zapdos|Zapdos|24/100
|move|p2a: Breloom|Bullet Seed|p1a: Zapdos
|-resisted|p1a: Zapdos
|-damage|p1a: Zapdos|13/100
|-resisted|p1a: Zapdos
|-damage|p1a: Zapdos|0 fnt
|faint|p1a: Zapdos
|-hitcount|p1: Zapdos|2
|
|upkeep
|
|t:|1759072363
|switch|p1a: Greninja|Greninja, F|100/100
|turn|8
|
|t:|1759072367
|switch|p2a: Empoleon|Empoleon, F|79/100
|-damage|p2a: Empoleon|73/100|[from] Stealth Rock
|move|p1a: Greninja|Grass Knot|p2a: Empoleon
|-start|p1a: Greninja|typechange|Grass|[from] ability: Protean
|-damage|p2a: Empoleon|45/100
|
|upkeep
|turn|9
|
|t:|1759072371
|move|p1a: Greninja|Grass Knot|p2a: Empoleon
|-damage|p2a: Empoleon|17/100
|move|p2a: Empoleon|Ice Beam|p1a: Greninja
|-supereffective|p1a: Greninja
|-damage|p1a: Greninja|6/100
|
|upkeep
|turn|10
|
|t:|1759072384
|move|p1a: Greninja|Grass Knot|p2a: Empoleon
|-damage|p2a: Empoleon|0 fnt
|faint|p2a: Empoleon
|
|upkeep
|
|t:|1759072388
|switch|p2a: Scizor|Scizor, M|100/100
|-damage|p2a: Scizor|88/100|[from] Stealth Rock
|turn|11
|
|t:|1759072391
|switch|p1a: Ting-Lu|Ting-Lu|100/100
|-ability|p1a: Ting-Lu|Vessel of Ruin
|move|p2a: Scizor|Defog|p1a: Ting-Lu
|-unboost|p1a: Ting-Lu|evasion|1
|-sideend|p2: munty12|Stealth Rock|[from] move: Defog|[of] p2a: Scizor
|
|-heal|p2a: Scizor|94/100|[from] item: Leftovers
|upkeep
|turn|12
|
|t:|1759072397
|move|p2a: Scizor|Knock Off|p1a: Ting-Lu
|-resisted|p1a: Ting-Lu
|-damage|p1a: Ting-Lu|91/100
|-enditem|p1a: Ting-Lu|Leftovers|[from] move: Knock Off|[of] p2a: Scizor
|move|p1a: Ting-Lu|Stealth Rock|p2a: Scizor
|-sidestart|p2: munty12|move: Stealth Rock
|
|-heal|p2a: Scizor|99/100|[from] item: Leftovers
|upkeep
|turn|13
|
|t:|1759072404
|move|p2a: Scizor|Defog|p1a: Ting-Lu
|-unboost|p1a: Ting-Lu|evasion|1
|-sideend|p2: munty12|Stealth Rock|[from] move: Defog|[of] p2a: Scizor
|move|p1a: Ting-Lu|Ruination|p2a: Scizor
|-damage|p2a: Scizor|50/100
|
|-heal|p2a: Scizor|57/100|[from] item: Leftovers
|upkeep
|turn|14
|-message|UltraGodGreninja forfeited.
|
|win|munty12
|raw|UltraGodGreninja's rating: 1361 &rarr; <strong>1341</strong><br />(-20 for losing)
|raw|munty12's rating: 1364 &rarr; <strong>1384</strong><br />(+20 for winning)
|l|☆UltraGodGreninja
|player|p1|
|l|☆munty12
|player|p2|
