|j|☆Polkrimess
|j|☆chaudhary_04685
|t:|1759040925
|gametype|singles
|player|p1|Polkrimess|2|1063
|player|p2|chaudhary_04685|veteran|1097
|gen|9
|tier|[Gen 9] OU
|rated|
|rule|HP Percentage Mod: HP is shown in percentages
|rule|Endless Battle Clause: Forcing endless battles is banned
|rule|Species Clause: Limit one of each Pokémon
|rule|OHKO Clause: OHKO moves are banned
|rule|Evasion Items Clause: Evasion items are banned
|rule|Evasion Moves Clause: Evasion moves are banned
|rule|Evasion Abilities Clause: Evasion abilities are banned
|rule|Sleep Moves Clause: Sleep-inducing moves are banned
|clearpoke
|poke|p1|Kingambit, F|
|poke|p1|Torkoal, F|
|poke|p1|Walking Wake|
|poke|p1|Rillaboom, F|
|poke|p1|Landorus-Therian, M|
|poke|p1|Slowking-Galar, F|
|poke|p2|Ceruledge, M|
|poke|p2|Metagross|
|poke|p2|Grimmsnarl, M|
|poke|p2|Salamence, M|
|poke|p2|Quaquaval, M|
|poke|p2|Toxtricity-Low-Key, M|
|teampreview
|
|t:|1759040939
|teamsize|p1|6
|teamsize|p2|6
|start
|switch|p1a: Rillaboom|Rillaboom, F|100/100
|switch|p2a: stephen|Quaquaval, M|100/100
|-fieldstart|move: Grassy Terrain|[from] ability: Grassy Surge|[of] p1a: Rillaboom
|turn|1
|
|t:|1759040949
|move|p2a: stephen|Triple Axel|p1a: Rillaboom
|-supereffective|p1a: Rillaboom
|-damage|p1a: Rillaboom|87/100
|-supereffective|p1a: Rillaboom
|-damage|p1a: Rillaboom|61/100
|-supereffective|p1a: Rillaboom
|-damage|p1a: Rillaboom|21/100
|-hitcount|p1a: Rillaboom|3
|move|p1a: Rillaboom|Knock Off|p2a: stephen
|-resisted|p2a: stephen
|-damage|p2a: stephen|76/100
|-enditem|p2a: stephen|Loaded Dice|[from] move: Knock Off|[of] p1a: Rillaboom
|
|-heal|p2a: stephen|82/100|[from] Grassy Terrain
|-heal|p1a: Rillaboom|27/100|[from] Grassy Terrain
|upkeep
|turn|2
|
|t:|1759040962
|move|p1a: Rillaboom|Grassy Glide|p2a: stephen
|-supereffective|p2a: stephen
|-damage|p2a: stephen|0 fnt
|faint|p2a: stephen
|
|-heal|p1a: Rillaboom|33/100|[from] Grassy Terrain
|upkeep
|
|t:|1759040970
|switch|p2a: Cerlead|Ceruledge, M|100/100
|turn|3
|
|t:|1759040987
|switch|p1a: Landorus|Landorus-Therian, M|100/100
|-ability|p1a: Landorus|Intimidate|boost
|-unboost|p2a: Cerlead|atk|1
|move|p2a: Cerlead|Bitter Blade|p1a: Landorus
|-damage|p1a: Landorus|69/100
|
|-heal|p1a: Landorus|75/100|[from] item: Leftovers
|upkeep
|turn|4
|
|t:|1759041009
|switch|p2a: Tony|Toxtricity-Low-Key, M|100/100
|move|p1a: Landorus|Stealth Rock|p2a: Tony
|-sidestart|p2: chaudhary_04685|move: Stealth Rock
|
|-heal|p1a: Landorus|81/100|[from] item: Leftovers
|upkeep
|turn|5
|
|t:|1759041017
|move|p1a: Landorus|Earth Power|p2a: Tony
|-supereffective|p2a: Tony
|-crit|p2a: Tony
|-damage|p2a: Tony|0 fnt
|faint|p2a: Tony
|
|-heal|p1a: Landorus|87/100|[from] item: Leftovers
|-fieldend|move: Grassy Terrain
|upkeep
|
|t:|1759041031
|switch|p2a: Mafisto|Metagross, shiny|100/100
|-damage|p2a: Mafisto|94/100|[from] Stealth Rock
|turn|6
|
|t:|1759041042
|switch|p1a: Torkoal|Torkoal, F|100/100
|-weather|SunnyDay|[from] ability: Drought|[of] p1a: Torkoal
|move|p2a: Mafisto|Ice Punch|p1a: Torkoal
|-resisted|p1a: Torkoal
|-damage|p1a: Torkoal|92/100
|
|-weather|SunnyDay|[upkeep]
|-heal|p1a: Torkoal|98/100|[from] item: Leftovers
|upkeep
|turn|7
|
|t:|1759041057
|switch|p1a: Walking Wake|Walking Wake|100/100
|-activate|p1a: Walking Wake|ability: Protosynthesis
|-start|p1a: Walking Wake|protosynthesisspa
|move|p2a: Mafisto|Earthquake|p1a: Walking Wake
|-damage|p1a: Walking Wake|59/100
|
|-weather|SunnyDay|[upkeep]
|upkeep
|turn|8
|
|t:|1759041069
|-terastallize|p1a: Walking Wake|Steel
|move|p1a: Walking Wake|Flamethrower|p2a: Mafisto
|-supereffective|p2a: Mafisto
|-damage|p2a: Mafisto|20/100
|move|p2a: Mafisto|Ice Punch|p1a: Walking Wake
|-resisted|p1a: Walking Wake
|-damage|p1a: Walking Wake|44/100
|
|-weather|SunnyDay|[upkeep]
|upkeep
|turn|9
|
|t:|1759041086
|move|p1a: Walking Wake|Hydro Steam|p2a: Mafisto
|-damage|p2a: Mafisto|0 fnt
|faint|p2a: Mafisto
|
|-weather|SunnyDay|[upkeep]
|upkeep
|
|t:|1759041092
|switch|p2a: Cerlead|Ceruledge, M|100/100
|-damage|p2a: Cerlead|76/100|[from] Stealth Rock
|turn|10
|
|t:|1759041097
|move|p1a: Walking Wake|Hydro Steam|p2a: Cerlead
|-supereffective|p2a: Cerlead
|-damage|p2a: Cerlead|0 fnt
|faint|p2a: Cerlead
|
|-weather|none
|-end|p1a: Walking Wake|Protosynthesis
|upkeep
|-enditem|p1a: Walking Wake|Booster Energy
|-activate|p1a: Walking Wake|ability: Protosynthesis|[fromitem]
|-start|p1a: Walking Wake|protosynthesisspa
|
|t:|1759041106
|switch|p2a: Lizaad|Salamence, M|100/100
|-damage|p2a: Lizaad|76/100|[from] Stealth Rock
|-ability|p2a: Lizaad|Intimidate|boost
|-unboost|p1a: Walking Wake|atk|1
|turn|11
|
|t:|1759041115
|-terastallize|p2a: Lizaad|Fire
|move|p1a: Walking Wake|Draco Meteor|p2a: Lizaad
|-damage|p2a: Lizaad|0 fnt
|-unboost|p1a: Walking Wake|spa|2
|faint|p2a: Lizaad
|
|upkeep
|
|t:|1759041123
|switch|p2a: Grimpee|Grimmsnarl, M|100/100
|-damage|p2a: Grimpee|88/100|[from] Stealth Rock
|turn|12
|
|t:|1759041131
|move|p1a: Walking Wake|Tera Blast|p2a: Grimpee|[anim] Tera Blast Steel
|-supereffective|p2a: Grimpee
|-damage|p2a: Grimpee|27/100
|move|p2a: Grimpee|Drain Punch|p1a: Walking Wake
|-supereffective|p1a: Walking Wake
|-damage|p1a: Walking Wake|0 fnt
|-heal|p2a: Grimpee|46/100|[from] drain|[of] p1a: Walking Wake
|faint|p1a: Walking Wake
|-end|p1a: Walking Wake|Protosynthesis|[silent]
|-damage|p2a: Grimpee|36/100|[from] item: Life Orb
|
|upkeep
|
|t:|1759041138
|switch|p1a: Slowking|Slowking-Galar, F|100/100
|turn|13
|
|t:|1759041144
|move|p2a: Grimpee|Stomping Tantrum|p1a: Slowking
|-supereffective|p1a: Slowking
|-damage|p1a: Slowking|23/100
|-damage|p2a: Grimpee|26/100|[from] item: Life Orb
|move|p1a: Slowking|Sludge Bomb|p2a: Grimpee
|-supereffective|p2a: Grimpee
|-damage|p2a: Grimpee|0 fnt
|faint|p2a: Grimpee
|
|win|Polkrimess
|raw|Polkrimess's rating: 1063 &rarr; <strong>1097</strong><br />(+34 for winning)
|raw|chaudhary_04685's rating: 1097 &rarr; <strong>1070</strong><br />(-27 for losing)
|l|☆Polkrimess
|player|p1|
|l|☆chaudhary_04685
|player|p2|
