|j|☆vivek1245s
|j|☆XinFeng
|t:|1758949738
|gametype|singles
|player|p1|vivek1245s|aromalady|1556
|player|p2|XinFeng|bellelba|1539
|gen|9
|tier|[Gen 9] OU
|rated|
|rule|HP Percentage Mod: HP is shown in percentages
|rule|Endless Battle Clause: Forcing endless battles is banned
|rule|Species Clause: Limit one of each Pokémon
|rule|OHKO Clause: OHKO moves are banned
|rule|Evasion Items Clause: Evasion items are banned
|rule|Evasion Moves Clause: Evasion moves are banned
|rule|Evasion Abilities Clause: Evasion abilities are banned
|rule|Sleep Moves Clause: Sleep-inducing moves are banned
|clearpoke
|poke|p1|Pelipper, F|
|poke|p1|Hatterene, F|
|poke|p1|Iron Treads|
|poke|p1|Toxicroak, F|
|poke|p1|Barraskewda, F|
|poke|p1|Zapdos|
|poke|p2|Charizard, M|
|poke|p2|Torkoal, F|
|poke|p2|Walking Wake|
|poke|p2|Lilligant-Hisui, F|
|poke|p2|Hatterene, F|
|poke|p2|Great Tusk|
|teampreview
|inactive|Battle timer is ON: inactive players will automatically lose when time's up. (requested by XinFeng)
|
|t:|1758949758
|teamsize|p1|6
|teamsize|p2|6
|start
|switch|p1a: Barraskewda|Barraskewda, F|100/100
|switch|p2a: Walking Wake|Walking Wake|100/100
|turn|1
|
|t:|1758949766
|move|p1a: Barraskewda|Flip Turn|p2a: Walking Wake
|-resisted|p2a: Walking Wake
|-damage|p2a: Walking Wake|86/100
|
|t:|1758949768
|switch|p1a: Hatterene|Hatterene, F|100/100|[from] Flip Turn
|move|p2a: Walking Wake|Hydro Steam|p1a: Hatterene
|-damage|p1a: Hatterene|34/100
|-enditem|p1a: Hatterene|Eject Button
|
|t:|1758949774
|switch|p1a: Pelipper|Pelipper, F|100/100
|-weather|RainDance|[from] ability: Drizzle|[of] p1a: Pelipper
|
|-weather|RainDance|[upkeep]
|upkeep
|turn|2
|
|t:|1758949783
|-end|p2a: Walking Wake|Protosynthesis|[silent]
|switch|p2a: Hatterene|Hatterene, F|100/100
|switch|p1a: Toxicroak|Toxicroak, F|100/100
|
|-weather|RainDance|[upkeep]
|upkeep
|turn|3
|
|t:|1758949792
|switch|p2a: Torkoal|Torkoal, F, shiny|100/100
|-weather|SunnyDay|[from] ability: Drought|[of] p2a: Torkoal
|move|p1a: Toxicroak|Drain Punch|p2a: Torkoal
|-damage|p2a: Torkoal|82/100
|
|-weather|SunnyDay|[upkeep]
|-damage|p1a: Toxicroak|88/100|[from] ability: Dry Skin|[of] p1a: Toxicroak
|upkeep
|turn|4
|
|t:|1758949800
|move|p1a: Toxicroak|Toxic|p2a: Torkoal
|-status|p2a: Torkoal|tox
|move|p2a: Torkoal|Stealth Rock|p1a: Toxicroak
|-sidestart|p1: vivek1245s|move: Stealth Rock
|
|-weather|SunnyDay|[upkeep]
|-damage|p1a: Toxicroak|76/100|[from] ability: Dry Skin|[of] p1a: Toxicroak
|-damage|p2a: Torkoal|76/100 tox|[from] psn
|upkeep
|turn|5
|
|t:|1758949808
|switch|p2a: Hatterene|Hatterene, F|100/100
|move|p1a: Toxicroak|Knock Off|p2a: Hatterene
|-damage|p2a: Hatterene|79/100
|-enditem|p2a: Hatterene|Eject Button|[from] move: Knock Off|[of] p1a: Toxicroak
|
|-weather|SunnyDay|[upkeep]
|-damage|p1a: Toxicroak|63/100|[from] ability: Dry Skin|[of] p1a: Toxicroak
|upkeep
|turn|6
|
|t:|1758949813
|switch|p1a: Hatterene|Hatterene, F|34/100
|-damage|p1a: Hatterene|22/100|[from] Stealth Rock
|move|p2a: Hatterene|Nuzzle|p1a: Hatterene
|-damage|p1a: Hatterene|18/100
|-status|p1a: Hatterene|par
|
|-weather|SunnyDay|[upkeep]
|upkeep
|turn|7
|
|t:|1758949817
|move|p2a: Hatterene|Dazzling Gleam|p1a: Hatterene
|-damage|p1a: Hatterene|0 fnt
|faint|p1a: Hatterene
|
|-weather|SunnyDay|[upkeep]
|upkeep
|
|t:|1758949818
|switch|p1a: Iron Treads|Iron Treads|100/100
|-damage|p1a: Iron Treads|98/100|[from] Stealth Rock
|turn|8
|
|t:|1758949824
|switch|p2a: Lilligant|Lilligant-Hisui, F, shiny|100/100
|move|p1a: Iron Treads|Rapid Spin|p2a: Lilligant
|-damage|p2a: Lilligant|82/100
|-boost|p1a: Iron Treads|spe|1
|-sideend|p1: vivek1245s|Stealth Rock|[from] move: Rapid Spin|[of] p1a: Iron Treads
|
|-weather|SunnyDay|[upkeep]
|-heal|p1a: Iron Treads|100/100|[from] item: Leftovers
|upkeep
|turn|9
|
|t:|1758949831
|move|p2a: Lilligant|Close Combat|p1a: Iron Treads
|-supereffective|p1a: Iron Treads
|-damage|p1a: Iron Treads|0 fnt
|-unboost|p2a: Lilligant|def|1
|-unboost|p2a: Lilligant|spd|1
|faint|p1a: Iron Treads
|-end|p1a: Iron Treads|Quark Drive|[silent]
|-damage|p2a: Lilligant|72/100|[from] item: Life Orb
|
|-weather|SunnyDay|[upkeep]
|upkeep
|
|t:|1758949833
|switch|p1a: Pelipper|Pelipper, F|100/100
|-weather|RainDance|[from] ability: Drizzle|[of] p1a: Pelipper
|turn|10
|
|t:|1758949846
|move|p2a: Lilligant|Triple Axel|p1a: Pelipper
|-damage|p1a: Pelipper|91/100
|-damage|p1a: Pelipper|74/100
|-damage|p1a: Pelipper|47/100
|-hitcount|p1a: Pelipper|3
|-damage|p2a: Lilligant|62/100|[from] item: Life Orb
|move|p1a: Pelipper|U-turn|p2a: Lilligant
|-damage|p2a: Lilligant|39/100
|
|t:|1758949855
|switch|p1a: Barraskewda|Barraskewda, F|100/100|[from] U-turn
|
|-weather|RainDance|[upkeep]
|upkeep
|turn|11
|
|t:|1758949865
|switch|p2a: Hatterene|Hatterene, F|79/100
|move|p1a: Barraskewda|Flip Turn|p2a: Hatterene
|-damage|p2a: Hatterene|21/100
|
|t:|1758949868
|switch|p1a: Zapdos|Zapdos|100/100|[from] Flip Turn
|
|-weather|RainDance|[upkeep]
|upkeep
|turn|12
|-message|vivek1245s forfeited.
|
|win|XinFeng
|raw|vivek1245s's rating: 1556 &rarr; <strong>1535</strong><br />(-21 for losing)
|raw|XinFeng's rating: 1539 &rarr; <strong>1560</strong><br />(+21 for winning)
|l|☆vivek1245s
|player|p1|
|l|☆XinFeng
|player|p2|
