|j|☆waterdrinker48
|j|☆St. Saturn
|t:|1759033313
|gametype|singles
|player|p1|waterdrinker48|miku-ghost|1296
|player|p2|St. Saturn|veteran|1364
|gen|9
|tier|[Gen 9] OU
|rated|
|rule|HP Percentage Mod: HP is shown in percentages
|rule|Endless Battle Clause: Forcing endless battles is banned
|rule|Species Clause: Limit one of each Pokémon
|rule|OHKO Clause: OHKO moves are banned
|rule|Evasion Items Clause: Evasion items are banned
|rule|Evasion Moves Clause: Evasion moves are banned
|rule|Evasion Abilities Clause: Evasion abilities are banned
|rule|Sleep Moves Clause: Sleep-inducing moves are banned
|clearpoke
|poke|p1|Hydreigon, F|
|poke|p1|Slowking-Galar, M|
|poke|p1|Alomomola, M|
|poke|p1|Raging Bolt|
|poke|p1|Landorus-Therian, M|
|poke|p1|Meowscarada, M|
|poke|p2|Gliscor, F|
|poke|p2|Blissey, F|
|poke|p2|Dondozo, M|
|poke|p2|Weezing-Galar, M|
|poke|p2|Clodsire, M|
|poke|p2|Clefable, F|
|teampreview
|inactive|Battle timer is ON: inactive players will automatically lose when time's up. (requested by St. Saturn)
|inactive|waterdrinker48 also wants the timer to be on.
|
|t:|1759033327
|teamsize|p1|6
|teamsize|p2|6
|start
|switch|p1a: Landorus|Landorus-Therian, M|100/100
|switch|p2a: Gliscor|Gliscor, F|100/100
|-ability|p1a: Landorus|Intimidate|boost
|-unboost|p2a: Gliscor|atk|1
|turn|1
|
|t:|1759033332
|move|p2a: Gliscor|Protect|p2a: Gliscor
|-singleturn|p2a: Gliscor|Protect
|move|p1a: Landorus|Taunt|p2a: Gliscor
|-activate|p2a: Gliscor|move: Protect
|
|-status|p2a: Gliscor|tox|[from] item: Toxic Orb
|upkeep
|turn|2
|
|t:|1759033338
|move|p1a: Landorus|Taunt|p2a: Gliscor
|-start|p2a: Gliscor|move: Taunt
|move|p2a: Gliscor|Knock Off|p1a: Landorus
|-damage|p1a: Landorus|86/100
|-damage|p2a: Gliscor|84/100 tox|[from] item: Rocky Helmet|[of] p1a: Landorus
|-enditem|p1a: Landorus|Rocky Helmet|[from] move: Knock Off|[of] p2a: Gliscor
|
|-heal|p2a: Gliscor|97/100 tox|[from] ability: Poison Heal
|upkeep
|turn|3
|
|t:|1759033359
|switch|p2a: Clefable|Clefable, F|100/100
|move|p1a: Landorus|Stealth Rock|p2a: Clefable
|-sidestart|p2: St. Saturn|move: Stealth Rock
|
|upkeep
|turn|4
|
|t:|1759033365
|move|p1a: Landorus|Taunt|p2a: Clefable
|-start|p2a: Clefable|move: Taunt
|move|p2a: Clefable|Moonblast|p1a: Landorus
|-damage|p1a: Landorus|52/100
|
|upkeep
|turn|5
|
|t:|1759033370
|move|p1a: Landorus|U-turn|p2a: Clefable
|-resisted|p2a: Clefable
|-damage|p2a: Clefable|93/100
|
|t:|1759033372
|switch|p1a: Slowking|Slowking-Galar, M|100/100|[from] U-turn
|move|p2a: Clefable|Moonblast|p1a: Slowking
|-resisted|p1a: Slowking
|-damage|p1a: Slowking|92/100
|
|-heal|p2a: Clefable|99/100|[from] item: Leftovers
|upkeep
|turn|6
|
|t:|1759033377
|move|p2a: Clefable|Knock Off|p1a: Slowking
|-supereffective|p1a: Slowking
|-damage|p1a: Slowking|62/100
|-enditem|p1a: Slowking|Heavy-Duty Boots|[from] move: Knock Off|[of] p2a: Clefable
|move|p1a: Slowking|Future Sight|p2a: Clefable
|-start|p1a: Slowking|move: Future Sight
|
|-heal|p2a: Clefable|100/100|[from] item: Leftovers
|-end|p2a: Clefable|move: Taunt
|upkeep
|turn|7
|
|t:|1759033389
|switch|p2a: Clodsire|Clodsire, M|100/100
|-prepare|p1a: Slowking|Chilly Reception|[premajor]
|move|p1a: Slowking|Chilly Reception|p1a: Slowking
|-weather|Snowscape
|
|t:|1759033394
|switch|p1a: Meowscarada|Meowscarada, M|100/100|[from] Chilly Reception
|
|-weather|Snowscape|[upkeep]
|upkeep
|turn|8
|
|t:|1759033407
|switch|p2a: Clefable|Clefable, F|100/100
|move|p1a: Meowscarada|Knock Off|p2a: Clefable
|-start|p1a: Meowscarada|typechange|Dark|[from] ability: Protean
|-resisted|p2a: Clefable
|-damage|p2a: Clefable|73/100
|-enditem|p2a: Clefable|Leftovers|[from] move: Knock Off|[of] p1a: Meowscarada
|
|-weather|Snowscape|[upkeep]
|-end|p2a: Clefable|move: Future Sight
|-damage|p2a: Clefable|28/100
|upkeep
|turn|9
|
|t:|1759033417
|move|p2a: Clefable|Protect|p2a: Clefable
|-singleturn|p2a: Clefable|Protect
|move|p1a: Meowscarada|Knock Off|p2a: Clefable
|-activate|p2a: Clefable|move: Protect
|
|-weather|Snowscape|[upkeep]
|upkeep
|turn|10
|
|t:|1759033428
|switch|p2a: Gliscor|Gliscor, F|97/100 tox
|-damage|p2a: Gliscor|84/100 tox|[from] Stealth Rock
|move|p1a: Meowscarada|Knock Off|p2a: Gliscor
|-crit|p2a: Gliscor
|-damage|p2a: Gliscor|24/100 tox
|-enditem|p2a: Gliscor|Toxic Orb|[from] move: Knock Off|[of] p1a: Meowscarada
|
|-weather|Snowscape|[upkeep]
|-heal|p2a: Gliscor|37/100 tox|[from] ability: Poison Heal
|upkeep
|turn|11
|
|t:|1759033441
|switch|p1a: Slowking|Slowking-Galar, M|95/100
|move|p2a: Gliscor|Toxic|p1a: Slowking
|-immune|p1a: Slowking
|
|-weather|none
|-heal|p2a: Gliscor|49/100 tox|[from] ability: Poison Heal
|upkeep
|turn|12
|
|t:|1759033446
|move|p2a: Gliscor|Protect|p2a: Gliscor
|-singleturn|p2a: Gliscor|Protect
|move|p1a: Slowking|Future Sight|p2a: Gliscor
|-start|p1a: Slowking|move: Future Sight
|
|-heal|p2a: Gliscor|62/100 tox|[from] ability: Poison Heal
|upkeep
|turn|13
|
|t:|1759033462
|move|p2a: Gliscor|Spikes|p1a: Slowking
|-sidestart|p1: waterdrinker48|Spikes
|-prepare|p1a: Slowking|Chilly Reception|[premajor]
|move|p1a: Slowking|Chilly Reception|p1a: Slowking
|-weather|Snowscape
|
|t:|1759033471
|switch|p1a: Meowscarada|Meowscarada, M|100/100|[from] Chilly Reception
|-damage|p1a: Meowscarada|88/100|[from] Spikes
|
|-weather|Snowscape|[upkeep]
|-heal|p2a: Gliscor|74/100 tox|[from] ability: Poison Heal
|upkeep
|turn|14
|
|t:|1759033478
|move|p2a: Gliscor|Protect|p2a: Gliscor
|-singleturn|p2a: Gliscor|Protect
|move|p1a: Meowscarada|Triple Axel|p2a: Gliscor
|-start|p1a: Meowscarada|typechange|Ice|[from] ability: Protean
|-activate|p2a: Gliscor|move: Protect
|
|-weather|Snowscape|[upkeep]
|-end|p2a: Gliscor|move: Future Sight
|-damage|p2a: Gliscor|21/100 tox
|-heal|p2a: Gliscor|33/100 tox|[from] ability: Poison Heal
|upkeep
|turn|15
|
|t:|1759033494
|switch|p2a: Weezing|Weezing-Galar, M|100/100
|-ability|p2a: Weezing|Neutralizing Gas
|move|p1a: Meowscarada|Triple Axel|p2a: Weezing|[miss]
|-miss|p1a: Meowscarada|p2a: Weezing
|
|-weather|Snowscape|[upkeep]
|upkeep
|turn|16
|
|t:|1759033503
|switch|p1a: Slowking|Slowking-Galar, M|100/100
|-damage|p1a: Slowking|88/100|[from] Spikes
|move|p2a: Weezing|Will-O-Wisp|p1a: Slowking
|-status|p1a: Slowking|brn
|
|-weather|Snowscape|[upkeep]
|-damage|p1a: Slowking|82/100 brn|[from] brn
|upkeep
|turn|17
|
|t:|1759033519
|-end|p2a: Weezing|ability: Neutralizing Gas
|switch|p2a: Clodsire|Clodsire, M|100/100
|move|p1a: Slowking|Future Sight|p2a: Clodsire
|-start|p1a: Slowking|move: Future Sight
|
|-weather|none
|-damage|p1a: Slowking|76/100 brn|[from] brn
|upkeep
|turn|18
|
|t:|1759033524
|-prepare|p1a: Slowking|Chilly Reception|[premajor]
|move|p1a: Slowking|Chilly Reception|p1a: Slowking
|-weather|Snowscape
|
|t:|1759033530
|switch|p1a: Hydreigon|Hydreigon, F|100/100|[from] Chilly Reception
|move|p2a: Clodsire|Earthquake|p1a: Hydreigon
|-immune|p1a: Hydreigon|[from] ability: Levitate
|
|-weather|Snowscape|[upkeep]
|upkeep
|turn|19
|
|t:|1759033537
|-terastallize|p2a: Clodsire|Dark
|move|p1a: Hydreigon|Draco Meteor|p2a: Clodsire|[miss]
|-miss|p1a: Hydreigon|p2a: Clodsire
|move|p2a: Clodsire|Poison Jab|p1a: Hydreigon
|-damage|p1a: Hydreigon|74/100
|
|-weather|Snowscape|[upkeep]
|-end|p2a: Clodsire|move: Future Sight
|-immune|p2a: Clodsire
|upkeep
|turn|20
|
|t:|1759033551
|switch|p1a: Slowking|Slowking-Galar, M|100/100 brn
|-damage|p1a: Slowking|88/100 brn|[from] Spikes
|move|p2a: Clodsire|Poison Jab|p1a: Slowking
|-resisted|p1a: Slowking
|-damage|p1a: Slowking|76/100 brn
|
|-weather|Snowscape|[upkeep]
|-damage|p1a: Slowking|70/100 brn|[from] brn
|upkeep
|turn|21
|
|t:|1759033559
|move|p1a: Slowking|Toxic|p2a: Clodsire
|-status|p2a: Clodsire|tox
|move|p2a: Clodsire|Earthquake|p1a: Slowking
|-supereffective|p1a: Slowking
|-damage|p1a: Slowking|12/100 brn
|
|-weather|Snowscape|[upkeep]
|-damage|p2a: Clodsire|94/100 tox|[from] psn
|-damage|p1a: Slowking|6/100 brn|[from] brn
|upkeep
|turn|22
|
|t:|1759033567
|switch|p1a: Landorus|Landorus-Therian, M|52/100
|-ability|p1a: Landorus|Intimidate|boost
|-unboost|p2a: Clodsire|atk|1
|move|p2a: Clodsire|Poison Jab|p1a: Landorus
|-resisted|p1a: Landorus
|-damage|p1a: Landorus|45/100
|
|-weather|none
|-damage|p2a: Clodsire|82/100 tox|[from] psn
|upkeep
|turn|23
|
|t:|1759033575
|switch|p2a: Gliscor|Gliscor, F|33/100 tox
|-damage|p2a: Gliscor|21/100 tox|[from] Stealth Rock
|move|p1a: Landorus|U-turn|p2a: Gliscor
|-resisted|p2a: Gliscor
|-damage|p2a: Gliscor|14/100 tox
|
|t:|1759033579
|switch|p1a: Meowscarada|Meowscarada, M|88/100|[from] U-turn
|-damage|p1a: Meowscarada|76/100|[from] Spikes
|
|-heal|p2a: Gliscor|26/100 tox|[from] ability: Poison Heal
|upkeep
|turn|24
|
|t:|1759033603
|move|p2a: Gliscor|Protect|p2a: Gliscor
|-singleturn|p2a: Gliscor|Protect
|move|p1a: Meowscarada|U-turn|p2a: Gliscor
|-start|p1a: Meowscarada|typechange|Bug|[from] ability: Protean
|-activate|p2a: Gliscor|move: Protect
|
|-heal|p2a: Gliscor|39/100 tox|[from] ability: Poison Heal
|upkeep
|turn|25
|
|t:|1759033615
|move|p1a: Meowscarada|U-turn|p2a: Gliscor
|-resisted|p2a: Gliscor
|-damage|p2a: Gliscor|25/100 tox
|
|t:|1759033627
|switch|p1a: Hydreigon|Hydreigon, F|74/100|[from] U-turn
|move|p2a: Gliscor|Knock Off|p1a: Hydreigon
|-resisted|p1a: Hydreigon
|-damage|p1a: Hydreigon|62/100
|-enditem|p1a: Hydreigon|Choice Scarf|[from] move: Knock Off|[of] p2a: Gliscor
|
|-heal|p2a: Gliscor|38/100 tox|[from] ability: Poison Heal
|upkeep
|turn|26
|
|t:|1759033638
|switch|p2a: Clodsire|Clodsire, M, tera:Dark|82/100 tox
|move|p1a: Hydreigon|Dark Pulse|p2a: Clodsire
|-resisted|p2a: Clodsire
|-crit|p2a: Clodsire
|-damage|p2a: Clodsire|64/100 tox
|
|-damage|p2a: Clodsire|58/100 tox|[from] psn
|upkeep
|turn|27
|
|t:|1759033643
|move|p1a: Hydreigon|U-turn|p2a: Clodsire
|-supereffective|p2a: Clodsire
|-damage|p2a: Clodsire|25/100 tox
|
|t:|1759033647
|switch|p1a: Landorus|Landorus-Therian, M|45/100|[from] U-turn
|-ability|p1a: Landorus|Intimidate|boost
|-unboost|p2a: Clodsire|atk|1
|move|p2a: Clodsire|Recover|p2a: Clodsire
|-heal|p2a: Clodsire|75/100 tox
|
|-damage|p2a: Clodsire|63/100 tox|[from] psn
|upkeep
|turn|28
|
|t:|1759033655
|switch|p2a: Gliscor|Gliscor, F|38/100 tox
|-damage|p2a: Gliscor|25/100 tox|[from] Stealth Rock
|move|p1a: Landorus|Taunt|p2a: Gliscor
|-start|p2a: Gliscor|move: Taunt
|
|-heal|p2a: Gliscor|38/100 tox|[from] ability: Poison Heal
|upkeep
|turn|29
|
|t:|1759033661
|move|p1a: Landorus|U-turn|p2a: Gliscor
|-resisted|p2a: Gliscor
|-damage|p2a: Gliscor|31/100 tox
|
|t:|1759033668
|switch|p1a: Meowscarada|Meowscarada, M|76/100|[from] U-turn
|-damage|p1a: Meowscarada|64/100|[from] Spikes
|move|p2a: Gliscor|Knock Off|p1a: Meowscarada
|-resisted|p1a: Meowscarada
|-damage|p1a: Meowscarada|47/100
|-enditem|p1a: Meowscarada|Choice Band|[from] move: Knock Off|[of] p2a: Gliscor
|
|-heal|p2a: Gliscor|44/100 tox|[from] ability: Poison Heal
|upkeep
|turn|30
|
|t:|1759033681
|switch|p2a: Weezing|Weezing-Galar, M|100/100
|-ability|p2a: Weezing|Neutralizing Gas
|move|p1a: Meowscarada|Triple Axel|p2a: Weezing
|-damage|p2a: Weezing|97/100
|-damage|p2a: Weezing|88/100
|-damage|p2a: Weezing|77/100
|-hitcount|p2a: Weezing|3
|
|upkeep
|turn|31
|
|t:|1759033688
|move|p1a: Meowscarada|U-turn|p2a: Weezing
|-resisted|p2a: Weezing
|-damage|p2a: Weezing|74/100
|
|t:|1759033689
|switch|p1a: Alomomola|Alomomola, M|100/100|[from] U-turn
|move|p2a: Weezing|Strange Steam|p1a: Alomomola
|-damage|p1a: Alomomola|67/100
|
|upkeep
|turn|32
|
|t:|1759033695
|move|p1a: Alomomola|Wish|p1a: Alomomola
|move|p2a: Weezing|Will-O-Wisp|p1a: Alomomola
|-status|p1a: Alomomola|brn
|
|-damage|p1a: Alomomola|61/100 brn|[from] brn
|upkeep
|turn|33
|
|t:|1759033699
|move|p1a: Alomomola|Flip Turn|p2a: Weezing
|-damage|p2a: Weezing|68/100
|
|t:|1759033705
|switch|p1a: Landorus|Landorus-Therian, M|45/100|[from] Flip Turn
|move|p2a: Weezing|Strange Steam|p1a: Landorus
|-damage|p1a: Landorus|17/100
|-start|p1a: Landorus|confusion
|
|-heal|p1a: Landorus|87/100|[from] move: Wish|[wisher] Alomomola
|upkeep
|turn|34
|
|t:|1759033713
|-activate|p1a: Landorus|confusion
|move|p1a: Landorus|Taunt|p2a: Weezing
|-start|p2a: Weezing|move: Taunt
|cant|p2a: Weezing|move: Taunt|Will-O-Wisp
|
|upkeep
|turn|35
|
|t:|1759033719
|-end|p2a: Weezing|ability: Neutralizing Gas
|-ability|p1a: Landorus|Intimidate|boost
|-unboost|p2a: Weezing|atk|1
|switch|p2a: Gliscor|Gliscor, F|44/100 tox
|-damage|p2a: Gliscor|31/100 tox|[from] Stealth Rock
|-activate|p1a: Landorus|confusion
|move|p1a: Landorus|Earthquake|p2a: Gliscor
|-immune|p2a: Gliscor
|
|-heal|p2a: Gliscor|44/100 tox|[from] ability: Poison Heal
|upkeep
|turn|36
|
|t:|1759033728
|-end|p1a: Landorus|confusion
|move|p1a: Landorus|Taunt|p2a: Gliscor
|-start|p2a: Gliscor|move: Taunt
|move|p2a: Gliscor|Knock Off|p1a: Landorus
|-damage|p1a: Landorus|72/100
|
|-heal|p2a: Gliscor|56/100 tox|[from] ability: Poison Heal
|upkeep
|turn|37
|
|t:|1759033735
|move|p1a: Landorus|U-turn|p2a: Gliscor
|-resisted|p2a: Gliscor
|-damage|p2a: Gliscor|50/100 tox
|
|t:|1759033741
|switch|p1a: Slowking|Slowking-Galar, M|39/100 brn|[from] U-turn
|-damage|p1a: Slowking|27/100 brn|[from] Spikes
|move|p2a: Gliscor|Knock Off|p1a: Slowking
|-supereffective|p1a: Slowking
|-damage|p1a: Slowking|0 fnt
|faint|p1a: Slowking
|
|-heal|p2a: Gliscor|62/100 tox|[from] ability: Poison Heal
|upkeep
|
|t:|1759033746
|switch|p1a: Raging Bolt|Raging Bolt|100/100
|-damage|p1a: Raging Bolt|88/100|[from] Spikes
|turn|38
|
|t:|1759033751
|switch|p2a: Clodsire|Clodsire, M, tera:Dark|63/100 tox
|move|p1a: Raging Bolt|Draco Meteor|p2a: Clodsire
|-damage|p2a: Clodsire|25/100 tox
|-unboost|p1a: Raging Bolt|spa|2
|
|-damage|p2a: Clodsire|19/100 tox|[from] psn
|upkeep
|turn|39
|
|t:|1759033756
|move|p1a: Raging Bolt|Volt Switch|p2a: Clodsire
|-damage|p2a: Clodsire|0 fnt
|faint|p2a: Clodsire
|
|t:|1759033761
|-end|p1a: Raging Bolt|Protosynthesis|[silent]
|switch|p1a: Alomomola|Alomomola, M|61/100 brn|[from] Volt Switch
|
|-damage|p1a: Alomomola|55/100 brn|[from] brn
|upkeep
|
|t:|1759033766
|switch|p2a: Clefable|Clefable, F|28/100
|turn|40
|
|t:|1759033770
|move|p1a: Alomomola|Wish|p1a: Alomomola
|move|p2a: Clefable|Wish|p2a: Clefable
|
|-damage|p1a: Alomomola|49/100 brn|[from] brn
|upkeep
|turn|41
|
|t:|1759033781
|move|p1a: Alomomola|Flip Turn|p2a: Clefable
|-damage|p2a: Clefable|23/100
|
|t:|1759033786
|switch|p1a: Raging Bolt|Raging Bolt|88/100|[from] Flip Turn
|-damage|p1a: Raging Bolt|76/100|[from] Spikes
|move|p2a: Clefable|Moonblast|p1a: Raging Bolt
|-supereffective|p1a: Raging Bolt
|-damage|p1a: Raging Bolt|42/100
|
|-heal|p1a: Raging Bolt|100/100|[from] move: Wish|[wisher] Alomomola
|-heal|p2a: Clefable|73/100|[from] move: Wish|[wisher] Clefable
|upkeep
|turn|42
|
|t:|1759033794
|move|p2a: Clefable|Protect|p2a: Clefable
|-singleturn|p2a: Clefable|Protect
|move|p1a: Raging Bolt|Thunderbolt|p2a: Clefable
|-activate|p2a: Clefable|move: Protect
|
|upkeep
|turn|43
|
|t:|1759033800
|switch|p2a: Gliscor|Gliscor, F|62/100 tox
|-damage|p2a: Gliscor|50/100 tox|[from] Stealth Rock
|move|p1a: Raging Bolt|Volt Switch|p2a: Gliscor
|-immune|p2a: Gliscor
|
|-heal|p2a: Gliscor|62/100 tox|[from] ability: Poison Heal
|upkeep
|turn|44
|
|t:|1759033806
|-end|p1a: Raging Bolt|Protosynthesis|[silent]
|switch|p1a: Landorus|Landorus-Therian, M|72/100
|-ability|p1a: Landorus|Intimidate|boost
|-unboost|p2a: Gliscor|atk|1
|move|p2a: Gliscor|Protect||[still]
|-fail|p2a: Gliscor
|
|-heal|p2a: Gliscor|75/100 tox|[from] ability: Poison Heal
|upkeep
|turn|45
|
|t:|1759033812
|move|p1a: Landorus|Taunt|p2a: Gliscor
|-start|p2a: Gliscor|move: Taunt
|move|p2a: Gliscor|Knock Off|p1a: Landorus
|-damage|p1a: Landorus|63/100
|
|-heal|p2a: Gliscor|87/100 tox|[from] ability: Poison Heal
|upkeep
|turn|46
|
|t:|1759033820
|move|p1a: Landorus|U-turn|p2a: Gliscor
|-resisted|p2a: Gliscor
|-damage|p2a: Gliscor|81/100 tox
|
|t:|1759033821
|switch|p1a: Hydreigon|Hydreigon, F|62/100|[from] U-turn
|move|p2a: Gliscor|Knock Off|p1a: Hydreigon
|-resisted|p1a: Hydreigon
|-damage|p1a: Hydreigon|57/100
|
|-heal|p2a: Gliscor|93/100 tox|[from] ability: Poison Heal
|upkeep
|turn|47
|
|t:|1759033829
|switch|p2a: Blissey|Blissey, F|100/100
|move|p1a: Hydreigon|Flamethrower|p2a: Blissey
|-damage|p2a: Blissey|91/100
|
|upkeep
|turn|48
|
|t:|1759033834
|move|p1a: Hydreigon|U-turn|p2a: Blissey
|-damage|p2a: Blissey|74/100
|
|t:|1759033838
|switch|p1a: Alomomola|Alomomola, M|82/100 brn|[from] U-turn
|move|p2a: Blissey|Seismic Toss|p1a: Alomomola
|-damage|p1a: Alomomola|63/100 brn
|
|-damage|p1a: Alomomola|57/100 brn|[from] brn
|upkeep
|turn|49
|
|t:|1759033846
|switch|p2a: Gliscor|Gliscor, F|93/100 tox
|-damage|p2a: Gliscor|81/100 tox|[from] Stealth Rock
|move|p1a: Alomomola|Wish|p1a: Alomomola
|
|-heal|p2a: Gliscor|93/100 tox|[from] ability: Poison Heal
|-damage|p1a: Alomomola|51/100 brn|[from] brn
|upkeep
|turn|50
|
|t:|1759033851
|move|p2a: Gliscor|Spikes|p1a: Alomomola
|-sidestart|p1: waterdrinker48|Spikes
|move|p1a: Alomomola|Flip Turn|p2a: Gliscor
|-supereffective|p2a: Gliscor
|-damage|p2a: Gliscor|85/100 tox
|
|t:|1759033858
|switch|p1a: Meowscarada|Meowscarada, M|47/100|[from] Flip Turn
|-damage|p1a: Meowscarada|30/100|[from] Spikes
|
|-heal|p1a: Meowscarada|100/100|[from] move: Wish|[wisher] Alomomola
|-heal|p2a: Gliscor|97/100 tox|[from] ability: Poison Heal
|upkeep
|turn|51
|
|t:|1759033865
|move|p2a: Gliscor|Protect|p2a: Gliscor
|-singleturn|p2a: Gliscor|Protect
|move|p1a: Meowscarada|Knock Off|p2a: Gliscor
|-start|p1a: Meowscarada|typechange|Dark|[from] ability: Protean
|-activate|p2a: Gliscor|move: Protect
|
|-heal|p2a: Gliscor|100/100 tox|[from] ability: Poison Heal
|upkeep
|turn|52
|
|t:|1759033875
|move|p1a: Meowscarada|Triple Axel|p2a: Gliscor
|-supereffective|p2a: Gliscor
|-damage|p2a: Gliscor|86/100 tox
|-supereffective|p2a: Gliscor
|-damage|p2a: Gliscor|54/100 tox
|-hitcount|p2a: Gliscor|2
|move|p2a: Gliscor|Toxic|p1a: Meowscarada|[miss]
|-miss|p2a: Gliscor|p1a: Meowscarada
|
|-heal|p2a: Gliscor|66/100 tox|[from] ability: Poison Heal
|upkeep
|turn|53
|c|☆St. Saturn|lol
|
|t:|1759033896
|move|p2a: Gliscor|Protect|p2a: Gliscor
|-singleturn|p2a: Gliscor|Protect
|move|p1a: Meowscarada|Triple Axel|p2a: Gliscor
|-activate|p2a: Gliscor|move: Protect
|
|-heal|p2a: Gliscor|79/100 tox|[from] ability: Poison Heal
|upkeep
|turn|54
|
|t:|1759033905
|switch|p2a: Weezing|Weezing-Galar, M|68/100
|-ability|p2a: Weezing|Neutralizing Gas
|move|p1a: Meowscarada|Triple Axel|p2a: Weezing
|-damage|p2a: Weezing|64/100
|-damage|p2a: Weezing|56/100
|-damage|p2a: Weezing|45/100
|-hitcount|p2a: Weezing|3
|
|upkeep
|turn|55
|
|t:|1759033917
|move|p1a: Meowscarada|U-turn|p2a: Weezing
|-resisted|p2a: Weezing
|-damage|p2a: Weezing|41/100
|
|t:|1759033918
|switch|p1a: Raging Bolt|Raging Bolt|100/100|[from] U-turn
|-damage|p1a: Raging Bolt|84/100|[from] Spikes
|move|p2a: Weezing|Pain Split|p1a: Raging Bolt
|-sethp|p1a: Raging Bolt|57/100|[from] move: Pain Split|[silent]
|-sethp|p2a: Weezing|77/100|[from] move: Pain Split
|
|upkeep
|turn|56
|
|t:|1759033935
|-end|p2a: Weezing|ability: Neutralizing Gas
|switch|p2a: Blissey|Blissey, F|74/100
|move|p1a: Raging Bolt|Thunderbolt|p2a: Blissey
|-damage|p2a: Blissey|59/100
|
|upkeep
|turn|57
|
|t:|1759033940
|move|p1a: Raging Bolt|Volt Switch|p2a: Blissey
|-damage|p2a: Blissey|47/100
|
|t:|1759033942
|-end|p1a: Raging Bolt|Protosynthesis|[silent]
|switch|p1a: Landorus|Landorus-Therian, M|63/100|[from] Volt Switch
|-ability|p1a: Landorus|Intimidate|boost
|-unboost|p2a: Blissey|atk|1
|move|p2a: Blissey|Soft-Boiled|p2a: Blissey
|-heal|p2a: Blissey|97/100
|
|upkeep
|turn|58
|
|t:|1759033950
|switch|p2a: Gliscor|Gliscor, F|79/100 tox
|-damage|p2a: Gliscor|66/100 tox|[from] Stealth Rock
|move|p1a: Landorus|Taunt|p2a: Gliscor
|-start|p2a: Gliscor|move: Taunt
|
|-heal|p2a: Gliscor|79/100 tox|[from] ability: Poison Heal
|upkeep
|turn|59
|
|t:|1759033958
|move|p1a: Landorus|U-turn|p2a: Gliscor
|-resisted|p2a: Gliscor
|-damage|p2a: Gliscor|72/100 tox
|
|t:|1759033967
|switch|p1a: Raging Bolt|Raging Bolt|57/100|[from] U-turn
|-damage|p1a: Raging Bolt|41/100|[from] Spikes
|move|p2a: Gliscor|Knock Off|p1a: Raging Bolt
|-damage|p1a: Raging Bolt|22/100
|-enditem|p1a: Raging Bolt|Assault Vest|[from] move: Knock Off|[of] p2a: Gliscor
|
|-heal|p2a: Gliscor|85/100 tox|[from] ability: Poison Heal
|upkeep
|turn|60
|
|t:|1759033976
|switch|p2a: Blissey|Blissey, F|97/100
|move|p1a: Raging Bolt|Draco Meteor|p2a: Blissey
|-damage|p2a: Blissey|75/100
|-unboost|p1a: Raging Bolt|spa|2
|
|upkeep
|turn|61
|
|t:|1759033981
|move|p1a: Raging Bolt|Volt Switch|p2a: Blissey
|-damage|p2a: Blissey|69/100
|
|t:|1759033985
|-end|p1a: Raging Bolt|Protosynthesis|[silent]
|switch|p1a: Alomomola|Alomomola, M|84/100 brn|[from] Volt Switch
|move|p2a: Blissey|Seismic Toss|p1a: Alomomola
|-damage|p1a: Alomomola|65/100 brn
|
|-damage|p1a: Alomomola|59/100 brn|[from] brn
|upkeep
|turn|62
|
|t:|1759033994
|switch|p2a: Gliscor|Gliscor, F|85/100 tox
|-damage|p2a: Gliscor|72/100 tox|[from] Stealth Rock
|move|p1a: Alomomola|Wish|p1a: Alomomola
|
|-heal|p2a: Gliscor|85/100 tox|[from] ability: Poison Heal
|-damage|p1a: Alomomola|53/100 brn|[from] brn
|upkeep
|turn|63
|
|t:|1759033998
|move|p2a: Gliscor|Spikes|p1a: Alomomola
|-sidestart|p1: waterdrinker48|Spikes
|move|p1a: Alomomola|Flip Turn|p2a: Gliscor
|-supereffective|p2a: Gliscor
|-damage|p2a: Gliscor|76/100 tox
|
|t:|1759034003
|switch|p1a: Landorus|Landorus-Therian, M|63/100|[from] Flip Turn
|-ability|p1a: Landorus|Intimidate|boost
|-unboost|p2a: Gliscor|atk|1
|
|-heal|p1a: Landorus|100/100|[from] move: Wish|[wisher] Alomomola
|-heal|p2a: Gliscor|89/100 tox|[from] ability: Poison Heal
|upkeep
|turn|64
|
|t:|1759034011
|switch|p2a: Clefable|Clefable, F|73/100
|move|p1a: Landorus|Taunt|p2a: Clefable
|-start|p2a: Clefable|move: Taunt
|
|upkeep
|turn|65
|
|t:|1759034014
|move|p1a: Landorus|Earthquake|p2a: Clefable
|-damage|p2a: Clefable|39/100
|move|p2a: Clefable|Moonblast|p1a: Landorus
|-damage|p1a: Landorus|69/100
|
|upkeep
|turn|66
|
|t:|1759034022
|switch|p2a: Gliscor|Gliscor, F|89/100 tox
|-damage|p2a: Gliscor|76/100 tox|[from] Stealth Rock
|move|p1a: Landorus|Taunt|p2a: Gliscor
|-start|p2a: Gliscor|move: Taunt
|
|-heal|p2a: Gliscor|89/100 tox|[from] ability: Poison Heal
|upkeep
|turn|67
|
|t:|1759034027
|move|p1a: Landorus|U-turn|p2a: Gliscor
|-resisted|p2a: Gliscor
|-damage|p2a: Gliscor|82/100 tox
|
|t:|1759034030
|switch|p1a: Hydreigon|Hydreigon, F|57/100|[from] U-turn
|move|p2a: Gliscor|Knock Off|p1a: Hydreigon
|-resisted|p1a: Hydreigon
|-damage|p1a: Hydreigon|48/100
|
|-heal|p2a: Gliscor|95/100 tox|[from] ability: Poison Heal
|upkeep
|turn|68
|
|t:|1759034037
|switch|p2a: Blissey|Blissey, F|69/100
|move|p1a: Hydreigon|Dark Pulse|p2a: Blissey
|-crit|p2a: Blissey
|-damage|p2a: Blissey|48/100
|
|upkeep
|turn|69
|
|t:|1759034041
|move|p1a: Hydreigon|U-turn|p2a: Blissey
|-damage|p2a: Blissey|31/100
|
|t:|1759034044
|switch|p1a: Alomomola|Alomomola, M|86/100 brn|[from] U-turn
|move|p2a: Blissey|Soft-Boiled|p2a: Blissey
|-heal|p2a: Blissey|81/100
|
|-damage|p1a: Alomomola|80/100 brn|[from] brn
|upkeep
|turn|70
|
|t:|1759034050
|switch|p2a: Clefable|Clefable, F|39/100
|move|p1a: Alomomola|Wish|p1a: Alomomola
|
|-damage|p1a: Alomomola|74/100 brn|[from] brn
|upkeep
|turn|71
|
|t:|1759034053
|move|p1a: Alomomola|Flip Turn|p2a: Clefable
|-damage|p2a: Clefable|32/100
|
|t:|1759034057
|switch|p1a: Hydreigon|Hydreigon, F|48/100|[from] Flip Turn
|move|p2a: Clefable|Wish|p2a: Clefable
|
|-heal|p1a: Hydreigon|100/100|[from] move: Wish|[wisher] Alomomola
|upkeep
|turn|72
|
|t:|1759034063
|move|p2a: Clefable|Protect|p2a: Clefable
|-singleturn|p2a: Clefable|Protect
|move|p1a: Hydreigon|U-turn|p2a: Clefable
|-activate|p2a: Clefable|move: Protect
|
|-heal|p2a: Clefable|82/100|[from] move: Wish|[wisher] Clefable
|upkeep
|turn|73
|
|t:|1759034070
|move|p1a: Hydreigon|U-turn|p2a: Clefable
|-resisted|p2a: Clefable
|-damage|p2a: Clefable|76/100
|
|t:|1759034073
|switch|p1a: Landorus|Landorus-Therian, M|69/100|[from] U-turn
|-ability|p1a: Landorus|Intimidate|boost
|-unboost|p2a: Clefable|atk|1
|move|p2a: Clefable|Moonblast|p1a: Landorus
|-damage|p1a: Landorus|38/100
|
|upkeep
|turn|74
|
|t:|1759034080
|move|p1a: Landorus|U-turn|p2a: Clefable
|-resisted|p2a: Clefable
|-damage|p2a: Clefable|68/100
|
|t:|1759034083
|switch|p1a: Alomomola|Alomomola, M|100/100 brn|[from] U-turn
|move|p2a: Clefable|Moonblast|p1a: Alomomola
|-damage|p1a: Alomomola|65/100 brn
|-unboost|p1a: Alomomola|spa|1
|
|-damage|p1a: Alomomola|59/100 brn|[from] brn
|upkeep
|turn|75
|
|t:|1759034089
|move|p1a: Alomomola|Flip Turn|p2a: Clefable
|-damage|p2a: Clefable|62/100
|
|t:|1759034093
|switch|p1a: Landorus|Landorus-Therian, M|38/100|[from] Flip Turn
|-ability|p1a: Landorus|Intimidate|boost
|-unboost|p2a: Clefable|atk|1
|move|p2a: Clefable|Moonblast|p1a: Landorus
|-damage|p1a: Landorus|2/100
|
|upkeep
|turn|76
|
|t:|1759034099
|move|p1a: Landorus|U-turn|p2a: Clefable
|-resisted|p2a: Clefable
|-damage|p2a: Clefable|54/100
|
|t:|1759034102
|switch|p1a: Alomomola|Alomomola, M|92/100 brn|[from] U-turn
|move|p2a: Clefable|Moonblast|p1a: Alomomola
|-damage|p1a: Alomomola|58/100 brn
|-unboost|p1a: Alomomola|spa|1
|
|-damage|p1a: Alomomola|52/100 brn|[from] brn
|upkeep
|turn|77
|
|t:|1759034108
|move|p1a: Alomomola|Wish|p1a: Alomomola
|move|p2a: Clefable|Knock Off|p1a: Alomomola
|-damage|p1a: Alomomola|48/100 brn
|-enditem|p1a: Alomomola|Heavy-Duty Boots|[from] move: Knock Off|[of] p2a: Clefable
|
|-damage|p1a: Alomomola|41/100 brn|[from] brn
|upkeep
|turn|78
|
|t:|1759034112
|move|p1a: Alomomola|Flip Turn|p2a: Clefable
|-damage|p2a: Clefable|49/100
|
|t:|1759034120
|switch|p1a: Raging Bolt|Raging Bolt|22/100|[from] Flip Turn
|-damage|p1a: Raging Bolt|0 fnt|[from] Spikes
|faint|p1a: Raging Bolt
|-end|p1a: Raging Bolt|Protosynthesis|[silent]
|move|p2a: Clefable|Wish|p2a: Clefable
|
|upkeep
|
|t:|1759034122
|switch|p1a: Alomomola|Alomomola, M|75/100 brn
|-damage|p1a: Alomomola|50/100 brn|[from] Spikes
|turn|79
|
|t:|1759034127
|move|p1a: Alomomola|Wish|p1a: Alomomola
|move|p2a: Clefable|Moonblast|p1a: Alomomola
|-damage|p1a: Alomomola|14/100 brn
|
|-heal|p2a: Clefable|99/100|[from] move: Wish|[wisher] Clefable
|-damage|p1a: Alomomola|8/100 brn|[from] brn
|upkeep
|turn|80
|
|t:|1759034131
|move|p1a: Alomomola|Protect|p1a: Alomomola
|-singleturn|p1a: Alomomola|Protect
|move|p2a: Clefable|Moonblast|p1a: Alomomola
|-activate|p1a: Alomomola|move: Protect
|
|-heal|p1a: Alomomola|58/100 brn|[from] move: Wish|[wisher] Alomomola
|-damage|p1a: Alomomola|52/100 brn|[from] brn
|upkeep
|turn|81
|
|t:|1759034142
|move|p1a: Alomomola|Wish|p1a: Alomomola
|move|p2a: Clefable|Moonblast|p1a: Alomomola
|-damage|p1a: Alomomola|14/100 brn
|
|-damage|p1a: Alomomola|8/100 brn|[from] brn
|upkeep
|turn|82
|
|t:|1759034149
|move|p1a: Alomomola|Flip Turn|p2a: Clefable
|-damage|p2a: Clefable|93/100
|
|t:|1759034151
|switch|p1a: Meowscarada|Meowscarada, M|100/100|[from] Flip Turn
|-damage|p1a: Meowscarada|76/100|[from] Spikes
|move|p2a: Clefable|Moonblast|p1a: Meowscarada
|-supereffective|p1a: Meowscarada
|-crit|p1a: Meowscarada
|-damage|p1a: Meowscarada|0 fnt
|faint|p1a: Meowscarada
|
|upkeep
|
|t:|1759034155
|switch|p1a: Landorus|Landorus-Therian, M|2/100
|-ability|p1a: Landorus|Intimidate|boost
|-unboost|p2a: Clefable|atk|1
|turn|83
|
|t:|1759034158
|move|p1a: Landorus|Earthquake|p2a: Clefable
|-damage|p2a: Clefable|56/100
|move|p2a: Clefable|Moonblast|p1a: Landorus
|-crit|p1a: Landorus
|-damage|p1a: Landorus|0 fnt
|faint|p1a: Landorus
|
|upkeep
|c|☆St. Saturn|no shot i win this
|
|t:|1759034166
|switch|p1a: Hydreigon|Hydreigon, F|100/100
|turn|84
|c|☆St. Saturn|2 poison misses, 3/3 turns of confusion yet no hits
|c|☆St. Saturn|no way right
|
|t:|1759034173
|switch|p2a: Blissey|Blissey, F|81/100
|-terastallize|p1a: Hydreigon|Fire
|move|p1a: Hydreigon|Flamethrower|p2a: Blissey
|-damage|p2a: Blissey|66/100
|
|upkeep
|turn|85
|
|t:|1759034181
|move|p1a: Hydreigon|Dark Pulse|p2a: Blissey
|-damage|p2a: Blissey|51/100
|move|p2a: Blissey|Soft-Boiled|p2a: Blissey
|-heal|p2a: Blissey|100/100
|
|upkeep
|turn|86
|inactive|waterdrinker48 has 120 seconds left.
|-message|waterdrinker48 forfeited.
|
|win|St. Saturn
|raw|waterdrinker48's rating: 1296 &rarr; <strong>1276</strong><br />(-20 for losing)
|raw|St. Saturn's rating: 1364 &rarr; <strong>1380</strong><br />(+16 for winning)
|l|☆waterdrinker48
|player|p1|
