|j|☆Ozanax
|j|☆isochrysis
|t:|1758999165
|gametype|singles
|player|p1|Ozanax|blaine|1174
|player|p2|isochrysis|psychic-gen4|1167
|gen|9
|tier|[Gen 9] OU
|rated|
|rule|HP Percentage Mod: HP is shown in percentages
|rule|Endless Battle Clause: Forcing endless battles is banned
|rule|Species Clause: Limit one of each Pokémon
|rule|OHKO Clause: OHKO moves are banned
|rule|Evasion Items Clause: Evasion items are banned
|rule|Evasion Moves Clause: Evasion moves are banned
|rule|Evasion Abilities Clause: Evasion abilities are banned
|rule|Sleep Moves Clause: Sleep-inducing moves are banned
|clearpoke
|poke|p1|Cinderace, M|
|poke|p1|Garchomp, F|
|poke|p1|Blastoise, F|
|poke|p1|Pecharunt|
|poke|p1|Hatterene, F|
|poke|p1|Moltres-Galar|
|poke|p2|Thundurus, M|
|poke|p2|Weavile, F|
|poke|p2|Gyarados, M|
|poke|p2|Jirachi|
|poke|p2|Noctowl, F|
|poke|p2|Garchomp, F|
|teampreview
|inactive|Battle timer is ON: inactive players will automatically lose when time's up. (requested by Ozanax)
|
|t:|1758999174
|teamsize|p1|6
|teamsize|p2|6
|start
|switch|p1a: Blastoise|Blastoise, F|100/100
|switch|p2a: Noctowl|Noctowl, F|100/100
|turn|1
|-activate|p2a: Noctowl|item: Quick Claw
|
|t:|1758999181
|move|p2a: Noctowl|Nasty Plot|p2a: Noctowl
|-boost|p2a: Noctowl|spa|2
|move|p1a: Blastoise|Flip Turn|p2a: Noctowl
|-damage|p2a: Noctowl|73/100
|
|t:|1758999198
|switch|p1a: Cinderace|Cinderace, M|100/100|[from] Flip Turn
|
|upkeep
|turn|2
|
|t:|1758999210
|move|p1a: Cinderace|Pyro Ball|p2a: Noctowl
|-damage|p2a: Noctowl|0 fnt
|faint|p2a: Noctowl
|
|upkeep
|
|t:|1758999219
|switch|p2a: Garchomp|Garchomp, F|100/100
|turn|3
|
|t:|1758999237
|switch|p1a: Blastoise|Blastoise, F|100/100
|move|p2a: Garchomp|Swords Dance|p2a: Garchomp
|-boost|p2a: Garchomp|atk|2
|
|upkeep
|turn|4
|
|t:|1758999246
|-terastallize|p2a: Garchomp|Fairy
|move|p1a: Blastoise|Surf|p2a: Garchomp
|-damage|p2a: Garchomp|67/100
|move|p2a: Garchomp|Dragon Tail|p1a: Blastoise
|-damage|p1a: Blastoise|45/100
|drag|p1a: Pecharunt|Pecharunt|100/100
|
|upkeep
|turn|5
|
|t:|1758999254
|move|p2a: Garchomp|Earthquake|p1a: Pecharunt
|-supereffective|p1a: Pecharunt
|-damage|p1a: Pecharunt|10/100
|move|p1a: Pecharunt|Malignant Chain|p2a: Garchomp
|-supereffective|p2a: Garchomp
|-damage|p2a: Garchomp|0 fnt
|faint|p2a: Garchomp
|
|upkeep
|
|t:|1758999260
|switch|p2a: Weavile|Weavile, F|100/100
|turn|6
|
|t:|1758999263
|move|p2a: Weavile|Icicle Crash|p1a: Pecharunt
|-damage|p1a: Pecharunt|0 fnt
|faint|p1a: Pecharunt
|
|upkeep
|
|t:|1758999267
|switch|p1a: Cinderace|Cinderace, M|100/100
|turn|7
|
|t:|1758999276
|switch|p2a: Gyarados|Gyarados, M|100/100
|-ability|p2a: Gyarados|Intimidate|boost
|-unboost|p1a: Cinderace|atk|1
|move|p1a: Cinderace|Pyro Ball|p2a: Gyarados
|-resisted|p2a: Gyarados
|-damage|p2a: Gyarados|66/100
|
|upkeep
|turn|8
|
|t:|1758999285
|switch|p1a: Blastoise|Blastoise, F|45/100
|move|p2a: Gyarados|Earthquake|p1a: Blastoise
|-damage|p1a: Blastoise|11/100
|
|upkeep
|turn|9
|
|t:|1758999291
|move|p2a: Gyarados|Earthquake|p1a: Blastoise
|-damage|p1a: Blastoise|0 fnt
|faint|p1a: Blastoise
|
|upkeep
|
|t:|1758999295
|switch|p1a: Hatterene|Hatterene, F|100/100
|turn|10
|
|t:|1758999300
|move|p2a: Gyarados|Dragon Dance|p2a: Gyarados
|-boost|p2a: Gyarados|atk|1
|-boost|p2a: Gyarados|spe|1
|-enditem|p1a: Hatterene|Mirror Herb
|-boost|p1a: Hatterene|atk|1|[from] item: Mirror Herb
|-boost|p1a: Hatterene|spe|1|[from] item: Mirror Herb
|move|p1a: Hatterene|Nuzzle|p2a: Gyarados
|-supereffective|p2a: Gyarados
|-damage|p2a: Gyarados|31/100
|-status|p2a: Gyarados|par
|-damage|p1a: Hatterene|84/100|[from] item: Rocky Helmet|[of] p2a: Gyarados
|
|upkeep
|turn|11
|
|t:|1758999313
|move|p2a: Gyarados|Iron Head|p1a: Hatterene
|-supereffective|p1a: Hatterene
|-damage|p1a: Hatterene|0 fnt
|faint|p1a: Hatterene
|
|upkeep
|
|t:|1758999327
|switch|p1a: Moltres|Moltres-Galar|100/100
|turn|12
|
|t:|1758999335
|move|p1a: Moltres|Agility|p1a: Moltres
|-boost|p1a: Moltres|spe|2
|move|p2a: Gyarados|Waterfall|p1a: Moltres
|-damage|p1a: Moltres|24/100
|-ability|p1a: Moltres|Berserk|boost
|-boost|p1a: Moltres|spa|1
|-enditem|p1a: Moltres|Sitrus Berry|[eat]
|-heal|p1a: Moltres|49/100|[from] item: Sitrus Berry
|
|upkeep
|turn|13
|
|t:|1758999346
|move|p1a: Moltres|Fiery Wrath|p2a: Gyarados
|-damage|p2a: Gyarados|0 fnt
|faint|p2a: Gyarados
|
|upkeep
|
|t:|1758999359
|switch|p2a: Jirachi|Jirachi|100/100
|turn|14
|
|t:|1758999367
|move|p1a: Moltres|Fiery Wrath|p2a: Jirachi
|-supereffective|p2a: Jirachi
|-damage|p2a: Jirachi|0 fnt
|faint|p2a: Jirachi
|
|upkeep
|
|t:|1758999372
|switch|p2a: Thundurus|Thundurus, M|100/100
|turn|15
|inactive|Ozanax has 120 seconds left.
|
|t:|1758999418
|-terastallize|p1a: Moltres|Fairy
|move|p2a: Thundurus|Thunder Wave|p1a: Moltres
|-status|p1a: Moltres|par
|move|p1a: Moltres|Tera Blast|p2a: Thundurus|[anim] Tera Blast Fairy
|-damage|p2a: Thundurus|55/100
|
|upkeep
|turn|16
|
|t:|1758999432
|cant|p1a: Moltres|par
|move|p2a: Thundurus|Thunderbolt|p1a: Moltres
|-damage|p1a: Moltres|9/100 par
|-damage|p2a: Thundurus|46/100|[from] item: Life Orb
|
|upkeep
|turn|17
|
|t:|1758999439
|move|p1a: Moltres|Fiery Wrath|p2a: Thundurus
|-damage|p2a: Thundurus|0 fnt
|faint|p2a: Thundurus
|
|upkeep
|
|t:|1758999443
|switch|p2a: Weavile|Weavile, F|100/100
|turn|18
|
|t:|1758999447
|move|p2a: Weavile|Fake Out|p1a: Moltres
|-damage|p1a: Moltres|0 fnt
|faint|p1a: Moltres
|
|upkeep
|
|t:|1758999450
|switch|p1a: Cinderace|Cinderace, M|100/100
|turn|19
|
|t:|1758999455
|move|p2a: Weavile|Knock Off|p1a: Cinderace
|-damage|p1a: Cinderace|34/100
|-enditem|p1a: Cinderace|Choice Band|[from] move: Knock Off|[of] p2a: Weavile
|move|p1a: Cinderace|Pyro Ball|p2a: Weavile
|-supereffective|p2a: Weavile
|-damage|p2a: Weavile|0 fnt
|faint|p2a: Weavile
|
|win|Ozanax
|raw|Ozanax's rating: 1174 &rarr; <strong>1198</strong><br />(+24 for winning)
|raw|isochrysis's rating: 1167 &rarr; <strong>1143</strong><br />(-24 for losing)
|l|☆isochrysis
|player|p2|
