|j|☆What1sAWoman??
|j|☆blueflea.n
|t:|1759067236
|gametype|singles
|player|p1|What1sAWoman??|2|1216
|player|p2|blueflea.n|darach-caitlin|1240
|gen|9
|tier|[Gen 9] OU
|rated|
|rule|HP Percentage Mod: HP is shown in percentages
|rule|Endless Battle Clause: Forcing endless battles is banned
|rule|Species Clause: Limit one of each Pokémon
|rule|OHKO Clause: OHKO moves are banned
|rule|Evasion Items Clause: Evasion items are banned
|rule|Evasion Moves Clause: Evasion moves are banned
|rule|Evasion Abilities Clause: Evasion abilities are banned
|rule|Sleep Moves Clause: Sleep-inducing moves are banned
|clearpoke
|poke|p1|Serperior, F|
|poke|p1|Dusclops, M|
|poke|p1|Gengar, M|
|poke|p1|Clefable, M|
|poke|p1|Hitmonlee, M|
|poke|p1|Gyarados, M|
|poke|p2|Ninetales, F|
|poke|p2|Venusaur, M|
|poke|p2|Great Tusk|
|poke|p2|Walking Wake|
|poke|p2|Hatterene, F|
|poke|p2|Kingambit, M|
|teampreview
|j| shreves0
|
|t:|1759067251
|teamsize|p1|6
|teamsize|p2|6
|start
|switch|p1a: Imhotep|Dusclops, M|100/100
|switch|p2a: Ninetales|Ninetales, F|100/100
|-weather|SunnyDay|[from] ability: Drought|[of] p2a: Ninetales
|-ability|p1a: Imhotep|Pressure
|turn|1
|
|t:|1759067255
|move|p2a: Ninetales|Flamethrower|p1a: Imhotep
|-damage|p1a: Imhotep|73/100
|move|p1a: Imhotep|Curse|p2a: Ninetales
|-start|p2a: Ninetales|Curse|[of] p1a: Imhotep
|-damage|p1a: Imhotep|23/100
|
|-weather|SunnyDay|[upkeep]
|-damage|p2a: Ninetales|76/100|[from] Curse
|upkeep
|turn|2
|
|t:|1759067264
|switch|p2a: Kingambit|Kingambit, M|100/100
|switch|p1a: Gyarados|Gyarados, M|100/100
|
|-weather|SunnyDay|[upkeep]
|upkeep
|turn|3
|
|t:|1759067276
|-end|p2a: Kingambit|fallenundefined|[silent]
|switch|p2a: Hatterene|Hatterene, F|100/100
|move|p1a: Gyarados|Dragon Dance|p1a: Gyarados
|-boost|p1a: Gyarados|atk|1
|-boost|p1a: Gyarados|spe|1
|
|-weather|SunnyDay|[upkeep]
|upkeep
|turn|4
|
|t:|1759067280
|move|p1a: Gyarados|Waterfall|p2a: Hatterene
|-damage|p2a: Hatterene|71/100
|-enditem|p2a: Hatterene|Eject Button
|inactive|Battle timer is ON: inactive players will automatically lose when time's up. (requested by What1sAWoman??)
|
|t:|1759067303
|switch|p2a: Venusaur|Venusaur, M|100/100
|
|-weather|SunnyDay|[upkeep]
|upkeep
|turn|5
|
|t:|1759067312
|move|p2a: Venusaur|Sludge Bomb|p1a: Gyarados
|-damage|p1a: Gyarados|40/100
|-status|p1a: Gyarados|psn
|-damage|p2a: Venusaur|91/100|[from] item: Life Orb
|move|p1a: Gyarados|Dragon Dance|p1a: Gyarados
|-boost|p1a: Gyarados|atk|1
|-boost|p1a: Gyarados|spe|1
|
|-weather|SunnyDay|[upkeep]
|-damage|p1a: Gyarados|28/100 psn|[from] psn
|upkeep
|turn|6
|
|t:|1759067321
|switch|p2a: Hatterene|Hatterene, F|71/100
|move|p1a: Gyarados|Earthquake|p2a: Hatterene
|-damage|p2a: Hatterene|4/100
|
|-weather|SunnyDay|[upkeep]
|-damage|p1a: Gyarados|15/100 psn|[from] psn
|upkeep
|turn|7
|
|t:|1759067329
|switch|p2a: Great Tusk|Great Tusk|100/100
|-activate|p2a: Great Tusk|ability: Protosynthesis
|-start|p2a: Great Tusk|protosynthesisatk
|move|p1a: Gyarados|Earthquake|p2a: Great Tusk
|-damage|p2a: Great Tusk|42/100
|
|-weather|SunnyDay|[upkeep]
|-damage|p1a: Gyarados|3/100 psn|[from] psn
|upkeep
|turn|8
|
|t:|1759067343
|-end|p2a: Great Tusk|Protosynthesis|[silent]
|switch|p2a: Hatterene|Hatterene, F|4/100
|move|p1a: Gyarados|Waterfall|p2a: Hatterene
|-damage|p2a: Hatterene|0 fnt
|faint|p2a: Hatterene
|-ability|p1a: Gyarados|Moxie|boost
|-boost|p1a: Gyarados|atk|1
|
|-weather|none
|-damage|p1a: Gyarados|0 fnt|[from] psn
|faint|p1a: Gyarados
|upkeep
|
|t:|1759067354
|switch|p1a: Imhotep|Dusclops, M|23/100
|switch|p2a: Kingambit|Kingambit, M|100/100
|-activate|p2a: Kingambit|ability: Supreme Overlord
|-start|p2a: Kingambit|fallen1|[silent]
|-ability|p1a: Imhotep|Pressure
|turn|9
|
|t:|1759067358
|move|p2a: Kingambit|Kowtow Cleave|p1a: Imhotep
|-supereffective|p1a: Imhotep
|-damage|p1a: Imhotep|0 fnt
|faint|p1a: Imhotep
|
|upkeep
|
|t:|1759067361
|switch|p1a: Hitmonlee|Hitmonlee, M|100/100
|turn|10
|
|t:|1759067371
|-end|p2a: Kingambit|fallen1|[silent]
|switch|p2a: Ninetales|Ninetales, F|76/100
|-weather|SunnyDay|[from] ability: Drought|[of] p2a: Ninetales
|move|p1a: Hitmonlee|Brick Break|p2a: Ninetales
|-damage|p2a: Ninetales|26/100
|
|-weather|SunnyDay|[upkeep]
|upkeep
|turn|11
|
|t:|1759067376
|move|p2a: Ninetales|Will-O-Wisp|p1a: Hitmonlee|[miss]
|-miss|p2a: Ninetales|p1a: Hitmonlee
|move|p1a: Hitmonlee|Knock Off|p2a: Ninetales
|-damage|p2a: Ninetales|0 fnt
|-enditem|p2a: Ninetales|Heat Rock|[from] move: Knock Off|[of] p1a: Hitmonlee
|faint|p2a: Ninetales
|
|-weather|SunnyDay|[upkeep]
|upkeep
|
|t:|1759067380
|switch|p2a: Walking Wake|Walking Wake|100/100
|-activate|p2a: Walking Wake|ability: Protosynthesis
|-start|p2a: Walking Wake|protosynthesisspe
|turn|12
|
|t:|1759067391
|-terastallize|p2a: Walking Wake|Water
|move|p2a: Walking Wake|Hydro Steam|p1a: Hitmonlee
|-crit|p1a: Hitmonlee
|-enditem|p1a: Hitmonlee|Focus Sash
|-damage|p1a: Hitmonlee|1/100
|move|p1a: Hitmonlee|Knock Off|p2a: Walking Wake
|-damage|p2a: Walking Wake|64/100
|-enditem|p2a: Walking Wake|Choice Specs|[from] move: Knock Off|[of] p1a: Hitmonlee
|
|-weather|SunnyDay|[upkeep]
|upkeep
|turn|13
|inactive|blueflea.n has 120 seconds left.
|
|t:|1759067433
|move|p1a: Hitmonlee|Brick Break|p2a: Walking Wake
|-damage|p2a: Walking Wake|18/100
|move|p2a: Walking Wake|Flamethrower|p1a: Hitmonlee
|-damage|p1a: Hitmonlee|0 fnt
|faint|p1a: Hitmonlee
|
|-weather|SunnyDay|[upkeep]
|upkeep
|
|t:|1759067451
|switch|p1a: Gengar|Gengar, M|100/100
|turn|14
|
|t:|1759067456
|move|p2a: Walking Wake|Hydro Steam|p1a: Gengar
|-enditem|p1a: Gengar|Focus Sash
|-damage|p1a: Gengar|1/100
|move|p1a: Gengar|Sludge Wave|p2a: Walking Wake
|-damage|p2a: Walking Wake|0 fnt
|faint|p2a: Walking Wake
|-end|p2a: Walking Wake|Protosynthesis|[silent]
|
|-weather|SunnyDay|[upkeep]
|upkeep
|
|t:|1759067460
|switch|p2a: Venusaur|Venusaur, M|91/100
|turn|15
|
|t:|1759067470
|move|p2a: Venusaur|Giga Drain|p1a: Gengar
|-resisted|p1a: Gengar
|-damage|p1a: Gengar|0 fnt
|-heal|p2a: Venusaur|91/100|[from] drain|[of] p1a: Gengar
|faint|p1a: Gengar
|-damage|p2a: Venusaur|81/100|[from] item: Life Orb
|
|-weather|SunnyDay|[upkeep]
|upkeep
|
|t:|1759067474
|switch|p1a: Clefable|Clefable, M|100/100
|turn|16
|
|t:|1759067482
|move|p2a: Venusaur|Sludge Bomb|p1a: Clefable
|-supereffective|p1a: Clefable
|-damage|p1a: Clefable|0 fnt
|faint|p1a: Clefable
|-damage|p2a: Venusaur|71/100|[from] item: Life Orb
|
|-weather|SunnyDay|[upkeep]
|upkeep
|
|t:|1759067486
|switch|p1a: Serperior|Serperior, F|100/100
|turn|17
|
|t:|1759067490
|-terastallize|p1a: Serperior|Rock
|move|p2a: Venusaur|Weather Ball|p1a: Serperior
|-resisted|p1a: Serperior
|-damage|p1a: Serperior|61/100
|-damage|p2a: Venusaur|61/100|[from] item: Life Orb
|move|p1a: Serperior|Glare|p2a: Venusaur
|-status|p2a: Venusaur|par
|
|-weather|none
|-heal|p1a: Serperior|67/100|[from] item: Leftovers
|upkeep
|turn|18
|
|t:|1759067496
|move|p1a: Serperior|Leaf Storm|p2a: Venusaur
|-resisted|p2a: Venusaur
|-damage|p2a: Venusaur|47/100 par
|-boost|p1a: Serperior|spa|2
|move|p2a: Venusaur|Giga Drain|p1a: Serperior
|-supereffective|p1a: Serperior
|-damage|p1a: Serperior|0 fnt
|-heal|p2a: Venusaur|80/100 par|[from] drain|[of] p1a: Serperior
|faint|p1a: Serperior
|-damage|p2a: Venusaur|70/100 par|[from] item: Life Orb
|
|win|blueflea.n
|raw|What1sAWoman??'s rating: 1216 &rarr; <strong>1193</strong><br />(-23 for losing)
|raw|blueflea.n's rating: 1240 &rarr; <strong>1263</strong><br />(+23 for winning)
|l|☆What1sAWoman??
|player|p1|
|l|☆blueflea.n
|player|p2|
