|j|☆calondro
|j|☆Gaskeep Gatelight
|t:|1759023695
|gametype|singles
|player|p1|calondro|266|1192
|player|p2|Gaskeep Gatelight|169|1168
|gen|9
|tier|[Gen 9] OU
|rated|
|rule|HP Percentage Mod: HP is shown in percentages
|rule|Endless Battle Clause: Forcing endless battles is banned
|rule|Species Clause: Limit one of each Pokémon
|rule|OHKO Clause: OHKO moves are banned
|rule|Evasion Items Clause: Evasion items are banned
|rule|Evasion Moves Clause: Evasion moves are banned
|rule|Evasion Abilities Clause: Evasion abilities are banned
|rule|Sleep Moves Clause: Sleep-inducing moves are banned
|clearpoke
|poke|p1|Dragonite, F|
|poke|p1|Deoxys-Speed|
|poke|p1|Great Tusk|
|poke|p1|Kingambit, M|
|poke|p1|Glimmora, M|
|poke|p1|Iron Valiant|
|poke|p2|Frosmoth, F|
|poke|p2|Pincurchin, M|
|poke|p2|Raichu-Alola, F|
|poke|p2|Iron Hands|
|poke|p2|Rotom-Wash|
|poke|p2|Pawmot, M|
|teampreview
|
|t:|1759023713
|teamsize|p1|6
|teamsize|p2|6
|start
|switch|p1a: Deoxys|Deoxys-Speed|100/100
|switch|p2a: OH YEAH!!! YEAH!!|Pincurchin, M|100/100
|-ability|p1a: Deoxys|Pressure
|-fieldstart|move: Electric Terrain|[from] ability: Electric Surge|[of] p2a: OH YEAH!!! YEAH!!
|turn|1
|
|t:|1759023722
|move|p1a: Deoxys|Taunt|p2a: OH YEAH!!! YEAH!!
|-start|p2a: OH YEAH!!! YEAH!!|move: Taunt
|cant|p2a: OH YEAH!!! YEAH!!|move: Taunt|Thunder Wave
|
|upkeep
|turn|2
|
|t:|1759023728
|switch|p2a: Iron Deficiency|Iron Hands|100/100
|-activate|p2a: Iron Deficiency|ability: Quark Drive
|-start|p2a: Iron Deficiency|quarkdriveatk
|move|p1a: Deoxys|Light Screen|p1a: Deoxys
|-sidestart|p1: calondro|move: Light Screen
|
|upkeep
|turn|3
|
|t:|1759023735
|move|p1a: Deoxys|Reflect|p1a: Deoxys
|-sidestart|p1: calondro|Reflect
|move|p2a: Iron Deficiency|Swords Dance|p2a: Iron Deficiency
|-boost|p2a: Iron Deficiency|atk|2
|
|upkeep
|turn|4
|-activate|p2a: Iron Deficiency|item: Quick Claw
|
|t:|1759023744
|move|p2a: Iron Deficiency|Supercell Slam|p1a: Deoxys
|-damage|p1a: Deoxys|0 fnt
|faint|p1a: Deoxys
|
|upkeep
|
|t:|1759023758
|switch|p1a: Iron Valiant|Iron Valiant|100/100
|-activate|p1a: Iron Valiant|ability: Quark Drive
|-start|p1a: Iron Valiant|quarkdrivespe
|turn|5
|
|t:|1759023764
|-terastallize|p2a: Iron Deficiency|Flying
|move|p1a: Iron Valiant|Moonblast|p2a: Iron Deficiency
|-damage|p2a: Iron Deficiency|53/100
|move|p2a: Iron Deficiency|Supercell Slam|p1a: Iron Valiant
|-damage|p1a: Iron Valiant|0 fnt
|faint|p1a: Iron Valiant
|-end|p1a: Iron Valiant|Quark Drive|[silent]
|
|upkeep
|
|t:|1759023775
|switch|p1a: Great Tusk|Great Tusk|100/100
|-enditem|p1a: Great Tusk|Booster Energy
|-activate|p1a: Great Tusk|ability: Protosynthesis|[fromitem]
|-start|p1a: Great Tusk|protosynthesisspe
|turn|6
|
|t:|1759023783
|move|p1a: Great Tusk|Head Smash|p2a: Iron Deficiency
|-supereffective|p2a: Iron Deficiency
|-damage|p2a: Iron Deficiency|2/100
|-damage|p1a: Great Tusk|74/100|[from] Recoil
|move|p2a: Iron Deficiency|Ice Punch|p1a: Great Tusk
|-supereffective|p1a: Great Tusk
|-damage|p1a: Great Tusk|27/100
|
|upkeep
|turn|7
|-activate|p2a: Iron Deficiency|item: Quick Claw
|
|t:|1759023795
|move|p2a: Iron Deficiency|Drain Punch|p1a: Great Tusk
|-damage|p1a: Great Tusk|0 fnt
|-heal|p2a: Iron Deficiency|15/100|[from] drain|[of] p1a: Great Tusk
|faint|p1a: Great Tusk
|-end|p1a: Great Tusk|Protosynthesis|[silent]
|
|upkeep
|
|t:|1759023813
|switch|p1a: Dragonite|Dragonite, F, shiny|100/100
|turn|8
|
|t:|1759023818
|move|p1a: Dragonite|Substitute|p1a: Dragonite
|-start|p1a: Dragonite|Substitute
|-damage|p1a: Dragonite|76/100
|move|p2a: Iron Deficiency|Ice Punch|p1a: Dragonite
|-supereffective|p1a: Dragonite
|-end|p1a: Dragonite|Substitute
|
|-heal|p1a: Dragonite|82/100|[from] item: Leftovers
|-fieldend|move: Electric Terrain
|-end|p2a: Iron Deficiency|Quark Drive
|upkeep
|turn|9
|
|t:|1759023829
|move|p1a: Dragonite|Tera Blast|p2a: Iron Deficiency
|-crit|p2a: Iron Deficiency
|-damage|p2a: Iron Deficiency|0 fnt
|faint|p2a: Iron Deficiency
|-end|p2a: Iron Deficiency|Quark Drive|[silent]
|
|-heal|p1a: Dragonite|88/100|[from] item: Leftovers
|-sideend|p1: calondro|move: Light Screen
|upkeep
|
|t:|1759023841
|switch|p2a: Finger Eleven|Frosmoth, F, shiny|100/100
|turn|10
|
|t:|1759023846
|switch|p1a: Glimmora|Glimmora, M|100/100
|move|p2a: Finger Eleven|Ice Beam|p1a: Glimmora
|-damage|p1a: Glimmora|42/100
|
|-sideend|p1: calondro|Reflect
|upkeep
|turn|11
|
|t:|1759023860
|switch|p2a: William O' Wisp|Rotom-Wash|100/100
|move|p1a: Glimmora|Meteor Beam||[still]
|-prepare|p1a: Glimmora|Meteor Beam
|-boost|p1a: Glimmora|spa|1
|-enditem|p1a: Glimmora|Power Herb
|-anim|p1a: Glimmora|Meteor Beam|p2a: William O' Wisp
|-damage|p2a: William O' Wisp|5/100
|
|upkeep
|turn|12
|
|t:|1759023870
|move|p1a: Glimmora|Mortal Spin|p2a: William O' Wisp
|-crit|p2a: William O' Wisp
|-damage|p2a: William O' Wisp|0 fnt
|faint|p2a: William O' Wisp
|
|upkeep
|
|t:|1759023876
|switch|p2a: OH YEAH!!! YEAH!!|Pincurchin, M|100/100
|-fieldstart|move: Electric Terrain|[from] ability: Electric Surge|[of] p2a: OH YEAH!!! YEAH!!
|turn|13
|
|t:|1759023888
|move|p1a: Glimmora|Stealth Rock|p2a: OH YEAH!!! YEAH!!
|-sidestart|p2: Gaskeep Gatelight|move: Stealth Rock
|move|p2a: OH YEAH!!! YEAH!!|Discharge|p1a: Glimmora
|-damage|p1a: Glimmora|0 fnt
|faint|p1a: Glimmora
|
|upkeep
|
|t:|1759023896
|switch|p1a: Kingambit|Kingambit, M|100/100
|-activate|p1a: Kingambit|ability: Supreme Overlord
|-start|p1a: Kingambit|fallen4|[silent]
|turn|14
|
|t:|1759023900
|move|p1a: Kingambit|Swords Dance|p1a: Kingambit
|-boost|p1a: Kingambit|atk|2
|move|p2a: OH YEAH!!! YEAH!!|Thunder Wave|p1a: Kingambit|[miss]
|-miss|p2a: OH YEAH!!! YEAH!!|p1a: Kingambit
|
|upkeep
|turn|15
|
|t:|1759023909
|move|p1a: Kingambit|Iron Head|p2a: OH YEAH!!! YEAH!!
|-resisted|p2a: OH YEAH!!! YEAH!!
|-damage|p2a: OH YEAH!!! YEAH!!|27/100
|move|p2a: OH YEAH!!! YEAH!!|Thunder Wave|p1a: Kingambit
|-status|p1a: Kingambit|par
|
|upkeep
|turn|16
|
|t:|1759023916
|cant|p1a: Kingambit|par
|move|p2a: OH YEAH!!! YEAH!!|Memento|p1a: Kingambit
|-unboost|p1a: Kingambit|atk|2
|-unboost|p1a: Kingambit|spa|2
|faint|p2a: OH YEAH!!! YEAH!!
|
|upkeep
|
|t:|1759023918
|switch|p2a: Evanescence|Pawmot, M|100/100
|-damage|p2a: Evanescence|94/100|[from] Stealth Rock
|turn|17
|
|t:|1759023931
|move|p2a: Evanescence|Revival Blessing|p2a: Evanescence
|-enditem|p2a: Evanescence|Leppa Berry|[eat]
|-activate|p2a: Evanescence|item: Leppa Berry|Revival Blessing|[consumed]
|
|t:|1759023934
|-heal|p2: Iron Deficiency|50/100|[from] move: Revival Blessing
|cant|p1a: Kingambit|par
|
|upkeep
|turn|18
|
|t:|1759023944
|move|p2a: Evanescence|Revival Blessing|p2a: Evanescence
|
|t:|1759023948
|-heal|p2: OH YEAH!!! YEAH!!|50/100|[from] move: Revival Blessing
|move|p1a: Kingambit|Iron Head|p2a: Evanescence
|-resisted|p2a: Evanescence
|-damage|p2a: Evanescence|56/100
|
|upkeep
|turn|19
|
|t:|1759023960
|move|p2a: Evanescence|Mach Punch|p1a: Kingambit
|-supereffective|p1a: Kingambit
|-damage|p1a: Kingambit|44/100 par
|move|p1a: Kingambit|Iron Head|p2a: Evanescence
|-resisted|p2a: Evanescence
|-damage|p2a: Evanescence|19/100
|
|-heal|p1a: Kingambit|50/100 par|[from] item: Leftovers
|upkeep
|turn|20
|
|t:|1759023969
|move|p2a: Evanescence|Mach Punch|p1a: Kingambit
|-supereffective|p1a: Kingambit
|-damage|p1a: Kingambit|0 fnt
|faint|p1a: Kingambit
|-end|p1a: Kingambit|fallen4|[silent]
|
|-fieldend|move: Electric Terrain
|upkeep
|
|t:|1759023975
|switch|p1a: Dragonite|Dragonite, F, shiny|88/100
|turn|21
|
|t:|1759023979
|move|p2a: Evanescence|Nuzzle|p1a: Dragonite
|-crit|p1a: Dragonite
|-damage|p1a: Dragonite|76/100
|-status|p1a: Dragonite|par
|move|p1a: Dragonite|Substitute|p1a: Dragonite
|-start|p1a: Dragonite|Substitute
|-damage|p1a: Dragonite|51/100 par
|
|-heal|p1a: Dragonite|57/100 par|[from] item: Leftovers
|upkeep
|turn|22
|
|t:|1759023989
|move|p2a: Evanescence|Encore|p1a: Dragonite
|-start|p1a: Dragonite|Encore
|move|p1a: Dragonite|Substitute|p1a: Dragonite
|-fail|p1a: Dragonite|move: Substitute
|
|-heal|p1a: Dragonite|64/100 par|[from] item: Leftovers
|upkeep
|turn|23
|-message|calondro forfeited.
|
|win|Gaskeep Gatelight
|raw|calondro's rating: 1192 &rarr; <strong>1165</strong><br />(-27 for losing)
|raw|Gaskeep Gatelight's rating: 1168 &rarr; <strong>1195</strong><br />(+27 for winning)
|l|☆calondro
|player|p1|
