|j|☆dicolibri
|j|☆tapu moxo
|t:|1758994179
|gametype|singles
|player|p1|dicolibri|hiker|1582
|player|p2|tapu moxo|yellow|1646
|gen|9
|tier|[Gen 9] OU
|rated|
|rule|HP Percentage Mod: HP is shown in percentages
|rule|Endless Battle Clause: Forcing endless battles is banned
|rule|Species Clause: Limit one of each Pokémon
|rule|OHKO Clause: OHKO moves are banned
|rule|Evasion Items Clause: Evasion items are banned
|rule|Evasion Moves Clause: Evasion moves are banned
|rule|Evasion Abilities Clause: Evasion abilities are banned
|rule|Sleep Moves Clause: Sleep-inducing moves are banned
|clearpoke
|poke|p1|Mesprit|
|poke|p1|Hatterene, F|
|poke|p1|Kingambit, F|
|poke|p1|Ursaluna, M|
|poke|p1|Iron Hands|
|poke|p1|Hoopa-Unbound|
|poke|p2|Smeargle, F|
|poke|p2|Ceruledge, F|
|poke|p2|Kingambit, M|
|poke|p2|Serperior, M|
|poke|p2|Gyarados, M|
|poke|p2|Enamorus, F|
|teampreview
|
|t:|1758994197
|teamsize|p1|6
|teamsize|p2|6
|start
|switch|p1a: Mesprit|Mesprit|100/100
|switch|p2a: Smeargle|Smeargle, F|100/100
|turn|1
|
|t:|1758994208
|move|p2a: Smeargle|Glare|p1a: Mesprit
|-status|p1a: Mesprit|par
|move|p1a: Mesprit|Stealth Rock|p2a: Smeargle
|-sidestart|p2: tapu moxo|move: Stealth Rock
|
|upkeep
|turn|2
|
|t:|1758994214
|move|p2a: Smeargle|Sticky Web|p1a: Mesprit
|-sidestart|p1: dicolibri|move: Sticky Web
|move|p1a: Mesprit|Trick Room|p1a: Mesprit
|-fieldstart|move: Trick Room|[of] p1a: Mesprit
|
|upkeep
|turn|3
|
|t:|1758994219
|switch|p1a: Ursaluna|Ursaluna, M|100/100
|-activate|p1a: Ursaluna|move: Sticky Web
|-unboost|p1a: Ursaluna|spe|1
|move|p2a: Smeargle|Burning Bulwark||[still]
|-fail|p2a: Smeargle
|
|-status|p1a: Ursaluna|brn|[from] item: Flame Orb
|upkeep
|turn|4
|
|t:|1758994233
|move|p1a: Ursaluna|Fire Punch|p2a: Smeargle
|-enditem|p2a: Smeargle|Focus Sash
|-damage|p2a: Smeargle|1/100
|move|p2a: Smeargle|Court Change|p2a: Smeargle
|-swapsideconditions
|-activate|p2a: Smeargle|move: Court Change
|
|-damage|p1a: Ursaluna|94/100 brn|[from] brn
|upkeep
|turn|5
|j| Rizzofreko
|
|t:|1758994252
|switch|p1a: Mesprit|Mesprit|100/100 par
|-damage|p1a: Mesprit|88/100 par|[from] Stealth Rock
|move|p2a: Smeargle|Burning Bulwark||[still]
|-fail|p2a: Smeargle
|
|upkeep
|turn|6
|
|t:|1758994258
|switch|p2a: Ceruledge|Ceruledge, F|100/100
|-activate|p2a: Ceruledge|move: Sticky Web
|-unboost|p2a: Ceruledge|spe|1
|move|p1a: Mesprit|Stealth Rock|p2a: Ceruledge
|-sidestart|p2: tapu moxo|move: Stealth Rock
|
|-fieldend|move: Trick Room
|upkeep
|turn|7
|
|t:|1758994265
|move|p2a: Ceruledge|Swords Dance|p2a: Ceruledge
|-boost|p2a: Ceruledge|atk|2
|move|p1a: Mesprit|Trick Room|p1a: Mesprit
|-fieldstart|move: Trick Room|[of] p1a: Mesprit
|
|upkeep
|turn|8
|
|t:|1758994269
|move|p1a: Mesprit|Psychic Noise|p2a: Ceruledge
|-damage|p2a: Ceruledge|71/100
|-start|p2a: Ceruledge|move: Heal Block
|move|p2a: Ceruledge|Swords Dance|p2a: Ceruledge
|-boost|p2a: Ceruledge|atk|2
|
|upkeep
|turn|9
|
|t:|1758994277
|cant|p1a: Mesprit|par
|move|p2a: Ceruledge|Swords Dance|p2a: Ceruledge
|-boost|p2a: Ceruledge|atk|2
|
|-end|p2a: Ceruledge|move: Heal Block
|upkeep
|turn|10
|
|t:|1758994282
|cant|p1a: Mesprit|par
|move|p2a: Ceruledge|Swords Dance|p2a: Ceruledge
|-boost|p2a: Ceruledge|atk|0
|
|upkeep
|turn|11
|
|t:|1758994287
|move|p2a: Ceruledge|Shadow Sneak|p1a: Mesprit
|-supereffective|p1a: Mesprit
|-damage|p1a: Mesprit|0 fnt
|faint|p1a: Mesprit
|
|-fieldend|move: Trick Room
|upkeep
|
|t:|1758994304
|switch|p1a: Kingambit|Kingambit, F|100/100
|-damage|p1a: Kingambit|94/100|[from] Stealth Rock
|-activate|p1a: Kingambit|ability: Supreme Overlord
|-start|p1a: Kingambit|fallen1|[silent]
|turn|12
|
|t:|1758994308
|switch|p2a: Smeargle|Smeargle, F|1/100
|-activate|p2a: Smeargle|move: Sticky Web
|-unboost|p2a: Smeargle|spe|1
|-damage|p2a: Smeargle|0 fnt|[from] Stealth Rock
|faint|p2a: Smeargle
|move|p1a: Kingambit|Sucker Punch|p2: Smeargle|[notarget]
|-fail|p1a: Kingambit
|
|upkeep
|
|t:|1758994315
|switch|p2a: Enamorus|Enamorus, F|100/100
|-damage|p2a: Enamorus|76/100|[from] Stealth Rock
|turn|13
|
|t:|1758994332
|-end|p1a: Kingambit|fallen1|[silent]
|switch|p1a: Hatterene|Hatterene, F|100/100
|-damage|p1a: Hatterene|88/100|[from] Stealth Rock
|move|p2a: Enamorus|Superpower|p1a: Hatterene
|-resisted|p1a: Hatterene
|-damage|p1a: Hatterene|82/100
|-boost|p2a: Enamorus|atk|1
|-boost|p2a: Enamorus|def|1
|
|-heal|p2a: Enamorus|82/100|[from] item: Leftovers
|-heal|p1a: Hatterene|88/100|[from] item: Leftovers
|upkeep
|turn|14
|
|t:|1758994340
|move|p2a: Enamorus|Moonblast|p1a: Hatterene
|-damage|p1a: Hatterene|34/100
|-unboost|p1a: Hatterene|spa|1
|move|p1a: Hatterene|Trick Room|p1a: Hatterene
|-fieldstart|move: Trick Room|[of] p1a: Hatterene
|
|-heal|p1a: Hatterene|40/100|[from] item: Leftovers
|-heal|p2a: Enamorus|88/100|[from] item: Leftovers
|upkeep
|turn|15
|
|t:|1758994346
|move|p1a: Hatterene|Healing Wish|p1a: Hatterene
|faint|p1a: Hatterene
|move|p2a: Enamorus|Superpower|p1: Hatterene|[notarget]
|-fail|p2a: Enamorus
|
|-heal|p2a: Enamorus|94/100|[from] item: Leftovers
|upkeep
|
|t:|1758994364
|switch|p1a: Hoopa|Hoopa-Unbound|100/100
|-damage|p1a: Hoopa|88/100|[from] Stealth Rock
|turn|16
|
|t:|1758994368
|switch|p2a: Kingambit|Kingambit, M, shiny|100/100
|-activate|p2a: Kingambit|move: Sticky Web
|-unboost|p2a: Kingambit|spe|1
|-ability|p2a: Kingambit|Defiant|boost
|-boost|p2a: Kingambit|atk|2
|-damage|p2a: Kingambit|94/100|[from] Stealth Rock
|move|p1a: Hoopa|Psychic|p2a: Kingambit
|-immune|p2a: Kingambit
|
|-heal|p2a: Kingambit|100/100|[from] item: Leftovers
|upkeep
|turn|17
|
|t:|1758994380
|switch|p1a: Iron Hands|Iron Hands|100/100
|-damage|p1a: Iron Hands|94/100|[from] Stealth Rock
|-enditem|p1a: Iron Hands|Booster Energy
|-activate|p1a: Iron Hands|ability: Quark Drive|[fromitem]
|-start|p1a: Iron Hands|quarkdriveatk
|move|p2a: Kingambit|Sucker Punch||[still]
|-fail|p2a: Kingambit
|
|upkeep
|turn|18
|
|t:|1758994395
|switch|p2a: Serperior|Serperior, M, shiny|100/100
|-activate|p2a: Serperior|move: Sticky Web
|-boost|p2a: Serperior|spe|1
|-damage|p2a: Serperior|88/100|[from] Stealth Rock
|move|p1a: Iron Hands|Thunder Punch|p2a: Serperior
|-resisted|p2a: Serperior
|-damage|p2a: Serperior|52/100
|
|-heal|p2a: Serperior|58/100|[from] item: Leftovers
|-fieldend|move: Trick Room
|upkeep
|turn|19
|
|t:|1758994405
|move|p2a: Serperior|Leaf Storm|p1a: Iron Hands
|-damage|p1a: Iron Hands|56/100
|-boost|p2a: Serperior|spa|2
|move|p1a: Iron Hands|Ice Punch|p2a: Serperior
|-supereffective|p2a: Serperior
|-damage|p2a: Serperior|0 fnt
|faint|p2a: Serperior
|
|upkeep
|
|t:|1758994413
|switch|p2a: Enamorus|Enamorus, F|94/100
|-damage|p2a: Enamorus|69/100|[from] Stealth Rock
|turn|20
|
|t:|1758994426
|move|p2a: Enamorus|Moonblast|p1a: Iron Hands
|-supereffective|p1a: Iron Hands
|-damage|p1a: Iron Hands|0 fnt
|faint|p1a: Iron Hands
|-end|p1a: Iron Hands|Quark Drive|[silent]
|
|-heal|p2a: Enamorus|76/100|[from] item: Leftovers
|upkeep
|
|t:|1758994429
|switch|p1a: Hoopa|Hoopa-Unbound|88/100
|-heal|p1a: Hoopa|100/100|[from] move: Healing Wish
|-damage|p1a: Hoopa|88/100|[from] Stealth Rock
|turn|21
|
|t:|1758994441
|-terastallize|p2a: Enamorus|Fairy
|-terastallize|p1a: Hoopa|Poison
|move|p2a: Enamorus|Moonblast|p1a: Hoopa
|-resisted|p1a: Hoopa
|-damage|p1a: Hoopa|62/100
|move|p1a: Hoopa|Trick Room|p1a: Hoopa
|-fieldstart|move: Trick Room|[of] p1a: Hoopa
|
|-heal|p2a: Enamorus|82/100|[from] item: Leftovers
|upkeep
|turn|22
|
|t:|1758994450
|move|p1a: Hoopa|Psychic|p2a: Enamorus
|-crit|p2a: Enamorus
|-damage|p2a: Enamorus|0 fnt
|faint|p2a: Enamorus
|-damage|p1a: Hoopa|53/100|[from] item: Life Orb
|
|upkeep
|
|t:|1758994457
|switch|p2a: Kingambit|Kingambit, M, shiny|100/100
|-activate|p2a: Kingambit|move: Sticky Web
|-unboost|p2a: Kingambit|spe|1
|-ability|p2a: Kingambit|Defiant|boost
|-boost|p2a: Kingambit|atk|2
|-damage|p2a: Kingambit|94/100|[from] Stealth Rock
|turn|23
|
|t:|1758994461
|switch|p2a: Ceruledge|Ceruledge, F|71/100
|-activate|p2a: Ceruledge|move: Sticky Web
|-unboost|p2a: Ceruledge|spe|1
|-damage|p2a: Ceruledge|46/100|[from] Stealth Rock
|move|p1a: Hoopa|Drain Punch|p2a: Ceruledge
|-immune|p2a: Ceruledge
|
|upkeep
|turn|24
|
|t:|1758994480
|move|p2a: Ceruledge|Shadow Sneak|p1a: Hoopa
|-damage|p1a: Hoopa|22/100
|move|p1a: Hoopa|Psychic|p2a: Ceruledge
|-damage|p2a: Ceruledge|0 fnt
|faint|p2a: Ceruledge
|-damage|p1a: Hoopa|12/100|[from] item: Life Orb
|
|upkeep
|
|t:|1758994489
|switch|p2a: Kingambit|Kingambit, M, shiny|94/100
|-activate|p2a: Kingambit|move: Sticky Web
|-unboost|p2a: Kingambit|spe|1
|-ability|p2a: Kingambit|Defiant|boost
|-boost|p2a: Kingambit|atk|2
|-damage|p2a: Kingambit|88/100|[from] Stealth Rock
|turn|25
|
|t:|1758994498
|move|p2a: Kingambit|Sucker Punch|p1a: Hoopa
|-damage|p1a: Hoopa|0 fnt
|faint|p1a: Hoopa
|
|-heal|p2a: Kingambit|94/100|[from] item: Leftovers
|-fieldend|move: Trick Room
|upkeep
|
|t:|1758994507
|switch|p1a: Kingambit|Kingambit, F|94/100
|-damage|p1a: Kingambit|88/100|[from] Stealth Rock
|-activate|p1a: Kingambit|ability: Supreme Overlord
|-start|p1a: Kingambit|fallen4|[silent]
|turn|26
|c|☆tapu moxo|Gg .
|
|t:|1758994513
|move|p2a: Kingambit|Iron Head|p1a: Kingambit
|-resisted|p1a: Kingambit
|-damage|p1a: Kingambit|54/100
|move|p1a: Kingambit|Low Kick|p2a: Kingambit
|-supereffective|p2a: Kingambit
|-damage|p2a: Kingambit|0 fnt
|faint|p2a: Kingambit
|-damage|p1a: Kingambit|44/100|[from] item: Life Orb
|
|upkeep
|
|t:|1758994517
|switch|p2a: Gyarados|Gyarados, M|100/100
|-damage|p2a: Gyarados|76/100|[from] Stealth Rock
|turn|27
|
|t:|1758994521
|move|p2a: Gyarados|Earthquake|p1a: Kingambit
|-supereffective|p1a: Kingambit
|-damage|p1a: Kingambit|0 fnt
|faint|p1a: Kingambit
|-end|p1a: Kingambit|fallen4|[silent]
|-ability|p2a: Gyarados|Moxie|boost
|-boost|p2a: Gyarados|atk|1
|
|upkeep
|
|t:|1758994524
|switch|p1a: Ursaluna|Ursaluna, M|94/100 brn
|-damage|p1a: Ursaluna|88/100 brn|[from] Stealth Rock
|turn|28
|inactive|Battle timer is ON: inactive players will automatically lose when time's up. (requested by tapu moxo)
|
|t:|1758994526
|move|p2a: Gyarados|Waterfall|p1a: Ursaluna
|-supereffective|p1a: Ursaluna
|-damage|p1a: Ursaluna|0 fnt
|faint|p1a: Ursaluna
|
|win|tapu moxo
|raw|dicolibri's rating: 1582 &rarr; <strong>1566</strong><br />(-16 for losing)
|raw|tapu moxo's rating: 1646 &rarr; <strong>1662</strong><br />(+16 for winning)
|l|☆tapu moxo
|player|p2|
|l|☆dicolibri
|player|p1|
|l| Rizzofreko
