|j|☆NamelessLem
|j|☆theasianjew
|t:|1759012475
|gametype|singles
|player|p1|NamelessLem|burglar|1148
|player|p2|theasianjew|jupiter|1170
|gen|9
|tier|[Gen 9] OU
|rated|
|rule|HP Percentage Mod: HP is shown in percentages
|rule|Endless Battle Clause: Forcing endless battles is banned
|rule|Species Clause: Limit one of each Pokémon
|rule|OHKO Clause: OHKO moves are banned
|rule|Evasion Items Clause: Evasion items are banned
|rule|Evasion Moves Clause: Evasion moves are banned
|rule|Evasion Abilities Clause: Evasion abilities are banned
|rule|Sleep Moves Clause: Sleep-inducing moves are banned
|clearpoke
|poke|p1|Garchomp, F|
|poke|p1|Great Tusk|
|poke|p1|Samurott-Hisui, M|
|poke|p1|Ogerpon-Wellspring, F|
|poke|p1|Gliscor, F|
|poke|p1|Pecharunt|
|poke|p2|Deoxys-Speed|
|poke|p2|Raging Bolt|
|poke|p2|Iron Treads|
|poke|p2|Quaquaval, F|
|poke|p2|Weavile, F|
|poke|p2|Moltres|
|teampreview
|inactive|Battle timer is ON: inactive players will automatically lose when time's up. (requested by NamelessLem)
|
|t:|1759012494
|teamsize|p1|6
|teamsize|p2|6
|start
|switch|p1a: Samurott|Samurott-Hisui, M, shiny|100/100
|switch|p2a: Quaquaval|Quaquaval, F|100/100
|turn|1
|
|t:|1759012504
|switch|p1a: Pecharunt|Pecharunt|100/100
|-item|p1a: Pecharunt|Air Balloon
|move|p2a: Quaquaval|Aqua Step|p1a: Pecharunt
|-damage|p1a: Pecharunt|77/100
|-boost|p2a: Quaquaval|spe|1
|-enditem|p1a: Pecharunt|Air Balloon
|
|upkeep
|turn|2
|
|t:|1759012522
|switch|p2a: Iron Treads|Iron Treads|100/100
|move|p1a: Pecharunt|Parting Shot|p2a: Iron Treads
|-unboost|p2a: Iron Treads|atk|1
|-unboost|p2a: Iron Treads|spa|1
|
|t:|1759012529
|switch|p1a: Samurott|Samurott-Hisui, M, shiny|100/100|[from] Parting Shot
|
|upkeep
|turn|3
|
|t:|1759012544
|move|p1a: Samurott|Ceaseless Edge|p2a: Iron Treads
|-damage|p2a: Iron Treads|67/100
|-damage|p1a: Samurott|84/100|[from] item: Rocky Helmet|[of] p2a: Iron Treads
|-sidestart|p2: theasianjew|Spikes
|move|p2a: Iron Treads|Volt Switch|p1a: Samurott
|-supereffective|p1a: Samurott
|-damage|p1a: Samurott|63/100
|
|t:|1759012563
|-end|p2a: Iron Treads|Quark Drive|[silent]
|switch|p2a: Raging Bolt|Raging Bolt|100/100|[from] Volt Switch
|-damage|p2a: Raging Bolt|88/100|[from] Spikes
|
|upkeep
|turn|4
|
|t:|1759012570
|switch|p1a: Gliscor|Gliscor, F|100/100
|move|p2a: Raging Bolt|Zap Cannon|p1a: Gliscor
|-immune|p1a: Gliscor
|
|-status|p1a: Gliscor|tox|[from] item: Toxic Orb
|upkeep
|turn|5
|
|t:|1759012582
|move|p2a: Raging Bolt|Dragon Pulse|p1a: Gliscor
|-damage|p1a: Gliscor|54/100 tox
|move|p1a: Gliscor|Stealth Rock|p2a: Raging Bolt
|-sidestart|p2: theasianjew|move: Stealth Rock
|
|-heal|p1a: Gliscor|67/100 tox|[from] ability: Poison Heal
|upkeep
|turn|6
|
|t:|1759012589
|move|p2a: Raging Bolt|Calm Mind|p2a: Raging Bolt
|-boost|p2a: Raging Bolt|spa|1
|-boost|p2a: Raging Bolt|spd|1
|move|p1a: Gliscor|Earthquake|p2a: Raging Bolt
|-supereffective|p2a: Raging Bolt
|-damage|p2a: Raging Bolt|34/100
|
|-heal|p1a: Gliscor|79/100 tox|[from] ability: Poison Heal
|upkeep
|turn|7
|
|t:|1759012596
|move|p2a: Raging Bolt|Dragon Pulse|p1a: Gliscor
|-damage|p1a: Gliscor|14/100 tox
|move|p1a: Gliscor|Earthquake|p2a: Raging Bolt
|-supereffective|p2a: Raging Bolt
|-damage|p2a: Raging Bolt|0 fnt
|faint|p2a: Raging Bolt
|-end|p2a: Raging Bolt|Protosynthesis|[silent]
|
|-heal|p1a: Gliscor|26/100 tox|[from] ability: Poison Heal
|upkeep
|
|t:|1759012615
|switch|p2a: Moltres|Moltres|100/100
|turn|8
|
|t:|1759012624
|move|p2a: Moltres|Hurricane|p1a: Gliscor
|-damage|p1a: Gliscor|0 fnt
|faint|p1a: Gliscor
|
|upkeep
|
|t:|1759012634
|switch|p1a: Samurott|Samurott-Hisui, M, shiny|63/100
|turn|9
|
|t:|1759012640
|move|p2a: Moltres|Will-O-Wisp|p1a: Samurott
|-status|p1a: Samurott|brn
|move|p1a: Samurott|Razor Shell|p2a: Moltres
|-supereffective|p2a: Moltres
|-damage|p2a: Moltres|43/100
|-unboost|p2a: Moltres|def|1
|
|-damage|p1a: Samurott|57/100 brn|[from] brn
|upkeep
|turn|10
|
|t:|1759012660
|move|p2a: Moltres|U-turn|p1a: Samurott
|-supereffective|p1a: Samurott
|-damage|p1a: Samurott|20/100 brn
|
|t:|1759012675
|switch|p2a: Iron Treads|Iron Treads|67/100|[from] U-turn
|-damage|p2a: Iron Treads|55/100|[from] Spikes
|-damage|p2a: Iron Treads|52/100|[from] Stealth Rock
|move|p1a: Samurott|Razor Shell|p2a: Iron Treads
|-supereffective|p2a: Iron Treads
|-damage|p2a: Iron Treads|13/100
|-unboost|p2a: Iron Treads|def|1
|-damage|p1a: Samurott|3/100 brn|[from] item: Rocky Helmet|[of] p2a: Iron Treads
|
|-damage|p1a: Samurott|0 fnt|[from] brn
|faint|p1a: Samurott
|upkeep
|
|t:|1759012689
|switch|p1a: Ogerpon|Ogerpon-Wellspring, F|100/100
|turn|11
|
|t:|1759012703
|move|p1a: Ogerpon|Ivy Cudgel|p2a: Iron Treads|[anim] Ivy Cudgel Water
|-supereffective|p2a: Iron Treads
|-damage|p2a: Iron Treads|0 fnt
|faint|p2a: Iron Treads
|-end|p2a: Iron Treads|Quark Drive|[silent]
|
|upkeep
|inactive|theasianjew has 120 seconds left.
|
|t:|1759012731
|switch|p2a: Quaquaval|Quaquaval, F|100/100
|-damage|p2a: Quaquaval|88/100|[from] Spikes
|-damage|p2a: Quaquaval|82/100|[from] Stealth Rock
|turn|12
|inactive|theasianjew has 120 seconds left.
|
|t:|1759012741
|-terastallize|p2a: Quaquaval|Poison
|move|p1a: Ogerpon|Horn Leech|p2a: Quaquaval
|-resisted|p2a: Quaquaval
|-damage|p2a: Quaquaval|52/100
|move|p2a: Quaquaval|Tera Blast|p1a: Ogerpon|[anim] Tera Blast Poison
|-supereffective|p1a: Ogerpon
|-damage|p1a: Ogerpon|0 fnt
|faint|p1a: Ogerpon
|-ability|p2a: Quaquaval|Moxie|boost
|-boost|p2a: Quaquaval|atk|1
|
|upkeep
|
|t:|1759012752
|switch|p1a: Pecharunt|Pecharunt|77/100
|turn|13
|
|t:|1759012766
|move|p1a: Pecharunt|Parting Shot|p2a: Quaquaval
|-unboost|p2a: Quaquaval|atk|1
|-unboost|p2a: Quaquaval|spa|1
|
|t:|1759012769
|switch|p1a: Garchomp|Garchomp, F, shiny|100/100|[from] Parting Shot
|move|p2a: Quaquaval|Aqua Step|p1a: Garchomp
|-damage|p1a: Garchomp|58/100
|-boost|p2a: Quaquaval|spe|1
|-damage|p2a: Quaquaval|40/100|[from] ability: Rough Skin|[of] p1a: Garchomp
|
|upkeep
|turn|14
|
|t:|1759012781
|move|p2a: Quaquaval|Close Combat|p1a: Garchomp
|-damage|p1a: Garchomp|0 fnt
|-unboost|p2a: Quaquaval|def|1
|-unboost|p2a: Quaquaval|spd|1
|-damage|p2a: Quaquaval|28/100|[from] ability: Rough Skin|[of] p1a: Garchomp
|faint|p1a: Garchomp
|-ability|p2a: Quaquaval|Moxie|boost
|-boost|p2a: Quaquaval|atk|1
|
|upkeep
|
|t:|1759012787
|switch|p1a: Pecharunt|Pecharunt|77/100
|turn|15
|
|t:|1759012796
|move|p2a: Quaquaval|Knock Off|p1a: Pecharunt
|-supereffective|p1a: Pecharunt
|-damage|p1a: Pecharunt|35/100
|move|p1a: Pecharunt|Shadow Ball|p2a: Quaquaval
|-damage|p2a: Quaquaval|0 fnt
|faint|p2a: Quaquaval
|
|upkeep
|
|t:|1759012807
|switch|p2a: Deoxys|Deoxys-Speed|100/100
|-damage|p2a: Deoxys|88/100|[from] Spikes
|-damage|p2a: Deoxys|75/100|[from] Stealth Rock
|-ability|p2a: Deoxys|Pressure
|turn|16
|
|t:|1759012818
|-terastallize|p1a: Pecharunt|Dark
|move|p2a: Deoxys|Cosmic Power|p2a: Deoxys
|-boost|p2a: Deoxys|def|1
|-boost|p2a: Deoxys|spd|1
|move|p1a: Pecharunt|Shadow Ball|p2a: Deoxys
|-supereffective|p2a: Deoxys
|-damage|p2a: Deoxys|38/100
|-enditem|p2a: Deoxys|Weakness Policy
|-boost|p2a: Deoxys|atk|2|[from] item: Weakness Policy
|-boost|p2a: Deoxys|spa|2|[from] item: Weakness Policy
|
|upkeep
|turn|17
|
|t:|1759012832
|move|p2a: Deoxys|Recover|p2a: Deoxys
|-heal|p2a: Deoxys|88/100
|move|p1a: Pecharunt|Shadow Ball|p2a: Deoxys
|-supereffective|p2a: Deoxys
|-damage|p2a: Deoxys|47/100
|
|upkeep
|turn|18
|
|t:|1759012839
|move|p2a: Deoxys|Focus Blast|p1a: Pecharunt|[miss]
|-miss|p2a: Deoxys|p1a: Pecharunt
|move|p1a: Pecharunt|Shadow Ball|p2a: Deoxys
|-supereffective|p2a: Deoxys
|-damage|p2a: Deoxys|8/100
|
|upkeep
|turn|19
|
|t:|1759012845
|move|p2a: Deoxys|Recover|p2a: Deoxys
|-heal|p2a: Deoxys|58/100
|move|p1a: Pecharunt|Shadow Ball|p2a: Deoxys
|-supereffective|p2a: Deoxys
|-damage|p2a: Deoxys|17/100
|-unboost|p2a: Deoxys|spd|1
|
|upkeep
|turn|20
|
|t:|1759012856
|move|p2a: Deoxys|Recover|p2a: Deoxys
|-heal|p2a: Deoxys|67/100
|move|p1a: Pecharunt|Shadow Ball|p2a: Deoxys
|-supereffective|p2a: Deoxys
|-damage|p2a: Deoxys|4/100
|
|upkeep
|turn|21
|
|t:|1759012863
|move|p2a: Deoxys|Focus Blast|p1a: Pecharunt
|-supereffective|p1a: Pecharunt
|-damage|p1a: Pecharunt|0 fnt
|faint|p1a: Pecharunt
|
|upkeep
|
|t:|1759012865
|switch|p1a: Great Tusk|Great Tusk, shiny|100/100
|-enditem|p1a: Great Tusk|Booster Energy
|-activate|p1a: Great Tusk|ability: Protosynthesis|[fromitem]
|-start|p1a: Great Tusk|protosynthesisatk
|turn|22
|
|t:|1759012871
|move|p2a: Deoxys|Stored Power|p1a: Great Tusk
|-supereffective|p1a: Great Tusk
|-damage|p1a: Great Tusk|0 fnt
|faint|p1a: Great Tusk
|-end|p1a: Great Tusk|Protosynthesis|[silent]
|
|win|theasianjew
|raw|NamelessLem's rating: 1148 &rarr; <strong>1125</strong><br />(-23 for losing)
|raw|theasianjew's rating: 1170 &rarr; <strong>1193</strong><br />(+23 for winning)
|l|☆NamelessLem
|player|p1|
