|j|☆apotato135
|j|☆summmm
|t:|1758984817
|gametype|singles
|player|p1|apotato135|swimmer-gen4dp|1452
|player|p2|summmm|2|1475
|gen|9
|tier|[Gen 9] OU
|rated|
|rule|HP Percentage Mod: HP is shown in percentages
|rule|Endless Battle Clause: Forcing endless battles is banned
|rule|Species Clause: Limit one of each Pokémon
|rule|OHKO Clause: OHKO moves are banned
|rule|Evasion Items Clause: Evasion items are banned
|rule|Evasion Moves Clause: Evasion moves are banned
|rule|Evasion Abilities Clause: Evasion abilities are banned
|rule|Sleep Moves Clause: Sleep-inducing moves are banned
|clearpoke
|poke|p1|Ninetales-Alola, M|
|poke|p1|Kyurem|
|poke|p1|Primeape, F|
|poke|p1|Enamorus, F|
|poke|p1|Moltres-Galar|
|poke|p1|Iron Treads|
|poke|p2|Dragapult, F|
|poke|p2|Great Tusk|
|poke|p2|Ogerpon-Wellspring, F|
|poke|p2|Slowking-Galar, M|
|poke|p2|Raging Bolt|
|poke|p2|Kingambit, F|
|teampreview
|inactive|Battle timer is ON: inactive players will automatically lose when time's up. (requested by summmm)
|
|t:|1758984840
|teamsize|p1|6
|teamsize|p2|6
|start
|switch|p1a: Iron Treads|Iron Treads|100/100
|switch|p2a: Kingambit|Kingambit, F|100/100
|-enditem|p1a: Iron Treads|Booster Energy
|-activate|p1a: Iron Treads|ability: Quark Drive|[fromitem]
|-start|p1a: Iron Treads|quarkdrivespe
|turn|1
|
|t:|1758984846
|-end|p2a: Kingambit|fallenundefined|[silent]
|switch|p2a: Great Tusk|Great Tusk|100/100
|move|p1a: Iron Treads|Earth Power|p2a: Great Tusk
|-damage|p2a: Great Tusk|51/100
|
|upkeep
|turn|2
|
|t:|1758984861
|move|p1a: Iron Treads|Steel Beam|p2a: Great Tusk
|-damage|p2a: Great Tusk|0 fnt
|-damage|p1a: Iron Treads|50/100|[from] steelbeam
|faint|p2a: Great Tusk
|-end|p2a: Great Tusk|Protosynthesis|[silent]
|
|upkeep
|
|t:|1758984867
|switch|p2a: Ogerpon|Ogerpon-Wellspring, F|100/100
|turn|3
|
|t:|1758984873
|move|p1a: Iron Treads|Stealth Rock|p2a: Ogerpon
|-sidestart|p2: summmm|move: Stealth Rock
|move|p2a: Ogerpon|Ivy Cudgel|p1a: Iron Treads|[anim] Ivy Cudgel Water
|-supereffective|p1a: Iron Treads
|-damage|p1a: Iron Treads|0 fnt
|faint|p1a: Iron Treads
|-end|p1a: Iron Treads|Quark Drive|[silent]
|
|upkeep
|
|t:|1758984880
|switch|p1a: Ninetales|Ninetales-Alola, M|100/100
|-weather|Snowscape|[from] ability: Snow Warning|[of] p1a: Ninetales
|turn|4
|
|t:|1758984886
|move|p2a: Ogerpon|U-turn|p1a: Ninetales
|-resisted|p1a: Ninetales
|-damage|p1a: Ninetales|88/100
|
|t:|1758984889
|switch|p2a: Slowking|Slowking-Galar, M|100/100|[from] U-turn
|-damage|p2a: Slowking|88/100|[from] Stealth Rock
|move|p1a: Ninetales|Freeze-Dry|p2a: Slowking
|-damage|p2a: Slowking|77/100
|
|-weather|Snowscape|[upkeep]
|upkeep
|turn|5
|
|t:|1758984895
|move|p1a: Ninetales|Aurora Veil|p1a: Ninetales
|-sidestart|p1: apotato135|move: Aurora Veil
|move|p2a: Slowking|Sludge Bomb|p1a: Ninetales
|-supereffective|p1a: Ninetales
|-damage|p1a: Ninetales|53/100
|-status|p1a: Ninetales|psn
|
|-weather|Snowscape|[upkeep]
|-damage|p1a: Ninetales|40/100 psn|[from] psn
|upkeep
|turn|6
|
|t:|1758984899
|switch|p1a: Primeape|Primeape, F|100/100
|move|p2a: Slowking|Sludge Bomb|p1a: Primeape
|-damage|p1a: Primeape|90/100
|
|-weather|Snowscape|[upkeep]
|upkeep
|turn|7
|
|t:|1758984906
|switch|p2a: Ogerpon|Ogerpon-Wellspring, F|100/100
|-damage|p2a: Ogerpon|88/100|[from] Stealth Rock
|move|p1a: Primeape|Bulk Up|p1a: Primeape
|-boost|p1a: Primeape|atk|1
|-boost|p1a: Primeape|def|1
|
|-weather|Snowscape|[upkeep]
|upkeep
|turn|8
|
|t:|1758984911
|move|p2a: Ogerpon|Knock Off|p1a: Primeape
|-resisted|p1a: Primeape
|-damage|p1a: Primeape|84/100
|-enditem|p1a: Primeape|Eviolite|[from] move: Knock Off|[of] p2a: Ogerpon
|move|p1a: Primeape|Rage Fist|p2a: Ogerpon
|-damage|p2a: Ogerpon|16/100
|
|-weather|none
|upkeep
|turn|9
|
|t:|1758984920
|move|p2a: Ogerpon|Synthesis|p2a: Ogerpon
|-heal|p2a: Ogerpon|66/100
|move|p1a: Primeape|Drain Punch|p2a: Ogerpon
|-damage|p2a: Ogerpon|14/100
|-heal|p1a: Primeape|100/100|[from] drain|[of] p2a: Ogerpon
|
|upkeep
|turn|10
|
|t:|1758984925
|move|p2a: Ogerpon|Synthesis|p2a: Ogerpon
|-heal|p2a: Ogerpon|64/100
|move|p1a: Primeape|Bulk Up|p1a: Primeape
|-boost|p1a: Primeape|atk|1
|-boost|p1a: Primeape|def|1
|
|upkeep
|turn|11
|
|t:|1758984939
|move|p2a: Ogerpon|Synthesis|p2a: Ogerpon
|-heal|p2a: Ogerpon|100/100
|move|p1a: Primeape|Rage Fist|p2a: Ogerpon
|-damage|p2a: Ogerpon|9/100
|
|upkeep
|turn|12
|
|t:|1758984951
|move|p2a: Ogerpon|Synthesis|p2a: Ogerpon
|-heal|p2a: Ogerpon|59/100
|move|p1a: Primeape|Bulk Up|p1a: Primeape
|-boost|p1a: Primeape|atk|1
|-boost|p1a: Primeape|def|1
|
|-sideend|p1: apotato135|move: Aurora Veil
|upkeep
|turn|13
|
|t:|1758984962
|move|p2a: Ogerpon|Ivy Cudgel|p1a: Primeape|[anim] Ivy Cudgel Water
|-damage|p1a: Primeape|61/100
|move|p1a: Primeape|Rage Fist|p2a: Ogerpon
|-damage|p2a: Ogerpon|0 fnt
|faint|p2a: Ogerpon
|
|upkeep
|
|t:|1758984968
|switch|p2a: Dragapult|Dragapult, F|100/100
|turn|14
|
|t:|1758984983
|move|p2a: Dragapult|Will-O-Wisp|p1a: Primeape
|-status|p1a: Primeape|brn
|move|p1a: Primeape|Rage Fist|p2a: Dragapult
|-supereffective|p2a: Dragapult
|-damage|p2a: Dragapult|0 fnt
|faint|p2a: Dragapult
|
|-damage|p1a: Primeape|55/100 brn|[from] brn
|upkeep
|
|t:|1758984989
|switch|p2a: Raging Bolt|Raging Bolt|100/100
|-damage|p2a: Raging Bolt|88/100|[from] Stealth Rock
|-enditem|p2a: Raging Bolt|Booster Energy
|-activate|p2a: Raging Bolt|ability: Protosynthesis|[fromitem]
|-start|p2a: Raging Bolt|protosynthesisspa
|turn|15
|
|t:|1758984998
|move|p2a: Raging Bolt|Thunderclap||[still]
|-fail|p2a: Raging Bolt
|move|p1a: Primeape|Taunt|p2a: Raging Bolt
|-start|p2a: Raging Bolt|move: Taunt
|
|-damage|p1a: Primeape|49/100 brn|[from] brn
|upkeep
|turn|16
|
|t:|1758985003
|move|p2a: Raging Bolt|Thunderbolt|p1a: Primeape
|-damage|p1a: Primeape|0 fnt
|faint|p1a: Primeape
|
|upkeep
|
|t:|1758985007
|switch|p1a: Ninetales|Ninetales-Alola, M|40/100 psn
|-weather|Snowscape|[from] ability: Snow Warning|[of] p1a: Ninetales
|turn|17
|
|t:|1758985018
|-terastallize|p2a: Raging Bolt|Fairy
|move|p1a: Ninetales|Aurora Veil|p1a: Ninetales
|-sidestart|p1: apotato135|move: Aurora Veil
|move|p2a: Raging Bolt|Thunderbolt|p1a: Ninetales
|-damage|p1a: Ninetales|4/100 psn
|
|-weather|Snowscape|[upkeep]
|-damage|p1a: Ninetales|0 fnt|[from] psn
|faint|p1a: Ninetales
|upkeep
|
|t:|1758985026
|switch|p1a: Kyurem|Kyurem|100/100
|-ability|p1a: Kyurem|Pressure
|turn|18
|
|t:|1758985032
|-end|p2a: Raging Bolt|Protosynthesis|[silent]
|switch|p2a: Slowking|Slowking-Galar, M|100/100
|-damage|p2a: Slowking|88/100|[from] Stealth Rock
|-terastallize|p1a: Kyurem|Electric
|move|p1a: Kyurem|Dragon Dance|p1a: Kyurem
|-boost|p1a: Kyurem|atk|1
|-boost|p1a: Kyurem|spe|1
|
|-weather|Snowscape|[upkeep]
|upkeep
|turn|19
|
|t:|1758985040
|move|p1a: Kyurem|Icicle Spear|p2a: Slowking
|-damage|p2a: Slowking|71/100
|-crit|p2a: Slowking
|-damage|p2a: Slowking|50/100
|-damage|p2a: Slowking|34/100
|-damage|p2a: Slowking|17/100
|-damage|p2a: Slowking|0 fnt
|faint|p2a: Slowking
|-hitcount|p2: Slowking|5
|
|-weather|Snowscape|[upkeep]
|upkeep
|
|t:|1758985049
|switch|p2a: Kingambit|Kingambit, F|100/100
|-damage|p2a: Kingambit|94/100|[from] Stealth Rock
|-activate|p2a: Kingambit|ability: Supreme Overlord
|-start|p2a: Kingambit|fallen4|[silent]
|turn|20
|
|t:|1758985056
|switch|p1a: Enamorus|Enamorus, F|100/100
|move|p2a: Kingambit|Kowtow Cleave|p1a: Enamorus
|-resisted|p1a: Enamorus
|-damage|p1a: Enamorus|73/100
|
|-weather|Snowscape|[upkeep]
|-heal|p2a: Kingambit|100/100|[from] item: Leftovers
|upkeep
|turn|21
|
|t:|1758985062
|move|p1a: Enamorus|Superpower|p2a: Kingambit
|-supereffective|p2a: Kingambit
|-damage|p2a: Kingambit|8/100
|-boost|p1a: Enamorus|atk|1
|-boost|p1a: Enamorus|def|1
|move|p2a: Kingambit|Iron Head|p1a: Enamorus
|-supereffective|p1a: Enamorus
|-damage|p1a: Enamorus|0 fnt
|faint|p1a: Enamorus
|
|-weather|none
|-heal|p2a: Kingambit|14/100|[from] item: Leftovers
|upkeep
|
|t:|1758985067
|switch|p1a: Kyurem|Kyurem, tera:Electric|100/100
|-ability|p1a: Kyurem|Pressure
|turn|22
|
|t:|1758985071
|move|p1a: Kyurem|Icicle Spear|p2a: Kingambit
|-resisted|p2a: Kingambit
|-damage|p2a: Kingambit|9/100
|-resisted|p2a: Kingambit
|-damage|p2a: Kingambit|3/100
|-resisted|p2a: Kingambit
|-damage|p2a: Kingambit|0 fnt
|faint|p2a: Kingambit
|-end|p2a: Kingambit|fallen4|[silent]
|-hitcount|p2: Kingambit|3
|
|upkeep
|
|t:|1758985073
|switch|p2a: Raging Bolt|Raging Bolt, tera:Fairy|88/100
|-damage|p2a: Raging Bolt|76/100|[from] Stealth Rock
|turn|23
|
|t:|1758985078
|move|p1a: Kyurem|Icicle Spear|p2a: Raging Bolt
|-damage|p2a: Raging Bolt|63/100
|-damage|p2a: Raging Bolt|50/100
|-damage|p2a: Raging Bolt|36/100
|-damage|p2a: Raging Bolt|23/100
|-hitcount|p2a: Raging Bolt|4
|move|p2a: Raging Bolt|Dragon Pulse|p1a: Kyurem
|-damage|p1a: Kyurem|78/100
|
|upkeep
|turn|24
|-message|summmm forfeited.
|
|win|apotato135
|raw|apotato135's rating: 1452 &rarr; <strong>1473</strong><br />(+21 for winning)
|raw|summmm's rating: 1475 &rarr; <strong>1454</strong><br />(-21 for losing)
|l|☆summmm
|player|p2|
|l|☆apotato135
|player|p1|
