|j|☆zuoxi_QAQ
|j|☆serial 01216
|t:|1758938165
|gametype|singles
|player|p1|zuoxi_QAQ|iono|1528
|player|p2|serial 01216|101|1464
|gen|9
|tier|[Gen 9] OU
|rated|
|rule|HP Percentage Mod: HP is shown in percentages
|rule|Endless Battle Clause: Forcing endless battles is banned
|rule|Species Clause: Limit one of each Pokémon
|rule|OHKO Clause: OHKO moves are banned
|rule|Evasion Items Clause: Evasion items are banned
|rule|Evasion Moves Clause: Evasion moves are banned
|rule|Evasion Abilities Clause: Evasion abilities are banned
|rule|Sleep Moves Clause: Sleep-inducing moves are banned
|clearpoke
|poke|p1|Inteleon, F|
|poke|p1|Zapdos|
|poke|p1|Iron Crown|
|poke|p1|Ting-Lu|
|poke|p1|Ogerpon-Wellspring, F|
|poke|p1|Great Tusk|
|poke|p2|Hydrapple, M|
|poke|p2|Slowking-Galar, M|
|poke|p2|Cinderace, M|
|poke|p2|Darkrai|
|poke|p2|Manaphy|
|poke|p2|Cobalion|
|teampreview
|
|t:|1758938187
|teamsize|p1|6
|teamsize|p2|6
|start
|switch|p1a: Inteleon|Inteleon, F|100/100
|switch|p2a: Slowking|Slowking-Galar, M|100/100
|turn|1
|inactive|Battle timer is ON: inactive players will automatically lose when time's up. (requested by serial 01216)
|
|t:|1758938196
|move|p1a: Inteleon|Snipe Shot|p2a: Slowking
|-damage|p2a: Slowking|75/100
|-prepare|p2a: Slowking|Chilly Reception|[premajor]
|move|p2a: Slowking|Chilly Reception|p2a: Slowking
|-weather|Snowscape
|
|t:|1758938201
|switch|p2a: Manaphy|Manaphy|100/100|[from] Chilly Reception
|
|-weather|Snowscape|[upkeep]
|upkeep
|turn|2
|
|t:|1758938207
|move|p1a: Inteleon|U-turn|p2a: Manaphy
|-damage|p2a: Manaphy|88/100
|
|t:|1758938211
|switch|p1a: Ogerpon|Ogerpon-Wellspring, F|100/100|[from] U-turn
|move|p2a: Manaphy|U-turn|p1a: Ogerpon
|-supereffective|p1a: Ogerpon
|-damage|p1a: Ogerpon|64/100
|
|t:|1758938214
|switch|p2a: Cinderace|Cinderace, M|100/100|[from] U-turn
|
|-weather|Snowscape|[upkeep]
|upkeep
|turn|3
|
|t:|1758938222
|switch|p1a: Zapdos|Zapdos|100/100
|move|p2a: Cinderace|Pyro Ball|p1a: Zapdos
|-damage|p1a: Zapdos|54/100
|
|-weather|Snowscape|[upkeep]
|upkeep
|turn|4
|
|t:|1758938232
|switch|p2a: Slowking|Slowking-Galar, M|100/100
|move|p1a: Zapdos|Volt Switch|p2a: Slowking
|-damage|p2a: Slowking|81/100
|
|t:|1758938239
|switch|p1a: Ting-Lu|Ting-Lu|100/100|[from] Volt Switch
|-ability|p1a: Ting-Lu|Vessel of Ruin
|
|-weather|Snowscape|[upkeep]
|-heal|p2a: Slowking|87/100|[from] item: Black Sludge
|upkeep
|turn|5
|
|t:|1758938246
|switch|p2a: Hydrapple|Hydrapple, M|100/100
|move|p1a: Ting-Lu|Stealth Rock|p2a: Hydrapple
|-sidestart|p2: serial 01216|move: Stealth Rock
|
|-weather|none
|upkeep
|turn|6
|
|t:|1758938256
|switch|p1a: Iron Crown|Iron Crown|100/100
|move|p2a: Hydrapple|Fickle Beam|p1a: Iron Crown
|-resisted|p1a: Iron Crown
|-damage|p1a: Iron Crown|79/100
|
|upkeep
|turn|7
|
|t:|1758938261
|-terastallize|p1a: Iron Crown|Steel
|move|p1a: Iron Crown|Tachyon Cutter|p2a: Hydrapple
|-damage|p2a: Hydrapple|66/100
|-damage|p2a: Hydrapple|32/100
|-hitcount|p2a: Hydrapple|2
|move|p2a: Hydrapple|Earth Power|p1a: Iron Crown
|-supereffective|p1a: Iron Crown
|-damage|p1a: Iron Crown|15/100
|
|upkeep
|turn|8
|
|t:|1758938270
|switch|p2a: Cinderace|Cinderace, M|100/100
|move|p1a: Iron Crown|Tachyon Cutter|p2a: Cinderace
|-resisted|p2a: Cinderace
|-damage|p2a: Cinderace|67/100
|-resisted|p2a: Cinderace
|-damage|p2a: Cinderace|30/100
|-hitcount|p2a: Cinderace|2
|
|upkeep
|turn|9
|
|t:|1758938282
|-end|p1a: Iron Crown|Quark Drive|[silent]
|switch|p1a: Inteleon|Inteleon, F|100/100
|move|p2a: Cinderace|Pyro Ball|p1a: Inteleon
|-resisted|p1a: Inteleon
|-damage|p1a: Inteleon|51/100
|
|upkeep
|turn|10
|
|t:|1758938286
|move|p2a: Cinderace|Sucker Punch|p1a: Inteleon
|-start|p2a: Cinderace|typechange|Dark|[from] ability: Libero
|-damage|p1a: Inteleon|0 fnt
|faint|p1a: Inteleon
|
|upkeep
|
|t:|1758938299
|switch|p1a: Great Tusk|Great Tusk|100/100
|-enditem|p1a: Great Tusk|Booster Energy
|-activate|p1a: Great Tusk|ability: Protosynthesis|[fromitem]
|-start|p1a: Great Tusk|protosynthesisatk
|turn|11
|
|t:|1758938308
|move|p2a: Cinderace|Court Change|p2a: Cinderace
|-swapsideconditions
|-activate|p2a: Cinderace|move: Court Change
|move|p1a: Great Tusk|Rapid Spin|p2a: Cinderace
|-damage|p2a: Cinderace|0 fnt
|-boost|p1a: Great Tusk|spe|1
|-sideend|p1: zuoxi_QAQ|Stealth Rock|[from] move: Rapid Spin|[of] p1a: Great Tusk
|faint|p2a: Cinderace
|
|upkeep
|
|t:|1758938311
|switch|p2a: Manaphy|Manaphy|88/100
|turn|12
|
|t:|1758938317
|move|p1a: Great Tusk|Headlong Rush|p2a: Manaphy
|-damage|p2a: Manaphy|7/100
|-unboost|p1a: Great Tusk|def|1
|-unboost|p1a: Great Tusk|spd|1
|move|p2a: Manaphy|Scald|p1a: Great Tusk
|-supereffective|p1a: Great Tusk
|-damage|p1a: Great Tusk|0 fnt
|faint|p1a: Great Tusk
|-end|p1a: Great Tusk|Protosynthesis|[silent]
|
|-heal|p2a: Manaphy|13/100|[from] item: Leftovers
|upkeep
|
|t:|1758938326
|switch|p1a: Iron Crown|Iron Crown, tera:Steel|15/100
|turn|13
|
|t:|1758938332
|-end|p1a: Iron Crown|Quark Drive|[silent]
|switch|p1a: Ogerpon|Ogerpon-Wellspring, F|64/100
|switch|p2a: Slowking|Slowking-Galar, M|100/100
|
|upkeep
|turn|14
|
|t:|1758938348
|move|p1a: Ogerpon|Swords Dance|p1a: Ogerpon
|-boost|p1a: Ogerpon|atk|2
|-prepare|p2a: Slowking|Chilly Reception|[premajor]
|move|p2a: Slowking|Chilly Reception|p2a: Slowking
|-weather|Snowscape
|
|t:|1758938351
|switch|p2a: Darkrai|Darkrai|100/100|[from] Chilly Reception
|
|-weather|Snowscape|[upkeep]
|upkeep
|turn|15
|
|t:|1758938361
|move|p2a: Darkrai|Dark Pulse|p1a: Ogerpon
|-damage|p1a: Ogerpon|22/100
|move|p1a: Ogerpon|Horn Leech|p2a: Darkrai
|-damage|p2a: Darkrai|0 fnt
|-heal|p1a: Ogerpon|75/100|[from] drain|[of] p2a: Darkrai
|faint|p2a: Darkrai
|
|-weather|Snowscape|[upkeep]
|upkeep
|
|t:|1758938369
|switch|p2a: Hydrapple|Hydrapple, M|65/100
|turn|16
|inactive|zuoxi_QAQ has 120 seconds left.
|
|t:|1758938402
|switch|p1a: Zapdos|Zapdos|54/100
|switch|p2a: Slowking|Slowking-Galar, M|100/100
|
|-weather|Snowscape|[upkeep]
|upkeep
|turn|17
|
|t:|1758938413
|move|p1a: Zapdos|Roost|p1a: Zapdos
|-heal|p1a: Zapdos|100/100
|-singleturn|p1a: Zapdos|move: Roost
|move|p2a: Slowking|Trick|p1a: Zapdos
|-activate|p2a: Slowking|move: Trick|[of] p1a: Zapdos
|-item|p1a: Zapdos|Black Sludge|[from] move: Trick
|-item|p2a: Slowking|Heavy-Duty Boots|[from] move: Trick
|
|-weather|Snowscape|[upkeep]
|-damage|p1a: Zapdos|88/100|[from] item: Black Sludge
|upkeep
|turn|18
|
|t:|1758938420
|move|p1a: Zapdos|Thunder Wave|p2a: Slowking
|-status|p2a: Slowking|par
|-prepare|p2a: Slowking|Chilly Reception|[premajor]
|move|p2a: Slowking|Chilly Reception|p2a: Slowking
|
|t:|1758938430
|switch|p2a: Manaphy|Manaphy|13/100|[from] Chilly Reception
|
|-weather|none
|-heal|p2a: Manaphy|19/100|[from] item: Leftovers
|-damage|p1a: Zapdos|76/100|[from] item: Black Sludge
|upkeep
|turn|19
|
|t:|1758938441
|switch|p2a: Slowking|Slowking-Galar, M|100/100 par
|move|p1a: Zapdos|Volt Switch|p2a: Slowking
|-damage|p2a: Slowking|81/100 par
|
|t:|1758938455
|switch|p1a: Ting-Lu|Ting-Lu|100/100|[from] Volt Switch
|-ability|p1a: Ting-Lu|Vessel of Ruin
|
|upkeep
|turn|20
|
|t:|1758938461
|move|p1a: Ting-Lu|Earthquake|p2a: Slowking
|-supereffective|p2a: Slowking
|-damage|p2a: Slowking|14/100 par
|move|p2a: Slowking|Trick|p1a: Ting-Lu
|-activate|p2a: Slowking|move: Trick|[of] p1a: Ting-Lu
|-item|p1a: Ting-Lu|Heavy-Duty Boots|[from] move: Trick
|-item|p2a: Slowking|Leftovers|[from] move: Trick
|
|-heal|p2a: Slowking|20/100 par|[from] item: Leftovers
|upkeep
|turn|21
|
|t:|1758938469
|switch|p2a: Hydrapple|Hydrapple, M|98/100
|move|p1a: Ting-Lu|Ruination|p2a: Hydrapple|[miss]
|-miss|p1a: Ting-Lu|p2a: Hydrapple
|
|upkeep
|turn|22
|
|t:|1758938474
|move|p1a: Ting-Lu|Ruination|p2a: Hydrapple
|-damage|p2a: Hydrapple|49/100
|move|p2a: Hydrapple|Fickle Beam|p1a: Ting-Lu
|-damage|p1a: Ting-Lu|75/100
|
|upkeep
|turn|23
|
|t:|1758938480
|move|p1a: Ting-Lu|Ruination|p2a: Hydrapple
|-damage|p2a: Hydrapple|25/100
|move|p2a: Hydrapple|Leaf Storm|p1a: Ting-Lu
|-supereffective|p1a: Ting-Lu
|-damage|p1a: Ting-Lu|0 fnt
|-unboost|p2a: Hydrapple|spa|2
|faint|p1a: Ting-Lu
|
|upkeep
|
|t:|1758938486
|switch|p1a: Iron Crown|Iron Crown, tera:Steel|15/100
|turn|24
|
|t:|1758938502
|switch|p2a: Manaphy|Manaphy|19/100
|move|p1a: Iron Crown|Tachyon Cutter|p2a: Manaphy
|-resisted|p2a: Manaphy
|-damage|p2a: Manaphy|0 fnt
|faint|p2a: Manaphy
|-hitcount|p2: Manaphy|1
|
|upkeep
|
|t:|1758938504
|switch|p2a: Cobalion|Cobalion|100/100
|turn|25
|
|t:|1758938510
|-end|p1a: Iron Crown|Quark Drive|[silent]
|switch|p1a: Zapdos|Zapdos|76/100
|move|p2a: Cobalion|Iron Defense|p2a: Cobalion
|-boost|p2a: Cobalion|def|2
|
|-damage|p1a: Zapdos|63/100|[from] item: Black Sludge
|upkeep
|turn|26
|
|t:|1758938518
|move|p2a: Cobalion|Taunt|p1a: Zapdos
|-start|p1a: Zapdos|move: Taunt
|move|p1a: Zapdos|Heat Wave|p2a: Cobalion
|-supereffective|p2a: Cobalion
|-damage|p2a: Cobalion|40/100
|
|-heal|p2a: Cobalion|46/100|[from] item: Leftovers
|-damage|p1a: Zapdos|51/100|[from] item: Black Sludge
|upkeep
|turn|27
|
|t:|1758938526
|move|p2a: Cobalion|Body Press|p1a: Zapdos
|-resisted|p1a: Zapdos
|-damage|p1a: Zapdos|16/100
|-status|p2a: Cobalion|par|[from] ability: Static|[of] p1a: Zapdos
|move|p1a: Zapdos|Heat Wave|p2a: Cobalion
|-supereffective|p2a: Cobalion
|-damage|p2a: Cobalion|0 fnt
|faint|p2a: Cobalion
|
|-damage|p1a: Zapdos|3/100|[from] item: Black Sludge
|upkeep
|
|t:|1758938535
|switch|p2a: Slowking|Slowking-Galar, M|53/100 par
|turn|28
|
|t:|1758938542
|switch|p2a: Hydrapple|Hydrapple, M|58/100
|move|p1a: Zapdos|Volt Switch|p2a: Hydrapple
|-resisted|p2a: Hydrapple
|-damage|p2a: Hydrapple|53/100
|
|t:|1758938545
|switch|p1a: Iron Crown|Iron Crown, tera:Steel|15/100|[from] Volt Switch
|
|upkeep
|turn|29
|
|t:|1758938549
|switch|p2a: Slowking|Slowking-Galar, M|86/100 par
|move|p1a: Iron Crown|Tachyon Cutter|p2a: Slowking
|-damage|p2a: Slowking|55/100 par
|-damage|p2a: Slowking|22/100 par
|-hitcount|p2a: Slowking|2
|
|-heal|p2a: Slowking|28/100 par|[from] item: Leftovers
|upkeep
|turn|30
|
|t:|1758938562
|switch|p2a: Hydrapple|Hydrapple, M|86/100
|move|p1a: Iron Crown|Tachyon Cutter|p2a: Hydrapple
|-damage|p2a: Hydrapple|53/100
|-damage|p2a: Hydrapple|15/100
|-hitcount|p2a: Hydrapple|2
|
|upkeep
|turn|31
|
|t:|1758938567
|switch|p2a: Slowking|Slowking-Galar, M|61/100 par
|move|p1a: Iron Crown|Tachyon Cutter|p2a: Slowking
|-damage|p2a: Slowking|32/100 par
|-damage|p2a: Slowking|3/100 par
|-hitcount|p2a: Slowking|2
|
|-heal|p2a: Slowking|9/100 par|[from] item: Leftovers
|upkeep
|turn|32
|
|t:|1758938572
|move|p1a: Iron Crown|Tachyon Cutter|p2a: Slowking
|-damage|p2a: Slowking|0 fnt
|faint|p2a: Slowking
|-hitcount|p2: Slowking|1
|
|upkeep
|-message|serial 01216 forfeited.
|
|win|zuoxi_QAQ
|raw|zuoxi_QAQ's rating: 1528 &rarr; <strong>1544</strong><br />(+16 for winning)
|raw|serial 01216's rating: 1464 &rarr; <strong>1448</strong><br />(-16 for losing)
|l|☆serial 01216
|player|p2|
|l|☆zuoxi_QAQ
|player|p1|
