|j|☆Maschenny 1
|j|☆Yomoma’sash
|t:|1758997389
|gametype|singles
|player|p1|Maschenny 1|guitarist|1456
|player|p2|Yomoma’sash|169|1523
|gen|9
|tier|[Gen 9] OU
|rated|
|rule|HP Percentage Mod: HP is shown in percentages
|rule|Endless Battle Clause: Forcing endless battles is banned
|rule|Species Clause: Limit one of each Pokémon
|rule|OHKO Clause: OHKO moves are banned
|rule|Evasion Items Clause: Evasion items are banned
|rule|Evasion Moves Clause: Evasion moves are banned
|rule|Evasion Abilities Clause: Evasion abilities are banned
|rule|Sleep Moves Clause: Sleep-inducing moves are banned
|clearpoke
|poke|p1|Gliscor, F|
|poke|p1|Ting-Lu|
|poke|p1|Meowscarada, F|
|poke|p1|Zapdos|
|poke|p1|Zamazenta-*|
|poke|p1|Gholdengo|
|poke|p2|Charizard, M|
|poke|p2|Venusaur, M|
|poke|p2|Lapras, M|
|poke|p2|Blastoise, M|
|poke|p2|Snorlax, F|
|poke|p2|Clefable, M|
|teampreview
|inactive|Battle timer is ON: inactive players will automatically lose when time's up. (requested by Maschenny 1)
|
|t:|1758997424
|teamsize|p1|6
|teamsize|p2|6
|start
|switch|p1a: Meowscarada|Meowscarada, F|100/100
|switch|p2a: Lapras|Lapras, M|100/100
|turn|1
|inactive|Maschenny 1 has 120 seconds left.
|
|t:|1758997458
|move|p1a: Meowscarada|U-turn|p2a: Lapras
|-start|p1a: Meowscarada|typechange|Bug|[from] ability: Protean
|-damage|p2a: Lapras|72/100
|inactive|Maschenny 1 has 120 seconds left.
|
|t:|1758997464
|switch|p1a: Gholdengo|Gholdengo|100/100|[from] U-turn
|move|p2a: Lapras|Surf|p1a: Gholdengo
|-damage|p1a: Gholdengo|34/100
|
|upkeep
|turn|2
|inactive|Maschenny 1 has 120 seconds left.
|inactive|Yomoma’sash has 120 seconds left.
|
|t:|1758997510
|switch|p1a: Meowscarada|Meowscarada, F|100/100
|switch|p2a: Snorlax|Snorlax, F|100/100
|
|upkeep
|turn|3
|inactive|Maschenny 1 has 120 seconds left.
|
|t:|1758997525
|move|p1a: Meowscarada|Knock Off|p2a: Snorlax
|-start|p1a: Meowscarada|typechange|Dark|[from] ability: Protean
|-damage|p2a: Snorlax|62/100
|-enditem|p2a: Snorlax|Custap Berry|[from] move: Knock Off|[of] p1a: Meowscarada
|move|p2a: Snorlax|Body Slam|p1a: Meowscarada
|-damage|p1a: Meowscarada|39/100
|-status|p1a: Meowscarada|par
|
|upkeep
|turn|4
|inactive|Maschenny 1 has 120 seconds left.
|
|t:|1758997540
|switch|p2a: Venusaur|Venusaur, M|100/100
|cant|p1a: Meowscarada|par
|
|upkeep
|turn|5
|
|t:|1758997548
|move|p2a: Venusaur|Sunny Day|p2a: Venusaur
|-weather|SunnyDay
|cant|p1a: Meowscarada|par
|
|-weather|SunnyDay|[upkeep]
|upkeep
|turn|6
|
|t:|1758997553
|move|p2a: Venusaur|Weather Ball|p1a: Meowscarada
|-damage|p1a: Meowscarada|0 fnt
|faint|p1a: Meowscarada
|
|-weather|SunnyDay|[upkeep]
|upkeep
|
|t:|1758997561
|switch|p1a: Ting-Lu|Ting-Lu|100/100
|-ability|p1a: Ting-Lu|Vessel of Ruin
|turn|7
|
|t:|1758997565
|move|p2a: Venusaur|Giga Drain|p1a: Ting-Lu
|-supereffective|p1a: Ting-Lu
|-damage|p1a: Ting-Lu|71/100
|-enditem|p1a: Ting-Lu|Red Card|[of] p2a: Venusaur
|drag|p2a: Lapras|Lapras, M|72/100
|move|p1a: Ting-Lu|Stealth Rock|p2a: Lapras
|-sidestart|p2: Yomoma’sash|move: Stealth Rock
|
|-weather|SunnyDay|[upkeep]
|upkeep
|turn|8
|
|t:|1758997574
|move|p2a: Lapras|Ice Beam|p1a: Ting-Lu
|-supereffective|p1a: Ting-Lu
|-damage|p1a: Ting-Lu|22/100
|move|p1a: Ting-Lu|Spikes|p2a: Lapras
|-sidestart|p2: Yomoma’sash|Spikes
|
|-weather|SunnyDay|[upkeep]
|upkeep
|turn|9
|
|t:|1758997578
|switch|p1a: Gholdengo|Gholdengo|34/100
|move|p2a: Lapras|Ice Beam|p1a: Gholdengo
|-resisted|p1a: Gholdengo
|-damage|p1a: Gholdengo|3/100
|
|-weather|SunnyDay|[upkeep]
|upkeep
|turn|10
|
|t:|1758997585
|move|p1a: Gholdengo|Make It Rain|p2a: Lapras
|-damage|p2a: Lapras|25/100
|-unboost|p1a: Gholdengo|spa|1
|move|p2a: Lapras|Ice Beam|p1a: Gholdengo
|-resisted|p1a: Gholdengo
|-damage|p1a: Gholdengo|0 fnt
|faint|p1a: Gholdengo
|
|-weather|SunnyDay|[upkeep]
|upkeep
|
|t:|1758997592
|switch|p1a: Zamazenta|Zamazenta|100/100
|-ability|p1a: Zamazenta|Dauntless Shield|boost
|-boost|p1a: Zamazenta|def|1
|turn|11
|
|t:|1758997598
|move|p1a: Zamazenta|Close Combat|p2a: Lapras
|-supereffective|p2a: Lapras
|-damage|p2a: Lapras|0 fnt
|-unboost|p1a: Zamazenta|def|1
|-unboost|p1a: Zamazenta|spd|1
|faint|p2a: Lapras
|
|-weather|SunnyDay|[upkeep]
|upkeep
|
|t:|1758997600
|switch|p2a: Charizard|Charizard, M|100/100
|-damage|p2a: Charizard|51/100|[from] Stealth Rock
|turn|12
|
|t:|1758997609
|move|p2a: Charizard|Flamethrower|p1a: Zamazenta
|-damage|p1a: Zamazenta|0 fnt
|faint|p1a: Zamazenta
|
|-weather|none
|upkeep
|
|t:|1758997613
|switch|p1a: Gliscor|Gliscor, F|100/100
|turn|13
|
|t:|1758997622
|move|p2a: Charizard|Flamethrower|p1a: Gliscor
|-crit|p1a: Gliscor
|-damage|p1a: Gliscor|47/100
|move|p1a: Gliscor|Agility|p1a: Gliscor
|-boost|p1a: Gliscor|spe|2
|
|-status|p1a: Gliscor|tox|[from] item: Toxic Orb
|upkeep
|turn|14
|
|t:|1758997627
|move|p1a: Gliscor|Swords Dance|p1a: Gliscor
|-boost|p1a: Gliscor|atk|2
|move|p2a: Charizard|Flamethrower|p1a: Gliscor
|-damage|p1a: Gliscor|8/100 tox
|
|-heal|p1a: Gliscor|21/100 tox|[from] ability: Poison Heal
|upkeep
|turn|15
|
|t:|1758997637
|move|p1a: Gliscor|Tera Blast|p2a: Charizard
|-damage|p2a: Charizard|40/100
|move|p2a: Charizard|Flamethrower|p1a: Gliscor
|-damage|p1a: Gliscor|0 fnt
|faint|p1a: Gliscor
|
|upkeep
|-message|Maschenny 1 forfeited.
|
|win|Yomoma’sash
|raw|Maschenny 1's rating: 1456 &rarr; <strong>1440</strong><br />(-16 for losing)
|raw|Yomoma’sash's rating: 1523 &rarr; <strong>1539</strong><br />(+16 for winning)
|l|☆Maschenny 1
|player|p1|
