|j|☆nasbdvo
|j|☆azraelyne
|t:|1758957255
|gametype|singles
|player|p1|nasbdvo|170|1059
|player|p2|azraelyne|101|1077
|gen|9
|tier|[Gen 9] OU
|rated|
|rule|HP Percentage Mod: HP is shown in percentages
|rule|Endless Battle Clause: Forcing endless battles is banned
|rule|Species Clause: Limit one of each Pokémon
|rule|OHKO Clause: OHKO moves are banned
|rule|Evasion Items Clause: Evasion items are banned
|rule|Evasion Moves Clause: Evasion moves are banned
|rule|Evasion Abilities Clause: Evasion abilities are banned
|rule|Sleep Moves Clause: Sleep-inducing moves are banned
|clearpoke
|poke|p1|Gholdengo|
|poke|p1|Iron Treads|
|poke|p1|Moltres|
|poke|p1|Samurott-Hisui, M|
|poke|p1|Sinistcha|
|poke|p1|Ting-Lu|
|poke|p2|Lurantis, F|
|poke|p2|Torkoal, M|
|poke|p2|Iron Valiant|
|poke|p2|Araquanid, F|
|poke|p2|Dondozo, F|
|poke|p2|Hatterene, F|
|teampreview
|
|t:|1758957273
|teamsize|p1|6
|teamsize|p2|6
|start
|switch|p1a: Ting-Lu|Ting-Lu|100/100
|switch|p2a: Iron Valiant|Iron Valiant|100/100
|-ability|p1a: Ting-Lu|Vessel of Ruin
|turn|1
|
|t:|1758957287
|-terastallize|p1a: Ting-Lu|Water
|move|p2a: Iron Valiant|Taunt|p1a: Ting-Lu
|-start|p1a: Ting-Lu|move: Taunt
|cant|p1a: Ting-Lu|move: Taunt|Stealth Rock
|
|upkeep
|turn|2
|
|t:|1758957298
|move|p1a: Ting-Lu|Earthquake|p2a: Iron Valiant
|-damage|p2a: Iron Valiant|58/100
|-enditem|p2a: Iron Valiant|Eject Button
|
|t:|1758957310
|-end|p2a: Iron Valiant|Quark Drive|[silent]
|switch|p2a: Hatterene|Hatterene, F|100/100
|
|upkeep
|turn|3
|
|t:|1758957318
|switch|p1a: Iron Treads|Iron Treads|100/100
|move|p2a: Hatterene|Trick Room|p2a: Hatterene
|-fieldstart|move: Trick Room|[of] p2a: Hatterene
|
|upkeep
|turn|4
|
|t:|1758957329
|move|p2a: Hatterene|Mystical Fire|p1a: Iron Treads
|-supereffective|p1a: Iron Treads
|-damage|p1a: Iron Treads|49/100
|move|p1a: Iron Treads|Rapid Spin|p2a: Hatterene
|-damage|p2a: Hatterene|85/100
|-boost|p1a: Iron Treads|spe|1
|
|upkeep
|turn|5
|
|t:|1758957339
|move|p2a: Hatterene|Mystical Fire|p1a: Iron Treads
|-supereffective|p1a: Iron Treads
|-damage|p1a: Iron Treads|0 fnt
|faint|p1a: Iron Treads
|-end|p1a: Iron Treads|Quark Drive|[silent]
|
|upkeep
|
|t:|1758957355
|switch|p1a: Gholdengo|Gholdengo|100/100
|turn|6
|
|t:|1758957360
|move|p2a: Hatterene|Mystical Fire|p1a: Gholdengo
|-supereffective|p1a: Gholdengo
|-damage|p1a: Gholdengo|27/100
|-unboost|p1a: Gholdengo|spa|1
|move|p1a: Gholdengo|Make It Rain|p2a: Hatterene
|-supereffective|p2a: Hatterene
|-damage|p2a: Hatterene|0 fnt
|-unboost|p1a: Gholdengo|spa|1
|faint|p2a: Hatterene
|
|upkeep
|
|t:|1758957377
|switch|p2a: Lurantis|Lurantis, F|100/100
|turn|7
|
|t:|1758957385
|move|p2a: Lurantis|Leaf Storm|p1a: Gholdengo
|-resisted|p1a: Gholdengo
|-damage|p1a: Gholdengo|0 fnt
|-boost|p2a: Lurantis|spa|2
|faint|p1a: Gholdengo
|
|-fieldend|move: Trick Room
|upkeep
|
|t:|1758957393
|switch|p1a: Moltres|Moltres|100/100
|turn|8
|
|t:|1758957399
|move|p1a: Moltres|Flamethrower|p2a: Lurantis
|-supereffective|p2a: Lurantis
|-damage|p2a: Lurantis|13/100
|-enditem|p2a: Lurantis|Aguav Berry|[eat]
|-heal|p2a: Lurantis|46/100|[from] item: Aguav Berry
|move|p2a: Lurantis|Leaf Storm|p1a: Moltres
|-resisted|p1a: Moltres
|-damage|p1a: Moltres|73/100
|-boost|p2a: Lurantis|spa|2
|
|upkeep
|turn|9
|
|t:|1758957409
|move|p1a: Moltres|Flamethrower|p2a: Lurantis
|-supereffective|p2a: Lurantis
|-crit|p2a: Lurantis
|-damage|p2a: Lurantis|0 fnt
|faint|p2a: Lurantis
|
|upkeep
|
|t:|1758957426
|switch|p2a: Araquanid|Araquanid, F|100/100
|turn|10
|
|t:|1758957439
|move|p1a: Moltres|U-turn|p2a: Araquanid
|-damage|p2a: Araquanid|85/100
|
|t:|1758957444
|switch|p1a: Sinistcha|Sinistcha|100/100|[from] U-turn
|move|p2a: Araquanid|Leech Life|p1a: Sinistcha
|-damage|p1a: Sinistcha|70/100
|-heal|p2a: Araquanid|100/100|[from] drain|[of] p1a: Sinistcha
|
|upkeep
|turn|11
|
|t:|1758957456
|move|p1a: Sinistcha|Matcha Gotcha|p2a: Araquanid|[miss]
|-miss|p1a: Sinistcha|p2a: Araquanid
|move|p2a: Araquanid|Leech Life|p1a: Sinistcha
|-damage|p1a: Sinistcha|41/100
|
|upkeep
|turn|12
|
|t:|1758957464
|move|p1a: Sinistcha|Matcha Gotcha|p2a: Araquanid
|-damage|p2a: Araquanid|74/100
|-heal|p1a: Sinistcha|54/100|[from] drain|[of] p2a: Araquanid
|move|p2a: Araquanid|Leech Life|p1a: Sinistcha
|-damage|p1a: Sinistcha|23/100
|-heal|p2a: Araquanid|90/100|[from] drain|[of] p1a: Sinistcha
|
|upkeep
|turn|13
|
|t:|1758957479
|move|p1a: Sinistcha|Strength Sap|p2a: Araquanid
|-unboost|p2a: Araquanid|atk|1
|-heal|p1a: Sinistcha|99/100
|move|p2a: Araquanid|Leech Life|p1a: Sinistcha
|-damage|p1a: Sinistcha|76/100
|-heal|p2a: Araquanid|100/100|[from] drain|[of] p1a: Sinistcha
|
|upkeep
|turn|14
|
|t:|1758957493
|switch|p2a: Iron Valiant|Iron Valiant|58/100
|move|p1a: Sinistcha|Shadow Ball|p2a: Iron Valiant
|-damage|p2a: Iron Valiant|8/100
|
|upkeep
|turn|15
|
|t:|1758957500
|move|p1a: Sinistcha|Shadow Ball|p2a: Iron Valiant
|-damage|p2a: Iron Valiant|0 fnt
|faint|p2a: Iron Valiant
|-end|p2a: Iron Valiant|Quark Drive|[silent]
|
|upkeep
|
|t:|1758957514
|switch|p2a: Torkoal|Torkoal, M|100/100
|-weather|SunnyDay|[from] ability: Drought|[of] p2a: Torkoal
|turn|16
|
|t:|1758957521
|switch|p1a: Samurott|Samurott-Hisui, M|100/100
|move|p2a: Torkoal|Eruption|p1a: Samurott
|-resisted|p1a: Samurott
|-damage|p1a: Samurott|22/100
|
|-weather|SunnyDay|[upkeep]
|upkeep
|turn|17
|
|t:|1758957532
|move|p1a: Samurott|Razor Shell|p2a: Torkoal
|-supereffective|p2a: Torkoal
|-damage|p2a: Torkoal|64/100
|move|p2a: Torkoal|Solar Beam||[still]
|-prepare|p2a: Torkoal|Solar Beam
|-anim|p2a: Torkoal|Solar Beam|p1a: Samurott
|-supereffective|p1a: Samurott
|-damage|p1a: Samurott|0 fnt
|faint|p1a: Samurott
|
|-weather|SunnyDay|[upkeep]
|upkeep
|
|t:|1758957545
|switch|p1a: Ting-Lu|Ting-Lu, tera:Water|100/100
|-ability|p1a: Ting-Lu|Vessel of Ruin
|turn|18
|
|t:|1758957550
|move|p1a: Ting-Lu|Earthquake|p2a: Torkoal
|-supereffective|p2a: Torkoal
|-damage|p2a: Torkoal|8/100
|move|p2a: Torkoal|Solar Beam||[still]
|-prepare|p2a: Torkoal|Solar Beam
|-anim|p2a: Torkoal|Solar Beam|p1a: Ting-Lu
|-supereffective|p1a: Ting-Lu
|-damage|p1a: Ting-Lu|71/100
|
|-weather|SunnyDay|[upkeep]
|-heal|p1a: Ting-Lu|78/100|[from] item: Leftovers
|upkeep
|turn|19
|
|t:|1758957562
|move|p1a: Ting-Lu|Earthquake|p2a: Torkoal
|-supereffective|p2a: Torkoal
|-damage|p2a: Torkoal|0 fnt
|faint|p2a: Torkoal
|
|-weather|SunnyDay|[upkeep]
|-heal|p1a: Ting-Lu|84/100|[from] item: Leftovers
|upkeep
|
|t:|1758957573
|switch|p2a: Araquanid|Araquanid, F|100/100
|turn|20
|
|t:|1758957586
|move|p1a: Ting-Lu|Stealth Rock|p2a: Araquanid
|-sidestart|p2: azraelyne|move: Stealth Rock
|move|p2a: Araquanid|Poison Jab|p1a: Ting-Lu
|-damage|p1a: Ting-Lu|66/100
|-status|p1a: Ting-Lu|psn
|
|-weather|none
|-heal|p1a: Ting-Lu|72/100 psn|[from] item: Leftovers
|-damage|p1a: Ting-Lu|60/100 psn|[from] psn
|upkeep
|turn|21
|
|t:|1758957601
|move|p1a: Ting-Lu|Ruination|p2a: Araquanid
|-damage|p2a: Araquanid|50/100
|move|p2a: Araquanid|Poison Jab|p1a: Ting-Lu
|-damage|p1a: Ting-Lu|44/100 psn
|
|-heal|p1a: Ting-Lu|51/100 psn|[from] item: Leftovers
|-damage|p1a: Ting-Lu|38/100 psn|[from] psn
|upkeep
|turn|22
|
|t:|1758957611
|move|p1a: Ting-Lu|Earthquake|p2a: Araquanid
|-resisted|p2a: Araquanid
|-damage|p2a: Araquanid|29/100
|move|p2a: Araquanid|Poison Jab|p1a: Ting-Lu
|-damage|p1a: Ting-Lu|22/100 psn
|
|-heal|p1a: Ting-Lu|28/100 psn|[from] item: Leftovers
|-damage|p1a: Ting-Lu|15/100 psn|[from] psn
|upkeep
|turn|23
|
|t:|1758957623
|move|p1a: Ting-Lu|Ruination|p2a: Araquanid
|-damage|p2a: Araquanid|15/100
|move|p2a: Araquanid|Poison Jab|p1a: Ting-Lu
|-damage|p1a: Ting-Lu|0 fnt
|faint|p1a: Ting-Lu
|
|upkeep
|
|t:|1758957632
|switch|p1a: Sinistcha|Sinistcha|76/100
|turn|24
|
|t:|1758957636
|move|p1a: Sinistcha|Shadow Ball|p2a: Araquanid
|-damage|p2a: Araquanid|0 fnt
|faint|p2a: Araquanid
|
|upkeep
|
|t:|1758957642
|switch|p2a: Dondozo|Dondozo, F|100/100
|-damage|p2a: Dondozo|88/100|[from] Stealth Rock
|turn|25
|
|t:|1758957653
|move|p1a: Sinistcha|Matcha Gotcha|p2a: Dondozo
|-supereffective|p2a: Dondozo
|-damage|p2a: Dondozo|23/100
|-heal|p1a: Sinistcha|100/100|[from] drain|[of] p2a: Dondozo
|move|p2a: Dondozo|Wave Crash|p1a: Sinistcha
|-resisted|p1a: Sinistcha
|-damage|p1a: Sinistcha|80/100
|-damage|p2a: Dondozo|19/100|[from] Recoil
|
|upkeep
|turn|26
|-message|nasbdvo forfeited.
|
|win|azraelyne
|raw|nasbdvo's rating: 1059 &rarr; <strong>1043</strong><br />(-16 for losing)
|raw|azraelyne's rating: 1105 &rarr; <strong>1127</strong><br />(+22 for winning)
|l|☆nasbdvo
|player|p1|
