|j|☆ay cheu
|j|☆chupingolis
|t:|1758940948
|gametype|singles
|player|p1|ay cheu|riley|1664
|player|p2|chupingolis|265|1681
|gen|9
|tier|[Gen 9] OU
|rated|
|rule|HP Percentage Mod: HP is shown in percentages
|rule|Endless Battle Clause: Forcing endless battles is banned
|rule|Species Clause: Limit one of each Pokémon
|rule|OHKO Clause: OHKO moves are banned
|rule|Evasion Items Clause: Evasion items are banned
|rule|Evasion Moves Clause: Evasion moves are banned
|rule|Evasion Abilities Clause: Evasion abilities are banned
|rule|Sleep Moves Clause: Sleep-inducing moves are banned
|clearpoke
|poke|p1|Arcanine-Hisui, M|
|poke|p1|Metagross|
|poke|p1|Sandy Shocks|
|poke|p1|Zapdos-Galar|
|poke|p1|Suicune|
|poke|p1|Frosmoth, F|
|poke|p2|Kingambit, M|
|poke|p2|Zamazenta-*|
|poke|p2|Raging Bolt|
|poke|p2|Corviknight, M|
|poke|p2|Dragapult, M|
|poke|p2|Iron Crown|
|teampreview
|inactive|Battle timer is ON: inactive players will automatically lose when time's up. (requested by ay cheu)
|
|t:|1758940954
|teamsize|p1|6
|teamsize|p2|6
|start
|switch|p1a: 隼|Zapdos-Galar|100/100
|switch|p2a: Dragapult|Dragapult, M|100/100
|turn|1
|
|t:|1758940961
|move|p1a: 隼|Knock Off|p2a: Dragapult
|-supereffective|p2a: Dragapult
|-damage|p2a: Dragapult|5/100
|-enditem|p2a: Dragapult|Choice Specs|[from] move: Knock Off|[of] p1a: 隼
|move|p2a: Dragapult|Draco Meteor|p1a: 隼
|-crit|p1a: 隼
|-damage|p1a: 隼|0 fnt
|-unboost|p2a: Dragapult|spa|2
|faint|p1a: 隼
|
|upkeep
|
|t:|1758940973
|switch|p1a: 灰灰|Arcanine-Hisui, M|100/100
|turn|2
|
|t:|1758940980
|switch|p2a: Corviknight|Corviknight, M|100/100
|-ability|p2a: Corviknight|Pressure
|move|p1a: 灰灰|Flare Blitz|p2a: Corviknight
|-supereffective|p2a: Corviknight
|-damage|p2a: Corviknight|0 fnt
|-damage|p1a: 灰灰|84/100|[from] item: Rocky Helmet|[of] p2a: Corviknight
|faint|p2a: Corviknight
|
|upkeep
|
|t:|1758940990
|switch|p2a: Zamazenta|Zamazenta|100/100
|-ability|p2a: Zamazenta|Dauntless Shield|boost
|-boost|p2a: Zamazenta|def|1
|turn|3
|
|t:|1758940993
|switch|p1a: 力拔山兮|Metagross, shiny|100/100
|move|p2a: Zamazenta|Iron Defense|p2a: Zamazenta
|-boost|p2a: Zamazenta|def|2
|
|upkeep
|turn|4
|
|t:|1758940997
|move|p2a: Zamazenta|Substitute|p2a: Zamazenta
|-start|p2a: Zamazenta|Substitute
|-damage|p2a: Zamazenta|76/100
|move|p1a: 力拔山兮|Psychic Noise|p2a: Zamazenta
|-supereffective|p2a: Zamazenta
|-damage|p2a: Zamazenta|27/100
|-start|p2a: Zamazenta|move: Heal Block
|
|upkeep
|turn|5
|
|t:|1758941002
|move|p2a: Zamazenta|Body Press|p1a: 力拔山兮
|-damage|p1a: 力拔山兮|58/100
|-damage|p2a: Zamazenta|10/100|[from] item: Rocky Helmet|[of] p1a: 力拔山兮
|move|p1a: 力拔山兮|Stealth Rock|p2a: Zamazenta
|-sidestart|p2: chupingolis|move: Stealth Rock
|
|-end|p2a: Zamazenta|move: Heal Block
|upkeep
|turn|6
|
|t:|1758941007
|move|p2a: Zamazenta|Body Press|p1a: 力拔山兮
|-damage|p1a: 力拔山兮|18/100
|-damage|p2a: Zamazenta|0 fnt|[from] item: Rocky Helmet|[of] p1a: 力拔山兮
|faint|p2a: Zamazenta
|move|p1a: 力拔山兮|Psychic Noise|p2: Zamazenta|[notarget]
|-fail|p1a: 力拔山兮
|
|upkeep
|
|t:|1758941015
|switch|p2a: Iron Crown|Iron Crown|100/100
|-damage|p2a: Iron Crown|94/100|[from] Stealth Rock
|-enditem|p2a: Iron Crown|Booster Energy
|-activate|p2a: Iron Crown|ability: Quark Drive|[fromitem]
|-start|p2a: Iron Crown|quarkdrivespa
|turn|7
|
|t:|1758941023
|move|p2a: Iron Crown|Tachyon Cutter|p1a: 力拔山兮
|-resisted|p1a: 力拔山兮
|-damage|p1a: 力拔山兮|0 fnt
|faint|p1a: 力拔山兮
|-hitcount|p1: 力拔山兮|1
|
|upkeep
|
|t:|1758941026
|switch|p1a: Sandy Shocks|Sandy Shocks|100/100
|turn|8
|
|t:|1758941030
|-end|p2a: Iron Crown|Quark Drive|[silent]
|switch|p2a: Dragapult|Dragapult, M|5/100
|-damage|p2a: Dragapult|0 fnt|[from] Stealth Rock
|faint|p2a: Dragapult
|move|p1a: Sandy Shocks|Volt Switch|p2: Dragapult|[notarget]
|-fail|p1a: Sandy Shocks
|
|upkeep
|
|t:|1758941039
|switch|p2a: Raging Bolt|Raging Bolt|100/100
|-damage|p2a: Raging Bolt|88/100|[from] Stealth Rock
|turn|9
|
|t:|1758941042
|-terastallize|p2a: Raging Bolt|Fairy
|move|p1a: Sandy Shocks|Earth Power|p2a: Raging Bolt
|-damage|p2a: Raging Bolt|41/100
|-damage|p1a: Sandy Shocks|91/100|[from] item: Life Orb
|move|p2a: Raging Bolt|Calm Mind|p2a: Raging Bolt
|-boost|p2a: Raging Bolt|spa|1
|-boost|p2a: Raging Bolt|spd|1
|
|-heal|p2a: Raging Bolt|47/100|[from] item: Leftovers
|upkeep
|turn|10
|
|t:|1758941050
|move|p1a: Sandy Shocks|Volt Switch|p2a: Raging Bolt
|-damage|p2a: Raging Bolt|22/100
|-damage|p1a: Sandy Shocks|81/100|[from] item: Life Orb
|
|t:|1758941053
|-end|p1a: Sandy Shocks|Protosynthesis|[silent]
|switch|p1a: 扑火|Frosmoth, F, shiny|100/100|[from] Volt Switch
|move|p2a: Raging Bolt|Draco Meteor|p1a: 扑火
|-damage|p1a: 扑火|59/100
|-unboost|p2a: Raging Bolt|spa|2
|
|-heal|p2a: Raging Bolt|28/100|[from] item: Leftovers
|upkeep
|turn|11
|
|t:|1758941061
|move|p2a: Raging Bolt|Calm Mind|p2a: Raging Bolt
|-boost|p2a: Raging Bolt|spa|1
|-boost|p2a: Raging Bolt|spd|1
|move|p1a: 扑火|Ice Beam|p2a: Raging Bolt
|-damage|p2a: Raging Bolt|13/100
|
|-heal|p2a: Raging Bolt|19/100|[from] item: Leftovers
|upkeep
|turn|12
|
|t:|1758941067
|move|p2a: Raging Bolt|Calm Mind|p2a: Raging Bolt
|-boost|p2a: Raging Bolt|spa|1
|-boost|p2a: Raging Bolt|spd|1
|move|p1a: 扑火|Ice Beam|p2a: Raging Bolt
|-damage|p2a: Raging Bolt|6/100
|
|-heal|p2a: Raging Bolt|12/100|[from] item: Leftovers
|upkeep
|turn|13
|
|t:|1758941072
|move|p2a: Raging Bolt|Thunderclap|p1a: 扑火
|-damage|p1a: 扑火|36/100
|move|p1a: 扑火|U-turn|p2a: Raging Bolt
|-resisted|p2a: Raging Bolt
|-damage|p2a: Raging Bolt|6/100
|
|t:|1758941079
|switch|p1a: Sandy Shocks|Sandy Shocks|81/100|[from] U-turn
|
|-heal|p2a: Raging Bolt|12/100|[from] item: Leftovers
|upkeep
|turn|14
|
|t:|1758941087
|move|p1a: Sandy Shocks|Tera Blast|p2a: Raging Bolt
|-damage|p2a: Raging Bolt|1/100
|-damage|p1a: Sandy Shocks|71/100|[from] item: Life Orb
|move|p2a: Raging Bolt|Draco Meteor|p1a: Sandy Shocks
|-damage|p1a: Sandy Shocks|0 fnt
|-unboost|p2a: Raging Bolt|spa|2
|faint|p1a: Sandy Shocks
|-end|p1a: Sandy Shocks|Protosynthesis|[silent]
|
|-heal|p2a: Raging Bolt|7/100|[from] item: Leftovers
|upkeep
|
|t:|1758941093
|switch|p1a: 灰灰|Arcanine-Hisui, M|84/100
|turn|15
|
|t:|1758941097
|move|p1a: 灰灰|Extreme Speed|p2a: Raging Bolt
|-damage|p2a: Raging Bolt|0 fnt
|faint|p2a: Raging Bolt
|-end|p2a: Raging Bolt|Protosynthesis|[silent]
|
|upkeep
|
|t:|1758941104
|switch|p2a: Kingambit|Kingambit, M|100/100
|-damage|p2a: Kingambit|94/100|[from] Stealth Rock
|-activate|p2a: Kingambit|ability: Supreme Overlord
|-start|p2a: Kingambit|fallen4|[silent]
|turn|16
|
|t:|1758941107
|switch|p1a: 扑火|Frosmoth, F, shiny|36/100
|move|p2a: Kingambit|Swords Dance|p2a: Kingambit
|-boost|p2a: Kingambit|atk|2
|
|-heal|p2a: Kingambit|100/100|[from] item: Leftovers
|upkeep
|turn|17
|
|t:|1758941112
|move|p2a: Kingambit|Sucker Punch|p1a: 扑火
|-damage|p1a: 扑火|0 fnt
|faint|p1a: 扑火
|
|upkeep
|
|t:|1758941114
|switch|p1a: 灰灰|Arcanine-Hisui, M|84/100
|turn|18
|
|t:|1758941117
|move|p2a: Kingambit|Sucker Punch||[still]
|-fail|p2a: Kingambit
|move|p1a: 灰灰|Will-O-Wisp|p2a: Kingambit
|-status|p2a: Kingambit|brn
|
|-damage|p2a: Kingambit|94/100 brn|[from] brn
|upkeep
|turn|19
|
|t:|1758941120
|switch|p1a: 君君|Suicune|100/100
|-ability|p1a: 君君|Pressure
|move|p2a: Kingambit|Swords Dance|p2a: Kingambit
|-boost|p2a: Kingambit|atk|2
|
|-heal|p2a: Kingambit|100/100 brn|[from] item: Leftovers
|-damage|p2a: Kingambit|94/100 brn|[from] brn
|upkeep
|turn|20
|
|t:|1758941127
|move|p1a: 君君|Substitute|p1a: 君君
|-start|p1a: 君君|Substitute
|-damage|p1a: 君君|75/100
|move|p2a: Kingambit|Kowtow Cleave|p1a: 君君
|-end|p1a: 君君|Substitute
|
|-heal|p1a: 君君|82/100|[from] item: Leftovers
|-heal|p2a: Kingambit|100/100 brn|[from] item: Leftovers
|-damage|p2a: Kingambit|94/100 brn|[from] brn
|upkeep
|turn|21
|
|t:|1758941130
|move|p1a: 君君|Scald|p2a: Kingambit
|-damage|p2a: Kingambit|69/100 brn
|move|p2a: Kingambit|Kowtow Cleave|p1a: 君君
|-damage|p1a: 君君|20/100
|
|-heal|p1a: 君君|26/100|[from] item: Leftovers
|-heal|p2a: Kingambit|75/100 brn|[from] item: Leftovers
|-damage|p2a: Kingambit|69/100 brn|[from] brn
|upkeep
|turn|22
|
|t:|1758941143
|move|p1a: 君君|Scald|p2a: Kingambit
|-damage|p2a: Kingambit|45/100 brn
|move|p2a: Kingambit|Swords Dance|p2a: Kingambit
|-boost|p2a: Kingambit|atk|2
|
|-heal|p1a: 君君|33/100|[from] item: Leftovers
|-heal|p2a: Kingambit|51/100 brn|[from] item: Leftovers
|-damage|p2a: Kingambit|45/100 brn|[from] brn
|upkeep
|turn|23
|
|t:|1758941148
|switch|p1a: 灰灰|Arcanine-Hisui, M|84/100
|move|p2a: Kingambit|Kowtow Cleave|p1a: 灰灰
|-damage|p1a: 灰灰|0 fnt
|faint|p1a: 灰灰
|
|-heal|p2a: Kingambit|51/100 brn|[from] item: Leftovers
|-damage|p2a: Kingambit|45/100 brn|[from] brn
|upkeep
|-message|ay cheu forfeited.
|
|win|chupingolis
|raw|ay cheu's rating: 1664 &rarr; <strong>1645</strong><br />(-19 for losing)
|raw|chupingolis's rating: 1681 &rarr; <strong>1700</strong><br />(+19 for winning)
|l|☆ay cheu
|player|p1|
|l|☆chupingolis
|player|p2|
