|j|☆hameed425
|j|☆Mr.TiredBoi
|t:|1758955902
|gametype|singles
|player|p1|hameed425|170|1145
|player|p2|Mr.TiredBoi|102|1123
|gen|9
|tier|[Gen 9] OU
|rated|
|rule|HP Percentage Mod: HP is shown in percentages
|rule|Endless Battle Clause: Forcing endless battles is banned
|rule|Species Clause: Limit one of each Pokémon
|rule|OHKO Clause: OHKO moves are banned
|rule|Evasion Items Clause: Evasion items are banned
|rule|Evasion Moves Clause: Evasion moves are banned
|rule|Evasion Abilities Clause: Evasion abilities are banned
|rule|Sleep Moves Clause: Sleep-inducing moves are banned
|clearpoke
|poke|p1|Clefable, M|
|poke|p1|Deoxys-Defense|
|poke|p1|Scream Tail|
|poke|p1|Suicune|
|poke|p1|Landorus-Therian, M|
|poke|p1|Grimmsnarl, M|
|poke|p2|Kommo-o, M|
|poke|p2|Gholdengo|
|poke|p2|Ogerpon-Wellspring, F|
|poke|p2|Araquanid, M|
|poke|p2|Iron Moth|
|poke|p2|Samurott-Hisui, M|
|teampreview
|inactive|Battle timer is ON: inactive players will automatically lose when time's up. (requested by Mr.TiredBoi)
|
|t:|1758955937
|teamsize|p1|6
|teamsize|p2|6
|start
|switch|p1a: Landorus|Landorus-Therian, M|100/100
|switch|p2a: Araquanid|Araquanid, M|100/100
|-ability|p1a: Landorus|Intimidate|boost
|-unboost|p2a: Araquanid|atk|1
|turn|1
|
|t:|1758955941
|move|p1a: Landorus|Rock Slide|p2a: Araquanid
|-supereffective|p2a: Araquanid
|-damage|p2a: Araquanid|14/100
|move|p2a: Araquanid|Sticky Web|p1a: Landorus
|-sidestart|p1: hameed425|move: Sticky Web
|
|upkeep
|turn|2
|-enditem|p2a: Araquanid|Custap Berry|[eat]
|-activate|p2a: Araquanid|item: Custap Berry|[consumed]
|
|t:|1758955945
|move|p2a: Araquanid|Endeavor|p1a: Landorus
|-damage|p1a: Landorus|15/100
|move|p1a: Landorus|Rock Slide|p2a: Araquanid
|-supereffective|p2a: Araquanid
|-damage|p2a: Araquanid|0 fnt
|faint|p2a: Araquanid
|
|upkeep
|
|t:|1758955950
|switch|p2a: Samurott|Samurott-Hisui, M|100/100
|turn|3
|
|t:|1758955953
|switch|p1a: Scream Tail|Scream Tail|100/100
|-activate|p1a: Scream Tail|move: Sticky Web
|-unboost|p1a: Scream Tail|spe|1
|move|p2a: Samurott|Ceaseless Edge|p1a: Scream Tail
|-damage|p1a: Scream Tail|77/100
|-sidestart|p1: hameed425|Spikes
|
|-heal|p1a: Scream Tail|84/100|[from] item: Leftovers
|upkeep
|turn|4
|
|t:|1758955961
|switch|p2a: Iron Moth|Iron Moth|100/100
|-enditem|p2a: Iron Moth|Booster Energy
|-activate|p2a: Iron Moth|ability: Quark Drive|[fromitem]
|-start|p2a: Iron Moth|quarkdrivespa
|move|p1a: Scream Tail|Bulk Up|p1a: Scream Tail
|-boost|p1a: Scream Tail|atk|1
|-boost|p1a: Scream Tail|def|1
|
|-heal|p1a: Scream Tail|90/100|[from] item: Leftovers
|upkeep
|turn|5
|
|t:|1758955967
|-end|p1a: Scream Tail|Protosynthesis|[silent]
|switch|p1a: Landorus|Landorus-Therian, M|15/100
|-ability|p1a: Landorus|Intimidate|boost
|-unboost|p2a: Iron Moth|atk|1
|move|p2a: Iron Moth|Sludge Wave|p1a: Landorus
|-resisted|p1a: Landorus
|-damage|p1a: Landorus|0 fnt
|faint|p1a: Landorus
|
|upkeep
|
|t:|1758955970
|switch|p1a: Grimmsnarl|Grimmsnarl, M|100/100
|-activate|p1a: Grimmsnarl|move: Sticky Web
|-unboost|p1a: Grimmsnarl|spe|1
|-damage|p1a: Grimmsnarl|88/100|[from] Spikes
|turn|6
|
|t:|1758955976
|move|p1a: Grimmsnarl|Light Screen|p1a: Grimmsnarl
|-sidestart|p1: hameed425|move: Light Screen
|move|p2a: Iron Moth|Sludge Wave|p1a: Grimmsnarl
|-supereffective|p1a: Grimmsnarl
|-damage|p1a: Grimmsnarl|8/100
|
|upkeep
|turn|7
|
|t:|1758955981
|move|p1a: Grimmsnarl|Parting Shot|p2a: Iron Moth
|-unboost|p2a: Iron Moth|atk|1
|-unboost|p2a: Iron Moth|spa|1
|
|t:|1758955985
|switch|p1a: Suicune|Suicune|100/100|[from] Parting Shot
|-activate|p1a: Suicune|move: Sticky Web
|-unboost|p1a: Suicune|spe|1
|-damage|p1a: Suicune|88/100|[from] Spikes
|-ability|p1a: Suicune|Pressure
|move|p2a: Iron Moth|Sludge Wave|p1a: Suicune
|-damage|p1a: Suicune|72/100
|
|-heal|p1a: Suicune|78/100|[from] item: Leftovers
|upkeep
|turn|8
|
|t:|1758955990
|move|p2a: Iron Moth|Fiery Dance|p1a: Suicune
|-resisted|p1a: Suicune
|-damage|p1a: Suicune|71/100
|-boost|p2a: Iron Moth|spa|1
|move|p1a: Suicune|Calm Mind|p1a: Suicune
|-boost|p1a: Suicune|spa|1
|-boost|p1a: Suicune|spd|1
|
|-heal|p1a: Suicune|78/100|[from] item: Leftovers
|upkeep
|turn|9
|
|t:|1758955998
|move|p2a: Iron Moth|Dazzling Gleam|p1a: Suicune
|-damage|p1a: Suicune|68/100
|move|p1a: Suicune|Calm Mind|p1a: Suicune
|-boost|p1a: Suicune|spa|1
|-boost|p1a: Suicune|spd|1
|
|-heal|p1a: Suicune|74/100|[from] item: Leftovers
|upkeep
|turn|10
|
|t:|1758956001
|move|p2a: Iron Moth|Fiery Dance|p1a: Suicune
|-resisted|p1a: Suicune
|-damage|p1a: Suicune|69/100
|-boost|p2a: Iron Moth|spa|1
|move|p1a: Suicune|Calm Mind|p1a: Suicune
|-boost|p1a: Suicune|spa|1
|-boost|p1a: Suicune|spd|1
|
|-heal|p1a: Suicune|75/100|[from] item: Leftovers
|upkeep
|turn|11
|
|t:|1758956007
|-end|p2a: Iron Moth|Quark Drive|[silent]
|switch|p2a: Ogerpon|Ogerpon-Wellspring, F|100/100
|move|p1a: Suicune|Calm Mind|p1a: Suicune
|-boost|p1a: Suicune|spa|1
|-boost|p1a: Suicune|spd|1
|
|-heal|p1a: Suicune|82/100|[from] item: Leftovers
|upkeep
|turn|12
|
|t:|1758956011
|-terastallize|p1a: Suicune|Poison
|move|p2a: Ogerpon|Power Whip|p1a: Suicune
|-resisted|p1a: Suicune
|-damage|p1a: Suicune|63/100
|move|p1a: Suicune|Ice Beam|p2a: Ogerpon
|-damage|p2a: Ogerpon|39/100
|
|-heal|p1a: Suicune|69/100|[from] item: Leftovers
|upkeep
|turn|13
|
|t:|1758956019
|move|p2a: Ogerpon|Ivy Cudgel|p1a: Suicune|[anim] Ivy Cudgel Water
|-damage|p1a: Suicune|36/100
|move|p1a: Suicune|Ice Beam|p2a: Ogerpon
|-damage|p2a: Ogerpon|0 fnt
|faint|p2a: Ogerpon
|
|-heal|p1a: Suicune|43/100|[from] item: Leftovers
|-sideend|p1: hameed425|move: Light Screen
|upkeep
|
|t:|1758956027
|switch|p2a: Samurott|Samurott-Hisui, M|100/100
|turn|14
|
|t:|1758956032
|move|p2a: Samurott|Ceaseless Edge|p1a: Suicune
|-damage|p1a: Suicune|26/100
|-sidestart|p1: hameed425|Spikes
|move|p1a: Suicune|Scald|p2a: Samurott
|-resisted|p2a: Samurott
|-damage|p2a: Samurott|40/100
|
|-heal|p1a: Suicune|32/100|[from] item: Leftovers
|upkeep
|turn|15
|
|t:|1758956039
|move|p2a: Samurott|Ceaseless Edge|p1a: Suicune
|-damage|p1a: Suicune|17/100
|-sidestart|p1: hameed425|Spikes
|move|p1a: Suicune|Rest|p1a: Suicune
|-status|p1a: Suicune|slp|[from] move: Rest
|-heal|p1a: Suicune|100/100 slp|[silent]
|
|upkeep
|turn|16
|
|t:|1758956050
|move|p2a: Samurott|Ceaseless Edge|p1a: Suicune
|-damage|p1a: Suicune|83/100 slp
|cant|p1a: Suicune|slp
|
|-heal|p1a: Suicune|89/100 slp|[from] item: Leftovers
|upkeep
|turn|17
|
|t:|1758956053
|move|p2a: Samurott|Ceaseless Edge|p1a: Suicune|[miss]
|-miss|p2a: Samurott|p1a: Suicune
|cant|p1a: Suicune|slp
|
|-heal|p1a: Suicune|95/100 slp|[from] item: Leftovers
|upkeep
|turn|18
|
|t:|1758956057
|move|p2a: Samurott|Ceaseless Edge|p1a: Suicune
|-damage|p1a: Suicune|78/100 slp
|-curestatus|p1a: Suicune|slp|[msg]
|move|p1a: Suicune|Scald|p2a: Samurott
|-resisted|p2a: Samurott
|-damage|p2a: Samurott|0 fnt
|faint|p2a: Samurott
|
|-heal|p1a: Suicune|84/100|[from] item: Leftovers
|upkeep
|
|t:|1758956062
|switch|p2a: Gholdengo|Gholdengo|100/100
|-item|p2a: Gholdengo|Air Balloon
|turn|19
|
|t:|1758956064
|move|p2a: Gholdengo|Psyshock|p1a: Suicune
|-supereffective|p1a: Suicune
|-damage|p1a: Suicune|54/100
|move|p1a: Suicune|Scald|p2a: Gholdengo
|-damage|p2a: Gholdengo|16/100
|-enditem|p2a: Gholdengo|Air Balloon
|
|-heal|p1a: Suicune|60/100|[from] item: Leftovers
|upkeep
|turn|20
|
|t:|1758956073
|move|p2a: Gholdengo|Psyshock|p1a: Suicune
|-supereffective|p1a: Suicune
|-damage|p1a: Suicune|30/100
|move|p1a: Suicune|Scald|p2a: Gholdengo
|-damage|p2a: Gholdengo|0 fnt
|faint|p2a: Gholdengo
|
|-heal|p1a: Suicune|36/100|[from] item: Leftovers
|upkeep
|
|t:|1758956080
|switch|p2a: Iron Moth|Iron Moth|100/100
|turn|21
|
|t:|1758956083
|move|p2a: Iron Moth|Fiery Dance|p1a: Suicune
|-damage|p1a: Suicune|25/100
|-boost|p2a: Iron Moth|spa|1
|move|p1a: Suicune|Scald|p2a: Iron Moth
|-supereffective|p2a: Iron Moth
|-damage|p2a: Iron Moth|0 fnt
|faint|p2a: Iron Moth
|-end|p2a: Iron Moth|Quark Drive|[silent]
|
|-heal|p1a: Suicune|32/100|[from] item: Leftovers
|upkeep
|
|t:|1758956087
|switch|p2a: Kommo-o|Kommo-o, M|100/100
|turn|22
|
|t:|1758956091
|move|p2a: Kommo-o|Clangorous Soul|p2a: Kommo-o
|-boost|p2a: Kommo-o|atk|1
|-boost|p2a: Kommo-o|def|1
|-boost|p2a: Kommo-o|spa|1
|-boost|p2a: Kommo-o|spd|1
|-boost|p2a: Kommo-o|spe|1
|-damage|p2a: Kommo-o|68/100
|-enditem|p2a: Kommo-o|Throat Spray
|-boost|p2a: Kommo-o|spa|1|[from] item: Throat Spray
|move|p1a: Suicune|Scald|p2a: Kommo-o
|-resisted|p2a: Kommo-o
|-damage|p2a: Kommo-o|38/100
|-status|p2a: Kommo-o|brn
|
|-heal|p1a: Suicune|38/100|[from] item: Leftovers
|-damage|p2a: Kommo-o|31/100 brn|[from] brn
|upkeep
|turn|23
|
|t:|1758956107
|-terastallize|p2a: Kommo-o|Normal
|move|p2a: Kommo-o|Boomburst|p1a: Suicune
|-damage|p1a: Suicune|8/100
|move|p1a: Suicune|Ice Beam|p2a: Kommo-o
|-damage|p2a: Kommo-o|0 fnt
|faint|p2a: Kommo-o
|
|win|hameed425
|raw|hameed425's rating: 1145 &rarr; <strong>1168</strong><br />(+23 for winning)
|raw|Mr.TiredBoi's rating: 1123 &rarr; <strong>1100</strong><br />(-23 for losing)
|l|☆Mr.TiredBoi
|player|p2|
|l|☆hameed425
|player|p1|
