|j|☆Pyrax69
|j|☆senpako
|t:|1758965920
|gametype|singles
|player|p1|Pyrax69|cynthia-gen4|1298
|player|p2|senpako|koga|1357
|gen|9
|tier|[Gen 9] OU
|rated|
|rule|HP Percentage Mod: HP is shown in percentages
|rule|Endless Battle Clause: Forcing endless battles is banned
|rule|Species Clause: Limit one of each Pokémon
|rule|OHKO Clause: OHKO moves are banned
|rule|Evasion Items Clause: Evasion items are banned
|rule|Evasion Moves Clause: Evasion moves are banned
|rule|Evasion Abilities Clause: Evasion abilities are banned
|rule|Sleep Moves Clause: Sleep-inducing moves are banned
|clearpoke
|poke|p1|Heatran, M|
|poke|p1|Iron Crown|
|poke|p1|Great Tusk|
|poke|p1|Raging Bolt|
|poke|p1|Darkrai|
|poke|p1|Primarina, M|
|poke|p2|Great Tusk|
|poke|p2|Greninja-*, M|
|poke|p2|Toxicroak, F|
|poke|p2|Blaziken, M|
|poke|p2|Raging Bolt|
|poke|p2|Tsareena, F|
|teampreview
|inactive|Battle timer is ON: inactive players will automatically lose when time's up. (requested by senpako)
|inactive|Pyrax69 also wants the timer to be on.
|
|t:|1758965950
|teamsize|p1|6
|teamsize|p2|6
|start
|switch|p1a: Darkrai|Darkrai|100/100
|switch|p2a: Tsareena|Tsareena, F|100/100
|turn|1
|
|t:|1758965957
|-terastallize|p1a: Darkrai|Poison
|move|p2a: Tsareena|Knock Off|p1a: Darkrai
|-damage|p1a: Darkrai|61/100
|-enditem|p1a: Darkrai|Heavy-Duty Boots|[from] move: Knock Off|[of] p2a: Tsareena
|move|p1a: Darkrai|Sludge Bomb|p2a: Tsareena
|-supereffective|p2a: Tsareena
|-damage|p2a: Tsareena|0 fnt
|faint|p2a: Tsareena
|
|upkeep
|
|t:|1758965962
|switch|p2a: Chickenfast|Blaziken, M|100/100
|turn|2
|
|t:|1758965970
|move|p2a: Chickenfast|Protect|p2a: Chickenfast
|-singleturn|p2a: Chickenfast|Protect
|move|p1a: Darkrai|Sludge Bomb|p2a: Chickenfast
|-activate|p2a: Chickenfast|move: Protect
|
|-ability|p2a: Chickenfast|Speed Boost|boost
|-boost|p2a: Chickenfast|spe|1
|upkeep
|turn|3
|l|☆senpako
|inactive|senpako disconnected and has a minute to reconnect!
|player|p2|
|j|☆senpako
|inactive|senpako reconnected and has 135 seconds left.
|player|p2|senpako|koga|
|
|t:|1758965993
|move|p2a: Chickenfast|Earthquake|p1a: Darkrai
|-supereffective|p1a: Darkrai
|-damage|p1a: Darkrai|0 fnt
|faint|p1a: Darkrai
|
|-ability|p2a: Chickenfast|Speed Boost|boost
|-boost|p2a: Chickenfast|spe|1
|upkeep
|
|t:|1758966001
|switch|p1a: Great Tusk|Great Tusk|100/100
|-enditem|p1a: Great Tusk|Booster Energy
|-activate|p1a: Great Tusk|ability: Protosynthesis|[fromitem]
|-start|p1a: Great Tusk|protosynthesisatk
|turn|4
|l|☆senpako
|inactive|senpako disconnected and has a minute to reconnect!
|player|p2|
|j|☆senpako
|inactive|senpako reconnected and has 140 seconds left.
|player|p2|senpako|koga|
|
|t:|1758966012
|move|p2a: Chickenfast|Close Combat|p1a: Great Tusk
|-damage|p1a: Great Tusk|51/100
|-unboost|p2a: Chickenfast|def|1
|-unboost|p2a: Chickenfast|spd|1
|move|p1a: Great Tusk|Headlong Rush|p2a: Chickenfast
|-supereffective|p2a: Chickenfast
|-enditem|p2a: Chickenfast|Focus Sash
|-damage|p2a: Chickenfast|1/100
|-unboost|p1a: Great Tusk|def|1
|-unboost|p1a: Great Tusk|spd|1
|
|-ability|p2a: Chickenfast|Speed Boost|boost
|-boost|p2a: Chickenfast|spe|1
|upkeep
|turn|5
|
|t:|1758966031
|move|p2a: Chickenfast|Flare Blitz|p1a: Great Tusk
|-damage|p1a: Great Tusk|0 fnt
|faint|p1a: Great Tusk
|-end|p1a: Great Tusk|Protosynthesis|[silent]
|-damage|p2a: Chickenfast|0 fnt|[from] Recoil
|faint|p2a: Chickenfast
|
|upkeep
|
|t:|1758966045
|switch|p1a: Primarina|Primarina, M|100/100
|switch|p2a: Raging Bolt|Raging Bolt|100/100
|-enditem|p2a: Raging Bolt|Booster Energy
|-activate|p2a: Raging Bolt|ability: Protosynthesis|[fromitem]
|-start|p2a: Raging Bolt|protosynthesisspa
|turn|6
|
|t:|1758966055
|move|p2a: Raging Bolt|Thunderbolt|p1a: Primarina
|-supereffective|p1a: Primarina
|-damage|p1a: Primarina|0 fnt
|faint|p1a: Primarina
|
|upkeep
|
|t:|1758966060
|switch|p1a: Raging Bolt|Raging Bolt|100/100
|-enditem|p1a: Raging Bolt|Booster Energy
|-activate|p1a: Raging Bolt|ability: Protosynthesis|[fromitem]
|-start|p1a: Raging Bolt|protosynthesisspa
|turn|7
|
|t:|1758966068
|move|p1a: Raging Bolt|Dragon Pulse|p2a: Raging Bolt
|-supereffective|p2a: Raging Bolt
|-damage|p2a: Raging Bolt|0 fnt
|faint|p2a: Raging Bolt
|-end|p2a: Raging Bolt|Protosynthesis|[silent]
|
|upkeep
|
|t:|1758966071
|switch|p2a: Great Tusk|Great Tusk|100/100
|-enditem|p2a: Great Tusk|Booster Energy
|-activate|p2a: Great Tusk|ability: Protosynthesis|[fromitem]
|-start|p2a: Great Tusk|protosynthesisatk
|turn|8
|
|t:|1758966081
|-end|p1a: Raging Bolt|Protosynthesis|[silent]
|switch|p1a: Heatran|Heatran, M|100/100
|-item|p1a: Heatran|Air Balloon
|move|p2a: Great Tusk|Headlong Rush|p1a: Heatran
|-immune|p1a: Heatran
|
|upkeep
|turn|9
|
|t:|1758966088
|move|p2a: Great Tusk|Rapid Spin|p1a: Heatran
|-resisted|p1a: Heatran
|-damage|p1a: Heatran|90/100
|-boost|p2a: Great Tusk|spe|1
|-enditem|p1a: Heatran|Air Balloon
|move|p1a: Heatran|Magma Storm|p2a: Great Tusk
|-damage|p2a: Great Tusk|19/100
|-activate|p2a: Great Tusk|move: Magma Storm|[of] p1a: Heatran
|
|-damage|p2a: Great Tusk|6/100|[from] move: Magma Storm|[partiallytrapped]
|upkeep
|turn|10
|
|t:|1758966099
|move|p1a: Heatran|Protect|p1a: Heatran
|-singleturn|p1a: Heatran|Protect
|move|p2a: Great Tusk|Headlong Rush|p1a: Heatran
|-activate|p1a: Heatran|move: Protect
|
|-damage|p2a: Great Tusk|0 fnt|[from] move: Magma Storm|[partiallytrapped]
|faint|p2a: Great Tusk
|-end|p2a: Great Tusk|Protosynthesis|[silent]
|upkeep
|inactive|senpako has 120 seconds left.
|inactive|senpako has 90 seconds left.
|inactive|senpako has 60 seconds left.
|inactive|senpako has 30 seconds left.
|inactive|senpako has 20 seconds left.
|inactive|senpako has 15 seconds left.
|inactive|senpako has 10 seconds left.
|inactive|senpako has 5 seconds left.
|-message|senpako lost due to inactivity.
|
|win|Pyrax69
|raw|Pyrax69's rating: 1298 &rarr; <strong>1327</strong><br />(+29 for winning)
|raw|senpako's rating: 1357 &rarr; <strong>1334</strong><br />(-23 for losing)
|l|☆Pyrax69
|player|p1|
|l|☆senpako
|player|p2|
