|badge|p1|bronze|gen9ou|100-6
|html|<div class="broadcast-red"><strong>This battle is required to be public due to one or more player having a season medal.</strong><br />During the public phase, you can discuss the state of the ladder <a href="/seasondiscussion">in a special chatroom.</a></div>
|uhtml|medal-msg|<div class="broadcast-blue">Curious what those medals under the avatar are? PS now has Ladder Seasons! For more information, check out the <a href="https://www.smogon.com/forums/threads/3740067/">thread on Smogon.</a></div>
|badge|p2|silver|gen9ou|30-6
|uhtml|medal-msg|<div class="broadcast-blue">Curious what those medals under the avatar are? PS now has Ladder Seasons! For more information, check out the <a href="https://www.smogon.com/forums/threads/3740067/">thread on Smogon.</a></div>
|raw|<div class="broadcast-blue"><strong>This battle is required to be public due to a player having a name starting with 'medal'.</div>
|j|☆RosaVogel
|j|☆FaronAan
|t:|1759070508
|gametype|singles
|player|p1|RosaVogel|lyra|1865
|player|p2|FaronAan|will|1921
|gen|9
|tier|[Gen 9] OU
|rated|
|rule|HP Percentage Mod: HP is shown in percentages
|rule|Endless Battle Clause: Forcing endless battles is banned
|rule|Species Clause: Limit one of each Pokémon
|rule|OHKO Clause: OHKO moves are banned
|rule|Evasion Items Clause: Evasion items are banned
|rule|Evasion Moves Clause: Evasion moves are banned
|rule|Evasion Abilities Clause: Evasion abilities are banned
|rule|Sleep Moves Clause: Sleep-inducing moves are banned
|clearpoke
|poke|p1|Great Tusk|
|poke|p1|Hatterene, F|
|poke|p1|Enamorus, F|
|poke|p1|Raging Bolt|
|poke|p1|Ogerpon-Wellspring, F|
|poke|p1|Kingambit, F|
|poke|p2|Reuniclus, F|
|poke|p2|Kingambit, M|
|poke|p2|Ogerpon-Wellspring, F|
|poke|p2|Landorus-Therian, M|
|poke|p2|Iron Valiant|
|poke|p2|Cinderace, M|
|teampreview
|inactive|Battle timer is ON: inactive players will automatically lose when time's up. (requested by FaronAan)
|c|☆RosaVogel|HELLO FARONAAN
|c|☆FaronAan|hf
|c|☆RosaVogel|u2
|c|☆FaronAan|lol u know me?
|inactive|RosaVogel has 120 seconds left.
|c|☆RosaVogel|yes put my name in a translator
|
|t:|1759070550
|teamsize|p1|6
|teamsize|p2|6
|start
|switch|p1a: Enamorus|Enamorus, F|100/100
|switch|p2a: Cinderace|Cinderace, M|100/100
|turn|1
|
|t:|1759070557
|switch|p1a: Raging Bolt|Raging Bolt|100/100
|move|p2a: Cinderace|Gunk Shot|p1a: Raging Bolt
|-start|p2a: Cinderace|typechange|Poison|[from] ability: Libero
|-damage|p1a: Raging Bolt|51/100
|
|upkeep
|turn|2
|j| gengar's style
|
|t:|1759070571
|switch|p2a: Iron Valiant|Iron Valiant|100/100
|-end|p1a: Raging Bolt|Protosynthesis|[silent]
|switch|p1a: Great Tusk|Great Tusk|100/100
|
|upkeep
|turn|3
|
|t:|1759070576
|-end|p1a: Great Tusk|Protosynthesis|[silent]
|switch|p1a: Hatterene|Hatterene, F|100/100
|move|p2a: Iron Valiant|Moonblast|p1a: Hatterene
|-damage|p1a: Hatterene|62/100
|
|upkeep
|turn|4
|
|t:|1759070591
|-end|p2a: Iron Valiant|Quark Drive|[silent]
|switch|p2a: Landorus|Landorus-Therian, M|100/100
|-ability|p2a: Landorus|Intimidate|boost
|-unboost|p1a: Hatterene|atk|1
|move|p1a: Hatterene|Draining Kiss|p2a: Landorus
|-damage|p2a: Landorus|70/100
|-heal|p1a: Hatterene|89/100|[from] drain|[of] p2a: Landorus
|-damage|p1a: Hatterene|73/100|[from] item: Rocky Helmet|[of] p2a: Landorus
|
|upkeep
|turn|5
|
|t:|1759070599
|switch|p1a: Enamorus|Enamorus, F|100/100
|move|p2a: Landorus|U-turn|p1a: Enamorus
|-resisted|p1a: Enamorus
|-damage|p1a: Enamorus|92/100
|
|t:|1759070601
|switch|p2a: Cinderace|Cinderace, M|100/100|[from] U-turn
|
|upkeep
|turn|6
|
|t:|1759070609
|switch|p2a: Ogerpon|Ogerpon-Wellspring, F|100/100
|move|p1a: Enamorus|Earth Power|p2a: Ogerpon
|-resisted|p2a: Ogerpon
|-damage|p2a: Ogerpon|80/100
|
|upkeep
|turn|7
|
|t:|1759070621
|switch|p1a: Ogerpon|Ogerpon-Wellspring, F|100/100
|move|p2a: Ogerpon|Swords Dance|p2a: Ogerpon
|-boost|p2a: Ogerpon|atk|2
|
|upkeep
|turn|8
|
|t:|1759070625
|move|p2a: Ogerpon|Horn Leech|p1a: Ogerpon
|-damage|p1a: Ogerpon|0 fnt
|-heal|p2a: Ogerpon|100/100|[from] drain|[of] p1a: Ogerpon
|faint|p1a: Ogerpon
|
|upkeep
|
|t:|1759070655
|switch|p1a: Raging Bolt|Raging Bolt|51/100
|turn|9
|j| cryyysneasel
|
|t:|1759070666
|move|p1a: Raging Bolt|Thunderclap|p2a: Ogerpon
|-damage|p2a: Ogerpon|29/100
|move|p2a: Ogerpon|Knock Off|p1a: Raging Bolt
|-damage|p1a: Raging Bolt|0 fnt
|-enditem|p1a: Raging Bolt|Choice Specs|[from] move: Knock Off|[of] p2a: Ogerpon
|faint|p1a: Raging Bolt
|-end|p1a: Raging Bolt|Protosynthesis|[silent]
|
|upkeep
|
|t:|1759070677
|switch|p1a: Enamorus|Enamorus, F|92/100
|turn|10
|
|t:|1759070681
|switch|p2a: Cinderace|Cinderace, M|100/100
|move|p1a: Enamorus|Moonblast|p2a: Cinderace
|-resisted|p2a: Cinderace
|-damage|p2a: Cinderace|60/100
|
|upkeep
|turn|11
|
|t:|1759070688
|switch|p1a: Great Tusk|Great Tusk|100/100
|move|p2a: Cinderace|Pyro Ball|p1a: Great Tusk
|-damage|p1a: Great Tusk|61/100
|-status|p1a: Great Tusk|brn
|
|-damage|p1a: Great Tusk|55/100 brn|[from] brn
|upkeep
|turn|12
|j| wgw2333
|
|t:|1759070699
|move|p2a: Cinderace|U-turn|p1a: Great Tusk
|-start|p2a: Cinderace|typechange|Bug|[from] ability: Libero
|-resisted|p1a: Great Tusk
|-damage|p1a: Great Tusk|42/100 brn
|-damage|p2a: Cinderace|43/100|[from] item: Rocky Helmet|[of] p1a: Great Tusk
|
|t:|1759070705
|switch|p2a: Ogerpon|Ogerpon-Wellspring, F|29/100|[from] U-turn
|move|p1a: Great Tusk|Rapid Spin|p2a: Ogerpon
|-damage|p2a: Ogerpon|16/100
|-boost|p1a: Great Tusk|spe|1
|
|-damage|p1a: Great Tusk|36/100 brn|[from] brn
|upkeep
|turn|13
|
|t:|1759070711
|move|p1a: Great Tusk|Ice Spinner|p2a: Ogerpon
|-damage|p2a: Ogerpon|0 fnt
|faint|p2a: Ogerpon
|
|-damage|p1a: Great Tusk|30/100 brn|[from] brn
|upkeep
|j| infopro play392
|
|t:|1759070714
|switch|p2a: Landorus|Landorus-Therian, M|70/100
|-ability|p2a: Landorus|Intimidate|boost
|-unboost|p1a: Great Tusk|atk|1
|turn|14
|
|t:|1759070716
|move|p1a: Great Tusk|Ice Spinner|p2a: Landorus
|-supereffective|p2a: Landorus
|-damage|p2a: Landorus|34/100
|-damage|p1a: Great Tusk|13/100 brn|[from] item: Rocky Helmet|[of] p2a: Landorus
|move|p2a: Landorus|Stealth Rock|p1a: Great Tusk
|-sidestart|p1: RosaVogel|move: Stealth Rock
|
|-damage|p1a: Great Tusk|7/100 brn|[from] brn
|upkeep
|turn|15
|
|t:|1759070727
|switch|p2a: Cinderace|Cinderace, M|43/100
|move|p1a: Great Tusk|Ice Spinner|p2a: Cinderace
|-resisted|p2a: Cinderace
|-damage|p2a: Cinderace|36/100
|
|-damage|p1a: Great Tusk|1/100 brn|[from] brn
|upkeep
|turn|16
|
|t:|1759070736
|switch|p2a: Landorus|Landorus-Therian, M|34/100
|-ability|p2a: Landorus|Intimidate|boost
|-unboost|p1a: Great Tusk|atk|1
|move|p1a: Great Tusk|Ice Spinner|p2a: Landorus
|-supereffective|p2a: Landorus
|-damage|p2a: Landorus|7/100
|-damage|p1a: Great Tusk|0 fnt|[from] item: Rocky Helmet|[of] p2a: Landorus
|faint|p1a: Great Tusk
|-end|p1a: Great Tusk|Protosynthesis|[silent]
|
|upkeep
|
|t:|1759070739
|switch|p1a: Enamorus|Enamorus, F|92/100
|-damage|p1a: Enamorus|67/100|[from] Stealth Rock
|turn|17
|
|t:|1759070742
|move|p1a: Enamorus|Moonblast|p2a: Landorus
|-damage|p2a: Landorus|0 fnt
|faint|p2a: Landorus
|
|upkeep
|
|t:|1759070744
|switch|p2a: Reuniclus|Reuniclus, F|100/100
|turn|18
|
|t:|1759070749
|switch|p1a: Hatterene|Hatterene, F|73/100
|-damage|p1a: Hatterene|61/100|[from] Stealth Rock
|move|p2a: Reuniclus|Trick Room|p2a: Reuniclus
|-fieldstart|move: Trick Room|[of] p2a: Reuniclus
|
|upkeep
|turn|19
|
|t:|1759070752
|move|p2a: Reuniclus|Shadow Ball|p1a: Hatterene
|-supereffective|p1a: Hatterene
|-damage|p1a: Hatterene|7/100
|move|p1a: Hatterene|Draining Kiss|p2a: Reuniclus
|-damage|p2a: Reuniclus|74/100
|-heal|p1a: Hatterene|34/100|[from] drain|[of] p2a: Reuniclus
|
|upkeep
|turn|20
|
|t:|1759070760
|move|p2a: Reuniclus|Shadow Ball|p1a: Hatterene
|-supereffective|p1a: Hatterene
|-damage|p1a: Hatterene|0 fnt
|faint|p1a: Hatterene
|
|upkeep
|
|t:|1759070762
|switch|p1a: Kingambit|Kingambit, F|100/100
|-damage|p1a: Kingambit|94/100|[from] Stealth Rock
|-activate|p1a: Kingambit|ability: Supreme Overlord
|-start|p1a: Kingambit|fallen4|[silent]
|turn|21
|
|t:|1759070784
|-terastallize|p1a: Kingambit|Fairy
|move|p2a: Reuniclus|Focus Blast|p1a: Kingambit|[miss]
|-miss|p2a: Reuniclus|p1a: Kingambit
|move|p1a: Kingambit|Swords Dance|p1a: Kingambit
|-boost|p1a: Kingambit|atk|2
|
|-heal|p1a: Kingambit|100/100|[from] item: Leftovers
|upkeep
|turn|22
|
|t:|1759070790
|move|p2a: Reuniclus|Psychic Noise|p1a: Kingambit
|-damage|p1a: Kingambit|43/100
|-start|p1a: Kingambit|move: Heal Block
|move|p1a: Kingambit|Swords Dance|p1a: Kingambit
|-boost|p1a: Kingambit|atk|2
|
|-fieldend|move: Trick Room
|upkeep
|turn|23
|
|t:|1759070810
|move|p1a: Kingambit|Kowtow Cleave|p2a: Reuniclus
|-supereffective|p2a: Reuniclus
|-damage|p2a: Reuniclus|0 fnt
|faint|p2a: Reuniclus
|
|-end|p1a: Kingambit|move: Heal Block
|upkeep
|
|t:|1759070813
|switch|p2a: Iron Valiant|Iron Valiant|100/100
|turn|24
|
|t:|1759070820
|-end|p1a: Kingambit|fallen4|[silent]
|switch|p1a: Enamorus|Enamorus, F|67/100
|-damage|p1a: Enamorus|42/100|[from] Stealth Rock
|move|p2a: Iron Valiant|Encore||[still]
|-fail|p2a: Iron Valiant
|
|upkeep
|turn|25
|
|t:|1759070846
|-end|p2a: Iron Valiant|Quark Drive|[silent]
|switch|p2a: Cinderace|Cinderace, M|36/100
|move|p1a: Enamorus|Moonblast|p2a: Cinderace
|-resisted|p2a: Cinderace
|-damage|p2a: Cinderace|0 fnt
|faint|p2a: Cinderace
|
|upkeep
|
|t:|1759070850
|switch|p2a: Kingambit|Kingambit, M|100/100
|-activate|p2a: Kingambit|ability: Supreme Overlord
|-start|p2a: Kingambit|fallen4|[silent]
|turn|26
|
|t:|1759070859
|move|p2a: Kingambit|Sucker Punch|p1a: Enamorus
|-resisted|p1a: Enamorus
|-damage|p1a: Enamorus|0 fnt
|faint|p1a: Enamorus
|
|upkeep
|
|t:|1759070861
|switch|p1a: Kingambit|Kingambit, F, tera:Fairy|43/100
|-damage|p1a: Kingambit|31/100|[from] Stealth Rock
|-activate|p1a: Kingambit|ability: Supreme Overlord
|-start|p1a: Kingambit|fallen5|[silent]
|turn|27
|
|t:|1759070864
|-terastallize|p2a: Kingambit|Fairy
|move|p2a: Kingambit|Tera Blast|p1a: Kingambit|[anim] Tera Blast Fairy
|-damage|p1a: Kingambit|0 fnt
|faint|p1a: Kingambit
|-end|p1a: Kingambit|fallen5|[silent]
|
|win|FaronAan
|raw|RosaVogel's rating: 1865 &rarr; <strong>1848</strong><br />(-17 for losing)
|raw|FaronAan's rating: 1921 &rarr; <strong>1938</strong><br />(+17 for winning)
|c|☆FaronAan|gg\
|c|☆RosaVogel|gg
|l|☆RosaVogel
|player|p1|
|l|☆FaronAan
|player|p2|
|l| infopro play392
|l| wgw2333
|l| cryyysneasel
|j| infopro play392
