|j|☆gregoncalo
|j|☆apotato135
|t:|1758925209
|gametype|singles
|player|p1|gregoncalo|102|1502
|player|p2|apotato135|swimmer-gen4dp|1526
|gen|9
|tier|[Gen 9] OU
|rated|
|rule|HP Percentage Mod: HP is shown in percentages
|rule|Endless Battle Clause: Forcing endless battles is banned
|rule|Species Clause: Limit one of each Pokémon
|rule|OHKO Clause: OHKO moves are banned
|rule|Evasion Items Clause: Evasion items are banned
|rule|Evasion Moves Clause: Evasion moves are banned
|rule|Evasion Abilities Clause: Evasion abilities are banned
|rule|Sleep Moves Clause: Sleep-inducing moves are banned
|clearpoke
|poke|p1|Samurott-Hisui, F|
|poke|p1|Great Tusk|
|poke|p1|Dragonite, F|
|poke|p1|Skeledirge, M|
|poke|p1|Iron Valiant|
|poke|p1|Amoonguss, M|
|poke|p2|Ninetales-Alola, M|
|poke|p2|Kyurem|
|poke|p2|Primeape, F|
|poke|p2|Enamorus, F|
|poke|p2|Tornadus-Therian, M|
|poke|p2|Iron Treads|
|teampreview
|
|t:|1758925233
|teamsize|p1|6
|teamsize|p2|6
|start
|switch|p1a: Iron Valiant|Iron Valiant|100/100
|switch|p2a: Ninetales|Ninetales-Alola, M|100/100
|-weather|Snowscape|[from] ability: Snow Warning|[of] p2a: Ninetales
|turn|1
|
|t:|1758925246
|-end|p1a: Iron Valiant|Quark Drive|[silent]
|switch|p1a: Skeledirge|Skeledirge, M|100/100
|move|p2a: Ninetales|Moonblast|p1a: Skeledirge
|-resisted|p1a: Skeledirge
|-damage|p1a: Skeledirge|86/100
|
|-weather|Snowscape|[upkeep]
|upkeep
|turn|2
|
|t:|1758925253
|move|p2a: Ninetales|Aurora Veil|p2a: Ninetales
|-sidestart|p2: apotato135|move: Aurora Veil
|move|p1a: Skeledirge|Torch Song|p2a: Ninetales
|-supereffective|p2a: Ninetales
|-damage|p2a: Ninetales|70/100
|-boost|p1a: Skeledirge|spa|1
|
|-weather|Snowscape|[upkeep]
|upkeep
|turn|3
|
|t:|1758925274
|switch|p2a: Primeape|Primeape, F|100/100
|move|p1a: Skeledirge|Torch Song|p2a: Primeape
|-damage|p2a: Primeape|85/100
|-boost|p1a: Skeledirge|spa|1
|
|-weather|Snowscape|[upkeep]
|upkeep
|turn|4
|
|t:|1758925282
|-terastallize|p2a: Primeape|Fire
|move|p2a: Primeape|Bulk Up|p2a: Primeape
|-boost|p2a: Primeape|atk|1
|-boost|p2a: Primeape|def|1
|move|p1a: Skeledirge|Shadow Ball|p2a: Primeape
|-damage|p2a: Primeape|66/100
|
|-weather|Snowscape|[upkeep]
|upkeep
|turn|5
|
|t:|1758925291
|move|p2a: Primeape|Bulk Up|p2a: Primeape
|-boost|p2a: Primeape|atk|1
|-boost|p2a: Primeape|def|1
|move|p1a: Skeledirge|Will-O-Wisp|p2a: Primeape
|-immune|p2a: Primeape
|
|-weather|none
|upkeep
|turn|6
|
|t:|1758925301
|move|p2a: Primeape|Rage Fist|p1a: Skeledirge
|-supereffective|p1a: Skeledirge
|-damage|p1a: Skeledirge|46/100
|move|p1a: Skeledirge|Shadow Ball|p2a: Primeape
|-damage|p2a: Primeape|46/100
|
|upkeep
|turn|7
|
|t:|1758925311
|move|p2a: Primeape|Rage Fist|p1a: Skeledirge
|-supereffective|p1a: Skeledirge
|-crit|p1a: Skeledirge
|-damage|p1a: Skeledirge|0 fnt
|faint|p1a: Skeledirge
|
|upkeep
|
|t:|1758925327
|switch|p1a: Great Tusk|Great Tusk|100/100
|turn|8
|
|t:|1758925331
|move|p2a: Primeape|Drain Punch|p1a: Great Tusk
|-damage|p1a: Great Tusk|75/100
|-heal|p2a: Primeape|63/100|[from] drain|[of] p1a: Great Tusk
|move|p1a: Great Tusk|Earthquake|p2a: Primeape
|-supereffective|p2a: Primeape
|-crit|p2a: Primeape
|-damage|p2a: Primeape|0 fnt
|faint|p2a: Primeape
|
|-heal|p1a: Great Tusk|81/100|[from] item: Leftovers
|upkeep
|
|t:|1758925341
|switch|p2a: Iron Treads|Iron Treads|100/100
|-enditem|p2a: Iron Treads|Booster Energy
|-activate|p2a: Iron Treads|ability: Quark Drive|[fromitem]
|-start|p2a: Iron Treads|quarkdrivespe
|turn|9
|inactive|Battle timer is ON: inactive players will automatically lose when time's up. (requested by apotato135)
|
|t:|1758925358
|move|p2a: Iron Treads|Earth Power|p1a: Great Tusk
|-damage|p1a: Great Tusk|42/100
|move|p1a: Great Tusk|Earthquake|p2a: Iron Treads
|-supereffective|p2a: Iron Treads
|-damage|p2a: Iron Treads|63/100
|
|-heal|p1a: Great Tusk|48/100|[from] item: Leftovers
|-sideend|p2: apotato135|move: Aurora Veil
|upkeep
|turn|10
|
|t:|1758925369
|move|p2a: Iron Treads|Steel Beam|p1a: Great Tusk
|-damage|p1a: Great Tusk|0 fnt
|-damage|p2a: Iron Treads|13/100|[from] steelbeam
|faint|p1a: Great Tusk
|-end|p1a: Great Tusk|Protosynthesis|[silent]
|
|upkeep
|
|t:|1758925375
|switch|p1a: Samurott|Samurott-Hisui, F|100/100
|turn|11
|
|t:|1758925378
|-end|p2a: Iron Treads|Quark Drive|[silent]
|switch|p2a: Ninetales|Ninetales-Alola, M|70/100
|-weather|Snowscape|[from] ability: Snow Warning|[of] p2a: Ninetales
|move|p1a: Samurott|Aqua Jet|p2a: Ninetales
|-damage|p2a: Ninetales|55/100
|
|-weather|Snowscape|[upkeep]
|upkeep
|turn|12
|
|t:|1758925390
|move|p2a: Ninetales|Moonblast|p1a: Samurott
|-supereffective|p1a: Samurott
|-damage|p1a: Samurott|16/100
|move|p1a: Samurott|Aqua Cutter|p2a: Ninetales
|-damage|p2a: Ninetales|15/100
|
|-weather|Snowscape|[upkeep]
|upkeep
|turn|13
|
|t:|1758925399
|move|p1a: Samurott|Aqua Jet|p2a: Ninetales
|-damage|p2a: Ninetales|0 fnt
|faint|p2a: Ninetales
|
|-weather|Snowscape|[upkeep]
|upkeep
|
|t:|1758925406
|switch|p2a: Tornadus|Tornadus-Therian, M|100/100
|turn|14
|
|t:|1758925415
|move|p2a: Tornadus|Grass Knot|p1a: Samurott
|-supereffective|p1a: Samurott
|-damage|p1a: Samurott|0 fnt
|faint|p1a: Samurott
|-damage|p2a: Tornadus|91/100|[from] item: Life Orb
|
|-weather|Snowscape|[upkeep]
|upkeep
|
|t:|1758925431
|switch|p1a: Dragonite|Dragonite, F|100/100
|turn|15
|
|t:|1758925450
|move|p2a: Tornadus|Bleakwind Storm|p1a: Dragonite
|-damage|p1a: Dragonite|70/100
|-damage|p2a: Tornadus|81/100|[from] item: Life Orb
|move|p1a: Dragonite|Dragon Dance|p1a: Dragonite
|-boost|p1a: Dragonite|atk|1
|-boost|p1a: Dragonite|spe|1
|
|-weather|none
|upkeep
|turn|16
|
|t:|1758925463
|-terastallize|p1a: Dragonite|Normal
|move|p1a: Dragonite|Extreme Speed|p2a: Tornadus
|-damage|p2a: Tornadus|0 fnt
|faint|p2a: Tornadus
|
|upkeep
|
|t:|1758925471
|switch|p2a: Kyurem|Kyurem|100/100
|-ability|p2a: Kyurem|Pressure
|turn|17
|
|t:|1758925480
|move|p1a: Dragonite|Extreme Speed|p2a: Kyurem
|-damage|p2a: Kyurem|39/100
|move|p2a: Kyurem|Scale Shot|p1a: Dragonite
|-damage|p1a: Dragonite|55/100
|-damage|p1a: Dragonite|37/100
|-damage|p1a: Dragonite|22/100
|-damage|p1a: Dragonite|5/100
|-damage|p1a: Dragonite|0 fnt
|faint|p1a: Dragonite
|-hitcount|p1: Dragonite|5
|-unboost|p2a: Kyurem|def|1
|-boost|p2a: Kyurem|spe|1
|
|upkeep
|
|t:|1758925494
|switch|p1a: Iron Valiant|Iron Valiant|100/100
|turn|18
|
|t:|1758925499
|move|p1a: Iron Valiant|Moonblast|p2a: Kyurem
|-supereffective|p2a: Kyurem
|-damage|p2a: Kyurem|0 fnt
|faint|p2a: Kyurem
|
|upkeep
|
|t:|1758925502
|switch|p2a: Iron Treads|Iron Treads|13/100
|turn|19
|
|t:|1758925507
|move|p1a: Iron Valiant|Moonblast|p2a: Iron Treads
|-resisted|p2a: Iron Treads
|-damage|p2a: Iron Treads|0 fnt
|faint|p2a: Iron Treads
|-end|p2a: Iron Treads|Quark Drive|[silent]
|
|upkeep
|
|t:|1758925509
|switch|p2a: Enamorus|Enamorus, F|100/100
|turn|20
|
|t:|1758925514
|-end|p1a: Iron Valiant|Quark Drive|[silent]
|switch|p1a: Amoonguss|Amoonguss, M|100/100
|move|p2a: Enamorus|Moonblast|p1a: Amoonguss
|-resisted|p1a: Amoonguss
|-damage|p1a: Amoonguss|78/100
|-unboost|p1a: Amoonguss|spa|1
|
|upkeep
|turn|21
|-message|apotato135 forfeited.
|
|win|gregoncalo
|raw|gregoncalo's rating: 1502 &rarr; <strong>1523</strong><br />(+21 for winning)
|raw|apotato135's rating: 1526 &rarr; <strong>1505</strong><br />(-21 for losing)
|l|☆apotato135
|player|p2|
|l|☆gregoncalo
|player|p1|
