|j|☆Toxicognath
|j|☆suaiaj
|t:|1759034448
|gametype|singles
|player|p1|Toxicognath|265|1445
|player|p2|suaiaj|wallace|1366
|gen|9
|tier|[Gen 9] OU
|rated|
|rule|HP Percentage Mod: HP is shown in percentages
|rule|Endless Battle Clause: Forcing endless battles is banned
|rule|Species Clause: Limit one of each Pokémon
|rule|OHKO Clause: OHKO moves are banned
|rule|Evasion Items Clause: Evasion items are banned
|rule|Evasion Moves Clause: Evasion moves are banned
|rule|Evasion Abilities Clause: Evasion abilities are banned
|rule|Sleep Moves Clause: Sleep-inducing moves are banned
|clearpoke
|poke|p1|Exeggutor-Alola, F|
|poke|p1|Ting-Lu|
|poke|p1|Great Tusk|
|poke|p1|Scizor, M|
|poke|p1|Moltres|
|poke|p1|Ogerpon-Cornerstone, F|
|poke|p2|Araquanid, F|
|poke|p2|Cinderace, F|
|poke|p2|Kingambit, M|
|poke|p2|Serperior, M|
|poke|p2|Malamar, M|
|poke|p2|Scizor, M|
|teampreview
|inactive|Battle timer is ON: inactive players will automatically lose when time's up. (requested by Toxicognath)
|
|t:|1759034458
|teamsize|p1|6
|teamsize|p2|6
|start
|switch|p1a: Ogerpon|Ogerpon-Cornerstone, F|100/100
|switch|p2a: Araquanid|Araquanid, F|100/100
|turn|1
|
|t:|1759034470
|move|p2a: Araquanid|Endure|p2a: Araquanid
|-singleturn|p2a: Araquanid|move: Endure
|move|p1a: Ogerpon|Swords Dance|p1a: Ogerpon
|-boost|p1a: Ogerpon|atk|2
|
|upkeep
|turn|2
|
|t:|1759034479
|switch|p2a: Scizor|Scizor, M|100/100
|move|p1a: Ogerpon|Ivy Cudgel|p2a: Scizor|[anim] Ivy Cudgel Rock
|-damage|p2a: Scizor|0 fnt
|faint|p2a: Scizor
|
|upkeep
|
|t:|1759034488
|switch|p2a: Araquanid|Araquanid, F|100/100
|turn|3
|
|t:|1759034496
|move|p1a: Ogerpon|Swords Dance|p1a: Ogerpon
|-boost|p1a: Ogerpon|atk|2
|move|p2a: Araquanid|Sticky Web|p1a: Ogerpon
|-sidestart|p1: Toxicognath|move: Sticky Web
|
|upkeep
|turn|4
|
|t:|1759034502
|move|p1a: Ogerpon|Encore|p2a: Araquanid
|-start|p2a: Araquanid|Encore
|move|p2a: Araquanid|Sticky Web||[still]
|-fail|p2a: Araquanid
|
|upkeep
|turn|5
|
|t:|1759034510
|switch|p2a: Cinderace|Cinderace, F|100/100
|move|p1a: Ogerpon|Trailblaze|p2a: Cinderace
|-resisted|p2a: Cinderace
|-damage|p2a: Cinderace|37/100
|-boost|p1a: Ogerpon|spe|1
|
|upkeep
|turn|6
|
|t:|1759034521
|move|p2a: Cinderace|Sucker Punch|p1a: Ogerpon
|-start|p2a: Cinderace|typechange|Dark|[from] ability: Libero
|-damage|p1a: Ogerpon|59/100
|move|p1a: Ogerpon|Trailblaze|p2a: Cinderace
|-damage|p2a: Cinderace|0 fnt
|-boost|p1a: Ogerpon|spe|1
|faint|p2a: Cinderace
|
|upkeep
|
|t:|1759034535
|switch|p2a: Kingambit|Kingambit, M|100/100
|turn|7
|
|t:|1759034539
|-terastallize|p1a: Ogerpon|Rock
|detailschange|p1a: Ogerpon|Ogerpon-Cornerstone-Tera, F, tera:Rock
|-ability|p1a: Ogerpon|Embody Aspect (Cornerstone)|boost
|-boost|p1a: Ogerpon|def|1
|move|p2a: Kingambit|Sucker Punch|p1a: Ogerpon
|-crit|p1a: Ogerpon
|-damage|p1a: Ogerpon|0 fnt
|faint|p1a: Ogerpon
|detailschange|p1: Ogerpon|Ogerpon-Cornerstone, F|[silent]
|-damage|p2a: Kingambit|91/100|[from] item: Life Orb
|
|upkeep
|
|t:|1759034546
|switch|p1a: Great Tusk|Great Tusk|100/100
|-activate|p1a: Great Tusk|move: Sticky Web
|-unboost|p1a: Great Tusk|spe|1
|turn|8
|
|t:|1759034556
|switch|p2a: Araquanid|Araquanid, F|100/100
|move|p1a: Great Tusk|Rapid Spin|p2a: Araquanid
|-damage|p2a: Araquanid|86/100
|-boost|p1a: Great Tusk|spe|1
|-sideend|p1: Toxicognath|Sticky Web|[from] move: Rapid Spin|[of] p1a: Great Tusk
|
|upkeep
|turn|9
|
|t:|1759034581
|-end|p1a: Great Tusk|Protosynthesis|[silent]
|switch|p1a: Ting-Lu|Ting-Lu|100/100
|-ability|p1a: Ting-Lu|Vessel of Ruin
|move|p2a: Araquanid|Lunge|p1a: Ting-Lu
|-supereffective|p1a: Ting-Lu
|-damage|p1a: Ting-Lu|72/100
|-unboost|p1a: Ting-Lu|atk|1
|
|-heal|p1a: Ting-Lu|79/100|[from] item: Leftovers
|upkeep
|turn|10
|
|t:|1759034592
|move|p1a: Ting-Lu|Stealth Rock|p2a: Araquanid
|-sidestart|p2: suaiaj|move: Stealth Rock
|move|p2a: Araquanid|Lunge|p1a: Ting-Lu
|-supereffective|p1a: Ting-Lu
|-damage|p1a: Ting-Lu|53/100
|-unboost|p1a: Ting-Lu|atk|1
|
|-heal|p1a: Ting-Lu|59/100|[from] item: Leftovers
|upkeep
|turn|11
|
|t:|1759034602
|move|p1a: Ting-Lu|Ruination|p2a: Araquanid
|-damage|p2a: Araquanid|43/100
|move|p2a: Araquanid|Lunge|p1a: Ting-Lu
|-supereffective|p1a: Ting-Lu
|-damage|p1a: Ting-Lu|30/100
|-unboost|p1a: Ting-Lu|atk|1
|
|-heal|p1a: Ting-Lu|36/100|[from] item: Leftovers
|upkeep
|turn|12
|
|t:|1759034612
|move|p1a: Ting-Lu|Ruination|p2a: Araquanid
|-damage|p2a: Araquanid|22/100
|move|p2a: Araquanid|Lunge|p1a: Ting-Lu
|-supereffective|p1a: Ting-Lu
|-damage|p1a: Ting-Lu|9/100
|-unboost|p1a: Ting-Lu|atk|1
|
|-heal|p1a: Ting-Lu|15/100|[from] item: Leftovers
|upkeep
|turn|13
|-enditem|p2a: Araquanid|Custap Berry|[eat]
|-activate|p2a: Araquanid|item: Custap Berry|[consumed]
|
|t:|1759034624
|move|p2a: Araquanid|Sticky Web|p1a: Ting-Lu
|-sidestart|p1: Toxicognath|move: Sticky Web
|move|p1a: Ting-Lu|Whirlwind|p2a: Araquanid
|drag|p2a: Serperior|Serperior, M, shiny|100/100
|-damage|p2a: Serperior|88/100|[from] Stealth Rock
|
|-heal|p1a: Ting-Lu|22/100|[from] item: Leftovers
|upkeep
|turn|14
|
|t:|1759034635
|switch|p1a: Moltres|Moltres|100/100
|move|p2a: Serperior|Leaf Storm|p1a: Moltres
|-resisted|p1a: Moltres
|-damage|p1a: Moltres|92/100
|-boost|p2a: Serperior|spa|2
|
|upkeep
|turn|15
|
|t:|1759034648
|-terastallize|p2a: Serperior|Water
|move|p2a: Serperior|Tera Blast|p1a: Moltres|[anim] Tera Blast Water
|-supereffective|p1a: Moltres
|-damage|p1a: Moltres|2/100
|move|p1a: Moltres|Roar|p2a: Serperior
|drag|p2a: Malamar|Malamar, M, shiny|100/100
|-damage|p2a: Malamar|88/100|[from] Stealth Rock
|
|upkeep
|turn|16
|
|t:|1759034662
|move|p2a: Malamar|Psycho Cut|p1a: Moltres
|-damage|p1a: Moltres|0 fnt
|faint|p1a: Moltres
|
|upkeep
|
|t:|1759034675
|switch|p1a: Scizor|Scizor, M|100/100
|-activate|p1a: Scizor|move: Sticky Web
|-unboost|p1a: Scizor|spe|1
|turn|17
|
|t:|1759034681
|move|p2a: Malamar|Superpower|p1a: Scizor
|-damage|p1a: Scizor|61/100
|-boost|p2a: Malamar|atk|1
|-boost|p2a: Malamar|def|1
|move|p1a: Scizor|U-turn|p2a: Malamar
|-supereffective|p2a: Malamar
|-damage|p2a: Malamar|0 fnt
|faint|p2a: Malamar
|
|t:|1759034690
|switch|p1a: Raging Tree|Exeggutor-Alola, F|100/100|[from] U-turn
|-activate|p1a: Raging Tree|move: Sticky Web
|-unboost|p1a: Raging Tree|spe|1
|
|upkeep
|
|t:|1759034697
|switch|p2a: Araquanid|Araquanid, F|22/100
|-damage|p2a: Araquanid|0 fnt|[from] Stealth Rock
|faint|p2a: Araquanid
|
|t:|1759034711
|switch|p2a: Serperior|Serperior, M, shiny, tera:Water|88/100
|-damage|p2a: Serperior|76/100|[from] Stealth Rock
|turn|18
|
|t:|1759034721
|move|p1a: Raging Tree|Energy Ball|p2a: Serperior
|-supereffective|p2a: Serperior
|-damage|p2a: Serperior|0 fnt
|faint|p2a: Serperior
|
|upkeep
|
|t:|1759034727
|switch|p2a: Kingambit|Kingambit, M|91/100
|-damage|p2a: Kingambit|84/100|[from] Stealth Rock
|turn|19
|c|☆Toxicognath|Dragon tail?
|c|☆Toxicognath|What for?
|
|t:|1759034748
|move|p2a: Kingambit|Kowtow Cleave|p1a: Raging Tree
|-damage|p1a: Raging Tree|32/100
|-damage|p2a: Kingambit|75/100|[from] item: Life Orb
|move|p1a: Raging Tree|Flamethrower|p2a: Kingambit
|-supereffective|p2a: Kingambit
|-damage|p2a: Kingambit|12/100
|
|upkeep
|turn|20
|-message|suaiaj forfeited.
|
|win|Toxicognath
|raw|Toxicognath's rating: 1445 &rarr; <strong>1461</strong><br />(+16 for winning)
|raw|suaiaj's rating: 1366 &rarr; <strong>1350</strong><br />(-16 for losing)
|l|☆suaiaj
|player|p2|
|l|☆Toxicognath
|player|p1|
