|j|☆ay cheu
|j|☆lebmaster
|t:|1758980829
|gametype|singles
|player|p1|ay cheu|riley|1532
|player|p2|lebmaster|169|1498
|gen|9
|tier|[Gen 9] OU
|rated|
|rule|HP Percentage Mod: HP is shown in percentages
|rule|Endless Battle Clause: Forcing endless battles is banned
|rule|Species Clause: Limit one of each Pokémon
|rule|OHKO Clause: OHKO moves are banned
|rule|Evasion Items Clause: Evasion items are banned
|rule|Evasion Moves Clause: Evasion moves are banned
|rule|Evasion Abilities Clause: Evasion abilities are banned
|rule|Sleep Moves Clause: Sleep-inducing moves are banned
|clearpoke
|poke|p1|Arcanine-Hisui, M|
|poke|p1|Metagross|
|poke|p1|Sandy Shocks|
|poke|p1|Zapdos-Galar|
|poke|p1|Suicune|
|poke|p1|Frosmoth, F|
|poke|p2|Meowscarada, F|
|poke|p2|Cinderace, F|
|poke|p2|Iron Treads|
|poke|p2|Raging Bolt|
|poke|p2|Alomomola, F|
|poke|p2|Slowking-Galar, M|
|teampreview
|inactive|Battle timer is ON: inactive players will automatically lose when time's up. (requested by ay cheu)
|
|t:|1758980837
|teamsize|p1|6
|teamsize|p2|6
|start
|switch|p1a: 隼|Zapdos-Galar|100/100
|switch|p2a: Meowscarada|Meowscarada, F|100/100
|turn|1
|
|t:|1758980842
|move|p1a: 隼|U-turn|p2a: Meowscarada
|-supereffective|p2a: Meowscarada
|-damage|p2a: Meowscarada|0 fnt
|faint|p2a: Meowscarada
|
|t:|1758980850
|switch|p1a: Sandy Shocks|Sandy Shocks|100/100|[from] U-turn
|
|upkeep
|
|t:|1758980858
|switch|p2a: Alomomola|Alomomola, F|100/100
|turn|2
|
|t:|1758980865
|move|p1a: Sandy Shocks|Spikes|p2a: Alomomola
|-sidestart|p2: lebmaster|Spikes
|move|p2a: Alomomola|Flip Turn|p1a: Sandy Shocks
|-supereffective|p1a: Sandy Shocks
|-damage|p1a: Sandy Shocks|65/100
|
|t:|1758980873
|switch|p2a: Slowking|Slowking-Galar, M|100/100|[from] Flip Turn
|
|upkeep
|turn|3
|
|t:|1758980878
|move|p1a: Sandy Shocks|Earth Power|p2a: Slowking
|-supereffective|p2a: Slowking
|-damage|p2a: Slowking|37/100
|-damage|p1a: Sandy Shocks|55/100|[from] item: Life Orb
|move|p2a: Slowking|Toxic|p1a: Sandy Shocks
|-status|p1a: Sandy Shocks|tox
|
|-damage|p1a: Sandy Shocks|49/100 tox|[from] psn
|upkeep
|turn|4
|
|t:|1758980886
|switch|p2a: Alomomola|Alomomola, F|100/100
|-damage|p2a: Alomomola|88/100|[from] Spikes
|move|p1a: Sandy Shocks|Volt Switch|p2a: Alomomola
|-supereffective|p2a: Alomomola
|-damage|p2a: Alomomola|0 fnt
|faint|p2a: Alomomola
|-damage|p1a: Sandy Shocks|39/100 tox|[from] item: Life Orb
|
|t:|1758980892
|-end|p1a: Sandy Shocks|Protosynthesis|[silent]
|switch|p1a: 隼|Zapdos-Galar|100/100|[from] Volt Switch
|
|upkeep
|
|t:|1758980898
|switch|p2a: Raging Bolt|Raging Bolt|100/100
|turn|5
|
|t:|1758980903
|switch|p1a: 扑火|Frosmoth, F, shiny|100/100
|move|p2a: Raging Bolt|Volt Switch|p1a: 扑火
|-damage|p1a: 扑火|84/100
|
|t:|1758980908
|-end|p2a: Raging Bolt|Protosynthesis|[silent]
|switch|p2a: Cinderace|Cinderace, F|100/100|[from] Volt Switch
|
|upkeep
|turn|6
|
|t:|1758980914
|switch|p1a: 君君|Suicune|100/100
|-ability|p1a: 君君|Pressure
|move|p2a: Cinderace|Pyro Ball|p1a: 君君|[miss]
|-miss|p2a: Cinderace|p1a: 君君
|
|upkeep
|turn|7
|
|t:|1758980922
|switch|p2a: Slowking|Slowking-Galar, M|70/100
|move|p1a: 君君|Substitute|p1a: 君君
|-start|p1a: 君君|Substitute
|-damage|p1a: 君君|75/100
|
|-heal|p1a: 君君|82/100|[from] item: Leftovers
|upkeep
|turn|8
|
|t:|1758980931
|move|p1a: 君君|Calm Mind|p1a: 君君
|-boost|p1a: 君君|spa|1
|-boost|p1a: 君君|spd|1
|move|p2a: Slowking|Sludge Bomb|p1a: 君君
|-activate|p1a: 君君|move: Substitute|[damage]
|
|-heal|p1a: 君君|88/100|[from] item: Leftovers
|upkeep
|turn|9
|
|t:|1758980939
|move|p1a: 君君|Calm Mind|p1a: 君君
|-boost|p1a: 君君|spa|1
|-boost|p1a: 君君|spd|1
|-prepare|p2a: Slowking|Chilly Reception|[premajor]
|move|p2a: Slowking|Chilly Reception|p2a: Slowking
|-weather|Snowscape
|
|t:|1758980942
|switch|p2a: Raging Bolt|Raging Bolt|100/100|[from] Chilly Reception
|
|-weather|Snowscape|[upkeep]
|-heal|p1a: 君君|94/100|[from] item: Leftovers
|upkeep
|turn|10
|
|t:|1758980946
|move|p2a: Raging Bolt|Volt Switch|p1a: 君君
|-supereffective|p1a: 君君
|-end|p1a: 君君|Substitute
|
|t:|1758980949
|-end|p2a: Raging Bolt|Protosynthesis|[silent]
|switch|p2a: Slowking|Slowking-Galar, M|100/100|[from] Volt Switch
|move|p1a: 君君|Scald|p2a: Slowking
|-damage|p2a: Slowking|69/100
|-status|p2a: Slowking|brn
|
|-weather|Snowscape|[upkeep]
|-heal|p1a: 君君|99/100|[from] item: Leftovers
|-damage|p2a: Slowking|63/100 brn|[from] brn
|upkeep
|turn|11
|
|t:|1758980956
|move|p1a: 君君|Substitute|p1a: 君君
|-start|p1a: 君君|Substitute
|-damage|p1a: 君君|75/100
|-prepare|p2a: Slowking|Chilly Reception|[premajor]
|move|p2a: Slowking|Chilly Reception|p2a: Slowking
|
|t:|1758980959
|switch|p2a: Raging Bolt|Raging Bolt|100/100|[from] Chilly Reception
|
|-weather|Snowscape|[upkeep]
|-heal|p1a: 君君|81/100|[from] item: Leftovers
|upkeep
|turn|12
|
|t:|1758980964
|move|p2a: Raging Bolt|Volt Switch|p1a: 君君
|-supereffective|p1a: 君君
|-end|p1a: 君君|Substitute
|
|t:|1758980968
|-end|p2a: Raging Bolt|Protosynthesis|[silent]
|switch|p2a: Slowking|Slowking-Galar, M|96/100 brn|[from] Volt Switch
|move|p1a: 君君|Scald|p2a: Slowking
|-damage|p2a: Slowking|70/100 brn
|
|-weather|Snowscape|[upkeep]
|-heal|p1a: 君君|88/100|[from] item: Leftovers
|-damage|p2a: Slowking|63/100 brn|[from] brn
|upkeep
|turn|13
|
|t:|1758980974
|move|p1a: 君君|Substitute|p1a: 君君
|-start|p1a: 君君|Substitute
|-damage|p1a: 君君|63/100
|move|p2a: Slowking|Toxic||[still]
|-fail|p2a: Slowking
|
|-weather|none
|-heal|p1a: 君君|69/100|[from] item: Leftovers
|-damage|p2a: Slowking|57/100 brn|[from] brn
|upkeep
|turn|14
|-message|lebmaster forfeited.
|
|win|ay cheu
|raw|ay cheu's rating: 1532 &rarr; <strong>1550</strong><br />(+18 for winning)
|raw|lebmaster's rating: 1498 &rarr; <strong>1480</strong><br />(-18 for losing)
|l|☆lebmaster
|player|p2|
|l|☆ay cheu
|player|p1|
|j| a6ni
|l| a6ni
