|j|☆merry in house
|j|☆you should now
|t:|1758954584
|gametype|singles
|player|p1|merry in house|1|1495
|player|p2|you should now|170|1493
|gen|9
|tier|[Gen 9] OU
|rated|
|rule|HP Percentage Mod: HP is shown in percentages
|rule|Endless Battle Clause: Forcing endless battles is banned
|rule|Species Clause: Limit one of each Pokémon
|rule|OHKO Clause: OHKO moves are banned
|rule|Evasion Items Clause: Evasion items are banned
|rule|Evasion Moves Clause: Evasion moves are banned
|rule|Evasion Abilities Clause: Evasion abilities are banned
|rule|Sleep Moves Clause: Sleep-inducing moves are banned
|clearpoke
|poke|p1|Indeedee, M|
|poke|p1|Hatterene, F|
|poke|p1|Ursaluna, F|
|poke|p1|Iron Hands|
|poke|p1|Hoopa-Unbound|
|poke|p1|Mimikyu, F|
|poke|p2|Meloetta|
|poke|p2|Iron Moth|
|poke|p2|Corviknight, M|
|poke|p2|Slowking-Galar, M|
|poke|p2|Great Tusk|
|poke|p2|Lokix, F|
|teampreview
|
|t:|1758954607
|teamsize|p1|6
|teamsize|p2|6
|start
|switch|p1a: LEBRON|Iron Hands, shiny|100/100
|switch|p2a: Slowking|Slowking-Galar, M|100/100
|-enditem|p1a: LEBRON|Booster Energy
|-activate|p1a: LEBRON|ability: Quark Drive|[fromitem]
|-start|p1a: LEBRON|quarkdriveatk
|turn|1
|inactive|Battle timer is ON: inactive players will automatically lose when time's up. (requested by merry in house)
|
|t:|1758954646
|move|p1a: LEBRON|Supercell Slam|p2a: Slowking
|-damage|p2a: Slowking|26/100
|move|p2a: Slowking|Toxic Spikes|p1a: LEBRON
|-sidestart|p1: merry in house|move: Toxic Spikes
|
|upkeep
|turn|2
|
|t:|1758954658
|switch|p2a: Great Tusk|Great Tusk|100/100
|move|p1a: LEBRON|Ice Punch|p2a: Great Tusk
|-supereffective|p2a: Great Tusk
|-damage|p2a: Great Tusk|61/100
|
|-heal|p2a: Great Tusk|67/100|[from] item: Leftovers
|upkeep
|turn|3
|
|t:|1758954666
|move|p2a: Great Tusk|Headlong Rush|p1a: LEBRON
|-supereffective|p1a: LEBRON
|-damage|p1a: LEBRON|32/100
|-unboost|p2a: Great Tusk|def|1
|-unboost|p2a: Great Tusk|spd|1
|move|p1a: LEBRON|Ice Punch|p2a: Great Tusk
|-supereffective|p2a: Great Tusk
|-damage|p2a: Great Tusk|10/100
|
|-heal|p2a: Great Tusk|16/100|[from] item: Leftovers
|upkeep
|turn|4
|
|t:|1758954675
|move|p2a: Great Tusk|Headlong Rush|p1a: LEBRON
|-supereffective|p1a: LEBRON
|-damage|p1a: LEBRON|0 fnt
|-unboost|p2a: Great Tusk|def|1
|-unboost|p2a: Great Tusk|spd|1
|faint|p1a: LEBRON
|-end|p1a: LEBRON|Quark Drive|[silent]
|
|-heal|p2a: Great Tusk|23/100|[from] item: Leftovers
|upkeep
|
|t:|1758954677
|switch|p1a: Mimi|Mimikyu, F, shiny|100/100
|-status|p1a: Mimi|psn
|turn|5
|
|t:|1758954689
|move|p2a: Great Tusk|Ice Spinner|p1a: Mimi
|-activate|p1a: Mimi|ability: Disguise
|-damage|p1a: Mimi|100/100 psn
|detailschange|p1a: Mimi|Mimikyu-Busted, F, shiny
|-damage|p1a: Mimi|88/100 psn|[from] pokemon: Mimikyu-Busted
|-enditem|p1a: Mimi|Red Card|[of] p2a: Great Tusk
|-end|p2a: Great Tusk|Protosynthesis|[silent]
|drag|p2a: Corviknight|Corviknight, M|100/100
|-ability|p2a: Corviknight|Pressure
|move|p1a: Mimi|Trick Room|p1a: Mimi
|-fieldstart|move: Trick Room|[of] p1a: Mimi
|
|-damage|p1a: Mimi|76/100 psn|[from] psn
|upkeep
|turn|6
|
|t:|1758954707
|switch|p2a: Great Tusk|Great Tusk|23/100
|move|p1a: Mimi|Curse|p2a: Great Tusk
|-start|p2a: Great Tusk|Curse|[of] p1a: Mimi
|-damage|p1a: Mimi|26/100 psn
|
|-heal|p2a: Great Tusk|29/100|[from] item: Leftovers
|-damage|p1a: Mimi|13/100 psn|[from] psn
|-damage|p2a: Great Tusk|4/100|[from] Curse
|upkeep
|turn|7
|
|t:|1758954720
|move|p1a: Mimi|Curse||[still]
|-fail|p1a: Mimi
|move|p2a: Great Tusk|Headlong Rush|p1a: Mimi
|-damage|p1a: Mimi|0 fnt
|-unboost|p2a: Great Tusk|def|1
|-unboost|p2a: Great Tusk|spd|1
|faint|p1a: Mimi
|
|-heal|p2a: Great Tusk|10/100|[from] item: Leftovers
|-damage|p2a: Great Tusk|0 fnt|[from] Curse
|faint|p2a: Great Tusk
|-end|p2a: Great Tusk|Protosynthesis|[silent]
|upkeep
|inactive|you should now has 120 seconds left.
|
|t:|1758954741
|switch|p1a: Subaru|Indeedee, M, shiny|100/100
|switch|p2a: Corviknight|Corviknight, M|100/100
|-ability|p2a: Corviknight|Pressure
|-status|p1a: Subaru|psn
|-fieldstart|move: Psychic Terrain|[from] ability: Psychic Surge|[of] p1a: Subaru
|turn|8
|inactive|you should now has 120 seconds left.
|
|t:|1758954752
|move|p2a: Corviknight|U-turn|p1a: Subaru
|-supereffective|p1a: Subaru
|-damage|p1a: Subaru|68/100 psn
|inactive|you should now has 120 seconds left.
|
|t:|1758954759
|switch|p2a: Meloetta|Meloetta|100/100|[from] U-turn
|move|p1a: Subaru|Expanding Force|p2a: Meloetta
|-resisted|p2a: Meloetta
|-damage|p2a: Meloetta|79/100
|
|-damage|p1a: Subaru|56/100 psn|[from] psn
|upkeep
|turn|9
|
|t:|1758954769
|switch|p1a: King Von|Hoopa-Unbound|100/100
|-status|p1a: King Von|psn
|-enditem|p1a: King Von|Psychic Seed
|-boost|p1a: King Von|spd|1|[from] item: Psychic Seed
|move|p2a: Meloetta|Knock Off|p1a: King Von
|-damage|p1a: King Von|88/100 psn
|
|-damage|p1a: King Von|75/100 psn|[from] psn
|-fieldend|move: Trick Room
|upkeep
|turn|10
|inactive|you should now has 120 seconds left.
|
|t:|1758954789
|switch|p2a: Lokix|Lokix, F|100/100
|move|p1a: King Von|Trick Room|p1a: King Von
|-fieldstart|move: Trick Room|[of] p1a: King Von
|
|-damage|p1a: King Von|63/100 psn|[from] psn
|upkeep
|turn|11
|inactive|you should now has 120 seconds left.
|
|t:|1758954821
|move|p1a: King Von|Focus Blast|p2a: Lokix
|-damage|p2a: Lokix|0 fnt
|faint|p2a: Lokix
|-item|p1a: King Von|Choice Band|[from] ability: Magician|[of] p2: Lokix
|
|-damage|p1a: King Von|50/100 psn|[from] psn
|upkeep
|inactive|you should now has 90 seconds left.
|
|t:|1758954842
|switch|p2a: Corviknight|Corviknight, M|100/100
|-ability|p2a: Corviknight|Pressure
|turn|12
|inactive|you should now has 90 seconds left.
|
|t:|1758954849
|move|p2a: Corviknight|U-turn|p1a: King Von
|-supereffective|p1a: King Von
|-damage|p1a: King Von|0 fnt
|faint|p1a: King Von
|inactive|you should now has 90 seconds left.
|
|t:|1758954858
|switch|p2a: Meloetta|Meloetta|79/100|[from] U-turn
|
|upkeep
|
|t:|1758954861
|switch|p1a: Crashout YN|Ursaluna, F, shiny|100/100
|-status|p1a: Crashout YN|psn
|turn|13
|inactive|you should now has 90 seconds left.
|
|t:|1758954881
|switch|p2a: Corviknight|Corviknight, M|100/100
|-ability|p2a: Corviknight|Pressure
|move|p1a: Crashout YN|Facade|p2a: Corviknight
|-resisted|p2a: Corviknight
|-damage|p2a: Corviknight|62/100
|-damage|p1a: Crashout YN|84/100 psn|[from] item: Rocky Helmet|[of] p2a: Corviknight
|
|-damage|p1a: Crashout YN|72/100 psn|[from] psn
|upkeep
|turn|14
|inactive|you should now has 90 seconds left.
|
|t:|1758954892
|move|p2a: Corviknight|Brave Bird|p1a: Crashout YN
|-damage|p1a: Crashout YN|47/100 psn
|-damage|p2a: Corviknight|52/100|[from] Recoil
|move|p1a: Crashout YN|Supercell Slam|p2a: Corviknight
|-supereffective|p2a: Corviknight
|-damage|p2a: Corviknight|0 fnt
|-damage|p1a: Crashout YN|30/100 psn|[from] item: Rocky Helmet|[of] p2a: Corviknight
|faint|p2a: Corviknight
|
|-damage|p1a: Crashout YN|18/100 psn|[from] psn
|-fieldend|move: Trick Room
|upkeep
|
|t:|1758954905
|switch|p2a: Meloetta|Meloetta|79/100
|turn|15
|
|t:|1758954908
|move|p2a: Meloetta|Psychic|p1a: Crashout YN
|-damage|p1a: Crashout YN|0 fnt
|faint|p1a: Crashout YN
|
|-fieldend|move: Psychic Terrain
|upkeep
|
|t:|1758954910
|switch|p1a: Subaru|Indeedee, M, shiny|56/100 psn
|-fieldstart|move: Psychic Terrain|[from] ability: Psychic Surge|[of] p1a: Subaru
|turn|16
|
|t:|1758954918
|move|p2a: Meloetta|Knock Off|p1a: Subaru
|-supereffective|p1a: Subaru
|-damage|p1a: Subaru|19/100 psn
|-enditem|p1a: Subaru|Terrain Extender|[from] move: Knock Off|[of] p2a: Meloetta
|move|p1a: Subaru|Trick Room|p1a: Subaru
|-fieldstart|move: Trick Room|[of] p1a: Subaru
|
|-damage|p1a: Subaru|7/100 psn|[from] psn
|upkeep
|turn|17
|j| ohnononooo
|
|t:|1758954935
|move|p1a: Subaru|Expanding Force|p2a: Meloetta
|-resisted|p2a: Meloetta
|-damage|p2a: Meloetta|57/100
|move|p2a: Meloetta|Psychic|p1a: Subaru
|-resisted|p1a: Subaru
|-crit|p1a: Subaru
|-damage|p1a: Subaru|0 fnt
|faint|p1a: Subaru
|
|upkeep
|
|t:|1758954937
|switch|p1a: Satella|Hatterene, F, shiny|100/100
|-status|p1a: Satella|psn
|turn|18
|
|t:|1758954943
|move|p1a: Satella|Expanding Force|p2a: Meloetta
|-resisted|p2a: Meloetta
|-damage|p2a: Meloetta|11/100
|-damage|p1a: Satella|91/100 psn|[from] item: Life Orb
|move|p2a: Meloetta|Shadow Ball|p1a: Satella
|-supereffective|p1a: Satella
|-damage|p1a: Satella|23/100 psn
|
|-damage|p1a: Satella|11/100 psn|[from] psn
|upkeep
|turn|19
|
|t:|1758954956
|move|p1a: Satella|Draining Kiss|p2a: Meloetta
|-damage|p2a: Meloetta|0 fnt
|-heal|p1a: Satella|20/100 psn|[from] drain|[of] p2a: Meloetta
|faint|p2a: Meloetta
|-damage|p1a: Satella|10/100 psn|[from] item: Life Orb
|
|-damage|p1a: Satella|0 fnt|[from] psn
|faint|p1a: Satella
|
|win|you should now
|raw|merry in house's rating: 1495 &rarr; <strong>1475</strong><br />(-20 for losing)
|raw|you should now's rating: 1493 &rarr; <strong>1513</strong><br />(+20 for winning)
|l|☆merry in house
|player|p1|
|l|☆you should now
|player|p2|
|l| ohnononooo
