|j|☆Yajityyy
|j|☆kingCR0C
|t:|1759072417
|gametype|singles
|player|p1|Yajityyy|burglar|1311
|player|p2|kingCR0C|101|1342
|gen|9
|tier|[Gen 9] OU
|rated|
|rule|HP Percentage Mod: HP is shown in percentages
|rule|Endless Battle Clause: Forcing endless battles is banned
|rule|Species Clause: Limit one of each Pokémon
|rule|OHKO Clause: OHKO moves are banned
|rule|Evasion Items Clause: Evasion items are banned
|rule|Evasion Moves Clause: Evasion moves are banned
|rule|Evasion Abilities Clause: Evasion abilities are banned
|rule|Sleep Moves Clause: Sleep-inducing moves are banned
|clearpoke
|poke|p1|Iron Valiant|
|poke|p1|Great Tusk|
|poke|p1|Dragonite, F|
|poke|p1|Deoxys-Speed|
|poke|p1|Glimmora, M|
|poke|p1|Kingambit, F|
|poke|p2|Quaquaval, M|
|poke|p2|Hoopa-Unbound|
|poke|p2|Houndstone, F|
|poke|p2|Kommo-o, M|
|poke|p2|Deoxys-Speed|
|poke|p2|Mandibuzz, F|
|teampreview
|inactive|Battle timer is ON: inactive players will automatically lose when time's up. (requested by Yajityyy)
|
|t:|1759072431
|teamsize|p1|6
|teamsize|p2|6
|start
|switch|p1a: Iron Valiant|Iron Valiant|100/100
|switch|p2a: Mandibuzz|Mandibuzz, F|100/100
|-enditem|p1a: Iron Valiant|Booster Energy
|-activate|p1a: Iron Valiant|ability: Quark Drive|[fromitem]
|-start|p1a: Iron Valiant|quarkdrivespe
|turn|1
|
|t:|1759072439
|move|p1a: Iron Valiant|Moonblast|p2a: Mandibuzz
|-supereffective|p2a: Mandibuzz
|-damage|p2a: Mandibuzz|14/100
|move|p2a: Mandibuzz|Hurricane|p1a: Iron Valiant
|-supereffective|p1a: Iron Valiant
|-damage|p1a: Iron Valiant|0 fnt
|faint|p1a: Iron Valiant
|-end|p1a: Iron Valiant|Quark Drive|[silent]
|
|upkeep
|
|t:|1759072450
|switch|p1a: Deoxys|Deoxys-Speed|100/100
|-ability|p1a: Deoxys|Pressure
|turn|2
|
|t:|1759072456
|move|p1a: Deoxys|Reflect|p1a: Deoxys
|-sidestart|p1: Yajityyy|Reflect
|move|p2a: Mandibuzz|Dark Pulse|p1a: Deoxys
|-supereffective|p1a: Deoxys
|-damage|p1a: Deoxys|39/100
|
|upkeep
|turn|3
|
|t:|1759072463
|move|p1a: Deoxys|Light Screen|p1a: Deoxys
|-sidestart|p1: Yajityyy|move: Light Screen
|move|p2a: Mandibuzz|Dark Pulse|p1a: Deoxys
|-supereffective|p1a: Deoxys
|-damage|p1a: Deoxys|3/100
|
|upkeep
|turn|4
|
|t:|1759072469
|switch|p1a: Dragonite|Dragonite, F|100/100
|move|p2a: Mandibuzz|Nasty Plot|p2a: Mandibuzz
|-boost|p2a: Mandibuzz|spa|2
|
|upkeep
|turn|5
|
|t:|1759072474
|move|p1a: Dragonite|Substitute|p1a: Dragonite
|-start|p1a: Dragonite|Substitute
|-damage|p1a: Dragonite|76/100
|move|p2a: Mandibuzz|Dark Pulse|p1a: Dragonite
|-end|p1a: Dragonite|Substitute
|
|-heal|p1a: Dragonite|82/100|[from] item: Leftovers
|upkeep
|turn|6
|
|t:|1759072480
|move|p1a: Dragonite|Dragon Dance|p1a: Dragonite
|-boost|p1a: Dragonite|atk|1
|-boost|p1a: Dragonite|spe|1
|move|p2a: Mandibuzz|Dark Pulse|p1a: Dragonite
|-damage|p1a: Dragonite|54/100
|
|-heal|p1a: Dragonite|60/100|[from] item: Leftovers
|upkeep
|turn|7
|
|t:|1759072487
|move|p1a: Dragonite|Dragon Dance|p1a: Dragonite
|-boost|p1a: Dragonite|atk|1
|-boost|p1a: Dragonite|spe|1
|move|p2a: Mandibuzz|Hurricane|p1a: Dragonite|[miss]
|-miss|p2a: Mandibuzz|p1a: Dragonite
|
|-heal|p1a: Dragonite|66/100|[from] item: Leftovers
|upkeep
|turn|8
|
|t:|1759072494
|move|p1a: Dragonite|Dragon Dance|p1a: Dragonite
|-boost|p1a: Dragonite|atk|1
|-boost|p1a: Dragonite|spe|1
|move|p2a: Mandibuzz|Dark Pulse|p1a: Dragonite
|-damage|p1a: Dragonite|37/100
|
|-heal|p1a: Dragonite|44/100|[from] item: Leftovers
|upkeep
|turn|9
|
|t:|1759072499
|-terastallize|p1a: Dragonite|Flying
|move|p1a: Dragonite|Tera Blast|p2a: Mandibuzz|[anim] Tera Blast Flying
|-damage|p2a: Mandibuzz|0 fnt
|faint|p2a: Mandibuzz
|
|-heal|p1a: Dragonite|50/100|[from] item: Leftovers
|-sideend|p1: Yajityyy|Reflect
|upkeep
|
|t:|1759072507
|switch|p2a: Go to sleeEEeEep|Houndstone, F|100/100
|turn|10
|
|t:|1759072512
|move|p2a: Go to sleeEEeEep|Shadow Sneak|p1a: Dragonite
|-damage|p1a: Dragonite|27/100
|move|p1a: Dragonite|Tera Blast|p2a: Go to sleeEEeEep|[anim] Tera Blast Flying
|-damage|p2a: Go to sleeEEeEep|0 fnt
|faint|p2a: Go to sleeEEeEep
|
|-heal|p1a: Dragonite|33/100|[from] item: Leftovers
|-sideend|p1: Yajityyy|move: Light Screen
|upkeep
|-message|kingCR0C forfeited.
|
|win|Yajityyy
|raw|Yajityyy's rating: 1311 &rarr; <strong>1333</strong><br />(+22 for winning)
|raw|kingCR0C's rating: 1342 &rarr; <strong>1320</strong><br />(-22 for losing)
|l|☆kingCR0C
|player|p2|
|l|☆Yajityyy
|player|p1|
