|badge|p2|bronze|gen9ou|100-6
|badge|p2|bronze|gen9monotype|100-6
|html|<div class="broadcast-red"><strong>This battle is required to be public due to one or more player having a season medal.</strong><br />During the public phase, you can discuss the state of the ladder <a href="/seasondiscussion">in a special chatroom.</a></div>
|uhtml|medal-msg|<div class="broadcast-blue">Curious what those medals under the avatar are? PS now has Ladder Seasons! For more information, check out the <a href="https://www.smogon.com/forums/threads/3740067/">thread on Smogon.</a></div>
|j|☆lerendezvous
|j|☆abravioustinkaton
|t:|1758978078
|gametype|singles
|player|p1|lerendezvous|101|1740
|player|p2|abravioustinkaton|miku-ice|1883
|gen|9
|tier|[Gen 9] OU
|rated|
|rule|HP Percentage Mod: HP is shown in percentages
|rule|Endless Battle Clause: Forcing endless battles is banned
|rule|Species Clause: Limit one of each Pokémon
|rule|OHKO Clause: OHKO moves are banned
|rule|Evasion Items Clause: Evasion items are banned
|rule|Evasion Moves Clause: Evasion moves are banned
|rule|Evasion Abilities Clause: Evasion abilities are banned
|rule|Sleep Moves Clause: Sleep-inducing moves are banned
|clearpoke
|poke|p1|Ogerpon-Wellspring, F|
|poke|p1|Slowking-Galar, M|
|poke|p1|Great Tusk|
|poke|p1|Moltres|
|poke|p1|Dragapult, F|
|poke|p1|Kingambit, F|
|poke|p2|Zapdos|
|poke|p2|Iron Crown|
|poke|p2|Garganacl, F|
|poke|p2|Great Tusk|
|poke|p2|Samurott-Hisui, F|
|poke|p2|Dragapult, F|
|teampreview
|j| cryyysneasel
|inactive|Battle timer is ON: inactive players will automatically lose when time's up. (requested by lerendezvous)
|j| firecharmander004
|j| baiyy
|
|t:|1758978092
|teamsize|p1|6
|teamsize|p2|6
|start
|switch|p1a: Kingambit|Kingambit, F|100/100
|switch|p2a: Club Paratwice|Zapdos|100/100
|turn|1
|
|t:|1758978096
|move|p2a: Club Paratwice|Thunder Wave|p1a: Kingambit
|-status|p1a: Kingambit|par
|move|p1a: Kingambit|Swords Dance|p1a: Kingambit
|-boost|p1a: Kingambit|atk|2
|
|upkeep
|turn|2
|
|t:|1758978101
|move|p2a: Club Paratwice|Volt Switch|p1a: Kingambit
|-damage|p1a: Kingambit|71/100 par
|
|t:|1758978103
|switch|p2a: Great Tusk|Great Tusk|100/100|[from] Volt Switch
|move|p1a: Kingambit|Iron Head|p2a: Great Tusk
|-damage|p2a: Great Tusk|36/100
|-damage|p1a: Kingambit|55/100 par|[from] item: Rocky Helmet|[of] p2a: Great Tusk
|
|-heal|p1a: Kingambit|61/100 par|[from] item: Leftovers
|upkeep
|turn|3
|
|t:|1758978109
|-end|p1a: Kingambit|fallenundefined|[silent]
|switch|p1a: Moltres|Moltres|100/100
|move|p2a: Great Tusk|Stealth Rock|p1a: Moltres
|-sidestart|p1: lerendezvous|move: Stealth Rock
|
|upkeep
|turn|4
|
|t:|1758978113
|-end|p2a: Great Tusk|Protosynthesis|[silent]
|switch|p2a: Garganacl|Garganacl, F|100/100
|move|p1a: Moltres|U-turn|p2a: Garganacl
|-damage|p2a: Garganacl|91/100
|
|t:|1758978122
|switch|p1a: Great Tusk|Great Tusk|100/100|[from] U-turn
|-damage|p1a: Great Tusk|98/100|[from] Stealth Rock
|
|-heal|p2a: Garganacl|98/100|[from] item: Leftovers
|upkeep
|turn|5
|
|t:|1758978126
|switch|p2a: Club Paratwice|Zapdos|100/100
|move|p1a: Great Tusk|Stealth Rock|p2a: Club Paratwice
|-sidestart|p2: abravioustinkaton|move: Stealth Rock
|
|upkeep
|turn|6
|j| amefurikoneko
|
|t:|1758978131
|-end|p1a: Great Tusk|Protosynthesis|[silent]
|switch|p1a: Slowking|Slowking-Galar, M|100/100
|-damage|p1a: Slowking|88/100|[from] Stealth Rock
|move|p2a: Club Paratwice|Hurricane|p1a: Slowking
|-damage|p1a: Slowking|66/100
|
|upkeep
|turn|7
|
|t:|1758978138
|move|p2a: Club Paratwice|Thunder Wave|p1a: Slowking
|-status|p1a: Slowking|par
|move|p1a: Slowking|Ice Beam|p2a: Club Paratwice
|-supereffective|p2a: Club Paratwice
|-damage|p2a: Club Paratwice|50/100
|-status|p2a: Club Paratwice|frz
|
|upkeep
|turn|8
|
|t:|1758978143
|switch|p2a: Samurott|Samurott-Hisui, F|100/100
|-damage|p2a: Samurott|88/100|[from] Stealth Rock
|switch|p1a: Kingambit|Kingambit, F|61/100 par
|-damage|p1a: Kingambit|55/100 par|[from] Stealth Rock
|
|-heal|p1a: Kingambit|61/100 par|[from] item: Leftovers
|upkeep
|turn|9
|
|t:|1758978148
|move|p2a: Samurott|Ceaseless Edge|p1a: Kingambit|[miss]
|-miss|p2a: Samurott|p1a: Kingambit
|cant|p1a: Kingambit|par
|
|-heal|p1a: Kingambit|67/100 par|[from] item: Leftovers
|upkeep
|turn|10
|
|t:|1758978153
|move|p2a: Samurott|Ceaseless Edge|p1a: Kingambit
|-resisted|p1a: Kingambit
|-damage|p1a: Kingambit|50/100 par
|-sidestart|p1: lerendezvous|Spikes
|move|p1a: Kingambit|Low Kick|p2a: Samurott
|-supereffective|p2a: Samurott
|-damage|p2a: Samurott|19/100
|
|-heal|p1a: Kingambit|56/100 par|[from] item: Leftovers
|upkeep
|turn|11
|
|t:|1758978161
|move|p1a: Kingambit|Sucker Punch|p2a: Samurott
|-resisted|p2a: Samurott
|-damage|p2a: Samurott|0 fnt
|faint|p2a: Samurott
|
|-heal|p1a: Kingambit|62/100 par|[from] item: Leftovers
|upkeep
|
|t:|1758978165
|switch|p2a: Garganacl|Garganacl, F|98/100
|-damage|p2a: Garganacl|85/100|[from] Stealth Rock
|turn|12
|
|t:|1758978170
|-end|p1a: Kingambit|fallenundefined|[silent]
|switch|p1a: Great Tusk|Great Tusk|98/100
|-damage|p1a: Great Tusk|95/100|[from] Stealth Rock
|-damage|p1a: Great Tusk|82/100|[from] Spikes
|move|p2a: Garganacl|Curse|p2a: Garganacl
|-unboost|p2a: Garganacl|spe|1
|-boost|p2a: Garganacl|atk|1
|-boost|p2a: Garganacl|def|1
|
|-heal|p2a: Garganacl|91/100|[from] item: Leftovers
|upkeep
|turn|13
|l| baiyy
|
|t:|1758978175
|move|p1a: Great Tusk|Headlong Rush|p2a: Garganacl
|-supereffective|p2a: Garganacl
|-damage|p2a: Garganacl|35/100
|-unboost|p1a: Great Tusk|def|1
|-unboost|p1a: Great Tusk|spd|1
|move|p2a: Garganacl|Curse|p2a: Garganacl
|-unboost|p2a: Garganacl|spe|1
|-boost|p2a: Garganacl|atk|1
|-boost|p2a: Garganacl|def|1
|
|-heal|p2a: Garganacl|41/100|[from] item: Leftovers
|upkeep
|turn|14
|j| Haqlifbrax
|
|t:|1758978184
|-end|p1a: Great Tusk|Protosynthesis|[silent]
|switch|p1a: Kingambit|Kingambit, F|62/100 par
|-damage|p1a: Kingambit|56/100 par|[from] Stealth Rock
|-damage|p1a: Kingambit|44/100 par|[from] Spikes
|-terastallize|p2a: Garganacl|Water
|move|p2a: Garganacl|Recover|p2a: Garganacl
|-heal|p2a: Garganacl|91/100
|
|-heal|p1a: Kingambit|50/100 par|[from] item: Leftovers
|-heal|p2a: Garganacl|97/100|[from] item: Leftovers
|upkeep
|turn|15
|l| Haqlifbrax
|
|t:|1758978188
|-end|p1a: Kingambit|fallenundefined|[silent]
|switch|p1a: Moltres|Moltres|100/100
|move|p2a: Garganacl|Curse|p2a: Garganacl
|-unboost|p2a: Garganacl|spe|1
|-boost|p2a: Garganacl|atk|1
|-boost|p2a: Garganacl|def|1
|
|-heal|p2a: Garganacl|100/100|[from] item: Leftovers
|upkeep
|turn|16
|
|t:|1758978193
|-terastallize|p1a: Moltres|Fairy
|move|p2a: Garganacl|Salt Cure|p1a: Moltres
|-damage|p1a: Moltres|75/100
|-start|p1a: Moltres|Salt Cure
|move|p1a: Moltres|Roar|p2a: Garganacl
|drag|p2a: Club Paratwice|Zapdos|50/100 frz
|
|-damage|p1a: Moltres|63/100|[from] Salt Cure
|upkeep
|turn|17
|
|t:|1758978200
|cant|p2a: Club Paratwice|frz
|move|p1a: Moltres|Roost|p1a: Moltres
|-heal|p1a: Moltres|100/100
|
|-damage|p1a: Moltres|88/100|[from] Salt Cure
|upkeep
|turn|18
|
|t:|1758978205
|cant|p2a: Club Paratwice|frz
|move|p1a: Moltres|U-turn|p2a: Club Paratwice
|-resisted|p2a: Club Paratwice
|-damage|p2a: Club Paratwice|45/100 frz
|
|t:|1758978210
|switch|p1a: Great Tusk|Great Tusk|82/100|[from] U-turn
|-damage|p1a: Great Tusk|79/100|[from] Stealth Rock
|-damage|p1a: Great Tusk|67/100|[from] Spikes
|
|upkeep
|turn|19
|
|t:|1758978215
|switch|p2a: Dragapult|Dragapult, F|100/100
|move|p1a: Great Tusk|Headlong Rush|p2a: Dragapult
|-damage|p2a: Dragapult|0 fnt
|-unboost|p1a: Great Tusk|def|1
|-unboost|p1a: Great Tusk|spd|1
|faint|p2a: Dragapult
|
|upkeep
|
|t:|1758978221
|switch|p2a: Iron Crown|Iron Crown|100/100
|-damage|p2a: Iron Crown|94/100|[from] Stealth Rock
|turn|20
|
|t:|1758978225
|-end|p1a: Great Tusk|Protosynthesis|[silent]
|switch|p1a: Kingambit|Kingambit, F|50/100 par
|-damage|p1a: Kingambit|44/100 par|[from] Stealth Rock
|-damage|p1a: Kingambit|31/100 par|[from] Spikes
|move|p2a: Iron Crown|Tachyon Cutter|p1a: Kingambit
|-resisted|p1a: Kingambit
|-damage|p1a: Kingambit|12/100 par
|-resisted|p1a: Kingambit
|-damage|p1a: Kingambit|0 fnt
|faint|p1a: Kingambit
|-end|p1a: Kingambit|fallenundefined|[silent]
|-hitcount|p1: Kingambit|2
|
|upkeep
|
|t:|1758978231
|switch|p1a: Ogerpon|Ogerpon-Wellspring, F|100/100
|-damage|p1a: Ogerpon|88/100|[from] Stealth Rock
|-damage|p1a: Ogerpon|76/100|[from] Spikes
|turn|21
|
|t:|1758978236
|-end|p2a: Iron Crown|Quark Drive|[silent]
|switch|p2a: Club Paratwice|Zapdos|45/100 frz
|move|p1a: Ogerpon|Ivy Cudgel|p2a: Club Paratwice|[anim] Ivy Cudgel Water
|-damage|p2a: Club Paratwice|2/100 frz
|
|upkeep
|turn|22
|
|t:|1758978242
|move|p1a: Ogerpon|Ivy Cudgel|p2a: Club Paratwice|[anim] Ivy Cudgel Water
|-damage|p2a: Club Paratwice|0 fnt
|faint|p2a: Club Paratwice
|
|upkeep
|
|t:|1758978244
|switch|p2a: Iron Crown|Iron Crown|94/100
|-damage|p2a: Iron Crown|88/100|[from] Stealth Rock
|turn|23
|
|t:|1758978250
|move|p1a: Ogerpon|Knock Off|p2a: Iron Crown
|-supereffective|p2a: Iron Crown
|-damage|p2a: Iron Crown|0 fnt
|-enditem|p2a: Iron Crown|Choice Specs|[from] move: Knock Off|[of] p1a: Ogerpon
|faint|p2a: Iron Crown
|-end|p2a: Iron Crown|Quark Drive|[silent]
|
|upkeep
|
|t:|1758978252
|switch|p2a: Great Tusk|Great Tusk|36/100
|-damage|p2a: Great Tusk|33/100|[from] Stealth Rock
|turn|24
|
|t:|1758978256
|move|p1a: Ogerpon|Ivy Cudgel|p2a: Great Tusk|[anim] Ivy Cudgel Water
|-supereffective|p2a: Great Tusk
|-damage|p2a: Great Tusk|0 fnt
|faint|p2a: Great Tusk
|-end|p2a: Great Tusk|Protosynthesis|[silent]
|
|upkeep
|
|t:|1758978257
|switch|p2a: Garganacl|Garganacl, F, tera:Water|100/100
|-damage|p2a: Garganacl|88/100|[from] Stealth Rock
|turn|25
|
|t:|1758978262
|move|p1a: Ogerpon|Power Whip|p2a: Garganacl
|-supereffective|p2a: Garganacl
|-damage|p2a: Garganacl|0 fnt
|faint|p2a: Garganacl
|
|win|lerendezvous
|raw|lerendezvous's rating: 1740 &rarr; <strong>1768</strong><br />(+28 for winning)
|raw|abravioustinkaton's rating: 1883 &rarr; <strong>1855</strong><br />(-28 for losing)
|l|☆lerendezvous
|player|p1|
|l|☆abravioustinkaton
|player|p2|
|l| cryyysneasel
|j| cryyysneasel
|l| cryyysneasel
