|j|☆sam playplu
|j|☆hungrymane
|t:|1759011722
|gametype|singles
|player|p1|sam playplu|1|1441
|player|p2|hungrymane|101|1526
|gen|9
|tier|[Gen 9] OU
|rated|
|rule|HP Percentage Mod: HP is shown in percentages
|rule|Endless Battle Clause: Forcing endless battles is banned
|rule|Species Clause: Limit one of each Pokémon
|rule|OHKO Clause: OHKO moves are banned
|rule|Evasion Items Clause: Evasion items are banned
|rule|Evasion Moves Clause: Evasion moves are banned
|rule|Evasion Abilities Clause: Evasion abilities are banned
|rule|Sleep Moves Clause: Sleep-inducing moves are banned
|clearpoke
|poke|p1|Ninetales, F|
|poke|p1|Charizard, M|
|poke|p1|Great Tusk|
|poke|p1|Walking Wake|
|poke|p1|Raging Bolt|
|poke|p1|Hatterene, F|
|poke|p2|Gengar, F|
|poke|p2|Greninja-*, F|
|poke|p2|Ribombee, M|
|poke|p2|Drifblim, F|
|poke|p2|Gyarados, M|
|poke|p2|Necrozma|
|teampreview
|inactive|Battle timer is ON: inactive players will automatically lose when time's up. (requested by sam playplu)
|
|t:|1759011749
|teamsize|p1|6
|teamsize|p2|6
|start
|switch|p1a: Ninetales|Ninetales, F|100/100
|switch|p2a: Gengar|Gengar, F|100/100
|-weather|SunnyDay|[from] ability: Drought|[of] p1a: Ninetales
|turn|1
|
|t:|1759011769
|-terastallize|p2a: Gengar|Ghost
|move|p1a: Ninetales|Weather Ball|p2a: Gengar
|-damage|p2a: Gengar|30/100
|move|p2a: Gengar|Shadow Ball|p1a: Ninetales
|-damage|p1a: Ninetales|4/100
|-unboost|p1a: Ninetales|spd|1
|
|-weather|SunnyDay|[upkeep]
|upkeep
|turn|2
|
|t:|1759011786
|switch|p1a: Hatterene|Hatterene, F|100/100
|switch|p2a: Greninja|Greninja, F|100/100
|
|-weather|SunnyDay|[upkeep]
|upkeep
|turn|3
|
|t:|1759011795
|switch|p2a: Drifblim|Drifblim, F|100/100
|move|p1a: Hatterene|Draining Kiss|p2a: Drifblim
|-damage|p2a: Drifblim|70/100
|
|-weather|SunnyDay|[upkeep]
|upkeep
|turn|4
|
|t:|1759011805
|move|p2a: Drifblim|Tailwind|p2a: Drifblim
|-sidestart|p2: hungrymane|move: Tailwind
|move|p1a: Hatterene|Mystical Fire|p2a: Drifblim
|-damage|p2a: Drifblim|17/100
|-unboost|p2a: Drifblim|spa|1
|
|-weather|SunnyDay|[upkeep]
|upkeep
|turn|5
|
|t:|1759011813
|move|p2a: Drifblim|Curse|p1a: Hatterene
|-start|p1a: Hatterene|Curse|[of] p2a: Drifblim
|-damage|p2a: Drifblim|0 fnt
|faint|p2a: Drifblim
|move|p1a: Hatterene|Draining Kiss|p2: Drifblim|[notarget]
|-fail|p1a: Hatterene
|
|-weather|SunnyDay|[upkeep]
|-damage|p1a: Hatterene|76/100|[from] Curse
|upkeep
|
|t:|1759011815
|switch|p2a: Gengar|Gengar, F, tera:Ghost|30/100
|turn|6
|
|t:|1759011830
|move|p2a: Gengar|Shadow Ball|p1a: Hatterene
|-supereffective|p1a: Hatterene
|-damage|p1a: Hatterene|0 fnt
|faint|p1a: Hatterene
|
|-weather|SunnyDay|[upkeep]
|upkeep
|
|t:|1759011836
|switch|p1a: Raging Bolt|Raging Bolt|100/100
|-activate|p1a: Raging Bolt|ability: Protosynthesis
|-start|p1a: Raging Bolt|protosynthesisspa
|turn|7
|
|t:|1759011846
|switch|p2a: Greninja|Greninja, F|100/100
|move|p1a: Raging Bolt|Volt Switch|p2a: Greninja
|-supereffective|p2a: Greninja
|-damage|p2a: Greninja|0 fnt
|faint|p2a: Greninja
|
|t:|1759011863
|-end|p1a: Raging Bolt|Protosynthesis|[silent]
|switch|p1a: Charizard|Charizard, M, shiny|100/100|[from] Volt Switch
|
|-weather|SunnyDay|[upkeep]
|-damage|p1a: Charizard|88/100|[from] ability: Solar Power|[of] p1a: Charizard
|-sideend|p2: hungrymane|move: Tailwind
|upkeep
|
|t:|1759011865
|switch|p2a: Ribombee|Ribombee, M|100/100
|turn|8
|
|t:|1759011882
|move|p1a: Charizard|Fire Blast|p2a: Ribombee
|-supereffective|p2a: Ribombee
|-enditem|p2a: Ribombee|Focus Sash
|-damage|p2a: Ribombee|1/100
|move|p2a: Ribombee|Sticky Web|p1a: Charizard
|-sidestart|p1: sam playplu|move: Sticky Web
|
|-weather|none
|upkeep
|turn|9
|
|t:|1759011891
|move|p1a: Charizard|Fire Blast|p2a: Ribombee
|-supereffective|p2a: Ribombee
|-damage|p2a: Ribombee|0 fnt
|faint|p2a: Ribombee
|
|upkeep
|
|t:|1759011893
|switch|p2a: Gyarados|Gyarados, M|100/100
|turn|10
|
|t:|1759011902
|switch|p1a: Raging Bolt|Raging Bolt|100/100
|-activate|p1a: Raging Bolt|move: Sticky Web
|-unboost|p1a: Raging Bolt|spe|1
|move|p2a: Gyarados|Dragon Dance|p2a: Gyarados
|-boost|p2a: Gyarados|atk|1
|-boost|p2a: Gyarados|spe|1
|
|upkeep
|turn|11
|
|t:|1759011911
|move|p2a: Gyarados|Outrage|p1a: Raging Bolt
|-supereffective|p1a: Raging Bolt
|-damage|p1a: Raging Bolt|0 fnt
|faint|p1a: Raging Bolt
|-end|p1a: Raging Bolt|Protosynthesis|[silent]
|-ability|p2a: Gyarados|Moxie|boost
|-boost|p2a: Gyarados|atk|1
|
|upkeep
|
|t:|1759011919
|switch|p1a: Ninetales|Ninetales, F|4/100
|-activate|p1a: Ninetales|move: Sticky Web
|-unboost|p1a: Ninetales|spe|1
|-weather|SunnyDay|[from] ability: Drought|[of] p1a: Ninetales
|turn|12
|
|t:|1759011926
|move|p2a: Gyarados|Outrage|p1a: Ninetales|[from] lockedmove
|-damage|p1a: Ninetales|0 fnt
|faint|p1a: Ninetales
|-ability|p2a: Gyarados|Moxie|boost
|-boost|p2a: Gyarados|atk|1
|-start|p2a: Gyarados|confusion|[fatigue]
|
|-weather|SunnyDay|[upkeep]
|upkeep
|
|t:|1759011935
|switch|p1a: Charizard|Charizard, M, shiny|88/100
|turn|13
|
|t:|1759011952
|-terastallize|p1a: Charizard|Fire
|move|p1a: Charizard|Weather Ball|p2a: Gyarados
|-resisted|p2a: Gyarados
|-damage|p2a: Gyarados|30/100
|-activate|p2a: Gyarados|confusion
|-damage|p2a: Gyarados|0 fnt|[from] confusion
|faint|p2a: Gyarados
|
|-weather|SunnyDay|[upkeep]
|-damage|p1a: Charizard|76/100|[from] ability: Solar Power|[of] p1a: Charizard
|upkeep
|
|t:|1759011961
|switch|p2a: Gengar|Gengar, F, tera:Ghost|30/100
|turn|14
|
|t:|1759011966
|move|p1a: Charizard|Weather Ball|p2a: Gengar
|-damage|p2a: Gengar|0 fnt
|faint|p2a: Gengar
|
|-weather|SunnyDay|[upkeep]
|-damage|p1a: Charizard|63/100|[from] ability: Solar Power|[of] p1a: Charizard
|upkeep
|-message|hungrymane forfeited.
|
|win|sam playplu
|raw|sam playplu's rating: 1441 &rarr; <strong>1466</strong><br />(+25 for winning)
|raw|hungrymane's rating: 1526 &rarr; <strong>1501</strong><br />(-25 for losing)
|l|☆hungrymane
|player|p2|
