|badge|p1|silver|gen9ou|30-6
|html|<div class="broadcast-red"><strong>This battle is required to be public due to one or more player having a season medal.</strong><br />During the public phase, you can discuss the state of the ladder <a href="/seasondiscussion">in a special chatroom.</a></div>
|uhtml|medal-msg|<div class="broadcast-blue">Curious what those medals under the avatar are? PS now has Ladder Seasons! For more information, check out the <a href="https://www.smogon.com/forums/threads/3740067/">thread on Smogon.</a></div>
|raw|<div class="broadcast-blue"><strong>This battle is required to be public due to a player having a name starting with 'medal'.</div>
|j|☆LT124YH Ghoul
|j|☆lerendezvous
|t:|1758998145
|gametype|singles
|player|p1|LT124YH Ghoul|#wcop2024asia|1945
|player|p2|lerendezvous|101|1850
|gen|9
|tier|[Gen 9] OU
|rated|
|rule|HP Percentage Mod: HP is shown in percentages
|rule|Endless Battle Clause: Forcing endless battles is banned
|rule|Species Clause: Limit one of each Pokémon
|rule|OHKO Clause: OHKO moves are banned
|rule|Evasion Items Clause: Evasion items are banned
|rule|Evasion Moves Clause: Evasion moves are banned
|rule|Evasion Abilities Clause: Evasion abilities are banned
|rule|Sleep Moves Clause: Sleep-inducing moves are banned
|clearpoke
|poke|p1|Enamorus, F|
|poke|p1|Araquanid, M|
|poke|p1|Gholdengo|
|poke|p1|Iron Valiant|
|poke|p1|Kingambit, M|
|poke|p1|Great Tusk|
|poke|p2|Ogerpon-Wellspring, F|
|poke|p2|Slowking-Galar, F|
|poke|p2|Great Tusk|
|poke|p2|Moltres|
|poke|p2|Dragapult, M|
|poke|p2|Kingambit, F|
|teampreview
|inactive|Battle timer is ON: inactive players will automatically lose when time's up. (requested by LT124YH Ghoul)
|inactive|lerendezvous also wants the timer to be on.
|
|t:|1758998162
|teamsize|p1|6
|teamsize|p2|6
|start
|switch|p1a: Doc Seismic|Araquanid, M, shiny|100/100
|switch|p2a: Ogerpon|Ogerpon-Wellspring, F|100/100
|turn|1
|
|t:|1758998166
|move|p2a: Ogerpon|Knock Off|p1a: Doc Seismic
|-damage|p1a: Doc Seismic|50/100
|-enditem|p1a: Doc Seismic|Custap Berry|[from] move: Knock Off|[of] p2a: Ogerpon
|move|p1a: Doc Seismic|Lunge|p2a: Ogerpon
|-supereffective|p2a: Ogerpon
|-damage|p2a: Ogerpon|19/100
|-unboost|p2a: Ogerpon|atk|1
|
|upkeep
|turn|2
|
|t:|1758998174
|move|p2a: Ogerpon|Power Whip|p1a: Doc Seismic
|-crit|p1a: Doc Seismic
|-damage|p1a: Doc Seismic|0 fnt
|faint|p1a: Doc Seismic
|
|upkeep
|j| larp legion
|j| FaronAan
|
|t:|1758998180
|switch|p1a: Invincible|Great Tusk|100/100
|-enditem|p1a: Invincible|Booster Energy
|-activate|p1a: Invincible|ability: Protosynthesis|[fromitem]
|-start|p1a: Invincible|protosynthesisspe
|turn|3
|
|t:|1758998187
|switch|p2a: Moltres|Moltres|100/100
|move|p1a: Invincible|Headlong Rush|p2a: Moltres
|-immune|p2a: Moltres
|
|upkeep
|turn|4
|
|t:|1758998191
|move|p1a: Invincible|Head Smash|p2a: Moltres
|-supereffective|p2a: Moltres
|-damage|p2a: Moltres|0 fnt
|-status|p1a: Invincible|brn|[from] ability: Flame Body|[of] p2a: Moltres
|faint|p2a: Moltres
|-damage|p1a: Invincible|56/100 brn|[from] Recoil
|
|-damage|p1a: Invincible|50/100 brn|[from] brn
|upkeep
|
|t:|1758998197
|switch|p2a: Great Tusk|Great Tusk|100/100
|turn|5
|
|t:|1758998202
|move|p1a: Invincible|Headlong Rush|p2a: Great Tusk
|-damage|p2a: Great Tusk|83/100
|-unboost|p1a: Invincible|def|1
|-unboost|p1a: Invincible|spd|1
|-damage|p1a: Invincible|33/100 brn|[from] item: Rocky Helmet|[of] p2a: Great Tusk
|move|p2a: Great Tusk|Rapid Spin|p1a: Invincible
|-damage|p1a: Invincible|16/100 brn
|-boost|p2a: Great Tusk|spe|1
|
|-damage|p1a: Invincible|10/100 brn|[from] brn
|upkeep
|turn|6
|c| FaronAan|bro this is why I hate headsmash
|
|t:|1758998209
|move|p1a: Invincible|Headlong Rush|p2a: Great Tusk
|-damage|p2a: Great Tusk|62/100
|-unboost|p1a: Invincible|def|1
|-unboost|p1a: Invincible|spd|1
|-damage|p1a: Invincible|0 fnt|[from] item: Rocky Helmet|[of] p2a: Great Tusk
|faint|p1a: Invincible
|-end|p1a: Invincible|Protosynthesis|[silent]
|move|p2a: Great Tusk|Stealth Rock|p1: Invincible
|-sidestart|p1: LT124YH Ghoul|move: Stealth Rock
|
|upkeep
|
|t:|1758998224
|switch|p1a: Atom Eve|Iron Valiant|100/100
|-damage|p1a: Atom Eve|94/100|[from] Stealth Rock
|-enditem|p1a: Atom Eve|Booster Energy
|-activate|p1a: Atom Eve|ability: Quark Drive|[fromitem]
|-start|p1a: Atom Eve|quarkdrivespa
|turn|7
|
|t:|1758998229
|move|p2a: Great Tusk|Headlong Rush|p1a: Atom Eve
|-damage|p1a: Atom Eve|17/100
|-unboost|p2a: Great Tusk|def|1
|-unboost|p2a: Great Tusk|spd|1
|move|p1a: Atom Eve|Moonblast|p2a: Great Tusk
|-supereffective|p2a: Great Tusk
|-damage|p2a: Great Tusk|0 fnt
|faint|p2a: Great Tusk
|-end|p2a: Great Tusk|Protosynthesis|[silent]
|
|upkeep
|
|t:|1758998236
|switch|p2a: Dragapult|Dragapult, M|100/100
|turn|8
|
|t:|1758998240
|move|p2a: Dragapult|Hex|p1a: Atom Eve
|-damage|p1a: Atom Eve|0 fnt
|faint|p1a: Atom Eve
|-end|p1a: Atom Eve|Quark Drive|[silent]
|
|upkeep
|j| yrmpa
|inactive|LT124YH Ghoul has 120 seconds left.
|
|t:|1758998271
|switch|p1a: Conquest|Enamorus, F|100/100
|-damage|p1a: Conquest|76/100|[from] Stealth Rock
|turn|9
|
|t:|1758998276
|switch|p2a: Slowking|Slowking-Galar, F|100/100
|move|p1a: Conquest|Moonblast|p2a: Slowking
|-resisted|p2a: Slowking
|-damage|p2a: Slowking|90/100
|-unboost|p2a: Slowking|spa|1
|
|-heal|p1a: Conquest|82/100|[from] item: Leftovers
|upkeep
|turn|10
|
|t:|1758998283
|switch|p1a: Robot|Gholdengo|100/100
|-damage|p1a: Robot|94/100|[from] Stealth Rock
|move|p2a: Slowking|Ice Beam|p1a: Robot
|-resisted|p1a: Robot
|-damage|p1a: Robot|85/100
|
|upkeep
|turn|11
|l| yrmpa
|
|t:|1758998289
|switch|p1a: Conquest|Enamorus, F|82/100
|-damage|p1a: Conquest|57/100|[from] Stealth Rock
|move|p2a: Slowking|Flamethrower|p1a: Conquest
|-damage|p1a: Conquest|30/100
|
|-heal|p1a: Conquest|36/100|[from] item: Leftovers
|upkeep
|turn|12
|j| cryyysneasel
|
|t:|1758998302
|move|p1a: Conquest|Superpower|p2a: Slowking
|-resisted|p2a: Slowking
|-damage|p2a: Slowking|80/100
|-boost|p1a: Conquest|atk|1
|-boost|p1a: Conquest|def|1
|move|p2a: Slowking|Ice Beam|p1a: Conquest
|-supereffective|p1a: Conquest
|-damage|p1a: Conquest|0 fnt
|faint|p1a: Conquest
|
|upkeep
|
|t:|1758998307
|switch|p1a: Omni-Man|Kingambit, M|100/100
|-damage|p1a: Omni-Man|94/100|[from] Stealth Rock
|-activate|p1a: Omni-Man|ability: Supreme Overlord
|-start|p1a: Omni-Man|fallen4|[silent]
|-item|p1a: Omni-Man|Air Balloon
|turn|13
|
|t:|1758998311
|move|p1a: Omni-Man|Iron Head|p2a: Slowking
|-damage|p2a: Slowking|22/100
|move|p2a: Slowking|Flamethrower|p1a: Omni-Man
|-supereffective|p1a: Omni-Man
|-damage|p1a: Omni-Man|52/100
|-enditem|p1a: Omni-Man|Air Balloon
|
|upkeep
|turn|14
|
|t:|1758998326
|switch|p2a: Kingambit|Kingambit, F|100/100
|-activate|p2a: Kingambit|ability: Supreme Overlord
|-start|p2a: Kingambit|fallen2|[silent]
|move|p1a: Omni-Man|Iron Head|p2a: Kingambit
|-resisted|p2a: Kingambit
|-damage|p2a: Kingambit|78/100
|
|-heal|p2a: Kingambit|84/100|[from] item: Leftovers
|upkeep
|turn|15
|
|t:|1758998333
|move|p1a: Omni-Man|Low Kick|p2a: Kingambit
|-supereffective|p2a: Kingambit
|-damage|p2a: Kingambit|0 fnt
|faint|p2a: Kingambit
|-end|p2a: Kingambit|fallen2|[silent]
|
|upkeep
|
|t:|1758998340
|switch|p2a: Slowking|Slowking-Galar, F|55/100
|turn|16
|l|☆LT124YH Ghoul
|inactive|LT124YH Ghoul disconnected and has a minute to reconnect!
|player|p1|
|j| tiochicodobos
|j|☆LT124YH Ghoul
|inactive|LT124YH Ghoul reconnected and has 115 seconds left.
|player|p1|LT124YH Ghoul|#wcop2024asia|
|inactive|LT124YH Ghoul has 90 seconds left.
|
|t:|1758998406
|-terastallize|p2a: Slowking|Water
|move|p1a: Omni-Man|Iron Head|p2a: Slowking
|-resisted|p2a: Slowking
|-damage|p2a: Slowking|26/100
|cant|p2a: Slowking|flinch
|
|upkeep
|turn|17
|inactive|LT124YH Ghoul has 90 seconds left.
|
|t:|1758998413
|switch|p2a: Dragapult|Dragapult, M|100/100
|move|p1a: Omni-Man|Iron Head|p2a: Dragapult
|-damage|p2a: Dragapult|12/100
|
|upkeep
|turn|18
|
|t:|1758998422
|move|p2a: Dragapult|Will-O-Wisp|p1a: Omni-Man|[miss]
|-miss|p2a: Dragapult|p1a: Omni-Man
|move|p1a: Omni-Man|Iron Head|p2a: Dragapult
|-damage|p2a: Dragapult|0 fnt
|faint|p2a: Dragapult
|
|upkeep
|
|t:|1758998429
|switch|p2a: Slowking|Slowking-Galar, F, tera:Water|59/100
|turn|19
|j| GavilarKholin
|c| FaronAan|wp peng
|c| FaronAan|you might be the goat
|
|t:|1758998452
|-terastallize|p1a: Omni-Man|Fighting
|move|p1a: Omni-Man|Low Kick|p2a: Slowking
|-damage|p2a: Slowking|0 fnt
|faint|p2a: Slowking
|
|upkeep
|c|☆LT124YH Ghoul|lubky and bad always works
|
|t:|1758998459
|switch|p2a: Ogerpon|Ogerpon-Wellspring, F|19/100
|turn|20
|c| FaronAan|fact
|
|t:|1758998463
|move|p2a: Ogerpon|Power Whip|p1a: Omni-Man
|-damage|p1a: Omni-Man|0 fnt
|faint|p1a: Omni-Man
|-end|p1a: Omni-Man|fallen4|[silent]
|
|upkeep
|
|t:|1758998467
|switch|p1a: Robot|Gholdengo|85/100
|-damage|p1a: Robot|79/100|[from] Stealth Rock
|turn|21
|
|t:|1758998470
|move|p2a: Ogerpon|Knock Off|p1a: Robot
|-supereffective|p1a: Robot
|-crit|p1a: Robot
|-damage|p1a: Robot|0 fnt
|-enditem|p1a: Robot|Covert Cloak|[from] move: Knock Off|[of] p2a: Ogerpon
|faint|p1a: Robot
|
|win|lerendezvous
|raw|LT124YH Ghoul's rating: 1945 &rarr; <strong>1920</strong><br />(-25 for losing)
|raw|lerendezvous's rating: 1850 &rarr; <strong>1875</strong><br />(+25 for winning)
|l|☆lerendezvous
|player|p2|
|c|☆LT124YH Ghoul|ok
|c| FaronAan|bro it's the bot
|l|☆LT124YH Ghoul
|player|p1|
|c| FaronAan|why did you not sucker
|l| FaronAan
