|j|☆victory 4 u
|j|☆Mark_neon
|t:|1759014562
|gametype|singles
|player|p1|victory 4 u|266|1168
|player|p2|Mark_neon|hilbert|1241
|gen|9
|tier|[Gen 9] OU
|rated|
|rule|HP Percentage Mod: HP is shown in percentages
|rule|Endless Battle Clause: Forcing endless battles is banned
|rule|Species Clause: Limit one of each Pokémon
|rule|OHKO Clause: OHKO moves are banned
|rule|Evasion Items Clause: Evasion items are banned
|rule|Evasion Moves Clause: Evasion moves are banned
|rule|Evasion Abilities Clause: Evasion abilities are banned
|rule|Sleep Moves Clause: Sleep-inducing moves are banned
|clearpoke
|poke|p1|Regidrago|
|poke|p1|Basculegion-F, F|
|poke|p1|Meowstic, M|
|poke|p1|Tentacruel, M|
|poke|p1|Ting-Lu|
|poke|p1|Ogerpon, F|
|poke|p2|Tyranitar, F|
|poke|p2|Excadrill, F|
|poke|p2|Kingambit, M|
|poke|p2|Garchomp, M|
|poke|p2|Pecharunt|
|poke|p2|Rotom-Wash|
|teampreview
|inactive|Battle timer is ON: inactive players will automatically lose when time's up. (requested by Mark_neon)
|
|t:|1759014568
|teamsize|p1|6
|teamsize|p2|6
|start
|switch|p1a: CALM|Regidrago|100/100
|switch|p2a: Tyranitar|Tyranitar, F|100/100
|-weather|Sandstorm|[from] ability: Sand Stream|[of] p2a: Tyranitar
|turn|1
|
|t:|1759014575
|move|p1a: CALM|Dragon Energy|p2a: Tyranitar
|-damage|p2a: Tyranitar|43/100
|move|p2a: Tyranitar|Thunder Wave|p1a: CALM|[miss]
|-miss|p2a: Tyranitar|p1a: CALM
|
|-weather|Sandstorm|[upkeep]
|-damage|p1a: CALM|94/100|[from] Sandstorm
|upkeep
|turn|2
|
|t:|1759014583
|move|p1a: CALM|Dragon Energy|p2a: Tyranitar
|-damage|p2a: Tyranitar|0 fnt
|faint|p2a: Tyranitar
|
|-weather|Sandstorm|[upkeep]
|-damage|p1a: CALM|88/100|[from] Sandstorm
|upkeep
|
|t:|1759014587
|switch|p2a: Excadrill|Excadrill, F|100/100
|turn|3
|
|t:|1759014592
|switch|p1a: Pls|Ting-Lu|100/100
|-ability|p1a: Pls|Vessel of Ruin
|move|p2a: Excadrill|Swords Dance|p2a: Excadrill
|-boost|p2a: Excadrill|atk|2
|
|-weather|Sandstorm|[upkeep]
|upkeep
|turn|4
|
|t:|1759014600
|move|p2a: Excadrill|Earthquake|p1a: Pls
|-damage|p1a: Pls|25/100
|-damage|p2a: Excadrill|91/100|[from] item: Life Orb
|move|p1a: Pls|Earthquake|p2a: Excadrill
|-supereffective|p2a: Excadrill
|-damage|p2a: Excadrill|0 fnt
|faint|p2a: Excadrill
|
|-weather|Sandstorm|[upkeep]
|upkeep
|
|t:|1759014606
|switch|p2a: Garchomp|Garchomp, M|100/100
|turn|5
|
|t:|1759014610
|move|p2a: Garchomp|Swords Dance|p2a: Garchomp
|-boost|p2a: Garchomp|atk|2
|move|p1a: Pls|Earthquake|p2a: Garchomp
|-damage|p2a: Garchomp|48/100
|
|-weather|Sandstorm|[upkeep]
|upkeep
|turn|6
|
|t:|1759014616
|move|p2a: Garchomp|Scale Shot|p1a: Pls
|-damage|p1a: Pls|13/100
|-damage|p1a: Pls|1/100
|-damage|p1a: Pls|0 fnt
|faint|p1a: Pls
|-hitcount|p1: Pls|3
|-unboost|p2a: Garchomp|def|1
|-boost|p2a: Garchomp|spe|1
|
|-weather|Sandstorm|[upkeep]
|upkeep
|inactive|victory 4 u has 120 seconds left.
|
|t:|1759014673
|switch|p1a: Lostelle|Ogerpon, F|100/100
|turn|7
|
|t:|1759014698
|-terastallize|p1a: Lostelle|Grass
|detailschange|p1a: Lostelle|Ogerpon-Teal-Tera, F, tera:Grass
|-ability|p1a: Lostelle|Embody Aspect (Teal)|boost
|-boost|p1a: Lostelle|spe|1
|move|p1a: Lostelle|Ivy Cudgel|p2a: Garchomp
|-damage|p2a: Garchomp|0 fnt
|faint|p2a: Garchomp
|
|-weather|Sandstorm|[upkeep]
|-damage|p1a: Lostelle|95/100|[from] Sandstorm
|upkeep
|inactive|Mark_neon has 120 seconds left.
|
|t:|1759014722
|switch|p2a: Pecharunt|Pecharunt|100/100
|-item|p2a: Pecharunt|Air Balloon
|turn|8
|
|t:|1759014729
|move|p1a: Lostelle|Ivy Cudgel|p2a: Pecharunt
|-resisted|p2a: Pecharunt
|-damage|p2a: Pecharunt|79/100
|-enditem|p2a: Pecharunt|Air Balloon
|move|p2a: Pecharunt|Malignant Chain|p1a: Lostelle
|-supereffective|p1a: Lostelle
|-damage|p1a: Lostelle|30/100
|
|-weather|none
|upkeep
|turn|9
|inactive|Mark_neon has 120 seconds left.
|c|☆victory 4 u|kingambit wins
|
|t:|1759014762
|switch|p1a: Hero|Tentacruel, M|100/100
|move|p2a: Pecharunt|Malignant Chain|p1a: Hero
|-resisted|p1a: Hero
|-damage|p1a: Hero|91/100
|
|-heal|p1a: Hero|97/100|[from] item: Leftovers
|upkeep
|turn|10
|
|t:|1759014772
|switch|p2a: Kingambit|Kingambit, M|100/100
|-activate|p2a: Kingambit|ability: Supreme Overlord
|-start|p2a: Kingambit|fallen3|[silent]
|move|p1a: Hero|Surf|p2a: Kingambit
|-damage|p2a: Kingambit|74/100
|
|-heal|p1a: Hero|100/100|[from] item: Leftovers
|upkeep
|turn|11
|inactive|victory 4 u has 120 seconds left.
|inactive|Mark_neon has 120 seconds left.
|
|t:|1759014800
|move|p1a: Hero|Surf|p2a: Kingambit
|-damage|p2a: Kingambit|47/100
|move|p2a: Kingambit|Swords Dance|p2a: Kingambit
|-boost|p2a: Kingambit|atk|2
|
|upkeep
|turn|12
|
|t:|1759014808
|move|p1a: Hero|Surf|p2a: Kingambit
|-damage|p2a: Kingambit|19/100
|move|p2a: Kingambit|Kowtow Cleave|p1a: Hero
|-damage|p1a: Hero|0 fnt
|faint|p1a: Hero
|
|upkeep
|inactive|victory 4 u has 120 seconds left.
|
|t:|1759014823
|switch|p1a: Lostelle|Ogerpon-Teal-Tera, F, tera:Grass|30/100
|-ability|p1a: Lostelle|Embody Aspect (Teal)|boost
|-boost|p1a: Lostelle|spe|1
|turn|13
|
|t:|1759014828
|move|p2a: Kingambit|Sucker Punch||[still]
|-fail|p2a: Kingambit
|move|p1a: Lostelle|Spikes|p2a: Kingambit
|-sidestart|p2: Mark_neon|Spikes
|
|upkeep
|turn|14
|
|t:|1759014836
|move|p1a: Lostelle|Spikes|p2a: Kingambit
|-sidestart|p2: Mark_neon|Spikes
|move|p2a: Kingambit|Iron Head|p1a: Lostelle
|-damage|p1a: Lostelle|0 fnt
|faint|p1a: Lostelle
|detailschange|p1: Lostelle|Ogerpon, F|[silent]
|
|upkeep
|
|t:|1759014843
|switch|p1a: Help|Meowstic, M|100/100
|turn|15
|
|t:|1759014847
|move|p1a: Help|Rain Dance|p1a: Help
|-weather|RainDance
|move|p2a: Kingambit|Sucker Punch||[still]
|-fail|p2a: Kingambit
|
|-weather|RainDance|[upkeep]
|upkeep
|turn|16
|
|t:|1759014853
|move|p1a: Help|Charm|p2a: Kingambit
|-hint|Since gen 7, Dark is immune to Prankster moves.
|-immune|p2a: Kingambit
|move|p2a: Kingambit|Iron Head|p1a: Help
|-damage|p1a: Help|0 fnt
|faint|p1a: Help
|
|-weather|RainDance|[upkeep]
|upkeep
|
|t:|1759014861
|switch|p1a: Basculegion|Basculegion-F, F|100/100
|turn|17
|
|t:|1759014865
|move|p2a: Kingambit|Sucker Punch|p1a: Basculegion
|-supereffective|p1a: Basculegion
|-damage|p1a: Basculegion|0 fnt
|faint|p1a: Basculegion
|
|-weather|RainDance|[upkeep]
|upkeep
|
|t:|1759014870
|switch|p1a: CALM|Regidrago|88/100
|turn|18
|
|t:|1759014873
|-terastallize|p2a: Kingambit|Dark
|move|p2a: Kingambit|Sucker Punch|p1a: CALM
|-crit|p1a: CALM
|-damage|p1a: CALM|0 fnt
|faint|p1a: CALM
|
|win|Mark_neon
|raw|victory 4 u's rating: 1168 &rarr; <strong>1147</strong><br />(-21 for losing)
|raw|Mark_neon's rating: 1218 &rarr; <strong>1239</strong><br />(+21 for winning)
|c|☆victory 4 u|gg
|c|☆Mark_neon|gg
|l|☆victory 4 u
|player|p1|
|l|☆Mark_neon
|player|p2|
