|j|☆cfyre
|j|☆fadedregal
|t:|1758921296
|gametype|singles
|player|p1|cfyre|169|1050
|player|p2|fadedregal|265|1019
|gen|9
|tier|[Gen 9] OU
|rated|
|rule|HP Percentage Mod: HP is shown in percentages
|rule|Endless Battle Clause: Forcing endless battles is banned
|rule|Species Clause: Limit one of each Pokémon
|rule|OHKO Clause: OHKO moves are banned
|rule|Evasion Items Clause: Evasion items are banned
|rule|Evasion Moves Clause: Evasion moves are banned
|rule|Evasion Abilities Clause: Evasion abilities are banned
|rule|Sleep Moves Clause: Sleep-inducing moves are banned
|clearpoke
|poke|p1|Kyurem|
|poke|p1|Primarina, M|
|poke|p1|Slowking-Galar, F|
|poke|p1|Coalossal, M|
|poke|p1|Meowscarada, F|
|poke|p1|Murkrow, M|
|poke|p2|Talonflame, F|
|poke|p2|Alomomola, F|
|poke|p2|Hatterene, F|
|poke|p2|Ogerpon-Wellspring, F|
|poke|p2|Great Tusk|
|poke|p2|Raging Bolt|
|teampreview
|
|t:|1758921309
|teamsize|p1|6
|teamsize|p2|6
|start
|switch|p1a: Chemical hazard|Slowking-Galar, F|100/100
|switch|p2a: Talonflame|Talonflame, F|100/100
|turn|1
|
|t:|1758921335
|move|p2a: Talonflame|Brave Bird|p1a: Chemical hazard
|-damage|p1a: Chemical hazard|31/100
|-damage|p2a: Talonflame|70/100|[from] Recoil
|move|p1a: Chemical hazard|Toxic Spikes|p2a: Talonflame
|-sidestart|p2: fadedregal|move: Toxic Spikes
|
|upkeep
|turn|2
|
|t:|1758921346
|switch|p2a: Great Tusk|Great Tusk|100/100
|-prepare|p1a: Chemical hazard|Chilly Reception|[premajor]
|move|p1a: Chemical hazard|Chilly Reception|p1a: Chemical hazard
|-weather|Snowscape
|
|t:|1758921376
|switch|p1a: Chilly guy|Kyurem, shiny|100/100|[from] Chilly Reception
|-ability|p1a: Chilly guy|Pressure
|
|-weather|Snowscape|[upkeep]
|upkeep
|turn|3
|
|t:|1758921390
|move|p2a: Great Tusk|Headlong Rush|p1a: Chilly guy
|-damage|p1a: Chilly guy|58/100
|-unboost|p2a: Great Tusk|def|1
|-unboost|p2a: Great Tusk|spd|1
|move|p1a: Chilly guy|Icicle Spear|p2a: Great Tusk
|-supereffective|p2a: Great Tusk
|-damage|p2a: Great Tusk|70/100
|-supereffective|p2a: Great Tusk
|-damage|p2a: Great Tusk|38/100
|-supereffective|p2a: Great Tusk
|-damage|p2a: Great Tusk|7/100
|-supereffective|p2a: Great Tusk
|-damage|p2a: Great Tusk|0 fnt
|faint|p2a: Great Tusk
|-end|p2a: Great Tusk|Protosynthesis|[silent]
|-hitcount|p2: Great Tusk|4
|
|-weather|Snowscape|[upkeep]
|upkeep
|
|t:|1758921411
|switch|p2a: Talonflame|Talonflame, F|70/100
|turn|4
|
|t:|1758921420
|switch|p1a: Coalossal|Coalossal, M, shiny|100/100
|move|p2a: Talonflame|U-turn|p1a: Coalossal
|-resisted|p1a: Coalossal
|-damage|p1a: Coalossal|93/100
|
|t:|1758921434
|switch|p2a: Alomomola|Alomomola, F|100/100|[from] U-turn
|-status|p2a: Alomomola|psn
|
|-weather|Snowscape|[upkeep]
|-damage|p2a: Alomomola|88/100 psn|[from] psn
|upkeep
|turn|5
|
|t:|1758921442
|move|p2a: Alomomola|Wish|p2a: Alomomola
|move|p1a: Coalossal|Iron Defense|p1a: Coalossal
|-boost|p1a: Coalossal|def|2
|
|-weather|Snowscape|[upkeep]
|-damage|p2a: Alomomola|76/100 psn|[from] psn
|upkeep
|turn|6
|
|t:|1758921451
|move|p2a: Alomomola|Flip Turn|p1a: Coalossal
|-supereffective|p1a: Coalossal
|-damage|p1a: Coalossal|73/100
|-ability|p1a: Coalossal|Steam Engine|boost
|-boost|p1a: Coalossal|spe|6
|inactive|Battle timer is ON: inactive players will automatically lose when time's up. (requested by cfyre)
|
|t:|1758921491
|switch|p2a: Talonflame|Talonflame, F|70/100|[from] Flip Turn
|move|p1a: Coalossal|Iron Defense|p1a: Coalossal
|-boost|p1a: Coalossal|def|2
|
|-weather|Snowscape|[upkeep]
|-heal|p2a: Talonflame|100/100|[from] move: Wish|[wisher] Alomomola
|upkeep
|turn|7
|
|t:|1758921507
|move|p2a: Talonflame|Brave Bird|p1a: Coalossal
|-resisted|p1a: Coalossal
|-damage|p1a: Coalossal|67/100
|-damage|p2a: Talonflame|98/100|[from] Recoil
|move|p1a: Coalossal|Meteor Beam||[still]
|-prepare|p1a: Coalossal|Meteor Beam
|-boost|p1a: Coalossal|spa|1
|
|-weather|Snowscape|[upkeep]
|upkeep
|turn|8
|
|t:|1758921518
|switch|p2a: Alomomola|Alomomola, F|100/100 psn
|move|p1a: Coalossal|Meteor Beam|p2a: Alomomola|[from] lockedmove|[miss]
|-miss|p1a: Coalossal|p2a: Alomomola
|
|-weather|Snowscape|[upkeep]
|-damage|p2a: Alomomola|88/100 psn|[from] psn
|upkeep
|turn|9
|
|t:|1758921529
|move|p1a: Coalossal|Iron Defense|p1a: Coalossal
|-boost|p1a: Coalossal|def|2
|move|p2a: Alomomola|Flip Turn|p1a: Coalossal
|-supereffective|p1a: Coalossal
|-damage|p1a: Coalossal|57/100
|
|t:|1758921535
|switch|p2a: Ogerpon|Ogerpon-Wellspring, F|100/100|[from] Flip Turn
|-status|p2a: Ogerpon|psn
|
|-weather|none
|-damage|p2a: Ogerpon|88/100 psn|[from] psn
|upkeep
|turn|10
|
|t:|1758921545
|move|p1a: Coalossal|Body Press|p2a: Ogerpon
|-damage|p2a: Ogerpon|0 fnt
|faint|p2a: Ogerpon
|-damage|p1a: Coalossal|47/100|[from] item: Life Orb
|
|upkeep
|
|t:|1758921559
|switch|p2a: Raging Bolt|Raging Bolt|100/100
|-status|p2a: Raging Bolt|psn
|turn|11
|
|t:|1758921566
|move|p1a: Coalossal|Body Press|p2a: Raging Bolt
|-damage|p2a: Raging Bolt|0 fnt
|faint|p2a: Raging Bolt
|-end|p2a: Raging Bolt|Protosynthesis|[silent]
|-damage|p1a: Coalossal|37/100|[from] item: Life Orb
|
|upkeep
|-message|fadedregal forfeited.
|
|win|cfyre
|raw|cfyre's rating: 1050 &rarr; <strong>1080</strong><br />(+30 for winning)
|raw|fadedregal's rating: 1019 &rarr; <strong>1007</strong><br />(-12 for losing)
|l|☆fadedregal
|player|p2|
