|j|☆Borry VacuS
|j|☆pepepoopoop
|t:|1759039160
|gametype|singles
|player|p1|Borry VacuS|169|1323
|player|p2|pepepoopoop|266|1330
|gen|9
|tier|[Gen 9] OU
|rated|
|rule|HP Percentage Mod: HP is shown in percentages
|rule|Endless Battle Clause: Forcing endless battles is banned
|rule|Species Clause: Limit one of each Pokémon
|rule|OHKO Clause: OHKO moves are banned
|rule|Evasion Items Clause: Evasion items are banned
|rule|Evasion Moves Clause: Evasion moves are banned
|rule|Evasion Abilities Clause: Evasion abilities are banned
|rule|Sleep Moves Clause: Sleep-inducing moves are banned
|clearpoke
|poke|p1|Blaziken, M|
|poke|p1|Glimmora, F|
|poke|p1|Samurott-Hisui, M|
|poke|p1|Weavile, M|
|poke|p1|Corviknight, M|
|poke|p1|Slowking-Galar, F|
|poke|p2|Jolteon, F|
|poke|p2|Slowking-Galar, F|
|poke|p2|Great Tusk|
|poke|p2|Hydrapple, M|
|poke|p2|Kingambit, M|
|poke|p2|Moltres|
|teampreview
|inactive|Battle timer is ON: inactive players will automatically lose when time's up. (requested by Borry VacuS)
|
|t:|1759039180
|teamsize|p1|6
|teamsize|p2|6
|start
|switch|p1a: Glimmora|Glimmora, F|100/100
|switch|p2a: Great Tusk|Great Tusk|100/100
|turn|1
|
|t:|1759039195
|move|p1a: Glimmora|Earth Power|p2a: Great Tusk
|-damage|p2a: Great Tusk|61/100
|move|p2a: Great Tusk|Body Press|p1a: Glimmora
|-damage|p1a: Glimmora|45/100
|-activate|p1a: Glimmora|ability: Toxic Debris
|-sidestart|p2: pepepoopoop|move: Toxic Spikes
|
|upkeep
|turn|2
|
|t:|1759039207
|-end|p2a: Great Tusk|Protosynthesis|[silent]
|switch|p2a: Slowking|Slowking-Galar, F|100/100
|-sideend|p2: pepepoopoop|move: Toxic Spikes|[of] p2a: Slowking
|move|p1a: Glimmora|Earth Power|p2a: Slowking
|-supereffective|p2a: Slowking
|-damage|p2a: Slowking|64/100
|
|upkeep
|turn|3
|
|t:|1759039228
|move|p1a: Glimmora|Stealth Rock|p2a: Slowking
|-sidestart|p2: pepepoopoop|move: Stealth Rock
|move|p2a: Slowking|Psyshock|p1a: Glimmora
|-supereffective|p1a: Glimmora
|-damage|p1a: Glimmora|0 fnt
|faint|p1a: Glimmora
|
|upkeep
|
|t:|1759039232
|switch|p1a: Samurott|Samurott-Hisui, M|100/100
|turn|4
|
|t:|1759039246
|switch|p2a: Hydrapple|Hydrapple, M|100/100
|move|p1a: Samurott|Ceaseless Edge|p2a: Hydrapple
|-damage|p2a: Hydrapple|73/100
|-sidestart|p2: pepepoopoop|Spikes
|
|upkeep
|turn|5
|
|t:|1759039259
|switch|p1a: Blaziken|Blaziken, M|100/100
|move|p2a: Hydrapple|Fickle Beam|p1a: Blaziken
|-damage|p1a: Blaziken|48/100
|
|upkeep
|turn|6
|
|t:|1759039268
|switch|p2a: Great Tusk|Great Tusk|61/100
|-damage|p2a: Great Tusk|58/100|[from] Stealth Rock
|-damage|p2a: Great Tusk|46/100|[from] Spikes
|move|p1a: Blaziken|Focus Energy|p1a: Blaziken
|-start|p1a: Blaziken|move: Focus Energy
|
|-ability|p1a: Blaziken|Speed Boost|boost
|-boost|p1a: Blaziken|spe|1
|upkeep
|turn|7
|
|t:|1759039277
|move|p1a: Blaziken|Overheat|p2a: Great Tusk
|-crit|p2a: Great Tusk
|-damage|p2a: Great Tusk|0 fnt
|-unboost|p1a: Blaziken|spa|2
|faint|p2a: Great Tusk
|-end|p2a: Great Tusk|Protosynthesis|[silent]
|
|-ability|p1a: Blaziken|Speed Boost|boost
|-boost|p1a: Blaziken|spe|1
|upkeep
|c|☆pepepoopoop|overheat whaat
|c|☆pepepoopoop|youre crazy
|
|t:|1759039295
|switch|p2a: Jolteon|Jolteon, F|100/100
|turn|8
|
|t:|1759039302
|-terastallize|p1a: Blaziken|Fire
|move|p1a: Blaziken|Overheat|p2a: Jolteon
|-crit|p2a: Jolteon
|-damage|p2a: Jolteon|0 fnt
|-unboost|p1a: Blaziken|spa|2
|faint|p2a: Jolteon
|
|-ability|p1a: Blaziken|Speed Boost|boost
|-boost|p1a: Blaziken|spe|1
|upkeep
|c|☆pepepoopoop|i forgot you had speed boosts
|c|☆pepepoopoop|noooooo
|
|t:|1759039323
|switch|p2a: Slowking|Slowking-Galar, F|98/100
|-damage|p2a: Slowking|85/100|[from] Stealth Rock
|-damage|p2a: Slowking|73/100|[from] Spikes
|turn|9
|
|t:|1759039329
|move|p1a: Blaziken|Overheat|p2a: Slowking
|-crit|p2a: Slowking
|-damage|p2a: Slowking|0 fnt
|-unboost|p1a: Blaziken|spa|2
|faint|p2a: Slowking
|
|-ability|p1a: Blaziken|Speed Boost|boost
|-boost|p1a: Blaziken|spe|1
|upkeep
|c|☆pepepoopoop|i think i lost
|
|t:|1759039335
|switch|p2a: Moltres|Moltres|100/100
|turn|10
|
|t:|1759039339
|move|p1a: Blaziken|Overheat|p2a: Moltres
|-resisted|p2a: Moltres
|-crit|p2a: Moltres
|-damage|p2a: Moltres|42/100
|move|p2a: Moltres|Scorching Sands|p1a: Blaziken
|-supereffective|p1a: Blaziken
|-damage|p1a: Blaziken|0 fnt
|faint|p1a: Blaziken
|
|upkeep
|c|☆pepepoopoop|crazy
|
|t:|1759039346
|switch|p1a: Samurott|Samurott-Hisui, M|100/100
|turn|11
|
|t:|1759039354
|move|p1a: Samurott|Aqua Cutter|p2a: Moltres
|-supereffective|p2a: Moltres
|-crit|p2a: Moltres
|-damage|p2a: Moltres|0 fnt
|faint|p2a: Moltres
|
|upkeep
|
|t:|1759039359
|switch|p2a: Hydrapple|Hydrapple, M|100/100
|turn|12
|
|t:|1759039362
|switch|p1a: Corviknight|Corviknight, M|100/100
|-ability|p1a: Corviknight|Pressure
|move|p2a: Hydrapple|Nasty Plot|p2a: Hydrapple
|-boost|p2a: Hydrapple|spa|2
|
|upkeep
|turn|13
|
|t:|1759039368
|-terastallize|p2a: Hydrapple|Poison
|move|p1a: Corviknight|Brave Bird|p2a: Hydrapple
|-damage|p2a: Hydrapple|80/100
|-damage|p1a: Corviknight|93/100|[from] Recoil
|move|p2a: Hydrapple|Fickle Beam|p1a: Corviknight
|-resisted|p1a: Corviknight
|-damage|p1a: Corviknight|64/100
|
|-heal|p1a: Corviknight|70/100|[from] item: Leftovers
|upkeep
|turn|14
|
|t:|1759039375
|move|p1a: Corviknight|Brave Bird|p2a: Hydrapple
|-damage|p2a: Hydrapple|58/100
|-damage|p1a: Corviknight|62/100|[from] Recoil
|move|p2a: Hydrapple|Fickle Beam|p1a: Corviknight
|-resisted|p1a: Corviknight
|-damage|p1a: Corviknight|30/100
|
|-heal|p1a: Corviknight|36/100|[from] item: Leftovers
|upkeep
|turn|15
|
|t:|1759039382
|move|p1a: Corviknight|Brave Bird|p2a: Hydrapple
|-damage|p2a: Hydrapple|38/100
|-damage|p1a: Corviknight|29/100|[from] Recoil
|move|p2a: Hydrapple|Earth Power|p1a: Corviknight
|-immune|p1a: Corviknight
|
|-heal|p1a: Corviknight|36/100|[from] item: Leftovers
|upkeep
|turn|16
|
|t:|1759039384
|move|p1a: Corviknight|Brave Bird|p2a: Hydrapple
|-damage|p2a: Hydrapple|17/100
|-damage|p1a: Corviknight|28/100|[from] Recoil
|move|p2a: Hydrapple|Fickle Beam|p1a: Corviknight
|-resisted|p1a: Corviknight
|-damage|p1a: Corviknight|0 fnt
|faint|p1a: Corviknight
|
|upkeep
|
|t:|1759039387
|switch|p1a: Weavile|Weavile, M|100/100
|-ability|p1a: Weavile|Pressure
|turn|17
|
|t:|1759039392
|move|p1a: Weavile|Triple Axel|p2a: Hydrapple
|-damage|p2a: Hydrapple|12/100
|-damage|p2a: Hydrapple|0 fnt
|faint|p2a: Hydrapple
|-hitcount|p2: Hydrapple|2
|
|upkeep
|
|t:|1759039395
|switch|p2a: Kingambit|Kingambit, M, shiny|100/100
|-damage|p2a: Kingambit|94/100|[from] Stealth Rock
|-damage|p2a: Kingambit|82/100|[from] Spikes
|-activate|p2a: Kingambit|ability: Supreme Overlord
|-start|p2a: Kingambit|fallen5|[silent]
|turn|18
|
|t:|1759039398
|move|p1a: Weavile|Low Kick|p2a: Kingambit
|-supereffective|p2a: Kingambit
|-damage|p2a: Kingambit|0 fnt
|faint|p2a: Kingambit
|-end|p2a: Kingambit|fallen5|[silent]
|
|win|Borry VacuS
|raw|Borry VacuS's rating: 1323 &rarr; <strong>1343</strong><br />(+20 for winning)
|raw|pepepoopoop's rating: 1330 &rarr; <strong>1310</strong><br />(-20 for losing)
|c|☆pepepoopoop|gg
|l|☆Borry VacuS
|player|p1|
|l|☆pepepoopoop
|player|p2|
