|j|☆Doomingo
|j|☆Achyuth2008
|t:|1759062107
|gametype|singles
|player|p1|Doomingo|1|1321
|player|p2|Achyuth2008|lucas|1312
|gen|9
|tier|[Gen 9] OU
|rated|
|rule|HP Percentage Mod: HP is shown in percentages
|rule|Endless Battle Clause: Forcing endless battles is banned
|rule|Species Clause: Limit one of each Pokémon
|rule|OHKO Clause: OHKO moves are banned
|rule|Evasion Items Clause: Evasion items are banned
|rule|Evasion Moves Clause: Evasion moves are banned
|rule|Evasion Abilities Clause: Evasion abilities are banned
|rule|Sleep Moves Clause: Sleep-inducing moves are banned
|clearpoke
|poke|p1|Tyranitar, F|
|poke|p1|Sinistcha|
|poke|p1|Comfey, F|
|poke|p1|Bellibolt, F|
|poke|p1|Mamoswine, M|
|poke|p1|Scizor, F|
|poke|p2|Dragonite, F|
|poke|p2|Clefable, F|
|poke|p2|Corviknight, M|
|poke|p2|Iron Moth|
|poke|p2|Ogerpon-Wellspring, F|
|poke|p2|Darkrai|
|teampreview
|inactive|Battle timer is ON: inactive players will automatically lose when time's up. (requested by Achyuth2008)
|inactive|Achyuth2008 has 120 seconds left.
|
|t:|1759062157
|teamsize|p1|6
|teamsize|p2|6
|start
|switch|p1a: Mr. Big|Tyranitar, F|100/100
|switch|p2a: Corviknight|Corviknight, M, shiny|100/100
|-ability|p2a: Corviknight|Pressure
|-weather|Sandstorm|[from] ability: Sand Stream|[of] p1a: Mr. Big
|turn|1
|
|t:|1759062165
|move|p2a: Corviknight|Body Press|p1a: Mr. Big
|-supereffective|p1a: Mr. Big
|-damage|p1a: Mr. Big|13/100
|move|p1a: Mr. Big|Knock Off|p2a: Corviknight
|-damage|p2a: Corviknight|72/100
|-damage|p1a: Mr. Big|0 fnt|[from] item: Rocky Helmet|[of] p2a: Corviknight
|faint|p1a: Mr. Big
|
|-weather|Sandstorm|[upkeep]
|upkeep
|
|t:|1759062174
|switch|p1a: Glut|Bellibolt, F|100/100
|turn|2
|
|t:|1759062191
|move|p2a: Corviknight|Body Press|p1a: Glut
|-damage|p1a: Glut|77/100
|-start|p1a: Glut|Charge|Body Press|[from] ability: Electromorphosis
|move|p1a: Glut|Soak|p2a: Corviknight
|-start|p2a: Corviknight|typechange|Water
|
|-weather|Sandstorm|[upkeep]
|-damage|p2a: Corviknight|66/100|[from] Sandstorm
|-damage|p1a: Glut|71/100|[from] Sandstorm
|upkeep
|turn|3
|
|t:|1759062215
|move|p2a: Corviknight|U-turn|p1a: Glut
|-damage|p1a: Glut|57/100
|-start|p1a: Glut|Charge|U-turn|[from] ability: Electromorphosis
|
|t:|1759062219
|switch|p2a: Clefable|Clefable, F|100/100|[from] U-turn
|move|p1a: Glut|Parabolic Charge|p2a: Clefable
|-damage|p2a: Clefable|37/100
|-heal|p1a: Glut|88/100|[from] drain|[of] p2a: Clefable
|-end|p1a: Glut|Charge|[silent]
|
|-weather|Sandstorm|[upkeep]
|-damage|p1a: Glut|82/100|[from] Sandstorm
|upkeep
|turn|4
|inactive|Achyuth2008 has 120 seconds left.
|
|t:|1759062261
|move|p2a: Clefable|Moonlight|p2a: Clefable
|-heal|p2a: Clefable|61/100
|move|p1a: Glut|Toxic|p2a: Clefable
|-status|p2a: Clefable|tox
|
|-weather|Sandstorm|[upkeep]
|-damage|p1a: Glut|76/100|[from] Sandstorm
|upkeep
|turn|5
|
|t:|1759062278
|switch|p1a: Buzz|Scizor, F|100/100
|move|p2a: Clefable|Moonblast|p1a: Buzz
|-resisted|p1a: Buzz
|-damage|p1a: Buzz|77/100
|-unboost|p1a: Buzz|spa|1
|
|-weather|none
|-heal|p1a: Buzz|83/100|[from] item: Leftovers
|upkeep
|turn|6
|
|t:|1759062289
|switch|p2a: Corviknight|Corviknight, M, shiny|66/100
|-ability|p2a: Corviknight|Pressure
|move|p1a: Buzz|U-turn|p2a: Corviknight
|-resisted|p2a: Corviknight
|-damage|p2a: Corviknight|62/100
|-damage|p1a: Buzz|66/100|[from] item: Rocky Helmet|[of] p2a: Corviknight
|inactive|Doomingo has 120 seconds left.
|
|t:|1759062316
|switch|p1a: Glut|Bellibolt, F|76/100|[from] U-turn
|
|upkeep
|turn|7
|inactive|Doomingo has 120 seconds left.
|
|t:|1759062338
|move|p2a: Corviknight|Roost|p2a: Corviknight
|-heal|p2a: Corviknight|100/100
|-singleturn|p2a: Corviknight|move: Roost
|move|p1a: Glut|Toxic|p2a: Corviknight
|-immune|p2a: Corviknight
|
|upkeep
|turn|8
|inactive|Doomingo has 120 seconds left.
|
|t:|1759062353
|switch|p2a: Clefable|Clefable, F|61/100 tox
|move|p1a: Glut|Parabolic Charge|p2a: Clefable
|-damage|p2a: Clefable|34/100 tox
|-heal|p1a: Glut|90/100|[from] drain|[of] p2a: Clefable
|
|upkeep
|turn|9
|inactive|Doomingo has 120 seconds left.
|
|t:|1759062365
|switch|p1a: Buzz|Scizor, F|66/100
|move|p2a: Clefable|Moonlight|p2a: Clefable
|-heal|p2a: Clefable|84/100 tox
|
|-heal|p1a: Buzz|72/100|[from] item: Leftovers
|upkeep
|turn|10
|
|t:|1759062376
|move|p1a: Buzz|U-turn|p2a: Clefable
|-resisted|p2a: Clefable
|-damage|p2a: Clefable|68/100 tox
|
|t:|1759062386
|switch|p1a: Ring A Round|Comfey, F|100/100|[from] U-turn
|move|p2a: Clefable|Fire Blast|p1a: Ring A Round
|-damage|p1a: Ring A Round|52/100
|
|upkeep
|turn|11
|inactive|Achyuth2008 has 90 seconds left.
|
|t:|1759062427
|move|p1a: Ring A Round|Calm Mind|p1a: Ring A Round
|-boost|p1a: Ring A Round|spa|1
|-boost|p1a: Ring A Round|spd|1
|move|p2a: Clefable|Moonblast|p1a: Ring A Round
|-damage|p1a: Ring A Round|14/100
|
|upkeep
|turn|12
|inactive|Doomingo has 120 seconds left.
|
|t:|1759062456
|move|p1a: Ring A Round|Synthesis|p1a: Ring A Round
|-heal|p1a: Ring A Round|64/100
|move|p2a: Clefable|Moonblast|p1a: Ring A Round
|-crit|p1a: Ring A Round
|-damage|p1a: Ring A Round|0 fnt
|faint|p1a: Ring A Round
|
|upkeep
|inactive|Doomingo has 120 seconds left.
|
|t:|1759062466
|switch|p1a: Mastodown!|Mamoswine, M, shiny|100/100
|turn|13
|inactive|Achyuth2008 has 90 seconds left.
|
|t:|1759062495
|move|p1a: Mastodown!|Icicle Crash|p2a: Clefable
|-damage|p2a: Clefable|9/100 tox
|move|p2a: Clefable|Fire Blast|p1a: Mastodown!
|-supereffective|p1a: Mastodown!
|-damage|p1a: Mastodown!|43/100
|-enditem|p1a: Mastodown!|Weakness Policy
|-boost|p1a: Mastodown!|atk|2|[from] item: Weakness Policy
|-boost|p1a: Mastodown!|spa|2|[from] item: Weakness Policy
|
|upkeep
|turn|14
|
|t:|1759062506
|move|p1a: Mastodown!|Trailblaze|p2a: Clefable
|-damage|p2a: Clefable|0 fnt
|-boost|p1a: Mastodown!|spe|1
|faint|p2a: Clefable
|
|upkeep
|inactive|Achyuth2008 has 60 seconds left.
|inactive|Achyuth2008 has 30 seconds left.
|inactive|Achyuth2008 has 20 seconds left.
|inactive|Achyuth2008 has 15 seconds left.
|
|t:|1759062569
|switch|p2a: Darkrai|Darkrai, shiny|100/100
|turn|15
|inactive|Achyuth2008 has 25 seconds left this turn.
|
|t:|1759062582
|move|p2a: Darkrai|Dark Pulse|p1a: Mastodown!
|-damage|p1a: Mastodown!|0 fnt
|faint|p1a: Mastodown!
|
|upkeep
|
|t:|1759062588
|switch|p1a: Glut|Bellibolt, F|90/100
|turn|16
|
|t:|1759062596
|move|p2a: Darkrai|Dark Pulse|p1a: Glut
|-damage|p1a: Glut|51/100
|-start|p1a: Glut|Charge|Dark Pulse|[from] ability: Electromorphosis
|move|p1a: Glut|Soak|p2a: Darkrai
|-start|p2a: Darkrai|typechange|Water
|
|upkeep
|turn|17
|
|t:|1759062608
|switch|p2a: Dragonite|Dragonite, F, shiny|100/100
|move|p1a: Glut|Parabolic Charge|p2a: Dragonite
|-damage|p2a: Dragonite|67/100
|-heal|p1a: Glut|64/100|[from] drain|[of] p2a: Dragonite
|-end|p1a: Glut|Charge|[silent]
|
|upkeep
|turn|18
|
|t:|1759062615
|move|p2a: Dragonite|Earthquake|p1a: Glut
|-supereffective|p1a: Glut
|-enditem|p1a: Glut|Shuca Berry|[eat]
|-enditem|p1a: Glut|Shuca Berry|[weaken]
|-damage|p1a: Glut|26/100
|-start|p1a: Glut|Charge|Earthquake|[from] ability: Electromorphosis
|move|p1a: Glut|Parabolic Charge|p2a: Dragonite
|-damage|p2a: Dragonite|5/100
|-heal|p1a: Glut|51/100|[from] drain|[of] p2a: Dragonite
|-end|p1a: Glut|Charge|[silent]
|
|upkeep
|turn|19
|
|t:|1759062622
|switch|p1a: Charla|Sinistcha|100/100
|move|p2a: Dragonite|Earthquake|p1a: Charla
|-resisted|p1a: Charla
|-damage|p1a: Charla|83/100
|
|upkeep
|turn|20
|
|t:|1759062630
|move|p2a: Dragonite|Ice Spinner|p1a: Charla
|-supereffective|p1a: Charla
|-damage|p1a: Charla|22/100
|move|p1a: Charla|Calm Mind|p1a: Charla
|-boost|p1a: Charla|spa|1
|-boost|p1a: Charla|spd|1
|
|upkeep
|turn|21
|
|t:|1759062635
|-terastallize|p1a: Charla|Fire
|move|p2a: Dragonite|Ice Spinner|p1a: Charla
|-resisted|p1a: Charla
|-damage|p1a: Charla|8/100
|move|p1a: Charla|Strength Sap|p2a: Dragonite
|-unboost|p2a: Dragonite|atk|1
|-heal|p1a: Charla|100/100
|
|upkeep
|turn|22
|inactive|Achyuth2008 has 60 seconds left.
|
|t:|1759062645
|move|p2a: Dragonite|Earthquake|p1a: Charla
|-supereffective|p1a: Charla
|-damage|p1a: Charla|50/100
|move|p1a: Charla|Calm Mind|p1a: Charla
|-boost|p1a: Charla|spa|1
|-boost|p1a: Charla|spd|1
|
|upkeep
|turn|23
|
|t:|1759062651
|move|p2a: Dragonite|Earthquake|p1a: Charla
|-supereffective|p1a: Charla
|-damage|p1a: Charla|5/100
|move|p1a: Charla|Strength Sap|p2a: Dragonite
|-unboost|p2a: Dragonite|atk|1
|-heal|p1a: Charla|100/100
|
|upkeep
|turn|24
|
|t:|1759062657
|switch|p2a: Corviknight|Corviknight, M, shiny|100/100
|-ability|p2a: Corviknight|Pressure
|move|p1a: Charla|Strength Sap|p2a: Corviknight
|-unboost|p2a: Corviknight|atk|1
|
|upkeep
|turn|25
|
|t:|1759062665
|move|p1a: Charla|Shadow Ball|p2a: Corviknight
|-damage|p2a: Corviknight|18/100
|move|p2a: Corviknight|U-turn|p1a: Charla
|-resisted|p1a: Charla
|-damage|p1a: Charla|96/100
|
|t:|1759062669
|switch|p2a: Dragonite|Dragonite, F, shiny|5/100|[from] U-turn
|
|upkeep
|turn|26
|
|t:|1759062673
|move|p2a: Dragonite|Earthquake|p1a: Charla
|-supereffective|p1a: Charla
|-damage|p1a: Charla|22/100
|move|p1a: Charla|Strength Sap|p2a: Dragonite
|-unboost|p2a: Dragonite|atk|1
|-heal|p1a: Charla|100/100
|
|upkeep
|turn|27
|inactive|Achyuth2008 has 90 seconds left.
|
|t:|1759062683
|move|p2a: Dragonite|Dragon Dance|p2a: Dragonite
|-boost|p2a: Dragonite|atk|1
|-boost|p2a: Dragonite|spe|1
|move|p1a: Charla|Strength Sap|p2a: Dragonite
|-unboost|p2a: Dragonite|atk|1
|
|upkeep
|turn|28
|inactive|Achyuth2008 has 90 seconds left.
|
|t:|1759062696
|move|p2a: Dragonite|Earthquake|p1a: Charla
|-supereffective|p1a: Charla
|-crit|p1a: Charla
|-damage|p1a: Charla|0 fnt
|faint|p1a: Charla
|
|upkeep
|
|t:|1759062701
|switch|p1a: Buzz|Scizor, F|72/100
|turn|29
|
|t:|1759062706
|move|p2a: Dragonite|Extreme Speed|p1a: Buzz
|-resisted|p1a: Buzz
|-damage|p1a: Buzz|63/100
|move|p1a: Buzz|Tailwind|p1a: Buzz
|-sidestart|p1: Doomingo|move: Tailwind
|
|-heal|p1a: Buzz|69/100|[from] item: Leftovers
|upkeep
|turn|30
|
|t:|1759062712
|move|p2a: Dragonite|Earthquake|p1a: Buzz
|-damage|p1a: Buzz|45/100
|move|p1a: Buzz|U-turn|p2a: Dragonite
|-resisted|p2a: Dragonite
|-damage|p2a: Dragonite|0 fnt
|faint|p2a: Dragonite
|
|t:|1759062715
|switch|p1a: Glut|Bellibolt, F|51/100|[from] U-turn
|
|upkeep
|
|t:|1759062725
|switch|p2a: Corviknight|Corviknight, M, shiny|18/100
|-ability|p2a: Corviknight|Pressure
|turn|31
|inactive|Achyuth2008 has 120 seconds left.
|
|t:|1759062730
|move|p1a: Glut|Parabolic Charge|p2a: Corviknight
|-supereffective|p2a: Corviknight
|-damage|p2a: Corviknight|0 fnt
|-heal|p1a: Glut|60/100|[from] drain|[of] p2a: Corviknight
|faint|p2a: Corviknight
|
|upkeep
|inactive|Achyuth2008 has 120 seconds left.
|
|t:|1759062743
|switch|p2a: Iron Moth|Iron Moth|100/100
|-enditem|p2a: Iron Moth|Booster Energy
|-activate|p2a: Iron Moth|ability: Quark Drive|[fromitem]
|-start|p2a: Iron Moth|quarkdrivespa
|turn|32
|inactive|Achyuth2008 has 120 seconds left.
|
|t:|1759062757
|-terastallize|p2a: Iron Moth|Ground
|move|p2a: Iron Moth|Tera Blast|p1a: Glut|[anim] Tera Blast Ground
|-supereffective|p1a: Glut
|-damage|p1a: Glut|0 fnt
|faint|p1a: Glut
|
|-sideend|p1: Doomingo|move: Tailwind
|upkeep
|
|t:|1759062759
|switch|p1a: Buzz|Scizor, F|45/100
|turn|33
|c|☆Doomingo|gg
|
|t:|1759062764
|move|p1a: Buzz|Bullet Punch|p2a: Iron Moth
|-damage|p2a: Iron Moth|55/100
|move|p2a: Iron Moth|Tera Blast|p1a: Buzz|[anim] Tera Blast Ground
|-damage|p1a: Buzz|0 fnt
|faint|p1a: Buzz
|
|win|Achyuth2008
|raw|Doomingo's rating: 1321 &rarr; <strong>1300</strong><br />(-21 for losing)
|raw|Achyuth2008's rating: 1312 &rarr; <strong>1333</strong><br />(+21 for winning)
|l|☆Doomingo
|player|p1|
|l|☆Achyuth2008
|player|p2|
