|j|☆kingsnni
|j|☆Jzcool
|t:|1758979714
|gametype|singles
|player|p1|kingsnni|1|1103
|player|p2|Jzcool|mars|1138
|gen|9
|tier|[Gen 9] OU
|rated|
|rule|HP Percentage Mod: HP is shown in percentages
|rule|Endless Battle Clause: Forcing endless battles is banned
|rule|Species Clause: Limit one of each Pokémon
|rule|OHKO Clause: OHKO moves are banned
|rule|Evasion Items Clause: Evasion items are banned
|rule|Evasion Moves Clause: Evasion moves are banned
|rule|Evasion Abilities Clause: Evasion abilities are banned
|rule|Sleep Moves Clause: Sleep-inducing moves are banned
|clearpoke
|poke|p1|Shaymin|
|poke|p1|Kyurem|
|poke|p1|Tornadus, M|
|poke|p1|Chandelure, F|
|poke|p1|Zapdos|
|poke|p1|Gyarados, M|
|poke|p2|Ceruledge, M|
|poke|p2|Scizor, F|
|poke|p2|Dondozo, M|
|poke|p2|Blaziken, M|
|poke|p2|Raging Bolt|
|poke|p2|Great Tusk|
|teampreview
|
|t:|1758979738
|teamsize|p1|6
|teamsize|p2|6
|start
|switch|p1a: Zapdos|Zapdos, shiny|100/100
|switch|p2a: Kasane Teto|Scizor, F|100/100
|-ability|p1a: Zapdos|Pressure
|turn|1
|inactive|Battle timer is ON: inactive players will automatically lose when time's up. (requested by Jzcool)
|
|t:|1758979756
|move|p1a: Zapdos|Heat Wave|p2a: Kasane Teto
|-supereffective|p2a: Kasane Teto
|-damage|p2a: Kasane Teto|0 fnt
|faint|p2a: Kasane Teto
|
|upkeep
|
|t:|1758979761
|switch|p2a: Tusk Act 4|Great Tusk|100/100
|turn|2
|
|t:|1758979769
|move|p1a: Zapdos|Heat Wave|p2a: Tusk Act 4|[miss]
|-miss|p1a: Zapdos|p2a: Tusk Act 4
|move|p2a: Tusk Act 4|Stealth Rock|p1a: Zapdos
|-sidestart|p1: kingsnni|move: Stealth Rock
|
|upkeep
|turn|3
|
|t:|1758979791
|move|p1a: Zapdos|Heat Wave|p2a: Tusk Act 4
|-damage|p2a: Tusk Act 4|64/100
|move|p2a: Tusk Act 4|Ice Spinner|p1a: Zapdos
|-supereffective|p1a: Zapdos
|-damage|p1a: Zapdos|56/100
|
|upkeep
|turn|4
|
|t:|1758979798
|switch|p1a: Gyarados|Gyarados, M, shiny|100/100
|-damage|p1a: Gyarados|76/100|[from] Stealth Rock
|-ability|p1a: Gyarados|Intimidate|boost
|-unboost|p2a: Tusk Act 4|atk|1
|move|p2a: Tusk Act 4|Ice Spinner|p1a: Gyarados
|-damage|p1a: Gyarados|58/100
|
|upkeep
|turn|5
|
|t:|1758979807
|-end|p2a: Tusk Act 4|Protosynthesis|[silent]
|switch|p2a: Neru|Raging Bolt|100/100
|move|p1a: Gyarados|Waterfall|p2a: Neru
|-resisted|p2a: Neru
|-damage|p2a: Neru|77/100
|-damage|p1a: Gyarados|48/100|[from] item: Life Orb
|
|upkeep
|turn|6
|
|t:|1758979822
|move|p1a: Gyarados|Ice Beam|p2a: Neru
|-supereffective|p2a: Neru
|-damage|p2a: Neru|46/100
|-damage|p1a: Gyarados|39/100|[from] item: Life Orb
|move|p2a: Neru|Volt Switch|p1a: Gyarados
|-supereffective|p1a: Gyarados
|-damage|p1a: Gyarados|0 fnt
|faint|p1a: Gyarados
|
|t:|1758979832
|-end|p2a: Neru|Protosynthesis|[silent]
|switch|p2a: Silver Chariot|Ceruledge, M|100/100|[from] Volt Switch
|
|upkeep
|
|t:|1758979846
|switch|p1a: Chandelure|Chandelure, F, shiny|100/100
|-damage|p1a: Chandelure|76/100|[from] Stealth Rock
|turn|7
|
|t:|1758979851
|move|p2a: Silver Chariot|Swords Dance|p2a: Silver Chariot
|-boost|p2a: Silver Chariot|atk|2
|move|p1a: Chandelure|Shadow Ball|p2a: Silver Chariot
|-supereffective|p2a: Silver Chariot
|-enditem|p2a: Silver Chariot|Focus Sash
|-damage|p2a: Silver Chariot|1/100
|
|upkeep
|turn|8
|
|t:|1758979862
|move|p2a: Silver Chariot|Shadow Sneak|p1a: Chandelure
|-supereffective|p1a: Chandelure
|-damage|p1a: Chandelure|0 fnt
|faint|p1a: Chandelure
|
|upkeep
|
|t:|1758979877
|switch|p1a: Tornadus|Tornadus, M, shiny|100/100
|-damage|p1a: Tornadus|76/100|[from] Stealth Rock
|turn|9
|
|t:|1758979883
|move|p2a: Silver Chariot|Shadow Sneak|p1a: Tornadus
|-damage|p1a: Tornadus|21/100
|move|p1a: Tornadus|Hurricane|p2a: Silver Chariot
|-damage|p2a: Silver Chariot|0 fnt
|faint|p2a: Silver Chariot
|-damage|p1a: Tornadus|11/100|[from] item: Life Orb
|
|upkeep
|
|t:|1758979891
|switch|p2a: Neru|Raging Bolt|46/100
|turn|10
|
|t:|1758979901
|move|p1a: Tornadus|Hurricane|p2a: Neru
|-resisted|p2a: Neru
|-crit|p2a: Neru
|-damage|p2a: Neru|3/100
|-damage|p1a: Tornadus|1/100|[from] item: Life Orb
|move|p2a: Neru|Volt Switch|p1a: Tornadus
|-supereffective|p1a: Tornadus
|-damage|p1a: Tornadus|0 fnt
|faint|p1a: Tornadus
|
|t:|1758979911
|-end|p2a: Neru|Protosynthesis|[silent]
|switch|p2a: Tusk Act 4|Great Tusk|64/100|[from] Volt Switch
|
|upkeep
|
|t:|1758979916
|switch|p1a: Shaymin|Shaymin, shiny|100/100
|-damage|p1a: Shaymin|88/100|[from] Stealth Rock
|turn|11
|
|t:|1758979923
|move|p1a: Shaymin|Seed Flare|p2a: Tusk Act 4
|-supereffective|p2a: Tusk Act 4
|-damage|p2a: Tusk Act 4|0 fnt
|faint|p2a: Tusk Act 4
|-end|p2a: Tusk Act 4|Protosynthesis|[silent]
|
|upkeep
|
|t:|1758979929
|switch|p2a: Colonel Sanders|Blaziken, M|100/100
|turn|12
|
|t:|1758979934
|move|p1a: Shaymin|Seed Flare|p2a: Colonel Sanders
|-resisted|p2a: Colonel Sanders
|-damage|p2a: Colonel Sanders|64/100
|-unboost|p2a: Colonel Sanders|spd|2
|move|p2a: Colonel Sanders|Swords Dance|p2a: Colonel Sanders
|-boost|p2a: Colonel Sanders|atk|2
|
|-heal|p2a: Colonel Sanders|70/100|[from] item: Leftovers
|-ability|p2a: Colonel Sanders|Speed Boost|boost
|-boost|p2a: Colonel Sanders|spe|1
|upkeep
|turn|13
|
|t:|1758979946
|switch|p1a: Kyurem|Kyurem, shiny|100/100
|-ability|p1a: Kyurem|Pressure
|move|p2a: Colonel Sanders|Protect||[still]
|-fail|p2a: Colonel Sanders
|
|-heal|p2a: Colonel Sanders|76/100|[from] item: Leftovers
|-ability|p2a: Colonel Sanders|Speed Boost|boost
|-boost|p2a: Colonel Sanders|spe|1
|upkeep
|turn|14
|
|t:|1758979956
|move|p2a: Colonel Sanders|Close Combat|p1a: Kyurem
|-supereffective|p1a: Kyurem
|-damage|p1a: Kyurem|0 fnt
|-unboost|p2a: Colonel Sanders|def|1
|-unboost|p2a: Colonel Sanders|spd|1
|faint|p1a: Kyurem
|
|-heal|p2a: Colonel Sanders|82/100|[from] item: Leftovers
|-ability|p2a: Colonel Sanders|Speed Boost|boost
|-boost|p2a: Colonel Sanders|spe|1
|upkeep
|
|t:|1758979963
|switch|p1a: Zapdos|Zapdos, shiny|56/100
|-ability|p1a: Zapdos|Pressure
|turn|15
|inactive|kingsnni has 120 seconds left.
|
|t:|1758979997
|-terastallize|p1a: Zapdos|Flying
|move|p2a: Colonel Sanders|Protect|p2a: Colonel Sanders
|-singleturn|p2a: Colonel Sanders|Protect
|move|p1a: Zapdos|Roost|p1a: Zapdos
|-heal|p1a: Zapdos|100/100
|-hint|If a Terastallized Pokemon uses Roost, it remains Flying-type.
|
|-heal|p2a: Colonel Sanders|88/100|[from] item: Leftovers
|-ability|p2a: Colonel Sanders|Speed Boost|boost
|-boost|p2a: Colonel Sanders|spe|1
|upkeep
|turn|16
|inactive|kingsnni has 120 seconds left.
|
|t:|1758980008
|move|p2a: Colonel Sanders|Flare Blitz|p1a: Zapdos
|-damage|p1a: Zapdos|0 fnt
|faint|p1a: Zapdos
|-damage|p2a: Colonel Sanders|46/100|[from] Recoil
|
|-heal|p2a: Colonel Sanders|52/100|[from] item: Leftovers
|-ability|p2a: Colonel Sanders|Speed Boost|boost
|-boost|p2a: Colonel Sanders|spe|1
|upkeep
|inactive|kingsnni has 120 seconds left.
|
|t:|1758980017
|switch|p1a: Shaymin|Shaymin, shiny|88/100
|-damage|p1a: Shaymin|76/100|[from] Stealth Rock
|turn|17
|
|t:|1758980024
|move|p2a: Colonel Sanders|Protect|p2a: Colonel Sanders
|-singleturn|p2a: Colonel Sanders|Protect
|move|p1a: Shaymin|Earth Power|p2a: Colonel Sanders
|-activate|p2a: Colonel Sanders|move: Protect
|
|-heal|p2a: Colonel Sanders|58/100|[from] item: Leftovers
|-ability|p2a: Colonel Sanders|Speed Boost|boost
|-boost|p2a: Colonel Sanders|spe|1
|upkeep
|turn|18
|
|t:|1758980035
|-terastallize|p2a: Colonel Sanders|Fighting
|move|p2a: Colonel Sanders|Flare Blitz|p1a: Shaymin
|-supereffective|p1a: Shaymin
|-damage|p1a: Shaymin|0 fnt
|faint|p1a: Shaymin
|-damage|p2a: Colonel Sanders|30/100|[from] Recoil
|
|win|Jzcool
|raw|kingsnni's rating: 1103 &rarr; <strong>1081</strong><br />(-22 for losing)
|raw|Jzcool's rating: 1138 &rarr; <strong>1160</strong><br />(+22 for winning)
|c|☆Jzcool|gg
|l|☆kingsnni
|player|p1|
|l|☆Jzcool
|player|p2|
