|j|☆cockgirl
|j|☆sama25
|t:|1759063099
|gametype|singles
|player|p1|cockgirl|n|1190
|player|p2|sama25|ghetsis|1217
|gen|9
|tier|[Gen 9] OU
|rated|
|rule|HP Percentage Mod: HP is shown in percentages
|rule|Endless Battle Clause: Forcing endless battles is banned
|rule|Species Clause: Limit one of each Pokémon
|rule|OHKO Clause: OHKO moves are banned
|rule|Evasion Items Clause: Evasion items are banned
|rule|Evasion Moves Clause: Evasion moves are banned
|rule|Evasion Abilities Clause: Evasion abilities are banned
|rule|Sleep Moves Clause: Sleep-inducing moves are banned
|clearpoke
|poke|p1|Leavanny, M|
|poke|p1|Braviary-Hisui, M|
|poke|p1|Kingambit, F|
|poke|p1|Typhlosion-Hisui, M|
|poke|p1|Mew|
|poke|p1|Meowstic, M|
|poke|p2|Clefable, M|
|poke|p2|Reuniclus, F|
|poke|p2|Zapdos-Galar|
|poke|p2|Hydreigon, F|
|poke|p2|Rotom-Wash|
|poke|p2|Gliscor, M|
|teampreview
|inactive|Battle timer is ON: inactive players will automatically lose when time's up. (requested by sama25)
|
|t:|1759063117
|teamsize|p1|6
|teamsize|p2|6
|start
|switch|p1a: Mew|Mew, shiny|100/100
|switch|p2a: Gliscor|Gliscor, M|100/100
|turn|1
|
|t:|1759063127
|move|p2a: Gliscor|Protect|p2a: Gliscor
|-singleturn|p2a: Gliscor|Protect
|move|p1a: Mew|Toxic Spikes|p2a: Gliscor
|-sidestart|p2: sama25|move: Toxic Spikes
|
|-status|p2a: Gliscor|tox|[from] item: Toxic Orb
|upkeep
|turn|2
|
|t:|1759063133
|move|p1a: Mew|Will-O-Wisp||[still]
|-fail|p1a: Mew
|move|p2a: Gliscor|Swords Dance|p2a: Gliscor
|-boost|p2a: Gliscor|atk|2
|
|upkeep
|turn|3
|
|t:|1759063143
|move|p1a: Mew|Toxic Spikes|p2a: Gliscor
|-sidestart|p2: sama25|move: Toxic Spikes
|move|p2a: Gliscor|Swords Dance|p2a: Gliscor
|-boost|p2a: Gliscor|atk|2
|
|upkeep
|turn|4
|
|t:|1759063162
|move|p1a: Mew|Taunt|p2a: Gliscor
|-start|p2a: Gliscor|move: Taunt
|cant|p2a: Gliscor|move: Taunt|Swords Dance
|
|upkeep
|turn|5
|
|t:|1759063167
|move|p1a: Mew|U-turn|p2a: Gliscor
|-resisted|p2a: Gliscor
|-damage|p2a: Gliscor|95/100 tox
|
|t:|1759063173
|switch|p1a: Leavanny|Leavanny, M, shiny|100/100|[from] U-turn
|move|p2a: Gliscor|Knock Off|p1a: Leavanny
|-damage|p1a: Leavanny|0 fnt
|-enditem|p1a: Leavanny|Weakness Policy|[from] move: Knock Off|[of] p2a: Gliscor
|faint|p1a: Leavanny
|
|-heal|p2a: Gliscor|100/100 tox|[from] ability: Poison Heal
|upkeep
|
|t:|1759063177
|switch|p1a: Typhlosion|Typhlosion-Hisui, M, shiny|100/100
|turn|6
|
|t:|1759063186
|move|p1a: Typhlosion|Infernal Parade|p2a: Gliscor
|-damage|p2a: Gliscor|47/100 tox
|move|p2a: Gliscor|Knock Off|p1a: Typhlosion
|-supereffective|p1a: Typhlosion
|-damage|p1a: Typhlosion|0 fnt
|-enditem|p1a: Typhlosion|Choice Scarf|[from] move: Knock Off|[of] p2a: Gliscor
|faint|p1a: Typhlosion
|
|-heal|p2a: Gliscor|59/100 tox|[from] ability: Poison Heal
|-end|p2a: Gliscor|move: Taunt
|upkeep
|
|t:|1759063203
|switch|p1a: Meowstic|Meowstic, M, shiny|100/100
|turn|7
|
|t:|1759063211
|-terastallize|p1a: Meowstic|Stellar
|move|p2a: Gliscor|Protect|p2a: Gliscor
|-singleturn|p2a: Gliscor|Protect
|move|p1a: Meowstic|Fake Tears|p2a: Gliscor
|-activate|p2a: Gliscor|move: Protect
|
|-heal|p2a: Gliscor|72/100 tox|[from] ability: Poison Heal
|upkeep
|turn|8
|
|t:|1759063222
|move|p1a: Meowstic|Fake Tears|p2a: Gliscor
|-unboost|p2a: Gliscor|spd|2
|move|p2a: Gliscor|Knock Off|p1a: Meowstic
|-supereffective|p1a: Meowstic
|-damage|p1a: Meowstic|0 fnt
|-enditem|p1a: Meowstic|Life Orb|[from] move: Knock Off|[of] p2a: Gliscor
|faint|p1a: Meowstic
|
|-heal|p2a: Gliscor|84/100 tox|[from] ability: Poison Heal
|upkeep
|
|t:|1759063225
|switch|p1a: Braviary|Braviary-Hisui, M, shiny|100/100
|turn|9
|
|t:|1759063228
|-terastallize|p2a: Gliscor|Normal
|move|p2a: Gliscor|Knock Off|p1a: Braviary
|-supereffective|p1a: Braviary
|-damage|p1a: Braviary|0 fnt
|-enditem|p1a: Braviary|Life Orb|[from] move: Knock Off|[of] p2a: Gliscor
|faint|p1a: Braviary
|
|-heal|p2a: Gliscor|97/100 tox|[from] ability: Poison Heal
|upkeep
|-message|cockgirl forfeited.
|
|win|sama25
|raw|cockgirl's rating: 1190 &rarr; <strong>1167</strong><br />(-23 for losing)
|raw|sama25's rating: 1217 &rarr; <strong>1240</strong><br />(+23 for winning)
|l|☆cockgirl
|player|p1|
|l|☆sama25
|player|p2|
