|j|☆hydromissfocushit
|j|☆Princessjosie1001!
|t:|1758931568
|gametype|singles
|player|p1|hydromissfocushit|169|1394
|player|p2|Princessjosie1001!|nurse|1405
|gen|9
|tier|[Gen 9] OU
|rated|
|rule|HP Percentage Mod: HP is shown in percentages
|rule|Endless Battle Clause: Forcing endless battles is banned
|rule|Species Clause: Limit one of each Pokémon
|rule|OHKO Clause: OHKO moves are banned
|rule|Evasion Items Clause: Evasion items are banned
|rule|Evasion Moves Clause: Evasion moves are banned
|rule|Evasion Abilities Clause: Evasion abilities are banned
|rule|Sleep Moves Clause: Sleep-inducing moves are banned
|clearpoke
|poke|p1|Weezing-Galar, M|
|poke|p1|Gliscor, M|
|poke|p1|Weavile, M|
|poke|p1|Cinderace, M|
|poke|p1|Gholdengo|
|poke|p1|Enamorus, F|
|poke|p2|Yanmega, F|
|poke|p2|Cloyster, M|
|poke|p2|Salazzle, F|
|poke|p2|Espeon, F|
|poke|p2|Jirachi|
|poke|p2|Maushold-Four|
|teampreview
|inactive|Battle timer is ON: inactive players will automatically lose when time's up. (requested by Princessjosie1001!)
|
|t:|1758931587
|teamsize|p1|6
|teamsize|p2|6
|start
|switch|p1a: Gliscor|Gliscor, M|100/100
|switch|p2a: Jirachi|Jirachi|100/100
|turn|1
|
|t:|1758931594
|move|p1a: Gliscor|Protect|p1a: Gliscor
|-singleturn|p1a: Gliscor|Protect
|move|p2a: Jirachi|Body Slam|p1a: Gliscor
|-activate|p1a: Gliscor|move: Protect
|
|-status|p1a: Gliscor|tox|[from] item: Toxic Orb
|upkeep
|turn|2
|inactive|hydromissfocushit has 120 seconds left.
|
|t:|1758931639
|switch|p2a: Yanmega|Yanmega, F|100/100
|move|p1a: Gliscor|Swords Dance|p1a: Gliscor
|-boost|p1a: Gliscor|atk|2
|
|upkeep
|turn|3
|
|t:|1758931645
|move|p2a: Yanmega|Air Slash|p1a: Gliscor
|-damage|p1a: Gliscor|57/100 tox
|-damage|p2a: Yanmega|91/100|[from] item: Life Orb
|move|p1a: Gliscor|Facade|p2a: Yanmega
|-damage|p2a: Yanmega|11/100
|
|-heal|p1a: Gliscor|70/100 tox|[from] ability: Poison Heal
|-ability|p2a: Yanmega|Speed Boost|boost
|-boost|p2a: Yanmega|spe|1
|upkeep
|turn|4
|
|t:|1758931655
|move|p1a: Gliscor|Protect|p1a: Gliscor
|-singleturn|p1a: Gliscor|Protect
|move|p2a: Yanmega|Air Slash|p1a: Gliscor
|-activate|p1a: Gliscor|move: Protect
|
|-heal|p1a: Gliscor|82/100 tox|[from] ability: Poison Heal
|-ability|p2a: Yanmega|Speed Boost|boost
|-boost|p2a: Yanmega|spe|1
|upkeep
|turn|5
|
|t:|1758931663
|move|p2a: Yanmega|Air Slash|p1a: Gliscor
|-damage|p1a: Gliscor|38/100 tox
|-damage|p2a: Yanmega|1/100|[from] item: Life Orb
|cant|p1a: Gliscor|flinch
|
|-heal|p1a: Gliscor|50/100 tox|[from] ability: Poison Heal
|-ability|p2a: Yanmega|Speed Boost|boost
|-boost|p2a: Yanmega|spe|1
|upkeep
|turn|6
|
|t:|1758931671
|move|p1a: Gliscor|Protect|p1a: Gliscor
|-singleturn|p1a: Gliscor|Protect
|move|p2a: Yanmega|Air Slash|p1a: Gliscor
|-activate|p1a: Gliscor|move: Protect
|
|-heal|p1a: Gliscor|63/100 tox|[from] ability: Poison Heal
|-ability|p2a: Yanmega|Speed Boost|boost
|-boost|p2a: Yanmega|spe|1
|upkeep
|turn|7
|
|t:|1758931679
|move|p2a: Yanmega|Air Slash|p1a: Gliscor
|-damage|p1a: Gliscor|16/100 tox
|-damage|p2a: Yanmega|0 fnt|[from] item: Life Orb
|faint|p2a: Yanmega
|move|p1a: Gliscor|Swords Dance|p1a: Gliscor
|-boost|p1a: Gliscor|atk|2
|
|-heal|p1a: Gliscor|29/100 tox|[from] ability: Poison Heal
|upkeep
|
|t:|1758931687
|switch|p2a: Maushold|Maushold-Four|100/100
|turn|8
|
|t:|1758931691
|move|p2a: Maushold|Population Bomb|p1a: Gliscor
|-damage|p1a: Gliscor|19/100 tox
|-damage|p1a: Gliscor|10/100 tox
|-crit|p1a: Gliscor
|-damage|p1a: Gliscor|0 fnt
|faint|p1a: Gliscor
|-hitcount|p1: Gliscor|3
|
|upkeep
|
|t:|1758931706
|switch|p1a: Cinderace|Cinderace, M|100/100
|turn|9
|
|t:|1758931712
|switch|p2a: Salazzle|Salazzle, F|100/100
|move|p1a: Cinderace|Will-O-Wisp|p2a: Salazzle
|-immune|p2a: Salazzle
|
|upkeep
|turn|10
|
|t:|1758931718
|move|p1a: Cinderace|U-turn|p2a: Salazzle
|-resisted|p2a: Salazzle
|-damage|p2a: Salazzle|91/100
|
|t:|1758931726
|switch|p1a: Weavile|Weavile, M|100/100|[from] U-turn
|-ability|p1a: Weavile|Pressure
|move|p2a: Salazzle|Sludge Wave|p1a: Weavile
|-damage|p1a: Weavile|30/100
|
|upkeep
|turn|11
|
|t:|1758931733
|move|p1a: Weavile|Knock Off|p2a: Salazzle
|-damage|p2a: Salazzle|0 fnt
|-enditem|p2a: Salazzle|Focus Sash|[from] move: Knock Off|[of] p1a: Weavile
|faint|p2a: Salazzle
|-damage|p1a: Weavile|20/100|[from] item: Life Orb
|
|upkeep
|
|t:|1758931738
|switch|p2a: No hazard allowed|Espeon, F|100/100
|turn|12
|
|t:|1758931747
|switch|p1a: Cinderace|Cinderace, M|100/100
|move|p2a: No hazard allowed|Trick|p1a: Cinderace
|-activate|p2a: No hazard allowed|move: Trick|[of] p1a: Cinderace
|-item|p1a: Cinderace|Choice Scarf|[from] move: Trick
|-item|p2a: No hazard allowed|Heavy-Duty Boots|[from] move: Trick
|
|upkeep
|turn|13
|
|t:|1758931753
|move|p1a: Cinderace|U-turn|p2a: No hazard allowed
|-supereffective|p2a: No hazard allowed
|-damage|p2a: No hazard allowed|27/100
|
|t:|1758931757
|switch|p1a: Gholdengo|Gholdengo|100/100|[from] U-turn
|-item|p1a: Gholdengo|Air Balloon
|move|p2a: No hazard allowed|Thunder Wave|p1a: Gholdengo
|-immune|p1a: Gholdengo|[from] ability: Good as Gold
|
|upkeep
|turn|14
|
|t:|1758931765
|move|p2a: No hazard allowed|Shadow Ball|p1a: Gholdengo
|-supereffective|p1a: Gholdengo
|-damage|p1a: Gholdengo|38/100
|-unboost|p1a: Gholdengo|spd|1
|-enditem|p1a: Gholdengo|Air Balloon
|move|p1a: Gholdengo|Hex|p2a: No hazard allowed
|-supereffective|p2a: No hazard allowed
|-damage|p2a: No hazard allowed|0 fnt
|faint|p2a: No hazard allowed
|
|upkeep
|
|t:|1758931774
|switch|p2a: Maushold|Maushold-Four|100/100
|turn|15
|
|t:|1758931781
|move|p2a: Maushold|Tidy Up|p2a: Maushold
|-boost|p2a: Maushold|atk|1
|-boost|p2a: Maushold|spe|1
|move|p1a: Gholdengo|Thunder Wave|p2a: Maushold
|-status|p2a: Maushold|par
|
|upkeep
|turn|16
|
|t:|1758931787
|cant|p2a: Maushold|par
|move|p1a: Gholdengo|Make It Rain|p2a: Maushold
|-damage|p2a: Maushold|17/100 par
|-unboost|p1a: Gholdengo|spa|1
|
|upkeep
|turn|17
|
|t:|1758931793
|move|p2a: Maushold|Bite|p1a: Gholdengo
|-supereffective|p1a: Gholdengo
|-damage|p1a: Gholdengo|0 fnt
|faint|p1a: Gholdengo
|
|upkeep
|
|t:|1758931805
|switch|p1a: Weezing|Weezing-Galar, M|100/100
|-ability|p1a: Weezing|Neutralizing Gas
|turn|18
|
|t:|1758931809
|move|p2a: Maushold|Population Bomb|p1a: Weezing
|-damage|p1a: Weezing|92/100
|-damage|p1a: Weezing|85/100
|-damage|p1a: Weezing|77/100
|-damage|p1a: Weezing|69/100
|-damage|p1a: Weezing|61/100
|-damage|p1a: Weezing|52/100
|-damage|p1a: Weezing|45/100
|-damage|p1a: Weezing|37/100
|-hitcount|p1a: Weezing|8
|move|p1a: Weezing|Toxic Spikes|p2a: Maushold
|-sidestart|p2: Princessjosie1001!|move: Toxic Spikes
|
|upkeep
|turn|19
|
|t:|1758931823
|switch|p2a: Jirachi|Jirachi|100/100
|move|p1a: Weezing|Sludge Bomb|p2a: Jirachi
|-immune|p2a: Jirachi
|
|upkeep
|turn|20
|
|t:|1758931834
|switch|p2a: Maushold|Maushold-Four|17/100 par
|move|p1a: Weezing|Pain Split|p2a: Maushold
|-sethp|p2a: Maushold|30/100 par|[from] move: Pain Split|[silent]
|-sethp|p1a: Weezing|26/100|[from] move: Pain Split
|
|upkeep
|turn|21
|
|t:|1758931840
|move|p2a: Maushold|Tidy Up|p2a: Maushold
|-sideend|p2: Princessjosie1001!|Toxic Spikes
|-activate|p2a: Maushold|move: Tidy Up
|-boost|p2a: Maushold|atk|1
|-boost|p2a: Maushold|spe|1
|move|p1a: Weezing|Sludge Bomb|p2a: Maushold
|-damage|p2a: Maushold|0 fnt
|faint|p2a: Maushold
|
|upkeep
|
|t:|1758931848
|switch|p2a: Jirachi|Jirachi|100/100
|turn|22
|
|t:|1758931850
|move|p2a: Jirachi|Iron Head|p1a: Weezing
|-supereffective|p1a: Weezing
|-damage|p1a: Weezing|0 fnt
|faint|p1a: Weezing
|-end|p1a: Weezing|ability: Neutralizing Gas
|
|upkeep
|
|t:|1758931868
|switch|p1a: Cinderace|Cinderace, M|100/100
|turn|23
|
|t:|1758931871
|move|p1a: Cinderace|Will-O-Wisp|p2a: Jirachi
|-status|p2a: Jirachi|brn
|move|p2a: Jirachi|Iron Head|p1a: Cinderace
|-resisted|p1a: Cinderace
|-damage|p1a: Cinderace|88/100
|
|-damage|p2a: Jirachi|94/100 brn|[from] brn
|upkeep
|turn|24
|
|t:|1758931880
|switch|p1a: Weavile|Weavile, M|20/100
|-ability|p1a: Weavile|Pressure
|move|p2a: Jirachi|Iron Head|p1a: Weavile
|-supereffective|p1a: Weavile
|-damage|p1a: Weavile|0 fnt
|faint|p1a: Weavile
|
|-damage|p2a: Jirachi|88/100 brn|[from] brn
|upkeep
|
|t:|1758931887
|switch|p1a: Enamorus|Enamorus, F|100/100
|turn|25
|
|t:|1758931892
|-terastallize|p1a: Enamorus|Ground
|move|p2a: Jirachi|Iron Head|p1a: Enamorus
|-damage|p1a: Enamorus|68/100
|cant|p1a: Enamorus|flinch
|
|-heal|p1a: Enamorus|75/100|[from] item: Leftovers
|-damage|p2a: Jirachi|82/100 brn|[from] brn
|upkeep
|turn|26
|
|t:|1758931902
|move|p2a: Jirachi|Iron Head|p1a: Enamorus
|-damage|p1a: Enamorus|44/100
|cant|p1a: Enamorus|flinch
|
|-heal|p1a: Enamorus|51/100|[from] item: Leftovers
|-damage|p2a: Jirachi|76/100 brn|[from] brn
|upkeep
|turn|27
|
|t:|1758931909
|move|p2a: Jirachi|Iron Head|p1a: Enamorus
|-damage|p1a: Enamorus|23/100
|move|p1a: Enamorus|Earth Power|p2a: Jirachi
|-supereffective|p2a: Jirachi
|-damage|p2a: Jirachi|0 fnt
|faint|p2a: Jirachi
|
|-heal|p1a: Enamorus|29/100|[from] item: Leftovers
|upkeep
|
|t:|1758931917
|switch|p2a: Cloyster|Cloyster, M|100/100
|turn|28
|
|t:|1758931922
|move|p2a: Cloyster|Ice Shard|p1a: Enamorus
|-supereffective|p1a: Enamorus
|-damage|p1a: Enamorus|0 fnt
|faint|p1a: Enamorus
|
|upkeep
|
|t:|1758931924
|switch|p1a: Cinderace|Cinderace, M|88/100
|turn|29
|
|t:|1758931928
|move|p1a: Cinderace|Pyro Ball|p2a: Cloyster
|-damage|p2a: Cloyster|59/100
|move|p2a: Cloyster|Rock Blast|p1a: Cinderace
|-supereffective|p1a: Cinderace
|-damage|p1a: Cinderace|70/100
|-supereffective|p1a: Cinderace
|-damage|p1a: Cinderace|51/100
|-supereffective|p1a: Cinderace
|-damage|p1a: Cinderace|32/100
|-supereffective|p1a: Cinderace
|-damage|p1a: Cinderace|15/100
|-supereffective|p1a: Cinderace
|-crit|p1a: Cinderace
|-damage|p1a: Cinderace|0 fnt
|faint|p1a: Cinderace
|-hitcount|p1: Cinderace|5
|
|win|Princessjosie1001!
|raw|hydromissfocushit's rating: 1394 &rarr; <strong>1375</strong><br />(-19 for losing)
|raw|Princessjosie1001!'s rating: 1405 &rarr; <strong>1424</strong><br />(+19 for winning)
|l|☆hydromissfocushit
|player|p1|
|l|☆Princessjosie1001!
|player|p2|
