|badge|p2|bronze|gen9ou|100-6
|html|<div class="broadcast-red"><strong>This battle is required to be public due to one or more player having a season medal.</strong><br />During the public phase, you can discuss the state of the ladder <a href="/seasondiscussion">in a special chatroom.</a></div>
|uhtml|medal-msg|<div class="broadcast-blue">Curious what those medals under the avatar are? PS now has Ladder Seasons! For more information, check out the <a href="https://www.smogon.com/forums/threads/3740067/">thread on Smogon.</a></div>
|raw|<div class="broadcast-blue"><strong>This battle is required to be public due to a player having a name starting with 'medal'.</div>
|j|☆sentinental
|j|☆MunchlaxTheGodKing
|t:|1758984220
|gametype|singles
|player|p1|sentinental|blue-gen7|1801
|player|p2|MunchlaxTheGodKing|furisodegirl-black|1777
|gen|9
|tier|[Gen 9] OU
|rated|
|rule|HP Percentage Mod: HP is shown in percentages
|rule|Endless Battle Clause: Forcing endless battles is banned
|rule|Species Clause: Limit one of each Pokémon
|rule|OHKO Clause: OHKO moves are banned
|rule|Evasion Items Clause: Evasion items are banned
|rule|Evasion Moves Clause: Evasion moves are banned
|rule|Evasion Abilities Clause: Evasion abilities are banned
|rule|Sleep Moves Clause: Sleep-inducing moves are banned
|clearpoke
|poke|p1|Weavile, F|
|poke|p1|Primarina, F|
|poke|p1|Moltres|
|poke|p1|Great Tusk|
|poke|p1|Ting-Lu|
|poke|p1|Pecharunt|
|poke|p2|Zamazenta-*|
|poke|p2|Dragapult, M|
|poke|p2|Raging Bolt|
|poke|p2|Moltres|
|poke|p2|Iron Treads|
|poke|p2|Samurott-Hisui, F|
|teampreview
|inactive|Battle timer is ON: inactive players will automatically lose when time's up. (requested by MunchlaxTheGodKing)
|inactive|sentinental also wants the timer to be on.
|
|t:|1758984234
|teamsize|p1|6
|teamsize|p2|6
|start
|switch|p1a: Weavile|Weavile, F|100/100
|switch|p2a: 踩踩背|Iron Treads|100/100
|-ability|p1a: Weavile|Pressure
|turn|1
|j| Eqb07
|
|t:|1758984244
|-terastallize|p1a: Weavile|Ice
|move|p1a: Weavile|Triple Axel|p2a: 踩踩背
|-damage|p2a: 踩踩背|84/100
|-damage|p2a: 踩踩背|55/100
|-hitcount|p2a: 踩踩背|2
|move|p2a: 踩踩背|Knock Off|p1a: Weavile
|-damage|p1a: Weavile|59/100
|-enditem|p1a: Weavile|Choice Band|[from] move: Knock Off|[of] p2a: 踩踩背
|
|-heal|p2a: 踩踩背|61/100|[from] item: Leftovers
|upkeep
|turn|2
|j| 365 party girl
|j| Le Bouquetin
|inactive|MunchlaxTheGodKing has 120 seconds left.
|
|t:|1758984282
|-end|p2a: 踩踩背|Quark Drive|[silent]
|switch|p2a: 脑袋尖尖的|Zamazenta|100/100
|-ability|p2a: 脑袋尖尖的|Dauntless Shield|boost
|-boost|p2a: 脑袋尖尖的|def|1
|move|p1a: Weavile|Icicle Crash|p2a: 脑袋尖尖的
|-damage|p2a: 脑袋尖尖的|66/100
|
|upkeep
|turn|3
|
|t:|1758984297
|switch|p2a: 90%≠don't blunder|Samurott-Hisui, F|100/100
|switch|p1a: Pecharunt|Pecharunt|100/100
|
|upkeep
|turn|4
|
|t:|1758984304
|move|p2a: 90%≠don't blunder|Ceaseless Edge|p1a: Pecharunt
|-supereffective|p1a: Pecharunt
|-damage|p1a: Pecharunt|26/100
|-sidestart|p1: sentinental|Spikes
|move|p1a: Pecharunt|Malignant Chain|p2a: 90%≠don't blunder
|-damage|p2a: 90%≠don't blunder|51/100
|-status|p2a: 90%≠don't blunder|tox
|-start|p2a: 90%≠don't blunder|confusion|[from] ability: Poison Puppeteer|[of] p1a: Pecharunt
|
|-damage|p2a: 90%≠don't blunder|45/100 tox|[from] psn
|upkeep
|turn|5
|
|t:|1758984313
|switch|p2a: 24岁 喜欢发射孩子|Dragapult, M|100/100
|switch|p1a: Primarina|Primarina, F|100/100
|-damage|p1a: Primarina|88/100|[from] Spikes
|
|-heal|p1a: Primarina|94/100|[from] item: Leftovers
|upkeep
|turn|6
|
|t:|1758984321
|move|p2a: 24岁 喜欢发射孩子|U-turn|p1a: Primarina
|-resisted|p1a: Primarina
|-damage|p1a: Primarina|88/100
|
|t:|1758984323
|switch|p2a: 踩踩背|Iron Treads|61/100|[from] U-turn
|move|p1a: Primarina|Draining Kiss|p2a: 踩踩背
|-resisted|p2a: 踩踩背
|-damage|p2a: 踩踩背|52/100
|-heal|p1a: Primarina|94/100|[from] drain|[of] p2a: 踩踩背
|
|-heal|p2a: 踩踩背|58/100|[from] item: Leftovers
|-heal|p1a: Primarina|100/100|[from] item: Leftovers
|upkeep
|turn|7
|j| yizhuce风速狗皇
|
|t:|1758984329
|move|p2a: 踩踩背|Stealth Rock|p1a: Primarina
|-sidestart|p1: sentinental|move: Stealth Rock
|move|p1a: Primarina|Psychic Noise|p2a: 踩踩背
|-supereffective|p2a: 踩踩背
|-damage|p2a: 踩踩背|6/100
|-start|p2a: 踩踩背|move: Heal Block
|
|upkeep
|turn|8
|
|t:|1758984334
|move|p2a: 踩踩背|Knock Off|p1a: Primarina
|-resisted|p1a: Primarina
|-crit|p1a: Primarina
|-damage|p1a: Primarina|85/100
|-enditem|p1a: Primarina|Leftovers|[from] move: Knock Off|[of] p2a: 踩踩背
|move|p1a: Primarina|Draining Kiss|p2a: 踩踩背
|-resisted|p2a: 踩踩背
|-damage|p2a: 踩踩背|0 fnt
|-heal|p1a: Primarina|89/100|[from] drain|[of] p2a: 踩踩背
|faint|p2a: 踩踩背
|-end|p2a: 踩踩背|Quark Drive|[silent]
|
|upkeep
|
|t:|1758984354
|switch|p2a: 长脖奶龙|Raging Bolt|100/100
|turn|9
|
|t:|1758984357
|-end|p2a: 长脖奶龙|Protosynthesis|[silent]
|switch|p2a: 90%≠don't blunder|Samurott-Hisui, F|45/100 tox
|switch|p1a: Ting-Lu|Ting-Lu|100/100
|-damage|p1a: Ting-Lu|88/100|[from] Spikes
|-damage|p1a: Ting-Lu|82/100|[from] Stealth Rock
|-ability|p1a: Ting-Lu|Vessel of Ruin
|
|-heal|p1a: Ting-Lu|88/100|[from] item: Leftovers
|-damage|p2a: 90%≠don't blunder|39/100 tox|[from] psn
|upkeep
|turn|10
|
|t:|1758984362
|switch|p1a: Primarina|Primarina, F|89/100
|-damage|p1a: Primarina|77/100|[from] Spikes
|-damage|p1a: Primarina|65/100|[from] Stealth Rock
|move|p2a: 90%≠don't blunder|Razor Shell|p1a: Primarina
|-resisted|p1a: Primarina
|-damage|p1a: Primarina|27/100
|-unboost|p1a: Primarina|def|1
|
|-damage|p2a: 90%≠don't blunder|26/100 tox|[from] psn
|upkeep
|turn|11
|
|t:|1758984383
|move|p2a: 90%≠don't blunder|Razor Shell|p1a: Primarina
|-resisted|p1a: Primarina
|-damage|p1a: Primarina|0 fnt
|faint|p1a: Primarina
|
|-damage|p2a: 90%≠don't blunder|7/100 tox|[from] psn
|upkeep
|
|t:|1758984385
|switch|p1a: Great Tusk|Great Tusk|100/100
|-damage|p1a: Great Tusk|88/100|[from] Spikes
|-damage|p1a: Great Tusk|85/100|[from] Stealth Rock
|turn|12
|
|t:|1758984388
|switch|p2a: 24岁 喜欢发射孩子|Dragapult, M|100/100
|move|p1a: Great Tusk|Rapid Spin|p2a: 24岁 喜欢发射孩子
|-immune|p2a: 24岁 喜欢发射孩子
|
|upkeep
|turn|13
|
|t:|1758984394
|-end|p1a: Great Tusk|Protosynthesis|[silent]
|switch|p1a: Moltres|Moltres|100/100
|move|p2a: 24岁 喜欢发射孩子|U-turn|p1a: Moltres
|-resisted|p1a: Moltres
|-damage|p1a: Moltres|96/100
|
|t:|1758984399
|switch|p2a: Moltres|Moltres|100/100|[from] U-turn
|
|upkeep
|turn|14
|
|t:|1758984401
|move|p1a: Moltres|Hurricane|p2a: Moltres
|-damage|p2a: Moltres|44/100
|move|p2a: Moltres|Hurricane|p1a: Moltres|[miss]
|-miss|p2a: Moltres|p1a: Moltres
|
|upkeep
|turn|15
|c|☆MunchlaxTheGodKing|damn
|
|t:|1758984431
|switch|p2a: 长脖奶龙|Raging Bolt|100/100
|move|p1a: Moltres|Hurricane|p2a: 长脖奶龙
|-resisted|p2a: 长脖奶龙
|-damage|p2a: 长脖奶龙|74/100
|-start|p2a: 长脖奶龙|confusion
|
|upkeep
|turn|16
|
|t:|1758984436
|move|p1a: Moltres|Scorching Sands|p2a: 长脖奶龙
|-supereffective|p2a: 长脖奶龙
|-damage|p2a: 长脖奶龙|27/100
|-activate|p2a: 长脖奶龙|confusion
|move|p2a: 长脖奶龙|Draco Meteor|p1a: Moltres
|-damage|p1a: Moltres|7/100
|-unboost|p2a: 长脖奶龙|spa|2
|
|upkeep
|turn|17
|
|t:|1758984444
|-end|p2a: 长脖奶龙|confusion
|move|p2a: 长脖奶龙|Thunderclap||[still]
|-fail|p2a: 长脖奶龙
|move|p1a: Moltres|Roost|p1a: Moltres
|-heal|p1a: Moltres|58/100
|-singleturn|p1a: Moltres|move: Roost
|
|upkeep
|turn|18
|
|t:|1758984449
|-end|p2a: 长脖奶龙|Protosynthesis|[silent]
|switch|p2a: 24岁 喜欢发射孩子|Dragapult, M|100/100
|move|p1a: Moltres|Roost|p1a: Moltres
|-heal|p1a: Moltres|100/100
|-singleturn|p1a: Moltres|move: Roost
|
|upkeep
|turn|19
|
|t:|1758984453
|switch|p1a: Pecharunt|Pecharunt|26/100
|move|p2a: 24岁 喜欢发射孩子|Shadow Ball|p1a: Pecharunt
|-supereffective|p1a: Pecharunt
|-damage|p1a: Pecharunt|0 fnt
|faint|p1a: Pecharunt
|
|upkeep
|
|t:|1758984459
|switch|p1a: Ting-Lu|Ting-Lu|88/100
|-damage|p1a: Ting-Lu|76/100|[from] Spikes
|-damage|p1a: Ting-Lu|69/100|[from] Stealth Rock
|-ability|p1a: Ting-Lu|Vessel of Ruin
|turn|20
|
|t:|1758984466
|switch|p2a: 脑袋尖尖的|Zamazenta|66/100
|move|p1a: Ting-Lu|Earthquake|p2a: 脑袋尖尖的
|-damage|p2a: 脑袋尖尖的|30/100
|
|-heal|p1a: Ting-Lu|76/100|[from] item: Leftovers
|upkeep
|turn|21
|
|t:|1758984470
|switch|p2a: 长脖奶龙|Raging Bolt|27/100
|move|p1a: Ting-Lu|Stealth Rock|p2a: 长脖奶龙
|-sidestart|p2: MunchlaxTheGodKing|move: Stealth Rock
|
|-heal|p1a: Ting-Lu|82/100|[from] item: Leftovers
|upkeep
|turn|22
|
|t:|1758984475
|move|p2a: 长脖奶龙|Draco Meteor|p1a: Ting-Lu|[miss]
|-miss|p2a: 长脖奶龙|p1a: Ting-Lu
|move|p1a: Ting-Lu|Earthquake|p2a: 长脖奶龙
|-supereffective|p2a: 长脖奶龙
|-damage|p2a: 长脖奶龙|0 fnt
|faint|p2a: 长脖奶龙
|-end|p2a: 长脖奶龙|Protosynthesis|[silent]
|
|-heal|p1a: Ting-Lu|88/100|[from] item: Leftovers
|upkeep
|
|t:|1758984480
|switch|p2a: 脑袋尖尖的|Zamazenta|30/100
|-damage|p2a: 脑袋尖尖的|24/100|[from] Stealth Rock
|turn|23
|
|t:|1758984487
|-terastallize|p2a: 脑袋尖尖的|Fire
|move|p2a: 脑袋尖尖的|Close Combat|p1a: Ting-Lu
|-supereffective|p1a: Ting-Lu
|-damage|p1a: Ting-Lu|0 fnt
|-unboost|p2a: 脑袋尖尖的|def|1
|-unboost|p2a: 脑袋尖尖的|spd|1
|faint|p1a: Ting-Lu
|-damage|p2a: 脑袋尖尖的|15/100|[from] item: Life Orb
|
|upkeep
|
|t:|1758984497
|switch|p1a: Great Tusk|Great Tusk|85/100
|-damage|p1a: Great Tusk|73/100|[from] Spikes
|-damage|p1a: Great Tusk|70/100|[from] Stealth Rock
|turn|24
|
|t:|1758984514
|switch|p2a: 90%≠don't blunder|Samurott-Hisui, F|7/100 tox
|-damage|p2a: 90%≠don't blunder|0 fnt|[from] Stealth Rock
|faint|p2a: 90%≠don't blunder
|move|p1a: Great Tusk|Ice Spinner|p2: 90%≠don't blunder|[notarget]
|-fail|p1a: Great Tusk
|
|upkeep
|
|t:|1758984518
|switch|p2a: 24岁 喜欢发射孩子|Dragapult, M|100/100
|-damage|p2a: 24岁 喜欢发射孩子|88/100|[from] Stealth Rock
|turn|25
|
|t:|1758984524
|move|p1a: Great Tusk|Ice Spinner|p2a: 24岁 喜欢发射孩子
|-supereffective|p2a: 24岁 喜欢发射孩子
|-damage|p2a: 24岁 喜欢发射孩子|9/100
|move|p2a: 24岁 喜欢发射孩子|Draco Meteor|p1a: Great Tusk
|-damage|p1a: Great Tusk|0 fnt
|-unboost|p2a: 24岁 喜欢发射孩子|spa|2
|faint|p1a: Great Tusk
|-end|p1a: Great Tusk|Protosynthesis|[silent]
|
|upkeep
|
|t:|1758984526
|switch|p1a: Weavile|Weavile, F, tera:Ice|59/100
|-damage|p1a: Weavile|47/100|[from] Spikes
|-damage|p1a: Weavile|22/100|[from] Stealth Rock
|-ability|p1a: Weavile|Pressure
|turn|26
|j| minilarry
|
|t:|1758984535
|move|p1a: Weavile|Ice Shard|p2a: 24岁 喜欢发射孩子
|-supereffective|p2a: 24岁 喜欢发射孩子
|-damage|p2a: 24岁 喜欢发射孩子|0 fnt
|faint|p2a: 24岁 喜欢发射孩子
|
|upkeep
|
|t:|1758984537
|switch|p2a: Moltres|Moltres|44/100
|turn|27
|
|t:|1758984545
|move|p1a: Weavile|Knock Off|p2a: Moltres
|-damage|p2a: Moltres|0 fnt
|-status|p1a: Weavile|brn|[from] ability: Flame Body|[of] p2a: Moltres
|-enditem|p2a: Moltres|Heavy-Duty Boots|[from] move: Knock Off|[of] p1a: Weavile
|faint|p2a: Moltres
|
|-damage|p1a: Weavile|16/100 brn|[from] brn
|upkeep
|
|t:|1758984563
|switch|p2a: 脑袋尖尖的|Zamazenta, tera:Fire|15/100
|-damage|p2a: 脑袋尖尖的|0 fnt|[from] Stealth Rock
|faint|p2a: 脑袋尖尖的
|
|win|sentinental
|raw|sentinental's rating: 1801 &rarr; <strong>1820</strong><br />(+19 for winning)
|raw|MunchlaxTheGodKing's rating: 1777 &rarr; <strong>1758</strong><br />(-19 for losing)
|l|☆MunchlaxTheGodKing
|player|p2|
|l|☆sentinental
|player|p1|
|l| minilarry
|l| yizhuce风速狗皇
