|j|☆Bee103
|j|☆gwest314
|t:|1758932555
|gametype|singles
|player|p1|Bee103|doctor|1185
|player|p2|gwest314|steven|1186
|gen|9
|tier|[Gen 9] OU
|rated|
|rule|HP Percentage Mod: HP is shown in percentages
|rule|Endless Battle Clause: Forcing endless battles is banned
|rule|Species Clause: Limit one of each Pokémon
|rule|OHKO Clause: OHKO moves are banned
|rule|Evasion Items Clause: Evasion items are banned
|rule|Evasion Moves Clause: Evasion moves are banned
|rule|Evasion Abilities Clause: Evasion abilities are banned
|rule|Sleep Moves Clause: Sleep-inducing moves are banned
|clearpoke
|poke|p1|Bayleef, F|
|poke|p1|Arcanine, F|
|poke|p1|Torkoal, F|
|poke|p1|Weezing-Galar, M|
|poke|p1|Great Tusk|
|poke|p1|Raging Bolt|
|poke|p2|Araquanid, F|
|poke|p2|Lokix, F|
|poke|p2|Corviknight, F|
|poke|p2|Meowscarada, F|
|poke|p2|Raging Bolt|
|poke|p2|Iron Valiant|
|teampreview
|inactive|Battle timer is ON: inactive players will automatically lose when time's up. (requested by gwest314)
|
|t:|1758932572
|teamsize|p1|6
|teamsize|p2|6
|start
|switch|p1a: Raging Bolt|Raging Bolt|100/100
|switch|p2a: Meowscarada|Meowscarada, F|100/100
|turn|1
|
|t:|1758932576
|move|p2a: Meowscarada|Trick|p1a: Raging Bolt
|-start|p2a: Meowscarada|typechange|Psychic|[from] ability: Protean
|-activate|p2a: Meowscarada|move: Trick|[of] p1a: Raging Bolt
|-item|p1a: Raging Bolt|Choice Scarf|[from] move: Trick
|-item|p2a: Meowscarada|Life Orb|[from] move: Trick
|move|p1a: Raging Bolt|Volt Switch|p2a: Meowscarada
|-damage|p2a: Meowscarada|35/100
|
|t:|1758932586
|-end|p1a: Raging Bolt|Protosynthesis|[silent]
|switch|p1a: Torkoal|Torkoal, F|100/100|[from] Volt Switch
|-weather|SunnyDay|[from] ability: Drought|[of] p1a: Torkoal
|
|-weather|SunnyDay|[upkeep]
|upkeep
|turn|2
|
|t:|1758932589
|move|p2a: Meowscarada|U-turn|p1a: Torkoal
|-resisted|p1a: Torkoal
|-damage|p1a: Torkoal|92/100
|-damage|p2a: Meowscarada|25/100|[from] item: Life Orb
|
|t:|1758932593
|switch|p2a: Raging Bol|Raging Bolt|100/100|[from] U-turn
|-activate|p2a: Raging Bol|ability: Protosynthesis
|-start|p2a: Raging Bol|protosynthesisspa
|move|p1a: Torkoal|Stealth Rock|p2a: Raging Bol
|-sidestart|p2: gwest314|move: Stealth Rock
|
|-weather|SunnyDay|[upkeep]
|upkeep
|turn|3
|
|t:|1758932600
|switch|p1a: Great Tusk|Great Tusk|100/100
|-activate|p1a: Great Tusk|ability: Protosynthesis
|-start|p1a: Great Tusk|protosynthesisatk
|move|p2a: Raging Bol|Calm Mind|p2a: Raging Bol
|-boost|p2a: Raging Bol|spa|1
|-boost|p2a: Raging Bol|spd|1
|
|-weather|SunnyDay|[upkeep]
|upkeep
|turn|4
|
|t:|1758932604
|-terastallize|p2a: Raging Bol|Flying
|move|p1a: Great Tusk|Earthquake|p2a: Raging Bol
|-immune|p2a: Raging Bol
|move|p2a: Raging Bol|Draco Meteor|p1a: Great Tusk
|-damage|p1a: Great Tusk|0 fnt
|-unboost|p2a: Raging Bol|spa|2
|faint|p1a: Great Tusk
|-end|p1a: Great Tusk|Protosynthesis|[silent]
|-damage|p2a: Raging Bol|91/100|[from] item: Life Orb
|
|-weather|SunnyDay|[upkeep]
|upkeep
|
|t:|1758932611
|switch|p1a: Raging Bolt|Raging Bolt|100/100
|-activate|p1a: Raging Bolt|ability: Protosynthesis
|-start|p1a: Raging Bolt|protosynthesisspa
|turn|5
|
|t:|1758932615
|move|p1a: Raging Bolt|Draco Meteor|p2a: Raging Bol
|-damage|p2a: Raging Bol|32/100
|-unboost|p1a: Raging Bolt|spa|2
|move|p2a: Raging Bol|Draco Meteor|p1a: Raging Bolt
|-supereffective|p1a: Raging Bolt
|-damage|p1a: Raging Bolt|0 fnt
|-unboost|p2a: Raging Bol|spa|2
|faint|p1a: Raging Bolt
|-end|p1a: Raging Bolt|Protosynthesis|[silent]
|-damage|p2a: Raging Bol|22/100|[from] item: Life Orb
|
|-weather|SunnyDay|[upkeep]
|upkeep
|c|☆Bee103|lol, should have used electric type
|
|t:|1758932631
|switch|p1a: Arcanine|Arcanine, F|100/100
|turn|6
|
|t:|1758932634
|move|p1a: Arcanine|Extreme Speed|p2a: Raging Bol
|-damage|p2a: Raging Bol|0 fnt
|faint|p2a: Raging Bol
|-end|p2a: Raging Bol|Protosynthesis|[silent]
|
|-weather|SunnyDay|[upkeep]
|upkeep
|
|t:|1758932642
|switch|p2a: Corviknight|Corviknight, F|100/100
|-damage|p2a: Corviknight|88/100|[from] Stealth Rock
|turn|7
|
|t:|1758932646
|move|p1a: Arcanine|Flare Blitz|p2a: Corviknight
|-supereffective|p2a: Corviknight
|-damage|p2a: Corviknight|0 fnt
|faint|p2a: Corviknight
|-damage|p1a: Arcanine|65/100|[from] Recoil
|
|-weather|SunnyDay|[upkeep]
|upkeep
|
|t:|1758932652
|switch|p2a: Arakuanid|Araquanid, F|100/100
|-damage|p2a: Arakuanid|76/100|[from] Stealth Rock
|turn|8
|
|t:|1758932658
|-terastallize|p1a: Arcanine|Normal
|move|p1a: Arcanine|Wild Charge|p2a: Arakuanid
|-supereffective|p2a: Arakuanid
|-damage|p2a: Arakuanid|20/100
|-damage|p1a: Arcanine|50/100|[from] Recoil
|move|p2a: Arakuanid|Liquidation|p1a: Arcanine
|-damage|p1a: Arcanine|0 fnt
|faint|p1a: Arcanine
|
|-weather|none
|upkeep
|
|t:|1758932663
|switch|p1a: Torkoal|Torkoal, F|92/100
|-weather|SunnyDay|[from] ability: Drought|[of] p1a: Torkoal
|turn|9
|
|t:|1758932667
|move|p2a: Arakuanid|Liquidation|p1a: Torkoal
|-supereffective|p1a: Torkoal
|-damage|p1a: Torkoal|36/100
|move|p1a: Torkoal|Lava Plume|p2a: Arakuanid
|-damage|p2a: Arakuanid|5/100
|
|-weather|SunnyDay|[upkeep]
|upkeep
|turn|10
|
|t:|1758932671
|switch|p1a: Bayleef|Bayleef, F|100/100
|move|p2a: Arakuanid|Liquidation|p1a: Bayleef
|-resisted|p1a: Bayleef
|-damage|p1a: Bayleef|78/100
|
|-weather|SunnyDay|[upkeep]
|upkeep
|turn|11
|
|t:|1758932681
|switch|p1a: Weezing|Weezing-Galar, M|100/100
|move|p2a: Arakuanid|Liquidation|p1a: Weezing
|-damage|p1a: Weezing|61/100
|
|-weather|SunnyDay|[upkeep]
|upkeep
|turn|12
|
|t:|1758932688
|move|p1a: Weezing|Strange Steam|p2a: Arakuanid
|-damage|p2a: Arakuanid|0 fnt
|faint|p2a: Arakuanid
|-damage|p1a: Weezing|51/100|[from] item: Life Orb
|
|-weather|SunnyDay|[upkeep]
|upkeep
|
|t:|1758932695
|switch|p2a: Iron Valiant|Iron Valiant, shiny|100/100
|-damage|p2a: Iron Valiant|94/100|[from] Stealth Rock
|turn|13
|
|t:|1758932700
|move|p2a: Iron Valiant|Trick|p1a: Weezing
|-activate|p2a: Iron Valiant|move: Trick|[of] p1a: Weezing
|-item|p1a: Weezing|Choice Scarf|[from] move: Trick
|-item|p2a: Iron Valiant|Life Orb|[from] move: Trick
|move|p1a: Weezing|Strange Steam|p2a: Iron Valiant
|-supereffective|p2a: Iron Valiant
|-damage|p2a: Iron Valiant|0 fnt
|faint|p2a: Iron Valiant
|-end|p2a: Iron Valiant|Quark Drive|[silent]
|
|-weather|SunnyDay|[upkeep]
|upkeep
|-message|gwest314 forfeited.
|
|win|Bee103
|raw|Bee103's rating: 1185 &rarr; <strong>1210</strong><br />(+25 for winning)
|raw|gwest314's rating: 1186 &rarr; <strong>1161</strong><br />(-25 for losing)
|l|☆gwest314
|player|p2|
|l|☆Bee103
|player|p1|
