|j|☆this my burner
|j|☆Choopingas
|t:|1758948952
|gametype|singles
|player|p1|this my burner|dawn-gen4pt|1383
|player|p2|Choopingas|pokemonrangerf|1428
|gen|9
|tier|[Gen 9] OU
|rated|
|rule|HP Percentage Mod: HP is shown in percentages
|rule|Endless Battle Clause: Forcing endless battles is banned
|rule|Species Clause: Limit one of each Pokémon
|rule|OHKO Clause: OHKO moves are banned
|rule|Evasion Items Clause: Evasion items are banned
|rule|Evasion Moves Clause: Evasion moves are banned
|rule|Evasion Abilities Clause: Evasion abilities are banned
|rule|Sleep Moves Clause: Sleep-inducing moves are banned
|clearpoke
|poke|p1|Inteleon, F|
|poke|p1|Ting-Lu|
|poke|p1|Tornadus-Therian, M|
|poke|p1|Weavile, F|
|poke|p1|Skeledirge, F|
|poke|p1|Clefable, M|
|poke|p2|Meowscarada, F|
|poke|p2|Slowking-Galar, M|
|poke|p2|Garganacl, M|
|poke|p2|Zamazenta-*|
|poke|p2|Kyurem|
|poke|p2|Great Tusk|
|teampreview
|c|☆this my burner|glhf
|c|☆Choopingas|u2
|
|t:|1758948971
|teamsize|p1|6
|teamsize|p2|6
|start
|switch|p1a: Weavile|Weavile, F|100/100
|switch|p2a: Bork|Meowscarada, F, shiny|100/100
|-ability|p1a: Weavile|Pressure
|turn|1
|
|t:|1758948981
|switch|p1a: Clefable|Clefable, M|100/100
|switch|p2a: Tahiti|Garganacl, M, shiny|100/100
|
|upkeep
|turn|2
|
|t:|1758948985
|move|p1a: Clefable|Stealth Rock|p2a: Tahiti
|-sidestart|p2: Choopingas|move: Stealth Rock
|move|p2a: Tahiti|Salt Cure|p1a: Clefable
|-damage|p1a: Clefable|91/100
|-start|p1a: Clefable|Salt Cure
|
|upkeep
|turn|3
|
|t:|1758948994
|move|p1a: Clefable|Knock Off|p2a: Tahiti
|-crit|p2a: Tahiti
|-damage|p2a: Tahiti|86/100
|-enditem|p2a: Tahiti|Leftovers|[from] move: Knock Off|[of] p1a: Clefable
|move|p2a: Tahiti|Curse|p2a: Tahiti
|-unboost|p2a: Tahiti|spe|1
|-boost|p2a: Tahiti|atk|1
|-boost|p2a: Tahiti|def|1
|
|upkeep
|turn|4
|
|t:|1758949003
|switch|p1a: Ting-Lu|Ting-Lu|100/100
|-ability|p1a: Ting-Lu|Vessel of Ruin
|move|p2a: Tahiti|Earthquake|p1a: Ting-Lu
|-damage|p1a: Ting-Lu|84/100
|
|-heal|p1a: Ting-Lu|90/100|[from] item: Leftovers
|upkeep
|turn|5
|
|t:|1758949010
|move|p2a: Tahiti|Salt Cure|p1a: Ting-Lu
|-resisted|p1a: Ting-Lu
|-damage|p1a: Ting-Lu|85/100
|-start|p1a: Ting-Lu|Salt Cure
|move|p1a: Ting-Lu|Whirlwind|p2a: Tahiti
|drag|p2a: Bork|Meowscarada, F, shiny|100/100
|
|-heal|p1a: Ting-Lu|91/100|[from] item: Leftovers
|-damage|p1a: Ting-Lu|78/100|[from] Salt Cure
|upkeep
|turn|6
|
|t:|1758949024
|switch|p1a: Clefable|Clefable, M|91/100
|move|p2a: Bork|Knock Off|p1a: Clefable
|-start|p2a: Bork|typechange|Dark|[from] ability: Protean
|-resisted|p1a: Clefable
|-damage|p1a: Clefable|73/100
|-damage|p2a: Bork|84/100|[from] item: Rocky Helmet|[of] p1a: Clefable
|-enditem|p1a: Clefable|Rocky Helmet|[from] move: Knock Off|[of] p2a: Bork
|
|upkeep
|turn|7
|
|t:|1758949034
|move|p2a: Bork|U-turn|p1a: Clefable
|-resisted|p1a: Clefable
|-damage|p1a: Clefable|65/100
|
|t:|1758949039
|switch|p2a: Tony|Slowking-Galar, M|100/100|[from] U-turn
|move|p1a: Clefable|Knock Off|p2a: Tony
|-supereffective|p2a: Tony
|-damage|p2a: Tony|69/100
|-enditem|p2a: Tony|Heavy-Duty Boots|[from] move: Knock Off|[of] p1a: Clefable
|
|upkeep
|turn|8
|
|t:|1758949049
|switch|p1a: Skeledirge|Skeledirge, F|100/100
|move|p2a: Tony|Sludge Bomb|p1a: Skeledirge
|-resisted|p1a: Skeledirge
|-damage|p1a: Skeledirge|88/100
|
|upkeep
|turn|9
|
|t:|1758949058
|move|p1a: Skeledirge|Torch Song|p2a: Tony
|-damage|p2a: Tony|50/100
|-boost|p1a: Skeledirge|spa|1
|move|p2a: Tony|Psychic Noise|p1a: Skeledirge
|-damage|p1a: Skeledirge|68/100
|-start|p1a: Skeledirge|move: Heal Block
|
|upkeep
|turn|10
|
|t:|1758949068
|move|p1a: Skeledirge|Shadow Ball|p2a: Tony
|-supereffective|p2a: Tony
|-damage|p2a: Tony|0 fnt
|faint|p2a: Tony
|
|-end|p1a: Skeledirge|move: Heal Block
|upkeep
|
|t:|1758949072
|switch|p2a: Peppino|Great Tusk|100/100
|turn|11
|
|t:|1758949077
|move|p2a: Peppino|Stealth Rock|p1a: Skeledirge
|-sidestart|p1: this my burner|move: Stealth Rock
|move|p1a: Skeledirge|Will-O-Wisp|p2a: Peppino
|-status|p2a: Peppino|brn
|
|-damage|p2a: Peppino|94/100 brn|[from] brn
|upkeep
|turn|12
|
|t:|1758949081
|switch|p1a: Tornadus|Tornadus-Therian, M|100/100
|move|p2a: Peppino|Headlong Rush|p1a: Tornadus
|-immune|p1a: Tornadus
|
|-damage|p2a: Peppino|88/100 brn|[from] brn
|upkeep
|turn|13
|
|t:|1758949084
|move|p1a: Tornadus|Bleakwind Storm|p2a: Peppino
|-supereffective|p2a: Peppino
|-damage|p2a: Peppino|0 fnt
|faint|p2a: Peppino
|-end|p2a: Peppino|Protosynthesis|[silent]
|
|upkeep
|
|t:|1758949088
|switch|p2a: Cryogen|Kyurem, shiny|100/100
|-damage|p2a: Cryogen|76/100|[from] Stealth Rock
|-ability|p2a: Cryogen|Pressure
|turn|14
|
|t:|1758949102
|switch|p1a: Inteleon|Inteleon, F|100/100
|move|p2a: Cryogen|Ice Beam|p1a: Inteleon
|-resisted|p1a: Inteleon
|-damage|p1a: Inteleon|38/100
|
|upkeep
|turn|15
|
|t:|1758949109
|move|p1a: Inteleon|Ice Beam|p2a: Cryogen
|-damage|p2a: Cryogen|46/100
|move|p2a: Cryogen|Ice Beam|p1a: Inteleon
|-resisted|p1a: Inteleon
|-damage|p1a: Inteleon|0 fnt
|faint|p1a: Inteleon
|
|upkeep
|
|t:|1758949117
|switch|p1a: Skeledirge|Skeledirge, F|68/100
|turn|16
|
|t:|1758949121
|switch|p2a: Tahiti|Garganacl, M, shiny|86/100
|-damage|p2a: Tahiti|74/100|[from] Stealth Rock
|move|p1a: Skeledirge|Slack Off|p1a: Skeledirge
|-heal|p1a: Skeledirge|100/100
|
|upkeep
|turn|17
|
|t:|1758949125
|switch|p1a: Clefable|Clefable, M|65/100
|move|p2a: Tahiti|Salt Cure|p1a: Clefable
|-damage|p1a: Clefable|55/100
|-start|p1a: Clefable|Salt Cure
|
|upkeep
|turn|18
|
|t:|1758949130
|move|p1a: Clefable|Moonlight|p1a: Clefable
|-heal|p1a: Clefable|100/100
|move|p2a: Tahiti|Earthquake|p1a: Clefable
|-damage|p1a: Clefable|82/100
|
|upkeep
|turn|19
|
|t:|1758949133
|move|p1a: Clefable|Moonblast|p2a: Tahiti
|-damage|p2a: Tahiti|54/100
|-unboost|p2a: Tahiti|spa|1
|move|p2a: Tahiti|Curse|p2a: Tahiti
|-unboost|p2a: Tahiti|spe|1
|-boost|p2a: Tahiti|atk|1
|-boost|p2a: Tahiti|def|1
|
|upkeep
|turn|20
|
|t:|1758949136
|move|p1a: Clefable|Moonblast|p2a: Tahiti
|-damage|p2a: Tahiti|33/100
|move|p2a: Tahiti|Curse|p2a: Tahiti
|-unboost|p2a: Tahiti|spe|1
|-boost|p2a: Tahiti|atk|1
|-boost|p2a: Tahiti|def|1
|
|upkeep
|turn|21
|
|t:|1758949149
|switch|p1a: Ting-Lu|Ting-Lu|78/100
|-damage|p1a: Ting-Lu|72/100|[from] Stealth Rock
|-ability|p1a: Ting-Lu|Vessel of Ruin
|move|p2a: Tahiti|Recover|p2a: Tahiti
|-heal|p2a: Tahiti|83/100
|
|-heal|p1a: Ting-Lu|78/100|[from] item: Leftovers
|upkeep
|turn|22
|
|t:|1758949160
|move|p1a: Ting-Lu|Spikes|p2a: Tahiti
|-sidestart|p2: Choopingas|Spikes
|move|p2a: Tahiti|Salt Cure|p1a: Ting-Lu
|-resisted|p1a: Ting-Lu
|-damage|p1a: Ting-Lu|71/100
|-start|p1a: Ting-Lu|Salt Cure
|
|-heal|p1a: Ting-Lu|77/100|[from] item: Leftovers
|-damage|p1a: Ting-Lu|65/100|[from] Salt Cure
|upkeep
|turn|23
|
|t:|1758949169
|move|p1a: Ting-Lu|Ruination|p2a: Tahiti
|-damage|p2a: Tahiti|42/100
|move|p2a: Tahiti|Earthquake|p1a: Ting-Lu
|-damage|p1a: Ting-Lu|42/100
|
|-heal|p1a: Ting-Lu|48/100|[from] item: Leftovers
|-damage|p1a: Ting-Lu|36/100|[from] Salt Cure
|upkeep
|turn|24
|
|t:|1758949177
|move|p2a: Tahiti|Recover|p2a: Tahiti
|-heal|p2a: Tahiti|92/100
|move|p1a: Ting-Lu|Whirlwind|p2a: Tahiti
|drag|p2a: Bork|Meowscarada, F, shiny|84/100
|
|-heal|p1a: Ting-Lu|42/100|[from] item: Leftovers
|-damage|p1a: Ting-Lu|30/100|[from] Salt Cure
|upkeep
|turn|25
|
|t:|1758949188
|move|p2a: Bork|Flower Trick|p1a: Ting-Lu
|-start|p2a: Bork|typechange|Grass|[from] ability: Protean
|-supereffective|p1a: Ting-Lu
|-crit|p1a: Ting-Lu
|-damage|p1a: Ting-Lu|0 fnt
|faint|p1a: Ting-Lu
|
|upkeep
|
|t:|1758949191
|switch|p1a: Weavile|Weavile, F|100/100
|-ability|p1a: Weavile|Pressure
|turn|26
|
|t:|1758949200
|switch|p2a: Turkey Sandwich|Zamazenta|100/100
|-ability|p2a: Turkey Sandwich|Dauntless Shield|boost
|-boost|p2a: Turkey Sandwich|def|1
|move|p1a: Weavile|Triple Axel|p2a: Turkey Sandwich
|-damage|p2a: Turkey Sandwich|94/100
|-damage|p2a: Turkey Sandwich|81/100
|-damage|p2a: Turkey Sandwich|62/100
|-hitcount|p2a: Turkey Sandwich|3
|
|upkeep
|turn|27
|
|t:|1758949208
|switch|p1a: Clefable|Clefable, M|82/100
|move|p2a: Turkey Sandwich|Stone Edge|p1a: Clefable
|-crit|p1a: Clefable
|-damage|p1a: Clefable|46/100
|
|upkeep
|turn|28
|
|t:|1758949213
|move|p2a: Turkey Sandwich|Heavy Slam|p1a: Clefable
|-supereffective|p1a: Clefable
|-damage|p1a: Clefable|0 fnt
|faint|p1a: Clefable
|
|upkeep
|
|t:|1758949215
|switch|p1a: Skeledirge|Skeledirge, F|100/100
|turn|29
|
|t:|1758949224
|switch|p2a: Tahiti|Garganacl, M, shiny|92/100
|-damage|p2a: Tahiti|79/100|[from] Stealth Rock
|-damage|p2a: Tahiti|67/100|[from] Spikes
|switch|p1a: Tornadus|Tornadus-Therian, M|100/100
|
|upkeep
|turn|30
|
|t:|1758949227
|move|p1a: Tornadus|Nasty Plot|p1a: Tornadus
|-boost|p1a: Tornadus|spa|2
|move|p2a: Tahiti|Salt Cure|p1a: Tornadus
|-supereffective|p1a: Tornadus
|-damage|p1a: Tornadus|62/100
|-start|p1a: Tornadus|Salt Cure
|
|-damage|p1a: Tornadus|49/100|[from] Salt Cure
|upkeep
|turn|31
|
|t:|1758949234
|move|p1a: Tornadus|Grass Knot|p2a: Tahiti
|-supereffective|p2a: Tahiti
|-damage|p2a: Tahiti|0 fnt
|faint|p2a: Tahiti
|
|-damage|p1a: Tornadus|37/100|[from] Salt Cure
|upkeep
|
|t:|1758949240
|switch|p2a: Turkey Sandwich|Zamazenta|62/100
|turn|32
|
|t:|1758949248
|switch|p1a: Skeledirge|Skeledirge, F|100/100
|move|p2a: Turkey Sandwich|Stone Edge|p1a: Skeledirge
|-supereffective|p1a: Skeledirge
|-damage|p1a: Skeledirge|44/100
|
|upkeep
|turn|33
|
|t:|1758949257
|-terastallize|p1a: Skeledirge|Fairy
|move|p2a: Turkey Sandwich|Stone Edge|p1a: Skeledirge
|-damage|p1a: Skeledirge|17/100
|move|p1a: Skeledirge|Slack Off|p1a: Skeledirge
|-heal|p1a: Skeledirge|67/100
|
|upkeep
|turn|34
|
|t:|1758949272
|switch|p2a: Cryogen|Kyurem, shiny|46/100
|-damage|p2a: Cryogen|21/100|[from] Stealth Rock
|-damage|p2a: Cryogen|9/100|[from] Spikes
|-ability|p2a: Cryogen|Pressure
|move|p1a: Skeledirge|Will-O-Wisp|p2a: Cryogen
|-status|p2a: Cryogen|brn
|
|-damage|p2a: Cryogen|3/100 brn|[from] brn
|upkeep
|turn|35
|
|t:|1758949277
|move|p2a: Cryogen|Ice Beam|p1a: Skeledirge
|-damage|p1a: Skeledirge|12/100
|move|p1a: Skeledirge|Slack Off|p1a: Skeledirge
|-heal|p1a: Skeledirge|62/100
|
|-damage|p2a: Cryogen|0 fnt|[from] brn
|faint|p2a: Cryogen
|upkeep
|
|t:|1758949281
|switch|p2a: Bork|Meowscarada, F, shiny|84/100
|turn|36
|
|t:|1758949296
|-terastallize|p2a: Bork|Grass
|move|p2a: Bork|Flower Trick|p1a: Skeledirge
|-crit|p1a: Skeledirge
|-damage|p1a: Skeledirge|6/100
|move|p1a: Skeledirge|Slack Off|p1a: Skeledirge
|-heal|p1a: Skeledirge|56/100
|
|upkeep
|turn|37
|
|t:|1758949301
|move|p2a: Bork|Flower Trick|p1a: Skeledirge
|-crit|p1a: Skeledirge
|-damage|p1a: Skeledirge|0 fnt
|faint|p1a: Skeledirge
|
|upkeep
|
|t:|1758949310
|switch|p1a: Weavile|Weavile, F|100/100
|-ability|p1a: Weavile|Pressure
|turn|38
|
|t:|1758949314
|move|p1a: Weavile|Triple Axel|p2a: Bork
|-supereffective|p2a: Bork
|-damage|p2a: Bork|51/100
|-supereffective|p2a: Bork
|-damage|p2a: Bork|0 fnt
|faint|p2a: Bork
|-hitcount|p2: Bork|2
|
|upkeep
|
|t:|1758949317
|switch|p2a: Turkey Sandwich|Zamazenta|62/100
|turn|39
|
|t:|1758949330
|move|p1a: Weavile|Ice Shard|p2a: Turkey Sandwich
|-damage|p2a: Turkey Sandwich|44/100
|move|p2a: Turkey Sandwich|Heavy Slam|p1a: Weavile
|-supereffective|p1a: Weavile
|-damage|p1a: Weavile|0 fnt
|faint|p1a: Weavile
|
|upkeep
|
|t:|1758949332
|switch|p1a: Tornadus|Tornadus-Therian, M|70/100
|turn|40
|c|☆this my burner|gg
|
|t:|1758949337
|move|p2a: Turkey Sandwich|Stone Edge|p1a: Tornadus|[miss]
|-miss|p2a: Turkey Sandwich|p1a: Tornadus
|move|p1a: Tornadus|Bleakwind Storm|p2a: Turkey Sandwich|[miss]
|-miss|p1a: Tornadus|p2a: Turkey Sandwich
|
|upkeep
|turn|41
|c|☆Choopingas|gg
|c|☆this my burner|lmfao
|c|☆this my burner|dumb
|
|t:|1758949344
|move|p2a: Turkey Sandwich|Stone Edge|p1a: Tornadus
|-supereffective|p1a: Tornadus
|-damage|p1a: Tornadus|0 fnt
|faint|p1a: Tornadus
|
|win|Choopingas
|raw|this my burner's rating: 1383 &rarr; <strong>1366</strong><br />(-17 for losing)
|raw|Choopingas's rating: 1428 &rarr; <strong>1445</strong><br />(+17 for winning)
|l|☆this my burner
|player|p1|
|l|☆Choopingas
|player|p2|
