|j|☆Alpha Rong Yuan
|j|☆Douglas Viana
|t:|1758956704
|gametype|singles
|player|p1|Alpha Rong Yuan|265|1284
|player|p2|Douglas Viana|eusine|1289
|gen|9
|tier|[Gen 9] OU
|rated|
|rule|HP Percentage Mod: HP is shown in percentages
|rule|Endless Battle Clause: Forcing endless battles is banned
|rule|Species Clause: Limit one of each Pokémon
|rule|OHKO Clause: OHKO moves are banned
|rule|Evasion Items Clause: Evasion items are banned
|rule|Evasion Moves Clause: Evasion moves are banned
|rule|Evasion Abilities Clause: Evasion abilities are banned
|rule|Sleep Moves Clause: Sleep-inducing moves are banned
|clearpoke
|poke|p1|Pelipper, F|
|poke|p1|Barraskewda, M|
|poke|p1|Raging Bolt|
|poke|p1|Weezing-Galar, F|
|poke|p1|Floatzel, F|
|poke|p1|Alomomola, F|
|poke|p2|Garchomp, F|
|poke|p2|Corviknight, M|
|poke|p2|Slowking-Galar, F|
|poke|p2|Ceruledge, M|
|poke|p2|Clefable, F|
|poke|p2|Blastoise, M|
|teampreview
|j| red temp
|inactive|Battle timer is ON: inactive players will automatically lose when time's up. (requested by Douglas Viana)
|
|t:|1758956728
|teamsize|p1|6
|teamsize|p2|6
|start
|switch|p1a: Floatzel|Floatzel, F|100/100
|switch|p2a: Garchomp|Garchomp, F, shiny|100/100
|turn|1
|
|t:|1758956738
|move|p2a: Garchomp|Scale Shot|p1a: Floatzel
|-damage|p1a: Floatzel|78/100
|-damage|p1a: Floatzel|53/100
|-damage|p1a: Floatzel|31/100
|-damage|p1a: Floatzel|9/100
|-damage|p1a: Floatzel|0 fnt
|faint|p1a: Floatzel
|-hitcount|p1: Floatzel|5
|-unboost|p2a: Garchomp|def|1
|-boost|p2a: Garchomp|spe|1
|
|upkeep
|
|t:|1758956746
|switch|p1a: Pelipper|Pelipper, F|100/100
|-weather|RainDance|[from] ability: Drizzle|[of] p1a: Pelipper
|turn|2
|
|t:|1758956757
|move|p2a: Garchomp|Scale Shot|p1a: Pelipper
|-damage|p1a: Pelipper|85/100
|-damage|p1a: Pelipper|72/100
|-damage|p1a: Pelipper|59/100
|-damage|p1a: Pelipper|45/100
|-damage|p1a: Pelipper|31/100
|-hitcount|p1a: Pelipper|5
|-unboost|p2a: Garchomp|def|1
|-boost|p2a: Garchomp|spe|1
|move|p1a: Pelipper|U-turn|p2a: Garchomp
|-damage|p2a: Garchomp|85/100
|-damage|p1a: Pelipper|18/100|[from] ability: Rough Skin|[of] p2a: Garchomp
|
|t:|1758956760
|switch|p1a: Barraskewda|Barraskewda, M|100/100|[from] U-turn
|
|-weather|RainDance|[upkeep]
|upkeep
|turn|3
|
|t:|1758956778
|switch|p2a: Corviknight|Corviknight, M|100/100
|-ability|p2a: Corviknight|Pressure
|-terastallize|p1a: Barraskewda|Water
|move|p1a: Barraskewda|Flip Turn|p2a: Corviknight
|-damage|p2a: Corviknight|45/100
|-damage|p1a: Barraskewda|84/100|[from] item: Rocky Helmet|[of] p2a: Corviknight
|l| red temp
|
|t:|1758956783
|switch|p1a: Raging Bolt|Raging Bolt|100/100|[from] Flip Turn
|
|-weather|RainDance|[upkeep]
|upkeep
|turn|4
|
|t:|1758956792
|move|p2a: Corviknight|Roost|p2a: Corviknight
|-heal|p2a: Corviknight|95/100
|-singleturn|p2a: Corviknight|move: Roost
|move|p1a: Raging Bolt|Dragon Tail|p2a: Corviknight
|-resisted|p2a: Corviknight
|-damage|p2a: Corviknight|91/100
|-damage|p1a: Raging Bolt|84/100|[from] item: Rocky Helmet|[of] p2a: Corviknight
|drag|p2a: Ceruledge|Ceruledge, M|100/100
|
|-weather|RainDance|[upkeep]
|upkeep
|turn|5
|
|t:|1758956804
|move|p2a: Ceruledge|Swords Dance|p2a: Ceruledge
|-boost|p2a: Ceruledge|atk|2
|move|p1a: Raging Bolt|Volt Switch|p2a: Ceruledge
|-damage|p2a: Ceruledge|55/100
|
|t:|1758956806
|-end|p1a: Raging Bolt|Protosynthesis|[silent]
|switch|p1a: Barraskewda|Barraskewda, M, tera:Water|84/100|[from] Volt Switch
|
|-weather|RainDance|[upkeep]
|upkeep
|turn|6
|
|t:|1758956815
|move|p1a: Barraskewda|Aqua Jet|p2a: Ceruledge
|-supereffective|p2a: Ceruledge
|-damage|p2a: Ceruledge|0 fnt
|faint|p2a: Ceruledge
|
|-weather|none
|upkeep
|
|t:|1758956825
|switch|p2a: Slowking|Slowking-Galar, F|100/100
|turn|7
|
|t:|1758956831
|switch|p1a: Alomomola|Alomomola, F|100/100
|move|p2a: Slowking|Future Sight|p1a: Alomomola
|-start|p2a: Slowking|move: Future Sight
|
|upkeep
|turn|8
|
|t:|1758956836
|move|p1a: Alomomola|Wish|p1a: Alomomola
|move|p2a: Slowking|Sludge Bomb|p1a: Alomomola
|-damage|p1a: Alomomola|49/100
|
|upkeep
|turn|9
|
|t:|1758956846
|move|p1a: Alomomola|Flip Turn|p2a: Slowking
|-damage|p2a: Slowking|85/100
|
|t:|1758956849
|switch|p1a: Raging Bolt|Raging Bolt|84/100|[from] Flip Turn
|move|p2a: Slowking|Sludge Bomb|p1a: Raging Bolt
|-damage|p1a: Raging Bolt|61/100
|-status|p1a: Raging Bolt|psn
|
|-end|p1a: Raging Bolt|move: Future Sight
|-damage|p1a: Raging Bolt|28/100 psn
|-heal|p1a: Raging Bolt|96/100 psn|[from] move: Wish|[wisher] Alomomola
|-damage|p1a: Raging Bolt|84/100 psn|[from] psn
|upkeep
|turn|10
|
|t:|1758956867
|move|p2a: Slowking|Future Sight|p1a: Raging Bolt
|-start|p2a: Slowking|move: Future Sight
|move|p1a: Raging Bolt|Dragon Tail|p2a: Slowking
|-damage|p2a: Slowking|71/100
|drag|p2a: Clefable|Clefable, F|100/100
|
|-damage|p1a: Raging Bolt|72/100 psn|[from] psn
|upkeep
|turn|11
|
|t:|1758956879
|move|p2a: Clefable|Moonblast|p1a: Raging Bolt
|-supereffective|p1a: Raging Bolt
|-damage|p1a: Raging Bolt|26/100 psn
|move|p1a: Raging Bolt|Volt Switch|p2a: Clefable
|-crit|p2a: Clefable
|-damage|p2a: Clefable|30/100
|
|t:|1758956884
|-end|p1a: Raging Bolt|Protosynthesis|[silent]
|switch|p1a: Alomomola|Alomomola, F|82/100|[from] Volt Switch
|
|-heal|p2a: Clefable|36/100|[from] item: Leftovers
|upkeep
|turn|12
|
|t:|1758956891
|move|p2a: Clefable|Thunderbolt|p1a: Alomomola
|-supereffective|p1a: Alomomola
|-damage|p1a: Alomomola|18/100
|-status|p1a: Alomomola|par
|move|p1a: Alomomola|Wish|p1a: Alomomola
|
|-end|p1a: Alomomola|move: Future Sight
|-crit|p1a: Alomomola
|-damage|p1a: Alomomola|0 fnt
|faint|p1a: Alomomola
|-heal|p2a: Clefable|42/100|[from] item: Leftovers
|upkeep
|
|t:|1758956900
|switch|p1a: Pelipper|Pelipper, F|18/100
|-weather|RainDance|[from] ability: Drizzle|[of] p1a: Pelipper
|turn|13
|
|t:|1758956908
|move|p2a: Clefable|Moonlight|p2a: Clefable
|-heal|p2a: Clefable|67/100
|move|p1a: Pelipper|Weather Ball|p2a: Clefable
|-damage|p2a: Clefable|8/100
|
|-weather|RainDance|[upkeep]
|-heal|p1a: Pelipper|100/100|[from] move: Wish|[wisher] Alomomola
|-heal|p2a: Clefable|14/100|[from] item: Leftovers
|upkeep
|turn|14
|
|t:|1758956931
|switch|p1a: Weezing|Weezing-Galar, F|100/100
|-fieldstart|move: Misty Terrain|[from] ability: Misty Surge|[of] p1a: Weezing
|move|p2a: Clefable|Thunderbolt|p1a: Weezing
|-damage|p1a: Weezing|61/100
|
|-weather|RainDance|[upkeep]
|-heal|p2a: Clefable|20/100|[from] item: Leftovers
|-heal|p1a: Weezing|67/100|[from] item: Leftovers
|upkeep
|turn|15
|
|t:|1758956942
|switch|p2a: Corviknight|Corviknight, M|91/100
|-ability|p2a: Corviknight|Pressure
|move|p1a: Weezing|Clear Smog|p2a: Corviknight
|-immune|p2a: Corviknight
|
|-weather|RainDance|[upkeep]
|-heal|p1a: Weezing|73/100|[from] item: Leftovers
|upkeep
|turn|16
|
|t:|1758956952
|switch|p1a: Raging Bolt|Raging Bolt|26/100 psn
|move|p2a: Corviknight|Iron Head|p1a: Raging Bolt
|-resisted|p1a: Raging Bolt
|-damage|p1a: Raging Bolt|16/100 psn
|
|-weather|RainDance|[upkeep]
|-damage|p1a: Raging Bolt|4/100 psn|[from] psn
|upkeep
|turn|17
|
|t:|1758956963
|switch|p2a: Garchomp|Garchomp, F, shiny|85/100
|move|p1a: Raging Bolt|Volt Switch|p2a: Garchomp
|-immune|p2a: Garchomp
|
|-weather|none
|-damage|p1a: Raging Bolt|0 fnt|[from] psn
|faint|p1a: Raging Bolt
|-end|p1a: Raging Bolt|Protosynthesis|[silent]
|upkeep
|
|t:|1758956968
|switch|p1a: Barraskewda|Barraskewda, M, tera:Water|84/100
|turn|18
|
|t:|1758956979
|switch|p2a: Corviknight|Corviknight, M|91/100
|-ability|p2a: Corviknight|Pressure
|move|p1a: Barraskewda|Liquidation|p2a: Corviknight
|-damage|p2a: Corviknight|35/100
|-unboost|p2a: Corviknight|def|1
|-damage|p1a: Barraskewda|68/100|[from] item: Rocky Helmet|[of] p2a: Corviknight
|
|-fieldend|Misty Terrain
|upkeep
|turn|19
|
|t:|1758956990
|move|p1a: Barraskewda|Liquidation|p2a: Corviknight
|-damage|p2a: Corviknight|0 fnt
|-damage|p1a: Barraskewda|51/100|[from] item: Rocky Helmet|[of] p2a: Corviknight
|faint|p2a: Corviknight
|
|upkeep
|
|t:|1758956998
|switch|p2a: Blastoise|Blastoise, M|100/100
|turn|20
|inactive|Alpha Rong Yuan has 120 seconds left.
|inactive|Alpha Rong Yuan has 90 seconds left.
|inactive|Alpha Rong Yuan has 60 seconds left.
|inactive|Alpha Rong Yuan has 30 seconds left.
|
|t:|1758957121
|switch|p1a: Pelipper|Pelipper, F|100/100
|-weather|RainDance|[from] ability: Drizzle|[of] p1a: Pelipper
|move|p2a: Blastoise|Rapid Spin|p1a: Pelipper
|-damage|p1a: Pelipper|85/100
|-boost|p2a: Blastoise|spe|1
|
|-weather|RainDance|[upkeep]
|upkeep
|turn|21
|
|t:|1758957131
|move|p2a: Blastoise|Ice Spinner|p1a: Pelipper
|-damage|p1a: Pelipper|63/100
|move|p1a: Pelipper|Hurricane|p2a: Blastoise
|-damage|p2a: Blastoise|77/100
|
|-weather|RainDance|[upkeep]
|upkeep
|turn|22
|
|t:|1758957143
|move|p2a: Blastoise|Ice Spinner|p1a: Pelipper
|-damage|p1a: Pelipper|39/100
|move|p1a: Pelipper|U-turn|p2a: Blastoise
|-damage|p2a: Blastoise|67/100
|
|t:|1758957152
|switch|p1a: Barraskewda|Barraskewda, M, tera:Water|51/100|[from] U-turn
|
|-weather|RainDance|[upkeep]
|upkeep
|turn|23
|
|t:|1758957161
|move|p2a: Blastoise|Aqua Jet|p1a: Barraskewda
|-resisted|p1a: Barraskewda
|-damage|p1a: Barraskewda|26/100
|move|p1a: Barraskewda|Liquidation|p2a: Blastoise
|-resisted|p2a: Blastoise
|-damage|p2a: Blastoise|0 fnt
|faint|p2a: Blastoise
|
|-weather|RainDance|[upkeep]
|upkeep
|
|t:|1758957174
|switch|p2a: Garchomp|Garchomp, F, shiny|85/100
|turn|24
|
|t:|1758957179
|move|p1a: Barraskewda|Liquidation|p2a: Garchomp
|-crit|p2a: Garchomp
|-damage|p2a: Garchomp|0 fnt
|-damage|p1a: Barraskewda|13/100|[from] ability: Rough Skin|[of] p2a: Garchomp
|faint|p2a: Garchomp
|
|-weather|none
|upkeep
|
|t:|1758957189
|switch|p2a: Slowking|Slowking-Galar, F|100/100
|turn|25
|
|t:|1758957198
|switch|p1a: Weezing|Weezing-Galar, F|73/100
|-fieldstart|move: Misty Terrain|[from] ability: Misty Surge|[of] p1a: Weezing
|move|p2a: Slowking|Future Sight|p1a: Weezing
|-start|p2a: Slowking|move: Future Sight
|
|-heal|p1a: Weezing|79/100|[from] item: Leftovers
|upkeep
|turn|26
|
|t:|1758957218
|-terastallize|p2a: Slowking|Steel
|move|p1a: Weezing|Clear Smog|p2a: Slowking
|-immune|p2a: Slowking
|move|p2a: Slowking|Flamethrower|p1a: Weezing
|-damage|p1a: Weezing|38/100
|
|-heal|p1a: Weezing|44/100|[from] item: Leftovers
|upkeep
|turn|27
|
|t:|1758957229
|move|p1a: Weezing|Pain Split|p2a: Slowking
|-sethp|p2a: Slowking|69/100|[from] move: Pain Split|[silent]
|-sethp|p1a: Weezing|81/100|[from] move: Pain Split
|move|p2a: Slowking|Flamethrower|p1a: Weezing
|-damage|p1a: Weezing|45/100
|
|-end|p1a: Weezing|move: Future Sight
|-supereffective|p1a: Weezing
|-damage|p1a: Weezing|0 fnt
|faint|p1a: Weezing
|upkeep
|
|t:|1758957237
|switch|p1a: Barraskewda|Barraskewda, M, tera:Water|13/100
|turn|28
|
|t:|1758957244
|move|p1a: Barraskewda|Close Combat|p2a: Slowking
|-supereffective|p2a: Slowking
|-damage|p2a: Slowking|0 fnt
|-unboost|p1a: Barraskewda|def|1
|-unboost|p1a: Barraskewda|spd|1
|faint|p2a: Slowking
|
|upkeep
|
|t:|1758957251
|switch|p2a: Clefable|Clefable, F|20/100
|turn|29
|
|t:|1758957255
|switch|p1a: Pelipper|Pelipper, F|39/100
|-weather|RainDance|[from] ability: Drizzle|[of] p1a: Pelipper
|move|p2a: Clefable|Moonlight|p2a: Clefable
|-heal|p2a: Clefable|46/100
|
|-weather|RainDance|[upkeep]
|-heal|p2a: Clefable|52/100|[from] item: Leftovers
|-fieldend|Misty Terrain
|upkeep
|turn|30
|
|t:|1758957271
|move|p2a: Clefable|Moonlight|p2a: Clefable
|-heal|p2a: Clefable|77/100
|move|p1a: Pelipper|Weather Ball|p2a: Clefable
|-damage|p2a: Clefable|23/100
|
|-weather|RainDance|[upkeep]
|-heal|p2a: Clefable|29/100|[from] item: Leftovers
|upkeep
|turn|31
|inactive|Douglas Viana has 120 seconds left.
|inactive|Douglas Viana has 90 seconds left.
|inactive|Douglas Viana has 60 seconds left.
|inactive|Douglas Viana has 30 seconds left.
|
|t:|1758957389
|move|p2a: Clefable|Thunderbolt|p1a: Pelipper
|-supereffective|p1a: Pelipper
|-damage|p1a: Pelipper|0 fnt
|faint|p1a: Pelipper
|
|-weather|RainDance|[upkeep]
|-heal|p2a: Clefable|35/100|[from] item: Leftovers
|upkeep
|
|t:|1758957393
|switch|p1a: Barraskewda|Barraskewda, M, tera:Water|13/100
|turn|32
|
|t:|1758957401
|move|p1a: Barraskewda|Liquidation|p2a: Clefable
|-damage|p2a: Clefable|0 fnt
|faint|p2a: Clefable
|
|win|Alpha Rong Yuan
|raw|Alpha Rong Yuan's rating: 1284 &rarr; <strong>1309</strong><br />(+25 for winning)
|raw|Douglas Viana's rating: 1289 &rarr; <strong>1264</strong><br />(-25 for losing)
|c|☆Alpha Rong Yuan|gg
|l|☆Douglas Viana
|player|p2|
|l|☆Alpha Rong Yuan
|player|p1|
