|j|‽aqwsxza
|j|☆Jzcool
|t:|1758980121
|gametype|singles
|player|p1|aqwsxza|blackbelt-gen4dp|1148
|player|p2|Jzcool|mars|1130
|gen|9
|tier|[Gen 9] OU
|rated|
|rule|HP Percentage Mod: HP is shown in percentages
|rule|Endless Battle Clause: Forcing endless battles is banned
|rule|Species Clause: Limit one of each Pokémon
|rule|OHKO Clause: OHKO moves are banned
|rule|Evasion Items Clause: Evasion items are banned
|rule|Evasion Moves Clause: Evasion moves are banned
|rule|Evasion Abilities Clause: Evasion abilities are banned
|rule|Sleep Moves Clause: Sleep-inducing moves are banned
|clearpoke
|poke|p1|Vikavolt, M|
|poke|p1|Hydreigon, F|
|poke|p1|Slaking, F|
|poke|p1|Incineroar, F|
|poke|p1|Bastiodon, M|
|poke|p1|Salamence, F|
|poke|p2|Ceruledge, M|
|poke|p2|Scizor, F|
|poke|p2|Dondozo, M|
|poke|p2|Blaziken, M|
|poke|p2|Raging Bolt|
|poke|p2|Great Tusk|
|teampreview
|inactive|Battle timer is ON: inactive players will automatically lose when time's up. (requested by Jzcool)
|
|t:|1758980135
|teamsize|p1|6
|teamsize|p2|6
|start
|switch|p1a: Hydreigon|Hydreigon, F, shiny|100/100
|switch|p2a: Silver Chariot|Ceruledge, M|100/100
|turn|1
|
|t:|1758980143
|switch|p2a: Kasane Teto|Scizor, F|100/100
|move|p1a: Hydreigon|Substitute|p1a: Hydreigon
|-start|p1a: Hydreigon|Substitute
|-damage|p1a: Hydreigon|76/100
|
|upkeep
|turn|2
|
|t:|1758980150
|move|p1a: Hydreigon|Focus Energy|p1a: Hydreigon
|-start|p1a: Hydreigon|move: Focus Energy
|move|p2a: Kasane Teto|Dual Wingbeat|p1a: Hydreigon
|-end|p1a: Hydreigon|Substitute
|-damage|p1a: Hydreigon|36/100
|-hitcount|p1a: Hydreigon|2
|
|upkeep
|turn|3
|
|t:|1758980158
|move|p1a: Hydreigon|Draco Meteor|p2a: Kasane Teto
|-resisted|p2a: Kasane Teto
|-crit|p2a: Kasane Teto
|-damage|p2a: Kasane Teto|38/100
|-unboost|p1a: Hydreigon|spa|2
|move|p2a: Kasane Teto|Dual Wingbeat|p1a: Hydreigon
|-damage|p1a: Hydreigon|0 fnt
|faint|p1a: Hydreigon
|-hitcount|p1: Hydreigon|1
|
|upkeep
|
|t:|1758980168
|switch|p1a: Incineroar|Incineroar, F|100/100
|-ability|p1a: Incineroar|Intimidate|boost
|-unboost|p2a: Kasane Teto|atk|1
|turn|4
|
|t:|1758980178
|switch|p2a: Colonel Sanders|Blaziken, M|100/100
|move|p1a: Incineroar|Will-O-Wisp|p2a: Colonel Sanders
|-immune|p2a: Colonel Sanders
|
|upkeep
|turn|5
|
|t:|1758980186
|move|p2a: Colonel Sanders|Swords Dance|p2a: Colonel Sanders
|-boost|p2a: Colonel Sanders|atk|2
|move|p1a: Incineroar|Parting Shot|p2a: Colonel Sanders
|-unboost|p2a: Colonel Sanders|atk|1
|-unboost|p2a: Colonel Sanders|spa|1
|
|t:|1758980191
|switch|p1a: Salamence|Salamence, F|100/100|[from] Parting Shot
|-ability|p1a: Salamence|Intimidate|boost
|-unboost|p2a: Colonel Sanders|atk|1
|
|-ability|p2a: Colonel Sanders|Speed Boost|boost
|-boost|p2a: Colonel Sanders|spe|1
|upkeep
|turn|6
|
|t:|1758980201
|switch|p2a: Neru|Raging Bolt|100/100
|move|p1a: Salamence|Hydro Pump|p2a: Neru
|-resisted|p2a: Neru
|-damage|p2a: Neru|86/100
|
|upkeep
|turn|7
|
|t:|1758980211
|switch|p1a: Bastiodon|Bastiodon, M|100/100
|-terastallize|p2a: Neru|Fairy
|move|p2a: Neru|Draco Meteor|p1a: Bastiodon
|-resisted|p1a: Bastiodon
|-damage|p1a: Bastiodon|51/100
|-unboost|p2a: Neru|spa|2
|
|-heal|p1a: Bastiodon|57/100|[from] item: Leftovers
|upkeep
|turn|8
|
|t:|1758980222
|-end|p2a: Neru|Protosynthesis|[silent]
|switch|p2a: Tusk Act 4|Great Tusk|100/100
|move|p1a: Bastiodon|Iron Defense|p1a: Bastiodon
|-boost|p1a: Bastiodon|def|2
|
|-heal|p1a: Bastiodon|63/100|[from] item: Leftovers
|upkeep
|turn|9
|
|t:|1758980230
|-terastallize|p1a: Bastiodon|Fighting
|move|p2a: Tusk Act 4|Stealth Rock|p1a: Bastiodon
|-sidestart|p1: aqwsxza|move: Stealth Rock
|move|p1a: Bastiodon|Iron Defense|p1a: Bastiodon
|-boost|p1a: Bastiodon|def|2
|
|-heal|p1a: Bastiodon|70/100|[from] item: Leftovers
|upkeep
|turn|10
|
|t:|1758980241
|-end|p2a: Tusk Act 4|Protosynthesis|[silent]
|switch|p2a: 大鱼|Dondozo, M|100/100
|move|p1a: Bastiodon|Iron Defense|p1a: Bastiodon
|-boost|p1a: Bastiodon|def|2
|
|-heal|p1a: Bastiodon|76/100|[from] item: Leftovers
|upkeep
|turn|11
|
|t:|1758980248
|move|p2a: 大鱼|Curse|p2a: 大鱼
|-unboost|p2a: 大鱼|spe|1
|-boost|p2a: 大鱼|atk|1
|-boost|p2a: 大鱼|def|1
|move|p1a: Bastiodon|Body Press|p2a: 大鱼
|-damage|p2a: 大鱼|84/100
|-damage|p1a: Bastiodon|59/100|[from] item: Rocky Helmet|[of] p2a: 大鱼
|
|-heal|p1a: Bastiodon|65/100|[from] item: Leftovers
|upkeep
|turn|12
|
|t:|1758980257
|switch|p1a: Vikavolt|Vikavolt, M, shiny|100/100
|-damage|p1a: Vikavolt|76/100|[from] Stealth Rock
|move|p2a: 大鱼|Curse|p2a: 大鱼
|-unboost|p2a: 大鱼|spe|1
|-boost|p2a: 大鱼|atk|1
|-boost|p2a: 大鱼|def|1
|
|upkeep
|turn|13
|
|t:|1758980267
|switch|p2a: Tusk Act 4|Great Tusk|100/100
|move|p1a: Vikavolt|Discharge|p2a: Tusk Act 4
|-immune|p2a: Tusk Act 4
|
|upkeep
|turn|14
|
|t:|1758980273
|move|p2a: Tusk Act 4|Ice Spinner|p1a: Vikavolt
|-damage|p1a: Vikavolt|45/100
|-damage|p2a: Tusk Act 4|84/100|[from] item: Rocky Helmet|[of] p1a: Vikavolt
|move|p1a: Vikavolt|Energy Ball|p2a: Tusk Act 4
|-supereffective|p2a: Tusk Act 4
|-damage|p2a: Tusk Act 4|0 fnt
|faint|p2a: Tusk Act 4
|-end|p2a: Tusk Act 4|Protosynthesis|[silent]
|
|upkeep
|
|t:|1758980284
|switch|p2a: Neru|Raging Bolt, tera:Fairy|86/100
|turn|15
|
|t:|1758980289
|move|p2a: Neru|Draco Meteor|p1a: Vikavolt
|-damage|p1a: Vikavolt|0 fnt
|-unboost|p2a: Neru|spa|2
|faint|p1a: Vikavolt
|
|upkeep
|
|t:|1758980308
|switch|p1a: Bastiodon|Bastiodon, M, tera:Fighting|65/100
|-damage|p1a: Bastiodon|59/100|[from] Stealth Rock
|turn|16
|
|t:|1758980313
|-end|p2a: Neru|Protosynthesis|[silent]
|switch|p2a: 大鱼|Dondozo, M|84/100
|move|p1a: Bastiodon|Iron Defense|p1a: Bastiodon
|-boost|p1a: Bastiodon|def|2
|
|-heal|p1a: Bastiodon|65/100|[from] item: Leftovers
|upkeep
|turn|17
|
|t:|1758980322
|switch|p1a: Incineroar|Incineroar, F|100/100
|-damage|p1a: Incineroar|76/100|[from] Stealth Rock
|-ability|p1a: Incineroar|Intimidate|boost
|-unboost|p2a: 大鱼|atk|1
|move|p2a: 大鱼|Body Press|p1a: Incineroar
|-supereffective|p1a: Incineroar
|-damage|p1a: Incineroar|31/100
|-enditem|p1a: Incineroar|Sitrus Berry|[eat]
|-heal|p1a: Incineroar|56/100|[from] item: Sitrus Berry
|
|upkeep
|turn|18
|
|t:|1758980333
|move|p1a: Incineroar|Parting Shot|p2a: 大鱼
|-unboost|p2a: 大鱼|atk|1
|-unboost|p2a: 大鱼|spa|1
|
|t:|1758980340
|switch|p1a: Salamence|Salamence, F|100/100|[from] Parting Shot
|-damage|p1a: Salamence|76/100|[from] Stealth Rock
|-ability|p1a: Salamence|Intimidate|boost
|-unboost|p2a: 大鱼|atk|1
|move|p2a: 大鱼|Body Press|p1a: Salamence
|-resisted|p1a: Salamence
|-damage|p1a: Salamence|61/100
|
|upkeep
|turn|19
|
|t:|1758980349
|move|p1a: Salamence|Hurricane|p2a: 大鱼
|-damage|p2a: 大鱼|39/100
|move|p2a: 大鱼|Curse|p2a: 大鱼
|-unboost|p2a: 大鱼|spe|1
|-boost|p2a: 大鱼|atk|1
|-boost|p2a: 大鱼|def|1
|
|upkeep
|turn|20
|
|t:|1758980359
|switch|p2a: Neru|Raging Bolt, tera:Fairy|86/100
|move|p1a: Salamence|Hurricane|p2a: Neru|[miss]
|-miss|p1a: Salamence|p2a: Neru
|
|upkeep
|turn|21
|
|t:|1758980370
|switch|p1a: Bastiodon|Bastiodon, M, tera:Fighting|65/100
|-damage|p1a: Bastiodon|59/100|[from] Stealth Rock
|move|p2a: Neru|Draco Meteor|p1a: Bastiodon
|-damage|p1a: Bastiodon|0 fnt
|-unboost|p2a: Neru|spa|2
|faint|p1a: Bastiodon
|
|upkeep
|
|t:|1758980378
|switch|p1a: Slaking|Slaking, F|100/100
|-damage|p1a: Slaking|88/100|[from] Stealth Rock
|turn|22
|
|t:|1758980384
|-end|p2a: Neru|Protosynthesis|[silent]
|switch|p2a: 大鱼|Dondozo, M|39/100
|move|p1a: Slaking|Knock Off|p2a: 大鱼
|-damage|p2a: 大鱼|12/100
|-damage|p1a: Slaking|72/100|[from] item: Rocky Helmet|[of] p2a: 大鱼
|-enditem|p2a: 大鱼|Rocky Helmet|[from] move: Knock Off|[of] p1a: Slaking
|
|upkeep
|turn|23
|
|t:|1758980393
|switch|p1a: Salamence|Salamence, F|61/100
|-damage|p1a: Salamence|37/100|[from] Stealth Rock
|-ability|p1a: Salamence|Intimidate|boost
|-unboost|p2a: 大鱼|atk|1
|move|p2a: 大鱼|Rest|p2a: 大鱼
|-status|p2a: 大鱼|slp|[from] move: Rest
|-heal|p2a: 大鱼|100/100 slp|[silent]
|
|upkeep
|turn|24
|
|t:|1758980405
|switch|p2a: Neru|Raging Bolt, tera:Fairy|86/100
|move|p1a: Salamence|Hurricane|p2a: Neru
|-damage|p2a: Neru|44/100
|
|upkeep
|turn|25
|
|t:|1758980414
|move|p2a: Neru|Thunderclap|p1a: Salamence
|-damage|p1a: Salamence|0 fnt
|faint|p1a: Salamence
|
|upkeep
|
|t:|1758980420
|switch|p1a: Slaking|Slaking, F|72/100
|-damage|p1a: Slaking|59/100|[from] Stealth Rock
|turn|26
|
|t:|1758980425
|move|p2a: Neru|Thunderclap|p1a: Slaking
|-damage|p1a: Slaking|0 fnt
|faint|p1a: Slaking
|
|upkeep
|-message|aqwsxza forfeited.
|
|win|Jzcool
|raw|aqwsxza's rating: 1148 &rarr; <strong>1122</strong><br />(-26 for losing)
|raw|Jzcool's rating: 1130 &rarr; <strong>1156</strong><br />(+26 for winning)
|l|‽aqwsxza
|player|p1|
|l|☆Jzcool
|player|p2|
