|j|☆Chromelaser
|j|☆Barthozze
|t:|1758979349
|gametype|singles
|player|p1|Chromelaser|marshal|1107
|player|p2|Barthozze|alder|1127
|gen|9
|tier|[Gen 9] OU
|rated|
|rule|HP Percentage Mod: HP is shown in percentages
|rule|Endless Battle Clause: Forcing endless battles is banned
|rule|Species Clause: Limit one of each Pokémon
|rule|OHKO Clause: OHKO moves are banned
|rule|Evasion Items Clause: Evasion items are banned
|rule|Evasion Moves Clause: Evasion moves are banned
|rule|Evasion Abilities Clause: Evasion abilities are banned
|rule|Sleep Moves Clause: Sleep-inducing moves are banned
|clearpoke
|poke|p1|Smeargle, M|
|poke|p1|Mimikyu, F|
|poke|p1|Froslass, F|
|poke|p1|Houndoom, M|
|poke|p1|Gengar, M|
|poke|p1|Kyurem|
|poke|p2|Gardevoir, M|
|poke|p2|Ceruledge, M|
|poke|p2|Gogoat, F|
|poke|p2|Weezing-Galar, F|
|poke|p2|Iron Crown|
|poke|p2|Kingambit, M|
|teampreview
|inactive|Battle timer is ON: inactive players will automatically lose when time's up. (requested by Chromelaser)
|
|t:|1758979364
|teamsize|p1|6
|teamsize|p2|6
|start
|switch|p1a: Razor|Smeargle, M, shiny|100/100
|switch|p2a: Ceruledge|Ceruledge, M, shiny|100/100
|turn|1
|
|t:|1758979381
|move|p2a: Ceruledge|Taunt|p1a: Razor
|-start|p1a: Razor|move: Taunt
|cant|p1a: Razor|move: Taunt|Shell Smash
|
|upkeep
|turn|2
|
|t:|1758979399
|switch|p1a: Happy|Gengar, M, shiny|100/100
|move|p2a: Ceruledge|Bulk Up|p2a: Ceruledge
|-boost|p2a: Ceruledge|atk|1
|-boost|p2a: Ceruledge|def|1
|
|upkeep
|turn|3
|
|t:|1758979419
|move|p2a: Ceruledge|Shadow Sneak|p1a: Happy
|-supereffective|p1a: Happy
|-damage|p1a: Happy|0 fnt
|faint|p1a: Happy
|
|upkeep
|
|t:|1758979432
|switch|p1a: Doomsday|Houndoom, M, shiny|100/100
|-ability|p1a: Doomsday|Unnerve
|turn|4
|
|t:|1758979453
|switch|p2a: Gogoat|Gogoat, F|100/100
|move|p1a: Doomsday|Dark Pulse|p2a: Gogoat
|-damage|p2a: Gogoat|79/100
|
|upkeep
|turn|5
|
|t:|1758979463
|switch|p1a: Omega|Kyurem, shiny|100/100
|-ability|p1a: Omega|Pressure
|move|p2a: Gogoat|Earthquake|p1a: Omega
|-damage|p1a: Omega|79/100
|
|upkeep
|turn|6
|
|t:|1758979472
|move|p1a: Omega|Dragon Dance|p1a: Omega
|-boost|p1a: Omega|atk|1
|-boost|p1a: Omega|spe|1
|move|p2a: Gogoat|Leech Seed|p1a: Omega|[miss]
|-miss|p2a: Gogoat|p1a: Omega
|
|upkeep
|turn|7
|
|t:|1758979481
|move|p1a: Omega|Icicle Spear|p2a: Gogoat
|-supereffective|p2a: Gogoat
|-damage|p2a: Gogoat|32/100
|-supereffective|p2a: Gogoat
|-damage|p2a: Gogoat|0 fnt
|faint|p2a: Gogoat
|-hitcount|p2: Gogoat|2
|
|upkeep
|
|t:|1758979497
|switch|p2a: Kingambit|Kingambit, M|100/100
|-activate|p2a: Kingambit|ability: Supreme Overlord
|-start|p2a: Kingambit|fallen1|[silent]
|turn|8
|
|t:|1758979507
|move|p1a: Omega|Body Press|p2a: Kingambit
|-supereffective|p2a: Kingambit
|-damage|p2a: Kingambit|49/100
|move|p2a: Kingambit|Low Kick|p1a: Omega
|-supereffective|p1a: Omega
|-damage|p1a: Omega|0 fnt
|faint|p1a: Omega
|
|-heal|p2a: Kingambit|55/100|[from] item: Leftovers
|upkeep
|
|t:|1758979521
|switch|p1a: Razor|Smeargle, M, shiny|100/100
|turn|9
|
|t:|1758979535
|-end|p2a: Kingambit|fallen1|[silent]
|switch|p2a: Weezing|Weezing-Galar, F|100/100
|move|p1a: Razor|Shell Smash|p1a: Razor
|-unboost|p1a: Razor|def|1
|-unboost|p1a: Razor|spd|1
|-boost|p1a: Razor|atk|2
|-boost|p1a: Razor|spa|2
|-boost|p1a: Razor|spe|2
|
|upkeep
|turn|10
|
|t:|1758979548
|move|p1a: Razor|Shell Smash|p1a: Razor
|-unboost|p1a: Razor|def|1
|-unboost|p1a: Razor|spd|1
|-boost|p1a: Razor|atk|2
|-boost|p1a: Razor|spa|2
|-boost|p1a: Razor|spe|2
|move|p2a: Weezing|Sludge Bomb|p1a: Razor
|-crit|p1a: Razor
|-enditem|p1a: Razor|Focus Sash
|-damage|p1a: Razor|1/100
|
|upkeep
|turn|11
|
|t:|1758979568
|-terastallize|p1a: Razor|Normal
|move|p1a: Razor|Boomburst|p2a: Weezing
|-damage|p2a: Weezing|0 fnt
|faint|p2a: Weezing
|
|upkeep
|inactive|Barthozze has 120 seconds left.
|
|t:|1758979591
|switch|p2a: Iron Crown|Iron Crown|100/100
|-enditem|p2a: Iron Crown|Booster Energy
|-activate|p2a: Iron Crown|ability: Quark Drive|[fromitem]
|-start|p2a: Iron Crown|quarkdrivespa
|turn|12
|inactive|Barthozze has 120 seconds left.
|
|t:|1758979599
|move|p1a: Razor|Destiny Bond|p1a: Razor
|-singlemove|p1a: Razor|Destiny Bond
|move|p2a: Iron Crown|Tachyon Cutter|p1a: Razor
|-damage|p1a: Razor|0 fnt
|faint|p1a: Razor
|-activate|p1a: Razor|move: Destiny Bond
|faint|p2a: Iron Crown
|-end|p2a: Iron Crown|Quark Drive|[silent]
|-hitcount|p1: Razor|1
|
|upkeep
|inactive|Barthozze has 120 seconds left.
|
|t:|1758979616
|switch|p1a: Trainee|Mimikyu, F|100/100
|switch|p2a: Gardevoir|Gardevoir, M|100/100
|turn|13
|
|t:|1758979630
|move|p2a: Gardevoir|Moonblast|p1a: Trainee
|-activate|p1a: Trainee|ability: Disguise
|-damage|p1a: Trainee|100/100
|detailschange|p1a: Trainee|Mimikyu-Busted, F
|-damage|p1a: Trainee|88/100|[from] pokemon: Mimikyu-Busted
|move|p1a: Trainee|Hone Claws|p1a: Trainee
|-boost|p1a: Trainee|atk|1
|-boost|p1a: Trainee|accuracy|1
|
|upkeep
|turn|14
|
|t:|1758979648
|move|p2a: Gardevoir|Moonblast|p1a: Trainee
|-damage|p1a: Trainee|26/100
|-unboost|p1a: Trainee|spa|1
|move|p1a: Trainee|Play Rough|p2a: Gardevoir
|-damage|p2a: Gardevoir|1/100
|
|upkeep
|turn|15
|
|t:|1758979660
|move|p1a: Trainee|Endure|p1a: Trainee
|-singleturn|p1a: Trainee|move: Endure
|move|p2a: Gardevoir|Moonblast|p1a: Trainee
|-activate|p1a: Trainee|move: Endure
|-damage|p1a: Trainee|1/100
|-unboost|p1a: Trainee|spa|1
|-enditem|p1a: Trainee|Salac Berry|[eat]
|-boost|p1a: Trainee|spe|1|[from] item: Salac Berry
|
|upkeep
|turn|16
|
|t:|1758979672
|move|p1a: Trainee|Play Rough|p2a: Gardevoir
|-damage|p2a: Gardevoir|0 fnt
|faint|p2a: Gardevoir
|
|upkeep
|
|t:|1758979677
|switch|p2a: Ceruledge|Ceruledge, M, shiny|100/100
|turn|17
|
|t:|1758979685
|-terastallize|p2a: Ceruledge|Bug
|move|p1a: Trainee|Endure|p1a: Trainee
|-singleturn|p1a: Trainee|move: Endure
|move|p2a: Ceruledge|Shadow Sneak|p1a: Trainee
|-supereffective|p1a: Trainee
|-activate|p1a: Trainee|move: Endure
|-damage|p1a: Trainee|1/100
|
|upkeep
|turn|18
|
|t:|1758979694
|move|p2a: Ceruledge|Shadow Sneak|p1a: Trainee
|-supereffective|p1a: Trainee
|-damage|p1a: Trainee|0 fnt
|faint|p1a: Trainee
|
|upkeep
|
|t:|1758979698
|switch|p1a: Charlotte|Froslass, F, shiny|100/100
|turn|19
|
|t:|1758979707
|switch|p1a: Doomsday|Houndoom, M, shiny|100/100
|-ability|p1a: Doomsday|Unnerve
|move|p2a: Ceruledge|Bulk Up|p2a: Ceruledge
|-boost|p2a: Ceruledge|atk|1
|-boost|p2a: Ceruledge|def|1
|
|upkeep
|turn|20
|
|t:|1758979716
|move|p1a: Doomsday|Fire Blast|p2a: Ceruledge
|-start|p2a: Ceruledge|ability: Flash Fire
|move|p2a: Ceruledge|Bitter Blade|p1a: Doomsday
|-resisted|p1a: Doomsday
|-damage|p1a: Doomsday|0 fnt
|faint|p1a: Doomsday
|
|upkeep
|
|t:|1758979726
|switch|p1a: Charlotte|Froslass, F, shiny|100/100
|turn|21
|
|t:|1758979731
|move|p2a: Ceruledge|Shadow Sneak|p1a: Charlotte
|-supereffective|p1a: Charlotte
|-damage|p1a: Charlotte|2/100
|move|p1a: Charlotte|Destiny Bond|p1a: Charlotte
|-singlemove|p1a: Charlotte|Destiny Bond
|
|upkeep
|turn|22
|-message|Chromelaser forfeited.
|
|win|Barthozze
|raw|Chromelaser's rating: 1107 &rarr; <strong>1083</strong><br />(-24 for losing)
|raw|Barthozze's rating: 1127 &rarr; <strong>1151</strong><br />(+24 for winning)
|l|☆Chromelaser
|player|p1|
|l|☆Barthozze
|player|p2|
