|j|☆ahoshawott
|j|☆ash5501
|t:|1758995368
|gametype|singles
|player|p1|ahoshawott|102|1107
|player|p2|ash5501|101|1147
|gen|9
|tier|[Gen 9] OU
|rated|
|rule|HP Percentage Mod: HP is shown in percentages
|rule|Endless Battle Clause: Forcing endless battles is banned
|rule|Species Clause: Limit one of each Pokémon
|rule|OHKO Clause: OHKO moves are banned
|rule|Evasion Items Clause: Evasion items are banned
|rule|Evasion Moves Clause: Evasion moves are banned
|rule|Evasion Abilities Clause: Evasion abilities are banned
|rule|Sleep Moves Clause: Sleep-inducing moves are banned
|clearpoke
|poke|p1|Electrode|
|poke|p1|Flareon, F|
|poke|p1|Cloyster, F|
|poke|p1|Weezing, M|
|poke|p1|Exeggutor, F|
|poke|p1|Magneton|
|poke|p2|Dragonite, M|
|poke|p2|Umbreon, F|
|poke|p2|Azumarill, M|
|poke|p2|Donphan, F|
|poke|p2|Scizor, F|
|poke|p2|Entei|
|teampreview
|inactive|Battle timer is ON: inactive players will automatically lose when time's up. (requested by ash5501)
|
|t:|1758995384
|teamsize|p1|6
|teamsize|p2|6
|start
|switch|p1a: Exeggutor|Exeggutor, F|100/100
|switch|p2a: Donphan|Donphan, F|100/100
|turn|1
|
|t:|1758995391
|move|p1a: Exeggutor|Giga Drain|p2a: Donphan
|-supereffective|p2a: Donphan
|-damage|p2a: Donphan|4/100
|move|p2a: Donphan|Stealth Rock|p1a: Exeggutor
|-sidestart|p1: ahoshawott|move: Stealth Rock
|
|upkeep
|turn|2
|
|t:|1758995397
|move|p2a: Donphan|Ice Shard|p1a: Exeggutor
|-supereffective|p1a: Exeggutor
|-damage|p1a: Exeggutor|79/100
|move|p1a: Exeggutor|Reflect|p1a: Exeggutor
|-sidestart|p1: ahoshawott|Reflect
|
|upkeep
|turn|3
|
|t:|1758995400
|move|p2a: Donphan|Ice Shard|p1a: Exeggutor
|-supereffective|p1a: Exeggutor
|-damage|p1a: Exeggutor|69/100
|move|p1a: Exeggutor|Psychic Noise|p2a: Donphan
|-damage|p2a: Donphan|0 fnt
|faint|p2a: Donphan
|
|upkeep
|
|t:|1758995416
|switch|p2a: Umbreon|Umbreon, F|100/100
|turn|4
|
|t:|1758995430
|switch|p1a: Magneton|Magneton|100/100
|-damage|p1a: Magneton|94/100|[from] Stealth Rock
|move|p2a: Umbreon|Toxic|p1a: Magneton
|-immune|p1a: Magneton
|
|upkeep
|turn|5
|
|t:|1758995438
|switch|p2a: Entei|Entei|100/100
|move|p1a: Magneton|Thunderbolt|p2a: Entei
|-damage|p2a: Entei|47/100
|
|upkeep
|turn|6
|
|t:|1758995443
|move|p2a: Entei|Sacred Fire|p1a: Magneton
|-supereffective|p1a: Magneton
|-damage|p1a: Magneton|49/100
|move|p1a: Magneton|Thunderbolt|p2a: Entei
|-damage|p2a: Entei|0 fnt
|faint|p2a: Entei
|
|-sideend|p1: ahoshawott|Reflect
|upkeep
|
|t:|1758995449
|switch|p2a: Dragonite|Dragonite, M|100/100
|turn|7
|
|t:|1758995452
|move|p2a: Dragonite|Dragon Dance|p2a: Dragonite
|-boost|p2a: Dragonite|atk|1
|-boost|p2a: Dragonite|spe|1
|move|p1a: Magneton|Tri Attack|p2a: Dragonite
|-damage|p2a: Dragonite|86/100
|-status|p2a: Dragonite|par
|
|upkeep
|turn|8
|
|t:|1758995459
|move|p2a: Dragonite|Earthquake|p1a: Magneton
|-supereffective|p1a: Magneton
|-damage|p1a: Magneton|0 fnt
|faint|p1a: Magneton
|
|upkeep
|
|t:|1758995464
|switch|p1a: Cloyster|Cloyster, F|100/100
|-damage|p1a: Cloyster|75/100|[from] Stealth Rock
|turn|9
|
|t:|1758995467
|move|p2a: Dragonite|Extreme Speed|p1a: Cloyster
|-damage|p1a: Cloyster|41/100
|move|p1a: Cloyster|Icicle Crash|p2a: Dragonite
|-supereffective|p2a: Dragonite
|-damage|p2a: Dragonite|0 fnt
|faint|p2a: Dragonite
|
|upkeep
|
|t:|1758995472
|switch|p2a: Azumarill|Azumarill, M|100/100
|turn|10
|
|t:|1758995478
|move|p1a: Cloyster|Drill Run|p2a: Azumarill
|-crit|p2a: Azumarill
|-damage|p2a: Azumarill|65/100
|move|p2a: Azumarill|Belly Drum|p2a: Azumarill
|-damage|p2a: Azumarill|15/100
|-setboost|p2a: Azumarill|atk|6|[from] move: Belly Drum
|-enditem|p2a: Azumarill|Sitrus Berry|[eat]
|-heal|p2a: Azumarill|40/100|[from] item: Sitrus Berry
|
|upkeep
|turn|11
|
|t:|1758995484
|move|p2a: Azumarill|Aqua Jet|p1a: Cloyster
|-resisted|p1a: Cloyster
|-damage|p1a: Cloyster|2/100
|move|p1a: Cloyster|Drill Run|p2a: Azumarill
|-damage|p2a: Azumarill|15/100
|
|upkeep
|turn|12
|
|t:|1758995491
|move|p1a: Cloyster|Ice Shard|p2a: Azumarill
|-resisted|p2a: Azumarill
|-damage|p2a: Azumarill|6/100
|move|p2a: Azumarill|Aqua Jet|p1a: Cloyster
|-resisted|p1a: Cloyster
|-damage|p1a: Cloyster|0 fnt
|faint|p1a: Cloyster
|
|upkeep
|
|t:|1758995496
|switch|p1a: Weezing|Weezing, M|100/100
|-damage|p1a: Weezing|88/100|[from] Stealth Rock
|turn|13
|
|t:|1758995499
|move|p2a: Azumarill|Aqua Jet|p1a: Weezing
|-damage|p1a: Weezing|25/100
|-damage|p2a: Azumarill|0 fnt|[from] item: Rocky Helmet|[of] p1a: Weezing
|faint|p2a: Azumarill
|move|p1a: Weezing|Gyro Ball|p2: Azumarill|[notarget]
|-fail|p1a: Weezing
|
|upkeep
|
|t:|1758995504
|switch|p2a: Scizor|Scizor, F|100/100
|turn|14
|
|t:|1758995507
|move|p2a: Scizor|Bullet Punch|p1a: Weezing
|-damage|p1a: Weezing|2/100
|-damage|p2a: Scizor|84/100|[from] item: Rocky Helmet|[of] p1a: Weezing
|move|p1a: Weezing|Explosion|p2a: Scizor
|-resisted|p2a: Scizor
|-damage|p2a: Scizor|59/100
|faint|p1a: Weezing
|
|upkeep
|
|t:|1758995514
|switch|p1a: Flareon|Flareon, F|100/100
|-damage|p1a: Flareon|76/100|[from] Stealth Rock
|turn|15
|
|t:|1758995526
|-terastallize|p2a: Scizor|Fire
|move|p2a: Scizor|Knock Off|p1a: Flareon
|-damage|p1a: Flareon|4/100
|-enditem|p1a: Flareon|Leftovers|[from] move: Knock Off|[of] p2a: Scizor
|move|p1a: Flareon|Overheat|p2a: Scizor
|-resisted|p2a: Scizor
|-damage|p2a: Scizor|34/100
|-unboost|p1a: Flareon|spa|2
|
|upkeep
|turn|16
|
|t:|1758995535
|move|p2a: Scizor|Bullet Punch|p1a: Flareon
|-resisted|p1a: Flareon
|-damage|p1a: Flareon|0 fnt
|faint|p1a: Flareon
|
|upkeep
|
|t:|1758995539
|switch|p1a: Electrode|Electrode|100/100
|-damage|p1a: Electrode|88/100|[from] Stealth Rock
|turn|17
|
|t:|1758995541
|move|p2a: Scizor|Bullet Punch|p1a: Electrode
|-resisted|p1a: Electrode
|-damage|p1a: Electrode|56/100
|-status|p2a: Scizor|par|[from] ability: Static|[of] p1a: Electrode
|move|p1a: Electrode|Thunderbolt|p2a: Scizor
|-damage|p2a: Scizor|0 fnt
|faint|p2a: Scizor
|
|upkeep
|
|t:|1758995544
|switch|p2a: Umbreon|Umbreon, F|100/100
|turn|18
|
|t:|1758995546
|move|p1a: Electrode|Thunderbolt|p2a: Umbreon
|-damage|p2a: Umbreon|79/100
|move|p2a: Umbreon|Toxic|p1a: Electrode
|-status|p1a: Electrode|tox
|
|-heal|p2a: Umbreon|85/100|[from] item: Leftovers
|-damage|p1a: Electrode|50/100 tox|[from] psn
|upkeep
|turn|19
|
|t:|1758995551
|move|p1a: Electrode|Thunderbolt|p2a: Umbreon
|-damage|p2a: Umbreon|60/100
|move|p2a: Umbreon|Foul Play|p1a: Electrode
|-damage|p1a: Electrode|27/100 tox
|-status|p2a: Umbreon|par|[from] ability: Static|[of] p1a: Electrode
|
|-heal|p2a: Umbreon|66/100 par|[from] item: Leftovers
|-damage|p1a: Electrode|15/100 tox|[from] psn
|upkeep
|turn|20
|
|t:|1758995555
|move|p1a: Electrode|Thunderbolt|p2a: Umbreon
|-damage|p2a: Umbreon|44/100 par
|move|p2a: Umbreon|Wish|p2a: Umbreon
|
|-heal|p2a: Umbreon|50/100 par|[from] item: Leftovers
|-damage|p1a: Electrode|0 fnt|[from] psn
|faint|p1a: Electrode
|upkeep
|
|t:|1758995560
|switch|p1a: Exeggutor|Exeggutor, F|69/100
|-damage|p1a: Exeggutor|56/100|[from] Stealth Rock
|turn|21
|
|t:|1758995563
|move|p1a: Exeggutor|Giga Drain|p2a: Umbreon
|-damage|p2a: Umbreon|28/100 par
|-heal|p1a: Exeggutor|67/100|[from] drain|[of] p2a: Umbreon
|move|p2a: Umbreon|Foul Play|p1a: Exeggutor
|-supereffective|p1a: Exeggutor
|-damage|p1a: Exeggutor|34/100
|-enditem|p1a: Exeggutor|Sitrus Berry|[eat]
|-heal|p1a: Exeggutor|59/100|[from] item: Sitrus Berry
|
|-heal|p2a: Umbreon|78/100 par|[from] move: Wish|[wisher] Umbreon
|-heal|p2a: Umbreon|84/100 par|[from] item: Leftovers
|upkeep
|turn|22
|
|t:|1758995591
|-terastallize|p1a: Exeggutor|Grass
|move|p1a: Exeggutor|Giga Drain|p2a: Umbreon
|-damage|p2a: Umbreon|57/100 par
|-heal|p1a: Exeggutor|72/100|[from] drain|[of] p2a: Umbreon
|move|p2a: Umbreon|Toxic|p1a: Exeggutor
|-status|p1a: Exeggutor|tox
|
|-heal|p2a: Umbreon|63/100 par|[from] item: Leftovers
|-damage|p1a: Exeggutor|66/100 tox|[from] psn
|upkeep
|turn|23
|inactive|ahoshawott has 120 seconds left.
|
|t:|1758995612
|move|p1a: Exeggutor|Giga Drain|p2a: Umbreon
|-damage|p2a: Umbreon|35/100 par
|-heal|p1a: Exeggutor|80/100 tox|[from] drain|[of] p2a: Umbreon
|cant|p2a: Umbreon|par
|
|-heal|p2a: Umbreon|41/100 par|[from] item: Leftovers
|-damage|p1a: Exeggutor|68/100 tox|[from] psn
|upkeep
|turn|24
|inactive|ahoshawott has 120 seconds left.
|
|t:|1758995622
|move|p1a: Exeggutor|Giga Drain|p2a: Umbreon
|-damage|p2a: Umbreon|13/100 par
|-heal|p1a: Exeggutor|82/100 tox|[from] drain|[of] p2a: Umbreon
|cant|p2a: Umbreon|par
|
|-heal|p2a: Umbreon|19/100 par|[from] item: Leftovers
|-damage|p1a: Exeggutor|63/100 tox|[from] psn
|upkeep
|turn|25
|
|t:|1758995629
|move|p2a: Umbreon|Protect|p2a: Umbreon
|-singleturn|p2a: Umbreon|Protect
|move|p1a: Exeggutor|Giga Drain|p2a: Umbreon
|-activate|p2a: Umbreon|move: Protect
|
|-heal|p2a: Umbreon|25/100 par|[from] item: Leftovers
|-damage|p1a: Exeggutor|39/100 tox|[from] psn
|-item|p1a: Exeggutor|Sitrus Berry|[from] ability: Harvest
|upkeep
|-enditem|p1a: Exeggutor|Sitrus Berry|[eat]
|-heal|p1a: Exeggutor|64/100 tox|[from] item: Sitrus Berry
|turn|26
|
|t:|1758995638
|move|p2a: Umbreon|Protect||[still]
|-fail|p2a: Umbreon
|move|p1a: Exeggutor|Giga Drain|p2a: Umbreon
|-damage|p2a: Umbreon|0 fnt
|-heal|p1a: Exeggutor|76/100 tox|[from] drain|[of] p2a: Umbreon
|faint|p2a: Umbreon
|
|win|ahoshawott
|raw|ahoshawott's rating: 1107 &rarr; <strong>1135</strong><br />(+28 for winning)
|raw|ash5501's rating: 1147 &rarr; <strong>1119</strong><br />(-28 for losing)
|l|☆ash5501
|player|p2|
|l| ahoshawott
