|j|☆GenericEdgeLrd
|j|☆outofphase44
|t:|1758939870
|gametype|singles
|player|p1|GenericEdgeLrd|gentleman-gen4|1220
|player|p2|outofphase44|266|1187
|gen|9
|tier|[Gen 9] OU
|rated|
|rule|HP Percentage Mod: HP is shown in percentages
|rule|Endless Battle Clause: Forcing endless battles is banned
|rule|Species Clause: Limit one of each Pokémon
|rule|OHKO Clause: OHKO moves are banned
|rule|Evasion Items Clause: Evasion items are banned
|rule|Evasion Moves Clause: Evasion moves are banned
|rule|Evasion Abilities Clause: Evasion abilities are banned
|rule|Sleep Moves Clause: Sleep-inducing moves are banned
|clearpoke
|poke|p1|Scizor, M|
|poke|p1|Gliscor, F|
|poke|p1|Kyurem|
|poke|p1|Ogerpon-Wellspring, F|
|poke|p1|Iron Hands|
|poke|p1|Meowscarada, F|
|poke|p2|Tentacruel, F|
|poke|p2|Pelipper, M|
|poke|p2|Thundurus-Therian, M|
|poke|p2|Gliscor, F|
|poke|p2|Scizor, F|
|poke|p2|Clefable, M|
|teampreview
|inactive|Battle timer is ON: inactive players will automatically lose when time's up. (requested by GenericEdgeLrd)
|
|t:|1758939883
|teamsize|p1|6
|teamsize|p2|6
|start
|switch|p1a: Iron Hands|Iron Hands|100/100
|switch|p2a: Pelipper|Pelipper, M|100/100
|-weather|RainDance|[from] ability: Drizzle|[of] p2a: Pelipper
|turn|1
|
|t:|1758939895
|switch|p2a: Thundurus|Thundurus-Therian, M|100/100
|move|p1a: Iron Hands|Ice Punch|p2a: Thundurus
|-supereffective|p2a: Thundurus
|-damage|p2a: Thundurus|10/100
|
|-weather|RainDance|[upkeep]
|upkeep
|turn|2
|
|t:|1758939908
|-end|p1a: Iron Hands|Quark Drive|[silent]
|switch|p1a: Kyurem|Kyurem|100/100
|-ability|p1a: Kyurem|Pressure
|move|p2a: Thundurus|Volt Switch|p1a: Kyurem
|-resisted|p1a: Kyurem
|-damage|p1a: Kyurem|78/100
|
|t:|1758939925
|switch|p2a: Scizor|Scizor, F|100/100|[from] Volt Switch
|
|-weather|RainDance|[upkeep]
|upkeep
|turn|3
|
|t:|1758939936
|switch|p1a: Scizor|Scizor, M|100/100
|move|p2a: Scizor|Knock Off|p1a: Scizor
|-damage|p1a: Scizor|62/100
|-enditem|p1a: Scizor|Life Orb|[from] move: Knock Off|[of] p2a: Scizor
|
|-weather|RainDance|[upkeep]
|upkeep
|turn|4
|inactive|outofphase44 has 120 seconds left.
|
|t:|1758939957
|switch|p2a: Gliscor|Gliscor, F|100/100
|move|p1a: Scizor|U-turn|p2a: Gliscor
|-resisted|p2a: Gliscor
|-damage|p2a: Gliscor|88/100
|
|t:|1758939964
|switch|p1a: Kyurem|Kyurem|78/100|[from] U-turn
|-ability|p1a: Kyurem|Pressure
|
|-weather|RainDance|[upkeep]
|-status|p2a: Gliscor|tox|[from] item: Toxic Orb
|upkeep
|turn|5
|
|t:|1758939969
|move|p2a: Gliscor|Protect|p2a: Gliscor
|-singleturn|p2a: Gliscor|Protect
|move|p1a: Kyurem|Freeze-Dry|p2a: Gliscor
|-activate|p2a: Gliscor|move: Protect
|
|-weather|RainDance|[upkeep]
|-heal|p2a: Gliscor|99/100 tox|[from] ability: Poison Heal
|upkeep
|turn|6
|
|t:|1758939984
|switch|p2a: Tentacruel|Tentacruel, F|100/100
|move|p1a: Kyurem|Dragon Dance|p1a: Kyurem
|-boost|p1a: Kyurem|atk|1
|-boost|p1a: Kyurem|spe|1
|
|-weather|RainDance|[upkeep]
|upkeep
|turn|7
|
|t:|1758939997
|move|p1a: Kyurem|Freeze-Dry|p2a: Tentacruel
|-supereffective|p2a: Tentacruel
|-damage|p2a: Tentacruel|56/100
|move|p2a: Tentacruel|Toxic|p1a: Kyurem
|-status|p1a: Kyurem|tox
|
|-weather|RainDance|[upkeep]
|-heal|p2a: Tentacruel|62/100|[from] ability: Rain Dish
|-heal|p2a: Tentacruel|68/100|[from] item: Leftovers
|-damage|p1a: Kyurem|72/100 tox|[from] psn
|upkeep
|turn|8
|
|t:|1758940010
|move|p1a: Kyurem|Scale Shot|p2a: Tentacruel
|-damage|p2a: Tentacruel|48/100
|-damage|p2a: Tentacruel|26/100
|-damage|p2a: Tentacruel|3/100
|-damage|p2a: Tentacruel|0 fnt
|faint|p2a: Tentacruel
|-hitcount|p2: Tentacruel|4
|-unboost|p1a: Kyurem|def|1
|-boost|p1a: Kyurem|spe|1
|
|-weather|none
|-damage|p1a: Kyurem|59/100 tox|[from] psn
|upkeep
|inactive|outofphase44 has 120 seconds left.
|
|t:|1758940026
|switch|p2a: Scizor|Scizor, F|100/100
|turn|9
|
|t:|1758940035
|switch|p1a: Iron Hands|Iron Hands|100/100
|move|p2a: Scizor|Bullet Punch|p1a: Iron Hands
|-resisted|p1a: Iron Hands
|-damage|p1a: Iron Hands|90/100
|
|upkeep
|turn|10
|inactive|outofphase44 has 120 seconds left.
|
|t:|1758940053
|move|p2a: Scizor|U-turn|p1a: Iron Hands
|-resisted|p1a: Iron Hands
|-damage|p1a: Iron Hands|77/100
|inactive|outofphase44 has 120 seconds left.
|
|t:|1758940063
|switch|p2a: Clefable|Clefable, M|100/100|[from] U-turn
|move|p1a: Iron Hands|Thunder Punch|p2a: Clefable
|-damage|p2a: Clefable|65/100
|
|upkeep
|turn|11
|inactive|outofphase44 has 120 seconds left.
|
|t:|1758940079
|move|p2a: Clefable|Reflect|p2a: Clefable
|-sidestart|p2: outofphase44|Reflect
|move|p1a: Iron Hands|Heavy Slam|p2a: Clefable
|-supereffective|p2a: Clefable
|-damage|p2a: Clefable|28/100
|
|upkeep
|turn|12
|inactive|outofphase44 has 120 seconds left.
|
|t:|1758940093
|-end|p1a: Iron Hands|Quark Drive|[silent]
|switch|p1a: Ogerpon|Ogerpon-Wellspring, F|100/100
|move|p2a: Clefable|Alluring Voice|p1a: Ogerpon
|-damage|p1a: Ogerpon|71/100
|
|upkeep
|turn|13
|inactive|outofphase44 has 120 seconds left.
|
|t:|1758940108
|move|p1a: Ogerpon|Ivy Cudgel|p2a: Clefable|[anim] Ivy Cudgel Water
|-damage|p2a: Clefable|6/100
|move|p2a: Clefable|Alluring Voice|p1a: Ogerpon
|-damage|p1a: Ogerpon|38/100
|
|upkeep
|turn|14
|inactive|outofphase44 has 120 seconds left.
|
|t:|1758940124
|move|p1a: Ogerpon|U-turn|p2a: Clefable
|-resisted|p2a: Clefable
|-damage|p2a: Clefable|1/100
|
|t:|1758940131
|switch|p1a: Gliscor|Gliscor, F|100/100|[from] U-turn
|move|p2a: Clefable|Alluring Voice|p1a: Gliscor
|-damage|p1a: Gliscor|63/100
|
|-status|p1a: Gliscor|tox|[from] item: Toxic Orb
|upkeep
|turn|15
|inactive|outofphase44 has 120 seconds left.
|
|t:|1758940143
|move|p1a: Gliscor|Protect|p1a: Gliscor
|-singleturn|p1a: Gliscor|Protect
|move|p2a: Clefable|Reflect||[still]
|-fail|p2a: Clefable
|
|-heal|p1a: Gliscor|76/100 tox|[from] ability: Poison Heal
|upkeep
|turn|16
|inactive|outofphase44 has 120 seconds left.
|
|t:|1758940158
|move|p1a: Gliscor|Earthquake|p2a: Clefable
|-damage|p2a: Clefable|0 fnt
|faint|p2a: Clefable
|
|-heal|p1a: Gliscor|88/100 tox|[from] ability: Poison Heal
|upkeep
|
|t:|1758940166
|switch|p2a: Pelipper|Pelipper, M|100/100
|-weather|RainDance|[from] ability: Drizzle|[of] p2a: Pelipper
|turn|17
|inactive|outofphase44 has 120 seconds left.
|
|t:|1758940176
|move|p1a: Gliscor|Protect|p1a: Gliscor
|-singleturn|p1a: Gliscor|Protect
|move|p2a: Pelipper|Hurricane|p1a: Gliscor
|-activate|p1a: Gliscor|move: Protect
|
|-weather|RainDance|[upkeep]
|-heal|p1a: Gliscor|100/100 tox|[from] ability: Poison Heal
|upkeep
|turn|18
|inactive|outofphase44 has 120 seconds left.
|
|t:|1758940188
|switch|p1a: Scizor|Scizor, M|62/100
|move|p2a: Pelipper|Feather Dance|p1a: Scizor
|-unboost|p1a: Scizor|atk|2
|
|-weather|RainDance|[upkeep]
|-sideend|p2: outofphase44|Reflect
|upkeep
|turn|19
|inactive|outofphase44 has 120 seconds left.
|
|t:|1758940200
|move|p2a: Pelipper|Hurricane|p1a: Scizor
|-damage|p1a: Scizor|21/100
|move|p1a: Scizor|U-turn|p2a: Pelipper
|-resisted|p2a: Pelipper
|-damage|p2a: Pelipper|93/100
|
|t:|1758940205
|switch|p1a: Iron Hands|Iron Hands|77/100|[from] U-turn
|
|-weather|RainDance|[upkeep]
|upkeep
|turn|20
|
|t:|1758940215
|move|p2a: Pelipper|Protect|p2a: Pelipper
|-singleturn|p2a: Pelipper|Protect
|move|p1a: Iron Hands|Ice Punch|p2a: Pelipper
|-activate|p2a: Pelipper|move: Protect
|
|-weather|RainDance|[upkeep]
|upkeep
|turn|21
|
|t:|1758940228
|switch|p2a: Scizor|Scizor, F|100/100
|move|p1a: Iron Hands|Thunder Punch|p2a: Scizor
|-damage|p2a: Scizor|53/100
|-damage|p1a: Iron Hands|60/100|[from] item: Rocky Helmet|[of] p2a: Scizor
|
|-weather|RainDance|[upkeep]
|upkeep
|turn|22
|inactive|outofphase44 has 120 seconds left.
|
|t:|1758940253
|move|p2a: Scizor|Close Combat|p1a: Iron Hands
|-damage|p1a: Iron Hands|32/100
|-unboost|p2a: Scizor|def|1
|-unboost|p2a: Scizor|spd|1
|move|p1a: Iron Hands|Close Combat|p2a: Scizor
|-damage|p2a: Scizor|0 fnt
|-unboost|p1a: Iron Hands|def|1
|-unboost|p1a: Iron Hands|spd|1
|-damage|p1a: Iron Hands|15/100|[from] item: Rocky Helmet|[of] p2a: Scizor
|faint|p2a: Scizor
|
|-weather|RainDance|[upkeep]
|upkeep
|
|t:|1758940260
|switch|p2a: Thundurus|Thundurus-Therian, M|10/100
|turn|23
|inactive|outofphase44 has 120 seconds left.
|
|t:|1758940267
|-end|p1a: Iron Hands|Quark Drive|[silent]
|switch|p1a: Gliscor|Gliscor, F|100/100 tox
|move|p2a: Thundurus|Thunder|p1a: Gliscor
|-immune|p1a: Gliscor
|
|-weather|RainDance|[upkeep]
|upkeep
|turn|24
|
|t:|1758940276
|move|p2a: Thundurus|Taunt|p1a: Gliscor
|-start|p1a: Gliscor|move: Taunt
|cant|p1a: Gliscor|move: Taunt|Swords Dance
|
|-weather|none
|upkeep
|turn|25
|
|t:|1758940286
|move|p2a: Thundurus|Nasty Plot|p2a: Thundurus
|-boost|p2a: Thundurus|spa|2
|move|p1a: Gliscor|Knock Off|p2a: Thundurus
|-damage|p2a: Thundurus|0 fnt
|-enditem|p2a: Thundurus|Heavy-Duty Boots|[from] move: Knock Off|[of] p1a: Gliscor
|faint|p2a: Thundurus
|
|upkeep
|
|t:|1758940293
|switch|p2a: Pelipper|Pelipper, M|93/100
|-weather|RainDance|[from] ability: Drizzle|[of] p2a: Pelipper
|turn|26
|
|t:|1758940304
|switch|p1a: Scizor|Scizor, M|21/100
|move|p2a: Pelipper|Hurricane|p1a: Scizor
|-damage|p1a: Scizor|0 fnt
|faint|p1a: Scizor
|
|-weather|RainDance|[upkeep]
|upkeep
|
|t:|1758940307
|switch|p1a: Kyurem|Kyurem|59/100 tox
|-ability|p1a: Kyurem|Pressure
|turn|27
|
|t:|1758940322
|-terastallize|p2a: Pelipper|Water
|move|p1a: Kyurem|Dragon Dance|p1a: Kyurem
|-boost|p1a: Kyurem|atk|1
|-boost|p1a: Kyurem|spe|1
|move|p2a: Pelipper|Hurricane|p1a: Kyurem
|-damage|p1a: Kyurem|24/100 tox
|
|-weather|RainDance|[upkeep]
|-damage|p1a: Kyurem|18/100 tox|[from] psn
|upkeep
|turn|28
|
|t:|1758940332
|-terastallize|p1a: Kyurem|Dragon
|move|p1a: Kyurem|Scale Shot|p2a: Pelipper
|-damage|p2a: Pelipper|75/100
|-damage|p2a: Pelipper|59/100
|-damage|p2a: Pelipper|41/100
|-damage|p2a: Pelipper|25/100
|-damage|p2a: Pelipper|8/100
|-hitcount|p2a: Pelipper|5
|-unboost|p1a: Kyurem|def|1
|-boost|p1a: Kyurem|spe|1
|move|p2a: Pelipper|Hurricane|p1a: Kyurem
|-damage|p1a: Kyurem|0 fnt
|faint|p1a: Kyurem
|
|-weather|RainDance|[upkeep]
|upkeep
|
|t:|1758940340
|switch|p1a: Meowscarada|Meowscarada, F|100/100
|turn|29
|
|t:|1758940354
|move|p2a: Pelipper|Protect|p2a: Pelipper
|-singleturn|p2a: Pelipper|Protect
|move|p1a: Meowscarada|U-turn|p2a: Pelipper
|-start|p1a: Meowscarada|typechange|Bug|[from] ability: Protean
|-activate|p2a: Pelipper|move: Protect
|
|-weather|RainDance|[upkeep]
|upkeep
|turn|30
|
|t:|1758940363
|move|p1a: Meowscarada|U-turn|p2a: Pelipper
|-damage|p2a: Pelipper|0 fnt
|faint|p2a: Pelipper
|
|t:|1758940367
|switch|p1a: Ogerpon|Ogerpon-Wellspring, F|38/100|[from] U-turn
|
|-weather|RainDance|[upkeep]
|upkeep
|
|t:|1758940371
|switch|p2a: Gliscor|Gliscor, F|99/100 tox
|turn|31
|
|t:|1758940378
|move|p1a: Ogerpon|Ivy Cudgel|p2a: Gliscor|[anim] Ivy Cudgel Water
|-supereffective|p2a: Gliscor
|-damage|p2a: Gliscor|0 fnt
|faint|p2a: Gliscor
|
|win|GenericEdgeLrd
|raw|GenericEdgeLrd's rating: 1220 &rarr; <strong>1243</strong><br />(+23 for winning)
|raw|outofphase44's rating: 1187 &rarr; <strong>1164</strong><br />(-23 for losing)
|l|☆outofphase44
|player|p2|
