|j|☆RoaringMoonlight2
|j|☆BigG5
|t:|1759065703
|gametype|singles
|player|p1|RoaringMoonlight2|hiker-gen4|1679
|player|p2|BigG5|102|1621
|gen|9
|tier|[Gen 9] OU
|rated|
|rule|HP Percentage Mod: HP is shown in percentages
|rule|Endless Battle Clause: Forcing endless battles is banned
|rule|Species Clause: Limit one of each Pokémon
|rule|OHKO Clause: OHKO moves are banned
|rule|Evasion Items Clause: Evasion items are banned
|rule|Evasion Moves Clause: Evasion moves are banned
|rule|Evasion Abilities Clause: Evasion abilities are banned
|rule|Sleep Moves Clause: Sleep-inducing moves are banned
|clearpoke
|poke|p1|Glimmora, M|
|poke|p1|Iron Valiant|
|poke|p1|Raging Bolt|
|poke|p1|Ogerpon-Wellspring, F|
|poke|p1|Kingambit, M|
|poke|p1|Ceruledge, F|
|poke|p2|Pelipper, F|
|poke|p2|Moltres|
|poke|p2|Basculegion, M|
|poke|p2|Raging Bolt|
|poke|p2|Iron Treads|
|poke|p2|Keldeo|
|teampreview
|inactive|Battle timer is ON: inactive players will automatically lose when time's up. (requested by RoaringMoonlight2)
|
|t:|1759065718
|teamsize|p1|6
|teamsize|p2|6
|start
|switch|p1a: Fleur de Cuivre|Glimmora, M|100/100
|switch|p2a: Keldeo|Keldeo|100/100
|turn|1
|
|t:|1759065726
|switch|p1a: Masqurécage|Ogerpon-Wellspring, F|100/100
|move|p2a: Keldeo|Surf|p1a: Masqurécage
|-immune|p1a: Masqurécage|[from] ability: Water Absorb
|
|upkeep
|turn|2
|
|t:|1759065733
|switch|p2a: Raging Bolt|Raging Bolt|100/100
|-enditem|p2a: Raging Bolt|Booster Energy
|-activate|p2a: Raging Bolt|ability: Protosynthesis|[fromitem]
|-start|p2a: Raging Bolt|protosynthesisspa
|move|p1a: Masqurécage|Swords Dance|p1a: Masqurécage
|-boost|p1a: Masqurécage|atk|2
|
|upkeep
|turn|3
|
|t:|1759065741
|move|p1a: Masqurécage|Power Whip|p2a: Raging Bolt|[miss]
|-miss|p1a: Masqurécage|p2a: Raging Bolt
|move|p2a: Raging Bolt|Calm Mind|p2a: Raging Bolt
|-boost|p2a: Raging Bolt|spa|1
|-boost|p2a: Raging Bolt|spd|1
|
|upkeep
|turn|4
|
|t:|1759065747
|move|p1a: Masqurécage|Encore|p2a: Raging Bolt
|-start|p2a: Raging Bolt|Encore
|move|p2a: Raging Bolt|Calm Mind|p2a: Raging Bolt
|-boost|p2a: Raging Bolt|spa|1
|-boost|p2a: Raging Bolt|spd|1
|
|upkeep
|turn|5
|
|t:|1759065776
|-end|p2a: Raging Bolt|Protosynthesis|[silent]
|switch|p2a: Moltres|Moltres|100/100
|move|p1a: Masqurécage|Ivy Cudgel|p2a: Moltres|[anim] Ivy Cudgel Water
|-supereffective|p2a: Moltres
|-damage|p2a: Moltres|0 fnt
|faint|p2a: Moltres
|
|upkeep
|
|t:|1759065779
|switch|p2a: Pelipper|Pelipper, F|100/100
|-weather|RainDance|[from] ability: Drizzle|[of] p2a: Pelipper
|turn|6
|
|t:|1759065787
|move|p1a: Masqurécage|Power Whip|p2a: Pelipper
|-damage|p2a: Pelipper|0 fnt
|faint|p2a: Pelipper
|
|-weather|RainDance|[upkeep]
|upkeep
|
|t:|1759065791
|switch|p2a: Basculegion|Basculegion, M, shiny|100/100
|turn|7
|
|t:|1759065796
|-terastallize|p2a: Basculegion|Ghost
|move|p2a: Basculegion|Tera Blast|p1a: Masqurécage|[anim] Tera Blast Ghost
|-damage|p1a: Masqurécage|0 fnt
|faint|p1a: Masqurécage
|
|-weather|RainDance|[upkeep]
|upkeep
|
|t:|1759065800
|switch|p1a: Escrameur|Ceruledge, F|100/100
|turn|8
|
|t:|1759065806
|switch|p2a: Keldeo|Keldeo|100/100
|move|p1a: Escrameur|Poltergeist|p2a: Keldeo
|-activate|p2a: Keldeo|move: Poltergeist|Heavy-Duty Boots
|-damage|p2a: Keldeo|38/100
|
|-weather|RainDance|[upkeep]
|upkeep
|turn|9
|
|t:|1759065813
|move|p2a: Keldeo|Surf|p1a: Escrameur
|-supereffective|p1a: Escrameur
|-enditem|p1a: Escrameur|Focus Sash
|-damage|p1a: Escrameur|1/100
|move|p1a: Escrameur|Poltergeist|p2a: Keldeo
|-activate|p2a: Keldeo|move: Poltergeist|Heavy-Duty Boots
|-damage|p2a: Keldeo|0 fnt
|faint|p2a: Keldeo
|
|-weather|RainDance|[upkeep]
|upkeep
|
|t:|1759065816
|switch|p2a: Basculegion|Basculegion, M, shiny, tera:Ghost|100/100
|turn|10
|
|t:|1759065823
|move|p1a: Escrameur|Shadow Sneak|p2a: Basculegion
|-supereffective|p2a: Basculegion
|-damage|p2a: Basculegion|49/100
|move|p2a: Basculegion|Wave Crash|p1a: Escrameur
|-supereffective|p1a: Escrameur
|-damage|p1a: Escrameur|0 fnt
|faint|p1a: Escrameur
|-damage|p2a: Basculegion|49/100|[from] Recoil
|
|-weather|RainDance|[upkeep]
|upkeep
|
|t:|1759065832
|switch|p1a: Général 50/50|Kingambit, M|100/100
|-activate|p1a: Général 50/50|ability: Supreme Overlord
|-start|p1a: Général 50/50|fallen2|[silent]
|turn|11
|
|t:|1759065835
|move|p1a: Général 50/50|Sucker Punch|p2a: Basculegion
|-supereffective|p2a: Basculegion
|-damage|p2a: Basculegion|0 fnt
|faint|p2a: Basculegion
|
|-weather|RainDance|[upkeep]
|upkeep
|
|t:|1759065837
|switch|p2a: Raging Bolt|Raging Bolt|100/100
|turn|12
|
|t:|1759065840
|move|p2a: Raging Bolt|Calm Mind|p2a: Raging Bolt
|-boost|p2a: Raging Bolt|spa|1
|-boost|p2a: Raging Bolt|spd|1
|move|p1a: Général 50/50|Kowtow Cleave|p2a: Raging Bolt
|-damage|p2a: Raging Bolt|39/100
|
|-weather|RainDance|[upkeep]
|upkeep
|turn|13
|
|t:|1759065846
|move|p2a: Raging Bolt|Thunderclap|p1a: Général 50/50
|-damage|p1a: Général 50/50|27/100
|move|p1a: Général 50/50|Kowtow Cleave|p2a: Raging Bolt
|-damage|p2a: Raging Bolt|0 fnt
|faint|p2a: Raging Bolt
|-end|p2a: Raging Bolt|Protosynthesis|[silent]
|
|-weather|none
|upkeep
|
|t:|1759065848
|switch|p2a: Iron Treads|Iron Treads|100/100
|-item|p2a: Iron Treads|Air Balloon
|turn|14
|
|t:|1759065853
|move|p2a: Iron Treads|Earthquake|p1a: Général 50/50
|-supereffective|p1a: Général 50/50
|-damage|p1a: Général 50/50|0 fnt
|faint|p1a: Général 50/50
|-end|p1a: Général 50/50|fallen2|[silent]
|
|upkeep
|
|t:|1759065856
|switch|p1a: Terminator|Iron Valiant|100/100
|-enditem|p1a: Terminator|Booster Energy
|-activate|p1a: Terminator|ability: Quark Drive|[fromitem]
|-start|p1a: Terminator|quarkdrivespe
|turn|15
|
|t:|1759065860
|move|p1a: Terminator|Focus Blast|p2a: Iron Treads|[miss]
|-miss|p1a: Terminator|p2a: Iron Treads
|move|p2a: Iron Treads|Earthquake|p1a: Terminator
|-damage|p1a: Terminator|50/100
|
|upkeep
|turn|16
|
|t:|1759065865
|move|p1a: Terminator|Focus Blast|p2a: Iron Treads
|-supereffective|p2a: Iron Treads
|-damage|p2a: Iron Treads|0 fnt
|-enditem|p2a: Iron Treads|Air Balloon
|faint|p2a: Iron Treads
|-end|p2a: Iron Treads|Quark Drive|[silent]
|
|win|RoaringMoonlight2
|raw|RoaringMoonlight2's rating: 1679 &rarr; <strong>1696</strong><br />(+17 for winning)
|raw|BigG5's rating: 1621 &rarr; <strong>1604</strong><br />(-17 for losing)
|l|☆BigG5
|player|p2|
|l|☆RoaringMoonlight2
|player|p1|
