|j|☆dinethman
|j|☆alexgottacatchem
|t:|1758982100
|gametype|singles
|player|p1|dinethman|gentleman-gen4|1058
|player|p2|alexgottacatchem|hilbert|1087
|gen|9
|tier|[Gen 9] OU
|rated|
|rule|HP Percentage Mod: HP is shown in percentages
|rule|Endless Battle Clause: Forcing endless battles is banned
|rule|Species Clause: Limit one of each Pokémon
|rule|OHKO Clause: OHKO moves are banned
|rule|Evasion Items Clause: Evasion items are banned
|rule|Evasion Moves Clause: Evasion moves are banned
|rule|Evasion Abilities Clause: Evasion abilities are banned
|rule|Sleep Moves Clause: Sleep-inducing moves are banned
|clearpoke
|poke|p1|Dusclops, M|
|poke|p1|Slowbro, M|
|poke|p1|Vileplume, F|
|poke|p1|Tyranitar, F|
|poke|p1|Ursaluna, M|
|poke|p1|Flareon, F|
|poke|p2|Garchomp, M|
|poke|p2|Primarina, M|
|poke|p2|Skarmory, M|
|poke|p2|Excadrill, F|
|poke|p2|Landorus-Therian, M|
|poke|p2|Cinderace, M|
|teampreview
|
|t:|1758982116
|teamsize|p1|6
|teamsize|p2|6
|start
|switch|p1a: Dusclops|Dusclops, M|100/100
|switch|p2a: Garchomp|Garchomp, M|100/100
|-item|p2a: Garchomp|Yache Berry|[from] ability: Frisk|[of] p1a: Dusclops
|turn|1
|
|t:|1758982131
|move|p2a: Garchomp|Earthquake|p1a: Dusclops
|-damage|p1a: Dusclops|70/100
|move|p1a: Dusclops|Trick Room|p1a: Dusclops
|-fieldstart|move: Trick Room|[of] p1a: Dusclops
|
|upkeep
|turn|2
|
|t:|1758982146
|move|p1a: Dusclops|Will-O-Wisp|p2a: Garchomp
|-status|p2a: Garchomp|brn
|move|p2a: Garchomp|Earthquake|p1a: Dusclops
|-damage|p1a: Dusclops|56/100
|
|-damage|p2a: Garchomp|94/100 brn|[from] brn
|upkeep
|turn|3
|
|t:|1758982178
|switch|p1a: Slowbro|Slowbro, M|100/100
|move|p2a: Garchomp|Earthquake|p1a: Slowbro
|-damage|p1a: Slowbro|81/100
|
|-damage|p2a: Garchomp|88/100 brn|[from] brn
|upkeep
|turn|4
|
|t:|1758982191
|move|p1a: Slowbro|Psychic|p2a: Garchomp
|-damage|p2a: Garchomp|37/100 brn
|move|p2a: Garchomp|Stone Edge|p1a: Slowbro
|-damage|p1a: Slowbro|67/100
|
|-damage|p2a: Garchomp|31/100 brn|[from] brn
|upkeep
|turn|5
|
|t:|1758982200
|move|p1a: Slowbro|Psychic|p2a: Garchomp
|-damage|p2a: Garchomp|0 fnt
|faint|p2a: Garchomp
|
|-fieldend|move: Trick Room
|upkeep
|
|t:|1758982208
|switch|p2a: Skarmory|Skarmory, M|100/100
|turn|6
|
|t:|1758982213
|move|p2a: Skarmory|Iron Defense|p2a: Skarmory
|-boost|p2a: Skarmory|def|2
|move|p1a: Slowbro|Trick Room|p1a: Slowbro
|-fieldstart|move: Trick Room|[of] p1a: Slowbro
|
|upkeep
|turn|7
|
|t:|1758982218
|switch|p1a: Dusclops|Dusclops, M|56/100
|-item|p2a: Skarmory|Leftovers|[from] ability: Frisk|[of] p1a: Dusclops
|move|p2a: Skarmory|Iron Defense|p2a: Skarmory
|-boost|p2a: Skarmory|def|2
|
|upkeep
|turn|8
|
|t:|1758982225
|move|p1a: Dusclops|Haze|p1a: Dusclops
|-clearallboost
|move|p2a: Skarmory|Iron Defense|p2a: Skarmory
|-boost|p2a: Skarmory|def|2
|
|upkeep
|turn|9
|
|t:|1758982233
|move|p1a: Dusclops|Will-O-Wisp|p2a: Skarmory
|-status|p2a: Skarmory|brn
|move|p2a: Skarmory|Whirlwind|p1a: Dusclops
|drag|p1a: Flareon|Flareon, F|100/100
|
|-damage|p2a: Skarmory|95/100 brn|[from] brn
|upkeep
|turn|10
|
|t:|1758982247
|move|p1a: Flareon|Flare Blitz|p2a: Skarmory
|-supereffective|p2a: Skarmory
|-damage|p2a: Skarmory|65/100 brn
|-damage|p1a: Flareon|91/100|[from] Recoil
|move|p2a: Skarmory|Iron Defense|p2a: Skarmory
|-boost|p2a: Skarmory|def|2
|
|-heal|p1a: Flareon|97/100|[from] item: Leftovers
|-heal|p2a: Skarmory|71/100 brn|[from] item: Leftovers
|-damage|p2a: Skarmory|65/100 brn|[from] brn
|-fieldend|move: Trick Room
|upkeep
|turn|11
|
|t:|1758982283
|switch|p1a: Dusclops|Dusclops, M|56/100
|-item|p2a: Skarmory|Leftovers|[from] ability: Frisk|[of] p1a: Dusclops
|move|p2a: Skarmory|Body Press|p1a: Dusclops
|-immune|p1a: Dusclops
|
|-heal|p2a: Skarmory|71/100 brn|[from] item: Leftovers
|-damage|p2a: Skarmory|65/100 brn|[from] brn
|upkeep
|turn|12
|
|t:|1758982294
|move|p2a: Skarmory|Whirlwind|p1a: Dusclops
|drag|p1a: Ursaluna|Ursaluna, M|100/100
|
|-heal|p2a: Skarmory|71/100 brn|[from] item: Leftovers
|-damage|p2a: Skarmory|65/100 brn|[from] brn
|upkeep
|turn|13
|
|t:|1758982304
|switch|p1a: Dusclops|Dusclops, M|56/100
|-item|p2a: Skarmory|Leftovers|[from] ability: Frisk|[of] p1a: Dusclops
|move|p2a: Skarmory|Body Press|p1a: Dusclops
|-immune|p1a: Dusclops
|
|-heal|p2a: Skarmory|71/100 brn|[from] item: Leftovers
|-damage|p2a: Skarmory|65/100 brn|[from] brn
|upkeep
|turn|14
|
|t:|1758982319
|move|p2a: Skarmory|Roost|p2a: Skarmory
|-heal|p2a: Skarmory|100/100 brn
|-singleturn|p2a: Skarmory|move: Roost
|move|p1a: Dusclops|Trick Room|p1a: Dusclops
|-fieldstart|move: Trick Room|[of] p1a: Dusclops
|
|-damage|p2a: Skarmory|95/100 brn|[from] brn
|upkeep
|turn|15
|
|t:|1758982329
|move|p1a: Dusclops|Haze|p1a: Dusclops
|-clearallboost
|move|p2a: Skarmory|Whirlwind|p1a: Dusclops
|drag|p1a: Ursaluna|Ursaluna, M|100/100
|
|-heal|p2a: Skarmory|100/100 brn|[from] item: Leftovers
|-damage|p2a: Skarmory|95/100 brn|[from] brn
|upkeep
|turn|16
|
|t:|1758982339
|move|p2a: Skarmory|Body Press|p1a: Ursaluna
|-supereffective|p1a: Ursaluna
|-damage|p1a: Ursaluna|76/100
|move|p1a: Ursaluna|Roar|p2a: Skarmory
|drag|p2a: Primarina|Primarina, M|100/100
|
|-heal|p1a: Ursaluna|83/100|[from] item: Leftovers
|upkeep
|turn|17
|
|t:|1758982354
|-terastallize|p1a: Ursaluna|Normal
|move|p1a: Ursaluna|Bulk Up|p1a: Ursaluna
|-boost|p1a: Ursaluna|atk|1
|-boost|p1a: Ursaluna|def|1
|move|p2a: Primarina|Hydro Pump|p1a: Ursaluna
|-damage|p1a: Ursaluna|40/100
|
|-heal|p1a: Ursaluna|46/100|[from] item: Leftovers
|upkeep
|turn|18
|
|t:|1758982367
|move|p1a: Ursaluna|Headlong Rush|p2a: Primarina
|-damage|p2a: Primarina|0 fnt
|-unboost|p1a: Ursaluna|def|1
|-unboost|p1a: Ursaluna|spd|1
|faint|p2a: Primarina
|
|-heal|p1a: Ursaluna|52/100|[from] item: Leftovers
|-fieldend|move: Trick Room
|upkeep
|
|t:|1758982383
|switch|p2a: Cinderace|Cinderace, M|100/100
|turn|19
|
|t:|1758982392
|move|p2a: Cinderace|High Jump Kick|p1a: Ursaluna
|-start|p2a: Cinderace|typechange|Fighting|[from] ability: Libero
|-supereffective|p1a: Ursaluna
|-damage|p1a: Ursaluna|0 fnt
|faint|p1a: Ursaluna
|-damage|p2a: Cinderace|91/100|[from] item: Life Orb
|
|upkeep
|
|t:|1758982401
|switch|p1a: Dusclops|Dusclops, M|56/100
|-item|p2a: Cinderace|Life Orb|[from] ability: Frisk|[of] p1a: Dusclops
|turn|20
|
|t:|1758982408
|move|p2a: Cinderace|U-turn|p1a: Dusclops
|-resisted|p1a: Dusclops
|-damage|p1a: Dusclops|47/100
|-damage|p2a: Cinderace|81/100|[from] item: Life Orb
|
|t:|1758982414
|switch|p2a: Landorus|Landorus-Therian, M|100/100|[from] U-turn
|-ability|p2a: Landorus|Intimidate|boost
|-unboost|p1a: Dusclops|atk|1
|move|p1a: Dusclops|Trick Room|p1a: Dusclops
|-fieldstart|move: Trick Room|[of] p1a: Dusclops
|
|upkeep
|turn|21
|
|t:|1758982424
|move|p1a: Dusclops|Will-O-Wisp|p2a: Landorus
|-status|p2a: Landorus|brn
|move|p2a: Landorus|U-turn|p1a: Dusclops
|-resisted|p1a: Dusclops
|-damage|p1a: Dusclops|43/100
|
|t:|1758982430
|switch|p2a: Cinderace|Cinderace, M|81/100|[from] U-turn
|
|upkeep
|turn|22
|
|t:|1758982439
|move|p1a: Dusclops|Night Shade|p2a: Cinderace
|-damage|p2a: Cinderace|47/100
|move|p2a: Cinderace|Fire Blast|p1a: Dusclops
|-damage|p1a: Dusclops|25/100
|-damage|p2a: Cinderace|37/100|[from] item: Life Orb
|
|upkeep
|turn|23
|
|t:|1758982449
|move|p1a: Dusclops|Night Shade|p2a: Cinderace
|-damage|p2a: Cinderace|4/100
|move|p2a: Cinderace|U-turn|p1a: Dusclops
|-start|p2a: Cinderace|typechange|Bug|[from] ability: Libero
|-resisted|p1a: Dusclops
|-damage|p1a: Dusclops|13/100
|-damage|p2a: Cinderace|0 fnt|[from] item: Life Orb
|faint|p2a: Cinderace
|
|upkeep
|
|t:|1758982459
|switch|p2a: Landorus|Landorus-Therian, M|100/100 brn
|-ability|p2a: Landorus|Intimidate|boost
|-unboost|p1a: Dusclops|atk|1
|turn|24
|
|t:|1758982468
|switch|p1a: Slowbro|Slowbro, M|99/100
|move|p2a: Landorus|Earthquake|p1a: Slowbro
|-damage|p1a: Slowbro|78/100
|
|-damage|p2a: Landorus|95/100 brn|[from] brn
|-fieldend|move: Trick Room
|upkeep
|turn|25
|
|t:|1758982478
|switch|p2a: Skarmory|Skarmory, M|95/100 brn
|move|p1a: Slowbro|Trick Room|p1a: Slowbro
|-fieldstart|move: Trick Room|[of] p1a: Slowbro
|
|-heal|p2a: Skarmory|100/100 brn|[from] item: Leftovers
|-damage|p2a: Skarmory|95/100 brn|[from] brn
|upkeep
|turn|26
|
|t:|1758982488
|move|p1a: Slowbro|Scald|p2a: Skarmory
|-damage|p2a: Skarmory|46/100 brn
|move|p2a: Skarmory|Whirlwind|p1a: Slowbro
|drag|p1a: Flareon|Flareon, F|97/100
|
|-heal|p1a: Flareon|100/100|[from] item: Leftovers
|-heal|p2a: Skarmory|52/100 brn|[from] item: Leftovers
|-damage|p2a: Skarmory|46/100 brn|[from] brn
|upkeep
|turn|27
|
|t:|1758982500
|move|p1a: Flareon|Curse|p1a: Flareon
|-unboost|p1a: Flareon|spe|1
|-boost|p1a: Flareon|atk|1
|-boost|p1a: Flareon|def|1
|move|p2a: Skarmory|Body Press|p1a: Flareon
|-damage|p1a: Flareon|85/100
|
|-heal|p1a: Flareon|91/100|[from] item: Leftovers
|-heal|p2a: Skarmory|52/100 brn|[from] item: Leftovers
|-damage|p2a: Skarmory|46/100 brn|[from] brn
|upkeep
|turn|28
|
|t:|1758982513
|move|p1a: Flareon|Curse|p1a: Flareon
|-unboost|p1a: Flareon|spe|1
|-boost|p1a: Flareon|atk|1
|-boost|p1a: Flareon|def|1
|move|p2a: Skarmory|Body Press|p1a: Flareon
|-damage|p1a: Flareon|80/100
|
|-heal|p1a: Flareon|86/100|[from] item: Leftovers
|-heal|p2a: Skarmory|52/100 brn|[from] item: Leftovers
|-damage|p2a: Skarmory|46/100 brn|[from] brn
|upkeep
|turn|29
|
|t:|1758982525
|move|p1a: Flareon|Curse|p1a: Flareon
|-unboost|p1a: Flareon|spe|1
|-boost|p1a: Flareon|atk|1
|-boost|p1a: Flareon|def|1
|move|p2a: Skarmory|Body Press|p1a: Flareon
|-damage|p1a: Flareon|76/100
|
|-heal|p1a: Flareon|82/100|[from] item: Leftovers
|-heal|p2a: Skarmory|52/100 brn|[from] item: Leftovers
|-damage|p2a: Skarmory|46/100 brn|[from] brn
|-fieldend|move: Trick Room
|upkeep
|turn|30
|
|t:|1758982538
|move|p2a: Skarmory|Roost|p2a: Skarmory
|-heal|p2a: Skarmory|96/100 brn
|-singleturn|p2a: Skarmory|move: Roost
|move|p1a: Flareon|Flare Blitz|p2a: Skarmory
|-supereffective|p2a: Skarmory
|-damage|p2a: Skarmory|0 fnt
|faint|p2a: Skarmory
|-damage|p1a: Flareon|50/100|[from] Recoil
|
|-heal|p1a: Flareon|56/100|[from] item: Leftovers
|upkeep
|
|t:|1758982550
|switch|p2a: Landorus|Landorus-Therian, M|95/100 brn
|-ability|p2a: Landorus|Intimidate|boost
|-unboost|p1a: Flareon|atk|1
|turn|31
|
|t:|1758982560
|move|p2a: Landorus|Stone Edge|p1a: Flareon
|-supereffective|p1a: Flareon
|-damage|p1a: Flareon|31/100
|move|p1a: Flareon|Rest|p1a: Flareon
|-status|p1a: Flareon|slp|[from] move: Rest
|-heal|p1a: Flareon|100/100 slp|[silent]
|
|-damage|p2a: Landorus|89/100 brn|[from] brn
|upkeep
|turn|32
|
|t:|1758982571
|move|p2a: Landorus|Stone Edge|p1a: Flareon|[miss]
|-miss|p2a: Landorus|p1a: Flareon
|cant|p1a: Flareon|slp
|move|p1a: Flareon|Sleep Talk|p1a: Flareon
|move|p1a: Flareon|Rest||[from] move: Sleep Talk|[still]
|-fail|p1a: Flareon
|
|-damage|p2a: Landorus|83/100 brn|[from] brn
|upkeep
|turn|33
|
|t:|1758982582
|move|p2a: Landorus|Stone Edge|p1a: Flareon
|-supereffective|p1a: Flareon
|-damage|p1a: Flareon|78/100 slp
|cant|p1a: Flareon|slp
|move|p1a: Flareon|Sleep Talk|p1a: Flareon
|move|p1a: Flareon|Curse|p1a: Flareon|[from] move: Sleep Talk
|-unboost|p1a: Flareon|spe|1
|-boost|p1a: Flareon|atk|1
|-boost|p1a: Flareon|def|1
|
|-heal|p1a: Flareon|84/100 slp|[from] item: Leftovers
|-damage|p2a: Landorus|77/100 brn|[from] brn
|upkeep
|turn|34
|
|t:|1758982597
|switch|p2a: Excadrill|Excadrill, F|100/100
|-ability|p2a: Excadrill|Mold Breaker
|-curestatus|p1a: Flareon|slp|[msg]
|move|p1a: Flareon|Sleep Talk||[still]
|-fail|p1a: Flareon
|
|-heal|p1a: Flareon|90/100|[from] item: Leftovers
|upkeep
|turn|35
|
|t:|1758982609
|-terastallize|p2a: Excadrill|Ground
|move|p2a: Excadrill|Earthquake|p1a: Flareon
|-supereffective|p1a: Flareon
|-damage|p1a: Flareon|12/100
|move|p1a: Flareon|Flare Blitz|p2a: Excadrill
|-enditem|p2a: Excadrill|Focus Sash
|-damage|p2a: Excadrill|1/100
|-status|p2a: Excadrill|brn
|-damage|p1a: Flareon|0 fnt|[from] Recoil
|faint|p1a: Flareon
|
|-damage|p2a: Excadrill|0 fnt|[from] brn
|faint|p2a: Excadrill
|upkeep
|
|t:|1758982627
|switch|p2a: Landorus|Landorus-Therian, M|77/100 brn
|switch|p1a: Slowbro|Slowbro, M|100/100
|-ability|p2a: Landorus|Intimidate|boost
|-unboost|p1a: Slowbro|atk|1
|turn|36
|
|t:|1758982636
|move|p2a: Landorus|U-turn|p1a: Slowbro
|-supereffective|p1a: Slowbro
|-damage|p1a: Slowbro|81/100
|-enditem|p1a: Slowbro|Weakness Policy
|-boost|p1a: Slowbro|atk|2|[from] item: Weakness Policy
|-boost|p1a: Slowbro|spa|2|[from] item: Weakness Policy
|move|p1a: Slowbro|Trick Room|p1a: Slowbro
|-fieldstart|move: Trick Room|[of] p1a: Slowbro
|
|-damage|p2a: Landorus|71/100 brn|[from] brn
|upkeep
|turn|37
|
|t:|1758982645
|move|p1a: Slowbro|Scald|p2a: Landorus
|-supereffective|p2a: Landorus
|-damage|p2a: Landorus|0 fnt
|faint|p2a: Landorus
|
|win|dinethman
|raw|dinethman's rating: 1058 &rarr; <strong>1092</strong><br />(+34 for winning)
|raw|alexgottacatchem's rating: 1087 &rarr; <strong>1062</strong><br />(-25 for losing)
|l|☆alexgottacatchem
|player|p2|
|c|☆dinethman|gg
