|j|☆dark besk
|j|☆Hurdiid
|t:|1759054830
|gametype|singles
|player|p1|dark besk|170|1277
|player|p2|Hurdiid|ruinmaniac|1271
|gen|9
|tier|[Gen 9] OU
|rated|
|rule|HP Percentage Mod: HP is shown in percentages
|rule|Endless Battle Clause: Forcing endless battles is banned
|rule|Species Clause: Limit one of each Pokémon
|rule|OHKO Clause: OHKO moves are banned
|rule|Evasion Items Clause: Evasion items are banned
|rule|Evasion Moves Clause: Evasion moves are banned
|rule|Evasion Abilities Clause: Evasion abilities are banned
|rule|Sleep Moves Clause: Sleep-inducing moves are banned
|clearpoke
|poke|p1|Tyranitar, F|
|poke|p1|Excadrill, M|
|poke|p1|Kingambit, F|
|poke|p1|Garchomp, F|
|poke|p1|Pecharunt|
|poke|p1|Rotom-Wash|
|poke|p2|Armarouge, F|
|poke|p2|Slowking-Galar, F|
|poke|p2|Iron Thorns|
|poke|p2|Great Tusk|
|poke|p2|Yanmega, M|
|poke|p2|Ribombee, F|
|teampreview
|inactive|Battle timer is ON: inactive players will automatically lose when time's up. (requested by Hurdiid)
|inactive|dark besk also wants the timer to be on.
|
|t:|1759054847
|teamsize|p1|6
|teamsize|p2|6
|start
|switch|p1a: Garchomp|Garchomp, F|100/100
|switch|p2a: Ribombee|Ribombee, F|100/100
|turn|1
|
|t:|1759054850
|move|p1a: Garchomp|Swords Dance|p1a: Garchomp
|-boost|p1a: Garchomp|atk|2
|move|p2a: Ribombee|Moonblast|p1a: Garchomp
|-supereffective|p1a: Garchomp
|-damage|p1a: Garchomp|11/100
|
|upkeep
|turn|2
|
|t:|1759054860
|move|p1a: Garchomp|Fire Fang|p2a: Ribombee
|-supereffective|p2a: Ribombee
|-enditem|p2a: Ribombee|Focus Sash
|-damage|p2a: Ribombee|1/100
|cant|p2a: Ribombee|flinch
|
|upkeep
|turn|3
|
|t:|1759054867
|switch|p2a: Armarouge|Armarouge, F|100/100
|move|p1a: Garchomp|Fire Fang|p2a: Armarouge
|-resisted|p2a: Armarouge
|-damage|p2a: Armarouge|77/100
|-ability|p2a: Armarouge|Weak Armor|boost
|-unboost|p2a: Armarouge|def|1
|-boost|p2a: Armarouge|spe|2
|
|upkeep
|turn|4
|
|t:|1759054870
|move|p2a: Armarouge|Psychic|p1a: Garchomp
|-damage|p1a: Garchomp|0 fnt
|faint|p1a: Garchomp
|
|upkeep
|
|t:|1759054882
|switch|p1a: Tyranitar|Tyranitar, F|100/100
|-weather|Sandstorm|[from] ability: Sand Stream|[of] p1a: Tyranitar
|turn|5
|
|t:|1759054884
|move|p2a: Armarouge|Destiny Bond|p2a: Armarouge
|-singlemove|p2a: Armarouge|Destiny Bond
|move|p1a: Tyranitar|Stealth Rock|p2a: Armarouge
|-sidestart|p2: Hurdiid|move: Stealth Rock
|
|-weather|Sandstorm|[upkeep]
|-damage|p2a: Armarouge|71/100|[from] Sandstorm
|upkeep
|turn|6
|
|t:|1759054889
|move|p2a: Armarouge|Armor Cannon|p1a: Tyranitar
|-resisted|p1a: Tyranitar
|-damage|p1a: Tyranitar|87/100
|-unboost|p2a: Armarouge|def|1
|-unboost|p2a: Armarouge|spd|1
|move|p1a: Tyranitar|Roar|p2a: Armarouge
|drag|p2a: Slowking|Slowking-Galar, F|100/100
|-damage|p2a: Slowking|88/100|[from] Stealth Rock
|
|-weather|Sandstorm|[upkeep]
|-damage|p2a: Slowking|82/100|[from] Sandstorm
|upkeep
|turn|7
|
|t:|1759054898
|move|p1a: Tyranitar|Knock Off|p2a: Slowking
|-supereffective|p2a: Slowking
|-damage|p2a: Slowking|0 fnt
|-enditem|p2a: Slowking|Assault Vest|[from] move: Knock Off|[of] p1a: Tyranitar
|faint|p2a: Slowking
|
|-weather|Sandstorm|[upkeep]
|upkeep
|
|t:|1759054901
|switch|p2a: Great Tusk|Great Tusk|100/100
|turn|8
|
|t:|1759054904
|switch|p1a: Pecharunt|Pecharunt|100/100
|-item|p1a: Pecharunt|Air Balloon
|move|p2a: Great Tusk|Bulk Up|p2a: Great Tusk
|-boost|p2a: Great Tusk|atk|1
|-boost|p2a: Great Tusk|def|1
|
|-weather|Sandstorm|[upkeep]
|-damage|p1a: Pecharunt|94/100|[from] Sandstorm
|upkeep
|turn|9
|
|t:|1759054911
|move|p2a: Great Tusk|Ice Spinner|p1a: Pecharunt
|-damage|p1a: Pecharunt|77/100
|-enditem|p1a: Pecharunt|Air Balloon
|move|p1a: Pecharunt|Malignant Chain|p2a: Great Tusk
|-resisted|p2a: Great Tusk
|-damage|p2a: Great Tusk|78/100
|
|-weather|Sandstorm|[upkeep]
|-damage|p1a: Pecharunt|71/100|[from] Sandstorm
|upkeep
|turn|10
|
|t:|1759054918
|switch|p1a: Rotom|Rotom-Wash|100/100
|move|p2a: Great Tusk|Headlong Rush|p1a: Rotom
|-immune|p1a: Rotom|[from] ability: Levitate
|
|-weather|Sandstorm|[upkeep]
|-damage|p1a: Rotom|94/100|[from] Sandstorm
|-heal|p1a: Rotom|100/100|[from] item: Leftovers
|upkeep
|turn|11
|
|t:|1759054922
|move|p2a: Great Tusk|Rapid Spin|p1a: Rotom
|-damage|p1a: Rotom|80/100
|-boost|p2a: Great Tusk|spe|1
|-sideend|p2: Hurdiid|Stealth Rock|[from] move: Rapid Spin|[of] p2a: Great Tusk
|move|p1a: Rotom|Will-O-Wisp|p2a: Great Tusk
|-status|p2a: Great Tusk|brn
|
|-weather|Sandstorm|[upkeep]
|-damage|p1a: Rotom|74/100|[from] Sandstorm
|-heal|p1a: Rotom|80/100|[from] item: Leftovers
|-damage|p2a: Great Tusk|72/100 brn|[from] brn
|upkeep
|turn|12
|
|t:|1759054927
|move|p2a: Great Tusk|Bulk Up|p2a: Great Tusk
|-boost|p2a: Great Tusk|atk|1
|-boost|p2a: Great Tusk|def|1
|move|p1a: Rotom|Hydro Pump|p2a: Great Tusk
|-supereffective|p2a: Great Tusk
|-damage|p2a: Great Tusk|0 fnt
|faint|p2a: Great Tusk
|-end|p2a: Great Tusk|Protosynthesis|[silent]
|
|-weather|none
|-heal|p1a: Rotom|86/100|[from] item: Leftovers
|upkeep
|
|t:|1759054936
|switch|p2a: Ribombee|Ribombee, F|1/100
|turn|13
|
|t:|1759054939
|move|p2a: Ribombee|Sticky Web|p1a: Rotom
|-sidestart|p1: dark besk|move: Sticky Web
|move|p1a: Rotom|Volt Switch|p2a: Ribombee
|-damage|p2a: Ribombee|0 fnt
|faint|p2a: Ribombee
|
|t:|1759054942
|switch|p1a: Excadrill|Excadrill, M|100/100|[from] Volt Switch
|-activate|p1a: Excadrill|move: Sticky Web
|-unboost|p1a: Excadrill|spe|1
|
|upkeep
|
|t:|1759054948
|switch|p2a: Iron Thorns|Iron Thorns|100/100
|turn|14
|
|t:|1759054956
|-end|p2a: Iron Thorns|Quark Drive|[silent]
|switch|p2a: Armarouge|Armarouge, F|71/100
|move|p1a: Excadrill|Rapid Spin|p2a: Armarouge
|-damage|p2a: Armarouge|47/100
|-boost|p1a: Excadrill|spe|1
|-ability|p2a: Armarouge|Weak Armor|boost
|-unboost|p2a: Armarouge|def|1
|-boost|p2a: Armarouge|spe|2
|-sideend|p1: dark besk|Sticky Web|[from] move: Rapid Spin|[of] p1a: Excadrill
|-damage|p1a: Excadrill|91/100|[from] item: Life Orb
|
|upkeep
|turn|15
|
|t:|1759054961
|-terastallize|p1a: Excadrill|Ground
|move|p2a: Armarouge|Armor Cannon|p1a: Excadrill
|-damage|p1a: Excadrill|0 fnt
|-unboost|p2a: Armarouge|def|1
|-unboost|p2a: Armarouge|spd|1
|faint|p1a: Excadrill
|
|upkeep
|
|t:|1759054973
|switch|p1a: Tyranitar|Tyranitar, F|87/100
|-weather|Sandstorm|[from] ability: Sand Stream|[of] p1a: Tyranitar
|turn|16
|
|t:|1759054979
|move|p2a: Armarouge|Destiny Bond|p2a: Armarouge
|-singlemove|p2a: Armarouge|Destiny Bond
|move|p1a: Tyranitar|Stealth Rock|p2a: Armarouge
|-sidestart|p2: Hurdiid|move: Stealth Rock
|
|-weather|Sandstorm|[upkeep]
|-damage|p2a: Armarouge|41/100|[from] Sandstorm
|upkeep
|turn|17
|
|t:|1759054983
|move|p2a: Armarouge|Armor Cannon|p1a: Tyranitar
|-resisted|p1a: Tyranitar
|-damage|p1a: Tyranitar|73/100
|-unboost|p2a: Armarouge|def|1
|-unboost|p2a: Armarouge|spd|1
|move|p1a: Tyranitar|Roar|p2a: Armarouge
|drag|p2a: Yanmega|Yanmega, M|100/100
|-damage|p2a: Yanmega|50/100|[from] Stealth Rock
|
|-weather|Sandstorm|[upkeep]
|-damage|p2a: Yanmega|44/100|[from] Sandstorm
|upkeep
|turn|18
|
|t:|1759054989
|-terastallize|p2a: Yanmega|Ground
|move|p2a: Yanmega|Bug Buzz|p1a: Tyranitar
|-supereffective|p1a: Tyranitar
|-damage|p1a: Tyranitar|40/100
|-unboost|p1a: Tyranitar|spd|1
|-enditem|p2a: Yanmega|Throat Spray
|-boost|p2a: Yanmega|spa|1|[from] item: Throat Spray
|move|p1a: Tyranitar|Knock Off|p2a: Yanmega
|-damage|p2a: Yanmega|22/100
|
|-weather|Sandstorm|[upkeep]
|-ability|p2a: Yanmega|Speed Boost|boost
|-boost|p2a: Yanmega|spe|1
|upkeep
|turn|19
|
|t:|1759055001
|switch|p1a: Pecharunt|Pecharunt|71/100
|move|p2a: Yanmega|Bug Buzz|p1a: Pecharunt
|-resisted|p1a: Pecharunt
|-damage|p1a: Pecharunt|57/100
|
|-weather|Sandstorm|[upkeep]
|-damage|p1a: Pecharunt|51/100|[from] Sandstorm
|-ability|p2a: Yanmega|Speed Boost|boost
|-boost|p2a: Yanmega|spe|1
|upkeep
|turn|20
|
|t:|1759055006
|move|p2a: Yanmega|Tera Blast|p1a: Pecharunt|[anim] Tera Blast Ground
|-supereffective|p1a: Pecharunt
|-damage|p1a: Pecharunt|0 fnt
|faint|p1a: Pecharunt
|
|-weather|Sandstorm|[upkeep]
|-ability|p2a: Yanmega|Speed Boost|boost
|-boost|p2a: Yanmega|spe|1
|upkeep
|
|t:|1759055009
|switch|p1a: Kingambit|Kingambit, F|100/100
|-activate|p1a: Kingambit|ability: Supreme Overlord
|-start|p1a: Kingambit|fallen3|[silent]
|turn|21
|
|t:|1759055011
|move|p1a: Kingambit|Sucker Punch|p2a: Yanmega
|-damage|p2a: Yanmega|0 fnt
|faint|p2a: Yanmega
|
|-weather|Sandstorm|[upkeep]
|upkeep
|
|t:|1759055015
|switch|p2a: Armarouge|Armarouge, F|41/100
|-damage|p2a: Armarouge|16/100|[from] Stealth Rock
|turn|22
|
|t:|1759055019
|-end|p1a: Kingambit|fallen3|[silent]
|switch|p1a: Tyranitar|Tyranitar, F|40/100
|move|p2a: Armarouge|Armor Cannon|p1a: Tyranitar
|-resisted|p1a: Tyranitar
|-crit|p1a: Tyranitar
|-damage|p1a: Tyranitar|19/100
|-unboost|p2a: Armarouge|def|1
|-unboost|p2a: Armarouge|spd|1
|
|-weather|Sandstorm|[upkeep]
|-damage|p2a: Armarouge|10/100|[from] Sandstorm
|upkeep
|turn|23
|
|t:|1759055033
|move|p2a: Armarouge|Armor Cannon|p1a: Tyranitar
|-resisted|p1a: Tyranitar
|-damage|p1a: Tyranitar|5/100
|-unboost|p2a: Armarouge|def|1
|-unboost|p2a: Armarouge|spd|1
|move|p1a: Tyranitar|Knock Off|p2a: Armarouge
|-supereffective|p2a: Armarouge
|-damage|p2a: Armarouge|0 fnt
|-enditem|p2a: Armarouge|Weakness Policy|[from] move: Knock Off|[of] p1a: Tyranitar
|faint|p2a: Armarouge
|
|-weather|none
|upkeep
|
|t:|1759055035
|switch|p2a: Iron Thorns|Iron Thorns|100/100
|-damage|p2a: Iron Thorns|88/100|[from] Stealth Rock
|turn|24
|
|t:|1759055041
|move|p2a: Iron Thorns|Dragon Dance|p2a: Iron Thorns
|-boost|p2a: Iron Thorns|atk|1
|-boost|p2a: Iron Thorns|spe|1
|move|p1a: Tyranitar|Knock Off|p2a: Iron Thorns
|-damage|p2a: Iron Thorns|48/100
|-enditem|p2a: Iron Thorns|Leftovers|[from] move: Knock Off|[of] p1a: Tyranitar
|
|upkeep
|turn|25
|
|t:|1759055044
|move|p2a: Iron Thorns|Ice Punch|p1a: Tyranitar
|-damage|p1a: Tyranitar|0 fnt
|faint|p1a: Tyranitar
|
|upkeep
|
|t:|1759055046
|switch|p1a: Kingambit|Kingambit, F|100/100
|-activate|p1a: Kingambit|ability: Supreme Overlord
|-start|p1a: Kingambit|fallen4|[silent]
|turn|26
|
|t:|1759055048
|move|p1a: Kingambit|Sucker Punch|p2a: Iron Thorns
|-damage|p2a: Iron Thorns|0 fnt
|faint|p2a: Iron Thorns
|-end|p2a: Iron Thorns|Quark Drive|[silent]
|
|win|dark besk
|raw|dark besk's rating: 1277 &rarr; <strong>1302</strong><br />(+25 for winning)
|raw|Hurdiid's rating: 1271 &rarr; <strong>1246</strong><br />(-25 for losing)
|l|☆dark besk
|player|p1|
|l|☆Hurdiid
|player|p2|
