|j|☆YT Joltikplayer
|j|☆nice kanto teen
|t:|1758964201
|gametype|singles
|player|p1|YT Joltikplayer|miku-ghost|1076
|player|p2|nice kanto teen|266|1080
|gen|9
|tier|[Gen 9] OU
|rated|
|rule|HP Percentage Mod: HP is shown in percentages
|rule|Endless Battle Clause: Forcing endless battles is banned
|rule|Species Clause: Limit one of each Pokémon
|rule|OHKO Clause: OHKO moves are banned
|rule|Evasion Items Clause: Evasion items are banned
|rule|Evasion Moves Clause: Evasion moves are banned
|rule|Evasion Abilities Clause: Evasion abilities are banned
|rule|Sleep Moves Clause: Sleep-inducing moves are banned
|clearpoke
|poke|p1|Iron Crown|
|poke|p1|Samurott-Hisui, M|
|poke|p1|Zapdos|
|poke|p1|Dragapult, F|
|poke|p1|Great Tusk|
|poke|p1|Iron Boulder|
|poke|p2|Gengar, M|
|poke|p2|Lurantis, F|
|poke|p2|Blaziken, M|
|poke|p2|Lanturn, M|
|poke|p2|Sandslash, M|
|poke|p2|Corviknight, M|
|teampreview
|
|t:|1758964209
|teamsize|p1|6
|teamsize|p2|6
|start
|switch|p1a: Pump It|Great Tusk|100/100
|switch|p2a: David|Gengar, M|100/100
|turn|1
|
|t:|1758964214
|-terastallize|p2a: David|Ghost
|move|p2a: David|Icy Wind|p1a: Pump It
|-supereffective|p1a: Pump It
|-damage|p1a: Pump It|46/100
|-unboost|p1a: Pump It|spe|1
|move|p1a: Pump It|Stealth Rock|p2a: David
|-sidestart|p2: nice kanto teen|move: Stealth Rock
|
|upkeep
|turn|2
|
|t:|1758964222
|move|p2a: David|Icy Wind|p1a: Pump It
|-supereffective|p1a: Pump It
|-damage|p1a: Pump It|0 fnt
|faint|p1a: Pump It
|-end|p1a: Pump It|Protosynthesis|[silent]
|
|upkeep
|
|t:|1758964227
|switch|p1a: Everytime We Touch|Samurott-Hisui, M|100/100
|turn|3
|
|t:|1758964233
|move|p1a: Everytime We Touch|Flip Turn|p2a: David
|-damage|p2a: David|44/100
|
|t:|1758964244
|switch|p1a: Mindreader|Iron Crown|100/100|[from] Flip Turn
|move|p2a: David|Dazzling Gleam|p1a: Mindreader
|-resisted|p1a: Mindreader
|-damage|p1a: Mindreader|87/100
|
|upkeep
|turn|4
|
|t:|1758964254
|move|p2a: David|Shadow Ball|p1a: Mindreader
|-supereffective|p1a: Mindreader
|-damage|p1a: Mindreader|0 fnt
|faint|p1a: Mindreader
|-end|p1a: Mindreader|Quark Drive|[silent]
|
|upkeep
|
|t:|1758964259
|switch|p1a: Everytime We Touch|Samurott-Hisui, M|100/100
|turn|5
|inactive|Battle timer is ON: inactive players will automatically lose when time's up. (requested by YT Joltikplayer)
|
|t:|1758964287
|move|p1a: Everytime We Touch|Ceaseless Edge|p2a: David
|-supereffective|p2a: David
|-damage|p2a: David|0 fnt
|-sidestart|p2: nice kanto teen|Spikes
|faint|p2a: David
|
|upkeep
|
|t:|1758964290
|switch|p2a: Kent|Blaziken, M|100/100
|-damage|p2a: Kent|88/100|[from] Stealth Rock
|-damage|p2a: Kent|76/100|[from] Spikes
|turn|6
|
|t:|1758964296
|switch|p1a: Hurikan|Zapdos|100/100
|move|p2a: Kent|Close Combat|p1a: Hurikan
|-resisted|p1a: Hurikan
|-damage|p1a: Hurikan|76/100
|-unboost|p2a: Kent|def|1
|-unboost|p2a: Kent|spd|1
|-status|p2a: Kent|par|[from] ability: Static|[of] p1a: Hurikan
|
|-ability|p2a: Kent|Speed Boost|boost
|-boost|p2a: Kent|spe|1
|upkeep
|turn|7
|
|t:|1758964308
|move|p1a: Hurikan|Hurricane|p2a: Kent
|-supereffective|p2a: Kent
|-damage|p2a: Kent|0 fnt
|faint|p2a: Kent
|
|upkeep
|
|t:|1758964312
|switch|p2a: Toph|Sandslash, M, shiny|100/100
|-damage|p2a: Toph|94/100|[from] Stealth Rock
|-damage|p2a: Toph|82/100|[from] Spikes
|turn|8
|
|t:|1758964318
|move|p1a: Hurikan|U-turn|p2a: Toph
|-damage|p2a: Toph|68/100
|
|t:|1758964321
|switch|p1a: Everytime We Touch|Samurott-Hisui, M|100/100|[from] U-turn
|move|p2a: Toph|Sandstorm|p2a: Toph
|-weather|Sandstorm
|
|-weather|Sandstorm|[upkeep]
|-damage|p1a: Everytime We Touch|94/100|[from] Sandstorm
|upkeep
|turn|9
|
|t:|1758964338
|move|p2a: Toph|Leech Life|p1a: Everytime We Touch
|-supereffective|p1a: Everytime We Touch
|-damage|p1a: Everytime We Touch|26/100
|-heal|p2a: Toph|100/100|[from] drain|[of] p1a: Everytime We Touch
|move|p1a: Everytime We Touch|Ceaseless Edge|p2a: Toph
|-damage|p2a: Toph|56/100
|-sidestart|p2: nice kanto teen|Spikes
|
|-weather|Sandstorm|[upkeep]
|-damage|p1a: Everytime We Touch|20/100|[from] Sandstorm
|upkeep
|turn|10
|
|t:|1758964348
|move|p2a: Toph|Leech Life|p1a: Everytime We Touch
|-supereffective|p1a: Everytime We Touch
|-damage|p1a: Everytime We Touch|0 fnt
|-heal|p2a: Toph|66/100|[from] drain|[of] p1a: Everytime We Touch
|faint|p1a: Everytime We Touch
|
|-weather|Sandstorm|[upkeep]
|upkeep
|
|t:|1758964358
|switch|p1a: Parasite|Dragapult, F|100/100
|turn|11
|
|t:|1758964370
|-terastallize|p1a: Parasite|Ghost
|move|p2a: Toph|Earthquake|p1a: Parasite
|-damage|p1a: Parasite|39/100
|move|p1a: Parasite|Dragon Darts|p2a: Toph
|-damage|p2a: Toph|26/100
|-anim|p1a: Parasite|Dragon Darts|p2a: Toph
|-damage|p2a: Toph|0 fnt
|faint|p2a: Toph
|
|-weather|Sandstorm|[upkeep]
|-damage|p1a: Parasite|33/100|[from] Sandstorm
|upkeep
|
|t:|1758964379
|switch|p2a: Jockey|Corviknight, M|100/100
|-damage|p2a: Jockey|88/100|[from] Stealth Rock
|turn|12
|
|t:|1758964384
|move|p1a: Parasite|Dragon Darts|p2a: Jockey
|-resisted|p2a: Jockey
|-damage|p2a: Jockey|73/100
|-anim|p1a: Parasite|Dragon Darts|p2a: Jockey
|-resisted|p2a: Jockey
|-damage|p2a: Jockey|57/100
|move|p2a: Jockey|Iron Defense|p2a: Jockey
|-boost|p2a: Jockey|def|2
|
|-weather|Sandstorm|[upkeep]
|-damage|p1a: Parasite|27/100|[from] Sandstorm
|upkeep
|turn|13
|
|t:|1758964394
|move|p1a: Parasite|Dragon Darts|p2a: Jockey
|-resisted|p2a: Jockey
|-damage|p2a: Jockey|50/100
|-anim|p1a: Parasite|Dragon Darts|p2a: Jockey
|-resisted|p2a: Jockey
|-damage|p2a: Jockey|42/100
|move|p2a: Jockey|Iron Head|p1a: Parasite
|-damage|p1a: Parasite|0 fnt
|faint|p1a: Parasite
|
|-weather|Sandstorm|[upkeep]
|upkeep
|
|t:|1758964402
|switch|p1a: Hurikan|Zapdos|76/100
|turn|14
|
|t:|1758964409
|move|p1a: Hurikan|U-turn|p2a: Jockey
|-resisted|p2a: Jockey
|-damage|p2a: Jockey|41/100
|
|t:|1758964413
|switch|p1a: Revery|Iron Boulder|100/100|[from] U-turn
|-enditem|p1a: Revery|Booster Energy
|-activate|p1a: Revery|ability: Quark Drive|[fromitem]
|-start|p1a: Revery|quarkdrivespe
|move|p2a: Jockey|Body Press|p1a: Revery
|-damage|p1a: Revery|56/100
|
|-weather|Sandstorm|[upkeep]
|upkeep
|turn|15
|
|t:|1758964424
|move|p1a: Revery|Mighty Cleave|p2a: Jockey
|-crit|p2a: Jockey
|-damage|p2a: Jockey|0 fnt
|faint|p2a: Jockey
|
|-weather|none
|upkeep
|
|t:|1758964429
|switch|p2a: Fona|Lurantis, F|100/100
|-damage|p2a: Fona|88/100|[from] Stealth Rock
|-damage|p2a: Fona|72/100|[from] Spikes
|turn|16
|
|t:|1758964435
|-end|p1a: Revery|Quark Drive|[silent]
|switch|p1a: Hurikan|Zapdos|76/100
|move|p2a: Fona|Leaf Storm|p1a: Hurikan
|-resisted|p1a: Hurikan
|-damage|p1a: Hurikan|60/100
|-boost|p2a: Fona|spa|2
|
|-heal|p2a: Fona|78/100|[from] item: Leftovers
|upkeep
|turn|17
|
|t:|1758964444
|move|p1a: Hurikan|Hurricane|p2a: Fona
|-supereffective|p2a: Fona
|-damage|p2a: Fona|0 fnt
|faint|p2a: Fona
|
|upkeep
|
|t:|1758964446
|switch|p2a: Cell|Lanturn, M|100/100
|-damage|p2a: Cell|88/100|[from] Stealth Rock
|-damage|p2a: Cell|72/100|[from] Spikes
|turn|18
|
|t:|1758964454
|move|p1a: Hurikan|Roost|p1a: Hurikan
|-heal|p1a: Hurikan|100/100
|-singleturn|p1a: Hurikan|move: Roost
|move|p2a: Cell|Surf|p1a: Hurikan
|-damage|p1a: Hurikan|62/100
|
|upkeep
|turn|19
|
|t:|1758964461
|move|p1a: Hurikan|Hurricane|p2a: Cell
|-resisted|p2a: Cell
|-damage|p2a: Cell|50/100
|move|p2a: Cell|Surf|p1a: Hurikan
|-damage|p1a: Hurikan|27/100
|
|upkeep
|turn|20
|
|t:|1758964467
|move|p1a: Hurikan|U-turn|p2a: Cell
|-damage|p2a: Cell|35/100
|-damage|p1a: Hurikan|10/100|[from] item: Rocky Helmet|[of] p2a: Cell
|
|t:|1758964470
|switch|p1a: Revery|Iron Boulder|56/100|[from] U-turn
|move|p2a: Cell|Surf|p1a: Revery
|-supereffective|p1a: Revery
|-damage|p1a: Revery|0 fnt
|faint|p1a: Revery
|-end|p1a: Revery|Quark Drive|[silent]
|
|upkeep
|
|t:|1758964477
|switch|p1a: Hurikan|Zapdos|10/100
|turn|21
|
|t:|1758964480
|move|p1a: Hurikan|Roost|p1a: Hurikan
|-heal|p1a: Hurikan|60/100
|-singleturn|p1a: Hurikan|move: Roost
|move|p2a: Cell|Thunderbolt|p1a: Hurikan
|-resisted|p1a: Hurikan
|-damage|p1a: Hurikan|41/100
|
|upkeep
|turn|22
|
|t:|1758964489
|move|p1a: Hurikan|Roost|p1a: Hurikan
|-heal|p1a: Hurikan|91/100
|-singleturn|p1a: Hurikan|move: Roost
|move|p2a: Cell|Surf|p1a: Hurikan
|-damage|p1a: Hurikan|57/100
|
|upkeep
|turn|23
|
|t:|1758964496
|move|p1a: Hurikan|Hurricane|p2a: Cell
|-resisted|p2a: Cell
|-damage|p2a: Cell|12/100
|move|p2a: Cell|Surf|p1a: Hurikan
|-damage|p1a: Hurikan|20/100
|
|upkeep
|turn|24
|
|t:|1758964503
|move|p1a: Hurikan|Hurricane|p2a: Cell
|-resisted|p2a: Cell
|-damage|p2a: Cell|0 fnt
|faint|p2a: Cell
|
|win|YT Joltikplayer
|raw|YT Joltikplayer's rating: 1076 &rarr; <strong>1105</strong><br />(+29 for winning)
|raw|nice kanto teen's rating: 1080 &rarr; <strong>1058</strong><br />(-22 for losing)
|l|☆nice kanto teen
|player|p2|
|l|☆YT Joltikplayer
|player|p1|
