|j|‽DeadlockedTheory
|j|☆sama25
|t:|1759048685
|gametype|singles
|player|p1|DeadlockedTheory|1|1283
|player|p2|sama25|ghetsis|1241
|gen|9
|tier|[Gen 9] OU
|rated|
|rule|HP Percentage Mod: HP is shown in percentages
|rule|Endless Battle Clause: Forcing endless battles is banned
|rule|Species Clause: Limit one of each Pokémon
|rule|OHKO Clause: OHKO moves are banned
|rule|Evasion Items Clause: Evasion items are banned
|rule|Evasion Moves Clause: Evasion moves are banned
|rule|Evasion Abilities Clause: Evasion abilities are banned
|rule|Sleep Moves Clause: Sleep-inducing moves are banned
|clearpoke
|poke|p1|Lokix, F|
|poke|p1|Cinderace, F|
|poke|p1|Great Tusk|
|poke|p1|Alomomola, M|
|poke|p1|Enamorus, F|
|poke|p1|Slowking-Galar, M|
|poke|p2|Tyranitar, M|
|poke|p2|Excadrill, M|
|poke|p2|Tornadus-Therian, M|
|poke|p2|Tinkaton, F|
|poke|p2|Sinistcha|
|poke|p2|Toxapex, M|
|teampreview
|inactive|Battle timer is ON: inactive players will automatically lose when time's up. (requested by sama25)
|
|t:|1759048697
|teamsize|p1|6
|teamsize|p2|6
|start
|switch|p1a: Lokix|Lokix, F|100/100
|switch|p2a: Tinkaton|Tinkaton, F, shiny|100/100
|-item|p2a: Tinkaton|Air Balloon
|turn|1
|
|t:|1759048705
|move|p2a: Tinkaton|Stealth Rock|p1a: Lokix
|-sidestart|p1: DeadlockedTheory|move: Stealth Rock
|move|p1a: Lokix|Knock Off|p2a: Tinkaton
|-resisted|p2a: Tinkaton
|-damage|p2a: Tinkaton|13/100
|-enditem|p2a: Tinkaton|Air Balloon
|-enditem|p1a: Lokix|Choice Band|[silent]|[from] ability: Pickpocket|[of] p1a: Lokix
|-item|p2a: Tinkaton|Choice Band|[from] ability: Pickpocket|[of] p1a: Lokix
|
|upkeep
|turn|2
|
|t:|1759048720
|switch|p1a: Alomomola|Alomomola, M|100/100
|-damage|p1a: Alomomola|88/100|[from] Stealth Rock
|move|p2a: Tinkaton|Gigaton Hammer|p1a: Alomomola
|-resisted|p1a: Alomomola
|-damage|p1a: Alomomola|55/100
|
|upkeep
|turn|3
|
|t:|1759048731
|switch|p2a: Sinistcha|Sinistcha, shiny|100/100
|move|p1a: Alomomola|Flip Turn|p2a: Sinistcha
|-resisted|p2a: Sinistcha
|-damage|p2a: Sinistcha|95/100
|
|t:|1759048742
|switch|p1a: Cinderace|Cinderace, F|100/100|[from] Flip Turn
|
|-heal|p2a: Sinistcha|100/100|[from] item: Leftovers
|upkeep
|turn|4
|
|t:|1759048750
|move|p1a: Cinderace|Court Change|p1a: Cinderace
|-swapsideconditions
|-activate|p1a: Cinderace|move: Court Change
|move|p2a: Sinistcha|Strength Sap|p1a: Cinderace
|-unboost|p1a: Cinderace|atk|1
|
|upkeep
|turn|5
|
|t:|1759048758
|move|p1a: Cinderace|U-turn|p2a: Sinistcha
|-damage|p2a: Sinistcha|92/100
|
|t:|1759048764
|switch|p1a: Slowking|Slowking-Galar, M|100/100|[from] U-turn
|move|p2a: Sinistcha|Calm Mind|p2a: Sinistcha
|-boost|p2a: Sinistcha|spa|1
|-boost|p2a: Sinistcha|spd|1
|
|-heal|p2a: Sinistcha|98/100|[from] item: Leftovers
|upkeep
|turn|6
|
|t:|1759048774
|move|p2a: Sinistcha|Calm Mind|p2a: Sinistcha
|-boost|p2a: Sinistcha|spa|1
|-boost|p2a: Sinistcha|spd|1
|-prepare|p1a: Slowking|Chilly Reception|[premajor]
|move|p1a: Slowking|Chilly Reception|p1a: Slowking
|-weather|Snowscape
|
|t:|1759048784
|switch|p1a: Alomomola|Alomomola, M|89/100|[from] Chilly Reception
|
|-weather|Snowscape|[upkeep]
|-heal|p2a: Sinistcha|100/100|[from] item: Leftovers
|upkeep
|turn|7
|
|t:|1759048791
|move|p2a: Sinistcha|Calm Mind|p2a: Sinistcha
|-boost|p2a: Sinistcha|spa|1
|-boost|p2a: Sinistcha|spd|1
|move|p1a: Alomomola|Mirror Coat||[still]
|-fail|p1a: Alomomola
|
|-weather|Snowscape|[upkeep]
|upkeep
|turn|8
|
|t:|1759048798
|move|p2a: Sinistcha|Calm Mind|p2a: Sinistcha
|-boost|p2a: Sinistcha|spa|1
|-boost|p2a: Sinistcha|spd|1
|move|p1a: Alomomola|Mirror Coat||[still]
|-fail|p1a: Alomomola
|
|-weather|Snowscape|[upkeep]
|upkeep
|turn|9
|
|t:|1759048805
|move|p2a: Sinistcha|Calm Mind|p2a: Sinistcha
|-boost|p2a: Sinistcha|spa|1
|-boost|p2a: Sinistcha|spd|1
|move|p1a: Alomomola|Mirror Coat||[still]
|-fail|p1a: Alomomola
|
|-weather|Snowscape|[upkeep]
|upkeep
|turn|10
|
|t:|1759048813
|move|p2a: Sinistcha|Calm Mind|p2a: Sinistcha
|-boost|p2a: Sinistcha|spa|1
|-boost|p2a: Sinistcha|spd|1
|move|p1a: Alomomola|Mirror Coat||[still]
|-fail|p1a: Alomomola
|
|-weather|none
|upkeep
|turn|11
|
|t:|1759048821
|-terastallize|p1a: Alomomola|Normal
|move|p2a: Sinistcha|Strength Sap|p1a: Alomomola
|-unboost|p1a: Alomomola|atk|1
|move|p1a: Alomomola|Mirror Coat||[still]
|-fail|p1a: Alomomola
|
|upkeep
|turn|12
|
|t:|1759048829
|move|p2a: Sinistcha|Strength Sap|p1a: Alomomola
|-unboost|p1a: Alomomola|atk|1
|move|p1a: Alomomola|Mirror Coat||[still]
|-fail|p1a: Alomomola
|
|upkeep
|turn|13
|
|t:|1759048836
|-terastallize|p2a: Sinistcha|Fighting
|move|p2a: Sinistcha|Tera Blast|p1a: Alomomola|[anim] Tera Blast Fighting
|-supereffective|p1a: Alomomola
|-damage|p1a: Alomomola|0 fnt
|faint|p1a: Alomomola
|
|upkeep
|-message|DeadlockedTheory forfeited.
|
|win|sama25
|raw|DeadlockedTheory's rating: 1283 &rarr; <strong>1255</strong><br />(-28 for losing)
|raw|sama25's rating: 1241 &rarr; <strong>1269</strong><br />(+28 for winning)
|l|‽DeadlockedTheory
|player|p1|
