|j|☆spamtongspamtondr
|j|☆shifei
|t:|1759001255
|gametype|singles
|player|p1|spamtongspamtondr|emmet|1254
|player|p2|shifei|miku-flying|1226
|gen|9
|tier|[Gen 9] OU
|rated|
|rule|HP Percentage Mod: HP is shown in percentages
|rule|Endless Battle Clause: Forcing endless battles is banned
|rule|Species Clause: Limit one of each Pokémon
|rule|OHKO Clause: OHKO moves are banned
|rule|Evasion Items Clause: Evasion items are banned
|rule|Evasion Moves Clause: Evasion moves are banned
|rule|Evasion Abilities Clause: Evasion abilities are banned
|rule|Sleep Moves Clause: Sleep-inducing moves are banned
|clearpoke
|poke|p1|Kingambit, F|
|poke|p1|Weavile, F|
|poke|p1|Hydreigon, F|
|poke|p1|Lokix, F|
|poke|p1|Darkrai|
|poke|p1|Samurott-Hisui, F|
|poke|p2|Ting-Lu|
|poke|p2|Alomomola, M|
|poke|p2|Dondozo, F|
|poke|p2|Gliscor, M|
|poke|p2|Blissey, F|
|poke|p2|Weezing-Galar, M|
|teampreview
|inactive|Battle timer is ON: inactive players will automatically lose when time's up. (requested by spamtongspamtondr)
|c|☆spamtongspamtondr|NOWS YOURE CHANCE TO BE A [big shot]!
|c|☆spamtongspamtondr|NEVER MIND, YOURE [lame]!~
|
|t:|1759001273
|teamsize|p1|6
|teamsize|p2|6
|start
|switch|p1a: The Pawn|Samurott-Hisui, F|100/100
|switch|p2a: Gliscor|Gliscor, M|100/100
|turn|1
|
|t:|1759001281
|move|p2a: Gliscor|Protect|p2a: Gliscor
|-singleturn|p2a: Gliscor|Protect
|move|p1a: The Pawn|Aqua Cutter|p2a: Gliscor
|-activate|p2a: Gliscor|move: Protect
|
|-status|p2a: Gliscor|tox|[from] item: Toxic Orb
|upkeep
|turn|2
|
|t:|1759001291
|move|p1a: The Pawn|Ceaseless Edge|p2a: Gliscor
|-damage|p2a: Gliscor|75/100 tox
|-sidestart|p2: shifei|Spikes
|move|p2a: Gliscor|Toxic|p1a: The Pawn
|-status|p1a: The Pawn|tox
|
|-damage|p1a: The Pawn|94/100 tox|[from] psn
|-heal|p2a: Gliscor|87/100 tox|[from] ability: Poison Heal
|upkeep
|turn|3
|
|t:|1759001301
|switch|p2a: Dondozo|Dondozo, F|100/100
|move|p1a: The Pawn|Aqua Cutter|p2a: Dondozo
|-resisted|p2a: Dondozo
|-damage|p2a: Dondozo|91/100
|
|-damage|p1a: The Pawn|82/100 tox|[from] psn
|upkeep
|turn|4
|
|t:|1759001309
|switch|p1a: The Rook|Hydreigon, F|100/100
|move|p2a: Dondozo|Body Press|p1a: The Rook
|-supereffective|p1a: The Rook
|-damage|p1a: The Rook|33/100
|
|upkeep
|turn|5
|
|t:|1759001315
|-terastallize|p1a: The Rook|Poison
|move|p1a: The Rook|Focus Energy|p1a: The Rook
|-start|p1a: The Rook|move: Focus Energy
|move|p2a: Dondozo|Body Press|p1a: The Rook
|-resisted|p1a: The Rook
|-damage|p1a: The Rook|16/100
|
|upkeep
|turn|6
|
|t:|1759001322
|move|p1a: The Rook|Draco Meteor|p2a: Dondozo
|-crit|p2a: Dondozo
|-damage|p2a: Dondozo|0 fnt
|-unboost|p1a: The Rook|spa|2
|faint|p2a: Dondozo
|
|upkeep
|
|t:|1759001329
|switch|p2a: Blissey|Blissey, F|100/100
|turn|7
|
|t:|1759001334
|move|p1a: The Rook|Draco Meteor|p2a: Blissey
|-crit|p2a: Blissey
|-damage|p2a: Blissey|71/100
|-unboost|p1a: The Rook|spa|2
|move|p2a: Blissey|Stealth Rock|p1a: The Rook
|-sidestart|p1: spamtongspamtondr|move: Stealth Rock
|
|upkeep
|turn|8
|
|t:|1759001341
|switch|p1a: The Knight|Lokix, F|100/100
|move|p2a: Blissey|Seismic Toss|p1a: The Knight
|-damage|p1a: The Knight|65/100
|
|upkeep
|turn|9
|
|t:|1759001349
|switch|p2a: Weezing|Weezing-Galar, M|100/100
|-ability|p2a: Weezing|Neutralizing Gas
|move|p1a: The Knight|Knock Off|p2a: Weezing
|-resisted|p2a: Weezing
|-damage|p2a: Weezing|87/100
|-enditem|p2a: Weezing|Heavy-Duty Boots|[from] move: Knock Off|[of] p1a: The Knight
|
|upkeep
|turn|10
|
|t:|1759001358
|move|p1a: The Knight|U-turn|p2a: Weezing
|-resisted|p2a: Weezing
|-damage|p2a: Weezing|82/100
|
|t:|1759001360
|switch|p1a: The Pawn|Samurott-Hisui, F|82/100 tox|[from] U-turn
|-damage|p1a: The Pawn|69/100 tox|[from] Stealth Rock
|move|p2a: Weezing|Will-O-Wisp|p1a: The Pawn|[miss]
|-miss|p2a: Weezing|p1a: The Pawn
|
|-damage|p1a: The Pawn|63/100 tox|[from] psn
|upkeep
|turn|11
|
|t:|1759001370
|-end|p2a: Weezing|ability: Neutralizing Gas
|switch|p2a: Alomomola|Alomomola, M|100/100
|move|p1a: The Pawn|Ceaseless Edge|p2a: Alomomola
|-damage|p2a: Alomomola|78/100
|-sidestart|p2: shifei|Spikes
|
|-damage|p1a: The Pawn|51/100 tox|[from] psn
|upkeep
|turn|12
|
|t:|1759001379
|move|p1a: The Pawn|Ceaseless Edge|p2a: Alomomola
|-damage|p2a: Alomomola|56/100
|-sidestart|p2: shifei|Spikes
|move|p2a: Alomomola|Wish|p2a: Alomomola
|
|-damage|p1a: The Pawn|32/100 tox|[from] psn
|upkeep
|turn|13
|
|t:|1759001388
|move|p2a: Alomomola|Protect|p2a: Alomomola
|-singleturn|p2a: Alomomola|Protect
|move|p1a: The Pawn|Knock Off|p2a: Alomomola
|-activate|p2a: Alomomola|move: Protect
|
|-heal|p2a: Alomomola|100/100|[from] move: Wish|[wisher] Alomomola
|-damage|p1a: The Pawn|7/100 tox|[from] psn
|upkeep
|turn|14
|
|t:|1759001401
|switch|p2a: Gliscor|Gliscor, M|87/100 tox
|move|p1a: The Pawn|Knock Off|p2a: Gliscor
|-damage|p2a: Gliscor|61/100 tox
|-enditem|p2a: Gliscor|Toxic Orb|[from] move: Knock Off|[of] p1a: The Pawn
|
|-damage|p1a: The Pawn|0 fnt|[from] psn
|faint|p1a: The Pawn
|-heal|p2a: Gliscor|74/100 tox|[from] ability: Poison Heal
|upkeep
|
|t:|1759001407
|switch|p1a: The Queen|Darkrai|100/100
|-damage|p1a: The Queen|88/100|[from] Stealth Rock
|turn|15
|
|t:|1759001416
|move|p2a: Gliscor|Protect|p2a: Gliscor
|-singleturn|p2a: Gliscor|Protect
|move|p1a: The Queen|Nasty Plot|p1a: The Queen
|-boost|p1a: The Queen|spa|2
|
|-heal|p2a: Gliscor|86/100 tox|[from] ability: Poison Heal
|upkeep
|turn|16
|
|t:|1759001423
|move|p1a: The Queen|Dark Pulse|p2a: Gliscor
|-crit|p2a: Gliscor
|-damage|p2a: Gliscor|0 fnt
|faint|p2a: Gliscor
|-damage|p1a: The Queen|78/100|[from] item: Life Orb
|
|upkeep
|
|t:|1759001429
|switch|p2a: Blissey|Blissey, F|71/100
|turn|17
|
|t:|1759001436
|move|p1a: The Queen|Focus Blast|p2a: Blissey|[miss]
|-miss|p1a: The Queen|p2a: Blissey
|move|p2a: Blissey|Calm Mind|p2a: Blissey
|-boost|p2a: Blissey|spa|1
|-boost|p2a: Blissey|spd|1
|
|upkeep
|turn|18
|
|t:|1759001443
|move|p1a: The Queen|Focus Blast|p2a: Blissey|[miss]
|-miss|p1a: The Queen|p2a: Blissey
|move|p2a: Blissey|Calm Mind|p2a: Blissey
|-boost|p2a: Blissey|spa|1
|-boost|p2a: Blissey|spd|1
|
|upkeep
|turn|19
|
|t:|1759001449
|move|p1a: The Queen|Focus Blast|p2a: Blissey
|-supereffective|p2a: Blissey
|-damage|p2a: Blissey|35/100
|-unboost|p2a: Blissey|spd|1
|-damage|p1a: The Queen|68/100|[from] item: Life Orb
|move|p2a: Blissey|Calm Mind|p2a: Blissey
|-boost|p2a: Blissey|spa|1
|-boost|p2a: Blissey|spd|1
|
|upkeep
|turn|20
|
|t:|1759001458
|move|p1a: The Queen|Focus Blast|p2a: Blissey|[miss]
|-miss|p1a: The Queen|p2a: Blissey
|move|p2a: Blissey|Soft-Boiled|p2a: Blissey
|-heal|p2a: Blissey|85/100
|
|upkeep
|turn|21
|
|t:|1759001464
|switch|p1a: The Knight|Lokix, F|65/100
|move|p2a: Blissey|Calm Mind|p2a: Blissey
|-boost|p2a: Blissey|spa|1
|-boost|p2a: Blissey|spd|1
|
|upkeep
|turn|22
|
|t:|1759001473
|switch|p2a: Weezing|Weezing-Galar, M|82/100
|-ability|p2a: Weezing|Neutralizing Gas
|-damage|p2a: Weezing|57/100|[from] Spikes
|move|p1a: The Knight|Knock Off|p2a: Weezing
|-resisted|p2a: Weezing
|-damage|p2a: Weezing|47/100
|
|upkeep
|turn|23
|
|t:|1759001482
|move|p1a: The Knight|U-turn|p2a: Weezing
|-resisted|p2a: Weezing
|-damage|p2a: Weezing|42/100
|
|t:|1759001484
|switch|p1a: The Queen|Darkrai|68/100|[from] U-turn
|-damage|p1a: The Queen|56/100|[from] Stealth Rock
|move|p2a: Weezing|Pain Split|p1a: The Queen
|-sethp|p1a: The Queen|53/100|[from] move: Pain Split|[silent]
|-sethp|p2a: Weezing|45/100|[from] move: Pain Split
|
|upkeep
|turn|24
|
|t:|1759001494
|move|p1a: The Queen|Sludge Bomb|p2a: Weezing
|-damage|p2a: Weezing|0 fnt
|faint|p2a: Weezing
|-end|p2a: Weezing|ability: Neutralizing Gas
|-damage|p1a: The Queen|43/100|[from] item: Life Orb
|
|upkeep
|
|t:|1759001504
|switch|p2a: Blissey|Blissey, F|85/100
|turn|25
|
|t:|1759001509
|move|p1a: The Queen|Focus Blast|p2a: Blissey
|-supereffective|p2a: Blissey
|-damage|p2a: Blissey|52/100
|-damage|p1a: The Queen|33/100|[from] item: Life Orb
|move|p2a: Blissey|Seismic Toss|p1a: The Queen
|-damage|p1a: The Queen|0 fnt
|faint|p1a: The Queen
|
|upkeep
|
|t:|1759001512
|switch|p1a: The Bishop|Weavile, F|100/100
|-ability|p1a: The Bishop|Pressure
|turn|26
|
|t:|1759001522
|move|p1a: The Bishop|Swords Dance|p1a: The Bishop
|-boost|p1a: The Bishop|atk|2
|move|p2a: Blissey|Soft-Boiled|p2a: Blissey
|-heal|p2a: Blissey|100/100
|
|upkeep
|turn|27
|
|t:|1759001531
|switch|p2a: Ting-Lu|Ting-Lu|100/100
|-damage|p2a: Ting-Lu|76/100|[from] Spikes
|-ability|p2a: Ting-Lu|Vessel of Ruin
|move|p1a: The Bishop|Low Kick|p2a: Ting-Lu
|-supereffective|p2a: Ting-Lu
|-damage|p2a: Ting-Lu|0 fnt
|faint|p2a: Ting-Lu
|
|upkeep
|-message|shifei forfeited.
|
|win|spamtongspamtondr
|raw|spamtongspamtondr's rating: 1254 &rarr; <strong>1277</strong><br />(+23 for winning)
|raw|shifei's rating: 1226 &rarr; <strong>1203</strong><br />(-23 for losing)
|l|☆shifei
|player|p2|
