|j|☆Hurricane_Slash
|j|☆pepepoopoop
|t:|1759041209
|gametype|singles
|player|p1|Hurricane_Slash|iris-gen5bw2|1427
|player|p2|pepepoopoop|266|1334
|gen|9
|tier|[Gen 9] OU
|rated|
|rule|HP Percentage Mod: HP is shown in percentages
|rule|Endless Battle Clause: Forcing endless battles is banned
|rule|Species Clause: Limit one of each Pokémon
|rule|OHKO Clause: OHKO moves are banned
|rule|Evasion Items Clause: Evasion items are banned
|rule|Evasion Moves Clause: Evasion moves are banned
|rule|Evasion Abilities Clause: Evasion abilities are banned
|rule|Sleep Moves Clause: Sleep-inducing moves are banned
|clearpoke
|poke|p1|Torkoal, M|
|poke|p1|Hatterene, F|
|poke|p1|Raging Bolt|
|poke|p1|Slither Wing|
|poke|p1|Venusaur, F|
|poke|p1|Walking Wake|
|poke|p2|Jolteon, M|
|poke|p2|Slowking-Galar, F|
|poke|p2|Great Tusk|
|poke|p2|Hydrapple, F|
|poke|p2|Kingambit, F|
|poke|p2|Moltres|
|teampreview
|inactive|Battle timer is ON: inactive players will automatically lose when time's up. (requested by pepepoopoop)
|
|t:|1759041216
|teamsize|p1|6
|teamsize|p2|6
|start
|switch|p1a: Torkoal|Torkoal, M|100/100
|switch|p2a: Slowking|Slowking-Galar, F|100/100
|-weather|SunnyDay|[from] ability: Drought|[of] p1a: Torkoal
|turn|1
|
|t:|1759041226
|-terastallize|p1a: Torkoal|Ground
|move|p2a: Slowking|Sludge Bomb|p1a: Torkoal
|-resisted|p1a: Torkoal
|-damage|p1a: Torkoal|80/100
|move|p1a: Torkoal|Earthquake|p2a: Slowking
|-supereffective|p2a: Slowking
|-damage|p2a: Slowking|54/100
|
|-weather|SunnyDay|[upkeep]
|upkeep
|turn|2
|
|t:|1759041234
|switch|p2a: Moltres|Moltres|100/100
|move|p1a: Torkoal|Earthquake|p2a: Moltres
|-immune|p2a: Moltres
|
|-weather|SunnyDay|[upkeep]
|upkeep
|turn|3
|
|t:|1759041240
|switch|p1a: Raging Bolt|Raging Bolt|100/100
|-activate|p1a: Raging Bolt|ability: Protosynthesis
|-start|p1a: Raging Bolt|protosynthesisspa
|move|p2a: Moltres|Scorching Sands|p1a: Raging Bolt
|-supereffective|p1a: Raging Bolt
|-damage|p1a: Raging Bolt|64/100
|
|-weather|SunnyDay|[upkeep]
|upkeep
|turn|4
|
|t:|1759041248
|switch|p2a: Slowking|Slowking-Galar, F|88/100
|move|p1a: Raging Bolt|Thunderclap||[still]
|-fail|p1a: Raging Bolt
|
|-weather|SunnyDay|[upkeep]
|upkeep
|turn|5
|
|t:|1759041257
|-end|p1a: Raging Bolt|Protosynthesis|[silent]
|switch|p1a: Slither Wing|Slither Wing|100/100
|-activate|p1a: Slither Wing|ability: Protosynthesis
|-start|p1a: Slither Wing|protosynthesisatk
|move|p2a: Slowking|Ice Beam|p1a: Slither Wing
|-damage|p1a: Slither Wing|85/100
|
|-weather|SunnyDay|[upkeep]
|upkeep
|turn|6
|
|t:|1759041263
|switch|p2a: Moltres|Moltres|100/100
|move|p1a: Slither Wing|Earthquake|p2a: Moltres
|-immune|p2a: Moltres
|
|-weather|SunnyDay|[upkeep]
|upkeep
|turn|7
|
|t:|1759041272
|-end|p1a: Slither Wing|Protosynthesis|[silent]
|switch|p1a: Walking Wake|Walking Wake|100/100
|-activate|p1a: Walking Wake|ability: Protosynthesis
|-start|p1a: Walking Wake|protosynthesisspe
|move|p2a: Moltres|Will-O-Wisp|p1a: Walking Wake
|-status|p1a: Walking Wake|brn
|
|-weather|SunnyDay|[upkeep]
|-damage|p1a: Walking Wake|94/100 brn|[from] brn
|upkeep
|turn|8
|
|t:|1759041279
|switch|p2a: Slowking|Slowking-Galar, F|100/100
|move|p1a: Walking Wake|Hydro Steam|p2a: Slowking
|-damage|p2a: Slowking|66/100
|
|-weather|none
|-end|p1a: Walking Wake|Protosynthesis
|-damage|p1a: Walking Wake|88/100 brn|[from] brn
|upkeep
|turn|9
|
|t:|1759041283
|-end|p1a: Walking Wake|Protosynthesis|[silent]
|switch|p1a: Torkoal|Torkoal, M, tera:Ground|80/100
|-weather|SunnyDay|[from] ability: Drought|[of] p1a: Torkoal
|switch|p2a: Hydrapple|Hydrapple, F|100/100
|
|-weather|SunnyDay|[upkeep]
|upkeep
|turn|10
|inactive|pepepoopoop has 120 seconds left.
|
|t:|1759041314
|switch|p1a: Venusaur|Venusaur, F|100/100
|move|p2a: Hydrapple|Giga Drain|p1a: Venusaur
|-resisted|p1a: Venusaur
|-damage|p1a: Venusaur|90/100
|
|-weather|SunnyDay|[upkeep]
|upkeep
|turn|11
|
|t:|1759041321
|switch|p2a: Slowking|Slowking-Galar, F|99/100
|move|p1a: Venusaur|Growth|p1a: Venusaur
|-boost|p1a: Venusaur|atk|2
|-boost|p1a: Venusaur|spa|2
|
|-weather|SunnyDay|[upkeep]
|upkeep
|turn|12
|
|t:|1759041327
|move|p1a: Venusaur|Earthquake|p2a: Slowking
|-supereffective|p2a: Slowking
|-damage|p2a: Slowking|25/100
|-damage|p1a: Venusaur|80/100|[from] item: Life Orb
|move|p2a: Slowking|Flamethrower|p1a: Venusaur
|-supereffective|p1a: Venusaur
|-damage|p1a: Venusaur|1/100
|
|-weather|SunnyDay|[upkeep]
|upkeep
|turn|13
|
|t:|1759041351
|switch|p2a: Great Tusk|Great Tusk|100/100
|-activate|p2a: Great Tusk|ability: Protosynthesis
|-start|p2a: Great Tusk|protosynthesisdef
|move|p1a: Venusaur|Giga Drain|p2a: Great Tusk
|-supereffective|p2a: Great Tusk
|-damage|p2a: Great Tusk|0 fnt
|-heal|p1a: Venusaur|73/100|[from] drain|[of] p2a: Great Tusk
|faint|p2a: Great Tusk
|-end|p2a: Great Tusk|Protosynthesis|[silent]
|-damage|p1a: Venusaur|63/100|[from] item: Life Orb
|
|-weather|SunnyDay|[upkeep]
|upkeep
|inactive|pepepoopoop has 120 seconds left.
|
|t:|1759041361
|switch|p2a: Moltres|Moltres|100/100
|turn|14
|
|t:|1759041373
|move|p1a: Venusaur|Weather Ball|p2a: Moltres
|-resisted|p2a: Moltres
|-damage|p2a: Moltres|53/100
|-damage|p1a: Venusaur|53/100|[from] item: Life Orb
|move|p2a: Moltres|Flamethrower|p1a: Venusaur
|-supereffective|p1a: Venusaur
|-damage|p1a: Venusaur|0 fnt
|faint|p1a: Venusaur
|
|-weather|SunnyDay|[upkeep]
|upkeep
|
|t:|1759041381
|switch|p1a: Walking Wake|Walking Wake|88/100 brn
|-activate|p1a: Walking Wake|ability: Protosynthesis
|-start|p1a: Walking Wake|protosynthesisspe
|turn|15
|
|t:|1759041387
|switch|p2a: Slowking|Slowking-Galar, F|58/100
|move|p1a: Walking Wake|Hydro Steam|p2a: Slowking
|-damage|p2a: Slowking|21/100
|
|-weather|SunnyDay|[upkeep]
|-damage|p1a: Walking Wake|82/100 brn|[from] brn
|upkeep
|turn|16
|
|t:|1759041390
|switch|p2a: Hydrapple|Hydrapple, F|100/100
|move|p1a: Walking Wake|Hydro Steam|p2a: Hydrapple
|-resisted|p2a: Hydrapple
|-damage|p2a: Hydrapple|85/100
|
|-weather|none
|-end|p1a: Walking Wake|Protosynthesis
|-damage|p1a: Walking Wake|76/100 brn|[from] brn
|upkeep
|turn|17
|
|t:|1759041398
|move|p1a: Walking Wake|Draco Meteor|p2a: Hydrapple
|-supereffective|p2a: Hydrapple
|-damage|p2a: Hydrapple|0 fnt
|-unboost|p1a: Walking Wake|spa|2
|faint|p2a: Hydrapple
|
|-damage|p1a: Walking Wake|70/100 brn|[from] brn
|upkeep
|inactive|pepepoopoop has 120 seconds left.
|
|t:|1759041431
|switch|p2a: Jolteon|Jolteon, M|100/100
|turn|18
|
|t:|1759041443
|-end|p1a: Walking Wake|Protosynthesis|[silent]
|switch|p1a: Torkoal|Torkoal, M, tera:Ground|80/100
|-weather|SunnyDay|[from] ability: Drought|[of] p1a: Torkoal
|-terastallize|p2a: Jolteon|Fairy
|move|p2a: Jolteon|Alluring Voice|p1a: Torkoal
|-damage|p1a: Torkoal|37/100
|
|-weather|SunnyDay|[upkeep]
|upkeep
|turn|19
|
|t:|1759041455
|switch|p1a: Slither Wing|Slither Wing|85/100
|-activate|p1a: Slither Wing|ability: Protosynthesis
|-start|p1a: Slither Wing|protosynthesisatk
|move|p2a: Jolteon|Alluring Voice|p1a: Slither Wing
|-supereffective|p1a: Slither Wing
|-damage|p1a: Slither Wing|35/100
|
|-weather|SunnyDay|[upkeep]
|upkeep
|turn|20
|
|t:|1759041462
|switch|p2a: Moltres|Moltres|53/100
|move|p1a: Slither Wing|First Impression|p2a: Moltres
|-resisted|p2a: Moltres
|-damage|p2a: Moltres|39/100
|
|-weather|SunnyDay|[upkeep]
|upkeep
|turn|21
|
|t:|1759041469
|-end|p1a: Slither Wing|Protosynthesis|[silent]
|switch|p1a: Walking Wake|Walking Wake|70/100 brn
|-activate|p1a: Walking Wake|ability: Protosynthesis
|-start|p1a: Walking Wake|protosynthesisspe
|move|p2a: Moltres|Roost|p2a: Moltres
|-heal|p2a: Moltres|89/100
|-singleturn|p2a: Moltres|move: Roost
|
|-weather|SunnyDay|[upkeep]
|-damage|p1a: Walking Wake|64/100 brn|[from] brn
|upkeep
|turn|22
|
|t:|1759041479
|switch|p2a: Slowking|Slowking-Galar, F|54/100
|move|p1a: Walking Wake|Hydro Steam|p2a: Slowking
|-damage|p2a: Slowking|16/100
|
|-weather|SunnyDay|[upkeep]
|-damage|p1a: Walking Wake|58/100 brn|[from] brn
|upkeep
|turn|23
|
|t:|1759041489
|move|p1a: Walking Wake|Weather Ball|p2a: Slowking
|-crit|p2a: Slowking
|-damage|p2a: Slowking|0 fnt
|faint|p2a: Slowking
|
|-weather|SunnyDay|[upkeep]
|-damage|p1a: Walking Wake|51/100 brn|[from] brn
|upkeep
|
|t:|1759041494
|switch|p2a: Kingambit|Kingambit, F, shiny|100/100
|-activate|p2a: Kingambit|ability: Supreme Overlord
|-start|p2a: Kingambit|fallen3|[silent]
|turn|24
|
|t:|1759041500
|-end|p1a: Walking Wake|Protosynthesis|[silent]
|switch|p1a: Hatterene|Hatterene, F|100/100
|-item|p1a: Hatterene|Air Balloon
|move|p2a: Kingambit|Sucker Punch||[still]
|-fail|p2a: Kingambit
|
|-weather|SunnyDay|[upkeep]
|upkeep
|turn|25
|
|t:|1759041507
|move|p2a: Kingambit|Iron Head|p1a: Hatterene
|-supereffective|p1a: Hatterene
|-damage|p1a: Hatterene|0 fnt
|-enditem|p1a: Hatterene|Air Balloon
|faint|p1a: Hatterene
|
|-weather|none
|upkeep
|
|t:|1759041512
|switch|p1a: Raging Bolt|Raging Bolt|64/100
|turn|26
|
|t:|1759041516
|-end|p2a: Kingambit|fallen3|[silent]
|switch|p2a: Jolteon|Jolteon, M, tera:Fairy|100/100
|move|p1a: Raging Bolt|Thunderclap||[still]
|-fail|p1a: Raging Bolt
|
|upkeep
|turn|27
|
|t:|1759041522
|move|p1a: Raging Bolt|Thunderclap|p2a: Jolteon
|-immune|p2a: Jolteon|[from] ability: Volt Absorb
|move|p2a: Jolteon|Alluring Voice|p1a: Raging Bolt
|-supereffective|p1a: Raging Bolt
|-damage|p1a: Raging Bolt|0 fnt
|faint|p1a: Raging Bolt
|-end|p1a: Raging Bolt|Protosynthesis|[silent]
|
|upkeep
|-message|Hurricane_Slash forfeited.
|
|win|pepepoopoop
|raw|Hurricane_Slash's rating: 1427 &rarr; <strong>1402</strong><br />(-25 for losing)
|raw|pepepoopoop's rating: 1334 &rarr; <strong>1359</strong><br />(+25 for winning)
|l|☆Hurricane_Slash
|player|p1|
|c|☆pepepoopoop|ha
|l|☆pepepoopoop
|player|p2|
