|j|☆catzplaypokemon
|j|☆leoxxla
|t:|1758950090
|gametype|singles
|player|p1|catzplaypokemon|erika|1189
|player|p2|leoxxla|102|1272
|gen|9
|tier|[Gen 9] OU
|rated|
|rule|HP Percentage Mod: HP is shown in percentages
|rule|Endless Battle Clause: Forcing endless battles is banned
|rule|Species Clause: Limit one of each Pokémon
|rule|OHKO Clause: OHKO moves are banned
|rule|Evasion Items Clause: Evasion items are banned
|rule|Evasion Moves Clause: Evasion moves are banned
|rule|Evasion Abilities Clause: Evasion abilities are banned
|rule|Sleep Moves Clause: Sleep-inducing moves are banned
|clearpoke
|poke|p1|Corviknight, M|
|poke|p1|Blissey, F|
|poke|p1|Milotic, F|
|poke|p1|Vileplume, F|
|poke|p1|Great Tusk|
|poke|p1|Weezing-Galar, M|
|poke|p2|Dragapult, F|
|poke|p2|Kingambit, M|
|poke|p2|Ting-Lu|
|poke|p2|Moltres|
|poke|p2|Sinistcha-Masterpiece|
|poke|p2|Great Tusk|
|teampreview
|inactive|Battle timer is ON: inactive players will automatically lose when time's up. (requested by leoxxla)
|
|t:|1758950121
|teamsize|p1|6
|teamsize|p2|6
|start
|switch|p1a: Weezing|Weezing-Galar, M|100/100
|switch|p2a: Ting-Lu|Ting-Lu|100/100
|-ability|p1a: Weezing|Neutralizing Gas
|-item|p1a: Weezing|Air Balloon
|turn|1
|
|t:|1758950133
|move|p1a: Weezing|Strange Steam|p2a: Ting-Lu
|-supereffective|p2a: Ting-Lu
|-damage|p2a: Ting-Lu|66/100
|-start|p2a: Ting-Lu|confusion
|-activate|p2a: Ting-Lu|confusion
|move|p2a: Ting-Lu|Ruination|p1a: Weezing
|-damage|p1a: Weezing|50/100
|-enditem|p1a: Weezing|Air Balloon
|
|-heal|p2a: Ting-Lu|72/100|[from] item: Leftovers
|upkeep
|turn|2
|
|t:|1758950152
|move|p1a: Weezing|Pain Split|p2a: Ting-Lu
|-sethp|p2a: Ting-Lu|53/100|[from] move: Pain Split|[silent]
|-sethp|p1a: Weezing|81/100|[from] move: Pain Split
|-end|p2a: Ting-Lu|confusion
|move|p2a: Ting-Lu|Stealth Rock|p1a: Weezing
|-sidestart|p1: catzplaypokemon|move: Stealth Rock
|
|-heal|p2a: Ting-Lu|59/100|[from] item: Leftovers
|upkeep
|turn|3
|
|t:|1758950160
|move|p1a: Weezing|Toxic Spikes|p2a: Ting-Lu
|-sidestart|p2: leoxxla|move: Toxic Spikes
|move|p2a: Ting-Lu|Earthquake|p1a: Weezing
|-supereffective|p1a: Weezing
|-damage|p1a: Weezing|33/100
|
|-heal|p2a: Ting-Lu|65/100|[from] item: Leftovers
|upkeep
|turn|4
|
|t:|1758950170
|move|p1a: Weezing|Pain Split|p2a: Ting-Lu
|-sethp|p2a: Ting-Lu|43/100|[from] move: Pain Split|[silent]
|-sethp|p1a: Weezing|67/100|[from] move: Pain Split
|move|p2a: Ting-Lu|Earthquake|p1a: Weezing
|-supereffective|p1a: Weezing
|-damage|p1a: Weezing|19/100
|
|-heal|p2a: Ting-Lu|50/100|[from] item: Leftovers
|upkeep
|turn|5
|
|t:|1758950178
|move|p1a: Weezing|Toxic Spikes|p2a: Ting-Lu
|-sidestart|p2: leoxxla|move: Toxic Spikes
|move|p2a: Ting-Lu|Spikes|p1a: Weezing
|-sidestart|p1: catzplaypokemon|Spikes
|
|-heal|p2a: Ting-Lu|56/100|[from] item: Leftovers
|upkeep
|turn|6
|
|t:|1758950183
|move|p1a: Weezing|Pain Split|p2a: Ting-Lu
|-sethp|p2a: Ting-Lu|34/100|[from] move: Pain Split|[silent]
|-sethp|p1a: Weezing|53/100|[from] move: Pain Split
|move|p2a: Ting-Lu|Spikes|p1a: Weezing
|-sidestart|p1: catzplaypokemon|Spikes
|
|-heal|p2a: Ting-Lu|41/100|[from] item: Leftovers
|upkeep
|turn|7
|
|t:|1758950188
|move|p1a: Weezing|Strange Steam|p2a: Ting-Lu
|-supereffective|p2a: Ting-Lu
|-damage|p2a: Ting-Lu|5/100
|move|p2a: Ting-Lu|Spikes|p1a: Weezing
|-sidestart|p1: catzplaypokemon|Spikes
|
|-heal|p2a: Ting-Lu|11/100|[from] item: Leftovers
|upkeep
|turn|8
|
|t:|1758950202
|move|p1a: Weezing|Strange Steam|p2a: Ting-Lu
|-supereffective|p2a: Ting-Lu
|-damage|p2a: Ting-Lu|0 fnt
|faint|p2a: Ting-Lu
|
|upkeep
|
|t:|1758950211
|switch|p2a: Kingambit|Kingambit, M|100/100
|turn|9
|
|t:|1758950216
|move|p2a: Kingambit|Swords Dance|p2a: Kingambit
|-boost|p2a: Kingambit|atk|2
|move|p1a: Weezing|Flamethrower|p2a: Kingambit
|-supereffective|p2a: Kingambit
|-damage|p2a: Kingambit|62/100
|
|-heal|p2a: Kingambit|68/100|[from] item: Leftovers
|upkeep
|turn|10
|
|t:|1758950224
|move|p2a: Kingambit|Iron Head|p1a: Weezing
|-supereffective|p1a: Weezing
|-damage|p1a: Weezing|0 fnt
|faint|p1a: Weezing
|-end|p1a: Weezing|ability: Neutralizing Gas
|-activate|p2a: Kingambit|ability: Supreme Overlord
|-start|p2a: Kingambit|fallen1|[silent]
|
|-heal|p2a: Kingambit|74/100|[from] item: Leftovers
|upkeep
|
|t:|1758950235
|switch|p1a: Great Tusk|Great Tusk|100/100
|turn|11
|
|t:|1758950243
|-end|p2a: Kingambit|fallen1|[silent]
|switch|p2a: Sinistcha|Sinistcha-Masterpiece|100/100
|-status|p2a: Sinistcha|tox
|move|p1a: Great Tusk|Headlong Rush|p2a: Sinistcha
|-resisted|p2a: Sinistcha
|-damage|p2a: Sinistcha|79/100 tox
|-unboost|p1a: Great Tusk|def|1
|-unboost|p1a: Great Tusk|spd|1
|-damage|p1a: Great Tusk|84/100|[from] item: Rocky Helmet|[of] p2a: Sinistcha
|
|-damage|p2a: Sinistcha|72/100 tox|[from] psn
|upkeep
|turn|12
|inactive|leoxxla has 120 seconds left.
|
|t:|1758950290
|-end|p1a: Great Tusk|Protosynthesis|[silent]
|switch|p1a: Corviknight|Corviknight, M|100/100
|-damage|p1a: Corviknight|88/100|[from] Stealth Rock
|-ability|p1a: Corviknight|Pressure
|move|p2a: Sinistcha|Matcha Gotcha|p1a: Corviknight
|-resisted|p1a: Corviknight
|-damage|p1a: Corviknight|83/100
|-heal|p2a: Sinistcha|75/100 tox|[from] drain|[of] p1a: Corviknight
|
|-damage|p2a: Sinistcha|63/100 tox|[from] psn
|upkeep
|turn|13
|
|t:|1758950301
|move|p2a: Sinistcha|Shadow Ball|p1a: Corviknight
|-crit|p1a: Corviknight
|-damage|p1a: Corviknight|52/100
|move|p1a: Corviknight|Iron Defense|p1a: Corviknight
|-boost|p1a: Corviknight|def|2
|
|-damage|p2a: Sinistcha|45/100 tox|[from] psn
|upkeep
|turn|14
|
|t:|1758950308
|move|p2a: Sinistcha|Calm Mind|p2a: Sinistcha
|-boost|p2a: Sinistcha|spa|1
|-boost|p2a: Sinistcha|spd|1
|move|p1a: Corviknight|Roost|p1a: Corviknight
|-heal|p1a: Corviknight|100/100
|-singleturn|p1a: Corviknight|move: Roost
|
|-damage|p2a: Sinistcha|21/100 tox|[from] psn
|upkeep
|turn|15
|
|t:|1758950319
|move|p2a: Sinistcha|Shadow Ball|p1a: Corviknight
|-damage|p1a: Corviknight|69/100
|move|p1a: Corviknight|Roost|p1a: Corviknight
|-heal|p1a: Corviknight|100/100
|-singleturn|p1a: Corviknight|move: Roost
|
|-damage|p2a: Sinistcha|0 fnt|[from] psn
|faint|p2a: Sinistcha
|upkeep
|
|t:|1758950322
|switch|p2a: Moltres|Moltres|100/100
|turn|16
|
|t:|1758950328
|move|p2a: Moltres|Overheat|p1a: Corviknight
|-supereffective|p1a: Corviknight
|-damage|p1a: Corviknight|25/100
|-unboost|p2a: Moltres|spa|2
|move|p1a: Corviknight|U-turn|p2a: Moltres
|-resisted|p2a: Moltres
|-damage|p2a: Moltres|98/100
|-status|p1a: Corviknight|brn|[from] ability: Flame Body|[of] p2a: Moltres
|
|t:|1758950347
|switch|p1a: Great Tusk|Great Tusk|84/100|[from] U-turn
|
|upkeep
|turn|17
|
|t:|1758950351
|switch|p2a: Dragapult|Dragapult, F|100/100
|-status|p2a: Dragapult|tox
|move|p1a: Great Tusk|Rapid Spin|p2a: Dragapult
|-immune|p2a: Dragapult
|
|-damage|p2a: Dragapult|95/100 tox|[from] psn
|upkeep
|turn|18
|
|t:|1758950358
|-end|p1a: Great Tusk|Protosynthesis|[silent]
|switch|p1a: Blissey|Blissey, F|100/100
|-damage|p1a: Blissey|88/100|[from] Stealth Rock
|-damage|p1a: Blissey|63/100|[from] Spikes
|move|p2a: Dragapult|Draco Meteor|p1a: Blissey|[miss]
|-miss|p2a: Dragapult|p1a: Blissey
|
|-heal|p1a: Blissey|69/100|[from] item: Leftovers
|-damage|p2a: Dragapult|83/100 tox|[from] psn
|upkeep
|turn|19
|
|t:|1758950368
|switch|p2a: Great Tusk|Great Tusk|100/100
|-status|p2a: Great Tusk|tox
|move|p1a: Blissey|Stealth Rock|p2a: Great Tusk
|-sidestart|p2: leoxxla|move: Stealth Rock
|
|-heal|p1a: Blissey|75/100|[from] item: Leftovers
|-damage|p2a: Great Tusk|94/100 tox|[from] psn
|upkeep
|turn|20
|
|t:|1758950387
|switch|p1a: Great Tusk|Great Tusk|84/100
|move|p2a: Great Tusk|Rapid Spin|p1a: Great Tusk
|-damage|p1a: Great Tusk|72/100
|-boost|p2a: Great Tusk|spe|1
|-sideend|p2: leoxxla|Toxic Spikes|[from] move: Rapid Spin|[of] p2a: Great Tusk
|-sideend|p2: leoxxla|Stealth Rock|[from] move: Rapid Spin|[of] p2a: Great Tusk
|
|-damage|p2a: Great Tusk|82/100 tox|[from] psn
|upkeep
|turn|21
|
|t:|1758950406
|-end|p2a: Great Tusk|Protosynthesis|[silent]
|switch|p2a: Dragapult|Dragapult, F|83/100 tox
|move|p1a: Great Tusk|Ice Spinner|p2a: Dragapult
|-supereffective|p2a: Dragapult
|-damage|p2a: Dragapult|0 fnt
|faint|p2a: Dragapult
|
|upkeep
|
|t:|1758950410
|switch|p2a: Moltres|Moltres|98/100
|turn|22
|
|t:|1758950413
|move|p1a: Great Tusk|Rapid Spin|p2a: Moltres
|-damage|p2a: Moltres|87/100
|-boost|p1a: Great Tusk|spe|1
|-sideend|p1: catzplaypokemon|Spikes|[from] move: Rapid Spin|[of] p1a: Great Tusk
|-sideend|p1: catzplaypokemon|Stealth Rock|[from] move: Rapid Spin|[of] p1a: Great Tusk
|move|p2a: Moltres|Overheat|p1a: Great Tusk
|-damage|p1a: Great Tusk|0 fnt
|-unboost|p2a: Moltres|spa|2
|faint|p1a: Great Tusk
|-end|p1a: Great Tusk|Protosynthesis|[silent]
|
|upkeep
|
|t:|1758950424
|switch|p1a: Milotic|Milotic, F|100/100
|turn|23
|
|t:|1758950430
|switch|p2a: Great Tusk|Great Tusk|82/100 tox
|move|p1a: Milotic|Scald|p2a: Great Tusk
|-supereffective|p2a: Great Tusk
|-damage|p2a: Great Tusk|38/100 tox
|
|-damage|p2a: Great Tusk|31/100 tox|[from] psn
|-status|p1a: Milotic|brn|[from] item: Flame Orb
|upkeep
|turn|24
|
|t:|1758950443
|switch|p1a: Corviknight|Corviknight, M|25/100 brn
|-ability|p1a: Corviknight|Pressure
|move|p2a: Great Tusk|Headlong Rush|p1a: Corviknight
|-immune|p1a: Corviknight
|
|-damage|p2a: Great Tusk|19/100 tox|[from] psn
|-damage|p1a: Corviknight|19/100 brn|[from] brn
|upkeep
|turn|25
|
|t:|1758950450
|move|p2a: Great Tusk|Temper Flare|p1a: Corviknight
|-supereffective|p1a: Corviknight
|-damage|p1a: Corviknight|0 fnt
|-damage|p2a: Great Tusk|2/100 tox|[from] item: Rocky Helmet|[of] p1a: Corviknight
|faint|p1a: Corviknight
|
|-damage|p2a: Great Tusk|0 fnt|[from] psn
|faint|p2a: Great Tusk
|-end|p2a: Great Tusk|Protosynthesis|[silent]
|upkeep
|
|t:|1758950458
|switch|p2a: Kingambit|Kingambit, M|74/100
|switch|p1a: Milotic|Milotic, F|100/100 brn
|-activate|p2a: Kingambit|ability: Supreme Overlord
|-start|p2a: Kingambit|fallen4|[silent]
|turn|26
|
|t:|1758950462
|move|p2a: Kingambit|Swords Dance|p2a: Kingambit
|-boost|p2a: Kingambit|atk|2
|move|p1a: Milotic|Scald|p2a: Kingambit
|-damage|p2a: Kingambit|38/100
|
|-heal|p2a: Kingambit|44/100|[from] item: Leftovers
|-damage|p1a: Milotic|94/100 brn|[from] brn
|upkeep
|turn|27
|
|t:|1758950468
|move|p2a: Kingambit|Swords Dance|p2a: Kingambit
|-boost|p2a: Kingambit|atk|2
|move|p1a: Milotic|Haze|p1a: Milotic
|-clearallboost
|
|-heal|p2a: Kingambit|50/100|[from] item: Leftovers
|-damage|p1a: Milotic|88/100 brn|[from] brn
|upkeep
|turn|28
|
|t:|1758950473
|move|p2a: Kingambit|Swords Dance|p2a: Kingambit
|-boost|p2a: Kingambit|atk|2
|move|p1a: Milotic|Scald|p2a: Kingambit
|-damage|p2a: Kingambit|16/100
|
|-heal|p2a: Kingambit|22/100|[from] item: Leftovers
|-damage|p1a: Milotic|82/100 brn|[from] brn
|upkeep
|turn|29
|
|t:|1758950479
|move|p2a: Kingambit|Kowtow Cleave|p1a: Milotic
|-damage|p1a: Milotic|11/100 brn
|move|p1a: Milotic|Scald|p2a: Kingambit
|-damage|p2a: Kingambit|0 fnt
|faint|p2a: Kingambit
|-end|p2a: Kingambit|fallen4|[silent]
|
|-damage|p1a: Milotic|5/100 brn|[from] brn
|upkeep
|
|t:|1758950488
|switch|p2a: Moltres|Moltres|87/100
|turn|30
|
|t:|1758950491
|move|p2a: Moltres|Overheat|p1a: Milotic
|-resisted|p1a: Milotic
|-damage|p1a: Milotic|0 fnt
|-unboost|p2a: Moltres|spa|2
|faint|p1a: Milotic
|
|upkeep
|
|t:|1758950493
|switch|p1a: Vileplume|Vileplume, F|100/100
|turn|31
|
|t:|1758950498
|-terastallize|p1a: Vileplume|Poison
|move|p2a: Moltres|Overheat|p1a: Vileplume
|-damage|p1a: Vileplume|74/100
|-unboost|p2a: Moltres|spa|2
|move|p1a: Vileplume|Leech Seed|p2a: Moltres|[miss]
|-miss|p1a: Vileplume|p2a: Moltres
|
|-heal|p1a: Vileplume|80/100|[from] item: Black Sludge
|upkeep
|turn|32
|-message|leoxxla forfeited.
|
|win|catzplaypokemon
|raw|catzplaypokemon's rating: 1189 &rarr; <strong>1220</strong><br />(+31 for winning)
|raw|leoxxla's rating: 1272 &rarr; <strong>1241</strong><br />(-31 for losing)
|l|☆leoxxla
|player|p2|
|l|☆catzplaypokemon
|player|p1|
