|j|☆Malamarlvr94
|j|☆Uzizuzi
|t:|1759034115
|gametype|singles
|player|p1|Malamarlvr94|266|1261
|player|p2|Uzizuzi|workerice|1262
|gen|9
|tier|[Gen 9] OU
|rated|
|rule|HP Percentage Mod: HP is shown in percentages
|rule|Endless Battle Clause: Forcing endless battles is banned
|rule|Species Clause: Limit one of each Pokémon
|rule|OHKO Clause: OHKO moves are banned
|rule|Evasion Items Clause: Evasion items are banned
|rule|Evasion Moves Clause: Evasion moves are banned
|rule|Evasion Abilities Clause: Evasion abilities are banned
|rule|Sleep Moves Clause: Sleep-inducing moves are banned
|clearpoke
|poke|p1|Malamar, F|
|poke|p1|Iron Treads|
|poke|p1|Enamorus, F|
|poke|p1|Araquanid, F|
|poke|p1|Skeledirge, F|
|poke|p1|Gholdengo|
|poke|p2|Dragapult, F|
|poke|p2|Great Tusk|
|poke|p2|Slowking-Galar, M|
|poke|p2|Zapdos|
|poke|p2|Kingambit, F|
|poke|p2|Espeon, M|
|teampreview
|inactive|Battle timer is ON: inactive players will automatically lose when time's up. (requested by Malamarlvr94)
|
|t:|1759034132
|teamsize|p1|6
|teamsize|p2|6
|start
|switch|p1a: Araquanid|Araquanid, F|100/100
|switch|p2a: Zapdos|Zapdos|100/100
|turn|1
|
|t:|1759034136
|move|p2a: Zapdos|Hurricane|p1a: Araquanid|[miss]
|-miss|p2a: Zapdos|p1a: Araquanid
|move|p1a: Araquanid|Mirror Coat||[still]
|-fail|p1a: Araquanid
|
|upkeep
|turn|2
|c|☆Malamarlvr94|hmmm
|c|☆Malamarlvr94|this is awkward
|
|t:|1759034148
|move|p2a: Zapdos|Thunder Wave|p1a: Araquanid
|-status|p1a: Araquanid|par
|move|p1a: Araquanid|Sticky Web|p2a: Zapdos
|-sidestart|p2: Uzizuzi|move: Sticky Web
|
|upkeep
|turn|3
|
|t:|1759034154
|move|p2a: Zapdos|Hurricane|p1a: Araquanid
|-supereffective|p1a: Araquanid
|-damage|p1a: Araquanid|29/100 par
|move|p1a: Araquanid|Mirror Coat|p2a: Zapdos
|-damage|p2a: Zapdos|0 fnt
|faint|p2a: Zapdos
|
|upkeep
|
|t:|1759034157
|switch|p2a: Great Tusk|Great Tusk|100/100
|-activate|p2a: Great Tusk|move: Sticky Web
|-unboost|p2a: Great Tusk|spe|1
|turn|4
|
|t:|1759034160
|switch|p1a: Skeledirge|Skeledirge, F|100/100
|move|p2a: Great Tusk|Rapid Spin|p1a: Skeledirge
|-immune|p1a: Skeledirge
|
|upkeep
|turn|5
|
|t:|1759034166
|-end|p2a: Great Tusk|Protosynthesis|[silent]
|switch|p2a: Slowking|Slowking-Galar, M|100/100
|move|p1a: Skeledirge|Torch Song|p2a: Slowking
|-crit|p2a: Slowking
|-damage|p2a: Slowking|73/100
|-boost|p1a: Skeledirge|spa|1
|
|upkeep
|turn|6
|
|t:|1759034172
|move|p1a: Skeledirge|Torch Song|p2a: Slowking
|-damage|p2a: Slowking|46/100
|-boost|p1a: Skeledirge|spa|1
|-prepare|p2a: Slowking|Chilly Reception|[premajor]
|move|p2a: Slowking|Chilly Reception|p2a: Slowking
|-weather|Snowscape
|
|t:|1759034175
|switch|p2a: Dragapult|Dragapult, F|100/100|[from] Chilly Reception
|-activate|p2a: Dragapult|move: Sticky Web
|-fail|p2a: Dragapult|unboost|[from] ability: Clear Body|[of] p2a: Dragapult
|
|-weather|Snowscape|[upkeep]
|upkeep
|turn|7
|
|t:|1759034180
|-terastallize|p2a: Dragapult|Ghost
|move|p2a: Dragapult|Tera Blast|p1a: Skeledirge|[anim] Tera Blast Ghost
|-supereffective|p1a: Skeledirge
|-damage|p1a: Skeledirge|0 fnt
|faint|p1a: Skeledirge
|
|-weather|Snowscape|[upkeep]
|upkeep
|
|t:|1759034199
|switch|p1a: Gholdengo|Gholdengo|100/100
|turn|8
|
|t:|1759034206
|switch|p2a: Kingambit|Kingambit, F|100/100
|-activate|p2a: Kingambit|ability: Supreme Overlord
|-start|p2a: Kingambit|fallen1|[silent]
|-item|p2a: Kingambit|Air Balloon
|move|p1a: Gholdengo|Make It Rain|p2a: Kingambit
|-resisted|p2a: Kingambit
|-damage|p2a: Kingambit|71/100
|-unboost|p1a: Gholdengo|spa|1
|-enditem|p2a: Kingambit|Air Balloon
|
|-weather|Snowscape|[upkeep]
|upkeep
|turn|9
|
|t:|1759034228
|switch|p1a: Araquanid|Araquanid, F|29/100 par
|move|p2a: Kingambit|Iron Head|p1a: Araquanid
|-resisted|p1a: Araquanid
|-damage|p1a: Araquanid|1/100 par
|
|-weather|Snowscape|[upkeep]
|upkeep
|turn|10
|
|t:|1759034238
|move|p2a: Kingambit|Sucker Punch|p1a: Araquanid
|-damage|p1a: Araquanid|0 fnt
|faint|p1a: Araquanid
|
|-weather|none
|upkeep
|
|t:|1759034247
|switch|p1a: Malamar|Malamar, F|100/100
|turn|11
|
|t:|1759034249
|-end|p2a: Kingambit|fallen1|[silent]
|switch|p2a: Dragapult|Dragapult, F, tera:Ghost|100/100
|-activate|p2a: Dragapult|move: Sticky Web
|-fail|p2a: Dragapult|unboost|[from] ability: Clear Body|[of] p2a: Dragapult
|move|p1a: Malamar|Superpower|p2a: Dragapult
|-immune|p2a: Dragapult
|
|upkeep
|turn|12
|
|t:|1759034256
|move|p2a: Dragapult|U-turn|p1a: Malamar
|-supereffective|p1a: Malamar
|-damage|p1a: Malamar|0 fnt
|faint|p1a: Malamar
|
|t:|1759034264
|switch|p2a: Slowking|Slowking-Galar, M|79/100|[from] U-turn
|
|upkeep
|
|t:|1759034272
|switch|p1a: Enamorus|Enamorus, F|100/100
|turn|13
|
|t:|1759034283
|move|p1a: Enamorus|Earth Power|p2a: Slowking
|-supereffective|p2a: Slowking
|-damage|p2a: Slowking|24/100
|move|p2a: Slowking|Sludge Bomb|p1a: Enamorus
|-supereffective|p1a: Enamorus
|-damage|p1a: Enamorus|1/100
|
|upkeep
|turn|14
|
|t:|1759034294
|switch|p2a: Espeon|Espeon, M|100/100
|-activate|p2a: Espeon|move: Sticky Web
|-unboost|p2a: Espeon|spe|1
|move|p1a: Enamorus|Earth Power|p2a: Espeon
|-damage|p2a: Espeon|42/100
|
|upkeep
|turn|15
|
|t:|1759034310
|switch|p1a: Iron Treads|Iron Treads|100/100
|-enditem|p1a: Iron Treads|Booster Energy
|-activate|p1a: Iron Treads|ability: Quark Drive|[fromitem]
|-start|p1a: Iron Treads|quarkdrivespe
|move|p2a: Espeon|Psychic Noise|p1a: Iron Treads
|-resisted|p1a: Iron Treads
|-damage|p1a: Iron Treads|78/100
|-start|p1a: Iron Treads|move: Heal Block
|
|upkeep
|turn|16
|
|t:|1759034318
|move|p1a: Iron Treads|Earthquake|p2a: Espeon
|-damage|p2a: Espeon|0 fnt
|faint|p2a: Espeon
|
|-end|p1a: Iron Treads|move: Heal Block
|upkeep
|
|t:|1759034321
|switch|p2a: Great Tusk|Great Tusk|100/100
|-activate|p2a: Great Tusk|move: Sticky Web
|-unboost|p2a: Great Tusk|spe|1
|turn|17
|
|t:|1759034331
|-end|p1a: Iron Treads|Quark Drive|[silent]
|switch|p1a: Gholdengo|Gholdengo|100/100
|move|p2a: Great Tusk|Ice Spinner|p1a: Gholdengo
|-resisted|p1a: Gholdengo
|-damage|p1a: Gholdengo|85/100
|
|upkeep
|turn|18
|
|t:|1759034347
|switch|p1a: Enamorus|Enamorus, F|1/100
|-end|p2a: Great Tusk|Protosynthesis|[silent]
|switch|p2a: Kingambit|Kingambit, F|71/100
|-activate|p2a: Kingambit|move: Sticky Web
|-unboost|p2a: Kingambit|spe|1
|-activate|p2a: Kingambit|ability: Supreme Overlord
|-start|p2a: Kingambit|fallen2|[silent]
|
|upkeep
|turn|19
|
|t:|1759034356
|switch|p1a: Iron Treads|Iron Treads|78/100
|move|p2a: Kingambit|Sucker Punch||[still]
|-fail|p2a: Kingambit
|
|upkeep
|turn|20
|
|t:|1759034365
|-end|p2a: Kingambit|fallen2|[silent]
|switch|p2a: Great Tusk|Great Tusk|100/100
|-activate|p2a: Great Tusk|move: Sticky Web
|-unboost|p2a: Great Tusk|spe|1
|move|p1a: Iron Treads|Earthquake|p2a: Great Tusk
|-damage|p2a: Great Tusk|68/100
|
|-heal|p2a: Great Tusk|74/100|[from] item: Leftovers
|upkeep
|turn|21
|
|t:|1759034371
|move|p1a: Iron Treads|Earthquake|p2a: Great Tusk
|-damage|p2a: Great Tusk|38/100
|move|p2a: Great Tusk|Stealth Rock|p1a: Iron Treads
|-sidestart|p1: Malamarlvr94|move: Stealth Rock
|
|-heal|p2a: Great Tusk|44/100|[from] item: Leftovers
|upkeep
|turn|22
|
|t:|1759034374
|move|p1a: Iron Treads|Earthquake|p2a: Great Tusk
|-damage|p2a: Great Tusk|8/100
|move|p2a: Great Tusk|Headlong Rush|p1a: Iron Treads
|-supereffective|p1a: Iron Treads
|-damage|p1a: Iron Treads|0 fnt
|-unboost|p2a: Great Tusk|def|1
|-unboost|p2a: Great Tusk|spd|1
|faint|p1a: Iron Treads
|-end|p1a: Iron Treads|Quark Drive|[silent]
|
|-heal|p2a: Great Tusk|14/100|[from] item: Leftovers
|upkeep
|
|t:|1759034383
|switch|p1a: Enamorus|Enamorus, F|1/100
|-damage|p1a: Enamorus|0 fnt|[from] Stealth Rock
|faint|p1a: Enamorus
|
|t:|1759034385
|switch|p1a: Gholdengo|Gholdengo|85/100
|-damage|p1a: Gholdengo|79/100|[from] Stealth Rock
|turn|23
|
|t:|1759034393
|move|p1a: Gholdengo|Trick|p2a: Great Tusk
|-activate|p1a: Gholdengo|move: Trick|[of] p2a: Great Tusk
|-item|p2a: Great Tusk|Choice Scarf|[from] move: Trick
|-item|p1a: Gholdengo|Leftovers|[from] move: Trick
|move|p2a: Great Tusk|Headlong Rush|p1a: Gholdengo
|-supereffective|p1a: Gholdengo
|-damage|p1a: Gholdengo|0 fnt
|-unboost|p2a: Great Tusk|def|1
|-unboost|p2a: Great Tusk|spd|1
|faint|p1a: Gholdengo
|
|win|Uzizuzi
|raw|Malamarlvr94's rating: 1261 &rarr; <strong>1236</strong><br />(-25 for losing)
|raw|Uzizuzi's rating: 1262 &rarr; <strong>1287</strong><br />(+25 for winning)
|l|☆Malamarlvr94
|player|p1|
|l|☆Uzizuzi
|player|p2|
