|j|☆A_M1001
|j|☆Ammanemo
|t:|1758960908
|gametype|singles
|player|p1|A_M1001|unknown|1125
|player|p2|Ammanemo|170|1068
|gen|9
|tier|[Gen 9] OU
|rated|
|rule|HP Percentage Mod: HP is shown in percentages
|rule|Endless Battle Clause: Forcing endless battles is banned
|rule|Species Clause: Limit one of each Pokémon
|rule|OHKO Clause: OHKO moves are banned
|rule|Evasion Items Clause: Evasion items are banned
|rule|Evasion Moves Clause: Evasion moves are banned
|rule|Evasion Abilities Clause: Evasion abilities are banned
|rule|Sleep Moves Clause: Sleep-inducing moves are banned
|clearpoke
|poke|p1|Araquanid, F|
|poke|p1|Cinderace, F|
|poke|p1|Serperior, F|
|poke|p1|Milotic, F|
|poke|p1|Kingambit, M|
|poke|p1|Latios, M|
|poke|p2|Comfey, M|
|poke|p2|Whimsicott, F|
|poke|p2|Iron Moth|
|poke|p2|Walking Wake|
|poke|p2|Great Tusk|
|poke|p2|Ninetales, F|
|teampreview
|inactive|Battle timer is ON: inactive players will automatically lose when time's up. (requested by Ammanemo)
|
|t:|1758960933
|teamsize|p1|6
|teamsize|p2|6
|start
|switch|p1a: Araquanid|Araquanid, F|100/100
|switch|p2a: Ninetales|Ninetales, F|100/100
|-weather|SunnyDay|[from] ability: Drought|[of] p2a: Ninetales
|turn|1
|
|t:|1758960941
|move|p2a: Ninetales|Will-O-Wisp|p1a: Araquanid|[miss]
|-miss|p2a: Ninetales|p1a: Araquanid
|move|p1a: Araquanid|Sticky Web|p2a: Ninetales
|-sidestart|p2: Ammanemo|move: Sticky Web
|
|-weather|SunnyDay|[upkeep]
|upkeep
|turn|2
|
|t:|1758960949
|switch|p2a: Great Tusk|Great Tusk|100/100
|-activate|p2a: Great Tusk|move: Sticky Web
|-unboost|p2a: Great Tusk|spe|1
|-activate|p2a: Great Tusk|ability: Protosynthesis
|-start|p2a: Great Tusk|protosynthesisatk
|move|p1a: Araquanid|Mirror Coat||[still]
|-fail|p1a: Araquanid
|
|-weather|SunnyDay|[upkeep]
|upkeep
|turn|3
|
|t:|1758960962
|move|p2a: Great Tusk|Stealth Rock|p1a: Araquanid
|-sidestart|p1: A_M1001|move: Stealth Rock
|move|p1a: Araquanid|Sticky Web||[still]
|-fail|p1a: Araquanid
|
|-weather|SunnyDay|[upkeep]
|upkeep
|turn|4
|
|t:|1758960969
|switch|p1a: Cinderace|Cinderace, F|100/100
|move|p2a: Great Tusk|Rapid Spin|p1a: Cinderace
|-damage|p1a: Cinderace|74/100
|-boost|p2a: Great Tusk|spe|1
|-sideend|p2: Ammanemo|Sticky Web|[from] move: Rapid Spin|[of] p2a: Great Tusk
|
|-weather|SunnyDay|[upkeep]
|upkeep
|turn|5
|
|t:|1758960986
|move|p1a: Cinderace|Pyro Ball|p2a: Great Tusk
|-damage|p2a: Great Tusk|49/100
|move|p2a: Great Tusk|Headlong Rush|p1a: Cinderace
|-supereffective|p1a: Cinderace
|-damage|p1a: Cinderace|0 fnt
|-unboost|p2a: Great Tusk|def|1
|-unboost|p2a: Great Tusk|spd|1
|faint|p1a: Cinderace
|
|-weather|SunnyDay|[upkeep]
|upkeep
|
|t:|1758961000
|switch|p1a: Latios|Latios, M|100/100
|-damage|p1a: Latios|88/100|[from] Stealth Rock
|turn|6
|
|t:|1758961006
|-end|p2a: Great Tusk|Protosynthesis|[silent]
|switch|p2a: Whimsicott|Whimsicott, F|100/100
|move|p1a: Latios|Luster Purge|p2a: Whimsicott
|-damage|p2a: Whimsicott|18/100
|-unboost|p2a: Whimsicott|spd|1
|
|-weather|SunnyDay|[upkeep]
|upkeep
|turn|7
|
|t:|1758961020
|move|p2a: Whimsicott|Giga Drain|p1a: Latios
|-resisted|p1a: Latios
|-damage|p1a: Latios|68/100
|-heal|p2a: Whimsicott|28/100|[from] drain|[of] p1a: Latios
|-damage|p2a: Whimsicott|18/100|[from] item: Life Orb
|move|p1a: Latios|Luster Purge|p2a: Whimsicott
|-damage|p2a: Whimsicott|0 fnt
|faint|p2a: Whimsicott
|
|-weather|SunnyDay|[upkeep]
|upkeep
|-message|Ammanemo forfeited.
|
|win|A_M1001
|raw|A_M1001's rating: 1125 &rarr; <strong>1146</strong><br />(+21 for winning)
|raw|Ammanemo's rating: 1068 &rarr; <strong>1051</strong><br />(-17 for losing)
|l|☆Ammanemo
|player|p2|
|l|☆A_M1001
|player|p1|
