|j|☆Shiny_kairyu
|j|☆gen 9 sab truther
|t:|1759055637
|gametype|singles
|player|p1|Shiny_kairyu|burglar|1745
|player|p2|gen 9 sab truther|morty-masters|1741
|gen|9
|tier|[Gen 9] OU
|rated|
|rule|HP Percentage Mod: HP is shown in percentages
|rule|Endless Battle Clause: Forcing endless battles is banned
|rule|Species Clause: Limit one of each Pokémon
|rule|OHKO Clause: OHKO moves are banned
|rule|Evasion Items Clause: Evasion items are banned
|rule|Evasion Moves Clause: Evasion moves are banned
|rule|Evasion Abilities Clause: Evasion abilities are banned
|rule|Sleep Moves Clause: Sleep-inducing moves are banned
|clearpoke
|poke|p1|Iron Valiant|
|poke|p1|Glimmora, F|
|poke|p1|Araquanid, F|
|poke|p1|Dragapult, M|
|poke|p1|Kingambit, M|
|poke|p1|Landorus-Therian, M|
|poke|p2|Garganacl, F|
|poke|p2|Great Tusk|
|poke|p2|Chesnaught, F|
|poke|p2|Dragapult, M|
|poke|p2|Moltres|
|poke|p2|Kingambit, M|
|teampreview
|inactive|Battle timer is ON: inactive players will automatically lose when time's up. (requested by gen 9 sab truther)
|
|t:|1759055652
|teamsize|p1|6
|teamsize|p2|6
|start
|switch|p1a: Araquanid|Araquanid, F|100/100
|switch|p2a: Garganacl|Garganacl, F|100/100
|turn|1
|
|t:|1759055656
|-terastallize|p2a: Garganacl|Water
|move|p1a: Araquanid|Liquidation|p2a: Garganacl
|-resisted|p2a: Garganacl
|-damage|p2a: Garganacl|70/100
|move|p2a: Garganacl|Salt Cure|p1a: Araquanid
|-supereffective|p1a: Araquanid
|-damage|p1a: Araquanid|71/100
|-start|p1a: Araquanid|Salt Cure
|
|-heal|p2a: Garganacl|77/100|[from] item: Leftovers
|-damage|p1a: Araquanid|46/100|[from] Salt Cure
|upkeep
|turn|2
|j| hgivhigi
|
|t:|1759055660
|switch|p1a: Glimmora|Glimmora, F|100/100
|move|p2a: Garganacl|Stealth Rock|p1a: Glimmora
|-sidestart|p1: Shiny_kairyu|move: Stealth Rock
|
|-heal|p2a: Garganacl|83/100|[from] item: Leftovers
|upkeep
|turn|3
|
|t:|1759055666
|switch|p2a: Great Tusk|Great Tusk|100/100
|move|p1a: Glimmora|Meteor Beam||[still]
|-prepare|p1a: Glimmora|Meteor Beam
|-boost|p1a: Glimmora|spa|1
|-enditem|p1a: Glimmora|Power Herb
|-anim|p1a: Glimmora|Meteor Beam|p2a: Great Tusk
|-resisted|p2a: Great Tusk
|-damage|p2a: Great Tusk|66/100
|
|upkeep
|turn|4
|
|t:|1759055672
|-terastallize|p1a: Glimmora|Ghost
|move|p2a: Great Tusk|Headlong Rush|p1a: Glimmora
|-damage|p1a: Glimmora|28/100
|-unboost|p2a: Great Tusk|def|1
|-unboost|p2a: Great Tusk|spd|1
|-activate|p1a: Glimmora|ability: Toxic Debris
|-sidestart|p2: gen 9 sab truther|move: Toxic Spikes
|move|p1a: Glimmora|Earth Power|p2a: Great Tusk
|-damage|p2a: Great Tusk|0 fnt
|faint|p2a: Great Tusk
|-end|p2a: Great Tusk|Protosynthesis|[silent]
|
|upkeep
|
|t:|1759055686
|switch|p2a: Dragapult|Dragapult, M|100/100
|turn|5
|
|t:|1759055699
|switch|p1a: Kingambit|Kingambit, M|100/100
|-damage|p1a: Kingambit|94/100|[from] Stealth Rock
|move|p2a: Dragapult|Hex|p1a: Kingambit
|-resisted|p1a: Kingambit
|-damage|p1a: Kingambit|81/100
|
|upkeep
|turn|6
|
|t:|1759055709
|-end|p1a: Kingambit|fallenundefined|[silent]
|switch|p1a: Landorus|Landorus-Therian, M|100/100
|-damage|p1a: Landorus|88/100|[from] Stealth Rock
|-ability|p1a: Landorus|Intimidate|boost
|-unboost|p2a: Dragapult|atk|1
|move|p2a: Dragapult|Will-O-Wisp|p1a: Landorus
|-status|p1a: Landorus|brn
|
|-damage|p1a: Landorus|82/100 brn|[from] brn
|upkeep
|turn|7
|
|t:|1759055719
|move|p2a: Dragapult|Hex|p1a: Landorus
|-damage|p1a: Landorus|24/100 brn
|move|p1a: Landorus|Stealth Rock|p2a: Dragapult
|-sidestart|p2: gen 9 sab truther|move: Stealth Rock
|
|-damage|p1a: Landorus|18/100 brn|[from] brn
|upkeep
|turn|8
|
|t:|1759055722
|move|p2a: Dragapult|Hex|p1a: Landorus
|-damage|p1a: Landorus|0 fnt
|faint|p1a: Landorus
|
|upkeep
|
|t:|1759055726
|switch|p1a: Iron Valiant|Iron Valiant|100/100
|-damage|p1a: Iron Valiant|94/100|[from] Stealth Rock
|-enditem|p1a: Iron Valiant|Booster Energy
|-activate|p1a: Iron Valiant|ability: Quark Drive|[fromitem]
|-start|p1a: Iron Valiant|quarkdrivespe
|turn|9
|
|t:|1759055728
|switch|p2a: Moltres|Moltres|100/100
|move|p1a: Iron Valiant|Moonblast|p2a: Moltres
|-resisted|p2a: Moltres
|-damage|p2a: Moltres|84/100
|-unboost|p2a: Moltres|spa|1
|
|upkeep
|turn|10
|
|t:|1759055737
|move|p1a: Iron Valiant|Calm Mind|p1a: Iron Valiant
|-boost|p1a: Iron Valiant|spa|1
|-boost|p1a: Iron Valiant|spd|1
|move|p2a: Moltres|Flamethrower|p1a: Iron Valiant
|-damage|p1a: Iron Valiant|66/100
|-status|p1a: Iron Valiant|brn
|
|-damage|p1a: Iron Valiant|60/100 brn|[from] brn
|upkeep
|turn|11
|
|t:|1759055741
|move|p1a: Iron Valiant|Shadow Ball|p2a: Moltres
|-damage|p2a: Moltres|57/100
|move|p2a: Moltres|Roar|p1a: Iron Valiant
|-end|p1a: Iron Valiant|Quark Drive|[silent]
|drag|p1a: Kingambit|Kingambit, M|81/100
|-damage|p1a: Kingambit|75/100|[from] Stealth Rock
|-activate|p1a: Kingambit|ability: Supreme Overlord
|-start|p1a: Kingambit|fallen1|[silent]
|
|upkeep
|turn|12
|inactive|gen 9 sab truther has 120 seconds left.
|
|t:|1759055783
|move|p2a: Moltres|Flamethrower|p1a: Kingambit
|-supereffective|p1a: Kingambit
|-damage|p1a: Kingambit|21/100
|move|p1a: Kingambit|Swords Dance|p1a: Kingambit
|-boost|p1a: Kingambit|atk|2
|
|upkeep
|turn|13
|
|t:|1759055789
|move|p2a: Moltres|Roost|p2a: Moltres
|-heal|p2a: Moltres|100/100
|-singleturn|p2a: Moltres|move: Roost
|move|p1a: Kingambit|Kowtow Cleave|p2a: Moltres
|-damage|p2a: Moltres|0 fnt
|faint|p2a: Moltres
|
|upkeep
|
|t:|1759055800
|switch|p2a: Chesnaught|Chesnaught, F|100/100
|-status|p2a: Chesnaught|psn
|-damage|p2a: Chesnaught|94/100 psn|[from] Stealth Rock
|turn|14
|j| Eqb07
|
|t:|1759055809
|-end|p1a: Kingambit|fallen1|[silent]
|switch|p1a: Glimmora|Glimmora, F, tera:Ghost|28/100
|-damage|p1a: Glimmora|15/100|[from] Stealth Rock
|move|p2a: Chesnaught|Spikes|p1a: Glimmora
|-sidestart|p1: Shiny_kairyu|Spikes
|
|-damage|p2a: Chesnaught|82/100 psn|[from] psn
|upkeep
|turn|15
|
|t:|1759055815
|switch|p2a: Kingambit|Kingambit, M|100/100
|-damage|p2a: Kingambit|94/100|[from] Stealth Rock
|-activate|p2a: Kingambit|ability: Supreme Overlord
|-start|p2a: Kingambit|fallen2|[silent]
|move|p1a: Glimmora|Mortal Spin|p2a: Kingambit
|-immune|p2a: Kingambit
|
|-heal|p2a: Kingambit|100/100|[from] item: Leftovers
|upkeep
|turn|16
|
|t:|1759055830
|move|p2a: Kingambit|Sucker Punch|p1a: Glimmora
|-supereffective|p1a: Glimmora
|-damage|p1a: Glimmora|0 fnt
|-activate|p1a: Glimmora|ability: Toxic Debris
|-sidestart|p2: gen 9 sab truther|move: Toxic Spikes
|faint|p1a: Glimmora
|
|upkeep
|
|t:|1759055836
|switch|p1a: Iron Valiant|Iron Valiant|60/100 brn
|-damage|p1a: Iron Valiant|54/100 brn|[from] Stealth Rock
|-damage|p1a: Iron Valiant|41/100 brn|[from] Spikes
|turn|17
|
|t:|1759055842
|-end|p2a: Kingambit|fallen2|[silent]
|switch|p2a: Garganacl|Garganacl, F, tera:Water|83/100
|-damage|p2a: Garganacl|70/100|[from] Stealth Rock
|move|p1a: Iron Valiant|Moonblast|p2a: Garganacl
|-damage|p2a: Garganacl|38/100
|
|-heal|p2a: Garganacl|44/100|[from] item: Leftovers
|-damage|p1a: Iron Valiant|35/100 brn|[from] brn
|upkeep
|turn|18
|
|t:|1759055847
|move|p1a: Iron Valiant|Calm Mind|p1a: Iron Valiant
|-boost|p1a: Iron Valiant|spa|1
|-boost|p1a: Iron Valiant|spd|1
|move|p2a: Garganacl|Recover|p2a: Garganacl
|-heal|p2a: Garganacl|95/100
|
|-heal|p2a: Garganacl|100/100|[from] item: Leftovers
|-damage|p1a: Iron Valiant|29/100 brn|[from] brn
|upkeep
|turn|19
|
|t:|1759055851
|move|p1a: Iron Valiant|Encore|p2a: Garganacl
|-start|p2a: Garganacl|Encore
|move|p2a: Garganacl|Recover||[still]
|-fail|p2a: Garganacl|heal
|
|-damage|p1a: Iron Valiant|23/100 brn|[from] brn
|upkeep
|turn|20
|
|t:|1759055853
|move|p1a: Iron Valiant|Calm Mind|p1a: Iron Valiant
|-boost|p1a: Iron Valiant|spa|1
|-boost|p1a: Iron Valiant|spd|1
|move|p2a: Garganacl|Recover||[still]
|-fail|p2a: Garganacl|heal
|
|-damage|p1a: Iron Valiant|16/100 brn|[from] brn
|upkeep
|turn|21
|
|t:|1759055855
|move|p1a: Iron Valiant|Moonblast|p2a: Garganacl
|-damage|p2a: Garganacl|41/100
|move|p2a: Garganacl|Recover|p2a: Garganacl
|-heal|p2a: Garganacl|91/100
|
|-heal|p2a: Garganacl|97/100|[from] item: Leftovers
|-damage|p1a: Iron Valiant|10/100 brn|[from] brn
|-end|p2a: Garganacl|Encore
|upkeep
|turn|22
|
|t:|1759055862
|move|p2a: Garganacl|Protect|p2a: Garganacl
|-singleturn|p2a: Garganacl|Protect
|move|p1a: Iron Valiant|Moonblast|p2a: Garganacl
|-activate|p2a: Garganacl|move: Protect
|
|-heal|p2a: Garganacl|100/100|[from] item: Leftovers
|-damage|p1a: Iron Valiant|4/100 brn|[from] brn
|upkeep
|turn|23
|
|t:|1759055868
|move|p1a: Iron Valiant|Encore|p2a: Garganacl
|-start|p2a: Garganacl|Encore
|move|p2a: Garganacl|Protect||[still]
|-fail|p2a: Garganacl
|
|-damage|p1a: Iron Valiant|0 fnt|[from] brn
|faint|p1a: Iron Valiant
|-end|p1a: Iron Valiant|Quark Drive|[silent]
|upkeep
|
|t:|1759055872
|switch|p1a: Kingambit|Kingambit, M|21/100
|-damage|p1a: Kingambit|15/100|[from] Stealth Rock
|-damage|p1a: Kingambit|2/100|[from] Spikes
|-activate|p1a: Kingambit|ability: Supreme Overlord
|-start|p1a: Kingambit|fallen3|[silent]
|turn|24
|
|t:|1759055878
|switch|p2a: Chesnaught|Chesnaught, F|82/100 psn
|-damage|p2a: Chesnaught|76/100 psn|[from] Stealth Rock
|move|p1a: Kingambit|Swords Dance|p1a: Kingambit
|-boost|p1a: Kingambit|atk|2
|
|-damage|p2a: Chesnaught|63/100 psn|[from] psn
|upkeep
|turn|25
|
|t:|1759055887
|move|p2a: Chesnaught|Spikes|p1a: Kingambit
|-sidestart|p1: Shiny_kairyu|Spikes
|move|p1a: Kingambit|Low Kick|p2a: Chesnaught
|-damage|p2a: Chesnaught|21/100 psn
|-damage|p1a: Kingambit|0 fnt|[from] item: Rocky Helmet|[of] p2a: Chesnaught
|faint|p1a: Kingambit
|-end|p1a: Kingambit|fallen3|[silent]
|
|-damage|p2a: Chesnaught|8/100 psn|[from] psn
|upkeep
|-message|Shiny_kairyu forfeited.
|
|win|gen 9 sab truther
|raw|Shiny_kairyu's rating: 1745 &rarr; <strong>1725</strong><br />(-20 for losing)
|raw|gen 9 sab truther's rating: 1741 &rarr; <strong>1761</strong><br />(+20 for winning)
|l|☆Shiny_kairyu
|player|p1|
|l|☆gen 9 sab truther
|player|p2|
|l| hgivhigi
