|j|☆syk1307
|j|☆N_Alder
|t:|1758992951
|gametype|singles
|player|p1|syk1307|giovanni|1498
|player|p2|N_Alder|shadowtriad|1547
|gen|9
|tier|[Gen 9] OU
|rated|
|rule|HP Percentage Mod: HP is shown in percentages
|rule|Endless Battle Clause: Forcing endless battles is banned
|rule|Species Clause: Limit one of each Pokémon
|rule|OHKO Clause: OHKO moves are banned
|rule|Evasion Items Clause: Evasion items are banned
|rule|Evasion Moves Clause: Evasion moves are banned
|rule|Evasion Abilities Clause: Evasion abilities are banned
|rule|Sleep Moves Clause: Sleep-inducing moves are banned
|clearpoke
|poke|p1|Jolteon, M|
|poke|p1|Gyarados, M|
|poke|p1|Arcanine, M|
|poke|p1|Scizor, M|
|poke|p1|Corviknight, M|
|poke|p1|Mew|
|poke|p2|Ting-Lu|
|poke|p2|Dragapult, F|
|poke|p2|Zamazenta-*|
|poke|p2|Ogerpon-Wellspring, F|
|poke|p2|Slowking-Galar, M|
|poke|p2|Tinkaton, F|
|teampreview
|inactive|Battle timer is ON: inactive players will automatically lose when time's up. (requested by N_Alder)
|
|t:|1758992965
|teamsize|p1|6
|teamsize|p2|6
|start
|switch|p1a: Scizor|Scizor, M|100/100
|switch|p2a: Ting-Lu|Ting-Lu|100/100
|-ability|p2a: Ting-Lu|Vessel of Ruin
|turn|1
|
|t:|1758992972
|switch|p2a: Dragapult|Dragapult, F, shiny|100/100
|move|p1a: Scizor|U-turn|p2a: Dragapult
|-resisted|p2a: Dragapult
|-damage|p2a: Dragapult|61/100
|
|t:|1758992992
|switch|p1a: Corviknight|Corviknight, M|100/100|[from] U-turn
|
|-heal|p2a: Dragapult|67/100|[from] item: Leftovers
|upkeep
|turn|2
|
|t:|1758992998
|move|p2a: Dragapult|Will-O-Wisp|p1a: Corviknight
|-status|p1a: Corviknight|brn
|move|p1a: Corviknight|U-turn|p2a: Dragapult
|-resisted|p2a: Dragapult
|-damage|p2a: Dragapult|62/100
|inactive|syk1307 has 120 seconds left.
|
|t:|1758993021
|switch|p1a: Jolteon|Jolteon, M|100/100|[from] U-turn
|
|-heal|p2a: Dragapult|67/100|[from] item: Leftovers
|upkeep
|turn|3
|
|t:|1758993027
|move|p2a: Dragapult|U-turn|p1a: Jolteon
|-damage|p1a: Jolteon|69/100
|
|t:|1758993029
|switch|p2a: Slowking|Slowking-Galar, M, shiny|100/100|[from] U-turn
|move|p1a: Jolteon|Alluring Voice|p2a: Slowking
|-resisted|p2a: Slowking
|-damage|p2a: Slowking|91/100
|
|upkeep
|turn|4
|
|t:|1758993036
|switch|p1a: Corviknight|Corviknight, M|100/100 brn
|-prepare|p2a: Slowking|Chilly Reception|[premajor]
|move|p2a: Slowking|Chilly Reception|p2a: Slowking
|-weather|Snowscape
|
|t:|1758993039
|switch|p2a: Dragapult|Dragapult, F, shiny|67/100|[from] Chilly Reception
|
|-weather|Snowscape|[upkeep]
|-heal|p2a: Dragapult|73/100|[from] item: Leftovers
|-damage|p1a: Corviknight|94/100 brn|[from] brn
|upkeep
|turn|5
|
|t:|1758993046
|move|p2a: Dragapult|Hex|p1a: Corviknight
|-damage|p1a: Corviknight|42/100 brn
|move|p1a: Corviknight|U-turn|p2a: Dragapult
|-resisted|p2a: Dragapult
|-damage|p2a: Dragapult|69/100
|
|t:|1758993057
|switch|p1a: Gyarados|Gyarados, M|100/100|[from] U-turn
|
|-weather|Snowscape|[upkeep]
|-heal|p2a: Dragapult|75/100|[from] item: Leftovers
|upkeep
|turn|6
|
|t:|1758993063
|move|p2a: Dragapult|Will-O-Wisp|p1a: Gyarados
|-status|p1a: Gyarados|brn
|-enditem|p1a: Gyarados|Lum Berry|[eat]
|-curestatus|p1a: Gyarados|brn|[msg]
|move|p1a: Gyarados|Crunch|p2a: Dragapult
|-supereffective|p2a: Dragapult
|-damage|p2a: Dragapult|0 fnt
|faint|p2a: Dragapult
|-ability|p1a: Gyarados|Moxie|boost
|-boost|p1a: Gyarados|atk|1
|
|-weather|Snowscape|[upkeep]
|upkeep
|
|t:|1758993084
|switch|p2a: Ogerpon|Ogerpon-Wellspring, F|100/100
|turn|7
|
|t:|1758993089
|switch|p1a: Corviknight|Corviknight, M|42/100 brn
|move|p2a: Ogerpon|Power Whip|p1a: Corviknight
|-resisted|p1a: Corviknight
|-crit|p1a: Corviknight
|-damage|p1a: Corviknight|26/100 brn
|-damage|p2a: Ogerpon|84/100|[from] item: Rocky Helmet|[of] p1a: Corviknight
|
|-weather|Snowscape|[upkeep]
|-damage|p1a: Corviknight|20/100 brn|[from] brn
|upkeep
|turn|8
|
|t:|1758993098
|move|p2a: Ogerpon|Ivy Cudgel|p1a: Corviknight|[anim] Ivy Cudgel Water
|-damage|p1a: Corviknight|0 fnt
|faint|p1a: Corviknight
|
|-weather|none
|upkeep
|
|t:|1758993103
|switch|p1a: Scizor|Scizor, M|100/100
|turn|9
|
|t:|1758993106
|move|p2a: Ogerpon|Spiky Shield|p2a: Ogerpon
|-singleturn|p2a: Ogerpon|move: Protect
|move|p1a: Scizor|U-turn|p2a: Ogerpon
|-activate|p2a: Ogerpon|move: Protect
|-damage|p1a: Scizor|88/100|[from] Spiky Shield|[of] p2a: Ogerpon
|
|upkeep
|turn|10
|
|t:|1758993112
|move|p2a: Ogerpon|U-turn|p1a: Scizor
|-resisted|p1a: Scizor
|-damage|p1a: Scizor|74/100
|
|t:|1758993115
|switch|p2a: Tinkaton|Tinkaton, F, shiny|100/100|[from] U-turn
|-ability|p2a: Tinkaton|Mold Breaker
|-item|p2a: Tinkaton|Air Balloon
|move|p1a: Scizor|U-turn|p2a: Tinkaton
|-resisted|p2a: Tinkaton
|-damage|p2a: Tinkaton|80/100
|-enditem|p2a: Tinkaton|Air Balloon
|
|t:|1758993126
|switch|p1a: Arcanine|Arcanine, M|100/100|[from] U-turn
|
|upkeep
|turn|11
|
|t:|1758993131
|switch|p2a: Ting-Lu|Ting-Lu|100/100
|-ability|p2a: Ting-Lu|Vessel of Ruin
|move|p1a: Arcanine|Flare Blitz|p2a: Ting-Lu
|-damage|p2a: Ting-Lu|61/100
|-damage|p1a: Arcanine|79/100|[from] Recoil
|
|-heal|p2a: Ting-Lu|67/100|[from] item: Leftovers
|upkeep
|turn|12
|
|t:|1758993141
|move|p1a: Arcanine|Flare Blitz|p2a: Ting-Lu
|-damage|p2a: Ting-Lu|28/100
|-status|p2a: Ting-Lu|brn
|-damage|p1a: Arcanine|59/100|[from] Recoil
|move|p2a: Ting-Lu|Stealth Rock|p1a: Arcanine
|-sidestart|p1: syk1307|move: Stealth Rock
|
|-heal|p2a: Ting-Lu|34/100 brn|[from] item: Leftovers
|-damage|p2a: Ting-Lu|28/100 brn|[from] brn
|upkeep
|turn|13
|
|t:|1758993151
|move|p1a: Arcanine|Flare Blitz|p2a: Ting-Lu
|-damage|p2a: Ting-Lu|0 fnt
|faint|p2a: Ting-Lu
|-damage|p1a: Arcanine|44/100|[from] Recoil
|
|upkeep
|
|t:|1758993154
|switch|p2a: Ogerpon|Ogerpon-Wellspring, F|84/100
|turn|14
|
|t:|1758993158
|move|p2a: Ogerpon|Ivy Cudgel|p1a: Arcanine|[anim] Ivy Cudgel Water
|-supereffective|p1a: Arcanine
|-damage|p1a: Arcanine|0 fnt
|faint|p1a: Arcanine
|
|upkeep
|
|t:|1758993164
|switch|p1a: Scizor|Scizor, M|74/100
|-damage|p1a: Scizor|62/100|[from] Stealth Rock
|turn|15
|
|t:|1758993168
|move|p2a: Ogerpon|Spiky Shield|p2a: Ogerpon
|-singleturn|p2a: Ogerpon|move: Protect
|move|p1a: Scizor|U-turn|p2a: Ogerpon
|-activate|p2a: Ogerpon|move: Protect
|-damage|p1a: Scizor|50/100|[from] Spiky Shield|[of] p2a: Ogerpon
|
|upkeep
|turn|16
|
|t:|1758993174
|move|p2a: Ogerpon|Ivy Cudgel|p1a: Scizor|[anim] Ivy Cudgel Water
|-damage|p1a: Scizor|0 fnt
|faint|p1a: Scizor
|
|upkeep
|
|t:|1758993180
|switch|p1a: Mew|Mew, shiny|100/100
|-damage|p1a: Mew|88/100|[from] Stealth Rock
|turn|17
|
|t:|1758993187
|move|p2a: Ogerpon|U-turn|p1a: Mew
|-supereffective|p1a: Mew
|-damage|p1a: Mew|42/100
|-enditem|p1a: Mew|Weakness Policy
|-boost|p1a: Mew|atk|2|[from] item: Weakness Policy
|-boost|p1a: Mew|spa|2|[from] item: Weakness Policy
|
|t:|1758993192
|switch|p2a: Slowking|Slowking-Galar, M, shiny|100/100|[from] U-turn
|move|p1a: Mew|Nasty Plot|p1a: Mew
|-boost|p1a: Mew|spa|2
|
|upkeep
|turn|18
|
|t:|1758993199
|move|p1a: Mew|Psychic|p2a: Slowking
|-damage|p2a: Slowking|37/100
|move|p2a: Slowking|Toxic|p1a: Mew
|-status|p1a: Mew|tox
|-activate|p1a: Mew|ability: Synchronize
|-immune|p2a: Slowking
|
|-damage|p1a: Mew|36/100 tox|[from] psn
|upkeep
|turn|19
|
|t:|1758993211
|move|p1a: Mew|Psychic|p2a: Slowking
|-damage|p2a: Slowking|0 fnt
|faint|p2a: Slowking
|
|-damage|p1a: Mew|23/100 tox|[from] psn
|upkeep
|
|t:|1758993214
|switch|p2a: Ogerpon|Ogerpon-Wellspring, F|84/100
|turn|20
|
|t:|1758993218
|move|p2a: Ogerpon|Spiky Shield|p2a: Ogerpon
|-singleturn|p2a: Ogerpon|move: Protect
|move|p1a: Mew|Vacuum Wave|p2a: Ogerpon
|-activate|p2a: Ogerpon|move: Protect
|
|-damage|p1a: Mew|5/100 tox|[from] psn
|upkeep
|turn|21
|
|t:|1758993228
|switch|p2a: Tinkaton|Tinkaton, F, shiny|80/100
|-ability|p2a: Tinkaton|Mold Breaker
|move|p1a: Mew|Draining Kiss|p2a: Tinkaton
|-resisted|p2a: Tinkaton
|-damage|p2a: Tinkaton|60/100
|-heal|p1a: Mew|19/100 tox|[from] drain|[of] p2a: Tinkaton
|
|-damage|p1a: Mew|0 fnt|[from] psn
|faint|p1a: Mew
|upkeep
|
|t:|1758993239
|switch|p1a: Gyarados|Gyarados, M|100/100
|-damage|p1a: Gyarados|76/100|[from] Stealth Rock
|turn|22
|
|t:|1758993244
|move|p2a: Tinkaton|Thunder Wave|p1a: Gyarados
|-status|p1a: Gyarados|par
|cant|p1a: Gyarados|par
|
|upkeep
|turn|23
|
|t:|1758993251
|move|p2a: Tinkaton|Play Rough|p1a: Gyarados
|-damage|p1a: Gyarados|35/100 par
|cant|p1a: Gyarados|par
|
|upkeep
|turn|24
|-message|syk1307 forfeited.
|
|win|N_Alder
|raw|syk1307's rating: 1498 &rarr; <strong>1481</strong><br />(-17 for losing)
|raw|N_Alder's rating: 1547 &rarr; <strong>1564</strong><br />(+17 for winning)
|l|☆syk1307
|player|p1|
|l|☆N_Alder
|player|p2|
