|j|☆WolfStern
|j|☆uuhll
|t:|1758946702
|gametype|singles
|player|p1|WolfStern|n|1102
|player|p2|uuhll|silver|1039
|gen|9
|tier|[Gen 9] OU
|rated|
|rule|HP Percentage Mod: HP is shown in percentages
|rule|Endless Battle Clause: Forcing endless battles is banned
|rule|Species Clause: Limit one of each Pokémon
|rule|OHKO Clause: OHKO moves are banned
|rule|Evasion Items Clause: Evasion items are banned
|rule|Evasion Moves Clause: Evasion moves are banned
|rule|Evasion Abilities Clause: Evasion abilities are banned
|rule|Sleep Moves Clause: Sleep-inducing moves are banned
|clearpoke
|poke|p1|Slowking-Galar, F|
|poke|p1|Lokix, M|
|poke|p1|Great Tusk|
|poke|p1|Cinderace, F|
|poke|p1|Dragapult, F|
|poke|p1|Iron Crown|
|poke|p2|Ursaluna, F|
|poke|p2|Garchomp, F|
|poke|p2|Kingambit, M|
|poke|p2|Raging Bolt|
|poke|p2|Ting-Lu|
|poke|p2|Sinistcha-Masterpiece|
|teampreview
|
|t:|1758946734
|teamsize|p1|6
|teamsize|p2|6
|start
|switch|p1a: Lokix|Lokix, M|100/100
|switch|p2a: Sinistcha|Sinistcha-Masterpiece|100/100
|turn|1
|inactive|Battle timer is ON: inactive players will automatically lose when time's up. (requested by uuhll)
|
|t:|1758946779
|switch|p2a: Garchomp|Garchomp, F|100/100
|move|p1a: Lokix|U-turn|p2a: Garchomp
|-damage|p2a: Garchomp|73/100
|-damage|p1a: Lokix|88/100|[from] ability: Rough Skin|[of] p2a: Garchomp
|-damage|p1a: Lokix|72/100|[from] item: Rocky Helmet|[of] p2a: Garchomp
|-damage|p1a: Lokix|62/100|[from] item: Life Orb
|
|t:|1758946798
|switch|p1a: Dragapult|Dragapult, F|100/100|[from] U-turn
|
|upkeep
|turn|2
|
|t:|1758946810
|move|p2a: Garchomp|Protect|p2a: Garchomp
|-singleturn|p2a: Garchomp|Protect
|move|p1a: Dragapult|Draco Meteor|p2a: Garchomp
|-activate|p2a: Garchomp|move: Protect
|
|upkeep
|turn|3
|
|t:|1758946829
|switch|p2a: Ting-Lu|Ting-Lu|100/100
|-ability|p2a: Ting-Lu|Vessel of Ruin
|move|p1a: Dragapult|Draco Meteor|p2a: Ting-Lu
|-damage|p2a: Ting-Lu|63/100
|-unboost|p1a: Dragapult|spa|2
|
|-heal|p2a: Ting-Lu|69/100|[from] item: Leftovers
|upkeep
|turn|4
|inactive|WolfStern has 120 seconds left.
|
|t:|1758946867
|switch|p1a: Great Tusk|Great Tusk|100/100
|move|p2a: Ting-Lu|Mean Look|p1a: Great Tusk
|-activate|p1a: Great Tusk|trapped
|
|-heal|p2a: Ting-Lu|76/100|[from] item: Leftovers
|upkeep
|turn|5
|inactive|WolfStern has 120 seconds left.
|
|t:|1758946884
|move|p2a: Ting-Lu|Protect|p2a: Ting-Lu
|-singleturn|p2a: Ting-Lu|Protect
|move|p1a: Great Tusk|Knock Off|p2a: Ting-Lu
|-activate|p2a: Ting-Lu|move: Protect
|
|-heal|p2a: Ting-Lu|82/100|[from] item: Leftovers
|upkeep
|turn|6
|inactive|WolfStern has 120 seconds left.
|
|t:|1758946896
|move|p1a: Great Tusk|Knock Off|p2a: Ting-Lu
|-resisted|p2a: Ting-Lu
|-damage|p2a: Ting-Lu|75/100
|-enditem|p2a: Ting-Lu|Leftovers|[from] move: Knock Off|[of] p1a: Great Tusk
|move|p2a: Ting-Lu|Spite|p1a: Great Tusk
|-activate|p1a: Great Tusk|move: Spite|Knock Off|4
|
|upkeep
|turn|7
|inactive|WolfStern has 120 seconds left.
|
|t:|1758946917
|move|p2a: Ting-Lu|Protect|p2a: Ting-Lu
|-singleturn|p2a: Ting-Lu|Protect
|move|p1a: Great Tusk|Close Combat|p2a: Ting-Lu
|-activate|p2a: Ting-Lu|move: Protect
|
|upkeep
|turn|8
|
|t:|1758946939
|switch|p2a: Sinistcha|Sinistcha-Masterpiece|100/100
|move|p1a: Great Tusk|Close Combat|p2a: Sinistcha
|-immune|p2a: Sinistcha
|
|upkeep
|turn|9
|inactive|WolfStern has 120 seconds left.
|
|t:|1758946962
|-end|p1a: Great Tusk|Protosynthesis|[silent]
|switch|p1a: Slowking|Slowking-Galar, F|100/100
|move|p2a: Sinistcha|Strength Sap|p1a: Slowking
|-unboost|p1a: Slowking|atk|1
|
|upkeep
|turn|10
|
|t:|1758946985
|switch|p2a: Ting-Lu|Ting-Lu|75/100
|-ability|p2a: Ting-Lu|Vessel of Ruin
|move|p1a: Slowking|Sludge Wave|p2a: Ting-Lu
|-resisted|p2a: Ting-Lu
|-damage|p2a: Ting-Lu|68/100
|
|upkeep
|turn|11
|
|t:|1758947000
|switch|p1a: Lokix|Lokix, M|62/100
|move|p2a: Ting-Lu|Mean Look|p1a: Lokix
|-activate|p1a: Lokix|trapped
|
|upkeep
|turn|12
|
|t:|1758947011
|move|p1a: Lokix|First Impression|p2a: Ting-Lu
|-supereffective|p2a: Ting-Lu
|-damage|p2a: Ting-Lu|16/100
|-damage|p1a: Lokix|52/100|[from] item: Life Orb
|move|p2a: Ting-Lu|Mean Look||[still]
|-fail|p2a: Ting-Lu
|
|upkeep
|turn|13
|inactive|WolfStern has 90 seconds left.
|
|t:|1758947030
|switch|p2a: Garchomp|Garchomp, F|73/100
|move|p1a: Lokix|U-turn|p2a: Garchomp
|-damage|p2a: Garchomp|42/100
|-damage|p1a: Lokix|40/100|[from] ability: Rough Skin|[of] p2a: Garchomp
|-damage|p1a: Lokix|23/100|[from] item: Rocky Helmet|[of] p2a: Garchomp
|-damage|p1a: Lokix|13/100|[from] item: Life Orb
|inactive|WolfStern has 90 seconds left.
|
|t:|1758947039
|switch|p1a: Dragapult|Dragapult, F|100/100|[from] U-turn
|
|upkeep
|turn|14
|
|t:|1758947048
|move|p2a: Garchomp|Protect|p2a: Garchomp
|-singleturn|p2a: Garchomp|Protect
|move|p1a: Dragapult|Draco Meteor|p2a: Garchomp
|-activate|p2a: Garchomp|move: Protect
|
|upkeep
|turn|15
|
|t:|1758947061
|switch|p2a: Kingambit|Kingambit, M|100/100
|move|p1a: Dragapult|Draco Meteor|p2a: Kingambit
|-resisted|p2a: Kingambit
|-damage|p2a: Kingambit|61/100
|-unboost|p1a: Dragapult|spa|2
|
|upkeep
|turn|16
|
|t:|1758947074
|switch|p1a: Great Tusk|Great Tusk|100/100
|move|p2a: Kingambit|Sucker Punch||[still]
|-fail|p2a: Kingambit
|
|upkeep
|turn|17
|
|t:|1758947085
|-end|p2a: Kingambit|fallenundefined|[silent]
|switch|p2a: Sinistcha|Sinistcha-Masterpiece|100/100
|move|p1a: Great Tusk|Knock Off|p2a: Sinistcha
|-supereffective|p2a: Sinistcha
|-damage|p2a: Sinistcha|45/100
|-enditem|p2a: Sinistcha|Meadow Plate|[from] move: Knock Off|[of] p1a: Great Tusk
|
|upkeep
|turn|18
|inactive|WolfStern has 90 seconds left.
|
|t:|1758947111
|-end|p1a: Great Tusk|Protosynthesis|[silent]
|switch|p1a: Slowking|Slowking-Galar, F|100/100
|move|p2a: Sinistcha|Strength Sap|p1a: Slowking
|-unboost|p1a: Slowking|atk|1
|-heal|p2a: Sinistcha|88/100
|
|upkeep
|turn|19
|inactive|WolfStern has 90 seconds left.
|
|t:|1758947140
|switch|p2a: Kingambit|Kingambit, M|61/100
|switch|p1a: Great Tusk|Great Tusk|100/100
|
|upkeep
|turn|20
|
|t:|1758947155
|-end|p2a: Kingambit|fallenundefined|[silent]
|switch|p2a: Garchomp|Garchomp, F|42/100
|move|p1a: Great Tusk|Headlong Rush|p2a: Garchomp
|-damage|p2a: Garchomp|5/100
|-unboost|p1a: Great Tusk|def|1
|-unboost|p1a: Great Tusk|spd|1
|-damage|p1a: Great Tusk|88/100|[from] ability: Rough Skin|[of] p2a: Garchomp
|-damage|p1a: Great Tusk|71/100|[from] item: Rocky Helmet|[of] p2a: Garchomp
|
|-heal|p1a: Great Tusk|78/100|[from] item: Leftovers
|upkeep
|turn|21
|
|t:|1758947175
|move|p2a: Garchomp|Stealth Rock|p1a: Great Tusk
|-sidestart|p1: WolfStern|move: Stealth Rock
|move|p1a: Great Tusk|Knock Off|p2a: Garchomp
|-damage|p2a: Garchomp|0 fnt
|-damage|p1a: Great Tusk|65/100|[from] ability: Rough Skin|[of] p2a: Garchomp
|-damage|p1a: Great Tusk|49/100|[from] item: Rocky Helmet|[of] p2a: Garchomp
|-enditem|p2a: Garchomp|Rocky Helmet|[from] move: Knock Off|[of] p1a: Great Tusk
|faint|p2a: Garchomp
|
|-heal|p1a: Great Tusk|55/100|[from] item: Leftovers
|upkeep
|inactive|uuhll has 120 seconds left.
|
|t:|1758947191
|switch|p2a: Sinistcha|Sinistcha-Masterpiece|88/100
|turn|22
|
|t:|1758947196
|-end|p1a: Great Tusk|Protosynthesis|[silent]
|switch|p1a: Slowking|Slowking-Galar, F|100/100
|-damage|p1a: Slowking|88/100|[from] Stealth Rock
|move|p2a: Sinistcha|Matcha Gotcha|p1a: Slowking
|-resisted|p1a: Slowking
|-damage|p1a: Slowking|78/100
|-heal|p2a: Sinistcha|96/100|[from] drain|[of] p1a: Slowking
|-status|p1a: Slowking|brn
|
|-heal|p1a: Slowking|84/100 brn|[from] item: Black Sludge
|-damage|p1a: Slowking|78/100 brn|[from] brn
|upkeep
|turn|23
|inactive|WolfStern has 60 seconds left.
|
|t:|1758947228
|switch|p2a: Ursaluna|Ursaluna, F|100/100
|switch|p1a: Great Tusk|Great Tusk|55/100
|-damage|p1a: Great Tusk|52/100|[from] Stealth Rock
|
|-heal|p1a: Great Tusk|58/100|[from] item: Leftovers
|-status|p2a: Ursaluna|brn|[from] item: Flame Orb
|upkeep
|turn|24
|inactive|WolfStern has 60 seconds left.
|
|t:|1758947250
|move|p1a: Great Tusk|Rapid Spin|p2a: Ursaluna
|-damage|p2a: Ursaluna|91/100 brn
|-boost|p1a: Great Tusk|spe|1
|-sideend|p1: WolfStern|Stealth Rock|[from] move: Rapid Spin|[of] p1a: Great Tusk
|move|p2a: Ursaluna|Play Rough|p1a: Great Tusk
|-supereffective|p1a: Great Tusk
|-damage|p1a: Great Tusk|8/100
|
|-heal|p1a: Great Tusk|15/100|[from] item: Leftovers
|-damage|p2a: Ursaluna|84/100 brn|[from] brn
|upkeep
|turn|25
|inactive|uuhll has 120 seconds left.
|inactive|WolfStern has 30 seconds left.
|inactive|WolfStern has 20 seconds left.
|
|t:|1758947294
|switch|p2a: Sinistcha|Sinistcha-Masterpiece|96/100
|move|p1a: Great Tusk|Close Combat|p2a: Sinistcha
|-immune|p2a: Sinistcha
|
|-heal|p1a: Great Tusk|21/100|[from] item: Leftovers
|upkeep
|turn|26
|inactive|WolfStern has 30 seconds left this turn.
|inactive|WolfStern has 20 seconds left.
|inactive|WolfStern has 15 seconds left.
|
|t:|1758947309
|-end|p1a: Great Tusk|Protosynthesis|[silent]
|switch|p1a: Slowking|Slowking-Galar, F|100/100 brn
|move|p2a: Sinistcha|Matcha Gotcha|p1a: Slowking
|-resisted|p1a: Slowking
|-damage|p1a: Slowking|90/100 brn
|-heal|p2a: Sinistcha|100/100|[from] drain|[of] p1a: Slowking
|
|-heal|p1a: Slowking|96/100 brn|[from] item: Black Sludge
|-damage|p1a: Slowking|90/100 brn|[from] brn
|upkeep
|turn|27
|inactive|WolfStern has 25 seconds left this turn.
|inactive|WolfStern has 20 seconds left.
|inactive|WolfStern has 15 seconds left.
|inactive|WolfStern has 10 seconds left.
|inactive|uuhll has 120 seconds left.
|inactive|WolfStern has 5 seconds left.
|
|t:|1758947330
|switch|p2a: Kingambit|Kingambit, M|61/100
|-activate|p2a: Kingambit|ability: Supreme Overlord
|-start|p2a: Kingambit|fallen1|[silent]
|switch|p1a: Cinderace|Cinderace, F|100/100
|
|upkeep
|turn|28
|inactive|WolfStern has 15 seconds left this turn.
|inactive|WolfStern has 10 seconds left.
|inactive|WolfStern has 5 seconds left.
|inactive|uuhll has 120 seconds left.
|
|t:|1758947344
|-end|p2a: Kingambit|fallen1|[silent]
|switch|p2a: Ting-Lu|Ting-Lu|16/100
|-ability|p2a: Ting-Lu|Vessel of Ruin
|move|p1a: Cinderace|U-turn|p2a: Ting-Lu
|-supereffective|p2a: Ting-Lu
|-damage|p2a: Ting-Lu|0 fnt
|faint|p2a: Ting-Lu
|inactive|WolfStern has 10 seconds left this turn.
|inactive|WolfStern has 5 seconds left.
|
|t:|1758947354
|switch|p1a: Dragapult|Dragapult, F|100/100|[from] U-turn
|
|upkeep
|inactive|uuhll has 120 seconds left.
|
|t:|1758947365
|switch|p2a: Kingambit|Kingambit, M|61/100
|-activate|p2a: Kingambit|ability: Supreme Overlord
|-start|p2a: Kingambit|fallen2|[silent]
|turn|29
|inactive|WolfStern has 20 seconds left this turn.
|inactive|WolfStern has 15 seconds left.
|inactive|WolfStern has 10 seconds left.
|
|t:|1758947375
|switch|p1a: Cinderace|Cinderace, F|100/100
|move|p2a: Kingambit|Swords Dance|p2a: Kingambit
|-boost|p2a: Kingambit|atk|2
|
|upkeep
|turn|30
|inactive|WolfStern has 20 seconds left this turn.
|inactive|WolfStern has 15 seconds left.
|
|t:|1758947386
|move|p2a: Kingambit|Sucker Punch|p1a: Cinderace
|-damage|p1a: Cinderace|0 fnt
|faint|p1a: Cinderace
|
|upkeep
|inactive|WolfStern has 20 seconds left this turn.
|inactive|WolfStern has 15 seconds left.
|inactive|WolfStern has 10 seconds left.
|
|t:|1758947397
|switch|p1a: Lokix|Lokix, M|13/100
|turn|31
|inactive|WolfStern has 20 seconds left this turn.
|inactive|WolfStern has 15 seconds left.
|
|t:|1758947408
|-terastallize|p1a: Lokix|Bug
|move|p1a: Lokix|First Impression|p2a: Kingambit
|-damage|p2a: Kingambit|7/100
|-damage|p1a: Lokix|3/100|[from] item: Life Orb
|move|p2a: Kingambit|Iron Head|p1a: Lokix
|-damage|p1a: Lokix|0 fnt
|faint|p1a: Lokix
|
|upkeep
|inactive|WolfStern has 20 seconds left this turn.
|inactive|WolfStern has 15 seconds left.
|inactive|WolfStern has 10 seconds left.
|
|t:|1758947419
|switch|p1a: Iron Crown|Iron Crown|100/100
|turn|32
|inactive|WolfStern has 20 seconds left this turn.
|inactive|WolfStern has 15 seconds left.
|
|t:|1758947425
|move|p2a: Kingambit|Sucker Punch|p1a: Iron Crown
|-supereffective|p1a: Iron Crown
|-damage|p1a: Iron Crown|0 fnt
|faint|p1a: Iron Crown
|-end|p1a: Iron Crown|Quark Drive|[silent]
|
|upkeep
|inactive|WolfStern has 20 seconds left this turn.
|inactive|WolfStern has 15 seconds left.
|
|t:|1758947431
|switch|p1a: Great Tusk|Great Tusk|21/100
|turn|33
|inactive|WolfStern has 25 seconds left this turn.
|inactive|WolfStern has 20 seconds left.
|
|t:|1758947438
|move|p2a: Kingambit|Sucker Punch|p1a: Great Tusk
|-resisted|p1a: Great Tusk
|-crit|p1a: Great Tusk
|-damage|p1a: Great Tusk|0 fnt
|faint|p1a: Great Tusk
|-end|p1a: Great Tusk|Protosynthesis|[silent]
|
|upkeep
|inactive|WolfStern has 25 seconds left this turn.
|inactive|WolfStern has 20 seconds left.
|
|t:|1758947443
|switch|p1a: Slowking|Slowking-Galar, F|100/100 brn
|turn|34
|inactive|WolfStern has 30 seconds left this turn.
|
|t:|1758947448
|move|p2a: Kingambit|Sucker Punch|p1a: Slowking
|-supereffective|p1a: Slowking
|-damage|p1a: Slowking|0 fnt
|faint|p1a: Slowking
|
|upkeep
|inactive|WolfStern has 30 seconds left this turn.
|c|☆WolfStern|gg
|
|t:|1758947455
|switch|p1a: Dragapult|Dragapult, F|100/100
|turn|35
|inactive|WolfStern has 30 seconds left.
|
|t:|1758947461
|move|p2a: Kingambit|Sucker Punch|p1a: Dragapult
|-supereffective|p1a: Dragapult
|-damage|p1a: Dragapult|0 fnt
|faint|p1a: Dragapult
|
|win|uuhll
|raw|WolfStern's rating: 1102 &rarr; <strong>1073</strong><br />(-29 for losing)
|raw|uuhll's rating: 1039 &rarr; <strong>1079</strong><br />(+40 for winning)
