|j|☆Malamarlvr94
|j|☆PokeBlaze17
|t:|1758942888
|gametype|singles
|player|p1|Malamarlvr94|265|1281
|player|p2|PokeBlaze17|cheren-gen5bw2|1344
|gen|9
|tier|[Gen 9] OU
|rated|
|rule|HP Percentage Mod: HP is shown in percentages
|rule|Endless Battle Clause: Forcing endless battles is banned
|rule|Species Clause: Limit one of each Pokémon
|rule|OHKO Clause: OHKO moves are banned
|rule|Evasion Items Clause: Evasion items are banned
|rule|Evasion Moves Clause: Evasion moves are banned
|rule|Evasion Abilities Clause: Evasion abilities are banned
|rule|Sleep Moves Clause: Sleep-inducing moves are banned
|clearpoke
|poke|p1|Malamar, F|
|poke|p1|Iron Treads|
|poke|p1|Enamorus, F|
|poke|p1|Araquanid, F|
|poke|p1|Skeledirge, F|
|poke|p1|Gholdengo|
|poke|p2|Zapdos-Galar|
|poke|p2|Luxray, M|
|poke|p2|Gardevoir, F|
|poke|p2|Hydrapple, F|
|poke|p2|Manaphy|
|poke|p2|Forretress, M|
|teampreview
|inactive|Battle timer is ON: inactive players will automatically lose when time's up. (requested by Malamarlvr94)
|
|t:|1758942910
|teamsize|p1|6
|teamsize|p2|6
|start
|switch|p1a: Skeledirge|Skeledirge, F|100/100
|switch|p2a: Gardevoir|Gardevoir, F, shiny|100/100
|-ability|p2a: Gardevoir|Unaware|Trace|[from] ability: Trace|[of] p1a: Skeledirge
|turn|1
|
|t:|1758942934
|move|p2a: Gardevoir|Trick|p1a: Skeledirge
|-activate|p2a: Gardevoir|move: Trick|[of] p1a: Skeledirge
|-item|p1a: Skeledirge|Choice Scarf|[from] move: Trick
|-item|p2a: Gardevoir|Leftovers|[from] move: Trick
|move|p1a: Skeledirge|Torch Song|p2a: Gardevoir
|-damage|p2a: Gardevoir|69/100
|-boost|p1a: Skeledirge|spa|1
|
|-heal|p2a: Gardevoir|75/100|[from] item: Leftovers
|upkeep
|turn|2
|
|t:|1758942951
|move|p2a: Gardevoir|Psyshock|p1a: Skeledirge
|-damage|p1a: Skeledirge|67/100
|move|p1a: Skeledirge|Torch Song|p2a: Gardevoir
|-damage|p2a: Gardevoir|41/100
|-boost|p1a: Skeledirge|spa|1
|
|-heal|p2a: Gardevoir|47/100|[from] item: Leftovers
|upkeep
|turn|3
|
|t:|1758942961
|move|p2a: Gardevoir|Psyshock|p1a: Skeledirge
|-damage|p1a: Skeledirge|35/100
|move|p1a: Skeledirge|Torch Song|p2a: Gardevoir
|-damage|p2a: Gardevoir|16/100
|-boost|p1a: Skeledirge|spa|1
|
|-heal|p2a: Gardevoir|22/100|[from] item: Leftovers
|upkeep
|turn|4
|
|t:|1758942971
|move|p2a: Gardevoir|Psyshock|p1a: Skeledirge
|-damage|p1a: Skeledirge|3/100
|move|p1a: Skeledirge|Torch Song|p2a: Gardevoir
|-damage|p2a: Gardevoir|0 fnt
|-boost|p1a: Skeledirge|spa|1
|faint|p2a: Gardevoir
|
|upkeep
|
|t:|1758942983
|switch|p2a: Manaphy|Manaphy|100/100
|turn|5
|
|t:|1758942988
|move|p2a: Manaphy|Scald|p1a: Skeledirge
|-supereffective|p1a: Skeledirge
|-damage|p1a: Skeledirge|0 fnt
|faint|p1a: Skeledirge
|
|upkeep
|
|t:|1758942990
|switch|p1a: Araquanid|Araquanid, F|100/100
|turn|6
|
|t:|1758943009
|switch|p2a: Forretress|Forretress, M, shiny|100/100
|move|p1a: Araquanid|Sticky Web|p2a: Forretress
|-sidestart|p2: PokeBlaze17|move: Sticky Web
|
|upkeep
|turn|7
|
|t:|1758943018
|switch|p1a: Malamar|Malamar, F|100/100
|move|p2a: Forretress|Light Screen|p2a: Forretress
|-sidestart|p2: PokeBlaze17|move: Light Screen
|
|upkeep
|turn|8
|
|t:|1758943024
|move|p1a: Malamar|Superpower|p2a: Forretress
|-damage|p2a: Forretress|75/100
|-boost|p1a: Malamar|atk|1
|-boost|p1a: Malamar|def|1
|move|p2a: Forretress|Reflect|p2a: Forretress
|-sidestart|p2: PokeBlaze17|Reflect
|
|upkeep
|turn|9
|
|t:|1758943032
|move|p1a: Malamar|Superpower|p2a: Forretress
|-damage|p2a: Forretress|56/100
|-boost|p1a: Malamar|atk|1
|-boost|p1a: Malamar|def|1
|move|p2a: Forretress|Rapid Spin|p1a: Malamar
|-damage|p1a: Malamar|96/100
|-boost|p2a: Forretress|spe|1
|-sideend|p2: PokeBlaze17|Sticky Web|[from] move: Rapid Spin|[of] p2a: Forretress
|
|upkeep
|turn|10
|
|t:|1758943042
|move|p1a: Malamar|Superpower|p2a: Forretress
|-damage|p2a: Forretress|29/100
|-boost|p1a: Malamar|atk|1
|-boost|p1a: Malamar|def|1
|move|p2a: Forretress|Volt Switch|p1a: Malamar
|-damage|p1a: Malamar|87/100
|
|t:|1758943060
|switch|p2a: Hydrapple|Hydrapple, F, shiny|100/100|[from] Volt Switch
|
|upkeep
|turn|11
|
|t:|1758943075
|move|p1a: Malamar|Psycho Cut|p2a: Hydrapple
|-damage|p2a: Hydrapple|72/100
|move|p2a: Hydrapple|Fickle Beam|p1a: Malamar|[anim] Fickle Beam All Out
|-activate|p2a: Hydrapple|move: Fickle Beam
|-damage|p1a: Malamar|24/100
|
|upkeep
|turn|12
|
|t:|1758943082
|move|p1a: Malamar|Psycho Cut|p2a: Hydrapple
|-crit|p2a: Hydrapple
|-damage|p2a: Hydrapple|0 fnt
|faint|p2a: Hydrapple
|
|upkeep
|
|t:|1758943092
|switch|p2a: Manaphy|Manaphy|100/100
|turn|13
|
|t:|1758943095
|move|p2a: Manaphy|Scald|p1a: Malamar
|-damage|p1a: Malamar|3/100
|move|p1a: Malamar|Psycho Cut|p2a: Manaphy
|-crit|p2a: Manaphy
|-damage|p2a: Manaphy|5/100
|-enditem|p2a: Manaphy|Sitrus Berry|[eat]
|-heal|p2a: Manaphy|30/100|[from] item: Sitrus Berry
|
|upkeep
|turn|14
|
|t:|1758943104
|move|p2a: Manaphy|Scald|p1a: Malamar
|-damage|p1a: Malamar|0 fnt
|faint|p1a: Malamar
|
|-sideend|p2: PokeBlaze17|move: Light Screen
|upkeep
|
|t:|1758943113
|switch|p1a: Gholdengo|Gholdengo|100/100
|turn|15
|
|t:|1758943117
|move|p1a: Gholdengo|Trick|p2a: Manaphy
|-activate|p1a: Gholdengo|move: Trick|[of] p2a: Manaphy
|-item|p2a: Manaphy|Choice Scarf|[from] move: Trick
|-enditem|p1a: Gholdengo|Choice Scarf|[silent]|[from] move: Trick
|move|p2a: Manaphy|Tail Glow|p2a: Manaphy
|-boost|p2a: Manaphy|spa|3
|
|-sideend|p2: PokeBlaze17|Reflect
|upkeep
|turn|16
|
|t:|1758943126
|switch|p2a: Forretress|Forretress, M, shiny|29/100
|move|p1a: Gholdengo|Thunderbolt|p2a: Forretress
|-damage|p2a: Forretress|0 fnt
|faint|p2a: Forretress
|
|upkeep
|
|t:|1758943134
|switch|p2a: Luxray|Luxray, M, shiny|100/100
|turn|17
|
|t:|1758943139
|switch|p1a: Iron Treads|Iron Treads|100/100
|-enditem|p1a: Iron Treads|Booster Energy
|-activate|p1a: Iron Treads|ability: Quark Drive|[fromitem]
|-start|p1a: Iron Treads|quarkdrivespe
|move|p2a: Luxray|Agility|p2a: Luxray
|-boost|p2a: Luxray|spe|2
|
|-status|p2a: Luxray|brn|[from] item: Flame Orb
|upkeep
|turn|18
|
|t:|1758943151
|switch|p2a: Zapdos|Zapdos-Galar|100/100
|move|p1a: Iron Treads|Earthquake|p2a: Zapdos
|-immune|p2a: Zapdos
|
|upkeep
|turn|19
|
|t:|1758943158
|move|p1a: Iron Treads|Stealth Rock|p2a: Zapdos
|-sidestart|p2: PokeBlaze17|move: Stealth Rock
|move|p2a: Zapdos|Thunderous Kick|p1a: Iron Treads
|-supereffective|p1a: Iron Treads
|-damage|p1a: Iron Treads|5/100
|-unboost|p1a: Iron Treads|def|1
|
|upkeep
|turn|20
|
|t:|1758943166
|-end|p1a: Iron Treads|Quark Drive|[silent]
|switch|p1a: Gholdengo|Gholdengo|100/100
|move|p2a: Zapdos|Tailwind|p2a: Zapdos
|-sidestart|p2: PokeBlaze17|move: Tailwind
|
|upkeep
|turn|21
|
|t:|1758943173
|move|p2a: Zapdos|Knock Off|p1a: Gholdengo
|-supereffective|p1a: Gholdengo
|-damage|p1a: Gholdengo|44/100
|move|p1a: Gholdengo|Trick||[still]
|-fail|p1a: Gholdengo
|
|upkeep
|turn|22
|
|t:|1758943184
|move|p2a: Zapdos|Knock Off|p1a: Gholdengo
|-supereffective|p1a: Gholdengo
|-damage|p1a: Gholdengo|0 fnt
|faint|p1a: Gholdengo
|
|upkeep
|
|t:|1758943188
|switch|p1a: Araquanid|Araquanid, F|100/100
|turn|23
|
|t:|1758943193
|move|p2a: Zapdos|Acrobatics|p1a: Araquanid
|-supereffective|p1a: Araquanid
|-enditem|p1a: Araquanid|Focus Sash
|-damage|p1a: Araquanid|1/100
|move|p1a: Araquanid|Sticky Web|p2a: Zapdos
|-sidestart|p2: PokeBlaze17|move: Sticky Web
|
|-sideend|p2: PokeBlaze17|move: Tailwind
|upkeep
|turn|24
|
|t:|1758943202
|move|p2a: Zapdos|Tailwind|p2a: Zapdos
|-sidestart|p2: PokeBlaze17|move: Tailwind
|move|p1a: Araquanid|Liquidation|p2a: Zapdos
|-damage|p2a: Zapdos|30/100
|
|upkeep
|turn|25
|
|t:|1758943207
|move|p2a: Zapdos|Acrobatics|p1a: Araquanid
|-supereffective|p1a: Araquanid
|-damage|p1a: Araquanid|0 fnt
|faint|p1a: Araquanid
|
|upkeep
|
|t:|1758943211
|switch|p1a: Iron Treads|Iron Treads|5/100
|turn|26
|
|t:|1758943215
|move|p2a: Zapdos|Thunderous Kick|p1a: Iron Treads
|-supereffective|p1a: Iron Treads
|-damage|p1a: Iron Treads|0 fnt
|faint|p1a: Iron Treads
|-end|p1a: Iron Treads|Quark Drive|[silent]
|
|upkeep
|
|t:|1758943220
|switch|p1a: Enamorus|Enamorus, F|100/100
|turn|27
|
|t:|1758943223
|move|p2a: Zapdos|Acrobatics|p1a: Enamorus
|-crit|p1a: Enamorus
|-damage|p1a: Enamorus|0 fnt
|faint|p1a: Enamorus
|
|win|PokeBlaze17
|raw|Malamarlvr94's rating: 1281 &rarr; <strong>1260</strong><br />(-21 for losing)
|raw|PokeBlaze17's rating: 1344 &rarr; <strong>1360</strong><br />(+16 for winning)
|l|☆Malamarlvr94
|player|p1|
|l|☆PokeBlaze17
|player|p2|
