|j|☆razer534
|j|☆Decadeking
|t:|1759049202
|gametype|singles
|player|p1|razer534|169|1104
|player|p2|Decadeking|iris-gen5bw2|1108
|gen|9
|tier|[Gen 9] OU
|rated|
|rule|HP Percentage Mod: HP is shown in percentages
|rule|Endless Battle Clause: Forcing endless battles is banned
|rule|Species Clause: Limit one of each Pokémon
|rule|OHKO Clause: OHKO moves are banned
|rule|Evasion Items Clause: Evasion items are banned
|rule|Evasion Moves Clause: Evasion moves are banned
|rule|Evasion Abilities Clause: Evasion abilities are banned
|rule|Sleep Moves Clause: Sleep-inducing moves are banned
|clearpoke
|poke|p1|Tropius, F|
|poke|p1|Ninetales, M|
|poke|p1|Charizard, F|
|poke|p1|Jirachi|
|poke|p1|Camerupt, M|
|poke|p1|Arboliva, M|
|poke|p2|Pikachu, M|
|poke|p2|Greninja-*, M|
|poke|p2|Charizard, M|
|poke|p2|Krookodile, M|
|poke|p2|Zoroark-Hisui, F|
|poke|p2|Meowscarada, F|
|teampreview
|
|t:|1759049207
|teamsize|p1|6
|teamsize|p2|6
|start
|switch|p1a: Ninetales|Ninetales, M|100/100
|switch|p2a: Meowscarada|Meowscarada, F, shiny|100/100
|-weather|SunnyDay|[from] ability: Drought|[of] p1a: Ninetales
|turn|1
|inactive|Battle timer is ON: inactive players will automatically lose when time's up. (requested by Decadeking)
|
|t:|1759049221
|move|p2a: Meowscarada|U-turn|p1a: Ninetales
|-start|p2a: Meowscarada|typechange|Bug|[from] ability: Protean
|-resisted|p1a: Ninetales
|-damage|p1a: Ninetales|64/100
|
|t:|1759049228
|switch|p2a: Charizard|Charizard, M, shiny|100/100|[from] U-turn
|move|p1a: Ninetales|Night Shade|p2a: Charizard
|-damage|p2a: Charizard|67/100
|
|-weather|SunnyDay|[upkeep]
|upkeep
|turn|2
|
|t:|1759049241
|switch|p1a: Camerupt|Camerupt, M|100/100
|move|p2a: Charizard|Scorching Sands|p1a: Camerupt
|-supereffective|p1a: Camerupt
|-damage|p1a: Camerupt|49/100
|
|-weather|SunnyDay|[upkeep]
|-heal|p1a: Camerupt|55/100|[from] item: Leftovers
|upkeep
|turn|3
|
|t:|1759049252
|-terastallize|p2a: Charizard|Ground
|move|p2a: Charizard|Scorching Sands|p1a: Camerupt
|-supereffective|p1a: Camerupt
|-damage|p1a: Camerupt|0 fnt
|faint|p1a: Camerupt
|
|-weather|SunnyDay|[upkeep]
|upkeep
|
|t:|1759049262
|switch|p1a: Charizard|Charizard, F|100/100
|turn|4
|
|t:|1759049270
|move|p2a: Charizard|Dragon Pulse|p1a: Charizard
|-damage|p1a: Charizard|77/100
|move|p1a: Charizard|Flamethrower|p2a: Charizard
|-damage|p2a: Charizard|0 fnt
|faint|p2a: Charizard
|
|-weather|SunnyDay|[upkeep]
|-damage|p1a: Charizard|65/100|[from] ability: Solar Power|[of] p1a: Charizard
|upkeep
|
|t:|1759049276
|switch|p2a: Greninja|Greninja, M, shiny|100/100
|turn|5
|
|t:|1759049284
|-terastallize|p1a: Charizard|Poison
|move|p2a: Greninja|Water Shuriken|p1a: Charizard
|-start|p2a: Greninja|typechange|Water|[from] ability: Protean
|-damage|p1a: Charizard|61/100
|-damage|p1a: Charizard|57/100
|-hitcount|p1a: Charizard|2
|move|p1a: Charizard|Solar Beam||[still]
|-prepare|p1a: Charizard|Solar Beam
|-anim|p1a: Charizard|Solar Beam|p2a: Greninja
|-supereffective|p2a: Greninja
|-damage|p2a: Greninja|0 fnt
|faint|p2a: Greninja
|
|-weather|SunnyDay|[upkeep]
|-damage|p1a: Charizard|44/100|[from] ability: Solar Power|[of] p1a: Charizard
|upkeep
|
|t:|1759049297
|switch|p2a: Pikachu|Pikachu, M|100/100
|turn|6
|
|t:|1759049301
|move|p2a: Pikachu|Fake Out|p1a: Charizard
|-damage|p1a: Charizard|20/100
|cant|p1a: Charizard|flinch
|
|-weather|SunnyDay|[upkeep]
|-damage|p1a: Charizard|7/100|[from] ability: Solar Power|[of] p1a: Charizard
|upkeep
|turn|7
|
|t:|1759049308
|move|p2a: Pikachu|Quick Attack|p1a: Charizard
|-damage|p1a: Charizard|0 fnt
|faint|p1a: Charizard
|
|-weather|SunnyDay|[upkeep]
|upkeep
|
|t:|1759049316
|switch|p1a: Jirachi|Jirachi|100/100
|turn|8
|
|t:|1759049321
|move|p2a: Pikachu|Volt Tackle|p1a: Jirachi
|-damage|p1a: Jirachi|31/100
|-damage|p2a: Pikachu|57/100|[from] Recoil
|move|p1a: Jirachi|Doom Desire|p2a: Pikachu
|-start|p1a: Jirachi|Doom Desire
|
|-weather|none
|upkeep
|turn|9
|
|t:|1759049330
|move|p2a: Pikachu|Volt Tackle|p1a: Jirachi
|-damage|p1a: Jirachi|0 fnt
|faint|p1a: Jirachi
|-damage|p2a: Pikachu|38/100|[from] Recoil
|
|upkeep
|
|t:|1759049337
|switch|p1a: Arboliva|Arboliva, M|100/100
|turn|10
|
|t:|1759049341
|move|p2a: Pikachu|Volt Tackle|p1a: Arboliva
|-resisted|p1a: Arboliva
|-damage|p1a: Arboliva|60/100
|-damage|p2a: Pikachu|19/100|[from] Recoil
|move|p1a: Arboliva|Earth Power|p2a: Pikachu
|-supereffective|p2a: Pikachu
|-damage|p2a: Pikachu|0 fnt
|faint|p2a: Pikachu
|
|-hint|Doom Desire did not hit because the target is fainted.
|upkeep
|
|t:|1759049351
|switch|p2a: Meowscarada|Meowscarada, F, shiny|100/100
|turn|11
|
|t:|1759049358
|switch|p1a: Ninetales|Ninetales, M|64/100
|-weather|SunnyDay|[from] ability: Drought|[of] p1a: Ninetales
|move|p2a: Meowscarada|U-turn|p1a: Ninetales
|-start|p2a: Meowscarada|typechange|Bug|[from] ability: Protean
|-resisted|p1a: Ninetales
|-damage|p1a: Ninetales|23/100
|
|t:|1759049367
|switch|p2a: Krookodile|Krookodile, M, shiny|100/100|[from] U-turn
|
|-weather|SunnyDay|[upkeep]
|upkeep
|turn|12
|
|t:|1759049376
|move|p2a: Krookodile|Crunch|p1a: Ninetales
|-damage|p1a: Ninetales|0 fnt
|faint|p1a: Ninetales
|-ability|p2a: Krookodile|Moxie|boost
|-boost|p2a: Krookodile|atk|1
|
|-weather|SunnyDay|[upkeep]
|upkeep
|
|t:|1759049383
|switch|p1a: Tropius|Tropius, F|100/100
|turn|13
|
|t:|1759049389
|move|p2a: Krookodile|Crunch|p1a: Tropius
|-damage|p1a: Tropius|41/100
|-unboost|p1a: Tropius|def|1
|-enditem|p1a: Tropius|Kee Berry|[eat]
|-boost|p1a: Tropius|def|1|[from] item: Kee Berry
|move|p1a: Tropius|Leech Seed|p2a: Krookodile
|-start|p2a: Krookodile|move: Leech Seed
|
|-weather|SunnyDay|[upkeep]
|-damage|p2a: Krookodile|88/100|[from] Leech Seed|[of] p1a: Tropius
|-heal|p1a: Tropius|53/100|[silent]
|-item|p1a: Tropius|Kee Berry|[from] ability: Harvest
|upkeep
|turn|14
|
|t:|1759049404
|move|p2a: Krookodile|Crunch|p1a: Tropius
|-damage|p1a: Tropius|0 fnt
|faint|p1a: Tropius
|-ability|p2a: Krookodile|Moxie|boost
|-boost|p2a: Krookodile|atk|1
|
|-weather|SunnyDay|[upkeep]
|upkeep
|
|t:|1759049410
|switch|p1a: Arboliva|Arboliva, M|60/100
|turn|15
|
|t:|1759049414
|move|p2a: Krookodile|Crunch|p1a: Arboliva
|-damage|p1a: Arboliva|0 fnt
|faint|p1a: Arboliva
|
|win|Decadeking
|raw|razer534's rating: 1104 &rarr; <strong>1079</strong><br />(-25 for losing)
|raw|Decadeking's rating: 1108 &rarr; <strong>1133</strong><br />(+25 for winning)
|l|☆razer534
|player|p1|
|l|☆Decadeking
|player|p2|
