|j|☆Yourragez
|j|☆biglilcuh
|t:|1759026042
|gametype|singles
|player|p1|Yourragez|101|1459
|player|p2|biglilcuh|veteran|1455
|gen|9
|tier|[Gen 9] OU
|rated|
|rule|HP Percentage Mod: HP is shown in percentages
|rule|Endless Battle Clause: Forcing endless battles is banned
|rule|Species Clause: Limit one of each Pokémon
|rule|OHKO Clause: OHKO moves are banned
|rule|Evasion Items Clause: Evasion items are banned
|rule|Evasion Moves Clause: Evasion moves are banned
|rule|Evasion Abilities Clause: Evasion abilities are banned
|rule|Sleep Moves Clause: Sleep-inducing moves are banned
|clearpoke
|poke|p1|Pikachu, M|
|poke|p1|Keldeo-Resolute|
|poke|p1|Iron Treads|
|poke|p1|Moltres|
|poke|p1|Sinistcha|
|poke|p1|Slowking-Galar, F|
|poke|p2|Hoopa-Unbound|
|poke|p2|Corviknight, M|
|poke|p2|Latios, M|
|poke|p2|Amoonguss, F|
|poke|p2|Tyranitar, F|
|poke|p2|Keldeo-Resolute|
|teampreview
|
|t:|1759026060
|teamsize|p1|6
|teamsize|p2|6
|start
|switch|p1a: Slowking|Slowking-Galar, F|100/100
|switch|p2a: Latios|Latios, M|100/100
|turn|1
|
|t:|1759026066
|move|p2a: Latios|Luster Purge|p1a: Slowking
|-damage|p1a: Slowking|69/100
|move|p1a: Slowking|Thunder Wave|p2a: Latios
|-status|p2a: Latios|par
|
|upkeep
|turn|2
|
|t:|1759026070
|cant|p2a: Latios|par
|move|p1a: Slowking|Future Sight|p2a: Latios
|-start|p1a: Slowking|move: Future Sight
|
|upkeep
|turn|3
|
|t:|1759026073
|move|p2a: Latios|Luster Purge|p1a: Slowking
|-damage|p1a: Slowking|39/100
|-unboost|p1a: Slowking|spd|1
|-prepare|p1a: Slowking|Chilly Reception|[premajor]
|move|p1a: Slowking|Chilly Reception|p1a: Slowking
|-weather|Snowscape
|inactive|Battle timer is ON: inactive players will automatically lose when time's up. (requested by biglilcuh)
|
|t:|1759026083
|switch|p1a: Iron Treads|Iron Treads|100/100|[from] Chilly Reception
|
|-weather|Snowscape|[upkeep]
|upkeep
|turn|4
|
|t:|1759026088
|move|p1a: Iron Treads|Knock Off|p2a: Latios
|-supereffective|p2a: Latios
|-damage|p2a: Latios|37/100 par
|-enditem|p2a: Latios|Choice Scarf|[from] move: Knock Off|[of] p1a: Iron Treads
|cant|p2a: Latios|par
|
|-weather|Snowscape|[upkeep]
|-end|p2a: Latios|move: Future Sight
|-resisted|p2a: Latios
|-damage|p2a: Latios|13/100 par
|upkeep
|turn|5
|
|t:|1759026094
|move|p1a: Iron Treads|Stealth Rock|p2a: Latios
|-sidestart|p2: biglilcuh|move: Stealth Rock
|cant|p2a: Latios|par
|
|-weather|Snowscape|[upkeep]
|upkeep
|turn|6
|
|t:|1759026098
|move|p1a: Iron Treads|Rapid Spin|p2a: Latios
|-damage|p2a: Latios|0 fnt
|-boost|p1a: Iron Treads|spe|1
|faint|p2a: Latios
|
|-weather|Snowscape|[upkeep]
|upkeep
|
|t:|1759026102
|switch|p2a: Corviknight|Corviknight, M|100/100
|-damage|p2a: Corviknight|88/100|[from] Stealth Rock
|-ability|p2a: Corviknight|Pressure
|turn|7
|
|t:|1759026106
|move|p1a: Iron Treads|Knock Off|p2a: Corviknight
|-crit|p2a: Corviknight
|-damage|p2a: Corviknight|60/100
|-damage|p1a: Iron Treads|84/100|[from] item: Rocky Helmet|[of] p2a: Corviknight
|-enditem|p2a: Corviknight|Rocky Helmet|[from] move: Knock Off|[of] p1a: Iron Treads
|move|p2a: Corviknight|Defog|p1a: Iron Treads
|-unboost|p1a: Iron Treads|evasion|1
|-sideend|p2: biglilcuh|Stealth Rock|[from] move: Defog|[of] p2a: Corviknight
|
|-weather|none
|-heal|p1a: Iron Treads|90/100|[from] item: Leftovers
|upkeep
|turn|8
|
|t:|1759026114
|-end|p1a: Iron Treads|Quark Drive|[silent]
|switch|p1a: Keldeo|Keldeo-Resolute|100/100
|move|p2a: Corviknight|Roost|p2a: Corviknight
|-heal|p2a: Corviknight|100/100
|-singleturn|p2a: Corviknight|move: Roost
|
|upkeep
|turn|9
|
|t:|1759026123
|switch|p2a: Amoonguss|Amoonguss, F|100/100
|move|p1a: Keldeo|Surf|p2a: Amoonguss
|-resisted|p2a: Amoonguss
|-damage|p2a: Amoonguss|71/100
|
|upkeep
|turn|10
|
|t:|1759026138
|switch|p1a: Slowking|Slowking-Galar, F|72/100
|move|p2a: Amoonguss|Foul Play|p1a: Slowking
|-supereffective|p1a: Slowking
|-damage|p1a: Slowking|39/100
|
|upkeep
|turn|11
|
|t:|1759026144
|switch|p2a: Hoopa|Hoopa-Unbound|100/100
|move|p1a: Slowking|Future Sight|p2a: Hoopa
|-start|p1a: Slowking|move: Future Sight
|
|upkeep
|turn|12
|
|t:|1759026152
|switch|p1a: Moltres|Moltres|100/100
|move|p2a: Hoopa|Knock Off|p1a: Moltres
|-damage|p1a: Moltres|65/100
|-enditem|p1a: Moltres|Heavy-Duty Boots|[from] move: Knock Off|[of] p2a: Hoopa
|
|upkeep
|turn|13
|
|t:|1759026160
|move|p2a: Hoopa|Thunderbolt|p1a: Moltres
|-supereffective|p1a: Moltres
|-damage|p1a: Moltres|0 fnt
|faint|p1a: Moltres
|
|-end|p2a: Hoopa|move: Future Sight
|-immune|p2a: Hoopa
|upkeep
|
|t:|1759026189
|switch|p1a: Sinistcha|Sinistcha|100/100
|turn|14
|
|t:|1759026192
|move|p2a: Hoopa|Knock Off|p1a: Sinistcha
|-supereffective|p1a: Sinistcha
|-damage|p1a: Sinistcha|18/100
|-enditem|p1a: Sinistcha|Leftovers|[from] move: Knock Off|[of] p2a: Hoopa
|move|p1a: Sinistcha|Strength Sap|p2a: Hoopa
|-unboost|p2a: Hoopa|atk|1
|-heal|p1a: Sinistcha|100/100
|
|upkeep
|turn|15
|
|t:|1759026197
|move|p2a: Hoopa|Psychic Noise|p1a: Sinistcha
|-damage|p1a: Sinistcha|47/100
|-start|p1a: Sinistcha|move: Heal Block
|move|p1a: Sinistcha|Calm Mind|p1a: Sinistcha
|-boost|p1a: Sinistcha|spa|1
|-boost|p1a: Sinistcha|spd|1
|
|upkeep
|turn|16
|
|t:|1759026208
|move|p2a: Hoopa|Psychic Noise|p1a: Sinistcha
|-damage|p1a: Sinistcha|10/100
|move|p1a: Sinistcha|Shadow Ball|p2a: Hoopa
|-damage|p2a: Hoopa|78/100
|
|-end|p1a: Sinistcha|move: Heal Block
|upkeep
|turn|17
|
|t:|1759026216
|move|p2a: Hoopa|Psychic Noise|p1a: Sinistcha
|-damage|p1a: Sinistcha|0 fnt
|faint|p1a: Sinistcha
|
|upkeep
|
|t:|1759026219
|switch|p1a: Keldeo|Keldeo-Resolute|100/100
|turn|18
|
|t:|1759026223
|-terastallize|p1a: Keldeo|Fighting
|move|p1a: Keldeo|Vacuum Wave|p2a: Hoopa
|-damage|p2a: Hoopa|59/100
|move|p2a: Hoopa|Psychic Noise|p1a: Keldeo
|-supereffective|p1a: Keldeo
|-damage|p1a: Keldeo|7/100
|-start|p1a: Keldeo|move: Heal Block
|
|upkeep
|turn|19
|
|t:|1759026231
|switch|p1a: Iron Treads|Iron Treads|90/100
|move|p2a: Hoopa|Knock Off|p1a: Iron Treads
|-damage|p1a: Iron Treads|64/100
|-enditem|p1a: Iron Treads|Leftovers|[from] move: Knock Off|[of] p2a: Hoopa
|
|upkeep
|turn|20
|
|t:|1759026235
|switch|p2a: Corviknight|Corviknight, M|100/100
|-ability|p2a: Corviknight|Pressure
|move|p1a: Iron Treads|Stealth Rock|p2a: Corviknight
|-sidestart|p2: biglilcuh|move: Stealth Rock
|
|upkeep
|turn|21
|
|t:|1759026243
|-end|p1a: Iron Treads|Quark Drive|[silent]
|switch|p1a: Pikachu|Pikachu, M|100/100
|move|p2a: Corviknight|Defog|p1a: Pikachu
|-unboost|p1a: Pikachu|evasion|1
|-sideend|p2: biglilcuh|Stealth Rock|[from] move: Defog|[of] p2a: Corviknight
|
|upkeep
|turn|22
|
|t:|1759026249
|switch|p2a: Tyranitar|Tyranitar, F|100/100
|-weather|Sandstorm|[from] ability: Sand Stream|[of] p2a: Tyranitar
|move|p1a: Pikachu|Volt Switch|p2a: Tyranitar
|-damage|p2a: Tyranitar|79/100
|
|t:|1759026253
|switch|p1a: Keldeo|Keldeo-Resolute, tera:Fighting|7/100|[from] Volt Switch
|
|-weather|Sandstorm|[upkeep]
|-damage|p1a: Keldeo|1/100|[from] Sandstorm
|upkeep
|turn|23
|
|t:|1759026257
|switch|p2a: Amoonguss|Amoonguss, F|100/100
|move|p1a: Keldeo|Secret Sword|p2a: Amoonguss
|-resisted|p2a: Amoonguss
|-damage|p2a: Amoonguss|67/100
|
|-weather|Sandstorm|[upkeep]
|-damage|p1a: Keldeo|0 fnt|[from] Sandstorm
|-damage|p2a: Amoonguss|61/100|[from] Sandstorm
|faint|p1a: Keldeo
|upkeep
|
|t:|1759026261
|switch|p1a: Slowking|Slowking-Galar, F|73/100
|turn|24
|
|t:|1759026264
|switch|p2a: Hoopa|Hoopa-Unbound|59/100
|move|p1a: Slowking|Future Sight|p2a: Hoopa
|-start|p1a: Slowking|move: Future Sight
|
|-weather|Sandstorm|[upkeep]
|-damage|p2a: Hoopa|53/100|[from] Sandstorm
|-damage|p1a: Slowking|66/100|[from] Sandstorm
|upkeep
|turn|25
|
|t:|1759026270
|move|p2a: Hoopa|Drain Punch|p1a: Slowking
|-resisted|p1a: Slowking
|-damage|p1a: Slowking|59/100
|-heal|p2a: Hoopa|58/100|[from] drain|[of] p1a: Slowking
|move|p1a: Slowking|Thunder Wave|p2a: Hoopa|[miss]
|-miss|p1a: Slowking|p2a: Hoopa
|
|-weather|Sandstorm|[upkeep]
|-damage|p2a: Hoopa|52/100|[from] Sandstorm
|-damage|p1a: Slowking|53/100|[from] Sandstorm
|upkeep
|turn|26
|
|t:|1759026277
|move|p2a: Hoopa|Knock Off|p1a: Slowking
|-supereffective|p1a: Slowking
|-damage|p1a: Slowking|0 fnt
|-enditem|p1a: Slowking|Heavy-Duty Boots|[from] move: Knock Off|[of] p2a: Hoopa
|faint|p1a: Slowking
|
|-weather|none
|-end|p2a: Hoopa|move: Future Sight
|-immune|p2a: Hoopa
|upkeep
|
|t:|1759026280
|switch|p1a: Pikachu|Pikachu, M|100/100
|turn|27
|
|t:|1759026283
|move|p1a: Pikachu|Alluring Voice|p2a: Hoopa
|-supereffective|p2a: Hoopa
|-damage|p2a: Hoopa|22/100
|move|p2a: Hoopa|Knock Off|p1a: Pikachu
|-damage|p1a: Pikachu|0 fnt
|-enditem|p1a: Pikachu|Light Ball|[from] move: Knock Off|[of] p2a: Hoopa
|faint|p1a: Pikachu
|
|upkeep
|
|t:|1759026288
|switch|p1a: Iron Treads|Iron Treads|64/100
|turn|28
|
|t:|1759026294
|move|p1a: Iron Treads|Knock Off|p2a: Hoopa
|-damage|p2a: Hoopa|0 fnt
|-enditem|p2a: Hoopa|Assault Vest|[from] move: Knock Off|[of] p1a: Iron Treads
|faint|p2a: Hoopa
|
|upkeep
|
|t:|1759026298
|switch|p2a: Corviknight|Corviknight, M|100/100
|-ability|p2a: Corviknight|Pressure
|turn|29
|inactive|Yourragez has 120 seconds left.
|l|☆Yourragez
|inactive|Yourragez disconnected and has a minute to reconnect!
|player|p1|
|inactive|Yourragez has 30 seconds to reconnect!
|inactive|Yourragez has 20 seconds to reconnect!
|inactive|Yourragez has 15 seconds to reconnect!
|inactive|Yourragez has 10 seconds to reconnect!
|inactive|Yourragez has 5 seconds to reconnect!
|-message|Yourragez lost due to inactivity.
|
|win|biglilcuh
|raw|Yourragez's rating: 1459 &rarr; <strong>1439</strong><br />(-20 for losing)
|raw|biglilcuh's rating: 1455 &rarr; <strong>1475</strong><br />(+20 for winning)
|l|☆biglilcuh
|player|p2|
