|j|☆Luisao
|j|☆Tt2041
|t:|1759022608
|gametype|singles
|player|p1|Luisao|265|1405
|player|p2|Tt2041|dawn|1542
|gen|9
|tier|[Gen 9] OU
|rated|
|rule|HP Percentage Mod: HP is shown in percentages
|rule|Endless Battle Clause: Forcing endless battles is banned
|rule|Species Clause: Limit one of each Pokémon
|rule|OHKO Clause: OHKO moves are banned
|rule|Evasion Items Clause: Evasion items are banned
|rule|Evasion Moves Clause: Evasion moves are banned
|rule|Evasion Abilities Clause: Evasion abilities are banned
|rule|Sleep Moves Clause: Sleep-inducing moves are banned
|clearpoke
|poke|p1|Dragonite, M|
|poke|p1|Serperior, F|
|poke|p1|Donphan, M|
|poke|p1|Medicham, M|
|poke|p1|Scizor, M|
|poke|p1|Gengar, M|
|poke|p2|Gliscor, M|
|poke|p2|Ting-Lu|
|poke|p2|Meowscarada, F|
|poke|p2|Pecharunt|
|poke|p2|Zapdos|
|poke|p2|Volcanion|
|teampreview
|inactive|Battle timer is ON: inactive players will automatically lose when time's up. (requested by Luisao)
|
|t:|1759022621
|teamsize|p1|6
|teamsize|p2|6
|start
|switch|p1a: Medicham|Medicham, M, shiny|100/100
|switch|p2a: Gliscor|Gliscor, M|100/100
|turn|1
|
|t:|1759022627
|move|p2a: Gliscor|Protect|p2a: Gliscor
|-singleturn|p2a: Gliscor|Protect
|move|p1a: Medicham|Ice Punch|p2a: Gliscor
|-activate|p2a: Gliscor|move: Protect
|
|-status|p2a: Gliscor|tox|[from] item: Toxic Orb
|upkeep
|turn|2
|
|t:|1759022636
|switch|p2a: Pecharunt|Pecharunt|100/100
|move|p1a: Medicham|High Jump Kick|p2a: Pecharunt
|-immune|p2a: Pecharunt
|-damage|p1a: Medicham|50/100|[from] highjumpkick
|
|upkeep
|turn|3
|
|t:|1759022645
|switch|p1a: Gengar|Gengar, M, shiny|100/100
|switch|p2a: Gliscor|Gliscor, M|100/100 tox
|
|upkeep
|turn|4
|
|t:|1759022654
|switch|p1a: Donphan|Donphan, M|100/100
|move|p2a: Gliscor|Stealth Rock|p1a: Donphan
|-sidestart|p1: Luisao|move: Stealth Rock
|
|upkeep
|turn|5
|
|t:|1759022660
|move|p1a: Donphan|Ice Shard|p2a: Gliscor
|-supereffective|p2a: Gliscor
|-damage|p2a: Gliscor|63/100 tox
|move|p2a: Gliscor|U-turn|p1a: Donphan
|-damage|p1a: Donphan|89/100
|
|t:|1759022666
|switch|p2a: Volcanion|Volcanion|100/100|[from] U-turn
|
|-heal|p1a: Donphan|95/100|[from] item: Leftovers
|upkeep
|turn|6
|
|t:|1759022672
|move|p2a: Volcanion|Steam Eruption|p1a: Donphan
|-supereffective|p1a: Donphan
|-damage|p1a: Donphan|0 fnt
|faint|p1a: Donphan
|
|upkeep
|
|t:|1759022678
|switch|p1a: Serperior|Serperior, F, shiny|100/100
|-damage|p1a: Serperior|88/100|[from] Stealth Rock
|turn|7
|
|t:|1759022686
|move|p1a: Serperior|Leaf Storm|p2a: Volcanion
|-damage|p2a: Volcanion|63/100
|-boost|p1a: Serperior|spa|2
|move|p2a: Volcanion|Flamethrower|p1a: Serperior
|-supereffective|p1a: Serperior
|-damage|p1a: Serperior|0 fnt
|faint|p1a: Serperior
|
|upkeep
|
|t:|1759022696
|switch|p1a: Medicham|Medicham, M, shiny|50/100
|-damage|p1a: Medicham|44/100|[from] Stealth Rock
|turn|8
|
|t:|1759022714
|switch|p2a: Gliscor|Gliscor, M|63/100 tox
|move|p1a: Medicham|Ice Punch|p2a: Gliscor
|-supereffective|p2a: Gliscor
|-damage|p2a: Gliscor|0 fnt
|faint|p2a: Gliscor
|-damage|p1a: Medicham|34/100|[from] item: Life Orb
|
|upkeep
|
|t:|1759022725
|switch|p2a: Meowscarada|Meowscarada, F|100/100
|turn|9
|
|t:|1759022733
|move|p1a: Medicham|Bullet Punch|p2a: Meowscarada
|-damage|p2a: Meowscarada|63/100
|-damage|p1a: Medicham|25/100|[from] item: Life Orb
|move|p2a: Meowscarada|Knock Off|p1a: Medicham
|-start|p2a: Meowscarada|typechange|Dark|[from] ability: Protean
|-damage|p1a: Medicham|0 fnt
|-enditem|p1a: Medicham|Life Orb|[from] move: Knock Off|[of] p2a: Meowscarada
|faint|p1a: Medicham
|
|upkeep
|
|t:|1759022745
|switch|p1a: Scizor|Scizor, M|100/100
|-damage|p1a: Scizor|88/100|[from] Stealth Rock
|turn|10
|
|t:|1759022749
|switch|p2a: Pecharunt|Pecharunt|100/100
|move|p1a: Scizor|Pounce|p2a: Pecharunt
|-resisted|p2a: Pecharunt
|-damage|p2a: Pecharunt|94/100
|-unboost|p2a: Pecharunt|spe|1
|-damage|p1a: Scizor|78/100|[from] item: Life Orb
|
|upkeep
|turn|11
|
|t:|1759022759
|move|p1a: Scizor|Dual Wingbeat|p2a: Pecharunt
|-damage|p2a: Pecharunt|79/100
|-damage|p2a: Pecharunt|66/100
|-hitcount|p2a: Pecharunt|2
|-damage|p1a: Scizor|68/100|[from] item: Life Orb
|move|p2a: Pecharunt|Parting Shot|p1a: Scizor
|-unboost|p1a: Scizor|atk|1
|-unboost|p1a: Scizor|spa|1
|
|t:|1759022769
|switch|p2a: Meowscarada|Meowscarada, F|63/100|[from] Parting Shot
|
|upkeep
|turn|12
|
|t:|1759022775
|move|p2a: Meowscarada|U-turn|p1a: Scizor
|-start|p2a: Meowscarada|typechange|Bug|[from] ability: Protean
|-resisted|p1a: Scizor
|-damage|p1a: Scizor|51/100
|
|t:|1759022779
|switch|p2a: Pecharunt|Pecharunt|66/100|[from] U-turn
|move|p1a: Scizor|Pounce|p2a: Pecharunt
|-resisted|p2a: Pecharunt
|-damage|p2a: Pecharunt|62/100
|-unboost|p2a: Pecharunt|spe|1
|-damage|p1a: Scizor|41/100|[from] item: Life Orb
|
|upkeep
|turn|13
|
|t:|1759022794
|switch|p1a: Gengar|Gengar, M, shiny|100/100
|-damage|p1a: Gengar|88/100|[from] Stealth Rock
|move|p2a: Pecharunt|Recover|p2a: Pecharunt
|-heal|p2a: Pecharunt|100/100
|
|upkeep
|turn|14
|
|t:|1759022805
|switch|p2a: Ting-Lu|Ting-Lu|100/100
|-ability|p2a: Ting-Lu|Vessel of Ruin
|move|p1a: Gengar|Shadow Ball|p2a: Ting-Lu
|-resisted|p2a: Ting-Lu
|-damage|p2a: Ting-Lu|91/100
|
|-heal|p2a: Ting-Lu|97/100|[from] item: Leftovers
|upkeep
|turn|15
|
|t:|1759022820
|switch|p1a: Scizor|Scizor, M|41/100
|-damage|p1a: Scizor|28/100|[from] Stealth Rock
|move|p2a: Ting-Lu|Spikes|p1a: Scizor
|-sidestart|p1: Luisao|Spikes
|
|-heal|p2a: Ting-Lu|100/100|[from] item: Leftovers
|upkeep
|turn|16
|
|t:|1759022832
|switch|p2a: Pecharunt|Pecharunt|100/100
|move|p1a: Scizor|Pounce|p2a: Pecharunt
|-resisted|p2a: Pecharunt
|-damage|p2a: Pecharunt|94/100
|-unboost|p2a: Pecharunt|spe|1
|-damage|p1a: Scizor|19/100|[from] item: Life Orb
|
|upkeep
|turn|17
|
|t:|1759022845
|move|p1a: Scizor|Bullet Punch|p2a: Pecharunt
|-damage|p2a: Pecharunt|71/100
|-damage|p1a: Scizor|9/100|[from] item: Life Orb
|move|p2a: Pecharunt|Parting Shot|p1a: Scizor
|-unboost|p1a: Scizor|atk|1
|-unboost|p1a: Scizor|spa|1
|
|t:|1759022852
|switch|p2a: Meowscarada|Meowscarada, F|63/100|[from] Parting Shot
|
|upkeep
|turn|18
|
|t:|1759022858
|switch|p2a: Pecharunt|Pecharunt|71/100
|move|p1a: Scizor|Bullet Punch|p2a: Pecharunt
|-damage|p2a: Pecharunt|58/100
|-damage|p1a: Scizor|0 fnt|[from] item: Life Orb
|faint|p1a: Scizor
|
|upkeep
|
|t:|1759022866
|switch|p1a: Gengar|Gengar, M, shiny|88/100
|-damage|p1a: Gengar|76/100|[from] Stealth Rock
|-damage|p1a: Gengar|64/100|[from] Spikes
|turn|19
|
|t:|1759022874
|switch|p2a: Ting-Lu|Ting-Lu|100/100
|-ability|p2a: Ting-Lu|Vessel of Ruin
|move|p1a: Gengar|Shadow Ball|p2a: Ting-Lu
|-resisted|p2a: Ting-Lu
|-damage|p2a: Ting-Lu|91/100
|
|-heal|p2a: Ting-Lu|97/100|[from] item: Leftovers
|upkeep
|turn|20
|
|t:|1759022889
|move|p1a: Gengar|Sludge Wave|p2a: Ting-Lu
|-resisted|p2a: Ting-Lu
|-damage|p2a: Ting-Lu|87/100
|move|p2a: Ting-Lu|Spikes|p1a: Gengar
|-sidestart|p1: Luisao|Spikes
|
|-heal|p2a: Ting-Lu|93/100|[from] item: Leftovers
|upkeep
|turn|21
|
|t:|1759022898
|move|p1a: Gengar|Nasty Plot|p1a: Gengar
|-boost|p1a: Gengar|spa|2
|move|p2a: Ting-Lu|Spikes|p1a: Gengar
|-sidestart|p1: Luisao|Spikes
|
|-heal|p2a: Ting-Lu|99/100|[from] item: Leftovers
|upkeep
|turn|22
|
|t:|1759022906
|move|p1a: Gengar|Shadow Ball|p2a: Ting-Lu
|-resisted|p2a: Ting-Lu
|-damage|p2a: Ting-Lu|82/100
|-unboost|p2a: Ting-Lu|spd|1
|move|p2a: Ting-Lu|Whirlwind|p1a: Gengar
|drag|p1a: Dragonite|Dragonite, M|100/100
|-damage|p1a: Dragonite|75/100|[from] Stealth Rock
|
|-heal|p1a: Dragonite|82/100|[from] item: Leftovers
|-heal|p2a: Ting-Lu|89/100|[from] item: Leftovers
|upkeep
|turn|23
|
|t:|1759022918
|move|p1a: Dragonite|Dragon Dance|p1a: Dragonite
|-boost|p1a: Dragonite|atk|1
|-boost|p1a: Dragonite|spe|1
|move|p2a: Ting-Lu|Whirlwind|p1a: Dragonite
|drag|p1a: Gengar|Gengar, M, shiny|64/100
|-damage|p1a: Gengar|52/100|[from] Stealth Rock
|-damage|p1a: Gengar|27/100|[from] Spikes
|
|-heal|p2a: Ting-Lu|95/100|[from] item: Leftovers
|upkeep
|turn|24
|-message|Luisao forfeited.
|
|win|Tt2041
|raw|Luisao's rating: 1405 &rarr; <strong>1393</strong><br />(-12 for losing)
|raw|Tt2041's rating: 1542 &rarr; <strong>1554</strong><br />(+12 for winning)
|l|☆Luisao
|player|p1|
|l|☆Tt2041
|player|p2|
