|j|☆G-lolo-69
|j|☆potipot
|t:|1758979796
|gametype|singles
|player|p1|G-lolo-69|swimmerf-gen4|1164
|player|p2|potipot|psychic-gen4|1182
|gen|9
|tier|[Gen 9] OU
|rated|
|rule|HP Percentage Mod: HP is shown in percentages
|rule|Endless Battle Clause: Forcing endless battles is banned
|rule|Species Clause: Limit one of each Pokémon
|rule|OHKO Clause: OHKO moves are banned
|rule|Evasion Items Clause: Evasion items are banned
|rule|Evasion Moves Clause: Evasion moves are banned
|rule|Evasion Abilities Clause: Evasion abilities are banned
|rule|Sleep Moves Clause: Sleep-inducing moves are banned
|clearpoke
|poke|p1|Moltres-Galar|
|poke|p1|Araquanid, F|
|poke|p1|Ogerpon-Wellspring, F|
|poke|p1|Zapdos|
|poke|p1|Ceruledge, F|
|poke|p1|Landorus-Therian, M|
|poke|p2|Forretress, F|
|poke|p2|Skeledirge, F|
|poke|p2|Cloyster, M|
|poke|p2|Shaymin|
|poke|p2|Slither Wing|
|poke|p2|Primarina, M|
|teampreview
|inactive|Battle timer is ON: inactive players will automatically lose when time's up. (requested by potipot)
|
|t:|1758979800
|teamsize|p1|6
|teamsize|p2|6
|start
|switch|p1a: Araquanid|Araquanid, F|100/100
|switch|p2a: Forretress|Forretress, F, shiny|100/100
|turn|1
|
|t:|1758979807
|move|p1a: Araquanid|Sticky Web|p2a: Forretress
|-sidestart|p2: potipot|move: Sticky Web
|move|p2a: Forretress|Stealth Rock|p1a: Araquanid
|-sidestart|p1: G-lolo-69|move: Stealth Rock
|
|upkeep
|turn|2
|
|t:|1758979819
|switch|p1a: Landorus|Landorus-Therian, M|100/100
|-damage|p1a: Landorus|88/100|[from] Stealth Rock
|-ability|p1a: Landorus|Intimidate|boost
|-unboost|p2a: Forretress|atk|1
|move|p2a: Forretress|Toxic Spikes|p1a: Landorus
|-sidestart|p1: G-lolo-69|move: Toxic Spikes
|
|upkeep
|turn|3
|
|t:|1758979831
|move|p1a: Landorus|Earthquake|p2a: Forretress
|-damage|p2a: Forretress|71/100
|move|p2a: Forretress|Rapid Spin|p1a: Landorus
|-damage|p1a: Landorus|80/100
|-boost|p2a: Forretress|spe|1
|-damage|p2a: Forretress|54/100|[from] item: Rocky Helmet|[of] p1a: Landorus
|-sideend|p2: potipot|Sticky Web|[from] move: Rapid Spin|[of] p2a: Forretress
|
|upkeep
|turn|4
|
|t:|1758979841
|switch|p2a: Shaymin|Shaymin, shiny|100/100
|move|p1a: Landorus|Earthquake|p2a: Shaymin
|-resisted|p2a: Shaymin
|-damage|p2a: Shaymin|78/100
|
|-heal|p2a: Shaymin|84/100|[from] item: Leftovers
|upkeep
|turn|5
|
|t:|1758979850
|move|p1a: Landorus|U-turn|p2a: Shaymin
|-supereffective|p2a: Shaymin
|-damage|p2a: Shaymin|37/100
|
|t:|1758979854
|switch|p1a: Araquanid|Araquanid, F|100/100|[from] U-turn
|-damage|p1a: Araquanid|76/100|[from] Stealth Rock
|-status|p1a: Araquanid|psn
|move|p2a: Shaymin|Leech Seed|p1a: Araquanid
|-start|p1a: Araquanid|move: Leech Seed
|
|-heal|p2a: Shaymin|44/100|[from] item: Leftovers
|-damage|p1a: Araquanid|63/100 psn|[from] Leech Seed|[of] p2a: Shaymin
|-heal|p2a: Shaymin|52/100|[silent]
|-damage|p1a: Araquanid|51/100 psn|[from] psn
|upkeep
|turn|6
|
|t:|1758979867
|move|p2a: Shaymin|Substitute|p2a: Shaymin
|-start|p2a: Shaymin|Substitute
|-damage|p2a: Shaymin|27/100
|move|p1a: Araquanid|Lunge|p2a: Shaymin
|-supereffective|p2a: Shaymin
|-end|p2a: Shaymin|Substitute
|
|-heal|p2a: Shaymin|33/100|[from] item: Leftovers
|-damage|p1a: Araquanid|39/100 psn|[from] Leech Seed|[of] p2a: Shaymin
|-heal|p2a: Shaymin|42/100|[silent]
|-damage|p1a: Araquanid|26/100 psn|[from] psn
|upkeep
|turn|7
|
|t:|1758979880
|move|p2a: Shaymin|Protect|p2a: Shaymin
|-singleturn|p2a: Shaymin|Protect
|move|p1a: Araquanid|Lunge|p2a: Shaymin
|-activate|p2a: Shaymin|move: Protect
|
|-heal|p2a: Shaymin|48/100|[from] item: Leftovers
|-damage|p1a: Araquanid|14/100 psn|[from] Leech Seed|[of] p2a: Shaymin
|-heal|p2a: Shaymin|56/100|[silent]
|-damage|p1a: Araquanid|2/100 psn|[from] psn
|upkeep
|-enditem|p1a: Araquanid|Salac Berry|[eat]
|-boost|p1a: Araquanid|spe|1|[from] item: Salac Berry
|turn|8
|
|t:|1758979895
|move|p1a: Araquanid|Lunge|p2a: Shaymin
|-supereffective|p2a: Shaymin
|-damage|p2a: Shaymin|12/100
|-unboost|p2a: Shaymin|atk|1
|move|p2a: Shaymin|Energy Ball|p1a: Araquanid
|-damage|p1a: Araquanid|0 fnt
|faint|p1a: Araquanid
|
|-heal|p2a: Shaymin|18/100|[from] item: Leftovers
|upkeep
|
|t:|1758979909
|switch|p1a: Moltres|Moltres-Galar|100/100
|-damage|p1a: Moltres|76/100|[from] Stealth Rock
|turn|9
|
|t:|1758979916
|move|p2a: Shaymin|Protect|p2a: Shaymin
|-singleturn|p2a: Shaymin|Protect
|move|p1a: Moltres|Substitute|p1a: Moltres
|-start|p1a: Moltres|Substitute
|-damage|p1a: Moltres|51/100
|
|-heal|p1a: Moltres|57/100|[from] item: Leftovers
|-heal|p2a: Shaymin|24/100|[from] item: Leftovers
|upkeep
|turn|10
|
|t:|1758979925
|move|p1a: Moltres|Nasty Plot|p1a: Moltres
|-boost|p1a: Moltres|spa|2
|move|p2a: Shaymin|Leech Seed||[still]
|-fail|p2a: Shaymin
|
|-heal|p1a: Moltres|63/100|[from] item: Leftovers
|-heal|p2a: Shaymin|30/100|[from] item: Leftovers
|upkeep
|turn|11
|
|t:|1758979935
|move|p1a: Moltres|Nasty Plot|p1a: Moltres
|-boost|p1a: Moltres|spa|2
|move|p2a: Shaymin|Energy Ball|p1a: Moltres
|-resisted|p1a: Moltres
|-activate|p1a: Moltres|move: Substitute|[damage]
|
|-heal|p1a: Moltres|69/100|[from] item: Leftovers
|-heal|p2a: Shaymin|36/100|[from] item: Leftovers
|upkeep
|turn|12
|
|t:|1758979947
|move|p1a: Moltres|Dark Pulse|p2a: Shaymin
|-damage|p2a: Shaymin|0 fnt
|faint|p2a: Shaymin
|
|-heal|p1a: Moltres|76/100|[from] item: Leftovers
|upkeep
|
|t:|1758979963
|switch|p2a: Cloyster|Cloyster, M, shiny|100/100
|turn|13
|
|t:|1758979967
|move|p1a: Moltres|Dark Pulse|p2a: Cloyster
|-enditem|p2a: Cloyster|Focus Sash
|-damage|p2a: Cloyster|1/100
|move|p2a: Cloyster|Shell Smash|p2a: Cloyster
|-unboost|p2a: Cloyster|def|1
|-unboost|p2a: Cloyster|spd|1
|-boost|p2a: Cloyster|atk|2
|-boost|p2a: Cloyster|spa|2
|-boost|p2a: Cloyster|spe|2
|
|-heal|p1a: Moltres|82/100|[from] item: Leftovers
|upkeep
|turn|14
|
|t:|1758979981
|move|p2a: Cloyster|Icicle Spear|p1a: Moltres
|-supereffective|p1a: Moltres
|-end|p1a: Moltres|Substitute
|-supereffective|p1a: Moltres
|-damage|p1a: Moltres|29/100
|-supereffective|p1a: Moltres
|-damage|p1a: Moltres|0 fnt
|faint|p1a: Moltres
|-hitcount|p1: Moltres|3
|
|upkeep
|
|t:|1758979989
|switch|p1a: Ceruledge|Ceruledge, F|100/100
|turn|15
|
|t:|1758979994
|move|p2a: Cloyster|Ice Shard|p1a: Ceruledge
|-resisted|p1a: Ceruledge
|-damage|p1a: Ceruledge|74/100
|move|p1a: Ceruledge|Shadow Sneak|p2a: Cloyster
|-damage|p2a: Cloyster|0 fnt
|faint|p2a: Cloyster
|
|upkeep
|
|t:|1758980011
|switch|p2a: Primarina|Primarina, M|100/100
|turn|16
|
|t:|1758980023
|-terastallize|p1a: Ceruledge|Grass
|move|p1a: Ceruledge|Swords Dance|p1a: Ceruledge
|-boost|p1a: Ceruledge|atk|2
|move|p2a: Primarina|Hyper Voice|p1a: Ceruledge
|-resisted|p1a: Ceruledge
|-damage|p1a: Ceruledge|44/100
|
|upkeep
|turn|17
|
|t:|1758980040
|move|p1a: Ceruledge|Poltergeist|p2a: Primarina
|-activate|p2a: Primarina|move: Poltergeist|Leftovers
|-damage|p2a: Primarina|0 fnt
|faint|p2a: Primarina
|
|upkeep
|
|t:|1758980047
|switch|p2a: Slither Wing|Slither Wing|100/100
|-enditem|p2a: Slither Wing|Booster Energy
|-activate|p2a: Slither Wing|ability: Protosynthesis|[fromitem]
|-start|p2a: Slither Wing|protosynthesisatk
|turn|18
|
|t:|1758980058
|move|p2a: Slither Wing|First Impression|p1a: Ceruledge
|-supereffective|p1a: Ceruledge
|-damage|p1a: Ceruledge|0 fnt
|faint|p1a: Ceruledge
|
|upkeep
|
|t:|1758980065
|switch|p1a: Landorus|Landorus-Therian, M|80/100
|-damage|p1a: Landorus|68/100|[from] Stealth Rock
|-ability|p1a: Landorus|Intimidate|boost
|-unboost|p2a: Slither Wing|atk|1
|turn|19
|
|t:|1758980078
|move|p1a: Landorus|Earthquake|p2a: Slither Wing
|-resisted|p2a: Slither Wing
|-damage|p2a: Slither Wing|60/100
|move|p2a: Slither Wing|Acrobatics|p1a: Landorus
|-damage|p1a: Landorus|28/100
|-damage|p2a: Slither Wing|44/100|[from] item: Rocky Helmet|[of] p1a: Landorus
|
|upkeep
|turn|20
|
|t:|1758980086
|move|p1a: Landorus|Earthquake|p2a: Slither Wing
|-resisted|p2a: Slither Wing
|-damage|p2a: Slither Wing|8/100
|move|p2a: Slither Wing|Acrobatics|p1a: Landorus
|-damage|p1a: Landorus|0 fnt
|-damage|p2a: Slither Wing|0 fnt|[from] item: Rocky Helmet|[of] p1a: Landorus
|faint|p1a: Landorus
|faint|p2a: Slither Wing
|-end|p2a: Slither Wing|Protosynthesis|[silent]
|
|upkeep
|
|t:|1758980104
|switch|p1a: Ogerpon|Ogerpon-Wellspring, F|100/100
|switch|p2a: Forretress|Forretress, F, shiny|54/100
|-damage|p1a: Ogerpon|88/100|[from] Stealth Rock
|-status|p1a: Ogerpon|psn
|turn|21
|
|t:|1758980117
|move|p1a: Ogerpon|U-turn|p2a: Forretress
|-resisted|p2a: Forretress
|-damage|p2a: Forretress|47/100
|
|t:|1758980119
|switch|p1a: Zapdos|Zapdos|100/100|[from] U-turn
|-damage|p1a: Zapdos|75/100|[from] Stealth Rock
|move|p2a: Forretress|Body Press|p1a: Zapdos
|-resisted|p1a: Zapdos
|-crit|p1a: Zapdos
|-damage|p1a: Zapdos|53/100
|-status|p2a: Forretress|par|[from] ability: Static|[of] p1a: Zapdos
|
|-heal|p1a: Zapdos|59/100|[from] item: Leftovers
|upkeep
|turn|22
|
|t:|1758980136
|move|p1a: Zapdos|Heat Wave|p2a: Forretress
|-supereffective|p2a: Forretress
|-damage|p2a: Forretress|0 fnt
|faint|p2a: Forretress
|
|-heal|p1a: Zapdos|65/100|[from] item: Leftovers
|upkeep
|
|t:|1758980142
|switch|p2a: Skeledirge|Skeledirge, F|100/100
|turn|23
|
|t:|1758980155
|-terastallize|p2a: Skeledirge|Fairy
|move|p1a: Zapdos|Discharge|p2a: Skeledirge
|-damage|p2a: Skeledirge|54/100
|move|p2a: Skeledirge|Torch Song|p1a: Zapdos
|-damage|p1a: Zapdos|24/100
|-boost|p2a: Skeledirge|spa|1
|-enditem|p2a: Skeledirge|Throat Spray
|-boost|p2a: Skeledirge|spa|1|[from] item: Throat Spray
|
|-heal|p1a: Zapdos|31/100|[from] item: Leftovers
|upkeep
|turn|24
|
|t:|1758980178
|move|p1a: Zapdos|Heat Wave|p2a: Skeledirge
|-damage|p2a: Skeledirge|14/100
|move|p2a: Skeledirge|Torch Song|p1a: Zapdos
|-damage|p1a: Zapdos|0 fnt
|-boost|p2a: Skeledirge|spa|1
|faint|p1a: Zapdos
|
|upkeep
|
|t:|1758980187
|switch|p1a: Ogerpon|Ogerpon-Wellspring, F|88/100 psn
|-damage|p1a: Ogerpon|76/100 psn|[from] Stealth Rock
|turn|25
|
|t:|1758980193
|move|p1a: Ogerpon|Ivy Cudgel|p2a: Skeledirge|[anim] Ivy Cudgel Water
|-damage|p2a: Skeledirge|0 fnt
|faint|p2a: Skeledirge
|
|win|G-lolo-69
|raw|G-lolo-69's rating: 1164 &rarr; <strong>1190</strong><br />(+26 for winning)
|raw|potipot's rating: 1182 &rarr; <strong>1156</strong><br />(-26 for losing)
|c|☆potipot|ggwp
|l|☆potipot
|player|p2|
|l|☆G-lolo-69
|player|p1|
