|j|☆CozyClown
|j|☆Brmo1031
|t:|1758989595
|gametype|singles
|player|p1|CozyClown|red|
|player|p2|Brmo1031|hiker-gen4|
|gen|9
|tier|[Gen 9] OU
|rule|HP Percentage Mod: HP is shown in percentages
|rule|Endless Battle Clause: Forcing endless battles is banned
|rule|Species Clause: Limit one of each Pokémon
|rule|OHKO Clause: OHKO moves are banned
|rule|Evasion Items Clause: Evasion items are banned
|rule|Evasion Moves Clause: Evasion moves are banned
|rule|Evasion Abilities Clause: Evasion abilities are banned
|rule|Sleep Moves Clause: Sleep-inducing moves are banned
|clearpoke
|poke|p1|Darkrai|
|poke|p1|Ting-Lu|
|poke|p1|Kingambit, M|
|poke|p1|Slowking-Galar, M|
|poke|p1|Great Tusk|
|poke|p1|Zamazenta-*|
|poke|p2|Rotom-Wash|
|poke|p2|Wugtrio, F|
|poke|p2|Pelipper, M|
|poke|p2|Garchomp, M|
|poke|p2|Floatzel, F|
|poke|p2|Gholdengo|
|teampreview
|inactive|Battle timer is ON: inactive players will automatically lose when time's up. (requested by Brmo1031)
|
|t:|1758989613
|teamsize|p1|6
|teamsize|p2|6
|start
|switch|p1a: Kingambit|Kingambit, M, shiny|100/100
|switch|p2a: Pelipper|Pelipper, M|100/100
|-weather|RainDance|[from] ability: Drizzle|[of] p2a: Pelipper
|turn|1
|
|t:|1758989630
|move|p1a: Kingambit|Swords Dance|p1a: Kingambit
|-boost|p1a: Kingambit|atk|2
|move|p2a: Pelipper|U-turn|p1a: Kingambit
|-damage|p1a: Kingambit|94/100
|
|t:|1758989632
|switch|p2a: Rotom|Rotom-Wash|100/100|[from] U-turn
|
|-weather|RainDance|[upkeep]
|upkeep
|turn|2
|inactive|CozyClown has 270 seconds left.
|
|t:|1758989665
|move|p2a: Rotom|Trick|p1a: Kingambit
|-activate|p2a: Rotom|move: Trick|[of] p1a: Kingambit
|-item|p1a: Kingambit|Choice Scarf|[from] move: Trick
|-item|p2a: Rotom|Heavy-Duty Boots|[from] move: Trick
|move|p1a: Kingambit|Swords Dance|p1a: Kingambit
|-boost|p1a: Kingambit|atk|2
|
|-weather|RainDance|[upkeep]
|upkeep
|turn|3
|inactive|CozyClown has 270 seconds left.
|
|t:|1758989681
|-end|p1a: Kingambit|fallenundefined|[silent]
|switch|p1a: Ting-Lu|Ting-Lu, shiny|100/100
|-ability|p1a: Ting-Lu|Vessel of Ruin
|move|p2a: Rotom|Thunder|p1a: Ting-Lu
|-immune|p1a: Ting-Lu
|
|-weather|RainDance|[upkeep]
|upkeep
|turn|4
|inactive|CozyClown has 270 seconds left.
|inactive|CozyClown has 240 seconds left.
|
|t:|1758989740
|switch|p1a: Slowking|Slowking-Galar, M|100/100
|move|p2a: Rotom|Hydro Pump|p1a: Slowking
|-damage|p1a: Slowking|64/100
|
|-weather|RainDance|[upkeep]
|upkeep
|turn|5
|
|t:|1758989757
|move|p2a: Rotom|Volt Switch|p1a: Slowking
|-damage|p1a: Slowking|48/100
|
|t:|1758989761
|switch|p2a: Garchomp|Garchomp, M|100/100|[from] Volt Switch
|move|p1a: Slowking|Ice Beam|p2a: Garchomp
|-supereffective|p2a: Garchomp
|-damage|p2a: Garchomp|0 fnt
|faint|p2a: Garchomp
|
|-weather|RainDance|[upkeep]
|upkeep
|
|t:|1758989767
|switch|p2a: Wugtrio|Wugtrio, F|100/100
|turn|6
|
|t:|1758989790
|switch|p1a: Zamazenta|Zamazenta|100/100
|-ability|p1a: Zamazenta|Dauntless Shield|boost
|-boost|p1a: Zamazenta|def|1
|move|p2a: Wugtrio|Triple Dive|p1a: Zamazenta
|-crit|p1a: Zamazenta
|-damage|p1a: Zamazenta|70/100
|-damage|p1a: Zamazenta|57/100
|-damage|p1a: Zamazenta|44/100
|-hitcount|p1a: Zamazenta|3
|
|-weather|RainDance|[upkeep]
|-heal|p1a: Zamazenta|50/100|[from] item: Leftovers
|upkeep
|turn|7
|inactive|CozyClown has 210 seconds left.
|
|t:|1758989808
|switch|p2a: Gholdengo|Gholdengo|100/100
|-item|p2a: Gholdengo|Air Balloon
|move|p1a: Zamazenta|Substitute|p1a: Zamazenta
|-start|p1a: Zamazenta|Substitute
|-damage|p1a: Zamazenta|25/100
|
|-weather|RainDance|[upkeep]
|-heal|p1a: Zamazenta|32/100|[from] item: Leftovers
|upkeep
|turn|8
|inactive|CozyClown has 210 seconds left.
|
|t:|1758989823
|move|p1a: Zamazenta|Iron Defense|p1a: Zamazenta
|-boost|p1a: Zamazenta|def|2
|move|p2a: Gholdengo|Shadow Ball|p1a: Zamazenta
|-end|p1a: Zamazenta|Substitute
|
|-weather|none
|-heal|p1a: Zamazenta|38/100|[from] item: Leftovers
|upkeep
|turn|9
|inactive|CozyClown has 210 seconds left.
|
|t:|1758989836
|move|p1a: Zamazenta|Protect|p1a: Zamazenta
|-singleturn|p1a: Zamazenta|Protect
|move|p2a: Gholdengo|Shadow Ball|p1a: Zamazenta
|-activate|p1a: Zamazenta|move: Protect
|
|-heal|p1a: Zamazenta|44/100|[from] item: Leftovers
|upkeep
|turn|10
|inactive|CozyClown has 210 seconds left.
|
|t:|1758989853
|switch|p1a: Slowking|Slowking-Galar, M|81/100
|move|p2a: Gholdengo|Nasty Plot|p2a: Gholdengo
|-boost|p2a: Gholdengo|spa|2
|
|upkeep
|turn|11
|
|t:|1758989871
|move|p2a: Gholdengo|Shadow Ball|p1a: Slowking
|-supereffective|p1a: Slowking
|-damage|p1a: Slowking|10/100
|-unboost|p1a: Slowking|spd|1
|move|p1a: Slowking|Ice Beam|p2a: Gholdengo
|-resisted|p2a: Gholdengo
|-crit|p2a: Gholdengo
|-damage|p2a: Gholdengo|85/100
|-enditem|p2a: Gholdengo|Air Balloon
|
|upkeep
|turn|12
|
|t:|1758989895
|switch|p1a: Kingambit|Kingambit, M, shiny|94/100
|move|p2a: Gholdengo|Shadow Ball|p1a: Kingambit
|-resisted|p1a: Kingambit
|-damage|p1a: Kingambit|59/100
|
|upkeep
|turn|13
|
|t:|1758989903
|-terastallize|p1a: Kingambit|Dark
|move|p2a: Gholdengo|Make It Rain|p1a: Kingambit
|-damage|p1a: Kingambit|0 fnt
|-unboost|p2a: Gholdengo|spa|1
|faint|p1a: Kingambit
|-end|p1a: Kingambit|fallenundefined|[silent]
|
|upkeep
|
|t:|1758989917
|switch|p1a: Great Tusk|Great Tusk|100/100
|turn|14
|c|☆Brmo1031|Soul read
|
|t:|1758989925
|switch|p2a: Pelipper|Pelipper, M|100/100
|-weather|RainDance|[from] ability: Drizzle|[of] p2a: Pelipper
|move|p1a: Great Tusk|Rapid Spin|p2a: Pelipper
|-damage|p2a: Pelipper|89/100
|-boost|p1a: Great Tusk|spe|1
|
|-weather|RainDance|[upkeep]
|upkeep
|turn|15
|
|t:|1758989935
|move|p1a: Great Tusk|Ice Spinner|p2a: Pelipper
|-damage|p2a: Pelipper|71/100
|move|p2a: Pelipper|U-turn|p1a: Great Tusk
|-resisted|p1a: Great Tusk
|-damage|p1a: Great Tusk|98/100
|
|t:|1758989937
|switch|p2a: Floatzel|Floatzel, F|100/100|[from] U-turn
|
|-weather|RainDance|[upkeep]
|upkeep
|turn|16
|inactive|CozyClown has 210 seconds left.
|
|t:|1758989961
|-end|p1a: Great Tusk|Protosynthesis|[silent]
|switch|p1a: Zamazenta|Zamazenta|44/100
|move|p2a: Floatzel|Wave Crash|p1a: Zamazenta
|-damage|p1a: Zamazenta|0 fnt
|faint|p1a: Zamazenta
|-damage|p2a: Floatzel|82/100|[from] Recoil
|
|-weather|RainDance|[upkeep]
|upkeep
|
|t:|1758989971
|switch|p1a: Darkrai|Darkrai, shiny|100/100
|turn|17
|inactive|CozyClown has 180 seconds left.
|
|t:|1758990001
|move|p2a: Floatzel|Wave Crash|p1a: Darkrai
|-damage|p1a: Darkrai|0 fnt
|faint|p1a: Darkrai
|-damage|p2a: Floatzel|53/100|[from] Recoil
|
|-weather|RainDance|[upkeep]
|upkeep
|inactive|CozyClown has 180 seconds left.
|
|t:|1758990009
|switch|p1a: Slowking|Slowking-Galar, M|44/100
|turn|18
|
|t:|1758990012
|move|p2a: Floatzel|Wave Crash|p1a: Slowking
|-damage|p1a: Slowking|0 fnt
|faint|p1a: Slowking
|-damage|p2a: Floatzel|35/100|[from] Recoil
|
|-weather|RainDance|[upkeep]
|upkeep
|
|t:|1758990027
|switch|p1a: Ting-Lu|Ting-Lu, shiny|100/100
|-ability|p1a: Ting-Lu|Vessel of Ruin
|turn|19
|
|t:|1758990037
|-terastallize|p2a: Floatzel|Water
|move|p2a: Floatzel|Wave Crash|p1a: Ting-Lu
|-supereffective|p1a: Ting-Lu
|-damage|p1a: Ting-Lu|0 fnt
|faint|p1a: Ting-Lu
|-damage|p2a: Floatzel|0 fnt|[from] Recoil
|faint|p2a: Floatzel
|
|-weather|RainDance|[upkeep]
|upkeep
|
|t:|1758990047
|switch|p2a: Wugtrio|Wugtrio, F|100/100
|switch|p1a: Great Tusk|Great Tusk|98/100
|turn|20
|inactive|CozyClown has 180 seconds left.
|
|t:|1758990073
|move|p2a: Wugtrio|Triple Dive|p1a: Great Tusk
|-supereffective|p1a: Great Tusk
|-damage|p1a: Great Tusk|65/100
|-supereffective|p1a: Great Tusk
|-damage|p1a: Great Tusk|36/100
|-supereffective|p1a: Great Tusk
|-damage|p1a: Great Tusk|6/100
|-hitcount|p1a: Great Tusk|3
|move|p1a: Great Tusk|Ice Spinner|p2a: Wugtrio
|-resisted|p2a: Wugtrio
|-damage|p2a: Wugtrio|71/100
|
|-weather|RainDance|[upkeep]
|upkeep
|turn|21
|l|☆Brmo1031
|inactive|Brmo1031 disconnected and has 300 seconds to reconnect!
|player|p2|
|j|☆Brmo1031
|inactive|Brmo1031 reconnected and has 290 seconds left.
|player|p2|Brmo1031|hiker-gen4|
|
|t:|1758990098
|move|p2a: Wugtrio|Triple Dive|p1a: Great Tusk
|-supereffective|p1a: Great Tusk
|-damage|p1a: Great Tusk|0 fnt
|faint|p1a: Great Tusk
|-end|p1a: Great Tusk|Protosynthesis|[silent]
|-hitcount|p1: Great Tusk|1
|
|win|Brmo1031
