|j|☆gzem
|j|☆gabbagoul
|t:|1759001613
|gametype|singles
|player|p1|gzem|hilbert-wonderlauncher|1163
|player|p2|gabbagoul|rocketgrunt|1133
|gen|9
|tier|[Gen 9] OU
|rated|
|rule|HP Percentage Mod: HP is shown in percentages
|rule|Endless Battle Clause: Forcing endless battles is banned
|rule|Species Clause: Limit one of each Pokémon
|rule|OHKO Clause: OHKO moves are banned
|rule|Evasion Items Clause: Evasion items are banned
|rule|Evasion Moves Clause: Evasion moves are banned
|rule|Evasion Abilities Clause: Evasion abilities are banned
|rule|Sleep Moves Clause: Sleep-inducing moves are banned
|clearpoke
|poke|p1|Krookodile, F|
|poke|p1|Corviknight, F|
|poke|p1|Gliscor, M|
|poke|p1|Okidogi, M|
|poke|p1|Rotom-Wash|
|poke|p1|Iron Moth|
|poke|p2|Magneton|
|poke|p2|Reuniclus, F|
|poke|p2|Milotic, F|
|poke|p2|Comfey, F|
|poke|p2|Deoxys-Defense|
|poke|p2|Weezing, M|
|teampreview
|inactive|Battle timer is ON: inactive players will automatically lose when time's up. (requested by gabbagoul)
|
|t:|1759001628
|teamsize|p1|6
|teamsize|p2|6
|start
|switch|p1a: Gliscor|Gliscor, M|100/100
|switch|p2a: Milotic|Milotic, F|100/100
|turn|1
|
|t:|1759001633
|move|p1a: Gliscor|Knock Off|p2a: Milotic
|-damage|p2a: Milotic|84/100
|-enditem|p2a: Milotic|Flame Orb|[from] move: Knock Off|[of] p1a: Gliscor
|move|p2a: Milotic|Ice Beam|p1a: Gliscor
|-supereffective|p1a: Gliscor
|-damage|p1a: Gliscor|18/100
|
|-status|p1a: Gliscor|tox|[from] item: Toxic Orb
|upkeep
|turn|2
|
|t:|1759001640
|move|p1a: Gliscor|U-turn|p2a: Milotic
|-damage|p2a: Milotic|71/100
|
|t:|1759001645
|switch|p1a: Rotom|Rotom-Wash|100/100|[from] U-turn
|move|p2a: Milotic|Ice Beam|p1a: Rotom
|-resisted|p1a: Rotom
|-damage|p1a: Rotom|88/100
|
|upkeep
|turn|3
|
|t:|1759001651
|move|p1a: Rotom|Volt Switch|p2a: Milotic
|-supereffective|p2a: Milotic
|-damage|p2a: Milotic|19/100
|
|t:|1759001672
|switch|p1a: Iron Moth|Iron Moth|100/100|[from] Volt Switch
|move|p2a: Milotic|Scald|p1a: Iron Moth
|-supereffective|p1a: Iron Moth
|-damage|p1a: Iron Moth|40/100
|
|upkeep
|turn|4
|
|t:|1759001679
|move|p1a: Iron Moth|Energy Ball|p2a: Milotic
|-supereffective|p2a: Milotic
|-damage|p2a: Milotic|0 fnt
|faint|p2a: Milotic
|
|upkeep
|
|t:|1759001684
|switch|p2a: Deoxys|Deoxys-Defense|100/100
|-ability|p2a: Deoxys|Pressure
|turn|5
|
|t:|1759001690
|-end|p1a: Iron Moth|Quark Drive|[silent]
|switch|p1a: Krookodile|Krookodile, F|100/100
|move|p2a: Deoxys|Knock Off|p1a: Krookodile
|-resisted|p1a: Krookodile
|-damage|p1a: Krookodile|85/100
|-enditem|p1a: Krookodile|White Herb|[from] move: Knock Off|[of] p2a: Deoxys
|
|upkeep
|turn|6
|
|t:|1759001697
|move|p1a: Krookodile|Knock Off|p2a: Deoxys
|-supereffective|p2a: Deoxys
|-damage|p2a: Deoxys|27/100
|-enditem|p2a: Deoxys|Leftovers|[from] move: Knock Off|[of] p1a: Krookodile
|move|p2a: Deoxys|Drain Punch|p1a: Krookodile
|-supereffective|p1a: Krookodile
|-damage|p1a: Krookodile|40/100
|-heal|p2a: Deoxys|52/100|[from] drain|[of] p1a: Krookodile
|
|upkeep
|turn|7
|
|t:|1759001711
|switch|p1a: Gliscor|Gliscor, M|18/100 tox
|move|p2a: Deoxys|Drain Punch|p1a: Gliscor
|-resisted|p1a: Gliscor
|-damage|p1a: Gliscor|11/100 tox
|-heal|p2a: Deoxys|56/100|[from] drain|[of] p1a: Gliscor
|
|-heal|p1a: Gliscor|23/100 tox|[from] ability: Poison Heal
|upkeep
|turn|8
|
|t:|1759001718
|move|p1a: Gliscor|Earthquake|p2a: Deoxys
|-damage|p2a: Deoxys|28/100
|move|p2a: Deoxys|Zen Headbutt|p1a: Gliscor
|-damage|p1a: Gliscor|0 fnt
|faint|p1a: Gliscor
|
|upkeep
|
|t:|1759001733
|switch|p1a: Iron Moth|Iron Moth|40/100
|turn|9
|
|t:|1759001742
|move|p1a: Iron Moth|Sludge Wave|p2a: Deoxys
|-damage|p2a: Deoxys|0 fnt
|faint|p2a: Deoxys
|
|upkeep
|
|t:|1759001747
|switch|p2a: Reuniclus|Reuniclus, F, shiny|100/100
|turn|10
|
|t:|1759001753
|-end|p1a: Iron Moth|Quark Drive|[silent]
|switch|p1a: Krookodile|Krookodile, F|40/100
|move|p2a: Reuniclus|Energy Ball|p1a: Krookodile
|-supereffective|p1a: Krookodile
|-damage|p1a: Krookodile|0 fnt
|faint|p1a: Krookodile
|
|upkeep
|
|t:|1759001763
|switch|p1a: Rotom|Rotom-Wash|88/100
|turn|11
|
|t:|1759001766
|move|p1a: Rotom|Hydro Pump|p2a: Reuniclus|[miss]
|-miss|p1a: Rotom|p2a: Reuniclus
|move|p2a: Reuniclus|Psychic|p1a: Rotom
|-damage|p1a: Rotom|11/100
|
|upkeep
|turn|12
|
|t:|1759001771
|move|p1a: Rotom|Volt Switch|p2a: Reuniclus
|-damage|p2a: Reuniclus|71/100
|
|t:|1759001776
|switch|p1a: Corviknight|Corviknight, F, shiny|100/100|[from] Volt Switch
|move|p2a: Reuniclus|Psychic|p1a: Corviknight
|-resisted|p1a: Corviknight
|-damage|p1a: Corviknight|76/100
|
|-heal|p1a: Corviknight|82/100|[from] item: Leftovers
|upkeep
|turn|13
|
|t:|1759001782
|move|p1a: Corviknight|Bulk Up|p1a: Corviknight
|-boost|p1a: Corviknight|atk|1
|-boost|p1a: Corviknight|def|1
|move|p2a: Reuniclus|Shadow Ball|p1a: Corviknight
|-damage|p1a: Corviknight|58/100
|
|-heal|p1a: Corviknight|64/100|[from] item: Leftovers
|upkeep
|turn|14
|
|t:|1759001791
|move|p1a: Corviknight|Body Press|p2a: Reuniclus
|-resisted|p2a: Reuniclus
|-damage|p2a: Reuniclus|56/100
|move|p2a: Reuniclus|Psychic|p1a: Corviknight
|-resisted|p1a: Corviknight
|-damage|p1a: Corviknight|40/100
|
|-heal|p1a: Corviknight|46/100|[from] item: Leftovers
|upkeep
|turn|15
|
|t:|1759001797
|move|p1a: Corviknight|Roost|p1a: Corviknight
|-heal|p1a: Corviknight|96/100
|-singleturn|p1a: Corviknight|move: Roost
|move|p2a: Reuniclus|Psychic|p1a: Corviknight
|-resisted|p1a: Corviknight
|-damage|p1a: Corviknight|73/100
|
|-heal|p1a: Corviknight|79/100|[from] item: Leftovers
|upkeep
|turn|16
|
|t:|1759001804
|switch|p2a: Weezing|Weezing, M|100/100
|-ability|p2a: Weezing|Neutralizing Gas
|move|p1a: Corviknight|Bulk Up|p1a: Corviknight
|-boost|p1a: Corviknight|atk|1
|-boost|p1a: Corviknight|def|1
|
|-heal|p1a: Corviknight|85/100|[from] item: Leftovers
|upkeep
|turn|17
|
|t:|1759001807
|move|p1a: Corviknight|Brave Bird|p2a: Weezing
|-damage|p2a: Weezing|50/100
|-damage|p1a: Corviknight|72/100|[from] Recoil
|move|p2a: Weezing|Will-O-Wisp|p1a: Corviknight
|-status|p1a: Corviknight|brn
|
|-heal|p1a: Corviknight|78/100 brn|[from] item: Leftovers
|-heal|p2a: Weezing|56/100|[from] item: Black Sludge
|-damage|p1a: Corviknight|72/100 brn|[from] brn
|upkeep
|turn|18
|
|t:|1759001820
|switch|p1a: Iron Moth|Iron Moth|40/100
|move|p2a: Weezing|Thunderbolt|p1a: Iron Moth
|-damage|p1a: Iron Moth|20/100
|
|-heal|p2a: Weezing|62/100|[from] item: Black Sludge
|upkeep
|turn|19
|
|t:|1759001828
|move|p1a: Iron Moth|Fiery Dance|p2a: Weezing
|-damage|p2a: Weezing|5/100
|-boost|p1a: Iron Moth|spa|1
|move|p2a: Weezing|Sludge Wave|p1a: Iron Moth
|-resisted|p1a: Iron Moth
|-damage|p1a: Iron Moth|6/100
|
|-heal|p2a: Weezing|11/100|[from] item: Black Sludge
|upkeep
|turn|20
|
|t:|1759001835
|move|p1a: Iron Moth|Meteor Beam||[still]
|-prepare|p1a: Iron Moth|Meteor Beam
|-boost|p1a: Iron Moth|spa|1
|-enditem|p1a: Iron Moth|Power Herb
|-anim|p1a: Iron Moth|Meteor Beam|p2a: Weezing
|-damage|p2a: Weezing|0 fnt
|faint|p2a: Weezing
|-end|p2a: Weezing|ability: Neutralizing Gas
|
|upkeep
|
|t:|1759001838
|switch|p2a: Comfey|Comfey, F|100/100
|turn|21
|
|t:|1759001845
|move|p2a: Comfey|Draining Kiss|p1a: Iron Moth
|-resisted|p1a: Iron Moth
|-damage|p1a: Iron Moth|1/100
|move|p1a: Iron Moth|Sludge Wave|p2a: Comfey
|-supereffective|p2a: Comfey
|-damage|p2a: Comfey|0 fnt
|faint|p2a: Comfey
|
|upkeep
|
|t:|1759001848
|switch|p2a: Reuniclus|Reuniclus, F, shiny|56/100
|turn|22
|
|t:|1759001853
|move|p1a: Iron Moth|Sludge Wave|p2a: Reuniclus
|-damage|p2a: Reuniclus|0 fnt
|faint|p2a: Reuniclus
|
|upkeep
|-message|gabbagoul forfeited.
|
|win|gzem
|raw|gzem's rating: 1163 &rarr; <strong>1186</strong><br />(+23 for winning)
|raw|gabbagoul's rating: 1133 &rarr; <strong>1110</strong><br />(-23 for losing)
|l|☆gabbagoul
|player|p2|
