|j|☆DeadYet?999
|j|☆maria marauders
|t:|1759012713
|gametype|singles
|player|p1|DeadYet?999|n|1411
|player|p2|maria marauders|170|1437
|gen|9
|tier|[Gen 9] OU
|rated|
|rule|HP Percentage Mod: HP is shown in percentages
|rule|Endless Battle Clause: Forcing endless battles is banned
|rule|Species Clause: Limit one of each Pokémon
|rule|OHKO Clause: OHKO moves are banned
|rule|Evasion Items Clause: Evasion items are banned
|rule|Evasion Moves Clause: Evasion moves are banned
|rule|Evasion Abilities Clause: Evasion abilities are banned
|rule|Sleep Moves Clause: Sleep-inducing moves are banned
|clearpoke
|poke|p1|Spidops, M|
|poke|p1|Pecharunt|
|poke|p1|Gholdengo|
|poke|p1|Corviknight, M|
|poke|p1|Ting-Lu|
|poke|p1|Gliscor, M|
|poke|p2|Raging Bolt|
|poke|p2|Ceruledge, F|
|poke|p2|Hatterene, F|
|poke|p2|Glimmora, F|
|poke|p2|Vileplume, M|
|poke|p2|Ninetales, M|
|teampreview
|inactive|Battle timer is ON: inactive players will automatically lose when time's up. (requested by DeadYet?999)
|
|t:|1759012746
|teamsize|p1|6
|teamsize|p2|6
|start
|switch|p1a: Ting-Lu|Ting-Lu|100/100
|switch|p2a: Hatterene|Hatterene, F|100/100
|-ability|p1a: Ting-Lu|Vessel of Ruin
|turn|1
|
|t:|1759012766
|move|p2a: Hatterene|Draining Kiss|p1a: Ting-Lu
|-supereffective|p1a: Ting-Lu
|-damage|p1a: Ting-Lu|76/100
|move|p1a: Ting-Lu|Whirlwind|p2a: Hatterene
|move|p2a: Hatterene|Whirlwind|p1a: Ting-Lu|[from] ability: Magic Bounce
|drag|p1a: Gliscor|Gliscor, M|100/100
|
|-status|p1a: Gliscor|tox|[from] item: Toxic Orb
|upkeep
|turn|2
|
|t:|1759012771
|move|p1a: Gliscor|Swords Dance|p1a: Gliscor
|-boost|p1a: Gliscor|atk|2
|move|p2a: Hatterene|Psychic Noise|p1a: Gliscor
|-damage|p1a: Gliscor|49/100 tox
|-start|p1a: Gliscor|move: Heal Block
|
|upkeep
|turn|3
|
|t:|1759012785
|move|p1a: Gliscor|Facade|p2a: Hatterene
|-damage|p2a: Hatterene|40/100
|move|p2a: Hatterene|Psychic Noise|p1a: Gliscor
|-damage|p1a: Gliscor|1/100 tox
|
|-heal|p2a: Hatterene|46/100|[from] item: Leftovers
|-end|p1a: Gliscor|move: Heal Block
|upkeep
|turn|4
|
|t:|1759012800
|switch|p2a: Ninetales|Ninetales, M|100/100
|-weather|SunnyDay|[from] ability: Drought|[of] p2a: Ninetales
|move|p1a: Gliscor|Facade|p2a: Ninetales
|-crit|p2a: Ninetales
|-damage|p2a: Ninetales|0 fnt
|faint|p2a: Ninetales
|
|-weather|SunnyDay|[upkeep]
|-heal|p1a: Gliscor|14/100 tox|[from] ability: Poison Heal
|upkeep
|
|t:|1759012802
|switch|p2a: Vileplume|Vileplume, M|100/100
|turn|5
|
|t:|1759012819
|switch|p1a: Corviknight|Corviknight, M|100/100
|move|p2a: Vileplume|Toxic|p1a: Corviknight
|-immune|p1a: Corviknight
|
|-weather|SunnyDay|[upkeep]
|upkeep
|turn|6
|
|t:|1759012825
|move|p2a: Vileplume|Weather Ball|p1a: Corviknight
|-supereffective|p1a: Corviknight
|-damage|p1a: Corviknight|29/100
|move|p1a: Corviknight|Brave Bird|p2a: Vileplume
|-supereffective|p2a: Vileplume
|-damage|p2a: Vileplume|19/100
|-damage|p1a: Corviknight|5/100|[from] Recoil
|
|-weather|SunnyDay|[upkeep]
|-heal|p1a: Corviknight|11/100|[from] item: Leftovers
|upkeep
|turn|7
|
|t:|1759012835
|switch|p1a: Ting-Lu|Ting-Lu|76/100
|-ability|p1a: Ting-Lu|Vessel of Ruin
|move|p2a: Vileplume|Weather Ball|p1a: Ting-Lu
|-damage|p1a: Ting-Lu|55/100
|
|-weather|SunnyDay|[upkeep]
|-heal|p1a: Ting-Lu|62/100|[from] item: Leftovers
|upkeep
|turn|8
|
|t:|1759012839
|move|p2a: Vileplume|Strength Sap|p1a: Ting-Lu
|-unboost|p1a: Ting-Lu|atk|1
|-heal|p2a: Vileplume|76/100
|move|p1a: Ting-Lu|Stealth Rock|p2a: Vileplume
|-sidestart|p2: maria marauders|move: Stealth Rock
|
|-weather|SunnyDay|[upkeep]
|-heal|p1a: Ting-Lu|68/100|[from] item: Leftovers
|upkeep
|turn|9
|
|t:|1759012842
|move|p2a: Vileplume|Toxic|p1a: Ting-Lu
|-status|p1a: Ting-Lu|tox
|move|p1a: Ting-Lu|Spikes|p2a: Vileplume
|-sidestart|p2: maria marauders|Spikes
|
|-weather|SunnyDay|[upkeep]
|-heal|p1a: Ting-Lu|74/100 tox|[from] item: Leftovers
|-damage|p1a: Ting-Lu|68/100 tox|[from] psn
|upkeep
|turn|10
|
|t:|1759012845
|move|p2a: Vileplume|Weather Ball|p1a: Ting-Lu
|-damage|p1a: Ting-Lu|50/100 tox
|move|p1a: Ting-Lu|Whirlwind|p2a: Vileplume
|drag|p2a: Hatterene|Hatterene, F|46/100
|-damage|p2a: Hatterene|34/100|[from] Stealth Rock
|-damage|p2a: Hatterene|22/100|[from] Spikes
|
|-weather|SunnyDay|[upkeep]
|-heal|p1a: Ting-Lu|56/100 tox|[from] item: Leftovers
|-heal|p2a: Hatterene|28/100|[from] item: Leftovers
|-damage|p1a: Ting-Lu|43/100 tox|[from] psn
|upkeep
|turn|11
|
|t:|1759012852
|switch|p1a: Corviknight|Corviknight, M|11/100
|move|p2a: Hatterene|Draining Kiss|p1a: Corviknight
|-resisted|p1a: Corviknight
|-damage|p1a: Corviknight|0 fnt
|-heal|p2a: Hatterene|38/100|[from] drain|[of] p1a: Corviknight
|faint|p1a: Corviknight
|
|-weather|none
|-heal|p2a: Hatterene|44/100|[from] item: Leftovers
|upkeep
|
|t:|1759012856
|switch|p1a: Gliscor|Gliscor, M|14/100 tox
|turn|12
|
|t:|1759012858
|move|p1a: Gliscor|Knock Off|p2a: Hatterene
|-damage|p2a: Hatterene|21/100
|-enditem|p2a: Hatterene|Leftovers|[from] move: Knock Off|[of] p1a: Gliscor
|move|p2a: Hatterene|Psychic Noise|p1a: Gliscor
|-damage|p1a: Gliscor|0 fnt
|faint|p1a: Gliscor
|
|upkeep
|
|t:|1759012864
|switch|p1a: Gholdengo|Gholdengo|100/100
|turn|13
|
|t:|1759012867
|move|p1a: Gholdengo|Shadow Ball|p2a: Hatterene
|-supereffective|p2a: Hatterene
|-damage|p2a: Hatterene|0 fnt
|faint|p2a: Hatterene
|
|upkeep
|inactive|maria marauders has 120 seconds left.
|
|t:|1759012902
|switch|p2a: Glimmora|Glimmora, F|100/100
|-damage|p2a: Glimmora|88/100|[from] Stealth Rock
|-damage|p2a: Glimmora|76/100|[from] Spikes
|turn|14
|
|t:|1759012906
|move|p2a: Glimmora|Earth Power|p1a: Gholdengo
|-supereffective|p1a: Gholdengo
|-crit|p1a: Gholdengo
|-damage|p1a: Gholdengo|9/100
|move|p1a: Gholdengo|Make It Rain|p2a: Glimmora
|-supereffective|p2a: Glimmora
|-damage|p2a: Glimmora|0 fnt
|-unboost|p1a: Gholdengo|spa|1
|faint|p2a: Glimmora
|
|-heal|p1a: Gholdengo|16/100|[from] item: Leftovers
|upkeep
|inactive|maria marauders has 120 seconds left.
|
|t:|1759012943
|switch|p2a: Ceruledge|Ceruledge, F|100/100
|-damage|p2a: Ceruledge|76/100|[from] Stealth Rock
|-damage|p2a: Ceruledge|63/100|[from] Spikes
|turn|15
|
|t:|1759012946
|move|p2a: Ceruledge|Bitter Blade|p1a: Gholdengo
|-supereffective|p1a: Gholdengo
|-damage|p1a: Gholdengo|0 fnt
|-heal|p2a: Ceruledge|73/100|[from] drain|[of] p1a: Gholdengo
|faint|p1a: Gholdengo
|
|upkeep
|
|t:|1759012949
|switch|p1a: Pecharunt|Pecharunt|100/100
|turn|16
|inactive|maria marauders has 120 seconds left.
|
|t:|1759012963
|move|p2a: Ceruledge|Poltergeist|p1a: Pecharunt
|-activate|p1a: Pecharunt|move: Poltergeist|Leftovers
|-supereffective|p1a: Pecharunt
|-damage|p1a: Pecharunt|48/100
|move|p1a: Pecharunt|Hex|p2a: Ceruledge
|-supereffective|p2a: Ceruledge
|-damage|p2a: Ceruledge|27/100
|
|-heal|p1a: Pecharunt|54/100|[from] item: Leftovers
|upkeep
|turn|17
|inactive|maria marauders has 120 seconds left.
|
|t:|1759012988
|move|p1a: Pecharunt|Protect|p1a: Pecharunt
|-singleturn|p1a: Pecharunt|Protect
|move|p2a: Ceruledge|Poltergeist|p1a: Pecharunt
|-activate|p1a: Pecharunt|move: Protect
|
|-heal|p1a: Pecharunt|60/100|[from] item: Leftovers
|upkeep
|turn|18
|
|t:|1759012994
|move|p2a: Ceruledge|Poltergeist|p1a: Pecharunt
|-activate|p1a: Pecharunt|move: Poltergeist|Leftovers
|-supereffective|p1a: Pecharunt
|-damage|p1a: Pecharunt|11/100
|move|p1a: Pecharunt|Hex|p2a: Ceruledge
|-supereffective|p2a: Ceruledge
|-damage|p2a: Ceruledge|0 fnt
|faint|p2a: Ceruledge
|
|-heal|p1a: Pecharunt|17/100|[from] item: Leftovers
|upkeep
|
|t:|1759013009
|switch|p2a: Raging Bolt|Raging Bolt|100/100
|-damage|p2a: Raging Bolt|88/100|[from] Stealth Rock
|-damage|p2a: Raging Bolt|76/100|[from] Spikes
|turn|19
|
|t:|1759013023
|move|p1a: Pecharunt|Recover|p1a: Pecharunt
|-heal|p1a: Pecharunt|67/100
|move|p2a: Raging Bolt|Thunderbolt|p1a: Pecharunt
|-damage|p1a: Pecharunt|5/100
|
|-heal|p1a: Pecharunt|11/100|[from] item: Leftovers
|upkeep
|turn|20
|
|t:|1759013028
|switch|p1a: Ting-Lu|Ting-Lu|43/100 tox
|-ability|p1a: Ting-Lu|Vessel of Ruin
|move|p2a: Raging Bolt|Thunderbolt|p1a: Ting-Lu
|-immune|p1a: Ting-Lu
|
|-heal|p1a: Ting-Lu|50/100 tox|[from] item: Leftovers
|-damage|p1a: Ting-Lu|43/100 tox|[from] psn
|upkeep
|turn|21
|
|t:|1759013038
|move|p2a: Raging Bolt|Draco Meteor|p1a: Ting-Lu
|-damage|p1a: Ting-Lu|1/100 tox
|-unboost|p2a: Raging Bolt|spa|2
|move|p1a: Ting-Lu|Whirlwind|p2a: Raging Bolt
|-end|p2a: Raging Bolt|Protosynthesis|[silent]
|drag|p2a: Vileplume|Vileplume, M|76/100
|-damage|p2a: Vileplume|63/100|[from] Stealth Rock
|-damage|p2a: Vileplume|51/100|[from] Spikes
|
|-heal|p1a: Ting-Lu|8/100 tox|[from] item: Leftovers
|-damage|p1a: Ting-Lu|0 fnt|[from] psn
|faint|p1a: Ting-Lu
|upkeep
|
|t:|1759013041
|switch|p1a: Spidops|Spidops, M|100/100
|turn|22
|
|t:|1759013048
|move|p2a: Vileplume|Sunny Day|p2a: Vileplume
|-weather|SunnyDay
|move|p1a: Spidops|Spikes|p2a: Vileplume
|-sidestart|p2: maria marauders|Spikes
|
|-weather|SunnyDay|[upkeep]
|upkeep
|turn|23
|
|t:|1759013053
|move|p2a: Vileplume|Toxic|p1a: Spidops
|-status|p1a: Spidops|tox
|move|p1a: Spidops|Spikes|p2a: Vileplume
|-sidestart|p2: maria marauders|Spikes
|
|-weather|SunnyDay|[upkeep]
|-damage|p1a: Spidops|94/100 tox|[from] psn
|upkeep
|turn|24
|
|t:|1759013057
|move|p1a: Spidops|Sucker Punch|p2a: Vileplume
|-damage|p2a: Vileplume|35/100
|move|p2a: Vileplume|Weather Ball|p1a: Spidops
|-supereffective|p1a: Spidops
|-damage|p1a: Spidops|9/100 tox
|
|-weather|SunnyDay|[upkeep]
|-damage|p1a: Spidops|0 fnt|[from] psn
|faint|p1a: Spidops
|upkeep
|
|t:|1759013060
|switch|p1a: Pecharunt|Pecharunt|11/100
|turn|25
|
|t:|1759013062
|-terastallize|p1a: Pecharunt|Water
|move|p2a: Vileplume|Weather Ball|p1a: Pecharunt
|-resisted|p1a: Pecharunt
|-damage|p1a: Pecharunt|0 fnt
|faint|p1a: Pecharunt
|
|win|maria marauders
|raw|DeadYet?999's rating: 1411 &rarr; <strong>1392</strong><br />(-19 for losing)
|raw|maria marauders's rating: 1437 &rarr; <strong>1456</strong><br />(+19 for winning)
|l|☆DeadYet?999
|player|p1|
|c|☆maria marauders|gg
|l|☆maria marauders
|player|p2|
