|j|☆banjin
|j|☆suaiaj
|t:|1759025385
|gametype|singles
|player|p1|banjin|beauty-gen6xy|1271
|player|p2|suaiaj|wallace|1347
|gen|9
|tier|[Gen 9] OU
|rated|
|rule|HP Percentage Mod: HP is shown in percentages
|rule|Endless Battle Clause: Forcing endless battles is banned
|rule|Species Clause: Limit one of each Pokémon
|rule|OHKO Clause: OHKO moves are banned
|rule|Evasion Items Clause: Evasion items are banned
|rule|Evasion Moves Clause: Evasion moves are banned
|rule|Evasion Abilities Clause: Evasion abilities are banned
|rule|Sleep Moves Clause: Sleep-inducing moves are banned
|clearpoke
|poke|p1|Minior-Blue|
|poke|p1|Lokix, F|
|poke|p1|Thundurus-Therian, M|
|poke|p1|Muk-Alola, F|
|poke|p1|Emboar, F|
|poke|p1|Ditto|
|poke|p2|Araquanid, F|
|poke|p2|Cinderace, M|
|poke|p2|Kingambit, F|
|poke|p2|Serperior, M|
|poke|p2|Malamar, F|
|poke|p2|Ogerpon, F|
|teampreview
|inactive|Battle timer is ON: inactive players will automatically lose when time's up. (requested by banjin)
|
|t:|1759025394
|teamsize|p1|6
|teamsize|p2|6
|start
|switch|p1a: Paws|Thundurus-Therian, M|100/100
|switch|p2a: Araquanid|Araquanid, F|100/100
|turn|1
|
|t:|1759025405
|move|p2a: Araquanid|Endure|p2a: Araquanid
|-singleturn|p2a: Araquanid|move: Endure
|move|p1a: Paws|Nasty Plot|p1a: Paws
|-boost|p1a: Paws|spa|2
|
|upkeep
|turn|2
|
|t:|1759025413
|switch|p2a: Ogerpon|Ogerpon, F|100/100
|move|p1a: Paws|Agility|p1a: Paws
|-boost|p1a: Paws|spe|2
|
|upkeep
|turn|3
|
|t:|1759025421
|move|p1a: Paws|Thunderbolt|p2a: Ogerpon
|-resisted|p2a: Ogerpon
|-damage|p2a: Ogerpon|32/100
|move|p2a: Ogerpon|Knock Off|p1a: Paws
|-crit|p1a: Paws
|-damage|p1a: Paws|25/100
|-enditem|p1a: Paws|Focus Sash|[from] move: Knock Off|[of] p2a: Ogerpon
|
|upkeep
|turn|4
|
|t:|1759025429
|move|p1a: Paws|Thunderbolt|p2a: Ogerpon
|-resisted|p2a: Ogerpon
|-crit|p2a: Ogerpon
|-damage|p2a: Ogerpon|0 fnt
|faint|p2a: Ogerpon
|
|upkeep
|
|t:|1759025451
|switch|p2a: Cinderace|Cinderace, M|100/100
|turn|5
|
|t:|1759025455
|move|p2a: Cinderace|Sucker Punch||[still]
|-fail|p2a: Cinderace
|move|p1a: Paws|Nasty Plot|p1a: Paws
|-boost|p1a: Paws|spa|2
|
|upkeep
|turn|6
|
|t:|1759025462
|move|p2a: Cinderace|Sucker Punch||[still]
|-fail|p2a: Cinderace
|move|p1a: Paws|Nasty Plot|p1a: Paws
|-boost|p1a: Paws|spa|2
|
|upkeep
|turn|7
|
|t:|1759025468
|move|p2a: Cinderace|Sucker Punch||[still]
|-fail|p2a: Cinderace
|move|p1a: Paws|Agility|p1a: Paws
|-boost|p1a: Paws|spe|2
|
|upkeep
|turn|8
|
|t:|1759025475
|move|p2a: Cinderace|Sucker Punch||[still]
|-fail|p2a: Cinderace
|move|p1a: Paws|Agility|p1a: Paws
|-boost|p1a: Paws|spe|2
|
|upkeep
|turn|9
|
|t:|1759025498
|move|p2a: Cinderace|Sucker Punch||[still]
|-fail|p2a: Cinderace
|move|p1a: Paws|Agility|p1a: Paws
|-boost|p1a: Paws|spe|0
|
|upkeep
|turn|10
|
|t:|1759025506
|move|p2a: Cinderace|Sucker Punch|p1a: Paws
|-start|p2a: Cinderace|typechange|Dark|[from] ability: Libero
|-damage|p1a: Paws|0 fnt
|faint|p1a: Paws
|
|upkeep
|
|t:|1759025509
|switch|p1a: Katy|Lokix, F|100/100
|turn|11
|
|t:|1759025516
|switch|p2a: Araquanid|Araquanid, F|100/100
|move|p1a: Katy|First Impression|p2a: Araquanid
|-damage|p2a: Araquanid|59/100
|
|upkeep
|turn|12
|
|t:|1759025523
|move|p1a: Katy|Lunge|p2a: Araquanid
|-damage|p2a: Araquanid|22/100
|-unboost|p2a: Araquanid|atk|1
|move|p2a: Araquanid|Sticky Web|p1a: Katy
|-sidestart|p1: banjin|move: Sticky Web
|
|upkeep
|turn|13
|-enditem|p2a: Araquanid|Custap Berry|[eat]
|-activate|p2a: Araquanid|item: Custap Berry|[consumed]
|
|t:|1759025530
|move|p1a: Katy|Sucker Punch|p2a: Araquanid
|-damage|p2a: Araquanid|0 fnt
|faint|p2a: Araquanid
|
|upkeep
|
|t:|1759025538
|switch|p2a: Cinderace|Cinderace, M|100/100
|turn|14
|
|t:|1759025543
|switch|p1a: Mr. Brightside|Minior-Blue|100/100
|-formechange|p1a: Mr. Brightside|Minior-Meteor||[from] ability: Shields Down
|move|p2a: Cinderace|Will-O-Wisp|p1a: Mr. Brightside
|-immune|p1a: Mr. Brightside|[from] ability: Shields Down
|
|upkeep
|turn|15
|
|t:|1759025561
|move|p2a: Cinderace|Court Change|p2a: Cinderace
|-start|p2a: Cinderace|typechange|Normal|[from] ability: Libero
|-swapsideconditions
|-activate|p2a: Cinderace|move: Court Change
|move|p1a: Mr. Brightside|Shell Smash|p1a: Mr. Brightside
|-unboost|p1a: Mr. Brightside|def|1
|-unboost|p1a: Mr. Brightside|spd|1
|-boost|p1a: Mr. Brightside|atk|2
|-boost|p1a: Mr. Brightside|spa|2
|-boost|p1a: Mr. Brightside|spe|2
|-enditem|p1a: Mr. Brightside|White Herb
|-clearnegativeboost|p1a: Mr. Brightside|[silent]
|
|upkeep
|turn|16
|
|t:|1759025575
|move|p1a: Mr. Brightside|Substitute|p1a: Mr. Brightside
|-start|p1a: Mr. Brightside|Substitute
|-damage|p1a: Mr. Brightside|75/100
|move|p2a: Cinderace|Acrobatics|p1a: Mr. Brightside
|-resisted|p1a: Mr. Brightside
|-activate|p1a: Mr. Brightside|move: Substitute|[damage]
|
|upkeep
|turn|17
|
|t:|1759025585
|move|p2a: Cinderace|Sucker Punch|p1a: Mr. Brightside
|-end|p1a: Mr. Brightside|Substitute
|move|p1a: Mr. Brightside|Acrobatics|p2a: Cinderace
|-enditem|p2a: Cinderace|Focus Sash
|-damage|p2a: Cinderace|1/100
|
|upkeep
|turn|18
|
|t:|1759025593
|move|p2a: Cinderace|Sucker Punch||[still]
|-fail|p2a: Cinderace
|move|p1a: Mr. Brightside|Substitute|p1a: Mr. Brightside
|-start|p1a: Mr. Brightside|Substitute
|-damage|p1a: Mr. Brightside|50/100
|
|-formechange|p1a: Mr. Brightside|Minior-Blue||[from] ability: Shields Down
|upkeep
|turn|19
|
|t:|1759025603
|move|p1a: Mr. Brightside|Shell Smash|p1a: Mr. Brightside
|-unboost|p1a: Mr. Brightside|def|1
|-unboost|p1a: Mr. Brightside|spd|1
|-boost|p1a: Mr. Brightside|atk|2
|-boost|p1a: Mr. Brightside|spa|2
|-boost|p1a: Mr. Brightside|spe|2
|move|p2a: Cinderace|Acrobatics|p1a: Mr. Brightside
|-resisted|p1a: Mr. Brightside
|-end|p1a: Mr. Brightside|Substitute
|
|upkeep
|turn|20
|
|t:|1759025615
|move|p1a: Mr. Brightside|Acrobatics|p2a: Cinderace
|-crit|p2a: Cinderace
|-damage|p2a: Cinderace|0 fnt
|faint|p2a: Cinderace
|
|upkeep
|
|t:|1759025621
|switch|p2a: Kingambit|Kingambit, F|100/100
|-activate|p2a: Kingambit|move: Sticky Web
|-unboost|p2a: Kingambit|spe|1
|-ability|p2a: Kingambit|Defiant|boost
|-boost|p2a: Kingambit|atk|2
|turn|21
|
|t:|1759025630
|move|p2a: Kingambit|Sucker Punch||[still]
|-fail|p2a: Kingambit
|move|p1a: Mr. Brightside|Substitute|p1a: Mr. Brightside
|-start|p1a: Mr. Brightside|Substitute
|-damage|p1a: Mr. Brightside|25/100
|
|upkeep
|turn|22
|
|t:|1759025650
|move|p2a: Kingambit|Sucker Punch|p1a: Mr. Brightside
|-end|p1a: Mr. Brightside|Substitute
|-damage|p2a: Kingambit|91/100|[from] item: Life Orb
|move|p1a: Mr. Brightside|Earthquake|p2a: Kingambit
|-supereffective|p2a: Kingambit
|-damage|p2a: Kingambit|0 fnt
|faint|p2a: Kingambit
|
|upkeep
|
|t:|1759025659
|switch|p2a: Serperior|Serperior, M, shiny|100/100
|-activate|p2a: Serperior|move: Sticky Web
|-boost|p2a: Serperior|spe|1
|turn|23
|
|t:|1759025664
|move|p1a: Mr. Brightside|Acrobatics|p2a: Serperior
|-supereffective|p2a: Serperior
|-damage|p2a: Serperior|0 fnt
|faint|p2a: Serperior
|
|upkeep
|
|t:|1759025670
|switch|p2a: Malamar|Malamar, F, shiny|100/100
|-activate|p2a: Malamar|move: Sticky Web
|-boost|p2a: Malamar|spe|1
|turn|24
|
|t:|1759025675
|-terastallize|p2a: Malamar|Fire
|move|p1a: Mr. Brightside|Acrobatics|p2a: Malamar
|-damage|p2a: Malamar|0 fnt
|faint|p2a: Malamar
|
|win|banjin
|raw|banjin's rating: 1271 &rarr; <strong>1301</strong><br />(+30 for winning)
|raw|suaiaj's rating: 1347 &rarr; <strong>1323</strong><br />(-24 for losing)
|c|☆banjin|gg
|l|☆suaiaj
|player|p2|
|l|☆banjin
|player|p1|
