|badge|p1|bronze|gen9ou|100-6
|html|<div class="broadcast-red"><strong>This battle is required to be public due to one or more player having a season medal.</strong><br />During the public phase, you can discuss the state of the ladder <a href="/seasondiscussion">in a special chatroom.</a></div>
|uhtml|medal-msg|<div class="broadcast-blue">Curious what those medals under the avatar are? PS now has Ladder Seasons! For more information, check out the <a href="https://www.smogon.com/forums/threads/3740067/">thread on Smogon.</a></div>
|badge|p2|bronze|gen9ou|100-6
|badge|p2|bronze|gen9doublesou|100-6
|uhtml|medal-msg|<div class="broadcast-blue">Curious what those medals under the avatar are? PS now has Ladder Seasons! For more information, check out the <a href="https://www.smogon.com/forums/threads/3740067/">thread on Smogon.</a></div>
|raw|<div class="broadcast-blue"><strong>This battle is required to be public due to a player having a name starting with 'medal'.</div>
|j|☆JackRG1
|j|☆lvBreakfast
|t:|1759035430
|gametype|singles
|player|p1|JackRG1|dawn-gen4pt|1910
|player|p2|lvBreakfast|psychic-gen4|1886
|gen|9
|tier|[Gen 9] OU
|rated|
|rule|HP Percentage Mod: HP is shown in percentages
|rule|Endless Battle Clause: Forcing endless battles is banned
|rule|Species Clause: Limit one of each Pokémon
|rule|OHKO Clause: OHKO moves are banned
|rule|Evasion Items Clause: Evasion items are banned
|rule|Evasion Moves Clause: Evasion moves are banned
|rule|Evasion Abilities Clause: Evasion abilities are banned
|rule|Sleep Moves Clause: Sleep-inducing moves are banned
|clearpoke
|poke|p1|Weezing-Galar, F|
|poke|p1|Ting-Lu|
|poke|p1|Corviknight, M|
|poke|p1|Skeledirge, F|
|poke|p1|Dragapult, M|
|poke|p1|Ogerpon-Wellspring, F|
|poke|p2|Zapdos|
|poke|p2|Sinistcha|
|poke|p2|Weavile, F|
|poke|p2|Keldeo|
|poke|p2|Goodra-Hisui, F|
|poke|p2|Ting-Lu|
|teampreview
|inactive|Battle timer is ON: inactive players will automatically lose when time's up. (requested by JackRG1)
|
|t:|1759035446
|teamsize|p1|6
|teamsize|p2|6
|start
|switch|p1a: Ogerpon|Ogerpon-Wellspring, F|100/100
|switch|p2a: Ting-Loui|Ting-Lu|100/100
|-ability|p2a: Ting-Loui|Vessel of Ruin
|turn|1
|
|t:|1759035450
|switch|p2a: Sinister Tea ;)|Sinistcha|100/100
|move|p1a: Ogerpon|Spikes|p2a: Sinister Tea ;)
|-sidestart|p2: lvBreakfast|Spikes
|
|upkeep
|turn|2
|
|t:|1759035454
|move|p1a: Ogerpon|Knock Off|p2a: Sinister Tea ;)
|-supereffective|p2a: Sinister Tea ;)
|-damage|p2a: Sinister Tea ;)|54/100
|-enditem|p2a: Sinister Tea ;)|Heavy-Duty Boots|[from] move: Knock Off|[of] p1a: Ogerpon
|move|p2a: Sinister Tea ;)|Matcha Gotcha|p1a: Ogerpon
|-damage|p1a: Ogerpon|71/100
|-heal|p2a: Sinister Tea ;)|70/100|[from] drain|[of] p1a: Ogerpon
|
|upkeep
|turn|3
|j| frit
|
|t:|1759035459
|switch|p1a: GAS.|Weezing-Galar, F|100/100
|-ability|p1a: GAS.|Neutralizing Gas
|move|p2a: Sinister Tea ;)|Strength Sap|p1a: GAS.
|-unboost|p1a: GAS.|atk|1
|-heal|p2a: Sinister Tea ;)|100/100
|
|upkeep
|turn|4
|j| IM AT MY LIMIT!
|
|t:|1759035462
|move|p2a: Sinister Tea ;)|Shadow Ball|p1a: GAS.
|-damage|p1a: GAS.|58/100
|move|p1a: GAS.|Sludge Bomb|p2a: Sinister Tea ;)
|-damage|p2a: Sinister Tea ;)|67/100
|
|upkeep
|turn|5
|
|t:|1759035468
|-end|p1a: GAS.|ability: Neutralizing Gas
|switch|p1a: Ting-Lu|Ting-Lu, shiny|100/100
|-ability|p1a: Ting-Lu|Vessel of Ruin
|move|p2a: Sinister Tea ;)|Shadow Ball|p1a: Ting-Lu
|-resisted|p1a: Ting-Lu
|-damage|p1a: Ting-Lu|94/100
|
|-heal|p1a: Ting-Lu|99/100|[from] item: Leftovers
|upkeep
|turn|6
|
|t:|1759035472
|move|p2a: Sinister Tea ;)|Matcha Gotcha|p1a: Ting-Lu
|-supereffective|p1a: Ting-Lu
|-damage|p1a: Ting-Lu|74/100
|-heal|p2a: Sinister Tea ;)|86/100|[from] drain|[of] p1a: Ting-Lu
|move|p1a: Ting-Lu|Stealth Rock|p2a: Sinister Tea ;)
|-sidestart|p2: lvBreakfast|move: Stealth Rock
|
|-heal|p1a: Ting-Lu|80/100|[from] item: Leftovers
|upkeep
|turn|7
|
|t:|1759035475
|switch|p1a: Dragapult|Dragapult, M|100/100
|move|p2a: Sinister Tea ;)|Matcha Gotcha|p1a: Dragapult
|-resisted|p1a: Dragapult
|-damage|p1a: Dragapult|79/100
|-heal|p2a: Sinister Tea ;)|96/100|[from] drain|[of] p1a: Dragapult
|
|upkeep
|turn|8
|
|t:|1759035480
|switch|p2a: Ting-Loui|Ting-Lu|100/100
|-damage|p2a: Ting-Loui|88/100|[from] Spikes
|-damage|p2a: Ting-Loui|82/100|[from] Stealth Rock
|-ability|p2a: Ting-Loui|Vessel of Ruin
|move|p1a: Dragapult|Shadow Ball|p2a: Ting-Loui
|-resisted|p2a: Ting-Loui
|-damage|p2a: Ting-Loui|69/100
|
|-heal|p2a: Ting-Loui|75/100|[from] item: Leftovers
|upkeep
|turn|9
|
|t:|1759035483
|switch|p1a: Ogerpon|Ogerpon-Wellspring, F|71/100
|move|p2a: Ting-Loui|Stealth Rock|p1a: Ogerpon
|-sidestart|p1: JackRG1|move: Stealth Rock
|
|-heal|p2a: Ting-Loui|81/100|[from] item: Leftovers
|upkeep
|turn|10
|
|t:|1759035487
|switch|p1a: Dragapult|Dragapult, M|79/100
|-damage|p1a: Dragapult|67/100|[from] Stealth Rock
|move|p2a: Ting-Loui|Whirlwind|p1a: Dragapult
|drag|p1a: Ting-Lu|Ting-Lu, shiny|80/100
|-damage|p1a: Ting-Lu|74/100|[from] Stealth Rock
|-ability|p1a: Ting-Lu|Vessel of Ruin
|
|-heal|p2a: Ting-Loui|87/100|[from] item: Leftovers
|-heal|p1a: Ting-Lu|80/100|[from] item: Leftovers
|upkeep
|turn|11
|
|t:|1759035496
|move|p1a: Ting-Lu|Earthquake|p2a: Ting-Loui
|-damage|p2a: Ting-Loui|69/100
|move|p2a: Ting-Loui|Spikes|p1a: Ting-Lu
|-sidestart|p1: JackRG1|Spikes
|
|-heal|p2a: Ting-Loui|75/100|[from] item: Leftovers
|-heal|p1a: Ting-Lu|87/100|[from] item: Leftovers
|upkeep
|turn|12
|
|t:|1759035499
|switch|p2a: Sinister Tea ;)|Sinistcha|96/100
|-damage|p2a: Sinister Tea ;)|83/100|[from] Spikes
|-damage|p2a: Sinister Tea ;)|71/100|[from] Stealth Rock
|move|p1a: Ting-Lu|Earthquake|p2a: Sinister Tea ;)
|-resisted|p2a: Sinister Tea ;)
|-damage|p2a: Sinister Tea ;)|58/100
|
|-heal|p1a: Ting-Lu|93/100|[from] item: Leftovers
|upkeep
|turn|13
|
|t:|1759035510
|switch|p1a: Dragapult|Dragapult, M|67/100
|-damage|p1a: Dragapult|54/100|[from] Stealth Rock
|-damage|p1a: Dragapult|42/100|[from] Spikes
|move|p2a: Sinister Tea ;)|Strength Sap|p1a: Dragapult
|-fail|p1a: Dragapult|unboost|[from] ability: Clear Body|[of] p1a: Dragapult
|-heal|p2a: Sinister Tea ;)|100/100
|
|upkeep
|turn|14
|
|t:|1759035520
|switch|p2a: Goodra|Goodra-Hisui, F|100/100
|-damage|p2a: Goodra|88/100|[from] Spikes
|-damage|p2a: Goodra|82/100|[from] Stealth Rock
|move|p1a: Dragapult|Draco Meteor|p2a: Goodra
|-damage|p2a: Goodra|51/100
|-unboost|p1a: Dragapult|spa|2
|
|upkeep
|turn|15
|
|t:|1759035527
|switch|p1a: Corviknight|Corviknight, M|100/100
|-damage|p1a: Corviknight|88/100|[from] Stealth Rock
|-ability|p1a: Corviknight|Pressure
|move|p2a: Goodra|Knock Off|p1a: Corviknight
|-damage|p1a: Corviknight|74/100
|-damage|p2a: Goodra|34/100|[from] item: Rocky Helmet|[of] p1a: Corviknight
|-enditem|p1a: Corviknight|Rocky Helmet|[from] move: Knock Off|[of] p2a: Goodra
|
|upkeep
|turn|16
|
|t:|1759035538
|switch|p2a: Glue eater|Keldeo, shiny|100/100
|move|p1a: Corviknight|U-turn|p2a: Glue eater
|-resisted|p2a: Glue eater
|-damage|p2a: Glue eater|93/100
|
|t:|1759035545
|switch|p1a: Ogerpon|Ogerpon-Wellspring, F|71/100|[from] U-turn
|-damage|p1a: Ogerpon|58/100|[from] Stealth Rock
|-damage|p1a: Ogerpon|46/100|[from] Spikes
|
|upkeep
|turn|17
|j| cryyysneasel
|
|t:|1759035555
|switch|p2a: Sinister Tea ;)|Sinistcha|100/100
|-damage|p2a: Sinister Tea ;)|88/100|[from] Spikes
|-damage|p2a: Sinister Tea ;)|76/100|[from] Stealth Rock
|move|p1a: Ogerpon|Synthesis|p1a: Ogerpon
|-heal|p1a: Ogerpon|96/100
|
|upkeep
|turn|18
|
|t:|1759035559
|switch|p1a: Skeledirge|Skeledirge, F|100/100
|move|p2a: Sinister Tea ;)|Strength Sap|p1a: Skeledirge
|-unboost|p1a: Skeledirge|atk|1
|-heal|p2a: Sinister Tea ;)|100/100
|
|upkeep
|turn|19
|
|t:|1759035568
|switch|p2a: Lil emolga|Zapdos|100/100
|move|p1a: Skeledirge|Torch Song|p2a: Lil emolga
|-damage|p2a: Lil emolga|76/100
|-boost|p1a: Skeledirge|spa|1
|
|upkeep
|turn|20
|
|t:|1759035571
|move|p2a: Lil emolga|Thunder Wave|p1a: Skeledirge
|-status|p1a: Skeledirge|par
|move|p1a: Skeledirge|Torch Song|p2a: Lil emolga
|-damage|p2a: Lil emolga|38/100
|-boost|p1a: Skeledirge|spa|1
|
|upkeep
|turn|21
|
|t:|1759035578
|move|p2a: Lil emolga|Roost|p2a: Lil emolga
|-heal|p2a: Lil emolga|88/100
|-singleturn|p2a: Lil emolga|move: Roost
|move|p1a: Skeledirge|Torch Song|p2a: Lil emolga
|-damage|p2a: Lil emolga|38/100
|-boost|p1a: Skeledirge|spa|1
|
|upkeep
|turn|22
|
|t:|1759035580
|move|p2a: Lil emolga|Volt Switch|p1a: Skeledirge
|-damage|p1a: Skeledirge|78/100 par
|
|t:|1759035582
|switch|p2a: Goodra|Goodra-Hisui, F|34/100|[from] Volt Switch
|-damage|p2a: Goodra|22/100|[from] Spikes
|-damage|p2a: Goodra|16/100|[from] Stealth Rock
|move|p1a: Skeledirge|Torch Song|p2a: Goodra
|-damage|p2a: Goodra|0 fnt
|-boost|p1a: Skeledirge|spa|1
|faint|p2a: Goodra
|
|upkeep
|
|t:|1759035586
|switch|p2a: Glue eater|Keldeo, shiny|93/100
|turn|23
|
|t:|1759035591
|switch|p1a: Ogerpon|Ogerpon-Wellspring, F|96/100
|-damage|p1a: Ogerpon|84/100|[from] Stealth Rock
|-damage|p1a: Ogerpon|71/100|[from] Spikes
|move|p2a: Glue eater|Surf|p1a: Ogerpon
|-heal|p1a: Ogerpon|96/100|[from] ability: Water Absorb|[of] p2a: Glue eater
|
|upkeep
|turn|24
|
|t:|1759035597
|switch|p2a: Sinister Tea ;)|Sinistcha|100/100
|-damage|p2a: Sinister Tea ;)|88/100|[from] Spikes
|-damage|p2a: Sinister Tea ;)|76/100|[from] Stealth Rock
|move|p1a: Ogerpon|Spikes|p2a: Sinister Tea ;)
|-sidestart|p2: lvBreakfast|Spikes
|
|upkeep
|turn|25
|
|t:|1759035604
|move|p1a: Ogerpon|Knock Off|p2a: Sinister Tea ;)
|-supereffective|p2a: Sinister Tea ;)
|-crit|p2a: Sinister Tea ;)
|-damage|p2a: Sinister Tea ;)|24/100
|move|p2a: Sinister Tea ;)|Shadow Ball|p1a: Ogerpon
|-damage|p1a: Ogerpon|65/100
|-unboost|p1a: Ogerpon|spd|1
|
|upkeep
|turn|26
|
|t:|1759035608
|move|p1a: Ogerpon|Knock Off|p2a: Sinister Tea ;)
|-supereffective|p2a: Sinister Tea ;)
|-damage|p2a: Sinister Tea ;)|0 fnt
|faint|p2a: Sinister Tea ;)
|
|upkeep
|
|t:|1759035610
|switch|p2a: Weavile|Weavile, F|100/100
|turn|27
|
|t:|1759035616
|-terastallize|p1a: Ogerpon|Water
|detailschange|p1a: Ogerpon|Ogerpon-Wellspring-Tera, F, tera:Water
|-ability|p1a: Ogerpon|Embody Aspect (Wellspring)|boost
|-boost|p1a: Ogerpon|spd|1
|move|p2a: Weavile|Icicle Crash|p1a: Ogerpon
|-resisted|p1a: Ogerpon
|-damage|p1a: Ogerpon|41/100
|move|p1a: Ogerpon|Ivy Cudgel|p2a: Weavile|[anim] Ivy Cudgel Water
|-damage|p2a: Weavile|0 fnt
|faint|p2a: Weavile
|
|upkeep
|
|t:|1759035623
|switch|p2a: Glue eater|Keldeo, shiny|93/100
|turn|28
|
|t:|1759035626
|move|p2a: Glue eater|Aura Sphere|p1a: Ogerpon
|-damage|p1a: Ogerpon|0 fnt
|faint|p1a: Ogerpon
|detailschange|p1: Ogerpon|Ogerpon-Wellspring, F|[silent]
|
|upkeep
|
|t:|1759035632
|switch|p1a: Dragapult|Dragapult, M|42/100
|-damage|p1a: Dragapult|30/100|[from] Stealth Rock
|-damage|p1a: Dragapult|18/100|[from] Spikes
|turn|29
|
|t:|1759035636
|switch|p2a: Lil emolga|Zapdos|38/100
|move|p1a: Dragapult|Draco Meteor|p2a: Lil emolga
|-damage|p2a: Lil emolga|0 fnt
|-unboost|p1a: Dragapult|spa|2
|faint|p2a: Lil emolga
|
|upkeep
|
|t:|1759035639
|switch|p2a: Glue eater|Keldeo, shiny|93/100
|turn|30
|
|t:|1759035641
|move|p1a: Dragapult|Draco Meteor|p2a: Glue eater
|-damage|p2a: Glue eater|47/100
|-unboost|p1a: Dragapult|spa|2
|move|p2a: Glue eater|Surf|p1a: Dragapult
|-resisted|p1a: Dragapult
|-damage|p1a: Dragapult|0 fnt
|faint|p1a: Dragapult
|
|upkeep
|
|t:|1759035648
|switch|p1a: Ting-Lu|Ting-Lu, shiny|93/100
|-damage|p1a: Ting-Lu|87/100|[from] Stealth Rock
|-damage|p1a: Ting-Lu|74/100|[from] Spikes
|-ability|p1a: Ting-Lu|Vessel of Ruin
|turn|31
|
|t:|1759035663
|-terastallize|p2a: Glue eater|Water
|move|p2a: Glue eater|Flip Turn|p1a: Ting-Lu
|-supereffective|p1a: Ting-Lu
|-damage|p1a: Ting-Lu|55/100
|
|t:|1759035665
|switch|p2a: Ting-Loui|Ting-Lu|75/100|[from] Flip Turn
|-damage|p2a: Ting-Loui|58/100|[from] Spikes
|-damage|p2a: Ting-Loui|52/100|[from] Stealth Rock
|-ability|p2a: Ting-Loui|Vessel of Ruin
|move|p1a: Ting-Lu|Earthquake|p2a: Ting-Loui
|-crit|p2a: Ting-Loui
|-damage|p2a: Ting-Loui|28/100
|
|-heal|p1a: Ting-Lu|61/100|[from] item: Leftovers
|-heal|p2a: Ting-Loui|34/100|[from] item: Leftovers
|upkeep
|turn|32
|
|t:|1759035670
|switch|p1a: Corviknight|Corviknight, M|74/100
|-damage|p1a: Corviknight|61/100|[from] Stealth Rock
|-ability|p1a: Corviknight|Pressure
|move|p2a: Ting-Loui|Earthquake|p1a: Corviknight
|-immune|p1a: Corviknight
|
|-heal|p2a: Ting-Loui|40/100|[from] item: Leftovers
|upkeep
|turn|33
|
|t:|1759035673
|switch|p2a: Glue eater|Keldeo, shiny, tera:Water|47/100
|move|p1a: Corviknight|Body Press|p2a: Glue eater
|-damage|p2a: Glue eater|18/100
|
|upkeep
|turn|34
|
|t:|1759035679
|switch|p1a: Skeledirge|Skeledirge, F|78/100 par
|move|p2a: Glue eater|Surf|p1a: Skeledirge
|-supereffective|p1a: Skeledirge
|-damage|p1a: Skeledirge|0 fnt
|faint|p1a: Skeledirge
|
|upkeep
|
|t:|1759035681
|switch|p1a: Ting-Lu|Ting-Lu, shiny|61/100
|-damage|p1a: Ting-Lu|55/100|[from] Stealth Rock
|-damage|p1a: Ting-Lu|42/100|[from] Spikes
|-ability|p1a: Ting-Lu|Vessel of Ruin
|turn|35
|
|t:|1759035685
|move|p2a: Glue eater|Surf|p1a: Ting-Lu
|-supereffective|p1a: Ting-Lu
|-damage|p1a: Ting-Lu|0 fnt
|faint|p1a: Ting-Lu
|
|upkeep
|
|t:|1759035690
|switch|p1a: GAS.|Weezing-Galar, F|58/100
|-ability|p1a: GAS.|Neutralizing Gas
|turn|36
|c|☆lvBreakfast|I love my glue eater
|
|t:|1759035701
|move|p2a: Glue eater|Surf|p1a: GAS.
|-damage|p1a: GAS.|0 fnt
|faint|p1a: GAS.
|-end|p1a: GAS.|ability: Neutralizing Gas
|
|upkeep
|j| Golem Rising
|c|☆JackRG1|true
|
|t:|1759035708
|switch|p1a: Corviknight|Corviknight, M|61/100
|-damage|p1a: Corviknight|49/100|[from] Stealth Rock
|-ability|p1a: Corviknight|Pressure
|turn|37
|c|☆JackRG1|gg
|
|t:|1759035713
|move|p2a: Glue eater|Surf|p1a: Corviknight
|-damage|p1a: Corviknight|0 fnt
|faint|p1a: Corviknight
|
|win|lvBreakfast
|raw|JackRG1's rating: 1910 &rarr; <strong>1889</strong><br />(-21 for losing)
|raw|lvBreakfast's rating: 1886 &rarr; <strong>1907</strong><br />(+21 for winning)
|c|☆lvBreakfast|gg
|l|☆JackRG1
|player|p1|
|l| cryyysneasel
|l|☆lvBreakfast
|player|p2|
