|badge|p1|bronze|gen9ou|100-6
|html|<div class="broadcast-red"><strong>This battle is required to be public due to one or more player having a season medal.</strong><br />During the public phase, you can discuss the state of the ladder <a href="/seasondiscussion">in a special chatroom.</a></div>
|uhtml|medal-msg|<div class="broadcast-blue">Curious what those medals under the avatar are? PS now has Ladder Seasons! For more information, check out the <a href="https://www.smogon.com/forums/threads/3740067/">thread on Smogon.</a></div>
|badge|p2|silver|gen9ou|30-6
|uhtml|medal-msg|<div class="broadcast-blue">Curious what those medals under the avatar are? PS now has Ladder Seasons! For more information, check out the <a href="https://www.smogon.com/forums/threads/3740067/">thread on Smogon.</a></div>
|raw|<div class="broadcast-blue"><strong>This battle is required to be public due to a player having a name starting with 'medal'.</div>
|j|☆jamel1
|j|☆143forever
|t:|1758976854
|gametype|singles
|player|p1|jamel1|cyrus|1830
|player|p2|143forever|red|1984
|gen|9
|tier|[Gen 9] OU
|rated|
|rule|HP Percentage Mod: HP is shown in percentages
|rule|Endless Battle Clause: Forcing endless battles is banned
|rule|Species Clause: Limit one of each Pokémon
|rule|OHKO Clause: OHKO moves are banned
|rule|Evasion Items Clause: Evasion items are banned
|rule|Evasion Moves Clause: Evasion moves are banned
|rule|Evasion Abilities Clause: Evasion abilities are banned
|rule|Sleep Moves Clause: Sleep-inducing moves are banned
|clearpoke
|poke|p1|Sandaconda, F|
|poke|p1|Deoxys-Defense|
|poke|p1|Gyarados, M|
|poke|p1|Maushold|
|poke|p1|Serperior, F|
|poke|p1|Kommo-o, M|
|poke|p2|Dondozo, M|
|poke|p2|Blissey, F|
|poke|p2|Corviknight, M|
|poke|p2|Weezing-Galar, M|
|poke|p2|Gliscor, M|
|poke|p2|Toxapex, M|
|teampreview
|
|t:|1758976860
|teamsize|p1|6
|teamsize|p2|6
|start
|switch|p1a: Sandaconda|Sandaconda, F|100/100
|switch|p2a: Toxapex|Toxapex, M|100/100
|turn|1
|
|t:|1758976863
|move|p1a: Sandaconda|Glare|p2a: Toxapex
|-status|p2a: Toxapex|par
|move|p2a: Toxapex|Toxic Spikes|p1a: Sandaconda
|-sidestart|p1: jamel1|move: Toxic Spikes
|
|upkeep
|turn|2
|j| TheMysteriousBoy
|
|t:|1758976868
|move|p1a: Sandaconda|Glare|p2a: Toxapex
|-fail|p2a: Toxapex|par
|cant|p2a: Toxapex|par
|
|upkeep
|turn|3
|
|t:|1758976873
|move|p1a: Sandaconda|Earthquake|p2a: Toxapex
|-supereffective|p2a: Toxapex
|-damage|p2a: Toxapex|25/100 par
|cant|p2a: Toxapex|par
|
|-heal|p2a: Toxapex|32/100 par|[from] item: Leftovers
|upkeep
|turn|4
|
|t:|1758976876
|switch|p2a: Corviknight|Corviknight, M|100/100
|-ability|p2a: Corviknight|Pressure
|move|p1a: Sandaconda|Glare|p2a: Corviknight
|-status|p2a: Corviknight|par
|
|upkeep
|turn|5
|
|t:|1758976879
|move|p1a: Sandaconda|Stealth Rock|p2a: Corviknight
|-sidestart|p2: 143forever|move: Stealth Rock
|move|p2a: Corviknight|Iron Defense|p2a: Corviknight
|-boost|p2a: Corviknight|def|2
|
|upkeep
|turn|6
|
|t:|1758976886
|switch|p1a: Maushold|Maushold|100/100
|-status|p1a: Maushold|psn
|move|p2a: Corviknight|Body Press|p1a: Maushold
|-supereffective|p1a: Maushold
|-damage|p1a: Maushold|0 fnt
|faint|p1a: Maushold
|
|upkeep
|
|t:|1758976897
|switch|p1a: Deoxys|Deoxys-Defense|100/100
|-status|p1a: Deoxys|psn
|-ability|p1a: Deoxys|Pressure
|turn|7
|j| amefurikoneko
|
|t:|1758976903
|move|p1a: Deoxys|Cosmic Power|p1a: Deoxys
|-boost|p1a: Deoxys|def|1
|-boost|p1a: Deoxys|spd|1
|move|p2a: Corviknight|Body Press|p1a: Deoxys
|-resisted|p1a: Deoxys
|-damage|p1a: Deoxys|89/100 psn
|
|-damage|p1a: Deoxys|76/100 psn|[from] psn
|upkeep
|turn|8
|
|t:|1758976909
|switch|p2a: Blissey|Blissey, F|100/100
|-damage|p2a: Blissey|88/100|[from] Stealth Rock
|move|p1a: Deoxys|Cosmic Power|p1a: Deoxys
|-boost|p1a: Deoxys|def|1
|-boost|p1a: Deoxys|spd|1
|
|-heal|p2a: Blissey|94/100|[from] item: Leftovers
|-damage|p1a: Deoxys|64/100 psn|[from] psn
|upkeep
|turn|9
|
|t:|1758976913
|move|p1a: Deoxys|Low Sweep|p2a: Blissey
|-supereffective|p2a: Blissey
|-damage|p2a: Blissey|71/100
|-unboost|p2a: Blissey|spe|1
|move|p2a: Blissey|Calm Mind|p2a: Blissey
|-boost|p2a: Blissey|spa|1
|-boost|p2a: Blissey|spd|1
|
|-heal|p2a: Blissey|77/100|[from] item: Leftovers
|-damage|p1a: Deoxys|51/100 psn|[from] psn
|upkeep
|turn|10
|
|t:|1758976916
|move|p1a: Deoxys|Low Sweep|p2a: Blissey
|-supereffective|p2a: Blissey
|-damage|p2a: Blissey|54/100
|-unboost|p2a: Blissey|spe|1
|move|p2a: Blissey|Seismic Toss|p1a: Deoxys
|-damage|p1a: Deoxys|19/100 psn
|
|-heal|p2a: Blissey|60/100|[from] item: Leftovers
|-damage|p1a: Deoxys|6/100 psn|[from] psn
|upkeep
|turn|11
|
|t:|1758976919
|move|p1a: Deoxys|Recover|p1a: Deoxys
|-heal|p1a: Deoxys|56/100 psn
|move|p2a: Blissey|Seismic Toss|p1a: Deoxys
|-damage|p1a: Deoxys|23/100 psn
|
|-heal|p2a: Blissey|66/100|[from] item: Leftovers
|-damage|p1a: Deoxys|11/100 psn|[from] psn
|upkeep
|turn|12
|
|t:|1758976922
|move|p1a: Deoxys|Recover|p1a: Deoxys
|-heal|p1a: Deoxys|61/100 psn
|move|p2a: Blissey|Stealth Rock|p1a: Deoxys
|-sidestart|p1: jamel1|move: Stealth Rock
|
|-heal|p2a: Blissey|72/100|[from] item: Leftovers
|-damage|p1a: Deoxys|48/100 psn|[from] psn
|upkeep
|turn|13
|
|t:|1758976926
|move|p1a: Deoxys|Recover|p1a: Deoxys
|-heal|p1a: Deoxys|98/100 psn
|move|p2a: Blissey|Seismic Toss|p1a: Deoxys
|-damage|p1a: Deoxys|65/100 psn
|
|-heal|p2a: Blissey|79/100|[from] item: Leftovers
|-damage|p1a: Deoxys|53/100 psn|[from] psn
|upkeep
|turn|14
|
|t:|1758976932
|switch|p1a: Sandaconda|Sandaconda, F|100/100
|-status|p1a: Sandaconda|psn
|-damage|p1a: Sandaconda|95/100 psn|[from] Stealth Rock
|move|p2a: Blissey|Seismic Toss|p1a: Sandaconda
|-damage|p1a: Sandaconda|59/100 psn
|
|-heal|p2a: Blissey|85/100|[from] item: Leftovers
|-damage|p1a: Sandaconda|47/100 psn|[from] psn
|upkeep
|turn|15
|
|t:|1758976936
|switch|p2a: Weezing|Weezing-Galar, M|100/100
|-ability|p2a: Weezing|Neutralizing Gas
|move|p1a: Sandaconda|Earthquake|p2a: Weezing
|-supereffective|p2a: Weezing
|-damage|p2a: Weezing|39/100
|
|-damage|p1a: Sandaconda|35/100 psn|[from] psn
|upkeep
|turn|16
|
|t:|1758976940
|-end|p2a: Weezing|ability: Neutralizing Gas
|switch|p2a: Gliscor|Gliscor, M|100/100
|-damage|p2a: Gliscor|88/100|[from] Stealth Rock
|move|p1a: Sandaconda|Earthquake|p2a: Gliscor
|-immune|p2a: Gliscor
|
|-damage|p1a: Sandaconda|23/100 psn|[from] psn
|-status|p2a: Gliscor|tox|[from] item: Toxic Orb
|upkeep
|turn|17
|j| cryyysneasel
|
|t:|1758976945
|move|p2a: Gliscor|Earthquake|p1a: Sandaconda
|-damage|p1a: Sandaconda|0 fnt
|faint|p1a: Sandaconda
|
|-heal|p2a: Gliscor|100/100 tox|[from] ability: Poison Heal
|upkeep
|
|t:|1758976954
|switch|p1a: Deoxys|Deoxys-Defense|53/100 psn
|-damage|p1a: Deoxys|40/100 psn|[from] Stealth Rock
|-ability|p1a: Deoxys|Pressure
|turn|18
|
|t:|1758976959
|move|p2a: Gliscor|Knock Off|p1a: Deoxys
|-supereffective|p1a: Deoxys
|-damage|p1a: Deoxys|13/100 psn
|-enditem|p1a: Deoxys|Weakness Policy
|-boost|p1a: Deoxys|atk|2|[from] item: Weakness Policy
|-boost|p1a: Deoxys|spa|2|[from] item: Weakness Policy
|move|p1a: Deoxys|Recover|p1a: Deoxys
|-heal|p1a: Deoxys|63/100 psn
|
|-damage|p1a: Deoxys|50/100 psn|[from] psn
|upkeep
|turn|19
|
|t:|1758976965
|move|p2a: Gliscor|Earthquake|p1a: Deoxys
|-crit|p1a: Deoxys
|-damage|p1a: Deoxys|16/100 psn
|move|p1a: Deoxys|Cosmic Power|p1a: Deoxys
|-boost|p1a: Deoxys|def|1
|-boost|p1a: Deoxys|spd|1
|
|-damage|p1a: Deoxys|4/100 psn|[from] psn
|upkeep
|turn|20
|
|t:|1758976968
|move|p2a: Gliscor|Earthquake|p1a: Deoxys
|-damage|p1a: Deoxys|0 fnt
|faint|p1a: Deoxys
|
|upkeep
|
|t:|1758976973
|switch|p1a: Serperior|Serperior, F, shiny|100/100
|-status|p1a: Serperior|psn
|-damage|p1a: Serperior|88/100 psn|[from] Stealth Rock
|turn|21
|j| dsvdv
|
|t:|1758976976
|move|p2a: Gliscor|Protect|p2a: Gliscor
|-singleturn|p2a: Gliscor|Protect
|move|p1a: Serperior|Leaf Storm|p2a: Gliscor
|-activate|p2a: Gliscor|move: Protect
|
|-damage|p1a: Serperior|76/100 psn|[from] psn
|upkeep
|turn|22
|
|t:|1758976978
|move|p1a: Serperior|Leaf Storm|p2a: Gliscor
|-damage|p2a: Gliscor|46/100 tox
|-boost|p1a: Serperior|spa|2
|move|p2a: Gliscor|Knock Off|p1a: Serperior
|-damage|p1a: Serperior|49/100 psn
|-enditem|p1a: Serperior|Light Clay|[from] move: Knock Off|[of] p2a: Gliscor
|
|-damage|p1a: Serperior|37/100 psn|[from] psn
|-heal|p2a: Gliscor|58/100 tox|[from] ability: Poison Heal
|upkeep
|turn|23
|
|t:|1758976980
|move|p2a: Gliscor|Protect|p2a: Gliscor
|-singleturn|p2a: Gliscor|Protect
|move|p1a: Serperior|Reflect|p1a: Serperior
|-sidestart|p1: jamel1|Reflect
|
|-damage|p1a: Serperior|24/100 psn|[from] psn
|-heal|p2a: Gliscor|71/100 tox|[from] ability: Poison Heal
|upkeep
|turn|24
|
|t:|1758976983
|switch|p2a: Corviknight|Corviknight, M|100/100 par
|-damage|p2a: Corviknight|88/100 par|[from] Stealth Rock
|-ability|p2a: Corviknight|Pressure
|move|p1a: Serperior|Leaf Storm|p2a: Corviknight
|-resisted|p2a: Corviknight
|-damage|p2a: Corviknight|67/100 par
|-boost|p1a: Serperior|spa|2
|
|-heal|p2a: Corviknight|73/100 par|[from] item: Leftovers
|-damage|p1a: Serperior|12/100 psn|[from] psn
|upkeep
|turn|25
|
|t:|1758976986
|move|p1a: Serperior|Leaf Storm|p2a: Corviknight
|-resisted|p2a: Corviknight
|-damage|p2a: Corviknight|37/100 par
|-boost|p1a: Serperior|spa|2
|move|p2a: Corviknight|Iron Defense|p2a: Corviknight
|-boost|p2a: Corviknight|def|2
|
|-heal|p2a: Corviknight|43/100 par|[from] item: Leftovers
|-damage|p1a: Serperior|0 fnt|[from] psn
|faint|p1a: Serperior
|upkeep
|
|t:|1758976990
|switch|p1a: Gyarados|Gyarados, M, shiny|100/100
|-damage|p1a: Gyarados|76/100|[from] Stealth Rock
|turn|26
|
|t:|1758976993
|move|p1a: Gyarados|Dragon Dance|p1a: Gyarados
|-boost|p1a: Gyarados|atk|1
|-boost|p1a: Gyarados|spe|1
|move|p2a: Corviknight|Body Press|p1a: Gyarados
|-resisted|p1a: Gyarados
|-damage|p1a: Gyarados|59/100
|
|-heal|p1a: Gyarados|65/100|[from] item: Leftovers
|-heal|p2a: Corviknight|49/100 par|[from] item: Leftovers
|upkeep
|turn|27
|
|t:|1758976995
|move|p1a: Gyarados|Waterfall|p2a: Corviknight
|-damage|p2a: Corviknight|31/100 par
|cant|p2a: Corviknight|flinch
|
|-heal|p1a: Gyarados|71/100|[from] item: Leftovers
|-heal|p2a: Corviknight|37/100 par|[from] item: Leftovers
|-sideend|p1: jamel1|Reflect
|upkeep
|turn|28
|
|t:|1758976997
|move|p1a: Gyarados|Waterfall|p2a: Corviknight
|-damage|p2a: Corviknight|18/100 par
|move|p2a: Corviknight|Body Press|p1a: Gyarados
|-resisted|p1a: Gyarados
|-damage|p1a: Gyarados|38/100
|
|-heal|p1a: Gyarados|44/100|[from] item: Leftovers
|-heal|p2a: Corviknight|24/100 par|[from] item: Leftovers
|upkeep
|turn|29
|
|t:|1758976999
|move|p1a: Gyarados|Waterfall|p2a: Corviknight
|-damage|p2a: Corviknight|6/100 par
|move|p2a: Corviknight|Body Press|p1a: Gyarados
|-resisted|p1a: Gyarados
|-damage|p1a: Gyarados|12/100
|
|-heal|p1a: Gyarados|18/100|[from] item: Leftovers
|-heal|p2a: Corviknight|12/100 par|[from] item: Leftovers
|upkeep
|turn|30
|
|t:|1758977002
|move|p1a: Gyarados|Waterfall|p2a: Corviknight
|-damage|p2a: Corviknight|0 fnt
|faint|p2a: Corviknight
|-ability|p1a: Gyarados|Moxie|boost
|-boost|p1a: Gyarados|atk|1
|
|-heal|p1a: Gyarados|24/100|[from] item: Leftovers
|upkeep
|
|t:|1758977003
|switch|p2a: Dondozo|Dondozo, M|100/100
|-damage|p2a: Dondozo|88/100|[from] Stealth Rock
|turn|31
|
|t:|1758977005
|move|p1a: Gyarados|Earthquake|p2a: Dondozo
|-damage|p2a: Dondozo|73/100
|move|p2a: Dondozo|Avalanche|p1a: Gyarados
|-crit|p1a: Gyarados
|-damage|p1a: Gyarados|0 fnt
|faint|p1a: Gyarados
|
|-heal|p2a: Dondozo|79/100|[from] item: Leftovers
|upkeep
|
|t:|1758977007
|switch|p1a: Kommo-o|Kommo-o, M|100/100
|-status|p1a: Kommo-o|psn
|-damage|p1a: Kommo-o|94/100 psn|[from] Stealth Rock
|turn|32
|
|t:|1758977010
|move|p1a: Kommo-o|Clangorous Soul|p1a: Kommo-o
|-boost|p1a: Kommo-o|atk|1
|-boost|p1a: Kommo-o|def|1
|-boost|p1a: Kommo-o|spa|1
|-boost|p1a: Kommo-o|spd|1
|-boost|p1a: Kommo-o|spe|1
|-damage|p1a: Kommo-o|61/100 psn
|move|p2a: Dondozo|Avalanche|p1a: Kommo-o
|-supereffective|p1a: Kommo-o
|-damage|p1a: Kommo-o|35/100 psn
|
|-heal|p2a: Dondozo|85/100|[from] item: Leftovers
|-damage|p1a: Kommo-o|23/100 psn|[from] psn
|upkeep
|-enditem|p1a: Kommo-o|Lansat Berry|[eat]
|-start|p1a: Kommo-o|move: Focus Energy
|turn|33
|
|t:|1758977018
|-terastallize|p1a: Kommo-o|Steel
|move|p1a: Kommo-o|Drain Punch|p2a: Dondozo
|-crit|p2a: Dondozo
|-damage|p2a: Dondozo|59/100
|-heal|p1a: Kommo-o|44/100 psn|[from] drain|[of] p2a: Dondozo
|move|p2a: Dondozo|Avalanche|p1a: Kommo-o
|-resisted|p1a: Kommo-o
|-damage|p1a: Kommo-o|32/100 psn
|
|-heal|p2a: Dondozo|65/100|[from] item: Leftovers
|-damage|p1a: Kommo-o|19/100 psn|[from] psn
|upkeep
|turn|34
|inactive|Battle timer is ON: inactive players will automatically lose when time's up. (requested by 143forever)
|
|t:|1758977024
|move|p1a: Kommo-o|Drain Punch|p2a: Dondozo
|-damage|p2a: Dondozo|49/100
|-heal|p1a: Kommo-o|33/100 psn|[from] drain|[of] p2a: Dondozo
|move|p2a: Dondozo|Body Press|p1a: Kommo-o
|-supereffective|p1a: Kommo-o
|-crit|p1a: Kommo-o
|-damage|p1a: Kommo-o|0 fnt
|faint|p1a: Kommo-o
|
|win|143forever
|raw|jamel1's rating: 1830 &rarr; <strong>1818</strong><br />(-12 for losing)
|raw|143forever's rating: 1984 &rarr; <strong>1996</strong><br />(+12 for winning)
|l|☆jamel1
|player|p1|
|l|☆143forever
|player|p2|
|l| amefurikoneko
|l| TheMysteriousBoy
|l| cryyysneasel
