|j|☆FlyiingHaduken
|j|☆texett
|t:|1758961364
|gametype|singles
|player|p1|FlyiingHaduken|265|1322
|player|p2|texett|lady|1363
|gen|9
|tier|[Gen 9] OU
|rated|
|rule|HP Percentage Mod: HP is shown in percentages
|rule|Endless Battle Clause: Forcing endless battles is banned
|rule|Species Clause: Limit one of each Pokémon
|rule|OHKO Clause: OHKO moves are banned
|rule|Evasion Items Clause: Evasion items are banned
|rule|Evasion Moves Clause: Evasion moves are banned
|rule|Evasion Abilities Clause: Evasion abilities are banned
|rule|Sleep Moves Clause: Sleep-inducing moves are banned
|clearpoke
|poke|p1|Alomomola, F|
|poke|p1|Rillaboom, F|
|poke|p1|Hawlucha, F|
|poke|p1|Zamazenta-*|
|poke|p1|Slowking-Galar, F|
|poke|p1|Great Tusk|
|poke|p2|Ninetales-Alola, M|
|poke|p2|Smeargle, F|
|teampreview
|inactive|Battle timer is ON: inactive players will automatically lose when time's up. (requested by texett)
|
|t:|1758961371
|teamsize|p1|6
|teamsize|p2|2
|start
|switch|p1a: Rillaboom|Rillaboom, F|100/100
|switch|p2a: Ninetales|Ninetales-Alola, M|100/100
|-weather|Snowscape|[from] ability: Snow Warning|[of] p2a: Ninetales
|-fieldstart|move: Grassy Terrain|[from] ability: Grassy Surge|[of] p1a: Rillaboom
|turn|1
|
|t:|1758961382
|move|p2a: Ninetales|Aurora Veil|p2a: Ninetales
|-sidestart|p2: texett|move: Aurora Veil
|move|p1a: Rillaboom|Wood Hammer|p2a: Ninetales
|-damage|p2a: Ninetales|50/100
|-damage|p1a: Rillaboom|83/100|[from] Recoil
|
|-weather|Snowscape|[upkeep]
|-heal|p2a: Ninetales|56/100|[from] Grassy Terrain
|-heal|p1a: Rillaboom|89/100|[from] Grassy Terrain
|upkeep
|turn|2
|
|t:|1758961393
|-terastallize|p1a: Rillaboom|Grass
|move|p2a: Ninetales|Disable|p1a: Rillaboom
|-start|p1a: Rillaboom|Disable|Wood Hammer
|cant|p1a: Rillaboom|Disable|Wood Hammer
|
|-weather|Snowscape|[upkeep]
|-heal|p2a: Ninetales|62/100|[from] Grassy Terrain
|-heal|p1a: Rillaboom|96/100|[from] Grassy Terrain
|upkeep
|turn|3
|
|t:|1758961408
|switch|p2a: Smeargle|Smeargle, F, shiny|100/100
|switch|p1a: Slowking|Slowking-Galar, F|100/100
|
|-weather|Snowscape|[upkeep]
|upkeep
|turn|4
|
|t:|1758961416
|-terastallize|p2a: Smeargle|Poison
|move|p2a: Smeargle|Quiver Dance|p2a: Smeargle
|-boost|p2a: Smeargle|spa|1
|-boost|p2a: Smeargle|spd|1
|-boost|p2a: Smeargle|spe|1
|move|p1a: Slowking|Sludge Bomb|p2a: Smeargle
|-resisted|p2a: Smeargle
|-damage|p2a: Smeargle|86/100
|
|-weather|Snowscape|[upkeep]
|-heal|p2a: Smeargle|93/100|[from] Grassy Terrain
|-heal|p2a: Smeargle|99/100|[from] item: Leftovers
|upkeep
|turn|5
|
|t:|1758961422
|move|p2a: Smeargle|Quiver Dance|p2a: Smeargle
|-boost|p2a: Smeargle|spa|1
|-boost|p2a: Smeargle|spd|1
|-boost|p2a: Smeargle|spe|1
|move|p1a: Slowking|Psyshock|p2a: Smeargle
|-supereffective|p2a: Smeargle
|-damage|p2a: Smeargle|46/100
|
|-weather|none
|-heal|p2a: Smeargle|52/100|[from] Grassy Terrain
|-heal|p2a: Smeargle|58/100|[from] item: Leftovers
|-fieldend|move: Grassy Terrain
|upkeep
|turn|6
|
|t:|1758961433
|move|p2a: Smeargle|Quiver Dance|p2a: Smeargle
|-boost|p2a: Smeargle|spa|1
|-boost|p2a: Smeargle|spd|1
|-boost|p2a: Smeargle|spe|1
|move|p1a: Slowking|Psyshock|p2a: Smeargle
|-supereffective|p2a: Smeargle
|-damage|p2a: Smeargle|3/100
|
|-heal|p2a: Smeargle|9/100|[from] item: Leftovers
|upkeep
|turn|7
|
|t:|1758961441
|switch|p1a: Zamazenta|Zamazenta|100/100
|-ability|p1a: Zamazenta|Dauntless Shield|boost
|-boost|p1a: Zamazenta|def|1
|move|p2a: Smeargle|Strength Sap|p1a: Zamazenta
|-unboost|p1a: Zamazenta|atk|1
|-heal|p2a: Smeargle|98/100
|
|-heal|p2a: Smeargle|100/100|[from] item: Leftovers
|upkeep
|turn|8
|
|t:|1758961448
|move|p2a: Smeargle|Cotton Guard|p2a: Smeargle
|-boost|p2a: Smeargle|def|3
|move|p1a: Zamazenta|Roar|p2a: Smeargle
|drag|p2a: Ninetales|Ninetales-Alola, M|62/100
|-weather|Snowscape|[from] ability: Snow Warning|[of] p2a: Ninetales
|
|-weather|Snowscape|[upkeep]
|-sideend|p2: texett|move: Aurora Veil
|upkeep
|turn|9
|
|t:|1758961464
|switch|p1a: Slowking|Slowking-Galar, F|100/100
|move|p2a: Ninetales|Aurora Veil|p2a: Ninetales
|-sidestart|p2: texett|move: Aurora Veil
|
|-weather|Snowscape|[upkeep]
|upkeep
|turn|10
|
|t:|1758961471
|move|p2a: Ninetales|Moonblast|p1a: Slowking
|-resisted|p1a: Slowking
|-damage|p1a: Slowking|94/100
|move|p1a: Slowking|Sludge Bomb|p2a: Ninetales
|-supereffective|p2a: Ninetales
|-damage|p2a: Ninetales|20/100
|
|-weather|Snowscape|[upkeep]
|upkeep
|turn|11
|
|t:|1758961480
|move|p2a: Ninetales|Encore|p1a: Slowking
|-start|p1a: Slowking|Encore
|move|p1a: Slowking|Sludge Bomb|p2a: Ninetales
|-supereffective|p2a: Ninetales
|-crit|p2a: Ninetales
|-damage|p2a: Ninetales|0 fnt
|faint|p2a: Ninetales
|
|-weather|Snowscape|[upkeep]
|upkeep
|
|t:|1758961482
|switch|p2a: Smeargle|Smeargle, F, shiny, tera:Poison|100/100
|turn|12
|
|t:|1758961500
|switch|p1a: Hawlucha|Hawlucha, F|100/100
|move|p2a: Smeargle|Quiver Dance|p2a: Smeargle
|-boost|p2a: Smeargle|spa|1
|-boost|p2a: Smeargle|spd|1
|-boost|p2a: Smeargle|spe|1
|
|-weather|none
|upkeep
|turn|13
|
|t:|1758961510
|move|p1a: Hawlucha|Encore|p2a: Smeargle
|-start|p2a: Smeargle|Encore
|move|p2a: Smeargle|Quiver Dance|p2a: Smeargle
|-boost|p2a: Smeargle|spa|1
|-boost|p2a: Smeargle|spd|1
|-boost|p2a: Smeargle|spe|1
|
|upkeep
|turn|14
|
|t:|1758961512
|move|p2a: Smeargle|Quiver Dance|p2a: Smeargle
|-boost|p2a: Smeargle|spa|1
|-boost|p2a: Smeargle|spd|1
|-boost|p2a: Smeargle|spe|1
|move|p1a: Hawlucha|Swords Dance|p1a: Hawlucha
|-boost|p1a: Hawlucha|atk|2
|
|upkeep
|turn|15
|
|t:|1758961523
|move|p2a: Smeargle|Quiver Dance|p2a: Smeargle
|-boost|p2a: Smeargle|spa|1
|-boost|p2a: Smeargle|spd|1
|-boost|p2a: Smeargle|spe|1
|move|p1a: Hawlucha|Acrobatics|p2a: Smeargle
|-damage|p2a: Smeargle|65/100
|
|-heal|p2a: Smeargle|71/100|[from] item: Leftovers
|-end|p2a: Smeargle|Encore
|upkeep
|turn|16
|
|t:|1758961533
|move|p2a: Smeargle|Cotton Guard|p2a: Smeargle
|-boost|p2a: Smeargle|def|3
|move|p1a: Hawlucha|Acrobatics|p2a: Smeargle
|-damage|p2a: Smeargle|58/100
|
|-heal|p2a: Smeargle|64/100|[from] item: Leftovers
|-sideend|p2: texett|move: Aurora Veil
|upkeep
|turn|17
|
|t:|1758961539
|move|p2a: Smeargle|Stored Power|p1a: Hawlucha
|-supereffective|p1a: Hawlucha
|-damage|p1a: Hawlucha|0 fnt
|faint|p1a: Hawlucha
|
|-heal|p2a: Smeargle|70/100|[from] item: Leftovers
|upkeep
|
|t:|1758961549
|switch|p1a: Slowking|Slowking-Galar, F|100/100
|turn|18
|
|t:|1758961552
|move|p2a: Smeargle|Cotton Guard|p2a: Smeargle
|-boost|p2a: Smeargle|def|3
|move|p1a: Slowking|Psyshock|p2a: Smeargle
|-supereffective|p2a: Smeargle
|-damage|p2a: Smeargle|45/100
|
|-heal|p2a: Smeargle|51/100|[from] item: Leftovers
|upkeep
|turn|19
|
|t:|1758961559
|move|p2a: Smeargle|Strength Sap|p1a: Slowking
|-unboost|p1a: Slowking|atk|1
|-heal|p2a: Smeargle|90/100
|move|p1a: Slowking|Psyshock|p2a: Smeargle
|-supereffective|p2a: Smeargle
|-damage|p2a: Smeargle|64/100
|
|-heal|p2a: Smeargle|70/100|[from] item: Leftovers
|upkeep
|turn|20
|
|t:|1758961568
|move|p2a: Smeargle|Quiver Dance|p2a: Smeargle
|-boost|p2a: Smeargle|spa|1
|-boost|p2a: Smeargle|spd|1
|-boost|p2a: Smeargle|spe|1
|move|p1a: Slowking|Psyshock|p2a: Smeargle
|-supereffective|p2a: Smeargle
|-crit|p2a: Smeargle
|-damage|p2a: Smeargle|0 fnt
|faint|p2a: Smeargle
|
|win|FlyiingHaduken
|raw|FlyiingHaduken's rating: 1322 &rarr; <strong>1344</strong><br />(+22 for winning)
|raw|texett's rating: 1363 &rarr; <strong>1341</strong><br />(-22 for losing)
|l|☆FlyiingHaduken
|player|p1|
|l|☆texett
|player|p2|
