|j|☆shamoqingt
|j|☆Samarand
|t:|1758963219
|gametype|singles
|player|p1|shamoqingt|dawn|1393
|player|p2|Samarand|veteranf|1434
|gen|9
|tier|[Gen 9] OU
|rated|
|rule|HP Percentage Mod: HP is shown in percentages
|rule|Endless Battle Clause: Forcing endless battles is banned
|rule|Species Clause: Limit one of each Pokémon
|rule|OHKO Clause: OHKO moves are banned
|rule|Evasion Items Clause: Evasion items are banned
|rule|Evasion Moves Clause: Evasion moves are banned
|rule|Evasion Abilities Clause: Evasion abilities are banned
|rule|Sleep Moves Clause: Sleep-inducing moves are banned
|clearpoke
|poke|p1|Muk-Alola, F|
|poke|p1|Blaziken, F|
|poke|p1|Zapdos|
|poke|p1|Hydrapple, F|
|poke|p1|Walking Wake|
|poke|p1|Great Tusk|
|poke|p2|Delphox, F|
|poke|p2|Glimmora, F|
|poke|p2|Toucannon, M|
|poke|p2|Primarina, M|
|poke|p2|Meowscarada, F|
|poke|p2|Iron Treads|
|teampreview
|
|t:|1758963243
|teamsize|p1|6
|teamsize|p2|6
|start
|switch|p1a: Great Tusk|Great Tusk|100/100
|switch|p2a: Iron Treads|Iron Treads|100/100
|turn|1
|
|t:|1758963253
|-end|p2a: Iron Treads|Quark Drive|[silent]
|switch|p2a: Toucannon|Toucannon, M|100/100
|move|p1a: Great Tusk|Bulk Up|p1a: Great Tusk
|-boost|p1a: Great Tusk|atk|1
|-boost|p1a: Great Tusk|def|1
|
|upkeep
|turn|2
|
|t:|1758963262
|-singleturn|p2a: Toucannon|move: Beak Blast
|move|p1a: Great Tusk|Bulk Up|p1a: Great Tusk
|-boost|p1a: Great Tusk|atk|1
|-boost|p1a: Great Tusk|def|1
|move|p2a: Toucannon|Beak Blast|p1a: Great Tusk
|-supereffective|p1a: Great Tusk
|-damage|p1a: Great Tusk|69/100
|
|-heal|p1a: Great Tusk|75/100|[from] item: Leftovers
|upkeep
|turn|3
|
|t:|1758963278
|-terastallize|p1a: Great Tusk|Fire
|-singleturn|p2a: Toucannon|move: Beak Blast
|move|p1a: Great Tusk|Ice Spinner|p2a: Toucannon
|-supereffective|p2a: Toucannon
|-damage|p2a: Toucannon|0 fnt
|-damage|p1a: Great Tusk|59/100|[from] item: Rocky Helmet|[of] p2a: Toucannon
|faint|p2a: Toucannon
|
|-heal|p1a: Great Tusk|65/100|[from] item: Leftovers
|upkeep
|
|t:|1758963284
|switch|p2a: Delphox|Delphox, F|100/100
|turn|4
|
|t:|1758963292
|move|p2a: Delphox|Psychic|p1a: Great Tusk
|-damage|p1a: Great Tusk|0 fnt
|faint|p1a: Great Tusk
|-end|p1a: Great Tusk|Protosynthesis|[silent]
|-damage|p2a: Delphox|91/100|[from] item: Life Orb
|
|upkeep
|
|t:|1758963300
|switch|p1a: Blaziken|Blaziken, F|100/100
|turn|5
|
|t:|1758963309
|switch|p2a: Glimmora|Glimmora, F|100/100
|move|p1a: Blaziken|Swords Dance|p1a: Blaziken
|-boost|p1a: Blaziken|atk|2
|
|-ability|p1a: Blaziken|Speed Boost|boost
|-boost|p1a: Blaziken|spe|1
|upkeep
|turn|6
|
|t:|1758963316
|move|p1a: Blaziken|Earthquake|p2a: Glimmora
|-supereffective|p2a: Glimmora
|-damage|p2a: Glimmora|0 fnt
|-activate|p2a: Glimmora|ability: Toxic Debris
|-sidestart|p1: shamoqingt|move: Toxic Spikes
|faint|p2a: Glimmora
|
|-ability|p1a: Blaziken|Speed Boost|boost
|-boost|p1a: Blaziken|spe|1
|upkeep
|
|t:|1758963326
|switch|p2a: Primarina|Primarina, M|100/100
|turn|7
|
|t:|1758963329
|move|p1a: Blaziken|Earthquake|p2a: Primarina
|-damage|p2a: Primarina|8/100
|move|p2a: Primarina|Surf|p1a: Blaziken
|-supereffective|p1a: Blaziken
|-enditem|p1a: Blaziken|Focus Sash
|-damage|p1a: Blaziken|1/100
|
|-heal|p2a: Primarina|14/100|[from] item: Leftovers
|-ability|p1a: Blaziken|Speed Boost|boost
|-boost|p1a: Blaziken|spe|1
|upkeep
|turn|8
|
|t:|1758963339
|move|p1a: Blaziken|Earthquake|p2a: Primarina
|-damage|p2a: Primarina|0 fnt
|faint|p2a: Primarina
|
|-ability|p1a: Blaziken|Speed Boost|boost
|-boost|p1a: Blaziken|spe|1
|upkeep
|
|t:|1758963340
|switch|p2a: Meowscarada|Meowscarada, F|100/100
|turn|9
|
|t:|1758963346
|move|p2a: Meowscarada|Sucker Punch|p1a: Blaziken
|-start|p2a: Meowscarada|typechange|Dark|[from] ability: Protean
|-resisted|p1a: Blaziken
|-damage|p1a: Blaziken|0 fnt
|faint|p1a: Blaziken
|
|upkeep
|
|t:|1758963353
|switch|p1a: Muk|Muk-Alola, F|100/100
|-sideend|p1: shamoqingt|move: Toxic Spikes|[of] p1a: Muk
|turn|10
|
|t:|1758963357
|switch|p2a: Iron Treads|Iron Treads|100/100
|move|p1a: Muk|Knock Off|p2a: Iron Treads
|-damage|p2a: Iron Treads|58/100
|-enditem|p2a: Iron Treads|Leftovers|[from] move: Knock Off|[of] p1a: Muk
|
|upkeep
|turn|11
|
|t:|1758963370
|-end|p2a: Iron Treads|Quark Drive|[silent]
|switch|p2a: Delphox|Delphox, F|91/100
|switch|p1a: Hydrapple|Hydrapple, F|100/100
|
|upkeep
|turn|12
|
|t:|1758963380
|move|p2a: Delphox|Flamethrower|p1a: Hydrapple
|-damage|p1a: Hydrapple|46/100
|-status|p1a: Hydrapple|brn
|-damage|p2a: Delphox|81/100|[from] item: Life Orb
|move|p1a: Hydrapple|Fickle Beam|p2a: Delphox
|-damage|p2a: Delphox|45/100
|
|-damage|p1a: Hydrapple|40/100 brn|[from] brn
|upkeep
|turn|13
|
|t:|1758963395
|move|p2a: Delphox|Psychic|p1a: Hydrapple
|-damage|p1a: Hydrapple|0 fnt
|faint|p1a: Hydrapple
|-damage|p2a: Delphox|35/100|[from] item: Life Orb
|
|upkeep
|
|t:|1758963403
|switch|p1a: Walking Wake|Walking Wake|100/100
|turn|14
|
|t:|1758963411
|switch|p2a: Iron Treads|Iron Treads|58/100
|move|p1a: Walking Wake|Hydro Steam|p2a: Iron Treads
|-supereffective|p2a: Iron Treads
|-damage|p2a: Iron Treads|0 fnt
|faint|p2a: Iron Treads
|-end|p2a: Iron Treads|Quark Drive|[silent]
|
|upkeep
|
|t:|1758963414
|switch|p2a: Meowscarada|Meowscarada, F|100/100
|turn|15
|
|t:|1758963420
|-end|p1a: Walking Wake|Protosynthesis|[silent]
|switch|p1a: Muk|Muk-Alola, F|100/100
|move|p2a: Meowscarada|Flower Trick|p1a: Muk
|-start|p2a: Meowscarada|typechange|Grass|[from] ability: Protean
|-resisted|p1a: Muk
|-crit|p1a: Muk
|-damage|p1a: Muk|75/100
|
|upkeep
|turn|16
|
|t:|1758963444
|move|p2a: Meowscarada|Triple Axel|p1a: Muk
|-damage|p1a: Muk|69/100
|-damage|p2a: Meowscarada|84/100|[from] item: Rocky Helmet|[of] p1a: Muk
|-damage|p1a: Muk|55/100
|-damage|p2a: Meowscarada|67/100|[from] item: Rocky Helmet|[of] p1a: Muk
|-damage|p1a: Muk|34/100
|-damage|p2a: Meowscarada|51/100|[from] item: Rocky Helmet|[of] p1a: Muk
|-hitcount|p1a: Muk|3
|move|p1a: Muk|Poison Jab|p2a: Meowscarada
|-supereffective|p2a: Meowscarada
|-damage|p2a: Meowscarada|0 fnt
|faint|p2a: Meowscarada
|
|upkeep
|
|t:|1758963455
|switch|p2a: Delphox|Delphox, F|35/100
|turn|17
|
|t:|1758963458
|move|p2a: Delphox|Flamethrower|p1a: Muk
|-damage|p1a: Muk|0 fnt
|faint|p1a: Muk
|-damage|p2a: Delphox|25/100|[from] item: Life Orb
|
|upkeep
|
|t:|1758963463
|switch|p1a: Walking Wake|Walking Wake|100/100
|turn|18
|
|t:|1758963466
|move|p1a: Walking Wake|Hydro Steam|p2a: Delphox
|-supereffective|p2a: Delphox
|-damage|p2a: Delphox|0 fnt
|faint|p2a: Delphox
|
|win|shamoqingt
|raw|shamoqingt's rating: 1393 &rarr; <strong>1415</strong><br />(+22 for winning)
|raw|Samarand's rating: 1434 &rarr; <strong>1412</strong><br />(-22 for losing)
|l|☆Samarand
|player|p2|
|l|☆shamoqingt
|player|p1|
