|badge|p2|bronze|gen9ou|100-6
|html|<div class="broadcast-red"><strong>This battle is required to be public due to one or more player having a season medal.</strong><br />During the public phase, you can discuss the state of the ladder <a href="/seasondiscussion">in a special chatroom.</a></div>
|uhtml|medal-msg|<div class="broadcast-blue">Curious what those medals under the avatar are? PS now has Ladder Seasons! For more information, check out the <a href="https://www.smogon.com/forums/threads/3740067/">thread on Smogon.</a></div>
|raw|<div class="broadcast-blue"><strong>This battle is required to be public due to a player having a name starting with 'medal'.</div>
|j|‽clefable mirror
|j|☆ADM02
|t:|1758959531
|gametype|singles
|player|p1|clefable mirror|caitlin|1750
|player|p2|ADM02|101|1852
|gen|9
|tier|[Gen 9] OU
|rated|
|rule|HP Percentage Mod: HP is shown in percentages
|rule|Endless Battle Clause: Forcing endless battles is banned
|rule|Species Clause: Limit one of each Pokémon
|rule|OHKO Clause: OHKO moves are banned
|rule|Evasion Items Clause: Evasion items are banned
|rule|Evasion Moves Clause: Evasion moves are banned
|rule|Evasion Abilities Clause: Evasion abilities are banned
|rule|Sleep Moves Clause: Sleep-inducing moves are banned
|clearpoke
|poke|p1|Araquanid, F|
|poke|p1|Glimmora, F|
|poke|p1|Gholdengo|
|poke|p1|Raging Bolt|
|poke|p1|Ceruledge, F|
|poke|p1|Great Tusk|
|poke|p2|Cinderace, F|
|poke|p2|Clefable, M|
|poke|p2|Salamence, M|
|poke|p2|Dragonite, M|
|poke|p2|Hoopa-Unbound|
|poke|p2|Clodsire, F|
|teampreview
|inactive|Battle timer is ON: inactive players will automatically lose when time's up. (requested by ADM02)
|
|t:|1758959552
|teamsize|p1|6
|teamsize|p2|6
|start
|switch|p1a: Gholdengo|Gholdengo|100/100
|switch|p2a: Hoopa|Hoopa-Unbound|100/100
|turn|1
|
|t:|1758959558
|switch|p1a: Araquanid|Araquanid, F|100/100
|move|p2a: Hoopa|Knock Off|p1a: Araquanid
|-damage|p1a: Araquanid|49/100
|-enditem|p1a: Araquanid|Custap Berry|[from] move: Knock Off|[of] p2a: Hoopa
|
|upkeep
|turn|2
|j| 510paden
|j| iamfrhaan007
|inactive|ADM02 has 120 seconds left.
|l| iamfrhaan007
|j| larp legion
|
|t:|1758959609
|move|p2a: Hoopa|Thunderbolt|p1a: Araquanid
|-supereffective|p1a: Araquanid
|-damage|p1a: Araquanid|8/100
|move|p1a: Araquanid|Endeavor|p2a: Hoopa
|-damage|p2a: Hoopa|8/100
|
|upkeep
|turn|3
|
|t:|1758959621
|move|p2a: Hoopa|Psychic Noise|p1a: Araquanid
|-damage|p1a: Araquanid|0 fnt
|faint|p1a: Araquanid
|
|upkeep
|
|t:|1758959629
|switch|p1a: Ceruledge|Ceruledge, F|100/100
|-item|p1a: Ceruledge|Air Balloon
|turn|4
|j| stanley garden
|
|t:|1758959640
|switch|p2a: Salamence|Salamence, M|100/100
|-ability|p2a: Salamence|Intimidate|boost
|-unboost|p1a: Ceruledge|atk|1
|move|p1a: Ceruledge|Bitter Blade|p2a: Salamence
|-resisted|p2a: Salamence
|-damage|p2a: Salamence|90/100
|
|upkeep
|turn|5
|j| kimigoya
|
|t:|1758959651
|switch|p1a: Glimmora|Glimmora, F|100/100
|move|p2a: Salamence|Dragon Tail|p1a: Glimmora|[miss]
|-miss|p2a: Salamence|p1a: Glimmora
|
|upkeep
|turn|6
|l| stanley garden
|
|t:|1758959665
|switch|p2a: Clodsire|Clodsire, F|100/100
|move|p1a: Glimmora|Meteor Beam||[still]
|-prepare|p1a: Glimmora|Meteor Beam
|-boost|p1a: Glimmora|spa|1
|-enditem|p1a: Glimmora|Power Herb
|-anim|p1a: Glimmora|Meteor Beam|p2a: Clodsire
|-resisted|p2a: Clodsire
|-damage|p2a: Clodsire|66/100
|
|upkeep
|turn|7
|inactive|ADM02 has 120 seconds left.
|
|t:|1758959681
|switch|p2a: Hoopa|Hoopa-Unbound|8/100
|move|p1a: Glimmora|Earth Power|p2a: Hoopa
|-damage|p2a: Hoopa|0 fnt
|faint|p2a: Hoopa
|
|upkeep
|inactive|ADM02 has 120 seconds left.
|
|t:|1758959688
|switch|p2a: Dragonite|Dragonite, M|100/100
|turn|8
|j| Lamp0821
|l| Lamp0821
|
|t:|1758959696
|move|p1a: Glimmora|Sludge Wave|p2a: Dragonite
|-damage|p2a: Dragonite|61/100
|move|p2a: Dragonite|Earthquake|p1a: Glimmora
|-supereffective|p1a: Glimmora
|-damage|p1a: Glimmora|0 fnt
|-activate|p1a: Glimmora|ability: Toxic Debris
|-sidestart|p2: ADM02|move: Toxic Spikes
|faint|p1a: Glimmora
|
|upkeep
|j| PG Spectating
|inactive|clefable mirror has 120 seconds left.
|
|t:|1758959728
|switch|p1a: Great Tusk|Great Tusk|100/100
|-enditem|p1a: Great Tusk|Booster Energy
|-activate|p1a: Great Tusk|ability: Protosynthesis|[fromitem]
|-start|p1a: Great Tusk|protosynthesisspe
|turn|9
|
|t:|1758959739
|switch|p2a: Salamence|Salamence, M|90/100
|-ability|p2a: Salamence|Intimidate|boost
|-unboost|p1a: Great Tusk|atk|1
|move|p1a: Great Tusk|Knock Off|p2a: Salamence
|-damage|p2a: Salamence|76/100
|-enditem|p2a: Salamence|Heavy-Duty Boots|[from] move: Knock Off|[of] p1a: Great Tusk
|
|upkeep
|turn|10
|j| wgw2333
|
|t:|1758959754
|-end|p1a: Great Tusk|Protosynthesis|[silent]
|switch|p1a: Ceruledge|Ceruledge, F|100/100
|-item|p1a: Ceruledge|Air Balloon
|move|p2a: Salamence|Air Slash|p1a: Ceruledge
|-damage|p1a: Ceruledge|64/100
|-enditem|p1a: Ceruledge|Air Balloon
|
|upkeep
|turn|11
|j| locked in bro
|
|t:|1758959764
|move|p1a: Ceruledge|Swords Dance|p1a: Ceruledge
|-boost|p1a: Ceruledge|atk|2
|move|p2a: Salamence|Dragon Tail|p1a: Ceruledge
|-damage|p1a: Ceruledge|28/100
|-ability|p1a: Ceruledge|Weak Armor|boost
|-unboost|p1a: Ceruledge|def|1
|-boost|p1a: Ceruledge|spe|2
|drag|p1a: Raging Bolt|Raging Bolt|100/100
|-enditem|p1a: Raging Bolt|Booster Energy
|-activate|p1a: Raging Bolt|ability: Protosynthesis|[fromitem]
|-start|p1a: Raging Bolt|protosynthesisspa
|
|upkeep
|turn|12
|j| shikuleo
|l| larp legion
|j| heatraniac
|
|t:|1758959793
|switch|p2a: Dragonite|Dragonite, M|61/100
|-terastallize|p1a: Raging Bolt|Fairy
|move|p1a: Raging Bolt|Tera Blast|p2a: Dragonite|[anim] Tera Blast Fairy
|-supereffective|p2a: Dragonite
|-damage|p2a: Dragonite|0 fnt
|faint|p2a: Dragonite
|
|upkeep
|l| heatraniac
|inactive|ADM02 has 120 seconds left.
|j| shyahngyoo
|inactive|ADM02 has 90 seconds left.
|
|t:|1758959837
|switch|p2a: Clodsire|Clodsire, F|66/100
|-sideend|p2: ADM02|move: Toxic Spikes|[of] p2a: Clodsire
|turn|13
|j| larp legion
|
|t:|1758959844
|-end|p1a: Raging Bolt|Protosynthesis|[silent]
|switch|p1a: Gholdengo|Gholdengo|100/100
|move|p2a: Clodsire|Toxic|p1a: Gholdengo
|-immune|p1a: Gholdengo|[from] ability: Good as Gold
|
|upkeep
|turn|14
|
|t:|1758959850
|move|p1a: Gholdengo|Psyshock|p2a: Clodsire
|-supereffective|p2a: Clodsire
|-damage|p2a: Clodsire|21/100
|move|p2a: Clodsire|Stealth Rock|p1a: Gholdengo
|-sidestart|p1: clefable mirror|move: Stealth Rock
|
|upkeep
|turn|15
|
|t:|1758959863
|move|p1a: Gholdengo|Make It Rain|p2a: Clodsire
|-damage|p2a: Clodsire|0 fnt
|-unboost|p1a: Gholdengo|spa|1
|faint|p2a: Clodsire
|
|upkeep
|
|t:|1758959865
|switch|p2a: Cinderace|Cinderace, F|100/100
|turn|16
|
|t:|1758959875
|switch|p1a: Ceruledge|Ceruledge, F|28/100
|-damage|p1a: Ceruledge|4/100|[from] Stealth Rock
|move|p2a: Cinderace|Pyro Ball|p1a: Ceruledge|[miss]
|-miss|p2a: Cinderace|p1a: Ceruledge
|
|upkeep
|turn|17
|inactive|ADM02 has 120 seconds left.
|j| iamfrhaan007
|
|t:|1758959891
|move|p2a: Cinderace|Sucker Punch|p1a: Ceruledge
|-supereffective|p1a: Ceruledge
|-damage|p1a: Ceruledge|0 fnt
|faint|p1a: Ceruledge
|
|upkeep
|l| iamfrhaan007
|
|t:|1758959894
|switch|p1a: Great Tusk|Great Tusk|100/100
|-damage|p1a: Great Tusk|97/100|[from] Stealth Rock
|turn|18
|
|t:|1758959902
|switch|p2a: Salamence|Salamence, M|76/100
|-ability|p2a: Salamence|Intimidate|boost
|-unboost|p1a: Great Tusk|atk|1
|move|p1a: Great Tusk|Rapid Spin|p2a: Salamence
|-damage|p2a: Salamence|70/100
|-boost|p1a: Great Tusk|spe|1
|-sideend|p1: clefable mirror|Stealth Rock|[from] move: Rapid Spin|[of] p1a: Great Tusk
|
|upkeep
|turn|19
|j| 54 insane rats
|
|t:|1758959914
|move|p1a: Great Tusk|Bulk Up|p1a: Great Tusk
|-boost|p1a: Great Tusk|atk|1
|-boost|p1a: Great Tusk|def|1
|move|p2a: Salamence|Flamethrower|p1a: Great Tusk
|-damage|p1a: Great Tusk|70/100
|
|upkeep
|turn|20
|
|t:|1758959919
|move|p1a: Great Tusk|Knock Off|p2a: Salamence
|-damage|p2a: Salamence|56/100
|move|p2a: Salamence|Air Slash|p1a: Great Tusk
|-supereffective|p1a: Great Tusk
|-damage|p1a: Great Tusk|1/100
|
|upkeep
|turn|21
|
|t:|1758959928
|move|p1a: Great Tusk|Knock Off|p2a: Salamence
|-damage|p2a: Salamence|42/100
|move|p2a: Salamence|Roost|p2a: Salamence
|-heal|p2a: Salamence|92/100
|-singleturn|p2a: Salamence|move: Roost
|
|upkeep
|turn|22
|
|t:|1758959933
|move|p1a: Great Tusk|Knock Off|p2a: Salamence
|-damage|p2a: Salamence|77/100
|move|p2a: Salamence|Flamethrower|p1a: Great Tusk
|-damage|p1a: Great Tusk|0 fnt
|faint|p1a: Great Tusk
|-end|p1a: Great Tusk|Protosynthesis|[silent]
|
|upkeep
|
|t:|1758959936
|switch|p1a: Raging Bolt|Raging Bolt, tera:Fairy|100/100
|turn|23
|
|t:|1758959947
|move|p2a: Salamence|Air Slash|p1a: Raging Bolt
|-damage|p1a: Raging Bolt|72/100
|move|p1a: Raging Bolt|Calm Mind|p1a: Raging Bolt
|-boost|p1a: Raging Bolt|spa|1
|-boost|p1a: Raging Bolt|spd|1
|
|upkeep
|turn|24
|
|t:|1758959953
|move|p2a: Salamence|Air Slash|p1a: Raging Bolt
|-damage|p1a: Raging Bolt|55/100
|move|p1a: Raging Bolt|Calm Mind|p1a: Raging Bolt
|-boost|p1a: Raging Bolt|spa|1
|-boost|p1a: Raging Bolt|spd|1
|
|upkeep
|turn|25
|
|t:|1758959959
|move|p1a: Raging Bolt|Thunderclap|p2a: Salamence
|-damage|p2a: Salamence|0 fnt
|faint|p2a: Salamence
|
|upkeep
|
|t:|1758959965
|switch|p2a: Cinderace|Cinderace, F|100/100
|turn|26
|
|t:|1758959971
|move|p2a: Cinderace|Sucker Punch|p1a: Raging Bolt
|-resisted|p1a: Raging Bolt
|-damage|p1a: Raging Bolt|45/100
|move|p1a: Raging Bolt|Thunderclap||[still]
|-fail|p1a: Raging Bolt
|
|upkeep
|turn|27
|
|t:|1758959979
|move|p1a: Raging Bolt|Thunderclap||[still]
|-fail|p1a: Raging Bolt
|move|p2a: Cinderace|Swords Dance|p2a: Cinderace
|-boost|p2a: Cinderace|atk|2
|
|upkeep
|turn|28
|
|t:|1758959987
|move|p2a: Cinderace|Sucker Punch|p1a: Raging Bolt
|-resisted|p1a: Raging Bolt
|-damage|p1a: Raging Bolt|26/100
|move|p1a: Raging Bolt|Thunderclap||[still]
|-fail|p1a: Raging Bolt
|
|upkeep
|turn|29
|j| Squallskip
|
|t:|1758959998
|move|p2a: Cinderace|Sucker Punch|p1a: Raging Bolt
|-resisted|p1a: Raging Bolt
|-damage|p1a: Raging Bolt|6/100
|move|p1a: Raging Bolt|Thunderbolt|p2a: Cinderace
|-damage|p2a: Cinderace|0 fnt
|faint|p2a: Cinderace
|
|upkeep
|
|t:|1758960003
|switch|p2a: Clefable|Clefable, M|100/100
|turn|30
|
|t:|1758960009
|move|p1a: Raging Bolt|Thunderbolt|p2a: Clefable
|-damage|p2a: Clefable|0 fnt
|faint|p2a: Clefable
|
|win|clefable mirror
|raw|clefable mirror's rating: 1750 &rarr; <strong>1776</strong><br />(+26 for winning)
|raw|ADM02's rating: 1852 &rarr; <strong>1826</strong><br />(-26 for losing)
|l| locked in bro
|l|☆ADM02
|player|p2|
|n|☆clefable mirror|clefablemirror
|l| Squallskip
|c|☆clefable mirror|ggwp!!
