|badge|p1|bronze|gen9ou|100-6
|badge|p1|silver|gen9uu|30-6
|badge|p1|bronze|gen9ru|100-6
|html|<div class="broadcast-red"><strong>This battle is required to be public due to one or more player having a season medal.</strong><br />During the public phase, you can discuss the state of the ladder <a href="/seasondiscussion">in a special chatroom.</a></div>
|uhtml|medal-msg|<div class="broadcast-blue">Curious what those medals under the avatar are? PS now has Ladder Seasons! For more information, check out the <a href="https://www.smogon.com/forums/threads/3740067/">thread on Smogon.</a></div>
|badge|p2|bronze|gen9ou|100-6
|badge|p2|bronze|gen9ru|100-6
|badge|p2|bronze|gen9uu|100-6
|uhtml|medal-msg|<div class="broadcast-blue">Curious what those medals under the avatar are? PS now has Ladder Seasons! For more information, check out the <a href="https://www.smogon.com/forums/threads/3740067/">thread on Smogon.</a></div>
|raw|<div class="broadcast-blue"><strong>This battle is required to be public due to a player having a name starting with 'medal'.</div>
|j|☆cold.exe
|j|☆SirPeanutCronch
|t:|1758986541
|gametype|singles
|player|p1|cold.exe|flannery|1881
|player|p2|SirPeanutCronch|#wcop2025africa|1873
|gen|9
|tier|[Gen 9] OU
|rated|
|rule|HP Percentage Mod: HP is shown in percentages
|rule|Endless Battle Clause: Forcing endless battles is banned
|rule|Species Clause: Limit one of each Pokémon
|rule|OHKO Clause: OHKO moves are banned
|rule|Evasion Items Clause: Evasion items are banned
|rule|Evasion Moves Clause: Evasion moves are banned
|rule|Evasion Abilities Clause: Evasion abilities are banned
|rule|Sleep Moves Clause: Sleep-inducing moves are banned
|clearpoke
|poke|p1|Ogerpon-Wellspring, F|
|poke|p1|Corviknight, M|
|poke|p1|Cinderace, F|
|poke|p1|Landorus-Therian, M|
|poke|p1|Zamazenta-*|
|poke|p1|Zapdos|
|poke|p2|Ting-Lu|
|poke|p2|Gliscor, F|
|poke|p2|Sinistcha-Masterpiece|
|poke|p2|Keldeo|
|poke|p2|Tinkaton, F|
|poke|p2|Dragonite, M|
|teampreview
|inactive|Battle timer is ON: inactive players will automatically lose when time's up. (requested by cold.exe)
|inactive|SirPeanutCronch also wants the timer to be on.
|j| Almighty Sa'
|j| lucasasinnoh
|inactive|cold.exe has 120 seconds left.
|inactive|SirPeanutCronch has 120 seconds left.
|
|t:|1758986595
|teamsize|p1|6
|teamsize|p2|6
|start
|switch|p1a: Zapdos|Zapdos|100/100
|switch|p2a: Dance Armstrong|Gliscor, F|100/100
|turn|1
|
|t:|1758986601
|move|p2a: Dance Armstrong|Protect|p2a: Dance Armstrong
|-singleturn|p2a: Dance Armstrong|Protect
|move|p1a: Zapdos|Hurricane|p2a: Dance Armstrong
|-activate|p2a: Dance Armstrong|move: Protect
|
|-status|p2a: Dance Armstrong|tox|[from] item: Toxic Orb
|upkeep
|turn|2
|
|t:|1758986608
|switch|p1a: Corviknight|Corviknight, M|100/100
|-ability|p1a: Corviknight|Pressure
|switch|p2a: Jarhead|Ting-Lu|100/100
|-ability|p2a: Jarhead|Vessel of Ruin
|
|upkeep
|turn|3
|
|t:|1758986615
|move|p2a: Jarhead|Spikes|p1a: Corviknight
|-sidestart|p1: cold.exe|Spikes
|move|p1a: Corviknight|Body Press|p2a: Jarhead
|-supereffective|p2a: Jarhead
|-damage|p2a: Jarhead|72/100
|
|-heal|p2a: Jarhead|78/100|[from] item: Leftovers
|upkeep
|turn|4
|
|t:|1758986621
|move|p2a: Jarhead|Ruination|p1a: Corviknight
|-damage|p1a: Corviknight|50/100
|move|p1a: Corviknight|Body Press|p2a: Jarhead
|-supereffective|p2a: Jarhead
|-damage|p2a: Jarhead|49/100
|
|-heal|p2a: Jarhead|55/100|[from] item: Leftovers
|upkeep
|turn|5
|
|t:|1758986626
|switch|p2a: My Little Pwny|Keldeo|100/100
|move|p1a: Corviknight|Roost|p1a: Corviknight
|-heal|p1a: Corviknight|100/100
|-singleturn|p1a: Corviknight|move: Roost
|
|upkeep
|turn|6
|
|t:|1758986634
|move|p2a: My Little Pwny|Flip Turn|p1a: Corviknight
|-damage|p1a: Corviknight|91/100
|-damage|p2a: My Little Pwny|84/100|[from] item: Rocky Helmet|[of] p1a: Corviknight
|
|t:|1758986639
|switch|p2a: Tinkki Minaj|Tinkaton, F|100/100|[from] Flip Turn
|-ability|p2a: Tinkki Minaj|Mold Breaker
|-item|p2a: Tinkki Minaj|Air Balloon
|move|p1a: Corviknight|U-turn|p2a: Tinkki Minaj
|-resisted|p2a: Tinkki Minaj
|-damage|p2a: Tinkki Minaj|97/100
|-enditem|p2a: Tinkki Minaj|Air Balloon
|
|t:|1758986652
|switch|p1a: Cinderace|Cinderace, F|100/100|[from] U-turn
|
|upkeep
|turn|7
|
|t:|1758986657
|switch|p2a: Dance Armstrong|Gliscor, F|100/100 tox
|move|p1a: Cinderace|Pyro Ball|p2a: Dance Armstrong
|-damage|p2a: Dance Armstrong|64/100 tox
|
|-heal|p2a: Dance Armstrong|76/100 tox|[from] ability: Poison Heal
|upkeep
|turn|8
|
|t:|1758986666
|move|p1a: Cinderace|U-turn|p2a: Dance Armstrong
|-resisted|p2a: Dance Armstrong
|-damage|p2a: Dance Armstrong|70/100 tox
|
|t:|1758986668
|switch|p1a: Corviknight|Corviknight, M|91/100|[from] U-turn
|-ability|p1a: Corviknight|Pressure
|move|p2a: Dance Armstrong|Knock Off|p1a: Corviknight
|-damage|p1a: Corviknight|77/100
|-damage|p2a: Dance Armstrong|53/100 tox|[from] item: Rocky Helmet|[of] p1a: Corviknight
|-enditem|p1a: Corviknight|Rocky Helmet|[from] move: Knock Off|[of] p2a: Dance Armstrong
|
|-heal|p2a: Dance Armstrong|66/100 tox|[from] ability: Poison Heal
|upkeep
|turn|9
|
|t:|1758986671
|move|p2a: Dance Armstrong|Swords Dance|p2a: Dance Armstrong
|-boost|p2a: Dance Armstrong|atk|2
|move|p1a: Corviknight|U-turn|p2a: Dance Armstrong
|-resisted|p2a: Dance Armstrong
|-damage|p2a: Dance Armstrong|60/100 tox
|
|t:|1758986674
|switch|p1a: Zapdos|Zapdos|100/100|[from] U-turn
|
|-heal|p2a: Dance Armstrong|72/100 tox|[from] ability: Poison Heal
|upkeep
|turn|10
|
|t:|1758986676
|move|p2a: Dance Armstrong|Protect|p2a: Dance Armstrong
|-singleturn|p2a: Dance Armstrong|Protect
|move|p1a: Zapdos|Hurricane|p2a: Dance Armstrong
|-activate|p2a: Dance Armstrong|move: Protect
|
|-heal|p2a: Dance Armstrong|85/100 tox|[from] ability: Poison Heal
|upkeep
|turn|11
|
|t:|1758986681
|switch|p2a: Tinkki Minaj|Tinkaton, F|97/100
|-ability|p2a: Tinkki Minaj|Mold Breaker
|move|p1a: Zapdos|Hurricane|p2a: Tinkki Minaj
|-resisted|p2a: Tinkki Minaj
|-damage|p2a: Tinkki Minaj|60/100
|-start|p2a: Tinkki Minaj|confusion
|
|upkeep
|turn|12
|
|t:|1758986688
|switch|p1a: Cinderace|Cinderace, F|100/100
|-activate|p2a: Tinkki Minaj|confusion
|move|p2a: Tinkki Minaj|Stealth Rock|p1a: Cinderace
|-sidestart|p1: cold.exe|move: Stealth Rock
|
|upkeep
|turn|13
|
|t:|1758986696
|switch|p2a: Dance Armstrong|Gliscor, F|85/100 tox
|move|p1a: Cinderace|Pyro Ball|p2a: Dance Armstrong
|-damage|p2a: Dance Armstrong|45/100 tox
|
|-heal|p2a: Dance Armstrong|58/100 tox|[from] ability: Poison Heal
|upkeep
|turn|14
|
|t:|1758986700
|move|p2a: Dance Armstrong|Protect|p2a: Dance Armstrong
|-singleturn|p2a: Dance Armstrong|Protect
|move|p1a: Cinderace|Court Change|p1a: Cinderace
|-swapsideconditions
|-activate|p1a: Cinderace|move: Court Change
|
|-heal|p2a: Dance Armstrong|70/100 tox|[from] ability: Poison Heal
|upkeep
|turn|15
|
|t:|1758986703
|switch|p1a: Corviknight|Corviknight, M|77/100
|-ability|p1a: Corviknight|Pressure
|move|p2a: Dance Armstrong|Swords Dance|p2a: Dance Armstrong
|-boost|p2a: Dance Armstrong|atk|2
|
|-heal|p2a: Dance Armstrong|83/100 tox|[from] ability: Poison Heal
|upkeep
|turn|16
|
|t:|1758986707
|move|p2a: Dance Armstrong|Protect|p2a: Dance Armstrong
|-singleturn|p2a: Dance Armstrong|Protect
|move|p1a: Corviknight|Iron Defense|p1a: Corviknight
|-boost|p1a: Corviknight|def|2
|
|-heal|p2a: Dance Armstrong|95/100 tox|[from] ability: Poison Heal
|upkeep
|turn|17
|
|t:|1758986710
|move|p2a: Dance Armstrong|Swords Dance|p2a: Dance Armstrong
|-boost|p2a: Dance Armstrong|atk|2
|move|p1a: Corviknight|Body Press|p2a: Dance Armstrong
|-resisted|p2a: Dance Armstrong
|-damage|p2a: Dance Armstrong|75/100 tox
|
|-heal|p2a: Dance Armstrong|87/100 tox|[from] ability: Poison Heal
|upkeep
|turn|18
|
|t:|1758986713
|switch|p2a: Tchavis Scott|Sinistcha-Masterpiece|100/100
|move|p1a: Corviknight|Iron Defense|p1a: Corviknight
|-boost|p1a: Corviknight|def|2
|
|upkeep
|turn|19
|
|t:|1758986717
|move|p2a: Tchavis Scott|Matcha Gotcha|p1a: Corviknight
|-resisted|p1a: Corviknight
|-damage|p1a: Corviknight|69/100
|-status|p1a: Corviknight|brn
|move|p1a: Corviknight|U-turn|p2a: Tchavis Scott
|-damage|p2a: Tchavis Scott|96/100
|
|t:|1758986719
|switch|p1a: Zapdos|Zapdos|100/100|[from] U-turn
|
|upkeep
|turn|20
|
|t:|1758986746
|switch|p2a: Jarhead|Ting-Lu|55/100
|-damage|p2a: Jarhead|43/100|[from] Spikes
|-damage|p2a: Jarhead|36/100|[from] Stealth Rock
|-ability|p2a: Jarhead|Vessel of Ruin
|move|p1a: Zapdos|Hurricane|p2a: Jarhead
|-damage|p2a: Jarhead|1/100
|
|-heal|p2a: Jarhead|7/100|[from] item: Leftovers
|upkeep
|turn|21
|
|t:|1758986753
|move|p1a: Zapdos|Hurricane|p2a: Jarhead
|-damage|p2a: Jarhead|0 fnt
|faint|p2a: Jarhead
|
|upkeep
|
|t:|1758986769
|switch|p2a: Tinkki Minaj|Tinkaton, F|60/100
|-damage|p2a: Tinkki Minaj|48/100|[from] Spikes
|-damage|p2a: Tinkki Minaj|42/100|[from] Stealth Rock
|-ability|p2a: Tinkki Minaj|Mold Breaker
|turn|22
|j| KwasnyOstry
|inactive|cold.exe has 120 seconds left.
|
|t:|1758986800
|move|p1a: Zapdos|Hurricane|p2a: Tinkki Minaj
|-resisted|p2a: Tinkki Minaj
|-damage|p2a: Tinkki Minaj|6/100
|move|p2a: Tinkki Minaj|Stealth Rock|p1a: Zapdos
|-sidestart|p1: cold.exe|move: Stealth Rock
|
|upkeep
|turn|23
|
|t:|1758986804
|move|p1a: Zapdos|Hurricane|p2a: Tinkki Minaj|[miss]
|-miss|p1a: Zapdos|p2a: Tinkki Minaj
|move|p2a: Tinkki Minaj|Encore|p1a: Zapdos
|-start|p1a: Zapdos|Encore
|
|upkeep
|turn|24
|
|t:|1758986807
|move|p1a: Zapdos|Hurricane|p2a: Tinkki Minaj
|-resisted|p2a: Tinkki Minaj
|-damage|p2a: Tinkki Minaj|0 fnt
|faint|p2a: Tinkki Minaj
|
|upkeep
|
|t:|1758986814
|switch|p2a: Secret Service|Dragonite, M|100/100
|turn|25
|
|t:|1758986817
|move|p1a: Zapdos|Hurricane|p2a: Secret Service|[miss]
|-miss|p1a: Zapdos|p2a: Secret Service
|move|p2a: Secret Service|Dragon Tail|p1a: Zapdos
|-damage|p1a: Zapdos|58/100
|-status|p2a: Secret Service|par|[from] ability: Static|[of] p1a: Zapdos
|drag|p1a: Cinderace|Cinderace, F|100/100
|
|upkeep
|turn|26
|
|t:|1758986824
|move|p2a: Secret Service|Extreme Speed|p1a: Cinderace
|-damage|p1a: Cinderace|65/100
|move|p1a: Cinderace|U-turn|p2a: Secret Service
|-resisted|p2a: Secret Service
|-damage|p2a: Secret Service|96/100 par
|
|t:|1758986829
|switch|p1a: Zamazenta|Zamazenta|100/100|[from] U-turn
|-damage|p1a: Zamazenta|94/100|[from] Stealth Rock
|-ability|p1a: Zamazenta|Dauntless Shield|boost
|-boost|p1a: Zamazenta|def|1
|
|upkeep
|turn|27
|
|t:|1758986836
|switch|p2a: Tchavis Scott|Sinistcha-Masterpiece|96/100
|move|p1a: Zamazenta|Ice Fang|p2a: Tchavis Scott|[miss]
|-miss|p1a: Zamazenta|p2a: Tchavis Scott
|
|upkeep
|turn|28
|
|t:|1758986842
|move|p1a: Zamazenta|Ice Fang|p2a: Tchavis Scott
|-supereffective|p2a: Tchavis Scott
|-damage|p2a: Tchavis Scott|55/100
|-damage|p1a: Zamazenta|84/100|[from] item: Life Orb
|cant|p2a: Tchavis Scott|flinch
|
|upkeep
|turn|29
|
|t:|1758986864
|move|p1a: Zamazenta|Crunch|p2a: Tchavis Scott
|-supereffective|p2a: Tchavis Scott
|-damage|p2a: Tchavis Scott|5/100
|-damage|p1a: Zamazenta|75/100|[from] item: Life Orb
|move|p2a: Tchavis Scott|Strength Sap|p1a: Zamazenta
|-unboost|p1a: Zamazenta|atk|1
|-heal|p2a: Tchavis Scott|100/100
|
|upkeep
|turn|30
|j| paternozzo
|l| paternozzo
|inactive|cold.exe has 120 seconds left.
|
|t:|1758986886
|switch|p1a: Corviknight|Corviknight, M|69/100 brn
|-damage|p1a: Corviknight|57/100 brn|[from] Stealth Rock
|-ability|p1a: Corviknight|Pressure
|move|p2a: Tchavis Scott|Matcha Gotcha|p1a: Corviknight
|-resisted|p1a: Corviknight
|-damage|p1a: Corviknight|49/100 brn
|
|-damage|p1a: Corviknight|43/100 brn|[from] brn
|upkeep
|turn|31
|
|t:|1758986891
|move|p2a: Tchavis Scott|Calm Mind|p2a: Tchavis Scott
|-boost|p2a: Tchavis Scott|spa|1
|-boost|p2a: Tchavis Scott|spd|1
|move|p1a: Corviknight|U-turn|p2a: Tchavis Scott
|-damage|p2a: Tchavis Scott|95/100
|
|t:|1758986893
|switch|p1a: Zapdos|Zapdos|58/100|[from] U-turn
|-damage|p1a: Zapdos|33/100|[from] Stealth Rock
|
|upkeep
|turn|32
|
|t:|1758986897
|switch|p2a: Secret Service|Dragonite, M|96/100 par
|move|p1a: Zapdos|Hurricane|p2a: Secret Service|[miss]
|-miss|p1a: Zapdos|p2a: Secret Service
|
|upkeep
|turn|33
|
|t:|1758986901
|move|p2a: Secret Service|Extreme Speed|p1a: Zapdos
|-damage|p1a: Zapdos|0 fnt
|faint|p1a: Zapdos
|
|upkeep
|
|t:|1758986908
|switch|p1a: Zamazenta|Zamazenta|75/100
|-damage|p1a: Zamazenta|68/100|[from] Stealth Rock
|turn|34
|
|t:|1758986914
|move|p1a: Zamazenta|Crunch|p2a: Secret Service
|-damage|p2a: Secret Service|62/100 par
|-damage|p1a: Zamazenta|59/100|[from] item: Life Orb
|cant|p2a: Secret Service|par
|
|upkeep
|turn|35
|
|t:|1758986919
|move|p2a: Secret Service|Extreme Speed|p1a: Zamazenta
|-damage|p1a: Zamazenta|32/100
|move|p1a: Zamazenta|Ice Fang|p2a: Secret Service
|-supereffective|p2a: Secret Service
|-damage|p2a: Secret Service|0 fnt
|faint|p2a: Secret Service
|-damage|p1a: Zamazenta|22/100|[from] item: Life Orb
|
|upkeep
|
|t:|1758986932
|switch|p2a: Tchavis Scott|Sinistcha-Masterpiece|95/100
|turn|36
|
|t:|1758986937
|move|p1a: Zamazenta|Ice Fang|p2a: Tchavis Scott|[miss]
|-miss|p1a: Zamazenta|p2a: Tchavis Scott
|move|p2a: Tchavis Scott|Strength Sap|p1a: Zamazenta
|-unboost|p1a: Zamazenta|atk|1
|-heal|p2a: Tchavis Scott|100/100
|
|upkeep
|turn|37
|
|t:|1758986943
|switch|p1a: Cinderace|Cinderace, F|65/100
|move|p2a: Tchavis Scott|Strength Sap|p1a: Cinderace
|-unboost|p1a: Cinderace|atk|1
|
|upkeep
|turn|38
|
|t:|1758986947
|move|p1a: Cinderace|Will-O-Wisp|p2a: Tchavis Scott
|-status|p2a: Tchavis Scott|brn
|move|p2a: Tchavis Scott|Calm Mind|p2a: Tchavis Scott
|-boost|p2a: Tchavis Scott|spa|1
|-boost|p2a: Tchavis Scott|spd|1
|
|-damage|p2a: Tchavis Scott|98/100 brn|[from] brn
|upkeep
|turn|39
|
|t:|1758986958
|move|p1a: Cinderace|Pyro Ball|p2a: Tchavis Scott
|-supereffective|p2a: Tchavis Scott
|-damage|p2a: Tchavis Scott|77/100 brn
|move|p2a: Tchavis Scott|Strength Sap|p1a: Cinderace
|-unboost|p1a: Cinderace|atk|1
|-heal|p2a: Tchavis Scott|100/100 brn
|
|-damage|p2a: Tchavis Scott|98/100 brn|[from] brn
|upkeep
|turn|40
|
|t:|1758986963
|move|p1a: Cinderace|U-turn|p2a: Tchavis Scott
|-damage|p2a: Tchavis Scott|91/100 brn
|
|t:|1758986966
|switch|p1a: Corviknight|Corviknight, M|43/100 brn|[from] U-turn
|-damage|p1a: Corviknight|30/100 brn|[from] Stealth Rock
|-ability|p1a: Corviknight|Pressure
|move|p2a: Tchavis Scott|Calm Mind|p2a: Tchavis Scott
|-boost|p2a: Tchavis Scott|spa|1
|-boost|p2a: Tchavis Scott|spd|1
|
|-damage|p2a: Tchavis Scott|88/100 brn|[from] brn
|-damage|p1a: Corviknight|24/100 brn|[from] brn
|upkeep
|turn|41
|
|t:|1758986976
|move|p2a: Tchavis Scott|Shadow Ball|p1a: Corviknight
|-damage|p1a: Corviknight|0 fnt
|faint|p1a: Corviknight
|
|-damage|p2a: Tchavis Scott|85/100 brn|[from] brn
|upkeep
|
|t:|1758986979
|switch|p1a: Zamazenta|Zamazenta|22/100
|-damage|p1a: Zamazenta|16/100|[from] Stealth Rock
|turn|42
|
|t:|1758987001
|switch|p1a: Cinderace|Cinderace, F|65/100
|move|p2a: Tchavis Scott|Strength Sap|p1a: Cinderace
|-unboost|p1a: Cinderace|atk|1
|-heal|p2a: Tchavis Scott|100/100 brn
|
|-damage|p2a: Tchavis Scott|98/100 brn|[from] brn
|upkeep
|turn|43
|
|t:|1758987007
|move|p1a: Cinderace|Pyro Ball|p2a: Tchavis Scott|[miss]
|-miss|p1a: Cinderace|p2a: Tchavis Scott
|move|p2a: Tchavis Scott|Strength Sap|p1a: Cinderace
|-unboost|p1a: Cinderace|atk|1
|-heal|p2a: Tchavis Scott|100/100 brn
|
|-damage|p2a: Tchavis Scott|98/100 brn|[from] brn
|upkeep
|turn|44
|
|t:|1758987012
|move|p1a: Cinderace|Pyro Ball|p2a: Tchavis Scott
|-supereffective|p2a: Tchavis Scott
|-damage|p2a: Tchavis Scott|82/100 brn
|move|p2a: Tchavis Scott|Shadow Ball|p1a: Cinderace
|-damage|p1a: Cinderace|0 fnt
|faint|p1a: Cinderace
|
|-damage|p2a: Tchavis Scott|79/100 brn|[from] brn
|upkeep
|
|t:|1758987015
|switch|p1a: Zamazenta|Zamazenta|16/100
|-damage|p1a: Zamazenta|10/100|[from] Stealth Rock
|turn|45
|
|t:|1758987019
|switch|p2a: My Little Pwny|Keldeo|84/100
|move|p1a: Zamazenta|Ice Fang|p2a: My Little Pwny
|-resisted|p2a: My Little Pwny
|-damage|p2a: My Little Pwny|67/100
|-damage|p1a: Zamazenta|0 fnt|[from] item: Life Orb
|faint|p1a: Zamazenta
|
|upkeep
|
|t:|1758987030
|switch|p1a: Ogerpon|Ogerpon-Wellspring, F|100/100
|-damage|p1a: Ogerpon|88/100|[from] Stealth Rock
|turn|46
|
|t:|1758987045
|-terastallize|p1a: Ogerpon|Water
|detailschange|p1a: Ogerpon|Ogerpon-Wellspring-Tera, F, tera:Water
|-ability|p1a: Ogerpon|Embody Aspect (Wellspring)|boost
|-boost|p1a: Ogerpon|spd|1
|move|p2a: My Little Pwny|Vacuum Wave|p1a: Ogerpon
|-damage|p1a: Ogerpon|72/100
|move|p1a: Ogerpon|Swords Dance|p1a: Ogerpon
|-boost|p1a: Ogerpon|atk|2
|
|upkeep
|turn|47
|
|t:|1758987054
|move|p2a: My Little Pwny|Aura Sphere|p1a: Ogerpon
|-damage|p1a: Ogerpon|38/100
|move|p1a: Ogerpon|Swords Dance|p1a: Ogerpon
|-boost|p1a: Ogerpon|atk|2
|
|upkeep
|turn|48
|
|t:|1758987060
|move|p2a: My Little Pwny|Aura Sphere|p1a: Ogerpon
|-crit|p1a: Ogerpon
|-damage|p1a: Ogerpon|0 fnt
|faint|p1a: Ogerpon
|detailschange|p1: Ogerpon|Ogerpon-Wellspring, F|[silent]
|
|upkeep
|c| Almighty Sa'|robbery
|j| stinkyeric
|c| Almighty Sa'|arjen Robben !
|inactive|cold.exe has 120 seconds left.
|-message|cold.exe forfeited.
|
|win|SirPeanutCronch
|raw|cold.exe's rating: 1881 &rarr; <strong>1861</strong><br />(-20 for losing)
|raw|SirPeanutCronch's rating: 1873 &rarr; <strong>1893</strong><br />(+20 for winning)
|l|☆cold.exe
|player|p1|
|l|☆SirPeanutCronch
|player|p2|
|c| Almighty Sa'|lol
|l| Almighty Sa'
|l| KwasnyOstry
|l| lucasasinnoh
|l| stinkyeric
