|j|☆Shibuya Arc
|j|☆jojosworld
|t:|1758959423
|gametype|singles
|player|p1|Shibuya Arc|265|1662
|player|p2|jojosworld|cynthia|1716
|gen|9
|tier|[Gen 9] OU
|rated|
|rule|HP Percentage Mod: HP is shown in percentages
|rule|Endless Battle Clause: Forcing endless battles is banned
|rule|Species Clause: Limit one of each Pokémon
|rule|OHKO Clause: OHKO moves are banned
|rule|Evasion Items Clause: Evasion items are banned
|rule|Evasion Moves Clause: Evasion moves are banned
|rule|Evasion Abilities Clause: Evasion abilities are banned
|rule|Sleep Moves Clause: Sleep-inducing moves are banned
|clearpoke
|poke|p1|Dragapult, F|
|poke|p1|Dragonite, F|
|poke|p1|Ting-Lu|
|poke|p1|Weezing-Galar, F|
|poke|p1|Iron Crown|
|poke|p1|Zapdos|
|poke|p2|Alomomola, F|
|poke|p2|Amoonguss, F|
|poke|p2|Great Tusk|
|poke|p2|Goodra-Hisui, F|
|poke|p2|Dragapult, F|
|poke|p2|Tornadus-Therian, M|
|teampreview
|inactive|Battle timer is ON: inactive players will automatically lose when time's up. (requested by jojosworld)
|inactive|Shibuya Arc also wants the timer to be on.
|j| happy snake year
|l|☆jojosworld
|inactive|jojosworld disconnected and has a minute to reconnect!
|player|p2|
|inactive|jojosworld has 30 seconds to reconnect!
|inactive|jojosworld has 20 seconds to reconnect!
|inactive|jojosworld has 15 seconds to reconnect!
|l| happy snake year
|j|☆jojosworld
|inactive|jojosworld reconnected and has 80 seconds left.
|player|p2|jojosworld|cynthia|
|
|t:|1758959501
|teamsize|p1|6
|teamsize|p2|6
|start
|switch|p1a: Ting-Lu|Ting-Lu|100/100
|switch|p2a: Tornadus|Tornadus-Therian, M, shiny|100/100
|-ability|p1a: Ting-Lu|Vessel of Ruin
|turn|1
|
|t:|1758959508
|move|p2a: Tornadus|Knock Off|p1a: Ting-Lu
|-resisted|p1a: Ting-Lu
|-damage|p1a: Ting-Lu|94/100
|-enditem|p1a: Ting-Lu|Leftovers|[from] move: Knock Off|[of] p2a: Tornadus
|move|p1a: Ting-Lu|Stealth Rock|p2a: Tornadus
|-sidestart|p2: jojosworld|move: Stealth Rock
|
|upkeep
|turn|2
|
|t:|1758959516
|move|p2a: Tornadus|U-turn|p1a: Ting-Lu
|-supereffective|p1a: Ting-Lu
|-damage|p1a: Ting-Lu|78/100
|
|t:|1758959519
|switch|p2a: Alomomola|Alomomola, F, shiny|100/100|[from] U-turn
|move|p1a: Ting-Lu|Ruination|p2a: Alomomola
|-damage|p2a: Alomomola|50/100
|
|upkeep
|turn|3
|
|t:|1758959530
|move|p1a: Ting-Lu|Ruination|p2a: Alomomola
|-damage|p2a: Alomomola|26/100
|move|p2a: Alomomola|Scald|p1a: Ting-Lu
|-supereffective|p1a: Ting-Lu
|-damage|p1a: Ting-Lu|68/100
|
|upkeep
|turn|4
|
|t:|1758959546
|switch|p2a: Great Tusk|Great Tusk, shiny|100/100
|move|p1a: Ting-Lu|Earthquake|p2a: Great Tusk
|-damage|p2a: Great Tusk|74/100
|
|upkeep
|turn|5
|
|t:|1758959555
|move|p2a: Great Tusk|Ice Spinner|p1a: Ting-Lu
|-supereffective|p1a: Ting-Lu
|-damage|p1a: Ting-Lu|36/100
|move|p1a: Ting-Lu|Ruination|p2a: Great Tusk
|-damage|p2a: Great Tusk|37/100
|
|upkeep
|turn|6
|
|t:|1758959563
|switch|p1a: Dragapult|Dragapult, F|100/100
|move|p2a: Great Tusk|Rapid Spin|p1a: Dragapult
|-immune|p1a: Dragapult
|
|upkeep
|turn|7
|
|t:|1758959572
|-end|p2a: Great Tusk|Protosynthesis|[silent]
|switch|p2a: Tornadus|Tornadus-Therian, M, shiny|100/100
|-damage|p2a: Tornadus|76/100|[from] Stealth Rock
|move|p1a: Dragapult|Hex|p2a: Tornadus
|-damage|p2a: Tornadus|56/100
|
|upkeep
|turn|8
|
|t:|1758959580
|-terastallize|p1a: Dragapult|Dragon
|move|p1a: Dragapult|Dragon Darts|p2a: Tornadus
|-damage|p2a: Tornadus|22/100
|-anim|p1a: Dragapult|Dragon Darts|p2a: Tornadus
|-damage|p2a: Tornadus|0 fnt
|faint|p2a: Tornadus
|
|upkeep
|
|t:|1758959587
|switch|p2a: Amoonguss|Amoonguss, F, shiny|100/100
|turn|9
|
|t:|1758959593
|move|p1a: Dragapult|Dragon Darts|p2a: Amoonguss
|-damage|p2a: Amoonguss|80/100
|-anim|p1a: Dragapult|Dragon Darts|p2a: Amoonguss
|-damage|p2a: Amoonguss|59/100
|move|p2a: Amoonguss|Toxic|p1a: Dragapult
|-status|p1a: Dragapult|tox
|
|-damage|p1a: Dragapult|95/100 tox|[from] psn
|upkeep
|turn|10
|
|t:|1758959603
|switch|p2a: Alomomola|Alomomola, F, shiny|59/100
|move|p1a: Dragapult|U-turn|p2a: Alomomola
|-crit|p2a: Alomomola
|-damage|p2a: Alomomola|43/100
|-message|jojosworld forfeited.
|
|win|Shibuya Arc
|raw|Shibuya Arc's rating: 1662 &rarr; <strong>1685</strong><br />(+23 for winning)
|raw|jojosworld's rating: 1716 &rarr; <strong>1693</strong><br />(-23 for losing)
|l|☆jojosworld
|player|p2|
