|j|☆123qazwsx
|j|☆mucino
|t:|1758946793
|gametype|singles
|player|p1|123qazwsx|swimmerf|1378
|player|p2|mucino|169|1332
|gen|9
|tier|[Gen 9] OU
|rated|
|rule|HP Percentage Mod: HP is shown in percentages
|rule|Endless Battle Clause: Forcing endless battles is banned
|rule|Species Clause: Limit one of each Pokémon
|rule|OHKO Clause: OHKO moves are banned
|rule|Evasion Items Clause: Evasion items are banned
|rule|Evasion Moves Clause: Evasion moves are banned
|rule|Evasion Abilities Clause: Evasion abilities are banned
|rule|Sleep Moves Clause: Sleep-inducing moves are banned
|clearpoke
|poke|p1|Ogerpon-Wellspring, F|
|poke|p1|Kingambit, M|
|poke|p1|Landorus-Therian, M|
|poke|p1|Glimmora, F|
|poke|p1|Dragapult, M|
|poke|p1|Iron Valiant|
|poke|p2|Clodsire, M|
|poke|p2|Kingambit, M|
|poke|p2|Dragonite, F|
|poke|p2|Chandelure, F|
|poke|p2|Primarina, F|
|poke|p2|Grimmsnarl, M|
|teampreview
|inactive|Battle timer is ON: inactive players will automatically lose when time's up. (requested by 123qazwsx)
|
|t:|1758946806
|teamsize|p1|6
|teamsize|p2|6
|start
|switch|p1a: Landorus|Landorus-Therian, M|100/100
|switch|p2a: Primarina|Primarina, F|100/100
|-ability|p1a: Landorus|Intimidate|boost
|-unboost|p2a: Primarina|atk|1
|turn|1
|
|t:|1758946813
|move|p1a: Landorus|U-turn|p2a: Primarina
|-resisted|p2a: Primarina
|-damage|p2a: Primarina|86/100
|
|t:|1758946816
|switch|p1a: Ogerpon|Ogerpon-Wellspring, F|100/100|[from] U-turn
|move|p2a: Primarina|Moonblast|p1a: Ogerpon
|-damage|p1a: Ogerpon|35/100
|
|upkeep
|turn|2
|
|t:|1758946823
|switch|p2a: Grimmsnarl|Grimmsnarl, M|100/100
|move|p1a: Ogerpon|Horn Leech|p2a: Grimmsnarl
|-damage|p2a: Grimmsnarl|42/100
|-heal|p1a: Ogerpon|74/100|[from] drain|[of] p2a: Grimmsnarl
|
|upkeep
|turn|3
|
|t:|1758946832
|move|p2a: Grimmsnarl|Reflect|p2a: Grimmsnarl
|-sidestart|p2: mucino|Reflect
|move|p1a: Ogerpon|Taunt|p2a: Grimmsnarl
|-start|p2a: Grimmsnarl|move: Taunt
|
|upkeep
|turn|4
|
|t:|1758946839
|switch|p2a: Chandelure|Chandelure, F|100/100
|move|p1a: Ogerpon|Ivy Cudgel|p2a: Chandelure|[anim] Ivy Cudgel Water
|-supereffective|p2a: Chandelure
|-damage|p2a: Chandelure|9/100
|
|upkeep
|turn|5
|
|t:|1758946848
|-terastallize|p1a: Ogerpon|Water
|detailschange|p1a: Ogerpon|Ogerpon-Wellspring-Tera, F, tera:Water
|-ability|p1a: Ogerpon|Embody Aspect (Wellspring)|boost
|-boost|p1a: Ogerpon|spd|1
|move|p2a: Chandelure|Flamethrower|p1a: Ogerpon
|-resisted|p1a: Ogerpon
|-damage|p1a: Ogerpon|53/100
|-status|p1a: Ogerpon|brn
|move|p1a: Ogerpon|Ivy Cudgel|p2a: Chandelure|[anim] Ivy Cudgel Water
|-supereffective|p2a: Chandelure
|-damage|p2a: Chandelure|0 fnt
|faint|p2a: Chandelure
|
|-damage|p1a: Ogerpon|47/100 brn|[from] brn
|upkeep
|
|t:|1758946854
|switch|p2a: Dragonite|Dragonite, F|100/100
|turn|6
|
|t:|1758946862
|move|p1a: Ogerpon|Taunt|p2a: Dragonite
|-start|p2a: Dragonite|move: Taunt
|cant|p2a: Dragonite|move: Taunt|Dragon Dance
|
|-damage|p1a: Ogerpon|41/100 brn|[from] brn
|upkeep
|turn|7
|
|t:|1758946868
|move|p1a: Ogerpon|Play Rough|p2a: Dragonite
|-supereffective|p2a: Dragonite
|-damage|p2a: Dragonite|90/100
|-unboost|p2a: Dragonite|atk|1
|move|p2a: Dragonite|Earthquake|p1a: Ogerpon
|-damage|p1a: Ogerpon|5/100 brn
|
|-damage|p1a: Ogerpon|0 fnt|[from] brn
|faint|p1a: Ogerpon
|detailschange|p1: Ogerpon|Ogerpon-Wellspring, F|[silent]
|upkeep
|
|t:|1758946880
|switch|p1a: Dragapult|Dragapult, M|100/100
|turn|8
|
|t:|1758946886
|switch|p2a: Primarina|Primarina, F|86/100
|move|p1a: Dragapult|Draco Meteor|p2a: Primarina
|-immune|p2a: Primarina
|
|upkeep
|turn|9
|
|t:|1758946893
|switch|p1a: Kingambit|Kingambit, M|100/100
|-activate|p1a: Kingambit|ability: Supreme Overlord
|-start|p1a: Kingambit|fallen1|[silent]
|move|p2a: Primarina|Hyper Voice|p1a: Kingambit
|-damage|p1a: Kingambit|50/100
|
|-heal|p1a: Kingambit|56/100|[from] item: Leftovers
|upkeep
|turn|10
|
|t:|1758946902
|switch|p2a: Clodsire|Clodsire, M|100/100
|move|p1a: Kingambit|Iron Head|p2a: Clodsire
|-damage|p2a: Clodsire|83/100
|
|-heal|p1a: Kingambit|63/100|[from] item: Leftovers
|-heal|p2a: Clodsire|89/100|[from] item: Leftovers
|-sideend|p2: mucino|Reflect
|upkeep
|turn|11
|
|t:|1758946916
|-end|p1a: Kingambit|fallen1|[silent]
|switch|p1a: Landorus|Landorus-Therian, M|100/100
|-ability|p1a: Landorus|Intimidate|boost
|-unboost|p2a: Clodsire|atk|1
|move|p2a: Clodsire|Toxic|p1a: Landorus
|-status|p1a: Landorus|tox
|
|-heal|p2a: Clodsire|95/100|[from] item: Leftovers
|-damage|p1a: Landorus|94/100 tox|[from] psn
|upkeep
|turn|12
|
|t:|1758946924
|switch|p2a: Dragonite|Dragonite, F|90/100
|move|p1a: Landorus|Stealth Rock|p2a: Dragonite
|-sidestart|p2: mucino|move: Stealth Rock
|
|-damage|p1a: Landorus|82/100 tox|[from] psn
|upkeep
|turn|13
|
|t:|1758946935
|move|p1a: Landorus|U-turn|p2a: Dragonite
|-resisted|p2a: Dragonite
|-damage|p2a: Dragonite|79/100
|
|t:|1758946940
|switch|p1a: Glimmora|Glimmora, F|100/100|[from] U-turn
|move|p2a: Dragonite|Dragon Dance|p2a: Dragonite
|-boost|p2a: Dragonite|atk|1
|-boost|p2a: Dragonite|spe|1
|
|upkeep
|turn|14
|
|t:|1758946944
|move|p2a: Dragonite|Earthquake|p1a: Glimmora
|-supereffective|p1a: Glimmora
|-damage|p1a: Glimmora|0 fnt
|-activate|p1a: Glimmora|ability: Toxic Debris
|-sidestart|p2: mucino|move: Toxic Spikes
|faint|p1a: Glimmora
|
|upkeep
|
|t:|1758946950
|switch|p1a: Landorus|Landorus-Therian, M|82/100 tox
|-ability|p1a: Landorus|Intimidate|boost
|-unboost|p2a: Dragonite|atk|1
|turn|15
|
|t:|1758946955
|move|p2a: Dragonite|Dragon Dance|p2a: Dragonite
|-boost|p2a: Dragonite|atk|1
|-boost|p2a: Dragonite|spe|1
|move|p1a: Landorus|Taunt|p2a: Dragonite
|-start|p2a: Dragonite|move: Taunt
|
|-damage|p1a: Landorus|76/100 tox|[from] psn
|upkeep
|turn|16
|
|t:|1758946966
|-terastallize|p2a: Dragonite|Normal
|move|p2a: Dragonite|Extreme Speed|p1a: Landorus
|-damage|p1a: Landorus|13/100 tox
|-damage|p2a: Dragonite|62/100|[from] item: Rocky Helmet|[of] p1a: Landorus
|move|p1a: Landorus|U-turn|p2a: Dragonite
|-damage|p2a: Dragonite|37/100
|
|t:|1758946978
|switch|p1a: Kingambit|Kingambit, M|63/100|[from] U-turn
|-activate|p1a: Kingambit|ability: Supreme Overlord
|-start|p1a: Kingambit|fallen2|[silent]
|
|-heal|p1a: Kingambit|69/100|[from] item: Leftovers
|upkeep
|turn|17
|
|t:|1758946983
|-end|p1a: Kingambit|fallen2|[silent]
|switch|p1a: Landorus|Landorus-Therian, M|13/100 tox
|-ability|p1a: Landorus|Intimidate|boost
|-unboost|p2a: Dragonite|atk|1
|move|p2a: Dragonite|Extreme Speed|p1a: Landorus
|-damage|p1a: Landorus|0 fnt
|-damage|p2a: Dragonite|21/100|[from] item: Rocky Helmet|[of] p1a: Landorus
|faint|p1a: Landorus
|
|upkeep
|
|t:|1758946987
|switch|p1a: Dragapult|Dragapult, M|100/100
|turn|18
|
|t:|1758946994
|move|p2a: Dragonite|Earthquake|p1a: Dragapult
|-damage|p1a: Dragapult|49/100
|move|p1a: Dragapult|Flamethrower|p2a: Dragonite
|-damage|p2a: Dragonite|0 fnt
|faint|p2a: Dragonite
|
|upkeep
|
|t:|1758947000
|switch|p2a: Clodsire|Clodsire, M|95/100
|-damage|p2a: Clodsire|89/100|[from] Stealth Rock
|-sideend|p2: mucino|move: Toxic Spikes|[of] p2a: Clodsire
|turn|19
|
|t:|1758947009
|switch|p1a: Kingambit|Kingambit, M|69/100
|-activate|p1a: Kingambit|ability: Supreme Overlord
|-start|p1a: Kingambit|fallen3|[silent]
|move|p2a: Clodsire|Earthquake|p1a: Kingambit
|-supereffective|p1a: Kingambit
|-damage|p1a: Kingambit|27/100
|
|-heal|p1a: Kingambit|33/100|[from] item: Leftovers
|-heal|p2a: Clodsire|95/100|[from] item: Leftovers
|upkeep
|turn|20
|
|t:|1758947015
|move|p1a: Kingambit|Kowtow Cleave|p2a: Clodsire
|-damage|p2a: Clodsire|49/100
|move|p2a: Clodsire|Earthquake|p1a: Kingambit
|-supereffective|p1a: Kingambit
|-damage|p1a: Kingambit|0 fnt
|faint|p1a: Kingambit
|-end|p1a: Kingambit|fallen3|[silent]
|
|-heal|p2a: Clodsire|55/100|[from] item: Leftovers
|upkeep
|
|t:|1758947021
|switch|p1a: Iron Valiant|Iron Valiant|100/100
|-enditem|p1a: Iron Valiant|Booster Energy
|-activate|p1a: Iron Valiant|ability: Quark Drive|[fromitem]
|-start|p1a: Iron Valiant|quarkdrivespe
|turn|21
|
|t:|1758947030
|switch|p2a: Grimmsnarl|Grimmsnarl, M|42/100
|-damage|p2a: Grimmsnarl|29/100|[from] Stealth Rock
|move|p1a: Iron Valiant|Knock Off|p2a: Grimmsnarl
|-resisted|p2a: Grimmsnarl
|-damage|p2a: Grimmsnarl|19/100
|-enditem|p2a: Grimmsnarl|Light Clay|[from] move: Knock Off|[of] p1a: Iron Valiant
|
|upkeep
|turn|22
|
|t:|1758947050
|move|p2a: Grimmsnarl|Reflect|p2a: Grimmsnarl
|-sidestart|p2: mucino|Reflect
|move|p1a: Iron Valiant|Swords Dance|p1a: Iron Valiant
|-boost|p1a: Iron Valiant|atk|2
|
|upkeep
|turn|23
|
|t:|1758947056
|move|p2a: Grimmsnarl|Taunt|p1a: Iron Valiant
|-start|p1a: Iron Valiant|move: Taunt
|move|p1a: Iron Valiant|Spirit Break|p2a: Grimmsnarl
|-supereffective|p2a: Grimmsnarl
|-damage|p2a: Grimmsnarl|0 fnt
|faint|p2a: Grimmsnarl
|
|upkeep
|
|t:|1758947058
|switch|p2a: Clodsire|Clodsire, M|55/100
|-damage|p2a: Clodsire|49/100|[from] Stealth Rock
|turn|24
|
|t:|1758947069
|move|p1a: Iron Valiant|Knock Off|p2a: Clodsire
|-damage|p2a: Clodsire|36/100
|-enditem|p2a: Clodsire|Leftovers|[from] move: Knock Off|[of] p1a: Iron Valiant
|move|p2a: Clodsire|Recover|p2a: Clodsire
|-heal|p2a: Clodsire|86/100
|
|upkeep
|turn|25
|
|t:|1758947078
|move|p1a: Iron Valiant|Knock Off|p2a: Clodsire
|-damage|p2a: Clodsire|77/100
|move|p2a: Clodsire|Toxic|p1a: Iron Valiant
|-status|p1a: Iron Valiant|tox
|
|-damage|p1a: Iron Valiant|94/100 tox|[from] psn
|-end|p1a: Iron Valiant|move: Taunt
|upkeep
|turn|26
|
|t:|1758947085
|-end|p1a: Iron Valiant|Quark Drive|[silent]
|switch|p1a: Dragapult|Dragapult, M|49/100
|move|p2a: Clodsire|Stealth Rock|p1a: Dragapult
|-sidestart|p1: 123qazwsx|move: Stealth Rock
|
|-sideend|p2: mucino|Reflect
|upkeep
|turn|27
|
|t:|1758947103
|switch|p2a: Primarina|Primarina, F|86/100
|-damage|p2a: Primarina|74/100|[from] Stealth Rock
|move|p1a: Dragapult|Shadow Ball|p2a: Primarina
|-damage|p2a: Primarina|45/100
|
|upkeep
|turn|28
|
|t:|1758947109
|switch|p1a: Iron Valiant|Iron Valiant|94/100 tox
|-damage|p1a: Iron Valiant|88/100 tox|[from] Stealth Rock
|move|p2a: Primarina|Moonblast|p1a: Iron Valiant
|-supereffective|p1a: Iron Valiant
|-damage|p1a: Iron Valiant|0 fnt
|faint|p1a: Iron Valiant
|-end|p1a: Iron Valiant|Quark Drive|[silent]
|
|upkeep
|
|t:|1758947111
|switch|p1a: Dragapult|Dragapult, M|49/100
|-damage|p1a: Dragapult|36/100|[from] Stealth Rock
|turn|29
|
|t:|1758947116
|move|p1a: Dragapult|Shadow Ball|p2a: Primarina
|-damage|p2a: Primarina|15/100
|move|p2a: Primarina|Moonblast|p1a: Dragapult
|-supereffective|p1a: Dragapult
|-damage|p1a: Dragapult|0 fnt
|faint|p1a: Dragapult
|
|win|mucino
|raw|123qazwsx's rating: 1378 &rarr; <strong>1355</strong><br />(-23 for losing)
|raw|mucino's rating: 1332 &rarr; <strong>1355</strong><br />(+23 for winning)
|l|☆123qazwsx
|player|p1|
|l|☆mucino
|player|p2|
