|j|☆gregoncalo
|j|☆summit_lol
|t:|1759054336
|gametype|singles
|player|p1|gregoncalo|169|1431
|player|p2|summit_lol|brock|1463
|gen|9
|tier|[Gen 9] OU
|rated|
|rule|HP Percentage Mod: HP is shown in percentages
|rule|Endless Battle Clause: Forcing endless battles is banned
|rule|Species Clause: Limit one of each Pokémon
|rule|OHKO Clause: OHKO moves are banned
|rule|Evasion Items Clause: Evasion items are banned
|rule|Evasion Moves Clause: Evasion moves are banned
|rule|Evasion Abilities Clause: Evasion abilities are banned
|rule|Sleep Moves Clause: Sleep-inducing moves are banned
|clearpoke
|poke|p1|Samurott-Hisui, F|
|poke|p1|Great Tusk|
|poke|p1|Dragonite, F|
|poke|p1|Skeledirge, M|
|poke|p1|Iron Valiant|
|poke|p1|Amoonguss, M|
|poke|p2|Glimmora, F|
|poke|p2|Ogerpon-Wellspring, F|
|poke|p2|Hatterene, F|
|poke|p2|Iron Moth|
|poke|p2|Dragonite, F|
|poke|p2|Kingambit, F|
|teampreview
|
|t:|1759054367
|teamsize|p1|6
|teamsize|p2|6
|start
|switch|p1a: Great Tusk|Great Tusk|100/100
|switch|p2a: Glimmora|Glimmora, F|100/100
|turn|1
|
|t:|1759054376
|move|p2a: Glimmora|Energy Ball|p1a: Great Tusk
|-supereffective|p1a: Great Tusk
|-damage|p1a: Great Tusk|3/100
|move|p1a: Great Tusk|Earthquake|p2a: Glimmora
|-supereffective|p2a: Glimmora
|-enditem|p2a: Glimmora|Focus Sash
|-damage|p2a: Glimmora|1/100
|-activate|p2a: Glimmora|ability: Toxic Debris
|-sidestart|p1: gregoncalo|move: Toxic Spikes
|
|-heal|p1a: Great Tusk|9/100|[from] item: Leftovers
|upkeep
|turn|2
|
|t:|1759054396
|move|p2a: Glimmora|Power Gem|p1a: Great Tusk
|-resisted|p1a: Great Tusk
|-damage|p1a: Great Tusk|0 fnt
|faint|p1a: Great Tusk
|-end|p1a: Great Tusk|Protosynthesis|[silent]
|
|upkeep
|
|t:|1759054400
|switch|p1a: Amoonguss|Amoonguss, M|100/100
|-sideend|p1: gregoncalo|move: Toxic Spikes|[of] p1a: Amoonguss
|turn|3
|
|t:|1759054403
|move|p2a: Glimmora|Stealth Rock|p1a: Amoonguss
|-sidestart|p1: gregoncalo|move: Stealth Rock
|move|p1a: Amoonguss|Giga Drain|p2a: Glimmora
|-damage|p2a: Glimmora|0 fnt
|faint|p2a: Glimmora
|
|upkeep
|
|t:|1759054418
|switch|p2a: Iron Moth|Iron Moth|100/100
|-enditem|p2a: Iron Moth|Booster Energy
|-activate|p2a: Iron Moth|ability: Quark Drive|[fromitem]
|-start|p2a: Iron Moth|quarkdrivespe
|turn|4
|
|t:|1759054423
|switch|p1a: Skeledirge|Skeledirge, M|100/100
|move|p2a: Iron Moth|Substitute|p2a: Iron Moth
|-start|p2a: Iron Moth|Substitute
|-damage|p2a: Iron Moth|76/100
|
|upkeep
|turn|5
|
|t:|1759054446
|move|p2a: Iron Moth|Sludge Wave|p1a: Skeledirge
|-resisted|p1a: Skeledirge
|-damage|p1a: Skeledirge|77/100
|move|p1a: Skeledirge|Torch Song|p2a: Iron Moth
|-resisted|p2a: Iron Moth
|-damage|p2a: Iron Moth|61/100
|-boost|p1a: Skeledirge|spa|1
|
|upkeep
|turn|6
|
|t:|1759054465
|-end|p2a: Iron Moth|Quark Drive|[silent]
|switch|p2a: Dragonite|Dragonite, F|100/100
|move|p1a: Skeledirge|Torch Song|p2a: Dragonite
|-resisted|p2a: Dragonite
|-damage|p2a: Dragonite|89/100
|-boost|p1a: Skeledirge|spa|1
|
|upkeep
|turn|7
|inactive|Battle timer is ON: inactive players will automatically lose when time's up. (requested by gregoncalo)
|
|t:|1759054476
|move|p2a: Dragonite|Earthquake|p1a: Skeledirge
|-supereffective|p1a: Skeledirge
|-damage|p1a: Skeledirge|26/100
|move|p1a: Skeledirge|Will-O-Wisp|p2a: Dragonite
|-status|p2a: Dragonite|brn
|-enditem|p2a: Dragonite|Lum Berry|[eat]
|-curestatus|p2a: Dragonite|brn|[msg]
|
|upkeep
|turn|8
|
|t:|1759054487
|move|p2a: Dragonite|Earthquake|p1a: Skeledirge
|-supereffective|p1a: Skeledirge
|-damage|p1a: Skeledirge|0 fnt
|faint|p1a: Skeledirge
|
|upkeep
|
|t:|1759054493
|switch|p1a: Iron Valiant|Iron Valiant|100/100
|-damage|p1a: Iron Valiant|94/100|[from] Stealth Rock
|turn|9
|
|t:|1759054517
|move|p1a: Iron Valiant|Moonblast|p2a: Dragonite
|-supereffective|p2a: Dragonite
|-damage|p2a: Dragonite|0 fnt
|faint|p2a: Dragonite
|
|upkeep
|inactive|summit_lol has 120 seconds left.
|
|t:|1759054536
|switch|p2a: Hatterene|Hatterene, F|100/100
|turn|10
|
|t:|1759054548
|-end|p1a: Iron Valiant|Quark Drive|[silent]
|switch|p1a: Amoonguss|Amoonguss, M|100/100
|-damage|p1a: Amoonguss|88/100|[from] Stealth Rock
|move|p2a: Hatterene|Draining Kiss|p1a: Amoonguss
|-resisted|p1a: Amoonguss
|-damage|p1a: Amoonguss|78/100
|-damage|p2a: Hatterene|84/100|[from] item: Rocky Helmet|[of] p1a: Amoonguss
|
|-heal|p2a: Hatterene|90/100|[from] item: Leftovers
|upkeep
|turn|11
|
|t:|1759054557
|switch|p2a: Iron Moth|Iron Moth|61/100
|move|p1a: Amoonguss|Clear Smog|p2a: Iron Moth
|-resisted|p2a: Iron Moth
|-damage|p2a: Iron Moth|52/100
|-clearboost|p2a: Iron Moth
|
|upkeep
|turn|12
|
|t:|1759054568
|switch|p1a: Samurott|Samurott-Hisui, F|100/100
|-damage|p1a: Samurott|88/100|[from] Stealth Rock
|move|p2a: Iron Moth|Substitute|p2a: Iron Moth
|-start|p2a: Iron Moth|Substitute
|-damage|p2a: Iron Moth|27/100
|
|upkeep
|turn|13
|
|t:|1759054578
|-terastallize|p2a: Iron Moth|Fairy
|move|p1a: Samurott|Aqua Jet|p2a: Iron Moth
|-end|p2a: Iron Moth|Substitute
|move|p2a: Iron Moth|Dazzling Gleam|p1a: Samurott
|-supereffective|p1a: Samurott
|-damage|p1a: Samurott|0 fnt
|faint|p1a: Samurott
|
|upkeep
|
|t:|1759054594
|switch|p1a: Dragonite|Dragonite, F|100/100
|-damage|p1a: Dragonite|75/100|[from] Stealth Rock
|turn|14
|
|t:|1759054600
|move|p1a: Dragonite|Extreme Speed|p2a: Iron Moth
|-damage|p2a: Iron Moth|0 fnt
|faint|p2a: Iron Moth
|-end|p2a: Iron Moth|Quark Drive|[silent]
|
|upkeep
|
|t:|1759054607
|switch|p2a: Hatterene|Hatterene, F|90/100
|turn|15
|
|t:|1759054616
|move|p1a: Dragonite|Earthquake|p2a: Hatterene
|-damage|p2a: Hatterene|58/100
|move|p2a: Hatterene|Draining Kiss|p1a: Dragonite
|-supereffective|p1a: Dragonite
|-damage|p1a: Dragonite|31/100
|-heal|p2a: Hatterene|92/100|[from] drain|[of] p1a: Dragonite
|-enditem|p1a: Dragonite|Weakness Policy
|-boost|p1a: Dragonite|atk|2|[from] item: Weakness Policy
|-boost|p1a: Dragonite|spa|2|[from] item: Weakness Policy
|
|-heal|p2a: Hatterene|98/100|[from] item: Leftovers
|upkeep
|turn|16
|
|t:|1759054628
|-terastallize|p1a: Dragonite|Normal
|move|p1a: Dragonite|Extreme Speed|p2a: Hatterene
|-damage|p2a: Hatterene|23/100
|move|p2a: Hatterene|Draining Kiss|p1a: Dragonite
|-damage|p1a: Dragonite|8/100
|-heal|p2a: Hatterene|41/100|[from] drain|[of] p1a: Dragonite
|
|-heal|p2a: Hatterene|47/100|[from] item: Leftovers
|upkeep
|turn|17
|inactive|summit_lol has 120 seconds left.
|
|t:|1759054662
|move|p1a: Dragonite|Extreme Speed|p2a: Hatterene
|-damage|p2a: Hatterene|0 fnt
|faint|p2a: Hatterene
|
|upkeep
|
|t:|1759054664
|switch|p2a: Ogerpon|Ogerpon-Wellspring, F|100/100
|turn|18
|
|t:|1759054668
|move|p1a: Dragonite|Extreme Speed|p2a: Ogerpon
|-damage|p2a: Ogerpon|0 fnt
|faint|p2a: Ogerpon
|
|upkeep
|
|t:|1759054671
|switch|p2a: Kingambit|Kingambit, F|100/100
|-activate|p2a: Kingambit|ability: Supreme Overlord
|-start|p2a: Kingambit|fallen5|[silent]
|turn|19
|
|t:|1759054681
|move|p1a: Dragonite|Extreme Speed|p2a: Kingambit
|-resisted|p2a: Kingambit
|-damage|p2a: Kingambit|63/100
|move|p2a: Kingambit|Kowtow Cleave|p1a: Dragonite
|-damage|p1a: Dragonite|0 fnt
|faint|p1a: Dragonite
|
|upkeep
|
|t:|1759054690
|switch|p1a: Iron Valiant|Iron Valiant|94/100
|-damage|p1a: Iron Valiant|88/100|[from] Stealth Rock
|turn|20
|
|t:|1759054696
|move|p1a: Iron Valiant|Close Combat|p2a: Kingambit
|-supereffective|p2a: Kingambit
|-damage|p2a: Kingambit|0 fnt
|-unboost|p1a: Iron Valiant|def|1
|-unboost|p1a: Iron Valiant|spd|1
|faint|p2a: Kingambit
|-end|p2a: Kingambit|fallen5|[silent]
|
|win|gregoncalo
|raw|gregoncalo's rating: 1431 &rarr; <strong>1453</strong><br />(+22 for winning)
|raw|summit_lol's rating: 1463 &rarr; <strong>1441</strong><br />(-22 for losing)
|l|☆summit_lol
|player|p2|
|l|☆gregoncalo
|player|p1|
