|j|‽snblanfabfj
|j|☆doctor_feltersnach
|t:|1758926398
|gametype|singles
|player|p1|snblanfabfj|2|1397
|player|p2|doctor_feltersnach|koga|1438
|gen|9
|tier|[Gen 9] OU
|rated|
|rule|HP Percentage Mod: HP is shown in percentages
|rule|Endless Battle Clause: Forcing endless battles is banned
|rule|Species Clause: Limit one of each Pokémon
|rule|OHKO Clause: OHKO moves are banned
|rule|Evasion Items Clause: Evasion items are banned
|rule|Evasion Moves Clause: Evasion moves are banned
|rule|Evasion Abilities Clause: Evasion abilities are banned
|rule|Sleep Moves Clause: Sleep-inducing moves are banned
|clearpoke
|poke|p1|Basculegion, M|
|poke|p1|Pelipper, M|
|poke|p1|Iron Treads|
|poke|p1|Dragapult, M|
|poke|p1|Overqwil, M|
|poke|p1|Iron Valiant|
|poke|p2|Pelipper, M|
|poke|p2|Floatzel, M|
|poke|p2|Ogerpon-Wellspring, F|
|poke|p2|Garchomp, M|
|poke|p2|Hatterene, F|
|poke|p2|Primarina, F|
|teampreview
|inactive|Battle timer is ON: inactive players will automatically lose when time's up. (requested by snblanfabfj)
|
|t:|1758926415
|teamsize|p1|6
|teamsize|p2|6
|start
|switch|p1a: Dragapult|Dragapult, M|100/100
|switch|p2a: Primarina|Primarina, F|100/100
|turn|1
|
|t:|1758926421
|switch|p1a: Overqwil|Overqwil, M|100/100
|move|p2a: Primarina|Substitute|p2a: Primarina
|-start|p2a: Primarina|Substitute
|-damage|p2a: Primarina|76/100
|
|-heal|p2a: Primarina|82/100|[from] item: Leftovers
|upkeep
|turn|2
|
|t:|1758926431
|move|p1a: Overqwil|Liquidation|p2a: Primarina
|-resisted|p2a: Primarina
|-activate|p2a: Primarina|move: Substitute|[damage]
|-damage|p1a: Overqwil|91/100|[from] item: Life Orb
|move|p2a: Primarina|Psychic Noise|p1a: Overqwil
|-damage|p1a: Overqwil|34/100
|-start|p1a: Overqwil|move: Heal Block
|
|-heal|p2a: Primarina|88/100|[from] item: Leftovers
|upkeep
|turn|3
|
|t:|1758926442
|move|p1a: Overqwil|Gunk Shot|p2a: Primarina
|-supereffective|p2a: Primarina
|-end|p2a: Primarina|Substitute
|-damage|p1a: Overqwil|24/100|[from] item: Life Orb
|move|p2a: Primarina|Substitute|p2a: Primarina
|-start|p2a: Primarina|Substitute
|-damage|p2a: Primarina|63/100
|
|-heal|p2a: Primarina|69/100|[from] item: Leftovers
|-end|p1a: Overqwil|move: Heal Block
|upkeep
|turn|4
|
|t:|1758926453
|move|p1a: Overqwil|Gunk Shot|p2a: Primarina
|-supereffective|p2a: Primarina
|-end|p2a: Primarina|Substitute
|-damage|p1a: Overqwil|14/100|[from] item: Life Orb
|move|p2a: Primarina|Draining Kiss|p1a: Overqwil
|-damage|p1a: Overqwil|0 fnt
|-heal|p2a: Primarina|78/100|[from] drain|[of] p1a: Overqwil
|faint|p1a: Overqwil
|
|-heal|p2a: Primarina|84/100|[from] item: Leftovers
|upkeep
|
|t:|1758926460
|switch|p1a: Iron Valiant|Iron Valiant|100/100
|turn|5
|
|t:|1758926469
|switch|p2a: Pelipper|Pelipper, M|100/100
|-weather|RainDance|[from] ability: Drizzle|[of] p2a: Pelipper
|move|p1a: Iron Valiant|Moonblast|p2a: Pelipper
|-damage|p2a: Pelipper|0 fnt
|faint|p2a: Pelipper
|
|-weather|RainDance|[upkeep]
|upkeep
|
|t:|1758926479
|switch|p2a: Floatzel|Floatzel, M|100/100
|turn|6
|
|t:|1758926500
|move|p2a: Floatzel|Wave Crash|p1a: Iron Valiant
|-damage|p1a: Iron Valiant|0 fnt
|faint|p1a: Iron Valiant
|-end|p1a: Iron Valiant|Quark Drive|[silent]
|-damage|p2a: Floatzel|70/100|[from] Recoil
|
|-weather|RainDance|[upkeep]
|upkeep
|
|t:|1758926503
|switch|p1a: Basculegion|Basculegion, M|100/100
|turn|7
|
|t:|1758926513
|move|p2a: Floatzel|Flip Turn|p1a: Basculegion
|-resisted|p1a: Basculegion
|-damage|p1a: Basculegion|67/100
|
|t:|1758926521
|switch|p2a: Ogerpon|Ogerpon-Wellspring, F|100/100|[from] Flip Turn
|move|p1a: Basculegion|Psychic Fangs|p2a: Ogerpon
|-damage|p2a: Ogerpon|39/100
|
|-weather|RainDance|[upkeep]
|upkeep
|turn|8
|
|t:|1758926528
|switch|p1a: Iron Treads|Iron Treads|100/100
|-enditem|p1a: Iron Treads|Booster Energy
|-activate|p1a: Iron Treads|ability: Quark Drive|[fromitem]
|-start|p1a: Iron Treads|quarkdrivespe
|move|p2a: Ogerpon|Horn Leech|p1a: Iron Treads
|-damage|p1a: Iron Treads|64/100
|-heal|p2a: Ogerpon|58/100|[from] drain|[of] p1a: Iron Treads
|
|-weather|RainDance|[upkeep]
|upkeep
|turn|9
|
|t:|1758926537
|move|p1a: Iron Treads|Thunder|p2a: Ogerpon
|-damage|p2a: Ogerpon|30/100
|move|p2a: Ogerpon|Ivy Cudgel|p1a: Iron Treads|[anim] Ivy Cudgel Water
|-supereffective|p1a: Iron Treads
|-damage|p1a: Iron Treads|0 fnt
|faint|p1a: Iron Treads
|-end|p1a: Iron Treads|Quark Drive|[silent]
|
|-weather|RainDance|[upkeep]
|upkeep
|-message|snblanfabfj forfeited.
|
|win|doctor_feltersnach
|raw|snblanfabfj's rating: 1397 &rarr; <strong>1379</strong><br />(-18 for losing)
|raw|doctor_feltersnach's rating: 1438 &rarr; <strong>1456</strong><br />(+18 for winning)
|l|‽snblanfabfj
|player|p1|
|l|☆doctor_feltersnach
|player|p2|
