|j|☆Havestol
|j|☆omnia_bene
|t:|1758939441
|gametype|singles
|player|p1|Havestol|mars|1406
|player|p2|omnia_bene|alder|1339
|gen|9
|tier|[Gen 9] OU
|rated|
|rule|HP Percentage Mod: HP is shown in percentages
|rule|Endless Battle Clause: Forcing endless battles is banned
|rule|Species Clause: Limit one of each Pokémon
|rule|OHKO Clause: OHKO moves are banned
|rule|Evasion Items Clause: Evasion items are banned
|rule|Evasion Moves Clause: Evasion moves are banned
|rule|Evasion Abilities Clause: Evasion abilities are banned
|rule|Sleep Moves Clause: Sleep-inducing moves are banned
|clearpoke
|poke|p1|Cinderace, F|
|poke|p1|Lucario, M|
|poke|p1|Deoxys-Speed|
|poke|p1|Rotom-Wash|
|poke|p1|Donphan, M|
|poke|p1|Kyurem|
|poke|p2|Charizard, M|
|poke|p2|Torkoal, M|
|poke|p2|Hatterene, F|
|poke|p2|Great Tusk|
|poke|p2|Lilligant-Hisui, F|
|poke|p2|Walking Wake|
|teampreview
|inactive|Battle timer is ON: inactive players will automatically lose when time's up. (requested by omnia_bene)
|
|t:|1758939457
|teamsize|p1|6
|teamsize|p2|6
|start
|switch|p1a: Donphan|Donphan, M|100/100
|switch|p2a: Torkoal|Torkoal, M|100/100
|-weather|SunnyDay|[from] ability: Drought|[of] p2a: Torkoal
|turn|1
|
|t:|1758939463
|switch|p2a: Hatterene|Hatterene, F|100/100
|move|p1a: Donphan|Earthquake|p2a: Hatterene
|-damage|p2a: Hatterene|47/100
|-enditem|p2a: Hatterene|Eject Button
|
|t:|1758939468
|switch|p2a: Charizard|Charizard, M|100/100
|
|-weather|SunnyDay|[upkeep]
|-damage|p2a: Charizard|88/100|[from] ability: Solar Power|[of] p2a: Charizard
|upkeep
|turn|2
|inactive|omnia_bene has 120 seconds left.
|
|t:|1758939506
|move|p2a: Charizard|Overheat|p1a: Donphan
|-ability|p1a: Donphan|Sturdy
|-damage|p1a: Donphan|1/100
|-unboost|p2a: Charizard|spa|2
|move|p1a: Donphan|Ice Spinner|p2a: Charizard
|-crit|p2a: Charizard
|-damage|p2a: Charizard|23/100
|
|-weather|SunnyDay|[upkeep]
|-damage|p2a: Charizard|11/100|[from] ability: Solar Power|[of] p2a: Charizard
|upkeep
|turn|3
|
|t:|1758939529
|move|p2a: Charizard|Overheat|p1a: Donphan
|-damage|p1a: Donphan|0 fnt
|-unboost|p2a: Charizard|spa|2
|faint|p1a: Donphan
|
|-weather|SunnyDay|[upkeep]
|-damage|p2a: Charizard|0 fnt|[from] ability: Solar Power|[of] p2a: Charizard
|faint|p2a: Charizard
|upkeep
|inactive|Havestol has 120 seconds left.
|
|t:|1758939545
|switch|p2a: Walking Wake|Walking Wake|100/100
|switch|p1a: Lucario|Lucario, M|100/100
|-activate|p2a: Walking Wake|ability: Protosynthesis
|-start|p2a: Walking Wake|protosynthesisspe
|turn|4
|inactive|omnia_bene has 120 seconds left.
|
|t:|1758939561
|move|p2a: Walking Wake|Flamethrower|p1a: Lucario
|-supereffective|p1a: Lucario
|-enditem|p1a: Lucario|Focus Sash
|-damage|p1a: Lucario|1/100
|move|p1a: Lucario|Close Combat|p2a: Walking Wake
|-damage|p2a: Walking Wake|44/100
|-unboost|p1a: Lucario|def|1
|-unboost|p1a: Lucario|spd|1
|
|-weather|SunnyDay|[upkeep]
|upkeep
|turn|5
|
|t:|1758939571
|move|p1a: Lucario|Extreme Speed|p2a: Walking Wake
|-damage|p2a: Walking Wake|18/100
|move|p2a: Walking Wake|Flamethrower|p1a: Lucario
|-supereffective|p1a: Lucario
|-damage|p1a: Lucario|0 fnt
|faint|p1a: Lucario
|
|-weather|SunnyDay|[upkeep]
|upkeep
|
|t:|1758939579
|switch|p1a: Rotom|Rotom-Wash|100/100
|turn|6
|
|t:|1758939591
|-end|p2a: Walking Wake|Protosynthesis|[silent]
|switch|p2a: Hatterene|Hatterene, F|47/100
|move|p1a: Rotom|Thunderbolt|p2a: Hatterene
|-damage|p2a: Hatterene|12/100
|
|-weather|SunnyDay|[upkeep]
|upkeep
|turn|7
|
|t:|1758939598
|move|p1a: Rotom|Nasty Plot|p1a: Rotom
|-boost|p1a: Rotom|spa|2
|move|p2a: Hatterene|Healing Wish|p2a: Hatterene
|faint|p2a: Hatterene
|
|-weather|SunnyDay|[upkeep]
|upkeep
|
|t:|1758939601
|switch|p2a: Lilligant|Lilligant-Hisui, F|100/100
|turn|8
|
|t:|1758939610
|-terastallize|p1a: Rotom|Poison
|move|p2a: Lilligant|Solar Blade||[still]
|-prepare|p2a: Lilligant|Solar Blade
|-anim|p2a: Lilligant|Solar Blade|p1a: Rotom
|-resisted|p1a: Rotom
|-damage|p1a: Rotom|50/100
|-damage|p2a: Lilligant|91/100|[from] item: Life Orb
|move|p1a: Rotom|Thunderbolt|p2a: Lilligant
|-resisted|p2a: Lilligant
|-damage|p2a: Lilligant|29/100
|
|-weather|none
|-heal|p1a: Rotom|56/100|[from] item: Leftovers
|upkeep
|turn|9
|
|t:|1758939618
|switch|p2a: Torkoal|Torkoal, M|100/100
|-weather|SunnyDay|[from] ability: Drought|[of] p2a: Torkoal
|move|p1a: Rotom|Dark Pulse|p2a: Torkoal
|-damage|p2a: Torkoal|34/100
|
|-weather|SunnyDay|[upkeep]
|-heal|p1a: Rotom|62/100|[from] item: Leftovers
|upkeep
|turn|10
|
|t:|1758939628
|switch|p2a: Great Tusk|Great Tusk|100/100
|-activate|p2a: Great Tusk|ability: Protosynthesis
|-start|p2a: Great Tusk|protosynthesisatk
|move|p1a: Rotom|Dark Pulse|p2a: Great Tusk
|-resisted|p2a: Great Tusk
|-damage|p2a: Great Tusk|65/100
|
|-weather|SunnyDay|[upkeep]
|-heal|p1a: Rotom|68/100|[from] item: Leftovers
|upkeep
|turn|11
|
|t:|1758939641
|move|p2a: Great Tusk|Knock Off|p1a: Rotom
|-damage|p1a: Rotom|16/100
|-enditem|p1a: Rotom|Leftovers|[from] move: Knock Off|[of] p2a: Great Tusk
|move|p1a: Rotom|Hydro Pump|p2a: Great Tusk|[miss]
|-miss|p1a: Rotom|p2a: Great Tusk
|
|-weather|SunnyDay|[upkeep]
|upkeep
|turn|12
|
|t:|1758939644
|move|p2a: Great Tusk|Knock Off|p1a: Rotom
|-damage|p1a: Rotom|0 fnt
|faint|p1a: Rotom
|
|-weather|SunnyDay|[upkeep]
|upkeep
|
|t:|1758939647
|switch|p1a: Deoxys|Deoxys-Speed|100/100
|-ability|p1a: Deoxys|Pressure
|turn|13
|
|t:|1758939652
|move|p1a: Deoxys|Psycho Boost|p2a: Great Tusk|[miss]
|-miss|p1a: Deoxys|p2a: Great Tusk
|move|p2a: Great Tusk|Knock Off|p1a: Deoxys
|-supereffective|p1a: Deoxys
|-enditem|p1a: Deoxys|Focus Sash
|-damage|p1a: Deoxys|1/100
|
|-weather|SunnyDay|[upkeep]
|upkeep
|turn|14
|
|t:|1758939655
|move|p1a: Deoxys|Psycho Boost|p2a: Great Tusk
|-supereffective|p2a: Great Tusk
|-damage|p2a: Great Tusk|0 fnt
|-unboost|p1a: Deoxys|spa|2
|faint|p2a: Great Tusk
|-end|p2a: Great Tusk|Protosynthesis|[silent]
|
|-weather|SunnyDay|[upkeep]
|upkeep
|c|☆Havestol|bro ffs
|
|t:|1758939660
|switch|p2a: Lilligant|Lilligant-Hisui, F|29/100
|-heal|p2a: Lilligant|100/100|[from] move: Healing Wish
|turn|15
|
|t:|1758939662
|move|p2a: Lilligant|Solar Blade||[still]
|-prepare|p2a: Lilligant|Solar Blade
|-anim|p2a: Lilligant|Solar Blade|p1a: Deoxys
|-damage|p1a: Deoxys|0 fnt
|faint|p1a: Deoxys
|-damage|p2a: Lilligant|91/100|[from] item: Life Orb
|
|-weather|SunnyDay|[upkeep]
|upkeep
|
|t:|1758939667
|switch|p1a: Cinderace|Cinderace, F|100/100
|turn|16
|
|t:|1758939680
|-terastallize|p2a: Lilligant|Fire
|move|p2a: Lilligant|Tera Blast|p1a: Cinderace|[anim] Tera Blast Fire
|-resisted|p1a: Cinderace
|-damage|p1a: Cinderace|40/100
|-damage|p2a: Lilligant|81/100|[from] item: Life Orb
|move|p1a: Cinderace|Pyro Ball|p2a: Lilligant
|-resisted|p2a: Lilligant
|-damage|p2a: Lilligant|17/100
|
|-weather|none
|upkeep
|turn|17
|
|t:|1758939693
|switch|p2a: Torkoal|Torkoal, M|34/100
|-weather|SunnyDay|[from] ability: Drought|[of] p2a: Torkoal
|move|p1a: Cinderace|Sucker Punch||[still]
|-fail|p1a: Cinderace
|
|-weather|SunnyDay|[upkeep]
|upkeep
|turn|18
|
|t:|1758939708
|move|p1a: Cinderace|Pyro Ball|p2a: Torkoal
|-resisted|p2a: Torkoal
|-damage|p2a: Torkoal|9/100
|move|p2a: Torkoal|Rapid Spin|p1a: Cinderace
|-damage|p1a: Cinderace|27/100
|-boost|p2a: Torkoal|spe|1
|
|-weather|SunnyDay|[upkeep]
|upkeep
|turn|19
|
|t:|1758939715
|move|p1a: Cinderace|Sucker Punch|p2a: Torkoal
|-damage|p2a: Torkoal|0 fnt
|faint|p2a: Torkoal
|
|-weather|SunnyDay|[upkeep]
|upkeep
|
|t:|1758939718
|switch|p2a: Walking Wake|Walking Wake|18/100
|-activate|p2a: Walking Wake|ability: Protosynthesis
|-start|p2a: Walking Wake|protosynthesisspe
|turn|20
|
|t:|1758939721
|-end|p2a: Walking Wake|Protosynthesis|[silent]
|switch|p2a: Lilligant|Lilligant-Hisui, F, tera:Fire|17/100
|move|p1a: Cinderace|Sucker Punch||[still]
|-fail|p1a: Cinderace
|
|-weather|SunnyDay|[upkeep]
|upkeep
|turn|21
|
|t:|1758939726
|switch|p2a: Walking Wake|Walking Wake|18/100
|-activate|p2a: Walking Wake|ability: Protosynthesis
|-start|p2a: Walking Wake|protosynthesisspe
|move|p1a: Cinderace|Sucker Punch||[still]
|-fail|p1a: Cinderace
|
|-weather|SunnyDay|[upkeep]
|upkeep
|turn|22
|
|t:|1758939732
|move|p1a: Cinderace|Sucker Punch|p2a: Walking Wake
|-damage|p2a: Walking Wake|0 fnt
|faint|p2a: Walking Wake
|-end|p2a: Walking Wake|Protosynthesis|[silent]
|
|-weather|SunnyDay|[upkeep]
|upkeep
|
|t:|1758939737
|switch|p2a: Lilligant|Lilligant-Hisui, F, tera:Fire|17/100
|turn|23
|
|t:|1758939739
|move|p1a: Cinderace|Sucker Punch|p2a: Lilligant
|-damage|p2a: Lilligant|0 fnt
|faint|p2a: Lilligant
|
|win|Havestol
|raw|Havestol's rating: 1406 &rarr; <strong>1422</strong><br />(+16 for winning)
|raw|omnia_bene's rating: 1339 &rarr; <strong>1323</strong><br />(-16 for losing)
|l|☆omnia_bene
|player|p2|
