|j|☆lxyz098
|j|☆shitmon_advocate
|t:|1759035339
|gametype|singles
|player|p1|lxyz098|cynthia|1422
|player|p2|shitmon_advocate|miku-psychic|1511
|gen|9
|tier|[Gen 9] OU
|rated|
|rule|HP Percentage Mod: HP is shown in percentages
|rule|Endless Battle Clause: Forcing endless battles is banned
|rule|Species Clause: Limit one of each Pokémon
|rule|OHKO Clause: OHKO moves are banned
|rule|Evasion Items Clause: Evasion items are banned
|rule|Evasion Moves Clause: Evasion moves are banned
|rule|Evasion Abilities Clause: Evasion abilities are banned
|rule|Sleep Moves Clause: Sleep-inducing moves are banned
|clearpoke
|poke|p1|Primarina, M|
|poke|p1|Garchomp, M|
|poke|p1|Gardevoir, M|
|poke|p1|Corviknight, M|
|poke|p1|Ogerpon-Wellspring, F|
|poke|p1|Scizor, M|
|poke|p2|Meowscarada, F|
|poke|p2|Slowking-Galar, F|
|poke|p2|Alomomola, F|
|poke|p2|Skarmory, F|
|poke|p2|Ting-Lu|
|poke|p2|Skeledirge, F|
|teampreview
|inactive|Battle timer is ON: inactive players will automatically lose when time's up. (requested by shitmon_advocate)
|
|t:|1759035352
|teamsize|p1|6
|teamsize|p2|6
|start
|switch|p1a: Gardevoir|Gardevoir, M, shiny|100/100
|switch|p2a: Skarmory|Skarmory, F|100/100
|-ability|p1a: Gardevoir|Sturdy|Trace|[from] ability: Trace|[of] p2a: Skarmory
|turn|1
|
|t:|1759035363
|move|p1a: Gardevoir|Mystical Fire|p2a: Skarmory
|-supereffective|p2a: Skarmory
|-damage|p2a: Skarmory|27/100
|-unboost|p2a: Skarmory|spa|1
|move|p2a: Skarmory|Spikes|p1a: Gardevoir
|-sidestart|p1: lxyz098|Spikes
|
|upkeep
|turn|2
|
|t:|1759035370
|switch|p2a: Alomomola|Alomomola, F|100/100
|move|p1a: Gardevoir|Mystical Fire|p2a: Alomomola
|-resisted|p2a: Alomomola
|-damage|p2a: Alomomola|89/100
|-unboost|p2a: Alomomola|spa|1
|
|upkeep
|turn|3
|
|t:|1759035377
|switch|p1a: Corviknight|Corviknight, M, shiny|100/100
|-ability|p1a: Corviknight|Pressure
|move|p2a: Alomomola|Wish|p2a: Alomomola
|
|upkeep
|turn|4
|
|t:|1759035384
|switch|p2a: Skarmory|Skarmory, F|27/100
|move|p1a: Corviknight|Defog|p2a: Skarmory
|-unboost|p2a: Skarmory|evasion|1
|-sideend|p1: lxyz098|Spikes|[from] move: Defog|[of] p1a: Corviknight
|
|-heal|p2a: Skarmory|98/100|[from] move: Wish|[wisher] Alomomola
|upkeep
|turn|5
|
|t:|1759035397
|switch|p1a: Garchomp|Garchomp, M, shiny|100/100
|move|p2a: Skarmory|Spikes|p1a: Garchomp
|-sidestart|p1: lxyz098|Spikes
|
|upkeep
|turn|6
|
|t:|1759035406
|move|p1a: Garchomp|Earthquake|p2a: Skarmory
|-immune|p2a: Skarmory
|move|p2a: Skarmory|Iron Defense|p2a: Skarmory
|-boost|p2a: Skarmory|def|2
|
|upkeep
|turn|7
|
|t:|1759035419
|switch|p1a: Corviknight|Corviknight, M, shiny|100/100
|-ability|p1a: Corviknight|Pressure
|move|p2a: Skarmory|Spikes|p1a: Corviknight
|-sidestart|p1: lxyz098|Spikes
|
|upkeep
|turn|8
|
|t:|1759035430
|switch|p2a: Skeledirge|Skeledirge, F|100/100
|move|p1a: Corviknight|Defog|p2a: Skeledirge
|-unboost|p2a: Skeledirge|evasion|1
|-sideend|p1: lxyz098|Spikes|[from] move: Defog|[of] p1a: Corviknight
|
|upkeep
|turn|9
|
|t:|1759035440
|switch|p1a: Garchomp|Garchomp, M, shiny|100/100
|move|p2a: Skeledirge|Scorching Sands|p1a: Garchomp
|-damage|p1a: Garchomp|82/100
|-status|p1a: Garchomp|brn
|
|-damage|p1a: Garchomp|76/100 brn|[from] brn
|upkeep
|turn|10
|
|t:|1759035449
|switch|p2a: Skarmory|Skarmory, F|98/100
|move|p1a: Garchomp|Stealth Rock|p2a: Skarmory
|-sidestart|p2: shitmon_advocate|move: Stealth Rock
|
|-damage|p1a: Garchomp|70/100 brn|[from] brn
|upkeep
|turn|11
|
|t:|1759035457
|switch|p1a: Ogerpon|Ogerpon-Wellspring, F|100/100
|move|p2a: Skarmory|Spikes|p1a: Ogerpon
|-sidestart|p1: lxyz098|Spikes
|
|upkeep
|turn|12
|
|t:|1759035464
|move|p1a: Ogerpon|Knock Off|p2a: Skarmory
|-damage|p2a: Skarmory|76/100
|-damage|p1a: Ogerpon|84/100|[from] item: Rocky Helmet|[of] p2a: Skarmory
|-enditem|p2a: Skarmory|Rocky Helmet|[from] move: Knock Off|[of] p1a: Ogerpon
|move|p2a: Skarmory|Brave Bird|p1a: Ogerpon
|-supereffective|p1a: Ogerpon
|-damage|p1a: Ogerpon|0 fnt
|faint|p1a: Ogerpon
|-damage|p2a: Skarmory|51/100|[from] Recoil
|
|upkeep
|
|t:|1759035474
|switch|p1a: Gardevoir|Gardevoir, M, shiny|100/100
|-damage|p1a: Gardevoir|88/100|[from] Spikes
|-ability|p1a: Gardevoir|Sturdy|Trace|[from] ability: Trace|[of] p2a: Skarmory
|turn|13
|
|t:|1759035479
|switch|p2a: Alomomola|Alomomola, F|100/100
|move|p1a: Gardevoir|Thunderbolt|p2a: Alomomola
|-supereffective|p2a: Alomomola
|-damage|p2a: Alomomola|42/100
|
|upkeep
|turn|14
|
|t:|1759035496
|switch|p1a: Primarina|Primarina, M, shiny|100/100
|-damage|p1a: Primarina|88/100|[from] Spikes
|switch|p2a: Slowking|Slowking-Galar, F|100/100
|
|upkeep
|turn|15
|
|t:|1759035505
|switch|p1a: Corviknight|Corviknight, M, shiny|100/100
|-ability|p1a: Corviknight|Pressure
|move|p2a: Slowking|Toxic|p1a: Corviknight
|-immune|p1a: Corviknight
|
|upkeep
|turn|16
|
|t:|1759035513
|switch|p2a: Alomomola|Alomomola, F|76/100
|move|p1a: Corviknight|Defog|p2a: Alomomola
|-unboost|p2a: Alomomola|evasion|1
|-sideend|p2: shitmon_advocate|Stealth Rock|[from] move: Defog|[of] p1a: Corviknight
|-sideend|p1: lxyz098|Spikes|[from] move: Defog|[of] p1a: Corviknight
|
|upkeep
|turn|17
|
|t:|1759035521
|switch|p1a: Garchomp|Garchomp, M, shiny|70/100 brn
|move|p2a: Alomomola|Wish|p2a: Alomomola
|
|-damage|p1a: Garchomp|64/100 brn|[from] brn
|upkeep
|turn|18
|
|t:|1759035527
|switch|p2a: Skarmory|Skarmory, F|51/100
|move|p1a: Garchomp|Stealth Rock|p2a: Skarmory
|-sidestart|p2: shitmon_advocate|move: Stealth Rock
|
|-heal|p2a: Skarmory|100/100|[from] move: Wish|[wisher] Alomomola
|-damage|p1a: Garchomp|58/100 brn|[from] brn
|upkeep
|turn|19
|
|t:|1759035537
|switch|p1a: Gardevoir|Gardevoir, M, shiny|88/100
|-ability|p1a: Gardevoir|Sturdy|Trace|[from] ability: Trace|[of] p2a: Skarmory
|move|p2a: Skarmory|Spikes|p1a: Gardevoir
|-sidestart|p1: lxyz098|Spikes
|
|upkeep
|turn|20
|
|t:|1759035547
|switch|p2a: Slowking|Slowking-Galar, F|100/100
|move|p1a: Gardevoir|Thunderbolt|p2a: Slowking
|-damage|p2a: Slowking|82/100
|-status|p2a: Slowking|par
|
|upkeep
|turn|21
|-message|lxyz098 forfeited.
|
|win|shitmon_advocate
|raw|lxyz098's rating: 1422 &rarr; <strong>1407</strong><br />(-15 for losing)
|raw|shitmon_advocate's rating: 1511 &rarr; <strong>1526</strong><br />(+15 for winning)
|l|☆lxyz098
|player|p1|
|l|☆shitmon_advocate
|player|p2|
