|j|☆Soft Wock
|j|☆go b3yond
|t:|1759075821
|gametype|singles
|player|p1|Soft Wock|picnicker|1481
|player|p2|go b3yond|eusine|1464
|gen|9
|tier|[Gen 9] OU
|rated|
|rule|HP Percentage Mod: HP is shown in percentages
|rule|Endless Battle Clause: Forcing endless battles is banned
|rule|Species Clause: Limit one of each Pokémon
|rule|OHKO Clause: OHKO moves are banned
|rule|Evasion Items Clause: Evasion items are banned
|rule|Evasion Moves Clause: Evasion moves are banned
|rule|Evasion Abilities Clause: Evasion abilities are banned
|rule|Sleep Moves Clause: Sleep-inducing moves are banned
|clearpoke
|poke|p1|Zapdos|
|poke|p1|Pelipper, M|
|poke|p1|Greninja-*, M|
|poke|p1|Barraskewda, M|
|poke|p1|Dragapult, M|
|poke|p1|Scizor, M|
|poke|p2|Torkoal, F|
|poke|p2|Brute Bonnet|
|poke|p2|Walking Wake|
|poke|p2|Hatterene, F|
|poke|p2|Venusaur, F|
|poke|p2|Ceruledge, M|
|teampreview
|inactive|Battle timer is ON: inactive players will automatically lose when time's up. (requested by Soft Wock)
|
|t:|1759075834
|teamsize|p1|6
|teamsize|p2|6
|start
|switch|p1a: Pelipper|Pelipper, M|100/100
|switch|p2a: Shark|Walking Wake|100/100
|-weather|RainDance|[from] ability: Drizzle|[of] p1a: Pelipper
|turn|1
|
|t:|1759075839
|switch|p1a: Scizor|Scizor, M|100/100
|move|p2a: Shark|Draco Meteor|p1a: Scizor
|-resisted|p1a: Scizor
|-damage|p1a: Scizor|40/100
|-unboost|p2a: Shark|spa|2
|
|-weather|RainDance|[upkeep]
|upkeep
|turn|2
|
|t:|1759075842
|-end|p2a: Shark|Protosynthesis|[silent]
|switch|p2a: Witch|Hatterene, F, shiny|100/100
|move|p1a: Scizor|U-turn|p2a: Witch
|-damage|p2a: Witch|73/100
|-enditem|p2a: Witch|Eject Button
|
|t:|1759075848
|switch|p2a: Torkoal|Torkoal, F|100/100
|-weather|SunnyDay|[from] ability: Drought|[of] p2a: Torkoal
|
|-weather|SunnyDay|[upkeep]
|upkeep
|turn|3
|
|t:|1759075850
|move|p1a: Scizor|U-turn|p2a: Torkoal
|-resisted|p2a: Torkoal
|-damage|p2a: Torkoal|90/100
|
|t:|1759075852
|switch|p1a: Pelipper|Pelipper, M|100/100|[from] U-turn
|-weather|RainDance|[from] ability: Drizzle|[of] p1a: Pelipper
|move|p2a: Torkoal|Stealth Rock|p1a: Pelipper
|-sidestart|p1: Soft Wock|move: Stealth Rock
|
|-weather|RainDance|[upkeep]
|upkeep
|turn|4
|
|t:|1759075856
|switch|p2a: Witch|Hatterene, F, shiny|73/100
|move|p1a: Pelipper|U-turn|p2a: Witch
|-damage|p2a: Witch|65/100
|
|t:|1759075866
|switch|p1a: Dragapult|Dragapult, M|100/100|[from] U-turn
|-damage|p1a: Dragapult|88/100|[from] Stealth Rock
|
|-weather|RainDance|[upkeep]
|upkeep
|turn|5
|
|t:|1759075869
|move|p1a: Dragapult|Shadow Ball|p2a: Witch
|-supereffective|p2a: Witch
|-damage|p2a: Witch|0 fnt
|faint|p2a: Witch
|-damage|p1a: Dragapult|78/100|[from] item: Life Orb
|
|-weather|RainDance|[upkeep]
|upkeep
|
|t:|1759075873
|switch|p2a: Ceruledge|Ceruledge, M|100/100
|turn|6
|
|t:|1759075883
|move|p1a: Dragapult|Shadow Ball|p2a: Ceruledge
|-supereffective|p2a: Ceruledge
|-enditem|p2a: Ceruledge|Focus Sash
|-damage|p2a: Ceruledge|1/100
|-damage|p1a: Dragapult|69/100|[from] item: Life Orb
|move|p2a: Ceruledge|Swords Dance|p2a: Ceruledge
|-boost|p2a: Ceruledge|atk|2
|
|-weather|RainDance|[upkeep]
|upkeep
|turn|7
|
|t:|1759075901
|switch|p1a: Scizor|Scizor, M|40/100
|move|p2a: Ceruledge|Shadow Sneak|p1a: Scizor
|-damage|p1a: Scizor|4/100
|
|-weather|RainDance|[upkeep]
|upkeep
|turn|8
|
|t:|1759075908
|move|p2a: Ceruledge|Shadow Sneak|p1a: Scizor
|-damage|p1a: Scizor|0 fnt
|faint|p1a: Scizor
|
|-weather|RainDance|[upkeep]
|upkeep
|
|t:|1759075918
|switch|p1a: Greninja|Greninja, M|100/100
|-damage|p1a: Greninja|88/100|[from] Stealth Rock
|turn|9
|
|t:|1759075923
|switch|p2a: Shark|Walking Wake|100/100
|move|p1a: Greninja|Dark Pulse|p2a: Shark
|-damage|p2a: Shark|43/100
|-damage|p1a: Greninja|78/100|[from] item: Life Orb
|
|-weather|RainDance|[upkeep]
|upkeep
|turn|10
|
|t:|1759075937
|-end|p2a: Shark|Protosynthesis|[silent]
|switch|p2a: Ceruledge|Ceruledge, M|1/100
|move|p1a: Greninja|Dark Pulse|p2a: Ceruledge
|-supereffective|p2a: Ceruledge
|-damage|p2a: Ceruledge|0 fnt
|faint|p2a: Ceruledge
|-ability|p1a: Greninja|Battle Bond|boost
|-boost|p1a: Greninja|atk|1
|-boost|p1a: Greninja|spa|1
|-boost|p1a: Greninja|spe|1
|-activate|p1a: Greninja|ability: Battle Bond
|-damage|p1a: Greninja|69/100|[from] item: Life Orb
|
|-weather|none
|upkeep
|
|t:|1759075944
|switch|p2a: Venusaur|Venusaur, F|100/100
|turn|11
|
|t:|1759075947
|move|p1a: Greninja|Dark Pulse|p2a: Venusaur
|-crit|p2a: Venusaur
|-damage|p2a: Venusaur|0 fnt
|faint|p2a: Venusaur
|-damage|p1a: Greninja|59/100|[from] item: Life Orb
|
|upkeep
|
|t:|1759075951
|switch|p2a: BRUTE FORCE|Brute Bonnet|100/100
|turn|12
|
|t:|1759075957
|move|p1a: Greninja|Surf|p2a: BRUTE FORCE
|-resisted|p2a: BRUTE FORCE
|-crit|p2a: BRUTE FORCE
|-damage|p2a: BRUTE FORCE|54/100
|-damage|p1a: Greninja|49/100|[from] item: Life Orb
|move|p2a: BRUTE FORCE|Growth|p2a: BRUTE FORCE
|-boost|p2a: BRUTE FORCE|atk|1
|-boost|p2a: BRUTE FORCE|spa|1
|
|upkeep
|turn|13
|
|t:|1759075967
|move|p2a: BRUTE FORCE|Sucker Punch|p1a: Greninja
|-resisted|p1a: Greninja
|-damage|p1a: Greninja|2/100
|move|p1a: Greninja|Surf|p2a: BRUTE FORCE
|-resisted|p2a: BRUTE FORCE
|-damage|p2a: BRUTE FORCE|19/100
|-damage|p1a: Greninja|0 fnt|[from] item: Life Orb
|faint|p1a: Greninja
|
|upkeep
|
|t:|1759075982
|switch|p1a: Zapdos|Zapdos|100/100
|-damage|p1a: Zapdos|76/100|[from] Stealth Rock
|turn|14
|
|t:|1759075994
|-end|p2a: BRUTE FORCE|Protosynthesis|[silent]
|switch|p2a: Torkoal|Torkoal, F|90/100
|-weather|SunnyDay|[from] ability: Drought|[of] p2a: Torkoal
|move|p1a: Zapdos|Hurricane|p2a: Torkoal|[miss]
|-miss|p1a: Zapdos|p2a: Torkoal
|
|-weather|SunnyDay|[upkeep]
|upkeep
|turn|15
|-message|go b3yond forfeited.
|
|win|Soft Wock
|raw|Soft Wock's rating: 1481 &rarr; <strong>1500</strong><br />(+19 for winning)
|raw|go b3yond's rating: 1464 &rarr; <strong>1445</strong><br />(-19 for losing)
|l|☆go b3yond
|player|p2|
|l|☆Soft Wock
|player|p1|
|j|☆Soft Wock
|player|p1|Soft Wock|picnicker|
