|j|☆levi6969
|j|☆fadingstrawberry
|t:|1759040651
|gametype|singles
|player|p1|levi6969|169|1330
|player|p2|fadingstrawberry|101|1324
|gen|9
|tier|[Gen 9] OU
|rated|
|rule|HP Percentage Mod: HP is shown in percentages
|rule|Endless Battle Clause: Forcing endless battles is banned
|rule|Species Clause: Limit one of each Pokémon
|rule|OHKO Clause: OHKO moves are banned
|rule|Evasion Items Clause: Evasion items are banned
|rule|Evasion Moves Clause: Evasion moves are banned
|rule|Evasion Abilities Clause: Evasion abilities are banned
|rule|Sleep Moves Clause: Sleep-inducing moves are banned
|clearpoke
|poke|p1|Vaporeon, M|
|poke|p1|Incineroar, M|
|poke|p1|Rillaboom, F|
|poke|p1|Landorus-Therian, M|
|poke|p1|Iron Crown|
|poke|p1|Weezing-Galar, F|
|poke|p2|Pelipper, F|
|poke|p2|Hatterene, F|
|poke|p2|Iron Treads|
|poke|p2|Toxicroak, F|
|poke|p2|Barraskewda, F|
|poke|p2|Zapdos|
|teampreview
|inactive|Battle timer is ON: inactive players will automatically lose when time's up. (requested by levi6969)
|
|t:|1759040684
|teamsize|p1|6
|teamsize|p2|6
|start
|switch|p1a: Rillaboom|Rillaboom, F|100/100
|switch|p2a: Pelipper|Pelipper, F|100/100
|-fieldstart|move: Grassy Terrain|[from] ability: Grassy Surge|[of] p1a: Rillaboom
|-weather|RainDance|[from] ability: Drizzle|[of] p2a: Pelipper
|turn|1
|
|t:|1759040691
|-terastallize|p1a: Rillaboom|Grass
|move|p1a: Rillaboom|Wood Hammer|p2a: Pelipper
|-damage|p2a: Pelipper|0 fnt
|faint|p2a: Pelipper
|-damage|p1a: Rillaboom|69/100|[from] Recoil
|
|-weather|RainDance|[upkeep]
|-heal|p1a: Rillaboom|75/100|[from] Grassy Terrain
|upkeep
|
|t:|1759040698
|switch|p2a: Zapdos|Zapdos|100/100
|turn|2
|
|t:|1759040709
|switch|p1a: Iron Crown|Iron Crown|100/100
|move|p2a: Zapdos|Volt Switch|p1a: Iron Crown
|-damage|p1a: Iron Crown|62/100
|
|t:|1759040713
|switch|p2a: Barraskewda|Barraskewda, F|100/100|[from] Volt Switch
|
|-weather|RainDance|[upkeep]
|-heal|p1a: Iron Crown|68/100|[from] Grassy Terrain
|upkeep
|turn|3
|inactive|levi6969 has 120 seconds left.
|
|t:|1759040765
|-end|p1a: Iron Crown|Quark Drive|[silent]
|switch|p1a: Vaporeon|Vaporeon, M|100/100
|move|p2a: Barraskewda|Close Combat|p1a: Vaporeon
|-damage|p1a: Vaporeon|41/100
|-unboost|p2a: Barraskewda|def|1
|-unboost|p2a: Barraskewda|spd|1
|
|-weather|RainDance|[upkeep]
|-heal|p1a: Vaporeon|47/100|[from] Grassy Terrain
|upkeep
|turn|4
|
|t:|1759040772
|switch|p1a: Weezing|Weezing-Galar, F|100/100
|-ability|p1a: Weezing|Neutralizing Gas
|move|p2a: Barraskewda|Close Combat|p1a: Weezing
|-resisted|p1a: Weezing
|-damage|p1a: Weezing|90/100
|-unboost|p2a: Barraskewda|def|1
|-unboost|p2a: Barraskewda|spd|1
|
|-weather|RainDance|[upkeep]
|-heal|p1a: Weezing|96/100|[from] Grassy Terrain
|upkeep
|turn|5
|
|t:|1759040785
|switch|p2a: Zapdos|Zapdos|100/100
|-end|p1a: Weezing|ability: Neutralizing Gas
|switch|p1a: Rillaboom|Rillaboom, F, tera:Grass|75/100
|
|-weather|RainDance|[upkeep]
|-heal|p1a: Rillaboom|81/100|[from] Grassy Terrain
|-fieldend|move: Grassy Terrain
|upkeep
|turn|6
|
|t:|1759040793
|move|p2a: Zapdos|Hurricane|p1a: Rillaboom
|-supereffective|p1a: Rillaboom
|-damage|p1a: Rillaboom|0 fnt
|faint|p1a: Rillaboom
|
|-weather|RainDance|[upkeep]
|upkeep
|inactive|levi6969 has 120 seconds left.
|inactive|levi6969 has 90 seconds left.
|inactive|levi6969 has 60 seconds left.
|inactive|levi6969 has 30 seconds left.
|c|☆fadingstrawberry|Your team feels a little to weak to flying
|inactive|levi6969 has 20 seconds left.
|inactive|levi6969 has 15 seconds left.
|inactive|levi6969 has 10 seconds left.
|inactive|levi6969 has 5 seconds left.
|-message|levi6969 lost due to inactivity.
|
|win|fadingstrawberry
|raw|levi6969's rating: 1330 &rarr; <strong>1310</strong><br />(-20 for losing)
|raw|fadingstrawberry's rating: 1324 &rarr; <strong>1344</strong><br />(+20 for winning)
|l|☆levi6969
|player|p1|
