|j|☆SeannyE
|j|☆Choopingas
|t:|1758951538
|gametype|singles
|player|p1|SeannyE|265|1437
|player|p2|Choopingas|pokemonrangerf|1428
|gen|9
|tier|[Gen 9] OU
|rated|
|rule|HP Percentage Mod: HP is shown in percentages
|rule|Endless Battle Clause: Forcing endless battles is banned
|rule|Species Clause: Limit one of each Pokémon
|rule|OHKO Clause: OHKO moves are banned
|rule|Evasion Items Clause: Evasion items are banned
|rule|Evasion Moves Clause: Evasion moves are banned
|rule|Evasion Abilities Clause: Evasion abilities are banned
|rule|Sleep Moves Clause: Sleep-inducing moves are banned
|clearpoke
|poke|p1|Cinderace, F|
|poke|p1|Keldeo-Resolute|
|poke|p1|Zapdos|
|poke|p1|Krookodile, F|
|poke|p1|Garganacl, M|
|poke|p1|Alomomola, F|
|poke|p2|Meowscarada, F|
|poke|p2|Slowking-Galar, M|
|poke|p2|Garganacl, M|
|poke|p2|Zamazenta-*|
|poke|p2|Kyurem|
|poke|p2|Great Tusk|
|teampreview
|
|t:|1758951553
|teamsize|p1|6
|teamsize|p2|6
|start
|switch|p1a: Zapdos|Zapdos|100/100
|switch|p2a: Bork|Meowscarada, F, shiny|100/100
|turn|1
|
|t:|1758951558
|switch|p2a: Tahiti|Garganacl, M, shiny|100/100
|move|p1a: Zapdos|U-turn|p2a: Tahiti
|-damage|p2a: Tahiti|92/100
|
|t:|1758951564
|switch|p1a: Keldeo|Keldeo-Resolute|100/100|[from] U-turn
|
|-heal|p2a: Tahiti|98/100|[from] item: Leftovers
|upkeep
|turn|2
|
|t:|1758951574
|switch|p2a: Tony|Slowking-Galar, M|100/100
|move|p1a: Keldeo|Substitute|p1a: Keldeo
|-start|p1a: Keldeo|Substitute
|-damage|p1a: Keldeo|76/100
|
|-heal|p1a: Keldeo|82/100|[from] item: Leftovers
|upkeep
|turn|3
|
|t:|1758951580
|move|p1a: Keldeo|Calm Mind|p1a: Keldeo
|-boost|p1a: Keldeo|spa|1
|-boost|p1a: Keldeo|spd|1
|move|p2a: Tony|Psychic Noise|p1a: Keldeo
|-supereffective|p1a: Keldeo
|-damage|p1a: Keldeo|42/100
|-start|p1a: Keldeo|move: Heal Block
|
|upkeep
|turn|4
|
|t:|1758951589
|move|p1a: Keldeo|Surf|p2a: Tony
|-damage|p2a: Tony|64/100
|move|p2a: Tony|Psychic Noise|p1a: Keldeo
|-supereffective|p1a: Keldeo
|-damage|p1a: Keldeo|0 fnt
|faint|p1a: Keldeo
|
|upkeep
|
|t:|1758951593
|switch|p1a: Krookodile|Krookodile, F|100/100
|turn|5
|
|t:|1758951599
|switch|p2a: Turkey Sandwich|Zamazenta|100/100
|-ability|p2a: Turkey Sandwich|Dauntless Shield|boost
|-boost|p2a: Turkey Sandwich|def|1
|move|p1a: Krookodile|Earthquake|p2a: Turkey Sandwich
|-damage|p2a: Turkey Sandwich|71/100
|
|upkeep
|turn|6
|
|t:|1758951603
|switch|p1a: Zapdos|Zapdos|100/100
|move|p2a: Turkey Sandwich|Stone Edge|p1a: Zapdos
|-supereffective|p1a: Zapdos
|-crit|p1a: Zapdos
|-damage|p1a: Zapdos|0 fnt
|faint|p1a: Zapdos
|
|upkeep
|
|t:|1758951609
|switch|p1a: Alomomola|Alomomola, F|100/100
|turn|7
|
|t:|1758951620
|move|p2a: Turkey Sandwich|Close Combat|p1a: Alomomola
|-damage|p1a: Alomomola|57/100
|-unboost|p2a: Turkey Sandwich|def|1
|-unboost|p2a: Turkey Sandwich|spd|1
|move|p1a: Alomomola|Flip Turn|p2a: Turkey Sandwich
|-damage|p2a: Turkey Sandwich|56/100
|
|t:|1758951623
|switch|p1a: Krookodile|Krookodile, F|100/100|[from] Flip Turn
|
|upkeep
|turn|8
|
|t:|1758951631
|switch|p1a: Alomomola|Alomomola, F|90/100
|move|p2a: Turkey Sandwich|Close Combat|p1a: Alomomola
|-damage|p1a: Alomomola|43/100
|-unboost|p2a: Turkey Sandwich|def|1
|-unboost|p2a: Turkey Sandwich|spd|1
|
|upkeep
|turn|9
|
|t:|1758951637
|switch|p1a: Cinderace|Cinderace, F|100/100
|move|p2a: Turkey Sandwich|Close Combat|p1a: Cinderace
|-damage|p1a: Cinderace|16/100
|-unboost|p2a: Turkey Sandwich|def|1
|-unboost|p2a: Turkey Sandwich|spd|1
|
|upkeep
|turn|10
|
|t:|1758951644
|move|p2a: Turkey Sandwich|Close Combat|p1a: Cinderace
|-damage|p1a: Cinderace|0 fnt
|-unboost|p2a: Turkey Sandwich|def|1
|-unboost|p2a: Turkey Sandwich|spd|1
|faint|p1a: Cinderace
|
|upkeep
|
|t:|1758951646
|switch|p1a: Krookodile|Krookodile, F|100/100
|turn|11
|
|t:|1758951650
|move|p1a: Krookodile|Earthquake|p2a: Turkey Sandwich
|-damage|p2a: Turkey Sandwich|0 fnt
|faint|p2a: Turkey Sandwich
|-ability|p1a: Krookodile|Moxie|boost
|-boost|p1a: Krookodile|atk|1
|
|upkeep
|
|t:|1758951662
|switch|p2a: Bork|Meowscarada, F, shiny|100/100
|turn|12
|
|t:|1758951666
|move|p1a: Krookodile|Earthquake|p2a: Bork
|-resisted|p2a: Bork
|-damage|p2a: Bork|48/100
|move|p2a: Bork|Flower Trick|p1a: Krookodile
|-start|p2a: Bork|typechange|Grass|[from] ability: Protean
|-supereffective|p1a: Krookodile
|-crit|p1a: Krookodile
|-damage|p1a: Krookodile|0 fnt
|faint|p1a: Krookodile
|
|upkeep
|
|t:|1758951684
|switch|p1a: Garganacl|Garganacl, M|100/100
|turn|13
|
|t:|1758951691
|-terastallize|p1a: Garganacl|Ghost
|move|p2a: Bork|Flower Trick|p1a: Garganacl
|-crit|p1a: Garganacl
|-damage|p1a: Garganacl|71/100
|move|p1a: Garganacl|Salt Cure|p2a: Bork
|-damage|p2a: Bork|27/100
|-start|p2a: Bork|Salt Cure
|
|-damage|p2a: Bork|15/100|[from] Salt Cure
|upkeep
|turn|14
|
|t:|1758951696
|move|p2a: Bork|U-turn|p1a: Garganacl
|-resisted|p1a: Garganacl
|-damage|p1a: Garganacl|65/100
|-damage|p2a: Bork|0 fnt|[from] item: Rocky Helmet|[of] p1a: Garganacl
|faint|p2a: Bork
|move|p1a: Garganacl|Recover|p1a: Garganacl
|-heal|p1a: Garganacl|100/100
|
|upkeep
|
|t:|1758951708
|switch|p2a: Tahiti|Garganacl, M, shiny|98/100
|turn|15
|
|t:|1758951711
|move|p1a: Garganacl|Salt Cure|p2a: Tahiti
|-damage|p2a: Tahiti|89/100
|-start|p2a: Tahiti|Salt Cure
|move|p2a: Tahiti|Salt Cure|p1a: Garganacl
|-damage|p1a: Garganacl|92/100
|-start|p1a: Garganacl|Salt Cure
|
|-heal|p2a: Tahiti|95/100|[from] item: Leftovers
|-damage|p1a: Garganacl|79/100|[from] Salt Cure
|-damage|p2a: Tahiti|82/100|[from] Salt Cure
|upkeep
|turn|16
|
|t:|1758951715
|switch|p1a: Alomomola|Alomomola, F|77/100
|move|p2a: Tahiti|Curse|p2a: Tahiti
|-unboost|p2a: Tahiti|spe|1
|-boost|p2a: Tahiti|atk|1
|-boost|p2a: Tahiti|def|1
|
|-heal|p2a: Tahiti|89/100|[from] item: Leftovers
|-damage|p2a: Tahiti|76/100|[from] Salt Cure
|upkeep
|turn|17
|
|t:|1758951720
|move|p1a: Alomomola|Flip Turn|p2a: Tahiti
|-supereffective|p2a: Tahiti
|-damage|p2a: Tahiti|60/100
|
|t:|1758951722
|switch|p1a: Garganacl|Garganacl, M, tera:Ghost|79/100|[from] Flip Turn
|move|p2a: Tahiti|Curse|p2a: Tahiti
|-unboost|p2a: Tahiti|spe|1
|-boost|p2a: Tahiti|atk|1
|-boost|p2a: Tahiti|def|1
|
|-heal|p2a: Tahiti|66/100|[from] item: Leftovers
|-damage|p2a: Tahiti|54/100|[from] Salt Cure
|upkeep
|turn|18
|
|t:|1758951726
|move|p1a: Garganacl|Ice Punch|p2a: Tahiti
|-damage|p2a: Tahiti|48/100
|move|p2a: Tahiti|Recover|p2a: Tahiti
|-heal|p2a: Tahiti|98/100
|
|-heal|p2a: Tahiti|100/100|[from] item: Leftovers
|-damage|p2a: Tahiti|88/100|[from] Salt Cure
|upkeep
|turn|19
|-message|SeannyE forfeited.
|
|win|Choopingas
|raw|SeannyE's rating: 1437 &rarr; <strong>1416</strong><br />(-21 for losing)
|raw|Choopingas's rating: 1428 &rarr; <strong>1449</strong><br />(+21 for winning)
|l|☆SeannyE
|player|p1|
|l|☆Choopingas
|player|p2|
