|j|☆thinkusstinkus
|j|☆LaVopismo
|t:|1758996397
|gametype|singles
|player|p1|thinkusstinkus|blackbelt-gen4dp|1181
|player|p2|LaVopismo|101|1131
|gen|9
|tier|[Gen 9] OU
|rated|
|rule|HP Percentage Mod: HP is shown in percentages
|rule|Endless Battle Clause: Forcing endless battles is banned
|rule|Species Clause: Limit one of each Pokémon
|rule|OHKO Clause: OHKO moves are banned
|rule|Evasion Items Clause: Evasion items are banned
|rule|Evasion Moves Clause: Evasion moves are banned
|rule|Evasion Abilities Clause: Evasion abilities are banned
|rule|Sleep Moves Clause: Sleep-inducing moves are banned
|clearpoke
|poke|p1|Araquanid, M|
|poke|p1|Landorus-Therian, M|
|poke|p1|Garganacl, F|
|poke|p1|Kingambit, M|
|poke|p1|Corviknight, M|
|poke|p1|Enamorus, F|
|poke|p2|Greninja-*, M|
|poke|p2|Charizard, F|
|poke|p2|Lucario, M|
|poke|p2|Bastiodon, F|
|poke|p2|Dragalge, M|
|poke|p2|Pikachu-Original, M|
|teampreview
|
|t:|1758996403
|teamsize|p1|6
|teamsize|p2|6
|start
|switch|p1a: Wadr bubl|Araquanid, M|100/100
|switch|p2a: Pikachu|Pikachu-Original, M|100/100
|turn|1
|inactive|Battle timer is ON: inactive players will automatically lose when time's up. (requested by LaVopismo)
|
|t:|1758996411
|switch|p1a: Groundcat|Landorus-Therian, M|100/100
|-ability|p1a: Groundcat|Intimidate|boost
|-unboost|p2a: Pikachu|atk|1
|move|p2a: Pikachu|Thunder Punch|p1a: Groundcat
|-immune|p1a: Groundcat
|
|upkeep
|turn|2
|
|t:|1758996421
|-terastallize|p2a: Pikachu|Flying
|move|p1a: Groundcat|Stone Edge|p2a: Pikachu|[miss]
|-miss|p1a: Groundcat|p2a: Pikachu
|move|p2a: Pikachu|Knock Off|p1a: Groundcat
|-damage|p1a: Groundcat|69/100
|-enditem|p1a: Groundcat|Choice Scarf|[from] move: Knock Off|[of] p2a: Pikachu
|
|upkeep
|turn|3
|
|t:|1758996439
|switch|p2a: Bastiodon|Bastiodon, F|100/100
|move|p1a: Groundcat|Stone Edge|p2a: Bastiodon
|-resisted|p2a: Bastiodon
|-damage|p2a: Bastiodon|89/100
|
|-heal|p2a: Bastiodon|95/100|[from] item: Leftovers
|upkeep
|turn|4
|
|t:|1758996447
|move|p1a: Groundcat|Earthquake|p2a: Bastiodon
|-supereffective|p2a: Bastiodon
|-damage|p2a: Bastiodon|0 fnt
|faint|p2a: Bastiodon
|
|upkeep
|
|t:|1758996456
|switch|p2a: Greninja|Greninja, M|100/100
|turn|5
|
|t:|1758996464
|-terastallize|p1a: Groundcat|Fire
|move|p2a: Greninja|Ice Punch|p1a: Groundcat
|-resisted|p1a: Groundcat
|-damage|p1a: Groundcat|55/100
|-damage|p2a: Greninja|91/100|[from] item: Life Orb
|move|p1a: Groundcat|Stone Edge|p2a: Greninja|[miss]
|-miss|p1a: Groundcat|p2a: Greninja
|
|upkeep
|turn|6
|
|t:|1758996474
|switch|p1a: Wadr bubl|Araquanid, M|100/100
|move|p2a: Greninja|Liquidation|p1a: Wadr bubl
|-resisted|p1a: Wadr bubl
|-damage|p1a: Wadr bubl|75/100
|-damage|p2a: Greninja|81/100|[from] item: Life Orb
|
|-heal|p1a: Wadr bubl|81/100|[from] item: Leftovers
|upkeep
|turn|7
|
|t:|1758996487
|switch|p2a: Pikachu|Pikachu-Original, M, tera:Flying|100/100
|move|p1a: Wadr bubl|Lunge|p2a: Pikachu
|-resisted|p2a: Pikachu
|-damage|p2a: Pikachu|44/100
|-unboost|p2a: Pikachu|atk|1
|-status|p1a: Wadr bubl|par|[from] ability: Static|[of] p2a: Pikachu
|
|-heal|p1a: Wadr bubl|87/100 par|[from] item: Leftovers
|upkeep
|turn|8
|
|t:|1758996497
|switch|p1a: Groundcat|Landorus-Therian, M, tera:Fire|55/100
|-ability|p1a: Groundcat|Intimidate|boost
|-unboost|p2a: Pikachu|atk|1
|move|p2a: Pikachu|Trailblaze|p1a: Groundcat
|-resisted|p1a: Groundcat
|-damage|p1a: Groundcat|49/100
|-boost|p2a: Pikachu|spe|1
|
|upkeep
|turn|9
|
|t:|1758996512
|move|p2a: Pikachu|Thunder Punch|p1a: Groundcat
|-damage|p1a: Groundcat|25/100
|move|p1a: Groundcat|Stone Edge|p2a: Pikachu|[miss]
|-miss|p1a: Groundcat|p2a: Pikachu
|
|upkeep
|turn|10
|
|t:|1758996521
|move|p2a: Pikachu|Thunder Punch|p1a: Groundcat
|-damage|p1a: Groundcat|0 fnt
|faint|p1a: Groundcat
|
|upkeep
|
|t:|1758996530
|switch|p1a: Halite|Garganacl, F|100/100
|turn|11
|
|t:|1758996536
|move|p2a: Pikachu|Knock Off|p1a: Halite
|-damage|p1a: Halite|89/100
|-enditem|p1a: Halite|Leftovers|[from] move: Knock Off|[of] p2a: Pikachu
|move|p1a: Halite|Salt Cure|p2a: Pikachu
|-supereffective|p2a: Pikachu
|-damage|p2a: Pikachu|0 fnt
|faint|p2a: Pikachu
|
|upkeep
|
|t:|1758996547
|switch|p2a: Dragalge|Dragalge, M|100/100
|turn|12
|
|t:|1758996551
|move|p2a: Dragalge|Whirlpool|p1a: Halite
|-supereffective|p1a: Halite
|-crit|p1a: Halite
|-damage|p1a: Halite|64/100
|-activate|p1a: Halite|move: Whirlpool|[of] p2a: Dragalge
|move|p1a: Halite|Salt Cure|p2a: Dragalge
|-damage|p2a: Dragalge|88/100
|-start|p2a: Dragalge|Salt Cure
|
|-damage|p2a: Dragalge|76/100|[from] Salt Cure
|-damage|p1a: Halite|52/100|[from] move: Whirlpool|[partiallytrapped]
|upkeep
|turn|13
|
|t:|1758996567
|move|p2a: Dragalge|Dragon Pulse|p1a: Halite
|-damage|p1a: Halite|22/100
|move|p1a: Halite|Recover|p1a: Halite
|-heal|p1a: Halite|72/100
|
|-damage|p2a: Dragalge|63/100|[from] Salt Cure
|-damage|p1a: Halite|59/100|[from] move: Whirlpool|[partiallytrapped]
|upkeep
|turn|14
|
|t:|1758996576
|move|p2a: Dragalge|Dragon Pulse|p1a: Halite
|-damage|p1a: Halite|30/100
|move|p1a: Halite|Recover|p1a: Halite
|-heal|p1a: Halite|80/100
|
|-damage|p2a: Dragalge|51/100|[from] Salt Cure
|-damage|p1a: Halite|68/100|[from] move: Whirlpool|[partiallytrapped]
|upkeep
|turn|15
|
|t:|1758996588
|move|p2a: Dragalge|Dragon Pulse|p1a: Halite
|-damage|p1a: Halite|38/100
|move|p1a: Halite|Recover|p1a: Halite
|-heal|p1a: Halite|88/100
|
|-damage|p2a: Dragalge|39/100|[from] Salt Cure
|-damage|p1a: Halite|76/100|[from] move: Whirlpool|[partiallytrapped]
|upkeep
|turn|16
|
|t:|1758996600
|move|p2a: Dragalge|Dragon Pulse|p1a: Halite
|-damage|p1a: Halite|46/100
|move|p1a: Halite|Body Press|p2a: Dragalge
|-resisted|p2a: Dragalge
|-damage|p2a: Dragalge|25/100
|
|-damage|p2a: Dragalge|13/100|[from] Salt Cure
|-end|p1a: Halite|Whirlpool|[partiallytrapped]
|upkeep
|turn|17
|inactive|LaVopismo has 120 seconds left.
|inactive|LaVopismo has 90 seconds left.
|
|t:|1758996683
|move|p2a: Dragalge|Whirlpool|p1a: Halite|[miss]
|-miss|p2a: Dragalge|p1a: Halite
|move|p1a: Halite|Recover|p1a: Halite
|-heal|p1a: Halite|96/100
|
|-damage|p2a: Dragalge|0 fnt|[from] Salt Cure
|faint|p2a: Dragalge
|upkeep
|-message|LaVopismo forfeited.
|
|win|thinkusstinkus
|raw|thinkusstinkus's rating: 1181 &rarr; <strong>1202</strong><br />(+21 for winning)
|raw|LaVopismo's rating: 1131 &rarr; <strong>1110</strong><br />(-21 for losing)
|l|☆LaVopismo
|player|p2|
|l|☆thinkusstinkus
|player|p1|
