|j|☆Tylericous
|j|☆noodle10101
|t:|1758999780
|gametype|singles
|player|p1|Tylericous|265|1343
|player|p2|noodle10101|2|1316
|gen|9
|tier|[Gen 9] OU
|rated|
|rule|HP Percentage Mod: HP is shown in percentages
|rule|Endless Battle Clause: Forcing endless battles is banned
|rule|Species Clause: Limit one of each Pokémon
|rule|OHKO Clause: OHKO moves are banned
|rule|Evasion Items Clause: Evasion items are banned
|rule|Evasion Moves Clause: Evasion moves are banned
|rule|Evasion Abilities Clause: Evasion abilities are banned
|rule|Sleep Moves Clause: Sleep-inducing moves are banned
|clearpoke
|poke|p1|Sunflora, F|
|poke|p1|Torkoal, M|
|poke|p1|Walking Wake|
|poke|p1|Alomomola, M|
|poke|p1|Cinderace, M|
|poke|p1|Iron Hands|
|poke|p2|Glimmora, F|
|poke|p2|Hatterene, F|
|poke|p2|Excadrill, M|
|poke|p2|Volcanion|
|poke|p2|Pecharunt|
|poke|p2|Umbreon, F|
|teampreview
|inactive|Battle timer is ON: inactive players will automatically lose when time's up. (requested by Tylericous)
|
|t:|1758999808
|teamsize|p1|6
|teamsize|p2|6
|start
|switch|p1a: Torkoal|Torkoal, M|100/100
|switch|p2a: Umbreon|Umbreon, F|100/100
|-weather|SunnyDay|[from] ability: Drought|[of] p1a: Torkoal
|turn|1
|
|t:|1758999817
|move|p2a: Umbreon|Toxic|p1a: Torkoal|[miss]
|-miss|p2a: Umbreon|p1a: Torkoal
|move|p1a: Torkoal|Stealth Rock|p2a: Umbreon
|-sidestart|p2: noodle10101|move: Stealth Rock
|
|-weather|SunnyDay|[upkeep]
|upkeep
|turn|2
|
|t:|1758999824
|switch|p1a: Sunflora|Sunflora, F|100/100
|move|p2a: Umbreon|Toxic|p1a: Sunflora
|-status|p1a: Sunflora|tox
|
|-weather|SunnyDay|[upkeep]
|-damage|p1a: Sunflora|88/100 tox|[from] ability: Solar Power|[of] p1a: Sunflora
|-damage|p1a: Sunflora|82/100 tox|[from] psn
|upkeep
|turn|3
|
|t:|1758999834
|move|p2a: Umbreon|Wish|p2a: Umbreon
|move|p1a: Sunflora|Leaf Storm|p2a: Umbreon
|-damage|p2a: Umbreon|30/100
|-unboost|p1a: Sunflora|spa|2
|
|-weather|SunnyDay|[upkeep]
|-damage|p1a: Sunflora|69/100 tox|[from] ability: Solar Power|[of] p1a: Sunflora
|-heal|p2a: Umbreon|36/100|[from] item: Leftovers
|-damage|p1a: Sunflora|57/100 tox|[from] psn
|upkeep
|turn|4
|
|t:|1758999845
|switch|p1a: Iron Hands|Iron Hands|100/100
|move|p2a: Umbreon|Protect||[still]
|-fail|p2a: Umbreon
|
|-weather|SunnyDay|[upkeep]
|-heal|p2a: Umbreon|86/100|[from] move: Wish|[wisher] Umbreon
|-heal|p2a: Umbreon|92/100|[from] item: Leftovers
|upkeep
|turn|5
|
|t:|1758999864
|switch|p2a: Pecharunt|Pecharunt|100/100
|-damage|p2a: Pecharunt|88/100|[from] Stealth Rock
|move|p1a: Iron Hands|Close Combat|p2a: Pecharunt
|-immune|p2a: Pecharunt
|
|-weather|SunnyDay|[upkeep]
|-heal|p2a: Pecharunt|94/100|[from] item: Black Sludge
|upkeep
|turn|6
|
|t:|1758999883
|-end|p1a: Iron Hands|Quark Drive|[silent]
|switch|p1a: Cinderace|Cinderace, M|100/100
|move|p2a: Pecharunt|Malignant Chain|p1a: Cinderace
|-damage|p1a: Cinderace|54/100
|-status|p1a: Cinderace|tox
|-start|p1a: Cinderace|confusion|[from] ability: Poison Puppeteer|[of] p2a: Pecharunt
|
|-weather|SunnyDay|[upkeep]
|-heal|p2a: Pecharunt|99/100|[from] item: Black Sludge
|-damage|p1a: Cinderace|48/100 tox|[from] psn
|upkeep
|turn|7
|
|t:|1758999895
|-activate|p1a: Cinderace|confusion
|-damage|p1a: Cinderace|29/100 tox|[from] confusion
|move|p2a: Pecharunt|Parting Shot|p1a: Cinderace
|-unboost|p1a: Cinderace|atk|1
|-unboost|p1a: Cinderace|spa|1
|
|t:|1758999907
|switch|p2a: Glimmora|Glimmora, F|100/100|[from] Parting Shot
|-damage|p2a: Glimmora|88/100|[from] Stealth Rock
|
|-weather|SunnyDay|[upkeep]
|-damage|p1a: Cinderace|17/100 tox|[from] psn
|upkeep
|turn|8
|
|t:|1758999922
|-activate|p1a: Cinderace|confusion
|move|p1a: Cinderace|Pyro Ball|p2a: Glimmora|[miss]
|-miss|p1a: Cinderace|p2a: Glimmora
|move|p2a: Glimmora|Mortal Spin|p1a: Cinderace
|-damage|p1a: Cinderace|8/100 tox
|-sideend|p2: noodle10101|Stealth Rock|[from] move: Mortal Spin|[of] p2a: Glimmora
|
|-weather|none
|-damage|p1a: Cinderace|0 fnt|[from] psn
|faint|p1a: Cinderace
|upkeep
|l|☆Tylericous
|inactive|Tylericous disconnected and has a minute to reconnect!
|player|p1|
|inactive|Tylericous has 30 seconds to reconnect!
|inactive|Tylericous has 20 seconds to reconnect!
|inactive|Tylericous has 15 seconds to reconnect!
|inactive|Tylericous has 10 seconds to reconnect!
|inactive|Tylericous has 5 seconds to reconnect!
|-message|Tylericous lost due to inactivity.
|
|win|noodle10101
|raw|Tylericous's rating: 1343 &rarr; <strong>1321</strong><br />(-22 for losing)
|raw|noodle10101's rating: 1316 &rarr; <strong>1338</strong><br />(+22 for winning)
|l|☆noodle10101
|player|p2|
