|j|☆akijuen
|j|☆IMMAAXX
|t:|1759077743
|gametype|singles
|player|p1|akijuen|101|1599
|player|p2|IMMAAXX|lusamine-nihilego|1591
|gen|9
|tier|[Gen 9] OU
|rated|
|rule|HP Percentage Mod: HP is shown in percentages
|rule|Endless Battle Clause: Forcing endless battles is banned
|rule|Species Clause: Limit one of each Pokémon
|rule|OHKO Clause: OHKO moves are banned
|rule|Evasion Items Clause: Evasion items are banned
|rule|Evasion Moves Clause: Evasion moves are banned
|rule|Evasion Abilities Clause: Evasion abilities are banned
|rule|Sleep Moves Clause: Sleep-inducing moves are banned
|clearpoke
|poke|p1|Pelipper, F|
|poke|p1|Hatterene, F|
|poke|p1|Iron Treads|
|poke|p1|Toxicroak, F|
|poke|p1|Barraskewda, F|
|poke|p1|Zapdos|
|poke|p2|Kingambit, M|
|poke|p2|Dragonite, M|
|poke|p2|Great Tusk|
|poke|p2|Iron Moth|
|poke|p2|Gholdengo|
|poke|p2|Araquanid, F|
|teampreview
|inactive|Battle timer is ON: inactive players will automatically lose when time's up. (requested by akijuen)
|
|t:|1759077754
|teamsize|p1|6
|teamsize|p2|6
|start
|switch|p1a: Zapdos|Zapdos|100/100
|switch|p2a: Araquanid|Araquanid, F, shiny|100/100
|turn|1
|
|t:|1759077758
|move|p1a: Zapdos|Volt Switch|p2a: Araquanid
|-supereffective|p2a: Araquanid
|-damage|p2a: Araquanid|17/100
|
|t:|1759077761
|switch|p1a: Hatterene|Hatterene, F|100/100|[from] Volt Switch
|move|p2a: Araquanid|Surf|p1a: Hatterene
|-damage|p1a: Hatterene|59/100
|-enditem|p1a: Hatterene|Eject Button
|
|t:|1759077769
|switch|p1a: Zapdos|Zapdos|100/100
|
|upkeep
|turn|2
|
|t:|1759077772
|switch|p1a: Hatterene|Hatterene, F|59/100
|switch|p2a: Great Tusk|Great Tusk|100/100
|-enditem|p2a: Great Tusk|Booster Energy
|-activate|p2a: Great Tusk|ability: Protosynthesis|[fromitem]
|-start|p2a: Great Tusk|protosynthesisatk
|
|upkeep
|turn|3
|
|t:|1759077776
|switch|p1a: Pelipper|Pelipper, F|100/100
|-weather|RainDance|[from] ability: Drizzle|[of] p1a: Pelipper
|move|p2a: Great Tusk|Headlong Rush|p1a: Pelipper
|-immune|p1a: Pelipper
|
|-weather|RainDance|[upkeep]
|upkeep
|turn|4
|
|t:|1759077778
|move|p2a: Great Tusk|Supercell Slam|p1a: Pelipper
|-supereffective|p1a: Pelipper
|-damage|p1a: Pelipper|0 fnt
|faint|p1a: Pelipper
|
|-weather|RainDance|[upkeep]
|upkeep
|
|t:|1759077782
|switch|p1a: Barraskewda|Barraskewda, F|100/100
|turn|5
|
|t:|1759077791
|move|p1a: Barraskewda|Flip Turn|p2a: Great Tusk
|-supereffective|p2a: Great Tusk
|-damage|p2a: Great Tusk|0 fnt
|faint|p2a: Great Tusk
|-end|p2a: Great Tusk|Protosynthesis|[silent]
|
|t:|1759077795
|switch|p1a: Zapdos|Zapdos|100/100|[from] Flip Turn
|
|-weather|RainDance|[upkeep]
|upkeep
|
|t:|1759077812
|switch|p2a: Dragonite|Dragonite, M, shiny|100/100
|turn|6
|
|t:|1759077816
|move|p1a: Zapdos|Hurricane|p2a: Dragonite
|-damage|p2a: Dragonite|59/100
|-start|p2a: Dragonite|confusion
|-activate|p2a: Dragonite|confusion
|move|p2a: Dragonite|Dragon Dance|p2a: Dragonite
|-boost|p2a: Dragonite|atk|1
|-boost|p2a: Dragonite|spe|1
|
|-weather|RainDance|[upkeep]
|-heal|p2a: Dragonite|65/100|[from] item: Leftovers
|upkeep
|turn|7
|
|t:|1759077822
|-end|p2a: Dragonite|confusion
|move|p2a: Dragonite|Tera Blast|p1a: Zapdos
|-damage|p1a: Zapdos|82/100
|move|p1a: Zapdos|Hurricane|p2a: Dragonite
|-damage|p2a: Dragonite|0 fnt
|faint|p2a: Dragonite
|
|-weather|RainDance|[upkeep]
|upkeep
|
|t:|1759077827
|switch|p2a: Kingambit|Kingambit, M, shiny|100/100
|-activate|p2a: Kingambit|ability: Supreme Overlord
|-start|p2a: Kingambit|fallen2|[silent]
|turn|8
|
|t:|1759077831
|switch|p1a: Toxicroak|Toxicroak, F|100/100
|move|p2a: Kingambit|Swords Dance|p2a: Kingambit
|-boost|p2a: Kingambit|atk|2
|
|-weather|RainDance|[upkeep]
|upkeep
|turn|9
|
|t:|1759077838
|-terastallize|p2a: Kingambit|Ghost
|move|p1a: Toxicroak|Encore|p2a: Kingambit
|-start|p2a: Kingambit|Encore
|move|p2a: Kingambit|Swords Dance|p2a: Kingambit
|-boost|p2a: Kingambit|atk|2
|
|-weather|RainDance|[upkeep]
|upkeep
|turn|10
|
|t:|1759077843
|-end|p2a: Kingambit|fallen2|[silent]
|switch|p2a: Iron Moth|Iron Moth, shiny|100/100
|-enditem|p2a: Iron Moth|Booster Energy
|-activate|p2a: Iron Moth|ability: Quark Drive|[fromitem]
|-start|p2a: Iron Moth|quarkdrivespa
|move|p1a: Toxicroak|Knock Off|p2a: Iron Moth
|-damage|p2a: Iron Moth|74/100
|
|-weather|none
|upkeep
|turn|11
|
|t:|1759077852
|switch|p1a: Hatterene|Hatterene, F|59/100
|move|p2a: Iron Moth|Substitute|p2a: Iron Moth
|-start|p2a: Iron Moth|Substitute
|-damage|p2a: Iron Moth|49/100
|
|upkeep
|turn|12
|
|t:|1759077856
|move|p2a: Iron Moth|Fiery Dance|p1a: Hatterene
|-damage|p1a: Hatterene|0 fnt
|faint|p1a: Hatterene
|
|upkeep
|
|t:|1759077867
|switch|p1a: Barraskewda|Barraskewda, F|100/100
|turn|13
|
|t:|1759077874
|move|p1a: Barraskewda|Flip Turn|p2a: Iron Moth
|-supereffective|p2a: Iron Moth
|-end|p2a: Iron Moth|Substitute
|
|t:|1759077883
|switch|p1a: Iron Treads|Iron Treads|100/100|[from] Flip Turn
|move|p2a: Iron Moth|Fiery Dance|p1a: Iron Treads
|-supereffective|p1a: Iron Treads
|-damage|p1a: Iron Treads|9/100
|
|-heal|p1a: Iron Treads|15/100|[from] item: Leftovers
|upkeep
|turn|14
|
|t:|1759077890
|-end|p2a: Iron Moth|Quark Drive|[silent]
|switch|p2a: Araquanid|Araquanid, F, shiny|17/100
|move|p1a: Iron Treads|Stealth Rock|p2a: Araquanid
|-sidestart|p2: IMMAAXX|move: Stealth Rock
|
|-heal|p1a: Iron Treads|21/100|[from] item: Leftovers
|upkeep
|turn|15
|-enditem|p2a: Araquanid|Custap Berry|[eat]
|-activate|p2a: Araquanid|item: Custap Berry|[consumed]
|
|t:|1759077895
|move|p2a: Araquanid|Sticky Web|p1a: Iron Treads
|-sidestart|p1: akijuen|move: Sticky Web
|move|p1a: Iron Treads|Rapid Spin|p2a: Araquanid
|-damage|p2a: Araquanid|7/100
|-boost|p1a: Iron Treads|spe|1
|-sideend|p1: akijuen|Sticky Web|[from] move: Rapid Spin|[of] p1a: Iron Treads
|
|-heal|p1a: Iron Treads|27/100|[from] item: Leftovers
|upkeep
|turn|16
|
|t:|1759077899
|move|p1a: Iron Treads|Earthquake|p2a: Araquanid
|-resisted|p2a: Araquanid
|-damage|p2a: Araquanid|0 fnt
|faint|p2a: Araquanid
|
|-heal|p1a: Iron Treads|33/100|[from] item: Leftovers
|upkeep
|
|t:|1759077905
|switch|p2a: Gholdengo|Gholdengo|100/100
|-damage|p2a: Gholdengo|94/100|[from] Stealth Rock
|-item|p2a: Gholdengo|Air Balloon
|turn|17
|
|t:|1759077909
|move|p1a: Iron Treads|Volt Switch|p2a: Gholdengo
|-damage|p2a: Gholdengo|80/100
|-enditem|p2a: Gholdengo|Air Balloon
|
|t:|1759077913
|-end|p1a: Iron Treads|Quark Drive|[silent]
|switch|p1a: Zapdos|Zapdos|82/100|[from] Volt Switch
|move|p2a: Gholdengo|Shadow Ball|p1a: Zapdos
|-damage|p1a: Zapdos|29/100
|
|upkeep
|turn|18
|
|t:|1759077916
|move|p1a: Zapdos|Volt Switch|p2a: Gholdengo
|-damage|p2a: Gholdengo|20/100
|
|t:|1759077922
|switch|p1a: Toxicroak|Toxicroak, F|100/100|[from] Volt Switch
|move|p2a: Gholdengo|Shadow Ball|p1a: Toxicroak
|-damage|p1a: Toxicroak|48/100
|
|upkeep
|turn|19
|
|t:|1759077929
|switch|p1a: Iron Treads|Iron Treads|33/100
|move|p2a: Gholdengo|Shadow Ball|p1a: Iron Treads
|-damage|p1a: Iron Treads|2/100
|-unboost|p1a: Iron Treads|spd|1
|
|-heal|p1a: Iron Treads|8/100|[from] item: Leftovers
|upkeep
|turn|20
|
|t:|1759077933
|move|p2a: Gholdengo|Shadow Ball|p1a: Iron Treads
|-damage|p1a: Iron Treads|0 fnt
|faint|p1a: Iron Treads
|-end|p1a: Iron Treads|Quark Drive|[silent]
|
|upkeep
|
|t:|1759077935
|switch|p1a: Zapdos|Zapdos|29/100
|turn|21
|
|t:|1759077937
|move|p1a: Zapdos|Volt Switch|p2a: Gholdengo
|-damage|p2a: Gholdengo|0 fnt
|faint|p2a: Gholdengo
|
|t:|1759077940
|switch|p1a: Barraskewda|Barraskewda, F|100/100|[from] Volt Switch
|
|upkeep
|
|t:|1759077943
|switch|p2a: Kingambit|Kingambit, M, shiny, tera:Ghost|100/100
|-damage|p2a: Kingambit|88/100|[from] Stealth Rock
|-activate|p2a: Kingambit|ability: Supreme Overlord
|-start|p2a: Kingambit|fallen4|[silent]
|turn|22
|
|t:|1759077948
|move|p1a: Barraskewda|Flip Turn|p2a: Kingambit
|-damage|p2a: Kingambit|48/100
|
|t:|1759077952
|switch|p1a: Toxicroak|Toxicroak, F|48/100|[from] Flip Turn
|move|p2a: Kingambit|Kowtow Cleave|p1a: Toxicroak
|-resisted|p1a: Toxicroak
|-damage|p1a: Toxicroak|19/100
|-damage|p2a: Kingambit|31/100|[from] item: Rocky Helmet|[of] p1a: Toxicroak
|
|upkeep
|turn|23
|
|t:|1759077957
|-end|p2a: Kingambit|fallen4|[silent]
|switch|p2a: Iron Moth|Iron Moth, shiny|49/100
|-damage|p2a: Iron Moth|24/100|[from] Stealth Rock
|move|p1a: Toxicroak|Knock Off|p2a: Iron Moth
|-damage|p2a: Iron Moth|0 fnt
|faint|p2a: Iron Moth
|-end|p2a: Iron Moth|Quark Drive|[silent]
|
|upkeep
|
|t:|1759077959
|switch|p2a: Kingambit|Kingambit, M, shiny, tera:Ghost|31/100
|-damage|p2a: Kingambit|19/100|[from] Stealth Rock
|-activate|p2a: Kingambit|ability: Supreme Overlord
|-start|p2a: Kingambit|fallen5|[silent]
|turn|24
|
|t:|1759077961
|move|p1a: Toxicroak|Knock Off|p2a: Kingambit
|-supereffective|p2a: Kingambit
|-damage|p2a: Kingambit|0 fnt
|-enditem|p2a: Kingambit|Lum Berry|[from] move: Knock Off|[of] p1a: Toxicroak
|faint|p2a: Kingambit
|-end|p2a: Kingambit|fallen5|[silent]
|
|win|akijuen
|raw|akijuen's rating: 1599 &rarr; <strong>1619</strong><br />(+20 for winning)
|raw|IMMAAXX's rating: 1591 &rarr; <strong>1571</strong><br />(-20 for losing)
|l|☆IMMAAXX
|player|p2|
|c|☆akijuen|GG
|l|☆akijuen
|player|p1|
