|j|☆sv ou goatastic
|j|☆sam playplu
|t:|1759062060
|gametype|singles
|player|p1|sv ou goatastic|steven|1427
|player|p2|sam playplu|1|1439
|gen|9
|tier|[Gen 9] OU
|rated|
|rule|HP Percentage Mod: HP is shown in percentages
|rule|Endless Battle Clause: Forcing endless battles is banned
|rule|Species Clause: Limit one of each Pokémon
|rule|OHKO Clause: OHKO moves are banned
|rule|Evasion Items Clause: Evasion items are banned
|rule|Evasion Moves Clause: Evasion moves are banned
|rule|Evasion Abilities Clause: Evasion abilities are banned
|rule|Sleep Moves Clause: Sleep-inducing moves are banned
|clearpoke
|poke|p1|Ursaluna, F|
|poke|p1|Scizor, M|
|poke|p1|Alomomola, M|
|poke|p1|Moltres|
|poke|p1|Darkrai|
|poke|p1|Slowking, M|
|poke|p2|Ninetales, M|
|poke|p2|Charizard, F|
|poke|p2|Great Tusk|
|poke|p2|Walking Wake|
|poke|p2|Raging Bolt|
|poke|p2|Hatterene, F|
|teampreview
|inactive|Battle timer is ON: inactive players will automatically lose when time's up. (requested by sam playplu)
|
|t:|1759062075
|teamsize|p1|6
|teamsize|p2|6
|start
|switch|p1a: Darkrai|Darkrai|100/100
|switch|p2a: Hatterene|Hatterene, F|100/100
|turn|1
|
|t:|1759062082
|move|p1a: Darkrai|Sludge Bomb|p2a: Hatterene
|-supereffective|p2a: Hatterene
|-damage|p2a: Hatterene|36/100
|-status|p2a: Hatterene|psn
|move|p2a: Hatterene|Draining Kiss|p1a: Darkrai
|-supereffective|p1a: Darkrai
|-damage|p1a: Darkrai|32/100
|-heal|p2a: Hatterene|81/100 psn|[from] drain|[of] p1a: Darkrai
|
|-damage|p2a: Hatterene|69/100 psn|[from] psn
|upkeep
|turn|2
|
|t:|1759062096
|switch|p1a: Alomomola|Alomomola, M|100/100
|move|p2a: Hatterene|Nuzzle|p1a: Alomomola
|-supereffective|p1a: Alomomola
|-damage|p1a: Alomomola|96/100
|-status|p1a: Alomomola|par
|-damage|p2a: Hatterene|52/100 psn|[from] item: Rocky Helmet|[of] p1a: Alomomola
|
|-damage|p2a: Hatterene|40/100 psn|[from] psn
|upkeep
|turn|3
|
|t:|1759062108
|move|p2a: Hatterene|Draining Kiss|p1a: Alomomola
|-damage|p1a: Alomomola|62/100 par
|-heal|p2a: Hatterene|83/100 psn|[from] drain|[of] p1a: Alomomola
|-damage|p2a: Hatterene|67/100 psn|[from] item: Rocky Helmet|[of] p1a: Alomomola
|cant|p1a: Alomomola|par
|
|-damage|p2a: Hatterene|54/100 psn|[from] psn
|upkeep
|turn|4
|
|t:|1759062121
|switch|p1a: Scizor|Scizor, M|100/100
|move|p2a: Hatterene|Draining Kiss|p1a: Scizor
|-resisted|p1a: Scizor
|-damage|p1a: Scizor|83/100
|-heal|p2a: Hatterene|69/100 psn|[from] drain|[of] p1a: Scizor
|
|-heal|p1a: Scizor|89/100|[from] item: Leftovers
|-damage|p2a: Hatterene|56/100 psn|[from] psn
|upkeep
|turn|5
|
|t:|1759062132
|move|p1a: Scizor|U-turn|p2a: Hatterene
|-damage|p2a: Hatterene|11/100 psn
|
|t:|1759062137
|switch|p1a: Moltres|Moltres|100/100|[from] U-turn
|move|p2a: Hatterene|Mystical Fire|p1a: Moltres
|-resisted|p1a: Moltres
|-damage|p1a: Moltres|90/100
|-unboost|p1a: Moltres|spa|1
|
|-damage|p2a: Hatterene|0 fnt|[from] psn
|faint|p2a: Hatterene
|upkeep
|
|t:|1759062153
|switch|p2a: Raging Bolt|Raging Bolt|100/100
|turn|6
|
|t:|1759062164
|move|p2a: Raging Bolt|Draco Meteor|p1a: Moltres
|-damage|p1a: Moltres|28/100
|-unboost|p2a: Raging Bolt|spa|2
|move|p1a: Moltres|U-turn|p2a: Raging Bolt
|-damage|p2a: Raging Bolt|88/100
|
|t:|1759062172
|switch|p1a: Ursaluna|Ursaluna, F|100/100|[from] U-turn
|
|-status|p1a: Ursaluna|brn|[from] item: Flame Orb
|upkeep
|turn|7
|
|t:|1759062186
|-end|p2a: Raging Bolt|Protosynthesis|[silent]
|switch|p2a: Great Tusk|Great Tusk|100/100
|move|p1a: Ursaluna|Facade|p2a: Great Tusk
|-damage|p2a: Great Tusk|17/100
|
|-damage|p1a: Ursaluna|94/100 brn|[from] brn
|upkeep
|turn|8
|
|t:|1759062195
|switch|p1a: Moltres|Moltres|28/100
|move|p2a: Great Tusk|Ice Spinner|p1a: Moltres
|-damage|p1a: Moltres|8/100
|
|upkeep
|turn|9
|
|t:|1759062202
|move|p2a: Great Tusk|Ice Spinner|p1a: Moltres
|-damage|p1a: Moltres|0 fnt
|faint|p1a: Moltres
|
|upkeep
|
|t:|1759062219
|switch|p1a: Darkrai|Darkrai|32/100
|turn|10
|
|t:|1759062224
|move|p1a: Darkrai|Dark Pulse|p2a: Great Tusk
|-resisted|p2a: Great Tusk
|-damage|p2a: Great Tusk|0 fnt
|faint|p2a: Great Tusk
|-end|p2a: Great Tusk|Protosynthesis|[silent]
|
|upkeep
|
|t:|1759062239
|switch|p2a: Ninetales|Ninetales, M|100/100
|-weather|SunnyDay|[from] ability: Drought|[of] p2a: Ninetales
|turn|11
|
|t:|1759062249
|move|p1a: Darkrai|Dark Pulse|p2a: Ninetales
|-damage|p2a: Ninetales|43/100
|move|p2a: Ninetales|Weather Ball|p1a: Darkrai
|-damage|p1a: Darkrai|0 fnt
|faint|p1a: Darkrai
|
|-weather|SunnyDay|[upkeep]
|upkeep
|
|t:|1759062259
|switch|p1a: Slowking|Slowking, M|100/100
|turn|12
|
|t:|1759062263
|switch|p2a: Raging Bolt|Raging Bolt|88/100
|-activate|p2a: Raging Bolt|ability: Protosynthesis
|-start|p2a: Raging Bolt|protosynthesisspa
|-prepare|p1a: Slowking|Chilly Reception|[premajor]
|move|p1a: Slowking|Chilly Reception|p1a: Slowking
|-weather|Snowscape
|-end|p2a: Raging Bolt|Protosynthesis
|
|t:|1759062271
|switch|p1a: Ursaluna|Ursaluna, F|94/100 brn|[from] Chilly Reception
|
|-weather|Snowscape|[upkeep]
|-damage|p1a: Ursaluna|88/100 brn|[from] brn
|upkeep
|turn|13
|
|t:|1759062288
|switch|p1a: Slowking|Slowking, M|100/100
|move|p2a: Raging Bolt|Draco Meteor|p1a: Slowking
|-damage|p1a: Slowking|54/100
|-unboost|p2a: Raging Bolt|spa|2
|
|-weather|Snowscape|[upkeep]
|upkeep
|turn|14
|
|t:|1759062298
|move|p2a: Raging Bolt|Volt Switch|p1a: Slowking
|-supereffective|p1a: Slowking
|-damage|p1a: Slowking|27/100
|
|t:|1759062304
|-end|p2a: Raging Bolt|Protosynthesis|[silent]
|switch|p2a: Walking Wake|Walking Wake|100/100|[from] Volt Switch
|-prepare|p1a: Slowking|Chilly Reception|[premajor]
|move|p1a: Slowking|Chilly Reception|p1a: Slowking
|
|t:|1759062316
|switch|p1a: Alomomola|Alomomola, M|95/100 par|[from] Chilly Reception
|
|-weather|Snowscape|[upkeep]
|upkeep
|turn|15
|
|t:|1759062327
|-end|p2a: Walking Wake|Protosynthesis|[silent]
|switch|p2a: Raging Bolt|Raging Bolt|88/100
|move|p1a: Alomomola|Mirror Coat||[still]
|-fail|p1a: Alomomola
|
|-weather|Snowscape|[upkeep]
|upkeep
|turn|16
|inactive|sv ou goatastic has 120 seconds left.
|
|t:|1759062363
|switch|p1a: Scizor|Scizor, M|89/100
|move|p2a: Raging Bolt|Weather Ball|p1a: Scizor
|-resisted|p1a: Scizor
|-damage|p1a: Scizor|63/100
|
|-weather|none
|-heal|p1a: Scizor|69/100|[from] item: Leftovers
|upkeep
|turn|17
|inactive|sv ou goatastic has 120 seconds left.
|
|t:|1759062373
|move|p2a: Raging Bolt|Volt Switch|p1a: Scizor
|-damage|p1a: Scizor|22/100
|
|t:|1759062377
|-end|p2a: Raging Bolt|Protosynthesis|[silent]
|switch|p2a: Ninetales|Ninetales, M|43/100|[from] Volt Switch
|-weather|SunnyDay|[from] ability: Drought|[of] p2a: Ninetales
|move|p1a: Scizor|U-turn|p2a: Ninetales
|-resisted|p2a: Ninetales
|-damage|p2a: Ninetales|20/100
|
|t:|1759062385
|switch|p1a: Slowking|Slowking, M|61/100|[from] U-turn
|
|-weather|SunnyDay|[upkeep]
|upkeep
|turn|18
|
|t:|1759062392
|switch|p2a: Raging Bolt|Raging Bolt|88/100
|-activate|p2a: Raging Bolt|ability: Protosynthesis
|-start|p2a: Raging Bolt|protosynthesisspa
|-prepare|p1a: Slowking|Chilly Reception|[premajor]
|move|p1a: Slowking|Chilly Reception|p1a: Slowking
|-weather|Snowscape
|-end|p2a: Raging Bolt|Protosynthesis
|
|t:|1759062400
|switch|p1a: Ursaluna|Ursaluna, F|88/100 brn|[from] Chilly Reception
|
|-weather|Snowscape|[upkeep]
|-damage|p1a: Ursaluna|82/100 brn|[from] brn
|upkeep
|turn|19
|
|t:|1759062412
|switch|p1a: Scizor|Scizor, M|22/100
|move|p2a: Raging Bolt|Weather Ball|p1a: Scizor
|-resisted|p1a: Scizor
|-damage|p1a: Scizor|0 fnt
|faint|p1a: Scizor
|
|-weather|Snowscape|[upkeep]
|upkeep
|
|t:|1759062422
|switch|p1a: Ursaluna|Ursaluna, F|82/100 brn
|turn|20
|
|t:|1759062426
|-terastallize|p1a: Ursaluna|Normal
|move|p2a: Raging Bolt|Weather Ball|p1a: Ursaluna
|-crit|p1a: Ursaluna
|-damage|p1a: Ursaluna|25/100 brn
|move|p1a: Ursaluna|Facade|p2a: Raging Bolt
|-damage|p2a: Raging Bolt|0 fnt
|faint|p2a: Raging Bolt
|-end|p2a: Raging Bolt|Protosynthesis|[silent]
|
|-weather|Snowscape|[upkeep]
|-damage|p1a: Ursaluna|19/100 brn|[from] brn
|upkeep
|
|t:|1759062438
|switch|p2a: Ninetales|Ninetales, M|20/100
|-weather|SunnyDay|[from] ability: Drought|[of] p2a: Ninetales
|turn|21
|
|t:|1759062447
|switch|p1a: Slowking|Slowking, M|94/100
|move|p2a: Ninetales|Weather Ball|p1a: Slowking
|-resisted|p1a: Slowking
|-damage|p1a: Slowking|81/100
|
|-weather|SunnyDay|[upkeep]
|upkeep
|turn|22
|
|t:|1759062457
|switch|p2a: Walking Wake|Walking Wake|100/100
|-activate|p2a: Walking Wake|ability: Protosynthesis
|-start|p2a: Walking Wake|protosynthesisspe
|-prepare|p1a: Slowking|Chilly Reception|[premajor]
|move|p1a: Slowking|Chilly Reception|p1a: Slowking
|-weather|Snowscape
|-end|p2a: Walking Wake|Protosynthesis
|
|t:|1759062466
|switch|p1a: Alomomola|Alomomola, M|100/100 par|[from] Chilly Reception
|
|-weather|Snowscape|[upkeep]
|upkeep
|turn|23
|
|t:|1759062473
|-end|p2a: Walking Wake|Protosynthesis|[silent]
|switch|p2a: Ninetales|Ninetales, M|20/100
|-weather|SunnyDay|[from] ability: Drought|[of] p2a: Ninetales
|cant|p1a: Alomomola|par
|
|-weather|SunnyDay|[upkeep]
|upkeep
|turn|24
|
|t:|1759062483
|switch|p2a: Charizard|Charizard, F|100/100
|move|p1a: Alomomola|Wish|p1a: Alomomola
|
|-weather|SunnyDay|[upkeep]
|-damage|p2a: Charizard|88/100|[from] ability: Solar Power|[of] p2a: Charizard
|upkeep
|turn|25
|
|t:|1759062494
|switch|p1a: Slowking|Slowking, M|100/100
|move|p2a: Charizard|Solar Beam||[still]
|-prepare|p2a: Charizard|Solar Beam
|-anim|p2a: Charizard|Solar Beam|p1a: Slowking
|-supereffective|p1a: Slowking
|-damage|p1a: Slowking|8/100
|
|-weather|SunnyDay|[upkeep]
|-damage|p2a: Charizard|76/100|[from] ability: Solar Power|[of] p2a: Charizard
|-heal|p1a: Slowking|76/100|[from] move: Wish|[wisher] Alomomola
|upkeep
|turn|26
|
|t:|1759062510
|switch|p1a: Alomomola|Alomomola, M|100/100 par
|move|p2a: Charizard|Solar Beam||[still]
|-prepare|p2a: Charizard|Solar Beam
|-anim|p2a: Charizard|Solar Beam|p1a: Alomomola
|-supereffective|p1a: Alomomola
|-damage|p1a: Alomomola|0 fnt
|faint|p1a: Alomomola
|
|-weather|SunnyDay|[upkeep]
|-damage|p2a: Charizard|63/100|[from] ability: Solar Power|[of] p2a: Charizard
|upkeep
|
|t:|1759062522
|switch|p1a: Slowking|Slowking, M|100/100
|turn|27
|
|t:|1759062528
|switch|p2a: Walking Wake|Walking Wake|100/100
|-activate|p2a: Walking Wake|ability: Protosynthesis
|-start|p2a: Walking Wake|protosynthesisspe
|move|p1a: Slowking|Psychic Noise|p2a: Walking Wake
|-damage|p2a: Walking Wake|70/100
|-start|p2a: Walking Wake|move: Heal Block
|
|-weather|SunnyDay|[upkeep]
|upkeep
|turn|28
|
|t:|1759062541
|move|p2a: Walking Wake|Dragon Pulse|p1a: Slowking
|-damage|p1a: Slowking|73/100
|move|p1a: Slowking|Psychic Noise|p2a: Walking Wake
|-damage|p2a: Walking Wake|38/100
|
|-weather|SunnyDay|[upkeep]
|-end|p2a: Walking Wake|move: Heal Block
|upkeep
|turn|29
|
|t:|1759062553
|move|p2a: Walking Wake|Dragon Pulse|p1a: Slowking
|-crit|p1a: Slowking
|-damage|p1a: Slowking|38/100
|move|p1a: Slowking|Psychic Noise|p2a: Walking Wake
|-damage|p2a: Walking Wake|8/100
|-start|p2a: Walking Wake|move: Heal Block
|
|-weather|SunnyDay|[upkeep]
|upkeep
|turn|30
|
|t:|1759062565
|switch|p1a: Ursaluna|Ursaluna, F, tera:Normal|19/100 brn
|move|p2a: Walking Wake|Draco Meteor|p1a: Ursaluna
|-damage|p1a: Ursaluna|0 fnt
|-unboost|p2a: Walking Wake|spa|2
|faint|p1a: Ursaluna
|
|-weather|none
|-end|p2a: Walking Wake|Protosynthesis
|-end|p2a: Walking Wake|move: Heal Block
|upkeep
|
|t:|1759062576
|switch|p1a: Slowking|Slowking, M|71/100
|turn|31
|
|t:|1759062580
|move|p2a: Walking Wake|Dragon Pulse|p1a: Slowking
|-damage|p1a: Slowking|58/100
|move|p1a: Slowking|Psychic Noise|p2a: Walking Wake
|-damage|p2a: Walking Wake|0 fnt
|faint|p2a: Walking Wake
|-end|p2a: Walking Wake|Protosynthesis|[silent]
|
|upkeep
|
|t:|1759062589
|switch|p2a: Ninetales|Ninetales, M|20/100
|-weather|SunnyDay|[from] ability: Drought|[of] p2a: Ninetales
|turn|32
|
|t:|1759062594
|move|p2a: Ninetales|Healing Wish|p2a: Ninetales
|faint|p2a: Ninetales
|move|p1a: Slowking|Psychic Noise|p2: Ninetales|[notarget]
|-fail|p1a: Slowking
|
|-weather|SunnyDay|[upkeep]
|upkeep
|-message|sv ou goatastic forfeited.
|
|win|sam playplu
|raw|sv ou goatastic's rating: 1427 &rarr; <strong>1408</strong><br />(-19 for losing)
|raw|sam playplu's rating: 1439 &rarr; <strong>1458</strong><br />(+19 for winning)
|l|☆sv ou goatastic
|player|p1|
|l|☆sam playplu
|player|p2|
