|j|☆k.rool nwar
|j|☆sportspencil
|t:|1759078080
|gametype|singles
|player|p1|k.rool nwar|gentleman-gen4|1478
|player|p2|sportspencil|266|1483
|gen|9
|tier|[Gen 9] OU
|rated|
|rule|HP Percentage Mod: HP is shown in percentages
|rule|Endless Battle Clause: Forcing endless battles is banned
|rule|Species Clause: Limit one of each Pokémon
|rule|OHKO Clause: OHKO moves are banned
|rule|Evasion Items Clause: Evasion items are banned
|rule|Evasion Moves Clause: Evasion moves are banned
|rule|Evasion Abilities Clause: Evasion abilities are banned
|rule|Sleep Moves Clause: Sleep-inducing moves are banned
|clearpoke
|poke|p1|Weezing-Galar, F|
|poke|p1|Zamazenta-*|
|poke|p1|Iron Crown|
|poke|p1|Landorus-Therian, M|
|poke|p1|Dragonite, F|
|poke|p1|Garganacl, M|
|poke|p2|Rillaboom, F|
|poke|p2|Zapdos|
|poke|p2|Swampert, F|
|poke|p2|Dragapult, F|
|poke|p2|Weavile, M|
|poke|p2|Cinderace, M|
|teampreview
|
|t:|1759078098
|teamsize|p1|6
|teamsize|p2|6
|start
|switch|p1a: Garganacl|Garganacl, M|100/100
|switch|p2a: Zapdos|Zapdos|100/100
|turn|1
|inactive|Battle timer is ON: inactive players will automatically lose when time's up. (requested by k.rool nwar)
|
|t:|1759078130
|move|p2a: Zapdos|Volt Switch|p1a: Garganacl
|-damage|p1a: Garganacl|77/100
|
|t:|1759078136
|switch|p2a: Swampert|Swampert, F|100/100|[from] Volt Switch
|move|p1a: Garganacl|Salt Cure|p2a: Swampert
|-resisted|p2a: Swampert
|-damage|p2a: Swampert|96/100
|-start|p2a: Swampert|Salt Cure
|
|-heal|p1a: Garganacl|83/100|[from] item: Leftovers
|-damage|p2a: Swampert|71/100|[from] Salt Cure
|upkeep
|turn|2
|
|t:|1759078142
|switch|p1a: Landorus|Landorus-Therian, M|100/100
|-ability|p1a: Landorus|Intimidate|boost
|-unboost|p2a: Swampert|atk|1
|move|p2a: Swampert|Stealth Rock|p1a: Landorus
|-sidestart|p1: k.rool nwar|move: Stealth Rock
|
|-damage|p2a: Swampert|46/100|[from] Salt Cure
|upkeep
|turn|3
|
|t:|1759078148
|move|p1a: Landorus|Stealth Rock|p2a: Swampert
|-sidestart|p2: sportspencil|move: Stealth Rock
|move|p2a: Swampert|Ice Beam|p1a: Landorus
|-supereffective|p1a: Landorus
|-damage|p1a: Landorus|23/100
|
|-heal|p1a: Landorus|29/100|[from] item: Leftovers
|-damage|p2a: Swampert|21/100|[from] Salt Cure
|upkeep
|turn|4
|
|t:|1759078156
|move|p1a: Landorus|Earth Power|p2a: Swampert
|-damage|p2a: Swampert|0 fnt
|faint|p2a: Swampert
|
|-heal|p1a: Landorus|35/100|[from] item: Leftovers
|upkeep
|
|t:|1759078160
|switch|p2a: Weavile|Weavile, M|100/100
|-ability|p2a: Weavile|Pressure
|turn|5
|
|t:|1759078165
|move|p2a: Weavile|Triple Axel|p1a: Landorus
|-supereffective|p1a: Landorus
|-crit|p1a: Landorus
|-damage|p1a: Landorus|0 fnt
|faint|p1a: Landorus
|-hitcount|p1: Landorus|1
|
|upkeep
|
|t:|1759078171
|switch|p1a: Garganacl|Garganacl, M|83/100
|-damage|p1a: Garganacl|71/100|[from] Stealth Rock
|turn|6
|
|t:|1759078178
|move|p2a: Weavile|Swords Dance|p2a: Weavile
|-boost|p2a: Weavile|atk|2
|move|p1a: Garganacl|Recover|p1a: Garganacl
|-heal|p1a: Garganacl|100/100
|
|upkeep
|turn|7
|
|t:|1759078185
|-terastallize|p2a: Weavile|Ice
|move|p2a: Weavile|Triple Axel|p1a: Garganacl
|-damage|p1a: Garganacl|82/100
|-damage|p1a: Garganacl|46/100
|-damage|p1a: Garganacl|0 fnt
|faint|p1a: Garganacl
|-hitcount|p1: Garganacl|3
|
|upkeep
|
|t:|1759078192
|switch|p1a: Zamazenta|Zamazenta|100/100
|-damage|p1a: Zamazenta|94/100|[from] Stealth Rock
|-ability|p1a: Zamazenta|Dauntless Shield|boost
|-boost|p1a: Zamazenta|def|1
|turn|8
|
|t:|1759078202
|switch|p2a: Zapdos|Zapdos|100/100
|move|p1a: Zamazenta|Body Press|p2a: Zapdos
|-resisted|p2a: Zapdos
|-damage|p2a: Zapdos|67/100
|
|-heal|p1a: Zamazenta|100/100|[from] item: Leftovers
|upkeep
|turn|9
|
|t:|1759078210
|switch|p1a: Weezing|Weezing-Galar, F|100/100
|-ability|p1a: Weezing|Neutralizing Gas
|move|p2a: Zapdos|Roost|p2a: Zapdos
|-heal|p2a: Zapdos|100/100
|-singleturn|p2a: Zapdos|move: Roost
|
|upkeep
|turn|10
|
|t:|1759078216
|move|p2a: Zapdos|Volt Switch|p1a: Weezing
|-damage|p1a: Weezing|54/100
|
|t:|1759078219
|switch|p2a: Cinderace|Cinderace, M|100/100|[from] Volt Switch
|move|p1a: Weezing|Will-O-Wisp|p2a: Cinderace
|-immune|p2a: Cinderace
|
|upkeep
|turn|11
|
|t:|1759078222
|move|p2a: Cinderace|Pyro Ball|p1a: Weezing
|-damage|p1a: Weezing|14/100
|move|p1a: Weezing|Pain Split|p2a: Cinderace
|-sethp|p2a: Cinderace|58/100|[from] move: Pain Split|[silent]
|-sethp|p1a: Weezing|52/100|[from] move: Pain Split
|
|upkeep
|turn|12
|
|t:|1759078227
|move|p2a: Cinderace|Pyro Ball|p1a: Weezing
|-damage|p1a: Weezing|16/100
|move|p1a: Weezing|Pain Split|p2a: Cinderace
|-sethp|p2a: Cinderace|38/100|[from] move: Pain Split|[silent]
|-sethp|p1a: Weezing|34/100|[from] move: Pain Split
|
|upkeep
|turn|13
|
|t:|1759078231
|move|p2a: Cinderace|Pyro Ball|p1a: Weezing
|-damage|p1a: Weezing|0 fnt
|faint|p1a: Weezing
|-end|p1a: Weezing|ability: Neutralizing Gas
|
|upkeep
|
|t:|1759078237
|switch|p1a: Zamazenta|Zamazenta|100/100
|-damage|p1a: Zamazenta|94/100|[from] Stealth Rock
|turn|14
|
|t:|1759078240
|move|p1a: Zamazenta|Body Press|p2a: Cinderace
|-damage|p2a: Cinderace|0 fnt
|faint|p2a: Cinderace
|
|-heal|p1a: Zamazenta|100/100|[from] item: Leftovers
|upkeep
|
|t:|1759078246
|switch|p2a: Zapdos|Zapdos|100/100
|turn|15
|
|t:|1759078251
|switch|p1a: Iron Crown|Iron Crown|100/100
|-damage|p1a: Iron Crown|94/100|[from] Stealth Rock
|move|p2a: Zapdos|Hurricane|p1a: Iron Crown
|-resisted|p1a: Iron Crown
|-damage|p1a: Iron Crown|76/100
|
|upkeep
|turn|16
|
|t:|1759078256
|move|p2a: Zapdos|Volt Switch|p1a: Iron Crown
|-damage|p1a: Iron Crown|51/100
|
|t:|1759078259
|switch|p2a: Rillaboom|Rillaboom, F|100/100|[from] Volt Switch
|-damage|p2a: Rillaboom|88/100|[from] Stealth Rock
|-fieldstart|move: Grassy Terrain|[from] ability: Grassy Surge|[of] p2a: Rillaboom
|move|p1a: Iron Crown|Psychic Noise|p2a: Rillaboom
|-damage|p2a: Rillaboom|40/100
|-start|p2a: Rillaboom|move: Heal Block
|
|-heal|p1a: Iron Crown|57/100|[from] Grassy Terrain
|upkeep
|turn|17
|
|t:|1759078263
|move|p1a: Iron Crown|Tachyon Cutter|p2a: Rillaboom
|-damage|p2a: Rillaboom|8/100
|-damage|p2a: Rillaboom|0 fnt
|faint|p2a: Rillaboom
|-hitcount|p2: Rillaboom|2
|
|-heal|p1a: Iron Crown|63/100|[from] Grassy Terrain
|upkeep
|
|t:|1759078277
|switch|p2a: Dragapult|Dragapult, F|100/100
|-damage|p2a: Dragapult|88/100|[from] Stealth Rock
|turn|18
|
|t:|1759078283
|move|p2a: Dragapult|Phantom Force||[still]
|-prepare|p2a: Dragapult|Phantom Force
|move|p1a: Iron Crown|Psychic Noise|p2a: Dragapult|[miss]
|-miss|p1a: Iron Crown|p2a: Dragapult
|
|-heal|p1a: Iron Crown|69/100|[from] Grassy Terrain
|upkeep
|turn|19
|
|t:|1759078287
|-end|p1a: Iron Crown|Quark Drive|[silent]
|switch|p1a: Zamazenta|Zamazenta|100/100
|-damage|p1a: Zamazenta|94/100|[from] Stealth Rock
|move|p2a: Dragapult|Phantom Force|p1a: Zamazenta|[from] lockedmove
|-damage|p1a: Zamazenta|49/100
|-damage|p2a: Dragapult|78/100|[from] item: Life Orb
|
|-heal|p2a: Dragapult|84/100|[from] Grassy Terrain
|-heal|p1a: Zamazenta|55/100|[from] Grassy Terrain
|-heal|p1a: Zamazenta|62/100|[from] item: Leftovers
|upkeep
|turn|20
|
|t:|1759078299
|move|p2a: Dragapult|Psychic Fangs|p1a: Zamazenta
|-supereffective|p1a: Zamazenta
|-damage|p1a: Zamazenta|4/100
|-damage|p2a: Dragapult|75/100|[from] item: Life Orb
|move|p1a: Zamazenta|Iron Defense|p1a: Zamazenta
|-boost|p1a: Zamazenta|def|2
|
|-heal|p2a: Dragapult|81/100|[from] Grassy Terrain
|-heal|p1a: Zamazenta|10/100|[from] Grassy Terrain
|-heal|p1a: Zamazenta|16/100|[from] item: Leftovers
|-fieldend|move: Grassy Terrain
|upkeep
|turn|21
|
|t:|1759078306
|move|p2a: Dragapult|Psychic Fangs|p1a: Zamazenta
|-supereffective|p1a: Zamazenta
|-damage|p1a: Zamazenta|0 fnt
|faint|p1a: Zamazenta
|-damage|p2a: Dragapult|71/100|[from] item: Life Orb
|
|upkeep
|
|t:|1759078309
|switch|p1a: Iron Crown|Iron Crown|69/100
|-damage|p1a: Iron Crown|63/100|[from] Stealth Rock
|turn|22
|
|t:|1759078313
|move|p2a: Dragapult|Phantom Force||[still]
|-prepare|p2a: Dragapult|Phantom Force
|move|p1a: Iron Crown|Tachyon Cutter|p2a: Dragapult|[miss]
|-miss|p1a: Iron Crown|p2a: Dragapult
|
|upkeep
|turn|23
|
|t:|1759078316
|move|p2a: Dragapult|Phantom Force|p1a: Iron Crown|[from] lockedmove
|-supereffective|p1a: Iron Crown
|-damage|p1a: Iron Crown|0 fnt
|faint|p1a: Iron Crown
|-end|p1a: Iron Crown|Quark Drive|[silent]
|-damage|p2a: Dragapult|61/100|[from] item: Life Orb
|
|upkeep
|
|t:|1759078318
|switch|p1a: Dragonite|Dragonite, F|100/100
|-damage|p1a: Dragonite|76/100|[from] Stealth Rock
|turn|24
|
|t:|1759078322
|-terastallize|p1a: Dragonite|Normal
|move|p2a: Dragapult|Dragon Darts|p1a: Dragonite
|-damage|p1a: Dragonite|38/100
|-anim|p2a: Dragapult|Dragon Darts|p1a: Dragonite
|-damage|p1a: Dragonite|5/100
|-damage|p2a: Dragapult|51/100|[from] item: Life Orb
|move|p1a: Dragonite|Dragon Dance|p1a: Dragonite
|-boost|p1a: Dragonite|atk|1
|-boost|p1a: Dragonite|spe|1
|
|upkeep
|turn|25
|
|t:|1759078328
|move|p2a: Dragapult|Dragon Darts|p1a: Dragonite
|-damage|p1a: Dragonite|0 fnt
|faint|p1a: Dragonite
|-damage|p2a: Dragapult|42/100|[from] item: Life Orb
|
|win|sportspencil
|raw|k.rool nwar's rating: 1478 &rarr; <strong>1458</strong><br />(-20 for losing)
|raw|sportspencil's rating: 1483 &rarr; <strong>1503</strong><br />(+20 for winning)
|l|☆k.rool nwar
|player|p1|
|c|☆sportspencil|gg
|l|☆sportspencil
|player|p2|
