|j|☆mid0na/vaaty
|j|☆Hexylo
|t:|1758927803
|gametype|singles
|player|p1|mid0na/vaaty|cynthia|1147
|player|p2|Hexylo|lucas|1115
|gen|9
|tier|[Gen 9] OU
|rated|
|rule|HP Percentage Mod: HP is shown in percentages
|rule|Endless Battle Clause: Forcing endless battles is banned
|rule|Species Clause: Limit one of each Pokémon
|rule|OHKO Clause: OHKO moves are banned
|rule|Evasion Items Clause: Evasion items are banned
|rule|Evasion Moves Clause: Evasion moves are banned
|rule|Evasion Abilities Clause: Evasion abilities are banned
|rule|Sleep Moves Clause: Sleep-inducing moves are banned
|clearpoke
|poke|p1|Garchomp, M|
|poke|p1|Deoxys-Speed|
|poke|p1|Scizor, F|
|poke|p1|Quaquaval, F|
|poke|p1|Dragapult, M|
|poke|p1|Sinistcha-Masterpiece|
|poke|p2|Inteleon, M|
|poke|p2|Cinderace, F|
|poke|p2|Meowscarada, F|
|poke|p2|Corviknight, M|
|poke|p2|Garganacl, M|
|poke|p2|Hatterene, F|
|teampreview
|
|t:|1758927816
|teamsize|p1|6
|teamsize|p2|6
|start
|switch|p1a: Deoxys|Deoxys-Speed, shiny|100/100
|switch|p2a: Rango|Inteleon, M|100/100
|-ability|p1a: Deoxys|Pressure
|turn|1
|
|t:|1758927827
|switch|p2a: Wanda|Hatterene, F|100/100
|move|p1a: Deoxys|Trick|p2a: Wanda
|-activate|p1a: Deoxys|move: Trick|[of] p2a: Wanda
|-item|p2a: Wanda|Choice Band|[from] move: Trick
|-item|p1a: Deoxys|Leftovers|[from] move: Trick
|
|upkeep
|turn|2
|
|t:|1758927842
|move|p1a: Deoxys|Stealth Rock|p2a: Wanda
|move|p2a: Wanda|Stealth Rock|p1a: Deoxys|[from] ability: Magic Bounce
|-sidestart|p1: mid0na/vaaty|move: Stealth Rock
|move|p2a: Wanda|Nuzzle|p1a: Deoxys
|-damage|p1a: Deoxys|94/100
|-status|p1a: Deoxys|par
|
|-heal|p1a: Deoxys|99/100 par|[from] item: Leftovers
|upkeep
|turn|3
|
|t:|1758927863
|switch|p2a: Itachi|Corviknight, M|100/100
|-ability|p2a: Itachi|Pressure
|move|p1a: Deoxys|Psycho Boost|p2a: Itachi
|-resisted|p2a: Itachi
|-damage|p2a: Itachi|83/100
|-unboost|p1a: Deoxys|spa|2
|
|-heal|p1a: Deoxys|100/100 par|[from] item: Leftovers
|upkeep
|turn|4
|
|t:|1758927875
|switch|p2a: Wanda|Hatterene, F|100/100
|move|p1a: Deoxys|Spikes|p2a: Wanda
|move|p2a: Wanda|Spikes|p1a: Deoxys|[from] ability: Magic Bounce
|-sidestart|p1: mid0na/vaaty|Spikes
|
|upkeep
|turn|5
|
|t:|1758927886
|move|p1a: Deoxys|Psycho Boost|p2a: Wanda|[miss]
|-miss|p1a: Deoxys|p2a: Wanda
|move|p2a: Wanda|Draining Kiss|p1a: Deoxys
|-damage|p1a: Deoxys|67/100 par
|
|-heal|p1a: Deoxys|73/100 par|[from] item: Leftovers
|upkeep
|turn|6
|
|t:|1758927896
|move|p1a: Deoxys|Psycho Boost|p2a: Wanda
|-resisted|p2a: Wanda
|-damage|p2a: Wanda|88/100
|-unboost|p1a: Deoxys|spa|2
|move|p2a: Wanda|Draining Kiss|p1a: Deoxys
|-damage|p1a: Deoxys|39/100 par
|-heal|p2a: Wanda|100/100|[from] drain|[of] p1a: Deoxys
|
|-heal|p1a: Deoxys|46/100 par|[from] item: Leftovers
|upkeep
|turn|7
|
|t:|1758927908
|move|p1a: Deoxys|Psycho Boost|p2a: Wanda
|-resisted|p2a: Wanda
|-crit|p2a: Wanda
|-damage|p2a: Wanda|61/100
|-unboost|p1a: Deoxys|spa|2
|move|p2a: Wanda|Draining Kiss|p1a: Deoxys
|-damage|p1a: Deoxys|14/100 par
|-heal|p2a: Wanda|84/100|[from] drain|[of] p1a: Deoxys
|
|-heal|p1a: Deoxys|20/100 par|[from] item: Leftovers
|upkeep
|turn|8
|
|t:|1758927920
|move|p1a: Deoxys|Psycho Boost|p2a: Wanda
|-resisted|p2a: Wanda
|-damage|p2a: Wanda|78/100
|move|p2a: Wanda|Draining Kiss|p1a: Deoxys
|-damage|p1a: Deoxys|0 fnt
|-heal|p2a: Wanda|91/100|[from] drain|[of] p1a: Deoxys
|faint|p1a: Deoxys
|
|upkeep
|
|t:|1758927929
|switch|p1a: Dragapult|Dragapult, M|100/100
|-damage|p1a: Dragapult|88/100|[from] Stealth Rock
|-damage|p1a: Dragapult|76/100|[from] Spikes
|turn|9
|
|t:|1758927940
|switch|p2a: The Rock|Garganacl, M|100/100
|-terastallize|p1a: Dragapult|Fairy
|move|p1a: Dragapult|Phantom Force||[still]
|-prepare|p1a: Dragapult|Phantom Force
|-enditem|p1a: Dragapult|Power Herb
|-anim|p1a: Dragapult|Phantom Force|p2a: The Rock
|-damage|p2a: The Rock|88/100
|
|-heal|p2a: The Rock|94/100|[from] item: Leftovers
|upkeep
|turn|10
|
|t:|1758927968
|switch|p1a: Garchomp|Garchomp, M, shiny|100/100
|-damage|p1a: Garchomp|94/100|[from] Stealth Rock
|-damage|p1a: Garchomp|82/100|[from] Spikes
|move|p2a: The Rock|Substitute|p2a: The Rock
|-start|p2a: The Rock|Substitute
|-damage|p2a: The Rock|69/100
|
|-heal|p2a: The Rock|75/100|[from] item: Leftovers
|upkeep
|turn|11
|
|t:|1758927981
|move|p1a: Garchomp|Earthquake|p2a: The Rock
|-supereffective|p2a: The Rock
|-end|p2a: The Rock|Substitute
|move|p2a: The Rock|Salt Cure|p1a: Garchomp
|-resisted|p1a: Garchomp
|-damage|p1a: Garchomp|75/100
|-start|p1a: Garchomp|Salt Cure
|
|-heal|p2a: The Rock|81/100|[from] item: Leftovers
|-damage|p1a: Garchomp|63/100|[from] Salt Cure
|upkeep
|turn|12
|
|t:|1758927994
|move|p2a: The Rock|Protect|p2a: The Rock
|-singleturn|p2a: The Rock|Protect
|move|p1a: Garchomp|Swords Dance|p1a: Garchomp
|-boost|p1a: Garchomp|atk|2
|
|-heal|p2a: The Rock|88/100|[from] item: Leftovers
|-damage|p1a: Garchomp|51/100|[from] Salt Cure
|upkeep
|turn|13
|
|t:|1758928003
|switch|p2a: Itachi|Corviknight, M|83/100
|-ability|p2a: Itachi|Pressure
|move|p1a: Garchomp|Earthquake|p2a: Itachi
|-immune|p2a: Itachi
|
|-damage|p1a: Garchomp|38/100|[from] Salt Cure
|upkeep
|turn|14
|
|t:|1758928013
|move|p1a: Garchomp|Scale Shot|p2a: Itachi
|-resisted|p2a: Itachi
|-damage|p2a: Itachi|72/100
|-resisted|p2a: Itachi
|-damage|p2a: Itachi|61/100
|-resisted|p2a: Itachi
|-damage|p2a: Itachi|50/100
|-resisted|p2a: Itachi
|-damage|p2a: Itachi|39/100
|-resisted|p2a: Itachi
|-damage|p2a: Itachi|28/100
|-hitcount|p2a: Itachi|5
|-unboost|p1a: Garchomp|def|1
|-boost|p1a: Garchomp|spe|1
|move|p2a: Itachi|Brave Bird|p1a: Garchomp
|-damage|p1a: Garchomp|0 fnt
|-damage|p2a: Itachi|16/100|[from] ability: Rough Skin|[of] p1a: Garchomp
|faint|p1a: Garchomp
|-damage|p2a: Itachi|5/100|[from] Recoil
|
|upkeep
|
|t:|1758928031
|switch|p1a: Scizor|Scizor, F, shiny|100/100
|-damage|p1a: Scizor|88/100|[from] Stealth Rock
|-damage|p1a: Scizor|76/100|[from] Spikes
|turn|15
|
|t:|1758928041
|switch|p2a: Judy|Cinderace, F|100/100
|move|p1a: Scizor|Bullet Punch|p2a: Judy
|-resisted|p2a: Judy
|-crit|p2a: Judy
|-damage|p2a: Judy|67/100
|
|upkeep
|turn|16
|
|t:|1758928062
|move|p2a: Judy|Pyro Ball|p1a: Scizor
|-supereffective|p1a: Scizor
|-damage|p1a: Scizor|0 fnt
|faint|p1a: Scizor
|
|upkeep
|
|t:|1758928067
|switch|p1a: Quaquaval|Quaquaval, F, shiny|100/100
|-damage|p1a: Quaquaval|94/100|[from] Stealth Rock
|-damage|p1a: Quaquaval|82/100|[from] Spikes
|turn|17
|
|t:|1758928074
|switch|p2a: Itachi|Corviknight, M|5/100
|-ability|p2a: Itachi|Pressure
|move|p1a: Quaquaval|Aqua Step|p2a: Itachi
|-damage|p2a: Itachi|0 fnt
|-boost|p1a: Quaquaval|spe|1
|-damage|p1a: Quaquaval|65/100|[from] item: Rocky Helmet|[of] p2a: Itachi
|faint|p2a: Itachi
|-ability|p1a: Quaquaval|Moxie|boost
|-boost|p1a: Quaquaval|atk|1
|
|-heal|p1a: Quaquaval|71/100|[from] item: Leftovers
|upkeep
|
|t:|1758928090
|switch|p2a: Wanda|Hatterene, F|91/100
|turn|18
|
|t:|1758928103
|move|p1a: Quaquaval|Aqua Step|p2a: Wanda
|-damage|p2a: Wanda|32/100
|-boost|p1a: Quaquaval|spe|1
|move|p2a: Wanda|Draining Kiss|p1a: Quaquaval
|-supereffective|p1a: Quaquaval
|-damage|p1a: Quaquaval|0 fnt
|-heal|p2a: Wanda|84/100|[from] drain|[of] p1a: Quaquaval
|faint|p1a: Quaquaval
|
|upkeep
|
|t:|1758928113
|switch|p1a: Dragapult|Dragapult, M, tera:Fairy|76/100
|-damage|p1a: Dragapult|64/100|[from] Stealth Rock
|-damage|p1a: Dragapult|51/100|[from] Spikes
|turn|19
|
|t:|1758928126
|switch|p2a: The Rock|Garganacl, M|88/100
|move|p1a: Dragapult|Acrobatics|p2a: The Rock
|-resisted|p2a: The Rock
|-damage|p2a: The Rock|77/100
|
|-heal|p2a: The Rock|83/100|[from] item: Leftovers
|upkeep
|turn|20
|
|t:|1758928136
|move|p1a: Dragapult|Phantom Force||[still]
|-prepare|p1a: Dragapult|Phantom Force
|move|p2a: The Rock|Substitute|p2a: The Rock
|-start|p2a: The Rock|Substitute
|-damage|p2a: The Rock|58/100
|
|-heal|p2a: The Rock|65/100|[from] item: Leftovers
|upkeep
|turn|21
|
|t:|1758928143
|move|p2a: The Rock|Protect|p2a: The Rock
|-singleturn|p2a: The Rock|Protect
|move|p1a: Dragapult|Phantom Force|p2a: The Rock|[from] lockedmove
|-activate|p2a: The Rock|move: Phantom Force|[broken]
|-damage|p2a: The Rock|52/100
|
|-heal|p2a: The Rock|58/100|[from] item: Leftovers
|upkeep
|turn|22
|
|t:|1758928160
|move|p1a: Dragapult|Phantom Force||[still]
|-prepare|p1a: Dragapult|Phantom Force
|move|p2a: The Rock|Salt Cure|p1a: Dragapult|[miss]
|-miss|p2a: The Rock|p1a: Dragapult
|
|-heal|p2a: The Rock|64/100|[from] item: Leftovers
|upkeep
|turn|23
|
|t:|1758928168
|move|p1a: Dragapult|Phantom Force|p2a: The Rock|[from] lockedmove
|-damage|p2a: The Rock|51/100
|move|p2a: The Rock|Salt Cure|p1a: Dragapult
|-damage|p1a: Dragapult|34/100
|-start|p1a: Dragapult|Salt Cure
|
|-heal|p2a: The Rock|57/100|[from] item: Leftovers
|-damage|p1a: Dragapult|22/100|[from] Salt Cure
|upkeep
|turn|24
|
|t:|1758928181
|move|p1a: Dragapult|Phantom Force||[still]
|-prepare|p1a: Dragapult|Phantom Force
|move|p2a: The Rock|Dig||[still]
|-prepare|p2a: The Rock|Dig
|
|-heal|p2a: The Rock|63/100|[from] item: Leftovers
|-damage|p1a: Dragapult|10/100|[from] Salt Cure
|upkeep
|turn|25
|
|t:|1758928187
|move|p1a: Dragapult|Phantom Force|p2a: The Rock|[from] lockedmove|[miss]
|-miss|p1a: Dragapult|p2a: The Rock
|move|p2a: The Rock|Dig|p1a: Dragapult|[from] lockedmove
|-damage|p1a: Dragapult|0 fnt
|faint|p1a: Dragapult
|
|-heal|p2a: The Rock|70/100|[from] item: Leftovers
|upkeep
|
|t:|1758928196
|switch|p1a: Sinistcha|Sinistcha-Masterpiece|100/100
|-damage|p1a: Sinistcha|88/100|[from] Stealth Rock
|-damage|p1a: Sinistcha|76/100|[from] Spikes
|turn|26
|
|t:|1758928204
|move|p1a: Sinistcha|Strength Sap||[still]
|-fail|p1a: Sinistcha
|move|p2a: The Rock|Salt Cure|p1a: Sinistcha
|-damage|p1a: Sinistcha|61/100
|-start|p1a: Sinistcha|Salt Cure
|
|-heal|p1a: Sinistcha|68/100|[from] item: Leftovers
|-heal|p2a: The Rock|76/100|[from] item: Leftovers
|-damage|p1a: Sinistcha|55/100|[from] Salt Cure
|upkeep
|turn|27
|
|t:|1758928219
|move|p1a: Sinistcha|Matcha Gotcha|p2a: The Rock
|-supereffective|p2a: The Rock
|-end|p2a: The Rock|Substitute
|-heal|p1a: Sinistcha|72/100|[from] drain|[of] p2a: The Rock
|move|p2a: The Rock|Dig||[still]
|-prepare|p2a: The Rock|Dig
|
|-heal|p1a: Sinistcha|78/100|[from] item: Leftovers
|-heal|p2a: The Rock|82/100|[from] item: Leftovers
|-damage|p1a: Sinistcha|66/100|[from] Salt Cure
|upkeep
|turn|28
|
|t:|1758928231
|move|p1a: Sinistcha|Calm Mind|p1a: Sinistcha
|-boost|p1a: Sinistcha|spa|1
|-boost|p1a: Sinistcha|spd|1
|move|p2a: The Rock|Dig|p1a: Sinistcha|[from] lockedmove
|-resisted|p1a: Sinistcha
|-damage|p1a: Sinistcha|56/100
|
|-heal|p1a: Sinistcha|62/100|[from] item: Leftovers
|-heal|p2a: The Rock|88/100|[from] item: Leftovers
|-damage|p1a: Sinistcha|50/100|[from] Salt Cure
|upkeep
|turn|29
|
|t:|1758928241
|-terastallize|p2a: The Rock|Ghost
|move|p1a: Sinistcha|Calm Mind|p1a: Sinistcha
|-boost|p1a: Sinistcha|spa|1
|-boost|p1a: Sinistcha|spd|1
|move|p2a: The Rock|Substitute|p2a: The Rock
|-start|p2a: The Rock|Substitute
|-damage|p2a: The Rock|63/100
|
|-heal|p1a: Sinistcha|56/100|[from] item: Leftovers
|-heal|p2a: The Rock|69/100|[from] item: Leftovers
|-damage|p1a: Sinistcha|44/100|[from] Salt Cure
|upkeep
|turn|30
|
|t:|1758928252
|move|p1a: Sinistcha|Matcha Gotcha|p2a: The Rock
|-end|p2a: The Rock|Substitute
|-heal|p1a: Sinistcha|60/100|[from] drain|[of] p2a: The Rock
|move|p2a: The Rock|Salt Cure|p1a: Sinistcha
|-crit|p1a: Sinistcha
|-damage|p1a: Sinistcha|38/100
|
|-heal|p1a: Sinistcha|44/100|[from] item: Leftovers
|-heal|p2a: The Rock|75/100|[from] item: Leftovers
|-damage|p1a: Sinistcha|31/100|[from] Salt Cure
|upkeep
|turn|31
|
|t:|1758928265
|move|p1a: Sinistcha|Strength Sap|p2a: The Rock
|-unboost|p2a: The Rock|atk|1
|-heal|p1a: Sinistcha|100/100
|move|p2a: The Rock|Substitute|p2a: The Rock
|-start|p2a: The Rock|Substitute
|-damage|p2a: The Rock|50/100
|
|-heal|p2a: The Rock|57/100|[from] item: Leftovers
|-damage|p1a: Sinistcha|88/100|[from] Salt Cure
|upkeep
|turn|32
|
|t:|1758928288
|move|p1a: Sinistcha|Calm Mind|p1a: Sinistcha
|-boost|p1a: Sinistcha|spa|1
|-boost|p1a: Sinistcha|spd|1
|move|p2a: The Rock|Salt Cure|p1a: Sinistcha
|-crit|p1a: Sinistcha
|-damage|p1a: Sinistcha|67/100
|
|-heal|p1a: Sinistcha|73/100|[from] item: Leftovers
|-heal|p2a: The Rock|63/100|[from] item: Leftovers
|-damage|p1a: Sinistcha|61/100|[from] Salt Cure
|upkeep
|turn|33
|
|t:|1758928306
|move|p1a: Sinistcha|Calm Mind|p1a: Sinistcha
|-boost|p1a: Sinistcha|spa|1
|-boost|p1a: Sinistcha|spd|1
|move|p2a: The Rock|Salt Cure|p1a: Sinistcha
|-damage|p1a: Sinistcha|51/100
|
|-heal|p1a: Sinistcha|57/100|[from] item: Leftovers
|-heal|p2a: The Rock|69/100|[from] item: Leftovers
|-damage|p1a: Sinistcha|45/100|[from] Salt Cure
|upkeep
|turn|34
|
|t:|1758928316
|move|p2a: The Rock|Protect|p2a: The Rock
|-singleturn|p2a: The Rock|Protect
|move|p1a: Sinistcha|Matcha Gotcha|p2a: The Rock
|-activate|p2a: The Rock|move: Protect
|
|-heal|p1a: Sinistcha|51/100|[from] item: Leftovers
|-heal|p2a: The Rock|75/100|[from] item: Leftovers
|-damage|p1a: Sinistcha|39/100|[from] Salt Cure
|upkeep
|turn|35
|
|t:|1758928336
|move|p1a: Sinistcha|Matcha Gotcha|p2a: The Rock
|-crit|p2a: The Rock
|-end|p2a: The Rock|Substitute
|-heal|p1a: Sinistcha|55/100|[from] drain|[of] p2a: The Rock
|move|p2a: The Rock|Substitute|p2a: The Rock
|-start|p2a: The Rock|Substitute
|-damage|p2a: The Rock|50/100
|
|-heal|p1a: Sinistcha|61/100|[from] item: Leftovers
|-heal|p2a: The Rock|56/100|[from] item: Leftovers
|-damage|p1a: Sinistcha|49/100|[from] Salt Cure
|upkeep
|turn|36
|
|t:|1758928350
|move|p2a: The Rock|Protect|p2a: The Rock
|-singleturn|p2a: The Rock|Protect
|move|p1a: Sinistcha|Matcha Gotcha|p2a: The Rock
|-activate|p2a: The Rock|move: Protect
|
|-heal|p1a: Sinistcha|55/100|[from] item: Leftovers
|-heal|p2a: The Rock|63/100|[from] item: Leftovers
|-damage|p1a: Sinistcha|43/100|[from] Salt Cure
|upkeep
|turn|37
|
|t:|1758928361
|move|p1a: Sinistcha|Matcha Gotcha|p2a: The Rock
|-end|p2a: The Rock|Substitute
|-heal|p1a: Sinistcha|59/100|[from] drain|[of] p2a: The Rock
|move|p2a: The Rock|Salt Cure|p1a: Sinistcha
|-damage|p1a: Sinistcha|48/100
|
|-heal|p1a: Sinistcha|54/100|[from] item: Leftovers
|-heal|p2a: The Rock|69/100|[from] item: Leftovers
|-damage|p1a: Sinistcha|42/100|[from] Salt Cure
|upkeep
|turn|38
|
|t:|1758928375
|move|p2a: The Rock|Protect|p2a: The Rock
|-singleturn|p2a: The Rock|Protect
|move|p1a: Sinistcha|Strength Sap|p2a: The Rock
|-activate|p2a: The Rock|move: Protect
|
|-heal|p1a: Sinistcha|48/100|[from] item: Leftovers
|-heal|p2a: The Rock|75/100|[from] item: Leftovers
|-damage|p1a: Sinistcha|36/100|[from] Salt Cure
|upkeep
|turn|39
|
|t:|1758928386
|switch|p2a: Wanda|Hatterene, F|84/100
|move|p1a: Sinistcha|Strength Sap|p2a: Wanda
|move|p2a: Wanda|Strength Sap|p1a: Sinistcha|[from] ability: Magic Bounce
|-unboost|p1a: Sinistcha|atk|1
|-heal|p2a: Wanda|100/100
|
|-heal|p1a: Sinistcha|42/100|[from] item: Leftovers
|-damage|p1a: Sinistcha|30/100|[from] Salt Cure
|upkeep
|turn|40
|
|t:|1758928399
|move|p1a: Sinistcha|Matcha Gotcha|p2a: Wanda
|-damage|p2a: Wanda|0 fnt
|-heal|p1a: Sinistcha|81/100|[from] drain|[of] p2a: Wanda
|faint|p2a: Wanda
|
|-heal|p1a: Sinistcha|87/100|[from] item: Leftovers
|-damage|p1a: Sinistcha|75/100|[from] Salt Cure
|upkeep
|
|t:|1758928409
|switch|p2a: Kitty|Meowscarada, F|100/100
|turn|41
|
|t:|1758928423
|move|p2a: Kitty|Triple Axel|p1a: Sinistcha|[miss]
|-start|p2a: Kitty|typechange|Ice|[from] ability: Protean
|-miss|p2a: Kitty|p1a: Sinistcha
|move|p1a: Sinistcha|Matcha Gotcha|p2a: Kitty
|-damage|p2a: Kitty|0 fnt
|-heal|p1a: Sinistcha|100/100|[from] drain|[of] p2a: Kitty
|faint|p2a: Kitty
|
|-damage|p1a: Sinistcha|88/100|[from] Salt Cure
|upkeep
|-message|Hexylo forfeited.
|
|win|mid0na/vaaty
|raw|mid0na&#x2f;vaaty's rating: 1147 &rarr; <strong>1170</strong><br />(+23 for winning)
|raw|Hexylo's rating: 1115 &rarr; <strong>1092</strong><br />(-23 for losing)
|l|☆Hexylo
|player|p2|
