|j|☆Fast blunder
|j|☆TheTheyThemler
|t:|1759010191
|gametype|singles
|player|p1|Fast blunder|silver|1334
|player|p2|TheTheyThemler|n|1298
|gen|9
|tier|[Gen 9] OU
|rated|
|rule|HP Percentage Mod: HP is shown in percentages
|rule|Endless Battle Clause: Forcing endless battles is banned
|rule|Species Clause: Limit one of each Pokémon
|rule|OHKO Clause: OHKO moves are banned
|rule|Evasion Items Clause: Evasion items are banned
|rule|Evasion Moves Clause: Evasion moves are banned
|rule|Evasion Abilities Clause: Evasion abilities are banned
|rule|Sleep Moves Clause: Sleep-inducing moves are banned
|clearpoke
|poke|p1|Lokix, M|
|poke|p1|Cinderace, M|
|poke|p1|Great Tusk|
|poke|p1|Alomomola, F|
|poke|p1|Enamorus, F|
|poke|p1|Slowking-Galar, F|
|poke|p2|Charjabug, F|
|poke|p2|Ceruledge, F|
|poke|p2|Gholdengo|
|poke|p2|Umbreon, F|
|poke|p2|Great Tusk|
|poke|p2|Kyurem|
|teampreview
|inactive|Battle timer is ON: inactive players will automatically lose when time's up. (requested by Fast blunder)
|inactive|Fast blunder has 120 seconds left.
|c|☆Fast blunder|Charchabug?
|
|t:|1759010247
|teamsize|p1|6
|teamsize|p2|6
|start
|switch|p1a: Cinderace|Cinderace, M|100/100
|switch|p2a: 🚍|Charjabug, F, shiny|100/100
|turn|1
|
|t:|1759010254
|move|p1a: Cinderace|Pyro Ball|p2a: 🚍|[miss]
|-miss|p1a: Cinderace|p2a: 🚍
|move|p2a: 🚍|Volt Switch|p1a: Cinderace
|-damage|p1a: Cinderace|83/100
|
|t:|1759010267
|switch|p2a: 🐘|Great Tusk, shiny|100/100|[from] Volt Switch
|
|upkeep
|turn|2
|
|t:|1759010278
|move|p1a: Cinderace|U-turn|p2a: 🐘
|-resisted|p2a: 🐘
|-damage|p2a: 🐘|95/100
|
|t:|1759010287
|switch|p1a: Alomomola|Alomomola, F|100/100|[from] U-turn
|move|p2a: 🐘|Stealth Rock|p1a: Alomomola
|-sidestart|p1: Fast blunder|move: Stealth Rock
|
|-heal|p2a: 🐘|100/100|[from] item: Leftovers
|upkeep
|turn|3
|
|t:|1759010310
|move|p2a: 🐘|Knock Off|p1a: Alomomola
|-damage|p1a: Alomomola|76/100
|-enditem|p1a: Alomomola|Assault Vest|[from] move: Knock Off|[of] p2a: 🐘
|move|p1a: Alomomola|Flip Turn|p2a: 🐘
|-supereffective|p2a: 🐘
|-damage|p2a: 🐘|81/100
|
|t:|1759010335
|switch|p1a: Enamorus|Enamorus, F|100/100|[from] Flip Turn
|-damage|p1a: Enamorus|76/100|[from] Stealth Rock
|
|-heal|p2a: 🐘|87/100|[from] item: Leftovers
|upkeep
|turn|4
|l|☆Fast blunder
|inactive|Fast blunder disconnected and has a minute to reconnect!
|player|p1|
|j|☆Fast blunder
|inactive|Fast blunder reconnected and has 125 seconds left.
|player|p1|Fast blunder|silver|
|inactive|Fast blunder has 120 seconds left.
|
|t:|1759010372
|-end|p2a: 🐘|Protosynthesis|[silent]
|switch|p2a: 🎩|Gholdengo|100/100
|move|p1a: Enamorus|Earth Power|p2a: 🎩
|-supereffective|p2a: 🎩
|-damage|p2a: 🎩|18/100
|-unboost|p2a: 🎩|spd|1
|
|-heal|p2a: 🎩|25/100|[from] item: Leftovers
|upkeep
|turn|5
|
|t:|1759010383
|switch|p2a: 🐈‍⬛|Umbreon, F, shiny|100/100
|move|p1a: Enamorus|Earth Power|p2a: 🐈‍⬛
|-damage|p2a: 🐈‍⬛|81/100
|
|-heal|p2a: 🐈‍⬛|87/100|[from] item: Leftovers
|upkeep
|turn|6
|
|t:|1759010407
|switch|p1a: Great Tusk|Great Tusk|100/100
|-damage|p1a: Great Tusk|98/100|[from] Stealth Rock
|move|p2a: 🐈‍⬛|Wish|p2a: 🐈‍⬛
|
|-heal|p1a: Great Tusk|100/100|[from] item: Leftovers
|-heal|p2a: 🐈‍⬛|93/100|[from] item: Leftovers
|upkeep
|turn|7
|inactive|Fast blunder has 90 seconds left.
|inactive|TheTheyThemler has 120 seconds left.
|l|☆TheTheyThemler
|inactive|TheTheyThemler disconnected and has a minute to reconnect!
|player|p2|
|j|☆TheTheyThemler
|inactive|TheTheyThemler reconnected and has 100 seconds left.
|player|p2|TheTheyThemler|n|
|inactive|TheTheyThemler has 90 seconds left.
|
|t:|1759010473
|switch|p2a: 🚍|Charjabug, F, shiny|100/100
|move|p1a: Great Tusk|Knock Off|p2a: 🚍
|-damage|p2a: 🚍|86/100
|-enditem|p2a: 🚍|Eviolite|[from] move: Knock Off|[of] p1a: Great Tusk
|
|-heal|p2a: 🚍|100/100|[from] move: Wish|[wisher] 🐈‍⬛
|upkeep
|turn|8
|inactive|Fast blunder has 90 seconds left.
|
|t:|1759010484
|move|p1a: Great Tusk|Rapid Spin|p2a: 🚍
|-damage|p2a: 🚍|90/100
|-boost|p1a: Great Tusk|spe|1
|-sideend|p1: Fast blunder|Stealth Rock|[from] move: Rapid Spin|[of] p1a: Great Tusk
|move|p2a: 🚍|Sticky Web|p1a: Great Tusk
|-sidestart|p1: Fast blunder|move: Sticky Web
|
|upkeep
|turn|9
|inactive|Fast blunder has 90 seconds left.
|
|t:|1759010493
|switch|p2a: 🎩|Gholdengo|25/100
|move|p1a: Great Tusk|Rapid Spin|p2a: 🎩
|-immune|p2a: 🎩
|
|-heal|p2a: 🎩|31/100|[from] item: Leftovers
|upkeep
|turn|10
|
|t:|1759010502
|move|p1a: Great Tusk|Knock Off|p2a: 🎩
|-supereffective|p2a: 🎩
|-damage|p2a: 🎩|0 fnt
|-enditem|p2a: 🎩|Leftovers|[from] move: Knock Off|[of] p1a: Great Tusk
|faint|p2a: 🎩
|
|upkeep
|inactive|TheTheyThemler has 90 seconds left.
|
|t:|1759010509
|switch|p2a: ⚔️|Ceruledge, F, shiny|100/100
|turn|11
|
|t:|1759010518
|-terastallize|p2a: ⚔️|Bug
|move|p1a: Great Tusk|Earthquake|p2a: ⚔️
|-resisted|p2a: ⚔️
|-damage|p2a: ⚔️|71/100
|move|p2a: ⚔️|Bulk Up|p2a: ⚔️
|-boost|p2a: ⚔️|atk|1
|-boost|p2a: ⚔️|def|1
|
|-heal|p2a: ⚔️|77/100|[from] item: Leftovers
|upkeep
|turn|12
|inactive|Fast blunder has 90 seconds left.
|
|t:|1759010549
|-end|p1a: Great Tusk|Protosynthesis|[silent]
|switch|p1a: Alomomola|Alomomola, F|100/100
|-activate|p1a: Alomomola|move: Sticky Web
|-unboost|p1a: Alomomola|spe|1
|move|p2a: ⚔️|Bitter Blade|p1a: Alomomola
|-resisted|p1a: Alomomola
|-damage|p1a: Alomomola|71/100
|-heal|p2a: ⚔️|100/100|[from] drain|[of] p1a: Alomomola
|
|upkeep
|turn|13
|inactive|Fast blunder has 90 seconds left.
|inactive|TheTheyThemler has 90 seconds left.
|
|t:|1759010582
|switch|p2a: 🐈‍⬛|Umbreon, F, shiny|93/100
|move|p1a: Alomomola|Flip Turn|p2a: 🐈‍⬛
|-damage|p2a: 🐈‍⬛|81/100
|inactive|Fast blunder has 90 seconds left.
|
|t:|1759010588
|switch|p1a: Great Tusk|Great Tusk|100/100|[from] Flip Turn
|-activate|p1a: Great Tusk|move: Sticky Web
|-unboost|p1a: Great Tusk|spe|1
|
|-heal|p2a: 🐈‍⬛|87/100|[from] item: Leftovers
|upkeep
|turn|14
|inactive|Fast blunder has 90 seconds left.
|
|t:|1759010599
|move|p1a: Great Tusk|Knock Off|p2a: 🐈‍⬛
|-resisted|p2a: 🐈‍⬛
|-damage|p2a: 🐈‍⬛|76/100
|-enditem|p2a: 🐈‍⬛|Leftovers|[from] move: Knock Off|[of] p1a: Great Tusk
|move|p2a: 🐈‍⬛|Toxic|p1a: Great Tusk
|-status|p1a: Great Tusk|tox
|
|-damage|p1a: Great Tusk|94/100 tox|[from] psn
|upkeep
|turn|15
|inactive|TheTheyThemler has 90 seconds left.
|inactive|TheTheyThemler has 60 seconds left.
|
|t:|1759010648
|-end|p1a: Great Tusk|Protosynthesis|[silent]
|switch|p1a: Cinderace|Cinderace, M|83/100
|switch|p2a: ⚔️|Ceruledge, F, shiny, tera:Bug|100/100
|
|upkeep
|turn|16
|
|t:|1759010658
|move|p1a: Cinderace|Court Change|p1a: Cinderace
|-swapsideconditions
|-activate|p1a: Cinderace|move: Court Change
|move|p2a: ⚔️|Bulk Up|p2a: ⚔️
|-boost|p2a: ⚔️|atk|1
|-boost|p2a: ⚔️|def|1
|
|upkeep
|turn|17
|inactive|TheTheyThemler has 60 seconds left.
|
|t:|1759010667
|move|p1a: Cinderace|Pyro Ball|p2a: ⚔️
|-start|p2a: ⚔️|ability: Flash Fire
|move|p2a: ⚔️|Bulk Up|p2a: ⚔️
|-boost|p2a: ⚔️|atk|1
|-boost|p2a: ⚔️|def|1
|
|upkeep
|turn|18
|
|t:|1759010678
|move|p1a: Cinderace|U-turn|p2a: ⚔️
|-damage|p2a: ⚔️|88/100
|
|t:|1759010693
|switch|p1a: Alomomola|Alomomola, F|100/100|[from] U-turn
|move|p2a: ⚔️|Bitter Blade|p1a: Alomomola
|-resisted|p1a: Alomomola
|-damage|p1a: Alomomola|41/100
|-heal|p2a: ⚔️|100/100|[from] drain|[of] p1a: Alomomola
|
|upkeep
|turn|19
|
|t:|1759010705
|move|p1a: Alomomola|Aqua Jet|p2a: ⚔️
|-damage|p2a: ⚔️|92/100
|move|p2a: ⚔️|Bitter Blade|p1a: Alomomola
|-resisted|p1a: Alomomola
|-damage|p1a: Alomomola|0 fnt
|-heal|p2a: ⚔️|100/100|[from] drain|[of] p1a: Alomomola
|faint|p1a: Alomomola
|
|upkeep
|inactive|Fast blunder has 90 seconds left.
|inactive|Fast blunder has 60 seconds left.
|
|t:|1759010768
|switch|p1a: Slowking|Slowking-Galar, F|100/100
|turn|20
|inactive|TheTheyThemler has 60 seconds left.
|
|t:|1759010804
|-terastallize|p1a: Slowking|Water
|move|p2a: ⚔️|Bitter Blade|p1a: Slowking
|-resisted|p1a: Slowking
|-damage|p1a: Slowking|47/100
|move|p1a: Slowking|Future Sight|p2a: ⚔️
|-start|p1a: Slowking|move: Future Sight
|
|upkeep
|turn|21
|inactive|TheTheyThemler has 60 seconds left.
|
|t:|1759010814
|move|p2a: ⚔️|Bitter Blade|p1a: Slowking
|-resisted|p1a: Slowking
|-damage|p1a: Slowking|0 fnt
|faint|p1a: Slowking
|
|upkeep
|
|t:|1759010821
|switch|p1a: Enamorus|Enamorus, F|76/100
|turn|22
|inactive|Fast blunder has 60 seconds left.
|inactive|TheTheyThemler has 60 seconds left.
|inactive|TheTheyThemler has 30 seconds left.
|inactive|TheTheyThemler has 20 seconds left.
|inactive|TheTheyThemler has 15 seconds left.
|inactive|TheTheyThemler has 10 seconds left.
|inactive|TheTheyThemler has 5 seconds left.
|-message|TheTheyThemler lost due to inactivity.
|
|win|Fast blunder
|raw|Fast blunder's rating: 1334 &rarr; <strong>1352</strong><br />(+18 for winning)
|raw|TheTheyThemler's rating: 1298 &rarr; <strong>1276</strong><br />(-22 for losing)
|l|☆Fast blunder
|player|p1|
