|j|☆banjin
|j|☆ibraahiim
|t:|1758935086
|gametype|singles
|player|p1|banjin|beauty-gen6xy|1259
|player|p2|ibraahiim|paxton|1303
|gen|9
|tier|[Gen 9] OU
|rated|
|rule|HP Percentage Mod: HP is shown in percentages
|rule|Endless Battle Clause: Forcing endless battles is banned
|rule|Species Clause: Limit one of each Pokémon
|rule|OHKO Clause: OHKO moves are banned
|rule|Evasion Items Clause: Evasion items are banned
|rule|Evasion Moves Clause: Evasion moves are banned
|rule|Evasion Abilities Clause: Evasion abilities are banned
|rule|Sleep Moves Clause: Sleep-inducing moves are banned
|clearpoke
|poke|p1|Minior-Blue|
|poke|p1|Lokix, F|
|poke|p1|Thundurus-Therian, M|
|poke|p1|Muk-Alola, M|
|poke|p1|Emboar, M|
|poke|p1|Ditto|
|poke|p2|Walking Wake|
|poke|p2|Ceruledge, M|
|poke|p2|Raging Bolt|
|poke|p2|Cinderace, M|
|poke|p2|Torkoal, M|
|poke|p2|Ninetales, M|
|teampreview
|inactive|Battle timer is ON: inactive players will automatically lose when time's up. (requested by banjin)
|
|t:|1758935095
|teamsize|p1|6
|teamsize|p2|6
|start
|switch|p1a: Mr. Brightside|Minior-Blue|100/100
|switch|p2a: Ninetales|Ninetales, M|100/100
|-weather|SunnyDay|[from] ability: Drought|[of] p2a: Ninetales
|-formechange|p1a: Mr. Brightside|Minior-Meteor||[from] ability: Shields Down
|turn|1
|
|t:|1758935104
|move|p2a: Ninetales|Overheat|p1a: Mr. Brightside|[miss]
|-miss|p2a: Ninetales|p1a: Mr. Brightside
|move|p1a: Mr. Brightside|Shell Smash|p1a: Mr. Brightside
|-unboost|p1a: Mr. Brightside|def|1
|-unboost|p1a: Mr. Brightside|spd|1
|-boost|p1a: Mr. Brightside|atk|2
|-boost|p1a: Mr. Brightside|spa|2
|-boost|p1a: Mr. Brightside|spe|2
|-enditem|p1a: Mr. Brightside|White Herb
|-clearnegativeboost|p1a: Mr. Brightside|[silent]
|
|-weather|SunnyDay|[upkeep]
|upkeep
|turn|2
|
|t:|1758935117
|move|p1a: Mr. Brightside|Acrobatics|p2a: Ninetales
|-damage|p2a: Ninetales|0 fnt
|faint|p2a: Ninetales
|
|-weather|SunnyDay|[upkeep]
|upkeep
|
|t:|1758935138
|switch|p2a: Raging Bolt|Raging Bolt|100/100
|-activate|p2a: Raging Bolt|ability: Protosynthesis
|-start|p2a: Raging Bolt|protosynthesisspa
|turn|3
|
|t:|1758935142
|move|p1a: Mr. Brightside|Substitute|p1a: Mr. Brightside
|-start|p1a: Mr. Brightside|Substitute
|-damage|p1a: Mr. Brightside|75/100
|move|p2a: Raging Bolt|Volt Switch|p1a: Mr. Brightside
|-supereffective|p1a: Mr. Brightside
|-end|p1a: Mr. Brightside|Substitute
|
|t:|1758935152
|-end|p2a: Raging Bolt|Protosynthesis|[silent]
|switch|p2a: Torkoal|Torkoal, M|100/100|[from] Volt Switch
|
|-weather|SunnyDay|[upkeep]
|upkeep
|turn|4
|
|t:|1758935159
|move|p1a: Mr. Brightside|Substitute|p1a: Mr. Brightside
|-start|p1a: Mr. Brightside|Substitute
|-damage|p1a: Mr. Brightside|50/100
|move|p2a: Torkoal|Will-O-Wisp|p1a: Mr. Brightside|[miss]
|-miss|p2a: Torkoal|p1a: Mr. Brightside
|
|-weather|SunnyDay|[upkeep]
|-formechange|p1a: Mr. Brightside|Minior-Blue||[from] ability: Shields Down
|upkeep
|turn|5
|
|t:|1758935166
|move|p1a: Mr. Brightside|Earthquake|p2a: Torkoal
|-supereffective|p2a: Torkoal
|-damage|p2a: Torkoal|7/100
|move|p2a: Torkoal|Stealth Rock|p1a: Mr. Brightside
|-sidestart|p1: banjin|move: Stealth Rock
|
|-weather|none
|upkeep
|turn|6
|
|t:|1758935175
|switch|p2a: Cinderace|Cinderace, M, shiny|100/100
|move|p1a: Mr. Brightside|Acrobatics|p2a: Cinderace
|-damage|p2a: Cinderace|0 fnt
|faint|p2a: Cinderace
|
|upkeep
|
|t:|1758935179
|switch|p2a: Torkoal|Torkoal, M|7/100
|-weather|SunnyDay|[from] ability: Drought|[of] p2a: Torkoal
|turn|7
|
|t:|1758935184
|move|p1a: Mr. Brightside|Acrobatics|p2a: Torkoal
|-damage|p2a: Torkoal|0 fnt
|faint|p2a: Torkoal
|
|-weather|SunnyDay|[upkeep]
|upkeep
|
|t:|1758935186
|switch|p2a: Raging Bolt|Raging Bolt|100/100
|-activate|p2a: Raging Bolt|ability: Protosynthesis
|-start|p2a: Raging Bolt|protosynthesisspa
|turn|8
|
|t:|1758935191
|-terastallize|p2a: Raging Bolt|Flying
|move|p1a: Mr. Brightside|Earthquake|p2a: Raging Bolt
|-immune|p2a: Raging Bolt
|move|p2a: Raging Bolt|Volt Switch|p1a: Mr. Brightside
|-supereffective|p1a: Mr. Brightside
|-end|p1a: Mr. Brightside|Substitute
|
|t:|1758935195
|-end|p2a: Raging Bolt|Protosynthesis|[silent]
|switch|p2a: Ceruledge|Ceruledge, M, shiny|100/100|[from] Volt Switch
|
|-weather|SunnyDay|[upkeep]
|upkeep
|turn|9
|
|t:|1758935202
|move|p1a: Mr. Brightside|Acrobatics|p2a: Ceruledge
|-enditem|p2a: Ceruledge|Focus Sash
|-damage|p2a: Ceruledge|1/100
|-ability|p2a: Ceruledge|Weak Armor|boost
|-unboost|p2a: Ceruledge|def|1
|-boost|p2a: Ceruledge|spe|2
|move|p2a: Ceruledge|Bitter Blade|p1a: Mr. Brightside
|-resisted|p1a: Mr. Brightside
|-damage|p1a: Mr. Brightside|0 fnt
|-heal|p2a: Ceruledge|24/100|[from] drain|[of] p1a: Mr. Brightside
|faint|p1a: Mr. Brightside
|
|-weather|SunnyDay|[upkeep]
|upkeep
|
|t:|1758935206
|switch|p1a: Beppo|Muk-Alola, M|100/100
|-damage|p1a: Beppo|88/100|[from] Stealth Rock
|turn|10
|
|t:|1758935212
|move|p1a: Beppo|Shadow Sneak|p2a: Ceruledge
|-supereffective|p2a: Ceruledge
|-damage|p2a: Ceruledge|0 fnt
|faint|p2a: Ceruledge
|
|-weather|SunnyDay|[upkeep]
|upkeep
|
|t:|1758935215
|switch|p2a: Walking Wake|Walking Wake|100/100
|-activate|p2a: Walking Wake|ability: Protosynthesis
|-start|p2a: Walking Wake|protosynthesisspa
|turn|11
|
|t:|1758935234
|-terastallize|p1a: Beppo|Water
|move|p2a: Walking Wake|Hydro Steam|p1a: Beppo
|-resisted|p1a: Beppo
|-damage|p1a: Beppo|40/100
|-damage|p2a: Walking Wake|91/100|[from] item: Life Orb
|move|p1a: Beppo|Knock Off|p2a: Walking Wake
|-damage|p2a: Walking Wake|40/100
|-status|p2a: Walking Wake|psn|[from] ability: Poison Touch|[of] p1a: Beppo
|-enditem|p2a: Walking Wake|Life Orb|[from] move: Knock Off|[of] p1a: Beppo
|
|-weather|SunnyDay|[upkeep]
|-damage|p2a: Walking Wake|28/100 psn|[from] psn
|upkeep
|turn|12
|-activate|p1a: Beppo|item: Quick Claw
|
|t:|1758935246
|move|p1a: Beppo|Shadow Sneak|p2a: Walking Wake
|-damage|p2a: Walking Wake|13/100 psn
|move|p2a: Walking Wake|Draco Meteor|p1a: Beppo
|-damage|p1a: Beppo|0 fnt
|-unboost|p2a: Walking Wake|spa|2
|faint|p1a: Beppo
|
|-weather|SunnyDay|[upkeep]
|-damage|p2a: Walking Wake|1/100 psn|[from] psn
|upkeep
|
|t:|1758935253
|switch|p1a: Katy|Lokix, F|100/100
|turn|13
|
|t:|1758935256
|move|p1a: Katy|First Impression|p2a: Walking Wake
|-damage|p2a: Walking Wake|0 fnt
|faint|p2a: Walking Wake
|-end|p2a: Walking Wake|Protosynthesis|[silent]
|
|-weather|SunnyDay|[upkeep]
|upkeep
|
|t:|1758935258
|switch|p2a: Raging Bolt|Raging Bolt, tera:Flying|100/100
|-activate|p2a: Raging Bolt|ability: Protosynthesis
|-start|p2a: Raging Bolt|protosynthesisspa
|turn|14
|
|t:|1758935266
|move|p1a: Katy|Sucker Punch|p2a: Raging Bolt
|-damage|p2a: Raging Bolt|73/100
|move|p2a: Raging Bolt|Weather Ball|p1a: Katy
|-supereffective|p1a: Katy
|-damage|p1a: Katy|0 fnt
|faint|p1a: Katy
|
|-weather|none
|-end|p2a: Raging Bolt|Protosynthesis
|upkeep
|
|t:|1758935272
|switch|p1a: 𒉎|Ditto|100/100
|-damage|p1a: 𒉎|88/100|[from] Stealth Rock
|-transform|p1a: 𒉎|p2a: Raging Bolt|[from] ability: Imposter
|turn|15
|
|t:|1758935284
|move|p1a: 𒉎|Volt Switch|p2a: Raging Bolt
|-supereffective|p2a: Raging Bolt
|-damage|p2a: Raging Bolt|27/100
|
|t:|1758935287
|-end|p1a: 𒉎|Protosynthesis|[silent]
|switch|p1a: Paws|Thundurus-Therian, M|100/100|[from] Volt Switch
|-damage|p1a: Paws|76/100|[from] Stealth Rock
|move|p2a: Raging Bolt|Draco Meteor|p1a: Paws
|-damage|p1a: Paws|0 fnt
|-unboost|p2a: Raging Bolt|spa|2
|faint|p1a: Paws
|
|upkeep
|
|t:|1758935291
|switch|p1a: 𒉎|Ditto|88/100
|-damage|p1a: 𒉎|76/100|[from] Stealth Rock
|-transform|p1a: 𒉎|p2a: Raging Bolt|[from] ability: Imposter
|turn|16
|
|t:|1758935295
|move|p1a: 𒉎|Volt Switch|p2a: Raging Bolt
|-supereffective|p2a: Raging Bolt
|-damage|p2a: Raging Bolt|4/100
|c|☆ibraahiim|gg
|
|t:|1758935298
|-end|p1a: 𒉎|Protosynthesis|[silent]
|switch|p1a: Dragmire|Emboar, M, shiny|100/100|[from] Volt Switch
|-damage|p1a: Dragmire|88/100|[from] Stealth Rock
|move|p2a: Raging Bolt|Draco Meteor|p1a: Dragmire
|-damage|p1a: Dragmire|36/100
|-unboost|p2a: Raging Bolt|spa|2
|
|upkeep
|turn|17
|
|t:|1758935304
|move|p1a: Dragmire|Wild Charge|p2a: Raging Bolt
|-supereffective|p2a: Raging Bolt
|-damage|p2a: Raging Bolt|0 fnt
|faint|p2a: Raging Bolt
|-end|p2a: Raging Bolt|Protosynthesis|[silent]
|-damage|p1a: Dragmire|35/100|[from] Recoil
|
|win|banjin
|raw|banjin's rating: 1259 &rarr; <strong>1287</strong><br />(+28 for winning)
|raw|ibraahiim's rating: 1303 &rarr; <strong>1280</strong><br />(-23 for losing)
|l|☆ibraahiim
|player|p2|
|l|☆banjin
|player|p1|
