|inactive|Battle timer is ON: inactive players will automatically lose when time's up.
|t:|1758964258
|gametype|singles
|player|p1|Javi|#wcop2023spain|
|player|p2|testosteroneisonpc|alder|
|gen|9
|tier|[Gen 9] OU
|rule|HP Percentage Mod: HP is shown in percentages
|rule|Endless Battle Clause: Forcing endless battles is banned
|rule|Species Clause: Limit one of each Pokémon
|rule|OHKO Clause: OHKO moves are banned
|rule|Evasion Items Clause: Evasion items are banned
|rule|Evasion Moves Clause: Evasion moves are banned
|rule|Evasion Abilities Clause: Evasion abilities are banned
|rule|Sleep Moves Clause: Sleep-inducing moves are banned
|clearpoke
|poke|p1|Great Tusk|
|poke|p1|Heatran, M|
|poke|p1|Weavile, M|
|poke|p1|Primarina, M|
|poke|p1|Ogerpon, F|
|poke|p1|Pecharunt|
|poke|p2|Iron Valiant|
|poke|p2|Slowking-Galar, M|
|poke|p2|Cinderace, F|
|poke|p2|Kyurem|
|poke|p2|Great Tusk|
|poke|p2|Kingambit, F|
|teampreview
|c|☆testosteroneisonpc|hf
|c|☆Javi|hf
|inactive|testosteroneisonpc has 270 seconds left.
|inactive|testosteroneisonpc has 240 seconds left.
|inactive|testosteroneisonpc has 210 seconds left.
|inactive|testosteroneisonpc has 180 seconds left.
|inactive|testosteroneisonpc has 150 seconds left.
|
|t:|1758964410
|teamsize|p1|6
|teamsize|p2|6
|start
|switch|p1a: Overseer|Pecharunt|100/100
|switch|p2a: Kyurem|Kyurem|100/100
|-ability|p2a: Kyurem|Pressure
|turn|1
|inactive|testosteroneisonpc has 210 seconds left.
|
|t:|1758964435
|move|p2a: Kyurem|Earth Power|p1a: Overseer
|-supereffective|p1a: Overseer
|-damage|p1a: Overseer|11/100
|move|p1a: Overseer|Parting Shot|p2a: Kyurem
|-unboost|p2a: Kyurem|atk|1
|-unboost|p2a: Kyurem|spa|1
|
|t:|1758964440
|switch|p1a: Chaos|Heatran, M, shiny|100/100|[from] Parting Shot
|-item|p1a: Chaos|Air Balloon
|
|upkeep
|turn|2
|inactive|testosteroneisonpc has 210 seconds left.
|
|t:|1758964467
|switch|p2a: Cinderace|Cinderace, F|100/100
|move|p1a: Chaos|Magma Storm|p2a: Cinderace
|-resisted|p2a: Cinderace
|-damage|p2a: Cinderace|65/100
|-activate|p2a: Cinderace|move: Magma Storm|[of] p1a: Chaos
|
|-damage|p2a: Cinderace|53/100|[from] move: Magma Storm|[partiallytrapped]
|upkeep
|turn|3
|
|t:|1758964474
|switch|p1a: Overseer|Pecharunt|11/100
|move|p2a: Cinderace|U-turn|p1a: Overseer
|-resisted|p1a: Overseer
|-damage|p1a: Overseer|8/100
|-damage|p2a: Cinderace|36/100|[from] item: Rocky Helmet|[of] p1a: Overseer
|
|t:|1758964484
|switch|p2a: Kyurem|Kyurem|100/100|[from] U-turn
|-ability|p2a: Kyurem|Pressure
|
|upkeep
|turn|4
|
|t:|1758964495
|switch|p1a: Bandit|Weavile, M, shiny|100/100
|-ability|p1a: Bandit|Pressure
|move|p2a: Kyurem|Freeze-Dry|p1a: Bandit
|-resisted|p1a: Bandit
|-damage|p1a: Bandit|62/100
|
|upkeep
|turn|5
|inactive|testosteroneisonpc has 180 seconds left.
|inactive|testosteroneisonpc has 150 seconds left.
|inactive|testosteroneisonpc has 120 seconds left.
|
|t:|1758964603
|switch|p2a: Iron Valiant|Iron Valiant|100/100
|-enditem|p2a: Iron Valiant|Booster Energy
|-activate|p2a: Iron Valiant|ability: Quark Drive|[fromitem]
|-start|p2a: Iron Valiant|quarkdrivespe
|move|p1a: Bandit|Low Kick|p2a: Iron Valiant
|-resisted|p2a: Iron Valiant
|-damage|p2a: Iron Valiant|81/100
|
|upkeep
|turn|6
|inactive|testosteroneisonpc has 90 seconds left.
|
|t:|1758964623
|switch|p1a: Celestine|Primarina, M, shiny|100/100
|move|p2a: Iron Valiant|Knock Off|p1a: Celestine
|-resisted|p1a: Celestine
|-damage|p1a: Celestine|78/100
|-enditem|p1a: Celestine|Assault Vest|[from] move: Knock Off|[of] p2a: Iron Valiant
|
|upkeep
|turn|7
|
|t:|1758964631
|move|p2a: Iron Valiant|Close Combat|p1a: Celestine
|-resisted|p1a: Celestine
|-damage|p1a: Celestine|43/100
|-unboost|p2a: Iron Valiant|def|1
|-unboost|p2a: Iron Valiant|spd|1
|move|p1a: Celestine|Flip Turn|p2a: Iron Valiant
|-damage|p2a: Iron Valiant|51/100
|
|t:|1758964653
|switch|p1a: Anonymous|Ogerpon, F|100/100|[from] Flip Turn
|
|upkeep
|turn|8
|
|t:|1758964662
|move|p2a: Iron Valiant|Close Combat|p1a: Anonymous
|-damage|p1a: Anonymous|13/100
|-unboost|p2a: Iron Valiant|def|1
|-unboost|p2a: Iron Valiant|spd|1
|move|p1a: Anonymous|Ivy Cudgel|p2a: Iron Valiant
|-damage|p2a: Iron Valiant|0 fnt
|faint|p2a: Iron Valiant
|-end|p2a: Iron Valiant|Quark Drive|[silent]
|
|upkeep
|inactive|testosteroneisonpc has 90 seconds left.
|inactive|testosteroneisonpc has 60 seconds left.
|
|t:|1758964720
|switch|p2a: Cinderace|Cinderace, F|36/100
|turn|9
|
|t:|1758964727
|switch|p1a: Overseer|Pecharunt|8/100
|move|p2a: Cinderace|U-turn|p1a: Overseer
|-resisted|p1a: Overseer
|-damage|p1a: Overseer|6/100
|-damage|p2a: Cinderace|19/100|[from] item: Rocky Helmet|[of] p1a: Overseer
|
|t:|1758964732
|switch|p2a: Kyurem|Kyurem|100/100|[from] U-turn
|-ability|p2a: Kyurem|Pressure
|
|upkeep
|turn|10
|inactive|testosteroneisonpc has 60 seconds left.
|
|t:|1758964750
|move|p2a: Kyurem|Ice Beam|p1a: Overseer
|-damage|p1a: Overseer|0 fnt
|faint|p1a: Overseer
|
|upkeep
|
|t:|1758964753
|switch|p1a: Celestine|Primarina, M, shiny|43/100
|turn|11
|
|t:|1758964761
|switch|p2a: Slowking|Slowking-Galar, M|100/100
|move|p1a: Celestine|Flip Turn|p2a: Slowking
|-damage|p2a: Slowking|85/100
|
|t:|1758964764
|switch|p1a: Bandit|Weavile, M, shiny|62/100|[from] Flip Turn
|-ability|p1a: Bandit|Pressure
|
|upkeep
|turn|12
|inactive|testosteroneisonpc has 60 seconds left.
|inactive|testosteroneisonpc has 30 seconds left.
|inactive|testosteroneisonpc has 20 seconds left.
|
|t:|1758964836
|switch|p2a: Cinderace|Cinderace, F|19/100
|move|p1a: Bandit|Triple Axel|p2a: Cinderace
|-resisted|p2a: Cinderace
|-damage|p2a: Cinderace|9/100
|-resisted|p2a: Cinderace
|-damage|p2a: Cinderace|0 fnt
|faint|p2a: Cinderace
|-hitcount|p2: Cinderace|2
|
|upkeep
|inactive|testosteroneisonpc has 25 seconds left this turn.
|inactive|testosteroneisonpc has 20 seconds left.
|inactive|testosteroneisonpc has 15 seconds left.
|inactive|testosteroneisonpc has 10 seconds left.
|
|t:|1758964855
|switch|p2a: Kyurem|Kyurem|100/100
|-ability|p2a: Kyurem|Pressure
|turn|13
|inactive|testosteroneisonpc has 20 seconds left this turn.
|inactive|testosteroneisonpc has 15 seconds left.
|inactive|testosteroneisonpc has 10 seconds left.
|
|t:|1758964869
|switch|p1a: Celestine|Primarina, M, shiny|43/100
|move|p2a: Kyurem|Earth Power|p1a: Celestine
|-damage|p1a: Celestine|4/100
|
|upkeep
|turn|14
|inactive|testosteroneisonpc has 20 seconds left this turn.
|inactive|testosteroneisonpc has 15 seconds left.
|inactive|testosteroneisonpc has 10 seconds left.
|
|t:|1758964879
|switch|p2a: Slowking|Slowking-Galar, M|100/100
|move|p1a: Celestine|Flip Turn|p2a: Slowking
|-damage|p2a: Slowking|84/100
|
|t:|1758964885
|switch|p1a: Bandit|Weavile, M, shiny|62/100|[from] Flip Turn
|-ability|p1a: Bandit|Pressure
|
|upkeep
|turn|15
|inactive|testosteroneisonpc has 25 seconds left this turn.
|inactive|testosteroneisonpc has 20 seconds left.
|inactive|testosteroneisonpc has 15 seconds left.
|
|t:|1758964900
|-terastallize|p2a: Slowking|Water
|move|p1a: Bandit|Knock Off|p2a: Slowking
|-damage|p2a: Slowking|9/100
|-enditem|p2a: Slowking|Shuca Berry|[from] move: Knock Off|[of] p1a: Bandit
|move|p2a: Slowking|Thunder Wave|p1a: Bandit
|-status|p1a: Bandit|par
|
|upkeep
|turn|16
|inactive|testosteroneisonpc has 25 seconds left this turn.
|inactive|testosteroneisonpc has 20 seconds left.
|
|t:|1758964907
|switch|p2a: Kingambit|Kingambit, F|100/100
|-activate|p2a: Kingambit|ability: Supreme Overlord
|-start|p2a: Kingambit|fallen2|[silent]
|move|p1a: Bandit|Knock Off|p2a: Kingambit
|-resisted|p2a: Kingambit
|-damage|p2a: Kingambit|71/100
|-enditem|p2a: Kingambit|Leftovers|[from] move: Knock Off|[of] p1a: Bandit
|
|upkeep
|turn|17
|inactive|testosteroneisonpc has 30 seconds left this turn.
|
|t:|1758964916
|-end|p2a: Kingambit|fallen2|[silent]
|switch|p2a: Kyurem|Kyurem|100/100
|-ability|p2a: Kyurem|Pressure
|switch|p1a: Celestine|Primarina, M, shiny|4/100
|
|upkeep
|turn|18
|inactive|testosteroneisonpc has 30 seconds left.
|
|t:|1758964923
|move|p2a: Kyurem|Ice Beam|p1a: Celestine
|-resisted|p1a: Celestine
|-damage|p1a: Celestine|0 fnt
|faint|p1a: Celestine
|
|upkeep
|
|t:|1758964928
|switch|p1a: Bandit|Weavile, M, shiny|62/100 par
|-ability|p1a: Bandit|Pressure
|turn|19
|
|t:|1758964936
|switch|p2a: Kingambit|Kingambit, F|71/100
|-activate|p2a: Kingambit|ability: Supreme Overlord
|-start|p2a: Kingambit|fallen2|[silent]
|cant|p1a: Bandit|par
|
|upkeep
|turn|20
|
|t:|1758964952
|move|p2a: Kingambit|Sucker Punch|p1a: Bandit
|-resisted|p1a: Bandit
|-damage|p1a: Bandit|26/100 par
|move|p1a: Bandit|Low Kick|p2a: Kingambit
|-supereffective|p2a: Kingambit
|-damage|p2a: Kingambit|0 fnt
|faint|p2a: Kingambit
|-end|p2a: Kingambit|fallen2|[silent]
|
|upkeep
|
|t:|1758964956
|switch|p2a: Kyurem|Kyurem|100/100
|-ability|p2a: Kyurem|Pressure
|turn|21
|
|t:|1758964966
|move|p2a: Kyurem|Ice Beam|p1a: Bandit
|-resisted|p1a: Bandit
|-damage|p1a: Bandit|0 fnt
|faint|p1a: Bandit
|
|upkeep
|
|t:|1758964975
|switch|p1a: Chaos|Heatran, M, shiny|100/100
|-item|p1a: Chaos|Air Balloon
|turn|22
|
|t:|1758964997
|switch|p2a: Slowking|Slowking-Galar, M, tera:Water|42/100
|move|p1a: Chaos|Magma Storm|p2a: Slowking|[miss]
|-miss|p1a: Chaos|p2a: Slowking
|
|upkeep
|turn|23
|c|☆testosteroneisonpc|mb
|
|t:|1758965015
|move|p1a: Chaos|Taunt|p2a: Slowking
|-start|p2a: Slowking|move: Taunt
|move|p2a: Slowking|Ice Beam|p1a: Chaos
|-resisted|p1a: Chaos
|-damage|p1a: Chaos|95/100
|-enditem|p1a: Chaos|Air Balloon
|
|upkeep
|turn|24
|c|☆Javi|happens
|inactive|testosteroneisonpc has 30 seconds left.
|inactive|testosteroneisonpc has 20 seconds left.
|
|t:|1758965043
|move|p1a: Chaos|Magma Storm|p2a: Slowking|[miss]
|-miss|p1a: Chaos|p2a: Slowking
|move|p2a: Slowking|Ice Beam|p1a: Chaos
|-resisted|p1a: Chaos
|-damage|p1a: Chaos|90/100
|
|upkeep
|turn|25
|inactive|testosteroneisonpc has 30 seconds left this turn.
|
|t:|1758965047
|move|p1a: Chaos|Magma Storm|p2a: Slowking
|-resisted|p2a: Slowking
|-damage|p2a: Slowking|27/100
|-activate|p2a: Slowking|move: Magma Storm|[of] p1a: Chaos
|move|p2a: Slowking|Ice Beam|p1a: Chaos
|-resisted|p1a: Chaos
|-damage|p1a: Chaos|84/100
|
|-damage|p2a: Slowking|14/100|[from] move: Magma Storm|[partiallytrapped]
|-end|p2a: Slowking|move: Taunt
|upkeep
|turn|26
|
|t:|1758965053
|move|p1a: Chaos|Taunt|p2a: Slowking
|-start|p2a: Slowking|move: Taunt
|move|p2a: Slowking|Future Sight|p1a: Chaos
|-start|p2a: Slowking|move: Future Sight
|
|-damage|p2a: Slowking|2/100|[from] move: Magma Storm|[partiallytrapped]
|upkeep
|turn|27
|
|t:|1758965057
|move|p1a: Chaos|Stealth Rock|p2a: Slowking
|-sidestart|p2: testosteroneisonpc|move: Stealth Rock
|move|p2a: Slowking|Ice Beam|p1a: Chaos
|-resisted|p1a: Chaos
|-damage|p1a: Chaos|79/100
|
|-damage|p2a: Slowking|0 fnt|[from] move: Magma Storm|[partiallytrapped]
|faint|p2a: Slowking
|upkeep
|
|t:|1758965063
|switch|p2a: Great Tusk|Great Tusk|100/100
|-damage|p2a: Great Tusk|98/100|[from] Stealth Rock
|-enditem|p2a: Great Tusk|Booster Energy
|-activate|p2a: Great Tusk|ability: Protosynthesis|[fromitem]
|-start|p2a: Great Tusk|protosynthesisatk
|turn|28
|inactive|testosteroneisonpc has 30 seconds left.
|inactive|testosteroneisonpc has 20 seconds left.
|inactive|testosteroneisonpc has 15 seconds left.
|inactive|testosteroneisonpc has 10 seconds left.
|inactive|Javi has 270 seconds left.
|inactive|testosteroneisonpc has 5 seconds left.
|
|t:|1758965136
|switch|p1a: Behemoth|Great Tusk, shiny|100/100
|move|p2a: Great Tusk|Rapid Spin|p1a: Behemoth
|-damage|p1a: Behemoth|85/100
|-boost|p2a: Great Tusk|spe|1
|-sideend|p2: testosteroneisonpc|Stealth Rock|[from] move: Rapid Spin|[of] p2a: Great Tusk
|
|-end|p1a: Behemoth|move: Future Sight
|-supereffective|p1a: Behemoth
|-damage|p1a: Behemoth|0 fnt
|faint|p1a: Behemoth
|-end|p1a: Behemoth|Protosynthesis|[silent]
|upkeep
|
|t:|1758965140
|switch|p1a: Anonymous|Ogerpon, F|13/100
|turn|29
|inactive|testosteroneisonpc has 20 seconds left this turn.
|inactive|testosteroneisonpc has 15 seconds left.
|c|☆Javi|gg
|inactive|testosteroneisonpc has 10 seconds left.
|
|t:|1758965150
|-terastallize|p1a: Anonymous|Grass
|detailschange|p1a: Anonymous|Ogerpon-Teal-Tera, F, tera:Grass
|-ability|p1a: Anonymous|Embody Aspect (Teal)|boost
|-boost|p1a: Anonymous|spe|1
|move|p1a: Anonymous|Ivy Cudgel|p2a: Great Tusk
|-supereffective|p2a: Great Tusk
|-damage|p2a: Great Tusk|0 fnt
|faint|p2a: Great Tusk
|-end|p2a: Great Tusk|Protosynthesis|[silent]
|
|upkeep
|inactive|testosteroneisonpc has 15 seconds left this turn.
|
|t:|1758965154
|switch|p2a: Kyurem|Kyurem|100/100
|-ability|p2a: Kyurem|Pressure
|turn|30
|inactive|testosteroneisonpc has 25 seconds left this turn.
|
|t:|1758965159
|move|p1a: Anonymous|Ivy Cudgel|p2a: Kyurem
|-resisted|p2a: Kyurem
|-damage|p2a: Kyurem|53/100
|move|p2a: Kyurem|Earth Power|p1a: Anonymous
|-resisted|p1a: Anonymous
|-damage|p1a: Anonymous|0 fnt
|faint|p1a: Anonymous
|detailschange|p1: Anonymous|Ogerpon, F|[silent]
|
|upkeep
|
|t:|1758965161
|switch|p1a: Chaos|Heatran, M, shiny|79/100
|turn|31
|c|☆testosteroneisonpc|ggs
|
|t:|1758965165
|move|p2a: Kyurem|Earth Power|p1a: Chaos
|-supereffective|p1a: Chaos
|-damage|p1a: Chaos|0 fnt
|faint|p1a: Chaos
|
|win|testosteroneisonpc
|player|p1|
