|j|☆will-i-am2
|j|☆KingWhacka
|t:|1758925494
|gametype|singles
|player|p1|will-i-am2|169|1538
|player|p2|KingWhacka|170|1546
|gen|9
|tier|[Gen 9] OU
|rated|
|rule|HP Percentage Mod: HP is shown in percentages
|rule|Endless Battle Clause: Forcing endless battles is banned
|rule|Species Clause: Limit one of each Pokémon
|rule|OHKO Clause: OHKO moves are banned
|rule|Evasion Items Clause: Evasion items are banned
|rule|Evasion Moves Clause: Evasion moves are banned
|rule|Evasion Abilities Clause: Evasion abilities are banned
|rule|Sleep Moves Clause: Sleep-inducing moves are banned
|clearpoke
|poke|p1|Registeel|
|poke|p1|Mamoswine, M|
|poke|p1|Mimikyu, M|
|poke|p1|Hydreigon, F|
|poke|p1|Slowbro, F|
|poke|p1|Mandibuzz, F|
|poke|p2|Pelipper, F|
|poke|p2|Overqwil, M|
|poke|p2|Barraskewda, M|
|poke|p2|Iron Treads|
|poke|p2|Iron Jugulis|
|poke|p2|Scizor, M|
|teampreview
|j| Rothaariger 1510
|
|t:|1758925528
|teamsize|p1|6
|teamsize|p2|6
|start
|switch|p1a: Hydreigon|Hydreigon, F|100/100
|switch|p2a: Iron Jugulis|Iron Jugulis|100/100
|turn|1
|inactive|Battle timer is ON: inactive players will automatically lose when time's up. (requested by will-i-am2)
|
|t:|1758925556
|move|p2a: Iron Jugulis|U-turn|p1a: Hydreigon
|-supereffective|p1a: Hydreigon
|-damage|p1a: Hydreigon|74/100
|
|t:|1758925564
|-end|p2a: Iron Jugulis|Quark Drive|[silent]
|switch|p2a: Scizor|Scizor, M|100/100|[from] U-turn
|move|p1a: Hydreigon|Draco Meteor|p2a: Scizor
|-resisted|p2a: Scizor
|-damage|p2a: Scizor|56/100
|-unboost|p1a: Hydreigon|spa|2
|
|upkeep
|turn|2
|
|t:|1758925569
|switch|p1a: Mandibuzz|Mandibuzz, F|100/100
|move|p2a: Scizor|U-turn|p1a: Mandibuzz
|-damage|p1a: Mandibuzz|66/100
|-damage|p2a: Scizor|40/100|[from] item: Rocky Helmet|[of] p1a: Mandibuzz
|
|t:|1758925576
|switch|p2a: Pelipper|Pelipper, F|100/100|[from] U-turn
|-weather|RainDance|[from] ability: Drizzle|[of] p2a: Pelipper
|
|-weather|RainDance|[upkeep]
|upkeep
|turn|3
|
|t:|1758925592
|switch|p1a: Slowbro|Slowbro, F|100/100
|move|p2a: Pelipper|Weather Ball|p1a: Slowbro
|-resisted|p1a: Slowbro
|-damage|p1a: Slowbro|75/100
|
|-weather|RainDance|[upkeep]
|-heal|p1a: Slowbro|81/100|[from] item: Leftovers
|upkeep
|turn|4
|
|t:|1758925598
|move|p2a: Pelipper|Hurricane|p1a: Slowbro
|-damage|p1a: Slowbro|46/100
|move|p1a: Slowbro|Scald|p2a: Pelipper
|-resisted|p2a: Pelipper
|-damage|p2a: Pelipper|73/100
|-status|p2a: Pelipper|brn
|
|-weather|RainDance|[upkeep]
|-heal|p1a: Slowbro|52/100|[from] item: Leftovers
|-damage|p2a: Pelipper|66/100 brn|[from] brn
|upkeep
|turn|5
|
|t:|1758925604
|move|p2a: Pelipper|Hurricane|p1a: Slowbro
|-damage|p1a: Slowbro|16/100
|-start|p1a: Slowbro|confusion
|-activate|p1a: Slowbro|confusion
|-damage|p1a: Slowbro|12/100|[from] confusion
|
|-weather|RainDance|[upkeep]
|-heal|p1a: Slowbro|18/100|[from] item: Leftovers
|-damage|p2a: Pelipper|60/100 brn|[from] brn
|upkeep
|turn|6
|
|t:|1758925610
|switch|p1a: Registeel|Registeel|100/100
|move|p2a: Pelipper|Weather Ball|p1a: Registeel
|-damage|p1a: Registeel|72/100
|
|-weather|RainDance|[upkeep]
|-heal|p1a: Registeel|78/100|[from] item: Leftovers
|-damage|p2a: Pelipper|54/100 brn|[from] brn
|upkeep
|turn|7
|
|t:|1758925617
|switch|p1a: Slowbro|Slowbro, F|51/100
|move|p2a: Pelipper|U-turn|p1a: Slowbro
|-supereffective|p1a: Slowbro
|-damage|p1a: Slowbro|44/100
|
|t:|1758925622
|switch|p2a: Iron Jugulis|Iron Jugulis|100/100|[from] U-turn
|
|-weather|RainDance|[upkeep]
|-heal|p1a: Slowbro|50/100|[from] item: Leftovers
|upkeep
|turn|8
|
|t:|1758925627
|switch|p1a: Registeel|Registeel|78/100
|move|p2a: Iron Jugulis|Hurricane|p1a: Registeel
|-resisted|p1a: Registeel
|-damage|p1a: Registeel|54/100
|
|-weather|RainDance|[upkeep]
|-heal|p1a: Registeel|60/100|[from] item: Leftovers
|upkeep
|turn|9
|
|t:|1758925634
|-end|p2a: Iron Jugulis|Quark Drive|[silent]
|switch|p2a: Barraskewda|Barraskewda, M|100/100
|move|p1a: Registeel|Stealth Rock|p2a: Barraskewda
|-sidestart|p2: KingWhacka|move: Stealth Rock
|
|-weather|none
|-heal|p1a: Registeel|66/100|[from] item: Leftovers
|upkeep
|turn|10
|
|t:|1758925642
|switch|p1a: Slowbro|Slowbro, F|84/100
|move|p2a: Barraskewda|Flip Turn|p1a: Slowbro
|-resisted|p1a: Slowbro
|-damage|p1a: Slowbro|63/100
|
|t:|1758925644
|switch|p2a: Iron Treads|Iron Treads|100/100|[from] Flip Turn
|-damage|p2a: Iron Treads|97/100|[from] Stealth Rock
|
|-heal|p1a: Slowbro|69/100|[from] item: Leftovers
|upkeep
|turn|11
|
|t:|1758925650
|move|p2a: Iron Treads|Rapid Spin|p1a: Slowbro
|-damage|p1a: Slowbro|60/100
|-boost|p2a: Iron Treads|spe|1
|-sideend|p2: KingWhacka|Stealth Rock|[from] move: Rapid Spin|[of] p2a: Iron Treads
|move|p1a: Slowbro|Scald|p2a: Iron Treads
|-supereffective|p2a: Iron Treads
|-damage|p2a: Iron Treads|21/100
|
|-heal|p1a: Slowbro|67/100|[from] item: Leftovers
|upkeep
|turn|12
|
|t:|1758925657
|-end|p2a: Iron Treads|Quark Drive|[silent]
|switch|p2a: Pelipper|Pelipper, F|54/100 brn
|-weather|RainDance|[from] ability: Drizzle|[of] p2a: Pelipper
|move|p1a: Slowbro|Scald|p2a: Pelipper
|-resisted|p2a: Pelipper
|-damage|p2a: Pelipper|26/100 brn
|
|-weather|RainDance|[upkeep]
|-heal|p1a: Slowbro|73/100|[from] item: Leftovers
|-damage|p2a: Pelipper|20/100 brn|[from] brn
|upkeep
|turn|13
|
|t:|1758925665
|move|p2a: Pelipper|Roost|p2a: Pelipper
|-heal|p2a: Pelipper|70/100 brn
|-singleturn|p2a: Pelipper|move: Roost
|move|p1a: Slowbro|Psychic|p2a: Pelipper
|-damage|p2a: Pelipper|31/100 brn
|
|-weather|RainDance|[upkeep]
|-heal|p1a: Slowbro|79/100|[from] item: Leftovers
|-damage|p2a: Pelipper|24/100 brn|[from] brn
|upkeep
|turn|14
|
|t:|1758925672
|move|p2a: Pelipper|Roost|p2a: Pelipper
|-heal|p2a: Pelipper|74/100 brn
|-singleturn|p2a: Pelipper|move: Roost
|move|p1a: Slowbro|Psychic|p2a: Pelipper
|-damage|p2a: Pelipper|35/100 brn
|
|-weather|RainDance|[upkeep]
|-heal|p1a: Slowbro|85/100|[from] item: Leftovers
|-damage|p2a: Pelipper|28/100 brn|[from] brn
|upkeep
|turn|15
|
|t:|1758925680
|move|p2a: Pelipper|U-turn|p1a: Slowbro
|-supereffective|p1a: Slowbro
|-damage|p1a: Slowbro|79/100
|
|t:|1758925687
|switch|p2a: Iron Treads|Iron Treads|21/100|[from] U-turn
|move|p1a: Slowbro|Scald|p2a: Iron Treads
|-supereffective|p2a: Iron Treads
|-damage|p2a: Iron Treads|0 fnt
|faint|p2a: Iron Treads
|-end|p2a: Iron Treads|Quark Drive|[silent]
|
|-weather|RainDance|[upkeep]
|-heal|p1a: Slowbro|85/100|[from] item: Leftovers
|upkeep
|
|t:|1758925688
|switch|p2a: Overqwil|Overqwil, M, shiny|100/100
|turn|16
|
|t:|1758925704
|switch|p1a: Registeel|Registeel|66/100
|move|p2a: Overqwil|Swords Dance|p2a: Overqwil
|-boost|p2a: Overqwil|atk|2
|
|-weather|RainDance|[upkeep]
|-heal|p1a: Registeel|72/100|[from] item: Leftovers
|upkeep
|turn|17
|
|t:|1758925715
|switch|p1a: Mandibuzz|Mandibuzz, F|66/100
|move|p2a: Overqwil|Crunch|p1a: Mandibuzz
|-resisted|p1a: Mandibuzz
|-damage|p1a: Mandibuzz|36/100
|-damage|p2a: Overqwil|84/100|[from] item: Rocky Helmet|[of] p1a: Mandibuzz
|-damage|p2a: Overqwil|74/100|[from] item: Life Orb
|
|-weather|RainDance|[upkeep]
|upkeep
|turn|18
|
|t:|1758925722
|move|p2a: Overqwil|Gunk Shot|p1a: Mandibuzz
|-damage|p1a: Mandibuzz|0 fnt
|faint|p1a: Mandibuzz
|-damage|p2a: Overqwil|64/100|[from] item: Life Orb
|
|-weather|RainDance|[upkeep]
|upkeep
|
|t:|1758925736
|switch|p1a: Mimikyu|Mimikyu, M|100/100
|turn|19
|
|t:|1758925740
|move|p2a: Overqwil|Liquidation|p1a: Mimikyu
|-activate|p1a: Mimikyu|ability: Disguise
|-damage|p1a: Mimikyu|100/100
|detailschange|p1a: Mimikyu|Mimikyu-Busted, M
|-damage|p1a: Mimikyu|88/100|[from] pokemon: Mimikyu-Busted
|-damage|p2a: Overqwil|55/100|[from] item: Life Orb
|move|p1a: Mimikyu|Play Rough|p2a: Overqwil
|-damage|p2a: Overqwil|3/100
|-damage|p1a: Mimikyu|78/100|[from] item: Life Orb
|
|-weather|none
|upkeep
|turn|20
|
|t:|1758925751
|move|p1a: Mimikyu|Shadow Sneak|p2a: Overqwil
|-resisted|p2a: Overqwil
|-damage|p2a: Overqwil|0 fnt
|faint|p2a: Overqwil
|-damage|p1a: Mimikyu|68/100|[from] item: Life Orb
|
|upkeep
|
|t:|1758925755
|switch|p2a: Pelipper|Pelipper, F|28/100 brn
|-weather|RainDance|[from] ability: Drizzle|[of] p2a: Pelipper
|turn|21
|
|t:|1758925759
|move|p1a: Mimikyu|Play Rough|p2a: Pelipper|[miss]
|-miss|p1a: Mimikyu|p2a: Pelipper
|move|p2a: Pelipper|Hurricane|p1a: Mimikyu
|-damage|p1a: Mimikyu|23/100
|-start|p1a: Mimikyu|confusion
|
|-weather|RainDance|[upkeep]
|-damage|p2a: Pelipper|22/100 brn|[from] brn
|upkeep
|turn|22
|
|t:|1758925765
|switch|p1a: Slowbro|Slowbro, F|100/100
|move|p2a: Pelipper|Hurricane|p1a: Slowbro
|-damage|p1a: Slowbro|63/100
|
|-weather|RainDance|[upkeep]
|-heal|p1a: Slowbro|69/100|[from] item: Leftovers
|-damage|p2a: Pelipper|16/100 brn|[from] brn
|upkeep
|turn|23
|
|t:|1758925771
|move|p2a: Pelipper|Roost|p2a: Pelipper
|-heal|p2a: Pelipper|66/100 brn
|-singleturn|p2a: Pelipper|move: Roost
|move|p1a: Slowbro|Trick Room|p1a: Slowbro
|-fieldstart|move: Trick Room|[of] p1a: Slowbro
|
|-weather|RainDance|[upkeep]
|-heal|p1a: Slowbro|75/100|[from] item: Leftovers
|-damage|p2a: Pelipper|60/100 brn|[from] brn
|upkeep
|turn|24
|
|t:|1758925775
|move|p1a: Slowbro|Psychic|p2a: Pelipper
|-crit|p2a: Pelipper
|-damage|p2a: Pelipper|0 fnt
|faint|p2a: Pelipper
|
|-weather|RainDance|[upkeep]
|-heal|p1a: Slowbro|82/100|[from] item: Leftovers
|upkeep
|
|t:|1758925787
|switch|p2a: Iron Jugulis|Iron Jugulis|100/100
|turn|25
|
|t:|1758925801
|-terastallize|p1a: Slowbro|Ground
|move|p1a: Slowbro|Scald|p2a: Iron Jugulis
|-damage|p2a: Iron Jugulis|24/100
|move|p2a: Iron Jugulis|Dark Pulse|p1a: Slowbro
|-damage|p1a: Slowbro|13/100
|
|-weather|RainDance|[upkeep]
|-heal|p1a: Slowbro|19/100|[from] item: Leftovers
|upkeep
|turn|26
|
|t:|1758925810
|move|p1a: Slowbro|Scald|p2a: Iron Jugulis
|-damage|p2a: Iron Jugulis|0 fnt
|faint|p2a: Iron Jugulis
|-end|p2a: Iron Jugulis|Quark Drive|[silent]
|
|-weather|RainDance|[upkeep]
|-heal|p1a: Slowbro|25/100|[from] item: Leftovers
|upkeep
|
|t:|1758925817
|switch|p2a: Scizor|Scizor, M|40/100
|turn|27
|
|t:|1758925822
|switch|p1a: Registeel|Registeel|72/100
|move|p2a: Scizor|Bullet Punch|p1a: Registeel
|-resisted|p1a: Registeel
|-damage|p1a: Registeel|55/100
|
|-weather|RainDance|[upkeep]
|-heal|p1a: Registeel|61/100|[from] item: Leftovers
|-fieldend|move: Trick Room
|upkeep
|turn|28
|
|t:|1758925828
|switch|p2a: Barraskewda|Barraskewda, M|100/100
|move|p1a: Registeel|Thunder Wave|p2a: Barraskewda|[miss]
|-miss|p1a: Registeel|p2a: Barraskewda
|
|-weather|none
|-heal|p1a: Registeel|68/100|[from] item: Leftovers
|upkeep
|turn|29
|
|t:|1758925831
|-terastallize|p2a: Barraskewda|Water
|move|p2a: Barraskewda|Liquidation|p1a: Registeel
|-damage|p1a: Registeel|8/100
|move|p1a: Registeel|Thunder Wave|p2a: Barraskewda
|-status|p2a: Barraskewda|par
|
|-heal|p1a: Registeel|14/100|[from] item: Leftovers
|upkeep
|turn|30
|
|t:|1758925837
|move|p2a: Barraskewda|Liquidation|p1a: Registeel
|-damage|p1a: Registeel|0 fnt
|faint|p1a: Registeel
|
|upkeep
|
|t:|1758925838
|switch|p1a: Hydreigon|Hydreigon, F|74/100
|turn|31
|
|t:|1758925840
|move|p1a: Hydreigon|Draco Meteor|p2a: Barraskewda
|-damage|p2a: Barraskewda|0 fnt
|-unboost|p1a: Hydreigon|spa|2
|faint|p2a: Barraskewda
|
|upkeep
|
|t:|1758925842
|switch|p2a: Scizor|Scizor, M|40/100
|turn|32
|
|t:|1758925849
|move|p2a: Scizor|Bullet Punch|p1a: Hydreigon
|-damage|p1a: Hydreigon|13/100
|move|p1a: Hydreigon|Dark Pulse|p2a: Scizor
|-damage|p2a: Scizor|13/100
|
|upkeep
|turn|33
|
|t:|1758925858
|move|p2a: Scizor|Bullet Punch|p1a: Hydreigon
|-damage|p1a: Hydreigon|0 fnt
|faint|p1a: Hydreigon
|
|upkeep
|
|t:|1758925859
|switch|p1a: Mimikyu|Mimikyu-Busted, M|23/100
|turn|34
|
|t:|1758925862
|move|p1a: Mimikyu|Shadow Sneak|p2a: Scizor
|-damage|p2a: Scizor|0 fnt
|faint|p2a: Scizor
|-damage|p1a: Mimikyu|13/100|[from] item: Life Orb
|
|win|will-i-am2
|raw|will-i-am2's rating: 1538 &rarr; <strong>1558</strong><br />(+20 for winning)
|raw|KingWhacka's rating: 1546 &rarr; <strong>1526</strong><br />(-20 for losing)
|l|☆KingWhacka
|player|p2|
|c|☆will-i-am2|gg
|l|☆will-i-am2
|player|p1|
