|j|☆But I Won Tho
|j|☆Yomoma’sash
|t:|1758953758
|gametype|singles
|player|p1|But I Won Tho|gentleman|1395
|player|p2|Yomoma’sash|266|1412
|gen|9
|tier|[Gen 9] OU
|rated|
|rule|HP Percentage Mod: HP is shown in percentages
|rule|Endless Battle Clause: Forcing endless battles is banned
|rule|Species Clause: Limit one of each Pokémon
|rule|OHKO Clause: OHKO moves are banned
|rule|Evasion Items Clause: Evasion items are banned
|rule|Evasion Moves Clause: Evasion moves are banned
|rule|Evasion Abilities Clause: Evasion abilities are banned
|rule|Sleep Moves Clause: Sleep-inducing moves are banned
|clearpoke
|poke|p1|Pelipper, M|
|poke|p1|Barraskewda, M|
|poke|p1|Kingdra, M|
|poke|p1|Great Tusk|
|poke|p1|Hoopa-Unbound|
|poke|p1|Dondozo, M|
|poke|p2|Charizard, M|
|poke|p2|Venusaur, F|
|poke|p2|Lapras, M|
|poke|p2|Blastoise, M|
|poke|p2|Snorlax, F|
|poke|p2|Clefable, F|
|teampreview
|inactive|Battle timer is ON: inactive players will automatically lose when time's up. (requested by But I Won Tho)
|
|t:|1758953765
|teamsize|p1|6
|teamsize|p2|6
|start
|switch|p1a: Hoopa|Hoopa-Unbound|100/100
|switch|p2a: Lapras|Lapras, M|100/100
|turn|1
|
|t:|1758953767
|move|p1a: Hoopa|Future Sight|p2a: Lapras
|-start|p1a: Hoopa|move: Future Sight
|move|p2a: Lapras|Surf|p1a: Hoopa
|-damage|p1a: Hoopa|74/100
|
|upkeep
|turn|2
|
|t:|1758953770
|move|p1a: Hoopa|Thunderbolt|p2a: Lapras
|-supereffective|p2a: Lapras
|-damage|p2a: Lapras|42/100
|move|p2a: Lapras|Surf|p1a: Hoopa
|-damage|p1a: Hoopa|47/100
|
|upkeep
|turn|3
|
|t:|1758953779
|switch|p1a: Pelipper|Pelipper, M|100/100
|-weather|RainDance|[from] ability: Drizzle|[of] p1a: Pelipper
|switch|p2a: Snorlax|Snorlax, F|100/100
|
|-weather|RainDance|[upkeep]
|-end|p2a: Snorlax|move: Future Sight
|-damage|p2a: Snorlax|53/100
|upkeep
|turn|4
|
|t:|1758953785
|move|p1a: Pelipper|Weather Ball|p2a: Snorlax
|-damage|p2a: Snorlax|22/100
|move|p2a: Snorlax|Body Slam|p1a: Pelipper
|-damage|p1a: Pelipper|65/100
|
|-weather|RainDance|[upkeep]
|upkeep
|turn|5
|
|t:|1758953794
|switch|p2a: Lapras|Lapras, M|42/100
|move|p1a: Pelipper|Hurricane|p2a: Lapras
|-damage|p2a: Lapras|16/100
|
|-weather|RainDance|[upkeep]
|upkeep
|turn|6
|
|t:|1758953801
|switch|p2a: Snorlax|Snorlax, F|22/100
|move|p1a: Pelipper|U-turn|p2a: Snorlax
|-damage|p2a: Snorlax|14/100
|
|t:|1758953805
|switch|p1a: Barraskewda|Barraskewda, M|100/100|[from] U-turn
|
|-weather|RainDance|[upkeep]
|upkeep
|turn|7
|-enditem|p2a: Snorlax|Custap Berry|[eat]
|-activate|p2a: Snorlax|item: Custap Berry|[consumed]
|
|t:|1758953814
|-terastallize|p2a: Snorlax|Normal
|move|p2a: Snorlax|Body Slam|p1a: Barraskewda
|-damage|p1a: Barraskewda|0 fnt
|faint|p1a: Barraskewda
|
|-weather|RainDance|[upkeep]
|upkeep
|inactive|But I Won Tho has 120 seconds left.
|
|t:|1758953852
|switch|p1a: Kingdra|Kingdra, M|100/100
|turn|8
|
|t:|1758953858
|move|p1a: Kingdra|Hurricane|p2a: Snorlax
|-damage|p2a: Snorlax|0 fnt
|faint|p2a: Snorlax
|
|-weather|RainDance|[upkeep]
|upkeep
|
|t:|1758953873
|switch|p2a: Charizard|Charizard, M|100/100
|turn|9
|
|t:|1758953880
|switch|p1a: Great Tusk|Great Tusk|100/100
|move|p2a: Charizard|Air Slash|p1a: Great Tusk
|-supereffective|p1a: Great Tusk
|-damage|p1a: Great Tusk|5/100
|
|-weather|RainDance|[upkeep]
|upkeep
|turn|10
|
|t:|1758953890
|move|p2a: Charizard|Air Slash|p1a: Great Tusk
|-supereffective|p1a: Great Tusk
|-damage|p1a: Great Tusk|0 fnt
|faint|p1a: Great Tusk
|-end|p1a: Great Tusk|Protosynthesis|[silent]
|
|-weather|none
|upkeep
|
|t:|1758953892
|switch|p1a: Pelipper|Pelipper, M|65/100
|-weather|RainDance|[from] ability: Drizzle|[of] p1a: Pelipper
|turn|11
|
|t:|1758953898
|move|p2a: Charizard|Air Slash|p1a: Pelipper
|-damage|p1a: Pelipper|14/100
|move|p1a: Pelipper|Weather Ball|p2a: Charizard
|-supereffective|p2a: Charizard
|-damage|p2a: Charizard|0 fnt
|faint|p2a: Charizard
|
|-weather|RainDance|[upkeep]
|upkeep
|
|t:|1758953914
|switch|p2a: Lapras|Lapras, M|16/100
|turn|12
|
|t:|1758953920
|move|p1a: Pelipper|Hurricane|p2a: Lapras
|-damage|p2a: Lapras|0 fnt
|faint|p2a: Lapras
|
|-weather|RainDance|[upkeep]
|upkeep
|
|t:|1758953923
|switch|p2a: Blastoise|Blastoise, M|100/100
|turn|13
|
|t:|1758953935
|move|p2a: Blastoise|Shell Smash|p2a: Blastoise
|-unboost|p2a: Blastoise|def|1
|-unboost|p2a: Blastoise|spd|1
|-boost|p2a: Blastoise|atk|2
|-boost|p2a: Blastoise|spa|2
|-boost|p2a: Blastoise|spe|2
|-enditem|p2a: Blastoise|White Herb
|-clearnegativeboost|p2a: Blastoise|[silent]
|move|p1a: Pelipper|Hurricane|p2a: Blastoise
|-damage|p2a: Blastoise|60/100
|
|-weather|RainDance|[upkeep]
|upkeep
|turn|14
|
|t:|1758953945
|move|p2a: Blastoise|Surf|p1a: Pelipper
|-resisted|p1a: Pelipper
|-damage|p1a: Pelipper|0 fnt
|faint|p1a: Pelipper
|
|-weather|RainDance|[upkeep]
|upkeep
|
|t:|1758953951
|switch|p1a: Hoopa|Hoopa-Unbound|47/100
|turn|15
|
|t:|1758953963
|move|p2a: Blastoise|Surf|p1a: Hoopa
|-damage|p1a: Hoopa|0 fnt
|faint|p1a: Hoopa
|
|-weather|RainDance|[upkeep]
|upkeep
|
|t:|1758953967
|switch|p1a: Kingdra|Kingdra, M|100/100
|turn|16
|
|t:|1758953973
|move|p1a: Kingdra|Dragon Pulse|p2a: Blastoise
|-damage|p2a: Blastoise|1/100
|move|p2a: Blastoise|Ice Beam|p1a: Kingdra
|-damage|p1a: Kingdra|35/100
|
|-weather|RainDance|[upkeep]
|upkeep
|turn|17
|
|t:|1758953986
|move|p1a: Kingdra|Dragon Pulse|p2a: Blastoise
|-damage|p2a: Blastoise|0 fnt
|faint|p2a: Blastoise
|
|-weather|RainDance|[upkeep]
|upkeep
|
|t:|1758953989
|switch|p2a: Venusaur|Venusaur, F|100/100
|turn|18
|
|t:|1758953993
|move|p1a: Kingdra|Dragon Pulse|p2a: Venusaur
|-damage|p2a: Venusaur|31/100
|move|p2a: Venusaur|Giga Drain|p1a: Kingdra
|-damage|p1a: Kingdra|0 fnt
|-heal|p2a: Venusaur|48/100|[from] drain|[of] p1a: Kingdra
|faint|p1a: Kingdra
|
|-weather|none
|upkeep
|
|t:|1758953997
|switch|p1a: Dondozo|Dondozo, M|100/100
|turn|19
|
|t:|1758954002
|-terastallize|p1a: Dondozo|Dark
|move|p2a: Venusaur|Giga Drain|p1a: Dondozo
|-damage|p1a: Dondozo|67/100
|-heal|p2a: Venusaur|75/100|[from] drain|[of] p1a: Dondozo
|move|p1a: Dondozo|Curse|p1a: Dondozo
|-unboost|p1a: Dondozo|spe|1
|-boost|p1a: Dondozo|atk|1
|-boost|p1a: Dondozo|def|1
|
|-heal|p1a: Dondozo|74/100|[from] item: Leftovers
|upkeep
|turn|20
|
|t:|1758954011
|move|p2a: Venusaur|Sludge Bomb|p1a: Dondozo
|-damage|p1a: Dondozo|31/100
|move|p1a: Dondozo|Curse|p1a: Dondozo
|-unboost|p1a: Dondozo|spe|1
|-boost|p1a: Dondozo|atk|1
|-boost|p1a: Dondozo|def|1
|
|-heal|p1a: Dondozo|37/100|[from] item: Leftovers
|upkeep
|turn|21
|
|t:|1758954019
|move|p2a: Venusaur|Sludge Bomb|p1a: Dondozo
|-damage|p1a: Dondozo|0 fnt
|faint|p1a: Dondozo
|
|win|Yomoma’sash
|raw|But I Won Tho's rating: 1395 &rarr; <strong>1376</strong><br />(-19 for losing)
|raw|Yomoma’sash's rating: 1412 &rarr; <strong>1431</strong><br />(+19 for winning)
|l|☆But I Won Tho
|player|p1|
|l|☆Yomoma’sash
|player|p2|
