|j|☆Smitchos
|j|☆agrant
|t:|1758935447
|gametype|singles
|player|p1|Smitchos|ingo|1210
|player|p2|agrant|170|1210
|gen|9
|tier|[Gen 9] OU
|rated|
|rule|HP Percentage Mod: HP is shown in percentages
|rule|Endless Battle Clause: Forcing endless battles is banned
|rule|Species Clause: Limit one of each Pokémon
|rule|OHKO Clause: OHKO moves are banned
|rule|Evasion Items Clause: Evasion items are banned
|rule|Evasion Moves Clause: Evasion moves are banned
|rule|Evasion Abilities Clause: Evasion abilities are banned
|rule|Sleep Moves Clause: Sleep-inducing moves are banned
|clearpoke
|poke|p1|Ludicolo, M|
|poke|p1|Pelipper, F|
|poke|p1|Barraskewda, F|
|poke|p1|Iron Crown|
|poke|p1|Great Tusk|
|poke|p1|Moltres|
|poke|p2|Lokix, M|
|poke|p2|Cinderace, F|
|poke|p2|Great Tusk|
|poke|p2|Alomomola, F|
|poke|p2|Enamorus, F|
|poke|p2|Slowking-Galar, F|
|teampreview
|inactive|Battle timer is ON: inactive players will automatically lose when time's up. (requested by Smitchos)
|inactive|agrant has 120 seconds left.
|
|t:|1758935524
|teamsize|p1|6
|teamsize|p2|6
|start
|switch|p1a: Del Toro|Great Tusk|100/100
|switch|p2a: Slowking|Slowking-Galar, F|100/100
|-enditem|p1a: Del Toro|Booster Energy
|-activate|p1a: Del Toro|ability: Protosynthesis|[fromitem]
|-start|p1a: Del Toro|protosynthesisatk
|turn|1
|
|t:|1758935537
|switch|p2a: Enamorus|Enamorus, F|100/100
|move|p1a: Del Toro|Stealth Rock|p2a: Enamorus
|-sidestart|p2: agrant|move: Stealth Rock
|
|upkeep
|turn|2
|
|t:|1758935554
|switch|p2a: Great Tusk|Great Tusk|100/100
|-damage|p2a: Great Tusk|98/100|[from] Stealth Rock
|move|p1a: Del Toro|Ice Spinner|p2a: Great Tusk
|-supereffective|p2a: Great Tusk
|-damage|p2a: Great Tusk|57/100
|
|-heal|p2a: Great Tusk|64/100|[from] item: Leftovers
|upkeep
|turn|3
|
|t:|1758935563
|move|p1a: Del Toro|Rapid Spin|p2a: Great Tusk
|-crit|p2a: Great Tusk
|-damage|p2a: Great Tusk|46/100
|-boost|p1a: Del Toro|spe|1
|move|p2a: Great Tusk|Rapid Spin|p1a: Del Toro
|-damage|p1a: Del Toro|89/100
|-boost|p2a: Great Tusk|spe|1
|-sideend|p2: agrant|Stealth Rock|[from] move: Rapid Spin|[of] p2a: Great Tusk
|
|-heal|p2a: Great Tusk|52/100|[from] item: Leftovers
|upkeep
|turn|4
|
|t:|1758935579
|-end|p2a: Great Tusk|Protosynthesis|[silent]
|switch|p2a: Enamorus|Enamorus, F|100/100
|move|p1a: Del Toro|Ice Spinner|p2a: Enamorus
|-supereffective|p2a: Enamorus
|-damage|p2a: Enamorus|0 fnt
|faint|p2a: Enamorus
|
|upkeep
|
|t:|1758935596
|switch|p2a: Lokix|Lokix, M|100/100
|turn|5
|
|t:|1758935608
|-terastallize|p2a: Lokix|Bug
|move|p2a: Lokix|First Impression|p1a: Del Toro
|-resisted|p1a: Del Toro
|-damage|p1a: Del Toro|24/100
|move|p1a: Del Toro|Stealth Rock|p2a: Lokix
|-sidestart|p2: agrant|move: Stealth Rock
|
|upkeep
|turn|6
|
|t:|1758935628
|-end|p1a: Del Toro|Protosynthesis|[silent]
|switch|p1a: Frida Khalo|Pelipper, F|100/100
|-weather|RainDance|[from] ability: Drizzle|[of] p1a: Frida Khalo
|switch|p2a: Great Tusk|Great Tusk|52/100
|-damage|p2a: Great Tusk|49/100|[from] Stealth Rock
|
|-weather|RainDance|[upkeep]
|-heal|p2a: Great Tusk|55/100|[from] item: Leftovers
|upkeep
|turn|7
|
|t:|1758935640
|move|p2a: Great Tusk|Rapid Spin|p1a: Frida Khalo
|-damage|p1a: Frida Khalo|88/100
|-boost|p2a: Great Tusk|spe|1
|-sideend|p2: agrant|Stealth Rock|[from] move: Rapid Spin|[of] p2a: Great Tusk
|move|p1a: Frida Khalo|Surf|p2a: Great Tusk
|-supereffective|p2a: Great Tusk
|-damage|p2a: Great Tusk|0 fnt
|faint|p2a: Great Tusk
|-end|p2a: Great Tusk|Protosynthesis|[silent]
|
|-weather|RainDance|[upkeep]
|upkeep
|
|t:|1758935648
|switch|p2a: Slowking|Slowking-Galar, F|100/100
|turn|8
|
|t:|1758935652
|move|p1a: Frida Khalo|U-turn|p2a: Slowking
|-damage|p2a: Slowking|93/100
|
|t:|1758935660
|switch|p1a: Del Toro|Great Tusk|24/100|[from] U-turn
|-prepare|p2a: Slowking|Chilly Reception|[premajor]
|move|p2a: Slowking|Chilly Reception|p2a: Slowking
|-weather|Snowscape
|
|t:|1758935668
|switch|p2a: Cinderace|Cinderace, F|100/100|[from] Chilly Reception
|
|-weather|Snowscape|[upkeep]
|upkeep
|turn|9
|
|t:|1758935675
|move|p2a: Cinderace|Pyro Ball|p1a: Del Toro|[miss]
|-miss|p2a: Cinderace|p1a: Del Toro
|move|p1a: Del Toro|Stealth Rock|p2a: Cinderace
|-sidestart|p2: agrant|move: Stealth Rock
|
|-weather|Snowscape|[upkeep]
|upkeep
|turn|10
|
|t:|1758935682
|move|p2a: Cinderace|Court Change|p2a: Cinderace
|-swapsideconditions
|-activate|p2a: Cinderace|move: Court Change
|move|p1a: Del Toro|Headlong Rush|p2a: Cinderace
|-supereffective|p2a: Cinderace
|-damage|p2a: Cinderace|0 fnt
|-unboost|p1a: Del Toro|def|1
|-unboost|p1a: Del Toro|spd|1
|faint|p2a: Cinderace
|
|-weather|Snowscape|[upkeep]
|upkeep
|
|t:|1758935691
|switch|p2a: Lokix|Lokix, M, tera:Bug|100/100
|turn|11
|
|t:|1758935698
|move|p2a: Lokix|First Impression|p1a: Del Toro
|-resisted|p1a: Del Toro
|-damage|p1a: Del Toro|0 fnt
|faint|p1a: Del Toro
|-end|p1a: Del Toro|Protosynthesis|[silent]
|
|-weather|Snowscape|[upkeep]
|upkeep
|
|t:|1758935706
|switch|p1a: Frida Khalo|Pelipper, F|88/100
|-damage|p1a: Frida Khalo|64/100|[from] Stealth Rock
|-weather|RainDance|[from] ability: Drizzle|[of] p1a: Frida Khalo
|turn|12
|
|t:|1758935714
|switch|p2a: Alomomola|Alomomola, F|100/100
|move|p1a: Frida Khalo|U-turn|p2a: Alomomola
|-damage|p2a: Alomomola|93/100
|
|t:|1758935720
|switch|p1a: El Chapo|Ludicolo, M|100/100|[from] U-turn
|-damage|p1a: El Chapo|88/100|[from] Stealth Rock
|
|-weather|RainDance|[upkeep]
|upkeep
|turn|13
|
|t:|1758935725
|move|p1a: El Chapo|Giga Drain|p2a: Alomomola
|-supereffective|p2a: Alomomola
|-damage|p2a: Alomomola|49/100
|-heal|p1a: El Chapo|100/100|[from] drain|[of] p2a: Alomomola
|-damage|p1a: El Chapo|91/100|[from] item: Life Orb
|move|p2a: Alomomola|Mirror Coat|p1a: El Chapo
|-damage|p1a: El Chapo|0 fnt
|faint|p1a: El Chapo
|
|-weather|RainDance|[upkeep]
|upkeep
|
|t:|1758935736
|switch|p1a: Speedy Gonzales|Barraskewda, F|100/100
|-damage|p1a: Speedy Gonzales|88/100|[from] Stealth Rock
|turn|14
|
|t:|1758935758
|switch|p2a: Slowking|Slowking-Galar, F|100/100
|-terastallize|p1a: Speedy Gonzales|Water
|move|p1a: Speedy Gonzales|Liquidation|p2a: Slowking
|-damage|p2a: Slowking|0 fnt
|faint|p2a: Slowking
|
|-weather|RainDance|[upkeep]
|upkeep
|
|t:|1758935763
|switch|p2a: Lokix|Lokix, M, tera:Bug|100/100
|turn|15
|
|t:|1758935772
|switch|p1a: MkLeo|Moltres|100/100
|move|p2a: Lokix|First Impression|p1a: MkLeo
|-resisted|p1a: MkLeo
|-damage|p1a: MkLeo|70/100
|-status|p2a: Lokix|brn|[from] ability: Flame Body|[of] p1a: MkLeo
|
|-weather|RainDance|[upkeep]
|-damage|p2a: Lokix|94/100 brn|[from] brn
|upkeep
|turn|16
|-message|agrant forfeited.
|
|win|Smitchos
|raw|Smitchos's rating: 1210 &rarr; <strong>1235</strong><br />(+25 for winning)
|raw|agrant's rating: 1210 &rarr; <strong>1185</strong><br />(-25 for losing)
|l|☆agrant
|player|p2|
|l|☆Smitchos
|player|p1|
