|j|☆naxduck
|j|☆Sungrace
|t:|1759048181
|gametype|singles
|player|p1|naxduck|265|1378
|player|p2|Sungrace|swimmerf-gen4|1350
|gen|9
|tier|[Gen 9] OU
|rated|
|rule|HP Percentage Mod: HP is shown in percentages
|rule|Endless Battle Clause: Forcing endless battles is banned
|rule|Species Clause: Limit one of each Pokémon
|rule|OHKO Clause: OHKO moves are banned
|rule|Evasion Items Clause: Evasion items are banned
|rule|Evasion Moves Clause: Evasion moves are banned
|rule|Evasion Abilities Clause: Evasion abilities are banned
|rule|Sleep Moves Clause: Sleep-inducing moves are banned
|clearpoke
|poke|p1|Pelipper, F|
|poke|p1|Talonflame, M|
|poke|p1|Hatterene, F|
|poke|p1|Iron Treads|
|poke|p1|Barraskewda, F|
|poke|p1|Toxicroak, M|
|poke|p2|Lilligant-Hisui, F|
|poke|p2|Ninetales, F|
|poke|p2|Florges-Yellow, F|
|poke|p2|Raging Bolt|
|poke|p2|Araquanid, F|
|poke|p2|Darkrai|
|teampreview
|inactive|Battle timer is ON: inactive players will automatically lose when time's up. (requested by naxduck)
|
|t:|1759048196
|teamsize|p1|6
|teamsize|p2|6
|start
|switch|p1a: Barraskewda|Barraskewda, F|100/100
|switch|p2a: Darkrai|Darkrai, shiny|100/100
|turn|1
|
|t:|1759048202
|switch|p1a: Iron Treads|Iron Treads|100/100
|move|p2a: Darkrai|Dark Pulse|p1a: Iron Treads
|-damage|p1a: Iron Treads|62/100
|
|-heal|p1a: Iron Treads|68/100|[from] item: Leftovers
|upkeep
|turn|2
|
|t:|1759048208
|move|p2a: Darkrai|Dark Pulse|p1a: Iron Treads
|-damage|p1a: Iron Treads|33/100
|move|p1a: Iron Treads|Volt Switch|p2a: Darkrai
|-damage|p2a: Darkrai|86/100
|
|t:|1759048211
|-end|p1a: Iron Treads|Quark Drive|[silent]
|switch|p1a: Pelipper|Pelipper, F|100/100|[from] Volt Switch
|-weather|RainDance|[from] ability: Drizzle|[of] p1a: Pelipper
|
|-weather|RainDance|[upkeep]
|upkeep
|turn|3
|
|t:|1759048214
|move|p2a: Darkrai|Dark Pulse|p1a: Pelipper
|-damage|p1a: Pelipper|38/100
|move|p1a: Pelipper|U-turn|p2a: Darkrai
|-supereffective|p2a: Darkrai
|-damage|p2a: Darkrai|65/100
|
|t:|1759048218
|switch|p1a: Talonflame|Talonflame, M|100/100|[from] U-turn
|
|-weather|RainDance|[upkeep]
|upkeep
|turn|4
|
|t:|1759048220
|move|p1a: Talonflame|Hurricane|p2a: Darkrai
|-damage|p2a: Darkrai|0 fnt
|faint|p2a: Darkrai
|
|-weather|RainDance|[upkeep]
|upkeep
|
|t:|1759048229
|switch|p2a: Surskit-Alola|Araquanid, F, shiny|100/100
|turn|5
|
|t:|1759048233
|move|p1a: Talonflame|Hurricane|p2a: Surskit-Alola
|-supereffective|p2a: Surskit-Alola
|-damage|p2a: Surskit-Alola|0 fnt
|faint|p2a: Surskit-Alola
|
|-weather|RainDance|[upkeep]
|upkeep
|c|☆Sungrace|!dt talonflame
|raw|<div class="message"><ul class="utilichart"><li class="result"><span class="col numcol">RU</span> <span class="col iconcol"><psicon pokemon="talonflame"/></span> <span class="col pokemonnamecol" style="white-space:nowrap"><a href="https://dex.pokemonshowdown.com/pokemon/talonflame" target="_blank">Talonflame</a></span> <span class="col typecol"><img src="https://play.pokemonshowdown.com/sprites/types/Fire.png" alt="Fire" height="14" width="32"><img src="https://play.pokemonshowdown.com/sprites/types/Flying.png" alt="Flying" height="14" width="32"></span> <span style="float:left;min-height:26px"><span class="col abilitycol">Flame Body</span><span class="col abilitycol"><em>Gale Wings</em></span></span><span style="float:left;min-height:26px"><span class="col statcol"><em>HP</em><br />78</span> <span class="col statcol"><em>Atk</em><br />81</span> <span class="col statcol"><em>Def</em><br />71</span> <span class="col statcol"><em>SpA</em><br />74</span> <span class="col statcol"><em>SpD</em><br />69</span> <span class="col statcol"><em>Spe</em><br />126</span> <span class="col bstcol"><em>BST<br />499</em></span> </span></li><li style="clear:both"></li></ul></div>
|raw|<font size="1"><font color="#686868">Dex#:</font> 663&nbsp;|&ThickSpace;<font color="#686868">Gen:</font> 6&nbsp;|&ThickSpace;<font color="#686868">Height:</font> 1.2 m&nbsp;|&ThickSpace;<font color="#686868">Weight:</font> 24.5 kg <em>(40 BP)</em>&nbsp;|&ThickSpace;<font color="#686868">Dex Colour:</font> Red&nbsp;|&ThickSpace;<font color="#686868">Egg Group(s):</font> Flying&nbsp;|&ThickSpace;<font color="#686868">Pre-Evolution:</font> Fletchinder&nbsp;|&ThickSpace;<font color="#686868">Does Not Evolve</font></font>

|c|☆Sungrace|74 spa?
|c|☆Sungrace|kinda crazy it oneshots
|
|t:|1759048255
|switch|p2a: Cringing Gold|Raging Bolt|100/100
|turn|6
|
|t:|1759048264
|switch|p1a: Iron Treads|Iron Treads|33/100
|move|p2a: Cringing Gold|Dragon Pulse|p1a: Iron Treads
|-resisted|p1a: Iron Treads
|-damage|p1a: Iron Treads|14/100
|
|-weather|RainDance|[upkeep]
|-heal|p1a: Iron Treads|21/100|[from] item: Leftovers
|upkeep
|turn|7
|
|t:|1759048272
|-end|p2a: Cringing Gold|Protosynthesis|[silent]
|switch|p2a: Lesbian|Lilligant-Hisui, F, shiny|100/100
|move|p1a: Iron Treads|Stealth Rock|p2a: Lesbian
|-sidestart|p2: Sungrace|move: Stealth Rock
|
|-weather|RainDance|[upkeep]
|-heal|p1a: Iron Treads|27/100|[from] item: Leftovers
|upkeep
|turn|8
|
|t:|1759048300
|-end|p1a: Iron Treads|Quark Drive|[silent]
|switch|p1a: Toxicroak|Toxicroak, M|100/100
|move|p2a: Lesbian|Close Combat|p1a: Toxicroak
|-resisted|p1a: Toxicroak
|-damage|p1a: Toxicroak|65/100
|-unboost|p2a: Lesbian|def|1
|-unboost|p2a: Lesbian|spd|1
|-damage|p2a: Lesbian|84/100|[from] item: Rocky Helmet|[of] p1a: Toxicroak
|-damage|p2a: Lesbian|74/100|[from] item: Life Orb
|
|-weather|RainDance|[upkeep]
|-heal|p1a: Toxicroak|77/100|[from] ability: Dry Skin
|upkeep
|turn|9
|
|t:|1759048307
|switch|p2a: Cringing Gold|Raging Bolt|100/100
|move|p1a: Toxicroak|Toxic|p2a: Cringing Gold
|-status|p2a: Cringing Gold|tox
|
|-weather|none
|-damage|p2a: Cringing Gold|94/100 tox|[from] psn
|upkeep
|turn|10
|
|t:|1759048322
|switch|p1a: Iron Treads|Iron Treads|27/100
|move|p2a: Cringing Gold|Thunderbolt|p1a: Iron Treads
|-immune|p1a: Iron Treads
|
|-heal|p1a: Iron Treads|33/100|[from] item: Leftovers
|-damage|p2a: Cringing Gold|82/100 tox|[from] psn
|upkeep
|turn|11
|
|t:|1759048327
|-end|p2a: Cringing Gold|Protosynthesis|[silent]
|switch|p2a: Lesbian|Lilligant-Hisui, F, shiny|74/100
|-damage|p2a: Lesbian|68/100|[from] Stealth Rock
|move|p1a: Iron Treads|Earthquake|p2a: Lesbian
|-resisted|p2a: Lesbian
|-damage|p2a: Lesbian|39/100
|
|-heal|p1a: Iron Treads|39/100|[from] item: Leftovers
|upkeep
|turn|12
|
|t:|1759048335
|switch|p2a: Angel|Ninetales, F, shiny|100/100
|-damage|p2a: Angel|76/100|[from] Stealth Rock
|-weather|SunnyDay|[from] ability: Drought|[of] p2a: Angel
|-end|p1a: Iron Treads|Quark Drive|[silent]
|switch|p1a: Toxicroak|Toxicroak, M|77/100
|
|-weather|SunnyDay|[upkeep]
|-damage|p1a: Toxicroak|65/100|[from] ability: Dry Skin|[of] p1a: Toxicroak
|upkeep
|turn|13
|
|t:|1759048357
|switch|p1a: Pelipper|Pelipper, F|38/100
|-weather|RainDance|[from] ability: Drizzle|[of] p1a: Pelipper
|move|p2a: Angel|Nasty Plot|p2a: Angel
|-boost|p2a: Angel|spa|2
|
|-weather|RainDance|[upkeep]
|upkeep
|turn|14
|
|t:|1759048361
|switch|p1a: Hatterene|Hatterene, F|100/100
|move|p2a: Angel|Dark Pulse|p1a: Hatterene
|-damage|p1a: Hatterene|58/100
|-enditem|p1a: Hatterene|Eject Button
|
|t:|1759048373
|switch|p1a: Barraskewda|Barraskewda, F|100/100
|
|-weather|RainDance|[upkeep]
|upkeep
|turn|15
|
|t:|1759048386
|switch|p2a: Lesbian|Lilligant-Hisui, F, shiny|39/100
|-damage|p2a: Lesbian|33/100|[from] Stealth Rock
|move|p1a: Barraskewda|Liquidation|p2a: Lesbian
|-resisted|p2a: Lesbian
|-damage|p2a: Lesbian|0 fnt
|faint|p2a: Lesbian
|
|-weather|RainDance|[upkeep]
|upkeep
|
|t:|1759048387
|switch|p2a: Angel|Ninetales, F, shiny|76/100
|-damage|p2a: Angel|51/100|[from] Stealth Rock
|-weather|SunnyDay|[from] ability: Drought|[of] p2a: Angel
|turn|16
|
|t:|1759048393
|move|p1a: Barraskewda|Liquidation|p2a: Angel
|-supereffective|p2a: Angel
|-damage|p2a: Angel|0 fnt
|faint|p2a: Angel
|
|-weather|SunnyDay|[upkeep]
|upkeep
|
|t:|1759048401
|switch|p2a: Dawnbloom|Florges-Yellow, F, shiny|100/100
|-damage|p2a: Dawnbloom|88/100|[from] Stealth Rock
|turn|17
|
|t:|1759048416
|switch|p1a: Pelipper|Pelipper, F|38/100
|-weather|RainDance|[from] ability: Drizzle|[of] p1a: Pelipper
|-terastallize|p2a: Dawnbloom|Grass
|move|p2a: Dawnbloom|Calm Mind|p2a: Dawnbloom
|-boost|p2a: Dawnbloom|spa|1
|-boost|p2a: Dawnbloom|spd|1
|
|-weather|RainDance|[upkeep]
|-heal|p2a: Dawnbloom|94/100|[from] item: Leftovers
|upkeep
|turn|18
|
|t:|1759048423
|move|p2a: Dawnbloom|Protect|p2a: Dawnbloom
|-singleturn|p2a: Dawnbloom|Protect
|move|p1a: Pelipper|Hurricane|p2a: Dawnbloom
|-activate|p2a: Dawnbloom|move: Protect
|
|-weather|RainDance|[upkeep]
|-heal|p2a: Dawnbloom|100/100|[from] item: Leftovers
|upkeep
|turn|19
|
|t:|1759048446
|move|p2a: Dawnbloom|Calm Mind|p2a: Dawnbloom
|-boost|p2a: Dawnbloom|spa|1
|-boost|p2a: Dawnbloom|spd|1
|move|p1a: Pelipper|Hurricane|p2a: Dawnbloom
|-supereffective|p2a: Dawnbloom
|-damage|p2a: Dawnbloom|77/100
|
|-weather|RainDance|[upkeep]
|-heal|p2a: Dawnbloom|83/100|[from] item: Leftovers
|upkeep
|turn|20
|
|t:|1759048457
|move|p2a: Dawnbloom|Wish|p2a: Dawnbloom
|move|p1a: Pelipper|U-turn|p2a: Dawnbloom
|-supereffective|p2a: Dawnbloom
|-damage|p2a: Dawnbloom|66/100
|
|t:|1759048474
|switch|p1a: Toxicroak|Toxicroak, M|65/100|[from] U-turn
|
|-weather|RainDance|[upkeep]
|-heal|p1a: Toxicroak|77/100|[from] ability: Dry Skin
|-heal|p2a: Dawnbloom|73/100|[from] item: Leftovers
|upkeep
|turn|21
|
|t:|1759048480
|move|p2a: Dawnbloom|Protect|p2a: Dawnbloom
|-singleturn|p2a: Dawnbloom|Protect
|move|p1a: Toxicroak|Toxic|p2a: Dawnbloom
|-activate|p2a: Dawnbloom|move: Protect
|
|-weather|RainDance|[upkeep]
|-heal|p1a: Toxicroak|89/100|[from] ability: Dry Skin
|-heal|p2a: Dawnbloom|100/100|[from] move: Wish|[wisher] Dawnbloom
|upkeep
|turn|22
|inactive|naxduck has 120 seconds left.
|
|t:|1759048513
|move|p1a: Toxicroak|Toxic|p2a: Dawnbloom
|-block|p2a: Dawnbloom|ability: Flower Veil|[of] p2a: Dawnbloom
|move|p2a: Dawnbloom|Moonblast|p1a: Toxicroak
|-damage|p1a: Toxicroak|0 fnt
|faint|p1a: Toxicroak
|
|-weather|RainDance|[upkeep]
|upkeep
|inactive|naxduck has 120 seconds left.
|
|t:|1759048523
|switch|p1a: Talonflame|Talonflame, M|100/100
|turn|23
|
|t:|1759048527
|-terastallize|p1a: Talonflame|Flying
|move|p1a: Talonflame|Hurricane|p2a: Dawnbloom
|-supereffective|p2a: Dawnbloom
|-damage|p2a: Dawnbloom|40/100
|-start|p2a: Dawnbloom|confusion
|-activate|p2a: Dawnbloom|confusion
|-damage|p2a: Dawnbloom|35/100|[from] confusion
|
|-weather|RainDance|[upkeep]
|-heal|p2a: Dawnbloom|42/100|[from] item: Leftovers
|upkeep
|turn|24
|
|t:|1759048533
|-activate|p2a: Dawnbloom|confusion
|move|p2a: Dawnbloom|Protect|p2a: Dawnbloom
|-singleturn|p2a: Dawnbloom|Protect
|move|p1a: Talonflame|Hurricane|p2a: Dawnbloom
|-activate|p2a: Dawnbloom|move: Protect
|
|-weather|none
|-heal|p2a: Dawnbloom|48/100|[from] item: Leftovers
|upkeep
|turn|25
|
|t:|1759048539
|move|p1a: Talonflame|Hurricane|p2a: Dawnbloom
|-supereffective|p2a: Dawnbloom
|-damage|p2a: Dawnbloom|0 fnt
|faint|p2a: Dawnbloom
|
|upkeep
|c|☆Sungrace|rngg
|-message|Sungrace forfeited.
|
|win|naxduck
|raw|naxduck's rating: 1365 &rarr; <strong>1384</strong><br />(+19 for winning)
|raw|Sungrace's rating: 1350 &rarr; <strong>1331</strong><br />(-19 for losing)
|l|☆Sungrace
|player|p2|
|l|☆naxduck
|player|p1|
