|j|☆SmolVersion
|j|☆cozyprincemshroom
|t:|1758981721
|gametype|singles
|player|p1|SmolVersion|169|1162
|player|p2|cozyprincemshroom|waiter|1135
|gen|9
|tier|[Gen 9] OU
|rated|
|rule|HP Percentage Mod: HP is shown in percentages
|rule|Endless Battle Clause: Forcing endless battles is banned
|rule|Species Clause: Limit one of each Pokémon
|rule|OHKO Clause: OHKO moves are banned
|rule|Evasion Items Clause: Evasion items are banned
|rule|Evasion Moves Clause: Evasion moves are banned
|rule|Evasion Abilities Clause: Evasion abilities are banned
|rule|Sleep Moves Clause: Sleep-inducing moves are banned
|clearpoke
|poke|p1|Scizor, F|
|poke|p1|Cyclizar, F|
|poke|p1|Okidogi, M|
|poke|p1|Ting-Lu|
|poke|p1|Gholdengo|
|poke|p1|Lilligant-Hisui, F|
|poke|p2|Munkidori, M|
|poke|p2|Lycanroc-Dusk, M|
|poke|p2|Altaria, M|
|poke|p2|Poliwrath, F|
|poke|p2|Meganium, M|
|poke|p2|Inteleon, M|
|teampreview
|inactive|Battle timer is ON: inactive players will automatically lose when time's up. (requested by cozyprincemshroom)
|
|t:|1758981725
|teamsize|p1|6
|teamsize|p2|6
|start
|switch|p1a: Ting-Lu|Ting-Lu|100/100
|switch|p2a: Munkidori|Munkidori, M|100/100
|-ability|p1a: Ting-Lu|Vessel of Ruin
|turn|1
|
|t:|1758981735
|move|p2a: Munkidori|Trick|p1a: Ting-Lu
|-activate|p2a: Munkidori|move: Trick|[of] p1a: Ting-Lu
|-item|p1a: Ting-Lu|Choice Scarf|[from] move: Trick
|-item|p2a: Munkidori|Leftovers|[from] move: Trick
|move|p1a: Ting-Lu|Stealth Rock|p2a: Munkidori
|-sidestart|p2: cozyprincemshroom|move: Stealth Rock
|
|upkeep
|turn|2
|
|t:|1758981758
|switch|p1a: Gholdengo|Gholdengo|100/100
|move|p2a: Munkidori|Nasty Plot|p2a: Munkidori
|-boost|p2a: Munkidori|spa|2
|
|upkeep
|turn|3
|
|t:|1758981766
|-terastallize|p2a: Munkidori|Fire
|move|p1a: Gholdengo|Shadow Ball|p2a: Munkidori
|-damage|p2a: Munkidori|49/100
|move|p2a: Munkidori|Tera Blast|p1a: Gholdengo|[anim] Tera Blast Fire
|-supereffective|p1a: Gholdengo
|-damage|p1a: Gholdengo|0 fnt
|faint|p1a: Gholdengo
|
|-heal|p2a: Munkidori|55/100|[from] item: Leftovers
|upkeep
|
|t:|1758981778
|switch|p1a: Ting-Lu|Ting-Lu|100/100
|-ability|p1a: Ting-Lu|Vessel of Ruin
|turn|4
|
|t:|1758981784
|switch|p2a: Altaria|Altaria, M|100/100
|-damage|p2a: Altaria|76/100|[from] Stealth Rock
|move|p1a: Ting-Lu|Earthquake|p2a: Altaria
|-immune|p2a: Altaria
|
|-heal|p2a: Altaria|82/100|[from] item: Leftovers
|upkeep
|turn|5
|
|t:|1758981794
|switch|p1a: Cyclizar|Cyclizar, F|100/100
|move|p2a: Altaria|Will-O-Wisp|p1a: Cyclizar|[miss]
|-miss|p2a: Altaria|p1a: Cyclizar
|
|-heal|p2a: Altaria|88/100|[from] item: Leftovers
|upkeep
|turn|6
|
|t:|1758981801
|move|p1a: Cyclizar|Taunt|p2a: Altaria
|-start|p2a: Altaria|move: Taunt
|cant|p2a: Altaria|move: Taunt|Will-O-Wisp
|
|-heal|p2a: Altaria|94/100|[from] item: Leftovers
|upkeep
|turn|7
|
|t:|1758981816
|move|p1a: Cyclizar|Knock Off|p2a: Altaria
|-damage|p2a: Altaria|72/100
|-enditem|p2a: Altaria|Leftovers|[from] move: Knock Off|[of] p1a: Cyclizar
|move|p2a: Altaria|Moonblast|p1a: Cyclizar
|-supereffective|p1a: Cyclizar
|-damage|p1a: Cyclizar|28/100
|
|upkeep
|turn|8
|
|t:|1758981826
|move|p1a: Cyclizar|Draco Meteor|p2a: Altaria
|-supereffective|p2a: Altaria
|-damage|p2a: Altaria|0 fnt
|-unboost|p1a: Cyclizar|spa|2
|faint|p2a: Altaria
|
|upkeep
|
|t:|1758981833
|switch|p2a: Lycanroc|Lycanroc-Dusk, M|100/100
|-damage|p2a: Lycanroc|88/100|[from] Stealth Rock
|turn|9
|
|t:|1758981847
|move|p1a: Cyclizar|Knock Off|p2a: Lycanroc
|-damage|p2a: Lycanroc|50/100
|-enditem|p2a: Lycanroc|Life Orb|[from] move: Knock Off|[of] p1a: Cyclizar
|move|p2a: Lycanroc|Swords Dance|p2a: Lycanroc
|-boost|p2a: Lycanroc|atk|2
|
|upkeep
|turn|10
|
|t:|1758981855
|move|p2a: Lycanroc|Accelerock|p1a: Cyclizar
|-damage|p1a: Cyclizar|0 fnt
|faint|p1a: Cyclizar
|
|upkeep
|
|t:|1758981858
|switch|p1a: Scizor|Scizor, F|100/100
|turn|11
|
|t:|1758981862
|move|p2a: Lycanroc|Accelerock|p1a: Scizor
|-damage|p1a: Scizor|42/100
|move|p1a: Scizor|Bullet Punch|p2a: Lycanroc
|-supereffective|p2a: Lycanroc
|-damage|p2a: Lycanroc|0 fnt
|faint|p2a: Lycanroc
|
|upkeep
|
|t:|1758981869
|switch|p2a: Inteleon|Inteleon, M|100/100
|-damage|p2a: Inteleon|88/100|[from] Stealth Rock
|turn|12
|
|t:|1758981882
|switch|p1a: Okidogi|Okidogi, M|100/100
|move|p2a: Inteleon|Scald|p1a: Okidogi
|-damage|p1a: Okidogi|59/100
|-damage|p2a: Inteleon|78/100|[from] item: Life Orb
|
|-heal|p1a: Okidogi|65/100|[from] item: Leftovers
|upkeep
|turn|13
|
|t:|1758981892
|move|p2a: Inteleon|Scald|p1a: Okidogi
|-damage|p1a: Okidogi|25/100
|-damage|p2a: Inteleon|68/100|[from] item: Life Orb
|move|p1a: Okidogi|Drain Punch|p2a: Inteleon
|-damage|p2a: Inteleon|10/100
|-heal|p1a: Okidogi|47/100|[from] drain|[of] p2a: Inteleon
|
|-heal|p1a: Okidogi|53/100|[from] item: Leftovers
|upkeep
|turn|14
|
|t:|1758981902
|move|p2a: Inteleon|Scald|p1a: Okidogi
|-damage|p1a: Okidogi|0 fnt
|faint|p1a: Okidogi
|-damage|p2a: Inteleon|0 fnt|[from] item: Life Orb
|faint|p2a: Inteleon
|
|upkeep
|
|t:|1758981913
|switch|p2a: Munkidori|Munkidori, M, tera:Fire|55/100
|switch|p1a: Lilligant|Lilligant-Hisui, F|100/100
|-damage|p2a: Munkidori|30/100|[from] Stealth Rock
|turn|15
|
|t:|1758981919
|move|p2a: Munkidori|Tera Blast|p1a: Lilligant|[anim] Tera Blast Fire
|-supereffective|p1a: Lilligant
|-enditem|p1a: Lilligant|Focus Sash
|-damage|p1a: Lilligant|1/100
|move|p1a: Lilligant|Victory Dance|p1a: Lilligant
|-boost|p1a: Lilligant|atk|1
|-boost|p1a: Lilligant|def|1
|-boost|p1a: Lilligant|spe|1
|
|-heal|p2a: Munkidori|36/100|[from] item: Leftovers
|upkeep
|turn|16
|
|t:|1758981929
|move|p1a: Lilligant|Leaf Blade|p2a: Munkidori
|-resisted|p2a: Munkidori
|-damage|p2a: Munkidori|0 fnt
|faint|p2a: Munkidori
|
|upkeep
|
|t:|1758981935
|switch|p2a: Meganium|Meganium, M|100/100
|-damage|p2a: Meganium|88/100|[from] Stealth Rock
|turn|17
|
|t:|1758981940
|move|p1a: Lilligant|Ice Spinner|p2a: Meganium
|-supereffective|p2a: Meganium
|-damage|p2a: Meganium|0 fnt
|faint|p2a: Meganium
|
|upkeep
|-message|cozyprincemshroom forfeited.
|
|win|SmolVersion
|raw|SmolVersion's rating: 1162 &rarr; <strong>1185</strong><br />(+23 for winning)
|raw|cozyprincemshroom's rating: 1135 &rarr; <strong>1112</strong><br />(-23 for losing)
|l|☆cozyprincemshroom
|player|p2|
|l|☆SmolVersion
|player|p1|
