|j|☆akgamerplayerZ
|j|☆WSJDHDJL
|t:|1759049241
|gametype|singles
|player|p1|akgamerplayerZ|169|1076
|player|p2|WSJDHDJL|2|1075
|gen|9
|tier|[Gen 9] OU
|rated|
|rule|HP Percentage Mod: HP is shown in percentages
|rule|Endless Battle Clause: Forcing endless battles is banned
|rule|Species Clause: Limit one of each Pokémon
|rule|OHKO Clause: OHKO moves are banned
|rule|Evasion Items Clause: Evasion items are banned
|rule|Evasion Moves Clause: Evasion moves are banned
|rule|Evasion Abilities Clause: Evasion abilities are banned
|rule|Sleep Moves Clause: Sleep-inducing moves are banned
|clearpoke
|poke|p1|Pelipper, M|
|poke|p1|Corviknight, F|
|poke|p1|Zapdos|
|poke|p1|Floatzel, M|
|poke|p1|Drednaw, M|
|poke|p1|Kingambit, M|
|poke|p2|Torkoal, M|
|poke|p2|Hatterene, F|
|poke|p2|Raging Bolt|
|poke|p2|Slither Wing|
|poke|p2|Venusaur, F|
|poke|p2|Walking Wake|
|teampreview
|
|t:|1759049270
|teamsize|p1|6
|teamsize|p2|6
|start
|switch|p1a: Drednaw|Drednaw, M|100/100
|switch|p2a: Walking Wake|Walking Wake|100/100
|turn|1
|
|t:|1759049292
|move|p2a: Walking Wake|Hydro Steam|p1a: Drednaw
|-damage|p1a: Drednaw|36/100
|move|p1a: Drednaw|Shell Smash|p1a: Drednaw
|-unboost|p1a: Drednaw|def|1
|-unboost|p1a: Drednaw|spd|1
|-boost|p1a: Drednaw|atk|2
|-boost|p1a: Drednaw|spa|2
|-boost|p1a: Drednaw|spe|2
|-enditem|p1a: Drednaw|White Herb
|-clearnegativeboost|p1a: Drednaw|[silent]
|
|upkeep
|turn|2
|
|t:|1759049310
|move|p1a: Drednaw|Stone Edge|p2a: Walking Wake
|-damage|p2a: Walking Wake|0 fnt
|faint|p2a: Walking Wake
|-end|p2a: Walking Wake|Protosynthesis|[silent]
|
|upkeep
|
|t:|1759049318
|switch|p2a: Torkoal|Torkoal, M|100/100
|-weather|SunnyDay|[from] ability: Drought|[of] p2a: Torkoal
|turn|3
|
|t:|1759049328
|move|p1a: Drednaw|Stone Edge|p2a: Torkoal
|-supereffective|p2a: Torkoal
|-crit|p2a: Torkoal
|-damage|p2a: Torkoal|0 fnt
|faint|p2a: Torkoal
|
|-weather|SunnyDay|[upkeep]
|upkeep
|
|t:|1759049343
|switch|p2a: Venusaur|Venusaur, F|100/100
|turn|4
|
|t:|1759049358
|move|p2a: Venusaur|Giga Drain|p1a: Drednaw
|-supereffective|p1a: Drednaw
|-damage|p1a: Drednaw|0 fnt
|faint|p1a: Drednaw
|-damage|p2a: Venusaur|91/100|[from] item: Life Orb
|
|-weather|SunnyDay|[upkeep]
|upkeep
|
|t:|1759049368
|switch|p1a: Pelipper|Pelipper, M|100/100
|-weather|RainDance|[from] ability: Drizzle|[of] p1a: Pelipper
|turn|5
|
|t:|1759049380
|move|p2a: Venusaur|Giga Drain|p1a: Pelipper
|-damage|p1a: Pelipper|35/100
|-heal|p2a: Venusaur|100/100|[from] drain|[of] p1a: Pelipper
|-damage|p2a: Venusaur|91/100|[from] item: Life Orb
|move|p1a: Pelipper|Hurricane|p2a: Venusaur
|-supereffective|p2a: Venusaur
|-damage|p2a: Venusaur|0 fnt
|faint|p2a: Venusaur
|
|-weather|RainDance|[upkeep]
|upkeep
|
|t:|1759049389
|switch|p2a: Raging Bolt|Raging Bolt|100/100
|turn|6
|
|t:|1759049395
|switch|p1a: Zapdos|Zapdos|100/100
|move|p2a: Raging Bolt|Thunderclap||[still]
|-fail|p2a: Raging Bolt
|
|-weather|RainDance|[upkeep]
|upkeep
|turn|7
|
|t:|1759049417
|move|p1a: Zapdos|Hurricane|p2a: Raging Bolt
|-resisted|p2a: Raging Bolt
|-damage|p2a: Raging Bolt|76/100
|move|p2a: Raging Bolt|Dragon Pulse|p1a: Zapdos
|-crit|p1a: Zapdos
|-damage|p1a: Zapdos|0 fnt
|faint|p1a: Zapdos
|-damage|p2a: Raging Bolt|66/100|[from] item: Life Orb
|
|-weather|RainDance|[upkeep]
|upkeep
|
|t:|1759049425
|switch|p1a: Floatzel|Floatzel, M|100/100
|turn|8
|l|☆WSJDHDJL
|player|p2|
|inactive|Battle timer is ON: inactive players will automatically lose when time's up. (requested by akgamerplayerZ)
|inactive|WSJDHDJL has 30 seconds to reconnect!
|inactive|WSJDHDJL has 20 seconds to reconnect!
|inactive|WSJDHDJL has 15 seconds to reconnect!
|inactive|WSJDHDJL has 10 seconds to reconnect!
|inactive|WSJDHDJL has 5 seconds to reconnect!
|-message|WSJDHDJL lost due to inactivity.
|
|win|akgamerplayerZ
|raw|akgamerplayerZ's rating: 1076 &rarr; <strong>1105</strong><br />(+29 for winning)
|raw|WSJDHDJL's rating: 1075 &rarr; <strong>1054</strong><br />(-21 for losing)
|l|☆akgamerplayerZ
|player|p1|
