|j|☆estopa lol
|j|☆dreballin3x
|t:|1759018040
|gametype|singles
|player|p1|estopa lol|1|1303
|player|p2|dreballin3x|marshal|1302
|gen|9
|tier|[Gen 9] OU
|rated|
|rule|HP Percentage Mod: HP is shown in percentages
|rule|Endless Battle Clause: Forcing endless battles is banned
|rule|Species Clause: Limit one of each Pokémon
|rule|OHKO Clause: OHKO moves are banned
|rule|Evasion Items Clause: Evasion items are banned
|rule|Evasion Moves Clause: Evasion moves are banned
|rule|Evasion Abilities Clause: Evasion abilities are banned
|rule|Sleep Moves Clause: Sleep-inducing moves are banned
|clearpoke
|poke|p1|Metagross|
|poke|p1|Azumarill, M|
|poke|p1|Umbreon, F|
|poke|p1|Raging Bolt|
|poke|p1|Iron Valiant|
|poke|p1|Cinderace, M|
|poke|p2|Dragonite, M|
|poke|p2|Gastrodon-East, M|
|poke|p2|Hatterene, F|
|poke|p2|Sandy Shocks|
|poke|p2|Passimian, F|
|poke|p2|Sableye, M|
|teampreview
|
|t:|1759018073
|teamsize|p1|6
|teamsize|p2|6
|start
|switch|p1a: Cinderace|Cinderace, M|100/100
|switch|p2a: Blue 42|Passimian, F, shiny|100/100
|turn|1
|
|t:|1759018089
|move|p1a: Cinderace|U-turn|p2a: Blue 42
|-start|p1a: Cinderace|typechange|Bug|[from] ability: Libero
|-resisted|p2a: Blue 42
|-damage|p2a: Blue 42|82/100
|
|t:|1759018097
|switch|p1a: Azumarill|Azumarill, M|100/100|[from] U-turn
|move|p2a: Blue 42|Close Combat|p1a: Azumarill
|-resisted|p1a: Azumarill
|-damage|p1a: Azumarill|71/100
|-unboost|p2a: Blue 42|def|1
|-unboost|p2a: Blue 42|spd|1
|
|upkeep
|turn|2
|
|t:|1759018111
|switch|p2a: East to West|Gastrodon-East, M, shiny|100/100
|move|p1a: Azumarill|Belly Drum|p1a: Azumarill
|-damage|p1a: Azumarill|21/100
|-setboost|p1a: Azumarill|atk|6|[from] move: Belly Drum
|-enditem|p1a: Azumarill|Sitrus Berry|[eat]
|-heal|p1a: Azumarill|46/100|[from] item: Sitrus Berry
|
|upkeep
|turn|3
|
|t:|1759018123
|move|p1a: Azumarill|Play Rough|p2a: East to West
|-damage|p2a: East to West|0 fnt
|faint|p2a: East to West
|
|upkeep
|
|t:|1759018127
|switch|p2a: ClashAtDragonhead|Dragonite, M|100/100
|turn|4
|
|t:|1759018142
|move|p2a: ClashAtDragonhead|Iron Head|p1a: Azumarill
|-damage|p1a: Azumarill|17/100
|cant|p1a: Azumarill|flinch
|
|upkeep
|turn|5
|
|t:|1759018154
|move|p2a: ClashAtDragonhead|Extreme Speed|p1a: Azumarill
|-damage|p1a: Azumarill|0 fnt
|faint|p1a: Azumarill
|
|upkeep
|
|t:|1759018160
|switch|p1a: Iron Valiant|Iron Valiant|100/100
|-enditem|p1a: Iron Valiant|Booster Energy
|-activate|p1a: Iron Valiant|ability: Quark Drive|[fromitem]
|-start|p1a: Iron Valiant|quarkdrivespe
|turn|6
|
|t:|1759018177
|move|p1a: Iron Valiant|Moonblast|p2a: ClashAtDragonhead
|-supereffective|p2a: ClashAtDragonhead
|-damage|p2a: ClashAtDragonhead|53/100
|move|p2a: ClashAtDragonhead|Iron Head|p1a: Iron Valiant
|-supereffective|p1a: Iron Valiant
|-damage|p1a: Iron Valiant|31/100
|
|-heal|p2a: ClashAtDragonhead|59/100|[from] item: Leftovers
|upkeep
|turn|7
|
|t:|1759018192
|-terastallize|p2a: ClashAtDragonhead|Fairy
|move|p2a: ClashAtDragonhead|Extreme Speed|p1a: Iron Valiant
|-damage|p1a: Iron Valiant|0 fnt
|faint|p1a: Iron Valiant
|-end|p1a: Iron Valiant|Quark Drive|[silent]
|
|-heal|p2a: ClashAtDragonhead|66/100|[from] item: Leftovers
|upkeep
|
|t:|1759018202
|switch|p1a: Cinderace|Cinderace, M|100/100
|turn|8
|
|t:|1759018214
|move|p1a: Cinderace|Gunk Shot|p2a: ClashAtDragonhead
|-start|p1a: Cinderace|typechange|Poison|[from] ability: Libero
|-supereffective|p2a: ClashAtDragonhead
|-damage|p2a: ClashAtDragonhead|0 fnt
|faint|p2a: ClashAtDragonhead
|
|upkeep
|
|t:|1759018223
|switch|p2a: Sombra|Hatterene, F|100/100
|turn|9
|
|t:|1759018233
|move|p1a: Cinderace|Gunk Shot|p2a: Sombra
|-supereffective|p2a: Sombra
|-damage|p2a: Sombra|0 fnt
|faint|p2a: Sombra
|
|upkeep
|
|t:|1759018236
|switch|p2a: Nightcore|Sableye, M, shiny|100/100
|turn|10
|
|t:|1759018242
|switch|p1a: Umbreon|Umbreon, F|100/100
|move|p2a: Nightcore|Thunder Wave|p1a: Umbreon
|-hint|Since gen 7, Dark is immune to Prankster moves.
|-immune|p1a: Umbreon
|
|upkeep
|turn|11
|
|t:|1759018253
|switch|p2a: Blue 42|Passimian, F, shiny|82/100
|move|p1a: Umbreon|Toxic|p2a: Blue 42
|-status|p2a: Blue 42|tox
|
|-damage|p2a: Blue 42|76/100 tox|[from] psn
|upkeep
|turn|12
|
|t:|1759018289
|switch|p1a: Metagross|Metagross|100/100
|move|p2a: Blue 42|Close Combat|p1a: Metagross
|-damage|p1a: Metagross|52/100
|-unboost|p2a: Blue 42|def|1
|-unboost|p2a: Blue 42|spd|1
|
|-damage|p2a: Blue 42|64/100 tox|[from] psn
|upkeep
|turn|13
|
|t:|1759018303
|switch|p2a: Nightcore|Sableye, M, shiny|100/100
|-terastallize|p1a: Metagross|Ground
|move|p1a: Metagross|Meteor Mash|p2a: Nightcore
|-damage|p2a: Nightcore|27/100
|-damage|p1a: Metagross|36/100|[from] item: Rocky Helmet|[of] p2a: Nightcore
|
|upkeep
|turn|14
|
|t:|1759018312
|move|p1a: Metagross|Meteor Mash|p2a: Nightcore
|-crit|p2a: Nightcore
|-damage|p2a: Nightcore|0 fnt
|-damage|p1a: Metagross|19/100|[from] item: Rocky Helmet|[of] p2a: Nightcore
|faint|p2a: Nightcore
|
|upkeep
|
|t:|1759018319
|switch|p2a: Grounded|Sandy Shocks|100/100
|-enditem|p2a: Grounded|Booster Energy
|-activate|p2a: Grounded|ability: Protosynthesis|[fromitem]
|-start|p2a: Grounded|protosynthesisspe
|turn|15
|
|t:|1759018339
|move|p2a: Grounded|Earth Power|p1a: Metagross
|-damage|p1a: Metagross|0 fnt
|faint|p1a: Metagross
|
|upkeep
|
|t:|1759018346
|switch|p1a: Umbreon|Umbreon, F|100/100
|turn|16
|
|t:|1759018350
|move|p2a: Grounded|Discharge|p1a: Umbreon
|-damage|p1a: Umbreon|79/100
|move|p1a: Umbreon|Toxic|p2a: Grounded
|-status|p2a: Grounded|tox
|
|-heal|p1a: Umbreon|85/100|[from] item: Leftovers
|-damage|p2a: Grounded|94/100 tox|[from] psn
|upkeep
|turn|17
|
|t:|1759018356
|-end|p2a: Grounded|Protosynthesis|[silent]
|switch|p2a: Blue 42|Passimian, F, shiny|64/100 tox
|move|p1a: Umbreon|Wish|p1a: Umbreon
|
|-heal|p1a: Umbreon|91/100|[from] item: Leftovers
|-damage|p2a: Blue 42|58/100 tox|[from] psn
|upkeep
|turn|18
|
|t:|1759018361
|move|p2a: Blue 42|U-turn|p1a: Umbreon
|-supereffective|p1a: Umbreon
|-damage|p1a: Umbreon|56/100
|
|t:|1759018364
|switch|p2a: Grounded|Sandy Shocks|94/100 tox|[from] U-turn
|move|p1a: Umbreon|Dark Pulse|p2a: Grounded
|-damage|p2a: Grounded|72/100 tox
|
|-heal|p1a: Umbreon|100/100|[from] move: Wish|[wisher] Umbreon
|-damage|p2a: Grounded|66/100 tox|[from] psn
|upkeep
|turn|19
|
|t:|1759018376
|move|p2a: Grounded|Discharge|p1a: Umbreon
|-damage|p1a: Umbreon|81/100
|move|p1a: Umbreon|Wish|p1a: Umbreon
|
|-heal|p1a: Umbreon|88/100|[from] item: Leftovers
|-damage|p2a: Grounded|54/100 tox|[from] psn
|upkeep
|turn|20
|
|t:|1759018382
|move|p2a: Grounded|Earth Power|p1a: Umbreon
|-damage|p1a: Umbreon|67/100
|move|p1a: Umbreon|Dark Pulse|p2a: Grounded
|-damage|p2a: Grounded|30/100 tox
|
|-heal|p1a: Umbreon|100/100|[from] move: Wish|[wisher] Umbreon
|-damage|p2a: Grounded|11/100 tox|[from] psn
|upkeep
|turn|21
|
|t:|1759018389
|move|p2a: Grounded|Discharge|p1a: Umbreon
|-damage|p1a: Umbreon|79/100
|move|p1a: Umbreon|Wish|p1a: Umbreon
|
|-heal|p1a: Umbreon|85/100|[from] item: Leftovers
|-damage|p2a: Grounded|0 fnt|[from] psn
|faint|p2a: Grounded
|-end|p2a: Grounded|Protosynthesis|[silent]
|upkeep
|
|t:|1759018394
|switch|p2a: Blue 42|Passimian, F, shiny|58/100 tox
|turn|22
|
|t:|1759018398
|move|p2a: Blue 42|Close Combat|p1a: Umbreon
|-supereffective|p1a: Umbreon
|-damage|p1a: Umbreon|0 fnt
|-unboost|p2a: Blue 42|def|1
|-unboost|p2a: Blue 42|spd|1
|faint|p1a: Umbreon
|
|-damage|p2a: Blue 42|52/100 tox|[from] psn
|upkeep
|c|☆dreballin3x|Gg
|
|t:|1759018403
|switch|p1a: Raging Bolt|Raging Bolt|100/100
|turn|23
|
|t:|1759018405
|move|p1a: Raging Bolt|Thunderclap|p2a: Blue 42
|-damage|p2a: Blue 42|0 fnt
|faint|p2a: Blue 42
|
|win|estopa lol
|raw|estopa lol's rating: 1303 &rarr; <strong>1323</strong><br />(+20 for winning)
|raw|dreballin3x's rating: 1302 &rarr; <strong>1282</strong><br />(-20 for losing)
|l|☆dreballin3x
|player|p2|
|l|☆estopa lol
|player|p1|
