|j|☆TheJobApplication
|j|☆murder kingdom
|t:|1758962204
|gametype|singles
|player|p1|TheJobApplication|102|1415
|player|p2|murder kingdom|266|1539
|gen|9
|tier|[Gen 9] OU
|rated|
|rule|HP Percentage Mod: HP is shown in percentages
|rule|Endless Battle Clause: Forcing endless battles is banned
|rule|Species Clause: Limit one of each Pokémon
|rule|OHKO Clause: OHKO moves are banned
|rule|Evasion Items Clause: Evasion items are banned
|rule|Evasion Moves Clause: Evasion moves are banned
|rule|Evasion Abilities Clause: Evasion abilities are banned
|rule|Sleep Moves Clause: Sleep-inducing moves are banned
|clearpoke
|poke|p1|Bronzong|
|poke|p1|Grimmsnarl, M|
|poke|p1|Chandelure, F|
|poke|p1|Latios, M|
|poke|p1|Great Tusk|
|poke|p1|Kingambit, F|
|poke|p2|Samurott-Hisui, F|
|poke|p2|Great Tusk|
|poke|p2|Volcanion|
|poke|p2|Hydrapple, M|
|poke|p2|Gholdengo|
|poke|p2|Landorus-Therian, M|
|teampreview
|inactive|Battle timer is ON: inactive players will automatically lose when time's up. (requested by TheJobApplication)
|
|t:|1758962213
|teamsize|p1|6
|teamsize|p2|6
|start
|switch|p1a: Grimmsnarl|Grimmsnarl, M|100/100
|switch|p2a: Samurott|Samurott-Hisui, F|100/100
|turn|1
|
|t:|1758962227
|move|p1a: Grimmsnarl|Play Rough|p2a: Samurott
|-supereffective|p2a: Samurott
|-damage|p2a: Samurott|0 fnt
|faint|p2a: Samurott
|
|upkeep
|
|t:|1758962232
|switch|p2a: Gholdengo|Gholdengo|100/100
|-item|p2a: Gholdengo|Air Balloon
|turn|2
|
|t:|1758962236
|switch|p1a: Kingambit|Kingambit, F|100/100
|move|p2a: Gholdengo|Nasty Plot|p2a: Gholdengo
|-boost|p2a: Gholdengo|spa|2
|
|upkeep
|turn|3
|
|t:|1758962241
|move|p2a: Gholdengo|Make It Rain|p1a: Kingambit
|-resisted|p1a: Kingambit
|-damage|p1a: Kingambit|45/100
|-unboost|p2a: Gholdengo|spa|1
|move|p1a: Kingambit|Kowtow Cleave|p2a: Gholdengo
|-supereffective|p2a: Gholdengo
|-damage|p2a: Gholdengo|6/100
|-enditem|p2a: Gholdengo|Air Balloon
|
|upkeep
|turn|4
|
|t:|1758962245
|move|p1a: Kingambit|Sucker Punch||[still]
|-fail|p1a: Kingambit
|move|p2a: Gholdengo|Recover|p2a: Gholdengo
|-heal|p2a: Gholdengo|56/100
|
|upkeep
|turn|5
|j| zxibdixi
|
|t:|1758962249
|move|p2a: Gholdengo|Make It Rain|p1a: Kingambit
|-resisted|p1a: Kingambit
|-damage|p1a: Kingambit|2/100
|-unboost|p2a: Gholdengo|spa|1
|move|p1a: Kingambit|Kowtow Cleave|p2a: Gholdengo
|-supereffective|p2a: Gholdengo
|-damage|p2a: Gholdengo|0 fnt
|faint|p2a: Gholdengo
|
|upkeep
|
|t:|1758962253
|switch|p2a: Great Tusk|Great Tusk|100/100
|turn|6
|
|t:|1758962257
|-end|p1a: Kingambit|fallenundefined|[silent]
|switch|p1a: Bronzong|Bronzong|100/100
|move|p2a: Great Tusk|Stealth Rock|p1a: Bronzong
|-sidestart|p1: TheJobApplication|move: Stealth Rock
|
|upkeep
|turn|7
|
|t:|1758962261
|-end|p2a: Great Tusk|Protosynthesis|[silent]
|switch|p2a: Volcanion|Volcanion|100/100
|move|p1a: Bronzong|Trick|p2a: Volcanion
|-activate|p1a: Bronzong|move: Trick|[of] p2a: Volcanion
|-item|p2a: Volcanion|Choice Specs|[from] move: Trick
|-item|p1a: Bronzong|Heavy-Duty Boots|[from] move: Trick
|
|upkeep
|turn|8
|
|t:|1758962270
|move|p1a: Bronzong|Protect|p1a: Bronzong
|-singleturn|p1a: Bronzong|Protect
|move|p2a: Volcanion|Steam Eruption|p1a: Bronzong
|-activate|p1a: Bronzong|move: Protect
|
|upkeep
|turn|9
|
|t:|1758962295
|move|p2a: Volcanion|Steam Eruption|p1a: Bronzong
|-damage|p1a: Bronzong|44/100
|move|p1a: Bronzong|Stealth Rock|p2a: Volcanion
|-sidestart|p2: murder kingdom|move: Stealth Rock
|
|upkeep
|turn|10
|
|t:|1758962300
|move|p2a: Volcanion|Steam Eruption|p1a: Bronzong
|-damage|p1a: Bronzong|0 fnt
|faint|p1a: Bronzong
|
|upkeep
|
|t:|1758962306
|switch|p1a: Latios|Latios, M|100/100
|-damage|p1a: Latios|88/100|[from] Stealth Rock
|turn|11
|
|t:|1758962307
|move|p1a: Latios|Draco Meteor|p2a: Volcanion
|-damage|p2a: Volcanion|0 fnt
|-unboost|p1a: Latios|spa|2
|faint|p2a: Volcanion
|
|upkeep
|
|t:|1758962313
|switch|p2a: Great Tusk|Great Tusk|100/100
|turn|12
|
|t:|1758962323
|switch|p1a: Grimmsnarl|Grimmsnarl, M|100/100
|-damage|p1a: Grimmsnarl|88/100|[from] Stealth Rock
|move|p2a: Great Tusk|Rapid Spin|p1a: Grimmsnarl
|-damage|p1a: Grimmsnarl|66/100
|-boost|p2a: Great Tusk|spe|1
|-sideend|p2: murder kingdom|Stealth Rock|[from] move: Rapid Spin|[of] p2a: Great Tusk
|
|upkeep
|turn|13
|
|t:|1758962330
|-terastallize|p2a: Great Tusk|Ground
|move|p1a: Grimmsnarl|Trick|p2a: Great Tusk
|-activate|p1a: Grimmsnarl|move: Trick|[of] p2a: Great Tusk
|-item|p2a: Great Tusk|Choice Scarf|[from] move: Trick
|-item|p1a: Grimmsnarl|Heavy-Duty Boots|[from] move: Trick
|move|p2a: Great Tusk|Headlong Rush|p1a: Grimmsnarl
|-damage|p1a: Grimmsnarl|0 fnt
|-unboost|p2a: Great Tusk|def|1
|-unboost|p2a: Great Tusk|spd|1
|faint|p1a: Grimmsnarl
|
|upkeep
|
|t:|1758962339
|switch|p1a: Latios|Latios, M|88/100
|-damage|p1a: Latios|76/100|[from] Stealth Rock
|turn|14
|
|t:|1758962343
|move|p2a: Great Tusk|Headlong Rush|p1a: Latios
|-immune|p1a: Latios|[from] ability: Levitate
|move|p1a: Latios|Draco Meteor|p2a: Great Tusk
|-damage|p2a: Great Tusk|0 fnt
|-unboost|p1a: Latios|spa|2
|faint|p2a: Great Tusk
|-end|p2a: Great Tusk|Protosynthesis|[silent]
|
|upkeep
|
|t:|1758962346
|switch|p2a: Landorus|Landorus-Therian, M|100/100
|-ability|p2a: Landorus|Intimidate|boost
|-unboost|p1a: Latios|atk|1
|turn|15
|
|t:|1758962353
|switch|p1a: Kingambit|Kingambit, F|2/100
|-damage|p1a: Kingambit|0 fnt|[from] Stealth Rock
|faint|p1a: Kingambit
|-end|p1a: Kingambit|fallenundefined|[silent]
|move|p2a: Landorus|U-turn|p1: Kingambit|[notarget]
|-fail|p2a: Landorus
|
|upkeep
|
|t:|1758962356
|switch|p1a: Great Tusk|Great Tusk|100/100
|-damage|p1a: Great Tusk|98/100|[from] Stealth Rock
|-enditem|p1a: Great Tusk|Booster Energy
|-activate|p1a: Great Tusk|ability: Protosynthesis|[fromitem]
|-start|p1a: Great Tusk|protosynthesisatk
|turn|16
|
|t:|1758962359
|move|p2a: Landorus|U-turn|p1a: Great Tusk
|-resisted|p1a: Great Tusk
|-damage|p1a: Great Tusk|89/100
|
|t:|1758962362
|switch|p2a: Hydrapple|Hydrapple, M|100/100|[from] U-turn
|move|p1a: Great Tusk|Rapid Spin|p2a: Hydrapple
|-damage|p2a: Hydrapple|88/100
|-boost|p1a: Great Tusk|spe|1
|-damage|p1a: Great Tusk|73/100|[from] item: Rocky Helmet|[of] p2a: Hydrapple
|-sideend|p1: TheJobApplication|Stealth Rock|[from] move: Rapid Spin|[of] p1a: Great Tusk
|
|upkeep
|turn|17
|
|t:|1758962365
|move|p1a: Great Tusk|Ice Spinner|p2a: Hydrapple
|-supereffective|p2a: Hydrapple
|-damage|p2a: Hydrapple|13/100
|-damage|p1a: Great Tusk|56/100|[from] item: Rocky Helmet|[of] p2a: Hydrapple
|move|p2a: Hydrapple|Giga Drain|p1a: Great Tusk
|-supereffective|p1a: Great Tusk
|-damage|p1a: Great Tusk|0 fnt
|-heal|p2a: Hydrapple|42/100|[from] drain|[of] p1a: Great Tusk
|faint|p1a: Great Tusk
|-end|p1a: Great Tusk|Protosynthesis|[silent]
|
|upkeep
|
|t:|1758962370
|switch|p1a: Latios|Latios, M|76/100
|turn|18
|
|t:|1758962374
|move|p1a: Latios|Draco Meteor|p2a: Hydrapple
|-supereffective|p2a: Hydrapple
|-damage|p2a: Hydrapple|0 fnt
|-unboost|p1a: Latios|spa|2
|faint|p2a: Hydrapple
|
|upkeep
|
|t:|1758962376
|switch|p2a: Landorus|Landorus-Therian, M|100/100
|-ability|p2a: Landorus|Intimidate|boost
|-unboost|p1a: Latios|atk|1
|turn|19
|
|t:|1758962379
|switch|p1a: Chandelure|Chandelure, F|100/100
|move|p2a: Landorus|U-turn|p1a: Chandelure
|-resisted|p1a: Chandelure
|-damage|p1a: Chandelure|91/100
|
|upkeep
|turn|20
|-message|murder kingdom forfeited.
|
|win|TheJobApplication
|raw|TheJobApplication's rating: 1415 &rarr; <strong>1442</strong><br />(+27 for winning)
|raw|murder kingdom's rating: 1539 &rarr; <strong>1512</strong><br />(-27 for losing)
|l|☆murder kingdom
|player|p2|
|c|☆TheJobApplication|Gg
|j| fishsylvia
