|j|☆LoveBCNR
|j|☆EntrenadorArgento
|t:|1759020300
|gametype|singles
|player|p1|LoveBCNR|101|1081
|player|p2|EntrenadorArgento|cheren-gen5bw2|1080
|gen|9
|tier|[Gen 9] OU
|rated|
|rule|HP Percentage Mod: HP is shown in percentages
|rule|Endless Battle Clause: Forcing endless battles is banned
|rule|Species Clause: Limit one of each Pokémon
|rule|OHKO Clause: OHKO moves are banned
|rule|Evasion Items Clause: Evasion items are banned
|rule|Evasion Moves Clause: Evasion moves are banned
|rule|Evasion Abilities Clause: Evasion abilities are banned
|rule|Sleep Moves Clause: Sleep-inducing moves are banned
|clearpoke
|poke|p1|Blaziken, F|
|poke|p1|Decidueye, M|
|poke|p1|Toxapex, F|
|poke|p1|Noivern, M|
|poke|p1|Krookodile, F|
|poke|p1|Metagross|
|poke|p2|Magmar, M|
|poke|p2|Electivire, M|
|poke|p2|Rhydon, M|
|poke|p2|Hydreigon, M|
|poke|p2|Gengar, M|
|poke|p2|Malamar, M|
|teampreview
|
|t:|1759020307
|teamsize|p1|6
|teamsize|p2|6
|start
|switch|p1a: Blaziken|Blaziken, F|100/100
|switch|p2a: Magmar|Magmar, M|100/100
|turn|1
|inactive|Battle timer is ON: inactive players will automatically lose when time's up. (requested by EntrenadorArgento)
|
|t:|1759020316
|move|p1a: Blaziken|Swords Dance|p1a: Blaziken
|-boost|p1a: Blaziken|atk|2
|move|p2a: Magmar|Psychic|p1a: Blaziken
|-supereffective|p1a: Blaziken
|-damage|p1a: Blaziken|6/100
|-unboost|p1a: Blaziken|spd|1
|
|upkeep
|turn|2
|
|t:|1759020327
|move|p1a: Blaziken|Close Combat|p2a: Magmar
|-damage|p2a: Magmar|0 fnt
|-unboost|p1a: Blaziken|def|1
|-unboost|p1a: Blaziken|spd|1
|faint|p2a: Magmar
|
|upkeep
|
|t:|1759020344
|switch|p2a: Gengar|Gengar, M|100/100
|turn|3
|
|t:|1759020349
|move|p2a: Gengar|Shadow Ball|p1a: Blaziken
|-damage|p1a: Blaziken|0 fnt
|faint|p1a: Blaziken
|
|upkeep
|
|t:|1759020368
|switch|p1a: Decidueye|Decidueye, M|100/100
|turn|4
|
|t:|1759020372
|move|p2a: Gengar|Shadow Ball|p1a: Decidueye
|-supereffective|p1a: Decidueye
|-damage|p1a: Decidueye|45/100
|-unboost|p1a: Decidueye|spd|1
|move|p1a: Decidueye|Spirit Shackle|p2a: Gengar
|-supereffective|p2a: Gengar
|-damage|p2a: Gengar|0 fnt
|-start|p1a: Decidueye|Disable|Spirit Shackle|[from] ability: Cursed Body|[of] p2a: Gengar
|faint|p2a: Gengar
|
|upkeep
|
|t:|1759020386
|switch|p2a: Electivire|Electivire, M|100/100
|turn|5
|
|t:|1759020393
|move|p2a: Electivire|Ice Punch|p1a: Decidueye
|-supereffective|p1a: Decidueye
|-damage|p1a: Decidueye|0 fnt
|faint|p1a: Decidueye
|
|upkeep
|
|t:|1759020407
|switch|p1a: Krookodile|Krookodile, F|100/100
|-ability|p1a: Krookodile|Intimidate|boost
|-unboost|p2a: Electivire|atk|1
|turn|6
|
|t:|1759020411
|switch|p2a: Hydreigon|Hydreigon, M|100/100
|move|p1a: Krookodile|Outrage|p2a: Hydreigon
|-supereffective|p2a: Hydreigon
|-damage|p2a: Hydreigon|16/100
|
|upkeep
|turn|7
|
|t:|1759020423
|move|p1a: Krookodile|Outrage|p2a: Hydreigon|[from] lockedmove
|-supereffective|p2a: Hydreigon
|-damage|p2a: Hydreigon|0 fnt
|faint|p2a: Hydreigon
|
|upkeep
|
|t:|1759020432
|switch|p2a: Malamar|Malamar, M|100/100
|turn|8
|
|t:|1759020436
|move|p1a: Krookodile|Outrage|p2a: Malamar|[from] lockedmove
|-damage|p2a: Malamar|57/100
|-start|p1a: Krookodile|confusion|[fatigue]
|move|p2a: Malamar|Superpower|p1a: Krookodile
|-supereffective|p1a: Krookodile
|-damage|p1a: Krookodile|19/100
|-boost|p2a: Malamar|atk|1
|-boost|p2a: Malamar|def|1
|
|upkeep
|turn|9
|
|t:|1759020445
|-activate|p1a: Krookodile|confusion
|move|p1a: Krookodile|Outrage|p2a: Malamar
|-damage|p2a: Malamar|27/100
|move|p2a: Malamar|Superpower|p1a: Krookodile
|-supereffective|p1a: Krookodile
|-damage|p1a: Krookodile|0 fnt
|-boost|p2a: Malamar|atk|1
|-boost|p2a: Malamar|def|1
|faint|p1a: Krookodile
|
|upkeep
|
|t:|1759020473
|switch|p1a: Noivern|Noivern, M|100/100
|turn|10
|
|t:|1759020486
|move|p2a: Malamar|Superpower|p1a: Noivern
|-resisted|p1a: Noivern
|-crit|p1a: Noivern
|-damage|p1a: Noivern|37/100
|-boost|p2a: Malamar|atk|1
|-boost|p2a: Malamar|def|1
|move|p1a: Noivern|Boomburst|p2a: Malamar
|-damage|p2a: Malamar|0 fnt
|faint|p2a: Malamar
|
|upkeep
|
|t:|1759020497
|switch|p2a: Electivire|Electivire, M|100/100
|turn|11
|
|t:|1759020507
|move|p1a: Noivern|Draco Meteor|p2a: Electivire
|-damage|p2a: Electivire|49/100
|-unboost|p1a: Noivern|spa|2
|move|p2a: Electivire|Ice Punch|p1a: Noivern
|-supereffective|p1a: Noivern
|-damage|p1a: Noivern|0 fnt
|faint|p1a: Noivern
|
|upkeep
|
|t:|1759020521
|switch|p1a: Metagross|Metagross|100/100
|turn|12
|
|t:|1759020528
|move|p2a: Electivire|Earthquake|p1a: Metagross
|-supereffective|p1a: Metagross
|-enditem|p1a: Metagross|Shuca Berry|[eat]
|-enditem|p1a: Metagross|Shuca Berry|[weaken]
|-damage|p1a: Metagross|73/100
|move|p1a: Metagross|Meteor Mash|p2a: Electivire
|-resisted|p2a: Electivire
|-damage|p2a: Electivire|5/100
|
|upkeep
|turn|13
|
|t:|1759020535
|move|p1a: Metagross|Bullet Punch|p2a: Electivire
|-resisted|p2a: Electivire
|-damage|p2a: Electivire|0 fnt
|faint|p2a: Electivire
|
|upkeep
|
|t:|1759020539
|switch|p2a: Rhydon|Rhydon, M|100/100
|turn|14
|
|t:|1759020547
|-terastallize|p2a: Rhydon|Ground
|move|p1a: Metagross|Meteor Mash|p2a: Rhydon
|-damage|p2a: Rhydon|74/100
|move|p2a: Rhydon|Earthquake|p1a: Metagross
|-supereffective|p1a: Metagross
|-damage|p1a: Metagross|0 fnt
|faint|p1a: Metagross
|
|upkeep
|
|t:|1759020556
|switch|p1a: Toxapex|Toxapex, F|100/100
|turn|15
|
|t:|1759020561
|move|p2a: Rhydon|Earthquake|p1a: Toxapex
|-supereffective|p1a: Toxapex
|-damage|p1a: Toxapex|0 fnt
|faint|p1a: Toxapex
|
|win|EntrenadorArgento
|raw|LoveBCNR's rating: 1081 &rarr; <strong>1059</strong><br />(-22 for losing)
|raw|EntrenadorArgento's rating: 1080 &rarr; <strong>1108</strong><br />(+28 for winning)
|l|☆EntrenadorArgento
|player|p2|
