|j|☆loneslopeman
|j|☆dark besk
|t:|1759058034
|gametype|singles
|player|p1|loneslopeman|169|1266
|player|p2|dark besk|170|1287
|gen|9
|tier|[Gen 9] OU
|rated|
|rule|HP Percentage Mod: HP is shown in percentages
|rule|Endless Battle Clause: Forcing endless battles is banned
|rule|Species Clause: Limit one of each Pokémon
|rule|OHKO Clause: OHKO moves are banned
|rule|Evasion Items Clause: Evasion items are banned
|rule|Evasion Moves Clause: Evasion moves are banned
|rule|Evasion Abilities Clause: Evasion abilities are banned
|rule|Sleep Moves Clause: Sleep-inducing moves are banned
|clearpoke
|poke|p1|Orthworm, M|
|poke|p1|Fezandipiti, M|
|poke|p1|Raging Bolt|
|poke|p1|Alomomola, F|
|poke|p1|Torkoal, F|
|poke|p1|Cinderace, F|
|poke|p2|Tyranitar, F|
|poke|p2|Excadrill, F|
|poke|p2|Kingambit, M|
|poke|p2|Garchomp, F|
|poke|p2|Pecharunt|
|poke|p2|Rotom-Wash|
|teampreview
|inactive|Battle timer is ON: inactive players will automatically lose when time's up. (requested by dark besk)
|
|t:|1759058055
|teamsize|p1|6
|teamsize|p2|6
|start
|switch|p1a: Torkoal|Torkoal, F|100/100
|switch|p2a: Pecharunt|Pecharunt|100/100
|-item|p2a: Pecharunt|Air Balloon
|-weather|SunnyDay|[from] ability: Drought|[of] p1a: Torkoal
|turn|1
|inactive|loneslopeman has 120 seconds left.
|
|t:|1759058091
|switch|p1a: Orthworm|Orthworm, M|100/100
|move|p2a: Pecharunt|Parting Shot|p1a: Orthworm
|-unboost|p1a: Orthworm|atk|1
|-unboost|p1a: Orthworm|spa|1
|
|t:|1759058098
|switch|p2a: Garchomp|Garchomp, F|100/100|[from] Parting Shot
|
|-weather|SunnyDay|[upkeep]
|upkeep
|turn|2
|
|t:|1759058104
|move|p2a: Garchomp|Fire Fang|p1a: Orthworm
|-supereffective|p1a: Orthworm
|-enditem|p1a: Orthworm|Occa Berry|[eat]
|-enditem|p1a: Orthworm|Occa Berry|[weaken]
|-damage|p1a: Orthworm|71/100
|move|p1a: Orthworm|Coil|p1a: Orthworm
|-boost|p1a: Orthworm|atk|1
|-boost|p1a: Orthworm|def|1
|-boost|p1a: Orthworm|accuracy|1
|
|-weather|SunnyDay|[upkeep]
|upkeep
|turn|3
|
|t:|1759058119
|-terastallize|p1a: Orthworm|Fire
|move|p2a: Garchomp|Swords Dance|p2a: Garchomp
|-boost|p2a: Garchomp|atk|2
|move|p1a: Orthworm|Coil|p1a: Orthworm
|-boost|p1a: Orthworm|atk|1
|-boost|p1a: Orthworm|def|1
|-boost|p1a: Orthworm|accuracy|1
|
|-weather|SunnyDay|[upkeep]
|upkeep
|turn|4
|
|t:|1759058130
|move|p2a: Garchomp|Earthquake|p1a: Orthworm
|-heal|p1a: Orthworm|96/100|[from] ability: Earth Eater|[of] p2a: Garchomp
|move|p1a: Orthworm|Body Press|p2a: Garchomp
|-damage|p2a: Garchomp|53/100
|-damage|p1a: Orthworm|84/100|[from] ability: Rough Skin|[of] p2a: Garchomp
|
|-weather|SunnyDay|[upkeep]
|upkeep
|turn|5
|inactive|loneslopeman has 120 seconds left.
|
|t:|1759058145
|move|p2a: Garchomp|Scale Shot|p1a: Orthworm
|-damage|p1a: Orthworm|73/100
|-damage|p1a: Orthworm|62/100
|-damage|p1a: Orthworm|52/100
|-damage|p1a: Orthworm|41/100
|-hitcount|p1a: Orthworm|4
|-unboost|p2a: Garchomp|def|1
|-boost|p2a: Garchomp|spe|1
|move|p1a: Orthworm|Body Press|p2a: Garchomp
|-damage|p2a: Garchomp|0 fnt
|-damage|p1a: Orthworm|29/100|[from] ability: Rough Skin|[of] p2a: Garchomp
|faint|p2a: Garchomp
|
|-weather|SunnyDay|[upkeep]
|upkeep
|
|t:|1759058161
|switch|p2a: Pecharunt|Pecharunt|100/100
|-item|p2a: Pecharunt|Air Balloon
|turn|6
|
|t:|1759058171
|switch|p1a: Fezandipiti|Fezandipiti, M|100/100
|move|p2a: Pecharunt|Malignant Chain|p1a: Fezandipiti
|-damage|p1a: Fezandipiti|73/100
|
|-weather|SunnyDay|[upkeep]
|upkeep
|turn|7
|
|t:|1759058178
|move|p1a: Fezandipiti|Shadow Claw|p2a: Pecharunt
|-supereffective|p2a: Pecharunt
|-damage|p2a: Pecharunt|74/100
|-enditem|p2a: Pecharunt|Air Balloon
|move|p2a: Pecharunt|Parting Shot|p1a: Fezandipiti
|-unboost|p1a: Fezandipiti|atk|1
|-unboost|p1a: Fezandipiti|spa|1
|
|t:|1759058183
|switch|p2a: Tyranitar|Tyranitar, F|100/100|[from] Parting Shot
|-weather|Sandstorm|[from] ability: Sand Stream|[of] p2a: Tyranitar
|
|-weather|Sandstorm|[upkeep]
|-damage|p1a: Fezandipiti|67/100|[from] Sandstorm
|upkeep
|turn|8
|
|t:|1759058193
|switch|p1a: Alomomola|Alomomola, F|100/100
|move|p2a: Tyranitar|Stealth Rock|p1a: Alomomola
|-sidestart|p1: loneslopeman|move: Stealth Rock
|
|-weather|Sandstorm|[upkeep]
|-damage|p1a: Alomomola|94/100|[from] Sandstorm
|upkeep
|turn|9
|
|t:|1759058199
|switch|p2a: Pecharunt|Pecharunt|74/100
|move|p1a: Alomomola|Wish|p1a: Alomomola
|
|-weather|Sandstorm|[upkeep]
|-damage|p2a: Pecharunt|68/100|[from] Sandstorm
|-damage|p1a: Alomomola|88/100|[from] Sandstorm
|upkeep
|turn|10
|
|t:|1759058212
|switch|p1a: Fezandipiti|Fezandipiti, M|67/100
|-damage|p1a: Fezandipiti|55/100|[from] Stealth Rock
|move|p2a: Pecharunt|Malignant Chain|p1a: Fezandipiti
|-damage|p1a: Fezandipiti|28/100
|
|-weather|Sandstorm|[upkeep]
|-damage|p1a: Fezandipiti|22/100|[from] Sandstorm
|-damage|p2a: Pecharunt|62/100|[from] Sandstorm
|-heal|p1a: Fezandipiti|100/100|[from] move: Wish|[wisher] Alomomola
|upkeep
|turn|11
|
|t:|1759058240
|move|p1a: Fezandipiti|Shadow Claw|p2a: Pecharunt
|-supereffective|p2a: Pecharunt
|-damage|p2a: Pecharunt|33/100
|move|p2a: Pecharunt|Recover|p2a: Pecharunt
|-heal|p2a: Pecharunt|83/100
|
|-weather|Sandstorm|[upkeep]
|-damage|p1a: Fezandipiti|95/100|[from] Sandstorm
|-damage|p2a: Pecharunt|77/100|[from] Sandstorm
|upkeep
|turn|12
|
|t:|1759058246
|move|p1a: Fezandipiti|Shadow Claw|p2a: Pecharunt
|-supereffective|p2a: Pecharunt
|-damage|p2a: Pecharunt|49/100
|move|p2a: Pecharunt|Recover|p2a: Pecharunt
|-heal|p2a: Pecharunt|99/100
|
|-weather|Sandstorm|[upkeep]
|-damage|p1a: Fezandipiti|89/100|[from] Sandstorm
|-damage|p2a: Pecharunt|93/100|[from] Sandstorm
|upkeep
|turn|13
|
|t:|1759058251
|move|p1a: Fezandipiti|Shadow Claw|p2a: Pecharunt
|-supereffective|p2a: Pecharunt
|-damage|p2a: Pecharunt|68/100
|move|p2a: Pecharunt|Malignant Chain|p1a: Fezandipiti
|-damage|p1a: Fezandipiti|59/100
|
|-weather|Sandstorm|[upkeep]
|-damage|p1a: Fezandipiti|53/100|[from] Sandstorm
|-damage|p2a: Pecharunt|62/100|[from] Sandstorm
|upkeep
|turn|14
|
|t:|1759058260
|move|p1a: Fezandipiti|Shadow Claw|p2a: Pecharunt
|-supereffective|p2a: Pecharunt
|-damage|p2a: Pecharunt|33/100
|move|p2a: Pecharunt|Recover|p2a: Pecharunt
|-heal|p2a: Pecharunt|83/100
|
|-weather|none
|upkeep
|turn|15
|
|t:|1759058268
|switch|p2a: Tyranitar|Tyranitar, F|100/100
|-weather|Sandstorm|[from] ability: Sand Stream|[of] p2a: Tyranitar
|move|p1a: Fezandipiti|Shadow Claw|p2a: Tyranitar
|-resisted|p2a: Tyranitar
|-damage|p2a: Tyranitar|90/100
|
|-weather|Sandstorm|[upkeep]
|-damage|p1a: Fezandipiti|47/100|[from] Sandstorm
|upkeep
|turn|16
|
|t:|1759058276
|switch|p1a: Alomomola|Alomomola, F|100/100
|move|p2a: Tyranitar|Knock Off|p1a: Alomomola
|-damage|p1a: Alomomola|76/100
|-enditem|p1a: Alomomola|Heavy-Duty Boots|[from] move: Knock Off|[of] p2a: Tyranitar
|
|-weather|Sandstorm|[upkeep]
|-damage|p1a: Alomomola|70/100|[from] Sandstorm
|upkeep
|turn|17
|
|t:|1759058282
|move|p1a: Alomomola|Wish|p1a: Alomomola
|move|p2a: Tyranitar|Roar|p1a: Alomomola
|drag|p1a: Torkoal|Torkoal, F|100/100
|-damage|p1a: Torkoal|76/100|[from] Stealth Rock
|-weather|SunnyDay|[from] ability: Drought|[of] p1a: Torkoal
|
|-weather|SunnyDay|[upkeep]
|upkeep
|turn|18
|
|t:|1759058291
|switch|p2a: Pecharunt|Pecharunt|83/100
|switch|p1a: Fezandipiti|Fezandipiti, M|47/100
|-damage|p1a: Fezandipiti|35/100|[from] Stealth Rock
|
|-weather|SunnyDay|[upkeep]
|-heal|p1a: Fezandipiti|100/100|[from] move: Wish|[wisher] Alomomola
|upkeep
|turn|19
|
|t:|1759058303
|move|p1a: Fezandipiti|Shadow Claw|p2a: Pecharunt
|-supereffective|p2a: Pecharunt
|-damage|p2a: Pecharunt|56/100
|move|p2a: Pecharunt|Parting Shot|p1a: Fezandipiti
|-unboost|p1a: Fezandipiti|atk|1
|-unboost|p1a: Fezandipiti|spa|1
|
|t:|1759058311
|switch|p2a: Tyranitar|Tyranitar, F|90/100|[from] Parting Shot
|-weather|Sandstorm|[from] ability: Sand Stream|[of] p2a: Tyranitar
|
|-weather|Sandstorm|[upkeep]
|-damage|p1a: Fezandipiti|95/100|[from] Sandstorm
|upkeep
|turn|20
|
|t:|1759058316
|switch|p1a: Alomomola|Alomomola, F|100/100
|-damage|p1a: Alomomola|88/100|[from] Stealth Rock
|move|p2a: Tyranitar|Roar|p1a: Alomomola
|drag|p1a: Fezandipiti|Fezandipiti, M|95/100
|-damage|p1a: Fezandipiti|82/100|[from] Stealth Rock
|
|-weather|Sandstorm|[upkeep]
|-damage|p1a: Fezandipiti|76/100|[from] Sandstorm
|upkeep
|turn|21
|
|t:|1759058322
|move|p1a: Fezandipiti|Play Rough|p2a: Tyranitar
|-supereffective|p2a: Tyranitar
|-crit|p2a: Tyranitar
|-damage|p2a: Tyranitar|0 fnt
|faint|p2a: Tyranitar
|
|-weather|Sandstorm|[upkeep]
|-damage|p1a: Fezandipiti|70/100|[from] Sandstorm
|upkeep
|c|☆dark besk|Yep
|c|☆dark besk|My luck
|
|t:|1759058333
|switch|p2a: Excadrill|Excadrill, F|100/100
|turn|22
|
|t:|1759058350
|switch|p1a: Orthworm|Orthworm, M, tera:Fire|29/100
|-damage|p1a: Orthworm|4/100|[from] Stealth Rock
|move|p2a: Excadrill|Swords Dance|p2a: Excadrill
|-boost|p2a: Excadrill|atk|2
|
|-weather|Sandstorm|[upkeep]
|-damage|p1a: Orthworm|0 fnt|[from] Sandstorm
|faint|p1a: Orthworm
|upkeep
|
|t:|1759058361
|switch|p1a: Alomomola|Alomomola, F|100/100
|-damage|p1a: Alomomola|88/100|[from] Stealth Rock
|turn|23
|
|t:|1759058377
|move|p2a: Excadrill|Earthquake|p1a: Alomomola
|-damage|p1a: Alomomola|8/100
|-damage|p2a: Excadrill|91/100|[from] item: Life Orb
|move|p1a: Alomomola|Flip Turn|p2a: Excadrill
|-supereffective|p2a: Excadrill
|-damage|p2a: Excadrill|48/100
|
|t:|1759058386
|switch|p1a: Torkoal|Torkoal, F|76/100|[from] Flip Turn
|-damage|p1a: Torkoal|51/100|[from] Stealth Rock
|-weather|SunnyDay|[from] ability: Drought|[of] p1a: Torkoal
|
|-weather|SunnyDay|[upkeep]
|upkeep
|turn|24
|
|t:|1759058401
|move|p2a: Excadrill|Earthquake|p1a: Torkoal
|-supereffective|p1a: Torkoal
|-damage|p1a: Torkoal|0 fnt
|faint|p1a: Torkoal
|-damage|p2a: Excadrill|38/100|[from] item: Life Orb
|
|-weather|SunnyDay|[upkeep]
|upkeep
|
|t:|1759058406
|switch|p1a: Cinderace|Cinderace, F|100/100
|turn|25
|
|t:|1759058424
|switch|p2a: Rotom|Rotom-Wash|100/100
|move|p1a: Cinderace|Pyro Ball|p2a: Rotom
|-resisted|p2a: Rotom
|-damage|p2a: Rotom|63/100
|
|-weather|SunnyDay|[upkeep]
|-heal|p2a: Rotom|70/100|[from] item: Leftovers
|upkeep
|turn|26
|
|t:|1759058437
|move|p1a: Cinderace|Court Change|p1a: Cinderace
|-start|p1a: Cinderace|typechange|Normal|[from] ability: Libero
|-swapsideconditions
|-activate|p1a: Cinderace|move: Court Change
|move|p2a: Rotom|Pain Split|p1a: Cinderace
|-sethp|p1a: Cinderace|85/100|[from] move: Pain Split|[silent]
|-sethp|p2a: Rotom|84/100|[from] move: Pain Split
|
|-weather|SunnyDay|[upkeep]
|-heal|p2a: Rotom|91/100|[from] item: Leftovers
|upkeep
|turn|27
|inactive|loneslopeman has 120 seconds left.
|
|t:|1759058453
|move|p1a: Cinderace|U-turn|p2a: Rotom
|-damage|p2a: Rotom|71/100
|
|t:|1759058455
|switch|p1a: Raging Bolt|Raging Bolt|100/100|[from] U-turn
|-activate|p1a: Raging Bolt|ability: Protosynthesis
|-start|p1a: Raging Bolt|protosynthesisspa
|move|p2a: Rotom|Will-O-Wisp|p1a: Raging Bolt
|-status|p1a: Raging Bolt|brn
|
|-weather|SunnyDay|[upkeep]
|-heal|p2a: Rotom|77/100|[from] item: Leftovers
|-damage|p1a: Raging Bolt|94/100 brn|[from] brn
|upkeep
|turn|28
|inactive|loneslopeman has 120 seconds left.
|
|t:|1759058471
|move|p1a: Raging Bolt|Weather Ball|p2a: Rotom
|-resisted|p2a: Rotom
|-damage|p2a: Rotom|36/100
|move|p2a: Rotom|Volt Switch|p1a: Raging Bolt
|-resisted|p1a: Raging Bolt
|-damage|p1a: Raging Bolt|89/100 brn
|
|t:|1759058477
|switch|p2a: Excadrill|Excadrill, F|38/100|[from] Volt Switch
|-damage|p2a: Excadrill|35/100|[from] Stealth Rock
|
|-weather|SunnyDay|[upkeep]
|-damage|p1a: Raging Bolt|83/100 brn|[from] brn
|upkeep
|turn|29
|
|t:|1759058487
|-end|p1a: Raging Bolt|Protosynthesis|[silent]
|switch|p1a: Alomomola|Alomomola, F|42/100
|move|p2a: Excadrill|Rapid Spin|p1a: Alomomola
|-damage|p1a: Alomomola|29/100
|-boost|p2a: Excadrill|spe|1
|-sideend|p2: dark besk|Stealth Rock|[from] move: Rapid Spin|[of] p2a: Excadrill
|-damage|p2a: Excadrill|25/100|[from] item: Life Orb
|
|-weather|SunnyDay|[upkeep]
|upkeep
|turn|30
|
|t:|1759058494
|move|p2a: Excadrill|Earthquake|p1a: Alomomola
|-damage|p1a: Alomomola|0 fnt
|faint|p1a: Alomomola
|-damage|p2a: Excadrill|15/100|[from] item: Life Orb
|
|-weather|none
|upkeep
|
|t:|1759058503
|switch|p1a: Fezandipiti|Fezandipiti, M|70/100
|turn|31
|
|t:|1759058510
|move|p2a: Excadrill|Earthquake|p1a: Fezandipiti
|-supereffective|p1a: Fezandipiti
|-damage|p1a: Fezandipiti|0 fnt
|faint|p1a: Fezandipiti
|-damage|p2a: Excadrill|5/100|[from] item: Life Orb
|
|upkeep
|inactive|loneslopeman has 120 seconds left.
|-message|loneslopeman forfeited.
|
|win|dark besk
|raw|loneslopeman's rating: 1266 &rarr; <strong>1243</strong><br />(-23 for losing)
|raw|dark besk's rating: 1287 &rarr; <strong>1310</strong><br />(+23 for winning)
|l|☆loneslopeman
|player|p1|
|l|☆dark besk
|player|p2|
