|j|☆iRainbo_ots
|j|☆nice kanto teen
|t:|1758964513
|gametype|singles
|player|p1|iRainbo_ots|iris|1058
|player|p2|nice kanto teen|266|1058
|gen|9
|tier|[Gen 9] OU
|rated|
|rule|HP Percentage Mod: HP is shown in percentages
|rule|Endless Battle Clause: Forcing endless battles is banned
|rule|Species Clause: Limit one of each Pokémon
|rule|OHKO Clause: OHKO moves are banned
|rule|Evasion Items Clause: Evasion items are banned
|rule|Evasion Moves Clause: Evasion moves are banned
|rule|Evasion Abilities Clause: Evasion abilities are banned
|rule|Sleep Moves Clause: Sleep-inducing moves are banned
|clearpoke
|poke|p1|Polteageist-Antique|
|poke|p1|Iron Valiant|
|poke|p1|Great Tusk|
|poke|p1|Grimmsnarl, M|
|poke|p1|Kommo-o, F|
|poke|p1|Blissey, F|
|poke|p2|Gengar, M|
|poke|p2|Lurantis, F|
|poke|p2|Blaziken, M|
|poke|p2|Lanturn, M|
|poke|p2|Sandslash, M|
|poke|p2|Corviknight, M|
|teampreview
|
|t:|1758964521
|teamsize|p1|6
|teamsize|p2|6
|start
|switch|p1a: Queen Elizabeth|Polteageist-Antique, shiny|100/100
|switch|p2a: Kent|Blaziken, M|100/100
|turn|1
|
|t:|1758964529
|move|p1a: Queen Elizabeth|Shell Smash|p1a: Queen Elizabeth
|-unboost|p1a: Queen Elizabeth|def|1
|-unboost|p1a: Queen Elizabeth|spd|1
|-boost|p1a: Queen Elizabeth|atk|2
|-boost|p1a: Queen Elizabeth|spa|2
|-boost|p1a: Queen Elizabeth|spe|2
|-enditem|p1a: Queen Elizabeth|White Herb
|-clearnegativeboost|p1a: Queen Elizabeth|[silent]
|move|p2a: Kent|Blaze Kick|p1a: Queen Elizabeth
|-damage|p1a: Queen Elizabeth|19/100
|-ability|p1a: Queen Elizabeth|Weak Armor|boost
|-unboost|p1a: Queen Elizabeth|def|1
|-boost|p1a: Queen Elizabeth|spe|2
|
|-ability|p2a: Kent|Speed Boost|boost
|-boost|p2a: Kent|spe|1
|upkeep
|turn|2
|
|t:|1758964542
|move|p1a: Queen Elizabeth|Stored Power|p2a: Kent
|-supereffective|p2a: Kent
|-damage|p2a: Kent|0 fnt
|faint|p2a: Kent
|
|upkeep
|
|t:|1758964550
|switch|p2a: Jockey|Corviknight, M|100/100
|turn|3
|
|t:|1758964554
|move|p1a: Queen Elizabeth|Stored Power|p2a: Jockey
|-resisted|p2a: Jockey
|-damage|p2a: Jockey|34/100
|move|p2a: Jockey|Iron Head|p1a: Queen Elizabeth
|-damage|p1a: Queen Elizabeth|0 fnt
|faint|p1a: Queen Elizabeth
|
|upkeep
|
|t:|1758964573
|switch|p1a: King Charles|Great Tusk|100/100
|turn|4
|
|t:|1758964577
|move|p1a: King Charles|Ice Spinner|p2a: Jockey
|-damage|p2a: Jockey|12/100
|-enditem|p2a: Jockey|Aguav Berry|[eat]
|-heal|p2a: Jockey|46/100|[from] item: Aguav Berry
|move|p2a: Jockey|Fly||[still]
|-prepare|p2a: Jockey|Fly
|
|upkeep
|turn|5
|
|t:|1758964592
|-terastallize|p1a: King Charles|Flying
|move|p1a: King Charles|Ice Spinner|p2a: Jockey|[miss]
|-miss|p1a: King Charles|p2a: Jockey
|move|p2a: Jockey|Fly|p1a: King Charles|[from] lockedmove
|-damage|p1a: King Charles|73/100
|
|-heal|p1a: King Charles|79/100|[from] item: Leftovers
|upkeep
|turn|6
|
|t:|1758964604
|move|p1a: King Charles|Ice Spinner|p2a: Jockey
|-damage|p2a: Jockey|22/100
|move|p2a: Jockey|Iron Head|p1a: King Charles
|-damage|p1a: King Charles|54/100
|
|-heal|p1a: King Charles|60/100|[from] item: Leftovers
|upkeep
|turn|7
|
|t:|1758964611
|move|p1a: King Charles|Knock Off|p2a: Jockey
|-damage|p2a: Jockey|3/100
|move|p2a: Jockey|Iron Head|p1a: King Charles
|-damage|p1a: King Charles|35/100
|
|-heal|p1a: King Charles|41/100|[from] item: Leftovers
|upkeep
|turn|8
|
|t:|1758964618
|move|p1a: King Charles|Ice Spinner|p2a: Jockey
|-damage|p2a: Jockey|0 fnt
|faint|p2a: Jockey
|
|-heal|p1a: King Charles|47/100|[from] item: Leftovers
|upkeep
|
|t:|1758964627
|switch|p2a: David|Gengar, M|100/100
|turn|9
|
|t:|1758964633
|move|p2a: David|Icy Wind|p1a: King Charles
|-supereffective|p1a: King Charles
|-crit|p1a: King Charles
|-damage|p1a: King Charles|0 fnt
|faint|p1a: King Charles
|-end|p1a: King Charles|Protosynthesis|[silent]
|
|upkeep
|
|t:|1758964638
|switch|p1a: General Arthur|Kommo-o, F, shiny|100/100
|turn|10
|
|t:|1758964642
|move|p2a: David|Dazzling Gleam|p1a: General Arthur
|-supereffective|p1a: General Arthur
|-damage|p1a: General Arthur|0 fnt
|faint|p1a: General Arthur
|
|upkeep
|
|t:|1758964650
|switch|p1a: Sir Lancelot|Grimmsnarl, M, shiny|100/100
|turn|11
|
|t:|1758964656
|move|p1a: Sir Lancelot|Parting Shot|p2a: David
|-unboost|p2a: David|atk|1
|-unboost|p2a: David|spa|1
|
|t:|1758964659
|switch|p1a: Princess Diana|Iron Valiant, shiny|100/100|[from] Parting Shot
|move|p2a: David|Sludge Wave|p1a: Princess Diana
|-supereffective|p1a: Princess Diana
|-damage|p1a: Princess Diana|0 fnt
|faint|p1a: Princess Diana
|-end|p1a: Princess Diana|Quark Drive|[silent]
|
|upkeep
|
|t:|1758964666
|switch|p1a: Lady Diana|Blissey, F|100/100
|turn|12
|
|t:|1758964675
|switch|p2a: Cell|Lanturn, M|100/100
|move|p1a: Lady Diana|Protect||[still]
|-fail|p1a: Lady Diana
|
|upkeep
|turn|13
|
|t:|1758964682
|move|p2a: Cell|Thunder Wave|p1a: Lady Diana
|-status|p1a: Lady Diana|par
|move|p1a: Lady Diana|Seismic Toss|p2a: Cell
|-damage|p2a: Cell|78/100
|-damage|p1a: Lady Diana|84/100 par|[from] item: Rocky Helmet|[of] p2a: Cell
|
|-heal|p1a: Lady Diana|90/100 par|[from] item: Leftovers
|upkeep
|turn|14
|-message|iRainbo_ots forfeited.
|
|win|nice kanto teen
|raw|iRainbo_ots's rating: 1058 &rarr; <strong>1039</strong><br />(-19 for losing)
|raw|nice kanto teen's rating: 1058 &rarr; <strong>1089</strong><br />(+31 for winning)
|l|☆iRainbo_ots
|player|p1|
|l|☆nice kanto teen
|player|p2|
