|j|☆aqlek
|j|☆tacoman007
|t:|1759043327
|gametype|singles
|player|p1|aqlek|266|1187
|player|p2|tacoman007|hiker|1246
|gen|9
|tier|[Gen 9] OU
|rated|
|rule|HP Percentage Mod: HP is shown in percentages
|rule|Endless Battle Clause: Forcing endless battles is banned
|rule|Species Clause: Limit one of each Pokémon
|rule|OHKO Clause: OHKO moves are banned
|rule|Evasion Items Clause: Evasion items are banned
|rule|Evasion Moves Clause: Evasion moves are banned
|rule|Evasion Abilities Clause: Evasion abilities are banned
|rule|Sleep Moves Clause: Sleep-inducing moves are banned
|clearpoke
|poke|p1|Moltres|
|poke|p1|Pelipper, M|
|poke|p1|Manaphy|
|poke|p1|Kilowattrel, M|
|poke|p1|Barraskewda, F|
|poke|p1|Goodra-Hisui, F|
|poke|p2|Kleavor, F|
|poke|p2|Samurott-Hisui, F|
|poke|p2|Dondozo, M|
|poke|p2|Kingambit, M|
|poke|p2|Hatterene, F|
|poke|p2|Ceruledge, F|
|teampreview
|inactive|Battle timer is ON: inactive players will automatically lose when time's up. (requested by tacoman007)
|
|t:|1759043344
|teamsize|p1|6
|teamsize|p2|6
|start
|switch|p1a: Manaphy|Manaphy|100/100
|switch|p2a: Samurott|Samurott-Hisui, F|100/100
|turn|1
|
|t:|1759043350
|move|p2a: Samurott|Ceaseless Edge|p1a: Manaphy
|-damage|p1a: Manaphy|58/100
|-sidestart|p1: aqlek|Spikes
|move|p1a: Manaphy|Tail Glow|p1a: Manaphy
|-boost|p1a: Manaphy|spa|3
|
|-heal|p1a: Manaphy|64/100|[from] item: Leftovers
|upkeep
|turn|2
|
|t:|1759043359
|move|p2a: Samurott|Ceaseless Edge|p1a: Manaphy
|-damage|p1a: Manaphy|22/100
|-sidestart|p1: aqlek|Spikes
|move|p1a: Manaphy|Surf|p2a: Samurott
|-resisted|p2a: Samurott
|-damage|p2a: Samurott|24/100
|
|-heal|p1a: Manaphy|28/100|[from] item: Leftovers
|upkeep
|turn|3
|
|t:|1759043368
|move|p2a: Samurott|Ceaseless Edge|p1a: Manaphy
|-damage|p1a: Manaphy|0 fnt
|-sidestart|p1: aqlek|Spikes
|faint|p1a: Manaphy
|
|upkeep
|
|t:|1759043372
|switch|p1a: Pelipper|Pelipper, M|100/100
|-weather|RainDance|[from] ability: Drizzle|[of] p1a: Pelipper
|turn|4
|
|t:|1759043379
|move|p2a: Samurott|Ceaseless Edge|p1a: Pelipper|[miss]
|-miss|p2a: Samurott|p1a: Pelipper
|move|p1a: Pelipper|U-turn|p2a: Samurott
|-supereffective|p2a: Samurott
|-damage|p2a: Samurott|0 fnt
|faint|p2a: Samurott
|
|t:|1759043395
|switch|p1a: Moltres|Moltres|100/100|[from] U-turn
|
|-weather|RainDance|[upkeep]
|upkeep
|
|t:|1759043407
|switch|p2a: Dondozo|Dondozo, M|100/100
|turn|5
|
|t:|1759043410
|move|p1a: Moltres|Hurricane|p2a: Dondozo
|-damage|p2a: Dondozo|46/100
|move|p2a: Dondozo|Waterfall|p1a: Moltres
|-supereffective|p1a: Moltres
|-damage|p1a: Moltres|7/100
|
|-weather|RainDance|[upkeep]
|-heal|p2a: Dondozo|52/100|[from] item: Leftovers
|upkeep
|turn|6
|
|t:|1759043417
|move|p1a: Moltres|Hurricane|p2a: Dondozo
|-crit|p2a: Dondozo
|-damage|p2a: Dondozo|0 fnt
|faint|p2a: Dondozo
|
|-weather|RainDance|[upkeep]
|upkeep
|
|t:|1759043423
|switch|p2a: Kleavor|Kleavor, F|100/100
|turn|7
|
|t:|1759043426
|move|p2a: Kleavor|Stone Axe|p1a: Moltres
|-supereffective|p1a: Moltres
|-damage|p1a: Moltres|0 fnt
|-status|p2a: Kleavor|brn|[from] ability: Flame Body|[of] p1a: Moltres
|-sidestart|p1: aqlek|move: Stealth Rock
|faint|p1a: Moltres
|
|-weather|RainDance|[upkeep]
|-damage|p2a: Kleavor|94/100 brn|[from] brn
|upkeep
|
|t:|1759043439
|switch|p1a: Barraskewda|Barraskewda, F|100/100
|-damage|p1a: Barraskewda|76/100|[from] Spikes
|-damage|p1a: Barraskewda|64/100|[from] Stealth Rock
|turn|8
|
|t:|1759043447
|move|p1a: Barraskewda|Liquidation|p2a: Kleavor
|-supereffective|p2a: Kleavor
|-damage|p2a: Kleavor|0 fnt
|faint|p2a: Kleavor
|
|-weather|RainDance|[upkeep]
|upkeep
|
|t:|1759043450
|switch|p2a: Ceruledge|Ceruledge, F|100/100
|turn|9
|
|t:|1759043475
|move|p1a: Barraskewda|Liquidation|p2a: Ceruledge
|-supereffective|p2a: Ceruledge
|-enditem|p2a: Ceruledge|Focus Sash
|-damage|p2a: Ceruledge|1/100
|-ability|p2a: Ceruledge|Weak Armor|boost
|-unboost|p2a: Ceruledge|def|1
|-boost|p2a: Ceruledge|spe|2
|move|p2a: Ceruledge|Swords Dance|p2a: Ceruledge
|-boost|p2a: Ceruledge|atk|2
|
|-weather|RainDance|[upkeep]
|upkeep
|turn|10
|
|t:|1759043498
|switch|p1a: Kilowattrel|Kilowattrel, M|100/100
|-damage|p1a: Kilowattrel|76/100|[from] Stealth Rock
|move|p2a: Ceruledge|Shadow Sneak|p1a: Kilowattrel
|-damage|p1a: Kilowattrel|0 fnt
|faint|p1a: Kilowattrel
|
|-weather|RainDance|[upkeep]
|upkeep
|
|t:|1759043502
|switch|p1a: Barraskewda|Barraskewda, F|64/100
|-damage|p1a: Barraskewda|39/100|[from] Spikes
|-damage|p1a: Barraskewda|27/100|[from] Stealth Rock
|turn|11
|
|t:|1759043514
|move|p1a: Barraskewda|Aqua Jet|p2a: Ceruledge
|-supereffective|p2a: Ceruledge
|-damage|p2a: Ceruledge|0 fnt
|faint|p2a: Ceruledge
|
|-weather|none
|upkeep
|
|t:|1759043519
|switch|p2a: Hatterene|Hatterene, F|100/100
|turn|12
|
|t:|1759043539
|switch|p1a: Goodra|Goodra-Hisui, F|100/100
|-damage|p1a: Goodra|75/100|[from] Spikes
|-damage|p1a: Goodra|69/100|[from] Stealth Rock
|move|p2a: Hatterene|Nuzzle|p1a: Goodra
|-resisted|p1a: Goodra
|-damage|p1a: Goodra|66/100
|-status|p1a: Goodra|par
|
|-heal|p1a: Goodra|72/100 par|[from] item: Leftovers
|upkeep
|turn|13
|
|t:|1759043552
|-terastallize|p2a: Hatterene|Electric
|move|p2a: Hatterene|Swords Dance|p2a: Hatterene
|-boost|p2a: Hatterene|atk|2
|move|p1a: Goodra|Acid Spray|p2a: Hatterene
|-damage|p2a: Hatterene|87/100
|-unboost|p2a: Hatterene|spd|2
|
|-heal|p2a: Hatterene|93/100|[from] item: Leftovers
|-heal|p1a: Goodra|79/100 par|[from] item: Leftovers
|upkeep
|turn|14
|inactive|tacoman007 has 120 seconds left.
|
|t:|1759043585
|move|p2a: Hatterene|Swords Dance|p2a: Hatterene
|-boost|p2a: Hatterene|atk|2
|move|p1a: Goodra|Acid Armor|p1a: Goodra
|-boost|p1a: Goodra|def|2
|
|-heal|p2a: Hatterene|99/100|[from] item: Leftovers
|-heal|p1a: Goodra|85/100 par|[from] item: Leftovers
|upkeep
|turn|15
|
|t:|1759043588
|move|p2a: Hatterene|Psycho Cut|p1a: Goodra
|-resisted|p1a: Goodra
|-damage|p1a: Goodra|65/100 par
|move|p1a: Goodra|Acid Armor|p1a: Goodra
|-boost|p1a: Goodra|def|2
|
|-heal|p2a: Hatterene|100/100|[from] item: Leftovers
|-heal|p1a: Goodra|71/100 par|[from] item: Leftovers
|upkeep
|turn|16
|
|t:|1759043595
|move|p2a: Hatterene|Psycho Cut|p1a: Goodra
|-resisted|p1a: Goodra
|-crit|p1a: Goodra
|-damage|p1a: Goodra|12/100 par
|move|p1a: Goodra|Acid Armor|p1a: Goodra
|-boost|p1a: Goodra|def|2
|
|-heal|p1a: Goodra|18/100 par|[from] item: Leftovers
|upkeep
|turn|17
|
|t:|1759043602
|move|p2a: Hatterene|Psycho Cut|p1a: Goodra
|-resisted|p1a: Goodra
|-damage|p1a: Goodra|7/100 par
|move|p1a: Goodra|Body Press|p2a: Hatterene
|-damage|p2a: Hatterene|13/100
|
|-heal|p2a: Hatterene|20/100|[from] item: Leftovers
|-heal|p1a: Goodra|13/100 par|[from] item: Leftovers
|upkeep
|turn|18
|
|t:|1759043616
|move|p2a: Hatterene|Psycho Cut|p1a: Goodra
|-resisted|p1a: Goodra
|-damage|p1a: Goodra|4/100 par
|cant|p1a: Goodra|par
|
|-heal|p2a: Hatterene|26/100|[from] item: Leftovers
|-heal|p1a: Goodra|10/100 par|[from] item: Leftovers
|upkeep
|turn|19
|
|t:|1759043621
|move|p2a: Hatterene|Psycho Cut|p1a: Goodra
|-resisted|p1a: Goodra
|-damage|p1a: Goodra|0 fnt
|faint|p1a: Goodra
|
|-heal|p2a: Hatterene|32/100|[from] item: Leftovers
|upkeep
|
|t:|1759043624
|switch|p1a: Pelipper|Pelipper, M|100/100
|-damage|p1a: Pelipper|76/100|[from] Stealth Rock
|-weather|RainDance|[from] ability: Drizzle|[of] p1a: Pelipper
|turn|20
|
|t:|1759043630
|move|p1a: Pelipper|Weather Ball|p2a: Hatterene
|-damage|p2a: Hatterene|0 fnt
|faint|p2a: Hatterene
|
|-weather|RainDance|[upkeep]
|upkeep
|
|t:|1759043633
|switch|p2a: Kingambit|Kingambit, M|100/100
|-activate|p2a: Kingambit|ability: Supreme Overlord
|-start|p2a: Kingambit|fallen5|[silent]
|turn|21
|
|t:|1759043644
|-terastallize|p1a: Pelipper|Water
|move|p2a: Kingambit|Sucker Punch|p1a: Pelipper
|-damage|p1a: Pelipper|31/100
|move|p1a: Pelipper|Weather Ball|p2a: Kingambit
|-damage|p2a: Kingambit|20/100
|
|-weather|RainDance|[upkeep]
|-heal|p2a: Kingambit|26/100|[from] item: Leftovers
|upkeep
|turn|22
|-message|tacoman007 forfeited.
|
|win|aqlek
|raw|aqlek's rating: 1187 &rarr; <strong>1216</strong><br />(+29 for winning)
|raw|tacoman007's rating: 1246 &rarr; <strong>1217</strong><br />(-29 for losing)
|l|☆tacoman007
|player|p2|
|l|☆aqlek
|player|p1|
