|j|☆diegoluquechaves
|j|☆Pig Perfect
|t:|1758978007
|gametype|singles
|player|p1|diegoluquechaves|266|1479
|player|p2|Pig Perfect|workerice|1461
|gen|9
|tier|[Gen 9] OU
|rated|
|rule|HP Percentage Mod: HP is shown in percentages
|rule|Endless Battle Clause: Forcing endless battles is banned
|rule|Species Clause: Limit one of each Pokémon
|rule|OHKO Clause: OHKO moves are banned
|rule|Evasion Items Clause: Evasion items are banned
|rule|Evasion Moves Clause: Evasion moves are banned
|rule|Evasion Abilities Clause: Evasion abilities are banned
|rule|Sleep Moves Clause: Sleep-inducing moves are banned
|clearpoke
|poke|p1|Typhlosion-Hisui, F|
|poke|p1|Corviknight, F|
|poke|p1|Glimmora, F|
|poke|p1|Great Tusk|
|poke|p1|Araquanid, M|
|poke|p1|Thundurus, M|
|poke|p2|Alomomola, M|
|poke|p2|Garchomp, M|
|poke|p2|Glimmora, M|
|poke|p2|Hatterene, F|
|poke|p2|Magnezone|
|poke|p2|Rillaboom, M|
|teampreview
|inactive|Battle timer is ON: inactive players will automatically lose when time's up. (requested by diegoluquechaves)
|
|t:|1758978059
|teamsize|p1|6
|teamsize|p2|6
|start
|switch|p1a: Great Tusk|Great Tusk|100/100
|switch|p2a: Garchomp|Garchomp, M|100/100
|-enditem|p1a: Great Tusk|Booster Energy
|-activate|p1a: Great Tusk|ability: Protosynthesis|[fromitem]
|-start|p1a: Great Tusk|protosynthesisatk
|turn|1
|
|t:|1758978068
|-terastallize|p2a: Garchomp|Ghost
|move|p2a: Garchomp|Scorching Sands|p1a: Great Tusk
|-damage|p1a: Great Tusk|71/100
|move|p1a: Great Tusk|Ice Spinner|p2a: Garchomp
|-damage|p2a: Garchomp|72/100
|-damage|p1a: Great Tusk|58/100|[from] ability: Rough Skin|[of] p2a: Garchomp
|-damage|p1a: Great Tusk|42/100|[from] item: Rocky Helmet|[of] p2a: Garchomp
|
|upkeep
|turn|2
|
|t:|1758978090
|move|p2a: Garchomp|Spikes|p1a: Great Tusk
|-sidestart|p1: diegoluquechaves|Spikes
|move|p1a: Great Tusk|Stealth Rock|p2a: Garchomp
|-sidestart|p2: Pig Perfect|move: Stealth Rock
|
|upkeep
|turn|3
|
|t:|1758978097
|-end|p1a: Great Tusk|Protosynthesis|[silent]
|switch|p1a: Typhlosion|Typhlosion-Hisui, F|100/100
|-damage|p1a: Typhlosion|88/100|[from] Spikes
|-item|p2a: Garchomp|Rocky Helmet|[from] ability: Frisk|[of] p1a: Typhlosion
|move|p2a: Garchomp|Dragon Tail|p1a: Typhlosion
|-damage|p1a: Typhlosion|52/100
|drag|p1a: Great Tusk|Great Tusk|42/100
|-damage|p1a: Great Tusk|29/100|[from] Spikes
|
|upkeep
|turn|4
|
|t:|1758978115
|-end|p1a: Great Tusk|Protosynthesis|[silent]
|switch|p1a: Corviknight|Corviknight, F|100/100
|move|p2a: Garchomp|Earthquake|p1a: Corviknight
|-immune|p1a: Corviknight
|
|upkeep
|turn|5
|
|t:|1758978122
|switch|p2a: Magnezone|Magnezone|100/100
|-damage|p2a: Magnezone|94/100|[from] Stealth Rock
|move|p1a: Corviknight|U-turn|p2a: Magnezone
|-resisted|p2a: Magnezone
|-damage|p2a: Magnezone|86/100
|
|t:|1758978131
|switch|p1a: Great Tusk|Great Tusk|29/100|[from] U-turn
|-damage|p1a: Great Tusk|17/100|[from] Spikes
|
|upkeep
|turn|6
|
|t:|1758978137
|switch|p2a: Garchomp|Garchomp, M, tera:Ghost|72/100
|-damage|p2a: Garchomp|60/100|[from] Stealth Rock
|move|p1a: Great Tusk|Headlong Rush|p2a: Garchomp
|-damage|p2a: Garchomp|11/100
|-unboost|p1a: Great Tusk|def|1
|-unboost|p1a: Great Tusk|spd|1
|-damage|p1a: Great Tusk|5/100|[from] ability: Rough Skin|[of] p2a: Garchomp
|-damage|p1a: Great Tusk|0 fnt|[from] item: Rocky Helmet|[of] p2a: Garchomp
|faint|p1a: Great Tusk
|-end|p1a: Great Tusk|Protosynthesis|[silent]
|
|upkeep
|
|t:|1758978156
|switch|p1a: Typhlosion|Typhlosion-Hisui, F|52/100
|-damage|p1a: Typhlosion|40/100|[from] Spikes
|-item|p2a: Garchomp|Rocky Helmet|[from] ability: Frisk|[of] p1a: Typhlosion
|turn|7
|
|t:|1758978166
|switch|p2a: Alomomola|Alomomola, M|100/100
|move|p1a: Typhlosion|Infernal Parade|p2a: Alomomola
|-damage|p2a: Alomomola|75/100
|
|upkeep
|turn|8
|
|t:|1758978178
|switch|p1a: Araquanid|Araquanid, M|100/100
|-damage|p1a: Araquanid|88/100|[from] Spikes
|move|p2a: Alomomola|Wish|p2a: Alomomola
|
|-heal|p1a: Araquanid|94/100|[from] item: Leftovers
|upkeep
|turn|9
|
|t:|1758978200
|move|p2a: Alomomola|Flip Turn|p1a: Araquanid
|-resisted|p1a: Araquanid
|-damage|p1a: Araquanid|85/100
|
|t:|1758978212
|switch|p2a: Magnezone|Magnezone|86/100|[from] Flip Turn
|-damage|p2a: Magnezone|80/100|[from] Stealth Rock
|move|p1a: Araquanid|Liquidation|p2a: Magnezone
|-damage|p2a: Magnezone|35/100
|
|-heal|p2a: Magnezone|100/100|[from] move: Wish|[wisher] Alomomola
|-heal|p1a: Araquanid|91/100|[from] item: Leftovers
|upkeep
|turn|10
|
|t:|1758978224
|move|p2a: Magnezone|Thunderbolt|p1a: Araquanid
|-supereffective|p1a: Araquanid
|-damage|p1a: Araquanid|0 fnt
|faint|p1a: Araquanid
|
|upkeep
|
|t:|1758978231
|switch|p1a: Typhlosion|Typhlosion-Hisui, F|40/100
|-damage|p1a: Typhlosion|27/100|[from] Spikes
|-item|p2a: Magnezone|Choice Specs|[from] ability: Frisk|[of] p1a: Typhlosion
|turn|11
|
|t:|1758978240
|switch|p2a: Hatterene|Hatterene, F|100/100
|-damage|p2a: Hatterene|88/100|[from] Stealth Rock
|move|p1a: Typhlosion|Infernal Parade|p2a: Hatterene
|-supereffective|p2a: Hatterene
|-damage|p2a: Hatterene|52/100
|
|upkeep
|turn|12
|
|t:|1758978253
|move|p1a: Typhlosion|Infernal Parade|p2a: Hatterene
|-supereffective|p2a: Hatterene
|-damage|p2a: Hatterene|14/100
|move|p2a: Hatterene|Psyshock|p1a: Typhlosion
|-damage|p1a: Typhlosion|0 fnt
|faint|p1a: Typhlosion
|
|upkeep
|
|t:|1758978271
|switch|p1a: Glimmora|Glimmora, F|100/100
|-damage|p1a: Glimmora|88/100|[from] Spikes
|turn|13
|
|t:|1758978290
|switch|p2a: Garchomp|Garchomp, M, tera:Ghost|11/100
|-damage|p2a: Garchomp|0 fnt|[from] Stealth Rock
|faint|p2a: Garchomp
|move|p1a: Glimmora|Meteor Beam||[still]
|-prepare|p1a: Glimmora|Meteor Beam
|-boost|p1a: Glimmora|spa|1
|-enditem|p1a: Glimmora|Power Herb
|-anim|p1a: Glimmora|Meteor Beam|p2: Garchomp|[notarget]
|-fail|p1a: Glimmora
|
|upkeep
|
|t:|1758978297
|switch|p2a: Rillaboom|Rillaboom, M|100/100
|-damage|p2a: Rillaboom|88/100|[from] Stealth Rock
|-fieldstart|move: Grassy Terrain|[from] ability: Grassy Surge|[of] p2a: Rillaboom
|turn|14
|
|t:|1758978304
|move|p2a: Rillaboom|Grassy Glide|p1a: Glimmora
|-damage|p1a: Glimmora|20/100
|-activate|p1a: Glimmora|ability: Toxic Debris
|-sidestart|p2: Pig Perfect|move: Toxic Spikes
|move|p1a: Glimmora|Sludge Wave|p2a: Rillaboom
|-supereffective|p2a: Rillaboom
|-damage|p2a: Rillaboom|0 fnt
|faint|p2a: Rillaboom
|
|-heal|p1a: Glimmora|26/100|[from] Grassy Terrain
|upkeep
|
|t:|1758978317
|switch|p2a: Alomomola|Alomomola, M|100/100
|turn|15
|
|t:|1758978323
|-terastallize|p1a: Glimmora|Grass
|move|p2a: Alomomola|Protect|p2a: Alomomola
|-singleturn|p2a: Alomomola|Protect
|move|p1a: Glimmora|Energy Ball|p2a: Alomomola
|-activate|p2a: Alomomola|move: Protect
|
|-heal|p1a: Glimmora|32/100|[from] Grassy Terrain
|upkeep
|turn|16
|
|t:|1758978335
|switch|p2a: Hatterene|Hatterene, F|14/100
|-damage|p2a: Hatterene|2/100|[from] Stealth Rock
|-status|p2a: Hatterene|psn
|move|p1a: Glimmora|Energy Ball|p2a: Hatterene
|-crit|p2a: Hatterene
|-damage|p2a: Hatterene|0 fnt
|faint|p2a: Hatterene
|
|-heal|p1a: Glimmora|38/100|[from] Grassy Terrain
|upkeep
|
|t:|1758978341
|switch|p2a: Glimmora|Glimmora, M|100/100
|-damage|p2a: Glimmora|88/100|[from] Stealth Rock
|-sideend|p2: Pig Perfect|move: Toxic Spikes|[of] p2a: Glimmora
|turn|17
|
|t:|1758978353
|move|p2a: Glimmora|Power Gem|p1a: Glimmora
|-damage|p1a: Glimmora|0 fnt
|faint|p1a: Glimmora
|
|-heal|p2a: Glimmora|94/100|[from] Grassy Terrain
|upkeep
|
|t:|1758978361
|switch|p1a: Thundurus|Thundurus, M|100/100
|turn|18
|
|t:|1758978378
|move|p1a: Thundurus|U-turn|p2a: Glimmora
|-resisted|p2a: Glimmora
|-damage|p2a: Glimmora|79/100
|-activate|p2a: Glimmora|ability: Toxic Debris
|-sidestart|p1: diegoluquechaves|move: Toxic Spikes
|
|t:|1758978383
|switch|p1a: Corviknight|Corviknight, F|100/100|[from] U-turn
|move|p2a: Glimmora|Power Gem|p1a: Corviknight
|-damage|p1a: Corviknight|59/100
|
|-heal|p2a: Glimmora|85/100|[from] Grassy Terrain
|-fieldend|move: Grassy Terrain
|upkeep
|turn|19
|
|t:|1758978393
|move|p2a: Glimmora|Power Gem|p1a: Corviknight
|-damage|p1a: Corviknight|17/100
|move|p1a: Corviknight|U-turn|p2a: Glimmora
|-resisted|p2a: Glimmora
|-damage|p2a: Glimmora|77/100
|-activate|p2a: Glimmora|ability: Toxic Debris
|-sidestart|p1: diegoluquechaves|move: Toxic Spikes
|
|t:|1758978400
|switch|p1a: Thundurus|Thundurus, M|100/100|[from] U-turn
|
|upkeep
|turn|20
|
|t:|1758978407
|move|p1a: Thundurus|Supercell Slam|p2a: Glimmora
|-damage|p2a: Glimmora|13/100
|move|p2a: Glimmora|Power Gem|p1a: Thundurus
|-supereffective|p1a: Thundurus
|-damage|p1a: Thundurus|0 fnt
|faint|p1a: Thundurus
|
|upkeep
|
|t:|1758978416
|switch|p1a: Corviknight|Corviknight, F|17/100
|turn|21
|
|t:|1758978422
|move|p2a: Glimmora|Power Gem|p1a: Corviknight
|-damage|p1a: Corviknight|0 fnt
|faint|p1a: Corviknight
|
|win|Pig Perfect
|raw|diegoluquechaves's rating: 1479 &rarr; <strong>1458</strong><br />(-21 for losing)
|raw|Pig Perfect's rating: 1461 &rarr; <strong>1482</strong><br />(+21 for winning)
|c|☆Pig Perfect|gg
|l|☆Pig Perfect
|player|p2|
|l|☆diegoluquechaves
|player|p1|
