|badge|p1|silver|gen9ou|30-6
|badge|p1|bronze|gen9randombattle|100-6
|html|<div class="broadcast-red"><strong>This battle is required to be public due to one or more player having a season medal.</strong><br />During the public phase, you can discuss the state of the ladder <a href="/seasondiscussion">in a special chatroom.</a></div>
|uhtml|medal-msg|<div class="broadcast-blue">Curious what those medals under the avatar are? PS now has Ladder Seasons! For more information, check out the <a href="https://www.smogon.com/forums/threads/3740067/">thread on Smogon.</a></div>
|badge|p2|bronze|gen9ou|100-6
|uhtml|medal-msg|<div class="broadcast-blue">Curious what those medals under the avatar are? PS now has Ladder Seasons! For more information, check out the <a href="https://www.smogon.com/forums/threads/3740067/">thread on Smogon.</a></div>
|raw|<div class="broadcast-blue"><strong>This battle is required to be public due to a player having a name starting with 'medal'.</div>
|j|☆Ctannn
|j|☆lvBreakfast
|t:|1758952222
|gametype|singles
|player|p1|Ctannn|101|1959
|player|p2|lvBreakfast|psychic-gen4|1875
|gen|9
|tier|[Gen 9] OU
|rated|
|rule|HP Percentage Mod: HP is shown in percentages
|rule|Endless Battle Clause: Forcing endless battles is banned
|rule|Species Clause: Limit one of each Pokémon
|rule|OHKO Clause: OHKO moves are banned
|rule|Evasion Items Clause: Evasion items are banned
|rule|Evasion Moves Clause: Evasion moves are banned
|rule|Evasion Abilities Clause: Evasion abilities are banned
|rule|Sleep Moves Clause: Sleep-inducing moves are banned
|clearpoke
|poke|p1|Rillaboom, F|
|poke|p1|Garganacl, F|
|poke|p1|Cinderace, M|
|poke|p1|Raging Bolt|
|poke|p1|Slowking-Galar, M|
|poke|p1|Landorus-Therian, M|
|poke|p2|Zapdos|
|poke|p2|Sinistcha|
|poke|p2|Weavile, F|
|poke|p2|Keldeo|
|poke|p2|Goodra-Hisui, F|
|poke|p2|Ting-Lu|
|teampreview
|j| PG Spectating
|inactive|Battle timer is ON: inactive players will automatically lose when time's up. (requested by Ctannn)
|j| locked in bro
|
|t:|1758952252
|teamsize|p1|6
|teamsize|p2|6
|start
|switch|p1a: Cinderace|Cinderace, M|100/100
|switch|p2a: Lil emolga|Zapdos|100/100
|turn|1
|
|t:|1758952259
|switch|p1a: Landorus|Landorus-Therian, M|100/100
|-ability|p1a: Landorus|Intimidate|boost
|-unboost|p2a: Lil emolga|atk|1
|move|p2a: Lil emolga|Volt Switch|p1a: Landorus
|-immune|p1a: Landorus
|
|upkeep
|turn|2
|
|t:|1758952262
|move|p2a: Lil emolga|Roost||[still]
|-fail|p2a: Lil emolga|heal
|move|p1a: Landorus|U-turn|p2a: Lil emolga
|-resisted|p2a: Lil emolga
|-damage|p2a: Lil emolga|92/100
|-status|p1a: Landorus|par|[from] ability: Static|[of] p2a: Lil emolga
|
|t:|1758952265
|switch|p1a: Raging Bolt|Raging Bolt|100/100|[from] U-turn
|
|upkeep
|turn|3
|
|t:|1758952269
|switch|p2a: Goodra|Goodra-Hisui, F|100/100
|move|p1a: Raging Bolt|Draco Meteor|p2a: Goodra
|-damage|p2a: Goodra|59/100
|-unboost|p1a: Raging Bolt|spa|2
|
|upkeep
|turn|4
|
|t:|1758952272
|-end|p1a: Raging Bolt|Protosynthesis|[silent]
|switch|p1a: Slowking|Slowking-Galar, M|100/100
|move|p2a: Goodra|Knock Off|p1a: Slowking
|-supereffective|p1a: Slowking
|-damage|p1a: Slowking|73/100
|-damage|p2a: Goodra|43/100|[from] item: Rocky Helmet|[of] p1a: Slowking
|-enditem|p1a: Slowking|Rocky Helmet|[from] move: Knock Off|[of] p2a: Goodra
|
|upkeep
|turn|5
|
|t:|1758952277
|switch|p2a: Ting-Loui|Ting-Lu|100/100
|-ability|p2a: Ting-Loui|Vessel of Ruin
|move|p1a: Slowking|Future Sight|p2a: Ting-Loui
|-start|p1a: Slowking|move: Future Sight
|
|upkeep
|turn|6
|j| sgCURRY3
|
|t:|1758952284
|move|p2a: Ting-Loui|Stealth Rock|p1a: Slowking
|-sidestart|p1: Ctannn|move: Stealth Rock
|-prepare|p1a: Slowking|Chilly Reception|[premajor]
|move|p1a: Slowking|Chilly Reception|p1a: Slowking
|-weather|Snowscape
|
|t:|1758952290
|switch|p1a: Rillaboom|Rillaboom, F|100/100|[from] Chilly Reception
|-damage|p1a: Rillaboom|88/100|[from] Stealth Rock
|-fieldstart|move: Grassy Terrain|[from] ability: Grassy Surge|[of] p1a: Rillaboom
|
|-weather|Snowscape|[upkeep]
|-heal|p1a: Rillaboom|94/100|[from] Grassy Terrain
|upkeep
|turn|7
|j| amefurikoneko
|
|t:|1758952295
|switch|p1a: Raging Bolt|Raging Bolt|100/100
|-damage|p1a: Raging Bolt|88/100|[from] Stealth Rock
|switch|p2a: Goodra|Goodra-Hisui, F|43/100
|
|-weather|Snowscape|[upkeep]
|-end|p2a: Goodra|move: Future Sight
|-resisted|p2a: Goodra
|-damage|p2a: Goodra|35/100
|-heal|p1a: Raging Bolt|94/100|[from] Grassy Terrain
|-heal|p2a: Goodra|41/100|[from] Grassy Terrain
|upkeep
|turn|8
|
|t:|1758952299
|move|p1a: Raging Bolt|Draco Meteor|p2a: Goodra
|-damage|p2a: Goodra|0 fnt
|-unboost|p1a: Raging Bolt|spa|2
|faint|p2a: Goodra
|
|-weather|Snowscape|[upkeep]
|-heal|p1a: Raging Bolt|100/100|[from] Grassy Terrain
|upkeep
|
|t:|1758952314
|switch|p2a: Ting-Loui|Ting-Lu|100/100
|-ability|p2a: Ting-Loui|Vessel of Ruin
|turn|9
|j| shuinifengB
|
|t:|1758952319
|-end|p1a: Raging Bolt|Protosynthesis|[silent]
|switch|p1a: Slowking|Slowking-Galar, M|100/100
|-damage|p1a: Slowking|88/100|[from] Stealth Rock
|move|p2a: Ting-Loui|Spikes|p1a: Slowking
|-sidestart|p1: Ctannn|Spikes
|
|-weather|Snowscape|[upkeep]
|-heal|p1a: Slowking|94/100|[from] Grassy Terrain
|upkeep
|turn|10
|
|t:|1758952324
|move|p2a: Ting-Loui|Earthquake|p1a: Slowking
|-supereffective|p1a: Slowking
|-damage|p1a: Slowking|65/100
|move|p1a: Slowking|Future Sight|p2a: Ting-Loui
|-start|p1a: Slowking|move: Future Sight
|
|-weather|none
|-heal|p1a: Slowking|71/100|[from] Grassy Terrain
|-fieldend|move: Grassy Terrain
|upkeep
|turn|11
|
|t:|1758952330
|-prepare|p1a: Slowking|Chilly Reception|[premajor]
|move|p1a: Slowking|Chilly Reception|p1a: Slowking
|-weather|Snowscape
|
|t:|1758952335
|switch|p1a: Landorus|Landorus-Therian, M|100/100 par|[from] Chilly Reception
|-damage|p1a: Landorus|88/100 par|[from] Stealth Rock
|-ability|p1a: Landorus|Intimidate|boost
|-unboost|p2a: Ting-Loui|atk|1
|move|p2a: Ting-Loui|Whirlwind|p1a: Landorus
|drag|p1a: Cinderace|Cinderace, M|100/100
|
|-weather|Snowscape|[upkeep]
|upkeep
|turn|12
|
|t:|1758952347
|move|p1a: Cinderace|High Jump Kick|p2a: Ting-Loui
|-start|p1a: Cinderace|typechange|Fighting|[from] ability: Libero
|-supereffective|p2a: Ting-Loui
|-damage|p2a: Ting-Loui|44/100
|move|p2a: Ting-Loui|Earthquake|p1a: Cinderace
|-damage|p1a: Cinderace|66/100
|
|-weather|Snowscape|[upkeep]
|-end|p2a: Ting-Loui|move: Future Sight
|-immune|p2a: Ting-Loui
|-heal|p2a: Ting-Loui|50/100|[from] item: Leftovers
|upkeep
|turn|13
|j| larp legion
|
|t:|1758952358
|switch|p2a: Lil emolga|Zapdos|92/100
|move|p1a: Cinderace|Pyro Ball|p2a: Lil emolga
|-damage|p2a: Lil emolga|59/100
|
|-weather|Snowscape|[upkeep]
|upkeep
|turn|14
|
|t:|1758952363
|switch|p1a: Raging Bolt|Raging Bolt|100/100
|-damage|p1a: Raging Bolt|88/100|[from] Stealth Rock
|-damage|p1a: Raging Bolt|76/100|[from] Spikes
|move|p2a: Lil emolga|Volt Switch|p1a: Raging Bolt
|-resisted|p1a: Raging Bolt
|-damage|p1a: Raging Bolt|69/100
|
|t:|1758952367
|switch|p2a: Weavile|Weavile, F|100/100|[from] Volt Switch
|
|-weather|Snowscape|[upkeep]
|upkeep
|turn|15
|
|t:|1758952371
|move|p1a: Raging Bolt|Thunderclap|p2a: Weavile
|-damage|p2a: Weavile|16/100
|move|p2a: Weavile|Icicle Crash|p1a: Raging Bolt
|-supereffective|p1a: Raging Bolt
|-damage|p1a: Raging Bolt|0 fnt
|faint|p1a: Raging Bolt
|-end|p1a: Raging Bolt|Protosynthesis|[silent]
|
|-weather|none
|upkeep
|
|t:|1758952379
|switch|p1a: Rillaboom|Rillaboom, F|94/100
|-damage|p1a: Rillaboom|82/100|[from] Stealth Rock
|-damage|p1a: Rillaboom|70/100|[from] Spikes
|-fieldstart|move: Grassy Terrain|[from] ability: Grassy Surge|[of] p1a: Rillaboom
|turn|16
|j| wgw2333
|
|t:|1758952386
|switch|p1a: Cinderace|Cinderace, M|66/100
|move|p2a: Weavile|Ice Shard|p1a: Cinderace
|-resisted|p1a: Cinderace
|-damage|p1a: Cinderace|52/100
|
|-heal|p2a: Weavile|22/100|[from] Grassy Terrain
|-heal|p1a: Cinderace|58/100|[from] Grassy Terrain
|upkeep
|turn|17
|
|t:|1758952392
|-terastallize|p1a: Cinderace|Fighting
|move|p2a: Weavile|Knock Off|p1a: Cinderace
|-resisted|p1a: Cinderace
|-damage|p1a: Cinderace|24/100
|-enditem|p1a: Cinderace|Heavy-Duty Boots|[from] move: Knock Off|[of] p2a: Weavile
|move|p1a: Cinderace|Pyro Ball|p2a: Weavile
|-supereffective|p2a: Weavile
|-damage|p2a: Weavile|0 fnt
|faint|p2a: Weavile
|
|-heal|p1a: Cinderace|30/100|[from] Grassy Terrain
|upkeep
|
|t:|1758952401
|switch|p2a: Glue eater|Keldeo, shiny|100/100
|turn|18
|
|t:|1758952407
|switch|p1a: Slowking|Slowking-Galar, M|100/100
|-damage|p1a: Slowking|88/100|[from] Stealth Rock
|-damage|p1a: Slowking|76/100|[from] Spikes
|move|p2a: Glue eater|Flip Turn|p1a: Slowking
|-damage|p1a: Slowking|66/100
|
|t:|1758952424
|switch|p2a: Ting-Loui|Ting-Lu|50/100|[from] Flip Turn
|-ability|p2a: Ting-Loui|Vessel of Ruin
|
|-heal|p2a: Ting-Loui|56/100|[from] Grassy Terrain
|-heal|p2a: Ting-Loui|62/100|[from] item: Leftovers
|-heal|p1a: Slowking|72/100|[from] Grassy Terrain
|upkeep
|turn|19
|
|t:|1758952435
|move|p2a: Ting-Loui|Spikes|p1a: Slowking
|-sidestart|p1: Ctannn|Spikes
|move|p1a: Slowking|Future Sight|p2a: Ting-Loui
|-start|p1a: Slowking|move: Future Sight
|
|-heal|p2a: Ting-Loui|68/100|[from] Grassy Terrain
|-heal|p2a: Ting-Loui|74/100|[from] item: Leftovers
|-heal|p1a: Slowking|78/100|[from] Grassy Terrain
|upkeep
|turn|20
|
|t:|1758952449
|-prepare|p1a: Slowking|Chilly Reception|[premajor]
|move|p1a: Slowking|Chilly Reception|p1a: Slowking
|-weather|Snowscape
|
|t:|1758952453
|switch|p1a: Landorus|Landorus-Therian, M|88/100 par|[from] Chilly Reception
|-damage|p1a: Landorus|76/100 par|[from] Stealth Rock
|-ability|p1a: Landorus|Intimidate|boost
|-unboost|p2a: Ting-Loui|atk|1
|move|p2a: Ting-Loui|Whirlwind|p1a: Landorus
|drag|p1a: Rillaboom|Rillaboom, F|70/100
|-damage|p1a: Rillaboom|57/100|[from] Stealth Rock
|-damage|p1a: Rillaboom|41/100|[from] Spikes
|
|-weather|Snowscape|[upkeep]
|-heal|p1a: Rillaboom|47/100|[from] Grassy Terrain
|-heal|p2a: Ting-Loui|81/100|[from] Grassy Terrain
|-heal|p2a: Ting-Loui|87/100|[from] item: Leftovers
|-fieldend|move: Grassy Terrain
|upkeep
|turn|21
|
|t:|1758952469
|move|p1a: Rillaboom|Wood Hammer|p2a: Ting-Loui
|-supereffective|p2a: Ting-Loui
|-damage|p2a: Ting-Loui|17/100
|-damage|p1a: Rillaboom|17/100|[from] Recoil
|move|p2a: Ting-Loui|Spikes|p1a: Rillaboom
|-sidestart|p1: Ctannn|Spikes
|
|-weather|Snowscape|[upkeep]
|-end|p2a: Ting-Loui|move: Future Sight
|-immune|p2a: Ting-Loui
|-heal|p2a: Ting-Loui|24/100|[from] item: Leftovers
|upkeep
|turn|22
|
|t:|1758952475
|move|p1a: Rillaboom|Drain Punch|p2a: Ting-Loui
|-supereffective|p2a: Ting-Loui
|-damage|p2a: Ting-Loui|0 fnt
|-heal|p1a: Rillaboom|32/100|[from] drain|[of] p2a: Ting-Loui
|faint|p2a: Ting-Loui
|
|-weather|Snowscape|[upkeep]
|upkeep
|
|t:|1758952478
|switch|p2a: Glue eater|Keldeo, shiny|100/100
|turn|23
|j| Type Spammin
|
|t:|1758952485
|switch|p1a: Landorus|Landorus-Therian, M|76/100 par
|-damage|p1a: Landorus|64/100 par|[from] Stealth Rock
|-ability|p1a: Landorus|Intimidate|boost
|-unboost|p2a: Glue eater|atk|1
|move|p2a: Glue eater|Aura Sphere|p1a: Landorus
|-resisted|p1a: Landorus
|-damage|p1a: Landorus|43/100 par
|
|-weather|Snowscape|[upkeep]
|upkeep
|turn|24
|l| locked in bro
|
|t:|1758952492
|move|p2a: Glue eater|Surf|p1a: Landorus
|-supereffective|p1a: Landorus
|-damage|p1a: Landorus|0 fnt
|faint|p1a: Landorus
|
|-weather|none
|upkeep
|
|t:|1758952495
|switch|p1a: Cinderace|Cinderace, M, tera:Fighting|30/100
|-damage|p1a: Cinderace|24/100|[from] Stealth Rock
|-damage|p1a: Cinderace|0 fnt|[from] Spikes
|faint|p1a: Cinderace
|j| firecharmander004
|
|t:|1758952508
|switch|p1a: Slowking|Slowking-Galar, M|100/100
|-damage|p1a: Slowking|88/100|[from] Stealth Rock
|-damage|p1a: Slowking|63/100|[from] Spikes
|turn|25
|
|t:|1758952521
|move|p2a: Glue eater|Surf|p1a: Slowking
|-damage|p1a: Slowking|24/100
|move|p1a: Slowking|Psychic|p2a: Glue eater
|-supereffective|p2a: Glue eater
|-damage|p2a: Glue eater|24/100
|
|upkeep
|turn|26
|
|t:|1758952529
|move|p2a: Glue eater|Surf|p1a: Slowking
|-damage|p1a: Slowking|0 fnt
|faint|p1a: Slowking
|
|upkeep
|j| Lamp0821
|
|t:|1758952530
|switch|p1a: Rillaboom|Rillaboom, F|32/100
|-damage|p1a: Rillaboom|20/100|[from] Stealth Rock
|-damage|p1a: Rillaboom|0 fnt|[from] Spikes
|faint|p1a: Rillaboom
|
|t:|1758952532
|switch|p1a: Garganacl|Garganacl, F|100/100
|-damage|p1a: Garganacl|88/100|[from] Stealth Rock
|-damage|p1a: Garganacl|63/100|[from] Spikes
|turn|27
|l| Type Spammin
|c|☆Ctannn|How much damage do three spikes do
|c|☆Ctannn|is it 25%
|l| Lamp0821
|c|☆Ctannn|somehow I did the math wrong, should have flipped them long ago
|inactive|lvBreakfast has 120 seconds left.
|c|☆lvBreakfast|25% + 12% from stealth rock
|
|t:|1758952583
|move|p1a: Garganacl|Protect|p1a: Garganacl
|-singleturn|p1a: Garganacl|Protect
|move|p2a: Glue eater|Surf|p1a: Garganacl
|-activate|p1a: Garganacl|move: Protect
|
|-heal|p1a: Garganacl|69/100|[from] item: Leftovers
|upkeep
|turn|28
|inactive|lvBreakfast has 120 seconds left.
|c|☆Ctannn|Won’t lost to this team again ;)
|inactive|Ctannn has 120 seconds left.
|c|☆lvBreakfast|:0
|
|t:|1758952606
|-terastallize|p2a: Glue eater|Water
|move|p2a: Glue eater|Surf|p1a: Garganacl
|-supereffective|p1a: Garganacl
|-damage|p1a: Garganacl|0 fnt
|faint|p1a: Garganacl
|
|win|lvBreakfast
|raw|Ctannn's rating: 1959 &rarr; <strong>1934</strong><br />(-25 for losing)
|raw|lvBreakfast's rating: 1875 &rarr; <strong>1900</strong><br />(+25 for winning)
|c|☆lvBreakfast|Gg
|l|☆Ctannn
|player|p1|
|l| amefurikoneko
|l| sgCURRY3
|c|☆lvBreakfast|I was so afraid of court change the entire game
|l| shuinifengB
|l| wgw2333
