|j|☆sunnysoon
|j|☆Evannnnnn
|t:|1758990097
|gametype|singles
|player|p1|sunnysoon|dancer|1547
|player|p2|Evannnnnn|veteran|1503
|gen|9
|tier|[Gen 9] OU
|rated|
|rule|HP Percentage Mod: HP is shown in percentages
|rule|Endless Battle Clause: Forcing endless battles is banned
|rule|Species Clause: Limit one of each Pokémon
|rule|OHKO Clause: OHKO moves are banned
|rule|Evasion Items Clause: Evasion items are banned
|rule|Evasion Moves Clause: Evasion moves are banned
|rule|Evasion Abilities Clause: Evasion abilities are banned
|rule|Sleep Moves Clause: Sleep-inducing moves are banned
|clearpoke
|poke|p1|Mamoswine, M|
|poke|p1|Glimmora, M|
|poke|p1|Iron Crown|
|poke|p1|Zamazenta-*|
|poke|p1|Sinistcha|
|poke|p1|Samurott-Hisui, M|
|poke|p2|Iron Crown|
|poke|p2|Samurott-Hisui, M|
|poke|p2|Zapdos|
|poke|p2|Dragapult, F|
|poke|p2|Great Tusk|
|poke|p2|Iron Boulder|
|teampreview
|j| pigopames
|
|t:|1758990114
|teamsize|p1|6
|teamsize|p2|6
|start
|switch|p1a: Samurott|Samurott-Hisui, M, shiny|100/100
|switch|p2a: Mindreader|Iron Crown|100/100
|turn|1
|
|t:|1758990118
|move|p2a: Mindreader|Volt Switch|p1a: Samurott
|-supereffective|p1a: Samurott
|-damage|p1a: Samurott|0 fnt
|faint|p1a: Samurott
|
|t:|1758990129
|-end|p2a: Mindreader|Quark Drive|[silent]
|switch|p2a: Hurikan|Zapdos|100/100|[from] Volt Switch
|
|upkeep
|
|t:|1758990132
|switch|p1a: Glimmora|Glimmora, M, shiny|100/100
|turn|2
|
|t:|1758990141
|move|p2a: Hurikan|Discharge|p1a: Glimmora
|-damage|p1a: Glimmora|70/100
|-enditem|p1a: Glimmora|Red Card|[of] p2a: Hurikan
|drag|p2a: Pump It|Great Tusk|100/100
|move|p1a: Glimmora|Stealth Rock|p2a: Pump It
|-sidestart|p2: Evannnnnn|move: Stealth Rock
|
|upkeep
|turn|3
|
|t:|1758990148
|switch|p1a: Sinistcha|Sinistcha, shiny|100/100
|move|p2a: Pump It|Rapid Spin|p1a: Sinistcha
|-immune|p1a: Sinistcha
|
|upkeep
|turn|4
|l| pigopames
|
|t:|1758990159
|-end|p2a: Pump It|Protosynthesis|[silent]
|switch|p2a: Hurikan|Zapdos|100/100
|move|p1a: Sinistcha|Matcha Gotcha|p2a: Hurikan
|-resisted|p2a: Hurikan
|-damage|p2a: Hurikan|85/100
|
|upkeep
|turn|5
|
|t:|1758990164
|switch|p1a: Glimmora|Glimmora, M, shiny|70/100
|move|p2a: Hurikan|Hurricane|p1a: Glimmora
|-resisted|p1a: Glimmora
|-damage|p1a: Glimmora|52/100
|
|upkeep
|turn|6
|
|t:|1758990174
|switch|p2a: Mindreader|Iron Crown|100/100
|-damage|p2a: Mindreader|94/100|[from] Stealth Rock
|move|p1a: Glimmora|Power Gem|p2a: Mindreader
|-resisted|p2a: Mindreader
|-damage|p2a: Mindreader|76/100
|
|upkeep
|turn|7
|
|t:|1758990185
|switch|p1a: Iron Crown|Iron Crown|100/100
|move|p2a: Mindreader|Volt Switch|p1a: Iron Crown
|-damage|p1a: Iron Crown|66/100
|
|t:|1758990195
|-end|p2a: Mindreader|Quark Drive|[silent]
|switch|p2a: Parasite|Dragapult, F|100/100|[from] Volt Switch
|-damage|p2a: Parasite|88/100|[from] Stealth Rock
|
|upkeep
|turn|8
|
|t:|1758990199
|-end|p1a: Iron Crown|Quark Drive|[silent]
|switch|p1a: Glimmora|Glimmora, M, shiny|52/100
|-terastallize|p2a: Parasite|Ghost
|move|p2a: Parasite|Tera Blast|p1a: Glimmora|[anim] Tera Blast Ghost
|-crit|p1a: Glimmora
|-damage|p1a: Glimmora|0 fnt
|-activate|p1a: Glimmora|ability: Toxic Debris
|-sidestart|p2: Evannnnnn|move: Toxic Spikes
|faint|p1a: Glimmora
|
|upkeep
|
|t:|1758990220
|switch|p1a: Zamazenta|Zamazenta, shiny|100/100
|-ability|p1a: Zamazenta|Dauntless Shield|boost
|-boost|p1a: Zamazenta|def|1
|turn|9
|
|t:|1758990229
|switch|p2a: Hurikan|Zapdos|85/100
|move|p1a: Zamazenta|Stone Edge|p2a: Hurikan
|-supereffective|p2a: Hurikan
|-damage|p2a: Hurikan|17/100
|
|upkeep
|turn|10
|
|t:|1758990234
|move|p1a: Zamazenta|Stone Edge|p2a: Hurikan
|-supereffective|p2a: Hurikan
|-damage|p2a: Hurikan|0 fnt
|faint|p2a: Hurikan
|
|upkeep
|
|t:|1758990236
|switch|p2a: Mindreader|Iron Crown|76/100
|-damage|p2a: Mindreader|70/100|[from] Stealth Rock
|turn|11
|
|t:|1758990242
|switch|p1a: Iron Crown|Iron Crown|66/100
|move|p2a: Mindreader|Tachyon Cutter|p1a: Iron Crown
|-resisted|p1a: Iron Crown
|-damage|p1a: Iron Crown|48/100
|-resisted|p1a: Iron Crown
|-damage|p1a: Iron Crown|30/100
|-hitcount|p1a: Iron Crown|2
|
|upkeep
|turn|12
|
|t:|1758990251
|move|p2a: Mindreader|Tachyon Cutter|p1a: Iron Crown
|-resisted|p1a: Iron Crown
|-damage|p1a: Iron Crown|10/100
|-resisted|p1a: Iron Crown
|-damage|p1a: Iron Crown|0 fnt
|faint|p1a: Iron Crown
|-end|p1a: Iron Crown|Quark Drive|[silent]
|-hitcount|p1: Iron Crown|2
|
|upkeep
|
|t:|1758990259
|switch|p1a: Zamazenta|Zamazenta, shiny|100/100
|turn|13
|
|t:|1758990265
|move|p1a: Zamazenta|Crunch|p2a: Mindreader
|-supereffective|p2a: Mindreader
|-damage|p2a: Mindreader|0 fnt
|faint|p2a: Mindreader
|-end|p2a: Mindreader|Quark Drive|[silent]
|
|upkeep
|
|t:|1758990268
|switch|p2a: Pump It|Great Tusk|100/100
|turn|14
|
|t:|1758990274
|switch|p1a: Sinistcha|Sinistcha, shiny|100/100
|move|p2a: Pump It|Ice Spinner|p1a: Sinistcha
|-supereffective|p1a: Sinistcha
|-damage|p1a: Sinistcha|62/100
|
|upkeep
|turn|15
|
|t:|1758990280
|-end|p2a: Pump It|Protosynthesis|[silent]
|switch|p2a: Everytime We Touch|Samurott-Hisui, M|100/100
|-damage|p2a: Everytime We Touch|88/100|[from] Stealth Rock
|-status|p2a: Everytime We Touch|psn
|move|p1a: Sinistcha|Strength Sap|p2a: Everytime We Touch
|-unboost|p2a: Everytime We Touch|atk|1
|-heal|p1a: Sinistcha|100/100
|
|-damage|p2a: Everytime We Touch|76/100 psn|[from] psn
|upkeep
|turn|16
|
|t:|1758990285
|switch|p1a: Zamazenta|Zamazenta, shiny|100/100
|move|p2a: Everytime We Touch|Flip Turn|p1a: Zamazenta
|-damage|p1a: Zamazenta|83/100
|
|t:|1758990293
|switch|p2a: Pump It|Great Tusk|100/100|[from] Flip Turn
|
|upkeep
|turn|17
|
|t:|1758990297
|switch|p1a: Sinistcha|Sinistcha, shiny|100/100
|move|p2a: Pump It|Stealth Rock|p1a: Sinistcha
|-sidestart|p1: sunnysoon|move: Stealth Rock
|
|upkeep
|turn|18
|
|t:|1758990304
|move|p2a: Pump It|Ice Spinner|p1a: Sinistcha
|-supereffective|p1a: Sinistcha
|-damage|p1a: Sinistcha|63/100
|move|p1a: Sinistcha|Shadow Ball|p2a: Pump It
|-damage|p2a: Pump It|53/100
|
|upkeep
|turn|19
|
|t:|1758990309
|-end|p2a: Pump It|Protosynthesis|[silent]
|switch|p2a: Parasite|Dragapult, F, tera:Ghost|88/100
|-damage|p2a: Parasite|76/100|[from] Stealth Rock
|-status|p2a: Parasite|psn
|move|p1a: Sinistcha|Strength Sap|p2a: Parasite
|-fail|p2a: Parasite|unboost|[from] ability: Clear Body|[of] p2a: Parasite
|-heal|p1a: Sinistcha|100/100
|
|-damage|p2a: Parasite|64/100 psn|[from] psn
|upkeep
|turn|20
|
|t:|1758990318
|switch|p1a: Mamoswine|Mamoswine, M, shiny|100/100
|-damage|p1a: Mamoswine|88/100|[from] Stealth Rock
|move|p2a: Parasite|U-turn|p1a: Mamoswine
|-damage|p1a: Mamoswine|47/100
|
|t:|1758990330
|switch|p2a: Revery|Iron Boulder|100/100|[from] U-turn
|-damage|p2a: Revery|88/100|[from] Stealth Rock
|-status|p2a: Revery|psn
|-enditem|p2a: Revery|Booster Energy
|-activate|p2a: Revery|ability: Quark Drive|[fromitem]
|-start|p2a: Revery|quarkdrivespe
|
|-damage|p2a: Revery|76/100 psn|[from] psn
|upkeep
|turn|21
|inactive|Battle timer is ON: inactive players will automatically lose when time's up. (requested by Evannnnnn)
|
|t:|1758990353
|move|p2a: Revery|Zen Headbutt|p1a: Mamoswine|[miss]
|-miss|p2a: Revery|p1a: Mamoswine
|move|p1a: Mamoswine|Earthquake|p2a: Revery
|-supereffective|p2a: Revery
|-damage|p2a: Revery|0 fnt
|faint|p2a: Revery
|-end|p2a: Revery|Quark Drive|[silent]
|
|upkeep
|
|t:|1758990360
|switch|p2a: Parasite|Dragapult, F, tera:Ghost|64/100 psn
|-damage|p2a: Parasite|51/100 psn|[from] Stealth Rock
|turn|22
|
|t:|1758990365
|move|p2a: Parasite|Tera Blast|p1a: Mamoswine|[anim] Tera Blast Ghost
|-damage|p1a: Mamoswine|0 fnt
|faint|p1a: Mamoswine
|
|-damage|p2a: Parasite|39/100 psn|[from] psn
|upkeep
|
|t:|1758990372
|switch|p1a: Zamazenta|Zamazenta, shiny|83/100
|-damage|p1a: Zamazenta|77/100|[from] Stealth Rock
|turn|23
|
|t:|1758990379
|switch|p2a: Pump It|Great Tusk|53/100
|move|p1a: Zamazenta|Play Rough|p2a: Pump It
|-supereffective|p2a: Pump It
|-damage|p2a: Pump It|0 fnt
|faint|p2a: Pump It
|-end|p2a: Pump It|Protosynthesis|[silent]
|
|upkeep
|
|t:|1758990382
|switch|p2a: Everytime We Touch|Samurott-Hisui, M|76/100 psn
|-damage|p2a: Everytime We Touch|63/100 psn|[from] Stealth Rock
|turn|24
|
|t:|1758990384
|move|p2a: Everytime We Touch|Ceaseless Edge|p1a: Zamazenta
|-resisted|p1a: Zamazenta
|-damage|p1a: Zamazenta|57/100
|-sidestart|p1: sunnysoon|Spikes
|move|p1a: Zamazenta|Play Rough|p2a: Everytime We Touch
|-supereffective|p2a: Everytime We Touch
|-damage|p2a: Everytime We Touch|0 fnt
|faint|p2a: Everytime We Touch
|
|upkeep
|
|t:|1758990387
|switch|p2a: Parasite|Dragapult, F, tera:Ghost|39/100 psn
|-damage|p2a: Parasite|27/100 psn|[from] Stealth Rock
|turn|25
|
|t:|1758990391
|move|p2a: Parasite|Tera Blast|p1a: Zamazenta|[anim] Tera Blast Ghost
|-damage|p1a: Zamazenta|0 fnt
|faint|p1a: Zamazenta
|
|-damage|p2a: Parasite|14/100 psn|[from] psn
|upkeep
|
|t:|1758990394
|switch|p1a: Sinistcha|Sinistcha, shiny|100/100
|turn|26
|
|t:|1758990399
|-terastallize|p1a: Sinistcha|Fairy
|move|p2a: Parasite|Tera Blast|p1a: Sinistcha|[anim] Tera Blast Ghost
|-damage|p1a: Sinistcha|48/100
|move|p1a: Sinistcha|Strength Sap|p2a: Parasite
|-fail|p2a: Parasite|unboost|[from] ability: Clear Body|[of] p2a: Parasite
|-heal|p1a: Sinistcha|100/100
|
|-damage|p2a: Parasite|2/100 psn|[from] psn
|upkeep
|turn|27
|
|t:|1758990404
|move|p2a: Parasite|Tera Blast|p1a: Sinistcha|[anim] Tera Blast Ghost
|-damage|p1a: Sinistcha|50/100
|move|p1a: Sinistcha|Strength Sap|p2a: Parasite
|-fail|p2a: Parasite|unboost|[from] ability: Clear Body|[of] p2a: Parasite
|-heal|p1a: Sinistcha|100/100
|
|-damage|p2a: Parasite|0 fnt|[from] psn
|faint|p2a: Parasite
|
|win|sunnysoon
|raw|sunnysoon's rating: 1547 &rarr; <strong>1564</strong><br />(+17 for winning)
|raw|Evannnnnn's rating: 1503 &rarr; <strong>1486</strong><br />(-17 for losing)
|l|☆Evannnnnn
|player|p2|
|l|☆sunnysoon
|player|p1|
