|j|☆Laughable
|j|‽gidgadgod
|t:|1759069229
|gametype|singles
|player|p1|Laughable|tuber|1516
|player|p2|gidgadgod|plasmagrunt|1544
|gen|9
|tier|[Gen 9] OU
|rated|
|rule|HP Percentage Mod: HP is shown in percentages
|rule|Endless Battle Clause: Forcing endless battles is banned
|rule|Species Clause: Limit one of each Pokémon
|rule|OHKO Clause: OHKO moves are banned
|rule|Evasion Items Clause: Evasion items are banned
|rule|Evasion Moves Clause: Evasion moves are banned
|rule|Evasion Abilities Clause: Evasion abilities are banned
|rule|Sleep Moves Clause: Sleep-inducing moves are banned
|clearpoke
|poke|p1|Dragapult, M|
|poke|p1|Gliscor, M|
|poke|p1|Milotic, M|
|poke|p1|Skeledirge, F|
|poke|p1|Weezing-Galar, M|
|poke|p1|Mandibuzz, F|
|poke|p2|Great Tusk|
|poke|p2|Hatterene, F|
|poke|p2|Tornadus-Therian, M|
|poke|p2|Heatran, M|
|poke|p2|Slowking-Galar, F|
|poke|p2|Kyurem|
|teampreview
|inactive|Battle timer is ON: inactive players will automatically lose when time's up. (requested by gidgadgod)
|
|t:|1759069242
|teamsize|p1|6
|teamsize|p2|6
|start
|switch|p1a: Gliscor|Gliscor, M|100/100
|switch|p2a: Slowking|Slowking-Galar, F|100/100
|turn|1
|
|t:|1759069248
|move|p1a: Gliscor|Protect|p1a: Gliscor
|-singleturn|p1a: Gliscor|Protect
|move|p2a: Slowking|Future Sight|p1a: Gliscor
|-start|p2a: Slowking|move: Future Sight
|
|-status|p1a: Gliscor|tox|[from] item: Toxic Orb
|upkeep
|turn|2
|
|t:|1759069251
|switch|p1a: Milotic|Milotic, M, shiny|100/100
|move|p2a: Slowking|Ice Beam|p1a: Milotic
|-resisted|p1a: Milotic
|-damage|p1a: Milotic|94/100
|
|upkeep
|turn|3
|
|t:|1759069255
|switch|p1a: Mandibuzz|Mandibuzz, F|100/100
|-prepare|p2a: Slowking|Chilly Reception|[premajor]
|move|p2a: Slowking|Chilly Reception|p2a: Slowking
|-weather|Snowscape
|
|t:|1759069259
|switch|p2a: Kyurem|Kyurem|100/100|[from] Chilly Reception
|-ability|p2a: Kyurem|Pressure
|
|-weather|Snowscape|[upkeep]
|-end|p1a: Mandibuzz|move: Future Sight
|-immune|p1a: Mandibuzz
|upkeep
|turn|4
|
|t:|1759069272
|switch|p1a: Skeledirge|Skeledirge, F|100/100
|move|p2a: Kyurem|Freeze-Dry|p1a: Skeledirge
|-resisted|p1a: Skeledirge
|-damage|p1a: Skeledirge|78/100
|
|-weather|Snowscape|[upkeep]
|upkeep
|turn|5
|
|t:|1759069282
|switch|p2a: Heatran|Heatran, M|100/100
|switch|p1a: Milotic|Milotic, M, shiny|94/100
|
|-weather|Snowscape|[upkeep]
|upkeep
|turn|6
|
|t:|1759069288
|move|p1a: Milotic|Scald|p2a: Heatran
|-supereffective|p2a: Heatran
|-damage|p2a: Heatran|68/100
|move|p2a: Heatran|Stealth Rock|p1a: Milotic
|-sidestart|p1: Laughable|move: Stealth Rock
|
|-weather|Snowscape|[upkeep]
|-heal|p2a: Heatran|74/100|[from] item: Leftovers
|upkeep
|turn|7
|
|t:|1759069296
|switch|p2a: Tornadus|Tornadus-Therian, M|100/100
|move|p1a: Milotic|Scald|p2a: Tornadus
|-damage|p2a: Tornadus|83/100
|
|-weather|none
|upkeep
|turn|8
|
|t:|1759069302
|move|p2a: Tornadus|Knock Off|p1a: Milotic
|-damage|p1a: Milotic|73/100
|-enditem|p1a: Milotic|Heavy-Duty Boots|[from] move: Knock Off|[of] p2a: Tornadus
|move|p1a: Milotic|Scald|p2a: Tornadus
|-damage|p2a: Tornadus|65/100
|
|upkeep
|turn|9
|
|t:|1759069306
|move|p2a: Tornadus|U-turn|p1a: Milotic
|-damage|p1a: Milotic|57/100
|
|t:|1759069310
|switch|p2a: Slowking|Slowking-Galar, F|100/100|[from] U-turn
|move|p1a: Milotic|Recover|p1a: Milotic
|-heal|p1a: Milotic|100/100
|
|upkeep
|turn|10
|
|t:|1759069314
|move|p1a: Milotic|Scald|p2a: Slowking
|-damage|p2a: Slowking|77/100
|-status|p2a: Slowking|brn
|move|p2a: Slowking|Future Sight|p1a: Milotic
|-start|p2a: Slowking|move: Future Sight
|
|-damage|p2a: Slowking|71/100 brn|[from] brn
|upkeep
|turn|11
|
|t:|1759069319
|move|p1a: Milotic|Scald|p2a: Slowking
|-damage|p2a: Slowking|50/100 brn
|move|p2a: Slowking|Sludge Bomb|p1a: Milotic
|-damage|p1a: Milotic|81/100
|
|-damage|p2a: Slowking|44/100 brn|[from] brn
|upkeep
|turn|12
|
|t:|1759069339
|switch|p1a: Mandibuzz|Mandibuzz, F|100/100
|move|p2a: Slowking|Sludge Bomb|p1a: Mandibuzz
|-damage|p1a: Mandibuzz|70/100
|
|-end|p1a: Mandibuzz|move: Future Sight
|-immune|p1a: Mandibuzz
|-damage|p2a: Slowking|38/100 brn|[from] brn
|upkeep
|turn|13
|
|t:|1759069348
|switch|p2a: Great Tusk|Great Tusk|100/100
|move|p1a: Mandibuzz|Knock Off|p2a: Great Tusk
|-resisted|p2a: Great Tusk
|-damage|p2a: Great Tusk|92/100
|-damage|p1a: Mandibuzz|53/100|[from] item: Rocky Helmet|[of] p2a: Great Tusk
|-enditem|p2a: Great Tusk|Rocky Helmet|[from] move: Knock Off|[of] p1a: Mandibuzz
|
|upkeep
|turn|14
|
|t:|1759069353
|-end|p2a: Great Tusk|Protosynthesis|[silent]
|switch|p2a: Kyurem|Kyurem|100/100
|-ability|p2a: Kyurem|Pressure
|move|p1a: Mandibuzz|Roost|p1a: Mandibuzz
|-heal|p1a: Mandibuzz|100/100
|-singleturn|p1a: Mandibuzz|move: Roost
|
|upkeep
|turn|15
|
|t:|1759069360
|switch|p1a: Skeledirge|Skeledirge, F|78/100
|move|p2a: Kyurem|Ice Beam|p1a: Skeledirge
|-resisted|p1a: Skeledirge
|-damage|p1a: Skeledirge|51/100
|
|upkeep
|turn|16
|
|t:|1759069371
|switch|p2a: Tornadus|Tornadus-Therian, M|98/100
|move|p1a: Skeledirge|Slack Off|p1a: Skeledirge
|-heal|p1a: Skeledirge|100/100
|
|upkeep
|turn|17
|
|t:|1759069378
|switch|p1a: Gliscor|Gliscor, M|100/100 tox
|-damage|p1a: Gliscor|88/100 tox|[from] Stealth Rock
|move|p2a: Tornadus|U-turn|p1a: Gliscor
|-resisted|p1a: Gliscor
|-damage|p1a: Gliscor|82/100 tox
|
|t:|1759069386
|switch|p2a: Kyurem|Kyurem|100/100|[from] U-turn
|-ability|p2a: Kyurem|Pressure
|
|-heal|p1a: Gliscor|95/100 tox|[from] ability: Poison Heal
|upkeep
|turn|18
|
|t:|1759069391
|-terastallize|p1a: Gliscor|Water
|move|p2a: Kyurem|Ice Beam|p1a: Gliscor
|-resisted|p1a: Gliscor
|-damage|p1a: Gliscor|64/100 tox
|move|p1a: Gliscor|Toxic|p2a: Kyurem
|-status|p2a: Kyurem|tox
|
|-damage|p2a: Kyurem|94/100 tox|[from] psn
|-heal|p1a: Gliscor|77/100 tox|[from] ability: Poison Heal
|upkeep
|turn|19
|
|t:|1759069406
|switch|p2a: Slowking|Slowking-Galar, F|71/100 brn
|move|p1a: Gliscor|Spikes|p2a: Slowking
|-sidestart|p2: gidgadgod|Spikes
|
|-heal|p1a: Gliscor|89/100 tox|[from] ability: Poison Heal
|-damage|p2a: Slowking|65/100 brn|[from] brn
|upkeep
|turn|20
|
|t:|1759069411
|move|p1a: Gliscor|Earthquake|p2a: Slowking
|-supereffective|p2a: Slowking
|-enditem|p2a: Slowking|Shuca Berry|[eat]
|-enditem|p2a: Slowking|Shuca Berry|[weaken]
|-damage|p2a: Slowking|41/100 brn
|-prepare|p2a: Slowking|Chilly Reception|[premajor]
|move|p2a: Slowking|Chilly Reception|p2a: Slowking
|-weather|Snowscape
|
|t:|1759069420
|switch|p2a: Kyurem|Kyurem|94/100 tox|[from] Chilly Reception
|-damage|p2a: Kyurem|82/100 tox|[from] Spikes
|-ability|p2a: Kyurem|Pressure
|
|-weather|Snowscape|[upkeep]
|-damage|p2a: Kyurem|76/100 tox|[from] psn
|-heal|p1a: Gliscor|100/100 tox|[from] ability: Poison Heal
|upkeep
|turn|21
|
|t:|1759069425
|move|p1a: Gliscor|Protect|p1a: Gliscor
|-singleturn|p1a: Gliscor|Protect
|move|p2a: Kyurem|Freeze-Dry|p1a: Gliscor
|-activate|p1a: Gliscor|move: Protect
|
|-weather|Snowscape|[upkeep]
|-damage|p2a: Kyurem|64/100 tox|[from] psn
|upkeep
|turn|22
|
|t:|1759069430
|switch|p2a: Great Tusk|Great Tusk|92/100
|-damage|p2a: Great Tusk|80/100|[from] Spikes
|switch|p1a: Skeledirge|Skeledirge, F|100/100
|
|-weather|Snowscape|[upkeep]
|upkeep
|turn|23
|
|t:|1759069434
|move|p2a: Great Tusk|Headlong Rush|p1a: Skeledirge
|-supereffective|p1a: Skeledirge
|-damage|p1a: Skeledirge|0 fnt
|-unboost|p2a: Great Tusk|def|1
|-unboost|p2a: Great Tusk|spd|1
|faint|p1a: Skeledirge
|
|-weather|Snowscape|[upkeep]
|upkeep
|
|t:|1759069438
|switch|p1a: Dragapult|Dragapult, M|100/100
|-damage|p1a: Dragapult|88/100|[from] Stealth Rock
|turn|24
|
|t:|1759069446
|-end|p2a: Great Tusk|Protosynthesis|[silent]
|switch|p2a: Heatran|Heatran, M|74/100
|-damage|p2a: Heatran|62/100|[from] Spikes
|move|p1a: Dragapult|Shadow Ball|p2a: Heatran
|-damage|p2a: Heatran|23/100
|
|-weather|none
|-heal|p2a: Heatran|29/100|[from] item: Leftovers
|upkeep
|turn|25
|
|t:|1759069451
|switch|p2a: Tornadus|Tornadus-Therian, M|100/100
|move|p1a: Dragapult|Shadow Ball|p2a: Tornadus
|-damage|p2a: Tornadus|66/100
|
|upkeep
|turn|26
|
|t:|1759069458
|switch|p1a: Milotic|Milotic, M, shiny|81/100
|-damage|p1a: Milotic|69/100|[from] Stealth Rock
|move|p2a: Tornadus|U-turn|p1a: Milotic
|-damage|p1a: Milotic|53/100
|
|t:|1759069466
|switch|p2a: Kyurem|Kyurem|64/100 tox|[from] U-turn
|-damage|p2a: Kyurem|51/100 tox|[from] Spikes
|-ability|p2a: Kyurem|Pressure
|
|-damage|p2a: Kyurem|45/100 tox|[from] psn
|upkeep
|turn|27
|
|t:|1759069481
|move|p2a: Kyurem|Freeze-Dry|p1a: Milotic
|-supereffective|p1a: Milotic
|-damage|p1a: Milotic|0 fnt
|faint|p1a: Milotic
|
|-damage|p2a: Kyurem|33/100 tox|[from] psn
|upkeep
|
|t:|1759069484
|switch|p1a: Dragapult|Dragapult, M|88/100
|-damage|p1a: Dragapult|76/100|[from] Stealth Rock
|turn|28
|
|t:|1759069488
|switch|p2a: Tornadus|Tornadus-Therian, M|99/100
|move|p1a: Dragapult|Shadow Ball|p2a: Tornadus
|-damage|p2a: Tornadus|62/100
|
|upkeep
|turn|29
|
|t:|1759069494
|move|p1a: Dragapult|Shadow Ball|p2a: Tornadus
|-crit|p2a: Tornadus
|-damage|p2a: Tornadus|4/100
|move|p2a: Tornadus|Knock Off|p1a: Dragapult
|-supereffective|p1a: Dragapult
|-crit|p1a: Dragapult
|-damage|p1a: Dragapult|0 fnt
|-enditem|p1a: Dragapult|Choice Specs|[from] move: Knock Off|[of] p2a: Tornadus
|faint|p1a: Dragapult
|
|upkeep
|
|t:|1759069504
|switch|p1a: Gliscor|Gliscor, M, tera:Water|100/100 tox
|-damage|p1a: Gliscor|88/100 tox|[from] Stealth Rock
|turn|30
|
|t:|1759069508
|move|p2a: Tornadus|U-turn|p1a: Gliscor
|-damage|p1a: Gliscor|77/100 tox
|
|t:|1759069522
|switch|p2a: Slowking|Slowking-Galar, F|74/100 brn|[from] U-turn
|-damage|p2a: Slowking|62/100 brn|[from] Spikes
|move|p1a: Gliscor|Spikes|p2a: Slowking
|-sidestart|p2: gidgadgod|Spikes
|
|-heal|p1a: Gliscor|89/100 tox|[from] ability: Poison Heal
|-damage|p2a: Slowking|56/100 brn|[from] brn
|upkeep
|turn|31
|
|t:|1759069527
|move|p1a: Gliscor|Spikes|p2a: Slowking
|-sidestart|p2: gidgadgod|Spikes
|move|p2a: Slowking|Future Sight|p1a: Gliscor
|-start|p2a: Slowking|move: Future Sight
|
|-heal|p1a: Gliscor|100/100 tox|[from] ability: Poison Heal
|-damage|p2a: Slowking|49/100 brn|[from] brn
|upkeep
|turn|32
|
|t:|1759069530
|move|p1a: Gliscor|Earthquake|p2a: Slowking
|-supereffective|p2a: Slowking
|-damage|p2a: Slowking|1/100 brn
|-prepare|p2a: Slowking|Chilly Reception|[premajor]
|move|p2a: Slowking|Chilly Reception|p2a: Slowking
|-weather|Snowscape
|
|t:|1759069533
|switch|p2a: Great Tusk|Great Tusk|80/100|[from] Chilly Reception
|-damage|p2a: Great Tusk|55/100|[from] Spikes
|
|-weather|Snowscape|[upkeep]
|upkeep
|turn|33
|
|t:|1759069538
|move|p2a: Great Tusk|Rapid Spin|p1a: Gliscor
|-damage|p1a: Gliscor|87/100 tox
|-boost|p2a: Great Tusk|spe|1
|-sideend|p2: gidgadgod|Spikes|[from] move: Rapid Spin|[of] p2a: Great Tusk
|move|p1a: Gliscor|Toxic|p2a: Great Tusk
|-status|p2a: Great Tusk|tox
|
|-weather|Snowscape|[upkeep]
|-end|p1a: Gliscor|move: Future Sight
|-damage|p1a: Gliscor|50/100 tox
|-damage|p2a: Great Tusk|49/100 tox|[from] psn
|-heal|p1a: Gliscor|62/100 tox|[from] ability: Poison Heal
|upkeep
|turn|34
|
|t:|1759069542
|-end|p2a: Great Tusk|Protosynthesis|[silent]
|switch|p2a: Hatterene|Hatterene, F|100/100
|move|p1a: Gliscor|Protect||[still]
|-fail|p1a: Gliscor
|
|-weather|Snowscape|[upkeep]
|-heal|p1a: Gliscor|75/100 tox|[from] ability: Poison Heal
|upkeep
|turn|35
|
|t:|1759069547
|move|p1a: Gliscor|Earthquake|p2a: Hatterene
|-damage|p2a: Hatterene|73/100
|move|p2a: Hatterene|Psychic Noise|p1a: Gliscor
|-damage|p1a: Gliscor|45/100 tox
|-start|p1a: Gliscor|move: Heal Block
|
|-weather|Snowscape|[upkeep]
|-heal|p2a: Hatterene|79/100|[from] item: Leftovers
|upkeep
|turn|36
|
|t:|1759069553
|switch|p1a: Weezing|Weezing-Galar, M|100/100
|-ability|p1a: Weezing|Neutralizing Gas
|-damage|p1a: Weezing|88/100|[from] Stealth Rock
|move|p2a: Hatterene|Draining Kiss|p1a: Weezing
|-resisted|p1a: Weezing
|-damage|p1a: Weezing|74/100
|-heal|p2a: Hatterene|90/100|[from] drain|[of] p1a: Weezing
|
|-weather|none
|-heal|p1a: Weezing|80/100|[from] item: Leftovers
|-heal|p2a: Hatterene|96/100|[from] item: Leftovers
|upkeep
|turn|37
|
|t:|1759069558
|switch|p2a: Heatran|Heatran, M|29/100
|move|p1a: Weezing|Sludge Bomb|p2a: Heatran
|-immune|p2a: Heatran
|
|-heal|p2a: Heatran|35/100|[from] item: Leftovers
|-heal|p1a: Weezing|86/100|[from] item: Leftovers
|upkeep
|turn|38
|
|t:|1759069567
|-end|p1a: Weezing|ability: Neutralizing Gas
|switch|p1a: Gliscor|Gliscor, M, tera:Water|45/100 tox
|-damage|p1a: Gliscor|33/100 tox|[from] Stealth Rock
|move|p2a: Heatran|Magma Storm|p1a: Gliscor
|-resisted|p1a: Gliscor
|-damage|p1a: Gliscor|14/100 tox
|-activate|p1a: Gliscor|move: Magma Storm|[of] p2a: Heatran
|
|-heal|p2a: Heatran|41/100|[from] item: Leftovers
|-heal|p1a: Gliscor|27/100 tox|[from] ability: Poison Heal
|-damage|p1a: Gliscor|14/100 tox|[from] move: Magma Storm|[partiallytrapped]
|upkeep
|turn|39
|
|t:|1759069574
|switch|p2a: Hatterene|Hatterene, F|96/100
|move|p1a: Gliscor|Earthquake|p2a: Hatterene
|-damage|p2a: Hatterene|68/100
|
|-heal|p2a: Hatterene|74/100|[from] item: Leftovers
|-heal|p1a: Gliscor|27/100 tox|[from] ability: Poison Heal
|-end|p1a: Gliscor|Magma Storm|[partiallytrapped]|[silent]
|upkeep
|turn|40
|
|t:|1759069579
|move|p1a: Gliscor|Protect|p1a: Gliscor
|-singleturn|p1a: Gliscor|Protect
|move|p2a: Hatterene|Psychic Noise|p1a: Gliscor
|-activate|p1a: Gliscor|move: Protect
|
|-heal|p2a: Hatterene|80/100|[from] item: Leftovers
|-heal|p1a: Gliscor|39/100 tox|[from] ability: Poison Heal
|upkeep
|turn|41
|
|t:|1759069587
|switch|p1a: Mandibuzz|Mandibuzz, F|100/100
|move|p2a: Hatterene|Psychic Noise|p1a: Mandibuzz
|-immune|p1a: Mandibuzz
|
|-heal|p2a: Hatterene|86/100|[from] item: Leftovers
|upkeep
|turn|42
|
|t:|1759069593
|switch|p2a: Tornadus|Tornadus-Therian, M|38/100
|move|p1a: Mandibuzz|Knock Off|p2a: Tornadus
|-damage|p2a: Tornadus|9/100
|-enditem|p2a: Tornadus|Assault Vest|[from] move: Knock Off|[of] p1a: Mandibuzz
|
|upkeep
|turn|43
|
|t:|1759069601
|move|p2a: Tornadus|Knock Off|p1a: Mandibuzz
|-resisted|p1a: Mandibuzz
|-damage|p1a: Mandibuzz|95/100
|-enditem|p1a: Mandibuzz|Heavy-Duty Boots|[from] move: Knock Off|[of] p2a: Tornadus
|move|p1a: Mandibuzz|Knock Off|p2a: Tornadus
|-damage|p2a: Tornadus|0 fnt
|faint|p2a: Tornadus
|
|upkeep
|
|t:|1759069622
|switch|p2a: Slowking|Slowking-Galar, F|34/100 brn
|turn|44
|
|t:|1759069626
|move|p1a: Mandibuzz|Foul Play|p2a: Slowking
|-supereffective|p2a: Slowking
|-damage|p2a: Slowking|8/100 brn
|move|p2a: Slowking|Ice Beam|p1a: Mandibuzz
|-supereffective|p1a: Mandibuzz
|-damage|p1a: Mandibuzz|57/100
|
|-damage|p2a: Slowking|2/100 brn|[from] brn
|upkeep
|turn|45
|
|t:|1759069633
|move|p1a: Mandibuzz|Roost|p1a: Mandibuzz
|-heal|p1a: Mandibuzz|100/100
|-singleturn|p1a: Mandibuzz|move: Roost
|move|p2a: Slowking|Sludge Bomb|p1a: Mandibuzz
|-damage|p1a: Mandibuzz|73/100
|
|-damage|p2a: Slowking|0 fnt|[from] brn
|faint|p2a: Slowking
|upkeep
|
|t:|1759069638
|switch|p2a: Kyurem|Kyurem|33/100 tox
|-ability|p2a: Kyurem|Pressure
|turn|46
|
|t:|1759069648
|-terastallize|p2a: Kyurem|Ice
|move|p2a: Kyurem|Freeze-Dry|p1a: Mandibuzz
|-supereffective|p1a: Mandibuzz
|-damage|p1a: Mandibuzz|0 fnt
|faint|p1a: Mandibuzz
|
|-damage|p2a: Kyurem|27/100 tox|[from] psn
|upkeep
|
|t:|1759069656
|switch|p1a: Gliscor|Gliscor, M, tera:Water|39/100 tox
|-damage|p1a: Gliscor|27/100 tox|[from] Stealth Rock
|turn|47
|
|t:|1759069660
|switch|p2a: Hatterene|Hatterene, F|86/100
|move|p1a: Gliscor|Protect||[still]
|-fail|p1a: Gliscor
|
|-heal|p2a: Hatterene|92/100|[from] item: Leftovers
|-heal|p1a: Gliscor|39/100 tox|[from] ability: Poison Heal
|upkeep
|turn|48
|
|t:|1759069664
|move|p1a: Gliscor|Protect|p1a: Gliscor
|-singleturn|p1a: Gliscor|Protect
|move|p2a: Hatterene|Psychic Noise|p1a: Gliscor
|-activate|p1a: Gliscor|move: Protect
|
|-heal|p2a: Hatterene|98/100|[from] item: Leftovers
|-heal|p1a: Gliscor|52/100 tox|[from] ability: Poison Heal
|upkeep
|turn|49
|
|t:|1759069672
|move|p1a: Gliscor|Earthquake|p2a: Hatterene
|-damage|p2a: Hatterene|71/100
|move|p2a: Hatterene|Psychic Noise|p1a: Gliscor
|-damage|p1a: Gliscor|23/100 tox
|-start|p1a: Gliscor|move: Heal Block
|
|-heal|p2a: Hatterene|77/100|[from] item: Leftovers
|upkeep
|turn|50
|
|t:|1759069676
|move|p1a: Gliscor|Earthquake|p2a: Hatterene
|-damage|p2a: Hatterene|48/100
|move|p2a: Hatterene|Psychic Noise|p1a: Gliscor
|-crit|p1a: Gliscor
|-damage|p1a: Gliscor|0 fnt
|faint|p1a: Gliscor
|
|-heal|p2a: Hatterene|54/100|[from] item: Leftovers
|upkeep
|
|t:|1759069679
|switch|p1a: Weezing|Weezing-Galar, M|86/100
|-ability|p1a: Weezing|Neutralizing Gas
|-damage|p1a: Weezing|73/100|[from] Stealth Rock
|turn|51
|
|t:|1759069682
|move|p1a: Weezing|Sludge Bomb|p2a: Hatterene
|-supereffective|p2a: Hatterene
|-damage|p2a: Hatterene|0 fnt
|faint|p2a: Hatterene
|
|-heal|p1a: Weezing|79/100|[from] item: Leftovers
|upkeep
|
|t:|1759069686
|switch|p2a: Heatran|Heatran, M|41/100
|turn|52
|
|t:|1759069692
|move|p2a: Heatran|Earth Power|p1a: Weezing
|-supereffective|p1a: Weezing
|-damage|p1a: Weezing|4/100
|-unboost|p1a: Weezing|spd|1
|move|p1a: Weezing|Defog|p2a: Heatran
|-unboost|p2a: Heatran|evasion|1
|-sideend|p1: Laughable|Stealth Rock|[from] move: Defog|[of] p1a: Weezing
|
|-heal|p2a: Heatran|47/100|[from] item: Leftovers
|-heal|p1a: Weezing|10/100|[from] item: Leftovers
|upkeep
|turn|53
|
|t:|1759069695
|move|p2a: Heatran|Earth Power|p1a: Weezing
|-supereffective|p1a: Weezing
|-damage|p1a: Weezing|0 fnt
|faint|p1a: Weezing
|-end|p1a: Weezing|ability: Neutralizing Gas
|
|win|gidgadgod
|raw|Laughable's rating: 1516 &rarr; <strong>1498</strong><br />(-18 for losing)
|raw|gidgadgod's rating: 1544 &rarr; <strong>1562</strong><br />(+18 for winning)
|l|☆Laughable
|player|p1|
|l|‽gidgadgod
|player|p2|
