|j|☆dseokp
|j|☆nmx123
|t:|1758964828
|gametype|singles
|player|p1|dseokp|unknown|1562
|player|p2|nmx123|1|1610
|gen|9
|tier|[Gen 9] OU
|rated|
|rule|HP Percentage Mod: HP is shown in percentages
|rule|Endless Battle Clause: Forcing endless battles is banned
|rule|Species Clause: Limit one of each Pokémon
|rule|OHKO Clause: OHKO moves are banned
|rule|Evasion Items Clause: Evasion items are banned
|rule|Evasion Moves Clause: Evasion moves are banned
|rule|Evasion Abilities Clause: Evasion abilities are banned
|rule|Sleep Moves Clause: Sleep-inducing moves are banned
|clearpoke
|poke|p1|Glimmora, M|
|poke|p1|Iron Treads|
|poke|p1|Polteageist-Antique|
|poke|p1|Raging Bolt|
|poke|p1|Dragonite, F|
|poke|p1|Zamazenta-*|
|poke|p2|Dragonite, F|
|poke|p2|Zamazenta-*|
|poke|p2|Gholdengo|
|poke|p2|Raging Bolt|
|poke|p2|Ninetales-Alola, M|
|poke|p2|Great Tusk|
|teampreview
|inactive|Battle timer is ON: inactive players will automatically lose when time's up. (requested by nmx123)
|j| Rizzofreko
|
|t:|1758964849
|teamsize|p1|6
|teamsize|p2|6
|start
|switch|p1a: Iron Treads|Iron Treads|100/100
|switch|p2a: Great Tusk|Great Tusk|100/100
|-enditem|p1a: Iron Treads|Booster Energy
|-activate|p1a: Iron Treads|ability: Quark Drive|[fromitem]
|-start|p1a: Iron Treads|quarkdrivespe
|turn|1
|
|t:|1758964855
|move|p1a: Iron Treads|Knock Off|p2a: Great Tusk
|-resisted|p2a: Great Tusk
|-damage|p2a: Great Tusk|92/100
|-damage|p1a: Iron Treads|84/100|[from] item: Rocky Helmet|[of] p2a: Great Tusk
|-enditem|p2a: Great Tusk|Rocky Helmet|[from] move: Knock Off|[of] p1a: Iron Treads
|move|p2a: Great Tusk|Close Combat|p1a: Iron Treads
|-supereffective|p1a: Iron Treads
|-damage|p1a: Iron Treads|0 fnt
|-unboost|p2a: Great Tusk|def|1
|-unboost|p2a: Great Tusk|spd|1
|faint|p1a: Iron Treads
|-end|p1a: Iron Treads|Quark Drive|[silent]
|
|upkeep
|
|t:|1758964873
|switch|p1a: Glimmora|Glimmora, M|100/100
|turn|2
|
|t:|1758964886
|-end|p2a: Great Tusk|Protosynthesis|[silent]
|switch|p2a: Gholdengo|Gholdengo|100/100
|move|p1a: Glimmora|Energy Ball|p2a: Gholdengo
|-resisted|p2a: Gholdengo
|-damage|p2a: Gholdengo|81/100
|
|upkeep
|turn|3
|
|t:|1758964905
|switch|p1a: Raging Bolt|Raging Bolt|100/100
|-enditem|p1a: Raging Bolt|Booster Energy
|-activate|p1a: Raging Bolt|ability: Protosynthesis|[fromitem]
|-start|p1a: Raging Bolt|protosynthesisspa
|move|p2a: Gholdengo|Make It Rain|p1a: Raging Bolt
|-resisted|p1a: Raging Bolt
|-damage|p1a: Raging Bolt|69/100
|-unboost|p2a: Gholdengo|spa|1
|
|upkeep
|turn|4
|j| heatraniac
|
|t:|1758964920
|switch|p2a: Great Tusk|Great Tusk|92/100
|move|p1a: Raging Bolt|Calm Mind|p1a: Raging Bolt
|-boost|p1a: Raging Bolt|spa|1
|-boost|p1a: Raging Bolt|spd|1
|
|upkeep
|turn|5
|
|t:|1758964930
|-terastallize|p1a: Raging Bolt|Bug
|move|p1a: Raging Bolt|Dragon Pulse|p2a: Great Tusk
|-damage|p2a: Great Tusk|0 fnt
|faint|p2a: Great Tusk
|-end|p2a: Great Tusk|Protosynthesis|[silent]
|
|upkeep
|
|t:|1758964937
|switch|p2a: Dragonite|Dragonite, F|100/100
|turn|6
|
|t:|1758964957
|-end|p1a: Raging Bolt|Protosynthesis|[silent]
|switch|p1a: Zamazenta|Zamazenta|100/100
|-ability|p1a: Zamazenta|Dauntless Shield|boost
|-boost|p1a: Zamazenta|def|1
|-terastallize|p2a: Dragonite|Normal
|move|p2a: Dragonite|Extreme Speed|p1a: Zamazenta
|-damage|p1a: Zamazenta|65/100
|
|-heal|p1a: Zamazenta|71/100|[from] item: Leftovers
|upkeep
|turn|7
|inactive|dseokp has 120 seconds left.
|l| heatraniac
|
|t:|1758964980
|switch|p1a: Polteageist|Polteageist-Antique|100/100
|switch|p2a: Gholdengo|Gholdengo|81/100
|
|upkeep
|turn|8
|inactive|dseokp has 120 seconds left.
|
|t:|1758964989
|move|p2a: Gholdengo|Shadow Ball|p1a: Polteageist
|-supereffective|p1a: Polteageist
|-damage|p1a: Polteageist|5/100
|-unboost|p1a: Polteageist|spd|1
|move|p1a: Polteageist|Shell Smash|p1a: Polteageist
|-unboost|p1a: Polteageist|def|1
|-unboost|p1a: Polteageist|spd|1
|-boost|p1a: Polteageist|atk|2
|-boost|p1a: Polteageist|spa|2
|-boost|p1a: Polteageist|spe|2
|
|upkeep
|turn|9
|inactive|dseokp has 120 seconds left.
|
|t:|1758965006
|move|p1a: Polteageist|Shadow Ball|p2a: Gholdengo
|-supereffective|p2a: Gholdengo
|-damage|p2a: Gholdengo|0 fnt
|faint|p2a: Gholdengo
|
|upkeep
|
|t:|1758965013
|switch|p2a: Raging Bolt|Raging Bolt|100/100
|turn|10
|inactive|dseokp has 120 seconds left.
|
|t:|1758965038
|move|p1a: Polteageist|Shell Smash|p1a: Polteageist
|-unboost|p1a: Polteageist|def|1
|-unboost|p1a: Polteageist|spd|1
|-boost|p1a: Polteageist|atk|2
|-boost|p1a: Polteageist|spa|2
|-boost|p1a: Polteageist|spe|2
|move|p2a: Raging Bolt|Thunderbolt|p1a: Polteageist
|-damage|p1a: Polteageist|0 fnt
|faint|p1a: Polteageist
|-damage|p2a: Raging Bolt|91/100|[from] item: Life Orb
|
|upkeep
|
|t:|1758965048
|switch|p1a: Raging Bolt|Raging Bolt, tera:Bug|69/100
|turn|11
|j| wgw2333
|
|t:|1758965073
|-end|p2a: Raging Bolt|Protosynthesis|[silent]
|switch|p2a: Ninetales|Ninetales-Alola, M|100/100
|-weather|Snowscape|[from] ability: Snow Warning|[of] p2a: Ninetales
|move|p1a: Raging Bolt|Dragon Pulse|p2a: Ninetales
|-immune|p2a: Ninetales
|
|-weather|Snowscape|[upkeep]
|upkeep
|turn|12
|
|t:|1758965081
|move|p2a: Ninetales|Encore|p1a: Raging Bolt
|-start|p1a: Raging Bolt|Encore
|move|p1a: Raging Bolt|Dragon Pulse|p2a: Ninetales
|-immune|p2a: Ninetales
|
|-weather|Snowscape|[upkeep]
|upkeep
|turn|13
|
|t:|1758965092
|-end|p1a: Raging Bolt|Protosynthesis|[silent]
|switch|p1a: Glimmora|Glimmora, M|100/100
|move|p2a: Ninetales|Aurora Veil|p2a: Ninetales
|-sidestart|p2: nmx123|move: Aurora Veil
|
|-weather|Snowscape|[upkeep]
|upkeep
|turn|14
|
|t:|1758965115
|switch|p2a: Dragonite|Dragonite, F, tera:Normal|100/100
|move|p1a: Glimmora|Sludge Wave|p2a: Dragonite
|-damage|p2a: Dragonite|89/100
|
|-weather|Snowscape|[upkeep]
|upkeep
|turn|15
|inactive|dseokp has 90 seconds left.
|
|t:|1758965134
|move|p1a: Glimmora|Sludge Wave|p2a: Dragonite
|-damage|p2a: Dragonite|67/100
|move|p2a: Dragonite|Earthquake|p1a: Glimmora
|-supereffective|p1a: Glimmora
|-damage|p1a: Glimmora|0 fnt
|-activate|p1a: Glimmora|ability: Toxic Debris
|-sidestart|p2: nmx123|move: Toxic Spikes
|faint|p1a: Glimmora
|
|-weather|none
|upkeep
|inactive|dseokp has 90 seconds left.
|l| Rizzofreko
|
|t:|1758965159
|switch|p1a: Raging Bolt|Raging Bolt, tera:Bug|69/100
|turn|16
|
|t:|1758965173
|switch|p2a: Ninetales|Ninetales-Alola, M|100/100
|-status|p2a: Ninetales|psn
|-weather|Snowscape|[from] ability: Snow Warning|[of] p2a: Ninetales
|move|p1a: Raging Bolt|Calm Mind|p1a: Raging Bolt
|-boost|p1a: Raging Bolt|spa|1
|-boost|p1a: Raging Bolt|spd|1
|
|-weather|Snowscape|[upkeep]
|-damage|p2a: Ninetales|88/100 psn|[from] psn
|upkeep
|turn|17
|
|t:|1758965189
|-end|p1a: Raging Bolt|Protosynthesis|[silent]
|switch|p1a: 快龙一定要快|Dragonite, F|100/100
|move|p2a: Ninetales|Encore||[still]
|-fail|p2a: Ninetales
|
|-weather|Snowscape|[upkeep]
|-damage|p2a: Ninetales|76/100 psn|[from] psn
|upkeep
|turn|18
|inactive|dseokp has 60 seconds left.
|
|t:|1758965227
|switch|p1a: Raging Bolt|Raging Bolt, tera:Bug|69/100
|move|p2a: Ninetales|Freeze-Dry|p1a: Raging Bolt
|-damage|p1a: Raging Bolt|50/100
|
|-weather|Snowscape|[upkeep]
|-damage|p2a: Ninetales|64/100 psn|[from] psn
|upkeep
|turn|19
|
|t:|1758965241
|switch|p2a: Dragonite|Dragonite, F, tera:Normal|67/100
|-status|p2a: Dragonite|psn
|move|p1a: Raging Bolt|Thunderbolt|p2a: Dragonite
|-damage|p2a: Dragonite|42/100 psn
|
|-weather|Snowscape|[upkeep]
|-damage|p2a: Dragonite|29/100 psn|[from] psn
|upkeep
|turn|20
|inactive|dseokp has 30 seconds left.
|
|t:|1758965271
|move|p2a: Dragonite|Extreme Speed|p1a: Raging Bolt
|-damage|p1a: Raging Bolt|0 fnt
|faint|p1a: Raging Bolt
|-end|p1a: Raging Bolt|Protosynthesis|[silent]
|
|-weather|none
|-damage|p2a: Dragonite|17/100 psn|[from] psn
|-sideend|p2: nmx123|move: Aurora Veil
|upkeep
|inactive|dseokp has 30 seconds left this turn.
|inactive|dseokp has 20 seconds left.
|inactive|dseokp has 15 seconds left.
|
|t:|1758965290
|switch|p1a: 快龙一定要快|Dragonite, F|100/100
|turn|21
|inactive|dseokp has 25 seconds left this turn.
|inactive|dseokp has 20 seconds left.
|
|t:|1758965300
|move|p2a: Dragonite|Extreme Speed|p1a: 快龙一定要快
|-damage|p1a: 快龙一定要快|70/100
|move|p1a: 快龙一定要快|Extreme Speed|p2a: Dragonite
|-damage|p2a: Dragonite|0 fnt
|faint|p2a: Dragonite
|
|upkeep
|l| wgw2333
|
|t:|1758965305
|switch|p2a: Zamazenta|Zamazenta|100/100
|-status|p2a: Zamazenta|psn
|-ability|p2a: Zamazenta|Dauntless Shield|boost
|-boost|p2a: Zamazenta|def|1
|turn|22
|
|t:|1758965310
|switch|p1a: Zamazenta|Zamazenta|71/100
|move|p2a: Zamazenta|Iron Defense|p2a: Zamazenta
|-boost|p2a: Zamazenta|def|2
|
|-heal|p1a: Zamazenta|77/100|[from] item: Leftovers
|-damage|p2a: Zamazenta|88/100 psn|[from] psn
|upkeep
|turn|23
|
|t:|1758965317
|move|p2a: Zamazenta|Body Press|p1a: Zamazenta
|-damage|p1a: Zamazenta|0 fnt
|faint|p1a: Zamazenta
|
|-heal|p2a: Zamazenta|94/100 psn|[from] item: Leftovers
|-damage|p2a: Zamazenta|82/100 psn|[from] psn
|upkeep
|-message|dseokp forfeited.
|
|win|nmx123
|raw|dseokp's rating: 1562 &rarr; <strong>1545</strong><br />(-17 for losing)
|raw|nmx123's rating: 1610 &rarr; <strong>1627</strong><br />(+17 for winning)
|l|☆dseokp
|player|p1|
|l|☆nmx123
|player|p2|
