|badge|p2|bronze|gen9ou|100-6
|html|<div class="broadcast-red"><strong>This battle is required to be public due to one or more player having a season medal.</strong><br />During the public phase, you can discuss the state of the ladder <a href="/seasondiscussion">in a special chatroom.</a></div>
|uhtml|medal-msg|<div class="broadcast-blue">Curious what those medals under the avatar are? PS now has Ladder Seasons! For more information, check out the <a href="https://www.smogon.com/forums/threads/3740067/">thread on Smogon.</a></div>
|raw|<div class="broadcast-blue"><strong>This battle is required to be public due to a player having a name starting with 'medal'.</div>
|j|☆f0rtnyte pleyor
|j|☆osiris seth
|t:|1759024023
|gametype|singles
|player|p1|f0rtnyte pleyor|plasmagruntf-gen5bw|1546
|player|p2|osiris seth|psychicf-gen4|1826
|gen|9
|tier|[Gen 9] OU
|rated|
|rule|HP Percentage Mod: HP is shown in percentages
|rule|Endless Battle Clause: Forcing endless battles is banned
|rule|Species Clause: Limit one of each Pokémon
|rule|OHKO Clause: OHKO moves are banned
|rule|Evasion Items Clause: Evasion items are banned
|rule|Evasion Moves Clause: Evasion moves are banned
|rule|Evasion Abilities Clause: Evasion abilities are banned
|rule|Sleep Moves Clause: Sleep-inducing moves are banned
|clearpoke
|poke|p1|Samurott-Hisui, F|
|poke|p1|Great Tusk|
|poke|p1|Raging Bolt|
|poke|p1|Ogerpon-Wellspring, F|
|poke|p1|Primarina, F|
|poke|p1|Latios, M|
|poke|p2|Amoonguss, F|
|poke|p2|Alomomola, F|
|poke|p2|Great Tusk|
|poke|p2|Cinderace, M|
|poke|p2|Darkrai|
|poke|p2|Enamorus, F|
|teampreview
|inactive|Battle timer is ON: inactive players will automatically lose when time's up. (requested by f0rtnyte pleyor)
|
|t:|1759024051
|teamsize|p1|6
|teamsize|p2|6
|start
|switch|p1a: Latios|Latios, M, shiny|100/100
|switch|p2a: Cinderace|Cinderace, M|100/100
|turn|1
|
|t:|1759024078
|move|p1a: Latios|Draco Meteor|p2a: Cinderace
|-damage|p2a: Cinderace|25/100
|-unboost|p1a: Latios|spa|2
|move|p2a: Cinderace|U-turn|p1a: Latios
|-supereffective|p1a: Latios
|-damage|p1a: Latios|51/100
|
|t:|1759024092
|switch|p2a: Enamorus|Enamorus, F|100/100|[from] U-turn
|
|upkeep
|turn|2
|
|t:|1759024099
|switch|p1a: Primarina|Primarina, F|100/100
|move|p2a: Enamorus|Moonblast|p1a: Primarina
|-crit|p1a: Primarina
|-damage|p1a: Primarina|0 fnt
|faint|p1a: Primarina
|
|upkeep
|
|t:|1759024106
|switch|p1a: Ogerpon|Ogerpon-Wellspring, F|100/100
|turn|3
|
|t:|1759024126
|switch|p2a: Amoonguss|Amoonguss, F|100/100
|switch|p1a: Raging Bolt|Raging Bolt|100/100
|
|upkeep
|turn|4
|
|t:|1759024129
|move|p1a: Raging Bolt|Draco Meteor|p2a: Amoonguss
|-damage|p2a: Amoonguss|0 fnt
|-unboost|p1a: Raging Bolt|spa|2
|faint|p2a: Amoonguss
|
|upkeep
|
|t:|1759024132
|switch|p2a: Enamorus|Enamorus, F|100/100
|turn|5
|
|t:|1759024143
|-end|p1a: Raging Bolt|Protosynthesis|[silent]
|switch|p1a: Samurott|Samurott-Hisui, F|100/100
|move|p2a: Enamorus|Moonblast|p1a: Samurott
|-supereffective|p1a: Samurott
|-damage|p1a: Samurott|0 fnt
|faint|p1a: Samurott
|
|upkeep
|
|t:|1759024149
|switch|p1a: Ogerpon|Ogerpon-Wellspring, F|100/100
|turn|6
|
|t:|1759024157
|switch|p2a: Darkrai|Darkrai|100/100
|-terastallize|p1a: Ogerpon|Water
|detailschange|p1a: Ogerpon|Ogerpon-Wellspring-Tera, F, tera:Water
|-ability|p1a: Ogerpon|Embody Aspect (Wellspring)|boost
|-boost|p1a: Ogerpon|spd|1
|move|p1a: Ogerpon|Swords Dance|p1a: Ogerpon
|-boost|p1a: Ogerpon|atk|2
|
|upkeep
|turn|7
|
|t:|1759024165
|move|p2a: Darkrai|Will-O-Wisp|p1a: Ogerpon
|-status|p1a: Ogerpon|brn
|move|p1a: Ogerpon|Trailblaze|p2a: Darkrai
|-damage|p2a: Darkrai|55/100
|-boost|p1a: Ogerpon|spe|1
|
|-damage|p1a: Ogerpon|95/100 brn|[from] brn
|upkeep
|turn|8
|
|t:|1759024172
|move|p2a: Darkrai|Sucker Punch|p1a: Ogerpon
|-damage|p1a: Ogerpon|48/100 brn
|move|p1a: Ogerpon|Ivy Cudgel|p2a: Darkrai|[anim] Ivy Cudgel Water
|-damage|p2a: Darkrai|0 fnt
|faint|p2a: Darkrai
|
|-damage|p1a: Ogerpon|42/100 brn|[from] brn
|upkeep
|
|t:|1759024175
|switch|p2a: Great Tusk|Great Tusk|100/100
|turn|9
|
|t:|1759024179
|move|p1a: Ogerpon|Ivy Cudgel|p2a: Great Tusk|[anim] Ivy Cudgel Water
|-supereffective|p2a: Great Tusk
|-damage|p2a: Great Tusk|0 fnt
|faint|p2a: Great Tusk
|-end|p2a: Great Tusk|Protosynthesis|[silent]
|
|-damage|p1a: Ogerpon|36/100 brn|[from] brn
|upkeep
|
|t:|1759024187
|switch|p2a: Alomomola|Alomomola, F|100/100
|turn|10
|
|t:|1759024191
|move|p1a: Ogerpon|Knock Off|p2a: Alomomola
|-damage|p2a: Alomomola|68/100
|-enditem|p2a: Alomomola|Assault Vest|[from] move: Knock Off|[of] p1a: Ogerpon
|move|p2a: Alomomola|Body Slam|p1a: Ogerpon
|-damage|p1a: Ogerpon|16/100 brn
|
|-damage|p1a: Ogerpon|10/100 brn|[from] brn
|upkeep
|turn|11
|c|☆osiris seth|uhm
|
|t:|1759024200
|move|p1a: Ogerpon|Trailblaze|p2a: Alomomola
|-supereffective|p2a: Alomomola
|-crit|p2a: Alomomola
|-damage|p2a: Alomomola|0 fnt
|-boost|p1a: Ogerpon|spe|1
|faint|p2a: Alomomola
|
|-damage|p1a: Ogerpon|4/100 brn|[from] brn
|upkeep
|-message|osiris seth forfeited.
|
|win|f0rtnyte pleyor
|raw|f0rtnyte pleyor's rating: 1546 &rarr; <strong>1579</strong><br />(+33 for winning)
|raw|osiris seth's rating: 1826 &rarr; <strong>1793</strong><br />(-33 for losing)
|l|☆osiris seth
|player|p2|
|j| Kira The Cleanser
|l| Kira The Cleanser
|j| zReptar
|l| zReptar
|j| flaretoon
