|j|☆Nameless Moron
|j|☆Femb0yserperior<3
|t:|1759066771
|gametype|singles
|player|p1|Nameless Moron|unknown|1131
|player|p2|Femb0yserperior<3|elesa|1135
|gen|9
|tier|[Gen 9] OU
|rated|
|rule|HP Percentage Mod: HP is shown in percentages
|rule|Endless Battle Clause: Forcing endless battles is banned
|rule|Species Clause: Limit one of each Pokémon
|rule|OHKO Clause: OHKO moves are banned
|rule|Evasion Items Clause: Evasion items are banned
|rule|Evasion Moves Clause: Evasion moves are banned
|rule|Evasion Abilities Clause: Evasion abilities are banned
|rule|Sleep Moves Clause: Sleep-inducing moves are banned
|clearpoke
|poke|p1|Slowking-Galar, F|
|poke|p1|Zamazenta-*|
|poke|p1|Kyurem|
|poke|p1|Cinderace, M|
|poke|p1|Iron Valiant|
|poke|p1|Great Tusk|
|poke|p2|Toxtricity-Low-Key, M|
|poke|p2|Iron Moth|
|poke|p2|Cloyster, M|
|poke|p2|Maushold|
|poke|p2|Shiftry, M|
|poke|p2|Necrozma|
|teampreview
|inactive|Battle timer is ON: inactive players will automatically lose when time's up. (requested by Femb0yserperior<3)
|inactive|Nameless Moron also wants the timer to be on.
|
|t:|1759066779
|teamsize|p1|6
|teamsize|p2|6
|start
|switch|p1a: Iron Valiant|Iron Valiant|100/100
|switch|p2a: Iron Moth|Iron Moth, shiny|100/100
|-item|p2a: Iron Moth|Air Balloon
|-enditem|p1a: Iron Valiant|Booster Energy
|-activate|p1a: Iron Valiant|ability: Quark Drive|[fromitem]
|-start|p1a: Iron Valiant|quarkdrivespe
|turn|1
|
|t:|1759066794
|-terastallize|p1a: Iron Valiant|Electric
|move|p1a: Iron Valiant|Calm Mind|p1a: Iron Valiant
|-boost|p1a: Iron Valiant|spa|1
|-boost|p1a: Iron Valiant|spd|1
|move|p2a: Iron Moth|Sludge Wave|p1a: Iron Valiant
|-damage|p1a: Iron Valiant|35/100
|
|upkeep
|turn|2
|
|t:|1759066806
|move|p1a: Iron Valiant|Thunderbolt|p2a: Iron Moth
|-damage|p2a: Iron Moth|32/100
|-enditem|p2a: Iron Moth|Air Balloon
|move|p2a: Iron Moth|Fiery Dance|p1a: Iron Valiant
|-damage|p1a: Iron Valiant|0 fnt
|faint|p1a: Iron Valiant
|-end|p1a: Iron Valiant|Quark Drive|[silent]
|
|upkeep
|
|t:|1759066820
|switch|p1a: Cinderace|Cinderace, M|100/100
|turn|3
|
|t:|1759066823
|move|p1a: Cinderace|Pyro Ball|p2a: Iron Moth
|-resisted|p2a: Iron Moth
|-crit|p2a: Iron Moth
|-damage|p2a: Iron Moth|0 fnt
|faint|p2a: Iron Moth
|-end|p2a: Iron Moth|Quark Drive|[silent]
|
|upkeep
|
|t:|1759066829
|switch|p2a: Necrozma|Necrozma, shiny|100/100
|turn|4
|
|t:|1759066842
|move|p1a: Cinderace|U-turn|p2a: Necrozma
|-start|p1a: Cinderace|typechange|Bug|[from] ability: Libero
|-supereffective|p2a: Necrozma
|-damage|p2a: Necrozma|61/100
|
|t:|1759066854
|switch|p1a: Kyurem|Kyurem, shiny|100/100|[from] U-turn
|-ability|p1a: Kyurem|Pressure
|move|p2a: Necrozma|Photon Geyser|p1a: Kyurem
|-damage|p1a: Kyurem|15/100
|
|upkeep
|turn|5
|
|t:|1759066867
|move|p1a: Kyurem|Freeze-Dry|p2a: Necrozma
|-damage|p2a: Necrozma|11/100
|move|p2a: Necrozma|Photon Geyser|p1a: Kyurem
|-damage|p1a: Kyurem|0 fnt
|faint|p1a: Kyurem
|
|upkeep
|
|t:|1759066877
|switch|p1a: Cinderace|Cinderace, M|100/100
|turn|6
|
|t:|1759066880
|move|p1a: Cinderace|Trailblaze|p2a: Necrozma
|-start|p1a: Cinderace|typechange|Grass|[from] ability: Libero
|-damage|p2a: Necrozma|0 fnt
|-boost|p1a: Cinderace|spe|1
|faint|p2a: Necrozma
|
|upkeep
|
|t:|1759066887
|switch|p2a: Cloyster|Cloyster, M, shiny|100/100
|turn|7
|
|t:|1759066898
|switch|p2a: Toxtricity|Toxtricity-Low-Key, M, shiny|100/100
|-item|p2a: Toxtricity|Air Balloon
|move|p1a: Cinderace|U-turn|p2a: Toxtricity
|-resisted|p2a: Toxtricity
|-damage|p2a: Toxtricity|86/100
|-enditem|p2a: Toxtricity|Air Balloon
|
|t:|1759066905
|switch|p1a: Great Tusk|Great Tusk|100/100|[from] U-turn
|
|upkeep
|turn|8
|
|t:|1759066915
|switch|p2a: Shiftry|Shiftry, M, shiny|100/100
|move|p1a: Great Tusk|Headlong Rush|p2a: Shiftry
|-resisted|p2a: Shiftry
|-damage|p2a: Shiftry|60/100
|-unboost|p1a: Great Tusk|def|1
|-unboost|p1a: Great Tusk|spd|1
|
|upkeep
|turn|9
|
|t:|1759066922
|move|p1a: Great Tusk|Close Combat|p2a: Shiftry
|-supereffective|p2a: Shiftry
|-damage|p2a: Shiftry|0 fnt
|-unboost|p1a: Great Tusk|def|1
|-unboost|p1a: Great Tusk|spd|1
|faint|p2a: Shiftry
|
|upkeep
|
|t:|1759066930
|switch|p2a: Maushold|Maushold, shiny|100/100
|turn|10
|
|t:|1759066941
|move|p2a: Maushold|Tidy Up|p2a: Maushold
|-boost|p2a: Maushold|atk|1
|-boost|p2a: Maushold|spe|1
|move|p1a: Great Tusk|Close Combat|p2a: Maushold
|-supereffective|p2a: Maushold
|-crit|p2a: Maushold
|-damage|p2a: Maushold|0 fnt
|-unboost|p1a: Great Tusk|def|1
|-unboost|p1a: Great Tusk|spd|1
|faint|p2a: Maushold
|
|upkeep
|-message|Femb0yserperior<3 forfeited.
|
|win|Nameless Moron
|raw|Nameless Moron's rating: 1131 &rarr; <strong>1156</strong><br />(+25 for winning)
|raw|Femb0yserperior&lt;3's rating: 1135 &rarr; <strong>1110</strong><br />(-25 for losing)
|l|☆Femb0yserperior<3
|player|p2|
|l|☆Nameless Moron
|player|p1|
