|j|☆me destroy you 15
|j|☆iluckbot
|t:|1758914372
|gametype|singles
|player|p1|me destroy you 15|flint|1099
|player|p2|iluckbot|ghetsis|1118
|gen|9
|tier|[Gen 9] OU
|rated|
|rule|HP Percentage Mod: HP is shown in percentages
|rule|Endless Battle Clause: Forcing endless battles is banned
|rule|Species Clause: Limit one of each Pokémon
|rule|OHKO Clause: OHKO moves are banned
|rule|Evasion Items Clause: Evasion items are banned
|rule|Evasion Moves Clause: Evasion moves are banned
|rule|Evasion Abilities Clause: Evasion abilities are banned
|rule|Sleep Moves Clause: Sleep-inducing moves are banned
|clearpoke
|poke|p1|Blastoise, M|
|poke|p1|Charizard, M|
|poke|p1|Vileplume, F|
|poke|p1|Forretress, M|
|poke|p1|Gengar, F|
|poke|p1|Electivire, M|
|poke|p2|Great Tusk|
|poke|p2|Iron Valiant|
|poke|p2|Zamazenta-*|
|poke|p2|Dragonite, M|
|poke|p2|Heatran, M|
|poke|p2|Pecharunt|
|teampreview
|inactive|Battle timer is ON: inactive players will automatically lose when time's up. (requested by iluckbot)
|
|t:|1758914386
|teamsize|p1|6
|teamsize|p2|6
|start
|switch|p1a: Charizard|Charizard, M|100/100
|switch|p2a: Great Tusk|Great Tusk|100/100
|-enditem|p2a: Great Tusk|Booster Energy
|-activate|p2a: Great Tusk|ability: Protosynthesis|[fromitem]
|-start|p2a: Great Tusk|protosynthesisdef
|turn|1
|
|t:|1758914394
|move|p1a: Charizard|Air Slash|p2a: Great Tusk
|-supereffective|p2a: Great Tusk
|-damage|p2a: Great Tusk|12/100
|move|p2a: Great Tusk|Knock Off|p1a: Charizard
|-damage|p1a: Charizard|63/100
|-enditem|p1a: Charizard|Quick Claw|[from] move: Knock Off|[of] p2a: Great Tusk
|
|upkeep
|turn|2
|
|t:|1758914406
|move|p1a: Charizard|Focus Blast|p2a: Great Tusk
|-damage|p2a: Great Tusk|0 fnt
|faint|p2a: Great Tusk
|-end|p2a: Great Tusk|Protosynthesis|[silent]
|
|upkeep
|
|t:|1758914424
|switch|p2a: Heatran|Heatran, M|100/100
|turn|3
|
|t:|1758914431
|move|p2a: Heatran|Protect|p2a: Heatran
|-singleturn|p2a: Heatran|Protect
|move|p1a: Charizard|Focus Blast|p2a: Heatran
|-activate|p2a: Heatran|move: Protect
|
|upkeep
|turn|4
|
|t:|1758914442
|switch|p2a: Pecharunt|Pecharunt|100/100
|move|p1a: Charizard|Focus Blast|p2a: Pecharunt
|-immune|p2a: Pecharunt
|
|upkeep
|turn|5
|
|t:|1758914449
|switch|p2a: Heatran|Heatran, M|100/100
|move|p1a: Charizard|Fire Blast|p2a: Heatran
|-start|p2a: Heatran|ability: Flash Fire
|
|upkeep
|turn|6
|
|t:|1758914457
|move|p2a: Heatran|Protect|p2a: Heatran
|-singleturn|p2a: Heatran|Protect
|move|p1a: Charizard|Focus Blast|p2a: Heatran
|-activate|p2a: Heatran|move: Protect
|
|upkeep
|turn|7
|
|t:|1758914481
|move|p1a: Charizard|Air Slash|p2a: Heatran
|-resisted|p2a: Heatran
|-damage|p2a: Heatran|90/100
|cant|p2a: Heatran|flinch
|
|-heal|p2a: Heatran|96/100|[from] item: Leftovers
|upkeep
|turn|8
|
|t:|1758914488
|move|p2a: Heatran|Protect|p2a: Heatran
|-singleturn|p2a: Heatran|Protect
|move|p1a: Charizard|Focus Blast|p2a: Heatran
|-activate|p2a: Heatran|move: Protect
|
|-heal|p2a: Heatran|100/100|[from] item: Leftovers
|upkeep
|turn|9
|
|t:|1758914497
|switch|p1a: Blastoise|Blastoise, M|100/100
|move|p2a: Heatran|Magma Storm|p1a: Blastoise
|-resisted|p1a: Blastoise
|-damage|p1a: Blastoise|75/100
|-activate|p1a: Blastoise|move: Magma Storm|[of] p2a: Heatran
|
|-damage|p1a: Blastoise|62/100|[from] move: Magma Storm|[partiallytrapped]
|upkeep
|turn|10
|
|t:|1758914505
|move|p1a: Blastoise|Shell Smash|p1a: Blastoise
|-unboost|p1a: Blastoise|def|1
|-unboost|p1a: Blastoise|spd|1
|-boost|p1a: Blastoise|atk|2
|-boost|p1a: Blastoise|spa|2
|-boost|p1a: Blastoise|spe|2
|-enditem|p1a: Blastoise|White Herb
|-clearnegativeboost|p1a: Blastoise|[silent]
|move|p2a: Heatran|Will-O-Wisp|p1a: Blastoise
|-status|p1a: Blastoise|brn
|
|-damage|p1a: Blastoise|56/100 brn|[from] brn
|-damage|p1a: Blastoise|44/100 brn|[from] move: Magma Storm|[partiallytrapped]
|upkeep
|turn|11
|
|t:|1758914518
|move|p2a: Heatran|Protect|p2a: Heatran
|-singleturn|p2a: Heatran|Protect
|move|p1a: Blastoise|Shell Smash|p1a: Blastoise
|-unboost|p1a: Blastoise|def|1
|-unboost|p1a: Blastoise|spd|1
|-boost|p1a: Blastoise|atk|2
|-boost|p1a: Blastoise|spa|2
|-boost|p1a: Blastoise|spe|2
|
|-damage|p1a: Blastoise|38/100 brn|[from] brn
|-damage|p1a: Blastoise|25/100 brn|[from] move: Magma Storm|[partiallytrapped]
|upkeep
|turn|12
|
|t:|1758914531
|move|p1a: Blastoise|Surf|p2a: Heatran
|-supereffective|p2a: Heatran
|-damage|p2a: Heatran|0 fnt
|faint|p2a: Heatran
|
|-damage|p1a: Blastoise|19/100 brn|[from] brn
|-end|p1a: Blastoise|Magma Storm|[partiallytrapped]|[silent]
|upkeep
|
|t:|1758914544
|switch|p2a: Zamazenta|Zamazenta, shiny|100/100
|-ability|p2a: Zamazenta|Dauntless Shield|boost
|-boost|p2a: Zamazenta|def|1
|turn|13
|
|t:|1758914551
|move|p1a: Blastoise|Surf|p2a: Zamazenta
|-damage|p2a: Zamazenta|10/100
|move|p2a: Zamazenta|Body Press|p1a: Blastoise
|-damage|p1a: Blastoise|0 fnt
|faint|p1a: Blastoise
|
|-heal|p2a: Zamazenta|16/100|[from] item: Leftovers
|upkeep
|
|t:|1758914564
|switch|p1a: Forretress|Forretress, M|100/100
|turn|14
|
|t:|1758914571
|move|p2a: Zamazenta|Iron Defense|p2a: Zamazenta
|-boost|p2a: Zamazenta|def|2
|move|p1a: Forretress|Lunge|p2a: Zamazenta
|-resisted|p2a: Zamazenta
|-damage|p2a: Zamazenta|12/100
|-unboost|p2a: Zamazenta|atk|1
|
|-heal|p2a: Zamazenta|19/100|[from] item: Leftovers
|upkeep
|turn|15
|
|t:|1758914580
|move|p2a: Zamazenta|Iron Defense|p2a: Zamazenta
|-boost|p2a: Zamazenta|def|2
|move|p1a: Forretress|Thunder Wave|p2a: Zamazenta
|-status|p2a: Zamazenta|par
|
|-heal|p2a: Zamazenta|25/100 par|[from] item: Leftovers
|upkeep
|turn|16
|
|t:|1758914588
|switch|p1a: Charizard|Charizard, M|63/100
|cant|p2a: Zamazenta|par
|
|-heal|p2a: Zamazenta|31/100 par|[from] item: Leftovers
|upkeep
|turn|17
|
|t:|1758914597
|move|p1a: Charizard|Air Slash|p2a: Zamazenta
|-supereffective|p2a: Zamazenta
|-damage|p2a: Zamazenta|0 fnt
|faint|p2a: Zamazenta
|
|upkeep
|
|t:|1758914614
|switch|p2a: Dragonite|Dragonite, M|100/100
|turn|18
|
|t:|1758914617
|move|p1a: Charizard|Dragon Pulse|p2a: Dragonite
|-supereffective|p2a: Dragonite
|-damage|p2a: Dragonite|75/100
|-enditem|p2a: Dragonite|Weakness Policy
|-boost|p2a: Dragonite|atk|2|[from] item: Weakness Policy
|-boost|p2a: Dragonite|spa|2|[from] item: Weakness Policy
|move|p2a: Dragonite|Dragon Dance|p2a: Dragonite
|-boost|p2a: Dragonite|atk|1
|-boost|p2a: Dragonite|spe|1
|
|upkeep
|turn|19
|
|t:|1758914640
|move|p2a: Dragonite|Ice Spinner|p1a: Charizard
|-damage|p1a: Charizard|0 fnt
|faint|p1a: Charizard
|
|upkeep
|
|t:|1758914646
|switch|p1a: Vileplume|Vileplume, F|100/100
|turn|20
|
|t:|1758914658
|-terastallize|p2a: Dragonite|Steel
|move|p2a: Dragonite|Ice Spinner|p1a: Vileplume
|-supereffective|p1a: Vileplume
|-damage|p1a: Vileplume|0 fnt
|-status|p2a: Dragonite|par|[from] ability: Effect Spore|[of] p1a: Vileplume
|faint|p1a: Vileplume
|
|upkeep
|
|t:|1758914666
|switch|p1a: Electivire|Electivire, M|100/100
|turn|21
|
|t:|1758914670
|move|p2a: Dragonite|Extreme Speed|p1a: Electivire
|-damage|p1a: Electivire|0 fnt
|faint|p1a: Electivire
|
|upkeep
|
|t:|1758914675
|switch|p1a: Gengar|Gengar, F|100/100
|turn|22
|
|t:|1758914678
|move|p1a: Gengar|Shadow Ball|p2a: Dragonite
|-damage|p2a: Dragonite|27/100 par
|-unboost|p2a: Dragonite|spd|1
|cant|p2a: Dragonite|par
|
|upkeep
|turn|23
|
|t:|1758914689
|move|p1a: Gengar|Shadow Ball|p2a: Dragonite
|-damage|p2a: Dragonite|0 fnt
|faint|p2a: Dragonite
|
|upkeep
|
|t:|1758914693
|switch|p2a: Pecharunt|Pecharunt|100/100
|turn|24
|
|t:|1758914721
|move|p1a: Gengar|Shadow Ball|p2a: Pecharunt
|-supereffective|p2a: Pecharunt
|-damage|p2a: Pecharunt|21/100
|move|p2a: Pecharunt|Destiny Bond|p2a: Pecharunt
|-singlemove|p2a: Pecharunt|Destiny Bond
|
|-heal|p2a: Pecharunt|27/100|[from] item: Leftovers
|upkeep
|turn|25
|
|t:|1758914732
|switch|p1a: Forretress|Forretress, M|100/100
|move|p2a: Pecharunt|Destiny Bond||[still]
|-fail|p2a: Pecharunt
|
|-heal|p2a: Pecharunt|33/100|[from] item: Leftovers
|upkeep
|turn|26
|
|t:|1758914739
|move|p2a: Pecharunt|Destiny Bond|p2a: Pecharunt
|-singlemove|p2a: Pecharunt|Destiny Bond
|move|p1a: Forretress|Thunder Wave|p2a: Pecharunt
|-status|p2a: Pecharunt|par
|
|-heal|p2a: Pecharunt|39/100 par|[from] item: Leftovers
|upkeep
|turn|27
|
|t:|1758914750
|switch|p1a: Gengar|Gengar, F|100/100
|move|p2a: Pecharunt|Parting Shot|p1a: Gengar
|-unboost|p1a: Gengar|atk|1
|-unboost|p1a: Gengar|spa|1
|
|t:|1758914755
|switch|p2a: Iron Valiant|Iron Valiant|100/100|[from] Parting Shot
|-enditem|p2a: Iron Valiant|Booster Energy
|-activate|p2a: Iron Valiant|ability: Quark Drive|[fromitem]
|-start|p2a: Iron Valiant|quarkdrivespe
|
|upkeep
|turn|28
|
|t:|1758914771
|move|p2a: Iron Valiant|Calm Mind|p2a: Iron Valiant
|-boost|p2a: Iron Valiant|spa|1
|-boost|p2a: Iron Valiant|spd|1
|move|p1a: Gengar|Sludge Bomb|p2a: Iron Valiant
|-supereffective|p2a: Iron Valiant
|-damage|p2a: Iron Valiant|19/100
|
|upkeep
|turn|29
|
|t:|1758914779
|move|p2a: Iron Valiant|Shadow Ball|p1a: Gengar
|-supereffective|p1a: Gengar
|-enditem|p1a: Gengar|Focus Sash
|-damage|p1a: Gengar|1/100
|move|p1a: Gengar|Sludge Bomb|p2a: Iron Valiant
|-supereffective|p2a: Iron Valiant
|-damage|p2a: Iron Valiant|0 fnt
|faint|p2a: Iron Valiant
|-end|p2a: Iron Valiant|Quark Drive|[silent]
|
|upkeep
|
|t:|1758914787
|switch|p2a: Pecharunt|Pecharunt|39/100 par
|turn|30
|
|t:|1758914792
|move|p1a: Gengar|Shadow Ball|p2a: Pecharunt
|-supereffective|p2a: Pecharunt
|-damage|p2a: Pecharunt|0 fnt
|faint|p2a: Pecharunt
|
|win|me destroy you 15
|raw|me destroy you 15's rating: 1099 &rarr; <strong>1126</strong><br />(+27 for winning)
|raw|iluckbot's rating: 1118 &rarr; <strong>1092</strong><br />(-26 for losing)
|c|☆me destroy you 15|GG
|l|☆iluckbot
|player|p2|
|l|☆me destroy you 15
|player|p1|
