|j|☆KevinHaHa
|j|☆Jon Mateo
|t:|1758976421
|gametype|singles
|player|p1|KevinHaHa|lucas|1347
|player|p2|Jon Mateo|101|1309
|gen|9
|tier|[Gen 9] OU
|rated|
|rule|HP Percentage Mod: HP is shown in percentages
|rule|Endless Battle Clause: Forcing endless battles is banned
|rule|Species Clause: Limit one of each Pokémon
|rule|OHKO Clause: OHKO moves are banned
|rule|Evasion Items Clause: Evasion items are banned
|rule|Evasion Moves Clause: Evasion moves are banned
|rule|Evasion Abilities Clause: Evasion abilities are banned
|rule|Sleep Moves Clause: Sleep-inducing moves are banned
|clearpoke
|poke|p1|Ninetales-Alola, F|
|poke|p1|Araquanid, M|
|poke|p1|Pecharunt|
|poke|p1|Gholdengo|
|poke|p1|Garchomp, M|
|poke|p1|Latias, F|
|poke|p2|Ceruledge, M|
|poke|p2|Quaquaval, M|
|poke|p2|Gardevoir, F|
|poke|p2|Garchomp, M|
|poke|p2|Rotom-Frost|
|poke|p2|Kingdra, F|
|teampreview
|inactive|Battle timer is ON: inactive players will automatically lose when time's up. (requested by KevinHaHa)
|
|t:|1758976440
|teamsize|p1|6
|teamsize|p2|6
|start
|switch|p1a: Araquanid|Araquanid, M, shiny|100/100
|switch|p2a: Gardevoir|Gardevoir, F|100/100
|-ability|p2a: Gardevoir|Water Bubble|Trace|[from] ability: Trace|[of] p1a: Araquanid
|turn|1
|
|t:|1758976450
|move|p2a: Gardevoir|Trick|p1a: Araquanid
|-activate|p2a: Gardevoir|move: Trick|[of] p1a: Araquanid
|-item|p1a: Araquanid|Choice Scarf|[from] move: Trick
|-item|p2a: Gardevoir|Custap Berry|[from] move: Trick
|move|p1a: Araquanid|Sticky Web|p2a: Gardevoir
|-sidestart|p2: Jon Mateo|move: Sticky Web
|
|upkeep
|turn|2
|
|t:|1758976462
|switch|p1a: Ninetales|Ninetales-Alola, F, shiny|100/100
|-weather|Snowscape|[from] ability: Snow Warning|[of] p1a: Ninetales
|move|p2a: Gardevoir|Mystical Fire|p1a: Ninetales
|-supereffective|p1a: Ninetales
|-damage|p1a: Ninetales|49/100
|-unboost|p1a: Ninetales|spa|1
|
|-weather|Snowscape|[upkeep]
|upkeep
|turn|3
|
|t:|1758976471
|move|p1a: Ninetales|Aurora Veil|p1a: Ninetales
|-sidestart|p1: KevinHaHa|move: Aurora Veil
|move|p2a: Gardevoir|Mystical Fire|p1a: Ninetales
|-supereffective|p1a: Ninetales
|-damage|p1a: Ninetales|24/100
|-unboost|p1a: Ninetales|spa|1
|
|-weather|Snowscape|[upkeep]
|upkeep
|turn|4
|
|t:|1758976482
|switch|p1a: Latias|Latias, F, shiny|100/100
|move|p2a: Gardevoir|Mystical Fire|p1a: Latias
|-resisted|p1a: Latias
|-damage|p1a: Latias|96/100
|-unboost|p1a: Latias|spa|1
|
|-weather|Snowscape|[upkeep]
|-heal|p1a: Latias|100/100|[from] item: Leftovers
|upkeep
|turn|5
|
|t:|1758976491
|move|p1a: Latias|Calm Mind|p1a: Latias
|-boost|p1a: Latias|spa|1
|-boost|p1a: Latias|spd|1
|move|p2a: Gardevoir|Mystical Fire|p1a: Latias
|-resisted|p1a: Latias
|-damage|p1a: Latias|97/100
|-unboost|p1a: Latias|spa|1
|
|-weather|Snowscape|[upkeep]
|-heal|p1a: Latias|100/100|[from] item: Leftovers
|upkeep
|turn|6
|
|t:|1758976501
|move|p1a: Latias|Calm Mind|p1a: Latias
|-boost|p1a: Latias|spa|1
|-boost|p1a: Latias|spd|1
|move|p2a: Gardevoir|Trick|p1a: Latias
|-activate|p2a: Gardevoir|move: Trick|[of] p1a: Latias
|-item|p1a: Latias|Custap Berry|[from] move: Trick
|-item|p2a: Gardevoir|Leftovers|[from] move: Trick
|
|-weather|none
|upkeep
|turn|7
|
|t:|1758976507
|move|p1a: Latias|Agility|p1a: Latias
|-boost|p1a: Latias|spe|2
|move|p2a: Gardevoir|Mystical Fire|p1a: Latias
|-resisted|p1a: Latias
|-damage|p1a: Latias|98/100
|-unboost|p1a: Latias|spa|1
|
|upkeep
|turn|8
|
|t:|1758976515
|move|p1a: Latias|Calm Mind|p1a: Latias
|-boost|p1a: Latias|spa|1
|-boost|p1a: Latias|spd|1
|move|p2a: Gardevoir|Mystical Fire|p1a: Latias
|-resisted|p1a: Latias
|-damage|p1a: Latias|96/100
|-unboost|p1a: Latias|spa|1
|
|upkeep
|turn|9
|
|t:|1758976522
|move|p1a: Latias|Calm Mind|p1a: Latias
|-boost|p1a: Latias|spa|1
|-boost|p1a: Latias|spd|1
|move|p2a: Gardevoir|Mystical Fire|p1a: Latias
|-resisted|p1a: Latias
|-damage|p1a: Latias|95/100
|-unboost|p1a: Latias|spa|1
|
|upkeep
|turn|10
|
|t:|1758976530
|move|p1a: Latias|Calm Mind|p1a: Latias
|-boost|p1a: Latias|spa|1
|-boost|p1a: Latias|spd|1
|move|p2a: Gardevoir|Mystical Fire|p1a: Latias
|-resisted|p1a: Latias
|-damage|p1a: Latias|93/100
|-unboost|p1a: Latias|spa|1
|
|-sideend|p1: KevinHaHa|move: Aurora Veil
|upkeep
|turn|11
|
|t:|1758976540
|move|p1a: Latias|Calm Mind|p1a: Latias
|-boost|p1a: Latias|spa|1
|-boost|p1a: Latias|spd|1
|move|p2a: Gardevoir|Mystical Fire|p1a: Latias
|-resisted|p1a: Latias
|-damage|p1a: Latias|91/100
|-unboost|p1a: Latias|spa|1
|
|upkeep
|turn|12
|
|t:|1758976554
|move|p1a: Latias|Agility|p1a: Latias
|-boost|p1a: Latias|spe|2
|move|p2a: Gardevoir|Mystical Fire|p1a: Latias
|-resisted|p1a: Latias
|-damage|p1a: Latias|88/100
|-unboost|p1a: Latias|spa|1
|
|upkeep
|turn|13
|inactive|Jon Mateo has 120 seconds left.
|
|t:|1758976587
|switch|p2a: Rotom|Rotom-Frost|100/100
|move|p1a: Latias|Calm Mind|p1a: Latias
|-boost|p1a: Latias|spa|1
|-boost|p1a: Latias|spd|0
|
|upkeep
|turn|14
|
|t:|1758976592
|move|p1a: Latias|Calm Mind|p1a: Latias
|-boost|p1a: Latias|spa|1
|-boost|p1a: Latias|spd|0
|move|p2a: Rotom|Trick|p1a: Latias
|-activate|p2a: Rotom|move: Trick|[of] p1a: Latias
|-item|p1a: Latias|Choice Scarf|[from] move: Trick
|-item|p2a: Rotom|Custap Berry|[from] move: Trick
|
|upkeep
|turn|15
|
|t:|1758976607
|move|p1a: Latias|Stored Power|p2a: Rotom
|-damage|p2a: Rotom|0 fnt
|faint|p2a: Rotom
|
|upkeep
|
|t:|1758976616
|switch|p2a: Garchomp|Garchomp, M|100/100
|-activate|p2a: Garchomp|move: Sticky Web
|-unboost|p2a: Garchomp|spe|1
|turn|16
|
|t:|1758976620
|move|p1a: Latias|Stored Power|p2a: Garchomp
|-damage|p2a: Garchomp|28/100
|move|p2a: Garchomp|Scale Shot|p1a: Latias|[miss]
|-miss|p2a: Garchomp|p1a: Latias
|
|upkeep
|turn|17
|
|t:|1758976625
|move|p1a: Latias|Stored Power|p2a: Garchomp
|-damage|p2a: Garchomp|0 fnt
|faint|p2a: Garchomp
|
|upkeep
|
|t:|1758976627
|switch|p2a: Kingdra|Kingdra, F|100/100
|-activate|p2a: Kingdra|move: Sticky Web
|-unboost|p2a: Kingdra|spe|1
|turn|18
|
|t:|1758976632
|move|p1a: Latias|Stored Power|p2a: Kingdra
|-damage|p2a: Kingdra|7/100
|move|p2a: Kingdra|Breaking Swipe|p1a: Latias
|-supereffective|p1a: Latias
|-damage|p1a: Latias|44/100
|-unboost|p1a: Latias|atk|1
|
|-heal|p2a: Kingdra|14/100|[from] item: Leftovers
|upkeep
|turn|19
|
|t:|1758976640
|move|p1a: Latias|Stored Power|p2a: Kingdra
|-damage|p2a: Kingdra|0 fnt
|faint|p2a: Kingdra
|
|upkeep
|
|t:|1758976642
|switch|p2a: Ceruledge|Ceruledge, M|100/100
|-activate|p2a: Ceruledge|move: Sticky Web
|-unboost|p2a: Ceruledge|spe|1
|turn|20
|
|t:|1758976647
|move|p2a: Ceruledge|Shadow Sneak|p1a: Latias
|-supereffective|p1a: Latias
|-damage|p1a: Latias|1/100
|-damage|p2a: Ceruledge|91/100|[from] item: Life Orb
|move|p1a: Latias|Stored Power|p2a: Ceruledge
|-damage|p2a: Ceruledge|3/100
|
|upkeep
|turn|21
|
|t:|1758976653
|move|p2a: Ceruledge|Shadow Sneak|p1a: Latias
|-supereffective|p1a: Latias
|-damage|p1a: Latias|0 fnt
|faint|p1a: Latias
|-damage|p2a: Ceruledge|0 fnt|[from] item: Life Orb
|faint|p2a: Ceruledge
|
|upkeep
|
|t:|1758976660
|switch|p1a: Ninetales|Ninetales-Alola, F, shiny|24/100
|switch|p2a: Quaquaval|Quaquaval, M|100/100
|-weather|Snowscape|[from] ability: Snow Warning|[of] p1a: Ninetales
|-activate|p2a: Quaquaval|move: Sticky Web
|-unboost|p2a: Quaquaval|spe|1
|turn|22
|
|t:|1758976666
|-terastallize|p2a: Quaquaval|Water
|move|p1a: Ninetales|Aurora Veil|p1a: Ninetales
|-sidestart|p1: KevinHaHa|move: Aurora Veil
|move|p2a: Quaquaval|Aqua Step|p1a: Ninetales
|-damage|p1a: Ninetales|0 fnt
|-boost|p2a: Quaquaval|spe|1
|faint|p1a: Ninetales
|-ability|p2a: Quaquaval|Moxie|boost
|-boost|p2a: Quaquaval|atk|1
|
|-weather|Snowscape|[upkeep]
|upkeep
|
|t:|1758976676
|switch|p1a: Pecharunt|Pecharunt|100/100
|turn|23
|
|t:|1758976680
|move|p2a: Quaquaval|Aqua Step|p1a: Pecharunt
|-damage|p1a: Pecharunt|70/100
|-boost|p2a: Quaquaval|spe|1
|move|p1a: Pecharunt|Malignant Chain|p2a: Quaquaval
|-damage|p2a: Quaquaval|62/100
|-status|p2a: Quaquaval|tox
|-start|p2a: Quaquaval|confusion|[from] ability: Poison Puppeteer|[of] p1a: Pecharunt
|
|-weather|Snowscape|[upkeep]
|-damage|p2a: Quaquaval|56/100 tox|[from] psn
|upkeep
|turn|24
|
|t:|1758976690
|-activate|p2a: Quaquaval|confusion
|-damage|p2a: Quaquaval|29/100 tox|[from] confusion
|move|p1a: Pecharunt|Hex|p2a: Quaquaval
|-damage|p2a: Quaquaval|0 fnt
|faint|p2a: Quaquaval
|
|-weather|Snowscape|[upkeep]
|upkeep
|
|t:|1758976695
|switch|p2a: Gardevoir|Gardevoir, F|100/100
|-activate|p2a: Gardevoir|move: Sticky Web
|-unboost|p2a: Gardevoir|spe|1
|turn|25
|
|t:|1758976700
|move|p1a: Pecharunt|Malignant Chain|p2a: Gardevoir
|-supereffective|p2a: Gardevoir
|-damage|p2a: Gardevoir|46/100
|-status|p2a: Gardevoir|tox
|-start|p2a: Gardevoir|confusion|[from] ability: Poison Puppeteer|[of] p1a: Pecharunt
|-activate|p2a: Gardevoir|confusion
|move|p2a: Gardevoir|Psychic|p1a: Pecharunt
|-supereffective|p1a: Pecharunt
|-damage|p1a: Pecharunt|18/100
|
|-weather|Snowscape|[upkeep]
|-heal|p2a: Gardevoir|52/100 tox|[from] item: Leftovers
|-damage|p2a: Gardevoir|46/100 tox|[from] psn
|upkeep
|turn|26
|
|t:|1758976711
|move|p1a: Pecharunt|Hex|p2a: Gardevoir
|-supereffective|p2a: Gardevoir
|-damage|p2a: Gardevoir|0 fnt
|faint|p2a: Gardevoir
|
|win|KevinHaHa
|raw|KevinHaHa's rating: 1347 &rarr; <strong>1365</strong><br />(+18 for winning)
|raw|Jon Mateo's rating: 1309 &rarr; <strong>1291</strong><br />(-18 for losing)
|l|☆KevinHaHa
|player|p1|
|l|☆Jon Mateo
|player|p2|
