|j|☆doodieray
|j|☆Two beer alcohol
|t:|1758985486
|gametype|singles
|player|p1|doodieray|medium|1314
|player|p2|Two beer alcohol|265|1272
|gen|9
|tier|[Gen 9] OU
|rated|
|rule|HP Percentage Mod: HP is shown in percentages
|rule|Endless Battle Clause: Forcing endless battles is banned
|rule|Species Clause: Limit one of each Pokémon
|rule|OHKO Clause: OHKO moves are banned
|rule|Evasion Items Clause: Evasion items are banned
|rule|Evasion Moves Clause: Evasion moves are banned
|rule|Evasion Abilities Clause: Evasion abilities are banned
|rule|Sleep Moves Clause: Sleep-inducing moves are banned
|clearpoke
|poke|p1|Rillaboom, F|
|poke|p1|Ogerpon, F|
|poke|p1|Raging Bolt|
|poke|p1|Weezing-Galar, F|
|poke|p1|Moltres-Galar|
|poke|p1|Great Tusk|
|poke|p2|Moltres|
|poke|p2|Great Tusk|
|poke|p2|Gholdengo|
|poke|p2|Slowking-Galar, F|
|poke|p2|Alomomola, F|
|poke|p2|Kyurem|
|teampreview
|inactive|Battle timer is ON: inactive players will automatically lose when time's up. (requested by doodieray)
|inactive|doodieray has 120 seconds left.
|inactive|doodieray has 90 seconds left.
|
|t:|1758985566
|teamsize|p1|6
|teamsize|p2|6
|start
|switch|p1a: Raging Bolt|Raging Bolt|100/100
|switch|p2a: Kyurem|Kyurem|100/100
|-ability|p2a: Kyurem|Pressure
|turn|1
|
|t:|1758985595
|switch|p2a: Slowking|Slowking-Galar, F|100/100
|move|p1a: Raging Bolt|Dragon Pulse|p2a: Slowking
|-damage|p2a: Slowking|71/100
|
|upkeep
|turn|2
|
|t:|1758985608
|-end|p1a: Raging Bolt|Protosynthesis|[silent]
|switch|p1a: Moltres|Moltres-Galar|100/100
|-prepare|p2a: Slowking|Chilly Reception|[premajor]
|move|p2a: Slowking|Chilly Reception|p2a: Slowking
|-weather|Snowscape
|
|t:|1758985613
|switch|p2a: Kyurem|Kyurem|100/100|[from] Chilly Reception
|-ability|p2a: Kyurem|Pressure
|
|-weather|Snowscape|[upkeep]
|upkeep
|turn|3
|
|t:|1758985619
|-terastallize|p2a: Kyurem|Ice
|-terastallize|p1a: Moltres|Ghost
|move|p2a: Kyurem|Icicle Spear|p1a: Moltres
|-damage|p1a: Moltres|77/100
|-damage|p1a: Moltres|52/100
|-damage|p1a: Moltres|30/100
|-enditem|p1a: Moltres|Sitrus Berry|[eat]
|-heal|p1a: Moltres|55/100|[from] item: Sitrus Berry
|-hitcount|p1a: Moltres|3
|move|p1a: Moltres|Fiery Wrath|p2a: Kyurem
|-damage|p2a: Kyurem|61/100
|
|-weather|Snowscape|[upkeep]
|upkeep
|turn|4
|
|t:|1758985630
|switch|p1a: Weezing|Weezing-Galar, F|100/100
|-ability|p1a: Weezing|Neutralizing Gas
|move|p2a: Kyurem|Icicle Spear|p1a: Weezing
|-damage|p1a: Weezing|87/100
|-damage|p1a: Weezing|74/100
|-hitcount|p1a: Weezing|2
|
|-weather|Snowscape|[upkeep]
|upkeep
|turn|5
|
|t:|1758985635
|switch|p2a: Gholdengo|Gholdengo|100/100
|move|p1a: Weezing|Strange Steam|p2a: Gholdengo
|-resisted|p2a: Gholdengo
|-damage|p2a: Gholdengo|84/100
|
|-weather|Snowscape|[upkeep]
|upkeep
|turn|6
|
|t:|1758985645
|-end|p1a: Weezing|ability: Neutralizing Gas
|switch|p1a: Raging Bolt|Raging Bolt|100/100
|move|p2a: Gholdengo|Shadow Ball|p1a: Raging Bolt
|-damage|p1a: Raging Bolt|75/100
|-unboost|p1a: Raging Bolt|spd|1
|
|-weather|none
|upkeep
|turn|7
|
|t:|1758985650
|move|p2a: Gholdengo|Shadow Ball|p1a: Raging Bolt
|-damage|p1a: Raging Bolt|33/100
|move|p1a: Raging Bolt|Volt Switch|p2a: Gholdengo
|-damage|p2a: Gholdengo|34/100
|
|t:|1758985656
|-end|p1a: Raging Bolt|Protosynthesis|[silent]
|switch|p1a: Rillaboom|Rillaboom, F|100/100|[from] Volt Switch
|-fieldstart|move: Grassy Terrain|[from] ability: Grassy Surge|[of] p1a: Rillaboom
|
|-heal|p2a: Gholdengo|40/100|[from] Grassy Terrain
|upkeep
|turn|8
|
|t:|1758985663
|switch|p2a: Moltres|Moltres|100/100
|move|p1a: Rillaboom|Knock Off|p2a: Moltres
|-damage|p2a: Moltres|77/100
|-enditem|p2a: Moltres|Heavy-Duty Boots|[from] move: Knock Off|[of] p1a: Rillaboom
|
|upkeep
|turn|9
|
|t:|1758985671
|switch|p1a: Raging Bolt|Raging Bolt|33/100
|move|p2a: Moltres|U-turn|p1a: Raging Bolt
|-damage|p1a: Raging Bolt|20/100
|
|t:|1758985675
|switch|p2a: Kyurem|Kyurem, tera:Ice|61/100|[from] U-turn
|-ability|p2a: Kyurem|Pressure
|
|-heal|p2a: Kyurem|68/100|[from] Grassy Terrain
|-heal|p1a: Raging Bolt|26/100|[from] Grassy Terrain
|upkeep
|turn|10
|
|t:|1758985678
|switch|p2a: Great Tusk|Great Tusk|100/100
|move|p1a: Raging Bolt|Thunderclap||[still]
|-fail|p1a: Raging Bolt
|
|-heal|p1a: Raging Bolt|32/100|[from] Grassy Terrain
|upkeep
|turn|11
|
|t:|1758985682
|-end|p1a: Raging Bolt|Protosynthesis|[silent]
|switch|p1a: Weezing|Weezing-Galar, F|74/100
|-ability|p1a: Weezing|Neutralizing Gas
|move|p2a: Great Tusk|Headlong Rush|p1a: Weezing
|-supereffective|p1a: Weezing
|-damage|p1a: Weezing|0 fnt
|-unboost|p2a: Great Tusk|def|1
|-unboost|p2a: Great Tusk|spd|1
|faint|p1a: Weezing
|-end|p1a: Weezing|ability: Neutralizing Gas
|
|upkeep
|
|t:|1758985687
|switch|p1a: Ogerpon|Ogerpon, F|100/100
|turn|12
|
|t:|1758985690
|-end|p2a: Great Tusk|Protosynthesis|[silent]
|switch|p2a: Moltres|Moltres|77/100
|move|p1a: Ogerpon|Rock Tomb|p2a: Moltres
|-supereffective|p2a: Moltres
|-damage|p2a: Moltres|0 fnt
|faint|p2a: Moltres
|
|upkeep
|
|t:|1758985695
|switch|p2a: Slowking|Slowking-Galar, F|100/100
|turn|13
|
|t:|1758985698
|switch|p1a: Raging Bolt|Raging Bolt|32/100
|move|p2a: Slowking|Sludge Bomb|p1a: Raging Bolt
|-damage|p1a: Raging Bolt|10/100
|
|-heal|p1a: Raging Bolt|16/100|[from] Grassy Terrain
|upkeep
|turn|14
|
|t:|1758985707
|move|p1a: Raging Bolt|Thunderbolt|p2a: Slowking
|-damage|p2a: Slowking|71/100
|move|p2a: Slowking|Sludge Bomb|p1a: Raging Bolt
|-damage|p1a: Raging Bolt|0 fnt
|faint|p1a: Raging Bolt
|-end|p1a: Raging Bolt|Protosynthesis|[silent]
|
|-heal|p2a: Slowking|77/100|[from] Grassy Terrain
|-fieldend|move: Grassy Terrain
|upkeep
|
|t:|1758985713
|switch|p1a: Moltres|Moltres-Galar, tera:Ghost|55/100
|turn|15
|
|t:|1758985721
|switch|p2a: Alomomola|Alomomola, F|100/100
|move|p1a: Moltres|Agility|p1a: Moltres
|-boost|p1a: Moltres|spe|2
|
|upkeep
|turn|16
|
|t:|1758985726
|move|p1a: Moltres|Nasty Plot|p1a: Moltres
|-boost|p1a: Moltres|spa|2
|move|p2a: Alomomola|Flip Turn|p1a: Moltres
|-damage|p1a: Moltres|36/100
|-ability|p1a: Moltres|Berserk|boost
|-boost|p1a: Moltres|spa|1
|
|t:|1758985730
|switch|p2a: Gholdengo|Gholdengo|40/100|[from] Flip Turn
|
|upkeep
|turn|17
|
|t:|1758985732
|move|p1a: Moltres|Fiery Wrath|p2a: Gholdengo
|-supereffective|p2a: Gholdengo
|-damage|p2a: Gholdengo|0 fnt
|faint|p2a: Gholdengo
|
|upkeep
|
|t:|1758985737
|switch|p2a: Slowking|Slowking-Galar, F|100/100
|turn|18
|
|t:|1758985741
|move|p1a: Moltres|Fiery Wrath|p2a: Slowking
|-supereffective|p2a: Slowking
|-damage|p2a: Slowking|0 fnt
|faint|p2a: Slowking
|
|upkeep
|-message|Two beer alcohol forfeited.
|
|win|doodieray
|raw|doodieray's rating: 1314 &rarr; <strong>1332</strong><br />(+18 for winning)
|raw|Two beer alcohol's rating: 1272 &rarr; <strong>1250</strong><br />(-22 for losing)
|l|☆Two beer alcohol
|player|p2|
