|j|☆Obito 2001
|j|☆Segahay
|t:|1758919041
|gametype|singles
|player|p1|Obito 2001|blue-gen3two|1750
|player|p2|Segahay|102|1674
|gen|9
|tier|[Gen 9] OU
|rated|
|rule|HP Percentage Mod: HP is shown in percentages
|rule|Endless Battle Clause: Forcing endless battles is banned
|rule|Species Clause: Limit one of each Pokémon
|rule|OHKO Clause: OHKO moves are banned
|rule|Evasion Items Clause: Evasion items are banned
|rule|Evasion Moves Clause: Evasion moves are banned
|rule|Evasion Abilities Clause: Evasion abilities are banned
|rule|Sleep Moves Clause: Sleep-inducing moves are banned
|clearpoke
|poke|p1|Alcremie-Salted-Cream, F|
|poke|p1|Tornadus-Therian, M|
|poke|p1|Ursaluna, M|
|poke|p1|Weezing-Galar, F|
|poke|p1|Dragapult, M|
|poke|p1|Dragonite, F|
|poke|p2|Rillaboom, M|
|poke|p2|Hawlucha, M|
|poke|p2|Feraligatr, F|
|poke|p2|Slowbro-Galar, M|
|poke|p2|Glimmora, F|
|poke|p2|Mew|
|teampreview
|inactive|Battle timer is ON: inactive players will automatically lose when time's up. (requested by Segahay)
|inactive|Obito 2001 also wants the timer to be on.
|
|t:|1758919048
|teamsize|p1|6
|teamsize|p2|6
|start
|switch|p1a: Tornadus|Tornadus-Therian, M|100/100
|switch|p2a: Glimmora|Glimmora, F|100/100
|turn|1
|
|t:|1758919058
|switch|p1a: Brock Lesnar|Ursaluna, M|100/100
|move|p2a: Glimmora|Meteor Beam||[still]
|-prepare|p2a: Glimmora|Meteor Beam
|-boost|p2a: Glimmora|spa|1
|-enditem|p2a: Glimmora|Power Herb
|-anim|p2a: Glimmora|Meteor Beam|p1a: Brock Lesnar
|-resisted|p1a: Brock Lesnar
|-damage|p1a: Brock Lesnar|48/100
|
|-status|p1a: Brock Lesnar|brn|[from] item: Flame Orb
|upkeep
|turn|2
|
|t:|1758919066
|move|p2a: Glimmora|Energy Ball|p1a: Brock Lesnar
|-supereffective|p1a: Brock Lesnar
|-damage|p1a: Brock Lesnar|0 fnt
|faint|p1a: Brock Lesnar
|
|upkeep
|
|t:|1758919081
|switch|p1a: OG👑|Dragonite, F|100/100
|turn|3
|
|t:|1758919084
|move|p2a: Glimmora|Power Gem|p1a: OG👑
|-supereffective|p1a: OG👑
|-damage|p1a: OG👑|26/100
|move|p1a: OG👑|Earthquake|p2a: Glimmora
|-supereffective|p2a: Glimmora
|-damage|p2a: Glimmora|0 fnt
|-activate|p2a: Glimmora|ability: Toxic Debris
|-sidestart|p1: Obito 2001|move: Toxic Spikes
|faint|p2a: Glimmora
|
|-heal|p1a: OG👑|32/100|[from] item: Leftovers
|upkeep
|
|t:|1758919091
|switch|p2a: Slowbro|Slowbro-Galar, M, shiny|100/100
|turn|4
|-activate|p2a: Slowbro|ability: Quick Draw
|
|t:|1758919094
|move|p2a: Slowbro|Ice Beam|p1a: OG👑
|-supereffective|p1a: OG👑
|-damage|p1a: OG👑|0 fnt
|faint|p1a: OG👑
|
|upkeep
|
|t:|1758919098
|switch|p1a: Fk hazard noobs|Weezing-Galar, F|100/100
|-ability|p1a: Fk hazard noobs|Neutralizing Gas
|-sideend|p1: Obito 2001|move: Toxic Spikes|[of] p1a: Fk hazard noobs
|turn|5
|-activate|p2a: Slowbro|item: Quick Claw
|
|t:|1758919103
|-end|p1a: Fk hazard noobs|ability: Neutralizing Gas
|switch|p1a: Tornadus|Tornadus-Therian, M|100/100
|move|p2a: Slowbro|Psychic|p1a: Tornadus
|-damage|p1a: Tornadus|60/100
|
|upkeep
|turn|6
|
|t:|1758919109
|move|p1a: Tornadus|Knock Off|p2a: Slowbro
|-supereffective|p2a: Slowbro
|-damage|p2a: Slowbro|58/100
|-enditem|p2a: Slowbro|Quick Claw|[from] move: Knock Off|[of] p1a: Tornadus
|move|p2a: Slowbro|Ice Beam|p1a: Tornadus
|-supereffective|p1a: Tornadus
|-damage|p1a: Tornadus|0 fnt
|faint|p1a: Tornadus
|
|upkeep
|
|t:|1758919118
|switch|p1a: 👻DraGhost🐉|Dragapult, M|100/100
|turn|7
|-activate|p2a: Slowbro|ability: Quick Draw
|
|t:|1758919120
|move|p2a: Slowbro|Ice Beam|p1a: 👻DraGhost🐉
|-supereffective|p1a: 👻DraGhost🐉
|-damage|p1a: 👻DraGhost🐉|34/100
|-start|p2a: Slowbro|Disable|Ice Beam|[from] ability: Cursed Body|[of] p1a: 👻DraGhost🐉
|move|p1a: 👻DraGhost🐉|Light Screen|p1a: 👻DraGhost🐉
|-sidestart|p1: Obito 2001|move: Light Screen
|
|upkeep
|turn|8
|-activate|p2a: Slowbro|ability: Quick Draw
|
|t:|1758919124
|move|p2a: Slowbro|Shell Side Arm|p1a: 👻DraGhost🐉|[anim] Shell Side Arm Special
|-resisted|p1a: 👻DraGhost🐉
|-damage|p1a: 👻DraGhost🐉|22/100
|-hint|Special Shell Side Arm
|-status|p1a: 👻DraGhost🐉|psn
|move|p1a: 👻DraGhost🐉|Reflect|p1a: 👻DraGhost🐉
|-sidestart|p1: Obito 2001|Reflect
|
|-damage|p1a: 👻DraGhost🐉|10/100 psn|[from] psn
|upkeep
|turn|9
|
|t:|1758919132
|switch|p2a: Mew|Mew|100/100
|move|p1a: 👻DraGhost🐉|Curse|p2a: Mew
|-start|p2a: Mew|Curse|[of] p1a: 👻DraGhost🐉
|-damage|p1a: 👻DraGhost🐉|0 fnt
|faint|p1a: 👻DraGhost🐉
|
|-damage|p2a: Mew|76/100|[from] Curse
|upkeep
|
|t:|1758919134
|switch|p1a: Sakura Miyawaki🤍|Alcremie-Salted-Cream, F|100/100
|turn|10
|
|t:|1758919141
|switch|p2a: Slowbro|Slowbro-Galar, M, shiny|58/100
|move|p1a: Sakura Miyawaki🤍|Calm Mind|p1a: Sakura Miyawaki🤍
|-boost|p1a: Sakura Miyawaki🤍|spa|1
|-boost|p1a: Sakura Miyawaki🤍|spd|1
|
|upkeep
|turn|11
|
|t:|1758919146
|-terastallize|p1a: Sakura Miyawaki🤍|Steel
|move|p1a: Sakura Miyawaki🤍|Calm Mind|p1a: Sakura Miyawaki🤍
|-boost|p1a: Sakura Miyawaki🤍|spa|1
|-boost|p1a: Sakura Miyawaki🤍|spd|1
|move|p2a: Slowbro|Shell Side Arm|p1a: Sakura Miyawaki🤍|[anim] Shell Side Arm Physical
|-immune|p1a: Sakura Miyawaki🤍
|
|upkeep
|turn|12
|
|t:|1758919152
|switch|p2a: Feraligatr|Feraligatr, F|100/100
|move|p1a: Sakura Miyawaki🤍|Acid Armor|p1a: Sakura Miyawaki🤍
|-boost|p1a: Sakura Miyawaki🤍|def|2
|
|upkeep
|turn|13
|
|t:|1758919157
|move|p2a: Feraligatr|Dragon Dance|p2a: Feraligatr
|-boost|p2a: Feraligatr|atk|1
|-boost|p2a: Feraligatr|spe|1
|move|p1a: Sakura Miyawaki🤍|Acid Armor|p1a: Sakura Miyawaki🤍
|-boost|p1a: Sakura Miyawaki🤍|def|2
|
|upkeep
|turn|14
|
|t:|1758919161
|move|p2a: Feraligatr|Liquidation|p1a: Sakura Miyawaki🤍
|-damage|p1a: Sakura Miyawaki🤍|83/100
|move|p1a: Sakura Miyawaki🤍|Stored Power|p2a: Feraligatr
|-damage|p2a: Feraligatr|0 fnt
|faint|p2a: Feraligatr
|
|-heal|p1a: Sakura Miyawaki🤍|89/100|[from] item: Leftovers
|-sideend|p1: Obito 2001|move: Light Screen
|upkeep
|
|t:|1758919174
|switch|p2a: Rillaboom|Rillaboom, M|100/100
|-fieldstart|move: Grassy Terrain|[from] ability: Grassy Surge|[of] p2a: Rillaboom
|turn|15
|
|t:|1758919197
|move|p2a: Rillaboom|Fake Out|p1a: Sakura Miyawaki🤍
|-resisted|p1a: Sakura Miyawaki🤍
|-damage|p1a: Sakura Miyawaki🤍|88/100
|cant|p1a: Sakura Miyawaki🤍|flinch
|
|-heal|p1a: Sakura Miyawaki🤍|94/100|[from] Grassy Terrain
|-heal|p1a: Sakura Miyawaki🤍|99/100|[from] item: Leftovers
|-sideend|p1: Obito 2001|Reflect
|upkeep
|turn|16
|
|t:|1758919199
|move|p1a: Sakura Miyawaki🤍|Stored Power|p2a: Rillaboom
|-damage|p2a: Rillaboom|35/100
|move|p2a: Rillaboom|Knock Off|p1a: Sakura Miyawaki🤍
|-damage|p1a: Sakura Miyawaki🤍|85/100
|-enditem|p1a: Sakura Miyawaki🤍|Leftovers|[from] move: Knock Off|[of] p2a: Rillaboom
|
|-heal|p1a: Sakura Miyawaki🤍|91/100|[from] Grassy Terrain
|-heal|p2a: Rillaboom|41/100|[from] Grassy Terrain
|upkeep
|turn|17
|
|t:|1758919204
|move|p1a: Sakura Miyawaki🤍|Draining Kiss|p2a: Rillaboom
|-damage|p2a: Rillaboom|16/100
|-heal|p1a: Sakura Miyawaki🤍|100/100|[from] drain|[of] p2a: Rillaboom
|move|p2a: Rillaboom|U-turn|p1a: Sakura Miyawaki🤍
|-resisted|p1a: Sakura Miyawaki🤍
|-damage|p1a: Sakura Miyawaki🤍|96/100
|
|t:|1758919207
|switch|p2a: Hawlucha|Hawlucha, M|100/100|[from] U-turn
|-enditem|p2a: Hawlucha|Grassy Seed
|-boost|p2a: Hawlucha|def|1|[from] item: Grassy Seed
|
|-heal|p1a: Sakura Miyawaki🤍|100/100|[from] Grassy Terrain
|upkeep
|turn|18
|
|t:|1758919216
|move|p2a: Hawlucha|Close Combat|p1a: Sakura Miyawaki🤍
|-supereffective|p1a: Sakura Miyawaki🤍
|-damage|p1a: Sakura Miyawaki🤍|61/100
|-unboost|p2a: Hawlucha|def|1
|-unboost|p2a: Hawlucha|spd|1
|move|p1a: Sakura Miyawaki🤍|Draining Kiss|p2a: Hawlucha
|-supereffective|p2a: Hawlucha
|-damage|p2a: Hawlucha|0 fnt
|-heal|p1a: Sakura Miyawaki🤍|100/100|[from] drain|[of] p2a: Hawlucha
|faint|p2a: Hawlucha
|
|upkeep
|
|t:|1758919219
|switch|p2a: Mew|Mew|76/100
|turn|19
|
|t:|1758919223
|move|p2a: Mew|Agility|p2a: Mew
|-boost|p2a: Mew|spe|2
|move|p1a: Sakura Miyawaki🤍|Draining Kiss|p2a: Mew
|-crit|p2a: Mew
|-damage|p2a: Mew|14/100
|
|-heal|p2a: Mew|20/100|[from] Grassy Terrain
|-fieldend|move: Grassy Terrain
|upkeep
|turn|20
|
|t:|1758919225
|move|p2a: Mew|Vacuum Wave|p1a: Sakura Miyawaki🤍
|-supereffective|p1a: Sakura Miyawaki🤍
|-damage|p1a: Sakura Miyawaki🤍|89/100
|move|p1a: Sakura Miyawaki🤍|Draining Kiss|p2a: Mew
|-damage|p2a: Mew|0 fnt
|-heal|p1a: Sakura Miyawaki🤍|100/100|[from] drain|[of] p2a: Mew
|faint|p2a: Mew
|
|upkeep
|
|t:|1758919227
|switch|p2a: Slowbro|Slowbro-Galar, M, shiny|58/100
|turn|21
|
|t:|1758919256
|move|p1a: Sakura Miyawaki🤍|Stored Power|p2a: Slowbro
|-crit|p2a: Slowbro
|-damage|p2a: Slowbro|0 fnt
|faint|p2a: Slowbro
|
|upkeep
|
|t:|1758919263
|switch|p2a: Rillaboom|Rillaboom, M|16/100
|-fieldstart|move: Grassy Terrain|[from] ability: Grassy Surge|[of] p2a: Rillaboom
|turn|22
|
|t:|1758919276
|move|p1a: Sakura Miyawaki🤍|Draining Kiss|p2a: Rillaboom
|-damage|p2a: Rillaboom|0 fnt
|faint|p2a: Rillaboom
|
|win|Obito 2001
|raw|Obito 2001's rating: 1750 &rarr; <strong>1766</strong><br />(+16 for winning)
|raw|Segahay's rating: 1674 &rarr; <strong>1658</strong><br />(-16 for losing)
|l|☆Segahay
|player|p2|
|l|☆Obito 2001
|player|p1|
