|j|☆Sunshinne
|j|‽kanenokami
|t:|1759035222
|gametype|singles
|player|p1|Sunshinne|lacey|1519
|player|p2|kanenokami|ghetsis|1502
|gen|9
|tier|[Gen 9] OU
|rated|
|rule|HP Percentage Mod: HP is shown in percentages
|rule|Endless Battle Clause: Forcing endless battles is banned
|rule|Species Clause: Limit one of each Pokémon
|rule|OHKO Clause: OHKO moves are banned
|rule|Evasion Items Clause: Evasion items are banned
|rule|Evasion Moves Clause: Evasion moves are banned
|rule|Evasion Abilities Clause: Evasion abilities are banned
|rule|Sleep Moves Clause: Sleep-inducing moves are banned
|clearpoke
|poke|p1|Ribombee, F|
|poke|p1|Glimmora, F|
|poke|p1|Manaphy|
|poke|p1|Zamazenta-*|
|poke|p1|Gholdengo|
|poke|p1|Kingambit, F|
|poke|p2|Excadrill, F|
|poke|p2|Tyranitar, F|
|poke|p2|Ogerpon-Wellspring, F|
|poke|p2|Weezing-Galar, F|
|poke|p2|Moltres|
|poke|p2|Gholdengo|
|teampreview
|inactive|Battle timer is ON: inactive players will automatically lose when time's up. (requested by kanenokami)
|inactive|Sunshinne also wants the timer to be on.
|
|t:|1759035246
|teamsize|p1|6
|teamsize|p2|6
|start
|switch|p1a: Ribombee|Ribombee, F|100/100
|switch|p2a: Gholdengo|Gholdengo|100/100
|turn|1
|
|t:|1759035253
|move|p2a: Gholdengo|Trick|p1a: Ribombee
|-activate|p2a: Gholdengo|move: Trick|[of] p1a: Ribombee
|-item|p1a: Ribombee|Choice Scarf|[from] move: Trick
|-item|p2a: Gholdengo|Focus Sash|[from] move: Trick
|move|p1a: Ribombee|Sticky Web|p2a: Gholdengo
|-sidestart|p2: kanenokami|move: Sticky Web
|
|upkeep
|turn|2
|
|t:|1759035269
|switch|p1a: Gholdengo|Gholdengo|100/100
|-item|p1a: Gholdengo|Air Balloon
|switch|p2a: Weezing|Weezing-Galar, F|100/100
|
|upkeep
|turn|3
|inactive|kanenokami has 120 seconds left.
|
|t:|1759035298
|switch|p2a: Ogerpon|Ogerpon-Wellspring, F|100/100
|-activate|p2a: Ogerpon|move: Sticky Web
|-unboost|p2a: Ogerpon|spe|1
|move|p1a: Gholdengo|Thunder Wave|p2a: Ogerpon
|-status|p2a: Ogerpon|par
|
|upkeep
|turn|4
|
|t:|1759035304
|switch|p2a: Gholdengo|Gholdengo|100/100
|-activate|p2a: Gholdengo|move: Sticky Web
|-unboost|p2a: Gholdengo|spe|1
|move|p1a: Gholdengo|Hex|p2a: Gholdengo
|-supereffective|p2a: Gholdengo
|-damage|p2a: Gholdengo|18/100
|
|upkeep
|turn|5
|
|t:|1759035310
|move|p1a: Gholdengo|Hex|p2a: Gholdengo
|-supereffective|p2a: Gholdengo
|-crit|p2a: Gholdengo
|-damage|p2a: Gholdengo|0 fnt
|faint|p2a: Gholdengo
|
|upkeep
|
|t:|1759035317
|switch|p2a: Excadrill|Excadrill, F|100/100
|-item|p2a: Excadrill|Air Balloon
|turn|6
|
|t:|1759035323
|switch|p1a: Zamazenta|Zamazenta|100/100
|-ability|p1a: Zamazenta|Dauntless Shield|boost
|-boost|p1a: Zamazenta|def|1
|move|p2a: Excadrill|Iron Head|p1a: Zamazenta
|-damage|p1a: Zamazenta|77/100
|
|upkeep
|turn|7
|
|t:|1759035328
|switch|p2a: Weezing|Weezing-Galar, F|100/100
|move|p1a: Zamazenta|Body Press|p2a: Weezing
|-resisted|p2a: Weezing
|-damage|p2a: Weezing|92/100
|
|upkeep
|turn|8
|
|t:|1759035333
|switch|p2a: Moltres|Moltres|100/100
|move|p1a: Zamazenta|Iron Head|p2a: Moltres
|-resisted|p2a: Moltres
|-damage|p2a: Moltres|91/100
|-status|p1a: Zamazenta|brn|[from] ability: Flame Body|[of] p2a: Moltres
|
|-damage|p1a: Zamazenta|71/100 brn|[from] brn
|upkeep
|turn|9
|
|t:|1759035338
|move|p1a: Zamazenta|Stone Edge|p2a: Moltres
|-supereffective|p2a: Moltres
|-damage|p2a: Moltres|48/100
|move|p2a: Moltres|U-turn|p1a: Zamazenta
|-resisted|p1a: Zamazenta
|-damage|p1a: Zamazenta|67/100 brn
|
|t:|1759035343
|switch|p2a: Ogerpon|Ogerpon-Wellspring, F|100/100 par|[from] U-turn
|-activate|p2a: Ogerpon|move: Sticky Web
|-unboost|p2a: Ogerpon|spe|1
|
|-damage|p1a: Zamazenta|61/100 brn|[from] brn
|upkeep
|turn|10
|
|t:|1759035347
|move|p1a: Zamazenta|Iron Defense|p1a: Zamazenta
|-boost|p1a: Zamazenta|def|2
|move|p2a: Ogerpon|U-turn|p1a: Zamazenta
|-resisted|p1a: Zamazenta
|-damage|p1a: Zamazenta|57/100 brn
|
|t:|1759035349
|switch|p2a: Weezing|Weezing-Galar, F|92/100|[from] U-turn
|
|-damage|p1a: Zamazenta|51/100 brn|[from] brn
|upkeep
|turn|11
|
|t:|1759035351
|move|p1a: Zamazenta|Iron Head|p2a: Weezing
|-supereffective|p2a: Weezing
|-crit|p2a: Weezing
|-damage|p2a: Weezing|71/100
|move|p2a: Weezing|Defog|p1a: Zamazenta
|-unboost|p1a: Zamazenta|evasion|1
|-sideend|p2: kanenokami|Sticky Web|[from] move: Defog|[of] p2a: Weezing
|
|-damage|p1a: Zamazenta|45/100 brn|[from] brn
|upkeep
|turn|12
|
|t:|1759035371
|switch|p2a: Moltres|Moltres|48/100
|move|p1a: Zamazenta|Iron Head|p2a: Moltres
|-resisted|p2a: Moltres
|-damage|p2a: Moltres|43/100
|
|-damage|p1a: Zamazenta|39/100 brn|[from] brn
|upkeep
|turn|13
|inactive|kanenokami has 120 seconds left.
|
|t:|1759035397
|-terastallize|p2a: Moltres|Water
|move|p1a: Zamazenta|Stone Edge|p2a: Moltres|[miss]
|-miss|p1a: Zamazenta|p2a: Moltres
|move|p2a: Moltres|Roost|p2a: Moltres
|-heal|p2a: Moltres|94/100
|
|-damage|p1a: Zamazenta|33/100 brn|[from] brn
|upkeep
|turn|14
|
|t:|1759035402
|move|p1a: Zamazenta|Body Press|p2a: Moltres
|-damage|p2a: Moltres|56/100
|move|p2a: Moltres|Hurricane|p1a: Zamazenta
|-supereffective|p1a: Zamazenta
|-damage|p1a: Zamazenta|0 fnt
|faint|p1a: Zamazenta
|
|upkeep
|
|t:|1759035416
|switch|p1a: Ribombee|Ribombee, F|100/100
|turn|15
|inactive|kanenokami has 120 seconds left.
|
|t:|1759035447
|move|p1a: Ribombee|Sticky Web|p2a: Moltres
|-sidestart|p2: kanenokami|move: Sticky Web
|move|p2a: Moltres|Hurricane|p1a: Ribombee
|-supereffective|p1a: Ribombee
|-damage|p1a: Ribombee|0 fnt
|faint|p1a: Ribombee
|
|upkeep
|
|t:|1759035456
|switch|p1a: Manaphy|Manaphy|100/100
|turn|16
|
|t:|1759035459
|move|p1a: Manaphy|Tail Glow|p1a: Manaphy
|-boost|p1a: Manaphy|spa|3
|move|p2a: Moltres|U-turn|p1a: Manaphy
|-damage|p1a: Manaphy|87/100
|
|t:|1759035472
|switch|p2a: Tyranitar|Tyranitar, F|100/100|[from] U-turn
|-activate|p2a: Tyranitar|move: Sticky Web
|-unboost|p2a: Tyranitar|spe|1
|-weather|Sandstorm|[from] ability: Sand Stream|[of] p2a: Tyranitar
|
|-weather|Sandstorm|[upkeep]
|-damage|p1a: Manaphy|80/100|[from] Sandstorm
|-heal|p1a: Manaphy|87/100|[from] item: Leftovers
|upkeep
|turn|17
|
|t:|1759035477
|switch|p2a: Ogerpon|Ogerpon-Wellspring, F|100/100 par
|-activate|p2a: Ogerpon|move: Sticky Web
|-unboost|p2a: Ogerpon|spe|1
|move|p1a: Manaphy|Acid Armor|p1a: Manaphy
|-boost|p1a: Manaphy|def|2
|
|-weather|Sandstorm|[upkeep]
|-damage|p1a: Manaphy|80/100|[from] Sandstorm
|-damage|p2a: Ogerpon|95/100 par|[from] Sandstorm
|-heal|p1a: Manaphy|87/100|[from] item: Leftovers
|upkeep
|turn|18
|
|t:|1759035481
|move|p1a: Manaphy|Stored Power|p2a: Ogerpon
|-damage|p2a: Ogerpon|0 fnt
|faint|p2a: Ogerpon
|
|-weather|Sandstorm|[upkeep]
|-damage|p1a: Manaphy|80/100|[from] Sandstorm
|-heal|p1a: Manaphy|87/100|[from] item: Leftovers
|upkeep
|
|t:|1759035485
|switch|p2a: Tyranitar|Tyranitar, F|100/100
|-activate|p2a: Tyranitar|move: Sticky Web
|-unboost|p2a: Tyranitar|spe|1
|turn|19
|
|t:|1759035488
|move|p1a: Manaphy|Surf|p2a: Tyranitar
|-supereffective|p2a: Tyranitar
|-crit|p2a: Tyranitar
|-damage|p2a: Tyranitar|0 fnt
|faint|p2a: Tyranitar
|
|-weather|Sandstorm|[upkeep]
|-damage|p1a: Manaphy|80/100|[from] Sandstorm
|-heal|p1a: Manaphy|87/100|[from] item: Leftovers
|upkeep
|
|t:|1759035495
|switch|p2a: Excadrill|Excadrill, F|100/100
|-item|p2a: Excadrill|Air Balloon
|turn|20
|
|t:|1759035500
|move|p2a: Excadrill|Iron Head|p1a: Manaphy
|-resisted|p1a: Manaphy
|-damage|p1a: Manaphy|75/100
|move|p1a: Manaphy|Surf|p2a: Excadrill
|-supereffective|p2a: Excadrill
|-damage|p2a: Excadrill|0 fnt
|-enditem|p2a: Excadrill|Air Balloon
|faint|p2a: Excadrill
|
|-weather|Sandstorm|[upkeep]
|-damage|p1a: Manaphy|69/100|[from] Sandstorm
|-heal|p1a: Manaphy|75/100|[from] item: Leftovers
|upkeep
|-message|kanenokami forfeited.
|
|win|Sunshinne
|raw|Sunshinne's rating: 1519 &rarr; <strong>1538</strong><br />(+19 for winning)
|raw|kanenokami's rating: 1502 &rarr; <strong>1483</strong><br />(-19 for losing)
|l|‽kanenokami
|player|p2|
|l|☆Sunshinne
|player|p1|
