|j|☆xiaoshenyoukaigual
|j|☆caronosaurs
|t:|1759036975
|gametype|singles
|player|p1|xiaoshenyoukaigual|hilbert|1322
|player|p2|caronosaurs|pokemaniac|1271
|gen|9
|tier|[Gen 9] OU
|rated|
|rule|HP Percentage Mod: HP is shown in percentages
|rule|Endless Battle Clause: Forcing endless battles is banned
|rule|Species Clause: Limit one of each Pokémon
|rule|OHKO Clause: OHKO moves are banned
|rule|Evasion Items Clause: Evasion items are banned
|rule|Evasion Moves Clause: Evasion moves are banned
|rule|Evasion Abilities Clause: Evasion abilities are banned
|rule|Sleep Moves Clause: Sleep-inducing moves are banned
|clearpoke
|poke|p1|Garganacl, M|
|poke|p1|Clodsire, F|
|poke|p1|Corviknight, F|
|poke|p1|Alomomola, F|
|poke|p1|Ogerpon-Wellspring, F|
|poke|p1|Skeledirge, F|
|poke|p2|Sceptile, M|
|poke|p2|Gardevoir, F|
|poke|p2|Alomomola, F|
|poke|p2|Iron Treads|
|poke|p2|Dragapult, F|
|poke|p2|Darkrai|
|teampreview
|
|t:|1759036979
|teamsize|p1|6
|teamsize|p2|6
|start
|switch|p1a: Garganacl|Garganacl, M|100/100
|switch|p2a: Canon lore top 5|Darkrai|100/100
|turn|1
|
|t:|1759036988
|move|p2a: Canon lore top 5|Dark Pulse|p1a: Garganacl
|-crit|p1a: Garganacl
|-damage|p1a: Garganacl|48/100
|move|p1a: Garganacl|Stealth Rock|p2a: Canon lore top 5
|-sidestart|p2: caronosaurs|move: Stealth Rock
|
|-heal|p1a: Garganacl|54/100|[from] item: Leftovers
|upkeep
|turn|2
|
|t:|1759036993
|move|p1a: Garganacl|Protect|p1a: Garganacl
|-singleturn|p1a: Garganacl|Protect
|move|p2a: Canon lore top 5|Dark Pulse|p1a: Garganacl
|-activate|p1a: Garganacl|move: Protect
|
|-heal|p1a: Garganacl|60/100|[from] item: Leftovers
|upkeep
|turn|3
|
|t:|1759036999
|move|p2a: Canon lore top 5|Dark Pulse|p1a: Garganacl
|-damage|p1a: Garganacl|25/100
|move|p1a: Garganacl|Recover|p1a: Garganacl
|-heal|p1a: Garganacl|75/100
|
|-heal|p1a: Garganacl|81/100|[from] item: Leftovers
|upkeep
|turn|4
|
|t:|1759037002
|move|p1a: Garganacl|Protect|p1a: Garganacl
|-singleturn|p1a: Garganacl|Protect
|move|p2a: Canon lore top 5|Dark Pulse|p1a: Garganacl
|-activate|p1a: Garganacl|move: Protect
|
|-heal|p1a: Garganacl|87/100|[from] item: Leftovers
|upkeep
|turn|5
|
|t:|1759037005
|move|p2a: Canon lore top 5|Dark Pulse|p1a: Garganacl
|-damage|p1a: Garganacl|52/100
|cant|p1a: Garganacl|flinch
|
|-heal|p1a: Garganacl|58/100|[from] item: Leftovers
|upkeep
|turn|6
|
|t:|1759037009
|move|p1a: Garganacl|Protect|p1a: Garganacl
|-singleturn|p1a: Garganacl|Protect
|move|p2a: Canon lore top 5|Dark Pulse|p1a: Garganacl
|-activate|p1a: Garganacl|move: Protect
|
|-heal|p1a: Garganacl|64/100|[from] item: Leftovers
|upkeep
|turn|7
|
|t:|1759037013
|switch|p1a: Clodsire|Clodsire, F|100/100
|move|p2a: Canon lore top 5|Dark Pulse|p1a: Clodsire
|-damage|p1a: Clodsire|73/100
|
|-heal|p1a: Clodsire|80/100|[from] item: Leftovers
|upkeep
|turn|8
|
|t:|1759037023
|switch|p2a: Iron Donphan|Iron Treads, shiny|100/100
|-damage|p2a: Iron Donphan|98/100|[from] Stealth Rock
|move|p1a: Clodsire|Toxic|p2a: Iron Donphan
|-immune|p2a: Iron Donphan
|
|-heal|p2a: Iron Donphan|100/100|[from] item: Leftovers
|-heal|p1a: Clodsire|86/100|[from] item: Leftovers
|upkeep
|turn|9
|
|t:|1759037026
|move|p1a: Clodsire|Protect|p1a: Clodsire
|-singleturn|p1a: Clodsire|Protect
|move|p2a: Iron Donphan|Knock Off|p1a: Clodsire
|-activate|p1a: Clodsire|move: Protect
|
|-heal|p1a: Clodsire|92/100|[from] item: Leftovers
|upkeep
|turn|10
|
|t:|1759037032
|switch|p1a: Corviknight|Corviknight, F|100/100
|-ability|p1a: Corviknight|Unnerve
|move|p2a: Iron Donphan|Rapid Spin|p1a: Corviknight
|-resisted|p1a: Corviknight
|-damage|p1a: Corviknight|95/100
|-boost|p2a: Iron Donphan|spe|1
|-damage|p2a: Iron Donphan|84/100|[from] item: Rocky Helmet|[of] p1a: Corviknight
|-sideend|p2: caronosaurs|Stealth Rock|[from] move: Rapid Spin|[of] p2a: Iron Donphan
|
|-heal|p2a: Iron Donphan|90/100|[from] item: Leftovers
|upkeep
|turn|11
|
|t:|1759037039
|move|p2a: Iron Donphan|Stealth Rock|p1a: Corviknight
|-sidestart|p1: xiaoshenyoukaigual|move: Stealth Rock
|move|p1a: Corviknight|Drill Peck|p2a: Iron Donphan
|-resisted|p2a: Iron Donphan
|-damage|p2a: Iron Donphan|80/100
|
|-heal|p2a: Iron Donphan|86/100|[from] item: Leftovers
|upkeep
|turn|12
|
|t:|1759037043
|move|p2a: Iron Donphan|Knock Off|p1a: Corviknight
|-damage|p1a: Corviknight|73/100
|-damage|p2a: Iron Donphan|70/100|[from] item: Rocky Helmet|[of] p1a: Corviknight
|-enditem|p1a: Corviknight|Rocky Helmet|[from] move: Knock Off|[of] p2a: Iron Donphan
|move|p1a: Corviknight|Defog|p2a: Iron Donphan
|-unboost|p2a: Iron Donphan|evasion|1
|-sideend|p1: xiaoshenyoukaigual|Stealth Rock|[from] move: Defog|[of] p1a: Corviknight
|
|-heal|p2a: Iron Donphan|76/100|[from] item: Leftovers
|upkeep
|turn|13
|
|t:|1759037050
|move|p2a: Iron Donphan|Stealth Rock|p1a: Corviknight
|-sidestart|p1: xiaoshenyoukaigual|move: Stealth Rock
|move|p1a: Corviknight|Roost|p1a: Corviknight
|-heal|p1a: Corviknight|100/100
|-singleturn|p1a: Corviknight|move: Roost
|
|-heal|p2a: Iron Donphan|82/100|[from] item: Leftovers
|upkeep
|turn|14
|
|t:|1759037055
|-end|p2a: Iron Donphan|Quark Drive|[silent]
|switch|p2a: #1 Sceptile fan|Sceptile, M, shiny|100/100
|move|p1a: Corviknight|Defog|p2a: #1 Sceptile fan
|-unboost|p2a: #1 Sceptile fan|evasion|1
|-sideend|p1: xiaoshenyoukaigual|Stealth Rock|[from] move: Defog|[of] p1a: Corviknight
|
|upkeep
|turn|15
|
|t:|1759037059
|move|p2a: #1 Sceptile fan|Endure|p2a: #1 Sceptile fan
|-singleturn|p2a: #1 Sceptile fan|move: Endure
|move|p1a: Corviknight|Drill Peck|p2a: #1 Sceptile fan
|-supereffective|p2a: #1 Sceptile fan
|-damage|p2a: #1 Sceptile fan|2/100
|-enditem|p2a: #1 Sceptile fan|Weakness Policy
|-boost|p2a: #1 Sceptile fan|atk|2|[from] item: Weakness Policy
|-boost|p2a: #1 Sceptile fan|spa|2|[from] item: Weakness Policy
|
|upkeep
|turn|16
|
|t:|1759037067
|switch|p1a: Skeledirge|Skeledirge, F|100/100
|-terastallize|p2a: #1 Sceptile fan|Electric
|move|p2a: #1 Sceptile fan|Tera Blast|p1a: Skeledirge|[anim] Tera Blast Electric
|-damage|p1a: Skeledirge|76/100
|
|-heal|p1a: Skeledirge|82/100|[from] item: Leftovers
|upkeep
|turn|17
|
|t:|1759037076
|move|p2a: #1 Sceptile fan|Earthquake|p1a: Skeledirge
|-supereffective|p1a: Skeledirge
|-damage|p1a: Skeledirge|41/100
|move|p1a: Skeledirge|Torch Song|p2a: #1 Sceptile fan
|-damage|p2a: #1 Sceptile fan|0 fnt
|-boost|p1a: Skeledirge|spa|1
|faint|p2a: #1 Sceptile fan
|
|-heal|p1a: Skeledirge|47/100|[from] item: Leftovers
|upkeep
|
|t:|1759037083
|switch|p2a: Canon lore top 5|Darkrai|100/100
|turn|18
|
|t:|1759037088
|switch|p1a: Clodsire|Clodsire, F|92/100
|move|p2a: Canon lore top 5|Psyshock|p1a: Clodsire
|-supereffective|p1a: Clodsire
|-damage|p1a: Clodsire|16/100
|
|-heal|p1a: Clodsire|22/100|[from] item: Leftovers
|upkeep
|turn|19
|
|t:|1759037093
|move|p1a: Clodsire|Protect|p1a: Clodsire
|-singleturn|p1a: Clodsire|Protect
|move|p2a: Canon lore top 5|Psyshock|p1a: Clodsire
|-activate|p1a: Clodsire|move: Protect
|
|-heal|p1a: Clodsire|29/100|[from] item: Leftovers
|upkeep
|turn|20
|
|t:|1759037096
|switch|p2a: Favorite pseudo|Dragapult, F, shiny|100/100
|switch|p1a: Corviknight|Corviknight, F|100/100
|-ability|p1a: Corviknight|Unnerve
|
|upkeep
|turn|21
|
|t:|1759037101
|switch|p1a: Alomomola|Alomomola, F|100/100
|move|p2a: Favorite pseudo|Flamethrower|p1a: Alomomola
|-resisted|p1a: Alomomola
|-damage|p1a: Alomomola|85/100
|-damage|p2a: Favorite pseudo|91/100|[from] item: Life Orb
|
|-heal|p1a: Alomomola|91/100|[from] item: Leftovers
|upkeep
|turn|22
|
|t:|1759037105
|move|p2a: Favorite pseudo|Shadow Ball|p1a: Alomomola
|-damage|p1a: Alomomola|46/100
|-unboost|p1a: Alomomola|spd|1
|-damage|p2a: Favorite pseudo|81/100|[from] item: Life Orb
|move|p1a: Alomomola|Wish|p1a: Alomomola
|
|-heal|p1a: Alomomola|52/100|[from] item: Leftovers
|upkeep
|turn|23
|
|t:|1759037111
|move|p2a: Favorite pseudo|Shadow Ball|p1a: Alomomola
|-damage|p1a: Alomomola|0 fnt
|faint|p1a: Alomomola
|-damage|p2a: Favorite pseudo|71/100|[from] item: Life Orb
|
|upkeep
|
|t:|1759037115
|switch|p1a: Clodsire|Clodsire, F|29/100
|turn|24
|
|t:|1759037118
|move|p1a: Clodsire|Protect|p1a: Clodsire
|-singleturn|p1a: Clodsire|Protect
|move|p2a: Favorite pseudo|Dragon Darts|p1a: Clodsire
|-activate|p1a: Clodsire|move: Protect
|
|-heal|p1a: Clodsire|35/100|[from] item: Leftovers
|upkeep
|turn|25
|
|t:|1759037124
|switch|p1a: Corviknight|Corviknight, F|100/100
|-ability|p1a: Corviknight|Unnerve
|move|p2a: Favorite pseudo|Dragon Darts|p1a: Corviknight
|-resisted|p1a: Corviknight
|-damage|p1a: Corviknight|87/100
|-anim|p2a: Favorite pseudo|Dragon Darts|p1a: Corviknight
|-resisted|p1a: Corviknight
|-damage|p1a: Corviknight|75/100
|-damage|p2a: Favorite pseudo|61/100|[from] item: Life Orb
|
|upkeep
|turn|26
|
|t:|1759037127
|move|p2a: Favorite pseudo|Flamethrower|p1a: Corviknight
|-supereffective|p1a: Corviknight
|-damage|p1a: Corviknight|33/100
|-damage|p2a: Favorite pseudo|52/100|[from] item: Life Orb
|move|p1a: Corviknight|Drill Peck|p2a: Favorite pseudo
|-damage|p2a: Favorite pseudo|14/100
|
|upkeep
|turn|27
|
|t:|1759037132
|switch|p1a: Skeledirge|Skeledirge, F|47/100
|move|p2a: Favorite pseudo|Flamethrower|p1a: Skeledirge
|-resisted|p1a: Skeledirge
|-damage|p1a: Skeledirge|35/100
|-damage|p2a: Favorite pseudo|5/100|[from] item: Life Orb
|
|-heal|p1a: Skeledirge|41/100|[from] item: Leftovers
|upkeep
|turn|28
|
|t:|1759037138
|switch|p1a: Corviknight|Corviknight, F|33/100
|-ability|p1a: Corviknight|Unnerve
|move|p2a: Favorite pseudo|Dragon Darts|p1a: Corviknight
|-resisted|p1a: Corviknight
|-damage|p1a: Corviknight|22/100
|-anim|p2a: Favorite pseudo|Dragon Darts|p1a: Corviknight
|-resisted|p1a: Corviknight
|-damage|p1a: Corviknight|8/100
|-damage|p2a: Favorite pseudo|0 fnt|[from] item: Life Orb
|faint|p2a: Favorite pseudo
|
|upkeep
|
|t:|1759037154
|switch|p2a: Canon lore top 5|Darkrai|100/100
|turn|29
|
|t:|1759037159
|move|p2a: Canon lore top 5|Dark Pulse|p1a: Corviknight
|-damage|p1a: Corviknight|0 fnt
|faint|p1a: Corviknight
|
|upkeep
|
|t:|1759037162
|switch|p1a: Garganacl|Garganacl, M|64/100
|turn|30
|
|t:|1759037166
|move|p1a: Garganacl|Protect|p1a: Garganacl
|-singleturn|p1a: Garganacl|Protect
|move|p2a: Canon lore top 5|Dark Pulse|p1a: Garganacl
|-activate|p1a: Garganacl|move: Protect
|
|-heal|p1a: Garganacl|70/100|[from] item: Leftovers
|upkeep
|turn|31
|
|t:|1759037171
|move|p2a: Canon lore top 5|Dark Pulse|p1a: Garganacl
|-damage|p1a: Garganacl|31/100
|cant|p1a: Garganacl|flinch
|
|-heal|p1a: Garganacl|37/100|[from] item: Leftovers
|upkeep
|turn|32
|
|t:|1759037175
|move|p1a: Garganacl|Protect|p1a: Garganacl
|-singleturn|p1a: Garganacl|Protect
|move|p2a: Canon lore top 5|Dark Pulse|p1a: Garganacl
|-activate|p1a: Garganacl|move: Protect
|
|-heal|p1a: Garganacl|43/100|[from] item: Leftovers
|upkeep
|turn|33
|
|t:|1759037177
|move|p2a: Canon lore top 5|Dark Pulse|p1a: Garganacl
|-damage|p1a: Garganacl|3/100
|move|p1a: Garganacl|Recover|p1a: Garganacl
|-heal|p1a: Garganacl|53/100
|
|-heal|p1a: Garganacl|59/100|[from] item: Leftovers
|upkeep
|turn|34
|
|t:|1759037179
|move|p2a: Canon lore top 5|Dark Pulse|p1a: Garganacl
|-damage|p1a: Garganacl|25/100
|move|p1a: Garganacl|Recover|p1a: Garganacl
|-heal|p1a: Garganacl|75/100
|
|-heal|p1a: Garganacl|81/100|[from] item: Leftovers
|upkeep
|turn|35
|
|t:|1759037182
|move|p1a: Garganacl|Protect|p1a: Garganacl
|-singleturn|p1a: Garganacl|Protect
|move|p2a: Canon lore top 5|Dark Pulse|p1a: Garganacl
|-activate|p1a: Garganacl|move: Protect
|
|-heal|p1a: Garganacl|87/100|[from] item: Leftovers
|upkeep
|turn|36
|
|t:|1759037192
|move|p2a: Canon lore top 5|Dark Pulse|p1a: Garganacl
|-damage|p1a: Garganacl|47/100
|move|p1a: Garganacl|Salt Cure|p2a: Canon lore top 5
|-damage|p2a: Canon lore top 5|81/100
|-start|p2a: Canon lore top 5|Salt Cure
|
|-heal|p1a: Garganacl|54/100|[from] item: Leftovers
|-damage|p2a: Canon lore top 5|69/100|[from] Salt Cure
|upkeep
|turn|37
|
|t:|1759037200
|switch|p2a: Mrs. Hot water|Alomomola, F, shiny|100/100
|move|p1a: Garganacl|Protect||[still]
|-fail|p1a: Garganacl
|
|-heal|p1a: Garganacl|60/100|[from] item: Leftovers
|upkeep
|turn|38
|
|t:|1759037203
|move|p2a: Mrs. Hot water|Tickle|p1a: Garganacl
|-unboost|p1a: Garganacl|atk|1
|-unboost|p1a: Garganacl|def|1
|move|p1a: Garganacl|Stealth Rock|p2a: Mrs. Hot water
|-sidestart|p2: caronosaurs|move: Stealth Rock
|
|-heal|p1a: Garganacl|66/100|[from] item: Leftovers
|upkeep
|turn|39
|
|t:|1759037213
|move|p2a: Mrs. Hot water|Wish|p2a: Mrs. Hot water
|move|p1a: Garganacl|Salt Cure|p2a: Mrs. Hot water
|-damage|p2a: Mrs. Hot water|93/100
|-start|p2a: Mrs. Hot water|Salt Cure
|
|-heal|p1a: Garganacl|72/100|[from] item: Leftovers
|-damage|p2a: Mrs. Hot water|68/100|[from] Salt Cure
|upkeep
|turn|40
|
|t:|1759037218
|switch|p1a: Ogerpon|Ogerpon-Wellspring, F|100/100
|move|p2a: Mrs. Hot water|Flip Turn|p1a: Ogerpon
|-immune|p1a: Ogerpon|[from] ability: Water Absorb
|
|-heal|p2a: Mrs. Hot water|100/100|[from] move: Wish|[wisher] Mrs. Hot water
|-damage|p2a: Mrs. Hot water|76/100|[from] Salt Cure
|upkeep
|turn|41
|
|t:|1759037225
|switch|p2a: Gardevoir to OU|Gardevoir, F, shiny|100/100
|-damage|p2a: Gardevoir to OU|88/100|[from] Stealth Rock
|-ability|p2a: Gardevoir to OU|Water Absorb|Trace|[from] ability: Trace|[of] p1a: Ogerpon
|move|p1a: Ogerpon|Substitute|p1a: Ogerpon
|-start|p1a: Ogerpon|Substitute
|-damage|p1a: Ogerpon|76/100
|
|-heal|p2a: Gardevoir to OU|94/100|[from] item: Leftovers
|upkeep
|turn|42
|
|t:|1759037230
|-terastallize|p1a: Ogerpon|Water
|detailschange|p1a: Ogerpon|Ogerpon-Wellspring-Tera, F, tera:Water
|-ability|p1a: Ogerpon|Embody Aspect (Wellspring)|boost
|-boost|p1a: Ogerpon|spd|1
|move|p1a: Ogerpon|Ivy Cudgel|p2a: Gardevoir to OU|[anim] Ivy Cudgel Water
|-heal|p2a: Gardevoir to OU|100/100|[from] ability: Water Absorb|[of] p1a: Ogerpon
|move|p2a: Gardevoir to OU|Draining Kiss|p1a: Ogerpon
|-activate|p1a: Ogerpon|move: Substitute|[damage]
|
|upkeep
|turn|43
|
|t:|1759037240
|move|p1a: Ogerpon|Swords Dance|p1a: Ogerpon
|-boost|p1a: Ogerpon|atk|2
|move|p2a: Gardevoir to OU|Calm Mind|p2a: Gardevoir to OU
|-boost|p2a: Gardevoir to OU|spa|1
|-boost|p2a: Gardevoir to OU|spd|1
|
|upkeep
|turn|44
|
|t:|1759037244
|move|p1a: Ogerpon|Horn Leech|p2a: Gardevoir to OU
|-damage|p2a: Gardevoir to OU|0 fnt
|-heal|p1a: Ogerpon|100/100|[from] drain|[of] p2a: Gardevoir to OU
|faint|p2a: Gardevoir to OU
|
|upkeep
|
|t:|1759037252
|switch|p2a: Iron Donphan|Iron Treads, shiny|82/100
|-damage|p2a: Iron Donphan|79/100|[from] Stealth Rock
|turn|45
|
|t:|1759037255
|move|p1a: Ogerpon|Ivy Cudgel|p2a: Iron Donphan|[anim] Ivy Cudgel Water
|-supereffective|p2a: Iron Donphan
|-damage|p2a: Iron Donphan|0 fnt
|faint|p2a: Iron Donphan
|-end|p2a: Iron Donphan|Quark Drive|[silent]
|
|upkeep
|
|t:|1759037258
|switch|p2a: Mrs. Hot water|Alomomola, F, shiny|100/100
|turn|46
|
|t:|1759037262
|move|p1a: Ogerpon|Swords Dance|p1a: Ogerpon
|-boost|p1a: Ogerpon|atk|2
|move|p2a: Mrs. Hot water|Tickle||[still]
|-fail|p2a: Mrs. Hot water
|
|upkeep
|turn|47
|-message|caronosaurs forfeited.
|
|win|xiaoshenyoukaigual
|raw|xiaoshenyoukaigual's rating: 1322 &rarr; <strong>1339</strong><br />(+17 for winning)
|raw|caronosaurs's rating: 1271 &rarr; <strong>1250</strong><br />(-21 for losing)
|l|☆caronosaurs
|player|p2|
|l|☆xiaoshenyoukaigual
|player|p1|
