|j|☆witdflow
|j|☆qiji125
|t:|1759032897
|gametype|singles
|player|p1|witdflow|norman|1288
|player|p2|qiji125|n|1274
|gen|9
|tier|[Gen 9] OU
|rated|
|rule|HP Percentage Mod: HP is shown in percentages
|rule|Endless Battle Clause: Forcing endless battles is banned
|rule|Species Clause: Limit one of each Pokémon
|rule|OHKO Clause: OHKO moves are banned
|rule|Evasion Items Clause: Evasion items are banned
|rule|Evasion Moves Clause: Evasion moves are banned
|rule|Evasion Abilities Clause: Evasion abilities are banned
|rule|Sleep Moves Clause: Sleep-inducing moves are banned
|clearpoke
|poke|p1|Clefable, F|
|poke|p1|Weezing-Galar, M|
|poke|p1|Alomomola, F|
|poke|p1|Ting-Lu|
|poke|p1|Ditto|
|poke|p1|Gholdengo|
|poke|p2|Dragapult, F|
|poke|p2|Darkrai|
|poke|p2|Samurott-Hisui, M|
|poke|p2|Enamorus, F|
|poke|p2|Meowscarada, M|
|poke|p2|Alomomola, F|
|teampreview
|inactive|Battle timer is ON: inactive players will automatically lose when time's up. (requested by witdflow)
|
|t:|1759032934
|teamsize|p1|6
|teamsize|p2|6
|start
|switch|p1a: Ditto|Ditto, shiny|100/100
|switch|p2a: Darkrai|Darkrai|100/100
|-transform|p1a: Ditto|p2a: Darkrai|[from] ability: Imposter
|turn|1
|
|t:|1759032957
|switch|p2a: Alomomola|Alomomola, F|100/100
|move|p1a: Ditto|Ice Beam|p2a: Alomomola
|-resisted|p2a: Alomomola
|-damage|p2a: Alomomola|93/100
|
|upkeep
|turn|2
|
|t:|1759032969
|switch|p1a: Alomomola|Alomomola, F, shiny|100/100
|move|p2a: Alomomola|Flip Turn|p1a: Alomomola
|-resisted|p1a: Alomomola
|-damage|p1a: Alomomola|96/100
|-damage|p2a: Alomomola|76/100|[from] item: Rocky Helmet|[of] p1a: Alomomola
|
|t:|1759032978
|switch|p2a: Meowscarada|Meowscarada, M|100/100|[from] Flip Turn
|
|upkeep
|turn|3
|
|t:|1759032986
|-terastallize|p2a: Meowscarada|Grass
|move|p1a: Alomomola|Protect|p1a: Alomomola
|-singleturn|p1a: Alomomola|Protect
|move|p2a: Meowscarada|Flower Trick|p1a: Alomomola
|-activate|p1a: Alomomola|move: Protect
|
|upkeep
|turn|4
|
|t:|1759032999
|switch|p2a: Dragapult|Dragapult, F|100/100
|switch|p1a: Weezing|Weezing-Galar, M, shiny|100/100
|-ability|p1a: Weezing|Neutralizing Gas
|
|upkeep
|turn|5
|
|t:|1759033016
|move|p2a: Dragapult|U-turn|p1a: Weezing
|-resisted|p1a: Weezing
|-damage|p1a: Weezing|98/100
|
|t:|1759033036
|switch|p2a: Enamorus|Enamorus, F|100/100|[from] U-turn
|move|p1a: Weezing|Will-O-Wisp|p2a: Enamorus
|-status|p2a: Enamorus|brn
|
|-heal|p1a: Weezing|100/100|[from] item: Leftovers
|-damage|p2a: Enamorus|94/100 brn|[from] brn
|upkeep
|turn|6
|
|t:|1759033051
|-end|p1a: Weezing|ability: Neutralizing Gas
|switch|p1a: Ting-Lu|Ting-Lu, shiny|100/100
|-ability|p1a: Ting-Lu|Vessel of Ruin
|move|p2a: Enamorus|Earth Power|p1a: Ting-Lu
|-damage|p1a: Ting-Lu|86/100
|
|-heal|p1a: Ting-Lu|93/100|[from] item: Leftovers
|-damage|p2a: Enamorus|88/100 brn|[from] brn
|upkeep
|turn|7
|inactive|qiji125 has 120 seconds left.
|
|t:|1759033077
|switch|p2a: Meowscarada|Meowscarada, M, tera:Grass|100/100
|switch|p1a: Gholdengo|Gholdengo|100/100
|
|upkeep
|turn|8
|
|t:|1759033087
|switch|p1a: Weezing|Weezing-Galar, M, shiny|100/100
|-ability|p1a: Weezing|Neutralizing Gas
|move|p2a: Meowscarada|Knock Off|p1a: Weezing
|-resisted|p1a: Weezing
|-damage|p1a: Weezing|77/100
|-enditem|p1a: Weezing|Leftovers|[from] move: Knock Off|[of] p2a: Meowscarada
|
|upkeep
|turn|9
|inactive|qiji125 has 120 seconds left.
|
|t:|1759033099
|switch|p2a: Alomomola|Alomomola, F|100/100
|move|p1a: Weezing|Strange Steam|p2a: Alomomola
|-damage|p2a: Alomomola|87/100
|-start|p2a: Alomomola|confusion
|
|upkeep
|turn|10
|inactive|qiji125 has 120 seconds left.
|
|t:|1759033109
|move|p1a: Weezing|Will-O-Wisp|p2a: Alomomola
|-status|p2a: Alomomola|brn
|-activate|p2a: Alomomola|confusion
|-damage|p2a: Alomomola|82/100 brn|[from] confusion
|
|-damage|p2a: Alomomola|76/100 brn|[from] brn
|upkeep
|turn|11
|inactive|qiji125 has 120 seconds left.
|
|t:|1759033123
|-end|p1a: Weezing|ability: Neutralizing Gas
|switch|p1a: Gholdengo|Gholdengo|100/100
|-end|p2a: Alomomola|confusion
|move|p2a: Alomomola|Flip Turn|p1a: Gholdengo
|-damage|p1a: Gholdengo|91/100
|
|t:|1759033134
|switch|p2a: Samurott|Samurott-Hisui, M|100/100|[from] Flip Turn
|
|upkeep
|turn|12
|
|t:|1759033144
|switch|p1a: Alomomola|Alomomola, F, shiny|100/100
|move|p2a: Samurott|Aqua Cutter|p1a: Alomomola
|-resisted|p1a: Alomomola
|-damage|p1a: Alomomola|88/100
|
|upkeep
|turn|13
|
|t:|1759033159
|switch|p2a: Dragapult|Dragapult, F|100/100
|move|p1a: Alomomola|Flip Turn|p2a: Dragapult
|-resisted|p2a: Dragapult
|-damage|p2a: Dragapult|89/100
|
|t:|1759033163
|switch|p1a: Ditto|Ditto, shiny|100/100|[from] Flip Turn
|-transform|p1a: Ditto|p2a: Dragapult|[from] ability: Imposter
|
|upkeep
|turn|14
|inactive|qiji125 has 120 seconds left.
|
|t:|1759033186
|switch|p2a: Darkrai|Darkrai|100/100
|-terastallize|p1a: Ditto|Fairy
|move|p1a: Ditto|Draco Meteor|p2a: Darkrai
|-damage|p2a: Darkrai|25/100
|-unboost|p1a: Ditto|spa|2
|
|upkeep
|turn|15
|inactive|qiji125 has 90 seconds left.
|
|t:|1759033217
|move|p1a: Ditto|Draco Meteor|p2a: Darkrai
|-damage|p2a: Darkrai|0 fnt
|-unboost|p1a: Ditto|spa|2
|faint|p2a: Darkrai
|
|upkeep
|inactive|qiji125 has 90 seconds left.
|
|t:|1759033230
|switch|p2a: Samurott|Samurott-Hisui, M|100/100
|turn|16
|inactive|qiji125 has 90 seconds left.
|
|t:|1759033236
|switch|p1a: Alomomola|Alomomola, F, shiny|100/100
|move|p2a: Samurott|Flip Turn|p1a: Alomomola
|-resisted|p1a: Alomomola
|-crit|p1a: Alomomola
|-damage|p1a: Alomomola|90/100
|-damage|p2a: Samurott|84/100|[from] item: Rocky Helmet|[of] p1a: Alomomola
|inactive|qiji125 has 90 seconds left.
|
|t:|1759033247
|switch|p2a: Meowscarada|Meowscarada, M, tera:Grass|100/100|[from] Flip Turn
|
|upkeep
|turn|17
|inactive|qiji125 has 90 seconds left.
|
|t:|1759033255
|move|p1a: Alomomola|Protect|p1a: Alomomola
|-singleturn|p1a: Alomomola|Protect
|move|p2a: Meowscarada|Knock Off|p1a: Alomomola
|-activate|p1a: Alomomola|move: Protect
|
|upkeep
|turn|18
|inactive|qiji125 has 90 seconds left.
|
|t:|1759033265
|switch|p1a: Weezing|Weezing-Galar, M, shiny|77/100
|-ability|p1a: Weezing|Neutralizing Gas
|move|p2a: Meowscarada|Knock Off|p1a: Weezing
|-resisted|p1a: Weezing
|-damage|p1a: Weezing|62/100
|
|upkeep
|turn|19
|inactive|qiji125 has 90 seconds left.
|
|t:|1759033278
|switch|p2a: Alomomola|Alomomola, F|100/100 brn
|move|p1a: Weezing|Strange Steam|p2a: Alomomola
|-damage|p2a: Alomomola|86/100 brn
|
|-damage|p2a: Alomomola|80/100 brn|[from] brn
|upkeep
|turn|20
|inactive|qiji125 has 90 seconds left.
|
|t:|1759033289
|move|p1a: Weezing|Strange Steam|p2a: Alomomola
|-damage|p2a: Alomomola|65/100 brn
|move|p2a: Alomomola|Flip Turn|p1a: Weezing
|-crit|p1a: Weezing
|-damage|p1a: Weezing|53/100
|inactive|qiji125 has 90 seconds left.
|
|t:|1759033298
|switch|p2a: Enamorus|Enamorus, F|88/100 brn|[from] Flip Turn
|
|-damage|p2a: Enamorus|82/100 brn|[from] brn
|upkeep
|turn|21
|inactive|qiji125 has 90 seconds left.
|
|t:|1759033308
|-end|p1a: Weezing|ability: Neutralizing Gas
|switch|p1a: Clefable|Clefable, F, shiny|100/100
|move|p2a: Enamorus|Moonblast|p1a: Clefable
|-damage|p1a: Clefable|63/100
|
|-heal|p1a: Clefable|69/100|[from] item: Leftovers
|-damage|p2a: Enamorus|76/100 brn|[from] brn
|upkeep
|turn|22
|inactive|qiji125 has 90 seconds left.
|
|t:|1759033322
|move|p1a: Clefable|Protect|p1a: Clefable
|-singleturn|p1a: Clefable|Protect
|move|p2a: Enamorus|Moonblast|p1a: Clefable
|-activate|p1a: Clefable|move: Protect
|
|-heal|p1a: Clefable|75/100|[from] item: Leftovers
|-damage|p2a: Enamorus|69/100 brn|[from] brn
|upkeep
|turn|23
|inactive|qiji125 has 90 seconds left.
|
|t:|1759033333
|move|p2a: Enamorus|Moonblast|p1a: Clefable
|-damage|p1a: Clefable|43/100
|move|p1a: Clefable|Wish|p1a: Clefable
|
|-heal|p1a: Clefable|49/100|[from] item: Leftovers
|-damage|p2a: Enamorus|63/100 brn|[from] brn
|upkeep
|turn|24
|inactive|qiji125 has 90 seconds left.
|
|t:|1759033346
|switch|p2a: Meowscarada|Meowscarada, M, tera:Grass|100/100
|move|p1a: Clefable|Cosmic Power|p1a: Clefable
|-boost|p1a: Clefable|def|1
|-boost|p1a: Clefable|spd|1
|
|-heal|p1a: Clefable|99/100|[from] move: Wish|[wisher] Clefable
|-heal|p1a: Clefable|100/100|[from] item: Leftovers
|upkeep
|turn|25
|inactive|qiji125 has 90 seconds left.
|
|t:|1759033359
|move|p2a: Meowscarada|Flower Trick|p1a: Clefable
|-crit|p1a: Clefable
|-damage|p1a: Clefable|0 fnt
|faint|p1a: Clefable
|
|upkeep
|
|t:|1759033365
|switch|p1a: Gholdengo|Gholdengo|91/100
|turn|26
|
|t:|1759033372
|switch|p2a: Alomomola|Alomomola, F|65/100 brn
|move|p1a: Gholdengo|Dazzling Gleam|p2a: Alomomola
|-damage|p2a: Alomomola|50/100 brn
|
|-damage|p2a: Alomomola|44/100 brn|[from] brn
|upkeep
|turn|27
|
|t:|1759033385
|move|p1a: Gholdengo|Dazzling Gleam|p2a: Alomomola
|-damage|p2a: Alomomola|26/100 brn
|move|p2a: Alomomola|Mirror Coat|p1a: Gholdengo
|-damage|p1a: Gholdengo|35/100
|
|-damage|p2a: Alomomola|20/100 brn|[from] brn
|upkeep
|turn|28
|
|t:|1759033397
|switch|p1a: Alomomola|Alomomola, F, shiny|100/100
|move|p2a: Alomomola|Flip Turn|p1a: Alomomola
|-resisted|p1a: Alomomola
|-damage|p1a: Alomomola|98/100
|-damage|p2a: Alomomola|3/100 brn|[from] item: Rocky Helmet|[of] p1a: Alomomola
|
|t:|1759033408
|switch|p2a: Samurott|Samurott-Hisui, M|84/100|[from] Flip Turn
|
|upkeep
|turn|29
|
|t:|1759033415
|move|p2a: Samurott|Ceaseless Edge|p1a: Alomomola
|-damage|p1a: Alomomola|74/100
|-damage|p2a: Samurott|67/100|[from] item: Rocky Helmet|[of] p1a: Alomomola
|-sidestart|p1: witdflow|Spikes
|move|p1a: Alomomola|Wish|p1a: Alomomola
|
|upkeep
|turn|30
|
|t:|1759033425
|move|p2a: Samurott|Ceaseless Edge|p1a: Alomomola
|-damage|p1a: Alomomola|52/100
|-damage|p2a: Samurott|51/100|[from] item: Rocky Helmet|[of] p1a: Alomomola
|-sidestart|p1: witdflow|Spikes
|move|p1a: Alomomola|Flip Turn|p2a: Samurott
|-resisted|p2a: Samurott
|-damage|p2a: Samurott|41/100
|
|t:|1759033429
|switch|p1a: Weezing|Weezing-Galar, M, shiny|53/100|[from] Flip Turn
|-ability|p1a: Weezing|Neutralizing Gas
|-damage|p1a: Weezing|37/100|[from] Spikes
|
|-heal|p1a: Weezing|100/100|[from] move: Wish|[wisher] Alomomola
|upkeep
|turn|31
|
|t:|1759033444
|move|p2a: Samurott|Ceaseless Edge|p1a: Weezing
|-resisted|p1a: Weezing
|-damage|p1a: Weezing|90/100
|-sidestart|p1: witdflow|Spikes
|move|p1a: Weezing|Will-O-Wisp|p2a: Samurott
|-status|p2a: Samurott|brn
|
|-damage|p2a: Samurott|35/100 brn|[from] brn
|upkeep
|turn|32
|
|t:|1759033457
|switch|p2a: Alomomola|Alomomola, F|36/100 brn
|move|p1a: Weezing|Defog|p2a: Alomomola
|-unboost|p2a: Alomomola|evasion|1
|-sideend|p1: witdflow|Spikes|[from] move: Defog|[of] p1a: Weezing
|
|-damage|p2a: Alomomola|30/100 brn|[from] brn
|upkeep
|turn|33
|
|t:|1759033473
|-end|p1a: Weezing|ability: Neutralizing Gas
|switch|p1a: Alomomola|Alomomola, F, shiny|85/100
|switch|p2a: Samurott|Samurott-Hisui, M|35/100 brn
|
|-damage|p2a: Samurott|29/100 brn|[from] brn
|upkeep
|turn|34
|
|t:|1759033486
|move|p2a: Samurott|Flip Turn|p1a: Alomomola
|-resisted|p1a: Alomomola
|-damage|p1a: Alomomola|82/100
|-damage|p2a: Samurott|12/100 brn|[from] item: Rocky Helmet|[of] p1a: Alomomola
|
|t:|1759033493
|switch|p2a: Meowscarada|Meowscarada, M, tera:Grass|100/100|[from] Flip Turn
|move|p1a: Alomomola|Wish|p1a: Alomomola
|
|upkeep
|turn|35
|
|t:|1759033500
|switch|p1a: Weezing|Weezing-Galar, M, shiny|90/100
|-ability|p1a: Weezing|Neutralizing Gas
|move|p2a: Meowscarada|Flower Trick|p1a: Weezing
|-resisted|p1a: Weezing
|-crit|p1a: Weezing
|-damage|p1a: Weezing|60/100
|
|-heal|p1a: Weezing|100/100|[from] move: Wish|[wisher] Alomomola
|upkeep
|turn|36
|inactive|qiji125 has 90 seconds left.
|
|t:|1759033531
|switch|p2a: Enamorus|Enamorus, F|63/100 brn
|move|p1a: Weezing|Strange Steam|p2a: Enamorus|[miss]
|-miss|p1a: Weezing|p2a: Enamorus
|
|-damage|p2a: Enamorus|57/100 brn|[from] brn
|upkeep
|turn|37
|inactive|qiji125 has 90 seconds left.
|inactive|witdflow has 120 seconds left.
|
|t:|1759033565
|-end|p1a: Weezing|ability: Neutralizing Gas
|switch|p1a: Ditto|Ditto, shiny, tera:Fairy|100/100
|-transform|p1a: Ditto|p2a: Enamorus|[from] ability: Imposter
|move|p2a: Enamorus|Healing Wish|p2a: Enamorus
|faint|p2a: Enamorus
|
|upkeep
|
|t:|1759033589
|switch|p2a: Meowscarada|Meowscarada, M, tera:Grass|100/100
|turn|38
|
|t:|1759033600
|switch|p1a: Weezing|Weezing-Galar, M, shiny|100/100
|-ability|p1a: Weezing|Neutralizing Gas
|switch|p2a: Dragapult|Dragapult, F|89/100
|-heal|p2a: Dragapult|100/100|[from] move: Healing Wish
|
|upkeep
|turn|39
|inactive|witdflow has 120 seconds left.
|inactive|qiji125 has 60 seconds left.
|
|t:|1759033627
|move|p2a: Dragapult|U-turn|p1a: Weezing
|-resisted|p1a: Weezing
|-damage|p1a: Weezing|98/100
|inactive|qiji125 has 60 seconds left.
|
|t:|1759033633
|switch|p2a: Alomomola|Alomomola, F|63/100 brn|[from] U-turn
|move|p1a: Weezing|Will-O-Wisp|p2a: Alomomola|[miss]
|-miss|p1a: Weezing|p2a: Alomomola
|
|-damage|p2a: Alomomola|57/100 brn|[from] brn
|upkeep
|turn|40
|inactive|qiji125 has 60 seconds left.
|
|t:|1759033647
|move|p1a: Weezing|Strange Steam|p2a: Alomomola
|-damage|p2a: Alomomola|43/100 brn
|move|p2a: Alomomola|Flip Turn|p1a: Weezing
|-damage|p1a: Weezing|92/100
|inactive|qiji125 has 60 seconds left.
|
|t:|1759033659
|switch|p2a: Meowscarada|Meowscarada, M, tera:Grass|100/100|[from] Flip Turn
|
|upkeep
|turn|41
|inactive|qiji125 has 60 seconds left.
|
|t:|1759033666
|move|p2a: Meowscarada|Flower Trick|p1a: Weezing
|-resisted|p1a: Weezing
|-crit|p1a: Weezing
|-damage|p1a: Weezing|62/100
|move|p1a: Weezing|Will-O-Wisp|p2a: Meowscarada
|-status|p2a: Meowscarada|brn
|
|-damage|p2a: Meowscarada|94/100 brn|[from] brn
|upkeep
|turn|42
|inactive|qiji125 has 60 seconds left.
|-message|qiji125 forfeited.
|
|win|witdflow
|raw|witdflow's rating: 1288 &rarr; <strong>1312</strong><br />(+24 for winning)
|raw|qiji125's rating: 1274 &rarr; <strong>1250</strong><br />(-24 for losing)
|l|☆qiji125
|player|p2|
|l|☆witdflow
|player|p1|
