|j|☆will1994
|j|☆Arcangel666
|t:|1758924592
|gametype|singles
|player|p1|will1994|red|1679
|player|p2|Arcangel666|steven|1691
|gen|9
|tier|[Gen 9] OU
|rated|
|rule|HP Percentage Mod: HP is shown in percentages
|rule|Endless Battle Clause: Forcing endless battles is banned
|rule|Species Clause: Limit one of each Pokémon
|rule|OHKO Clause: OHKO moves are banned
|rule|Evasion Items Clause: Evasion items are banned
|rule|Evasion Moves Clause: Evasion moves are banned
|rule|Evasion Abilities Clause: Evasion abilities are banned
|rule|Sleep Moves Clause: Sleep-inducing moves are banned
|clearpoke
|poke|p1|Rillaboom, M|
|poke|p1|Charizard, F|
|poke|p1|Corviknight, M|
|poke|p1|Kleavor, M|
|poke|p1|Clodsire, F|
|poke|p1|Samurott-Hisui, M|
|poke|p2|Ting-Lu|
|poke|p2|Kingambit, M|
|poke|p2|Dragapult, M|
|poke|p2|Skeledirge, F|
|poke|p2|Iron Valiant|
|poke|p2|Rotom-Wash|
|teampreview
|inactive|Battle timer is ON: inactive players will automatically lose when time's up. (requested by will1994)
|
|t:|1758924599
|teamsize|p1|6
|teamsize|p2|6
|start
|switch|p1a: Kleavor|Kleavor, M|100/100
|switch|p2a: Rotom|Rotom-Wash, shiny|100/100
|turn|1
|
|t:|1758924607
|move|p1a: Kleavor|U-turn|p2a: Rotom
|-damage|p2a: Rotom|54/100
|
|t:|1758924609
|switch|p1a: Charizard|Charizard, F|100/100|[from] U-turn
|move|p2a: Rotom|Hydro Pump|p1a: Charizard|[miss]
|-miss|p2a: Rotom|p1a: Charizard
|
|-heal|p2a: Rotom|60/100|[from] item: Leftovers
|upkeep
|turn|2
|
|t:|1758924621
|switch|p1a: Kleavor|Kleavor, M|100/100
|move|p2a: Rotom|Hydro Pump|p1a: Kleavor
|-supereffective|p1a: Kleavor
|-damage|p1a: Kleavor|0 fnt
|faint|p1a: Kleavor
|
|-heal|p2a: Rotom|66/100|[from] item: Leftovers
|upkeep
|
|t:|1758924625
|switch|p1a: Rillaboom|Rillaboom, M|100/100
|-fieldstart|move: Grassy Terrain|[from] ability: Grassy Surge|[of] p1a: Rillaboom
|turn|3
|
|t:|1758924630
|switch|p2a: Skeledirge|Skeledirge, F, shiny|100/100
|move|p1a: Rillaboom|Knock Off|p2a: Skeledirge
|-supereffective|p2a: Skeledirge
|-damage|p2a: Skeledirge|38/100
|-enditem|p2a: Skeledirge|Heavy-Duty Boots|[from] move: Knock Off|[of] p1a: Rillaboom
|
|-heal|p2a: Skeledirge|44/100|[from] Grassy Terrain
|upkeep
|turn|4
|
|t:|1758924634
|switch|p1a: Samurott|Samurott-Hisui, M|100/100
|move|p2a: Skeledirge|Slack Off|p2a: Skeledirge
|-heal|p2a: Skeledirge|94/100
|
|-heal|p2a: Skeledirge|100/100|[from] Grassy Terrain
|upkeep
|turn|5
|
|t:|1758924636
|move|p1a: Samurott|Ceaseless Edge|p2a: Skeledirge
|-supereffective|p2a: Skeledirge
|-damage|p2a: Skeledirge|60/100
|-sidestart|p2: Arcangel666|Spikes
|move|p2a: Skeledirge|Will-O-Wisp|p1a: Samurott|[miss]
|-miss|p2a: Skeledirge|p1a: Samurott
|
|-heal|p2a: Skeledirge|66/100|[from] Grassy Terrain
|upkeep
|turn|6
|
|t:|1758924641
|switch|p1a: Charizard|Charizard, F|100/100
|move|p2a: Skeledirge|Will-O-Wisp|p1a: Charizard
|-immune|p1a: Charizard
|
|-heal|p2a: Skeledirge|72/100|[from] Grassy Terrain
|upkeep
|turn|7
|
|t:|1758924647
|switch|p2a: Ting-Lu|Ting-Lu|100/100
|-damage|p2a: Ting-Lu|88/100|[from] Spikes
|-ability|p2a: Ting-Lu|Vessel of Ruin
|move|p1a: Charizard|Air Slash|p2a: Ting-Lu
|-damage|p2a: Ting-Lu|65/100
|
|-heal|p2a: Ting-Lu|71/100|[from] Grassy Terrain
|-heal|p2a: Ting-Lu|77/100|[from] item: Leftovers
|-fieldend|move: Grassy Terrain
|upkeep
|turn|8
|
|t:|1758924651
|switch|p1a: Corviknight|Corviknight, M|100/100
|-ability|p1a: Corviknight|Pressure
|move|p2a: Ting-Lu|Stealth Rock|p1a: Corviknight
|-sidestart|p1: will1994|move: Stealth Rock
|
|-heal|p2a: Ting-Lu|83/100|[from] item: Leftovers
|upkeep
|turn|9
|
|t:|1758924656
|move|p1a: Corviknight|U-turn|p2a: Ting-Lu
|-supereffective|p2a: Ting-Lu
|-damage|p2a: Ting-Lu|68/100
|
|t:|1758924662
|switch|p1a: Samurott|Samurott-Hisui, M|100/100|[from] U-turn
|-damage|p1a: Samurott|88/100|[from] Stealth Rock
|move|p2a: Ting-Lu|Spikes|p1a: Samurott
|-sidestart|p1: will1994|Spikes
|
|-heal|p2a: Ting-Lu|74/100|[from] item: Leftovers
|upkeep
|turn|10
|
|t:|1758924667
|move|p1a: Samurott|Knock Off|p2a: Ting-Lu
|-resisted|p2a: Ting-Lu
|-damage|p2a: Ting-Lu|64/100
|-enditem|p2a: Ting-Lu|Leftovers|[from] move: Knock Off|[of] p1a: Samurott
|move|p2a: Ting-Lu|Spikes|p1a: Samurott
|-sidestart|p1: will1994|Spikes
|
|upkeep
|turn|11
|
|t:|1758924670
|switch|p1a: Corviknight|Corviknight, M|100/100
|-damage|p1a: Corviknight|88/100|[from] Stealth Rock
|-ability|p1a: Corviknight|Pressure
|move|p2a: Ting-Lu|Ruination|p1a: Corviknight
|-damage|p1a: Corviknight|44/100
|
|upkeep
|turn|12
|
|t:|1758924673
|switch|p2a: Rotom|Rotom-Wash, shiny|66/100
|move|p1a: Corviknight|Defog|p2a: Rotom
|-unboost|p2a: Rotom|evasion|1
|-sideend|p2: Arcangel666|Spikes|[from] move: Defog|[of] p1a: Corviknight
|-sideend|p1: will1994|Spikes|[from] move: Defog|[of] p1a: Corviknight
|-sideend|p1: will1994|Stealth Rock|[from] move: Defog|[of] p1a: Corviknight
|
|-heal|p2a: Rotom|73/100|[from] item: Leftovers
|upkeep
|turn|13
|
|t:|1758924680
|switch|p1a: Rillaboom|Rillaboom, M|100/100
|-fieldstart|move: Grassy Terrain|[from] ability: Grassy Surge|[of] p1a: Rillaboom
|move|p2a: Rotom|Thunder Wave|p1a: Rillaboom
|-status|p1a: Rillaboom|par
|
|-heal|p2a: Rotom|79/100|[from] item: Leftovers
|upkeep
|turn|14
|
|t:|1758924685
|switch|p2a: Skeledirge|Skeledirge, F, shiny|72/100
|cant|p1a: Rillaboom|par
|
|-heal|p2a: Skeledirge|78/100|[from] Grassy Terrain
|upkeep
|turn|15
|
|t:|1758924691
|switch|p1a: Charizard|Charizard, F|100/100
|move|p2a: Skeledirge|Torch Song|p1a: Charizard
|-resisted|p1a: Charizard
|-damage|p1a: Charizard|81/100
|-boost|p2a: Skeledirge|spa|1
|
|-heal|p2a: Skeledirge|84/100|[from] Grassy Terrain
|upkeep
|turn|16
|
|t:|1758924695
|switch|p2a: Ting-Lu|Ting-Lu|64/100
|-ability|p2a: Ting-Lu|Vessel of Ruin
|move|p1a: Charizard|Scorching Sands|p2a: Ting-Lu
|-damage|p2a: Ting-Lu|50/100
|
|-heal|p2a: Ting-Lu|56/100|[from] Grassy Terrain
|upkeep
|turn|17
|
|t:|1758924698
|switch|p1a: Corviknight|Corviknight, M|44/100
|-ability|p1a: Corviknight|Pressure
|move|p2a: Ting-Lu|Stealth Rock|p1a: Corviknight
|-sidestart|p1: will1994|move: Stealth Rock
|
|-heal|p2a: Ting-Lu|63/100|[from] Grassy Terrain
|-fieldend|move: Grassy Terrain
|upkeep
|turn|18
|
|t:|1758924701
|switch|p2a: Skeledirge|Skeledirge, F, shiny|84/100
|move|p1a: Corviknight|Defog|p2a: Skeledirge
|-unboost|p2a: Skeledirge|evasion|1
|-sideend|p1: will1994|Stealth Rock|[from] move: Defog|[of] p1a: Corviknight
|
|upkeep
|turn|19
|
|t:|1758924705
|switch|p1a: Charizard|Charizard, F|81/100
|move|p2a: Skeledirge|Torch Song|p1a: Charizard
|-resisted|p1a: Charizard
|-damage|p1a: Charizard|63/100
|-boost|p2a: Skeledirge|spa|1
|
|upkeep
|turn|20
|
|t:|1758924713
|switch|p2a: Rotom|Rotom-Wash, shiny|79/100
|move|p1a: Charizard|Air Slash|p2a: Rotom
|-resisted|p2a: Rotom
|-damage|p2a: Rotom|46/100
|
|-heal|p2a: Rotom|52/100|[from] item: Leftovers
|upkeep
|turn|21
|
|t:|1758924724
|switch|p1a: Rillaboom|Rillaboom, M|100/100 par
|-fieldstart|move: Grassy Terrain|[from] ability: Grassy Surge|[of] p1a: Rillaboom
|move|p2a: Rotom|Hydro Pump|p1a: Rillaboom
|-resisted|p1a: Rillaboom
|-damage|p1a: Rillaboom|68/100 par
|
|-heal|p2a: Rotom|58/100|[from] item: Leftovers
|-heal|p1a: Rillaboom|74/100 par|[from] Grassy Terrain
|upkeep
|turn|22
|
|t:|1758924727
|switch|p2a: Skeledirge|Skeledirge, F, shiny|84/100
|move|p1a: Rillaboom|U-turn|p2a: Skeledirge
|-resisted|p2a: Skeledirge
|-damage|p2a: Skeledirge|78/100
|
|t:|1758924731
|switch|p1a: Charizard|Charizard, F|63/100|[from] U-turn
|
|-heal|p2a: Skeledirge|84/100|[from] Grassy Terrain
|upkeep
|turn|23
|
|t:|1758924737
|switch|p2a: Rotom|Rotom-Wash, shiny|58/100
|move|p1a: Charizard|Air Slash|p2a: Rotom
|-resisted|p2a: Rotom
|-damage|p2a: Rotom|26/100
|
|-heal|p2a: Rotom|32/100|[from] item: Leftovers
|upkeep
|turn|24
|
|t:|1758924741
|switch|p2a: Ting-Lu|Ting-Lu|63/100
|-ability|p2a: Ting-Lu|Vessel of Ruin
|move|p1a: Charizard|Air Slash|p2a: Ting-Lu
|-crit|p2a: Ting-Lu
|-damage|p2a: Ting-Lu|27/100
|
|-heal|p2a: Ting-Lu|34/100|[from] Grassy Terrain
|upkeep
|turn|25
|
|t:|1758924745
|move|p1a: Charizard|Air Slash|p2a: Ting-Lu
|-damage|p2a: Ting-Lu|13/100
|move|p2a: Ting-Lu|Ruination|p1a: Charizard
|-damage|p1a: Charizard|32/100
|
|-heal|p2a: Ting-Lu|19/100|[from] Grassy Terrain
|-fieldend|move: Grassy Terrain
|upkeep
|turn|26
|
|t:|1758924749
|switch|p2a: Kingambit|Kingambit, M, shiny|100/100
|move|p1a: Charizard|Air Slash|p2a: Kingambit|[miss]
|-miss|p1a: Charizard|p2a: Kingambit
|
|upkeep
|turn|27
|
|t:|1758924753
|switch|p1a: Corviknight|Corviknight, M|44/100
|-ability|p1a: Corviknight|Pressure
|move|p2a: Kingambit|Kowtow Cleave|p1a: Corviknight
|-damage|p1a: Corviknight|17/100
|-damage|p2a: Kingambit|84/100|[from] item: Rocky Helmet|[of] p1a: Corviknight
|
|upkeep
|turn|28
|
|t:|1758924762
|switch|p1a: Samurott|Samurott-Hisui, M|88/100
|move|p2a: Kingambit|Kowtow Cleave|p1a: Samurott
|-resisted|p1a: Samurott
|-damage|p1a: Samurott|61/100
|
|upkeep
|turn|29
|
|t:|1758924765
|-end|p2a: Kingambit|fallenundefined|[silent]
|switch|p2a: Iron Valiant|Iron Valiant, shiny|100/100
|move|p1a: Samurott|Sacred Sword|p2a: Iron Valiant
|-resisted|p2a: Iron Valiant
|-damage|p2a: Iron Valiant|81/100
|
|upkeep
|turn|30
|
|t:|1758924769
|switch|p1a: Clodsire|Clodsire, F|100/100
|move|p2a: Iron Valiant|Moonblast|p1a: Clodsire
|-resisted|p1a: Clodsire
|-damage|p1a: Clodsire|73/100
|-unboost|p1a: Clodsire|spa|1
|
|-heal|p1a: Clodsire|79/100|[from] item: Leftovers
|upkeep
|turn|31
|
|t:|1758924775
|-end|p2a: Iron Valiant|Quark Drive|[silent]
|switch|p2a: Skeledirge|Skeledirge, F, shiny|84/100
|move|p1a: Clodsire|Stockpile|p1a: Clodsire
|-start|p1a: Clodsire|stockpile1
|-boost|p1a: Clodsire|def|1
|-boost|p1a: Clodsire|spd|1
|
|-heal|p1a: Clodsire|85/100|[from] item: Leftovers
|upkeep
|turn|32
|
|t:|1758924778
|move|p2a: Skeledirge|Will-O-Wisp|p1a: Clodsire
|-status|p1a: Clodsire|brn
|move|p1a: Clodsire|Toxic|p2a: Skeledirge
|-status|p2a: Skeledirge|tox
|
|-heal|p1a: Clodsire|92/100 brn|[from] item: Leftovers
|-damage|p2a: Skeledirge|78/100 tox|[from] psn
|-damage|p1a: Clodsire|85/100 brn|[from] brn
|upkeep
|turn|33
|
|t:|1758924786
|move|p2a: Skeledirge|Hex|p1a: Clodsire
|-damage|p1a: Clodsire|48/100 brn
|move|p1a: Clodsire|Stockpile|p1a: Clodsire
|-start|p1a: Clodsire|stockpile2
|-boost|p1a: Clodsire|def|1
|-boost|p1a: Clodsire|spd|1
|
|-heal|p1a: Clodsire|55/100 brn|[from] item: Leftovers
|-damage|p2a: Skeledirge|66/100 tox|[from] psn
|-damage|p1a: Clodsire|48/100 brn|[from] brn
|upkeep
|turn|34
|
|t:|1758924788
|move|p2a: Skeledirge|Hex|p1a: Clodsire
|-damage|p1a: Clodsire|15/100 brn
|move|p1a: Clodsire|Recover|p1a: Clodsire
|-heal|p1a: Clodsire|65/100 brn
|
|-heal|p1a: Clodsire|71/100 brn|[from] item: Leftovers
|-damage|p2a: Skeledirge|48/100 tox|[from] psn
|-damage|p1a: Clodsire|65/100 brn|[from] brn
|upkeep
|turn|35
|
|t:|1758924791
|move|p2a: Skeledirge|Hex|p1a: Clodsire
|-damage|p1a: Clodsire|32/100 brn
|move|p1a: Clodsire|Recover|p1a: Clodsire
|-heal|p1a: Clodsire|82/100 brn
|
|-heal|p1a: Clodsire|88/100 brn|[from] item: Leftovers
|-damage|p2a: Skeledirge|24/100 tox|[from] psn
|-damage|p1a: Clodsire|82/100 brn|[from] brn
|upkeep
|turn|36
|
|t:|1758924794
|switch|p2a: Dragapult|Dragapult, M, shiny|100/100
|move|p1a: Clodsire|Recover|p1a: Clodsire
|-heal|p1a: Clodsire|100/100 brn
|
|-damage|p1a: Clodsire|94/100 brn|[from] brn
|upkeep
|turn|37
|
|t:|1758924796
|move|p2a: Dragapult|Substitute|p2a: Dragapult
|-start|p2a: Dragapult|Substitute
|-damage|p2a: Dragapult|76/100
|move|p1a: Clodsire|Toxic||[still]
|-fail|p1a: Clodsire
|
|-heal|p2a: Dragapult|82/100|[from] item: Leftovers
|-heal|p1a: Clodsire|100/100 brn|[from] item: Leftovers
|-damage|p1a: Clodsire|94/100 brn|[from] brn
|upkeep
|turn|38
|
|t:|1758924802
|switch|p1a: Samurott|Samurott-Hisui, M|61/100
|move|p2a: Dragapult|Dragon Dance|p2a: Dragapult
|-boost|p2a: Dragapult|atk|1
|-boost|p2a: Dragapult|spe|1
|
|-heal|p2a: Dragapult|88/100|[from] item: Leftovers
|upkeep
|turn|39
|j| blueberrymilkshake
|
|t:|1758924806
|-terastallize|p1a: Samurott|Fairy
|move|p2a: Dragapult|Dragon Darts|p1a: Samurott
|-immune|p1a: Samurott
|move|p1a: Samurott|Ceaseless Edge|p2a: Dragapult
|-supereffective|p2a: Dragapult
|-end|p2a: Dragapult|Substitute
|-sidestart|p2: Arcangel666|Spikes
|
|-heal|p2a: Dragapult|94/100|[from] item: Leftovers
|upkeep
|turn|40
|
|t:|1758924811
|-terastallize|p2a: Dragapult|Ghost
|move|p2a: Dragapult|Tera Blast|p1a: Samurott|[anim] Tera Blast Ghost
|-crit|p1a: Samurott
|-damage|p1a: Samurott|0 fnt
|faint|p1a: Samurott
|
|-heal|p2a: Dragapult|99/100|[from] item: Leftovers
|upkeep
|
|t:|1758924819
|switch|p1a: Rillaboom|Rillaboom, M|74/100 par
|-fieldstart|move: Grassy Terrain|[from] ability: Grassy Surge|[of] p1a: Rillaboom
|turn|41
|
|t:|1758924823
|switch|p2a: Skeledirge|Skeledirge, F, shiny|24/100 tox
|-damage|p2a: Skeledirge|11/100 tox|[from] Spikes
|move|p1a: Rillaboom|Grassy Glide|p2a: Skeledirge
|-resisted|p2a: Skeledirge
|-damage|p2a: Skeledirge|0 fnt
|faint|p2a: Skeledirge
|
|-heal|p1a: Rillaboom|80/100 par|[from] Grassy Terrain
|upkeep
|
|t:|1758924828
|switch|p2a: Kingambit|Kingambit, M, shiny|84/100
|-activate|p2a: Kingambit|ability: Supreme Overlord
|-start|p2a: Kingambit|fallen1|[silent]
|turn|42
|
|t:|1758924834
|switch|p1a: Clodsire|Clodsire, F|94/100 brn
|move|p2a: Kingambit|Kowtow Cleave|p1a: Clodsire
|-damage|p1a: Clodsire|54/100 brn
|
|-heal|p2a: Kingambit|90/100|[from] Grassy Terrain
|-heal|p1a: Clodsire|60/100 brn|[from] Grassy Terrain
|-heal|p1a: Clodsire|66/100 brn|[from] item: Leftovers
|-damage|p1a: Clodsire|60/100 brn|[from] brn
|upkeep
|turn|43
|
|t:|1758924839
|move|p2a: Kingambit|Kowtow Cleave|p1a: Clodsire
|-damage|p1a: Clodsire|19/100 brn
|move|p1a: Clodsire|Recover|p1a: Clodsire
|-heal|p1a: Clodsire|69/100 brn
|
|-heal|p2a: Kingambit|96/100|[from] Grassy Terrain
|-heal|p1a: Clodsire|76/100 brn|[from] Grassy Terrain
|-heal|p1a: Clodsire|82/100 brn|[from] item: Leftovers
|-damage|p1a: Clodsire|76/100 brn|[from] brn
|upkeep
|turn|44
|
|t:|1758924845
|-end|p2a: Kingambit|fallen1|[silent]
|switch|p2a: Dragapult|Dragapult, M, shiny, tera:Ghost|99/100
|-damage|p2a: Dragapult|87/100|[from] Spikes
|move|p1a: Clodsire|Stockpile|p1a: Clodsire
|-start|p1a: Clodsire|stockpile1
|-boost|p1a: Clodsire|def|1
|-boost|p1a: Clodsire|spd|1
|
|-heal|p2a: Dragapult|93/100|[from] Grassy Terrain
|-heal|p2a: Dragapult|99/100|[from] item: Leftovers
|-heal|p1a: Clodsire|82/100 brn|[from] Grassy Terrain
|-heal|p1a: Clodsire|88/100 brn|[from] item: Leftovers
|-damage|p1a: Clodsire|82/100 brn|[from] brn
|upkeep
|turn|45
|
|t:|1758924857
|move|p2a: Dragapult|Substitute|p2a: Dragapult
|-start|p2a: Dragapult|Substitute
|-damage|p2a: Dragapult|74/100
|move|p1a: Clodsire|Stockpile|p1a: Clodsire
|-start|p1a: Clodsire|stockpile2
|-boost|p1a: Clodsire|def|1
|-boost|p1a: Clodsire|spd|1
|
|-heal|p2a: Dragapult|80/100|[from] Grassy Terrain
|-heal|p2a: Dragapult|86/100|[from] item: Leftovers
|-heal|p1a: Clodsire|88/100 brn|[from] Grassy Terrain
|-heal|p1a: Clodsire|94/100 brn|[from] item: Leftovers
|-damage|p1a: Clodsire|88/100 brn|[from] brn
|-fieldend|move: Grassy Terrain
|upkeep
|turn|46
|
|t:|1758924861
|move|p2a: Dragapult|Dragon Dance|p2a: Dragapult
|-boost|p2a: Dragapult|atk|1
|-boost|p2a: Dragapult|spe|1
|move|p1a: Clodsire|Stockpile|p1a: Clodsire
|-start|p1a: Clodsire|stockpile3
|-boost|p1a: Clodsire|def|1
|-boost|p1a: Clodsire|spd|1
|
|-heal|p2a: Dragapult|92/100|[from] item: Leftovers
|-heal|p1a: Clodsire|94/100 brn|[from] item: Leftovers
|-damage|p1a: Clodsire|88/100 brn|[from] brn
|upkeep
|turn|47
|
|t:|1758924864
|move|p2a: Dragapult|Dragon Dance|p2a: Dragapult
|-boost|p2a: Dragapult|atk|1
|-boost|p2a: Dragapult|spe|1
|move|p1a: Clodsire|Stockpile||[still]
|-fail|p1a: Clodsire
|
|-heal|p2a: Dragapult|98/100|[from] item: Leftovers
|-heal|p1a: Clodsire|94/100 brn|[from] item: Leftovers
|-damage|p1a: Clodsire|88/100 brn|[from] brn
|upkeep
|turn|48
|j| kakashihatakehere
|
|t:|1758924867
|move|p2a: Dragapult|Dragon Dance|p2a: Dragapult
|-boost|p2a: Dragapult|atk|1
|-boost|p2a: Dragapult|spe|1
|move|p1a: Clodsire|Stockpile||[still]
|-fail|p1a: Clodsire
|
|-heal|p2a: Dragapult|100/100|[from] item: Leftovers
|-heal|p1a: Clodsire|94/100 brn|[from] item: Leftovers
|-damage|p1a: Clodsire|88/100 brn|[from] brn
|upkeep
|turn|49
|
|t:|1758924880
|move|p2a: Dragapult|Dragon Dance|p2a: Dragapult
|-boost|p2a: Dragapult|atk|1
|-boost|p2a: Dragapult|spe|1
|move|p1a: Clodsire|Stockpile||[still]
|-fail|p1a: Clodsire
|
|-heal|p1a: Clodsire|94/100 brn|[from] item: Leftovers
|-damage|p1a: Clodsire|88/100 brn|[from] brn
|upkeep
|turn|50
|
|t:|1758924883
|move|p2a: Dragapult|Dragon Dance|p2a: Dragapult
|-boost|p2a: Dragapult|atk|1
|-boost|p2a: Dragapult|spe|1
|move|p1a: Clodsire|Stockpile||[still]
|-fail|p1a: Clodsire
|
|-heal|p1a: Clodsire|94/100 brn|[from] item: Leftovers
|-damage|p1a: Clodsire|88/100 brn|[from] brn
|upkeep
|turn|51
|
|t:|1758924885
|move|p2a: Dragapult|Dragon Dance|p2a: Dragapult
|-boost|p2a: Dragapult|atk|1
|-boost|p2a: Dragapult|spe|1
|move|p1a: Clodsire|Stockpile||[still]
|-fail|p1a: Clodsire
|
|-heal|p1a: Clodsire|94/100 brn|[from] item: Leftovers
|-damage|p1a: Clodsire|88/100 brn|[from] brn
|upkeep
|turn|52
|
|t:|1758924889
|move|p2a: Dragapult|Tera Blast|p1a: Clodsire|[anim] Tera Blast Ghost
|-damage|p1a: Clodsire|70/100 brn
|move|p1a: Clodsire|Stockpile||[still]
|-fail|p1a: Clodsire
|
|-heal|p1a: Clodsire|76/100 brn|[from] item: Leftovers
|-damage|p1a: Clodsire|70/100 brn|[from] brn
|upkeep
|turn|53
|
|t:|1758924893
|move|p2a: Dragapult|Tera Blast|p1a: Clodsire|[anim] Tera Blast Ghost
|-crit|p1a: Clodsire
|-damage|p1a: Clodsire|2/100 brn
|move|p1a: Clodsire|Stockpile||[still]
|-fail|p1a: Clodsire
|
|-heal|p1a: Clodsire|8/100 brn|[from] item: Leftovers
|-damage|p1a: Clodsire|2/100 brn|[from] brn
|upkeep
|turn|54
|-message|will1994 forfeited.
|
|win|Arcangel666
|raw|will1994's rating: 1679 &rarr; <strong>1660</strong><br />(-19 for losing)
|raw|Arcangel666's rating: 1691 &rarr; <strong>1710</strong><br />(+19 for winning)
|l|☆will1994
|player|p1|
|l|☆Arcangel666
|player|p2|
