|j|☆Blip09
|j|☆ghuiod
|t:|1759063476
|gametype|singles
|player|p1|Blip09|hilbert|1090
|player|p2|ghuiod|hilbert-wonderlauncher|1087
|gen|9
|tier|[Gen 9] OU
|rated|
|rule|HP Percentage Mod: HP is shown in percentages
|rule|Endless Battle Clause: Forcing endless battles is banned
|rule|Species Clause: Limit one of each Pokémon
|rule|OHKO Clause: OHKO moves are banned
|rule|Evasion Items Clause: Evasion items are banned
|rule|Evasion Moves Clause: Evasion moves are banned
|rule|Evasion Abilities Clause: Evasion abilities are banned
|rule|Sleep Moves Clause: Sleep-inducing moves are banned
|clearpoke
|poke|p1|Garganacl, M|
|poke|p1|Polteageist|
|poke|p1|Gliscor, M|
|poke|p1|Gholdengo|
|poke|p1|Iron Valiant|
|poke|p1|Cinderace, M|
|poke|p2|Nosepass, L1, F|
|poke|p2|Glimmora, F|
|poke|p2|Gliscor, F|
|poke|p2|Clodsire, F|
|poke|p2|Kingambit, F|
|poke|p2|Armarouge, F|
|teampreview
|inactive|Battle timer is ON: inactive players will automatically lose when time's up. (requested by ghuiod)
|
|t:|1759063497
|teamsize|p1|6
|teamsize|p2|6
|start
|switch|p1a: Garganacl|Garganacl, M|100/100
|switch|p2a: Nosepass|Nosepass, L1, F|100/100
|turn|1
|
|t:|1759063505
|-terastallize|p1a: Garganacl|Normal
|move|p1a: Garganacl|Iron Defense|p1a: Garganacl
|-boost|p1a: Garganacl|def|2
|move|p2a: Nosepass|Pain Split|p1a: Garganacl
|-sethp|p1a: Garganacl|52/100|[from] move: Pain Split|[silent]
|-sethp|p2a: Nosepass|100/100|[from] move: Pain Split
|
|-heal|p1a: Garganacl|58/100|[from] item: Leftovers
|upkeep
|turn|2
|
|t:|1759063527
|move|p1a: Garganacl|Iron Defense|p1a: Garganacl
|-boost|p1a: Garganacl|def|2
|move|p2a: Nosepass|Pain Split|p1a: Garganacl
|-sethp|p1a: Garganacl|31/100|[from] move: Pain Split|[silent]
|-sethp|p2a: Nosepass|100/100|[from] move: Pain Split
|
|-heal|p1a: Garganacl|37/100|[from] item: Leftovers
|upkeep
|turn|3
|
|t:|1759063537
|move|p1a: Garganacl|Body Press|p2a: Nosepass
|-supereffective|p2a: Nosepass
|-crit|p2a: Nosepass
|-ability|p2a: Nosepass|Sturdy
|-damage|p2a: Nosepass|9/100
|move|p2a: Nosepass|Stealth Rock|p1a: Garganacl
|-sidestart|p1: Blip09|move: Stealth Rock
|
|-heal|p1a: Garganacl|43/100|[from] item: Leftovers
|upkeep
|turn|4
|
|t:|1759063549
|move|p1a: Garganacl|Body Press|p2a: Nosepass
|-supereffective|p2a: Nosepass
|-damage|p2a: Nosepass|0 fnt
|faint|p2a: Nosepass
|
|-heal|p1a: Garganacl|49/100|[from] item: Leftovers
|upkeep
|
|t:|1759063560
|switch|p2a: Glimmora|Glimmora, F|100/100
|turn|5
|
|t:|1759063568
|move|p2a: Glimmora|Toxic Spikes|p1a: Garganacl
|-sidestart|p1: Blip09|move: Toxic Spikes
|move|p1a: Garganacl|Recover|p1a: Garganacl
|-heal|p1a: Garganacl|99/100
|
|-heal|p1a: Garganacl|100/100|[from] item: Leftovers
|upkeep
|turn|6
|
|t:|1759063579
|move|p2a: Glimmora|Spikes|p1a: Garganacl
|-sidestart|p1: Blip09|Spikes
|move|p1a: Garganacl|Body Press|p2a: Glimmora
|-damage|p2a: Glimmora|25/100
|-activate|p2a: Glimmora|ability: Toxic Debris
|-sidestart|p1: Blip09|move: Toxic Spikes
|
|upkeep
|turn|7
|
|t:|1759063588
|move|p2a: Glimmora|Explosion|p1a: Garganacl
|-damage|p1a: Garganacl|92/100
|faint|p2a: Glimmora
|move|p1a: Garganacl|Body Press|p2: Glimmora|[notarget]
|-fail|p1a: Garganacl
|
|-heal|p1a: Garganacl|98/100|[from] item: Leftovers
|upkeep
|
|t:|1759063601
|switch|p2a: Kingambit|Kingambit, F, shiny|100/100
|-activate|p2a: Kingambit|ability: Supreme Overlord
|-start|p2a: Kingambit|fallen2|[silent]
|-item|p2a: Kingambit|Air Balloon
|turn|8
|
|t:|1759063609
|-terastallize|p2a: Kingambit|Ghost
|move|p2a: Kingambit|Swords Dance|p2a: Kingambit
|-boost|p2a: Kingambit|atk|2
|move|p1a: Garganacl|Body Press|p2a: Kingambit
|-immune|p2a: Kingambit
|
|-heal|p1a: Garganacl|100/100|[from] item: Leftovers
|upkeep
|turn|9
|
|t:|1759063627
|move|p2a: Kingambit|Night Slash|p1a: Garganacl
|-damage|p1a: Garganacl|76/100
|move|p1a: Garganacl|Salt Cure|p2a: Kingambit
|-damage|p2a: Kingambit|91/100
|-start|p2a: Kingambit|Salt Cure
|-enditem|p2a: Kingambit|Air Balloon
|
|-heal|p1a: Garganacl|82/100|[from] item: Leftovers
|-damage|p2a: Kingambit|79/100|[from] Salt Cure
|upkeep
|turn|10
|
|t:|1759063642
|move|p2a: Kingambit|Aerial Ace|p1a: Garganacl
|-damage|p1a: Garganacl|69/100
|move|p1a: Garganacl|Iron Defense|p1a: Garganacl
|-boost|p1a: Garganacl|def|2
|
|-heal|p1a: Garganacl|75/100|[from] item: Leftovers
|-damage|p2a: Kingambit|67/100|[from] Salt Cure
|upkeep
|turn|11
|
|t:|1759063652
|-end|p2a: Kingambit|fallen2|[silent]
|switch|p2a: Clodsire|Clodsire, F|100/100
|move|p1a: Garganacl|Salt Cure|p2a: Clodsire
|-resisted|p2a: Clodsire
|-damage|p2a: Clodsire|92/100
|-start|p2a: Clodsire|Salt Cure
|
|-heal|p1a: Garganacl|81/100|[from] item: Leftovers
|-heal|p2a: Clodsire|98/100|[from] item: Leftovers
|-damage|p2a: Clodsire|86/100|[from] Salt Cure
|upkeep
|turn|12
|
|t:|1759063669
|move|p1a: Garganacl|Body Press|p2a: Clodsire
|-resisted|p2a: Clodsire
|-damage|p2a: Clodsire|72/100
|move|p2a: Clodsire|Haze|p2a: Clodsire
|-clearallboost
|
|-heal|p1a: Garganacl|88/100|[from] item: Leftovers
|-heal|p2a: Clodsire|79/100|[from] item: Leftovers
|-damage|p2a: Clodsire|66/100|[from] Salt Cure
|upkeep
|turn|13
|
|t:|1759063682
|switch|p2a: Kingambit|Kingambit, F, shiny, tera:Ghost|67/100
|-activate|p2a: Kingambit|ability: Supreme Overlord
|-start|p2a: Kingambit|fallen2|[silent]
|move|p1a: Garganacl|Salt Cure|p2a: Kingambit
|-damage|p2a: Kingambit|57/100
|-start|p2a: Kingambit|Salt Cure
|
|-heal|p1a: Garganacl|94/100|[from] item: Leftovers
|-damage|p2a: Kingambit|45/100|[from] Salt Cure
|upkeep
|turn|14
|
|t:|1759063695
|move|p2a: Kingambit|Swords Dance|p2a: Kingambit
|-boost|p2a: Kingambit|atk|2
|move|p1a: Garganacl|Iron Defense|p1a: Garganacl
|-boost|p1a: Garganacl|def|2
|
|-heal|p1a: Garganacl|99/100|[from] item: Leftovers
|-damage|p2a: Kingambit|33/100|[from] Salt Cure
|upkeep
|turn|15
|
|t:|1759063705
|move|p2a: Kingambit|Night Slash|p1a: Garganacl
|-damage|p1a: Garganacl|65/100
|move|p1a: Garganacl|Iron Defense|p1a: Garganacl
|-boost|p1a: Garganacl|def|2
|
|-heal|p1a: Garganacl|71/100|[from] item: Leftovers
|-damage|p2a: Kingambit|20/100|[from] Salt Cure
|upkeep
|turn|16
|-message|ghuiod forfeited.
|
|win|Blip09
|raw|Blip09's rating: 1090 &rarr; <strong>1116</strong><br />(+26 for winning)
|raw|ghuiod's rating: 1087 &rarr; <strong>1064</strong><br />(-23 for losing)
|l|☆ghuiod
|player|p2|
|l|☆Blip09
|player|p1|
