|j|☆BlackliightJester
|j|☆IceBagFloat
|t:|1758978366
|gametype|singles
|player|p1|BlackliightJester|ethan|1056
|player|p2|IceBagFloat|artist-gen4|1070
|gen|9
|tier|[Gen 9] OU
|rated|
|rule|HP Percentage Mod: HP is shown in percentages
|rule|Endless Battle Clause: Forcing endless battles is banned
|rule|Species Clause: Limit one of each Pokémon
|rule|OHKO Clause: OHKO moves are banned
|rule|Evasion Items Clause: Evasion items are banned
|rule|Evasion Moves Clause: Evasion moves are banned
|rule|Evasion Abilities Clause: Evasion abilities are banned
|rule|Sleep Moves Clause: Sleep-inducing moves are banned
|clearpoke
|poke|p1|Infernape, M|
|poke|p1|Primeape, M|
|poke|p1|Rillaboom, F|
|poke|p1|Oranguru, F|
|poke|p1|Electivire, M|
|poke|p1|Ambipom, M|
|poke|p2|Chandelure, F|
|poke|p2|Glimmora, F|
|poke|p2|Dragapult, F|
|poke|p2|Scizor, M|
|poke|p2|Slowbro, F|
|poke|p2|Milotic, F|
|teampreview
|inactive|Battle timer is ON: inactive players will automatically lose when time's up. (requested by BlackliightJester)
|
|t:|1758978372
|teamsize|p1|6
|teamsize|p2|6
|start
|switch|p1a: Oranguru|Oranguru, F|100/100
|switch|p2a: Glimmora|Glimmora, F|100/100
|turn|1
|
|t:|1758978381
|move|p2a: Glimmora|Toxic Spikes|p1a: Oranguru
|-sidestart|p1: BlackliightJester|move: Toxic Spikes
|move|p1a: Oranguru|Light Screen|p1a: Oranguru
|-sidestart|p1: BlackliightJester|move: Light Screen
|
|upkeep
|turn|2
|
|t:|1758978390
|switch|p2a: Chandelure|Chandelure, F|100/100
|move|p1a: Oranguru|Nasty Plot|p1a: Oranguru
|-boost|p1a: Oranguru|spa|2
|
|upkeep
|turn|3
|
|t:|1758978405
|move|p2a: Chandelure|Dark Pulse|p1a: Oranguru
|-supereffective|p1a: Oranguru
|-damage|p1a: Oranguru|51/100
|-damage|p2a: Chandelure|91/100|[from] item: Life Orb
|move|p1a: Oranguru|Future Sight|p2a: Chandelure
|-start|p1a: Oranguru|move: Future Sight
|
|upkeep
|turn|4
|
|t:|1758978417
|move|p2a: Chandelure|Hex|p1a: Oranguru
|-immune|p1a: Oranguru
|move|p1a: Oranguru|Reflect|p1a: Oranguru
|-sidestart|p1: BlackliightJester|Reflect
|
|upkeep
|turn|5
|
|t:|1758978424
|move|p2a: Chandelure|Dark Pulse|p1a: Oranguru
|-supereffective|p1a: Oranguru
|-damage|p1a: Oranguru|2/100
|-damage|p2a: Chandelure|81/100|[from] item: Life Orb
|move|p1a: Oranguru|Nasty Plot|p1a: Oranguru
|-boost|p1a: Oranguru|spa|2
|
|-end|p2a: Chandelure|move: Future Sight
|-damage|p2a: Chandelure|0 fnt
|faint|p2a: Chandelure
|upkeep
|
|t:|1758978438
|switch|p2a: Dragapult|Dragapult, F|100/100
|turn|6
|
|t:|1758978451
|move|p2a: Dragapult|Fire Blast|p1a: Oranguru
|-damage|p1a: Oranguru|0 fnt
|faint|p1a: Oranguru
|
|upkeep
|
|t:|1758978476
|switch|p1a: Primeape|Primeape, M|100/100
|-status|p1a: Primeape|psn
|turn|7
|
|t:|1758978482
|move|p2a: Dragapult|Fire Blast|p1a: Primeape
|-damage|p1a: Primeape|80/100 psn
|move|p1a: Primeape|Stealth Rock|p2a: Dragapult
|-sidestart|p2: IceBagFloat|move: Stealth Rock
|
|-damage|p1a: Primeape|68/100 psn|[from] psn
|upkeep
|turn|8
|
|t:|1758978491
|switch|p2a: Glimmora|Glimmora, F|100/100
|-damage|p2a: Glimmora|88/100|[from] Stealth Rock
|move|p1a: Primeape|Rage Fist|p2a: Glimmora
|-damage|p2a: Glimmora|66/100
|-activate|p2a: Glimmora|ability: Toxic Debris
|-sidestart|p1: BlackliightJester|move: Toxic Spikes
|
|-damage|p1a: Primeape|55/100 psn|[from] psn
|-sideend|p1: BlackliightJester|move: Light Screen
|upkeep
|turn|9
|
|t:|1758978505
|move|p1a: Primeape|Bulk Up|p1a: Primeape
|-boost|p1a: Primeape|atk|1
|-boost|p1a: Primeape|def|1
|move|p2a: Glimmora|Mortal Spin|p1a: Primeape
|-damage|p1a: Primeape|53/100 psn
|-sideend|p2: IceBagFloat|Stealth Rock|[from] move: Mortal Spin|[of] p2a: Glimmora
|
|-damage|p1a: Primeape|41/100 psn|[from] psn
|upkeep
|turn|10
|
|t:|1758978526
|move|p1a: Primeape|Rage Fist|p2a: Glimmora
|-damage|p2a: Glimmora|10/100
|-enditem|p2a: Glimmora|Sitrus Berry|[eat]
|-heal|p2a: Glimmora|35/100|[from] item: Sitrus Berry
|move|p2a: Glimmora|Earth Power|p1a: Primeape
|-damage|p1a: Primeape|18/100 psn
|
|-damage|p1a: Primeape|6/100 psn|[from] psn
|upkeep
|turn|11
|
|t:|1758978538
|move|p2a: Glimmora|Spiky Shield|p2a: Glimmora
|-singleturn|p2a: Glimmora|move: Protect
|move|p1a: Primeape|Rage Fist|p2a: Glimmora
|-activate|p2a: Glimmora|move: Protect
|-damage|p1a: Primeape|0 fnt|[from] Spiky Shield|[of] p2a: Glimmora
|faint|p1a: Primeape
|
|-sideend|p1: BlackliightJester|Reflect
|upkeep
|-message|BlackliightJester forfeited.
|
|win|IceBagFloat
|raw|BlackliightJester's rating: 1056 &rarr; <strong>1038</strong><br />(-18 for losing)
|raw|IceBagFloat's rating: 1070 &rarr; <strong>1098</strong><br />(+28 for winning)
|l|☆BlackliightJester
|player|p1|
|l|☆IceBagFloat
|player|p2|
