|badge|p1|bronze|gen9ou|100-6
|html|<div class="broadcast-red"><strong>This battle is required to be public due to one or more player having a season medal.</strong><br />During the public phase, you can discuss the state of the ladder <a href="/seasondiscussion">in a special chatroom.</a></div>
|uhtml|medal-msg|<div class="broadcast-blue">Curious what those medals under the avatar are? PS now has Ladder Seasons! For more information, check out the <a href="https://www.smogon.com/forums/threads/3740067/">thread on Smogon.</a></div>
|raw|<div class="broadcast-blue"><strong>This battle is required to be public due to a player having a name starting with 'medal'.</div>
|j|☆healorant
|j|☆MunchlaxTheGodKing
|t:|1758991391
|gametype|singles
|player|p1|healorant|alder|1815
|player|p2|MunchlaxTheGodKing|furisodegirl-black|1810
|gen|9
|tier|[Gen 9] OU
|rated|
|rule|HP Percentage Mod: HP is shown in percentages
|rule|Endless Battle Clause: Forcing endless battles is banned
|rule|Species Clause: Limit one of each Pokémon
|rule|OHKO Clause: OHKO moves are banned
|rule|Evasion Items Clause: Evasion items are banned
|rule|Evasion Moves Clause: Evasion moves are banned
|rule|Evasion Abilities Clause: Evasion abilities are banned
|rule|Sleep Moves Clause: Sleep-inducing moves are banned
|clearpoke
|poke|p1|Meowscarada, F|
|poke|p1|Great Tusk|
|poke|p1|Alomomola, F|
|poke|p1|Iron Crown|
|poke|p1|Dragonite, M|
|poke|p1|Dragapult, M|
|poke|p2|Zamazenta-*|
|poke|p2|Dragapult, M|
|poke|p2|Raging Bolt|
|poke|p2|Moltres|
|poke|p2|Iron Treads|
|poke|p2|Samurott-Hisui, F|
|teampreview
|inactive|Battle timer is ON: inactive players will automatically lose when time's up. (requested by MunchlaxTheGodKing)
|j| wgw2333
|
|t:|1758991406
|teamsize|p1|6
|teamsize|p2|6
|start
|switch|p1a: Alomomola|Alomomola, F|100/100
|switch|p2a: 踩踩背|Iron Treads|100/100
|turn|1
|
|t:|1758991409
|move|p2a: 踩踩背|Knock Off|p1a: Alomomola
|-damage|p1a: Alomomola|85/100
|-enditem|p1a: Alomomola|Assault Vest|[from] move: Knock Off|[of] p2a: 踩踩背
|move|p1a: Alomomola|Scald|p2a: 踩踩背
|-supereffective|p2a: 踩踩背
|-damage|p2a: 踩踩背|77/100
|-status|p2a: 踩踩背|brn
|
|-heal|p2a: 踩踩背|83/100 brn|[from] item: Leftovers
|-damage|p2a: 踩踩背|77/100 brn|[from] brn
|upkeep
|turn|2
|
|t:|1758991417
|-end|p2a: 踩踩背|Quark Drive|[silent]
|switch|p2a: 24岁 喜欢发射孩子|Dragapult, M|100/100
|move|p1a: Alomomola|Flip Turn|p2a: 24岁 喜欢发射孩子
|-resisted|p2a: 24岁 喜欢发射孩子
|-damage|p2a: 24岁 喜欢发射孩子|89/100
|
|t:|1758991419
|switch|p1a: Meowscarada|Meowscarada, F|100/100|[from] Flip Turn
|
|upkeep
|turn|3
|
|t:|1758991425
|switch|p2a: 踩踩背|Iron Treads|77/100 brn
|move|p1a: Meowscarada|Knock Off|p2a: 踩踩背
|-start|p1a: Meowscarada|typechange|Dark|[from] ability: Protean
|-crit|p2a: 踩踩背
|-damage|p2a: 踩踩背|21/100 brn
|-enditem|p2a: 踩踩背|Leftovers|[from] move: Knock Off|[of] p1a: Meowscarada
|
|-damage|p2a: 踩踩背|15/100 brn|[from] brn
|upkeep
|turn|4
|
|t:|1758991432
|move|p1a: Meowscarada|Knock Off|p2a: 踩踩背
|-damage|p2a: 踩踩背|0 fnt
|faint|p2a: 踩踩背
|-end|p2a: 踩踩背|Quark Drive|[silent]
|
|upkeep
|
|t:|1758991436
|switch|p2a: 90%≠don't blunder|Samurott-Hisui, F|100/100
|turn|5
|
|t:|1758991440
|switch|p1a: Great Tusk|Great Tusk|100/100
|move|p2a: 90%≠don't blunder|Razor Shell|p1a: Great Tusk
|-supereffective|p1a: Great Tusk
|-damage|p1a: Great Tusk|0 fnt
|-damage|p2a: 90%≠don't blunder|84/100|[from] item: Rocky Helmet|[of] p1a: Great Tusk
|faint|p1a: Great Tusk
|-end|p1a: Great Tusk|Protosynthesis|[silent]
|
|upkeep
|
|t:|1758991443
|switch|p1a: Iron Crown|Iron Crown|100/100
|turn|6
|
|t:|1758991457
|switch|p2a: 脑袋尖尖的|Zamazenta|100/100
|-ability|p2a: 脑袋尖尖的|Dauntless Shield|boost
|-boost|p2a: 脑袋尖尖的|def|1
|move|p1a: Iron Crown|Volt Switch|p2a: 脑袋尖尖的
|-damage|p2a: 脑袋尖尖的|69/100
|
|t:|1758991463
|-end|p1a: Iron Crown|Quark Drive|[silent]
|switch|p1a: Alomomola|Alomomola, F|100/100|[from] Volt Switch
|
|upkeep
|turn|7
|
|t:|1758991468
|move|p2a: 脑袋尖尖的|Close Combat|p1a: Alomomola
|-damage|p1a: Alomomola|49/100
|-unboost|p2a: 脑袋尖尖的|def|1
|-unboost|p2a: 脑袋尖尖的|spd|1
|-damage|p2a: 脑袋尖尖的|60/100|[from] item: Life Orb
|move|p1a: Alomomola|Flip Turn|p2a: 脑袋尖尖的
|-damage|p2a: 脑袋尖尖的|45/100
|j| Veacter
|
|t:|1758991476
|switch|p1a: Dragapult|Dragapult, M|100/100|[from] Flip Turn
|
|upkeep
|turn|8
|
|t:|1758991496
|move|p1a: Dragapult|U-turn|p2a: 脑袋尖尖的
|-resisted|p2a: 脑袋尖尖的
|-damage|p2a: 脑袋尖尖的|36/100
|
|t:|1758991498
|switch|p1a: Alomomola|Alomomola, F|83/100|[from] U-turn
|move|p2a: 脑袋尖尖的|Crunch|p1a: Alomomola
|-damage|p1a: Alomomola|61/100
|-unboost|p1a: Alomomola|def|1
|-damage|p2a: 脑袋尖尖的|26/100|[from] item: Life Orb
|
|upkeep
|turn|9
|
|t:|1758991508
|move|p2a: 脑袋尖尖的|Crunch|p1a: Alomomola
|-damage|p1a: Alomomola|29/100
|-unboost|p1a: Alomomola|def|1
|-damage|p2a: 脑袋尖尖的|16/100|[from] item: Life Orb
|move|p1a: Alomomola|Flip Turn|p2a: 脑袋尖尖的
|-damage|p2a: 脑袋尖尖的|1/100
|
|t:|1758991523
|switch|p1a: Dragapult|Dragapult, M|100/100|[from] Flip Turn
|
|upkeep
|turn|10
|j| Wozzathesexygod
|
|t:|1758991533
|switch|p2a: Moltres|Moltres|100/100
|move|p1a: Dragapult|Dragon Darts|p2a: Moltres
|-damage|p2a: Moltres|77/100
|-anim|p1a: Dragapult|Dragon Darts|p2a: Moltres
|-damage|p2a: Moltres|53/100
|
|upkeep
|turn|11
|
|t:|1758991542
|switch|p1a: Alomomola|Alomomola, F|62/100
|move|p2a: Moltres|Flamethrower|p1a: Alomomola
|-resisted|p1a: Alomomola
|-crit|p1a: Alomomola
|-damage|p1a: Alomomola|33/100
|
|upkeep
|turn|12
|
|t:|1758991546
|move|p2a: Moltres|Hurricane|p1a: Alomomola
|-damage|p1a: Alomomola|0 fnt
|faint|p1a: Alomomola
|
|upkeep
|
|t:|1758991548
|switch|p1a: Iron Crown|Iron Crown|100/100
|turn|13
|
|t:|1758991572
|switch|p2a: 脑袋尖尖的|Zamazenta|1/100
|move|p1a: Iron Crown|Volt Switch|p2a: 脑袋尖尖的
|-damage|p2a: 脑袋尖尖的|0 fnt
|faint|p2a: 脑袋尖尖的
|
|t:|1758991583
|-end|p1a: Iron Crown|Quark Drive|[silent]
|switch|p1a: Dragapult|Dragapult, M|100/100|[from] Volt Switch
|
|upkeep
|
|t:|1758991596
|switch|p2a: 长脖奶龙|Raging Bolt|100/100
|turn|14
|
|t:|1758991607
|-terastallize|p2a: 长脖奶龙|Fairy
|move|p1a: Dragapult|Dragon Darts|p2a: 长脖奶龙
|-immune|p2a: 长脖奶龙
|move|p2a: 长脖奶龙|Volt Switch|p1a: Dragapult
|-resisted|p1a: Dragapult
|-damage|p1a: Dragapult|71/100
|
|t:|1758991625
|-end|p2a: 长脖奶龙|Protosynthesis|[silent]
|switch|p2a: 24岁 喜欢发射孩子|Dragapult, M|89/100|[from] Volt Switch
|
|upkeep
|turn|15
|
|t:|1758991629
|move|p1a: Dragapult|Dragon Darts|p2a: 24岁 喜欢发射孩子
|-supereffective|p2a: 24岁 喜欢发射孩子
|-damage|p2a: 24岁 喜欢发射孩子|29/100
|-anim|p1a: Dragapult|Dragon Darts|p2a: 24岁 喜欢发射孩子
|-supereffective|p2a: 24岁 喜欢发射孩子
|-damage|p2a: 24岁 喜欢发射孩子|0 fnt
|faint|p2a: 24岁 喜欢发射孩子
|
|upkeep
|
|t:|1758991631
|switch|p2a: 长脖奶龙|Raging Bolt, tera:Fairy|100/100
|turn|16
|
|t:|1758991642
|move|p1a: Dragapult|U-turn|p2a: 长脖奶龙
|-resisted|p2a: 长脖奶龙
|-damage|p2a: 长脖奶龙|91/100
|
|t:|1758991644
|switch|p1a: Meowscarada|Meowscarada, F|100/100|[from] U-turn
|move|p2a: 长脖奶龙|Volt Switch|p1a: Meowscarada
|-resisted|p1a: Meowscarada
|-damage|p1a: Meowscarada|69/100
|
|t:|1758991647
|-end|p2a: 长脖奶龙|Protosynthesis|[silent]
|switch|p2a: Moltres|Moltres|53/100|[from] Volt Switch
|
|upkeep
|turn|17
|
|t:|1758991655
|move|p1a: Meowscarada|Knock Off|p2a: Moltres
|-start|p1a: Meowscarada|typechange|Dark|[from] ability: Protean
|-damage|p2a: Moltres|9/100
|-enditem|p2a: Moltres|Heavy-Duty Boots|[from] move: Knock Off|[of] p1a: Meowscarada
|move|p2a: Moltres|Hurricane|p1a: Meowscarada
|-damage|p1a: Meowscarada|0 fnt
|faint|p1a: Meowscarada
|
|upkeep
|
|t:|1758991658
|switch|p1a: Iron Crown|Iron Crown|100/100
|turn|18
|
|t:|1758991665
|move|p1a: Iron Crown|Volt Switch|p2a: Moltres
|-supereffective|p2a: Moltres
|-damage|p2a: Moltres|0 fnt
|faint|p2a: Moltres
|
|t:|1758991667
|-end|p1a: Iron Crown|Quark Drive|[silent]
|switch|p1a: Dragapult|Dragapult, M|71/100|[from] Volt Switch
|
|upkeep
|
|t:|1758991670
|switch|p2a: 长脖奶龙|Raging Bolt, tera:Fairy|91/100
|turn|19
|j| yrmpa
|
|t:|1758991677
|move|p1a: Dragapult|Hex|p2a: 长脖奶龙
|-damage|p2a: 长脖奶龙|65/100
|move|p2a: 长脖奶龙|Draco Meteor|p1a: Dragapult
|-supereffective|p1a: Dragapult
|-crit|p1a: Dragapult
|-damage|p1a: Dragapult|0 fnt
|-unboost|p2a: 长脖奶龙|spa|2
|faint|p1a: Dragapult
|
|upkeep
|j| STLSMASHTHOTS
|
|t:|1758991683
|switch|p1a: Iron Crown|Iron Crown|100/100
|turn|20
|l| yrmpa
|l| STLSMASHTHOTS
|
|t:|1758991690
|-end|p2a: 长脖奶龙|Protosynthesis|[silent]
|switch|p2a: 90%≠don't blunder|Samurott-Hisui, F|84/100
|move|p1a: Iron Crown|Tachyon Cutter|p2a: 90%≠don't blunder
|-resisted|p2a: 90%≠don't blunder
|-damage|p2a: 90%≠don't blunder|54/100
|-resisted|p2a: 90%≠don't blunder
|-damage|p2a: 90%≠don't blunder|28/100
|-hitcount|p2a: 90%≠don't blunder|2
|
|upkeep
|turn|21
|
|t:|1758991694
|move|p2a: 90%≠don't blunder|Aqua Jet|p1a: Iron Crown
|-damage|p1a: Iron Crown|68/100
|move|p1a: Iron Crown|Tachyon Cutter|p2a: 90%≠don't blunder
|-resisted|p2a: 90%≠don't blunder
|-damage|p2a: 90%≠don't blunder|0 fnt
|faint|p2a: 90%≠don't blunder
|-hitcount|p2: 90%≠don't blunder|1
|
|upkeep
|
|t:|1758991697
|switch|p2a: 长脖奶龙|Raging Bolt, tera:Fairy|65/100
|turn|22
|
|t:|1758991699
|move|p2a: 长脖奶龙|Thunderclap|p1a: Iron Crown
|-damage|p1a: Iron Crown|30/100
|move|p1a: Iron Crown|Tachyon Cutter|p2a: 长脖奶龙
|-supereffective|p2a: 长脖奶龙
|-damage|p2a: 长脖奶龙|0 fnt
|faint|p2a: 长脖奶龙
|-end|p2a: 长脖奶龙|Protosynthesis|[silent]
|-hitcount|p2: 长脖奶龙|1
|
|win|healorant
|raw|healorant's rating: 1815 &rarr; <strong>1836</strong><br />(+21 for winning)
|raw|MunchlaxTheGodKing's rating: 1828 &rarr; <strong>1807</strong><br />(-21 for losing)
|c|☆healorant|gg
|l|☆MunchlaxTheGodKing
|player|p2|
|l| wgw2333
|l|☆healorant
|player|p1|
