|j|☆Onemoreinmepls
|j|☆eneko4007
|t:|1759007161
|gametype|singles
|player|p1|Onemoreinmepls|clerkf|1040
|player|p2|eneko4007|169|1000
|gen|9
|tier|[Gen 9] OU
|rated|
|rule|HP Percentage Mod: HP is shown in percentages
|rule|Endless Battle Clause: Forcing endless battles is banned
|rule|Species Clause: Limit one of each Pokémon
|rule|OHKO Clause: OHKO moves are banned
|rule|Evasion Items Clause: Evasion items are banned
|rule|Evasion Moves Clause: Evasion moves are banned
|rule|Evasion Abilities Clause: Evasion abilities are banned
|rule|Sleep Moves Clause: Sleep-inducing moves are banned
|clearpoke
|poke|p1|Charizard, F|
|poke|p1|Ninetales-Alola, F|
|poke|p1|Pecharunt|
|poke|p1|Donphan, F|
|poke|p1|Iron Crown|
|poke|p1|Ogerpon-Wellspring, F|
|poke|p2|Gliscor, M|
|teampreview
|inactive|Battle timer is ON: inactive players will automatically lose when time's up. (requested by Onemoreinmepls)
|
|t:|1759007168
|teamsize|p1|6
|teamsize|p2|1
|start
|switch|p1a: Ninetales|Ninetales-Alola, F|100/100
|switch|p2a: Batman|Gliscor, M, shiny|100/100
|-weather|Snowscape|[from] ability: Snow Warning|[of] p1a: Ninetales
|turn|1
|
|t:|1759007177
|move|p2a: Batman|Protect|p2a: Batman
|-singleturn|p2a: Batman|Protect
|move|p1a: Ninetales|Blizzard|p2a: Batman
|-activate|p2a: Batman|move: Protect
|
|-weather|Snowscape|[upkeep]
|-status|p2a: Batman|tox|[from] item: Toxic Orb
|upkeep
|turn|2
|
|t:|1759007194
|-terastallize|p2a: Batman|Normal
|move|p1a: Ninetales|Blizzard|p2a: Batman
|-damage|p2a: Batman|65/100 tox
|move|p2a: Batman|Facade|p1a: Ninetales
|-damage|p1a: Ninetales|56/100
|
|-weather|Snowscape|[upkeep]
|-heal|p2a: Batman|77/100 tox|[from] ability: Poison Heal
|upkeep
|turn|3
|
|t:|1759007208
|move|p1a: Ninetales|Aurora Veil|p1a: Ninetales
|-sidestart|p1: Onemoreinmepls|move: Aurora Veil
|move|p2a: Batman|Facade|p1a: Ninetales
|-damage|p1a: Ninetales|35/100
|
|-weather|Snowscape|[upkeep]
|-heal|p2a: Batman|90/100 tox|[from] ability: Poison Heal
|upkeep
|turn|4
|
|t:|1759007224
|switch|p1a: Pecharunt|Pecharunt|100/100
|move|p2a: Batman|Facade|p1a: Pecharunt
|-immune|p1a: Pecharunt
|
|-weather|Snowscape|[upkeep]
|-heal|p2a: Batman|100/100 tox|[from] ability: Poison Heal
|upkeep
|turn|5
|
|t:|1759007235
|move|p2a: Batman|Earthquake|p1a: Pecharunt
|-supereffective|p1a: Pecharunt
|-damage|p1a: Pecharunt|78/100
|move|p1a: Pecharunt|Parting Shot|p2a: Batman
|-unboost|p2a: Batman|atk|1
|-unboost|p2a: Batman|spa|1
|
|t:|1759007238
|switch|p1a: Charizard|Charizard, F|100/100|[from] Parting Shot
|
|-weather|none
|upkeep
|turn|6
|
|t:|1759007249
|move|p1a: Charizard|Belly Drum|p1a: Charizard
|-damage|p1a: Charizard|50/100
|-setboost|p1a: Charizard|atk|6|[from] move: Belly Drum
|-enditem|p1a: Charizard|Sitrus Berry|[eat]
|-heal|p1a: Charizard|75/100|[from] item: Sitrus Berry
|move|p2a: Batman|Facade|p1a: Charizard
|-damage|p1a: Charizard|50/100
|
|upkeep
|turn|7
|
|t:|1759007267
|-terastallize|p1a: Charizard|Flying
|move|p2a: Batman|Protect|p2a: Batman
|-singleturn|p2a: Batman|Protect
|move|p1a: Charizard|Acrobatics|p2a: Batman
|-activate|p2a: Batman|move: Protect
|
|upkeep
|turn|8
|
|t:|1759007289
|move|p1a: Charizard|Acrobatics|p2a: Batman
|-damage|p2a: Batman|0 fnt
|faint|p2a: Batman
|
|win|Onemoreinmepls
|raw|Onemoreinmepls's rating: 1040 &rarr; <strong>1070</strong><br />(+30 for winning)
|raw|eneko4007's rating: 1000 &rarr; <strong>1000</strong><br />(+0 for losing)
