|j|☆gastlygo
|j|☆Yorushika666
|t:|1758982597
|gametype|singles
|player|p1|gastlygo|169|1126
|player|p2|Yorushika666|lass-gen4dp|1087
|gen|9
|tier|[Gen 9] OU
|rated|
|rule|HP Percentage Mod: HP is shown in percentages
|rule|Endless Battle Clause: Forcing endless battles is banned
|rule|Species Clause: Limit one of each Pokémon
|rule|OHKO Clause: OHKO moves are banned
|rule|Evasion Items Clause: Evasion items are banned
|rule|Evasion Moves Clause: Evasion moves are banned
|rule|Evasion Abilities Clause: Evasion abilities are banned
|rule|Sleep Moves Clause: Sleep-inducing moves are banned
|clearpoke
|poke|p1|Dragonite, F|
|poke|p1|Slowking-Galar, M|
|poke|p1|Glimmora, M|
|poke|p1|Ninetales-Alola, F|
|poke|p1|Cetitan, F|
|poke|p1|Kyurem|
|poke|p2|Clefable, F|
|poke|p2|Articuno|
|poke|p2|Ursaring, M|
|poke|p2|Hydreigon, M|
|poke|p2|Ninetales, M|
|poke|p2|Decidueye, M|
|teampreview
|inactive|Battle timer is ON: inactive players will automatically lose when time's up. (requested by Yorushika666)
|
|t:|1758982610
|teamsize|p1|6
|teamsize|p2|6
|start
|switch|p1a: Ninetales|Ninetales-Alola, F|100/100
|switch|p2a: Ninetales|Ninetales, M|100/100
|-weather|Snowscape|[from] ability: Snow Warning|[of] p1a: Ninetales
|turn|1
|
|t:|1758982623
|move|p1a: Ninetales|Aurora Veil|p1a: Ninetales
|-sidestart|p1: gastlygo|move: Aurora Veil
|move|p2a: Ninetales|Fire Spin|p1a: Ninetales
|-supereffective|p1a: Ninetales
|-damage|p1a: Ninetales|88/100
|-activate|p1a: Ninetales|move: Fire Spin|[of] p2a: Ninetales
|
|-weather|Snowscape|[upkeep]
|-damage|p1a: Ninetales|75/100|[from] move: Fire Spin|[partiallytrapped]
|upkeep
|turn|2
|
|t:|1758982635
|move|p1a: Ninetales|Protect|p1a: Ninetales
|-singleturn|p1a: Ninetales|Protect
|move|p2a: Ninetales|Will-O-Wisp|p1a: Ninetales
|-activate|p1a: Ninetales|move: Protect
|
|-weather|Snowscape|[upkeep]
|-damage|p1a: Ninetales|63/100|[from] move: Fire Spin|[partiallytrapped]
|upkeep
|turn|3
|
|t:|1758982647
|move|p1a: Ninetales|Moonblast|p2a: Ninetales
|-resisted|p2a: Ninetales
|-damage|p2a: Ninetales|84/100
|move|p2a: Ninetales|Fire Spin|p1a: Ninetales
|-supereffective|p1a: Ninetales
|-damage|p1a: Ninetales|52/100
|
|-weather|Snowscape|[upkeep]
|-heal|p2a: Ninetales|90/100|[from] item: Leftovers
|-damage|p1a: Ninetales|40/100|[from] move: Fire Spin|[partiallytrapped]
|upkeep
|turn|4
|
|t:|1758982660
|move|p1a: Ninetales|Moonblast|p2a: Ninetales
|-resisted|p2a: Ninetales
|-damage|p2a: Ninetales|73/100
|move|p2a: Ninetales|Will-O-Wisp|p1a: Ninetales
|-status|p1a: Ninetales|brn
|
|-weather|Snowscape|[upkeep]
|-heal|p2a: Ninetales|79/100|[from] item: Leftovers
|-damage|p1a: Ninetales|34/100 brn|[from] brn
|-damage|p1a: Ninetales|21/100 brn|[from] move: Fire Spin|[partiallytrapped]
|upkeep
|turn|5
|
|t:|1758982672
|move|p1a: Ninetales|Moonblast|p2a: Ninetales
|-resisted|p2a: Ninetales
|-damage|p2a: Ninetales|62/100
|-unboost|p2a: Ninetales|spa|1
|move|p2a: Ninetales|Fire Spin|p1a: Ninetales
|-supereffective|p1a: Ninetales
|-damage|p1a: Ninetales|13/100 brn
|
|-weather|none
|-heal|p2a: Ninetales|68/100|[from] item: Leftovers
|-damage|p1a: Ninetales|7/100 brn|[from] brn
|-damage|p1a: Ninetales|0 fnt|[from] move: Fire Spin|[partiallytrapped]
|faint|p1a: Ninetales
|upkeep
|
|t:|1758982688
|switch|p1a: Kyurem|Kyurem|100/100
|-ability|p1a: Kyurem|Pressure
|turn|6
|
|t:|1758982707
|move|p1a: Kyurem|Earth Power|p2a: Ninetales
|-supereffective|p2a: Ninetales
|-damage|p2a: Ninetales|11/100
|move|p2a: Ninetales|Will-O-Wisp|p1a: Kyurem
|-status|p1a: Kyurem|brn
|
|-heal|p2a: Ninetales|17/100|[from] item: Leftovers
|-damage|p1a: Kyurem|94/100 brn|[from] brn
|upkeep
|turn|7
|
|t:|1758982730
|switch|p2a: Hydreigon|Hydreigon, M|100/100
|move|p1a: Kyurem|Earth Power|p2a: Hydreigon
|-immune|p2a: Hydreigon|[from] ability: Levitate
|
|-damage|p1a: Kyurem|88/100 brn|[from] brn
|upkeep
|turn|8
|
|t:|1758982739
|switch|p1a: Slowking|Slowking-Galar, M|100/100
|move|p2a: Hydreigon|Substitute|p2a: Hydreigon
|-start|p2a: Hydreigon|Substitute
|-damage|p2a: Hydreigon|76/100
|
|-heal|p2a: Hydreigon|82/100|[from] item: Leftovers
|-sideend|p1: gastlygo|move: Aurora Veil
|upkeep
|turn|9
|
|t:|1758982753
|move|p2a: Hydreigon|Nasty Plot|p2a: Hydreigon
|-boost|p2a: Hydreigon|spa|2
|move|p1a: Slowking|Trick||[still]
|-fail|p1a: Slowking
|
|-heal|p2a: Hydreigon|88/100|[from] item: Leftovers
|upkeep
|turn|10
|
|t:|1758982762
|move|p2a: Hydreigon|Draco Meteor|p1a: Slowking
|-crit|p1a: Slowking
|-damage|p1a: Slowking|0 fnt
|-unboost|p2a: Hydreigon|spa|2
|faint|p1a: Slowking
|
|-heal|p2a: Hydreigon|94/100|[from] item: Leftovers
|upkeep
|
|t:|1758982772
|switch|p1a: Dragonite|Dragonite, F|100/100
|turn|11
|
|t:|1758982779
|-terastallize|p1a: Dragonite|Normal
|move|p2a: Hydreigon|Nasty Plot|p2a: Hydreigon
|-boost|p2a: Hydreigon|spa|2
|move|p1a: Dragonite|Ice Spinner|p2a: Hydreigon
|-supereffective|p2a: Hydreigon
|-end|p2a: Hydreigon|Substitute
|
|-heal|p2a: Hydreigon|99/100|[from] item: Leftovers
|upkeep
|turn|12
|
|t:|1758982798
|move|p2a: Hydreigon|Draco Meteor|p1a: Dragonite
|-damage|p1a: Dragonite|37/100
|-unboost|p2a: Hydreigon|spa|2
|move|p1a: Dragonite|Ice Spinner|p2a: Hydreigon
|-supereffective|p2a: Hydreigon
|-damage|p2a: Hydreigon|22/100
|
|-heal|p2a: Hydreigon|28/100|[from] item: Leftovers
|upkeep
|turn|13
|
|t:|1758982811
|move|p1a: Dragonite|Extreme Speed|p2a: Hydreigon
|-damage|p2a: Hydreigon|0 fnt
|faint|p2a: Hydreigon
|
|upkeep
|
|t:|1758982825
|switch|p2a: Articuno|Articuno|100/100
|-ability|p2a: Articuno|Pressure
|turn|14
|
|t:|1758982833
|switch|p1a: Glimmora|Glimmora, M|100/100
|move|p2a: Articuno|Air Slash|p1a: Glimmora
|-resisted|p1a: Glimmora
|-damage|p1a: Glimmora|82/100
|
|upkeep
|turn|15
|
|t:|1758982846
|switch|p2a: Decidueye|Decidueye, M|100/100
|move|p1a: Glimmora|Stealth Rock|p2a: Decidueye
|-sidestart|p2: Yorushika666|move: Stealth Rock
|
|upkeep
|turn|16
|
|t:|1758982859
|move|p1a: Glimmora|Spiky Shield|p1a: Glimmora
|-singleturn|p1a: Glimmora|move: Protect
|move|p2a: Decidueye|Poltergeist|p1a: Glimmora
|-activate|p1a: Glimmora|move: Protect
|
|upkeep
|turn|17
|
|t:|1758982869
|move|p1a: Glimmora|Sludge Wave|p2a: Decidueye
|-damage|p2a: Decidueye|74/100
|-status|p2a: Decidueye|psn
|move|p2a: Decidueye|Poltergeist|p1a: Glimmora
|-activate|p1a: Glimmora|move: Poltergeist|Focus Sash
|-damage|p1a: Glimmora|27/100
|-activate|p1a: Glimmora|ability: Toxic Debris
|-sidestart|p2: Yorushika666|move: Toxic Spikes
|
|-damage|p2a: Decidueye|61/100 psn|[from] psn
|upkeep
|turn|18
|
|t:|1758982897
|move|p1a: Glimmora|Sludge Wave|p2a: Decidueye
|-damage|p2a: Decidueye|33/100 psn
|move|p2a: Decidueye|Shadow Claw|p1a: Glimmora
|-damage|p1a: Glimmora|0 fnt
|-activate|p1a: Glimmora|ability: Toxic Debris
|-sidestart|p2: Yorushika666|move: Toxic Spikes
|faint|p1a: Glimmora
|
|-damage|p2a: Decidueye|20/100 psn|[from] psn
|upkeep
|
|t:|1758982919
|switch|p1a: Cetitan|Cetitan, F|100/100
|turn|19
|
|t:|1758982936
|move|p1a: Cetitan|Icicle Spear|p2a: Decidueye
|-supereffective|p2a: Decidueye
|-damage|p2a: Decidueye|0 fnt
|faint|p2a: Decidueye
|-hitcount|p2: Decidueye|1
|
|upkeep
|inactive|Yorushika666 has 120 seconds left.
|
|t:|1758982952
|switch|p2a: Ursaring|Ursaring, M|100/100
|-damage|p2a: Ursaring|88/100|[from] Stealth Rock
|-status|p2a: Ursaring|tox
|turn|20
|inactive|Yorushika666 has 120 seconds left.
|
|t:|1758982964
|move|p1a: Cetitan|Icicle Spear|p2a: Ursaring
|-damage|p2a: Ursaring|78/100 tox
|-damage|p2a: Ursaring|69/100 tox
|-damage|p2a: Ursaring|60/100 tox
|-damage|p2a: Ursaring|49/100 tox
|-hitcount|p2a: Ursaring|4
|move|p2a: Ursaring|Body Slam|p1a: Cetitan
|-damage|p1a: Cetitan|33/100
|-status|p1a: Cetitan|par
|
|-damage|p2a: Ursaring|43/100 tox|[from] psn
|upkeep
|turn|21
|inactive|Yorushika666 has 120 seconds left.
|
|t:|1758982980
|move|p2a: Ursaring|Body Slam|p1a: Cetitan
|-damage|p1a: Cetitan|0 fnt
|faint|p1a: Cetitan
|
|-damage|p2a: Ursaring|30/100 tox|[from] psn
|upkeep
|
|t:|1758982988
|switch|p1a: Dragonite|Dragonite, F, tera:Normal|37/100
|turn|22
|
|t:|1758982993
|move|p1a: Dragonite|Extreme Speed|p2a: Ursaring
|-crit|p2a: Ursaring
|-damage|p2a: Ursaring|0 fnt
|faint|p2a: Ursaring
|
|upkeep
|inactive|Yorushika666 has 120 seconds left.
|
|t:|1758983008
|switch|p2a: Articuno|Articuno|100/100
|-damage|p2a: Articuno|50/100|[from] Stealth Rock
|-ability|p2a: Articuno|Pressure
|turn|23
|
|t:|1758983017
|move|p1a: Dragonite|Extreme Speed|p2a: Articuno
|-damage|p2a: Articuno|1/100
|move|p2a: Articuno|Ice Beam|p1a: Dragonite
|-damage|p1a: Dragonite|0 fnt
|faint|p1a: Dragonite
|
|upkeep
|
|t:|1758983025
|switch|p1a: Kyurem|Kyurem|88/100 brn
|-ability|p1a: Kyurem|Pressure
|turn|24
|
|t:|1758983037
|move|p1a: Kyurem|Freeze-Dry|p2a: Articuno
|-damage|p2a: Articuno|0 fnt
|faint|p2a: Articuno
|
|-damage|p1a: Kyurem|82/100 brn|[from] brn
|upkeep
|
|t:|1758983044
|switch|p2a: Clefable|Clefable, F|100/100
|-damage|p2a: Clefable|88/100|[from] Stealth Rock
|-status|p2a: Clefable|tox
|turn|25
|
|t:|1758983051
|move|p1a: Kyurem|Freeze-Dry|p2a: Clefable
|-damage|p2a: Clefable|54/100 tox
|move|p2a: Clefable|Moonblast|p1a: Kyurem
|-supereffective|p1a: Kyurem
|-damage|p1a: Kyurem|22/100 brn
|
|-heal|p2a: Clefable|60/100 tox|[from] item: Leftovers
|-damage|p2a: Clefable|54/100 tox|[from] psn
|-damage|p1a: Kyurem|16/100 brn|[from] brn
|upkeep
|turn|26
|
|t:|1758983062
|move|p1a: Kyurem|Freeze-Dry|p2a: Clefable
|-damage|p2a: Clefable|22/100 tox
|move|p2a: Clefable|Moonblast|p1a: Kyurem
|-supereffective|p1a: Kyurem
|-damage|p1a: Kyurem|0 fnt
|faint|p1a: Kyurem
|
|win|Yorushika666
|raw|gastlygo's rating: 1126 &rarr; <strong>1098</strong><br />(-28 for losing)
|raw|Yorushika666's rating: 1087 &rarr; <strong>1117</strong><br />(+30 for winning)
|l|☆gastlygo
|player|p1|
|l|☆Yorushika666
|player|p2|
