|badge|p1|bronze|gen9ou|100-6
|html|<div class="broadcast-red"><strong>This battle is required to be public due to one or more player having a season medal.</strong><br />During the public phase, you can discuss the state of the ladder <a href="/seasondiscussion">in a special chatroom.</a></div>
|uhtml|medal-msg|<div class="broadcast-blue">Curious what those medals under the avatar are? PS now has Ladder Seasons! For more information, check out the <a href="https://www.smogon.com/forums/threads/3740067/">thread on Smogon.</a></div>
|raw|<div class="broadcast-blue"><strong>This battle is required to be public due to a player having a name starting with 'medal'.</div>
|j|☆LT124 SPEEDRUNNING
|j|☆Miyan
|t:|1758988883
|gametype|singles
|player|p1|LT124 SPEEDRUNNING|hiker-gen4|1799
|player|p2|Miyan|1|1752
|gen|9
|tier|[Gen 9] OU
|rated|
|rule|HP Percentage Mod: HP is shown in percentages
|rule|Endless Battle Clause: Forcing endless battles is banned
|rule|Species Clause: Limit one of each Pokémon
|rule|OHKO Clause: OHKO moves are banned
|rule|Evasion Items Clause: Evasion items are banned
|rule|Evasion Moves Clause: Evasion moves are banned
|rule|Evasion Abilities Clause: Evasion abilities are banned
|rule|Sleep Moves Clause: Sleep-inducing moves are banned
|clearpoke
|poke|p1|Heatran, M|
|poke|p1|Tornadus-Therian, M|
|poke|p1|Weavile, M|
|poke|p1|Great Tusk|
|poke|p1|Ogerpon-Wellspring, F|
|poke|p1|Pecharunt|
|poke|p2|Samurott-Hisui, M|
|poke|p2|Darkrai|
|poke|p2|Ogerpon-Wellspring, F|
|poke|p2|Dragonite, F|
|poke|p2|Iron Treads|
|poke|p2|Sinistcha-Masterpiece|
|teampreview
|inactive|Battle timer is ON: inactive players will automatically lose when time's up. (requested by Miyan)
|
|t:|1758988893
|teamsize|p1|6
|teamsize|p2|6
|start
|switch|p1a: Tornadus|Tornadus-Therian, M|100/100
|switch|p2a: Darkrai|Darkrai|100/100
|turn|1
|j| Givrix
|l| Givrix
|j| cryyysneasel
|
|t:|1758988913
|move|p2a: Darkrai|Knock Off|p1a: Tornadus
|-damage|p1a: Tornadus|58/100
|-enditem|p1a: Tornadus|Heavy-Duty Boots|[from] move: Knock Off|[of] p2a: Darkrai
|move|p1a: Tornadus|U-turn|p2a: Darkrai
|-supereffective|p2a: Darkrai
|-damage|p2a: Darkrai|59/100
|j| wgw2333
|
|t:|1758988924
|switch|p1a: Weavile|Weavile, M|100/100|[from] U-turn
|-ability|p1a: Weavile|Pressure
|
|upkeep
|turn|2
|
|t:|1758988931
|switch|p2a: Samurott|Samurott-Hisui, M|100/100
|move|p1a: Weavile|Triple Axel|p2a: Samurott
|-resisted|p2a: Samurott
|-damage|p2a: Samurott|95/100
|-resisted|p2a: Samurott
|-damage|p2a: Samurott|83/100
|-resisted|p2a: Samurott
|-damage|p2a: Samurott|64/100
|-hitcount|p2a: Samurott|3
|
|upkeep
|turn|3
|
|t:|1758988936
|move|p1a: Weavile|Swords Dance|p1a: Weavile
|-boost|p1a: Weavile|atk|2
|move|p2a: Samurott|Ceaseless Edge|p1a: Weavile
|-resisted|p1a: Weavile
|-damage|p1a: Weavile|40/100
|-sidestart|p1: LT124 SPEEDRUNNING|Spikes
|
|upkeep
|turn|4
|
|t:|1758988958
|move|p1a: Weavile|Knock Off|p2a: Samurott
|-resisted|p2a: Samurott
|-damage|p2a: Samurott|8/100
|-enditem|p2a: Samurott|Choice Band|[from] move: Knock Off|[of] p1a: Weavile
|move|p2a: Samurott|Ceaseless Edge|p1a: Weavile
|-resisted|p1a: Weavile
|-damage|p1a: Weavile|0 fnt
|-sidestart|p1: LT124 SPEEDRUNNING|Spikes
|faint|p1a: Weavile
|
|upkeep
|
|t:|1758988963
|switch|p1a: Tornadus|Tornadus-Therian, M|92/100
|turn|5
|
|t:|1758988967
|move|p2a: Samurott|Aqua Jet|p1a: Tornadus
|-damage|p1a: Tornadus|71/100
|move|p1a: Tornadus|U-turn|p2a: Samurott
|-supereffective|p2a: Samurott
|-damage|p2a: Samurott|0 fnt
|faint|p2a: Samurott
|
|t:|1758988972
|switch|p1a: Ogerpon|Ogerpon-Wellspring, F|100/100|[from] U-turn
|-damage|p1a: Ogerpon|84/100|[from] Spikes
|
|upkeep
|
|t:|1758988976
|switch|p2a: Sinistcha|Sinistcha-Masterpiece|100/100
|turn|6
|
|t:|1758988982
|move|p1a: Ogerpon|Knock Off|p2a: Sinistcha
|-supereffective|p2a: Sinistcha
|-damage|p2a: Sinistcha|48/100
|-enditem|p2a: Sinistcha|Heavy-Duty Boots|[from] move: Knock Off|[of] p1a: Ogerpon
|move|p2a: Sinistcha|Strength Sap|p1a: Ogerpon
|-unboost|p1a: Ogerpon|atk|1
|-heal|p2a: Sinistcha|100/100
|
|upkeep
|turn|7
|
|t:|1758988989
|switch|p1a: Tornadus|Tornadus-Therian, M|100/100
|move|p2a: Sinistcha|Calm Mind|p2a: Sinistcha
|-boost|p2a: Sinistcha|spa|1
|-boost|p2a: Sinistcha|spd|1
|
|upkeep
|turn|8
|
|t:|1758988993
|move|p1a: Tornadus|Bleakwind Storm|p2a: Sinistcha|[miss]
|-miss|p1a: Tornadus|p2a: Sinistcha
|move|p2a: Sinistcha|Shadow Ball|p1a: Tornadus
|-damage|p1a: Tornadus|51/100
|
|upkeep
|turn|9
|
|t:|1758988997
|switch|p2a: Iron Treads|Iron Treads|100/100
|move|p1a: Tornadus|Bleakwind Storm|p2a: Iron Treads
|-resisted|p2a: Iron Treads
|-damage|p2a: Iron Treads|86/100
|
|-heal|p2a: Iron Treads|92/100|[from] item: Leftovers
|upkeep
|turn|10
|
|t:|1758989002
|move|p1a: Tornadus|U-turn|p2a: Iron Treads
|-resisted|p2a: Iron Treads
|-damage|p2a: Iron Treads|87/100
|
|t:|1758989005
|switch|p1a: Great Tusk|Great Tusk|100/100|[from] U-turn
|-damage|p1a: Great Tusk|84/100|[from] Spikes
|move|p2a: Iron Treads|Stealth Rock|p1a: Great Tusk
|-sidestart|p1: LT124 SPEEDRUNNING|move: Stealth Rock
|
|-heal|p1a: Great Tusk|90/100|[from] item: Leftovers
|-heal|p2a: Iron Treads|93/100|[from] item: Leftovers
|upkeep
|turn|11
|
|t:|1758989009
|-end|p2a: Iron Treads|Quark Drive|[silent]
|switch|p2a: Sinistcha|Sinistcha-Masterpiece|100/100
|move|p1a: Great Tusk|Stealth Rock|p2a: Sinistcha
|-sidestart|p2: Miyan|move: Stealth Rock
|
|-heal|p1a: Great Tusk|96/100|[from] item: Leftovers
|upkeep
|turn|12
|
|t:|1758989013
|-end|p1a: Great Tusk|Protosynthesis|[silent]
|switch|p1a: Heatran|Heatran, M|100/100
|-damage|p1a: Heatran|84/100|[from] Spikes
|-damage|p1a: Heatran|72/100|[from] Stealth Rock
|move|p2a: Sinistcha|Calm Mind|p2a: Sinistcha
|-boost|p2a: Sinistcha|spa|1
|-boost|p2a: Sinistcha|spd|1
|
|-heal|p1a: Heatran|78/100|[from] item: Leftovers
|upkeep
|turn|13
|
|t:|1758989015
|move|p1a: Heatran|Magma Storm|p2a: Sinistcha|[miss]
|-miss|p1a: Heatran|p2a: Sinistcha
|move|p2a: Sinistcha|Calm Mind|p2a: Sinistcha
|-boost|p2a: Sinistcha|spa|1
|-boost|p2a: Sinistcha|spd|1
|
|-heal|p1a: Heatran|84/100|[from] item: Leftovers
|upkeep
|turn|14
|
|t:|1758989018
|move|p1a: Heatran|Magma Storm|p2a: Sinistcha
|-supereffective|p2a: Sinistcha
|-damage|p2a: Sinistcha|76/100
|-activate|p2a: Sinistcha|move: Magma Storm|[of] p1a: Heatran
|move|p2a: Sinistcha|Calm Mind|p2a: Sinistcha
|-boost|p2a: Sinistcha|spa|1
|-boost|p2a: Sinistcha|spd|1
|
|-heal|p1a: Heatran|90/100|[from] item: Leftovers
|-damage|p2a: Sinistcha|63/100|[from] move: Magma Storm|[partiallytrapped]
|upkeep
|turn|15
|j| Just Icicle
|
|t:|1758989022
|move|p1a: Heatran|Taunt|p2a: Sinistcha
|-start|p2a: Sinistcha|move: Taunt
|cant|p2a: Sinistcha|move: Taunt|Strength Sap
|
|-heal|p1a: Heatran|96/100|[from] item: Leftovers
|-damage|p2a: Sinistcha|51/100|[from] move: Magma Storm|[partiallytrapped]
|upkeep
|turn|16
|
|t:|1758989025
|move|p1a: Heatran|Substitute|p1a: Heatran
|-start|p1a: Heatran|Substitute
|-damage|p1a: Heatran|71/100
|move|p2a: Sinistcha|Shadow Ball|p1a: Heatran
|-end|p1a: Heatran|Substitute
|
|-heal|p1a: Heatran|77/100|[from] item: Leftovers
|-damage|p2a: Sinistcha|38/100|[from] move: Magma Storm|[partiallytrapped]
|upkeep
|turn|17
|
|t:|1758989028
|move|p1a: Heatran|Substitute|p1a: Heatran
|-start|p1a: Heatran|Substitute
|-damage|p1a: Heatran|52/100
|move|p2a: Sinistcha|Shadow Ball|p1a: Heatran
|-end|p1a: Heatran|Substitute
|
|-heal|p1a: Heatran|58/100|[from] item: Leftovers
|-damage|p2a: Sinistcha|26/100|[from] move: Magma Storm|[partiallytrapped]
|-end|p2a: Sinistcha|move: Taunt
|upkeep
|turn|18
|
|t:|1758989032
|move|p1a: Heatran|Magma Storm|p2a: Sinistcha
|-supereffective|p2a: Sinistcha
|-damage|p2a: Sinistcha|4/100
|move|p2a: Sinistcha|Shadow Ball|p1a: Heatran
|-damage|p1a: Heatran|2/100
|
|-heal|p1a: Heatran|8/100|[from] item: Leftovers
|-damage|p2a: Sinistcha|0 fnt|[from] move: Magma Storm|[partiallytrapped]
|faint|p2a: Sinistcha
|upkeep
|j| Zombini62
|
|t:|1758989042
|switch|p2a: Dragonite|Dragonite, F|100/100
|turn|19
|
|t:|1758989045
|move|p2a: Dragonite|Dragon Dance|p2a: Dragonite
|-boost|p2a: Dragonite|atk|1
|-boost|p2a: Dragonite|spe|1
|move|p1a: Heatran|Taunt|p2a: Dragonite
|-start|p2a: Dragonite|move: Taunt
|
|-heal|p1a: Heatran|14/100|[from] item: Leftovers
|upkeep
|turn|20
|
|t:|1758989049
|move|p2a: Dragonite|Earthquake|p1a: Heatran
|-supereffective|p1a: Heatran
|-damage|p1a: Heatran|0 fnt
|faint|p1a: Heatran
|
|upkeep
|
|t:|1758989054
|switch|p1a: Great Tusk|Great Tusk|96/100
|-damage|p1a: Great Tusk|80/100|[from] Spikes
|-damage|p1a: Great Tusk|77/100|[from] Stealth Rock
|turn|21
|
|t:|1758989056
|-terastallize|p2a: Dragonite|Flying
|-terastallize|p1a: Great Tusk|Ghost
|move|p2a: Dragonite|Tera Blast|p1a: Great Tusk|[anim] Tera Blast Flying
|-damage|p1a: Great Tusk|24/100
|move|p1a: Great Tusk|Rapid Spin|p2a: Dragonite
|-damage|p2a: Dragonite|92/100
|-boost|p1a: Great Tusk|spe|1
|-sideend|p1: LT124 SPEEDRUNNING|Spikes|[from] move: Rapid Spin|[of] p1a: Great Tusk
|-sideend|p1: LT124 SPEEDRUNNING|Stealth Rock|[from] move: Rapid Spin|[of] p1a: Great Tusk
|
|-heal|p1a: Great Tusk|30/100|[from] item: Leftovers
|upkeep
|turn|22
|
|t:|1758989062
|move|p1a: Great Tusk|Ice Spinner|p2a: Dragonite
|-supereffective|p2a: Dragonite
|-damage|p2a: Dragonite|40/100
|move|p2a: Dragonite|Tera Blast|p1a: Great Tusk|[anim] Tera Blast Flying
|-damage|p1a: Great Tusk|0 fnt
|faint|p1a: Great Tusk
|-end|p1a: Great Tusk|Protosynthesis|[silent]
|
|-end|p2a: Dragonite|move: Taunt
|upkeep
|
|t:|1758989065
|switch|p1a: Pecharunt|Pecharunt|100/100
|turn|23
|
|t:|1758989072
|switch|p2a: Iron Treads|Iron Treads|93/100
|-damage|p2a: Iron Treads|90/100|[from] Stealth Rock
|move|p1a: Pecharunt|Foul Play|p2a: Iron Treads
|-damage|p2a: Iron Treads|71/100
|
|-heal|p2a: Iron Treads|77/100|[from] item: Leftovers
|upkeep
|turn|24
|
|t:|1758989075
|move|p2a: Iron Treads|Knock Off|p1a: Pecharunt
|-supereffective|p1a: Pecharunt
|-damage|p1a: Pecharunt|78/100
|-enditem|p1a: Pecharunt|Heavy-Duty Boots|[from] move: Knock Off|[of] p2a: Iron Treads
|move|p1a: Pecharunt|Parting Shot|p2a: Iron Treads
|-unboost|p2a: Iron Treads|atk|1
|-unboost|p2a: Iron Treads|spa|1
|
|t:|1758989077
|switch|p1a: Ogerpon|Ogerpon-Wellspring, F|84/100|[from] Parting Shot
|
|-heal|p2a: Iron Treads|83/100|[from] item: Leftovers
|upkeep
|turn|25
|
|t:|1758989083
|move|p1a: Ogerpon|Ivy Cudgel|p2a: Iron Treads|[anim] Ivy Cudgel Water
|-supereffective|p2a: Iron Treads
|-crit|p2a: Iron Treads
|-damage|p2a: Iron Treads|0 fnt
|faint|p2a: Iron Treads
|-end|p2a: Iron Treads|Quark Drive|[silent]
|
|upkeep
|
|t:|1758989087
|switch|p2a: Ogerpon|Ogerpon-Wellspring, F|100/100
|-damage|p2a: Ogerpon|88/100|[from] Stealth Rock
|turn|26
|
|t:|1758989090
|move|p1a: Ogerpon|Power Whip|p2a: Ogerpon
|-damage|p2a: Ogerpon|2/100
|move|p2a: Ogerpon|U-turn|p1a: Ogerpon
|-supereffective|p1a: Ogerpon
|-damage|p1a: Ogerpon|15/100
|
|t:|1758989093
|switch|p2a: Darkrai|Darkrai|59/100|[from] U-turn
|-damage|p2a: Darkrai|47/100|[from] Stealth Rock
|
|upkeep
|turn|27
|
|t:|1758989097
|move|p2a: Darkrai|Dark Pulse|p1a: Ogerpon
|-damage|p1a: Ogerpon|0 fnt
|faint|p1a: Ogerpon
|
|upkeep
|
|t:|1758989099
|switch|p1a: Tornadus|Tornadus-Therian, M|84/100
|turn|28
|
|t:|1758989114
|switch|p2a: Ogerpon|Ogerpon-Wellspring, F|2/100
|-damage|p2a: Ogerpon|0 fnt|[from] Stealth Rock
|faint|p2a: Ogerpon
|move|p1a: Tornadus|Bleakwind Storm|p2: Ogerpon|[notarget]
|-fail|p1a: Tornadus
|
|upkeep
|
|t:|1758989116
|switch|p2a: Dragonite|Dragonite, F, tera:Flying|40/100
|turn|29
|
|t:|1758989120
|move|p1a: Tornadus|U-turn|p2a: Dragonite
|-resisted|p2a: Dragonite
|-damage|p2a: Dragonite|33/100
|
|t:|1758989123
|switch|p1a: Pecharunt|Pecharunt|78/100|[from] U-turn
|move|p2a: Dragonite|Dragon Dance|p2a: Dragonite
|-boost|p2a: Dragonite|atk|1
|-boost|p2a: Dragonite|spe|1
|
|upkeep
|turn|30
|
|t:|1758989126
|move|p2a: Dragonite|Roost|p2a: Dragonite
|-heal|p2a: Dragonite|83/100
|-hint|If a Terastallized Pokemon uses Roost, it remains Flying-type.
|move|p1a: Pecharunt|Malignant Chain|p2a: Dragonite
|-damage|p2a: Dragonite|53/100
|-status|p2a: Dragonite|tox
|-start|p2a: Dragonite|confusion|[from] ability: Poison Puppeteer|[of] p1a: Pecharunt
|
|-damage|p2a: Dragonite|46/100 tox|[from] psn
|upkeep
|turn|31
|
|t:|1758989131
|-activate|p2a: Dragonite|confusion
|move|p2a: Dragonite|Roost|p2a: Dragonite
|-heal|p2a: Dragonite|96/100 tox
|-hint|If a Terastallized Pokemon uses Roost, it remains Flying-type.
|move|p1a: Pecharunt|Foul Play|p2a: Dragonite
|-damage|p2a: Dragonite|40/100 tox
|
|-damage|p2a: Dragonite|27/100 tox|[from] psn
|upkeep
|turn|32
|
|t:|1758989137
|-activate|p2a: Dragonite|confusion
|move|p2a: Dragonite|Earthquake|p1a: Pecharunt
|-supereffective|p1a: Pecharunt
|-damage|p1a: Pecharunt|30/100
|move|p1a: Pecharunt|Parting Shot|p2a: Dragonite
|-unboost|p2a: Dragonite|atk|1
|-unboost|p2a: Dragonite|spa|1
|
|t:|1758989145
|switch|p1a: Tornadus|Tornadus-Therian, M|100/100|[from] Parting Shot
|
|-damage|p2a: Dragonite|9/100 tox|[from] psn
|upkeep
|turn|33
|
|t:|1758989148
|switch|p1a: Pecharunt|Pecharunt|30/100
|-activate|p2a: Dragonite|confusion
|move|p2a: Dragonite|Tera Blast|p1a: Pecharunt|[anim] Tera Blast Flying
|-damage|p1a: Pecharunt|3/100
|
|-damage|p2a: Dragonite|0 fnt|[from] psn
|faint|p2a: Dragonite
|upkeep
|
|t:|1758989150
|switch|p2a: Darkrai|Darkrai|47/100
|-damage|p2a: Darkrai|34/100|[from] Stealth Rock
|turn|34
|
|t:|1758989159
|move|p2a: Darkrai|Dark Pulse|p1a: Pecharunt
|-supereffective|p1a: Pecharunt
|-damage|p1a: Pecharunt|0 fnt
|faint|p1a: Pecharunt
|
|upkeep
|
|t:|1758989161
|switch|p1a: Tornadus|Tornadus-Therian, M|100/100
|turn|35
|
|t:|1758989163
|move|p2a: Darkrai|Dark Pulse|p1a: Tornadus
|-damage|p1a: Tornadus|48/100
|move|p1a: Tornadus|Bleakwind Storm|p2a: Darkrai
|-damage|p2a: Darkrai|0 fnt
|faint|p2a: Darkrai
|
|win|LT124 SPEEDRUNNING
|raw|LT124 SPEEDRUNNING's rating: 1799 &rarr; <strong>1816</strong><br />(+17 for winning)
|raw|Miyan's rating: 1752 &rarr; <strong>1735</strong><br />(-17 for losing)
|l|☆Miyan
|player|p2|
|l| Just Icicle
|l|☆LT124 SPEEDRUNNING
|player|p1|
|l| Zombini62
|l| wgw2333
|l| cryyysneasel
|j| amefurikoneko
