|j|☆izuku_mdrya
|j|☆pablo honey
|t:|1758961587
|gametype|singles
|player|p1|izuku_mdrya|red|1451
|player|p2|pablo honey|lucas|1521
|gen|9
|tier|[Gen 9] OU
|rated|
|rule|HP Percentage Mod: HP is shown in percentages
|rule|Endless Battle Clause: Forcing endless battles is banned
|rule|Species Clause: Limit one of each Pokémon
|rule|OHKO Clause: OHKO moves are banned
|rule|Evasion Items Clause: Evasion items are banned
|rule|Evasion Moves Clause: Evasion moves are banned
|rule|Evasion Abilities Clause: Evasion abilities are banned
|rule|Sleep Moves Clause: Sleep-inducing moves are banned
|clearpoke
|poke|p1|Skeledirge, M|
|poke|p1|Ogerpon-Wellspring, F|
|poke|p1|Garchomp, M|
|poke|p1|Zapdos|
|poke|p1|Iron Valiant|
|poke|p1|Ribombee, M|
|poke|p2|Ogerpon-Wellspring, F|
|poke|p2|Kingambit, F|
|poke|p2|Landorus-Therian, M|
|poke|p2|Glimmora, M|
|poke|p2|Dragapult, M|
|poke|p2|Iron Valiant|
|teampreview
|
|t:|1758961593
|teamsize|p1|6
|teamsize|p2|6
|start
|switch|p1a: Luka Modric|Ribombee, M|100/100
|switch|p2a: Glimmora|Glimmora, M|100/100
|turn|1
|
|t:|1758961599
|move|p1a: Luka Modric|Psychic|p2a: Glimmora
|-supereffective|p2a: Glimmora
|-damage|p2a: Glimmora|36/100
|move|p2a: Glimmora|Meteor Beam||[still]
|-prepare|p2a: Glimmora|Meteor Beam
|-boost|p2a: Glimmora|spa|1
|-enditem|p2a: Glimmora|Power Herb
|-anim|p2a: Glimmora|Meteor Beam|p1a: Luka Modric
|-supereffective|p1a: Luka Modric
|-enditem|p1a: Luka Modric|Focus Sash
|-damage|p1a: Luka Modric|1/100
|
|upkeep
|turn|2
|
|t:|1758961610
|move|p1a: Luka Modric|Stun Spore|p2a: Glimmora
|-status|p2a: Glimmora|par
|move|p2a: Glimmora|Mortal Spin|p1a: Luka Modric
|-supereffective|p1a: Luka Modric
|-damage|p1a: Luka Modric|0 fnt
|faint|p1a: Luka Modric
|
|upkeep
|
|t:|1758961616
|switch|p1a: Sergio Ramos|Zapdos|100/100
|turn|3
|
|t:|1758961620
|move|p1a: Sergio Ramos|Discharge|p2a: Glimmora
|-damage|p2a: Glimmora|0 fnt
|faint|p2a: Glimmora
|
|upkeep
|
|t:|1758961631
|switch|p2a: Dragapult|Dragapult, M|100/100
|turn|4
|
|t:|1758961634
|-terastallize|p2a: Dragapult|Ghost
|move|p2a: Dragapult|Shadow Ball|p1a: Sergio Ramos
|-damage|p1a: Sergio Ramos|39/100
|move|p1a: Sergio Ramos|Hurricane|p2a: Dragapult
|-damage|p2a: Dragapult|24/100
|
|-heal|p1a: Sergio Ramos|45/100|[from] item: Leftovers
|upkeep
|turn|5
|
|t:|1758961641
|move|p2a: Dragapult|Shadow Ball|p1a: Sergio Ramos
|-crit|p1a: Sergio Ramos
|-damage|p1a: Sergio Ramos|0 fnt
|faint|p1a: Sergio Ramos
|
|upkeep
|
|t:|1758961647
|switch|p1a: Cristiano Ronaldo|Iron Valiant|100/100
|-enditem|p1a: Cristiano Ronaldo|Booster Energy
|-activate|p1a: Cristiano Ronaldo|ability: Quark Drive|[fromitem]
|-start|p1a: Cristiano Ronaldo|quarkdriveatk
|turn|6
|
|t:|1758961652
|switch|p2a: Landorus|Landorus-Therian, M|100/100
|-ability|p2a: Landorus|Intimidate|boost
|-unboost|p1a: Cristiano Ronaldo|atk|1
|move|p1a: Cristiano Ronaldo|Spirit Break|p2a: Landorus
|-damage|p2a: Landorus|65/100
|-unboost|p2a: Landorus|spa|1
|-damage|p1a: Cristiano Ronaldo|84/100|[from] item: Rocky Helmet|[of] p2a: Landorus
|
|upkeep
|turn|7
|
|t:|1758961658
|move|p1a: Cristiano Ronaldo|Swords Dance|p1a: Cristiano Ronaldo
|-boost|p1a: Cristiano Ronaldo|atk|2
|move|p2a: Landorus|Earthquake|p1a: Cristiano Ronaldo
|-damage|p1a: Cristiano Ronaldo|19/100
|
|upkeep
|turn|8
|
|t:|1758961671
|move|p1a: Cristiano Ronaldo|Knock Off|p2a: Landorus
|-damage|p2a: Landorus|0 fnt
|-damage|p1a: Cristiano Ronaldo|3/100|[from] item: Rocky Helmet|[of] p2a: Landorus
|-enditem|p2a: Landorus|Rocky Helmet|[from] move: Knock Off|[of] p1a: Cristiano Ronaldo
|faint|p2a: Landorus
|
|upkeep
|
|t:|1758961677
|switch|p2a: Kingambit|Kingambit, F|100/100
|-activate|p2a: Kingambit|ability: Supreme Overlord
|-start|p2a: Kingambit|fallen2|[silent]
|turn|9
|
|t:|1758961686
|move|p1a: Cristiano Ronaldo|Close Combat|p2a: Kingambit
|-supereffective|p2a: Kingambit
|-damage|p2a: Kingambit|0 fnt
|-unboost|p1a: Cristiano Ronaldo|def|1
|-unboost|p1a: Cristiano Ronaldo|spd|1
|faint|p2a: Kingambit
|-end|p2a: Kingambit|fallen2|[silent]
|
|upkeep
|
|t:|1758961689
|switch|p2a: Iron Valiant|Iron Valiant|100/100
|-enditem|p2a: Iron Valiant|Booster Energy
|-activate|p2a: Iron Valiant|ability: Quark Drive|[fromitem]
|-start|p2a: Iron Valiant|quarkdrivespe
|turn|10
|
|t:|1758961700
|move|p2a: Iron Valiant|Swords Dance|p2a: Iron Valiant
|-boost|p2a: Iron Valiant|atk|2
|move|p1a: Cristiano Ronaldo|Spirit Break|p2a: Iron Valiant
|-supereffective|p2a: Iron Valiant
|-damage|p2a: Iron Valiant|0 fnt
|faint|p2a: Iron Valiant
|-end|p2a: Iron Valiant|Quark Drive|[silent]
|
|upkeep
|
|t:|1758961703
|switch|p2a: Ogerpon|Ogerpon-Wellspring, F|100/100
|turn|11
|
|t:|1758961706
|move|p2a: Ogerpon|Ivy Cudgel|p1a: Cristiano Ronaldo|[anim] Ivy Cudgel Water
|-crit|p1a: Cristiano Ronaldo
|-damage|p1a: Cristiano Ronaldo|0 fnt
|faint|p1a: Cristiano Ronaldo
|-end|p1a: Cristiano Ronaldo|Quark Drive|[silent]
|
|upkeep
|
|t:|1758961709
|switch|p1a: Toni Kross|Skeledirge, M|100/100
|turn|12
|
|t:|1758961711
|-terastallize|p1a: Toni Kross|Fairy
|move|p2a: Ogerpon|Ivy Cudgel|p1a: Toni Kross|[anim] Ivy Cudgel Water
|-damage|p1a: Toni Kross|48/100
|move|p1a: Toni Kross|Will-O-Wisp|p2a: Ogerpon
|-status|p2a: Ogerpon|brn
|
|-damage|p2a: Ogerpon|95/100 brn|[from] brn
|upkeep
|turn|13
|
|t:|1758961716
|move|p2a: Ogerpon|Taunt|p1a: Toni Kross
|-start|p1a: Toni Kross|move: Taunt
|cant|p1a: Toni Kross|move: Taunt|Slack Off
|
|-damage|p2a: Ogerpon|89/100 brn|[from] brn
|upkeep
|turn|14
|
|t:|1758961719
|switch|p2a: Dragapult|Dragapult, M, tera:Ghost|24/100
|move|p1a: Toni Kross|Hex|p2a: Dragapult
|-supereffective|p2a: Dragapult
|-damage|p2a: Dragapult|0 fnt
|faint|p2a: Dragapult
|
|upkeep
|
|t:|1758961721
|switch|p2a: Ogerpon|Ogerpon-Wellspring, F|89/100 brn
|turn|15
|
|t:|1758961724
|move|p2a: Ogerpon|Taunt||[still]
|-fail|p2a: Ogerpon
|move|p1a: Toni Kross|Hex|p2a: Ogerpon
|-damage|p2a: Ogerpon|28/100 brn
|
|-damage|p2a: Ogerpon|22/100 brn|[from] brn
|-end|p1a: Toni Kross|move: Taunt
|upkeep
|turn|16
|
|t:|1758961727
|move|p2a: Ogerpon|Taunt|p1a: Toni Kross
|-start|p1a: Toni Kross|move: Taunt
|move|p1a: Toni Kross|Hex|p2a: Ogerpon
|-damage|p2a: Ogerpon|0 fnt
|faint|p2a: Ogerpon
|
|win|izuku_mdrya
|raw|izuku_mdrya's rating: 1451 &rarr; <strong>1475</strong><br />(+24 for winning)
|raw|pablo honey's rating: 1521 &rarr; <strong>1497</strong><br />(-24 for losing)
|l|☆izuku_mdrya
|player|p1|
|l|☆pablo honey
|player|p2|
