|badge|p2|bronze|gen9uu|100-6
|uhtml|medal-msg|<div class="broadcast-blue">Curious what those medals under the avatar are? PS now has Ladder Seasons! For more information, check out the <a href="https://www.smogon.com/forums/threads/3740067/">thread on Smogon.</a></div>
|j|☆bertoskyT
|j|☆mooch99
|t:|1758914571
|gametype|singles
|player|p1|bertoskyT|ghetsis-gen5bw|1560
|player|p2|mooch99|unknown|1619
|gen|9
|tier|[Gen 9] OU
|rated|
|rule|HP Percentage Mod: HP is shown in percentages
|rule|Endless Battle Clause: Forcing endless battles is banned
|rule|Species Clause: Limit one of each Pokémon
|rule|OHKO Clause: OHKO moves are banned
|rule|Evasion Items Clause: Evasion items are banned
|rule|Evasion Moves Clause: Evasion moves are banned
|rule|Evasion Abilities Clause: Evasion abilities are banned
|rule|Sleep Moves Clause: Sleep-inducing moves are banned
|clearpoke
|poke|p1|Greninja-*, M|
|poke|p1|Dragapult, M|
|poke|p1|Landorus-Therian, M|
|poke|p1|Ogerpon-Wellspring, F|
|poke|p1|Forretress, F|
|poke|p1|Slowking-Galar, M|
|poke|p2|Toucannon, F|
|poke|p2|Dragonite, M|
|poke|p2|Zamazenta-*|
|poke|p2|Iron Treads|
|poke|p2|Zapdos|
|poke|p2|Primarina, M|
|teampreview
|inactive|Battle timer is ON: inactive players will automatically lose when time's up. (requested by mooch99)
|
|t:|1758914592
|teamsize|p1|6
|teamsize|p2|6
|start
|switch|p1a: Landorus|Landorus-Therian, M|100/100
|switch|p2a: Toucannon|Toucannon, F|100/100
|-ability|p1a: Landorus|Intimidate|boost
|-unboost|p2a: Toucannon|atk|1
|turn|1
|
|t:|1758914603
|-singleturn|p2a: Toucannon|move: Beak Blast
|move|p1a: Landorus|Stealth Rock|p2a: Toucannon
|-sidestart|p2: mooch99|move: Stealth Rock
|move|p2a: Toucannon|Beak Blast|p1a: Landorus
|-damage|p1a: Landorus|74/100
|
|upkeep
|turn|2
|inactive|bertoskyT has 120 seconds left.
|
|t:|1758914641
|switch|p1a: Slowking|Slowking-Galar, M|100/100
|-singleturn|p2a: Toucannon|move: Beak Blast
|move|p2a: Toucannon|Beak Blast|p1a: Slowking
|-damage|p1a: Slowking|63/100
|
|upkeep
|turn|3
|inactive|bertoskyT has 120 seconds left.
|
|t:|1758914653
|move|p2a: Toucannon|Knock Off|p1a: Slowking
|-supereffective|p1a: Slowking
|-damage|p1a: Slowking|12/100
|-enditem|p1a: Slowking|Heavy-Duty Boots|[from] move: Knock Off|[of] p2a: Toucannon
|-prepare|p1a: Slowking|Chilly Reception|[premajor]
|move|p1a: Slowking|Chilly Reception|p1a: Slowking
|-weather|Snowscape
|inactive|bertoskyT has 120 seconds left.
|
|t:|1758914681
|switch|p1a: Forretress|Forretress, F|100/100|[from] Chilly Reception
|
|-weather|Snowscape|[upkeep]
|upkeep
|turn|4
|
|t:|1758914690
|switch|p2a: Iron Treads|Iron Treads|100/100
|-damage|p2a: Iron Treads|98/100|[from] Stealth Rock
|-item|p2a: Iron Treads|Air Balloon
|move|p1a: Forretress|Spikes|p2a: Iron Treads
|-sidestart|p2: mooch99|Spikes
|
|-weather|Snowscape|[upkeep]
|upkeep
|turn|5
|
|t:|1758914703
|move|p2a: Iron Treads|Knock Off|p1a: Forretress
|-damage|p1a: Forretress|86/100
|-damage|p2a: Iron Treads|81/100|[from] item: Rocky Helmet|[of] p1a: Forretress
|-enditem|p1a: Forretress|Rocky Helmet|[from] move: Knock Off|[of] p2a: Iron Treads
|move|p1a: Forretress|Body Press|p2a: Iron Treads
|-supereffective|p2a: Iron Treads
|-damage|p2a: Iron Treads|24/100
|-enditem|p2a: Iron Treads|Air Balloon
|
|-weather|Snowscape|[upkeep]
|upkeep
|turn|6
|
|t:|1758914715
|-terastallize|p1a: Forretress|Ghost
|move|p2a: Iron Treads|Knock Off|p1a: Forretress
|-supereffective|p1a: Forretress
|-damage|p1a: Forretress|64/100
|move|p1a: Forretress|Body Press|p2a: Iron Treads
|-supereffective|p2a: Iron Treads
|-damage|p2a: Iron Treads|0 fnt
|faint|p2a: Iron Treads
|-end|p2a: Iron Treads|Quark Drive|[silent]
|
|-weather|Snowscape|[upkeep]
|upkeep
|
|t:|1758914723
|switch|p2a: Zapdos|Zapdos|100/100
|-damage|p2a: Zapdos|76/100|[from] Stealth Rock
|turn|7
|inactive|bertoskyT has 120 seconds left.
|
|t:|1758914741
|move|p2a: Zapdos|Hurricane|p1a: Forretress
|-damage|p1a: Forretress|0 fnt
|faint|p1a: Forretress
|
|-weather|none
|upkeep
|
|t:|1758914750
|switch|p1a: Dragapult|Dragapult, M|100/100
|turn|8
|
|t:|1758914755
|move|p1a: Dragapult|Dragon Darts|p2a: Zapdos
|-damage|p2a: Zapdos|33/100
|-anim|p1a: Dragapult|Dragon Darts|p2a: Zapdos
|-damage|p2a: Zapdos|0 fnt
|faint|p2a: Zapdos
|
|upkeep
|
|t:|1758914761
|switch|p2a: Primarina|Primarina, M|100/100
|-damage|p2a: Primarina|88/100|[from] Stealth Rock
|-damage|p2a: Primarina|76/100|[from] Spikes
|turn|9
|
|t:|1758914771
|switch|p1a: Slowking|Slowking-Galar, M|46/100
|move|p2a: Primarina|Moonblast|p1a: Slowking
|-resisted|p1a: Slowking
|-damage|p1a: Slowking|30/100
|
|upkeep
|turn|10
|
|t:|1758914776
|move|p2a: Primarina|Shadow Ball|p1a: Slowking
|-supereffective|p1a: Slowking
|-damage|p1a: Slowking|0 fnt
|faint|p1a: Slowking
|
|upkeep
|
|t:|1758914779
|switch|p1a: Ogerpon|Ogerpon-Wellspring, F|100/100
|turn|11
|
|t:|1758914799
|-terastallize|p2a: Primarina|Poison
|move|p1a: Ogerpon|Swords Dance|p1a: Ogerpon
|-boost|p1a: Ogerpon|atk|2
|move|p2a: Primarina|Moonblast|p1a: Ogerpon
|-damage|p1a: Ogerpon|41/100
|
|upkeep
|turn|12
|inactive|mooch99 has 120 seconds left.
|
|t:|1758914828
|move|p1a: Ogerpon|Ivy Cudgel|p2a: Primarina|[anim] Ivy Cudgel Water
|-crit|p2a: Primarina
|-damage|p2a: Primarina|0 fnt
|faint|p2a: Primarina
|
|upkeep
|inactive|mooch99 has 120 seconds left.
|
|t:|1758914860
|switch|p2a: Zamazenta|Zamazenta|100/100
|-damage|p2a: Zamazenta|94/100|[from] Stealth Rock
|-damage|p2a: Zamazenta|82/100|[from] Spikes
|-ability|p2a: Zamazenta|Dauntless Shield|boost
|-boost|p2a: Zamazenta|def|1
|turn|13
|inactive|mooch99 has 90 seconds left.
|
|t:|1758914904
|move|p2a: Zamazenta|Ice Fang|p1a: Ogerpon
|-damage|p1a: Ogerpon|0 fnt
|faint|p1a: Ogerpon
|
|upkeep
|
|t:|1758914909
|switch|p1a: Landorus|Landorus-Therian, M|74/100
|-ability|p1a: Landorus|Intimidate|boost
|-unboost|p2a: Zamazenta|atk|1
|turn|14
|
|t:|1758914919
|move|p2a: Zamazenta|Ice Fang|p1a: Landorus
|-supereffective|p1a: Landorus
|-damage|p1a: Landorus|20/100
|-damage|p2a: Zamazenta|65/100|[from] item: Rocky Helmet|[of] p1a: Landorus
|move|p1a: Landorus|Earth Power|p2a: Zamazenta
|-damage|p2a: Zamazenta|35/100
|
|upkeep
|turn|15
|
|t:|1758914928
|move|p2a: Zamazenta|Ice Fang|p1a: Landorus
|-supereffective|p1a: Landorus
|-damage|p1a: Landorus|0 fnt
|-damage|p2a: Zamazenta|18/100|[from] item: Rocky Helmet|[of] p1a: Landorus
|faint|p1a: Landorus
|
|upkeep
|
|t:|1758914938
|switch|p1a: Dragapult|Dragapult, M|100/100
|turn|16
|
|t:|1758914941
|move|p1a: Dragapult|Dragon Darts|p2a: Zamazenta
|-damage|p2a: Zamazenta|0 fnt
|faint|p2a: Zamazenta
|
|upkeep
|inactive|mooch99 has 90 seconds left.
|
|t:|1758914958
|switch|p2a: Toucannon|Toucannon, F|100/100
|-damage|p2a: Toucannon|76/100|[from] Stealth Rock
|turn|17
|
|t:|1758914964
|-singleturn|p2a: Toucannon|move: Beak Blast
|move|p1a: Dragapult|Dragon Darts|p2a: Toucannon
|-damage|p2a: Toucannon|29/100
|-anim|p1a: Dragapult|Dragon Darts|p2a: Toucannon
|-damage|p2a: Toucannon|0 fnt
|faint|p2a: Toucannon
|
|upkeep
|
|t:|1758914967
|switch|p2a: Dragonite|Dragonite, M|100/100
|-damage|p2a: Dragonite|76/100|[from] Stealth Rock
|turn|18
|
|t:|1758914972
|move|p1a: Dragapult|Dragon Darts|p2a: Dragonite
|-supereffective|p2a: Dragonite
|-damage|p2a: Dragonite|0 fnt
|faint|p2a: Dragonite
|
|win|bertoskyT
|raw|bertoskyT's rating: 1560 &rarr; <strong>1583</strong><br />(+23 for winning)
|raw|mooch99's rating: 1619 &rarr; <strong>1596</strong><br />(-23 for losing)
|l|☆mooch99
|player|p2|
|l|☆bertoskyT
|player|p1|
