|j|☆FITE FITE FIT
|j|☆A King Of The Ring
|t:|1759065060
|gametype|singles
|player|p1|FITE FITE FIT|preschooler|1621
|player|p2|A King Of The Ring|rocketexecutive-gen2|1577
|gen|9
|tier|[Gen 9] OU
|rated|
|rule|HP Percentage Mod: HP is shown in percentages
|rule|Endless Battle Clause: Forcing endless battles is banned
|rule|Species Clause: Limit one of each Pokémon
|rule|OHKO Clause: OHKO moves are banned
|rule|Evasion Items Clause: Evasion items are banned
|rule|Evasion Moves Clause: Evasion moves are banned
|rule|Evasion Abilities Clause: Evasion abilities are banned
|rule|Sleep Moves Clause: Sleep-inducing moves are banned
|clearpoke
|poke|p1|Landorus-Therian, M|
|poke|p1|Great Tusk|
|poke|p1|Meowscarada, F|
|poke|p1|Kingambit, F|
|poke|p1|Slowking-Galar, F|
|poke|p1|Raging Bolt|
|poke|p2|Kyurem|
|poke|p2|Ursaluna, M|
|poke|p2|Darkrai|
|poke|p2|Ninetales-Alola, M|
|poke|p2|Comfey, M|
|poke|p2|Iron Crown|
|teampreview
|
|t:|1759065106
|teamsize|p1|6
|teamsize|p2|6
|start
|switch|p1a: Kingambit|Kingambit, F|100/100
|switch|p2a: Darkrai|Darkrai, shiny|100/100
|turn|1
|
|t:|1759065141
|-end|p1a: Kingambit|fallenundefined|[silent]
|switch|p1a: Slowking|Slowking-Galar, F|100/100
|move|p2a: Darkrai|Focus Blast|p1a: Slowking|[miss]
|-miss|p2a: Darkrai|p1a: Slowking
|
|upkeep
|turn|2
|
|t:|1759065183
|move|p2a: Darkrai|Dark Pulse|p1a: Slowking
|-supereffective|p1a: Slowking
|-damage|p1a: Slowking|53/100
|cant|p1a: Slowking|flinch
|
|upkeep
|turn|3
|
|t:|1759065199
|switch|p1a: Meowscarada|Meowscarada, F|100/100
|move|p2a: Darkrai|Dark Pulse|p1a: Meowscarada
|-resisted|p1a: Meowscarada
|-damage|p1a: Meowscarada|69/100
|
|upkeep
|turn|4
|j| Nikator98
|
|t:|1759065251
|move|p1a: Meowscarada|U-turn|p2a: Darkrai
|-start|p1a: Meowscarada|typechange|Bug|[from] ability: Protean
|-supereffective|p2a: Darkrai
|-damage|p2a: Darkrai|17/100
|
|t:|1759065260
|switch|p1a: Slowking|Slowking-Galar, F|87/100|[from] U-turn
|move|p2a: Darkrai|Focus Blast|p1a: Slowking
|-resisted|p1a: Slowking
|-crit|p1a: Slowking
|-damage|p1a: Slowking|78/100
|
|upkeep
|turn|5
|
|t:|1759065268
|switch|p1a: Meowscarada|Meowscarada, F|69/100
|move|p2a: Darkrai|Dark Pulse|p1a: Meowscarada
|-resisted|p1a: Meowscarada
|-damage|p1a: Meowscarada|34/100
|
|upkeep
|turn|6
|
|t:|1759065272
|move|p1a: Meowscarada|U-turn|p2a: Darkrai
|-start|p1a: Meowscarada|typechange|Bug|[from] ability: Protean
|-supereffective|p2a: Darkrai
|-damage|p2a: Darkrai|0 fnt
|faint|p2a: Darkrai
|
|t:|1759065279
|switch|p1a: Kingambit|Kingambit, F|100/100|[from] U-turn
|
|upkeep
|
|t:|1759065308
|switch|p2a: Ursaluna|Ursaluna, M, shiny|100/100
|turn|7
|
|t:|1759065327
|-end|p1a: Kingambit|fallenundefined|[silent]
|switch|p1a: Landorus|Landorus-Therian, M|100/100
|-ability|p1a: Landorus|Intimidate|boost
|-unboost|p2a: Ursaluna|atk|1
|move|p2a: Ursaluna|Bulk Up|p2a: Ursaluna
|-boost|p2a: Ursaluna|atk|1
|-boost|p2a: Ursaluna|def|1
|
|-status|p2a: Ursaluna|brn|[from] item: Flame Orb
|upkeep
|turn|8
|
|t:|1759065338
|move|p1a: Landorus|Stealth Rock|p2a: Ursaluna
|-sidestart|p2: A King Of The Ring|move: Stealth Rock
|move|p2a: Ursaluna|Facade|p1a: Landorus
|-damage|p1a: Landorus|0 fnt
|-damage|p2a: Ursaluna|84/100 brn|[from] item: Rocky Helmet|[of] p1a: Landorus
|faint|p1a: Landorus
|
|-damage|p2a: Ursaluna|78/100 brn|[from] brn
|upkeep
|
|t:|1759065347
|switch|p1a: Great Tusk|Great Tusk|100/100
|turn|9
|
|t:|1759065360
|move|p1a: Great Tusk|Ice Spinner|p2a: Ursaluna
|-supereffective|p2a: Ursaluna
|-crit|p2a: Ursaluna
|-damage|p2a: Ursaluna|25/100 brn
|move|p2a: Ursaluna|Bulk Up|p2a: Ursaluna
|-boost|p2a: Ursaluna|atk|1
|-boost|p2a: Ursaluna|def|1
|
|-damage|p2a: Ursaluna|19/100 brn|[from] brn
|upkeep
|turn|10
|
|t:|1759065396
|move|p1a: Great Tusk|Headlong Rush|p2a: Ursaluna
|-damage|p2a: Ursaluna|0 fnt
|-unboost|p1a: Great Tusk|def|1
|-unboost|p1a: Great Tusk|spd|1
|faint|p2a: Ursaluna
|
|upkeep
|
|t:|1759065425
|switch|p2a: Ninetales|Ninetales-Alola, M, shiny|100/100
|-damage|p2a: Ninetales|76/100|[from] Stealth Rock
|-weather|Snowscape|[from] ability: Snow Warning|[of] p2a: Ninetales
|turn|11
|
|t:|1759065445
|-end|p1a: Great Tusk|Protosynthesis|[silent]
|switch|p1a: Kingambit|Kingambit, F|100/100
|-activate|p1a: Kingambit|ability: Supreme Overlord
|-start|p1a: Kingambit|fallen1|[silent]
|move|p2a: Ninetales|Aurora Veil|p2a: Ninetales
|-sidestart|p2: A King Of The Ring|move: Aurora Veil
|
|-weather|Snowscape|[upkeep]
|upkeep
|turn|12
|
|t:|1759065457
|switch|p2a: Kyurem|Kyurem|100/100
|-damage|p2a: Kyurem|76/100|[from] Stealth Rock
|-ability|p2a: Kyurem|Pressure
|move|p1a: Kingambit|Iron Head|p2a: Kyurem
|-supereffective|p2a: Kyurem
|-damage|p2a: Kyurem|50/100
|
|-weather|Snowscape|[upkeep]
|upkeep
|turn|13
|
|t:|1759065469
|move|p2a: Kyurem|Body Press|p1a: Kingambit
|-supereffective|p1a: Kingambit
|-damage|p1a: Kingambit|23/100
|move|p1a: Kingambit|Iron Head|p2a: Kyurem
|-supereffective|p2a: Kyurem
|-damage|p2a: Kyurem|26/100
|
|-weather|Snowscape|[upkeep]
|-heal|p1a: Kingambit|29/100|[from] item: Leftovers
|upkeep
|turn|14
|
|t:|1759065475
|-end|p1a: Kingambit|fallen1|[silent]
|switch|p1a: Slowking|Slowking-Galar, F|100/100
|move|p2a: Kyurem|Earth Power|p1a: Slowking
|-supereffective|p1a: Slowking
|-damage|p1a: Slowking|55/100
|
|-weather|Snowscape|[upkeep]
|upkeep
|turn|15
|
|t:|1759065483
|move|p2a: Kyurem|Earth Power|p1a: Slowking
|-supereffective|p1a: Slowking
|-damage|p1a: Slowking|7/100
|move|p1a: Slowking|Sludge Bomb|p2a: Kyurem
|-damage|p2a: Kyurem|6/100
|
|-weather|none
|upkeep
|turn|16
|
|t:|1759065496
|switch|p1a: Great Tusk|Great Tusk|100/100
|move|p2a: Kyurem|Freeze-Dry|p1a: Great Tusk
|-supereffective|p1a: Great Tusk
|-damage|p1a: Great Tusk|0 fnt
|faint|p1a: Great Tusk
|-end|p1a: Great Tusk|Protosynthesis|[silent]
|
|upkeep
|
|t:|1759065501
|switch|p1a: Meowscarada|Meowscarada, F|34/100
|turn|17
|
|t:|1759065534
|move|p1a: Meowscarada|Flower Trick|p2a: Kyurem
|-start|p1a: Meowscarada|typechange|Grass|[from] ability: Protean
|-resisted|p2a: Kyurem
|-crit|p2a: Kyurem
|-damage|p2a: Kyurem|0 fnt
|faint|p2a: Kyurem
|
|upkeep
|
|t:|1759065539
|switch|p2a: Iron Crown|Iron Crown|100/100
|-damage|p2a: Iron Crown|94/100|[from] Stealth Rock
|-enditem|p2a: Iron Crown|Booster Energy
|-activate|p2a: Iron Crown|ability: Quark Drive|[fromitem]
|-start|p2a: Iron Crown|quarkdrivespe
|turn|18
|
|t:|1759065597
|switch|p1a: Kingambit|Kingambit, F|29/100
|-activate|p1a: Kingambit|ability: Supreme Overlord
|-start|p1a: Kingambit|fallen2|[silent]
|move|p2a: Iron Crown|Calm Mind|p2a: Iron Crown
|-boost|p2a: Iron Crown|spa|1
|-boost|p2a: Iron Crown|spd|1
|
|-heal|p1a: Kingambit|35/100|[from] item: Leftovers
|-sideend|p2: A King Of The Ring|move: Aurora Veil
|upkeep
|turn|19
|
|t:|1759065607
|-end|p2a: Iron Crown|Quark Drive|[silent]
|switch|p2a: Ninetales|Ninetales-Alola, M, shiny|76/100
|-damage|p2a: Ninetales|51/100|[from] Stealth Rock
|-weather|Snowscape|[from] ability: Snow Warning|[of] p2a: Ninetales
|move|p1a: Kingambit|Kowtow Cleave|p2a: Ninetales
|-resisted|p2a: Ninetales
|-damage|p2a: Ninetales|31/100
|
|-weather|Snowscape|[upkeep]
|-heal|p1a: Kingambit|42/100|[from] item: Leftovers
|upkeep
|turn|20
|
|t:|1759065613
|move|p2a: Ninetales|Encore|p1a: Kingambit
|-start|p1a: Kingambit|Encore
|move|p1a: Kingambit|Kowtow Cleave|p2a: Ninetales
|-resisted|p2a: Ninetales
|-damage|p2a: Ninetales|9/100
|
|-weather|Snowscape|[upkeep]
|-heal|p1a: Kingambit|48/100|[from] item: Leftovers
|upkeep
|turn|21
|
|t:|1759065619
|-end|p1a: Kingambit|fallen2|[silent]
|switch|p1a: Slowking|Slowking-Galar, F|40/100
|move|p2a: Ninetales|Aurora Veil|p2a: Ninetales
|-sidestart|p2: A King Of The Ring|move: Aurora Veil
|
|-weather|Snowscape|[upkeep]
|upkeep
|turn|22
|
|t:|1759065649
|move|p2a: Ninetales|Freeze-Dry|p1a: Slowking
|-damage|p1a: Slowking|30/100
|move|p1a: Slowking|Flamethrower|p2a: Ninetales
|-supereffective|p2a: Ninetales
|-damage|p2a: Ninetales|0 fnt
|faint|p2a: Ninetales
|
|-weather|Snowscape|[upkeep]
|upkeep
|
|t:|1759065652
|switch|p2a: Iron Crown|Iron Crown|94/100
|-damage|p2a: Iron Crown|88/100|[from] Stealth Rock
|turn|23
|
|t:|1759065675
|switch|p1a: Kingambit|Kingambit, F|48/100
|-activate|p1a: Kingambit|ability: Supreme Overlord
|-start|p1a: Kingambit|fallen2|[silent]
|move|p2a: Iron Crown|Calm Mind|p2a: Iron Crown
|-boost|p2a: Iron Crown|spa|1
|-boost|p2a: Iron Crown|spd|1
|
|-weather|none
|-heal|p1a: Kingambit|54/100|[from] item: Leftovers
|upkeep
|turn|24
|
|t:|1759065693
|move|p2a: Iron Crown|Focus Blast|p1a: Kingambit|[miss]
|-miss|p2a: Iron Crown|p1a: Kingambit
|move|p1a: Kingambit|Kowtow Cleave|p2a: Iron Crown
|-supereffective|p2a: Iron Crown
|-damage|p2a: Iron Crown|31/100
|
|-heal|p1a: Kingambit|60/100|[from] item: Leftovers
|upkeep
|turn|25
|
|t:|1759065702
|move|p1a: Kingambit|Sucker Punch|p2a: Iron Crown
|-supereffective|p2a: Iron Crown
|-damage|p2a: Iron Crown|0 fnt
|faint|p2a: Iron Crown
|-end|p2a: Iron Crown|Quark Drive|[silent]
|
|-heal|p1a: Kingambit|67/100|[from] item: Leftovers
|upkeep
|
|t:|1759065706
|switch|p2a: Comfey|Comfey, M, shiny|100/100
|-damage|p2a: Comfey|88/100|[from] Stealth Rock
|turn|26
|
|t:|1759065710
|-terastallize|p2a: Comfey|Ground
|move|p2a: Comfey|Calm Mind|p2a: Comfey
|-boost|p2a: Comfey|spa|1
|-boost|p2a: Comfey|spd|1
|move|p1a: Kingambit|Iron Head|p2a: Comfey
|-damage|p2a: Comfey|56/100
|
|-heal|p1a: Kingambit|73/100|[from] item: Leftovers
|upkeep
|turn|27
|
|t:|1759065719
|move|p2a: Comfey|Tera Blast|p1a: Kingambit|[anim] Tera Blast Ground
|-supereffective|p1a: Kingambit
|-damage|p1a: Kingambit|0 fnt
|faint|p1a: Kingambit
|-end|p1a: Kingambit|fallen2|[silent]
|
|upkeep
|
|t:|1759065729
|switch|p1a: Slowking|Slowking-Galar, F|63/100
|turn|28
|
|t:|1759065735
|switch|p1a: Meowscarada|Meowscarada, F|34/100
|move|p2a: Comfey|Calm Mind|p2a: Comfey
|-boost|p2a: Comfey|spa|1
|-boost|p2a: Comfey|spd|1
|
|-sideend|p2: A King Of The Ring|move: Aurora Veil
|upkeep
|turn|29
|
|t:|1759065741
|move|p2a: Comfey|Draining Kiss|p1a: Meowscarada
|-supereffective|p1a: Meowscarada
|-damage|p1a: Meowscarada|0 fnt
|-heal|p2a: Comfey|85/100|[from] drain|[of] p1a: Meowscarada
|faint|p1a: Meowscarada
|
|upkeep
|
|t:|1759065743
|switch|p1a: Slowking|Slowking-Galar, F|96/100
|turn|30
|
|t:|1759065750
|-terastallize|p1a: Slowking|Grass
|move|p2a: Comfey|Tera Blast|p1a: Slowking|[anim] Tera Blast Ground
|-resisted|p1a: Slowking
|-damage|p1a: Slowking|80/100
|move|p1a: Slowking|Psyshock|p2a: Comfey
|-damage|p2a: Comfey|47/100
|
|upkeep
|turn|31
|
|t:|1759065757
|move|p2a: Comfey|Draining Kiss|p1a: Slowking
|-damage|p1a: Slowking|59/100
|-heal|p2a: Comfey|70/100|[from] drain|[of] p1a: Slowking
|move|p1a: Slowking|Psyshock|p2a: Comfey
|-damage|p2a: Comfey|27/100
|
|upkeep
|turn|32
|
|t:|1759065763
|move|p2a: Comfey|Draining Kiss|p1a: Slowking
|-damage|p1a: Slowking|33/100
|-heal|p2a: Comfey|57/100|[from] drain|[of] p1a: Slowking
|move|p1a: Slowking|Psyshock|p2a: Comfey
|-damage|p2a: Comfey|16/100
|
|upkeep
|turn|33
|
|t:|1759065769
|move|p2a: Comfey|Draining Kiss|p1a: Slowking
|-damage|p1a: Slowking|5/100
|-heal|p2a: Comfey|49/100|[from] drain|[of] p1a: Slowking
|move|p1a: Slowking|Psyshock|p2a: Comfey
|-damage|p2a: Comfey|8/100
|
|upkeep
|turn|34
|
|t:|1759065780
|move|p2a: Comfey|Draining Kiss|p1a: Slowking
|-damage|p1a: Slowking|0 fnt
|-heal|p2a: Comfey|13/100|[from] drain|[of] p1a: Slowking
|faint|p1a: Slowking
|
|upkeep
|
|t:|1759065783
|switch|p1a: Raging Bolt|Raging Bolt|100/100
|-enditem|p1a: Raging Bolt|Booster Energy
|-activate|p1a: Raging Bolt|ability: Protosynthesis|[fromitem]
|-start|p1a: Raging Bolt|protosynthesisspa
|turn|35
|
|t:|1759065788
|move|p2a: Comfey|Draining Kiss|p1a: Raging Bolt
|-supereffective|p1a: Raging Bolt
|-damage|p1a: Raging Bolt|0 fnt
|-heal|p2a: Comfey|100/100|[from] drain|[of] p1a: Raging Bolt
|faint|p1a: Raging Bolt
|-end|p1a: Raging Bolt|Protosynthesis|[silent]
|
|win|A King Of The Ring
|raw|FITE FITE FIT's rating: 1621 &rarr; <strong>1598</strong><br />(-23 for losing)
|raw|A King Of The Ring's rating: 1577 &rarr; <strong>1600</strong><br />(+23 for winning)
|l|☆FITE FITE FIT
|player|p1|
|l|☆A King Of The Ring
|player|p2|
