|j|☆Azunail
|j|☆Qazxcdewsf
|t:|1758979870
|gametype|singles
|player|p1|Azunail|yellow|1482
|player|p2|Qazxcdewsf|265|1527
|gen|9
|tier|[Gen 9] OU
|rated|
|rule|HP Percentage Mod: HP is shown in percentages
|rule|Endless Battle Clause: Forcing endless battles is banned
|rule|Species Clause: Limit one of each Pokémon
|rule|OHKO Clause: OHKO moves are banned
|rule|Evasion Items Clause: Evasion items are banned
|rule|Evasion Moves Clause: Evasion moves are banned
|rule|Evasion Abilities Clause: Evasion abilities are banned
|rule|Sleep Moves Clause: Sleep-inducing moves are banned
|clearpoke
|poke|p1|Snorlax, F|
|poke|p1|Gholdengo|
|poke|p1|Landorus-Therian, M|
|poke|p1|Zamazenta-*|
|poke|p1|Rillaboom, F|
|poke|p1|Dragonite, M|
|poke|p2|Gliscor, M|
|poke|p2|Moltres|
|poke|p2|Scizor, F|
|poke|p2|Alomomola, F|
|poke|p2|Darkrai|
|poke|p2|Garganacl, M|
|teampreview
|inactive|Battle timer is ON: inactive players will automatically lose when time's up. (requested by Azunail)
|
|t:|1758979886
|teamsize|p1|6
|teamsize|p2|6
|start
|switch|p1a: Landorus|Landorus-Therian, M|100/100
|switch|p2a: Gliscor|Gliscor, M|100/100
|-ability|p1a: Landorus|Intimidate|boost
|-unboost|p2a: Gliscor|atk|1
|turn|1
|
|t:|1758979896
|move|p1a: Landorus|Taunt|p2a: Gliscor
|-start|p2a: Gliscor|move: Taunt
|cant|p2a: Gliscor|move: Taunt|Toxic Spikes
|
|-status|p2a: Gliscor|tox|[from] item: Toxic Orb
|upkeep
|turn|2
|
|t:|1758979902
|move|p1a: Landorus|Stealth Rock|p2a: Gliscor
|-sidestart|p2: Qazxcdewsf|move: Stealth Rock
|move|p2a: Gliscor|U-turn|p1a: Landorus
|-resisted|p1a: Landorus
|-damage|p1a: Landorus|95/100
|-damage|p2a: Gliscor|84/100 tox|[from] item: Rocky Helmet|[of] p1a: Landorus
|
|t:|1758979908
|switch|p2a: Alomomola|Alomomola, F|100/100|[from] U-turn
|
|upkeep
|turn|3
|
|t:|1758979916
|move|p1a: Landorus|U-turn|p2a: Alomomola
|-damage|p2a: Alomomola|86/100
|
|t:|1758979924
|switch|p1a: Rillaboom|Rillaboom, F|100/100|[from] U-turn
|-fieldstart|move: Grassy Terrain|[from] ability: Grassy Surge|[of] p1a: Rillaboom
|move|p2a: Alomomola|Flip Turn|p1a: Rillaboom
|-resisted|p1a: Rillaboom
|-damage|p1a: Rillaboom|91/100
|
|t:|1758979930
|switch|p2a: Scizor|Scizor, F|100/100|[from] Flip Turn
|-damage|p2a: Scizor|88/100|[from] Stealth Rock
|
|-heal|p1a: Rillaboom|97/100|[from] Grassy Terrain
|-heal|p2a: Scizor|94/100|[from] Grassy Terrain
|upkeep
|turn|4
|
|t:|1758979942
|switch|p1a: Gholdengo|Gholdengo|100/100
|move|p2a: Scizor|U-turn|p1a: Gholdengo
|-resisted|p1a: Gholdengo
|-damage|p1a: Gholdengo|85/100
|
|t:|1758979951
|switch|p2a: Garganacl|Garganacl, M|100/100|[from] U-turn
|-damage|p2a: Garganacl|88/100|[from] Stealth Rock
|
|-heal|p1a: Gholdengo|91/100|[from] Grassy Terrain
|-heal|p2a: Garganacl|94/100|[from] Grassy Terrain
|upkeep
|turn|5
|
|t:|1758979963
|move|p1a: Gholdengo|Make It Rain|p2a: Garganacl
|-supereffective|p2a: Garganacl
|-damage|p2a: Garganacl|15/100
|-unboost|p1a: Gholdengo|spa|1
|move|p2a: Garganacl|Salt Cure|p1a: Gholdengo
|-resisted|p1a: Gholdengo
|-damage|p1a: Gholdengo|83/100
|-start|p1a: Gholdengo|Salt Cure
|
|-heal|p1a: Gholdengo|89/100|[from] Grassy Terrain
|-heal|p2a: Garganacl|22/100|[from] Grassy Terrain
|-damage|p1a: Gholdengo|64/100|[from] Salt Cure
|upkeep
|turn|6
|
|t:|1758979972
|switch|p1a: Snorlax|Snorlax, F, shiny|100/100
|switch|p2a: Alomomola|Alomomola, F|100/100
|
|upkeep
|turn|7
|
|t:|1758979980
|move|p2a: Alomomola|Flip Turn|p1a: Snorlax
|-damage|p1a: Snorlax|87/100
|
|t:|1758979986
|switch|p2a: Scizor|Scizor, F|94/100|[from] Flip Turn
|-damage|p2a: Scizor|82/100|[from] Stealth Rock
|move|p1a: Snorlax|Curse|p1a: Snorlax
|-unboost|p1a: Snorlax|spe|1
|-boost|p1a: Snorlax|atk|1
|-boost|p1a: Snorlax|def|1
|
|-heal|p2a: Scizor|88/100|[from] Grassy Terrain
|-heal|p1a: Snorlax|93/100|[from] Grassy Terrain
|-heal|p1a: Snorlax|99/100|[from] item: Leftovers
|-fieldend|move: Grassy Terrain
|upkeep
|turn|8
|
|t:|1758979999
|move|p2a: Scizor|Close Combat|p1a: Snorlax
|-supereffective|p1a: Snorlax
|-damage|p1a: Snorlax|8/100
|-unboost|p2a: Scizor|def|1
|-unboost|p2a: Scizor|spd|1
|move|p1a: Snorlax|Heat Crash|p2a: Scizor
|-supereffective|p2a: Scizor
|-damage|p2a: Scizor|0 fnt
|faint|p2a: Scizor
|
|-heal|p1a: Snorlax|14/100|[from] item: Leftovers
|upkeep
|
|t:|1758980011
|switch|p2a: Darkrai|Darkrai|100/100
|turn|9
|
|t:|1758980017
|move|p2a: Darkrai|Dark Pulse|p1a: Snorlax
|-crit|p1a: Snorlax
|-damage|p1a: Snorlax|0 fnt
|faint|p1a: Snorlax
|
|upkeep
|
|t:|1758980029
|switch|p1a: Rillaboom|Rillaboom, F|97/100
|-fieldstart|move: Grassy Terrain|[from] ability: Grassy Surge|[of] p1a: Rillaboom
|turn|10
|
|t:|1758980044
|move|p2a: Darkrai|Sludge Bomb|p1a: Rillaboom
|-supereffective|p1a: Rillaboom
|-damage|p1a: Rillaboom|17/100
|-status|p1a: Rillaboom|psn
|move|p1a: Rillaboom|U-turn|p2a: Darkrai
|-supereffective|p2a: Darkrai
|-crit|p2a: Darkrai
|-damage|p2a: Darkrai|0 fnt
|faint|p2a: Darkrai
|
|t:|1758980051
|switch|p1a: Gholdengo|Gholdengo|64/100|[from] U-turn
|
|-heal|p1a: Gholdengo|70/100|[from] Grassy Terrain
|upkeep
|
|t:|1758980054
|switch|p2a: Alomomola|Alomomola, F|100/100
|turn|11
|
|t:|1758980064
|switch|p1a: Rillaboom|Rillaboom, F|17/100 psn
|move|p2a: Alomomola|Wish|p2a: Alomomola
|
|-heal|p1a: Rillaboom|23/100 psn|[from] Grassy Terrain
|-damage|p1a: Rillaboom|11/100 psn|[from] psn
|upkeep
|turn|12
|
|t:|1758980083
|-terastallize|p2a: Alomomola|Fairy
|move|p1a: Rillaboom|Knock Off|p2a: Alomomola
|-resisted|p2a: Alomomola
|-damage|p2a: Alomomola|81/100
|-enditem|p2a: Alomomola|Heavy-Duty Boots|[from] move: Knock Off|[of] p1a: Rillaboom
|move|p2a: Alomomola|Flip Turn|p1a: Rillaboom
|-resisted|p1a: Rillaboom
|-damage|p1a: Rillaboom|3/100 psn
|
|t:|1758980093
|switch|p2a: Garganacl|Garganacl, M|22/100|[from] Flip Turn
|-damage|p2a: Garganacl|9/100|[from] Stealth Rock
|
|-heal|p2a: Garganacl|87/100|[from] move: Wish|[wisher] Alomomola
|-heal|p1a: Rillaboom|9/100 psn|[from] Grassy Terrain
|-heal|p2a: Garganacl|93/100|[from] Grassy Terrain
|-damage|p1a: Rillaboom|0 fnt|[from] psn
|faint|p1a: Rillaboom
|upkeep
|
|t:|1758980102
|switch|p1a: Gholdengo|Gholdengo|70/100
|turn|13
|
|t:|1758980113
|switch|p2a: Alomomola|Alomomola, F, tera:Fairy|100/100
|-damage|p2a: Alomomola|88/100|[from] Stealth Rock
|move|p1a: Gholdengo|Trick|p2a: Alomomola
|-activate|p1a: Gholdengo|move: Trick|[of] p2a: Alomomola
|-item|p2a: Alomomola|Choice Scarf|[from] move: Trick
|-enditem|p1a: Gholdengo|Choice Scarf|[silent]|[from] move: Trick
|
|-heal|p1a: Gholdengo|76/100|[from] Grassy Terrain
|-heal|p2a: Alomomola|94/100|[from] Grassy Terrain
|upkeep
|turn|14
|
|t:|1758980123
|move|p1a: Gholdengo|Shadow Ball|p2a: Alomomola
|-damage|p2a: Alomomola|63/100
|move|p2a: Alomomola|Flip Turn|p1a: Gholdengo
|-damage|p1a: Gholdengo|58/100
|
|t:|1758980132
|switch|p2a: Gliscor|Gliscor, M|84/100 tox|[from] Flip Turn
|-damage|p2a: Gliscor|71/100 tox|[from] Stealth Rock
|
|-heal|p1a: Gholdengo|64/100|[from] Grassy Terrain
|-heal|p2a: Gliscor|84/100 tox|[from] ability: Poison Heal
|-fieldend|move: Grassy Terrain
|upkeep
|turn|15
|
|t:|1758980140
|switch|p1a: Zamazenta|Zamazenta|100/100
|-ability|p1a: Zamazenta|Dauntless Shield|boost
|-boost|p1a: Zamazenta|def|1
|move|p2a: Gliscor|Toxic Spikes|p1a: Zamazenta
|-sidestart|p1: Azunail|move: Toxic Spikes
|
|-heal|p2a: Gliscor|96/100 tox|[from] ability: Poison Heal
|upkeep
|turn|16
|
|t:|1758980156
|switch|p2a: Moltres|Moltres|100/100
|-terastallize|p1a: Zamazenta|Steel
|move|p1a: Zamazenta|Iron Defense|p1a: Zamazenta
|-boost|p1a: Zamazenta|def|2
|
|upkeep
|turn|17
|
|t:|1758980167
|move|p2a: Moltres|Flamethrower|p1a: Zamazenta
|-supereffective|p1a: Zamazenta
|-damage|p1a: Zamazenta|37/100
|move|p1a: Zamazenta|Roar|p2a: Moltres
|drag|p2a: Alomomola|Alomomola, F, tera:Fairy|97/100
|-damage|p2a: Alomomola|84/100|[from] Stealth Rock
|
|-heal|p1a: Zamazenta|43/100|[from] item: Leftovers
|upkeep
|turn|18
|
|t:|1758980176
|move|p1a: Zamazenta|Body Press|p2a: Alomomola
|-resisted|p2a: Alomomola
|-damage|p2a: Alomomola|54/100
|move|p2a: Alomomola|Flip Turn|p1a: Zamazenta
|-damage|p1a: Zamazenta|38/100
|
|t:|1758980179
|switch|p2a: Moltres|Moltres|100/100|[from] Flip Turn
|
|-heal|p1a: Zamazenta|45/100|[from] item: Leftovers
|upkeep
|turn|19
|
|t:|1758980186
|move|p1a: Zamazenta|Body Press|p2a: Moltres
|-resisted|p2a: Moltres
|-damage|p2a: Moltres|63/100
|move|p2a: Moltres|Flamethrower|p1a: Zamazenta
|-supereffective|p1a: Zamazenta
|-damage|p1a: Zamazenta|0 fnt
|faint|p1a: Zamazenta
|
|upkeep
|
|t:|1758980196
|switch|p1a: Dragonite|Dragonite, M|100/100
|turn|20
|
|t:|1758980200
|move|p1a: Dragonite|Dragon Dance|p1a: Dragonite
|-boost|p1a: Dragonite|atk|1
|-boost|p1a: Dragonite|spe|1
|move|p2a: Moltres|Roar|p1a: Dragonite
|drag|p1a: Landorus|Landorus-Therian, M|95/100
|-ability|p1a: Landorus|Intimidate|boost
|-unboost|p2a: Moltres|atk|1
|
|upkeep
|turn|21
|
|t:|1758980210
|move|p1a: Landorus|Taunt|p2a: Moltres
|-start|p2a: Moltres|move: Taunt
|move|p2a: Moltres|U-turn|p1a: Landorus
|-resisted|p1a: Landorus
|-damage|p1a: Landorus|90/100
|-damage|p2a: Moltres|47/100|[from] item: Rocky Helmet|[of] p1a: Landorus
|
|t:|1758980220
|switch|p2a: Alomomola|Alomomola, F, tera:Fairy|87/100|[from] U-turn
|-damage|p2a: Alomomola|75/100|[from] Stealth Rock
|
|upkeep
|turn|22
|
|t:|1758980227
|move|p1a: Landorus|Earth Power|p2a: Alomomola
|-damage|p2a: Alomomola|50/100
|move|p2a: Alomomola|Flip Turn|p1a: Landorus
|-supereffective|p1a: Landorus
|-damage|p1a: Landorus|59/100
|-damage|p2a: Alomomola|33/100|[from] item: Rocky Helmet|[of] p1a: Landorus
|
|t:|1758980230
|switch|p2a: Moltres|Moltres|47/100|[from] Flip Turn
|
|upkeep
|turn|23
|
|t:|1758980238
|move|p1a: Landorus|Taunt|p2a: Moltres
|-start|p2a: Moltres|move: Taunt
|move|p2a: Moltres|U-turn|p1a: Landorus
|-resisted|p1a: Landorus
|-damage|p1a: Landorus|52/100
|-damage|p2a: Moltres|30/100|[from] item: Rocky Helmet|[of] p1a: Landorus
|
|t:|1758980241
|switch|p2a: Alomomola|Alomomola, F, tera:Fairy|67/100|[from] U-turn
|-damage|p2a: Alomomola|54/100|[from] Stealth Rock
|
|upkeep
|turn|24
|
|t:|1758980255
|switch|p2a: Moltres|Moltres|30/100
|move|p1a: Landorus|Earth Power|p2a: Moltres
|-immune|p2a: Moltres
|
|upkeep
|turn|25
|
|t:|1758980263
|move|p1a: Landorus|Taunt|p2a: Moltres
|-start|p2a: Moltres|move: Taunt
|cant|p2a: Moltres|move: Taunt|Roost
|
|upkeep
|turn|26
|
|t:|1758980271
|move|p1a: Landorus|U-turn|p2a: Moltres
|-resisted|p2a: Moltres
|-crit|p2a: Moltres
|-damage|p2a: Moltres|23/100
|-status|p1a: Landorus|brn|[from] ability: Flame Body|[of] p2a: Moltres
|
|t:|1758980277
|switch|p1a: Gholdengo|Gholdengo|64/100|[from] U-turn
|move|p2a: Moltres|Flamethrower|p1a: Gholdengo
|-supereffective|p1a: Gholdengo
|-damage|p1a: Gholdengo|0 fnt
|faint|p1a: Gholdengo
|
|upkeep
|
|t:|1758980279
|switch|p1a: Dragonite|Dragonite, M|100/100
|turn|27
|
|t:|1758980284
|move|p1a: Dragonite|Dragon Dance|p1a: Dragonite
|-boost|p1a: Dragonite|atk|1
|-boost|p1a: Dragonite|spe|1
|move|p2a: Moltres|U-turn|p1a: Dragonite
|-resisted|p1a: Dragonite
|-damage|p1a: Dragonite|97/100
|
|t:|1758980292
|switch|p2a: Garganacl|Garganacl, M|93/100|[from] U-turn
|-damage|p2a: Garganacl|81/100|[from] Stealth Rock
|
|upkeep
|turn|28
|
|t:|1758980298
|move|p1a: Dragonite|Dragon Dance|p1a: Dragonite
|-boost|p1a: Dragonite|atk|1
|-boost|p1a: Dragonite|spe|1
|move|p2a: Garganacl|Ice Punch|p1a: Dragonite
|-supereffective|p1a: Dragonite
|-damage|p1a: Dragonite|18/100
|
|upkeep
|turn|29
|
|t:|1758980306
|move|p1a: Dragonite|Earthquake|p2a: Garganacl
|-supereffective|p2a: Garganacl
|-damage|p2a: Garganacl|0 fnt
|faint|p2a: Garganacl
|
|upkeep
|
|t:|1758980320
|switch|p2a: Gliscor|Gliscor, M|96/100 tox
|-damage|p2a: Gliscor|84/100 tox|[from] Stealth Rock
|turn|30
|
|t:|1758980327
|move|p1a: Dragonite|Ice Spinner|p2a: Gliscor
|-supereffective|p2a: Gliscor
|-damage|p2a: Gliscor|0 fnt
|faint|p2a: Gliscor
|
|upkeep
|
|t:|1758980330
|switch|p2a: Alomomola|Alomomola, F, tera:Fairy|88/100
|-damage|p2a: Alomomola|75/100|[from] Stealth Rock
|turn|31
|
|t:|1758980338
|move|p1a: Dragonite|Earthquake|p2a: Alomomola
|-damage|p2a: Alomomola|10/100
|move|p2a: Alomomola|Scald|p1a: Dragonite
|-resisted|p1a: Dragonite
|-damage|p1a: Dragonite|11/100
|
|upkeep
|turn|32
|-message|Qazxcdewsf forfeited.
|
|win|Azunail
|raw|Azunail's rating: 1482 &rarr; <strong>1505</strong><br />(+23 for winning)
|raw|Qazxcdewsf's rating: 1527 &rarr; <strong>1504</strong><br />(-23 for losing)
|l|☆Qazxcdewsf
|player|p2|
|l|☆Azunail
|player|p1|
