|j|☆sailormooo
|j|☆erupting fury
|t:|1758957491
|gametype|singles
|player|p1|sailormooo|whitney-gen2|1133
|player|p2|erupting fury|veteranf|1111
|gen|9
|tier|[Gen 9] OU
|rated|
|rule|HP Percentage Mod: HP is shown in percentages
|rule|Endless Battle Clause: Forcing endless battles is banned
|rule|Species Clause: Limit one of each Pokémon
|rule|OHKO Clause: OHKO moves are banned
|rule|Evasion Items Clause: Evasion items are banned
|rule|Evasion Moves Clause: Evasion moves are banned
|rule|Evasion Abilities Clause: Evasion abilities are banned
|rule|Sleep Moves Clause: Sleep-inducing moves are banned
|clearpoke
|poke|p1|Maushold-Four|
|poke|p1|Zoroark-Hisui, M|
|poke|p1|Ditto|
|poke|p1|Arboliva, F|
|poke|p1|Meloetta|
|poke|p1|Smeargle, F|
|poke|p2|Grimmsnarl, M|
|poke|p2|Mismagius, F|
|poke|p2|Iron Hands|
|poke|p2|Gligar, F|
|poke|p2|Great Tusk|
|poke|p2|Regidrago|
|teampreview
|inactive|Battle timer is ON: inactive players will automatically lose when time's up. (requested by erupting fury)
|inactive|sailormooo also wants the timer to be on.
|
|t:|1758957509
|teamsize|p1|6
|teamsize|p2|6
|start
|switch|p1a: Pocahontas|Arboliva, F, shiny|100/100
|switch|p2a: Iron Hands|Iron Hands|100/100
|turn|1
|
|t:|1758957515
|move|p2a: Iron Hands|Ice Punch|p1a: Pocahontas
|-supereffective|p1a: Pocahontas
|-damage|p1a: Pocahontas|5/100
|-enditem|p1a: Pocahontas|Sitrus Berry|[eat]
|-heal|p1a: Pocahontas|30/100|[from] item: Sitrus Berry
|move|p1a: Pocahontas|Leech Seed|p2a: Iron Hands
|-start|p2a: Iron Hands|move: Leech Seed
|
|-damage|p2a: Iron Hands|88/100|[from] Leech Seed|[of] p1a: Pocahontas
|-heal|p1a: Pocahontas|48/100|[silent]
|-item|p1a: Pocahontas|Sitrus Berry|[from] ability: Harvest
|upkeep
|-enditem|p1a: Pocahontas|Sitrus Berry|[eat]
|-heal|p1a: Pocahontas|72/100|[from] item: Sitrus Berry
|turn|2
|
|t:|1758957521
|move|p2a: Iron Hands|Ice Punch|p1a: Pocahontas
|-supereffective|p1a: Pocahontas
|-damage|p1a: Pocahontas|0 fnt
|faint|p1a: Pocahontas
|
|upkeep
|
|t:|1758957531
|switch|p1a: Rapunzel|Smeargle, F, shiny|100/100
|turn|3
|
|t:|1758957534
|move|p1a: Rapunzel|Tidy Up|p1a: Rapunzel
|-boost|p1a: Rapunzel|atk|1
|-boost|p1a: Rapunzel|spe|1
|move|p2a: Iron Hands|Ice Punch|p1a: Rapunzel
|-enditem|p1a: Rapunzel|Focus Sash
|-damage|p1a: Rapunzel|1/100
|
|-damage|p2a: Iron Hands|76/100|[from] Leech Seed|[of] p1a: Rapunzel
|-heal|p1a: Rapunzel|26/100|[silent]
|upkeep
|turn|4
|
|t:|1758957537
|move|p1a: Rapunzel|Population Bomb|p2a: Iron Hands
|-damage|p2a: Iron Hands|70/100
|-damage|p2a: Iron Hands|64/100
|-damage|p2a: Iron Hands|58/100
|-damage|p2a: Iron Hands|53/100
|-damage|p2a: Iron Hands|46/100
|-damage|p2a: Iron Hands|41/100
|-damage|p2a: Iron Hands|35/100
|-damage|p2a: Iron Hands|29/100
|-damage|p2a: Iron Hands|24/100
|-damage|p2a: Iron Hands|19/100
|-hitcount|p2a: Iron Hands|10
|move|p2a: Iron Hands|Ice Punch|p1a: Rapunzel
|-damage|p1a: Rapunzel|0 fnt
|faint|p1a: Rapunzel
|
|upkeep
|
|t:|1758957541
|switch|p1a: Cinderella|Maushold-Four, shiny|100/100
|turn|5
|
|t:|1758957544
|move|p1a: Cinderella|Tidy Up|p1a: Cinderella
|-boost|p1a: Cinderella|atk|1
|-boost|p1a: Cinderella|spe|1
|move|p2a: Iron Hands|Ice Punch|p1a: Cinderella
|-damage|p1a: Cinderella|25/100
|
|-damage|p2a: Iron Hands|6/100|[from] Leech Seed|[of] p1a: Cinderella
|-heal|p1a: Cinderella|47/100|[silent]
|upkeep
|turn|6
|
|t:|1758957549
|move|p1a: Cinderella|Population Bomb|p2a: Iron Hands
|-damage|p2a: Iron Hands|0 fnt
|faint|p2a: Iron Hands
|-end|p2a: Iron Hands|Quark Drive|[silent]
|-hitcount|p2: Iron Hands|1
|
|upkeep
|
|t:|1758957553
|switch|p2a: Grimmsnarl|Grimmsnarl, M|100/100
|turn|7
|
|t:|1758957558
|move|p2a: Grimmsnarl|Taunt|p1a: Cinderella
|-start|p1a: Cinderella|move: Taunt
|move|p1a: Cinderella|Population Bomb|p2a: Grimmsnarl
|-damage|p2a: Grimmsnarl|79/100
|-damage|p2a: Grimmsnarl|58/100
|-damage|p2a: Grimmsnarl|39/100
|-damage|p2a: Grimmsnarl|18/100
|-damage|p2a: Grimmsnarl|0 fnt
|faint|p2a: Grimmsnarl
|-hitcount|p2: Grimmsnarl|5
|
|upkeep
|
|t:|1758957567
|switch|p2a: Mismagius|Mismagius, F|100/100
|turn|8
|
|t:|1758957580
|move|p1a: Cinderella|Aerial Ace|p2a: Mismagius
|-damage|p2a: Mismagius|32/100
|move|p2a: Mismagius|Thunderbolt|p1a: Cinderella
|-damage|p1a: Cinderella|0 fnt
|faint|p1a: Cinderella
|
|upkeep
|
|t:|1758957583
|switch|p1a: Snow White|Meloetta|100/100
|turn|9
|
|t:|1758957587
|move|p1a: Snow White|Nasty Plot|p1a: Snow White
|-boost|p1a: Snow White|spa|2
|move|p2a: Mismagius|Thunderbolt|p1a: Snow White
|-damage|p1a: Snow White|20/100
|replace|p1a: Belle|Zoroark-Hisui, M, shiny
|-end|p1a: Belle|Illusion
|
|upkeep
|turn|10
|
|t:|1758957593
|move|p1a: Belle|Shadow Ball|p2a: Mismagius
|-supereffective|p2a: Mismagius
|-damage|p2a: Mismagius|0 fnt
|faint|p2a: Mismagius
|
|upkeep
|
|t:|1758957595
|switch|p2a: Regidrago|Regidrago|100/100
|turn|11
|
|t:|1758957600
|-terastallize|p2a: Regidrago|Dragon
|move|p2a: Regidrago|Dragon Energy|p1a: Belle
|-damage|p1a: Belle|0 fnt
|faint|p1a: Belle
|
|upkeep
|
|t:|1758957605
|switch|p1a: Snow White|Meloetta|100/100
|turn|12
|
|t:|1758957607
|-terastallize|p1a: Snow White|Fairy
|move|p2a: Regidrago|Dragon Energy|p1a: Snow White
|-immune|p1a: Snow White
|move|p1a: Snow White|Calm Mind|p1a: Snow White
|-boost|p1a: Snow White|spa|1
|-boost|p1a: Snow White|spd|1
|
|upkeep
|turn|13
|
|t:|1758957613
|switch|p2a: Gligar|Gligar, F|100/100
|move|p1a: Snow White|Alluring Voice|p2a: Gligar
|-damage|p2a: Gligar|24/100
|
|upkeep
|turn|14
|
|t:|1758957618
|move|p1a: Snow White|Alluring Voice|p2a: Gligar
|-crit|p2a: Gligar
|-damage|p2a: Gligar|0 fnt
|faint|p2a: Gligar
|
|upkeep
|-message|erupting fury forfeited.
|
|win|sailormooo
|raw|sailormooo's rating: 1133 &rarr; <strong>1156</strong><br />(+23 for winning)
|raw|erupting fury's rating: 1111 &rarr; <strong>1088</strong><br />(-23 for losing)
|l|☆erupting fury
|player|p2|
|l|☆sailormooo
|player|p1|
