|badge|p1|bronze|gen9ou|100-6
|html|<div class="broadcast-red"><strong>This battle is required to be public due to one or more player having a season medal.</strong><br />During the public phase, you can discuss the state of the ladder <a href="/seasondiscussion">in a special chatroom.</a></div>
|uhtml|medal-msg|<div class="broadcast-blue">Curious what those medals under the avatar are? PS now has Ladder Seasons! For more information, check out the <a href="https://www.smogon.com/forums/threads/3740067/">thread on Smogon.</a></div>
|raw|<div class="broadcast-blue"><strong>This battle is required to be public due to a player having a name starting with 'medal'.</div>
|j|☆yesterdaymister
|j|☆Light SV
|t:|1759006657
|gametype|singles
|player|p1|yesterdaymister|striker|1830
|player|p2|Light SV|blue-gen7|1869
|gen|9
|tier|[Gen 9] OU
|rated|
|rule|HP Percentage Mod: HP is shown in percentages
|rule|Endless Battle Clause: Forcing endless battles is banned
|rule|Species Clause: Limit one of each Pokémon
|rule|OHKO Clause: OHKO moves are banned
|rule|Evasion Items Clause: Evasion items are banned
|rule|Evasion Moves Clause: Evasion moves are banned
|rule|Evasion Abilities Clause: Evasion abilities are banned
|rule|Sleep Moves Clause: Sleep-inducing moves are banned
|clearpoke
|poke|p1|Ninetales, F|
|poke|p1|Ceruledge, M|
|poke|p1|Venusaur, F|
|poke|p1|Hatterene, F|
|poke|p1|Great Tusk|
|poke|p1|Walking Wake|
|poke|p2|Blissey, F|
|poke|p2|Ursaluna, F|
|poke|p2|Toxapex, M|
|poke|p2|Gliscor, F|
|poke|p2|Dondozo, F|
|poke|p2|Corviknight, M|
|teampreview
|inactive|Battle timer is ON: inactive players will automatically lose when time's up. (requested by Light SV)
|inactive|yesterdaymister also wants the timer to be on.
|
|t:|1759006665
|teamsize|p1|6
|teamsize|p2|6
|start
|switch|p1a: arda guler|Ninetales, F|100/100
|switch|p2a: Ursaluna|Ursaluna, F|100/100
|-weather|SunnyDay|[from] ability: Drought|[of] p1a: arda guler
|turn|1
|
|t:|1759006674
|switch|p1a: maccabi|Hatterene, F|100/100
|move|p2a: Ursaluna|Bulk Up|p2a: Ursaluna
|-boost|p2a: Ursaluna|atk|1
|-boost|p2a: Ursaluna|def|1
|
|-weather|SunnyDay|[upkeep]
|upkeep
|turn|2
|j| Squallskip
|
|t:|1759006679
|move|p2a: Ursaluna|Bulk Up|p2a: Ursaluna
|-boost|p2a: Ursaluna|atk|1
|-boost|p2a: Ursaluna|def|1
|move|p1a: maccabi|Dazzling Gleam|p2a: Ursaluna
|-damage|p2a: Ursaluna|68/100
|
|-weather|SunnyDay|[upkeep]
|-heal|p2a: Ursaluna|74/100|[from] item: Leftovers
|upkeep
|turn|3
|
|t:|1759006685
|move|p2a: Ursaluna|Earthquake|p1a: maccabi
|-damage|p1a: maccabi|1/100
|-enditem|p1a: maccabi|Eject Button
|
|t:|1759006694
|switch|p1a: chama|Walking Wake|100/100
|-activate|p1a: chama|ability: Protosynthesis
|-start|p1a: chama|protosynthesisspa
|
|-weather|SunnyDay|[upkeep]
|-heal|p2a: Ursaluna|80/100|[from] item: Leftovers
|upkeep
|turn|4
|
|t:|1759006699
|switch|p2a: Toxapex|Toxapex, M|100/100
|-terastallize|p1a: chama|Water
|move|p1a: chama|Hydro Steam|p2a: Toxapex
|-resisted|p2a: Toxapex
|-damage|p2a: Toxapex|29/100
|
|-weather|SunnyDay|[upkeep]
|upkeep
|turn|5
|
|t:|1759006711
|switch|p2a: Blissey|Blissey, F|100/100
|move|p1a: chama|Hydro Steam|p2a: Blissey
|-damage|p2a: Blissey|44/100
|
|-weather|SunnyDay|[upkeep]
|upkeep
|turn|6
|
|t:|1759006718
|switch|p2a: Ursaluna|Ursaluna, F|80/100
|move|p1a: chama|Hydro Steam|p2a: Ursaluna
|-supereffective|p2a: Ursaluna
|-damage|p2a: Ursaluna|0 fnt
|faint|p2a: Ursaluna
|
|-weather|SunnyDay|[upkeep]
|upkeep
|
|t:|1759006722
|switch|p2a: Gliscor|Gliscor, F|100/100
|turn|7
|
|t:|1759006724
|move|p2a: Gliscor|Protect|p2a: Gliscor
|-singleturn|p2a: Gliscor|Protect
|move|p1a: chama|Hydro Steam|p2a: Gliscor
|-activate|p2a: Gliscor|move: Protect
|
|-weather|SunnyDay|[upkeep]
|-status|p2a: Gliscor|tox|[from] item: Toxic Orb
|upkeep
|turn|8
|
|t:|1759006731
|switch|p2a: Dondozo|Dondozo, F|100/100
|move|p1a: chama|Hydro Steam|p2a: Dondozo
|-resisted|p2a: Dondozo
|-damage|p2a: Dondozo|16/100
|
|-weather|none
|-end|p1a: chama|Protosynthesis
|upkeep
|turn|9
|
|t:|1759006742
|switch|p2a: Toxapex|Toxapex, M|62/100
|move|p1a: chama|Hydro Steam|p2a: Toxapex
|-resisted|p2a: Toxapex
|-damage|p2a: Toxapex|23/100
|
|upkeep
|turn|10
|
|t:|1759006747
|-end|p1a: chama|Protosynthesis|[silent]
|switch|p1a: arda guler|Ninetales, F|100/100
|-weather|SunnyDay|[from] ability: Drought|[of] p1a: arda guler
|switch|p2a: Dondozo|Dondozo, F|16/100
|
|-weather|SunnyDay|[upkeep]
|upkeep
|turn|11
|
|t:|1759006751
|switch|p1a: maccabi|Hatterene, F|1/100
|switch|p2a: Toxapex|Toxapex, M|56/100
|
|-weather|SunnyDay|[upkeep]
|upkeep
|turn|12
|
|t:|1759006755
|switch|p2a: Blissey|Blissey, F|44/100
|move|p1a: maccabi|Healing Wish|p1a: maccabi
|faint|p1a: maccabi
|
|-weather|SunnyDay|[upkeep]
|upkeep
|
|t:|1759006758
|switch|p1a: chama|Walking Wake, tera:Water|100/100
|-activate|p1a: chama|ability: Protosynthesis
|-start|p1a: chama|protosynthesisspa
|turn|13
|
|t:|1759006762
|switch|p2a: Dondozo|Dondozo, F|16/100
|move|p1a: chama|Hydro Steam|p2a: Dondozo
|-resisted|p2a: Dondozo
|-damage|p2a: Dondozo|0 fnt
|faint|p2a: Dondozo
|
|-weather|SunnyDay|[upkeep]
|upkeep
|
|t:|1759006764
|switch|p2a: Toxapex|Toxapex, M|89/100
|turn|14
|
|t:|1759006767
|move|p1a: chama|Hydro Steam|p2a: Toxapex
|-resisted|p2a: Toxapex
|-damage|p2a: Toxapex|15/100
|move|p2a: Toxapex|Toxic|p1a: chama
|-status|p1a: chama|tox
|
|-weather|SunnyDay|[upkeep]
|-damage|p1a: chama|94/100 tox|[from] psn
|upkeep
|turn|15
|
|t:|1759006772
|switch|p2a: Gliscor|Gliscor, F|100/100 tox
|move|p1a: chama|Hydro Steam|p2a: Gliscor
|-supereffective|p2a: Gliscor
|-damage|p2a: Gliscor|0 fnt
|faint|p2a: Gliscor
|
|-weather|SunnyDay|[upkeep]
|-damage|p1a: chama|82/100 tox|[from] psn
|upkeep
|
|t:|1759006779
|switch|p2a: Toxapex|Toxapex, M|49/100
|turn|16
|c|☆yesterdaymister|this has gotta be the craziest MU of all time
|
|t:|1759006790
|switch|p2a: Blissey|Blissey, F|44/100
|move|p1a: chama|Hydro Steam|p2a: Blissey
|-damage|p2a: Blissey|0 fnt
|faint|p2a: Blissey
|
|-weather|SunnyDay|[upkeep]
|-damage|p1a: chama|63/100 tox|[from] psn
|upkeep
|c|☆Light SV|it makes me wanna load hard stall
|
|t:|1759006808
|switch|p2a: Toxapex|Toxapex, M|82/100
|turn|17
|j| Disscratch
|
|t:|1759006819
|move|p1a: chama|Hydro Steam|p2a: Toxapex
|-resisted|p2a: Toxapex
|-crit|p2a: Toxapex
|-damage|p2a: Toxapex|0 fnt
|faint|p2a: Toxapex
|
|-weather|none
|-end|p1a: chama|Protosynthesis
|-damage|p1a: chama|39/100 tox|[from] psn
|upkeep
|-message|Light SV forfeited.
|
|win|yesterdaymister
|raw|yesterdaymister's rating: 1830 &rarr; <strong>1852</strong><br />(+22 for winning)
|raw|Light SV's rating: 1869 &rarr; <strong>1847</strong><br />(-22 for losing)
|l|☆Light SV
|player|p2|
|l| Disscratch
|l| Squallskip
