|j|‽XIXINANA
|j|☆Young Yamaka
|t:|1758931692
|gametype|singles
|player|p1|XIXINANA|nate|1296
|player|p2|Young Yamaka|101|1357
|gen|9
|tier|[Gen 9] OU
|rated|
|rule|HP Percentage Mod: HP is shown in percentages
|rule|Endless Battle Clause: Forcing endless battles is banned
|rule|Species Clause: Limit one of each Pokémon
|rule|OHKO Clause: OHKO moves are banned
|rule|Evasion Items Clause: Evasion items are banned
|rule|Evasion Moves Clause: Evasion moves are banned
|rule|Evasion Abilities Clause: Evasion abilities are banned
|rule|Sleep Moves Clause: Sleep-inducing moves are banned
|clearpoke
|poke|p1|Lycanroc-Midnight, M|
|poke|p1|Zoroark-Hisui, F|
|poke|p1|Ceruledge, F|
|poke|p1|Polteageist-Antique|
|poke|p1|Typhlosion-Hisui, F|
|poke|p1|Regidrago|
|poke|p2|Iron Crown|
|poke|p2|Ogerpon-Wellspring, F|
|poke|p2|Hatterene, F|
|poke|p2|Grimmsnarl, M|
|poke|p2|Zamazenta-*|
|poke|p2|Kingambit, F|
|teampreview
|
|t:|1758931708
|teamsize|p1|6
|teamsize|p2|6
|start
|switch|p1a: Lycanroc|Lycanroc-Midnight, M|100/100
|switch|p2a: Grimmsnarl|Grimmsnarl, M|100/100
|turn|1
|inactive|Battle timer is ON: inactive players will automatically lose when time's up. (requested by XIXINANA)
|
|t:|1758931735
|move|p2a: Grimmsnarl|Reflect|p2a: Grimmsnarl
|-sidestart|p2: Young Yamaka|Reflect
|move|p1a: Lycanroc|Stone Edge|p2a: Grimmsnarl
|-damage|p2a: Grimmsnarl|71/100
|-damage|p1a: Lycanroc|91/100|[from] item: Life Orb
|
|upkeep
|turn|2
|
|t:|1758931746
|move|p2a: Grimmsnarl|Parting Shot|p1a: Lycanroc
|-unboost|p1a: Lycanroc|atk|1
|-unboost|p1a: Lycanroc|spa|1
|
|t:|1758931752
|switch|p2a: Zamazenta|Zamazenta|100/100|[from] Parting Shot
|-ability|p2a: Zamazenta|Dauntless Shield|boost
|-boost|p2a: Zamazenta|def|1
|move|p1a: Lycanroc|Stone Edge|p2a: Zamazenta
|-resisted|p2a: Zamazenta
|-crit|p2a: Zamazenta
|-damage|p2a: Zamazenta|66/100
|-damage|p1a: Lycanroc|81/100|[from] item: Life Orb
|
|-heal|p2a: Zamazenta|72/100|[from] item: Leftovers
|upkeep
|turn|3
|
|t:|1758931778
|switch|p1a: Typhlosion|Typhlosion-Hisui, F|100/100
|-item|p2a: Zamazenta|Leftovers|[from] ability: Frisk|[of] p1a: Typhlosion
|move|p2a: Zamazenta|Iron Defense|p2a: Zamazenta
|-boost|p2a: Zamazenta|def|2
|
|-heal|p2a: Zamazenta|79/100|[from] item: Leftovers
|upkeep
|turn|4
|
|t:|1758931793
|-terastallize|p1a: Typhlosion|Fire
|move|p1a: Typhlosion|Eruption|p2a: Zamazenta
|-damage|p2a: Zamazenta|6/100
|move|p2a: Zamazenta|Crunch|p1a: Typhlosion
|-damage|p1a: Typhlosion|71/100
|
|-heal|p2a: Zamazenta|13/100|[from] item: Leftovers
|upkeep
|turn|5
|inactive|Young Yamaka has 120 seconds left.
|inactive|Young Yamaka has 90 seconds left.
|
|t:|1758931850
|move|p1a: Typhlosion|Eruption|p2a: Zamazenta
|-damage|p2a: Zamazenta|0 fnt
|faint|p2a: Zamazenta
|
|upkeep
|
|t:|1758931862
|switch|p2a: Grimmsnarl|Grimmsnarl, M|71/100
|turn|6
|
|t:|1758931867
|move|p2a: Grimmsnarl|Light Screen|p2a: Grimmsnarl
|-sidestart|p2: Young Yamaka|move: Light Screen
|move|p1a: Typhlosion|Eruption|p2a: Grimmsnarl
|-damage|p2a: Grimmsnarl|37/100
|
|upkeep
|turn|7
|l|‽XIXINANA
|inactive|XIXINANA disconnected and has a minute to reconnect!
|player|p1|
|j|‽XIXINANA
|inactive|XIXINANA reconnected and has 120 seconds left.
|player|p1|XIXINANA|nate|
|n|‽XIXINANA|xixinana
|
|t:|1758931903
|move|p2a: Grimmsnarl|Parting Shot|p1a: Typhlosion
|-unboost|p1a: Typhlosion|atk|1
|-unboost|p1a: Typhlosion|spa|1
|
|t:|1758931915
|switch|p2a: Ogerpon|Ogerpon-Wellspring, F|100/100|[from] Parting Shot
|move|p1a: Typhlosion|Eruption|p2a: Ogerpon
|-damage|p2a: Ogerpon|75/100
|
|upkeep
|turn|8
|inactive|XIXINANA has 120 seconds left.
|inactive|XIXINANA has 90 seconds left.
|
|t:|1758931955
|switch|p1a: Lycanroc|Lycanroc-Midnight, M|81/100
|move|p2a: Ogerpon|Knock Off|p1a: Lycanroc
|-damage|p1a: Lycanroc|31/100
|-enditem|p1a: Lycanroc|Life Orb|[from] move: Knock Off|[of] p2a: Ogerpon
|
|-sideend|p2: Young Yamaka|Reflect
|upkeep
|turn|9
|inactive|XIXINANA has 90 seconds left.
|
|t:|1758931966
|move|p1a: Lycanroc|Sucker Punch|p2a: Ogerpon
|-damage|p2a: Ogerpon|42/100
|move|p2a: Ogerpon|Horn Leech|p1a: Lycanroc
|-supereffective|p1a: Lycanroc
|-damage|p1a: Lycanroc|0 fnt
|-heal|p2a: Ogerpon|57/100|[from] drain|[of] p1a: Lycanroc
|faint|p1a: Lycanroc
|
|upkeep
|inactive|XIXINANA has 90 seconds left.
|
|t:|1758931991
|switch|p1a: Ceruledge|Ceruledge, F|100/100
|turn|10
|inactive|Young Yamaka has 90 seconds left.
|
|t:|1758932007
|move|p2a: Ogerpon|Ivy Cudgel|p1a: Ceruledge|[anim] Ivy Cudgel Water
|-supereffective|p1a: Ceruledge
|-enditem|p1a: Ceruledge|Focus Sash
|-damage|p1a: Ceruledge|1/100
|-ability|p1a: Ceruledge|Weak Armor|boost
|-unboost|p1a: Ceruledge|def|1
|-boost|p1a: Ceruledge|spe|2
|move|p1a: Ceruledge|Swords Dance|p1a: Ceruledge
|-boost|p1a: Ceruledge|atk|2
|
|upkeep
|turn|11
|l|‽XIXINANA
|inactive|XIXINANA disconnected and has a minute to reconnect!
|player|p1|
|inactive|Young Yamaka has 90 seconds left.
|j|‽XIXINANA
|inactive|XIXINANA reconnected and has 60 seconds left.
|player|p1|XIXINANA|nate|
|n|‽XIXINANA|xixinana
|l|‽XIXINANA
|inactive|XIXINANA disconnected and has a minute to reconnect!
|player|p1|
|j|‽XIXINANA
|inactive|XIXINANA reconnected and has 40 seconds left.
|player|p1|XIXINANA|nate|
|n|‽XIXINANA|xixinana
|
|t:|1758932051
|move|p1a: Ceruledge|Bitter Blade|p2a: Ogerpon
|-damage|p2a: Ogerpon|0 fnt
|-heal|p1a: Ceruledge|30/100|[from] drain|[of] p2a: Ogerpon
|faint|p2a: Ogerpon
|
|upkeep
|
|t:|1758932059
|switch|p2a: Kingambit|Kingambit, F|100/100
|-activate|p2a: Kingambit|ability: Supreme Overlord
|-start|p2a: Kingambit|fallen2|[silent]
|turn|12
|
|t:|1758932068
|move|p1a: Ceruledge|Shadow Sneak|p2a: Kingambit
|-resisted|p2a: Kingambit
|-crit|p2a: Kingambit
|-damage|p2a: Kingambit|75/100
|move|p2a: Kingambit|Sucker Punch||[still]
|-fail|p2a: Kingambit
|
|upkeep
|turn|13
|inactive|Young Yamaka has 90 seconds left.
|
|t:|1758932082
|move|p1a: Ceruledge|Shadow Sneak|p2a: Kingambit
|-resisted|p2a: Kingambit
|-damage|p2a: Kingambit|57/100
|move|p2a: Kingambit|Sucker Punch||[still]
|-fail|p2a: Kingambit
|
|-sideend|p2: Young Yamaka|move: Light Screen
|upkeep
|turn|14
|inactive|Young Yamaka has 90 seconds left.
|
|t:|1758932090
|move|p1a: Ceruledge|Bitter Blade|p2a: Kingambit
|-supereffective|p2a: Kingambit
|-damage|p2a: Kingambit|0 fnt
|-heal|p1a: Ceruledge|64/100|[from] drain|[of] p2a: Kingambit
|faint|p2a: Kingambit
|-end|p2a: Kingambit|fallen2|[silent]
|
|upkeep
|inactive|Young Yamaka has 90 seconds left.
|
|t:|1758932109
|switch|p2a: Grimmsnarl|Grimmsnarl, M|37/100
|turn|15
|
|t:|1758932115
|move|p2a: Grimmsnarl|Reflect|p2a: Grimmsnarl
|-sidestart|p2: Young Yamaka|Reflect
|move|p1a: Ceruledge|Bitter Blade|p2a: Grimmsnarl
|-damage|p2a: Grimmsnarl|0 fnt
|-heal|p1a: Ceruledge|88/100|[from] drain|[of] p2a: Grimmsnarl
|faint|p2a: Grimmsnarl
|
|upkeep
|
|t:|1758932124
|switch|p2a: Hatterene|Hatterene, F|100/100
|turn|16
|
|t:|1758932128
|move|p1a: Ceruledge|Poltergeist|p2a: Hatterene
|-activate|p2a: Hatterene|move: Poltergeist|Leftovers
|-supereffective|p2a: Hatterene
|-damage|p2a: Hatterene|4/100
|move|p2a: Hatterene|Nuzzle|p1a: Ceruledge
|-damage|p1a: Ceruledge|81/100
|-status|p1a: Ceruledge|par
|-ability|p1a: Ceruledge|Weak Armor|boost
|-unboost|p1a: Ceruledge|def|1
|-boost|p1a: Ceruledge|spe|2
|
|-heal|p2a: Hatterene|10/100|[from] item: Leftovers
|upkeep
|turn|17
|inactive|XIXINANA has 90 seconds left.
|inactive|Young Yamaka has 90 seconds left.
|
|t:|1758932146
|move|p1a: Ceruledge|Bitter Blade|p2a: Hatterene
|-damage|p2a: Hatterene|0 fnt
|-heal|p1a: Ceruledge|86/100 par|[from] drain|[of] p2a: Hatterene
|faint|p2a: Hatterene
|
|upkeep
|inactive|Young Yamaka has 90 seconds left.
|
|t:|1758932152
|switch|p2a: Iron Crown|Iron Crown|100/100
|turn|18
|inactive|XIXINANA has 90 seconds left.
|
|t:|1758932159
|move|p1a: Ceruledge|Bitter Blade|p2a: Iron Crown
|-supereffective|p2a: Iron Crown
|-damage|p2a: Iron Crown|0 fnt
|-heal|p1a: Ceruledge|100/100 par|[from] drain|[of] p2a: Iron Crown
|faint|p2a: Iron Crown
|-end|p2a: Iron Crown|Quark Drive|[silent]
|
|win|XIXINANA
|raw|XIXINANA's rating: 1296 &rarr; <strong>1325</strong><br />(+29 for winning)
|raw|Young Yamaka's rating: 1357 &rarr; <strong>1334</strong><br />(-23 for losing)
|l|☆Young Yamaka
|player|p2|
