|j|☆mermer213
|j|☆upover
|t:|1758965219
|gametype|singles
|player|p1|mermer213|102|1420
|player|p2|upover|rocketgrunt|1403
|gen|9
|tier|[Gen 9] OU
|rated|
|rule|HP Percentage Mod: HP is shown in percentages
|rule|Endless Battle Clause: Forcing endless battles is banned
|rule|Species Clause: Limit one of each Pokémon
|rule|OHKO Clause: OHKO moves are banned
|rule|Evasion Items Clause: Evasion items are banned
|rule|Evasion Moves Clause: Evasion moves are banned
|rule|Evasion Abilities Clause: Evasion abilities are banned
|rule|Sleep Moves Clause: Sleep-inducing moves are banned
|clearpoke
|poke|p1|Ninetales-Alola, F|
|poke|p1|Ogerpon-Wellspring, F|
|poke|p1|Great Tusk|
|poke|p1|Ting-Lu|
|poke|p1|Gholdengo|
|poke|p1|Moltres|
|poke|p2|Staraptor, F|
|poke|p2|Alomomola, M|
|poke|p2|Clodsire, F|
|poke|p2|Hatterene, F|
|poke|p2|Iron Treads|
|poke|p2|Ceruledge, M|
|teampreview
|inactive|Battle timer is ON: inactive players will automatically lose when time's up. (requested by upover)
|
|t:|1758965242
|teamsize|p1|6
|teamsize|p2|6
|start
|switch|p1a: Ninetales|Ninetales-Alola, F|100/100
|switch|p2a: Hatterene|Hatterene, F|100/100
|-weather|Snowscape|[from] ability: Snow Warning|[of] p1a: Ninetales
|turn|1
|
|t:|1758965266
|move|p1a: Ninetales|Aurora Veil|p1a: Ninetales
|-sidestart|p1: mermer213|move: Aurora Veil
|move|p2a: Hatterene|Calm Mind|p2a: Hatterene
|-boost|p2a: Hatterene|spa|1
|-boost|p2a: Hatterene|spd|1
|
|-weather|Snowscape|[upkeep]
|upkeep
|turn|2
|
|t:|1758965269
|move|p1a: Ninetales|Encore|p2a: Hatterene
|move|p2a: Hatterene|Encore||[from] ability: Magic Bounce|[still]
|-fail|p2a: Hatterene
|move|p2a: Hatterene|Mystical Fire|p1a: Ninetales
|-supereffective|p1a: Ninetales
|-damage|p1a: Ninetales|65/100
|-unboost|p1a: Ninetales|spa|1
|
|-weather|Snowscape|[upkeep]
|upkeep
|turn|3
|
|t:|1758965280
|switch|p1a: Ting-Lu|Ting-Lu|100/100
|-ability|p1a: Ting-Lu|Vessel of Ruin
|move|p2a: Hatterene|Calm Mind|p2a: Hatterene
|-boost|p2a: Hatterene|spa|1
|-boost|p2a: Hatterene|spd|1
|
|-weather|Snowscape|[upkeep]
|upkeep
|turn|4
|
|t:|1758965283
|move|p1a: Ting-Lu|Heavy Slam|p2a: Hatterene
|-supereffective|p2a: Hatterene
|-damage|p2a: Hatterene|53/100
|move|p2a: Hatterene|Draining Kiss|p1a: Ting-Lu
|-supereffective|p1a: Ting-Lu
|-damage|p1a: Ting-Lu|82/100
|-heal|p2a: Hatterene|75/100|[from] drain|[of] p1a: Ting-Lu
|
|-weather|Snowscape|[upkeep]
|-heal|p1a: Ting-Lu|88/100|[from] item: Leftovers
|-heal|p2a: Hatterene|81/100|[from] item: Leftovers
|upkeep
|turn|5
|
|t:|1758965293
|move|p1a: Ting-Lu|Heavy Slam|p2a: Hatterene
|-supereffective|p2a: Hatterene
|-damage|p2a: Hatterene|33/100
|move|p2a: Hatterene|Draining Kiss|p1a: Ting-Lu
|-supereffective|p1a: Ting-Lu
|-damage|p1a: Ting-Lu|68/100
|-heal|p2a: Hatterene|57/100|[from] drain|[of] p1a: Ting-Lu
|
|-weather|none
|-heal|p1a: Ting-Lu|75/100|[from] item: Leftovers
|-heal|p2a: Hatterene|63/100|[from] item: Leftovers
|upkeep
|turn|6
|
|t:|1758965298
|move|p1a: Ting-Lu|Heavy Slam|p2a: Hatterene
|-supereffective|p2a: Hatterene
|-damage|p2a: Hatterene|11/100
|move|p2a: Hatterene|Draining Kiss|p1a: Ting-Lu
|-supereffective|p1a: Ting-Lu
|-damage|p1a: Ting-Lu|58/100
|-heal|p2a: Hatterene|32/100|[from] drain|[of] p1a: Ting-Lu
|
|-heal|p1a: Ting-Lu|64/100|[from] item: Leftovers
|-heal|p2a: Hatterene|38/100|[from] item: Leftovers
|upkeep
|turn|7
|
|t:|1758965305
|switch|p2a: Alomomola|Alomomola, M|100/100
|move|p1a: Ting-Lu|Heavy Slam|p2a: Alomomola
|-resisted|p2a: Alomomola
|-damage|p2a: Alomomola|92/100
|-damage|p1a: Ting-Lu|47/100|[from] item: Rocky Helmet|[of] p2a: Alomomola
|
|-heal|p1a: Ting-Lu|53/100|[from] item: Leftovers
|upkeep
|turn|8
|
|t:|1758965317
|move|p2a: Alomomola|Wish|p2a: Alomomola
|move|p1a: Ting-Lu|Spikes|p2a: Alomomola
|-sidestart|p2: upover|Spikes
|
|-heal|p1a: Ting-Lu|60/100|[from] item: Leftovers
|-sideend|p1: mermer213|move: Aurora Veil
|upkeep
|turn|9
|
|t:|1758965322
|move|p2a: Alomomola|Flip Turn|p1a: Ting-Lu
|-supereffective|p1a: Ting-Lu
|-damage|p1a: Ting-Lu|43/100
|
|t:|1758965335
|switch|p2a: Hatterene|Hatterene, F|38/100|[from] Flip Turn
|-damage|p2a: Hatterene|26/100|[from] Spikes
|move|p1a: Ting-Lu|Spikes|p2a: Hatterene
|move|p2a: Hatterene|Spikes|p1a: Ting-Lu|[from] ability: Magic Bounce
|-sidestart|p1: mermer213|Spikes
|
|-heal|p2a: Hatterene|100/100|[from] move: Wish|[wisher] Alomomola
|-heal|p1a: Ting-Lu|50/100|[from] item: Leftovers
|upkeep
|turn|10
|
|t:|1758965354
|-terastallize|p1a: Ting-Lu|Poison
|move|p1a: Ting-Lu|Heavy Slam|p2a: Hatterene
|-supereffective|p2a: Hatterene
|-damage|p2a: Hatterene|55/100
|move|p2a: Hatterene|Draining Kiss|p1a: Ting-Lu
|-resisted|p1a: Ting-Lu
|-damage|p1a: Ting-Lu|45/100
|-heal|p2a: Hatterene|60/100|[from] drain|[of] p1a: Ting-Lu
|
|-heal|p1a: Ting-Lu|51/100|[from] item: Leftovers
|-heal|p2a: Hatterene|66/100|[from] item: Leftovers
|upkeep
|turn|11
|
|t:|1758965374
|switch|p1a: Gholdengo|Gholdengo|100/100
|-damage|p1a: Gholdengo|88/100|[from] Spikes
|move|p2a: Hatterene|Psyshock|p1a: Gholdengo
|-resisted|p1a: Gholdengo
|-damage|p1a: Gholdengo|67/100
|
|-heal|p2a: Hatterene|72/100|[from] item: Leftovers
|upkeep
|turn|12
|
|t:|1758965388
|switch|p2a: Clodsire|Clodsire, F|100/100
|-damage|p2a: Clodsire|88/100|[from] Spikes
|move|p1a: Gholdengo|Make It Rain|p2a: Clodsire
|-damage|p2a: Clodsire|52/100
|-unboost|p1a: Gholdengo|spa|1
|
|-heal|p2a: Clodsire|58/100|[from] item: Leftovers
|upkeep
|turn|13
|
|t:|1758965399
|switch|p1a: Great Tusk|Great Tusk|100/100
|move|p2a: Clodsire|Earthquake|p1a: Great Tusk
|-damage|p1a: Great Tusk|82/100
|
|-heal|p2a: Clodsire|65/100|[from] item: Leftovers
|upkeep
|turn|14
|
|t:|1758965412
|switch|p2a: Alomomola|Alomomola, M|100/100
|-damage|p2a: Alomomola|88/100|[from] Spikes
|move|p1a: Great Tusk|Headlong Rush|p2a: Alomomola
|-damage|p2a: Alomomola|57/100
|-unboost|p1a: Great Tusk|def|1
|-unboost|p1a: Great Tusk|spd|1
|-damage|p1a: Great Tusk|65/100|[from] item: Rocky Helmet|[of] p2a: Alomomola
|
|upkeep
|turn|15
|
|t:|1758965421
|move|p1a: Great Tusk|Rapid Spin|p2a: Alomomola
|-damage|p2a: Alomomola|48/100
|-boost|p1a: Great Tusk|spe|1
|-damage|p1a: Great Tusk|49/100|[from] item: Rocky Helmet|[of] p2a: Alomomola
|-sideend|p1: mermer213|Spikes|[from] move: Rapid Spin|[of] p1a: Great Tusk
|move|p2a: Alomomola|Wish|p2a: Alomomola
|
|upkeep
|turn|16
|
|t:|1758965433
|move|p1a: Great Tusk|Knock Off|p2a: Alomomola
|-damage|p2a: Alomomola|31/100
|-damage|p1a: Great Tusk|32/100|[from] item: Rocky Helmet|[of] p2a: Alomomola
|-enditem|p2a: Alomomola|Rocky Helmet|[from] move: Knock Off|[of] p1a: Great Tusk
|move|p2a: Alomomola|Flip Turn|p1a: Great Tusk
|-supereffective|p1a: Great Tusk
|-damage|p1a: Great Tusk|0 fnt
|faint|p1a: Great Tusk
|-end|p1a: Great Tusk|Protosynthesis|[silent]
|
|t:|1758965443
|switch|p2a: Hatterene|Hatterene, F|72/100|[from] Flip Turn
|-damage|p2a: Hatterene|60/100|[from] Spikes
|
|-heal|p2a: Hatterene|100/100|[from] move: Wish|[wisher] Alomomola
|upkeep
|
|t:|1758965456
|switch|p1a: Gholdengo|Gholdengo|67/100
|turn|17
|
|t:|1758965466
|-terastallize|p2a: Hatterene|Steel
|move|p1a: Gholdengo|Make It Rain|p2a: Hatterene
|-resisted|p2a: Hatterene
|-damage|p2a: Hatterene|70/100
|-unboost|p1a: Gholdengo|spa|1
|move|p2a: Hatterene|Mystical Fire|p1a: Gholdengo
|-supereffective|p1a: Gholdengo
|-damage|p1a: Gholdengo|12/100
|-unboost|p1a: Gholdengo|spa|1
|
|-heal|p2a: Hatterene|76/100|[from] item: Leftovers
|upkeep
|turn|18
|
|t:|1758965482
|switch|p1a: Ting-Lu|Ting-Lu, tera:Poison|51/100
|-ability|p1a: Ting-Lu|Vessel of Ruin
|move|p2a: Hatterene|Calm Mind|p2a: Hatterene
|-boost|p2a: Hatterene|spa|1
|-boost|p2a: Hatterene|spd|1
|
|-heal|p1a: Ting-Lu|58/100|[from] item: Leftovers
|-heal|p2a: Hatterene|82/100|[from] item: Leftovers
|upkeep
|turn|19
|
|t:|1758965488
|move|p1a: Ting-Lu|Earthquake|p2a: Hatterene
|-supereffective|p2a: Hatterene
|-damage|p2a: Hatterene|21/100
|move|p2a: Hatterene|Psyshock|p1a: Ting-Lu
|-supereffective|p1a: Ting-Lu
|-damage|p1a: Ting-Lu|16/100
|
|-heal|p1a: Ting-Lu|22/100|[from] item: Leftovers
|-heal|p2a: Hatterene|27/100|[from] item: Leftovers
|upkeep
|turn|20
|
|t:|1758965498
|switch|p2a: Staraptor|Staraptor, F|100/100
|move|p1a: Ting-Lu|Earthquake|p2a: Staraptor
|-immune|p2a: Staraptor
|
|-heal|p1a: Ting-Lu|28/100|[from] item: Leftovers
|upkeep
|turn|21
|
|t:|1758965505
|switch|p1a: Moltres|Moltres|100/100
|-ability|p1a: Moltres|Pressure
|move|p2a: Staraptor|Brave Bird|p1a: Moltres
|-damage|p1a: Moltres|51/100
|-damage|p2a: Staraptor|80/100|[from] Recoil
|
|upkeep
|turn|22
|
|t:|1758965511
|move|p2a: Staraptor|Brave Bird|p1a: Moltres
|-damage|p1a: Moltres|4/100
|-damage|p2a: Staraptor|61/100|[from] Recoil
|move|p1a: Moltres|Roost|p1a: Moltres
|-heal|p1a: Moltres|54/100
|-singleturn|p1a: Moltres|move: Roost
|
|upkeep
|turn|23
|
|t:|1758965522
|switch|p2a: Alomomola|Alomomola, M|64/100
|-damage|p2a: Alomomola|52/100|[from] Spikes
|move|p1a: Moltres|Roost|p1a: Moltres
|-heal|p1a: Moltres|100/100
|-singleturn|p1a: Moltres|move: Roost
|
|upkeep
|turn|24
|
|t:|1758965530
|move|p1a: Moltres|U-turn|p2a: Alomomola
|-damage|p2a: Alomomola|43/100
|
|t:|1758965534
|switch|p1a: Ogerpon|Ogerpon-Wellspring, F|100/100|[from] U-turn
|move|p2a: Alomomola|Wish|p2a: Alomomola
|
|upkeep
|turn|25
|
|t:|1758965542
|move|p2a: Alomomola|Protect|p2a: Alomomola
|-singleturn|p2a: Alomomola|Protect
|move|p1a: Ogerpon|Swords Dance|p1a: Ogerpon
|-boost|p1a: Ogerpon|atk|2
|
|-heal|p2a: Alomomola|93/100|[from] move: Wish|[wisher] Alomomola
|upkeep
|turn|26
|
|t:|1758965571
|switch|p2a: Clodsire|Clodsire, F|65/100
|-damage|p2a: Clodsire|52/100|[from] Spikes
|move|p1a: Ogerpon|Trailblaze|p2a: Clodsire
|-damage|p2a: Clodsire|22/100
|-boost|p1a: Ogerpon|spe|1
|
|-heal|p2a: Clodsire|28/100|[from] item: Leftovers
|upkeep
|turn|27
|
|t:|1758965586
|move|p1a: Ogerpon|Ivy Cudgel|p2a: Clodsire|[anim] Ivy Cudgel Water
|-supereffective|p2a: Clodsire
|-damage|p2a: Clodsire|0 fnt
|faint|p2a: Clodsire
|
|upkeep
|
|t:|1758965592
|switch|p2a: Staraptor|Staraptor, F|61/100
|turn|28
|
|t:|1758965602
|move|p2a: Staraptor|Brave Bird|p1a: Ogerpon
|-supereffective|p1a: Ogerpon
|-damage|p1a: Ogerpon|0 fnt
|faint|p1a: Ogerpon
|-damage|p2a: Staraptor|22/100|[from] Recoil
|
|upkeep
|
|t:|1758965613
|switch|p1a: Moltres|Moltres|100/100
|-ability|p1a: Moltres|Pressure
|turn|29
|
|t:|1758965617
|switch|p2a: Alomomola|Alomomola, M|100/100
|-damage|p2a: Alomomola|88/100|[from] Spikes
|move|p1a: Moltres|Roost||[still]
|-fail|p1a: Moltres|heal
|
|upkeep
|turn|30
|
|t:|1758965622
|move|p1a: Moltres|U-turn|p2a: Alomomola
|-damage|p2a: Alomomola|80/100
|
|t:|1758965627
|switch|p1a: Gholdengo|Gholdengo|12/100|[from] U-turn
|move|p2a: Alomomola|Wish|p2a: Alomomola
|
|upkeep
|turn|31
|
|t:|1758965636
|move|p1a: Gholdengo|Shadow Ball|p2a: Alomomola
|-damage|p2a: Alomomola|28/100
|move|p2a: Alomomola|Flip Turn|p1a: Gholdengo
|-damage|p1a: Gholdengo|0 fnt
|faint|p1a: Gholdengo
|
|t:|1758965645
|switch|p2a: Staraptor|Staraptor, F|22/100|[from] Flip Turn
|
|-heal|p2a: Staraptor|100/100|[from] move: Wish|[wisher] Alomomola
|upkeep
|
|t:|1758965652
|switch|p1a: Moltres|Moltres|100/100
|-ability|p1a: Moltres|Pressure
|turn|32
|
|t:|1758965659
|switch|p2a: Alomomola|Alomomola, M|62/100
|-damage|p2a: Alomomola|49/100|[from] Spikes
|move|p1a: Moltres|Will-O-Wisp|p2a: Alomomola|[miss]
|-miss|p1a: Moltres|p2a: Alomomola
|
|upkeep
|turn|33
|
|t:|1758965665
|move|p1a: Moltres|Will-O-Wisp|p2a: Alomomola
|-status|p2a: Alomomola|brn
|move|p2a: Alomomola|Wish|p2a: Alomomola
|
|-damage|p2a: Alomomola|43/100 brn|[from] brn
|upkeep
|turn|34
|
|t:|1758965679
|switch|p1a: Ninetales|Ninetales-Alola, F|65/100
|-weather|Snowscape|[from] ability: Snow Warning|[of] p1a: Ninetales
|move|p2a: Alomomola|Body Slam|p1a: Ninetales
|-damage|p1a: Ninetales|59/100
|
|-weather|Snowscape|[upkeep]
|-heal|p2a: Alomomola|93/100 brn|[from] move: Wish|[wisher] Alomomola
|-damage|p2a: Alomomola|87/100 brn|[from] brn
|upkeep
|turn|35
|
|t:|1758965694
|move|p1a: Ninetales|Moonblast|p2a: Alomomola
|-damage|p2a: Alomomola|56/100 brn
|-unboost|p2a: Alomomola|spa|1
|move|p2a: Alomomola|Wish|p2a: Alomomola
|
|-weather|Snowscape|[upkeep]
|-damage|p2a: Alomomola|50/100 brn|[from] brn
|upkeep
|turn|36
|
|t:|1758965700
|move|p1a: Ninetales|Encore|p2a: Alomomola
|-start|p2a: Alomomola|Encore
|move|p2a: Alomomola|Wish||[still]
|-fail|p2a: Alomomola
|
|-weather|Snowscape|[upkeep]
|-heal|p2a: Alomomola|99/100 brn|[from] move: Wish|[wisher] Alomomola
|-damage|p2a: Alomomola|94/100 brn|[from] brn
|upkeep
|turn|37
|
|t:|1758965707
|move|p1a: Ninetales|Moonblast|p2a: Alomomola
|-damage|p2a: Alomomola|62/100 brn
|-unboost|p2a: Alomomola|spa|1
|move|p2a: Alomomola|Wish|p2a: Alomomola
|
|-weather|Snowscape|[upkeep]
|-damage|p2a: Alomomola|56/100 brn|[from] brn
|upkeep
|turn|38
|
|t:|1758965717
|switch|p2a: Iron Treads|Iron Treads|100/100
|-item|p2a: Iron Treads|Air Balloon
|move|p1a: Ninetales|Moonblast|p2a: Iron Treads
|-resisted|p2a: Iron Treads
|-damage|p2a: Iron Treads|80/100
|-enditem|p2a: Iron Treads|Air Balloon
|
|-weather|none
|-heal|p2a: Iron Treads|100/100|[from] move: Wish|[wisher] Alomomola
|upkeep
|turn|39
|
|t:|1758965730
|switch|p1a: Moltres|Moltres|100/100
|-ability|p1a: Moltres|Pressure
|move|p2a: Iron Treads|Stealth Rock|p1a: Moltres
|-sidestart|p1: mermer213|move: Stealth Rock
|
|upkeep
|turn|40
|
|t:|1758965738
|-end|p2a: Iron Treads|Quark Drive|[silent]
|switch|p2a: Alomomola|Alomomola, M|89/100 brn
|-damage|p2a: Alomomola|77/100 brn|[from] Spikes
|move|p1a: Moltres|Will-O-Wisp|p2a: Alomomola
|-fail|p2a: Alomomola|brn
|
|-damage|p2a: Alomomola|71/100 brn|[from] brn
|upkeep
|turn|41
|
|t:|1758965747
|move|p1a: Moltres|Brave Bird|p2a: Alomomola
|-damage|p2a: Alomomola|48/100 brn
|-damage|p1a: Moltres|90/100|[from] Recoil
|move|p2a: Alomomola|Wish|p2a: Alomomola
|
|-damage|p2a: Alomomola|42/100 brn|[from] brn
|upkeep
|turn|42
|
|t:|1758965759
|move|p1a: Moltres|Brave Bird|p2a: Alomomola
|-damage|p2a: Alomomola|19/100 brn
|-damage|p1a: Moltres|80/100|[from] Recoil
|move|p2a: Alomomola|Flip Turn|p1a: Moltres
|-supereffective|p1a: Moltres
|-damage|p1a: Moltres|68/100
|
|t:|1758965761
|switch|p2a: Hatterene|Hatterene, F, tera:Steel|27/100|[from] Flip Turn
|-damage|p2a: Hatterene|15/100|[from] Spikes
|
|-heal|p2a: Hatterene|99/100|[from] move: Wish|[wisher] Alomomola
|-heal|p2a: Hatterene|100/100|[from] item: Leftovers
|upkeep
|turn|43
|
|t:|1758965777
|move|p1a: Moltres|U-turn|p2a: Hatterene
|-resisted|p2a: Hatterene
|-damage|p2a: Hatterene|94/100
|
|t:|1758965780
|switch|p1a: Ting-Lu|Ting-Lu, tera:Poison|28/100|[from] U-turn
|-damage|p1a: Ting-Lu|16/100|[from] Stealth Rock
|-ability|p1a: Ting-Lu|Vessel of Ruin
|move|p2a: Hatterene|Psyshock|p1a: Ting-Lu
|-supereffective|p1a: Ting-Lu
|-damage|p1a: Ting-Lu|0 fnt
|faint|p1a: Ting-Lu
|
|-heal|p2a: Hatterene|99/100|[from] item: Leftovers
|upkeep
|-message|mermer213 forfeited.
|
|win|upover
|raw|mermer213's rating: 1420 &rarr; <strong>1399</strong><br />(-21 for losing)
|raw|upover's rating: 1403 &rarr; <strong>1424</strong><br />(+21 for winning)
|l|☆mermer213
|player|p1|
|l|☆upover
|player|p2|
