|j|☆Mr.X&Y97
|j|☆Mr.villains
|t:|1758990047
|gametype|singles
|player|p1|Mr.X&Y97|ingo|1619
|player|p2|Mr.villains|cynthia-gen4|1525
|gen|9
|tier|[Gen 9] OU
|rated|
|rule|HP Percentage Mod: HP is shown in percentages
|rule|Endless Battle Clause: Forcing endless battles is banned
|rule|Species Clause: Limit one of each Pokémon
|rule|OHKO Clause: OHKO moves are banned
|rule|Evasion Items Clause: Evasion items are banned
|rule|Evasion Moves Clause: Evasion moves are banned
|rule|Evasion Abilities Clause: Evasion abilities are banned
|rule|Sleep Moves Clause: Sleep-inducing moves are banned
|clearpoke
|poke|p1|Ursaluna, M|
|poke|p1|Hatterene, F|
|poke|p1|Keldeo-Resolute|
|poke|p1|Cresselia, F|
|poke|p1|Iron Valiant|
|poke|p1|Ogerpon, F|
|poke|p2|Darkrai|
|poke|p2|Primarina, F|
|poke|p2|Dragonite, M|
|poke|p2|Enamorus, F|
|poke|p2|Kingambit, M|
|poke|p2|Glimmora, F|
|teampreview
|inactive|Battle timer is ON: inactive players will automatically lose when time's up. (requested by Mr.X&Y97)
|
|t:|1758990062
|teamsize|p1|6
|teamsize|p2|6
|start
|switch|p1a: Keldeo|Keldeo-Resolute|100/100
|switch|p2a: Kingambit|Kingambit, M|100/100
|turn|1
|
|t:|1758990069
|-end|p2a: Kingambit|fallenundefined|[silent]
|switch|p2a: Primarina|Primarina, F|100/100
|move|p1a: Keldeo|Flip Turn|p2a: Primarina
|-resisted|p2a: Primarina
|-damage|p2a: Primarina|92/100
|
|t:|1758990071
|switch|p1a: Ogerpon|Ogerpon, F|100/100|[from] Flip Turn
|
|-heal|p2a: Primarina|98/100|[from] item: Leftovers
|upkeep
|turn|2
|
|t:|1758990075
|switch|p1a: Ursaluna|Ursaluna, M|100/100
|switch|p2a: Glimmora|Glimmora, F|100/100
|
|-status|p1a: Ursaluna|brn|[from] item: Flame Orb
|upkeep
|turn|3
|
|t:|1758990101
|switch|p1a: Hatterene|Hatterene, F|100/100
|move|p2a: Glimmora|Stealth Rock|p1a: Hatterene
|move|p1a: Hatterene|Stealth Rock|p2a: Glimmora|[from] ability: Magic Bounce
|-sidestart|p2: Mr.villains|move: Stealth Rock
|
|upkeep
|turn|4
|
|t:|1758990110
|move|p2a: Glimmora|Mortal Spin|p1a: Hatterene
|-supereffective|p1a: Hatterene
|-damage|p1a: Hatterene|87/100
|-status|p1a: Hatterene|psn
|-sideend|p2: Mr.villains|Stealth Rock|[from] move: Mortal Spin|[of] p2a: Glimmora
|move|p1a: Hatterene|Trick Room|p1a: Hatterene
|-fieldstart|move: Trick Room|[of] p1a: Hatterene
|
|-damage|p1a: Hatterene|74/100 psn|[from] psn
|upkeep
|turn|5
|
|t:|1758990126
|switch|p1a: Ursaluna|Ursaluna, M|100/100 brn
|switch|p2a: Kingambit|Kingambit, M|100/100
|
|-damage|p1a: Ursaluna|94/100 brn|[from] brn
|upkeep
|turn|6
|
|t:|1758990133
|-end|p2a: Kingambit|fallenundefined|[silent]
|switch|p2a: Glimmora|Glimmora, F|100/100
|move|p1a: Ursaluna|Supercell Slam|p2a: Glimmora
|-damage|p2a: Glimmora|45/100
|-activate|p2a: Glimmora|ability: Toxic Debris
|-sidestart|p1: Mr.X&Y97|move: Toxic Spikes
|-enditem|p2a: Glimmora|Red Card|[of] p1a: Ursaluna
|drag|p1a: Keldeo|Keldeo-Resolute|100/100
|-status|p1a: Keldeo|psn
|
|-damage|p1a: Keldeo|88/100 psn|[from] psn
|upkeep
|turn|7
|
|t:|1758990144
|move|p2a: Glimmora|Dazzling Gleam|p1a: Keldeo
|-supereffective|p1a: Keldeo
|-damage|p1a: Keldeo|25/100 psn
|move|p1a: Keldeo|Flip Turn|p2a: Glimmora
|-supereffective|p2a: Glimmora
|-damage|p2a: Glimmora|19/100
|-activate|p2a: Glimmora|ability: Toxic Debris
|-sidestart|p1: Mr.X&Y97|move: Toxic Spikes
|
|t:|1758990150
|switch|p1a: Ursaluna|Ursaluna, M|94/100 brn|[from] Flip Turn
|
|-damage|p1a: Ursaluna|88/100 brn|[from] brn
|upkeep
|turn|8
|
|t:|1758990157
|move|p1a: Ursaluna|Facade|p2a: Glimmora
|-resisted|p2a: Glimmora
|-damage|p2a: Glimmora|0 fnt
|faint|p2a: Glimmora
|
|-damage|p1a: Ursaluna|82/100 brn|[from] brn
|-fieldend|move: Trick Room
|upkeep
|
|t:|1758990162
|switch|p2a: Kingambit|Kingambit, M|100/100
|-activate|p2a: Kingambit|ability: Supreme Overlord
|-start|p2a: Kingambit|fallen1|[silent]
|turn|9
|
|t:|1758990170
|move|p2a: Kingambit|Low Kick|p1a: Ursaluna
|-supereffective|p1a: Ursaluna
|-damage|p1a: Ursaluna|8/100 brn
|move|p1a: Ursaluna|Headlong Rush|p2a: Kingambit
|-supereffective|p2a: Kingambit
|-damage|p2a: Kingambit|0 fnt
|-unboost|p1a: Ursaluna|def|1
|-unboost|p1a: Ursaluna|spd|1
|faint|p2a: Kingambit
|-end|p2a: Kingambit|fallen1|[silent]
|
|-damage|p1a: Ursaluna|2/100 brn|[from] brn
|upkeep
|
|t:|1758990183
|switch|p2a: Dragonite|Dragonite, M|100/100
|turn|10
|
|t:|1758990188
|switch|p1a: Hatterene|Hatterene, F|74/100 psn
|move|p2a: Dragonite|Ice Spinner|p1a: Hatterene
|-damage|p1a: Hatterene|40/100 psn
|
|-damage|p1a: Hatterene|28/100 psn|[from] psn
|upkeep
|turn|11
|
|t:|1758990197
|move|p2a: Dragonite|Ice Spinner|p1a: Hatterene
|-damage|p1a: Hatterene|0 fnt
|faint|p1a: Hatterene
|
|upkeep
|
|t:|1758990198
|switch|p1a: Cresselia|Cresselia, F|100/100
|turn|12
|
|t:|1758990205
|move|p2a: Dragonite|Dragon Dance|p2a: Dragonite
|-boost|p2a: Dragonite|atk|1
|-boost|p2a: Dragonite|spe|1
|move|p1a: Cresselia|Ice Beam|p2a: Dragonite
|-supereffective|p2a: Dragonite
|-damage|p2a: Dragonite|65/100
|-status|p2a: Dragonite|frz
|
|upkeep
|turn|13
|
|t:|1758990211
|-terastallize|p2a: Dragonite|Fairy
|cant|p2a: Dragonite|frz
|move|p1a: Cresselia|Trick Room|p1a: Cresselia
|-fieldstart|move: Trick Room|[of] p1a: Cresselia
|
|upkeep
|turn|14
|
|t:|1758990218
|move|p1a: Cresselia|Lunar Dance|p1a: Cresselia
|faint|p1a: Cresselia
|cant|p2a: Dragonite|frz
|
|upkeep
|
|t:|1758990220
|switch|p1a: Ursaluna|Ursaluna, M|2/100 brn
|-heal|p1a: Ursaluna|100/100|[from] move: Lunar Dance
|-status|p1a: Ursaluna|tox
|turn|15
|
|t:|1758990228
|-curestatus|p2a: Dragonite|frz|[msg]
|move|p2a: Dragonite|Extreme Speed|p1a: Ursaluna
|-damage|p1a: Ursaluna|70/100 tox
|move|p1a: Ursaluna|Facade|p2a: Dragonite
|-damage|p2a: Dragonite|0 fnt
|faint|p2a: Dragonite
|
|-damage|p1a: Ursaluna|64/100 tox|[from] psn
|upkeep
|-message|Mr.villains forfeited.
|
|win|Mr.X&Y97
|raw|Mr.X&amp;Y97's rating: 1619 &rarr; <strong>1634</strong><br />(+15 for winning)
|raw|Mr.villains's rating: 1525 &rarr; <strong>1510</strong><br />(-15 for losing)
|l|☆Mr.villains
|player|p2|
