|j|☆HotWalnuts
|j|☆PrincessGardevoir
|t:|1759031905
|gametype|singles
|player|p1|HotWalnuts|266|1573
|player|p2|PrincessGardevoir|yancy|1710
|gen|9
|tier|[Gen 9] OU
|rated|
|rule|HP Percentage Mod: HP is shown in percentages
|rule|Endless Battle Clause: Forcing endless battles is banned
|rule|Species Clause: Limit one of each Pokémon
|rule|OHKO Clause: OHKO moves are banned
|rule|Evasion Items Clause: Evasion items are banned
|rule|Evasion Moves Clause: Evasion moves are banned
|rule|Evasion Abilities Clause: Evasion abilities are banned
|rule|Sleep Moves Clause: Sleep-inducing moves are banned
|clearpoke
|poke|p1|Moltres|
|poke|p1|Zamazenta-*|
|poke|p1|Darkrai|
|poke|p1|Hydrapple, M|
|poke|p1|Ting-Lu|
|poke|p1|Tinkaton, F|
|poke|p2|Pecharunt|
|poke|p2|Darkrai|
|poke|p2|Zapdos|
|poke|p2|Zamazenta-*|
|poke|p2|Gholdengo|
|poke|p2|Ceruledge, F|
|teampreview
|c|☆PrincessGardevoir|hf
|c|☆HotWalnuts|u2
|
|t:|1759031932
|teamsize|p1|6
|teamsize|p2|6
|start
|switch|p1a: Tinkaton|Tinkaton, F|100/100
|switch|p2a: Death|Darkrai, shiny|100/100
|-ability|p1a: Tinkaton|Mold Breaker
|-item|p1a: Tinkaton|Air Balloon
|turn|1
|
|t:|1759031940
|switch|p2a: The Magician|Zapdos|100/100
|move|p1a: Tinkaton|Thunder Wave|p2a: The Magician
|-immune|p2a: The Magician
|
|upkeep
|turn|2
|
|t:|1759031943
|switch|p1a: Ting-Lu|Ting-Lu|100/100
|-ability|p1a: Ting-Lu|Vessel of Ruin
|move|p2a: The Magician|Volt Switch|p1a: Ting-Lu
|-immune|p1a: Ting-Lu
|
|upkeep
|turn|3
|
|t:|1759031950
|move|p2a: The Magician|Hurricane|p1a: Ting-Lu
|-crit|p1a: Ting-Lu
|-damage|p1a: Ting-Lu|73/100
|-start|p1a: Ting-Lu|confusion
|-activate|p1a: Ting-Lu|confusion
|-damage|p1a: Ting-Lu|68/100|[from] confusion
|
|-heal|p1a: Ting-Lu|74/100|[from] item: Leftovers
|upkeep
|turn|4
|
|t:|1759031956
|switch|p2a: Justice|Pecharunt|100/100
|-activate|p1a: Ting-Lu|confusion
|move|p1a: Ting-Lu|Spikes|p2a: Justice
|-sidestart|p2: PrincessGardevoir|Spikes
|
|-heal|p1a: Ting-Lu|80/100|[from] item: Leftovers
|upkeep
|turn|5
|
|t:|1759031962
|switch|p1a: Tinkaton|Tinkaton, F|100/100
|-ability|p1a: Tinkaton|Mold Breaker
|-item|p1a: Tinkaton|Air Balloon
|move|p2a: Justice|Malignant Chain|p1a: Tinkaton
|-immune|p1a: Tinkaton
|
|upkeep
|turn|6
|
|t:|1759031966
|switch|p2a: The Magician|Zapdos|100/100
|move|p1a: Tinkaton|Stealth Rock|p2a: The Magician
|-sidestart|p2: PrincessGardevoir|move: Stealth Rock
|
|upkeep
|turn|7
|
|t:|1759031970
|switch|p1a: Ting-Lu|Ting-Lu|80/100
|-ability|p1a: Ting-Lu|Vessel of Ruin
|move|p2a: The Magician|Hurricane|p1a: Ting-Lu
|-damage|p1a: Ting-Lu|62/100
|
|-heal|p1a: Ting-Lu|68/100|[from] item: Leftovers
|upkeep
|turn|8
|
|t:|1759031974
|move|p2a: The Magician|Hurricane|p1a: Ting-Lu
|-damage|p1a: Ting-Lu|49/100
|-start|p1a: Ting-Lu|confusion
|-activate|p1a: Ting-Lu|confusion
|move|p1a: Ting-Lu|Ruination|p2a: The Magician
|-damage|p2a: The Magician|51/100
|
|-heal|p1a: Ting-Lu|55/100|[from] item: Leftovers
|upkeep
|turn|9
|
|t:|1759031985
|move|p2a: The Magician|Hurricane|p1a: Ting-Lu
|-damage|p1a: Ting-Lu|36/100
|-activate|p1a: Ting-Lu|confusion
|-damage|p1a: Ting-Lu|31/100|[from] confusion
|
|-heal|p1a: Ting-Lu|37/100|[from] item: Leftovers
|upkeep
|turn|10
|
|t:|1759031992
|move|p2a: The Magician|Roost|p2a: The Magician
|-heal|p2a: The Magician|100/100
|-singleturn|p2a: The Magician|move: Roost
|-activate|p1a: Ting-Lu|confusion
|move|p1a: Ting-Lu|Whirlwind|p2a: The Magician
|drag|p2a: The Empress|Ceruledge, F|100/100
|
|-heal|p1a: Ting-Lu|43/100|[from] item: Leftovers
|upkeep
|turn|11
|
|t:|1759032007
|switch|p2a: The Magician|Zapdos|100/100
|-activate|p1a: Ting-Lu|confusion
|move|p1a: Ting-Lu|Ruination|p2a: The Magician
|-damage|p2a: The Magician|51/100
|
|-heal|p1a: Ting-Lu|49/100|[from] item: Leftovers
|upkeep
|turn|12
|inactive|Battle timer is ON: inactive players will automatically lose when time's up. (requested by PrincessGardevoir)
|
|t:|1759032056
|switch|p1a: Tinkaton|Tinkaton, F|100/100
|-ability|p1a: Tinkaton|Mold Breaker
|-item|p1a: Tinkaton|Air Balloon
|move|p2a: The Magician|Hurricane|p1a: Tinkaton
|-resisted|p1a: Tinkaton
|-damage|p1a: Tinkaton|81/100
|-enditem|p1a: Tinkaton|Air Balloon
|
|upkeep
|turn|13
|
|t:|1759032068
|move|p1a: Tinkaton|Gigaton Hammer|p2a: The Magician
|-resisted|p2a: The Magician
|-damage|p2a: The Magician|34/100
|move|p2a: The Magician|Roost|p2a: The Magician
|-heal|p2a: The Magician|85/100
|-singleturn|p2a: The Magician|move: Roost
|
|upkeep
|turn|14
|
|t:|1759032071
|move|p1a: Tinkaton|Encore|p2a: The Magician
|-start|p2a: The Magician|Encore
|move|p2a: The Magician|Roost|p2a: The Magician
|-heal|p2a: The Magician|100/100
|-singleturn|p2a: The Magician|move: Roost
|
|upkeep
|turn|15
|
|t:|1759032083
|switch|p1a: Darkrai|Darkrai, shiny|100/100
|switch|p2a: Justice|Pecharunt|100/100
|
|upkeep
|turn|16
|
|t:|1759032090
|switch|p2a: Judgement|Zamazenta|100/100
|-ability|p2a: Judgement|Dauntless Shield|boost
|-boost|p2a: Judgement|def|1
|move|p1a: Darkrai|Knock Off|p2a: Judgement
|-resisted|p2a: Judgement
|-damage|p2a: Judgement|92/100
|-enditem|p2a: Judgement|Heavy-Duty Boots|[from] move: Knock Off|[of] p1a: Darkrai
|
|upkeep
|turn|17
|
|t:|1759032094
|switch|p1a: Moltres|Moltres|100/100
|move|p2a: Judgement|Stone Edge|p1a: Moltres
|-supereffective|p1a: Moltres
|-damage|p1a: Moltres|8/100
|
|upkeep
|turn|18
|
|t:|1759032102
|move|p2a: Judgement|Close Combat|p1a: Moltres
|-resisted|p1a: Moltres
|-damage|p1a: Moltres|0 fnt
|-unboost|p2a: Judgement|def|1
|-unboost|p2a: Judgement|spd|1
|faint|p1a: Moltres
|
|upkeep
|
|t:|1759032106
|switch|p1a: Hydrapple|Hydrapple, M|100/100
|turn|19
|
|t:|1759032116
|switch|p2a: The Magician|Zapdos|100/100
|move|p1a: Hydrapple|Giga Drain|p2a: The Magician
|-resisted|p2a: The Magician
|-damage|p2a: The Magician|83/100
|
|upkeep
|turn|20
|
|t:|1759032136
|-terastallize|p1a: Hydrapple|Poison
|move|p2a: The Magician|Hurricane|p1a: Hydrapple
|-damage|p1a: Hydrapple|53/100
|-start|p1a: Hydrapple|confusion
|-activate|p1a: Hydrapple|confusion
|-damage|p1a: Hydrapple|50/100|[from] confusion
|
|upkeep
|turn|21
|
|t:|1759032145
|switch|p1a: Ting-Lu|Ting-Lu|49/100
|-ability|p1a: Ting-Lu|Vessel of Ruin
|move|p2a: The Magician|Thunder Wave|p1a: Ting-Lu
|-immune|p1a: Ting-Lu
|
|-heal|p1a: Ting-Lu|56/100|[from] item: Leftovers
|upkeep
|turn|22
|
|t:|1759032151
|switch|p2a: Death|Darkrai, shiny|100/100
|move|p1a: Ting-Lu|Spikes|p2a: Death
|-sidestart|p2: PrincessGardevoir|Spikes
|
|-heal|p1a: Ting-Lu|62/100|[from] item: Leftovers
|upkeep
|turn|23
|
|t:|1759032154
|switch|p1a: Tinkaton|Tinkaton, F|81/100
|-ability|p1a: Tinkaton|Mold Breaker
|move|p2a: Death|Will-O-Wisp|p1a: Tinkaton
|-status|p1a: Tinkaton|brn
|
|-damage|p1a: Tinkaton|74/100 brn|[from] brn
|upkeep
|turn|24
|
|t:|1759032170
|switch|p2a: Justice|Pecharunt|100/100
|switch|p1a: Darkrai|Darkrai, shiny|100/100
|
|upkeep
|turn|25
|
|t:|1759032175
|switch|p2a: Judgement|Zamazenta|92/100
|-damage|p2a: Judgement|76/100|[from] Spikes
|-damage|p2a: Judgement|70/100|[from] Stealth Rock
|move|p1a: Darkrai|Dark Pulse|p2a: Judgement
|-resisted|p2a: Judgement
|-crit|p2a: Judgement
|-damage|p2a: Judgement|41/100
|
|upkeep
|turn|26
|
|t:|1759032181
|switch|p1a: Hydrapple|Hydrapple, M, tera:Poison|83/100
|move|p2a: Judgement|Close Combat|p1a: Hydrapple
|-resisted|p1a: Hydrapple
|-crit|p1a: Hydrapple
|-damage|p1a: Hydrapple|57/100
|-unboost|p2a: Judgement|def|1
|-unboost|p2a: Judgement|spd|1
|
|upkeep
|turn|27
|
|t:|1759032192
|switch|p2a: The Empress|Ceruledge, F|100/100
|switch|p1a: Darkrai|Darkrai, shiny|100/100
|
|upkeep
|turn|28
|
|t:|1759032201
|-terastallize|p2a: The Empress|Bug
|move|p1a: Darkrai|Dark Pulse|p2a: The Empress
|-damage|p2a: The Empress|59/100
|move|p2a: The Empress|Bitter Blade|p1a: Darkrai
|-damage|p1a: Darkrai|34/100
|-heal|p2a: The Empress|86/100|[from] drain|[of] p1a: Darkrai
|
|upkeep
|turn|29
|
|t:|1759032211
|switch|p1a: Ting-Lu|Ting-Lu|62/100
|-ability|p1a: Ting-Lu|Vessel of Ruin
|move|p2a: The Empress|Bitter Blade|p1a: Ting-Lu
|-damage|p1a: Ting-Lu|33/100
|-heal|p2a: The Empress|100/100|[from] drain|[of] p1a: Ting-Lu
|
|-heal|p1a: Ting-Lu|39/100|[from] item: Leftovers
|upkeep
|turn|30
|
|t:|1759032218
|move|p2a: The Empress|Bitter Blade|p1a: Ting-Lu
|-damage|p1a: Ting-Lu|13/100
|move|p1a: Ting-Lu|Ruination|p2a: The Empress
|-damage|p2a: The Empress|50/100
|
|-heal|p1a: Ting-Lu|19/100|[from] item: Leftovers
|upkeep
|turn|31
|
|t:|1759032223
|move|p2a: The Empress|Bitter Blade|p1a: Ting-Lu
|-damage|p1a: Ting-Lu|0 fnt
|-heal|p2a: The Empress|64/100|[from] drain|[of] p1a: Ting-Lu
|faint|p1a: Ting-Lu
|
|upkeep
|
|t:|1759032232
|switch|p1a: Zamazenta|Zamazenta|100/100
|-ability|p1a: Zamazenta|Dauntless Shield|boost
|-boost|p1a: Zamazenta|def|1
|turn|32
|
|t:|1759032235
|move|p1a: Zamazenta|Stone Edge|p2a: The Empress
|-supereffective|p2a: The Empress
|-damage|p2a: The Empress|0 fnt
|faint|p2a: The Empress
|
|upkeep
|
|t:|1759032242
|switch|p2a: Justice|Pecharunt|100/100
|turn|33
|
|t:|1759032245
|switch|p1a: Tinkaton|Tinkaton, F|74/100 brn
|-ability|p1a: Tinkaton|Mold Breaker
|move|p2a: Justice|Hex|p1a: Tinkaton
|-damage|p1a: Tinkaton|26/100 brn
|
|-damage|p1a: Tinkaton|19/100 brn|[from] brn
|upkeep
|turn|34
|
|t:|1759032251
|move|p1a: Tinkaton|Thunder Wave|p2a: Justice
|-status|p2a: Justice|par
|move|p2a: Justice|Malignant Chain|p1a: Tinkaton
|-immune|p1a: Tinkaton
|
|-damage|p1a: Tinkaton|13/100 brn|[from] brn
|upkeep
|turn|35
|
|t:|1759032257
|move|p1a: Tinkaton|Encore|p2a: Justice
|-start|p2a: Justice|Encore
|move|p2a: Justice|Malignant Chain|p1a: Tinkaton
|-immune|p1a: Tinkaton
|
|-damage|p1a: Tinkaton|7/100 brn|[from] brn
|upkeep
|turn|36
|
|t:|1759032266
|switch|p1a: Darkrai|Darkrai, shiny|34/100
|switch|p2a: The Magician|Zapdos|83/100
|
|upkeep
|turn|37
|
|t:|1759032270
|move|p1a: Darkrai|Ice Beam|p2a: The Magician
|-supereffective|p2a: The Magician
|-damage|p2a: The Magician|14/100
|move|p2a: The Magician|Volt Switch|p1a: Darkrai
|-damage|p1a: Darkrai|0 fnt
|faint|p1a: Darkrai
|
|t:|1759032280
|switch|p2a: Justice|Pecharunt|100/100 par|[from] Volt Switch
|
|upkeep
|
|t:|1759032289
|switch|p1a: Hydrapple|Hydrapple, M, tera:Poison|90/100
|turn|38
|
|t:|1759032308
|move|p2a: Justice|Hex|p1a: Hydrapple
|-damage|p1a: Hydrapple|65/100
|move|p1a: Hydrapple|Nasty Plot|p1a: Hydrapple
|-boost|p1a: Hydrapple|spa|2
|
|upkeep
|turn|39
|
|t:|1759032313
|cant|p2a: Justice|par
|move|p1a: Hydrapple|Earth Power|p2a: Justice
|-supereffective|p2a: Justice
|-damage|p2a: Justice|0 fnt
|faint|p2a: Justice
|
|upkeep
|
|t:|1759032319
|switch|p2a: Death|Darkrai, shiny|100/100
|turn|40
|
|t:|1759032324
|move|p2a: Death|Dark Pulse|p1a: Hydrapple
|-damage|p1a: Hydrapple|22/100
|move|p1a: Hydrapple|Giga Drain|p2a: Death
|-damage|p2a: Death|18/100
|-heal|p1a: Hydrapple|50/100|[from] drain|[of] p2a: Death
|
|upkeep
|turn|41
|
|t:|1759032337
|move|p2a: Death|Ice Beam|p1a: Hydrapple
|-crit|p1a: Hydrapple
|-damage|p1a: Hydrapple|2/100
|move|p1a: Hydrapple|Giga Drain|p2a: Death
|-damage|p2a: Death|0 fnt
|-heal|p1a: Hydrapple|8/100|[from] drain|[of] p2a: Death
|faint|p2a: Death
|
|upkeep
|
|t:|1759032343
|switch|p2a: The World|Gholdengo|100/100
|-damage|p2a: The World|94/100|[from] Stealth Rock
|-item|p2a: The World|Air Balloon
|turn|42
|
|t:|1759032348
|switch|p1a: Tinkaton|Tinkaton, F|7/100 brn
|-ability|p1a: Tinkaton|Mold Breaker
|move|p2a: The World|Shadow Ball|p1a: Tinkaton
|-damage|p1a: Tinkaton|0 fnt
|faint|p1a: Tinkaton
|
|upkeep
|
|t:|1759032366
|switch|p1a: Zamazenta|Zamazenta|100/100
|turn|43
|
|t:|1759032369
|switch|p2a: The Magician|Zapdos|14/100
|move|p1a: Zamazenta|Crunch|p2a: The Magician
|-damage|p2a: The Magician|0 fnt
|faint|p2a: The Magician
|
|upkeep
|
|t:|1759032372
|switch|p2a: Judgement|Zamazenta|41/100
|-damage|p2a: Judgement|24/100|[from] Spikes
|-damage|p2a: Judgement|18/100|[from] Stealth Rock
|turn|44
|
|t:|1759032378
|switch|p1a: Hydrapple|Hydrapple, M, tera:Poison|41/100
|move|p2a: Judgement|Close Combat|p1a: Hydrapple
|-resisted|p1a: Hydrapple
|-damage|p1a: Hydrapple|24/100
|-unboost|p2a: Judgement|def|1
|-unboost|p2a: Judgement|spd|1
|
|upkeep
|turn|45
|
|t:|1759032383
|move|p2a: Judgement|Close Combat|p1a: Hydrapple
|-resisted|p1a: Hydrapple
|-damage|p1a: Hydrapple|7/100
|-unboost|p2a: Judgement|def|1
|-unboost|p2a: Judgement|spd|1
|move|p1a: Hydrapple|Giga Drain|p2a: Judgement
|-damage|p2a: Judgement|0 fnt
|-heal|p1a: Hydrapple|14/100|[from] drain|[of] p2a: Judgement
|faint|p2a: Judgement
|
|upkeep
|
|t:|1759032385
|switch|p2a: The World|Gholdengo|94/100
|-damage|p2a: The World|88/100|[from] Stealth Rock
|-item|p2a: The World|Air Balloon
|turn|46
|
|t:|1759032387
|move|p2a: The World|Nasty Plot|p2a: The World
|-boost|p2a: The World|spa|2
|move|p1a: Hydrapple|Giga Drain|p2a: The World
|-resisted|p2a: The World
|-damage|p2a: The World|70/100
|-heal|p1a: Hydrapple|21/100|[from] drain|[of] p2a: The World
|-enditem|p2a: The World|Air Balloon
|
|upkeep
|turn|47
|
|t:|1759032390
|move|p2a: The World|Shadow Ball|p1a: Hydrapple
|-damage|p1a: Hydrapple|0 fnt
|faint|p1a: Hydrapple
|
|upkeep
|
|t:|1759032392
|switch|p1a: Zamazenta|Zamazenta|100/100
|turn|48
|
|t:|1759032395
|move|p1a: Zamazenta|Crunch|p2a: The World
|-supereffective|p2a: The World
|-damage|p2a: The World|13/100
|move|p2a: The World|Make It Rain|p1a: Zamazenta
|-damage|p1a: Zamazenta|0 fnt
|-unboost|p2a: The World|spa|1
|faint|p1a: Zamazenta
|
|win|PrincessGardevoir
|raw|HotWalnuts's rating: 1573 &rarr; <strong>1561</strong><br />(-12 for losing)
|raw|PrincessGardevoir's rating: 1710 &rarr; <strong>1722</strong><br />(+12 for winning)
|c|☆HotWalnuts|gg
|c|☆PrincessGardevoir|gg
|l|☆HotWalnuts
|player|p1|
|l|☆PrincessGardevoir
|player|p2|
