|j|☆EnjoyedSiren
|j|☆atsushi123+
|t:|1759045297
|gametype|singles
|player|p1|EnjoyedSiren|giovanni|1186
|player|p2|atsushi123+|n-masters3|1114
|gen|9
|tier|[Gen 9] OU
|rated|
|rule|HP Percentage Mod: HP is shown in percentages
|rule|Endless Battle Clause: Forcing endless battles is banned
|rule|Species Clause: Limit one of each Pokémon
|rule|OHKO Clause: OHKO moves are banned
|rule|Evasion Items Clause: Evasion items are banned
|rule|Evasion Moves Clause: Evasion moves are banned
|rule|Evasion Abilities Clause: Evasion abilities are banned
|rule|Sleep Moves Clause: Sleep-inducing moves are banned
|clearpoke
|poke|p1|Sawsbuck-Autumn, F|
|poke|p1|Armarouge, F|
|poke|p1|Torkoal, F|
|poke|p1|Primarina, F|
|poke|p1|Basculegion, M|
|poke|p1|Pelipper, M|
|poke|p2|Farigiraf, M|
|poke|p2|Hariyama, F|
|poke|p2|Kingambit, F|
|poke|p2|Hatterene, F|
|poke|p2|Ursaluna, F|
|poke|p2|Porygon2|
|teampreview
|inactive|Battle timer is ON: inactive players will automatically lose when time's up. (requested by EnjoyedSiren)
|
|t:|1759045307
|teamsize|p1|6
|teamsize|p2|6
|start
|switch|p1a: Armarouge|Armarouge, F|100/100
|switch|p2a: Hatterene|Hatterene, F|100/100
|turn|1
|
|t:|1759045316
|move|p1a: Armarouge|Calm Mind|p1a: Armarouge
|-boost|p1a: Armarouge|spa|1
|-boost|p1a: Armarouge|spd|1
|move|p2a: Hatterene|Trick Room|p2a: Hatterene
|-fieldstart|move: Trick Room|[of] p2a: Hatterene
|
|upkeep
|turn|2
|
|t:|1759045324
|move|p2a: Hatterene|Healing Wish|p2a: Hatterene
|faint|p2a: Hatterene
|move|p1a: Armarouge|Calm Mind|p1a: Armarouge
|-boost|p1a: Armarouge|spa|1
|-boost|p1a: Armarouge|spd|1
|
|upkeep
|
|t:|1759045330
|switch|p2a: Ursaluna|Ursaluna, F|100/100
|turn|3
|
|t:|1759045341
|move|p2a: Ursaluna|Headlong Rush|p1a: Armarouge
|-supereffective|p1a: Armarouge
|-enditem|p1a: Armarouge|Focus Sash
|-damage|p1a: Armarouge|1/100
|-unboost|p2a: Ursaluna|def|1
|-unboost|p2a: Ursaluna|spd|1
|-ability|p1a: Armarouge|Weak Armor|boost
|-unboost|p1a: Armarouge|def|1
|-boost|p1a: Armarouge|spe|2
|move|p1a: Armarouge|Armor Cannon|p2a: Ursaluna
|-damage|p2a: Ursaluna|0 fnt
|-unboost|p1a: Armarouge|def|1
|-unboost|p1a: Armarouge|spd|1
|faint|p2a: Ursaluna
|
|upkeep
|
|t:|1759045364
|switch|p2a: Farigiraf|Farigiraf, M|100/100
|turn|4
|
|t:|1759045375
|move|p2a: Farigiraf|Shadow Ball|p1a: Armarouge
|-supereffective|p1a: Armarouge
|-damage|p1a: Armarouge|0 fnt
|faint|p1a: Armarouge
|
|upkeep
|
|t:|1759045378
|switch|p1a: Torkoal|Torkoal, F|100/100
|-weather|SunnyDay|[from] ability: Drought|[of] p1a: Torkoal
|turn|5
|inactive|atsushi123+ has 120 seconds left.
|
|t:|1759045401
|move|p1a: Torkoal|Lava Plume|p2a: Farigiraf
|-crit|p2a: Farigiraf
|-damage|p2a: Farigiraf|61/100
|-status|p2a: Farigiraf|brn
|move|p2a: Farigiraf|Hyper Voice|p1a: Torkoal
|-damage|p1a: Torkoal|37/100
|
|-weather|SunnyDay|[upkeep]
|-damage|p2a: Farigiraf|55/100 brn|[from] brn
|-fieldend|move: Trick Room
|upkeep
|turn|6
|inactive|atsushi123+ has 120 seconds left.
|
|t:|1759045419
|switch|p1a: Pelipper|Pelipper, M|100/100
|-weather|RainDance|[from] ability: Drizzle|[of] p1a: Pelipper
|move|p2a: Farigiraf|Psychic|p1a: Pelipper
|-damage|p1a: Pelipper|39/100
|
|-weather|RainDance|[upkeep]
|-damage|p2a: Farigiraf|49/100 brn|[from] brn
|upkeep
|turn|7
|inactive|atsushi123+ has 120 seconds left.
|
|t:|1759045440
|move|p1a: Pelipper|Weather Ball|p2a: Farigiraf
|-damage|p2a: Farigiraf|0 fnt
|faint|p2a: Farigiraf
|
|-weather|RainDance|[upkeep]
|upkeep
|
|t:|1759045450
|switch|p2a: Kingambit|Kingambit, F|100/100
|-activate|p2a: Kingambit|ability: Supreme Overlord
|-start|p2a: Kingambit|fallen3|[silent]
|turn|8
|
|t:|1759045457
|move|p1a: Pelipper|Weather Ball|p2a: Kingambit
|-damage|p2a: Kingambit|29/100
|move|p2a: Kingambit|Swords Dance|p2a: Kingambit
|-boost|p2a: Kingambit|atk|2
|
|-weather|RainDance|[upkeep]
|upkeep
|turn|9
|
|t:|1759045466
|move|p2a: Kingambit|Sucker Punch|p1a: Pelipper
|-damage|p1a: Pelipper|0 fnt
|faint|p1a: Pelipper
|
|-weather|RainDance|[upkeep]
|upkeep
|
|t:|1759045477
|switch|p1a: Basculegion|Basculegion, M|100/100
|turn|10
|inactive|atsushi123+ has 120 seconds left.
|
|t:|1759045494
|-end|p2a: Kingambit|fallen3|[silent]
|switch|p2a: Porygon2|Porygon2|100/100
|-ability|p2a: Porygon2|Swift Swim|Trace|[from] ability: Trace|[of] p1a: Basculegion
|-terastallize|p1a: Basculegion|Water
|move|p1a: Basculegion|Wave Crash|p2a: Porygon2
|-damage|p2a: Porygon2|7/100
|-damage|p1a: Basculegion|70/100|[from] Recoil
|
|-weather|RainDance|[upkeep]
|upkeep
|turn|11
|inactive|atsushi123+ has 120 seconds left.
|
|t:|1759045501
|move|p1a: Basculegion|Wave Crash|p2a: Porygon2
|-damage|p2a: Porygon2|0 fnt
|faint|p2a: Porygon2
|-damage|p1a: Basculegion|68/100|[from] Recoil
|
|-weather|RainDance|[upkeep]
|upkeep
|inactive|atsushi123+ has 120 seconds left.
|
|t:|1759045509
|switch|p2a: Kingambit|Kingambit, F|29/100
|-heal|p2a: Kingambit|100/100|[from] move: Healing Wish
|-activate|p2a: Kingambit|ability: Supreme Overlord
|-start|p2a: Kingambit|fallen4|[silent]
|turn|12
|
|t:|1759045516
|move|p2a: Kingambit|Sucker Punch|p1a: Basculegion
|-damage|p1a: Basculegion|0 fnt
|faint|p1a: Basculegion
|
|-weather|RainDance|[upkeep]
|upkeep
|
|t:|1759045519
|switch|p1a: Primarina|Primarina, F|100/100
|turn|13
|
|t:|1759045526
|move|p1a: Primarina|Hyper Voice|p2a: Kingambit
|-damage|p2a: Kingambit|39/100
|move|p2a: Kingambit|Iron Head|p1a: Primarina
|-damage|p1a: Primarina|3/100
|
|-weather|none
|upkeep
|turn|14
|
|t:|1759045540
|switch|p1a: Torkoal|Torkoal, F|37/100
|-weather|SunnyDay|[from] ability: Drought|[of] p1a: Torkoal
|move|p2a: Kingambit|Sucker Punch||[still]
|-fail|p2a: Kingambit
|
|-weather|SunnyDay|[upkeep]
|upkeep
|turn|15
|
|t:|1759045548
|move|p2a: Kingambit|Kowtow Cleave|p1a: Torkoal
|-damage|p1a: Torkoal|0 fnt
|faint|p1a: Torkoal
|
|-weather|SunnyDay|[upkeep]
|upkeep
|
|t:|1759045551
|switch|p1a: Sawsbuck|Sawsbuck-Autumn, F|100/100
|turn|16
|
|t:|1759045557
|move|p1a: Sawsbuck|Wild Charge|p2a: Kingambit
|-damage|p2a: Kingambit|12/100
|-damage|p1a: Sawsbuck|92/100|[from] Recoil
|-damage|p1a: Sawsbuck|82/100|[from] item: Life Orb
|move|p2a: Kingambit|Kowtow Cleave|p1a: Sawsbuck
|-damage|p1a: Sawsbuck|0 fnt
|faint|p1a: Sawsbuck
|
|-weather|SunnyDay|[upkeep]
|upkeep
|-message|EnjoyedSiren forfeited.
|
|win|atsushi123+
|raw|EnjoyedSiren's rating: 1186 &rarr; <strong>1156</strong><br />(-30 for losing)
|raw|atsushi123+'s rating: 1114 &rarr; <strong>1144</strong><br />(+30 for winning)
|l|☆EnjoyedSiren
|player|p1|
