|j|☆Tatacool
|j|☆findmyhair
|t:|1758978865
|gametype|singles
|player|p1|Tatacool|265|1086
|player|p2|findmyhair|acetrainercouple|1063
|gen|9
|tier|[Gen 9] OU
|rated|
|rule|HP Percentage Mod: HP is shown in percentages
|rule|Endless Battle Clause: Forcing endless battles is banned
|rule|Species Clause: Limit one of each Pokémon
|rule|OHKO Clause: OHKO moves are banned
|rule|Evasion Items Clause: Evasion items are banned
|rule|Evasion Moves Clause: Evasion moves are banned
|rule|Evasion Abilities Clause: Evasion abilities are banned
|rule|Sleep Moves Clause: Sleep-inducing moves are banned
|clearpoke
|poke|p1|Minior-Orange|
|poke|p1|Grimmsnarl, M|
|poke|p1|Alomomola, M|
|poke|p1|Comfey, F|
|poke|p1|Gholdengo|
|poke|p1|Great Tusk|
|poke|p2|Cresselia, F|
|poke|p2|Slowking-Galar, M|
|poke|p2|Iron Hands|
|poke|p2|Ursaluna, M|
|poke|p2|Crawdaunt, F|
|poke|p2|Klefki, M|
|teampreview
|inactive|Battle timer is ON: inactive players will automatically lose when time's up. (requested by findmyhair)
|
|t:|1758978868
|teamsize|p1|6
|teamsize|p2|6
|start
|switch|p1a: Maria|Great Tusk|100/100
|switch|p2a: Klefki|Klefki, M|100/100
|turn|1
|
|t:|1758978873
|move|p2a: Klefki|Reflect|p2a: Klefki
|-sidestart|p2: findmyhair|Reflect
|move|p1a: Maria|Body Press|p2a: Klefki
|-damage|p2a: Klefki|80/100
|
|upkeep
|turn|2
|
|t:|1758978877
|move|p2a: Klefki|Spikes|p1a: Maria
|-sidestart|p1: Tatacool|Spikes
|move|p1a: Maria|Stealth Rock|p2a: Klefki
|-sidestart|p2: findmyhair|move: Stealth Rock
|
|upkeep
|turn|3
|
|t:|1758978881
|move|p2a: Klefki|Spikes|p1a: Maria
|-sidestart|p1: Tatacool|Spikes
|move|p1a: Maria|Rapid Spin|p2a: Klefki
|-resisted|p2a: Klefki
|-damage|p2a: Klefki|77/100
|-boost|p1a: Maria|spe|1
|-sideend|p1: Tatacool|Spikes|[from] move: Rapid Spin|[of] p1a: Maria
|
|upkeep
|turn|4
|
|t:|1758978889
|switch|p2a: Cresselia|Cresselia, F|100/100
|-damage|p2a: Cresselia|88/100|[from] Stealth Rock
|move|p1a: Maria|Roar|p2a: Cresselia
|drag|p2a: Slowking|Slowking-Galar, M|100/100
|-damage|p2a: Slowking|88/100|[from] Stealth Rock
|
|-heal|p2a: Slowking|94/100|[from] item: Black Sludge
|upkeep
|turn|5
|
|t:|1758978898
|-end|p1a: Maria|Protosynthesis|[silent]
|switch|p1a: Grimmsnarl|Grimmsnarl, M|100/100
|switch|p2a: Cresselia|Cresselia, F|88/100
|-damage|p2a: Cresselia|76/100|[from] Stealth Rock
|
|upkeep
|turn|6
|
|t:|1758978904
|move|p1a: Grimmsnarl|Light Screen|p1a: Grimmsnarl
|-sidestart|p1: Tatacool|move: Light Screen
|move|p2a: Cresselia|Trick Room|p2a: Cresselia
|-fieldstart|move: Trick Room|[of] p2a: Cresselia
|
|upkeep
|turn|7
|
|t:|1758978909
|switch|p2a: Ursaluna|Ursaluna, M|100/100
|-damage|p2a: Ursaluna|94/100|[from] Stealth Rock
|move|p1a: Grimmsnarl|Reflect|p1a: Grimmsnarl
|-sidestart|p1: Tatacool|Reflect
|
|-status|p2a: Ursaluna|brn|[from] item: Flame Orb
|upkeep
|turn|8
|inactive|findmyhair has 120 seconds left.
|
|t:|1758978944
|move|p1a: Grimmsnarl|Parting Shot|p2a: Ursaluna
|-unboost|p2a: Ursaluna|atk|1
|-unboost|p2a: Ursaluna|spa|1
|
|t:|1758978949
|switch|p1a: Liminalia|Alomomola, M|100/100|[from] Parting Shot
|move|p2a: Ursaluna|Swords Dance|p2a: Ursaluna
|-boost|p2a: Ursaluna|atk|2
|
|-damage|p2a: Ursaluna|88/100 brn|[from] brn
|-sideend|p2: findmyhair|Reflect
|upkeep
|turn|9
|
|t:|1758978957
|-terastallize|p2a: Ursaluna|Ghost
|move|p2a: Ursaluna|Swords Dance|p2a: Ursaluna
|-boost|p2a: Ursaluna|atk|2
|move|p1a: Liminalia|Flip Turn|p2a: Ursaluna
|-crit|p2a: Ursaluna
|-damage|p2a: Ursaluna|72/100 brn
|
|t:|1758978961
|switch|p1a: Flor de Feliza|Comfey, F|100/100|[from] Flip Turn
|
|-damage|p2a: Ursaluna|66/100 brn|[from] brn
|upkeep
|turn|10
|
|t:|1758978967
|move|p2a: Ursaluna|Earthquake|p1a: Flor de Feliza
|-damage|p1a: Flor de Feliza|0 fnt
|faint|p1a: Flor de Feliza
|
|-damage|p2a: Ursaluna|59/100 brn|[from] brn
|-fieldend|move: Trick Room
|upkeep
|
|t:|1758978974
|switch|p1a: Comet|Minior-Orange|100/100
|-formechange|p1a: Comet|Minior-Meteor||[from] ability: Shields Down
|turn|11
|
|t:|1758978977
|move|p1a: Comet|Shell Smash|p1a: Comet
|-unboost|p1a: Comet|def|1
|-unboost|p1a: Comet|spd|1
|-boost|p1a: Comet|atk|2
|-boost|p1a: Comet|spa|2
|-boost|p1a: Comet|spe|2
|-enditem|p1a: Comet|White Herb
|-clearnegativeboost|p1a: Comet|[silent]
|move|p2a: Ursaluna|Facade|p1a: Comet
|-resisted|p1a: Comet
|-damage|p1a: Comet|2/100
|
|-damage|p2a: Ursaluna|53/100 brn|[from] brn
|-formechange|p1a: Comet|Minior-Orange||[from] ability: Shields Down
|upkeep
|turn|12
|
|t:|1758978990
|switch|p2a: Klefki|Klefki, M|77/100
|-damage|p2a: Klefki|71/100|[from] Stealth Rock
|move|p1a: Comet|Acrobatics|p2a: Klefki
|-resisted|p2a: Klefki
|-damage|p2a: Klefki|26/100
|
|upkeep
|turn|13
|
|t:|1758979013
|move|p2a: Klefki|Reflect|p2a: Klefki
|-sidestart|p2: findmyhair|Reflect
|move|p1a: Comet|Acrobatics|p2a: Klefki
|-resisted|p2a: Klefki
|-damage|p2a: Klefki|4/100
|
|-sideend|p1: Tatacool|move: Light Screen
|upkeep
|turn|14
|
|t:|1758979025
|switch|p2a: Cresselia|Cresselia, F|76/100
|-damage|p2a: Cresselia|63/100|[from] Stealth Rock
|move|p1a: Comet|Acrobatics|p2a: Cresselia
|-damage|p2a: Cresselia|33/100
|
|-sideend|p1: Tatacool|Reflect
|upkeep
|turn|15
|
|t:|1758979032
|move|p1a: Comet|Acrobatics|p2a: Cresselia
|-damage|p2a: Cresselia|4/100
|move|p2a: Cresselia|Trick Room|p2a: Cresselia
|-fieldstart|move: Trick Room|[of] p2a: Cresselia
|
|upkeep
|turn|16
|
|t:|1758979037
|move|p2a: Cresselia|Lunar Dance|p2a: Cresselia
|faint|p2a: Cresselia
|move|p1a: Comet|Acrobatics|p2: Cresselia|[notarget]
|-fail|p1a: Comet
|
|upkeep
|
|t:|1758979042
|switch|p2a: Ursaluna|Ursaluna, M, tera:Ghost|53/100 brn
|-heal|p2a: Ursaluna|100/100|[from] move: Lunar Dance
|-damage|p2a: Ursaluna|88/100|[from] Stealth Rock
|turn|17
|
|t:|1758979047
|move|p2a: Ursaluna|Facade|p1a: Comet
|-resisted|p1a: Comet
|-damage|p1a: Comet|0 fnt
|faint|p1a: Comet
|
|-status|p2a: Ursaluna|brn|[from] item: Flame Orb
|upkeep
|
|t:|1758979054
|switch|p1a: Cinnastick|Gholdengo|100/100
|turn|18
|
|t:|1758979059
|-terastallize|p1a: Cinnastick|Flying
|move|p2a: Ursaluna|Earthquake|p1a: Cinnastick
|-immune|p1a: Cinnastick
|move|p1a: Cinnastick|Hex|p2a: Ursaluna
|-supereffective|p2a: Ursaluna
|-damage|p2a: Ursaluna|0 fnt
|faint|p2a: Ursaluna
|
|upkeep
|
|t:|1758979067
|switch|p2a: Klefki|Klefki, M|4/100
|-damage|p2a: Klefki|0 fnt|[from] Stealth Rock
|faint|p2a: Klefki
|
|t:|1758979072
|switch|p2a: Iron Hands|Iron Hands|100/100
|-damage|p2a: Iron Hands|94/100|[from] Stealth Rock
|turn|19
|
|t:|1758979077
|move|p2a: Iron Hands|Ice Punch|p1a: Cinnastick
|-supereffective|p1a: Cinnastick
|-damage|p1a: Cinnastick|59/100
|-status|p1a: Cinnastick|frz
|cant|p1a: Cinnastick|frz
|
|-heal|p1a: Cinnastick|65/100 frz|[from] item: Leftovers
|-fieldend|move: Trick Room
|upkeep
|turn|20
|
|t:|1758979088
|-end|p2a: Iron Hands|Quark Drive|[silent]
|switch|p2a: Slowking|Slowking-Galar, M|100/100
|-damage|p2a: Slowking|88/100|[from] Stealth Rock
|-curestatus|p1a: Cinnastick|frz|[msg]
|move|p1a: Cinnastick|Recover|p1a: Cinnastick
|-heal|p1a: Cinnastick|100/100
|
|-heal|p2a: Slowking|94/100|[from] item: Black Sludge
|-sideend|p2: findmyhair|Reflect
|upkeep
|turn|21
|
|t:|1758979096
|move|p1a: Cinnastick|Thunder Wave|p2a: Slowking
|-status|p2a: Slowking|par
|move|p2a: Slowking|Trick Room|p2a: Slowking
|-fieldstart|move: Trick Room|[of] p2a: Slowking
|
|-heal|p2a: Slowking|99/100 par|[from] item: Black Sludge
|upkeep
|turn|22
|
|t:|1758979104
|switch|p2a: Crawdaunt|Crawdaunt, F|100/100
|-damage|p2a: Crawdaunt|88/100|[from] Stealth Rock
|move|p1a: Cinnastick|Nasty Plot|p1a: Cinnastick
|-boost|p1a: Cinnastick|spa|2
|
|upkeep
|turn|23
|
|t:|1758979110
|move|p2a: Crawdaunt|Knock Off|p1a: Cinnastick
|-damage|p1a: Cinnastick|39/100
|-enditem|p1a: Cinnastick|Leftovers|[from] move: Knock Off|[of] p2a: Crawdaunt
|-damage|p2a: Crawdaunt|78/100|[from] item: Life Orb
|move|p1a: Cinnastick|Thunder Wave|p2a: Crawdaunt
|-status|p2a: Crawdaunt|par
|
|upkeep
|turn|24
|
|t:|1758979117
|cant|p2a: Crawdaunt|par
|move|p1a: Cinnastick|Recover|p1a: Cinnastick
|-heal|p1a: Cinnastick|89/100
|
|upkeep
|turn|25
|
|t:|1758979122
|switch|p1a: Liminalia|Alomomola, M|100/100
|move|p2a: Crawdaunt|Swords Dance|p2a: Crawdaunt
|-boost|p2a: Crawdaunt|atk|2
|
|-fieldend|move: Trick Room
|upkeep
|turn|26
|
|t:|1758979127
|move|p1a: Liminalia|Scald|p2a: Crawdaunt
|-resisted|p2a: Crawdaunt
|-damage|p2a: Crawdaunt|66/100 par
|cant|p2a: Crawdaunt|par
|
|upkeep
|turn|27
|
|t:|1758979133
|move|p1a: Liminalia|Scald|p2a: Crawdaunt
|-resisted|p2a: Crawdaunt
|-damage|p2a: Crawdaunt|55/100 par
|cant|p2a: Crawdaunt|par
|
|upkeep
|turn|28
|
|t:|1758979138
|move|p1a: Liminalia|Scald|p2a: Crawdaunt
|-resisted|p2a: Crawdaunt
|-damage|p2a: Crawdaunt|43/100 par
|move|p2a: Crawdaunt|Knock Off|p1a: Liminalia
|-damage|p1a: Liminalia|0 fnt
|-enditem|p1a: Liminalia|Rindo Berry|[from] move: Knock Off|[of] p2a: Crawdaunt
|faint|p1a: Liminalia
|-damage|p2a: Crawdaunt|33/100 par|[from] item: Life Orb
|
|upkeep
|
|t:|1758979144
|switch|p1a: Cinnastick|Gholdengo, tera:Flying|89/100
|turn|29
|
|t:|1758979148
|move|p1a: Cinnastick|Hex|p2a: Crawdaunt
|-resisted|p2a: Crawdaunt
|-damage|p2a: Crawdaunt|0 fnt
|faint|p2a: Crawdaunt
|
|upkeep
|
|t:|1758979153
|switch|p2a: Iron Hands|Iron Hands|94/100
|-damage|p2a: Iron Hands|88/100|[from] Stealth Rock
|turn|30
|
|t:|1758979159
|move|p2a: Iron Hands|Fake Out|p1a: Cinnastick
|-damage|p1a: Cinnastick|78/100
|cant|p1a: Cinnastick|flinch
|
|upkeep
|turn|31
|
|t:|1758979163
|move|p1a: Cinnastick|Nasty Plot|p1a: Cinnastick
|-boost|p1a: Cinnastick|spa|2
|move|p2a: Iron Hands|Wild Charge|p1a: Cinnastick
|-supereffective|p1a: Cinnastick
|-damage|p1a: Cinnastick|3/100
|-damage|p2a: Iron Hands|74/100|[from] Recoil
|
|upkeep
|turn|32
|c|☆findmyhair|gg bro the game wants u to win
|c|☆findmyhair|lol
|
|t:|1758979176
|switch|p1a: Maria|Great Tusk|100/100
|-end|p2a: Iron Hands|Quark Drive|[silent]
|switch|p2a: Slowking|Slowking-Galar, M|100/100 par
|-damage|p2a: Slowking|88/100 par|[from] Stealth Rock
|
|-heal|p2a: Slowking|94/100 par|[from] item: Black Sludge
|upkeep
|turn|33
|c|☆Tatacool|loll
|
|t:|1758979185
|move|p1a: Maria|Roar|p2a: Slowking
|drag|p2a: Iron Hands|Iron Hands|74/100
|-damage|p2a: Iron Hands|68/100|[from] Stealth Rock
|
|upkeep
|turn|34
|
|t:|1758979189
|move|p2a: Iron Hands|Fake Out|p1a: Maria
|-damage|p1a: Maria|93/100
|cant|p1a: Maria|flinch
|
|-heal|p1a: Maria|99/100|[from] item: Leftovers
|upkeep
|turn|35
|
|t:|1758979195
|move|p1a: Maria|Body Press|p2a: Iron Hands
|-damage|p2a: Iron Hands|39/100
|move|p2a: Iron Hands|Ice Punch|p1a: Maria
|-supereffective|p1a: Maria
|-damage|p1a: Maria|69/100
|
|-heal|p1a: Maria|76/100|[from] item: Leftovers
|upkeep
|turn|36
|
|t:|1758979203
|-end|p2a: Iron Hands|Quark Drive|[silent]
|switch|p2a: Slowking|Slowking-Galar, M|100/100 par
|-damage|p2a: Slowking|88/100 par|[from] Stealth Rock
|move|p1a: Maria|Body Press|p2a: Slowking
|-resisted|p2a: Slowking
|-damage|p2a: Slowking|75/100 par
|
|-heal|p1a: Maria|82/100|[from] item: Leftovers
|-heal|p2a: Slowking|81/100 par|[from] item: Black Sludge
|upkeep
|turn|37
|
|t:|1758979211
|move|p1a: Maria|Roar|p2a: Slowking
|drag|p2a: Iron Hands|Iron Hands|39/100
|-damage|p2a: Iron Hands|32/100|[from] Stealth Rock
|
|-heal|p1a: Maria|88/100|[from] item: Leftovers
|upkeep
|turn|38
|
|t:|1758979217
|-end|p2a: Iron Hands|Quark Drive|[silent]
|switch|p2a: Slowking|Slowking-Galar, M|100/100 par
|-damage|p2a: Slowking|88/100 par|[from] Stealth Rock
|move|p1a: Maria|Body Press|p2a: Slowking
|-resisted|p2a: Slowking
|-damage|p2a: Slowking|77/100 par
|
|-heal|p1a: Maria|94/100|[from] item: Leftovers
|-heal|p2a: Slowking|83/100 par|[from] item: Black Sludge
|upkeep
|turn|39
|
|t:|1758979227
|switch|p2a: Iron Hands|Iron Hands|32/100
|-damage|p2a: Iron Hands|26/100|[from] Stealth Rock
|move|p1a: Maria|Roar|p2a: Iron Hands
|-end|p2a: Iron Hands|Quark Drive|[silent]
|drag|p2a: Slowking|Slowking-Galar, M|100/100 par
|-damage|p2a: Slowking|88/100 par|[from] Stealth Rock
|
|-heal|p1a: Maria|100/100|[from] item: Leftovers
|-heal|p2a: Slowking|94/100 par|[from] item: Black Sludge
|upkeep
|turn|40
|
|t:|1758979236
|move|p1a: Maria|Roar|p2a: Slowking
|drag|p2a: Iron Hands|Iron Hands|26/100
|-damage|p2a: Iron Hands|20/100|[from] Stealth Rock
|
|upkeep
|turn|41
|
|t:|1758979240
|move|p2a: Iron Hands|Fake Out|p1a: Maria
|-damage|p1a: Maria|93/100
|cant|p1a: Maria|flinch
|
|-heal|p1a: Maria|99/100|[from] item: Leftovers
|upkeep
|turn|42
|
|t:|1758979248
|move|p2a: Iron Hands|Close Combat|p1a: Maria
|-damage|p1a: Maria|65/100
|-unboost|p2a: Iron Hands|def|1
|-unboost|p2a: Iron Hands|spd|1
|move|p1a: Maria|Roar|p2a: Iron Hands
|-end|p2a: Iron Hands|Quark Drive|[silent]
|drag|p2a: Slowking|Slowking-Galar, M|100/100 par
|-damage|p2a: Slowking|88/100 par|[from] Stealth Rock
|
|-heal|p1a: Maria|71/100|[from] item: Leftovers
|-heal|p2a: Slowking|94/100 par|[from] item: Black Sludge
|upkeep
|turn|43
|
|t:|1758979260
|move|p1a: Maria|Roar|p2a: Slowking
|drag|p2a: Iron Hands|Iron Hands|20/100
|-damage|p2a: Iron Hands|14/100|[from] Stealth Rock
|
|-heal|p1a: Maria|78/100|[from] item: Leftovers
|upkeep
|turn|44
|
|t:|1758979266
|move|p1a: Maria|Body Press|p2a: Iron Hands
|-damage|p2a: Iron Hands|0 fnt
|faint|p2a: Iron Hands
|-end|p2a: Iron Hands|Quark Drive|[silent]
|
|-heal|p1a: Maria|84/100|[from] item: Leftovers
|upkeep
|
|t:|1758979271
|switch|p2a: Slowking|Slowking-Galar, M|100/100 par
|-damage|p2a: Slowking|88/100 par|[from] Stealth Rock
|turn|45
|
|t:|1758979277
|move|p1a: Maria|Rapid Spin|p2a: Slowking
|-damage|p2a: Slowking|72/100 par
|-boost|p1a: Maria|spe|1
|move|p2a: Slowking|Trick Room|p2a: Slowking
|-fieldstart|move: Trick Room|[of] p2a: Slowking
|
|-heal|p2a: Slowking|78/100 par|[from] item: Black Sludge
|-heal|p1a: Maria|90/100|[from] item: Leftovers
|upkeep
|turn|46
|
|t:|1758979284
|move|p2a: Slowking|Nasty Plot|p2a: Slowking
|-boost|p2a: Slowking|spa|2
|move|p1a: Maria|Rapid Spin|p2a: Slowking
|-damage|p2a: Slowking|62/100 par
|-boost|p1a: Maria|spe|1
|
|-heal|p2a: Slowking|68/100 par|[from] item: Black Sludge
|-heal|p1a: Maria|96/100|[from] item: Leftovers
|upkeep
|turn|47
|
|t:|1758979297
|move|p2a: Slowking|Nasty Plot|p2a: Slowking
|-boost|p2a: Slowking|spa|2
|move|p1a: Maria|Rapid Spin|p2a: Slowking
|-damage|p2a: Slowking|53/100 par
|-boost|p1a: Maria|spe|1
|
|-heal|p2a: Slowking|59/100 par|[from] item: Black Sludge
|-heal|p1a: Maria|100/100|[from] item: Leftovers
|upkeep
|turn|48
|j| GruesomeLovelies
|
|t:|1758979305
|cant|p2a: Slowking|par
|move|p1a: Maria|Rapid Spin|p2a: Slowking
|-crit|p2a: Slowking
|-damage|p2a: Slowking|37/100 par
|-boost|p1a: Maria|spe|1
|
|-heal|p2a: Slowking|43/100 par|[from] item: Black Sludge
|upkeep
|turn|49
|
|t:|1758979312
|move|p2a: Slowking|Fire Blast|p1a: Maria
|-damage|p1a: Maria|0 fnt
|faint|p1a: Maria
|-end|p1a: Maria|Protosynthesis|[silent]
|
|-heal|p2a: Slowking|49/100 par|[from] item: Black Sludge
|-fieldend|move: Trick Room
|upkeep
|
|t:|1758979315
|switch|p1a: Cinnastick|Gholdengo, tera:Flying|3/100
|turn|50
|
|t:|1758979319
|move|p1a: Cinnastick|Hex|p2a: Slowking
|-supereffective|p2a: Slowking
|-damage|p2a: Slowking|0 fnt
|faint|p2a: Slowking
|
|win|Tatacool
|raw|Tatacool's rating: 1086 &rarr; <strong>1111</strong><br />(+25 for winning)
|raw|findmyhair's rating: 1063 &rarr; <strong>1045</strong><br />(-18 for losing)
|c|☆findmyhair|lol
|c|☆Tatacool|GG!
|c|☆findmyhair|no
|c|☆findmyhair|i quit this game
|l|☆findmyhair
|player|p2|
|l|☆Tatacool
|player|p1|
|l| GruesomeLovelies
