|j|☆DDart
|j|☆serial 01216
|t:|1758976440
|gametype|singles
|player|p1|DDart|miku-ice|1467
|player|p2|serial 01216|101|1422
|gen|9
|tier|[Gen 9] OU
|rated|
|rule|HP Percentage Mod: HP is shown in percentages
|rule|Endless Battle Clause: Forcing endless battles is banned
|rule|Species Clause: Limit one of each Pokémon
|rule|OHKO Clause: OHKO moves are banned
|rule|Evasion Items Clause: Evasion items are banned
|rule|Evasion Moves Clause: Evasion moves are banned
|rule|Evasion Abilities Clause: Evasion abilities are banned
|rule|Sleep Moves Clause: Sleep-inducing moves are banned
|clearpoke
|poke|p1|Landorus-Therian, M|
|poke|p1|Kyurem|
|poke|p1|Darkrai|
|poke|p1|Hatterene, F|
|poke|p1|Samurott-Hisui, M|
|poke|p1|Slowking-Galar, M|
|poke|p2|Hydrapple, M|
|poke|p2|Slowking-Galar, F|
|poke|p2|Cinderace, M|
|poke|p2|Darkrai|
|poke|p2|Manaphy|
|poke|p2|Cobalion|
|teampreview
|
|t:|1758976465
|teamsize|p1|6
|teamsize|p2|6
|start
|switch|p1a: Slowking|Slowking-Galar, M|100/100
|switch|p2a: Hydrapple|Hydrapple, M|100/100
|turn|1
|inactive|Battle timer is ON: inactive players will automatically lose when time's up. (requested by serial 01216)
|
|t:|1758976473
|move|p2a: Hydrapple|Earth Power|p1a: Slowking
|-supereffective|p1a: Slowking
|-damage|p1a: Slowking|62/100
|move|p1a: Slowking|Sludge Bomb|p2a: Hydrapple
|-supereffective|p2a: Hydrapple
|-damage|p2a: Hydrapple|47/100
|
|upkeep
|turn|2
|
|t:|1758976480
|switch|p2a: Slowking|Slowking-Galar, F|100/100
|-prepare|p1a: Slowking|Chilly Reception|[premajor]
|move|p1a: Slowking|Chilly Reception|p1a: Slowking
|-weather|Snowscape
|
|t:|1758976488
|switch|p1a: Baba Yaga|Darkrai|100/100|[from] Chilly Reception
|
|-weather|Snowscape|[upkeep]
|upkeep
|turn|3
|
|t:|1758976497
|move|p1a: Baba Yaga|Nasty Plot|p1a: Baba Yaga
|-boost|p1a: Baba Yaga|spa|2
|-prepare|p2a: Slowking|Chilly Reception|[premajor]
|move|p2a: Slowking|Chilly Reception|p2a: Slowking
|
|t:|1758976524
|switch|p2a: Darkrai|Darkrai|100/100|[from] Chilly Reception
|
|-weather|Snowscape|[upkeep]
|upkeep
|turn|4
|
|t:|1758976528
|-terastallize|p2a: Darkrai|Ghost
|move|p1a: Baba Yaga|Sludge Bomb|p2a: Darkrai
|-resisted|p2a: Darkrai
|-damage|p2a: Darkrai|51/100
|-status|p2a: Darkrai|psn
|-damage|p1a: Baba Yaga|91/100|[from] item: Life Orb
|move|p2a: Darkrai|Focus Blast|p1a: Baba Yaga
|-supereffective|p1a: Baba Yaga
|-damage|p1a: Baba Yaga|0 fnt
|faint|p1a: Baba Yaga
|
|-weather|Snowscape|[upkeep]
|-heal|p2a: Darkrai|57/100 psn|[from] item: Leftovers
|-damage|p2a: Darkrai|45/100 psn|[from] psn
|upkeep
|
|t:|1758976547
|switch|p1a: Queen|Landorus-Therian, M|100/100
|-ability|p1a: Queen|Intimidate|boost
|-unboost|p2a: Darkrai|atk|1
|turn|5
|
|t:|1758976552
|move|p2a: Darkrai|Ice Beam|p1a: Queen
|-supereffective|p1a: Queen
|-damage|p1a: Queen|0 fnt
|faint|p1a: Queen
|
|-weather|Snowscape|[upkeep]
|-heal|p2a: Darkrai|51/100 psn|[from] item: Leftovers
|-damage|p2a: Darkrai|39/100 psn|[from] psn
|upkeep
|
|t:|1758976558
|switch|p1a: Fashionista|Hatterene, F|100/100
|turn|6
|
|t:|1758976562
|switch|p2a: Slowking|Slowking-Galar, F|100/100
|move|p1a: Fashionista|Psyshock|p2a: Slowking
|-damage|p2a: Slowking|55/100
|
|-weather|none
|-heal|p2a: Slowking|61/100|[from] item: Black Sludge
|upkeep
|turn|7
|
|t:|1758976570
|switch|p1a: Slowking|Slowking-Galar, M|96/100
|move|p2a: Slowking|Trick|p1a: Slowking
|-activate|p2a: Slowking|move: Trick|[of] p1a: Slowking
|-item|p1a: Slowking|Black Sludge|[from] move: Trick
|-item|p2a: Slowking|Heavy-Duty Boots|[from] move: Trick
|
|-heal|p1a: Slowking|100/100|[from] item: Black Sludge
|upkeep
|turn|8
|
|t:|1758976575
|move|p2a: Slowking|Trick|p1a: Slowking
|-activate|p2a: Slowking|move: Trick|[of] p1a: Slowking
|-item|p1a: Slowking|Heavy-Duty Boots|[from] move: Trick
|-item|p2a: Slowking|Black Sludge|[from] move: Trick
|-prepare|p1a: Slowking|Chilly Reception|[premajor]
|move|p1a: Slowking|Chilly Reception|p1a: Slowking
|-weather|Snowscape
|
|t:|1758976582
|switch|p1a: Fallen Angel|Kyurem|100/100|[from] Chilly Reception
|-ability|p1a: Fallen Angel|Pressure
|
|-weather|Snowscape|[upkeep]
|-heal|p2a: Slowking|68/100|[from] item: Black Sludge
|upkeep
|turn|9
|
|t:|1758976591
|move|p1a: Fallen Angel|Dragon Dance|p1a: Fallen Angel
|-boost|p1a: Fallen Angel|atk|1
|-boost|p1a: Fallen Angel|spe|1
|-prepare|p2a: Slowking|Chilly Reception|[premajor]
|move|p2a: Slowking|Chilly Reception|p2a: Slowking
|
|t:|1758976596
|switch|p2a: Cobalion|Cobalion|100/100|[from] Chilly Reception
|
|-weather|Snowscape|[upkeep]
|upkeep
|turn|10
|
|t:|1758976602
|move|p1a: Fallen Angel|Earth Power|p2a: Cobalion
|-supereffective|p2a: Cobalion
|-damage|p2a: Cobalion|45/100
|-unboost|p2a: Cobalion|spd|1
|move|p2a: Cobalion|Iron Defense|p2a: Cobalion
|-boost|p2a: Cobalion|def|2
|
|-weather|Snowscape|[upkeep]
|-heal|p2a: Cobalion|51/100|[from] item: Leftovers
|upkeep
|turn|11
|
|t:|1758976607
|switch|p2a: Hydrapple|Hydrapple, M|81/100
|move|p1a: Fallen Angel|Earth Power|p2a: Hydrapple
|-resisted|p2a: Hydrapple
|-damage|p2a: Hydrapple|70/100
|
|-weather|Snowscape|[upkeep]
|upkeep
|turn|12
|
|t:|1758976611
|switch|p2a: Manaphy|Manaphy|100/100
|move|p1a: Fallen Angel|Icicle Spear|p2a: Manaphy
|-resisted|p2a: Manaphy
|-damage|p2a: Manaphy|92/100
|-resisted|p2a: Manaphy
|-damage|p2a: Manaphy|83/100
|-resisted|p2a: Manaphy
|-damage|p2a: Manaphy|73/100
|-resisted|p2a: Manaphy
|-damage|p2a: Manaphy|64/100
|-resisted|p2a: Manaphy
|-damage|p2a: Manaphy|55/100
|-hitcount|p2a: Manaphy|5
|
|-weather|none
|-heal|p2a: Manaphy|61/100|[from] item: Leftovers
|upkeep
|turn|13
|
|t:|1758976614
|move|p1a: Fallen Angel|Freeze-Dry|p2a: Manaphy
|-supereffective|p2a: Manaphy
|-damage|p2a: Manaphy|0 fnt
|faint|p2a: Manaphy
|
|upkeep
|
|t:|1758976630
|switch|p2a: Slowking|Slowking-Galar, F|100/100
|turn|14
|
|t:|1758976634
|-terastallize|p1a: Fallen Angel|Ice
|move|p1a: Fallen Angel|Icicle Spear|p2a: Slowking
|-damage|p2a: Slowking|73/100
|-damage|p2a: Slowking|45/100
|-damage|p2a: Slowking|18/100
|-damage|p2a: Slowking|0 fnt
|faint|p2a: Slowking
|-hitcount|p2: Slowking|4
|
|upkeep
|
|t:|1758976643
|switch|p2a: Cinderace|Cinderace, M|100/100
|turn|15
|
|t:|1758976662
|move|p2a: Cinderace|Sucker Punch|p1a: Fallen Angel
|-start|p2a: Cinderace|typechange|Dark|[from] ability: Libero
|-damage|p1a: Fallen Angel|69/100
|move|p1a: Fallen Angel|Icicle Spear|p2a: Cinderace
|-damage|p2a: Cinderace|63/100
|-damage|p2a: Cinderace|26/100
|-damage|p2a: Cinderace|0 fnt
|faint|p2a: Cinderace
|-hitcount|p2: Cinderace|3
|
|upkeep
|
|t:|1758976672
|switch|p2a: Cobalion|Cobalion|51/100
|turn|16
|
|t:|1758976674
|move|p1a: Fallen Angel|Earth Power|p2a: Cobalion
|-supereffective|p2a: Cobalion
|-damage|p2a: Cobalion|0 fnt
|faint|p2a: Cobalion
|
|upkeep
|
|t:|1758976678
|switch|p2a: Darkrai|Darkrai, tera:Ghost|39/100 psn
|turn|17
|
|t:|1758976680
|move|p1a: Fallen Angel|Icicle Spear|p2a: Darkrai
|-damage|p2a: Darkrai|4/100 psn
|-damage|p2a: Darkrai|0 fnt
|faint|p2a: Darkrai
|-hitcount|p2: Darkrai|2
|
|upkeep
|-message|serial 01216 forfeited.
|
|win|DDart
|raw|DDart's rating: 1467 &rarr; <strong>1484</strong><br />(+17 for winning)
|raw|serial 01216's rating: 1422 &rarr; <strong>1405</strong><br />(-17 for losing)
|l|☆serial 01216
|player|p2|
|l|☆DDart
|player|p1|
