|j|‽isaac_gam3r
|j|☆JohnLowLadder'
|t:|1758918538
|gametype|singles
|player|p1|isaac_gam3r|acetrainer-gen4dp|1713
|player|p2|JohnLowLadder'|youngster-gen6xy|1670
|gen|9
|tier|[Gen 9] OU
|rated|
|rule|HP Percentage Mod: HP is shown in percentages
|rule|Endless Battle Clause: Forcing endless battles is banned
|rule|Species Clause: Limit one of each Pokémon
|rule|OHKO Clause: OHKO moves are banned
|rule|Evasion Items Clause: Evasion items are banned
|rule|Evasion Moves Clause: Evasion moves are banned
|rule|Evasion Abilities Clause: Evasion abilities are banned
|rule|Sleep Moves Clause: Sleep-inducing moves are banned
|clearpoke
|poke|p1|Garchomp, F|
|poke|p1|Raging Bolt|
|poke|p1|Primarina, M|
|poke|p1|Heatran, F|
|poke|p1|Weezing-Galar, M|
|poke|p1|Weavile, M|
|poke|p2|Politoed, F|
|poke|p2|Iron Treads|
|poke|p2|Ogerpon-Wellspring, F|
|poke|p2|Iron Valiant|
|poke|p2|Kingambit, F|
|poke|p2|Zapdos|
|teampreview
|inactive|Battle timer is ON: inactive players will automatically lose when time's up. (requested by isaac_gam3r)
|
|t:|1758918550
|teamsize|p1|6
|teamsize|p2|6
|start
|switch|p1a: Garchomp|Garchomp, F|100/100
|switch|p2a: Politoed|Politoed, F, shiny|100/100
|-weather|RainDance|[from] ability: Drizzle|[of] p2a: Politoed
|turn|1
|
|t:|1758918554
|-terastallize|p1a: Garchomp|Dragon
|move|p1a: Garchomp|Outrage|p2a: Politoed
|-damage|p2a: Politoed|0 fnt
|faint|p2a: Politoed
|
|-weather|RainDance|[upkeep]
|upkeep
|
|t:|1758918558
|switch|p2a: Iron Valiant|Iron Valiant|100/100
|-enditem|p2a: Iron Valiant|Booster Energy
|-activate|p2a: Iron Valiant|ability: Quark Drive|[fromitem]
|-start|p2a: Iron Valiant|quarkdrivespe
|turn|2
|
|t:|1758918560
|move|p2a: Iron Valiant|Moonblast|p1a: Garchomp
|-supereffective|p1a: Garchomp
|-damage|p1a: Garchomp|15/100
|-unboost|p1a: Garchomp|spa|1
|move|p1a: Garchomp|Outrage|p2a: Iron Valiant|[from] lockedmove
|-immune|p2a: Iron Valiant
|
|-weather|RainDance|[upkeep]
|upkeep
|turn|3
|
|t:|1758918563
|switch|p1a: Heatran|Heatran, F|100/100
|move|p2a: Iron Valiant|Knock Off|p1a: Heatran
|-damage|p1a: Heatran|74/100
|-enditem|p1a: Heatran|Assault Vest|[from] move: Knock Off|[of] p2a: Iron Valiant
|
|-weather|RainDance|[upkeep]
|upkeep
|turn|4
|
|t:|1758918566
|move|p2a: Iron Valiant|Close Combat|p1a: Heatran
|-supereffective|p1a: Heatran
|-damage|p1a: Heatran|0 fnt
|-unboost|p2a: Iron Valiant|def|1
|-unboost|p2a: Iron Valiant|spd|1
|faint|p1a: Heatran
|
|-weather|RainDance|[upkeep]
|upkeep
|
|t:|1758918569
|switch|p1a: Primarina|Primarina, M|100/100
|turn|5
|
|t:|1758918573
|-end|p2a: Iron Valiant|Quark Drive|[silent]
|switch|p2a: Ogerpon|Ogerpon-Wellspring, F|100/100
|move|p1a: Primarina|Draining Kiss|p2a: Ogerpon
|-damage|p2a: Ogerpon|69/100
|
|-weather|none
|upkeep
|turn|6
|
|t:|1758918580
|switch|p1a: Weezing|Weezing-Galar, M, shiny|100/100
|move|p2a: Ogerpon|Knock Off|p1a: Weezing
|-resisted|p1a: Weezing
|-damage|p1a: Weezing|87/100
|-enditem|p1a: Weezing|Black Sludge|[from] move: Knock Off|[of] p2a: Ogerpon
|
|upkeep
|turn|7
|
|t:|1758918588
|move|p2a: Ogerpon|U-turn|p1a: Weezing
|-resisted|p1a: Weezing
|-damage|p1a: Weezing|83/100
|
|t:|1758918590
|switch|p2a: Zapdos|Zapdos|100/100|[from] U-turn
|move|p1a: Weezing|Will-O-Wisp|p2a: Zapdos
|-status|p2a: Zapdos|brn
|
|-damage|p2a: Zapdos|94/100 brn|[from] brn
|upkeep
|turn|8
|
|t:|1758918597
|switch|p1a: Raging Bolt|Raging Bolt|100/100
|move|p2a: Zapdos|Volt Switch|p1a: Raging Bolt
|-resisted|p1a: Raging Bolt
|-damage|p1a: Raging Bolt|95/100
|
|t:|1758918599
|switch|p2a: Iron Treads|Iron Treads|100/100|[from] Volt Switch
|-item|p2a: Iron Treads|Air Balloon
|
|-heal|p1a: Raging Bolt|100/100|[from] item: Leftovers
|upkeep
|turn|9
|
|t:|1758918603
|-end|p1a: Raging Bolt|Protosynthesis|[silent]
|switch|p1a: Weezing|Weezing-Galar, M, shiny|83/100
|move|p2a: Iron Treads|Earthquake|p1a: Weezing
|-immune|p1a: Weezing|[from] ability: Levitate
|
|upkeep
|turn|10
|
|t:|1758918608
|-end|p2a: Iron Treads|Quark Drive|[silent]
|switch|p2a: Zapdos|Zapdos|94/100 brn
|move|p1a: Weezing|Strange Steam|p2a: Zapdos|[miss]
|-miss|p1a: Weezing|p2a: Zapdos
|
|-damage|p2a: Zapdos|88/100 brn|[from] brn
|upkeep
|turn|11
|
|t:|1758918616
|switch|p1a: Raging Bolt|Raging Bolt|100/100
|move|p2a: Zapdos|Hurricane|p1a: Raging Bolt|[miss]
|-miss|p2a: Zapdos|p1a: Raging Bolt
|
|-damage|p2a: Zapdos|82/100 brn|[from] brn
|upkeep
|turn|12
|
|t:|1758918619
|switch|p2a: Iron Treads|Iron Treads|100/100
|-item|p2a: Iron Treads|Air Balloon
|move|p1a: Raging Bolt|Dragon Pulse|p2a: Iron Treads
|-resisted|p2a: Iron Treads
|-damage|p2a: Iron Treads|65/100
|-enditem|p2a: Iron Treads|Air Balloon
|
|upkeep
|turn|13
|
|t:|1758918622
|-end|p1a: Raging Bolt|Protosynthesis|[silent]
|switch|p1a: Weezing|Weezing-Galar, M, shiny|83/100
|move|p2a: Iron Treads|Stealth Rock|p1a: Weezing
|-sidestart|p1: isaac_gam3r|move: Stealth Rock
|
|upkeep
|turn|14
|
|t:|1758918624
|-end|p2a: Iron Treads|Quark Drive|[silent]
|switch|p2a: Iron Valiant|Iron Valiant|100/100
|move|p1a: Weezing|Defog|p2a: Iron Valiant
|-unboost|p2a: Iron Valiant|evasion|1
|-sideend|p1: isaac_gam3r|Stealth Rock|[from] move: Defog|[of] p1a: Weezing
|
|upkeep
|turn|15
|
|t:|1758918636
|switch|p1a: Primarina|Primarina, M|100/100
|move|p2a: Iron Valiant|Moonblast|p1a: Primarina
|-damage|p1a: Primarina|71/100
|
|-heal|p1a: Primarina|77/100|[from] item: Leftovers
|upkeep
|turn|16
|
|t:|1758918646
|-end|p2a: Iron Valiant|Quark Drive|[silent]
|switch|p2a: Ogerpon|Ogerpon-Wellspring, F|69/100
|move|p1a: Primarina|Draining Kiss|p2a: Ogerpon
|-damage|p2a: Ogerpon|38/100
|-heal|p1a: Primarina|96/100|[from] drain|[of] p2a: Ogerpon
|
|-heal|p1a: Primarina|100/100|[from] item: Leftovers
|upkeep
|turn|17
|inactive|isaac_gam3r has 120 seconds left.
|
|t:|1758918682
|switch|p1a: Raging Bolt|Raging Bolt|100/100
|move|p2a: Ogerpon|Power Whip|p1a: Raging Bolt
|-resisted|p1a: Raging Bolt
|-damage|p1a: Raging Bolt|74/100
|
|-heal|p1a: Raging Bolt|80/100|[from] item: Leftovers
|upkeep
|turn|18
|
|t:|1758918688
|move|p2a: Ogerpon|U-turn|p1a: Raging Bolt
|-damage|p1a: Raging Bolt|57/100
|
|t:|1758918689
|switch|p2a: Iron Treads|Iron Treads|65/100|[from] U-turn
|move|p1a: Raging Bolt|Dragon Pulse|p2a: Iron Treads
|-resisted|p2a: Iron Treads
|-damage|p2a: Iron Treads|26/100
|
|-heal|p1a: Raging Bolt|63/100|[from] item: Leftovers
|upkeep
|turn|19
|
|t:|1758918702
|-end|p2a: Iron Treads|Quark Drive|[silent]
|switch|p2a: Zapdos|Zapdos|82/100 brn
|-end|p1a: Raging Bolt|Protosynthesis|[silent]
|switch|p1a: Weezing|Weezing-Galar, M, shiny|83/100
|
|-damage|p2a: Zapdos|76/100 brn|[from] brn
|upkeep
|turn|20
|
|t:|1758918706
|switch|p1a: Primarina|Primarina, M|100/100
|move|p2a: Zapdos|Volt Switch|p1a: Primarina
|-supereffective|p1a: Primarina
|-damage|p1a: Primarina|50/100
|
|t:|1758918711
|switch|p2a: Ogerpon|Ogerpon-Wellspring, F|38/100|[from] Volt Switch
|
|-heal|p1a: Primarina|57/100|[from] item: Leftovers
|upkeep
|turn|21
|
|t:|1758918729
|switch|p1a: Weezing|Weezing-Galar, M, shiny|83/100
|move|p2a: Ogerpon|Power Whip|p1a: Weezing
|-resisted|p1a: Weezing
|-damage|p1a: Weezing|60/100
|
|upkeep
|turn|22
|
|t:|1758918738
|move|p2a: Ogerpon|Ivy Cudgel|p1a: Weezing|[anim] Ivy Cudgel Water
|-damage|p1a: Weezing|23/100
|move|p1a: Weezing|Strange Steam|p2a: Ogerpon
|-damage|p2a: Ogerpon|8/100
|
|upkeep
|turn|23
|
|t:|1758918746
|move|p2a: Ogerpon|Ivy Cudgel|p1a: Weezing|[anim] Ivy Cudgel Water
|-damage|p1a: Weezing|0 fnt
|faint|p1a: Weezing
|
|upkeep
|
|t:|1758918748
|switch|p1a: Weavile|Weavile, M|100/100
|-ability|p1a: Weavile|Pressure
|turn|24
|
|t:|1758918751
|move|p1a: Weavile|Knock Off|p2a: Ogerpon
|-damage|p2a: Ogerpon|0 fnt
|faint|p2a: Ogerpon
|
|upkeep
|j| roarcat
|
|t:|1758918763
|switch|p2a: Kingambit|Kingambit, F|100/100
|-activate|p2a: Kingambit|ability: Supreme Overlord
|-start|p2a: Kingambit|fallen2|[silent]
|turn|25
|
|t:|1758918766
|-terastallize|p2a: Kingambit|Fairy
|move|p1a: Weavile|Low Kick|p2a: Kingambit
|-resisted|p2a: Kingambit
|-damage|p2a: Kingambit|90/100
|move|p2a: Kingambit|Tera Blast|p1a: Weavile|[anim] Tera Blast Fairy
|-supereffective|p1a: Weavile
|-enditem|p1a: Weavile|Focus Sash
|-damage|p1a: Weavile|1/100
|
|-heal|p2a: Kingambit|96/100|[from] item: Leftovers
|upkeep
|turn|26
|
|t:|1758918771
|move|p1a: Weavile|Ice Shard|p2a: Kingambit
|-crit|p2a: Kingambit
|-damage|p2a: Kingambit|72/100
|move|p2a: Kingambit|Sucker Punch||[still]
|-fail|p2a: Kingambit
|
|-heal|p2a: Kingambit|78/100|[from] item: Leftovers
|upkeep
|turn|27
|
|t:|1758918773
|move|p1a: Weavile|Triple Axel|p2a: Kingambit
|-crit|p2a: Kingambit
|-damage|p2a: Kingambit|66/100
|-damage|p2a: Kingambit|52/100
|-damage|p2a: Kingambit|30/100
|-hitcount|p2a: Kingambit|3
|move|p2a: Kingambit|Tera Blast|p1a: Weavile|[anim] Tera Blast Fairy
|-supereffective|p1a: Weavile
|-damage|p1a: Weavile|0 fnt
|faint|p1a: Weavile
|
|-heal|p2a: Kingambit|36/100|[from] item: Leftovers
|upkeep
|
|t:|1758918780
|switch|p1a: Raging Bolt|Raging Bolt|63/100
|turn|28
|
|t:|1758918783
|move|p1a: Raging Bolt|Thunderbolt|p2a: Kingambit
|-damage|p2a: Kingambit|0 fnt
|faint|p2a: Kingambit
|-end|p2a: Kingambit|fallen2|[silent]
|
|-heal|p1a: Raging Bolt|69/100|[from] item: Leftovers
|upkeep
|
|t:|1758918785
|switch|p2a: Iron Treads|Iron Treads|26/100
|turn|29
|
|t:|1758918791
|-end|p1a: Raging Bolt|Protosynthesis|[silent]
|switch|p1a: Garchomp|Garchomp, F, tera:Dragon|15/100
|move|p2a: Iron Treads|Earthquake|p1a: Garchomp
|-damage|p1a: Garchomp|0 fnt
|faint|p1a: Garchomp
|
|upkeep
|
|t:|1758918795
|switch|p1a: Primarina|Primarina, M|57/100
|turn|30
|
|t:|1758918797
|-end|p2a: Iron Treads|Quark Drive|[silent]
|switch|p2a: Zapdos|Zapdos|76/100 brn
|move|p1a: Primarina|Hyper Voice|p2a: Zapdos
|-damage|p2a: Zapdos|27/100 brn
|
|-heal|p1a: Primarina|63/100|[from] item: Leftovers
|-damage|p2a: Zapdos|21/100 brn|[from] brn
|upkeep
|turn|31
|
|t:|1758918800
|move|p1a: Primarina|Protect|p1a: Primarina
|-singleturn|p1a: Primarina|Protect
|move|p2a: Zapdos|Volt Switch|p1a: Primarina
|-activate|p1a: Primarina|move: Protect
|
|-heal|p1a: Primarina|69/100|[from] item: Leftovers
|-damage|p2a: Zapdos|15/100 brn|[from] brn
|upkeep
|turn|32
|
|t:|1758918802
|move|p2a: Zapdos|Volt Switch|p1a: Primarina
|-supereffective|p1a: Primarina
|-damage|p1a: Primarina|18/100
|
|t:|1758918805
|switch|p2a: Iron Treads|Iron Treads|26/100|[from] Volt Switch
|move|p1a: Primarina|Draining Kiss|p2a: Iron Treads
|-resisted|p2a: Iron Treads
|-damage|p2a: Iron Treads|6/100
|-heal|p1a: Primarina|31/100|[from] drain|[of] p2a: Iron Treads
|
|-heal|p1a: Primarina|37/100|[from] item: Leftovers
|upkeep
|turn|33
|
|t:|1758918809
|move|p1a: Primarina|Protect|p1a: Primarina
|-singleturn|p1a: Primarina|Protect
|move|p2a: Iron Treads|Earthquake|p1a: Primarina
|-activate|p1a: Primarina|move: Protect
|
|-heal|p1a: Primarina|43/100|[from] item: Leftovers
|upkeep
|turn|34
|
|t:|1758918811
|move|p2a: Iron Treads|Earthquake|p1a: Primarina
|-damage|p1a: Primarina|0 fnt
|faint|p1a: Primarina
|
|upkeep
|
|t:|1758918812
|switch|p1a: Raging Bolt|Raging Bolt|69/100
|turn|35
|
|t:|1758918814
|move|p2a: Iron Treads|Earthquake|p1a: Raging Bolt
|-supereffective|p1a: Raging Bolt
|-damage|p1a: Raging Bolt|0 fnt
|faint|p1a: Raging Bolt
|-end|p1a: Raging Bolt|Protosynthesis|[silent]
|
|win|JohnLowLadder'
|raw|isaac_gam3r's rating: 1692 &rarr; <strong>1671</strong><br />(-21 for losing)
|raw|JohnLowLadder&apos;'s rating: 1670 &rarr; <strong>1691</strong><br />(+21 for winning)
|l|‽isaac_gam3r
|player|p1|
|j|‽isaac_gam3r
|player|p1|isaac_gam3r|acetrainer-gen4dp|
|l|‽isaac_gam3r
|player|p1|
|l|☆JohnLowLadder'
|player|p2|
