|j|☆aliester - es
|j|☆gen 9 sab truther
|t:|1759014419
|gametype|singles
|player|p1|aliester - es|n|1660
|player|p2|gen 9 sab truther|morty-masters|1675
|gen|9
|tier|[Gen 9] OU
|rated|
|rule|HP Percentage Mod: HP is shown in percentages
|rule|Endless Battle Clause: Forcing endless battles is banned
|rule|Species Clause: Limit one of each Pokémon
|rule|OHKO Clause: OHKO moves are banned
|rule|Evasion Items Clause: Evasion items are banned
|rule|Evasion Moves Clause: Evasion moves are banned
|rule|Evasion Abilities Clause: Evasion abilities are banned
|rule|Sleep Moves Clause: Sleep-inducing moves are banned
|clearpoke
|poke|p1|Tyranitar, F|
|poke|p1|Excadrill, M|
|poke|p1|Keldeo-Resolute|
|poke|p1|Moltres|
|poke|p1|Ogerpon-Wellspring, F|
|poke|p1|Dragapult, F|
|poke|p2|Garganacl, M|
|poke|p2|Great Tusk|
|poke|p2|Chesnaught, M|
|poke|p2|Dragapult, M|
|poke|p2|Moltres|
|poke|p2|Kingambit, M|
|teampreview
|inactive|Battle timer is ON: inactive players will automatically lose when time's up. (requested by gen 9 sab truther)
|
|t:|1759014435
|teamsize|p1|6
|teamsize|p2|6
|start
|switch|p1a: Keldeo|Keldeo-Resolute|100/100
|switch|p2a: Dragapult|Dragapult, M|100/100
|turn|1
|
|t:|1759014445
|move|p2a: Dragapult|Draco Meteor|p1a: Keldeo
|-damage|p1a: Keldeo|36/100
|-unboost|p2a: Dragapult|spa|2
|move|p1a: Keldeo|Icy Wind|p2a: Dragapult
|-supereffective|p2a: Dragapult
|-damage|p2a: Dragapult|25/100
|-unboost|p2a: Dragapult|spe|1
|
|upkeep
|turn|2
|
|t:|1759014459
|switch|p1a: Ogerpon|Ogerpon-Wellspring, F|100/100
|switch|p2a: Garganacl|Garganacl, M|100/100
|
|upkeep
|turn|3
|
|t:|1759014467
|switch|p2a: Chesnaught|Chesnaught, M|100/100
|move|p1a: Ogerpon|Knock Off|p2a: Chesnaught
|-resisted|p2a: Chesnaught
|-damage|p2a: Chesnaught|89/100
|-damage|p1a: Ogerpon|84/100|[from] item: Rocky Helmet|[of] p2a: Chesnaught
|-enditem|p2a: Chesnaught|Rocky Helmet|[from] move: Knock Off|[of] p1a: Ogerpon
|
|upkeep
|turn|4
|
|t:|1759014471
|switch|p1a: Moltres|Moltres|100/100
|move|p2a: Chesnaught|Spikes|p1a: Moltres
|-sidestart|p1: aliester - es|Spikes
|
|upkeep
|turn|5
|
|t:|1759014478
|switch|p2a: Garganacl|Garganacl, M|100/100
|move|p1a: Moltres|U-turn|p2a: Garganacl
|-damage|p2a: Garganacl|90/100
|
|t:|1759014496
|switch|p1a: Ogerpon|Ogerpon-Wellspring, F|84/100|[from] U-turn
|-damage|p1a: Ogerpon|72/100|[from] Spikes
|
|-heal|p2a: Garganacl|96/100|[from] item: Leftovers
|upkeep
|turn|6
|
|t:|1759014499
|switch|p2a: Chesnaught|Chesnaught, M|89/100
|move|p1a: Ogerpon|Swords Dance|p1a: Ogerpon
|-boost|p1a: Ogerpon|atk|2
|
|upkeep
|turn|7
|
|t:|1759014512
|move|p1a: Ogerpon|Ivy Cudgel|p2a: Chesnaught|[anim] Ivy Cudgel Water
|-resisted|p2a: Chesnaught
|-damage|p2a: Chesnaught|54/100
|move|p2a: Chesnaught|Body Press|p1a: Ogerpon
|-damage|p1a: Ogerpon|10/100
|
|upkeep
|turn|8
|
|t:|1759014520
|move|p1a: Ogerpon|Ivy Cudgel|p2a: Chesnaught|[anim] Ivy Cudgel Water
|-resisted|p2a: Chesnaught
|-damage|p2a: Chesnaught|22/100
|move|p2a: Chesnaught|Synthesis|p2a: Chesnaught
|-heal|p2a: Chesnaught|72/100
|
|upkeep
|turn|9
|
|t:|1759014526
|move|p1a: Ogerpon|Ivy Cudgel|p2a: Chesnaught|[anim] Ivy Cudgel Water
|-resisted|p2a: Chesnaught
|-damage|p2a: Chesnaught|40/100
|move|p2a: Chesnaught|Synthesis|p2a: Chesnaught
|-heal|p2a: Chesnaught|90/100
|
|upkeep
|turn|10
|
|t:|1759014531
|switch|p1a: Moltres|Moltres|100/100
|move|p2a: Chesnaught|Body Press|p1a: Moltres
|-resisted|p1a: Moltres
|-damage|p1a: Moltres|84/100
|
|upkeep
|turn|11
|
|t:|1759014537
|switch|p2a: Garganacl|Garganacl, M|96/100
|move|p1a: Moltres|U-turn|p2a: Garganacl
|-damage|p2a: Garganacl|86/100
|
|t:|1759014542
|switch|p1a: Excadrill|Excadrill, M|100/100|[from] U-turn
|-item|p1a: Excadrill|Air Balloon
|
|-heal|p2a: Garganacl|92/100|[from] item: Leftovers
|upkeep
|turn|12
|
|t:|1759014559
|-terastallize|p2a: Garganacl|Water
|move|p1a: Excadrill|Rapid Spin|p2a: Garganacl
|-damage|p2a: Garganacl|79/100
|-boost|p1a: Excadrill|spe|1
|-sideend|p1: aliester - es|Spikes|[from] move: Rapid Spin|[of] p1a: Excadrill
|move|p2a: Garganacl|Salt Cure|p1a: Excadrill
|-resisted|p1a: Excadrill
|-damage|p1a: Excadrill|96/100
|-start|p1a: Excadrill|Salt Cure
|-enditem|p1a: Excadrill|Air Balloon
|
|-heal|p2a: Garganacl|85/100|[from] item: Leftovers
|-damage|p1a: Excadrill|71/100|[from] Salt Cure
|upkeep
|turn|13
|
|t:|1759014577
|switch|p1a: Tyranitar|Tyranitar, F|100/100
|-weather|Sandstorm|[from] ability: Sand Stream|[of] p1a: Tyranitar
|move|p2a: Garganacl|Stealth Rock|p1a: Tyranitar
|-sidestart|p1: aliester - es|move: Stealth Rock
|
|-weather|Sandstorm|[upkeep]
|-damage|p2a: Garganacl|79/100|[from] Sandstorm
|-heal|p2a: Garganacl|85/100|[from] item: Leftovers
|upkeep
|turn|14
|
|t:|1759014582
|switch|p2a: Great Tusk|Great Tusk|100/100
|move|p1a: Tyranitar|Stealth Rock|p2a: Great Tusk
|-sidestart|p2: gen 9 sab truther|move: Stealth Rock
|
|-weather|Sandstorm|[upkeep]
|upkeep
|turn|15
|
|t:|1759014586
|move|p2a: Great Tusk|Knock Off|p1a: Tyranitar
|-resisted|p1a: Tyranitar
|-damage|p1a: Tyranitar|87/100
|-enditem|p1a: Tyranitar|Smooth Rock|[from] move: Knock Off|[of] p2a: Great Tusk
|move|p1a: Tyranitar|Ice Beam|p2a: Great Tusk
|-supereffective|p2a: Great Tusk
|-damage|p2a: Great Tusk|26/100
|
|-weather|Sandstorm|[upkeep]
|upkeep
|turn|16
|
|t:|1759014594
|move|p2a: Great Tusk|Headlong Rush|p1a: Tyranitar
|-supereffective|p1a: Tyranitar
|-damage|p1a: Tyranitar|0 fnt
|-unboost|p2a: Great Tusk|def|1
|-unboost|p2a: Great Tusk|spd|1
|faint|p1a: Tyranitar
|
|-weather|Sandstorm|[upkeep]
|upkeep
|
|t:|1759014599
|switch|p1a: Dragapult|Dragapult, F|100/100
|-damage|p1a: Dragapult|88/100|[from] Stealth Rock
|turn|17
|
|t:|1759014609
|move|p1a: Dragapult|Dragon Darts|p2a: Great Tusk
|-damage|p2a: Great Tusk|0 fnt
|faint|p2a: Great Tusk
|-end|p2a: Great Tusk|Protosynthesis|[silent]
|
|-weather|Sandstorm|[upkeep]
|-damage|p1a: Dragapult|82/100|[from] Sandstorm
|upkeep
|
|t:|1759014616
|switch|p2a: Kingambit|Kingambit, M|100/100
|-damage|p2a: Kingambit|94/100|[from] Stealth Rock
|-activate|p2a: Kingambit|ability: Supreme Overlord
|-start|p2a: Kingambit|fallen1|[silent]
|turn|18
|
|t:|1759014624
|switch|p1a: Ogerpon|Ogerpon-Wellspring, F|10/100
|-damage|p1a: Ogerpon|0 fnt|[from] Stealth Rock
|faint|p1a: Ogerpon
|-end|p2a: Kingambit|fallen1|[silent]
|switch|p2a: Garganacl|Garganacl, M, tera:Water|85/100
|-damage|p2a: Garganacl|72/100|[from] Stealth Rock
|
|-weather|Sandstorm|[upkeep]
|-damage|p2a: Garganacl|66/100|[from] Sandstorm
|-heal|p2a: Garganacl|72/100|[from] item: Leftovers
|upkeep
|
|t:|1759014629
|switch|p1a: Dragapult|Dragapult, F|82/100
|-damage|p1a: Dragapult|70/100|[from] Stealth Rock
|turn|19
|
|t:|1759014632
|-terastallize|p1a: Dragapult|Dragon
|move|p2a: Garganacl|Protect|p2a: Garganacl
|-singleturn|p2a: Garganacl|Protect
|move|p1a: Dragapult|Dragon Darts|p2a: Garganacl
|-activate|p2a: Garganacl|move: Protect
|
|-weather|Sandstorm|[upkeep]
|-damage|p1a: Dragapult|64/100|[from] Sandstorm
|-damage|p2a: Garganacl|66/100|[from] Sandstorm
|-heal|p2a: Garganacl|72/100|[from] item: Leftovers
|upkeep
|turn|20
|
|t:|1759014636
|switch|p2a: Kingambit|Kingambit, M|94/100
|-damage|p2a: Kingambit|88/100|[from] Stealth Rock
|-activate|p2a: Kingambit|ability: Supreme Overlord
|-start|p2a: Kingambit|fallen1|[silent]
|move|p1a: Dragapult|Dragon Darts|p2a: Kingambit
|-resisted|p2a: Kingambit
|-damage|p2a: Kingambit|71/100
|-anim|p1a: Dragapult|Dragon Darts|p2a: Kingambit
|-resisted|p2a: Kingambit
|-crit|p2a: Kingambit
|-damage|p2a: Kingambit|46/100
|
|-weather|none
|-heal|p2a: Kingambit|52/100|[from] item: Leftovers
|upkeep
|turn|21
|
|t:|1759014644
|move|p2a: Kingambit|Sucker Punch|p1a: Dragapult
|-damage|p1a: Dragapult|4/100
|move|p1a: Dragapult|Dragon Darts|p2a: Kingambit
|-resisted|p2a: Kingambit
|-damage|p2a: Kingambit|33/100
|-anim|p1a: Dragapult|Dragon Darts|p2a: Kingambit
|-resisted|p2a: Kingambit
|-damage|p2a: Kingambit|14/100
|
|-heal|p2a: Kingambit|20/100|[from] item: Leftovers
|upkeep
|turn|22
|
|t:|1759014648
|switch|p1a: Moltres|Moltres|84/100
|move|p2a: Kingambit|Sucker Punch||[still]
|-fail|p2a: Kingambit
|
|-heal|p2a: Kingambit|27/100|[from] item: Leftovers
|upkeep
|turn|23
|
|t:|1759014654
|-end|p2a: Kingambit|fallen1|[silent]
|switch|p2a: Moltres|Moltres|100/100
|move|p1a: Moltres|Hurricane|p2a: Moltres|[miss]
|-miss|p1a: Moltres|p2a: Moltres
|
|upkeep
|turn|24
|
|t:|1759014665
|move|p1a: Moltres|Hurricane|p2a: Moltres
|-damage|p2a: Moltres|65/100
|move|p2a: Moltres|Roar|p1a: Moltres
|drag|p1a: Keldeo|Keldeo-Resolute|36/100
|-damage|p1a: Keldeo|30/100|[from] Stealth Rock
|
|upkeep
|turn|25
|
|t:|1759014683
|switch|p2a: Kingambit|Kingambit, M|27/100
|-damage|p2a: Kingambit|20/100|[from] Stealth Rock
|-activate|p2a: Kingambit|ability: Supreme Overlord
|-start|p2a: Kingambit|fallen1|[silent]
|move|p1a: Keldeo|Surf|p2a: Kingambit
|-damage|p2a: Kingambit|0 fnt
|faint|p2a: Kingambit
|-end|p2a: Kingambit|fallen1|[silent]
|
|upkeep
|
|t:|1759014685
|switch|p2a: Garganacl|Garganacl, M, tera:Water|72/100
|-damage|p2a: Garganacl|60/100|[from] Stealth Rock
|turn|26
|
|t:|1759014692
|switch|p1a: Excadrill|Excadrill, M|71/100
|-damage|p1a: Excadrill|68/100|[from] Stealth Rock
|move|p2a: Garganacl|Recover|p2a: Garganacl
|-heal|p2a: Garganacl|100/100
|
|upkeep
|turn|27
|
|t:|1759014700
|move|p1a: Excadrill|Earthquake|p2a: Garganacl
|-damage|p2a: Garganacl|60/100
|move|p2a: Garganacl|Salt Cure|p1a: Excadrill
|-resisted|p1a: Excadrill
|-damage|p1a: Excadrill|63/100
|-start|p1a: Excadrill|Salt Cure
|
|-heal|p2a: Garganacl|66/100|[from] item: Leftovers
|-damage|p1a: Excadrill|38/100|[from] Salt Cure
|upkeep
|turn|28
|
|t:|1759014708
|move|p1a: Excadrill|Swords Dance|p1a: Excadrill
|-boost|p1a: Excadrill|atk|2
|move|p2a: Garganacl|Recover|p2a: Garganacl
|-heal|p2a: Garganacl|100/100
|
|-damage|p1a: Excadrill|13/100|[from] Salt Cure
|upkeep
|turn|29
|
|t:|1759014712
|move|p2a: Garganacl|Protect|p2a: Garganacl
|-singleturn|p2a: Garganacl|Protect
|move|p1a: Excadrill|Swords Dance|p1a: Excadrill
|-boost|p1a: Excadrill|atk|2
|
|-damage|p1a: Excadrill|0 fnt|[from] Salt Cure
|faint|p1a: Excadrill
|upkeep
|
|t:|1759014720
|switch|p1a: Keldeo|Keldeo-Resolute|30/100
|-damage|p1a: Keldeo|24/100|[from] Stealth Rock
|turn|30
|
|t:|1759014723
|move|p2a: Garganacl|Protect|p2a: Garganacl
|-singleturn|p2a: Garganacl|Protect
|move|p1a: Keldeo|Secret Sword|p2a: Garganacl
|-activate|p2a: Garganacl|move: Protect
|
|upkeep
|turn|31
|j| larp legion
|
|t:|1759014725
|switch|p2a: Dragapult|Dragapult, M|25/100
|move|p1a: Keldeo|Secret Sword|p2a: Dragapult
|-immune|p2a: Dragapult
|
|upkeep
|turn|32
|
|t:|1759014728
|switch|p1a: Dragapult|Dragapult, F, tera:Dragon|4/100
|-damage|p1a: Dragapult|0 fnt|[from] Stealth Rock
|faint|p1a: Dragapult
|move|p2a: Dragapult|Hex|p1: Dragapult|[notarget]
|-fail|p2a: Dragapult
|
|upkeep
|
|t:|1759014730
|switch|p1a: Moltres|Moltres|84/100
|turn|33
|
|t:|1759014738
|switch|p2a: Moltres|Moltres|65/100
|move|p1a: Moltres|Hurricane|p2a: Moltres
|-damage|p2a: Moltres|30/100
|
|upkeep
|turn|34
|
|t:|1759014741
|move|p2a: Moltres|Roost|p2a: Moltres
|-heal|p2a: Moltres|80/100
|-singleturn|p2a: Moltres|move: Roost
|move|p1a: Moltres|Hurricane|p2a: Moltres
|-damage|p2a: Moltres|47/100
|-start|p2a: Moltres|confusion
|
|upkeep
|turn|35
|
|t:|1759014746
|-activate|p2a: Moltres|confusion
|move|p2a: Moltres|Roost|p2a: Moltres
|-heal|p2a: Moltres|97/100
|-singleturn|p2a: Moltres|move: Roost
|move|p1a: Moltres|Hurricane|p2a: Moltres
|-damage|p2a: Moltres|62/100
|
|upkeep
|turn|36
|
|t:|1759014752
|-activate|p2a: Moltres|confusion
|move|p2a: Moltres|Roost|p2a: Moltres
|-heal|p2a: Moltres|100/100
|-singleturn|p2a: Moltres|move: Roost
|move|p1a: Moltres|Hurricane|p2a: Moltres
|-damage|p2a: Moltres|66/100
|
|upkeep
|turn|37
|
|t:|1759014757
|-activate|p2a: Moltres|confusion
|-damage|p2a: Moltres|58/100|[from] confusion
|move|p1a: Moltres|Hurricane|p2a: Moltres
|-damage|p2a: Moltres|26/100
|
|upkeep
|turn|38
|
|t:|1759014762
|-activate|p2a: Moltres|confusion
|move|p2a: Moltres|Roost|p2a: Moltres
|-heal|p2a: Moltres|76/100
|-singleturn|p2a: Moltres|move: Roost
|move|p1a: Moltres|Hurricane|p2a: Moltres
|-damage|p2a: Moltres|42/100
|
|upkeep
|turn|39
|
|t:|1759014769
|-end|p2a: Moltres|confusion
|move|p2a: Moltres|Roost|p2a: Moltres
|-heal|p2a: Moltres|92/100
|-singleturn|p2a: Moltres|move: Roost
|move|p1a: Moltres|Hurricane|p2a: Moltres
|-damage|p2a: Moltres|60/100
|
|upkeep
|turn|40
|
|t:|1759014777
|move|p2a: Moltres|Roost|p2a: Moltres
|-heal|p2a: Moltres|100/100
|-singleturn|p2a: Moltres|move: Roost
|move|p1a: Moltres|Hurricane|p2a: Moltres|[miss]
|-miss|p1a: Moltres|p2a: Moltres
|
|upkeep
|turn|41
|
|t:|1759014785
|move|p2a: Moltres|Flamethrower|p1a: Moltres
|-resisted|p1a: Moltres
|-damage|p1a: Moltres|66/100
|move|p1a: Moltres|Flamethrower|p2a: Moltres
|-resisted|p2a: Moltres
|-damage|p2a: Moltres|86/100
|
|upkeep
|turn|42
|
|t:|1759014787
|move|p2a: Moltres|Flamethrower|p1a: Moltres
|-resisted|p1a: Moltres
|-damage|p1a: Moltres|49/100
|move|p1a: Moltres|Roost|p1a: Moltres
|-heal|p1a: Moltres|99/100
|-singleturn|p1a: Moltres|move: Roost
|
|upkeep
|turn|43
|
|t:|1759014790
|move|p2a: Moltres|Flamethrower|p1a: Moltres
|-resisted|p1a: Moltres
|-damage|p1a: Moltres|81/100
|move|p1a: Moltres|Hurricane|p2a: Moltres
|-damage|p2a: Moltres|55/100
|-start|p2a: Moltres|confusion
|
|upkeep
|turn|44
|
|t:|1759014800
|switch|p1a: Keldeo|Keldeo-Resolute|24/100
|-damage|p1a: Keldeo|18/100|[from] Stealth Rock
|-activate|p2a: Moltres|confusion
|-damage|p2a: Moltres|48/100|[from] confusion
|
|upkeep
|turn|45
|
|t:|1759014807
|move|p1a: Keldeo|Surf|p2a: Moltres
|-supereffective|p2a: Moltres
|-damage|p2a: Moltres|0 fnt
|faint|p2a: Moltres
|
|upkeep
|
|t:|1759014809
|switch|p2a: Dragapult|Dragapult, M|25/100
|turn|46
|
|t:|1759014812
|move|p2a: Dragapult|Hex|p1a: Keldeo
|-crit|p1a: Keldeo
|-damage|p1a: Keldeo|0 fnt
|faint|p1a: Keldeo
|
|upkeep
|
|t:|1759014814
|switch|p1a: Moltres|Moltres|81/100
|turn|47
|
|t:|1759014817
|move|p2a: Dragapult|Hex|p1a: Moltres
|-damage|p1a: Moltres|56/100
|move|p1a: Moltres|Flamethrower|p2a: Dragapult
|-resisted|p2a: Dragapult
|-damage|p2a: Dragapult|0 fnt
|faint|p2a: Dragapult
|
|upkeep
|
|t:|1759014819
|switch|p2a: Garganacl|Garganacl, M, tera:Water|100/100
|-damage|p2a: Garganacl|88/100|[from] Stealth Rock
|turn|48
|
|t:|1759014823
|move|p2a: Garganacl|Protect|p2a: Garganacl
|-singleturn|p2a: Garganacl|Protect
|move|p1a: Moltres|Hurricane|p2a: Garganacl
|-activate|p2a: Garganacl|move: Protect
|
|-heal|p2a: Garganacl|94/100|[from] item: Leftovers
|upkeep
|turn|49
|
|t:|1759014825
|move|p1a: Moltres|Hurricane|p2a: Garganacl|[miss]
|-miss|p1a: Moltres|p2a: Garganacl
|move|p2a: Garganacl|Salt Cure|p1a: Moltres
|-supereffective|p1a: Moltres
|-damage|p1a: Moltres|19/100
|-start|p1a: Moltres|Salt Cure
|
|-heal|p2a: Garganacl|100/100|[from] item: Leftovers
|-damage|p1a: Moltres|6/100|[from] Salt Cure
|upkeep
|turn|50
|
|t:|1759014828
|move|p1a: Moltres|Roost|p1a: Moltres
|-heal|p1a: Moltres|56/100
|-singleturn|p1a: Moltres|move: Roost
|move|p2a: Garganacl|Salt Cure|p1a: Moltres
|-supereffective|p1a: Moltres
|-damage|p1a: Moltres|37/100
|
|-damage|p1a: Moltres|25/100|[from] Salt Cure
|upkeep
|turn|51
|
|t:|1759014830
|move|p1a: Moltres|Hurricane|p2a: Garganacl|[miss]
|-miss|p1a: Moltres|p2a: Garganacl
|move|p2a: Garganacl|Salt Cure|p1a: Moltres
|-supereffective|p1a: Moltres
|-crit|p1a: Moltres
|-damage|p1a: Moltres|0 fnt
|faint|p1a: Moltres
|
|win|gen 9 sab truther
|raw|aliester - es's rating: 1660 &rarr; <strong>1641</strong><br />(-19 for losing)
|raw|gen 9 sab truther's rating: 1675 &rarr; <strong>1694</strong><br />(+19 for winning)
|l|☆gen 9 sab truther
|player|p2|
|l| larp legion
