|j|☆106-t6e
|j|☆ernoux41m
|t:|1758994365
|gametype|singles
|player|p1|106-t6e|1|1451
|player|p2|ernoux41m|265|1426
|gen|9
|tier|[Gen 9] OU
|rated|
|rule|HP Percentage Mod: HP is shown in percentages
|rule|Endless Battle Clause: Forcing endless battles is banned
|rule|Species Clause: Limit one of each Pokémon
|rule|OHKO Clause: OHKO moves are banned
|rule|Evasion Items Clause: Evasion items are banned
|rule|Evasion Moves Clause: Evasion moves are banned
|rule|Evasion Abilities Clause: Evasion abilities are banned
|rule|Sleep Moves Clause: Sleep-inducing moves are banned
|clearpoke
|poke|p1|Pelipper, F|
|poke|p1|Barraskewda, F|
|poke|p1|Raging Bolt|
|poke|p1|Iron Treads|
|poke|p1|Kingambit, F|
|poke|p1|Dragonite, M|
|poke|p2|Enamorus, F|
|poke|p2|Staraptor, F|
|poke|p2|Hatterene, F|
|poke|p2|Iron Treads|
|poke|p2|Kingambit, M|
|poke|p2|Blaziken, M|
|teampreview
|inactive|Battle timer is ON: inactive players will automatically lose when time's up. (requested by 106-t6e)
|
|t:|1758994373
|teamsize|p1|6
|teamsize|p2|6
|start
|switch|p1a: Pelipper|Pelipper, F|100/100
|switch|p2a: Staraptor|Staraptor, F|100/100
|-weather|RainDance|[from] ability: Drizzle|[of] p1a: Pelipper
|turn|1
|
|t:|1758994384
|move|p2a: Staraptor|Brave Bird|p1a: Pelipper
|-damage|p1a: Pelipper|20/100
|-damage|p2a: Staraptor|73/100|[from] Recoil
|move|p1a: Pelipper|U-turn|p2a: Staraptor
|-resisted|p2a: Staraptor
|-damage|p2a: Staraptor|66/100
|
|t:|1758994390
|switch|p1a: Barraskewda|Barraskewda, F|100/100|[from] U-turn
|
|-weather|RainDance|[upkeep]
|upkeep
|turn|2
|
|t:|1758994397
|move|p1a: Barraskewda|Flip Turn|p2a: Staraptor
|-damage|p2a: Staraptor|0 fnt
|faint|p2a: Staraptor
|
|t:|1758994400
|switch|p1a: Dragonite|Dragonite, M|100/100|[from] Flip Turn
|
|-weather|RainDance|[upkeep]
|upkeep
|
|t:|1758994404
|switch|p2a: Hatterene|Hatterene, F|100/100
|turn|3
|
|t:|1758994408
|move|p1a: Dragonite|Hurricane|p2a: Hatterene
|-damage|p2a: Hatterene|44/100
|move|p2a: Hatterene|Nuzzle|p1a: Dragonite
|-damage|p1a: Dragonite|98/100
|-status|p1a: Dragonite|par
|
|-weather|RainDance|[upkeep]
|-heal|p2a: Hatterene|50/100|[from] item: Leftovers
|upkeep
|turn|4
|
|t:|1758994417
|switch|p2a: Iron Treads|Iron Treads|100/100
|-enditem|p2a: Iron Treads|Booster Energy
|-activate|p2a: Iron Treads|ability: Quark Drive|[fromitem]
|-start|p2a: Iron Treads|quarkdrivespe
|move|p1a: Dragonite|Hurricane|p2a: Iron Treads
|-resisted|p2a: Iron Treads
|-damage|p2a: Iron Treads|70/100
|
|-weather|RainDance|[upkeep]
|upkeep
|turn|5
|
|t:|1758994419
|move|p2a: Iron Treads|Stealth Rock|p1a: Dragonite
|-sidestart|p1: 106-t6e|move: Stealth Rock
|move|p1a: Dragonite|Earthquake|p2a: Iron Treads
|-supereffective|p2a: Iron Treads
|-damage|p2a: Iron Treads|15/100
|
|-weather|RainDance|[upkeep]
|upkeep
|turn|6
|
|t:|1758994424
|move|p2a: Iron Treads|Endeavor|p1a: Dragonite
|-damage|p1a: Dragonite|18/100 par
|move|p1a: Dragonite|Hurricane|p2a: Iron Treads
|-resisted|p2a: Iron Treads
|-damage|p2a: Iron Treads|0 fnt
|faint|p2a: Iron Treads
|-end|p2a: Iron Treads|Quark Drive|[silent]
|
|-weather|RainDance|[upkeep]
|upkeep
|
|t:|1758994428
|switch|p2a: Blaziken|Blaziken, M|100/100
|turn|7
|
|t:|1758994433
|-terastallize|p2a: Blaziken|Ice
|move|p2a: Blaziken|Focus Energy|p2a: Blaziken
|-start|p2a: Blaziken|move: Focus Energy
|move|p1a: Dragonite|Hurricane|p2a: Blaziken
|-damage|p2a: Blaziken|18/100
|
|-weather|RainDance|[upkeep]
|-ability|p2a: Blaziken|Speed Boost|boost
|-boost|p2a: Blaziken|spe|1
|upkeep
|turn|8
|
|t:|1758994442
|move|p2a: Blaziken|Tera Blast|p1a: Dragonite|[anim] Tera Blast Ice
|-supereffective|p1a: Dragonite
|-crit|p1a: Dragonite
|-damage|p1a: Dragonite|0 fnt
|faint|p1a: Dragonite
|
|-weather|none
|-ability|p2a: Blaziken|Speed Boost|boost
|-boost|p2a: Blaziken|spe|1
|upkeep
|
|t:|1758994448
|switch|p1a: Raging Bolt|Raging Bolt|100/100
|turn|9
|
|t:|1758994457
|move|p1a: Raging Bolt|Thunderclap|p2a: Blaziken
|-damage|p2a: Blaziken|0 fnt
|faint|p2a: Blaziken
|
|upkeep
|
|t:|1758994466
|switch|p2a: Hatterene|Hatterene, F|50/100
|turn|10
|
|t:|1758994475
|move|p1a: Raging Bolt|Volt Switch|p2a: Hatterene
|-damage|p2a: Hatterene|6/100
|
|t:|1758994478
|-end|p1a: Raging Bolt|Protosynthesis|[silent]
|switch|p1a: Pelipper|Pelipper, F|20/100|[from] Volt Switch
|-damage|p1a: Pelipper|0 fnt|[from] Stealth Rock
|faint|p1a: Pelipper
|move|p2a: Hatterene|Draining Kiss|p1: Pelipper|[notarget]
|-fail|p2a: Hatterene
|
|-heal|p2a: Hatterene|12/100|[from] item: Leftovers
|upkeep
|
|t:|1758994481
|switch|p1a: Raging Bolt|Raging Bolt|100/100
|turn|11
|
|t:|1758994484
|move|p1a: Raging Bolt|Thunderbolt|p2a: Hatterene
|-damage|p2a: Hatterene|0 fnt
|faint|p2a: Hatterene
|
|upkeep
|
|t:|1758994491
|switch|p2a: Kingambit|Kingambit, M|100/100
|-activate|p2a: Kingambit|ability: Supreme Overlord
|-start|p2a: Kingambit|fallen4|[silent]
|turn|12
|
|t:|1758994499
|move|p1a: Raging Bolt|Thunderbolt|p2a: Kingambit
|-damage|p2a: Kingambit|53/100
|move|p2a: Kingambit|Swords Dance|p2a: Kingambit
|-boost|p2a: Kingambit|atk|2
|
|-heal|p2a: Kingambit|59/100|[from] item: Leftovers
|upkeep
|turn|13
|
|t:|1758994503
|-terastallize|p1a: Raging Bolt|Fairy
|move|p2a: Kingambit|Sucker Punch|p1a: Raging Bolt
|-resisted|p1a: Raging Bolt
|-damage|p1a: Raging Bolt|50/100
|move|p1a: Raging Bolt|Thunderbolt|p2a: Kingambit
|-damage|p2a: Kingambit|4/100
|
|-heal|p2a: Kingambit|10/100|[from] item: Leftovers
|upkeep
|turn|14
|
|t:|1758994512
|move|p1a: Raging Bolt|Thunderclap||[still]
|-fail|p1a: Raging Bolt
|move|p2a: Kingambit|Swords Dance|p2a: Kingambit
|-boost|p2a: Kingambit|atk|2
|
|-heal|p2a: Kingambit|16/100|[from] item: Leftovers
|upkeep
|turn|15
|
|t:|1758994515
|move|p1a: Raging Bolt|Thunderclap|p2a: Kingambit
|-damage|p2a: Kingambit|0 fnt
|faint|p2a: Kingambit
|-end|p2a: Kingambit|fallen4|[silent]
|
|upkeep
|-message|ernoux41m forfeited.
|
|win|106-t6e
|raw|106-t6e's rating: 1451 &rarr; <strong>1470</strong><br />(+19 for winning)
|raw|ernoux41m's rating: 1426 &rarr; <strong>1407</strong><br />(-19 for losing)
|l|☆ernoux41m
|player|p2|
|l|☆106-t6e
|player|p1|
