|badge|p1|silver|gen9ou|30-6
|badge|p1|silver|gen9uu|30-6
|badge|p1|bronze|gen9ru|100-6
|html|<div class="broadcast-red"><strong>This battle is required to be public due to one or more player having a season medal.</strong><br />During the public phase, you can discuss the state of the ladder <a href="/seasondiscussion">in a special chatroom.</a></div>
|uhtml|medal-msg|<div class="broadcast-blue">Curious what those medals under the avatar are? PS now has Ladder Seasons! For more information, check out the <a href="https://www.smogon.com/forums/threads/3740067/">thread on Smogon.</a></div>
|raw|<div class="broadcast-blue"><strong>This battle is required to be public due to a player having a name starting with 'medal'.</div>
|j|☆Sirpeanutcronch
|j|☆lupiit
|t:|1759053298
|gametype|singles
|player|p1|Sirpeanutcronch|#wcop2025africa|1895
|player|p2|lupiit|dragontamer|1737
|gen|9
|tier|[Gen 9] OU
|rated|
|rule|HP Percentage Mod: HP is shown in percentages
|rule|Endless Battle Clause: Forcing endless battles is banned
|rule|Species Clause: Limit one of each Pokémon
|rule|OHKO Clause: OHKO moves are banned
|rule|Evasion Items Clause: Evasion items are banned
|rule|Evasion Moves Clause: Evasion moves are banned
|rule|Evasion Abilities Clause: Evasion abilities are banned
|rule|Sleep Moves Clause: Sleep-inducing moves are banned
|clearpoke
|poke|p1|Ting-Lu|
|poke|p1|Blaziken, F|
|poke|p1|Gholdengo|
|poke|p1|Raging Bolt|
|poke|p1|Dragonite, M|
|poke|p1|Ogerpon-Wellspring, F|
|poke|p2|Hoopa-Unbound|
|poke|p2|Lokix, F|
|poke|p2|Dondozo, M|
|poke|p2|Scizor, M|
|poke|p2|Glimmora, M|
|poke|p2|Kyurem|
|teampreview
|inactive|Battle timer is ON: inactive players will automatically lose when time's up. (requested by Sirpeanutcronch)
|c|☆lupiit|what the helly
|
|t:|1759053320
|teamsize|p1|6
|teamsize|p2|6
|start
|switch|p1a: Gholdengo|Gholdengo|100/100
|switch|p2a: Lokix|Lokix, F|100/100
|turn|1
|
|t:|1759053328
|move|p2a: Lokix|Knock Off|p1a: Gholdengo
|-supereffective|p1a: Gholdengo
|-enditem|p1a: Gholdengo|Colbur Berry|[eat]
|-enditem|p1a: Gholdengo|Colbur Berry|[weaken]
|-damage|p1a: Gholdengo|56/100
|-damage|p2a: Lokix|91/100|[from] item: Life Orb
|move|p1a: Gholdengo|Make It Rain|p2a: Lokix
|-damage|p2a: Lokix|0 fnt
|-unboost|p1a: Gholdengo|spa|1
|faint|p2a: Lokix
|
|upkeep
|
|t:|1759053337
|switch|p2a: Glimmora|Glimmora, M|100/100
|turn|2
|
|t:|1759053339
|move|p2a: Glimmora|Earth Power|p1a: Gholdengo
|-supereffective|p1a: Gholdengo
|-damage|p1a: Gholdengo|0 fnt
|faint|p1a: Gholdengo
|
|upkeep
|
|t:|1759053341
|switch|p1a: Ting-Lu|Ting-Lu|100/100
|-ability|p1a: Ting-Lu|Vessel of Ruin
|turn|3
|
|t:|1759053347
|switch|p2a: Scizor|Scizor, M|100/100
|move|p1a: Ting-Lu|Ruination|p2a: Scizor
|-damage|p2a: Scizor|50/100
|
|upkeep
|turn|4
|
|t:|1759053351
|move|p2a: Scizor|U-turn|p1a: Ting-Lu
|-supereffective|p1a: Ting-Lu
|-damage|p1a: Ting-Lu|29/100
|-enditem|p1a: Ting-Lu|Red Card|[of] p2a: Scizor
|drag|p2a: Hoopa|Hoopa-Unbound|100/100
|move|p1a: Ting-Lu|Stealth Rock|p2a: Hoopa
|-sidestart|p2: lupiit|move: Stealth Rock
|
|upkeep
|turn|5
|
|t:|1759053360
|switch|p2a: Glimmora|Glimmora, M|100/100
|-damage|p2a: Glimmora|88/100|[from] Stealth Rock
|move|p1a: Ting-Lu|Ruination|p2a: Glimmora
|-damage|p2a: Glimmora|44/100
|-enditem|p2a: Glimmora|Eject Button
|
|t:|1759053363
|switch|p2a: Scizor|Scizor, M|50/100
|-damage|p2a: Scizor|38/100|[from] Stealth Rock
|
|upkeep
|turn|6
|
|t:|1759053365
|move|p2a: Scizor|U-turn|p1a: Ting-Lu
|-supereffective|p1a: Ting-Lu
|-damage|p1a: Ting-Lu|0 fnt
|faint|p1a: Ting-Lu
|
|t:|1759053373
|switch|p2a: Hoopa|Hoopa-Unbound|100/100|[from] U-turn
|-damage|p2a: Hoopa|88/100|[from] Stealth Rock
|
|upkeep
|
|t:|1759053378
|switch|p1a: Ogerpon|Ogerpon-Wellspring, F|100/100
|turn|7
|
|t:|1759053388
|switch|p2a: Glimmora|Glimmora, M|44/100
|-damage|p2a: Glimmora|32/100|[from] Stealth Rock
|move|p1a: Ogerpon|Play Rough|p2a: Glimmora
|-resisted|p2a: Glimmora
|-damage|p2a: Glimmora|12/100
|-activate|p2a: Glimmora|ability: Toxic Debris
|-sidestart|p1: Sirpeanutcronch|move: Toxic Spikes
|
|upkeep
|turn|8
|c|☆lupiit|oof
|
|t:|1759053392
|move|p1a: Ogerpon|Ivy Cudgel|p2a: Glimmora|[anim] Ivy Cudgel Water
|-supereffective|p2a: Glimmora
|-damage|p2a: Glimmora|0 fnt
|-activate|p2a: Glimmora|ability: Toxic Debris
|-sidestart|p1: Sirpeanutcronch|move: Toxic Spikes
|faint|p2a: Glimmora
|
|upkeep
|
|t:|1759053394
|switch|p2a: Kyurem|Kyurem|100/100
|-ability|p2a: Kyurem|Pressure
|turn|9
|
|t:|1759053404
|move|p1a: Ogerpon|Play Rough|p2a: Kyurem
|-supereffective|p2a: Kyurem
|-damage|p2a: Kyurem|24/100
|move|p2a: Kyurem|Freeze-Dry|p1a: Ogerpon
|-supereffective|p1a: Ogerpon
|-damage|p1a: Ogerpon|0 fnt
|faint|p1a: Ogerpon
|
|upkeep
|
|t:|1759053406
|switch|p1a: Blaziken|Blaziken, F|100/100
|-item|p1a: Blaziken|Air Balloon
|turn|10
|
|t:|1759053422
|switch|p2a: Scizor|Scizor, M|38/100
|-damage|p2a: Scizor|25/100|[from] Stealth Rock
|move|p1a: Blaziken|Close Combat|p2a: Scizor
|-damage|p2a: Scizor|0 fnt
|-unboost|p1a: Blaziken|def|1
|-unboost|p1a: Blaziken|spd|1
|faint|p2a: Scizor
|
|-ability|p1a: Blaziken|Speed Boost|boost
|-boost|p1a: Blaziken|spe|1
|upkeep
|
|t:|1759053424
|switch|p2a: Dondozo|Dondozo, M|100/100
|-damage|p2a: Dondozo|88/100|[from] Stealth Rock
|turn|11
|
|t:|1759053431
|move|p1a: Blaziken|Protect|p1a: Blaziken
|-singleturn|p1a: Blaziken|Protect
|move|p2a: Dondozo|Wave Crash|p1a: Blaziken
|-activate|p1a: Blaziken|move: Protect
|
|-heal|p2a: Dondozo|94/100|[from] item: Leftovers
|-ability|p1a: Blaziken|Speed Boost|boost
|-boost|p1a: Blaziken|spe|1
|upkeep
|turn|12
|j| Kyurem
|
|t:|1759053441
|move|p1a: Blaziken|Close Combat|p2a: Dondozo
|-damage|p2a: Dondozo|66/100
|-unboost|p1a: Blaziken|def|1
|-unboost|p1a: Blaziken|spd|1
|move|p2a: Dondozo|Wave Crash|p1a: Blaziken
|-supereffective|p1a: Blaziken
|-damage|p1a: Blaziken|0 fnt
|-enditem|p1a: Blaziken|Air Balloon
|faint|p1a: Blaziken
|-damage|p2a: Dondozo|47/100|[from] Recoil
|
|-heal|p2a: Dondozo|53/100|[from] item: Leftovers
|upkeep
|
|t:|1759053444
|switch|p1a: Raging Bolt|Raging Bolt|100/100
|-status|p1a: Raging Bolt|tox
|-enditem|p1a: Raging Bolt|Booster Energy
|-activate|p1a: Raging Bolt|ability: Protosynthesis|[fromitem]
|-start|p1a: Raging Bolt|protosynthesisspa
|turn|13
|
|t:|1759053449
|move|p2a: Dondozo|Protect|p2a: Dondozo
|-singleturn|p2a: Dondozo|Protect
|move|p1a: Raging Bolt|Thunderbolt|p2a: Dondozo
|-activate|p2a: Dondozo|move: Protect
|
|-heal|p2a: Dondozo|59/100|[from] item: Leftovers
|-damage|p1a: Raging Bolt|94/100 tox|[from] psn
|upkeep
|turn|14
|
|t:|1759053455
|switch|p2a: Hoopa|Hoopa-Unbound|88/100
|-damage|p2a: Hoopa|76/100|[from] Stealth Rock
|move|p1a: Raging Bolt|Thunderbolt|p2a: Hoopa
|-damage|p2a: Hoopa|14/100
|
|-damage|p1a: Raging Bolt|82/100 tox|[from] psn
|upkeep
|turn|15
|
|t:|1759053462
|switch|p2a: Kyurem|Kyurem|24/100
|-ability|p2a: Kyurem|Pressure
|move|p1a: Raging Bolt|Thunderclap||[still]
|-fail|p1a: Raging Bolt
|
|-damage|p1a: Raging Bolt|64/100 tox|[from] psn
|upkeep
|turn|16
|
|t:|1759053467
|move|p2a: Kyurem|Protect|p2a: Kyurem
|-singleturn|p2a: Kyurem|Protect
|move|p1a: Raging Bolt|Thunderclap||[still]
|-fail|p1a: Raging Bolt
|
|-damage|p1a: Raging Bolt|39/100 tox|[from] psn
|upkeep
|turn|17
|
|t:|1759053471
|switch|p2a: Hoopa|Hoopa-Unbound|14/100
|-damage|p2a: Hoopa|2/100|[from] Stealth Rock
|move|p1a: Raging Bolt|Thunderclap||[still]
|-fail|p1a: Raging Bolt
|
|-damage|p1a: Raging Bolt|8/100 tox|[from] psn
|upkeep
|turn|18
|
|t:|1759053476
|move|p1a: Raging Bolt|Thunderclap|p2a: Hoopa
|-damage|p2a: Hoopa|0 fnt
|faint|p2a: Hoopa
|
|-damage|p1a: Raging Bolt|0 fnt|[from] psn
|faint|p1a: Raging Bolt
|-end|p1a: Raging Bolt|Protosynthesis|[silent]
|upkeep
|
|t:|1759053485
|switch|p2a: Kyurem|Kyurem|24/100
|switch|p1a: Dragonite|Dragonite, M|100/100
|-ability|p2a: Kyurem|Pressure
|turn|19
|
|t:|1759053488
|move|p1a: Dragonite|Extreme Speed|p2a: Kyurem
|-damage|p2a: Kyurem|0 fnt
|faint|p2a: Kyurem
|
|upkeep
|
|t:|1759053491
|switch|p2a: Dondozo|Dondozo, M|59/100
|-damage|p2a: Dondozo|46/100|[from] Stealth Rock
|turn|20
|
|t:|1759053493
|-terastallize|p1a: Dragonite|Flying
|move|p2a: Dondozo|Protect|p2a: Dondozo
|-singleturn|p2a: Dondozo|Protect
|move|p1a: Dragonite|Tera Blast|p2a: Dondozo|[anim] Tera Blast Flying
|-activate|p2a: Dondozo|move: Protect
|
|-heal|p2a: Dondozo|52/100|[from] item: Leftovers
|upkeep
|turn|21
|
|t:|1759053505
|move|p1a: Dragonite|Tera Blast|p2a: Dondozo|[anim] Tera Blast Flying
|-damage|p2a: Dondozo|27/100
|move|p2a: Dondozo|Curse|p2a: Dondozo
|-unboost|p2a: Dondozo|spe|1
|-boost|p2a: Dondozo|atk|1
|-boost|p2a: Dondozo|def|1
|
|-heal|p2a: Dondozo|34/100|[from] item: Leftovers
|upkeep
|turn|22
|
|t:|1759053510
|move|p2a: Dondozo|Protect|p2a: Dondozo
|-singleturn|p2a: Dondozo|Protect
|move|p1a: Dragonite|Tera Blast|p2a: Dondozo|[anim] Tera Blast Flying
|-activate|p2a: Dondozo|move: Protect
|
|-heal|p2a: Dondozo|40/100|[from] item: Leftovers
|upkeep
|turn|23
|
|t:|1759053513
|move|p1a: Dragonite|Tera Blast|p2a: Dondozo|[anim] Tera Blast Flying
|-damage|p2a: Dondozo|21/100
|move|p2a: Dondozo|Curse|p2a: Dondozo
|-unboost|p2a: Dondozo|spe|1
|-boost|p2a: Dondozo|atk|1
|-boost|p2a: Dondozo|def|1
|
|-heal|p2a: Dondozo|27/100|[from] item: Leftovers
|upkeep
|turn|24
|j| seiko leich
|
|t:|1759053517
|move|p2a: Dondozo|Protect|p2a: Dondozo
|-singleturn|p2a: Dondozo|Protect
|move|p1a: Dragonite|Tera Blast|p2a: Dondozo|[anim] Tera Blast Flying
|-activate|p2a: Dondozo|move: Protect
|
|-heal|p2a: Dondozo|33/100|[from] item: Leftovers
|upkeep
|turn|25
|j| cynasaurus
|
|t:|1759053523
|move|p1a: Dragonite|Tera Blast|p2a: Dondozo|[anim] Tera Blast Flying
|-damage|p2a: Dondozo|20/100
|move|p2a: Dondozo|Curse|p2a: Dondozo
|-unboost|p2a: Dondozo|spe|1
|-boost|p2a: Dondozo|atk|1
|-boost|p2a: Dondozo|def|1
|
|-heal|p2a: Dondozo|26/100|[from] item: Leftovers
|upkeep
|turn|26
|
|t:|1759053525
|move|p2a: Dondozo|Protect|p2a: Dondozo
|-singleturn|p2a: Dondozo|Protect
|move|p1a: Dragonite|Tera Blast|p2a: Dondozo|[anim] Tera Blast Flying
|-activate|p2a: Dondozo|move: Protect
|
|-heal|p2a: Dondozo|32/100|[from] item: Leftovers
|upkeep
|turn|27
|j| wgw2333
|
|t:|1759053528
|move|p1a: Dragonite|Tera Blast|p2a: Dondozo|[anim] Tera Blast Flying
|-damage|p2a: Dondozo|22/100
|move|p2a: Dondozo|Curse|p2a: Dondozo
|-unboost|p2a: Dondozo|spe|1
|-boost|p2a: Dondozo|atk|1
|-boost|p2a: Dondozo|def|1
|
|-heal|p2a: Dondozo|28/100|[from] item: Leftovers
|upkeep
|turn|28
|
|t:|1759053531
|move|p2a: Dondozo|Protect|p2a: Dondozo
|-singleturn|p2a: Dondozo|Protect
|move|p1a: Dragonite|Tera Blast|p2a: Dondozo|[anim] Tera Blast Flying
|-activate|p2a: Dondozo|move: Protect
|
|-heal|p2a: Dondozo|34/100|[from] item: Leftovers
|upkeep
|turn|29
|j| catarina valentine
|
|t:|1759053536
|move|p1a: Dragonite|Tera Blast|p2a: Dondozo|[anim] Tera Blast Flying
|-damage|p2a: Dondozo|25/100
|move|p2a: Dondozo|Curse|p2a: Dondozo
|-unboost|p2a: Dondozo|spe|1
|-boost|p2a: Dondozo|atk|1
|-boost|p2a: Dondozo|def|1
|
|-heal|p2a: Dondozo|32/100|[from] item: Leftovers
|upkeep
|turn|30
|
|t:|1759053542
|move|p2a: Dondozo|Protect|p2a: Dondozo
|-singleturn|p2a: Dondozo|Protect
|move|p1a: Dragonite|Tera Blast|p2a: Dondozo|[anim] Tera Blast Flying
|-activate|p2a: Dondozo|move: Protect
|
|-heal|p2a: Dondozo|38/100|[from] item: Leftovers
|upkeep
|turn|31
|
|t:|1759053550
|move|p1a: Dragonite|Tera Blast|p2a: Dondozo|[anim] Tera Blast Flying
|-damage|p2a: Dondozo|31/100
|move|p2a: Dondozo|Curse|p2a: Dondozo
|-unboost|p2a: Dondozo|spe|1
|-boost|p2a: Dondozo|atk|1
|-boost|p2a: Dondozo|def|1
|
|-heal|p2a: Dondozo|37/100|[from] item: Leftovers
|upkeep
|turn|32
|
|t:|1759053553
|move|p2a: Dondozo|Protect|p2a: Dondozo
|-singleturn|p2a: Dondozo|Protect
|move|p1a: Dragonite|Tera Blast|p2a: Dondozo|[anim] Tera Blast Flying
|-activate|p2a: Dondozo|move: Protect
|
|-heal|p2a: Dondozo|43/100|[from] item: Leftovers
|upkeep
|turn|33
|c|☆lupiit|why is band dragonite so common recently
|inactive|lupiit has 120 seconds left.
|
|t:|1759053586
|move|p1a: Dragonite|Tera Blast|p2a: Dondozo|[anim] Tera Blast Flying
|-damage|p2a: Dondozo|36/100
|move|p2a: Dondozo|Earthquake|p1a: Dragonite
|-immune|p1a: Dragonite
|
|-heal|p2a: Dondozo|42/100|[from] item: Leftovers
|upkeep
|turn|34
|
|t:|1759053591
|move|p2a: Dondozo|Protect|p2a: Dondozo
|-singleturn|p2a: Dondozo|Protect
|move|p1a: Dragonite|Earthquake|p2a: Dondozo
|-activate|p2a: Dondozo|move: Protect
|
|-heal|p2a: Dondozo|48/100|[from] item: Leftovers
|upkeep
|turn|35
|
|t:|1759053597
|move|p1a: Dragonite|Earthquake|p2a: Dondozo
|-damage|p2a: Dondozo|44/100
|move|p2a: Dondozo|Earthquake|p1a: Dragonite
|-immune|p1a: Dragonite
|
|-heal|p2a: Dondozo|50/100|[from] item: Leftovers
|upkeep
|turn|36
|
|t:|1759053600
|move|p2a: Dondozo|Protect|p2a: Dondozo
|-singleturn|p2a: Dondozo|Protect
|move|p1a: Dragonite|Earthquake|p2a: Dondozo
|-activate|p2a: Dondozo|move: Protect
|
|-heal|p2a: Dondozo|56/100|[from] item: Leftovers
|upkeep
|turn|37
|
|t:|1759053604
|move|p1a: Dragonite|Tera Blast|p2a: Dondozo|[anim] Tera Blast Flying
|-damage|p2a: Dondozo|49/100
|move|p2a: Dondozo|Earthquake|p1a: Dragonite
|-immune|p1a: Dragonite
|
|-heal|p2a: Dondozo|55/100|[from] item: Leftovers
|upkeep
|turn|38
|
|t:|1759053617
|move|p1a: Dragonite|Earthquake|p2a: Dondozo
|-damage|p2a: Dondozo|51/100
|move|p2a: Dondozo|Earthquake|p1a: Dragonite
|-immune|p1a: Dragonite
|
|-heal|p2a: Dondozo|57/100|[from] item: Leftovers
|upkeep
|turn|39
|c|☆lupiit|I have wave crash
|c|☆lupiit|I need max hp
|c|☆lupiit|sorry for the delay brother
|c|☆lupiit|idk how to calc recoil haha
|
|t:|1759053637
|move|p1a: Dragonite|Earthquake|p2a: Dondozo
|-damage|p2a: Dondozo|52/100
|move|p2a: Dondozo|Curse|p2a: Dondozo
|
|-heal|p2a: Dondozo|59/100|[from] item: Leftovers
|upkeep
|turn|40
|
|t:|1759053645
|move|p2a: Dondozo|Protect|p2a: Dondozo
|-singleturn|p2a: Dondozo|Protect
|move|p1a: Dragonite|Tera Blast|p2a: Dondozo|[anim] Tera Blast Flying
|-activate|p2a: Dondozo|move: Protect
|
|-heal|p2a: Dondozo|65/100|[from] item: Leftovers
|upkeep
|turn|41
|
|t:|1759053648
|move|p1a: Dragonite|Earthquake|p2a: Dondozo
|-damage|p2a: Dondozo|61/100
|move|p2a: Dondozo|Earthquake|p1a: Dragonite
|-immune|p1a: Dragonite
|
|-heal|p2a: Dondozo|67/100|[from] item: Leftovers
|upkeep
|turn|42
|
|t:|1759053650
|move|p1a: Dragonite|Earthquake|p2a: Dondozo
|-damage|p2a: Dondozo|62/100
|move|p2a: Dondozo|Curse|p2a: Dondozo
|
|-heal|p2a: Dondozo|68/100|[from] item: Leftovers
|upkeep
|turn|43
|-message|Sirpeanutcronch forfeited.
|
|win|lupiit
|raw|Sirpeanutcronch's rating: 1895 &rarr; <strong>1866</strong><br />(-29 for losing)
|raw|lupiit's rating: 1737 &rarr; <strong>1766</strong><br />(+29 for winning)
|l|☆Sirpeanutcronch
|player|p1|
|l|☆lupiit
|player|p2|
|l| wgw2333
|j|☆lupiit
|player|p2|lupiit|dragontamer|
|l| cynasaurus
