|badge|p1|silver|gen9ou|30-6
|html|<div class="broadcast-red"><strong>This battle is required to be public due to one or more player having a season medal.</strong><br />During the public phase, you can discuss the state of the ladder <a href="/seasondiscussion">in a special chatroom.</a></div>
|uhtml|medal-msg|<div class="broadcast-blue">Curious what those medals under the avatar are? PS now has Ladder Seasons! For more information, check out the <a href="https://www.smogon.com/forums/threads/3740067/">thread on Smogon.</a></div>
|badge|p2|bronze|gen9ou|100-6
|uhtml|medal-msg|<div class="broadcast-blue">Curious what those medals under the avatar are? PS now has Ladder Seasons! For more information, check out the <a href="https://www.smogon.com/forums/threads/3740067/">thread on Smogon.</a></div>
|raw|<div class="broadcast-blue"><strong>This battle is required to be public due to a player having a name starting with 'medal'.</div>
|j|☆losts0ulsmc
|j|☆WogerHater
|t:|1758936720
|gametype|singles
|player|p1|losts0ulsmc|2|1931
|player|p2|WogerHater|dawn-gen4pt|1796
|gen|9
|tier|[Gen 9] OU
|rated|
|rule|HP Percentage Mod: HP is shown in percentages
|rule|Endless Battle Clause: Forcing endless battles is banned
|rule|Species Clause: Limit one of each Pokémon
|rule|OHKO Clause: OHKO moves are banned
|rule|Evasion Items Clause: Evasion items are banned
|rule|Evasion Moves Clause: Evasion moves are banned
|rule|Evasion Abilities Clause: Evasion abilities are banned
|rule|Sleep Moves Clause: Sleep-inducing moves are banned
|clearpoke
|poke|p1|Gholdengo|
|poke|p1|Great Tusk|
|poke|p1|Kingambit, M|
|poke|p1|Iron Valiant|
|poke|p1|Samurott-Hisui, M|
|poke|p1|Landorus-Therian, M|
|poke|p2|Weezing-Galar, M|
|poke|p2|Ting-Lu|
|poke|p2|Corviknight, F|
|poke|p2|Skeledirge, M|
|poke|p2|Dragapult, M|
|poke|p2|Ogerpon-Wellspring, F|
|teampreview
|inactive|Battle timer is ON: inactive players will automatically lose when time's up. (requested by WogerHater)
|inactive|losts0ulsmc also wants the timer to be on.
|
|t:|1758936732
|teamsize|p1|6
|teamsize|p2|6
|start
|switch|p1a: Samurott|Samurott-Hisui, M, shiny|100/100
|switch|p2a: Ogerpon|Ogerpon-Wellspring, F|100/100
|turn|1
|j| locked in bro
|
|t:|1758936750
|move|p2a: Ogerpon|Spikes|p1a: Samurott
|-sidestart|p1: losts0ulsmc|Spikes
|move|p1a: Samurott|Ceaseless Edge|p2a: Ogerpon
|-damage|p2a: Ogerpon|43/100
|-sidestart|p2: WogerHater|Spikes
|
|upkeep
|turn|2
|
|t:|1758936758
|switch|p2a: Corviknight|Corviknight, F|100/100
|-ability|p2a: Corviknight|Pressure
|move|p1a: Samurott|Ceaseless Edge|p2a: Corviknight|[miss]
|-miss|p1a: Samurott|p2a: Corviknight
|
|upkeep
|turn|3
|
|t:|1758936766
|move|p1a: Samurott|Ceaseless Edge|p2a: Corviknight
|-damage|p2a: Corviknight|70/100
|-damage|p1a: Samurott|84/100|[from] item: Rocky Helmet|[of] p2a: Corviknight
|-sidestart|p2: WogerHater|Spikes
|move|p2a: Corviknight|U-turn|p1a: Samurott
|-supereffective|p1a: Samurott
|-damage|p1a: Samurott|50/100
|
|t:|1758936769
|switch|p2a: GAS.|Weezing-Galar, M|100/100|[from] U-turn
|-ability|p2a: GAS.|Neutralizing Gas
|
|upkeep
|turn|4
|
|t:|1758936775
|switch|p1a: Gholdengo|Gholdengo|100/100
|-damage|p1a: Gholdengo|88/100|[from] Spikes
|move|p2a: GAS.|Sludge Bomb|p1a: Gholdengo
|-immune|p1a: Gholdengo
|
|upkeep
|turn|5
|
|t:|1758936789
|switch|p1a: Samurott|Samurott-Hisui, M, shiny|50/100
|-damage|p1a: Samurott|37/100|[from] Spikes
|-end|p2a: GAS.|ability: Neutralizing Gas
|switch|p2a: Ogerpon|Ogerpon-Wellspring, F|43/100
|-damage|p2a: Ogerpon|26/100|[from] Spikes
|
|upkeep
|turn|6
|inactive|losts0ulsmc has 120 seconds left.
|j| FaronAan
|
|t:|1758936825
|move|p1a: Samurott|Sucker Punch||[still]
|-fail|p1a: Samurott
|move|p2a: Ogerpon|Synthesis|p2a: Ogerpon
|-heal|p2a: Ogerpon|76/100
|
|upkeep
|turn|7
|
|t:|1758936830
|-terastallize|p2a: Ogerpon|Water
|detailschange|p2a: Ogerpon|Ogerpon-Wellspring-Tera, F, tera:Water
|-ability|p2a: Ogerpon|Embody Aspect (Wellspring)|boost
|-boost|p2a: Ogerpon|spd|1
|move|p1a: Samurott|Sucker Punch|p2a: Ogerpon
|-damage|p2a: Ogerpon|36/100
|move|p2a: Ogerpon|Ivy Cudgel|p1a: Samurott|[anim] Ivy Cudgel Water
|-resisted|p1a: Samurott
|-damage|p1a: Samurott|0 fnt
|faint|p1a: Samurott
|
|upkeep
|
|t:|1758936834
|switch|p1a: Landorus|Landorus-Therian, M, shiny|100/100
|-ability|p1a: Landorus|Intimidate|boost
|-unboost|p2a: Ogerpon|atk|1
|turn|8
|
|t:|1758936841
|move|p1a: Landorus|U-turn|p2a: Ogerpon
|-damage|p2a: Ogerpon|7/100
|
|t:|1758936847
|switch|p1a: Kingambit|Kingambit, M|100/100|[from] U-turn
|-damage|p1a: Kingambit|88/100|[from] Spikes
|-activate|p1a: Kingambit|ability: Supreme Overlord
|-start|p1a: Kingambit|fallen1|[silent]
|move|p2a: Ogerpon|Ivy Cudgel|p1a: Kingambit|[anim] Ivy Cudgel Water
|-damage|p1a: Kingambit|55/100
|
|-heal|p1a: Kingambit|62/100|[from] item: Leftovers
|upkeep
|turn|9
|
|t:|1758936851
|move|p2a: Ogerpon|Synthesis|p2a: Ogerpon
|-heal|p2a: Ogerpon|57/100
|move|p1a: Kingambit|Iron Head|p2a: Ogerpon
|-resisted|p2a: Ogerpon
|-damage|p2a: Ogerpon|30/100
|
|-heal|p1a: Kingambit|68/100|[from] item: Leftovers
|upkeep
|turn|10
|
|t:|1758936855
|switch|p2a: Corviknight|Corviknight, F|70/100
|-ability|p2a: Corviknight|Pressure
|move|p1a: Kingambit|Kowtow Cleave|p2a: Corviknight
|-damage|p2a: Corviknight|30/100
|-damage|p1a: Kingambit|51/100|[from] item: Rocky Helmet|[of] p2a: Corviknight
|
|-heal|p1a: Kingambit|57/100|[from] item: Leftovers
|upkeep
|turn|11
|
|t:|1758936857
|-end|p1a: Kingambit|fallen1|[silent]
|switch|p1a: Gholdengo|Gholdengo|88/100
|-damage|p1a: Gholdengo|76/100|[from] Spikes
|move|p2a: Corviknight|Roost|p2a: Corviknight
|-heal|p2a: Corviknight|80/100
|-singleturn|p2a: Corviknight|move: Roost
|
|upkeep
|turn|12
|
|t:|1758936871
|move|p1a: Gholdengo|Make It Rain|p2a: Corviknight
|-resisted|p2a: Corviknight
|-damage|p2a: Corviknight|25/100
|-unboost|p1a: Gholdengo|spa|1
|move|p2a: Corviknight|U-turn|p1a: Gholdengo
|-resisted|p1a: Gholdengo
|-damage|p1a: Gholdengo|72/100
|
|t:|1758936875
|switch|p2a: Ogerpon|Ogerpon-Wellspring-Tera, F, tera:Water|30/100|[from] U-turn
|-damage|p2a: Ogerpon|13/100|[from] Spikes
|-ability|p2a: Ogerpon|Embody Aspect (Wellspring)|boost
|-boost|p2a: Ogerpon|spd|1
|
|upkeep
|turn|13
|
|t:|1758936882
|switch|p1a: Landorus|Landorus-Therian, M, shiny|100/100
|-ability|p1a: Landorus|Intimidate|boost
|-unboost|p2a: Ogerpon|atk|1
|move|p2a: Ogerpon|Synthesis|p2a: Ogerpon
|-heal|p2a: Ogerpon|63/100
|
|upkeep
|turn|14
|l| locked in bro
|
|t:|1758936889
|move|p1a: Landorus|Stone Edge|p2a: Ogerpon|[miss]
|-miss|p1a: Landorus|p2a: Ogerpon
|move|p2a: Ogerpon|Synthesis|p2a: Ogerpon
|-heal|p2a: Ogerpon|100/100
|
|upkeep
|turn|15
|
|t:|1758936892
|move|p1a: Landorus|Stone Edge|p2a: Ogerpon
|-damage|p2a: Ogerpon|57/100
|move|p2a: Ogerpon|Spikes|p1a: Landorus
|-sidestart|p1: losts0ulsmc|Spikes
|
|upkeep
|turn|16
|
|t:|1758936895
|move|p1a: Landorus|Stone Edge|p2a: Ogerpon
|-damage|p2a: Ogerpon|17/100
|move|p2a: Ogerpon|Synthesis|p2a: Ogerpon
|-heal|p2a: Ogerpon|67/100
|
|upkeep
|turn|17
|
|t:|1758936899
|move|p1a: Landorus|Stone Edge|p2a: Ogerpon
|-damage|p2a: Ogerpon|28/100
|move|p2a: Ogerpon|Synthesis|p2a: Ogerpon
|-heal|p2a: Ogerpon|78/100
|
|upkeep
|turn|18
|
|t:|1758936902
|move|p1a: Landorus|Stone Edge|p2a: Ogerpon
|-damage|p2a: Ogerpon|33/100
|move|p2a: Ogerpon|Synthesis|p2a: Ogerpon
|-heal|p2a: Ogerpon|83/100
|
|upkeep
|turn|19
|
|t:|1758936905
|switch|p2a: Ting-Lu|Ting-Lu, shiny|100/100
|-damage|p2a: Ting-Lu|84/100|[from] Spikes
|-ability|p2a: Ting-Lu|Vessel of Ruin
|move|p1a: Landorus|Stone Edge|p2a: Ting-Lu
|-resisted|p2a: Ting-Lu
|-damage|p2a: Ting-Lu|74/100
|
|-heal|p2a: Ting-Lu|81/100|[from] item: Leftovers
|upkeep
|turn|20
|
|t:|1758936911
|switch|p1a: Great Tusk|Great Tusk|100/100
|-damage|p1a: Great Tusk|84/100|[from] Spikes
|-enditem|p1a: Great Tusk|Booster Energy
|-activate|p1a: Great Tusk|ability: Protosynthesis|[fromitem]
|-start|p1a: Great Tusk|protosynthesisatk
|switch|p2a: Ogerpon|Ogerpon-Wellspring-Tera, F, tera:Water|83/100
|-damage|p2a: Ogerpon|67/100|[from] Spikes
|-ability|p2a: Ogerpon|Embody Aspect (Wellspring)|boost
|-boost|p2a: Ogerpon|spd|1
|
|upkeep
|turn|21
|
|t:|1758936920
|-terastallize|p1a: Great Tusk|Steel
|move|p2a: Ogerpon|Ivy Cudgel|p1a: Great Tusk|[anim] Ivy Cudgel Water
|-damage|p1a: Great Tusk|31/100
|move|p1a: Great Tusk|Rapid Spin|p2a: Ogerpon
|-damage|p2a: Ogerpon|44/100
|-boost|p1a: Great Tusk|spe|1
|-sideend|p1: losts0ulsmc|Spikes|[from] move: Rapid Spin|[of] p1a: Great Tusk
|
|upkeep
|turn|22
|
|t:|1758936936
|switch|p2a: Corviknight|Corviknight, F|25/100
|-ability|p2a: Corviknight|Pressure
|move|p1a: Great Tusk|Headlong Rush|p2a: Corviknight
|-immune|p2a: Corviknight
|
|upkeep
|turn|23
|inactive|losts0ulsmc has 120 seconds left.
|
|t:|1758936971
|move|p1a: Great Tusk|Ice Spinner|p2a: Corviknight
|-damage|p2a: Corviknight|1/100
|-damage|p1a: Great Tusk|15/100|[from] item: Rocky Helmet|[of] p2a: Corviknight
|move|p2a: Corviknight|Roost|p2a: Corviknight
|-heal|p2a: Corviknight|51/100
|-singleturn|p2a: Corviknight|move: Roost
|
|upkeep
|turn|24
|
|t:|1758936975
|move|p1a: Great Tusk|Head Smash|p2a: Corviknight
|-damage|p2a: Corviknight|1/100
|-damage|p1a: Great Tusk|0 fnt|[from] item: Rocky Helmet|[of] p2a: Corviknight
|faint|p1a: Great Tusk
|-end|p1a: Great Tusk|Protosynthesis|[silent]
|move|p2a: Corviknight|Roost|p2a: Corviknight
|-heal|p2a: Corviknight|51/100
|-singleturn|p2a: Corviknight|move: Roost
|
|upkeep
|
|t:|1758936983
|switch|p1a: Gholdengo|Gholdengo|72/100
|turn|25
|
|t:|1758936995
|switch|p2a: Ting-Lu|Ting-Lu, shiny|81/100
|-damage|p2a: Ting-Lu|64/100|[from] Spikes
|-ability|p2a: Ting-Lu|Vessel of Ruin
|move|p1a: Gholdengo|Make It Rain|p2a: Ting-Lu
|-damage|p2a: Ting-Lu|25/100
|-unboost|p1a: Gholdengo|spa|1
|
|-heal|p2a: Ting-Lu|31/100|[from] item: Leftovers
|upkeep
|turn|26
|j| back kartana
|
|t:|1758937000
|switch|p1a: Landorus|Landorus-Therian, M, shiny|100/100
|-ability|p1a: Landorus|Intimidate|boost
|-unboost|p2a: Ting-Lu|atk|1
|move|p2a: Ting-Lu|Stealth Rock|p1a: Landorus
|-sidestart|p1: losts0ulsmc|move: Stealth Rock
|
|-heal|p2a: Ting-Lu|37/100|[from] item: Leftovers
|upkeep
|turn|27
|
|t:|1758937005
|move|p1a: Landorus|U-turn|p2a: Ting-Lu
|-supereffective|p2a: Ting-Lu
|-damage|p2a: Ting-Lu|8/100
|
|t:|1758937007
|switch|p1a: Iron Valiant|Iron Valiant, shiny|100/100|[from] U-turn
|-damage|p1a: Iron Valiant|94/100|[from] Stealth Rock
|-enditem|p1a: Iron Valiant|Booster Energy
|-activate|p1a: Iron Valiant|ability: Quark Drive|[fromitem]
|-start|p1a: Iron Valiant|quarkdrivespe
|move|p2a: Ting-Lu|Rest|p2a: Ting-Lu
|-status|p2a: Ting-Lu|slp|[from] move: Rest
|-heal|p2a: Ting-Lu|100/100 slp|[silent]
|
|upkeep
|turn|28
|
|t:|1758937010
|switch|p2a: GAS.|Weezing-Galar, M|100/100
|-ability|p2a: GAS.|Neutralizing Gas
|move|p1a: Iron Valiant|Knock Off|p2a: GAS.
|-resisted|p2a: GAS.
|-damage|p2a: GAS.|90/100
|-enditem|p2a: GAS.|Heavy-Duty Boots|[from] move: Knock Off|[of] p1a: Iron Valiant
|
|upkeep
|turn|29
|
|t:|1758937012
|-end|p1a: Iron Valiant|Quark Drive|[silent]
|switch|p1a: Gholdengo|Gholdengo|72/100
|-damage|p1a: Gholdengo|66/100|[from] Stealth Rock
|move|p2a: GAS.|Sludge Bomb|p1a: Gholdengo
|-immune|p1a: Gholdengo
|
|upkeep
|turn|30
|
|t:|1758937019
|-end|p2a: GAS.|ability: Neutralizing Gas
|switch|p2a: Ogerpon|Ogerpon-Wellspring-Tera, F, tera:Water|44/100
|-damage|p2a: Ogerpon|27/100|[from] Spikes
|-ability|p2a: Ogerpon|Embody Aspect (Wellspring)|boost
|-boost|p2a: Ogerpon|spd|1
|move|p1a: Gholdengo|Focus Blast|p2a: Ogerpon|[miss]
|-miss|p1a: Gholdengo|p2a: Ogerpon
|
|upkeep
|turn|31
|
|t:|1758937024
|switch|p1a: Iron Valiant|Iron Valiant, shiny|94/100
|-damage|p1a: Iron Valiant|88/100|[from] Stealth Rock
|move|p2a: Ogerpon|Synthesis|p2a: Ogerpon
|-heal|p2a: Ogerpon|77/100
|
|upkeep
|turn|32
|
|t:|1758937028
|-end|p1a: Iron Valiant|Quark Drive|[silent]
|switch|p1a: Gholdengo|Gholdengo|66/100
|-damage|p1a: Gholdengo|60/100|[from] Stealth Rock
|switch|p2a: GAS.|Weezing-Galar, M|90/100
|-ability|p2a: GAS.|Neutralizing Gas
|-damage|p2a: GAS.|74/100|[from] Spikes
|
|upkeep
|turn|33
|j| cheeseborguh
|
|t:|1758937034
|-end|p2a: GAS.|ability: Neutralizing Gas
|switch|p2a: Skeledirge|Skeledirge, M|100/100
|move|p1a: Gholdengo|Shadow Ball|p2a: Skeledirge
|-supereffective|p2a: Skeledirge
|-damage|p2a: Skeledirge|16/100
|
|upkeep
|turn|34
|
|t:|1758937040
|switch|p1a: Iron Valiant|Iron Valiant, shiny|88/100
|-damage|p1a: Iron Valiant|82/100|[from] Stealth Rock
|move|p2a: Skeledirge|Torch Song|p1a: Iron Valiant
|-damage|p1a: Iron Valiant|31/100
|-boost|p2a: Skeledirge|spa|1
|
|upkeep
|turn|35
|
|t:|1758937042
|move|p1a: Iron Valiant|Knock Off|p2a: Skeledirge
|-supereffective|p2a: Skeledirge
|-damage|p2a: Skeledirge|0 fnt
|-enditem|p2a: Skeledirge|Heavy-Duty Boots|[from] move: Knock Off|[of] p1a: Iron Valiant
|faint|p2a: Skeledirge
|
|upkeep
|
|t:|1758937044
|switch|p2a: Dragapult|Dragapult, M|100/100
|-damage|p2a: Dragapult|84/100|[from] Spikes
|turn|36
|
|t:|1758937061
|move|p2a: Dragapult|Shadow Ball|p1a: Iron Valiant
|-damage|p1a: Iron Valiant|0 fnt
|faint|p1a: Iron Valiant
|-end|p1a: Iron Valiant|Quark Drive|[silent]
|
|upkeep
|
|t:|1758937062
|switch|p1a: Kingambit|Kingambit, M|57/100
|-damage|p1a: Kingambit|51/100|[from] Stealth Rock
|-activate|p1a: Kingambit|ability: Supreme Overlord
|-start|p1a: Kingambit|fallen3|[silent]
|turn|37
|
|t:|1758937065
|switch|p2a: GAS.|Weezing-Galar, M|74/100
|-ability|p2a: GAS.|Neutralizing Gas
|-damage|p2a: GAS.|57/100|[from] Spikes
|move|p1a: Kingambit|Swords Dance|p1a: Kingambit
|-boost|p1a: Kingambit|atk|2
|
|-heal|p1a: Kingambit|57/100|[from] item: Leftovers
|upkeep
|turn|38
|
|t:|1758937068
|move|p2a: GAS.|Will-O-Wisp|p1a: Kingambit
|-status|p1a: Kingambit|brn
|move|p1a: Kingambit|Iron Head|p2a: GAS.
|-supereffective|p2a: GAS.
|-damage|p2a: GAS.|0 fnt
|faint|p2a: GAS.
|-end|p2a: GAS.|ability: Neutralizing Gas
|-activate|p1a: Kingambit|ability: Supreme Overlord
|-start|p1a: Kingambit|fallen3|[silent]
|
|-heal|p1a: Kingambit|64/100 brn|[from] item: Leftovers
|-damage|p1a: Kingambit|57/100 brn|[from] brn
|upkeep
|
|t:|1758937071
|switch|p2a: Corviknight|Corviknight, F|51/100
|-ability|p2a: Corviknight|Pressure
|turn|39
|
|t:|1758937094
|move|p2a: Corviknight|Roost|p2a: Corviknight
|-heal|p2a: Corviknight|100/100
|-singleturn|p2a: Corviknight|move: Roost
|move|p1a: Kingambit|Kowtow Cleave|p2a: Corviknight
|-damage|p2a: Corviknight|54/100
|-damage|p1a: Kingambit|41/100 brn|[from] item: Rocky Helmet|[of] p2a: Corviknight
|
|-heal|p1a: Kingambit|47/100 brn|[from] item: Leftovers
|-damage|p1a: Kingambit|41/100 brn|[from] brn
|upkeep
|turn|40
|
|t:|1758937098
|-end|p1a: Kingambit|fallen3|[silent]
|switch|p1a: Gholdengo|Gholdengo|60/100
|-damage|p1a: Gholdengo|54/100|[from] Stealth Rock
|move|p2a: Corviknight|Roost|p2a: Corviknight
|-heal|p2a: Corviknight|100/100
|-singleturn|p2a: Corviknight|move: Roost
|
|upkeep
|turn|41
|
|t:|1758937102
|switch|p2a: Ogerpon|Ogerpon-Wellspring-Tera, F, tera:Water|77/100
|-damage|p2a: Ogerpon|61/100|[from] Spikes
|-ability|p2a: Ogerpon|Embody Aspect (Wellspring)|boost
|-boost|p2a: Ogerpon|spd|1
|move|p1a: Gholdengo|Focus Blast|p2a: Ogerpon
|-damage|p2a: Ogerpon|18/100
|
|upkeep
|turn|42
|
|t:|1758937108
|switch|p1a: Kingambit|Kingambit, M|41/100 brn
|-damage|p1a: Kingambit|35/100 brn|[from] Stealth Rock
|-activate|p1a: Kingambit|ability: Supreme Overlord
|-start|p1a: Kingambit|fallen3|[silent]
|move|p2a: Ogerpon|Ivy Cudgel|p1a: Kingambit|[anim] Ivy Cudgel Water
|-damage|p1a: Kingambit|0 fnt
|faint|p1a: Kingambit
|-end|p1a: Kingambit|fallen3|[silent]
|
|upkeep
|
|t:|1758937110
|switch|p1a: Landorus|Landorus-Therian, M, shiny|100/100
|-damage|p1a: Landorus|88/100|[from] Stealth Rock
|-ability|p1a: Landorus|Intimidate|boost
|-unboost|p2a: Ogerpon|atk|1
|turn|43
|
|t:|1758937113
|switch|p2a: Corviknight|Corviknight, F|100/100
|-ability|p2a: Corviknight|Pressure
|move|p1a: Landorus|U-turn|p2a: Corviknight
|-resisted|p2a: Corviknight
|-damage|p2a: Corviknight|96/100
|-damage|p1a: Landorus|72/100|[from] item: Rocky Helmet|[of] p2a: Corviknight
|
|t:|1758937124
|switch|p1a: Gholdengo|Gholdengo|54/100|[from] U-turn
|-damage|p1a: Gholdengo|48/100|[from] Stealth Rock
|
|upkeep
|turn|44
|j| Bobaba
|
|t:|1758937127
|switch|p2a: Ting-Lu|Ting-Lu, shiny|100/100 slp
|-damage|p2a: Ting-Lu|84/100 slp|[from] Spikes
|-ability|p2a: Ting-Lu|Vessel of Ruin
|move|p1a: Gholdengo|Shadow Ball|p2a: Ting-Lu
|-resisted|p2a: Ting-Lu
|-damage|p2a: Ting-Lu|70/100 slp
|
|-heal|p2a: Ting-Lu|76/100 slp|[from] item: Leftovers
|upkeep
|turn|45
|
|t:|1758937129
|switch|p1a: Landorus|Landorus-Therian, M, shiny|72/100
|-damage|p1a: Landorus|59/100|[from] Stealth Rock
|-ability|p1a: Landorus|Intimidate|boost
|-unboost|p2a: Ting-Lu|atk|1
|cant|p2a: Ting-Lu|slp
|
|-heal|p2a: Ting-Lu|83/100 slp|[from] item: Leftovers
|upkeep
|turn|46
|
|t:|1758937131
|move|p1a: Landorus|U-turn|p2a: Ting-Lu
|-supereffective|p2a: Ting-Lu
|-damage|p2a: Ting-Lu|54/100 slp
|
|t:|1758937134
|switch|p1a: Gholdengo|Gholdengo|48/100|[from] U-turn
|-damage|p1a: Gholdengo|42/100|[from] Stealth Rock
|cant|p2a: Ting-Lu|slp
|
|-heal|p2a: Ting-Lu|60/100 slp|[from] item: Leftovers
|upkeep
|turn|47
|
|t:|1758937137
|switch|p1a: Landorus|Landorus-Therian, M, shiny|59/100
|-damage|p1a: Landorus|47/100|[from] Stealth Rock
|-ability|p1a: Landorus|Intimidate|boost
|-unboost|p2a: Ting-Lu|atk|1
|-curestatus|p2a: Ting-Lu|slp|[msg]
|move|p2a: Ting-Lu|Earthquake|p1a: Landorus
|-immune|p1a: Landorus
|
|-heal|p2a: Ting-Lu|67/100|[from] item: Leftovers
|upkeep
|turn|48
|
|t:|1758937140
|move|p1a: Landorus|U-turn|p2a: Ting-Lu
|-supereffective|p2a: Ting-Lu
|-damage|p2a: Ting-Lu|37/100
|
|t:|1758937141
|switch|p1a: Gholdengo|Gholdengo|42/100|[from] U-turn
|-damage|p1a: Gholdengo|36/100|[from] Stealth Rock
|move|p2a: Ting-Lu|Rest|p2a: Ting-Lu
|-status|p2a: Ting-Lu|slp|[from] move: Rest
|-heal|p2a: Ting-Lu|100/100 slp|[silent]
|
|upkeep
|turn|49
|
|t:|1758937144
|move|p1a: Gholdengo|Focus Blast|p2a: Ting-Lu
|-supereffective|p2a: Ting-Lu
|-damage|p2a: Ting-Lu|43/100 slp
|cant|p2a: Ting-Lu|slp
|
|-heal|p2a: Ting-Lu|49/100 slp|[from] item: Leftovers
|upkeep
|turn|50
|l| Bobaba
|
|t:|1758937147
|switch|p1a: Landorus|Landorus-Therian, M, shiny|47/100
|-damage|p1a: Landorus|35/100|[from] Stealth Rock
|-ability|p1a: Landorus|Intimidate|boost
|-unboost|p2a: Ting-Lu|atk|1
|cant|p2a: Ting-Lu|slp
|
|-heal|p2a: Ting-Lu|56/100 slp|[from] item: Leftovers
|upkeep
|turn|51
|
|t:|1758937151
|move|p1a: Landorus|Earthquake|p2a: Ting-Lu
|-damage|p2a: Ting-Lu|27/100 slp
|-curestatus|p2a: Ting-Lu|slp|[msg]
|move|p2a: Ting-Lu|Earthquake|p1a: Landorus
|-immune|p1a: Landorus
|
|-heal|p2a: Ting-Lu|34/100|[from] item: Leftovers
|upkeep
|turn|52
|l| FaronAan
|
|t:|1758937155
|switch|p1a: Gholdengo|Gholdengo|36/100
|-damage|p1a: Gholdengo|30/100|[from] Stealth Rock
|move|p2a: Ting-Lu|Rest|p2a: Ting-Lu
|-status|p2a: Ting-Lu|slp|[from] move: Rest
|-heal|p2a: Ting-Lu|100/100 slp|[silent]
|
|upkeep
|turn|53
|
|t:|1758937160
|move|p1a: Gholdengo|Focus Blast|p2a: Ting-Lu
|-supereffective|p2a: Ting-Lu
|-damage|p2a: Ting-Lu|50/100 slp
|cant|p2a: Ting-Lu|slp
|
|-heal|p2a: Ting-Lu|56/100 slp|[from] item: Leftovers
|upkeep
|turn|54
|j| FaronAan
|
|t:|1758937163
|move|p1a: Gholdengo|Focus Blast|p2a: Ting-Lu
|-supereffective|p2a: Ting-Lu
|-damage|p2a: Ting-Lu|0 fnt
|faint|p2a: Ting-Lu
|
|upkeep
|
|t:|1758937166
|switch|p2a: Ogerpon|Ogerpon-Wellspring-Tera, F, tera:Water|18/100
|-damage|p2a: Ogerpon|2/100|[from] Spikes
|-ability|p2a: Ogerpon|Embody Aspect (Wellspring)|boost
|-boost|p2a: Ogerpon|spd|1
|turn|55
|
|t:|1758937170
|move|p2a: Ogerpon|Ivy Cudgel|p1a: Gholdengo|[anim] Ivy Cudgel Water
|-damage|p1a: Gholdengo|0 fnt
|faint|p1a: Gholdengo
|
|upkeep
|
|t:|1758937171
|switch|p1a: Landorus|Landorus-Therian, M, shiny|35/100
|-damage|p1a: Landorus|23/100|[from] Stealth Rock
|-ability|p1a: Landorus|Intimidate|boost
|-unboost|p2a: Ogerpon|atk|1
|turn|56
|
|t:|1758937174
|move|p1a: Landorus|Stone Edge|p2a: Ogerpon
|-damage|p2a: Ogerpon|0 fnt
|faint|p2a: Ogerpon
|detailschange|p2: Ogerpon|Ogerpon-Wellspring, F|[silent]
|
|upkeep
|l| FaronAan
|
|t:|1758937177
|switch|p2a: Corviknight|Corviknight, F|96/100
|-ability|p2a: Corviknight|Pressure
|turn|57
|-message|losts0ulsmc forfeited.
|
|win|WogerHater
|raw|losts0ulsmc's rating: 1931 &rarr; <strong>1904</strong><br />(-27 for losing)
|raw|WogerHater's rating: 1796 &rarr; <strong>1823</strong><br />(+27 for winning)
|l|☆losts0ulsmc
|player|p1|
|l|☆WogerHater
|player|p2|
|l| back kartana
|l| cheeseborguh
|j| Bobaba
