|j|☆I231345
|j|☆sofbar
|t:|1758989032
|gametype|singles
|player|p1|I231345|1|1146
|player|p2|sofbar|miku-water|1115
|gen|9
|tier|[Gen 9] OU
|rated|
|rule|HP Percentage Mod: HP is shown in percentages
|rule|Endless Battle Clause: Forcing endless battles is banned
|rule|Species Clause: Limit one of each Pokémon
|rule|OHKO Clause: OHKO moves are banned
|rule|Evasion Items Clause: Evasion items are banned
|rule|Evasion Moves Clause: Evasion moves are banned
|rule|Evasion Abilities Clause: Evasion abilities are banned
|rule|Sleep Moves Clause: Sleep-inducing moves are banned
|clearpoke
|poke|p1|Darkrai|
|poke|p1|Corviknight, M|
|poke|p1|Hatterene, F|
|poke|p1|Dragapult, M|
|poke|p1|Gliscor, M|
|poke|p1|Zapdos|
|poke|p2|Gligar, F|
|poke|p2|Sandy Shocks|
|poke|p2|Moltres-Galar|
|poke|p2|Cryogonal|
|poke|p2|Iron Valiant|
|poke|p2|Overqwil, F|
|teampreview
|inactive|Battle timer is ON: inactive players will automatically lose when time's up. (requested by sofbar)
|
|t:|1758989046
|teamsize|p1|6
|teamsize|p2|6
|start
|switch|p1a: Corviknight|Corviknight, M|100/100
|switch|p2a: Anti-Gliscor|Gligar, F|100/100
|-ability|p1a: Corviknight|Unnerve
|turn|1
|
|t:|1758989058
|move|p2a: Anti-Gliscor|Knock Off|p1a: Corviknight
|-damage|p1a: Corviknight|89/100
|-damage|p2a: Anti-Gliscor|84/100|[from] item: Rocky Helmet|[of] p1a: Corviknight
|-enditem|p1a: Corviknight|Rocky Helmet|[from] move: Knock Off|[of] p2a: Anti-Gliscor
|move|p1a: Corviknight|U-turn|p2a: Anti-Gliscor
|-resisted|p2a: Anti-Gliscor
|-damage|p2a: Anti-Gliscor|80/100
|
|t:|1758989062
|switch|p1a: Darkrai|Darkrai|100/100|[from] U-turn
|
|upkeep
|turn|2
|
|t:|1758989068
|move|p1a: Darkrai|Ice Beam|p2a: Anti-Gliscor
|-supereffective|p2a: Anti-Gliscor
|-damage|p2a: Anti-Gliscor|0 fnt
|faint|p2a: Anti-Gliscor
|
|upkeep
|
|t:|1758989074
|switch|p2a: Anti-WhatWorks|Iron Valiant|100/100
|-enditem|p2a: Anti-WhatWorks|Booster Energy
|-activate|p2a: Anti-WhatWorks|ability: Quark Drive|[fromitem]
|-start|p2a: Anti-WhatWorks|quarkdrivespe
|turn|3
|
|t:|1758989085
|switch|p1a: Corviknight|Corviknight, M|89/100
|-ability|p1a: Corviknight|Unnerve
|move|p2a: Anti-WhatWorks|Knock Off|p1a: Corviknight
|-damage|p1a: Corviknight|77/100
|
|upkeep
|turn|4
|
|t:|1758989095
|move|p2a: Anti-WhatWorks|Aura Sphere|p1a: Corviknight
|-damage|p1a: Corviknight|41/100
|move|p1a: Corviknight|Iron Head|p2a: Anti-WhatWorks
|-supereffective|p2a: Anti-WhatWorks
|-damage|p2a: Anti-WhatWorks|34/100
|
|upkeep
|turn|5
|
|t:|1758989101
|move|p2a: Anti-WhatWorks|Aura Sphere|p1a: Corviknight
|-damage|p1a: Corviknight|3/100
|move|p1a: Corviknight|Iron Head|p2a: Anti-WhatWorks
|-supereffective|p2a: Anti-WhatWorks
|-damage|p2a: Anti-WhatWorks|0 fnt
|faint|p2a: Anti-WhatWorks
|-end|p2a: Anti-WhatWorks|Quark Drive|[silent]
|
|upkeep
|
|t:|1758989113
|switch|p2a: Anti-Whatever|Moltres-Galar|100/100
|turn|6
|
|t:|1758989117
|move|p2a: Anti-Whatever|Fiery Wrath|p1a: Corviknight
|-damage|p1a: Corviknight|0 fnt
|faint|p1a: Corviknight
|
|upkeep
|
|t:|1758989121
|switch|p1a: Darkrai|Darkrai|100/100
|turn|7
|
|t:|1758989128
|move|p1a: Darkrai|Ice Beam|p2a: Anti-Whatever
|-supereffective|p2a: Anti-Whatever
|-damage|p2a: Anti-Whatever|14/100
|-ability|p2a: Anti-Whatever|Berserk|boost
|-boost|p2a: Anti-Whatever|spa|1
|-enditem|p2a: Anti-Whatever|Sitrus Berry|[eat]
|-heal|p2a: Anti-Whatever|39/100|[from] item: Sitrus Berry
|move|p2a: Anti-Whatever|Hurricane|p1a: Darkrai
|-damage|p1a: Darkrai|0 fnt
|faint|p1a: Darkrai
|
|upkeep
|
|t:|1758989144
|switch|p1a: Dragapult|Dragapult, M|100/100
|turn|8
|
|t:|1758989153
|move|p1a: Dragapult|Dragon Darts|p2a: Anti-Whatever
|-damage|p2a: Anti-Whatever|9/100
|-anim|p1a: Dragapult|Dragon Darts|p2a: Anti-Whatever
|-damage|p2a: Anti-Whatever|0 fnt
|faint|p2a: Anti-Whatever
|
|upkeep
|
|t:|1758989157
|switch|p2a: Anti-Corvi|Sandy Shocks|100/100
|turn|9
|
|t:|1758989162
|switch|p1a: Gliscor|Gliscor, M|100/100
|move|p2a: Anti-Corvi|Volt Switch|p1a: Gliscor
|-immune|p1a: Gliscor
|
|-status|p1a: Gliscor|tox|[from] item: Toxic Orb
|upkeep
|turn|10
|
|t:|1758989169
|-end|p2a: Anti-Corvi|Protosynthesis|[silent]
|switch|p2a: DIE Gliscor|Cryogonal|100/100
|move|p1a: Gliscor|Knock Off|p2a: DIE Gliscor
|-damage|p2a: DIE Gliscor|59/100
|-enditem|p2a: DIE Gliscor|Heavy-Duty Boots|[from] move: Knock Off|[of] p1a: Gliscor
|
|upkeep
|turn|11
|
|t:|1758989188
|switch|p1a: Hatterene|Hatterene, F|100/100
|move|p2a: DIE Gliscor|Freeze-Dry|p1a: Hatterene
|-damage|p1a: Hatterene|79/100
|-status|p1a: Hatterene|frz
|
|upkeep
|turn|12
|
|t:|1758989204
|move|p2a: DIE Gliscor|Ice Beam|p1a: Hatterene
|-damage|p1a: Hatterene|50/100 frz
|-curestatus|p1a: Hatterene|frz|[msg]
|move|p1a: Hatterene|Thunder Wave|p2a: DIE Gliscor
|-status|p2a: DIE Gliscor|par
|
|upkeep
|turn|13
|
|t:|1758989209
|cant|p2a: DIE Gliscor|par
|move|p1a: Hatterene|Draining Kiss|p2a: DIE Gliscor
|-damage|p2a: DIE Gliscor|40/100 par
|-heal|p1a: Hatterene|63/100|[from] drain|[of] p2a: DIE Gliscor
|
|upkeep
|turn|14
|
|t:|1758989214
|switch|p2a: Die Ogerpon|Overqwil, F|100/100
|-ability|p2a: Die Ogerpon|Intimidate|boost
|-unboost|p1a: Hatterene|atk|1
|move|p1a: Hatterene|Draining Kiss|p2a: Die Ogerpon
|-damage|p2a: Die Ogerpon|68/100
|-heal|p1a: Hatterene|88/100|[from] drain|[of] p2a: Die Ogerpon
|
|upkeep
|turn|15
|
|t:|1758989224
|switch|p1a: Zapdos|Zapdos|100/100
|move|p2a: Die Ogerpon|Waterfall|p1a: Zapdos
|-damage|p1a: Zapdos|73/100
|-status|p2a: Die Ogerpon|par|[from] ability: Static|[of] p1a: Zapdos
|
|upkeep
|turn|16
|
|t:|1758989232
|switch|p2a: Anti-Corvi|Sandy Shocks|100/100
|move|p1a: Zapdos|Volt Switch|p2a: Anti-Corvi
|-immune|p2a: Anti-Corvi
|
|upkeep
|turn|17
|
|t:|1758989238
|move|p2a: Anti-Corvi|Spikes|p1a: Zapdos
|-sidestart|p1: I231345|Spikes
|move|p1a: Zapdos|Roost|p1a: Zapdos
|-heal|p1a: Zapdos|100/100
|-singleturn|p1a: Zapdos|move: Roost
|
|upkeep
|turn|18
|
|t:|1758989247
|switch|p1a: Gliscor|Gliscor, M|100/100 tox
|move|p2a: Anti-Corvi|Spikes|p1a: Gliscor
|-sidestart|p1: I231345|Spikes
|
|upkeep
|turn|19
|
|t:|1758989253
|-end|p2a: Anti-Corvi|Protosynthesis|[silent]
|switch|p2a: DIE Gliscor|Cryogonal|40/100 par
|move|p1a: Gliscor|Stealth Rock|p2a: DIE Gliscor
|-sidestart|p2: sofbar|move: Stealth Rock
|
|upkeep
|turn|20
|
|t:|1758989257
|move|p1a: Gliscor|U-turn|p2a: DIE Gliscor
|-damage|p2a: DIE Gliscor|8/100 par
|
|t:|1758989260
|switch|p1a: Hatterene|Hatterene, F|88/100|[from] U-turn
|-damage|p1a: Hatterene|71/100|[from] Spikes
|move|p2a: DIE Gliscor|Rapid Spin|p1a: Hatterene
|-damage|p1a: Hatterene|64/100
|-boost|p2a: DIE Gliscor|spe|1
|-sideend|p2: sofbar|Stealth Rock|[from] move: Rapid Spin|[of] p2a: DIE Gliscor
|
|upkeep
|turn|21
|
|t:|1758989266
|cant|p2a: DIE Gliscor|par
|move|p1a: Hatterene|Draining Kiss|p2a: DIE Gliscor
|-damage|p2a: DIE Gliscor|0 fnt
|-heal|p1a: Hatterene|69/100|[from] drain|[of] p2a: DIE Gliscor
|faint|p2a: DIE Gliscor
|
|upkeep
|
|t:|1758989268
|switch|p2a: Die Ogerpon|Overqwil, F|68/100 par
|-ability|p2a: Die Ogerpon|Intimidate|boost
|-unboost|p1a: Hatterene|atk|1
|turn|22
|
|t:|1758989279
|switch|p1a: Zapdos|Zapdos|100/100
|move|p2a: Die Ogerpon|Barb Barrage|p1a: Zapdos
|-damage|p1a: Zapdos|73/100
|
|upkeep
|turn|23
|
|t:|1758989283
|move|p1a: Zapdos|Heat Wave|p2a: Die Ogerpon
|-damage|p2a: Die Ogerpon|16/100 par
|move|p2a: Die Ogerpon|Barb Barrage|p1a: Zapdos
|-damage|p1a: Zapdos|44/100
|-status|p1a: Zapdos|psn
|
|-damage|p1a: Zapdos|32/100 psn|[from] psn
|upkeep
|turn|24
|
|t:|1758989286
|move|p1a: Zapdos|Heat Wave|p2a: Die Ogerpon
|-damage|p2a: Die Ogerpon|0 fnt
|faint|p2a: Die Ogerpon
|
|-damage|p1a: Zapdos|20/100 psn|[from] psn
|upkeep
|
|t:|1758989289
|switch|p2a: Anti-Corvi|Sandy Shocks|100/100
|turn|25
|-message|sofbar forfeited.
|
|win|I231345
|raw|I231345's rating: 1146 &rarr; <strong>1169</strong><br />(+23 for winning)
|raw|sofbar's rating: 1115 &rarr; <strong>1092</strong><br />(-23 for losing)
|l|☆sofbar
|player|p2|
|l|☆I231345
|player|p1|
