|j|☆lndigo00
|j|☆ShinyAssassinx
|t:|1758962540
|gametype|singles
|player|p1|lndigo00|blue|1144
|player|p2|ShinyAssassinx|101|1104
|gen|9
|tier|[Gen 9] OU
|rated|
|rule|HP Percentage Mod: HP is shown in percentages
|rule|Endless Battle Clause: Forcing endless battles is banned
|rule|Species Clause: Limit one of each Pokémon
|rule|OHKO Clause: OHKO moves are banned
|rule|Evasion Items Clause: Evasion items are banned
|rule|Evasion Moves Clause: Evasion moves are banned
|rule|Evasion Abilities Clause: Evasion abilities are banned
|rule|Sleep Moves Clause: Sleep-inducing moves are banned
|clearpoke
|poke|p1|Snorlax, F|
|poke|p1|Electivire, M|
|poke|p1|Zoroark, M|
|poke|p1|Skarmory, F|
|poke|p1|Blastoise, M|
|poke|p1|Gengar, M|
|poke|p2|Breloom, F|
|poke|p2|Krookodile, M|
|poke|p2|Araquanid, F|
|poke|p2|Conkeldurr, F|
|poke|p2|Skeledirge, F|
|poke|p2|Scizor, F|
|teampreview
|inactive|Battle timer is ON: inactive players will automatically lose when time's up. (requested by lndigo00)
|inactive|ShinyAssassinx also wants the timer to be on.
|inactive|lndigo00 has 120 seconds left.
|
|t:|1758962575
|teamsize|p1|6
|teamsize|p2|6
|start
|switch|p1a: Electivire|Electivire, M|100/100
|switch|p2a: Conkeldurr|Conkeldurr, F|100/100
|turn|1
|
|t:|1758962587
|switch|p1a: Skarmory|Skarmory, F|100/100
|move|p2a: Conkeldurr|Dynamic Punch|p1a: Skarmory
|-damage|p1a: Skarmory|65/100
|-start|p1a: Skarmory|confusion
|-damage|p2a: Conkeldurr|84/100|[from] item: Rocky Helmet|[of] p1a: Skarmory
|
|upkeep
|turn|2
|inactive|ShinyAssassinx has 120 seconds left.
|
|t:|1758962633
|move|p2a: Conkeldurr|Dynamic Punch|p1a: Skarmory|[miss]
|-miss|p2a: Conkeldurr|p1a: Skarmory
|-enditem|p2a: Conkeldurr|Blunder Policy
|-boost|p2a: Conkeldurr|spe|2
|-activate|p1a: Skarmory|confusion
|-damage|p1a: Skarmory|61/100|[from] confusion
|
|upkeep
|turn|3
|
|t:|1758962644
|move|p2a: Conkeldurr|Drain Punch|p1a: Skarmory
|-damage|p1a: Skarmory|31/100
|-heal|p2a: Conkeldurr|98/100|[from] drain|[of] p1a: Skarmory
|-damage|p2a: Conkeldurr|82/100|[from] item: Rocky Helmet|[of] p1a: Skarmory
|-end|p1a: Skarmory|confusion
|move|p1a: Skarmory|Stealth Rock|p2a: Conkeldurr
|-sidestart|p2: ShinyAssassinx|move: Stealth Rock
|
|upkeep
|turn|4
|
|t:|1758962653
|move|p2a: Conkeldurr|Ice Punch|p1a: Skarmory
|-damage|p1a: Skarmory|11/100
|-damage|p2a: Conkeldurr|65/100|[from] item: Rocky Helmet|[of] p1a: Skarmory
|move|p1a: Skarmory|Roost|p1a: Skarmory
|-heal|p1a: Skarmory|61/100
|-singleturn|p1a: Skarmory|move: Roost
|
|upkeep
|turn|5
|inactive|ShinyAssassinx has 120 seconds left.
|
|t:|1758962662
|move|p2a: Conkeldurr|Drain Punch|p1a: Skarmory
|-damage|p1a: Skarmory|33/100
|-heal|p2a: Conkeldurr|79/100|[from] drain|[of] p1a: Skarmory
|-damage|p2a: Conkeldurr|62/100|[from] item: Rocky Helmet|[of] p1a: Skarmory
|move|p1a: Skarmory|Brave Bird|p2a: Conkeldurr
|-supereffective|p2a: Conkeldurr
|-damage|p2a: Conkeldurr|0 fnt
|faint|p2a: Conkeldurr
|-damage|p1a: Skarmory|11/100|[from] Recoil
|
|upkeep
|inactive|ShinyAssassinx has 120 seconds left.
|
|t:|1758962672
|switch|p2a: Breloom|Breloom, F|100/100
|-damage|p2a: Breloom|94/100|[from] Stealth Rock
|turn|6
|
|t:|1758962677
|move|p2a: Breloom|Mach Punch|p1a: Skarmory
|-damage|p1a: Skarmory|0 fnt
|-damage|p2a: Breloom|78/100|[from] item: Rocky Helmet|[of] p1a: Skarmory
|faint|p1a: Skarmory
|
|upkeep
|
|t:|1758962684
|switch|p1a: Gengar|Gengar, M, shiny|100/100
|turn|7
|
|t:|1758962694
|move|p1a: Gengar|Flamethrower|p2a: Breloom
|-supereffective|p2a: Breloom
|-damage|p2a: Breloom|0 fnt
|faint|p2a: Breloom
|-damage|p1a: Gengar|91/100|[from] item: Life Orb
|
|upkeep
|
|t:|1758962718
|switch|p2a: Krookodile|Krookodile, M|100/100
|-damage|p2a: Krookodile|94/100|[from] Stealth Rock
|turn|8
|
|t:|1758962741
|move|p2a: Krookodile|Earthquake|p1a: Gengar
|-damage|p1a: Gengar|0 fnt
|replace|p1a: Zoroark|Zoroark, M
|-end|p1a: Zoroark|Illusion
|faint|p1a: Zoroark
|-ability|p2a: Krookodile|Moxie|boost
|-boost|p2a: Krookodile|atk|1
|
|upkeep
|inactive|lndigo00 has 120 seconds left.
|
|t:|1758962756
|switch|p1a: Gengar|Gengar, M, shiny|100/100
|turn|9
|
|t:|1758962761
|move|p2a: Krookodile|Earthquake|p1a: Gengar
|-supereffective|p1a: Gengar
|-enditem|p1a: Gengar|Focus Sash
|-damage|p1a: Gengar|1/100
|move|p1a: Gengar|Will-O-Wisp|p2a: Krookodile
|-status|p2a: Krookodile|brn
|
|-damage|p2a: Krookodile|88/100 brn|[from] brn
|upkeep
|turn|10
|
|t:|1758962773
|move|p2a: Krookodile|Earthquake|p1a: Gengar
|-supereffective|p1a: Gengar
|-damage|p1a: Gengar|0 fnt
|faint|p1a: Gengar
|-ability|p2a: Krookodile|Moxie|boost
|-boost|p2a: Krookodile|atk|1
|
|-damage|p2a: Krookodile|82/100 brn|[from] brn
|upkeep
|
|t:|1758962782
|switch|p1a: Blastoise|Blastoise, M, shiny|100/100
|turn|11
|
|t:|1758962786
|move|p2a: Krookodile|Earthquake|p1a: Blastoise
|-damage|p1a: Blastoise|64/100
|move|p1a: Blastoise|Rapid Spin|p2a: Krookodile
|-damage|p2a: Krookodile|71/100 brn
|-boost|p1a: Blastoise|spe|1
|
|-heal|p1a: Blastoise|70/100|[from] item: Leftovers
|-damage|p2a: Krookodile|65/100 brn|[from] brn
|upkeep
|turn|12
|
|t:|1758962796
|move|p2a: Krookodile|Earthquake|p1a: Blastoise
|-damage|p1a: Blastoise|30/100
|move|p1a: Blastoise|Surf|p2a: Krookodile
|-supereffective|p2a: Krookodile
|-damage|p2a: Krookodile|0 fnt
|faint|p2a: Krookodile
|
|-heal|p1a: Blastoise|36/100|[from] item: Leftovers
|upkeep
|
|t:|1758962805
|switch|p2a: Araquanid|Araquanid, F|100/100
|-damage|p2a: Araquanid|76/100|[from] Stealth Rock
|turn|13
|
|t:|1758962815
|move|p1a: Blastoise|Surf|p2a: Araquanid
|-resisted|p2a: Araquanid
|-damage|p2a: Araquanid|64/100
|move|p2a: Araquanid|Hydro Pump|p1a: Blastoise
|-resisted|p1a: Blastoise
|-damage|p1a: Blastoise|0 fnt
|faint|p1a: Blastoise
|
|upkeep
|
|t:|1758962823
|switch|p1a: Electivire|Electivire, M|100/100
|turn|14
|
|t:|1758962830
|move|p1a: Electivire|Thunderbolt|p2a: Araquanid
|-supereffective|p2a: Araquanid
|-damage|p2a: Araquanid|3/100
|move|p2a: Araquanid|Hydro Pump|p1a: Electivire|[miss]
|-miss|p2a: Araquanid|p1a: Electivire
|
|upkeep
|turn|15
|
|t:|1758962838
|move|p1a: Electivire|Thunderbolt|p2a: Araquanid
|-supereffective|p2a: Araquanid
|-damage|p2a: Araquanid|0 fnt
|faint|p2a: Araquanid
|
|upkeep
|
|t:|1758962844
|switch|p2a: Scizor|Scizor, F|100/100
|-damage|p2a: Scizor|88/100|[from] Stealth Rock
|turn|16
|
|t:|1758962853
|move|p1a: Electivire|Earthquake|p2a: Scizor
|-damage|p2a: Scizor|50/100
|move|p2a: Scizor|Knock Off|p1a: Electivire
|-damage|p1a: Electivire|36/100
|-enditem|p1a: Electivire|Expert Belt|[from] move: Knock Off|[of] p2a: Scizor
|
|-heal|p2a: Scizor|56/100|[from] item: Leftovers
|upkeep
|turn|17
|
|t:|1758962864
|move|p2a: Scizor|Bullet Punch|p1a: Electivire
|-resisted|p1a: Electivire
|-damage|p1a: Electivire|7/100
|move|p1a: Electivire|Earthquake|p2a: Scizor
|-damage|p2a: Scizor|18/100
|
|-heal|p2a: Scizor|24/100|[from] item: Leftovers
|upkeep
|turn|18
|
|t:|1758962873
|move|p2a: Scizor|Bullet Punch|p1a: Electivire
|-resisted|p1a: Electivire
|-damage|p1a: Electivire|0 fnt
|faint|p1a: Electivire
|
|-heal|p2a: Scizor|30/100|[from] item: Leftovers
|upkeep
|
|t:|1758962881
|switch|p1a: Snorlax|Snorlax, F, shiny|100/100
|turn|19
|
|t:|1758962900
|move|p2a: Scizor|Knock Off|p1a: Snorlax
|-damage|p1a: Snorlax|66/100
|-enditem|p1a: Snorlax|Leftovers|[from] move: Knock Off|[of] p2a: Scizor
|move|p1a: Snorlax|Heat Crash|p2a: Scizor
|-supereffective|p2a: Scizor
|-damage|p2a: Scizor|0 fnt
|faint|p2a: Scizor
|
|upkeep
|
|t:|1758962906
|switch|p2a: Skeledirge|Skeledirge, F|100/100
|-damage|p2a: Skeledirge|75/100|[from] Stealth Rock
|turn|20
|
|t:|1758962912
|move|p2a: Skeledirge|Torch Song|p1a: Snorlax
|-damage|p1a: Snorlax|55/100
|-boost|p2a: Skeledirge|spa|1
|move|p1a: Snorlax|Curse|p1a: Snorlax
|-unboost|p1a: Snorlax|spe|1
|-boost|p1a: Snorlax|atk|1
|-boost|p1a: Snorlax|def|1
|
|-heal|p2a: Skeledirge|82/100|[from] item: Leftovers
|upkeep
|turn|21
|
|t:|1758962924
|move|p2a: Skeledirge|Torch Song|p1a: Snorlax
|-damage|p1a: Snorlax|41/100
|-boost|p2a: Skeledirge|spa|1
|move|p1a: Snorlax|Heat Crash|p2a: Skeledirge
|-resisted|p2a: Skeledirge
|-damage|p2a: Skeledirge|76/100
|
|-heal|p2a: Skeledirge|82/100|[from] item: Leftovers
|upkeep
|turn|22
|-message|lndigo00 forfeited.
|
|win|ShinyAssassinx
|raw|lndigo00's rating: 1144 &rarr; <strong>1116</strong><br />(-28 for losing)
|raw|ShinyAssassinx's rating: 1104 &rarr; <strong>1132</strong><br />(+28 for winning)
|l|☆lndigo00
|player|p1|
|l|☆ShinyAssassinx
|player|p2|
