|j|‽DeadlockedTheory
|j|☆Not Slater
|t:|1758918137
|gametype|singles
|player|p1|DeadlockedTheory|266|1260
|player|p2|Not Slater|169|1220
|gen|9
|tier|[Gen 9] OU
|rated|
|rule|HP Percentage Mod: HP is shown in percentages
|rule|Endless Battle Clause: Forcing endless battles is banned
|rule|Species Clause: Limit one of each Pokémon
|rule|OHKO Clause: OHKO moves are banned
|rule|Evasion Items Clause: Evasion items are banned
|rule|Evasion Moves Clause: Evasion moves are banned
|rule|Evasion Abilities Clause: Evasion abilities are banned
|rule|Sleep Moves Clause: Sleep-inducing moves are banned
|clearpoke
|poke|p1|Lokix, M|
|poke|p1|Cinderace, F|
|poke|p1|Great Tusk|
|poke|p1|Alomomola, F|
|poke|p1|Enamorus, F|
|poke|p1|Slowking-Galar, F|
|poke|p2|Kingambit, F|
|poke|p2|Moltres|
|poke|p2|Scizor, M|
|poke|p2|Dragapult, M|
|poke|p2|Deoxys-Speed|
|poke|p2|Iron Moth|
|teampreview
|
|t:|1758918156
|teamsize|p1|6
|teamsize|p2|6
|start
|switch|p1a: Lokix|Lokix, M|100/100
|switch|p2a: Dragapult|Dragapult, M|100/100
|turn|1
|
|t:|1758918167
|move|p2a: Dragapult|Reflect|p2a: Dragapult
|-sidestart|p2: Not Slater|Reflect
|move|p1a: Lokix|Knock Off|p2a: Dragapult
|-supereffective|p2a: Dragapult
|-damage|p2a: Dragapult|22/100
|-enditem|p2a: Dragapult|Light Clay|[from] move: Knock Off|[of] p1a: Lokix
|
|upkeep
|turn|2
|
|t:|1758918174
|switch|p1a: Alomomola|Alomomola, F|100/100
|move|p2a: Dragapult|Will-O-Wisp|p1a: Alomomola
|-status|p1a: Alomomola|brn
|
|-damage|p1a: Alomomola|94/100 brn|[from] brn
|upkeep
|turn|3
|
|t:|1758918226
|switch|p2a: Scizor|Scizor, M|100/100
|move|p1a: Alomomola|Mirror Coat||[still]
|-fail|p1a: Alomomola
|
|-damage|p1a: Alomomola|88/100 brn|[from] brn
|upkeep
|turn|4
|
|t:|1758918238
|switch|p1a: Great Tusk|Great Tusk|100/100
|move|p2a: Scizor|Knock Off|p1a: Great Tusk
|-resisted|p1a: Great Tusk
|-damage|p1a: Great Tusk|91/100
|-enditem|p1a: Great Tusk|Leftovers|[from] move: Knock Off|[of] p2a: Scizor
|
|upkeep
|turn|5
|
|t:|1758918248
|move|p1a: Great Tusk|Knock Off|p2a: Scizor
|-damage|p2a: Scizor|85/100
|-enditem|p2a: Scizor|Assault Vest|[from] move: Knock Off|[of] p1a: Great Tusk
|move|p2a: Scizor|Dual Wingbeat|p1a: Great Tusk
|-supereffective|p1a: Great Tusk
|-damage|p1a: Great Tusk|67/100
|-supereffective|p1a: Great Tusk
|-damage|p1a: Great Tusk|44/100
|-hitcount|p1a: Great Tusk|2
|
|upkeep
|turn|6
|
|t:|1758918267
|-end|p1a: Great Tusk|Protosynthesis|[silent]
|switch|p1a: Slowking|Slowking-Galar, F|100/100
|move|p2a: Scizor|Dual Wingbeat|p1a: Slowking
|-damage|p1a: Slowking|84/100
|-damage|p1a: Slowking|68/100
|-hitcount|p1a: Slowking|2
|
|upkeep
|turn|7
|
|t:|1758918280
|move|p2a: Scizor|Knock Off|p1a: Slowking
|-supereffective|p1a: Slowking
|-damage|p1a: Slowking|15/100
|-enditem|p1a: Slowking|Shuca Berry|[from] move: Knock Off|[of] p2a: Scizor
|-prepare|p1a: Slowking|Chilly Reception|[premajor]
|move|p1a: Slowking|Chilly Reception|p1a: Slowking
|-weather|Snowscape
|
|t:|1758918294
|switch|p1a: Cinderace|Cinderace, F|100/100|[from] Chilly Reception
|
|-weather|Snowscape|[upkeep]
|upkeep
|turn|8
|
|t:|1758918308
|move|p1a: Cinderace|Pyro Ball|p2a: Scizor
|-supereffective|p2a: Scizor
|-damage|p2a: Scizor|0 fnt
|faint|p2a: Scizor
|
|-weather|Snowscape|[upkeep]
|-sideend|p2: Not Slater|Reflect
|upkeep
|
|t:|1758918332
|switch|p2a: Iron Moth|Iron Moth|100/100
|-enditem|p2a: Iron Moth|Booster Energy
|-activate|p2a: Iron Moth|ability: Quark Drive|[fromitem]
|-start|p2a: Iron Moth|quarkdrivespa
|turn|9
|
|t:|1758918337
|move|p1a: Cinderace|U-turn|p2a: Iron Moth
|-resisted|p2a: Iron Moth
|-damage|p2a: Iron Moth|93/100
|
|t:|1758918355
|switch|p1a: Alomomola|Alomomola, F|100/100 brn|[from] U-turn
|move|p2a: Iron Moth|Agility|p2a: Iron Moth
|-boost|p2a: Iron Moth|spe|2
|
|-weather|Snowscape|[upkeep]
|-damage|p1a: Alomomola|94/100 brn|[from] brn
|upkeep
|turn|10
|
|t:|1758918376
|switch|p1a: Slowking|Slowking-Galar, F|48/100
|-terastallize|p2a: Iron Moth|Flying
|move|p2a: Iron Moth|Energy Ball|p1a: Slowking
|-resisted|p1a: Slowking
|-damage|p1a: Slowking|31/100
|
|-weather|Snowscape|[upkeep]
|upkeep
|turn|11
|
|t:|1758918387
|move|p2a: Iron Moth|Fiery Dance|p1a: Slowking
|-damage|p1a: Slowking|0 fnt
|-boost|p2a: Iron Moth|spa|1
|faint|p1a: Slowking
|
|-weather|none
|upkeep
|
|t:|1758918445
|switch|p1a: Lokix|Lokix, M|100/100
|turn|12
|
|t:|1758918449
|-terastallize|p1a: Lokix|Bug
|move|p1a: Lokix|First Impression|p2a: Iron Moth
|-resisted|p2a: Iron Moth
|-damage|p2a: Iron Moth|0 fnt
|faint|p2a: Iron Moth
|-end|p2a: Iron Moth|Quark Drive|[silent]
|
|upkeep
|
|t:|1758918487
|switch|p2a: Kingambit|Kingambit, F|100/100
|turn|13
|
|t:|1758918493
|switch|p1a: Cinderace|Cinderace, F|100/100
|move|p2a: Kingambit|Swords Dance|p2a: Kingambit
|-boost|p2a: Kingambit|atk|2
|
|upkeep
|turn|14
|
|t:|1758918499
|move|p2a: Kingambit|Sucker Punch||[still]
|-fail|p2a: Kingambit
|move|p1a: Cinderace|Will-O-Wisp|p2a: Kingambit
|-status|p2a: Kingambit|brn
|
|-damage|p2a: Kingambit|94/100 brn|[from] brn
|upkeep
|turn|15
|
|t:|1758918505
|move|p2a: Kingambit|Sucker Punch|p1a: Cinderace
|-damage|p1a: Cinderace|36/100
|-damage|p2a: Kingambit|84/100 brn|[from] item: Life Orb
|move|p1a: Cinderace|Pyro Ball|p2a: Kingambit
|-supereffective|p2a: Kingambit
|-damage|p2a: Kingambit|11/100 brn
|
|-damage|p2a: Kingambit|5/100 brn|[from] brn
|upkeep
|turn|16
|
|t:|1758918515
|switch|p1a: Alomomola|Alomomola, F|100/100 brn
|move|p2a: Kingambit|Kowtow Cleave|p1a: Alomomola
|-damage|p1a: Alomomola|52/100 brn
|-damage|p2a: Kingambit|0 fnt|[from] item: Life Orb
|faint|p2a: Kingambit
|
|-damage|p1a: Alomomola|46/100 brn|[from] brn
|upkeep
|
|t:|1758918528
|switch|p2a: Dragapult|Dragapult, M|22/100
|turn|17
|
|t:|1758918544
|switch|p1a: Cinderace|Cinderace, F|36/100
|move|p2a: Dragapult|Light Screen|p2a: Dragapult
|-sidestart|p2: Not Slater|move: Light Screen
|
|upkeep
|turn|18
|
|t:|1758918551
|move|p2a: Dragapult|Draco Meteor|p1a: Cinderace
|-damage|p1a: Cinderace|0 fnt
|-unboost|p2a: Dragapult|spa|2
|faint|p1a: Cinderace
|
|upkeep
|
|t:|1758918562
|switch|p1a: Lokix|Lokix, M, tera:Bug|100/100
|turn|19
|
|t:|1758918577
|switch|p2a: Moltres|Moltres|100/100
|move|p1a: Lokix|First Impression|p2a: Moltres
|-resisted|p2a: Moltres
|-crit|p2a: Moltres
|-damage|p2a: Moltres|56/100
|
|upkeep
|turn|20
|
|t:|1758918587
|switch|p1a: Alomomola|Alomomola, F|80/100 brn
|move|p2a: Moltres|Roost|p2a: Moltres
|-heal|p2a: Moltres|100/100
|-singleturn|p2a: Moltres|move: Roost
|
|-damage|p1a: Alomomola|73/100 brn|[from] brn
|upkeep
|turn|21
|
|t:|1758918623
|move|p1a: Alomomola|Aqua Jet|p2a: Moltres
|-supereffective|p2a: Moltres
|-damage|p2a: Moltres|93/100
|move|p2a: Moltres|U-turn|p1a: Alomomola
|-damage|p1a: Alomomola|62/100 brn
|
|t:|1758918630
|switch|p2a: Deoxys|Deoxys-Speed|100/100|[from] U-turn
|-ability|p2a: Deoxys|Pressure
|
|-damage|p1a: Alomomola|55/100 brn|[from] brn
|-sideend|p2: Not Slater|move: Light Screen
|upkeep
|turn|22
|
|t:|1758918644
|move|p2a: Deoxys|Stealth Rock|p1a: Alomomola
|-sidestart|p1: DeadlockedTheory|move: Stealth Rock
|move|p1a: Alomomola|Flip Turn|p2a: Deoxys
|-damage|p2a: Deoxys|88/100
|
|t:|1758918654
|switch|p1a: Lokix|Lokix, M, tera:Bug|100/100|[from] Flip Turn
|-damage|p1a: Lokix|76/100|[from] Stealth Rock
|
|upkeep
|turn|23
|
|t:|1758918677
|switch|p1a: Great Tusk|Great Tusk|44/100
|-damage|p1a: Great Tusk|41/100|[from] Stealth Rock
|move|p2a: Deoxys|Knock Off|p1a: Great Tusk
|-resisted|p1a: Great Tusk
|-crit|p1a: Great Tusk
|-damage|p1a: Great Tusk|33/100
|
|upkeep
|turn|24
|
|t:|1758918685
|-end|p1a: Great Tusk|Protosynthesis|[silent]
|switch|p1a: Alomomola|Alomomola, F|89/100 brn
|-damage|p1a: Alomomola|76/100 brn|[from] Stealth Rock
|move|p2a: Deoxys|Zen Headbutt|p1a: Alomomola
|-damage|p1a: Alomomola|52/100 brn
|
|-damage|p1a: Alomomola|46/100 brn|[from] brn
|upkeep
|turn|25
|
|t:|1758918692
|move|p2a: Deoxys|Zen Headbutt|p1a: Alomomola
|-damage|p1a: Alomomola|20/100 brn
|move|p1a: Alomomola|Flip Turn|p2a: Deoxys
|-damage|p2a: Deoxys|75/100
|
|t:|1758918697
|switch|p1a: Lokix|Lokix, M, tera:Bug|76/100|[from] Flip Turn
|-damage|p1a: Lokix|51/100|[from] Stealth Rock
|
|upkeep
|turn|26
|
|t:|1758918703
|switch|p2a: Moltres|Moltres|93/100
|move|p1a: Lokix|First Impression|p2a: Moltres
|-resisted|p2a: Moltres
|-damage|p2a: Moltres|61/100
|
|upkeep
|turn|27
|
|t:|1758918716
|switch|p1a: Alomomola|Alomomola, F|53/100 brn
|-damage|p1a: Alomomola|41/100 brn|[from] Stealth Rock
|move|p2a: Moltres|Flamethrower|p1a: Alomomola
|-resisted|p1a: Alomomola
|-damage|p1a: Alomomola|32/100 brn
|
|-damage|p1a: Alomomola|26/100 brn|[from] brn
|upkeep
|turn|28
|
|t:|1758918731
|switch|p2a: Dragapult|Dragapult, M|22/100
|move|p1a: Alomomola|Flip Turn|p2a: Dragapult
|-resisted|p2a: Dragapult
|-damage|p2a: Dragapult|18/100
|
|t:|1758918743
|switch|p1a: Enamorus|Enamorus, F|100/100|[from] Flip Turn
|-damage|p1a: Enamorus|76/100|[from] Stealth Rock
|
|upkeep
|turn|29
|
|t:|1758918749
|move|p1a: Enamorus|Moonblast|p2a: Dragapult
|-supereffective|p2a: Dragapult
|-damage|p2a: Dragapult|0 fnt
|faint|p2a: Dragapult
|
|upkeep
|
|t:|1758918760
|switch|p2a: Moltres|Moltres|61/100
|turn|30
|
|t:|1758918784
|switch|p1a: Alomomola|Alomomola, F|59/100 brn
|-damage|p1a: Alomomola|47/100 brn|[from] Stealth Rock
|move|p2a: Moltres|Roost|p2a: Moltres
|-heal|p2a: Moltres|100/100
|-singleturn|p2a: Moltres|move: Roost
|
|-damage|p1a: Alomomola|41/100 brn|[from] brn
|upkeep
|turn|31
|
|t:|1758918802
|move|p2a: Moltres|U-turn|p1a: Alomomola
|-damage|p1a: Alomomola|30/100 brn
|
|t:|1758918805
|switch|p2a: Deoxys|Deoxys-Speed|75/100|[from] U-turn
|-ability|p2a: Deoxys|Pressure
|move|p1a: Alomomola|Flip Turn|p2a: Deoxys
|-crit|p2a: Deoxys
|-damage|p2a: Deoxys|58/100
|c|☆Not Slater|i mis clicked
|c|☆Not Slater|noooo
|
|t:|1758918830
|switch|p1a: Lokix|Lokix, M, tera:Bug|51/100|[from] Flip Turn
|-damage|p1a: Lokix|26/100|[from] Stealth Rock
|
|upkeep
|turn|32
|
|t:|1758918843
|switch|p2a: Moltres|Moltres|100/100
|switch|p1a: Great Tusk|Great Tusk|33/100
|-damage|p1a: Great Tusk|30/100|[from] Stealth Rock
|
|upkeep
|turn|33
|
|t:|1758918856
|move|p1a: Great Tusk|Rapid Spin|p2a: Moltres
|-damage|p2a: Moltres|90/100
|-boost|p1a: Great Tusk|spe|1
|-status|p1a: Great Tusk|brn|[from] ability: Flame Body|[of] p2a: Moltres
|-sideend|p1: DeadlockedTheory|Stealth Rock|[from] move: Rapid Spin|[of] p1a: Great Tusk
|move|p2a: Moltres|Flamethrower|p1a: Great Tusk
|-damage|p1a: Great Tusk|0 fnt
|faint|p1a: Great Tusk
|-end|p1a: Great Tusk|Protosynthesis|[silent]
|
|upkeep
|
|t:|1758918868
|switch|p1a: Alomomola|Alomomola, F|63/100 brn
|turn|34
|
|t:|1758918876
|move|p1a: Alomomola|Aqua Jet|p2a: Moltres
|-supereffective|p2a: Moltres
|-damage|p2a: Moltres|82/100
|move|p2a: Moltres|Flamethrower|p1a: Alomomola
|-resisted|p1a: Alomomola
|-damage|p1a: Alomomola|55/100 brn
|
|-damage|p1a: Alomomola|48/100 brn|[from] brn
|upkeep
|turn|35
|
|t:|1758918885
|move|p2a: Moltres|Flamethrower|p1a: Alomomola
|-resisted|p1a: Alomomola
|-damage|p1a: Alomomola|39/100 brn
|move|p1a: Alomomola|Mirror Coat|p2a: Moltres
|-damage|p2a: Moltres|55/100
|
|-damage|p1a: Alomomola|33/100 brn|[from] brn
|upkeep
|turn|36
|
|t:|1758918893
|move|p2a: Moltres|Roost|p2a: Moltres
|-heal|p2a: Moltres|100/100
|-singleturn|p2a: Moltres|move: Roost
|move|p1a: Alomomola|Flip Turn|p2a: Moltres
|-supereffective|p2a: Moltres
|-damage|p2a: Moltres|89/100
|
|t:|1758918909
|switch|p1a: Enamorus|Enamorus, F|76/100|[from] Flip Turn
|
|upkeep
|turn|37
|
|t:|1758918948
|move|p1a: Enamorus|Tera Blast|p2a: Moltres
|-damage|p2a: Moltres|56/100
|move|p2a: Moltres|Flamethrower|p1a: Enamorus
|-crit|p1a: Enamorus
|-damage|p1a: Enamorus|0 fnt
|faint|p1a: Enamorus
|
|upkeep
|-message|DeadlockedTheory forfeited.
|
|win|Not Slater
|raw|DeadlockedTheory's rating: 1260 &rarr; <strong>1232</strong><br />(-28 for losing)
|raw|Not Slater's rating: 1220 &rarr; <strong>1248</strong><br />(+28 for winning)
|l|‽DeadlockedTheory
|player|p1|
|c|☆Not Slater|ggs
