|j|‽Dominicano 55
|j|☆preppy dude
|t:|1759020010
|gametype|singles
|player|p1|Dominicano 55|lucas|1267
|player|p2|preppy dude|169|1220
|gen|9
|tier|[Gen 9] OU
|rated|
|rule|HP Percentage Mod: HP is shown in percentages
|rule|Endless Battle Clause: Forcing endless battles is banned
|rule|Species Clause: Limit one of each Pokémon
|rule|OHKO Clause: OHKO moves are banned
|rule|Evasion Items Clause: Evasion items are banned
|rule|Evasion Moves Clause: Evasion moves are banned
|rule|Evasion Abilities Clause: Evasion abilities are banned
|rule|Sleep Moves Clause: Sleep-inducing moves are banned
|clearpoke
|poke|p1|Primarina, M|
|poke|p1|Gliscor, M|
|poke|p1|Ting-Lu|
|poke|p1|Scream Tail|
|poke|p1|Zapdos-Galar|
|poke|p1|Avalugg, F|
|poke|p2|Zapdos|
|poke|p2|Golem, F|
|poke|p2|Arbok, M|
|poke|p2|Rhydon, M|
|poke|p2|Magneton|
|poke|p2|Dodrio, M|
|teampreview
|
|t:|1759020016
|teamsize|p1|6
|teamsize|p2|6
|start
|switch|p1a: Zapdos|Zapdos-Galar|100/100
|switch|p2a: Golem|Golem, F|100/100
|turn|1
|inactive|Battle timer is ON: inactive players will automatically lose when time's up. (requested by Dominicano 55)
|
|t:|1759020023
|move|p1a: Zapdos|U-turn|p2a: Golem
|-damage|p2a: Golem|79/100
|
|t:|1759020027
|switch|p1a: Gliscor|Gliscor, M|100/100|[from] U-turn
|move|p2a: Golem|Stealth Rock|p1a: Gliscor
|-sidestart|p1: Dominicano 55|move: Stealth Rock
|
|-status|p1a: Gliscor|tox|[from] item: Toxic Orb
|upkeep
|turn|2
|
|t:|1759020035
|move|p1a: Gliscor|Stealth Rock|p2a: Golem
|-sidestart|p2: preppy dude|move: Stealth Rock
|move|p2a: Golem|Explosion|p1a: Gliscor
|-damage|p1a: Gliscor|43/100 tox
|faint|p2a: Golem
|
|-heal|p1a: Gliscor|55/100 tox|[from] ability: Poison Heal
|upkeep
|
|t:|1759020044
|switch|p2a: Rhydon|Rhydon, M|100/100
|-damage|p2a: Rhydon|94/100|[from] Stealth Rock
|turn|3
|
|t:|1759020051
|-terastallize|p2a: Rhydon|Ghost
|move|p1a: Gliscor|Toxic|p2a: Rhydon|[miss]
|-miss|p1a: Gliscor|p2a: Rhydon
|move|p2a: Rhydon|Avalanche|p1a: Gliscor
|-supereffective|p1a: Gliscor
|-damage|p1a: Gliscor|1/100 tox
|
|-heal|p1a: Gliscor|13/100 tox|[from] ability: Poison Heal
|upkeep
|turn|4
|
|t:|1759020063
|move|p1a: Gliscor|Toxic|p2a: Rhydon
|-status|p2a: Rhydon|tox
|move|p2a: Rhydon|Rock Blast|p1a: Gliscor
|-damage|p1a: Gliscor|5/100 tox
|-damage|p1a: Gliscor|0 fnt
|faint|p1a: Gliscor
|-hitcount|p1: Gliscor|2
|
|-damage|p2a: Rhydon|88/100 tox|[from] psn
|upkeep
|
|t:|1759020071
|switch|p1a: Avalugg|Avalugg, F|100/100
|turn|5
|
|t:|1759020076
|-terastallize|p1a: Avalugg|Ghost
|move|p2a: Rhydon|Facade|p1a: Avalugg
|-immune|p1a: Avalugg
|move|p1a: Avalugg|Iron Defense|p1a: Avalugg
|-boost|p1a: Avalugg|def|2
|
|-damage|p2a: Rhydon|76/100 tox|[from] psn
|upkeep
|turn|6
|
|t:|1759020086
|switch|p2a: Arbok|Arbok, M|100/100
|-damage|p2a: Arbok|88/100|[from] Stealth Rock
|-ability|p2a: Arbok|Intimidate|boost
|-fail|p1a: Avalugg|unboost|Attack|[from] ability: Own Tempo|[of] p1a: Avalugg
|move|p1a: Avalugg|Iron Defense|p1a: Avalugg
|-boost|p1a: Avalugg|def|2
|
|upkeep
|turn|7
|
|t:|1759020095
|move|p2a: Arbok|Switcheroo|p1a: Avalugg
|-activate|p2a: Arbok|move: Trick|[of] p1a: Avalugg
|-item|p1a: Avalugg|Choice Scarf|[from] move: Switcheroo
|-item|p2a: Arbok|Heavy-Duty Boots|[from] move: Switcheroo
|move|p1a: Avalugg|Rapid Spin|p2a: Arbok
|-damage|p2a: Arbok|70/100
|-boost|p1a: Avalugg|spe|1
|-sideend|p1: Dominicano 55|Stealth Rock|[from] move: Rapid Spin|[of] p1a: Avalugg
|
|upkeep
|turn|8
|
|t:|1759020104
|switch|p1a: Ting-Lu|Ting-Lu|100/100
|-ability|p1a: Ting-Lu|Vessel of Ruin
|move|p2a: Arbok|Poison Fang|p1a: Ting-Lu
|-resisted|p1a: Ting-Lu
|-damage|p1a: Ting-Lu|96/100
|
|upkeep
|turn|9
|
|t:|1759020114
|move|p2a: Arbok|Poison Fang|p1a: Ting-Lu
|-resisted|p1a: Ting-Lu
|-crit|p1a: Ting-Lu
|-damage|p1a: Ting-Lu|88/100
|move|p1a: Ting-Lu|Rock Tomb|p2a: Arbok
|-damage|p2a: Arbok|23/100
|-unboost|p2a: Arbok|spe|1
|
|upkeep
|turn|10
|
|t:|1759020124
|switch|p2a: Rhydon|Rhydon, M, tera:Ghost|76/100 tox
|-damage|p2a: Rhydon|64/100 tox|[from] Stealth Rock
|move|p1a: Ting-Lu|Rock Tomb|p2a: Rhydon
|-damage|p2a: Rhydon|50/100 tox
|-unboost|p2a: Rhydon|spe|1
|
|-damage|p2a: Rhydon|43/100 tox|[from] psn
|upkeep
|turn|11
|inactive|Dominicano 55 has 120 seconds left.
|inactive|Dominicano 55 has 90 seconds left.
|c|☆preppy dude|?
|inactive|Dominicano 55 has 60 seconds left.
|
|t:|1759020239
|switch|p1a: Scream Tail|Scream Tail|100/100
|move|p2a: Rhydon|Earthquake|p1a: Scream Tail
|-damage|p1a: Scream Tail|62/100
|
|-heal|p1a: Scream Tail|68/100|[from] item: Leftovers
|-damage|p2a: Rhydon|31/100 tox|[from] psn
|upkeep
|turn|12
|
|t:|1759020248
|move|p1a: Scream Tail|Wish|p1a: Scream Tail
|move|p2a: Rhydon|Facade|p1a: Scream Tail
|-damage|p1a: Scream Tail|33/100
|
|-heal|p1a: Scream Tail|39/100|[from] item: Leftovers
|-damage|p2a: Rhydon|13/100 tox|[from] psn
|upkeep
|turn|13
|
|t:|1759020256
|-end|p1a: Scream Tail|Protosynthesis|[silent]
|switch|p1a: Avalugg|Avalugg, F, tera:Ghost|100/100
|move|p2a: Rhydon|Earthquake|p1a: Avalugg
|-damage|p1a: Avalugg|80/100
|
|-heal|p1a: Avalugg|100/100|[from] move: Wish|[wisher] Scream Tail
|-damage|p2a: Rhydon|0 fnt|[from] psn
|faint|p2a: Rhydon
|upkeep
|
|t:|1759020273
|switch|p2a: Magneton|Magneton|100/100
|-damage|p2a: Magneton|94/100|[from] Stealth Rock
|turn|14
|
|t:|1759020278
|switch|p1a: Ting-Lu|Ting-Lu|88/100
|-ability|p1a: Ting-Lu|Vessel of Ruin
|move|p2a: Magneton|Flash Cannon|p1a: Ting-Lu
|-damage|p1a: Ting-Lu|63/100
|
|upkeep
|turn|15
|inactive|Dominicano 55 has 60 seconds left.
|
|t:|1759020288
|switch|p2a: Zapdos|Zapdos|100/100
|-damage|p2a: Zapdos|75/100|[from] Stealth Rock
|move|p1a: Ting-Lu|Lash Out|p2a: Zapdos
|-damage|p2a: Zapdos|27/100
|
|-heal|p2a: Zapdos|33/100|[from] item: Leftovers
|upkeep
|turn|16
|
|t:|1759020297
|move|p2a: Zapdos|Roost|p2a: Zapdos
|-heal|p2a: Zapdos|83/100
|-singleturn|p2a: Zapdos|move: Roost
|move|p1a: Ting-Lu|Lash Out|p2a: Zapdos
|-damage|p2a: Zapdos|34/100
|
|-heal|p2a: Zapdos|40/100|[from] item: Leftovers
|upkeep
|turn|17
|
|t:|1759020307
|move|p2a: Zapdos|Protect|p2a: Zapdos
|-singleturn|p2a: Zapdos|Protect
|move|p1a: Ting-Lu|Lash Out|p2a: Zapdos
|-activate|p2a: Zapdos|move: Protect
|
|-heal|p2a: Zapdos|46/100|[from] item: Leftovers
|upkeep
|turn|18
|
|t:|1759020315
|move|p2a: Zapdos|Roost|p2a: Zapdos
|-heal|p2a: Zapdos|96/100
|-singleturn|p2a: Zapdos|move: Roost
|move|p1a: Ting-Lu|Lash Out|p2a: Zapdos
|-damage|p2a: Zapdos|50/100
|
|-heal|p2a: Zapdos|56/100|[from] item: Leftovers
|upkeep
|turn|19
|
|t:|1759020325
|move|p2a: Zapdos|Protect|p2a: Zapdos
|-singleturn|p2a: Zapdos|Protect
|move|p1a: Ting-Lu|Lash Out|p2a: Zapdos
|-activate|p2a: Zapdos|move: Protect
|
|-heal|p2a: Zapdos|62/100|[from] item: Leftovers
|upkeep
|turn|20
|
|t:|1759020338
|switch|p1a: Primarina|Primarina, M|100/100
|move|p2a: Zapdos|Roost|p2a: Zapdos
|-heal|p2a: Zapdos|100/100
|-singleturn|p2a: Zapdos|move: Roost
|
|upkeep
|turn|21
|
|t:|1759020346
|switch|p1a: Ting-Lu|Ting-Lu|63/100
|-ability|p1a: Ting-Lu|Vessel of Ruin
|move|p2a: Zapdos|Discharge|p1a: Ting-Lu
|-immune|p1a: Ting-Lu
|
|upkeep
|turn|22
|
|t:|1759020369
|move|p2a: Zapdos|Air Cutter|p1a: Ting-Lu
|-damage|p1a: Ting-Lu|47/100
|move|p1a: Ting-Lu|Rock Tomb|p2a: Zapdos
|-supereffective|p2a: Zapdos
|-damage|p2a: Zapdos|50/100
|-unboost|p2a: Zapdos|spe|1
|
|-heal|p2a: Zapdos|57/100|[from] item: Leftovers
|upkeep
|turn|23
|inactive|Dominicano 55 has 90 seconds left.
|
|t:|1759020379
|move|p2a: Zapdos|Protect|p2a: Zapdos
|-singleturn|p2a: Zapdos|Protect
|move|p1a: Ting-Lu|Rock Tomb|p2a: Zapdos
|-activate|p2a: Zapdos|move: Protect
|
|-heal|p2a: Zapdos|63/100|[from] item: Leftovers
|upkeep
|turn|24
|
|t:|1759020388
|move|p2a: Zapdos|Roost|p2a: Zapdos
|-heal|p2a: Zapdos|100/100
|-singleturn|p2a: Zapdos|move: Roost
|move|p1a: Ting-Lu|Rock Tomb|p2a: Zapdos
|-damage|p2a: Zapdos|74/100
|-unboost|p2a: Zapdos|spe|1
|
|-heal|p2a: Zapdos|80/100|[from] item: Leftovers
|upkeep
|turn|25
|
|t:|1759020398
|switch|p1a: Scream Tail|Scream Tail|39/100
|move|p2a: Zapdos|Protect||[still]
|-fail|p2a: Zapdos
|
|-heal|p1a: Scream Tail|45/100|[from] item: Leftovers
|-heal|p2a: Zapdos|86/100|[from] item: Leftovers
|upkeep
|turn|26
|
|t:|1759020406
|move|p1a: Scream Tail|Wish|p1a: Scream Tail
|move|p2a: Zapdos|Discharge|p1a: Scream Tail
|-damage|p1a: Scream Tail|20/100
|
|-heal|p1a: Scream Tail|26/100|[from] item: Leftovers
|-heal|p2a: Zapdos|93/100|[from] item: Leftovers
|upkeep
|turn|27
|
|t:|1759020414
|move|p1a: Scream Tail|Encore|p2a: Zapdos
|-start|p2a: Zapdos|Encore
|move|p2a: Zapdos|Discharge|p1a: Scream Tail
|-damage|p1a: Scream Tail|5/100
|-status|p1a: Scream Tail|par
|
|-heal|p1a: Scream Tail|55/100 par|[from] move: Wish|[wisher] Scream Tail
|-heal|p1a: Scream Tail|61/100 par|[from] item: Leftovers
|-heal|p2a: Zapdos|99/100|[from] item: Leftovers
|upkeep
|turn|28
|
|t:|1759020424
|move|p1a: Scream Tail|Wish|p1a: Scream Tail
|move|p2a: Zapdos|Discharge|p1a: Scream Tail
|-damage|p1a: Scream Tail|36/100 par
|
|-heal|p1a: Scream Tail|42/100 par|[from] item: Leftovers
|-heal|p2a: Zapdos|100/100|[from] item: Leftovers
|upkeep
|turn|29
|
|t:|1759020432
|-end|p1a: Scream Tail|Protosynthesis|[silent]
|switch|p1a: Ting-Lu|Ting-Lu|47/100
|-ability|p1a: Ting-Lu|Vessel of Ruin
|move|p2a: Zapdos|Discharge|p1a: Ting-Lu
|-immune|p1a: Ting-Lu
|
|-heal|p1a: Ting-Lu|89/100|[from] move: Wish|[wisher] Scream Tail
|-end|p2a: Zapdos|Encore
|upkeep
|turn|30
|inactive|Dominicano 55 has 120 seconds left.
|
|t:|1759020446
|switch|p1a: Scream Tail|Scream Tail|42/100 par
|move|p2a: Zapdos|Air Cutter|p1a: Scream Tail
|-damage|p1a: Scream Tail|26/100 par
|
|-heal|p1a: Scream Tail|32/100 par|[from] item: Leftovers
|upkeep
|turn|31
|inactive|Dominicano 55 has 120 seconds left.
|
|t:|1759020454
|move|p1a: Scream Tail|Wish|p1a: Scream Tail
|move|p2a: Zapdos|Discharge|p1a: Scream Tail
|-damage|p1a: Scream Tail|8/100 par
|
|-heal|p1a: Scream Tail|15/100 par|[from] item: Leftovers
|upkeep
|turn|32
|
|t:|1759020463
|-end|p1a: Scream Tail|Protosynthesis|[silent]
|switch|p1a: Primarina|Primarina, M|100/100
|move|p2a: Zapdos|Discharge|p1a: Primarina
|-supereffective|p1a: Primarina
|-damage|p1a: Primarina|56/100
|-status|p1a: Primarina|par
|
|-heal|p1a: Primarina|100/100 par|[from] move: Wish|[wisher] Scream Tail
|upkeep
|turn|33
|
|t:|1759020476
|move|p2a: Zapdos|Discharge|p1a: Primarina
|-supereffective|p1a: Primarina
|-damage|p1a: Primarina|58/100 par
|move|p1a: Primarina|Calm Mind|p1a: Primarina
|-boost|p1a: Primarina|spa|1
|-boost|p1a: Primarina|spd|1
|
|-heal|p1a: Primarina|64/100 par|[from] item: Leftovers
|upkeep
|turn|34
|
|t:|1759020487
|move|p2a: Zapdos|Discharge|p1a: Primarina
|-supereffective|p1a: Primarina
|-damage|p1a: Primarina|36/100 par
|move|p1a: Primarina|Sparkling Aria|p2a: Zapdos
|-damage|p2a: Zapdos|52/100
|
|-heal|p2a: Zapdos|58/100|[from] item: Leftovers
|-heal|p1a: Primarina|42/100 par|[from] item: Leftovers
|upkeep
|turn|35
|
|t:|1759020496
|move|p2a: Zapdos|Discharge|p1a: Primarina
|-supereffective|p1a: Primarina
|-damage|p1a: Primarina|12/100 par
|move|p1a: Primarina|Draining Kiss|p2a: Zapdos
|-damage|p2a: Zapdos|34/100
|-heal|p1a: Primarina|31/100 par|[from] drain|[of] p2a: Zapdos
|
|-heal|p2a: Zapdos|41/100|[from] item: Leftovers
|-heal|p1a: Primarina|37/100 par|[from] item: Leftovers
|upkeep
|turn|36
|
|t:|1759020507
|move|p2a: Zapdos|Discharge|p1a: Primarina
|-supereffective|p1a: Primarina
|-damage|p1a: Primarina|10/100 par
|cant|p1a: Primarina|par
|
|-heal|p2a: Zapdos|47/100|[from] item: Leftovers
|-heal|p1a: Primarina|16/100 par|[from] item: Leftovers
|upkeep
|turn|37
|
|t:|1759020515
|switch|p1a: Ting-Lu|Ting-Lu|89/100
|-ability|p1a: Ting-Lu|Vessel of Ruin
|move|p2a: Zapdos|Discharge|p1a: Ting-Lu
|-immune|p1a: Ting-Lu
|
|-heal|p2a: Zapdos|53/100|[from] item: Leftovers
|upkeep
|turn|38
|
|t:|1759020526
|move|p2a: Zapdos|Protect|p2a: Zapdos
|-singleturn|p2a: Zapdos|Protect
|move|p1a: Ting-Lu|Rock Tomb|p2a: Zapdos
|-activate|p2a: Zapdos|move: Protect
|
|-heal|p2a: Zapdos|59/100|[from] item: Leftovers
|upkeep
|turn|39
|
|t:|1759020535
|move|p1a: Ting-Lu|Rock Tomb|p2a: Zapdos
|-supereffective|p2a: Zapdos
|-damage|p2a: Zapdos|12/100
|-unboost|p2a: Zapdos|spe|1
|move|p2a: Zapdos|Roost|p2a: Zapdos
|-heal|p2a: Zapdos|62/100
|-singleturn|p2a: Zapdos|move: Roost
|
|-heal|p2a: Zapdos|68/100|[from] item: Leftovers
|upkeep
|turn|40
|
|t:|1759020546
|switch|p1a: Zapdos|Zapdos-Galar|100/100
|move|p2a: Zapdos|Protect||[still]
|-fail|p2a: Zapdos
|
|-heal|p2a: Zapdos|74/100|[from] item: Leftovers
|upkeep
|turn|41
|
|t:|1759020554
|move|p1a: Zapdos|Knock Off|p2a: Zapdos
|-damage|p2a: Zapdos|47/100
|-status|p1a: Zapdos|par|[from] ability: Static|[of] p2a: Zapdos
|-enditem|p2a: Zapdos|Leftovers|[from] move: Knock Off|[of] p1a: Zapdos
|move|p2a: Zapdos|Discharge|p1a: Zapdos
|-supereffective|p1a: Zapdos
|-damage|p1a: Zapdos|8/100 par
|
|upkeep
|turn|42
|
|t:|1759020564
|switch|p1a: Ting-Lu|Ting-Lu|89/100
|-ability|p1a: Ting-Lu|Vessel of Ruin
|move|p2a: Zapdos|Roost|p2a: Zapdos
|-heal|p2a: Zapdos|97/100
|-singleturn|p2a: Zapdos|move: Roost
|
|upkeep
|turn|43
|
|t:|1759020573
|move|p2a: Zapdos|Protect|p2a: Zapdos
|-singleturn|p2a: Zapdos|Protect
|move|p1a: Ting-Lu|Rock Tomb|p2a: Zapdos
|-activate|p2a: Zapdos|move: Protect
|
|upkeep
|turn|44
|
|t:|1759020580
|move|p1a: Ting-Lu|Rock Tomb|p2a: Zapdos
|-supereffective|p2a: Zapdos
|-damage|p2a: Zapdos|45/100
|-unboost|p2a: Zapdos|spe|1
|move|p2a: Zapdos|Air Cutter|p1a: Ting-Lu
|-damage|p1a: Ting-Lu|73/100
|
|upkeep
|turn|45
|
|t:|1759020588
|switch|p1a: Scream Tail|Scream Tail|15/100 par
|move|p2a: Zapdos|Protect||[still]
|-fail|p2a: Zapdos
|
|-heal|p1a: Scream Tail|21/100 par|[from] item: Leftovers
|upkeep
|turn|46
|
|t:|1759020596
|cant|p1a: Scream Tail|par
|move|p2a: Zapdos|Discharge|p1a: Scream Tail
|-damage|p1a: Scream Tail|0 fnt
|faint|p1a: Scream Tail
|-end|p1a: Scream Tail|Protosynthesis|[silent]
|
|upkeep
|
|t:|1759020606
|switch|p1a: Ting-Lu|Ting-Lu|73/100
|-ability|p1a: Ting-Lu|Vessel of Ruin
|turn|47
|
|t:|1759020610
|move|p2a: Zapdos|Protect|p2a: Zapdos
|-singleturn|p2a: Zapdos|Protect
|move|p1a: Ting-Lu|Rock Tomb|p2a: Zapdos
|-activate|p2a: Zapdos|move: Protect
|
|upkeep
|turn|48
|
|t:|1759020617
|switch|p2a: Magneton|Magneton|94/100
|-damage|p2a: Magneton|88/100|[from] Stealth Rock
|move|p1a: Ting-Lu|Rock Tomb|p2a: Magneton
|-resisted|p2a: Magneton
|-damage|p2a: Magneton|64/100
|-unboost|p2a: Magneton|spe|1
|
|upkeep
|turn|49
|
|t:|1759020626
|switch|p1a: Primarina|Primarina, M|16/100 par
|move|p2a: Magneton|Flash Cannon|p1a: Primarina
|-damage|p1a: Primarina|0 fnt
|faint|p1a: Primarina
|
|upkeep
|
|t:|1759020632
|switch|p1a: Zapdos|Zapdos-Galar|8/100 par
|turn|50
|
|t:|1759020637
|switch|p2a: Zapdos|Zapdos|45/100
|-damage|p2a: Zapdos|20/100|[from] Stealth Rock
|move|p1a: Zapdos|Thunderous Kick|p2a: Zapdos
|-resisted|p2a: Zapdos
|-damage|p2a: Zapdos|1/100
|-unboost|p2a: Zapdos|def|1
|
|upkeep
|turn|51
|
|t:|1759020646
|move|p2a: Zapdos|Roost|p2a: Zapdos
|-heal|p2a: Zapdos|51/100
|-singleturn|p2a: Zapdos|move: Roost
|move|p1a: Zapdos|Thunderous Kick|p2a: Zapdos
|-damage|p2a: Zapdos|0 fnt
|faint|p2a: Zapdos
|
|upkeep
|
|t:|1759020655
|switch|p2a: Magneton|Magneton|64/100
|-damage|p2a: Magneton|58/100|[from] Stealth Rock
|turn|52
|
|t:|1759020660
|move|p2a: Magneton|Flash Cannon|p1a: Zapdos
|-damage|p1a: Zapdos|0 fnt
|faint|p1a: Zapdos
|
|upkeep
|
|t:|1759020663
|switch|p1a: Ting-Lu|Ting-Lu|73/100
|-ability|p1a: Ting-Lu|Vessel of Ruin
|turn|53
|
|t:|1759020679
|move|p2a: Magneton|Flash Cannon|p1a: Ting-Lu
|-damage|p1a: Ting-Lu|52/100
|-unboost|p1a: Ting-Lu|spd|1
|move|p1a: Ting-Lu|Earthquake|p2a: Magneton
|-supereffective|p2a: Magneton
|-damage|p2a: Magneton|0 fnt
|faint|p2a: Magneton
|
|upkeep
|
|t:|1759020687
|switch|p2a: Dodrio|Dodrio, M|100/100
|-damage|p2a: Dodrio|76/100|[from] Stealth Rock
|turn|54
|
|t:|1759020694
|switch|p1a: Avalugg|Avalugg, F, tera:Ghost|100/100
|move|p2a: Dodrio|Thrash|p1a: Avalugg
|-immune|p1a: Avalugg
|
|upkeep
|turn|55
|
|t:|1759020701
|switch|p2a: Arbok|Arbok, M|23/100
|-ability|p2a: Arbok|Intimidate|boost
|-fail|p1a: Avalugg|unboost|Attack|[from] ability: Own Tempo|[of] p1a: Avalugg
|move|p1a: Avalugg|Iron Defense|p1a: Avalugg
|-boost|p1a: Avalugg|def|2
|
|upkeep
|turn|56
|
|t:|1759020711
|switch|p1a: Ting-Lu|Ting-Lu|52/100
|-ability|p1a: Ting-Lu|Vessel of Ruin
|move|p2a: Arbok|Pain Split|p1a: Ting-Lu
|-sethp|p1a: Ting-Lu|33/100|[from] move: Pain Split|[silent]
|-sethp|p2a: Arbok|52/100|[from] move: Pain Split
|
|upkeep
|turn|57
|
|t:|1759020719
|move|p2a: Arbok|Protect|p2a: Arbok
|-singleturn|p2a: Arbok|Protect
|move|p1a: Ting-Lu|Lash Out|p2a: Arbok
|-activate|p2a: Arbok|move: Protect
|
|upkeep
|turn|58
|
|t:|1759020725
|move|p2a: Arbok|Poison Fang|p1a: Ting-Lu
|-resisted|p1a: Ting-Lu
|-damage|p1a: Ting-Lu|29/100
|move|p1a: Ting-Lu|Lash Out|p2a: Arbok
|-crit|p2a: Arbok
|-damage|p2a: Arbok|0 fnt
|faint|p2a: Arbok
|
|upkeep
|
|t:|1759020734
|switch|p2a: Dodrio|Dodrio, M|76/100
|-damage|p2a: Dodrio|51/100|[from] Stealth Rock
|turn|59
|
|t:|1759020740
|switch|p1a: Avalugg|Avalugg, F, tera:Ghost|100/100
|move|p2a: Dodrio|Brave Bird|p1a: Avalugg
|-damage|p1a: Avalugg|77/100
|-damage|p2a: Dodrio|39/100|[from] Recoil
|
|upkeep
|turn|60
|
|t:|1759020748
|move|p2a: Dodrio|Brave Bird|p1a: Avalugg
|-damage|p1a: Avalugg|55/100
|-damage|p2a: Dodrio|28/100|[from] Recoil
|move|p1a: Avalugg|Body Press|p2a: Dodrio
|-damage|p2a: Dodrio|0 fnt
|faint|p2a: Dodrio
|
|win|Dominicano 55
|raw|Dominicano 55's rating: 1267 &rarr; <strong>1289</strong><br />(+22 for winning)
|raw|preppy dude's rating: 1220 &rarr; <strong>1198</strong><br />(-22 for losing)
|l|☆preppy dude
|player|p2|
