|j|☆YualrkNow
|j|☆seriiboo
|t:|1758992855
|gametype|singles
|player|p1|YualrkNow|doctor|1000
|player|p2|seriiboo|101|1000
|gen|9
|tier|[Gen 9] OU
|rated|
|rule|HP Percentage Mod: HP is shown in percentages
|rule|Endless Battle Clause: Forcing endless battles is banned
|rule|Species Clause: Limit one of each Pokémon
|rule|OHKO Clause: OHKO moves are banned
|rule|Evasion Items Clause: Evasion items are banned
|rule|Evasion Moves Clause: Evasion moves are banned
|rule|Evasion Abilities Clause: Evasion abilities are banned
|rule|Sleep Moves Clause: Sleep-inducing moves are banned
|clearpoke
|poke|p1|Slowking-Galar, F|
|poke|p1|Weavile, F|
|poke|p1|Corviknight, M|
|poke|p1|Ceruledge, F|
|poke|p1|Azumarill, M|
|poke|p1|Gliscor, M|
|poke|p2|Kyurem|
|poke|p2|Gliscor, F|
|poke|p2|Samurott-Hisui, M|
|poke|p2|Heatran, M|
|poke|p2|Weezing-Galar, F|
|poke|p2|Sinistcha|
|teampreview
|inactive|Battle timer is ON: inactive players will automatically lose when time's up. (requested by seriiboo)
|
|t:|1758992881
|teamsize|p1|6
|teamsize|p2|6
|start
|switch|p1a: Slowking|Slowking-Galar, F|100/100
|switch|p2a: Weezing|Weezing-Galar, F|100/100
|-ability|p2a: Weezing|Neutralizing Gas
|turn|1
|
|t:|1758992890
|-end|p2a: Weezing|ability: Neutralizing Gas
|switch|p2a: Gliscor|Gliscor, F|100/100
|move|p1a: Slowking|Future Sight|p2a: Gliscor
|-start|p1a: Slowking|move: Future Sight
|
|-status|p2a: Gliscor|tox|[from] item: Toxic Orb
|upkeep
|turn|2
|
|t:|1758992896
|move|p2a: Gliscor|Earthquake|p1a: Slowking
|-supereffective|p1a: Slowking
|-damage|p1a: Slowking|28/100
|move|p1a: Slowking|Ice Beam|p2a: Gliscor
|-supereffective|p2a: Gliscor
|-damage|p2a: Gliscor|23/100 tox
|
|-heal|p1a: Slowking|35/100|[from] item: Leftovers
|-heal|p2a: Gliscor|35/100 tox|[from] ability: Poison Heal
|upkeep
|turn|3
|
|t:|1758992906
|switch|p2a: Samurott|Samurott-Hisui, M|100/100
|switch|p1a: Gliscor|Gliscor, M|100/100
|
|-end|p2a: Samurott|move: Future Sight
|-immune|p2a: Samurott
|-status|p1a: Gliscor|tox|[from] item: Toxic Orb
|upkeep
|turn|4
|
|t:|1758992919
|switch|p2a: Gliscor|Gliscor, F|35/100 tox
|move|p1a: Gliscor|Knock Off|p2a: Gliscor
|-damage|p2a: Gliscor|11/100 tox
|-enditem|p2a: Gliscor|Toxic Orb|[from] move: Knock Off|[of] p1a: Gliscor
|
|-heal|p2a: Gliscor|24/100 tox|[from] ability: Poison Heal
|upkeep
|turn|5
|
|t:|1758992927
|move|p2a: Gliscor|Protect|p2a: Gliscor
|-singleturn|p2a: Gliscor|Protect
|move|p1a: Gliscor|Facade|p2a: Gliscor
|-activate|p2a: Gliscor|move: Protect
|
|-heal|p2a: Gliscor|36/100 tox|[from] ability: Poison Heal
|upkeep
|turn|6
|
|t:|1758992935
|switch|p2a: Sinistcha|Sinistcha|100/100
|move|p1a: Gliscor|Knock Off|p2a: Sinistcha
|-supereffective|p2a: Sinistcha
|-damage|p2a: Sinistcha|65/100
|-enditem|p2a: Sinistcha|Heavy-Duty Boots|[from] move: Knock Off|[of] p1a: Gliscor
|
|upkeep
|turn|7
|
|t:|1758992943
|switch|p1a: Corviknight|Corviknight, M|100/100
|-ability|p1a: Corviknight|Pressure
|move|p2a: Sinistcha|Strength Sap|p1a: Corviknight
|-unboost|p1a: Corviknight|atk|1
|-heal|p2a: Sinistcha|100/100
|
|upkeep
|turn|8
|
|t:|1758992957
|switch|p2a: Heatran|Heatran, M|100/100
|move|p1a: Corviknight|U-turn|p2a: Heatran
|-resisted|p2a: Heatran
|-damage|p2a: Heatran|99/100
|-damage|p1a: Corviknight|84/100|[from] item: Rocky Helmet|[of] p2a: Heatran
|
|t:|1758992963
|switch|p1a: Azumarill|Azumarill, M|100/100|[from] U-turn
|
|upkeep
|turn|9
|
|t:|1758992976
|switch|p2a: Weezing|Weezing-Galar, F|100/100
|-ability|p2a: Weezing|Neutralizing Gas
|-terastallize|p1a: Azumarill|Water
|move|p1a: Azumarill|Liquidation|p2a: Weezing
|-damage|p2a: Weezing|67/100
|-unboost|p2a: Weezing|def|1
|
|upkeep
|turn|10
|
|t:|1758992985
|move|p2a: Weezing|Will-O-Wisp|p1a: Azumarill|[miss]
|-miss|p2a: Weezing|p1a: Azumarill
|move|p1a: Azumarill|Liquidation|p2a: Weezing
|-damage|p2a: Weezing|21/100
|
|upkeep
|turn|11
|
|t:|1758992991
|switch|p1a: Gliscor|Gliscor, M|100/100 tox
|move|p2a: Weezing|Pain Split|p1a: Gliscor
|-sethp|p1a: Gliscor|62/100 tox|[from] move: Pain Split|[silent]
|-sethp|p2a: Weezing|55/100|[from] move: Pain Split
|
|-damage|p1a: Gliscor|56/100 tox|[from] psn
|upkeep
|turn|12
|
|t:|1758993002
|-end|p2a: Weezing|ability: Neutralizing Gas
|switch|p2a: Sinistcha|Sinistcha|100/100
|move|p1a: Gliscor|Earthquake|p2a: Sinistcha
|-resisted|p2a: Sinistcha
|-damage|p2a: Sinistcha|85/100
|
|-heal|p1a: Gliscor|68/100 tox|[from] ability: Poison Heal
|upkeep
|turn|13
|
|t:|1758993010
|move|p1a: Gliscor|Protect|p1a: Gliscor
|-singleturn|p1a: Gliscor|Protect
|move|p2a: Sinistcha|Shadow Ball|p1a: Gliscor
|-activate|p1a: Gliscor|move: Protect
|
|-heal|p1a: Gliscor|81/100 tox|[from] ability: Poison Heal
|upkeep
|turn|14
|
|t:|1758993029
|switch|p1a: Slowking|Slowking-Galar, F|68/100
|switch|p2a: Heatran|Heatran, M|99/100
|
|-heal|p1a: Slowking|74/100|[from] item: Leftovers
|upkeep
|turn|15
|
|t:|1758993038
|move|p2a: Heatran|Magma Storm|p1a: Slowking
|-damage|p1a: Slowking|49/100
|-activate|p1a: Slowking|move: Magma Storm|[of] p2a: Heatran
|-prepare|p1a: Slowking|Chilly Reception|[premajor]
|move|p1a: Slowking|Chilly Reception|p1a: Slowking
|-weather|Snowscape
|
|t:|1758993046
|switch|p1a: Azumarill|Azumarill, M, tera:Water|100/100|[from] Chilly Reception
|
|-weather|Snowscape|[upkeep]
|upkeep
|turn|16
|
|t:|1758993053
|switch|p2a: Sinistcha|Sinistcha|85/100
|move|p1a: Azumarill|Liquidation|p2a: Sinistcha
|-resisted|p2a: Sinistcha
|-damage|p2a: Sinistcha|60/100
|-unboost|p2a: Sinistcha|def|1
|
|-weather|Snowscape|[upkeep]
|upkeep
|turn|17
|
|t:|1758993063
|move|p2a: Sinistcha|Strength Sap|p1a: Azumarill
|-unboost|p1a: Azumarill|atk|1
|-heal|p2a: Sinistcha|100/100
|move|p1a: Azumarill|Liquidation|p2a: Sinistcha
|-resisted|p2a: Sinistcha
|-damage|p2a: Sinistcha|73/100
|
|-weather|Snowscape|[upkeep]
|upkeep
|turn|18
|
|t:|1758993074
|move|p2a: Sinistcha|Matcha Gotcha|p1a: Azumarill
|-supereffective|p1a: Azumarill
|-damage|p1a: Azumarill|56/100
|-heal|p2a: Sinistcha|99/100|[from] drain|[of] p1a: Azumarill
|move|p1a: Azumarill|Knock Off|p2a: Sinistcha
|-supereffective|p2a: Sinistcha
|-damage|p2a: Sinistcha|64/100
|
|-weather|Snowscape|[upkeep]
|upkeep
|turn|19
|
|t:|1758993098
|switch|p1a: Ceruledge|Ceruledge, F|100/100
|move|p2a: Sinistcha|Strength Sap|p1a: Ceruledge
|-unboost|p1a: Ceruledge|atk|1
|-heal|p2a: Sinistcha|100/100
|
|-weather|none
|upkeep
|turn|20
|
|t:|1758993104
|switch|p2a: Heatran|Heatran, M|99/100
|move|p1a: Ceruledge|Bitter Blade|p2a: Heatran
|-start|p2a: Heatran|ability: Flash Fire
|
|upkeep
|turn|21
|
|t:|1758993110
|move|p1a: Ceruledge|Close Combat|p2a: Heatran
|-supereffective|p2a: Heatran
|-damage|p2a: Heatran|63/100
|-unboost|p1a: Ceruledge|def|1
|-unboost|p1a: Ceruledge|spd|1
|-damage|p1a: Ceruledge|84/100|[from] item: Rocky Helmet|[of] p2a: Heatran
|move|p2a: Heatran|Magma Storm|p1a: Ceruledge
|-resisted|p1a: Ceruledge
|-damage|p1a: Ceruledge|27/100
|-activate|p1a: Ceruledge|move: Magma Storm|[of] p2a: Heatran
|
|-damage|p1a: Ceruledge|14/100|[from] move: Magma Storm|[partiallytrapped]
|upkeep
|turn|22
|
|t:|1758993122
|move|p1a: Ceruledge|Close Combat|p2a: Heatran
|-supereffective|p2a: Heatran
|-damage|p2a: Heatran|30/100
|-unboost|p1a: Ceruledge|def|1
|-unboost|p1a: Ceruledge|spd|1
|-damage|p1a: Ceruledge|0 fnt|[from] item: Rocky Helmet|[of] p2a: Heatran
|faint|p1a: Ceruledge
|move|p2a: Heatran|Earth Power|p1: Ceruledge|[notarget]
|-fail|p2a: Heatran
|
|upkeep
|
|t:|1758993128
|switch|p1a: Gliscor|Gliscor, M|81/100 tox
|turn|23
|
|t:|1758993135
|-end|p2a: Heatran|ability: Flash Fire|[silent]
|switch|p2a: Sinistcha|Sinistcha|100/100
|move|p1a: Gliscor|Knock Off|p2a: Sinistcha
|-supereffective|p2a: Sinistcha
|-damage|p2a: Sinistcha|72/100
|
|-heal|p1a: Gliscor|93/100 tox|[from] ability: Poison Heal
|upkeep
|turn|24
|
|t:|1758993143
|move|p1a: Gliscor|Protect|p1a: Gliscor
|-singleturn|p1a: Gliscor|Protect
|move|p2a: Sinistcha|Strength Sap|p1a: Gliscor
|-activate|p1a: Gliscor|move: Protect
|
|-heal|p1a: Gliscor|100/100 tox|[from] ability: Poison Heal
|upkeep
|turn|25
|
|t:|1758993149
|move|p1a: Gliscor|Earthquake|p2a: Sinistcha
|-resisted|p2a: Sinistcha
|-damage|p2a: Sinistcha|58/100
|move|p2a: Sinistcha|Shadow Ball|p1a: Gliscor
|-damage|p1a: Gliscor|51/100 tox
|
|-heal|p1a: Gliscor|63/100 tox|[from] ability: Poison Heal
|upkeep
|turn|26
|
|t:|1758993156
|move|p1a: Gliscor|Protect|p1a: Gliscor
|-singleturn|p1a: Gliscor|Protect
|move|p2a: Sinistcha|Calm Mind|p2a: Sinistcha
|-boost|p2a: Sinistcha|spa|1
|-boost|p2a: Sinistcha|spd|1
|
|-heal|p1a: Gliscor|75/100 tox|[from] ability: Poison Heal
|upkeep
|turn|27
|
|t:|1758993161
|switch|p1a: Weavile|Weavile, F|100/100
|-ability|p1a: Weavile|Pressure
|move|p2a: Sinistcha|Strength Sap|p1a: Weavile
|-unboost|p1a: Weavile|atk|1
|-heal|p2a: Sinistcha|100/100
|
|upkeep
|turn|28
|
|t:|1758993167
|move|p1a: Weavile|Triple Axel|p2a: Sinistcha
|-supereffective|p2a: Sinistcha
|-damage|p2a: Sinistcha|89/100
|-supereffective|p2a: Sinistcha
|-crit|p2a: Sinistcha
|-damage|p2a: Sinistcha|48/100
|-supereffective|p2a: Sinistcha
|-damage|p2a: Sinistcha|19/100
|-hitcount|p2a: Sinistcha|3
|move|p2a: Sinistcha|Strength Sap|p1a: Weavile
|-unboost|p1a: Weavile|atk|1
|-heal|p2a: Sinistcha|86/100
|
|upkeep
|turn|29
|
|t:|1758993173
|move|p1a: Weavile|Triple Axel|p2a: Sinistcha
|-supereffective|p2a: Sinistcha
|-damage|p2a: Sinistcha|78/100
|-supereffective|p2a: Sinistcha
|-damage|p2a: Sinistcha|63/100
|-supereffective|p2a: Sinistcha
|-damage|p2a: Sinistcha|43/100
|-hitcount|p2a: Sinistcha|3
|move|p2a: Sinistcha|Matcha Gotcha|p1a: Weavile
|-damage|p1a: Weavile|36/100
|-heal|p2a: Sinistcha|70/100|[from] drain|[of] p1a: Weavile
|
|upkeep
|turn|30
|-message|YualrkNow forfeited.
|
|win|seriiboo
|raw|YualrkNow's rating: 1000 &rarr; <strong>1000</strong><br />(+0 for losing)
|raw|seriiboo's rating: 1000 &rarr; <strong>1040</strong><br />(+40 for winning)
|l|☆YualrkNow
|player|p1|
