|j|☆jewishhotdog88
|j|☆p5js
|t:|1758926511
|gametype|singles
|player|p1|jewishhotdog88|skierf|1102
|player|p2|p5js|101|1089
|gen|9
|tier|[Gen 9] OU
|rated|
|rule|HP Percentage Mod: HP is shown in percentages
|rule|Endless Battle Clause: Forcing endless battles is banned
|rule|Species Clause: Limit one of each Pokémon
|rule|OHKO Clause: OHKO moves are banned
|rule|Evasion Items Clause: Evasion items are banned
|rule|Evasion Moves Clause: Evasion moves are banned
|rule|Evasion Abilities Clause: Evasion abilities are banned
|rule|Sleep Moves Clause: Sleep-inducing moves are banned
|clearpoke
|poke|p1|Grafaiai, M|
|poke|p1|Granbull, M|
|poke|p1|Veluza, F|
|poke|p1|Salamence, M|
|poke|p1|Noivern, F|
|poke|p1|Ninetales-Alola, F|
|poke|p2|Ceruledge, F|
|poke|p2|Quaquaval, F|
|poke|p2|Garganacl, M|
|poke|p2|Hatterene, F|
|poke|p2|Pecharunt|
|poke|p2|Kommo-o, M|
|teampreview
|inactive|Battle timer is ON: inactive players will automatically lose when time's up. (requested by jewishhotdog88)
|
|t:|1758926526
|teamsize|p1|6
|teamsize|p2|6
|start
|switch|p1a: FISHE|Veluza, F|100/100
|switch|p2a: Ceruledge|Ceruledge, F|100/100
|turn|1
|
|t:|1758926534
|switch|p2a: Pecharunt|Pecharunt|100/100
|move|p1a: FISHE|Aqua Cutter|p2a: Pecharunt
|-damage|p2a: Pecharunt|67/100
|
|-heal|p2a: Pecharunt|73/100|[from] item: Leftovers
|upkeep
|turn|2
|
|t:|1758926545
|move|p2a: Pecharunt|Malignant Chain|p1a: FISHE
|-damage|p1a: FISHE|70/100
|-status|p1a: FISHE|tox
|-start|p1a: FISHE|confusion|[from] ability: Poison Puppeteer|[of] p2a: Pecharunt
|-activate|p1a: FISHE|confusion
|-damage|p1a: FISHE|56/100 tox|[from] confusion
|
|-heal|p2a: Pecharunt|79/100|[from] item: Leftovers
|-damage|p1a: FISHE|50/100 tox|[from] psn
|upkeep
|turn|3
|
|t:|1758926554
|move|p2a: Pecharunt|Hex|p1a: FISHE
|-supereffective|p1a: FISHE
|-damage|p1a: FISHE|0 fnt
|faint|p1a: FISHE
|
|-heal|p2a: Pecharunt|86/100|[from] item: Leftovers
|upkeep
|
|t:|1758926573
|switch|p1a: SPRAYPAINT|Grafaiai, M|100/100
|turn|4
|
|t:|1758926583
|switch|p2a: Garganacl|Garganacl, M|100/100
|move|p1a: SPRAYPAINT|Parting Shot|p2a: Garganacl
|-unboost|p2a: Garganacl|atk|1
|-unboost|p2a: Garganacl|spa|1
|
|t:|1758926591
|switch|p1a: PRINCESS|Granbull, M|100/100|[from] Parting Shot
|-ability|p1a: PRINCESS|Intimidate|boost
|-unboost|p2a: Garganacl|atk|1
|
|upkeep
|turn|5
|
|t:|1758926598
|move|p1a: PRINCESS|Bulk Up|p1a: PRINCESS
|-boost|p1a: PRINCESS|atk|1
|-boost|p1a: PRINCESS|def|1
|move|p2a: Garganacl|Salt Cure|p1a: PRINCESS
|-damage|p1a: PRINCESS|95/100
|-start|p1a: PRINCESS|Salt Cure
|
|-heal|p1a: PRINCESS|100/100|[from] item: Leftovers
|-damage|p1a: PRINCESS|88/100|[from] Salt Cure
|upkeep
|turn|6
|
|t:|1758926605
|move|p1a: PRINCESS|Play Rough|p2a: Garganacl
|-damage|p2a: Garganacl|51/100
|-unboost|p2a: Garganacl|atk|1
|move|p2a: Garganacl|Iron Defense|p2a: Garganacl
|-boost|p2a: Garganacl|def|2
|
|-heal|p1a: PRINCESS|94/100|[from] item: Leftovers
|-heal|p2a: Garganacl|58/100|[from] item: Leftovers
|-damage|p1a: PRINCESS|82/100|[from] Salt Cure
|upkeep
|turn|7
|
|t:|1758926615
|move|p1a: PRINCESS|Encore|p2a: Garganacl
|-start|p2a: Garganacl|Encore
|move|p2a: Garganacl|Iron Defense|p2a: Garganacl
|-boost|p2a: Garganacl|def|2
|
|-heal|p1a: PRINCESS|88/100|[from] item: Leftovers
|-heal|p2a: Garganacl|64/100|[from] item: Leftovers
|-damage|p1a: PRINCESS|75/100|[from] Salt Cure
|upkeep
|turn|8
|
|t:|1758926619
|switch|p1a: It's a fox.|Ninetales-Alola, F|100/100
|-weather|Snowscape|[from] ability: Snow Warning|[of] p1a: It's a fox.
|move|p2a: Garganacl|Iron Defense|p2a: Garganacl
|-boost|p2a: Garganacl|def|2
|
|-weather|Snowscape|[upkeep]
|-heal|p2a: Garganacl|70/100|[from] item: Leftovers
|upkeep
|turn|9
|
|t:|1758926623
|move|p1a: It's a fox.|Aurora Veil|p1a: It's a fox.
|-sidestart|p1: jewishhotdog88|move: Aurora Veil
|move|p2a: Garganacl|Iron Defense|p2a: Garganacl
|-boost|p2a: Garganacl|def|0
|
|-weather|Snowscape|[upkeep]
|-heal|p2a: Garganacl|76/100|[from] item: Leftovers
|-end|p2a: Garganacl|Encore
|upkeep
|turn|10
|
|t:|1758926629
|move|p1a: It's a fox.|Blizzard|p2a: Garganacl
|-damage|p2a: Garganacl|48/100
|move|p2a: Garganacl|Salt Cure|p1a: It's a fox.
|-supereffective|p1a: It's a fox.
|-damage|p1a: It's a fox.|94/100
|-start|p1a: It's a fox.|Salt Cure
|
|-weather|Snowscape|[upkeep]
|-heal|p2a: Garganacl|54/100|[from] item: Leftovers
|-damage|p1a: It's a fox.|82/100|[from] Salt Cure
|upkeep
|turn|11
|
|t:|1758926642
|move|p1a: It's a fox.|Moonblast|p2a: Garganacl
|-damage|p2a: Garganacl|30/100
|move|p2a: Garganacl|Salt Cure|p1a: It's a fox.
|-supereffective|p1a: It's a fox.
|-damage|p1a: It's a fox.|76/100
|
|-weather|Snowscape|[upkeep]
|-heal|p2a: Garganacl|36/100|[from] item: Leftovers
|-damage|p1a: It's a fox.|64/100|[from] Salt Cure
|upkeep
|turn|12
|
|t:|1758926651
|move|p1a: It's a fox.|Moonblast|p2a: Garganacl
|-damage|p2a: Garganacl|12/100
|move|p2a: Garganacl|Recover|p2a: Garganacl
|-heal|p2a: Garganacl|62/100
|
|-weather|none
|-heal|p2a: Garganacl|68/100|[from] item: Leftovers
|-damage|p1a: It's a fox.|52/100|[from] Salt Cure
|upkeep
|turn|13
|
|t:|1758926673
|switch|p1a: SPRAYPAINT|Grafaiai, M|100/100
|move|p2a: Garganacl|Recover|p2a: Garganacl
|-heal|p2a: Garganacl|100/100
|
|-sideend|p1: jewishhotdog88|move: Aurora Veil
|upkeep
|turn|14
|
|t:|1758926678
|move|p1a: SPRAYPAINT|Encore|p2a: Garganacl
|-start|p2a: Garganacl|Encore
|move|p2a: Garganacl|Recover||[still]
|-fail|p2a: Garganacl|heal
|
|upkeep
|turn|15
|
|t:|1758926683
|switch|p1a: DEBIRUMAN|Salamence, M|100/100
|-ability|p1a: DEBIRUMAN|Intimidate|boost
|-unboost|p2a: Garganacl|atk|1
|move|p2a: Garganacl|Recover||[still]
|-fail|p2a: Garganacl|heal
|
|upkeep
|turn|16
|
|t:|1758926686
|move|p1a: DEBIRUMAN|Dragon Dance|p1a: DEBIRUMAN
|-boost|p1a: DEBIRUMAN|atk|1
|-boost|p1a: DEBIRUMAN|spe|1
|move|p2a: Garganacl|Recover||[still]
|-fail|p2a: Garganacl|heal
|
|-end|p2a: Garganacl|Encore
|upkeep
|turn|17
|
|t:|1758926697
|move|p1a: DEBIRUMAN|Dragon Dance|p1a: DEBIRUMAN
|-boost|p1a: DEBIRUMAN|atk|1
|-boost|p1a: DEBIRUMAN|spe|1
|move|p2a: Garganacl|Salt Cure|p1a: DEBIRUMAN
|-supereffective|p1a: DEBIRUMAN
|-damage|p1a: DEBIRUMAN|89/100
|-start|p1a: DEBIRUMAN|Salt Cure
|
|-damage|p1a: DEBIRUMAN|77/100|[from] Salt Cure
|upkeep
|turn|18
|
|t:|1758926702
|move|p1a: DEBIRUMAN|Earthquake|p2a: Garganacl
|-supereffective|p2a: Garganacl
|-damage|p2a: Garganacl|65/100
|-damage|p1a: DEBIRUMAN|67/100|[from] item: Life Orb
|move|p2a: Garganacl|Body Press|p1a: DEBIRUMAN
|-resisted|p1a: DEBIRUMAN
|-damage|p1a: DEBIRUMAN|7/100
|
|-heal|p2a: Garganacl|71/100|[from] item: Leftovers
|-damage|p1a: DEBIRUMAN|0 fnt|[from] Salt Cure
|faint|p1a: DEBIRUMAN
|upkeep
|-message|p5js forfeited.
|
|win|jewishhotdog88
|raw|jewishhotdog88's rating: 1102 &rarr; <strong>1126</strong><br />(+24 for winning)
|raw|p5js's rating: 1089 &rarr; <strong>1067</strong><br />(-22 for losing)
|l|☆p5js
|player|p2|
|l|☆jewishhotdog88
|player|p1|
