|j|☆dark besk
|j|☆HeWhoSits
|t:|1759050911
|gametype|singles
|player|p1|dark besk|170|1162
|player|p2|HeWhoSits|fisherman|1199
|gen|9
|tier|[Gen 9] OU
|rated|
|rule|HP Percentage Mod: HP is shown in percentages
|rule|Endless Battle Clause: Forcing endless battles is banned
|rule|Species Clause: Limit one of each Pokémon
|rule|OHKO Clause: OHKO moves are banned
|rule|Evasion Items Clause: Evasion items are banned
|rule|Evasion Moves Clause: Evasion moves are banned
|rule|Evasion Abilities Clause: Evasion abilities are banned
|rule|Sleep Moves Clause: Sleep-inducing moves are banned
|clearpoke
|poke|p1|Tyranitar, M|
|poke|p1|Excadrill, F|
|poke|p1|Kingambit, F|
|poke|p1|Garchomp, M|
|poke|p1|Pecharunt|
|poke|p1|Rotom-Wash|
|poke|p2|Ditto|
|poke|p2|Alomomola, F|
|poke|p2|Ogerpon-Wellspring, F|
|poke|p2|Gliscor, F|
|poke|p2|Corviknight, M|
|poke|p2|Pawmot, F|
|teampreview
|inactive|Battle timer is ON: inactive players will automatically lose when time's up. (requested by dark besk)
|
|t:|1759050917
|teamsize|p1|6
|teamsize|p2|6
|start
|switch|p1a: Tyranitar|Tyranitar, M|100/100
|switch|p2a: Gliscor|Gliscor, F|100/100
|-weather|Sandstorm|[from] ability: Sand Stream|[of] p1a: Tyranitar
|turn|1
|
|t:|1759050926
|move|p2a: Gliscor|Earthquake|p1a: Tyranitar
|-supereffective|p1a: Tyranitar
|-damage|p1a: Tyranitar|38/100
|move|p1a: Tyranitar|Knock Off|p2a: Gliscor
|-damage|p2a: Gliscor|60/100
|-enditem|p2a: Gliscor|Toxic Orb|[from] move: Knock Off|[of] p1a: Tyranitar
|
|-weather|Sandstorm|[upkeep]
|upkeep
|turn|2
|
|t:|1759050937
|switch|p1a: Pecharunt|Pecharunt|100/100
|-item|p1a: Pecharunt|Air Balloon
|move|p2a: Gliscor|Gunk Shot|p1a: Pecharunt
|-resisted|p1a: Pecharunt
|-damage|p1a: Pecharunt|97/100
|-enditem|p1a: Pecharunt|Air Balloon
|
|-weather|Sandstorm|[upkeep]
|-damage|p1a: Pecharunt|90/100|[from] Sandstorm
|upkeep
|turn|3
|
|t:|1759050949
|move|p2a: Gliscor|Earthquake|p1a: Pecharunt
|-supereffective|p1a: Pecharunt
|-damage|p1a: Pecharunt|54/100
|move|p1a: Pecharunt|Parting Shot|p2a: Gliscor
|-unboost|p2a: Gliscor|atk|1
|-unboost|p2a: Gliscor|spa|1
|
|t:|1759050956
|switch|p1a: Excadrill|Excadrill, F|100/100|[from] Parting Shot
|
|-weather|Sandstorm|[upkeep]
|upkeep
|turn|4
|
|t:|1759050965
|switch|p2a: Corviknight|Corviknight, M|100/100
|move|p1a: Excadrill|Rock Slide|p2a: Corviknight
|-damage|p2a: Corviknight|78/100
|-damage|p1a: Excadrill|91/100|[from] item: Life Orb
|
|-weather|Sandstorm|[upkeep]
|upkeep
|turn|5
|
|t:|1759050975
|switch|p1a: Rotom|Rotom-Wash|100/100
|move|p2a: Corviknight|Roost|p2a: Corviknight
|-heal|p2a: Corviknight|100/100
|-singleturn|p2a: Corviknight|move: Roost
|
|-weather|Sandstorm|[upkeep]
|-damage|p1a: Rotom|94/100|[from] Sandstorm
|-heal|p1a: Rotom|100/100|[from] item: Leftovers
|upkeep
|turn|6
|
|t:|1759050990
|switch|p2a: Gliscor|Gliscor, F|60/100
|move|p1a: Rotom|Will-O-Wisp|p2a: Gliscor
|-status|p2a: Gliscor|brn
|
|-weather|Sandstorm|[upkeep]
|-damage|p1a: Rotom|94/100|[from] Sandstorm
|-heal|p1a: Rotom|100/100|[from] item: Leftovers
|-damage|p2a: Gliscor|54/100 brn|[from] brn
|upkeep
|turn|7
|
|t:|1759051001
|move|p2a: Gliscor|Gunk Shot|p1a: Rotom
|-crit|p1a: Rotom
|-damage|p1a: Rotom|82/100
|move|p1a: Rotom|Hydro Pump|p2a: Gliscor
|-supereffective|p2a: Gliscor
|-damage|p2a: Gliscor|0 fnt
|faint|p2a: Gliscor
|
|-weather|Sandstorm|[upkeep]
|-damage|p1a: Rotom|76/100|[from] Sandstorm
|-heal|p1a: Rotom|82/100|[from] item: Leftovers
|upkeep
|
|t:|1759051020
|switch|p2a: Ditto|Ditto|100/100
|-transform|p2a: Ditto|p1a: Rotom|[from] ability: Imposter
|turn|8
|
|t:|1759051026
|move|p2a: Ditto|Will-O-Wisp|p1a: Rotom
|-status|p1a: Rotom|brn
|move|p1a: Rotom|Volt Switch|p2a: Ditto
|-damage|p2a: Ditto|72/100
|
|t:|1759051031
|switch|p1a: Excadrill|Excadrill, F|91/100|[from] Volt Switch
|
|-weather|none
|upkeep
|turn|9
|
|t:|1759051038
|switch|p2a: Alomomola|Alomomola, F|100/100
|move|p1a: Excadrill|Rock Slide|p2a: Alomomola
|-damage|p2a: Alomomola|79/100
|-damage|p1a: Excadrill|81/100|[from] item: Life Orb
|
|-heal|p2a: Alomomola|86/100|[from] item: Leftovers
|upkeep
|turn|10
|
|t:|1759051048
|switch|p1a: Tyranitar|Tyranitar, M|38/100
|-weather|Sandstorm|[from] ability: Sand Stream|[of] p1a: Tyranitar
|move|p2a: Alomomola|Scald|p1a: Tyranitar
|-supereffective|p1a: Tyranitar
|-damage|p1a: Tyranitar|26/100
|
|-weather|Sandstorm|[upkeep]
|-damage|p2a: Alomomola|79/100|[from] Sandstorm
|-heal|p2a: Alomomola|86/100|[from] item: Leftovers
|upkeep
|turn|11
|
|t:|1759051060
|move|p2a: Alomomola|Protect|p2a: Alomomola
|-singleturn|p2a: Alomomola|Protect
|move|p1a: Tyranitar|Knock Off|p2a: Alomomola
|-activate|p2a: Alomomola|move: Protect
|
|-weather|Sandstorm|[upkeep]
|-damage|p2a: Alomomola|79/100|[from] Sandstorm
|-heal|p2a: Alomomola|86/100|[from] item: Leftovers
|upkeep
|turn|12
|
|t:|1759051074
|move|p2a: Alomomola|Scald|p1a: Tyranitar
|-supereffective|p1a: Tyranitar
|-damage|p1a: Tyranitar|15/100
|move|p1a: Tyranitar|Stealth Rock|p2a: Alomomola
|-sidestart|p2: HeWhoSits|move: Stealth Rock
|
|-weather|Sandstorm|[upkeep]
|-damage|p2a: Alomomola|79/100|[from] Sandstorm
|-heal|p2a: Alomomola|86/100|[from] item: Leftovers
|upkeep
|turn|13
|
|t:|1759051085
|move|p2a: Alomomola|Scald|p1a: Tyranitar
|-supereffective|p1a: Tyranitar
|-damage|p1a: Tyranitar|3/100
|move|p1a: Tyranitar|Knock Off|p2a: Alomomola
|-damage|p2a: Alomomola|61/100
|-enditem|p2a: Alomomola|Leftovers|[from] move: Knock Off|[of] p1a: Tyranitar
|
|-weather|Sandstorm|[upkeep]
|-damage|p2a: Alomomola|55/100|[from] Sandstorm
|upkeep
|turn|14
|
|t:|1759051095
|switch|p1a: Rotom|Rotom-Wash|82/100 brn
|move|p2a: Alomomola|Wish|p2a: Alomomola
|
|-weather|Sandstorm|[upkeep]
|-damage|p1a: Rotom|76/100 brn|[from] Sandstorm
|-damage|p2a: Alomomola|49/100|[from] Sandstorm
|-heal|p1a: Rotom|82/100 brn|[from] item: Leftovers
|-damage|p1a: Rotom|76/100 brn|[from] brn
|upkeep
|turn|15
|
|t:|1759051105
|move|p2a: Alomomola|Protect|p2a: Alomomola
|-singleturn|p2a: Alomomola|Protect
|move|p1a: Rotom|Pain Split|p2a: Alomomola
|-activate|p2a: Alomomola|move: Protect
|
|-weather|Sandstorm|[upkeep]
|-damage|p1a: Rotom|70/100 brn|[from] Sandstorm
|-damage|p2a: Alomomola|43/100|[from] Sandstorm
|-heal|p2a: Alomomola|93/100|[from] move: Wish|[wisher] Alomomola
|-heal|p1a: Rotom|76/100 brn|[from] item: Leftovers
|-damage|p1a: Rotom|70/100 brn|[from] brn
|upkeep
|turn|16
|inactive|HeWhoSits has 120 seconds left.
|
|t:|1759051136
|switch|p2a: Pawmot|Pawmot, F|100/100
|-damage|p2a: Pawmot|94/100|[from] Stealth Rock
|move|p1a: Rotom|Volt Switch|p2a: Pawmot
|-resisted|p2a: Pawmot
|-damage|p2a: Pawmot|73/100
|
|t:|1759051144
|switch|p1a: Garchomp|Garchomp, M|100/100|[from] Volt Switch
|
|-weather|Sandstorm|[upkeep]
|-damage|p2a: Pawmot|67/100|[from] Sandstorm
|upkeep
|turn|17
|
|t:|1759051156
|move|p2a: Pawmot|Ice Punch|p1a: Garchomp
|-supereffective|p1a: Garchomp
|-damage|p1a: Garchomp|0 fnt
|-damage|p2a: Pawmot|55/100|[from] ability: Rough Skin|[of] p1a: Garchomp
|faint|p1a: Garchomp
|
|-weather|none
|upkeep
|
|t:|1759051168
|switch|p1a: Tyranitar|Tyranitar, M|3/100
|-weather|Sandstorm|[from] ability: Sand Stream|[of] p1a: Tyranitar
|turn|18
|
|t:|1759051172
|move|p2a: Pawmot|Mach Punch|p1a: Tyranitar
|-supereffective|p1a: Tyranitar
|-damage|p1a: Tyranitar|0 fnt
|faint|p1a: Tyranitar
|
|-weather|Sandstorm|[upkeep]
|-damage|p2a: Pawmot|49/100|[from] Sandstorm
|upkeep
|
|t:|1759051177
|switch|p1a: Excadrill|Excadrill, F|81/100
|turn|19
|
|t:|1759051184
|switch|p2a: Corviknight|Corviknight, M|100/100
|move|p1a: Excadrill|Swords Dance|p1a: Excadrill
|-boost|p1a: Excadrill|atk|2
|
|-weather|Sandstorm|[upkeep]
|upkeep
|turn|20
|
|t:|1759051192
|move|p1a: Excadrill|Rock Slide|p2a: Corviknight
|-damage|p2a: Corviknight|56/100
|-damage|p1a: Excadrill|71/100|[from] item: Life Orb
|move|p2a: Corviknight|Defog|p1a: Excadrill
|-unboost|p1a: Excadrill|evasion|1
|-sideend|p2: HeWhoSits|Stealth Rock|[from] move: Defog|[of] p2a: Corviknight
|
|-weather|Sandstorm|[upkeep]
|upkeep
|turn|21
|
|t:|1759051202
|move|p1a: Excadrill|Rock Slide|p2a: Corviknight
|-damage|p2a: Corviknight|8/100
|-damage|p1a: Excadrill|61/100|[from] item: Life Orb
|cant|p2a: Corviknight|flinch
|
|-weather|Sandstorm|[upkeep]
|upkeep
|turn|22
|
|t:|1759051212
|switch|p2a: Alomomola|Alomomola, F|100/100
|move|p1a: Excadrill|Rock Slide|p2a: Alomomola
|-damage|p2a: Alomomola|57/100
|-damage|p1a: Excadrill|51/100|[from] item: Life Orb
|
|-weather|Sandstorm|[upkeep]
|-damage|p2a: Alomomola|51/100|[from] Sandstorm
|upkeep
|turn|23
|
|t:|1759051226
|move|p1a: Excadrill|Swords Dance|p1a: Excadrill
|-boost|p1a: Excadrill|atk|2
|move|p2a: Alomomola|Wish|p2a: Alomomola
|
|-weather|Sandstorm|[upkeep]
|-damage|p2a: Alomomola|45/100|[from] Sandstorm
|upkeep
|turn|24
|
|t:|1759051234
|move|p2a: Alomomola|Protect|p2a: Alomomola
|-singleturn|p2a: Alomomola|Protect
|move|p1a: Excadrill|Earthquake|p2a: Alomomola
|-activate|p2a: Alomomola|move: Protect
|
|-weather|Sandstorm|[upkeep]
|-damage|p2a: Alomomola|38/100|[from] Sandstorm
|-heal|p2a: Alomomola|88/100|[from] move: Wish|[wisher] Alomomola
|upkeep
|turn|25
|
|t:|1759051244
|-terastallize|p1a: Excadrill|Ground
|move|p1a: Excadrill|Earthquake|p2a: Alomomola
|-damage|p2a: Alomomola|0 fnt
|faint|p2a: Alomomola
|-damage|p1a: Excadrill|41/100|[from] item: Life Orb
|
|-weather|none
|upkeep
|
|t:|1759051253
|switch|p2a: Ditto|Ditto|72/100
|-transform|p2a: Ditto|p1a: Excadrill|[from] ability: Imposter
|-start|p2a: Ditto|typechange|Ground/Steel|[silent]
|turn|26
|
|t:|1759051262
|switch|p1a: Rotom|Rotom-Wash|70/100 brn
|move|p2a: Ditto|Earthquake|p1a: Rotom
|-immune|p1a: Rotom|[from] ability: Levitate
|
|-heal|p1a: Rotom|76/100 brn|[from] item: Leftovers
|-damage|p1a: Rotom|70/100 brn|[from] brn
|upkeep
|turn|27
|
|t:|1759051280
|switch|p2a: Ogerpon|Ogerpon-Wellspring, F|100/100
|move|p1a: Rotom|Will-O-Wisp|p2a: Ogerpon|[miss]
|-miss|p1a: Rotom|p2a: Ogerpon
|
|-heal|p1a: Rotom|76/100 brn|[from] item: Leftovers
|-damage|p1a: Rotom|70/100 brn|[from] brn
|upkeep
|turn|28
|
|t:|1759051290
|move|p2a: Ogerpon|Power Whip|p1a: Rotom
|-supereffective|p1a: Rotom
|-damage|p1a: Rotom|0 fnt
|faint|p1a: Rotom
|
|upkeep
|
|t:|1759051306
|switch|p1a: Pecharunt|Pecharunt|54/100
|turn|29
|
|t:|1759051313
|-terastallize|p2a: Ogerpon|Water
|detailschange|p2a: Ogerpon|Ogerpon-Wellspring-Tera, F, tera:Water
|-ability|p2a: Ogerpon|Embody Aspect (Wellspring)|boost
|-boost|p2a: Ogerpon|spd|1
|move|p2a: Ogerpon|Knock Off|p1a: Pecharunt
|-supereffective|p1a: Pecharunt
|-damage|p1a: Pecharunt|30/100
|move|p1a: Pecharunt|Recover|p1a: Pecharunt
|-heal|p1a: Pecharunt|80/100
|
|upkeep
|turn|30
|
|t:|1759051327
|move|p2a: Ogerpon|Ivy Cudgel|p1a: Pecharunt|[anim] Ivy Cudgel Water
|-damage|p1a: Pecharunt|40/100
|move|p1a: Pecharunt|Malignant Chain|p2a: Ogerpon
|-damage|p2a: Ogerpon|78/100
|-status|p2a: Ogerpon|tox
|-start|p2a: Ogerpon|confusion|[from] ability: Poison Puppeteer|[of] p1a: Pecharunt
|
|-damage|p2a: Ogerpon|72/100 tox|[from] psn
|upkeep
|turn|31
|
|t:|1759051338
|-activate|p2a: Ogerpon|confusion
|move|p2a: Ogerpon|Ivy Cudgel|p1a: Pecharunt|[anim] Ivy Cudgel Water
|-damage|p1a: Pecharunt|2/100
|move|p1a: Pecharunt|Recover|p1a: Pecharunt
|-heal|p1a: Pecharunt|52/100
|
|-damage|p2a: Ogerpon|60/100 tox|[from] psn
|upkeep
|turn|32
|
|t:|1759051349
|switch|p2a: Corviknight|Corviknight, M|8/100
|move|p1a: Pecharunt|Recover|p1a: Pecharunt
|-heal|p1a: Pecharunt|100/100
|
|upkeep
|turn|33
|
|t:|1759051356
|move|p1a: Pecharunt|Shadow Ball|p2a: Corviknight
|-damage|p2a: Corviknight|0 fnt
|faint|p2a: Corviknight
|
|upkeep
|
|t:|1759051367
|switch|p2a: Ditto|Ditto|72/100
|-transform|p2a: Ditto|p1a: Pecharunt|[from] ability: Imposter
|turn|34
|
|t:|1759051375
|move|p2a: Ditto|Shadow Ball|p1a: Pecharunt
|-supereffective|p1a: Pecharunt
|-damage|p1a: Pecharunt|46/100
|move|p1a: Pecharunt|Shadow Ball|p2a: Ditto
|-supereffective|p2a: Ditto
|-crit|p2a: Ditto
|-damage|p2a: Ditto|0 fnt
|faint|p2a: Ditto
|
|upkeep
|
|t:|1759051385
|switch|p2a: Pawmot|Pawmot, F|49/100
|turn|35
|
|t:|1759051390
|move|p2a: Pawmot|Revival Blessing|p2a: Pawmot
|-enditem|p2a: Pawmot|Leppa Berry|[eat]
|-activate|p2a: Pawmot|item: Leppa Berry|Revival Blessing|[consumed]
|
|t:|1759051394
|-heal|p2: Ditto|50/100|[from] move: Revival Blessing
|move|p1a: Pecharunt|Malignant Chain|p2a: Pawmot
|-damage|p2a: Pawmot|0 fnt
|faint|p2a: Pawmot
|
|upkeep
|
|t:|1759051403
|switch|p2a: Ditto|Ditto|50/100
|-transform|p2a: Ditto|p1a: Pecharunt|[from] ability: Imposter
|turn|36
|
|t:|1759051408
|switch|p1a: Kingambit|Kingambit, F|100/100
|-activate|p1a: Kingambit|ability: Supreme Overlord
|-start|p1a: Kingambit|fallen3|[silent]
|move|p2a: Ditto|Shadow Ball|p1a: Kingambit
|-resisted|p1a: Kingambit
|-damage|p1a: Kingambit|86/100
|
|upkeep
|turn|37
|
|t:|1759051420
|switch|p2a: Ogerpon|Ogerpon-Wellspring-Tera, F, tera:Water|60/100 tox
|-ability|p2a: Ogerpon|Embody Aspect (Wellspring)|boost
|-boost|p2a: Ogerpon|spd|1
|-end|p1a: Kingambit|fallen3|[silent]
|switch|p1a: Excadrill|Excadrill, F, tera:Ground|41/100
|
|-damage|p2a: Ogerpon|54/100 tox|[from] psn
|upkeep
|turn|38
|
|t:|1759051429
|move|p2a: Ogerpon|Ivy Cudgel|p1a: Excadrill|[anim] Ivy Cudgel Water
|-supereffective|p1a: Excadrill
|-damage|p1a: Excadrill|0 fnt
|faint|p1a: Excadrill
|
|-damage|p2a: Ogerpon|42/100 tox|[from] psn
|upkeep
|
|t:|1759051432
|switch|p1a: Pecharunt|Pecharunt|46/100
|turn|39
|
|t:|1759051439
|move|p2a: Ogerpon|Ivy Cudgel|p1a: Pecharunt|[anim] Ivy Cudgel Water
|-damage|p1a: Pecharunt|11/100
|move|p1a: Pecharunt|Recover|p1a: Pecharunt
|-heal|p1a: Pecharunt|61/100
|
|-damage|p2a: Ogerpon|24/100 tox|[from] psn
|upkeep
|turn|40
|
|t:|1759051448
|move|p2a: Ogerpon|Ivy Cudgel|p1a: Pecharunt|[anim] Ivy Cudgel Water
|-damage|p1a: Pecharunt|27/100
|move|p1a: Pecharunt|Recover|p1a: Pecharunt
|-heal|p1a: Pecharunt|77/100
|
|-damage|p2a: Ogerpon|0 fnt|[from] psn
|faint|p2a: Ogerpon
|detailschange|p2: Ogerpon|Ogerpon-Wellspring, F|[silent]
|upkeep
|c|☆dark besk|Gg
|
|t:|1759051457
|switch|p2a: Ditto|Ditto|50/100
|-transform|p2a: Ditto|p1a: Pecharunt|[from] ability: Imposter
|turn|41
|
|t:|1759051464
|move|p2a: Ditto|Shadow Ball|p1a: Pecharunt
|-supereffective|p1a: Pecharunt
|-damage|p1a: Pecharunt|23/100
|move|p1a: Pecharunt|Shadow Ball|p2a: Ditto
|-supereffective|p2a: Ditto
|-damage|p2a: Ditto|0 fnt
|faint|p2a: Ditto
|
|win|dark besk
|raw|dark besk's rating: 1162 &rarr; <strong>1190</strong><br />(+28 for winning)
|raw|HeWhoSits's rating: 1199 &rarr; <strong>1171</strong><br />(-28 for losing)
|l|☆dark besk
|player|p1|
|l|☆HeWhoSits
|player|p2|
