|j|☆redcolorcap
|j|☆Hurricane_Slash
|t:|1759000505
|gametype|singles
|player|p1|redcolorcap|gentleman|1331
|player|p2|Hurricane_Slash|iris-gen5bw2|1334
|gen|9
|tier|[Gen 9] OU
|rated|
|rule|HP Percentage Mod: HP is shown in percentages
|rule|Endless Battle Clause: Forcing endless battles is banned
|rule|Species Clause: Limit one of each Pokémon
|rule|OHKO Clause: OHKO moves are banned
|rule|Evasion Items Clause: Evasion items are banned
|rule|Evasion Moves Clause: Evasion moves are banned
|rule|Evasion Abilities Clause: Evasion abilities are banned
|rule|Sleep Moves Clause: Sleep-inducing moves are banned
|clearpoke
|poke|p1|Infernape, F|
|poke|p1|Slowking, F|
|poke|p1|Dragapult, M|
|poke|p1|Samurott-Hisui, M|
|poke|p1|Gholdengo|
|poke|p1|Landorus-Therian, M|
|poke|p2|Torkoal, M|
|poke|p2|Hatterene, F|
|poke|p2|Raging Bolt|
|poke|p2|Slither Wing|
|poke|p2|Venusaur, M|
|poke|p2|Walking Wake|
|teampreview
|inactive|Battle timer is ON: inactive players will automatically lose when time's up. (requested by redcolorcap)
|
|t:|1759000519
|teamsize|p1|6
|teamsize|p2|6
|start
|switch|p1a: Slowking|Slowking, F|100/100
|switch|p2a: Raging Bolt|Raging Bolt|100/100
|turn|1
|
|t:|1759000536
|-end|p2a: Raging Bolt|Protosynthesis|[silent]
|switch|p2a: Torkoal|Torkoal, M|100/100
|-weather|SunnyDay|[from] ability: Drought|[of] p2a: Torkoal
|switch|p1a: Landorus|Landorus-Therian, M|100/100
|-ability|p1a: Landorus|Intimidate|boost
|-unboost|p2a: Torkoal|atk|1
|
|-weather|SunnyDay|[upkeep]
|upkeep
|turn|2
|
|t:|1759000544
|switch|p2a: Hatterene|Hatterene, F|100/100
|-item|p2a: Hatterene|Air Balloon
|move|p1a: Landorus|U-turn|p2a: Hatterene
|-crit|p2a: Hatterene
|-damage|p2a: Hatterene|70/100
|-enditem|p2a: Hatterene|Air Balloon
|
|t:|1759000555
|switch|p1a: Dragapult|Dragapult, M|100/100|[from] U-turn
|
|-weather|SunnyDay|[upkeep]
|upkeep
|turn|3
|
|t:|1759000563
|move|p1a: Dragapult|Shadow Ball|p2a: Hatterene
|-supereffective|p2a: Hatterene
|-damage|p2a: Hatterene|0 fnt
|faint|p2a: Hatterene
|
|-weather|SunnyDay|[upkeep]
|upkeep
|
|t:|1759000586
|switch|p2a: Walking Wake|Walking Wake|100/100
|-activate|p2a: Walking Wake|ability: Protosynthesis
|-start|p2a: Walking Wake|protosynthesisspe
|turn|4
|
|t:|1759000606
|switch|p1a: Slowking|Slowking, F|100/100
|move|p2a: Walking Wake|Draco Meteor|p1a: Slowking
|-damage|p1a: Slowking|58/100
|-unboost|p2a: Walking Wake|spa|2
|
|-weather|SunnyDay|[upkeep]
|upkeep
|turn|5
|
|t:|1759000629
|-end|p2a: Walking Wake|Protosynthesis|[silent]
|switch|p2a: Slither Wing|Slither Wing|100/100
|-activate|p2a: Slither Wing|ability: Protosynthesis
|-start|p2a: Slither Wing|protosynthesisatk
|-prepare|p1a: Slowking|Chilly Reception|[premajor]
|move|p1a: Slowking|Chilly Reception|p1a: Slowking
|-weather|Snowscape
|-end|p2a: Slither Wing|Protosynthesis
|
|t:|1759000644
|switch|p1a: Infernape|Infernape, F, shiny|100/100|[from] Chilly Reception
|
|-weather|Snowscape|[upkeep]
|upkeep
|turn|6
|
|t:|1759000652
|move|p1a: Infernape|Fire Blast|p2a: Slither Wing|[miss]
|-miss|p1a: Infernape|p2a: Slither Wing
|move|p2a: Slither Wing|Earthquake|p1a: Infernape
|-supereffective|p1a: Infernape
|-damage|p1a: Infernape|0 fnt
|faint|p1a: Infernape
|
|-weather|Snowscape|[upkeep]
|upkeep
|inactive|redcolorcap has 120 seconds left.
|
|t:|1759000681
|switch|p1a: Gholdengo|Gholdengo|100/100
|turn|7
|
|t:|1759000708
|move|p2a: Slither Wing|Earthquake|p1a: Gholdengo
|-supereffective|p1a: Gholdengo
|-damage|p1a: Gholdengo|44/100
|move|p1a: Gholdengo|Thunder Wave|p2a: Slither Wing
|-status|p2a: Slither Wing|par
|
|-weather|Snowscape|[upkeep]
|-heal|p1a: Gholdengo|50/100|[from] item: Leftovers
|upkeep
|turn|8
|inactive|redcolorcap has 120 seconds left.
|inactive|Hurricane_Slash has 120 seconds left.
|
|t:|1759000725
|move|p1a: Gholdengo|Recover|p1a: Gholdengo
|-heal|p1a: Gholdengo|99/100
|move|p2a: Slither Wing|U-turn|p1a: Gholdengo
|-resisted|p1a: Gholdengo
|-damage|p1a: Gholdengo|94/100
|inactive|Hurricane_Slash has 120 seconds left.
|
|t:|1759000731
|-end|p2a: Slither Wing|Protosynthesis|[silent]
|switch|p2a: Torkoal|Torkoal, M|100/100|[from] U-turn
|-weather|SunnyDay|[from] ability: Drought|[of] p2a: Torkoal
|
|-weather|SunnyDay|[upkeep]
|-heal|p1a: Gholdengo|99/100|[from] item: Leftovers
|upkeep
|turn|9
|inactive|Hurricane_Slash has 120 seconds left.
|
|t:|1759000742
|move|p1a: Gholdengo|Thunder Wave|p2a: Torkoal
|-status|p2a: Torkoal|par
|cant|p2a: Torkoal|par
|
|-weather|SunnyDay|[upkeep]
|-heal|p1a: Gholdengo|100/100|[from] item: Leftovers
|upkeep
|turn|10
|
|t:|1759000749
|move|p1a: Gholdengo|Hex|p2a: Torkoal
|-damage|p2a: Torkoal|27/100 par
|move|p2a: Torkoal|Overheat|p1a: Gholdengo
|-supereffective|p1a: Gholdengo
|-damage|p1a: Gholdengo|0 fnt
|-unboost|p2a: Torkoal|spa|2
|faint|p1a: Gholdengo
|
|-weather|SunnyDay|[upkeep]
|upkeep
|
|t:|1759000766
|switch|p1a: Samurott|Samurott-Hisui, M|100/100
|turn|11
|
|t:|1759000779
|switch|p2a: Venusaur|Venusaur, M|100/100
|move|p1a: Samurott|Razor Shell|p2a: Venusaur
|-resisted|p2a: Venusaur
|-damage|p2a: Venusaur|84/100
|-unboost|p2a: Venusaur|def|1
|
|-weather|SunnyDay|[upkeep]
|upkeep
|turn|12
|inactive|redcolorcap has 120 seconds left.
|
|t:|1759000805
|move|p2a: Venusaur|Giga Drain|p1a: Samurott
|-supereffective|p1a: Samurott
|-crit|p1a: Samurott
|-enditem|p1a: Samurott|Focus Sash
|-damage|p1a: Samurott|1/100
|-heal|p2a: Venusaur|100/100|[from] drain|[of] p1a: Samurott
|-damage|p2a: Venusaur|91/100|[from] item: Life Orb
|move|p1a: Samurott|Ceaseless Edge|p2a: Venusaur
|-crit|p2a: Venusaur
|-damage|p2a: Venusaur|0 fnt
|-sidestart|p2: Hurricane_Slash|Spikes
|faint|p2a: Venusaur
|
|-weather|SunnyDay|[upkeep]
|upkeep
|
|t:|1759000829
|switch|p2a: Slither Wing|Slither Wing|100/100 par
|-damage|p2a: Slither Wing|88/100 par|[from] Spikes
|-activate|p2a: Slither Wing|ability: Protosynthesis
|-start|p2a: Slither Wing|protosynthesisatk
|turn|13
|
|t:|1759000835
|move|p2a: Slither Wing|First Impression|p1a: Samurott
|-supereffective|p1a: Samurott
|-damage|p1a: Samurott|0 fnt
|faint|p1a: Samurott
|
|-weather|SunnyDay|[upkeep]
|upkeep
|inactive|redcolorcap has 120 seconds left.
|
|t:|1759000847
|switch|p1a: Landorus|Landorus-Therian, M|100/100
|-ability|p1a: Landorus|Intimidate|boost
|-unboost|p2a: Slither Wing|atk|1
|turn|14
|
|t:|1759000857
|move|p1a: Landorus|Stealth Rock|p2a: Slither Wing
|-sidestart|p2: Hurricane_Slash|move: Stealth Rock
|move|p2a: Slither Wing|Temper Flare|p1a: Landorus
|-damage|p1a: Landorus|69/100
|-damage|p2a: Slither Wing|72/100 par|[from] item: Rocky Helmet|[of] p1a: Landorus
|
|-weather|SunnyDay|[upkeep]
|upkeep
|turn|15
|
|t:|1759000865
|move|p1a: Landorus|Earthquake|p2a: Slither Wing
|-resisted|p2a: Slither Wing
|-damage|p2a: Slither Wing|33/100 par
|move|p2a: Slither Wing|Temper Flare|p1a: Landorus
|-damage|p1a: Landorus|33/100
|-damage|p2a: Slither Wing|16/100 par|[from] item: Rocky Helmet|[of] p1a: Landorus
|
|-weather|none
|-end|p2a: Slither Wing|Protosynthesis
|upkeep
|turn|16
|
|t:|1759000873
|move|p1a: Landorus|U-turn|p2a: Slither Wing
|-resisted|p2a: Slither Wing
|-crit|p2a: Slither Wing
|-damage|p2a: Slither Wing|0 fnt
|faint|p2a: Slither Wing
|-end|p2a: Slither Wing|Protosynthesis|[silent]
|
|t:|1759000879
|switch|p1a: Slowking|Slowking, F|91/100|[from] U-turn
|
|upkeep
|
|t:|1759000885
|switch|p2a: Torkoal|Torkoal, M|27/100 par
|-damage|p2a: Torkoal|15/100 par|[from] Spikes
|-damage|p2a: Torkoal|0 fnt|[from] Stealth Rock
|faint|p2a: Torkoal
|
|t:|1759000897
|switch|p2a: Raging Bolt|Raging Bolt|100/100
|-damage|p2a: Raging Bolt|88/100|[from] Spikes
|-damage|p2a: Raging Bolt|76/100|[from] Stealth Rock
|turn|17
|
|t:|1759000907
|switch|p1a: Landorus|Landorus-Therian, M|33/100
|-ability|p1a: Landorus|Intimidate|boost
|-unboost|p2a: Raging Bolt|atk|1
|move|p2a: Raging Bolt|Dragon Pulse|p1a: Landorus
|-damage|p1a: Landorus|0 fnt
|faint|p1a: Landorus
|-damage|p2a: Raging Bolt|66/100|[from] item: Life Orb
|
|upkeep
|
|t:|1759000917
|switch|p1a: Dragapult|Dragapult, M|100/100
|turn|18
|
|t:|1759000945
|-terastallize|p1a: Dragapult|Fairy
|move|p2a: Raging Bolt|Thunderclap|p1a: Dragapult
|-damage|p1a: Dragapult|27/100
|-damage|p2a: Raging Bolt|56/100|[from] item: Life Orb
|move|p1a: Dragapult|Draco Meteor|p2a: Raging Bolt
|-supereffective|p2a: Raging Bolt
|-damage|p2a: Raging Bolt|0 fnt
|-unboost|p1a: Dragapult|spa|2
|faint|p2a: Raging Bolt
|-end|p2a: Raging Bolt|Protosynthesis|[silent]
|
|upkeep
|
|t:|1759000954
|switch|p2a: Walking Wake|Walking Wake|100/100
|-damage|p2a: Walking Wake|88/100|[from] Spikes
|-damage|p2a: Walking Wake|76/100|[from] Stealth Rock
|turn|19
|
|t:|1759000962
|switch|p1a: Slowking|Slowking, F|100/100
|-terastallize|p2a: Walking Wake|Fairy
|move|p2a: Walking Wake|Hydro Steam|p1a: Slowking
|-resisted|p1a: Slowking
|-damage|p1a: Slowking|86/100
|
|upkeep
|turn|20
|
|t:|1759000970
|move|p2a: Walking Wake|Hydro Steam|p1a: Slowking
|-resisted|p1a: Slowking
|-damage|p1a: Slowking|72/100
|move|p1a: Slowking|Future Sight|p2a: Walking Wake
|-start|p1a: Slowking|move: Future Sight
|
|upkeep
|turn|21
|
|t:|1759000977
|move|p2a: Walking Wake|Hydro Steam|p1a: Slowking
|-resisted|p1a: Slowking
|-damage|p1a: Slowking|59/100
|move|p1a: Slowking|Slack Off|p1a: Slowking
|-heal|p1a: Slowking|100/100
|
|upkeep
|turn|22
|c|☆redcolorcap|gg
|inactive|Hurricane_Slash has 120 seconds left.
|inactive|Hurricane_Slash has 90 seconds left.
|
|t:|1759001038
|move|p2a: Walking Wake|Draco Meteor|p1a: Slowking
|-damage|p1a: Slowking|56/100
|-unboost|p2a: Walking Wake|spa|2
|move|p1a: Slowking|Flamethrower|p2a: Walking Wake
|-damage|p2a: Walking Wake|50/100
|
|-end|p2a: Walking Wake|move: Future Sight
|-damage|p2a: Walking Wake|0 fnt
|faint|p2a: Walking Wake
|-end|p2a: Walking Wake|Protosynthesis|[silent]
|
|win|redcolorcap
|raw|redcolorcap's rating: 1331 &rarr; <strong>1351</strong><br />(+20 for winning)
|raw|Hurricane_Slash's rating: 1334 &rarr; <strong>1314</strong><br />(-20 for losing)
|l|☆Hurricane_Slash
|player|p2|
|l|☆redcolorcap
|player|p1|
