|j|☆Pachydon
|j|☆christhe1der
|t:|1759005700
|gametype|singles
|player|p1|Pachydon|2|1288
|player|p2|christhe1der|roxie|1249
|gen|9
|tier|[Gen 9] OU
|rated|
|rule|HP Percentage Mod: HP is shown in percentages
|rule|Endless Battle Clause: Forcing endless battles is banned
|rule|Species Clause: Limit one of each Pokémon
|rule|OHKO Clause: OHKO moves are banned
|rule|Evasion Items Clause: Evasion items are banned
|rule|Evasion Moves Clause: Evasion moves are banned
|rule|Evasion Abilities Clause: Evasion abilities are banned
|rule|Sleep Moves Clause: Sleep-inducing moves are banned
|clearpoke
|poke|p1|Gholdengo|
|poke|p1|Iron Treads|
|poke|p1|Moltres|
|poke|p1|Samurott-Hisui, M|
|poke|p1|Sinistcha|
|poke|p1|Ting-Lu|
|poke|p2|Weavile, F|
|poke|p2|Alomomola, F|
|poke|p2|Landorus-Therian, M|
|poke|p2|Sinistcha|
|poke|p2|Iron Treads|
|poke|p2|Raging Bolt|
|teampreview
|
|t:|1759005710
|teamsize|p1|6
|teamsize|p2|6
|start
|switch|p1a: Samurott|Samurott-Hisui, M|100/100
|switch|p2a: Crosby|Landorus-Therian, M|100/100
|-ability|p2a: Crosby|Intimidate|boost
|-unboost|p1a: Samurott|atk|1
|turn|1
|
|t:|1759005716
|move|p2a: Crosby|U-turn|p1a: Samurott
|-supereffective|p1a: Samurott
|-damage|p1a: Samurott|48/100
|
|t:|1759005719
|switch|p2a: i <3 u|Alomomola, F|100/100|[from] U-turn
|move|p1a: Samurott|Flip Turn|p2a: i <3 u
|-resisted|p2a: i <3 u
|-damage|p2a: i <3 u|95/100
|-damage|p1a: Samurott|31/100|[from] item: Rocky Helmet|[of] p2a: i <3 u
|
|t:|1759005727
|switch|p1a: Sinistcha|Sinistcha|100/100|[from] Flip Turn
|
|upkeep
|turn|2
|
|t:|1759005751
|move|p1a: Sinistcha|Calm Mind|p1a: Sinistcha
|-boost|p1a: Sinistcha|spa|1
|-boost|p1a: Sinistcha|spd|1
|move|p2a: i <3 u|Flip Turn|p1a: Sinistcha
|-resisted|p1a: Sinistcha
|-damage|p1a: Sinistcha|95/100
|
|t:|1759005758
|switch|p2a: knock off|Weavile, F|100/100|[from] Flip Turn
|-ability|p2a: knock off|Pressure
|
|upkeep
|turn|3
|
|t:|1759005772
|switch|p1a: Moltres|Moltres|100/100
|move|p2a: knock off|Triple Axel|p1a: Moltres
|-damage|p1a: Moltres|94/100
|-damage|p1a: Moltres|80/100
|-damage|p1a: Moltres|59/100
|-hitcount|p1a: Moltres|3
|
|upkeep
|turn|4
|
|t:|1759005791
|switch|p2a: i <3 u|Alomomola, F|100/100
|move|p1a: Moltres|Roost|p1a: Moltres
|-heal|p1a: Moltres|100/100
|-singleturn|p1a: Moltres|move: Roost
|
|upkeep
|turn|5
|
|t:|1759005832
|move|p1a: Moltres|U-turn|p2a: i <3 u
|-damage|p2a: i <3 u|93/100
|-damage|p1a: Moltres|84/100|[from] item: Rocky Helmet|[of] p2a: i <3 u
|inactive|Battle timer is ON: inactive players will automatically lose when time's up. (requested by christhe1der)
|
|t:|1759005836
|switch|p1a: Sinistcha|Sinistcha|95/100|[from] U-turn
|move|p2a: i <3 u|Scald|p1a: Sinistcha
|-resisted|p1a: Sinistcha
|-damage|p1a: Sinistcha|88/100
|
|upkeep
|turn|6
|
|t:|1759005843
|move|p1a: Sinistcha|Matcha Gotcha|p2a: i <3 u
|-supereffective|p2a: i <3 u
|-damage|p2a: i <3 u|11/100
|-heal|p1a: Sinistcha|100/100|[from] drain|[of] p2a: i <3 u
|move|p2a: i <3 u|Flip Turn|p1a: Sinistcha
|-resisted|p1a: Sinistcha
|-damage|p1a: Sinistcha|95/100
|
|t:|1759005852
|switch|p2a: knock off|Weavile, F|100/100|[from] Flip Turn
|-ability|p2a: knock off|Pressure
|
|upkeep
|turn|7
|
|t:|1759005862
|switch|p2a: how is he ou|Raging Bolt|100/100
|-enditem|p2a: how is he ou|Booster Energy
|-activate|p2a: how is he ou|ability: Protosynthesis|[fromitem]
|-start|p2a: how is he ou|protosynthesisspa
|switch|p1a: Moltres|Moltres|84/100
|
|upkeep
|turn|8
|
|t:|1759005872
|switch|p1a: Iron Treads|Iron Treads|100/100
|move|p2a: how is he ou|Calm Mind|p2a: how is he ou
|-boost|p2a: how is he ou|spa|1
|-boost|p2a: how is he ou|spd|1
|
|upkeep
|turn|9
|
|t:|1759005899
|-end|p2a: how is he ou|Protosynthesis|[silent]
|switch|p2a: labubu dubai|Sinistcha|100/100
|move|p1a: Iron Treads|Earthquake|p2a: labubu dubai
|-resisted|p2a: labubu dubai
|-damage|p2a: labubu dubai|87/100
|
|-status|p2a: labubu dubai|brn|[from] item: Flame Orb
|upkeep
|turn|10
|inactive|Pachydon has 120 seconds left.
|inactive|christhe1der has 120 seconds left.
|inactive|christhe1der has 90 seconds left.
|
|t:|1759005961
|move|p1a: Iron Treads|Ice Spinner|p2a: labubu dubai
|-supereffective|p2a: labubu dubai
|-damage|p2a: labubu dubai|59/100 brn
|move|p2a: labubu dubai|Strength Sap|p1a: Iron Treads
|-unboost|p1a: Iron Treads|atk|1
|-heal|p2a: labubu dubai|100/100 brn
|
|-damage|p2a: labubu dubai|98/100 brn|[from] brn
|upkeep
|turn|11
|inactive|christhe1der has 90 seconds left.
|inactive|Pachydon has 120 seconds left.
|
|t:|1759005982
|-end|p1a: Iron Treads|Quark Drive|[silent]
|switch|p1a: Moltres|Moltres|84/100
|move|p2a: labubu dubai|Substitute|p2a: labubu dubai
|-start|p2a: labubu dubai|Substitute
|-damage|p2a: labubu dubai|73/100 brn
|
|-damage|p2a: labubu dubai|70/100 brn|[from] brn
|upkeep
|turn|12
|inactive|christhe1der has 90 seconds left.
|
|t:|1759005989
|move|p1a: Moltres|Flamethrower|p2a: labubu dubai
|-supereffective|p2a: labubu dubai
|-end|p2a: labubu dubai|Substitute
|move|p2a: labubu dubai|Calm Mind|p2a: labubu dubai
|-boost|p2a: labubu dubai|spa|1
|-boost|p2a: labubu dubai|spd|1
|
|-damage|p2a: labubu dubai|67/100 brn|[from] brn
|upkeep
|turn|13
|
|t:|1759005997
|move|p1a: Moltres|Flamethrower|p2a: labubu dubai
|-supereffective|p2a: labubu dubai
|-damage|p2a: labubu dubai|35/100 brn
|move|p2a: labubu dubai|Calm Mind|p2a: labubu dubai
|-boost|p2a: labubu dubai|spa|1
|-boost|p2a: labubu dubai|spd|1
|
|-damage|p2a: labubu dubai|32/100 brn|[from] brn
|upkeep
|turn|14
|
|t:|1759006006
|switch|p1a: Gholdengo|Gholdengo|100/100
|move|p2a: labubu dubai|Strength Sap|p1a: Gholdengo
|-immune|p1a: Gholdengo|[from] ability: Good as Gold
|
|-damage|p2a: labubu dubai|29/100 brn|[from] brn
|upkeep
|turn|15
|
|t:|1759006014
|move|p1a: Gholdengo|Make It Rain|p2a: labubu dubai
|-damage|p2a: labubu dubai|0 fnt
|-unboost|p1a: Gholdengo|spa|1
|faint|p2a: labubu dubai
|
|upkeep
|
|t:|1759006022
|switch|p2a: knock off|Weavile, F|100/100
|-ability|p2a: knock off|Pressure
|turn|16
|
|t:|1759006030
|switch|p1a: Moltres|Moltres|84/100
|move|p2a: knock off|Knock Off|p1a: Moltres
|-damage|p1a: Moltres|49/100
|-enditem|p1a: Moltres|Heavy-Duty Boots|[from] move: Knock Off|[of] p2a: knock off
|
|upkeep
|turn|17
|
|t:|1759006038
|switch|p2a: i <3 u|Alomomola, F|44/100
|move|p1a: Moltres|Roost|p1a: Moltres
|-heal|p1a: Moltres|99/100
|-singleturn|p1a: Moltres|move: Roost
|
|upkeep
|turn|18
|inactive|christhe1der has 120 seconds left.
|
|t:|1759006049
|move|p1a: Moltres|Will-O-Wisp|p2a: i <3 u
|-status|p2a: i <3 u|brn
|move|p2a: i <3 u|Flip Turn|p1a: Moltres
|-supereffective|p1a: Moltres
|-damage|p1a: Moltres|87/100
|inactive|christhe1der has 120 seconds left.
|
|t:|1759006063
|switch|p2a: excadrill 2|Iron Treads|100/100|[from] Flip Turn
|-enditem|p2a: excadrill 2|Booster Energy
|-activate|p2a: excadrill 2|ability: Quark Drive|[fromitem]
|-start|p2a: excadrill 2|quarkdrivespe
|
|upkeep
|turn|19
|inactive|christhe1der has 120 seconds left.
|
|t:|1759006074
|move|p2a: excadrill 2|Stealth Rock|p1a: Moltres
|-sidestart|p1: Pachydon|move: Stealth Rock
|move|p1a: Moltres|Will-O-Wisp|p2a: excadrill 2
|-status|p2a: excadrill 2|brn
|
|-damage|p2a: excadrill 2|94/100 brn|[from] brn
|upkeep
|turn|20
|
|t:|1759006081
|-end|p2a: excadrill 2|Quark Drive|[silent]
|switch|p2a: i <3 u|Alomomola, F|77/100 brn
|move|p1a: Moltres|Flamethrower|p2a: i <3 u
|-resisted|p2a: i <3 u
|-damage|p2a: i <3 u|54/100 brn
|
|-damage|p2a: i <3 u|48/100 brn|[from] brn
|upkeep
|turn|21
|inactive|Pachydon has 120 seconds left.
|
|t:|1759006125
|move|p1a: Moltres|Flamethrower|p2a: i <3 u
|-resisted|p2a: i <3 u
|-damage|p2a: i <3 u|27/100 brn
|move|p2a: i <3 u|Wish|p2a: i <3 u
|
|-damage|p2a: i <3 u|21/100 brn|[from] brn
|upkeep
|turn|22
|
|t:|1759006140
|switch|p2a: how is he ou|Raging Bolt|100/100
|move|p1a: Moltres|Flamethrower|p2a: how is he ou
|-resisted|p2a: how is he ou
|-damage|p2a: how is he ou|85/100
|
|-heal|p2a: how is he ou|100/100|[from] move: Wish|[wisher] i <3 u
|upkeep
|turn|23
|inactive|Pachydon has 120 seconds left.
|
|t:|1759006168
|switch|p1a: Iron Treads|Iron Treads|100/100
|-damage|p1a: Iron Treads|98/100|[from] Stealth Rock
|-end|p2a: how is he ou|Protosynthesis|[silent]
|switch|p2a: i <3 u|Alomomola, F|55/100 brn
|
|-damage|p2a: i <3 u|48/100 brn|[from] brn
|upkeep
|turn|24
|inactive|Pachydon has 90 seconds left.
|
|t:|1759006199
|-end|p1a: Iron Treads|Quark Drive|[silent]
|switch|p1a: Gholdengo|Gholdengo|100/100
|-damage|p1a: Gholdengo|94/100|[from] Stealth Rock
|move|p2a: i <3 u|Flip Turn|p1a: Gholdengo
|-damage|p1a: Gholdengo|85/100
|inactive|christhe1der has 120 seconds left.
|
|t:|1759006214
|switch|p2a: knock off|Weavile, F|100/100|[from] Flip Turn
|-ability|p2a: knock off|Pressure
|
|upkeep
|turn|25
|inactive|Pachydon has 90 seconds left.
|
|t:|1759006237
|switch|p2a: i <3 u|Alomomola, F|82/100 brn
|switch|p1a: Iron Treads|Iron Treads|98/100
|-damage|p1a: Iron Treads|95/100|[from] Stealth Rock
|
|-damage|p2a: i <3 u|76/100 brn|[from] brn
|upkeep
|turn|26
|
|t:|1759006248
|move|p1a: Iron Treads|Rapid Spin|p2a: i <3 u
|-damage|p2a: i <3 u|69/100 brn
|-boost|p1a: Iron Treads|spe|1
|-damage|p1a: Iron Treads|78/100|[from] item: Rocky Helmet|[of] p2a: i <3 u
|-sideend|p1: Pachydon|Stealth Rock|[from] move: Rapid Spin|[of] p1a: Iron Treads
|move|p2a: i <3 u|Scald|p1a: Iron Treads
|-supereffective|p1a: Iron Treads
|-damage|p1a: Iron Treads|58/100
|
|-damage|p2a: i <3 u|63/100 brn|[from] brn
|upkeep
|turn|27
|inactive|Pachydon has 90 seconds left.
|
|t:|1759006271
|move|p1a: Iron Treads|Earthquake|p2a: i <3 u
|-damage|p2a: i <3 u|42/100 brn
|move|p2a: i <3 u|Flip Turn|p1a: Iron Treads
|-supereffective|p1a: Iron Treads
|-damage|p1a: Iron Treads|45/100
|inactive|christhe1der has 120 seconds left.
|
|t:|1759006281
|switch|p2a: Crosby|Landorus-Therian, M|100/100|[from] Flip Turn
|-ability|p2a: Crosby|Intimidate|boost
|-unboost|p1a: Iron Treads|atk|1
|
|upkeep
|turn|28
|
|t:|1759006294
|switch|p2a: i <3 u|Alomomola, F|76/100 brn
|move|p1a: Iron Treads|Ice Spinner|p2a: i <3 u
|-resisted|p2a: i <3 u
|-damage|p2a: i <3 u|72/100 brn
|-damage|p1a: Iron Treads|28/100|[from] item: Rocky Helmet|[of] p2a: i <3 u
|
|-damage|p2a: i <3 u|66/100 brn|[from] brn
|upkeep
|turn|29
|
|t:|1759006304
|-end|p1a: Iron Treads|Quark Drive|[silent]
|switch|p1a: Ting-Lu|Ting-Lu, shiny|100/100
|-ability|p1a: Ting-Lu|Vessel of Ruin
|move|p2a: i <3 u|Scald|p1a: Ting-Lu
|-supereffective|p1a: Ting-Lu
|-damage|p1a: Ting-Lu|90/100
|
|-heal|p1a: Ting-Lu|96/100|[from] item: Leftovers
|-damage|p2a: i <3 u|59/100 brn|[from] brn
|upkeep
|turn|30
|
|t:|1759006320
|move|p2a: i <3 u|Wish|p2a: i <3 u
|move|p1a: Ting-Lu|Stealth Rock|p2a: i <3 u
|-sidestart|p2: christhe1der|move: Stealth Rock
|
|-heal|p1a: Ting-Lu|100/100|[from] item: Leftovers
|-damage|p2a: i <3 u|53/100 brn|[from] brn
|upkeep
|turn|31
|inactive|Pachydon has 90 seconds left.
|inactive|Pachydon has 60 seconds left.
|
|t:|1759006366
|move|p2a: i <3 u|Scald|p1a: Ting-Lu
|-supereffective|p1a: Ting-Lu
|-damage|p1a: Ting-Lu|90/100
|move|p1a: Ting-Lu|Ruination|p2a: i <3 u
|-damage|p2a: i <3 u|27/100 brn
|
|-heal|p2a: i <3 u|77/100 brn|[from] move: Wish|[wisher] i <3 u
|-heal|p1a: Ting-Lu|96/100|[from] item: Leftovers
|-damage|p2a: i <3 u|71/100 brn|[from] brn
|upkeep
|turn|32
|
|t:|1759006380
|move|p2a: i <3 u|Wish|p2a: i <3 u
|move|p1a: Ting-Lu|Earthquake|p2a: i <3 u
|-damage|p2a: i <3 u|50/100 brn
|
|-heal|p1a: Ting-Lu|100/100|[from] item: Leftovers
|-damage|p2a: i <3 u|44/100 brn|[from] brn
|upkeep
|turn|33
|
|t:|1759006387
|move|p2a: i <3 u|Scald|p1a: Ting-Lu
|-supereffective|p1a: Ting-Lu
|-damage|p1a: Ting-Lu|91/100
|move|p1a: Ting-Lu|Whirlwind|p2a: i <3 u
|drag|p2a: excadrill 2|Iron Treads|94/100 brn
|-damage|p2a: excadrill 2|91/100 brn|[from] Stealth Rock
|
|-heal|p2a: excadrill 2|100/100 brn|[from] move: Wish|[wisher] i <3 u
|-heal|p1a: Ting-Lu|97/100|[from] item: Leftovers
|-damage|p2a: excadrill 2|94/100 brn|[from] brn
|upkeep
|turn|34
|
|t:|1759006399
|move|p2a: excadrill 2|Stealth Rock|p1a: Ting-Lu
|-sidestart|p1: Pachydon|move: Stealth Rock
|move|p1a: Ting-Lu|Earthquake|p2a: excadrill 2
|-supereffective|p2a: excadrill 2
|-damage|p2a: excadrill 2|30/100 brn
|
|-heal|p1a: Ting-Lu|100/100|[from] item: Leftovers
|-damage|p2a: excadrill 2|24/100 brn|[from] brn
|upkeep
|turn|35
|inactive|Pachydon has 90 seconds left.
|
|t:|1759006408
|-end|p2a: excadrill 2|Quark Drive|[silent]
|switch|p2a: Crosby|Landorus-Therian, M|100/100
|-damage|p2a: Crosby|88/100|[from] Stealth Rock
|-ability|p2a: Crosby|Intimidate|boost
|-unboost|p1a: Ting-Lu|atk|1
|move|p1a: Ting-Lu|Stealth Rock||[still]
|-fail|p1a: Ting-Lu
|
|upkeep
|turn|36
|
|t:|1759006420
|move|p2a: Crosby|Sludge Bomb|p1a: Ting-Lu
|-resisted|p1a: Ting-Lu
|-damage|p1a: Ting-Lu|95/100
|move|p1a: Ting-Lu|Whirlwind|p2a: Crosby
|drag|p2a: knock off|Weavile, F|100/100
|-ability|p2a: knock off|Pressure
|
|-heal|p1a: Ting-Lu|100/100|[from] item: Leftovers
|upkeep
|turn|37
|inactive|Pachydon has 90 seconds left.
|
|t:|1759006444
|switch|p1a: Iron Treads|Iron Treads|28/100
|-damage|p1a: Iron Treads|25/100|[from] Stealth Rock
|move|p2a: knock off|Knock Off|p1a: Iron Treads
|-damage|p1a: Iron Treads|0 fnt
|-enditem|p1a: Iron Treads|Covert Cloak|[from] move: Knock Off|[of] p2a: knock off
|faint|p1a: Iron Treads
|-end|p1a: Iron Treads|Quark Drive|[silent]
|
|upkeep
|
|t:|1759006449
|switch|p1a: Samurott|Samurott-Hisui, M|31/100
|-damage|p1a: Samurott|19/100|[from] Stealth Rock
|turn|38
|
|t:|1759006456
|move|p1a: Samurott|Razor Shell|p2a: knock off
|-damage|p2a: knock off|10/100
|-unboost|p2a: knock off|def|1
|move|p2a: knock off|Low Kick|p1a: Samurott
|-supereffective|p1a: Samurott
|-damage|p1a: Samurott|0 fnt
|faint|p1a: Samurott
|
|upkeep
|
|t:|1759006469
|switch|p1a: Sinistcha|Sinistcha|95/100
|turn|39
|
|t:|1759006477
|-terastallize|p1a: Sinistcha|Poison
|move|p2a: knock off|Knock Off|p1a: Sinistcha
|-damage|p1a: Sinistcha|64/100
|-enditem|p1a: Sinistcha|Heavy-Duty Boots|[from] move: Knock Off|[of] p2a: knock off
|move|p1a: Sinistcha|Shadow Ball|p2a: knock off
|-resisted|p2a: knock off
|-damage|p2a: knock off|0 fnt
|faint|p2a: knock off
|
|upkeep
|
|t:|1759006491
|switch|p2a: how is he ou|Raging Bolt|100/100
|-damage|p2a: how is he ou|88/100|[from] Stealth Rock
|turn|40
|
|t:|1759006496
|move|p2a: how is he ou|Calm Mind|p2a: how is he ou
|-boost|p2a: how is he ou|spa|1
|-boost|p2a: how is he ou|spd|1
|move|p1a: Sinistcha|Calm Mind|p1a: Sinistcha
|-boost|p1a: Sinistcha|spa|1
|-boost|p1a: Sinistcha|spd|1
|
|upkeep
|turn|41
|
|t:|1759006505
|move|p2a: how is he ou|Dragon Pulse|p1a: Sinistcha
|-damage|p1a: Sinistcha|9/100
|move|p1a: Sinistcha|Shadow Ball|p2a: how is he ou
|-damage|p2a: how is he ou|63/100
|
|upkeep
|turn|42
|
|t:|1759006511
|switch|p1a: Ting-Lu|Ting-Lu, shiny|100/100
|-damage|p1a: Ting-Lu|94/100|[from] Stealth Rock
|-ability|p1a: Ting-Lu|Vessel of Ruin
|move|p2a: how is he ou|Calm Mind|p2a: how is he ou
|-boost|p2a: how is he ou|spa|1
|-boost|p2a: how is he ou|spd|1
|
|-heal|p1a: Ting-Lu|100/100|[from] item: Leftovers
|upkeep
|turn|43
|
|t:|1759006521
|move|p2a: how is he ou|Dragon Pulse|p1a: Ting-Lu
|-damage|p1a: Ting-Lu|61/100
|move|p1a: Ting-Lu|Whirlwind|p2a: how is he ou
|-end|p2a: how is he ou|Protosynthesis|[silent]
|drag|p2a: excadrill 2|Iron Treads|24/100 brn
|-damage|p2a: excadrill 2|21/100 brn|[from] Stealth Rock
|
|-heal|p1a: Ting-Lu|68/100|[from] item: Leftovers
|-damage|p2a: excadrill 2|15/100 brn|[from] brn
|upkeep
|turn|44
|
|t:|1759006531
|move|p2a: excadrill 2|Rapid Spin|p1a: Ting-Lu
|-crit|p1a: Ting-Lu
|-damage|p1a: Ting-Lu|61/100
|-boost|p2a: excadrill 2|spe|1
|-sideend|p2: christhe1der|Stealth Rock|[from] move: Rapid Spin|[of] p2a: excadrill 2
|move|p1a: Ting-Lu|Stealth Rock|p2a: excadrill 2
|-sidestart|p2: christhe1der|move: Stealth Rock
|
|-heal|p1a: Ting-Lu|67/100|[from] item: Leftovers
|-damage|p2a: excadrill 2|8/100 brn|[from] brn
|upkeep
|turn|45
|
|t:|1759006540
|-end|p2a: excadrill 2|Quark Drive|[silent]
|switch|p2a: i <3 u|Alomomola, F|77/100 brn
|-damage|p2a: i <3 u|65/100 brn|[from] Stealth Rock
|move|p1a: Ting-Lu|Whirlwind|p2a: i <3 u
|drag|p2a: Crosby|Landorus-Therian, M|88/100
|-damage|p2a: Crosby|76/100|[from] Stealth Rock
|-ability|p2a: Crosby|Intimidate|boost
|-unboost|p1a: Ting-Lu|atk|1
|
|-heal|p1a: Ting-Lu|74/100|[from] item: Leftovers
|upkeep
|turn|46
|
|t:|1759006554
|move|p2a: Crosby|Earth Power|p1a: Ting-Lu
|-damage|p1a: Ting-Lu|58/100
|move|p1a: Ting-Lu|Ruination|p2a: Crosby
|-damage|p2a: Crosby|38/100
|
|-heal|p1a: Ting-Lu|64/100|[from] item: Leftovers
|upkeep
|turn|47
|
|t:|1759006561
|move|p2a: Crosby|Earth Power|p1a: Ting-Lu
|-damage|p1a: Ting-Lu|47/100
|move|p1a: Ting-Lu|Whirlwind|p2a: Crosby
|drag|p2a: how is he ou|Raging Bolt|63/100
|-damage|p2a: how is he ou|50/100|[from] Stealth Rock
|
|-heal|p1a: Ting-Lu|54/100|[from] item: Leftovers
|upkeep
|turn|48
|
|t:|1759006570
|move|p2a: how is he ou|Dragon Pulse|p1a: Ting-Lu
|-damage|p1a: Ting-Lu|34/100
|move|p1a: Ting-Lu|Earthquake|p2a: how is he ou
|-supereffective|p2a: how is he ou
|-damage|p2a: how is he ou|7/100
|
|-heal|p1a: Ting-Lu|40/100|[from] item: Leftovers
|upkeep
|turn|49
|
|t:|1759006578
|move|p2a: how is he ou|Dragon Pulse|p1a: Ting-Lu
|-damage|p1a: Ting-Lu|20/100
|move|p1a: Ting-Lu|Whirlwind|p2a: how is he ou
|-end|p2a: how is he ou|Protosynthesis|[silent]
|drag|p2a: i <3 u|Alomomola, F|98/100 brn
|-damage|p2a: i <3 u|86/100 brn|[from] Stealth Rock
|
|-heal|p1a: Ting-Lu|26/100|[from] item: Leftovers
|-damage|p2a: i <3 u|80/100 brn|[from] brn
|upkeep
|turn|50
|
|t:|1759006590
|switch|p1a: Sinistcha|Sinistcha, tera:Poison|9/100
|-damage|p1a: Sinistcha|0 fnt|[from] Stealth Rock
|faint|p1a: Sinistcha
|move|p2a: i <3 u|Scald|p1: Sinistcha|[notarget]
|-fail|p2a: i <3 u
|
|-damage|p2a: i <3 u|73/100 brn|[from] brn
|upkeep
|
|t:|1759006599
|switch|p1a: Gholdengo|Gholdengo|85/100
|-damage|p1a: Gholdengo|79/100|[from] Stealth Rock
|turn|51
|
|t:|1759006603
|move|p1a: Gholdengo|Thunderbolt|p2a: i <3 u
|-supereffective|p2a: i <3 u
|-damage|p2a: i <3 u|0 fnt
|faint|p2a: i <3 u
|
|upkeep
|
|t:|1759006608
|switch|p2a: Crosby|Landorus-Therian, M|38/100
|-damage|p2a: Crosby|26/100|[from] Stealth Rock
|-ability|p2a: Crosby|Intimidate|boost
|-unboost|p1a: Gholdengo|atk|1
|turn|52
|
|t:|1759006615
|switch|p1a: Moltres|Moltres|87/100
|-damage|p1a: Moltres|38/100|[from] Stealth Rock
|move|p2a: Crosby|U-turn|p1a: Moltres
|-resisted|p1a: Moltres
|-damage|p1a: Moltres|34/100
|
|t:|1759006623
|switch|p2a: excadrill 2|Iron Treads|8/100 brn|[from] U-turn
|-damage|p2a: excadrill 2|5/100 brn|[from] Stealth Rock
|
|-damage|p2a: excadrill 2|0 fnt|[from] brn
|faint|p2a: excadrill 2
|-end|p2a: excadrill 2|Quark Drive|[silent]
|upkeep
|
|t:|1759006630
|switch|p2a: how is he ou|Raging Bolt|7/100
|-damage|p2a: how is he ou|0 fnt|[from] Stealth Rock
|faint|p2a: how is he ou
|-end|p2a: how is he ou|Protosynthesis|[silent]
|-message|christhe1der forfeited.
|
|win|Pachydon
|raw|Pachydon's rating: 1288 &rarr; <strong>1310</strong><br />(+22 for winning)
|raw|christhe1der's rating: 1249 &rarr; <strong>1227</strong><br />(-22 for losing)
|l|☆christhe1der
|player|p2|
