|j|☆suaiaj
|j|☆pokislayer
|t:|1759036130
|gametype|singles
|player|p1|suaiaj|wallace|1310
|player|p2|pokislayer|wallace-masters|1285
|gen|9
|tier|[Gen 9] OU
|rated|
|rule|HP Percentage Mod: HP is shown in percentages
|rule|Endless Battle Clause: Forcing endless battles is banned
|rule|Species Clause: Limit one of each Pokémon
|rule|OHKO Clause: OHKO moves are banned
|rule|Evasion Items Clause: Evasion items are banned
|rule|Evasion Moves Clause: Evasion moves are banned
|rule|Evasion Abilities Clause: Evasion abilities are banned
|rule|Sleep Moves Clause: Sleep-inducing moves are banned
|clearpoke
|poke|p1|Araquanid, M|
|poke|p1|Cinderace, M|
|poke|p1|Kingambit, F|
|poke|p1|Serperior, M|
|poke|p1|Malamar, M|
|poke|p1|Scizor, F|
|poke|p2|Moltres|
|poke|p2|Scizor, M|
|poke|p2|Enamorus, F|
|poke|p2|Greninja-*, M|
|poke|p2|Cyclizar, M|
|poke|p2|Swampert, M|
|teampreview
|inactive|Battle timer is ON: inactive players will automatically lose when time's up. (requested by suaiaj)
|
|t:|1759036151
|teamsize|p1|6
|teamsize|p2|6
|start
|switch|p1a: Araquanid|Araquanid, M|100/100
|switch|p2a: Scizor|Scizor, M|100/100
|turn|1
|
|t:|1759036160
|move|p2a: Scizor|Dual Wingbeat|p1a: Araquanid|[miss]
|-miss|p2a: Scizor|p1a: Araquanid
|move|p1a: Araquanid|Lunge|p2a: Scizor
|-resisted|p2a: Scizor
|-damage|p2a: Scizor|87/100
|-unboost|p2a: Scizor|atk|1
|
|upkeep
|turn|2
|
|t:|1759036171
|move|p2a: Scizor|Dual Wingbeat|p1a: Araquanid
|-supereffective|p1a: Araquanid
|-damage|p1a: Araquanid|58/100
|-supereffective|p1a: Araquanid
|-damage|p1a: Araquanid|15/100
|-hitcount|p1a: Araquanid|2
|move|p1a: Araquanid|Sticky Web|p2a: Scizor
|-sidestart|p2: pokislayer|move: Sticky Web
|
|upkeep
|turn|3
|-enditem|p1a: Araquanid|Custap Berry|[eat]
|-activate|p1a: Araquanid|item: Custap Berry|[consumed]
|
|t:|1759036189
|move|p1a: Araquanid|Endeavor|p2a: Scizor
|-damage|p2a: Scizor|18/100
|move|p2a: Scizor|Dual Wingbeat|p1a: Araquanid
|-supereffective|p1a: Araquanid
|-damage|p1a: Araquanid|0 fnt
|faint|p1a: Araquanid
|-hitcount|p1: Araquanid|1
|
|upkeep
|
|t:|1759036200
|switch|p1a: Cinderace|Cinderace, M|100/100
|turn|4
|inactive|pokislayer has 120 seconds left.
|
|t:|1759036255
|switch|p2a: Swampert|Swampert, M, shiny|100/100
|-activate|p2a: Swampert|move: Sticky Web
|-unboost|p2a: Swampert|spe|1
|move|p1a: Cinderace|Court Change|p1a: Cinderace
|-start|p1a: Cinderace|typechange|Normal|[from] ability: Libero
|-swapsideconditions
|-activate|p1a: Cinderace|move: Court Change
|
|upkeep
|turn|5
|
|t:|1759036274
|move|p1a: Cinderace|Will-O-Wisp|p2a: Swampert
|-status|p2a: Swampert|brn
|move|p2a: Swampert|Stealth Rock|p1a: Cinderace
|-sidestart|p1: suaiaj|move: Stealth Rock
|
|-damage|p2a: Swampert|94/100 brn|[from] brn
|upkeep
|turn|6
|
|t:|1759036283
|switch|p1a: Serperior|Serperior, M, shiny|100/100
|-activate|p1a: Serperior|move: Sticky Web
|-boost|p1a: Serperior|spe|1
|-damage|p1a: Serperior|88/100|[from] Stealth Rock
|move|p2a: Swampert|Flip Turn|p1a: Serperior
|-resisted|p1a: Serperior
|-damage|p1a: Serperior|81/100
|
|t:|1759036298
|switch|p2a: Moltres|Moltres|100/100|[from] Flip Turn
|
|upkeep
|turn|7
|inactive|pokislayer has 90 seconds left.
|
|t:|1759036316
|-terastallize|p1a: Serperior|Water
|move|p1a: Serperior|Leaf Storm|p2a: Moltres
|-resisted|p2a: Moltres
|-damage|p2a: Moltres|88/100
|-boost|p1a: Serperior|spa|2
|move|p2a: Moltres|Flamethrower|p1a: Serperior
|-resisted|p1a: Serperior
|-damage|p1a: Serperior|66/100
|-status|p1a: Serperior|brn
|
|-damage|p1a: Serperior|60/100 brn|[from] brn
|upkeep
|turn|8
|inactive|pokislayer has 90 seconds left.
|
|t:|1759036330
|move|p1a: Serperior|Tera Blast|p2a: Moltres|[anim] Tera Blast Water
|-supereffective|p2a: Moltres
|-damage|p2a: Moltres|0 fnt
|faint|p2a: Moltres
|
|-damage|p1a: Serperior|54/100 brn|[from] brn
|upkeep
|inactive|pokislayer has 90 seconds left.
|
|t:|1759036343
|switch|p2a: Cyclizar|Cyclizar, M|100/100
|turn|9
|inactive|pokislayer has 90 seconds left.
|
|t:|1759036353
|move|p1a: Serperior|Dragon Pulse|p2a: Cyclizar
|-supereffective|p2a: Cyclizar
|-crit|p2a: Cyclizar
|-damage|p2a: Cyclizar|0 fnt
|faint|p2a: Cyclizar
|
|-damage|p1a: Serperior|48/100 brn|[from] brn
|upkeep
|
|t:|1759036361
|switch|p2a: Scizor|Scizor, M|18/100
|turn|10
|inactive|pokislayer has 90 seconds left.
|
|t:|1759036371
|move|p2a: Scizor|Bullet Punch|p1a: Serperior
|-resisted|p1a: Serperior
|-damage|p1a: Serperior|17/100 brn
|move|p1a: Serperior|Tera Blast|p2a: Scizor|[anim] Tera Blast Water
|-damage|p2a: Scizor|0 fnt
|faint|p2a: Scizor
|
|-damage|p1a: Serperior|11/100 brn|[from] brn
|upkeep
|
|t:|1759036380
|switch|p2a: Greninja|Greninja, M|100/100
|turn|11
|inactive|pokislayer has 90 seconds left.
|
|t:|1759036409
|move|p2a: Greninja|Water Shuriken|p1a: Serperior
|-resisted|p1a: Serperior
|-damage|p1a: Serperior|7/100 brn
|-resisted|p1a: Serperior
|-damage|p1a: Serperior|4/100 brn
|-resisted|p1a: Serperior
|-damage|p1a: Serperior|0 fnt
|faint|p1a: Serperior
|-ability|p2a: Greninja|Battle Bond|boost
|-boost|p2a: Greninja|atk|1
|-boost|p2a: Greninja|spa|1
|-boost|p2a: Greninja|spe|1
|-activate|p2a: Greninja|ability: Battle Bond
|-hitcount|p1: Serperior|3
|-damage|p2a: Greninja|91/100|[from] item: Life Orb
|
|upkeep
|inactive|suaiaj has 120 seconds left.
|
|t:|1759036428
|switch|p1a: Malamar|Malamar, M, shiny|100/100
|-activate|p1a: Malamar|move: Sticky Web
|-boost|p1a: Malamar|spe|1
|-damage|p1a: Malamar|88/100|[from] Stealth Rock
|turn|12
|inactive|suaiaj has 120 seconds left.
|
|t:|1759036439
|-terastallize|p2a: Greninja|Water
|move|p2a: Greninja|Hydro Pump|p1a: Malamar
|-crit|p1a: Malamar
|-damage|p1a: Malamar|0 fnt
|faint|p1a: Malamar
|-damage|p2a: Greninja|81/100|[from] item: Life Orb
|
|upkeep
|inactive|suaiaj has 120 seconds left.
|
|t:|1759036453
|switch|p1a: Cinderace|Cinderace, M|100/100
|-activate|p1a: Cinderace|move: Sticky Web
|-unboost|p1a: Cinderace|spe|1
|-damage|p1a: Cinderace|76/100|[from] Stealth Rock
|turn|13
|inactive|suaiaj has 120 seconds left.
|inactive|pokislayer has 90 seconds left.
|
|t:|1759036462
|move|p2a: Greninja|Water Shuriken|p1a: Cinderace
|-supereffective|p1a: Cinderace
|-damage|p1a: Cinderace|24/100
|-supereffective|p1a: Cinderace
|-damage|p1a: Cinderace|0 fnt
|faint|p1a: Cinderace
|-hitcount|p1: Cinderace|2
|-damage|p2a: Greninja|71/100|[from] item: Life Orb
|
|upkeep
|inactive|suaiaj has 120 seconds left.
|
|t:|1759036472
|switch|p1a: Scizor|Scizor, F|100/100
|-activate|p1a: Scizor|move: Sticky Web
|-unboost|p1a: Scizor|spe|1
|-damage|p1a: Scizor|88/100|[from] Stealth Rock
|turn|14
|inactive|suaiaj has 120 seconds left.
|inactive|pokislayer has 90 seconds left.
|
|t:|1759036490
|move|p2a: Greninja|Hydro Pump|p1a: Scizor
|-damage|p1a: Scizor|0 fnt
|faint|p1a: Scizor
|-damage|p2a: Greninja|61/100|[from] item: Life Orb
|
|upkeep
|inactive|suaiaj has 120 seconds left.
|
|t:|1759036496
|switch|p1a: Kingambit|Kingambit, F|100/100
|-activate|p1a: Kingambit|move: Sticky Web
|-unboost|p1a: Kingambit|spe|1
|-ability|p1a: Kingambit|Defiant|boost
|-boost|p1a: Kingambit|atk|2
|-damage|p1a: Kingambit|94/100|[from] Stealth Rock
|turn|15
|
|t:|1759036508
|move|p2a: Greninja|Water Shuriken|p1a: Kingambit
|-damage|p1a: Kingambit|76/100
|-damage|p1a: Kingambit|61/100
|-damage|p1a: Kingambit|46/100
|-hitcount|p1a: Kingambit|3
|-damage|p2a: Greninja|51/100|[from] item: Life Orb
|move|p1a: Kingambit|Sucker Punch||[still]
|-fail|p1a: Kingambit
|
|upkeep
|turn|16
|-message|suaiaj forfeited.
|
|win|pokislayer
|raw|suaiaj's rating: 1310 &rarr; <strong>1289</strong><br />(-21 for losing)
|raw|pokislayer's rating: 1285 &rarr; <strong>1312</strong><br />(+27 for winning)
|l|☆suaiaj
|player|p1|
|l|☆pokislayer
|player|p2|
|j|☆pokislayer
|player|p2|pokislayer|wallace-masters|
|l|☆pokislayer
|player|p2|
