|j|☆abbyboob
|j|☆Rigid123456
|t:|1758975748
|gametype|singles
|player|p1|abbyboob|ariana|1327
|player|p2|Rigid123456|red|1350
|gen|9
|tier|[Gen 9] OU
|rated|
|rule|HP Percentage Mod: HP is shown in percentages
|rule|Endless Battle Clause: Forcing endless battles is banned
|rule|Species Clause: Limit one of each Pokémon
|rule|OHKO Clause: OHKO moves are banned
|rule|Evasion Items Clause: Evasion items are banned
|rule|Evasion Moves Clause: Evasion moves are banned
|rule|Evasion Abilities Clause: Evasion abilities are banned
|rule|Sleep Moves Clause: Sleep-inducing moves are banned
|clearpoke
|poke|p1|Hoopa-Unbound|
|poke|p1|Iron Treads|
|poke|p1|Alomomola, F|
|poke|p1|Zamazenta-*|
|poke|p1|Iron Valiant|
|poke|p1|Dragonite, F|
|poke|p2|Blaziken, M|
|poke|p2|Corviknight, M|
|poke|p2|Rillaboom, M|
|poke|p2|Porygon-Z|
|poke|p2|Gliscor, M|
|poke|p2|Clefable, F|
|teampreview
|inactive|Battle timer is ON: inactive players will automatically lose when time's up. (requested by abbyboob)
|inactive|Rigid123456 has 120 seconds left.
|
|t:|1758975779
|teamsize|p1|6
|teamsize|p2|6
|start
|switch|p1a: Alomomola|Alomomola, F|100/100
|switch|p2a: Gliscor|Gliscor, M|100/100
|turn|1
|
|t:|1758975787
|move|p2a: Gliscor|Protect|p2a: Gliscor
|-singleturn|p2a: Gliscor|Protect
|move|p1a: Alomomola|Scald|p2a: Gliscor
|-activate|p2a: Gliscor|move: Protect
|
|-status|p2a: Gliscor|tox|[from] item: Toxic Orb
|upkeep
|turn|2
|
|t:|1758975794
|switch|p2a: Porygon-Z|Porygon-Z|100/100
|move|p1a: Alomomola|Flip Turn|p2a: Porygon-Z
|-damage|p2a: Porygon-Z|74/100
|
|t:|1758975798
|switch|p1a: Hoopa|Hoopa-Unbound|100/100|[from] Flip Turn
|
|upkeep
|turn|3
|
|t:|1758975804
|move|p2a: Porygon-Z|Tri Attack|p1a: Hoopa
|-damage|p1a: Hoopa|60/100
|-status|p1a: Hoopa|par
|cant|p1a: Hoopa|par
|
|upkeep
|turn|4
|
|t:|1758975819
|switch|p2a: Clefable|Clefable, F|100/100
|cant|p1a: Hoopa|par
|
|upkeep
|turn|5
|
|t:|1758975832
|move|p2a: Clefable|Wish|p2a: Clefable
|move|p1a: Hoopa|Gunk Shot|p2a: Clefable
|-supereffective|p2a: Clefable
|-damage|p2a: Clefable|30/100
|
|-heal|p2a: Clefable|36/100|[from] item: Leftovers
|upkeep
|turn|6
|
|t:|1758975839
|-terastallize|p2a: Clefable|Steel
|move|p2a: Clefable|Moonblast|p1a: Hoopa
|-supereffective|p1a: Hoopa
|-damage|p1a: Hoopa|26/100 par
|move|p1a: Hoopa|Psychic Noise|p2a: Clefable
|-resisted|p2a: Clefable
|-damage|p2a: Clefable|15/100
|-start|p2a: Clefable|move: Heal Block
|
|upkeep
|turn|7
|
|t:|1758975857
|switch|p2a: Gliscor|Gliscor, M|100/100 tox
|switch|p1a: Iron Treads|Iron Treads|100/100
|
|upkeep
|turn|8
|
|t:|1758975869
|move|p1a: Iron Treads|Ice Spinner|p2a: Gliscor
|-supereffective|p2a: Gliscor
|-damage|p2a: Gliscor|13/100 tox
|move|p2a: Gliscor|Earthquake|p1a: Iron Treads
|-supereffective|p1a: Iron Treads
|-damage|p1a: Iron Treads|10/100
|
|-heal|p1a: Iron Treads|16/100|[from] item: Leftovers
|-heal|p2a: Gliscor|26/100 tox|[from] ability: Poison Heal
|upkeep
|turn|9
|
|t:|1758975875
|move|p2a: Gliscor|Protect|p2a: Gliscor
|-singleturn|p2a: Gliscor|Protect
|move|p1a: Iron Treads|Stealth Rock|p2a: Gliscor
|-sidestart|p2: Rigid123456|move: Stealth Rock
|
|-heal|p1a: Iron Treads|23/100|[from] item: Leftovers
|-heal|p2a: Gliscor|38/100 tox|[from] ability: Poison Heal
|upkeep
|turn|10
|
|t:|1758975884
|switch|p2a: Corviknight|Corviknight, M|100/100
|-damage|p2a: Corviknight|88/100|[from] Stealth Rock
|move|p1a: Iron Treads|Ice Spinner|p2a: Corviknight
|-damage|p2a: Corviknight|69/100
|-damage|p1a: Iron Treads|6/100|[from] item: Rocky Helmet|[of] p2a: Corviknight
|
|-heal|p1a: Iron Treads|12/100|[from] item: Leftovers
|upkeep
|turn|11
|
|t:|1758975897
|-end|p1a: Iron Treads|Quark Drive|[silent]
|switch|p1a: Alomomola|Alomomola, F|100/100
|move|p2a: Corviknight|Defog|p1a: Alomomola
|-unboost|p1a: Alomomola|evasion|1
|-sideend|p2: Rigid123456|Stealth Rock|[from] move: Defog|[of] p2a: Corviknight
|
|upkeep
|turn|12
|
|t:|1758975914
|move|p2a: Corviknight|Brave Bird|p1a: Alomomola
|-damage|p1a: Alomomola|80/100
|-damage|p2a: Corviknight|52/100|[from] item: Rocky Helmet|[of] p1a: Alomomola
|-damage|p2a: Corviknight|43/100|[from] Recoil
|move|p1a: Alomomola|Wish|p1a: Alomomola
|
|upkeep
|turn|13
|
|t:|1758975926
|move|p2a: Corviknight|Body Press|p1a: Alomomola
|-damage|p1a: Alomomola|68/100
|-damage|p2a: Corviknight|26/100|[from] item: Rocky Helmet|[of] p1a: Alomomola
|move|p1a: Alomomola|Flip Turn|p2a: Corviknight
|-damage|p2a: Corviknight|13/100
|-damage|p1a: Alomomola|52/100|[from] item: Rocky Helmet|[of] p2a: Corviknight
|
|t:|1758975932
|switch|p1a: Hoopa|Hoopa-Unbound|26/100 par|[from] Flip Turn
|
|-heal|p1a: Hoopa|99/100 par|[from] move: Wish|[wisher] Alomomola
|upkeep
|turn|14
|
|t:|1758975940
|switch|p1a: Alomomola|Alomomola, F|85/100
|move|p2a: Corviknight|Roost|p2a: Corviknight
|-heal|p2a: Corviknight|63/100
|-singleturn|p2a: Corviknight|move: Roost
|
|upkeep
|turn|15
|
|t:|1758975948
|switch|p2a: Rillaboom|Rillaboom, M|100/100
|-fieldstart|move: Grassy Terrain|[from] ability: Grassy Surge|[of] p2a: Rillaboom
|move|p1a: Alomomola|Wish|p1a: Alomomola
|
|-heal|p1a: Alomomola|91/100|[from] Grassy Terrain
|upkeep
|turn|16
|
|t:|1758975953
|move|p2a: Rillaboom|Wood Hammer|p1a: Alomomola
|-supereffective|p1a: Alomomola
|-damage|p1a: Alomomola|0 fnt
|-damage|p2a: Rillaboom|84/100|[from] item: Rocky Helmet|[of] p1a: Alomomola
|faint|p1a: Alomomola
|-damage|p2a: Rillaboom|37/100|[from] Recoil
|
|-heal|p2a: Rillaboom|43/100|[from] Grassy Terrain
|upkeep
|
|t:|1758975955
|switch|p1a: Iron Treads|Iron Treads|12/100
|turn|17
|
|t:|1758975963
|-end|p1a: Iron Treads|Quark Drive|[silent]
|switch|p1a: Zamazenta|Zamazenta|100/100
|-ability|p1a: Zamazenta|Dauntless Shield|boost
|-boost|p1a: Zamazenta|def|1
|move|p2a: Rillaboom|Wood Hammer|p1a: Zamazenta
|-crit|p1a: Zamazenta
|-damage|p1a: Zamazenta|0 fnt
|faint|p1a: Zamazenta
|-damage|p2a: Rillaboom|6/100|[from] Recoil
|
|-heal|p2a: Rillaboom|12/100|[from] Grassy Terrain
|upkeep
|-message|abbyboob forfeited.
|
|win|Rigid123456
|raw|abbyboob's rating: 1327 &rarr; <strong>1308</strong><br />(-19 for losing)
|raw|Rigid123456's rating: 1350 &rarr; <strong>1369</strong><br />(+19 for winning)
|l|☆abbyboob
|player|p1|
|l|☆Rigid123456
|player|p2|
