|j|☆Musuko_Collect
|j|☆Battousai9419
|t:|1759007279
|gametype|singles
|player|p1|Musuko_Collect|1|1089
|player|p2|Battousai9419|sage|1088
|gen|9
|tier|[Gen 9] OU
|rated|
|rule|HP Percentage Mod: HP is shown in percentages
|rule|Endless Battle Clause: Forcing endless battles is banned
|rule|Species Clause: Limit one of each Pokémon
|rule|OHKO Clause: OHKO moves are banned
|rule|Evasion Items Clause: Evasion items are banned
|rule|Evasion Moves Clause: Evasion moves are banned
|rule|Evasion Abilities Clause: Evasion abilities are banned
|rule|Sleep Moves Clause: Sleep-inducing moves are banned
|clearpoke
|poke|p1|Hatterene, F|
|poke|p1|Iron Moth|
|poke|p1|Cinderace, F|
|poke|p1|Kingambit, M|
|poke|p1|Ting-Lu|
|poke|p1|Primarina, M|
|poke|p2|Luvdisc, F|
|poke|p2|Kilowattrel, M|
|poke|p2|Grimmsnarl, M|
|poke|p2|Pelipper, M|
|poke|p2|Forretress, M|
|poke|p2|Dragalge, M|
|teampreview
|inactive|Battle timer is ON: inactive players will automatically lose when time's up. (requested by Battousai9419)
|
|t:|1759007302
|teamsize|p1|6
|teamsize|p2|6
|start
|switch|p1a: Big Russ|Cinderace, F|100/100
|switch|p2a: Forretress|Forretress, M|100/100
|turn|1
|
|t:|1759007315
|switch|p2a: Pelipper|Pelipper, M|100/100
|-weather|RainDance|[from] ability: Drizzle|[of] p2a: Pelipper
|move|p1a: Big Russ|Pyro Ball|p2a: Pelipper
|-resisted|p2a: Pelipper
|-damage|p2a: Pelipper|84/100
|
|-weather|RainDance|[upkeep]
|upkeep
|turn|2
|
|t:|1759007329
|move|p1a: Big Russ|Trailblaze|p2a: Pelipper
|-start|p1a: Big Russ|typechange|Grass|[from] ability: Libero
|-damage|p2a: Pelipper|58/100
|-boost|p1a: Big Russ|spe|1
|move|p2a: Pelipper|Knock Off|p1a: Big Russ
|-damage|p1a: Big Russ|85/100
|-enditem|p1a: Big Russ|Sitrus Berry|[from] move: Knock Off|[of] p2a: Pelipper
|
|-weather|RainDance|[upkeep]
|upkeep
|turn|3
|
|t:|1759007341
|move|p1a: Big Russ|Trailblaze|p2a: Pelipper
|-damage|p2a: Pelipper|30/100
|-boost|p1a: Big Russ|spe|1
|move|p2a: Pelipper|Hurricane|p1a: Big Russ
|-supereffective|p1a: Big Russ
|-damage|p1a: Big Russ|0 fnt
|faint|p1a: Big Russ
|
|-weather|RainDance|[upkeep]
|upkeep
|
|t:|1759007355
|switch|p1a: Mothic Women Rule|Iron Moth, shiny|100/100
|-enditem|p1a: Mothic Women Rule|Booster Energy
|-activate|p1a: Mothic Women Rule|ability: Quark Drive|[fromitem]
|-start|p1a: Mothic Women Rule|quarkdrivespa
|turn|4
|
|t:|1759007367
|switch|p2a: Dragalge|Dragalge, M|100/100
|-terastallize|p1a: Mothic Women Rule|Grass
|move|p1a: Mothic Women Rule|Energy Ball|p2a: Dragalge
|-resisted|p2a: Dragalge
|-damage|p2a: Dragalge|91/100
|
|-weather|RainDance|[upkeep]
|upkeep
|turn|5
|
|t:|1759007384
|-end|p1a: Mothic Women Rule|Quark Drive|[silent]
|switch|p1a: Ubisoft|Primarina, M|100/100
|move|p2a: Dragalge|Sludge Bomb|p1a: Ubisoft
|-supereffective|p1a: Ubisoft
|-damage|p1a: Ubisoft|11/100
|
|-weather|RainDance|[upkeep]
|upkeep
|turn|6
|
|t:|1759007403
|move|p1a: Ubisoft|Surf|p2a: Dragalge
|-resisted|p2a: Dragalge
|-damage|p2a: Dragalge|42/100
|move|p2a: Dragalge|Sludge Bomb|p1a: Ubisoft
|-supereffective|p1a: Ubisoft
|-damage|p1a: Ubisoft|0 fnt
|faint|p1a: Ubisoft
|
|-weather|RainDance|[upkeep]
|upkeep
|
|t:|1759007414
|switch|p1a: Washed|Hatterene, F, shiny|100/100
|turn|7
|
|t:|1759007419
|move|p2a: Dragalge|Sludge Bomb|p1a: Washed
|-supereffective|p1a: Washed
|-damage|p1a: Washed|0 fnt
|faint|p1a: Washed
|
|-weather|RainDance|[upkeep]
|upkeep
|
|t:|1759007427
|switch|p1a: Bowl|Ting-Lu, shiny|100/100
|-ability|p1a: Bowl|Vessel of Ruin
|turn|8
|
|t:|1759007434
|move|p1a: Bowl|Earthquake|p2a: Dragalge
|-supereffective|p2a: Dragalge
|-damage|p2a: Dragalge|0 fnt
|faint|p2a: Dragalge
|
|-weather|none
|upkeep
|
|t:|1759007442
|switch|p2a: Luvdisc|Luvdisc, F|100/100
|turn|9
|
|t:|1759007453
|move|p2a: Luvdisc|Charm|p1a: Bowl
|-unboost|p1a: Bowl|atk|2
|move|p1a: Bowl|Throat Chop|p2a: Luvdisc
|-damage|p2a: Luvdisc|63/100
|-start|p2a: Luvdisc|Throat Chop|[silent]
|
|-heal|p2a: Luvdisc|69/100|[from] item: Leftovers
|upkeep
|turn|10
|
|t:|1759007465
|switch|p1a: Mothic Women Rule|Iron Moth, shiny, tera:Grass|100/100
|move|p2a: Luvdisc|Whirlpool|p1a: Mothic Women Rule
|-resisted|p1a: Mothic Women Rule
|-damage|p1a: Mothic Women Rule|98/100
|-activate|p1a: Mothic Women Rule|move: Whirlpool|[of] p2a: Luvdisc
|
|-heal|p2a: Luvdisc|76/100|[from] item: Leftovers
|-damage|p1a: Mothic Women Rule|86/100|[from] move: Whirlpool|[partiallytrapped]
|-end|p2a: Luvdisc|Throat Chop|[silent]
|upkeep
|turn|11
|
|t:|1759007478
|move|p2a: Luvdisc|Protect|p2a: Luvdisc
|-singleturn|p2a: Luvdisc|Protect
|move|p1a: Mothic Women Rule|Energy Ball|p2a: Luvdisc
|-activate|p2a: Luvdisc|move: Protect
|
|-heal|p2a: Luvdisc|82/100|[from] item: Leftovers
|-damage|p1a: Mothic Women Rule|73/100|[from] move: Whirlpool|[partiallytrapped]
|upkeep
|turn|12
|
|t:|1759007498
|switch|p2a: Pelipper|Pelipper, M|30/100
|-weather|RainDance|[from] ability: Drizzle|[of] p2a: Pelipper
|move|p1a: Mothic Women Rule|Energy Ball|p2a: Pelipper
|-damage|p2a: Pelipper|0 fnt
|faint|p2a: Pelipper
|
|-weather|RainDance|[upkeep]
|-end|p1a: Mothic Women Rule|Whirlpool|[partiallytrapped]|[silent]
|upkeep
|
|t:|1759007514
|switch|p2a: Kilowattrel|Kilowattrel, M|100/100
|turn|13
|
|t:|1759007522
|move|p2a: Kilowattrel|Hurricane|p1a: Mothic Women Rule
|-supereffective|p1a: Mothic Women Rule
|-damage|p1a: Mothic Women Rule|0 fnt
|faint|p1a: Mothic Women Rule
|-end|p1a: Mothic Women Rule|Quark Drive|[silent]
|
|-weather|RainDance|[upkeep]
|upkeep
|
|t:|1759007530
|switch|p1a: Final Hope|Kingambit, M, shiny|100/100
|-activate|p1a: Final Hope|ability: Supreme Overlord
|-start|p1a: Final Hope|fallen4|[silent]
|turn|14
|
|t:|1759007539
|switch|p2a: Forretress|Forretress, M|100/100
|move|p1a: Final Hope|Kowtow Cleave|p2a: Forretress
|-damage|p2a: Forretress|43/100
|-damage|p1a: Final Hope|84/100|[from] item: Rocky Helmet|[of] p2a: Forretress
|-damage|p1a: Final Hope|74/100|[from] item: Life Orb
|
|-weather|RainDance|[upkeep]
|upkeep
|turn|15
|
|t:|1759007559
|move|p1a: Final Hope|Kowtow Cleave|p2a: Forretress
|-damage|p2a: Forretress|0 fnt
|-damage|p1a: Final Hope|57/100|[from] item: Rocky Helmet|[of] p2a: Forretress
|faint|p2a: Forretress
|-damage|p1a: Final Hope|47/100|[from] item: Life Orb
|
|-weather|RainDance|[upkeep]
|upkeep
|inactive|Battousai9419 has 120 seconds left.
|
|t:|1759007579
|switch|p2a: Grimmsnarl|Grimmsnarl, M|100/100
|turn|16
|
|t:|1759007585
|move|p2a: Grimmsnarl|Reflect|p2a: Grimmsnarl
|-sidestart|p2: Battousai9419|Reflect
|move|p1a: Final Hope|Poison Jab|p2a: Grimmsnarl
|-supereffective|p2a: Grimmsnarl
|-damage|p2a: Grimmsnarl|30/100
|-status|p2a: Grimmsnarl|psn
|-damage|p1a: Final Hope|37/100|[from] item: Life Orb
|
|-weather|RainDance|[upkeep]
|-damage|p2a: Grimmsnarl|18/100 psn|[from] psn
|upkeep
|turn|17
|
|t:|1759007596
|-end|p1a: Final Hope|fallen4|[silent]
|switch|p1a: Bowl|Ting-Lu, shiny|100/100
|-ability|p1a: Bowl|Vessel of Ruin
|move|p2a: Grimmsnarl|Spirit Break|p1a: Bowl
|-supereffective|p1a: Bowl
|-damage|p1a: Bowl|62/100
|-unboost|p1a: Bowl|spa|1
|
|-weather|RainDance|[upkeep]
|-damage|p2a: Grimmsnarl|5/100 psn|[from] psn
|upkeep
|turn|18
|
|t:|1759007611
|move|p2a: Grimmsnarl|Spirit Break|p1a: Bowl
|-supereffective|p1a: Bowl
|-damage|p1a: Bowl|23/100
|-unboost|p1a: Bowl|spa|1
|move|p1a: Bowl|Rock Slide|p2a: Grimmsnarl
|-damage|p2a: Grimmsnarl|0 fnt
|faint|p2a: Grimmsnarl
|
|-weather|RainDance|[upkeep]
|upkeep
|inactive|Battousai9419 has 120 seconds left.
|
|t:|1759007622
|switch|p2a: Luvdisc|Luvdisc, F|82/100
|turn|19
|
|t:|1759007627
|move|p2a: Luvdisc|Charm|p1a: Bowl
|-unboost|p1a: Bowl|atk|2
|move|p1a: Bowl|Heavy Slam|p2a: Luvdisc
|-resisted|p2a: Luvdisc
|-damage|p2a: Luvdisc|74/100
|
|-weather|none
|-heal|p2a: Luvdisc|80/100|[from] item: Leftovers
|upkeep
|turn|20
|
|t:|1759007638
|switch|p1a: Final Hope|Kingambit, M, shiny|37/100
|-activate|p1a: Final Hope|ability: Supreme Overlord
|-start|p1a: Final Hope|fallen4|[silent]
|move|p2a: Luvdisc|Whirlpool|p1a: Final Hope|[miss]
|-miss|p2a: Luvdisc|p1a: Final Hope
|
|-heal|p2a: Luvdisc|86/100|[from] item: Leftovers
|upkeep
|turn|21
|
|t:|1759007650
|move|p2a: Luvdisc|Whirlpool|p1a: Final Hope
|-damage|p1a: Final Hope|31/100
|-activate|p1a: Final Hope|move: Whirlpool|[of] p2a: Luvdisc
|move|p1a: Final Hope|Kowtow Cleave|p2a: Luvdisc
|-damage|p2a: Luvdisc|4/100
|-damage|p1a: Final Hope|21/100|[from] item: Life Orb
|
|-heal|p2a: Luvdisc|10/100|[from] item: Leftovers
|-damage|p1a: Final Hope|9/100|[from] move: Whirlpool|[partiallytrapped]
|upkeep
|turn|22
|
|t:|1759007664
|move|p2a: Luvdisc|Protect|p2a: Luvdisc
|-singleturn|p2a: Luvdisc|Protect
|move|p1a: Final Hope|Poison Jab|p2a: Luvdisc
|-activate|p2a: Luvdisc|move: Protect
|
|-heal|p2a: Luvdisc|17/100|[from] item: Leftovers
|-damage|p1a: Final Hope|0 fnt|[from] move: Whirlpool|[partiallytrapped]
|faint|p1a: Final Hope
|-end|p1a: Final Hope|fallen4|[silent]
|upkeep
|
|t:|1759007674
|switch|p1a: Bowl|Ting-Lu, shiny|23/100
|-ability|p1a: Bowl|Vessel of Ruin
|turn|23
|
|t:|1759007687
|move|p2a: Luvdisc|Charm|p1a: Bowl
|-unboost|p1a: Bowl|atk|2
|move|p1a: Bowl|Throat Chop|p2a: Luvdisc
|-damage|p2a: Luvdisc|0 fnt
|faint|p2a: Luvdisc
|
|-sideend|p2: Battousai9419|Reflect
|upkeep
|
|t:|1759007696
|switch|p2a: Kilowattrel|Kilowattrel, M|100/100
|turn|24
|
|t:|1759007699
|move|p2a: Kilowattrel|Hyper Beam|p1a: Bowl
|-damage|p1a: Bowl|4/100
|-mustrecharge|p2a: Kilowattrel
|move|p1a: Bowl|Rock Slide|p2a: Kilowattrel|[miss]
|-miss|p1a: Bowl|p2a: Kilowattrel
|
|upkeep
|turn|25
|
|t:|1759007706
|cant|p2a: Kilowattrel|recharge
|move|p1a: Bowl|Rock Slide|p2a: Kilowattrel
|-supereffective|p2a: Kilowattrel
|-damage|p2a: Kilowattrel|57/100
|
|upkeep
|turn|26
|
|t:|1759007714
|move|p2a: Kilowattrel|Hyper Beam|p1a: Bowl
|-damage|p1a: Bowl|0 fnt
|-mustrecharge|p2a: Kilowattrel
|faint|p1a: Bowl
|
|win|Battousai9419
|raw|Musuko_Collect's rating: 1089 &rarr; <strong>1066</strong><br />(-23 for losing)
|raw|Battousai9419's rating: 1088 &rarr; <strong>1115</strong><br />(+27 for winning)
|l|☆Musuko_Collect
|player|p1|
|l|☆Battousai9419
|player|p2|
