|j|☆pikachu12200
|j|☆JPodojo
|t:|1758922275
|gametype|singles
|player|p1|pikachu12200|gentleman-gen4dp|1181
|player|p2|JPodojo|169|1167
|gen|9
|tier|[Gen 9] OU
|rated|
|rule|HP Percentage Mod: HP is shown in percentages
|rule|Endless Battle Clause: Forcing endless battles is banned
|rule|Species Clause: Limit one of each Pokémon
|rule|OHKO Clause: OHKO moves are banned
|rule|Evasion Items Clause: Evasion items are banned
|rule|Evasion Moves Clause: Evasion moves are banned
|rule|Evasion Abilities Clause: Evasion abilities are banned
|rule|Sleep Moves Clause: Sleep-inducing moves are banned
|clearpoke
|poke|p1|Dragonite, F|
|poke|p1|Gholdengo|
|poke|p1|Gliscor, F|
|poke|p1|Garganacl, M|
|poke|p1|Ogerpon-Wellspring, F|
|poke|p1|Cinderace, M|
|poke|p2|Dragapult, F|
|poke|p2|Moltres|
|poke|p2|Ogerpon-Wellspring, F|
|poke|p2|Alomomola, F|
|poke|p2|Kingambit, F|
|poke|p2|Great Tusk|
|teampreview
|inactive|Battle timer is ON: inactive players will automatically lose when time's up. (requested by pikachu12200)
|
|t:|1758922289
|teamsize|p1|6
|teamsize|p2|6
|start
|switch|p1a: Garganacl|Garganacl, M, shiny|100/100
|switch|p2a: Ogerpon|Ogerpon-Wellspring, F|100/100
|turn|1
|
|t:|1758922300
|-terastallize|p1a: Garganacl|Steel
|move|p2a: Ogerpon|Ivy Cudgel|p1a: Garganacl|[anim] Ivy Cudgel Water
|-crit|p1a: Garganacl
|-damage|p1a: Garganacl|46/100
|move|p1a: Garganacl|Salt Cure|p2a: Ogerpon
|-crit|p2a: Ogerpon
|-damage|p2a: Ogerpon|72/100
|-start|p2a: Ogerpon|Salt Cure
|
|-damage|p2a: Ogerpon|47/100|[from] Salt Cure
|upkeep
|turn|2
|
|t:|1758922314
|switch|p2a: Alomomola|Alomomola, F|100/100
|switch|p1a: Ogerpon|Ogerpon-Wellspring, F|100/100
|
|upkeep
|turn|3
|
|t:|1758922322
|move|p1a: Ogerpon|Play Rough|p2a: Alomomola
|-damage|p2a: Alomomola|78/100
|move|p2a: Alomomola|Body Slam|p1a: Ogerpon
|-damage|p1a: Ogerpon|81/100
|
|upkeep
|turn|4
|
|t:|1758922332
|move|p1a: Ogerpon|Encore|p2a: Alomomola
|-start|p2a: Alomomola|Encore
|move|p2a: Alomomola|Body Slam|p1a: Ogerpon
|-damage|p1a: Ogerpon|61/100
|
|upkeep
|turn|5
|
|t:|1758922337
|switch|p1a: Garganacl|Garganacl, M, shiny, tera:Steel|46/100
|move|p2a: Alomomola|Body Slam|p1a: Garganacl
|-resisted|p1a: Garganacl
|-damage|p1a: Garganacl|41/100
|-damage|p2a: Alomomola|62/100|[from] item: Rocky Helmet|[of] p1a: Garganacl
|
|upkeep
|turn|6
|inactive|pikachu12200 has 120 seconds left.
|
|t:|1758922393
|switch|p2a: Moltres|Moltres|100/100
|move|p1a: Garganacl|Recover|p1a: Garganacl
|-heal|p1a: Garganacl|91/100
|
|upkeep
|turn|7
|
|t:|1758922400
|switch|p1a: Cinderace|Cinderace, M|100/100
|move|p2a: Moltres|Will-O-Wisp|p1a: Cinderace
|-immune|p1a: Cinderace
|
|upkeep
|turn|8
|
|t:|1758922410
|move|p1a: Cinderace|Pyro Ball|p2a: Moltres
|-resisted|p2a: Moltres
|-damage|p2a: Moltres|78/100
|move|p2a: Moltres|Roar|p1a: Cinderace
|drag|p1a: Gliscor|Gliscor, F, shiny|100/100
|
|-status|p1a: Gliscor|tox|[from] item: Toxic Orb
|upkeep
|turn|9
|
|t:|1758922422
|switch|p2a: Great Tusk|Great Tusk|100/100
|move|p1a: Gliscor|Knock Off|p2a: Great Tusk
|-resisted|p2a: Great Tusk
|-damage|p2a: Great Tusk|93/100
|-damage|p1a: Gliscor|84/100 tox|[from] item: Rocky Helmet|[of] p2a: Great Tusk
|-enditem|p2a: Great Tusk|Rocky Helmet|[from] move: Knock Off|[of] p1a: Gliscor
|
|-heal|p1a: Gliscor|96/100 tox|[from] ability: Poison Heal
|upkeep
|turn|10
|
|t:|1758922444
|move|p1a: Gliscor|Protect|p1a: Gliscor
|-singleturn|p1a: Gliscor|Protect
|move|p2a: Great Tusk|Stealth Rock|p1a: Gliscor
|-sidestart|p1: pikachu12200|move: Stealth Rock
|
|-heal|p1a: Gliscor|100/100 tox|[from] ability: Poison Heal
|upkeep
|turn|11
|
|t:|1758922458
|move|p1a: Gliscor|Protect||[still]
|-fail|p1a: Gliscor
|move|p2a: Great Tusk|Ice Spinner|p1a: Gliscor
|-supereffective|p1a: Gliscor
|-damage|p1a: Gliscor|7/100 tox
|
|-heal|p1a: Gliscor|19/100 tox|[from] ability: Poison Heal
|upkeep
|turn|12
|
|t:|1758922467
|move|p1a: Gliscor|Protect|p1a: Gliscor
|-singleturn|p1a: Gliscor|Protect
|move|p2a: Great Tusk|Ice Spinner|p1a: Gliscor
|-activate|p1a: Gliscor|move: Protect
|
|-heal|p1a: Gliscor|32/100 tox|[from] ability: Poison Heal
|upkeep
|turn|13
|
|t:|1758922476
|switch|p1a: Cinderace|Cinderace, M|100/100
|move|p2a: Great Tusk|Ice Spinner|p1a: Cinderace
|-resisted|p1a: Cinderace
|-damage|p1a: Cinderace|83/100
|
|upkeep
|turn|14
|
|t:|1758922486
|switch|p1a: Gliscor|Gliscor, F, shiny|32/100 tox
|-damage|p1a: Gliscor|19/100 tox|[from] Stealth Rock
|move|p2a: Great Tusk|Headlong Rush|p1a: Gliscor
|-immune|p1a: Gliscor
|
|-heal|p1a: Gliscor|32/100 tox|[from] ability: Poison Heal
|upkeep
|turn|15
|
|t:|1758922496
|move|p1a: Gliscor|Protect|p1a: Gliscor
|-singleturn|p1a: Gliscor|Protect
|move|p2a: Great Tusk|Ice Spinner|p1a: Gliscor
|-activate|p1a: Gliscor|move: Protect
|
|-heal|p1a: Gliscor|44/100 tox|[from] ability: Poison Heal
|upkeep
|turn|16
|
|t:|1758922505
|switch|p1a: Gholdengo|Gholdengo, shiny|100/100
|-damage|p1a: Gholdengo|94/100|[from] Stealth Rock
|-item|p1a: Gholdengo|Air Balloon
|move|p2a: Great Tusk|Ice Spinner|p1a: Gholdengo
|-resisted|p1a: Gholdengo
|-damage|p1a: Gholdengo|81/100
|-enditem|p1a: Gholdengo|Air Balloon
|
|upkeep
|turn|17
|inactive|pikachu12200 has 120 seconds left.
|
|t:|1758922527
|move|p2a: Great Tusk|Ice Spinner|p1a: Gholdengo
|-resisted|p1a: Gholdengo
|-damage|p1a: Gholdengo|69/100
|move|p1a: Gholdengo|Make It Rain|p2a: Great Tusk
|-damage|p2a: Great Tusk|6/100
|-unboost|p1a: Gholdengo|spa|1
|
|upkeep
|turn|18
|
|t:|1758922537
|switch|p1a: Gliscor|Gliscor, F, shiny|44/100 tox
|-damage|p1a: Gliscor|32/100 tox|[from] Stealth Rock
|move|p2a: Great Tusk|Headlong Rush|p1a: Gliscor
|-immune|p1a: Gliscor
|
|-heal|p1a: Gliscor|44/100 tox|[from] ability: Poison Heal
|upkeep
|turn|19
|
|t:|1758922548
|move|p1a: Gliscor|Protect|p1a: Gliscor
|-singleturn|p1a: Gliscor|Protect
|move|p2a: Great Tusk|Ice Spinner|p1a: Gliscor
|-activate|p1a: Gliscor|move: Protect
|
|-heal|p1a: Gliscor|57/100 tox|[from] ability: Poison Heal
|upkeep
|turn|20
|
|t:|1758922558
|switch|p1a: Garganacl|Garganacl, M, shiny, tera:Steel|91/100
|-damage|p1a: Garganacl|84/100|[from] Stealth Rock
|move|p2a: Great Tusk|Ice Spinner|p1a: Garganacl
|-resisted|p1a: Garganacl
|-damage|p1a: Garganacl|77/100
|-damage|p2a: Great Tusk|0 fnt|[from] item: Rocky Helmet|[of] p1a: Garganacl
|faint|p2a: Great Tusk
|-end|p2a: Great Tusk|Protosynthesis|[silent]
|
|upkeep
|
|t:|1758922571
|switch|p2a: Ogerpon|Ogerpon-Wellspring, F|47/100
|turn|21
|inactive|pikachu12200 has 120 seconds left.
|
|t:|1758922586
|move|p2a: Ogerpon|Ivy Cudgel|p1a: Garganacl|[anim] Ivy Cudgel Water
|-damage|p1a: Garganacl|40/100
|move|p1a: Garganacl|Recover|p1a: Garganacl
|-heal|p1a: Garganacl|90/100
|
|upkeep
|turn|22
|inactive|pikachu12200 has 120 seconds left.
|
|t:|1758922593
|move|p2a: Ogerpon|Knock Off|p1a: Garganacl
|-damage|p1a: Garganacl|65/100
|-damage|p2a: Ogerpon|30/100|[from] item: Rocky Helmet|[of] p1a: Garganacl
|-enditem|p1a: Garganacl|Rocky Helmet|[from] move: Knock Off|[of] p2a: Ogerpon
|move|p1a: Garganacl|Salt Cure|p2a: Ogerpon
|-damage|p2a: Ogerpon|10/100
|-start|p2a: Ogerpon|Salt Cure
|
|-damage|p2a: Ogerpon|0 fnt|[from] Salt Cure
|faint|p2a: Ogerpon
|upkeep
|
|t:|1758922605
|switch|p2a: Moltres|Moltres|78/100
|turn|23
|
|t:|1758922612
|move|p2a: Moltres|Flamethrower|p1a: Garganacl
|-supereffective|p1a: Garganacl
|-damage|p1a: Garganacl|13/100
|move|p1a: Garganacl|Recover|p1a: Garganacl
|-heal|p1a: Garganacl|63/100
|
|upkeep
|turn|24
|
|t:|1758922627
|move|p2a: Moltres|Flamethrower|p1a: Garganacl
|-supereffective|p1a: Garganacl
|-damage|p1a: Garganacl|16/100
|move|p1a: Garganacl|Salt Cure|p2a: Moltres
|-supereffective|p2a: Moltres
|-damage|p2a: Moltres|33/100
|-start|p2a: Moltres|Salt Cure
|
|-damage|p2a: Moltres|21/100|[from] Salt Cure
|upkeep
|turn|25
|
|t:|1758922639
|move|p2a: Moltres|Roost|p2a: Moltres
|-heal|p2a: Moltres|71/100
|-singleturn|p2a: Moltres|move: Roost
|move|p1a: Garganacl|Recover|p1a: Garganacl
|-heal|p1a: Garganacl|66/100
|
|-damage|p2a: Moltres|59/100|[from] Salt Cure
|upkeep
|turn|26
|
|t:|1758922648
|move|p2a: Moltres|Will-O-Wisp|p1a: Garganacl|[miss]
|-miss|p2a: Moltres|p1a: Garganacl
|move|p1a: Garganacl|Recover|p1a: Garganacl
|-heal|p1a: Garganacl|100/100
|
|-damage|p2a: Moltres|46/100|[from] Salt Cure
|upkeep
|turn|27
|
|t:|1758922658
|move|p2a: Moltres|Will-O-Wisp|p1a: Garganacl
|-immune|p1a: Garganacl|[from] ability: Purifying Salt
|move|p1a: Garganacl|Salt Cure|p2a: Moltres
|-supereffective|p2a: Moltres
|-damage|p2a: Moltres|0 fnt
|faint|p2a: Moltres
|
|upkeep
|
|t:|1758922666
|switch|p2a: Alomomola|Alomomola, F|95/100
|turn|28
|
|t:|1758922673
|move|p2a: Alomomola|Flip Turn|p1a: Garganacl
|-damage|p1a: Garganacl|88/100
|
|t:|1758922679
|switch|p2a: Kingambit|Kingambit, F|100/100|[from] Flip Turn
|-activate|p2a: Kingambit|ability: Supreme Overlord
|-start|p2a: Kingambit|fallen3|[silent]
|move|p1a: Garganacl|Iron Defense|p1a: Garganacl
|-boost|p1a: Garganacl|def|2
|
|upkeep
|turn|29
|
|t:|1758922688
|move|p2a: Kingambit|Swords Dance|p2a: Kingambit
|-boost|p2a: Kingambit|atk|2
|move|p1a: Garganacl|Iron Defense|p1a: Garganacl
|-boost|p1a: Garganacl|def|2
|
|upkeep
|turn|30
|
|t:|1758922694
|move|p2a: Kingambit|Swords Dance|p2a: Kingambit
|-boost|p2a: Kingambit|atk|2
|move|p1a: Garganacl|Body Press|p2a: Kingambit
|-supereffective|p2a: Kingambit
|-damage|p2a: Kingambit|0 fnt
|faint|p2a: Kingambit
|-end|p2a: Kingambit|fallen3|[silent]
|
|upkeep
|-message|JPodojo forfeited.
|
|win|pikachu12200
|raw|pikachu12200's rating: 1181 &rarr; <strong>1205</strong><br />(+24 for winning)
|raw|JPodojo's rating: 1167 &rarr; <strong>1143</strong><br />(-24 for losing)
|l|☆JPodojo
|player|p2|
