|j|☆Kumiinay
|j|‽Ronin_PKMN
|t:|1758975279
|gametype|singles
|player|p1|Kumiinay|265|1122
|player|p2|Ronin_PKMN|blue|1092
|gen|9
|tier|[Gen 9] OU
|rated|
|rule|HP Percentage Mod: HP is shown in percentages
|rule|Endless Battle Clause: Forcing endless battles is banned
|rule|Species Clause: Limit one of each Pokémon
|rule|OHKO Clause: OHKO moves are banned
|rule|Evasion Items Clause: Evasion items are banned
|rule|Evasion Moves Clause: Evasion moves are banned
|rule|Evasion Abilities Clause: Evasion abilities are banned
|rule|Sleep Moves Clause: Sleep-inducing moves are banned
|clearpoke
|poke|p1|Great Tusk|
|poke|p1|Enamorus, F|
|poke|p1|Alomomola, M|
|poke|p1|Meowscarada, F|
|poke|p1|Landorus-Therian, M|
|poke|p1|Raging Bolt|
|poke|p2|Minior|
|poke|p2|Hatterene, F|
|poke|p2|Dragonite, F|
|poke|p2|Gholdengo|
|poke|p2|Azumarill, M|
|poke|p2|Maushold-Four|
|teampreview
|
|t:|1758975286
|teamsize|p1|6
|teamsize|p2|6
|start
|switch|p1a: Enamorus|Enamorus, F|100/100
|switch|p2a: Azumarill|Azumarill, M|100/100
|turn|1
|inactive|Battle timer is ON: inactive players will automatically lose when time's up. (requested by Ronin_PKMN)
|
|t:|1758975296
|-terastallize|p1a: Enamorus|Fairy
|move|p1a: Enamorus|Moonblast|p2a: Azumarill
|-damage|p2a: Azumarill|0 fnt
|faint|p2a: Azumarill
|
|upkeep
|
|t:|1758975312
|switch|p2a: Maushold|Maushold-Four|100/100
|turn|2
|
|t:|1758975329
|switch|p1a: Landorus|Landorus-Therian, M|100/100
|-ability|p1a: Landorus|Intimidate|boost
|-unboost|p2a: Maushold|atk|1
|move|p2a: Maushold|Tidy Up|p2a: Maushold
|-boost|p2a: Maushold|atk|1
|-boost|p2a: Maushold|spe|1
|
|upkeep
|turn|3
|
|t:|1758975335
|move|p2a: Maushold|Tidy Up|p2a: Maushold
|-boost|p2a: Maushold|atk|1
|-boost|p2a: Maushold|spe|1
|move|p1a: Landorus|Earthquake|p2a: Maushold
|-damage|p2a: Maushold|6/100
|
|upkeep
|turn|4
|
|t:|1758975346
|switch|p1a: Alomomola|Alomomola, M|100/100
|move|p2a: Maushold|Population Bomb|p1a: Alomomola
|-damage|p1a: Alomomola|91/100
|-damage|p1a: Alomomola|82/100
|-damage|p1a: Alomomola|72/100
|-damage|p1a: Alomomola|63/100
|-damage|p1a: Alomomola|54/100
|-damage|p1a: Alomomola|45/100
|-damage|p1a: Alomomola|35/100
|-damage|p1a: Alomomola|26/100
|-damage|p1a: Alomomola|15/100
|-damage|p1a: Alomomola|5/100
|-hitcount|p1a: Alomomola|10
|
|upkeep
|turn|5
|
|t:|1758975356
|move|p2a: Maushold|Population Bomb|p1a: Alomomola
|-damage|p1a: Alomomola|0 fnt
|faint|p1a: Alomomola
|-hitcount|p1: Alomomola|1
|
|upkeep
|
|t:|1758975361
|switch|p1a: Raging Bolt|Raging Bolt|100/100
|-enditem|p1a: Raging Bolt|Booster Energy
|-activate|p1a: Raging Bolt|ability: Protosynthesis|[fromitem]
|-start|p1a: Raging Bolt|protosynthesisspa
|turn|6
|
|t:|1758975367
|move|p1a: Raging Bolt|Thunderclap|p2a: Maushold
|-damage|p2a: Maushold|0 fnt
|faint|p2a: Maushold
|
|upkeep
|
|t:|1758975374
|switch|p2a: Minior|Minior|100/100
|-formechange|p2a: Minior|Minior-Meteor||[from] ability: Shields Down
|turn|7
|
|t:|1758975381
|move|p1a: Raging Bolt|Thunderbolt|p2a: Minior
|-supereffective|p2a: Minior
|-damage|p2a: Minior|0 fnt
|faint|p2a: Minior
|
|upkeep
|
|t:|1758975387
|switch|p2a: Gholdengo|Gholdengo|100/100
|turn|8
|
|t:|1758975395
|move|p2a: Gholdengo|Nasty Plot|p2a: Gholdengo
|-boost|p2a: Gholdengo|spa|2
|move|p1a: Raging Bolt|Thunderbolt|p2a: Gholdengo
|-damage|p2a: Gholdengo|25/100
|
|upkeep
|turn|9
|
|t:|1758975404
|move|p1a: Raging Bolt|Thunderclap|p2a: Gholdengo
|-damage|p2a: Gholdengo|0 fnt
|faint|p2a: Gholdengo
|
|upkeep
|
|t:|1758975409
|switch|p2a: Hatterene|Hatterene, F|100/100
|turn|10
|
|t:|1758975421
|move|p1a: Raging Bolt|Thunderbolt|p2a: Hatterene
|-damage|p2a: Hatterene|31/100
|-status|p2a: Hatterene|par
|move|p2a: Hatterene|Future Sight|p1a: Raging Bolt
|-start|p2a: Hatterene|move: Future Sight
|
|upkeep
|turn|11
|
|t:|1758975429
|move|p1a: Raging Bolt|Thunderbolt|p2a: Hatterene
|-damage|p2a: Hatterene|0 fnt
|faint|p2a: Hatterene
|
|upkeep
|
|t:|1758975432
|switch|p2a: Dragonite|Dragonite, F|100/100
|turn|12
|
|t:|1758975436
|move|p2a: Dragonite|Dragon Dance|p2a: Dragonite
|-boost|p2a: Dragonite|atk|1
|-boost|p2a: Dragonite|spe|1
|move|p1a: Raging Bolt|Dragon Pulse|p2a: Dragonite
|-supereffective|p2a: Dragonite
|-damage|p2a: Dragonite|0 fnt
|faint|p2a: Dragonite
|
|win|Kumiinay
|raw|Kumiinay's rating: 1122 &rarr; <strong>1145</strong><br />(+23 for winning)
|raw|Ronin_PKMN's rating: 1092 &rarr; <strong>1070</strong><br />(-22 for losing)
|l|‽Ronin_PKMN
|player|p2|
|l|☆Kumiinay
|player|p1|
