|j|☆desert97
|j|☆chaheed
|t:|1759039926
|gametype|singles
|player|p1|desert97|101|1748
|player|p2|chaheed|ninjaboy|1752
|gen|9
|tier|[Gen 9] OU
|rated|
|rule|HP Percentage Mod: HP is shown in percentages
|rule|Endless Battle Clause: Forcing endless battles is banned
|rule|Species Clause: Limit one of each Pokémon
|rule|OHKO Clause: OHKO moves are banned
|rule|Evasion Items Clause: Evasion items are banned
|rule|Evasion Moves Clause: Evasion moves are banned
|rule|Evasion Abilities Clause: Evasion abilities are banned
|rule|Sleep Moves Clause: Sleep-inducing moves are banned
|clearpoke
|poke|p1|Ninetales-Alola, F|
|poke|p1|Keldeo-Resolute|
|poke|p1|Hatterene, F|
|poke|p1|Kyurem|
|poke|p1|Kingambit, F|
|poke|p1|Glimmora, F|
|poke|p2|Dragonite, F|
|poke|p2|Dragapult, F|
|poke|p2|Iron Moth|
|poke|p2|Greninja-*, M|
|poke|p2|Serperior, M|
|poke|p2|Iron Treads|
|teampreview
|
|t:|1759039942
|teamsize|p1|6
|teamsize|p2|6
|start
|switch|p1a: Keldeo|Keldeo-Resolute|100/100
|switch|p2a: Greninja|Greninja, M|100/100
|turn|1
|inactive|Battle timer is ON: inactive players will automatically lose when time's up. (requested by chaheed)
|
|t:|1759039948
|switch|p2a: Dragapult|Dragapult, F|100/100
|move|p1a: Keldeo|Secret Sword|p2a: Dragapult
|-immune|p2a: Dragapult
|
|upkeep
|turn|2
|
|t:|1759039955
|switch|p1a: Ninetales|Ninetales-Alola, F|100/100
|-weather|Snowscape|[from] ability: Snow Warning|[of] p1a: Ninetales
|move|p2a: Dragapult|Will-O-Wisp|p1a: Ninetales
|-status|p1a: Ninetales|brn
|
|-weather|Snowscape|[upkeep]
|-damage|p1a: Ninetales|94/100 brn|[from] brn
|upkeep
|turn|3
|
|t:|1759039963
|move|p2a: Dragapult|Hex|p1a: Ninetales
|-damage|p1a: Ninetales|47/100 brn
|move|p1a: Ninetales|Aurora Veil|p1a: Ninetales
|-sidestart|p1: desert97|move: Aurora Veil
|
|-weather|Snowscape|[upkeep]
|-damage|p1a: Ninetales|41/100 brn|[from] brn
|upkeep
|turn|4
|j| Shucklepilled
|
|t:|1759039974
|switch|p1a: Keldeo|Keldeo-Resolute|100/100
|move|p2a: Dragapult|Hex|p1a: Keldeo
|-crit|p1a: Keldeo
|-damage|p1a: Keldeo|55/100
|
|-weather|Snowscape|[upkeep]
|-heal|p1a: Keldeo|61/100|[from] item: Leftovers
|upkeep
|turn|5
|
|t:|1759039981
|move|p2a: Dragapult|Dragon Darts|p1a: Keldeo
|-damage|p1a: Keldeo|35/100
|-anim|p2a: Dragapult|Dragon Darts|p1a: Keldeo
|-damage|p1a: Keldeo|10/100
|move|p1a: Keldeo|Surf|p2a: Dragapult
|-resisted|p2a: Dragapult
|-damage|p2a: Dragapult|65/100
|
|-weather|Snowscape|[upkeep]
|-heal|p1a: Keldeo|16/100|[from] item: Leftovers
|upkeep
|turn|6
|
|t:|1759039989
|move|p2a: Dragapult|Hex|p1a: Keldeo
|-damage|p1a: Keldeo|0 fnt
|faint|p1a: Keldeo
|
|-weather|none
|upkeep
|
|t:|1759039991
|switch|p1a: Kyurem|Kyurem|100/100
|-ability|p1a: Kyurem|Pressure
|turn|7
|
|t:|1759039997
|-terastallize|p1a: Kyurem|Fire
|move|p2a: Dragapult|Dragon Darts|p1a: Kyurem
|-damage|p1a: Kyurem|80/100
|-anim|p2a: Dragapult|Dragon Darts|p1a: Kyurem
|-damage|p1a: Kyurem|58/100
|move|p1a: Kyurem|Dragon Dance|p1a: Kyurem
|-boost|p1a: Kyurem|atk|1
|-boost|p1a: Kyurem|spe|1
|
|upkeep
|turn|8
|
|t:|1759040010
|move|p1a: Kyurem|Icicle Spear|p2a: Dragapult
|-supereffective|p2a: Dragapult
|-damage|p2a: Dragapult|4/100
|-supereffective|p2a: Dragapult
|-damage|p2a: Dragapult|0 fnt
|faint|p2a: Dragapult
|-hitcount|p2: Dragapult|2
|
|upkeep
|
|t:|1759040024
|switch|p2a: Iron Treads|Iron Treads|100/100
|-enditem|p2a: Iron Treads|Booster Energy
|-activate|p2a: Iron Treads|ability: Quark Drive|[fromitem]
|-start|p2a: Iron Treads|quarkdrivespe
|turn|9
|
|t:|1759040030
|move|p2a: Iron Treads|Earthquake|p1a: Kyurem
|-supereffective|p1a: Kyurem
|-damage|p1a: Kyurem|12/100
|move|p1a: Kyurem|Dragon Dance|p1a: Kyurem
|-boost|p1a: Kyurem|atk|1
|-boost|p1a: Kyurem|spe|1
|
|upkeep
|turn|10
|
|t:|1759040040
|move|p1a: Kyurem|Tera Blast|p2a: Iron Treads|[anim] Tera Blast Fire
|-supereffective|p2a: Iron Treads
|-damage|p2a: Iron Treads|0 fnt
|faint|p2a: Iron Treads
|-end|p2a: Iron Treads|Quark Drive|[silent]
|
|-sideend|p1: desert97|move: Aurora Veil
|upkeep
|
|t:|1759040047
|switch|p2a: Greninja|Greninja, M|100/100
|turn|11
|
|t:|1759040056
|switch|p1a: Kingambit|Kingambit, F|100/100
|-activate|p1a: Kingambit|ability: Supreme Overlord
|-start|p1a: Kingambit|fallen1|[silent]
|move|p2a: Greninja|Water Shuriken|p1a: Kingambit
|-damage|p1a: Kingambit|91/100
|-damage|p1a: Kingambit|83/100
|-damage|p1a: Kingambit|73/100
|-hitcount|p1a: Kingambit|3
|-damage|p2a: Greninja|91/100|[from] item: Life Orb
|
|-heal|p1a: Kingambit|79/100|[from] item: Leftovers
|upkeep
|turn|12
|
|t:|1759040068
|move|p2a: Greninja|Surf|p1a: Kingambit
|-damage|p1a: Kingambit|25/100
|-damage|p2a: Greninja|81/100|[from] item: Life Orb
|move|p1a: Kingambit|Kowtow Cleave|p2a: Greninja
|-resisted|p2a: Greninja
|-crit|p2a: Greninja
|-damage|p2a: Greninja|10/100
|
|-heal|p1a: Kingambit|31/100|[from] item: Leftovers
|upkeep
|turn|13
|
|t:|1759040076
|move|p2a: Greninja|Water Shuriken|p1a: Kingambit
|-damage|p1a: Kingambit|21/100
|-damage|p1a: Kingambit|12/100
|-hitcount|p1a: Kingambit|2
|-damage|p2a: Greninja|0 fnt|[from] item: Life Orb
|faint|p2a: Greninja
|move|p1a: Kingambit|Sucker Punch|p2: Greninja|[notarget]
|-fail|p1a: Kingambit
|
|-heal|p1a: Kingambit|18/100|[from] item: Leftovers
|upkeep
|
|t:|1759040089
|switch|p2a: Iron Moth|Iron Moth|100/100
|-enditem|p2a: Iron Moth|Booster Energy
|-activate|p2a: Iron Moth|ability: Quark Drive|[fromitem]
|-start|p2a: Iron Moth|quarkdrivespe
|turn|14
|
|t:|1759040094
|move|p2a: Iron Moth|Fiery Dance|p1a: Kingambit
|-supereffective|p1a: Kingambit
|-damage|p1a: Kingambit|0 fnt
|-boost|p2a: Iron Moth|spa|1
|faint|p1a: Kingambit
|-end|p1a: Kingambit|fallen1|[silent]
|
|upkeep
|
|t:|1759040097
|switch|p1a: Glimmora|Glimmora, F|100/100
|turn|15
|
|t:|1759040102
|-terastallize|p2a: Iron Moth|Grass
|move|p2a: Iron Moth|Energy Ball|p1a: Glimmora
|-damage|p1a: Glimmora|18/100
|-enditem|p1a: Glimmora|Red Card|[of] p2a: Iron Moth
|-end|p2a: Iron Moth|Quark Drive|[silent]
|drag|p2a: Serperior|Serperior, M|100/100
|move|p1a: Glimmora|Earth Power|p2a: Serperior
|-resisted|p2a: Serperior
|-damage|p2a: Serperior|81/100
|
|upkeep
|turn|16
|
|t:|1759040111
|move|p2a: Serperior|Leaf Storm|p1a: Glimmora
|-damage|p1a: Glimmora|0 fnt
|-boost|p2a: Serperior|spa|2
|faint|p1a: Glimmora
|
|upkeep
|
|t:|1759040113
|switch|p1a: Hatterene|Hatterene, F|100/100
|turn|17
|
|t:|1759040118
|move|p2a: Serperior|Leaf Storm|p1a: Hatterene|[miss]
|-miss|p2a: Serperior|p1a: Hatterene
|move|p1a: Hatterene|Mystical Fire|p2a: Serperior
|-supereffective|p2a: Serperior
|-damage|p2a: Serperior|29/100
|-boost|p2a: Serperior|spa|1
|
|upkeep
|turn|18
|
|t:|1759040125
|move|p2a: Serperior|Leaf Storm|p1a: Hatterene|[miss]
|-miss|p2a: Serperior|p1a: Hatterene
|move|p1a: Hatterene|Draining Kiss|p2a: Serperior
|-damage|p2a: Serperior|2/100
|
|upkeep
|turn|19
|-enditem|p2a: Serperior|Custap Berry|[eat]
|-activate|p2a: Serperior|item: Custap Berry|[consumed]
|
|t:|1759040130
|move|p2a: Serperior|Leaf Storm|p1a: Hatterene
|-damage|p1a: Hatterene|0 fnt
|-boost|p2a: Serperior|spa|2
|faint|p1a: Hatterene
|
|upkeep
|-message|desert97 forfeited.
|
|win|chaheed
|raw|desert97's rating: 1748 &rarr; <strong>1728</strong><br />(-20 for losing)
|raw|chaheed's rating: 1752 &rarr; <strong>1772</strong><br />(+20 for winning)
|c|☆chaheed|lol
|l|☆desert97
|player|p1|
|l|☆chaheed
|player|p2|
