|j|☆I am Patrat
|j|☆CadenG18
|t:|1758952355
|gametype|singles
|player|p1|I am Patrat|170|1260
|player|p2|CadenG18|hilbert|1226
|gen|9
|tier|[Gen 9] OU
|rated|
|rule|HP Percentage Mod: HP is shown in percentages
|rule|Endless Battle Clause: Forcing endless battles is banned
|rule|Species Clause: Limit one of each Pokémon
|rule|OHKO Clause: OHKO moves are banned
|rule|Evasion Items Clause: Evasion items are banned
|rule|Evasion Moves Clause: Evasion moves are banned
|rule|Evasion Abilities Clause: Evasion abilities are banned
|rule|Sleep Moves Clause: Sleep-inducing moves are banned
|clearpoke
|poke|p1|Salamence, F|
|poke|p1|Hoopa-Unbound|
|poke|p1|Slowking, M|
|poke|p1|Mamoswine, F|
|poke|p1|Bisharp, M|
|poke|p1|Talonflame, M|
|poke|p2|Greninja-*, M|
|poke|p2|Armarouge, F|
|poke|p2|Hydreigon, F|
|poke|p2|Kommo-o, M|
|poke|p2|Ceruledge, F|
|poke|p2|Tsareena, F|
|teampreview
|inactive|Battle timer is ON: inactive players will automatically lose when time's up. (requested by CadenG18)
|inactive|I am Patrat has 120 seconds left.
|inactive|CadenG18 has 120 seconds left.
|
|t:|1758952396
|teamsize|p1|6
|teamsize|p2|6
|start
|switch|p1a: Mamoswine|Mamoswine, F|100/100
|switch|p2a: Megumi|Greninja, M, shiny|100/100
|turn|1
|
|t:|1758952407
|switch|p1a: Slowking|Slowking, M|100/100
|move|p2a: Megumi|Hydro Pump|p1a: Slowking
|-start|p2a: Megumi|typechange|Water|[from] ability: Protean
|-resisted|p1a: Slowking
|-damage|p1a: Slowking|80/100
|-damage|p2a: Megumi|91/100|[from] item: Life Orb
|
|upkeep
|turn|2
|
|t:|1758952421
|move|p2a: Megumi|U-turn|p1a: Slowking
|-supereffective|p1a: Slowking
|-damage|p1a: Slowking|45/100
|-damage|p2a: Megumi|81/100|[from] item: Life Orb
|
|t:|1758952430
|switch|p2a: Cybele|Tsareena, F|100/100|[from] U-turn
|-prepare|p1a: Slowking|Chilly Reception|[premajor]
|move|p1a: Slowking|Chilly Reception|p1a: Slowking
|-weather|Snowscape
|
|t:|1758952438
|switch|p1a: Talonflame|Talonflame, M|100/100|[from] Chilly Reception
|
|-weather|Snowscape|[upkeep]
|upkeep
|turn|3
|
|t:|1758952445
|move|p1a: Talonflame|Will-O-Wisp|p2a: Cybele|[miss]
|-miss|p1a: Talonflame|p2a: Cybele
|move|p2a: Cybele|Knock Off|p1a: Talonflame
|-damage|p1a: Talonflame|64/100
|-enditem|p1a: Talonflame|Heavy-Duty Boots|[from] move: Knock Off|[of] p2a: Cybele
|
|-weather|Snowscape|[upkeep]
|upkeep
|turn|4
|
|t:|1758952464
|move|p1a: Talonflame|Roost|p1a: Talonflame
|-heal|p1a: Talonflame|100/100
|-singleturn|p1a: Talonflame|move: Roost
|move|p2a: Cybele|Play Rough|p1a: Talonflame
|-resisted|p1a: Talonflame
|-damage|p1a: Talonflame|81/100
|
|-weather|Snowscape|[upkeep]
|upkeep
|turn|5
|
|t:|1758952474
|move|p1a: Talonflame|Will-O-Wisp|p2a: Cybele
|-status|p2a: Cybele|brn
|move|p2a: Cybele|Knock Off|p1a: Talonflame
|-damage|p1a: Talonflame|67/100
|
|-weather|Snowscape|[upkeep]
|-damage|p2a: Cybele|94/100 brn|[from] brn
|upkeep
|turn|6
|
|t:|1758952488
|switch|p1a: Salamence|Salamence, F|100/100
|move|p2a: Cybele|Knock Off|p1a: Salamence
|-damage|p1a: Salamence|80/100
|-enditem|p1a: Salamence|Heavy-Duty Boots|[from] move: Knock Off|[of] p2a: Cybele
|
|-weather|none
|-damage|p2a: Cybele|88/100 brn|[from] brn
|upkeep
|turn|7
|
|t:|1758952498
|move|p1a: Salamence|Dragon Dance|p1a: Salamence
|-boost|p1a: Salamence|atk|1
|-boost|p1a: Salamence|spe|1
|move|p2a: Cybele|Play Rough|p1a: Salamence
|-supereffective|p1a: Salamence
|-damage|p1a: Salamence|37/100
|
|-damage|p2a: Cybele|82/100 brn|[from] brn
|upkeep
|turn|8
|
|t:|1758952518
|move|p1a: Salamence|Dragon Claw|p2a: Cybele
|-damage|p2a: Cybele|13/100 brn
|move|p2a: Cybele|Play Rough|p1a: Salamence
|-supereffective|p1a: Salamence
|-damage|p1a: Salamence|0 fnt
|faint|p1a: Salamence
|
|-damage|p2a: Cybele|7/100 brn|[from] brn
|upkeep
|
|t:|1758952529
|switch|p1a: Hoopa|Hoopa-Unbound|100/100
|turn|9
|
|t:|1758952534
|move|p1a: Hoopa|Drain Punch|p2a: Cybele
|-damage|p2a: Cybele|0 fnt
|faint|p2a: Cybele
|
|upkeep
|
|t:|1758952563
|switch|p2a: Megumi|Greninja, M, shiny|81/100
|turn|10
|
|t:|1758952566
|move|p2a: Megumi|U-turn|p1a: Hoopa
|-start|p2a: Megumi|typechange|Bug|[from] ability: Protean
|-supereffective|p1a: Hoopa
|-damage|p1a: Hoopa|0 fnt
|faint|p1a: Hoopa
|-damage|p2a: Megumi|71/100|[from] item: Life Orb
|
|t:|1758952583
|switch|p2a: Yamata|Hydreigon, F|100/100|[from] U-turn
|
|upkeep
|
|t:|1758952591
|switch|p1a: Bisharp|Bisharp, M|100/100
|turn|11
|
|t:|1758952597
|move|p2a: Yamata|Flamethrower|p1a: Bisharp
|-supereffective|p1a: Bisharp
|-damage|p1a: Bisharp|0 fnt
|faint|p1a: Bisharp
|
|upkeep
|
|t:|1758952603
|switch|p1a: Talonflame|Talonflame, M|67/100
|turn|12
|
|t:|1758952607
|move|p1a: Talonflame|Brave Bird|p2a: Yamata
|-damage|p2a: Yamata|60/100
|-damage|p1a: Talonflame|55/100|[from] Recoil
|move|p2a: Yamata|Flamethrower|p1a: Talonflame
|-resisted|p1a: Talonflame
|-crit|p1a: Talonflame
|-damage|p1a: Talonflame|13/100
|
|upkeep
|turn|13
|
|t:|1758952615
|move|p1a: Talonflame|Roost|p1a: Talonflame
|-heal|p1a: Talonflame|63/100
|-singleturn|p1a: Talonflame|move: Roost
|move|p2a: Yamata|Flamethrower|p1a: Talonflame
|-resisted|p1a: Talonflame
|-damage|p1a: Talonflame|32/100
|
|upkeep
|turn|14
|
|t:|1758952626
|move|p1a: Talonflame|Roost|p1a: Talonflame
|-heal|p1a: Talonflame|82/100
|-singleturn|p1a: Talonflame|move: Roost
|move|p2a: Yamata|Flamethrower|p1a: Talonflame
|-resisted|p1a: Talonflame
|-damage|p1a: Talonflame|52/100
|
|upkeep
|turn|15
|
|t:|1758952634
|move|p1a: Talonflame|Brave Bird|p2a: Yamata
|-damage|p2a: Yamata|23/100
|-damage|p1a: Talonflame|41/100|[from] Recoil
|move|p2a: Yamata|Flamethrower|p1a: Talonflame
|-resisted|p1a: Talonflame
|-damage|p1a: Talonflame|9/100
|
|upkeep
|turn|16
|
|t:|1758952642
|move|p1a: Talonflame|Brave Bird|p2a: Yamata
|-damage|p2a: Yamata|0 fnt
|faint|p2a: Yamata
|-damage|p1a: Talonflame|3/100|[from] Recoil
|
|upkeep
|
|t:|1758952669
|switch|p2a: Megumi|Greninja, M, shiny|71/100
|turn|17
|inactive|CadenG18 has 120 seconds left.
|
|t:|1758952695
|move|p2a: Megumi|Ice Beam|p1a: Talonflame
|-start|p2a: Megumi|typechange|Ice|[from] ability: Protean
|-damage|p1a: Talonflame|0 fnt
|faint|p1a: Talonflame
|-damage|p2a: Megumi|61/100|[from] item: Life Orb
|
|upkeep
|
|t:|1758952704
|switch|p1a: Mamoswine|Mamoswine, F|100/100
|turn|18
|inactive|CadenG18 has 120 seconds left.
|
|t:|1758952731
|-terastallize|p1a: Mamoswine|Ground
|move|p1a: Mamoswine|Earthquake|p2a: Megumi
|-damage|p2a: Megumi|0 fnt
|faint|p2a: Megumi
|
|upkeep
|
|t:|1758952745
|switch|p2a: Soleia|Armarouge, F, shiny|100/100
|turn|19
|
|t:|1758952751
|move|p1a: Mamoswine|Earthquake|p2a: Soleia
|-supereffective|p2a: Soleia
|-enditem|p2a: Soleia|Focus Sash
|-damage|p2a: Soleia|1/100
|-ability|p2a: Soleia|Weak Armor|boost
|-unboost|p2a: Soleia|def|1
|-boost|p2a: Soleia|spe|2
|move|p2a: Soleia|Energy Ball|p1a: Mamoswine
|-supereffective|p1a: Mamoswine
|-damage|p1a: Mamoswine|6/100
|
|upkeep
|turn|20
|
|t:|1758952762
|move|p1a: Mamoswine|Earthquake|p2a: Soleia
|-supereffective|p2a: Soleia
|-damage|p2a: Soleia|0 fnt
|faint|p2a: Soleia
|
|upkeep
|
|t:|1758952765
|switch|p2a: Cieri|Ceruledge, F, shiny|100/100
|turn|21
|
|t:|1758952769
|move|p2a: Cieri|Shadow Sneak|p1a: Mamoswine
|-damage|p1a: Mamoswine|0 fnt
|faint|p1a: Mamoswine
|
|upkeep
|
|t:|1758952773
|switch|p1a: Slowking|Slowking, M|79/100
|turn|22
|
|t:|1758952782
|move|p2a: Cieri|Swords Dance|p2a: Cieri
|-boost|p2a: Cieri|atk|2
|move|p1a: Slowking|Surf|p2a: Cieri
|-supereffective|p2a: Cieri
|-damage|p2a: Cieri|34/100
|
|upkeep
|turn|23
|
|t:|1758952788
|move|p2a: Cieri|Shadow Sneak|p1a: Slowking
|-supereffective|p1a: Slowking
|-damage|p1a: Slowking|2/100
|move|p1a: Slowking|Surf|p2a: Cieri
|-supereffective|p2a: Cieri
|-damage|p2a: Cieri|0 fnt
|faint|p2a: Cieri
|
|upkeep
|
|t:|1758952794
|switch|p2a: Tsuyo-sa|Kommo-o, M|100/100
|turn|24
|
|t:|1758952812
|-terastallize|p2a: Tsuyo-sa|Steel
|move|p2a: Tsuyo-sa|Iron Head|p1a: Slowking
|-resisted|p1a: Slowking
|-damage|p1a: Slowking|0 fnt
|faint|p1a: Slowking
|
|win|CadenG18
|raw|I am Patrat's rating: 1260 &rarr; <strong>1233</strong><br />(-27 for losing)
|raw|CadenG18's rating: 1226 &rarr; <strong>1253</strong><br />(+27 for winning)
|c|☆CadenG18|gg
|l|☆CadenG18
|player|p2|
|l|☆I am Patrat
|player|p1|
