|j|☆lakagota
|j|☆avenacaroni
|t:|1758961691
|gametype|singles
|player|p1|lakagota|101|1331
|player|p2|avenacaroni|caitlin|1317
|gen|9
|tier|[Gen 9] OU
|rated|
|rule|HP Percentage Mod: HP is shown in percentages
|rule|Endless Battle Clause: Forcing endless battles is banned
|rule|Species Clause: Limit one of each Pokémon
|rule|OHKO Clause: OHKO moves are banned
|rule|Evasion Items Clause: Evasion items are banned
|rule|Evasion Moves Clause: Evasion moves are banned
|rule|Evasion Abilities Clause: Evasion abilities are banned
|rule|Sleep Moves Clause: Sleep-inducing moves are banned
|clearpoke
|poke|p1|Ninetales-Alola, F|
|poke|p1|Garganacl, M|
|poke|p1|Meowscarada, F|
|poke|p1|Kingambit, F|
|poke|p1|Iron Boulder|
|poke|p1|Glimmora, F|
|poke|p2|Infernape, M|
|poke|p2|Garchomp, M|
|poke|p2|Electivire, F|
|poke|p2|Gyarados, M|
|poke|p2|Scizor, F|
|poke|p2|Gengar, M|
|teampreview
|inactive|Battle timer is ON: inactive players will automatically lose when time's up. (requested by lakagota)
|
|t:|1758961718
|teamsize|p1|6
|teamsize|p2|6
|start
|switch|p1a: Glimmora|Glimmora, F|100/100
|switch|p2a: Sasha|Scizor, F|100/100
|turn|1
|
|t:|1758961731
|-terastallize|p1a: Glimmora|Flying
|move|p1a: Glimmora|Meteor Beam||[still]
|-prepare|p1a: Glimmora|Meteor Beam
|-boost|p1a: Glimmora|spa|1
|-enditem|p1a: Glimmora|Power Herb
|-anim|p1a: Glimmora|Meteor Beam|p2a: Sasha
|-damage|p2a: Sasha|0 fnt
|faint|p2a: Sasha
|
|upkeep
|inactive|avenacaroni has 120 seconds left.
|
|t:|1758961776
|switch|p2a: Inferno|Infernape, M|100/100
|turn|2
|
|t:|1758961783
|move|p2a: Inferno|Nasty Plot|p2a: Inferno
|-boost|p2a: Inferno|spa|2
|move|p1a: Glimmora|Earth Power|p2a: Inferno
|-supereffective|p2a: Inferno
|-enditem|p2a: Inferno|Focus Sash
|-damage|p2a: Inferno|1/100
|
|upkeep
|turn|3
|
|t:|1758961794
|move|p2a: Inferno|Aura Sphere|p1a: Glimmora
|-resisted|p1a: Glimmora
|-damage|p1a: Glimmora|56/100
|move|p1a: Glimmora|Mortal Spin|p2a: Inferno
|-damage|p2a: Inferno|0 fnt
|faint|p2a: Inferno
|
|upkeep
|inactive|avenacaroni has 90 seconds left.
|
|t:|1758961820
|switch|p2a: Clover|Gengar, M|100/100
|-item|p2a: Clover|Air Balloon
|turn|4
|
|t:|1758961834
|switch|p1a: Garganacl|Garganacl, M|100/100
|move|p2a: Clover|Thunder Wave|p1a: Garganacl
|-immune|p1a: Garganacl|[from] ability: Purifying Salt
|
|upkeep
|turn|5
|inactive|avenacaroni has 90 seconds left.
|
|t:|1758961851
|switch|p2a: Garrus|Garchomp, M|100/100
|move|p1a: Garganacl|Salt Cure|p2a: Garrus
|-resisted|p2a: Garrus
|-damage|p2a: Garrus|94/100
|-start|p2a: Garrus|Salt Cure
|
|-damage|p2a: Garrus|81/100|[from] Salt Cure
|upkeep
|turn|6
|
|t:|1758961862
|move|p1a: Garganacl|Protect|p1a: Garganacl
|-singleturn|p1a: Garganacl|Protect
|move|p2a: Garrus|Swords Dance|p2a: Garrus
|-boost|p2a: Garrus|atk|2
|
|-damage|p2a: Garrus|69/100|[from] Salt Cure
|upkeep
|turn|7
|
|t:|1758961888
|switch|p1a: Glimmora|Glimmora, F, tera:Flying|56/100
|move|p2a: Garrus|Earthquake|p1a: Glimmora
|-immune|p1a: Glimmora
|
|-damage|p2a: Garrus|57/100|[from] Salt Cure
|upkeep
|turn|8
|
|t:|1758961899
|move|p2a: Garrus|Scale Shot|p1a: Glimmora
|-damage|p1a: Glimmora|26/100
|-activate|p1a: Glimmora|ability: Toxic Debris
|-sidestart|p2: avenacaroni|move: Toxic Spikes
|-damage|p1a: Glimmora|0 fnt
|-activate|p1a: Glimmora|ability: Toxic Debris
|-sidestart|p2: avenacaroni|move: Toxic Spikes
|faint|p1a: Glimmora
|-hitcount|p1: Glimmora|2
|-unboost|p2a: Garrus|def|1
|-boost|p2a: Garrus|spe|1
|
|-damage|p2a: Garrus|44/100|[from] Salt Cure
|upkeep
|inactive|lakagota has 120 seconds left.
|
|t:|1758961922
|switch|p1a: Kingambit|Kingambit, F|100/100
|-activate|p1a: Kingambit|ability: Supreme Overlord
|-start|p1a: Kingambit|fallen1|[silent]
|turn|9
|inactive|avenacaroni has 120 seconds left.
|
|t:|1758961928
|move|p1a: Kingambit|Sucker Punch||[still]
|-fail|p1a: Kingambit
|move|p2a: Garrus|Swords Dance|p2a: Garrus
|-boost|p2a: Garrus|atk|2
|
|-damage|p2a: Garrus|32/100|[from] Salt Cure
|upkeep
|turn|10
|
|t:|1758961936
|move|p1a: Kingambit|Sucker Punch|p2a: Garrus
|-damage|p2a: Garrus|0 fnt
|-damage|p1a: Kingambit|88/100|[from] ability: Rough Skin|[of] p2a: Garrus
|faint|p2a: Garrus
|
|-heal|p1a: Kingambit|94/100|[from] item: Leftovers
|upkeep
|
|t:|1758961945
|switch|p2a: Clover|Gengar, M|100/100
|-item|p2a: Clover|Air Balloon
|turn|11
|
|t:|1758961957
|move|p2a: Clover|Will-O-Wisp|p1a: Kingambit|[miss]
|-miss|p2a: Clover|p1a: Kingambit
|move|p1a: Kingambit|Kowtow Cleave|p2a: Clover
|-supereffective|p2a: Clover
|-damage|p2a: Clover|0 fnt
|-start|p1a: Kingambit|Disable|Kowtow Cleave|[from] ability: Cursed Body|[of] p2a: Clover
|-enditem|p2a: Clover|Air Balloon
|faint|p2a: Clover
|
|-heal|p1a: Kingambit|100/100|[from] item: Leftovers
|upkeep
|
|t:|1758961964
|switch|p2a: Gyro|Gyarados, M|100/100
|-ability|p2a: Gyro|Intimidate|boost
|-unboost|p1a: Kingambit|atk|1
|turn|12
|inactive|lakagota has 120 seconds left.
|
|t:|1758961991
|-end|p1a: Kingambit|fallen1|[silent]
|switch|p1a: Iron Boulder|Iron Boulder|100/100
|-enditem|p1a: Iron Boulder|Booster Energy
|-activate|p1a: Iron Boulder|ability: Quark Drive|[fromitem]
|-start|p1a: Iron Boulder|quarkdriveatk
|move|p2a: Gyro|Dragon Dance|p2a: Gyro
|-boost|p2a: Gyro|atk|1
|-boost|p2a: Gyro|spe|1
|
|upkeep
|turn|13
|
|t:|1758962001
|move|p2a: Gyro|Waterfall|p1a: Iron Boulder
|-supereffective|p1a: Iron Boulder
|-damage|p1a: Iron Boulder|0 fnt
|faint|p1a: Iron Boulder
|-end|p1a: Iron Boulder|Quark Drive|[silent]
|
|upkeep
|
|t:|1758962010
|switch|p1a: Ninetales|Ninetales-Alola, F|100/100
|-weather|Snowscape|[from] ability: Snow Warning|[of] p1a: Ninetales
|turn|14
|
|t:|1758962021
|-terastallize|p2a: Gyro|Flying
|move|p2a: Gyro|Tera Blast|p1a: Ninetales|[anim] Tera Blast Flying
|-damage|p1a: Ninetales|28/100
|move|p1a: Ninetales|Aurora Veil|p1a: Ninetales
|-sidestart|p1: lakagota|move: Aurora Veil
|
|-weather|Snowscape|[upkeep]
|upkeep
|turn|15
|
|t:|1758962031
|move|p2a: Gyro|Tera Blast|p1a: Ninetales|[anim] Tera Blast Flying
|-damage|p1a: Ninetales|0 fnt
|faint|p1a: Ninetales
|
|-weather|Snowscape|[upkeep]
|upkeep
|
|t:|1758962050
|switch|p1a: Garganacl|Garganacl, M|100/100
|turn|16
|
|t:|1758962057
|move|p2a: Gyro|Waterfall|p1a: Garganacl
|-supereffective|p1a: Garganacl
|-damage|p1a: Garganacl|58/100
|cant|p1a: Garganacl|flinch
|
|-weather|Snowscape|[upkeep]
|-heal|p1a: Garganacl|64/100|[from] item: Leftovers
|upkeep
|turn|17
|
|t:|1758962064
|move|p2a: Gyro|Waterfall|p1a: Garganacl
|-supereffective|p1a: Garganacl
|-damage|p1a: Garganacl|26/100
|move|p1a: Garganacl|Salt Cure|p2a: Gyro
|-supereffective|p2a: Gyro
|-damage|p2a: Gyro|65/100
|-start|p2a: Gyro|Salt Cure
|
|-weather|Snowscape|[upkeep]
|-heal|p1a: Garganacl|32/100|[from] item: Leftovers
|-damage|p2a: Gyro|53/100|[from] Salt Cure
|upkeep
|turn|18
|
|t:|1758962075
|move|p1a: Garganacl|Protect|p1a: Garganacl
|-singleturn|p1a: Garganacl|Protect
|move|p2a: Gyro|Dragon Dance|p2a: Gyro
|-boost|p2a: Gyro|atk|1
|-boost|p2a: Gyro|spe|1
|
|-weather|none
|-heal|p1a: Garganacl|38/100|[from] item: Leftovers
|-damage|p2a: Gyro|41/100|[from] Salt Cure
|upkeep
|turn|19
|
|t:|1758962086
|move|p1a: Garganacl|Protect||[still]
|-fail|p1a: Garganacl
|move|p2a: Gyro|Waterfall|p1a: Garganacl
|-supereffective|p1a: Garganacl
|-damage|p1a: Garganacl|0 fnt
|faint|p1a: Garganacl
|
|-damage|p2a: Gyro|28/100|[from] Salt Cure
|upkeep
|
|t:|1758962103
|switch|p1a: Meowscarada|Meowscarada, F|100/100
|turn|20
|
|t:|1758962117
|move|p2a: Gyro|Tera Blast|p1a: Meowscarada|[anim] Tera Blast Flying
|-supereffective|p1a: Meowscarada
|-damage|p1a: Meowscarada|0 fnt
|faint|p1a: Meowscarada
|
|-damage|p2a: Gyro|16/100|[from] Salt Cure
|upkeep
|
|t:|1758962123
|switch|p1a: Kingambit|Kingambit, F|100/100
|-activate|p1a: Kingambit|ability: Supreme Overlord
|-start|p1a: Kingambit|fallen5|[silent]
|turn|21
|
|t:|1758962143
|move|p2a: Gyro|Earthquake|p1a: Kingambit
|-supereffective|p1a: Kingambit
|-damage|p1a: Kingambit|56/100
|move|p1a: Kingambit|Kowtow Cleave|p2a: Gyro
|-damage|p2a: Gyro|0 fnt
|faint|p2a: Gyro
|
|-heal|p1a: Kingambit|62/100|[from] item: Leftovers
|-sideend|p1: lakagota|move: Aurora Veil
|upkeep
|
|t:|1758962151
|switch|p2a: Evie|Electivire, F|100/100
|-status|p2a: Evie|tox
|turn|22
|
|t:|1758962158
|move|p2a: Evie|Bulk Up|p2a: Evie
|-boost|p2a: Evie|atk|1
|-boost|p2a: Evie|def|1
|move|p1a: Kingambit|Kowtow Cleave|p2a: Evie
|-damage|p2a: Evie|16/100 tox
|
|-heal|p2a: Evie|22/100 tox|[from] item: Leftovers
|-heal|p1a: Kingambit|68/100|[from] item: Leftovers
|-damage|p2a: Evie|16/100 tox|[from] psn
|upkeep
|turn|23
|
|t:|1758962175
|move|p2a: Evie|Supercell Slam|p1a: Kingambit
|-damage|p1a: Kingambit|12/100
|move|p1a: Kingambit|Kowtow Cleave|p2a: Evie
|-damage|p2a: Evie|0 fnt
|faint|p2a: Evie
|
|win|lakagota
|raw|lakagota's rating: 1331 &rarr; <strong>1350</strong><br />(+19 for winning)
|raw|avenacaroni's rating: 1317 &rarr; <strong>1298</strong><br />(-19 for losing)
|l|☆avenacaroni
|player|p2|
|l|☆lakagota
|player|p1|
