|j|☆henry151th
|j|☆Toxic Smite
|t:|1759038014
|gametype|singles
|player|p1|henry151th|wallace|1297
|player|p2|Toxic Smite|gambler|1330
|gen|9
|tier|[Gen 9] OU
|rated|
|rule|HP Percentage Mod: HP is shown in percentages
|rule|Endless Battle Clause: Forcing endless battles is banned
|rule|Species Clause: Limit one of each Pokémon
|rule|OHKO Clause: OHKO moves are banned
|rule|Evasion Items Clause: Evasion items are banned
|rule|Evasion Moves Clause: Evasion moves are banned
|rule|Evasion Abilities Clause: Evasion abilities are banned
|rule|Sleep Moves Clause: Sleep-inducing moves are banned
|clearpoke
|poke|p1|Dragapult, F|
|poke|p1|Dragonite, F|
|poke|p1|Ting-Lu|
|poke|p1|Weezing-Galar, F|
|poke|p1|Iron Crown|
|poke|p1|Zapdos|
|poke|p2|Rhydon, M|
|poke|p2|Ogerpon-Wellspring, F|
|poke|p2|Moltres|
|poke|p2|Raging Bolt|
|poke|p2|Weezing-Galar, M|
|poke|p2|Grimmsnarl, M|
|teampreview
|inactive|Battle timer is ON: inactive players will automatically lose when time's up. (requested by henry151th)
|
|t:|1759038039
|teamsize|p1|6
|teamsize|p2|6
|start
|switch|p1a: Iron Crown|Iron Crown|100/100
|switch|p2a: Weezing|Weezing-Galar, M|100/100
|turn|1
|
|t:|1759038051
|switch|p2a: Rhydon|Rhydon, M|100/100
|move|p1a: Iron Crown|Tachyon Cutter|p2a: Rhydon
|-supereffective|p2a: Rhydon
|-damage|p2a: Rhydon|35/100
|-supereffective|p2a: Rhydon
|-damage|p2a: Rhydon|0 fnt
|faint|p2a: Rhydon
|-hitcount|p2: Rhydon|2
|
|upkeep
|
|t:|1759038061
|switch|p2a: Raging Bolt|Raging Bolt|100/100
|turn|2
|
|t:|1759038066
|-end|p1a: Iron Crown|Quark Drive|[silent]
|switch|p1a: Ting-Lu|Ting-Lu|100/100
|-ability|p1a: Ting-Lu|Vessel of Ruin
|move|p2a: Raging Bolt|Substitute|p2a: Raging Bolt
|-start|p2a: Raging Bolt|Substitute
|-damage|p2a: Raging Bolt|76/100
|
|-heal|p2a: Raging Bolt|82/100|[from] item: Leftovers
|upkeep
|turn|3
|
|t:|1759038071
|move|p1a: Ting-Lu|Earthquake|p2a: Raging Bolt
|-supereffective|p2a: Raging Bolt
|-end|p2a: Raging Bolt|Substitute
|move|p2a: Raging Bolt|Roar|p1a: Ting-Lu
|drag|p1a: Dragapult|Dragapult, F|100/100
|
|-heal|p2a: Raging Bolt|88/100|[from] item: Leftovers
|upkeep
|turn|4
|
|t:|1759038076
|-end|p2a: Raging Bolt|Protosynthesis|[silent]
|switch|p2a: Grimmsnarl|Grimmsnarl, M|100/100
|move|p1a: Dragapult|Dragon Darts|p2a: Grimmsnarl
|-immune|p2a: Grimmsnarl
|
|upkeep
|turn|5
|
|t:|1759038083
|move|p2a: Grimmsnarl|Trick|p1a: Dragapult
|-activate|p2a: Grimmsnarl|move: Trick|[of] p1a: Dragapult
|-item|p1a: Dragapult|Choice Scarf|[from] move: Trick
|-item|p2a: Grimmsnarl|Heavy-Duty Boots|[from] move: Trick
|move|p1a: Dragapult|U-turn|p2a: Grimmsnarl
|-damage|p2a: Grimmsnarl|69/100
|
|t:|1759038088
|switch|p1a: Iron Crown|Iron Crown|100/100|[from] U-turn
|
|upkeep
|turn|6
|
|t:|1759038091
|move|p2a: Grimmsnarl|Parting Shot|p1a: Iron Crown
|-unboost|p1a: Iron Crown|atk|1
|-unboost|p1a: Iron Crown|spa|1
|
|t:|1759038097
|switch|p2a: Ogerpon|Ogerpon-Wellspring, F|100/100|[from] Parting Shot
|move|p1a: Iron Crown|Tachyon Cutter|p2a: Ogerpon
|-resisted|p2a: Ogerpon
|-damage|p2a: Ogerpon|85/100
|-resisted|p2a: Ogerpon
|-damage|p2a: Ogerpon|71/100
|-hitcount|p2a: Ogerpon|2
|
|upkeep
|turn|7
|
|t:|1759038106
|-end|p1a: Iron Crown|Quark Drive|[silent]
|switch|p1a: Dragonite|Dragonite, F|100/100
|move|p2a: Ogerpon|Knock Off|p1a: Dragonite
|-damage|p1a: Dragonite|79/100
|-enditem|p1a: Dragonite|Heavy-Duty Boots|[from] move: Knock Off|[of] p2a: Ogerpon
|
|upkeep
|turn|8
|
|t:|1759038122
|switch|p2a: Moltres|Moltres|100/100
|switch|p1a: Zapdos|Zapdos|100/100
|
|upkeep
|turn|9
|
|t:|1759038129
|switch|p2a: Raging Bolt|Raging Bolt|88/100
|move|p1a: Zapdos|Volt Switch|p2a: Raging Bolt
|-resisted|p2a: Raging Bolt
|-damage|p2a: Raging Bolt|80/100
|
|t:|1759038133
|switch|p1a: Dragapult|Dragapult, F|100/100|[from] Volt Switch
|
|-heal|p2a: Raging Bolt|86/100|[from] item: Leftovers
|upkeep
|turn|10
|
|t:|1759038141
|-terastallize|p2a: Raging Bolt|Fairy
|move|p1a: Dragapult|U-turn|p2a: Raging Bolt
|-resisted|p2a: Raging Bolt
|-damage|p2a: Raging Bolt|77/100
|
|t:|1759038146
|switch|p1a: Zapdos|Zapdos|100/100|[from] U-turn
|move|p2a: Raging Bolt|Dragon Pulse|p1a: Zapdos
|-damage|p1a: Zapdos|41/100
|
|-heal|p2a: Raging Bolt|84/100|[from] item: Leftovers
|upkeep
|turn|11
|
|t:|1759038157
|-end|p2a: Raging Bolt|Protosynthesis|[silent]
|switch|p2a: Weezing|Weezing-Galar, M|100/100
|move|p1a: Zapdos|Hurricane|p2a: Weezing|[miss]
|-miss|p1a: Zapdos|p2a: Weezing
|
|upkeep
|turn|12
|
|t:|1759038172
|switch|p2a: Grimmsnarl|Grimmsnarl, M|69/100
|move|p1a: Zapdos|Hurricane|p2a: Grimmsnarl
|-damage|p2a: Grimmsnarl|0 fnt
|faint|p2a: Grimmsnarl
|
|upkeep
|
|t:|1759038180
|switch|p2a: Raging Bolt|Raging Bolt, tera:Fairy|84/100
|turn|13
|
|t:|1759038188
|move|p1a: Zapdos|Roost|p1a: Zapdos
|-heal|p1a: Zapdos|91/100
|-singleturn|p1a: Zapdos|move: Roost
|move|p2a: Raging Bolt|Discharge|p1a: Zapdos
|-resisted|p1a: Zapdos
|-damage|p1a: Zapdos|64/100
|
|-heal|p2a: Raging Bolt|90/100|[from] item: Leftovers
|upkeep
|turn|14
|
|t:|1759038191
|move|p1a: Zapdos|Hurricane|p2a: Raging Bolt
|-damage|p2a: Raging Bolt|43/100
|move|p2a: Raging Bolt|Substitute|p2a: Raging Bolt
|-start|p2a: Raging Bolt|Substitute
|-damage|p2a: Raging Bolt|19/100
|
|-heal|p2a: Raging Bolt|25/100|[from] item: Leftovers
|upkeep
|turn|15
|
|t:|1759038196
|move|p1a: Zapdos|Volt Switch|p2a: Raging Bolt
|-end|p2a: Raging Bolt|Substitute
|
|t:|1759038199
|switch|p1a: Ting-Lu|Ting-Lu|100/100|[from] Volt Switch
|-ability|p1a: Ting-Lu|Vessel of Ruin
|move|p2a: Raging Bolt|Dragon Pulse|p1a: Ting-Lu
|-damage|p1a: Ting-Lu|80/100
|
|-heal|p2a: Raging Bolt|31/100|[from] item: Leftovers
|-heal|p1a: Ting-Lu|86/100|[from] item: Leftovers
|upkeep
|turn|16
|
|t:|1759038204
|-end|p2a: Raging Bolt|Protosynthesis|[silent]
|switch|p2a: Moltres|Moltres|100/100
|move|p1a: Ting-Lu|Stealth Rock|p2a: Moltres
|-sidestart|p2: Toxic Smite|move: Stealth Rock
|
|-heal|p1a: Ting-Lu|93/100|[from] item: Leftovers
|upkeep
|turn|17
|
|t:|1759038210
|switch|p1a: Zapdos|Zapdos|64/100
|move|p2a: Moltres|Roar|p1a: Zapdos
|drag|p1a: Dragapult|Dragapult, F|100/100
|
|upkeep
|turn|18
|
|t:|1759038223
|move|p1a: Dragapult|U-turn|p2a: Moltres
|-resisted|p2a: Moltres
|-damage|p2a: Moltres|97/100
|
|t:|1759038225
|switch|p1a: Zapdos|Zapdos|64/100|[from] U-turn
|move|p2a: Moltres|Substitute|p2a: Moltres
|-start|p2a: Moltres|Substitute
|-damage|p2a: Moltres|72/100
|
|upkeep
|turn|19
|
|t:|1759038232
|move|p1a: Zapdos|Volt Switch|p2a: Moltres
|-supereffective|p2a: Moltres
|-end|p2a: Moltres|Substitute
|
|t:|1759038239
|switch|p1a: Iron Crown|Iron Crown|100/100|[from] Volt Switch
|move|p2a: Moltres|Fire Spin|p1a: Iron Crown
|-supereffective|p1a: Iron Crown
|-damage|p1a: Iron Crown|71/100
|-activate|p1a: Iron Crown|move: Fire Spin|[of] p2a: Moltres
|
|-damage|p1a: Iron Crown|58/100|[from] move: Fire Spin|[partiallytrapped]
|upkeep
|turn|20
|
|t:|1759038251
|move|p1a: Iron Crown|Volt Switch|p2a: Moltres
|-supereffective|p2a: Moltres
|-damage|p2a: Moltres|10/100
|
|t:|1759038254
|-end|p1a: Iron Crown|Quark Drive|[silent]
|switch|p1a: Zapdos|Zapdos|64/100|[from] Volt Switch
|move|p2a: Moltres|Roost|p2a: Moltres
|-heal|p2a: Moltres|60/100
|-singleturn|p2a: Moltres|move: Roost
|
|upkeep
|turn|21
|
|t:|1759038263
|switch|p2a: Weezing|Weezing-Galar, M|100/100
|-damage|p2a: Weezing|88/100|[from] Stealth Rock
|move|p1a: Zapdos|Volt Switch|p2a: Weezing
|-damage|p2a: Weezing|53/100
|-message|Toxic Smite forfeited.
|
|win|henry151th
|raw|henry151th's rating: 1297 &rarr; <strong>1324</strong><br />(+27 for winning)
|raw|Toxic Smite's rating: 1330 &rarr; <strong>1308</strong><br />(-22 for losing)
|l|☆Toxic Smite
|player|p2|
|l|☆henry151th
|player|p1|
