|badge|p1|bronze|gen9ou|100-6
|html|<div class="broadcast-red"><strong>This battle is required to be public due to one or more player having a season medal.</strong><br />During the public phase, you can discuss the state of the ladder <a href="/seasondiscussion">in a special chatroom.</a></div>
|uhtml|medal-msg|<div class="broadcast-blue">Curious what those medals under the avatar are? PS now has Ladder Seasons! For more information, check out the <a href="https://www.smogon.com/forums/threads/3740067/">thread on Smogon.</a></div>
|raw|<div class="broadcast-blue"><strong>This battle is required to be public due to a player having a name starting with 'medal'.</div>
|j|☆Ctannn
|j|☆mcribs
|t:|1759057038
|gametype|singles
|player|p1|Ctannn|101|1803
|player|p2|mcribs|101|1758
|gen|9
|tier|[Gen 9] OU
|rated|
|rule|HP Percentage Mod: HP is shown in percentages
|rule|Endless Battle Clause: Forcing endless battles is banned
|rule|Species Clause: Limit one of each Pokémon
|rule|OHKO Clause: OHKO moves are banned
|rule|Evasion Items Clause: Evasion items are banned
|rule|Evasion Moves Clause: Evasion moves are banned
|rule|Evasion Abilities Clause: Evasion abilities are banned
|rule|Sleep Moves Clause: Sleep-inducing moves are banned
|clearpoke
|poke|p1|Rillaboom, F|
|poke|p1|Garganacl, M|
|poke|p1|Cinderace, F|
|poke|p1|Raging Bolt|
|poke|p1|Slowking-Galar, F|
|poke|p1|Landorus-Therian, M|
|poke|p2|Samurott-Hisui, M|
|poke|p2|Raging Bolt|
|poke|p2|Tornadus-Therian, M|
|poke|p2|Iron Valiant|
|poke|p2|Iron Treads|
|poke|p2|Gholdengo|
|teampreview
|inactive|Battle timer is ON: inactive players will automatically lose when time's up. (requested by mcribs)
|
|t:|1759057046
|teamsize|p1|6
|teamsize|p2|6
|start
|switch|p1a: Landorus|Landorus-Therian, M|100/100
|switch|p2a: Iron Valiant|Iron Valiant|100/100
|-ability|p1a: Landorus|Intimidate|boost
|-unboost|p2a: Iron Valiant|atk|1
|turn|1
|
|t:|1759057054
|switch|p1a: Slowking|Slowking-Galar, F|100/100
|move|p2a: Iron Valiant|Moonblast|p1a: Slowking
|-resisted|p1a: Slowking
|-damage|p1a: Slowking|76/100
|
|upkeep
|turn|2
|
|t:|1759057060
|-end|p2a: Iron Valiant|Quark Drive|[silent]
|switch|p2a: Iron Treads|Iron Treads|100/100
|move|p1a: Slowking|Future Sight|p2a: Iron Treads
|-start|p1a: Slowking|move: Future Sight
|
|upkeep
|turn|3
|
|t:|1759057065
|switch|p1a: Landorus|Landorus-Therian, M|100/100
|-ability|p1a: Landorus|Intimidate|boost
|-unboost|p2a: Iron Treads|atk|1
|move|p2a: Iron Treads|Stealth Rock|p1a: Landorus
|-sidestart|p1: Ctannn|move: Stealth Rock
|
|upkeep
|turn|4
|
|t:|1759057071
|-end|p2a: Iron Treads|Quark Drive|[silent]
|switch|p2a: Tornadus|Tornadus-Therian, M|100/100
|move|p1a: Landorus|Earthquake|p2a: Tornadus
|-immune|p2a: Tornadus
|
|-end|p2a: Tornadus|move: Future Sight
|-damage|p2a: Tornadus|51/100
|-heal|p2a: Tornadus|57/100|[from] item: Leftovers
|upkeep
|turn|5
|
|t:|1759057077
|move|p2a: Tornadus|Bleakwind Storm|p1a: Landorus
|-damage|p1a: Landorus|63/100
|move|p1a: Landorus|U-turn|p2a: Tornadus
|-resisted|p2a: Tornadus
|-damage|p2a: Tornadus|45/100
|
|t:|1759057079
|switch|p1a: Cinderace|Cinderace, F|100/100|[from] U-turn
|
|-heal|p2a: Tornadus|51/100|[from] item: Leftovers
|upkeep
|turn|6
|
|t:|1759057088
|move|p2a: Tornadus|Knock Off|p1a: Cinderace
|-damage|p1a: Cinderace|70/100
|-enditem|p1a: Cinderace|Heavy-Duty Boots|[from] move: Knock Off|[of] p2a: Tornadus
|move|p1a: Cinderace|Pyro Ball|p2a: Tornadus
|-damage|p2a: Tornadus|0 fnt
|faint|p2a: Tornadus
|
|upkeep
|
|t:|1759057090
|switch|p2a: Raging Bolt|Raging Bolt|100/100
|turn|7
|
|t:|1759057096
|move|p1a: Cinderace|High Jump Kick|p2a: Raging Bolt
|-start|p1a: Cinderace|typechange|Fighting|[from] ability: Libero
|-damage|p2a: Raging Bolt|46/100
|move|p2a: Raging Bolt|Thunderbolt|p1a: Cinderace
|-damage|p1a: Cinderace|0 fnt
|faint|p1a: Cinderace
|
|-heal|p2a: Raging Bolt|52/100|[from] item: Leftovers
|upkeep
|
|t:|1759057106
|switch|p1a: Landorus|Landorus-Therian, M|63/100
|-damage|p1a: Landorus|51/100|[from] Stealth Rock
|-ability|p1a: Landorus|Intimidate|boost
|-unboost|p2a: Raging Bolt|atk|1
|turn|8
|
|t:|1759057109
|-end|p2a: Raging Bolt|Protosynthesis|[silent]
|switch|p2a: Gholdengo|Gholdengo|100/100
|-item|p2a: Gholdengo|Air Balloon
|move|p1a: Landorus|Earthquake|p2a: Gholdengo
|-immune|p2a: Gholdengo
|
|upkeep
|turn|9
|
|t:|1759057111
|move|p2a: Gholdengo|Make It Rain|p1a: Landorus
|-damage|p1a: Landorus|0 fnt
|-unboost|p2a: Gholdengo|spa|1
|faint|p1a: Landorus
|
|upkeep
|
|t:|1759057125
|switch|p1a: Rillaboom|Rillaboom, F|100/100
|-damage|p1a: Rillaboom|88/100|[from] Stealth Rock
|-fieldstart|move: Grassy Terrain|[from] ability: Grassy Surge|[of] p1a: Rillaboom
|turn|10
|
|t:|1759057129
|switch|p2a: Raging Bolt|Raging Bolt|52/100
|move|p1a: Rillaboom|Swords Dance|p1a: Rillaboom
|-boost|p1a: Rillaboom|atk|2
|
|-heal|p1a: Rillaboom|94/100|[from] Grassy Terrain
|-heal|p2a: Raging Bolt|58/100|[from] Grassy Terrain
|-heal|p2a: Raging Bolt|64/100|[from] item: Leftovers
|upkeep
|turn|11
|j| pika2333
|
|t:|1759057136
|-terastallize|p1a: Rillaboom|Grass
|move|p1a: Rillaboom|Wood Hammer|p2a: Raging Bolt
|-resisted|p2a: Raging Bolt
|-damage|p2a: Raging Bolt|0 fnt
|faint|p2a: Raging Bolt
|-end|p2a: Raging Bolt|Protosynthesis|[silent]
|-damage|p1a: Rillaboom|67/100|[from] Recoil
|
|-heal|p1a: Rillaboom|73/100|[from] Grassy Terrain
|upkeep
|
|t:|1759057138
|switch|p2a: Gholdengo|Gholdengo|100/100
|-item|p2a: Gholdengo|Air Balloon
|turn|12
|
|t:|1759057142
|move|p1a: Rillaboom|Wood Hammer|p2a: Gholdengo
|-resisted|p2a: Gholdengo
|-damage|p2a: Gholdengo|8/100
|-enditem|p2a: Gholdengo|Air Balloon
|-damage|p1a: Rillaboom|40/100|[from] Recoil
|move|p2a: Gholdengo|Make It Rain|p1a: Rillaboom
|-damage|p1a: Rillaboom|0 fnt
|-unboost|p2a: Gholdengo|spa|1
|faint|p1a: Rillaboom
|
|-heal|p2a: Gholdengo|14/100|[from] Grassy Terrain
|upkeep
|
|t:|1759057151
|switch|p1a: Raging Bolt|Raging Bolt|100/100
|-damage|p1a: Raging Bolt|88/100|[from] Stealth Rock
|turn|13
|
|t:|1759057158
|switch|p2a: Iron Treads|Iron Treads|100/100
|move|p1a: Raging Bolt|Draco Meteor|p2a: Iron Treads
|-resisted|p2a: Iron Treads
|-damage|p2a: Iron Treads|56/100
|-unboost|p1a: Raging Bolt|spa|2
|
|-heal|p2a: Iron Treads|62/100|[from] Grassy Terrain
|-heal|p2a: Iron Treads|68/100|[from] item: Leftovers
|-heal|p1a: Raging Bolt|94/100|[from] Grassy Terrain
|upkeep
|turn|14
|
|t:|1759057163
|-end|p1a: Raging Bolt|Protosynthesis|[silent]
|switch|p1a: Slowking|Slowking-Galar, F|100/100
|-damage|p1a: Slowking|88/100|[from] Stealth Rock
|move|p2a: Iron Treads|Ice Spinner|p1a: Slowking
|-damage|p1a: Slowking|73/100
|-damage|p2a: Iron Treads|51/100|[from] item: Rocky Helmet|[of] p1a: Slowking
|-fieldend|move: Grassy Terrain
|
|-heal|p2a: Iron Treads|57/100|[from] item: Leftovers
|upkeep
|turn|15
|
|t:|1759057169
|move|p2a: Iron Treads|Earthquake|p1a: Slowking
|-supereffective|p1a: Slowking
|-damage|p1a: Slowking|13/100
|move|p1a: Slowking|Ice Beam|p2a: Iron Treads
|-damage|p2a: Iron Treads|37/100
|
|-heal|p2a: Iron Treads|43/100|[from] item: Leftovers
|upkeep
|turn|16
|
|t:|1759057172
|move|p2a: Iron Treads|Earthquake|p1a: Slowking
|-supereffective|p1a: Slowking
|-damage|p1a: Slowking|0 fnt
|faint|p1a: Slowking
|
|-heal|p2a: Iron Treads|49/100|[from] item: Leftovers
|upkeep
|
|t:|1759057174
|switch|p1a: Garganacl|Garganacl, M|100/100
|-damage|p1a: Garganacl|88/100|[from] Stealth Rock
|turn|17
|
|t:|1759057177
|-end|p2a: Iron Treads|Quark Drive|[silent]
|switch|p2a: Gholdengo|Gholdengo|14/100
|move|p1a: Garganacl|Protect||[still]
|-fail|p1a: Garganacl
|
|-heal|p1a: Garganacl|94/100|[from] item: Leftovers
|upkeep
|turn|18
|
|t:|1759057182
|switch|p1a: Raging Bolt|Raging Bolt|94/100
|-damage|p1a: Raging Bolt|82/100|[from] Stealth Rock
|move|p2a: Gholdengo|Make It Rain|p1a: Raging Bolt
|-resisted|p1a: Raging Bolt
|-damage|p1a: Raging Bolt|55/100
|-unboost|p2a: Gholdengo|spa|1
|
|upkeep
|turn|19
|
|t:|1759057184
|switch|p2a: Iron Valiant|Iron Valiant|100/100
|move|p1a: Raging Bolt|Draco Meteor|p2a: Iron Valiant
|-immune|p2a: Iron Valiant
|
|upkeep
|turn|20
|
|t:|1759057187
|-end|p1a: Raging Bolt|Protosynthesis|[silent]
|switch|p1a: Garganacl|Garganacl, M|94/100
|-damage|p1a: Garganacl|82/100|[from] Stealth Rock
|move|p2a: Iron Valiant|Moonblast|p1a: Garganacl
|-damage|p1a: Garganacl|38/100
|
|-heal|p1a: Garganacl|44/100|[from] item: Leftovers
|upkeep
|turn|21
|
|t:|1759057191
|move|p1a: Garganacl|Protect|p1a: Garganacl
|-singleturn|p1a: Garganacl|Protect
|move|p2a: Iron Valiant|Moonblast|p1a: Garganacl
|-activate|p1a: Garganacl|move: Protect
|
|-heal|p1a: Garganacl|50/100|[from] item: Leftovers
|upkeep
|turn|22
|
|t:|1759057192
|-terastallize|p2a: Iron Valiant|Fairy
|move|p2a: Iron Valiant|Moonblast|p1a: Garganacl
|-damage|p1a: Garganacl|0 fnt
|faint|p1a: Garganacl
|
|upkeep
|j| wgw2333
|-message|Ctannn forfeited.
|
|win|mcribs
|raw|Ctannn's rating: 1803 &rarr; <strong>1780</strong><br />(-23 for losing)
|raw|mcribs's rating: 1758 &rarr; <strong>1781</strong><br />(+23 for winning)
|l|☆Ctannn
|player|p1|
