|j|☆dragapult's force
|j|☆homerac
|t:|1759073200
|gametype|singles
|player|p1|dragapult's force|clair|1326
|player|p2|homerac|266|1325
|gen|9
|tier|[Gen 9] OU
|rated|
|rule|HP Percentage Mod: HP is shown in percentages
|rule|Endless Battle Clause: Forcing endless battles is banned
|rule|Species Clause: Limit one of each Pokémon
|rule|OHKO Clause: OHKO moves are banned
|rule|Evasion Items Clause: Evasion items are banned
|rule|Evasion Moves Clause: Evasion moves are banned
|rule|Evasion Abilities Clause: Evasion abilities are banned
|rule|Sleep Moves Clause: Sleep-inducing moves are banned
|clearpoke
|poke|p1|Landorus-Therian, M|
|poke|p1|Samurott-Hisui, F|
|poke|p1|Pecharunt|
|poke|p1|Scizor, M|
|poke|p1|Latios, M|
|poke|p1|Zamazenta-*|
|poke|p2|Araquanid, M|
|poke|p2|Darkrai|
|poke|p2|Garchomp, F|
|poke|p2|Primarina, M|
|poke|p2|Breloom, M|
|poke|p2|Oricorio-Pom-Pom, M|
|teampreview
|inactive|Battle timer is ON: inactive players will automatically lose when time's up. (requested by dragapult's force)
|
|t:|1759073220
|teamsize|p1|6
|teamsize|p2|6
|start
|switch|p1a: Samurott|Samurott-Hisui, F|100/100
|switch|p2a: Darkrai|Darkrai|100/100
|turn|1
|
|t:|1759073225
|move|p2a: Darkrai|Focus Blast|p1a: Samurott
|-supereffective|p1a: Samurott
|-damage|p1a: Samurott|0 fnt
|faint|p1a: Samurott
|
|upkeep
|
|t:|1759073230
|switch|p1a: Landorus|Landorus-Therian, M|100/100
|-ability|p1a: Landorus|Intimidate|boost
|-unboost|p2a: Darkrai|atk|1
|turn|2
|
|t:|1759073234
|switch|p2a: Garchomp|Garchomp, F|100/100
|move|p1a: Landorus|Stealth Rock|p2a: Garchomp
|-sidestart|p2: homerac|move: Stealth Rock
|
|upkeep
|turn|3
|
|t:|1759073239
|move|p1a: Landorus|Earthquake|p2a: Garchomp
|-damage|p2a: Garchomp|57/100
|move|p2a: Garchomp|Stealth Rock|p1a: Landorus
|-sidestart|p1: dragapult's force|move: Stealth Rock
|
|upkeep
|turn|4
|
|t:|1759073243
|switch|p2a: Oricorio|Oricorio-Pom-Pom, M|100/100
|move|p1a: Landorus|Earthquake|p2a: Oricorio
|-immune|p2a: Oricorio
|
|upkeep
|turn|5
|
|t:|1759073249
|move|p1a: Landorus|Smack Down|p2a: Oricorio
|-supereffective|p2a: Oricorio
|-damage|p2a: Oricorio|51/100
|-start|p2a: Oricorio|Smack Down
|move|p2a: Oricorio|Quiver Dance|p2a: Oricorio
|-boost|p2a: Oricorio|spa|1
|-boost|p2a: Oricorio|spd|1
|-boost|p2a: Oricorio|spe|1
|
|upkeep
|turn|6
|
|t:|1759073256
|move|p2a: Oricorio|Icy Wind|p1a: Landorus|[miss]
|-miss|p2a: Oricorio|p1a: Landorus
|move|p1a: Landorus|Earthquake|p2a: Oricorio
|-supereffective|p2a: Oricorio
|-damage|p2a: Oricorio|0 fnt
|faint|p2a: Oricorio
|
|upkeep
|
|t:|1759073262
|switch|p2a: Darkrai|Darkrai|100/100
|-damage|p2a: Darkrai|88/100|[from] Stealth Rock
|turn|7
|
|t:|1759073266
|move|p2a: Darkrai|Ice Beam|p1a: Landorus
|-supereffective|p1a: Landorus
|-damage|p1a: Landorus|0 fnt
|faint|p1a: Landorus
|
|upkeep
|
|t:|1759073270
|switch|p1a: Scizor|Scizor, M|100/100
|turn|8
|inactive|homerac has 120 seconds left.
|
|t:|1759073321
|switch|p2a: Garchomp|Garchomp, F|57/100
|-damage|p2a: Garchomp|50/100|[from] Stealth Rock
|move|p1a: Scizor|Swords Dance|p1a: Scizor
|-boost|p1a: Scizor|atk|2
|
|upkeep
|turn|9
|
|t:|1759073328
|move|p1a: Scizor|Bullet Punch|p2a: Garchomp
|-damage|p2a: Garchomp|0 fnt
|-damage|p1a: Scizor|88/100|[from] ability: Rough Skin|[of] p2a: Garchomp
|-damage|p1a: Scizor|72/100|[from] item: Rocky Helmet|[of] p2a: Garchomp
|faint|p2a: Garchomp
|
|upkeep
|
|t:|1759073340
|switch|p2a: Breloom|Breloom, M|100/100
|-damage|p2a: Breloom|94/100|[from] Stealth Rock
|turn|10
|
|t:|1759073345
|move|p2a: Breloom|Mach Punch|p1a: Scizor
|-damage|p1a: Scizor|30/100
|move|p1a: Scizor|Bullet Punch|p2a: Breloom
|-damage|p2a: Breloom|0 fnt
|faint|p2a: Breloom
|
|upkeep
|
|t:|1759073351
|switch|p2a: Araquanid|Araquanid, M|100/100
|-damage|p2a: Araquanid|76/100|[from] Stealth Rock
|turn|11
|
|t:|1759073356
|-terastallize|p1a: Scizor|Electric
|move|p1a: Scizor|Tera Blast|p2a: Araquanid|[anim] Tera Blast Electric
|-supereffective|p2a: Araquanid
|-damage|p2a: Araquanid|0 fnt
|faint|p2a: Araquanid
|
|upkeep
|inactive|homerac has 120 seconds left.
|
|t:|1759073362
|switch|p2a: Darkrai|Darkrai|88/100
|-damage|p2a: Darkrai|76/100|[from] Stealth Rock
|turn|12
|
|t:|1759073365
|move|p1a: Scizor|Bullet Punch|p2a: Darkrai
|-damage|p2a: Darkrai|0 fnt
|faint|p2a: Darkrai
|
|upkeep
|
|t:|1759073369
|switch|p2a: Primarina|Primarina, M|100/100
|-damage|p2a: Primarina|88/100|[from] Stealth Rock
|turn|13
|
|t:|1759073372
|move|p1a: Scizor|Tera Blast|p2a: Primarina|[anim] Tera Blast Electric
|-supereffective|p2a: Primarina
|-damage|p2a: Primarina|0 fnt
|faint|p2a: Primarina
|
|win|dragapult's force
|raw|dragapult&apos;s force's rating: 1326 &rarr; <strong>1346</strong><br />(+20 for winning)
|raw|homerac's rating: 1325 &rarr; <strong>1305</strong><br />(-20 for losing)
|l|☆dragapult's force
|player|p1|
