|j|☆schoolwifisucks22
|j|☆pokeplup7
|t:|1758946061
|gametype|singles
|player|p1|schoolwifisucks22|swimmerf-gen4|1268
|player|p2|pokeplup7|iris-gen5bw2|1243
|gen|9
|tier|[Gen 9] OU
|rated|
|rule|HP Percentage Mod: HP is shown in percentages
|rule|Endless Battle Clause: Forcing endless battles is banned
|rule|Species Clause: Limit one of each Pokémon
|rule|OHKO Clause: OHKO moves are banned
|rule|Evasion Items Clause: Evasion items are banned
|rule|Evasion Moves Clause: Evasion moves are banned
|rule|Evasion Abilities Clause: Evasion abilities are banned
|rule|Sleep Moves Clause: Sleep-inducing moves are banned
|clearpoke
|poke|p1|Slowking-Galar, M|
|poke|p1|Deoxys-Speed|
|poke|p1|Kommo-o, F|
|poke|p1|Dragonite, M|
|poke|p1|Iron Treads|
|poke|p1|Kingambit, M|
|poke|p2|Samurott-Hisui, F|
|poke|p2|Sinistcha-Masterpiece|
|poke|p2|Zamazenta-*|
|poke|p2|Zapdos|
|poke|p2|Hatterene, F|
|poke|p2|Salamence, M|
|teampreview
|inactive|Battle timer is ON: inactive players will automatically lose when time's up. (requested by schoolwifisucks22)
|
|t:|1758946069
|teamsize|p1|6
|teamsize|p2|6
|start
|switch|p1a: The Quickster|Deoxys-Speed, shiny|100/100
|switch|p2a: Samurott|Samurott-Hisui, F|100/100
|-ability|p1a: The Quickster|Pressure
|turn|1
|
|t:|1758946076
|move|p1a: The Quickster|Ice Beam|p2a: Samurott
|-resisted|p2a: Samurott
|-damage|p2a: Samurott|83/100
|move|p2a: Samurott|Flip Turn|p1a: The Quickster
|-damage|p1a: The Quickster|58/100
|
|t:|1758946090
|switch|p2a: Zapdos|Zapdos|100/100|[from] Flip Turn
|
|upkeep
|turn|2
|
|t:|1758946093
|move|p1a: The Quickster|Stealth Rock|p2a: Zapdos
|-sidestart|p2: pokeplup7|move: Stealth Rock
|move|p2a: Zapdos|Discharge|p1a: The Quickster
|-damage|p1a: The Quickster|0 fnt
|faint|p1a: The Quickster
|
|upkeep
|
|t:|1758946099
|switch|p1a: Elon Tusk|Iron Treads|100/100
|-enditem|p1a: Elon Tusk|Booster Energy
|-activate|p1a: Elon Tusk|ability: Quark Drive|[fromitem]
|-start|p1a: Elon Tusk|quarkdrivespe
|turn|3
|
|t:|1758946111
|switch|p2a: Sinistcha|Sinistcha-Masterpiece|100/100
|-damage|p2a: Sinistcha|88/100|[from] Stealth Rock
|move|p1a: Elon Tusk|Knock Off|p2a: Sinistcha
|-supereffective|p2a: Sinistcha
|-damage|p2a: Sinistcha|46/100
|-enditem|p2a: Sinistcha|Leftovers|[from] move: Knock Off|[of] p1a: Elon Tusk
|
|upkeep
|turn|4
|
|t:|1758946118
|move|p1a: Elon Tusk|Knock Off|p2a: Sinistcha
|-supereffective|p2a: Sinistcha
|-damage|p2a: Sinistcha|14/100
|move|p2a: Sinistcha|Strength Sap|p1a: Elon Tusk
|-unboost|p1a: Elon Tusk|atk|1
|-heal|p2a: Sinistcha|100/100
|
|upkeep
|turn|5
|
|t:|1758946126
|-end|p1a: Elon Tusk|Quark Drive|[silent]
|switch|p1a: 🤓🤓🤓|Slowking-Galar, M|100/100
|move|p2a: Sinistcha|Matcha Gotcha|p1a: 🤓🤓🤓
|-resisted|p1a: 🤓🤓🤓
|-damage|p1a: 🤓🤓🤓|87/100
|-status|p1a: 🤓🤓🤓|brn
|
|-damage|p1a: 🤓🤓🤓|81/100 brn|[from] brn
|upkeep
|turn|6
|
|t:|1758946130
|move|p2a: Sinistcha|Shadow Ball|p1a: 🤓🤓🤓
|-supereffective|p1a: 🤓🤓🤓
|-damage|p1a: 🤓🤓🤓|27/100 brn
|move|p1a: 🤓🤓🤓|Ice Beam|p2a: Sinistcha
|-supereffective|p2a: Sinistcha
|-damage|p2a: Sinistcha|46/100
|
|-damage|p1a: 🤓🤓🤓|21/100 brn|[from] brn
|upkeep
|turn|7
|
|t:|1758946135
|move|p2a: Sinistcha|Shadow Ball|p1a: 🤓🤓🤓
|-supereffective|p1a: 🤓🤓🤓
|-damage|p1a: 🤓🤓🤓|0 fnt
|faint|p1a: 🤓🤓🤓
|
|upkeep
|
|t:|1758946140
|switch|p1a: Fortnite|Dragonite, M|100/100
|turn|8
|
|t:|1758946143
|move|p1a: Fortnite|Dragon Dance|p1a: Fortnite
|-boost|p1a: Fortnite|atk|1
|-boost|p1a: Fortnite|spe|1
|move|p2a: Sinistcha|Strength Sap|p1a: Fortnite
|-unboost|p1a: Fortnite|atk|1
|-heal|p2a: Sinistcha|100/100
|
|upkeep
|turn|9
|
|t:|1758946148
|move|p1a: Fortnite|Encore|p2a: Sinistcha
|-start|p2a: Sinistcha|Encore
|move|p2a: Sinistcha|Strength Sap|p1a: Fortnite
|-unboost|p1a: Fortnite|atk|1
|
|upkeep
|turn|10
|
|t:|1758946159
|switch|p2a: Hatterene|Hatterene, F|100/100
|-damage|p2a: Hatterene|88/100|[from] Stealth Rock
|move|p1a: Fortnite|Dragon Dance|p1a: Fortnite
|-boost|p1a: Fortnite|atk|1
|-boost|p1a: Fortnite|spe|1
|
|-heal|p2a: Hatterene|94/100|[from] item: Leftovers
|upkeep
|turn|11
|
|t:|1758946165
|-terastallize|p1a: Fortnite|Ghost
|move|p1a: Fortnite|Tera Blast|p2a: Hatterene|[anim] Tera Blast Ghost
|-supereffective|p2a: Hatterene
|-damage|p2a: Hatterene|7/100
|move|p2a: Hatterene|Nuzzle|p1a: Fortnite
|-damage|p1a: Fortnite|98/100
|-status|p1a: Fortnite|par
|
|-heal|p2a: Hatterene|13/100|[from] item: Leftovers
|upkeep
|turn|12
|
|t:|1758946171
|move|p1a: Fortnite|Encore|p2a: Hatterene
|move|p2a: Hatterene|Encore||[from] ability: Magic Bounce|[still]
|-fail|p2a: Hatterene
|move|p2a: Hatterene|Healing Wish|p2a: Hatterene
|faint|p2a: Hatterene
|
|upkeep
|-message|schoolwifisucks22 forfeited.
|
|win|pokeplup7
|raw|schoolwifisucks22's rating: 1268 &rarr; <strong>1241</strong><br />(-27 for losing)
|raw|pokeplup7's rating: 1243 &rarr; <strong>1270</strong><br />(+27 for winning)
|l|☆schoolwifisucks22
|player|p1|
|l|☆pokeplup7
|player|p2|
