|j|☆zane0911
|j|☆dseokp
|t:|1759064418
|gametype|singles
|player|p1|zane0911|bede|1533
|player|p2|dseokp|unknown|1565
|gen|9
|tier|[Gen 9] OU
|rated|
|rule|HP Percentage Mod: HP is shown in percentages
|rule|Endless Battle Clause: Forcing endless battles is banned
|rule|Species Clause: Limit one of each Pokémon
|rule|OHKO Clause: OHKO moves are banned
|rule|Evasion Items Clause: Evasion items are banned
|rule|Evasion Moves Clause: Evasion moves are banned
|rule|Evasion Abilities Clause: Evasion abilities are banned
|rule|Sleep Moves Clause: Sleep-inducing moves are banned
|clearpoke
|poke|p1|Indeedee, M|
|poke|p1|Hatterene, F|
|poke|p1|Ursaluna, M|
|poke|p1|Iron Hands|
|poke|p1|Hoopa-Unbound|
|poke|p1|Mimikyu, F|
|poke|p2|Glimmora, F|
|poke|p2|Iron Treads|
|poke|p2|Polteageist-Antique|
|poke|p2|Raging Bolt|
|poke|p2|Dragonite, M|
|poke|p2|Zamazenta-*|
|teampreview
|inactive|Battle timer is ON: inactive players will automatically lose when time's up. (requested by zane0911)
|
|t:|1759064434
|teamsize|p1|6
|teamsize|p2|6
|start
|switch|p1a: Mimi 🎭|Mimikyu, F|100/100
|switch|p2a: Iron Treads|Iron Treads|100/100
|-enditem|p2a: Iron Treads|Booster Energy
|-activate|p2a: Iron Treads|ability: Quark Drive|[fromitem]
|-start|p2a: Iron Treads|quarkdrivespe
|turn|1
|
|t:|1759064443
|move|p2a: Iron Treads|Knock Off|p1a: Mimi 🎭
|-activate|p1a: Mimi 🎭|ability: Disguise
|-damage|p1a: Mimi 🎭|100/100
|-enditem|p1a: Mimi 🎭|Red Card|[from] move: Knock Off|[of] p2a: Iron Treads
|detailschange|p1a: Mimi 🎭|Mimikyu-Busted, F
|-damage|p1a: Mimi 🎭|88/100|[from] pokemon: Mimikyu-Busted
|move|p1a: Mimi 🎭|Trick Room|p1a: Mimi 🎭
|-fieldstart|move: Trick Room|[of] p1a: Mimi 🎭
|
|upkeep
|turn|2
|
|t:|1759064453
|switch|p1a: LEBRON 🏀|Iron Hands, shiny|100/100
|-enditem|p1a: LEBRON 🏀|Booster Energy
|-activate|p1a: LEBRON 🏀|ability: Quark Drive|[fromitem]
|-start|p1a: LEBRON 🏀|quarkdriveatk
|move|p2a: Iron Treads|Stealth Rock|p1a: LEBRON 🏀
|-sidestart|p1: zane0911|move: Stealth Rock
|
|upkeep
|turn|3
|
|t:|1759064467
|move|p1a: LEBRON 🏀|Supercell Slam|p2a: Iron Treads
|-immune|p2a: Iron Treads
|-damage|p1a: LEBRON 🏀|50/100|[from] supercellslam
|move|p2a: Iron Treads|Endeavor|p1a: LEBRON 🏀
|-immune|p1a: LEBRON 🏀
|
|upkeep
|turn|4
|
|t:|1759064485
|-end|p2a: Iron Treads|Quark Drive|[silent]
|switch|p2a: Polteageist|Polteageist-Antique|100/100
|move|p1a: LEBRON 🏀|Supercell Slam|p2a: Polteageist
|-enditem|p2a: Polteageist|Focus Sash
|-damage|p2a: Polteageist|1/100
|-ability|p2a: Polteageist|Weak Armor|boost
|-unboost|p2a: Polteageist|def|1
|-boost|p2a: Polteageist|spe|2
|
|upkeep
|turn|5
|inactive|dseokp has 120 seconds left.
|
|t:|1759064521
|move|p1a: LEBRON 🏀|Ice Punch|p2a: Polteageist
|-damage|p2a: Polteageist|0 fnt
|faint|p2a: Polteageist
|
|-fieldend|move: Trick Room
|upkeep
|
|t:|1759064530
|switch|p2a: Glimmora|Glimmora, F|100/100
|turn|6
|
|t:|1759064551
|move|p2a: Glimmora|Sludge Wave|p1a: LEBRON 🏀
|-damage|p1a: LEBRON 🏀|14/100
|move|p1a: LEBRON 🏀|Heavy Slam|p2a: Glimmora
|-supereffective|p2a: Glimmora
|-damage|p2a: Glimmora|0 fnt
|-activate|p2a: Glimmora|ability: Toxic Debris
|-sidestart|p1: zane0911|move: Toxic Spikes
|faint|p2a: Glimmora
|
|upkeep
|inactive|dseokp has 90 seconds left.
|
|t:|1759064569
|switch|p2a: Raging Bolt|Raging Bolt|100/100
|-enditem|p2a: Raging Bolt|Booster Energy
|-activate|p2a: Raging Bolt|ability: Protosynthesis|[fromitem]
|-start|p2a: Raging Bolt|protosynthesisspa
|turn|7
|
|t:|1759064578
|move|p2a: Raging Bolt|Thunderbolt|p1a: LEBRON 🏀
|-resisted|p1a: LEBRON 🏀
|-damage|p1a: LEBRON 🏀|0 fnt
|faint|p1a: LEBRON 🏀
|-end|p1a: LEBRON 🏀|Quark Drive|[silent]
|
|upkeep
|
|t:|1759064585
|switch|p1a: Alfred 🦇|Indeedee, M|100/100
|-damage|p1a: Alfred 🦇|88/100|[from] Stealth Rock
|-status|p1a: Alfred 🦇|psn
|-fieldstart|move: Psychic Terrain|[from] ability: Psychic Surge|[of] p1a: Alfred 🦇
|turn|8
|
|t:|1759064594
|move|p2a: Raging Bolt|Thunderbolt|p1a: Alfred 🦇
|-damage|p1a: Alfred 🦇|16/100 psn
|move|p1a: Alfred 🦇|Trick Room|p1a: Alfred 🦇
|-fieldstart|move: Trick Room|[of] p1a: Alfred 🦇
|
|-damage|p1a: Alfred 🦇|3/100 psn|[from] psn
|upkeep
|turn|9
|inactive|dseokp has 90 seconds left.
|
|t:|1759064620
|move|p1a: Alfred 🦇|Healing Wish|p1a: Alfred 🦇
|faint|p1a: Alfred 🦇
|move|p2a: Raging Bolt|Calm Mind|p2a: Raging Bolt
|-boost|p2a: Raging Bolt|spa|1
|-boost|p2a: Raging Bolt|spd|1
|
|upkeep
|inactive|zane0911 has 120 seconds left.
|inactive|zane0911 has 90 seconds left.
|inactive|zane0911 has 60 seconds left.
|
|t:|1759064710
|switch|p1a: Blood & Honey 🍯|Ursaluna, M, shiny|100/100
|-damage|p1a: Blood & Honey 🍯|94/100|[from] Stealth Rock
|-status|p1a: Blood & Honey 🍯|psn
|turn|10
|
|t:|1759064725
|-terastallize|p2a: Raging Bolt|Bug
|move|p1a: Blood & Honey 🍯|Facade|p2a: Raging Bolt
|-damage|p2a: Raging Bolt|0 fnt
|faint|p2a: Raging Bolt
|-end|p2a: Raging Bolt|Protosynthesis|[silent]
|
|-damage|p1a: Blood & Honey 🍯|82/100 psn|[from] psn
|upkeep
|inactive|dseokp has 90 seconds left.
|c|☆zane0911|Ggs
|
|t:|1759064746
|switch|p2a: 快龙一定要快|Dragonite, M|100/100
|turn|11
|c|☆zane0911|U lost
|
|t:|1759064754
|move|p2a: 快龙一定要快|Extreme Speed|p1a: Blood & Honey 🍯
|-activate|p1a: Blood & Honey 🍯|move: Psychic Terrain
|move|p1a: Blood & Honey 🍯|Ice Punch|p2a: 快龙一定要快
|-supereffective|p2a: 快龙一定要快
|-damage|p2a: 快龙一定要快|11/100
|
|-damage|p1a: Blood & Honey 🍯|70/100 psn|[from] psn
|upkeep
|turn|12
|inactive|dseokp has 90 seconds left.
|
|t:|1759064764
|switch|p2a: Iron Treads|Iron Treads|100/100
|move|p1a: Blood & Honey 🍯|Facade|p2a: Iron Treads
|-resisted|p2a: Iron Treads
|-damage|p2a: Iron Treads|53/100
|
|-damage|p1a: Blood & Honey 🍯|58/100 psn|[from] psn
|-fieldend|move: Trick Room
|upkeep
|turn|13
|inactive|zane0911 has 90 seconds left.
|inactive|dseokp has 90 seconds left.
|
|t:|1759064789
|switch|p1a: Dark Magician 🔮|Hoopa-Unbound|100/100
|-damage|p1a: Dark Magician 🔮|88/100|[from] Stealth Rock
|-status|p1a: Dark Magician 🔮|psn
|-enditem|p1a: Dark Magician 🔮|Psychic Seed
|-boost|p1a: Dark Magician 🔮|spd|1|[from] item: Psychic Seed
|move|p2a: Iron Treads|Knock Off|p1a: Dark Magician 🔮
|-damage|p1a: Dark Magician 🔮|71/100 psn
|
|-damage|p1a: Dark Magician 🔮|59/100 psn|[from] psn
|upkeep
|turn|14
|inactive|dseokp has 60 seconds left.
|c|☆zane0911|ggs still
|c|☆zane0911|U lost
|
|t:|1759064849
|-end|p2a: Iron Treads|Quark Drive|[silent]
|switch|p2a: 快龙一定要快|Dragonite, M|11/100
|move|p1a: Dark Magician 🔮|Trick Room|p1a: Dark Magician 🔮
|-fieldstart|move: Trick Room|[of] p1a: Dark Magician 🔮
|
|-damage|p1a: Dark Magician 🔮|46/100 psn|[from] psn
|upkeep
|turn|15
|c|☆zane0911|Ggggggggsssssss
|inactive|dseokp has 30 seconds left.
|
|t:|1759064866
|move|p1a: Dark Magician 🔮|Expanding Force|p2a: 快龙一定要快
|-damage|p2a: 快龙一定要快|0 fnt
|faint|p2a: 快龙一定要快
|-item|p1a: Dark Magician 🔮|Choice Band|[from] ability: Magician|[of] p2: 快龙一定要快
|
|-damage|p1a: Dark Magician 🔮|34/100 psn|[from] psn
|-fieldend|move: Psychic Terrain
|upkeep
|inactive|dseokp has 30 seconds left.
|
|t:|1759064875
|switch|p2a: Iron Treads|Iron Treads|53/100
|turn|16
|inactive|dseokp has 30 seconds left.
|
|t:|1759064893
|move|p1a: Dark Magician 🔮|Brick Break|p2a: Iron Treads
|-supereffective|p2a: Iron Treads
|-damage|p2a: Iron Treads|0 fnt
|faint|p2a: Iron Treads
|-end|p2a: Iron Treads|Quark Drive|[silent]
|
|-damage|p1a: Dark Magician 🔮|21/100 psn|[from] psn
|upkeep
|inactive|dseokp has 30 seconds left.
|
|t:|1759064898
|switch|p2a: Zamazenta|Zamazenta|100/100
|-ability|p2a: Zamazenta|Dauntless Shield|boost
|-boost|p2a: Zamazenta|def|1
|turn|17
|inactive|dseokp has 30 seconds left.
|
|t:|1759064909
|switch|p1a: Satella 👄|Hatterene, F, shiny|100/100
|-damage|p1a: Satella 👄|88/100|[from] Stealth Rock
|-status|p1a: Satella 👄|psn
|move|p2a: Zamazenta|Body Press|p1a: Satella 👄
|-resisted|p1a: Satella 👄
|-damage|p1a: Satella 👄|72/100 psn
|
|-damage|p1a: Satella 👄|59/100 psn|[from] psn
|upkeep
|turn|18
|inactive|dseokp has 30 seconds left.
|
|t:|1759064923
|move|p1a: Satella 👄|Draining Kiss|p2a: Zamazenta
|-supereffective|p2a: Zamazenta
|-damage|p2a: Zamazenta|38/100
|-heal|p1a: Satella 👄|100/100 psn|[from] drain|[of] p2a: Zamazenta
|-damage|p1a: Satella 👄|91/100 psn|[from] item: Life Orb
|move|p2a: Zamazenta|Roar|p1a: Satella 👄
|move|p1a: Satella 👄|Roar||[from] ability: Magic Bounce|[still]
|-fail|p1a: Satella 👄
|
|-heal|p2a: Zamazenta|44/100|[from] item: Leftovers
|-damage|p1a: Satella 👄|78/100 psn|[from] psn
|-fieldend|move: Trick Room
|upkeep
|turn|19
|inactive|dseokp has 30 seconds left.
|-message|dseokp forfeited.
|
|win|zane0911
|raw|zane0911's rating: 1533 &rarr; <strong>1555</strong><br />(+22 for winning)
|raw|dseokp's rating: 1565 &rarr; <strong>1543</strong><br />(-22 for losing)
|l|☆dseokp
|player|p2|
|l|☆zane0911
|player|p1|
