|j|☆Jinghan Yu
|j|☆Mimx2
|t:|1758963453
|gametype|singles
|player|p1|Jinghan Yu|nate|1264
|player|p2|Mimx2|lucas|1248
|gen|9
|tier|[Gen 9] OU
|rated|
|rule|HP Percentage Mod: HP is shown in percentages
|rule|Endless Battle Clause: Forcing endless battles is banned
|rule|Species Clause: Limit one of each Pokémon
|rule|OHKO Clause: OHKO moves are banned
|rule|Evasion Items Clause: Evasion items are banned
|rule|Evasion Moves Clause: Evasion moves are banned
|rule|Evasion Abilities Clause: Evasion abilities are banned
|rule|Sleep Moves Clause: Sleep-inducing moves are banned
|clearpoke
|poke|p1|Scizor, M|
|poke|p1|Tyranitar, M|
|poke|p1|Garchomp, M|
|poke|p1|Gyarados, M|
|poke|p1|Gengar, M|
|poke|p1|Excadrill, M|
|poke|p2|Greninja-*, M|
|poke|p2|Indeedee, M|
|poke|p2|Iron Crown|
|poke|p2|Primeape, F|
|poke|p2|Gholdengo|
|poke|p2|Weavile, F|
|teampreview
|
|t:|1758963481
|teamsize|p1|6
|teamsize|p2|6
|start
|switch|p1a: Timothy|Tyranitar, M|100/100
|switch|p2a: Greninja|Greninja, M|100/100
|-weather|Sandstorm|[from] ability: Sand Stream|[of] p1a: Timothy
|turn|1
|inactive|Battle timer is ON: inactive players will automatically lose when time's up. (requested by Jinghan Yu)
|
|t:|1758963487
|switch|p1a: Osten|Gyarados, M, shiny|100/100
|-ability|p1a: Osten|Intimidate|boost
|-unboost|p2a: Greninja|atk|1
|move|p2a: Greninja|Grass Knot|p1a: Osten
|-damage|p1a: Osten|54/100
|-damage|p2a: Greninja|91/100|[from] item: Life Orb
|
|-weather|Sandstorm|[upkeep]
|-damage|p2a: Greninja|85/100|[from] Sandstorm
|-damage|p1a: Osten|48/100|[from] Sandstorm
|-heal|p1a: Osten|54/100|[from] item: Leftovers
|upkeep
|turn|2
|
|t:|1758963494
|switch|p2a: Primeape|Primeape, F, shiny|100/100
|move|p1a: Osten|Dragon Dance|p1a: Osten
|-boost|p1a: Osten|atk|1
|-boost|p1a: Osten|spe|1
|
|-weather|Sandstorm|[upkeep]
|-damage|p1a: Osten|48/100|[from] Sandstorm
|-damage|p2a: Primeape|95/100|[from] Sandstorm
|-heal|p1a: Osten|54/100|[from] item: Leftovers
|upkeep
|turn|3
|
|t:|1758963502
|-terastallize|p1a: Osten|Flying
|move|p1a: Osten|Tera Blast|p2a: Primeape|[anim] Tera Blast Flying
|-supereffective|p2a: Primeape
|-damage|p2a: Primeape|0 fnt
|faint|p2a: Primeape
|
|-weather|Sandstorm|[upkeep]
|-damage|p1a: Osten|48/100|[from] Sandstorm
|-heal|p1a: Osten|54/100|[from] item: Leftovers
|upkeep
|
|t:|1758963508
|switch|p2a: Greninja|Greninja, M|85/100
|turn|4
|
|t:|1758963511
|move|p1a: Osten|Tera Blast|p2a: Greninja|[anim] Tera Blast Flying
|-damage|p2a: Greninja|0 fnt
|faint|p2a: Greninja
|
|-weather|Sandstorm|[upkeep]
|-damage|p1a: Osten|48/100|[from] Sandstorm
|-heal|p1a: Osten|54/100|[from] item: Leftovers
|upkeep
|
|t:|1758963514
|switch|p2a: Weavile|Weavile, F, shiny|100/100
|-ability|p2a: Weavile|Pressure
|turn|5
|
|t:|1758963517
|switch|p1a: Boden|Scizor, M, shiny|100/100
|move|p2a: Weavile|Ice Shard|p1a: Boden
|-resisted|p1a: Boden
|-damage|p1a: Boden|90/100
|
|-weather|Sandstorm|[upkeep]
|-damage|p2a: Weavile|94/100|[from] Sandstorm
|upkeep
|turn|6
|
|t:|1758963521
|move|p2a: Weavile|Knock Off|p1a: Boden
|-damage|p1a: Boden|39/100
|-enditem|p1a: Boden|Metal Coat|[from] move: Knock Off|[of] p2a: Weavile
|move|p1a: Boden|Swords Dance|p1a: Boden
|-boost|p1a: Boden|atk|2
|
|-weather|Sandstorm|[upkeep]
|-damage|p2a: Weavile|88/100|[from] Sandstorm
|upkeep
|turn|7
|
|t:|1758963527
|move|p2a: Weavile|Knock Off|p1a: Boden
|-damage|p1a: Boden|4/100
|move|p1a: Boden|Brick Break|p2a: Weavile
|-supereffective|p2a: Weavile
|-damage|p2a: Weavile|0 fnt
|faint|p2a: Weavile
|
|-weather|Sandstorm|[upkeep]
|upkeep
|
|t:|1758963536
|switch|p2a: Indeedee|Indeedee, M, shiny|100/100
|-fieldstart|move: Psychic Terrain|[from] ability: Psychic Surge|[of] p2a: Indeedee
|turn|8
|
|t:|1758963546
|switch|p1a: Mangus|Garchomp, M, shiny|100/100
|move|p2a: Indeedee|Hyper Voice|p1a: Mangus
|-damage|p1a: Mangus|54/100
|
|-weather|none
|upkeep
|turn|9
|
|t:|1758963549
|switch|p1a: Timothy|Tyranitar, M|100/100
|-weather|Sandstorm|[from] ability: Sand Stream|[of] p1a: Timothy
|move|p2a: Indeedee|Dazzling Gleam|p1a: Timothy
|-supereffective|p1a: Timothy
|-damage|p1a: Timothy|67/100
|
|-weather|Sandstorm|[upkeep]
|-damage|p2a: Indeedee|94/100|[from] Sandstorm
|upkeep
|turn|10
|
|t:|1758963555
|switch|p2a: Iron Crown|Iron Crown|100/100
|-enditem|p2a: Iron Crown|Booster Energy
|-activate|p2a: Iron Crown|ability: Quark Drive|[fromitem]
|-start|p2a: Iron Crown|quarkdrivespa
|move|p1a: Timothy|Earthquake|p2a: Iron Crown
|-supereffective|p2a: Iron Crown
|-damage|p2a: Iron Crown|24/100
|
|-weather|Sandstorm|[upkeep]
|upkeep
|turn|11
|
|t:|1758963561
|switch|p1a: Mangus|Garchomp, M, shiny|54/100
|move|p2a: Iron Crown|Tachyon Cutter|p1a: Mangus
|-damage|p1a: Mangus|16/100
|-damage|p1a: Mangus|0 fnt
|faint|p1a: Mangus
|-hitcount|p1: Mangus|2
|
|-weather|Sandstorm|[upkeep]
|upkeep
|
|t:|1758963566
|switch|p1a: Boden|Scizor, M, shiny|4/100
|turn|12
|
|t:|1758963572
|move|p1a: Boden|Bullet Punch|p2a: Iron Crown
|-activate|p2a: Iron Crown|move: Psychic Terrain
|move|p2a: Iron Crown|Tachyon Cutter|p1a: Boden
|-resisted|p1a: Boden
|-damage|p1a: Boden|0 fnt
|faint|p1a: Boden
|-hitcount|p1: Boden|1
|
|-weather|Sandstorm|[upkeep]
|upkeep
|
|t:|1758963576
|switch|p1a: Emmett|Excadrill, M|100/100
|-item|p1a: Emmett|Air Balloon
|turn|13
|
|t:|1758963582
|move|p1a: Emmett|Earthquake|p2a: Iron Crown
|-supereffective|p2a: Iron Crown
|-damage|p2a: Iron Crown|0 fnt
|faint|p2a: Iron Crown
|-end|p2a: Iron Crown|Quark Drive|[silent]
|
|-weather|Sandstorm|[upkeep]
|upkeep
|
|t:|1758963589
|switch|p2a: Gholdengo|Gholdengo, shiny|100/100
|turn|14
|
|t:|1758963598
|move|p1a: Emmett|Earthquake|p2a: Gholdengo
|-supereffective|p2a: Gholdengo
|-damage|p2a: Gholdengo|0 fnt
|faint|p2a: Gholdengo
|
|-weather|Sandstorm|[upkeep]
|upkeep
|-message|Mimx2 forfeited.
|
|win|Jinghan Yu
|raw|Jinghan Yu's rating: 1264 &rarr; <strong>1288</strong><br />(+24 for winning)
|raw|Mimx2's rating: 1248 &rarr; <strong>1224</strong><br />(-24 for losing)
|l|☆Mimx2
|player|p2|
|l|☆Jinghan Yu
|player|p1|
