|j|☆andrupa12
|j|☆ash5501
|t:|1758995668
|gametype|singles
|player|p1|andrupa12|benga|1123
|player|p2|ash5501|101|1119
|gen|9
|tier|[Gen 9] OU
|rated|
|rule|HP Percentage Mod: HP is shown in percentages
|rule|Endless Battle Clause: Forcing endless battles is banned
|rule|Species Clause: Limit one of each Pokémon
|rule|OHKO Clause: OHKO moves are banned
|rule|Evasion Items Clause: Evasion items are banned
|rule|Evasion Moves Clause: Evasion moves are banned
|rule|Evasion Abilities Clause: Evasion abilities are banned
|rule|Sleep Moves Clause: Sleep-inducing moves are banned
|clearpoke
|poke|p1|Pikachu-Original, M|
|poke|p1|Charizard, M|
|poke|p1|Blastoise, F|
|poke|p1|Venusaur, F|
|poke|p1|Primeape, M|
|poke|p1|Muk, M|
|poke|p2|Dragonite, F|
|poke|p2|Umbreon, M|
|poke|p2|Azumarill, M|
|poke|p2|Donphan, M|
|poke|p2|Scizor, M|
|poke|p2|Entei|
|teampreview
|inactive|Battle timer is ON: inactive players will automatically lose when time's up. (requested by ash5501)
|
|t:|1758995688
|teamsize|p1|6
|teamsize|p2|6
|start
|switch|p1a: Pikachu|Pikachu-Original, M|100/100
|switch|p2a: Donphan|Donphan, M|100/100
|turn|1
|
|t:|1758995693
|-terastallize|p1a: Pikachu|Ice
|move|p1a: Pikachu|Tera Blast|p2a: Donphan|[anim] Tera Blast Ice
|-supereffective|p2a: Donphan
|-ability|p2a: Donphan|Sturdy
|-damage|p2a: Donphan|1/100
|move|p2a: Donphan|Stealth Rock|p1a: Pikachu
|-sidestart|p1: andrupa12|move: Stealth Rock
|
|upkeep
|turn|2
|
|t:|1758995701
|move|p2a: Donphan|Ice Shard|p1a: Pikachu
|-resisted|p1a: Pikachu
|-damage|p1a: Pikachu|75/100
|move|p1a: Pikachu|Surf|p2a: Donphan
|-supereffective|p2a: Donphan
|-damage|p2a: Donphan|0 fnt
|faint|p2a: Donphan
|
|upkeep
|
|t:|1758995704
|switch|p2a: Scizor|Scizor, M|100/100
|turn|3
|
|t:|1758995708
|move|p2a: Scizor|Bullet Punch|p1a: Pikachu
|-supereffective|p1a: Pikachu
|-damage|p1a: Pikachu|0 fnt
|faint|p1a: Pikachu
|
|upkeep
|
|t:|1758995712
|switch|p1a: Blastoise|Blastoise, F|100/100
|-damage|p1a: Blastoise|88/100|[from] Stealth Rock
|turn|4
|
|t:|1758995718
|move|p1a: Blastoise|Shell Smash|p1a: Blastoise
|-unboost|p1a: Blastoise|def|1
|-unboost|p1a: Blastoise|spd|1
|-boost|p1a: Blastoise|atk|2
|-boost|p1a: Blastoise|spa|2
|-boost|p1a: Blastoise|spe|2
|move|p2a: Scizor|Knock Off|p1a: Blastoise
|-damage|p1a: Blastoise|19/100
|-enditem|p1a: Blastoise|Focus Sash|[from] move: Knock Off|[of] p2a: Scizor
|
|upkeep
|turn|5
|
|t:|1758995727
|move|p2a: Scizor|Bullet Punch|p1a: Blastoise
|-resisted|p1a: Blastoise
|-damage|p1a: Blastoise|0 fnt
|faint|p1a: Blastoise
|
|upkeep
|-message|andrupa12 forfeited.
|
|win|ash5501
|raw|andrupa12's rating: 1123 &rarr; <strong>1098</strong><br />(-25 for losing)
|raw|ash5501's rating: 1119 &rarr; <strong>1144</strong><br />(+25 for winning)
|l|☆andrupa12
|player|p1|
|l|☆ash5501
|player|p2|
