|j|☆syk1307
|j|☆freakoffweeb
|t:|1758994045
|gametype|singles
|player|p1|syk1307|giovanni|1499
|player|p2|freakoffweeb|170|1510
|gen|9
|tier|[Gen 9] OU
|rated|
|rule|HP Percentage Mod: HP is shown in percentages
|rule|Endless Battle Clause: Forcing endless battles is banned
|rule|Species Clause: Limit one of each Pokémon
|rule|OHKO Clause: OHKO moves are banned
|rule|Evasion Items Clause: Evasion items are banned
|rule|Evasion Moves Clause: Evasion moves are banned
|rule|Evasion Abilities Clause: Evasion abilities are banned
|rule|Sleep Moves Clause: Sleep-inducing moves are banned
|clearpoke
|poke|p1|Jolteon, M|
|poke|p1|Gyarados, M|
|poke|p1|Arcanine, M|
|poke|p1|Scizor, M|
|poke|p1|Corviknight, M|
|poke|p1|Mew|
|poke|p2|Rillaboom, F|
|poke|p2|Dragapult, M|
|poke|p2|Tyranitar, M|
|poke|p2|Moltres|
|poke|p2|Great Tusk|
|poke|p2|Slowking-Galar, F|
|teampreview
|inactive|Battle timer is ON: inactive players will automatically lose when time's up. (requested by freakoffweeb)
|inactive|syk1307 has 120 seconds left.
|
|t:|1758994081
|teamsize|p1|6
|teamsize|p2|6
|start
|switch|p1a: Scizor|Scizor, M|100/100
|switch|p2a: Slowking|Slowking-Galar, F|100/100
|turn|1
|
|t:|1758994087
|switch|p2a: Moltres|Moltres|100/100
|move|p1a: Scizor|Knock Off|p2a: Moltres
|-damage|p2a: Moltres|63/100
|-enditem|p2a: Moltres|Heavy-Duty Boots|[from] move: Knock Off|[of] p1a: Scizor
|
|upkeep
|turn|2
|
|t:|1758994093
|switch|p1a: Arcanine|Arcanine, M|100/100
|move|p2a: Moltres|Roost|p2a: Moltres
|-heal|p2a: Moltres|100/100
|-singleturn|p2a: Moltres|move: Roost
|
|upkeep
|turn|3
|
|t:|1758994108
|move|p1a: Arcanine|Extreme Speed|p2a: Moltres
|-damage|p2a: Moltres|74/100
|move|p2a: Moltres|U-turn|p1a: Arcanine
|-resisted|p1a: Arcanine
|-damage|p1a: Arcanine|91/100
|
|t:|1758994113
|switch|p2a: SHIN|Tyranitar, M, shiny|100/100|[from] U-turn
|-weather|Sandstorm|[from] ability: Sand Stream|[of] p2a: SHIN
|
|-weather|Sandstorm|[upkeep]
|-damage|p1a: Arcanine|85/100|[from] Sandstorm
|upkeep
|turn|4
|
|t:|1758994120
|switch|p1a: Corviknight|Corviknight, M|100/100
|move|p2a: SHIN|Knock Off|p1a: Corviknight
|-damage|p1a: Corviknight|52/100
|-damage|p2a: SHIN|84/100|[from] item: Rocky Helmet|[of] p1a: Corviknight
|-enditem|p1a: Corviknight|Rocky Helmet|[from] move: Knock Off|[of] p2a: SHIN
|
|-weather|Sandstorm|[upkeep]
|upkeep
|turn|5
|
|t:|1758994131
|switch|p2a: Slowking|Slowking-Galar, F|100/100
|move|p1a: Corviknight|Roost|p1a: Corviknight
|-heal|p1a: Corviknight|100/100
|-singleturn|p1a: Corviknight|move: Roost
|
|-weather|Sandstorm|[upkeep]
|-damage|p2a: Slowking|94/100|[from] Sandstorm
|upkeep
|turn|6
|
|t:|1758994139
|move|p1a: Corviknight|U-turn|p2a: Slowking
|-damage|p2a: Slowking|80/100
|
|t:|1758994148
|switch|p1a: Jolteon|Jolteon, M|100/100|[from] U-turn
|move|p2a: Slowking|Future Sight|p1a: Jolteon
|-start|p2a: Slowking|move: Future Sight
|
|-weather|Sandstorm|[upkeep]
|-damage|p1a: Jolteon|95/100|[from] Sandstorm
|-damage|p2a: Slowking|74/100|[from] Sandstorm
|upkeep
|turn|7
|
|t:|1758994172
|move|p1a: Jolteon|Shadow Ball|p2a: Slowking
|-supereffective|p2a: Slowking
|-damage|p2a: Slowking|30/100
|-prepare|p2a: Slowking|Chilly Reception|[premajor]
|move|p2a: Slowking|Chilly Reception|p2a: Slowking
|-weather|Snowscape
|
|t:|1758994179
|switch|p2a: SHIN|Tyranitar, M, shiny|84/100|[from] Chilly Reception
|-weather|Sandstorm|[from] ability: Sand Stream|[of] p2a: SHIN
|
|-weather|Sandstorm|[upkeep]
|-damage|p1a: Jolteon|89/100|[from] Sandstorm
|upkeep
|turn|8
|
|t:|1758994186
|switch|p1a: Corviknight|Corviknight, M|100/100
|move|p2a: SHIN|Stone Edge|p1a: Corviknight
|-damage|p1a: Corviknight|52/100
|
|-weather|Sandstorm|[upkeep]
|-end|p1a: Corviknight|move: Future Sight
|-resisted|p1a: Corviknight
|-damage|p1a: Corviknight|29/100
|upkeep
|turn|9
|
|t:|1758994194
|move|p2a: SHIN|Stone Edge|p1a: Corviknight|[miss]
|-miss|p2a: SHIN|p1a: Corviknight
|move|p1a: Corviknight|Roost|p1a: Corviknight
|-heal|p1a: Corviknight|79/100
|-singleturn|p1a: Corviknight|move: Roost
|
|-weather|Sandstorm|[upkeep]
|upkeep
|turn|10
|
|t:|1758994201
|move|p2a: SHIN|Stone Edge|p1a: Corviknight
|-damage|p1a: Corviknight|29/100
|move|p1a: Corviknight|U-turn|p2a: SHIN
|-supereffective|p2a: SHIN
|-damage|p2a: SHIN|59/100
|
|t:|1758994211
|switch|p1a: Gyarados|Gyarados, M|100/100|[from] U-turn
|
|-weather|Sandstorm|[upkeep]
|-damage|p1a: Gyarados|94/100|[from] Sandstorm
|upkeep
|turn|11
|
|t:|1758994226
|move|p1a: Gyarados|Waterfall|p2a: SHIN
|-supereffective|p2a: SHIN
|-damage|p2a: SHIN|0 fnt
|faint|p2a: SHIN
|-ability|p1a: Gyarados|Moxie|boost
|-boost|p1a: Gyarados|atk|1
|
|-weather|none
|upkeep
|
|t:|1758994230
|switch|p2a: Dragapult|Dragapult, M, shiny|100/100
|turn|12
|
|t:|1758994234
|move|p2a: Dragapult|Thunder Wave|p1a: Gyarados
|-status|p1a: Gyarados|par
|-enditem|p1a: Gyarados|Lum Berry|[eat]
|-curestatus|p1a: Gyarados|par|[msg]
|move|p1a: Gyarados|Crunch|p2a: Dragapult
|-supereffective|p2a: Dragapult
|-damage|p2a: Dragapult|0 fnt
|faint|p2a: Dragapult
|-ability|p1a: Gyarados|Moxie|boost
|-boost|p1a: Gyarados|atk|1
|
|upkeep
|
|t:|1758994240
|switch|p2a: Moltres|Moltres|74/100
|turn|13
|
|t:|1758994256
|-terastallize|p2a: Moltres|Fairy
|move|p1a: Gyarados|Crunch|p2a: Moltres
|-resisted|p2a: Moltres
|-damage|p2a: Moltres|53/100
|-status|p1a: Gyarados|brn|[from] ability: Flame Body|[of] p2a: Moltres
|move|p2a: Moltres|Roar|p1a: Gyarados
|drag|p1a: Scizor|Scizor, M|100/100
|
|upkeep
|turn|14
|
|t:|1758994272
|switch|p2a: Great Tusk|Great Tusk|100/100
|move|p1a: Scizor|Bullet Punch|p2a: Great Tusk
|-damage|p2a: Great Tusk|63/100
|
|upkeep
|turn|15
|
|t:|1758994279
|move|p1a: Scizor|Bullet Punch|p2a: Great Tusk
|-damage|p2a: Great Tusk|27/100
|move|p2a: Great Tusk|Ice Spinner|p1a: Scizor
|-resisted|p1a: Scizor
|-crit|p1a: Scizor
|-damage|p1a: Scizor|79/100
|
|upkeep
|turn|16
|
|t:|1758994285
|move|p1a: Scizor|Bullet Punch|p2a: Great Tusk
|-damage|p2a: Great Tusk|0 fnt
|faint|p2a: Great Tusk
|-end|p2a: Great Tusk|Protosynthesis|[silent]
|
|upkeep
|
|t:|1758994288
|switch|p2a: Rillaboom|Rillaboom, F|100/100
|-fieldstart|move: Grassy Terrain|[from] ability: Grassy Surge|[of] p2a: Rillaboom
|turn|17
|
|t:|1758994295
|move|p1a: Scizor|Bullet Punch|p2a: Rillaboom
|-damage|p2a: Rillaboom|43/100
|move|p2a: Rillaboom|Knock Off|p1a: Scizor
|-damage|p1a: Scizor|43/100
|-enditem|p1a: Scizor|Choice Band|[from] move: Knock Off|[of] p2a: Rillaboom
|
|-heal|p2a: Rillaboom|49/100|[from] Grassy Terrain
|-heal|p2a: Rillaboom|56/100|[from] item: Leftovers
|-heal|p1a: Scizor|49/100|[from] Grassy Terrain
|upkeep
|turn|18
|
|t:|1758994306
|switch|p2a: Moltres|Moltres, tera:Fairy|53/100
|move|p1a: Scizor|U-turn|p2a: Moltres
|-resisted|p2a: Moltres
|-damage|p2a: Moltres|39/100
|inactive|syk1307 has 120 seconds left.
|
|t:|1758994332
|switch|p1a: Jolteon|Jolteon, M|89/100|[from] U-turn
|
|-heal|p1a: Jolteon|95/100|[from] Grassy Terrain
|-heal|p2a: Moltres|45/100|[from] Grassy Terrain
|upkeep
|turn|19
|
|t:|1758994349
|switch|p2a: Slowking|Slowking-Galar, F|64/100
|move|p1a: Jolteon|Thunderbolt|p2a: Slowking
|-damage|p2a: Slowking|24/100
|
|-heal|p1a: Jolteon|100/100|[from] Grassy Terrain
|-heal|p2a: Slowking|30/100|[from] Grassy Terrain
|upkeep
|turn|20
|
|t:|1758994359
|move|p1a: Jolteon|Thunderbolt|p2a: Slowking
|-damage|p2a: Slowking|0 fnt
|faint|p2a: Slowking
|
|upkeep
|
|t:|1758994362
|switch|p2a: Rillaboom|Rillaboom, F|56/100
|turn|21
|
|t:|1758994365
|switch|p1a: Gyarados|Gyarados, M|94/100 brn
|move|p2a: Rillaboom|Swords Dance|p2a: Rillaboom
|-boost|p2a: Rillaboom|atk|2
|
|-heal|p2a: Rillaboom|62/100|[from] Grassy Terrain
|-heal|p2a: Rillaboom|68/100|[from] item: Leftovers
|-damage|p1a: Gyarados|88/100 brn|[from] brn
|-fieldend|move: Grassy Terrain
|upkeep
|turn|22
|
|t:|1758994375
|switch|p1a: Corviknight|Corviknight, M|29/100
|move|p2a: Rillaboom|Knock Off|p1a: Corviknight
|-damage|p1a: Corviknight|0 fnt
|faint|p1a: Corviknight
|
|-heal|p2a: Rillaboom|74/100|[from] item: Leftovers
|upkeep
|
|t:|1758994384
|switch|p1a: Scizor|Scizor, M|49/100
|turn|23
|
|t:|1758994397
|switch|p2a: Moltres|Moltres, tera:Fairy|45/100
|move|p1a: Scizor|Bullet Punch|p2a: Moltres
|-supereffective|p2a: Moltres
|-damage|p2a: Moltres|0 fnt
|-status|p1a: Scizor|brn|[from] ability: Flame Body|[of] p2a: Moltres
|faint|p2a: Moltres
|
|-damage|p1a: Scizor|43/100 brn|[from] brn
|upkeep
|
|t:|1758994399
|switch|p2a: Rillaboom|Rillaboom, F|74/100
|-fieldstart|move: Grassy Terrain|[from] ability: Grassy Surge|[of] p2a: Rillaboom
|turn|24
|
|t:|1758994409
|move|p2a: Rillaboom|Drain Punch|p1a: Scizor
|-damage|p1a: Scizor|14/100 brn
|-heal|p2a: Rillaboom|88/100|[from] drain|[of] p1a: Scizor
|move|p1a: Scizor|Knock Off|p2a: Rillaboom
|-damage|p2a: Rillaboom|68/100
|-enditem|p2a: Rillaboom|Leftovers|[from] move: Knock Off|[of] p1a: Scizor
|
|-heal|p2a: Rillaboom|74/100|[from] Grassy Terrain
|-heal|p1a: Scizor|20/100 brn|[from] Grassy Terrain
|-damage|p1a: Scizor|14/100 brn|[from] brn
|upkeep
|turn|25
|
|t:|1758994420
|move|p2a: Rillaboom|Drain Punch|p1a: Scizor
|-damage|p1a: Scizor|0 fnt
|-heal|p2a: Rillaboom|81/100|[from] drain|[of] p1a: Scizor
|faint|p1a: Scizor
|
|-heal|p2a: Rillaboom|87/100|[from] Grassy Terrain
|upkeep
|
|t:|1758994438
|switch|p1a: Arcanine|Arcanine, M|85/100
|turn|26
|
|t:|1758994443
|move|p1a: Arcanine|Flare Blitz|p2a: Rillaboom
|-supereffective|p2a: Rillaboom
|-damage|p2a: Rillaboom|0 fnt
|faint|p2a: Rillaboom
|-damage|p1a: Arcanine|53/100|[from] Recoil
|
|win|syk1307
|raw|syk1307's rating: 1499 &rarr; <strong>1520</strong><br />(+21 for winning)
|raw|freakoffweeb's rating: 1510 &rarr; <strong>1489</strong><br />(-21 for losing)
|l|☆freakoffweeb
|player|p2|
|l|☆syk1307
|player|p1|
