|j|☆Poomph
|j|☆Mossful
|t:|1759043243
|gametype|singles
|player|p1|Poomph|irida|1467
|player|p2|Mossful|evelyn|1500
|gen|9
|tier|[Gen 9] OU
|rated|
|rule|HP Percentage Mod: HP is shown in percentages
|rule|Endless Battle Clause: Forcing endless battles is banned
|rule|Species Clause: Limit one of each Pokémon
|rule|OHKO Clause: OHKO moves are banned
|rule|Evasion Items Clause: Evasion items are banned
|rule|Evasion Moves Clause: Evasion moves are banned
|rule|Evasion Abilities Clause: Evasion abilities are banned
|rule|Sleep Moves Clause: Sleep-inducing moves are banned
|clearpoke
|poke|p1|Great Tusk|
|poke|p1|Ogerpon-Cornerstone, F|
|poke|p1|Raging Bolt|
|poke|p1|Ceruledge, M|
|poke|p1|Ribombee, M|
|poke|p1|Gholdengo|
|poke|p2|Tyranitar, M|
|poke|p2|Excadrill, M|
|poke|p2|Iron Crown|
|poke|p2|Salamence, M|
|poke|p2|Azumarill, M|
|poke|p2|Zamazenta-*|
|teampreview
|inactive|Battle timer is ON: inactive players will automatically lose when time's up. (requested by Mossful)
|
|t:|1759043272
|teamsize|p1|6
|teamsize|p2|6
|start
|switch|p1a: Gholdengo|Gholdengo|100/100
|switch|p2a: Iron Crown|Iron Crown|100/100
|-item|p1a: Gholdengo|Air Balloon
|turn|1
|
|t:|1759043292
|move|p2a: Iron Crown|Volt Switch|p1a: Gholdengo
|-damage|p1a: Gholdengo|75/100
|-enditem|p1a: Gholdengo|Air Balloon
|
|t:|1759043294
|-end|p2a: Iron Crown|Quark Drive|[silent]
|switch|p2a: Tyranitar|Tyranitar, M, shiny|100/100|[from] Volt Switch
|-weather|Sandstorm|[from] ability: Sand Stream|[of] p2a: Tyranitar
|move|p1a: Gholdengo|Shadow Ball|p2a: Tyranitar
|-resisted|p2a: Tyranitar
|-damage|p2a: Tyranitar|86/100
|
|-weather|Sandstorm|[upkeep]
|upkeep
|turn|2
|
|t:|1759043304
|move|p1a: Gholdengo|Focus Blast|p2a: Tyranitar|[miss]
|-miss|p1a: Gholdengo|p2a: Tyranitar
|move|p2a: Tyranitar|Knock Off|p1a: Gholdengo
|-supereffective|p1a: Gholdengo
|-damage|p1a: Gholdengo|0 fnt
|faint|p1a: Gholdengo
|
|-weather|Sandstorm|[upkeep]
|upkeep
|
|t:|1759043310
|switch|p1a: BALL BREAKER|Ogerpon-Cornerstone, F|100/100
|turn|3
|
|t:|1759043322
|switch|p2a: Zamazenta|Zamazenta|100/100
|-ability|p2a: Zamazenta|Dauntless Shield|boost
|-boost|p2a: Zamazenta|def|1
|move|p1a: BALL BREAKER|Low Kick|p2a: Zamazenta
|-damage|p2a: Zamazenta|66/100
|
|-weather|Sandstorm|[upkeep]
|-damage|p2a: Zamazenta|60/100|[from] Sandstorm
|upkeep
|turn|4
|
|t:|1759043330
|move|p2a: Zamazenta|Stone Edge|p1a: BALL BREAKER
|-crit|p1a: BALL BREAKER
|-damage|p1a: BALL BREAKER|13/100
|-damage|p2a: Zamazenta|50/100|[from] item: Life Orb
|move|p1a: BALL BREAKER|Power Whip|p2a: Zamazenta
|-damage|p2a: Zamazenta|1/100
|
|-weather|Sandstorm|[upkeep]
|-damage|p2a: Zamazenta|0 fnt|[from] Sandstorm
|faint|p2a: Zamazenta
|upkeep
|
|t:|1759043335
|switch|p2a: Iron Crown|Iron Crown|100/100
|turn|5
|
|t:|1759043350
|switch|p1a: One Thousand Birds|Raging Bolt|100/100
|-enditem|p1a: One Thousand Birds|Booster Energy
|-activate|p1a: One Thousand Birds|ability: Protosynthesis|[fromitem]
|-start|p1a: One Thousand Birds|protosynthesisspa
|move|p2a: Iron Crown|Tachyon Cutter|p1a: One Thousand Birds
|-resisted|p1a: One Thousand Birds
|-damage|p1a: One Thousand Birds|89/100
|-resisted|p1a: One Thousand Birds
|-damage|p1a: One Thousand Birds|76/100
|-hitcount|p1a: One Thousand Birds|2
|
|-weather|none
|upkeep
|turn|6
|
|t:|1759043373
|-end|p2a: Iron Crown|Quark Drive|[silent]
|switch|p2a: Tyranitar|Tyranitar, M, shiny|86/100
|-weather|Sandstorm|[from] ability: Sand Stream|[of] p2a: Tyranitar
|move|p1a: One Thousand Birds|Calm Mind|p1a: One Thousand Birds
|-boost|p1a: One Thousand Birds|spa|1
|-boost|p1a: One Thousand Birds|spd|1
|
|-weather|Sandstorm|[upkeep]
|-damage|p1a: One Thousand Birds|70/100|[from] Sandstorm
|upkeep
|turn|7
|
|t:|1759043383
|move|p1a: One Thousand Birds|Dragon Pulse|p2a: Tyranitar
|-damage|p2a: Tyranitar|18/100
|move|p2a: Tyranitar|Stone Edge|p1a: One Thousand Birds
|-damage|p1a: One Thousand Birds|0 fnt
|faint|p1a: One Thousand Birds
|-end|p1a: One Thousand Birds|Protosynthesis|[silent]
|
|-weather|Sandstorm|[upkeep]
|upkeep
|
|t:|1759043391
|switch|p1a: Ribombee|Ribombee, M, shiny|100/100
|turn|8
|
|t:|1759043398
|move|p1a: Ribombee|Moonblast|p2a: Tyranitar
|-supereffective|p2a: Tyranitar
|-damage|p2a: Tyranitar|0 fnt
|faint|p2a: Tyranitar
|
|-weather|Sandstorm|[upkeep]
|-damage|p1a: Ribombee|94/100|[from] Sandstorm
|upkeep
|
|t:|1759043401
|switch|p2a: Iron Crown|Iron Crown|100/100
|turn|9
|
|t:|1759043416
|move|p2a: Iron Crown|Tachyon Cutter|p1a: Ribombee
|-supereffective|p1a: Ribombee
|-damage|p1a: Ribombee|9/100
|-supereffective|p1a: Ribombee
|-damage|p1a: Ribombee|0 fnt
|faint|p1a: Ribombee
|-hitcount|p1: Ribombee|2
|
|-weather|Sandstorm|[upkeep]
|upkeep
|
|t:|1759043426
|switch|p1a: TUSK|Great Tusk|100/100
|-enditem|p1a: TUSK|Booster Energy
|-activate|p1a: TUSK|ability: Protosynthesis|[fromitem]
|-start|p1a: TUSK|protosynthesisatk
|turn|10
|
|t:|1759043431
|-end|p2a: Iron Crown|Quark Drive|[silent]
|switch|p2a: Salamence|Salamence, M, shiny|100/100
|-ability|p2a: Salamence|Intimidate|boost
|-unboost|p1a: TUSK|atk|1
|move|p1a: TUSK|Rapid Spin|p2a: Salamence
|-damage|p2a: Salamence|81/100
|-boost|p1a: TUSK|spe|1
|
|-weather|none
|upkeep
|turn|11
|
|t:|1759043436
|move|p1a: TUSK|Ice Spinner|p2a: Salamence
|-supereffective|p2a: Salamence
|-damage|p2a: Salamence|0 fnt
|faint|p2a: Salamence
|
|upkeep
|
|t:|1759043442
|switch|p2a: Iron Crown|Iron Crown|100/100
|turn|12
|
|t:|1759043462
|-end|p1a: TUSK|Protosynthesis|[silent]
|switch|p1a: BALL BREAKER|Ogerpon-Cornerstone, F|13/100
|move|p2a: Iron Crown|Psychic Noise|p1a: BALL BREAKER
|-damage|p1a: BALL BREAKER|0 fnt
|faint|p1a: BALL BREAKER
|
|upkeep
|
|t:|1759043465
|switch|p1a: Mega Man Zero 2|Ceruledge, M, shiny|100/100
|turn|13
|
|t:|1759043469
|-end|p2a: Iron Crown|Quark Drive|[silent]
|switch|p2a: Excadrill|Excadrill, M, shiny|100/100
|-item|p2a: Excadrill|Air Balloon
|move|p1a: Mega Man Zero 2|Bitter Blade|p2a: Excadrill
|-supereffective|p2a: Excadrill
|-damage|p2a: Excadrill|0 fnt
|-enditem|p2a: Excadrill|Air Balloon
|faint|p2a: Excadrill
|
|upkeep
|
|t:|1759043471
|switch|p2a: Azumarill|Azumarill, M, shiny|100/100
|turn|14
|
|t:|1759043482
|move|p1a: Mega Man Zero 2|Bitter Blade|p2a: Azumarill
|-resisted|p2a: Azumarill
|-damage|p2a: Azumarill|73/100
|move|p2a: Azumarill|Liquidation|p1a: Mega Man Zero 2
|-supereffective|p1a: Mega Man Zero 2
|-enditem|p1a: Mega Man Zero 2|Focus Sash
|-damage|p1a: Mega Man Zero 2|1/100
|-unboost|p1a: Mega Man Zero 2|def|1
|-ability|p1a: Mega Man Zero 2|Weak Armor|boost
|-unboost|p1a: Mega Man Zero 2|def|1
|-boost|p1a: Mega Man Zero 2|spe|2
|
|upkeep
|turn|15
|
|t:|1759043487
|move|p1a: Mega Man Zero 2|Shadow Sneak|p2a: Azumarill
|-damage|p2a: Azumarill|50/100
|-enditem|p2a: Azumarill|Sitrus Berry|[eat]
|-heal|p2a: Azumarill|75/100|[from] item: Sitrus Berry
|move|p2a: Azumarill|Aqua Jet|p1a: Mega Man Zero 2
|-supereffective|p1a: Mega Man Zero 2
|-damage|p1a: Mega Man Zero 2|0 fnt
|faint|p1a: Mega Man Zero 2
|
|upkeep
|
|t:|1759043489
|switch|p1a: TUSK|Great Tusk|100/100
|turn|16
|
|t:|1759043497
|-terastallize|p1a: TUSK|Ice
|move|p1a: TUSK|Rapid Spin|p2a: Azumarill
|-damage|p2a: Azumarill|55/100
|-boost|p1a: TUSK|spe|1
|move|p2a: Azumarill|Liquidation|p1a: TUSK
|-damage|p1a: TUSK|60/100
|
|upkeep
|turn|17
|
|t:|1759043519
|move|p1a: TUSK|Rapid Spin|p2a: Azumarill
|-damage|p2a: Azumarill|34/100
|-boost|p1a: TUSK|spe|1
|move|p2a: Azumarill|Play Rough|p1a: TUSK
|-damage|p1a: TUSK|15/100
|
|upkeep
|turn|18
|
|t:|1759043525
|-terastallize|p2a: Azumarill|Water
|move|p2a: Azumarill|Aqua Jet|p1a: TUSK
|-damage|p1a: TUSK|0 fnt
|faint|p1a: TUSK
|-end|p1a: TUSK|Protosynthesis|[silent]
|
|win|Mossful
|raw|Poomph's rating: 1467 &rarr; <strong>1449</strong><br />(-18 for losing)
|raw|Mossful's rating: 1500 &rarr; <strong>1518</strong><br />(+18 for winning)
|c|☆Poomph|ggwp
|c|☆Mossful|gg
|l|☆Poomph
|player|p1|
|l|☆Mossful
|player|p2|
