|j|☆Raging Malt
|j|☆Leader Alastor
|t:|1758919554
|gametype|singles
|player|p1|Raging Malt|li|1347
|player|p2|Leader Alastor|blue|1321
|gen|9
|tier|[Gen 9] OU
|rated|
|rule|HP Percentage Mod: HP is shown in percentages
|rule|Endless Battle Clause: Forcing endless battles is banned
|rule|Species Clause: Limit one of each Pokémon
|rule|OHKO Clause: OHKO moves are banned
|rule|Evasion Items Clause: Evasion items are banned
|rule|Evasion Moves Clause: Evasion moves are banned
|rule|Evasion Abilities Clause: Evasion abilities are banned
|rule|Sleep Moves Clause: Sleep-inducing moves are banned
|clearpoke
|poke|p1|Arcanine, F|
|poke|p1|Torkoal, M|
|poke|p1|Raging Bolt|
|poke|p1|Great Tusk|
|poke|p1|Venusaur, M|
|poke|p1|Hatterene, F|
|poke|p2|Ceruledge, M|
|poke|p2|Iron Valiant|
|poke|p2|Lilligant, F|
|poke|p2|Cloyster, M|
|poke|p2|Noivern, M|
|poke|p2|Malamar, F|
|teampreview
|inactive|Battle timer is ON: inactive players will automatically lose when time's up. (requested by Raging Malt)
|
|t:|1758919562
|teamsize|p1|6
|teamsize|p2|6
|start
|switch|p1a: Torkoal|Torkoal, M|100/100
|switch|p2a: Trident|Cloyster, M|100/100
|-weather|SunnyDay|[from] ability: Drought|[of] p1a: Torkoal
|turn|1
|
|t:|1758919568
|move|p2a: Trident|Shell Smash|p2a: Trident
|-unboost|p2a: Trident|def|1
|-unboost|p2a: Trident|spd|1
|-boost|p2a: Trident|atk|2
|-boost|p2a: Trident|spa|2
|-boost|p2a: Trident|spe|2
|move|p1a: Torkoal|Will-O-Wisp|p2a: Trident|[miss]
|-miss|p1a: Torkoal|p2a: Trident
|
|-weather|SunnyDay|[upkeep]
|upkeep
|turn|2
|
|t:|1758919575
|move|p2a: Trident|Rock Blast|p1a: Torkoal
|-supereffective|p1a: Torkoal
|-damage|p1a: Torkoal|83/100
|-supereffective|p1a: Torkoal
|-damage|p1a: Torkoal|65/100
|-supereffective|p1a: Torkoal
|-damage|p1a: Torkoal|47/100
|-supereffective|p1a: Torkoal
|-damage|p1a: Torkoal|29/100
|-supereffective|p1a: Torkoal
|-damage|p1a: Torkoal|11/100
|-hitcount|p1a: Torkoal|5
|move|p1a: Torkoal|Will-O-Wisp|p2a: Trident
|-status|p2a: Trident|brn
|
|-weather|SunnyDay|[upkeep]
|-damage|p2a: Trident|94/100 brn|[from] brn
|upkeep
|turn|3
|
|t:|1758919579
|switch|p1a: Hatterene|Hatterene, F|100/100
|move|p2a: Trident|Icicle Spear|p1a: Hatterene
|-damage|p1a: Hatterene|91/100
|-damage|p1a: Hatterene|81/100
|-damage|p1a: Hatterene|72/100
|-damage|p1a: Hatterene|62/100
|-crit|p1a: Hatterene
|-damage|p1a: Hatterene|48/100
|-hitcount|p1a: Hatterene|5
|-enditem|p1a: Hatterene|Eject Button
|
|t:|1758919584
|switch|p1a: Arcanine|Arcanine, F|100/100
|-ability|p1a: Arcanine|Intimidate|boost
|-unboost|p2a: Trident|atk|1
|
|-weather|SunnyDay|[upkeep]
|-damage|p2a: Trident|88/100 brn|[from] brn
|upkeep
|turn|4
|
|t:|1758919603
|move|p2a: Trident|Rock Blast|p1a: Arcanine
|-supereffective|p1a: Arcanine
|-damage|p1a: Arcanine|87/100
|-supereffective|p1a: Arcanine
|-damage|p1a: Arcanine|73/100
|-supereffective|p1a: Arcanine
|-damage|p1a: Arcanine|59/100
|-supereffective|p1a: Arcanine
|-damage|p1a: Arcanine|45/100
|-supereffective|p1a: Arcanine
|-damage|p1a: Arcanine|32/100
|-hitcount|p1a: Arcanine|5
|move|p1a: Arcanine|Flare Blitz|p2a: Trident
|-damage|p2a: Trident|0 fnt
|faint|p2a: Trident
|-damage|p1a: Arcanine|10/100|[from] Recoil
|
|-weather|SunnyDay|[upkeep]
|upkeep
|
|t:|1758919606
|switch|p2a: Scimitar|Noivern, M|100/100
|turn|5
|
|t:|1758919612
|switch|p1a: Raging Bolt|Raging Bolt|100/100
|-activate|p1a: Raging Bolt|ability: Protosynthesis
|-start|p1a: Raging Bolt|protosynthesisspa
|move|p2a: Scimitar|Boomburst|p1a: Raging Bolt
|-damage|p1a: Raging Bolt|65/100
|-enditem|p2a: Scimitar|Throat Spray
|-boost|p2a: Scimitar|spa|1|[from] item: Throat Spray
|
|-weather|SunnyDay|[upkeep]
|upkeep
|turn|6
|
|t:|1758919620
|-terastallize|p1a: Raging Bolt|Fairy
|move|p2a: Scimitar|Air Slash|p1a: Raging Bolt
|-damage|p1a: Raging Bolt|16/100
|move|p1a: Raging Bolt|Dragon Pulse|p2a: Scimitar
|-supereffective|p2a: Scimitar
|-damage|p2a: Scimitar|0 fnt
|faint|p2a: Scimitar
|
|-weather|SunnyDay|[upkeep]
|upkeep
|
|t:|1758919629
|switch|p2a: Partisan|Malamar, F|100/100
|turn|7
|
|t:|1758919636
|move|p1a: Raging Bolt|Weather Ball|p2a: Partisan
|-damage|p2a: Partisan|23/100
|move|p2a: Partisan|Superpower|p1a: Raging Bolt
|-resisted|p1a: Raging Bolt
|-damage|p1a: Raging Bolt|0 fnt
|-boost|p2a: Partisan|atk|1
|-boost|p2a: Partisan|def|1
|faint|p1a: Raging Bolt
|-end|p1a: Raging Bolt|Protosynthesis|[silent]
|
|-weather|SunnyDay|[upkeep]
|upkeep
|
|t:|1758919647
|switch|p1a: Arcanine|Arcanine, F|10/100
|-ability|p1a: Arcanine|Intimidate|boost
|-boost|p2a: Partisan|atk|1
|turn|8
|
|t:|1758919650
|move|p1a: Arcanine|Flame Charge|p2a: Partisan
|-damage|p2a: Partisan|0 fnt
|-boost|p1a: Arcanine|spe|1
|faint|p2a: Partisan
|
|-weather|none
|upkeep
|
|t:|1758919654
|switch|p2a: Flamberge|Ceruledge, M|100/100
|turn|9
|
|t:|1758919658
|switch|p1a: Torkoal|Torkoal, M|11/100
|-weather|SunnyDay|[from] ability: Drought|[of] p1a: Torkoal
|move|p2a: Flamberge|Bulk Up|p2a: Flamberge
|-boost|p2a: Flamberge|atk|1
|-boost|p2a: Flamberge|def|1
|
|-weather|SunnyDay|[upkeep]
|upkeep
|turn|10
|
|t:|1758919670
|switch|p1a: Arcanine|Arcanine, F|10/100
|-ability|p1a: Arcanine|Intimidate|boost
|-unboost|p2a: Flamberge|atk|1
|move|p2a: Flamberge|Bitter Blade|p1a: Arcanine
|-resisted|p1a: Arcanine
|-damage|p1a: Arcanine|0 fnt
|faint|p1a: Arcanine
|
|-weather|SunnyDay|[upkeep]
|upkeep
|
|t:|1758919687
|switch|p1a: Great Tusk|Great Tusk|100/100
|-activate|p1a: Great Tusk|ability: Protosynthesis
|-start|p1a: Great Tusk|protosynthesisspe
|turn|11
|inactive|Leader Alastor has 120 seconds left.
|
|t:|1758919717
|move|p1a: Great Tusk|Headlong Rush|p2a: Flamberge
|-supereffective|p2a: Flamberge
|-enditem|p2a: Flamberge|Focus Sash
|-damage|p2a: Flamberge|1/100
|-unboost|p1a: Great Tusk|def|1
|-unboost|p1a: Great Tusk|spd|1
|-ability|p2a: Flamberge|Weak Armor|boost
|-unboost|p2a: Flamberge|def|1
|-boost|p2a: Flamberge|spe|2
|move|p2a: Flamberge|Bulk Up|p2a: Flamberge
|-boost|p2a: Flamberge|atk|1
|-boost|p2a: Flamberge|def|1
|
|-weather|SunnyDay|[upkeep]
|upkeep
|turn|12
|
|t:|1758919722
|move|p2a: Flamberge|Bitter Blade|p1a: Great Tusk
|-damage|p1a: Great Tusk|12/100
|-heal|p2a: Flamberge|66/100|[from] drain|[of] p1a: Great Tusk
|move|p1a: Great Tusk|Headlong Rush|p2a: Flamberge
|-supereffective|p2a: Flamberge
|-damage|p2a: Flamberge|0 fnt
|-unboost|p1a: Great Tusk|def|1
|-unboost|p1a: Great Tusk|spd|1
|faint|p2a: Flamberge
|
|-weather|SunnyDay|[upkeep]
|upkeep
|
|t:|1758919727
|switch|p2a: Gladius|Lilligant, F|100/100
|turn|13
|
|t:|1758919731
|move|p2a: Gladius|Giga Drain|p1a: Great Tusk
|-supereffective|p1a: Great Tusk
|-damage|p1a: Great Tusk|0 fnt
|faint|p1a: Great Tusk
|-end|p1a: Great Tusk|Protosynthesis|[silent]
|
|-weather|SunnyDay|[upkeep]
|upkeep
|
|t:|1758919740
|switch|p1a: Venusaur|Venusaur, M|100/100
|turn|14
|
|t:|1758919743
|-terastallize|p2a: Gladius|Poison
|move|p2a: Gladius|Quiver Dance|p2a: Gladius
|-boost|p2a: Gladius|spa|1
|-boost|p2a: Gladius|spd|1
|-boost|p2a: Gladius|spe|1
|move|p1a: Venusaur|Weather Ball|p2a: Gladius
|-damage|p2a: Gladius|42/100
|-damage|p1a: Venusaur|91/100|[from] item: Life Orb
|
|-weather|SunnyDay|[upkeep]
|upkeep
|turn|15
|
|t:|1758919757
|move|p2a: Gladius|Giga Drain|p1a: Venusaur
|-resisted|p1a: Venusaur
|-damage|p1a: Venusaur|76/100
|-heal|p2a: Gladius|51/100|[from] drain|[of] p1a: Venusaur
|move|p1a: Venusaur|Earth Power|p2a: Gladius
|-supereffective|p2a: Gladius
|-damage|p2a: Gladius|0 fnt
|faint|p2a: Gladius
|-damage|p1a: Venusaur|66/100|[from] item: Life Orb
|
|-weather|SunnyDay|[upkeep]
|upkeep
|
|t:|1758919761
|switch|p2a: Glaive|Iron Valiant|100/100
|-enditem|p2a: Glaive|Booster Energy
|-activate|p2a: Glaive|ability: Quark Drive|[fromitem]
|-start|p2a: Glaive|quarkdrivespe
|turn|16
|
|t:|1758919766
|move|p2a: Glaive|Knock Off|p1a: Venusaur
|-damage|p1a: Venusaur|23/100
|-enditem|p1a: Venusaur|Life Orb|[from] move: Knock Off|[of] p2a: Glaive
|move|p1a: Venusaur|Weather Ball|p2a: Glaive
|-damage|p2a: Glaive|26/100
|
|-weather|none
|upkeep
|turn|17
|
|t:|1758919773
|move|p2a: Glaive|Drain Punch|p1a: Venusaur
|-resisted|p1a: Venusaur
|-crit|p1a: Venusaur
|-damage|p1a: Venusaur|0 fnt
|-heal|p2a: Glaive|39/100|[from] drain|[of] p1a: Venusaur
|faint|p1a: Venusaur
|
|upkeep
|c|☆Leader Alastor|gg
|
|t:|1758919778
|switch|p1a: Hatterene|Hatterene, F|48/100
|turn|18
|c|☆Raging Malt|gg
|
|t:|1758919782
|move|p2a: Glaive|Knock Off|p1a: Hatterene
|-damage|p1a: Hatterene|29/100
|move|p1a: Hatterene|Psychic Noise|p2a: Glaive
|-supereffective|p2a: Glaive
|-damage|p2a: Glaive|0 fnt
|faint|p2a: Glaive
|-end|p2a: Glaive|Quark Drive|[silent]
|
|win|Raging Malt
|raw|Raging Malt's rating: 1347 &rarr; <strong>1366</strong><br />(+19 for winning)
|raw|Leader Alastor's rating: 1321 &rarr; <strong>1302</strong><br />(-19 for losing)
|l|☆Leader Alastor
|player|p2|
|l|☆Raging Malt
|player|p1|
