|j|☆4DEF+4SPD=GG
|j|☆jojosworld
|t:|1758933455
|gametype|singles
|player|p1|4DEF+4SPD=GG|preschooler|1596
|player|p2|jojosworld|cynthia|1618
|gen|9
|tier|[Gen 9] OU
|rated|
|rule|HP Percentage Mod: HP is shown in percentages
|rule|Endless Battle Clause: Forcing endless battles is banned
|rule|Species Clause: Limit one of each Pokémon
|rule|OHKO Clause: OHKO moves are banned
|rule|Evasion Items Clause: Evasion items are banned
|rule|Evasion Moves Clause: Evasion moves are banned
|rule|Evasion Abilities Clause: Evasion abilities are banned
|rule|Sleep Moves Clause: Sleep-inducing moves are banned
|clearpoke
|poke|p1|Tyranitar, M|
|poke|p1|Excadrill, M|
|poke|p1|Corviknight, M|
|poke|p1|Glimmora, M|
|poke|p1|Hippowdon, M|
|poke|p1|Scizor, M|
|poke|p2|Alomomola, F|
|poke|p2|Amoonguss, M|
|poke|p2|Gholdengo|
|poke|p2|Great Tusk|
|poke|p2|Goodra-Hisui, F|
|poke|p2|Clefable, M|
|teampreview
|inactive|Battle timer is ON: inactive players will automatically lose when time's up. (requested by jojosworld)
|inactive|4DEF+4SPD=GG also wants the timer to be on.
|
|t:|1758933466
|teamsize|p1|6
|teamsize|p2|6
|start
|switch|p1a: Corviknight|Corviknight, M|100/100
|switch|p2a: Gholdengo|Gholdengo, shiny|100/100
|turn|1
|
|t:|1758933468
|move|p2a: Gholdengo|Thunder Wave|p1a: Corviknight
|-status|p1a: Corviknight|par
|cant|p1a: Corviknight|par
|
|upkeep
|turn|2
|
|t:|1758933476
|switch|p1a: Hippowdon|Hippowdon, M|100/100
|-weather|Sandstorm|[from] ability: Sand Stream|[of] p1a: Hippowdon
|move|p2a: Gholdengo|Hex|p1a: Hippowdon
|-crit|p1a: Hippowdon
|-damage|p1a: Hippowdon|55/100
|
|-weather|Sandstorm|[upkeep]
|upkeep
|turn|3
|
|t:|1758933480
|move|p2a: Gholdengo|Make It Rain|p1a: Hippowdon
|-damage|p1a: Hippowdon|0 fnt
|-unboost|p2a: Gholdengo|spa|1
|faint|p1a: Hippowdon
|
|-weather|Sandstorm|[upkeep]
|upkeep
|
|t:|1758933482
|switch|p1a: Excadrill|Excadrill, M|100/100
|turn|4
|
|t:|1758933485
|switch|p2a: Alomomola|Alomomola, F, shiny|100/100
|move|p1a: Excadrill|Swords Dance|p1a: Excadrill
|-boost|p1a: Excadrill|atk|2
|
|-weather|Sandstorm|[upkeep]
|-damage|p2a: Alomomola|94/100|[from] Sandstorm
|upkeep
|turn|5
|
|t:|1758933487
|move|p1a: Excadrill|Earthquake|p2a: Alomomola
|-damage|p2a: Alomomola|34/100
|move|p2a: Alomomola|Flip Turn|p1a: Excadrill
|-supereffective|p1a: Excadrill
|-damage|p1a: Excadrill|54/100
|
|t:|1758933489
|switch|p2a: Amoonguss|Amoonguss, M, shiny|100/100|[from] Flip Turn
|
|-weather|Sandstorm|[upkeep]
|-damage|p2a: Amoonguss|94/100|[from] Sandstorm
|upkeep
|turn|6
|
|t:|1758933492
|move|p1a: Excadrill|Earthquake|p2a: Amoonguss
|-damage|p2a: Amoonguss|12/100
|move|p2a: Amoonguss|Foul Play|p1a: Excadrill
|-damage|p1a: Excadrill|0 fnt
|faint|p1a: Excadrill
|
|-weather|Sandstorm|[upkeep]
|-damage|p2a: Amoonguss|6/100|[from] Sandstorm
|upkeep
|
|t:|1758933502
|switch|p1a: Scizor|Scizor, M|100/100
|turn|7
|
|t:|1758933504
|switch|p2a: Alomomola|Alomomola, F, shiny|68/100
|move|p1a: Scizor|U-turn|p2a: Alomomola
|-damage|p2a: Alomomola|37/100
|
|t:|1758933506
|switch|p1a: Glimmora|Glimmora, M|100/100|[from] U-turn
|
|-weather|Sandstorm|[upkeep]
|-damage|p2a: Alomomola|30/100|[from] Sandstorm
|upkeep
|turn|8
|
|t:|1758933513
|switch|p2a: Goodra|Goodra-Hisui, F, shiny|100/100
|move|p1a: Glimmora|Meteor Beam||[still]
|-prepare|p1a: Glimmora|Meteor Beam
|-boost|p1a: Glimmora|spa|1
|-enditem|p1a: Glimmora|Power Herb
|-anim|p1a: Glimmora|Meteor Beam|p2a: Goodra|[miss]
|-miss|p1a: Glimmora|p2a: Goodra
|
|-weather|Sandstorm|[upkeep]
|upkeep
|turn|9
|
|t:|1758933543
|-terastallize|p1a: Glimmora|Bug
|move|p1a: Glimmora|Earth Power|p2a: Goodra
|-supereffective|p2a: Goodra
|-damage|p2a: Goodra|68/100
|move|p2a: Goodra|Dragon Tail|p1a: Glimmora
|-damage|p1a: Glimmora|76/100
|-activate|p1a: Glimmora|ability: Toxic Debris
|-sidestart|p2: jojosworld|move: Toxic Spikes
|drag|p1a: Scizor|Scizor, M|100/100
|
|-weather|none
|upkeep
|turn|10
|
|t:|1758933551
|switch|p2a: Gholdengo|Gholdengo, shiny|100/100
|move|p1a: Scizor|Close Combat|p2a: Gholdengo
|-immune|p2a: Gholdengo
|
|upkeep
|turn|11
|
|t:|1758933556
|switch|p1a: Corviknight|Corviknight, M|100/100 par
|move|p2a: Gholdengo|Thunder Wave|p1a: Corviknight
|-fail|p1a: Corviknight|par
|
|upkeep
|turn|12
|inactive|jojosworld has 120 seconds left.
|inactive|jojosworld has 90 seconds left.
|
|t:|1758933636
|move|p2a: Gholdengo|Hex|p1a: Corviknight
|-damage|p1a: Corviknight|45/100 par
|move|p1a: Corviknight|U-turn|p2a: Gholdengo
|-resisted|p2a: Gholdengo
|-damage|p2a: Gholdengo|98/100
|-damage|p1a: Corviknight|28/100 par|[from] item: Rocky Helmet|[of] p2a: Gholdengo
|
|t:|1758933640
|switch|p1a: Scizor|Scizor, M|100/100|[from] U-turn
|
|upkeep
|turn|13
|
|t:|1758933643
|switch|p1a: Glimmora|Glimmora, M, tera:Bug|76/100
|move|p2a: Gholdengo|Thunder Wave|p1a: Glimmora
|-status|p1a: Glimmora|par
|
|upkeep
|turn|14
|
|t:|1758933646
|move|p2a: Gholdengo|Hex|p1a: Glimmora
|-damage|p1a: Glimmora|5/100 par
|cant|p1a: Glimmora|par
|
|upkeep
|turn|15
|
|t:|1758933650
|switch|p1a: Scizor|Scizor, M|100/100
|move|p2a: Gholdengo|Hex|p1a: Scizor
|-damage|p1a: Scizor|69/100
|
|upkeep
|turn|16
|
|t:|1758933653
|move|p2a: Gholdengo|Thunder Wave|p1a: Scizor
|-status|p1a: Scizor|par
|move|p1a: Scizor|Knock Off|p2a: Gholdengo
|-supereffective|p2a: Gholdengo
|-damage|p2a: Gholdengo|26/100
|-damage|p1a: Scizor|52/100 par|[from] item: Rocky Helmet|[of] p2a: Gholdengo
|-enditem|p2a: Gholdengo|Rocky Helmet|[from] move: Knock Off|[of] p1a: Scizor
|
|upkeep
|turn|17
|
|t:|1758933655
|move|p2a: Gholdengo|Recover|p2a: Gholdengo
|-heal|p2a: Gholdengo|76/100
|cant|p1a: Scizor|par
|
|upkeep
|turn|18
|-message|4DEF+4SPD=GG forfeited.
|
|win|jojosworld
|raw|4DEF+4SPD=GG's rating: 1596 &rarr; <strong>1577</strong><br />(-19 for losing)
|raw|jojosworld's rating: 1618 &rarr; <strong>1637</strong><br />(+19 for winning)
|l|☆4DEF+4SPD=GG
|player|p1|
