|j|☆Blip09
|j|☆kushmaster9001
|t:|1758984472
|gametype|singles
|player|p1|Blip09|266|1144
|player|p2|kushmaster9001|plasmagrunt-gen5bw|1147
|gen|9
|tier|[Gen 9] OU
|rated|
|rule|HP Percentage Mod: HP is shown in percentages
|rule|Endless Battle Clause: Forcing endless battles is banned
|rule|Species Clause: Limit one of each Pokémon
|rule|OHKO Clause: OHKO moves are banned
|rule|Evasion Items Clause: Evasion items are banned
|rule|Evasion Moves Clause: Evasion moves are banned
|rule|Evasion Abilities Clause: Evasion abilities are banned
|rule|Sleep Moves Clause: Sleep-inducing moves are banned
|clearpoke
|poke|p1|Garganacl, M|
|poke|p1|Polteageist|
|poke|p1|Gliscor, M|
|poke|p1|Gholdengo|
|poke|p1|Iron Valiant|
|poke|p1|Cinderace, M|
|poke|p2|Braviary, M|
|poke|p2|Ninetales-Alola, M|
|poke|p2|Glimmora, M|
|poke|p2|Great Tusk|
|poke|p2|Meowscarada, M|
|poke|p2|Lycanroc-Dusk, F|
|teampreview
|inactive|Battle timer is ON: inactive players will automatically lose when time's up. (requested by kushmaster9001)
|
|t:|1758984486
|teamsize|p1|6
|teamsize|p2|6
|start
|switch|p1a: Polteageist|Polteageist|100/100
|switch|p2a: Braviary|Braviary, M|100/100
|turn|1
|
|t:|1758984497
|move|p2a: Braviary|Brave Bird|p1a: Polteageist
|-damage|p1a: Polteageist|0 fnt
|-start|p2a: Braviary|Disable|Brave Bird|[from] ability: Cursed Body|[of] p1a: Polteageist
|faint|p1a: Polteageist
|-damage|p2a: Braviary|75/100|[from] Recoil
|-damage|p2a: Braviary|65/100|[from] item: Life Orb
|
|upkeep
|
|t:|1758984520
|switch|p1a: Gliscor|Gliscor, M|100/100
|turn|2
|
|t:|1758984524
|switch|p2a: Ninetales|Ninetales-Alola, M|100/100
|-weather|Snowscape|[from] ability: Snow Warning|[of] p2a: Ninetales
|move|p1a: Gliscor|Agility|p1a: Gliscor
|-boost|p1a: Gliscor|spe|2
|
|-weather|Snowscape|[upkeep]
|-status|p1a: Gliscor|tox|[from] item: Toxic Orb
|upkeep
|turn|3
|
|t:|1758984535
|move|p1a: Gliscor|Facade|p2a: Ninetales
|-damage|p2a: Ninetales|58/100
|move|p2a: Ninetales|Blizzard|p1a: Gliscor
|-supereffective|p1a: Gliscor
|-damage|p1a: Gliscor|0 fnt
|faint|p1a: Gliscor
|
|-weather|Snowscape|[upkeep]
|upkeep
|
|t:|1758984548
|switch|p1a: Cinderace|Cinderace, M|100/100
|turn|4
|
|t:|1758984552
|move|p1a: Cinderace|Flare Blitz|p2a: Ninetales
|-supereffective|p2a: Ninetales
|-damage|p2a: Ninetales|0 fnt
|faint|p2a: Ninetales
|-damage|p1a: Cinderace|82/100|[from] Recoil
|
|-weather|Snowscape|[upkeep]
|upkeep
|
|t:|1758984555
|switch|p2a: Glimmora|Glimmora, M|100/100
|turn|5
|
|t:|1758984562
|move|p1a: Cinderace|Iron Head|p2a: Glimmora
|-start|p1a: Cinderace|typechange|Steel|[from] ability: Libero
|-supereffective|p2a: Glimmora
|-damage|p2a: Glimmora|13/100
|-activate|p2a: Glimmora|ability: Toxic Debris
|-sidestart|p1: Blip09|move: Toxic Spikes
|move|p2a: Glimmora|Power Gem|p1a: Cinderace
|-resisted|p1a: Cinderace
|-damage|p1a: Cinderace|52/100
|
|-weather|Snowscape|[upkeep]
|upkeep
|turn|6
|
|t:|1758984573
|move|p1a: Cinderace|Iron Head|p2a: Glimmora
|-supereffective|p2a: Glimmora
|-damage|p2a: Glimmora|0 fnt
|-activate|p2a: Glimmora|ability: Toxic Debris
|-sidestart|p1: Blip09|move: Toxic Spikes
|faint|p2a: Glimmora
|
|-weather|none
|upkeep
|
|t:|1758984578
|switch|p2a: Great Tusk|Great Tusk|100/100
|turn|7
|
|t:|1758984601
|-terastallize|p1a: Cinderace|Fire
|move|p1a: Cinderace|Low Kick|p2a: Great Tusk
|-damage|p2a: Great Tusk|73/100
|move|p2a: Great Tusk|Earthquake|p1a: Cinderace
|-supereffective|p1a: Cinderace
|-damage|p1a: Cinderace|0 fnt
|faint|p1a: Cinderace
|
|upkeep
|
|t:|1758984614
|switch|p1a: Iron Valiant|Iron Valiant|100/100
|-status|p1a: Iron Valiant|tox
|-enditem|p1a: Iron Valiant|Booster Energy
|-activate|p1a: Iron Valiant|ability: Quark Drive|[fromitem]
|-start|p1a: Iron Valiant|quarkdrivespe
|turn|8
|
|t:|1758984640
|move|p1a: Iron Valiant|Destiny Bond|p1a: Iron Valiant
|-singlemove|p1a: Iron Valiant|Destiny Bond
|move|p2a: Great Tusk|Earthquake|p1a: Iron Valiant
|-damage|p1a: Iron Valiant|29/100 tox
|
|-damage|p1a: Iron Valiant|22/100 tox|[from] psn
|upkeep
|turn|9
|
|t:|1758984652
|move|p1a: Iron Valiant|Drain Punch|p2a: Great Tusk
|-damage|p2a: Great Tusk|50/100
|-heal|p1a: Iron Valiant|37/100 tox|[from] drain|[of] p2a: Great Tusk
|move|p2a: Great Tusk|Rapid Spin|p1a: Iron Valiant
|-damage|p1a: Iron Valiant|14/100 tox
|-boost|p2a: Great Tusk|spe|1
|
|-damage|p1a: Iron Valiant|2/100 tox|[from] psn
|upkeep
|turn|10
|
|t:|1758984663
|move|p1a: Iron Valiant|Destiny Bond|p1a: Iron Valiant
|-singlemove|p1a: Iron Valiant|Destiny Bond
|move|p2a: Great Tusk|Rapid Spin|p1a: Iron Valiant
|-damage|p1a: Iron Valiant|0 fnt
|-boost|p2a: Great Tusk|spe|1
|faint|p1a: Iron Valiant
|-activate|p1a: Iron Valiant|move: Destiny Bond
|-end|p1a: Iron Valiant|Quark Drive|[silent]
|faint|p2a: Great Tusk
|-end|p2a: Great Tusk|Protosynthesis|[silent]
|
|upkeep
|
|t:|1758984672
|switch|p1a: Gholdengo|Gholdengo|100/100
|switch|p2a: Meowscarada|Meowscarada, M|100/100
|turn|11
|
|t:|1758984687
|move|p2a: Meowscarada|Knock Off|p1a: Gholdengo
|-start|p2a: Meowscarada|typechange|Dark|[from] ability: Protean
|-supereffective|p1a: Gholdengo
|-damage|p1a: Gholdengo|0 fnt
|-enditem|p1a: Gholdengo|Expert Belt|[from] move: Knock Off|[of] p2a: Meowscarada
|faint|p1a: Gholdengo
|
|upkeep
|
|t:|1758984694
|switch|p1a: Garganacl|Garganacl, M|100/100
|turn|12
|
|t:|1758984698
|move|p2a: Meowscarada|Knock Off|p1a: Garganacl
|-damage|p1a: Garganacl|58/100
|-enditem|p1a: Garganacl|Leftovers|[from] move: Knock Off|[of] p2a: Meowscarada
|move|p1a: Garganacl|Iron Defense|p1a: Garganacl
|-boost|p1a: Garganacl|def|2
|
|upkeep
|turn|13
|
|t:|1758984705
|switch|p2a: Lycanroc|Lycanroc-Dusk, F|100/100
|move|p1a: Garganacl|Iron Defense|p1a: Garganacl
|-boost|p1a: Garganacl|def|2
|
|upkeep
|turn|14
|
|t:|1758984711
|-terastallize|p2a: Lycanroc|Fighting
|move|p2a: Lycanroc|Close Combat|p1a: Garganacl
|-supereffective|p1a: Garganacl
|-damage|p1a: Garganacl|5/100
|-unboost|p2a: Lycanroc|def|1
|-unboost|p2a: Lycanroc|spd|1
|move|p1a: Garganacl|Body Press|p2a: Lycanroc
|-damage|p2a: Lycanroc|0 fnt
|faint|p2a: Lycanroc
|
|upkeep
|
|t:|1758984717
|switch|p2a: Meowscarada|Meowscarada, M|100/100
|turn|15
|
|t:|1758984723
|move|p2a: Meowscarada|Flower Trick|p1a: Garganacl
|-start|p2a: Meowscarada|typechange|Grass|[from] ability: Protean
|-supereffective|p1a: Garganacl
|-crit|p1a: Garganacl
|-damage|p1a: Garganacl|0 fnt
|faint|p1a: Garganacl
|
|win|kushmaster9001
|raw|Blip09's rating: 1144 &rarr; <strong>1119</strong><br />(-25 for losing)
|raw|kushmaster9001's rating: 1147 &rarr; <strong>1172</strong><br />(+25 for winning)
|l|☆kushmaster9001
|player|p2|
|c|☆Blip09|gg
|l|☆Blip09
|player|p1|
