|j|☆LonelySxNner
|j|☆doctor_feltersnach
|t:|1758925380
|gametype|singles
|player|p1|LonelySxNner|picnicker|1421
|player|p2|doctor_feltersnach|koga|1389
|gen|9
|tier|[Gen 9] OU
|rated|
|rule|HP Percentage Mod: HP is shown in percentages
|rule|Endless Battle Clause: Forcing endless battles is banned
|rule|Species Clause: Limit one of each Pokémon
|rule|OHKO Clause: OHKO moves are banned
|rule|Evasion Items Clause: Evasion items are banned
|rule|Evasion Moves Clause: Evasion moves are banned
|rule|Evasion Abilities Clause: Evasion abilities are banned
|rule|Sleep Moves Clause: Sleep-inducing moves are banned
|clearpoke
|poke|p1|Meloetta|
|poke|p1|Typhlosion-Hisui, F|
|poke|p1|Ceruledge, M|
|poke|p1|Grimmsnarl, M|
|poke|p1|Greninja-*, M|
|poke|p1|Garchomp, F|
|poke|p2|Pelipper, F|
|poke|p2|Floatzel, M|
|poke|p2|Ogerpon-Wellspring, F|
|poke|p2|Garchomp, F|
|poke|p2|Hatterene, F|
|poke|p2|Primarina, M|
|teampreview
|inactive|Battle timer is ON: inactive players will automatically lose when time's up. (requested by LonelySxNner)
|
|t:|1758925394
|teamsize|p1|6
|teamsize|p2|6
|start
|switch|p1a: Greninja|Greninja, M|100/100
|switch|p2a: Pelipper|Pelipper, F|100/100
|-weather|RainDance|[from] ability: Drizzle|[of] p2a: Pelipper
|turn|1
|
|t:|1758925404
|move|p1a: Greninja|Switcheroo|p2a: Pelipper
|-activate|p1a: Greninja|move: Trick|[of] p2a: Pelipper
|-item|p2a: Pelipper|Choice Scarf|[from] move: Switcheroo
|-item|p1a: Greninja|Damp Rock|[from] move: Switcheroo
|move|p2a: Pelipper|U-turn|p1a: Greninja
|-supereffective|p1a: Greninja
|-damage|p1a: Greninja|70/100
|
|t:|1758925412
|switch|p2a: Primarina|Primarina, M|100/100|[from] U-turn
|
|-weather|RainDance|[upkeep]
|upkeep
|turn|2
|
|t:|1758925421
|move|p1a: Greninja|Switcheroo|p2a: Primarina
|-activate|p1a: Greninja|move: Trick|[of] p2a: Primarina
|-item|p2a: Primarina|Damp Rock|[from] move: Switcheroo
|-item|p1a: Greninja|Leftovers|[from] move: Switcheroo
|move|p2a: Primarina|Calm Mind|p2a: Primarina
|-boost|p2a: Primarina|spa|1
|-boost|p2a: Primarina|spd|1
|
|-weather|RainDance|[upkeep]
|-heal|p1a: Greninja|76/100|[from] item: Leftovers
|upkeep
|turn|3
|
|t:|1758925436
|switch|p1a: Grimmsnarl|Grimmsnarl, M|100/100
|move|p2a: Primarina|Substitute|p2a: Primarina
|-start|p2a: Primarina|Substitute
|-damage|p2a: Primarina|76/100
|
|-weather|RainDance|[upkeep]
|upkeep
|turn|4
|
|t:|1758925442
|move|p1a: Grimmsnarl|Taunt|p2a: Primarina
|-start|p2a: Primarina|move: Taunt
|move|p2a: Primarina|Draining Kiss|p1a: Grimmsnarl
|-supereffective|p1a: Grimmsnarl
|-damage|p1a: Grimmsnarl|34/100
|-heal|p2a: Primarina|100/100|[from] drain|[of] p1a: Grimmsnarl
|
|-weather|RainDance|[upkeep]
|upkeep
|turn|5
|
|t:|1758925450
|move|p1a: Grimmsnarl|Light Screen|p1a: Grimmsnarl
|-sidestart|p1: LonelySxNner|move: Light Screen
|move|p2a: Primarina|Draining Kiss|p1a: Grimmsnarl
|-supereffective|p1a: Grimmsnarl
|-damage|p1a: Grimmsnarl|0 fnt
|faint|p1a: Grimmsnarl
|
|-weather|RainDance|[upkeep]
|upkeep
|
|t:|1758925453
|switch|p1a: Best girl|Meloetta, shiny|100/100
|turn|6
|
|t:|1758925458
|move|p1a: Best girl|Hyper Voice|p2a: Primarina
|-damage|p2a: Primarina|73/100
|-enditem|p1a: Best girl|Throat Spray
|-boost|p1a: Best girl|spa|1|[from] item: Throat Spray
|move|p2a: Primarina|Psychic Noise|p1a: Best girl
|-damage|p1a: Best girl|65/100
|-start|p1a: Best girl|move: Heal Block
|
|-weather|RainDance|[upkeep]
|-end|p2a: Primarina|move: Taunt
|upkeep
|turn|7
|
|t:|1758925469
|move|p1a: Best girl|Hyper Voice|p2a: Primarina
|-damage|p2a: Primarina|32/100
|move|p2a: Primarina|Draining Kiss|p1a: Best girl
|-damage|p1a: Best girl|49/100
|-heal|p2a: Primarina|43/100|[from] drain|[of] p1a: Best girl
|
|-weather|RainDance|[upkeep]
|-end|p1a: Best girl|move: Heal Block
|upkeep
|turn|8
|
|t:|1758925479
|-terastallize|p1a: Best girl|Normal
|move|p1a: Best girl|Hyper Voice|p2a: Primarina
|-damage|p2a: Primarina|0 fnt
|faint|p2a: Primarina
|
|-weather|none
|upkeep
|
|t:|1758925486
|switch|p2a: Pelipper|Pelipper, F|100/100
|-weather|RainDance|[from] ability: Drizzle|[of] p2a: Pelipper
|turn|9
|
|t:|1758925491
|move|p1a: Best girl|Relic Song|p2a: Pelipper
|-damage|p2a: Pelipper|0 fnt
|faint|p2a: Pelipper
|-formechange|p1a: Best girl|Meloetta-Pirouette|[msg]
|
|-weather|RainDance|[upkeep]
|upkeep
|
|t:|1758925497
|switch|p2a: Floatzel|Floatzel, M|100/100
|turn|10
|
|t:|1758925501
|switch|p1a: Greninja|Greninja, M|76/100
|move|p2a: Floatzel|Wave Crash|p1a: Greninja
|-resisted|p1a: Greninja
|-crit|p1a: Greninja
|-damage|p1a: Greninja|0 fnt
|faint|p1a: Greninja
|-damage|p2a: Floatzel|77/100|[from] Recoil
|
|-weather|RainDance|[upkeep]
|upkeep
|
|t:|1758925509
|switch|p1a: Garchomp|Garchomp, F|100/100
|turn|11
|
|t:|1758925512
|move|p2a: Floatzel|Ice Spinner|p1a: Garchomp
|-supereffective|p1a: Garchomp
|-damage|p1a: Garchomp|2/100
|-damage|p2a: Floatzel|65/100|[from] ability: Rough Skin|[of] p1a: Garchomp
|-damage|p2a: Floatzel|49/100|[from] item: Rocky Helmet|[of] p1a: Garchomp
|move|p1a: Garchomp|Stealth Rock|p2a: Floatzel
|-sidestart|p2: doctor_feltersnach|move: Stealth Rock
|
|-weather|RainDance|[upkeep]
|upkeep
|turn|12
|
|t:|1758925523
|move|p2a: Floatzel|Wave Crash|p1a: Garchomp
|-damage|p1a: Garchomp|0 fnt
|-damage|p2a: Floatzel|37/100|[from] ability: Rough Skin|[of] p1a: Garchomp
|-damage|p2a: Floatzel|20/100|[from] item: Rocky Helmet|[of] p1a: Garchomp
|faint|p1a: Garchomp
|-damage|p2a: Floatzel|19/100|[from] Recoil
|
|-weather|RainDance|[upkeep]
|-sideend|p1: LonelySxNner|move: Light Screen
|upkeep
|
|t:|1758925535
|switch|p1a: Typhlosion|Typhlosion-Hisui, F|100/100
|-item|p2a: Floatzel|Mystic Water|[from] ability: Frisk|[of] p1a: Typhlosion
|turn|13
|
|t:|1758925539
|switch|p1a: Best girl|Meloetta, shiny, tera:Normal|49/100
|move|p2a: Floatzel|Flip Turn|p1a: Best girl
|-damage|p1a: Best girl|0 fnt
|faint|p1a: Best girl
|
|t:|1758925547
|switch|p2a: Garchomp|Garchomp, F|100/100|[from] Flip Turn
|-damage|p2a: Garchomp|94/100|[from] Stealth Rock
|
|-weather|none
|upkeep
|
|t:|1758925552
|switch|p1a: Ceruledge|Ceruledge, M|100/100
|turn|14
|
|t:|1758925555
|move|p2a: Garchomp|Scale Shot|p1a: Ceruledge
|-damage|p1a: Ceruledge|80/100
|-ability|p1a: Ceruledge|Weak Armor|boost
|-unboost|p1a: Ceruledge|def|1
|-boost|p1a: Ceruledge|spe|2
|-damage|p1a: Ceruledge|53/100
|-ability|p1a: Ceruledge|Weak Armor|boost
|-unboost|p1a: Ceruledge|def|1
|-boost|p1a: Ceruledge|spe|2
|-damage|p1a: Ceruledge|17/100
|-ability|p1a: Ceruledge|Weak Armor|boost
|-unboost|p1a: Ceruledge|def|1
|-boost|p1a: Ceruledge|spe|2
|-damage|p1a: Ceruledge|0 fnt
|faint|p1a: Ceruledge
|-hitcount|p1: Ceruledge|4
|-unboost|p2a: Garchomp|def|1
|-boost|p2a: Garchomp|spe|1
|
|upkeep
|
|t:|1758925557
|switch|p1a: Typhlosion|Typhlosion-Hisui, F|100/100
|-item|p2a: Garchomp|Loaded Dice|[from] ability: Frisk|[of] p1a: Typhlosion
|turn|15
|-message|LonelySxNner forfeited.
|
|win|doctor_feltersnach
|raw|LonelySxNner's rating: 1421 &rarr; <strong>1399</strong><br />(-22 for losing)
|raw|doctor_feltersnach's rating: 1389 &rarr; <strong>1411</strong><br />(+22 for winning)
|l|☆LonelySxNner
|player|p1|
|l|☆doctor_feltersnach
|player|p2|
