|j|☆edyle95
|j|☆LoCoGuyXD
|t:|1758994709
|gametype|singles
|player|p1|edyle95|101|1110
|player|p2|LoCoGuyXD|backpacker|1124
|gen|9
|tier|[Gen 9] OU
|rated|
|rule|HP Percentage Mod: HP is shown in percentages
|rule|Endless Battle Clause: Forcing endless battles is banned
|rule|Species Clause: Limit one of each Pokémon
|rule|OHKO Clause: OHKO moves are banned
|rule|Evasion Items Clause: Evasion items are banned
|rule|Evasion Moves Clause: Evasion moves are banned
|rule|Evasion Abilities Clause: Evasion abilities are banned
|rule|Sleep Moves Clause: Sleep-inducing moves are banned
|clearpoke
|poke|p1|Armarouge, M|
|poke|p1|Chesnaught, F|
|poke|p1|Toxicroak, M|
|poke|p1|Feraligatr, F|
|poke|p1|Magnezone|
|poke|p1|Ursaluna, F|
|poke|p2|Typhlosion, M|
|poke|p2|Lilligant-Hisui, F|
|poke|p2|Hatterene, F|
|poke|p2|Torkoal, M|
|poke|p2|Corviknight, M|
|poke|p2|Walking Wake|
|teampreview
|inactive|Battle timer is ON: inactive players will automatically lose when time's up. (requested by LoCoGuyXD)
|c|☆LoCoGuyXD|Ayo starter fight
|
|t:|1758994735
|teamsize|p1|6
|teamsize|p2|6
|start
|switch|p1a: Toxicroak|Toxicroak, M|100/100
|switch|p2a: Torkoal|Torkoal, M|100/100
|-weather|SunnyDay|[from] ability: Drought|[of] p2a: Torkoal
|turn|1
|
|t:|1758994751
|switch|p1a: Armarouge|Armarouge, M|100/100
|move|p2a: Torkoal|Will-O-Wisp|p1a: Armarouge
|-start|p1a: Armarouge|ability: Flash Fire
|
|-weather|SunnyDay|[upkeep]
|upkeep
|turn|2
|
|t:|1758994765
|switch|p2a: Hatterene|Hatterene, F|100/100
|move|p1a: Armarouge|Aura Sphere|p2a: Hatterene
|-resisted|p2a: Hatterene
|-damage|p2a: Hatterene|93/100
|
|-weather|SunnyDay|[upkeep]
|-heal|p2a: Hatterene|99/100|[from] item: Leftovers
|upkeep
|turn|3
|
|t:|1758994774
|move|p1a: Armarouge|Armor Cannon|p2a: Hatterene
|-damage|p2a: Hatterene|0 fnt
|-unboost|p1a: Armarouge|def|1
|-unboost|p1a: Armarouge|spd|1
|faint|p2a: Hatterene
|
|-weather|SunnyDay|[upkeep]
|upkeep
|
|t:|1758994784
|switch|p2a: Walking Wake|Walking Wake|100/100
|-activate|p2a: Walking Wake|ability: Protosynthesis
|-start|p2a: Walking Wake|protosynthesisspe
|turn|4
|
|t:|1758994795
|move|p2a: Walking Wake|Draco Meteor|p1a: Armarouge
|-damage|p1a: Armarouge|0 fnt
|-unboost|p2a: Walking Wake|spa|2
|faint|p1a: Armarouge
|
|-weather|SunnyDay|[upkeep]
|upkeep
|
|t:|1758994806
|switch|p1a: Ursaluna|Ursaluna, F|100/100
|turn|5
|
|t:|1758994811
|-end|p2a: Walking Wake|Protosynthesis|[silent]
|switch|p2a: Corviknight|Corviknight, M|100/100
|-terastallize|p1a: Ursaluna|Fairy
|move|p1a: Ursaluna|Play Rough|p2a: Corviknight
|-resisted|p2a: Corviknight
|-damage|p2a: Corviknight|85/100
|-damage|p1a: Ursaluna|84/100|[from] item: Rocky Helmet|[of] p2a: Corviknight
|
|-weather|SunnyDay|[upkeep]
|-status|p1a: Ursaluna|brn|[from] item: Flame Orb
|upkeep
|turn|6
|
|t:|1758994827
|move|p2a: Corviknight|Roost|p2a: Corviknight
|-heal|p2a: Corviknight|100/100
|-singleturn|p2a: Corviknight|move: Roost
|move|p1a: Ursaluna|Throat Chop|p2a: Corviknight
|-damage|p2a: Corviknight|69/100
|-start|p2a: Corviknight|Throat Chop|[silent]
|-damage|p1a: Ursaluna|67/100 brn|[from] item: Rocky Helmet|[of] p2a: Corviknight
|
|-weather|SunnyDay|[upkeep]
|-damage|p1a: Ursaluna|61/100 brn|[from] brn
|upkeep
|turn|7
|
|t:|1758994837
|move|p2a: Corviknight|Roost|p2a: Corviknight
|-heal|p2a: Corviknight|100/100
|-singleturn|p2a: Corviknight|move: Roost
|move|p1a: Ursaluna|Earthquake|p2a: Corviknight
|-supereffective|p2a: Corviknight
|-damage|p2a: Corviknight|0 fnt
|faint|p2a: Corviknight
|
|-weather|SunnyDay|[upkeep]
|-damage|p1a: Ursaluna|55/100 brn|[from] brn
|upkeep
|
|t:|1758994856
|switch|p2a: Typhlosion|Typhlosion, M|100/100
|turn|8
|
|t:|1758994864
|switch|p1a: Feraligatr|Feraligatr, F, shiny|100/100
|-terastallize|p2a: Typhlosion|Fire
|move|p2a: Typhlosion|Flame Charge|p1a: Feraligatr
|-resisted|p1a: Feraligatr
|-damage|p1a: Feraligatr|78/100
|-boost|p2a: Typhlosion|spe|1
|
|-weather|none
|upkeep
|turn|9
|
|t:|1758994877
|switch|p2a: Torkoal|Torkoal, M|100/100
|-weather|SunnyDay|[from] ability: Drought|[of] p2a: Torkoal
|move|p1a: Feraligatr|Liquidation|p2a: Torkoal
|-supereffective|p2a: Torkoal
|-damage|p2a: Torkoal|61/100
|
|-weather|SunnyDay|[upkeep]
|upkeep
|turn|10
|
|t:|1758994886
|move|p1a: Feraligatr|Liquidation|p2a: Torkoal
|-supereffective|p2a: Torkoal
|-damage|p2a: Torkoal|19/100
|move|p2a: Torkoal|Will-O-Wisp|p1a: Feraligatr
|-status|p1a: Feraligatr|brn
|
|-weather|SunnyDay|[upkeep]
|-damage|p1a: Feraligatr|72/100 brn|[from] brn
|upkeep
|turn|11
|
|t:|1758994897
|switch|p2a: Walking Wake|Walking Wake|100/100
|-activate|p2a: Walking Wake|ability: Protosynthesis
|-start|p2a: Walking Wake|protosynthesisspe
|move|p1a: Feraligatr|Crunch|p2a: Walking Wake
|-damage|p2a: Walking Wake|77/100
|
|-weather|SunnyDay|[upkeep]
|-damage|p1a: Feraligatr|66/100 brn|[from] brn
|upkeep
|turn|12
|
|t:|1758994920
|move|p2a: Walking Wake|Dragon Pulse|p1a: Feraligatr
|-damage|p1a: Feraligatr|0 fnt
|faint|p1a: Feraligatr
|
|-weather|SunnyDay|[upkeep]
|upkeep
|
|t:|1758994927
|switch|p1a: Ursaluna|Ursaluna, F, tera:Fairy|55/100 brn
|turn|13
|l|☆LoCoGuyXD
|inactive|LoCoGuyXD disconnected and has a minute to reconnect!
|player|p2|
|j|☆LoCoGuyXD
|inactive|LoCoGuyXD reconnected and has 125 seconds left.
|player|p2|LoCoGuyXD|backpacker|
|inactive|LoCoGuyXD has 120 seconds left.
|
|t:|1758994971
|-end|p2a: Walking Wake|Protosynthesis|[silent]
|switch|p2a: Torkoal|Torkoal, M|19/100
|move|p1a: Ursaluna|Earthquake|p2a: Torkoal
|-supereffective|p2a: Torkoal
|-damage|p2a: Torkoal|0 fnt
|faint|p2a: Torkoal
|
|-weather|SunnyDay|[upkeep]
|-damage|p1a: Ursaluna|49/100 brn|[from] brn
|upkeep
|
|t:|1758994982
|switch|p2a: Typhlosion|Typhlosion, M, tera:Fire|100/100
|turn|14
|
|t:|1758994985
|move|p2a: Typhlosion|Flame Charge|p1a: Ursaluna
|-damage|p1a: Ursaluna|16/100 brn
|-boost|p2a: Typhlosion|spe|1
|move|p1a: Ursaluna|Earthquake|p2a: Typhlosion
|-supereffective|p2a: Typhlosion
|-damage|p2a: Typhlosion|0 fnt
|faint|p2a: Typhlosion
|
|-weather|SunnyDay|[upkeep]
|-damage|p1a: Ursaluna|10/100 brn|[from] brn
|upkeep
|
|t:|1758994996
|switch|p2a: Lilligant|Lilligant-Hisui, F|100/100
|turn|15
|
|t:|1758995002
|move|p2a: Lilligant|Solar Blade||[still]
|-prepare|p2a: Lilligant|Solar Blade
|-anim|p2a: Lilligant|Solar Blade|p1a: Ursaluna
|-damage|p1a: Ursaluna|0 fnt
|faint|p1a: Ursaluna
|-damage|p2a: Lilligant|91/100|[from] item: Life Orb
|
|-weather|SunnyDay|[upkeep]
|upkeep
|
|t:|1758995011
|switch|p1a: Chesnaught|Chesnaught, F|100/100
|turn|16
|
|t:|1758995015
|move|p1a: Chesnaught|Spiky Shield|p1a: Chesnaught
|-singleturn|p1a: Chesnaught|move: Protect
|move|p2a: Lilligant|Triple Axel|p1a: Chesnaught
|-activate|p1a: Chesnaught|move: Protect
|-damage|p2a: Lilligant|78/100|[from] Spiky Shield|[of] p1a: Chesnaught
|
|-weather|none
|upkeep
|turn|17
|
|t:|1758995030
|move|p2a: Lilligant|Triple Axel|p1a: Chesnaught
|-supereffective|p1a: Chesnaught
|-damage|p1a: Chesnaught|88/100
|-supereffective|p1a: Chesnaught
|-damage|p1a: Chesnaught|62/100
|-supereffective|p1a: Chesnaught
|-damage|p1a: Chesnaught|23/100
|-hitcount|p1a: Chesnaught|3
|-damage|p2a: Lilligant|68/100|[from] item: Life Orb
|move|p1a: Chesnaught|Substitute|p1a: Chesnaught
|-fail|p1a: Chesnaught|move: Substitute|[weak]
|
|-heal|p1a: Chesnaught|29/100|[from] item: Leftovers
|upkeep
|turn|18
|
|t:|1758995044
|move|p1a: Chesnaught|Spiky Shield|p1a: Chesnaught
|-singleturn|p1a: Chesnaught|move: Protect
|move|p2a: Lilligant|Triple Axel|p1a: Chesnaught
|-activate|p1a: Chesnaught|move: Protect
|-damage|p2a: Lilligant|56/100|[from] Spiky Shield|[of] p1a: Chesnaught
|
|-heal|p1a: Chesnaught|35/100|[from] item: Leftovers
|upkeep
|turn|19
|
|t:|1758995057
|switch|p1a: Magnezone|Magnezone, shiny|100/100
|move|p2a: Lilligant|Triple Axel|p1a: Magnezone
|-resisted|p1a: Magnezone
|-damage|p1a: Magnezone|96/100
|-hitcount|p1a: Magnezone|1
|-damage|p2a: Lilligant|46/100|[from] item: Life Orb
|
|upkeep
|turn|20
|
|t:|1758995071
|move|p2a: Lilligant|Axe Kick|p1a: Magnezone
|-supereffective|p1a: Magnezone
|-damage|p1a: Magnezone|0 fnt
|faint|p1a: Magnezone
|-damage|p2a: Lilligant|36/100|[from] item: Life Orb
|
|upkeep
|
|t:|1758995078
|switch|p1a: Toxicroak|Toxicroak, M|100/100
|turn|21
|
|t:|1758995089
|move|p1a: Toxicroak|Sucker Punch|p2a: Lilligant
|-resisted|p2a: Lilligant
|-damage|p2a: Lilligant|19/100
|move|p2a: Lilligant|Triple Axel|p1a: Toxicroak
|-damage|p1a: Toxicroak|86/100
|-damage|p1a: Toxicroak|61/100
|-damage|p1a: Toxicroak|21/100
|-hitcount|p1a: Toxicroak|3
|-damage|p2a: Lilligant|9/100|[from] item: Life Orb
|
|upkeep
|turn|22
|
|t:|1758995102
|move|p1a: Toxicroak|Sucker Punch|p2a: Lilligant
|-resisted|p2a: Lilligant
|-damage|p2a: Lilligant|0 fnt
|faint|p2a: Lilligant
|
|upkeep
|
|t:|1758995106
|switch|p2a: Walking Wake|Walking Wake|77/100
|turn|23
|
|t:|1758995111
|move|p2a: Walking Wake|Flamethrower|p1a: Toxicroak
|-damage|p1a: Toxicroak|0 fnt
|faint|p1a: Toxicroak
|
|upkeep
|
|t:|1758995114
|switch|p1a: Chesnaught|Chesnaught, F|35/100
|turn|24
|
|t:|1758995121
|move|p2a: Walking Wake|Flamethrower|p1a: Chesnaught
|-supereffective|p1a: Chesnaught
|-damage|p1a: Chesnaught|0 fnt
|faint|p1a: Chesnaught
|
|win|LoCoGuyXD
|raw|edyle95's rating: 1110 &rarr; <strong>1086</strong><br />(-24 for losing)
|raw|LoCoGuyXD's rating: 1124 &rarr; <strong>1148</strong><br />(+24 for winning)
|c|☆edyle95|ggs
|c|☆LoCoGuyXD|ggs
|l|☆edyle95
|player|p1|
|l|☆LoCoGuyXD
|player|p2|
