|j|☆ayayaphone
|j|☆Gon_Freakster
|t:|1759070236
|gametype|singles
|player|p1|ayayaphone|169|1547
|player|p2|Gon_Freakster|101|1600
|gen|9
|tier|[Gen 9] OU
|rated|
|rule|HP Percentage Mod: HP is shown in percentages
|rule|Endless Battle Clause: Forcing endless battles is banned
|rule|Species Clause: Limit one of each Pokémon
|rule|OHKO Clause: OHKO moves are banned
|rule|Evasion Items Clause: Evasion items are banned
|rule|Evasion Moves Clause: Evasion moves are banned
|rule|Evasion Abilities Clause: Evasion abilities are banned
|rule|Sleep Moves Clause: Sleep-inducing moves are banned
|clearpoke
|poke|p1|Raging Bolt|
|poke|p1|Pincurchin, F|
|poke|p1|Hawlucha, M|
|poke|p1|Iron Treads|
|poke|p1|Meloetta|
|poke|p1|Rotom-Wash|
|poke|p2|Ursaluna, F|
|poke|p2|Meowscarada, F|
|poke|p2|Slowking-Galar, F|
|poke|p2|Great Tusk|
|poke|p2|Moltres|
|poke|p2|Gholdengo|
|teampreview
|inactive|Battle timer is ON: inactive players will automatically lose when time's up. (requested by ayayaphone)
|c|☆Gon_Freakster|hf
|inactive|ayayaphone has 120 seconds left.
|
|t:|1759070272
|teamsize|p1|6
|teamsize|p2|6
|start
|switch|p1a: Iron Treads|Iron Treads|100/100
|switch|p2a: Meowscarada|Meowscarada, F|100/100
|turn|1
|
|t:|1759070287
|-end|p1a: Iron Treads|Quark Drive|[silent]
|switch|p1a: Rotom|Rotom-Wash|100/100
|move|p2a: Meowscarada|U-turn|p1a: Rotom
|-damage|p1a: Rotom|78/100
|-damage|p2a: Meowscarada|84/100|[from] item: Rocky Helmet|[of] p1a: Rotom
|
|t:|1759070292
|switch|p2a: Slowking|Slowking-Galar, F|100/100|[from] U-turn
|
|upkeep
|turn|2
|
|t:|1759070303
|move|p1a: Rotom|Volt Switch|p2a: Slowking
|-damage|p2a: Slowking|80/100
|
|t:|1759070306
|switch|p1a: Pincurchin|Pincurchin, F|100/100|[from] Volt Switch
|-fieldstart|move: Electric Terrain|[from] ability: Electric Surge|[of] p1a: Pincurchin
|move|p2a: Slowking|Toxic Spikes|p1a: Pincurchin
|-sidestart|p1: ayayaphone|move: Toxic Spikes
|
|upkeep
|turn|3
|
|t:|1759070316
|move|p1a: Pincurchin|Spikes|p2a: Slowking
|-sidestart|p2: Gon_Freakster|Spikes
|move|p2a: Slowking|Future Sight|p1a: Pincurchin
|-start|p2a: Slowking|move: Future Sight
|
|upkeep
|turn|4
|
|t:|1759070326
|move|p1a: Pincurchin|Surf|p2a: Slowking
|-damage|p2a: Slowking|63/100
|move|p2a: Slowking|Sludge Bomb|p1a: Pincurchin
|-damage|p1a: Pincurchin|55/100
|
|upkeep
|turn|5
|
|t:|1759070332
|switch|p1a: Iron Treads|Iron Treads|100/100
|-activate|p1a: Iron Treads|ability: Quark Drive
|-start|p1a: Iron Treads|quarkdriveatk
|-prepare|p2a: Slowking|Chilly Reception|[premajor]
|move|p2a: Slowking|Chilly Reception|p2a: Slowking
|-weather|Snowscape
|
|t:|1759070335
|switch|p2a: Great Tusk|Great Tusk|100/100|[from] Chilly Reception
|-damage|p2a: Great Tusk|88/100|[from] Spikes
|
|-weather|Snowscape|[upkeep]
|-end|p1a: Iron Treads|move: Future Sight
|-resisted|p1a: Iron Treads
|-damage|p1a: Iron Treads|73/100
|-heal|p1a: Iron Treads|80/100|[from] item: Leftovers
|upkeep
|turn|6
|
|t:|1759070348
|move|p1a: Iron Treads|Rapid Spin|p2a: Great Tusk
|-damage|p2a: Great Tusk|74/100
|-boost|p1a: Iron Treads|spe|1
|-damage|p1a: Iron Treads|63/100|[from] item: Rocky Helmet|[of] p2a: Great Tusk
|-sideend|p1: ayayaphone|Toxic Spikes|[from] move: Rapid Spin|[of] p1a: Iron Treads
|move|p2a: Great Tusk|Headlong Rush|p1a: Iron Treads
|-supereffective|p1a: Iron Treads
|-damage|p1a: Iron Treads|0 fnt
|-unboost|p2a: Great Tusk|def|1
|-unboost|p2a: Great Tusk|spd|1
|faint|p1a: Iron Treads
|-end|p1a: Iron Treads|Quark Drive|[silent]
|
|-weather|Snowscape|[upkeep]
|upkeep
|
|t:|1759070353
|switch|p1a: Hawlucha|Hawlucha, M|100/100
|-enditem|p1a: Hawlucha|Electric Seed
|-boost|p1a: Hawlucha|def|1|[from] item: Electric Seed
|turn|7
|
|t:|1759070361
|-end|p2a: Great Tusk|Protosynthesis|[silent]
|switch|p2a: Moltres|Moltres|100/100
|move|p1a: Hawlucha|Swords Dance|p1a: Hawlucha
|-boost|p1a: Hawlucha|atk|2
|
|-weather|Snowscape|[upkeep]
|upkeep
|turn|8
|
|t:|1759070363
|move|p1a: Hawlucha|Taunt|p2a: Moltres
|-start|p2a: Moltres|move: Taunt
|cant|p2a: Moltres|move: Taunt|Roar
|
|-weather|Snowscape|[upkeep]
|upkeep
|turn|9
|
|t:|1759070365
|move|p1a: Hawlucha|Swords Dance|p1a: Hawlucha
|-boost|p1a: Hawlucha|atk|2
|move|p2a: Moltres|Flamethrower|p1a: Hawlucha
|-damage|p1a: Hawlucha|46/100
|-status|p1a: Hawlucha|brn
|
|-weather|none
|-damage|p1a: Hawlucha|40/100 brn|[from] brn
|-fieldend|move: Electric Terrain
|upkeep
|turn|10
|
|t:|1759070374
|move|p1a: Hawlucha|Acrobatics|p2a: Moltres
|-damage|p2a: Moltres|46/100
|move|p2a: Moltres|Flamethrower|p1a: Hawlucha
|-damage|p1a: Hawlucha|0 fnt
|faint|p1a: Hawlucha
|
|-end|p2a: Moltres|move: Taunt
|upkeep
|
|t:|1759070382
|switch|p1a: Meloetta|Meloetta|100/100
|turn|11
|
|t:|1759070389
|switch|p2a: Gholdengo|Gholdengo|100/100
|-damage|p2a: Gholdengo|88/100|[from] Spikes
|move|p1a: Meloetta|Relic Song|p2a: Gholdengo
|-immune|p2a: Gholdengo
|
|upkeep
|turn|12
|
|t:|1759070406
|switch|p2a: Slowking|Slowking-Galar, F|97/100
|move|p1a: Meloetta|Psychic|p2a: Slowking
|-damage|p2a: Slowking|57/100
|
|upkeep
|turn|13
|
|t:|1759070409
|move|p1a: Meloetta|Relic Song|p2a: Slowking
|-damage|p2a: Slowking|24/100
|-formechange|p1a: Meloetta|Meloetta-Pirouette|[msg]
|-prepare|p2a: Slowking|Chilly Reception|[premajor]
|move|p2a: Slowking|Chilly Reception|p2a: Slowking
|-weather|Snowscape
|
|t:|1759070414
|switch|p2a: Moltres|Moltres|46/100|[from] Chilly Reception
|
|-weather|Snowscape|[upkeep]
|upkeep
|turn|14
|
|t:|1759070418
|move|p1a: Meloetta|Relic Song|p2a: Moltres
|-damage|p2a: Moltres|18/100
|-formechange|p1a: Meloetta|Meloetta|[msg]
|move|p2a: Moltres|Roost|p2a: Moltres
|-heal|p2a: Moltres|68/100
|-singleturn|p2a: Moltres|move: Roost
|
|-weather|Snowscape|[upkeep]
|upkeep
|turn|15
|
|t:|1759070428
|switch|p2a: Meowscarada|Meowscarada, F|84/100
|move|p1a: Meloetta|Psychic|p2a: Meowscarada
|-immune|p2a: Meowscarada
|
|-weather|Snowscape|[upkeep]
|upkeep
|turn|16
|
|t:|1759070434
|-terastallize|p1a: Meloetta|Normal
|move|p2a: Meowscarada|Knock Off|p1a: Meloetta
|-damage|p1a: Meloetta|50/100
|-enditem|p1a: Meloetta|Assault Vest|[from] move: Knock Off|[of] p2a: Meowscarada
|move|p1a: Meloetta|Relic Song|p2a: Meowscarada
|-damage|p2a: Meowscarada|0 fnt
|faint|p2a: Meowscarada
|-formechange|p1a: Meloetta|Meloetta-Pirouette|[msg]
|
|-weather|Snowscape|[upkeep]
|upkeep
|
|t:|1759070441
|switch|p2a: Gholdengo|Gholdengo|88/100
|-damage|p2a: Gholdengo|76/100|[from] Spikes
|turn|17
|
|t:|1759070448
|move|p2a: Gholdengo|Focus Blast|p1a: Meloetta
|-supereffective|p1a: Meloetta
|-damage|p1a: Meloetta|0 fnt
|faint|p1a: Meloetta
|
|-weather|none
|upkeep
|
|t:|1759070451
|switch|p1a: Pincurchin|Pincurchin, F|55/100
|-fieldstart|move: Electric Terrain|[from] ability: Electric Surge|[of] p1a: Pincurchin
|turn|18
|
|t:|1759070457
|switch|p2a: Slowking|Slowking-Galar, F|58/100
|move|p1a: Pincurchin|Spikes|p2a: Slowking
|-sidestart|p2: Gon_Freakster|Spikes
|
|upkeep
|turn|19
|
|t:|1759070461
|move|p1a: Pincurchin|Thunder Wave|p2a: Slowking
|-status|p2a: Slowking|par
|move|p2a: Slowking|Toxic Spikes|p1a: Pincurchin
|-sidestart|p1: ayayaphone|move: Toxic Spikes
|
|upkeep
|turn|20
|
|t:|1759070466
|move|p1a: Pincurchin|Spikes|p2a: Slowking
|-sidestart|p2: Gon_Freakster|Spikes
|move|p2a: Slowking|Toxic Spikes|p1a: Pincurchin
|-sidestart|p1: ayayaphone|move: Toxic Spikes
|
|upkeep
|turn|21
|
|t:|1759070471
|switch|p1a: Raging Bolt|Raging Bolt|100/100
|-status|p1a: Raging Bolt|tox
|-prepare|p2a: Slowking|Chilly Reception|[premajor]
|move|p2a: Slowking|Chilly Reception|p2a: Slowking
|-weather|Snowscape
|
|t:|1759070473
|switch|p2a: Great Tusk|Great Tusk|74/100|[from] Chilly Reception
|-damage|p2a: Great Tusk|49/100|[from] Spikes
|
|-weather|Snowscape|[upkeep]
|-damage|p1a: Raging Bolt|94/100 tox|[from] psn
|upkeep
|turn|22
|
|t:|1759070477
|move|p1a: Raging Bolt|Weather Ball|p2a: Great Tusk
|-supereffective|p2a: Great Tusk
|-damage|p2a: Great Tusk|0 fnt
|faint|p2a: Great Tusk
|-end|p2a: Great Tusk|Protosynthesis|[silent]
|
|-weather|Snowscape|[upkeep]
|-damage|p1a: Raging Bolt|82/100 tox|[from] psn
|upkeep
|
|t:|1759070482
|switch|p2a: Gholdengo|Gholdengo|76/100
|-damage|p2a: Gholdengo|51/100|[from] Spikes
|turn|23
|
|t:|1759070485
|-end|p1a: Raging Bolt|Protosynthesis|[silent]
|switch|p1a: Rotom|Rotom-Wash|78/100
|move|p2a: Gholdengo|Shadow Ball|p1a: Rotom
|-damage|p1a: Rotom|44/100
|
|-weather|Snowscape|[upkeep]
|upkeep
|turn|24
|
|t:|1759070493
|switch|p2a: Slowking|Slowking-Galar, F|91/100 par
|move|p1a: Rotom|Volt Switch|p2a: Slowking
|-damage|p2a: Slowking|71/100 par
|
|t:|1759070497
|switch|p1a: Raging Bolt|Raging Bolt|82/100 tox|[from] Volt Switch
|
|-weather|Snowscape|[upkeep]
|-damage|p1a: Raging Bolt|76/100 tox|[from] psn
|upkeep
|turn|25
|
|t:|1759070501
|move|p1a: Raging Bolt|Rising Voltage|p2a: Slowking
|-hint|Rising Voltage's BP doubled on grounded target.
|-damage|p2a: Slowking|0 fnt
|faint|p2a: Slowking
|
|-weather|none
|-damage|p1a: Raging Bolt|64/100 tox|[from] psn
|-fieldend|move: Electric Terrain
|upkeep
|
|t:|1759070510
|switch|p2a: Ursaluna|Ursaluna, F|100/100
|-damage|p2a: Ursaluna|76/100|[from] Spikes
|turn|26
|
|t:|1759070514
|-end|p1a: Raging Bolt|Protosynthesis|[silent]
|switch|p1a: Pincurchin|Pincurchin, F|55/100
|-status|p1a: Pincurchin|tox
|-fieldstart|move: Electric Terrain|[from] ability: Electric Surge|[of] p1a: Pincurchin
|move|p2a: Ursaluna|Bulk Up|p2a: Ursaluna
|-boost|p2a: Ursaluna|atk|1
|-boost|p2a: Ursaluna|def|1
|
|-heal|p2a: Ursaluna|82/100|[from] item: Leftovers
|-damage|p1a: Pincurchin|49/100 tox|[from] psn
|upkeep
|turn|27
|
|t:|1759070518
|move|p2a: Ursaluna|Protect|p2a: Ursaluna
|-singleturn|p2a: Ursaluna|Protect
|move|p1a: Pincurchin|Surf|p2a: Ursaluna
|-activate|p2a: Ursaluna|move: Protect
|
|-heal|p2a: Ursaluna|88/100|[from] item: Leftovers
|-damage|p1a: Pincurchin|37/100 tox|[from] psn
|upkeep
|turn|28
|
|t:|1759070523
|move|p2a: Ursaluna|Earthquake|p1a: Pincurchin
|-supereffective|p1a: Pincurchin
|-damage|p1a: Pincurchin|0 fnt
|faint|p1a: Pincurchin
|
|-heal|p2a: Ursaluna|94/100|[from] item: Leftovers
|upkeep
|
|t:|1759070525
|switch|p1a: Rotom|Rotom-Wash|44/100
|turn|29
|
|t:|1759070528
|move|p2a: Ursaluna|Protect|p2a: Ursaluna
|-singleturn|p2a: Ursaluna|Protect
|move|p1a: Rotom|Hydro Pump|p2a: Ursaluna
|-activate|p2a: Ursaluna|move: Protect
|
|-heal|p2a: Ursaluna|99/100|[from] item: Leftovers
|upkeep
|turn|30
|
|t:|1759070533
|-terastallize|p2a: Ursaluna|Fairy
|move|p1a: Rotom|Pain Split|p2a: Ursaluna
|-sethp|p2a: Ursaluna|64/100|[from] move: Pain Split|[silent]
|-sethp|p1a: Rotom|98/100|[from] move: Pain Split
|move|p2a: Ursaluna|Bulk Up|p2a: Ursaluna
|-boost|p2a: Ursaluna|atk|1
|-boost|p2a: Ursaluna|def|1
|
|-heal|p2a: Ursaluna|70/100|[from] item: Leftovers
|upkeep
|turn|31
|
|t:|1759070538
|move|p2a: Ursaluna|Protect|p2a: Ursaluna
|-singleturn|p2a: Ursaluna|Protect
|move|p1a: Rotom|Volt Switch|p2a: Ursaluna
|-activate|p2a: Ursaluna|move: Protect
|
|-heal|p2a: Ursaluna|77/100|[from] item: Leftovers
|upkeep
|turn|32
|
|t:|1759070542
|move|p1a: Rotom|Volt Switch|p2a: Ursaluna
|-damage|p2a: Ursaluna|61/100
|
|t:|1759070545
|switch|p1a: Raging Bolt|Raging Bolt|64/100 tox|[from] Volt Switch
|move|p2a: Ursaluna|Ice Punch|p1a: Raging Bolt
|-supereffective|p1a: Raging Bolt
|-damage|p1a: Raging Bolt|0 fnt
|faint|p1a: Raging Bolt
|-end|p1a: Raging Bolt|Protosynthesis|[silent]
|
|-heal|p2a: Ursaluna|67/100|[from] item: Leftovers
|upkeep
|-message|ayayaphone forfeited.
|
|win|Gon_Freakster
|raw|ayayaphone's rating: 1547 &rarr; <strong>1530</strong><br />(-17 for losing)
|raw|Gon_Freakster's rating: 1600 &rarr; <strong>1617</strong><br />(+17 for winning)
|l|☆ayayaphone
|player|p1|
|l|☆Gon_Freakster
|player|p2|
