|j|☆lerendezvous
|j|☆ay cheu
|t:|1758958168
|gametype|singles
|player|p1|lerendezvous|101|1669
|player|p2|ay cheu|riley|1692
|gen|9
|tier|[Gen 9] OU
|rated|
|rule|HP Percentage Mod: HP is shown in percentages
|rule|Endless Battle Clause: Forcing endless battles is banned
|rule|Species Clause: Limit one of each Pokémon
|rule|OHKO Clause: OHKO moves are banned
|rule|Evasion Items Clause: Evasion items are banned
|rule|Evasion Moves Clause: Evasion moves are banned
|rule|Evasion Abilities Clause: Evasion abilities are banned
|rule|Sleep Moves Clause: Sleep-inducing moves are banned
|clearpoke
|poke|p1|Ogerpon-Wellspring, F|
|poke|p1|Slowking-Galar, F|
|poke|p1|Great Tusk|
|poke|p1|Moltres|
|poke|p1|Dragapult, M|
|poke|p1|Kingambit, F|
|poke|p2|Arcanine-Hisui, M|
|poke|p2|Metagross|
|poke|p2|Sandy Shocks|
|poke|p2|Zapdos-Galar|
|poke|p2|Suicune|
|poke|p2|Frosmoth, F|
|teampreview
|
|t:|1758958175
|teamsize|p1|6
|teamsize|p2|6
|start
|switch|p1a: Great Tusk|Great Tusk|100/100
|switch|p2a: 隼|Zapdos-Galar|100/100
|turn|1
|inactive|Battle timer is ON: inactive players will automatically lose when time's up. (requested by lerendezvous)
|
|t:|1758958180
|switch|p2a: 力拔山兮|Metagross, shiny|100/100
|move|p1a: Great Tusk|Stealth Rock|p2a: 力拔山兮
|-sidestart|p2: ay cheu|move: Stealth Rock
|
|upkeep
|turn|2
|
|t:|1758958184
|move|p1a: Great Tusk|Headlong Rush|p2a: 力拔山兮
|-supereffective|p2a: 力拔山兮
|-damage|p2a: 力拔山兮|26/100
|-unboost|p1a: Great Tusk|def|1
|-unboost|p1a: Great Tusk|spd|1
|-damage|p1a: Great Tusk|84/100|[from] item: Rocky Helmet|[of] p2a: 力拔山兮
|move|p2a: 力拔山兮|Psychic Noise|p1a: Great Tusk
|-supereffective|p1a: Great Tusk
|-damage|p1a: Great Tusk|0 fnt
|faint|p1a: Great Tusk
|-end|p1a: Great Tusk|Protosynthesis|[silent]
|
|upkeep
|
|t:|1758958191
|switch|p1a: Ogerpon|Ogerpon-Wellspring, F|100/100
|turn|3
|
|t:|1758958197
|switch|p2a: 君君|Suicune|100/100
|-damage|p2a: 君君|88/100|[from] Stealth Rock
|-ability|p2a: 君君|Pressure
|move|p1a: Ogerpon|Ivy Cudgel|p2a: 君君|[anim] Ivy Cudgel Water
|-resisted|p2a: 君君
|-damage|p2a: 君君|73/100
|
|-heal|p2a: 君君|79/100|[from] item: Leftovers
|upkeep
|turn|4
|
|t:|1758958208
|switch|p2a: 隼|Zapdos-Galar|100/100
|-damage|p2a: 隼|88/100|[from] Stealth Rock
|move|p1a: Ogerpon|Knock Off|p2a: 隼
|-resisted|p2a: 隼
|-crit|p2a: 隼
|-damage|p2a: 隼|57/100
|-enditem|p2a: 隼|Choice Scarf|[from] move: Knock Off|[of] p1a: Ogerpon
|
|upkeep
|turn|5
|
|t:|1758958214
|move|p1a: Ogerpon|Ivy Cudgel|p2a: 隼|[anim] Ivy Cudgel Water
|-damage|p2a: 隼|0 fnt
|faint|p2a: 隼
|
|upkeep
|
|t:|1758958221
|switch|p2a: 君君|Suicune|79/100
|-damage|p2a: 君君|66/100|[from] Stealth Rock
|-ability|p2a: 君君|Pressure
|turn|6
|
|t:|1758958226
|move|p1a: Ogerpon|Power Whip|p2a: 君君|[miss]
|-miss|p1a: Ogerpon|p2a: 君君
|move|p2a: 君君|Air Slash|p1a: Ogerpon
|-supereffective|p1a: Ogerpon
|-damage|p1a: Ogerpon|65/100
|
|-heal|p2a: 君君|73/100|[from] item: Leftovers
|upkeep
|turn|7
|j| heatraniac
|
|t:|1758958231
|-terastallize|p2a: 君君|Flying
|move|p1a: Ogerpon|Power Whip|p2a: 君君|[miss]
|-miss|p1a: Ogerpon|p2a: 君君
|move|p2a: 君君|Air Slash|p1a: Ogerpon
|-supereffective|p1a: Ogerpon
|-damage|p1a: Ogerpon|13/100
|
|-heal|p2a: 君君|79/100|[from] item: Leftovers
|upkeep
|turn|8
|l| heatraniac
|
|t:|1758958237
|move|p1a: Ogerpon|Ivy Cudgel|p2a: 君君|[anim] Ivy Cudgel Water
|-damage|p2a: 君君|47/100
|move|p2a: 君君|Air Slash|p1a: Ogerpon
|-supereffective|p1a: Ogerpon
|-damage|p1a: Ogerpon|0 fnt
|faint|p1a: Ogerpon
|
|-heal|p2a: 君君|53/100|[from] item: Leftovers
|upkeep
|
|t:|1758958242
|switch|p1a: Kingambit|Kingambit, F|100/100
|-activate|p1a: Kingambit|ability: Supreme Overlord
|-start|p1a: Kingambit|fallen2|[silent]
|turn|9
|
|t:|1758958247
|move|p2a: 君君|Scald|p1a: Kingambit
|-damage|p1a: Kingambit|73/100
|-status|p1a: Kingambit|brn
|move|p1a: Kingambit|Swords Dance|p1a: Kingambit
|-boost|p1a: Kingambit|atk|2
|
|-heal|p2a: 君君|60/100|[from] item: Leftovers
|-heal|p1a: Kingambit|79/100 brn|[from] item: Leftovers
|-damage|p1a: Kingambit|73/100 brn|[from] brn
|upkeep
|turn|10
|
|t:|1758958254
|move|p2a: 君君|Air Slash|p1a: Kingambit
|-resisted|p1a: Kingambit
|-damage|p1a: Kingambit|60/100 brn
|move|p1a: Kingambit|Iron Head|p2a: 君君
|-damage|p2a: 君君|28/100
|
|-heal|p2a: 君君|35/100|[from] item: Leftovers
|-heal|p1a: Kingambit|66/100 brn|[from] item: Leftovers
|-damage|p1a: Kingambit|60/100 brn|[from] brn
|upkeep
|turn|11
|
|t:|1758958259
|move|p1a: Kingambit|Sucker Punch||[still]
|-fail|p1a: Kingambit
|move|p2a: 君君|Calm Mind|p2a: 君君
|-boost|p2a: 君君|spa|1
|-boost|p2a: 君君|spd|1
|
|-heal|p2a: 君君|41/100|[from] item: Leftovers
|-heal|p1a: Kingambit|66/100 brn|[from] item: Leftovers
|-damage|p1a: Kingambit|60/100 brn|[from] brn
|upkeep
|turn|12
|
|t:|1758958263
|move|p2a: 君君|Substitute|p2a: 君君
|-start|p2a: 君君|Substitute
|-damage|p2a: 君君|16/100
|move|p1a: Kingambit|Iron Head|p2a: 君君
|-end|p2a: 君君|Substitute
|
|-heal|p2a: 君君|22/100|[from] item: Leftovers
|-heal|p1a: Kingambit|66/100 brn|[from] item: Leftovers
|-damage|p1a: Kingambit|60/100 brn|[from] brn
|upkeep
|turn|13
|
|t:|1758958269
|move|p2a: 君君|Scald|p1a: Kingambit
|-damage|p1a: Kingambit|18/100 brn
|move|p1a: Kingambit|Iron Head|p2a: 君君
|-damage|p2a: 君君|0 fnt
|faint|p2a: 君君
|
|-heal|p1a: Kingambit|24/100 brn|[from] item: Leftovers
|-damage|p1a: Kingambit|18/100 brn|[from] brn
|upkeep
|
|t:|1758958276
|switch|p2a: 力拔山兮|Metagross, shiny|26/100
|-damage|p2a: 力拔山兮|20/100|[from] Stealth Rock
|turn|14
|
|t:|1758958280
|move|p1a: Kingambit|Low Kick|p2a: 力拔山兮
|-damage|p2a: 力拔山兮|0 fnt
|-damage|p1a: Kingambit|1/100 brn|[from] item: Rocky Helmet|[of] p2a: 力拔山兮
|faint|p2a: 力拔山兮
|
|-heal|p1a: Kingambit|8/100 brn|[from] item: Leftovers
|-damage|p1a: Kingambit|1/100 brn|[from] brn
|upkeep
|
|t:|1758958286
|switch|p2a: Sandy Shocks|Sandy Shocks|100/100
|-damage|p2a: Sandy Shocks|94/100|[from] Stealth Rock
|turn|15
|
|t:|1758958290
|-end|p1a: Kingambit|fallen2|[silent]
|switch|p1a: Dragapult|Dragapult, M|100/100
|move|p2a: Sandy Shocks|Spikes|p1a: Dragapult
|-sidestart|p1: lerendezvous|Spikes
|
|upkeep
|turn|16
|
|t:|1758958295
|-end|p2a: Sandy Shocks|Protosynthesis|[silent]
|switch|p2a: 扑火|Frosmoth, F, shiny|100/100
|move|p1a: Dragapult|Dragon Darts|p2a: 扑火
|-damage|p2a: 扑火|67/100
|-anim|p1a: Dragapult|Dragon Darts|p2a: 扑火
|-damage|p2a: 扑火|37/100
|
|upkeep
|turn|17
|
|t:|1758958302
|move|p1a: Dragapult|Dragon Darts|p2a: 扑火
|-damage|p2a: 扑火|4/100
|-anim|p1a: Dragapult|Dragon Darts|p2a: 扑火
|-damage|p2a: 扑火|0 fnt
|faint|p2a: 扑火
|
|upkeep
|
|t:|1758958304
|switch|p2a: 灰灰|Arcanine-Hisui, M|100/100
|-damage|p2a: 灰灰|75/100|[from] Stealth Rock
|turn|18
|
|t:|1758958308
|move|p1a: Dragapult|Dragon Darts|p2a: 灰灰
|-damage|p2a: 灰灰|49/100
|-anim|p1a: Dragapult|Dragon Darts|p2a: 灰灰
|-damage|p2a: 灰灰|22/100
|move|p2a: 灰灰|Head Smash|p1a: Dragapult|[miss]
|-miss|p2a: 灰灰|p1a: Dragapult
|
|upkeep
|turn|19
|-message|ay cheu forfeited.
|
|win|lerendezvous
|raw|lerendezvous's rating: 1669 &rarr; <strong>1690</strong><br />(+21 for winning)
|raw|ay cheu's rating: 1692 &rarr; <strong>1671</strong><br />(-21 for losing)
|l|☆ay cheu
|player|p2|
|l|☆lerendezvous
|player|p1|
