|j|☆mobmaster21
|j|☆YumeKasumi76
|t:|1758955343
|gametype|singles
|player|p1|mobmaster21|riley|1347
|player|p2|YumeKasumi76|170|1320
|gen|9
|tier|[Gen 9] OU
|rated|
|rule|HP Percentage Mod: HP is shown in percentages
|rule|Endless Battle Clause: Forcing endless battles is banned
|rule|Species Clause: Limit one of each Pokémon
|rule|OHKO Clause: OHKO moves are banned
|rule|Evasion Items Clause: Evasion items are banned
|rule|Evasion Moves Clause: Evasion moves are banned
|rule|Evasion Abilities Clause: Evasion abilities are banned
|rule|Sleep Moves Clause: Sleep-inducing moves are banned
|clearpoke
|poke|p1|Iron Valiant|
|poke|p1|Quaquaval, M|
|poke|p1|Pelipper, F|
|poke|p1|Iron Treads|
|poke|p1|Zapdos|
|poke|p1|Meowscarada, M|
|poke|p2|Cobalion|
|poke|p2|Weezing-Galar, M|
|poke|p2|Lokix, F|
|poke|p2|Arboliva, M|
|poke|p2|Ceruledge, F|
|poke|p2|Latios, M|
|teampreview
|inactive|Battle timer is ON: inactive players will automatically lose when time's up. (requested by YumeKasumi76)
|inactive|mobmaster21 has 120 seconds left.
|
|t:|1758955391
|teamsize|p1|6
|teamsize|p2|6
|start
|switch|p1a: Meowscarada|Meowscarada, M|100/100
|switch|p2a: M'affald|Weezing-Galar, M|100/100
|-ability|p2a: M'affald|Neutralizing Gas
|turn|1
|
|t:|1758955398
|move|p1a: Meowscarada|U-turn|p2a: M'affald
|-resisted|p2a: M'affald
|-damage|p2a: M'affald|95/100
|
|t:|1758955419
|switch|p1a: Pelipper|Pelipper, F|100/100|[from] U-turn
|move|p2a: M'affald|Will-O-Wisp|p1a: Pelipper
|-status|p1a: Pelipper|brn
|
|-damage|p1a: Pelipper|94/100 brn|[from] brn
|upkeep
|turn|2
|
|t:|1758955426
|move|p1a: Pelipper|U-turn|p2a: M'affald
|-resisted|p2a: M'affald
|-damage|p2a: M'affald|95/100
|
|t:|1758955428
|switch|p1a: Iron Treads|Iron Treads|100/100|[from] U-turn
|move|p2a: M'affald|Sludge Bomb|p1a: Iron Treads
|-immune|p1a: Iron Treads
|
|upkeep
|turn|3
|
|t:|1758955436
|move|p1a: Iron Treads|Earthquake|p2a: M'affald
|-supereffective|p2a: M'affald
|-damage|p2a: M'affald|35/100
|move|p2a: M'affald|Will-O-Wisp|p1a: Iron Treads
|-status|p1a: Iron Treads|brn
|
|-damage|p1a: Iron Treads|94/100 brn|[from] brn
|upkeep
|turn|4
|
|t:|1758955440
|move|p1a: Iron Treads|Stealth Rock|p2a: M'affald
|-sidestart|p2: YumeKasumi76|move: Stealth Rock
|move|p2a: M'affald|Pain Split|p1a: Iron Treads
|-sethp|p1a: Iron Treads|65/100 brn|[from] move: Pain Split|[silent]
|-sethp|p2a: M'affald|63/100|[from] move: Pain Split
|
|-damage|p1a: Iron Treads|59/100 brn|[from] brn
|upkeep
|turn|5
|
|t:|1758955446
|move|p1a: Iron Treads|Earthquake|p2a: M'affald
|-supereffective|p2a: M'affald
|-damage|p2a: M'affald|29/100
|move|p2a: M'affald|Defog|p1a: Iron Treads
|-unboost|p1a: Iron Treads|evasion|1
|-sideend|p2: YumeKasumi76|Stealth Rock|[from] move: Defog|[of] p2a: M'affald
|
|-damage|p1a: Iron Treads|53/100 brn|[from] brn
|upkeep
|turn|6
|j| mustang Dijon
|
|t:|1758955466
|-end|p2a: M'affald|ability: Neutralizing Gas
|switch|p2a: Pantheon|Arboliva, M|100/100
|-enditem|p1a: Iron Treads|Booster Energy
|-activate|p1a: Iron Treads|ability: Quark Drive|[fromitem]
|-start|p1a: Iron Treads|quarkdrivespe
|move|p1a: Iron Treads|Earthquake|p2a: Pantheon
|-resisted|p2a: Pantheon
|-damage|p2a: Pantheon|89/100
|-fieldstart|move: Grassy Terrain|[from] ability: Seed Sower|[of] p2a: Pantheon
|
|-heal|p1a: Iron Treads|59/100 brn|[from] Grassy Terrain
|-heal|p2a: Pantheon|95/100|[from] Grassy Terrain
|-damage|p1a: Iron Treads|53/100 brn|[from] brn
|upkeep
|turn|7
|
|t:|1758955476
|switch|p2a: M'affald|Weezing-Galar, M|29/100
|-ability|p2a: M'affald|Neutralizing Gas
|move|p1a: Iron Treads|Ice Spinner|p2a: M'affald
|-damage|p2a: M'affald|21/100
|-fieldend|move: Grassy Terrain
|
|-damage|p1a: Iron Treads|46/100 brn|[from] brn
|upkeep
|turn|8
|
|t:|1758955485
|-end|p2a: M'affald|ability: Neutralizing Gas
|switch|p2a: Pantheon|Arboliva, M|95/100
|move|p1a: Iron Treads|Earthquake|p2a: Pantheon
|-resisted|p2a: Pantheon
|-damage|p2a: Pantheon|83/100
|-fieldstart|move: Grassy Terrain|[from] ability: Seed Sower|[of] p2a: Pantheon
|
|-heal|p1a: Iron Treads|53/100 brn|[from] Grassy Terrain
|-heal|p2a: Pantheon|89/100|[from] Grassy Terrain
|-damage|p1a: Iron Treads|46/100 brn|[from] brn
|upkeep
|turn|9
|
|t:|1758955488
|move|p1a: Iron Treads|Ice Spinner|p2a: Pantheon
|-supereffective|p2a: Pantheon
|-damage|p2a: Pantheon|67/100
|-fieldend|move: Grassy Terrain
|move|p2a: Pantheon|Earth Power|p1a: Iron Treads
|-supereffective|p1a: Iron Treads
|-damage|p1a: Iron Treads|0 fnt
|faint|p1a: Iron Treads
|-end|p1a: Iron Treads|Quark Drive|[silent]
|
|upkeep
|
|t:|1758955494
|switch|p1a: Meowscarada|Meowscarada, M|100/100
|turn|10
|
|t:|1758955497
|switch|p2a: Ironhyde|Cobalion|100/100
|move|p1a: Meowscarada|U-turn|p2a: Ironhyde
|-start|p1a: Meowscarada|typechange|Bug|[from] ability: Protean
|-resisted|p2a: Ironhyde
|-damage|p2a: Ironhyde|92/100
|-damage|p1a: Meowscarada|84/100|[from] item: Rocky Helmet|[of] p2a: Ironhyde
|
|t:|1758955507
|switch|p1a: Pelipper|Pelipper, F|94/100 brn|[from] U-turn
|-weather|RainDance|[from] ability: Drizzle|[of] p1a: Pelipper
|
|-weather|RainDance|[upkeep]
|-damage|p1a: Pelipper|88/100 brn|[from] brn
|upkeep
|turn|11
|
|t:|1758955510
|move|p1a: Pelipper|Weather Ball|p2a: Ironhyde
|-damage|p2a: Ironhyde|12/100
|move|p2a: Ironhyde|Volt Switch|p1a: Pelipper
|-supereffective|p1a: Pelipper
|-damage|p1a: Pelipper|0 fnt
|faint|p1a: Pelipper
|
|t:|1758955518
|switch|p2a: Iverson|Latios, M|100/100|[from] Volt Switch
|
|-weather|RainDance|[upkeep]
|upkeep
|
|t:|1758955523
|switch|p1a: Meowscarada|Meowscarada, M|84/100
|turn|12
|
|t:|1758955526
|switch|p2a: Ironhyde|Cobalion|12/100
|move|p1a: Meowscarada|U-turn|p2a: Ironhyde
|-start|p1a: Meowscarada|typechange|Bug|[from] ability: Protean
|-resisted|p2a: Ironhyde
|-damage|p2a: Ironhyde|4/100
|-damage|p1a: Meowscarada|68/100|[from] item: Rocky Helmet|[of] p2a: Ironhyde
|
|t:|1758955529
|switch|p1a: Quaquaval|Quaquaval, M|100/100|[from] U-turn
|
|-weather|RainDance|[upkeep]
|upkeep
|turn|13
|
|t:|1758955533
|-terastallize|p1a: Quaquaval|Dragon
|move|p2a: Ironhyde|Steel Beam|p1a: Quaquaval
|-damage|p1a: Quaquaval|45/100
|-damage|p2a: Ironhyde|0 fnt|[from] steelbeam
|faint|p2a: Ironhyde
|move|p1a: Quaquaval|Aqua Step|p2: Ironhyde|[notarget]
|-fail|p1a: Quaquaval
|
|-weather|RainDance|[upkeep]
|upkeep
|
|t:|1758955541
|switch|p2a: Iverson|Latios, M|100/100
|turn|14
|
|t:|1758955546
|move|p2a: Iverson|Luster Purge|p1a: Quaquaval
|-damage|p1a: Quaquaval|0 fnt
|faint|p1a: Quaquaval
|
|-weather|none
|upkeep
|
|t:|1758955549
|switch|p1a: Meowscarada|Meowscarada, M|68/100
|turn|15
|
|t:|1758955552
|switch|p2a: M'affald|Weezing-Galar, M|21/100
|-ability|p2a: M'affald|Neutralizing Gas
|move|p1a: Meowscarada|U-turn|p2a: M'affald
|-resisted|p2a: M'affald
|-crit|p2a: M'affald
|-damage|p2a: M'affald|13/100
|
|t:|1758955556
|switch|p1a: Iron Valiant|Iron Valiant, shiny|100/100|[from] U-turn
|
|upkeep
|turn|16
|
|t:|1758955561
|move|p1a: Iron Valiant|Psyshock|p2a: M'affald
|-supereffective|p2a: M'affald
|-damage|p2a: M'affald|0 fnt
|faint|p2a: M'affald
|-end|p2a: M'affald|ability: Neutralizing Gas
|-enditem|p1a: Iron Valiant|Booster Energy
|-activate|p1a: Iron Valiant|ability: Quark Drive|[fromitem]
|-start|p1a: Iron Valiant|quarkdrivespe
|
|upkeep
|
|t:|1758955563
|switch|p2a: Satsuki|Lokix, F, shiny|100/100
|turn|17
|
|t:|1758955567
|-end|p1a: Iron Valiant|Quark Drive|[silent]
|switch|p1a: Zapdos|Zapdos|100/100
|switch|p2a: Jalter|Ceruledge, F|100/100
|
|upkeep
|turn|18
|
|t:|1758955574
|switch|p2a: Pantheon|Arboliva, M|67/100
|move|p1a: Zapdos|Thunder|p2a: Pantheon|[miss]
|-miss|p1a: Zapdos|p2a: Pantheon
|
|upkeep
|turn|19
|
|t:|1758955579
|move|p1a: Zapdos|Hurricane|p2a: Pantheon
|-supereffective|p2a: Pantheon
|-damage|p2a: Pantheon|11/100
|-fieldstart|move: Grassy Terrain|[from] ability: Seed Sower|[of] p2a: Pantheon
|move|p2a: Pantheon|Tera Blast|p1a: Zapdos
|-crit|p1a: Zapdos
|-damage|p1a: Zapdos|41/100
|
|-heal|p2a: Pantheon|17/100|[from] Grassy Terrain
|upkeep
|turn|20
|
|t:|1758955587
|move|p1a: Zapdos|Hurricane|p2a: Pantheon
|-supereffective|p2a: Pantheon
|-damage|p2a: Pantheon|0 fnt
|faint|p2a: Pantheon
|
|upkeep
|
|t:|1758955589
|switch|p2a: Iverson|Latios, M|100/100
|turn|21
|
|t:|1758955593
|move|p2a: Iverson|Draco Meteor|p1a: Zapdos
|-damage|p1a: Zapdos|0 fnt
|-unboost|p2a: Iverson|spa|2
|faint|p1a: Zapdos
|
|upkeep
|
|t:|1758955597
|switch|p1a: Iron Valiant|Iron Valiant, shiny|100/100
|turn|22
|
|t:|1758955600
|switch|p2a: Jalter|Ceruledge, F|100/100
|move|p1a: Iron Valiant|Moonblast|p2a: Jalter
|-resisted|p2a: Jalter
|-damage|p2a: Jalter|82/100
|-unboost|p2a: Jalter|spa|1
|
|-heal|p2a: Jalter|88/100|[from] Grassy Terrain
|-heal|p2a: Jalter|94/100|[from] item: Leftovers
|upkeep
|turn|23
|
|t:|1758955604
|-end|p1a: Iron Valiant|Quark Drive|[silent]
|switch|p1a: Meowscarada|Meowscarada, M|68/100
|move|p2a: Jalter|Bitter Blade|p1a: Meowscarada
|-supereffective|p1a: Meowscarada
|-damage|p1a: Meowscarada|0 fnt
|-heal|p2a: Jalter|100/100|[from] drain|[of] p1a: Meowscarada
|faint|p1a: Meowscarada
|
|-fieldend|move: Grassy Terrain
|upkeep
|-message|mobmaster21 forfeited.
|
|win|YumeKasumi76
|raw|mobmaster21's rating: 1347 &rarr; <strong>1325</strong><br />(-22 for losing)
|raw|YumeKasumi76's rating: 1320 &rarr; <strong>1342</strong><br />(+22 for winning)
|l|☆mobmaster21
|player|p1|
|l|☆YumeKasumi76
|player|p2|
