|j|☆aliester - es
|j|☆SBYK
|t:|1758925616
|gametype|singles
|player|p1|aliester - es|n|1553
|player|p2|SBYK|aaron|1539
|gen|9
|tier|[Gen 9] OU
|rated|
|rule|HP Percentage Mod: HP is shown in percentages
|rule|Endless Battle Clause: Forcing endless battles is banned
|rule|Species Clause: Limit one of each Pokémon
|rule|OHKO Clause: OHKO moves are banned
|rule|Evasion Items Clause: Evasion items are banned
|rule|Evasion Moves Clause: Evasion moves are banned
|rule|Evasion Abilities Clause: Evasion abilities are banned
|rule|Sleep Moves Clause: Sleep-inducing moves are banned
|clearpoke
|poke|p1|Tyranitar, F|
|poke|p1|Excadrill, M|
|poke|p1|Keldeo-Resolute|
|poke|p1|Moltres|
|poke|p1|Ogerpon-Wellspring, F|
|poke|p1|Dragapult, M|
|poke|p2|Kingambit, F|
|poke|p2|Garchomp, M|
|poke|p2|Donphan, M|
|poke|p2|Weezing-Galar, F|
|poke|p2|Tornadus-Therian, M|
|poke|p2|Meowscarada, F|
|teampreview
|inactive|Battle timer is ON: inactive players will automatically lose when time's up. (requested by SBYK)
|
|t:|1758925628
|teamsize|p1|6
|teamsize|p2|6
|start
|switch|p1a: Moltres|Moltres|100/100
|switch|p2a: Garchomp|Garchomp, M, shiny|100/100
|turn|1
|
|t:|1758925636
|switch|p2a: Tornadus|Tornadus-Therian, M, shiny|100/100
|move|p1a: Moltres|Hurricane|p2a: Tornadus
|-damage|p2a: Tornadus|72/100
|
|upkeep
|turn|2
|
|t:|1758925640
|move|p2a: Tornadus|Bleakwind Storm|p1a: Moltres
|-damage|p1a: Moltres|55/100
|move|p1a: Moltres|U-turn|p2a: Tornadus
|-resisted|p2a: Tornadus
|-damage|p2a: Tornadus|63/100
|
|t:|1758925649
|switch|p1a: Tyranitar|Tyranitar, F|100/100|[from] U-turn
|-weather|Sandstorm|[from] ability: Sand Stream|[of] p1a: Tyranitar
|
|-weather|Sandstorm|[upkeep]
|-damage|p2a: Tornadus|57/100|[from] Sandstorm
|upkeep
|turn|3
|
|t:|1758925651
|switch|p1a: Moltres|Moltres|55/100
|move|p2a: Tornadus|U-turn|p1a: Moltres
|-resisted|p1a: Moltres
|-damage|p1a: Moltres|52/100
|
|t:|1758925656
|switch|p2a: Garchomp|Garchomp, M, shiny|100/100|[from] U-turn
|
|-weather|Sandstorm|[upkeep]
|-damage|p1a: Moltres|46/100|[from] Sandstorm
|upkeep
|turn|4
|
|t:|1758925659
|move|p2a: Garchomp|Swords Dance|p2a: Garchomp
|-boost|p2a: Garchomp|atk|2
|move|p1a: Moltres|Roost|p1a: Moltres
|-heal|p1a: Moltres|96/100
|-singleturn|p1a: Moltres|move: Roost
|
|-weather|Sandstorm|[upkeep]
|-damage|p1a: Moltres|90/100|[from] Sandstorm
|upkeep
|turn|5
|
|t:|1758925668
|-terastallize|p1a: Moltres|Fairy
|move|p2a: Garchomp|Scale Shot|p1a: Moltres
|-immune|p1a: Moltres
|move|p1a: Moltres|Hurricane|p2a: Garchomp
|-damage|p2a: Garchomp|54/100
|-start|p2a: Garchomp|confusion
|
|-weather|Sandstorm|[upkeep]
|-damage|p1a: Moltres|83/100|[from] Sandstorm
|upkeep
|turn|6
|
|t:|1758925676
|-activate|p2a: Garchomp|confusion
|-damage|p2a: Garchomp|37/100|[from] confusion
|move|p1a: Moltres|U-turn|p2a: Garchomp
|-damage|p2a: Garchomp|26/100
|-damage|p1a: Moltres|71/100|[from] ability: Rough Skin|[of] p2a: Garchomp
|
|t:|1758925682
|switch|p1a: Keldeo|Keldeo-Resolute|100/100|[from] U-turn
|
|-weather|Sandstorm|[upkeep]
|-damage|p1a: Keldeo|94/100|[from] Sandstorm
|upkeep
|turn|7
|
|t:|1758925689
|move|p1a: Keldeo|Surf|p2a: Garchomp
|-damage|p2a: Garchomp|0 fnt
|faint|p2a: Garchomp
|
|-weather|Sandstorm|[upkeep]
|-damage|p1a: Keldeo|88/100|[from] Sandstorm
|upkeep
|
|t:|1758925694
|switch|p2a: Donphan|Donphan, M, shiny|100/100
|turn|8
|
|t:|1758925696
|move|p1a: Keldeo|Surf|p2a: Donphan
|-supereffective|p2a: Donphan
|-ability|p2a: Donphan|Sturdy
|-damage|p2a: Donphan|1/100
|move|p2a: Donphan|Endeavor|p1a: Keldeo
|-damage|p1a: Keldeo|1/100
|
|-weather|Sandstorm|[upkeep]
|-damage|p1a: Keldeo|0 fnt|[from] Sandstorm
|faint|p1a: Keldeo
|upkeep
|
|t:|1758925706
|switch|p1a: Dragapult|Dragapult, M|100/100
|turn|9
|
|t:|1758925710
|switch|p2a: Tornadus|Tornadus-Therian, M, shiny|91/100
|move|p1a: Dragapult|U-turn|p2a: Tornadus
|-resisted|p2a: Tornadus
|-crit|p2a: Tornadus
|-damage|p2a: Tornadus|56/100
|
|t:|1758925715
|switch|p1a: Tyranitar|Tyranitar, F|100/100|[from] U-turn
|
|-weather|none
|upkeep
|turn|10
|
|t:|1758925724
|move|p2a: Tornadus|U-turn|p1a: Tyranitar
|-supereffective|p1a: Tyranitar
|-damage|p1a: Tyranitar|74/100
|
|t:|1758925727
|switch|p2a: Weezing|Weezing-Galar, F, shiny|100/100|[from] U-turn
|-ability|p2a: Weezing|Neutralizing Gas
|move|p1a: Tyranitar|Stealth Rock|p2a: Weezing
|-sidestart|p2: SBYK|move: Stealth Rock
|
|upkeep
|turn|11
|
|t:|1758925735
|switch|p1a: Moltres|Moltres, tera:Fairy|71/100
|move|p2a: Weezing|Defog|p1a: Moltres
|-unboost|p1a: Moltres|evasion|1
|-sideend|p2: SBYK|Stealth Rock|[from] move: Defog|[of] p2a: Weezing
|
|upkeep
|turn|12
|
|t:|1758925745
|move|p1a: Moltres|U-turn|p2a: Weezing
|-resisted|p2a: Weezing
|-damage|p2a: Weezing|98/100
|
|t:|1758925746
|switch|p1a: Tyranitar|Tyranitar, F|74/100|[from] U-turn
|move|p2a: Weezing|Strange Steam|p1a: Tyranitar
|-supereffective|p1a: Tyranitar
|-damage|p1a: Tyranitar|31/100
|
|-heal|p2a: Weezing|100/100|[from] item: Leftovers
|upkeep
|turn|13
|
|t:|1758925755
|move|p1a: Tyranitar|Stealth Rock|p2a: Weezing
|-sidestart|p2: SBYK|move: Stealth Rock
|move|p2a: Weezing|Strange Steam|p1a: Tyranitar
|-supereffective|p1a: Tyranitar
|-damage|p1a: Tyranitar|0 fnt
|faint|p1a: Tyranitar
|
|upkeep
|
|t:|1758925757
|switch|p1a: Excadrill|Excadrill, M|100/100
|-item|p1a: Excadrill|Air Balloon
|turn|14
|
|t:|1758925763
|-terastallize|p2a: Weezing|Grass
|move|p1a: Excadrill|Iron Head|p2a: Weezing
|-crit|p2a: Weezing
|-damage|p2a: Weezing|53/100
|move|p2a: Weezing|Will-O-Wisp|p1a: Excadrill
|-status|p1a: Excadrill|brn
|
|-heal|p2a: Weezing|59/100|[from] item: Leftovers
|-damage|p1a: Excadrill|94/100 brn|[from] brn
|upkeep
|turn|15
|
|t:|1758925772
|switch|p1a: Dragapult|Dragapult, M|100/100
|move|p2a: Weezing|Defog|p1a: Dragapult
|-unboost|p1a: Dragapult|evasion|1
|-sideend|p2: SBYK|Stealth Rock|[from] move: Defog|[of] p2a: Weezing
|
|-heal|p2a: Weezing|65/100|[from] item: Leftovers
|upkeep
|turn|16
|
|t:|1758925776
|move|p1a: Dragapult|Dragon Darts|p2a: Weezing
|-damage|p2a: Weezing|39/100
|-anim|p1a: Dragapult|Dragon Darts|p2a: Weezing
|-damage|p2a: Weezing|10/100
|move|p2a: Weezing|Strange Steam|p1a: Dragapult
|-supereffective|p1a: Dragapult
|-damage|p1a: Dragapult|21/100
|
|-heal|p2a: Weezing|16/100|[from] item: Leftovers
|upkeep
|turn|17
|
|t:|1758925782
|move|p1a: Dragapult|Dragon Darts|p2a: Weezing
|-crit|p2a: Weezing
|-damage|p2a: Weezing|0 fnt
|faint|p2a: Weezing
|-end|p2a: Weezing|ability: Neutralizing Gas
|
|upkeep
|
|t:|1758925789
|switch|p2a: Kingambit|Kingambit, F, shiny|100/100
|-activate|p2a: Kingambit|ability: Supreme Overlord
|-start|p2a: Kingambit|fallen2|[silent]
|turn|18
|
|t:|1758925794
|switch|p1a: Moltres|Moltres, tera:Fairy|71/100
|move|p2a: Kingambit|Iron Head|p1a: Moltres
|-supereffective|p1a: Moltres
|-damage|p1a: Moltres|0 fnt
|-status|p2a: Kingambit|brn|[from] ability: Flame Body|[of] p1a: Moltres
|faint|p1a: Moltres
|
|-damage|p2a: Kingambit|94/100 brn|[from] brn
|upkeep
|
|t:|1758925803
|switch|p1a: Ogerpon|Ogerpon-Wellspring, F|100/100
|turn|19
|
|t:|1758925808
|move|p1a: Ogerpon|Ivy Cudgel|p2a: Kingambit|[anim] Ivy Cudgel Water
|-crit|p2a: Kingambit
|-damage|p2a: Kingambit|20/100 brn
|move|p2a: Kingambit|Thunder Wave|p1a: Ogerpon
|-status|p1a: Ogerpon|par
|
|-damage|p2a: Kingambit|13/100 brn|[from] brn
|upkeep
|turn|20
|
|t:|1758925815
|move|p2a: Kingambit|Kowtow Cleave|p1a: Ogerpon
|-crit|p1a: Ogerpon
|-damage|p1a: Ogerpon|27/100 par
|move|p1a: Ogerpon|Trailblaze|p2a: Kingambit
|-resisted|p2a: Kingambit
|-damage|p2a: Kingambit|0 fnt
|-boost|p1a: Ogerpon|spe|1
|faint|p2a: Kingambit
|-end|p2a: Kingambit|fallen2|[silent]
|
|upkeep
|
|t:|1758925819
|switch|p2a: Meowscarada|Meowscarada, F, shiny|100/100
|turn|21
|
|t:|1758925826
|move|p2a: Meowscarada|Flower Trick|p1a: Ogerpon
|-start|p2a: Meowscarada|typechange|Grass|[from] ability: Protean
|-crit|p1a: Ogerpon
|-damage|p1a: Ogerpon|0 fnt
|faint|p1a: Ogerpon
|
|upkeep
|
|t:|1758925829
|switch|p1a: Dragapult|Dragapult, M|21/100
|turn|22
|
|t:|1758925837
|move|p1a: Dragapult|Dragon Darts|p2a: Meowscarada
|-damage|p2a: Meowscarada|43/100
|-anim|p1a: Dragapult|Dragon Darts|p2a: Meowscarada
|-damage|p2a: Meowscarada|0 fnt
|faint|p2a: Meowscarada
|
|upkeep
|
|t:|1758925842
|switch|p2a: Tornadus|Tornadus-Therian, M, shiny|89/100
|turn|23
|
|t:|1758925849
|move|p1a: Dragapult|Dragon Darts|p2a: Tornadus
|-damage|p2a: Tornadus|40/100
|-anim|p1a: Dragapult|Dragon Darts|p2a: Tornadus
|-damage|p2a: Tornadus|0 fnt
|faint|p2a: Tornadus
|
|upkeep
|
|t:|1758925853
|switch|p2a: Donphan|Donphan, M, shiny|1/100
|turn|24
|-enditem|p2a: Donphan|Custap Berry|[eat]
|-activate|p2a: Donphan|item: Custap Berry|[consumed]
|
|t:|1758925864
|move|p2a: Donphan|Ice Shard|p1a: Dragapult
|-supereffective|p1a: Dragapult
|-damage|p1a: Dragapult|0 fnt
|faint|p1a: Dragapult
|
|upkeep
|-message|SBYK forfeited.
|
|win|aliester - es
|raw|aliester - es's rating: 1553 &rarr; <strong>1572</strong><br />(+19 for winning)
|raw|SBYK's rating: 1539 &rarr; <strong>1520</strong><br />(-19 for losing)
|l|☆SBYK
|player|p2|
|l|☆aliester - es
|player|p1|
