|j|☆Sergeant Garcia
|j|☆FoongusVGC
|t:|1759011125
|gametype|singles
|player|p1|Sergeant Garcia|2|1178
|player|p2|FoongusVGC|doubleteam|1135
|gen|9
|tier|[Gen 9] OU
|rated|
|rule|HP Percentage Mod: HP is shown in percentages
|rule|Endless Battle Clause: Forcing endless battles is banned
|rule|Species Clause: Limit one of each Pokémon
|rule|OHKO Clause: OHKO moves are banned
|rule|Evasion Items Clause: Evasion items are banned
|rule|Evasion Moves Clause: Evasion moves are banned
|rule|Evasion Abilities Clause: Evasion abilities are banned
|rule|Sleep Moves Clause: Sleep-inducing moves are banned
|clearpoke
|poke|p1|Magnezone|
|poke|p1|Gyarados, M|
|poke|p1|Pyroar, F|
|poke|p1|Gallade, M|
|poke|p1|Noctowl, M|
|poke|p1|Gliscor, F|
|poke|p2|Emboar, M|
|poke|p2|Thundurus-Therian, M|
|poke|p2|Braviary, M|
|poke|p2|Galvantula, F|
|poke|p2|Cinderace, M|
|poke|p2|Bisharp, M|
|teampreview
|inactive|Battle timer is ON: inactive players will automatically lose when time's up. (requested by Sergeant Garcia)
|c|☆FoongusVGC|glhf
|
|t:|1759011196
|teamsize|p1|6
|teamsize|p2|6
|start
|switch|p1a: Pyroar|Pyroar, F|100/100
|switch|p2a: Galvantula|Galvantula, F|100/100
|turn|1
|
|t:|1759011202
|move|p2a: Galvantula|Sticky Web|p1a: Pyroar
|-sidestart|p1: Sergeant Garcia|move: Sticky Web
|move|p1a: Pyroar|Work Up|p1a: Pyroar
|-boost|p1a: Pyroar|atk|1
|-boost|p1a: Pyroar|spa|1
|
|upkeep
|turn|2
|
|t:|1759011213
|move|p2a: Galvantula|Volt Switch|p1a: Pyroar
|-damage|p1a: Pyroar|50/100
|inactive|FoongusVGC has 120 seconds left.
|
|t:|1759011256
|switch|p2a: Cinderace|Cinderace, M|100/100|[from] Volt Switch
|move|p1a: Pyroar|Fire Blast|p2a: Cinderace
|-resisted|p2a: Cinderace
|-damage|p2a: Cinderace|52/100
|
|upkeep
|turn|3
|inactive|FoongusVGC has 120 seconds left.
|
|t:|1759011270
|move|p2a: Cinderace|High Jump Kick|p1a: Pyroar
|-start|p2a: Cinderace|typechange|Fighting|[from] ability: Libero
|-supereffective|p1a: Pyroar
|-damage|p1a: Pyroar|0 fnt
|faint|p1a: Pyroar
|
|upkeep
|
|t:|1759011277
|switch|p1a: Noctowl|Noctowl, M|100/100
|turn|4
|
|t:|1759011286
|move|p2a: Cinderace|Court Change|p2a: Cinderace
|-swapsideconditions
|-activate|p2a: Cinderace|move: Court Change
|move|p1a: Noctowl|Defog|p2a: Cinderace
|-unboost|p2a: Cinderace|evasion|1
|-sideend|p2: FoongusVGC|Sticky Web|[from] move: Defog|[of] p1a: Noctowl
|
|upkeep
|turn|5
|
|t:|1759011292
|move|p2a: Cinderace|Pyro Ball|p1a: Noctowl
|-damage|p1a: Noctowl|60/100
|move|p1a: Noctowl|Nasty Plot|p1a: Noctowl
|-boost|p1a: Noctowl|spa|2
|
|upkeep
|turn|6
|
|t:|1759011297
|move|p2a: Cinderace|U-turn|p1a: Noctowl
|-resisted|p1a: Noctowl
|-damage|p1a: Noctowl|48/100
|
|t:|1759011303
|switch|p2a: Galvantula|Galvantula, F|100/100|[from] U-turn
|move|p1a: Noctowl|Hurricane|p2a: Galvantula
|-enditem|p2a: Galvantula|Focus Sash
|-damage|p2a: Galvantula|1/100
|
|upkeep
|turn|7
|
|t:|1759011312
|switch|p1a: Gliscor|Gliscor, F|100/100
|move|p2a: Galvantula|Thunder|p1a: Gliscor
|-immune|p1a: Gliscor
|
|-status|p1a: Gliscor|tox|[from] item: Toxic Orb
|upkeep
|turn|8
|
|t:|1759011317
|move|p2a: Galvantula|Sticky Web|p1a: Gliscor
|-sidestart|p1: Sergeant Garcia|move: Sticky Web
|move|p1a: Gliscor|Swords Dance|p1a: Gliscor
|-boost|p1a: Gliscor|atk|2
|
|upkeep
|turn|9
|
|t:|1759011325
|move|p2a: Galvantula|Tera Blast|p1a: Gliscor
|-damage|p1a: Gliscor|77/100 tox
|move|p1a: Gliscor|Facade|p2a: Galvantula
|-damage|p2a: Galvantula|0 fnt
|faint|p2a: Galvantula
|
|-heal|p1a: Gliscor|90/100 tox|[from] ability: Poison Heal
|upkeep
|inactive|FoongusVGC has 120 seconds left.
|
|t:|1759011357
|switch|p2a: Cinderace|Cinderace, M|52/100
|turn|10
|
|t:|1759011363
|move|p2a: Cinderace|Court Change|p2a: Cinderace
|-start|p2a: Cinderace|typechange|Normal|[from] ability: Libero
|-swapsideconditions
|-activate|p2a: Cinderace|move: Court Change
|move|p1a: Gliscor|Earthquake|p2a: Cinderace
|-damage|p2a: Cinderace|0 fnt
|faint|p2a: Cinderace
|
|-heal|p1a: Gliscor|100/100 tox|[from] ability: Poison Heal
|upkeep
|
|t:|1759011371
|switch|p2a: Bisharp|Bisharp, M|100/100
|-activate|p2a: Bisharp|move: Sticky Web
|-unboost|p2a: Bisharp|spe|1
|-ability|p2a: Bisharp|Defiant|boost
|-boost|p2a: Bisharp|atk|2
|turn|11
|
|t:|1759011386
|-terastallize|p2a: Bisharp|Dark
|move|p2a: Bisharp|Sucker Punch|p1a: Gliscor
|-damage|p1a: Gliscor|22/100 tox
|move|p1a: Gliscor|Earthquake|p2a: Bisharp
|-crit|p2a: Bisharp
|-damage|p2a: Bisharp|28/100
|
|-heal|p1a: Gliscor|34/100 tox|[from] ability: Poison Heal
|upkeep
|turn|12
|
|t:|1759011395
|move|p2a: Bisharp|Sucker Punch|p1a: Gliscor
|-damage|p1a: Gliscor|0 fnt
|faint|p1a: Gliscor
|
|upkeep
|
|t:|1759011415
|switch|p1a: Gyarados|Gyarados, M|100/100
|turn|13
|
|t:|1759011429
|move|p2a: Bisharp|Sucker Punch||[still]
|-fail|p2a: Bisharp
|move|p1a: Gyarados|Dragon Dance|p1a: Gyarados
|-boost|p1a: Gyarados|atk|1
|-boost|p1a: Gyarados|spe|1
|
|upkeep
|turn|14
|
|t:|1759011434
|move|p1a: Gyarados|Dragon Dance|p1a: Gyarados
|-boost|p1a: Gyarados|atk|1
|-boost|p1a: Gyarados|spe|1
|move|p2a: Bisharp|Swords Dance|p2a: Bisharp
|-boost|p2a: Bisharp|atk|2
|
|upkeep
|turn|15
|
|t:|1759011445
|move|p2a: Bisharp|Sucker Punch|p1a: Gyarados
|-damage|p1a: Gyarados|0 fnt
|faint|p1a: Gyarados
|
|upkeep
|
|t:|1759011456
|switch|p1a: Magnezone|Magnezone|100/100
|-item|p1a: Magnezone|Air Balloon
|turn|16
|
|t:|1759011464
|move|p1a: Magnezone|Reflect|p1a: Magnezone
|-sidestart|p1: Sergeant Garcia|Reflect
|move|p2a: Bisharp|Brick Break|p1a: Magnezone
|-sideend|p1: Sergeant Garcia|Reflect
|-supereffective|p1a: Magnezone
|-damage|p1a: Magnezone|0 fnt
|-enditem|p1a: Magnezone|Air Balloon
|faint|p1a: Magnezone
|
|upkeep
|
|t:|1759011471
|switch|p1a: Noctowl|Noctowl, M|48/100
|turn|17
|
|t:|1759011484
|move|p2a: Bisharp|Sucker Punch|p1a: Noctowl
|-damage|p1a: Noctowl|0 fnt
|faint|p1a: Noctowl
|
|upkeep
|
|t:|1759011490
|switch|p1a: Gallade|Gallade, M|100/100
|turn|18
|
|t:|1759011493
|move|p2a: Bisharp|Sucker Punch||[still]
|-fail|p2a: Bisharp
|move|p1a: Gallade|Agility|p1a: Gallade
|-boost|p1a: Gallade|spe|2
|
|upkeep
|turn|19
|
|t:|1759011500
|move|p2a: Bisharp|Sucker Punch||[still]
|-fail|p2a: Bisharp
|move|p1a: Gallade|Agility|p1a: Gallade
|-boost|p1a: Gallade|spe|2
|
|upkeep
|turn|20
|
|t:|1759011507
|move|p2a: Bisharp|Sucker Punch||[still]
|-fail|p2a: Bisharp
|move|p1a: Gallade|Agility|p1a: Gallade
|-boost|p1a: Gallade|spe|2
|
|upkeep
|turn|21
|
|t:|1759011513
|move|p1a: Gallade|Sacred Sword|p2a: Bisharp
|-supereffective|p2a: Bisharp
|-damage|p2a: Bisharp|0 fnt
|faint|p2a: Bisharp
|
|upkeep
|
|t:|1759011519
|switch|p2a: Braviary|Braviary, M|100/100
|turn|22
|
|t:|1759011526
|-terastallize|p1a: Gallade|Psychic
|move|p1a: Gallade|Psycho Cut|p2a: Braviary
|-crit|p2a: Braviary
|-damage|p2a: Braviary|0 fnt
|faint|p2a: Braviary
|
|upkeep
|
|t:|1759011532
|switch|p2a: Thundurus|Thundurus-Therian, M|100/100
|turn|23
|
|t:|1759011535
|move|p1a: Gallade|Psycho Cut|p2a: Thundurus
|-damage|p2a: Thundurus|0 fnt
|faint|p2a: Thundurus
|
|upkeep
|
|t:|1759011539
|switch|p2a: Emboar|Emboar, M|100/100
|-activate|p2a: Emboar|move: Sticky Web
|-unboost|p2a: Emboar|spe|1
|turn|24
|
|t:|1759011542
|move|p1a: Gallade|Psycho Cut|p2a: Emboar
|-supereffective|p2a: Emboar
|-damage|p2a: Emboar|0 fnt
|faint|p2a: Emboar
|
|win|Sergeant Garcia
|raw|Sergeant Garcia's rating: 1178 &rarr; <strong>1200</strong><br />(+22 for winning)
|raw|FoongusVGC's rating: 1135 &rarr; <strong>1113</strong><br />(-22 for losing)
|l|☆FoongusVGC
|player|p2|
|l|☆Sergeant Garcia
|player|p1|
