|j|‽SirPops
|j|☆lockheedmarlin
|t:|1759029881
|gametype|singles
|player|p1|SirPops|red|1093
|player|p2|lockheedmarlin|iris-gen5bw2|1097
|gen|9
|tier|[Gen 9] OU
|rated|
|rule|HP Percentage Mod: HP is shown in percentages
|rule|Endless Battle Clause: Forcing endless battles is banned
|rule|Species Clause: Limit one of each Pokémon
|rule|OHKO Clause: OHKO moves are banned
|rule|Evasion Items Clause: Evasion items are banned
|rule|Evasion Moves Clause: Evasion moves are banned
|rule|Evasion Abilities Clause: Evasion abilities are banned
|rule|Sleep Moves Clause: Sleep-inducing moves are banned
|clearpoke
|poke|p1|Charizard, M|
|poke|p1|Pawmot, M|
|poke|p1|Sableye, M|
|poke|p1|Basculin-White-Striped, M|
|poke|p1|Weezing-Galar, F|
|poke|p1|Spoink, F|
|poke|p2|Rillaboom, M|
|poke|p2|Iron Hands|
|poke|p2|Gholdengo|
|poke|p2|Walking Wake|
|poke|p2|Kleavor, M|
|poke|p2|Banette, M|
|teampreview
|inactive|Battle timer is ON: inactive players will automatically lose when time's up. (requested by lockheedmarlin)
|
|t:|1759029893
|teamsize|p1|6
|teamsize|p2|6
|start
|switch|p1a: Sableye|Sableye, M, shiny|100/100
|switch|p2a: Gorillaz|Rillaboom, M|100/100
|-fieldstart|move: Grassy Terrain|[from] ability: Grassy Surge|[of] p2a: Gorillaz
|turn|1
|
|t:|1759029906
|move|p1a: Sableye|Trick|p2a: Gorillaz
|-activate|p1a: Sableye|move: Trick|[of] p2a: Gorillaz
|-item|p2a: Gorillaz|Sticky Barb|[from] move: Trick
|-item|p1a: Sableye|Terrain Extender|[from] move: Trick
|move|p2a: Gorillaz|Wood Hammer|p1a: Sableye
|-damage|p1a: Sableye|0 fnt
|faint|p1a: Sableye
|-damage|p2a: Gorillaz|77/100|[from] Recoil
|
|-heal|p2a: Gorillaz|83/100|[from] Grassy Terrain
|-damage|p2a: Gorillaz|71/100|[from] item: Sticky Barb
|upkeep
|
|t:|1759029930
|switch|p1a: Charizard|Charizard, M, shiny|100/100
|turn|2
|
|t:|1759029942
|move|p1a: Charizard|Substitute|p1a: Charizard
|-start|p1a: Charizard|Substitute
|-damage|p1a: Charizard|76/100
|move|p2a: Gorillaz|Wood Hammer|p1a: Charizard
|-resisted|p1a: Charizard
|-end|p1a: Charizard|Substitute
|-damage|p2a: Gorillaz|64/100|[from] Recoil|[of] p1a: Charizard
|
|-heal|p2a: Gorillaz|70/100|[from] Grassy Terrain
|-damage|p2a: Gorillaz|58/100|[from] item: Sticky Barb
|upkeep
|turn|3
|
|t:|1759029953
|move|p1a: Charizard|Fire Blast|p2a: Gorillaz
|-supereffective|p2a: Gorillaz
|-damage|p2a: Gorillaz|0 fnt
|faint|p2a: Gorillaz
|
|upkeep
|
|t:|1759029959
|switch|p2a: LowTierGod|Banette, M|100/100
|turn|4
|
|t:|1759029965
|move|p2a: LowTierGod|Thunder Wave|p1a: Charizard
|-status|p1a: Charizard|par
|move|p1a: Charizard|Substitute|p1a: Charizard
|-start|p1a: Charizard|Substitute
|-damage|p1a: Charizard|51/100 par
|
|upkeep
|turn|5
|
|t:|1759029972
|switch|p2a: Dave Blunts|Iron Hands|100/100
|cant|p1a: Charizard|par
|
|upkeep
|turn|6
|
|t:|1759029985
|cant|p1a: Charizard|par
|move|p2a: Dave Blunts|Supercell Slam|p1a: Charizard
|-supereffective|p1a: Charizard
|-end|p1a: Charizard|Substitute
|
|upkeep
|turn|7
|
|t:|1759029992
|-terastallize|p1a: Charizard|Ground
|move|p1a: Charizard|Scorching Sands|p2a: Dave Blunts
|-supereffective|p2a: Dave Blunts
|-damage|p2a: Dave Blunts|70/100
|-status|p2a: Dave Blunts|brn
|move|p2a: Dave Blunts|Supercell Slam|p1a: Charizard
|-immune|p1a: Charizard
|-damage|p2a: Dave Blunts|20/100 brn|[from] supercellslam
|
|-heal|p1a: Charizard|57/100 par|[from] Grassy Terrain
|-heal|p2a: Dave Blunts|26/100 brn|[from] Grassy Terrain
|-damage|p2a: Dave Blunts|20/100 brn|[from] brn
|upkeep
|turn|8
|
|t:|1759030008
|cant|p1a: Charizard|par
|move|p2a: Dave Blunts|Play Rough|p1a: Charizard
|-damage|p1a: Charizard|35/100 par
|
|-heal|p1a: Charizard|41/100 par|[from] Grassy Terrain
|-heal|p2a: Dave Blunts|26/100 brn|[from] Grassy Terrain
|-damage|p2a: Dave Blunts|20/100 brn|[from] brn
|-fieldend|move: Grassy Terrain
|upkeep
|turn|9
|
|t:|1759030019
|move|p1a: Charizard|Scorching Sands|p2a: Dave Blunts
|-supereffective|p2a: Dave Blunts
|-damage|p2a: Dave Blunts|0 fnt
|faint|p2a: Dave Blunts
|-end|p2a: Dave Blunts|Quark Drive|[silent]
|
|upkeep
|
|t:|1759030028
|switch|p2a: LowTierGod|Banette, M|100/100
|turn|10
|
|t:|1759030036
|move|p2a: LowTierGod|Poltergeist|p1a: Charizard
|-activate|p1a: Charizard|move: Poltergeist|Wide Lens
|-damage|p1a: Charizard|0 fnt
|faint|p1a: Charizard
|
|upkeep
|
|t:|1759030043
|switch|p1a: Basculin|Basculin-White-Striped, M|100/100
|turn|11
|
|t:|1759030047
|move|p2a: LowTierGod|Poltergeist|p1a: Basculin
|-activate|p1a: Basculin|move: Poltergeist|Focus Sash
|-damage|p1a: Basculin|21/100
|move|p1a: Basculin|Crunch|p2a: LowTierGod
|-supereffective|p2a: LowTierGod
|-damage|p2a: LowTierGod|8/100
|
|upkeep
|turn|12
|
|t:|1759030058
|switch|p2a: WakeUpInTheSky|Walking Wake|100/100
|move|p1a: Basculin|Aqua Jet|p2a: WakeUpInTheSky
|-resisted|p2a: WakeUpInTheSky
|-damage|p2a: WakeUpInTheSky|94/100
|
|upkeep
|turn|13
|
|t:|1759030067
|move|p2a: WakeUpInTheSky|Hydro Steam|p1a: Basculin
|-resisted|p1a: Basculin
|-damage|p1a: Basculin|0 fnt
|faint|p1a: Basculin
|
|upkeep
|
|t:|1759030081
|switch|p1a: Weezing|Weezing-Galar, F|100/100
|turn|14
|
|t:|1759030087
|-end|p2a: WakeUpInTheSky|Protosynthesis|[silent]
|switch|p2a: Axl Rose|Kleavor, M|100/100
|move|p1a: Weezing|Toxic|p2a: Axl Rose
|-status|p2a: Axl Rose|tox
|
|-damage|p2a: Axl Rose|94/100 tox|[from] psn
|upkeep
|turn|15
|
|t:|1759030111
|move|p2a: Axl Rose|Stone Axe|p1a: Weezing|[miss]
|-miss|p2a: Axl Rose|p1a: Weezing
|move|p1a: Weezing|Venoshock|p2a: Axl Rose
|-resisted|p2a: Axl Rose
|-damage|p2a: Axl Rose|64/100 tox
|
|-heal|p2a: Axl Rose|70/100 tox|[from] item: Leftovers
|-damage|p2a: Axl Rose|57/100 tox|[from] psn
|upkeep
|turn|16
|
|t:|1759030121
|move|p2a: Axl Rose|Stone Axe|p1a: Weezing
|-damage|p1a: Weezing|45/100
|-sidestart|p1: SirPops|move: Stealth Rock
|-enditem|p1a: Weezing|Sitrus Berry|[eat]
|-heal|p1a: Weezing|69/100|[from] item: Sitrus Berry
|move|p1a: Weezing|Defog|p2a: Axl Rose
|-unboost|p2a: Axl Rose|evasion|1
|-sideend|p1: SirPops|Stealth Rock|[from] move: Defog|[of] p1a: Weezing
|
|-heal|p2a: Axl Rose|64/100 tox|[from] item: Leftovers
|-damage|p2a: Axl Rose|45/100 tox|[from] psn
|upkeep
|turn|17
|inactive|SirPops has 120 seconds left.
|
|t:|1759030148
|move|p2a: Axl Rose|Stone Axe|p1a: Weezing
|-damage|p1a: Weezing|12/100
|-sidestart|p1: SirPops|move: Stealth Rock
|move|p1a: Weezing|Venoshock|p2a: Axl Rose
|-resisted|p2a: Axl Rose
|-damage|p2a: Axl Rose|14/100 tox
|
|-heal|p2a: Axl Rose|20/100 tox|[from] item: Leftovers
|-damage|p2a: Axl Rose|0 fnt|[from] psn
|faint|p2a: Axl Rose
|upkeep
|
|t:|1759030165
|switch|p2a: WakeUpInTheSky|Walking Wake|94/100
|turn|18
|
|t:|1759030169
|move|p2a: WakeUpInTheSky|Hydro Steam|p1a: Weezing
|-damage|p1a: Weezing|0 fnt
|faint|p1a: Weezing
|
|upkeep
|
|t:|1759030177
|switch|p1a: Spoink|Spoink, F, shiny|100/100
|-damage|p1a: Spoink|88/100|[from] Stealth Rock
|turn|19
|
|t:|1759030184
|move|p2a: WakeUpInTheSky|Hydro Steam|p1a: Spoink
|-damage|p1a: Spoink|37/100
|move|p1a: Spoink|Thunder Wave|p2a: WakeUpInTheSky
|-status|p2a: WakeUpInTheSky|par
|
|upkeep
|turn|20
|
|t:|1759030191
|move|p2a: WakeUpInTheSky|Hydro Steam|p1a: Spoink
|-damage|p1a: Spoink|0 fnt
|faint|p1a: Spoink
|
|upkeep
|
|t:|1759030193
|switch|p1a: Pawmot|Pawmot, M|100/100
|-damage|p1a: Pawmot|94/100|[from] Stealth Rock
|turn|21
|
|t:|1759030201
|move|p1a: Pawmot|Thunder Punch|p2a: WakeUpInTheSky
|-damage|p2a: WakeUpInTheSky|44/100 par
|move|p2a: WakeUpInTheSky|Hydro Steam|p1a: Pawmot
|-damage|p1a: Pawmot|23/100
|
|upkeep
|turn|22
|
|t:|1759030208
|move|p1a: Pawmot|Thunder Punch|p2a: WakeUpInTheSky
|-damage|p2a: WakeUpInTheSky|0 fnt
|faint|p2a: WakeUpInTheSky
|-end|p2a: WakeUpInTheSky|Protosynthesis|[silent]
|
|upkeep
|
|t:|1759030214
|switch|p2a: LowTierGod|Banette, M|8/100
|turn|23
|
|t:|1759030226
|move|p2a: LowTierGod|Poltergeist|p1a: Pawmot|[miss]
|-miss|p2a: LowTierGod|p1a: Pawmot
|move|p1a: Pawmot|Thunder Punch|p2a: LowTierGod
|-damage|p2a: LowTierGod|0 fnt
|-start|p1a: Pawmot|Disable|Thunder Punch|[from] ability: Cursed Body|[of] p2a: LowTierGod
|faint|p2a: LowTierGod
|
|upkeep
|
|t:|1759030227
|switch|p2a: Monëy so big|Gholdengo|100/100
|turn|24
|
|t:|1759030235
|move|p1a: Pawmot|Fire Punch|p2a: Monëy so big
|-supereffective|p2a: Monëy so big
|-damage|p2a: Monëy so big|41/100
|move|p2a: Monëy so big|Make It Rain|p1a: Pawmot
|-resisted|p1a: Pawmot
|-damage|p1a: Pawmot|0 fnt
|-unboost|p2a: Monëy so big|spa|1
|faint|p1a: Pawmot
|-damage|p2a: Monëy so big|31/100|[from] item: Life Orb
|
|win|lockheedmarlin
|raw|SirPops's rating: 1118 &rarr; <strong>1091</strong><br />(-27 for losing)
|raw|lockheedmarlin's rating: 1097 &rarr; <strong>1124</strong><br />(+27 for winning)
|l|☆lockheedmarlin
|player|p2|
|l|‽SirPops
|player|p1|
