|j|☆JD Doggin'
|j|☆spaofrep
|t:|1758935194
|gametype|singles
|player|p1|JD Doggin'|1|1232
|player|p2|spaofrep|clerkf|1192
|gen|9
|tier|[Gen 9] OU
|rated|
|rule|HP Percentage Mod: HP is shown in percentages
|rule|Endless Battle Clause: Forcing endless battles is banned
|rule|Species Clause: Limit one of each Pokémon
|rule|OHKO Clause: OHKO moves are banned
|rule|Evasion Items Clause: Evasion items are banned
|rule|Evasion Moves Clause: Evasion moves are banned
|rule|Evasion Abilities Clause: Evasion abilities are banned
|rule|Sleep Moves Clause: Sleep-inducing moves are banned
|clearpoke
|poke|p1|Raging Bolt|
|poke|p1|Rillaboom, F|
|poke|p1|Iron Moth|
|poke|p1|Gholdengo|
|poke|p1|Weezing-Galar, M|
|poke|p1|Ting-Lu|
|poke|p2|Conkeldurr, M|
|poke|p2|Gliscor, M|
|poke|p2|Slowbro, M|
|poke|p2|Ogerpon-Wellspring, F|
|poke|p2|Sylveon, F|
|poke|p2|Ceruledge, M|
|teampreview
|inactive|Battle timer is ON: inactive players will automatically lose when time's up. (requested by spaofrep)
|
|t:|1758935220
|teamsize|p1|6
|teamsize|p2|6
|start
|switch|p1a: Gholdengo|Gholdengo|100/100
|switch|p2a: Gliscor|Gliscor, M|100/100
|turn|1
|
|t:|1758935228
|move|p1a: Gholdengo|Trick|p2a: Gliscor
|-activate|p1a: Gholdengo|move: Trick|[of] p2a: Gliscor
|-item|p2a: Gliscor|Choice Scarf|[from] move: Trick
|-item|p1a: Gholdengo|Toxic Orb|[from] move: Trick
|move|p2a: Gliscor|Earthquake|p1a: Gholdengo
|-supereffective|p1a: Gholdengo
|-damage|p1a: Gholdengo|27/100
|
|upkeep
|turn|2
|
|t:|1758935236
|switch|p1a: Rillaboom|Rillaboom, F|100/100
|-fieldstart|move: Grassy Terrain|[from] ability: Grassy Surge|[of] p1a: Rillaboom
|move|p2a: Gliscor|Earthquake|p1a: Rillaboom
|-resisted|p1a: Rillaboom
|-damage|p1a: Rillaboom|92/100
|
|-heal|p1a: Rillaboom|98/100|[from] Grassy Terrain
|upkeep
|turn|3
|
|t:|1758935247
|switch|p2a: Ceruledge|Ceruledge, M|100/100
|move|p1a: Rillaboom|U-turn|p2a: Ceruledge
|-resisted|p2a: Ceruledge
|-damage|p2a: Ceruledge|90/100
|-ability|p2a: Ceruledge|Weak Armor|boost
|-unboost|p2a: Ceruledge|def|1
|-boost|p2a: Ceruledge|spe|2
|inactive|JD Doggin' has 120 seconds left.
|
|t:|1758935281
|switch|p1a: Ting-Lu|Ting-Lu|100/100|[from] U-turn
|-ability|p1a: Ting-Lu|Vessel of Ruin
|
|-heal|p2a: Ceruledge|96/100|[from] Grassy Terrain
|upkeep
|turn|4
|
|t:|1758935293
|switch|p2a: Slowbro|Slowbro, M|100/100
|move|p1a: Ting-Lu|Stealth Rock|p2a: Slowbro
|-sidestart|p2: spaofrep|move: Stealth Rock
|
|upkeep
|turn|5
|l|☆spaofrep
|inactive|spaofrep disconnected and has a minute to reconnect!
|player|p2|
|inactive|spaofrep has 30 seconds to reconnect!
|j|☆spaofrep
|inactive|spaofrep reconnected and has 95 seconds left.
|player|p2|spaofrep|clerkf|
|
|t:|1758935352
|move|p2a: Slowbro|Flamethrower|p1a: Ting-Lu
|-damage|p1a: Ting-Lu|92/100
|move|p1a: Ting-Lu|Whirlwind|p2a: Slowbro
|drag|p2a: Sylveon|Sylveon, F|100/100
|-damage|p2a: Sylveon|88/100|[from] Stealth Rock
|
|-heal|p2a: Sylveon|94/100|[from] Grassy Terrain
|-heal|p2a: Sylveon|99/100|[from] item: Leftovers
|-heal|p1a: Ting-Lu|98/100|[from] Grassy Terrain
|upkeep
|turn|6
|inactive|JD Doggin' has 120 seconds left.
|
|t:|1758935372
|move|p2a: Sylveon|Calm Mind|p2a: Sylveon
|-boost|p2a: Sylveon|spa|1
|-boost|p2a: Sylveon|spd|1
|move|p1a: Ting-Lu|Ruination|p2a: Sylveon|[miss]
|-miss|p1a: Ting-Lu|p2a: Sylveon
|
|-heal|p2a: Sylveon|100/100|[from] Grassy Terrain
|-heal|p1a: Ting-Lu|100/100|[from] Grassy Terrain
|-fieldend|move: Grassy Terrain
|upkeep
|turn|7
|
|t:|1758935377
|move|p2a: Sylveon|Hyper Voice|p1a: Ting-Lu
|-supereffective|p1a: Ting-Lu
|-damage|p1a: Ting-Lu|52/100
|move|p1a: Ting-Lu|Whirlwind|p2a: Sylveon
|drag|p2a: Slowbro|Slowbro, M|100/100
|-damage|p2a: Slowbro|88/100|[from] Stealth Rock
|
|upkeep
|turn|8
|
|t:|1758935385
|switch|p1a: Rillaboom|Rillaboom, F|98/100
|-fieldstart|move: Grassy Terrain|[from] ability: Grassy Surge|[of] p1a: Rillaboom
|move|p2a: Slowbro|Scald|p1a: Rillaboom
|-resisted|p1a: Rillaboom
|-damage|p1a: Rillaboom|80/100
|
|-heal|p1a: Rillaboom|86/100|[from] Grassy Terrain
|-heal|p2a: Slowbro|94/100|[from] Grassy Terrain
|upkeep
|turn|9
|
|t:|1758935390
|-terastallize|p2a: Slowbro|Steel
|move|p1a: Rillaboom|Wood Hammer|p2a: Slowbro
|-resisted|p2a: Slowbro
|-damage|p2a: Slowbro|59/100
|-damage|p1a: Rillaboom|70/100|[from] item: Rocky Helmet|[of] p2a: Slowbro
|-damage|p1a: Rillaboom|56/100|[from] Recoil
|move|p2a: Slowbro|Flamethrower|p1a: Rillaboom
|-supereffective|p1a: Rillaboom
|-damage|p1a: Rillaboom|0 fnt
|faint|p1a: Rillaboom
|
|-heal|p2a: Slowbro|65/100|[from] Grassy Terrain
|upkeep
|
|t:|1758935401
|switch|p1a: Iron Moth|Iron Moth|100/100
|-enditem|p1a: Iron Moth|Booster Energy
|-activate|p1a: Iron Moth|ability: Quark Drive|[fromitem]
|-start|p1a: Iron Moth|quarkdrivespe
|turn|10
|inactive|spaofrep has 120 seconds left.
|
|t:|1758935409
|switch|p2a: Gliscor|Gliscor, M|100/100
|-damage|p2a: Gliscor|88/100|[from] Stealth Rock
|move|p1a: Iron Moth|Fiery Dance|p2a: Gliscor
|-damage|p2a: Gliscor|37/100
|
|upkeep
|turn|11
|inactive|spaofrep has 120 seconds left.
|
|t:|1758935420
|move|p1a: Iron Moth|Fiery Dance|p2a: Gliscor
|-damage|p2a: Gliscor|0 fnt
|faint|p2a: Gliscor
|
|upkeep
|inactive|spaofrep has 120 seconds left.
|
|t:|1758935428
|switch|p2a: Ogerpon|Ogerpon-Wellspring, F|100/100
|-damage|p2a: Ogerpon|88/100|[from] Stealth Rock
|turn|12
|
|t:|1758935432
|move|p1a: Iron Moth|Sludge Wave|p2a: Ogerpon
|-supereffective|p2a: Ogerpon
|-damage|p2a: Ogerpon|0 fnt
|faint|p2a: Ogerpon
|
|-fieldend|move: Grassy Terrain
|upkeep
|
|t:|1758935437
|switch|p2a: Slowbro|Slowbro, M, tera:Steel|98/100
|-damage|p2a: Slowbro|92/100|[from] Stealth Rock
|turn|13
|
|t:|1758935458
|move|p1a: Iron Moth|Sludge Wave|p2a: Slowbro
|-immune|p2a: Slowbro
|move|p2a: Slowbro|Scald|p1a: Iron Moth
|-supereffective|p1a: Iron Moth
|-damage|p1a: Iron Moth|44/100
|
|upkeep
|turn|14
|
|t:|1758935480
|move|p1a: Iron Moth|Fiery Dance|p2a: Slowbro
|-supereffective|p2a: Slowbro
|-damage|p2a: Slowbro|2/100
|-boost|p1a: Iron Moth|spa|1
|move|p2a: Slowbro|Scald|p1a: Iron Moth
|-supereffective|p1a: Iron Moth
|-damage|p1a: Iron Moth|0 fnt
|faint|p1a: Iron Moth
|-end|p1a: Iron Moth|Quark Drive|[silent]
|
|upkeep
|inactive|JD Doggin' has 120 seconds left.
|
|t:|1758935503
|switch|p1a: Raging Bolt|Raging Bolt|100/100
|turn|15
|
|t:|1758935507
|switch|p2a: Conkeldurr|Conkeldurr, M|100/100
|-damage|p2a: Conkeldurr|94/100|[from] Stealth Rock
|move|p1a: Raging Bolt|Calm Mind|p1a: Raging Bolt
|-boost|p1a: Raging Bolt|spa|1
|-boost|p1a: Raging Bolt|spd|1
|
|upkeep
|turn|16
|
|t:|1758935514
|-terastallize|p1a: Raging Bolt|Fairy
|move|p1a: Raging Bolt|Thunderbolt|p2a: Conkeldurr
|-damage|p2a: Conkeldurr|7/100
|move|p2a: Conkeldurr|Knock Off|p1a: Raging Bolt
|-resisted|p1a: Raging Bolt
|-damage|p1a: Raging Bolt|84/100
|-enditem|p1a: Raging Bolt|Leftovers|[from] move: Knock Off|[of] p2a: Conkeldurr
|
|upkeep
|turn|17
|
|t:|1758935524
|move|p1a: Raging Bolt|Thunderbolt|p2a: Conkeldurr
|-damage|p2a: Conkeldurr|0 fnt
|faint|p2a: Conkeldurr
|
|upkeep
|
|t:|1758935530
|switch|p2a: Ceruledge|Ceruledge, M|96/100
|-damage|p2a: Ceruledge|71/100|[from] Stealth Rock
|turn|18
|
|t:|1758935536
|move|p1a: Raging Bolt|Thunderclap||[still]
|-fail|p1a: Raging Bolt
|move|p2a: Ceruledge|Destiny Bond|p2a: Ceruledge
|-singlemove|p2a: Ceruledge|Destiny Bond
|
|upkeep
|turn|19
|
|t:|1758935543
|move|p2a: Ceruledge|Bitter Blade|p1a: Raging Bolt
|-damage|p1a: Raging Bolt|50/100
|-heal|p2a: Ceruledge|91/100|[from] drain|[of] p1a: Raging Bolt
|move|p1a: Raging Bolt|Calm Mind|p1a: Raging Bolt
|-boost|p1a: Raging Bolt|spa|1
|-boost|p1a: Raging Bolt|spd|1
|
|upkeep
|turn|20
|
|t:|1758935549
|move|p2a: Ceruledge|Destiny Bond|p2a: Ceruledge
|-singlemove|p2a: Ceruledge|Destiny Bond
|move|p1a: Raging Bolt|Thunderbolt|p2a: Ceruledge
|-damage|p2a: Ceruledge|0 fnt
|faint|p2a: Ceruledge
|-activate|p2a: Ceruledge|move: Destiny Bond
|faint|p1a: Raging Bolt
|-end|p1a: Raging Bolt|Protosynthesis|[silent]
|
|upkeep
|
|t:|1758935561
|switch|p2a: Slowbro|Slowbro, M, tera:Steel|35/100
|switch|p1a: Gholdengo|Gholdengo|27/100
|-damage|p2a: Slowbro|29/100|[from] Stealth Rock
|turn|21
|
|t:|1758935564
|move|p1a: Gholdengo|Trick|p2a: Slowbro
|-activate|p1a: Gholdengo|move: Trick|[of] p2a: Slowbro
|-item|p2a: Slowbro|Toxic Orb|[from] move: Trick
|-item|p1a: Gholdengo|Rocky Helmet|[from] move: Trick
|move|p2a: Slowbro|Slack Off|p2a: Slowbro
|-heal|p2a: Slowbro|79/100
|
|upkeep
|turn|22
|
|t:|1758935574
|move|p1a: Gholdengo|Focus Blast|p2a: Slowbro
|-supereffective|p2a: Slowbro
|-damage|p2a: Slowbro|0 fnt
|faint|p2a: Slowbro
|
|upkeep
|
|t:|1758935577
|switch|p2a: Sylveon|Sylveon, F|100/100
|-damage|p2a: Sylveon|88/100|[from] Stealth Rock
|turn|23
|
|t:|1758935587
|move|p1a: Gholdengo|Shadow Ball|p2a: Sylveon
|-damage|p2a: Sylveon|58/100
|move|p2a: Sylveon|Calm Mind|p2a: Sylveon
|-boost|p2a: Sylveon|spa|1
|-boost|p2a: Sylveon|spd|1
|
|-heal|p2a: Sylveon|64/100|[from] item: Leftovers
|upkeep
|turn|24
|
|t:|1758935591
|move|p1a: Gholdengo|Make It Rain|p2a: Sylveon
|-supereffective|p2a: Sylveon
|-damage|p2a: Sylveon|4/100
|-unboost|p1a: Gholdengo|spa|1
|move|p2a: Sylveon|Hyper Voice|p1a: Gholdengo
|-resisted|p1a: Gholdengo
|-damage|p1a: Gholdengo|0 fnt
|faint|p1a: Gholdengo
|
|-heal|p2a: Sylveon|10/100|[from] item: Leftovers
|upkeep
|
|t:|1758935594
|switch|p1a: Mr. Steam|Weezing-Galar, M|100/100
|-ability|p1a: Mr. Steam|Neutralizing Gas
|turn|25
|
|t:|1758935606
|move|p1a: Mr. Steam|Sludge Bomb|p2a: Sylveon
|-supereffective|p2a: Sylveon
|-damage|p2a: Sylveon|0 fnt
|faint|p2a: Sylveon
|
|win|JD Doggin'
|raw|JD Doggin&apos;'s rating: 1232 &rarr; <strong>1254</strong><br />(+22 for winning)
|raw|spaofrep's rating: 1192 &rarr; <strong>1170</strong><br />(-22 for losing)
|l|☆spaofrep
|player|p2|
