|badge|p1|bronze|gen9ou|100-6
|html|<div class="broadcast-red"><strong>This battle is required to be public due to one or more player having a season medal.</strong><br />During the public phase, you can discuss the state of the ladder <a href="/seasondiscussion">in a special chatroom.</a></div>
|uhtml|medal-msg|<div class="broadcast-blue">Curious what those medals under the avatar are? PS now has Ladder Seasons! For more information, check out the <a href="https://www.smogon.com/forums/threads/3740067/">thread on Smogon.</a></div>
|raw|<div class="broadcast-blue"><strong>This battle is required to be public due to a player having a name starting with 'medal'.</div>
|j|☆lvBreakfast
|j|☆eraax10
|t:|1758951384
|gametype|singles
|player|p1|lvBreakfast|psychic-gen4|1893
|player|p2|eraax10|266|1636
|gen|9
|tier|[Gen 9] OU
|rated|
|rule|HP Percentage Mod: HP is shown in percentages
|rule|Endless Battle Clause: Forcing endless battles is banned
|rule|Species Clause: Limit one of each Pokémon
|rule|OHKO Clause: OHKO moves are banned
|rule|Evasion Items Clause: Evasion items are banned
|rule|Evasion Moves Clause: Evasion moves are banned
|rule|Evasion Abilities Clause: Evasion abilities are banned
|rule|Sleep Moves Clause: Sleep-inducing moves are banned
|clearpoke
|poke|p1|Zapdos|
|poke|p1|Sinistcha|
|poke|p1|Weavile, F|
|poke|p1|Keldeo|
|poke|p1|Goodra-Hisui, F|
|poke|p1|Ting-Lu|
|poke|p2|Gholdengo|
|poke|p2|Dragonite, F|
|poke|p2|Raging Bolt|
|poke|p2|Great Tusk|
|poke|p2|Iron Valiant|
|poke|p2|Ting-Lu|
|teampreview
|
|t:|1758951395
|teamsize|p1|6
|teamsize|p2|6
|start
|switch|p1a: Lil emolga|Zapdos|100/100
|switch|p2a: Ting-Lu|Ting-Lu|100/100
|-ability|p2a: Ting-Lu|Vessel of Ruin
|turn|1
|j| amefurikoneko
|
|t:|1758951399
|switch|p1a: Ting-Loui|Ting-Lu|100/100
|-ability|p1a: Ting-Loui|Vessel of Ruin
|move|p2a: Ting-Lu|Stealth Rock|p1a: Ting-Loui
|-sidestart|p1: lvBreakfast|move: Stealth Rock
|
|upkeep
|turn|2
|
|t:|1758951402
|move|p2a: Ting-Lu|Ruination|p1a: Ting-Loui
|-damage|p1a: Ting-Loui|51/100
|move|p1a: Ting-Loui|Stealth Rock|p2a: Ting-Lu
|-sidestart|p2: eraax10|move: Stealth Rock
|
|-heal|p1a: Ting-Loui|57/100|[from] item: Leftovers
|upkeep
|turn|3
|
|t:|1758951405
|switch|p2a: Great Tusk|Great Tusk, shiny|100/100
|-damage|p2a: Great Tusk|97/100|[from] Stealth Rock
|move|p1a: Ting-Loui|Spikes|p2a: Great Tusk
|-sidestart|p2: eraax10|Spikes
|
|-heal|p1a: Ting-Loui|63/100|[from] item: Leftovers
|upkeep
|turn|4
|
|t:|1758951412
|switch|p1a: Sinister Tea ;)|Sinistcha|100/100
|move|p2a: Great Tusk|Ice Spinner|p1a: Sinister Tea ;)
|-supereffective|p1a: Sinister Tea ;)
|-damage|p1a: Sinister Tea ;)|56/100
|
|upkeep
|turn|5
|
|t:|1758951416
|-terastallize|p2a: Great Tusk|Ice
|move|p2a: Great Tusk|Ice Spinner|p1a: Sinister Tea ;)
|-supereffective|p1a: Sinister Tea ;)
|-damage|p1a: Sinister Tea ;)|0 fnt
|faint|p1a: Sinister Tea ;)
|
|upkeep
|
|t:|1758951418
|switch|p1a: Glue eater|Keldeo, shiny|100/100
|turn|6
|
|t:|1758951426
|move|p1a: Glue eater|Surf|p2a: Great Tusk
|-damage|p2a: Great Tusk|57/100
|move|p2a: Great Tusk|Rapid Spin|p1a: Glue eater
|-damage|p1a: Glue eater|77/100
|-boost|p2a: Great Tusk|spe|1
|-sideend|p2: eraax10|Spikes|[from] move: Rapid Spin|[of] p2a: Great Tusk
|-sideend|p2: eraax10|Stealth Rock|[from] move: Rapid Spin|[of] p2a: Great Tusk
|
|upkeep
|turn|7
|
|t:|1758951433
|-end|p2a: Great Tusk|Protosynthesis|[silent]
|switch|p2a: Great Neck|Raging Bolt|100/100
|move|p1a: Glue eater|Flip Turn|p2a: Great Neck
|-resisted|p2a: Great Neck
|-damage|p2a: Great Neck|94/100
|
|t:|1758951435
|switch|p1a: Ting-Loui|Ting-Lu|63/100|[from] Flip Turn
|-damage|p1a: Ting-Loui|57/100|[from] Stealth Rock
|-ability|p1a: Ting-Loui|Vessel of Ruin
|
|-heal|p1a: Ting-Loui|63/100|[from] item: Leftovers
|upkeep
|turn|8
|
|t:|1758951439
|move|p2a: Great Neck|Draco Meteor|p1a: Ting-Loui
|-damage|p1a: Ting-Loui|7/100
|-unboost|p2a: Great Neck|spa|2
|move|p1a: Ting-Loui|Stealth Rock|p2a: Great Neck
|-sidestart|p2: eraax10|move: Stealth Rock
|
|-heal|p1a: Ting-Loui|13/100|[from] item: Leftovers
|upkeep
|turn|9
|
|t:|1758951444
|move|p2a: Great Neck|Draco Meteor|p1a: Ting-Loui
|-damage|p1a: Ting-Loui|0 fnt
|-unboost|p2a: Great Neck|spa|2
|faint|p1a: Ting-Loui
|
|upkeep
|
|t:|1758951446
|switch|p1a: Weavile|Weavile, F|100/100
|turn|10
|
|t:|1758951458
|move|p1a: Weavile|Icicle Crash|p2a: Great Neck|[miss]
|-miss|p1a: Weavile|p2a: Great Neck
|move|p2a: Great Neck|Draco Meteor|p1a: Weavile
|-damage|p1a: Weavile|50/100
|-unboost|p2a: Great Neck|spa|2
|
|upkeep
|turn|11
|
|t:|1758951466
|-end|p2a: Great Neck|Protosynthesis|[silent]
|switch|p2a: Ting-Lu|Ting-Lu|100/100
|-damage|p2a: Ting-Lu|94/100|[from] Stealth Rock
|-ability|p2a: Ting-Lu|Vessel of Ruin
|move|p1a: Weavile|Icicle Crash|p2a: Ting-Lu
|-supereffective|p2a: Ting-Lu
|-damage|p2a: Ting-Lu|52/100
|
|-heal|p2a: Ting-Lu|58/100|[from] item: Leftovers
|upkeep
|turn|12
|
|t:|1758951473
|switch|p1a: Lil emolga|Zapdos|100/100
|move|p2a: Ting-Lu|Earthquake|p1a: Lil emolga
|-immune|p1a: Lil emolga
|
|-heal|p2a: Ting-Lu|64/100|[from] item: Leftovers
|upkeep
|turn|13
|
|t:|1758951478
|switch|p2a: Great Neck|Raging Bolt|94/100
|-damage|p2a: Great Neck|82/100|[from] Stealth Rock
|move|p1a: Lil emolga|Hurricane|p2a: Great Neck
|-resisted|p2a: Great Neck
|-damage|p2a: Great Neck|64/100
|
|upkeep
|turn|14
|inactive|Battle timer is ON: inactive players will automatically lose when time's up. (requested by eraax10)
|
|t:|1758951501
|-terastallize|p1a: Lil emolga|Fairy
|move|p1a: Lil emolga|Volt Switch|p2a: Great Neck
|-resisted|p2a: Great Neck
|-damage|p2a: Great Neck|58/100
|
|t:|1758951504
|switch|p1a: Goodra|Goodra-Hisui, F|100/100|[from] Volt Switch
|-damage|p1a: Goodra|94/100|[from] Stealth Rock
|move|p2a: Great Neck|Volt Switch|p1a: Goodra
|-resisted|p1a: Goodra
|-damage|p1a: Goodra|84/100
|
|t:|1758951515
|-end|p2a: Great Neck|Protosynthesis|[silent]
|switch|p2a: Great Tusk|Great Tusk, shiny, tera:Ice|57/100|[from] Volt Switch
|-damage|p2a: Great Tusk|32/100|[from] Stealth Rock
|
|upkeep
|turn|15
|
|t:|1758951521
|switch|p1a: Glue eater|Keldeo, shiny|77/100
|move|p2a: Great Tusk|Headlong Rush|p1a: Glue eater
|-damage|p1a: Glue eater|0 fnt
|-unboost|p2a: Great Tusk|def|1
|-unboost|p2a: Great Tusk|spd|1
|faint|p1a: Glue eater
|
|upkeep
|
|t:|1758951524
|switch|p1a: Weavile|Weavile, F|50/100
|turn|16
|
|t:|1758951531
|move|p1a: Weavile|Knock Off|p2a: Great Tusk
|-damage|p2a: Great Tusk|0 fnt
|-enditem|p2a: Great Tusk|Assault Vest|[from] move: Knock Off|[of] p1a: Weavile
|faint|p2a: Great Tusk
|-end|p2a: Great Tusk|Protosynthesis|[silent]
|
|upkeep
|
|t:|1758951542
|switch|p2a: Iron Valiant|Iron Valiant, shiny|100/100
|-damage|p2a: Iron Valiant|94/100|[from] Stealth Rock
|-enditem|p2a: Iron Valiant|Booster Energy
|-activate|p2a: Iron Valiant|ability: Quark Drive|[fromitem]
|-start|p2a: Iron Valiant|quarkdrivespe
|turn|17
|
|t:|1758951546
|switch|p1a: Goodra|Goodra-Hisui, F|84/100
|-damage|p1a: Goodra|78/100|[from] Stealth Rock
|move|p2a: Iron Valiant|Moonblast|p1a: Goodra
|-damage|p1a: Goodra|62/100
|-unboost|p1a: Goodra|spa|1
|
|upkeep
|turn|18
|
|t:|1758951553
|move|p2a: Iron Valiant|Close Combat|p1a: Goodra
|-supereffective|p1a: Goodra
|-damage|p1a: Goodra|0 fnt
|-unboost|p2a: Iron Valiant|def|1
|-unboost|p2a: Iron Valiant|spd|1
|faint|p1a: Goodra
|
|upkeep
|
|t:|1758951557
|switch|p1a: Lil emolga|Zapdos, tera:Fairy|100/100
|turn|19
|
|t:|1758951562
|-end|p2a: Iron Valiant|Quark Drive|[silent]
|switch|p2a: Ting-Lu|Ting-Lu|64/100
|-damage|p2a: Ting-Lu|58/100|[from] Stealth Rock
|-ability|p2a: Ting-Lu|Vessel of Ruin
|move|p1a: Lil emolga|Hurricane|p2a: Ting-Lu
|-damage|p2a: Ting-Lu|36/100
|-start|p2a: Ting-Lu|confusion
|
|-heal|p2a: Ting-Lu|43/100|[from] item: Leftovers
|upkeep
|turn|20
|
|t:|1758951569
|move|p1a: Lil emolga|Hurricane|p2a: Ting-Lu
|-damage|p2a: Ting-Lu|22/100
|-activate|p2a: Ting-Lu|confusion
|move|p2a: Ting-Lu|Earthquake|p1a: Lil emolga
|-damage|p1a: Lil emolga|72/100
|
|-heal|p2a: Ting-Lu|29/100|[from] item: Leftovers
|upkeep
|turn|21
|
|t:|1758951576
|move|p1a: Lil emolga|Hurricane|p2a: Ting-Lu
|-crit|p2a: Ting-Lu
|-damage|p2a: Ting-Lu|0 fnt
|faint|p2a: Ting-Lu
|
|upkeep
|
|t:|1758951579
|switch|p2a: Gholdengo|Gholdengo, shiny|100/100
|-damage|p2a: Gholdengo|94/100|[from] Stealth Rock
|turn|22
|j| locked in bro
|
|t:|1758951585
|move|p2a: Gholdengo|Make It Rain|p1a: Lil emolga
|-supereffective|p1a: Lil emolga
|-damage|p1a: Lil emolga|0 fnt
|-unboost|p2a: Gholdengo|spa|1
|faint|p1a: Lil emolga
|
|upkeep
|
|t:|1758951588
|switch|p1a: Weavile|Weavile, F|50/100
|turn|23
|
|t:|1758951590
|move|p1a: Weavile|Knock Off|p2a: Gholdengo
|-supereffective|p2a: Gholdengo
|-damage|p2a: Gholdengo|0 fnt
|-enditem|p2a: Gholdengo|Choice Specs|[from] move: Knock Off|[of] p1a: Weavile
|faint|p2a: Gholdengo
|
|upkeep
|
|t:|1758951594
|switch|p2a: Dragonite|Dragonite, F, shiny|100/100
|turn|24
|
|t:|1758951597
|move|p2a: Dragonite|Extreme Speed|p1a: Weavile
|-damage|p1a: Weavile|0 fnt
|faint|p1a: Weavile
|
|win|eraax10
|raw|lvBreakfast's rating: 1893 &rarr; <strong>1860</strong><br />(-33 for losing)
|raw|eraax10's rating: 1636 &rarr; <strong>1669</strong><br />(+33 for winning)
|l|☆lvBreakfast
|player|p1|
|l|☆eraax10
|player|p2|
|l| locked in bro
|l| amefurikoneko
