|j|☆noodle10101
|j|☆Jittersbug
|t:|1758955762
|gametype|singles
|player|p1|noodle10101|102|1268
|player|p2|Jittersbug|sabrina-masters|1330
|gen|9
|tier|[Gen 9] OU
|rated|
|rule|HP Percentage Mod: HP is shown in percentages
|rule|Endless Battle Clause: Forcing endless battles is banned
|rule|Species Clause: Limit one of each Pokémon
|rule|OHKO Clause: OHKO moves are banned
|rule|Evasion Items Clause: Evasion items are banned
|rule|Evasion Moves Clause: Evasion moves are banned
|rule|Evasion Abilities Clause: Evasion abilities are banned
|rule|Sleep Moves Clause: Sleep-inducing moves are banned
|clearpoke
|poke|p1|Glimmora, F|
|poke|p1|Hatterene, F|
|poke|p1|Excadrill, F|
|poke|p1|Volcanion|
|poke|p1|Pecharunt|
|poke|p1|Umbreon, F|
|poke|p2|Hydrapple, F|
|poke|p2|Slowking-Galar, F|
|poke|p2|Ting-Lu|
|poke|p2|Moltres|
|poke|p2|Iron Treads|
|poke|p2|Kyurem|
|teampreview
|inactive|Battle timer is ON: inactive players will automatically lose when time's up. (requested by Jittersbug)
|
|t:|1758955769
|teamsize|p1|6
|teamsize|p2|6
|start
|switch|p1a: Glimmora|Glimmora, F|100/100
|switch|p2a: Iron Treads|Iron Treads|100/100
|turn|1
|
|t:|1758955778
|switch|p1a: Hatterene|Hatterene, F|100/100
|move|p2a: Iron Treads|Earthquake|p1a: Hatterene
|-damage|p1a: Hatterene|62/100
|
|-heal|p1a: Hatterene|67/100|[from] item: Leftovers
|upkeep
|turn|2
|
|t:|1758955788
|-end|p2a: Iron Treads|Quark Drive|[silent]
|switch|p2a: Slowking|Slowking-Galar, F|100/100
|switch|p1a: Pecharunt|Pecharunt|100/100
|
|upkeep
|turn|3
|
|t:|1758955797
|move|p1a: Pecharunt|Parting Shot|p2a: Slowking
|-unboost|p2a: Slowking|atk|1
|-unboost|p2a: Slowking|spa|1
|
|t:|1758955803
|switch|p1a: Glimmora|Glimmora, F|100/100|[from] Parting Shot
|move|p2a: Slowking|Future Sight|p1a: Glimmora
|-start|p2a: Slowking|move: Future Sight
|
|upkeep
|turn|4
|
|t:|1758955810
|switch|p2a: Iron Treads|Iron Treads|100/100
|move|p1a: Glimmora|Stealth Rock|p2a: Iron Treads
|-sidestart|p2: Jittersbug|move: Stealth Rock
|
|upkeep
|turn|5
|
|t:|1758955816
|switch|p1a: Umbreon|Umbreon, F|100/100
|move|p2a: Iron Treads|Rapid Spin|p1a: Umbreon
|-damage|p1a: Umbreon|88/100
|-boost|p2a: Iron Treads|spe|1
|-sideend|p2: Jittersbug|Stealth Rock|[from] move: Rapid Spin|[of] p2a: Iron Treads
|
|-end|p1a: Umbreon|move: Future Sight
|-immune|p1a: Umbreon
|-heal|p1a: Umbreon|94/100|[from] item: Leftovers
|upkeep
|turn|6
|
|t:|1758955830
|-end|p2a: Iron Treads|Quark Drive|[silent]
|switch|p2a: Slowking|Slowking-Galar, F|100/100
|move|p1a: Umbreon|Foul Play|p2a: Slowking
|-supereffective|p2a: Slowking
|-damage|p2a: Slowking|53/100
|
|-heal|p1a: Umbreon|99/100|[from] item: Leftovers
|-heal|p2a: Slowking|59/100|[from] item: Leftovers
|upkeep
|turn|7
|
|t:|1758955840
|move|p1a: Umbreon|Protect|p1a: Umbreon
|-singleturn|p1a: Umbreon|Protect
|-prepare|p2a: Slowking|Chilly Reception|[premajor]
|move|p2a: Slowking|Chilly Reception|p2a: Slowking
|-weather|Snowscape
|
|t:|1758955843
|switch|p2a: Kyurem|Kyurem|100/100|[from] Chilly Reception
|-ability|p2a: Kyurem|Pressure
|
|-weather|Snowscape|[upkeep]
|-heal|p1a: Umbreon|100/100|[from] item: Leftovers
|upkeep
|turn|8
|
|t:|1758955854
|-terastallize|p2a: Kyurem|Ice
|move|p2a: Kyurem|Blizzard|p1a: Umbreon
|-damage|p1a: Umbreon|42/100
|move|p1a: Umbreon|Toxic|p2a: Kyurem
|-status|p2a: Kyurem|tox
|
|-weather|Snowscape|[upkeep]
|-heal|p1a: Umbreon|48/100|[from] item: Leftovers
|-damage|p2a: Kyurem|94/100 tox|[from] psn
|upkeep
|turn|9
|
|t:|1758955866
|switch|p2a: Slowking|Slowking-Galar, F|93/100
|move|p1a: Umbreon|Protect||[still]
|-fail|p1a: Umbreon
|
|-weather|Snowscape|[upkeep]
|-heal|p1a: Umbreon|54/100|[from] item: Leftovers
|-heal|p2a: Slowking|99/100|[from] item: Leftovers
|upkeep
|turn|10
|
|t:|1758955875
|move|p1a: Umbreon|Wish|p1a: Umbreon
|move|p2a: Slowking|Sludge Bomb|p1a: Umbreon
|-damage|p1a: Umbreon|38/100
|-status|p1a: Umbreon|psn
|-activate|p1a: Umbreon|ability: Synchronize
|-immune|p2a: Slowking
|
|-weather|Snowscape|[upkeep]
|-heal|p1a: Umbreon|44/100 psn|[from] item: Leftovers
|-heal|p2a: Slowking|100/100|[from] item: Leftovers
|-damage|p1a: Umbreon|31/100 psn|[from] psn
|upkeep
|turn|11
|
|t:|1758955886
|move|p1a: Umbreon|Foul Play|p2a: Slowking
|-supereffective|p2a: Slowking
|-damage|p2a: Slowking|56/100
|-prepare|p2a: Slowking|Chilly Reception|[premajor]
|move|p2a: Slowking|Chilly Reception|p2a: Slowking
|
|t:|1758955893
|switch|p2a: Moltres|Moltres|100/100|[from] Chilly Reception
|
|-weather|none
|-heal|p1a: Umbreon|81/100 psn|[from] move: Wish|[wisher] Umbreon
|-heal|p1a: Umbreon|87/100 psn|[from] item: Leftovers
|-damage|p1a: Umbreon|75/100 psn|[from] psn
|upkeep
|turn|12
|l|☆noodle10101
|inactive|noodle10101 disconnected and has a minute to reconnect!
|player|p1|
|j|☆noodle10101
|inactive|noodle10101 reconnected and has 140 seconds left.
|player|p1|noodle10101|102|
|
|t:|1758955909
|move|p2a: Moltres|U-turn|p1a: Umbreon
|-supereffective|p1a: Umbreon
|-damage|p1a: Umbreon|54/100 psn
|
|t:|1758955911
|switch|p2a: Slowking|Slowking-Galar, F|89/100|[from] U-turn
|move|p1a: Umbreon|Toxic|p2a: Slowking
|-immune|p2a: Slowking
|
|-heal|p1a: Umbreon|60/100 psn|[from] item: Leftovers
|-heal|p2a: Slowking|95/100|[from] item: Leftovers
|-damage|p1a: Umbreon|47/100 psn|[from] psn
|upkeep
|turn|13
|
|t:|1758955921
|move|p1a: Umbreon|Wish|p1a: Umbreon
|-prepare|p2a: Slowking|Chilly Reception|[premajor]
|move|p2a: Slowking|Chilly Reception|p2a: Slowking
|-weather|Snowscape
|
|t:|1758955926
|switch|p2a: Moltres|Moltres|100/100|[from] Chilly Reception
|
|-weather|Snowscape|[upkeep]
|-heal|p1a: Umbreon|53/100 psn|[from] item: Leftovers
|-damage|p1a: Umbreon|41/100 psn|[from] psn
|upkeep
|turn|14
|
|t:|1758955934
|move|p2a: Moltres|U-turn|p1a: Umbreon
|-supereffective|p1a: Umbreon
|-damage|p1a: Umbreon|18/100 psn
|
|t:|1758955936
|switch|p2a: Slowking|Slowking-Galar, F|100/100|[from] U-turn
|move|p1a: Umbreon|Toxic|p2a: Slowking
|-immune|p2a: Slowking
|
|-weather|Snowscape|[upkeep]
|-heal|p1a: Umbreon|68/100 psn|[from] move: Wish|[wisher] Umbreon
|-heal|p1a: Umbreon|74/100 psn|[from] item: Leftovers
|-damage|p1a: Umbreon|61/100 psn|[from] psn
|upkeep
|turn|15
|
|t:|1758955948
|move|p1a: Umbreon|Wish|p1a: Umbreon
|-prepare|p2a: Slowking|Chilly Reception|[premajor]
|move|p2a: Slowking|Chilly Reception|p2a: Slowking
|
|t:|1758955951
|switch|p2a: Moltres|Moltres|100/100|[from] Chilly Reception
|
|-weather|Snowscape|[upkeep]
|-heal|p1a: Umbreon|67/100 psn|[from] item: Leftovers
|-damage|p1a: Umbreon|55/100 psn|[from] psn
|upkeep
|turn|16
|
|t:|1758955963
|switch|p1a: Hatterene|Hatterene, F|67/100
|move|p2a: Moltres|U-turn|p1a: Hatterene
|-damage|p1a: Hatterene|56/100
|
|t:|1758955968
|switch|p2a: Slowking|Slowking-Galar, F|100/100|[from] U-turn
|
|-weather|Snowscape|[upkeep]
|-heal|p1a: Hatterene|100/100|[from] move: Wish|[wisher] Umbreon
|upkeep
|turn|17
|
|t:|1758955978
|switch|p1a: Glimmora|Glimmora, F|100/100
|move|p2a: Slowking|Sludge Bomb|p1a: Glimmora
|-resisted|p1a: Glimmora
|-damage|p1a: Glimmora|90/100
|
|-weather|none
|upkeep
|turn|18
|
|t:|1758955990
|move|p1a: Glimmora|Stealth Rock|p2a: Slowking
|-sidestart|p2: Jittersbug|move: Stealth Rock
|-prepare|p2a: Slowking|Chilly Reception|[premajor]
|move|p2a: Slowking|Chilly Reception|p2a: Slowking
|-weather|Snowscape
|
|t:|1758955991
|switch|p2a: Iron Treads|Iron Treads|100/100|[from] Chilly Reception
|
|-weather|Snowscape|[upkeep]
|upkeep
|turn|19
|
|t:|1758956018
|switch|p1a: Volcanion|Volcanion|100/100
|move|p2a: Iron Treads|Earthquake|p1a: Volcanion
|-supereffective|p1a: Volcanion
|-damage|p1a: Volcanion|10/100
|
|-weather|Snowscape|[upkeep]
|upkeep
|turn|20
|
|t:|1758956027
|move|p1a: Volcanion|Steam Eruption|p2a: Iron Treads
|-supereffective|p2a: Iron Treads
|-damage|p2a: Iron Treads|0 fnt
|faint|p2a: Iron Treads
|-end|p2a: Iron Treads|Quark Drive|[silent]
|
|-weather|Snowscape|[upkeep]
|upkeep
|
|t:|1758956036
|switch|p2a: Slowking|Slowking-Galar, F|100/100
|-damage|p2a: Slowking|88/100|[from] Stealth Rock
|turn|21
|
|t:|1758956042
|switch|p1a: Pecharunt|Pecharunt|100/100
|move|p2a: Slowking|Sludge Bomb|p1a: Pecharunt
|-resisted|p1a: Pecharunt
|-damage|p1a: Pecharunt|93/100
|
|-weather|Snowscape|[upkeep]
|-heal|p1a: Pecharunt|99/100|[from] item: Black Sludge
|-heal|p2a: Slowking|94/100|[from] item: Leftovers
|upkeep
|turn|22
|
|t:|1758956054
|move|p1a: Pecharunt|Hex|p2a: Slowking
|-supereffective|p2a: Slowking
|-damage|p2a: Slowking|70/100
|-prepare|p2a: Slowking|Chilly Reception|[premajor]
|move|p2a: Slowking|Chilly Reception|p2a: Slowking
|-message|Jittersbug forfeited.
|
|win|noodle10101
|raw|noodle10101's rating: 1268 &rarr; <strong>1297</strong><br />(+29 for winning)
|raw|Jittersbug's rating: 1330 &rarr; <strong>1306</strong><br />(-24 for losing)
|l|☆Jittersbug
|player|p2|
|l|☆noodle10101
|player|p1|
