|j|☆galladeyaoi
|j|☆Evil Redward
|t:|1759010431
|gametype|singles
|player|p1|galladeyaoi|pokefanf-gen2|1446
|player|p2|Evil Redward|265|1417
|gen|9
|tier|[Gen 9] OU
|rated|
|rule|HP Percentage Mod: HP is shown in percentages
|rule|Endless Battle Clause: Forcing endless battles is banned
|rule|Species Clause: Limit one of each Pokémon
|rule|OHKO Clause: OHKO moves are banned
|rule|Evasion Items Clause: Evasion items are banned
|rule|Evasion Moves Clause: Evasion moves are banned
|rule|Evasion Abilities Clause: Evasion abilities are banned
|rule|Sleep Moves Clause: Sleep-inducing moves are banned
|clearpoke
|poke|p1|Raichu, F|
|poke|p1|Weezing-Galar, M|
|poke|p1|Hoopa-Unbound|
|poke|p1|Muk-Alola, M|
|poke|p1|Garchomp, M|
|poke|p1|Quagsire, M|
|poke|p2|Skeledirge, M|
|poke|p2|Ogerpon, F|
|poke|p2|Corviknight, F|
|poke|p2|Weezing-Galar, M|
|poke|p2|Keldeo-Resolute|
|poke|p2|Ting-Lu|
|teampreview
|inactive|Battle timer is ON: inactive players will automatically lose when time's up. (requested by galladeyaoi)
|inactive|Evil Redward also wants the timer to be on.
|
|t:|1759010448
|teamsize|p1|6
|teamsize|p2|6
|start
|switch|p1a: Hoopa|Hoopa-Unbound|100/100
|switch|p2a: Keldeo|Keldeo-Resolute|100/100
|turn|1
|
|t:|1759010465
|switch|p2a: Ting-Lu|Ting-Lu|100/100
|-ability|p2a: Ting-Lu|Vessel of Ruin
|move|p1a: Hoopa|Psychic Noise|p2a: Ting-Lu
|-immune|p2a: Ting-Lu
|
|upkeep
|turn|2
|
|t:|1759010480
|-terastallize|p1a: Hoopa|Fighting
|move|p1a: Hoopa|Drain Punch|p2a: Ting-Lu
|-supereffective|p2a: Ting-Lu
|-damage|p2a: Ting-Lu|56/100
|move|p2a: Ting-Lu|Stealth Rock|p1a: Hoopa
|-sidestart|p1: galladeyaoi|move: Stealth Rock
|
|-heal|p2a: Ting-Lu|62/100|[from] item: Leftovers
|upkeep
|turn|3
|
|t:|1759010497
|-terastallize|p2a: Ting-Lu|Fairy
|move|p1a: Hoopa|Knock Off|p2a: Ting-Lu
|-resisted|p2a: Ting-Lu
|-crit|p2a: Ting-Lu
|-damage|p2a: Ting-Lu|40/100
|-enditem|p2a: Ting-Lu|Leftovers|[from] move: Knock Off|[of] p1a: Hoopa
|move|p2a: Ting-Lu|Ruination|p1a: Hoopa
|-damage|p1a: Hoopa|51/100
|
|upkeep
|turn|4
|
|t:|1759010507
|move|p1a: Hoopa|Thunderbolt|p2a: Ting-Lu
|-damage|p2a: Ting-Lu|26/100
|move|p2a: Ting-Lu|Earthquake|p1a: Hoopa
|-damage|p1a: Hoopa|0 fnt
|faint|p1a: Hoopa
|
|upkeep
|
|t:|1759010515
|switch|p1a: Weezing|Weezing-Galar, M|100/100
|-ability|p1a: Weezing|Neutralizing Gas
|-damage|p1a: Weezing|88/100|[from] Stealth Rock
|turn|5
|
|t:|1759010530
|move|p1a: Weezing|Defog|p2a: Ting-Lu
|-unboost|p2a: Ting-Lu|evasion|1
|-sideend|p1: galladeyaoi|Stealth Rock|[from] move: Defog|[of] p1a: Weezing
|move|p2a: Ting-Lu|Ruination|p1a: Weezing
|-damage|p1a: Weezing|45/100
|
|-heal|p1a: Weezing|50/100|[from] item: Leftovers
|upkeep
|turn|6
|
|t:|1759010546
|move|p1a: Weezing|Sludge Bomb|p2a: Ting-Lu
|-supereffective|p2a: Ting-Lu
|-damage|p2a: Ting-Lu|0 fnt
|faint|p2a: Ting-Lu
|
|-heal|p1a: Weezing|56/100|[from] item: Leftovers
|upkeep
|
|t:|1759010561
|switch|p2a: Keldeo|Keldeo-Resolute|100/100
|turn|7
|
|t:|1759010574
|-end|p1a: Weezing|ability: Neutralizing Gas
|switch|p1a: Quagsire|Quagsire, M|100/100
|move|p2a: Keldeo|Surf|p1a: Quagsire
|-immune|p1a: Quagsire|[from] ability: Water Absorb
|
|upkeep
|turn|8
|
|t:|1759010588
|switch|p2a: Corviknight|Corviknight, F|100/100
|-ability|p2a: Corviknight|Pressure
|move|p1a: Quagsire|Stealth Rock|p2a: Corviknight
|-sidestart|p2: Evil Redward|move: Stealth Rock
|
|upkeep
|turn|9
|
|t:|1759010602
|switch|p1a: Raichu|Raichu, F|100/100
|move|p2a: Corviknight|U-turn|p1a: Raichu
|-damage|p1a: Raichu|71/100
|-status|p2a: Corviknight|par|[from] ability: Static|[of] p1a: Raichu
|
|t:|1759010616
|switch|p2a: Ogerpon|Ogerpon, F|100/100|[from] U-turn
|-damage|p2a: Ogerpon|88/100|[from] Stealth Rock
|
|upkeep
|turn|10
|inactive|Evil Redward has 120 seconds left.
|
|t:|1759010634
|switch|p1a: Weezing|Weezing-Galar, M|56/100
|-ability|p1a: Weezing|Neutralizing Gas
|move|p2a: Ogerpon|U-turn|p1a: Weezing
|-resisted|p1a: Weezing
|-damage|p1a: Weezing|51/100
|inactive|Evil Redward has 120 seconds left.
|
|t:|1759010648
|switch|p2a: Keldeo|Keldeo-Resolute|100/100|[from] U-turn
|-damage|p2a: Keldeo|94/100|[from] Stealth Rock
|
|-heal|p1a: Weezing|57/100|[from] item: Leftovers
|upkeep
|turn|11
|inactive|Evil Redward has 120 seconds left.
|
|t:|1759010664
|-end|p1a: Weezing|ability: Neutralizing Gas
|switch|p1a: Quagsire|Quagsire, M|100/100
|move|p2a: Keldeo|Secret Sword|p1a: Quagsire
|-damage|p1a: Quagsire|53/100
|
|upkeep
|turn|12
|
|t:|1759010678
|move|p2a: Keldeo|Secret Sword|p1a: Quagsire
|-damage|p1a: Quagsire|11/100
|move|p1a: Quagsire|Recover|p1a: Quagsire
|-heal|p1a: Quagsire|61/100
|
|upkeep
|turn|13
|
|t:|1759010692
|move|p2a: Keldeo|Secret Sword|p1a: Quagsire
|-damage|p1a: Quagsire|13/100
|move|p1a: Quagsire|Recover|p1a: Quagsire
|-heal|p1a: Quagsire|63/100
|
|upkeep
|turn|14
|
|t:|1759010705
|switch|p1a: Weezing|Weezing-Galar, M|57/100
|-ability|p1a: Weezing|Neutralizing Gas
|move|p2a: Keldeo|Secret Sword|p1a: Weezing
|-resisted|p1a: Weezing
|-damage|p1a: Weezing|47/100
|
|-heal|p1a: Weezing|53/100|[from] item: Leftovers
|upkeep
|turn|15
|
|t:|1759010719
|switch|p2a: Skeledirge|Skeledirge, M|100/100
|-end|p1a: Weezing|ability: Neutralizing Gas
|switch|p1a: Quagsire|Quagsire, M|63/100
|
|upkeep
|turn|16
|
|t:|1759010735
|move|p2a: Skeledirge|Torch Song|p1a: Quagsire
|-resisted|p1a: Quagsire
|-damage|p1a: Quagsire|45/100
|-boost|p2a: Skeledirge|spa|1
|move|p1a: Quagsire|Toxic|p2a: Skeledirge
|-status|p2a: Skeledirge|tox
|
|-damage|p2a: Skeledirge|94/100 tox|[from] psn
|upkeep
|turn|17
|
|t:|1759010745
|move|p2a: Skeledirge|Will-O-Wisp|p1a: Quagsire
|-status|p1a: Quagsire|brn
|move|p1a: Quagsire|Recover|p1a: Quagsire
|-heal|p1a: Quagsire|95/100 brn
|
|-damage|p2a: Skeledirge|82/100 tox|[from] psn
|-damage|p1a: Quagsire|89/100 brn|[from] brn
|upkeep
|turn|18
|
|t:|1759010758
|switch|p2a: Weezing|Weezing-Galar, M|100/100
|-ability|p2a: Weezing|Neutralizing Gas
|switch|p1a: Garchomp|Garchomp, M|100/100
|
|upkeep
|turn|19
|inactive|Evil Redward has 120 seconds left.
|
|t:|1759010772
|move|p1a: Garchomp|Earthquake|p2a: Weezing
|-supereffective|p2a: Weezing
|-damage|p2a: Weezing|43/100
|move|p2a: Weezing|Will-O-Wisp|p1a: Garchomp
|-status|p1a: Garchomp|brn
|
|-damage|p1a: Garchomp|94/100 brn|[from] brn
|upkeep
|turn|20
|inactive|Evil Redward has 120 seconds left.
|
|t:|1759010787
|move|p1a: Garchomp|Earthquake|p2a: Weezing
|-supereffective|p2a: Weezing
|-damage|p2a: Weezing|15/100
|move|p2a: Weezing|Sludge Bomb|p1a: Garchomp
|-resisted|p1a: Garchomp
|-damage|p1a: Garchomp|81/100 brn
|
|-damage|p1a: Garchomp|75/100 brn|[from] brn
|upkeep
|turn|21
|inactive|Evil Redward has 120 seconds left.
|
|t:|1759010801
|-end|p2a: Weezing|ability: Neutralizing Gas
|switch|p2a: Keldeo|Keldeo-Resolute|94/100
|-damage|p2a: Keldeo|88/100|[from] Stealth Rock
|move|p1a: Garchomp|Earthquake|p2a: Keldeo
|-crit|p2a: Keldeo
|-damage|p2a: Keldeo|51/100
|
|-damage|p1a: Garchomp|68/100 brn|[from] brn
|upkeep
|turn|22
|inactive|Evil Redward has 120 seconds left.
|
|t:|1759010816
|move|p2a: Keldeo|Icy Wind|p1a: Garchomp
|-supereffective|p1a: Garchomp
|-damage|p1a: Garchomp|0 fnt
|faint|p1a: Garchomp
|
|upkeep
|
|t:|1759010822
|switch|p1a: Raichu|Raichu, F|71/100
|turn|23
|inactive|Evil Redward has 120 seconds left.
|
|t:|1759010838
|switch|p2a: Ogerpon|Ogerpon, F|88/100
|-damage|p2a: Ogerpon|76/100|[from] Stealth Rock
|move|p1a: Raichu|Nasty Plot|p1a: Raichu
|-boost|p1a: Raichu|spa|2
|
|upkeep
|turn|24
|
|t:|1759010852
|move|p2a: Ogerpon|U-turn|p1a: Raichu
|-damage|p1a: Raichu|3/100
|
|t:|1759010869
|switch|p2a: Weezing|Weezing-Galar, M|15/100|[from] U-turn
|-ability|p2a: Weezing|Neutralizing Gas
|move|p1a: Raichu|Draining Kiss|p2a: Weezing
|-resisted|p2a: Weezing
|-damage|p2a: Weezing|0 fnt
|-heal|p1a: Raichu|17/100|[from] drain|[of] p2a: Weezing
|faint|p2a: Weezing
|-end|p2a: Weezing|ability: Neutralizing Gas
|-damage|p1a: Raichu|7/100|[from] item: Life Orb
|
|upkeep
|inactive|Evil Redward has 90 seconds left.
|
|t:|1759010887
|switch|p2a: Skeledirge|Skeledirge, M|82/100 tox
|turn|25
|inactive|Evil Redward has 90 seconds left.
|
|t:|1759010905
|move|p1a: Raichu|Discharge|p2a: Skeledirge
|-damage|p2a: Skeledirge|48/100 tox
|-damage|p1a: Raichu|0 fnt|[from] item: Life Orb
|faint|p1a: Raichu
|move|p2a: Skeledirge|Will-O-Wisp|p1: Raichu|[notarget]
|-fail|p2a: Skeledirge
|
|-damage|p2a: Skeledirge|42/100 tox|[from] psn
|upkeep
|
|t:|1759010917
|switch|p1a: Muk|Muk-Alola, M|100/100
|turn|26
|inactive|Evil Redward has 90 seconds left.
|
|t:|1759010931
|move|p2a: Skeledirge|Will-O-Wisp|p1a: Muk|[miss]
|-miss|p2a: Skeledirge|p1a: Muk
|move|p1a: Muk|Knock Off|p2a: Skeledirge
|-supereffective|p2a: Skeledirge
|-damage|p2a: Skeledirge|0 fnt
|-enditem|p2a: Skeledirge|Heavy-Duty Boots|[from] move: Knock Off|[of] p1a: Muk
|faint|p2a: Skeledirge
|
|upkeep
|inactive|Evil Redward has 90 seconds left.
|
|t:|1759010946
|switch|p2a: Corviknight|Corviknight, F|100/100 par
|-damage|p2a: Corviknight|88/100 par|[from] Stealth Rock
|-ability|p2a: Corviknight|Pressure
|turn|27
|
|t:|1759010962
|switch|p1a: Weezing|Weezing-Galar, M|53/100
|-ability|p1a: Weezing|Neutralizing Gas
|move|p2a: Corviknight|Bulk Up|p2a: Corviknight
|-boost|p2a: Corviknight|atk|1
|-boost|p2a: Corviknight|def|1
|
|-heal|p1a: Weezing|59/100|[from] item: Leftovers
|upkeep
|turn|28
|c|☆galladeyaoi|Hmmm I lose to this
|c|☆galladeyaoi|gg haha
|-message|galladeyaoi forfeited.
|
|win|Evil Redward
|raw|galladeyaoi's rating: 1446 &rarr; <strong>1424</strong><br />(-22 for losing)
|raw|Evil Redward's rating: 1417 &rarr; <strong>1439</strong><br />(+22 for winning)
|l|☆Evil Redward
|player|p2|
|l|☆galladeyaoi
|player|p1|
