|j|☆Havestol
|j|☆jonklerxd
|t:|1758927405
|gametype|singles
|player|p1|Havestol|mars|1479
|player|p2|jonklerxd|ninjaboy|1468
|gen|9
|tier|[Gen 9] OU
|rated|
|rule|HP Percentage Mod: HP is shown in percentages
|rule|Endless Battle Clause: Forcing endless battles is banned
|rule|Species Clause: Limit one of each Pokémon
|rule|OHKO Clause: OHKO moves are banned
|rule|Evasion Items Clause: Evasion items are banned
|rule|Evasion Moves Clause: Evasion moves are banned
|rule|Evasion Abilities Clause: Evasion abilities are banned
|rule|Sleep Moves Clause: Sleep-inducing moves are banned
|clearpoke
|poke|p1|Haxorus, M|
|poke|p1|Gholdengo|
|poke|p1|Samurott-Hisui, F|
|poke|p1|Moltres|
|poke|p1|Iron Treads|
|poke|p1|Enamorus, F|
|poke|p2|Zamazenta-*|
|poke|p2|Ninetales-Alola, F|
|poke|p2|Darkrai|
|poke|p2|Ceruledge, F|
|poke|p2|Gliscor, M|
|poke|p2|Hatterene, F|
|teampreview
|
|t:|1758927438
|teamsize|p1|6
|teamsize|p2|6
|start
|switch|p1a: Moltres|Moltres|100/100
|switch|p2a: Ninetales|Ninetales-Alola, F|100/100
|-weather|Snowscape|[from] ability: Snow Warning|[of] p2a: Ninetales
|turn|1
|inactive|Battle timer is ON: inactive players will automatically lose when time's up. (requested by jonklerxd)
|
|t:|1758927445
|move|p2a: Ninetales|Aurora Veil|p2a: Ninetales
|-sidestart|p2: jonklerxd|move: Aurora Veil
|move|p1a: Moltres|Flamethrower|p2a: Ninetales
|-supereffective|p2a: Ninetales
|-damage|p2a: Ninetales|65/100
|
|-weather|Snowscape|[upkeep]
|upkeep
|turn|2
|
|t:|1758927452
|switch|p2a: Ceruledge|Ceruledge, F|100/100
|move|p1a: Moltres|U-turn|p2a: Ceruledge
|-resisted|p2a: Ceruledge
|-damage|p2a: Ceruledge|99/100
|
|t:|1758927462
|switch|p1a: Samurott|Samurott-Hisui, F|100/100|[from] U-turn
|
|-weather|Snowscape|[upkeep]
|upkeep
|turn|3
|
|t:|1758927469
|-terastallize|p2a: Ceruledge|Bug
|move|p2a: Ceruledge|Bulk Up|p2a: Ceruledge
|-boost|p2a: Ceruledge|atk|1
|-boost|p2a: Ceruledge|def|1
|move|p1a: Samurott|Ceaseless Edge|p2a: Ceruledge
|-damage|p2a: Ceruledge|84/100
|-sidestart|p2: jonklerxd|Spikes
|
|-weather|Snowscape|[upkeep]
|upkeep
|turn|4
|
|t:|1758927480
|move|p2a: Ceruledge|Bitter Blade|p1a: Samurott
|-resisted|p1a: Samurott
|-damage|p1a: Samurott|72/100
|-heal|p2a: Ceruledge|99/100|[from] drain|[of] p1a: Samurott
|move|p1a: Samurott|Ceaseless Edge|p2a: Ceruledge
|-damage|p2a: Ceruledge|85/100
|-sidestart|p2: jonklerxd|Spikes
|
|-weather|Snowscape|[upkeep]
|upkeep
|turn|5
|
|t:|1758927488
|move|p2a: Ceruledge|Bulk Up|p2a: Ceruledge
|-boost|p2a: Ceruledge|atk|1
|-boost|p2a: Ceruledge|def|1
|move|p1a: Samurott|Ceaseless Edge|p2a: Ceruledge
|-damage|p2a: Ceruledge|75/100
|-sidestart|p2: jonklerxd|Spikes
|
|-weather|none
|upkeep
|turn|6
|
|t:|1758927496
|move|p2a: Ceruledge|Bulk Up|p2a: Ceruledge
|-boost|p2a: Ceruledge|atk|1
|-boost|p2a: Ceruledge|def|1
|move|p1a: Samurott|Aqua Cutter|p2a: Ceruledge
|-damage|p2a: Ceruledge|65/100
|
|upkeep
|turn|7
|
|t:|1758927503
|move|p2a: Ceruledge|Bitter Blade|p1a: Samurott
|-resisted|p1a: Samurott
|-damage|p1a: Samurott|23/100
|-heal|p2a: Ceruledge|92/100|[from] drain|[of] p1a: Samurott
|move|p1a: Samurott|Aqua Cutter|p2a: Ceruledge
|-damage|p2a: Ceruledge|83/100
|
|upkeep
|turn|8
|
|t:|1758927511
|move|p2a: Ceruledge|Bitter Blade|p1a: Samurott
|-resisted|p1a: Samurott
|-damage|p1a: Samurott|0 fnt
|-heal|p2a: Ceruledge|95/100|[from] drain|[of] p1a: Samurott
|faint|p1a: Samurott
|
|-sideend|p2: jonklerxd|move: Aurora Veil
|upkeep
|n|!Havestol|havestol
|
|t:|1758927541
|switch|p1a: Haxorus|Haxorus, M, shiny|100/100
|-ability|p1a: Haxorus|Mold Breaker
|turn|9
|
|t:|1758927546
|-terastallize|p1a: Haxorus|Dragon
|move|p1a: Haxorus|Outrage|p2a: Ceruledge
|-damage|p2a: Ceruledge|40/100
|move|p2a: Ceruledge|Bitter Blade|p1a: Haxorus
|-resisted|p1a: Haxorus
|-damage|p1a: Haxorus|45/100
|-heal|p2a: Ceruledge|63/100|[from] drain|[of] p1a: Haxorus
|
|upkeep
|turn|10
|
|t:|1758927558
|move|p1a: Haxorus|Outrage|p2a: Ceruledge|[from] lockedmove
|-damage|p2a: Ceruledge|0 fnt
|faint|p2a: Ceruledge
|
|upkeep
|
|t:|1758927568
|switch|p2a: Ninetales|Ninetales-Alola, F|65/100
|-damage|p2a: Ninetales|40/100|[from] Spikes
|-weather|Snowscape|[from] ability: Snow Warning|[of] p2a: Ninetales
|turn|11
|
|t:|1758927574
|move|p2a: Ninetales|Aurora Veil|p2a: Ninetales
|-sidestart|p2: jonklerxd|move: Aurora Veil
|move|p1a: Haxorus|Outrage|p2a: Ninetales|[from] lockedmove
|-immune|p2a: Ninetales
|-start|p1a: Haxorus|confusion|[fatigue]
|
|-weather|Snowscape|[upkeep]
|upkeep
|turn|12
|
|t:|1758927584
|switch|p2a: Darkrai|Darkrai|100/100
|-damage|p2a: Darkrai|76/100|[from] Spikes
|switch|p1a: Moltres|Moltres|100/100
|
|-weather|Snowscape|[upkeep]
|-heal|p2a: Darkrai|82/100|[from] item: Leftovers
|upkeep
|turn|13
|
|t:|1758927592
|move|p2a: Darkrai|Nasty Plot|p2a: Darkrai
|-boost|p2a: Darkrai|spa|2
|move|p1a: Moltres|U-turn|p2a: Darkrai
|-supereffective|p2a: Darkrai
|-damage|p2a: Darkrai|62/100
|
|t:|1758927606
|switch|p1a: Haxorus|Haxorus, M, shiny, tera:Dragon|45/100|[from] U-turn
|-ability|p1a: Haxorus|Mold Breaker
|
|-weather|Snowscape|[upkeep]
|-heal|p2a: Darkrai|68/100|[from] item: Leftovers
|upkeep
|turn|14
|
|t:|1758927613
|move|p1a: Haxorus|First Impression|p2a: Darkrai
|-supereffective|p2a: Darkrai
|-damage|p2a: Darkrai|0 fnt
|faint|p2a: Darkrai
|
|-weather|Snowscape|[upkeep]
|upkeep
|
|t:|1758927620
|switch|p2a: Hatterene|Hatterene, F|100/100
|-damage|p2a: Hatterene|76/100|[from] Spikes
|turn|15
|
|t:|1758927633
|switch|p1a: Iron Treads|Iron Treads|100/100
|move|p2a: Hatterene|Calm Mind|p2a: Hatterene
|-boost|p2a: Hatterene|spa|1
|-boost|p2a: Hatterene|spd|1
|
|-weather|none
|-heal|p2a: Hatterene|82/100|[from] item: Leftovers
|upkeep
|turn|16
|
|t:|1758927645
|move|p1a: Iron Treads|Earthquake|p2a: Hatterene
|-damage|p2a: Hatterene|65/100
|move|p2a: Hatterene|Mystical Fire|p1a: Iron Treads
|-supereffective|p1a: Iron Treads
|-damage|p1a: Iron Treads|29/100
|-unboost|p1a: Iron Treads|spa|1
|
|-heal|p1a: Iron Treads|35/100|[from] item: Leftovers
|-heal|p2a: Hatterene|71/100|[from] item: Leftovers
|upkeep
|turn|17
|
|t:|1758927654
|move|p1a: Iron Treads|Earthquake|p2a: Hatterene
|-damage|p2a: Hatterene|56/100
|move|p2a: Hatterene|Mystical Fire|p1a: Iron Treads
|-supereffective|p1a: Iron Treads
|-crit|p1a: Iron Treads
|-damage|p1a: Iron Treads|0 fnt
|faint|p1a: Iron Treads
|-end|p1a: Iron Treads|Quark Drive|[silent]
|
|-heal|p2a: Hatterene|62/100|[from] item: Leftovers
|upkeep
|
|t:|1758927664
|switch|p1a: Haxorus|Haxorus, M, shiny, tera:Dragon|45/100
|-ability|p1a: Haxorus|Mold Breaker
|turn|18
|
|t:|1758927671
|move|p1a: Haxorus|Poison Jab|p2a: Hatterene
|-supereffective|p2a: Hatterene
|-damage|p2a: Hatterene|25/100
|move|p2a: Hatterene|Draining Kiss|p1a: Haxorus
|-supereffective|p1a: Haxorus
|-damage|p1a: Haxorus|0 fnt
|-heal|p2a: Hatterene|55/100|[from] drain|[of] p1a: Haxorus
|faint|p1a: Haxorus
|
|-heal|p2a: Hatterene|61/100|[from] item: Leftovers
|-sideend|p2: jonklerxd|move: Aurora Veil
|upkeep
|
|t:|1758927676
|switch|p1a: Gholdengo|Gholdengo|100/100
|-item|p1a: Gholdengo|Air Balloon
|turn|19
|
|t:|1758927683
|move|p1a: Gholdengo|Shadow Ball|p2a: Hatterene
|-supereffective|p2a: Hatterene
|-damage|p2a: Hatterene|16/100
|move|p2a: Hatterene|Mystical Fire|p1a: Gholdengo
|-supereffective|p1a: Gholdengo
|-damage|p1a: Gholdengo|36/100
|-unboost|p1a: Gholdengo|spa|1
|-enditem|p1a: Gholdengo|Air Balloon
|
|-heal|p2a: Hatterene|22/100|[from] item: Leftovers
|upkeep
|turn|20
|
|t:|1758927697
|move|p1a: Gholdengo|Shadow Ball|p2a: Hatterene
|-supereffective|p2a: Hatterene
|-damage|p2a: Hatterene|0 fnt
|faint|p2a: Hatterene
|
|upkeep
|
|t:|1758927703
|switch|p2a: Gliscor|Gliscor, M|100/100
|turn|21
|
|t:|1758927707
|switch|p1a: Moltres|Moltres|100/100
|move|p2a: Gliscor|Swords Dance|p2a: Gliscor
|-boost|p2a: Gliscor|atk|2
|
|-status|p2a: Gliscor|tox|[from] item: Toxic Orb
|upkeep
|turn|22
|
|t:|1758927713
|move|p2a: Gliscor|Agility|p2a: Gliscor
|-boost|p2a: Gliscor|spe|2
|move|p1a: Moltres|Flamethrower|p2a: Gliscor
|-damage|p2a: Gliscor|60/100 tox
|
|-heal|p2a: Gliscor|73/100 tox|[from] ability: Poison Heal
|upkeep
|turn|23
|-message|Havestol forfeited.
|
|win|jonklerxd
