|j|☆ash5501
|j|☆YourFriendSanti
|t:|1759077241
|gametype|singles
|player|p1|ash5501|ethan|1169
|player|p2|YourFriendSanti|hilbert-wonderlauncher|1114
|gen|9
|tier|[Gen 9] OU
|rated|
|rule|HP Percentage Mod: HP is shown in percentages
|rule|Endless Battle Clause: Forcing endless battles is banned
|rule|Species Clause: Limit one of each Pokémon
|rule|OHKO Clause: OHKO moves are banned
|rule|Evasion Items Clause: Evasion items are banned
|rule|Evasion Moves Clause: Evasion moves are banned
|rule|Evasion Abilities Clause: Evasion abilities are banned
|rule|Sleep Moves Clause: Sleep-inducing moves are banned
|clearpoke
|poke|p1|Cinderace, F|
|poke|p1|Greninja-*, M|
|poke|p1|Serperior, M|
|poke|p1|Slowbro-Galar, F|
|poke|p1|Gliscor, F|
|poke|p1|Dragapult, M|
|poke|p2|Magnezone|
|poke|p2|Altaria, F|
|poke|p2|Cinccino, F|
|poke|p2|Ninetales-Alola, F|
|poke|p2|Dedenne, M|
|poke|p2|Pincurchin, F|
|teampreview
|inactive|Battle timer is ON: inactive players will automatically lose when time's up. (requested by ash5501)
|
|t:|1759077256
|teamsize|p1|6
|teamsize|p2|6
|start
|switch|p1a: Slowbro|Slowbro-Galar, F|100/100
|switch|p2a: Ninetales|Ninetales-Alola, F|100/100
|-weather|Snowscape|[from] ability: Snow Warning|[of] p2a: Ninetales
|turn|1
|
|t:|1759077263
|move|p2a: Ninetales|Nasty Plot|p2a: Ninetales
|-boost|p2a: Ninetales|spa|2
|move|p1a: Slowbro|Nasty Plot|p1a: Slowbro
|-boost|p1a: Slowbro|spa|2
|
|-weather|Snowscape|[upkeep]
|upkeep
|turn|2
|-activate|p1a: Slowbro|ability: Quick Draw
|
|t:|1759077277
|-terastallize|p2a: Ninetales|Water
|move|p1a: Slowbro|Shell Side Arm|p2a: Ninetales|[anim] Shell Side Arm Special
|-damage|p2a: Ninetales|0 fnt
|-hint|Special Shell Side Arm
|faint|p2a: Ninetales
|-damage|p1a: Slowbro|91/100|[from] item: Life Orb
|
|-weather|Snowscape|[upkeep]
|upkeep
|
|t:|1759077302
|switch|p2a: Cinccino|Cinccino, F, shiny|100/100
|turn|3
|
|t:|1759077305
|move|p2a: Cinccino|Tidy Up|p2a: Cinccino
|-boost|p2a: Cinccino|atk|1
|-boost|p2a: Cinccino|spe|1
|move|p1a: Slowbro|Shell Side Arm|p2a: Cinccino|[anim] Shell Side Arm Special
|-damage|p2a: Cinccino|0 fnt
|-hint|Special Shell Side Arm
|faint|p2a: Cinccino
|-damage|p1a: Slowbro|81/100|[from] item: Life Orb
|
|-weather|Snowscape|[upkeep]
|upkeep
|
|t:|1759077311
|switch|p2a: Magnezone|Magnezone|100/100
|turn|4
|
|t:|1759077316
|move|p2a: Magnezone|Thunderbolt|p1a: Slowbro
|-damage|p1a: Slowbro|32/100
|move|p1a: Slowbro|Psychic|p2a: Magnezone
|-resisted|p2a: Magnezone
|-damage|p2a: Magnezone|65/100
|-damage|p1a: Slowbro|22/100|[from] item: Life Orb
|
|-weather|Snowscape|[upkeep]
|upkeep
|turn|5
|
|t:|1759077324
|switch|p1a: Serperior|Serperior, M|100/100
|move|p2a: Magnezone|Thunderbolt|p1a: Serperior
|-resisted|p1a: Serperior
|-damage|p1a: Serperior|83/100
|
|-weather|none
|-heal|p1a: Serperior|89/100|[from] item: Leftovers
|upkeep
|turn|6
|
|t:|1759077334
|move|p1a: Serperior|Leaf Storm|p2a: Magnezone|[miss]
|-miss|p1a: Serperior|p2a: Magnezone
|move|p2a: Magnezone|Body Press|p1a: Serperior
|-damage|p1a: Serperior|65/100
|
|-heal|p1a: Serperior|71/100|[from] item: Leftovers
|upkeep
|turn|7
|
|t:|1759077341
|move|p1a: Serperior|Leaf Storm|p2a: Magnezone
|-resisted|p2a: Magnezone
|-damage|p2a: Magnezone|53/100
|-boost|p1a: Serperior|spa|2
|move|p2a: Magnezone|Mirror Coat|p1a: Serperior
|-damage|p1a: Serperior|49/100
|
|-heal|p1a: Serperior|55/100|[from] item: Leftovers
|upkeep
|turn|8
|
|t:|1759077349
|move|p1a: Serperior|Leech Seed|p2a: Magnezone
|-start|p2a: Magnezone|move: Leech Seed
|move|p2a: Magnezone|Mirror Coat||[still]
|-fail|p2a: Magnezone
|
|-heal|p1a: Serperior|62/100|[from] item: Leftovers
|-damage|p2a: Magnezone|41/100|[from] Leech Seed|[of] p1a: Serperior
|-heal|p1a: Serperior|74/100|[silent]
|upkeep
|turn|9
|
|t:|1759077360
|switch|p2a: Altaria|Altaria, F, shiny|100/100
|-ability|p2a: Altaria|Cloud Nine
|move|p1a: Serperior|Protect||[still]
|-fail|p1a: Serperior
|
|-heal|p1a: Serperior|80/100|[from] item: Leftovers
|upkeep
|turn|10
|
|t:|1759077367
|-terastallize|p1a: Serperior|Rock
|move|p1a: Serperior|Tera Blast|p2a: Altaria|[anim] Tera Blast Rock
|-supereffective|p2a: Altaria
|-damage|p2a: Altaria|46/100
|move|p2a: Altaria|Fire Spin|p1a: Serperior
|-resisted|p1a: Serperior
|-damage|p1a: Serperior|77/100
|-activate|p1a: Serperior|move: Fire Spin|[of] p2a: Altaria
|
|-heal|p1a: Serperior|83/100|[from] item: Leftovers
|-damage|p1a: Serperior|71/100|[from] move: Fire Spin|[partiallytrapped]
|upkeep
|turn|11
|
|t:|1759077378
|move|p1a: Serperior|Tera Blast|p2a: Altaria|[anim] Tera Blast Rock
|-supereffective|p2a: Altaria
|-damage|p2a: Altaria|0 fnt
|faint|p2a: Altaria
|
|-heal|p1a: Serperior|77/100|[from] item: Leftovers
|-end|p1a: Serperior|Fire Spin|[partiallytrapped]|[silent]
|upkeep
|
|t:|1759077386
|switch|p2a: Pincurchin|Pincurchin, F|100/100
|-fieldstart|move: Electric Terrain|[from] ability: Electric Surge|[of] p2a: Pincurchin
|turn|12
|
|t:|1759077390
|move|p1a: Serperior|Leaf Storm|p2a: Pincurchin
|-damage|p2a: Pincurchin|5/100
|-boost|p1a: Serperior|spa|2
|move|p2a: Pincurchin|Memento|p1a: Serperior
|-boost|p1a: Serperior|atk|2
|-boost|p1a: Serperior|spa|2
|faint|p2a: Pincurchin
|
|-heal|p1a: Serperior|83/100|[from] item: Leftovers
|upkeep
|
|t:|1759077401
|switch|p2a: Magnezone|Magnezone|41/100
|turn|13
|
|t:|1759077405
|move|p1a: Serperior|Leaf Storm|p2a: Magnezone
|-resisted|p2a: Magnezone
|-damage|p2a: Magnezone|0 fnt
|faint|p2a: Magnezone
|
|-heal|p1a: Serperior|89/100|[from] item: Leftovers
|upkeep
|
|t:|1759077408
|switch|p2a: Dedenne|Dedenne, M|100/100
|turn|14
|
|t:|1759077416
|move|p1a: Serperior|Tera Blast|p2a: Dedenne|[anim] Tera Blast Rock
|-damage|p2a: Dedenne|0 fnt
|faint|p2a: Dedenne
|
|win|ash5501
|raw|ash5501's rating: 1169 &rarr; <strong>1190</strong><br />(+21 for winning)
|raw|YourFriendSanti's rating: 1114 &rarr; <strong>1093</strong><br />(-21 for losing)
|l|☆YourFriendSanti
|player|p2|
|l|☆ash5501
|player|p1|
