|j|☆Princessjosie1001!
|j|☆jibreel69
|t:|1759012214
|gametype|singles
|player|p1|Princessjosie1001!|nurse|1427
|player|p2|jibreel69|265|1469
|gen|9
|tier|[Gen 9] OU
|rated|
|rule|HP Percentage Mod: HP is shown in percentages
|rule|Endless Battle Clause: Forcing endless battles is banned
|rule|Species Clause: Limit one of each Pokémon
|rule|OHKO Clause: OHKO moves are banned
|rule|Evasion Items Clause: Evasion items are banned
|rule|Evasion Moves Clause: Evasion moves are banned
|rule|Evasion Abilities Clause: Evasion abilities are banned
|rule|Sleep Moves Clause: Sleep-inducing moves are banned
|clearpoke
|poke|p1|Yanmega, M|
|poke|p1|Cloyster, F|
|poke|p1|Salazzle, F|
|poke|p1|Espeon, F|
|poke|p1|Jirachi|
|poke|p1|Maushold-Four|
|poke|p2|Tinkaton, F|
|poke|p2|Great Tusk|
|poke|p2|Garganacl, M|
|poke|p2|Keldeo-Resolute|
|poke|p2|Zapdos|
|poke|p2|Dragapult, M|
|teampreview
|
|t:|1759012224
|teamsize|p1|6
|teamsize|p2|6
|start
|switch|p1a: Jirachi|Jirachi|100/100
|switch|p2a: Tinkaton|Tinkaton, F|100/100
|-ability|p2a: Tinkaton|Mold Breaker
|-item|p2a: Tinkaton|Air Balloon
|turn|1
|
|t:|1759012231
|move|p1a: Jirachi|Iron Head|p2a: Tinkaton
|-damage|p2a: Tinkaton|55/100
|-enditem|p2a: Tinkaton|Air Balloon
|move|p2a: Tinkaton|Stealth Rock|p1a: Jirachi
|-sidestart|p1: Princessjosie1001!|move: Stealth Rock
|
|upkeep
|turn|2
|
|t:|1759012242
|switch|p1a: No hazard allowed|Espeon, F|100/100
|-damage|p1a: No hazard allowed|88/100|[from] Stealth Rock
|move|p2a: Tinkaton|Thunder Wave|p1a: No hazard allowed|[miss]
|-miss|p2a: Tinkaton|p1a: No hazard allowed
|
|upkeep
|turn|3
|
|t:|1759012253
|move|p1a: No hazard allowed|Trick|p2a: Tinkaton
|-activate|p1a: No hazard allowed|move: Trick|[of] p2a: Tinkaton
|-item|p2a: Tinkaton|Choice Scarf|[from] move: Trick
|-enditem|p1a: No hazard allowed|Choice Scarf|[silent]|[from] move: Trick
|move|p2a: Tinkaton|Thunder Wave|p1a: No hazard allowed
|-status|p1a: No hazard allowed|par
|
|upkeep
|turn|4
|
|t:|1759012268
|switch|p2a: Garganacl|Garganacl, M|100/100
|move|p1a: No hazard allowed|Thunder Wave|p2a: Garganacl
|-immune|p2a: Garganacl|[from] ability: Purifying Salt
|
|upkeep
|turn|5
|
|t:|1759012274
|move|p1a: No hazard allowed|Psychic|p2a: Garganacl
|-damage|p2a: Garganacl|66/100
|move|p2a: Garganacl|Salt Cure|p1a: No hazard allowed
|-damage|p1a: No hazard allowed|64/100 par
|-start|p1a: No hazard allowed|Salt Cure
|
|-heal|p2a: Garganacl|72/100|[from] item: Leftovers
|-damage|p1a: No hazard allowed|52/100 par|[from] Salt Cure
|upkeep
|turn|6
|
|t:|1759012282
|move|p1a: No hazard allowed|Psychic|p2a: Garganacl
|-damage|p2a: Garganacl|39/100
|-unboost|p2a: Garganacl|spd|1
|move|p2a: Garganacl|Recover|p2a: Garganacl
|-heal|p2a: Garganacl|89/100
|
|-heal|p2a: Garganacl|95/100|[from] item: Leftovers
|-damage|p1a: No hazard allowed|40/100 par|[from] Salt Cure
|upkeep
|turn|7
|
|t:|1759012291
|move|p1a: No hazard allowed|Thunder Wave|p2a: Garganacl
|-immune|p2a: Garganacl|[from] ability: Purifying Salt
|move|p2a: Garganacl|Recover|p2a: Garganacl
|-heal|p2a: Garganacl|100/100
|
|-damage|p1a: No hazard allowed|27/100 par|[from] Salt Cure
|upkeep
|turn|8
|
|t:|1759012298
|cant|p1a: No hazard allowed|par
|move|p2a: Garganacl|Salt Cure|p1a: No hazard allowed
|-damage|p1a: No hazard allowed|0 fnt
|faint|p1a: No hazard allowed
|
|upkeep
|
|t:|1759012304
|switch|p1a: Maushold|Maushold-Four|100/100
|-damage|p1a: Maushold|88/100|[from] Stealth Rock
|turn|9
|
|t:|1759012310
|switch|p2a: Zapdos|Zapdos|100/100
|move|p1a: Maushold|Tidy Up|p1a: Maushold
|-sideend|p1: Princessjosie1001!|Stealth Rock
|-activate|p1a: Maushold|move: Tidy Up
|-boost|p1a: Maushold|atk|1
|-boost|p1a: Maushold|spe|1
|
|upkeep
|turn|10
|
|t:|1759012316
|move|p1a: Maushold|Tidy Up|p1a: Maushold
|-boost|p1a: Maushold|atk|1
|-boost|p1a: Maushold|spe|1
|move|p2a: Zapdos|Hurricane|p1a: Maushold
|-damage|p1a: Maushold|23/100
|
|upkeep
|turn|11
|
|t:|1759012330
|move|p1a: Maushold|Population Bomb|p2a: Zapdos|[miss]
|-miss|p1a: Maushold|p2a: Zapdos
|move|p2a: Zapdos|Roost||[still]
|-fail|p2a: Zapdos|heal
|
|upkeep
|turn|12
|
|t:|1759012336
|move|p1a: Maushold|Population Bomb|p2a: Zapdos
|-damage|p2a: Zapdos|82/100
|-damage|p2a: Zapdos|66/100
|-damage|p2a: Zapdos|47/100
|-status|p1a: Maushold|par|[from] ability: Static|[of] p2a: Zapdos
|-damage|p2a: Zapdos|30/100
|-damage|p2a: Zapdos|15/100
|-damage|p2a: Zapdos|0 fnt
|faint|p2a: Zapdos
|-hitcount|p2: Zapdos|6
|
|upkeep
|
|t:|1759012345
|switch|p2a: Dragapult|Dragapult, M|100/100
|turn|13
|
|t:|1759012349
|move|p2a: Dragapult|Dragon Darts|p1a: Maushold
|-damage|p1a: Maushold|0 fnt
|faint|p1a: Maushold
|
|upkeep
|
|t:|1759012353
|switch|p1a: Yanmega|Yanmega, M|100/100
|turn|14
|
|t:|1759012362
|move|p1a: Yanmega|Protect|p1a: Yanmega
|-singleturn|p1a: Yanmega|Protect
|move|p2a: Dragapult|U-turn|p1a: Yanmega
|-activate|p1a: Yanmega|move: Protect
|
|-ability|p1a: Yanmega|Speed Boost|boost
|-boost|p1a: Yanmega|spe|1
|upkeep
|turn|15
|
|t:|1759012369
|switch|p2a: Garganacl|Garganacl, M|100/100
|move|p1a: Yanmega|Air Slash|p2a: Garganacl
|-resisted|p2a: Garganacl
|-damage|p2a: Garganacl|82/100
|-damage|p1a: Yanmega|91/100|[from] item: Life Orb
|
|-heal|p2a: Garganacl|88/100|[from] item: Leftovers
|-ability|p1a: Yanmega|Speed Boost|boost
|-boost|p1a: Yanmega|spe|1
|upkeep
|turn|16
|
|t:|1759012378
|move|p1a: Yanmega|Bug Buzz|p2a: Garganacl
|-damage|p2a: Garganacl|48/100
|-damage|p1a: Yanmega|81/100|[from] item: Life Orb
|move|p2a: Garganacl|Salt Cure|p1a: Yanmega
|-supereffective|p1a: Yanmega
|-damage|p1a: Yanmega|12/100
|-start|p1a: Yanmega|Salt Cure
|
|-heal|p2a: Garganacl|55/100|[from] item: Leftovers
|-damage|p1a: Yanmega|0 fnt|[from] Salt Cure
|faint|p1a: Yanmega
|upkeep
|
|t:|1759012388
|switch|p1a: Jirachi|Jirachi|100/100
|turn|17
|
|t:|1759012393
|switch|p2a: Keldeo|Keldeo-Resolute|100/100
|move|p1a: Jirachi|Iron Head|p2a: Keldeo
|-resisted|p2a: Keldeo
|-damage|p2a: Keldeo|78/100
|
|upkeep
|turn|18
|
|t:|1759012401
|move|p1a: Jirachi|Iron Head|p2a: Keldeo
|-resisted|p2a: Keldeo
|-crit|p2a: Keldeo
|-damage|p2a: Keldeo|46/100
|cant|p2a: Keldeo|flinch
|
|upkeep
|turn|19
|
|t:|1759012407
|move|p1a: Jirachi|Iron Head|p2a: Keldeo
|-resisted|p2a: Keldeo
|-damage|p2a: Keldeo|25/100
|cant|p2a: Keldeo|flinch
|
|upkeep
|turn|20
|
|t:|1759012413
|move|p1a: Jirachi|Iron Head|p2a: Keldeo
|-resisted|p2a: Keldeo
|-damage|p2a: Keldeo|4/100
|cant|p2a: Keldeo|flinch
|
|upkeep
|turn|21
|
|t:|1759012418
|move|p1a: Jirachi|Iron Head|p2a: Keldeo
|-resisted|p2a: Keldeo
|-damage|p2a: Keldeo|0 fnt
|faint|p2a: Keldeo
|
|upkeep
|
|t:|1759012422
|switch|p2a: Dragapult|Dragapult, M|100/100
|turn|22
|
|t:|1759012425
|move|p1a: Jirachi|Iron Head|p2a: Dragapult
|-damage|p2a: Dragapult|49/100
|cant|p2a: Dragapult|flinch
|
|upkeep
|turn|23
|
|t:|1759012432
|switch|p2a: Great Tusk|Great Tusk|100/100
|move|p1a: Jirachi|Iron Head|p2a: Great Tusk
|-damage|p2a: Great Tusk|72/100
|
|upkeep
|turn|24
|
|t:|1759012438
|move|p1a: Jirachi|Iron Head|p2a: Great Tusk
|-damage|p2a: Great Tusk|42/100
|cant|p2a: Great Tusk|flinch
|
|upkeep
|turn|25
|
|t:|1759012443
|move|p1a: Jirachi|Iron Head|p2a: Great Tusk
|-damage|p2a: Great Tusk|13/100
|move|p2a: Great Tusk|Rapid Spin|p1a: Jirachi
|-resisted|p1a: Jirachi
|-damage|p1a: Jirachi|92/100
|-boost|p2a: Great Tusk|spe|1
|
|upkeep
|turn|26
|
|t:|1759012451
|move|p2a: Great Tusk|Headlong Rush|p1a: Jirachi
|-supereffective|p1a: Jirachi
|-damage|p1a: Jirachi|0 fnt
|-unboost|p2a: Great Tusk|def|1
|-unboost|p2a: Great Tusk|spd|1
|faint|p1a: Jirachi
|
|upkeep
|
|t:|1759012457
|switch|p1a: Cloyster|Cloyster, F|100/100
|turn|27
|
|t:|1759012468
|move|p2a: Great Tusk|Rapid Spin|p1a: Cloyster
|-damage|p1a: Cloyster|86/100
|-boost|p2a: Great Tusk|spe|1
|move|p1a: Cloyster|Shell Smash|p1a: Cloyster
|-unboost|p1a: Cloyster|def|1
|-unboost|p1a: Cloyster|spd|1
|-boost|p1a: Cloyster|atk|2
|-boost|p1a: Cloyster|spa|2
|-boost|p1a: Cloyster|spe|2
|
|upkeep
|turn|28
|
|t:|1759012481
|move|p1a: Cloyster|Ice Shard|p2a: Great Tusk
|-supereffective|p2a: Great Tusk
|-damage|p2a: Great Tusk|0 fnt
|faint|p2a: Great Tusk
|-end|p2a: Great Tusk|Protosynthesis|[silent]
|
|upkeep
|
|t:|1759012501
|switch|p2a: Tinkaton|Tinkaton, F|55/100
|-ability|p2a: Tinkaton|Mold Breaker
|turn|29
|
|t:|1759012511
|-terastallize|p1a: Cloyster|Ice
|move|p1a: Cloyster|Icicle Spear|p2a: Tinkaton
|-resisted|p2a: Tinkaton
|-damage|p2a: Tinkaton|37/100
|-resisted|p2a: Tinkaton
|-damage|p2a: Tinkaton|20/100
|-resisted|p2a: Tinkaton
|-damage|p2a: Tinkaton|1/100
|-resisted|p2a: Tinkaton
|-damage|p2a: Tinkaton|0 fnt
|faint|p2a: Tinkaton
|-hitcount|p2: Tinkaton|4
|
|upkeep
|
|t:|1759012517
|switch|p2a: Garganacl|Garganacl, M|55/100
|turn|30
|
|t:|1759012522
|-terastallize|p2a: Garganacl|Water
|move|p1a: Cloyster|Icicle Spear|p2a: Garganacl
|-resisted|p2a: Garganacl
|-crit|p2a: Garganacl
|-damage|p2a: Garganacl|38/100
|-resisted|p2a: Garganacl
|-damage|p2a: Garganacl|28/100
|-resisted|p2a: Garganacl
|-damage|p2a: Garganacl|17/100
|-resisted|p2a: Garganacl
|-damage|p2a: Garganacl|6/100
|-resisted|p2a: Garganacl
|-damage|p2a: Garganacl|0 fnt
|faint|p2a: Garganacl
|-hitcount|p2: Garganacl|5
|
|upkeep
|c|☆jibreel69|shameless tactic
|
|t:|1759012542
|switch|p2a: Dragapult|Dragapult, M|49/100
|turn|31
|c|☆Princessjosie1001!|Gg wp
|
|t:|1759012546
|move|p1a: Cloyster|Ice Shard|p2a: Dragapult
|-supereffective|p2a: Dragapult
|-damage|p2a: Dragapult|0 fnt
|faint|p2a: Dragapult
|
|win|Princessjosie1001!
|raw|Princessjosie1001!'s rating: 1427 &rarr; <strong>1449</strong><br />(+22 for winning)
|raw|jibreel69's rating: 1469 &rarr; <strong>1447</strong><br />(-22 for losing)
|l|☆Princessjosie1001!
|player|p1|
|c|☆jibreel69|snm
|l|☆jibreel69
|player|p2|
