|j|☆rekcuskco
|j|☆skratchaSNG
|t:|1758943577
|gametype|singles
|player|p1|rekcuskco|lucian|1205
|player|p2|skratchaSNG|102|1250
|gen|9
|tier|[Gen 9] OU
|rated|
|rule|HP Percentage Mod: HP is shown in percentages
|rule|Endless Battle Clause: Forcing endless battles is banned
|rule|Species Clause: Limit one of each Pokémon
|rule|OHKO Clause: OHKO moves are banned
|rule|Evasion Items Clause: Evasion items are banned
|rule|Evasion Moves Clause: Evasion moves are banned
|rule|Evasion Abilities Clause: Evasion abilities are banned
|rule|Sleep Moves Clause: Sleep-inducing moves are banned
|clearpoke
|poke|p1|Skeledirge, M|
|poke|p1|Hydreigon, M|
|poke|p1|Magcargo, F|
|poke|p1|Torkoal, F|
|poke|p1|Lilligant-Hisui, F|
|poke|p1|Great Tusk|
|poke|p2|Tyranitar, M|
|poke|p2|Excadrill, M|
|poke|p2|Kingambit, M|
|poke|p2|Garchomp, F|
|poke|p2|Pecharunt|
|poke|p2|Rotom-Wash|
|teampreview
|inactive|Battle timer is ON: inactive players will automatically lose when time's up. (requested by rekcuskco)
|inactive|skratchaSNG has 120 seconds left.
|
|t:|1758943617
|teamsize|p1|6
|teamsize|p2|6
|start
|switch|p1a: Magcargo|Magcargo, F|100/100
|switch|p2a: Rotom|Rotom-Wash|100/100
|turn|1
|
|t:|1758943639
|switch|p1a: Torkoal|Torkoal, F|100/100
|-weather|SunnyDay|[from] ability: Drought|[of] p1a: Torkoal
|move|p2a: Rotom|Volt Switch|p1a: Torkoal
|-damage|p1a: Torkoal|67/100
|
|t:|1758943645
|switch|p2a: Tyranitar|Tyranitar, M|100/100|[from] Volt Switch
|-weather|Sandstorm|[from] ability: Sand Stream|[of] p2a: Tyranitar
|
|-weather|Sandstorm|[upkeep]
|-damage|p1a: Torkoal|61/100|[from] Sandstorm
|upkeep
|turn|2
|
|t:|1758943656
|move|p2a: Tyranitar|Ice Beam|p1a: Torkoal
|-resisted|p1a: Torkoal
|-damage|p1a: Torkoal|49/100
|move|p1a: Torkoal|Body Press|p2a: Tyranitar
|-supereffective|p2a: Tyranitar
|-crit|p2a: Tyranitar
|-damage|p2a: Tyranitar|0 fnt
|faint|p2a: Tyranitar
|
|-weather|Sandstorm|[upkeep]
|-damage|p1a: Torkoal|43/100|[from] Sandstorm
|upkeep
|
|t:|1758943665
|switch|p2a: Excadrill|Excadrill, M|100/100
|turn|3
|
|t:|1758943676
|switch|p1a: Great Tusk|Great Tusk|100/100
|-terastallize|p2a: Excadrill|Ground
|move|p2a: Excadrill|Swords Dance|p2a: Excadrill
|-boost|p2a: Excadrill|atk|2
|
|-weather|Sandstorm|[upkeep]
|upkeep
|turn|4
|
|t:|1758943683
|move|p2a: Excadrill|Earthquake|p1a: Great Tusk
|-damage|p1a: Great Tusk|0 fnt
|faint|p1a: Great Tusk
|-end|p1a: Great Tusk|Protosynthesis|[silent]
|-damage|p2a: Excadrill|91/100|[from] item: Life Orb
|
|-weather|Sandstorm|[upkeep]
|upkeep
|
|t:|1758943689
|switch|p1a: Skeledirge|Skeledirge, M|100/100
|turn|5
|
|t:|1758943695
|move|p2a: Excadrill|Earthquake|p1a: Skeledirge
|-supereffective|p1a: Skeledirge
|-damage|p1a: Skeledirge|0 fnt
|faint|p1a: Skeledirge
|-damage|p2a: Excadrill|81/100|[from] item: Life Orb
|
|-weather|Sandstorm|[upkeep]
|upkeep
|
|t:|1758943703
|switch|p1a: Torkoal|Torkoal, F|43/100
|-weather|SunnyDay|[from] ability: Drought|[of] p1a: Torkoal
|turn|6
|
|t:|1758943707
|move|p2a: Excadrill|Rapid Spin|p1a: Torkoal
|-crit|p1a: Torkoal
|-damage|p1a: Torkoal|0 fnt
|-boost|p2a: Excadrill|spe|1
|faint|p1a: Torkoal
|-damage|p2a: Excadrill|71/100|[from] item: Life Orb
|
|-weather|SunnyDay|[upkeep]
|upkeep
|
|t:|1758943712
|switch|p1a: Lilligant|Lilligant-Hisui, F|100/100
|turn|7
|
|t:|1758943719
|switch|p2a: Pecharunt|Pecharunt|100/100
|-item|p2a: Pecharunt|Air Balloon
|move|p1a: Lilligant|Solar Blade||[still]
|-prepare|p1a: Lilligant|Solar Blade
|-anim|p1a: Lilligant|Solar Blade|p2a: Pecharunt
|-resisted|p2a: Pecharunt
|-damage|p2a: Pecharunt|80/100
|-enditem|p2a: Pecharunt|Air Balloon
|-damage|p1a: Lilligant|91/100|[from] item: Life Orb
|
|-weather|SunnyDay|[upkeep]
|upkeep
|turn|8
|
|t:|1758943727
|switch|p1a: Hydreigon|Hydreigon, M|100/100
|move|p2a: Pecharunt|Malignant Chain|p1a: Hydreigon
|-damage|p1a: Hydreigon|62/100
|-status|p1a: Hydreigon|tox
|-start|p1a: Hydreigon|confusion|[from] ability: Poison Puppeteer|[of] p2a: Pecharunt
|
|-weather|SunnyDay|[upkeep]
|-damage|p1a: Hydreigon|56/100 tox|[from] psn
|upkeep
|turn|9
|
|t:|1758943735
|switch|p2a: Excadrill|Excadrill, M, tera:Ground|71/100
|-activate|p1a: Hydreigon|confusion
|move|p1a: Hydreigon|Dark Pulse|p2a: Excadrill
|-damage|p2a: Excadrill|0 fnt
|faint|p2a: Excadrill
|
|-weather|SunnyDay|[upkeep]
|-damage|p1a: Hydreigon|44/100 tox|[from] psn
|upkeep
|
|t:|1758943741
|switch|p2a: Rotom|Rotom-Wash|100/100
|turn|10
|
|t:|1758943745
|-end|p1a: Hydreigon|confusion
|move|p1a: Hydreigon|Dark Pulse|p2a: Rotom
|-damage|p2a: Rotom|30/100
|move|p2a: Rotom|Hydro Pump|p1a: Hydreigon
|-resisted|p1a: Hydreigon
|-damage|p1a: Hydreigon|32/100 tox
|
|-weather|SunnyDay|[upkeep]
|-heal|p2a: Rotom|37/100|[from] item: Leftovers
|-damage|p1a: Hydreigon|14/100 tox|[from] psn
|upkeep
|turn|11
|
|t:|1758943750
|switch|p2a: Kingambit|Kingambit, M|100/100
|-activate|p2a: Kingambit|ability: Supreme Overlord
|-start|p2a: Kingambit|fallen2|[silent]
|move|p1a: Hydreigon|Dark Pulse|p2a: Kingambit
|-resisted|p2a: Kingambit
|-crit|p2a: Kingambit
|-damage|p2a: Kingambit|52/100
|
|-weather|SunnyDay|[upkeep]
|-damage|p1a: Hydreigon|0 fnt|[from] psn
|faint|p1a: Hydreigon
|upkeep
|
|t:|1758943767
|switch|p1a: Lilligant|Lilligant-Hisui, F|91/100
|turn|12
|
|t:|1758943778
|-terastallize|p1a: Lilligant|Fire
|move|p2a: Kingambit|Sucker Punch|p1a: Lilligant
|-damage|p1a: Lilligant|0 fnt
|faint|p1a: Lilligant
|
|-weather|SunnyDay|[upkeep]
|upkeep
|c|☆skratchaSNG|nice
|-message|rekcuskco forfeited.
|
|win|skratchaSNG
|raw|rekcuskco's rating: 1205 &rarr; <strong>1183</strong><br />(-22 for losing)
|raw|skratchaSNG's rating: 1250 &rarr; <strong>1272</strong><br />(+22 for winning)
|l|☆rekcuskco
|player|p1|
|l|☆skratchaSNG
|player|p2|
