|j|☆Hallpass
|j|☆AintDummy
|t:|1758980297
|gametype|singles
|player|p1|Hallpass|flannery|1195
|player|p2|AintDummy|hoopster|1174
|gen|9
|tier|[Gen 9] OU
|rated|
|rule|HP Percentage Mod: HP is shown in percentages
|rule|Endless Battle Clause: Forcing endless battles is banned
|rule|Species Clause: Limit one of each Pokémon
|rule|OHKO Clause: OHKO moves are banned
|rule|Evasion Items Clause: Evasion items are banned
|rule|Evasion Moves Clause: Evasion moves are banned
|rule|Evasion Abilities Clause: Evasion abilities are banned
|rule|Sleep Moves Clause: Sleep-inducing moves are banned
|clearpoke
|poke|p1|Clefable, M|
|poke|p1|Ting-Lu|
|poke|p1|Iron Crown|
|poke|p1|Kyurem|
|poke|p1|Great Tusk|
|poke|p1|Ceruledge, M|
|poke|p2|Lucario, M|
|poke|p2|Garchomp, M|
|poke|p2|Ribombee, M|
|poke|p2|Dragapult, M|
|poke|p2|Great Tusk|
|poke|p2|Cinderace, F|
|teampreview
|inactive|Battle timer is ON: inactive players will automatically lose when time's up. (requested by Hallpass)
|
|t:|1758980320
|teamsize|p1|6
|teamsize|p2|6
|start
|switch|p1a: Iron Crown|Iron Crown|100/100
|switch|p2a: Ribombee|Ribombee, M|100/100
|turn|1
|
|t:|1758980326
|switch|p2a: Garchomp|Garchomp, M|100/100
|move|p1a: Iron Crown|Tachyon Cutter|p2a: Garchomp
|-damage|p2a: Garchomp|78/100
|-damage|p2a: Garchomp|56/100
|-hitcount|p2a: Garchomp|2
|
|upkeep
|turn|2
|
|t:|1758980335
|-end|p1a: Iron Crown|Quark Drive|[silent]
|switch|p1a: Clefable|Clefable, M, shiny|100/100
|move|p2a: Garchomp|Stealth Rock|p1a: Clefable
|-sidestart|p1: Hallpass|move: Stealth Rock
|
|upkeep
|turn|3
|
|t:|1758980341
|switch|p2a: Cinderace|Cinderace, F|100/100
|move|p1a: Clefable|Moonblast|p2a: Cinderace
|-resisted|p2a: Cinderace
|-damage|p2a: Cinderace|57/100
|
|upkeep
|turn|4
|
|t:|1758980350
|move|p2a: Cinderace|U-turn|p1a: Clefable
|-start|p2a: Cinderace|typechange|Bug|[from] ability: Libero
|-resisted|p1a: Clefable
|-crit|p1a: Clefable
|-damage|p1a: Clefable|71/100
|
|t:|1758980355
|switch|p2a: Ribombee|Ribombee, M|100/100|[from] U-turn
|move|p1a: Clefable|Moonblast|p2a: Ribombee
|-damage|p2a: Ribombee|6/100
|
|upkeep
|turn|5
|
|t:|1758980364
|move|p2a: Ribombee|Sticky Web|p1a: Clefable
|-sidestart|p1: Hallpass|move: Sticky Web
|move|p1a: Clefable|Moonblast|p2a: Ribombee
|-damage|p2a: Ribombee|0 fnt
|faint|p2a: Ribombee
|
|upkeep
|
|t:|1758980371
|switch|p2a: dude|Lucario, M|100/100
|turn|6
|
|t:|1758980377
|switch|p1a: Ting-Lu|Ting-Lu, shiny|100/100
|-damage|p1a: Ting-Lu|94/100|[from] Stealth Rock
|-activate|p1a: Ting-Lu|move: Sticky Web
|-unboost|p1a: Ting-Lu|spe|1
|-ability|p1a: Ting-Lu|Vessel of Ruin
|move|p2a: dude|Nasty Plot|p2a: dude
|-boost|p2a: dude|spa|2
|
|upkeep
|turn|7
|
|t:|1758980386
|-terastallize|p2a: dude|Fighting
|move|p2a: dude|Aura Sphere|p1a: Ting-Lu
|-supereffective|p1a: Ting-Lu
|-damage|p1a: Ting-Lu|0 fnt
|faint|p1a: Ting-Lu
|
|upkeep
|
|t:|1758980392
|switch|p1a: Great Tusk|Great Tusk|100/100
|turn|8
|
|t:|1758980396
|move|p2a: dude|Aura Sphere|p1a: Great Tusk
|-damage|p1a: Great Tusk|0 fnt
|faint|p1a: Great Tusk
|-end|p1a: Great Tusk|Protosynthesis|[silent]
|
|upkeep
|
|t:|1758980405
|switch|p1a: Clefable|Clefable, M, shiny|71/100
|-activate|p1a: Clefable|move: Sticky Web
|-unboost|p1a: Clefable|spe|1
|turn|9
|
|t:|1758980414
|move|p2a: dude|Flash Cannon|p1a: Clefable
|-supereffective|p1a: Clefable
|-damage|p1a: Clefable|0 fnt
|faint|p1a: Clefable
|
|upkeep
|
|t:|1758980419
|switch|p1a: Iron Crown|Iron Crown|100/100
|-damage|p1a: Iron Crown|94/100|[from] Stealth Rock
|-activate|p1a: Iron Crown|move: Sticky Web
|-unboost|p1a: Iron Crown|spe|1
|turn|10
|
|t:|1758980423
|move|p2a: dude|Aura Sphere|p1a: Iron Crown
|-damage|p1a: Iron Crown|33/100
|move|p1a: Iron Crown|Psychic|p2a: dude
|-supereffective|p2a: dude
|-damage|p2a: dude|0 fnt
|faint|p2a: dude
|
|upkeep
|
|t:|1758980429
|switch|p2a: Cinderace|Cinderace, F|57/100
|turn|11
|
|t:|1758980433
|move|p2a: Cinderace|Pyro Ball|p1a: Iron Crown
|-supereffective|p1a: Iron Crown
|-damage|p1a: Iron Crown|0 fnt
|faint|p1a: Iron Crown
|-end|p1a: Iron Crown|Quark Drive|[silent]
|
|upkeep
|
|t:|1758980443
|switch|p1a: Kyurem|Kyurem|100/100
|-damage|p1a: Kyurem|76/100|[from] Stealth Rock
|-activate|p1a: Kyurem|move: Sticky Web
|-unboost|p1a: Kyurem|spe|1
|-ability|p1a: Kyurem|Pressure
|turn|12
|
|t:|1758980447
|-terastallize|p1a: Kyurem|Electric
|move|p2a: Cinderace|High Jump Kick|p1a: Kyurem
|-start|p2a: Cinderace|typechange|Fighting|[from] ability: Libero
|-damage|p1a: Kyurem|23/100
|move|p1a: Kyurem|Dragon Dance|p1a: Kyurem
|-boost|p1a: Kyurem|atk|1
|-boost|p1a: Kyurem|spe|1
|
|upkeep
|turn|13
|
|t:|1758980457
|move|p2a: Cinderace|Pyro Ball|p1a: Kyurem
|-damage|p1a: Kyurem|0 fnt
|faint|p1a: Kyurem
|
|upkeep
|
|t:|1758980459
|switch|p1a: Ceruledge|Ceruledge, M|100/100
|-damage|p1a: Ceruledge|76/100|[from] Stealth Rock
|-activate|p1a: Ceruledge|move: Sticky Web
|-unboost|p1a: Ceruledge|spe|1
|turn|14
|
|t:|1758980464
|switch|p2a: Dragapult|Dragapult, M|100/100
|move|p1a: Ceruledge|Shadow Sneak|p2a: Dragapult
|-supereffective|p2a: Dragapult
|-damage|p2a: Dragapult|49/100
|
|upkeep
|turn|15
|
|t:|1758980469
|switch|p2a: Garchomp|Garchomp, M|56/100
|move|p1a: Ceruledge|Shadow Sneak|p2a: Garchomp
|-damage|p2a: Garchomp|40/100
|-damage|p1a: Ceruledge|63/100|[from] ability: Rough Skin|[of] p2a: Garchomp
|-damage|p1a: Ceruledge|47/100|[from] item: Rocky Helmet|[of] p2a: Garchomp
|
|upkeep
|turn|16
|
|t:|1758980472
|move|p2a: Garchomp|Earthquake|p1a: Ceruledge
|-supereffective|p1a: Ceruledge
|-damage|p1a: Ceruledge|0 fnt
|faint|p1a: Ceruledge
|
|win|AintDummy
|raw|Hallpass's rating: 1195 &rarr; <strong>1168</strong><br />(-27 for losing)
|raw|AintDummy's rating: 1174 &rarr; <strong>1201</strong><br />(+27 for winning)
|l|☆AintDummy
|player|p2|
|l|☆Hallpass
|player|p1|
