|j|☆zhuangmou
|j|☆bertoskyT
|t:|1758961745
|gametype|singles
|player|p1|zhuangmou|red|1512
|player|p2|bertoskyT|ethan|1549
|gen|9
|tier|[Gen 9] OU
|rated|
|rule|HP Percentage Mod: HP is shown in percentages
|rule|Endless Battle Clause: Forcing endless battles is banned
|rule|Species Clause: Limit one of each Pokémon
|rule|OHKO Clause: OHKO moves are banned
|rule|Evasion Items Clause: Evasion items are banned
|rule|Evasion Moves Clause: Evasion moves are banned
|rule|Evasion Abilities Clause: Evasion abilities are banned
|rule|Sleep Moves Clause: Sleep-inducing moves are banned
|clearpoke
|poke|p1|Darkrai|
|poke|p1|Great Tusk|
|poke|p1|Landorus-Therian, M|
|poke|p1|Dragapult, F|
|poke|p1|Heatran, F|
|poke|p1|Bronzong|
|poke|p2|Dragapult, F|
|poke|p2|Landorus-Therian, M|
|poke|p2|Ogerpon-Wellspring, F|
|poke|p2|Greninja-*, M|
|poke|p2|Slowking-Galar, F|
|poke|p2|Forretress, F|
|teampreview
|inactive|Battle timer is ON: inactive players will automatically lose when time's up. (requested by zhuangmou)
|
|t:|1758961775
|teamsize|p1|6
|teamsize|p2|6
|start
|switch|p1a: Heatran|Heatran, F|100/100
|switch|p2a: Landorus|Landorus-Therian, M|100/100
|-ability|p2a: Landorus|Intimidate|boost
|-unboost|p1a: Heatran|atk|1
|turn|1
|
|t:|1758961777
|move|p1a: Heatran|Protect|p1a: Heatran
|-singleturn|p1a: Heatran|Protect
|move|p2a: Landorus|Earth Power|p1a: Heatran
|-activate|p1a: Heatran|move: Protect
|
|upkeep
|turn|2
|
|t:|1758961790
|switch|p1a: Bronzong|Bronzong|100/100
|move|p2a: Landorus|Earth Power|p1a: Bronzong
|-immune|p1a: Bronzong|[from] ability: Levitate
|
|upkeep
|turn|3
|
|t:|1758961797
|move|p2a: Landorus|Taunt|p1a: Bronzong
|-start|p1a: Bronzong|move: Taunt
|cant|p1a: Bronzong|move: Taunt|Stealth Rock
|
|upkeep
|turn|4
|
|t:|1758961808
|switch|p1a: Landorus|Landorus-Therian, M|100/100
|-ability|p1a: Landorus|Intimidate|boost
|-unboost|p2a: Landorus|atk|1
|move|p2a: Landorus|Stealth Rock|p1a: Landorus
|-sidestart|p1: zhuangmou|move: Stealth Rock
|
|upkeep
|turn|5
|
|t:|1758961813
|move|p2a: Landorus|U-turn|p1a: Landorus
|-resisted|p1a: Landorus
|-damage|p1a: Landorus|96/100
|-damage|p2a: Landorus|84/100|[from] item: Rocky Helmet|[of] p1a: Landorus
|
|t:|1758961827
|switch|p2a: Forretress|Forretress, F|100/100|[from] U-turn
|move|p1a: Landorus|Stone Edge|p2a: Forretress
|-damage|p2a: Forretress|82/100
|
|upkeep
|turn|6
|
|t:|1758961841
|move|p1a: Landorus|U-turn|p2a: Forretress
|-resisted|p2a: Forretress
|-damage|p2a: Forretress|76/100
|-damage|p1a: Landorus|79/100|[from] item: Rocky Helmet|[of] p2a: Forretress
|
|t:|1758961851
|switch|p1a: Heatran|Heatran, F|100/100|[from] U-turn
|-damage|p1a: Heatran|88/100|[from] Stealth Rock
|move|p2a: Forretress|Spikes|p1a: Heatran
|-sidestart|p1: zhuangmou|Spikes
|
|-heal|p1a: Heatran|94/100|[from] item: Leftovers
|upkeep
|turn|7
|
|t:|1758961864
|switch|p2a: Slowking|Slowking-Galar, F|100/100
|move|p1a: Heatran|Magma Storm|p2a: Slowking|[miss]
|-miss|p1a: Heatran|p2a: Slowking
|
|-heal|p1a: Heatran|100/100|[from] item: Leftovers
|upkeep
|turn|8
|
|t:|1758961870
|move|p1a: Heatran|Magma Storm|p2a: Slowking
|-damage|p2a: Slowking|69/100
|-activate|p2a: Slowking|move: Magma Storm|[of] p1a: Heatran
|-prepare|p2a: Slowking|Chilly Reception|[premajor]
|move|p2a: Slowking|Chilly Reception|p2a: Slowking
|-weather|Snowscape
|
|t:|1758961875
|switch|p2a: Landorus|Landorus-Therian, M|84/100|[from] Chilly Reception
|-ability|p2a: Landorus|Intimidate|boost
|-unboost|p1a: Heatran|atk|1
|
|-weather|Snowscape|[upkeep]
|upkeep
|turn|9
|
|t:|1758961894
|-terastallize|p1a: Heatran|Grass
|move|p1a: Heatran|Protect|p1a: Heatran
|-singleturn|p1a: Heatran|Protect
|move|p2a: Landorus|U-turn|p1a: Heatran
|-activate|p1a: Heatran|move: Protect
|
|-weather|Snowscape|[upkeep]
|upkeep
|turn|10
|-message|zhuangmou forfeited.
|
|win|bertoskyT
|raw|zhuangmou's rating: 1512 &rarr; <strong>1494</strong><br />(-18 for losing)
|raw|bertoskyT's rating: 1549 &rarr; <strong>1567</strong><br />(+18 for winning)
|l|☆zhuangmou
|player|p1|
|l|☆bertoskyT
|player|p2|
