|j|☆p0lntless
|j|☆Pink Is My Life
|t:|1759051369
|gametype|singles
|player|p1|p0lntless|2|1334
|player|p2|Pink Is My Life|parasollady|1361
|gen|9
|tier|[Gen 9] OU
|rated|
|rule|HP Percentage Mod: HP is shown in percentages
|rule|Endless Battle Clause: Forcing endless battles is banned
|rule|Species Clause: Limit one of each Pokémon
|rule|OHKO Clause: OHKO moves are banned
|rule|Evasion Items Clause: Evasion items are banned
|rule|Evasion Moves Clause: Evasion moves are banned
|rule|Evasion Abilities Clause: Evasion abilities are banned
|rule|Sleep Moves Clause: Sleep-inducing moves are banned
|clearpoke
|poke|p1|Ambipom, F|
|poke|p1|Dondozo, M|
|poke|p1|Dragapult, F|
|poke|p1|Talonflame, F|
|poke|p1|Zoroark-Hisui, M|
|poke|p1|Goodra-Hisui, M|
|poke|p2|Alomomola, F|
|poke|p2|Tinkaton, F|
|poke|p2|Blissey, F|
|poke|p2|Heracross, F|
|poke|p2|Espeon, F|
|poke|p2|Zamazenta-*|
|teampreview
|inactive|Battle timer is ON: inactive players will automatically lose when time's up. (requested by Pink Is My Life)
|inactive|p0lntless also wants the timer to be on.
|
|t:|1759051382
|teamsize|p1|6
|teamsize|p2|6
|start
|switch|p1a: High5|Ambipom, F|100/100
|switch|p2a: Pink Hammerist|Tinkaton, F|100/100
|-item|p2a: Pink Hammerist|Air Balloon
|turn|1
|
|t:|1759051398
|switch|p1a: Talonflame|Talonflame, F|100/100
|move|p2a: Pink Hammerist|Thunder Wave|p1a: Talonflame
|-status|p1a: Talonflame|par
|
|upkeep
|turn|2
|
|t:|1759051405
|move|p2a: Pink Hammerist|Stealth Rock|p1a: Talonflame
|-sidestart|p1: p0lntless|move: Stealth Rock
|move|p1a: Talonflame|Will-O-Wisp|p2a: Pink Hammerist
|-status|p2a: Pink Hammerist|brn
|
|-damage|p2a: Pink Hammerist|94/100 brn|[from] brn
|upkeep
|turn|3
|
|t:|1759051412
|move|p2a: Pink Hammerist|Encore|p1a: Talonflame
|-start|p1a: Talonflame|Encore
|cant|p1a: Talonflame|par
|
|-damage|p2a: Pink Hammerist|88/100 brn|[from] brn
|upkeep
|turn|4
|
|t:|1759051422
|switch|p2a: Pink Fish|Alomomola, F|100/100
|switch|p1a: Sashimi|Dondozo, M|100/100
|-damage|p1a: Sashimi|88/100|[from] Stealth Rock
|
|upkeep
|turn|5
|
|t:|1759051432
|switch|p1a: Goodra|Goodra-Hisui, M|100/100
|-damage|p1a: Goodra|94/100|[from] Stealth Rock
|move|p2a: Pink Fish|Tickle|p1a: Goodra
|-unboost|p1a: Goodra|atk|1
|-unboost|p1a: Goodra|def|1
|
|-heal|p1a: Goodra|100/100|[from] item: Leftovers
|upkeep
|turn|6
|
|t:|1759051447
|move|p2a: Pink Fish|Flip Turn|p1a: Goodra
|-resisted|p1a: Goodra
|-damage|p1a: Goodra|90/100
|
|t:|1759051451
|switch|p2a: Pink Hercules|Heracross, F, shiny|100/100|[from] Flip Turn
|move|p1a: Goodra|Gyro Ball|p2a: Pink Hercules
|-damage|p2a: Pink Hercules|87/100
|
|-heal|p1a: Goodra|96/100|[from] item: Leftovers
|-status|p2a: Pink Hercules|brn|[from] item: Flame Orb
|upkeep
|turn|7
|
|t:|1759051467
|switch|p1a: Talonflame|Talonflame, F|100/100 par
|move|p2a: Pink Hercules|Knock Off|p1a: Talonflame
|-damage|p1a: Talonflame|52/100 par
|-enditem|p1a: Talonflame|Heavy-Duty Boots|[from] move: Knock Off|[of] p2a: Pink Hercules
|
|-damage|p2a: Pink Hercules|81/100 brn|[from] brn
|upkeep
|turn|8
|inactive|Pink Is My Life has 120 seconds left.
|
|t:|1759051493
|move|p2a: Pink Hercules|Tera Blast|p1a: Talonflame
|-damage|p1a: Talonflame|40/100 par
|move|p1a: Talonflame|Defog|p2a: Pink Hercules
|-unboost|p2a: Pink Hercules|evasion|1
|-sideend|p1: p0lntless|Stealth Rock|[from] move: Defog|[of] p1a: Talonflame
|
|-damage|p2a: Pink Hercules|75/100 brn|[from] brn
|upkeep
|turn|9
|inactive|Pink Is My Life has 120 seconds left.
|
|t:|1759051506
|move|p2a: Pink Hercules|Close Combat|p1a: Talonflame
|-resisted|p1a: Talonflame
|-crit|p1a: Talonflame
|-damage|p1a: Talonflame|0 fnt
|-unboost|p2a: Pink Hercules|def|1
|-unboost|p2a: Pink Hercules|spd|1
|faint|p1a: Talonflame
|
|-damage|p2a: Pink Hercules|69/100 brn|[from] brn
|upkeep
|
|t:|1759051521
|switch|p1a: High5|Ambipom, F|100/100
|turn|10
|
|t:|1759051529
|switch|p2a: Pink Hammerist|Tinkaton, F|88/100 brn
|-item|p2a: Pink Hammerist|Air Balloon
|move|p1a: High5|Bitter Malice|p2a: Pink Hammerist
|-damage|p2a: Pink Hammerist|49/100 brn
|-unboost|p2a: Pink Hammerist|atk|1
|-enditem|p2a: Pink Hammerist|Air Balloon
|
|-damage|p2a: Pink Hammerist|43/100 brn|[from] brn
|upkeep
|turn|11
|
|t:|1759051541
|move|p1a: High5|Bitter Malice|p2a: Pink Hammerist
|-damage|p2a: Pink Hammerist|6/100 brn
|-unboost|p2a: Pink Hammerist|atk|1
|move|p2a: Pink Hammerist|Thunder Wave|p1a: High5
|-status|p1a: High5|par
|
|-damage|p2a: Pink Hammerist|0 fnt|[from] brn
|faint|p2a: Pink Hammerist
|upkeep
|
|t:|1759051551
|switch|p2a: Pink Egg|Blissey, F|100/100
|turn|12
|
|t:|1759051557
|switch|p1a: Sashimi|Dondozo, M|88/100
|move|p2a: Pink Egg|Ice Beam|p1a: Sashimi
|-resisted|p1a: Sashimi
|-damage|p1a: Sashimi|71/100
|
|upkeep
|turn|13
|
|t:|1759051564
|switch|p2a: Pink Fish|Alomomola, F|100/100
|move|p1a: Sashimi|Body Press|p2a: Pink Fish
|-damage|p2a: Pink Fish|84/100
|-damage|p1a: Sashimi|54/100|[from] item: Rocky Helmet|[of] p2a: Pink Fish
|
|upkeep
|turn|14
|
|t:|1759051574
|switch|p1a: High5|Ambipom, F|100/100 par
|move|p2a: Pink Fish|Wish|p2a: Pink Fish
|
|upkeep
|turn|15
|
|t:|1759051582
|switch|p2a: Pink Egg|Blissey, F|100/100
|move|p1a: High5|Trick|p2a: Pink Egg
|-activate|p1a: High5|move: Trick|[of] p2a: Pink Egg
|-item|p2a: Pink Egg|Choice Specs|[from] move: Trick
|-item|p1a: High5|Choice Specs|[from] move: Trick
|
|upkeep
|turn|16
|
|t:|1759051600
|move|p1a: High5|Hyper Voice|p2a: Pink Egg
|-damage|p2a: Pink Egg|76/100
|move|p2a: Pink Egg|Hyper Voice|p1a: High5
|-immune|p1a: High5
|
|upkeep
|turn|17
|
|t:|1759051611
|-terastallize|p2a: Pink Egg|Ghost
|move|p1a: High5|Hyper Voice|p2a: Pink Egg
|-immune|p2a: Pink Egg
|move|p2a: Pink Egg|Hyper Voice|p1a: High5
|-immune|p1a: High5
|
|upkeep
|turn|18
|
|t:|1759051620
|switch|p1a: High5|Ambipom, F|100/100
|move|p2a: Pink Egg|Hyper Voice|p1a: High5
|-damage|p1a: High5|19/100
|
|upkeep
|turn|19
|
|t:|1759051628
|switch|p2a: Pink Fish|Alomomola, F|100/100
|move|p1a: High5|Knock Off|p2a: Pink Fish
|-damage|p2a: Pink Fish|82/100
|-damage|p1a: High5|3/100|[from] item: Rocky Helmet|[of] p2a: Pink Fish
|-enditem|p2a: Pink Fish|Rocky Helmet|[from] move: Knock Off|[of] p1a: High5
|
|upkeep
|turn|20
|
|t:|1759051638
|move|p1a: High5|U-turn|p2a: Pink Fish
|-damage|p2a: Pink Fish|69/100
|
|t:|1759051641
|switch|p1a: High5|Ambipom, F|100/100 par|[from] U-turn
|move|p2a: Pink Fish|Wish|p2a: Pink Fish
|
|upkeep
|turn|21
|
|t:|1759051651
|move|p1a: High5|Bitter Malice|p2a: Pink Fish
|-damage|p2a: Pink Fish|20/100
|-unboost|p2a: Pink Fish|atk|1
|move|p2a: Pink Fish|Flip Turn|p1a: High5
|-damage|p1a: High5|81/100 par
|replace|p1a: Zoroark|Zoroark-Hisui, M
|-end|p1a: Zoroark|Illusion
|
|t:|1759051663
|switch|p2a: Pink Hercules|Heracross, F, shiny|69/100 brn|[from] Flip Turn
|
|-heal|p2a: Pink Hercules|100/100 brn|[from] move: Wish|[wisher] Pink Fish
|-damage|p2a: Pink Hercules|94/100 brn|[from] brn
|upkeep
|turn|22
|
|t:|1759051670
|move|p2a: Pink Hercules|Knock Off|p1a: Zoroark
|-supereffective|p1a: Zoroark
|-damage|p1a: Zoroark|0 fnt
|-enditem|p1a: Zoroark|Choice Specs|[from] move: Knock Off|[of] p2a: Pink Hercules
|faint|p1a: Zoroark
|
|-damage|p2a: Pink Hercules|88/100 brn|[from] brn
|upkeep
|
|t:|1759051675
|switch|p1a: Sashimi|Dondozo, M|54/100
|turn|23
|
|t:|1759051681
|switch|p2a: Pink Fish|Alomomola, F|53/100
|move|p1a: Sashimi|Rest|p1a: Sashimi
|-status|p1a: Sashimi|slp|[from] move: Rest
|-heal|p1a: Sashimi|100/100 slp|[silent]
|
|upkeep
|turn|24
|
|t:|1759051691
|switch|p1a: Goodra|Goodra-Hisui, M|96/100
|move|p2a: Pink Fish|Tickle|p1a: Goodra
|-unboost|p1a: Goodra|atk|1
|-unboost|p1a: Goodra|def|1
|
|-heal|p1a: Goodra|100/100|[from] item: Leftovers
|upkeep
|turn|25
|
|t:|1759051699
|move|p2a: Pink Fish|Flip Turn|p1a: Goodra
|-resisted|p1a: Goodra
|-damage|p1a: Goodra|90/100
|
|t:|1759051709
|switch|p2a: Pink Hercules|Heracross, F, shiny|88/100 brn|[from] Flip Turn
|move|p1a: Goodra|Draco Meteor|p2a: Pink Hercules
|-damage|p2a: Pink Hercules|38/100 brn
|-unboost|p1a: Goodra|spa|2
|
|-heal|p1a: Goodra|96/100|[from] item: Leftovers
|-damage|p2a: Pink Hercules|32/100 brn|[from] brn
|upkeep
|turn|26
|
|t:|1759051719
|switch|p1a: Sashimi|Dondozo, M|100/100 slp
|move|p2a: Pink Hercules|Knock Off|p1a: Sashimi
|-damage|p1a: Sashimi|75/100 slp
|-damage|p2a: Pink Hercules|15/100 brn|[from] item: Rocky Helmet|[of] p1a: Sashimi
|-enditem|p1a: Sashimi|Rocky Helmet|[from] move: Knock Off|[of] p2a: Pink Hercules
|
|-damage|p2a: Pink Hercules|9/100 brn|[from] brn
|upkeep
|turn|27
|
|t:|1759051730
|move|p2a: Pink Hercules|Close Combat|p1a: Sashimi
|-damage|p1a: Sashimi|29/100 slp
|-unboost|p2a: Pink Hercules|def|1
|-unboost|p2a: Pink Hercules|spd|1
|cant|p1a: Sashimi|slp
|move|p1a: Sashimi|Sleep Talk|p1a: Sashimi
|move|p1a: Sashimi|Body Press|p2a: Pink Hercules|[from] move: Sleep Talk
|-resisted|p2a: Pink Hercules
|-damage|p2a: Pink Hercules|0 fnt
|faint|p2a: Pink Hercules
|
|upkeep
|
|t:|1759051744
|switch|p2a: Pink Egg|Blissey, F, tera:Ghost|76/100
|turn|28
|
|t:|1759051750
|switch|p1a: Goodra|Goodra-Hisui, M|96/100
|move|p2a: Pink Egg|Shadow Ball|p1a: Goodra
|-crit|p1a: Goodra
|-damage|p1a: Goodra|58/100
|
|-heal|p1a: Goodra|64/100|[from] item: Leftovers
|upkeep
|turn|29
|
|t:|1759051761
|switch|p2a: Pink Fish|Alomomola, F|86/100
|move|p1a: Goodra|Gyro Ball|p2a: Pink Fish
|-resisted|p2a: Pink Fish
|-damage|p2a: Pink Fish|82/100
|
|-heal|p1a: Goodra|70/100|[from] item: Leftovers
|upkeep
|turn|30
|
|t:|1759051768
|move|p1a: Goodra|Protect|p1a: Goodra
|-singleturn|p1a: Goodra|Protect
|move|p2a: Pink Fish|Wish|p2a: Pink Fish
|
|-heal|p1a: Goodra|76/100|[from] item: Leftovers
|upkeep
|turn|31
|
|t:|1759051776
|switch|p1a: Sashimi|Dondozo, M|29/100 slp
|move|p2a: Pink Fish|Flip Turn|p1a: Sashimi
|-resisted|p1a: Sashimi
|-damage|p1a: Sashimi|26/100 slp
|
|t:|1759051782
|switch|p2a: Pink Egg|Blissey, F, tera:Ghost|76/100|[from] Flip Turn
|
|-heal|p2a: Pink Egg|100/100|[from] move: Wish|[wisher] Pink Fish
|upkeep
|turn|32
|
|t:|1759051788
|move|p2a: Pink Egg|Shadow Ball|p1a: Sashimi
|-damage|p1a: Sashimi|0 fnt
|faint|p1a: Sashimi
|
|upkeep
|
|t:|1759051792
|switch|p1a: High5|Ambipom, F|3/100
|turn|33
|
|t:|1759051798
|switch|p2a: Pink Fish|Alomomola, F|100/100
|move|p1a: High5|Knock Off|p2a: Pink Fish
|-damage|p2a: Pink Fish|90/100
|
|upkeep
|turn|34
|
|t:|1759051804
|move|p1a: High5|U-turn|p2a: Pink Fish
|-damage|p2a: Pink Fish|77/100
|
|t:|1759051807
|switch|p1a: Dragapult|Dragapult, F|100/100|[from] U-turn
|move|p2a: Pink Fish|Flip Turn|p1a: Dragapult
|-resisted|p1a: Dragapult
|-damage|p1a: Dragapult|89/100
|
|t:|1759051814
|switch|p2a: Pink Egg|Blissey, F, tera:Ghost|100/100|[from] Flip Turn
|
|upkeep
|turn|35
|
|t:|1759051821
|move|p1a: Dragapult|U-turn|p2a: Pink Egg
|-resisted|p2a: Pink Egg
|-damage|p2a: Pink Egg|76/100
|
|t:|1759051824
|switch|p1a: High5|Ambipom, F|3/100|[from] U-turn
|move|p2a: Pink Egg|Ice Beam|p1a: High5
|-damage|p1a: High5|0 fnt
|faint|p1a: High5
|
|upkeep
|
|t:|1759051830
|switch|p1a: Goodra|Goodra-Hisui, M|76/100
|turn|36
|
|t:|1759051836
|move|p2a: Pink Egg|Ice Beam|p1a: Goodra
|-damage|p1a: Goodra|58/100
|move|p1a: Goodra|Gyro Ball|p2a: Pink Egg
|-damage|p2a: Pink Egg|53/100
|
|-heal|p1a: Goodra|64/100|[from] item: Leftovers
|upkeep
|turn|37
|
|t:|1759051843
|move|p1a: Goodra|Protect|p1a: Goodra
|-singleturn|p1a: Goodra|Protect
|move|p2a: Pink Egg|Ice Beam|p1a: Goodra
|-activate|p1a: Goodra|move: Protect
|
|-heal|p1a: Goodra|70/100|[from] item: Leftovers
|upkeep
|turn|38
|
|t:|1759051852
|switch|p2a: Pink Fish|Alomomola, F|100/100
|move|p1a: Goodra|Gyro Ball|p2a: Pink Fish
|-resisted|p2a: Pink Fish
|-damage|p2a: Pink Fish|97/100
|
|-heal|p1a: Goodra|76/100|[from] item: Leftovers
|upkeep
|turn|39
|
|t:|1759051862
|move|p1a: Goodra|Protect|p1a: Goodra
|-singleturn|p1a: Goodra|Protect
|move|p2a: Pink Fish|Wish|p2a: Pink Fish
|
|-heal|p1a: Goodra|82/100|[from] item: Leftovers
|upkeep
|turn|40
|
|t:|1759051869
|move|p2a: Pink Fish|Flip Turn|p1a: Goodra
|-resisted|p1a: Goodra
|-damage|p1a: Goodra|75/100
|
|t:|1759051873
|switch|p2a: Pink Egg|Blissey, F, tera:Ghost|53/100|[from] Flip Turn
|move|p1a: Goodra|Hydro Pump|p2a: Pink Egg
|-damage|p2a: Pink Egg|44/100
|
|-heal|p2a: Pink Egg|77/100|[from] move: Wish|[wisher] Pink Fish
|-heal|p1a: Goodra|82/100|[from] item: Leftovers
|upkeep
|turn|41
|
|t:|1759051882
|move|p2a: Pink Egg|Shadow Ball|p1a: Goodra
|-damage|p1a: Goodra|58/100
|move|p1a: Goodra|Gyro Ball|p2a: Pink Egg
|-damage|p2a: Pink Egg|56/100
|
|-heal|p1a: Goodra|64/100|[from] item: Leftovers
|upkeep
|turn|42
|
|t:|1759051889
|move|p1a: Goodra|Protect|p1a: Goodra
|-singleturn|p1a: Goodra|Protect
|move|p2a: Pink Egg|Shadow Ball|p1a: Goodra
|-activate|p1a: Goodra|move: Protect
|
|-heal|p1a: Goodra|70/100|[from] item: Leftovers
|upkeep
|turn|43
|
|t:|1759051898
|move|p2a: Pink Egg|Shadow Ball|p1a: Goodra
|-damage|p1a: Goodra|44/100
|-unboost|p1a: Goodra|spd|1
|move|p1a: Goodra|Gyro Ball|p2a: Pink Egg
|-damage|p2a: Pink Egg|33/100
|
|-heal|p1a: Goodra|50/100|[from] item: Leftovers
|upkeep
|turn|44
|
|t:|1759051908
|move|p1a: Goodra|Protect|p1a: Goodra
|-singleturn|p1a: Goodra|Protect
|move|p2a: Pink Egg|Shadow Ball|p1a: Goodra
|-activate|p1a: Goodra|move: Protect
|
|-heal|p1a: Goodra|56/100|[from] item: Leftovers
|upkeep
|turn|45
|
|t:|1759051922
|move|p2a: Pink Egg|Shadow Ball|p1a: Goodra
|-damage|p1a: Goodra|19/100
|move|p1a: Goodra|Draco Meteor|p2a: Pink Egg
|-damage|p2a: Pink Egg|15/100
|-unboost|p1a: Goodra|spa|2
|
|-heal|p1a: Goodra|25/100|[from] item: Leftovers
|upkeep
|turn|46
|
|t:|1759051938
|move|p2a: Pink Egg|Shadow Ball|p1a: Goodra
|-damage|p1a: Goodra|0 fnt
|faint|p1a: Goodra
|
|upkeep
|
|t:|1759051941
|switch|p1a: Dragapult|Dragapult, F|89/100
|turn|47
|
|t:|1759051947
|switch|p2a: Pink Fish|Alomomola, F|100/100
|move|p1a: Dragapult|Dragon Darts|p2a: Pink Fish
|-damage|p2a: Pink Fish|84/100
|-anim|p1a: Dragapult|Dragon Darts|p2a: Pink Fish
|-damage|p2a: Pink Fish|67/100
|
|upkeep
|turn|48
|
|t:|1759051956
|move|p1a: Dragapult|Dragon Dance|p1a: Dragapult
|-boost|p1a: Dragapult|atk|1
|-boost|p1a: Dragapult|spe|1
|move|p2a: Pink Fish|Wish|p2a: Pink Fish
|
|upkeep
|turn|49
|
|t:|1759051961
|move|p1a: Dragapult|Dragon Dance|p1a: Dragapult
|-boost|p1a: Dragapult|atk|1
|-boost|p1a: Dragapult|spe|1
|move|p2a: Pink Fish|Flip Turn|p1a: Dragapult
|-resisted|p1a: Dragapult
|-damage|p1a: Dragapult|78/100
|
|t:|1759051967
|switch|p2a: Pink Dog|Zamazenta, shiny|100/100|[from] Flip Turn
|-ability|p2a: Pink Dog|Dauntless Shield|boost
|-boost|p2a: Pink Dog|def|1
|
|upkeep
|turn|50
|
|t:|1759051973
|-terastallize|p1a: Dragapult|Ghost
|move|p1a: Dragapult|Dragon Darts|p2a: Pink Dog
|-damage|p2a: Pink Dog|64/100
|-anim|p1a: Dragapult|Dragon Darts|p2a: Pink Dog
|-damage|p2a: Pink Dog|33/100
|move|p2a: Pink Dog|Crunch|p1a: Dragapult
|-supereffective|p1a: Dragapult
|-damage|p1a: Dragapult|0 fnt
|faint|p1a: Dragapult
|-damage|p2a: Pink Dog|23/100|[from] item: Life Orb
|
|win|Pink Is My Life
|raw|p0lntless's rating: 1334 &rarr; <strong>1316</strong><br />(-18 for losing)
|raw|Pink Is My Life's rating: 1361 &rarr; <strong>1379</strong><br />(+18 for winning)
|c|☆p0lntless|Gg
|l|☆p0lntless
|player|p1|
|c|☆Pink Is My Life|gg
|l|☆Pink Is My Life
|player|p2|
