|j|☆kantoyellow
|j|☆Mamangtopan
|t:|1758966496
|gametype|singles
|player|p1|kantoyellow|ltsurge|1123
|player|p2|Mamangtopan|workerice|1070
|gen|9
|tier|[Gen 9] OU
|rated|
|rule|HP Percentage Mod: HP is shown in percentages
|rule|Endless Battle Clause: Forcing endless battles is banned
|rule|Species Clause: Limit one of each Pokémon
|rule|OHKO Clause: OHKO moves are banned
|rule|Evasion Items Clause: Evasion items are banned
|rule|Evasion Moves Clause: Evasion moves are banned
|rule|Evasion Abilities Clause: Evasion abilities are banned
|rule|Sleep Moves Clause: Sleep-inducing moves are banned
|clearpoke
|poke|p1|Greninja-*, F|
|poke|p1|Moltres|
|poke|p1|Toxapex, M|
|poke|p1|Florges, F|
|poke|p1|Haxorus, F|
|poke|p1|Lycanroc-Dusk, F|
|poke|p2|Conkeldurr, M|
|poke|p2|Gengar, M|
|poke|p2|Clefable, F|
|poke|p2|Goodra-Hisui, F|
|poke|p2|Ogerpon-Wellspring, F|
|poke|p2|Sandaconda, M|
|teampreview
|inactive|Battle timer is ON: inactive players will automatically lose when time's up. (requested by kantoyellow)
|
|t:|1758966508
|teamsize|p1|6
|teamsize|p2|6
|start
|switch|p1a: Greninja|Greninja, F|100/100
|switch|p2a: Sandaconda|Sandaconda, M, shiny|100/100
|turn|1
|
|t:|1758966529
|switch|p2a: Goodra|Goodra-Hisui, F|100/100
|move|p1a: Greninja|Surf|p2a: Goodra
|-start|p1a: Greninja|typechange|Water|[from] ability: Protean
|-resisted|p2a: Goodra
|-damage|p2a: Goodra|92/100
|
|upkeep
|turn|2
|
|t:|1758966536
|switch|p1a: Moltres|Moltres|100/100
|move|p2a: Goodra|Draco Meteor|p1a: Moltres
|-damage|p1a: Moltres|39/100
|-unboost|p2a: Goodra|spa|2
|
|upkeep
|turn|3
|
|t:|1758966549
|switch|p2a: Sandaconda|Sandaconda, M, shiny|100/100
|move|p1a: Moltres|Roost|p1a: Moltres
|-heal|p1a: Moltres|89/100
|-singleturn|p1a: Moltres|move: Roost
|
|upkeep
|turn|4
|
|t:|1758966554
|switch|p1a: Toxapex|Toxapex, M|100/100
|move|p2a: Sandaconda|Stone Edge|p1a: Toxapex
|-crit|p1a: Toxapex
|-damage|p1a: Toxapex|77/100
|
|upkeep
|turn|5
|
|t:|1758966560
|move|p2a: Sandaconda|Earthquake|p1a: Toxapex
|-supereffective|p1a: Toxapex
|-damage|p1a: Toxapex|36/100
|move|p1a: Toxapex|Lunge|p2a: Sandaconda
|-damage|p2a: Sandaconda|91/100
|-unboost|p2a: Sandaconda|atk|1
|-damage|p1a: Toxapex|19/100|[from] item: Rocky Helmet|[of] p2a: Sandaconda
|
|upkeep
|turn|6
|
|t:|1758966568
|switch|p1a: Greninja|Greninja, F|100/100
|move|p2a: Sandaconda|Stone Edge|p1a: Greninja
|-damage|p1a: Greninja|74/100
|
|upkeep
|turn|7
|
|t:|1758966577
|switch|p2a: Goodra|Goodra-Hisui, F|92/100
|move|p1a: Greninja|U-turn|p2a: Goodra
|-start|p1a: Greninja|typechange|Bug|[from] ability: Protean
|-resisted|p2a: Goodra
|-damage|p2a: Goodra|83/100
|-ability|p2a: Goodra|Gooey
|-unboost|p1a: Greninja|spe|1
|
|t:|1758966586
|switch|p1a: Haxorus|Haxorus, F|100/100|[from] U-turn
|-ability|p1a: Haxorus|Mold Breaker
|
|upkeep
|turn|8
|
|t:|1758966607
|-terastallize|p2a: Goodra|Steel
|move|p1a: Haxorus|Dragon Dance|p1a: Haxorus
|-boost|p1a: Haxorus|atk|1
|-boost|p1a: Haxorus|spe|1
|move|p2a: Goodra|Draco Meteor|p1a: Haxorus
|-supereffective|p1a: Haxorus
|-damage|p1a: Haxorus|0 fnt
|-unboost|p2a: Goodra|spa|2
|faint|p1a: Haxorus
|
|upkeep
|
|t:|1758966614
|switch|p1a: Lycanroc|Lycanroc-Dusk, F|100/100
|turn|9
|
|t:|1758966622
|-terastallize|p1a: Lycanroc|Steel
|move|p1a: Lycanroc|Swords Dance|p1a: Lycanroc
|-boost|p1a: Lycanroc|atk|2
|move|p2a: Goodra|Earthquake|p1a: Lycanroc
|-supereffective|p1a: Lycanroc
|-damage|p1a: Lycanroc|24/100
|
|upkeep
|turn|10
|
|t:|1758966631
|move|p1a: Lycanroc|Close Combat|p2a: Goodra
|-supereffective|p2a: Goodra
|-damage|p2a: Goodra|0 fnt
|-unboost|p1a: Lycanroc|def|1
|-unboost|p1a: Lycanroc|spd|1
|-ability|p2a: Goodra|Gooey
|-unboost|p1a: Lycanroc|spe|1
|faint|p2a: Goodra
|-damage|p1a: Lycanroc|14/100|[from] item: Life Orb
|
|upkeep
|
|t:|1758966637
|switch|p2a: Gengar|Gengar, M|100/100
|turn|11
|
|t:|1758966641
|move|p1a: Lycanroc|Accelerock|p2a: Gengar
|-damage|p2a: Gengar|0 fnt
|-start|p1a: Lycanroc|Disable|Accelerock|[from] ability: Cursed Body|[of] p2a: Gengar
|faint|p2a: Gengar
|-damage|p1a: Lycanroc|4/100|[from] item: Life Orb
|
|upkeep
|
|t:|1758966646
|switch|p2a: Clefable|Clefable, F|100/100
|turn|12
|
|t:|1758966650
|move|p2a: Clefable|Protect|p2a: Clefable
|-singleturn|p2a: Clefable|Protect
|move|p1a: Lycanroc|Psychic Fangs|p2a: Clefable
|-activate|p2a: Clefable|move: Protect
|
|upkeep
|turn|13
|
|t:|1758966657
|move|p1a: Lycanroc|Psychic Fangs|p2a: Clefable
|-damage|p2a: Clefable|32/100
|-damage|p1a: Lycanroc|0 fnt|[from] item: Rocky Helmet|[of] p2a: Clefable
|faint|p1a: Lycanroc
|move|p2a: Clefable|Wish|p2a: Clefable
|
|upkeep
|
|t:|1758966666
|switch|p1a: Florges|Florges, F|100/100
|turn|14
|
|t:|1758966677
|move|p2a: Clefable|Protect|p2a: Clefable
|-singleturn|p2a: Clefable|Protect
|move|p1a: Florges|Calm Mind|p1a: Florges
|-boost|p1a: Florges|spa|1
|-boost|p1a: Florges|spd|1
|
|-heal|p2a: Clefable|82/100|[from] move: Wish|[wisher] Clefable
|upkeep
|turn|15
|
|t:|1758966682
|move|p1a: Florges|Moonblast|p2a: Clefable
|-damage|p2a: Clefable|32/100
|move|p2a: Clefable|Moonblast|p1a: Florges
|-damage|p1a: Florges|90/100
|
|upkeep
|turn|16
|
|t:|1758966692
|move|p1a: Florges|Moonblast|p2a: Clefable
|-damage|p2a: Clefable|0 fnt
|faint|p2a: Clefable
|
|upkeep
|
|t:|1758966700
|switch|p2a: Ogerpon|Ogerpon-Wellspring, F|100/100
|turn|17
|
|t:|1758966703
|switch|p1a: Toxapex|Toxapex, M|53/100
|move|p2a: Ogerpon|Knock Off|p1a: Toxapex
|-damage|p1a: Toxapex|29/100
|-damage|p2a: Ogerpon|84/100|[from] item: Rocky Helmet|[of] p1a: Toxapex
|-enditem|p1a: Toxapex|Rocky Helmet|[from] move: Knock Off|[of] p2a: Ogerpon
|
|upkeep
|turn|18
|
|t:|1758966714
|switch|p1a: Moltres|Moltres|89/100
|move|p2a: Ogerpon|U-turn|p1a: Moltres
|-resisted|p1a: Moltres
|-damage|p1a: Moltres|83/100
|-status|p2a: Ogerpon|brn|[from] ability: Flame Body|[of] p1a: Moltres
|
|t:|1758966720
|switch|p2a: Sandaconda|Sandaconda, M, shiny|91/100|[from] U-turn
|
|upkeep
|turn|19
|
|t:|1758966724
|move|p1a: Moltres|Will-O-Wisp|p2a: Sandaconda
|-status|p2a: Sandaconda|brn
|move|p2a: Sandaconda|Stone Edge|p1a: Moltres
|-supereffective|p1a: Moltres
|-damage|p1a: Moltres|46/100
|
|-activate|p2a: Sandaconda|ability: Shed Skin
|-curestatus|p2a: Sandaconda|brn|[msg]
|upkeep
|turn|20
|
|t:|1758966734
|switch|p1a: Toxapex|Toxapex, M|63/100
|move|p2a: Sandaconda|Stone Edge|p1a: Toxapex|[miss]
|-miss|p2a: Sandaconda|p1a: Toxapex
|
|upkeep
|turn|21
|
|t:|1758966739
|move|p2a: Sandaconda|Earthquake|p1a: Toxapex
|-supereffective|p1a: Toxapex
|-damage|p1a: Toxapex|19/100
|move|p1a: Toxapex|Lunge|p2a: Sandaconda
|-damage|p2a: Sandaconda|83/100
|-unboost|p2a: Sandaconda|atk|1
|-damage|p1a: Toxapex|2/100|[from] item: Rocky Helmet|[of] p2a: Sandaconda
|
|upkeep
|turn|22
|
|t:|1758966748
|switch|p1a: Moltres|Moltres|46/100
|move|p2a: Sandaconda|Stone Edge|p1a: Moltres
|-supereffective|p1a: Moltres
|-damage|p1a: Moltres|0 fnt
|faint|p1a: Moltres
|
|upkeep
|
|t:|1758966753
|switch|p1a: Greninja|Greninja, F|74/100
|turn|23
|
|t:|1758966765
|switch|p2a: Ogerpon|Ogerpon-Wellspring, F|84/100 brn
|move|p1a: Greninja|U-turn|p2a: Ogerpon
|-start|p1a: Greninja|typechange|Bug|[from] ability: Protean
|-supereffective|p2a: Ogerpon
|-damage|p2a: Ogerpon|27/100 brn
|
|t:|1758966771
|switch|p1a: Toxapex|Toxapex, M|36/100|[from] U-turn
|
|-damage|p2a: Ogerpon|21/100 brn|[from] brn
|upkeep
|turn|24
|
|t:|1758966793
|move|p2a: Ogerpon|Ivy Cudgel|p1a: Toxapex|[anim] Ivy Cudgel Water
|-resisted|p1a: Toxapex
|-damage|p1a: Toxapex|27/100
|move|p1a: Toxapex|Lunge|p2a: Ogerpon
|-supereffective|p2a: Ogerpon
|-damage|p2a: Ogerpon|0 fnt
|faint|p2a: Ogerpon
|
|upkeep
|
|t:|1758966797
|switch|p2a: Conkeldurr|Conkeldurr, M|100/100
|turn|25
|
|t:|1758966801
|switch|p1a: Florges|Florges, F|90/100
|move|p2a: Conkeldurr|Mach Punch|p1a: Florges
|-resisted|p1a: Florges
|-damage|p1a: Florges|77/100
|
|upkeep
|turn|26
|
|t:|1758966814
|move|p1a: Florges|Moonblast|p2a: Conkeldurr
|-supereffective|p2a: Conkeldurr
|-crit|p2a: Conkeldurr
|-damage|p2a: Conkeldurr|13/100
|move|p2a: Conkeldurr|Ice Punch|p1a: Florges
|-damage|p1a: Florges|42/100
|-status|p1a: Florges|frz
|
|-heal|p2a: Conkeldurr|19/100|[from] item: Leftovers
|upkeep
|turn|27
|
|t:|1758966821
|switch|p1a: Toxapex|Toxapex, M|60/100
|move|p2a: Conkeldurr|Mach Punch|p1a: Toxapex
|-resisted|p1a: Toxapex
|-damage|p1a: Toxapex|54/100
|
|-heal|p2a: Conkeldurr|25/100|[from] item: Leftovers
|upkeep
|turn|28
|
|t:|1758966828
|move|p2a: Conkeldurr|Drain Punch|p1a: Toxapex
|-resisted|p1a: Toxapex
|-damage|p1a: Toxapex|42/100
|-heal|p2a: Conkeldurr|30/100|[from] drain|[of] p1a: Toxapex
|move|p1a: Toxapex|Lunge|p2a: Conkeldurr
|-resisted|p2a: Conkeldurr
|-damage|p2a: Conkeldurr|25/100
|-unboost|p2a: Conkeldurr|atk|1
|
|-heal|p2a: Conkeldurr|31/100|[from] item: Leftovers
|upkeep
|turn|29
|
|t:|1758966835
|move|p2a: Conkeldurr|Ice Punch|p1a: Toxapex
|-resisted|p1a: Toxapex
|-damage|p1a: Toxapex|36/100
|move|p1a: Toxapex|Lunge|p2a: Conkeldurr
|-resisted|p2a: Conkeldurr
|-damage|p2a: Conkeldurr|26/100
|-unboost|p2a: Conkeldurr|atk|1
|
|-heal|p2a: Conkeldurr|32/100|[from] item: Leftovers
|upkeep
|turn|30
|
|t:|1758966842
|move|p2a: Conkeldurr|Drain Punch|p1a: Toxapex
|-resisted|p1a: Toxapex
|-damage|p1a: Toxapex|31/100
|-heal|p2a: Conkeldurr|34/100|[from] drain|[of] p1a: Toxapex
|move|p1a: Toxapex|Toxic|p2a: Conkeldurr
|-status|p2a: Conkeldurr|tox
|
|-heal|p2a: Conkeldurr|40/100 tox|[from] item: Leftovers
|-damage|p2a: Conkeldurr|34/100 tox|[from] psn
|upkeep
|turn|31
|
|t:|1758966846
|move|p2a: Conkeldurr|Drain Punch|p1a: Toxapex
|-resisted|p1a: Toxapex
|-damage|p1a: Toxapex|23/100
|-heal|p2a: Conkeldurr|37/100 tox|[from] drain|[of] p1a: Toxapex
|move|p1a: Toxapex|Recover|p1a: Toxapex
|-heal|p1a: Toxapex|73/100
|
|-heal|p2a: Conkeldurr|43/100 tox|[from] item: Leftovers
|-damage|p2a: Conkeldurr|31/100 tox|[from] psn
|upkeep
|turn|32
|
|t:|1758966856
|move|p2a: Conkeldurr|Drain Punch|p1a: Toxapex
|-resisted|p1a: Toxapex
|-damage|p1a: Toxapex|64/100
|-heal|p2a: Conkeldurr|34/100 tox|[from] drain|[of] p1a: Toxapex
|move|p1a: Toxapex|Lunge|p2a: Conkeldurr
|-resisted|p2a: Conkeldurr
|-damage|p2a: Conkeldurr|28/100 tox
|-unboost|p2a: Conkeldurr|atk|1
|
|-heal|p2a: Conkeldurr|34/100 tox|[from] item: Leftovers
|-damage|p2a: Conkeldurr|16/100 tox|[from] psn
|upkeep
|turn|33
|
|t:|1758966861
|move|p2a: Conkeldurr|Drain Punch|p1a: Toxapex
|-resisted|p1a: Toxapex
|-damage|p1a: Toxapex|57/100
|-heal|p2a: Conkeldurr|19/100 tox|[from] drain|[of] p1a: Toxapex
|move|p1a: Toxapex|Lunge|p2a: Conkeldurr
|-resisted|p2a: Conkeldurr
|-damage|p2a: Conkeldurr|13/100 tox
|-unboost|p2a: Conkeldurr|atk|1
|
|-heal|p2a: Conkeldurr|19/100 tox|[from] item: Leftovers
|-damage|p2a: Conkeldurr|0 fnt|[from] psn
|faint|p2a: Conkeldurr
|upkeep
|
|t:|1758966869
|switch|p2a: Sandaconda|Sandaconda, M, shiny|83/100
|turn|34
|
|t:|1758966873
|switch|p1a: Florges|Florges, F|42/100 frz
|move|p2a: Sandaconda|Earthquake|p1a: Florges
|-damage|p1a: Florges|0 fnt
|faint|p1a: Florges
|
|upkeep
|
|t:|1758966875
|switch|p1a: Greninja|Greninja, F|74/100
|turn|35
|
|t:|1758966881
|move|p1a: Greninja|Surf|p2a: Sandaconda
|-start|p1a: Greninja|typechange|Water|[from] ability: Protean
|-supereffective|p2a: Sandaconda
|-damage|p2a: Sandaconda|0 fnt
|faint|p2a: Sandaconda
|
|win|kantoyellow
|raw|kantoyellow's rating: 1123 &rarr; <strong>1144</strong><br />(+21 for winning)
|raw|Mamangtopan's rating: 1070 &rarr; <strong>1053</strong><br />(-17 for losing)
|l|☆Mamangtopan
|player|p2|
|l|☆kantoyellow
|player|p1|
