|j|☆SortaCloudy
|j|☆chrxn't
|t:|1759042526
|gametype|singles
|player|p1|SortaCloudy|teamrocket|1305
|player|p2|chrxn't|psychic-gen4|1236
|gen|9
|tier|[Gen 9] OU
|rated|
|rule|HP Percentage Mod: HP is shown in percentages
|rule|Endless Battle Clause: Forcing endless battles is banned
|rule|Species Clause: Limit one of each Pokémon
|rule|OHKO Clause: OHKO moves are banned
|rule|Evasion Items Clause: Evasion items are banned
|rule|Evasion Moves Clause: Evasion moves are banned
|rule|Evasion Abilities Clause: Evasion abilities are banned
|rule|Sleep Moves Clause: Sleep-inducing moves are banned
|clearpoke
|poke|p1|Dragapult, M|
|poke|p1|Ogerpon-Wellspring, F|
|poke|p1|Zamazenta-*|
|poke|p1|Clefable, M|
|poke|p1|Corviknight, F|
|poke|p1|Ting-Lu|
|poke|p2|Talonflame, F|
|poke|p2|Dragapult, M|
|poke|p2|Iron Valiant|
|poke|p2|Hawlucha, F|
|poke|p2|Golduck, F|
|poke|p2|Iron Treads|
|teampreview
|inactive|Battle timer is ON: inactive players will automatically lose when time's up. (requested by chrxn't)
|inactive|SortaCloudy also wants the timer to be on.
|
|t:|1759042540
|teamsize|p1|6
|teamsize|p2|6
|start
|switch|p1a: Ting-Lu|Ting-Lu|100/100
|switch|p2a: off brand moltres|Talonflame, F|100/100
|-ability|p1a: Ting-Lu|Vessel of Ruin
|turn|1
|
|t:|1759042546
|move|p2a: off brand moltres|U-turn|p1a: Ting-Lu
|-supereffective|p1a: Ting-Lu
|-damage|p1a: Ting-Lu|71/100
|
|t:|1759042549
|switch|p2a: very boring name|Iron Treads|100/100|[from] U-turn
|-enditem|p2a: very boring name|Booster Energy
|-activate|p2a: very boring name|ability: Quark Drive|[fromitem]
|-start|p2a: very boring name|quarkdrivespe
|move|p1a: Ting-Lu|Rock Tomb|p2a: very boring name
|-resisted|p2a: very boring name
|-damage|p2a: very boring name|97/100
|-unboost|p2a: very boring name|spe|1
|
|upkeep
|turn|2
|
|t:|1759042560
|switch|p1a: Clefable|Clefable, M|100/100
|move|p2a: very boring name|Earthquake|p1a: Clefable
|-damage|p1a: Clefable|46/100
|
|upkeep
|turn|3
|
|t:|1759042567
|move|p2a: very boring name|Rapid Spin|p1a: Clefable
|-damage|p1a: Clefable|28/100
|-boost|p2a: very boring name|spe|1
|-damage|p2a: very boring name|81/100|[from] item: Rocky Helmet|[of] p1a: Clefable
|move|p1a: Clefable|Moonlight|p1a: Clefable
|-heal|p1a: Clefable|78/100
|
|upkeep
|turn|4
|
|t:|1759042582
|switch|p1a: Corviknight|Corviknight, F|100/100
|-ability|p1a: Corviknight|Pressure
|move|p2a: very boring name|Earthquake|p1a: Corviknight
|-immune|p1a: Corviknight
|
|upkeep
|turn|5
|
|t:|1759042592
|move|p2a: very boring name|Supercell Slam|p1a: Corviknight
|-supereffective|p1a: Corviknight
|-damage|p1a: Corviknight|59/100
|-damage|p2a: very boring name|64/100|[from] item: Rocky Helmet|[of] p1a: Corviknight
|move|p1a: Corviknight|Body Press|p2a: very boring name
|-supereffective|p2a: very boring name
|-damage|p2a: very boring name|18/100
|
|upkeep
|turn|6
|
|t:|1759042620
|switch|p1a: Ting-Lu|Ting-Lu|71/100
|-ability|p1a: Ting-Lu|Vessel of Ruin
|move|p2a: very boring name|Supercell Slam|p1a: Ting-Lu
|-immune|p1a: Ting-Lu
|-damage|p2a: very boring name|0 fnt|[from] supercellslam
|faint|p2a: very boring name
|-end|p2a: very boring name|Quark Drive|[silent]
|
|upkeep
|
|t:|1759042629
|switch|p2a: Golduck|Golduck, F|100/100
|-ability|p2a: Golduck|Cloud Nine
|turn|7
|
|t:|1759042638
|switch|p1a: Ogerpon|Ogerpon-Wellspring, F|100/100
|move|p2a: Golduck|Ice Beam|p1a: Ogerpon
|-damage|p1a: Ogerpon|60/100
|
|upkeep
|turn|8
|
|t:|1759042643
|switch|p2a: Hawlucha|Hawlucha, F|100/100
|move|p1a: Ogerpon|Horn Leech|p2a: Hawlucha
|-resisted|p2a: Hawlucha
|-damage|p2a: Hawlucha|70/100
|-heal|p1a: Ogerpon|75/100|[from] drain|[of] p2a: Hawlucha
|
|upkeep
|turn|9
|
|t:|1759042652
|switch|p1a: Corviknight|Corviknight, F|59/100
|-ability|p1a: Corviknight|Pressure
|move|p2a: Hawlucha|Endure||[still]
|-fail|p2a: Hawlucha
|
|upkeep
|turn|10
|
|t:|1759042679
|move|p2a: Hawlucha|Throat Chop|p1a: Corviknight
|-damage|p1a: Corviknight|44/100
|-start|p1a: Corviknight|Throat Chop|[silent]
|-damage|p2a: Hawlucha|53/100|[from] item: Rocky Helmet|[of] p1a: Corviknight
|move|p1a: Corviknight|Body Press|p2a: Hawlucha
|-resisted|p2a: Hawlucha
|-damage|p2a: Hawlucha|35/100
|
|upkeep
|turn|11
|
|t:|1759042686
|move|p2a: Hawlucha|Endure|p2a: Hawlucha
|-singleturn|p2a: Hawlucha|move: Endure
|move|p1a: Corviknight|Roost|p1a: Corviknight
|-heal|p1a: Corviknight|94/100
|-singleturn|p1a: Corviknight|move: Roost
|
|-end|p1a: Corviknight|Throat Chop|[silent]
|upkeep
|turn|12
|
|t:|1759042697
|move|p2a: Hawlucha|Reversal|p1a: Corviknight
|-damage|p1a: Corviknight|71/100
|-damage|p2a: Hawlucha|18/100|[from] item: Rocky Helmet|[of] p1a: Corviknight
|-enditem|p2a: Hawlucha|Liechi Berry|[eat]
|-boost|p2a: Hawlucha|atk|1|[from] item: Liechi Berry
|move|p1a: Corviknight|Body Press|p2a: Hawlucha
|-resisted|p2a: Hawlucha
|-damage|p2a: Hawlucha|2/100
|
|upkeep
|turn|13
|
|t:|1759042712
|move|p2a: Hawlucha|Reversal|p1a: Corviknight
|-damage|p1a: Corviknight|0 fnt
|-damage|p2a: Hawlucha|0 fnt|[from] item: Rocky Helmet|[of] p1a: Corviknight
|faint|p1a: Corviknight
|faint|p2a: Hawlucha
|
|upkeep
|
|t:|1759042723
|switch|p2a: off brand moltres|Talonflame, F|100/100
|switch|p1a: Ogerpon|Ogerpon-Wellspring, F|75/100
|turn|14
|
|t:|1759042731
|switch|p1a: Ting-Lu|Ting-Lu|71/100
|-ability|p1a: Ting-Lu|Vessel of Ruin
|move|p2a: off brand moltres|U-turn|p1a: Ting-Lu
|-supereffective|p1a: Ting-Lu
|-damage|p1a: Ting-Lu|42/100
|
|t:|1759042735
|switch|p2a: Golduck|Golduck, F|100/100|[from] U-turn
|-ability|p2a: Golduck|Cloud Nine
|
|upkeep
|turn|15
|
|t:|1759042741
|switch|p1a: Clefable|Clefable, M|78/100
|move|p2a: Golduck|Ice Beam|p1a: Clefable
|-damage|p1a: Clefable|52/100
|
|upkeep
|turn|16
|
|t:|1759042757
|switch|p2a: absolute unit|Iron Valiant|100/100
|-enditem|p2a: absolute unit|Booster Energy
|-activate|p2a: absolute unit|ability: Quark Drive|[fromitem]
|-start|p2a: absolute unit|quarkdrivespe
|move|p1a: Clefable|Stealth Rock|p2a: absolute unit
|-sidestart|p2: chrxn't|move: Stealth Rock
|
|upkeep
|turn|17
|
|t:|1759042770
|-terastallize|p2a: absolute unit|Fairy
|move|p2a: absolute unit|Knock Off|p1a: Clefable
|-resisted|p1a: Clefable
|-damage|p1a: Clefable|35/100
|-damage|p2a: absolute unit|84/100|[from] item: Rocky Helmet|[of] p1a: Clefable
|-enditem|p1a: Clefable|Rocky Helmet|[from] move: Knock Off|[of] p2a: absolute unit
|move|p1a: Clefable|Moonlight|p1a: Clefable
|-heal|p1a: Clefable|85/100
|
|upkeep
|turn|18
|
|t:|1759042779
|move|p2a: absolute unit|Spirit Break|p1a: Clefable
|-damage|p1a: Clefable|23/100
|-unboost|p1a: Clefable|spa|1
|move|p1a: Clefable|Thunder Wave|p2a: absolute unit|[miss]
|-miss|p1a: Clefable|p2a: absolute unit
|
|upkeep
|turn|19
|
|t:|1759042796
|move|p2a: absolute unit|Spirit Break|p1a: Clefable
|-damage|p1a: Clefable|0 fnt
|faint|p1a: Clefable
|
|upkeep
|inactive|SortaCloudy has 120 seconds left.
|
|t:|1759042819
|switch|p1a: Dragapult|Dragapult, M|100/100
|turn|20
|
|t:|1759042825
|-terastallize|p1a: Dragapult|Ghost
|move|p2a: absolute unit|Knock Off|p1a: Dragapult
|-supereffective|p1a: Dragapult
|-damage|p1a: Dragapult|6/100
|-enditem|p1a: Dragapult|Choice Specs|[from] move: Knock Off|[of] p2a: absolute unit
|move|p1a: Dragapult|Shadow Ball|p2a: absolute unit
|-damage|p2a: absolute unit|7/100
|
|upkeep
|turn|21
|inactive|SortaCloudy has 120 seconds left.
|
|t:|1759042848
|move|p2a: absolute unit|Spirit Break|p1a: Dragapult
|-damage|p1a: Dragapult|0 fnt
|faint|p1a: Dragapult
|
|upkeep
|inactive|SortaCloudy has 120 seconds left.
|
|t:|1759042853
|switch|p1a: Ogerpon|Ogerpon-Wellspring, F|75/100
|turn|22
|
|t:|1759042863
|move|p2a: absolute unit|Spirit Break|p1a: Ogerpon
|-damage|p1a: Ogerpon|6/100
|-unboost|p1a: Ogerpon|spa|1
|move|p1a: Ogerpon|Ivy Cudgel|p2a: absolute unit|[anim] Ivy Cudgel Water
|-damage|p2a: absolute unit|0 fnt
|faint|p2a: absolute unit
|-end|p2a: absolute unit|Quark Drive|[silent]
|
|upkeep
|
|t:|1759042867
|switch|p2a: off brand moltres|Talonflame, F|100/100
|-damage|p2a: off brand moltres|50/100|[from] Stealth Rock
|turn|23
|
|t:|1759042877
|switch|p1a: Zamazenta|Zamazenta|100/100
|-ability|p1a: Zamazenta|Dauntless Shield|boost
|-boost|p1a: Zamazenta|def|1
|move|p2a: off brand moltres|U-turn|p1a: Zamazenta
|-resisted|p1a: Zamazenta
|-damage|p1a: Zamazenta|92/100
|
|t:|1759042881
|switch|p2a: Golduck|Golduck, F|100/100|[from] U-turn
|-damage|p2a: Golduck|88/100|[from] Stealth Rock
|-ability|p2a: Golduck|Cloud Nine
|
|upkeep
|turn|24
|
|t:|1759042895
|move|p1a: Zamazenta|Close Combat|p2a: Golduck
|-damage|p2a: Golduck|0 fnt
|-unboost|p1a: Zamazenta|def|1
|-unboost|p1a: Zamazenta|spd|1
|faint|p2a: Golduck
|
|upkeep
|
|t:|1759042898
|switch|p2a: off brand moltres|Talonflame, F|50/100
|-damage|p2a: off brand moltres|0 fnt|[from] Stealth Rock
|faint|p2a: off brand moltres
|
|t:|1759042900
|switch|p2a: random name|Dragapult, M|100/100
|-damage|p2a: random name|88/100|[from] Stealth Rock
|turn|25
|
|t:|1759042912
|switch|p1a: Ogerpon|Ogerpon-Wellspring, F|6/100
|move|p2a: random name|Shadow Ball|p1a: Ogerpon
|-damage|p1a: Ogerpon|0 fnt
|faint|p1a: Ogerpon
|
|upkeep
|
|t:|1759042917
|switch|p1a: Ting-Lu|Ting-Lu|42/100
|-ability|p1a: Ting-Lu|Vessel of Ruin
|turn|26
|
|t:|1759042923
|move|p2a: random name|Hydro Pump|p1a: Ting-Lu
|-supereffective|p1a: Ting-Lu
|-damage|p1a: Ting-Lu|21/100
|move|p1a: Ting-Lu|Ruination|p2a: random name
|-damage|p2a: random name|45/100
|
|upkeep
|turn|27
|
|t:|1759042931
|move|p2a: random name|Hydro Pump|p1a: Ting-Lu|[miss]
|-miss|p2a: random name|p1a: Ting-Lu
|move|p1a: Ting-Lu|Earthquake|p2a: random name
|-damage|p2a: random name|0 fnt
|-start|p1a: Ting-Lu|Disable|Earthquake|[from] ability: Cursed Body|[of] p2a: random name
|faint|p2a: random name
|
|win|SortaCloudy
|raw|SortaCloudy's rating: 1305 &rarr; <strong>1321</strong><br />(+16 for winning)
|raw|chrxn&apos;t's rating: 1236 &rarr; <strong>1216</strong><br />(-20 for losing)
|c|☆chrxn't|gg
|c|☆SortaCloudy|gg
|l|☆SortaCloudy
|player|p1|
|l|☆chrxn't
|player|p2|
