|j|☆Luisao
|j|☆diegoluquechaves
|t:|1759063974
|gametype|singles
|player|p1|Luisao|2|1374
|player|p2|diegoluquechaves|102|1383
|gen|9
|tier|[Gen 9] OU
|rated|
|rule|HP Percentage Mod: HP is shown in percentages
|rule|Endless Battle Clause: Forcing endless battles is banned
|rule|Species Clause: Limit one of each Pokémon
|rule|OHKO Clause: OHKO moves are banned
|rule|Evasion Items Clause: Evasion items are banned
|rule|Evasion Moves Clause: Evasion moves are banned
|rule|Evasion Abilities Clause: Evasion abilities are banned
|rule|Sleep Moves Clause: Sleep-inducing moves are banned
|clearpoke
|poke|p1|Dragonite, M|
|poke|p1|Serperior, F|
|poke|p1|Donphan, M|
|poke|p1|Medicham, M|
|poke|p1|Scizor, M|
|poke|p1|Gengar, M|
|poke|p2|Typhlosion-Hisui, F|
|poke|p2|Glimmora, M|
|poke|p2|Great Tusk|
|poke|p2|Araquanid, F|
|poke|p2|Garganacl, M|
|poke|p2|Rillaboom, F|
|teampreview
|inactive|Battle timer is ON: inactive players will automatically lose when time's up. (requested by Luisao)
|
|t:|1759063989
|teamsize|p1|6
|teamsize|p2|6
|start
|switch|p1a: Medicham|Medicham, M, shiny|100/100
|switch|p2a: Araquanid|Araquanid, F|100/100
|turn|1
|
|t:|1759063998
|move|p1a: Medicham|Fake Out|p2a: Araquanid
|-damage|p2a: Araquanid|76/100
|-damage|p1a: Medicham|91/100|[from] item: Life Orb
|cant|p2a: Araquanid|flinch
|
|-heal|p2a: Araquanid|83/100|[from] item: Leftovers
|upkeep
|turn|2
|
|t:|1759064007
|move|p1a: Medicham|High Jump Kick|p2a: Araquanid
|-resisted|p2a: Araquanid
|-damage|p2a: Araquanid|22/100
|-damage|p1a: Medicham|81/100|[from] item: Life Orb
|move|p2a: Araquanid|Lunge|p1a: Medicham
|-damage|p1a: Medicham|45/100
|-unboost|p1a: Medicham|atk|1
|
|-heal|p2a: Araquanid|28/100|[from] item: Leftovers
|upkeep
|turn|3
|
|t:|1759064024
|move|p1a: Medicham|High Jump Kick|p2a: Araquanid|[miss]
|-miss|p1a: Medicham|p2a: Araquanid
|-damage|p1a: Medicham|0 fnt|[from] highjumpkick
|faint|p1a: Medicham
|move|p2a: Araquanid|Sticky Web|p1: Medicham
|-sidestart|p1: Luisao|move: Sticky Web
|
|-heal|p2a: Araquanid|34/100|[from] item: Leftovers
|upkeep
|
|t:|1759064033
|switch|p1a: Serperior|Serperior, F, shiny|100/100
|-activate|p1a: Serperior|move: Sticky Web
|-boost|p1a: Serperior|spe|1
|turn|4
|
|t:|1759064038
|move|p1a: Serperior|Glare|p2a: Araquanid
|-status|p2a: Araquanid|par
|move|p2a: Araquanid|Leech Life|p1a: Serperior
|-supereffective|p1a: Serperior
|-damage|p1a: Serperior|49/100
|-heal|p2a: Araquanid|58/100 par|[from] drain|[of] p1a: Serperior
|
|-heal|p2a: Araquanid|64/100 par|[from] item: Leftovers
|upkeep
|turn|5
|
|t:|1759064057
|switch|p1a: Dragonite|Dragonite, M|100/100
|cant|p2a: Araquanid|par
|
|-heal|p2a: Araquanid|70/100 par|[from] item: Leftovers
|upkeep
|turn|6
|
|t:|1759064079
|switch|p2a: Garganacl|Garganacl, M|100/100
|move|p1a: Dragonite|Dragon Dance|p1a: Dragonite
|-boost|p1a: Dragonite|atk|1
|-boost|p1a: Dragonite|spe|1
|
|upkeep
|turn|7
|
|t:|1759064090
|move|p1a: Dragonite|Outrage|p2a: Garganacl
|-damage|p2a: Garganacl|37/100
|-damage|p1a: Dragonite|84/100|[from] item: Rocky Helmet|[of] p2a: Garganacl
|move|p2a: Garganacl|Iron Defense|p2a: Garganacl
|-boost|p2a: Garganacl|def|2
|
|-heal|p1a: Dragonite|90/100|[from] item: Leftovers
|upkeep
|turn|8
|
|t:|1759064103
|move|p1a: Dragonite|Outrage|p2a: Garganacl|[from] lockedmove
|-damage|p2a: Garganacl|2/100
|-damage|p1a: Dragonite|73/100|[from] item: Rocky Helmet|[of] p2a: Garganacl
|-start|p1a: Dragonite|confusion|[fatigue]
|move|p2a: Garganacl|Recover|p2a: Garganacl
|-heal|p2a: Garganacl|52/100
|
|-heal|p1a: Dragonite|80/100|[from] item: Leftovers
|upkeep
|turn|9
|
|t:|1759064114
|switch|p1a: Serperior|Serperior, F, shiny|49/100
|-activate|p1a: Serperior|move: Sticky Web
|-boost|p1a: Serperior|spe|1
|move|p2a: Garganacl|Recover|p2a: Garganacl
|-heal|p2a: Garganacl|100/100
|
|upkeep
|turn|10
|
|t:|1759064134
|switch|p2a: Araquanid|Araquanid, F|70/100 par
|move|p1a: Serperior|Leaf Storm|p2a: Araquanid
|-damage|p2a: Araquanid|43/100 par
|-boost|p1a: Serperior|spa|2
|
|-heal|p2a: Araquanid|49/100 par|[from] item: Leftovers
|upkeep
|turn|11
|
|t:|1759064145
|move|p1a: Serperior|Leaf Storm|p2a: Araquanid
|-damage|p2a: Araquanid|0 fnt
|-boost|p1a: Serperior|spa|2
|faint|p2a: Araquanid
|
|upkeep
|inactive|diegoluquechaves has 120 seconds left.
|
|t:|1759064164
|switch|p2a: Glimmora|Glimmora, M|100/100
|turn|12
|
|t:|1759064171
|-terastallize|p2a: Glimmora|Grass
|move|p1a: Serperior|Leaf Storm|p2a: Glimmora
|-resisted|p2a: Glimmora
|-damage|p2a: Glimmora|10/100
|-boost|p1a: Serperior|spa|2
|move|p2a: Glimmora|Meteor Beam||[still]
|-prepare|p2a: Glimmora|Meteor Beam
|-boost|p2a: Glimmora|spa|1
|-enditem|p2a: Glimmora|Power Herb
|-anim|p2a: Glimmora|Meteor Beam|p1a: Serperior
|-damage|p1a: Serperior|0 fnt
|faint|p1a: Serperior
|
|upkeep
|
|t:|1759064184
|switch|p1a: Donphan|Donphan, M|100/100
|-activate|p1a: Donphan|move: Sticky Web
|-unboost|p1a: Donphan|spe|1
|turn|13
|
|t:|1759064189
|move|p1a: Donphan|Ice Shard|p2a: Glimmora
|-supereffective|p2a: Glimmora
|-damage|p2a: Glimmora|0 fnt
|-activate|p2a: Glimmora|ability: Toxic Debris
|-sidestart|p1: Luisao|move: Toxic Spikes
|faint|p2a: Glimmora
|
|upkeep
|inactive|diegoluquechaves has 120 seconds left.
|inactive|diegoluquechaves has 90 seconds left.
|
|t:|1759064263
|switch|p2a: Typhlosion|Typhlosion-Hisui, F|100/100
|-item|p1a: Donphan|Leftovers|[from] ability: Frisk|[of] p2a: Typhlosion
|turn|14
|
|t:|1759064272
|move|p2a: Typhlosion|Lava Plume|p1a: Donphan
|-damage|p1a: Donphan|39/100
|move|p1a: Donphan|Earthquake|p2a: Typhlosion
|-supereffective|p2a: Typhlosion
|-damage|p2a: Typhlosion|0 fnt
|faint|p2a: Typhlosion
|
|-heal|p1a: Donphan|45/100|[from] item: Leftovers
|upkeep
|
|t:|1759064286
|switch|p2a: Rillaboom|Rillaboom, F|100/100
|-fieldstart|move: Grassy Terrain|[from] ability: Grassy Surge|[of] p2a: Rillaboom
|turn|15
|
|t:|1759064294
|switch|p1a: Dragonite|Dragonite, M|80/100
|move|p2a: Rillaboom|Grassy Glide|p1a: Dragonite
|-resisted|p1a: Dragonite
|-damage|p1a: Dragonite|70/100
|
|-heal|p1a: Dragonite|76/100|[from] item: Leftovers
|upkeep
|turn|16
|
|t:|1759064320
|switch|p2a: Great Tusk|Great Tusk|100/100
|move|p1a: Dragonite|Dragon Dance|p1a: Dragonite
|-boost|p1a: Dragonite|atk|1
|-boost|p1a: Dragonite|spe|1
|
|-heal|p1a: Dragonite|82/100|[from] item: Leftovers
|upkeep
|turn|17
|
|t:|1759064336
|-terastallize|p1a: Dragonite|Normal
|move|p1a: Dragonite|Outrage|p2a: Great Tusk
|-damage|p2a: Great Tusk|25/100
|move|p2a: Great Tusk|Ice Spinner|p1a: Dragonite
|-damage|p1a: Dragonite|48/100
|-fieldend|move: Grassy Terrain
|
|-heal|p1a: Dragonite|54/100|[from] item: Leftovers
|upkeep
|turn|18
|
|t:|1759064349
|move|p1a: Dragonite|Outrage|p2a: Great Tusk|[from] lockedmove
|-damage|p2a: Great Tusk|0 fnt
|faint|p2a: Great Tusk
|-end|p2a: Great Tusk|Protosynthesis|[silent]
|-start|p1a: Dragonite|confusion|[fatigue]
|
|-heal|p1a: Dragonite|60/100|[from] item: Leftovers
|upkeep
|
|t:|1759064358
|switch|p2a: Garganacl|Garganacl, M|100/100
|turn|19
|
|t:|1759064363
|-activate|p1a: Dragonite|confusion
|-damage|p1a: Dragonite|35/100|[from] confusion
|move|p2a: Garganacl|Iron Defense|p2a: Garganacl
|-boost|p2a: Garganacl|def|2
|
|-heal|p1a: Dragonite|41/100|[from] item: Leftovers
|upkeep
|turn|20
|
|t:|1759064373
|switch|p1a: Gengar|Gengar, M, shiny|100/100
|-activate|p1a: Gengar|move: Sticky Web
|-unboost|p1a: Gengar|spe|1
|-sideend|p1: Luisao|move: Toxic Spikes|[of] p1a: Gengar
|move|p2a: Garganacl|Iron Defense|p2a: Garganacl
|-boost|p2a: Garganacl|def|2
|
|upkeep
|turn|21
|
|t:|1759064384
|move|p1a: Gengar|Shadow Ball|p2a: Garganacl
|-damage|p2a: Garganacl|85/100
|move|p2a: Garganacl|Salt Cure|p1a: Gengar
|-damage|p1a: Gengar|72/100
|-start|p1a: Gengar|Salt Cure
|
|-damage|p1a: Gengar|60/100|[from] Salt Cure
|upkeep
|turn|22
|inactive|diegoluquechaves has 90 seconds left.
|
|t:|1759064398
|switch|p1a: Donphan|Donphan, M|45/100
|-activate|p1a: Donphan|move: Sticky Web
|-unboost|p1a: Donphan|spe|1
|move|p2a: Garganacl|Iron Defense|p2a: Garganacl
|-boost|p2a: Garganacl|def|2
|
|-heal|p1a: Donphan|51/100|[from] item: Leftovers
|upkeep
|turn|23
|inactive|diegoluquechaves has 90 seconds left.
|
|t:|1759064408
|move|p2a: Garganacl|Body Press|p1a: Donphan
|-damage|p1a: Donphan|0 fnt
|faint|p1a: Donphan
|
|upkeep
|
|t:|1759064414
|switch|p1a: Gengar|Gengar, M, shiny|60/100
|-activate|p1a: Gengar|move: Sticky Web
|-unboost|p1a: Gengar|spe|1
|turn|24
|
|t:|1759064421
|move|p1a: Gengar|Shadow Ball|p2a: Garganacl
|-damage|p2a: Garganacl|69/100
|move|p2a: Garganacl|Salt Cure|p1a: Gengar
|-damage|p1a: Gengar|34/100
|-start|p1a: Gengar|Salt Cure
|
|-damage|p1a: Gengar|22/100|[from] Salt Cure
|upkeep
|turn|25
|
|t:|1759064435
|switch|p1a: Dragonite|Dragonite, M, tera:Normal|41/100
|-activate|p1a: Dragonite|move: Sticky Web
|-unboost|p1a: Dragonite|spe|1
|move|p2a: Garganacl|Recover|p2a: Garganacl
|-heal|p2a: Garganacl|100/100
|
|-heal|p1a: Dragonite|47/100|[from] item: Leftovers
|upkeep
|turn|26
|
|t:|1759064447
|move|p1a: Dragonite|Outrage|p2a: Garganacl
|-damage|p2a: Garganacl|89/100
|-damage|p1a: Dragonite|31/100|[from] item: Rocky Helmet|[of] p2a: Garganacl
|move|p2a: Garganacl|Body Press|p1a: Dragonite
|-supereffective|p1a: Dragonite
|-damage|p1a: Dragonite|0 fnt
|faint|p1a: Dragonite
|
|upkeep
|
|t:|1759064460
|switch|p1a: Gengar|Gengar, M, shiny|22/100
|-activate|p1a: Gengar|move: Sticky Web
|-unboost|p1a: Gengar|spe|1
|turn|27
|inactive|diegoluquechaves has 120 seconds left.
|
|t:|1759064469
|move|p1a: Gengar|Destiny Bond|p1a: Gengar
|-singlemove|p1a: Gengar|Destiny Bond
|move|p2a: Garganacl|Recover|p2a: Garganacl
|-heal|p2a: Garganacl|100/100
|
|upkeep
|turn|28
|inactive|diegoluquechaves has 120 seconds left.
|
|t:|1759064487
|move|p1a: Gengar|Nasty Plot|p1a: Gengar
|-boost|p1a: Gengar|spa|2
|move|p2a: Garganacl|Body Press|p1a: Gengar
|-immune|p1a: Gengar
|
|upkeep
|turn|29
|inactive|diegoluquechaves has 120 seconds left.
|
|t:|1759064499
|move|p1a: Gengar|Destiny Bond|p1a: Gengar
|-singlemove|p1a: Gengar|Destiny Bond
|move|p2a: Garganacl|Salt Cure|p1a: Gengar
|-damage|p1a: Gengar|0 fnt
|faint|p1a: Gengar
|-activate|p1a: Gengar|move: Destiny Bond
|faint|p2a: Garganacl
|
|upkeep
|
|t:|1759064508
|switch|p1a: Scizor|Scizor, M|100/100
|switch|p2a: Rillaboom|Rillaboom, F|100/100
|-fieldstart|move: Grassy Terrain|[from] ability: Grassy Surge|[of] p2a: Rillaboom
|-activate|p1a: Scizor|move: Sticky Web
|-unboost|p1a: Scizor|spe|1
|turn|30
|inactive|diegoluquechaves has 120 seconds left.
|
|t:|1759064516
|move|p2a: Rillaboom|Knock Off|p1a: Scizor
|-damage|p1a: Scizor|71/100
|-enditem|p1a: Scizor|Life Orb|[from] move: Knock Off|[of] p2a: Rillaboom
|move|p1a: Scizor|Pounce|p2a: Rillaboom
|-supereffective|p2a: Rillaboom
|-damage|p2a: Rillaboom|2/100
|-unboost|p2a: Rillaboom|spe|1
|
|-heal|p2a: Rillaboom|8/100|[from] Grassy Terrain
|-heal|p1a: Scizor|77/100|[from] Grassy Terrain
|upkeep
|turn|31
|inactive|diegoluquechaves has 120 seconds left.
|
|t:|1759064527
|move|p1a: Scizor|Bullet Punch|p2a: Rillaboom
|-damage|p2a: Rillaboom|0 fnt
|faint|p2a: Rillaboom
|
|win|Luisao
|raw|Luisao's rating: 1374 &rarr; <strong>1395</strong><br />(+21 for winning)
|raw|diegoluquechaves's rating: 1383 &rarr; <strong>1362</strong><br />(-21 for losing)
|l|☆diegoluquechaves
|player|p2|
|l|☆Luisao
|player|p1|
|j|☆Luisao
|player|p1|Luisao|2|
|l|☆Luisao
|player|p1|
