|j|☆PjSand
|j|☆garg is back
|t:|1758921311
|gametype|singles
|player|p1|PjSand|266|1553
|player|p2|garg is back|ninjaboy|1614
|gen|9
|tier|[Gen 9] OU
|rated|
|rule|HP Percentage Mod: HP is shown in percentages
|rule|Endless Battle Clause: Forcing endless battles is banned
|rule|Species Clause: Limit one of each Pokémon
|rule|OHKO Clause: OHKO moves are banned
|rule|Evasion Items Clause: Evasion items are banned
|rule|Evasion Moves Clause: Evasion moves are banned
|rule|Evasion Abilities Clause: Evasion abilities are banned
|rule|Sleep Moves Clause: Sleep-inducing moves are banned
|clearpoke
|poke|p1|Ninetales, F|
|poke|p1|Ceruledge, F|
|poke|p1|Venusaur, M|
|poke|p1|Hatterene, F|
|poke|p1|Great Tusk|
|poke|p1|Walking Wake|
|poke|p2|Meowscarada, M|
|poke|p2|Corviknight, M|
|poke|p2|Uxie|
|poke|p2|Iron Valiant|
|poke|p2|Dragapult, M|
|poke|p2|Alomomola, F|
|teampreview
|inactive|Battle timer is ON: inactive players will automatically lose when time's up. (requested by PjSand)
|
|t:|1758921321
|teamsize|p1|6
|teamsize|p2|6
|start
|switch|p1a: Kurama Chakra Mode|Ninetales, F|100/100
|switch|p2a: Dragapult|Dragapult, M|100/100
|-weather|SunnyDay|[from] ability: Drought|[of] p1a: Kurama Chakra Mode
|turn|1
|
|t:|1758921329
|switch|p1a: Venu Vidi Vici|Venusaur, M|100/100
|move|p2a: Dragapult|Dragon Darts|p1a: Venu Vidi Vici
|-damage|p1a: Venu Vidi Vici|42/100
|-anim|p2a: Dragapult|Dragon Darts|p1a: Venu Vidi Vici
|-damage|p1a: Venu Vidi Vici|0 fnt
|faint|p1a: Venu Vidi Vici
|
|-weather|SunnyDay|[upkeep]
|upkeep
|
|t:|1758921349
|switch|p1a: Lynrd Spynrd|Great Tusk|100/100
|-activate|p1a: Lynrd Spynrd|ability: Protosynthesis
|-start|p1a: Lynrd Spynrd|protosynthesisspe
|turn|2
|
|t:|1758921353
|switch|p2a: Uxie|Uxie|100/100
|move|p1a: Lynrd Spynrd|Stealth Rock|p2a: Uxie
|-sidestart|p2: garg is back|move: Stealth Rock
|
|-weather|SunnyDay|[upkeep]
|upkeep
|turn|3
|
|t:|1758921359
|-end|p1a: Lynrd Spynrd|Protosynthesis|[silent]
|switch|p1a: Die w A Smile|Hatterene, F|100/100
|move|p2a: Uxie|U-turn|p1a: Die w A Smile
|-damage|p1a: Die w A Smile|89/100
|-enditem|p1a: Die w A Smile|Eject Button
|
|t:|1758921364
|switch|p1a: Dubya|Walking Wake|100/100
|-activate|p1a: Dubya|ability: Protosynthesis
|-start|p1a: Dubya|protosynthesisspa
|
|-weather|SunnyDay|[upkeep]
|upkeep
|turn|4
|
|t:|1758921367
|move|p1a: Dubya|Hydro Steam|p2a: Uxie
|-damage|p2a: Uxie|26/100
|move|p2a: Uxie|Stealth Rock|p1a: Dubya
|-sidestart|p1: PjSand|move: Stealth Rock
|
|-weather|SunnyDay|[upkeep]
|-heal|p2a: Uxie|33/100|[from] item: Leftovers
|upkeep
|turn|5
|
|t:|1758921374
|move|p1a: Dubya|Hydro Steam|p2a: Uxie
|-damage|p2a: Uxie|0 fnt
|faint|p2a: Uxie
|
|-weather|SunnyDay|[upkeep]
|upkeep
|
|t:|1758921378
|switch|p2a: Iron Valiant|Iron Valiant|100/100
|-damage|p2a: Iron Valiant|94/100|[from] Stealth Rock
|turn|6
|
|t:|1758921381
|move|p2a: Iron Valiant|Moonblast|p1a: Dubya
|-supereffective|p1a: Dubya
|-damage|p1a: Dubya|0 fnt
|faint|p1a: Dubya
|-end|p1a: Dubya|Protosynthesis|[silent]
|
|-weather|SunnyDay|[upkeep]
|upkeep
|
|t:|1758921392
|switch|p1a: Die w A Smile|Hatterene, F|89/100
|-damage|p1a: Die w A Smile|77/100|[from] Stealth Rock
|turn|7
|
|t:|1758921397
|-end|p2a: Iron Valiant|Quark Drive|[silent]
|switch|p2a: Alomomola|Alomomola, F|100/100
|move|p1a: Die w A Smile|Nuzzle|p2a: Alomomola
|-supereffective|p2a: Alomomola
|-damage|p2a: Alomomola|96/100
|-status|p2a: Alomomola|par
|
|-weather|SunnyDay|[upkeep]
|upkeep
|turn|8
|
|t:|1758921408
|move|p1a: Die w A Smile|Psychic Noise|p2a: Alomomola
|-damage|p2a: Alomomola|63/100 par
|-start|p2a: Alomomola|move: Heal Block
|move|p2a: Alomomola|Flip Turn|p1a: Die w A Smile
|-damage|p1a: Die w A Smile|70/100
|
|t:|1758921418
|switch|p2a: Iron Valiant|Iron Valiant|94/100|[from] Flip Turn
|-damage|p2a: Iron Valiant|88/100|[from] Stealth Rock
|
|-weather|none
|upkeep
|turn|9
|
|t:|1758921423
|move|p2a: Iron Valiant|Shadow Ball|p1a: Die w A Smile
|-supereffective|p1a: Die w A Smile
|-damage|p1a: Die w A Smile|0 fnt
|faint|p1a: Die w A Smile
|
|upkeep
|
|t:|1758921426
|switch|p1a: Kurama Chakra Mode|Ninetales, F|100/100
|-damage|p1a: Kurama Chakra Mode|76/100|[from] Stealth Rock
|-weather|SunnyDay|[from] ability: Drought|[of] p1a: Kurama Chakra Mode
|turn|10
|
|t:|1758921429
|move|p2a: Iron Valiant|Shadow Ball|p1a: Kurama Chakra Mode
|-damage|p1a: Kurama Chakra Mode|39/100
|move|p1a: Kurama Chakra Mode|Flamethrower|p2a: Iron Valiant
|-damage|p2a: Iron Valiant|23/100
|-status|p2a: Iron Valiant|brn
|
|-weather|SunnyDay|[upkeep]
|-damage|p2a: Iron Valiant|16/100 brn|[from] brn
|upkeep
|turn|11
|
|t:|1758921434
|move|p2a: Iron Valiant|Shadow Ball|p1a: Kurama Chakra Mode
|-damage|p1a: Kurama Chakra Mode|0 fnt
|faint|p1a: Kurama Chakra Mode
|
|-weather|SunnyDay|[upkeep]
|-damage|p2a: Iron Valiant|10/100 brn|[from] brn
|upkeep
|
|t:|1758921437
|switch|p1a: Lynrd Spynrd|Great Tusk|100/100
|-damage|p1a: Lynrd Spynrd|98/100|[from] Stealth Rock
|-activate|p1a: Lynrd Spynrd|ability: Protosynthesis
|-start|p1a: Lynrd Spynrd|protosynthesisspe
|turn|12
|
|t:|1758921439
|move|p1a: Lynrd Spynrd|Ice Spinner|p2a: Iron Valiant
|-damage|p2a: Iron Valiant|0 fnt
|faint|p2a: Iron Valiant
|-end|p2a: Iron Valiant|Quark Drive|[silent]
|
|-weather|SunnyDay|[upkeep]
|upkeep
|
|t:|1758921445
|switch|p2a: Meowscarada|Meowscarada, M|100/100
|-damage|p2a: Meowscarada|88/100|[from] Stealth Rock
|turn|13
|
|t:|1758921448
|move|p2a: Meowscarada|Triple Axel|p1a: Lynrd Spynrd
|-start|p2a: Meowscarada|typechange|Ice|[from] ability: Protean
|-supereffective|p1a: Lynrd Spynrd
|-damage|p1a: Lynrd Spynrd|86/100
|-damage|p2a: Meowscarada|72/100|[from] item: Rocky Helmet|[of] p1a: Lynrd Spynrd
|-supereffective|p1a: Lynrd Spynrd
|-damage|p1a: Lynrd Spynrd|63/100
|-damage|p2a: Meowscarada|55/100|[from] item: Rocky Helmet|[of] p1a: Lynrd Spynrd
|-supereffective|p1a: Lynrd Spynrd
|-damage|p1a: Lynrd Spynrd|30/100
|-damage|p2a: Meowscarada|39/100|[from] item: Rocky Helmet|[of] p1a: Lynrd Spynrd
|-hitcount|p1a: Lynrd Spynrd|3
|move|p1a: Lynrd Spynrd|Rapid Spin|p2a: Meowscarada
|-damage|p2a: Meowscarada|16/100
|-boost|p1a: Lynrd Spynrd|spe|1
|-sideend|p1: PjSand|Stealth Rock|[from] move: Rapid Spin|[of] p1a: Lynrd Spynrd
|
|-weather|SunnyDay|[upkeep]
|upkeep
|turn|14
|
|t:|1758921457
|move|p1a: Lynrd Spynrd|Ice Spinner|p2a: Meowscarada
|-resisted|p2a: Meowscarada
|-damage|p2a: Meowscarada|0 fnt
|faint|p2a: Meowscarada
|
|-weather|SunnyDay|[upkeep]
|upkeep
|
|t:|1758921461
|switch|p2a: Corviknight|Corviknight, M|100/100
|-damage|p2a: Corviknight|88/100|[from] Stealth Rock
|-ability|p2a: Corviknight|Pressure
|turn|15
|
|t:|1758921463
|-end|p1a: Lynrd Spynrd|Protosynthesis|[silent]
|switch|p1a: Slayboi Carti|Ceruledge, F|100/100
|move|p2a: Corviknight|Brave Bird|p1a: Slayboi Carti
|-damage|p1a: Slayboi Carti|52/100
|-ability|p1a: Slayboi Carti|Weak Armor|boost
|-unboost|p1a: Slayboi Carti|def|1
|-boost|p1a: Slayboi Carti|spe|2
|-damage|p2a: Corviknight|76/100|[from] Recoil
|
|-weather|SunnyDay|[upkeep]
|upkeep
|turn|16
|
|t:|1758921472
|-terastallize|p2a: Corviknight|Dragon
|move|p1a: Slayboi Carti|Bitter Blade|p2a: Corviknight
|-resisted|p2a: Corviknight
|-damage|p2a: Corviknight|56/100
|-heal|p1a: Slayboi Carti|66/100|[from] drain|[of] p2a: Corviknight
|-damage|p1a: Slayboi Carti|50/100|[from] item: Rocky Helmet|[of] p2a: Corviknight
|move|p2a: Corviknight|Brave Bird|p1a: Slayboi Carti
|-damage|p1a: Slayboi Carti|0 fnt
|faint|p1a: Slayboi Carti
|-damage|p2a: Corviknight|44/100|[from] Recoil
|
|-weather|SunnyDay|[upkeep]
|upkeep
|
|t:|1758921480
|switch|p1a: Lynrd Spynrd|Great Tusk|30/100
|-activate|p1a: Lynrd Spynrd|ability: Protosynthesis
|-start|p1a: Lynrd Spynrd|protosynthesisspe
|turn|17
|
|t:|1758921482
|move|p1a: Lynrd Spynrd|Headlong Rush|p2a: Corviknight
|-damage|p2a: Corviknight|14/100
|-unboost|p1a: Lynrd Spynrd|def|1
|-unboost|p1a: Lynrd Spynrd|spd|1
|-damage|p1a: Lynrd Spynrd|14/100|[from] item: Rocky Helmet|[of] p2a: Corviknight
|move|p2a: Corviknight|Brave Bird|p1a: Lynrd Spynrd
|-supereffective|p1a: Lynrd Spynrd
|-damage|p1a: Lynrd Spynrd|0 fnt
|-damage|p2a: Corviknight|0 fnt|[from] item: Rocky Helmet|[of] p1a: Lynrd Spynrd
|faint|p1a: Lynrd Spynrd
|-end|p1a: Lynrd Spynrd|Protosynthesis|[silent]
|faint|p2a: Corviknight
|
|win|garg is back
|raw|PjSand's rating: 1553 &rarr; <strong>1536</strong><br />(-17 for losing)
|raw|garg is back's rating: 1614 &rarr; <strong>1631</strong><br />(+17 for winning)
|l|☆garg is back
|player|p2|
|l|☆PjSand
|player|p1|
