|j|☆gigapoophater
|j|☆huang_zong
|t:|1758985085
|gametype|singles
|player|p1|gigapoophater|swimmer|1213
|player|p2|huang_zong|101|1206
|gen|9
|tier|[Gen 9] OU
|rated|
|rule|HP Percentage Mod: HP is shown in percentages
|rule|Endless Battle Clause: Forcing endless battles is banned
|rule|Species Clause: Limit one of each Pokémon
|rule|OHKO Clause: OHKO moves are banned
|rule|Evasion Items Clause: Evasion items are banned
|rule|Evasion Moves Clause: Evasion moves are banned
|rule|Evasion Abilities Clause: Evasion abilities are banned
|rule|Sleep Moves Clause: Sleep-inducing moves are banned
|clearpoke
|poke|p1|Iron Boulder|
|poke|p1|Skeledirge, F|
|poke|p1|Orthworm, F|
|poke|p1|Breloom, M|
|poke|p1|Milotic, F|
|poke|p1|Zebstrika, M|
|poke|p2|Torkoal, F|
|poke|p2|Walking Wake|
|poke|p2|Great Tusk|
|poke|p2|Brute Bonnet|
|poke|p2|Scizor, M|
|poke|p2|Corviknight, F|
|teampreview
|inactive|Battle timer is ON: inactive players will automatically lose when time's up. (requested by gigapoophater)
|
|t:|1758985107
|teamsize|p1|6
|teamsize|p2|6
|start
|switch|p1a: Iron Boulder|Iron Boulder|100/100
|switch|p2a: Walking Wake|Walking Wake|100/100
|-enditem|p1a: Iron Boulder|Booster Energy
|-activate|p1a: Iron Boulder|ability: Quark Drive|[fromitem]
|-start|p1a: Iron Boulder|quarkdrivespe
|turn|1
|
|t:|1758985118
|-terastallize|p1a: Iron Boulder|Fighting
|move|p1a: Iron Boulder|Swords Dance|p1a: Iron Boulder
|-boost|p1a: Iron Boulder|atk|2
|move|p2a: Walking Wake|Hydro Steam|p1a: Iron Boulder
|-damage|p1a: Iron Boulder|62/100
|
|upkeep
|turn|2
|
|t:|1758985132
|move|p1a: Iron Boulder|Sacred Sword|p2a: Walking Wake
|-damage|p2a: Walking Wake|0 fnt
|faint|p2a: Walking Wake
|-end|p2a: Walking Wake|Protosynthesis|[silent]
|
|upkeep
|
|t:|1758985141
|switch|p2a: Torkoal|Torkoal, F|100/100
|-weather|SunnyDay|[from] ability: Drought|[of] p2a: Torkoal
|turn|3
|
|t:|1758985148
|move|p1a: Iron Boulder|Mighty Cleave|p2a: Torkoal
|-supereffective|p2a: Torkoal
|-damage|p2a: Torkoal|3/100
|move|p2a: Torkoal|Stealth Rock|p1a: Iron Boulder
|-sidestart|p1: gigapoophater|move: Stealth Rock
|
|-weather|SunnyDay|[upkeep]
|upkeep
|turn|4
|
|t:|1758985154
|switch|p2a: Corviknight|Corviknight, F|100/100
|move|p1a: Iron Boulder|Mighty Cleave|p2a: Corviknight
|-damage|p2a: Corviknight|43/100
|-damage|p1a: Iron Boulder|45/100|[from] item: Rocky Helmet|[of] p2a: Corviknight
|
|-weather|SunnyDay|[upkeep]
|upkeep
|turn|5
|
|t:|1758985162
|move|p1a: Iron Boulder|Mighty Cleave|p2a: Corviknight
|-damage|p2a: Corviknight|0 fnt
|-damage|p1a: Iron Boulder|29/100|[from] item: Rocky Helmet|[of] p2a: Corviknight
|faint|p2a: Corviknight
|
|-weather|SunnyDay|[upkeep]
|upkeep
|
|t:|1758985165
|switch|p2a: Great Tusk|Great Tusk|100/100
|-activate|p2a: Great Tusk|ability: Protosynthesis
|-start|p2a: Great Tusk|protosynthesisatk
|turn|6
|
|t:|1758985172
|move|p1a: Iron Boulder|Psycho Cut|p2a: Great Tusk
|-supereffective|p2a: Great Tusk
|-damage|p2a: Great Tusk|0 fnt
|faint|p2a: Great Tusk
|-end|p2a: Great Tusk|Protosynthesis|[silent]
|
|-weather|SunnyDay|[upkeep]
|upkeep
|
|t:|1758985185
|switch|p2a: Scizor|Scizor, M|100/100
|turn|7
|
|t:|1758985190
|move|p2a: Scizor|Bullet Punch|p1a: Iron Boulder
|-damage|p1a: Iron Boulder|0 fnt
|faint|p1a: Iron Boulder
|-end|p1a: Iron Boulder|Quark Drive|[silent]
|
|-weather|SunnyDay|[upkeep]
|upkeep
|
|t:|1758985194
|switch|p1a: Skeledirge|Skeledirge, F|100/100
|-damage|p1a: Skeledirge|76/100|[from] Stealth Rock
|turn|8
|
|t:|1758985207
|-terastallize|p2a: Scizor|Flying
|move|p1a: Skeledirge|Torch Song|p2a: Scizor
|-damage|p2a: Scizor|38/100
|-boost|p1a: Skeledirge|spa|1
|move|p2a: Scizor|Knock Off|p1a: Skeledirge
|-supereffective|p1a: Skeledirge
|-damage|p1a: Skeledirge|4/100
|-enditem|p1a: Skeledirge|Choice Scarf|[from] move: Knock Off|[of] p2a: Scizor
|
|-weather|SunnyDay|[upkeep]
|-heal|p2a: Scizor|44/100|[from] item: Leftovers
|upkeep
|turn|9
|
|t:|1758985215
|move|p2a: Scizor|Bullet Punch|p1a: Skeledirge
|-resisted|p1a: Skeledirge
|-damage|p1a: Skeledirge|0 fnt
|faint|p1a: Skeledirge
|
|-weather|SunnyDay|[upkeep]
|-heal|p2a: Scizor|50/100|[from] item: Leftovers
|upkeep
|
|t:|1758985220
|switch|p1a: Orthworm|Orthworm, F|100/100
|-damage|p1a: Orthworm|94/100|[from] Stealth Rock
|turn|10
|
|t:|1758985226
|move|p2a: Scizor|Swords Dance|p2a: Scizor
|-boost|p2a: Scizor|atk|2
|move|p1a: Orthworm|Rock Slide|p2a: Scizor
|-supereffective|p2a: Scizor
|-damage|p2a: Scizor|18/100
|
|-weather|none
|-heal|p2a: Scizor|24/100|[from] item: Leftovers
|upkeep
|turn|11
|
|t:|1758985236
|move|p1a: Orthworm|Body Press|p2a: Scizor
|-resisted|p2a: Scizor
|-damage|p2a: Scizor|6/100
|move|p2a: Scizor|Knock Off|p1a: Orthworm
|-damage|p1a: Orthworm|51/100
|-damage|p2a: Scizor|0 fnt|[from] item: Rocky Helmet|[of] p1a: Orthworm
|faint|p2a: Scizor
|
|upkeep
|
|t:|1758985245
|switch|p2a: Torkoal|Torkoal, F|3/100
|-weather|SunnyDay|[from] ability: Drought|[of] p2a: Torkoal
|turn|12
|
|t:|1758985250
|move|p1a: Orthworm|Body Press|p2a: Torkoal
|-damage|p2a: Torkoal|0 fnt
|faint|p2a: Torkoal
|
|-weather|SunnyDay|[upkeep]
|upkeep
|
|t:|1758985252
|switch|p2a: Brute Bonnet|Brute Bonnet|100/100
|-activate|p2a: Brute Bonnet|ability: Protosynthesis
|-start|p2a: Brute Bonnet|protosynthesisatk
|turn|13
|-message|huang_zong forfeited.
|
|win|gigapoophater
|raw|gigapoophater's rating: 1213 &rarr; <strong>1237</strong><br />(+24 for winning)
|raw|huang_zong's rating: 1206 &rarr; <strong>1182</strong><br />(-24 for losing)
|l|☆huang_zong
|player|p2|
|j|☆huang_zong
|player|p2|huang_zong|101|
|l|☆gigapoophater
|player|p1|
|l|☆huang_zong
|player|p2|
