|j|☆whackanimp
|j|☆th3shr3mp
|t:|1759023191
|gametype|singles
|player|p1|whackanimp|mars|
|player|p2|th3shr3mp|kimonogirl|
|gen|9
|tier|[Gen 9] OU
|rule|HP Percentage Mod: HP is shown in percentages
|rule|Endless Battle Clause: Forcing endless battles is banned
|rule|Species Clause: Limit one of each Pokémon
|rule|OHKO Clause: OHKO moves are banned
|rule|Evasion Items Clause: Evasion items are banned
|rule|Evasion Moves Clause: Evasion moves are banned
|rule|Evasion Abilities Clause: Evasion abilities are banned
|rule|Sleep Moves Clause: Sleep-inducing moves are banned
|clearpoke
|poke|p1|Frosmoth, F|
|poke|p1|Lokix, M|
|poke|p1|Alomomola, F|
|poke|p1|Moltres|
|poke|p1|Excadrill, M|
|poke|p1|Ninetales-Alola, F|
|poke|p2|Sandy Shocks|
|poke|p2|Enamorus, F|
|poke|p2|Arboliva, M|
|poke|p2|Torkoal, F|
|poke|p2|Exeggutor, M|
|poke|p2|Diancie|
|teampreview
|l|☆th3shr3mp
|player|p2|
|j|☆th3shr3mp
|player|p2|th3shr3mp|kimonogirl|
|
|t:|1759023253
|teamsize|p1|6
|teamsize|p2|6
|start
|switch|p1a: Lokix|Lokix, M|100/100
|switch|p2a: Torkoal|Torkoal, F|100/100
|-weather|SunnyDay|[from] ability: Drought|[of] p2a: Torkoal
|turn|1
|
|t:|1759023264
|move|p1a: Lokix|U-turn|p2a: Torkoal
|-resisted|p2a: Torkoal
|-damage|p2a: Torkoal|74/100
|
|t:|1759023274
|switch|p1a: Alomomola|Alomomola, F|100/100|[from] U-turn
|move|p2a: Torkoal|Body Press|p1a: Alomomola
|-damage|p1a: Alomomola|78/100
|
|-weather|SunnyDay|[upkeep]
|-heal|p2a: Torkoal|80/100|[from] item: Leftovers
|upkeep
|turn|2
|
|t:|1759023289
|switch|p2a: Arboliva|Arboliva, M|100/100
|move|p1a: Alomomola|Flip Turn|p2a: Arboliva
|-resisted|p2a: Arboliva
|-damage|p2a: Arboliva|96/100
|
|t:|1759023295
|switch|p1a: Ninetales|Ninetales-Alola, F|100/100|[from] Flip Turn
|-weather|Snowscape|[from] ability: Snow Warning|[of] p1a: Ninetales
|
|-weather|Snowscape|[upkeep]
|upkeep
|turn|3
|
|t:|1759023312
|move|p1a: Ninetales|Aurora Veil|p1a: Ninetales
|-sidestart|p1: whackanimp|move: Aurora Veil
|move|p2a: Arboliva|Petal Dance|p1a: Ninetales
|-crit|p1a: Ninetales
|-damage|p1a: Ninetales|0 fnt
|faint|p1a: Ninetales
|
|-weather|Snowscape|[upkeep]
|upkeep
|
|t:|1759023322
|switch|p1a: Lokix|Lokix, M|100/100
|turn|4
|
|t:|1759023328
|move|p1a: Lokix|U-turn|p2a: Arboliva
|-supereffective|p2a: Arboliva
|-damage|p2a: Arboliva|0 fnt
|faint|p2a: Arboliva
|
|t:|1759023339
|switch|p1a: Alomomola|Alomomola, F|100/100|[from] U-turn
|
|-weather|Snowscape|[upkeep]
|upkeep
|
|t:|1759023359
|switch|p2a: Enamorus|Enamorus, F|100/100
|turn|5
|
|t:|1759023371
|-terastallize|p2a: Enamorus|Fairy
|move|p2a: Enamorus|Moonblast|p1a: Alomomola
|-damage|p1a: Alomomola|82/100
|move|p1a: Alomomola|Mirror Coat|p2a: Enamorus
|-damage|p2a: Enamorus|38/100
|
|-weather|Snowscape|[upkeep]
|upkeep
|turn|6
|
|t:|1759023384
|switch|p2a: Torkoal|Torkoal, F|80/100
|-weather|SunnyDay|[from] ability: Drought|[of] p2a: Torkoal
|move|p1a: Alomomola|Flip Turn|p2a: Torkoal
|-supereffective|p2a: Torkoal
|-damage|p2a: Torkoal|72/100
|
|t:|1759023410
|switch|p1a: Excadrill|Excadrill, M|100/100|[from] Flip Turn
|-ability|p1a: Excadrill|Mold Breaker
|
|-weather|SunnyDay|[upkeep]
|-heal|p2a: Torkoal|78/100|[from] item: Leftovers
|upkeep
|turn|7
|
|t:|1759023427
|move|p1a: Excadrill|Earthquake|p2a: Torkoal
|-supereffective|p2a: Torkoal
|-damage|p2a: Torkoal|20/100
|move|p2a: Torkoal|Body Press|p1a: Excadrill
|-supereffective|p1a: Excadrill
|-damage|p1a: Excadrill|56/100
|
|-weather|SunnyDay|[upkeep]
|-heal|p1a: Excadrill|63/100|[from] item: Leftovers
|-heal|p2a: Torkoal|26/100|[from] item: Leftovers
|upkeep
|turn|8
|
|t:|1759023435
|move|p2a: Torkoal|Protect|p2a: Torkoal
|-singleturn|p2a: Torkoal|Protect
|move|p1a: Excadrill|Earthquake|p2a: Torkoal
|-activate|p2a: Torkoal|move: Protect
|
|-weather|SunnyDay|[upkeep]
|-heal|p1a: Excadrill|69/100|[from] item: Leftovers
|-heal|p2a: Torkoal|32/100|[from] item: Leftovers
|upkeep
|turn|9
|
|t:|1759023442
|switch|p2a: Enamorus|Enamorus, F, tera:Fairy|38/100
|move|p1a: Excadrill|Earthquake|p2a: Enamorus
|-damage|p2a: Enamorus|0 fnt
|faint|p2a: Enamorus
|
|-weather|SunnyDay|[upkeep]
|-heal|p1a: Excadrill|75/100|[from] item: Leftovers
|upkeep
|
|t:|1759023448
|switch|p2a: Sandy Shocks|Sandy Shocks|100/100
|-activate|p2a: Sandy Shocks|ability: Protosynthesis
|-start|p2a: Sandy Shocks|protosynthesisspa
|turn|10
|
|t:|1759023457
|move|p2a: Sandy Shocks|Earth Power|p1a: Excadrill
|-supereffective|p1a: Excadrill
|-damage|p1a: Excadrill|0 fnt
|faint|p1a: Excadrill
|
|-weather|none
|-end|p2a: Sandy Shocks|Protosynthesis
|-sideend|p1: whackanimp|move: Aurora Veil
|upkeep
|
|t:|1759023467
|switch|p1a: Moltres|Moltres|100/100
|turn|11
|
|t:|1759023472
|move|p2a: Sandy Shocks|Thunderbolt|p1a: Moltres
|-supereffective|p1a: Moltres
|-damage|p1a: Moltres|7/100
|move|p1a: Moltres|U-turn|p2a: Sandy Shocks
|-damage|p2a: Sandy Shocks|83/100
|
|t:|1759023483
|switch|p1a: Lokix|Lokix, M|100/100|[from] U-turn
|
|upkeep
|turn|12
|
|t:|1759023495
|move|p1a: Lokix|First Impression|p2a: Sandy Shocks
|-damage|p2a: Sandy Shocks|4/100
|move|p2a: Sandy Shocks|Earth Power|p1a: Lokix
|-resisted|p1a: Lokix
|-damage|p1a: Lokix|58/100
|
|upkeep
|turn|13
|
|t:|1759023502
|switch|p1a: Moltres|Moltres|7/100
|move|p2a: Sandy Shocks|Protect||[still]
|-fail|p2a: Sandy Shocks
|
|upkeep
|turn|14
|
|t:|1759023511
|move|p1a: Moltres|U-turn|p2a: Sandy Shocks
|-damage|p2a: Sandy Shocks|0 fnt
|faint|p2a: Sandy Shocks
|-end|p2a: Sandy Shocks|Protosynthesis|[silent]
|
|t:|1759023514
|switch|p1a: Lokix|Lokix, M|58/100|[from] U-turn
|
|upkeep
|
|t:|1759023519
|switch|p2a: Torkoal|Torkoal, F|32/100
|-weather|SunnyDay|[from] ability: Drought|[of] p2a: Torkoal
|turn|15
|
|t:|1759023528
|move|p1a: Lokix|U-turn|p2a: Torkoal
|-resisted|p2a: Torkoal
|-damage|p2a: Torkoal|3/100
|
|t:|1759023531
|switch|p1a: Alomomola|Alomomola, F|100/100|[from] U-turn
|move|p2a: Torkoal|Body Press|p1a: Alomomola
|-damage|p1a: Alomomola|78/100
|
|-weather|SunnyDay|[upkeep]
|-heal|p2a: Torkoal|9/100|[from] item: Leftovers
|upkeep
|turn|16
|
|t:|1759023534
|switch|p2a: Exeggutor|Exeggutor, M|100/100
|move|p1a: Alomomola|Flip Turn|p2a: Exeggutor
|-resisted|p2a: Exeggutor
|-damage|p2a: Exeggutor|96/100
|
|t:|1759023539
|switch|p1a: Lokix|Lokix, M|58/100|[from] Flip Turn
|
|-weather|SunnyDay|[upkeep]
|-heal|p2a: Exeggutor|100/100|[from] item: Leftovers
|upkeep
|turn|17
|
|t:|1759023544
|move|p1a: Lokix|First Impression|p2a: Exeggutor
|-supereffective|p2a: Exeggutor
|-damage|p2a: Exeggutor|0 fnt
|faint|p2a: Exeggutor
|
|-weather|SunnyDay|[upkeep]
|upkeep
|
|t:|1759023548
|switch|p2a: Diancie|Diancie|100/100
|turn|18
|
|t:|1759023556
|switch|p1a: Moltres|Moltres|7/100
|move|p2a: Diancie|Iron Defense|p2a: Diancie
|-boost|p2a: Diancie|def|2
|
|-weather|SunnyDay|[upkeep]
|upkeep
|turn|19
|
|t:|1759023568
|move|p1a: Moltres|Flamethrower|p2a: Diancie
|-resisted|p2a: Diancie
|-damage|p2a: Diancie|83/100
|move|p2a: Diancie|Meteor Beam||[still]
|-prepare|p2a: Diancie|Meteor Beam
|-boost|p2a: Diancie|spa|1
|
|-weather|none
|-heal|p2a: Diancie|89/100|[from] item: Leftovers
|upkeep
|turn|20
|
|t:|1759023582
|-terastallize|p1a: Moltres|Fairy
|move|p1a: Moltres|Roost|p1a: Moltres
|-heal|p1a: Moltres|57/100
|move|p2a: Diancie|Meteor Beam|p1a: Moltres|[from] lockedmove|[miss]
|-miss|p2a: Diancie|p1a: Moltres
|
|-heal|p2a: Diancie|95/100|[from] item: Leftovers
|upkeep
|turn|21
|
|t:|1759023596
|move|p2a: Diancie|Iron Defense|p2a: Diancie
|-boost|p2a: Diancie|def|2
|move|p1a: Moltres|Roar|p2a: Diancie
|drag|p2a: Torkoal|Torkoal, F|9/100
|-weather|SunnyDay|[from] ability: Drought|[of] p2a: Torkoal
|
|-weather|SunnyDay|[upkeep]
|-heal|p2a: Torkoal|15/100|[from] item: Leftovers
|upkeep
|turn|22
|
|t:|1759023608
|move|p1a: Moltres|U-turn|p2a: Torkoal
|-resisted|p2a: Torkoal
|-damage|p2a: Torkoal|11/100
|
|t:|1759023610
|switch|p1a: Alomomola|Alomomola, F|100/100|[from] U-turn
|move|p2a: Torkoal|Body Press|p1a: Alomomola
|-damage|p1a: Alomomola|79/100
|
|-weather|SunnyDay|[upkeep]
|-heal|p2a: Torkoal|17/100|[from] item: Leftovers
|upkeep
|turn|23
|
|t:|1759023615
|move|p1a: Alomomola|Scald|p2a: Torkoal
|-supereffective|p2a: Torkoal
|-damage|p2a: Torkoal|1/100
|move|p2a: Torkoal|Stealth Rock|p1a: Alomomola
|-sidestart|p1: whackanimp|move: Stealth Rock
|
|-weather|SunnyDay|[upkeep]
|-heal|p2a: Torkoal|7/100|[from] item: Leftovers
|upkeep
|turn|24
|
|t:|1759023621
|move|p2a: Torkoal|Protect|p2a: Torkoal
|-singleturn|p2a: Torkoal|Protect
|move|p1a: Alomomola|Scald|p2a: Torkoal
|-activate|p2a: Torkoal|move: Protect
|
|-weather|SunnyDay|[upkeep]
|-heal|p2a: Torkoal|13/100|[from] item: Leftovers
|upkeep
|turn|25
|
|t:|1759023627
|move|p1a: Alomomola|Scald|p2a: Torkoal
|-supereffective|p2a: Torkoal
|-damage|p2a: Torkoal|0 fnt
|faint|p2a: Torkoal
|
|-weather|none
|upkeep
|
|t:|1759023642
|switch|p2a: Diancie|Diancie|95/100
|turn|26
|
|t:|1759023725
|move|p2a: Diancie|Meteor Beam||[still]
|-prepare|p2a: Diancie|Meteor Beam
|-boost|p2a: Diancie|spa|1
|move|p1a: Alomomola|Scald|p2a: Diancie
|-supereffective|p2a: Diancie
|-damage|p2a: Diancie|77/100
|
|-heal|p2a: Diancie|84/100|[from] item: Leftovers
|upkeep
|turn|27
|
|t:|1759023737
|move|p2a: Diancie|Meteor Beam|p1a: Alomomola|[from] lockedmove
|-damage|p1a: Alomomola|45/100
|move|p1a: Alomomola|Mirror Coat|p2a: Diancie
|-damage|p2a: Diancie|0 fnt
|faint|p2a: Diancie
|
|win|whackanimp
|l|☆th3shr3mp
|player|p2|
