|j|☆rkxks
|j|☆Chilling On The OU
|t:|1759048313
|gametype|singles
|player|p1|rkxks|2|1317
|player|p2|Chilling On The OU|marlon|1329
|gen|9
|tier|[Gen 9] OU
|rated|
|rule|HP Percentage Mod: HP is shown in percentages
|rule|Endless Battle Clause: Forcing endless battles is banned
|rule|Species Clause: Limit one of each Pokémon
|rule|OHKO Clause: OHKO moves are banned
|rule|Evasion Items Clause: Evasion items are banned
|rule|Evasion Moves Clause: Evasion moves are banned
|rule|Evasion Abilities Clause: Evasion abilities are banned
|rule|Sleep Moves Clause: Sleep-inducing moves are banned
|clearpoke
|poke|p1|Meowscarada, F|
|poke|p1|Alomomola, M|
|poke|p1|Gliscor, F|
|poke|p1|Glimmora, F|
|poke|p1|Dondozo, F|
|poke|p1|Kyurem|
|poke|p2|Meowscarada, F|
|poke|p2|Thundurus-Therian, M|
|poke|p2|Alomomola, F|
|poke|p2|Cinderace, M|
|poke|p2|Goodra-Hisui, F|
|poke|p2|Iron Valiant|
|teampreview
|
|t:|1759048331
|teamsize|p1|6
|teamsize|p2|6
|start
|switch|p1a: 킬랖롤|Glimmora, F, shiny|100/100
|switch|p2a: Thundurus-Tharien|Thundurus-Therian, M, shiny|100/100
|turn|1
|
|t:|1759048337
|move|p2a: Thundurus-Tharien|Volt Switch|p1a: 킬랖롤
|-damage|p1a: 킬랖롤|28/100
|
|t:|1759048342
|switch|p2a: Goodra-Husui|Goodra-Hisui, F, shiny|100/100|[from] Volt Switch
|move|p1a: 킬랖롤|Power Gem|p2a: Goodra-Husui
|-resisted|p2a: Goodra-Husui
|-damage|p2a: Goodra-Husui|89/100
|
|upkeep
|turn|2
|
|t:|1759048355
|move|p1a: 킬랖롤|Earth Power|p2a: Goodra-Husui
|-supereffective|p2a: Goodra-Husui
|-damage|p2a: Goodra-Husui|55/100
|move|p2a: Goodra-Husui|Flash Cannon|p1a: 킬랖롤
|-supereffective|p1a: 킬랖롤
|-damage|p1a: 킬랖롤|0 fnt
|faint|p1a: 킬랖롤
|
|upkeep
|
|t:|1759048368
|switch|p1a: 맛칸|Meowscarada, F, shiny|100/100
|turn|3
|
|t:|1759048399
|switch|p2a: Alolamala|Alomomola, F|100/100
|move|p1a: 맛칸|Knock Off|p2a: Alolamala
|-start|p1a: 맛칸|typechange|Dark|[from] ability: Protean
|-damage|p2a: Alolamala|63/100
|-enditem|p2a: Alolamala|Leftovers|[from] move: Knock Off|[of] p1a: 맛칸
|
|upkeep
|turn|4
|
|t:|1759048419
|switch|p1a: 글랑온|Gliscor, F, shiny|100/100
|switch|p2a: Cinderece|Cinderace, M|100/100
|
|-status|p1a: 글랑온|tox|[from] item: Toxic Orb
|upkeep
|turn|5
|
|t:|1759048426
|move|p2a: Cinderece|U-turn|p1a: 글랑온
|-start|p2a: Cinderece|typechange|Bug|[from] ability: Libero
|-resisted|p1a: 글랑온
|-damage|p1a: 글랑온|90/100 tox
|
|t:|1759048433
|switch|p2a: Thundurus-Tharien|Thundurus-Therian, M, shiny|100/100|[from] U-turn
|move|p1a: 글랑온|Substitute|p1a: 글랑온
|-start|p1a: 글랑온|Substitute
|-damage|p1a: 글랑온|65/100 tox
|
|-heal|p1a: 글랑온|77/100 tox|[from] ability: Poison Heal
|upkeep
|turn|6
|
|t:|1759048440
|-terastallize|p2a: Thundurus-Tharien|Flying
|move|p1a: 글랑온|Protect|p1a: 글랑온
|-singleturn|p1a: 글랑온|Protect
|move|p2a: Thundurus-Tharien|Tera Blast|p1a: 글랑온|[anim] Tera Blast Flying
|-activate|p1a: 글랑온|move: Protect
|
|-heal|p1a: 글랑온|90/100 tox|[from] ability: Poison Heal
|upkeep
|turn|7
|
|t:|1759048467
|move|p2a: Thundurus-Tharien|Tera Blast|p1a: 글랑온|[anim] Tera Blast Flying
|-crit|p1a: 글랑온
|-end|p1a: 글랑온|Substitute
|move|p1a: 글랑온|Toxic|p2a: Thundurus-Tharien
|-status|p2a: Thundurus-Tharien|tox
|
|-damage|p2a: Thundurus-Tharien|94/100 tox|[from] psn
|-heal|p1a: 글랑온|100/100 tox|[from] ability: Poison Heal
|upkeep
|turn|8
|
|t:|1759048476
|switch|p2a: Alolamala|Alomomola, F|97/100
|move|p1a: 글랑온|Protect||[still]
|-fail|p1a: 글랑온
|
|upkeep
|turn|9
|
|t:|1759048482
|move|p1a: 글랑온|Substitute|p1a: 글랑온
|-start|p1a: 글랑온|Substitute
|-damage|p1a: 글랑온|75/100 tox
|move|p2a: Alolamala|Scald|p1a: 글랑온
|-supereffective|p1a: 글랑온
|-end|p1a: 글랑온|Substitute
|
|-heal|p1a: 글랑온|88/100 tox|[from] ability: Poison Heal
|upkeep
|turn|10
|
|t:|1759048491
|move|p1a: 글랑온|Protect|p1a: 글랑온
|-singleturn|p1a: 글랑온|Protect
|move|p2a: Alolamala|Flip Turn|p1a: 글랑온
|-activate|p1a: 글랑온|move: Protect
|
|-heal|p1a: 글랑온|99/100 tox|[from] ability: Poison Heal
|upkeep
|turn|11
|
|t:|1759048495
|move|p1a: 글랑온|Toxic|p2a: Alolamala
|-status|p2a: Alolamala|tox
|move|p2a: Alolamala|Scald|p1a: 글랑온
|-supereffective|p1a: 글랑온
|-damage|p1a: 글랑온|69/100 tox
|
|-heal|p1a: 글랑온|82/100 tox|[from] ability: Poison Heal
|-damage|p2a: Alolamala|91/100 tox|[from] psn
|upkeep
|turn|12
|
|t:|1759048511
|switch|p2a: Thundurus-Tharien|Thundurus-Therian, M, shiny, tera:Flying|94/100 tox
|move|p1a: 글랑온|Substitute|p1a: 글랑온
|-start|p1a: 글랑온|Substitute
|-damage|p1a: 글랑온|57/100 tox
|
|-damage|p2a: Thundurus-Tharien|88/100 tox|[from] psn
|-heal|p1a: 글랑온|69/100 tox|[from] ability: Poison Heal
|upkeep
|turn|13
|
|t:|1759048517
|switch|p2a: Alolamala|Alomomola, F|100/100 tox
|move|p1a: 글랑온|Protect||[still]
|-fail|p1a: 글랑온
|
|-heal|p1a: 글랑온|81/100 tox|[from] ability: Poison Heal
|-damage|p2a: Alolamala|94/100 tox|[from] psn
|upkeep
|turn|14
|
|t:|1759048529
|move|p1a: 글랑온|Protect|p1a: 글랑온
|-singleturn|p1a: 글랑온|Protect
|move|p2a: Alolamala|Scald|p1a: 글랑온
|-activate|p1a: 글랑온|move: Protect
|
|-heal|p1a: 글랑온|94/100 tox|[from] ability: Poison Heal
|-damage|p2a: Alolamala|82/100 tox|[from] psn
|upkeep
|turn|15
|
|t:|1759048533
|move|p1a: 글랑온|Earthquake|p2a: Alolamala
|-damage|p2a: Alolamala|66/100 tox
|move|p2a: Alolamala|Wish|p2a: Alolamala
|
|-heal|p1a: 글랑온|100/100 tox|[from] ability: Poison Heal
|-damage|p2a: Alolamala|48/100 tox|[from] psn
|upkeep
|turn|16
|
|t:|1759048542
|switch|p2a: Thundurus-Tharien|Thundurus-Therian, M, shiny, tera:Flying|88/100 tox
|move|p1a: 글랑온|Earthquake|p2a: Thundurus-Tharien
|-immune|p2a: Thundurus-Tharien
|
|-heal|p2a: Thundurus-Tharien|100/100 tox|[from] move: Wish|[wisher] Alolamala
|-damage|p2a: Thundurus-Tharien|94/100 tox|[from] psn
|upkeep
|turn|17
|
|t:|1759048551
|switch|p2a: Alolamala|Alomomola, F|81/100 tox
|move|p1a: 글랑온|Protect||[still]
|-fail|p1a: 글랑온
|
|-damage|p2a: Alolamala|75/100 tox|[from] psn
|upkeep
|turn|18
|
|t:|1759048558
|switch|p1a: 큘무|Kyurem, shiny|100/100
|-ability|p1a: 큘무|Pressure
|switch|p2a: Thundurus-Tharien|Thundurus-Therian, M, shiny, tera:Flying|94/100 tox
|
|-damage|p2a: Thundurus-Tharien|88/100 tox|[from] psn
|upkeep
|turn|19
|
|t:|1759048581
|move|p2a: Thundurus-Tharien|Volt Switch|p1a: 큘무
|-resisted|p1a: 큘무
|-damage|p1a: 큘무|73/100
|
|t:|1759048589
|switch|p2a: Iron Valaint|Iron Valiant, shiny|100/100|[from] Volt Switch
|move|p1a: 큘무|Dragon Dance|p1a: 큘무
|-boost|p1a: 큘무|atk|1
|-boost|p1a: 큘무|spe|1
|
|upkeep
|turn|20
|
|t:|1759048604
|move|p1a: 큘무|Icicle Spear|p2a: Iron Valaint
|-damage|p2a: Iron Valaint|74/100
|-damage|p2a: Iron Valaint|47/100
|-crit|p2a: Iron Valaint
|-damage|p2a: Iron Valaint|12/100
|-damage|p2a: Iron Valaint|0 fnt
|faint|p2a: Iron Valaint
|-end|p2a: Iron Valaint|Quark Drive|[silent]
|-hitcount|p2: Iron Valaint|4
|
|upkeep
|
|t:|1759048610
|switch|p2a: Cinderece|Cinderace, M|100/100
|turn|21
|
|t:|1759048623
|move|p1a: 큘무|Scale Shot|p2a: Cinderece
|-damage|p2a: Cinderece|79/100
|-damage|p2a: Cinderece|57/100
|-damage|p2a: Cinderece|34/100
|-damage|p2a: Cinderece|11/100
|-hitcount|p2a: Cinderece|4
|-unboost|p1a: 큘무|def|1
|-boost|p1a: 큘무|spe|1
|move|p2a: Cinderece|Will-O-Wisp|p1a: 큘무
|-status|p1a: 큘무|brn
|
|-damage|p1a: 큘무|67/100 brn|[from] brn
|upkeep
|turn|22
|
|t:|1759048633
|switch|p2a: Alolamala|Alomomola, F|100/100 tox
|move|p1a: 큘무|Icicle Spear|p2a: Alolamala
|-resisted|p2a: Alolamala
|-damage|p2a: Alolamala|98/100 tox
|-resisted|p2a: Alolamala
|-damage|p2a: Alolamala|95/100 tox
|-resisted|p2a: Alolamala
|-damage|p2a: Alolamala|93/100 tox
|-resisted|p2a: Alolamala
|-crit|p2a: Alolamala
|-damage|p2a: Alolamala|89/100 tox
|-resisted|p2a: Alolamala
|-damage|p2a: Alolamala|86/100 tox
|-hitcount|p2a: Alolamala|5
|
|-damage|p2a: Alolamala|80/100 tox|[from] psn
|-damage|p1a: 큘무|61/100 brn|[from] brn
|upkeep
|turn|23
|
|t:|1759048637
|move|p1a: 큘무|Scale Shot|p2a: Alolamala
|-damage|p2a: Alolamala|76/100 tox
|-damage|p2a: Alolamala|70/100 tox
|-damage|p2a: Alolamala|65/100 tox
|-damage|p2a: Alolamala|60/100 tox
|-hitcount|p2a: Alolamala|4
|-unboost|p1a: 큘무|def|1
|-boost|p1a: 큘무|spe|1
|move|p2a: Alolamala|Wish|p2a: Alolamala
|
|-damage|p2a: Alolamala|47/100 tox|[from] psn
|-damage|p1a: 큘무|55/100 brn|[from] brn
|upkeep
|turn|24
|
|t:|1759048639
|move|p1a: 큘무|Dragon Dance|p1a: 큘무
|-boost|p1a: 큘무|atk|1
|-boost|p1a: 큘무|spe|1
|move|p2a: Alolamala|Flip Turn|p1a: 큘무
|-resisted|p1a: 큘무
|-damage|p1a: 큘무|39/100 brn
|
|t:|1759048646
|switch|p2a: Cinderece|Cinderace, M|11/100|[from] Flip Turn
|
|-heal|p2a: Cinderece|99/100|[from] move: Wish|[wisher] Alolamala
|-damage|p1a: 큘무|33/100 brn|[from] brn
|upkeep
|turn|25
|
|t:|1759048655
|switch|p2a: Alolamala|Alomomola, F|81/100 tox
|move|p1a: 큘무|Scale Shot|p2a: Alolamala
|-damage|p2a: Alolamala|74/100 tox
|-damage|p2a: Alolamala|67/100 tox
|-damage|p2a: Alolamala|59/100 tox
|-damage|p2a: Alolamala|52/100 tox
|-hitcount|p2a: Alolamala|4
|-unboost|p1a: 큘무|def|1
|-boost|p1a: 큘무|spe|1
|
|-damage|p2a: Alolamala|46/100 tox|[from] psn
|-damage|p1a: 큘무|27/100 brn|[from] brn
|upkeep
|turn|26
|
|t:|1759048668
|move|p1a: 큘무|Dragon Dance|p1a: 큘무
|-boost|p1a: 큘무|atk|1
|-boost|p1a: 큘무|spe|1
|move|p2a: Alolamala|Flip Turn|p1a: 큘무
|-resisted|p1a: 큘무
|-damage|p1a: 큘무|6/100 brn
|
|t:|1759048674
|switch|p2a: Cinderece|Cinderace, M|99/100|[from] Flip Turn
|
|-damage|p1a: 큘무|0 fnt|[from] brn
|faint|p1a: 큘무
|upkeep
|
|t:|1759048687
|switch|p1a: 었럿|Dondozo, F, shiny|100/100
|turn|27
|
|t:|1759048701
|move|p2a: Cinderece|U-turn|p1a: 었럿
|-start|p2a: Cinderece|typechange|Bug|[from] ability: Libero
|-damage|p1a: 었럿|89/100
|
|t:|1759048703
|switch|p2a: Alolamala|Alomomola, F|79/100 tox|[from] U-turn
|move|p1a: 었럿|Wave Crash|p2a: Alolamala
|-resisted|p2a: Alolamala
|-damage|p2a: Alolamala|68/100 tox
|-damage|p1a: 었럿|85/100|[from] Recoil
|
|-heal|p1a: 었럿|91/100|[from] item: Leftovers
|-damage|p2a: Alolamala|62/100 tox|[from] psn
|upkeep
|turn|28
|
|t:|1759048717
|move|p2a: Alolamala|Flip Turn|p1a: 었럿
|-resisted|p1a: 었럿
|-damage|p1a: 었럿|87/100
|
|t:|1759048721
|switch|p2a: Meowscareda|Meowscarada, F|100/100|[from] Flip Turn
|move|p1a: 었럿|Body Press|p2a: Meowscareda
|-supereffective|p2a: Meowscareda
|-damage|p2a: Meowscareda|12/100
|
|-heal|p1a: 었럿|93/100|[from] item: Leftovers
|upkeep
|turn|29
|
|t:|1759048736
|switch|p1a: 글랑온|Gliscor, F, shiny|100/100 tox
|move|p2a: Meowscareda|U-turn|p1a: 글랑온
|-start|p2a: Meowscareda|typechange|Bug|[from] ability: Protean
|-resisted|p1a: 글랑온
|-damage|p1a: 글랑온|81/100 tox
|
|t:|1759048740
|switch|p2a: Alolamala|Alomomola, F|95/100 tox|[from] U-turn
|
|-heal|p1a: 글랑온|93/100 tox|[from] ability: Poison Heal
|-damage|p2a: Alolamala|89/100 tox|[from] psn
|upkeep
|turn|30
|
|t:|1759048755
|move|p1a: 글랑온|Earthquake|p2a: Alolamala
|-damage|p2a: Alolamala|70/100 tox
|move|p2a: Alolamala|Wish|p2a: Alolamala
|
|-heal|p1a: 글랑온|100/100 tox|[from] ability: Poison Heal
|-damage|p2a: Alolamala|58/100 tox|[from] psn
|upkeep
|turn|31
|
|t:|1759048775
|move|p1a: 글랑온|Earthquake|p2a: Alolamala
|-damage|p2a: Alolamala|39/100 tox
|move|p2a: Alolamala|Flip Turn|p1a: 글랑온
|-supereffective|p1a: 글랑온
|-damage|p1a: 글랑온|75/100 tox
|
|t:|1759048778
|switch|p2a: Meowscareda|Meowscarada, F|12/100|[from] Flip Turn
|
|-heal|p2a: Meowscareda|100/100|[from] move: Wish|[wisher] Alolamala
|-heal|p1a: 글랑온|87/100 tox|[from] ability: Poison Heal
|upkeep
|turn|32
|
|t:|1759048790
|switch|p2a: Thundurus-Tharien|Thundurus-Therian, M, shiny, tera:Flying|88/100 tox
|-terastallize|p1a: 글랑온|Steel
|move|p1a: 글랑온|Substitute|p1a: 글랑온
|-start|p1a: 글랑온|Substitute
|-damage|p1a: 글랑온|62/100 tox
|
|-damage|p2a: Thundurus-Tharien|82/100 tox|[from] psn
|-heal|p1a: 글랑온|74/100 tox|[from] ability: Poison Heal
|upkeep
|turn|33
|
|t:|1759048800
|move|p2a: Thundurus-Tharien|Volt Switch|p1a: 글랑온
|-end|p1a: 글랑온|Substitute
|
|t:|1759048803
|switch|p2a: Alolamala|Alomomola, F|72/100 tox|[from] Volt Switch
|move|p1a: 글랑온|Toxic|p2a: Alolamala
|-fail|p2a: Alolamala|tox
|
|-heal|p1a: 글랑온|87/100 tox|[from] ability: Poison Heal
|-damage|p2a: Alolamala|66/100 tox|[from] psn
|upkeep
|turn|34
|
|t:|1759048809
|switch|p1a: 었럿|Dondozo, F, shiny|93/100
|switch|p2a: Thundurus-Tharien|Thundurus-Therian, M, shiny, tera:Flying|82/100 tox
|
|-heal|p1a: 었럿|99/100|[from] item: Leftovers
|-damage|p2a: Thundurus-Tharien|76/100 tox|[from] psn
|upkeep
|turn|35
|
|t:|1759048815
|move|p2a: Thundurus-Tharien|Volt Switch|p1a: 었럿
|-supereffective|p1a: 었럿
|-damage|p1a: 었럿|0 fnt
|faint|p1a: 었럿
|
|t:|1759048823
|switch|p2a: Cinderece|Cinderace, M|99/100|[from] Volt Switch
|
|upkeep
|
|t:|1759048828
|switch|p1a: 글랑온|Gliscor, F, shiny, tera:Steel|87/100 tox
|turn|36
|
|t:|1759048838
|move|p2a: Cinderece|U-turn|p1a: 글랑온
|-start|p2a: Cinderece|typechange|Bug|[from] ability: Libero
|-resisted|p1a: 글랑온
|-damage|p1a: 글랑온|77/100 tox
|
|t:|1759048872
|switch|p2a: Thundurus-Tharien|Thundurus-Therian, M, shiny, tera:Flying|76/100 tox|[from] U-turn
|move|p1a: 글랑온|Earthquake|p2a: Thundurus-Tharien
|-immune|p2a: Thundurus-Tharien
|
|-damage|p2a: Thundurus-Tharien|70/100 tox|[from] psn
|-heal|p1a: 글랑온|90/100 tox|[from] ability: Poison Heal
|upkeep
|turn|37
|
|t:|1759048880
|switch|p1a: 맛칸|Meowscarada, F, shiny|100/100
|move|p2a: Thundurus-Tharien|Volt Switch|p1a: 맛칸
|-resisted|p1a: 맛칸
|-damage|p1a: 맛칸|54/100
|
|t:|1759048885
|switch|p2a: Cinderece|Cinderace, M|99/100|[from] Volt Switch
|
|upkeep
|turn|38
|
|t:|1759048895
|move|p1a: 맛칸|Knock Off|p2a: Cinderece
|-start|p1a: 맛칸|typechange|Dark|[from] ability: Protean
|-damage|p2a: Cinderece|29/100
|-enditem|p2a: Cinderece|Heavy-Duty Boots|[from] move: Knock Off|[of] p1a: 맛칸
|move|p2a: Cinderece|U-turn|p1a: 맛칸
|-start|p2a: Cinderece|typechange|Bug|[from] ability: Libero
|-supereffective|p1a: 맛칸
|-damage|p1a: 맛칸|0 fnt
|faint|p1a: 맛칸
|c|☆Chilling On The OU|Btw
|c|☆Chilling On The OU|Max defense
|c|☆Chilling On The OU|Max hp
|c|☆Chilling On The OU|Cinderace
|
|t:|1759048919
|switch|p2a: Thundurus-Tharien|Thundurus-Therian, M, shiny, tera:Flying|70/100 tox|[from] U-turn
|
|-damage|p2a: Thundurus-Tharien|64/100 tox|[from] psn
|upkeep
|
|t:|1759048926
|switch|p1a: 맘복치|Alomomola, M, shiny|100/100
|turn|39
|
|t:|1759048929
|move|p2a: Thundurus-Tharien|Volt Switch|p1a: 맘복치
|-supereffective|p1a: 맘복치
|-damage|p1a: 맘복치|41/100
|
|t:|1759048933
|switch|p2a: Alolamala|Alomomola, F|99/100 tox|[from] Volt Switch
|move|p1a: 맘복치|Mirror Coat|p2a: Alolamala
|-damage|p2a: Alolamala|0 fnt
|faint|p2a: Alolamala
|
|upkeep
|
|t:|1759048940
|switch|p2a: Thundurus-Tharien|Thundurus-Therian, M, shiny, tera:Flying|64/100 tox
|turn|40
|
|t:|1759048951
|switch|p1a: 글랑온|Gliscor, F, shiny, tera:Steel|90/100 tox
|move|p2a: Thundurus-Tharien|Tera Blast|p1a: 글랑온|[anim] Tera Blast Flying
|-resisted|p1a: 글랑온
|-damage|p1a: 글랑온|32/100 tox
|
|-damage|p2a: Thundurus-Tharien|58/100 tox|[from] psn
|-heal|p1a: 글랑온|44/100 tox|[from] ability: Poison Heal
|upkeep
|turn|41
|
|t:|1759048960
|move|p1a: 글랑온|Protect|p1a: 글랑온
|-singleturn|p1a: 글랑온|Protect
|move|p2a: Thundurus-Tharien|Tera Blast|p1a: 글랑온|[anim] Tera Blast Flying
|-activate|p1a: 글랑온|move: Protect
|
|-damage|p2a: Thundurus-Tharien|46/100 tox|[from] psn
|-heal|p1a: 글랑온|57/100 tox|[from] ability: Poison Heal
|upkeep
|turn|42
|
|t:|1759048970
|move|p2a: Thundurus-Tharien|Tera Blast|p1a: 글랑온|[anim] Tera Blast Flying
|-resisted|p1a: 글랑온
|-damage|p1a: 글랑온|0 fnt
|faint|p1a: 글랑온
|
|-damage|p2a: Thundurus-Tharien|28/100 tox|[from] psn
|upkeep
|
|t:|1759048975
|switch|p1a: 맘복치|Alomomola, M, shiny|74/100
|turn|43
|
|t:|1759048988
|switch|p2a: Goodra-Husui|Goodra-Hisui, F, shiny|55/100
|move|p1a: 맘복치|Mirror Coat||[still]
|-fail|p1a: 맘복치
|
|upkeep
|turn|44
|-message|rkxks forfeited.
|
|win|Chilling On The OU
|raw|rkxks's rating: 1317 &rarr; <strong>1298</strong><br />(-19 for losing)
|raw|Chilling On The OU's rating: 1329 &rarr; <strong>1348</strong><br />(+19 for winning)
|l|☆rkxks
|player|p1|
