|j|☆hatogorudo
|j|☆witdflow
|t:|1758936582
|gametype|singles
|player|p1|hatogorudo|170|1282
|player|p2|witdflow|norman|1300
|gen|9
|tier|[Gen 9] OU
|rated|
|rule|HP Percentage Mod: HP is shown in percentages
|rule|Endless Battle Clause: Forcing endless battles is banned
|rule|Species Clause: Limit one of each Pokémon
|rule|OHKO Clause: OHKO moves are banned
|rule|Evasion Items Clause: Evasion items are banned
|rule|Evasion Moves Clause: Evasion moves are banned
|rule|Evasion Abilities Clause: Evasion abilities are banned
|rule|Sleep Moves Clause: Sleep-inducing moves are banned
|clearpoke
|poke|p1|Ceruledge, F|
|poke|p1|Iron Valiant|
|poke|p1|Pecharunt|
|poke|p1|Iron Treads|
|poke|p1|Enamorus, F|
|poke|p1|Araquanid, F|
|poke|p2|Clefable, F|
|poke|p2|Weezing-Galar, M|
|poke|p2|Skeledirge, M|
|poke|p2|Alomomola, F|
|poke|p2|Ditto|
|poke|p2|Ting-Lu|
|teampreview
|inactive|Battle timer is ON: inactive players will automatically lose when time's up. (requested by hatogorudo)
|
|t:|1758936620
|teamsize|p1|6
|teamsize|p2|6
|start
|switch|p1a: Araquanid|Araquanid, F|100/100
|switch|p2a: Ditto|Ditto, shiny|100/100
|-transform|p2a: Ditto|p1a: Araquanid|[from] ability: Imposter
|turn|1
|
|t:|1758936635
|switch|p2a: Alomomola|Alomomola, F, shiny|100/100
|move|p1a: Araquanid|Sticky Web|p2a: Alomomola
|-sidestart|p2: witdflow|move: Sticky Web
|
|upkeep
|turn|2
|
|t:|1758936639
|move|p2a: Alomomola|Light Screen|p2a: Alomomola
|-sidestart|p2: witdflow|move: Light Screen
|move|p1a: Araquanid|Lunge|p2a: Alomomola
|-damage|p2a: Alomomola|89/100
|-unboost|p2a: Alomomola|atk|1
|-damage|p1a: Araquanid|84/100|[from] item: Rocky Helmet|[of] p2a: Alomomola
|
|upkeep
|turn|3
|
|t:|1758936645
|move|p2a: Alomomola|Wish|p2a: Alomomola
|move|p1a: Araquanid|Surf|p2a: Alomomola
|-resisted|p2a: Alomomola
|-damage|p2a: Alomomola|78/100
|
|upkeep
|turn|4
|
|t:|1758936648
|move|p2a: Alomomola|Flip Turn|p1a: Araquanid
|-resisted|p1a: Araquanid
|-damage|p1a: Araquanid|79/100
|-enditem|p1a: Araquanid|Red Card|[of] p2a: Alomomola
|drag|p2a: Ting-Lu|Ting-Lu, shiny|100/100
|-activate|p2a: Ting-Lu|move: Sticky Web
|-unboost|p2a: Ting-Lu|spe|1
|-ability|p2a: Ting-Lu|Vessel of Ruin
|move|p1a: Araquanid|Surf|p2a: Ting-Lu
|-supereffective|p2a: Ting-Lu
|-damage|p2a: Ting-Lu|84/100
|
|-heal|p2a: Ting-Lu|100/100|[from] move: Wish|[wisher] Alomomola
|upkeep
|turn|5
|
|t:|1758936660
|switch|p2a: Weezing|Weezing-Galar, M, shiny|100/100
|-ability|p2a: Weezing|Neutralizing Gas
|-activate|p2a: Weezing|move: Sticky Web
|-unboost|p2a: Weezing|spe|1
|move|p1a: Araquanid|Lunge|p2a: Weezing
|-resisted|p2a: Weezing
|-damage|p2a: Weezing|98/100
|-unboost|p2a: Weezing|atk|1
|
|-heal|p2a: Weezing|100/100|[from] item: Leftovers
|upkeep
|turn|6
|
|t:|1758936686
|move|p2a: Weezing|Will-O-Wisp|p1a: Araquanid
|-status|p1a: Araquanid|brn
|move|p1a: Araquanid|Surf|p2a: Weezing
|-damage|p2a: Weezing|86/100
|
|-heal|p2a: Weezing|92/100|[from] item: Leftovers
|-damage|p1a: Araquanid|73/100 brn|[from] brn
|-sideend|p2: witdflow|move: Light Screen
|upkeep
|turn|7
|
|t:|1758936708
|-end|p2a: Weezing|ability: Neutralizing Gas
|switch|p2a: Alomomola|Alomomola, F, shiny|100/100
|-activate|p1a: Araquanid|ability: Water Bubble
|-curestatus|p1a: Araquanid|brn|[msg]
|-activate|p2a: Alomomola|move: Sticky Web
|-unboost|p2a: Alomomola|spe|1
|switch|p1a: Pecharunt|Pecharunt|100/100
|-item|p1a: Pecharunt|Air Balloon
|
|upkeep
|turn|8
|
|t:|1758936727
|switch|p2a: Ting-Lu|Ting-Lu, shiny|100/100
|-activate|p2a: Ting-Lu|move: Sticky Web
|-unboost|p2a: Ting-Lu|spe|1
|-ability|p2a: Ting-Lu|Vessel of Ruin
|move|p1a: Pecharunt|Nasty Plot|p1a: Pecharunt
|-boost|p1a: Pecharunt|spa|2
|
|upkeep
|turn|9
|
|t:|1758936732
|move|p1a: Pecharunt|Malignant Chain|p2a: Ting-Lu
|-resisted|p2a: Ting-Lu
|-damage|p2a: Ting-Lu|88/100
|move|p2a: Ting-Lu|Ruination|p1a: Pecharunt|[miss]
|-miss|p2a: Ting-Lu|p1a: Pecharunt
|
|-heal|p2a: Ting-Lu|94/100|[from] item: Leftovers
|upkeep
|turn|10
|
|t:|1758936738
|move|p1a: Pecharunt|Malignant Chain|p2a: Ting-Lu
|-resisted|p2a: Ting-Lu
|-damage|p2a: Ting-Lu|82/100
|move|p2a: Ting-Lu|Ruination|p1a: Pecharunt|[miss]
|-miss|p2a: Ting-Lu|p1a: Pecharunt
|
|-heal|p2a: Ting-Lu|88/100|[from] item: Leftovers
|upkeep
|turn|11
|
|t:|1758936743
|move|p1a: Pecharunt|Malignant Chain|p2a: Ting-Lu
|-resisted|p2a: Ting-Lu
|-damage|p2a: Ting-Lu|75/100
|-status|p2a: Ting-Lu|tox
|-start|p2a: Ting-Lu|confusion|[from] ability: Poison Puppeteer|[of] p1a: Pecharunt
|-activate|p2a: Ting-Lu|confusion
|move|p2a: Ting-Lu|Ruination|p1a: Pecharunt
|-damage|p1a: Pecharunt|50/100
|-enditem|p1a: Pecharunt|Air Balloon
|
|-heal|p2a: Ting-Lu|82/100 tox|[from] item: Leftovers
|-damage|p2a: Ting-Lu|75/100 tox|[from] psn
|upkeep
|turn|12
|
|t:|1758936753
|move|p1a: Pecharunt|Destiny Bond|p1a: Pecharunt
|-singlemove|p1a: Pecharunt|Destiny Bond
|-activate|p2a: Ting-Lu|confusion
|-damage|p2a: Ting-Lu|70/100 tox|[from] confusion
|
|-heal|p2a: Ting-Lu|76/100 tox|[from] item: Leftovers
|-damage|p2a: Ting-Lu|64/100 tox|[from] psn
|upkeep
|turn|13
|c|☆witdflow|lol
|
|t:|1758936761
|move|p1a: Pecharunt|Shadow Ball|p2a: Ting-Lu
|-resisted|p2a: Ting-Lu
|-damage|p2a: Ting-Lu|53/100 tox
|-activate|p2a: Ting-Lu|confusion
|move|p2a: Ting-Lu|Sand Tomb|p1a: Pecharunt
|-supereffective|p1a: Pecharunt
|-damage|p1a: Pecharunt|34/100
|-activate|p1a: Pecharunt|move: Sand Tomb|[of] p2a: Ting-Lu
|
|-heal|p2a: Ting-Lu|59/100 tox|[from] item: Leftovers
|-damage|p2a: Ting-Lu|40/100 tox|[from] psn
|-damage|p1a: Pecharunt|22/100|[from] move: Sand Tomb|[partiallytrapped]
|upkeep
|turn|14
|
|t:|1758936768
|move|p1a: Pecharunt|Destiny Bond|p1a: Pecharunt
|-singlemove|p1a: Pecharunt|Destiny Bond
|-activate|p2a: Ting-Lu|confusion
|move|p2a: Ting-Lu|Rest|p2a: Ting-Lu
|-status|p2a: Ting-Lu|slp|[from] move: Rest
|-heal|p2a: Ting-Lu|100/100 slp|[silent]
|
|-damage|p1a: Pecharunt|9/100|[from] move: Sand Tomb|[partiallytrapped]
|upkeep
|turn|15
|
|t:|1758936783
|switch|p1a: Iron Valiant|Iron Valiant|100/100
|-enditem|p1a: Iron Valiant|Booster Energy
|-activate|p1a: Iron Valiant|ability: Quark Drive|[fromitem]
|-start|p1a: Iron Valiant|quarkdrivespe
|cant|p2a: Ting-Lu|slp
|
|upkeep
|turn|16
|inactive|witdflow has 120 seconds left.
|
|t:|1758936817
|switch|p2a: Skeledirge|Skeledirge, M, shiny|100/100
|-activate|p2a: Skeledirge|move: Sticky Web
|-unboost|p2a: Skeledirge|spe|1
|move|p1a: Iron Valiant|Knock Off|p2a: Skeledirge
|-supereffective|p2a: Skeledirge
|-damage|p2a: Skeledirge|56/100
|-damage|p1a: Iron Valiant|84/100|[from] item: Rocky Helmet|[of] p2a: Skeledirge
|-enditem|p2a: Skeledirge|Rocky Helmet|[from] move: Knock Off|[of] p1a: Iron Valiant
|
|upkeep
|turn|17
|
|t:|1758936841
|-end|p1a: Iron Valiant|Quark Drive|[silent]
|switch|p1a: Araquanid|Araquanid, F|73/100
|move|p2a: Skeledirge|Slack Off|p2a: Skeledirge
|-heal|p2a: Skeledirge|100/100
|
|upkeep
|turn|18
|
|t:|1758936848
|switch|p2a: Alomomola|Alomomola, F, shiny|100/100
|-activate|p2a: Alomomola|move: Sticky Web
|-unboost|p2a: Alomomola|spe|1
|move|p1a: Araquanid|Surf|p2a: Alomomola
|-resisted|p2a: Alomomola
|-damage|p2a: Alomomola|77/100
|
|upkeep
|turn|19
|
|t:|1758936860
|switch|p1a: Enamorus|Enamorus, F|100/100
|move|p2a: Alomomola|Light Screen|p2a: Alomomola
|-sidestart|p2: witdflow|move: Light Screen
|
|upkeep
|turn|20
|
|t:|1758936870
|move|p1a: Enamorus|Substitute|p1a: Enamorus
|-start|p1a: Enamorus|Substitute
|-damage|p1a: Enamorus|76/100
|move|p2a: Alomomola|Flip Turn|p1a: Enamorus
|-end|p1a: Enamorus|Substitute
|
|t:|1758936884
|switch|p2a: Ditto|Ditto, shiny|100/100|[from] Flip Turn
|-activate|p2a: Ditto|move: Sticky Web
|-unboost|p2a: Ditto|spe|1
|-transform|p2a: Ditto|p1a: Enamorus|[from] ability: Imposter
|
|upkeep
|turn|21
|
|t:|1758936907
|switch|p1a: Araquanid|Araquanid, F|73/100
|move|p2a: Ditto|Moonblast|p1a: Araquanid
|-damage|p1a: Araquanid|31/100
|
|upkeep
|turn|22
|
|t:|1758936915
|move|p2a: Ditto|Moonblast|p1a: Araquanid
|-damage|p1a: Araquanid|0 fnt
|faint|p1a: Araquanid
|
|upkeep
|
|t:|1758936932
|switch|p1a: Ceruledge|Ceruledge, F|100/100
|turn|23
|
|t:|1758936946
|move|p2a: Ditto|Substitute|p2a: Ditto
|-start|p2a: Ditto|Substitute
|-damage|p2a: Ditto|75/100
|move|p1a: Ceruledge|Swords Dance|p1a: Ceruledge
|-boost|p1a: Ceruledge|atk|2
|
|-sideend|p2: witdflow|move: Light Screen
|upkeep
|turn|24
|-activate|p2a: Ditto|item: Quick Claw
|
|t:|1758936952
|move|p2a: Ditto|Earth Power|p1a: Ceruledge
|-supereffective|p1a: Ceruledge
|-damage|p1a: Ceruledge|18/100
|move|p1a: Ceruledge|Bitter Blade|p2a: Ditto
|-end|p2a: Ditto|Substitute
|-heal|p1a: Ceruledge|31/100|[from] drain|[of] p2a: Ditto
|
|upkeep
|turn|25
|-activate|p2a: Ditto|item: Quick Claw
|
|t:|1758936972
|move|p1a: Ceruledge|Shadow Sneak|p2a: Ditto
|-damage|p2a: Ditto|2/100
|move|p2a: Ditto|Earth Power|p1a: Ceruledge
|-supereffective|p1a: Ceruledge
|-damage|p1a: Ceruledge|0 fnt
|faint|p1a: Ceruledge
|
|upkeep
|
|t:|1758936985
|switch|p1a: Enamorus|Enamorus, F|76/100
|turn|26
|
|t:|1758936994
|switch|p2a: Clefable|Clefable, F, shiny|100/100
|-activate|p2a: Clefable|move: Sticky Web
|-unboost|p2a: Clefable|spe|1
|move|p1a: Enamorus|Moonblast|p2a: Clefable
|-damage|p2a: Clefable|63/100
|-unboost|p2a: Clefable|spa|1
|
|-heal|p2a: Clefable|69/100|[from] item: Leftovers
|upkeep
|turn|27
|
|t:|1758937000
|move|p1a: Enamorus|Moonblast|p2a: Clefable
|-damage|p2a: Clefable|23/100
|move|p2a: Clefable|Wish|p2a: Clefable
|
|-heal|p2a: Clefable|29/100|[from] item: Leftovers
|upkeep
|turn|28
|
|t:|1758937003
|move|p2a: Clefable|Protect|p2a: Clefable
|-singleturn|p2a: Clefable|Protect
|move|p1a: Enamorus|Moonblast|p2a: Clefable
|-activate|p2a: Clefable|move: Protect
|
|-heal|p2a: Clefable|79/100|[from] move: Wish|[wisher] Clefable
|-heal|p2a: Clefable|85/100|[from] item: Leftovers
|upkeep
|turn|29
|
|t:|1758937007
|move|p1a: Enamorus|Moonblast|p2a: Clefable
|-damage|p2a: Clefable|47/100
|move|p2a: Clefable|Wish|p2a: Clefable
|
|-heal|p2a: Clefable|53/100|[from] item: Leftovers
|upkeep
|turn|30
|
|t:|1758937010
|move|p2a: Clefable|Protect|p2a: Clefable
|-singleturn|p2a: Clefable|Protect
|move|p1a: Enamorus|Moonblast|p2a: Clefable
|-activate|p2a: Clefable|move: Protect
|
|-heal|p2a: Clefable|100/100|[from] move: Wish|[wisher] Clefable
|upkeep
|turn|31
|
|t:|1758937013
|move|p1a: Enamorus|Moonblast|p2a: Clefable
|-damage|p2a: Clefable|65/100
|-unboost|p2a: Clefable|spa|1
|move|p2a: Clefable|Wish|p2a: Clefable
|
|-heal|p2a: Clefable|72/100|[from] item: Leftovers
|upkeep
|turn|32
|
|t:|1758937020
|move|p1a: Enamorus|Substitute|p1a: Enamorus
|-start|p1a: Enamorus|Substitute
|-damage|p1a: Enamorus|51/100
|move|p2a: Clefable|Cosmic Power|p2a: Clefable
|-boost|p2a: Clefable|def|1
|-boost|p2a: Clefable|spd|1
|
|-heal|p2a: Clefable|100/100|[from] move: Wish|[wisher] Clefable
|upkeep
|turn|33
|
|t:|1758937025
|move|p1a: Enamorus|Moonblast|p2a: Clefable
|-damage|p2a: Clefable|77/100
|move|p2a: Clefable|Cosmic Power|p2a: Clefable
|-boost|p2a: Clefable|def|1
|-boost|p2a: Clefable|spd|1
|
|-heal|p2a: Clefable|83/100|[from] item: Leftovers
|upkeep
|turn|34
|
|t:|1758937030
|move|p1a: Enamorus|Moonblast|p2a: Clefable
|-damage|p2a: Clefable|60/100
|move|p2a: Clefable|Wish|p2a: Clefable
|
|-heal|p2a: Clefable|66/100|[from] item: Leftovers
|upkeep
|turn|35
|
|t:|1758937033
|move|p1a: Enamorus|Moonblast|p2a: Clefable
|-damage|p2a: Clefable|39/100
|-unboost|p2a: Clefable|spa|1
|move|p2a: Clefable|Charge Beam|p1a: Enamorus
|-supereffective|p1a: Enamorus
|-activate|p1a: Enamorus|move: Substitute|[damage]
|-boost|p2a: Clefable|spa|1
|
|-heal|p2a: Clefable|89/100|[from] move: Wish|[wisher] Clefable
|-heal|p2a: Clefable|95/100|[from] item: Leftovers
|upkeep
|turn|36
|
|t:|1758937040
|move|p1a: Enamorus|Moonblast|p2a: Clefable
|-crit|p2a: Clefable
|-damage|p2a: Clefable|10/100
|move|p2a: Clefable|Wish|p2a: Clefable
|
|-heal|p2a: Clefable|16/100|[from] item: Leftovers
|upkeep
|turn|37
|
|t:|1758937045
|move|p2a: Clefable|Protect|p2a: Clefable
|-singleturn|p2a: Clefable|Protect
|move|p1a: Enamorus|Moonblast|p2a: Clefable
|-activate|p2a: Clefable|move: Protect
|
|-heal|p2a: Clefable|66/100|[from] move: Wish|[wisher] Clefable
|-heal|p2a: Clefable|72/100|[from] item: Leftovers
|upkeep
|turn|38
|
|t:|1758937048
|move|p1a: Enamorus|Moonblast|p2a: Clefable
|-damage|p2a: Clefable|54/100
|move|p2a: Clefable|Wish|p2a: Clefable
|
|-heal|p2a: Clefable|60/100|[from] item: Leftovers
|upkeep
|turn|39
|
|t:|1758937052
|move|p1a: Enamorus|Moonblast|p2a: Clefable
|-damage|p2a: Clefable|36/100
|-unboost|p2a: Clefable|spa|1
|move|p2a: Clefable|Cosmic Power|p2a: Clefable
|-boost|p2a: Clefable|def|1
|-boost|p2a: Clefable|spd|1
|
|-heal|p2a: Clefable|86/100|[from] move: Wish|[wisher] Clefable
|-heal|p2a: Clefable|92/100|[from] item: Leftovers
|upkeep
|turn|40
|
|t:|1758937056
|move|p1a: Enamorus|Moonblast|p2a: Clefable
|-damage|p2a: Clefable|69/100
|-unboost|p2a: Clefable|spa|1
|move|p2a: Clefable|Wish|p2a: Clefable
|
|-heal|p2a: Clefable|75/100|[from] item: Leftovers
|upkeep
|turn|41
|
|t:|1758937060
|move|p1a: Enamorus|Moonblast|p2a: Clefable
|-damage|p2a: Clefable|51/100
|move|p2a: Clefable|Cosmic Power|p2a: Clefable
|-boost|p2a: Clefable|def|1
|-boost|p2a: Clefable|spd|1
|
|-heal|p2a: Clefable|100/100|[from] move: Wish|[wisher] Clefable
|upkeep
|turn|42
|
|t:|1758937063
|move|p1a: Enamorus|Moonblast|p2a: Clefable
|-damage|p2a: Clefable|77/100
|move|p2a: Clefable|Wish|p2a: Clefable
|
|-heal|p2a: Clefable|83/100|[from] item: Leftovers
|upkeep
|turn|43
|
|t:|1758937067
|move|p1a: Enamorus|Moonblast|p2a: Clefable
|-damage|p2a: Clefable|57/100
|-unboost|p2a: Clefable|spa|1
|move|p2a: Clefable|Cosmic Power|p2a: Clefable
|-boost|p2a: Clefable|def|1
|-boost|p2a: Clefable|spd|1
|
|-heal|p2a: Clefable|100/100|[from] move: Wish|[wisher] Clefable
|upkeep
|turn|44
|
|t:|1758937069
|move|p1a: Enamorus|Earth Power|p2a: Clefable
|-damage|p2a: Clefable|93/100
|move|p2a: Clefable|Cosmic Power|p2a: Clefable
|-boost|p2a: Clefable|def|1
|-boost|p2a: Clefable|spd|1
|
|-heal|p2a: Clefable|99/100|[from] item: Leftovers
|upkeep
|turn|45
|
|t:|1758937073
|move|p1a: Enamorus|Earth Power|p2a: Clefable
|-damage|p2a: Clefable|92/100
|-unboost|p2a: Clefable|spd|1
|move|p2a: Clefable|Charge Beam|p1a: Enamorus
|-supereffective|p1a: Enamorus
|-activate|p1a: Enamorus|move: Substitute|[damage]
|
|-heal|p2a: Clefable|98/100|[from] item: Leftovers
|upkeep
|turn|46
|
|t:|1758937076
|move|p1a: Enamorus|Earth Power|p2a: Clefable
|-damage|p2a: Clefable|89/100
|move|p2a: Clefable|Charge Beam|p1a: Enamorus
|-supereffective|p1a: Enamorus
|-end|p1a: Enamorus|Substitute
|
|-heal|p2a: Clefable|95/100|[from] item: Leftovers
|upkeep
|turn|47
|
|t:|1758937079
|move|p1a: Enamorus|Earth Power|p2a: Clefable
|-damage|p2a: Clefable|83/100
|move|p2a: Clefable|Cosmic Power|p2a: Clefable
|-boost|p2a: Clefable|def|0
|-boost|p2a: Clefable|spd|1
|
|-heal|p2a: Clefable|89/100|[from] item: Leftovers
|upkeep
|turn|48
|
|t:|1758937082
|-terastallize|p1a: Enamorus|Ground
|move|p1a: Enamorus|Earth Power|p2a: Clefable
|-damage|p2a: Clefable|72/100
|move|p2a: Clefable|Charge Beam|p1a: Enamorus
|-immune|p1a: Enamorus
|
|-heal|p2a: Clefable|78/100|[from] item: Leftovers
|upkeep
|turn|49
|
|t:|1758937086
|move|p1a: Enamorus|Earth Power|p2a: Clefable
|-damage|p2a: Clefable|58/100
|move|p2a: Clefable|Wish|p2a: Clefable
|
|-heal|p2a: Clefable|64/100|[from] item: Leftovers
|upkeep
|turn|50
|
|t:|1758937111
|switch|p2a: Alomomola|Alomomola, F, shiny|100/100
|-activate|p2a: Alomomola|move: Sticky Web
|-unboost|p2a: Alomomola|spe|1
|move|p1a: Enamorus|Substitute|p1a: Enamorus
|-start|p1a: Enamorus|Substitute
|-damage|p1a: Enamorus|26/100
|
|upkeep
|turn|51
|
|t:|1758937120
|move|p1a: Enamorus|Superpower|p2a: Alomomola
|-damage|p2a: Alomomola|85/100
|-boost|p1a: Enamorus|atk|1
|-boost|p1a: Enamorus|def|1
|-damage|p1a: Enamorus|9/100|[from] item: Rocky Helmet|[of] p2a: Alomomola
|move|p2a: Alomomola|Wish|p2a: Alomomola
|
|upkeep
|turn|52
|
|t:|1758937128
|move|p1a: Enamorus|Moonblast|p2a: Alomomola
|-damage|p2a: Alomomola|16/100
|-unboost|p2a: Alomomola|spa|1
|move|p2a: Alomomola|Light Screen|p2a: Alomomola
|-sidestart|p2: witdflow|move: Light Screen
|
|-heal|p2a: Alomomola|66/100|[from] move: Wish|[wisher] Alomomola
|upkeep
|turn|53
|
|t:|1758937135
|move|p1a: Enamorus|Moonblast|p2a: Alomomola
|-damage|p2a: Alomomola|27/100
|move|p2a: Alomomola|Wish|p2a: Alomomola
|
|upkeep
|turn|54
|
|t:|1758937141
|move|p2a: Alomomola|Protect|p2a: Alomomola
|-singleturn|p2a: Alomomola|Protect
|move|p1a: Enamorus|Earth Power|p2a: Alomomola
|-activate|p2a: Alomomola|move: Protect
|
|-heal|p2a: Alomomola|77/100|[from] move: Wish|[wisher] Alomomola
|upkeep
|turn|55
|
|t:|1758937146
|move|p1a: Enamorus|Moonblast|p2a: Alomomola
|-damage|p2a: Alomomola|41/100
|-unboost|p2a: Alomomola|spa|1
|move|p2a: Alomomola|Wish|p2a: Alomomola
|
|upkeep
|turn|56
|
|t:|1758937150
|move|p2a: Alomomola|Protect|p2a: Alomomola
|-singleturn|p2a: Alomomola|Protect
|move|p1a: Enamorus|Earth Power|p2a: Alomomola
|-activate|p2a: Alomomola|move: Protect
|
|-heal|p2a: Alomomola|91/100|[from] move: Wish|[wisher] Alomomola
|-sideend|p2: witdflow|move: Light Screen
|upkeep
|turn|57
|
|t:|1758937156
|move|p1a: Enamorus|Earth Power|p2a: Alomomola
|-damage|p2a: Alomomola|27/100
|move|p2a: Alomomola|Wish|p2a: Alomomola
|
|upkeep
|turn|58
|
|t:|1758937165
|move|p2a: Alomomola|Protect|p2a: Alomomola
|-singleturn|p2a: Alomomola|Protect
|move|p1a: Enamorus|Substitute|p1a: Enamorus
|-fail|p1a: Enamorus|move: Substitute
|
|-heal|p2a: Alomomola|77/100|[from] move: Wish|[wisher] Alomomola
|upkeep
|turn|59
|
|t:|1758937169
|switch|p2a: Skeledirge|Skeledirge, M, shiny|100/100
|-activate|p2a: Skeledirge|move: Sticky Web
|-unboost|p2a: Skeledirge|spe|1
|move|p1a: Enamorus|Earth Power|p2a: Skeledirge
|-supereffective|p2a: Skeledirge
|-damage|p2a: Skeledirge|0 fnt
|faint|p2a: Skeledirge
|
|upkeep
|
|t:|1758937186
|switch|p2a: Weezing|Weezing-Galar, M, shiny|92/100
|-ability|p2a: Weezing|Neutralizing Gas
|-activate|p2a: Weezing|move: Sticky Web
|-unboost|p2a: Weezing|spe|1
|turn|60
|
|t:|1758937189
|-terastallize|p2a: Weezing|Flying
|move|p1a: Enamorus|Earth Power|p2a: Weezing
|-immune|p2a: Weezing
|move|p2a: Weezing|Play Rough|p1a: Enamorus
|-end|p1a: Enamorus|Substitute
|
|-heal|p2a: Weezing|98/100|[from] item: Leftovers
|upkeep
|turn|61
|
|t:|1758937201
|move|p1a: Enamorus|Moonblast|p2a: Weezing
|-damage|p2a: Weezing|21/100
|move|p2a: Weezing|Play Rough|p1a: Enamorus
|-damage|p1a: Enamorus|0 fnt
|faint|p1a: Enamorus
|
|-heal|p2a: Weezing|27/100|[from] item: Leftovers
|upkeep
|
|t:|1758937209
|switch|p1a: Iron Treads|Iron Treads|100/100
|turn|62
|
|t:|1758937212
|move|p1a: Iron Treads|Rock Tomb|p2a: Weezing
|-supereffective|p2a: Weezing
|-damage|p2a: Weezing|0 fnt
|faint|p2a: Weezing
|-end|p2a: Weezing|ability: Neutralizing Gas
|-enditem|p1a: Iron Treads|Booster Energy
|-activate|p1a: Iron Treads|ability: Quark Drive|[fromitem]
|-start|p1a: Iron Treads|quarkdriveatk
|
|upkeep
|
|t:|1758937217
|switch|p2a: Alomomola|Alomomola, F, shiny|100/100
|-activate|p2a: Alomomola|move: Sticky Web
|-unboost|p2a: Alomomola|spe|1
|turn|63
|
|t:|1758937221
|move|p1a: Iron Treads|Stealth Rock|p2a: Alomomola
|-sidestart|p2: witdflow|move: Stealth Rock
|move|p2a: Alomomola|Light Screen|p2a: Alomomola
|-sidestart|p2: witdflow|move: Light Screen
|
|upkeep
|turn|64
|
|t:|1758937226
|move|p1a: Iron Treads|Earthquake|p2a: Alomomola
|-damage|p2a: Alomomola|65/100
|move|p2a: Alomomola|Wish|p2a: Alomomola
|
|upkeep
|turn|65
|
|t:|1758937234
|move|p1a: Iron Treads|Earthquake|p2a: Alomomola
|-damage|p2a: Alomomola|26/100
|move|p2a: Alomomola|Flip Turn|p1a: Iron Treads
|-supereffective|p1a: Iron Treads
|-damage|p1a: Iron Treads|68/100
|
|t:|1758937237
|switch|p2a: Ting-Lu|Ting-Lu, shiny|100/100 slp|[from] Flip Turn
|-activate|p2a: Ting-Lu|move: Sticky Web
|-unboost|p2a: Ting-Lu|spe|1
|-damage|p2a: Ting-Lu|94/100 slp|[from] Stealth Rock
|-ability|p2a: Ting-Lu|Vessel of Ruin
|
|-heal|p2a: Ting-Lu|100/100 slp|[from] move: Wish|[wisher] Alomomola
|upkeep
|turn|66
|
|t:|1758937244
|move|p1a: Iron Treads|Earthquake|p2a: Ting-Lu
|-damage|p2a: Ting-Lu|63/100 slp
|cant|p2a: Ting-Lu|slp
|move|p2a: Ting-Lu|Sleep Talk|p2a: Ting-Lu
|move|p2a: Ting-Lu|Sand Tomb|p1a: Iron Treads|[from] move: Sleep Talk
|-supereffective|p1a: Iron Treads
|-damage|p1a: Iron Treads|45/100
|-activate|p1a: Iron Treads|move: Sand Tomb|[of] p2a: Ting-Lu
|
|-heal|p2a: Ting-Lu|69/100 slp|[from] item: Leftovers
|-damage|p1a: Iron Treads|33/100|[from] move: Sand Tomb|[partiallytrapped]
|upkeep
|turn|67
|
|t:|1758937253
|move|p1a: Iron Treads|Earthquake|p2a: Ting-Lu
|-damage|p2a: Ting-Lu|31/100 slp
|-curestatus|p2a: Ting-Lu|slp|[msg]
|move|p2a: Ting-Lu|Rest|p2a: Ting-Lu
|-status|p2a: Ting-Lu|slp|[from] move: Rest
|-heal|p2a: Ting-Lu|100/100 slp|[silent]
|
|-damage|p1a: Iron Treads|20/100|[from] move: Sand Tomb|[partiallytrapped]
|-sideend|p2: witdflow|move: Light Screen
|upkeep
|turn|68
|
|t:|1758937260
|move|p1a: Iron Treads|Earthquake|p2a: Ting-Lu
|-crit|p2a: Ting-Lu
|-damage|p2a: Ting-Lu|45/100 slp
|cant|p2a: Ting-Lu|slp
|move|p2a: Ting-Lu|Sleep Talk|p2a: Ting-Lu
|move|p2a: Ting-Lu|Rest||[from] move: Sleep Talk|[still]
|-fail|p2a: Ting-Lu
|
|-heal|p2a: Ting-Lu|51/100 slp|[from] item: Leftovers
|-damage|p1a: Iron Treads|8/100|[from] move: Sand Tomb|[partiallytrapped]
|upkeep
|turn|69
|
|t:|1758937271
|move|p1a: Iron Treads|Earthquake|p2a: Ting-Lu
|-damage|p2a: Ting-Lu|17/100 slp
|cant|p2a: Ting-Lu|slp
|move|p2a: Ting-Lu|Sleep Talk|p2a: Ting-Lu
|move|p2a: Ting-Lu|Ruination|p1a: Iron Treads|[from] move: Sleep Talk
|-damage|p1a: Iron Treads|4/100
|
|-heal|p2a: Ting-Lu|24/100 slp|[from] item: Leftovers
|-damage|p1a: Iron Treads|0 fnt|[from] move: Sand Tomb|[partiallytrapped]
|faint|p1a: Iron Treads
|-end|p1a: Iron Treads|Quark Drive|[silent]
|upkeep
|
|t:|1758937275
|switch|p1a: Iron Valiant|Iron Valiant|84/100
|turn|70
|
|t:|1758937290
|switch|p2a: Alomomola|Alomomola, F, shiny|60/100
|-activate|p2a: Alomomola|move: Sticky Web
|-unboost|p2a: Alomomola|spe|1
|-damage|p2a: Alomomola|47/100|[from] Stealth Rock
|move|p1a: Iron Valiant|Moonblast|p2a: Alomomola
|-damage|p2a: Alomomola|0 fnt
|faint|p2a: Alomomola
|
|upkeep
|
|t:|1758937294
|switch|p2a: Clefable|Clefable, F, shiny|64/100
|-activate|p2a: Clefable|move: Sticky Web
|-unboost|p2a: Clefable|spe|1
|-damage|p2a: Clefable|52/100|[from] Stealth Rock
|turn|71
|
|t:|1758937302
|move|p2a: Clefable|Protect|p2a: Clefable
|-singleturn|p2a: Clefable|Protect
|move|p1a: Iron Valiant|Moonblast|p2a: Clefable
|-activate|p2a: Clefable|move: Protect
|
|-heal|p2a: Clefable|58/100|[from] item: Leftovers
|upkeep
|turn|72
|
|t:|1758937321
|move|p1a: Iron Valiant|Moonblast|p2a: Clefable
|-damage|p2a: Clefable|33/100
|-unboost|p2a: Clefable|spa|1
|move|p2a: Clefable|Wish|p2a: Clefable
|
|-heal|p2a: Clefable|39/100|[from] item: Leftovers
|upkeep
|turn|73
|
|t:|1758937327
|move|p2a: Clefable|Protect|p2a: Clefable
|-singleturn|p2a: Clefable|Protect
|move|p1a: Iron Valiant|Knock Off|p2a: Clefable
|-activate|p2a: Clefable|move: Protect
|
|-heal|p2a: Clefable|89/100|[from] move: Wish|[wisher] Clefable
|-heal|p2a: Clefable|95/100|[from] item: Leftovers
|upkeep
|turn|74
|
|t:|1758937335
|move|p1a: Iron Valiant|Knock Off|p2a: Clefable
|-resisted|p2a: Clefable
|-damage|p2a: Clefable|76/100
|-enditem|p2a: Clefable|Leftovers|[from] move: Knock Off|[of] p1a: Iron Valiant
|move|p2a: Clefable|Cosmic Power|p2a: Clefable
|-boost|p2a: Clefable|def|1
|-boost|p2a: Clefable|spd|1
|
|upkeep
|turn|75
|
|t:|1758937345
|-end|p1a: Iron Valiant|Quark Drive|[silent]
|switch|p1a: Pecharunt|Pecharunt|9/100
|move|p2a: Clefable|Wish|p2a: Clefable
|
|upkeep
|turn|76
|
|t:|1758937350
|move|p1a: Pecharunt|Destiny Bond|p1a: Pecharunt
|-singlemove|p1a: Pecharunt|Destiny Bond
|move|p2a: Clefable|Charge Beam|p1a: Pecharunt
|-damage|p1a: Pecharunt|2/100
|-boost|p2a: Clefable|spa|1
|
|-heal|p2a: Clefable|100/100|[from] move: Wish|[wisher] Clefable
|upkeep
|turn|77
|c|☆witdflow|lmao
|
|t:|1758937362
|move|p1a: Pecharunt|Malignant Chain|p2a: Clefable
|-supereffective|p2a: Clefable
|-damage|p2a: Clefable|71/100
|move|p2a: Clefable|Charge Beam|p1a: Pecharunt
|-damage|p1a: Pecharunt|0 fnt
|-boost|p2a: Clefable|spa|1
|faint|p1a: Pecharunt
|
|upkeep
|n|!hatogorudo|hatogorudo
|-message|hatogorudo forfeited.
|
|win|witdflow
