|j|☆106abd
|j|☆ettiriddure
|t:|1758994082
|gametype|singles
|player|p1|106abd|hilbert-wonderlauncher|1442
|player|p2|ettiriddure|hilbert|1487
|gen|9
|tier|[Gen 9] OU
|rated|
|rule|HP Percentage Mod: HP is shown in percentages
|rule|Endless Battle Clause: Forcing endless battles is banned
|rule|Species Clause: Limit one of each Pokémon
|rule|OHKO Clause: OHKO moves are banned
|rule|Evasion Items Clause: Evasion items are banned
|rule|Evasion Moves Clause: Evasion moves are banned
|rule|Evasion Abilities Clause: Evasion abilities are banned
|rule|Sleep Moves Clause: Sleep-inducing moves are banned
|clearpoke
|poke|p1|Whimsicott, M|
|poke|p1|Garganacl, M|
|poke|p1|Dragapult, M|
|poke|p1|Talonflame, M|
|poke|p1|Kingambit, M|
|poke|p1|Greninja-*, M|
|poke|p2|Moltres-Galar|
|poke|p2|Iron Crown|
|poke|p2|Great Tusk|
|poke|p2|Pecharunt|
|poke|p2|Samurott-Hisui, F|
|poke|p2|Clodsire, F|
|teampreview
|inactive|Battle timer is ON: inactive players will automatically lose when time's up. (requested by ettiriddure)
|inactive|106abd has 120 seconds left.
|
|t:|1758994113
|teamsize|p1|6
|teamsize|p2|6
|start
|switch|p1a: Garganacl|Garganacl, M|100/100
|switch|p2a: Iron Crown|Iron Crown|100/100
|turn|1
|
|t:|1758994122
|move|p1a: Garganacl|Protect|p1a: Garganacl
|-singleturn|p1a: Garganacl|Protect
|move|p2a: Iron Crown|Future Sight|p1a: Garganacl
|-start|p2a: Iron Crown|move: Future Sight
|
|upkeep
|turn|2
|
|t:|1758994128
|switch|p1a: Kingambit|Kingambit, M|100/100
|move|p2a: Iron Crown|Volt Switch|p1a: Kingambit
|-damage|p1a: Kingambit|76/100
|
|t:|1758994140
|-end|p2a: Iron Crown|Quark Drive|[silent]
|switch|p2a: Great Tusk|Great Tusk|100/100|[from] Volt Switch
|
|-heal|p1a: Kingambit|82/100|[from] item: Leftovers
|upkeep
|turn|3
|inactive|106abd has 120 seconds left.
|
|t:|1758994171
|-end|p1a: Kingambit|fallenundefined|[silent]
|switch|p1a: Greninja|Greninja, M, shiny|100/100
|move|p2a: Great Tusk|Stealth Rock|p1a: Greninja
|-sidestart|p1: 106abd|move: Stealth Rock
|
|-end|p1a: Greninja|move: Future Sight
|-immune|p1a: Greninja
|upkeep
|turn|4
|
|t:|1758994179
|-end|p2a: Great Tusk|Protosynthesis|[silent]
|switch|p2a: Iron Crown|Iron Crown|100/100
|move|p1a: Greninja|Ice Beam|p2a: Iron Crown
|-start|p1a: Greninja|typechange|Ice|[from] ability: Protean
|-resisted|p2a: Iron Crown
|-damage|p2a: Iron Crown|86/100
|-damage|p1a: Greninja|91/100|[from] item: Life Orb
|
|upkeep
|turn|5
|
|t:|1758994189
|move|p1a: Greninja|Dark Pulse|p2a: Iron Crown
|-supereffective|p2a: Iron Crown
|-damage|p2a: Iron Crown|53/100
|-damage|p1a: Greninja|81/100|[from] item: Life Orb
|move|p2a: Iron Crown|Volt Switch|p1a: Greninja
|-damage|p1a: Greninja|40/100
|
|t:|1758994198
|-end|p2a: Iron Crown|Quark Drive|[silent]
|switch|p2a: Samurott|Samurott-Hisui, F|100/100|[from] Volt Switch
|
|upkeep
|turn|6
|
|t:|1758994206
|switch|p1a: Whimsicott|Whimsicott, M|100/100
|-damage|p1a: Whimsicott|88/100|[from] Stealth Rock
|move|p2a: Samurott|Swords Dance|p2a: Samurott
|-boost|p2a: Samurott|atk|2
|
|upkeep
|turn|7
|
|t:|1758994212
|switch|p2a: Pecharunt|Pecharunt|100/100
|move|p1a: Whimsicott|Moonblast|p2a: Pecharunt
|-resisted|p2a: Pecharunt
|-damage|p2a: Pecharunt|84/100
|
|upkeep
|turn|8
|
|t:|1758994225
|switch|p1a: Garganacl|Garganacl, M|100/100
|-damage|p1a: Garganacl|88/100|[from] Stealth Rock
|move|p2a: Pecharunt|Malignant Chain|p1a: Garganacl
|-resisted|p1a: Garganacl
|-damage|p1a: Garganacl|77/100
|
|-heal|p1a: Garganacl|83/100|[from] item: Leftovers
|upkeep
|turn|9
|
|t:|1758994236
|switch|p2a: Clodsire|Clodsire, F|100/100
|move|p1a: Garganacl|Salt Cure|p2a: Clodsire
|-resisted|p2a: Clodsire
|-damage|p2a: Clodsire|93/100
|-start|p2a: Clodsire|Salt Cure
|
|-heal|p1a: Garganacl|90/100|[from] item: Leftovers
|-damage|p2a: Clodsire|81/100|[from] Salt Cure
|upkeep
|turn|10
|
|t:|1758994244
|move|p2a: Clodsire|Toxic Spikes|p1a: Garganacl
|-sidestart|p1: 106abd|move: Toxic Spikes
|move|p1a: Garganacl|Avalanche|p2a: Clodsire
|-supereffective|p2a: Clodsire
|-damage|p2a: Clodsire|49/100
|
|-heal|p1a: Garganacl|96/100|[from] item: Leftovers
|-damage|p2a: Clodsire|36/100|[from] Salt Cure
|upkeep
|turn|11
|
|t:|1758994258
|move|p2a: Clodsire|Recover|p2a: Clodsire
|-heal|p2a: Clodsire|86/100
|move|p1a: Garganacl|Avalanche|p2a: Clodsire
|-supereffective|p2a: Clodsire
|-damage|p2a: Clodsire|56/100
|
|-heal|p1a: Garganacl|100/100|[from] item: Leftovers
|-damage|p2a: Clodsire|43/100|[from] Salt Cure
|upkeep
|turn|12
|
|t:|1758994266
|move|p1a: Garganacl|Salt Cure|p2a: Clodsire
|-resisted|p2a: Clodsire
|-damage|p2a: Clodsire|36/100
|move|p2a: Clodsire|Toxic Spikes|p1a: Garganacl
|-sidestart|p1: 106abd|move: Toxic Spikes
|
|-damage|p2a: Clodsire|23/100|[from] Salt Cure
|upkeep
|turn|13
|
|t:|1758994270
|move|p2a: Clodsire|Recover|p2a: Clodsire
|-heal|p2a: Clodsire|74/100
|move|p1a: Garganacl|Avalanche|p2a: Clodsire
|-supereffective|p2a: Clodsire
|-damage|p2a: Clodsire|42/100
|
|-damage|p2a: Clodsire|30/100|[from] Salt Cure
|upkeep
|turn|14
|
|t:|1758994275
|move|p1a: Garganacl|Salt Cure|p2a: Clodsire
|-resisted|p2a: Clodsire
|-damage|p2a: Clodsire|22/100
|move|p2a: Clodsire|Recover|p2a: Clodsire
|-heal|p2a: Clodsire|72/100
|
|-damage|p2a: Clodsire|59/100|[from] Salt Cure
|upkeep
|turn|15
|
|t:|1758994280
|switch|p2a: Iron Crown|Iron Crown|53/100
|move|p1a: Garganacl|Avalanche|p2a: Iron Crown
|-resisted|p2a: Iron Crown
|-damage|p2a: Iron Crown|47/100
|
|upkeep
|turn|16
|
|t:|1758994288
|move|p2a: Iron Crown|Tachyon Cutter|p1a: Garganacl
|-supereffective|p1a: Garganacl
|-damage|p1a: Garganacl|60/100
|-supereffective|p1a: Garganacl
|-damage|p1a: Garganacl|21/100
|-hitcount|p1a: Garganacl|2
|move|p1a: Garganacl|Salt Cure|p2a: Iron Crown
|-resisted|p2a: Iron Crown
|-damage|p2a: Iron Crown|40/100
|-start|p2a: Iron Crown|Salt Cure
|
|-heal|p1a: Garganacl|27/100|[from] item: Leftovers
|-damage|p2a: Iron Crown|15/100|[from] Salt Cure
|upkeep
|turn|17
|
|t:|1758994301
|move|p2a: Iron Crown|Future Sight|p1a: Garganacl
|-start|p2a: Iron Crown|move: Future Sight
|move|p1a: Garganacl|Recover|p1a: Garganacl
|-heal|p1a: Garganacl|77/100
|
|-heal|p1a: Garganacl|83/100|[from] item: Leftovers
|-damage|p2a: Iron Crown|0 fnt|[from] Salt Cure
|faint|p2a: Iron Crown
|-end|p2a: Iron Crown|Quark Drive|[silent]
|upkeep
|
|t:|1758994319
|switch|p2a: Moltres|Moltres-Galar|100/100
|turn|18
|
|t:|1758994329
|-terastallize|p2a: Moltres|Fairy
|move|p2a: Moltres|Nasty Plot|p2a: Moltres
|-boost|p2a: Moltres|spa|2
|move|p1a: Garganacl|Salt Cure|p2a: Moltres
|-damage|p2a: Moltres|84/100
|-start|p2a: Moltres|Salt Cure
|
|-heal|p1a: Garganacl|89/100|[from] item: Leftovers
|-damage|p2a: Moltres|72/100|[from] Salt Cure
|upkeep
|turn|19
|
|t:|1758994342
|switch|p1a: Kingambit|Kingambit, M|82/100
|-damage|p1a: Kingambit|76/100|[from] Stealth Rock
|move|p2a: Moltres|Nasty Plot|p2a: Moltres
|-boost|p2a: Moltres|spa|2
|
|-end|p1a: Kingambit|move: Future Sight
|-immune|p1a: Kingambit
|-heal|p1a: Kingambit|82/100|[from] item: Leftovers
|-damage|p2a: Moltres|59/100|[from] Salt Cure
|upkeep
|turn|20
|
|t:|1758994350
|move|p2a: Moltres|Hurricane|p1a: Kingambit|[miss]
|-miss|p2a: Moltres|p1a: Kingambit
|move|p1a: Kingambit|Iron Head|p2a: Moltres
|-supereffective|p2a: Moltres
|-damage|p2a: Moltres|0 fnt
|faint|p2a: Moltres
|
|-heal|p1a: Kingambit|89/100|[from] item: Leftovers
|upkeep
|
|t:|1758994361
|switch|p2a: Great Tusk|Great Tusk|100/100
|turn|21
|
|t:|1758994367
|-end|p1a: Kingambit|fallenundefined|[silent]
|switch|p1a: Talonflame|Talonflame, M|100/100
|move|p2a: Great Tusk|Knock Off|p1a: Talonflame
|-crit|p1a: Talonflame
|-damage|p1a: Talonflame|65/100
|-enditem|p1a: Talonflame|Heavy-Duty Boots|[from] move: Knock Off|[of] p2a: Great Tusk
|
|upkeep
|turn|22
|
|t:|1758994375
|-end|p2a: Great Tusk|Protosynthesis|[silent]
|switch|p2a: Samurott|Samurott-Hisui, F|100/100
|move|p1a: Talonflame|Defog|p2a: Samurott
|-unboost|p2a: Samurott|evasion|1
|-sideend|p1: 106abd|Toxic Spikes|[from] move: Defog|[of] p1a: Talonflame
|-sideend|p1: 106abd|Stealth Rock|[from] move: Defog|[of] p1a: Talonflame
|
|upkeep
|turn|23
|
|t:|1758994380
|switch|p1a: Whimsicott|Whimsicott, M|88/100
|move|p2a: Samurott|Swords Dance|p2a: Samurott
|-boost|p2a: Samurott|atk|2
|
|upkeep
|turn|24
|
|t:|1758994389
|move|p2a: Samurott|Sucker Punch|p1a: Whimsicott
|-resisted|p1a: Whimsicott
|-crit|p1a: Whimsicott
|-damage|p1a: Whimsicott|7/100
|move|p1a: Whimsicott|Moonblast|p2a: Samurott
|-supereffective|p2a: Samurott
|-damage|p2a: Samurott|0 fnt
|faint|p2a: Samurott
|
|upkeep
|
|t:|1758994395
|switch|p2a: Pecharunt|Pecharunt|84/100
|turn|25
|
|t:|1758994401
|switch|p1a: Garganacl|Garganacl, M|89/100
|move|p2a: Pecharunt|Nasty Plot|p2a: Pecharunt
|-boost|p2a: Pecharunt|spa|2
|
|-heal|p1a: Garganacl|96/100|[from] item: Leftovers
|upkeep
|turn|26
|-message|ettiriddure forfeited.
|
|win|106abd
|raw|106abd's rating: 1442 &rarr; <strong>1465</strong><br />(+23 for winning)
|raw|ettiriddure's rating: 1487 &rarr; <strong>1464</strong><br />(-23 for losing)
|l|☆ettiriddure
|player|p2|
|l|☆106abd
|player|p1|
