|j|☆Juicepar
|j|☆fregene97
|t:|1759041171
|gametype|singles
|player|p1|Juicepar|lucas|1530
|player|p2|fregene97|pokefan-gen4|1487
|gen|9
|tier|[Gen 9] OU
|rated|
|rule|HP Percentage Mod: HP is shown in percentages
|rule|Endless Battle Clause: Forcing endless battles is banned
|rule|Species Clause: Limit one of each Pokémon
|rule|OHKO Clause: OHKO moves are banned
|rule|Evasion Items Clause: Evasion items are banned
|rule|Evasion Moves Clause: Evasion moves are banned
|rule|Evasion Abilities Clause: Evasion abilities are banned
|rule|Sleep Moves Clause: Sleep-inducing moves are banned
|clearpoke
|poke|p1|Great Tusk|
|poke|p1|Kingambit, F|
|poke|p1|Deoxys-Speed|
|poke|p1|Iron Moth|
|poke|p1|Dragonite, F|
|poke|p1|Primarina, M|
|poke|p2|Toxtricity, F|
|poke|p2|Glimmora, M|
|poke|p2|Darkrai|
|poke|p2|Salamence, F|
|poke|p2|Gholdengo|
|poke|p2|Ogerpon-Wellspring, F|
|teampreview
|
|t:|1759041212
|teamsize|p1|6
|teamsize|p2|6
|start
|switch|p1a: Deoxys|Deoxys-Speed|100/100
|switch|p2a: Glimmora|Glimmora, M|100/100
|-ability|p1a: Deoxys|Pressure
|turn|1
|inactive|Battle timer is ON: inactive players will automatically lose when time's up. (requested by fregene97)
|
|t:|1759041253
|move|p1a: Deoxys|Psycho Boost|p2a: Glimmora
|-supereffective|p2a: Glimmora
|-enditem|p2a: Glimmora|Focus Sash
|-damage|p2a: Glimmora|1/100
|-unboost|p1a: Deoxys|spa|2
|-damage|p1a: Deoxys|91/100|[from] item: Life Orb
|move|p2a: Glimmora|Power Gem|p1a: Deoxys
|-damage|p1a: Deoxys|23/100
|
|upkeep
|turn|2
|
|t:|1759041266
|switch|p1a: Kingambit|Kingambit, F|100/100
|switch|p2a: Gholdengo|Gholdengo|100/100
|-item|p2a: Gholdengo|Air Balloon
|
|upkeep
|turn|3
|
|t:|1759041273
|switch|p2a: Ogerpon|Ogerpon-Wellspring, F|100/100
|move|p1a: Kingambit|Kowtow Cleave|p2a: Ogerpon
|-damage|p2a: Ogerpon|40/100
|
|upkeep
|turn|4
|
|t:|1759041290
|move|p1a: Kingambit|Sucker Punch|p2a: Ogerpon
|-damage|p2a: Ogerpon|0 fnt
|faint|p2a: Ogerpon
|
|upkeep
|
|t:|1759041301
|switch|p2a: Glimmora|Glimmora, M|1/100
|turn|5
|
|t:|1759041307
|move|p2a: Glimmora|Stealth Rock|p1a: Kingambit
|-sidestart|p1: Juicepar|move: Stealth Rock
|move|p1a: Kingambit|Kowtow Cleave|p2a: Glimmora
|-damage|p2a: Glimmora|0 fnt
|-activate|p2a: Glimmora|ability: Toxic Debris
|-sidestart|p1: Juicepar|move: Toxic Spikes
|faint|p2a: Glimmora
|
|upkeep
|
|t:|1759041317
|switch|p2a: Gholdengo|Gholdengo|100/100
|-item|p2a: Gholdengo|Air Balloon
|turn|6
|
|t:|1759041321
|-terastallize|p2a: Gholdengo|Fairy
|move|p2a: Gholdengo|Nasty Plot|p2a: Gholdengo
|-boost|p2a: Gholdengo|spa|2
|move|p1a: Kingambit|Kowtow Cleave|p2a: Gholdengo
|-resisted|p2a: Gholdengo
|-damage|p2a: Gholdengo|74/100
|-enditem|p2a: Gholdengo|Air Balloon
|
|upkeep
|turn|7
|
|t:|1759041327
|move|p2a: Gholdengo|Make It Rain|p1a: Kingambit
|-resisted|p1a: Kingambit
|-damage|p1a: Kingambit|26/100
|-unboost|p2a: Gholdengo|spa|1
|move|p1a: Kingambit|Iron Head|p2a: Gholdengo
|-supereffective|p2a: Gholdengo
|-damage|p2a: Gholdengo|0 fnt
|faint|p2a: Gholdengo
|
|-heal|p1a: Kingambit|32/100|[from] item: Leftovers
|upkeep
|
|t:|1759041333
|switch|p2a: Toxtricity|Toxtricity, F|100/100
|turn|8
|
|t:|1759041347
|move|p1a: Kingambit|Sucker Punch|p2a: Toxtricity
|-damage|p2a: Toxtricity|39/100
|move|p2a: Toxtricity|Overdrive|p1a: Kingambit
|-crit|p1a: Kingambit
|-damage|p1a: Kingambit|0 fnt
|faint|p1a: Kingambit
|-end|p1a: Kingambit|fallenundefined|[silent]
|-enditem|p2a: Toxtricity|Throat Spray
|-boost|p2a: Toxtricity|spa|1|[from] item: Throat Spray
|
|upkeep
|
|t:|1759041353
|switch|p1a: Iron Moth|Iron Moth|100/100
|-damage|p1a: Iron Moth|76/100|[from] Stealth Rock
|-sideend|p1: Juicepar|move: Toxic Spikes|[of] p1a: Iron Moth
|-enditem|p1a: Iron Moth|Booster Energy
|-activate|p1a: Iron Moth|ability: Quark Drive|[fromitem]
|-start|p1a: Iron Moth|quarkdrivespe
|turn|9
|
|t:|1759041355
|move|p1a: Iron Moth|Fiery Dance|p2a: Toxtricity
|-damage|p2a: Toxtricity|0 fnt
|-boost|p1a: Iron Moth|spa|1
|faint|p2a: Toxtricity
|
|upkeep
|
|t:|1759041361
|switch|p2a: Salamence|Salamence, F|100/100
|turn|10
|
|t:|1759041369
|-terastallize|p1a: Iron Moth|Ground
|move|p1a: Iron Moth|Sludge Wave|p2a: Salamence
|-damage|p2a: Salamence|6/100
|move|p2a: Salamence|Dual Wingbeat|p1a: Iron Moth
|-damage|p1a: Iron Moth|41/100
|-damage|p1a: Iron Moth|5/100
|-hitcount|p1a: Iron Moth|2
|
|upkeep
|turn|11
|
|t:|1759041378
|move|p1a: Iron Moth|Fiery Dance|p2a: Salamence
|-resisted|p2a: Salamence
|-damage|p2a: Salamence|0 fnt
|-boost|p1a: Iron Moth|spa|1
|faint|p2a: Salamence
|
|upkeep
|
|t:|1759041379
|switch|p2a: Darkrai|Darkrai|100/100
|turn|12
|
|t:|1759041382
|move|p1a: Iron Moth|Sludge Wave|p2a: Darkrai
|-damage|p2a: Darkrai|0 fnt
|faint|p2a: Darkrai
|
|win|Juicepar
|raw|Juicepar's rating: 1530 &rarr; <strong>1548</strong><br />(+18 for winning)
|raw|fregene97's rating: 1487 &rarr; <strong>1469</strong><br />(-18 for losing)
|l|☆fregene97
|player|p2|
