|j|☆Shiny_kairyu
|j|☆PrincessGardevoir
|t:|1759039176
|gametype|singles
|player|p1|Shiny_kairyu|burglar|1711
|player|p2|PrincessGardevoir|yancy|1731
|gen|9
|tier|[Gen 9] OU
|rated|
|rule|HP Percentage Mod: HP is shown in percentages
|rule|Endless Battle Clause: Forcing endless battles is banned
|rule|Species Clause: Limit one of each Pokémon
|rule|OHKO Clause: OHKO moves are banned
|rule|Evasion Items Clause: Evasion items are banned
|rule|Evasion Moves Clause: Evasion moves are banned
|rule|Evasion Abilities Clause: Evasion abilities are banned
|rule|Sleep Moves Clause: Sleep-inducing moves are banned
|clearpoke
|poke|p1|Iron Valiant|
|poke|p1|Glimmora, M|
|poke|p1|Araquanid, F|
|poke|p1|Dragapult, M|
|poke|p1|Kingambit, F|
|poke|p1|Landorus-Therian, M|
|poke|p2|Pecharunt|
|poke|p2|Darkrai|
|poke|p2|Zapdos|
|poke|p2|Zamazenta-*|
|poke|p2|Gholdengo|
|poke|p2|Ceruledge, F|
|teampreview
|c|☆PrincessGardevoir|hf
|c|☆Shiny_kairyu|hf hf
|
|t:|1759039206
|teamsize|p1|6
|teamsize|p2|6
|start
|switch|p1a: Glimmora|Glimmora, M|100/100
|switch|p2a: The World|Gholdengo|100/100
|-item|p2a: The World|Air Balloon
|turn|1
|
|t:|1759039210
|switch|p1a: Landorus|Landorus-Therian, M|100/100
|-ability|p1a: Landorus|Intimidate|boost
|-unboost|p2a: The World|atk|1
|move|p2a: The World|Make It Rain|p1a: Landorus
|-damage|p1a: Landorus|29/100
|-unboost|p2a: The World|spa|1
|
|upkeep
|turn|2
|
|t:|1759039215
|move|p1a: Landorus|U-turn|p2a: The World
|-resisted|p2a: The World
|-damage|p2a: The World|95/100
|-enditem|p2a: The World|Air Balloon
|
|t:|1759039218
|switch|p1a: Araquanid|Araquanid, F|100/100|[from] U-turn
|move|p2a: The World|Nasty Plot|p2a: The World
|-boost|p2a: The World|spa|2
|
|upkeep
|turn|3
|
|t:|1759039221
|move|p2a: The World|Nasty Plot|p2a: The World
|-boost|p2a: The World|spa|2
|move|p1a: Araquanid|Liquidation|p2a: The World
|-damage|p2a: The World|0 fnt
|faint|p2a: The World
|
|upkeep
|c|☆PrincessGardevoir|oh that just kills
|c|☆PrincessGardevoir|LMFAO
|c|☆Shiny_kairyu|mhm
|
|t:|1759039234
|switch|p2a: The Magician|Zapdos|100/100
|turn|4
|
|t:|1759039238
|switch|p1a: Glimmora|Glimmora, M|100/100
|move|p2a: The Magician|Hurricane|p1a: Glimmora
|-resisted|p1a: Glimmora
|-damage|p1a: Glimmora|70/100
|
|upkeep
|turn|5
|
|t:|1759039241
|switch|p2a: Judgement|Zamazenta|100/100
|-ability|p2a: Judgement|Dauntless Shield|boost
|-boost|p2a: Judgement|def|1
|move|p1a: Glimmora|Meteor Beam||[still]
|-prepare|p1a: Glimmora|Meteor Beam
|-boost|p1a: Glimmora|spa|1
|-enditem|p1a: Glimmora|Power Herb
|-anim|p1a: Glimmora|Meteor Beam|p2a: Judgement
|-resisted|p2a: Judgement
|-damage|p2a: Judgement|56/100
|
|upkeep
|turn|6
|
|t:|1759039248
|switch|p1a: Landorus|Landorus-Therian, M|29/100
|-ability|p1a: Landorus|Intimidate|boost
|-unboost|p2a: Judgement|atk|1
|move|p2a: Judgement|Heavy Slam|p1a: Landorus
|-damage|p1a: Landorus|13/100
|-damage|p2a: Judgement|40/100|[from] item: Rocky Helmet|[of] p1a: Landorus
|
|upkeep
|turn|7
|j| Golem Rising
|
|t:|1759039253
|switch|p1a: Dragapult|Dragapult, M|100/100
|move|p2a: Judgement|Heavy Slam|p1a: Dragapult
|-damage|p1a: Dragapult|69/100
|
|upkeep
|turn|8
|
|t:|1759039257
|move|p2a: Judgement|Crunch|p1a: Dragapult
|-supereffective|p1a: Dragapult
|-damage|p1a: Dragapult|22/100
|move|p1a: Dragapult|Dragon Dance|p1a: Dragapult
|-boost|p1a: Dragapult|atk|1
|-boost|p1a: Dragapult|spe|1
|
|upkeep
|turn|9
|
|t:|1759039260
|move|p1a: Dragapult|Dragon Darts|p2a: Judgement
|-damage|p2a: Judgement|6/100
|-anim|p1a: Dragapult|Dragon Darts|p2a: Judgement
|-damage|p2a: Judgement|0 fnt
|faint|p2a: Judgement
|-damage|p1a: Dragapult|12/100|[from] item: Life Orb
|
|upkeep
|
|t:|1759039261
|switch|p2a: The Magician|Zapdos|100/100
|turn|10
|
|t:|1759039263
|move|p1a: Dragapult|Dragon Darts|p2a: The Magician
|-damage|p2a: The Magician|60/100
|-anim|p1a: Dragapult|Dragon Darts|p2a: The Magician
|-damage|p2a: The Magician|18/100
|-damage|p1a: Dragapult|2/100|[from] item: Life Orb
|move|p2a: The Magician|Volt Switch|p1a: Dragapult
|-resisted|p1a: Dragapult
|-damage|p1a: Dragapult|0 fnt
|faint|p1a: Dragapult
|
|t:|1759039279
|switch|p2a: Justice|Pecharunt|100/100|[from] Volt Switch
|
|upkeep
|
|t:|1759039285
|switch|p1a: Glimmora|Glimmora, M|70/100
|turn|11
|
|t:|1759039288
|move|p2a: Justice|Nasty Plot|p2a: Justice
|-boost|p2a: Justice|spa|2
|move|p1a: Glimmora|Earth Power|p2a: Justice
|-supereffective|p2a: Justice
|-damage|p2a: Justice|26/100
|
|upkeep
|turn|12
|c|☆Shiny_kairyu|uh oh
|c|☆Shiny_kairyu|the sussy variant
|c|☆PrincessGardevoir|lmao
|
|t:|1759039301
|move|p2a: Justice|Hex|p1a: Glimmora
|-damage|p1a: Glimmora|0 fnt
|faint|p1a: Glimmora
|
|upkeep
|
|t:|1759039303
|switch|p1a: Iron Valiant|Iron Valiant|100/100
|-enditem|p1a: Iron Valiant|Booster Energy
|-activate|p1a: Iron Valiant|ability: Quark Drive|[fromitem]
|-start|p1a: Iron Valiant|quarkdrivespe
|turn|13
|
|t:|1759039306
|move|p1a: Iron Valiant|Shadow Ball|p2a: Justice
|-supereffective|p2a: Justice
|-damage|p2a: Justice|0 fnt
|faint|p2a: Justice
|
|upkeep
|
|t:|1759039335
|switch|p2a: The Empress|Ceruledge, F|100/100
|turn|14
|
|t:|1759039342
|-terastallize|p2a: The Empress|Bug
|move|p1a: Iron Valiant|Shadow Ball|p2a: The Empress
|-damage|p2a: The Empress|73/100
|move|p2a: The Empress|Bulk Up|p2a: The Empress
|-boost|p2a: The Empress|atk|1
|-boost|p2a: The Empress|def|1
|
|upkeep
|turn|15
|c|☆PrincessGardevoir|can you not be the encore set thank you
|
|t:|1759039348
|move|p1a: Iron Valiant|Encore|p2a: The Empress
|-start|p2a: The Empress|Encore
|move|p2a: The Empress|Bulk Up|p2a: The Empress
|-boost|p2a: The Empress|atk|1
|-boost|p2a: The Empress|def|1
|
|upkeep
|turn|16
|c|☆PrincessGardevoir|beanns.
|c|☆PrincessGardevoir|well thats game LMFAO
|
|t:|1759039356
|switch|p2a: The Magician|Zapdos|18/100
|move|p1a: Iron Valiant|Moonblast|p2a: The Magician
|-damage|p2a: The Magician|0 fnt
|faint|p2a: The Magician
|
|upkeep
|
|t:|1759039358
|switch|p2a: The Empress|Ceruledge, F, tera:Bug|73/100
|turn|17
|
|t:|1759039360
|move|p1a: Iron Valiant|Moonblast|p2a: The Empress
|-damage|p2a: The Empress|26/100
|-unboost|p2a: The Empress|spa|1
|move|p2a: The Empress|Bitter Blade|p1a: Iron Valiant
|-damage|p1a: Iron Valiant|37/100
|-heal|p2a: The Empress|52/100|[from] drain|[of] p1a: Iron Valiant
|
|upkeep
|turn|18
|j| HuaiYi0923
|c|☆Shiny_kairyu|omg
|c|☆Shiny_kairyu|he's bulky
|c|☆PrincessGardevoir|yeah max hp
|
|t:|1759039372
|move|p1a: Iron Valiant|Moonblast|p2a: The Empress
|-damage|p2a: The Empress|6/100
|move|p2a: The Empress|Bitter Blade|p1a: Iron Valiant
|-damage|p1a: Iron Valiant|0 fnt
|-heal|p2a: The Empress|21/100|[from] drain|[of] p1a: Iron Valiant
|faint|p1a: Iron Valiant
|-end|p1a: Iron Valiant|Quark Drive|[silent]
|
|upkeep
|c|☆PrincessGardevoir|+2 ohko'd araq
|
|t:|1759039380
|switch|p1a: Landorus|Landorus-Therian, M|13/100
|-ability|p1a: Landorus|Intimidate|boost
|-unboost|p2a: The Empress|atk|1
|turn|19
|
|t:|1759039387
|move|p2a: The Empress|Shadow Sneak|p1a: Landorus
|-damage|p1a: Landorus|0 fnt
|-damage|p2a: The Empress|5/100|[from] item: Rocky Helmet|[of] p1a: Landorus
|faint|p1a: Landorus
|
|upkeep
|
|t:|1759039395
|switch|p1a: Kingambit|Kingambit, F|100/100
|-activate|p1a: Kingambit|ability: Supreme Overlord
|-start|p1a: Kingambit|fallen4|[silent]
|turn|20
|
|t:|1759039398
|switch|p2a: Death|Darkrai, shiny|100/100
|-terastallize|p1a: Kingambit|Fire
|move|p1a: Kingambit|Kowtow Cleave|p2a: Death
|-resisted|p2a: Death
|-damage|p2a: Death|44/100
|
|upkeep
|turn|21
|c|☆PrincessGardevoir|gg
|
|t:|1759039404
|move|p2a: Death|Dark Pulse|p1a: Kingambit
|-damage|p1a: Kingambit|57/100
|move|p1a: Kingambit|Kowtow Cleave|p2a: Death
|-resisted|p2a: Death
|-damage|p2a: Death|0 fnt
|faint|p2a: Death
|
|upkeep
|
|t:|1759039406
|switch|p2a: The Empress|Ceruledge, F, tera:Bug|5/100
|turn|22
|c|☆Shiny_kairyu|gg
|
|t:|1759039408
|move|p2a: The Empress|Poltergeist|p1a: Kingambit
|-activate|p1a: Kingambit|move: Poltergeist|Dread Plate
|-damage|p1a: Kingambit|11/100
|move|p1a: Kingambit|Kowtow Cleave|p2a: The Empress
|-damage|p2a: The Empress|0 fnt
|faint|p2a: The Empress
|
|win|Shiny_kairyu
|raw|Shiny_kairyu's rating: 1711 &rarr; <strong>1732</strong><br />(+21 for winning)
|raw|PrincessGardevoir's rating: 1731 &rarr; <strong>1710</strong><br />(-21 for losing)
|l|☆Shiny_kairyu
|player|p1|
|l| HuaiYi0923
|l| Golem Rising
|l|☆PrincessGardevoir
|player|p2|
|j|☆Shiny_kairyu
|player|p1|Shiny_kairyu|burglar|
