|j|☆staples
|j|‽egoist1111
|t:|1758954791
|gametype|singles
|player|p1|staples|marley|1388
|player|p2|egoist1111|pokemonrangerf-gen4|1398
|gen|9
|tier|[Gen 9] OU
|rated|
|rule|HP Percentage Mod: HP is shown in percentages
|rule|Endless Battle Clause: Forcing endless battles is banned
|rule|Species Clause: Limit one of each Pokémon
|rule|OHKO Clause: OHKO moves are banned
|rule|Evasion Items Clause: Evasion items are banned
|rule|Evasion Moves Clause: Evasion moves are banned
|rule|Evasion Abilities Clause: Evasion abilities are banned
|rule|Sleep Moves Clause: Sleep-inducing moves are banned
|clearpoke
|poke|p1|Raging Bolt|
|poke|p1|Ogerpon-Wellspring, F|
|poke|p1|Hatterene, F|
|poke|p1|Landorus-Therian, M|
|poke|p1|Kingambit, M|
|poke|p1|Zamazenta-*|
|poke|p2|Clodsire, M|
|poke|p2|Pelipper, F|
|poke|p2|Barraskewda, M|
|poke|p2|Zapdos|
|poke|p2|Incineroar, F|
|poke|p2|Corviknight, F|
|teampreview
|inactive|Battle timer is ON: inactive players will automatically lose when time's up. (requested by egoist1111)
|
|t:|1758954800
|teamsize|p1|6
|teamsize|p2|6
|start
|switch|p1a: Raging Bolt|Raging Bolt|100/100
|switch|p2a: Pelipper|Pelipper, F|100/100
|-weather|RainDance|[from] ability: Drizzle|[of] p2a: Pelipper
|turn|1
|
|t:|1758954812
|switch|p2a: Clodsire|Clodsire, M|100/100
|move|p1a: Raging Bolt|Draco Meteor|p2a: Clodsire
|-damage|p2a: Clodsire|43/100
|-unboost|p1a: Raging Bolt|spa|2
|
|-weather|RainDance|[upkeep]
|-heal|p2a: Clodsire|50/100|[from] item: Leftovers
|upkeep
|turn|2
|
|t:|1758954818
|move|p1a: Raging Bolt|Draco Meteor|p2a: Clodsire
|-damage|p2a: Clodsire|19/100
|-unboost|p1a: Raging Bolt|spa|2
|move|p2a: Clodsire|Recover|p2a: Clodsire
|-heal|p2a: Clodsire|69/100
|
|-weather|RainDance|[upkeep]
|-heal|p2a: Clodsire|75/100|[from] item: Leftovers
|upkeep
|turn|3
|
|t:|1758954829
|-end|p1a: Raging Bolt|Protosynthesis|[silent]
|switch|p1a: Hatterene|Hatterene, F|100/100
|move|p2a: Clodsire|Earthquake|p1a: Hatterene
|-damage|p1a: Hatterene|71/100
|
|-weather|RainDance|[upkeep]
|-heal|p2a: Clodsire|81/100|[from] item: Leftovers
|upkeep
|turn|4
|
|t:|1758954841
|switch|p2a: Incineroar|Incineroar, F|100/100
|-ability|p2a: Incineroar|Intimidate|boost
|-unboost|p1a: Hatterene|atk|1
|move|p1a: Hatterene|Mystical Fire|p2a: Incineroar
|-resisted|p2a: Incineroar
|-damage|p2a: Incineroar|94/100
|-unboost|p2a: Incineroar|spa|1
|
|-weather|RainDance|[upkeep]
|upkeep
|turn|5
|
|t:|1758954858
|switch|p1a: Landorus|Landorus-Therian, M|100/100
|-ability|p1a: Landorus|Intimidate|boost
|-unboost|p2a: Incineroar|atk|1
|move|p2a: Incineroar|Knock Off|p1a: Landorus
|-damage|p1a: Landorus|75/100
|-damage|p2a: Incineroar|78/100|[from] item: Rocky Helmet|[of] p1a: Landorus
|-enditem|p1a: Landorus|Rocky Helmet|[from] move: Knock Off|[of] p2a: Incineroar
|
|-weather|RainDance|[upkeep]
|upkeep
|turn|6
|
|t:|1758954873
|switch|p2a: Zapdos|Zapdos|100/100
|move|p1a: Landorus|Stealth Rock|p2a: Zapdos
|-sidestart|p2: egoist1111|move: Stealth Rock
|
|-weather|RainDance|[upkeep]
|upkeep
|turn|7
|
|t:|1758954890
|switch|p1a: Raging Bolt|Raging Bolt|100/100
|move|p2a: Zapdos|Hurricane|p1a: Raging Bolt
|-resisted|p1a: Raging Bolt
|-damage|p1a: Raging Bolt|73/100
|
|-weather|RainDance|[upkeep]
|upkeep
|turn|8
|
|t:|1758954899
|switch|p2a: Clodsire|Clodsire, M|81/100
|-damage|p2a: Clodsire|75/100|[from] Stealth Rock
|move|p1a: Raging Bolt|Draco Meteor|p2a: Clodsire
|-damage|p2a: Clodsire|17/100
|-unboost|p1a: Raging Bolt|spa|2
|
|-weather|none
|-heal|p2a: Clodsire|23/100|[from] item: Leftovers
|upkeep
|turn|9
|
|t:|1758954912
|switch|p2a: Corviknight|Corviknight, F|100/100
|-damage|p2a: Corviknight|88/100|[from] Stealth Rock
|-ability|p2a: Corviknight|Pressure
|move|p1a: Raging Bolt|Draco Meteor|p2a: Corviknight
|-resisted|p2a: Corviknight
|-damage|p2a: Corviknight|60/100
|-unboost|p1a: Raging Bolt|spa|2
|
|upkeep
|turn|10
|
|t:|1758954925
|-end|p1a: Raging Bolt|Protosynthesis|[silent]
|switch|p1a: Landorus|Landorus-Therian, M|75/100
|-ability|p1a: Landorus|Intimidate|boost
|-unboost|p2a: Corviknight|atk|1
|move|p2a: Corviknight|Defog|p1a: Landorus
|-unboost|p1a: Landorus|evasion|1
|-sideend|p2: egoist1111|Stealth Rock|[from] move: Defog|[of] p2a: Corviknight
|
|upkeep
|turn|11
|
|t:|1758954930
|move|p1a: Landorus|Taunt|p2a: Corviknight
|-start|p2a: Corviknight|move: Taunt
|cant|p2a: Corviknight|move: Taunt|Roost
|
|upkeep
|turn|12
|
|t:|1758954939
|switch|p2a: Pelipper|Pelipper, F|100/100
|-weather|RainDance|[from] ability: Drizzle|[of] p2a: Pelipper
|move|p1a: Landorus|Stealth Rock|p2a: Pelipper
|-sidestart|p2: egoist1111|move: Stealth Rock
|
|-weather|RainDance|[upkeep]
|upkeep
|turn|13
|
|t:|1758954945
|move|p1a: Landorus|U-turn|p2a: Pelipper
|-resisted|p2a: Pelipper
|-damage|p2a: Pelipper|93/100
|
|t:|1758954950
|switch|p1a: Hatterene|Hatterene, F|71/100|[from] U-turn
|move|p2a: Pelipper|Hurricane|p1a: Hatterene
|-damage|p1a: Hatterene|48/100
|-start|p1a: Hatterene|confusion
|
|-weather|RainDance|[upkeep]
|upkeep
|turn|14
|
|t:|1758954960
|move|p2a: Pelipper|U-turn|p1a: Hatterene
|-damage|p1a: Hatterene|37/100
|
|t:|1758954964
|switch|p2a: Corviknight|Corviknight, F|60/100|[from] U-turn
|-damage|p2a: Corviknight|48/100|[from] Stealth Rock
|-ability|p2a: Corviknight|Pressure
|-activate|p1a: Hatterene|confusion
|-damage|p1a: Hatterene|28/100|[from] confusion
|
|-weather|RainDance|[upkeep]
|upkeep
|turn|15
|
|t:|1758954975
|switch|p1a: Raging Bolt|Raging Bolt|73/100
|move|p2a: Corviknight|Roost|p2a: Corviknight
|-heal|p2a: Corviknight|98/100
|-singleturn|p2a: Corviknight|move: Roost
|
|-weather|RainDance|[upkeep]
|upkeep
|turn|16
|
|t:|1758954989
|move|p1a: Raging Bolt|Draco Meteor|p2a: Corviknight
|-resisted|p2a: Corviknight
|-damage|p2a: Corviknight|38/100
|-unboost|p1a: Raging Bolt|spa|2
|move|p2a: Corviknight|Defog|p1a: Raging Bolt
|-unboost|p1a: Raging Bolt|evasion|1
|-sideend|p2: egoist1111|Stealth Rock|[from] move: Defog|[of] p2a: Corviknight
|
|-weather|RainDance|[upkeep]
|upkeep
|turn|17
|
|t:|1758955019
|-end|p1a: Raging Bolt|Protosynthesis|[silent]
|switch|p1a: Landorus|Landorus-Therian, M|75/100
|-ability|p1a: Landorus|Intimidate|boost
|-unboost|p2a: Corviknight|atk|1
|switch|p2a: Clodsire|Clodsire, M|23/100
|
|-weather|RainDance|[upkeep]
|-heal|p2a: Clodsire|30/100|[from] item: Leftovers
|upkeep
|turn|18
|
|t:|1758955031
|switch|p2a: Zapdos|Zapdos|100/100
|move|p1a: Landorus|Stealth Rock|p2a: Zapdos
|-sidestart|p2: egoist1111|move: Stealth Rock
|
|-weather|RainDance|[upkeep]
|upkeep
|turn|19
|
|t:|1758955038
|move|p2a: Zapdos|Hurricane|p1a: Landorus
|-damage|p1a: Landorus|18/100
|-start|p1a: Landorus|confusion
|-activate|p1a: Landorus|confusion
|move|p1a: Landorus|U-turn|p2a: Zapdos
|-resisted|p2a: Zapdos
|-crit|p2a: Zapdos
|-damage|p2a: Zapdos|82/100
|
|t:|1758955048
|switch|p1a: Raging Bolt|Raging Bolt|73/100|[from] U-turn
|
|-weather|none
|upkeep
|turn|20
|inactive|egoist1111 has 120 seconds left.
|
|t:|1758955080
|switch|p2a: Clodsire|Clodsire, M|30/100
|-damage|p2a: Clodsire|23/100|[from] Stealth Rock
|move|p1a: Raging Bolt|Thunderbolt|p2a: Clodsire
|-immune|p2a: Clodsire
|
|-heal|p2a: Clodsire|30/100|[from] item: Leftovers
|upkeep
|turn|21
|inactive|egoist1111 has 120 seconds left.
|
|t:|1758955086
|-end|p1a: Raging Bolt|Protosynthesis|[silent]
|switch|p1a: Landorus|Landorus-Therian, M|18/100
|-ability|p1a: Landorus|Intimidate|boost
|-unboost|p2a: Clodsire|atk|1
|move|p2a: Clodsire|Recover|p2a: Clodsire
|-heal|p2a: Clodsire|80/100
|
|-heal|p2a: Clodsire|86/100|[from] item: Leftovers
|upkeep
|turn|22
|inactive|egoist1111 has 120 seconds left.
|
|t:|1758955106
|switch|p2a: Pelipper|Pelipper, F|93/100
|-damage|p2a: Pelipper|68/100|[from] Stealth Rock
|-weather|RainDance|[from] ability: Drizzle|[of] p2a: Pelipper
|move|p1a: Landorus|Earth Power|p2a: Pelipper
|-immune|p2a: Pelipper
|
|-weather|RainDance|[upkeep]
|upkeep
|turn|23
|inactive|egoist1111 has 120 seconds left.
|
|t:|1758955125
|move|p1a: Landorus|U-turn|p2a: Pelipper
|-resisted|p2a: Pelipper
|-damage|p2a: Pelipper|60/100
|
|t:|1758955130
|switch|p1a: Raging Bolt|Raging Bolt|73/100|[from] U-turn
|move|p2a: Pelipper|Roost|p2a: Pelipper
|-heal|p2a: Pelipper|100/100
|-singleturn|p2a: Pelipper|move: Roost
|
|-weather|RainDance|[upkeep]
|upkeep
|turn|24
|inactive|egoist1111 has 120 seconds left.
|
|t:|1758955147
|switch|p2a: Clodsire|Clodsire, M|86/100
|-damage|p2a: Clodsire|80/100|[from] Stealth Rock
|move|p1a: Raging Bolt|Draco Meteor|p2a: Clodsire
|-damage|p2a: Clodsire|21/100
|-unboost|p1a: Raging Bolt|spa|2
|
|-weather|RainDance|[upkeep]
|-heal|p2a: Clodsire|27/100|[from] item: Leftovers
|upkeep
|turn|25
|
|t:|1758955156
|-end|p1a: Raging Bolt|Protosynthesis|[silent]
|switch|p1a: Ogerpon|Ogerpon-Wellspring, F|100/100
|move|p2a: Clodsire|Recover|p2a: Clodsire
|-heal|p2a: Clodsire|77/100
|
|-weather|RainDance|[upkeep]
|-heal|p2a: Clodsire|83/100|[from] item: Leftovers
|upkeep
|turn|26
|
|t:|1758955166
|-terastallize|p2a: Clodsire|Poison
|move|p1a: Ogerpon|Ivy Cudgel|p2a: Clodsire|[anim] Ivy Cudgel Water
|-heal|p2a: Clodsire|100/100|[from] ability: Water Absorb|[of] p1a: Ogerpon
|move|p2a: Clodsire|Toxic|p1a: Ogerpon
|-status|p1a: Ogerpon|tox
|
|-weather|RainDance|[upkeep]
|-damage|p1a: Ogerpon|95/100 tox|[from] psn
|upkeep
|turn|27
|inactive|egoist1111 has 120 seconds left.
|
|t:|1758955185
|move|p1a: Ogerpon|U-turn|p2a: Clodsire
|-resisted|p2a: Clodsire
|-damage|p2a: Clodsire|85/100
|
|t:|1758955190
|switch|p1a: Landorus|Landorus-Therian, M|18/100|[from] U-turn
|-ability|p1a: Landorus|Intimidate|boost
|-unboost|p2a: Clodsire|atk|1
|move|p2a: Clodsire|Earthquake|p1a: Landorus
|-immune|p1a: Landorus
|
|-weather|RainDance|[upkeep]
|-heal|p2a: Clodsire|92/100|[from] item: Leftovers
|upkeep
|turn|28
|
|t:|1758955199
|switch|p2a: Zapdos|Zapdos|82/100
|move|p1a: Landorus|Earth Power|p2a: Zapdos
|-immune|p2a: Zapdos
|
|-weather|RainDance|[upkeep]
|upkeep
|turn|29
|
|t:|1758955213
|move|p2a: Zapdos|Volt Switch|p1a: Landorus
|-immune|p1a: Landorus
|move|p1a: Landorus|U-turn|p2a: Zapdos
|-resisted|p2a: Zapdos
|-damage|p2a: Zapdos|70/100
|-status|p1a: Landorus|par|[from] ability: Static|[of] p2a: Zapdos
|
|t:|1758955220
|switch|p1a: Raging Bolt|Raging Bolt|73/100|[from] U-turn
|
|-weather|none
|upkeep
|turn|30
|
|t:|1758955226
|switch|p2a: Clodsire|Clodsire, M, tera:Poison|92/100
|-damage|p2a: Clodsire|79/100|[from] Stealth Rock
|move|p1a: Raging Bolt|Thunderbolt|p2a: Clodsire
|-damage|p2a: Clodsire|39/100
|
|-heal|p2a: Clodsire|45/100|[from] item: Leftovers
|upkeep
|turn|31
|
|t:|1758955232
|move|p1a: Raging Bolt|Thunderbolt|p2a: Clodsire
|-damage|p2a: Clodsire|3/100
|move|p2a: Clodsire|Recover|p2a: Clodsire
|-heal|p2a: Clodsire|53/100
|
|-heal|p2a: Clodsire|59/100|[from] item: Leftovers
|upkeep
|turn|32
|
|t:|1758955237
|move|p1a: Raging Bolt|Thunderbolt|p2a: Clodsire
|-damage|p2a: Clodsire|19/100
|move|p2a: Clodsire|Recover|p2a: Clodsire
|-heal|p2a: Clodsire|69/100
|
|-heal|p2a: Clodsire|75/100|[from] item: Leftovers
|upkeep
|turn|33
|
|t:|1758955247
|move|p1a: Raging Bolt|Thunderbolt|p2a: Clodsire
|-damage|p2a: Clodsire|29/100
|move|p2a: Clodsire|Recover|p2a: Clodsire
|-heal|p2a: Clodsire|79/100
|
|-heal|p2a: Clodsire|85/100|[from] item: Leftovers
|upkeep
|turn|34
|
|t:|1758955252
|move|p1a: Raging Bolt|Thunderbolt|p2a: Clodsire
|-damage|p2a: Clodsire|43/100
|move|p2a: Clodsire|Toxic|p1a: Raging Bolt
|-status|p1a: Raging Bolt|tox
|
|-heal|p2a: Clodsire|49/100|[from] item: Leftovers
|-damage|p1a: Raging Bolt|67/100 tox|[from] psn
|upkeep
|turn|35
|
|t:|1758955259
|move|p1a: Raging Bolt|Thunderbolt|p2a: Clodsire
|-damage|p2a: Clodsire|10/100
|move|p2a: Clodsire|Recover|p2a: Clodsire
|-heal|p2a: Clodsire|60/100
|
|-heal|p2a: Clodsire|66/100|[from] item: Leftovers
|-damage|p1a: Raging Bolt|55/100 tox|[from] psn
|upkeep
|turn|36
|
|t:|1758955269
|-end|p1a: Raging Bolt|Protosynthesis|[silent]
|switch|p1a: Landorus|Landorus-Therian, M|18/100 par
|-ability|p1a: Landorus|Intimidate|boost
|-unboost|p2a: Clodsire|atk|1
|move|p2a: Clodsire|Earthquake|p1a: Landorus
|-immune|p1a: Landorus
|
|-heal|p2a: Clodsire|72/100|[from] item: Leftovers
|upkeep
|turn|37
|
|t:|1758955282
|move|p1a: Landorus|Earth Power|p2a: Clodsire
|-supereffective|p2a: Clodsire
|-damage|p2a: Clodsire|35/100
|move|p2a: Clodsire|Stealth Rock|p1a: Landorus
|-sidestart|p1: staples|move: Stealth Rock
|
|-heal|p2a: Clodsire|41/100|[from] item: Leftovers
|upkeep
|turn|38
|
|t:|1758955290
|cant|p1a: Landorus|par
|move|p2a: Clodsire|Recover|p2a: Clodsire
|-heal|p2a: Clodsire|91/100
|
|-heal|p2a: Clodsire|97/100|[from] item: Leftovers
|upkeep
|turn|39
|
|t:|1758955294
|switch|p2a: Zapdos|Zapdos|70/100
|move|p1a: Landorus|Earth Power|p2a: Zapdos
|-immune|p2a: Zapdos
|
|upkeep
|turn|40
|
|t:|1758955299
|move|p2a: Zapdos|Hurricane|p1a: Landorus
|-damage|p1a: Landorus|0 fnt
|faint|p1a: Landorus
|
|upkeep
|
|t:|1758955308
|switch|p1a: Kingambit|Kingambit, M|100/100
|-damage|p1a: Kingambit|94/100|[from] Stealth Rock
|-activate|p1a: Kingambit|ability: Supreme Overlord
|-start|p1a: Kingambit|fallen1|[silent]
|turn|41
|
|t:|1758955312
|switch|p2a: Incineroar|Incineroar, F|78/100
|-ability|p2a: Incineroar|Intimidate|boost
|-unboost|p1a: Kingambit|atk|1
|move|p1a: Kingambit|Swords Dance|p1a: Kingambit
|-boost|p1a: Kingambit|atk|2
|
|-heal|p1a: Kingambit|100/100|[from] item: Leftovers
|upkeep
|turn|42
|
|t:|1758955326
|-end|p1a: Kingambit|fallen1|[silent]
|switch|p1a: Ogerpon|Ogerpon-Wellspring, F|95/100 tox
|-damage|p1a: Ogerpon|82/100 tox|[from] Stealth Rock
|move|p2a: Incineroar|Parting Shot|p1a: Ogerpon
|-unboost|p1a: Ogerpon|atk|1
|-unboost|p1a: Ogerpon|spa|1
|
|t:|1758955339
|switch|p2a: Pelipper|Pelipper, F|100/100|[from] Parting Shot
|-damage|p2a: Pelipper|76/100|[from] Stealth Rock
|-weather|RainDance|[from] ability: Drizzle|[of] p2a: Pelipper
|
|-weather|RainDance|[upkeep]
|-damage|p1a: Ogerpon|76/100 tox|[from] psn
|upkeep
|turn|43
|
|t:|1758955361
|switch|p2a: Corviknight|Corviknight, F|38/100
|-damage|p2a: Corviknight|25/100|[from] Stealth Rock
|-ability|p2a: Corviknight|Pressure
|-terastallize|p1a: Ogerpon|Water
|detailschange|p1a: Ogerpon|Ogerpon-Wellspring-Tera, F, tera:Water
|-ability|p1a: Ogerpon|Embody Aspect (Wellspring)|boost
|-boost|p1a: Ogerpon|spd|1
|move|p1a: Ogerpon|Ivy Cudgel|p2a: Corviknight|[anim] Ivy Cudgel Water
|-damage|p2a: Corviknight|0 fnt
|faint|p2a: Corviknight
|
|-weather|RainDance|[upkeep]
|-damage|p1a: Ogerpon|64/100 tox|[from] psn
|upkeep
|inactive|egoist1111 has 120 seconds left.
|
|t:|1758955378
|switch|p2a: Barraskewda|Barraskewda, M|100/100
|-damage|p2a: Barraskewda|88/100|[from] Stealth Rock
|turn|44
|inactive|egoist1111 has 120 seconds left.
|
|t:|1758955408
|switch|p1a: Hatterene|Hatterene, F|28/100
|-damage|p1a: Hatterene|16/100|[from] Stealth Rock
|move|p2a: Barraskewda|Close Combat|p1a: Hatterene
|-resisted|p1a: Hatterene
|-damage|p1a: Hatterene|0 fnt
|-unboost|p2a: Barraskewda|def|1
|-unboost|p2a: Barraskewda|spd|1
|faint|p1a: Hatterene
|
|-weather|RainDance|[upkeep]
|upkeep
|
|t:|1758955415
|switch|p1a: Zamazenta|Zamazenta|100/100
|-damage|p1a: Zamazenta|94/100|[from] Stealth Rock
|-ability|p1a: Zamazenta|Dauntless Shield|boost
|-boost|p1a: Zamazenta|def|1
|turn|45
|inactive|egoist1111 has 120 seconds left.
|
|t:|1758955429
|switch|p2a: Zapdos|Zapdos|70/100
|move|p1a: Zamazenta|Roar|p2a: Zapdos
|drag|p2a: Clodsire|Clodsire, M, tera:Poison|97/100
|-damage|p2a: Clodsire|85/100|[from] Stealth Rock
|
|-weather|RainDance|[upkeep]
|-heal|p1a: Zamazenta|100/100|[from] item: Leftovers
|-heal|p2a: Clodsire|91/100|[from] item: Leftovers
|upkeep
|turn|46
|inactive|egoist1111 has 120 seconds left.
|
|t:|1758955453
|switch|p1a: Ogerpon|Ogerpon-Wellspring-Tera, F, tera:Water|64/100 tox
|-damage|p1a: Ogerpon|52/100 tox|[from] Stealth Rock
|-ability|p1a: Ogerpon|Embody Aspect (Wellspring)|boost
|-boost|p1a: Ogerpon|spd|1
|switch|p2a: Zapdos|Zapdos|70/100
|
|-weather|RainDance|[upkeep]
|-damage|p1a: Ogerpon|46/100 tox|[from] psn
|upkeep
|turn|47
|
|t:|1758955467
|switch|p2a: Clodsire|Clodsire, M, tera:Poison|91/100
|-damage|p2a: Clodsire|79/100|[from] Stealth Rock
|move|p1a: Ogerpon|Ivy Cudgel|p2a: Clodsire|[anim] Ivy Cudgel Water
|-heal|p2a: Clodsire|100/100|[from] ability: Water Absorb|[of] p1a: Ogerpon
|
|-weather|RainDance|[upkeep]
|-damage|p1a: Ogerpon|34/100 tox|[from] psn
|upkeep
|turn|48
|
|t:|1758955476
|switch|p2a: Incineroar|Incineroar, F|78/100
|-ability|p2a: Incineroar|Intimidate|boost
|-unboost|p1a: Ogerpon|atk|1
|move|p1a: Ogerpon|U-turn|p2a: Incineroar
|-damage|p2a: Incineroar|65/100
|
|t:|1758955484
|switch|p1a: Raging Bolt|Raging Bolt|55/100 tox|[from] U-turn
|-damage|p1a: Raging Bolt|43/100 tox|[from] Stealth Rock
|
|-weather|RainDance|[upkeep]
|-damage|p1a: Raging Bolt|37/100 tox|[from] psn
|upkeep
|turn|49
|
|t:|1758955491
|switch|p2a: Clodsire|Clodsire, M, tera:Poison|100/100
|-damage|p2a: Clodsire|88/100|[from] Stealth Rock
|move|p1a: Raging Bolt|Thunderbolt|p2a: Clodsire
|-damage|p2a: Clodsire|43/100
|
|-weather|none
|-heal|p2a: Clodsire|50/100|[from] item: Leftovers
|-damage|p1a: Raging Bolt|24/100 tox|[from] psn
|upkeep
|turn|50
|
|t:|1758955501
|move|p1a: Raging Bolt|Thunderbolt|p2a: Clodsire
|-damage|p2a: Clodsire|4/100
|move|p2a: Clodsire|Earthquake|p1a: Raging Bolt
|-supereffective|p1a: Raging Bolt
|-damage|p1a: Raging Bolt|0 fnt
|faint|p1a: Raging Bolt
|-end|p1a: Raging Bolt|Protosynthesis|[silent]
|
|-heal|p2a: Clodsire|10/100|[from] item: Leftovers
|upkeep
|
|t:|1758955512
|switch|p1a: Kingambit|Kingambit, M|100/100
|-damage|p1a: Kingambit|94/100|[from] Stealth Rock
|-activate|p1a: Kingambit|ability: Supreme Overlord
|-start|p1a: Kingambit|fallen3|[silent]
|turn|51
|
|t:|1758955521
|move|p1a: Kingambit|Swords Dance|p1a: Kingambit
|-boost|p1a: Kingambit|atk|2
|move|p2a: Clodsire|Earthquake|p1a: Kingambit
|-supereffective|p1a: Kingambit
|-damage|p1a: Kingambit|44/100
|
|-heal|p1a: Kingambit|51/100|[from] item: Leftovers
|-heal|p2a: Clodsire|17/100|[from] item: Leftovers
|upkeep
|turn|52
|
|t:|1758955528
|move|p1a: Kingambit|Iron Head|p2a: Clodsire
|-damage|p2a: Clodsire|0 fnt
|faint|p2a: Clodsire
|
|-heal|p1a: Kingambit|57/100|[from] item: Leftovers
|upkeep
|
|t:|1758955532
|switch|p2a: Incineroar|Incineroar, F|65/100
|-ability|p2a: Incineroar|Intimidate|boost
|-unboost|p1a: Kingambit|atk|1
|turn|53
|
|t:|1758955550
|-end|p1a: Kingambit|fallen3|[silent]
|switch|p1a: Zamazenta|Zamazenta|100/100
|-damage|p1a: Zamazenta|94/100|[from] Stealth Rock
|move|p2a: Incineroar|Parting Shot|p1a: Zamazenta
|-unboost|p1a: Zamazenta|atk|1
|-unboost|p1a: Zamazenta|spa|1
|
|t:|1758955554
|switch|p2a: Pelipper|Pelipper, F|76/100|[from] Parting Shot
|-damage|p2a: Pelipper|51/100|[from] Stealth Rock
|-weather|RainDance|[from] ability: Drizzle|[of] p2a: Pelipper
|
|-weather|RainDance|[upkeep]
|-heal|p1a: Zamazenta|100/100|[from] item: Leftovers
|upkeep
|turn|54
|
|t:|1758955559
|switch|p1a: Kingambit|Kingambit, M|57/100
|-damage|p1a: Kingambit|51/100|[from] Stealth Rock
|-activate|p1a: Kingambit|ability: Supreme Overlord
|-start|p1a: Kingambit|fallen3|[silent]
|move|p2a: Pelipper|Roost|p2a: Pelipper
|-heal|p2a: Pelipper|100/100
|-singleturn|p2a: Pelipper|move: Roost
|
|-weather|RainDance|[upkeep]
|-heal|p1a: Kingambit|57/100|[from] item: Leftovers
|upkeep
|turn|55
|
|t:|1758955569
|move|p1a: Kingambit|Swords Dance|p1a: Kingambit
|-boost|p1a: Kingambit|atk|2
|move|p2a: Pelipper|Weather Ball|p1a: Kingambit
|-damage|p1a: Kingambit|2/100
|
|-weather|RainDance|[upkeep]
|-heal|p1a: Kingambit|8/100|[from] item: Leftovers
|upkeep
|turn|56
|
|t:|1758955576
|move|p1a: Kingambit|Sucker Punch|p2a: Pelipper
|-damage|p2a: Pelipper|14/100
|move|p2a: Pelipper|U-turn|p1a: Kingambit
|-damage|p1a: Kingambit|0 fnt
|faint|p1a: Kingambit
|-end|p1a: Kingambit|fallen3|[silent]
|-message|staples forfeited.
|
|win|egoist1111
|raw|staples's rating: 1388 &rarr; <strong>1369</strong><br />(-19 for losing)
|raw|egoist1111's rating: 1398 &rarr; <strong>1417</strong><br />(+19 for winning)
|l|☆staples
|player|p1|
|l|‽egoist1111
|player|p2|
