|badge|p2|bronze|gen9ou|100-6
|html|<div class="broadcast-red"><strong>This battle is required to be public due to one or more player having a season medal.</strong><br />During the public phase, you can discuss the state of the ladder <a href="/seasondiscussion">in a special chatroom.</a></div>
|uhtml|medal-msg|<div class="broadcast-blue">Curious what those medals under the avatar are? PS now has Ladder Seasons! For more information, check out the <a href="https://www.smogon.com/forums/threads/3740067/">thread on Smogon.</a></div>
|raw|<div class="broadcast-blue"><strong>This battle is required to be public due to a player having a name starting with 'medal'.</div>
|j|☆Light SV
|j|‽JackRG1
|t:|1759013662
|gametype|singles
|player|p1|Light SV|blue-gen7|1862
|player|p2|JackRG1|dawn-gen4pt|1910
|gen|9
|tier|[Gen 9] OU
|rated|
|rule|HP Percentage Mod: HP is shown in percentages
|rule|Endless Battle Clause: Forcing endless battles is banned
|rule|Species Clause: Limit one of each Pokémon
|rule|OHKO Clause: OHKO moves are banned
|rule|Evasion Items Clause: Evasion items are banned
|rule|Evasion Moves Clause: Evasion moves are banned
|rule|Evasion Abilities Clause: Evasion abilities are banned
|rule|Sleep Moves Clause: Sleep-inducing moves are banned
|clearpoke
|poke|p1|Clefable, F|
|poke|p1|Gliscor, F|
|poke|p1|Milotic, M|
|poke|p1|Mandibuzz, F|
|poke|p1|Skeledirge, F|
|poke|p1|Dragapult, F|
|poke|p2|Weezing-Galar, F|
|poke|p2|Ting-Lu|
|poke|p2|Corviknight, F|
|poke|p2|Skeledirge, F|
|poke|p2|Dragapult, M|
|poke|p2|Ogerpon-Wellspring, F|
|teampreview
|inactive|Battle timer is ON: inactive players will automatically lose when time's up. (requested by JackRG1)
|inactive|Light SV also wants the timer to be on.
|j| amefurikoneko
|j| IM AT MY LIMIT
|
|t:|1759013687
|teamsize|p1|6
|teamsize|p2|6
|start
|switch|p1a: Gliscor|Gliscor, F|100/100
|switch|p2a: Ting-Lu|Ting-Lu, shiny|100/100
|-ability|p2a: Ting-Lu|Vessel of Ruin
|turn|1
|j| Lamp0821
|l| Lamp0821
|j| magma_man85
|inactive|JackRG1 has 120 seconds left.
|
|t:|1759013719
|move|p1a: Gliscor|Toxic|p2a: Ting-Lu
|-status|p2a: Ting-Lu|tox
|move|p2a: Ting-Lu|Stealth Rock|p1a: Gliscor
|-sidestart|p1: Light SV|move: Stealth Rock
|
|-damage|p2a: Ting-Lu|94/100 tox|[from] psn
|-status|p1a: Gliscor|tox|[from] item: Toxic Orb
|upkeep
|turn|2
|
|t:|1759013723
|switch|p2a: Corviknight|Corviknight, F|100/100
|-ability|p2a: Corviknight|Pressure
|move|p1a: Gliscor|Spikes|p2a: Corviknight
|-sidestart|p2: JackRG1|Spikes
|
|upkeep
|turn|3
|l| magma_man85
|
|t:|1759013727
|move|p1a: Gliscor|Spikes|p2a: Corviknight
|-sidestart|p2: JackRG1|Spikes
|move|p2a: Corviknight|U-turn|p1a: Gliscor
|-resisted|p1a: Gliscor
|-damage|p1a: Gliscor|96/100 tox
|
|t:|1759013730
|switch|p2a: Weezing|Weezing-Galar, F|100/100|[from] U-turn
|-ability|p2a: Weezing|Neutralizing Gas
|
|-damage|p1a: Gliscor|83/100 tox|[from] psn
|upkeep
|turn|4
|
|t:|1759013733
|move|p1a: Gliscor|Earthquake|p2a: Weezing
|-supereffective|p2a: Weezing
|-crit|p2a: Weezing
|-damage|p2a: Weezing|30/100
|move|p2a: Weezing|Defog|p1a: Gliscor
|-unboost|p1a: Gliscor|evasion|1
|-sideend|p1: Light SV|Stealth Rock|[from] move: Defog|[of] p2a: Weezing
|-sideend|p2: JackRG1|Spikes|[from] move: Defog|[of] p2a: Weezing
|
|-damage|p1a: Gliscor|64/100 tox|[from] psn
|upkeep
|turn|5
|
|t:|1759013739
|-terastallize|p2a: Weezing|Grass
|move|p1a: Gliscor|Spikes|p2a: Weezing
|-sidestart|p2: JackRG1|Spikes
|move|p2a: Weezing|Pain Split|p1a: Gliscor
|-sethp|p1a: Gliscor|46/100 tox|[from] move: Pain Split|[silent]
|-sethp|p2a: Weezing|49/100|[from] move: Pain Split
|
|-damage|p1a: Gliscor|21/100 tox|[from] psn
|upkeep
|turn|6
|
|t:|1759013746
|switch|p1a: Skeledirge|Skeledirge, F|100/100
|move|p2a: Weezing|Defog|p1a: Skeledirge
|-unboost|p1a: Skeledirge|evasion|1
|-sideend|p2: JackRG1|Spikes|[from] move: Defog|[of] p2a: Weezing
|
|upkeep
|turn|7
|
|t:|1759013749
|switch|p1a: Gliscor|Gliscor, F|21/100 tox
|-end|p2a: Weezing|ability: Neutralizing Gas
|switch|p2a: Ting-Lu|Ting-Lu, shiny|94/100 tox
|-ability|p2a: Ting-Lu|Vessel of Ruin
|
|-heal|p2a: Ting-Lu|100/100 tox|[from] item: Leftovers
|-heal|p1a: Gliscor|34/100 tox|[from] ability: Poison Heal
|-damage|p2a: Ting-Lu|94/100 tox|[from] psn
|upkeep
|turn|8
|
|t:|1759013754
|switch|p2a: Weezing|Weezing-Galar, F, tera:Grass|49/100
|-ability|p2a: Weezing|Neutralizing Gas
|move|p1a: Gliscor|Spikes|p2a: Weezing
|-sidestart|p2: JackRG1|Spikes
|
|-damage|p1a: Gliscor|21/100 tox|[from] psn
|upkeep
|turn|9
|
|t:|1759013756
|switch|p1a: Skeledirge|Skeledirge, F|100/100
|move|p2a: Weezing|Defog|p1a: Skeledirge
|-unboost|p1a: Skeledirge|evasion|1
|-sideend|p2: JackRG1|Spikes|[from] move: Defog|[of] p2a: Weezing
|
|upkeep
|turn|10
|
|t:|1759013762
|-end|p2a: Weezing|ability: Neutralizing Gas
|switch|p2a: Ogerpon|Ogerpon-Wellspring, F|100/100
|move|p1a: Skeledirge|Torch Song|p2a: Ogerpon
|-damage|p2a: Ogerpon|73/100
|-boost|p1a: Skeledirge|spa|1
|
|upkeep
|turn|11
|
|t:|1759013771
|move|p2a: Ogerpon|Ivy Cudgel|p1a: Skeledirge|[anim] Ivy Cudgel Water
|-supereffective|p1a: Skeledirge
|-crit|p1a: Skeledirge
|-damage|p1a: Skeledirge|0 fnt
|faint|p1a: Skeledirge
|
|upkeep
|
|t:|1759013778
|switch|p1a: Dragapult|Dragapult, F|100/100
|turn|12
|
|t:|1759013782
|switch|p2a: Ting-Lu|Ting-Lu, shiny|94/100 tox
|-ability|p2a: Ting-Lu|Vessel of Ruin
|move|p1a: Dragapult|U-turn|p2a: Ting-Lu
|-supereffective|p2a: Ting-Lu
|-damage|p2a: Ting-Lu|76/100 tox
|
|t:|1759013785
|switch|p1a: Gliscor|Gliscor, F|21/100 tox|[from] U-turn
|
|-heal|p2a: Ting-Lu|82/100 tox|[from] item: Leftovers
|-heal|p1a: Gliscor|34/100 tox|[from] ability: Poison Heal
|-damage|p2a: Ting-Lu|76/100 tox|[from] psn
|upkeep
|turn|13
|
|t:|1759013788
|switch|p2a: Weezing|Weezing-Galar, F, tera:Grass|49/100
|-ability|p2a: Weezing|Neutralizing Gas
|move|p1a: Gliscor|Toxic|p2a: Weezing
|-status|p2a: Weezing|tox
|
|-damage|p1a: Gliscor|21/100 tox|[from] psn
|-damage|p2a: Weezing|43/100 tox|[from] psn
|upkeep
|turn|14
|
|t:|1759013794
|switch|p1a: Dragapult|Dragapult, F|100/100
|move|p2a: Weezing|Sludge Bomb|p1a: Dragapult
|-resisted|p1a: Dragapult
|-damage|p1a: Dragapult|82/100
|
|-damage|p2a: Weezing|31/100 tox|[from] psn
|upkeep
|turn|15
|
|t:|1759013800
|-end|p2a: Weezing|ability: Neutralizing Gas
|switch|p2a: Ting-Lu|Ting-Lu, shiny|76/100 tox
|-ability|p2a: Ting-Lu|Vessel of Ruin
|move|p1a: Dragapult|U-turn|p2a: Ting-Lu
|-supereffective|p2a: Ting-Lu
|-damage|p2a: Ting-Lu|56/100 tox
|
|t:|1759013803
|switch|p1a: Gliscor|Gliscor, F|21/100 tox|[from] U-turn
|
|-heal|p2a: Ting-Lu|62/100 tox|[from] item: Leftovers
|-heal|p1a: Gliscor|34/100 tox|[from] ability: Poison Heal
|-damage|p2a: Ting-Lu|56/100 tox|[from] psn
|upkeep
|turn|16
|
|t:|1759013805
|move|p1a: Gliscor|Spikes|p2a: Ting-Lu
|-sidestart|p2: JackRG1|Spikes
|move|p2a: Ting-Lu|Stealth Rock|p1a: Gliscor
|-sidestart|p1: Light SV|move: Stealth Rock
|
|-heal|p2a: Ting-Lu|62/100 tox|[from] item: Leftovers
|-heal|p1a: Gliscor|46/100 tox|[from] ability: Poison Heal
|-damage|p2a: Ting-Lu|50/100 tox|[from] psn
|upkeep
|turn|17
|
|t:|1759013807
|switch|p2a: Corviknight|Corviknight, F|100/100
|-ability|p2a: Corviknight|Pressure
|move|p1a: Gliscor|Earthquake|p2a: Corviknight
|-immune|p2a: Corviknight
|
|-heal|p1a: Gliscor|59/100 tox|[from] ability: Poison Heal
|upkeep
|turn|18
|
|t:|1759013811
|move|p1a: Gliscor|Protect|p1a: Gliscor
|-singleturn|p1a: Gliscor|Protect
|move|p2a: Corviknight|U-turn|p1a: Gliscor
|-activate|p1a: Gliscor|move: Protect
|
|-heal|p1a: Gliscor|71/100 tox|[from] ability: Poison Heal
|upkeep
|turn|19
|
|t:|1759013813
|switch|p1a: Dragapult|Dragapult, F|82/100
|move|p2a: Corviknight|U-turn|p1a: Dragapult
|-resisted|p1a: Dragapult
|-damage|p1a: Dragapult|73/100
|
|t:|1759013818
|switch|p2a: Ting-Lu|Ting-Lu, shiny|50/100 tox|[from] U-turn
|-damage|p2a: Ting-Lu|37/100 tox|[from] Spikes
|-ability|p2a: Ting-Lu|Vessel of Ruin
|
|-heal|p2a: Ting-Lu|44/100 tox|[from] item: Leftovers
|-damage|p2a: Ting-Lu|37/100 tox|[from] psn
|upkeep
|turn|20
|
|t:|1759013821
|move|p1a: Dragapult|U-turn|p2a: Ting-Lu
|-supereffective|p2a: Ting-Lu
|-damage|p2a: Ting-Lu|19/100 tox
|
|t:|1759013823
|switch|p1a: Gliscor|Gliscor, F|71/100 tox|[from] U-turn
|-damage|p1a: Gliscor|59/100 tox|[from] Stealth Rock
|move|p2a: Ting-Lu|Rest|p2a: Ting-Lu
|-status|p2a: Ting-Lu|slp|[from] move: Rest
|-heal|p2a: Ting-Lu|100/100 slp|[silent]
|
|-heal|p1a: Gliscor|71/100 tox|[from] ability: Poison Heal
|upkeep
|turn|21
|
|t:|1759013825
|switch|p2a: Ogerpon|Ogerpon-Wellspring, F|73/100
|-damage|p2a: Ogerpon|61/100|[from] Spikes
|move|p1a: Gliscor|Spikes|p2a: Ogerpon
|-sidestart|p2: JackRG1|Spikes
|
|-heal|p1a: Gliscor|84/100 tox|[from] ability: Poison Heal
|upkeep
|turn|22
|
|t:|1759013832
|switch|p1a: Mandibuzz|Mandibuzz, F|100/100
|move|p2a: Ogerpon|Spikes|p1a: Mandibuzz
|-sidestart|p1: Light SV|Spikes
|
|upkeep
|turn|23
|
|t:|1759013836
|move|p2a: Ogerpon|Knock Off|p1a: Mandibuzz
|-resisted|p1a: Mandibuzz
|-damage|p1a: Mandibuzz|91/100
|-enditem|p1a: Mandibuzz|Heavy-Duty Boots|[from] move: Knock Off|[of] p2a: Ogerpon
|move|p1a: Mandibuzz|Knock Off|p2a: Ogerpon
|-damage|p2a: Ogerpon|44/100
|
|upkeep
|turn|24
|
|t:|1759013845
|switch|p2a: Corviknight|Corviknight, F|100/100
|-ability|p2a: Corviknight|Pressure
|move|p1a: Mandibuzz|Foul Play|p2a: Corviknight
|-damage|p2a: Corviknight|82/100
|-damage|p1a: Mandibuzz|75/100|[from] item: Rocky Helmet|[of] p2a: Corviknight
|
|upkeep
|turn|25
|
|t:|1759013848
|move|p2a: Corviknight|U-turn|p1a: Mandibuzz
|-damage|p1a: Mandibuzz|67/100
|
|t:|1759013850
|switch|p2a: Skeledirge|Skeledirge, F|100/100|[from] U-turn
|move|p1a: Mandibuzz|Knock Off|p2a: Skeledirge
|-supereffective|p2a: Skeledirge
|-damage|p2a: Skeledirge|62/100
|-enditem|p2a: Skeledirge|Heavy-Duty Boots|[from] move: Knock Off|[of] p1a: Mandibuzz
|
|upkeep
|turn|26
|
|t:|1759013855
|switch|p1a: Milotic|Milotic, M|100/100
|move|p2a: Skeledirge|Torch Song|p1a: Milotic
|-resisted|p1a: Milotic
|-damage|p1a: Milotic|93/100
|-boost|p2a: Skeledirge|spa|1
|
|upkeep
|turn|27
|
|t:|1759013861
|move|p2a: Skeledirge|Will-O-Wisp|p1a: Milotic
|-status|p1a: Milotic|brn
|move|p1a: Milotic|Mirror Coat||[still]
|-fail|p1a: Milotic
|
|-damage|p1a: Milotic|87/100 brn|[from] brn
|upkeep
|turn|28
|
|t:|1759013864
|switch|p2a: Ogerpon|Ogerpon-Wellspring, F|44/100
|-damage|p2a: Ogerpon|27/100|[from] Spikes
|move|p1a: Milotic|Scald|p2a: Ogerpon
|-heal|p2a: Ogerpon|52/100|[from] ability: Water Absorb|[of] p1a: Milotic
|
|-damage|p1a: Milotic|80/100 brn|[from] brn
|upkeep
|turn|29
|
|t:|1759013871
|switch|p1a: Dragapult|Dragapult, F|73/100
|move|p2a: Ogerpon|Knock Off|p1a: Dragapult
|-supereffective|p1a: Dragapult
|-damage|p1a: Dragapult|0 fnt
|-enditem|p1a: Dragapult|Heavy-Duty Boots|[from] move: Knock Off|[of] p2a: Ogerpon
|faint|p1a: Dragapult
|
|upkeep
|
|t:|1759013874
|switch|p1a: Mandibuzz|Mandibuzz, F|67/100
|-damage|p1a: Mandibuzz|42/100|[from] Stealth Rock
|turn|30
|
|t:|1759013879
|move|p2a: Ogerpon|Ivy Cudgel|p1a: Mandibuzz|[anim] Ivy Cudgel Water
|-damage|p1a: Mandibuzz|11/100
|move|p1a: Mandibuzz|Roost|p1a: Mandibuzz
|-heal|p1a: Mandibuzz|61/100
|-singleturn|p1a: Mandibuzz|move: Roost
|
|upkeep
|turn|31
|
|t:|1759013885
|switch|p2a: Skeledirge|Skeledirge, F|62/100
|-damage|p2a: Skeledirge|46/100|[from] Spikes
|move|p1a: Mandibuzz|Roost|p1a: Mandibuzz
|-heal|p1a: Mandibuzz|100/100
|-singleturn|p1a: Mandibuzz|move: Roost
|
|upkeep
|turn|32
|
|t:|1759013888
|switch|p1a: Milotic|Milotic, M|80/100 brn
|move|p2a: Skeledirge|Slack Off|p2a: Skeledirge
|-heal|p2a: Skeledirge|96/100
|
|-damage|p1a: Milotic|74/100 brn|[from] brn
|upkeep
|turn|33
|
|t:|1759013891
|switch|p1a: Gliscor|Gliscor, F|84/100 tox
|-damage|p1a: Gliscor|71/100 tox|[from] Stealth Rock
|switch|p2a: Ogerpon|Ogerpon-Wellspring, F|52/100
|-damage|p2a: Ogerpon|36/100|[from] Spikes
|
|-heal|p1a: Gliscor|84/100 tox|[from] ability: Poison Heal
|upkeep
|turn|34
|
|t:|1759013895
|move|p1a: Gliscor|Protect|p1a: Gliscor
|-singleturn|p1a: Gliscor|Protect
|move|p2a: Ogerpon|Ivy Cudgel|p1a: Gliscor|[anim] Ivy Cudgel Water
|-activate|p1a: Gliscor|move: Protect
|
|-heal|p1a: Gliscor|96/100 tox|[from] ability: Poison Heal
|upkeep
|turn|35
|
|t:|1759013898
|switch|p1a: Mandibuzz|Mandibuzz, F|100/100
|-damage|p1a: Mandibuzz|76/100|[from] Stealth Rock
|move|p2a: Ogerpon|Ivy Cudgel|p1a: Mandibuzz|[anim] Ivy Cudgel Water
|-damage|p1a: Mandibuzz|45/100
|
|upkeep
|turn|36
|
|t:|1759013902
|move|p2a: Ogerpon|Synthesis|p2a: Ogerpon
|-heal|p2a: Ogerpon|86/100
|move|p1a: Mandibuzz|Roost|p1a: Mandibuzz
|-heal|p1a: Mandibuzz|95/100
|-singleturn|p1a: Mandibuzz|move: Roost
|
|upkeep
|turn|37
|
|t:|1759013905
|switch|p2a: Corviknight|Corviknight, F|82/100
|-ability|p2a: Corviknight|Pressure
|move|p1a: Mandibuzz|Foul Play|p2a: Corviknight
|-crit|p2a: Corviknight
|-damage|p2a: Corviknight|52/100
|-damage|p1a: Mandibuzz|79/100|[from] item: Rocky Helmet|[of] p2a: Corviknight
|
|upkeep
|turn|38
|
|t:|1759013911
|move|p2a: Corviknight|U-turn|p1a: Mandibuzz
|-damage|p1a: Mandibuzz|71/100
|
|t:|1759013916
|switch|p2a: Skeledirge|Skeledirge, F|96/100|[from] U-turn
|-damage|p2a: Skeledirge|79/100|[from] Spikes
|move|p1a: Mandibuzz|Knock Off|p2a: Skeledirge
|-supereffective|p2a: Skeledirge
|-damage|p2a: Skeledirge|54/100
|
|upkeep
|turn|39
|
|t:|1759013920
|switch|p1a: Milotic|Milotic, M|74/100 brn
|move|p2a: Skeledirge|Torch Song|p1a: Milotic
|-resisted|p1a: Milotic
|-damage|p1a: Milotic|67/100 brn
|-boost|p2a: Skeledirge|spa|1
|
|-damage|p1a: Milotic|61/100 brn|[from] brn
|upkeep
|turn|40
|
|t:|1759013923
|move|p1a: Milotic|Scald|p2a: Skeledirge
|-supereffective|p2a: Skeledirge
|-damage|p2a: Skeledirge|15/100
|move|p2a: Skeledirge|Slack Off|p2a: Skeledirge
|-heal|p2a: Skeledirge|65/100
|
|-damage|p1a: Milotic|55/100 brn|[from] brn
|upkeep
|turn|41
|
|t:|1759013926
|move|p1a: Milotic|Recover|p1a: Milotic
|-heal|p1a: Milotic|100/100 brn
|move|p2a: Skeledirge|Slack Off|p2a: Skeledirge
|-heal|p2a: Skeledirge|100/100
|
|-damage|p1a: Milotic|94/100 brn|[from] brn
|upkeep
|turn|42
|
|t:|1759013929
|switch|p2a: Ogerpon|Ogerpon-Wellspring, F|86/100
|-damage|p2a: Ogerpon|69/100|[from] Spikes
|move|p1a: Milotic|Scald|p2a: Ogerpon
|-heal|p2a: Ogerpon|94/100|[from] ability: Water Absorb|[of] p1a: Milotic
|
|-damage|p1a: Milotic|88/100 brn|[from] brn
|upkeep
|turn|43
|
|t:|1759013932
|switch|p1a: Mandibuzz|Mandibuzz, F|71/100
|-damage|p1a: Mandibuzz|46/100|[from] Stealth Rock
|move|p2a: Ogerpon|Ivy Cudgel|p1a: Mandibuzz|[anim] Ivy Cudgel Water
|-crit|p1a: Mandibuzz
|-damage|p1a: Mandibuzz|0 fnt
|faint|p1a: Mandibuzz
|
|upkeep
|
|t:|1759013936
|switch|p1a: Gliscor|Gliscor, F|96/100 tox
|-damage|p1a: Gliscor|84/100 tox|[from] Stealth Rock
|turn|44
|
|t:|1759013939
|-terastallize|p1a: Gliscor|Dragon
|move|p2a: Ogerpon|Spikes|p1a: Gliscor
|-sidestart|p1: Light SV|Spikes
|move|p1a: Gliscor|Toxic|p2a: Ogerpon
|-status|p2a: Ogerpon|tox
|
|-damage|p2a: Ogerpon|88/100 tox|[from] psn
|-heal|p1a: Gliscor|96/100 tox|[from] ability: Poison Heal
|upkeep
|turn|45
|j| tiochicodobos
|
|t:|1759013943
|switch|p2a: Corviknight|Corviknight, F|52/100
|-ability|p2a: Corviknight|Pressure
|move|p1a: Gliscor|Spikes|p2a: Corviknight
|-sidestart|p2: JackRG1|Spikes
|
|-heal|p1a: Gliscor|100/100 tox|[from] ability: Poison Heal
|upkeep
|turn|46
|
|t:|1759013946
|switch|p1a: Clefable|Clefable, F|100/100
|move|p2a: Corviknight|Roost|p2a: Corviknight
|-heal|p2a: Corviknight|100/100
|-singleturn|p2a: Corviknight|move: Roost
|
|upkeep
|turn|47
|
|t:|1759013949
|move|p2a: Corviknight|U-turn|p1a: Clefable
|-resisted|p1a: Clefable
|-damage|p1a: Clefable|95/100
|
|t:|1759013954
|switch|p2a: Weezing|Weezing-Galar, F, tera:Grass|31/100 tox|[from] U-turn
|-ability|p2a: Weezing|Neutralizing Gas
|move|p1a: Clefable|Stealth Rock|p2a: Weezing
|-sidestart|p2: JackRG1|move: Stealth Rock
|
|-damage|p2a: Weezing|25/100 tox|[from] psn
|-damage|p1a: Clefable|83/100|[from] item: Sticky Barb
|upkeep
|turn|48
|
|t:|1759013959
|move|p1a: Clefable|Moonblast|p2a: Weezing
|-damage|p2a: Weezing|0 fnt
|faint|p2a: Weezing
|-end|p2a: Weezing|ability: Neutralizing Gas
|
|upkeep
|
|t:|1759013964
|switch|p2a: Skeledirge|Skeledirge, F|100/100
|-damage|p2a: Skeledirge|76/100|[from] Spikes
|-damage|p2a: Skeledirge|51/100|[from] Stealth Rock
|turn|49
|l| IM AT MY LIMIT
|
|t:|1759013967
|move|p2a: Skeledirge|Slack Off|p2a: Skeledirge
|-heal|p2a: Skeledirge|100/100
|move|p1a: Clefable|Encore|p2a: Skeledirge
|-start|p2a: Skeledirge|Encore
|
|upkeep
|turn|50
|
|t:|1759013971
|switch|p2a: Dragapult|Dragapult, M|100/100
|-damage|p2a: Dragapult|76/100|[from] Spikes
|-damage|p2a: Dragapult|63/100|[from] Stealth Rock
|move|p1a: Clefable|Moonblast|p2a: Dragapult
|-supereffective|p2a: Dragapult
|-damage|p2a: Dragapult|0 fnt
|faint|p2a: Dragapult
|
|upkeep
|
|t:|1759013973
|switch|p2a: Skeledirge|Skeledirge, F|100/100
|-damage|p2a: Skeledirge|76/100|[from] Spikes
|-damage|p2a: Skeledirge|51/100|[from] Stealth Rock
|turn|51
|
|t:|1759013976
|switch|p1a: Milotic|Milotic, M|88/100 brn
|move|p2a: Skeledirge|Torch Song|p1a: Milotic
|-resisted|p1a: Milotic
|-damage|p1a: Milotic|80/100 brn
|-boost|p2a: Skeledirge|spa|1
|
|-damage|p1a: Milotic|74/100 brn|[from] brn
|upkeep
|turn|52
|
|t:|1759013978
|move|p1a: Milotic|Scald|p2a: Skeledirge
|-supereffective|p2a: Skeledirge
|-damage|p2a: Skeledirge|10/100
|move|p2a: Skeledirge|Slack Off|p2a: Skeledirge
|-heal|p2a: Skeledirge|60/100
|
|-damage|p1a: Milotic|68/100 brn|[from] brn
|upkeep
|turn|53
|
|t:|1759013982
|move|p1a: Milotic|Recover|p1a: Milotic
|-heal|p1a: Milotic|100/100 brn
|move|p2a: Skeledirge|Slack Off|p2a: Skeledirge
|-heal|p2a: Skeledirge|100/100
|
|-damage|p1a: Milotic|94/100 brn|[from] brn
|upkeep
|turn|54
|
|t:|1759013985
|move|p1a: Milotic|Scald|p2a: Skeledirge
|-supereffective|p2a: Skeledirge
|-damage|p2a: Skeledirge|64/100
|move|p2a: Skeledirge|Torch Song|p1a: Milotic
|-resisted|p1a: Milotic
|-damage|p1a: Milotic|83/100 brn
|-boost|p2a: Skeledirge|spa|1
|
|-damage|p1a: Milotic|77/100 brn|[from] brn
|upkeep
|turn|55
|
|t:|1759013988
|move|p1a: Milotic|Scald|p2a: Skeledirge
|-supereffective|p2a: Skeledirge
|-damage|p2a: Skeledirge|26/100
|move|p2a: Skeledirge|Slack Off|p2a: Skeledirge
|-heal|p2a: Skeledirge|76/100
|
|-damage|p1a: Milotic|70/100 brn|[from] brn
|upkeep
|turn|56
|
|t:|1759013995
|move|p1a: Milotic|Haze|p1a: Milotic
|-clearallboost
|move|p2a: Skeledirge|Earth Power|p1a: Milotic
|-damage|p1a: Milotic|58/100 brn
|
|-damage|p1a: Milotic|52/100 brn|[from] brn
|upkeep
|turn|57
|
|t:|1759013997
|switch|p2a: Ogerpon|Ogerpon-Wellspring, F|88/100 tox
|-damage|p2a: Ogerpon|63/100 tox|[from] Spikes
|-damage|p2a: Ogerpon|51/100 tox|[from] Stealth Rock
|move|p1a: Milotic|Scald|p2a: Ogerpon
|-heal|p2a: Ogerpon|76/100 tox|[from] ability: Water Absorb|[of] p1a: Milotic
|
|-damage|p2a: Ogerpon|70/100 tox|[from] psn
|-damage|p1a: Milotic|46/100 brn|[from] brn
|upkeep
|turn|58
|
|t:|1759014004
|switch|p1a: Gliscor|Gliscor, F, tera:Dragon|100/100 tox
|-damage|p1a: Gliscor|88/100 tox|[from] Stealth Rock
|-damage|p1a: Gliscor|72/100 tox|[from] Spikes
|move|p2a: Ogerpon|Knock Off|p1a: Gliscor
|-damage|p1a: Gliscor|46/100 tox
|-enditem|p1a: Gliscor|Toxic Orb|[from] move: Knock Off|[of] p2a: Ogerpon
|
|-damage|p2a: Ogerpon|58/100 tox|[from] psn
|-heal|p1a: Gliscor|58/100 tox|[from] ability: Poison Heal
|upkeep
|turn|59
|
|t:|1759014009
|switch|p2a: Corviknight|Corviknight, F|100/100
|-damage|p2a: Corviknight|88/100|[from] Stealth Rock
|-ability|p2a: Corviknight|Pressure
|move|p1a: Gliscor|Earthquake|p2a: Corviknight
|-immune|p2a: Corviknight
|
|-heal|p1a: Gliscor|71/100 tox|[from] ability: Poison Heal
|upkeep
|turn|60
|
|t:|1759014013
|move|p1a: Gliscor|Spikes||[still]
|-fail|p1a: Gliscor
|move|p2a: Corviknight|Iron Defense|p2a: Corviknight
|-boost|p2a: Corviknight|def|2
|
|-heal|p1a: Gliscor|83/100 tox|[from] ability: Poison Heal
|upkeep
|turn|61
|
|t:|1759014019
|switch|p1a: Clefable|Clefable, F|83/100
|move|p2a: Corviknight|Iron Defense|p2a: Corviknight
|-boost|p2a: Corviknight|def|2
|
|upkeep
|turn|62
|
|t:|1759014023
|move|p2a: Corviknight|Body Press|p1a: Clefable
|-resisted|p1a: Clefable
|-damage|p1a: Clefable|54/100
|move|p1a: Clefable|Moonblast|p2a: Corviknight
|-resisted|p2a: Corviknight
|-damage|p2a: Corviknight|70/100
|
|upkeep
|turn|63
|
|t:|1759014029
|move|p2a: Corviknight|Body Press|p1a: Clefable
|-resisted|p1a: Clefable
|-damage|p1a: Clefable|22/100
|move|p1a: Clefable|Encore|p2a: Corviknight
|-start|p2a: Corviknight|Encore
|
|upkeep
|turn|64
|
|t:|1759014032
|move|p2a: Corviknight|Body Press|p1a: Clefable
|-resisted|p1a: Clefable
|-damage|p1a: Clefable|0 fnt
|faint|p1a: Clefable
|
|upkeep
|
|t:|1759014036
|switch|p1a: Milotic|Milotic, M|46/100 brn
|turn|65
|
|t:|1759014038
|move|p2a: Corviknight|Body Press|p1a: Milotic
|-damage|p1a: Milotic|0 fnt
|faint|p1a: Milotic
|
|upkeep
|
|t:|1759014042
|switch|p1a: Gliscor|Gliscor, F, tera:Dragon|83/100 tox
|-damage|p1a: Gliscor|71/100 tox|[from] Stealth Rock
|-damage|p1a: Gliscor|54/100 tox|[from] Spikes
|turn|66
|
|t:|1759014049
|move|p1a: Gliscor|Protect|p1a: Gliscor
|-singleturn|p1a: Gliscor|Protect
|move|p2a: Corviknight|Body Press|p1a: Gliscor
|-activate|p1a: Gliscor|move: Protect
|
|-heal|p1a: Gliscor|67/100 tox|[from] ability: Poison Heal
|-end|p2a: Corviknight|Encore
|upkeep
|turn|67
|
|t:|1759014052
|move|p1a: Gliscor|Protect||[still]
|-fail|p1a: Gliscor
|move|p2a: Corviknight|Body Press|p1a: Gliscor
|-damage|p1a: Gliscor|12/100 tox
|
|-heal|p1a: Gliscor|24/100 tox|[from] ability: Poison Heal
|upkeep
|turn|68
|
|t:|1759014054
|move|p1a: Gliscor|Protect|p1a: Gliscor
|-singleturn|p1a: Gliscor|Protect
|move|p2a: Corviknight|Roost|p2a: Corviknight
|-heal|p2a: Corviknight|100/100
|-singleturn|p2a: Corviknight|move: Roost
|
|-heal|p1a: Gliscor|37/100 tox|[from] ability: Poison Heal
|upkeep
|turn|69
|
|t:|1759014057
|move|p1a: Gliscor|Protect||[still]
|-fail|p1a: Gliscor
|move|p2a: Corviknight|Body Press|p1a: Gliscor
|-damage|p1a: Gliscor|0 fnt
|faint|p1a: Gliscor
|
|win|JackRG1
|raw|Light SV's rating: 1862 &rarr; <strong>1845</strong><br />(-17 for losing)
|raw|JackRG1's rating: 1910 &rarr; <strong>1927</strong><br />(+17 for winning)
|l|☆Light SV
|player|p1|
|l| amefurikoneko
|l| tiochicodobos
|l|‽JackRG1
|player|p2|
