|j|☆garg is back
|j|☆uber-mom
|t:|1758922712
|gametype|singles
|player|p1|garg is back|ninjaboy|1601
|player|p2|uber-mom|lucas|1632
|gen|9
|tier|[Gen 9] OU
|rated|
|rule|HP Percentage Mod: HP is shown in percentages
|rule|Endless Battle Clause: Forcing endless battles is banned
|rule|Species Clause: Limit one of each Pokémon
|rule|OHKO Clause: OHKO moves are banned
|rule|Evasion Items Clause: Evasion items are banned
|rule|Evasion Moves Clause: Evasion moves are banned
|rule|Evasion Abilities Clause: Evasion abilities are banned
|rule|Sleep Moves Clause: Sleep-inducing moves are banned
|clearpoke
|poke|p1|Meowscarada, F|
|poke|p1|Corviknight, M|
|poke|p1|Uxie|
|poke|p1|Iron Valiant|
|poke|p1|Dragapult, F|
|poke|p1|Alomomola, M|
|poke|p2|Ogerpon-Wellspring, F|
|poke|p2|Moltres|
|poke|p2|Ting-Lu|
|poke|p2|Gholdengo|
|poke|p2|Gliscor, F|
|poke|p2|Hydreigon, F|
|teampreview
|inactive|Battle timer is ON: inactive players will automatically lose when time's up. (requested by uber-mom)
|
|t:|1758922722
|teamsize|p1|6
|teamsize|p2|6
|start
|switch|p1a: Meowscarada|Meowscarada, F|100/100
|switch|p2a: Moltres|Moltres|100/100
|turn|1
|
|t:|1758922726
|switch|p1a: Alomomola|Alomomola, M|100/100
|move|p2a: Moltres|U-turn|p1a: Alomomola
|-damage|p1a: Alomomola|92/100
|
|t:|1758922730
|switch|p2a: Gliscor|Gliscor, F, shiny|100/100|[from] U-turn
|
|-status|p2a: Gliscor|tox|[from] item: Toxic Orb
|upkeep
|turn|2
|
|t:|1758922732
|move|p2a: Gliscor|Toxic|p1a: Alomomola|[miss]
|-miss|p2a: Gliscor|p1a: Alomomola
|move|p1a: Alomomola|Flip Turn|p2a: Gliscor
|-supereffective|p2a: Gliscor
|-damage|p2a: Gliscor|76/100 tox
|
|t:|1758922738
|switch|p1a: Meowscarada|Meowscarada, F|100/100|[from] Flip Turn
|
|-heal|p2a: Gliscor|89/100 tox|[from] ability: Poison Heal
|upkeep
|turn|3
|
|t:|1758922743
|switch|p2a: Moltres|Moltres|100/100
|move|p1a: Meowscarada|Triple Axel|p2a: Moltres
|-start|p1a: Meowscarada|typechange|Ice|[from] ability: Protean
|-damage|p2a: Moltres|94/100
|-damage|p2a: Moltres|81/100
|-status|p1a: Meowscarada|brn|[from] ability: Flame Body|[of] p2a: Moltres
|-damage|p2a: Moltres|71/100
|-hitcount|p2a: Moltres|3
|
|-damage|p1a: Meowscarada|94/100 brn|[from] brn
|upkeep
|turn|4
|j| dragonlatios1
|
|t:|1758922750
|switch|p1a: Corviknight|Corviknight, M|100/100
|-ability|p1a: Corviknight|Pressure
|move|p2a: Moltres|U-turn|p1a: Corviknight
|-resisted|p1a: Corviknight
|-damage|p1a: Corviknight|98/100
|-damage|p2a: Moltres|55/100|[from] item: Rocky Helmet|[of] p1a: Corviknight
|
|t:|1758922753
|switch|p2a: Gliscor|Gliscor, F, shiny|89/100 tox|[from] U-turn
|
|-heal|p2a: Gliscor|100/100 tox|[from] ability: Poison Heal
|upkeep
|turn|5
|
|t:|1758922755
|move|p2a: Gliscor|Knock Off|p1a: Corviknight
|-damage|p1a: Corviknight|85/100
|-damage|p2a: Gliscor|84/100 tox|[from] item: Rocky Helmet|[of] p1a: Corviknight
|-enditem|p1a: Corviknight|Rocky Helmet|[from] move: Knock Off|[of] p2a: Gliscor
|move|p1a: Corviknight|U-turn|p2a: Gliscor
|-resisted|p2a: Gliscor
|-damage|p2a: Gliscor|78/100 tox
|
|t:|1758922759
|switch|p1a: Iron Valiant|Iron Valiant|100/100|[from] U-turn
|
|-heal|p2a: Gliscor|91/100 tox|[from] ability: Poison Heal
|upkeep
|turn|6
|
|t:|1758922762
|move|p1a: Iron Valiant|Moonblast|p2a: Gliscor
|-damage|p2a: Gliscor|35/100 tox
|move|p2a: Gliscor|Toxic|p1a: Iron Valiant
|-status|p1a: Iron Valiant|tox
|
|-damage|p1a: Iron Valiant|94/100 tox|[from] psn
|-heal|p2a: Gliscor|48/100 tox|[from] ability: Poison Heal
|upkeep
|turn|7
|
|t:|1758922765
|move|p2a: Gliscor|Protect|p2a: Gliscor
|-singleturn|p2a: Gliscor|Protect
|move|p1a: Iron Valiant|Moonblast|p2a: Gliscor
|-activate|p2a: Gliscor|move: Protect
|
|-damage|p1a: Iron Valiant|82/100 tox|[from] psn
|-heal|p2a: Gliscor|60/100 tox|[from] ability: Poison Heal
|upkeep
|turn|8
|
|t:|1758922769
|switch|p2a: Gholdengo|Gholdengo|100/100
|move|p1a: Iron Valiant|Moonblast|p2a: Gholdengo
|-resisted|p2a: Gholdengo
|-damage|p2a: Gholdengo|61/100
|-unboost|p2a: Gholdengo|spa|1
|
|-damage|p1a: Iron Valiant|63/100 tox|[from] psn
|upkeep
|turn|9
|j| A.Omnipotent
|
|t:|1758922773
|-end|p1a: Iron Valiant|Quark Drive|[silent]
|switch|p1a: Alomomola|Alomomola, M|100/100
|move|p2a: Gholdengo|Shadow Ball|p1a: Alomomola
|-crit|p1a: Alomomola
|-damage|p1a: Alomomola|37/100
|
|upkeep
|turn|10
|
|t:|1758922778
|switch|p1a: Meowscarada|Meowscarada, F|94/100 brn
|move|p2a: Gholdengo|Shadow Ball|p1a: Meowscarada
|-resisted|p1a: Meowscarada
|-damage|p1a: Meowscarada|72/100 brn
|-unboost|p1a: Meowscarada|spd|1
|
|-damage|p1a: Meowscarada|66/100 brn|[from] brn
|upkeep
|turn|11
|
|t:|1758922782
|switch|p2a: Moltres|Moltres|55/100
|move|p1a: Meowscarada|U-turn|p2a: Moltres
|-start|p1a: Meowscarada|typechange|Bug|[from] ability: Protean
|-resisted|p2a: Moltres
|-damage|p2a: Moltres|52/100
|
|t:|1758922784
|switch|p1a: Dragapult|Dragapult, F|100/100|[from] U-turn
|
|upkeep
|turn|12
|
|t:|1758922788
|switch|p2a: Ting-Lu|Ting-Lu|100/100
|-ability|p2a: Ting-Lu|Vessel of Ruin
|move|p1a: Dragapult|Dragon Darts|p2a: Ting-Lu
|-damage|p2a: Ting-Lu|79/100
|-anim|p1a: Dragapult|Dragon Darts|p2a: Ting-Lu
|-damage|p2a: Ting-Lu|56/100
|
|-heal|p2a: Ting-Lu|63/100|[from] item: Leftovers
|upkeep
|turn|13
|
|t:|1758922791
|switch|p1a: Uxie|Uxie|100/100
|move|p2a: Ting-Lu|Payback|p1a: Uxie
|-supereffective|p1a: Uxie
|-damage|p1a: Uxie|71/100
|
|-heal|p1a: Uxie|77/100|[from] item: Leftovers
|-heal|p2a: Ting-Lu|69/100|[from] item: Leftovers
|upkeep
|turn|14
|
|t:|1758922795
|move|p1a: Uxie|Stealth Rock|p2a: Ting-Lu
|-sidestart|p2: uber-mom|move: Stealth Rock
|move|p2a: Ting-Lu|Payback|p1a: Uxie
|-supereffective|p1a: Uxie
|-damage|p1a: Uxie|17/100
|
|-heal|p1a: Uxie|23/100|[from] item: Leftovers
|-heal|p2a: Ting-Lu|75/100|[from] item: Leftovers
|upkeep
|turn|15
|
|t:|1758922802
|move|p1a: Uxie|U-turn|p2a: Ting-Lu
|-supereffective|p2a: Ting-Lu
|-damage|p2a: Ting-Lu|60/100
|
|t:|1758922803
|switch|p1a: Iron Valiant|Iron Valiant|63/100 tox|[from] U-turn
|move|p2a: Ting-Lu|Payback|p1a: Iron Valiant
|-resisted|p1a: Iron Valiant
|-damage|p1a: Iron Valiant|58/100 tox
|
|-heal|p2a: Ting-Lu|66/100|[from] item: Leftovers
|-damage|p1a: Iron Valiant|51/100 tox|[from] psn
|upkeep
|turn|16
|
|t:|1758922810
|switch|p2a: Gholdengo|Gholdengo|61/100
|-damage|p2a: Gholdengo|55/100|[from] Stealth Rock
|move|p1a: Iron Valiant|Moonblast|p2a: Gholdengo
|-resisted|p2a: Gholdengo
|-damage|p2a: Gholdengo|14/100
|-unboost|p2a: Gholdengo|spa|1
|
|-damage|p1a: Iron Valiant|39/100 tox|[from] psn
|upkeep
|turn|17
|
|t:|1758922815
|move|p2a: Gholdengo|Shadow Ball|p1a: Iron Valiant
|-damage|p1a: Iron Valiant|0 fnt
|faint|p1a: Iron Valiant
|-end|p1a: Iron Valiant|Quark Drive|[silent]
|
|upkeep
|
|t:|1758922817
|switch|p1a: Meowscarada|Meowscarada, F|66/100 brn
|turn|18
|
|t:|1758922820
|switch|p2a: Moltres|Moltres|52/100
|move|p1a: Meowscarada|Knock Off|p2a: Moltres
|-start|p1a: Meowscarada|typechange|Dark|[from] ability: Protean
|-damage|p2a: Moltres|37/100
|-enditem|p2a: Moltres|Heavy-Duty Boots|[from] move: Knock Off|[of] p1a: Meowscarada
|
|-damage|p1a: Meowscarada|60/100 brn|[from] brn
|upkeep
|turn|19
|
|t:|1758922824
|switch|p1a: Alomomola|Alomomola, M|70/100
|move|p2a: Moltres|Roost|p2a: Moltres
|-heal|p2a: Moltres|87/100
|-singleturn|p2a: Moltres|move: Roost
|
|upkeep
|turn|20
|
|t:|1758922829
|move|p1a: Alomomola|Wish|p1a: Alomomola
|move|p2a: Moltres|Roar|p1a: Alomomola
|drag|p1a: Corviknight|Corviknight, M|85/100
|-ability|p1a: Corviknight|Pressure
|
|upkeep
|turn|21
|
|t:|1758922833
|switch|p1a: Uxie|Uxie|23/100
|move|p2a: Moltres|Flamethrower|p1a: Uxie
|-damage|p1a: Uxie|0 fnt
|faint|p1a: Uxie
|
|upkeep
|
|t:|1758922837
|switch|p1a: Dragapult|Dragapult, F|100/100
|turn|22
|
|t:|1758922843
|move|p1a: Dragapult|Dragon Darts|p2a: Moltres
|-damage|p2a: Moltres|58/100
|-anim|p1a: Dragapult|Dragon Darts|p2a: Moltres
|-damage|p2a: Moltres|28/100
|move|p2a: Moltres|U-turn|p1a: Dragapult
|-resisted|p1a: Dragapult
|-damage|p1a: Dragapult|91/100
|
|t:|1758922846
|switch|p2a: Gholdengo|Gholdengo|14/100|[from] U-turn
|-damage|p2a: Gholdengo|8/100|[from] Stealth Rock
|
|upkeep
|turn|23
|
|t:|1758922851
|switch|p1a: Meowscarada|Meowscarada, F|60/100 brn
|move|p2a: Gholdengo|Shadow Ball|p1a: Meowscarada
|-resisted|p1a: Meowscarada
|-damage|p1a: Meowscarada|24/100 brn
|
|-damage|p1a: Meowscarada|18/100 brn|[from] brn
|upkeep
|turn|24
|l| dragonlatios1
|
|t:|1758922855
|move|p1a: Meowscarada|Knock Off|p2a: Gholdengo
|-start|p1a: Meowscarada|typechange|Dark|[from] ability: Protean
|-supereffective|p2a: Gholdengo
|-damage|p2a: Gholdengo|0 fnt
|-enditem|p2a: Gholdengo|Choice Scarf|[from] move: Knock Off|[of] p1a: Meowscarada
|faint|p2a: Gholdengo
|
|-damage|p1a: Meowscarada|12/100 brn|[from] brn
|upkeep
|
|t:|1758922865
|switch|p2a: Ogerpon|Ogerpon-Wellspring, F|100/100
|-damage|p2a: Ogerpon|88/100|[from] Stealth Rock
|turn|25
|
|t:|1758922868
|move|p1a: Meowscarada|Knock Off|p2a: Ogerpon
|-damage|p2a: Ogerpon|70/100
|move|p2a: Ogerpon|Spikes|p1a: Meowscarada
|-sidestart|p1: garg is back|Spikes
|
|-damage|p1a: Meowscarada|6/100 brn|[from] brn
|upkeep
|turn|26
|
|t:|1758922872
|switch|p1a: Corviknight|Corviknight, M|85/100
|-ability|p1a: Corviknight|Pressure
|move|p2a: Ogerpon|Spikes|p1a: Corviknight
|-sidestart|p1: garg is back|Spikes
|
|upkeep
|turn|27
|
|t:|1758922878
|move|p2a: Ogerpon|Ivy Cudgel|p1a: Corviknight|[anim] Ivy Cudgel Water
|-damage|p1a: Corviknight|51/100
|move|p1a: Corviknight|Brave Bird|p2a: Ogerpon
|-supereffective|p2a: Ogerpon
|-damage|p2a: Ogerpon|0 fnt
|faint|p2a: Ogerpon
|-damage|p1a: Corviknight|34/100|[from] Recoil
|
|upkeep
|
|t:|1758922884
|switch|p2a: Hydreigon|Hydreigon, F|100/100
|-damage|p2a: Hydreigon|88/100|[from] Stealth Rock
|turn|28
|
|t:|1758922893
|switch|p1a: Meowscarada|Meowscarada, F|6/100 brn
|-damage|p1a: Meowscarada|0 fnt|[from] Spikes
|faint|p1a: Meowscarada
|move|p2a: Hydreigon|Substitute|p2a: Hydreigon
|-start|p2a: Hydreigon|Substitute
|-damage|p2a: Hydreigon|63/100
|
|-heal|p2a: Hydreigon|69/100|[from] item: Leftovers
|upkeep
|
|t:|1758922895
|switch|p1a: Dragapult|Dragapult, F|91/100
|-damage|p1a: Dragapult|74/100|[from] Spikes
|turn|29
|
|t:|1758922900
|-terastallize|p2a: Hydreigon|Steel
|move|p1a: Dragapult|Dragon Darts|p2a: Hydreigon
|-resisted|p2a: Hydreigon
|-activate|p2a: Hydreigon|move: Substitute|[damage]
|-anim|p1a: Dragapult|Dragon Darts|p2a: Hydreigon
|-resisted|p2a: Hydreigon
|-end|p2a: Hydreigon|Substitute
|move|p2a: Hydreigon|Draco Meteor|p1a: Dragapult
|-supereffective|p1a: Dragapult
|-damage|p1a: Dragapult|0 fnt
|-unboost|p2a: Hydreigon|spa|2
|faint|p1a: Dragapult
|
|-heal|p2a: Hydreigon|76/100|[from] item: Leftovers
|upkeep
|-message|garg is back forfeited.
|
|win|uber-mom
|raw|garg is back's rating: 1601 &rarr; <strong>1583</strong><br />(-18 for losing)
|raw|uber-mom's rating: 1632 &rarr; <strong>1650</strong><br />(+18 for winning)
|l|☆garg is back
|player|p1|
|l| A.Omnipotent
