|j|☆jose2912
|j|☆judeyshocks
|t:|1759064874
|gametype|singles
|player|p1|jose2912|2|1305
|player|p2|judeyshocks|cynthia-gen4|1323
|gen|9
|tier|[Gen 9] OU
|rated|
|rule|HP Percentage Mod: HP is shown in percentages
|rule|Endless Battle Clause: Forcing endless battles is banned
|rule|Species Clause: Limit one of each Pokémon
|rule|OHKO Clause: OHKO moves are banned
|rule|Evasion Items Clause: Evasion items are banned
|rule|Evasion Moves Clause: Evasion moves are banned
|rule|Evasion Abilities Clause: Evasion abilities are banned
|rule|Sleep Moves Clause: Sleep-inducing moves are banned
|clearpoke
|poke|p1|Ninetales, F|
|poke|p1|Raging Bolt|
|poke|p1|Hatterene, F|
|poke|p1|Walking Wake|
|poke|p1|Great Tusk|
|poke|p1|Scizor, F|
|poke|p2|Deoxys-Speed|
|poke|p2|Zamazenta-*|
|poke|p2|Iron Moth|
|poke|p2|Ogerpon-Wellspring, F|
|poke|p2|Ting-Lu|
|poke|p2|Gholdengo|
|teampreview
|inactive|Battle timer is ON: inactive players will automatically lose when time's up. (requested by jose2912)
|
|t:|1759064891
|teamsize|p1|6
|teamsize|p2|6
|start
|switch|p1a: Hatterene|Hatterene, F|100/100
|switch|p2a: Pass (deer)|Ting-Lu|100/100
|-ability|p2a: Pass (deer)|Vessel of Ruin
|turn|1
|inactive|judeyshocks has 120 seconds left.
|
|t:|1759064935
|move|p2a: Pass (deer)|Ruination|p1a: Hatterene
|-damage|p1a: Hatterene|50/100
|move|p1a: Hatterene|Draining Kiss|p2a: Pass (deer)
|-supereffective|p2a: Pass (deer)
|-damage|p2a: Pass (deer)|76/100
|-heal|p1a: Hatterene|78/100|[from] drain|[of] p2a: Pass (deer)
|
|-heal|p2a: Pass (deer)|82/100|[from] item: Leftovers
|upkeep
|turn|2
|
|t:|1759064946
|move|p2a: Pass (deer)|Ruination|p1a: Hatterene
|-damage|p1a: Hatterene|39/100
|move|p1a: Hatterene|Calm Mind|p1a: Hatterene
|-boost|p1a: Hatterene|spa|1
|-boost|p1a: Hatterene|spd|1
|
|-heal|p2a: Pass (deer)|89/100|[from] item: Leftovers
|upkeep
|turn|3
|inactive|judeyshocks has 120 seconds left.
|
|t:|1759064968
|switch|p2a: Can't smash dead|Gholdengo|100/100
|-item|p2a: Can't smash dead|Air Balloon
|move|p1a: Hatterene|Mystical Fire|p2a: Can't smash dead
|-supereffective|p2a: Can't smash dead
|-damage|p2a: Can't smash dead|27/100
|-unboost|p2a: Can't smash dead|spa|1
|-enditem|p2a: Can't smash dead|Air Balloon
|
|upkeep
|turn|4
|
|t:|1759064983
|switch|p1a: Great Tusk|Great Tusk, shiny|100/100
|move|p2a: Can't smash dead|Make It Rain|p1a: Great Tusk
|-damage|p1a: Great Tusk|34/100
|-unboost|p2a: Can't smash dead|spa|1
|
|upkeep
|turn|5
|
|t:|1759065000
|switch|p2a: Smash (child)|Ogerpon-Wellspring, F|100/100
|move|p1a: Great Tusk|Temper Flare|p2a: Smash (child)
|-damage|p2a: Smash (child)|67/100
|
|upkeep
|turn|6
|inactive|judeyshocks has 90 seconds left.
|
|t:|1759065021
|-end|p1a: Great Tusk|Protosynthesis|[silent]
|switch|p1a: Walking Wake|Walking Wake|100/100
|move|p2a: Smash (child)|U-turn|p1a: Walking Wake
|-damage|p1a: Walking Wake|71/100
|inactive|judeyshocks has 90 seconds left.
|
|t:|1759065042
|switch|p2a: Smash (alien)|Deoxys-Speed|100/100|[from] U-turn
|-ability|p2a: Smash (alien)|Pressure
|
|upkeep
|turn|7
|
|t:|1759065061
|-end|p1a: Walking Wake|Protosynthesis|[silent]
|switch|p1a: Great Tusk|Great Tusk, shiny|34/100
|move|p2a: Smash (alien)|Psycho Boost|p1a: Great Tusk
|-supereffective|p1a: Great Tusk
|-damage|p1a: Great Tusk|0 fnt
|-unboost|p2a: Smash (alien)|spa|2
|faint|p1a: Great Tusk
|-end|p1a: Great Tusk|Protosynthesis|[silent]
|
|upkeep
|
|t:|1759065071
|switch|p1a: Scizor|Scizor, F|100/100
|turn|8
|
|t:|1759065094
|switch|p2a: Smash (child)|Ogerpon-Wellspring, F|67/100
|move|p1a: Scizor|U-turn|p2a: Smash (child)
|-supereffective|p2a: Smash (child)
|-damage|p2a: Smash (child)|0 fnt
|faint|p2a: Smash (child)
|
|t:|1759065110
|switch|p1a: Hatterene|Hatterene, F|39/100|[from] U-turn
|
|upkeep
|
|t:|1759065123
|switch|p2a: Can't smash dead|Gholdengo|27/100
|turn|9
|
|t:|1759065136
|switch|p1a: Ninetales|Ninetales, F, shiny|100/100
|-weather|SunnyDay|[from] ability: Drought|[of] p1a: Ninetales
|move|p2a: Can't smash dead|Shadow Ball|p1a: Ninetales
|-damage|p1a: Ninetales|58/100
|
|-weather|SunnyDay|[upkeep]
|upkeep
|turn|10
|inactive|judeyshocks has 60 seconds left.
|
|t:|1759065158
|move|p1a: Ninetales|Weather Ball|p2a: Can't smash dead
|-supereffective|p2a: Can't smash dead
|-damage|p2a: Can't smash dead|0 fnt
|faint|p2a: Can't smash dead
|
|-weather|SunnyDay|[upkeep]
|upkeep
|
|t:|1759065166
|switch|p2a: Smash (alien)|Deoxys-Speed|100/100
|-ability|p2a: Smash (alien)|Pressure
|turn|11
|inactive|judeyshocks has 60 seconds left.
|
|t:|1759065175
|switch|p1a: Scizor|Scizor, F|100/100
|move|p2a: Smash (alien)|Meteor Beam||[still]
|-prepare|p2a: Smash (alien)|Meteor Beam
|-boost|p2a: Smash (alien)|spa|1
|-enditem|p2a: Smash (alien)|Power Herb
|-anim|p2a: Smash (alien)|Meteor Beam|p1a: Scizor
|-damage|p1a: Scizor|29/100
|
|-weather|SunnyDay|[upkeep]
|upkeep
|turn|12
|inactive|judeyshocks has 60 seconds left.
|
|t:|1759065206
|move|p1a: Scizor|Bullet Punch|p2a: Smash (alien)
|-damage|p2a: Smash (alien)|33/100
|move|p2a: Smash (alien)|Psycho Boost|p1a: Scizor|[miss]
|-miss|p2a: Smash (alien)|p1a: Scizor
|
|-weather|SunnyDay|[upkeep]
|upkeep
|turn|13
|
|t:|1759065215
|switch|p2a: Smash (hot)|Iron Moth|100/100
|-enditem|p2a: Smash (hot)|Booster Energy
|-activate|p2a: Smash (hot)|ability: Quark Drive|[fromitem]
|-start|p2a: Smash (hot)|quarkdrivespe
|move|p1a: Scizor|Bullet Punch|p2a: Smash (hot)
|-resisted|p2a: Smash (hot)
|-damage|p2a: Smash (hot)|62/100
|
|-weather|SunnyDay|[upkeep]
|upkeep
|turn|14
|inactive|judeyshocks has 30 seconds left.
|
|t:|1759065240
|move|p1a: Scizor|Bullet Punch|p2a: Smash (hot)
|-resisted|p2a: Smash (hot)
|-damage|p2a: Smash (hot)|28/100
|move|p2a: Smash (hot)|Fiery Dance|p1a: Scizor
|-supereffective|p1a: Scizor
|-damage|p1a: Scizor|0 fnt
|faint|p1a: Scizor
|
|-weather|SunnyDay|[upkeep]
|upkeep
|
|t:|1759065251
|switch|p1a: Raging Bolt|Raging Bolt|100/100
|-activate|p1a: Raging Bolt|ability: Protosynthesis
|-start|p1a: Raging Bolt|protosynthesisspa
|turn|15
|
|t:|1759065259
|-end|p2a: Smash (hot)|Quark Drive|[silent]
|switch|p2a: Pass (deer)|Ting-Lu|89/100
|-ability|p2a: Pass (deer)|Vessel of Ruin
|move|p1a: Raging Bolt|Thunderclap||[still]
|-fail|p1a: Raging Bolt
|
|-weather|SunnyDay|[upkeep]
|-heal|p2a: Pass (deer)|95/100|[from] item: Leftovers
|upkeep
|turn|16
|
|t:|1759065275
|-terastallize|p1a: Raging Bolt|Fairy
|move|p1a: Raging Bolt|Calm Mind|p1a: Raging Bolt
|-boost|p1a: Raging Bolt|spa|1
|-boost|p1a: Raging Bolt|spd|1
|move|p2a: Pass (deer)|Earthquake|p1a: Raging Bolt
|-damage|p1a: Raging Bolt|61/100
|
|-weather|none
|-end|p1a: Raging Bolt|Protosynthesis
|-heal|p2a: Pass (deer)|100/100|[from] item: Leftovers
|upkeep
|-enditem|p1a: Raging Bolt|Booster Energy
|-activate|p1a: Raging Bolt|ability: Protosynthesis|[fromitem]
|-start|p1a: Raging Bolt|protosynthesisspa
|turn|17
|
|t:|1759065288
|move|p1a: Raging Bolt|Calm Mind|p1a: Raging Bolt
|-boost|p1a: Raging Bolt|spa|1
|-boost|p1a: Raging Bolt|spd|1
|move|p2a: Pass (deer)|Earthquake|p1a: Raging Bolt
|-damage|p1a: Raging Bolt|25/100
|
|upkeep
|turn|18
|
|t:|1759065293
|move|p1a: Raging Bolt|Draco Meteor|p2a: Pass (deer)
|-damage|p2a: Pass (deer)|7/100
|-unboost|p1a: Raging Bolt|spa|2
|move|p2a: Pass (deer)|Earthquake|p1a: Raging Bolt
|-damage|p1a: Raging Bolt|0 fnt
|faint|p1a: Raging Bolt
|-end|p1a: Raging Bolt|Protosynthesis|[silent]
|
|-heal|p2a: Pass (deer)|13/100|[from] item: Leftovers
|upkeep
|inactive|jose2912 has 120 seconds left.
|
|t:|1759065332
|switch|p1a: Ninetales|Ninetales, F, shiny|58/100
|-weather|SunnyDay|[from] ability: Drought|[of] p1a: Ninetales
|turn|19
|
|t:|1759065346
|move|p1a: Ninetales|Healing Wish|p1a: Ninetales
|faint|p1a: Ninetales
|move|p2a: Pass (deer)|Earthquake|p1: Ninetales|[notarget]
|-fail|p2a: Pass (deer)
|
|-weather|SunnyDay|[upkeep]
|-heal|p2a: Pass (deer)|19/100|[from] item: Leftovers
|upkeep
|
|t:|1759065349
|switch|p1a: Hatterene|Hatterene, F|39/100
|-heal|p1a: Hatterene|100/100|[from] move: Healing Wish
|turn|20
|inactive|judeyshocks has 60 seconds left.
|
|t:|1759065362
|move|p2a: Pass (deer)|Ruination|p1a: Hatterene
|-damage|p1a: Hatterene|50/100
|move|p1a: Hatterene|Calm Mind|p1a: Hatterene
|-boost|p1a: Hatterene|spa|1
|-boost|p1a: Hatterene|spd|1
|
|-weather|SunnyDay|[upkeep]
|-heal|p2a: Pass (deer)|25/100|[from] item: Leftovers
|upkeep
|turn|21
|
|t:|1759065369
|move|p2a: Pass (deer)|Earthquake|p1a: Hatterene
|-damage|p1a: Hatterene|13/100
|move|p1a: Hatterene|Calm Mind|p1a: Hatterene
|-boost|p1a: Hatterene|spa|1
|-boost|p1a: Hatterene|spd|1
|
|-weather|SunnyDay|[upkeep]
|-heal|p2a: Pass (deer)|32/100|[from] item: Leftovers
|upkeep
|turn|22
|
|t:|1759065376
|move|p2a: Pass (deer)|Earthquake|p1a: Hatterene
|-damage|p1a: Hatterene|0 fnt
|faint|p1a: Hatterene
|
|-weather|SunnyDay|[upkeep]
|-heal|p2a: Pass (deer)|38/100|[from] item: Leftovers
|upkeep
|
|t:|1759065381
|switch|p1a: Walking Wake|Walking Wake|71/100
|-activate|p1a: Walking Wake|ability: Protosynthesis
|-start|p1a: Walking Wake|protosynthesisspe
|turn|23
|
|t:|1759065395
|move|p1a: Walking Wake|Hydro Steam|p2a: Pass (deer)
|-supereffective|p2a: Pass (deer)
|-damage|p2a: Pass (deer)|0 fnt
|faint|p2a: Pass (deer)
|
|-weather|SunnyDay|[upkeep]
|upkeep
|
|t:|1759065410
|switch|p2a: Pass (dog)|Zamazenta, shiny|100/100
|-ability|p2a: Pass (dog)|Dauntless Shield|boost
|-boost|p2a: Pass (dog)|def|1
|turn|24
|inactive|judeyshocks has 60 seconds left.
|
|t:|1759065434
|move|p1a: Walking Wake|Hydro Steam|p2a: Pass (dog)
|-damage|p2a: Pass (dog)|17/100
|move|p2a: Pass (dog)|Body Press|p1a: Walking Wake
|-damage|p1a: Walking Wake|17/100
|
|-weather|SunnyDay|[upkeep]
|-heal|p2a: Pass (dog)|24/100|[from] item: Leftovers
|upkeep
|turn|25
|inactive|judeyshocks has 60 seconds left.
|
|t:|1759065440
|move|p1a: Walking Wake|Hydro Steam|p2a: Pass (dog)
|-damage|p2a: Pass (dog)|0 fnt
|faint|p2a: Pass (dog)
|
|-weather|SunnyDay|[upkeep]
|upkeep
|
|t:|1759065444
|switch|p2a: Smash (hot)|Iron Moth|28/100
|turn|26
|
|t:|1759065457
|-terastallize|p2a: Smash (hot)|Grass
|move|p1a: Walking Wake|Hydro Steam|p2a: Smash (hot)
|-resisted|p2a: Smash (hot)
|-damage|p2a: Smash (hot)|0 fnt
|faint|p2a: Smash (hot)
|-end|p2a: Smash (hot)|Quark Drive|[silent]
|
|-weather|none
|-end|p1a: Walking Wake|Protosynthesis
|upkeep
|
|t:|1759065462
|switch|p2a: Smash (alien)|Deoxys-Speed|33/100
|-ability|p2a: Smash (alien)|Pressure
|turn|27
|
|t:|1759065465
|move|p2a: Smash (alien)|Ice Beam|p1a: Walking Wake
|-damage|p1a: Walking Wake|0 fnt
|faint|p1a: Walking Wake
|-end|p1a: Walking Wake|Protosynthesis|[silent]
|
|win|judeyshocks
|raw|jose2912's rating: 1305 &rarr; <strong>1286</strong><br />(-19 for losing)
|raw|judeyshocks's rating: 1323 &rarr; <strong>1342</strong><br />(+19 for winning)
|c|☆judeyshocks|gg
|l|☆jose2912
|player|p1|
