|j|☆MRH1106
|j|☆lerendezvous
|t:|1758958320
|gametype|singles
|player|p1|MRH1106|miku-ghost|1699
|player|p2|lerendezvous|101|1690
|gen|9
|tier|[Gen 9] OU
|rated|
|rule|HP Percentage Mod: HP is shown in percentages
|rule|Endless Battle Clause: Forcing endless battles is banned
|rule|Species Clause: Limit one of each Pokémon
|rule|OHKO Clause: OHKO moves are banned
|rule|Evasion Items Clause: Evasion items are banned
|rule|Evasion Moves Clause: Evasion moves are banned
|rule|Evasion Abilities Clause: Evasion abilities are banned
|rule|Sleep Moves Clause: Sleep-inducing moves are banned
|clearpoke
|poke|p1|Dondozo, F|
|poke|p1|Blissey, F|
|poke|p1|Corviknight, M|
|poke|p1|Weezing-Galar, F|
|poke|p1|Gliscor, M|
|poke|p1|Toxapex, M|
|poke|p2|Ogerpon-Wellspring, F|
|poke|p2|Slowking-Galar, M|
|poke|p2|Great Tusk|
|poke|p2|Moltres|
|poke|p2|Dragapult, M|
|poke|p2|Kingambit, F|
|teampreview
|
|t:|1758958328
|teamsize|p1|6
|teamsize|p2|6
|start
|switch|p1a: Gliscor|Gliscor, M|100/100
|switch|p2a: Ogerpon|Ogerpon-Wellspring, F|100/100
|turn|1
|inactive|Battle timer is ON: inactive players will automatically lose when time's up. (requested by lerendezvous)
|
|t:|1758958335
|move|p1a: Gliscor|Protect|p1a: Gliscor
|-singleturn|p1a: Gliscor|Protect
|move|p2a: Ogerpon|Ivy Cudgel|p1a: Gliscor|[anim] Ivy Cudgel Water
|-activate|p1a: Gliscor|move: Protect
|
|-status|p1a: Gliscor|tox|[from] item: Toxic Orb
|upkeep
|turn|2
|
|t:|1758958347
|switch|p1a: Toxapex|Toxapex, M|100/100
|move|p2a: Ogerpon|Ivy Cudgel|p1a: Toxapex|[anim] Ivy Cudgel Water
|-resisted|p1a: Toxapex
|-crit|p1a: Toxapex
|-damage|p1a: Toxapex|66/100
|
|-heal|p1a: Toxapex|73/100|[from] item: Leftovers
|upkeep
|turn|3
|j| heatraniac
|
|t:|1758958355
|switch|p2a: Slowking|Slowking-Galar, M|100/100
|move|p1a: Toxapex|Toxic|p2a: Slowking
|-immune|p2a: Slowking
|
|-heal|p1a: Toxapex|79/100|[from] item: Leftovers
|upkeep
|turn|4
|
|t:|1758958359
|move|p1a: Toxapex|Toxic Spikes|p2a: Slowking
|-sidestart|p2: lerendezvous|move: Toxic Spikes
|move|p2a: Slowking|Psyshock|p1a: Toxapex
|-supereffective|p1a: Toxapex
|-damage|p1a: Toxapex|22/100
|
|-heal|p1a: Toxapex|28/100|[from] item: Leftovers
|upkeep
|turn|5
|j| PCCWVictorMa
|
|t:|1758958366
|move|p1a: Toxapex|Recover|p1a: Toxapex
|-heal|p1a: Toxapex|78/100
|move|p2a: Slowking|Psyshock|p1a: Toxapex
|-supereffective|p1a: Toxapex
|-damage|p1a: Toxapex|22/100
|
|-heal|p1a: Toxapex|28/100|[from] item: Leftovers
|upkeep
|turn|6
|
|t:|1758958373
|move|p1a: Toxapex|Recover|p1a: Toxapex
|-heal|p1a: Toxapex|78/100
|move|p2a: Slowking|Psyshock|p1a: Toxapex
|-supereffective|p1a: Toxapex
|-damage|p1a: Toxapex|20/100
|
|-heal|p1a: Toxapex|26/100|[from] item: Leftovers
|upkeep
|turn|7
|
|t:|1758958385
|switch|p1a: Gliscor|Gliscor, M|100/100 tox
|move|p2a: Slowking|Psyshock|p1a: Gliscor
|-damage|p1a: Gliscor|68/100 tox
|
|-heal|p1a: Gliscor|81/100 tox|[from] ability: Poison Heal
|upkeep
|turn|8
|
|t:|1758958395
|switch|p2a: Moltres|Moltres|100/100
|move|p1a: Gliscor|Protect||[still]
|-fail|p1a: Gliscor
|
|-heal|p1a: Gliscor|93/100 tox|[from] ability: Poison Heal
|upkeep
|turn|9
|
|t:|1758958399
|switch|p2a: Slowking|Slowking-Galar, M|100/100
|-sideend|p2: lerendezvous|move: Toxic Spikes|[of] p2a: Slowking
|move|p1a: Gliscor|Spikes|p2a: Slowking
|-sidestart|p2: lerendezvous|Spikes
|
|-heal|p1a: Gliscor|100/100 tox|[from] ability: Poison Heal
|upkeep
|turn|10
|
|t:|1758958404
|move|p1a: Gliscor|Protect|p1a: Gliscor
|-singleturn|p1a: Gliscor|Protect
|move|p2a: Slowking|Ice Beam|p1a: Gliscor
|-activate|p1a: Gliscor|move: Protect
|
|upkeep
|turn|11
|
|t:|1758958409
|switch|p1a: Toxapex|Toxapex, M|60/100
|move|p2a: Slowking|Ice Beam|p1a: Toxapex
|-resisted|p1a: Toxapex
|-damage|p1a: Toxapex|51/100
|
|-heal|p1a: Toxapex|58/100|[from] item: Leftovers
|upkeep
|turn|12
|
|t:|1758958417
|switch|p1a: Blissey|Blissey, F|100/100
|move|p2a: Slowking|Psyshock|p1a: Blissey
|-damage|p1a: Blissey|61/100
|
|-heal|p1a: Blissey|68/100|[from] item: Leftovers
|upkeep
|turn|13
|
|t:|1758958430
|switch|p1a: Gliscor|Gliscor, M|100/100 tox
|switch|p2a: Great Tusk|Great Tusk|100/100
|-damage|p2a: Great Tusk|88/100|[from] Spikes
|
|upkeep
|turn|14
|
|t:|1758958436
|move|p2a: Great Tusk|Stealth Rock|p1a: Gliscor
|-sidestart|p1: MRH1106|move: Stealth Rock
|move|p1a: Gliscor|Spikes|p2a: Great Tusk
|-sidestart|p2: lerendezvous|Spikes
|
|upkeep
|turn|15
|
|t:|1758958444
|move|p2a: Great Tusk|Rapid Spin|p1a: Gliscor
|-damage|p1a: Gliscor|86/100 tox
|-boost|p2a: Great Tusk|spe|1
|-sideend|p2: lerendezvous|Spikes|[from] move: Rapid Spin|[of] p2a: Great Tusk
|move|p1a: Gliscor|Spikes|p2a: Great Tusk
|-sidestart|p2: lerendezvous|Spikes
|
|-heal|p1a: Gliscor|99/100 tox|[from] ability: Poison Heal
|upkeep
|turn|16
|
|t:|1758958450
|move|p2a: Great Tusk|Ice Spinner|p1a: Gliscor
|-supereffective|p1a: Gliscor
|-damage|p1a: Gliscor|4/100 tox
|move|p1a: Gliscor|Knock Off|p2a: Great Tusk
|-resisted|p2a: Great Tusk
|-damage|p2a: Great Tusk|80/100
|-damage|p1a: Gliscor|0 fnt|[from] item: Rocky Helmet|[of] p2a: Great Tusk
|faint|p1a: Gliscor
|
|upkeep
|-message|MRH1106 forfeited.
|
|win|lerendezvous
|raw|MRH1106's rating: 1699 &rarr; <strong>1678</strong><br />(-21 for losing)
|raw|lerendezvous's rating: 1690 &rarr; <strong>1711</strong><br />(+21 for winning)
|l|☆MRH1106
|player|p1|
|l|☆lerendezvous
|player|p2|
|l| heatraniac
|l| PCCWVictorMa
