|j|☆thenameofafish
|j|☆Cuison
|t:|1759053377
|gametype|singles
|player|p1|thenameofafish|policeman-gen4|1309
|player|p2|Cuison|waiter-gen4dp|1306
|gen|9
|tier|[Gen 9] OU
|rated|
|rule|HP Percentage Mod: HP is shown in percentages
|rule|Endless Battle Clause: Forcing endless battles is banned
|rule|Species Clause: Limit one of each Pokémon
|rule|OHKO Clause: OHKO moves are banned
|rule|Evasion Items Clause: Evasion items are banned
|rule|Evasion Moves Clause: Evasion moves are banned
|rule|Evasion Abilities Clause: Evasion abilities are banned
|rule|Sleep Moves Clause: Sleep-inducing moves are banned
|clearpoke
|poke|p1|Hatterene, F|
|poke|p1|Torkoal, M|
|poke|p1|Corviknight, F|
|poke|p1|Ursaluna, F|
|poke|p1|Deoxys-Defense|
|poke|p1|Iron Hands|
|poke|p2|Kommo-o, F|
|poke|p2|Gholdengo|
|poke|p2|Ninetales-Alola, M|
|poke|p2|Hatterene, F|
|poke|p2|Great Tusk|
|poke|p2|Kingambit, M|
|teampreview
|l|☆Cuison
|player|p2|
|j|☆Cuison
|player|p2|Cuison|waiter-gen4dp|
|inactive|Battle timer is ON: inactive players will automatically lose when time's up. (requested by thenameofafish)
|
|t:|1759053401
|teamsize|p1|6
|teamsize|p2|6
|start
|switch|p1a: Deoxys|Deoxys-Defense|100/100
|switch|p2a: Kingambit|Kingambit, M|100/100
|-ability|p1a: Deoxys|Pressure
|-item|p2a: Kingambit|Air Balloon
|turn|1
|
|t:|1759053406
|move|p2a: Kingambit|Kowtow Cleave|p1a: Deoxys
|-supereffective|p1a: Deoxys
|-damage|p1a: Deoxys|24/100
|move|p1a: Deoxys|Trick Room|p1a: Deoxys
|-fieldstart|move: Trick Room|[of] p1a: Deoxys
|
|-heal|p1a: Deoxys|30/100|[from] item: Leftovers
|upkeep
|turn|2
|
|t:|1759053413
|move|p2a: Kingambit|Kowtow Cleave|p1a: Deoxys
|-supereffective|p1a: Deoxys
|-damage|p1a: Deoxys|0 fnt
|faint|p1a: Deoxys
|
|upkeep
|
|t:|1759053415
|switch|p1a: no rocks|Torkoal, M|100/100
|-weather|SunnyDay|[from] ability: Drought|[of] p1a: no rocks
|turn|3
|inactive|Cuison has 120 seconds left.
|
|t:|1759053449
|-end|p2a: Kingambit|fallenundefined|[silent]
|switch|p2a: Kommo-o|Kommo-o, F|100/100
|-terastallize|p1a: no rocks|Fire
|move|p1a: no rocks|Eruption|p2a: Kommo-o
|-resisted|p2a: Kommo-o
|-damage|p2a: Kommo-o|0 fnt
|faint|p2a: Kommo-o
|
|-weather|SunnyDay|[upkeep]
|upkeep
|inactive|Cuison has 120 seconds left.
|
|t:|1759053455
|switch|p2a: Ninetales|Ninetales-Alola, M|100/100
|-weather|Snowscape|[from] ability: Snow Warning|[of] p2a: Ninetales
|turn|4
|
|t:|1759053462
|move|p1a: no rocks|Eruption|p2a: Ninetales
|-supereffective|p2a: Ninetales
|-damage|p2a: Ninetales|0 fnt
|faint|p2a: Ninetales
|
|-weather|Snowscape|[upkeep]
|upkeep
|
|t:|1759053469
|switch|p2a: Great Tusk|Great Tusk|100/100
|turn|5
|
|t:|1759053473
|move|p1a: no rocks|Eruption|p2a: Great Tusk
|-damage|p2a: Great Tusk|0 fnt
|faint|p2a: Great Tusk
|-end|p2a: Great Tusk|Protosynthesis|[silent]
|
|-weather|Snowscape|[upkeep]
|-fieldend|move: Trick Room
|upkeep
|c|☆thenameofafish|nuclear turtle
|c|☆Cuison|Lmao
|c|☆thenameofafish|oneshot a mola with that once
|c|☆Cuison|I'm assuming specs?
|c|☆thenameofafish|yea
|
|t:|1759053498
|switch|p2a: Gholdengo|Gholdengo|100/100
|turn|6
|c|☆thenameofafish|252+ specs tera fire eruption in sun is definitely a move
|
|t:|1759053516
|switch|p1a: Iron Hands|Iron Hands|100/100
|-terastallize|p2a: Gholdengo|Fighting
|move|p2a: Gholdengo|Focus Blast|p1a: Iron Hands
|-damage|p1a: Iron Hands|40/100
|
|-weather|Snowscape|[upkeep]
|upkeep
|turn|7
|l|☆Cuison
|inactive|Cuison disconnected and has a minute to reconnect!
|player|p2|
|j|☆Cuison
|inactive|Cuison reconnected and has 120 seconds left.
|player|p2|Cuison|waiter-gen4dp|
|
|t:|1759053536
|switch|p2a: Kingambit|Kingambit, M|100/100
|-activate|p2a: Kingambit|ability: Supreme Overlord
|-start|p2a: Kingambit|fallen3|[silent]
|-item|p2a: Kingambit|Air Balloon
|move|p1a: Iron Hands|Close Combat|p2a: Kingambit
|-supereffective|p2a: Kingambit
|-damage|p2a: Kingambit|0 fnt
|-unboost|p1a: Iron Hands|def|1
|-unboost|p1a: Iron Hands|spd|1
|-enditem|p2a: Kingambit|Air Balloon
|faint|p2a: Kingambit
|-end|p2a: Kingambit|fallen3|[silent]
|
|-weather|Snowscape|[upkeep]
|upkeep
|c|☆Cuison|Had to risk that
|c|☆Cuison|GG
|c|☆thenameofafish|gg
|-message|Cuison forfeited.
|
|win|thenameofafish
|raw|thenameofafish's rating: 1309 &rarr; <strong>1329</strong><br />(+20 for winning)
|raw|Cuison's rating: 1306 &rarr; <strong>1286</strong><br />(-20 for losing)
|l|☆Cuison
|player|p2|
|l|☆thenameofafish
|player|p1|
