|j|☆levi6969
|j|☆PrimeXStriker
|t:|1759047353
|gametype|singles
|player|p1|levi6969|169|1232
|player|p2|PrimeXStriker|170|1158
|gen|9
|tier|[Gen 9] OU
|rated|
|rule|HP Percentage Mod: HP is shown in percentages
|rule|Endless Battle Clause: Forcing endless battles is banned
|rule|Species Clause: Limit one of each Pokémon
|rule|OHKO Clause: OHKO moves are banned
|rule|Evasion Items Clause: Evasion items are banned
|rule|Evasion Moves Clause: Evasion moves are banned
|rule|Evasion Abilities Clause: Evasion abilities are banned
|rule|Sleep Moves Clause: Sleep-inducing moves are banned
|clearpoke
|poke|p1|Raichu, F|
|poke|p1|Gliscor, F|
|poke|p1|Heatran, F|
|poke|p1|Ninetales-Alola, F|
|poke|p1|Hatterene, F|
|poke|p1|Ogerpon-Wellspring, F|
|poke|p2|Araquanid, M|
|poke|p2|Rillaboom, M|
|poke|p2|Glimmora, M|
|poke|p2|Mamoswine, M|
|poke|p2|Tyranitar, F|
|poke|p2|Zapdos|
|teampreview
|inactive|Battle timer is ON: inactive players will automatically lose when time's up. (requested by levi6969)
|
|t:|1759047383
|teamsize|p1|6
|teamsize|p2|6
|start
|switch|p1a: Raichu|Raichu, F, shiny|100/100
|switch|p2a: Tyranitar|Tyranitar, F|100/100
|-weather|Sandstorm|[from] ability: Sand Stream|[of] p2a: Tyranitar
|turn|1
|
|t:|1759047392
|move|p1a: Raichu|Focus Blast|p2a: Tyranitar|[miss]
|-miss|p1a: Raichu|p2a: Tyranitar
|move|p2a: Tyranitar|Stealth Rock|p1a: Raichu
|-sidestart|p1: levi6969|move: Stealth Rock
|
|-weather|Sandstorm|[upkeep]
|-damage|p1a: Raichu|94/100|[from] Sandstorm
|upkeep
|turn|2
|
|t:|1759047398
|move|p1a: Raichu|Nasty Plot|p1a: Raichu
|-boost|p1a: Raichu|spa|2
|move|p2a: Tyranitar|Knock Off|p1a: Raichu
|-damage|p1a: Raichu|9/100
|-enditem|p1a: Raichu|Focus Sash|[from] move: Knock Off|[of] p2a: Tyranitar
|
|-weather|Sandstorm|[upkeep]
|-damage|p1a: Raichu|3/100|[from] Sandstorm
|upkeep
|turn|3
|
|t:|1759047404
|move|p1a: Raichu|Draining Kiss|p2a: Tyranitar
|-supereffective|p2a: Tyranitar
|-damage|p2a: Tyranitar|78/100
|-heal|p1a: Raichu|30/100|[from] drain|[of] p2a: Tyranitar
|move|p2a: Tyranitar|Knock Off|p1a: Raichu
|-damage|p1a: Raichu|0 fnt
|faint|p1a: Raichu
|
|-weather|Sandstorm|[upkeep]
|-heal|p2a: Tyranitar|84/100|[from] item: Leftovers
|upkeep
|
|t:|1759047409
|switch|p1a: Ninetales|Ninetales-Alola, F|100/100
|-damage|p1a: Ninetales|76/100|[from] Stealth Rock
|-weather|Snowscape|[from] ability: Snow Warning|[of] p1a: Ninetales
|turn|4
|
|t:|1759047416
|move|p1a: Ninetales|Aurora Veil|p1a: Ninetales
|-sidestart|p1: levi6969|move: Aurora Veil
|move|p2a: Tyranitar|Knock Off|p1a: Ninetales
|-resisted|p1a: Ninetales
|-damage|p1a: Ninetales|67/100
|-enditem|p1a: Ninetales|Light Clay|[from] move: Knock Off|[of] p2a: Tyranitar
|
|-weather|Snowscape|[upkeep]
|-heal|p2a: Tyranitar|90/100|[from] item: Leftovers
|upkeep
|turn|5
|
|t:|1759047423
|switch|p1a: Ogerpon|Ogerpon-Wellspring, F|100/100
|-damage|p1a: Ogerpon|88/100|[from] Stealth Rock
|switch|p2a: Mamoswine|Mamoswine, M|100/100
|
|-weather|Snowscape|[upkeep]
|upkeep
|turn|6
|
|t:|1759047443
|-terastallize|p1a: Ogerpon|Water
|detailschange|p1a: Ogerpon|Ogerpon-Wellspring-Tera, F, tera:Water
|-ability|p1a: Ogerpon|Embody Aspect (Wellspring)|boost
|-boost|p1a: Ogerpon|spd|1
|move|p1a: Ogerpon|Swords Dance|p1a: Ogerpon
|-boost|p1a: Ogerpon|atk|2
|move|p2a: Mamoswine|Icicle Crash|p1a: Ogerpon
|-resisted|p1a: Ogerpon
|-damage|p1a: Ogerpon|73/100
|
|-weather|Snowscape|[upkeep]
|upkeep
|turn|7
|
|t:|1759047467
|switch|p2a: Araquanid|Araquanid, M|100/100
|move|p1a: Ogerpon|Substitute|p1a: Ogerpon
|-start|p1a: Ogerpon|Substitute
|-damage|p1a: Ogerpon|48/100
|
|-weather|Snowscape|[upkeep]
|upkeep
|turn|8
|
|t:|1759047480
|switch|p2a: Zapdos|Zapdos|100/100
|move|p1a: Ogerpon|Swords Dance|p1a: Ogerpon
|-boost|p1a: Ogerpon|atk|2
|
|-weather|none
|upkeep
|turn|9
|
|t:|1759047486
|move|p1a: Ogerpon|Ivy Cudgel|p2a: Zapdos|[anim] Ivy Cudgel Water
|-damage|p2a: Zapdos|0 fnt
|faint|p2a: Zapdos
|
|upkeep
|
|t:|1759047490
|switch|p2a: Rillaboom|Rillaboom, M|100/100
|-fieldstart|move: Grassy Terrain|[from] ability: Grassy Surge|[of] p2a: Rillaboom
|turn|10
|
|t:|1759047494
|move|p2a: Rillaboom|Grassy Glide|p1a: Ogerpon
|-supereffective|p1a: Ogerpon
|-end|p1a: Ogerpon|Substitute
|move|p1a: Ogerpon|Ivy Cudgel|p2a: Rillaboom|[anim] Ivy Cudgel Water
|-resisted|p2a: Rillaboom
|-damage|p2a: Rillaboom|0 fnt
|faint|p2a: Rillaboom
|
|-heal|p1a: Ogerpon|54/100|[from] Grassy Terrain
|upkeep
|
|t:|1759047521
|switch|p2a: Glimmora|Glimmora, M|100/100
|turn|11
|
|t:|1759047529
|move|p2a: Glimmora|Power Gem|p1a: Ogerpon
|-damage|p1a: Ogerpon|39/100
|move|p1a: Ogerpon|Ivy Cudgel|p2a: Glimmora|[anim] Ivy Cudgel Water
|-supereffective|p2a: Glimmora
|-damage|p2a: Glimmora|0 fnt
|-activate|p2a: Glimmora|ability: Toxic Debris
|-sidestart|p1: levi6969|move: Toxic Spikes
|faint|p2a: Glimmora
|
|-heal|p1a: Ogerpon|45/100|[from] Grassy Terrain
|-sideend|p1: levi6969|move: Aurora Veil
|upkeep
|
|t:|1759047538
|switch|p2a: Mamoswine|Mamoswine, M|100/100
|-enditem|p2a: Mamoswine|Grassy Seed
|-boost|p2a: Mamoswine|def|1|[from] item: Grassy Seed
|turn|12
|
|t:|1759047541
|-terastallize|p2a: Mamoswine|Grass
|move|p1a: Ogerpon|Ivy Cudgel|p2a: Mamoswine|[anim] Ivy Cudgel Water
|-resisted|p2a: Mamoswine
|-damage|p2a: Mamoswine|7/100
|move|p2a: Mamoswine|Trailblaze|p1a: Ogerpon
|-supereffective|p1a: Ogerpon
|-damage|p1a: Ogerpon|0 fnt
|-boost|p2a: Mamoswine|spe|1
|faint|p1a: Ogerpon
|detailschange|p1: Ogerpon|Ogerpon-Wellspring, F|[silent]
|
|-heal|p2a: Mamoswine|13/100|[from] Grassy Terrain
|upkeep
|
|t:|1759047557
|switch|p1a: Hatterene|Hatterene, F|100/100
|-damage|p1a: Hatterene|88/100|[from] Stealth Rock
|-status|p1a: Hatterene|psn
|turn|13
|
|t:|1759047562
|move|p2a: Mamoswine|Icicle Crash|p1a: Hatterene
|-damage|p1a: Hatterene|50/100 psn
|move|p1a: Hatterene|Draining Kiss|p2a: Mamoswine
|-damage|p2a: Mamoswine|0 fnt
|-heal|p1a: Hatterene|61/100 psn|[from] drain|[of] p2a: Mamoswine
|faint|p2a: Mamoswine
|
|-heal|p1a: Hatterene|67/100 psn|[from] Grassy Terrain
|-damage|p1a: Hatterene|54/100 psn|[from] psn
|upkeep
|
|t:|1759047569
|switch|p2a: Tyranitar|Tyranitar, F|90/100
|-weather|Sandstorm|[from] ability: Sand Stream|[of] p2a: Tyranitar
|turn|14
|
|t:|1759047574
|switch|p1a: Ninetales|Ninetales-Alola, F|67/100
|-damage|p1a: Ninetales|42/100|[from] Stealth Rock
|-status|p1a: Ninetales|psn
|-weather|Snowscape|[from] ability: Snow Warning|[of] p1a: Ninetales
|move|p2a: Tyranitar|Knock Off|p1a: Ninetales
|-resisted|p1a: Ninetales
|-damage|p1a: Ninetales|30/100 psn
|
|-weather|Snowscape|[upkeep]
|-heal|p1a: Ninetales|36/100 psn|[from] Grassy Terrain
|-heal|p2a: Tyranitar|96/100|[from] Grassy Terrain
|-heal|p2a: Tyranitar|100/100|[from] item: Leftovers
|-damage|p1a: Ninetales|24/100 psn|[from] psn
|upkeep
|turn|15
|
|t:|1759047593
|move|p1a: Ninetales|Aurora Veil|p1a: Ninetales
|-sidestart|p1: levi6969|move: Aurora Veil
|move|p2a: Tyranitar|Knock Off|p1a: Ninetales
|-resisted|p1a: Ninetales
|-damage|p1a: Ninetales|18/100 psn
|
|-weather|Snowscape|[upkeep]
|-heal|p1a: Ninetales|24/100 psn|[from] Grassy Terrain
|-damage|p1a: Ninetales|12/100 psn|[from] psn
|upkeep
|turn|16
|
|t:|1759047599
|move|p1a: Ninetales|Freeze-Dry|p2a: Tyranitar
|-damage|p2a: Tyranitar|87/100
|move|p2a: Tyranitar|Low Kick|p1a: Ninetales
|-damage|p1a: Ninetales|6/100 psn
|
|-weather|Snowscape|[upkeep]
|-heal|p1a: Ninetales|12/100 psn|[from] Grassy Terrain
|-heal|p2a: Tyranitar|93/100|[from] Grassy Terrain
|-heal|p2a: Tyranitar|99/100|[from] item: Leftovers
|-damage|p1a: Ninetales|0 fnt|[from] psn
|faint|p1a: Ninetales
|upkeep
|
|t:|1759047614
|switch|p1a: Heatran|Heatran, F|100/100
|-damage|p1a: Heatran|88/100|[from] Stealth Rock
|turn|17
|inactive|PrimeXStriker has 120 seconds left.
|inactive|PrimeXStriker has 90 seconds left.
|inactive|PrimeXStriker has 60 seconds left.
|
|t:|1759047716
|move|p1a: Heatran|Body Press|p2a: Tyranitar
|-supereffective|p2a: Tyranitar
|-damage|p2a: Tyranitar|30/100
|move|p2a: Tyranitar|Low Kick|p1a: Heatran
|-supereffective|p1a: Heatran
|-damage|p1a: Heatran|62/100
|
|-weather|Snowscape|[upkeep]
|-heal|p1a: Heatran|68/100|[from] Grassy Terrain
|-heal|p1a: Heatran|74/100|[from] item: Leftovers
|-heal|p2a: Tyranitar|36/100|[from] Grassy Terrain
|-heal|p2a: Tyranitar|42/100|[from] item: Leftovers
|-fieldend|move: Grassy Terrain
|upkeep
|turn|18
|
|t:|1759047732
|switch|p2a: Araquanid|Araquanid, M|100/100
|move|p1a: Heatran|Magma Storm|p2a: Araquanid
|-damage|p2a: Araquanid|84/100
|-activate|p2a: Araquanid|move: Magma Storm|[of] p1a: Heatran
|
|-weather|none
|-heal|p1a: Heatran|81/100|[from] item: Leftovers
|-damage|p2a: Araquanid|72/100|[from] move: Magma Storm|[partiallytrapped]
|upkeep
|turn|19
|inactive|PrimeXStriker has 60 seconds left.
|
|t:|1759047766
|move|p1a: Heatran|Magma Storm|p2a: Araquanid
|-damage|p2a: Araquanid|55/100
|move|p2a: Araquanid|Sticky Web|p1a: Heatran
|-sidestart|p1: levi6969|move: Sticky Web
|
|-heal|p1a: Heatran|87/100|[from] item: Leftovers
|-damage|p2a: Araquanid|43/100|[from] move: Magma Storm|[partiallytrapped]
|-sideend|p1: levi6969|move: Aurora Veil
|upkeep
|turn|20
|
|t:|1759047782
|move|p1a: Heatran|Magma Storm|p2a: Araquanid|[miss]
|-miss|p1a: Heatran|p2a: Araquanid
|move|p2a: Araquanid|Surf|p1a: Heatran
|-supereffective|p1a: Heatran
|-damage|p1a: Heatran|0 fnt
|faint|p1a: Heatran
|
|-end|p2a: Araquanid|Magma Storm|[partiallytrapped]|[silent]
|upkeep
|
|t:|1759047787
|switch|p1a: Hatterene|Hatterene, F|54/100 psn
|-damage|p1a: Hatterene|42/100 psn|[from] Stealth Rock
|-activate|p1a: Hatterene|move: Sticky Web
|-unboost|p1a: Hatterene|spe|1
|turn|21
|
|t:|1759047793
|move|p2a: Araquanid|Surf|p1a: Hatterene
|-damage|p1a: Hatterene|0 fnt
|faint|p1a: Hatterene
|
|upkeep
|-message|levi6969 forfeited.
|
|win|PrimeXStriker
|raw|levi6969's rating: 1232 &rarr; <strong>1202</strong><br />(-30 for losing)
|raw|PrimeXStriker's rating: 1158 &rarr; <strong>1188</strong><br />(+30 for winning)
|l|☆levi6969
|player|p1|
|l|☆PrimeXStriker
|player|p2|
