|j|☆junetuned
|j|☆Branden Kim Dokjaa
|t:|1759032629
|gametype|singles
|player|p1|junetuned|silver|1322
|player|p2|Branden Kim Dokjaa|cynthia-masters3|1373
|gen|9
|tier|[Gen 9] OU
|rated|
|rule|HP Percentage Mod: HP is shown in percentages
|rule|Endless Battle Clause: Forcing endless battles is banned
|rule|Species Clause: Limit one of each Pokémon
|rule|OHKO Clause: OHKO moves are banned
|rule|Evasion Items Clause: Evasion items are banned
|rule|Evasion Moves Clause: Evasion moves are banned
|rule|Evasion Abilities Clause: Evasion abilities are banned
|rule|Sleep Moves Clause: Sleep-inducing moves are banned
|clearpoke
|poke|p1|Meowscarada, F|
|poke|p1|Primarina, F|
|poke|p1|Iron Treads|
|poke|p1|Latios, M|
|poke|p1|Kyurem|
|poke|p1|Moltres|
|poke|p2|Lycanroc-Dusk, F|
|poke|p2|Iron Crown|
|poke|p2|Great Tusk|
|poke|p2|Scizor, F|
|poke|p2|Dragonite, F|
|poke|p2|Iron Valiant|
|teampreview
|inactive|Battle timer is ON: inactive players will automatically lose when time's up. (requested by Branden Kim Dokjaa)
|inactive|junetuned has 120 seconds left.
|inactive|Branden Kim Dokjaa has 120 seconds left.
|
|t:|1759032666
|teamsize|p1|6
|teamsize|p2|6
|start
|switch|p1a: Primarina|Primarina, F|100/100
|switch|p2a: Scizor|Scizor, F|100/100
|turn|1
|
|t:|1759032693
|switch|p1a: Moltres|Moltres, shiny|100/100
|move|p2a: Scizor|Knock Off|p1a: Moltres
|-damage|p1a: Moltres|59/100
|-enditem|p1a: Moltres|Heavy-Duty Boots|[from] move: Knock Off|[of] p2a: Scizor
|
|upkeep
|turn|2
|
|t:|1759032707
|switch|p1a: Primarina|Primarina, F|100/100
|switch|p2a: Iron Crown|Iron Crown|100/100
|
|upkeep
|turn|3
|
|t:|1759032715
|move|p2a: Iron Crown|Psyshock|p1a: Primarina
|-damage|p1a: Primarina|61/100
|move|p1a: Primarina|Surf|p2a: Iron Crown
|-damage|p2a: Iron Crown|70/100
|
|upkeep
|turn|4
|
|t:|1759032735
|switch|p1a: Meowscarada|Meowscarada, F|100/100
|move|p2a: Iron Crown|Psyshock|p1a: Meowscarada
|-immune|p1a: Meowscarada
|
|upkeep
|turn|5
|
|t:|1759032743
|-end|p2a: Iron Crown|Quark Drive|[silent]
|switch|p2a: Iron Valiant|Iron Valiant|100/100
|-enditem|p2a: Iron Valiant|Booster Energy
|-activate|p2a: Iron Valiant|ability: Quark Drive|[fromitem]
|-start|p2a: Iron Valiant|quarkdrivespe
|move|p1a: Meowscarada|U-turn|p2a: Iron Valiant
|-start|p1a: Meowscarada|typechange|Bug|[from] ability: Protean
|-resisted|p2a: Iron Valiant
|-damage|p2a: Iron Valiant|86/100
|
|t:|1759032752
|switch|p1a: Primarina|Primarina, F|61/100|[from] U-turn
|
|upkeep
|turn|6
|
|t:|1759032758
|-end|p2a: Iron Valiant|Quark Drive|[silent]
|switch|p2a: Iron Crown|Iron Crown|70/100
|move|p1a: Primarina|Surf|p2a: Iron Crown
|-damage|p2a: Iron Crown|40/100
|
|upkeep
|turn|7
|
|t:|1759032766
|switch|p1a: Meowscarada|Meowscarada, F|100/100
|move|p2a: Iron Crown|Volt Switch|p1a: Meowscarada
|-resisted|p1a: Meowscarada
|-damage|p1a: Meowscarada|85/100
|
|t:|1759032780
|-end|p2a: Iron Crown|Quark Drive|[silent]
|switch|p2a: Iron Valiant|Iron Valiant|86/100|[from] Volt Switch
|
|upkeep
|turn|8
|
|t:|1759032794
|move|p2a: Iron Valiant|Vacuum Wave|p1a: Meowscarada
|-supereffective|p1a: Meowscarada
|-damage|p1a: Meowscarada|23/100
|move|p1a: Meowscarada|U-turn|p2a: Iron Valiant
|-start|p1a: Meowscarada|typechange|Bug|[from] ability: Protean
|-resisted|p2a: Iron Valiant
|-damage|p2a: Iron Valiant|70/100
|
|t:|1759032801
|switch|p1a: Primarina|Primarina, F|61/100|[from] U-turn
|
|upkeep
|turn|9
|
|t:|1759032814
|move|p2a: Iron Valiant|Moonblast|p1a: Primarina
|-damage|p1a: Primarina|21/100
|move|p1a: Primarina|Surf|p2a: Iron Valiant
|-damage|p2a: Iron Valiant|0 fnt
|faint|p2a: Iron Valiant
|-end|p2a: Iron Valiant|Quark Drive|[silent]
|
|upkeep
|
|t:|1759032818
|switch|p2a: Iron Crown|Iron Crown|40/100
|turn|10
|
|t:|1759032826
|switch|p1a: Iron Treads|Iron Treads|100/100
|-item|p1a: Iron Treads|Air Balloon
|move|p2a: Iron Crown|Tachyon Cutter|p1a: Iron Treads
|-resisted|p1a: Iron Treads
|-damage|p1a: Iron Treads|92/100
|-enditem|p1a: Iron Treads|Air Balloon
|-resisted|p1a: Iron Treads
|-damage|p1a: Iron Treads|82/100
|-hitcount|p1a: Iron Treads|2
|
|upkeep
|turn|11
|
|t:|1759032841
|-end|p2a: Iron Crown|Quark Drive|[silent]
|switch|p2a: Dragonite|Dragonite, F|100/100
|move|p1a: Iron Treads|Earthquake|p2a: Dragonite
|-immune|p2a: Dragonite
|
|upkeep
|turn|12
|
|t:|1759032846
|-end|p1a: Iron Treads|Quark Drive|[silent]
|switch|p1a: Moltres|Moltres, shiny|59/100
|move|p2a: Dragonite|Dragon Dance|p2a: Dragonite
|-boost|p2a: Dragonite|atk|1
|-boost|p2a: Dragonite|spe|1
|
|upkeep
|turn|13
|
|t:|1759032858
|move|p2a: Dragonite|Dragon Dance|p2a: Dragonite
|-boost|p2a: Dragonite|atk|1
|-boost|p2a: Dragonite|spe|1
|move|p1a: Moltres|Will-O-Wisp|p2a: Dragonite
|-status|p2a: Dragonite|brn
|
|-damage|p2a: Dragonite|94/100 brn|[from] brn
|upkeep
|turn|14
|
|t:|1759032861
|move|p2a: Dragonite|Extreme Speed|p1a: Moltres
|-damage|p1a: Moltres|36/100
|move|p1a: Moltres|Roost|p1a: Moltres
|-heal|p1a: Moltres|86/100
|-singleturn|p1a: Moltres|move: Roost
|
|-damage|p2a: Dragonite|88/100 brn|[from] brn
|upkeep
|turn|15
|
|t:|1759032868
|move|p2a: Dragonite|Dragon Dance|p2a: Dragonite
|-boost|p2a: Dragonite|atk|1
|-boost|p2a: Dragonite|spe|1
|move|p1a: Moltres|Flamethrower|p2a: Dragonite
|-resisted|p2a: Dragonite
|-damage|p2a: Dragonite|68/100 brn
|
|-damage|p2a: Dragonite|62/100 brn|[from] brn
|upkeep
|turn|16
|
|t:|1759032869
|move|p2a: Dragonite|Dragon Dance|p2a: Dragonite
|-boost|p2a: Dragonite|atk|1
|-boost|p2a: Dragonite|spe|1
|move|p1a: Moltres|Roar|p2a: Dragonite
|drag|p2a: Scizor|Scizor, F|100/100
|
|upkeep
|turn|17
|
|t:|1759032873
|switch|p2a: Lycanroc|Lycanroc-Dusk, F|100/100
|move|p1a: Moltres|Flamethrower|p2a: Lycanroc
|-resisted|p2a: Lycanroc
|-damage|p2a: Lycanroc|68/100
|
|upkeep
|turn|18
|
|t:|1759032893
|switch|p1a: Primarina|Primarina, F|21/100
|move|p2a: Lycanroc|Close Combat|p1a: Primarina
|-resisted|p1a: Primarina
|-damage|p1a: Primarina|0 fnt
|-unboost|p2a: Lycanroc|def|1
|-unboost|p2a: Lycanroc|spd|1
|faint|p1a: Primarina
|
|upkeep
|
|t:|1759032895
|switch|p1a: Meowscarada|Meowscarada, F|23/100
|turn|19
|
|t:|1759032911
|switch|p2a: Dragonite|Dragonite, F|62/100 brn
|move|p1a: Meowscarada|U-turn|p2a: Dragonite
|-start|p1a: Meowscarada|typechange|Bug|[from] ability: Protean
|-resisted|p2a: Dragonite
|-damage|p2a: Dragonite|35/100 brn
|inactive|junetuned has 120 seconds left.
|
|t:|1759032932
|switch|p1a: Kyurem|Kyurem|100/100|[from] U-turn
|-ability|p1a: Kyurem|Pressure
|
|-damage|p2a: Dragonite|29/100 brn|[from] brn
|upkeep
|turn|20
|inactive|junetuned has 120 seconds left.
|
|t:|1759032941
|move|p2a: Dragonite|Extreme Speed|p1a: Kyurem
|-crit|p1a: Kyurem
|-damage|p1a: Kyurem|76/100
|move|p1a: Kyurem|Dragon Dance|p1a: Kyurem
|-boost|p1a: Kyurem|atk|1
|-boost|p1a: Kyurem|spe|1
|
|-damage|p2a: Dragonite|23/100 brn|[from] brn
|upkeep
|turn|21
|
|t:|1759032947
|switch|p2a: Scizor|Scizor, F|100/100
|move|p1a: Kyurem|Icicle Spear|p2a: Scizor
|-resisted|p2a: Scizor
|-damage|p2a: Scizor|91/100
|-resisted|p2a: Scizor
|-damage|p2a: Scizor|82/100
|-resisted|p2a: Scizor
|-damage|p2a: Scizor|73/100
|-resisted|p2a: Scizor
|-damage|p2a: Scizor|64/100
|-resisted|p2a: Scizor
|-damage|p2a: Scizor|56/100
|-hitcount|p2a: Scizor|5
|
|upkeep
|turn|22
|
|t:|1759032957
|switch|p1a: Moltres|Moltres, shiny|86/100
|switch|p2a: Lycanroc|Lycanroc-Dusk, F|68/100
|
|upkeep
|turn|23
|inactive|junetuned has 120 seconds left.
|
|t:|1759032982
|switch|p1a: Iron Treads|Iron Treads|82/100
|move|p2a: Lycanroc|Stone Edge|p1a: Iron Treads
|-resisted|p1a: Iron Treads
|-damage|p1a: Iron Treads|69/100
|
|upkeep
|turn|24
|inactive|junetuned has 120 seconds left.
|
|t:|1759032991
|switch|p2a: Great Tusk|Great Tusk|100/100
|move|p1a: Iron Treads|Stealth Rock|p2a: Great Tusk
|-sidestart|p2: Branden Kim Dokjaa|move: Stealth Rock
|
|upkeep
|turn|25
|
|t:|1759032996
|-end|p2a: Great Tusk|Protosynthesis|[silent]
|switch|p2a: Lycanroc|Lycanroc-Dusk, F|68/100
|-damage|p2a: Lycanroc|55/100|[from] Stealth Rock
|-end|p1a: Iron Treads|Quark Drive|[silent]
|switch|p1a: Moltres|Moltres, shiny|86/100
|
|upkeep
|turn|26
|
|t:|1759033003
|switch|p1a: Iron Treads|Iron Treads|69/100
|move|p2a: Lycanroc|Stone Edge|p1a: Iron Treads
|-resisted|p1a: Iron Treads
|-damage|p1a: Iron Treads|55/100
|
|upkeep
|turn|27
|
|t:|1759033021
|switch|p2a: Dragonite|Dragonite, F|23/100 brn
|move|p1a: Iron Treads|Earthquake|p2a: Dragonite
|-immune|p2a: Dragonite
|
|-damage|p2a: Dragonite|17/100 brn|[from] brn
|upkeep
|turn|28
|
|t:|1759033027
|-end|p1a: Iron Treads|Quark Drive|[silent]
|switch|p1a: Moltres|Moltres, shiny|86/100
|move|p2a: Dragonite|Fire Punch|p1a: Moltres
|-resisted|p1a: Moltres
|-damage|p1a: Moltres|81/100
|
|-damage|p2a: Dragonite|10/100 brn|[from] brn
|upkeep
|turn|29
|
|t:|1759033041
|move|p2a: Dragonite|Roost|p2a: Dragonite
|-heal|p2a: Dragonite|61/100 brn
|-singleturn|p2a: Dragonite|move: Roost
|move|p1a: Moltres|Roar|p2a: Dragonite
|drag|p2a: Lycanroc|Lycanroc-Dusk, F|55/100
|-damage|p2a: Lycanroc|43/100|[from] Stealth Rock
|
|upkeep
|turn|30
|c|☆junetuned|damn
|
|t:|1759033061
|move|p2a: Lycanroc|Close Combat|p1a: Moltres
|-resisted|p1a: Moltres
|-damage|p1a: Moltres|54/100
|-unboost|p2a: Lycanroc|def|1
|-unboost|p2a: Lycanroc|spd|1
|-status|p2a: Lycanroc|brn|[from] ability: Flame Body|[of] p1a: Moltres
|move|p1a: Moltres|Will-O-Wisp|p2a: Lycanroc
|-fail|p2a: Lycanroc|brn
|
|-damage|p2a: Lycanroc|37/100 brn|[from] brn
|upkeep
|turn|31
|c|☆Branden Kim Dokjaa|FUCK
|c|☆Branden Kim Dokjaa|LMAOO
|c|☆Branden Kim Dokjaa|wp
|-message|Branden Kim Dokjaa forfeited.
|
|win|junetuned
|raw|junetuned's rating: 1322 &rarr; <strong>1346</strong><br />(+24 for winning)
|raw|Branden Kim Dokjaa's rating: 1391 &rarr; <strong>1367</strong><br />(-24 for losing)
|l|☆Branden Kim Dokjaa
|player|p2|
