|badge|p2|bronze|gen9ou|100-6
|html|<div class="broadcast-red"><strong>This battle is required to be public due to one or more player having a season medal.</strong><br />During the public phase, you can discuss the state of the ladder <a href="/seasondiscussion">in a special chatroom.</a></div>
|uhtml|medal-msg|<div class="broadcast-blue">Curious what those medals under the avatar are? PS now has Ladder Seasons! For more information, check out the <a href="https://www.smogon.com/forums/threads/3740067/">thread on Smogon.</a></div>
|raw|<div class="broadcast-blue"><strong>This battle is required to be public due to a player having a name starting with 'medal'.</div>
|j|☆MunchlaxTheGodKing
|j|☆healorant
|t:|1758990808
|gametype|singles
|player|p1|MunchlaxTheGodKing|furisodegirl-black|1787
|player|p2|healorant|alder|1815
|gen|9
|tier|[Gen 9] OU
|rated|
|rule|HP Percentage Mod: HP is shown in percentages
|rule|Endless Battle Clause: Forcing endless battles is banned
|rule|Species Clause: Limit one of each Pokémon
|rule|OHKO Clause: OHKO moves are banned
|rule|Evasion Items Clause: Evasion items are banned
|rule|Evasion Moves Clause: Evasion moves are banned
|rule|Evasion Abilities Clause: Evasion abilities are banned
|rule|Sleep Moves Clause: Sleep-inducing moves are banned
|clearpoke
|poke|p1|Zamazenta-*|
|poke|p1|Dragapult, F|
|poke|p1|Raging Bolt|
|poke|p1|Moltres|
|poke|p1|Iron Treads|
|poke|p1|Samurott-Hisui, F|
|poke|p2|Tornadus-Therian, M|
|poke|p2|Slowking-Galar, F|
|poke|p2|Ogerpon, F|
|poke|p2|Garganacl, M|
|poke|p2|Gliscor, F|
|poke|p2|Dragapult, M|
|teampreview
|inactive|Battle timer is ON: inactive players will automatically lose when time's up. (requested by MunchlaxTheGodKing)
|
|t:|1758990825
|teamsize|p1|6
|teamsize|p2|6
|start
|switch|p1a: 踩踩背|Iron Treads|100/100
|switch|p2a: Tornadus|Tornadus-Therian, M|100/100
|turn|1
|
|t:|1758990828
|move|p2a: Tornadus|Knock Off|p1a: 踩踩背
|-damage|p1a: 踩踩背|84/100
|-enditem|p1a: 踩踩背|Leftovers|[from] move: Knock Off|[of] p2a: Tornadus
|move|p1a: 踩踩背|Knock Off|p2a: Tornadus
|-damage|p2a: Tornadus|72/100
|-enditem|p2a: Tornadus|Heavy-Duty Boots|[from] move: Knock Off|[of] p1a: 踩踩背
|
|upkeep
|turn|2
|
|t:|1758990832
|move|p2a: Tornadus|Heat Wave|p1a: 踩踩背
|-supereffective|p1a: 踩踩背
|-damage|p1a: 踩踩背|46/100
|move|p1a: 踩踩背|Stealth Rock|p2a: Tornadus
|-sidestart|p2: healorant|move: Stealth Rock
|
|upkeep
|turn|3
|
|t:|1758990836
|-end|p1a: 踩踩背|Quark Drive|[silent]
|switch|p1a: 24岁 喜欢发射孩子|Dragapult, F|100/100
|move|p2a: Tornadus|Heat Wave|p1a: 24岁 喜欢发射孩子
|-resisted|p1a: 24岁 喜欢发射孩子
|-damage|p1a: 24岁 喜欢发射孩子|85/100
|
|upkeep
|turn|4
|
|t:|1758990841
|switch|p2a: Garganacl|Garganacl, M|100/100
|-damage|p2a: Garganacl|88/100|[from] Stealth Rock
|move|p1a: 24岁 喜欢发射孩子|Draco Meteor|p2a: Garganacl
|-damage|p2a: Garganacl|26/100
|-unboost|p1a: 24岁 喜欢发射孩子|spa|2
|
|-heal|p2a: Garganacl|33/100|[from] item: Leftovers
|upkeep
|turn|5
|
|t:|1758990845
|switch|p1a: 90%≠don't blunder|Samurott-Hisui, F|100/100
|move|p2a: Garganacl|Recover|p2a: Garganacl
|-heal|p2a: Garganacl|83/100
|
|-heal|p2a: Garganacl|89/100|[from] item: Leftovers
|upkeep
|turn|6
|
|t:|1758990849
|move|p1a: 90%≠don't blunder|Razor Shell|p2a: Garganacl
|-supereffective|p2a: Garganacl
|-damage|p2a: Garganacl|0 fnt
|faint|p2a: Garganacl
|
|upkeep
|
|t:|1758990853
|switch|p2a: Ogerpon|Ogerpon, F|100/100
|turn|7
|
|t:|1758990861
|switch|p1a: 踩踩背|Iron Treads|46/100
|move|p2a: Ogerpon|Knock Off|p1a: 踩踩背
|-damage|p1a: 踩踩背|30/100
|
|upkeep
|turn|8
|
|t:|1758990865
|move|p2a: Ogerpon|Ivy Cudgel|p1a: 踩踩背
|-crit|p1a: 踩踩背
|-damage|p1a: 踩踩背|0 fnt
|faint|p1a: 踩踩背
|-end|p1a: 踩踩背|Quark Drive|[silent]
|
|upkeep
|
|t:|1758990871
|switch|p1a: 脑袋尖尖的|Zamazenta|100/100
|-ability|p1a: 脑袋尖尖的|Dauntless Shield|boost
|-boost|p1a: 脑袋尖尖的|def|1
|turn|9
|
|t:|1758990876
|switch|p2a: Gliscor|Gliscor, F|100/100
|-damage|p2a: Gliscor|88/100|[from] Stealth Rock
|move|p1a: 脑袋尖尖的|Crunch|p2a: Gliscor
|-damage|p2a: Gliscor|66/100
|-damage|p1a: 脑袋尖尖的|91/100|[from] item: Life Orb
|
|-status|p2a: Gliscor|tox|[from] item: Toxic Orb
|upkeep
|turn|10
|
|t:|1758990886
|move|p2a: Gliscor|Protect|p2a: Gliscor
|-singleturn|p2a: Gliscor|Protect
|move|p1a: 脑袋尖尖的|Ice Fang|p2a: Gliscor
|-activate|p2a: Gliscor|move: Protect
|
|-heal|p2a: Gliscor|79/100 tox|[from] ability: Poison Heal
|upkeep
|turn|11
|
|t:|1758990891
|move|p1a: 脑袋尖尖的|Ice Fang|p2a: Gliscor
|-supereffective|p2a: Gliscor
|-damage|p2a: Gliscor|9/100 tox
|-damage|p1a: 脑袋尖尖的|81/100|[from] item: Life Orb
|move|p2a: Gliscor|Knock Off|p1a: 脑袋尖尖的
|-resisted|p1a: 脑袋尖尖的
|-damage|p1a: 脑袋尖尖的|75/100
|-enditem|p1a: 脑袋尖尖的|Life Orb|[from] move: Knock Off|[of] p2a: Gliscor
|
|-heal|p2a: Gliscor|22/100 tox|[from] ability: Poison Heal
|upkeep
|turn|12
|
|t:|1758990902
|switch|p1a: 90%≠don't blunder|Samurott-Hisui, F|100/100
|move|p2a: Gliscor|Protect||[still]
|-fail|p2a: Gliscor
|
|-heal|p2a: Gliscor|34/100 tox|[from] ability: Poison Heal
|upkeep
|turn|13
|
|t:|1758990904
|move|p2a: Gliscor|Protect|p2a: Gliscor
|-singleturn|p2a: Gliscor|Protect
|move|p1a: 90%≠don't blunder|Ceaseless Edge|p2a: Gliscor
|-activate|p2a: Gliscor|move: Protect
|
|-heal|p2a: Gliscor|47/100 tox|[from] ability: Poison Heal
|upkeep
|turn|14
|
|t:|1758990916
|move|p1a: 90%≠don't blunder|Ceaseless Edge|p2a: Gliscor
|-damage|p2a: Gliscor|0 fnt
|-sidestart|p2: healorant|Spikes
|faint|p2a: Gliscor
|
|upkeep
|-message|healorant forfeited.
|
|win|MunchlaxTheGodKing
|raw|MunchlaxTheGodKing's rating: 1787 &rarr; <strong>1809</strong><br />(+22 for winning)
|raw|healorant's rating: 1815 &rarr; <strong>1793</strong><br />(-22 for losing)
|l|☆healorant
|player|p2|
|j| Veacter
|l|☆MunchlaxTheGodKing
|player|p1|
|l| Veacter
