|j|☆Azunail
|j|☆Xevaaan_
|t:|1758991833
|gametype|singles
|player|p1|Azunail|yellow|1587
|player|p2|Xevaaan_|ghetsis|1562
|gen|9
|tier|[Gen 9] OU
|rated|
|rule|HP Percentage Mod: HP is shown in percentages
|rule|Endless Battle Clause: Forcing endless battles is banned
|rule|Species Clause: Limit one of each Pokémon
|rule|OHKO Clause: OHKO moves are banned
|rule|Evasion Items Clause: Evasion items are banned
|rule|Evasion Moves Clause: Evasion moves are banned
|rule|Evasion Abilities Clause: Evasion abilities are banned
|rule|Sleep Moves Clause: Sleep-inducing moves are banned
|clearpoke
|poke|p1|Snorlax, F|
|poke|p1|Gholdengo|
|poke|p1|Landorus-Therian, M|
|poke|p1|Zamazenta-*|
|poke|p1|Rillaboom, F|
|poke|p1|Dragonite, F|
|poke|p2|Iron Crown|
|poke|p2|Landorus-Therian, M|
|poke|p2|Weavile, M|
|poke|p2|Iron Valiant|
|poke|p2|Kingambit, F|
|poke|p2|Heatran, F|
|teampreview
|
|t:|1758991853
|teamsize|p1|6
|teamsize|p2|6
|start
|switch|p1a: Landorus|Landorus-Therian, M|100/100
|switch|p2a: Iron Crown|Iron Crown|100/100
|-ability|p1a: Landorus|Intimidate|boost
|-unboost|p2a: Iron Crown|atk|1
|turn|1
|inactive|Battle timer is ON: inactive players will automatically lose when time's up. (requested by Azunail)
|
|t:|1758991864
|-terastallize|p2a: Iron Crown|Steel
|move|p2a: Iron Crown|Tachyon Cutter|p1a: Landorus
|-damage|p1a: Landorus|44/100
|-damage|p1a: Landorus|0 fnt
|faint|p1a: Landorus
|-hitcount|p1: Landorus|2
|
|upkeep
|
|t:|1758991873
|switch|p1a: Zamazenta|Zamazenta|100/100
|-ability|p1a: Zamazenta|Dauntless Shield|boost
|-boost|p1a: Zamazenta|def|1
|turn|2
|
|t:|1758991880
|-end|p2a: Iron Crown|Quark Drive|[silent]
|switch|p2a: Landorus|Landorus-Therian, M|100/100
|-ability|p2a: Landorus|Intimidate|boost
|-unboost|p1a: Zamazenta|atk|1
|move|p1a: Zamazenta|Iron Defense|p1a: Zamazenta
|-boost|p1a: Zamazenta|def|2
|
|upkeep
|turn|3
|
|t:|1758991897
|switch|p1a: Snorlax|Snorlax, F, shiny|100/100
|move|p2a: Landorus|U-turn|p1a: Snorlax
|-damage|p1a: Snorlax|75/100
|
|t:|1758991905
|switch|p2a: Weavile|Weavile, M|100/100|[from] U-turn
|-ability|p2a: Weavile|Pressure
|
|-heal|p1a: Snorlax|81/100|[from] item: Leftovers
|upkeep
|turn|4
|
|t:|1758991913
|switch|p1a: Zamazenta|Zamazenta|100/100
|move|p2a: Weavile|Knock Off|p1a: Zamazenta
|-resisted|p1a: Zamazenta
|-damage|p1a: Zamazenta|81/100
|-enditem|p1a: Zamazenta|Leftovers|[from] move: Knock Off|[of] p2a: Weavile
|
|upkeep
|turn|5
|
|t:|1758991921
|switch|p2a: Landorus|Landorus-Therian, M|100/100
|-ability|p2a: Landorus|Intimidate|boost
|-unboost|p1a: Zamazenta|atk|1
|move|p1a: Zamazenta|Body Press|p2a: Landorus
|-resisted|p2a: Landorus
|-damage|p2a: Landorus|83/100
|
|upkeep
|turn|6
|
|t:|1758991927
|move|p2a: Landorus|Grass Knot|p1a: Zamazenta
|-damage|p1a: Zamazenta|58/100
|move|p1a: Zamazenta|Iron Defense|p1a: Zamazenta
|-boost|p1a: Zamazenta|def|2
|
|upkeep
|turn|7
|
|t:|1758991933
|move|p2a: Landorus|Grass Knot|p1a: Zamazenta
|-crit|p1a: Zamazenta
|-damage|p1a: Zamazenta|26/100
|move|p1a: Zamazenta|Iron Defense|p1a: Zamazenta
|-boost|p1a: Zamazenta|def|2
|
|upkeep
|turn|8
|
|t:|1758991937
|move|p2a: Landorus|Grass Knot|p1a: Zamazenta
|-damage|p1a: Zamazenta|2/100
|move|p1a: Zamazenta|Body Press|p2a: Landorus
|-resisted|p2a: Landorus
|-damage|p2a: Landorus|32/100
|
|upkeep
|turn|9
|
|t:|1758991942
|move|p2a: Landorus|Grass Knot|p1a: Zamazenta
|-damage|p1a: Zamazenta|0 fnt
|faint|p1a: Zamazenta
|
|upkeep
|
|t:|1758991944
|switch|p1a: Snorlax|Snorlax, F, shiny|81/100
|turn|10
|
|t:|1758991953
|switch|p2a: Kingambit|Kingambit, F|100/100
|move|p1a: Snorlax|Curse|p1a: Snorlax
|-unboost|p1a: Snorlax|spe|1
|-boost|p1a: Snorlax|atk|1
|-boost|p1a: Snorlax|def|1
|
|-heal|p1a: Snorlax|87/100|[from] item: Leftovers
|upkeep
|turn|11
|
|t:|1758991963
|-end|p2a: Kingambit|fallenundefined|[silent]
|switch|p2a: Iron Valiant|Iron Valiant|100/100
|-enditem|p2a: Iron Valiant|Booster Energy
|-activate|p2a: Iron Valiant|ability: Quark Drive|[fromitem]
|-start|p2a: Iron Valiant|quarkdrivespe
|move|p1a: Snorlax|Curse|p1a: Snorlax
|-unboost|p1a: Snorlax|spe|1
|-boost|p1a: Snorlax|atk|1
|-boost|p1a: Snorlax|def|1
|
|-heal|p1a: Snorlax|93/100|[from] item: Leftovers
|upkeep
|turn|12
|
|t:|1758991973
|switch|p1a: Rillaboom|Rillaboom, F|100/100
|-fieldstart|move: Grassy Terrain|[from] ability: Grassy Surge|[of] p1a: Rillaboom
|move|p2a: Iron Valiant|Encore||[still]
|-fail|p2a: Iron Valiant
|
|upkeep
|turn|13
|
|t:|1758991979
|-end|p2a: Iron Valiant|Quark Drive|[silent]
|switch|p2a: Heatran|Heatran, F|100/100
|move|p1a: Rillaboom|Knock Off|p2a: Heatran
|-damage|p2a: Heatran|49/100
|-enditem|p2a: Heatran|Choice Specs|[from] move: Knock Off|[of] p1a: Rillaboom
|
|-heal|p2a: Heatran|56/100|[from] Grassy Terrain
|upkeep
|turn|14
|
|t:|1758991985
|switch|p1a: Snorlax|Snorlax, F, shiny|93/100
|move|p2a: Heatran|Flamethrower|p1a: Snorlax
|-damage|p1a: Snorlax|81/100
|-status|p1a: Snorlax|brn
|
|-heal|p2a: Heatran|62/100|[from] Grassy Terrain
|-heal|p1a: Snorlax|88/100 brn|[from] Grassy Terrain
|-heal|p1a: Snorlax|94/100 brn|[from] item: Leftovers
|-damage|p1a: Snorlax|88/100 brn|[from] brn
|upkeep
|turn|15
|
|t:|1758991991
|switch|p2a: Iron Valiant|Iron Valiant|100/100
|move|p1a: Snorlax|Curse|p1a: Snorlax
|-unboost|p1a: Snorlax|spe|1
|-boost|p1a: Snorlax|atk|1
|-boost|p1a: Snorlax|def|1
|
|-heal|p1a: Snorlax|94/100 brn|[from] Grassy Terrain
|-heal|p1a: Snorlax|99/100 brn|[from] item: Leftovers
|-damage|p1a: Snorlax|94/100 brn|[from] brn
|upkeep
|turn|16
|
|t:|1758991998
|move|p2a: Iron Valiant|Encore|p1a: Snorlax
|-start|p1a: Snorlax|Encore
|move|p1a: Snorlax|Curse|p1a: Snorlax
|-unboost|p1a: Snorlax|spe|1
|-boost|p1a: Snorlax|atk|1
|-boost|p1a: Snorlax|def|1
|
|-heal|p1a: Snorlax|99/100 brn|[from] Grassy Terrain
|-heal|p1a: Snorlax|100/100 brn|[from] item: Leftovers
|-damage|p1a: Snorlax|94/100 brn|[from] brn
|-fieldend|move: Grassy Terrain
|upkeep
|turn|17
|
|t:|1758992005
|switch|p1a: Gholdengo|Gholdengo|100/100
|move|p2a: Iron Valiant|Calm Mind|p2a: Iron Valiant
|-boost|p2a: Iron Valiant|spa|1
|-boost|p2a: Iron Valiant|spd|1
|
|upkeep
|turn|18
|
|t:|1758992009
|move|p1a: Gholdengo|Make It Rain|p2a: Iron Valiant
|-supereffective|p2a: Iron Valiant
|-damage|p2a: Iron Valiant|0 fnt
|-unboost|p1a: Gholdengo|spa|1
|faint|p2a: Iron Valiant
|-end|p2a: Iron Valiant|Quark Drive|[silent]
|
|upkeep
|
|t:|1758992012
|switch|p2a: Heatran|Heatran, F|62/100
|turn|19
|
|t:|1758992016
|switch|p1a: Snorlax|Snorlax, F, shiny|94/100 brn
|move|p2a: Heatran|Flash Cannon|p1a: Snorlax
|-damage|p1a: Snorlax|74/100 brn
|
|-heal|p1a: Snorlax|80/100 brn|[from] item: Leftovers
|-damage|p1a: Snorlax|74/100 brn|[from] brn
|upkeep
|turn|20
|
|t:|1758992024
|move|p2a: Heatran|Flash Cannon|p1a: Snorlax
|-damage|p1a: Snorlax|54/100 brn
|move|p1a: Snorlax|Curse|p1a: Snorlax
|-unboost|p1a: Snorlax|spe|1
|-boost|p1a: Snorlax|atk|1
|-boost|p1a: Snorlax|def|1
|
|-heal|p1a: Snorlax|60/100 brn|[from] item: Leftovers
|-damage|p1a: Snorlax|54/100 brn|[from] brn
|upkeep
|turn|21
|
|t:|1758992028
|move|p2a: Heatran|Flash Cannon|p1a: Snorlax
|-damage|p1a: Snorlax|35/100 brn
|-unboost|p1a: Snorlax|spd|1
|move|p1a: Snorlax|Curse|p1a: Snorlax
|-unboost|p1a: Snorlax|spe|1
|-boost|p1a: Snorlax|atk|1
|-boost|p1a: Snorlax|def|1
|
|-heal|p1a: Snorlax|41/100 brn|[from] item: Leftovers
|-damage|p1a: Snorlax|35/100 brn|[from] brn
|upkeep
|turn|22
|
|t:|1758992034
|move|p2a: Heatran|Flash Cannon|p1a: Snorlax
|-damage|p1a: Snorlax|4/100 brn
|move|p1a: Snorlax|Rest|p1a: Snorlax
|-status|p1a: Snorlax|slp|[from] move: Rest
|-heal|p1a: Snorlax|100/100 slp|[silent]
|
|upkeep
|turn|23
|
|t:|1758992038
|move|p2a: Heatran|Flash Cannon|p1a: Snorlax
|-damage|p1a: Snorlax|68/100 slp
|cant|p1a: Snorlax|slp
|
|-heal|p1a: Snorlax|74/100 slp|[from] item: Leftovers
|upkeep
|turn|24
|
|t:|1758992043
|move|p2a: Heatran|Flash Cannon|p1a: Snorlax
|-damage|p1a: Snorlax|47/100 slp
|cant|p1a: Snorlax|slp
|
|-heal|p1a: Snorlax|53/100 slp|[from] item: Leftovers
|upkeep
|turn|25
|
|t:|1758992048
|move|p2a: Heatran|Flash Cannon|p1a: Snorlax
|-damage|p1a: Snorlax|22/100 slp
|-curestatus|p1a: Snorlax|slp|[msg]
|move|p1a: Snorlax|Body Slam|p2a: Heatran
|-resisted|p2a: Heatran
|-damage|p2a: Heatran|29/100
|-status|p2a: Heatran|par
|
|-heal|p1a: Snorlax|29/100|[from] item: Leftovers
|upkeep
|turn|26
|
|t:|1758992054
|move|p2a: Heatran|Flash Cannon|p1a: Snorlax
|-damage|p1a: Snorlax|0 fnt
|faint|p1a: Snorlax
|
|upkeep
|
|t:|1758992057
|switch|p1a: Dragonite|Dragonite, F|100/100
|turn|27
|
|t:|1758992061
|move|p1a: Dragonite|Dragon Dance|p1a: Dragonite
|-boost|p1a: Dragonite|atk|1
|-boost|p1a: Dragonite|spe|1
|move|p2a: Heatran|Flash Cannon|p1a: Dragonite
|-damage|p1a: Dragonite|76/100
|
|upkeep
|turn|28
|
|t:|1758992069
|move|p1a: Dragonite|Earthquake|p2a: Heatran
|-supereffective|p2a: Heatran
|-damage|p2a: Heatran|0 fnt
|faint|p2a: Heatran
|
|upkeep
|
|t:|1758992075
|switch|p2a: Weavile|Weavile, M|100/100
|-ability|p2a: Weavile|Pressure
|turn|29
|
|t:|1758992082
|-terastallize|p1a: Dragonite|Normal
|move|p1a: Dragonite|Extreme Speed|p2a: Weavile
|-damage|p2a: Weavile|0 fnt
|faint|p2a: Weavile
|
|upkeep
|
|t:|1758992089
|switch|p2a: Iron Crown|Iron Crown, tera:Steel|100/100
|turn|30
|
|t:|1758992096
|-end|p2a: Iron Crown|Quark Drive|[silent]
|switch|p2a: Landorus|Landorus-Therian, M|32/100
|-ability|p2a: Landorus|Intimidate|boost
|-unboost|p1a: Dragonite|atk|1
|move|p1a: Dragonite|Earthquake|p2a: Landorus
|-immune|p2a: Landorus
|
|upkeep
|turn|31
|
|t:|1758992103
|move|p2a: Landorus|Earthquake|p1a: Dragonite
|-damage|p1a: Dragonite|14/100
|move|p1a: Dragonite|Dragon Dance|p1a: Dragonite
|-boost|p1a: Dragonite|atk|1
|-boost|p1a: Dragonite|spe|1
|
|upkeep
|turn|32
|
|t:|1758992108
|move|p1a: Dragonite|Extreme Speed|p2a: Landorus
|-damage|p2a: Landorus|0 fnt
|faint|p2a: Landorus
|
|upkeep
|
|t:|1758992110
|switch|p2a: Kingambit|Kingambit, F|100/100
|-activate|p2a: Kingambit|ability: Supreme Overlord
|-start|p2a: Kingambit|fallen4|[silent]
|turn|33
|
|t:|1758992117
|move|p1a: Dragonite|Extreme Speed|p2a: Kingambit
|-resisted|p2a: Kingambit
|-damage|p2a: Kingambit|69/100
|move|p2a: Kingambit|Sucker Punch||[still]
|-fail|p2a: Kingambit
|
|-heal|p2a: Kingambit|75/100|[from] item: Leftovers
|upkeep
|turn|34
|
|t:|1758992125
|move|p1a: Dragonite|Extreme Speed|p2a: Kingambit
|-resisted|p2a: Kingambit
|-damage|p2a: Kingambit|46/100
|move|p2a: Kingambit|Kowtow Cleave|p1a: Dragonite
|-damage|p1a: Dragonite|0 fnt
|faint|p1a: Dragonite
|
|-heal|p2a: Kingambit|52/100|[from] item: Leftovers
|upkeep
|
|t:|1758992142
|switch|p1a: Gholdengo|Gholdengo|100/100
|turn|35
|
|t:|1758992150
|move|p1a: Gholdengo|Trick|p2a: Kingambit
|-activate|p1a: Gholdengo|move: Trick|[of] p2a: Kingambit
|-item|p2a: Kingambit|Choice Scarf|[from] move: Trick
|-item|p1a: Gholdengo|Leftovers|[from] move: Trick
|move|p2a: Kingambit|Kowtow Cleave|p1a: Gholdengo
|-supereffective|p1a: Gholdengo
|-damage|p1a: Gholdengo|0 fnt
|faint|p1a: Gholdengo
|
|upkeep
|
|t:|1758992154
|switch|p1a: Rillaboom|Rillaboom, F|100/100
|-fieldstart|move: Grassy Terrain|[from] ability: Grassy Surge|[of] p1a: Rillaboom
|turn|36
|
|t:|1758992158
|move|p2a: Kingambit|Kowtow Cleave|p1a: Rillaboom
|-damage|p1a: Rillaboom|31/100
|move|p1a: Rillaboom|Wood Hammer|p2a: Kingambit
|-resisted|p2a: Kingambit
|-crit|p2a: Kingambit
|-damage|p2a: Kingambit|0 fnt
|faint|p2a: Kingambit
|-end|p2a: Kingambit|fallen4|[silent]
|-damage|p1a: Rillaboom|14/100|[from] Recoil
|
|-heal|p1a: Rillaboom|20/100|[from] Grassy Terrain
|upkeep
|
|t:|1758992160
|switch|p2a: Iron Crown|Iron Crown, tera:Steel|100/100
|turn|37
|
|t:|1758992165
|move|p2a: Iron Crown|Tachyon Cutter|p1a: Rillaboom
|-damage|p1a: Rillaboom|0 fnt
|faint|p1a: Rillaboom
|-hitcount|p1: Rillaboom|1
|
|win|Xevaaan_
|raw|Azunail's rating: 1587 &rarr; <strong>1566</strong><br />(-21 for losing)
|raw|Xevaaan_'s rating: 1562 &rarr; <strong>1583</strong><br />(+21 for winning)
|l|☆Azunail
|player|p1|
|l|☆Xevaaan_
|player|p2|
