|j|‽jlce
|j|☆zane0911
|t:|1759062749
|gametype|singles
|player|p1|jlce|169|1436
|player|p2|zane0911|bede|1523
|gen|9
|tier|[Gen 9] OU
|rated|
|rule|HP Percentage Mod: HP is shown in percentages
|rule|Endless Battle Clause: Forcing endless battles is banned
|rule|Species Clause: Limit one of each Pokémon
|rule|OHKO Clause: OHKO moves are banned
|rule|Evasion Items Clause: Evasion items are banned
|rule|Evasion Moves Clause: Evasion moves are banned
|rule|Evasion Abilities Clause: Evasion abilities are banned
|rule|Sleep Moves Clause: Sleep-inducing moves are banned
|clearpoke
|poke|p1|Skeledirge, F|
|poke|p1|Smeargle, M|
|poke|p1|Zoroark-Hisui, M|
|poke|p1|Gholdengo|
|poke|p1|Quaquaval, M|
|poke|p1|Gallade, M|
|poke|p2|Torkoal, M|
|poke|p2|Charizard, M|
|poke|p2|Great Tusk|
|poke|p2|Raging Bolt|
|poke|p2|Slither Wing|
|poke|p2|Walking Wake|
|teampreview
|inactive|Battle timer is ON: inactive players will automatically lose when time's up. (requested by zane0911)
|
|t:|1759062768
|teamsize|p1|6
|teamsize|p2|6
|start
|switch|p1a: Smeargle|Smeargle, M|100/100
|switch|p2a: Glock|Slither Wing|100/100
|turn|1
|
|t:|1759062774
|move|p1a: Smeargle|Flamethrower|p2a: Glock
|-supereffective|p2a: Glock
|-damage|p2a: Glock|23/100
|move|p2a: Glock|U-turn|p1a: Smeargle
|-resisted|p1a: Smeargle
|-damage|p1a: Smeargle|38/100
|replace|p1a: Zoroark|Zoroark-Hisui, M
|-end|p1a: Zoroark|Illusion
|
|t:|1759062783
|-end|p2a: Glock|Protosynthesis|[silent]
|switch|p2a: Walking Wake|Walking Wake|100/100|[from] U-turn
|
|upkeep
|turn|2
|
|t:|1759062795
|move|p2a: Walking Wake|Draco Meteor|p1a: Zoroark
|-damage|p1a: Zoroark|0 fnt
|-unboost|p2a: Walking Wake|spa|2
|faint|p1a: Zoroark
|
|upkeep
|
|t:|1759062797
|switch|p1a: Smeargle|Smeargle, M|100/100
|turn|3
|
|t:|1759062804
|move|p2a: Walking Wake|Draco Meteor|p1a: Smeargle
|-damage|p1a: Smeargle|12/100
|-unboost|p2a: Walking Wake|spa|2
|move|p1a: Smeargle|Nuzzle|p2a: Walking Wake
|-damage|p2a: Walking Wake|97/100
|-status|p2a: Walking Wake|par
|
|upkeep
|turn|4
|
|t:|1759062808
|move|p1a: Smeargle|Sticky Web|p2a: Walking Wake
|-sidestart|p2: zane0911|move: Sticky Web
|move|p2a: Walking Wake|Draco Meteor|p1a: Smeargle
|-damage|p1a: Smeargle|0 fnt
|-unboost|p2a: Walking Wake|spa|2
|faint|p1a: Smeargle
|
|upkeep
|
|t:|1759062812
|switch|p1a: Gallade|Gallade, M|100/100
|turn|5
|
|t:|1759062815
|-end|p2a: Walking Wake|Protosynthesis|[silent]
|switch|p2a: Will o 🔥|Torkoal, M|100/100
|-activate|p2a: Will o 🔥|move: Sticky Web
|-unboost|p2a: Will o 🔥|spe|1
|-weather|SunnyDay|[from] ability: Drought|[of] p2a: Will o 🔥
|move|p1a: Gallade|Agility|p1a: Gallade
|-boost|p1a: Gallade|spe|2
|
|-weather|SunnyDay|[upkeep]
|upkeep
|turn|6
|
|t:|1759062826
|move|p1a: Gallade|Sacred Sword|p2a: Will o 🔥
|-damage|p2a: Will o 🔥|37/100
|-damage|p1a: Gallade|91/100|[from] item: Life Orb
|move|p2a: Will o 🔥|Lava Plume|p1a: Gallade
|-damage|p1a: Gallade|54/100
|
|-weather|SunnyDay|[upkeep]
|upkeep
|turn|7
|
|t:|1759062834
|switch|p2a: Glock|Slither Wing|23/100
|-activate|p2a: Glock|move: Sticky Web
|-unboost|p2a: Glock|spe|1
|-activate|p2a: Glock|ability: Protosynthesis
|-start|p2a: Glock|protosynthesisatk
|move|p1a: Gallade|Sacred Sword|p2a: Glock
|-resisted|p2a: Glock
|-damage|p2a: Glock|0 fnt
|faint|p2a: Glock
|-end|p2a: Glock|Protosynthesis|[silent]
|-damage|p1a: Gallade|44/100|[from] item: Life Orb
|
|-weather|SunnyDay|[upkeep]
|upkeep
|
|t:|1759062838
|switch|p2a: Fuga ■Open|Charizard, M, shiny|100/100
|turn|8
|
|t:|1759062854
|-terastallize|p1a: Gallade|Psychic
|move|p1a: Gallade|Psycho Cut|p2a: Fuga ■Open
|-damage|p2a: Fuga ■Open|0 fnt
|faint|p2a: Fuga ■Open
|-damage|p1a: Gallade|34/100|[from] item: Life Orb
|
|-weather|SunnyDay|[upkeep]
|upkeep
|
|t:|1759062867
|switch|p2a: Rika|Raging Bolt|100/100
|-activate|p2a: Rika|move: Sticky Web
|-unboost|p2a: Rika|spe|1
|-activate|p2a: Rika|ability: Protosynthesis
|-start|p2a: Rika|protosynthesisspa
|turn|9
|
|t:|1759062873
|move|p1a: Gallade|Agility|p1a: Gallade
|-boost|p1a: Gallade|spe|2
|move|p2a: Rika|Thunderbolt|p1a: Gallade
|-damage|p1a: Gallade|0 fnt
|faint|p1a: Gallade
|
|-weather|SunnyDay|[upkeep]
|upkeep
|
|t:|1759062881
|switch|p1a: Gholdengo|Gholdengo|100/100
|-item|p1a: Gholdengo|Air Balloon
|turn|10
|
|t:|1759062886
|move|p1a: Gholdengo|Dazzling Gleam|p2a: Rika
|-supereffective|p2a: Rika
|-damage|p2a: Rika|58/100
|move|p2a: Rika|Calm Mind|p2a: Rika
|-boost|p2a: Rika|spa|1
|-boost|p2a: Rika|spd|1
|
|-weather|SunnyDay|[upkeep]
|-heal|p2a: Rika|64/100|[from] item: Leftovers
|upkeep
|turn|11
|
|t:|1759062891
|move|p1a: Gholdengo|Nasty Plot|p1a: Gholdengo
|-boost|p1a: Gholdengo|spa|2
|move|p2a: Rika|Thunderbolt|p1a: Gholdengo
|-damage|p1a: Gholdengo|0 fnt
|-enditem|p1a: Gholdengo|Air Balloon
|faint|p1a: Gholdengo
|
|-weather|SunnyDay|[upkeep]
|-heal|p2a: Rika|71/100|[from] item: Leftovers
|upkeep
|
|t:|1759062893
|switch|p1a: Skeledirge|Skeledirge, F|100/100
|turn|12
|
|t:|1759062896
|move|p1a: Skeledirge|Will-O-Wisp|p2a: Rika
|-status|p2a: Rika|brn
|move|p2a: Rika|Thunderbolt|p1a: Skeledirge
|-damage|p1a: Skeledirge|50/100
|
|-weather|none
|-end|p2a: Rika|Protosynthesis
|-heal|p2a: Rika|77/100 brn|[from] item: Leftovers
|-damage|p2a: Rika|71/100 brn|[from] brn
|upkeep
|turn|13
|
|t:|1759062900
|move|p1a: Skeledirge|Slack Off|p1a: Skeledirge
|-heal|p1a: Skeledirge|99/100
|move|p2a: Rika|Thunderbolt|p1a: Skeledirge
|-damage|p1a: Skeledirge|59/100
|
|-heal|p2a: Rika|77/100 brn|[from] item: Leftovers
|-damage|p2a: Rika|71/100 brn|[from] brn
|upkeep
|turn|14
|
|t:|1759062903
|move|p1a: Skeledirge|Slack Off|p1a: Skeledirge
|-heal|p1a: Skeledirge|100/100
|move|p2a: Rika|Thunderbolt|p1a: Skeledirge
|-damage|p1a: Skeledirge|62/100
|
|-heal|p2a: Rika|77/100 brn|[from] item: Leftovers
|-damage|p2a: Rika|71/100 brn|[from] brn
|upkeep
|turn|15
|
|t:|1759062906
|move|p1a: Skeledirge|Torch Song|p2a: Rika
|-resisted|p2a: Rika
|-damage|p2a: Rika|57/100 brn
|-boost|p1a: Skeledirge|spa|1
|move|p2a: Rika|Thunderbolt|p1a: Skeledirge
|-damage|p1a: Skeledirge|22/100
|
|-heal|p2a: Rika|63/100 brn|[from] item: Leftovers
|-damage|p2a: Rika|57/100 brn|[from] brn
|upkeep
|turn|16
|
|t:|1759062910
|move|p1a: Skeledirge|Slack Off|p1a: Skeledirge
|-heal|p1a: Skeledirge|72/100
|move|p2a: Rika|Thunderbolt|p1a: Skeledirge
|-damage|p1a: Skeledirge|32/100
|
|-heal|p2a: Rika|63/100 brn|[from] item: Leftovers
|-damage|p2a: Rika|57/100 brn|[from] brn
|upkeep
|turn|17
|
|t:|1759062913
|move|p1a: Skeledirge|Slack Off|p1a: Skeledirge
|-heal|p1a: Skeledirge|82/100
|move|p2a: Rika|Thunderbolt|p1a: Skeledirge
|-damage|p1a: Skeledirge|47/100
|
|-heal|p2a: Rika|63/100 brn|[from] item: Leftovers
|-damage|p2a: Rika|57/100 brn|[from] brn
|upkeep
|turn|18
|
|t:|1759062916
|move|p1a: Skeledirge|Slack Off|p1a: Skeledirge
|-heal|p1a: Skeledirge|97/100
|move|p2a: Rika|Thunderbolt|p1a: Skeledirge
|-damage|p1a: Skeledirge|55/100
|
|-heal|p2a: Rika|63/100 brn|[from] item: Leftovers
|-damage|p2a: Rika|57/100 brn|[from] brn
|upkeep
|turn|19
|
|t:|1759062918
|move|p1a: Skeledirge|Slack Off|p1a: Skeledirge
|-heal|p1a: Skeledirge|100/100
|move|p2a: Rika|Thunderbolt|p1a: Skeledirge
|-damage|p1a: Skeledirge|62/100
|
|-heal|p2a: Rika|63/100 brn|[from] item: Leftovers
|-damage|p2a: Rika|57/100 brn|[from] brn
|upkeep
|turn|20
|
|t:|1759062921
|move|p1a: Skeledirge|Hex|p2a: Rika
|-damage|p2a: Rika|0 fnt
|faint|p2a: Rika
|-end|p2a: Rika|Protosynthesis|[silent]
|
|upkeep
|
|t:|1759062928
|switch|p2a: Walking Wake|Walking Wake|97/100 par
|-activate|p2a: Walking Wake|move: Sticky Web
|-unboost|p2a: Walking Wake|spe|1
|turn|21
|
|t:|1759062934
|move|p2a: Walking Wake|Hydro Steam|p1a: Skeledirge
|-supereffective|p1a: Skeledirge
|-crit|p1a: Skeledirge
|-damage|p1a: Skeledirge|0 fnt
|faint|p1a: Skeledirge
|
|upkeep
|
|t:|1759062937
|switch|p1a: Quaquaval|Quaquaval, M|100/100
|turn|22
|
|t:|1759062945
|-end|p2a: Walking Wake|Protosynthesis|[silent]
|switch|p2a: Will o 🔥|Torkoal, M|37/100
|-activate|p2a: Will o 🔥|move: Sticky Web
|-unboost|p2a: Will o 🔥|spe|1
|-weather|SunnyDay|[from] ability: Drought|[of] p2a: Will o 🔥
|move|p1a: Quaquaval|Aqua Step|p2a: Will o 🔥
|-supereffective|p2a: Will o 🔥
|-damage|p2a: Will o 🔥|12/100
|-boost|p1a: Quaquaval|spe|1
|
|-weather|SunnyDay|[upkeep]
|upkeep
|turn|23
|
|t:|1759062949
|switch|p2a: Walking Wake|Walking Wake|97/100 par
|-activate|p2a: Walking Wake|move: Sticky Web
|-unboost|p2a: Walking Wake|spe|1
|-activate|p2a: Walking Wake|ability: Protosynthesis
|-start|p2a: Walking Wake|protosynthesisspa
|move|p1a: Quaquaval|Aqua Step|p2a: Walking Wake
|-resisted|p2a: Walking Wake
|-damage|p2a: Walking Wake|91/100 par
|-boost|p1a: Quaquaval|spe|1
|
|-weather|SunnyDay|[upkeep]
|upkeep
|turn|24
|
|t:|1759062957
|-terastallize|p2a: Walking Wake|Fairy
|move|p1a: Quaquaval|Close Combat|p2a: Walking Wake
|-resisted|p2a: Walking Wake
|-damage|p2a: Walking Wake|57/100 par
|-unboost|p1a: Quaquaval|def|1
|-unboost|p1a: Quaquaval|spd|1
|move|p2a: Walking Wake|Tera Blast|p1a: Quaquaval|[anim] Tera Blast Fairy
|-supereffective|p1a: Quaquaval
|-damage|p1a: Quaquaval|0 fnt
|faint|p1a: Quaquaval
|
|win|zane0911
|raw|jlce's rating: 1436 &rarr; <strong>1421</strong><br />(-15 for losing)
|raw|zane0911's rating: 1523 &rarr; <strong>1538</strong><br />(+15 for winning)
|l|‽jlce
|player|p1|
|l|☆zane0911
|player|p2|
