|j|☆Paofficial
|j|☆teamrocketgrunt004
|t:|1759004314
|gametype|singles
|player|p1|Paofficial|169|1393
|player|p2|teamrocketgrunt004|giovanni|1374
|gen|9
|tier|[Gen 9] OU
|rated|
|rule|HP Percentage Mod: HP is shown in percentages
|rule|Endless Battle Clause: Forcing endless battles is banned
|rule|Species Clause: Limit one of each Pokémon
|rule|OHKO Clause: OHKO moves are banned
|rule|Evasion Items Clause: Evasion items are banned
|rule|Evasion Moves Clause: Evasion moves are banned
|rule|Evasion Abilities Clause: Evasion abilities are banned
|rule|Sleep Moves Clause: Sleep-inducing moves are banned
|clearpoke
|poke|p1|Maushold-Four|
|poke|p1|Clawitzer, F|
|poke|p1|Tsareena, F|
|poke|p1|Armarouge, F|
|poke|p1|Corviknight, M|
|poke|p1|Garchomp, F|
|poke|p2|Jolteon, M|
|poke|p2|Quaquaval, F|
|poke|p2|Arcanine, M|
|poke|p2|Scizor, M|
|poke|p2|Corviknight, M|
|poke|p2|Mew|
|teampreview
|inactive|Battle timer is ON: inactive players will automatically lose when time's up. (requested by Paofficial)
|
|t:|1759004328
|teamsize|p1|6
|teamsize|p2|6
|start
|switch|p1a: Garchomp|Garchomp, F|100/100
|switch|p2a: Quaquaval|Quaquaval, F|100/100
|turn|1
|
|t:|1759004339
|-terastallize|p1a: Garchomp|Steel
|move|p1a: Garchomp|Swords Dance|p1a: Garchomp
|-boost|p1a: Garchomp|atk|2
|move|p2a: Quaquaval|Flip Turn|p1a: Garchomp
|-damage|p1a: Garchomp|73/100
|-damage|p2a: Quaquaval|88/100|[from] ability: Rough Skin|[of] p1a: Garchomp
|
|t:|1759004351
|switch|p2a: Corviknight|Corviknight, M|100/100|[from] Flip Turn
|
|upkeep
|turn|2
|
|t:|1759004357
|switch|p1a: Armarouge|Armarouge, F|100/100
|move|p2a: Corviknight|Body Press|p1a: Armarouge
|-resisted|p1a: Armarouge
|-damage|p1a: Armarouge|88/100
|-ability|p1a: Armarouge|Weak Armor|boost
|-unboost|p1a: Armarouge|def|1
|-boost|p1a: Armarouge|spe|2
|
|upkeep
|turn|3
|
|t:|1759004365
|switch|p2a: Arcanine|Arcanine, M|100/100
|move|p1a: Armarouge|Calm Mind|p1a: Armarouge
|-boost|p1a: Armarouge|spa|1
|-boost|p1a: Armarouge|spd|1
|
|upkeep
|turn|4
|
|t:|1759004373
|move|p2a: Arcanine|Extreme Speed|p1a: Armarouge
|-damage|p1a: Armarouge|32/100
|-ability|p1a: Armarouge|Weak Armor|boost
|-unboost|p1a: Armarouge|def|1
|-boost|p1a: Armarouge|spe|2
|move|p1a: Armarouge|Stored Power|p2a: Arcanine
|-damage|p2a: Arcanine|0 fnt
|faint|p2a: Arcanine
|
|upkeep
|
|t:|1759004382
|switch|p2a: Scizor|Scizor, M|100/100
|turn|5
|
|t:|1759004393
|switch|p1a: Clawitzer|Clawitzer, F|100/100
|move|p2a: Scizor|Bullet Punch|p1a: Clawitzer
|-resisted|p1a: Clawitzer
|-damage|p1a: Clawitzer|74/100
|
|upkeep
|turn|6
|
|t:|1759004399
|switch|p2a: Corviknight|Corviknight, M|100/100
|move|p1a: Clawitzer|Water Pulse|p2a: Corviknight
|-damage|p2a: Corviknight|58/100
|
|upkeep
|turn|7
|
|t:|1759004405
|switch|p1a: Armarouge|Armarouge, F|32/100
|move|p2a: Corviknight|U-turn|p1a: Armarouge
|-damage|p1a: Armarouge|21/100
|-ability|p1a: Armarouge|Weak Armor|boost
|-unboost|p1a: Armarouge|def|1
|-boost|p1a: Armarouge|spe|2
|
|t:|1759004411
|switch|p2a: Scizor|Scizor, M|100/100|[from] U-turn
|
|upkeep
|turn|8
|
|t:|1759004414
|move|p2a: Scizor|Bullet Punch|p1a: Armarouge
|-resisted|p1a: Armarouge
|-damage|p1a: Armarouge|0 fnt
|faint|p1a: Armarouge
|
|upkeep
|
|t:|1759004423
|switch|p1a: Maushold|Maushold-Four|100/100
|turn|9
|
|t:|1759004426
|move|p2a: Scizor|Bullet Punch|p1a: Maushold
|-damage|p1a: Maushold|16/100
|move|p1a: Maushold|Population Bomb|p2a: Scizor
|-resisted|p2a: Scizor
|-damage|p2a: Scizor|95/100
|-resisted|p2a: Scizor
|-damage|p2a: Scizor|89/100
|-resisted|p2a: Scizor
|-damage|p2a: Scizor|84/100
|-resisted|p2a: Scizor
|-damage|p2a: Scizor|79/100
|-resisted|p2a: Scizor
|-damage|p2a: Scizor|73/100
|-resisted|p2a: Scizor
|-crit|p2a: Scizor
|-damage|p2a: Scizor|65/100
|-resisted|p2a: Scizor
|-damage|p2a: Scizor|60/100
|-resisted|p2a: Scizor
|-damage|p2a: Scizor|55/100
|-resisted|p2a: Scizor
|-damage|p2a: Scizor|49/100
|-resisted|p2a: Scizor
|-damage|p2a: Scizor|43/100
|-hitcount|p2a: Scizor|10
|
|upkeep
|turn|10
|
|t:|1759004446
|switch|p1a: Corviknight|Corviknight, M|100/100
|move|p2a: Scizor|Bullet Punch|p1a: Corviknight
|-resisted|p1a: Corviknight
|-damage|p1a: Corviknight|82/100
|-damage|p2a: Scizor|27/100|[from] item: Rocky Helmet|[of] p1a: Corviknight
|
|upkeep
|turn|11
|
|t:|1759004456
|switch|p1a: Garchomp|Garchomp, F, tera:Steel|73/100
|switch|p2a: Corviknight|Corviknight, M|58/100
|
|upkeep
|turn|12
|
|t:|1759004469
|switch|p1a: Clawitzer|Clawitzer, F|74/100
|move|p2a: Corviknight|Roost|p2a: Corviknight
|-heal|p2a: Corviknight|100/100
|-singleturn|p2a: Corviknight|move: Roost
|
|upkeep
|turn|13
|
|t:|1759004475
|move|p1a: Clawitzer|Water Pulse|p2a: Corviknight
|-damage|p2a: Corviknight|57/100
|move|p2a: Corviknight|U-turn|p1a: Clawitzer
|-damage|p1a: Clawitzer|60/100
|
|t:|1759004480
|switch|p2a: Jolteon|Jolteon, M|100/100|[from] U-turn
|
|upkeep
|turn|14
|-message|Paofficial forfeited.
|
|win|teamrocketgrunt004
|raw|Paofficial's rating: 1393 &rarr; <strong>1372</strong><br />(-21 for losing)
|raw|teamrocketgrunt004's rating: 1374 &rarr; <strong>1395</strong><br />(+21 for winning)
|l|☆Paofficial
|player|p1|
|l|☆teamrocketgrunt004
|player|p2|
