|j|☆piranho70yt
|j|☆NelZalienZ
|t:|1759036720
|gametype|singles
|player|p1|piranho70yt|red|1052
|player|p2|NelZalienZ|biker|1076
|gen|9
|tier|[Gen 9] OU
|rated|
|rule|HP Percentage Mod: HP is shown in percentages
|rule|Endless Battle Clause: Forcing endless battles is banned
|rule|Species Clause: Limit one of each Pokémon
|rule|OHKO Clause: OHKO moves are banned
|rule|Evasion Items Clause: Evasion items are banned
|rule|Evasion Moves Clause: Evasion moves are banned
|rule|Evasion Abilities Clause: Evasion abilities are banned
|rule|Sleep Moves Clause: Sleep-inducing moves are banned
|clearpoke
|poke|p1|Infernape, M|
|poke|p1|Gengar, M|
|poke|p1|Staraptor, M|
|poke|p1|Luxray, M|
|poke|p1|Floatzel, F|
|poke|p1|Garchomp, M|
|poke|p2|Dragonite, M|
|poke|p2|Skarmory, F|
|poke|p2|Metagross|
|poke|p2|Hydreigon, F|
|poke|p2|Garganacl, M|
|poke|p2|Gholdengo|
|teampreview
|
|t:|1759036740
|teamsize|p1|6
|teamsize|p2|6
|start
|switch|p1a: Luxray|Luxray, M|100/100
|switch|p2a: Dragonite|Dragonite, M, shiny|100/100
|turn|1
|
|t:|1759036751
|move|p2a: Dragonite|Earthquake|p1a: Luxray
|-supereffective|p1a: Luxray
|-damage|p1a: Luxray|0 fnt
|faint|p1a: Luxray
|
|upkeep
|
|t:|1759036756
|switch|p1a: Floatzel|Floatzel, F|100/100
|turn|2
|
|t:|1759036764
|move|p1a: Floatzel|Ice Spinner|p2a: Dragonite
|-supereffective|p2a: Dragonite
|-damage|p2a: Dragonite|43/100
|move|p2a: Dragonite|Earthquake|p1a: Floatzel
|-damage|p1a: Floatzel|0 fnt
|faint|p1a: Floatzel
|
|upkeep
|
|t:|1759036773
|switch|p1a: Gengar|Gengar, M|100/100
|turn|3
|
|t:|1759036777
|move|p1a: Gengar|Ice Punch|p2a: Dragonite
|-supereffective|p2a: Dragonite
|-damage|p2a: Dragonite|0 fnt
|faint|p2a: Dragonite
|
|upkeep
|
|t:|1759036783
|switch|p2a: Gholdengo|Gholdengo, shiny|100/100
|turn|4
|
|t:|1759036798
|move|p2a: Gholdengo|Shadow Ball|p1a: Gengar
|-supereffective|p1a: Gengar
|-damage|p1a: Gengar|0 fnt
|faint|p1a: Gengar
|
|upkeep
|
|t:|1759036809
|switch|p1a: Infernape|Infernape, M|100/100
|-item|p1a: Infernape|Air Balloon
|turn|5
|
|t:|1759036816
|move|p2a: Gholdengo|Shadow Ball|p1a: Infernape
|-damage|p1a: Infernape|33/100
|-enditem|p1a: Infernape|Air Balloon
|move|p1a: Infernape|Raging Fury|p2a: Gholdengo
|-supereffective|p2a: Gholdengo
|-damage|p2a: Gholdengo|0 fnt
|faint|p2a: Gholdengo
|
|upkeep
|
|t:|1759036832
|switch|p2a: Garganacl|Garganacl, M, shiny|100/100
|turn|6
|
|t:|1759036841
|move|p1a: Infernape|Raging Fury|p2a: Garganacl|[from] lockedmove
|-resisted|p2a: Garganacl
|-damage|p2a: Garganacl|80/100
|-start|p1a: Infernape|confusion|[fatigue]
|move|p2a: Garganacl|Salt Cure|p1a: Infernape
|-damage|p1a: Infernape|11/100
|-start|p1a: Infernape|Salt Cure
|
|-heal|p2a: Garganacl|86/100|[from] item: Leftovers
|-damage|p1a: Infernape|0 fnt|[from] Salt Cure
|faint|p1a: Infernape
|upkeep
|
|t:|1759036852
|switch|p1a: Staraptor|Staraptor, M|100/100
|turn|7
|
|t:|1759036857
|-terastallize|p1a: Staraptor|Normal
|move|p1a: Staraptor|Close Combat|p2a: Garganacl
|-supereffective|p2a: Garganacl
|-damage|p2a: Garganacl|48/100
|-unboost|p1a: Staraptor|def|1
|-unboost|p1a: Staraptor|spd|1
|move|p2a: Garganacl|Salt Cure|p1a: Staraptor
|-damage|p1a: Staraptor|68/100
|-start|p1a: Staraptor|Salt Cure
|
|-heal|p2a: Garganacl|54/100|[from] item: Leftovers
|-damage|p1a: Staraptor|55/100|[from] Salt Cure
|upkeep
|turn|8
|
|t:|1759036872
|move|p1a: Staraptor|Close Combat|p2a: Garganacl
|-supereffective|p2a: Garganacl
|-damage|p2a: Garganacl|14/100
|-unboost|p1a: Staraptor|def|1
|-unboost|p1a: Staraptor|spd|1
|move|p2a: Garganacl|Recover|p2a: Garganacl
|-heal|p2a: Garganacl|64/100
|
|-heal|p2a: Garganacl|70/100|[from] item: Leftovers
|-damage|p1a: Staraptor|43/100|[from] Salt Cure
|upkeep
|turn|9
|
|t:|1759036886
|move|p1a: Staraptor|Close Combat|p2a: Garganacl
|-supereffective|p2a: Garganacl
|-damage|p2a: Garganacl|28/100
|-unboost|p1a: Staraptor|def|1
|-unboost|p1a: Staraptor|spd|1
|move|p2a: Garganacl|Body Press|p1a: Staraptor
|-supereffective|p1a: Staraptor
|-damage|p1a: Staraptor|0 fnt
|faint|p1a: Staraptor
|
|-heal|p2a: Garganacl|35/100|[from] item: Leftovers
|upkeep
|
|t:|1759036896
|switch|p1a: Garchomp|Garchomp, M|100/100
|turn|10
|
|t:|1759036903
|move|p1a: Garchomp|Earth Power|p2a: Garganacl
|-supereffective|p2a: Garganacl
|-damage|p2a: Garganacl|0 fnt
|faint|p2a: Garganacl
|
|upkeep
|
|t:|1759036909
|switch|p2a: Hydreigon|Hydreigon, F, shiny|100/100
|turn|11
|
|t:|1759036915
|move|p1a: Garchomp|Dragon Pulse|p2a: Hydreigon
|-supereffective|p2a: Hydreigon
|-damage|p2a: Hydreigon|8/100
|move|p2a: Hydreigon|Draco Meteor|p1a: Garchomp
|-supereffective|p1a: Garchomp
|-damage|p1a: Garchomp|0 fnt
|-unboost|p2a: Hydreigon|spa|2
|faint|p1a: Garchomp
|
|win|NelZalienZ
|raw|piranho70yt's rating: 1052 &rarr; <strong>1035</strong><br />(-17 for losing)
|raw|NelZalienZ's rating: 1076 &rarr; <strong>1103</strong><br />(+27 for winning)
|l|☆piranho70yt
|player|p1|
|l|☆NelZalienZ
|player|p2|
