|j|☆n dfdcn
|j|☆cp collective
|t:|1758991504
|gametype|singles
|player|p1|n dfdcn|nate|1338
|player|p2|cp collective|eusine|1309
|gen|9
|tier|[Gen 9] OU
|rated|
|rule|HP Percentage Mod: HP is shown in percentages
|rule|Endless Battle Clause: Forcing endless battles is banned
|rule|Species Clause: Limit one of each Pokémon
|rule|OHKO Clause: OHKO moves are banned
|rule|Evasion Items Clause: Evasion items are banned
|rule|Evasion Moves Clause: Evasion moves are banned
|rule|Evasion Abilities Clause: Evasion abilities are banned
|rule|Sleep Moves Clause: Sleep-inducing moves are banned
|clearpoke
|poke|p1|Great Tusk|
|poke|p1|Kingambit, M|
|poke|p1|Raging Bolt|
|poke|p1|Walking Wake|
|poke|p1|Ninetales, F|
|poke|p1|Ceruledge, F|
|poke|p2|Dragonite, M|
|poke|p2|Great Tusk|
|poke|p2|Samurott-Hisui, M|
|poke|p2|Iron Crown|
|poke|p2|Ursaluna, M|
|poke|p2|Weezing-Galar, M|
|teampreview
|
|t:|1758991533
|teamsize|p1|6
|teamsize|p2|6
|start
|switch|p1a: funny giraffe lol|Raging Bolt|100/100
|switch|p2a: Great Tusk|Great Tusk, shiny|100/100
|turn|1
|inactive|Battle timer is ON: inactive players will automatically lose when time's up. (requested by n dfdcn)
|
|t:|1758991548
|-terastallize|p1a: funny giraffe lol|Flying
|move|p2a: Great Tusk|Headlong Rush|p1a: funny giraffe lol
|-immune|p1a: funny giraffe lol
|move|p1a: funny giraffe lol|Dragon Pulse|p2a: Great Tusk
|-damage|p2a: Great Tusk|7/100
|-damage|p1a: funny giraffe lol|91/100|[from] item: Life Orb
|
|upkeep
|turn|2
|
|t:|1758991559
|-end|p2a: Great Tusk|Protosynthesis|[silent]
|switch|p2a: Weezing|Weezing-Galar, M|100/100
|-ability|p2a: Weezing|Neutralizing Gas
|move|p1a: funny giraffe lol|Dragon Pulse|p2a: Weezing
|-immune|p2a: Weezing
|
|upkeep
|turn|3
|
|t:|1758991580
|-end|p1a: funny giraffe lol|Protosynthesis|[silent]
|switch|p1a: Better flareon|Ninetales, F, shiny|100/100
|move|p2a: Weezing|Sludge Bomb|p1a: Better flareon
|-crit|p1a: Better flareon
|-damage|p1a: Better flareon|56/100
|-status|p1a: Better flareon|psn
|
|-damage|p1a: Better flareon|43/100 psn|[from] psn
|upkeep
|turn|4
|
|t:|1758991594
|move|p1a: Better flareon|Scorching Sands|p2a: Weezing
|-supereffective|p2a: Weezing
|-crit|p2a: Weezing
|-damage|p2a: Weezing|30/100
|move|p2a: Weezing|Will-O-Wisp||[still]
|-fail|p2a: Weezing
|
|-damage|p1a: Better flareon|31/100 psn|[from] psn
|upkeep
|turn|5
|
|t:|1758991599
|move|p1a: Better flareon|Scorching Sands|p2a: Weezing
|-supereffective|p2a: Weezing
|-damage|p2a: Weezing|0 fnt
|faint|p2a: Weezing
|-end|p2a: Weezing|ability: Neutralizing Gas
|-weather|SunnyDay|[from] ability: Drought|[of] p1a: Better flareon
|
|-weather|SunnyDay|[upkeep]
|-damage|p1a: Better flareon|19/100 psn|[from] psn
|upkeep
|
|t:|1758991609
|switch|p2a: Great Tusk|Great Tusk, shiny|7/100
|-activate|p2a: Great Tusk|ability: Protosynthesis
|-start|p2a: Great Tusk|protosynthesisatk
|turn|6
|
|t:|1758991615
|move|p2a: Great Tusk|Ice Spinner|p1a: Better flareon
|-resisted|p1a: Better flareon
|-damage|p1a: Better flareon|0 fnt
|faint|p1a: Better flareon
|
|-weather|SunnyDay|[upkeep]
|upkeep
|
|t:|1758991622
|switch|p1a: suicune from wish|Walking Wake|100/100
|-activate|p1a: suicune from wish|ability: Protosynthesis
|-start|p1a: suicune from wish|protosynthesisspe
|turn|7
|
|t:|1758991641
|-end|p2a: Great Tusk|Protosynthesis|[silent]
|switch|p2a: Samurott|Samurott-Hisui, M, shiny|100/100
|move|p1a: suicune from wish|Hydro Steam|p2a: Samurott
|-resisted|p2a: Samurott
|-damage|p2a: Samurott|48/100
|
|-weather|SunnyDay|[upkeep]
|upkeep
|turn|8
|
|t:|1758991650
|move|p2a: Samurott|Sucker Punch|p1a: suicune from wish
|-damage|p1a: suicune from wish|58/100
|move|p1a: suicune from wish|Hydro Steam|p2a: Samurott
|-resisted|p2a: Samurott
|-damage|p2a: Samurott|0 fnt
|faint|p2a: Samurott
|
|-weather|SunnyDay|[upkeep]
|upkeep
|inactive|cp collective has 120 seconds left.
|
|t:|1758991682
|switch|p2a: Dragonite|Dragonite, M|100/100
|turn|9
|
|t:|1758991686
|move|p1a: suicune from wish|Flip Turn|p2a: Dragonite
|-resisted|p2a: Dragonite
|-damage|p2a: Dragonite|98/100
|
|t:|1758991691
|-end|p1a: suicune from wish|Protosynthesis|[silent]
|switch|p1a: Donphan from wish|Great Tusk, shiny|100/100|[from] Flip Turn
|-activate|p1a: Donphan from wish|ability: Protosynthesis
|-start|p1a: Donphan from wish|protosynthesisatk
|move|p2a: Dragonite|Dragon Dance|p2a: Dragonite
|-boost|p2a: Dragonite|atk|1
|-boost|p2a: Dragonite|spe|1
|
|-weather|SunnyDay|[upkeep]
|-heal|p2a: Dragonite|100/100|[from] item: Leftovers
|upkeep
|turn|10
|inactive|cp collective has 120 seconds left.
|
|t:|1758991717
|-terastallize|p2a: Dragonite|Fairy
|move|p2a: Dragonite|Dragon Dance|p2a: Dragonite
|-boost|p2a: Dragonite|atk|1
|-boost|p2a: Dragonite|spe|1
|move|p1a: Donphan from wish|Ice Spinner|p2a: Dragonite
|-damage|p2a: Dragonite|79/100
|
|-weather|SunnyDay|[upkeep]
|-heal|p2a: Dragonite|85/100|[from] item: Leftovers
|upkeep
|turn|11
|inactive|cp collective has 120 seconds left.
|
|t:|1758991724
|move|p2a: Dragonite|Tera Blast|p1a: Donphan from wish|[anim] Tera Blast Fairy
|-supereffective|p1a: Donphan from wish
|-damage|p1a: Donphan from wish|0 fnt
|faint|p1a: Donphan from wish
|-end|p1a: Donphan from wish|Protosynthesis|[silent]
|
|-weather|SunnyDay|[upkeep]
|-heal|p2a: Dragonite|92/100|[from] item: Leftovers
|upkeep
|
|t:|1758991728
|switch|p1a: Edgy boi|Ceruledge, F, shiny|100/100
|turn|12
|
|t:|1758991741
|move|p2a: Dragonite|Earthquake|p1a: Edgy boi
|-supereffective|p1a: Edgy boi
|-enditem|p1a: Edgy boi|Focus Sash
|-damage|p1a: Edgy boi|1/100
|-ability|p1a: Edgy boi|Weak Armor|boost
|-unboost|p1a: Edgy boi|def|1
|-boost|p1a: Edgy boi|spe|2
|move|p1a: Edgy boi|Poltergeist|p2a: Dragonite
|-activate|p2a: Dragonite|move: Poltergeist|Leftovers
|-damage|p2a: Dragonite|19/100
|
|-weather|none
|-heal|p2a: Dragonite|25/100|[from] item: Leftovers
|upkeep
|turn|13
|
|t:|1758991755
|move|p2a: Dragonite|Dragon Dance|p2a: Dragonite
|-boost|p2a: Dragonite|atk|1
|-boost|p2a: Dragonite|spe|1
|move|p1a: Edgy boi|Bitter Blade|p2a: Dragonite
|-damage|p2a: Dragonite|0 fnt
|-heal|p1a: Edgy boi|13/100|[from] drain|[of] p2a: Dragonite
|faint|p2a: Dragonite
|
|upkeep
|inactive|cp collective has 120 seconds left.
|
|t:|1758991769
|switch|p2a: Ursaluna|Ursaluna, M, shiny|100/100
|turn|14
|inactive|cp collective has 120 seconds left.
|
|t:|1758991788
|move|p1a: Edgy boi|Close Combat|p2a: Ursaluna
|-supereffective|p2a: Ursaluna
|-crit|p2a: Ursaluna
|-damage|p2a: Ursaluna|0 fnt
|-unboost|p1a: Edgy boi|def|1
|-unboost|p1a: Edgy boi|spd|1
|faint|p2a: Ursaluna
|
|upkeep
|-message|cp collective forfeited.
|
|win|n dfdcn
|raw|n dfdcn's rating: 1338 &rarr; <strong>1356</strong><br />(+18 for winning)
|raw|cp collective's rating: 1309 &rarr; <strong>1291</strong><br />(-18 for losing)
|l|☆cp collective
|player|p2|
|c|☆n dfdcn|gg
