|j|☆Breakers Inc.
|j|☆Princessjosie1001!
|t:|1758932283
|gametype|singles
|player|p1|Breakers Inc.|caitlin|1478
|player|p2|Princessjosie1001!|nurse|1403
|gen|9
|tier|[Gen 9] OU
|rated|
|rule|HP Percentage Mod: HP is shown in percentages
|rule|Endless Battle Clause: Forcing endless battles is banned
|rule|Species Clause: Limit one of each Pokémon
|rule|OHKO Clause: OHKO moves are banned
|rule|Evasion Items Clause: Evasion items are banned
|rule|Evasion Moves Clause: Evasion moves are banned
|rule|Evasion Abilities Clause: Evasion abilities are banned
|rule|Sleep Moves Clause: Sleep-inducing moves are banned
|clearpoke
|poke|p1|Zoroark-Hisui, M|
|poke|p1|Kingambit, M|
|poke|p1|Great Tusk|
|poke|p1|Slowking, M|
|poke|p1|Iron Valiant|
|poke|p1|Dragonite, M|
|poke|p2|Yanmega, F|
|poke|p2|Cloyster, F|
|poke|p2|Salazzle, F|
|poke|p2|Espeon, F|
|poke|p2|Jirachi|
|poke|p2|Maushold-Four|
|teampreview
|
|t:|1758932305
|teamsize|p1|6
|teamsize|p2|6
|start
|switch|p1a: Mav's Joint|Iron Valiant|100/100
|switch|p2a: Jirachi|Jirachi|100/100
|turn|1
|
|t:|1758932314
|switch|p1a: Tuskuthy|Great Tusk|100/100
|move|p2a: Jirachi|Iron Head|p1a: Tuskuthy
|-damage|p1a: Tuskuthy|82/100
|
|-heal|p1a: Tuskuthy|88/100|[from] item: Leftovers
|upkeep
|turn|2
|
|t:|1758932321
|switch|p2a: No hazard allowed|Espeon, F|100/100
|move|p1a: Tuskuthy|Stealth Rock|p2a: No hazard allowed
|move|p2a: No hazard allowed|Stealth Rock|p1a: Tuskuthy|[from] ability: Magic Bounce
|-sidestart|p1: Breakers Inc.|move: Stealth Rock
|
|-heal|p1a: Tuskuthy|94/100|[from] item: Leftovers
|upkeep
|turn|3
|
|t:|1758932328
|-end|p1a: Tuskuthy|Protosynthesis|[silent]
|switch|p1a: Erebus|Kingambit, M|100/100
|-damage|p1a: Erebus|94/100|[from] Stealth Rock
|move|p2a: No hazard allowed|Psychic|p1a: Erebus
|-immune|p1a: Erebus
|
|-heal|p1a: Erebus|100/100|[from] item: Leftovers
|upkeep
|turn|4
|
|t:|1758932338
|switch|p2a: Salazzle|Salazzle, F|100/100
|-end|p1a: Erebus|fallenundefined|[silent]
|switch|p1a: Tuskuthy|Great Tusk|94/100
|-damage|p1a: Tuskuthy|91/100|[from] Stealth Rock
|
|-heal|p1a: Tuskuthy|97/100|[from] item: Leftovers
|upkeep
|turn|5
|
|t:|1758932349
|switch|p2a: No hazard allowed|Espeon, F|100/100
|move|p1a: Tuskuthy|Stealth Rock|p2a: No hazard allowed
|move|p2a: No hazard allowed|Stealth Rock||[from] ability: Magic Bounce|[still]
|-fail|p2a: No hazard allowed
|
|-heal|p1a: Tuskuthy|100/100|[from] item: Leftovers
|upkeep
|turn|6
|
|t:|1758932357
|-end|p1a: Tuskuthy|Protosynthesis|[silent]
|switch|p1a: Erebus|Kingambit, M|100/100
|-damage|p1a: Erebus|94/100|[from] Stealth Rock
|move|p2a: No hazard allowed|Trick|p1a: Erebus
|-activate|p2a: No hazard allowed|move: Trick|[of] p1a: Erebus
|-item|p1a: Erebus|Choice Scarf|[from] move: Trick
|-item|p2a: No hazard allowed|Leftovers|[from] move: Trick
|
|upkeep
|turn|7
|
|t:|1758932367
|move|p2a: No hazard allowed|Thunder Wave|p1a: Erebus
|-status|p1a: Erebus|par
|move|p1a: Erebus|Kowtow Cleave|p2a: No hazard allowed
|-supereffective|p2a: No hazard allowed
|-damage|p2a: No hazard allowed|0 fnt
|faint|p2a: No hazard allowed
|
|upkeep
|
|t:|1758932374
|switch|p2a: Yanmega|Yanmega, F|100/100
|turn|8
|
|t:|1758932382
|-end|p1a: Erebus|fallenundefined|[silent]
|switch|p1a: Shenlong|Dragonite, M|100/100
|move|p2a: Yanmega|Bug Buzz|p1a: Shenlong
|-resisted|p1a: Shenlong
|-damage|p1a: Shenlong|86/100
|-damage|p2a: Yanmega|91/100|[from] item: Life Orb
|
|-ability|p2a: Yanmega|Speed Boost|boost
|-boost|p2a: Yanmega|spe|1
|upkeep
|turn|9
|-message|Princessjosie1001! forfeited.
|
|win|Breakers Inc.
|raw|Breakers Inc.'s rating: 1478 &rarr; <strong>1494</strong><br />(+16 for winning)
|raw|Princessjosie1001!'s rating: 1403 &rarr; <strong>1387</strong><br />(-16 for losing)
|l|☆Princessjosie1001!
|player|p2|
|l|☆Breakers Inc.
|player|p1|
