|j|☆sportspencil
|j|☆tcloud
|t:|1759077791
|gametype|singles
|player|p1|sportspencil|266|1459
|player|p2|tcloud|fisherman-gen4|1534
|gen|9
|tier|[Gen 9] OU
|rated|
|rule|HP Percentage Mod: HP is shown in percentages
|rule|Endless Battle Clause: Forcing endless battles is banned
|rule|Species Clause: Limit one of each Pokémon
|rule|OHKO Clause: OHKO moves are banned
|rule|Evasion Items Clause: Evasion items are banned
|rule|Evasion Moves Clause: Evasion moves are banned
|rule|Evasion Abilities Clause: Evasion abilities are banned
|rule|Sleep Moves Clause: Sleep-inducing moves are banned
|clearpoke
|poke|p1|Rillaboom, M|
|poke|p1|Zapdos|
|poke|p1|Swampert, F|
|poke|p1|Dragapult, M|
|poke|p1|Weavile, F|
|poke|p1|Cinderace, M|
|poke|p2|Pelipper, M|
|poke|p2|Hatterene, F|
|poke|p2|Iron Treads|
|poke|p2|Toxicroak, F|
|poke|p2|Barraskewda, F|
|poke|p2|Zapdos|
|teampreview
|inactive|Battle timer is ON: inactive players will automatically lose when time's up. (requested by sportspencil)
|inactive|tcloud has 120 seconds left.
|inactive|tcloud has 90 seconds left.
|
|t:|1759077926
|teamsize|p1|6
|teamsize|p2|6
|start
|switch|p1a: Zapdos|Zapdos|100/100
|switch|p2a: Pelipper|Pelipper, M|100/100
|-weather|RainDance|[from] ability: Drizzle|[of] p2a: Pelipper
|turn|1
|
|t:|1759077941
|switch|p2a: Hatterene|Hatterene, F|100/100
|move|p1a: Zapdos|Hurricane|p2a: Hatterene
|-damage|p2a: Hatterene|43/100
|-enditem|p2a: Hatterene|Eject Button
|
|t:|1759077944
|switch|p2a: Barraskewda|Barraskewda, F|100/100
|
|-weather|RainDance|[upkeep]
|upkeep
|turn|2
|
|t:|1759077952
|move|p2a: Barraskewda|Liquidation|p1a: Zapdos
|-damage|p1a: Zapdos|0 fnt
|-status|p2a: Barraskewda|par|[from] ability: Static|[of] p1a: Zapdos
|faint|p1a: Zapdos
|
|-weather|RainDance|[upkeep]
|upkeep
|
|t:|1759077957
|switch|p1a: Rillaboom|Rillaboom, M|100/100
|-fieldstart|move: Grassy Terrain|[from] ability: Grassy Surge|[of] p1a: Rillaboom
|turn|3
|
|t:|1759077963
|switch|p2a: Toxicroak|Toxicroak, F|100/100
|switch|p1a: Weavile|Weavile, F|100/100
|-ability|p1a: Weavile|Pressure
|
|-weather|RainDance|[upkeep]
|upkeep
|turn|4
|
|t:|1759077969
|switch|p1a: Swampert|Swampert, F|100/100
|move|p2a: Toxicroak|Drain Punch|p1a: Swampert
|-damage|p1a: Swampert|82/100
|-damage|p2a: Toxicroak|84/100|[from] item: Rocky Helmet|[of] p1a: Swampert
|
|-weather|RainDance|[upkeep]
|-heal|p2a: Toxicroak|96/100|[from] ability: Dry Skin
|-heal|p2a: Toxicroak|100/100|[from] Grassy Terrain
|-heal|p1a: Swampert|89/100|[from] Grassy Terrain
|upkeep
|turn|5
|
|t:|1759077974
|switch|p2a: Zapdos|Zapdos|100/100
|move|p1a: Swampert|Stealth Rock|p2a: Zapdos
|-sidestart|p2: tcloud|move: Stealth Rock
|
|-weather|RainDance|[upkeep]
|-heal|p1a: Swampert|95/100|[from] Grassy Terrain
|upkeep
|turn|6
|
|t:|1759077977
|move|p2a: Zapdos|Hurricane|p1a: Swampert
|-damage|p1a: Swampert|21/100
|move|p1a: Swampert|Flip Turn|p2a: Zapdos
|-damage|p2a: Zapdos|36/100
|
|t:|1759077984
|switch|p1a: Weavile|Weavile, F|100/100|[from] Flip Turn
|-ability|p1a: Weavile|Pressure
|
|-weather|RainDance|[upkeep]
|upkeep
|turn|7
|
|t:|1759077988
|switch|p2a: Toxicroak|Toxicroak, F|100/100
|-damage|p2a: Toxicroak|94/100|[from] Stealth Rock
|move|p1a: Weavile|Ice Shard|p2a: Toxicroak
|-damage|p2a: Toxicroak|74/100
|
|-weather|RainDance|[upkeep]
|-heal|p2a: Toxicroak|87/100|[from] ability: Dry Skin
|-heal|p2a: Toxicroak|93/100|[from] Grassy Terrain
|-fieldend|move: Grassy Terrain
|upkeep
|turn|8
|
|t:|1759077994
|switch|p1a: Swampert|Swampert, F|21/100
|move|p2a: Toxicroak|Knock Off|p1a: Swampert
|-damage|p1a: Swampert|6/100
|-damage|p2a: Toxicroak|77/100|[from] item: Rocky Helmet|[of] p1a: Swampert
|-enditem|p1a: Swampert|Rocky Helmet|[from] move: Knock Off|[of] p2a: Toxicroak
|
|-weather|none
|upkeep
|turn|9
|
|t:|1759077997
|move|p2a: Toxicroak|Drain Punch|p1a: Swampert
|-damage|p1a: Swampert|0 fnt
|-heal|p2a: Toxicroak|80/100|[from] drain|[of] p1a: Swampert
|faint|p1a: Swampert
|
|upkeep
|
|t:|1759078011
|switch|p1a: Dragapult|Dragapult, M|100/100
|turn|10
|
|t:|1759078015
|switch|p2a: Hatterene|Hatterene, F|43/100
|-damage|p2a: Hatterene|31/100|[from] Stealth Rock
|move|p1a: Dragapult|Psychic Fangs|p2a: Hatterene
|-resisted|p2a: Hatterene
|-damage|p2a: Hatterene|13/100
|-damage|p1a: Dragapult|91/100|[from] item: Life Orb
|
|upkeep
|turn|11
|
|t:|1759078023
|move|p1a: Dragapult|Psychic Fangs|p2a: Hatterene
|-resisted|p2a: Hatterene
|-damage|p2a: Hatterene|0 fnt
|faint|p2a: Hatterene
|-damage|p1a: Dragapult|81/100|[from] item: Life Orb
|
|upkeep
|
|t:|1759078025
|switch|p2a: Iron Treads|Iron Treads|100/100
|-damage|p2a: Iron Treads|98/100|[from] Stealth Rock
|turn|12
|
|t:|1759078029
|switch|p1a: Rillaboom|Rillaboom, M|100/100
|-fieldstart|move: Grassy Terrain|[from] ability: Grassy Surge|[of] p1a: Rillaboom
|move|p2a: Iron Treads|Stealth Rock|p1a: Rillaboom
|-sidestart|p1: sportspencil|move: Stealth Rock
|
|-heal|p2a: Iron Treads|100/100|[from] Grassy Terrain
|upkeep
|turn|13
|
|t:|1759078034
|move|p1a: Rillaboom|Swords Dance|p1a: Rillaboom
|-boost|p1a: Rillaboom|atk|2
|move|p2a: Iron Treads|Rapid Spin|p1a: Rillaboom
|-damage|p1a: Rillaboom|86/100
|-boost|p2a: Iron Treads|spe|1
|-sideend|p2: tcloud|Stealth Rock|[from] move: Rapid Spin|[of] p2a: Iron Treads
|
|-heal|p1a: Rillaboom|92/100|[from] Grassy Terrain
|upkeep
|turn|14
|
|t:|1759078044
|-terastallize|p1a: Rillaboom|Grass
|move|p2a: Iron Treads|Volt Switch|p1a: Rillaboom
|-resisted|p1a: Rillaboom
|-damage|p1a: Rillaboom|84/100
|
|t:|1759078047
|-end|p2a: Iron Treads|Quark Drive|[silent]
|switch|p2a: Toxicroak|Toxicroak, F|80/100|[from] Volt Switch
|move|p1a: Rillaboom|Wood Hammer|p2a: Toxicroak
|-resisted|p2a: Toxicroak
|-damage|p2a: Toxicroak|0 fnt
|-damage|p1a: Rillaboom|67/100|[from] item: Rocky Helmet|[of] p2a: Toxicroak
|faint|p2a: Toxicroak
|-damage|p1a: Rillaboom|39/100|[from] Recoil
|-damage|p1a: Rillaboom|29/100|[from] item: Life Orb
|
|-heal|p1a: Rillaboom|35/100|[from] Grassy Terrain
|upkeep
|
|t:|1759078051
|switch|p2a: Pelipper|Pelipper, M|100/100
|-weather|RainDance|[from] ability: Drizzle|[of] p2a: Pelipper
|turn|15
|
|t:|1759078059
|move|p1a: Rillaboom|Grassy Glide|p2a: Pelipper
|-damage|p2a: Pelipper|0 fnt
|faint|p2a: Pelipper
|-damage|p1a: Rillaboom|25/100|[from] item: Life Orb
|
|-weather|RainDance|[upkeep]
|-heal|p1a: Rillaboom|32/100|[from] Grassy Terrain
|upkeep
|
|t:|1759078062
|switch|p2a: Barraskewda|Barraskewda, F|100/100 par
|turn|16
|
|t:|1759078064
|-terastallize|p2a: Barraskewda|Water
|cant|p2a: Barraskewda|par
|move|p1a: Rillaboom|Grassy Glide|p2a: Barraskewda
|-supereffective|p2a: Barraskewda
|-damage|p2a: Barraskewda|0 fnt
|faint|p2a: Barraskewda
|-damage|p1a: Rillaboom|22/100|[from] item: Life Orb
|
|-weather|RainDance|[upkeep]
|-heal|p1a: Rillaboom|28/100|[from] Grassy Terrain
|-fieldend|move: Grassy Terrain
|upkeep
|-message|tcloud forfeited.
|
|win|sportspencil
|raw|sportspencil's rating: 1459 &rarr; <strong>1483</strong><br />(+24 for winning)
|raw|tcloud's rating: 1534 &rarr; <strong>1510</strong><br />(-24 for losing)
|l|☆tcloud
|player|p2|
|l|☆sportspencil
|player|p1|
