|j|☆Boshiee
|j|☆owl_with_scarf
|t:|1758954678
|gametype|singles
|player|p1|Boshiee|clair|1325
|player|p2|owl_with_scarf|#owlwithscarf|1408
|gen|9
|tier|[Gen 9] OU
|rated|
|rule|HP Percentage Mod: HP is shown in percentages
|rule|Endless Battle Clause: Forcing endless battles is banned
|rule|Species Clause: Limit one of each Pokémon
|rule|OHKO Clause: OHKO moves are banned
|rule|Evasion Items Clause: Evasion items are banned
|rule|Evasion Moves Clause: Evasion moves are banned
|rule|Evasion Abilities Clause: Evasion abilities are banned
|rule|Sleep Moves Clause: Sleep-inducing moves are banned
|clearpoke
|poke|p1|Corviknight, M|
|poke|p1|Salamence, M|
|poke|p1|Scizor, F|
|poke|p1|Milotic, M|
|poke|p1|Dragonite, F|
|poke|p1|Gliscor, M|
|poke|p2|Pelipper, M|
|poke|p2|Talonflame, M|
|poke|p2|Zapdos|
|poke|p2|Gliscor, M|
|poke|p2|Corviknight, M|
|poke|p2|Dragonite, M|
|teampreview
|inactive|Battle timer is ON: inactive players will automatically lose when time's up. (requested by owl_with_scarf)
|
|t:|1758954695
|teamsize|p1|6
|teamsize|p2|6
|start
|switch|p1a: Milotic|Milotic, M|100/100
|switch|p2a: Pelipper|Pelipper, M|100/100
|-weather|RainDance|[from] ability: Drizzle|[of] p2a: Pelipper
|turn|1
|
|t:|1758954698
|move|p1a: Milotic|Scald|p2a: Pelipper
|-resisted|p2a: Pelipper
|-damage|p2a: Pelipper|70/100
|move|p2a: Pelipper|U-turn|p1a: Milotic
|-damage|p1a: Milotic|91/100
|
|t:|1758954701
|switch|p2a: Zapdos|Zapdos|100/100|[from] U-turn
|
|-weather|RainDance|[upkeep]
|-heal|p1a: Milotic|97/100|[from] item: Leftovers
|upkeep
|turn|2
|
|t:|1758954717
|switch|p1a: Gliscor|Gliscor, M|100/100
|move|p2a: Zapdos|Thunder|p1a: Gliscor
|-immune|p1a: Gliscor
|
|-weather|RainDance|[upkeep]
|-status|p1a: Gliscor|tox|[from] item: Toxic Orb
|upkeep
|turn|3
|
|t:|1758954726
|move|p2a: Zapdos|Weather Ball|p1a: Gliscor
|-supereffective|p1a: Gliscor
|-damage|p1a: Gliscor|17/100 tox
|move|p1a: Gliscor|Toxic|p2a: Zapdos
|-status|p2a: Zapdos|tox
|
|-weather|RainDance|[upkeep]
|-damage|p2a: Zapdos|94/100 tox|[from] psn
|-heal|p1a: Gliscor|29/100 tox|[from] ability: Poison Heal
|upkeep
|turn|4
|
|t:|1758954730
|move|p1a: Gliscor|Protect|p1a: Gliscor
|-singleturn|p1a: Gliscor|Protect
|move|p2a: Zapdos|Hurricane|p1a: Gliscor
|-activate|p1a: Gliscor|move: Protect
|
|-weather|RainDance|[upkeep]
|-damage|p2a: Zapdos|82/100 tox|[from] psn
|-heal|p1a: Gliscor|42/100 tox|[from] ability: Poison Heal
|upkeep
|turn|5
|
|t:|1758954742
|switch|p1a: Milotic|Milotic, M|97/100
|move|p2a: Zapdos|Thunder|p1a: Milotic
|-supereffective|p1a: Milotic
|-damage|p1a: Milotic|39/100
|-status|p1a: Milotic|par
|
|-weather|none
|-heal|p1a: Milotic|45/100 par|[from] item: Leftovers
|-damage|p2a: Zapdos|63/100 tox|[from] psn
|upkeep
|turn|6
|
|t:|1758954763
|move|p2a: Zapdos|Thunder|p1a: Milotic
|-supereffective|p1a: Milotic
|-damage|p1a: Milotic|0 fnt
|faint|p1a: Milotic
|
|-damage|p2a: Zapdos|38/100 tox|[from] psn
|upkeep
|
|t:|1758954775
|switch|p1a: Gliscor|Gliscor, M|42/100 tox
|turn|7
|
|t:|1758954783
|move|p2a: Zapdos|Hurricane|p1a: Gliscor
|-damage|p1a: Gliscor|0 fnt
|faint|p1a: Gliscor
|
|-damage|p2a: Zapdos|7/100 tox|[from] psn
|upkeep
|inactive|Boshiee has 120 seconds left.
|-message|Boshiee forfeited.
|
|win|owl_with_scarf
|raw|Boshiee's rating: 1325 &rarr; <strong>1310</strong><br />(-15 for losing)
|raw|owl_with_scarf's rating: 1408 &rarr; <strong>1423</strong><br />(+15 for winning)
|j| larp legion
|l|☆Boshiee
|player|p1|
|l|☆owl_with_scarf
|player|p2|
