|j|☆chufaworld
|j|☆naxduck
|t:|1759049521
|gametype|singles
|player|p1|chufaworld|169|1340
|player|p2|naxduck|265|1396
|gen|9
|tier|[Gen 9] OU
|rated|
|rule|HP Percentage Mod: HP is shown in percentages
|rule|Endless Battle Clause: Forcing endless battles is banned
|rule|Species Clause: Limit one of each Pokémon
|rule|OHKO Clause: OHKO moves are banned
|rule|Evasion Items Clause: Evasion items are banned
|rule|Evasion Moves Clause: Evasion moves are banned
|rule|Evasion Abilities Clause: Evasion abilities are banned
|rule|Sleep Moves Clause: Sleep-inducing moves are banned
|clearpoke
|poke|p1|Blaziken, F|
|poke|p1|Indeedee, M|
|poke|p1|Iron Treads|
|poke|p1|Gallade, M|
|poke|p1|Gliscor, M|
|poke|p1|Ogerpon-Wellspring, F|
|poke|p2|Pelipper, M|
|poke|p2|Talonflame, M|
|poke|p2|Hatterene, F|
|poke|p2|Iron Treads|
|poke|p2|Barraskewda, F|
|poke|p2|Toxicroak, M|
|teampreview
|inactive|Battle timer is ON: inactive players will automatically lose when time's up. (requested by naxduck)
|
|t:|1759049544
|teamsize|p1|6
|teamsize|p2|6
|start
|switch|p1a: Indeedee|Indeedee, M|100/100
|switch|p2a: Pelipper|Pelipper, M|100/100
|-fieldstart|move: Psychic Terrain|[from] ability: Psychic Surge|[of] p1a: Indeedee
|-weather|RainDance|[from] ability: Drizzle|[of] p2a: Pelipper
|turn|1
|
|t:|1759049549
|switch|p2a: Hatterene|Hatterene, F|100/100
|move|p1a: Indeedee|Expanding Force|p2a: Hatterene
|-resisted|p2a: Hatterene
|-damage|p2a: Hatterene|65/100
|-enditem|p2a: Hatterene|Eject Button
|
|t:|1759049552
|switch|p2a: Barraskewda|Barraskewda, F|100/100
|
|-weather|RainDance|[upkeep]
|upkeep
|turn|2
|
|t:|1759049559
|switch|p1a: Ogerpon|Ogerpon-Wellspring, F|100/100
|-terastallize|p2a: Barraskewda|Water
|move|p2a: Barraskewda|Flip Turn|p1a: Ogerpon
|-immune|p1a: Ogerpon|[from] ability: Water Absorb
|
|-weather|RainDance|[upkeep]
|upkeep
|turn|3
|
|t:|1759049567
|switch|p2a: Toxicroak|Toxicroak, M|100/100
|move|p1a: Ogerpon|Wood Hammer|p2a: Toxicroak
|-resisted|p2a: Toxicroak
|-damage|p2a: Toxicroak|70/100
|-damage|p1a: Ogerpon|84/100|[from] item: Rocky Helmet|[of] p2a: Toxicroak
|-damage|p1a: Ogerpon|72/100|[from] Recoil
|
|-weather|RainDance|[upkeep]
|-heal|p2a: Toxicroak|83/100|[from] ability: Dry Skin
|upkeep
|turn|4
|
|t:|1759049574
|switch|p1a: Gliscor|Gliscor, M|100/100
|move|p2a: Toxicroak|Knock Off|p1a: Gliscor
|-damage|p1a: Gliscor|81/100
|-enditem|p1a: Gliscor|Toxic Orb|[from] move: Knock Off|[of] p2a: Toxicroak
|
|-weather|RainDance|[upkeep]
|-heal|p2a: Toxicroak|95/100|[from] ability: Dry Skin
|upkeep
|turn|5
|
|t:|1759049583
|switch|p2a: Pelipper|Pelipper, M|100/100
|move|p1a: Gliscor|Stealth Rock|p2a: Pelipper
|-sidestart|p2: naxduck|move: Stealth Rock
|
|-weather|RainDance|[upkeep]
|upkeep
|turn|6
|
|t:|1759049587
|move|p1a: Gliscor|Protect|p1a: Gliscor
|-singleturn|p1a: Gliscor|Protect
|move|p2a: Pelipper|U-turn|p1a: Gliscor
|-activate|p1a: Gliscor|move: Protect
|
|-weather|RainDance|[upkeep]
|upkeep
|turn|7
|
|t:|1759049590
|move|p1a: Gliscor|U-turn|p2a: Pelipper
|-resisted|p2a: Pelipper
|-damage|p2a: Pelipper|94/100
|
|t:|1759049594
|switch|p1a: Iron Treads|Iron Treads|100/100|[from] U-turn
|-enditem|p1a: Iron Treads|Booster Energy
|-activate|p1a: Iron Treads|ability: Quark Drive|[fromitem]
|-start|p1a: Iron Treads|quarkdrivespe
|move|p2a: Pelipper|Hurricane|p1a: Iron Treads
|-resisted|p1a: Iron Treads
|-damage|p1a: Iron Treads|73/100
|
|-weather|RainDance|[upkeep]
|upkeep
|turn|8
|
|t:|1759049604
|switch|p2a: Iron Treads|Iron Treads|100/100
|-damage|p2a: Iron Treads|97/100|[from] Stealth Rock
|move|p1a: Iron Treads|Stone Edge|p2a: Iron Treads
|-resisted|p2a: Iron Treads
|-damage|p2a: Iron Treads|91/100
|
|-weather|none
|-heal|p2a: Iron Treads|97/100|[from] item: Leftovers
|-fieldend|move: Psychic Terrain
|upkeep
|turn|9
|
|t:|1759049613
|move|p1a: Iron Treads|Earthquake|p2a: Iron Treads
|-supereffective|p2a: Iron Treads
|-damage|p2a: Iron Treads|25/100
|move|p2a: Iron Treads|Rapid Spin|p1a: Iron Treads
|-resisted|p1a: Iron Treads
|-damage|p1a: Iron Treads|67/100
|-boost|p2a: Iron Treads|spe|1
|-sideend|p2: naxduck|Stealth Rock|[from] move: Rapid Spin|[of] p2a: Iron Treads
|
|-heal|p2a: Iron Treads|31/100|[from] item: Leftovers
|upkeep
|turn|10
|
|t:|1759049621
|move|p1a: Iron Treads|Earthquake|p2a: Iron Treads
|-supereffective|p2a: Iron Treads
|-damage|p2a: Iron Treads|0 fnt
|faint|p2a: Iron Treads
|-end|p2a: Iron Treads|Quark Drive|[silent]
|
|upkeep
|
|t:|1759049624
|switch|p2a: Barraskewda|Barraskewda, F, tera:Water|100/100
|turn|11
|
|t:|1759049628
|move|p2a: Barraskewda|Aqua Jet|p1a: Iron Treads
|-supereffective|p1a: Iron Treads
|-damage|p1a: Iron Treads|0 fnt
|faint|p1a: Iron Treads
|-end|p1a: Iron Treads|Quark Drive|[silent]
|
|upkeep
|
|t:|1759049633
|switch|p1a: Indeedee|Indeedee, M|100/100
|-fieldstart|move: Psychic Terrain|[from] ability: Psychic Surge|[of] p1a: Indeedee
|turn|12
|
|t:|1759049640
|switch|p2a: Hatterene|Hatterene, F|65/100
|move|p1a: Indeedee|Expanding Force|p2a: Hatterene
|-resisted|p2a: Hatterene
|-damage|p2a: Hatterene|28/100
|
|upkeep
|turn|13
|
|t:|1759049646
|move|p1a: Indeedee|Expanding Force|p2a: Hatterene
|-resisted|p2a: Hatterene
|-damage|p2a: Hatterene|0 fnt
|faint|p2a: Hatterene
|
|upkeep
|
|t:|1759049650
|switch|p2a: Pelipper|Pelipper, M|94/100
|-weather|RainDance|[from] ability: Drizzle|[of] p2a: Pelipper
|turn|14
|
|t:|1759049653
|move|p1a: Indeedee|Expanding Force|p2a: Pelipper
|-damage|p2a: Pelipper|0 fnt
|faint|p2a: Pelipper
|
|-weather|RainDance|[upkeep]
|upkeep
|
|t:|1759049655
|switch|p2a: Barraskewda|Barraskewda, F, tera:Water|100/100
|turn|15
|
|t:|1759049681
|move|p2a: Barraskewda|Close Combat|p1a: Indeedee
|-damage|p1a: Indeedee|0 fnt
|-unboost|p2a: Barraskewda|def|1
|-unboost|p2a: Barraskewda|spd|1
|faint|p1a: Indeedee
|
|-weather|RainDance|[upkeep]
|upkeep
|
|t:|1759049686
|switch|p1a: Blaziken|Blaziken, F|100/100
|turn|16
|
|t:|1759049693
|switch|p2a: Talonflame|Talonflame, M|100/100
|move|p1a: Blaziken|Earthquake|p2a: Talonflame
|-immune|p2a: Talonflame
|
|-weather|RainDance|[upkeep]
|-ability|p1a: Blaziken|Speed Boost|boost
|-boost|p1a: Blaziken|spe|1
|upkeep
|turn|17
|
|t:|1759049708
|switch|p1a: Gliscor|Gliscor, M|81/100
|switch|p2a: Toxicroak|Toxicroak, M|95/100
|
|-weather|RainDance|[upkeep]
|-heal|p2a: Toxicroak|100/100|[from] ability: Dry Skin
|upkeep
|turn|18
|
|t:|1759049715
|switch|p2a: Barraskewda|Barraskewda, F, tera:Water|100/100
|move|p1a: Gliscor|Stealth Rock|p2a: Barraskewda
|-sidestart|p2: naxduck|move: Stealth Rock
|
|-weather|RainDance|[upkeep]
|upkeep
|turn|19
|
|t:|1759049721
|move|p1a: Gliscor|Protect|p1a: Gliscor
|-singleturn|p1a: Gliscor|Protect
|move|p2a: Barraskewda|Flip Turn|p1a: Gliscor
|-activate|p1a: Gliscor|move: Protect
|
|-weather|RainDance|[upkeep]
|-fieldend|move: Psychic Terrain
|upkeep
|turn|20
|
|t:|1759049729
|switch|p2a: Toxicroak|Toxicroak, M|100/100
|-damage|p2a: Toxicroak|94/100|[from] Stealth Rock
|switch|p1a: Ogerpon|Ogerpon-Wellspring, F|72/100
|
|-weather|RainDance|[upkeep]
|-heal|p2a: Toxicroak|100/100|[from] ability: Dry Skin
|upkeep
|turn|21
|
|t:|1759049734
|switch|p1a: Gliscor|Gliscor, M|81/100
|switch|p2a: Talonflame|Talonflame, M|100/100
|-damage|p2a: Talonflame|51/100|[from] Stealth Rock
|
|-weather|none
|upkeep
|turn|22
|
|t:|1759049741
|move|p2a: Talonflame|Air Slash|p1a: Gliscor
|-damage|p1a: Gliscor|20/100
|cant|p1a: Gliscor|flinch
|
|upkeep
|turn|23
|
|t:|1759049746
|move|p2a: Talonflame|Air Slash|p1a: Gliscor|[miss]
|-miss|p2a: Talonflame|p1a: Gliscor
|move|p1a: Gliscor|U-turn|p2a: Talonflame
|-resisted|p2a: Talonflame
|-damage|p2a: Talonflame|44/100
|
|t:|1759049756
|switch|p1a: Gallade|Gallade, M|100/100|[from] U-turn
|
|upkeep
|turn|24
|
|t:|1759049764
|-terastallize|p1a: Gallade|Psychic
|move|p1a: Gallade|Psycho Cut|p2a: Talonflame
|-crit|p2a: Talonflame
|-damage|p2a: Talonflame|0 fnt
|faint|p2a: Talonflame
|
|upkeep
|
|t:|1759049768
|switch|p2a: Barraskewda|Barraskewda, F, tera:Water|100/100
|-damage|p2a: Barraskewda|88/100|[from] Stealth Rock
|turn|25
|
|t:|1759049776
|move|p2a: Barraskewda|Aqua Jet|p1a: Gallade
|-damage|p1a: Gallade|23/100
|move|p1a: Gallade|Psycho Cut|p2a: Barraskewda
|-damage|p2a: Barraskewda|0 fnt
|faint|p2a: Barraskewda
|
|upkeep
|
|t:|1759049782
|switch|p2a: Toxicroak|Toxicroak, M|100/100
|-damage|p2a: Toxicroak|94/100|[from] Stealth Rock
|turn|26
|
|t:|1759049785
|move|p1a: Gallade|Psycho Cut|p2a: Toxicroak
|-supereffective|p2a: Toxicroak
|-damage|p2a: Toxicroak|0 fnt
|faint|p2a: Toxicroak
|
|win|chufaworld
|raw|chufaworld's rating: 1340 &rarr; <strong>1364</strong><br />(+24 for winning)
|raw|naxduck's rating: 1418 &rarr; <strong>1394</strong><br />(-24 for losing)
