|j|☆gingerbreadmen69
|j|☆YumeKasumi76
|t:|1758952425
|gametype|singles
|player|p1|gingerbreadmen69|hooligans|1283
|player|p2|YumeKasumi76|170|1366
|gen|9
|tier|[Gen 9] OU
|rated|
|rule|HP Percentage Mod: HP is shown in percentages
|rule|Endless Battle Clause: Forcing endless battles is banned
|rule|Species Clause: Limit one of each Pokémon
|rule|OHKO Clause: OHKO moves are banned
|rule|Evasion Items Clause: Evasion items are banned
|rule|Evasion Moves Clause: Evasion moves are banned
|rule|Evasion Abilities Clause: Evasion abilities are banned
|rule|Sleep Moves Clause: Sleep-inducing moves are banned
|clearpoke
|poke|p1|Ogerpon-Cornerstone, F|
|poke|p1|Scizor, M|
|poke|p1|Primarina, F|
|poke|p1|Moltres|
|poke|p1|Raging Bolt|
|poke|p1|Great Tusk|
|poke|p2|Cobalion|
|poke|p2|Weezing-Galar, M|
|poke|p2|Lokix, F|
|poke|p2|Arboliva, M|
|poke|p2|Ceruledge, F|
|poke|p2|Latios, M|
|teampreview
|
|t:|1758952431
|teamsize|p1|6
|teamsize|p2|6
|start
|switch|p1a: uu|Scizor, M|100/100
|switch|p2a: Ironhyde|Cobalion|100/100
|turn|1
|inactive|Battle timer is ON: inactive players will automatically lose when time's up. (requested by YumeKasumi76)
|
|t:|1758952436
|move|p2a: Ironhyde|Stealth Rock|p1a: uu
|-sidestart|p1: gingerbreadmen69|move: Stealth Rock
|move|p1a: uu|Close Combat|p2a: Ironhyde
|-supereffective|p2a: Ironhyde
|-damage|p2a: Ironhyde|26/100
|-unboost|p1a: uu|def|1
|-unboost|p1a: uu|spd|1
|-damage|p1a: uu|84/100|[from] item: Rocky Helmet|[of] p2a: Ironhyde
|-damage|p1a: uu|74/100|[from] item: Life Orb
|
|upkeep
|turn|2
|
|t:|1758952441
|switch|p1a: spcy chkn sammy|Moltres, shiny|100/100
|move|p2a: Ironhyde|Volt Switch|p1a: spcy chkn sammy
|-supereffective|p1a: spcy chkn sammy
|-damage|p1a: spcy chkn sammy|70/100
|
|t:|1758952447
|switch|p2a: Iverson|Latios, M|100/100|[from] Volt Switch
|
|upkeep
|turn|3
|
|t:|1758952450
|switch|p1a: wet|Primarina, F, shiny|100/100
|-damage|p1a: wet|88/100|[from] Stealth Rock
|move|p2a: Iverson|Luster Purge|p1a: wet
|-damage|p1a: wet|51/100
|
|upkeep
|turn|4
|
|t:|1758952456
|move|p2a: Iverson|Luster Purge|p1a: wet
|-damage|p1a: wet|17/100
|move|p1a: wet|Moonblast|p2a: Iverson
|-supereffective|p2a: Iverson
|-damage|p2a: Iverson|0 fnt
|faint|p2a: Iverson
|
|upkeep
|
|t:|1758952461
|switch|p2a: Satsuki|Lokix, F, shiny|100/100
|turn|5
|
|t:|1758952464
|switch|p1a: spcy chkn sammy|Moltres, shiny|70/100
|move|p2a: Satsuki|Knock Off|p1a: spcy chkn sammy
|-damage|p1a: spcy chkn sammy|23/100
|-enditem|p1a: spcy chkn sammy|Heavy-Duty Boots|[from] move: Knock Off|[of] p2a: Satsuki
|
|upkeep
|turn|6
|
|t:|1758952469
|switch|p2a: Ironhyde|Cobalion|26/100
|move|p1a: spcy chkn sammy|Roost|p1a: spcy chkn sammy
|-heal|p1a: spcy chkn sammy|73/100
|-singleturn|p1a: spcy chkn sammy|move: Roost
|
|upkeep
|turn|7
|
|t:|1758952471
|move|p2a: Ironhyde|Volt Switch|p1a: spcy chkn sammy
|-supereffective|p1a: spcy chkn sammy
|-damage|p1a: spcy chkn sammy|43/100
|
|t:|1758952474
|switch|p2a: Jalter|Ceruledge, F|100/100|[from] Volt Switch
|move|p1a: spcy chkn sammy|Flamethrower|p2a: Jalter
|-start|p2a: Jalter|ability: Flash Fire
|
|upkeep
|turn|8
|
|t:|1758952479
|move|p2a: Jalter|Bulk Up|p2a: Jalter
|-boost|p2a: Jalter|atk|1
|-boost|p2a: Jalter|def|1
|move|p1a: spcy chkn sammy|Roost|p1a: spcy chkn sammy
|-heal|p1a: spcy chkn sammy|93/100
|-singleturn|p1a: spcy chkn sammy|move: Roost
|
|upkeep
|turn|9
|
|t:|1758952484
|move|p2a: Jalter|Bulk Up|p2a: Jalter
|-boost|p2a: Jalter|atk|1
|-boost|p2a: Jalter|def|1
|move|p1a: spcy chkn sammy|Roar|p2a: Jalter
|-end|p2a: Jalter|ability: Flash Fire|[silent]
|drag|p2a: M'affald|Weezing-Galar, M|100/100
|-ability|p2a: M'affald|Neutralizing Gas
|
|upkeep
|turn|10
|
|t:|1758952487
|move|p1a: spcy chkn sammy|Flamethrower|p2a: M'affald
|-damage|p2a: M'affald|46/100
|move|p2a: M'affald|Sludge Bomb|p1a: spcy chkn sammy
|-damage|p1a: spcy chkn sammy|67/100
|
|upkeep
|turn|11
|
|t:|1758952491
|move|p1a: spcy chkn sammy|Roost|p1a: spcy chkn sammy
|-heal|p1a: spcy chkn sammy|100/100
|-singleturn|p1a: spcy chkn sammy|move: Roost
|move|p2a: M'affald|Sludge Bomb|p1a: spcy chkn sammy
|-damage|p1a: spcy chkn sammy|71/100
|
|upkeep
|turn|12
|
|t:|1758952498
|-end|p2a: M'affald|ability: Neutralizing Gas
|switch|p2a: Jalter|Ceruledge, F|100/100
|move|p1a: spcy chkn sammy|Flamethrower|p2a: Jalter
|-start|p2a: Jalter|ability: Flash Fire
|
|upkeep
|turn|13
|
|t:|1758952501
|move|p2a: Jalter|Bitter Blade|p1a: spcy chkn sammy
|-resisted|p1a: spcy chkn sammy
|-damage|p1a: spcy chkn sammy|52/100
|move|p1a: spcy chkn sammy|Roar|p2a: Jalter
|-end|p2a: Jalter|ability: Flash Fire|[silent]
|drag|p2a: Ironhyde|Cobalion|26/100
|
|upkeep
|turn|14
|
|t:|1758952505
|move|p2a: Ironhyde|Steel Beam|p1a: spcy chkn sammy|[miss]
|-miss|p2a: Ironhyde|p1a: spcy chkn sammy
|-damage|p2a: Ironhyde|0 fnt|[from] steelbeam
|faint|p2a: Ironhyde
|move|p1a: spcy chkn sammy|Roost|p1a: spcy chkn sammy
|-heal|p1a: spcy chkn sammy|100/100
|-singleturn|p1a: spcy chkn sammy|move: Roost
|
|upkeep
|
|t:|1758952508
|switch|p2a: Jalter|Ceruledge, F|100/100
|turn|15
|
|t:|1758952511
|move|p2a: Jalter|Bitter Blade|p1a: spcy chkn sammy
|-resisted|p1a: spcy chkn sammy
|-damage|p1a: spcy chkn sammy|86/100
|move|p1a: spcy chkn sammy|Roar|p2a: Jalter
|drag|p2a: M'affald|Weezing-Galar, M|46/100
|-ability|p2a: M'affald|Neutralizing Gas
|
|upkeep
|turn|16
|
|t:|1758952515
|move|p1a: spcy chkn sammy|Flamethrower|p2a: M'affald
|-damage|p2a: M'affald|0 fnt
|faint|p2a: M'affald
|-end|p2a: M'affald|ability: Neutralizing Gas
|
|upkeep
|
|t:|1758952521
|switch|p2a: Pantheon|Arboliva, M|100/100
|turn|17
|
|t:|1758952524
|move|p1a: spcy chkn sammy|Flamethrower|p2a: Pantheon
|-supereffective|p2a: Pantheon
|-damage|p2a: Pantheon|60/100
|-fieldstart|move: Grassy Terrain|[from] ability: Seed Sower|[of] p2a: Pantheon
|move|p2a: Pantheon|Mirror Coat|p1a: spcy chkn sammy
|-damage|p1a: spcy chkn sammy|11/100
|
|-heal|p2a: Pantheon|67/100|[from] Grassy Terrain
|upkeep
|turn|18
|
|t:|1758952527
|move|p1a: spcy chkn sammy|Roost|p1a: spcy chkn sammy
|-heal|p1a: spcy chkn sammy|61/100
|-singleturn|p1a: spcy chkn sammy|move: Roost
|move|p2a: Pantheon|Earth Power|p1a: spcy chkn sammy
|-supereffective|p1a: spcy chkn sammy
|-damage|p1a: spcy chkn sammy|0 fnt
|faint|p1a: spcy chkn sammy
|
|-heal|p2a: Pantheon|73/100|[from] Grassy Terrain
|upkeep
|
|t:|1758952537
|switch|p1a: oou|Great Tusk, shiny|100/100
|-damage|p1a: oou|98/100|[from] Stealth Rock
|-enditem|p1a: oou|Booster Energy
|-activate|p1a: oou|ability: Protosynthesis|[fromitem]
|-start|p1a: oou|protosynthesisatk
|turn|19
|
|t:|1758952540
|-terastallize|p1a: oou|Ice
|move|p1a: oou|Rapid Spin|p2a: Pantheon
|-damage|p2a: Pantheon|50/100
|-boost|p1a: oou|spe|1
|-sideend|p1: gingerbreadmen69|Stealth Rock|[from] move: Rapid Spin|[of] p1a: oou
|move|p2a: Pantheon|Giga Drain|p1a: oou
|-crit|p1a: oou
|-damage|p1a: oou|0 fnt
|-heal|p2a: Pantheon|99/100|[from] drain|[of] p1a: oou
|faint|p1a: oou
|-end|p1a: oou|Protosynthesis|[silent]
|
|-heal|p2a: Pantheon|100/100|[from] Grassy Terrain
|upkeep
|
|t:|1758952546
|switch|p1a: uu|Scizor, M|74/100
|turn|20
|
|t:|1758952554
|switch|p2a: Jalter|Ceruledge, F|100/100
|move|p1a: uu|Swords Dance|p1a: uu
|-boost|p1a: uu|atk|2
|
|-heal|p1a: uu|80/100|[from] Grassy Terrain
|upkeep
|turn|21
|
|t:|1758952559
|move|p2a: Jalter|Bitter Blade|p1a: uu
|-supereffective|p1a: uu
|-damage|p1a: uu|0 fnt
|faint|p1a: uu
|
|-fieldend|move: Grassy Terrain
|upkeep
|
|t:|1758952565
|switch|p1a: ou|Raging Bolt|100/100
|turn|22
|
|t:|1758952568
|move|p1a: ou|Thunderbolt|p2a: Jalter
|-damage|p2a: Jalter|57/100
|move|p2a: Jalter|Poltergeist|p1a: ou|[miss]
|-miss|p2a: Jalter|p1a: ou
|
|-heal|p2a: Jalter|63/100|[from] item: Leftovers
|upkeep
|turn|23
|
|t:|1758952578
|switch|p2a: Pantheon|Arboliva, M|100/100
|move|p1a: ou|Draco Meteor|p2a: Pantheon
|-damage|p2a: Pantheon|56/100
|-unboost|p1a: ou|spa|2
|-fieldstart|move: Grassy Terrain|[from] ability: Seed Sower|[of] p2a: Pantheon
|
|-heal|p2a: Pantheon|62/100|[from] Grassy Terrain
|upkeep
|turn|24
|
|t:|1758952582
|-end|p1a: ou|Protosynthesis|[silent]
|switch|p1a: wet|Primarina, F, shiny|17/100
|move|p2a: Pantheon|Mirror Coat||[still]
|-fail|p2a: Pantheon
|
|-heal|p1a: wet|23/100|[from] Grassy Terrain
|-heal|p2a: Pantheon|69/100|[from] Grassy Terrain
|upkeep
|turn|25
|
|t:|1758952588
|move|p1a: wet|Psychic Noise|p2a: Pantheon
|-damage|p2a: Pantheon|54/100
|-start|p2a: Pantheon|move: Heal Block
|cant|p2a: Pantheon|move: Heal Block|Giga Drain
|
|-heal|p1a: wet|29/100|[from] Grassy Terrain
|upkeep
|turn|26
|
|t:|1758952598
|move|p1a: wet|Moonblast|p2a: Pantheon
|-damage|p2a: Pantheon|25/100
|move|p2a: Pantheon|Tera Blast|p1a: wet
|-damage|p1a: wet|4/100
|
|-heal|p1a: wet|10/100|[from] Grassy Terrain
|-end|p2a: Pantheon|move: Heal Block
|upkeep
|turn|27
|
|t:|1758952604
|switch|p2a: Jalter|Ceruledge, F|63/100
|move|p1a: wet|Psychic Noise|p2a: Jalter
|-damage|p2a: Jalter|43/100
|-start|p2a: Jalter|move: Heal Block
|
|-heal|p1a: wet|16/100|[from] Grassy Terrain
|-fieldend|move: Grassy Terrain
|upkeep
|turn|28
|
|t:|1758952609
|move|p2a: Jalter|Poltergeist|p1a: wet
|-activate|p1a: wet|move: Poltergeist|Assault Vest
|-damage|p1a: wet|0 fnt
|faint|p1a: wet
|
|-end|p2a: Jalter|move: Heal Block
|upkeep
|
|t:|1758952614
|switch|p1a: hit it with a rock|Ogerpon-Cornerstone, F|100/100
|turn|29
|
|t:|1758952616
|move|p1a: hit it with a rock|Ivy Cudgel|p2a: Jalter|[anim] Ivy Cudgel Rock
|-supereffective|p2a: Jalter
|-damage|p2a: Jalter|0 fnt
|faint|p2a: Jalter
|
|upkeep
|
|t:|1758952618
|switch|p2a: Satsuki|Lokix, F, shiny|100/100
|turn|30
|
|t:|1758952624
|switch|p1a: ou|Raging Bolt|100/100
|-terastallize|p2a: Satsuki|Bug
|move|p2a: Satsuki|Leech Life|p1a: ou
|-damage|p1a: ou|27/100
|
|-heal|p1a: ou|33/100|[from] item: Leftovers
|upkeep
|turn|31
|
|t:|1758952628
|move|p1a: ou|Thunderclap|p2a: Satsuki
|-damage|p2a: Satsuki|23/100
|move|p2a: Satsuki|Leech Life|p1a: ou
|-damage|p1a: ou|0 fnt
|-heal|p2a: Satsuki|46/100|[from] drain|[of] p1a: ou
|faint|p1a: ou
|-end|p1a: ou|Protosynthesis|[silent]
|
|upkeep
|
|t:|1758952636
|switch|p1a: hit it with a rock|Ogerpon-Cornerstone, F|100/100
|turn|32
|-message|YumeKasumi76 forfeited.
|
|win|gingerbreadmen69
|raw|gingerbreadmen69's rating: 1283 &rarr; <strong>1314</strong><br />(+31 for winning)
|raw|YumeKasumi76's rating: 1366 &rarr; <strong>1341</strong><br />(-25 for losing)
|l|☆YumeKasumi76
|player|p2|
|l|☆gingerbreadmen69
|player|p1|
