|j|☆rockdrigox666
|j|☆plus2mult
|t:|1759073161
|gametype|singles
|player|p1|rockdrigox666|169|1272
|player|p2|plus2mult|hilbert|1320
|gen|9
|tier|[Gen 9] OU
|rated|
|rule|HP Percentage Mod: HP is shown in percentages
|rule|Endless Battle Clause: Forcing endless battles is banned
|rule|Species Clause: Limit one of each Pokémon
|rule|OHKO Clause: OHKO moves are banned
|rule|Evasion Items Clause: Evasion items are banned
|rule|Evasion Moves Clause: Evasion moves are banned
|rule|Evasion Abilities Clause: Evasion abilities are banned
|rule|Sleep Moves Clause: Sleep-inducing moves are banned
|clearpoke
|poke|p1|Weavile, M|
|poke|p1|Garchomp, M|
|poke|p1|Tyranitar, F|
|poke|p1|Raging Bolt|
|poke|p1|Orthworm, M|
|poke|p1|Weezing-Galar, F|
|poke|p2|Landorus-Therian, M|
|poke|p2|Primarina, F|
|poke|p2|Gholdengo|
|poke|p2|Meowscarada, M|
|poke|p2|Dragonite, M|
|poke|p2|Zamazenta-*|
|teampreview
|inactive|Battle timer is ON: inactive players will automatically lose when time's up. (requested by rockdrigox666)
|
|t:|1759073166
|teamsize|p1|6
|teamsize|p2|6
|start
|switch|p1a: Weezing|Weezing-Galar, F|100/100
|switch|p2a: Meowscarada|Meowscarada, M, shiny|100/100
|-ability|p1a: Weezing|Neutralizing Gas
|turn|1
|
|t:|1759073172
|move|p2a: Meowscarada|U-turn|p1a: Weezing
|-resisted|p1a: Weezing
|-damage|p1a: Weezing|95/100
|
|t:|1759073177
|switch|p2a: Gholdengo|Gholdengo|100/100|[from] U-turn
|move|p1a: Weezing|Will-O-Wisp|p2a: Gholdengo|[miss]
|-miss|p1a: Weezing|p2a: Gholdengo
|
|-heal|p1a: Weezing|100/100|[from] item: Leftovers
|upkeep
|turn|2
|
|t:|1759073190
|-end|p1a: Weezing|ability: Neutralizing Gas
|switch|p1a: Tyranitar|Tyranitar, F|100/100
|-weather|Sandstorm|[from] ability: Sand Stream|[of] p1a: Tyranitar
|move|p2a: Gholdengo|Make It Rain|p1a: Tyranitar
|-supereffective|p1a: Tyranitar
|-damage|p1a: Tyranitar|53/100
|-unboost|p2a: Gholdengo|spa|1
|
|-weather|Sandstorm|[upkeep]
|upkeep
|turn|3
|
|t:|1759073201
|switch|p2a: Landorus|Landorus-Therian, M|100/100
|-ability|p2a: Landorus|Intimidate|boost
|-unboost|p1a: Tyranitar|atk|1
|move|p1a: Tyranitar|Ice Beam|p2a: Landorus
|-supereffective|p2a: Landorus
|-damage|p2a: Landorus|15/100
|
|-weather|Sandstorm|[upkeep]
|-heal|p2a: Landorus|21/100|[from] item: Leftovers
|upkeep
|turn|4
|
|t:|1759073210
|switch|p1a: Orthworm|Orthworm, M|100/100
|move|p2a: Landorus|Earthquake|p1a: Orthworm
|-immune|p1a: Orthworm|[from] ability: Earth Eater
|
|-weather|Sandstorm|[upkeep]
|-heal|p2a: Landorus|27/100|[from] item: Leftovers
|upkeep
|turn|5
|
|t:|1759073219
|move|p2a: Landorus|Taunt|p1a: Orthworm
|-start|p1a: Orthworm|move: Taunt
|move|p1a: Orthworm|Body Press|p2a: Landorus
|-resisted|p2a: Landorus
|-damage|p2a: Landorus|11/100
|
|-weather|Sandstorm|[upkeep]
|-heal|p2a: Landorus|17/100|[from] item: Leftovers
|upkeep
|turn|6
|
|t:|1759073226
|move|p2a: Landorus|Stealth Rock|p1a: Orthworm
|-sidestart|p1: rockdrigox666|move: Stealth Rock
|move|p1a: Orthworm|Body Press|p2a: Landorus
|-resisted|p2a: Landorus
|-damage|p2a: Landorus|3/100
|
|-weather|none
|-heal|p2a: Landorus|9/100|[from] item: Leftovers
|upkeep
|turn|7
|
|t:|1759073235
|move|p2a: Landorus|U-turn|p1a: Orthworm
|-resisted|p1a: Orthworm
|-damage|p1a: Orthworm|93/100
|
|t:|1759073236
|switch|p2a: Gholdengo|Gholdengo|100/100|[from] U-turn
|move|p1a: Orthworm|Heavy Slam|p2a: Gholdengo
|-resisted|p2a: Gholdengo
|-damage|p2a: Gholdengo|79/100
|
|-heal|p1a: Orthworm|99/100|[from] item: Leftovers
|-end|p1a: Orthworm|move: Taunt
|upkeep
|turn|8
|
|t:|1759073248
|switch|p1a: Tyranitar|Tyranitar, F|53/100
|-damage|p1a: Tyranitar|40/100|[from] Stealth Rock
|-weather|Sandstorm|[from] ability: Sand Stream|[of] p1a: Tyranitar
|move|p2a: Gholdengo|Focus Blast|p1a: Tyranitar
|-supereffective|p1a: Tyranitar
|-damage|p1a: Tyranitar|0 fnt
|faint|p1a: Tyranitar
|
|-weather|Sandstorm|[upkeep]
|upkeep
|
|t:|1759073252
|switch|p1a: Weezing|Weezing-Galar, F|100/100
|-ability|p1a: Weezing|Neutralizing Gas
|-damage|p1a: Weezing|88/100|[from] Stealth Rock
|turn|9
|
|t:|1759073258
|switch|p2a: Landorus|Landorus-Therian, M|9/100
|move|p1a: Weezing|Toxic Spikes|p2a: Landorus
|-sidestart|p2: plus2mult|move: Toxic Spikes
|
|-weather|Sandstorm|[upkeep]
|-damage|p1a: Weezing|82/100|[from] Sandstorm
|-heal|p2a: Landorus|15/100|[from] item: Leftovers
|-heal|p1a: Weezing|88/100|[from] item: Leftovers
|upkeep
|turn|10
|
|t:|1759073263
|move|p2a: Landorus|Earthquake|p1a: Weezing
|-supereffective|p1a: Weezing
|-damage|p1a: Weezing|18/100
|move|p1a: Weezing|Will-O-Wisp|p2a: Landorus
|-status|p2a: Landorus|brn
|
|-weather|Sandstorm|[upkeep]
|-damage|p1a: Weezing|12/100|[from] Sandstorm
|-heal|p2a: Landorus|21/100 brn|[from] item: Leftovers
|-heal|p1a: Weezing|18/100|[from] item: Leftovers
|-damage|p2a: Landorus|15/100 brn|[from] brn
|upkeep
|turn|11
|
|t:|1759073268
|move|p2a: Landorus|Earthquake|p1a: Weezing
|-supereffective|p1a: Weezing
|-damage|p1a: Weezing|0 fnt
|faint|p1a: Weezing
|-end|p1a: Weezing|ability: Neutralizing Gas
|
|-weather|Sandstorm|[upkeep]
|-heal|p2a: Landorus|21/100 brn|[from] item: Leftovers
|-damage|p2a: Landorus|15/100 brn|[from] brn
|upkeep
|
|t:|1759073273
|switch|p1a: Garchomp|Garchomp, M|100/100
|-damage|p1a: Garchomp|94/100|[from] Stealth Rock
|turn|12
|
|t:|1759073278
|move|p2a: Landorus|Earthquake|p1a: Garchomp
|-damage|p1a: Garchomp|80/100
|move|p1a: Garchomp|Stealth Rock|p2a: Landorus
|-sidestart|p2: plus2mult|move: Stealth Rock
|
|-weather|none
|-heal|p2a: Landorus|21/100 brn|[from] item: Leftovers
|-damage|p2a: Landorus|15/100 brn|[from] brn
|upkeep
|turn|13
|
|t:|1759073284
|move|p2a: Landorus|Earthquake|p1a: Garchomp
|-damage|p1a: Garchomp|63/100
|move|p1a: Garchomp|Dragon Tail|p2a: Landorus
|-damage|p2a: Landorus|0 fnt
|faint|p2a: Landorus
|
|upkeep
|
|t:|1759073308
|switch|p2a: Meowscarada|Meowscarada, M, shiny|100/100
|-status|p2a: Meowscarada|psn
|-damage|p2a: Meowscarada|88/100 psn|[from] Stealth Rock
|turn|14
|
|t:|1759073311
|move|p2a: Meowscarada|Triple Axel|p1a: Garchomp|[miss]
|-start|p2a: Meowscarada|typechange|Ice|[from] ability: Protean
|-miss|p2a: Meowscarada|p1a: Garchomp
|move|p1a: Garchomp|Flamethrower|p2a: Meowscarada
|-supereffective|p2a: Meowscarada
|-damage|p2a: Meowscarada|33/100 psn
|
|-damage|p2a: Meowscarada|21/100 psn|[from] psn
|upkeep
|turn|15
|
|t:|1759073322
|switch|p1a: Orthworm|Orthworm, M|99/100
|-damage|p1a: Orthworm|93/100|[from] Stealth Rock
|move|p2a: Meowscarada|Triple Axel|p1a: Orthworm
|-resisted|p1a: Orthworm
|-damage|p1a: Orthworm|89/100
|-resisted|p1a: Orthworm
|-damage|p1a: Orthworm|81/100
|-resisted|p1a: Orthworm
|-damage|p1a: Orthworm|69/100
|-hitcount|p1a: Orthworm|3
|
|-heal|p1a: Orthworm|75/100|[from] item: Leftovers
|-damage|p2a: Meowscarada|8/100 psn|[from] psn
|upkeep
|turn|16
|
|t:|1759073329
|move|p2a: Meowscarada|Triple Axel|p1a: Orthworm
|-resisted|p1a: Orthworm
|-damage|p1a: Orthworm|70/100
|-resisted|p1a: Orthworm
|-damage|p1a: Orthworm|62/100
|-resisted|p1a: Orthworm
|-damage|p1a: Orthworm|49/100
|-hitcount|p1a: Orthworm|3
|move|p1a: Orthworm|Iron Defense|p1a: Orthworm
|-boost|p1a: Orthworm|def|2
|
|-heal|p1a: Orthworm|55/100|[from] item: Leftovers
|-damage|p2a: Meowscarada|0 fnt|[from] psn
|faint|p2a: Meowscarada
|upkeep
|
|t:|1759073337
|switch|p2a: Zamazenta|Zamazenta|100/100
|-status|p2a: Zamazenta|psn
|-damage|p2a: Zamazenta|94/100 psn|[from] Stealth Rock
|-ability|p2a: Zamazenta|Dauntless Shield|boost
|-boost|p2a: Zamazenta|def|1
|turn|17
|
|t:|1759073345
|move|p2a: Zamazenta|Iron Defense|p2a: Zamazenta
|-boost|p2a: Zamazenta|def|2
|move|p1a: Orthworm|Body Press|p2a: Zamazenta
|-damage|p2a: Zamazenta|77/100 psn
|
|-heal|p2a: Zamazenta|83/100 psn|[from] item: Leftovers
|-heal|p1a: Orthworm|61/100|[from] item: Leftovers
|-damage|p2a: Zamazenta|71/100 psn|[from] psn
|upkeep
|turn|18
|
|t:|1759073354
|-terastallize|p1a: Orthworm|Electric
|move|p2a: Zamazenta|Substitute|p2a: Zamazenta
|-start|p2a: Zamazenta|Substitute
|-damage|p2a: Zamazenta|46/100 psn
|move|p1a: Orthworm|Iron Defense|p1a: Orthworm
|-boost|p1a: Orthworm|def|2
|
|-heal|p2a: Zamazenta|52/100 psn|[from] item: Leftovers
|-heal|p1a: Orthworm|67/100|[from] item: Leftovers
|-damage|p2a: Zamazenta|39/100 psn|[from] psn
|upkeep
|turn|19
|
|t:|1759073360
|move|p2a: Zamazenta|Body Press|p1a: Orthworm
|-damage|p1a: Orthworm|50/100
|move|p1a: Orthworm|Body Press|p2a: Zamazenta
|-crit|p2a: Zamazenta
|-end|p2a: Zamazenta|Substitute
|
|-heal|p2a: Zamazenta|46/100 psn|[from] item: Leftovers
|-heal|p1a: Orthworm|56/100|[from] item: Leftovers
|-damage|p2a: Zamazenta|33/100 psn|[from] psn
|upkeep
|turn|20
|
|t:|1759073371
|move|p2a: Zamazenta|Body Press|p1a: Orthworm
|-damage|p1a: Orthworm|41/100
|move|p1a: Orthworm|Body Press|p2a: Zamazenta
|-damage|p2a: Zamazenta|9/100 psn
|
|-heal|p2a: Zamazenta|15/100 psn|[from] item: Leftovers
|-heal|p1a: Orthworm|47/100|[from] item: Leftovers
|-damage|p2a: Zamazenta|3/100 psn|[from] psn
|upkeep
|turn|21
|
|t:|1759073378
|move|p2a: Zamazenta|Body Press|p1a: Orthworm
|-crit|p1a: Orthworm
|-damage|p1a: Orthworm|0 fnt
|faint|p1a: Orthworm
|
|-heal|p2a: Zamazenta|9/100 psn|[from] item: Leftovers
|-damage|p2a: Zamazenta|0 fnt|[from] psn
|faint|p2a: Zamazenta
|upkeep
|
|t:|1759073388
|switch|p2a: Gholdengo|Gholdengo|79/100
|switch|p1a: Weavile|Weavile, M|100/100
|-damage|p2a: Gholdengo|73/100|[from] Stealth Rock
|-damage|p1a: Weavile|76/100|[from] Stealth Rock
|turn|22
|
|t:|1759073398
|move|p2a: Gholdengo|Make It Rain|p1a: Weavile
|-supereffective|p1a: Weavile
|-damage|p1a: Weavile|0 fnt
|-unboost|p2a: Gholdengo|spa|1
|faint|p1a: Weavile
|
|upkeep
|
|t:|1759073403
|switch|p1a: Raging Bolt|Raging Bolt|100/100
|-damage|p1a: Raging Bolt|88/100|[from] Stealth Rock
|-enditem|p1a: Raging Bolt|Booster Energy
|-activate|p1a: Raging Bolt|ability: Protosynthesis|[fromitem]
|-start|p1a: Raging Bolt|protosynthesisspa
|turn|23
|
|t:|1759073407
|move|p2a: Gholdengo|Make It Rain|p1a: Raging Bolt
|-resisted|p1a: Raging Bolt
|-damage|p1a: Raging Bolt|70/100
|-unboost|p2a: Gholdengo|spa|1
|move|p1a: Raging Bolt|Calm Mind|p1a: Raging Bolt
|-boost|p1a: Raging Bolt|spa|1
|-boost|p1a: Raging Bolt|spd|1
|
|upkeep
|turn|24
|
|t:|1759073412
|move|p2a: Gholdengo|Make It Rain|p1a: Raging Bolt
|-resisted|p1a: Raging Bolt
|-damage|p1a: Raging Bolt|61/100
|-unboost|p2a: Gholdengo|spa|1
|move|p1a: Raging Bolt|Thunderbolt|p2a: Gholdengo
|-damage|p2a: Gholdengo|0 fnt
|faint|p2a: Gholdengo
|
|upkeep
|
|t:|1759073423
|switch|p2a: Dragonite|Dragonite, M|100/100
|turn|25
|
|t:|1759073426
|move|p1a: Raging Bolt|Thunderclap|p2a: Dragonite
|-damage|p2a: Dragonite|59/100
|move|p2a: Dragonite|Earthquake|p1a: Raging Bolt
|-supereffective|p1a: Raging Bolt
|-damage|p1a: Raging Bolt|0 fnt
|faint|p1a: Raging Bolt
|-end|p1a: Raging Bolt|Protosynthesis|[silent]
|
|upkeep
|
|t:|1759073429
|switch|p1a: Garchomp|Garchomp, M|63/100
|-damage|p1a: Garchomp|57/100|[from] Stealth Rock
|turn|26
|
|t:|1759073439
|move|p2a: Dragonite|Ice Spinner|p1a: Garchomp
|-supereffective|p1a: Garchomp
|-damage|p1a: Garchomp|0 fnt
|-damage|p2a: Dragonite|47/100|[from] ability: Rough Skin|[of] p1a: Garchomp
|-damage|p2a: Dragonite|31/100|[from] item: Rocky Helmet|[of] p1a: Garchomp
|faint|p1a: Garchomp
|
|win|plus2mult
|raw|rockdrigox666's rating: 1272 &rarr; <strong>1250</strong><br />(-22 for losing)
|raw|plus2mult's rating: 1320 &rarr; <strong>1337</strong><br />(+17 for winning)
|l|☆rockdrigox666
|player|p1|
