|j|☆XIBOWEN
|j|☆Kyommunism
|t:|1758975937
|gametype|singles
|player|p1|XIBOWEN|265|1526
|player|p2|Kyommunism|iris-gen5bw2|1528
|gen|9
|tier|[Gen 9] OU
|rated|
|rule|HP Percentage Mod: HP is shown in percentages
|rule|Endless Battle Clause: Forcing endless battles is banned
|rule|Species Clause: Limit one of each Pokémon
|rule|OHKO Clause: OHKO moves are banned
|rule|Evasion Items Clause: Evasion items are banned
|rule|Evasion Moves Clause: Evasion moves are banned
|rule|Evasion Abilities Clause: Evasion abilities are banned
|rule|Sleep Moves Clause: Sleep-inducing moves are banned
|clearpoke
|poke|p1|Dragonite, M|
|poke|p1|Kingambit, M|
|poke|p1|Glimmora, F|
|poke|p1|Primarina, F|
|poke|p1|Great Tusk|
|poke|p1|Kyurem|
|poke|p2|Skeledirge, M|
|poke|p2|Ribombee, M|
|poke|p2|Goodra-Hisui, M|
|poke|p2|Glimmora, F|
|poke|p2|Trevenant, M|
|poke|p2|Hatterene, F|
|teampreview
|inactive|Battle timer is ON: inactive players will automatically lose when time's up. (requested by Kyommunism)
|
|t:|1758975946
|teamsize|p1|6
|teamsize|p2|6
|start
|switch|p1a: Glimmora|Glimmora, F|100/100
|switch|p2a: Goodra|Goodra-Hisui, M, shiny|100/100
|turn|1
|
|t:|1758975952
|move|p1a: Glimmora|Stealth Rock|p2a: Goodra
|-sidestart|p2: Kyommunism|move: Stealth Rock
|move|p2a: Goodra|Earthquake|p1a: Glimmora
|-supereffective|p1a: Glimmora
|-damage|p1a: Glimmora|0 fnt
|-activate|p1a: Glimmora|ability: Toxic Debris
|-sidestart|p2: Kyommunism|move: Toxic Spikes
|faint|p1a: Glimmora
|
|upkeep
|
|t:|1758975959
|switch|p1a: Dragonite|Dragonite, M, shiny|100/100
|turn|2
|
|t:|1758975961
|switch|p2a: Glimmora|Glimmora, F, shiny|100/100
|-damage|p2a: Glimmora|88/100|[from] Stealth Rock
|-sideend|p2: Kyommunism|move: Toxic Spikes|[of] p2a: Glimmora
|move|p1a: Dragonite|Encore||[still]
|-fail|p1a: Dragonite
|
|upkeep
|turn|3
|
|t:|1758975969
|switch|p1a: Kingambit|Kingambit, M|100/100
|-activate|p1a: Kingambit|ability: Supreme Overlord
|-start|p1a: Kingambit|fallen1|[silent]
|move|p2a: Glimmora|Meteor Beam||[still]
|-prepare|p2a: Glimmora|Meteor Beam
|-boost|p2a: Glimmora|spa|1
|-enditem|p2a: Glimmora|Power Herb
|-anim|p2a: Glimmora|Meteor Beam|p1a: Kingambit
|-resisted|p1a: Kingambit
|-crit|p1a: Kingambit
|-damage|p1a: Kingambit|25/100
|
|-heal|p1a: Kingambit|31/100|[from] item: Leftovers
|upkeep
|turn|4
|
|t:|1758975979
|-end|p1a: Kingambit|fallen1|[silent]
|switch|p1a: Kyurem|Kyurem|100/100
|-ability|p1a: Kyurem|Pressure
|move|p2a: Glimmora|Stealth Rock|p1a: Kyurem
|-sidestart|p1: XIBOWEN|move: Stealth Rock
|
|upkeep
|turn|5
|
|t:|1758975982
|move|p1a: Kyurem|Earth Power|p2a: Glimmora
|-supereffective|p2a: Glimmora
|-crit|p2a: Glimmora
|-damage|p2a: Glimmora|0 fnt
|faint|p2a: Glimmora
|
|upkeep
|
|t:|1758975989
|switch|p2a: Ribombee|Ribombee, M, shiny|100/100
|-damage|p2a: Ribombee|75/100|[from] Stealth Rock
|turn|6
|
|t:|1758975995
|switch|p1a: Primarina|Primarina, F|100/100
|-damage|p1a: Primarina|88/100|[from] Stealth Rock
|move|p2a: Ribombee|Quiver Dance|p2a: Ribombee
|-boost|p2a: Ribombee|spa|1
|-boost|p2a: Ribombee|spd|1
|-boost|p2a: Ribombee|spe|1
|
|upkeep
|turn|7
|
|t:|1758975998
|move|p2a: Ribombee|Quiver Dance|p2a: Ribombee
|-boost|p2a: Ribombee|spa|1
|-boost|p2a: Ribombee|spd|1
|-boost|p2a: Ribombee|spe|1
|move|p1a: Primarina|Surf|p2a: Ribombee
|-damage|p2a: Ribombee|45/100
|
|upkeep
|turn|8
|
|t:|1758976001
|move|p2a: Ribombee|Quiver Dance|p2a: Ribombee
|-boost|p2a: Ribombee|spa|1
|-boost|p2a: Ribombee|spd|1
|-boost|p2a: Ribombee|spe|1
|move|p1a: Primarina|Moonblast|p2a: Ribombee
|-damage|p2a: Ribombee|19/100
|
|upkeep
|turn|9
|
|t:|1758976008
|move|p1a: Primarina|Aqua Jet|p2a: Ribombee
|-damage|p2a: Ribombee|8/100
|-enditem|p2a: Ribombee|Kee Berry|[eat]
|-boost|p2a: Ribombee|def|1|[from] item: Kee Berry
|move|p2a: Ribombee|Draining Kiss|p1a: Primarina
|-damage|p1a: Primarina|66/100
|-heal|p2a: Ribombee|26/100|[from] drain|[of] p1a: Primarina
|
|upkeep
|turn|10
|
|t:|1758976016
|move|p2a: Ribombee|Stored Power|p1a: Primarina
|-damage|p1a: Primarina|11/100
|move|p1a: Primarina|Moonblast|p2a: Ribombee
|-damage|p2a: Ribombee|0 fnt
|faint|p2a: Ribombee
|
|upkeep
|
|t:|1758976024
|switch|p2a: MourningWood|Trevenant, M, shiny|100/100
|-damage|p2a: MourningWood|88/100|[from] Stealth Rock
|turn|11
|
|t:|1758976029
|move|p1a: Primarina|Moonblast|p2a: MourningWood
|-damage|p2a: MourningWood|37/100
|-unboost|p2a: MourningWood|spa|1
|move|p2a: MourningWood|Earthquake|p1a: Primarina
|-crit|p1a: Primarina
|-damage|p1a: Primarina|0 fnt
|faint|p1a: Primarina
|
|upkeep
|
|t:|1758976040
|switch|p1a: Dragonite|Dragonite, M, shiny|100/100
|turn|12
|
|t:|1758976043
|move|p2a: MourningWood|Endure|p2a: MourningWood
|-singleturn|p2a: MourningWood|move: Endure
|move|p1a: Dragonite|Encore|p2a: MourningWood
|-start|p2a: MourningWood|Encore
|
|upkeep
|turn|13
|
|t:|1758976046
|switch|p2a: Skeledirge|Skeledirge, M, shiny|100/100
|-damage|p2a: Skeledirge|76/100|[from] Stealth Rock
|move|p1a: Dragonite|Dragon Dance|p1a: Dragonite
|-boost|p1a: Dragonite|atk|1
|-boost|p1a: Dragonite|spe|1
|
|-heal|p2a: Skeledirge|82/100|[from] item: Leftovers
|upkeep
|turn|14
|
|t:|1758976050
|-terastallize|p2a: Skeledirge|Water
|move|p1a: Dragonite|Earthquake|p2a: Skeledirge
|-damage|p2a: Skeledirge|53/100
|move|p2a: Skeledirge|Will-O-Wisp|p1a: Dragonite
|-status|p1a: Dragonite|brn
|
|-heal|p2a: Skeledirge|59/100|[from] item: Leftovers
|-damage|p1a: Dragonite|94/100 brn|[from] brn
|upkeep
|turn|15
|
|t:|1758976056
|switch|p1a: Kyurem|Kyurem|100/100
|-damage|p1a: Kyurem|76/100|[from] Stealth Rock
|-ability|p1a: Kyurem|Pressure
|switch|p2a: Hatterene|Hatterene, F, shiny|100/100
|-damage|p2a: Hatterene|88/100|[from] Stealth Rock
|
|-heal|p2a: Hatterene|94/100|[from] item: Leftovers
|upkeep
|turn|16
|
|t:|1758976062
|switch|p1a: Dragonite|Dragonite, M, shiny|94/100 brn
|move|p2a: Hatterene|Nuzzle|p1a: Dragonite
|-damage|p1a: Dragonite|90/100 brn
|
|-heal|p2a: Hatterene|99/100|[from] item: Leftovers
|-damage|p1a: Dragonite|84/100 brn|[from] brn
|upkeep
|turn|17
|
|t:|1758976067
|switch|p2a: MourningWood|Trevenant, M, shiny|37/100
|-damage|p2a: MourningWood|25/100|[from] Stealth Rock
|move|p1a: Dragonite|Earthquake|p2a: MourningWood
|-resisted|p2a: MourningWood
|-damage|p2a: MourningWood|15/100
|
|-damage|p1a: Dragonite|78/100 brn|[from] brn
|upkeep
|turn|18
|-enditem|p2a: MourningWood|Custap Berry|[eat]
|-activate|p2a: MourningWood|item: Custap Berry|[consumed]
|
|t:|1758976072
|move|p2a: MourningWood|Poltergeist|p1a: Dragonite
|-activate|p1a: Dragonite|move: Poltergeist|Heavy-Duty Boots
|-damage|p1a: Dragonite|15/100 brn
|move|p1a: Dragonite|Earthquake|p2a: MourningWood
|-resisted|p2a: MourningWood
|-damage|p2a: MourningWood|5/100
|
|-damage|p1a: Dragonite|9/100 brn|[from] brn
|upkeep
|turn|19
|
|t:|1758976083
|move|p2a: MourningWood|Endure|p2a: MourningWood
|-singleturn|p2a: MourningWood|move: Endure
|move|p1a: Dragonite|Earthquake|p2a: MourningWood
|-resisted|p2a: MourningWood
|-activate|p2a: MourningWood|move: Endure
|-damage|p2a: MourningWood|1/100
|
|-damage|p1a: Dragonite|3/100 brn|[from] brn
|upkeep
|turn|20
|
|t:|1758976086
|move|p2a: MourningWood|Endure|p2a: MourningWood
|-singleturn|p2a: MourningWood|move: Endure
|move|p1a: Dragonite|Earthquake|p2a: MourningWood
|-resisted|p2a: MourningWood
|-activate|p2a: MourningWood|move: Endure
|-damage|p2a: MourningWood|1/100
|
|-damage|p1a: Dragonite|0 fnt|[from] brn
|faint|p1a: Dragonite
|-item|p2a: MourningWood|Custap Berry|[from] ability: Harvest
|upkeep
|
|t:|1758976099
|switch|p1a: Great Tusk|Great Tusk|100/100
|-damage|p1a: Great Tusk|97/100|[from] Stealth Rock
|turn|21
|-enditem|p2a: MourningWood|Custap Berry|[eat]
|-activate|p2a: MourningWood|item: Custap Berry|[consumed]
|
|t:|1758976102
|move|p2a: MourningWood|Destiny Bond|p2a: MourningWood
|-singlemove|p2a: MourningWood|Destiny Bond
|move|p1a: Great Tusk|Knock Off|p2a: MourningWood
|-supereffective|p2a: MourningWood
|-damage|p2a: MourningWood|0 fnt
|faint|p2a: MourningWood
|-activate|p2a: MourningWood|move: Destiny Bond
|faint|p1a: Great Tusk
|-end|p1a: Great Tusk|Protosynthesis|[silent]
|
|upkeep
|
|t:|1758976124
|switch|p1a: Kyurem|Kyurem|76/100
|switch|p2a: Goodra|Goodra-Hisui, M, shiny|100/100
|-damage|p1a: Kyurem|51/100|[from] Stealth Rock
|-ability|p1a: Kyurem|Pressure
|-damage|p2a: Goodra|94/100|[from] Stealth Rock
|turn|22
|
|t:|1758976128
|move|p1a: Kyurem|Earth Power|p2a: Goodra
|-supereffective|p2a: Goodra
|-damage|p2a: Goodra|61/100
|-enditem|p2a: Goodra|Maranga Berry|[eat]
|-boost|p2a: Goodra|spd|1|[from] item: Maranga Berry
|move|p2a: Goodra|Gyro Ball|p1a: Kyurem
|-supereffective|p1a: Kyurem
|-damage|p1a: Kyurem|0 fnt
|faint|p1a: Kyurem
|
|upkeep
|
|t:|1758976136
|switch|p1a: Kingambit|Kingambit, M|31/100
|-damage|p1a: Kingambit|25/100|[from] Stealth Rock
|-activate|p1a: Kingambit|ability: Supreme Overlord
|-start|p1a: Kingambit|fallen5|[silent]
|turn|23
|
|t:|1758976140
|-terastallize|p1a: Kingambit|Dark
|move|p1a: Kingambit|Low Kick|p2a: Goodra
|-supereffective|p2a: Goodra
|-damage|p2a: Goodra|0 fnt
|faint|p2a: Goodra
|
|-heal|p1a: Kingambit|31/100|[from] item: Leftovers
|upkeep
|
|t:|1758976143
|switch|p2a: Skeledirge|Skeledirge, M, shiny, tera:Water|59/100
|-damage|p2a: Skeledirge|47/100|[from] Stealth Rock
|turn|24
|
|t:|1758976147
|move|p1a: Kingambit|Kowtow Cleave|p2a: Skeledirge
|-damage|p2a: Skeledirge|0 fnt
|faint|p2a: Skeledirge
|
|-heal|p1a: Kingambit|37/100|[from] item: Leftovers
|upkeep
|
|t:|1758976149
|switch|p2a: Hatterene|Hatterene, F, shiny|99/100
|-damage|p2a: Hatterene|88/100|[from] Stealth Rock
|turn|25
|
|t:|1758976152
|move|p1a: Kingambit|Kowtow Cleave|p2a: Hatterene
|-damage|p2a: Hatterene|9/100
|move|p2a: Hatterene|Nuzzle|p1a: Kingambit
|-damage|p1a: Kingambit|34/100
|-status|p1a: Kingambit|par
|
|-heal|p1a: Kingambit|40/100 par|[from] item: Leftovers
|-heal|p2a: Hatterene|15/100|[from] item: Leftovers
|upkeep
|turn|26
|
|t:|1758976158
|move|p1a: Kingambit|Kowtow Cleave|p2a: Hatterene
|-damage|p2a: Hatterene|0 fnt
|faint|p2a: Hatterene
|
|win|XIBOWEN
|raw|XIBOWEN's rating: 1526 &rarr; <strong>1546</strong><br />(+20 for winning)
|raw|Kyommunism's rating: 1528 &rarr; <strong>1508</strong><br />(-20 for losing)
|l|☆Kyommunism
|player|p2|
|l|☆XIBOWEN
|player|p1|
