|j|☆findmyhair
|j|☆xrceus
|t:|1758972144
|gametype|singles
|player|p1|findmyhair|acetrainercouple|1226
|player|p2|xrceus|266|1260
|gen|9
|tier|[Gen 9] OU
|rated|
|rule|HP Percentage Mod: HP is shown in percentages
|rule|Endless Battle Clause: Forcing endless battles is banned
|rule|Species Clause: Limit one of each Pokémon
|rule|OHKO Clause: OHKO moves are banned
|rule|Evasion Items Clause: Evasion items are banned
|rule|Evasion Moves Clause: Evasion moves are banned
|rule|Evasion Abilities Clause: Evasion abilities are banned
|rule|Sleep Moves Clause: Sleep-inducing moves are banned
|clearpoke
|poke|p1|Cresselia, F|
|poke|p1|Slowking-Galar, M|
|poke|p1|Iron Hands|
|poke|p1|Ursaluna, F|
|poke|p1|Crawdaunt, F|
|poke|p1|Klefki, F|
|poke|p2|Blissey, F|
|poke|p2|Dondozo, F|
|poke|p2|Gliscor, M|
|poke|p2|Toxapex, M|
|poke|p2|Clefable, M|
|poke|p2|Clodsire, M|
|teampreview
|inactive|Battle timer is ON: inactive players will automatically lose when time's up. (requested by findmyhair)
|j| GruesomeLovelies
|
|t:|1758972160
|teamsize|p1|6
|teamsize|p2|6
|start
|switch|p1a: Klefki|Klefki, F|100/100
|switch|p2a: Stall Dracula|Gliscor, M|100/100
|turn|1
|
|t:|1758972170
|move|p1a: Klefki|Reflect|p1a: Klefki
|-sidestart|p1: findmyhair|Reflect
|move|p2a: Stall Dracula|Earthquake|p1a: Klefki
|-supereffective|p1a: Klefki
|-damage|p1a: Klefki|75/100
|
|-status|p2a: Stall Dracula|tox|[from] item: Toxic Orb
|upkeep
|turn|2
|
|t:|1758972178
|switch|p2a: Toxic :)|Toxapex, M, shiny|100/100
|move|p1a: Klefki|Spikes|p2a: Toxic :)
|-sidestart|p2: xrceus|Spikes
|
|upkeep
|turn|3
|
|t:|1758972188
|move|p1a: Klefki|Spikes|p2a: Toxic :)
|-sidestart|p2: xrceus|Spikes
|move|p2a: Toxic :)|Toxic Spikes|p1a: Klefki
|-sidestart|p1: findmyhair|move: Toxic Spikes
|
|upkeep
|turn|4
|
|t:|1758972193
|move|p1a: Klefki|Spikes|p2a: Toxic :)
|-sidestart|p2: xrceus|Spikes
|move|p2a: Toxic :)|Toxic Spikes|p1a: Klefki
|-sidestart|p1: findmyhair|move: Toxic Spikes
|
|upkeep
|turn|5
|
|t:|1758972197
|switch|p2a: Sweepers out|Clefable, M|100/100
|move|p1a: Klefki|Thunder Wave|p2a: Sweepers out
|-status|p2a: Sweepers out|par
|
|upkeep
|turn|6
|
|t:|1758972203
|switch|p1a: Slowking|Slowking-Galar, M|100/100
|-sideend|p1: findmyhair|move: Toxic Spikes|[of] p1a: Slowking
|cant|p2a: Sweepers out|par
|
|upkeep
|turn|7
|
|t:|1758972209
|switch|p1a: Klefki|Klefki, F|75/100
|move|p2a: Sweepers out|Trick|p1a: Klefki
|-activate|p2a: Sweepers out|move: Trick|[of] p1a: Klefki
|-item|p1a: Klefki|Sticky Barb|[from] move: Trick
|-item|p2a: Sweepers out|Light Clay|[from] move: Trick
|
|-damage|p1a: Klefki|63/100|[from] item: Sticky Barb
|upkeep
|turn|8
|
|t:|1758972225
|move|p1a: Klefki|Light Screen|p1a: Klefki
|-sidestart|p1: findmyhair|move: Light Screen
|cant|p2a: Sweepers out|par
|
|-sideend|p1: findmyhair|Reflect
|-damage|p1a: Klefki|50/100|[from] item: Sticky Barb
|upkeep
|turn|9
|
|t:|1758972230
|move|p1a: Klefki|Reflect|p1a: Klefki
|-sidestart|p1: findmyhair|Reflect
|move|p2a: Sweepers out|Moonblast|p1a: Klefki
|-resisted|p1a: Klefki
|-damage|p1a: Klefki|42/100
|
|-damage|p1a: Klefki|29/100|[from] item: Sticky Barb
|upkeep
|turn|10
|
|t:|1758972238
|switch|p1a: Slowking|Slowking-Galar, M|100/100
|move|p2a: Sweepers out|Moonblast|p1a: Slowking
|-resisted|p1a: Slowking
|-damage|p1a: Slowking|94/100
|
|-heal|p1a: Slowking|99/100|[from] item: Black Sludge
|upkeep
|turn|11
|
|t:|1758972254
|switch|p2a: Forgive me|Blissey, F, shiny|100/100
|-damage|p2a: Forgive me|76/100|[from] Spikes
|move|p1a: Slowking|Trick Room|p1a: Slowking
|-fieldstart|move: Trick Room|[of] p1a: Slowking
|
|-heal|p1a: Slowking|100/100|[from] item: Black Sludge
|-heal|p2a: Forgive me|82/100|[from] item: Leftovers
|upkeep
|turn|12
|
|t:|1758972267
|move|p1a: Slowking|Nasty Plot|p1a: Slowking
|-boost|p1a: Slowking|spa|2
|move|p2a: Forgive me|Stealth Rock|p1a: Slowking
|-sidestart|p1: findmyhair|move: Stealth Rock
|
|-heal|p2a: Forgive me|88/100|[from] item: Leftovers
|-sideend|p1: findmyhair|move: Light Screen
|upkeep
|turn|13
|
|t:|1758972273
|move|p1a: Slowking|Nasty Plot|p1a: Slowking
|-boost|p1a: Slowking|spa|2
|move|p2a: Forgive me|Shadow Ball|p1a: Slowking
|-supereffective|p1a: Slowking
|-damage|p1a: Slowking|79/100
|
|-heal|p1a: Slowking|85/100|[from] item: Black Sludge
|-heal|p2a: Forgive me|94/100|[from] item: Leftovers
|-sideend|p1: findmyhair|Reflect
|upkeep
|turn|14
|
|t:|1758972282
|switch|p2a: A BIG Whale|Dondozo, F, shiny|100/100
|-damage|p2a: A BIG Whale|76/100|[from] Spikes
|move|p1a: Slowking|Fire Blast|p2a: A BIG Whale
|-resisted|p2a: A BIG Whale
|-damage|p2a: A BIG Whale|58/100
|
|-heal|p1a: Slowking|91/100|[from] item: Black Sludge
|-heal|p2a: A BIG Whale|64/100|[from] item: Leftovers
|upkeep
|turn|15
|
|t:|1758972300
|switch|p2a: Best Paldean form|Clodsire, M|100/100
|-damage|p2a: Best Paldean form|76/100|[from] Spikes
|move|p1a: Slowking|Sludge Bomb|p2a: Best Paldean form
|-resisted|p2a: Best Paldean form
|-damage|p2a: Best Paldean form|69/100
|
|-heal|p1a: Slowking|97/100|[from] item: Black Sludge
|-heal|p2a: Best Paldean form|75/100|[from] item: Leftovers
|-fieldend|move: Trick Room
|upkeep
|turn|16
|
|t:|1758972310
|switch|p1a: Cresselia|Cresselia, F|100/100
|-damage|p1a: Cresselia|88/100|[from] Stealth Rock
|move|p2a: Best Paldean form|Amnesia|p2a: Best Paldean form
|-boost|p2a: Best Paldean form|spd|2
|
|-heal|p2a: Best Paldean form|81/100|[from] item: Leftovers
|upkeep
|turn|17
|
|t:|1758972323
|switch|p2a: Forgive me|Blissey, F, shiny|94/100
|-damage|p2a: Forgive me|69/100|[from] Spikes
|move|p1a: Cresselia|Psychic|p2a: Forgive me
|-damage|p2a: Forgive me|62/100
|
|-heal|p2a: Forgive me|68/100|[from] item: Leftovers
|upkeep
|turn|18
|
|t:|1758972332
|move|p2a: Forgive me|Calm Mind|p2a: Forgive me
|-boost|p2a: Forgive me|spa|1
|-boost|p2a: Forgive me|spd|1
|move|p1a: Cresselia|Trick Room|p1a: Cresselia
|-fieldstart|move: Trick Room|[of] p1a: Cresselia
|
|-heal|p2a: Forgive me|75/100|[from] item: Leftovers
|upkeep
|turn|19
|
|t:|1758972339
|switch|p1a: Iron Hands|Iron Hands|100/100
|-damage|p1a: Iron Hands|94/100|[from] Stealth Rock
|move|p2a: Forgive me|Calm Mind|p2a: Forgive me
|-boost|p2a: Forgive me|spa|1
|-boost|p2a: Forgive me|spd|1
|
|-heal|p2a: Forgive me|81/100|[from] item: Leftovers
|upkeep
|turn|20
|
|t:|1758972351
|switch|p2a: Stall Dracula|Gliscor, M|100/100 tox
|move|p1a: Iron Hands|Wild Charge|p2a: Stall Dracula
|-immune|p2a: Stall Dracula
|
|upkeep
|turn|21
|
|t:|1758972358
|move|p1a: Iron Hands|Ice Punch|p2a: Stall Dracula
|-supereffective|p2a: Stall Dracula
|-damage|p2a: Stall Dracula|23/100 tox
|move|p2a: Stall Dracula|Knock Off|p1a: Iron Hands
|-resisted|p1a: Iron Hands
|-damage|p1a: Iron Hands|87/100
|-enditem|p1a: Iron Hands|Assault Vest|[from] move: Knock Off|[of] p2a: Stall Dracula
|
|-heal|p2a: Stall Dracula|36/100 tox|[from] ability: Poison Heal
|upkeep
|turn|22
|
|t:|1758972370
|switch|p2a: Toxic :)|Toxapex, M, shiny|100/100
|-damage|p2a: Toxic :)|76/100|[from] Spikes
|move|p1a: Iron Hands|Wild Charge|p2a: Toxic :)
|-supereffective|p2a: Toxic :)
|-damage|p2a: Toxic :)|14/100
|-damage|p1a: Iron Hands|78/100|[from] Recoil
|
|-heal|p2a: Toxic :)|20/100|[from] item: Leftovers
|-fieldend|move: Trick Room
|upkeep
|turn|23
|
|t:|1758972379
|move|p2a: Toxic :)|Baneful Bunker|p2a: Toxic :)
|-singleturn|p2a: Toxic :)|move: Protect
|move|p1a: Iron Hands|Close Combat|p2a: Toxic :)
|-activate|p2a: Toxic :)|move: Protect
|-status|p1a: Iron Hands|psn
|
|-heal|p2a: Toxic :)|26/100|[from] item: Leftovers
|-damage|p1a: Iron Hands|66/100 psn|[from] psn
|upkeep
|turn|24
|
|t:|1758972391
|switch|p2a: A BIG Whale|Dondozo, F, shiny|64/100
|-damage|p2a: A BIG Whale|39/100|[from] Spikes
|move|p1a: Iron Hands|Wild Charge|p2a: A BIG Whale
|-supereffective|p2a: A BIG Whale
|-damage|p2a: A BIG Whale|0 fnt
|faint|p2a: A BIG Whale
|-damage|p1a: Iron Hands|56/100 psn|[from] Recoil
|
|-damage|p1a: Iron Hands|44/100 psn|[from] psn
|upkeep
|
|t:|1758972398
|switch|p2a: Best Paldean form|Clodsire, M|81/100
|-damage|p2a: Best Paldean form|56/100|[from] Spikes
|turn|25
|
|t:|1758972403
|move|p1a: Iron Hands|Ice Punch|p2a: Best Paldean form
|-supereffective|p2a: Best Paldean form
|-damage|p2a: Best Paldean form|0 fnt
|faint|p2a: Best Paldean form
|
|-damage|p1a: Iron Hands|31/100 psn|[from] psn
|upkeep
|
|t:|1758972411
|switch|p2a: Stall Dracula|Gliscor, M|36/100 tox
|turn|26
|
|t:|1758972413
|move|p2a: Stall Dracula|Protect|p2a: Stall Dracula
|-singleturn|p2a: Stall Dracula|Protect
|move|p1a: Iron Hands|Fake Out||[still]
|-hint|Fake Out only works on your first turn out.
|-fail|p1a: Iron Hands
|
|-heal|p2a: Stall Dracula|48/100 tox|[from] ability: Poison Heal
|-damage|p1a: Iron Hands|19/100 psn|[from] psn
|upkeep
|turn|27
|
|t:|1758972423
|switch|p2a: Toxic :)|Toxapex, M, shiny|60/100
|-damage|p2a: Toxic :)|35/100|[from] Spikes
|-end|p1a: Iron Hands|Quark Drive|[silent]
|switch|p1a: Cresselia|Cresselia, F|88/100
|-damage|p1a: Cresselia|76/100|[from] Stealth Rock
|
|-heal|p2a: Toxic :)|41/100|[from] item: Leftovers
|upkeep
|turn|28
|
|t:|1758972433
|move|p2a: Toxic :)|Baneful Bunker|p2a: Toxic :)
|-singleturn|p2a: Toxic :)|move: Protect
|move|p1a: Cresselia|Trick Room|p1a: Cresselia
|-fieldstart|move: Trick Room|[of] p1a: Cresselia
|
|-heal|p2a: Toxic :)|47/100|[from] item: Leftovers
|upkeep
|turn|29
|
|t:|1758972440
|switch|p2a: Forgive me|Blissey, F, shiny|81/100
|-damage|p2a: Forgive me|56/100|[from] Spikes
|move|p1a: Cresselia|Psychic|p2a: Forgive me
|-damage|p2a: Forgive me|48/100
|
|-heal|p2a: Forgive me|54/100|[from] item: Leftovers
|upkeep
|turn|30
|
|t:|1758972451
|switch|p1a: Crawdaunt|Crawdaunt, F|100/100
|-damage|p1a: Crawdaunt|88/100|[from] Stealth Rock
|move|p2a: Forgive me|Soft-Boiled|p2a: Forgive me
|-heal|p2a: Forgive me|100/100
|
|upkeep
|turn|31
|
|t:|1758972457
|switch|p2a: Toxic :)|Toxapex, M, shiny|80/100
|-damage|p2a: Toxic :)|55/100|[from] Spikes
|move|p1a: Crawdaunt|Knock Off|p2a: Toxic :)
|-damage|p2a: Toxic :)|0 fnt
|-enditem|p2a: Toxic :)|Leftovers|[from] move: Knock Off|[of] p1a: Crawdaunt
|faint|p2a: Toxic :)
|-damage|p1a: Crawdaunt|78/100|[from] item: Life Orb
|
|upkeep
|-message|xrceus forfeited.
|
|win|findmyhair
|raw|findmyhair's rating: 1226 &rarr; <strong>1253</strong><br />(+27 for winning)
|raw|xrceus's rating: 1260 &rarr; <strong>1233</strong><br />(-27 for losing)
|l|☆xrceus
|player|p2|
|l| GruesomeLovelies
