|badge|p2|bronze|gen9ou|100-6
|html|<div class="broadcast-red"><strong>This battle is required to be public due to one or more player having a season medal.</strong><br />During the public phase, you can discuss the state of the ladder <a href="/seasondiscussion">in a special chatroom.</a></div>
|uhtml|medal-msg|<div class="broadcast-blue">Curious what those medals under the avatar are? PS now has Ladder Seasons! For more information, check out the <a href="https://www.smogon.com/forums/threads/3740067/">thread on Smogon.</a></div>
|j|‽zeep vs zoop
|j|‽JackRG1
|t:|1759010091
|gametype|singles
|player|p1|zeep vs zoop|iris-gen5bw2|1755
|player|p2|JackRG1|dawn-gen4pt|1877
|gen|9
|tier|[Gen 9] OU
|rated|
|rule|HP Percentage Mod: HP is shown in percentages
|rule|Endless Battle Clause: Forcing endless battles is banned
|rule|Species Clause: Limit one of each Pokémon
|rule|OHKO Clause: OHKO moves are banned
|rule|Evasion Items Clause: Evasion items are banned
|rule|Evasion Moves Clause: Evasion moves are banned
|rule|Evasion Abilities Clause: Evasion abilities are banned
|rule|Sleep Moves Clause: Sleep-inducing moves are banned
|clearpoke
|poke|p1|Zamazenta-*|
|poke|p1|Latios, M|
|poke|p1|Weezing-Galar, F|
|poke|p1|Moltres|
|poke|p1|Ting-Lu|
|poke|p1|Gholdengo|
|poke|p2|Weezing-Galar, F|
|poke|p2|Ting-Lu|
|poke|p2|Corviknight, M|
|poke|p2|Skeledirge, M|
|poke|p2|Dragapult, F|
|poke|p2|Ogerpon-Wellspring, F|
|teampreview
|inactive|Battle timer is ON: inactive players will automatically lose when time's up. (requested by JackRG1)
|
|t:|1759010100
|teamsize|p1|6
|teamsize|p2|6
|start
|switch|p1a: Latios|Latios, M|100/100
|switch|p2a: Ogerpon|Ogerpon-Wellspring, F|100/100
|turn|1
|
|t:|1759010107
|move|p1a: Latios|Draco Meteor|p2a: Ogerpon
|-damage|p2a: Ogerpon|10/100
|-unboost|p1a: Latios|spa|2
|move|p2a: Ogerpon|Spikes|p1a: Latios
|-sidestart|p1: zeep vs zoop|Spikes
|
|upkeep
|turn|2
|
|t:|1759010115
|switch|p2a: Corviknight|Corviknight, M|100/100
|-ability|p2a: Corviknight|Pressure
|move|p1a: Latios|Draco Meteor|p2a: Corviknight|[miss]
|-miss|p1a: Latios|p2a: Corviknight
|
|upkeep
|turn|3
|
|t:|1759010118
|switch|p1a: Moltres|Moltres|100/100
|move|p2a: Corviknight|U-turn|p1a: Moltres
|-resisted|p1a: Moltres
|-damage|p1a: Moltres|98/100
|-status|p2a: Corviknight|brn|[from] ability: Flame Body|[of] p1a: Moltres
|
|t:|1759010120
|switch|p2a: Ogerpon|Ogerpon-Wellspring, F|10/100|[from] U-turn
|
|upkeep
|turn|4
|
|t:|1759010126
|switch|p1a: Weezing|Weezing-Galar, F|100/100
|-ability|p1a: Weezing|Neutralizing Gas
|-terastallize|p2a: Ogerpon|Water
|detailschange|p2a: Ogerpon|Ogerpon-Wellspring-Tera, F, tera:Water
|move|p2a: Ogerpon|Ivy Cudgel|p1a: Weezing|[anim] Ivy Cudgel Water
|-damage|p1a: Weezing|56/100
|
|upkeep
|turn|5
|
|t:|1759010130
|move|p2a: Ogerpon|Synthesis|p2a: Ogerpon
|-heal|p2a: Ogerpon|60/100
|move|p1a: Weezing|Sludge Bomb|p2a: Ogerpon
|-damage|p2a: Ogerpon|34/100
|
|upkeep
|turn|6
|
|t:|1759010135
|move|p2a: Ogerpon|Ivy Cudgel|p1a: Weezing|[anim] Ivy Cudgel Water
|-crit|p1a: Weezing
|-damage|p1a: Weezing|0 fnt
|faint|p1a: Weezing
|-end|p1a: Weezing|ability: Neutralizing Gas
|-ability|p2a: Ogerpon|Embody Aspect (Wellspring)|boost
|-boost|p2a: Ogerpon|spd|1
|
|upkeep
|
|t:|1759010139
|switch|p1a: Latios|Latios, M|100/100
|turn|7
|
|t:|1759010144
|switch|p2a: Corviknight|Corviknight, M|100/100 brn
|-ability|p2a: Corviknight|Pressure
|move|p1a: Latios|Draco Meteor|p2a: Corviknight
|-resisted|p2a: Corviknight
|-damage|p2a: Corviknight|46/100 brn
|-unboost|p1a: Latios|spa|2
|
|-damage|p2a: Corviknight|40/100 brn|[from] brn
|upkeep
|turn|8
|
|t:|1759010149
|move|p1a: Latios|Draco Meteor|p2a: Corviknight|[miss]
|-miss|p1a: Latios|p2a: Corviknight
|move|p2a: Corviknight|U-turn|p1a: Latios
|-supereffective|p1a: Latios
|-damage|p1a: Latios|82/100
|
|t:|1759010158
|switch|p2a: Ogerpon|Ogerpon-Wellspring-Tera, F, tera:Water|34/100|[from] U-turn
|-ability|p2a: Ogerpon|Embody Aspect (Wellspring)|boost
|-boost|p2a: Ogerpon|spd|1
|
|upkeep
|turn|9
|
|t:|1759010161
|move|p1a: Latios|Draco Meteor|p2a: Ogerpon
|-damage|p2a: Ogerpon|0 fnt
|-unboost|p1a: Latios|spa|2
|faint|p2a: Ogerpon
|detailschange|p2: Ogerpon|Ogerpon-Wellspring, F|[silent]
|
|upkeep
|
|t:|1759010163
|switch|p2a: Ting-Lu|Ting-Lu, shiny|100/100
|-ability|p2a: Ting-Lu|Vessel of Ruin
|turn|10
|
|t:|1759010166
|switch|p1a: Moltres|Moltres|98/100
|move|p2a: Ting-Lu|Stealth Rock|p1a: Moltres
|-sidestart|p1: zeep vs zoop|move: Stealth Rock
|
|upkeep
|turn|11
|
|t:|1759010170
|switch|p2a: Skeledirge|Skeledirge, M|100/100
|move|p1a: Moltres|Will-O-Wisp|p2a: Skeledirge
|-immune|p2a: Skeledirge
|
|upkeep
|turn|12
|
|t:|1759010175
|switch|p1a: Ting-Lu|Ting-Lu|100/100
|-damage|p1a: Ting-Lu|88/100|[from] Spikes
|-damage|p1a: Ting-Lu|82/100|[from] Stealth Rock
|-ability|p1a: Ting-Lu|Vessel of Ruin
|move|p2a: Skeledirge|Torch Song|p1a: Ting-Lu
|-crit|p1a: Ting-Lu
|-damage|p1a: Ting-Lu|63/100
|-boost|p2a: Skeledirge|spa|1
|
|upkeep
|turn|13
|
|t:|1759010179
|move|p2a: Skeledirge|Will-O-Wisp|p1a: Ting-Lu
|-status|p1a: Ting-Lu|brn
|move|p1a: Ting-Lu|Earthquake|p2a: Skeledirge
|-supereffective|p2a: Skeledirge
|-damage|p2a: Skeledirge|69/100
|
|-damage|p1a: Ting-Lu|57/100 brn|[from] brn
|upkeep
|turn|14
|
|t:|1759010184
|move|p2a: Skeledirge|Torch Song|p1a: Ting-Lu
|-damage|p1a: Ting-Lu|37/100 brn
|-boost|p2a: Skeledirge|spa|1
|move|p1a: Ting-Lu|Stealth Rock|p2a: Skeledirge
|-sidestart|p2: JackRG1|move: Stealth Rock
|
|-damage|p1a: Ting-Lu|31/100 brn|[from] brn
|upkeep
|turn|15
|
|t:|1759010198
|move|p2a: Skeledirge|Torch Song|p1a: Ting-Lu
|-damage|p1a: Ting-Lu|8/100 brn
|-boost|p2a: Skeledirge|spa|1
|move|p1a: Ting-Lu|Ruination|p2a: Skeledirge
|-damage|p2a: Skeledirge|35/100
|
|-damage|p1a: Ting-Lu|2/100 brn|[from] brn
|upkeep
|turn|16
|
|t:|1759010203
|move|p2a: Skeledirge|Slack Off|p2a: Skeledirge
|-heal|p2a: Skeledirge|85/100
|move|p1a: Ting-Lu|Ruination|p2a: Skeledirge
|-damage|p2a: Skeledirge|43/100
|
|-damage|p1a: Ting-Lu|0 fnt|[from] brn
|faint|p1a: Ting-Lu
|upkeep
|
|t:|1759010208
|switch|p1a: Latios|Latios, M|82/100
|-damage|p1a: Latios|69/100|[from] Stealth Rock
|turn|17
|
|t:|1759010213
|switch|p2a: Corviknight|Corviknight, M|40/100 brn
|-damage|p2a: Corviknight|27/100 brn|[from] Stealth Rock
|-ability|p2a: Corviknight|Pressure
|move|p1a: Latios|Luster Purge|p2a: Corviknight
|-resisted|p2a: Corviknight
|-crit|p2a: Corviknight
|-damage|p2a: Corviknight|0 fnt
|faint|p2a: Corviknight
|
|upkeep
|
|t:|1759010218
|switch|p2a: Dragapult|Dragapult, F|100/100
|-damage|p2a: Dragapult|88/100|[from] Stealth Rock
|turn|18
|
|t:|1759010236
|move|p2a: Dragapult|U-turn|p1a: Latios
|-supereffective|p1a: Latios
|-damage|p1a: Latios|20/100
|
|t:|1759010239
|switch|p2a: Ting-Lu|Ting-Lu, shiny|100/100|[from] U-turn
|-damage|p2a: Ting-Lu|94/100|[from] Stealth Rock
|-ability|p2a: Ting-Lu|Vessel of Ruin
|move|p1a: Latios|Luster Purge|p2a: Ting-Lu
|-immune|p2a: Ting-Lu
|
|-heal|p2a: Ting-Lu|100/100|[from] item: Leftovers
|upkeep
|turn|19
|
|t:|1759010243
|switch|p1a: Moltres|Moltres|98/100
|move|p2a: Ting-Lu|Heavy Slam|p1a: Moltres
|-resisted|p1a: Moltres
|-damage|p1a: Moltres|87/100
|
|upkeep
|turn|20
|j| FaronAan
|
|t:|1759010249
|switch|p2a: Skeledirge|Skeledirge, M|43/100
|move|p1a: Moltres|Roar|p2a: Skeledirge
|drag|p2a: Ting-Lu|Ting-Lu, shiny|100/100
|-damage|p2a: Ting-Lu|94/100|[from] Stealth Rock
|-ability|p2a: Ting-Lu|Vessel of Ruin
|
|-heal|p2a: Ting-Lu|100/100|[from] item: Leftovers
|upkeep
|turn|21
|
|t:|1759010279
|move|p1a: Moltres|Flamethrower|p2a: Ting-Lu
|-damage|p2a: Ting-Lu|84/100
|move|p2a: Ting-Lu|Heavy Slam|p1a: Moltres
|-resisted|p1a: Moltres
|-damage|p1a: Moltres|78/100
|
|-heal|p2a: Ting-Lu|90/100|[from] item: Leftovers
|upkeep
|turn|22
|inactive|zeep vs zoop has 120 seconds left.
|
|t:|1759010318
|move|p2a: Ting-Lu|Heavy Slam|p1a: Moltres
|-resisted|p1a: Moltres
|-damage|p1a: Moltres|67/100
|-status|p2a: Ting-Lu|brn|[from] ability: Flame Body|[of] p1a: Moltres
|move|p1a: Moltres|Roar|p2a: Ting-Lu
|drag|p2a: Dragapult|Dragapult, F|88/100
|-damage|p2a: Dragapult|76/100|[from] Stealth Rock
|
|upkeep
|turn|23
|
|t:|1759010324
|move|p2a: Dragapult|Draco Meteor|p1a: Moltres
|-damage|p1a: Moltres|0 fnt
|-unboost|p2a: Dragapult|spa|2
|faint|p1a: Moltres
|
|upkeep
|
|t:|1759010332
|switch|p1a: Gholdengo|Gholdengo|100/100
|-damage|p1a: Gholdengo|88/100|[from] Spikes
|-damage|p1a: Gholdengo|82/100|[from] Stealth Rock
|turn|24
|
|t:|1759010336
|switch|p2a: Ting-Lu|Ting-Lu, shiny|90/100 brn
|-damage|p2a: Ting-Lu|84/100 brn|[from] Stealth Rock
|-ability|p2a: Ting-Lu|Vessel of Ruin
|move|p1a: Gholdengo|Make It Rain|p2a: Ting-Lu
|-damage|p2a: Ting-Lu|59/100 brn
|-unboost|p1a: Gholdengo|spa|1
|
|-heal|p2a: Ting-Lu|65/100 brn|[from] item: Leftovers
|-damage|p2a: Ting-Lu|59/100 brn|[from] brn
|upkeep
|turn|25
|
|t:|1759010340
|switch|p1a: Latios|Latios, M|20/100
|-damage|p1a: Latios|8/100|[from] Stealth Rock
|move|p2a: Ting-Lu|Rest|p2a: Ting-Lu
|-status|p2a: Ting-Lu|slp|[from] move: Rest
|-heal|p2a: Ting-Lu|100/100 slp|[silent]
|
|upkeep
|turn|26
|
|t:|1759010346
|switch|p2a: Skeledirge|Skeledirge, M|43/100
|move|p1a: Latios|Trick|p2a: Skeledirge
|-activate|p1a: Latios|move: Trick|[of] p2a: Skeledirge
|-item|p2a: Skeledirge|Choice Specs|[from] move: Trick
|-item|p1a: Latios|Heavy-Duty Boots|[from] move: Trick
|
|upkeep
|turn|27
|
|t:|1759010349
|move|p1a: Latios|Luster Purge|p2a: Skeledirge
|-damage|p2a: Skeledirge|10/100
|move|p2a: Skeledirge|Torch Song|p1a: Latios
|-resisted|p1a: Latios
|-damage|p1a: Latios|0 fnt
|-boost|p2a: Skeledirge|spa|1
|faint|p1a: Latios
|
|upkeep
|
|t:|1759010355
|switch|p1a: Gholdengo|Gholdengo|82/100
|-damage|p1a: Gholdengo|70/100|[from] Spikes
|-damage|p1a: Gholdengo|64/100|[from] Stealth Rock
|turn|28
|
|t:|1759010358
|move|p1a: Gholdengo|Shadow Ball|p2a: Skeledirge
|-supereffective|p2a: Skeledirge
|-damage|p2a: Skeledirge|0 fnt
|faint|p2a: Skeledirge
|
|upkeep
|
|t:|1759010360
|switch|p2a: Ting-Lu|Ting-Lu, shiny|100/100 slp
|-damage|p2a: Ting-Lu|94/100 slp|[from] Stealth Rock
|-ability|p2a: Ting-Lu|Vessel of Ruin
|turn|29
|
|t:|1759010368
|switch|p1a: Zamazenta|Zamazenta|100/100
|-damage|p1a: Zamazenta|88/100|[from] Spikes
|-damage|p1a: Zamazenta|82/100|[from] Stealth Rock
|-ability|p1a: Zamazenta|Dauntless Shield|boost
|-boost|p1a: Zamazenta|def|1
|cant|p2a: Ting-Lu|slp
|
|-heal|p2a: Ting-Lu|100/100 slp|[from] item: Leftovers
|upkeep
|turn|30
|
|t:|1759010370
|switch|p2a: Weezing|Weezing-Galar, F|100/100
|-ability|p2a: Weezing|Neutralizing Gas
|move|p1a: Zamazenta|Close Combat|p2a: Weezing
|-resisted|p2a: Weezing
|-damage|p2a: Weezing|87/100
|-unboost|p1a: Zamazenta|def|1
|-unboost|p1a: Zamazenta|spd|1
|
|upkeep
|turn|31
|
|t:|1759010376
|switch|p1a: Gholdengo|Gholdengo|64/100
|-damage|p1a: Gholdengo|51/100|[from] Spikes
|-damage|p1a: Gholdengo|45/100|[from] Stealth Rock
|move|p2a: Weezing|Will-O-Wisp|p1a: Gholdengo
|-status|p1a: Gholdengo|brn
|
|-damage|p1a: Gholdengo|39/100 brn|[from] brn
|upkeep
|turn|32
|
|t:|1759010382
|-end|p2a: Weezing|ability: Neutralizing Gas
|switch|p2a: Ting-Lu|Ting-Lu, shiny|100/100 slp
|-damage|p2a: Ting-Lu|94/100 slp|[from] Stealth Rock
|-ability|p2a: Ting-Lu|Vessel of Ruin
|move|p1a: Gholdengo|Recover|p1a: Gholdengo
|-heal|p1a: Gholdengo|89/100 brn
|
|-heal|p2a: Ting-Lu|100/100 slp|[from] item: Leftovers
|-damage|p1a: Gholdengo|83/100 brn|[from] brn
|upkeep
|turn|33
|
|t:|1759010387
|switch|p1a: Zamazenta|Zamazenta|82/100
|-damage|p1a: Zamazenta|70/100|[from] Spikes
|-damage|p1a: Zamazenta|64/100|[from] Stealth Rock
|cant|p2a: Ting-Lu|slp
|
|upkeep
|turn|34
|
|t:|1759010396
|move|p1a: Zamazenta|Heavy Slam|p2a: Ting-Lu
|-damage|p2a: Ting-Lu|90/100 slp
|-curestatus|p2a: Ting-Lu|slp|[msg]
|move|p2a: Ting-Lu|Earthquake|p1a: Zamazenta
|-damage|p1a: Zamazenta|30/100
|
|-heal|p2a: Ting-Lu|96/100|[from] item: Leftovers
|upkeep
|turn|35
|-message|zeep vs zoop forfeited.
|
|win|JackRG1
|raw|zeep vs zoop's rating: 1755 &rarr; <strong>1742</strong><br />(-13 for losing)
|raw|JackRG1's rating: 1877 &rarr; <strong>1890</strong><br />(+13 for winning)
|l|‽zeep vs zoop
|player|p1|
|l| FaronAan
|l|‽JackRG1
|player|p2|
