|j|☆Samamfo1994
|j|☆FearedStriker
|t:|1758926123
|gametype|singles
|player|p1|Samamfo1994|blackbelt-gen4dp|1068
|player|p2|FearedStriker|crasherwake|1051
|gen|9
|tier|[Gen 9] OU
|rated|
|rule|HP Percentage Mod: HP is shown in percentages
|rule|Endless Battle Clause: Forcing endless battles is banned
|rule|Species Clause: Limit one of each Pokémon
|rule|OHKO Clause: OHKO moves are banned
|rule|Evasion Items Clause: Evasion items are banned
|rule|Evasion Moves Clause: Evasion moves are banned
|rule|Evasion Abilities Clause: Evasion abilities are banned
|rule|Sleep Moves Clause: Sleep-inducing moves are banned
|clearpoke
|poke|p1|Chesnaught, M|
|poke|p1|Arboliva, F|
|poke|p1|Avalugg-Hisui, F|
|poke|p1|Gliscor, M|
|poke|p1|Rotom-Heat|
|poke|p1|Slowbro, M|
|poke|p2|Milotic, F|
|poke|p2|Arcanine, M|
|poke|p2|Sceptile, M|
|poke|p2|Jolteon, M|
|poke|p2|Tornadus-Therian, M|
|poke|p2|Hitmonchan, M|
|teampreview
|inactive|Battle timer is ON: inactive players will automatically lose when time's up. (requested by FearedStriker)
|inactive|Samamfo1994 has 120 seconds left.
|
|t:|1758926159
|teamsize|p1|6
|teamsize|p2|6
|start
|switch|p1a: Gliscor|Gliscor, M, shiny|100/100
|switch|p2a: Tornadus|Tornadus-Therian, M|100/100
|turn|1
|
|t:|1758926168
|move|p2a: Tornadus|Tailwind|p2a: Tornadus
|-sidestart|p2: FearedStriker|move: Tailwind
|move|p1a: Gliscor|Knock Off|p2a: Tornadus
|-damage|p2a: Tornadus|67/100
|-enditem|p2a: Tornadus|Heavy-Duty Boots|[from] move: Knock Off|[of] p1a: Gliscor
|
|-status|p1a: Gliscor|tox|[from] item: Toxic Orb
|upkeep
|turn|2
|
|t:|1758926188
|move|p2a: Tornadus|Hurricane|p1a: Gliscor
|-damage|p1a: Gliscor|46/100 tox
|-start|p1a: Gliscor|confusion
|-activate|p1a: Gliscor|confusion
|-damage|p1a: Gliscor|40/100 tox|[from] confusion
|
|-heal|p1a: Gliscor|52/100 tox|[from] ability: Poison Heal
|upkeep
|turn|3
|
|t:|1758926197
|-end|p1a: Gliscor|confusion
|move|p1a: Gliscor|Protect|p1a: Gliscor
|-singleturn|p1a: Gliscor|Protect
|move|p2a: Tornadus|Hurricane|p1a: Gliscor
|-activate|p1a: Gliscor|move: Protect
|
|-heal|p1a: Gliscor|65/100 tox|[from] ability: Poison Heal
|upkeep
|turn|4
|
|t:|1758926211
|move|p2a: Tornadus|Hurricane|p1a: Gliscor
|-damage|p1a: Gliscor|15/100 tox
|move|p1a: Gliscor|Toxic|p2a: Tornadus|[miss]
|-miss|p1a: Gliscor|p2a: Tornadus
|
|-heal|p1a: Gliscor|28/100 tox|[from] ability: Poison Heal
|-sideend|p2: FearedStriker|move: Tailwind
|upkeep
|turn|5
|
|t:|1758926220
|move|p1a: Gliscor|Protect|p1a: Gliscor
|-singleturn|p1a: Gliscor|Protect
|move|p2a: Tornadus|Tailwind|p2a: Tornadus
|-sidestart|p2: FearedStriker|move: Tailwind
|
|-heal|p1a: Gliscor|40/100 tox|[from] ability: Poison Heal
|upkeep
|turn|6
|
|t:|1758926232
|switch|p1a: Paul|Slowbro, M|100/100
|move|p2a: Tornadus|Taunt|p1a: Paul
|-start|p1a: Paul|move: Taunt
|
|upkeep
|turn|7
|
|t:|1758926241
|move|p2a: Tornadus|Sludge Wave|p1a: Paul
|-damage|p1a: Paul|71/100
|move|p1a: Paul|Scald|p2a: Tornadus
|-damage|p2a: Tornadus|20/100
|-status|p2a: Tornadus|brn
|
|-damage|p2a: Tornadus|14/100 brn|[from] brn
|upkeep
|turn|8
|
|t:|1758926254
|switch|p2a: Jolteon|Jolteon, M|100/100
|-item|p2a: Jolteon|Air Balloon
|move|p1a: Paul|Flamethrower|p2a: Jolteon
|-damage|p2a: Jolteon|65/100
|-enditem|p2a: Jolteon|Air Balloon
|
|-end|p1a: Paul|move: Taunt
|-sideend|p2: FearedStriker|move: Tailwind
|upkeep
|turn|9
|
|t:|1758926269
|switch|p1a: Gliscor|Gliscor, M, shiny|40/100 tox
|move|p2a: Jolteon|Shadow Ball|p1a: Gliscor
|-damage|p1a: Gliscor|13/100 tox
|
|-heal|p1a: Gliscor|26/100 tox|[from] ability: Poison Heal
|upkeep
|turn|10
|
|t:|1758926287
|move|p1a: Gliscor|Protect|p1a: Gliscor
|-singleturn|p1a: Gliscor|Protect
|move|p2a: Jolteon|Shadow Ball|p1a: Gliscor
|-activate|p1a: Gliscor|move: Protect
|
|-heal|p1a: Gliscor|38/100 tox|[from] ability: Poison Heal
|upkeep
|turn|11
|
|t:|1758926296
|move|p2a: Jolteon|Shadow Ball|p1a: Gliscor
|-damage|p1a: Gliscor|11/100 tox
|-unboost|p1a: Gliscor|spd|1
|move|p1a: Gliscor|Knock Off|p2a: Jolteon
|-damage|p2a: Jolteon|34/100
|
|-heal|p1a: Gliscor|23/100 tox|[from] ability: Poison Heal
|upkeep
|turn|12
|
|t:|1758926306
|switch|p2a: Tornadus|Tornadus-Therian, M|47/100 brn
|move|p1a: Gliscor|Protect||[still]
|-fail|p1a: Gliscor
|
|-heal|p1a: Gliscor|36/100 tox|[from] ability: Poison Heal
|-damage|p2a: Tornadus|41/100 brn|[from] brn
|upkeep
|turn|13
|
|t:|1758926323
|switch|p1a: Michealwave|Rotom-Heat|100/100
|move|p2a: Tornadus|Tailwind|p2a: Tornadus
|-sidestart|p2: FearedStriker|move: Tailwind
|
|-damage|p2a: Tornadus|35/100 brn|[from] brn
|upkeep
|turn|14
|
|t:|1758926335
|switch|p2a: Jolteon|Jolteon, M|34/100
|move|p1a: Michealwave|Trick|p2a: Jolteon
|-activate|p1a: Michealwave|move: Trick|[of] p2a: Jolteon
|-item|p2a: Jolteon|Choice Specs|[from] move: Trick
|-enditem|p1a: Michealwave|Choice Specs|[silent]|[from] move: Trick
|
|upkeep
|turn|15
|inactive|Samamfo1994 has 120 seconds left.
|
|t:|1758926364
|move|p2a: Jolteon|Hyper Voice|p1a: Michealwave
|-damage|p1a: Michealwave|43/100
|move|p1a: Michealwave|Overheat|p2a: Jolteon
|-damage|p2a: Jolteon|0 fnt
|-unboost|p1a: Michealwave|spa|2
|faint|p2a: Jolteon
|
|upkeep
|
|t:|1758926373
|switch|p2a: Sceptile|Sceptile, M|100/100
|turn|16
|inactive|Samamfo1994 has 120 seconds left.
|
|t:|1758926393
|switch|p1a: Olivia|Arboliva, F, shiny|100/100
|move|p2a: Sceptile|Endure||[still]
|-fail|p2a: Sceptile
|
|-sideend|p2: FearedStriker|move: Tailwind
|upkeep
|turn|17
|inactive|Samamfo1994 has 120 seconds left.
|
|t:|1758926403
|move|p2a: Sceptile|Drain Punch|p1a: Olivia
|-supereffective|p1a: Olivia
|-damage|p1a: Olivia|52/100
|-fieldstart|move: Grassy Terrain|[from] ability: Seed Sower|[of] p1a: Olivia
|move|p1a: Olivia|Hyper Voice|p2a: Sceptile
|-damage|p2a: Sceptile|44/100
|
|-heal|p2a: Sceptile|50/100|[from] Grassy Terrain
|-heal|p1a: Olivia|58/100|[from] Grassy Terrain
|upkeep
|turn|18
|inactive|Samamfo1994 has 120 seconds left.
|
|t:|1758926431
|switch|p1a: Juggernut|Chesnaught, M|100/100
|move|p2a: Sceptile|Leaf Blade|p1a: Juggernut
|-resisted|p1a: Juggernut
|-damage|p1a: Juggernut|81/100
|
|-heal|p2a: Sceptile|56/100|[from] Grassy Terrain
|-heal|p1a: Juggernut|87/100|[from] Grassy Terrain
|upkeep
|turn|19
|
|t:|1758926443
|switch|p2a: Tornadus|Tornadus-Therian, M|69/100 brn
|move|p1a: Juggernut|Drain Punch|p2a: Tornadus
|-resisted|p2a: Tornadus
|-damage|p2a: Tornadus|41/100 brn
|-heal|p1a: Juggernut|98/100|[from] drain|[of] p2a: Tornadus
|
|-heal|p1a: Juggernut|100/100|[from] Grassy Terrain
|-damage|p2a: Tornadus|35/100 brn|[from] brn
|upkeep
|turn|20
|
|t:|1758926461
|switch|p1a: Paul|Slowbro, M|100/100
|move|p2a: Tornadus|Sludge Wave|p1a: Paul
|-damage|p1a: Paul|69/100
|
|-heal|p1a: Paul|75/100|[from] Grassy Terrain
|-damage|p2a: Tornadus|29/100 brn|[from] brn
|upkeep
|turn|21
|
|t:|1758926471
|switch|p2a: Sceptile|Sceptile, M|56/100
|move|p1a: Paul|Calm Mind|p1a: Paul
|-boost|p1a: Paul|spa|1
|-boost|p1a: Paul|spd|1
|
|-heal|p2a: Sceptile|62/100|[from] Grassy Terrain
|-heal|p1a: Paul|81/100|[from] Grassy Terrain
|upkeep
|turn|22
|
|t:|1758926481
|move|p2a: Sceptile|Leaf Blade|p1a: Paul
|-supereffective|p1a: Paul
|-crit|p1a: Paul
|-damage|p1a: Paul|0 fnt
|-damage|p2a: Sceptile|45/100|[from] item: Rocky Helmet|[of] p1a: Paul
|faint|p1a: Paul
|
|-heal|p2a: Sceptile|51/100|[from] Grassy Terrain
|upkeep
|
|t:|1758926490
|switch|p1a: Michealwave|Rotom-Heat|43/100
|turn|23
|
|t:|1758926494
|move|p2a: Sceptile|Endure|p2a: Sceptile
|-singleturn|p2a: Sceptile|move: Endure
|move|p1a: Michealwave|Overheat|p2a: Sceptile
|-supereffective|p2a: Sceptile
|-activate|p2a: Sceptile|move: Endure
|-damage|p2a: Sceptile|1/100
|-unboost|p1a: Michealwave|spa|2
|-enditem|p2a: Sceptile|Weakness Policy
|-boost|p2a: Sceptile|atk|2|[from] item: Weakness Policy
|-boost|p2a: Sceptile|spa|2|[from] item: Weakness Policy
|
|-heal|p2a: Sceptile|7/100|[from] Grassy Terrain
|upkeep
|turn|24
|inactive|Samamfo1994 has 120 seconds left.
|
|t:|1758926513
|move|p2a: Sceptile|Drain Punch|p1a: Michealwave
|-damage|p1a: Michealwave|0 fnt
|-heal|p2a: Sceptile|25/100|[from] drain|[of] p1a: Michealwave
|faint|p1a: Michealwave
|
|-heal|p2a: Sceptile|31/100|[from] Grassy Terrain
|-fieldend|move: Grassy Terrain
|upkeep
|
|t:|1758926523
|switch|p1a: CoffeeTable|Avalugg-Hisui, F|100/100
|turn|25
|
|t:|1758926536
|move|p2a: Sceptile|Drain Punch|p1a: CoffeeTable
|-supereffective|p1a: CoffeeTable
|-damage|p1a: CoffeeTable|20/100
|-heal|p2a: Sceptile|87/100|[from] drain|[of] p1a: CoffeeTable
|move|p1a: CoffeeTable|Mountain Gale|p2a: Sceptile
|-supereffective|p2a: Sceptile
|-damage|p2a: Sceptile|0 fnt
|faint|p2a: Sceptile
|
|upkeep
|
|t:|1758926549
|switch|p2a: Hitmonchan|Hitmonchan, M|100/100
|turn|26
|
|t:|1758926567
|switch|p1a: Juggernut|Chesnaught, M|100/100
|move|p2a: Hitmonchan|Bullet Punch|p1a: Juggernut
|-damage|p1a: Juggernut|89/100
|
|upkeep
|turn|27
|
|t:|1758926581
|move|p2a: Hitmonchan|Swords Dance|p2a: Hitmonchan
|-boost|p2a: Hitmonchan|atk|2
|move|p1a: Juggernut|Drain Punch|p2a: Hitmonchan
|-damage|p2a: Hitmonchan|36/100
|-heal|p1a: Juggernut|100/100|[from] drain|[of] p2a: Hitmonchan
|
|upkeep
|turn|28
|
|t:|1758926591
|move|p2a: Hitmonchan|Poison Jab|p1a: Juggernut
|-supereffective|p1a: Juggernut
|-damage|p1a: Juggernut|27/100
|-enditem|p1a: Juggernut|Sitrus Berry|[eat]
|-heal|p1a: Juggernut|52/100|[from] item: Sitrus Berry
|move|p1a: Juggernut|Drain Punch|p2a: Hitmonchan
|-damage|p2a: Hitmonchan|0 fnt
|-heal|p1a: Juggernut|64/100|[from] drain|[of] p2a: Hitmonchan
|faint|p2a: Hitmonchan
|
|upkeep
|
|t:|1758926609
|switch|p2a: Arcanine|Arcanine, M|100/100
|turn|29
|inactive|Samamfo1994 has 120 seconds left.
|
|t:|1758926616
|switch|p1a: Gliscor|Gliscor, M, shiny|36/100 tox
|move|p2a: Arcanine|Psychic Fangs|p1a: Gliscor
|-damage|p1a: Gliscor|15/100 tox
|
|-heal|p1a: Gliscor|27/100 tox|[from] ability: Poison Heal
|upkeep
|turn|30
|inactive|Samamfo1994 has 120 seconds left.
|
|t:|1758926636
|switch|p2a: Tornadus|Tornadus-Therian, M|63/100 brn
|move|p1a: Gliscor|Protect||[still]
|-fail|p1a: Gliscor
|
|-heal|p1a: Gliscor|40/100 tox|[from] ability: Poison Heal
|-damage|p2a: Tornadus|57/100 brn|[from] brn
|upkeep
|turn|31
|inactive|Samamfo1994 has 120 seconds left.
|l|☆Samamfo1994
|inactive|Samamfo1994 disconnected and has a minute to reconnect!
|player|p1|
|j|☆Samamfo1994
|inactive|Samamfo1994 reconnected and has 90 seconds left.
|player|p1|Samamfo1994|blackbelt-gen4dp|
|
|t:|1758926686
|switch|p1a: CoffeeTable|Avalugg-Hisui, F|20/100
|move|p2a: Tornadus|Hurricane|p1a: CoffeeTable|[miss]
|-miss|p2a: Tornadus|p1a: CoffeeTable
|
|-damage|p2a: Tornadus|51/100 brn|[from] brn
|upkeep
|turn|32
|-enditem|p1a: CoffeeTable|Custap Berry|[eat]
|-activate|p1a: CoffeeTable|item: Custap Berry|[consumed]
|
|t:|1758926705
|move|p1a: CoffeeTable|Stealth Rock|p2a: Tornadus
|-sidestart|p2: FearedStriker|move: Stealth Rock
|move|p2a: Tornadus|Sludge Wave|p1a: CoffeeTable
|-resisted|p1a: CoffeeTable
|-damage|p1a: CoffeeTable|0 fnt
|faint|p1a: CoffeeTable
|
|-damage|p2a: Tornadus|45/100 brn|[from] brn
|upkeep
|inactive|Samamfo1994 has 60 seconds left.
|
|t:|1758926745
|switch|p1a: Gliscor|Gliscor, M, shiny|40/100 tox
|turn|33
|
|t:|1758926749
|move|p1a: Gliscor|Protect|p1a: Gliscor
|-singleturn|p1a: Gliscor|Protect
|move|p2a: Tornadus|Taunt|p1a: Gliscor
|-activate|p1a: Gliscor|move: Protect
|
|-heal|p1a: Gliscor|52/100 tox|[from] ability: Poison Heal
|-damage|p2a: Tornadus|39/100 brn|[from] brn
|upkeep
|turn|34
|inactive|Samamfo1994 has 60 seconds left.
|
|t:|1758926761
|move|p2a: Tornadus|Hurricane|p1a: Gliscor
|-damage|p1a: Gliscor|0 fnt
|faint|p1a: Gliscor
|
|-damage|p2a: Tornadus|33/100 brn|[from] brn
|upkeep
|
|t:|1758926765
|switch|p1a: Olivia|Arboliva, F, shiny|58/100
|turn|35
|
|t:|1758926775
|move|p2a: Tornadus|Sludge Wave|p1a: Olivia
|-supereffective|p1a: Olivia
|-crit|p1a: Olivia
|-damage|p1a: Olivia|0 fnt
|-fieldstart|move: Grassy Terrain|[from] ability: Seed Sower|[of] p1a: Olivia
|faint|p1a: Olivia
|
|-damage|p2a: Tornadus|27/100 brn|[from] brn
|upkeep
|
|t:|1758926785
|switch|p1a: Juggernut|Chesnaught, M|64/100
|turn|36
|
|t:|1758926791
|move|p2a: Tornadus|Sludge Wave|p1a: Juggernut
|-supereffective|p1a: Juggernut
|-damage|p1a: Juggernut|1/100
|move|p1a: Juggernut|Drain Punch|p2a: Tornadus
|-resisted|p2a: Tornadus
|-damage|p2a: Tornadus|2/100 brn
|-heal|p1a: Juggernut|11/100|[from] drain|[of] p2a: Tornadus
|
|-heal|p1a: Juggernut|17/100|[from] Grassy Terrain
|-damage|p2a: Tornadus|0 fnt|[from] brn
|faint|p2a: Tornadus
|upkeep
|
|t:|1758926797
|switch|p2a: Arcanine|Arcanine, M|100/100
|-damage|p2a: Arcanine|76/100|[from] Stealth Rock
|turn|37
|
|t:|1758926811
|move|p2a: Arcanine|Psychic Fangs|p1a: Juggernut
|-supereffective|p1a: Juggernut
|-damage|p1a: Juggernut|0 fnt
|faint|p1a: Juggernut
|
|win|FearedStriker
|raw|Samamfo1994's rating: 1068 &rarr; <strong>1047</strong><br />(-21 for losing)
|raw|FearedStriker's rating: 1051 &rarr; <strong>1085</strong><br />(+34 for winning)
|l|☆Samamfo1994
|player|p1|
|l|☆FearedStriker
|player|p2|
