|j|☆pantuxd
|j|☆SidTheShuckle
|t:|1758929383
|gametype|singles
|player|p1|pantuxd|1|1324
|player|p2|SidTheShuckle|volo|1353
|gen|9
|tier|[Gen 9] OU
|rated|
|rule|HP Percentage Mod: HP is shown in percentages
|rule|Endless Battle Clause: Forcing endless battles is banned
|rule|Species Clause: Limit one of each Pokémon
|rule|OHKO Clause: OHKO moves are banned
|rule|Evasion Items Clause: Evasion items are banned
|rule|Evasion Moves Clause: Evasion moves are banned
|rule|Evasion Abilities Clause: Evasion abilities are banned
|rule|Sleep Moves Clause: Sleep-inducing moves are banned
|clearpoke
|poke|p1|Carbink, L1|
|poke|p1|Braviary-Hisui, M|
|poke|p1|Ursaluna, F|
|poke|p1|Kingambit, F|
|poke|p1|Iron Hands|
|poke|p1|Hatterene, F|
|poke|p2|Dragapult, M|
|poke|p2|Glimmora, M|
|poke|p2|Comfey, M|
|poke|p2|Kingambit, M|
|poke|p2|Ogerpon-Wellspring, F|
|poke|p2|Blaziken, M|
|teampreview
|inactive|Battle timer is ON: inactive players will automatically lose when time's up. (requested by pantuxd)
|
|t:|1758929390
|teamsize|p1|6
|teamsize|p2|6
|start
|switch|p1a: Hatterene|Hatterene, F|100/100
|switch|p2a: Ogerpon|Ogerpon-Wellspring, F|100/100
|turn|1
|
|t:|1758929394
|move|p2a: Ogerpon|U-turn|p1a: Hatterene
|-damage|p1a: Hatterene|69/100
|
|t:|1758929402
|switch|p2a: Glimmora|Glimmora, M, shiny|100/100|[from] U-turn
|move|p1a: Hatterene|Trick Room|p1a: Hatterene
|-fieldstart|move: Trick Room|[of] p1a: Hatterene
|
|upkeep
|turn|2
|
|t:|1758929410
|move|p1a: Hatterene|Psychic Noise|p2a: Glimmora
|-supereffective|p2a: Glimmora
|-damage|p2a: Glimmora|0 fnt
|faint|p2a: Glimmora
|
|upkeep
|
|t:|1758929418
|switch|p2a: Comfey|Comfey, M, shiny|100/100
|turn|3
|
|t:|1758929429
|switch|p1a: Braviary|Braviary-Hisui, M|100/100
|move|p2a: Comfey|Calm Mind|p2a: Comfey
|-boost|p2a: Comfey|spa|1
|-boost|p2a: Comfey|spd|1
|
|upkeep
|turn|4
|
|t:|1758929441
|move|p1a: Braviary|Hurricane|p2a: Comfey|[miss]
|-miss|p1a: Braviary|p2a: Comfey
|move|p2a: Comfey|Calm Mind|p2a: Comfey
|-boost|p2a: Comfey|spa|1
|-boost|p2a: Comfey|spd|1
|
|upkeep
|turn|5
|
|t:|1758929448
|move|p1a: Braviary|Hurricane|p2a: Comfey
|-damage|p2a: Comfey|48/100
|move|p2a: Comfey|Calm Mind|p2a: Comfey
|-boost|p2a: Comfey|spa|1
|-boost|p2a: Comfey|spd|1
|
|-fieldend|move: Trick Room
|upkeep
|turn|6
|
|t:|1758929454
|move|p2a: Comfey|Draining Kiss|p1a: Braviary
|-damage|p1a: Braviary|28/100
|-heal|p2a: Comfey|100/100|[from] drain|[of] p1a: Braviary
|-damage|p2a: Comfey|91/100|[from] item: Life Orb
|move|p1a: Braviary|Hurricane|p2a: Comfey
|-damage|p2a: Comfey|50/100
|
|upkeep
|turn|7
|
|t:|1758929464
|move|p2a: Comfey|Draining Kiss|p1a: Braviary
|-damage|p1a: Braviary|0 fnt
|-heal|p2a: Comfey|78/100|[from] drain|[of] p1a: Braviary
|faint|p1a: Braviary
|-damage|p2a: Comfey|68/100|[from] item: Life Orb
|
|upkeep
|
|t:|1758929468
|switch|p1a: Kingambit|Kingambit, F|100/100
|-activate|p1a: Kingambit|ability: Supreme Overlord
|-start|p1a: Kingambit|fallen1|[silent]
|turn|8
|
|t:|1758929484
|switch|p2a: Ogerpon|Ogerpon-Wellspring, F|100/100
|move|p1a: Kingambit|Iron Head|p2a: Ogerpon
|-resisted|p2a: Ogerpon
|-damage|p2a: Ogerpon|65/100
|
|upkeep
|turn|9
|
|t:|1758929496
|move|p2a: Ogerpon|U-turn|p1a: Kingambit
|-damage|p1a: Kingambit|81/100
|
|t:|1758929498
|switch|p2a: Blaziken|Blaziken, M, shiny|100/100|[from] U-turn
|move|p1a: Kingambit|Kowtow Cleave|p2a: Blaziken
|-resisted|p2a: Blaziken
|-damage|p2a: Blaziken|50/100
|
|upkeep
|turn|10
|
|t:|1758929507
|move|p2a: Blaziken|Focus Energy|p2a: Blaziken
|-start|p2a: Blaziken|move: Focus Energy
|move|p1a: Kingambit|Kowtow Cleave|p2a: Blaziken
|-resisted|p2a: Blaziken
|-damage|p2a: Blaziken|0 fnt
|faint|p2a: Blaziken
|
|upkeep
|
|t:|1758929514
|switch|p2a: Kingambit|Kingambit, M, shiny|100/100
|-activate|p2a: Kingambit|ability: Supreme Overlord
|-start|p2a: Kingambit|fallen2|[silent]
|-item|p2a: Kingambit|Air Balloon
|turn|11
|
|t:|1758929519
|-end|p1a: Kingambit|fallen1|[silent]
|switch|p1a: Iron Hands|Iron Hands|100/100
|-enditem|p1a: Iron Hands|Booster Energy
|-activate|p1a: Iron Hands|ability: Quark Drive|[fromitem]
|-start|p1a: Iron Hands|quarkdriveatk
|move|p2a: Kingambit|Swords Dance|p2a: Kingambit
|-boost|p2a: Kingambit|atk|2
|
|upkeep
|turn|12
|
|t:|1758929539
|-terastallize|p2a: Kingambit|Ghost
|move|p2a: Kingambit|Iron Head|p1a: Iron Hands
|-resisted|p1a: Iron Hands
|-damage|p1a: Iron Hands|60/100
|move|p1a: Iron Hands|Thunder Punch|p2a: Kingambit
|-damage|p2a: Kingambit|58/100
|-enditem|p2a: Kingambit|Air Balloon
|
|upkeep
|turn|13
|
|t:|1758929549
|move|p2a: Kingambit|Kowtow Cleave|p1a: Iron Hands
|-resisted|p1a: Iron Hands
|-damage|p1a: Iron Hands|16/100
|move|p1a: Iron Hands|Thunder Punch|p2a: Kingambit
|-damage|p2a: Kingambit|14/100
|
|upkeep
|turn|14
|
|t:|1758929556
|move|p2a: Kingambit|Sucker Punch|p1a: Iron Hands
|-resisted|p1a: Iron Hands
|-damage|p1a: Iron Hands|0 fnt
|faint|p1a: Iron Hands
|-end|p1a: Iron Hands|Quark Drive|[silent]
|
|upkeep
|
|t:|1758929560
|switch|p1a: Kingambit|Kingambit, F|81/100
|-activate|p1a: Kingambit|ability: Supreme Overlord
|-start|p1a: Kingambit|fallen2|[silent]
|turn|15
|
|t:|1758929565
|move|p2a: Kingambit|Sucker Punch|p1a: Kingambit
|-resisted|p1a: Kingambit
|-damage|p1a: Kingambit|44/100
|move|p1a: Kingambit|Kowtow Cleave|p2a: Kingambit
|-supereffective|p2a: Kingambit
|-damage|p2a: Kingambit|0 fnt
|faint|p2a: Kingambit
|-end|p2a: Kingambit|fallen2|[silent]
|
|upkeep
|
|t:|1758929572
|switch|p2a: Ogerpon|Ogerpon-Wellspring, F|65/100
|turn|16
|
|t:|1758929576
|-end|p1a: Kingambit|fallen2|[silent]
|switch|p1a: Hatterene|Hatterene, F|69/100
|move|p2a: Ogerpon|Ivy Cudgel|p1a: Hatterene|[anim] Ivy Cudgel Water
|-damage|p1a: Hatterene|5/100
|
|upkeep
|turn|17
|
|t:|1758929580
|move|p2a: Ogerpon|U-turn|p1a: Hatterene
|-damage|p1a: Hatterene|0 fnt
|faint|p1a: Hatterene
|
|t:|1758929584
|switch|p2a: Dragapult|Dragapult, M, shiny|100/100|[from] U-turn
|
|upkeep
|inactive|pantuxd has 120 seconds left.
|
|t:|1758929619
|switch|p1a: Carbink|Carbink, L1|100/100
|turn|18
|
|t:|1758929629
|move|p2a: Dragapult|Flamethrower|p1a: Carbink
|-resisted|p1a: Carbink
|-ability|p1a: Carbink|Sturdy
|-damage|p1a: Carbink|9/100
|move|p1a: Carbink|Trick Room|p1a: Carbink
|-fieldstart|move: Trick Room|[of] p1a: Carbink
|
|-damage|p1a: Carbink|0 fnt|[from] item: Black Sludge
|faint|p1a: Carbink
|upkeep
|
|t:|1758929635
|switch|p1a: Kingambit|Kingambit, F|44/100
|-activate|p1a: Kingambit|ability: Supreme Overlord
|-start|p1a: Kingambit|fallen4|[silent]
|turn|19
|
|t:|1758929644
|move|p1a: Kingambit|Kowtow Cleave|p2a: Dragapult
|-supereffective|p2a: Dragapult
|-damage|p2a: Dragapult|0 fnt
|faint|p2a: Dragapult
|
|upkeep
|
|t:|1758929646
|switch|p2a: Comfey|Comfey, M, shiny|68/100
|turn|20
|
|t:|1758929651
|move|p2a: Comfey|Draining Kiss|p1a: Kingambit
|-damage|p1a: Kingambit|15/100
|-heal|p2a: Comfey|97/100|[from] drain|[of] p1a: Kingambit
|-damage|p2a: Comfey|87/100|[from] item: Life Orb
|move|p1a: Kingambit|Iron Head|p2a: Comfey
|-supereffective|p2a: Comfey
|-damage|p2a: Comfey|0 fnt
|faint|p2a: Comfey
|
|upkeep
|
|t:|1758929653
|switch|p2a: Ogerpon|Ogerpon-Wellspring, F|65/100
|turn|21
|
|t:|1758929656
|move|p1a: Kingambit|Kowtow Cleave|p2a: Ogerpon
|-damage|p2a: Ogerpon|0 fnt
|faint|p2a: Ogerpon
|
|win|pantuxd
|raw|pantuxd's rating: 1324 &rarr; <strong>1346</strong><br />(+22 for winning)
|raw|SidTheShuckle's rating: 1353 &rarr; <strong>1331</strong><br />(-22 for losing)
|l|☆SidTheShuckle
|player|p2|
|l|☆pantuxd
|player|p1|
