|j|☆ay cheu
|j|☆Swagataka
|t:|1758926139
|gametype|singles
|player|p1|ay cheu|riley|1643
|player|p2|Swagataka|byron|1659
|gen|9
|tier|[Gen 9] OU
|rated|
|rule|HP Percentage Mod: HP is shown in percentages
|rule|Endless Battle Clause: Forcing endless battles is banned
|rule|Species Clause: Limit one of each Pokémon
|rule|OHKO Clause: OHKO moves are banned
|rule|Evasion Items Clause: Evasion items are banned
|rule|Evasion Moves Clause: Evasion moves are banned
|rule|Evasion Abilities Clause: Evasion abilities are banned
|rule|Sleep Moves Clause: Sleep-inducing moves are banned
|clearpoke
|poke|p1|Arcanine-Hisui, M|
|poke|p1|Metagross|
|poke|p1|Sandy Shocks|
|poke|p1|Zapdos-Galar|
|poke|p1|Suicune|
|poke|p1|Frosmoth, F|
|poke|p2|Quaquaval, M|
|poke|p2|Pecharunt|
|poke|p2|Great Tusk|
|poke|p2|Iron Crown|
|poke|p2|Lokix, F|
|poke|p2|Kingambit, F|
|teampreview
|inactive|Battle timer is ON: inactive players will automatically lose when time's up. (requested by ay cheu)
|inactive|Swagataka has 120 seconds left.
|
|t:|1758926178
|teamsize|p1|6
|teamsize|p2|6
|start
|switch|p1a: 隼|Zapdos-Galar|100/100
|switch|p2a: Steely Don|Great Tusk|100/100
|turn|1
|
|t:|1758926185
|-end|p2a: Steely Don|Protosynthesis|[silent]
|switch|p2a: Apacherunt|Pecharunt|100/100
|move|p1a: 隼|U-turn|p2a: Apacherunt
|-resisted|p2a: Apacherunt
|-damage|p2a: Apacherunt|98/100
|
|t:|1758926189
|switch|p1a: Sandy Shocks|Sandy Shocks|100/100|[from] U-turn
|
|upkeep
|turn|2
|
|t:|1758926195
|switch|p2a: Irönhead|Kingambit, F|100/100
|-item|p2a: Irönhead|Air Balloon
|move|p1a: Sandy Shocks|Earth Power|p2a: Irönhead
|-immune|p2a: Irönhead
|
|upkeep
|turn|3
|
|t:|1758926199
|move|p1a: Sandy Shocks|Volt Switch|p2a: Irönhead
|-damage|p2a: Irönhead|57/100
|-enditem|p2a: Irönhead|Air Balloon
|-damage|p1a: Sandy Shocks|91/100|[from] item: Life Orb
|
|t:|1758926211
|-end|p1a: Sandy Shocks|Protosynthesis|[silent]
|switch|p1a: 隼|Zapdos-Galar|100/100|[from] Volt Switch
|move|p2a: Irönhead|Thief|p1a: 隼
|-resisted|p1a: 隼
|-damage|p1a: 隼|80/100
|-enditem|p1a: 隼|Choice Scarf|[silent]|[from] move: Thief|[of] p2a: Irönhead
|-item|p2a: Irönhead|Choice Scarf|[from] move: Thief|[of] p1a: 隼
|
|upkeep
|turn|4
|
|t:|1758926218
|move|p1a: 隼|U-turn|p2a: Irönhead
|-damage|p2a: Irönhead|39/100
|
|t:|1758926222
|switch|p1a: 力拔山兮|Metagross, shiny|100/100|[from] U-turn
|move|p2a: Irönhead|Stealth Rock|p1a: 力拔山兮
|-sidestart|p1: ay cheu|move: Stealth Rock
|
|upkeep
|turn|5
|
|t:|1758926233
|switch|p2a: Steely Don|Great Tusk|100/100
|-terastallize|p1a: 力拔山兮|Fighting
|move|p1a: 力拔山兮|Stealth Rock|p2a: Steely Don
|-sidestart|p2: Swagataka|move: Stealth Rock
|
|upkeep
|turn|6
|
|t:|1758926243
|-end|p2a: Steely Don|Protosynthesis|[silent]
|switch|p2a: System Of A Crown|Iron Crown|100/100
|-damage|p2a: System Of A Crown|94/100|[from] Stealth Rock
|move|p1a: 力拔山兮|Psychic Noise|p2a: System Of A Crown
|-resisted|p2a: System Of A Crown
|-damage|p2a: System Of A Crown|89/100
|-start|p2a: System Of A Crown|move: Heal Block
|
|upkeep
|turn|7
|
|t:|1758926251
|switch|p1a: 君君|Suicune|100/100
|-damage|p1a: 君君|88/100|[from] Stealth Rock
|-ability|p1a: 君君|Pressure
|move|p2a: System Of A Crown|Psychic Noise|p1a: 君君
|-damage|p1a: 君君|47/100
|-start|p1a: 君君|move: Heal Block
|
|-end|p2a: System Of A Crown|move: Heal Block
|upkeep
|turn|8
|
|t:|1758926260
|switch|p1a: 扑火|Frosmoth, F, shiny|100/100
|move|p2a: System Of A Crown|Psychic Noise|p1a: 扑火
|-damage|p1a: 扑火|80/100
|-start|p1a: 扑火|move: Heal Block
|
|upkeep
|turn|9
|
|t:|1758926275
|move|p2a: System Of A Crown|Psychic Noise|p1a: 扑火
|-damage|p1a: 扑火|60/100
|move|p1a: 扑火|U-turn|p2a: System Of A Crown
|-damage|p2a: System Of A Crown|72/100
|
|t:|1758926281
|switch|p1a: Sandy Shocks|Sandy Shocks|91/100|[from] U-turn
|-damage|p1a: Sandy Shocks|84/100|[from] Stealth Rock
|
|upkeep
|turn|10
|
|t:|1758926296
|-end|p2a: System Of A Crown|Quark Drive|[silent]
|switch|p2a: Apacherunt|Pecharunt|98/100
|move|p1a: Sandy Shocks|Volt Switch|p2a: Apacherunt
|-damage|p2a: Apacherunt|48/100
|-damage|p1a: Sandy Shocks|75/100|[from] item: Life Orb
|
|t:|1758926305
|-end|p1a: Sandy Shocks|Protosynthesis|[silent]
|switch|p1a: 扑火|Frosmoth, F, shiny|60/100|[from] Volt Switch
|
|upkeep
|turn|11
|
|t:|1758926308
|move|p2a: Apacherunt|Toxic|p1a: 扑火
|-status|p1a: 扑火|tox
|-start|p1a: 扑火|confusion|[from] ability: Poison Puppeteer|[of] p2a: Apacherunt
|-activate|p1a: 扑火|confusion
|move|p1a: 扑火|Ice Beam|p2a: Apacherunt
|-damage|p2a: Apacherunt|8/100
|
|-damage|p1a: 扑火|54/100 tox|[from] psn
|upkeep
|turn|12
|
|t:|1758926314
|move|p2a: Apacherunt|Recover|p2a: Apacherunt
|-heal|p2a: Apacherunt|58/100
|-end|p1a: 扑火|confusion
|move|p1a: 扑火|U-turn|p2a: Apacherunt
|-resisted|p2a: Apacherunt
|-damage|p2a: Apacherunt|56/100
|
|t:|1758926317
|switch|p1a: Sandy Shocks|Sandy Shocks|75/100|[from] U-turn
|-damage|p1a: Sandy Shocks|68/100|[from] Stealth Rock
|
|upkeep
|turn|13
|
|t:|1758926320
|move|p1a: Sandy Shocks|Earth Power|p2a: Apacherunt
|-supereffective|p2a: Apacherunt
|-damage|p2a: Apacherunt|0 fnt
|faint|p2a: Apacherunt
|-damage|p1a: Sandy Shocks|59/100|[from] item: Life Orb
|
|upkeep
|
|t:|1758926322
|switch|p2a: Irönhead|Kingambit, F|39/100
|-damage|p2a: Irönhead|33/100|[from] Stealth Rock
|turn|14
|
|t:|1758926326
|-end|p1a: Sandy Shocks|Protosynthesis|[silent]
|switch|p1a: 力拔山兮|Metagross, shiny, tera:Fighting|100/100
|-damage|p1a: 力拔山兮|94/100|[from] Stealth Rock
|move|p2a: Irönhead|Sucker Punch||[still]
|-fail|p2a: Irönhead
|
|upkeep
|turn|15
|
|t:|1758926345
|switch|p2a: Knoc Party|Lokix, F|100/100
|-damage|p2a: Knoc Party|76/100|[from] Stealth Rock
|move|p1a: 力拔山兮|Body Press|p2a: Knoc Party
|-damage|p2a: Knoc Party|6/100
|
|upkeep
|turn|16
|j| blueberrymilkshake
|
|t:|1758926352
|move|p2a: Knoc Party|Sucker Punch|p1a: 力拔山兮
|-resisted|p1a: 力拔山兮
|-damage|p1a: 力拔山兮|69/100
|-damage|p2a: Knoc Party|0 fnt|[from] item: Rocky Helmet|[of] p1a: 力拔山兮
|faint|p2a: Knoc Party
|move|p1a: 力拔山兮|Bullet Punch|p2: Knoc Party|[notarget]
|-fail|p1a: 力拔山兮
|
|upkeep
|
|t:|1758926356
|switch|p2a: System Of A Crown|Iron Crown|72/100
|-damage|p2a: System Of A Crown|66/100|[from] Stealth Rock
|turn|17
|
|t:|1758926362
|switch|p1a: 扑火|Frosmoth, F, shiny|54/100 tox
|move|p2a: System Of A Crown|Psychic Noise|p1a: 扑火
|-damage|p1a: 扑火|32/100 tox
|-start|p1a: 扑火|move: Heal Block
|
|-damage|p1a: 扑火|26/100 tox|[from] psn
|upkeep
|turn|18
|l| blueberrymilkshake
|
|t:|1758926371
|-end|p2a: System Of A Crown|Quark Drive|[silent]
|switch|p2a: Irönhead|Kingambit, F|33/100
|-damage|p2a: Irönhead|27/100|[from] Stealth Rock
|move|p1a: 扑火|U-turn|p2a: Irönhead
|-damage|p2a: Irönhead|15/100
|
|t:|1758926377
|switch|p1a: 隼|Zapdos-Galar|80/100|[from] U-turn
|-damage|p1a: 隼|67/100|[from] Stealth Rock
|
|upkeep
|turn|19
|
|t:|1758926380
|move|p1a: 隼|U-turn|p2a: Irönhead
|-damage|p2a: Irönhead|0 fnt
|faint|p2a: Irönhead
|
|t:|1758926390
|switch|p1a: 力拔山兮|Metagross, shiny, tera:Fighting|69/100|[from] U-turn
|-damage|p1a: 力拔山兮|63/100|[from] Stealth Rock
|
|upkeep
|
|t:|1758926393
|switch|p2a: Steely Don|Great Tusk|100/100
|turn|20
|
|t:|1758926396
|move|p2a: Steely Don|Headlong Rush|p1a: 力拔山兮
|-damage|p1a: 力拔山兮|26/100
|-unboost|p2a: Steely Don|def|1
|-unboost|p2a: Steely Don|spd|1
|-damage|p2a: Steely Don|84/100|[from] item: Rocky Helmet|[of] p1a: 力拔山兮
|move|p1a: 力拔山兮|Psychic Noise|p2a: Steely Don
|-supereffective|p2a: Steely Don
|-damage|p2a: Steely Don|0 fnt
|faint|p2a: Steely Don
|-end|p2a: Steely Don|Protosynthesis|[silent]
|
|upkeep
|
|t:|1758926398
|switch|p2a: Quack Sabbath|Quaquaval, M|100/100
|-damage|p2a: Quack Sabbath|94/100|[from] Stealth Rock
|turn|21
|j| IWasBornFaat
|
|t:|1758926408
|move|p2a: Quack Sabbath|Aqua Step|p1a: 力拔山兮
|-damage|p1a: 力拔山兮|4/100
|-boost|p2a: Quack Sabbath|spe|1
|-damage|p2a: Quack Sabbath|78/100|[from] item: Rocky Helmet|[of] p1a: 力拔山兮
|move|p1a: 力拔山兮|Psychic Noise|p2a: Quack Sabbath
|-supereffective|p2a: Quack Sabbath
|-damage|p2a: Quack Sabbath|15/100
|-start|p2a: Quack Sabbath|move: Heal Block
|
|upkeep
|turn|22
|
|t:|1758926416
|move|p1a: 力拔山兮|Bullet Punch|p2a: Quack Sabbath
|-resisted|p2a: Quack Sabbath
|-damage|p2a: Quack Sabbath|5/100
|move|p2a: Quack Sabbath|Aqua Step|p1a: 力拔山兮
|-damage|p1a: 力拔山兮|0 fnt
|-boost|p2a: Quack Sabbath|spe|1
|-damage|p2a: Quack Sabbath|0 fnt|[from] item: Rocky Helmet|[of] p1a: 力拔山兮
|faint|p1a: 力拔山兮
|faint|p2a: Quack Sabbath
|
|upkeep
|
|t:|1758926422
|switch|p2a: System Of A Crown|Iron Crown|66/100
|switch|p1a: 隼|Zapdos-Galar|67/100
|-damage|p1a: 隼|55/100|[from] Stealth Rock
|-damage|p2a: System Of A Crown|60/100|[from] Stealth Rock
|turn|23
|-message|Swagataka forfeited.
|
|win|ay cheu
|raw|ay cheu's rating: 1643 &rarr; <strong>1664</strong><br />(+21 for winning)
|raw|Swagataka's rating: 1659 &rarr; <strong>1638</strong><br />(-21 for losing)
|l|☆Swagataka
|player|p2|
|l|☆ay cheu
|player|p1|
