|raw|<div class="broadcast-blue"><strong>This battle is required to be public due to a player having a name starting with 'lt2'.</div>
|j|☆LT2 lulu
|j|☆White Boy SZN
|t:|1758992657
|gametype|singles
|player|p1|LT2 lulu|102|1590
|player|p2|White Boy SZN|blue-gen7|1523
|gen|9
|tier|[Gen 9] OU
|rated|
|rule|HP Percentage Mod: HP is shown in percentages
|rule|Endless Battle Clause: Forcing endless battles is banned
|rule|Species Clause: Limit one of each Pokémon
|rule|OHKO Clause: OHKO moves are banned
|rule|Evasion Items Clause: Evasion items are banned
|rule|Evasion Moves Clause: Evasion moves are banned
|rule|Evasion Abilities Clause: Evasion abilities are banned
|rule|Sleep Moves Clause: Sleep-inducing moves are banned
|clearpoke
|poke|p1|Garganacl, M|
|poke|p1|Great Tusk|
|poke|p1|Corviknight, M|
|poke|p1|Hoopa-Unbound|
|poke|p1|Sinistcha|
|poke|p1|Weezing-Galar, M|
|poke|p2|Conkeldurr, F|
|poke|p2|Rillaboom, M|
|poke|p2|Heatran, M|
|poke|p2|Hatterene, F|
|poke|p2|Dragonite, F|
|poke|p2|Iron Valiant|
|teampreview
|
|t:|1758992685
|teamsize|p1|6
|teamsize|p2|6
|start
|switch|p1a: Corviknight|Corviknight, M, shiny|100/100
|switch|p2a: Rillaboom|Rillaboom, M|100/100
|-fieldstart|move: Grassy Terrain|[from] ability: Grassy Surge|[of] p2a: Rillaboom
|-ability|p1a: Corviknight|Pressure
|turn|1
|
|t:|1758992694
|move|p2a: Rillaboom|U-turn|p1a: Corviknight
|-resisted|p1a: Corviknight
|-damage|p1a: Corviknight|95/100
|
|t:|1758992705
|switch|p2a: Hatterene|Hatterene, F|100/100|[from] U-turn
|-enditem|p2a: Hatterene|Grassy Seed
|-boost|p2a: Hatterene|def|1|[from] item: Grassy Seed
|move|p1a: Corviknight|U-turn|p2a: Hatterene
|-damage|p2a: Hatterene|89/100
|
|t:|1758992717
|switch|p1a: Hoopa|Hoopa-Unbound|100/100|[from] U-turn
|
|-heal|p2a: Hatterene|95/100|[from] Grassy Terrain
|upkeep
|turn|2
|
|t:|1758992728
|move|p1a: Hoopa|Psychic Noise|p2a: Hatterene
|-resisted|p2a: Hatterene
|-damage|p2a: Hatterene|71/100
|-start|p2a: Hatterene|move: Heal Block
|move|p2a: Hatterene|Calm Mind|p2a: Hatterene
|-boost|p2a: Hatterene|spa|1
|-boost|p2a: Hatterene|spd|1
|
|upkeep
|turn|3
|
|t:|1758992737
|move|p1a: Hoopa|Thunderbolt|p2a: Hatterene
|-damage|p2a: Hatterene|45/100
|move|p2a: Hatterene|Calm Mind|p2a: Hatterene
|-boost|p2a: Hatterene|spa|1
|-boost|p2a: Hatterene|spd|1
|
|-end|p2a: Hatterene|move: Heal Block
|upkeep
|turn|4
|
|t:|1758992743
|move|p1a: Hoopa|Psychic Noise|p2a: Hatterene
|-resisted|p2a: Hatterene
|-damage|p2a: Hatterene|32/100
|-start|p2a: Hatterene|move: Heal Block
|move|p2a: Hatterene|Mystical Fire|p1a: Hoopa
|-damage|p1a: Hoopa|70/100
|-unboost|p1a: Hoopa|spa|1
|
|-heal|p1a: Hoopa|76/100|[from] Grassy Terrain
|upkeep
|turn|5
|
|t:|1758992754
|move|p1a: Hoopa|Thunderbolt|p2a: Hatterene
|-damage|p2a: Hatterene|17/100
|move|p2a: Hatterene|Mystical Fire|p1a: Hoopa
|-damage|p1a: Hoopa|43/100
|-unboost|p1a: Hoopa|spa|1
|
|-heal|p1a: Hoopa|49/100|[from] Grassy Terrain
|-end|p2a: Hatterene|move: Heal Block
|upkeep
|turn|6
|
|t:|1758992767
|move|p1a: Hoopa|Psychic Noise|p2a: Hatterene
|-resisted|p2a: Hatterene
|-damage|p2a: Hatterene|10/100
|-start|p2a: Hatterene|move: Heal Block
|move|p2a: Hatterene|Mystical Fire|p1a: Hoopa
|-damage|p1a: Hoopa|16/100
|-unboost|p1a: Hoopa|spa|1
|
|-heal|p1a: Hoopa|22/100|[from] Grassy Terrain
|upkeep
|turn|7
|
|t:|1758992783
|move|p1a: Hoopa|Thunderbolt|p2a: Hatterene
|-damage|p2a: Hatterene|1/100
|move|p2a: Hatterene|Mystical Fire|p1a: Hoopa
|-damage|p1a: Hoopa|0 fnt
|faint|p1a: Hoopa
|
|-end|p2a: Hatterene|move: Heal Block
|upkeep
|
|t:|1758992793
|switch|p1a: Corviknight|Corviknight, M, shiny|95/100
|-ability|p1a: Corviknight|Pressure
|turn|8
|
|t:|1758992796
|move|p1a: Corviknight|U-turn|p2a: Hatterene
|-damage|p2a: Hatterene|0 fnt
|faint|p2a: Hatterene
|
|t:|1758992803
|switch|p1a: Weezing|Weezing-Galar, M, shiny|100/100|[from] U-turn
|-ability|p1a: Weezing|Neutralizing Gas
|
|-fieldend|move: Grassy Terrain
|upkeep
|
|t:|1758992819
|switch|p2a: Heatran|Heatran, M|100/100
|turn|9
|
|t:|1758992832
|-end|p1a: Weezing|ability: Neutralizing Gas
|switch|p1a: Garganacl|Garganacl, M, shiny|100/100
|move|p2a: Heatran|Stealth Rock|p1a: Garganacl
|-sidestart|p1: LT2 lulu|move: Stealth Rock
|
|upkeep
|turn|10
|
|t:|1758992841
|switch|p2a: Conkeldurr|Conkeldurr, F|100/100
|move|p1a: Garganacl|Stealth Rock|p2a: Conkeldurr
|-sidestart|p2: White Boy SZN|move: Stealth Rock
|
|upkeep
|turn|11
|
|t:|1758992850
|switch|p1a: Weezing|Weezing-Galar, M, shiny|100/100
|-ability|p1a: Weezing|Neutralizing Gas
|move|p2a: Conkeldurr|Dynamic Punch|p1a: Weezing|[miss]
|-miss|p2a: Conkeldurr|p1a: Weezing
|-enditem|p2a: Conkeldurr|Blunder Policy
|-boost|p2a: Conkeldurr|spe|2
|
|upkeep
|turn|12
|
|t:|1758992866
|move|p2a: Conkeldurr|Stomping Tantrum|p1a: Weezing
|-supereffective|p1a: Weezing
|-damage|p1a: Weezing|29/100
|move|p1a: Weezing|Will-O-Wisp|p2a: Conkeldurr
|-status|p2a: Conkeldurr|brn
|
|-damage|p2a: Conkeldurr|95/100 brn|[from] brn
|upkeep
|turn|13
|
|t:|1758992889
|move|p2a: Conkeldurr|Bulk Up|p2a: Conkeldurr
|-boost|p2a: Conkeldurr|atk|1
|-boost|p2a: Conkeldurr|def|1
|move|p1a: Weezing|Pain Split|p2a: Conkeldurr
|-sethp|p2a: Conkeldurr|61/100 brn|[from] move: Pain Split|[silent]
|-sethp|p1a: Weezing|64/100|[from] move: Pain Split
|
|-damage|p2a: Conkeldurr|55/100 brn|[from] brn
|upkeep
|turn|14
|
|t:|1758992898
|move|p2a: Conkeldurr|Bulk Up|p2a: Conkeldurr
|-boost|p2a: Conkeldurr|atk|1
|-boost|p2a: Conkeldurr|def|1
|move|p1a: Weezing|Sludge Bomb|p2a: Conkeldurr
|-damage|p2a: Conkeldurr|19/100 brn
|
|-damage|p2a: Conkeldurr|13/100 brn|[from] brn
|upkeep
|turn|15
|
|t:|1758992906
|move|p2a: Conkeldurr|Dynamic Punch|p1a: Weezing
|-resisted|p1a: Weezing
|-damage|p1a: Weezing|56/100
|-start|p1a: Weezing|confusion
|-activate|p1a: Weezing|confusion
|move|p1a: Weezing|Sludge Bomb|p2a: Conkeldurr
|-damage|p2a: Conkeldurr|0 fnt
|faint|p2a: Conkeldurr
|
|upkeep
|
|t:|1758992921
|switch|p2a: Heatran|Heatran, M|100/100
|-damage|p2a: Heatran|88/100|[from] Stealth Rock
|turn|16
|
|t:|1758992928
|-end|p1a: Weezing|ability: Neutralizing Gas
|switch|p1a: Garganacl|Garganacl, M, shiny|100/100
|-damage|p1a: Garganacl|88/100|[from] Stealth Rock
|move|p2a: Heatran|Magma Storm|p1a: Garganacl
|-resisted|p1a: Garganacl
|-damage|p1a: Garganacl|68/100
|-activate|p1a: Garganacl|move: Magma Storm|[of] p2a: Heatran
|
|-heal|p2a: Heatran|94/100|[from] item: Leftovers
|-heal|p1a: Garganacl|74/100|[from] item: Leftovers
|-damage|p1a: Garganacl|62/100|[from] move: Magma Storm|[partiallytrapped]
|upkeep
|turn|17
|
|t:|1758992940
|move|p2a: Heatran|Earth Power|p1a: Garganacl
|-supereffective|p1a: Garganacl
|-damage|p1a: Garganacl|16/100
|move|p1a: Garganacl|Recover|p1a: Garganacl
|-heal|p1a: Garganacl|66/100
|
|-heal|p2a: Heatran|100/100|[from] item: Leftovers
|-heal|p1a: Garganacl|72/100|[from] item: Leftovers
|-damage|p1a: Garganacl|60/100|[from] move: Magma Storm|[partiallytrapped]
|upkeep
|turn|18
|
|t:|1758992964
|move|p2a: Heatran|Earth Power|p1a: Garganacl
|-supereffective|p1a: Garganacl
|-damage|p1a: Garganacl|17/100
|move|p1a: Garganacl|Recover|p1a: Garganacl
|-heal|p1a: Garganacl|67/100
|
|-heal|p1a: Garganacl|73/100|[from] item: Leftovers
|-damage|p1a: Garganacl|61/100|[from] move: Magma Storm|[partiallytrapped]
|upkeep
|turn|19
|
|t:|1758992971
|move|p2a: Heatran|Taunt|p1a: Garganacl
|-start|p1a: Garganacl|move: Taunt
|cant|p1a: Garganacl|move: Taunt|Recover
|
|-heal|p1a: Garganacl|67/100|[from] item: Leftovers
|-damage|p1a: Garganacl|55/100|[from] move: Magma Storm|[partiallytrapped]
|upkeep
|turn|20
|
|t:|1758992976
|move|p2a: Heatran|Earth Power|p1a: Garganacl
|-supereffective|p1a: Garganacl
|-damage|p1a: Garganacl|13/100
|-unboost|p1a: Garganacl|spd|1
|move|p1a: Garganacl|Salt Cure|p2a: Heatran
|-damage|p2a: Heatran|87/100
|-start|p2a: Heatran|Salt Cure
|
|-heal|p2a: Heatran|93/100|[from] item: Leftovers
|-heal|p1a: Garganacl|19/100|[from] item: Leftovers
|-damage|p2a: Heatran|68/100|[from] Salt Cure
|-end|p1a: Garganacl|Magma Storm|[partiallytrapped]
|upkeep
|turn|21
|
|t:|1758992982
|move|p2a: Heatran|Magma Storm|p1a: Garganacl
|-resisted|p1a: Garganacl
|-damage|p1a: Garganacl|0 fnt
|faint|p1a: Garganacl
|
|-heal|p2a: Heatran|74/100|[from] item: Leftovers
|-damage|p2a: Heatran|49/100|[from] Salt Cure
|upkeep
|
|t:|1758992989
|switch|p1a: Great Tusk|Great Tusk, shiny|100/100
|-damage|p1a: Great Tusk|98/100|[from] Stealth Rock
|turn|22
|
|t:|1758993003
|move|p1a: Great Tusk|Close Combat|p2a: Heatran
|-supereffective|p2a: Heatran
|-damage|p2a: Heatran|0 fnt
|-unboost|p1a: Great Tusk|def|1
|-unboost|p1a: Great Tusk|spd|1
|faint|p2a: Heatran
|
|upkeep
|
|t:|1758993017
|switch|p2a: Rillaboom|Rillaboom, M|100/100
|-damage|p2a: Rillaboom|88/100|[from] Stealth Rock
|-fieldstart|move: Grassy Terrain|[from] ability: Grassy Surge|[of] p2a: Rillaboom
|turn|23
|
|t:|1758993021
|-end|p1a: Great Tusk|Protosynthesis|[silent]
|switch|p1a: Weezing|Weezing-Galar, M, shiny|56/100
|-ability|p1a: Weezing|Neutralizing Gas
|move|p2a: Rillaboom|Grassy Glide|p1a: Weezing
|-resisted|p1a: Weezing
|-damage|p1a: Weezing|44/100
|
|-heal|p2a: Rillaboom|94/100|[from] Grassy Terrain
|-heal|p1a: Weezing|50/100|[from] Grassy Terrain
|upkeep
|turn|24
|
|t:|1758993031
|move|p2a: Rillaboom|Knock Off|p1a: Weezing
|-resisted|p1a: Weezing
|-damage|p1a: Weezing|39/100
|-enditem|p1a: Weezing|Heavy-Duty Boots|[from] move: Knock Off|[of] p2a: Rillaboom
|move|p1a: Weezing|Pain Split|p2a: Rillaboom
|-sethp|p2a: Rillaboom|64/100|[from] move: Pain Split|[silent]
|-sethp|p1a: Weezing|75/100|[from] move: Pain Split
|
|-heal|p2a: Rillaboom|70/100|[from] Grassy Terrain
|-heal|p1a: Weezing|81/100|[from] Grassy Terrain
|upkeep
|turn|25
|
|t:|1758993039
|move|p2a: Rillaboom|U-turn|p1a: Weezing
|-resisted|p1a: Weezing
|-damage|p1a: Weezing|77/100
|
|t:|1758993042
|switch|p2a: Dragonite|Dragonite, F|100/100|[from] U-turn
|-damage|p2a: Dragonite|76/100|[from] Stealth Rock
|move|p1a: Weezing|Sludge Bomb|p2a: Dragonite
|-damage|p2a: Dragonite|47/100
|
|-heal|p1a: Weezing|83/100|[from] Grassy Terrain
|upkeep
|turn|26
|
|t:|1758993053
|-terastallize|p2a: Dragonite|Fire
|move|p2a: Dragonite|Dragon Dance|p2a: Dragonite
|-boost|p2a: Dragonite|atk|1
|-boost|p2a: Dragonite|spe|1
|move|p1a: Weezing|Sludge Bomb|p2a: Dragonite
|-damage|p2a: Dragonite|16/100
|
|-heal|p2a: Dragonite|22/100|[from] Grassy Terrain
|-heal|p1a: Weezing|89/100|[from] Grassy Terrain
|upkeep
|turn|27
|
|t:|1758993065
|move|p2a: Dragonite|Fire Punch|p1a: Weezing
|-damage|p1a: Weezing|47/100
|move|p1a: Weezing|Sludge Bomb|p2a: Dragonite
|-damage|p2a: Dragonite|0 fnt
|faint|p2a: Dragonite
|
|-heal|p1a: Weezing|53/100|[from] Grassy Terrain
|upkeep
|-message|White Boy SZN forfeited.
|
|win|LT2 lulu
|raw|LT2 lulu's rating: 1590 &rarr; <strong>1606</strong><br />(+16 for winning)
|raw|White Boy SZN's rating: 1523 &rarr; <strong>1507</strong><br />(-16 for losing)
|l|☆White Boy SZN
|player|p2|
|l|☆LT2 lulu
|player|p1|
