|j|☆rhetus.periander
|j|☆William will
|t:|1758936068
|gametype|singles
|player|p1|rhetus.periander|cyrus|1014
|player|p2|William will|170|1000
|gen|9
|tier|[Gen 9] OU
|rated|
|rule|HP Percentage Mod: HP is shown in percentages
|rule|Endless Battle Clause: Forcing endless battles is banned
|rule|Species Clause: Limit one of each Pokémon
|rule|OHKO Clause: OHKO moves are banned
|rule|Evasion Items Clause: Evasion items are banned
|rule|Evasion Moves Clause: Evasion moves are banned
|rule|Evasion Abilities Clause: Evasion abilities are banned
|rule|Sleep Moves Clause: Sleep-inducing moves are banned
|clearpoke
|poke|p1|Zoroark, F|
|poke|p1|Corviknight, M|
|poke|p1|Ting-Lu|
|poke|p1|Suicune|
|poke|p1|Dragapult, F|
|poke|p1|Breloom, F|
|poke|p2|Ninetales-Alola, F|
|poke|p2|Espeon, F|
|poke|p2|Arcanine-Hisui, M|
|poke|p2|Alomomola, F|
|poke|p2|Dragonite, M|
|poke|p2|Great Tusk|
|teampreview
|
|t:|1758936082
|teamsize|p1|6
|teamsize|p2|6
|start
|switch|p1a: Dragapult|Dragapult, F|100/100
|switch|p2a: Espeon|Espeon, F|100/100
|turn|1
|inactive|Battle timer is ON: inactive players will automatically lose when time's up. (requested by William will)
|
|t:|1758936099
|switch|p2a: Alomomola|Alomomola, F|100/100
|-terastallize|p1a: Dragapult|Dark
|move|p1a: Dragapult|Nasty Plot|p1a: Dragapult
|-boost|p1a: Dragapult|spa|2
|
|upkeep
|turn|2
|
|t:|1758936110
|move|p1a: Dragapult|Sludge Bomb|p2a: Alomomola
|-crit|p2a: Alomomola
|-damage|p2a: Alomomola|10/100
|-damage|p1a: Dragapult|91/100|[from] item: Life Orb
|move|p2a: Alomomola|Scald|p1a: Dragapult
|-damage|p1a: Dragapult|65/100
|replace|p1a: Zoroark|Zoroark, F
|-end|p1a: Zoroark|Illusion
|
|-heal|p2a: Alomomola|16/100|[from] item: Leftovers
|upkeep
|turn|3
|
|t:|1758936121
|move|p1a: Zoroark|Psychic|p2a: Alomomola
|-crit|p2a: Alomomola
|-damage|p2a: Alomomola|0 fnt
|faint|p2a: Alomomola
|-damage|p1a: Zoroark|56/100|[from] item: Life Orb
|
|upkeep
|
|t:|1758936144
|switch|p2a: Espeon|Espeon, F|100/100
|turn|4
|
|t:|1758936150
|-terastallize|p2a: Espeon|Fairy
|move|p2a: Espeon|Draining Kiss|p1a: Zoroark
|-supereffective|p1a: Zoroark
|-damage|p1a: Zoroark|0 fnt
|faint|p1a: Zoroark
|
|upkeep
|
|t:|1758936157
|switch|p1a: Corviknight|Corviknight, M|100/100
|-ability|p1a: Corviknight|Unnerve
|turn|5
|
|t:|1758936169
|switch|p2a: Ninetales|Ninetales-Alola, F|100/100
|-weather|Snowscape|[from] ability: Snow Warning|[of] p2a: Ninetales
|move|p1a: Corviknight|Bulk Up|p1a: Corviknight
|-boost|p1a: Corviknight|atk|1
|-boost|p1a: Corviknight|def|1
|
|-weather|Snowscape|[upkeep]
|upkeep
|turn|6
|
|t:|1758936181
|move|p2a: Ninetales|Encore|p1a: Corviknight
|-start|p1a: Corviknight|Encore
|move|p1a: Corviknight|Bulk Up|p1a: Corviknight
|-boost|p1a: Corviknight|atk|1
|-boost|p1a: Corviknight|def|1
|
|-weather|Snowscape|[upkeep]
|upkeep
|turn|7
|
|t:|1758936188
|switch|p2a: Arcanine|Arcanine-Hisui, M|100/100
|move|p1a: Corviknight|Bulk Up|p1a: Corviknight
|-boost|p1a: Corviknight|atk|1
|-boost|p1a: Corviknight|def|1
|
|-weather|Snowscape|[upkeep]
|upkeep
|turn|8
|
|t:|1758936201
|switch|p1a: Ting-Lu|Ting-Lu, shiny|100/100
|-ability|p1a: Ting-Lu|Vessel of Ruin
|move|p2a: Arcanine|Flare Blitz|p1a: Ting-Lu
|-damage|p1a: Ting-Lu|75/100
|-status|p1a: Ting-Lu|brn
|
|-weather|Snowscape|[upkeep]
|-damage|p1a: Ting-Lu|69/100 brn|[from] brn
|upkeep
|turn|9
|
|t:|1758936215
|switch|p2a: Ninetales|Ninetales-Alola, F|100/100
|move|p1a: Ting-Lu|Earthquake|p2a: Ninetales
|-damage|p2a: Ninetales|80/100
|-heal|p1a: Ting-Lu|70/100 brn|[from] item: Shell Bell|[of] p2a: Ninetales
|
|-weather|none
|-damage|p1a: Ting-Lu|64/100 brn|[from] brn
|upkeep
|turn|10
|
|t:|1758936231
|switch|p2a: Dragonite|Dragonite, M|100/100
|switch|p1a: Corviknight|Corviknight, M|100/100
|-ability|p1a: Corviknight|Unnerve
|
|upkeep
|turn|11
|
|t:|1758936239
|switch|p2a: Espeon|Espeon, F, tera:Fairy|100/100
|move|p1a: Corviknight|Bulk Up|p1a: Corviknight
|-boost|p1a: Corviknight|atk|1
|-boost|p1a: Corviknight|def|1
|
|upkeep
|turn|12
|
|t:|1758936245
|move|p2a: Espeon|Trick|p1a: Corviknight
|-activate|p2a: Espeon|move: Trick|[of] p1a: Corviknight
|-item|p1a: Corviknight|Choice Scarf|[from] move: Trick
|-item|p2a: Espeon|Sitrus Berry|[from] move: Trick
|move|p1a: Corviknight|Bulk Up|p1a: Corviknight
|-boost|p1a: Corviknight|atk|1
|-boost|p1a: Corviknight|def|1
|
|upkeep
|turn|13
|
|t:|1758936255
|switch|p2a: Arcanine|Arcanine-Hisui, M|100/100
|move|p1a: Corviknight|Bulk Up|p1a: Corviknight
|-boost|p1a: Corviknight|atk|1
|-boost|p1a: Corviknight|def|1
|
|upkeep
|turn|14
|
|t:|1758936263
|switch|p1a: Suicune|Suicune|100/100
|move|p2a: Arcanine|Flare Blitz|p1a: Suicune
|-resisted|p1a: Suicune
|-damage|p1a: Suicune|74/100
|
|-heal|p1a: Suicune|81/100|[from] item: Leftovers
|upkeep
|turn|15
|
|t:|1758936272
|switch|p2a: Ninetales|Ninetales-Alola, F|80/100
|-weather|Snowscape|[from] ability: Snow Warning|[of] p2a: Ninetales
|move|p1a: Suicune|Agility|p1a: Suicune
|-boost|p1a: Suicune|spe|2
|
|-weather|Snowscape|[upkeep]
|-heal|p1a: Suicune|87/100|[from] item: Leftovers
|upkeep
|turn|16
|
|t:|1758936285
|move|p1a: Suicune|Hydro Pump|p2a: Ninetales
|-damage|p2a: Ninetales|29/100
|move|p2a: Ninetales|Aurora Veil|p2a: Ninetales
|-sidestart|p2: William will|move: Aurora Veil
|
|-weather|Snowscape|[upkeep]
|-heal|p1a: Suicune|93/100|[from] item: Leftovers
|upkeep
|turn|17
|
|t:|1758936296
|move|p1a: Suicune|Hydro Pump|p2a: Ninetales
|-damage|p2a: Ninetales|4/100
|move|p2a: Ninetales|Blizzard|p1a: Suicune
|-resisted|p1a: Suicune
|-damage|p1a: Suicune|75/100
|
|-weather|Snowscape|[upkeep]
|-heal|p1a: Suicune|81/100|[from] item: Leftovers
|upkeep
|turn|18
|
|t:|1758936304
|move|p1a: Suicune|Air Slash|p2a: Ninetales
|-damage|p2a: Ninetales|0 fnt
|faint|p2a: Ninetales
|
|-weather|Snowscape|[upkeep]
|-heal|p1a: Suicune|87/100|[from] item: Leftovers
|upkeep
|
|t:|1758936307
|switch|p2a: Espeon|Espeon, F, tera:Fairy|100/100
|turn|19
|
|t:|1758936314
|move|p1a: Suicune|Hydro Pump|p2a: Espeon
|-damage|p2a: Espeon|71/100
|move|p2a: Espeon|Calm Mind|p2a: Espeon
|-boost|p2a: Espeon|spa|1
|-boost|p2a: Espeon|spd|1
|
|-weather|none
|-heal|p1a: Suicune|93/100|[from] item: Leftovers
|upkeep
|turn|20
|
|t:|1758936324
|move|p1a: Suicune|Air Slash|p2a: Espeon
|-damage|p2a: Espeon|60/100
|cant|p2a: Espeon|flinch
|
|-heal|p1a: Suicune|99/100|[from] item: Leftovers
|upkeep
|turn|21
|
|t:|1758936331
|move|p1a: Suicune|Hydro Pump|p2a: Espeon
|-damage|p2a: Espeon|37/100
|-enditem|p2a: Espeon|Sitrus Berry|[eat]
|-heal|p2a: Espeon|62/100|[from] item: Sitrus Berry
|move|p2a: Espeon|Calm Mind|p2a: Espeon
|-boost|p2a: Espeon|spa|1
|-boost|p2a: Espeon|spd|1
|
|-heal|p1a: Suicune|100/100|[from] item: Leftovers
|upkeep
|turn|22
|
|t:|1758936340
|switch|p1a: Corviknight|Corviknight, M|100/100
|-ability|p1a: Corviknight|Unnerve
|move|p2a: Espeon|Calm Mind|p2a: Espeon
|-boost|p2a: Espeon|spa|1
|-boost|p2a: Espeon|spd|1
|
|upkeep
|turn|23
|
|t:|1758936350
|switch|p2a: Dragonite|Dragonite, M|100/100
|move|p1a: Corviknight|Iron Head|p2a: Dragonite
|-damage|p2a: Dragonite|92/100
|
|-sideend|p2: William will|move: Aurora Veil
|upkeep
|turn|24
|
|t:|1758936360
|switch|p1a: Suicune|Suicune|100/100
|move|p2a: Dragonite|Dragon Dance|p2a: Dragonite
|-boost|p2a: Dragonite|atk|1
|-boost|p2a: Dragonite|spe|1
|
|upkeep
|turn|25
|
|t:|1758936373
|move|p2a: Dragonite|Earthquake|p1a: Suicune
|-damage|p1a: Suicune|56/100
|move|p1a: Suicune|Ice Beam|p2a: Dragonite
|-supereffective|p2a: Dragonite
|-damage|p2a: Dragonite|0 fnt
|faint|p2a: Dragonite
|
|-heal|p1a: Suicune|62/100|[from] item: Leftovers
|upkeep
|
|t:|1758936379
|switch|p2a: Arcanine|Arcanine-Hisui, M|100/100
|turn|26
|
|t:|1758936383
|move|p2a: Arcanine|Wild Charge|p1a: Suicune
|-supereffective|p1a: Suicune
|-damage|p1a: Suicune|12/100
|move|p1a: Suicune|Hydro Pump|p2a: Arcanine
|-supereffective|p2a: Arcanine
|-enditem|p2a: Arcanine|Focus Sash
|-damage|p2a: Arcanine|1/100
|
|-heal|p1a: Suicune|18/100|[from] item: Leftovers
|upkeep
|turn|27
|
|t:|1758936401
|switch|p1a: Ting-Lu|Ting-Lu, shiny|64/100 brn
|-ability|p1a: Ting-Lu|Vessel of Ruin
|move|p2a: Arcanine|Extreme Speed|p1a: Ting-Lu
|-damage|p1a: Ting-Lu|53/100 brn
|
|-damage|p1a: Ting-Lu|46/100 brn|[from] brn
|upkeep
|turn|28
|
|t:|1758936415
|move|p2a: Arcanine|Head Smash|p1a: Ting-Lu
|-resisted|p1a: Ting-Lu
|-damage|p1a: Ting-Lu|31/100 brn
|move|p1a: Ting-Lu|Zen Headbutt|p2a: Arcanine
|-damage|p2a: Arcanine|0 fnt
|faint|p2a: Arcanine
|-heal|p1a: Ting-Lu|31/100 brn|[from] item: Shell Bell|[of] p2: Arcanine
|
|-damage|p1a: Ting-Lu|25/100 brn|[from] brn
|upkeep
|
|t:|1758936419
|switch|p2a: Great Tusk|Great Tusk|100/100
|-enditem|p2a: Great Tusk|Booster Energy
|-activate|p2a: Great Tusk|ability: Protosynthesis|[fromitem]
|-start|p2a: Great Tusk|protosynthesisatk
|turn|29
|
|t:|1758936430
|move|p2a: Great Tusk|Taunt|p1a: Ting-Lu
|-start|p1a: Ting-Lu|move: Taunt
|move|p1a: Ting-Lu|Zen Headbutt|p2a: Great Tusk
|-supereffective|p2a: Great Tusk
|-damage|p2a: Great Tusk|84/100
|-heal|p1a: Ting-Lu|27/100 brn|[from] item: Shell Bell|[of] p2a: Great Tusk
|
|-damage|p1a: Ting-Lu|20/100 brn|[from] brn
|upkeep
|turn|30
|
|t:|1758936445
|switch|p1a: Suicune|Suicune|18/100
|move|p2a: Great Tusk|Rapid Spin|p1a: Suicune
|-damage|p1a: Suicune|1/100
|-boost|p2a: Great Tusk|spe|1
|
|-heal|p1a: Suicune|8/100|[from] item: Leftovers
|upkeep
|turn|31
|
|t:|1758936456
|move|p2a: Great Tusk|Rapid Spin|p1a: Suicune
|-damage|p1a: Suicune|0 fnt
|-boost|p2a: Great Tusk|spe|1
|faint|p1a: Suicune
|
|upkeep
|
|t:|1758936467
|switch|p1a: Dragapult|Dragapult, F|100/100
|turn|32
|
|t:|1758936473
|move|p2a: Great Tusk|Headlong Rush|p1a: Dragapult
|-damage|p1a: Dragapult|0 fnt
|-unboost|p2a: Great Tusk|def|1
|-unboost|p2a: Great Tusk|spd|1
|faint|p1a: Dragapult
|
|upkeep
|
|t:|1758936482
|switch|p1a: Corviknight|Corviknight, M|100/100
|-ability|p1a: Corviknight|Unnerve
|turn|33
|
|t:|1758936492
|move|p2a: Great Tusk|Close Combat|p1a: Corviknight
|-damage|p1a: Corviknight|46/100
|-unboost|p2a: Great Tusk|def|1
|-unboost|p2a: Great Tusk|spd|1
|move|p1a: Corviknight|Bulk Up|p1a: Corviknight
|-boost|p1a: Corviknight|atk|1
|-boost|p1a: Corviknight|def|1
|
|upkeep
|turn|34
|
|t:|1758936507
|switch|p1a: Ting-Lu|Ting-Lu, shiny|20/100 brn
|-ability|p1a: Ting-Lu|Vessel of Ruin
|move|p2a: Great Tusk|Taunt|p1a: Ting-Lu
|-start|p1a: Ting-Lu|move: Taunt
|
|-damage|p1a: Ting-Lu|14/100 brn|[from] brn
|upkeep
|turn|35
|
|t:|1758936530
|move|p2a: Great Tusk|Close Combat|p1a: Ting-Lu
|-supereffective|p1a: Ting-Lu
|-damage|p1a: Ting-Lu|0 fnt
|-unboost|p2a: Great Tusk|def|1
|-unboost|p2a: Great Tusk|spd|1
|faint|p1a: Ting-Lu
|
|upkeep
|
|t:|1758936538
|switch|p1a: Breloom|Breloom, F|100/100
|turn|36
|
|t:|1758936558
|move|p2a: Great Tusk|Taunt|p1a: Breloom
|-start|p1a: Breloom|move: Taunt
|move|p1a: Breloom|Giga Drain|p2a: Great Tusk
|-supereffective|p2a: Great Tusk
|-damage|p2a: Great Tusk|0 fnt
|faint|p2a: Great Tusk
|-end|p2a: Great Tusk|Protosynthesis|[silent]
|
|upkeep
|
|t:|1758936560
|switch|p2a: Espeon|Espeon, F, tera:Fairy|62/100
|turn|37
|
|t:|1758936575
|move|p2a: Espeon|Trick|p1a: Breloom
|-activate|p2a: Espeon|move: Trick|[of] p1a: Breloom
|-enditem|p1a: Breloom|Focus Sash|[silent]|[from] move: Trick
|-item|p2a: Espeon|Focus Sash|[from] move: Trick
|move|p1a: Breloom|Giga Drain|p2a: Espeon
|-crit|p2a: Espeon
|-damage|p2a: Espeon|17/100
|
|upkeep
|turn|38
|
|t:|1758936586
|move|p2a: Espeon|Draining Kiss|p1a: Breloom
|-supereffective|p1a: Breloom
|-damage|p1a: Breloom|0 fnt
|-heal|p2a: Espeon|89/100|[from] drain|[of] p1a: Breloom
|faint|p1a: Breloom
|
|upkeep
|
|t:|1758936591
|switch|p1a: Corviknight|Corviknight, M|46/100
|-ability|p1a: Corviknight|Unnerve
|turn|39
|
|t:|1758936599
|move|p2a: Espeon|Psychic|p1a: Corviknight
|-resisted|p1a: Corviknight
|-damage|p1a: Corviknight|27/100
|move|p1a: Corviknight|Iron Head|p2a: Espeon
|-supereffective|p2a: Espeon
|-damage|p2a: Espeon|0 fnt
|faint|p2a: Espeon
|
|win|rhetus.periander
|raw|rhetus.periander's rating: 1014 &rarr; <strong>1050</strong><br />(+36 for winning)
|raw|William will's rating: 1000 &rarr; <strong>1000</strong><br />(+0 for losing)
|l|☆William will
|player|p2|
|c|☆rhetus.periander|Good game
