|j|☆Avl2121
|j|☆milman26
|t:|1758955325
|gametype|singles
|player|p1|Avl2121|dragontamer|1167
|player|p2|milman26|twins-gen4dp|1194
|gen|9
|tier|[Gen 9] OU
|rated|
|rule|HP Percentage Mod: HP is shown in percentages
|rule|Endless Battle Clause: Forcing endless battles is banned
|rule|Species Clause: Limit one of each Pokémon
|rule|OHKO Clause: OHKO moves are banned
|rule|Evasion Items Clause: Evasion items are banned
|rule|Evasion Moves Clause: Evasion moves are banned
|rule|Evasion Abilities Clause: Evasion abilities are banned
|rule|Sleep Moves Clause: Sleep-inducing moves are banned
|clearpoke
|poke|p1|Dragapult, F|
|poke|p1|Scizor, F|
|poke|p1|Quaquaval, M|
|poke|p1|Garganacl, F|
|poke|p1|Revavroom, M|
|poke|p1|Inteleon, F|
|poke|p2|Ogerpon, F|
|poke|p2|Rillaboom, F|
|poke|p2|Great Tusk|
|poke|p2|Gholdengo|
|poke|p2|Moltres|
|poke|p2|Muk-Alola, F|
|teampreview
|inactive|Battle timer is ON: inactive players will automatically lose when time's up. (requested by Avl2121)
|
|t:|1758955332
|teamsize|p1|6
|teamsize|p2|6
|start
|switch|p1a: Revavroom|Revavroom, M|100/100
|switch|p2a: Rillaboom|Rillaboom, F|100/100
|-fieldstart|move: Grassy Terrain|[from] ability: Grassy Surge|[of] p2a: Rillaboom
|turn|1
|
|t:|1758955347
|switch|p2a: Great Tusk|Great Tusk|100/100
|move|p1a: Revavroom|Shift Gear|p1a: Revavroom
|-boost|p1a: Revavroom|spe|2
|-boost|p1a: Revavroom|atk|1
|
|upkeep
|turn|2
|
|t:|1758955367
|-terastallize|p1a: Revavroom|Flying
|move|p1a: Revavroom|Poison Jab|p2a: Great Tusk
|-resisted|p2a: Great Tusk
|-damage|p2a: Great Tusk|78/100
|move|p2a: Great Tusk|Stealth Rock|p1a: Revavroom
|-sidestart|p1: Avl2121|move: Stealth Rock
|
|-heal|p2a: Great Tusk|84/100|[from] Grassy Terrain
|upkeep
|turn|3
|inactive|milman26 has 120 seconds left.
|
|t:|1758955387
|move|p1a: Revavroom|Shift Gear|p1a: Revavroom
|-boost|p1a: Revavroom|spe|2
|-boost|p1a: Revavroom|atk|1
|move|p2a: Great Tusk|Ice Spinner|p1a: Revavroom
|-supereffective|p1a: Revavroom
|-damage|p1a: Revavroom|53/100
|-fieldend|move: Grassy Terrain
|
|-heal|p1a: Revavroom|59/100|[from] item: Leftovers
|upkeep
|turn|4
|
|t:|1758955395
|move|p1a: Revavroom|Iron Head|p2a: Great Tusk
|-damage|p2a: Great Tusk|29/100
|move|p2a: Great Tusk|Ice Spinner|p1a: Revavroom
|-supereffective|p1a: Revavroom
|-damage|p1a: Revavroom|8/100
|
|-heal|p1a: Revavroom|14/100|[from] item: Leftovers
|upkeep
|turn|5
|
|t:|1758955404
|move|p1a: Revavroom|Iron Head|p2a: Great Tusk
|-damage|p2a: Great Tusk|0 fnt
|faint|p2a: Great Tusk
|-end|p2a: Great Tusk|Protosynthesis|[silent]
|
|-heal|p1a: Revavroom|20/100|[from] item: Leftovers
|upkeep
|
|t:|1758955408
|switch|p2a: Rillaboom|Rillaboom, F|100/100
|-fieldstart|move: Grassy Terrain|[from] ability: Grassy Surge|[of] p2a: Rillaboom
|turn|6
|
|t:|1758955410
|move|p2a: Rillaboom|Grassy Glide|p1a: Revavroom
|-resisted|p1a: Revavroom
|-damage|p1a: Revavroom|0 fnt
|faint|p1a: Revavroom
|
|upkeep
|
|t:|1758955417
|switch|p1a: Dragapult|Dragapult, F|100/100
|-damage|p1a: Dragapult|88/100|[from] Stealth Rock
|turn|7
|
|t:|1758955428
|switch|p2a: Tyrantr|Muk-Alola, F|100/100
|move|p1a: Dragapult|Thunder Wave|p2a: Tyrantr
|-status|p2a: Tyrantr|par
|
|-heal|p1a: Dragapult|94/100|[from] Grassy Terrain
|upkeep
|turn|8
|
|t:|1758955436
|switch|p1a: Garganacl|Garganacl, F|100/100
|-damage|p1a: Garganacl|88/100|[from] Stealth Rock
|move|p2a: Tyrantr|Knock Off|p1a: Garganacl
|-damage|p1a: Garganacl|69/100
|-enditem|p1a: Garganacl|Leftovers|[from] move: Knock Off|[of] p2a: Tyrantr
|
|-heal|p1a: Garganacl|75/100|[from] Grassy Terrain
|upkeep
|turn|9
|
|t:|1758955449
|switch|p2a: Gholdengo|Gholdengo|100/100
|move|p1a: Garganacl|Salt Cure|p2a: Gholdengo
|-resisted|p2a: Gholdengo
|-damage|p2a: Gholdengo|92/100
|-start|p2a: Gholdengo|Salt Cure
|
|-heal|p2a: Gholdengo|98/100|[from] Grassy Terrain
|-heal|p1a: Garganacl|81/100|[from] Grassy Terrain
|-damage|p2a: Gholdengo|74/100|[from] Salt Cure
|upkeep
|turn|10
|
|t:|1758955454
|move|p1a: Garganacl|Protect|p1a: Garganacl
|-singleturn|p1a: Garganacl|Protect
|move|p2a: Gholdengo|Make It Rain|p1a: Garganacl
|-activate|p1a: Garganacl|move: Protect
|
|-heal|p2a: Gholdengo|80/100|[from] Grassy Terrain
|-heal|p1a: Garganacl|87/100|[from] Grassy Terrain
|-damage|p2a: Gholdengo|55/100|[from] Salt Cure
|upkeep
|turn|11
|
|t:|1758955461
|switch|p1a: Scizor|Scizor, F|100/100
|-damage|p1a: Scizor|88/100|[from] Stealth Rock
|move|p2a: Gholdengo|Make It Rain|p1a: Scizor
|-resisted|p1a: Scizor
|-damage|p1a: Scizor|22/100
|-unboost|p2a: Gholdengo|spa|1
|
|-heal|p2a: Gholdengo|61/100|[from] Grassy Terrain
|-heal|p1a: Scizor|28/100|[from] Grassy Terrain
|-damage|p2a: Gholdengo|36/100|[from] Salt Cure
|upkeep
|turn|12
|
|t:|1758955470
|switch|p2a: Moltres|Moltres|100/100
|move|p1a: Scizor|Bullet Punch|p2a: Moltres
|-resisted|p2a: Moltres
|-damage|p2a: Moltres|83/100
|-damage|p1a: Scizor|18/100|[from] item: Life Orb
|
|-heal|p1a: Scizor|24/100|[from] Grassy Terrain
|upkeep
|turn|13
|
|t:|1758955480
|switch|p1a: Inteleon|Inteleon, F|100/100
|-damage|p1a: Inteleon|88/100|[from] Stealth Rock
|move|p2a: Moltres|U-turn|p1a: Inteleon
|-damage|p1a: Inteleon|63/100
|
|t:|1758955488
|switch|p2a: Rillaboom|Rillaboom, F|100/100|[from] U-turn
|
|-heal|p1a: Inteleon|69/100|[from] Grassy Terrain
|-fieldend|move: Grassy Terrain
|upkeep
|turn|14
|
|t:|1758955495
|move|p1a: Inteleon|Ice Beam|p2a: Rillaboom
|-supereffective|p2a: Rillaboom
|-damage|p2a: Rillaboom|0 fnt
|faint|p2a: Rillaboom
|-damage|p1a: Inteleon|59/100|[from] item: Life Orb
|
|upkeep
|
|t:|1758955509
|switch|p2a: Ogerpon|Ogerpon, F|100/100
|turn|15
|
|t:|1758955513
|-terastallize|p2a: Ogerpon|Grass
|detailschange|p2a: Ogerpon|Ogerpon-Teal-Tera, F, tera:Grass
|-ability|p2a: Ogerpon|Embody Aspect (Teal)|boost
|-boost|p2a: Ogerpon|spe|1
|move|p2a: Ogerpon|Ivy Cudgel|p1a: Inteleon
|-supereffective|p1a: Inteleon
|-damage|p1a: Inteleon|0 fnt
|faint|p1a: Inteleon
|
|upkeep
|
|t:|1758955520
|switch|p1a: Scizor|Scizor, F|24/100
|-damage|p1a: Scizor|12/100|[from] Stealth Rock
|turn|16
|
|t:|1758955527
|switch|p2a: Moltres|Moltres|83/100
|move|p1a: Scizor|Bullet Punch|p2a: Moltres
|-resisted|p2a: Moltres
|-damage|p2a: Moltres|68/100
|-damage|p1a: Scizor|2/100|[from] item: Life Orb
|
|upkeep
|turn|17
|
|t:|1758955534
|move|p2a: Moltres|Roost|p2a: Moltres
|-heal|p2a: Moltres|100/100
|-singleturn|p2a: Moltres|move: Roost
|move|p1a: Scizor|Knock Off|p2a: Moltres
|-damage|p2a: Moltres|67/100
|-enditem|p2a: Moltres|Heavy-Duty Boots|[from] move: Knock Off|[of] p1a: Scizor
|-damage|p1a: Scizor|0 fnt|[from] item: Life Orb
|faint|p1a: Scizor
|
|upkeep
|
|t:|1758955538
|switch|p1a: Garganacl|Garganacl, F|87/100
|-damage|p1a: Garganacl|75/100|[from] Stealth Rock
|turn|18
|
|t:|1758955542
|move|p2a: Moltres|U-turn|p1a: Garganacl
|-damage|p1a: Garganacl|68/100
|
|t:|1758955545
|switch|p2a: Gholdengo|Gholdengo|36/100|[from] U-turn
|move|p1a: Garganacl|Salt Cure|p2a: Gholdengo
|-resisted|p2a: Gholdengo
|-damage|p2a: Gholdengo|28/100
|-start|p2a: Gholdengo|Salt Cure
|
|-damage|p2a: Gholdengo|4/100|[from] Salt Cure
|upkeep
|turn|19
|
|t:|1758955548
|move|p1a: Garganacl|Protect|p1a: Garganacl
|-singleturn|p1a: Garganacl|Protect
|move|p2a: Gholdengo|Make It Rain|p1a: Garganacl
|-activate|p1a: Garganacl|move: Protect
|
|-damage|p2a: Gholdengo|0 fnt|[from] Salt Cure
|faint|p2a: Gholdengo
|upkeep
|
|t:|1758955553
|switch|p2a: Ogerpon|Ogerpon-Teal-Tera, F, tera:Grass|100/100
|-ability|p2a: Ogerpon|Embody Aspect (Teal)|boost
|-boost|p2a: Ogerpon|spe|1
|turn|20
|
|t:|1758955562
|move|p2a: Ogerpon|Ivy Cudgel|p1a: Garganacl
|-supereffective|p1a: Garganacl
|-damage|p1a: Garganacl|0 fnt
|faint|p1a: Garganacl
|
|upkeep
|
|t:|1758955565
|switch|p1a: Dragapult|Dragapult, F|94/100
|-damage|p1a: Dragapult|82/100|[from] Stealth Rock
|turn|21
|
|t:|1758955573
|switch|p2a: Tyrantr|Muk-Alola, F|100/100 par
|move|p1a: Dragapult|Will-O-Wisp||[still]
|-fail|p1a: Dragapult
|
|upkeep
|turn|22
|
|t:|1758955578
|move|p1a: Dragapult|Draco Meteor|p2a: Tyrantr
|-damage|p2a: Tyrantr|74/100 par
|-unboost|p1a: Dragapult|spa|2
|cant|p2a: Tyrantr|par
|
|upkeep
|turn|23
|
|t:|1758955585
|switch|p1a: Quaquaval|Quaquaval, M|100/100
|-damage|p1a: Quaquaval|94/100|[from] Stealth Rock
|move|p2a: Tyrantr|Knock Off|p1a: Quaquaval
|-resisted|p1a: Quaquaval
|-damage|p1a: Quaquaval|70/100
|-enditem|p1a: Quaquaval|Life Orb|[from] move: Knock Off|[of] p2a: Tyrantr
|
|upkeep
|turn|24
|
|t:|1758955597
|move|p1a: Quaquaval|Rapid Spin|p2a: Tyrantr
|-damage|p2a: Tyrantr|56/100 par
|-boost|p1a: Quaquaval|spe|1
|-sideend|p1: Avl2121|Stealth Rock|[from] move: Rapid Spin|[of] p1a: Quaquaval
|move|p2a: Tyrantr|Poison Jab|p1a: Quaquaval
|-damage|p1a: Quaquaval|25/100
|
|upkeep
|turn|25
|
|t:|1758955604
|move|p1a: Quaquaval|Aqua Step|p2a: Tyrantr
|-damage|p2a: Tyrantr|16/100 par
|-boost|p1a: Quaquaval|spe|1
|move|p2a: Tyrantr|Poison Jab|p1a: Quaquaval
|-damage|p1a: Quaquaval|0 fnt
|faint|p1a: Quaquaval
|
|upkeep
|
|t:|1758955607
|switch|p1a: Dragapult|Dragapult, F|82/100
|turn|26
|
|t:|1758955613
|move|p1a: Dragapult|Hex|p2a: Tyrantr
|-resisted|p2a: Tyrantr
|-damage|p2a: Tyrantr|4/100 par
|move|p2a: Tyrantr|Knock Off|p1a: Dragapult
|-supereffective|p1a: Dragapult
|-damage|p1a: Dragapult|0 fnt
|-enditem|p1a: Dragapult|Wide Lens|[from] move: Knock Off|[of] p2a: Tyrantr
|faint|p1a: Dragapult
|
|win|milman26
|raw|Avl2121's rating: 1167 &rarr; <strong>1144</strong><br />(-23 for losing)
|raw|milman26's rating: 1194 &rarr; <strong>1217</strong><br />(+23 for winning)
|l|☆Avl2121
|player|p1|
|c|☆milman26|gg
|l|☆milman26
|player|p2|
