|j|☆napkin_56
|j|☆gashner
|t:|1759054644
|gametype|singles
|player|p1|napkin_56|policeman-gen4|1211
|player|p2|gashner|169|1211
|gen|9
|tier|[Gen 9] OU
|rated|
|rule|HP Percentage Mod: HP is shown in percentages
|rule|Endless Battle Clause: Forcing endless battles is banned
|rule|Species Clause: Limit one of each Pokémon
|rule|OHKO Clause: OHKO moves are banned
|rule|Evasion Items Clause: Evasion items are banned
|rule|Evasion Moves Clause: Evasion moves are banned
|rule|Evasion Abilities Clause: Evasion abilities are banned
|rule|Sleep Moves Clause: Sleep-inducing moves are banned
|clearpoke
|poke|p1|Rillaboom, F|
|poke|p1|Great Tusk|
|poke|p1|Ogerpon-Wellspring, F|
|poke|p1|Clefable, M|
|poke|p1|Dragapult, M|
|poke|p1|Cinderace, M|
|poke|p2|Alomomola, M|
|poke|p2|Dragalge, F|
|poke|p2|Lokix, M|
|poke|p2|Great Tusk|
|poke|p2|Gholdengo|
|poke|p2|Moltres|
|teampreview
|inactive|Battle timer is ON: inactive players will automatically lose when time's up. (requested by napkin_56)
|inactive|gashner also wants the timer to be on.
|
|t:|1759054658
|teamsize|p1|6
|teamsize|p2|6
|start
|switch|p1a: Cinderace|Cinderace, M|100/100
|switch|p2a: Dragalge|Dragalge, F|100/100
|turn|1
|
|t:|1759054666
|move|p1a: Cinderace|U-turn|p2a: Dragalge
|-start|p1a: Cinderace|typechange|Bug|[from] ability: Libero
|-resisted|p2a: Dragalge
|-damage|p2a: Dragalge|81/100
|
|t:|1759054670
|switch|p1a: Clefable|Clefable, M|100/100|[from] U-turn
|move|p2a: Dragalge|Draco Meteor|p1a: Clefable
|-immune|p1a: Clefable
|
|upkeep
|turn|2
|
|t:|1759054680
|switch|p2a: Gholdengo|Gholdengo|100/100
|move|p1a: Clefable|Stealth Rock|p2a: Gholdengo
|-sidestart|p2: gashner|move: Stealth Rock
|
|upkeep
|turn|3
|
|t:|1759054690
|switch|p1a: Cinderace|Cinderace, M|100/100
|move|p2a: Gholdengo|Shadow Ball|p1a: Cinderace
|-damage|p1a: Cinderace|48/100
|
|upkeep
|turn|4
|
|t:|1759054696
|move|p2a: Gholdengo|Shadow Ball|p1a: Cinderace
|-damage|p1a: Cinderace|0 fnt
|faint|p1a: Cinderace
|
|upkeep
|inactive|napkin_56 has 120 seconds left.
|
|t:|1759054728
|switch|p1a: Rillaboom|Rillaboom, F|100/100
|-fieldstart|move: Grassy Terrain|[from] ability: Grassy Surge|[of] p1a: Rillaboom
|turn|5
|
|t:|1759054734
|switch|p2a: Moltres|Moltres|100/100
|move|p1a: Rillaboom|Knock Off|p2a: Moltres
|-damage|p2a: Moltres|68/100
|-status|p1a: Rillaboom|brn|[from] ability: Flame Body|[of] p2a: Moltres
|-enditem|p2a: Moltres|Heavy-Duty Boots|[from] move: Knock Off|[of] p1a: Rillaboom
|
|-damage|p1a: Rillaboom|94/100 brn|[from] brn
|upkeep
|turn|6
|
|t:|1759054744
|switch|p1a: Clefable|Clefable, M|100/100
|move|p2a: Moltres|U-turn|p1a: Clefable
|-resisted|p1a: Clefable
|-damage|p1a: Clefable|92/100
|
|t:|1759054754
|switch|p2a: Great Tusk|Great Tusk|100/100|[from] U-turn
|
|-heal|p1a: Clefable|98/100|[from] Grassy Terrain
|-heal|p1a: Clefable|100/100|[from] item: Leftovers
|upkeep
|turn|7
|
|t:|1759054768
|-terastallize|p1a: Clefable|Water
|move|p2a: Great Tusk|Rapid Spin|p1a: Clefable
|-damage|p1a: Clefable|82/100
|-boost|p2a: Great Tusk|spe|1
|-sideend|p2: gashner|Stealth Rock|[from] move: Rapid Spin|[of] p2a: Great Tusk
|move|p1a: Clefable|Moonblast|p2a: Great Tusk
|-supereffective|p2a: Great Tusk
|-damage|p2a: Great Tusk|12/100
|
|-heal|p2a: Great Tusk|18/100|[from] Grassy Terrain
|-heal|p1a: Clefable|89/100|[from] Grassy Terrain
|-heal|p1a: Clefable|95/100|[from] item: Leftovers
|upkeep
|turn|8
|
|t:|1759054781
|move|p2a: Great Tusk|Stealth Rock|p1a: Clefable
|-sidestart|p1: napkin_56|move: Stealth Rock
|move|p1a: Clefable|Stealth Rock|p2a: Great Tusk
|-sidestart|p2: gashner|move: Stealth Rock
|
|-heal|p2a: Great Tusk|24/100|[from] Grassy Terrain
|-heal|p1a: Clefable|100/100|[from] Grassy Terrain
|upkeep
|turn|9
|
|t:|1759054798
|move|p2a: Great Tusk|Rapid Spin|p1a: Clefable
|-damage|p1a: Clefable|80/100
|-boost|p2a: Great Tusk|spe|1
|-sideend|p2: gashner|Stealth Rock|[from] move: Rapid Spin|[of] p2a: Great Tusk
|move|p1a: Clefable|Moonblast|p2a: Great Tusk
|-supereffective|p2a: Great Tusk
|-damage|p2a: Great Tusk|0 fnt
|faint|p2a: Great Tusk
|-end|p2a: Great Tusk|Protosynthesis|[silent]
|
|-heal|p1a: Clefable|86/100|[from] Grassy Terrain
|-heal|p1a: Clefable|92/100|[from] item: Leftovers
|upkeep
|
|t:|1759054809
|switch|p2a: Lokix|Lokix, M|100/100
|turn|10
|
|t:|1759054816
|-terastallize|p2a: Lokix|Bug
|move|p2a: Lokix|First Impression|p1a: Clefable
|-damage|p1a: Clefable|0 fnt
|faint|p1a: Clefable
|
|upkeep
|
|t:|1759054825
|switch|p1a: Dragapult|Dragapult, M|100/100
|-damage|p1a: Dragapult|88/100|[from] Stealth Rock
|turn|11
|
|t:|1759054843
|switch|p2a: Alomomola|Alomomola, M|100/100
|move|p1a: Dragapult|Shadow Ball|p2a: Alomomola
|-damage|p2a: Alomomola|73/100
|-damage|p1a: Dragapult|78/100|[from] item: Life Orb
|
|-heal|p1a: Dragapult|84/100|[from] Grassy Terrain
|-heal|p2a: Alomomola|79/100|[from] Grassy Terrain
|upkeep
|turn|12
|
|t:|1759054853
|switch|p1a: Ogerpon|Ogerpon-Wellspring, F|100/100
|-damage|p1a: Ogerpon|88/100|[from] Stealth Rock
|move|p2a: Alomomola|Flip Turn|p1a: Ogerpon
|-heal|p1a: Ogerpon|100/100|[from] ability: Water Absorb|[of] p2a: Alomomola
|
|-heal|p2a: Alomomola|86/100|[from] Grassy Terrain
|-fieldend|move: Grassy Terrain
|upkeep
|turn|13
|
|t:|1759054866
|move|p1a: Ogerpon|Swords Dance|p1a: Ogerpon
|-boost|p1a: Ogerpon|atk|2
|move|p2a: Alomomola|Body Slam|p1a: Ogerpon
|-damage|p1a: Ogerpon|81/100
|-status|p1a: Ogerpon|par
|
|upkeep
|turn|14
|-message|napkin_56 forfeited.
|
|win|gashner
|raw|napkin_56's rating: 1211 &rarr; <strong>1186</strong><br />(-25 for losing)
|raw|gashner's rating: 1211 &rarr; <strong>1236</strong><br />(+25 for winning)
|l|☆napkin_56
|player|p1|
