|j|☆pastagirl
|j|☆SamiFawad
|t:|1758997804
|gametype|singles
|player|p1|pastagirl|elesa|1692
|player|p2|SamiFawad|1|1640
|gen|9
|tier|[Gen 9] OU
|rated|
|rule|HP Percentage Mod: HP is shown in percentages
|rule|Endless Battle Clause: Forcing endless battles is banned
|rule|Species Clause: Limit one of each Pokémon
|rule|OHKO Clause: OHKO moves are banned
|rule|Evasion Items Clause: Evasion items are banned
|rule|Evasion Moves Clause: Evasion moves are banned
|rule|Evasion Abilities Clause: Evasion abilities are banned
|rule|Sleep Moves Clause: Sleep-inducing moves are banned
|clearpoke
|poke|p1|Cresselia, F|
|poke|p1|Hatterene, F|
|poke|p1|Porygon2|
|poke|p1|Ursaluna, M|
|poke|p1|Iron Hands|
|poke|p1|Enamorus-Therian, F|
|poke|p2|Landorus-Therian, M|
|poke|p2|Samurott-Hisui, F|
|poke|p2|Great Tusk|
|poke|p2|Iron Valiant|
|poke|p2|Slowking-Galar, F|
|poke|p2|Zamazenta-*|
|teampreview
|
|t:|1758997824
|teamsize|p1|6
|teamsize|p2|6
|start
|switch|p1a: BLUE VELVET|Hatterene, F|100/100
|switch|p2a: Landorus|Landorus-Therian, M|100/100
|-ability|p2a: Landorus|Intimidate|boost
|-unboost|p1a: BLUE VELVET|atk|1
|turn|1
|
|t:|1758997830
|move|p2a: Landorus|Earthquake|p1a: BLUE VELVET
|-damage|p1a: BLUE VELVET|51/100
|move|p1a: BLUE VELVET|Trick Room|p1a: BLUE VELVET
|-fieldstart|move: Trick Room|[of] p1a: BLUE VELVET
|
|upkeep
|turn|2
|
|t:|1758997833
|move|p1a: BLUE VELVET|Healing Wish|p1a: BLUE VELVET
|faint|p1a: BLUE VELVET
|move|p2a: Landorus|Earthquake|p1: BLUE VELVET|[notarget]
|-fail|p2a: Landorus
|
|upkeep
|
|t:|1758997848
|switch|p1a: THE ELEPHANT MAN|Iron Hands|100/100
|turn|3
|
|t:|1758997851
|switch|p2a: Samurott|Samurott-Hisui, F|100/100
|move|p1a: THE ELEPHANT MAN|Ice Punch|p2a: Samurott
|-resisted|p2a: Samurott
|-damage|p2a: Samurott|76/100
|-damage|p1a: THE ELEPHANT MAN|91/100|[from] item: Life Orb
|
|upkeep
|turn|4
|
|t:|1758997856
|switch|p2a: Great Tusk|Great Tusk|100/100
|move|p1a: THE ELEPHANT MAN|Close Combat|p2a: Great Tusk
|-damage|p2a: Great Tusk|54/100
|-unboost|p1a: THE ELEPHANT MAN|def|1
|-unboost|p1a: THE ELEPHANT MAN|spd|1
|-damage|p1a: THE ELEPHANT MAN|74/100|[from] item: Rocky Helmet|[of] p2a: Great Tusk
|-damage|p1a: THE ELEPHANT MAN|64/100|[from] item: Life Orb
|
|upkeep
|turn|5
|
|t:|1758997860
|-end|p1a: THE ELEPHANT MAN|Quark Drive|[silent]
|switch|p1a: ERASERHEAD|Porygon2|100/100
|-ability|p1a: ERASERHEAD|Download|boost
|-boost|p1a: ERASERHEAD|spa|1
|-end|p2a: Great Tusk|Protosynthesis|[silent]
|switch|p2a: Landorus|Landorus-Therian, M|100/100
|-ability|p2a: Landorus|Intimidate|boost
|-unboost|p1a: ERASERHEAD|atk|1
|
|-fieldend|move: Trick Room
|upkeep
|turn|6
|
|t:|1758997865
|switch|p2a: Samurott|Samurott-Hisui, F|76/100
|move|p1a: ERASERHEAD|Trick Room|p1a: ERASERHEAD
|-fieldstart|move: Trick Room|[of] p1a: ERASERHEAD
|
|upkeep
|turn|7
|
|t:|1758997868
|switch|p2a: Slowking|Slowking-Galar, F|100/100
|move|p1a: ERASERHEAD|Thunderbolt|p2a: Slowking
|-crit|p2a: Slowking
|-damage|p2a: Slowking|66/100
|
|upkeep
|turn|8
|
|t:|1758997873
|-terastallize|p1a: ERASERHEAD|Ground
|move|p2a: Slowking|Future Sight|p1a: ERASERHEAD
|-start|p2a: Slowking|move: Future Sight
|move|p1a: ERASERHEAD|Tera Blast|p2a: Slowking|[anim] Tera Blast Ground
|-supereffective|p2a: Slowking
|-damage|p2a: Slowking|7/100
|
|upkeep
|turn|9
|
|t:|1758997886
|switch|p2a: Zamazenta|Zamazenta|100/100
|-ability|p2a: Zamazenta|Dauntless Shield|boost
|-boost|p2a: Zamazenta|def|1
|move|p1a: ERASERHEAD|Ice Beam|p2a: Zamazenta
|-damage|p2a: Zamazenta|75/100
|
|upkeep
|turn|10
|
|t:|1758997897
|move|p1a: ERASERHEAD|Tera Blast|p2a: Zamazenta|[anim] Tera Blast Ground
|-damage|p2a: Zamazenta|47/100
|move|p2a: Zamazenta|Heavy Slam|p1a: ERASERHEAD
|-damage|p1a: ERASERHEAD|71/100
|
|-end|p1a: ERASERHEAD|move: Future Sight
|-damage|p1a: ERASERHEAD|31/100
|-fieldend|move: Trick Room
|upkeep
|turn|11
|
|t:|1758997903
|switch|p1a: LOST HIGHWAY|Cresselia, F|100/100
|move|p2a: Zamazenta|Heavy Slam|p1a: LOST HIGHWAY
|-damage|p1a: LOST HIGHWAY|89/100
|
|upkeep
|turn|12
|
|t:|1758997906
|move|p2a: Zamazenta|Crunch|p1a: LOST HIGHWAY
|-supereffective|p1a: LOST HIGHWAY
|-damage|p1a: LOST HIGHWAY|58/100
|move|p1a: LOST HIGHWAY|Trick Room|p1a: LOST HIGHWAY
|-fieldstart|move: Trick Room|[of] p1a: LOST HIGHWAY
|
|upkeep
|turn|13
|
|t:|1758997913
|switch|p1a: THE ELEPHANT MAN|Iron Hands|64/100
|-heal|p1a: THE ELEPHANT MAN|100/100|[from] move: Healing Wish
|switch|p2a: Samurott|Samurott-Hisui, F|76/100
|
|upkeep
|turn|14
|
|t:|1758997920
|switch|p2a: Zamazenta|Zamazenta|47/100
|move|p1a: THE ELEPHANT MAN|Ice Punch|p2a: Zamazenta
|-damage|p2a: Zamazenta|14/100
|-damage|p1a: THE ELEPHANT MAN|91/100|[from] item: Life Orb
|
|upkeep
|turn|15
|
|t:|1758997926
|move|p1a: THE ELEPHANT MAN|Ice Punch|p2a: Zamazenta
|-damage|p2a: Zamazenta|0 fnt
|faint|p2a: Zamazenta
|-damage|p1a: THE ELEPHANT MAN|81/100|[from] item: Life Orb
|
|upkeep
|
|t:|1758997928
|switch|p2a: Landorus|Landorus-Therian, M|100/100
|-ability|p2a: Landorus|Intimidate|boost
|-unboost|p1a: THE ELEPHANT MAN|atk|1
|turn|16
|
|t:|1758997933
|-end|p1a: THE ELEPHANT MAN|Quark Drive|[silent]
|switch|p1a: LOST HIGHWAY|Cresselia, F|58/100
|switch|p2a: Great Tusk|Great Tusk|54/100
|
|-fieldend|move: Trick Room
|upkeep
|turn|17
|
|t:|1758997939
|move|p2a: Great Tusk|Stealth Rock|p1a: LOST HIGHWAY
|-sidestart|p1: pastagirl|move: Stealth Rock
|move|p1a: LOST HIGHWAY|Trick Room|p1a: LOST HIGHWAY
|-fieldstart|move: Trick Room|[of] p1a: LOST HIGHWAY
|
|upkeep
|turn|18
|
|t:|1758997944
|move|p1a: LOST HIGHWAY|Lunar Dance|p1a: LOST HIGHWAY
|faint|p1a: LOST HIGHWAY
|move|p2a: Great Tusk|Knock Off|p1: LOST HIGHWAY|[notarget]
|-fail|p2a: Great Tusk
|
|upkeep
|
|t:|1758997947
|switch|p1a: ERASERHEAD|Porygon2, tera:Ground|31/100
|-heal|p1a: ERASERHEAD|100/100|[from] move: Lunar Dance
|-damage|p1a: ERASERHEAD|94/100|[from] Stealth Rock
|-ability|p1a: ERASERHEAD|Download|boost
|-boost|p1a: ERASERHEAD|spa|1
|turn|19
|
|t:|1758997952
|move|p1a: ERASERHEAD|Tera Blast|p2a: Great Tusk|[anim] Tera Blast Ground
|-damage|p2a: Great Tusk|0 fnt
|faint|p2a: Great Tusk
|-end|p2a: Great Tusk|Protosynthesis|[silent]
|
|upkeep
|
|t:|1758997956
|switch|p2a: Slowking|Slowking-Galar, F|40/100
|turn|20
|
|t:|1758997959
|switch|p2a: Landorus|Landorus-Therian, M|100/100
|-ability|p2a: Landorus|Intimidate|boost
|-unboost|p1a: ERASERHEAD|atk|1
|move|p1a: ERASERHEAD|Ice Beam|p2a: Landorus
|-supereffective|p2a: Landorus
|-damage|p2a: Landorus|0 fnt
|faint|p2a: Landorus
|
|upkeep
|
|t:|1758997966
|switch|p2a: Slowking|Slowking-Galar, F|73/100
|turn|21
|
|t:|1758997968
|switch|p2a: Samurott|Samurott-Hisui, F|76/100
|move|p1a: ERASERHEAD|Tera Blast|p2a: Samurott|[anim] Tera Blast Ground
|-damage|p2a: Samurott|0 fnt
|faint|p2a: Samurott
|
|-fieldend|move: Trick Room
|upkeep
|
|t:|1758997971
|switch|p2a: Iron Valiant|Iron Valiant|100/100
|turn|22
|
|t:|1758997975
|move|p2a: Iron Valiant|Swords Dance|p2a: Iron Valiant
|-boost|p2a: Iron Valiant|atk|2
|move|p1a: ERASERHEAD|Tera Blast|p2a: Iron Valiant|[anim] Tera Blast Ground
|-enditem|p2a: Iron Valiant|Focus Sash
|-damage|p2a: Iron Valiant|1/100
|
|upkeep
|turn|23
|
|t:|1758997981
|move|p2a: Iron Valiant|Close Combat|p1a: ERASERHEAD
|-damage|p1a: ERASERHEAD|7/100
|-unboost|p2a: Iron Valiant|def|1
|-unboost|p2a: Iron Valiant|spd|1
|move|p1a: ERASERHEAD|Ice Beam|p2a: Iron Valiant
|-damage|p2a: Iron Valiant|0 fnt
|faint|p2a: Iron Valiant
|-end|p2a: Iron Valiant|Quark Drive|[silent]
|
|upkeep
|
|t:|1758997984
|switch|p2a: Slowking|Slowking-Galar, F|100/100
|turn|24
|
|t:|1758997986
|move|p1a: ERASERHEAD|Tera Blast|p2a: Slowking|[anim] Tera Blast Ground
|-supereffective|p2a: Slowking
|-damage|p2a: Slowking|37/100
|move|p2a: Slowking|Acid Spray|p1a: ERASERHEAD
|-resisted|p1a: ERASERHEAD
|-damage|p1a: ERASERHEAD|1/100
|-unboost|p1a: ERASERHEAD|spd|2
|
|upkeep
|turn|25
|-message|SamiFawad forfeited.
|
|win|pastagirl
|raw|pastagirl's rating: 1692 &rarr; <strong>1709</strong><br />(+17 for winning)
|raw|SamiFawad's rating: 1640 &rarr; <strong>1623</strong><br />(-17 for losing)
|l|☆SamiFawad
|player|p2|
