|badge|p1|bronze|gen9ou|100-6
|badge|p1|bronze|gen9ru|100-6
|badge|p1|bronze|gen9uu|100-6
|html|<div class="broadcast-red"><strong>This battle is required to be public due to one or more player having a season medal.</strong><br />During the public phase, you can discuss the state of the ladder <a href="/seasondiscussion">in a special chatroom.</a></div>
|uhtml|medal-msg|<div class="broadcast-blue">Curious what those medals under the avatar are? PS now has Ladder Seasons! For more information, check out the <a href="https://www.smogon.com/forums/threads/3740067/">thread on Smogon.</a></div>
|raw|<div class="broadcast-blue"><strong>This battle is required to be public due to a player having a name starting with 'medal'.</div>
|j|☆Sirpeanutcronch
|j|☆Light SV
|t:|1759003656
|gametype|singles
|player|p1|Sirpeanutcronch|#wcop2025africa|1859
|player|p2|Light SV|blue-gen7|1855
|gen|9
|tier|[Gen 9] OU
|rated|
|rule|HP Percentage Mod: HP is shown in percentages
|rule|Endless Battle Clause: Forcing endless battles is banned
|rule|Species Clause: Limit one of each Pokémon
|rule|OHKO Clause: OHKO moves are banned
|rule|Evasion Items Clause: Evasion items are banned
|rule|Evasion Moves Clause: Evasion moves are banned
|rule|Evasion Abilities Clause: Evasion abilities are banned
|rule|Sleep Moves Clause: Sleep-inducing moves are banned
|clearpoke
|poke|p1|Kyurem|
|poke|p1|Tornadus-Therian, M|
|poke|p1|Hatterene, F|
|poke|p1|Kingambit, M|
|poke|p1|Gliscor, M|
|poke|p1|Zamazenta-*|
|poke|p2|Hydrapple, M|
|poke|p2|Moltres|
|poke|p2|Rotom-Wash|
|poke|p2|Darkrai|
|poke|p2|Gliscor, M|
|poke|p2|Kingambit, F|
|teampreview
|inactive|Battle timer is ON: inactive players will automatically lose when time's up. (requested by Light SV)
|
|t:|1759003672
|teamsize|p1|6
|teamsize|p2|6
|start
|switch|p1a: Tornadus|Tornadus-Therian, M|100/100
|switch|p2a: Rotom|Rotom-Wash|100/100
|turn|1
|
|t:|1759003675
|move|p2a: Rotom|Trick|p1a: Tornadus
|-activate|p2a: Rotom|move: Trick|[of] p1a: Tornadus
|-item|p1a: Tornadus|Choice Scarf|[from] move: Trick
|-item|p2a: Rotom|Assault Vest|[from] move: Trick
|move|p1a: Tornadus|Knock Off|p2a: Rotom
|-damage|p2a: Rotom|73/100
|-enditem|p2a: Rotom|Assault Vest|[from] move: Knock Off|[of] p1a: Tornadus
|
|upkeep
|turn|2
|
|t:|1759003681
|switch|p1a: Gliscor|Gliscor, M|100/100
|move|p2a: Rotom|Volt Switch|p1a: Gliscor
|-immune|p1a: Gliscor
|
|-status|p1a: Gliscor|tox|[from] item: Toxic Orb
|upkeep
|turn|3
|
|t:|1759003691
|move|p1a: Gliscor|Protect|p1a: Gliscor
|-singleturn|p1a: Gliscor|Protect
|move|p2a: Rotom|Hydro Pump|p1a: Gliscor
|-activate|p1a: Gliscor|move: Protect
|
|upkeep
|turn|4
|
|t:|1759003695
|switch|p1a: Tornadus|Tornadus-Therian, M|100/100
|move|p2a: Rotom|Hydro Pump|p1a: Tornadus
|-damage|p1a: Tornadus|45/100
|
|upkeep
|turn|5
|
|t:|1759003701
|move|p1a: Tornadus|U-turn|p2a: Rotom
|-damage|p2a: Rotom|50/100
|
|t:|1759003704
|switch|p1a: Hatterene|Hatterene, F|100/100|[from] U-turn
|move|p2a: Rotom|Volt Switch|p1a: Hatterene
|-damage|p1a: Hatterene|69/100
|
|t:|1759003710
|switch|p2a: Moltres|Moltres|100/100|[from] Volt Switch
|
|upkeep
|turn|6
|
|t:|1759003713
|move|p2a: Moltres|Flamethrower|p1a: Hatterene
|-damage|p1a: Hatterene|27/100
|move|p1a: Hatterene|Pain Split|p2a: Moltres
|-sethp|p2a: Moltres|61/100|[from] move: Pain Split|[silent]
|-sethp|p1a: Hatterene|74/100|[from] move: Pain Split
|
|upkeep
|turn|7
|
|t:|1759003720
|move|p2a: Moltres|Flamethrower|p1a: Hatterene
|-damage|p1a: Hatterene|36/100
|move|p1a: Hatterene|Pain Split|p2a: Moltres
|-sethp|p2a: Moltres|46/100|[from] move: Pain Split|[silent]
|-sethp|p1a: Hatterene|55/100|[from] move: Pain Split
|
|upkeep
|turn|8
|
|t:|1759003724
|move|p2a: Moltres|Flamethrower|p1a: Hatterene
|-damage|p1a: Hatterene|13/100
|move|p1a: Hatterene|Psychic Noise|p2a: Moltres
|-damage|p2a: Moltres|19/100
|-start|p2a: Moltres|move: Heal Block
|
|upkeep
|turn|9
|
|t:|1759003733
|switch|p1a: Tornadus|Tornadus-Therian, M|78/100
|move|p2a: Moltres|Flamethrower|p1a: Tornadus
|-damage|p1a: Tornadus|36/100
|
|-end|p2a: Moltres|move: Heal Block
|upkeep
|turn|10
|
|t:|1759003740
|switch|p2a: Rotom|Rotom-Wash|50/100
|move|p1a: Tornadus|Bleakwind Storm|p2a: Rotom|[miss]
|-miss|p1a: Tornadus|p2a: Rotom
|
|upkeep
|turn|11
|
|t:|1759003756
|switch|p1a: Hatterene|Hatterene, F|13/100
|move|p2a: Rotom|Pain Split|p1a: Hatterene
|-sethp|p1a: Hatterene|25/100|[from] move: Pain Split|[silent]
|-sethp|p2a: Rotom|33/100|[from] move: Pain Split
|
|upkeep
|turn|12
|
|t:|1759003762
|move|p2a: Rotom|Volt Switch|p1a: Hatterene
|-damage|p1a: Hatterene|0 fnt
|faint|p1a: Hatterene
|j| Sxvewxcgewx
|
|t:|1759003765
|switch|p2a: Gliscor|Gliscor, M|100/100|[from] Volt Switch
|
|-status|p2a: Gliscor|tox|[from] item: Toxic Orb
|upkeep
|
|t:|1759003770
|switch|p1a: Kyurem|Kyurem|100/100
|-ability|p1a: Kyurem|Pressure
|turn|13
|
|t:|1759003780
|switch|p2a: Darkrai|Darkrai|100/100
|move|p1a: Kyurem|Ice Beam|p2a: Darkrai
|-damage|p2a: Darkrai|36/100
|
|upkeep
|turn|14
|
|t:|1759003783
|move|p1a: Kyurem|Ice Beam|p2a: Darkrai
|-damage|p2a: Darkrai|0 fnt
|faint|p2a: Darkrai
|
|upkeep
|
|t:|1759003788
|switch|p2a: Kingambit|Kingambit, F|100/100
|-activate|p2a: Kingambit|ability: Supreme Overlord
|-start|p2a: Kingambit|fallen1|[silent]
|turn|15
|
|t:|1759003795
|switch|p1a: Zamazenta|Zamazenta|100/100
|-ability|p1a: Zamazenta|Dauntless Shield|boost
|-boost|p1a: Zamazenta|def|1
|move|p2a: Kingambit|Swords Dance|p2a: Kingambit
|-boost|p2a: Kingambit|atk|2
|
|upkeep
|turn|16
|l| Sxvewxcgewx
|
|t:|1759003799
|-end|p2a: Kingambit|fallen1|[silent]
|switch|p2a: Gliscor|Gliscor, M|100/100 tox
|move|p1a: Zamazenta|Iron Defense|p1a: Zamazenta
|-boost|p1a: Zamazenta|def|2
|
|upkeep
|turn|17
|
|t:|1759003802
|move|p1a: Zamazenta|Substitute|p1a: Zamazenta
|-start|p1a: Zamazenta|Substitute
|-damage|p1a: Zamazenta|75/100
|move|p2a: Gliscor|Stealth Rock|p1a: Zamazenta
|-sidestart|p1: Sirpeanutcronch|move: Stealth Rock
|
|-heal|p1a: Zamazenta|82/100|[from] item: Leftovers
|upkeep
|turn|18
|
|t:|1759003805
|switch|p2a: Moltres|Moltres|19/100
|move|p1a: Zamazenta|Iron Defense|p1a: Zamazenta
|-boost|p1a: Zamazenta|def|2
|
|-heal|p1a: Zamazenta|88/100|[from] item: Leftovers
|upkeep
|turn|19
|
|t:|1759003808
|move|p1a: Zamazenta|Body Press|p2a: Moltres
|-resisted|p2a: Moltres
|-damage|p2a: Moltres|0 fnt
|-status|p1a: Zamazenta|brn|[from] ability: Flame Body|[of] p2a: Moltres
|faint|p2a: Moltres
|
|-heal|p1a: Zamazenta|94/100 brn|[from] item: Leftovers
|-damage|p1a: Zamazenta|88/100 brn|[from] brn
|upkeep
|
|t:|1759003811
|switch|p2a: Hydrapple|Hydrapple, M|100/100
|turn|20
|
|t:|1759003833
|-terastallize|p2a: Hydrapple|Poison
|move|p1a: Zamazenta|Body Press|p2a: Hydrapple
|-resisted|p2a: Hydrapple
|-damage|p2a: Hydrapple|80/100
|move|p2a: Hydrapple|Nasty Plot|p2a: Hydrapple
|-boost|p2a: Hydrapple|spa|2
|
|-heal|p1a: Zamazenta|94/100 brn|[from] item: Leftovers
|-damage|p1a: Zamazenta|88/100 brn|[from] brn
|upkeep
|turn|21
|
|t:|1759003841
|switch|p1a: Tornadus|Tornadus-Therian, M|69/100
|-damage|p1a: Tornadus|44/100|[from] Stealth Rock
|move|p2a: Hydrapple|Giga Drain|p1a: Tornadus
|-resisted|p1a: Tornadus
|-damage|p1a: Tornadus|3/100
|-heal|p2a: Hydrapple|98/100|[from] drain|[of] p1a: Tornadus
|
|upkeep
|turn|22
|
|t:|1759003845
|move|p1a: Tornadus|Bleakwind Storm|p2a: Hydrapple
|-damage|p2a: Hydrapple|58/100
|move|p2a: Hydrapple|Giga Drain|p1a: Tornadus
|-resisted|p1a: Tornadus
|-damage|p1a: Tornadus|0 fnt
|-heal|p2a: Hydrapple|60/100|[from] drain|[of] p1a: Tornadus
|faint|p1a: Tornadus
|
|upkeep
|
|t:|1759003849
|switch|p1a: Kyurem|Kyurem|100/100
|-damage|p1a: Kyurem|76/100|[from] Stealth Rock
|-ability|p1a: Kyurem|Pressure
|turn|23
|
|t:|1759003869
|switch|p2a: Kingambit|Kingambit, F|100/100
|-activate|p2a: Kingambit|ability: Supreme Overlord
|-start|p2a: Kingambit|fallen2|[silent]
|move|p1a: Kyurem|Draco Meteor|p2a: Kingambit
|-resisted|p2a: Kingambit
|-damage|p2a: Kingambit|63/100
|-unboost|p1a: Kyurem|spa|2
|
|upkeep
|turn|24
|
|t:|1759003875
|switch|p1a: Zamazenta|Zamazenta|88/100 brn
|-damage|p1a: Zamazenta|82/100 brn|[from] Stealth Rock
|move|p2a: Kingambit|Iron Head|p1a: Zamazenta
|-crit|p1a: Zamazenta
|-damage|p1a: Zamazenta|15/100 brn
|
|-heal|p1a: Zamazenta|21/100 brn|[from] item: Leftovers
|-damage|p1a: Zamazenta|15/100 brn|[from] brn
|upkeep
|turn|25
|
|t:|1759003878
|-end|p2a: Kingambit|fallen2|[silent]
|switch|p2a: Gliscor|Gliscor, M|100/100 tox
|move|p1a: Zamazenta|Body Press|p2a: Gliscor
|-resisted|p2a: Gliscor
|-damage|p2a: Gliscor|95/100 tox
|
|-heal|p1a: Zamazenta|21/100 brn|[from] item: Leftovers
|-heal|p2a: Gliscor|100/100 tox|[from] ability: Poison Heal
|-damage|p1a: Zamazenta|15/100 brn|[from] brn
|upkeep
|turn|26
|
|t:|1759003881
|move|p1a: Zamazenta|Body Press|p2a: Gliscor
|-resisted|p2a: Gliscor
|-crit|p2a: Gliscor
|-damage|p2a: Gliscor|93/100 tox
|move|p2a: Gliscor|Earthquake|p1a: Zamazenta
|-damage|p1a: Zamazenta|0 fnt
|faint|p1a: Zamazenta
|
|-heal|p2a: Gliscor|100/100 tox|[from] ability: Poison Heal
|upkeep
|
|t:|1759003885
|switch|p1a: Kyurem|Kyurem|76/100
|-damage|p1a: Kyurem|51/100|[from] Stealth Rock
|-ability|p1a: Kyurem|Pressure
|turn|27
|
|t:|1759003890
|move|p2a: Gliscor|Protect|p2a: Gliscor
|-singleturn|p2a: Gliscor|Protect
|move|p1a: Kyurem|Ice Beam|p2a: Gliscor
|-activate|p2a: Gliscor|move: Protect
|
|upkeep
|turn|28
|
|t:|1759003894
|switch|p2a: Kingambit|Kingambit, F|63/100
|-activate|p2a: Kingambit|ability: Supreme Overlord
|-start|p2a: Kingambit|fallen2|[silent]
|move|p1a: Kyurem|Ice Beam|p2a: Kingambit
|-resisted|p2a: Kingambit
|-damage|p2a: Kingambit|38/100
|
|upkeep
|turn|29
|
|t:|1759003902
|move|p2a: Kingambit|Sucker Punch|p1a: Kyurem
|-damage|p1a: Kyurem|0 fnt
|faint|p1a: Kyurem
|
|upkeep
|
|t:|1759003910
|switch|p1a: Kingambit|Kingambit, M|100/100
|-damage|p1a: Kingambit|94/100|[from] Stealth Rock
|-activate|p1a: Kingambit|ability: Supreme Overlord
|-start|p1a: Kingambit|fallen4|[silent]
|turn|30
|j| Le Bouquetin
|
|t:|1759003931
|-end|p1a: Kingambit|fallen4|[silent]
|switch|p1a: Gliscor|Gliscor, M|100/100 tox
|-damage|p1a: Gliscor|88/100 tox|[from] Stealth Rock
|-end|p2a: Kingambit|fallen2|[silent]
|switch|p2a: Gliscor|Gliscor, M|100/100 tox
|
|-heal|p1a: Gliscor|100/100 tox|[from] ability: Poison Heal
|upkeep
|turn|31
|
|t:|1759003935
|switch|p2a: Rotom|Rotom-Wash|33/100
|move|p1a: Gliscor|Stealth Rock|p2a: Rotom
|-sidestart|p2: Light SV|move: Stealth Rock
|
|upkeep
|turn|32
|
|t:|1759003941
|move|p2a: Rotom|Pain Split|p1a: Gliscor
|-sethp|p1a: Gliscor|62/100 tox|[from] move: Pain Split|[silent]
|-sethp|p2a: Rotom|90/100|[from] move: Pain Split
|move|p1a: Gliscor|Toxic|p2a: Rotom
|-status|p2a: Rotom|tox
|
|-damage|p2a: Rotom|83/100 tox|[from] psn
|-heal|p1a: Gliscor|74/100 tox|[from] ability: Poison Heal
|upkeep
|turn|33
|
|t:|1759003945
|move|p1a: Gliscor|Protect|p1a: Gliscor
|-singleturn|p1a: Gliscor|Protect
|move|p2a: Rotom|Hydro Pump|p1a: Gliscor
|-activate|p1a: Gliscor|move: Protect
|
|-damage|p2a: Rotom|71/100 tox|[from] psn
|-heal|p1a: Gliscor|87/100 tox|[from] ability: Poison Heal
|upkeep
|turn|34
|
|t:|1759003948
|move|p1a: Gliscor|Protect|p1a: Gliscor
|-singleturn|p1a: Gliscor|Protect
|move|p2a: Rotom|Hydro Pump|p1a: Gliscor
|-activate|p1a: Gliscor|move: Protect
|
|-damage|p2a: Rotom|52/100 tox|[from] psn
|-heal|p1a: Gliscor|99/100 tox|[from] ability: Poison Heal
|upkeep
|turn|35
|
|t:|1759003952
|move|p1a: Gliscor|Protect|p1a: Gliscor
|-singleturn|p1a: Gliscor|Protect
|move|p2a: Rotom|Hydro Pump|p1a: Gliscor
|-activate|p1a: Gliscor|move: Protect
|
|-damage|p2a: Rotom|27/100 tox|[from] psn
|-heal|p1a: Gliscor|100/100 tox|[from] ability: Poison Heal
|upkeep
|turn|36
|
|t:|1759003955
|move|p1a: Gliscor|Protect||[still]
|-fail|p1a: Gliscor
|move|p2a: Rotom|Pain Split|p1a: Gliscor
|-sethp|p1a: Gliscor|60/100 tox|[from] move: Pain Split|[silent]
|-sethp|p2a: Rotom|87/100 tox|[from] move: Pain Split
|
|-damage|p2a: Rotom|56/100 tox|[from] psn
|-heal|p1a: Gliscor|72/100 tox|[from] ability: Poison Heal
|upkeep
|turn|37
|
|t:|1759003962
|move|p1a: Gliscor|Protect|p1a: Gliscor
|-singleturn|p1a: Gliscor|Protect
|move|p2a: Rotom|Hydro Pump|p1a: Gliscor
|-activate|p1a: Gliscor|move: Protect
|
|-damage|p2a: Rotom|18/100 tox|[from] psn
|-heal|p1a: Gliscor|85/100 tox|[from] ability: Poison Heal
|upkeep
|turn|38
|
|t:|1759003965
|move|p1a: Gliscor|Protect||[still]
|-fail|p1a: Gliscor
|move|p2a: Rotom|Hydro Pump|p1a: Gliscor
|-supereffective|p1a: Gliscor
|-damage|p1a: Gliscor|0 fnt
|faint|p1a: Gliscor
|
|-damage|p2a: Rotom|0 fnt|[from] psn
|faint|p2a: Rotom
|upkeep
|
|t:|1759003970
|switch|p2a: Hydrapple|Hydrapple, M, tera:Poison|93/100
|switch|p1a: Kingambit|Kingambit, M|94/100
|-damage|p1a: Kingambit|88/100|[from] Stealth Rock
|-activate|p1a: Kingambit|ability: Supreme Overlord
|-start|p1a: Kingambit|fallen5|[silent]
|turn|39
|
|t:|1759003975
|move|p1a: Kingambit|Swords Dance|p1a: Kingambit
|-boost|p1a: Kingambit|atk|2
|move|p2a: Hydrapple|Earth Power|p1a: Kingambit
|-supereffective|p1a: Kingambit
|-damage|p1a: Kingambit|20/100
|
|-heal|p1a: Kingambit|26/100|[from] item: Leftovers
|upkeep
|turn|40
|
|t:|1759003980
|-terastallize|p1a: Kingambit|Fairy
|move|p1a: Kingambit|Swords Dance|p1a: Kingambit
|-boost|p1a: Kingambit|atk|2
|move|p2a: Hydrapple|Earth Power|p1a: Kingambit
|-damage|p1a: Kingambit|0 fnt
|faint|p1a: Kingambit
|-end|p1a: Kingambit|fallen5|[silent]
|
|win|Light SV
|raw|Sirpeanutcronch's rating: 1859 &rarr; <strong>1839</strong><br />(-20 for losing)
|raw|Light SV's rating: 1855 &rarr; <strong>1875</strong><br />(+20 for winning)
|l|☆Light SV
|player|p2|
