|j|☆bertoskyT
|j|☆frankjob
|t:|1758964148
|gametype|singles
|player|p1|bertoskyT|ethan|1588
|player|p2|frankjob|cheren|1528
|gen|9
|tier|[Gen 9] OU
|rated|
|rule|HP Percentage Mod: HP is shown in percentages
|rule|Endless Battle Clause: Forcing endless battles is banned
|rule|Species Clause: Limit one of each Pokémon
|rule|OHKO Clause: OHKO moves are banned
|rule|Evasion Items Clause: Evasion items are banned
|rule|Evasion Moves Clause: Evasion moves are banned
|rule|Evasion Abilities Clause: Evasion abilities are banned
|rule|Sleep Moves Clause: Sleep-inducing moves are banned
|clearpoke
|poke|p1|Dragapult, M|
|poke|p1|Landorus-Therian, M|
|poke|p1|Ogerpon-Wellspring, F|
|poke|p1|Greninja-*, M|
|poke|p1|Slowking-Galar, F|
|poke|p1|Forretress, F|
|poke|p2|Ursaluna, M|
|poke|p2|Carbink|
|poke|p2|Cresselia, F|
|poke|p2|Kingambit, M|
|poke|p2|Hatterene, F|
|poke|p2|Raging Bolt|
|teampreview
|inactive|Battle timer is ON: inactive players will automatically lose when time's up. (requested by frankjob)
|
|t:|1758964157
|teamsize|p1|6
|teamsize|p2|6
|start
|switch|p1a: Landorus|Landorus-Therian, M|100/100
|switch|p2a: Carbink|Carbink|100/100
|-ability|p1a: Landorus|Intimidate|boost
|-unboost|p2a: Carbink|atk|1
|turn|1
|
|t:|1758964164
|move|p1a: Landorus|Taunt|p2a: Carbink
|-start|p2a: Carbink|move: Taunt
|cant|p2a: Carbink|move: Taunt|Trick Room
|
|upkeep
|turn|2
|
|t:|1758964171
|switch|p2a: Cresselia|Cresselia, F|100/100
|move|p1a: Landorus|Earth Power|p2a: Cresselia
|-immune|p2a: Cresselia|[from] ability: Levitate
|
|upkeep
|turn|3
|
|t:|1758964181
|move|p1a: Landorus|Taunt|p2a: Cresselia
|-start|p2a: Cresselia|move: Taunt
|-enditem|p2a: Cresselia|Mental Herb
|-end|p2a: Cresselia|move: Taunt
|move|p2a: Cresselia|Trick Room|p2a: Cresselia
|-fieldstart|move: Trick Room|[of] p2a: Cresselia
|
|upkeep
|turn|4
|
|t:|1758964188
|move|p2a: Cresselia|Ice Beam|p1a: Landorus
|-supereffective|p1a: Landorus
|-damage|p1a: Landorus|26/100
|move|p1a: Landorus|Stealth Rock|p2a: Cresselia
|-sidestart|p2: frankjob|move: Stealth Rock
|
|upkeep
|turn|5
|
|t:|1758964194
|switch|p1a: Slowking|Slowking-Galar, F|100/100
|move|p2a: Cresselia|Ice Beam|p1a: Slowking
|-damage|p1a: Slowking|91/100
|
|upkeep
|turn|6
|
|t:|1758964206
|switch|p2a: Carbink|Carbink|100/100
|-damage|p2a: Carbink|88/100|[from] Stealth Rock
|move|p1a: Slowking|Thunder Wave|p2a: Carbink
|-status|p2a: Carbink|par
|
|upkeep
|turn|7
|
|t:|1758964214
|move|p2a: Carbink|Stealth Rock|p1a: Slowking
|-sidestart|p1: bertoskyT|move: Stealth Rock
|-prepare|p1a: Slowking|Chilly Reception|[premajor]
|move|p1a: Slowking|Chilly Reception|p1a: Slowking
|-weather|Snowscape
|
|t:|1758964224
|switch|p1a: Forretress|Forretress, F|100/100|[from] Chilly Reception
|-damage|p1a: Forretress|88/100|[from] Stealth Rock
|
|-weather|Snowscape|[upkeep]
|-fieldend|move: Trick Room
|upkeep
|turn|8
|
|t:|1758964235
|move|p1a: Forretress|Spikes|p2a: Carbink
|-sidestart|p2: frankjob|Spikes
|cant|p2a: Carbink|par
|
|-weather|Snowscape|[upkeep]
|upkeep
|turn|9
|
|t:|1758964239
|move|p1a: Forretress|Spikes|p2a: Carbink
|-sidestart|p2: frankjob|Spikes
|move|p2a: Carbink|Trick Room|p2a: Carbink
|-fieldstart|move: Trick Room|[of] p2a: Carbink
|
|-weather|Snowscape|[upkeep]
|upkeep
|turn|10
|
|t:|1758964247
|move|p2a: Carbink|Misty Explosion|p1a: Forretress
|-resisted|p1a: Forretress
|-crit|p1a: Forretress
|-damage|p1a: Forretress|65/100
|faint|p2a: Carbink
|move|p1a: Forretress|Spikes|p2: Carbink
|-sidestart|p2: frankjob|Spikes
|
|-weather|Snowscape|[upkeep]
|upkeep
|
|t:|1758964259
|switch|p2a: Ursaluna|Ursaluna, M|100/100
|-damage|p2a: Ursaluna|94/100|[from] Stealth Rock
|-damage|p2a: Ursaluna|69/100|[from] Spikes
|turn|11
|
|t:|1758964265
|move|p1a: Forretress|Body Press|p2a: Ursaluna
|-supereffective|p2a: Ursaluna
|-damage|p2a: Ursaluna|26/100
|move|p2a: Ursaluna|Fire Punch|p1a: Forretress
|-supereffective|p1a: Forretress
|-damage|p1a: Forretress|2/100
|-damage|p2a: Ursaluna|10/100|[from] item: Rocky Helmet|[of] p1a: Forretress
|
|-weather|none
|-status|p2a: Ursaluna|brn|[from] item: Flame Orb
|upkeep
|turn|12
|
|t:|1758964282
|switch|p2a: Cresselia|Cresselia, F|100/100
|-damage|p2a: Cresselia|88/100|[from] Stealth Rock
|move|p1a: Forretress|Rapid Spin|p2a: Cresselia
|-damage|p2a: Cresselia|82/100
|-boost|p1a: Forretress|spe|1
|-sideend|p1: bertoskyT|Stealth Rock|[from] move: Rapid Spin|[of] p1a: Forretress
|
|upkeep
|turn|13
|
|t:|1758964291
|move|p1a: Forretress|Volt Switch|p2a: Cresselia
|-damage|p2a: Cresselia|75/100
|
|t:|1758964298
|switch|p1a: Ogerpon|Ogerpon-Wellspring, F|100/100|[from] Volt Switch
|move|p2a: Cresselia|Ice Beam|p1a: Ogerpon
|-damage|p1a: Ogerpon|82/100
|
|-fieldend|move: Trick Room
|upkeep
|turn|14
|
|t:|1758964305
|move|p1a: Ogerpon|Knock Off|p2a: Cresselia
|-supereffective|p2a: Cresselia
|-damage|p2a: Cresselia|50/100
|move|p2a: Cresselia|Trick Room|p2a: Cresselia
|-fieldstart|move: Trick Room|[of] p2a: Cresselia
|
|upkeep
|turn|15
|
|t:|1758964319
|move|p2a: Cresselia|Moonlight|p2a: Cresselia
|-heal|p2a: Cresselia|100/100
|move|p1a: Ogerpon|Swords Dance|p1a: Ogerpon
|-boost|p1a: Ogerpon|atk|2
|
|upkeep
|turn|16
|
|t:|1758964332
|move|p2a: Cresselia|Lunar Dance|p2a: Cresselia
|faint|p2a: Cresselia
|move|p1a: Ogerpon|Swords Dance|p1a: Ogerpon
|-boost|p1a: Ogerpon|atk|2
|
|upkeep
|
|t:|1758964336
|switch|p2a: Raging Bolt|Raging Bolt|100/100
|-damage|p2a: Raging Bolt|88/100|[from] Stealth Rock
|-damage|p2a: Raging Bolt|63/100|[from] Spikes
|-enditem|p2a: Raging Bolt|Booster Energy
|-activate|p2a: Raging Bolt|ability: Protosynthesis|[fromitem]
|-start|p2a: Raging Bolt|protosynthesisspa
|turn|17
|
|t:|1758964343
|move|p2a: Raging Bolt|Dragon Pulse|p1a: Ogerpon
|-damage|p1a: Ogerpon|9/100
|move|p1a: Ogerpon|Ivy Cudgel|p2a: Raging Bolt|[anim] Ivy Cudgel Water
|-resisted|p2a: Raging Bolt
|-damage|p2a: Raging Bolt|0 fnt
|faint|p2a: Raging Bolt
|-end|p2a: Raging Bolt|Protosynthesis|[silent]
|
|upkeep
|
|t:|1758964350
|switch|p2a: Ursaluna|Ursaluna, M|10/100 brn
|-heal|p2a: Ursaluna|100/100|[from] move: Lunar Dance
|-damage|p2a: Ursaluna|94/100|[from] Stealth Rock
|-damage|p2a: Ursaluna|69/100|[from] Spikes
|turn|18
|
|t:|1758964366
|switch|p1a: Forretress|Forretress, F|2/100
|move|p2a: Ursaluna|Facade|p1a: Forretress
|-resisted|p1a: Forretress
|-damage|p1a: Forretress|0 fnt
|-damage|p2a: Ursaluna|53/100|[from] item: Rocky Helmet|[of] p1a: Forretress
|faint|p1a: Forretress
|
|-fieldend|move: Trick Room
|-status|p2a: Ursaluna|brn|[from] item: Flame Orb
|upkeep
|
|t:|1758964370
|switch|p1a: Ogerpon|Ogerpon-Wellspring, F|9/100
|turn|19
|
|t:|1758964380
|move|p1a: Ogerpon|Horn Leech|p2a: Ursaluna
|-supereffective|p2a: Ursaluna
|-damage|p2a: Ursaluna|0 fnt
|-heal|p1a: Ogerpon|49/100|[from] drain|[of] p2a: Ursaluna
|faint|p2a: Ursaluna
|
|upkeep
|
|t:|1758964395
|switch|p2a: Kingambit|Kingambit, M|100/100
|-damage|p2a: Kingambit|94/100|[from] Stealth Rock
|-damage|p2a: Kingambit|69/100|[from] Spikes
|-activate|p2a: Kingambit|ability: Supreme Overlord
|-start|p2a: Kingambit|fallen4|[silent]
|turn|20
|
|t:|1758964405
|move|p1a: Ogerpon|Ivy Cudgel|p2a: Kingambit|[anim] Ivy Cudgel Water
|-damage|p2a: Kingambit|27/100
|move|p2a: Kingambit|Kowtow Cleave|p1a: Ogerpon
|-damage|p1a: Ogerpon|0 fnt
|faint|p1a: Ogerpon
|
|upkeep
|
|t:|1758964411
|switch|p1a: Landorus|Landorus-Therian, M|26/100
|-ability|p1a: Landorus|Intimidate|boost
|-unboost|p2a: Kingambit|atk|1
|turn|21
|
|t:|1758964417
|move|p2a: Kingambit|Sucker Punch|p1a: Landorus
|-damage|p1a: Landorus|0 fnt
|-damage|p2a: Kingambit|11/100|[from] item: Rocky Helmet|[of] p1a: Landorus
|faint|p1a: Landorus
|
|upkeep
|
|t:|1758964421
|switch|p1a: Greninja|Greninja, M|100/100
|turn|22
|
|t:|1758964428
|move|p2a: Kingambit|Sucker Punch|p1a: Greninja
|-resisted|p1a: Greninja
|-damage|p1a: Greninja|61/100
|move|p1a: Greninja|Surf|p2a: Kingambit
|-damage|p2a: Kingambit|0 fnt
|faint|p2a: Kingambit
|-end|p2a: Kingambit|fallen4|[silent]
|-ability|p1a: Greninja|Battle Bond|boost
|-boost|p1a: Greninja|atk|1
|-boost|p1a: Greninja|spa|1
|-boost|p1a: Greninja|spe|1
|-activate|p1a: Greninja|ability: Battle Bond
|-damage|p1a: Greninja|51/100|[from] item: Life Orb
|
|upkeep
|
|t:|1758964439
|switch|p2a: Hatterene|Hatterene, F|100/100
|-damage|p2a: Hatterene|88/100|[from] Stealth Rock
|-damage|p2a: Hatterene|63/100|[from] Spikes
|turn|23
|
|t:|1758964444
|-terastallize|p1a: Greninja|Water
|move|p1a: Greninja|Surf|p2a: Hatterene
|-damage|p2a: Hatterene|0 fnt
|faint|p2a: Hatterene
|-damage|p1a: Greninja|41/100|[from] item: Life Orb
|
|win|bertoskyT
|raw|bertoskyT's rating: 1588 &rarr; <strong>1605</strong><br />(+17 for winning)
|raw|frankjob's rating: 1528 &rarr; <strong>1511</strong><br />(-17 for losing)
|l|☆frankjob
|player|p2|
|l|☆bertoskyT
|player|p1|
