|j|‽XIXINANA
|j|☆khushu12
|t:|1758919487
|gametype|singles
|player|p1|XIXINANA|nate|1127
|player|p2|khushu12|265|1090
|gen|9
|tier|[Gen 9] OU
|rated|
|rule|HP Percentage Mod: HP is shown in percentages
|rule|Endless Battle Clause: Forcing endless battles is banned
|rule|Species Clause: Limit one of each Pokémon
|rule|OHKO Clause: OHKO moves are banned
|rule|Evasion Items Clause: Evasion items are banned
|rule|Evasion Moves Clause: Evasion moves are banned
|rule|Evasion Abilities Clause: Evasion abilities are banned
|rule|Sleep Moves Clause: Sleep-inducing moves are banned
|clearpoke
|poke|p1|Lycanroc-Midnight, F|
|poke|p1|Zoroark-Hisui, F|
|poke|p1|Ceruledge, F|
|poke|p1|Polteageist-Antique|
|poke|p1|Typhlosion-Hisui, M|
|poke|p1|Regidrago|
|poke|p2|Pelipper, F|
|poke|p2|Kommo-o, M|
|poke|p2|Basculegion, M|
|poke|p2|Klefki, F|
|poke|p2|Landorus-Therian, M|
|poke|p2|Serperior, M|
|teampreview
|
|t:|1758919536
|teamsize|p1|6
|teamsize|p2|6
|start
|switch|p1a: Lycanroc|Lycanroc-Midnight, F|100/100
|switch|p2a: Kommo-o|Kommo-o, M, shiny|100/100
|turn|1
|
|t:|1758919544
|move|p2a: Kommo-o|Substitute|p2a: Kommo-o
|-start|p2a: Kommo-o|Substitute
|-damage|p2a: Kommo-o|75/100
|move|p1a: Lycanroc|Psychic Fangs|p2a: Kommo-o
|-supereffective|p2a: Kommo-o
|-end|p2a: Kommo-o|Substitute
|-damage|p1a: Lycanroc|91/100|[from] item: Life Orb
|
|upkeep
|turn|2
|inactive|Battle timer is ON: inactive players will automatically lose when time's up. (requested by XIXINANA)
|
|t:|1758919575
|switch|p2a: Klefki|Klefki, F, shiny|100/100
|switch|p1a: Regidrago|Regidrago|100/100
|
|upkeep
|turn|3
|
|t:|1758919590
|move|p2a: Klefki|Thunder Wave|p1a: Regidrago
|-status|p1a: Regidrago|par
|move|p1a: Regidrago|Flamethrower|p2a: Klefki
|-supereffective|p2a: Klefki
|-damage|p2a: Klefki|19/100
|
|-heal|p2a: Klefki|25/100|[from] item: Leftovers
|upkeep
|turn|4
|
|t:|1758919610
|switch|p1a: Lycanroc|Lycanroc-Midnight, F|91/100
|move|p2a: Klefki|Play Rough|p1a: Lycanroc
|-damage|p1a: Lycanroc|54/100
|
|-heal|p2a: Klefki|31/100|[from] item: Leftovers
|upkeep
|turn|5
|
|t:|1758919624
|switch|p1a: Regidrago|Regidrago|100/100 par
|move|p2a: Klefki|Thunder Wave|p1a: Regidrago
|-fail|p1a: Regidrago|par
|
|-heal|p2a: Klefki|37/100|[from] item: Leftovers
|upkeep
|turn|6
|
|t:|1758919631
|move|p2a: Klefki|Play Rough|p1a: Regidrago|[miss]
|-miss|p2a: Klefki|p1a: Regidrago
|move|p1a: Regidrago|Bitter Malice|p2a: Klefki
|-damage|p2a: Klefki|0 fnt
|faint|p2a: Klefki
|
|upkeep
|
|t:|1758919640
|switch|p2a: Kommo-o|Kommo-o, M, shiny|75/100
|turn|7
|
|t:|1758919646
|-terastallize|p2a: Kommo-o|Fairy
|move|p2a: Kommo-o|Belly Drum|p2a: Kommo-o
|-damage|p2a: Kommo-o|25/100
|-setboost|p2a: Kommo-o|atk|6|[from] move: Belly Drum
|-enditem|p2a: Kommo-o|Salac Berry|[eat]
|-boost|p2a: Kommo-o|spe|1|[from] item: Salac Berry
|move|p1a: Regidrago|Bitter Malice|p2a: Kommo-o
|-damage|p2a: Kommo-o|0 fnt
|faint|p2a: Kommo-o
|
|upkeep
|c|☆khushu12|omg its choiced
|
|t:|1758919673
|switch|p2a: Pelipper|Pelipper, F, shiny|100/100
|-weather|RainDance|[from] ability: Drizzle|[of] p2a: Pelipper
|turn|8
|
|t:|1758919676
|move|p1a: Regidrago|Bitter Malice|p2a: Pelipper
|-damage|p2a: Pelipper|21/100
|-unboost|p2a: Pelipper|atk|1
|move|p2a: Pelipper|Ice Beam|p1a: Regidrago
|-damage|p1a: Regidrago|59/100 par
|replace|p1a: Zoroark|Zoroark-Hisui, F
|-end|p1a: Zoroark|Illusion
|
|-weather|RainDance|[upkeep]
|upkeep
|turn|9
|c|☆khushu12|oh
|
|t:|1758919688
|move|p1a: Zoroark|Bitter Malice|p2a: Pelipper
|-damage|p2a: Pelipper|0 fnt
|faint|p2a: Pelipper
|
|-weather|RainDance|[upkeep]
|upkeep
|
|t:|1758919694
|switch|p2a: Basculegion|Basculegion, M, shiny|100/100
|turn|10
|
|t:|1758919702
|move|p2a: Basculegion|Wave Crash|p1a: Zoroark
|-damage|p1a: Zoroark|0 fnt
|faint|p1a: Zoroark
|-damage|p2a: Basculegion|88/100|[from] Recoil
|
|-weather|RainDance|[upkeep]
|upkeep
|
|t:|1758919721
|switch|p1a: Ceruledge|Ceruledge, F|100/100
|turn|11
|
|t:|1758919724
|move|p2a: Basculegion|Wave Crash|p1a: Ceruledge
|-supereffective|p1a: Ceruledge
|-enditem|p1a: Ceruledge|Focus Sash
|-damage|p1a: Ceruledge|1/100
|-ability|p1a: Ceruledge|Weak Armor|boost
|-unboost|p1a: Ceruledge|def|1
|-boost|p1a: Ceruledge|spe|2
|-damage|p2a: Basculegion|62/100|[from] Recoil
|move|p1a: Ceruledge|Poltergeist|p2a: Basculegion
|-activate|p2a: Basculegion|move: Poltergeist|Choice Band
|-supereffective|p2a: Basculegion
|-damage|p2a: Basculegion|0 fnt
|faint|p2a: Basculegion
|
|-weather|RainDance|[upkeep]
|upkeep
|
|t:|1758919736
|switch|p2a: Landorus|Landorus-Therian, M, shiny|100/100
|-ability|p2a: Landorus|Intimidate|boost
|-unboost|p1a: Ceruledge|atk|1
|turn|12
|
|t:|1758919742
|move|p1a: Ceruledge|Poltergeist|p2a: Landorus
|-activate|p2a: Landorus|move: Poltergeist|Choice Scarf
|-damage|p2a: Landorus|64/100
|move|p2a: Landorus|Earthquake|p1a: Ceruledge
|-supereffective|p1a: Ceruledge
|-damage|p1a: Ceruledge|0 fnt
|faint|p1a: Ceruledge
|
|-weather|RainDance|[upkeep]
|upkeep
|
|t:|1758919756
|switch|p1a: Regidrago|Regidrago|100/100
|turn|13
|
|t:|1758919764
|move|p2a: Landorus|Earthquake|p1a: Regidrago
|-damage|p1a: Regidrago|29/100
|move|p1a: Regidrago|Draco Meteor|p2a: Landorus
|-damage|p2a: Landorus|0 fnt
|-unboost|p1a: Regidrago|spa|2
|faint|p2a: Landorus
|
|-weather|RainDance|[upkeep]
|upkeep
|
|t:|1758919769
|switch|p2a: Serperior|Serperior, M, shiny|100/100
|turn|14
|
|t:|1758919776
|move|p1a: Regidrago|Draco Meteor|p2a: Serperior|[miss]
|-miss|p1a: Regidrago|p2a: Serperior
|move|p2a: Serperior|Leech Seed|p1a: Regidrago
|-start|p1a: Regidrago|move: Leech Seed
|
|-weather|RainDance|[upkeep]
|-damage|p1a: Regidrago|17/100|[from] Leech Seed|[of] p2a: Serperior
|upkeep
|turn|15
|
|t:|1758919782
|move|p1a: Regidrago|Draco Meteor|p2a: Serperior|[miss]
|-miss|p1a: Regidrago|p2a: Serperior
|move|p2a: Serperior|Substitute|p2a: Serperior
|-start|p2a: Serperior|Substitute
|-damage|p2a: Serperior|76/100
|
|-weather|none
|-heal|p2a: Serperior|82/100|[from] item: Leftovers
|-damage|p1a: Regidrago|4/100|[from] Leech Seed|[of] p2a: Serperior
|-heal|p2a: Serperior|100/100|[silent]
|upkeep
|turn|16
|
|t:|1758919791
|move|p1a: Regidrago|Draco Meteor|p2a: Serperior|[miss]
|-miss|p1a: Regidrago|p2a: Serperior
|move|p2a: Serperior|Leaf Storm|p1a: Regidrago
|-resisted|p1a: Regidrago
|-damage|p1a: Regidrago|0 fnt
|-boost|p2a: Serperior|spa|2
|faint|p1a: Regidrago
|
|upkeep
|c|☆khushu12|ykw 3 times
|c|☆khushu12|is mad
|c|☆khushu12|im mad for u
|
|t:|1758919816
|switch|p1a: Typhlosion|Typhlosion-Hisui, M|100/100
|-item|p2a: Serperior|Leftovers|[from] ability: Frisk|[of] p1a: Typhlosion
|turn|17
|
|t:|1758919823
|move|p1a: Typhlosion|Eruption|p2a: Serperior
|-supereffective|p2a: Serperior
|-end|p2a: Serperior|Substitute
|move|p2a: Serperior|Leech Seed|p1a: Typhlosion
|-start|p1a: Typhlosion|move: Leech Seed
|
|-damage|p1a: Typhlosion|88/100|[from] Leech Seed|[of] p2a: Serperior
|upkeep
|turn|18
|
|t:|1758919840
|move|p1a: Typhlosion|Eruption|p2a: Serperior
|-supereffective|p2a: Serperior
|-damage|p2a: Serperior|0 fnt
|faint|p2a: Serperior
|
|win|XIXINANA
|raw|XIXINANA's rating: 1127 &rarr; <strong>1149</strong><br />(+22 for winning)
|raw|khushu12's rating: 1090 &rarr; <strong>1069</strong><br />(-21 for losing)
|l|☆khushu12
|player|p2|
|l|‽XIXINANA
|player|p1|
