|badge|p1|bronze|gen9ou|100-6
|html|<div class="broadcast-red"><strong>This battle is required to be public due to one or more player having a season medal.</strong><br />During the public phase, you can discuss the state of the ladder <a href="/seasondiscussion">in a special chatroom.</a></div>
|uhtml|medal-msg|<div class="broadcast-blue">Curious what those medals under the avatar are? PS now has Ladder Seasons! For more information, check out the <a href="https://www.smogon.com/forums/threads/3740067/">thread on Smogon.</a></div>
|badge|p2|bronze|gen9ou|100-6
|uhtml|medal-msg|<div class="broadcast-blue">Curious what those medals under the avatar are? PS now has Ladder Seasons! For more information, check out the <a href="https://www.smogon.com/forums/threads/3740067/">thread on Smogon.</a></div>
|raw|<div class="broadcast-blue"><strong>This battle is required to be public due to a player having a name starting with 'medal'.</div>
|j|☆yesterdaymister
|j|☆mcribs
|t:|1759065345
|gametype|singles
|player|p1|yesterdaymister|striker|1879
|player|p2|mcribs|101|1771
|gen|9
|tier|[Gen 9] OU
|rated|
|rule|HP Percentage Mod: HP is shown in percentages
|rule|Endless Battle Clause: Forcing endless battles is banned
|rule|Species Clause: Limit one of each Pokémon
|rule|OHKO Clause: OHKO moves are banned
|rule|Evasion Items Clause: Evasion items are banned
|rule|Evasion Moves Clause: Evasion moves are banned
|rule|Evasion Abilities Clause: Evasion abilities are banned
|rule|Sleep Moves Clause: Sleep-inducing moves are banned
|clearpoke
|poke|p1|Ninetales, M|
|poke|p1|Ceruledge, M|
|poke|p1|Venusaur, M|
|poke|p1|Hatterene, F|
|poke|p1|Great Tusk|
|poke|p1|Walking Wake|
|poke|p2|Samurott-Hisui, M|
|poke|p2|Raging Bolt|
|poke|p2|Tornadus-Therian, M|
|poke|p2|Iron Valiant|
|poke|p2|Iron Treads|
|poke|p2|Gholdengo|
|teampreview
|inactive|Battle timer is ON: inactive players will automatically lose when time's up. (requested by yesterdaymister)
|inactive|mcribs also wants the timer to be on.
|
|t:|1759065355
|teamsize|p1|6
|teamsize|p2|6
|start
|switch|p1a: arda guler|Ninetales, M|100/100
|switch|p2a: Raging Bolt|Raging Bolt|100/100
|-weather|SunnyDay|[from] ability: Drought|[of] p1a: arda guler
|-activate|p2a: Raging Bolt|ability: Protosynthesis
|-start|p2a: Raging Bolt|protosynthesisspa
|turn|1
|
|t:|1759065358
|switch|p1a: mignolet|Great Tusk|100/100
|-activate|p1a: mignolet|ability: Protosynthesis
|-start|p1a: mignolet|protosynthesisspe
|move|p2a: Raging Bolt|Thunderbolt|p1a: mignolet
|-immune|p1a: mignolet
|
|-weather|SunnyDay|[upkeep]
|upkeep
|turn|2
|
|t:|1759065365
|-end|p2a: Raging Bolt|Protosynthesis|[silent]
|switch|p2a: Tornadus|Tornadus-Therian, M|100/100
|move|p1a: mignolet|Stealth Rock|p2a: Tornadus
|-sidestart|p2: mcribs|move: Stealth Rock
|
|-weather|SunnyDay|[upkeep]
|upkeep
|turn|3
|
|t:|1759065371
|-end|p1a: mignolet|Protosynthesis|[silent]
|switch|p1a: maccabi|Hatterene, F|100/100
|move|p2a: Tornadus|Bleakwind Storm|p1a: maccabi|[miss]
|-miss|p2a: Tornadus|p1a: maccabi
|
|-weather|SunnyDay|[upkeep]
|upkeep
|turn|4
|
|t:|1759065375
|move|p2a: Tornadus|Bleakwind Storm|p1a: maccabi|[miss]
|-miss|p2a: Tornadus|p1a: maccabi
|move|p1a: maccabi|Nuzzle|p2a: Tornadus
|-supereffective|p2a: Tornadus
|-damage|p2a: Tornadus|92/100
|-status|p2a: Tornadus|par
|
|-weather|SunnyDay|[upkeep]
|upkeep
|turn|5
|
|t:|1759065384
|move|p2a: Tornadus|Bleakwind Storm|p1a: maccabi
|-damage|p1a: maccabi|62/100
|-enditem|p1a: maccabi|Eject Button
|
|t:|1759065406
|switch|p1a: chama|Walking Wake|100/100
|-activate|p1a: chama|ability: Protosynthesis
|-start|p1a: chama|protosynthesisspa
|
|-weather|SunnyDay|[upkeep]
|upkeep
|turn|6
|
|t:|1759065411
|switch|p2a: Samurott|Samurott-Hisui, M|100/100
|-damage|p2a: Samurott|88/100|[from] Stealth Rock
|move|p1a: chama|Hydro Steam|p2a: Samurott
|-resisted|p2a: Samurott
|-damage|p2a: Samurott|39/100
|
|-weather|SunnyDay|[upkeep]
|upkeep
|turn|7
|
|t:|1759065422
|move|p2a: Samurott|Sucker Punch|p1a: chama
|-damage|p1a: chama|70/100
|move|p1a: chama|Hydro Steam|p2a: Samurott
|-resisted|p2a: Samurott
|-damage|p2a: Samurott|0 fnt
|faint|p2a: Samurott
|
|-weather|SunnyDay|[upkeep]
|upkeep
|
|t:|1759065425
|switch|p2a: Raging Bolt|Raging Bolt|100/100
|-damage|p2a: Raging Bolt|88/100|[from] Stealth Rock
|-activate|p2a: Raging Bolt|ability: Protosynthesis
|-start|p2a: Raging Bolt|protosynthesisspa
|turn|8
|
|t:|1759065432
|-end|p1a: chama|Protosynthesis|[silent]
|switch|p1a: maccabi|Hatterene, F|62/100
|move|p2a: Raging Bolt|Draco Meteor|p1a: maccabi
|-immune|p1a: maccabi
|
|-weather|none
|-end|p2a: Raging Bolt|Protosynthesis
|-heal|p2a: Raging Bolt|94/100|[from] item: Leftovers
|upkeep
|turn|9
|j| Nikator98
|
|t:|1759065439
|move|p2a: Raging Bolt|Thunderbolt|p1a: maccabi
|-damage|p1a: maccabi|6/100
|-status|p1a: maccabi|par
|move|p1a: maccabi|Dazzling Gleam|p2a: Raging Bolt
|-supereffective|p2a: Raging Bolt
|-damage|p2a: Raging Bolt|35/100
|
|-heal|p2a: Raging Bolt|41/100|[from] item: Leftovers
|upkeep
|turn|10
|l| Nikator98
|
|t:|1759065447
|switch|p1a: mignolet|Great Tusk|100/100
|move|p2a: Raging Bolt|Volt Switch|p1a: mignolet
|-immune|p1a: mignolet
|
|-heal|p2a: Raging Bolt|47/100|[from] item: Leftovers
|upkeep
|turn|11
|
|t:|1759065454
|-end|p2a: Raging Bolt|Protosynthesis|[silent]
|switch|p2a: Tornadus|Tornadus-Therian, M|100/100 par
|move|p1a: mignolet|Headlong Rush|p2a: Tornadus
|-immune|p2a: Tornadus
|
|upkeep
|turn|12
|j| 0zorcNecropHades
|
|t:|1759065466
|-end|p1a: mignolet|Protosynthesis|[silent]
|switch|p1a: maccabi|Hatterene, F|6/100 par
|move|p2a: Tornadus|Bleakwind Storm|p1a: maccabi
|-damage|p1a: maccabi|0 fnt
|faint|p1a: maccabi
|
|upkeep
|
|t:|1759065469
|switch|p1a: arda guler|Ninetales, M|100/100
|-weather|SunnyDay|[from] ability: Drought|[of] p1a: arda guler
|turn|13
|inactive|yesterdaymister has 120 seconds left.
|
|t:|1759065499
|switch|p1a: lebron|Ceruledge, M|100/100
|move|p2a: Tornadus|Bleakwind Storm|p1a: lebron|[miss]
|-miss|p2a: Tornadus|p1a: lebron
|
|-weather|SunnyDay|[upkeep]
|upkeep
|turn|14
|
|t:|1759065507
|move|p1a: lebron|Swords Dance|p1a: lebron
|-boost|p1a: lebron|atk|2
|move|p2a: Tornadus|Bleakwind Storm|p1a: lebron
|-damage|p1a: lebron|54/100
|-unboost|p1a: lebron|spe|1
|
|-weather|SunnyDay|[upkeep]
|upkeep
|turn|15
|
|t:|1759065510
|move|p1a: lebron|Bitter Blade|p2a: Tornadus
|-damage|p2a: Tornadus|0 fnt
|-heal|p1a: lebron|100/100|[from] drain|[of] p2a: Tornadus
|faint|p2a: Tornadus
|
|-weather|SunnyDay|[upkeep]
|upkeep
|
|t:|1759065515
|switch|p2a: Iron Valiant|Iron Valiant|100/100
|-damage|p2a: Iron Valiant|94/100|[from] Stealth Rock
|turn|16
|
|t:|1759065518
|move|p2a: Iron Valiant|Shadow Ball|p1a: lebron
|-supereffective|p1a: lebron
|-damage|p1a: lebron|8/100
|-unboost|p1a: lebron|spd|1
|move|p1a: lebron|Bitter Blade|p2a: Iron Valiant
|-damage|p2a: Iron Valiant|0 fnt
|-heal|p1a: lebron|54/100|[from] drain|[of] p2a: Iron Valiant
|faint|p2a: Iron Valiant
|-end|p2a: Iron Valiant|Quark Drive|[silent]
|
|-weather|SunnyDay|[upkeep]
|upkeep
|
|t:|1759065534
|switch|p2a: Iron Treads|Iron Treads|100/100
|-damage|p2a: Iron Treads|98/100|[from] Stealth Rock
|turn|17
|
|t:|1759065541
|move|p2a: Iron Treads|Earthquake|p1a: lebron
|-supereffective|p1a: lebron
|-damage|p1a: lebron|0 fnt
|faint|p1a: lebron
|
|-weather|SunnyDay|[upkeep]
|-heal|p2a: Iron Treads|100/100|[from] item: Leftovers
|upkeep
|
|t:|1759065546
|switch|p1a: chama|Walking Wake|70/100
|-activate|p1a: chama|ability: Protosynthesis
|-start|p1a: chama|protosynthesisspa
|turn|18
|
|t:|1759065559
|move|p1a: chama|Hydro Steam|p2a: Iron Treads
|-supereffective|p2a: Iron Treads
|-damage|p2a: Iron Treads|0 fnt
|faint|p2a: Iron Treads
|-end|p2a: Iron Treads|Quark Drive|[silent]
|
|-weather|SunnyDay|[upkeep]
|upkeep
|-message|mcribs forfeited.
|
|win|yesterdaymister
|raw|yesterdaymister's rating: 1879 &rarr; <strong>1893</strong><br />(+14 for winning)
|raw|mcribs's rating: 1771 &rarr; <strong>1757</strong><br />(-14 for losing)
|l|☆mcribs
|player|p2|
|l|☆yesterdaymister
|player|p1|
