|badge|p1|bronze|gen9ou|100-6
|html|<div class="broadcast-red"><strong>This battle is required to be public due to one or more player having a season medal.</strong><br />During the public phase, you can discuss the state of the ladder <a href="/seasondiscussion">in a special chatroom.</a></div>
|uhtml|medal-msg|<div class="broadcast-blue">Curious what those medals under the avatar are? PS now has Ladder Seasons! For more information, check out the <a href="https://www.smogon.com/forums/threads/3740067/">thread on Smogon.</a></div>
|badge|p2|bronze|gen9ou|100-6
|uhtml|medal-msg|<div class="broadcast-blue">Curious what those medals under the avatar are? PS now has Ladder Seasons! For more information, check out the <a href="https://www.smogon.com/forums/threads/3740067/">thread on Smogon.</a></div>
|raw|<div class="broadcast-blue"><strong>This battle is required to be public due to a player having a name starting with 'medal'.</div>
|j|☆snuggypooh
|j|‽drippy t iv
|t:|1759020015
|gametype|singles
|player|p1|snuggypooh|2|1860
|player|p2|drippy t iv|firebreather-gen2|1868
|gen|9
|tier|[Gen 9] OU
|rated|
|rule|HP Percentage Mod: HP is shown in percentages
|rule|Endless Battle Clause: Forcing endless battles is banned
|rule|Species Clause: Limit one of each Pokémon
|rule|OHKO Clause: OHKO moves are banned
|rule|Evasion Items Clause: Evasion items are banned
|rule|Evasion Moves Clause: Evasion moves are banned
|rule|Evasion Abilities Clause: Evasion abilities are banned
|rule|Sleep Moves Clause: Sleep-inducing moves are banned
|clearpoke
|poke|p1|Hatterene, F|
|poke|p1|Cresselia, F|
|poke|p1|Ursaluna, M|
|poke|p1|Kingambit, F|
|poke|p1|Raging Bolt|
|poke|p1|Mimikyu, M|
|poke|p2|Ribombee, M|
|poke|p2|Manaphy|
|poke|p2|Great Tusk|
|poke|p2|Gholdengo|
|poke|p2|Ceruledge, M|
|poke|p2|Zamazenta-*|
|teampreview
|
|t:|1759020027
|teamsize|p1|6
|teamsize|p2|6
|start
|switch|p1a: Hatterene|Hatterene, F|100/100
|switch|p2a: Ceruledge|Ceruledge, M|100/100
|turn|1
|j| Tidk
|
|t:|1759020032
|move|p2a: Ceruledge|Swords Dance|p2a: Ceruledge
|-boost|p2a: Ceruledge|atk|2
|move|p1a: Hatterene|Trick Room|p1a: Hatterene
|-fieldstart|move: Trick Room|[of] p1a: Hatterene
|
|upkeep
|turn|2
|
|t:|1759020043
|switch|p1a: Raging Bolt|Raging Bolt|100/100
|-enditem|p1a: Raging Bolt|Booster Energy
|-activate|p1a: Raging Bolt|ability: Protosynthesis|[fromitem]
|-start|p1a: Raging Bolt|protosynthesisspa
|move|p2a: Ceruledge|Bitter Blade|p1a: Raging Bolt
|-resisted|p1a: Raging Bolt
|-damage|p1a: Raging Bolt|61/100
|
|upkeep
|turn|3
|j| 1400s main
|
|t:|1759020074
|move|p1a: Raging Bolt|Dragon Pulse|p2a: Ceruledge
|-damage|p2a: Ceruledge|22/100
|move|p2a: Ceruledge|Close Combat|p1a: Raging Bolt
|-damage|p1a: Raging Bolt|0 fnt
|-unboost|p2a: Ceruledge|def|1
|-unboost|p2a: Ceruledge|spd|1
|faint|p1a: Raging Bolt
|-end|p1a: Raging Bolt|Protosynthesis|[silent]
|
|upkeep
|inactive|Battle timer is ON: inactive players will automatically lose when time's up. (requested by drippy t iv)
|
|t:|1759020104
|switch|p1a: Ursaluna|Ursaluna, M|100/100
|turn|4
|
|t:|1759020118
|switch|p2a: Zamazenta|Zamazenta|100/100
|-ability|p2a: Zamazenta|Dauntless Shield|boost
|-boost|p2a: Zamazenta|def|1
|move|p1a: Ursaluna|Headlong Rush|p2a: Zamazenta
|-damage|p2a: Zamazenta|68/100
|-unboost|p1a: Ursaluna|def|1
|-unboost|p1a: Ursaluna|spd|1
|
|-status|p1a: Ursaluna|brn|[from] item: Flame Orb
|upkeep
|turn|5
|
|t:|1759020135
|-terastallize|p1a: Ursaluna|Normal
|move|p1a: Ursaluna|Facade|p2a: Zamazenta
|-damage|p2a: Zamazenta|0 fnt
|faint|p2a: Zamazenta
|
|-damage|p1a: Ursaluna|94/100 brn|[from] brn
|-fieldend|move: Trick Room
|upkeep
|
|t:|1759020149
|switch|p2a: Ceruledge|Ceruledge, M|22/100
|turn|6
|
|t:|1759020174
|move|p2a: Ceruledge|Bitter Blade|p1a: Ursaluna
|-damage|p1a: Ursaluna|46/100 brn
|-heal|p2a: Ceruledge|61/100|[from] drain|[of] p1a: Ursaluna
|move|p1a: Ursaluna|Headlong Rush|p2a: Ceruledge
|-supereffective|p2a: Ceruledge
|-damage|p2a: Ceruledge|0 fnt
|-unboost|p1a: Ursaluna|def|1
|-unboost|p1a: Ursaluna|spd|1
|faint|p2a: Ceruledge
|
|-damage|p1a: Ursaluna|39/100 brn|[from] brn
|upkeep
|
|t:|1759020186
|switch|p2a: Gholdengo|Gholdengo|100/100
|-item|p2a: Gholdengo|Air Balloon
|turn|7
|
|t:|1759020201
|switch|p1a: Cresselia|Cresselia, F|100/100
|move|p2a: Gholdengo|Make It Rain|p1a: Cresselia
|-damage|p1a: Cresselia|61/100
|-unboost|p2a: Gholdengo|spa|1
|
|upkeep
|turn|8
|
|t:|1759020210
|move|p2a: Gholdengo|Nasty Plot|p2a: Gholdengo
|-boost|p2a: Gholdengo|spa|2
|move|p1a: Cresselia|Trick Room|p1a: Cresselia
|-fieldstart|move: Trick Room|[of] p1a: Cresselia
|
|upkeep
|turn|9
|
|t:|1759020235
|move|p1a: Cresselia|Lunar Dance|p1a: Cresselia
|faint|p1a: Cresselia
|move|p2a: Gholdengo|Nasty Plot|p2a: Gholdengo
|-boost|p2a: Gholdengo|spa|2
|
|upkeep
|inactive|snuggypooh has 120 seconds left.
|
|t:|1759020247
|switch|p1a: Kingambit|Kingambit, F|100/100
|-activate|p1a: Kingambit|ability: Supreme Overlord
|-start|p1a: Kingambit|fallen2|[silent]
|turn|10
|inactive|snuggypooh has 120 seconds left.
|
|t:|1759020259
|-terastallize|p2a: Gholdengo|Fighting
|move|p1a: Kingambit|Iron Head|p2a: Gholdengo
|-damage|p2a: Gholdengo|35/100
|-enditem|p2a: Gholdengo|Air Balloon
|move|p2a: Gholdengo|Focus Blast|p1a: Kingambit
|-supereffective|p1a: Kingambit
|-damage|p1a: Kingambit|0 fnt
|faint|p1a: Kingambit
|-end|p1a: Kingambit|fallen2|[silent]
|
|upkeep
|inactive|snuggypooh has 120 seconds left.
|
|t:|1759020286
|switch|p1a: Ursaluna|Ursaluna, M, tera:Normal|39/100 brn
|-heal|p1a: Ursaluna|100/100|[from] move: Lunar Dance
|turn|11
|j| nioray0
|j| Nikator98
|inactive|drippy t iv has 120 seconds left.
|j| chengzun
|l| Nikator98
|
|t:|1759020320
|switch|p2a: Manaphy|Manaphy|100/100
|move|p1a: Ursaluna|Facade|p2a: Manaphy
|-damage|p2a: Manaphy|39/100
|
|-heal|p2a: Manaphy|45/100|[from] item: Leftovers
|-status|p1a: Ursaluna|brn|[from] item: Flame Orb
|upkeep
|turn|12
|
|t:|1759020331
|move|p1a: Ursaluna|Facade|p2a: Manaphy
|-damage|p2a: Manaphy|0 fnt
|faint|p2a: Manaphy
|
|-damage|p1a: Ursaluna|94/100 brn|[from] brn
|-fieldend|move: Trick Room
|upkeep
|inactive|drippy t iv has 120 seconds left.
|
|t:|1759020347
|switch|p2a: Great Tusk|Great Tusk|100/100
|-enditem|p2a: Great Tusk|Booster Energy
|-activate|p2a: Great Tusk|ability: Protosynthesis|[fromitem]
|-start|p2a: Great Tusk|protosynthesisatk
|turn|13
|inactive|drippy t iv has 120 seconds left.
|
|t:|1759020373
|move|p2a: Great Tusk|Headlong Rush|p1a: Ursaluna
|-damage|p1a: Ursaluna|37/100 brn
|-unboost|p2a: Great Tusk|def|1
|-unboost|p2a: Great Tusk|spd|1
|move|p1a: Ursaluna|Facade|p2a: Great Tusk
|-damage|p2a: Great Tusk|0 fnt
|faint|p2a: Great Tusk
|-end|p2a: Great Tusk|Protosynthesis|[silent]
|
|-damage|p1a: Ursaluna|30/100 brn|[from] brn
|upkeep
|inactive|drippy t iv has 120 seconds left.
|
|t:|1759020384
|switch|p2a: Ribombee|Ribombee, M|100/100
|turn|14
|
|t:|1759020388
|switch|p1a: Hatterene|Hatterene, F|100/100
|move|p2a: Ribombee|Moonblast|p1a: Hatterene
|-damage|p1a: Hatterene|56/100
|
|upkeep
|turn|15
|
|t:|1759020394
|move|p2a: Ribombee|Moonblast|p1a: Hatterene
|-crit|p1a: Hatterene
|-damage|p1a: Hatterene|0 fnt
|faint|p1a: Hatterene
|
|upkeep
|l| 1400s main
|
|t:|1759020401
|switch|p1a: Mimikyu|Mimikyu, M|100/100
|turn|16
|
|t:|1759020416
|move|p2a: Ribombee|Stun Spore|p1a: Mimikyu
|-status|p1a: Mimikyu|par
|move|p1a: Mimikyu|Trick Room|p1a: Mimikyu
|-fieldstart|move: Trick Room|[of] p1a: Mimikyu
|
|upkeep
|turn|17
|l| Tidk
|
|t:|1759020424
|cant|p1a: Mimikyu|par
|move|p2a: Ribombee|Moonblast|p1a: Mimikyu
|-activate|p1a: Mimikyu|ability: Disguise
|-damage|p1a: Mimikyu|100/100 par
|-unboost|p1a: Mimikyu|spa|1
|detailschange|p1a: Mimikyu|Mimikyu-Busted, M
|-damage|p1a: Mimikyu|88/100 par|[from] pokemon: Mimikyu-Busted
|
|upkeep
|turn|18
|
|t:|1759020437
|switch|p2a: Gholdengo|Gholdengo, tera:Fighting|35/100
|move|p1a: Mimikyu|Shadow Claw|p2a: Gholdengo
|-damage|p2a: Gholdengo|0 fnt
|faint|p2a: Gholdengo
|-damage|p1a: Mimikyu|78/100 par|[from] item: Life Orb
|
|upkeep
|
|t:|1759020443
|switch|p2a: Ribombee|Ribombee, M|100/100
|turn|19
|
|t:|1759020447
|move|p1a: Mimikyu|Shadow Claw|p2a: Ribombee
|-damage|p2a: Ribombee|24/100
|-damage|p1a: Mimikyu|68/100 par|[from] item: Life Orb
|move|p2a: Ribombee|Moonblast|p1a: Mimikyu
|-damage|p1a: Mimikyu|29/100 par
|
|upkeep
|turn|20
|
|t:|1759020454
|cant|p1a: Mimikyu|par
|move|p2a: Ribombee|Moonblast|p1a: Mimikyu
|-crit|p1a: Mimikyu
|-damage|p1a: Mimikyu|0 fnt
|faint|p1a: Mimikyu
|
|-fieldend|move: Trick Room
|upkeep
|
|t:|1759020460
|switch|p1a: Ursaluna|Ursaluna, M, tera:Normal|30/100 brn
|turn|21
|
|t:|1759020464
|move|p2a: Ribombee|Moonblast|p1a: Ursaluna
|-damage|p1a: Ursaluna|0 fnt
|faint|p1a: Ursaluna
|
|win|drippy t iv
|raw|snuggypooh's rating: 1860 &rarr; <strong>1840</strong><br />(-20 for losing)
|raw|drippy t iv's rating: 1868 &rarr; <strong>1888</strong><br />(+20 for winning)
|l|☆snuggypooh
|player|p1|
|l| chengzun
|j| Itwasneroox
|l| Itwasneroox
|l| nioray0
|l|‽drippy t iv
|player|p2|
