|j|☆fuego is hot
|j|☆Luisao
|t:|1759021820
|gametype|singles
|player|p1|fuego is hot|sailor|1375
|player|p2|Luisao|265|1343
|gen|9
|tier|[Gen 9] OU
|rated|
|rule|HP Percentage Mod: HP is shown in percentages
|rule|Endless Battle Clause: Forcing endless battles is banned
|rule|Species Clause: Limit one of each Pokémon
|rule|OHKO Clause: OHKO moves are banned
|rule|Evasion Items Clause: Evasion items are banned
|rule|Evasion Moves Clause: Evasion moves are banned
|rule|Evasion Abilities Clause: Evasion abilities are banned
|rule|Sleep Moves Clause: Sleep-inducing moves are banned
|clearpoke
|poke|p1|Kyurem|
|poke|p1|Great Tusk|
|poke|p1|Gholdengo|
|poke|p1|Rillaboom, F|
|poke|p1|Alomomola, L99, M|
|poke|p1|Dragapult, F|
|poke|p2|Dragonite, M|
|poke|p2|Serperior, F|
|poke|p2|Donphan, M|
|poke|p2|Medicham, M|
|poke|p2|Scizor, M|
|poke|p2|Gengar, M|
|teampreview
|inactive|Battle timer is ON: inactive players will automatically lose when time's up. (requested by Luisao)
|inactive|fuego is hot has 120 seconds left.
|
|t:|1759021865
|teamsize|p1|6
|teamsize|p2|6
|start
|switch|p1a: Gholdengo|Gholdengo|100/100
|switch|p2a: Gengar|Gengar, M, shiny|100/100
|-item|p1a: Gholdengo|Air Balloon
|turn|1
|
|t:|1759021875
|move|p2a: Gengar|Shadow Ball|p1a: Gholdengo
|-supereffective|p1a: Gholdengo
|-damage|p1a: Gholdengo|13/100
|-unboost|p1a: Gholdengo|spd|1
|-enditem|p1a: Gholdengo|Air Balloon
|move|p1a: Gholdengo|Shadow Ball|p2a: Gengar
|-supereffective|p2a: Gengar
|-enditem|p2a: Gengar|Focus Sash
|-damage|p2a: Gengar|1/100
|
|upkeep
|turn|2
|
|t:|1759021894
|move|p2a: Gengar|Shadow Ball|p1a: Gholdengo
|-supereffective|p1a: Gholdengo
|-damage|p1a: Gholdengo|0 fnt
|faint|p1a: Gholdengo
|
|upkeep
|
|t:|1759021896
|switch|p1a: Dragapult|Dragapult, F|100/100
|turn|3
|
|t:|1759021905
|move|p1a: Dragapult|U-turn|p2a: Gengar
|-resisted|p2a: Gengar
|-damage|p2a: Gengar|0 fnt
|faint|p2a: Gengar
|
|t:|1759021919
|switch|p1a: Kyurem|Kyurem|100/100|[from] U-turn
|-ability|p1a: Kyurem|Pressure
|
|upkeep
|
|t:|1759021925
|switch|p2a: Scizor|Scizor, M|100/100
|turn|4
|
|t:|1759021933
|switch|p1a: Alomomola|Alomomola, L99, M|100/100
|move|p2a: Scizor|Bullet Punch|p1a: Alomomola
|-resisted|p1a: Alomomola
|-damage|p1a: Alomomola|86/100
|-damage|p2a: Scizor|91/100|[from] item: Life Orb
|
|upkeep
|turn|5
|
|t:|1759021944
|switch|p2a: Medicham|Medicham, M, shiny|100/100
|move|p1a: Alomomola|Scald|p2a: Medicham
|-damage|p2a: Medicham|80/100
|-status|p2a: Medicham|brn
|
|-damage|p2a: Medicham|73/100 brn|[from] brn
|upkeep
|turn|6
|
|t:|1759021954
|move|p2a: Medicham|High Jump Kick|p1a: Alomomola|[miss]
|-miss|p2a: Medicham|p1a: Alomomola
|-damage|p2a: Medicham|23/100 brn|[from] highjumpkick
|move|p1a: Alomomola|Flip Turn|p2a: Medicham
|-damage|p2a: Medicham|0 fnt
|faint|p2a: Medicham
|
|t:|1759021968
|switch|p1a: Kyurem|Kyurem|100/100|[from] Flip Turn
|-ability|p1a: Kyurem|Pressure
|
|upkeep
|
|t:|1759021973
|switch|p2a: Scizor|Scizor, M|91/100
|turn|7
|
|t:|1759021978
|switch|p1a: Alomomola|Alomomola, L99, M|100/100
|move|p2a: Scizor|Swords Dance|p2a: Scizor
|-boost|p2a: Scizor|atk|2
|
|upkeep
|turn|8
|
|t:|1759021988
|move|p2a: Scizor|Pounce|p1a: Alomomola
|-damage|p1a: Alomomola|38/100
|-unboost|p1a: Alomomola|spe|1
|-damage|p2a: Scizor|81/100|[from] item: Life Orb
|move|p1a: Alomomola|Scald|p2a: Scizor
|-damage|p2a: Scizor|65/100
|
|upkeep
|turn|9
|
|t:|1759021997
|switch|p1a: Rillaboom|Rillaboom, F|100/100
|-fieldstart|move: Grassy Terrain|[from] ability: Grassy Surge|[of] p1a: Rillaboom
|move|p2a: Scizor|Pounce|p1a: Rillaboom
|-supereffective|p1a: Rillaboom
|-damage|p1a: Rillaboom|0 fnt
|faint|p1a: Rillaboom
|-damage|p2a: Scizor|55/100|[from] item: Life Orb
|
|-heal|p2a: Scizor|61/100|[from] Grassy Terrain
|upkeep
|
|t:|1759022009
|switch|p1a: Great Tusk|Great Tusk|100/100
|turn|10
|
|t:|1759022016
|move|p1a: Great Tusk|Headlong Rush|p2a: Scizor
|-damage|p2a: Scizor|4/100
|-unboost|p1a: Great Tusk|def|1
|-unboost|p1a: Great Tusk|spd|1
|move|p2a: Scizor|Dual Wingbeat|p1a: Great Tusk
|-supereffective|p1a: Great Tusk
|-damage|p1a: Great Tusk|0 fnt
|faint|p1a: Great Tusk
|-end|p1a: Great Tusk|Protosynthesis|[silent]
|-hitcount|p1: Great Tusk|1
|-damage|p2a: Scizor|0 fnt|[from] item: Life Orb
|faint|p2a: Scizor
|
|upkeep
|
|t:|1759022043
|switch|p1a: Kyurem|Kyurem|100/100
|switch|p2a: Serperior|Serperior, F, shiny|100/100
|-ability|p1a: Kyurem|Pressure
|turn|11
|
|t:|1759022056
|move|p2a: Serperior|Leaf Storm|p1a: Kyurem
|-resisted|p1a: Kyurem
|-damage|p1a: Kyurem|73/100
|-boost|p2a: Serperior|spa|2
|move|p1a: Kyurem|Dragon Dance|p1a: Kyurem
|-boost|p1a: Kyurem|atk|1
|-boost|p1a: Kyurem|spe|1
|
|-heal|p1a: Kyurem|79/100|[from] Grassy Terrain
|upkeep
|turn|12
|
|t:|1759022066
|move|p2a: Serperior|Leaf Storm|p1a: Kyurem
|-resisted|p1a: Kyurem
|-damage|p1a: Kyurem|19/100
|-boost|p2a: Serperior|spa|2
|move|p1a: Kyurem|Substitute|p1a: Kyurem
|-fail|p1a: Kyurem|move: Substitute|[weak]
|
|-heal|p1a: Kyurem|25/100|[from] Grassy Terrain
|upkeep
|turn|13
|
|t:|1759022076
|move|p2a: Serperior|Leaf Storm|p1a: Kyurem
|-resisted|p1a: Kyurem
|-damage|p1a: Kyurem|0 fnt
|-boost|p2a: Serperior|spa|2
|faint|p1a: Kyurem
|
|-fieldend|move: Grassy Terrain
|upkeep
|c|☆fuego is hot|gg
|-message|fuego is hot forfeited.
|
|win|Luisao
|raw|fuego is hot's rating: 1375 &rarr; <strong>1353</strong><br />(-22 for losing)
|raw|Luisao's rating: 1343 &rarr; <strong>1365</strong><br />(+22 for winning)
|l|☆fuego is hot
|player|p1|
|l|☆Luisao
|player|p2|
