|j|☆birdbrostm
|j|☆Psycchan
|t:|1758946982
|gametype|singles
|player|p1|birdbrostm|n|1166
|player|p2|Psycchan|dawn-gen4pt|1148
|gen|9
|tier|[Gen 9] OU
|rated|
|rule|HP Percentage Mod: HP is shown in percentages
|rule|Endless Battle Clause: Forcing endless battles is banned
|rule|Species Clause: Limit one of each Pokémon
|rule|OHKO Clause: OHKO moves are banned
|rule|Evasion Items Clause: Evasion items are banned
|rule|Evasion Moves Clause: Evasion moves are banned
|rule|Evasion Abilities Clause: Evasion abilities are banned
|rule|Sleep Moves Clause: Sleep-inducing moves are banned
|clearpoke
|poke|p1|Landorus-Therian, M|
|poke|p1|Indeedee, M|
|poke|p1|Ogerpon-Wellspring, F|
|poke|p1|Cinderace, M|
|poke|p1|Zoroark-Hisui, M|
|poke|p1|Alcremie-Ruby-Swirl, F|
|poke|p2|Gliscor, M|
|poke|p2|Corviknight, M|
|poke|p2|Clodsire, M|
|poke|p2|Gholdengo|
|poke|p2|Primarina, F|
|poke|p2|Weavile, M|
|teampreview
|inactive|Battle timer is ON: inactive players will automatically lose when time's up. (requested by birdbrostm)
|
|t:|1758946997
|teamsize|p1|6
|teamsize|p2|6
|start
|switch|p1a: Ogerpon|Ogerpon-Wellspring, F|100/100
|switch|p2a: Gamzee|Gliscor, M|100/100
|turn|1
|
|t:|1758947016
|move|p1a: Ogerpon|Focus Energy|p1a: Ogerpon
|-start|p1a: Ogerpon|move: Focus Energy
|move|p2a: Gamzee|Toxic|p1a: Ogerpon|[miss]
|-miss|p2a: Gamzee|p1a: Ogerpon
|
|-status|p2a: Gamzee|tox|[from] item: Toxic Orb
|upkeep
|turn|2
|
|t:|1758947023
|move|p1a: Ogerpon|Ivy Cudgel|p2a: Gamzee|[anim] Ivy Cudgel Water
|-supereffective|p2a: Gamzee
|-crit|p2a: Gamzee
|-damage|p2a: Gamzee|0 fnt
|faint|p2a: Gamzee
|
|upkeep
|
|t:|1758947039
|switch|p2a: Kanaya|Corviknight, M|100/100
|-ability|p2a: Kanaya|Pressure
|turn|3
|
|t:|1758947043
|-terastallize|p1a: Ogerpon|Water
|detailschange|p1a: Ogerpon|Ogerpon-Wellspring-Tera, F, tera:Water
|-ability|p1a: Ogerpon|Embody Aspect (Wellspring)|boost
|-boost|p1a: Ogerpon|spd|1
|move|p1a: Ogerpon|Ivy Cudgel|p2a: Kanaya|[anim] Ivy Cudgel Water
|-crit|p2a: Kanaya
|-damage|p2a: Kanaya|26/100
|move|p2a: Kanaya|Iron Defense|p2a: Kanaya
|-boost|p2a: Kanaya|def|2
|
|upkeep
|turn|4
|
|t:|1758947053
|move|p1a: Ogerpon|Ivy Cudgel|p2a: Kanaya|[anim] Ivy Cudgel Water
|-crit|p2a: Kanaya
|-damage|p2a: Kanaya|0 fnt
|faint|p2a: Kanaya
|
|upkeep
|
|t:|1758947058
|switch|p2a: Becquerel|Clodsire, M|100/100
|turn|5
|
|t:|1758947064
|move|p1a: Ogerpon|Ivy Cudgel|p2a: Becquerel|[anim] Ivy Cudgel Water
|-supereffective|p2a: Becquerel
|-crit|p2a: Becquerel
|-damage|p2a: Becquerel|0 fnt
|faint|p2a: Becquerel
|
|upkeep
|
|t:|1758947069
|switch|p2a: Nannasprite|Gholdengo|100/100
|turn|6
|
|t:|1758947072
|move|p1a: Ogerpon|Ivy Cudgel|p2a: Nannasprite|[anim] Ivy Cudgel Water
|-crit|p2a: Nannasprite
|-damage|p2a: Nannasprite|20/100
|move|p2a: Nannasprite|Thunder Wave|p1a: Ogerpon
|-status|p1a: Ogerpon|par
|
|-heal|p2a: Nannasprite|26/100|[from] item: Leftovers
|upkeep
|turn|7
|
|t:|1758947081
|move|p2a: Nannasprite|Hex|p1a: Ogerpon
|-crit|p1a: Ogerpon
|-damage|p1a: Ogerpon|0 fnt
|faint|p1a: Ogerpon
|detailschange|p1: Ogerpon|Ogerpon-Wellspring, F|[silent]
|
|-heal|p2a: Nannasprite|32/100|[from] item: Leftovers
|upkeep
|
|t:|1758947090
|switch|p1a: Alcremie|Alcremie-Ruby-Swirl, F|100/100
|turn|8
|c|☆Psycchan|100% crit lmao
|
|t:|1758947107
|move|p1a: Alcremie|Dark Pulse|p2a: Nannasprite
|-supereffective|p2a: Nannasprite
|-damage|p2a: Nannasprite|0 fnt
|faint|p2a: Nannasprite
|
|upkeep
|
|t:|1758947116
|switch|p2a: Jade Harley|Primarina, F|100/100
|turn|9
|
|t:|1758947123
|move|p1a: Alcremie|Hyper Voice|p2a: Jade Harley
|-damage|p2a: Jade Harley|63/100
|move|p2a: Jade Harley|Calm Mind|p2a: Jade Harley
|-boost|p2a: Jade Harley|spa|1
|-boost|p2a: Jade Harley|spd|1
|
|-heal|p2a: Jade Harley|69/100|[from] item: Leftovers
|upkeep
|turn|10
|
|t:|1758947131
|move|p1a: Alcremie|Nasty Plot|p1a: Alcremie
|-boost|p1a: Alcremie|spa|2
|move|p2a: Jade Harley|Calm Mind|p2a: Jade Harley
|-boost|p2a: Jade Harley|spa|1
|-boost|p2a: Jade Harley|spd|1
|
|-heal|p2a: Jade Harley|75/100|[from] item: Leftovers
|upkeep
|turn|11
|
|t:|1758947148
|move|p1a: Alcremie|Hyper Voice|p2a: Jade Harley
|-damage|p2a: Jade Harley|34/100
|move|p2a: Jade Harley|Surf|p1a: Alcremie
|-enditem|p1a: Alcremie|Focus Sash
|-damage|p1a: Alcremie|1/100
|replace|p1a: Zoroark|Zoroark-Hisui, M
|-end|p1a: Zoroark|Illusion
|
|-heal|p2a: Jade Harley|40/100|[from] item: Leftovers
|upkeep
|turn|12
|
|t:|1758947162
|move|p1a: Zoroark|Hyper Voice|p2a: Jade Harley
|-damage|p2a: Jade Harley|1/100
|move|p2a: Jade Harley|Draining Kiss|p1a: Zoroark
|-damage|p1a: Zoroark|0 fnt
|-heal|p2a: Jade Harley|1/100|[from] drain|[of] p1a: Zoroark
|faint|p1a: Zoroark
|
|-heal|p2a: Jade Harley|7/100|[from] item: Leftovers
|upkeep
|
|t:|1758947171
|switch|p1a: Indeedee|Indeedee, M|100/100
|-fieldstart|move: Psychic Terrain|[from] ability: Psychic Surge|[of] p1a: Indeedee
|turn|13
|
|t:|1758947177
|move|p1a: Indeedee|Draining Kiss|p2a: Jade Harley
|-damage|p2a: Jade Harley|0 fnt
|faint|p2a: Jade Harley
|
|upkeep
|
|t:|1758947180
|switch|p2a: Karkat|Weavile, M|100/100
|-ability|p2a: Karkat|Pressure
|turn|14
|
|t:|1758947184
|move|p1a: Indeedee|Draining Kiss|p2a: Karkat
|-supereffective|p2a: Karkat
|-damage|p2a: Karkat|59/100
|move|p2a: Karkat|Knock Off|p1a: Indeedee
|-supereffective|p1a: Indeedee
|-damage|p1a: Indeedee|0 fnt
|-enditem|p1a: Indeedee|Choice Scarf|[from] move: Knock Off|[of] p2a: Karkat
|faint|p1a: Indeedee
|
|upkeep
|
|t:|1758947190
|switch|p1a: Alcremie|Alcremie-Ruby-Swirl, F|100/100
|turn|15
|
|t:|1758947196
|move|p2a: Karkat|Knock Off|p1a: Alcremie
|-resisted|p1a: Alcremie
|-damage|p1a: Alcremie|71/100
|-enditem|p1a: Alcremie|Leftovers|[from] move: Knock Off|[of] p2a: Karkat
|move|p1a: Alcremie|Calm Mind|p1a: Alcremie
|-boost|p1a: Alcremie|spa|1
|-boost|p1a: Alcremie|spd|1
|
|upkeep
|turn|16
|
|t:|1758947203
|move|p2a: Karkat|Knock Off|p1a: Alcremie
|-resisted|p1a: Alcremie
|-damage|p1a: Alcremie|50/100
|move|p1a: Alcremie|Draining Kiss|p2a: Karkat
|-supereffective|p2a: Karkat
|-damage|p2a: Karkat|0 fnt
|-heal|p1a: Alcremie|87/100|[from] drain|[of] p2a: Karkat
|faint|p2a: Karkat
|
|win|birdbrostm
|raw|birdbrostm's rating: 1166 &rarr; <strong>1190</strong><br />(+24 for winning)
|raw|Psycchan's rating: 1148 &rarr; <strong>1124</strong><br />(-24 for losing)
|l|☆birdbrostm
|player|p1|
|l|☆Psycchan
|player|p2|
