|j|☆Jolt.mvp_
|j|☆msksherlock
|t:|1759032565
|gametype|singles
|player|p1|Jolt.mvp_|archer|1174
|player|p2|msksherlock|169|1252
|gen|9
|tier|[Gen 9] OU
|rated|
|rule|HP Percentage Mod: HP is shown in percentages
|rule|Endless Battle Clause: Forcing endless battles is banned
|rule|Species Clause: Limit one of each Pokémon
|rule|OHKO Clause: OHKO moves are banned
|rule|Evasion Items Clause: Evasion items are banned
|rule|Evasion Moves Clause: Evasion moves are banned
|rule|Evasion Abilities Clause: Evasion abilities are banned
|rule|Sleep Moves Clause: Sleep-inducing moves are banned
|clearpoke
|poke|p1|Ursaluna, F|
|poke|p1|Whimsicott, F|
|poke|p1|Pelipper, M|
|poke|p1|Gholdengo|
|poke|p1|Rotom-Wash|
|poke|p1|Clodsire, F|
|poke|p2|Ninetales-Alola, M|
|poke|p2|Polteageist|
|poke|p2|Ogerpon-Wellspring, F|
|poke|p2|Iron Treads|
|poke|p2|Latias, F|
|poke|p2|Kingambit, F|
|teampreview
|inactive|Battle timer is ON: inactive players will automatically lose when time's up. (requested by msksherlock)
|
|t:|1759032571
|teamsize|p1|6
|teamsize|p2|6
|start
|switch|p1a: Rotom|Rotom-Wash, shiny|100/100
|switch|p2a: Gujarat|Iron Treads, shiny|100/100
|-enditem|p2a: Gujarat|Booster Energy
|-activate|p2a: Gujarat|ability: Quark Drive|[fromitem]
|-start|p2a: Gujarat|quarkdrivespe
|turn|1
|
|t:|1759032577
|move|p2a: Gujarat|Stealth Rock|p1a: Rotom
|-sidestart|p1: Jolt.mvp_|move: Stealth Rock
|move|p1a: Rotom|Hydro Pump|p2a: Gujarat
|-supereffective|p2a: Gujarat
|-damage|p2a: Gujarat|0 fnt
|faint|p2a: Gujarat
|-end|p2a: Gujarat|Quark Drive|[silent]
|-damage|p1a: Rotom|91/100|[from] item: Life Orb
|
|upkeep
|
|t:|1759032584
|switch|p2a: Himachal|Ninetales-Alola, M, shiny|100/100
|-weather|Snowscape|[from] ability: Snow Warning|[of] p2a: Himachal
|turn|2
|
|t:|1759032589
|move|p2a: Himachal|Aurora Veil|p2a: Himachal
|-sidestart|p2: msksherlock|move: Aurora Veil
|move|p1a: Rotom|Volt Switch|p2a: Himachal
|-damage|p2a: Himachal|72/100
|-damage|p1a: Rotom|81/100|[from] item: Life Orb
|
|t:|1759032605
|switch|p1a: Whimsicott|Whimsicott, F, shiny|100/100|[from] Volt Switch
|-damage|p1a: Whimsicott|88/100|[from] Stealth Rock
|
|-weather|Snowscape|[upkeep]
|upkeep
|turn|3
|
|t:|1759032613
|switch|p1a: Gholdengo|Gholdengo|100/100
|-damage|p1a: Gholdengo|94/100|[from] Stealth Rock
|-item|p1a: Gholdengo|Air Balloon
|move|p2a: Himachal|Freeze-Dry|p1a: Gholdengo
|-resisted|p1a: Gholdengo
|-crit|p1a: Gholdengo
|-damage|p1a: Gholdengo|73/100
|-enditem|p1a: Gholdengo|Air Balloon
|
|-weather|Snowscape|[upkeep]
|upkeep
|turn|4
|
|t:|1759032624
|move|p2a: Himachal|Moonblast|p1a: Gholdengo
|-resisted|p1a: Gholdengo
|-damage|p1a: Gholdengo|51/100
|-unboost|p1a: Gholdengo|spa|1
|move|p1a: Gholdengo|Make It Rain|p2a: Himachal
|-supereffective|p2a: Himachal
|-damage|p2a: Himachal|0 fnt
|-unboost|p1a: Gholdengo|spa|1
|faint|p2a: Himachal
|
|-weather|Snowscape|[upkeep]
|upkeep
|
|t:|1759032632
|switch|p2a: Assam|Polteageist, shiny|100/100
|turn|5
|
|t:|1759032642
|switch|p1a: Whimsicott|Whimsicott, F, shiny|88/100
|-damage|p1a: Whimsicott|76/100|[from] Stealth Rock
|move|p2a: Assam|Shell Smash|p2a: Assam
|-unboost|p2a: Assam|def|1
|-unboost|p2a: Assam|spd|1
|-boost|p2a: Assam|atk|2
|-boost|p2a: Assam|spa|2
|-boost|p2a: Assam|spe|2
|-enditem|p2a: Assam|White Herb
|-clearnegativeboost|p2a: Assam|[silent]
|
|-weather|Snowscape|[upkeep]
|upkeep
|turn|6
|
|t:|1759032652
|move|p2a: Assam|Shadow Ball|p1a: Whimsicott
|-damage|p1a: Whimsicott|0 fnt
|faint|p1a: Whimsicott
|
|-weather|none
|upkeep
|
|t:|1759032662
|switch|p1a: Ursaluna|Ursaluna, F, shiny|100/100
|-damage|p1a: Ursaluna|94/100|[from] Stealth Rock
|turn|7
|
|t:|1759032672
|-terastallize|p2a: Assam|Fighting
|move|p2a: Assam|Tera Blast|p1a: Ursaluna|[anim] Tera Blast Fighting
|-supereffective|p1a: Ursaluna
|-damage|p1a: Ursaluna|0 fnt
|faint|p1a: Ursaluna
|
|upkeep
|
|t:|1759032690
|switch|p1a: Pelipper|Pelipper, M|100/100
|-damage|p1a: Pelipper|76/100|[from] Stealth Rock
|-weather|RainDance|[from] ability: Drizzle|[of] p1a: Pelipper
|turn|8
|
|t:|1759032698
|move|p2a: Assam|Shadow Ball|p1a: Pelipper
|-damage|p1a: Pelipper|0 fnt
|faint|p1a: Pelipper
|
|-weather|RainDance|[upkeep]
|upkeep
|
|t:|1759032705
|switch|p1a: Rotom|Rotom-Wash, shiny|81/100
|-damage|p1a: Rotom|68/100|[from] Stealth Rock
|turn|9
|
|t:|1759032710
|move|p2a: Assam|Tera Blast|p1a: Rotom|[anim] Tera Blast Fighting
|-damage|p1a: Rotom|0 fnt
|faint|p1a: Rotom
|
|-weather|RainDance|[upkeep]
|-sideend|p2: msksherlock|move: Aurora Veil
|upkeep
|
|t:|1759032716
|switch|p1a: Gholdengo|Gholdengo|51/100
|-damage|p1a: Gholdengo|45/100|[from] Stealth Rock
|turn|10
|
|t:|1759032731
|move|p2a: Assam|Shadow Ball|p1a: Gholdengo
|-supereffective|p1a: Gholdengo
|-damage|p1a: Gholdengo|0 fnt
|faint|p1a: Gholdengo
|
|-weather|RainDance|[upkeep]
|upkeep
|
|t:|1759032737
|switch|p1a: Clodsire|Clodsire, F|100/100
|-damage|p1a: Clodsire|94/100|[from] Stealth Rock
|turn|11
|
|t:|1759032742
|move|p2a: Assam|Shadow Ball|p1a: Clodsire
|-damage|p1a: Clodsire|42/100
|move|p1a: Clodsire|Curse|p1a: Clodsire
|-unboost|p1a: Clodsire|spe|1
|-boost|p1a: Clodsire|atk|1
|-boost|p1a: Clodsire|def|1
|
|-weather|RainDance|[upkeep]
|-heal|p1a: Clodsire|48/100|[from] item: Leftovers
|upkeep
|turn|12
|
|t:|1759032747
|move|p2a: Assam|Shadow Ball|p1a: Clodsire
|-damage|p1a: Clodsire|0 fnt
|faint|p1a: Clodsire
|
|win|msksherlock
|raw|Jolt.mvp_'s rating: 1174 &rarr; <strong>1155</strong><br />(-19 for losing)
|raw|msksherlock's rating: 1252 &rarr; <strong>1271</strong><br />(+19 for winning)
|l|☆Jolt.mvp_
|player|p1|
|c|☆msksherlock|Well played GG
|l|☆msksherlock
|player|p2|
|j|☆msksherlock
|player|p2|msksherlock|169|
|l|☆msksherlock
|player|p2|
