|j|☆mark_neon
|j|☆yifeiwang789
|t:|1758965196
|gametype|singles
|player|p1|mark_neon|hilbert-wonderlauncher|1299
|player|p2|yifeiwang789|lucas|1314
|gen|9
|tier|[Gen 9] OU
|rated|
|rule|HP Percentage Mod: HP is shown in percentages
|rule|Endless Battle Clause: Forcing endless battles is banned
|rule|Species Clause: Limit one of each Pokémon
|rule|OHKO Clause: OHKO moves are banned
|rule|Evasion Items Clause: Evasion items are banned
|rule|Evasion Moves Clause: Evasion moves are banned
|rule|Evasion Abilities Clause: Evasion abilities are banned
|rule|Sleep Moves Clause: Sleep-inducing moves are banned
|clearpoke
|poke|p1|Morpeko, F|
|poke|p1|Iron Treads|
|poke|p1|Ogerpon-Wellspring, F|
|poke|p1|Iron Valiant|
|poke|p1|Iron Moth|
|poke|p1|Dragapult, M|
|poke|p2|Ursaluna, F|
|poke|p2|Mimikyu, M|
|poke|p2|Cresselia, F|
|poke|p2|Enamorus-Therian, F|
|poke|p2|Hatterene, F|
|poke|p2|Hoopa-Unbound|
|teampreview
|inactive|Battle timer is ON: inactive players will automatically lose when time's up. (requested by mark_neon)
|
|t:|1758965207
|teamsize|p1|6
|teamsize|p2|6
|start
|switch|p1a: Iron in Valorant|Iron Valiant|100/100
|switch|p2a: Hatterene|Hatterene, F|100/100
|-enditem|p1a: Iron in Valorant|Booster Energy
|-activate|p1a: Iron in Valorant|ability: Quark Drive|[fromitem]
|-start|p1a: Iron in Valorant|quarkdrivespe
|turn|1
|
|t:|1758965221
|move|p1a: Iron in Valorant|Moonblast|p2a: Hatterene
|-damage|p2a: Hatterene|50/100
|-unboost|p2a: Hatterene|spa|1
|move|p2a: Hatterene|Trick Room|p2a: Hatterene
|-fieldstart|move: Trick Room|[of] p2a: Hatterene
|
|upkeep
|turn|2
|
|t:|1758965245
|switch|p2a: Enamorus|Enamorus-Therian, F|100/100
|move|p1a: Iron in Valorant|Moonblast|p2a: Enamorus
|-damage|p2a: Enamorus|53/100
|
|upkeep
|turn|3
|
|t:|1758965260
|-terastallize|p1a: Iron in Valorant|Steel
|move|p2a: Enamorus|Moonblast|p1a: Iron in Valorant
|-resisted|p1a: Iron in Valorant
|-crit|p1a: Iron in Valorant
|-damage|p1a: Iron in Valorant|0 fnt
|faint|p1a: Iron in Valorant
|-end|p1a: Iron in Valorant|Quark Drive|[silent]
|
|upkeep
|
|t:|1758965268
|switch|p1a: Dragapult|Dragapult, M|100/100
|turn|4
|
|t:|1758965272
|move|p2a: Enamorus|Moonblast|p1a: Dragapult
|-supereffective|p1a: Dragapult
|-damage|p1a: Dragapult|0 fnt
|faint|p1a: Dragapult
|
|upkeep
|
|t:|1758965275
|switch|p1a: Iron Treads|Iron Treads|100/100
|-enditem|p1a: Iron Treads|Booster Energy
|-activate|p1a: Iron Treads|ability: Quark Drive|[fromitem]
|-start|p1a: Iron Treads|quarkdrivespe
|turn|5
|
|t:|1758965283
|switch|p2a: Hatterene|Hatterene, F|50/100
|move|p1a: Iron Treads|Earthquake|p2a: Hatterene
|-damage|p2a: Hatterene|7/100
|
|-fieldend|move: Trick Room
|upkeep
|turn|6
|
|t:|1758965291
|move|p1a: Iron Treads|Rapid Spin|p2a: Hatterene
|-damage|p2a: Hatterene|0 fnt
|-boost|p1a: Iron Treads|spe|1
|faint|p2a: Hatterene
|
|upkeep
|
|t:|1758965298
|switch|p2a: Cresselia|Cresselia, F|100/100
|turn|7
|
|t:|1758965302
|move|p1a: Iron Treads|Earthquake|p2a: Cresselia
|-immune|p2a: Cresselia|[from] ability: Levitate
|move|p2a: Cresselia|Trick Room|p2a: Cresselia
|-fieldstart|move: Trick Room|[of] p2a: Cresselia
|
|upkeep
|turn|8
|
|t:|1758965314
|switch|p2a: Ursaluna|Ursaluna, F|100/100
|move|p1a: Iron Treads|Ice Spinner|p2a: Ursaluna
|-supereffective|p2a: Ursaluna
|-damage|p2a: Ursaluna|64/100
|
|-status|p2a: Ursaluna|brn|[from] item: Flame Orb
|upkeep
|turn|9
|
|t:|1758965326
|-terastallize|p2a: Ursaluna|Normal
|move|p2a: Ursaluna|Headlong Rush|p1a: Iron Treads
|-supereffective|p1a: Iron Treads
|-damage|p1a: Iron Treads|0 fnt
|-unboost|p2a: Ursaluna|def|1
|-unboost|p2a: Ursaluna|spd|1
|faint|p1a: Iron Treads
|-end|p1a: Iron Treads|Quark Drive|[silent]
|
|-damage|p2a: Ursaluna|58/100 brn|[from] brn
|upkeep
|
|t:|1758965341
|switch|p1a: Morpeko|Morpeko, F, shiny|100/100
|turn|10
|
|t:|1758965347
|move|p2a: Ursaluna|Facade|p1a: Morpeko
|-enditem|p1a: Morpeko|Focus Sash
|-damage|p1a: Morpeko|1/100
|move|p1a: Morpeko|Aura Wheel|p2a: Ursaluna
|-damage|p2a: Ursaluna|12/100 brn
|-boost|p1a: Morpeko|spe|1
|
|-damage|p2a: Ursaluna|5/100 brn|[from] brn
|-formechange|p1a: Morpeko|Morpeko-Hangry||[from] ability: Hunger Switch
|upkeep
|turn|11
|
|t:|1758965372
|switch|p2a: Hoopa|Hoopa-Unbound|100/100
|move|p1a: Morpeko|Quick Attack|p2a: Hoopa
|-damage|p2a: Hoopa|84/100
|-enditem|p2a: Hoopa|Eject Button
|
|t:|1758965378
|switch|p2a: Cresselia|Cresselia, F|100/100
|
|-fieldend|move: Trick Room
|-formechange|p1a: Morpeko|Morpeko||[from] ability: Hunger Switch
|upkeep
|turn|12
|
|t:|1758965389
|move|p1a: Morpeko|Endeavor|p2a: Cresselia
|-damage|p2a: Cresselia|1/100
|move|p2a: Cresselia|Trick Room|p2a: Cresselia
|-fieldstart|move: Trick Room|[of] p2a: Cresselia
|
|-formechange|p1a: Morpeko|Morpeko-Hangry||[from] ability: Hunger Switch
|upkeep
|turn|13
|
|t:|1758965399
|move|p1a: Morpeko|Quick Attack|p2a: Cresselia
|-damage|p2a: Cresselia|0 fnt
|faint|p2a: Cresselia
|
|-formechange|p1a: Morpeko|Morpeko||[from] ability: Hunger Switch
|upkeep
|
|t:|1758965410
|switch|p2a: Enamorus|Enamorus-Therian, F|53/100
|turn|14
|
|t:|1758965426
|move|p1a: Morpeko|Quick Attack|p2a: Enamorus
|-damage|p2a: Enamorus|44/100
|move|p2a: Enamorus|Moonblast|p1a: Morpeko
|-supereffective|p1a: Morpeko
|-damage|p1a: Morpeko|0 fnt
|faint|p1a: Morpeko
|
|upkeep
|
|t:|1758965438
|switch|p1a: Iron Moth|Iron Moth|100/100
|-enditem|p1a: Iron Moth|Booster Energy
|-activate|p1a: Iron Moth|ability: Quark Drive|[fromitem]
|-start|p1a: Iron Moth|quarkdrivespe
|turn|15
|
|t:|1758965446
|move|p2a: Enamorus|Moonblast|p1a: Iron Moth
|-resisted|p1a: Iron Moth
|-damage|p1a: Iron Moth|77/100
|move|p1a: Iron Moth|Fiery Dance|p2a: Enamorus
|-damage|p2a: Enamorus|4/100
|
|upkeep
|turn|16
|
|t:|1758965458
|move|p2a: Enamorus|Moonblast|p1a: Iron Moth
|-resisted|p1a: Iron Moth
|-damage|p1a: Iron Moth|55/100
|-unboost|p1a: Iron Moth|spa|1
|move|p1a: Iron Moth|Fiery Dance|p2a: Enamorus
|-damage|p2a: Enamorus|0 fnt
|-boost|p1a: Iron Moth|spa|1
|faint|p2a: Enamorus
|
|-fieldend|move: Trick Room
|upkeep
|
|t:|1758965470
|switch|p2a: Mimikyu|Mimikyu, M|100/100
|turn|17
|
|t:|1758965477
|move|p1a: Iron Moth|Fiery Dance|p2a: Mimikyu
|-activate|p2a: Mimikyu|ability: Disguise
|-damage|p2a: Mimikyu|100/100
|detailschange|p2a: Mimikyu|Mimikyu-Busted, M
|-damage|p2a: Mimikyu|88/100|[from] pokemon: Mimikyu-Busted
|-enditem|p2a: Mimikyu|Red Card|[of] p1a: Iron Moth
|-end|p1a: Iron Moth|Quark Drive|[silent]
|drag|p1a: Ogerpon|Ogerpon-Wellspring, F|100/100
|move|p2a: Mimikyu|Trick Room|p2a: Mimikyu
|-fieldstart|move: Trick Room|[of] p2a: Mimikyu
|
|upkeep
|turn|18
|
|t:|1758965492
|move|p2a: Mimikyu|Destiny Bond|p2a: Mimikyu
|-singlemove|p2a: Mimikyu|Destiny Bond
|move|p1a: Ogerpon|Ivy Cudgel|p2a: Mimikyu|[anim] Ivy Cudgel Water
|-damage|p2a: Mimikyu|8/100
|
|upkeep
|turn|19
|
|t:|1758965499
|move|p2a: Mimikyu|Curse|p1a: Ogerpon
|-start|p1a: Ogerpon|Curse|[of] p2a: Mimikyu
|-damage|p2a: Mimikyu|0 fnt
|faint|p2a: Mimikyu
|move|p1a: Ogerpon|Ivy Cudgel|p2: Mimikyu|[notarget]
|-fail|p1a: Ogerpon
|
|-damage|p1a: Ogerpon|76/100|[from] Curse
|upkeep
|
|t:|1758965512
|switch|p2a: Ursaluna|Ursaluna, F, tera:Normal|5/100 brn
|turn|20
|
|t:|1758965517
|move|p2a: Ursaluna|Facade|p1a: Ogerpon
|-damage|p1a: Ogerpon|0 fnt
|faint|p1a: Ogerpon
|
|-damage|p2a: Ursaluna|0 fnt|[from] brn
|faint|p2a: Ursaluna
|upkeep
|
|t:|1758965527
|switch|p2a: Hoopa|Hoopa-Unbound|84/100
|switch|p1a: Iron Moth|Iron Moth|55/100
|turn|21
|
|t:|1758965544
|move|p2a: Hoopa|Hyperspace Fury|p1a: Iron Moth
|-damage|p1a: Iron Moth|0 fnt
|-unboost|p2a: Hoopa|def|1
|faint|p1a: Iron Moth
|-end|p1a: Iron Moth|Quark Drive|[silent]
|
|win|yifeiwang789
|raw|mark_neon's rating: 1271 &rarr; <strong>1249</strong><br />(-22 for losing)
|raw|yifeiwang789's rating: 1314 &rarr; <strong>1332</strong><br />(+18 for winning)
|l|☆yifeiwang789
|player|p2|
|l|☆mark_neon
|player|p1|
|j|☆yifeiwang789
|player|p2|yifeiwang789|lucas|
