|j|☆findmyhair
|j|☆shadeshade22
|t:|1758979336
|gametype|singles
|player|p1|findmyhair|acetrainercouple|1045
|player|p2|shadeshade22|265|1072
|gen|9
|tier|[Gen 9] OU
|rated|
|rule|HP Percentage Mod: HP is shown in percentages
|rule|Endless Battle Clause: Forcing endless battles is banned
|rule|Species Clause: Limit one of each Pokémon
|rule|OHKO Clause: OHKO moves are banned
|rule|Evasion Items Clause: Evasion items are banned
|rule|Evasion Moves Clause: Evasion moves are banned
|rule|Evasion Abilities Clause: Evasion abilities are banned
|rule|Sleep Moves Clause: Sleep-inducing moves are banned
|clearpoke
|poke|p1|Cresselia, F|
|poke|p1|Slowking-Galar, F|
|poke|p1|Iron Hands|
|poke|p1|Ursaluna, F|
|poke|p1|Crawdaunt, F|
|poke|p1|Klefki, M|
|poke|p2|Salamence, F|
|poke|p2|Clodsire, M|
|poke|p2|Tinkaton, F|
|poke|p2|Lapras, F|
|poke|p2|Charizard, F|
|poke|p2|Snorlax, F|
|teampreview
|inactive|Battle timer is ON: inactive players will automatically lose when time's up. (requested by findmyhair)
|inactive|shadeshade22 also wants the timer to be on.
|
|t:|1758979345
|teamsize|p1|6
|teamsize|p2|6
|start
|switch|p1a: Klefki|Klefki, M|100/100
|switch|p2a: Charizard|Charizard, F|100/100
|turn|1
|
|t:|1758979359
|move|p1a: Klefki|Light Screen|p1a: Klefki
|-sidestart|p1: findmyhair|move: Light Screen
|move|p2a: Charizard|Flamethrower|p1a: Klefki
|-supereffective|p1a: Klefki
|-damage|p1a: Klefki|63/100
|
|upkeep
|turn|2
|
|t:|1758979368
|move|p1a: Klefki|Thunder Wave|p2a: Charizard|[miss]
|-miss|p1a: Klefki|p2a: Charizard
|move|p2a: Charizard|Flamethrower|p1a: Klefki
|-supereffective|p1a: Klefki
|-damage|p1a: Klefki|25/100
|
|upkeep
|turn|3
|c|☆findmyhair|look at my luck gg you win
|j| GruesomeLovelies
|
|t:|1758979379
|move|p1a: Klefki|Thunder Wave|p2a: Charizard
|-status|p2a: Charizard|par
|move|p2a: Charizard|Flamethrower|p1a: Klefki
|-supereffective|p1a: Klefki
|-damage|p1a: Klefki|0 fnt
|faint|p1a: Klefki
|
|upkeep
|
|t:|1758979387
|switch|p1a: Slowking|Slowking-Galar, F|100/100
|turn|4
|
|t:|1758979391
|move|p2a: Charizard|Earthquake|p1a: Slowking
|-supereffective|p1a: Slowking
|-damage|p1a: Slowking|52/100
|move|p1a: Slowking|Trick Room|p1a: Slowking
|-fieldstart|move: Trick Room|[of] p1a: Slowking
|
|-heal|p1a: Slowking|58/100|[from] item: Black Sludge
|upkeep
|turn|5
|
|t:|1758979402
|switch|p1a: Cresselia|Cresselia, F|100/100
|move|p2a: Charizard|Earthquake|p1a: Cresselia
|-immune|p1a: Cresselia|[from] ability: Levitate
|
|upkeep
|turn|6
|
|t:|1758979412
|switch|p2a: Tinkaton|Tinkaton, F|100/100
|-ability|p2a: Tinkaton|Mold Breaker
|move|p1a: Cresselia|Psychic|p2a: Tinkaton
|-resisted|p2a: Tinkaton
|-damage|p2a: Tinkaton|87/100
|
|upkeep
|turn|7
|
|t:|1758979421
|switch|p1a: Slowking|Slowking-Galar, F|92/100
|move|p2a: Tinkaton|Flash Cannon|p1a: Slowking
|-damage|p1a: Slowking|82/100
|
|-heal|p1a: Slowking|88/100|[from] item: Black Sludge
|upkeep
|turn|8
|
|t:|1758979430
|move|p1a: Slowking|Nasty Plot|p1a: Slowking
|-boost|p1a: Slowking|spa|2
|move|p2a: Tinkaton|Gigaton Hammer|p1a: Slowking
|-damage|p1a: Slowking|39/100
|
|-heal|p1a: Slowking|45/100|[from] item: Black Sludge
|-sideend|p1: findmyhair|move: Light Screen
|-fieldend|move: Trick Room
|upkeep
|turn|9
|
|t:|1758979441
|switch|p1a: Crawdaunt|Crawdaunt, F|100/100
|move|p2a: Tinkaton|Flash Cannon|p1a: Crawdaunt
|-resisted|p1a: Crawdaunt
|-damage|p1a: Crawdaunt|81/100
|
|upkeep
|turn|10
|
|t:|1758979448
|switch|p2a: Clodsire|Clodsire, M|100/100
|move|p1a: Crawdaunt|Knock Off|p2a: Clodsire
|-damage|p2a: Clodsire|12/100
|-enditem|p2a: Clodsire|Leftovers|[from] move: Knock Off|[of] p1a: Crawdaunt
|-damage|p1a: Crawdaunt|71/100|[from] item: Life Orb
|
|upkeep
|turn|11
|
|t:|1758979468
|move|p1a: Crawdaunt|Knock Off|p2a: Clodsire
|-damage|p2a: Clodsire|0 fnt
|faint|p2a: Clodsire
|-damage|p1a: Crawdaunt|61/100|[from] item: Life Orb
|
|upkeep
|
|t:|1758979479
|switch|p2a: Tinkaton|Tinkaton, F|87/100
|-ability|p2a: Tinkaton|Mold Breaker
|turn|12
|
|t:|1758979485
|-terastallize|p2a: Tinkaton|Fairy
|move|p2a: Tinkaton|Draining Kiss|p1a: Crawdaunt
|-supereffective|p1a: Crawdaunt
|-damage|p1a: Crawdaunt|0 fnt
|-heal|p2a: Tinkaton|100/100|[from] drain|[of] p1a: Crawdaunt
|faint|p1a: Crawdaunt
|
|upkeep
|
|t:|1758979499
|switch|p1a: Slowking|Slowking-Galar, F|78/100
|turn|13
|
|t:|1758979506
|move|p2a: Tinkaton|Gigaton Hammer|p1a: Slowking
|-damage|p1a: Slowking|23/100
|move|p1a: Slowking|Sludge Bomb|p2a: Tinkaton
|-supereffective|p2a: Tinkaton
|-crit|p2a: Tinkaton
|-damage|p2a: Tinkaton|0 fnt
|faint|p2a: Tinkaton
|
|-heal|p1a: Slowking|29/100|[from] item: Black Sludge
|upkeep
|
|t:|1758979517
|switch|p2a: Charizard|Charizard, F|100/100 par
|turn|14
|
|t:|1758979521
|switch|p1a: Cresselia|Cresselia, F|100/100
|move|p2a: Charizard|Earthquake|p1a: Cresselia
|-immune|p1a: Cresselia|[from] ability: Levitate
|
|upkeep
|turn|15
|
|t:|1758979529
|switch|p2a: Snorlax|Snorlax, F|100/100
|move|p1a: Cresselia|Trick Room|p1a: Cresselia
|-fieldstart|move: Trick Room|[of] p1a: Cresselia
|
|upkeep
|turn|16
|
|t:|1758979541
|switch|p1a: Iron Hands|Iron Hands|100/100
|move|p2a: Snorlax|Ice Beam|p1a: Iron Hands
|-damage|p1a: Iron Hands|90/100
|
|upkeep
|turn|17
|
|t:|1758979549
|switch|p2a: Charizard|Charizard, F|100/100 par
|move|p1a: Iron Hands|Close Combat|p2a: Charizard
|-resisted|p2a: Charizard
|-damage|p2a: Charizard|62/100 par
|-unboost|p1a: Iron Hands|def|1
|-unboost|p1a: Iron Hands|spd|1
|
|upkeep
|turn|18
|
|t:|1758979559
|move|p1a: Iron Hands|Wild Charge|p2a: Charizard
|-supereffective|p2a: Charizard
|-damage|p2a: Charizard|0 fnt
|faint|p2a: Charizard
|-damage|p1a: Iron Hands|80/100|[from] Recoil
|
|upkeep
|
|t:|1758979570
|switch|p2a: Salamence|Salamence, F|100/100
|turn|19
|
|t:|1758979577
|move|p1a: Iron Hands|Ice Punch|p2a: Salamence
|-supereffective|p2a: Salamence
|-damage|p2a: Salamence|0 fnt
|faint|p2a: Salamence
|
|-fieldend|move: Trick Room
|upkeep
|-message|shadeshade22 forfeited.
|
|win|findmyhair
|raw|findmyhair's rating: 1045 &rarr; <strong>1081</strong><br />(+36 for winning)
|raw|shadeshade22's rating: 1072 &rarr; <strong>1050</strong><br />(-22 for losing)
|l|☆shadeshade22
|player|p2|
