|j|☆Scoobenvonduben
|j|☆chuck2025
|t:|1758951051
|gametype|singles
|player|p1|Scoobenvonduben|brawly|1256
|player|p2|chuck2025|dawn|1221
|gen|9
|tier|[Gen 9] OU
|rated|
|rule|HP Percentage Mod: HP is shown in percentages
|rule|Endless Battle Clause: Forcing endless battles is banned
|rule|Species Clause: Limit one of each Pokémon
|rule|OHKO Clause: OHKO moves are banned
|rule|Evasion Items Clause: Evasion items are banned
|rule|Evasion Moves Clause: Evasion moves are banned
|rule|Evasion Abilities Clause: Evasion abilities are banned
|rule|Sleep Moves Clause: Sleep-inducing moves are banned
|clearpoke
|poke|p1|Blissey, F|
|poke|p1|Gyarados, M|
|poke|p1|Gliscor, F|
|poke|p1|Corviknight, M|
|poke|p1|Skeledirge, M|
|poke|p1|Grafaiai, F|
|poke|p2|Dragonite, F|
|poke|p2|Swampert, M|
|poke|p2|Iron Hands|
|poke|p2|Zamazenta-*|
|poke|p2|Volcanion|
|poke|p2|Slowking-Galar, F|
|teampreview
|inactive|Battle timer is ON: inactive players will automatically lose when time's up. (requested by chuck2025)
|
|t:|1758951071
|teamsize|p1|6
|teamsize|p2|6
|start
|switch|p1a: Blissey|Blissey, F|100/100
|switch|p2a: Swampert|Swampert, M|100/100
|turn|1
|
|t:|1758951076
|switch|p2a: Iron Hands|Iron Hands, shiny|100/100
|move|p1a: Blissey|Stealth Rock|p2a: Iron Hands
|-sidestart|p2: chuck2025|move: Stealth Rock
|
|upkeep
|turn|2
|
|t:|1758951084
|switch|p1a: Gyarados|Gyarados, M, shiny|100/100
|-ability|p1a: Gyarados|Intimidate|boost
|-unboost|p2a: Iron Hands|atk|1
|move|p2a: Iron Hands|Drain Punch|p1a: Gyarados
|-resisted|p1a: Gyarados
|-damage|p1a: Gyarados|81/100
|
|upkeep
|turn|3
|
|t:|1758951097
|switch|p1a: Gliscor|Gliscor, F, shiny|100/100
|-end|p2a: Iron Hands|Quark Drive|[silent]
|switch|p2a: Slowking|Slowking-Galar, F|100/100
|
|-status|p1a: Gliscor|tox|[from] item: Toxic Orb
|upkeep
|turn|4
|
|t:|1758951108
|move|p1a: Gliscor|Spikes|p2a: Slowking
|-sidestart|p2: chuck2025|Spikes
|move|p2a: Slowking|Ice Beam|p1a: Gliscor
|-supereffective|p1a: Gliscor
|-crit|p1a: Gliscor
|-damage|p1a: Gliscor|0 fnt
|faint|p1a: Gliscor
|
|upkeep
|
|t:|1758951116
|switch|p1a: Grafaiai|Grafaiai, F|100/100
|turn|5
|
|t:|1758951121
|move|p1a: Grafaiai|Knock Off|p2a: Slowking
|-supereffective|p2a: Slowking
|-damage|p2a: Slowking|54/100
|-enditem|p2a: Slowking|Heavy-Duty Boots|[from] move: Knock Off|[of] p1a: Grafaiai
|move|p2a: Slowking|Psychic|p1a: Grafaiai
|-supereffective|p1a: Grafaiai
|-damage|p1a: Grafaiai|16/100
|
|-heal|p1a: Grafaiai|22/100|[from] item: Leftovers
|upkeep
|turn|6
|
|t:|1758951132
|switch|p2a: Dragonite|Dragonite, F|100/100
|-terastallize|p1a: Grafaiai|Dark
|move|p1a: Grafaiai|Knock Off|p2a: Dragonite
|-damage|p2a: Dragonite|63/100
|-enditem|p2a: Dragonite|Heavy-Duty Boots|[from] move: Knock Off|[of] p1a: Grafaiai
|
|-heal|p1a: Grafaiai|28/100|[from] item: Leftovers
|upkeep
|turn|7
|
|t:|1758951142
|move|p1a: Grafaiai|Protect|p1a: Grafaiai
|-singleturn|p1a: Grafaiai|Protect
|move|p2a: Dragonite|Extreme Speed|p1a: Grafaiai
|-activate|p1a: Grafaiai|move: Protect
|
|-heal|p1a: Grafaiai|34/100|[from] item: Leftovers
|upkeep
|turn|8
|
|t:|1758951150
|switch|p1a: Skeledirge|Skeledirge, M|100/100
|move|p2a: Dragonite|Extreme Speed|p1a: Skeledirge
|-immune|p1a: Skeledirge
|
|upkeep
|turn|9
|
|t:|1758951157
|move|p2a: Dragonite|Earthquake|p1a: Skeledirge
|-supereffective|p1a: Skeledirge
|-damage|p1a: Skeledirge|41/100
|move|p1a: Skeledirge|Will-O-Wisp|p2a: Dragonite
|-status|p2a: Dragonite|brn
|
|-heal|p1a: Skeledirge|47/100|[from] item: Leftovers
|-damage|p2a: Dragonite|57/100 brn|[from] brn
|upkeep
|turn|10
|
|t:|1758951165
|move|p2a: Dragonite|Earthquake|p1a: Skeledirge
|-supereffective|p1a: Skeledirge
|-damage|p1a: Skeledirge|16/100
|move|p1a: Skeledirge|Slack Off|p1a: Skeledirge
|-heal|p1a: Skeledirge|66/100
|
|-heal|p1a: Skeledirge|72/100|[from] item: Leftovers
|-damage|p2a: Dragonite|51/100 brn|[from] brn
|upkeep
|turn|11
|
|t:|1758951175
|switch|p2a: Swampert|Swampert, M|100/100
|move|p1a: Skeledirge|Slack Off|p1a: Skeledirge
|-heal|p1a: Skeledirge|100/100
|
|upkeep
|turn|12
|
|t:|1758951181
|move|p1a: Skeledirge|Will-O-Wisp|p2a: Swampert
|-status|p2a: Swampert|brn
|move|p2a: Swampert|Surf|p1a: Skeledirge
|-supereffective|p1a: Skeledirge
|-damage|p1a: Skeledirge|42/100
|
|-heal|p1a: Skeledirge|48/100|[from] item: Leftovers
|-damage|p2a: Swampert|94/100 brn|[from] brn
|upkeep
|turn|13
|
|t:|1758951190
|switch|p1a: Gyarados|Gyarados, M, shiny|81/100
|-ability|p1a: Gyarados|Intimidate|boost
|-unboost|p2a: Swampert|atk|1
|move|p2a: Swampert|Surf|p1a: Gyarados
|-resisted|p1a: Gyarados
|-damage|p1a: Gyarados|62/100
|
|-damage|p2a: Swampert|88/100 brn|[from] brn
|upkeep
|turn|14
|
|t:|1758951199
|move|p1a: Gyarados|Dragon Dance|p1a: Gyarados
|-boost|p1a: Gyarados|atk|1
|-boost|p1a: Gyarados|spe|1
|move|p2a: Swampert|Ice Beam|p1a: Gyarados
|-damage|p1a: Gyarados|38/100
|
|-damage|p2a: Swampert|82/100 brn|[from] brn
|upkeep
|turn|15
|
|t:|1758951208
|move|p1a: Gyarados|Waterfall|p2a: Swampert
|-damage|p2a: Swampert|26/100 brn
|move|p2a: Swampert|Ice Beam|p1a: Gyarados
|-damage|p1a: Gyarados|11/100
|
|-damage|p2a: Swampert|20/100 brn|[from] brn
|upkeep
|turn|16
|
|t:|1758951215
|move|p1a: Gyarados|Waterfall|p2a: Swampert
|-damage|p2a: Swampert|0 fnt
|faint|p2a: Swampert
|
|upkeep
|
|t:|1758951220
|switch|p2a: Dragonite|Dragonite, F|51/100 brn
|-damage|p2a: Dragonite|26/100 brn|[from] Stealth Rock
|turn|17
|
|t:|1758951226
|switch|p1a: Skeledirge|Skeledirge, M|48/100
|move|p2a: Dragonite|Extreme Speed|p1a: Skeledirge
|-immune|p1a: Skeledirge
|
|-heal|p1a: Skeledirge|54/100|[from] item: Leftovers
|-damage|p2a: Dragonite|20/100 brn|[from] brn
|upkeep
|turn|18
|
|t:|1758951235
|move|p2a: Dragonite|Earthquake|p1a: Skeledirge
|-supereffective|p1a: Skeledirge
|-damage|p1a: Skeledirge|24/100
|move|p1a: Skeledirge|Slack Off|p1a: Skeledirge
|-heal|p1a: Skeledirge|74/100
|
|-heal|p1a: Skeledirge|80/100|[from] item: Leftovers
|-damage|p2a: Dragonite|14/100 brn|[from] brn
|upkeep
|turn|19
|c|☆chuck2025|!data skeledirge
|raw|<div class="message"><ul class="utilichart"><li class="result"><span class="col numcol">UU</span> <span class="col iconcol"><psicon pokemon="skeledirge"/></span> <span class="col pokemonnamecol" style="white-space:nowrap"><a href="https://dex.pokemonshowdown.com/pokemon/skeledirge" target="_blank">Skeledirge</a></span> <span class="col typecol"><img src="https://play.pokemonshowdown.com/sprites/types/Fire.png" alt="Fire" height="14" width="32"><img src="https://play.pokemonshowdown.com/sprites/types/Ghost.png" alt="Ghost" height="14" width="32"></span> <span style="float:left;min-height:26px"><span class="col abilitycol">Blaze</span><span class="col abilitycol"><em>Unaware</em></span></span><span style="float:left;min-height:26px"><span class="col statcol"><em>HP</em><br />104</span> <span class="col statcol"><em>Atk</em><br />75</span> <span class="col statcol"><em>Def</em><br />100</span> <span class="col statcol"><em>SpA</em><br />110</span> <span class="col statcol"><em>SpD</em><br />75</span> <span class="col statcol"><em>Spe</em><br />66</span> <span class="col bstcol"><em>BST<br />530</em></span> </span></li><li style="clear:both"></li></ul></div>

|inactive|chuck2025 has 120 seconds left.
|
|t:|1758951267
|move|p2a: Dragonite|Dragon Claw|p1a: Skeledirge
|-damage|p1a: Skeledirge|62/100
|move|p1a: Skeledirge|Torch Song|p2a: Dragonite
|-resisted|p2a: Dragonite
|-damage|p2a: Dragonite|0 fnt
|-boost|p1a: Skeledirge|spa|1
|faint|p2a: Dragonite
|
|-heal|p1a: Skeledirge|68/100|[from] item: Leftovers
|upkeep
|l|☆Scoobenvonduben
|inactive|Scoobenvonduben disconnected and has a minute to reconnect!
|player|p1|
|inactive|chuck2025 has 120 seconds left.
|j|☆Scoobenvonduben
|inactive|Scoobenvonduben reconnected.
|player|p1|Scoobenvonduben|brawly|
|
|t:|1758951281
|switch|p2a: Volcanion|Volcanion|100/100
|turn|20
|
|t:|1758951286
|switch|p1a: Blissey|Blissey, F|100/100
|move|p2a: Volcanion|Steam Eruption|p1a: Blissey
|-damage|p1a: Blissey|79/100
|
|-heal|p1a: Blissey|85/100|[from] item: Leftovers
|upkeep
|turn|21
|inactive|chuck2025 has 120 seconds left.
|c|☆chuck2025|!data blissey
|raw|<div class="message"><ul class="utilichart"><li class="result"><span class="col numcol">RU</span> <span class="col iconcol"><psicon pokemon="blissey"/></span> <span class="col pokemonnamecol" style="white-space:nowrap"><a href="https://dex.pokemonshowdown.com/pokemon/blissey" target="_blank">Blissey</a></span> <span class="col typecol"><img src="https://play.pokemonshowdown.com/sprites/types/Normal.png" alt="Normal" height="14" width="32"></span> <span style="float:left;min-height:26px"><span class="col twoabilitycol">Natural Cure<br />Serene Grace</span><span class="col abilitycol"><em>Healer</em></span></span><span style="float:left;min-height:26px"><span class="col statcol"><em>HP</em><br />255</span> <span class="col statcol"><em>Atk</em><br />10</span> <span class="col statcol"><em>Def</em><br />10</span> <span class="col statcol"><em>SpA</em><br />75</span> <span class="col statcol"><em>SpD</em><br />135</span> <span class="col statcol"><em>Spe</em><br />55</span> <span class="col bstcol"><em>BST<br />540</em></span> </span></li><li style="clear:both"></li></ul></div>

|
|t:|1758951310
|switch|p2a: Iron Hands|Iron Hands, shiny|100/100
|-damage|p2a: Iron Hands|94/100|[from] Stealth Rock
|-damage|p2a: Iron Hands|82/100|[from] Spikes
|move|p1a: Blissey|Seismic Toss|p2a: Iron Hands
|-damage|p2a: Iron Hands|63/100
|-damage|p1a: Blissey|68/100|[from] item: Rocky Helmet|[of] p2a: Iron Hands
|
|-heal|p1a: Blissey|74/100|[from] item: Leftovers
|upkeep
|turn|22
|inactive|chuck2025 has 120 seconds left.
|
|t:|1758951324
|switch|p1a: Gyarados|Gyarados, M, shiny|11/100
|-ability|p1a: Gyarados|Intimidate|boost
|-unboost|p2a: Iron Hands|atk|1
|move|p2a: Iron Hands|Earthquake|p1a: Gyarados
|-immune|p1a: Gyarados
|
|upkeep
|turn|23
|inactive|chuck2025 has 120 seconds left.
|
|t:|1758951331
|move|p1a: Gyarados|Earthquake|p2a: Iron Hands
|-supereffective|p2a: Iron Hands
|-damage|p2a: Iron Hands|19/100
|move|p2a: Iron Hands|Drain Punch|p1a: Gyarados
|-resisted|p1a: Gyarados
|-damage|p1a: Gyarados|0 fnt
|-heal|p2a: Iron Hands|22/100|[from] drain|[of] p1a: Gyarados
|faint|p1a: Gyarados
|
|upkeep
|
|t:|1758951341
|switch|p1a: Skeledirge|Skeledirge, M|68/100
|turn|24
|
|t:|1758951345
|move|p1a: Skeledirge|Torch Song|p2a: Iron Hands
|-damage|p2a: Iron Hands|0 fnt
|-boost|p1a: Skeledirge|spa|1
|faint|p2a: Iron Hands
|-end|p2a: Iron Hands|Quark Drive|[silent]
|
|-heal|p1a: Skeledirge|74/100|[from] item: Leftovers
|upkeep
|
|t:|1758951352
|switch|p2a: Volcanion|Volcanion|100/100
|turn|25
|
|t:|1758951358
|switch|p1a: Blissey|Blissey, F|74/100
|move|p2a: Volcanion|Steam Eruption|p1a: Blissey
|-damage|p1a: Blissey|52/100
|-status|p1a: Blissey|brn
|
|-heal|p1a: Blissey|58/100 brn|[from] item: Leftovers
|-damage|p1a: Blissey|52/100 brn|[from] brn
|upkeep
|turn|26
|
|t:|1758951373
|move|p2a: Volcanion|Sludge Wave|p1a: Blissey
|-damage|p1a: Blissey|38/100 brn
|move|p1a: Blissey|Thunder Wave|p2a: Volcanion
|-status|p2a: Volcanion|par
|
|-heal|p1a: Blissey|44/100 brn|[from] item: Leftovers
|-damage|p1a: Blissey|38/100 brn|[from] brn
|upkeep
|turn|27
|
|t:|1758951382
|move|p1a: Blissey|Soft-Boiled|p1a: Blissey
|-heal|p1a: Blissey|88/100 brn
|cant|p2a: Volcanion|par
|
|-heal|p1a: Blissey|94/100 brn|[from] item: Leftovers
|-damage|p1a: Blissey|88/100 brn|[from] brn
|upkeep
|turn|28
|
|t:|1758951389
|move|p1a: Blissey|Seismic Toss|p2a: Volcanion
|-damage|p2a: Volcanion|73/100 par
|cant|p2a: Volcanion|par
|
|-heal|p1a: Blissey|94/100 brn|[from] item: Leftovers
|-damage|p1a: Blissey|88/100 brn|[from] brn
|upkeep
|turn|29
|inactive|chuck2025 has 120 seconds left.
|
|t:|1758951424
|switch|p2a: Zamazenta|Zamazenta|100/100
|-damage|p2a: Zamazenta|94/100|[from] Stealth Rock
|-damage|p2a: Zamazenta|82/100|[from] Spikes
|-ability|p2a: Zamazenta|Dauntless Shield|boost
|-boost|p2a: Zamazenta|def|1
|move|p1a: Blissey|Seismic Toss|p2a: Zamazenta
|-damage|p2a: Zamazenta|56/100
|
|-heal|p1a: Blissey|94/100 brn|[from] item: Leftovers
|-damage|p1a: Blissey|88/100 brn|[from] brn
|upkeep
|turn|30
|inactive|chuck2025 has 120 seconds left.
|
|t:|1758951436
|-curestatus|p1a: Blissey|brn|[from] ability: Natural Cure
|switch|p1a: Skeledirge|Skeledirge, M|74/100
|move|p2a: Zamazenta|Body Press|p1a: Skeledirge
|-immune|p1a: Skeledirge
|
|-heal|p1a: Skeledirge|80/100|[from] item: Leftovers
|upkeep
|turn|31
|
|t:|1758951445
|move|p2a: Zamazenta|Crunch|p1a: Skeledirge
|-supereffective|p1a: Skeledirge
|-damage|p1a: Skeledirge|36/100
|move|p1a: Skeledirge|Will-O-Wisp|p2a: Zamazenta
|-status|p2a: Zamazenta|brn
|
|-heal|p1a: Skeledirge|42/100|[from] item: Leftovers
|-damage|p2a: Zamazenta|50/100 brn|[from] brn
|upkeep
|turn|32
|
|t:|1758951454
|move|p2a: Zamazenta|Crunch|p1a: Skeledirge
|-supereffective|p1a: Skeledirge
|-damage|p1a: Skeledirge|17/100
|move|p1a: Skeledirge|Slack Off|p1a: Skeledirge
|-heal|p1a: Skeledirge|67/100
|
|-heal|p1a: Skeledirge|73/100|[from] item: Leftovers
|-damage|p2a: Zamazenta|44/100 brn|[from] brn
|upkeep
|turn|33
|c|☆chuck2025|tanky team you got
|c|☆chuck2025|gg
|inactive|chuck2025 has 120 seconds left.
|-message|chuck2025 forfeited.
|
|win|Scoobenvonduben
|raw|Scoobenvonduben's rating: 1256 &rarr; <strong>1278</strong><br />(+22 for winning)
|raw|chuck2025's rating: 1221 &rarr; <strong>1199</strong><br />(-22 for losing)
|l|☆chuck2025
|player|p2|
|l|☆Scoobenvonduben
|player|p1|
