|j|☆webigaza
|j|☆Paradox Luxray
|t:|1759035833
|gametype|singles
|player|p1|webigaza|skierf-gen4dp|1293
|player|p2|Paradox Luxray|colress|1231
|gen|9
|tier|[Gen 9] OU
|rated|
|rule|HP Percentage Mod: HP is shown in percentages
|rule|Endless Battle Clause: Forcing endless battles is banned
|rule|Species Clause: Limit one of each Pokémon
|rule|OHKO Clause: OHKO moves are banned
|rule|Evasion Items Clause: Evasion items are banned
|rule|Evasion Moves Clause: Evasion moves are banned
|rule|Evasion Abilities Clause: Evasion abilities are banned
|rule|Sleep Moves Clause: Sleep-inducing moves are banned
|clearpoke
|poke|p1|Chandelure, M|
|poke|p1|Keldeo|
|poke|p1|Zapdos|
|poke|p1|Great Tusk|
|poke|p1|Scizor, M|
|poke|p1|Ting-Lu|
|poke|p2|Iron Moth|
|poke|p2|Slowking-Galar, F|
|poke|p2|Dragonite, F|
|poke|p2|Kingambit, F|
|poke|p2|Quaquaval, M|
|poke|p2|Landorus-Therian, M|
|teampreview
|inactive|Battle timer is ON: inactive players will automatically lose when time's up. (requested by Paradox Luxray)
|
|t:|1759035854
|teamsize|p1|6
|teamsize|p2|6
|start
|switch|p1a: Keldeo|Keldeo|100/100
|switch|p2a: Quaquaval|Quaquaval, M|100/100
|turn|1
|
|t:|1759035861
|move|p1a: Keldeo|Flip Turn|p2a: Quaquaval
|-resisted|p2a: Quaquaval
|-damage|p2a: Quaquaval|90/100
|
|t:|1759035864
|switch|p1a: Zapdos|Zapdos|100/100|[from] Flip Turn
|move|p2a: Quaquaval|Knock Off|p1a: Zapdos
|-damage|p1a: Zapdos|76/100
|-enditem|p1a: Zapdos|Heavy-Duty Boots|[from] move: Knock Off|[of] p2a: Quaquaval
|
|upkeep
|turn|2
|
|t:|1759035888
|switch|p2a: Landorus|Landorus-Therian, M|100/100
|-ability|p2a: Landorus|Intimidate|boost
|-unboost|p1a: Zapdos|atk|1
|move|p1a: Zapdos|Hurricane|p2a: Landorus|[miss]
|-miss|p1a: Zapdos|p2a: Landorus
|
|upkeep
|turn|3
|
|t:|1759035898
|move|p1a: Zapdos|Roost|p1a: Zapdos
|-heal|p1a: Zapdos|100/100
|-singleturn|p1a: Zapdos|move: Roost
|move|p2a: Landorus|Stealth Rock|p1a: Zapdos
|-sidestart|p1: webigaza|move: Stealth Rock
|
|upkeep
|turn|4
|
|t:|1759035903
|move|p1a: Zapdos|Hurricane|p2a: Landorus
|-damage|p2a: Landorus|49/100
|move|p2a: Landorus|U-turn|p1a: Zapdos
|-resisted|p1a: Zapdos
|-damage|p1a: Zapdos|93/100
|
|t:|1759035917
|switch|p2a: Slowking|Slowking-Galar, F|100/100|[from] U-turn
|
|upkeep
|turn|5
|
|t:|1759035922
|move|p1a: Zapdos|Thunder Wave|p2a: Slowking
|-status|p2a: Slowking|par
|cant|p2a: Slowking|par
|
|upkeep
|turn|6
|
|t:|1759035925
|move|p1a: Zapdos|Volt Switch|p2a: Slowking
|-damage|p2a: Slowking|83/100 par
|
|t:|1759035929
|switch|p1a: Chandelure|Chandelure, M|100/100|[from] Volt Switch
|-damage|p1a: Chandelure|76/100|[from] Stealth Rock
|move|p2a: Slowking|Future Sight|p1a: Chandelure
|-start|p2a: Slowking|move: Future Sight
|
|upkeep
|turn|7
|
|t:|1759035941
|switch|p2a: Quaquaval|Quaquaval, M|90/100
|move|p1a: Chandelure|Shadow Ball|p2a: Quaquaval
|-damage|p2a: Quaquaval|47/100
|
|upkeep
|turn|8
|
|t:|1759035947
|move|p1a: Chandelure|Shadow Ball|p2a: Quaquaval
|-damage|p2a: Quaquaval|5/100
|move|p2a: Quaquaval|Aqua Step|p1a: Chandelure
|-supereffective|p1a: Chandelure
|-damage|p1a: Chandelure|0 fnt
|-boost|p2a: Quaquaval|spe|1
|faint|p1a: Chandelure
|-ability|p2a: Quaquaval|Moxie|boost
|-boost|p2a: Quaquaval|atk|1
|
|-hint|Future Sight did not hit because the target is fainted.
|upkeep
|
|t:|1759035954
|switch|p1a: Keldeo|Keldeo|100/100
|turn|9
|
|t:|1759035962
|move|p1a: Keldeo|Vacuum Wave|p2a: Quaquaval
|-damage|p2a: Quaquaval|0 fnt
|faint|p2a: Quaquaval
|
|upkeep
|
|t:|1759035968
|switch|p2a: Iron Moth|Iron Moth|100/100
|turn|10
|
|t:|1759035977
|switch|p1a: Ting-Lu|Ting-Lu|100/100
|-damage|p1a: Ting-Lu|94/100|[from] Stealth Rock
|-ability|p1a: Ting-Lu|Vessel of Ruin
|move|p2a: Iron Moth|Energy Ball|p1a: Ting-Lu
|-supereffective|p1a: Ting-Lu
|-damage|p1a: Ting-Lu|54/100
|
|-heal|p1a: Ting-Lu|60/100|[from] item: Leftovers
|upkeep
|turn|11
|
|t:|1759035992
|-terastallize|p2a: Iron Moth|Grass
|move|p2a: Iron Moth|Energy Ball|p1a: Ting-Lu
|-supereffective|p1a: Ting-Lu
|-damage|p1a: Ting-Lu|0 fnt
|faint|p1a: Ting-Lu
|
|upkeep
|
|t:|1759035998
|switch|p1a: Zapdos|Zapdos|93/100
|-damage|p1a: Zapdos|68/100|[from] Stealth Rock
|turn|12
|
|t:|1759036003
|-end|p2a: Iron Moth|Quark Drive|[silent]
|switch|p2a: Slowking|Slowking-Galar, F|100/100 par
|move|p1a: Zapdos|Hurricane|p2a: Slowking
|-damage|p2a: Slowking|74/100 par
|
|upkeep
|turn|13
|
|t:|1759036009
|move|p1a: Zapdos|Hurricane|p2a: Slowking
|-damage|p2a: Slowking|48/100 par
|-start|p2a: Slowking|confusion
|-activate|p2a: Slowking|confusion
|move|p2a: Slowking|Future Sight|p1a: Zapdos
|-start|p2a: Slowking|move: Future Sight
|
|upkeep
|turn|14
|
|t:|1759036018
|move|p1a: Zapdos|Volt Switch|p2a: Slowking
|-damage|p2a: Slowking|30/100 par
|
|t:|1759036027
|switch|p1a: Scizor|Scizor, M|100/100|[from] Volt Switch
|-damage|p1a: Scizor|88/100|[from] Stealth Rock
|-activate|p2a: Slowking|confusion
|move|p2a: Slowking|Psychic Noise|p1a: Scizor
|-resisted|p1a: Scizor
|-damage|p1a: Scizor|71/100
|-start|p1a: Scizor|move: Heal Block
|
|upkeep
|turn|15
|
|t:|1759036040
|switch|p2a: Landorus|Landorus-Therian, M|49/100
|-ability|p2a: Landorus|Intimidate|boost
|-unboost|p1a: Scizor|atk|1
|move|p1a: Scizor|Knock Off|p2a: Landorus
|-damage|p2a: Landorus|33/100
|-damage|p1a: Scizor|54/100|[from] item: Rocky Helmet|[of] p2a: Landorus
|-enditem|p2a: Landorus|Rocky Helmet|[from] move: Knock Off|[of] p1a: Scizor
|
|-end|p1a: Scizor|move: Future Sight
|-resisted|p1a: Scizor
|-damage|p1a: Scizor|27/100
|-end|p1a: Scizor|move: Heal Block
|upkeep
|-enditem|p1a: Scizor|Sitrus Berry|[eat]
|-heal|p1a: Scizor|52/100|[from] item: Sitrus Berry
|turn|16
|
|t:|1759036052
|switch|p1a: Zapdos|Zapdos|68/100
|-damage|p1a: Zapdos|43/100|[from] Stealth Rock
|move|p2a: Landorus|Taunt|p1a: Zapdos
|-start|p1a: Zapdos|move: Taunt
|
|upkeep
|turn|17
|
|t:|1759036056
|move|p1a: Zapdos|Hurricane|p2a: Landorus
|-damage|p2a: Landorus|0 fnt
|faint|p2a: Landorus
|
|upkeep
|
|t:|1759036058
|switch|p2a: Dragonite|Dragonite, F|100/100
|turn|18
|
|t:|1759036063
|move|p2a: Dragonite|Ice Spinner|p1a: Zapdos
|-supereffective|p1a: Zapdos
|-damage|p1a: Zapdos|2/100
|move|p1a: Zapdos|Volt Switch|p2a: Dragonite
|-damage|p2a: Dragonite|86/100
|
|t:|1759036066
|switch|p1a: Great Tusk|Great Tusk|100/100|[from] Volt Switch
|
|upkeep
|turn|19
|
|t:|1759036088
|switch|p2a: Slowking|Slowking-Galar, F|63/100 par
|move|p1a: Great Tusk|Rapid Spin|p2a: Slowking
|-damage|p2a: Slowking|46/100 par
|-boost|p1a: Great Tusk|spe|1
|-sideend|p1: webigaza|Stealth Rock|[from] move: Rapid Spin|[of] p1a: Great Tusk
|
|upkeep
|turn|20
|
|t:|1759036097
|move|p1a: Great Tusk|Headlong Rush|p2a: Slowking
|-supereffective|p2a: Slowking
|-damage|p2a: Slowking|0 fnt
|-unboost|p1a: Great Tusk|def|1
|-unboost|p1a: Great Tusk|spd|1
|faint|p2a: Slowking
|
|upkeep
|
|t:|1759036106
|switch|p2a: Dragonite|Dragonite, F|86/100
|turn|21
|
|t:|1759036130
|move|p1a: Great Tusk|Ice Spinner|p2a: Dragonite
|-supereffective|p2a: Dragonite
|-crit|p2a: Dragonite
|-damage|p2a: Dragonite|0 fnt
|faint|p2a: Dragonite
|
|upkeep
|
|t:|1759036135
|switch|p2a: Kingambit|Kingambit, F|100/100
|-activate|p2a: Kingambit|ability: Supreme Overlord
|-start|p2a: Kingambit|fallen4|[silent]
|turn|22
|
|t:|1759036143
|-end|p1a: Great Tusk|Protosynthesis|[silent]
|switch|p1a: Zapdos|Zapdos|2/100
|move|p2a: Kingambit|Sucker Punch||[still]
|-fail|p2a: Kingambit
|
|upkeep
|turn|23
|
|t:|1759036149
|move|p1a: Zapdos|Thunder Wave|p2a: Kingambit|[miss]
|-miss|p1a: Zapdos|p2a: Kingambit
|move|p2a: Kingambit|Kowtow Cleave|p1a: Zapdos
|-damage|p1a: Zapdos|0 fnt
|faint|p1a: Zapdos
|
|upkeep
|
|t:|1759036154
|switch|p1a: Keldeo|Keldeo|100/100
|turn|24
|
|t:|1759036159
|move|p1a: Keldeo|Aura Sphere|p2a: Kingambit
|-supereffective|p2a: Kingambit
|-damage|p2a: Kingambit|0 fnt
|faint|p2a: Kingambit
|-end|p2a: Kingambit|fallen4|[silent]
|
|upkeep
|
|t:|1759036162
|switch|p2a: Iron Moth|Iron Moth, tera:Grass|100/100
|turn|25
|
|t:|1759036188
|move|p1a: Keldeo|Vacuum Wave|p2a: Iron Moth
|-damage|p2a: Iron Moth|80/100
|move|p2a: Iron Moth|Energy Ball|p1a: Keldeo
|-supereffective|p1a: Keldeo
|-damage|p1a: Keldeo|0 fnt
|faint|p1a: Keldeo
|
|upkeep
|
|t:|1759036194
|switch|p1a: Great Tusk|Great Tusk|100/100
|turn|26
|
|t:|1759036201
|move|p2a: Iron Moth|Energy Ball|p1a: Great Tusk
|-supereffective|p1a: Great Tusk
|-damage|p1a: Great Tusk|0 fnt
|faint|p1a: Great Tusk
|-end|p1a: Great Tusk|Protosynthesis|[silent]
|
|upkeep
|
|t:|1759036204
|switch|p1a: Scizor|Scizor, M|52/100
|turn|27
|
|t:|1759036207
|-terastallize|p1a: Scizor|Steel
|move|p1a: Scizor|Bullet Punch|p2a: Iron Moth
|-damage|p2a: Iron Moth|2/100
|move|p2a: Iron Moth|Energy Ball|p1a: Scizor
|-resisted|p1a: Scizor
|-damage|p1a: Scizor|10/100
|
|upkeep
|turn|28
|
|t:|1759036212
|move|p1a: Scizor|Bullet Punch|p2a: Iron Moth
|-damage|p2a: Iron Moth|0 fnt
|faint|p2a: Iron Moth
|-end|p2a: Iron Moth|Quark Drive|[silent]
|
|win|webigaza
|raw|webigaza's rating: 1293 &rarr; <strong>1314</strong><br />(+21 for winning)
|raw|Paradox Luxray's rating: 1231 &rarr; <strong>1210</strong><br />(-21 for losing)
|l|☆Paradox Luxray
|player|p2|
|l|☆webigaza
|player|p1|
