|j|☆LaVopismo
|j|☆SmogonSmellsButts
|t:|1758940843
|gametype|singles
|player|p1|LaVopismo|1|1133
|player|p2|SmogonSmellsButts|maid|1155
|gen|9
|tier|[Gen 9] OU
|rated|
|rule|HP Percentage Mod: HP is shown in percentages
|rule|Endless Battle Clause: Forcing endless battles is banned
|rule|Species Clause: Limit one of each Pokémon
|rule|OHKO Clause: OHKO moves are banned
|rule|Evasion Items Clause: Evasion items are banned
|rule|Evasion Moves Clause: Evasion moves are banned
|rule|Evasion Abilities Clause: Evasion abilities are banned
|rule|Sleep Moves Clause: Sleep-inducing moves are banned
|clearpoke
|poke|p1|Greninja-*, M|
|poke|p1|Charizard, F|
|poke|p1|Lucario, M|
|poke|p1|Bastiodon, M|
|poke|p1|Dragalge, F|
|poke|p1|Pikachu-Original, M|
|poke|p2|Deoxys-Defense|
|poke|p2|Breloom, M|
|poke|p2|Chandelure, F|
|poke|p2|Jolteon, M|
|poke|p2|Glimmora, F|
|poke|p2|Skarmory, F|
|teampreview
|
|t:|1758940854
|teamsize|p1|6
|teamsize|p2|6
|start
|switch|p1a: Pikachu|Pikachu-Original, M|100/100
|switch|p2a: Deoxys|Deoxys-Defense|100/100
|-ability|p2a: Deoxys|Pressure
|turn|1
|
|t:|1758940860
|move|p1a: Pikachu|Knock Off|p2a: Deoxys
|-supereffective|p2a: Deoxys
|-damage|p2a: Deoxys|46/100
|-enditem|p2a: Deoxys|Expert Belt|[from] move: Knock Off|[of] p1a: Pikachu
|move|p2a: Deoxys|Knock Off|p1a: Pikachu
|-damage|p1a: Pikachu|8/100
|-status|p2a: Deoxys|par|[from] ability: Static|[of] p1a: Pikachu
|-enditem|p1a: Pikachu|Light Ball|[from] move: Knock Off|[of] p2a: Deoxys
|
|upkeep
|turn|2
|inactive|Battle timer is ON: inactive players will automatically lose when time's up. (requested by SmogonSmellsButts)
|
|t:|1758940870
|move|p2a: Deoxys|Extreme Speed|p1a: Pikachu
|-damage|p1a: Pikachu|0 fnt
|faint|p1a: Pikachu
|
|upkeep
|
|t:|1758940876
|switch|p1a: Bastiodon|Bastiodon, M|100/100
|turn|3
|
|t:|1758940880
|cant|p2a: Deoxys|par
|move|p1a: Bastiodon|Stealth Rock|p2a: Deoxys
|-sidestart|p2: SmogonSmellsButts|move: Stealth Rock
|
|upkeep
|turn|4
|
|t:|1758940890
|switch|p1a: Dragalge|Dragalge, F|100/100
|move|p2a: Deoxys|Spikes|p1a: Dragalge
|-sidestart|p1: LaVopismo|Spikes
|
|upkeep
|turn|5
|
|t:|1758940897
|move|p1a: Dragalge|Dragon Pulse|p2a: Deoxys
|-damage|p2a: Deoxys|19/100 par
|cant|p2a: Deoxys|par
|
|upkeep
|turn|6
|
|t:|1758940902
|cant|p2a: Deoxys|par
|move|p1a: Dragalge|Dragon Pulse|p2a: Deoxys
|-damage|p2a: Deoxys|0 fnt
|faint|p2a: Deoxys
|
|upkeep
|
|t:|1758940908
|switch|p2a: Skarmory|Skarmory, F|100/100
|-damage|p2a: Skarmory|88/100|[from] Stealth Rock
|turn|7
|
|t:|1758940915
|move|p2a: Skarmory|Stealth Rock|p1a: Dragalge
|-sidestart|p1: LaVopismo|move: Stealth Rock
|move|p1a: Dragalge|Thunderbolt|p2a: Skarmory
|-supereffective|p2a: Skarmory
|-damage|p2a: Skarmory|17/100
|
|upkeep
|turn|8
|
|t:|1758940921
|move|p2a: Skarmory|Spikes|p1a: Dragalge
|-sidestart|p1: LaVopismo|Spikes
|move|p1a: Dragalge|Thunderbolt|p2a: Skarmory
|-supereffective|p2a: Skarmory
|-damage|p2a: Skarmory|0 fnt
|faint|p2a: Skarmory
|
|upkeep
|
|t:|1758940924
|switch|p2a: Glimmora|Glimmora, F|100/100
|-damage|p2a: Glimmora|88/100|[from] Stealth Rock
|turn|9
|
|t:|1758940932
|move|p2a: Glimmora|Earth Power|p1a: Dragalge
|-supereffective|p1a: Dragalge
|-damage|p1a: Dragalge|66/100
|move|p1a: Dragalge|Whirlpool|p2a: Glimmora|[miss]
|-miss|p1a: Dragalge|p2a: Glimmora
|
|upkeep
|turn|10
|
|t:|1758940939
|move|p2a: Glimmora|Earth Power|p1a: Dragalge
|-supereffective|p1a: Dragalge
|-damage|p1a: Dragalge|29/100
|move|p1a: Dragalge|Whirlpool|p2a: Glimmora
|-supereffective|p2a: Glimmora
|-damage|p2a: Glimmora|65/100
|-activate|p2a: Glimmora|move: Whirlpool|[of] p1a: Dragalge
|
|-damage|p2a: Glimmora|52/100|[from] move: Whirlpool|[partiallytrapped]
|upkeep
|turn|11
|
|t:|1758940952
|switch|p1a: Charizard|Charizard, F|100/100
|move|p2a: Glimmora|Power Gem|p1a: Charizard
|-supereffective|p1a: Charizard
|-damage|p1a: Charizard|0 fnt
|faint|p1a: Charizard
|
|-end|p2a: Glimmora|Whirlpool|[partiallytrapped]|[silent]
|upkeep
|
|t:|1758940960
|switch|p1a: Bastiodon|Bastiodon, M|100/100
|-damage|p1a: Bastiodon|84/100|[from] Spikes
|-damage|p1a: Bastiodon|78/100|[from] Stealth Rock
|turn|12
|
|t:|1758940972
|move|p2a: Glimmora|Earth Power|p1a: Bastiodon
|-supereffective|p1a: Bastiodon
|-damage|p1a: Bastiodon|1/100
|move|p1a: Bastiodon|Metal Burst|p2a: Glimmora
|-damage|p2a: Glimmora|0 fnt
|-activate|p2a: Glimmora|ability: Toxic Debris
|-sidestart|p1: LaVopismo|move: Toxic Spikes
|faint|p2a: Glimmora
|
|-heal|p1a: Bastiodon|7/100|[from] item: Leftovers
|upkeep
|
|t:|1758940979
|switch|p2a: Jolteon|Jolteon, M|100/100
|-damage|p2a: Jolteon|88/100|[from] Stealth Rock
|turn|13
|
|t:|1758940985
|switch|p1a: Dragalge|Dragalge, F|29/100
|-damage|p1a: Dragalge|13/100|[from] Spikes
|-damage|p1a: Dragalge|0 fnt|[from] Stealth Rock
|faint|p1a: Dragalge
|move|p2a: Jolteon|Shadow Ball|p1: Dragalge|[notarget]
|-fail|p2a: Jolteon
|
|-status|p2a: Jolteon|brn|[from] item: Flame Orb
|upkeep
|
|t:|1758940995
|switch|p1a: Bastiodon|Bastiodon, M|7/100
|-damage|p1a: Bastiodon|0 fnt|[from] Spikes
|faint|p1a: Bastiodon
|
|t:|1758941012
|switch|p1a: Lucario|Lucario, M|100/100
|-damage|p1a: Lucario|84/100|[from] Spikes
|-damage|p1a: Lucario|81/100|[from] Stealth Rock
|turn|14
|
|t:|1758941022
|move|p2a: Jolteon|Thunderbolt|p1a: Lucario
|-damage|p1a: Lucario|37/100
|move|p1a: Lucario|Drain Punch|p2a: Jolteon
|-damage|p2a: Jolteon|27/100 brn
|-heal|p1a: Lucario|67/100|[from] drain|[of] p2a: Jolteon
|
|-damage|p2a: Jolteon|21/100 brn|[from] brn
|upkeep
|turn|15
|
|t:|1758941031
|move|p2a: Jolteon|Thunderbolt|p1a: Lucario
|-damage|p1a: Lucario|22/100
|-status|p1a: Lucario|par
|move|p1a: Lucario|Flash Cannon|p2a: Jolteon
|-resisted|p2a: Jolteon
|-damage|p2a: Jolteon|0 fnt
|faint|p2a: Jolteon
|
|upkeep
|
|t:|1758941035
|switch|p2a: Breloom|Breloom, M|100/100
|-damage|p2a: Breloom|94/100|[from] Stealth Rock
|turn|16
|
|t:|1758941042
|move|p1a: Lucario|Bullet Punch|p2a: Breloom
|-damage|p2a: Breloom|80/100
|move|p2a: Breloom|Substitute|p2a: Breloom
|-start|p2a: Breloom|Substitute
|-damage|p2a: Breloom|55/100
|
|-status|p2a: Breloom|tox|[from] item: Toxic Orb
|upkeep
|turn|17
|
|t:|1758941055
|move|p2a: Breloom|Leech Seed|p1a: Lucario
|-start|p1a: Lucario|move: Leech Seed
|move|p1a: Lucario|Flash Cannon|p2a: Breloom
|-end|p2a: Breloom|Substitute
|
|-damage|p1a: Lucario|10/100 par|[from] Leech Seed|[of] p2a: Breloom
|-heal|p2a: Breloom|66/100 tox|[silent]
|-heal|p2a: Breloom|78/100 tox|[from] ability: Poison Heal
|upkeep
|turn|18
|
|t:|1758941066
|move|p2a: Breloom|Substitute|p2a: Breloom
|-start|p2a: Breloom|Substitute
|-damage|p2a: Breloom|53/100 tox
|cant|p1a: Lucario|par
|
|-damage|p1a: Lucario|0 fnt|[from] Leech Seed|[of] p2a: Breloom
|-heal|p2a: Breloom|61/100 tox|[silent]
|faint|p1a: Lucario
|-heal|p2a: Breloom|74/100 tox|[from] ability: Poison Heal
|upkeep
|
|t:|1758941075
|switch|p1a: Greninja|Greninja, M|100/100
|-damage|p1a: Greninja|84/100|[from] Spikes
|-damage|p1a: Greninja|72/100|[from] Stealth Rock
|-status|p1a: Greninja|psn
|turn|19
|
|t:|1758941085
|move|p1a: Greninja|Ice Punch|p2a: Breloom
|-supereffective|p2a: Breloom
|-end|p2a: Breloom|Substitute
|-damage|p1a: Greninja|62/100 psn|[from] item: Life Orb
|move|p2a: Breloom|Drain Punch|p1a: Greninja
|-supereffective|p1a: Greninja
|-damage|p1a: Greninja|0 fnt
|-heal|p2a: Breloom|100/100 tox|[from] drain|[of] p1a: Greninja
|faint|p1a: Greninja
|
|win|SmogonSmellsButts
|raw|LaVopismo's rating: 1133 &rarr; <strong>1110</strong><br />(-23 for losing)
|raw|SmogonSmellsButts's rating: 1155 &rarr; <strong>1178</strong><br />(+23 for winning)
|l|☆SmogonSmellsButts
|player|p2|
|l|☆LaVopismo
|player|p1|
