|j|☆glitxhx
|j|☆Shibuya Arc
|t:|1758935194
|gametype|singles
|player|p1|glitxhx|lenora|1450
|player|p2|Shibuya Arc|265|1489
|gen|9
|tier|[Gen 9] OU
|rated|
|rule|HP Percentage Mod: HP is shown in percentages
|rule|Endless Battle Clause: Forcing endless battles is banned
|rule|Species Clause: Limit one of each Pokémon
|rule|OHKO Clause: OHKO moves are banned
|rule|Evasion Items Clause: Evasion items are banned
|rule|Evasion Moves Clause: Evasion moves are banned
|rule|Evasion Abilities Clause: Evasion abilities are banned
|rule|Sleep Moves Clause: Sleep-inducing moves are banned
|clearpoke
|poke|p1|Pelipper, F|
|poke|p1|Walking Wake|
|poke|p1|Toxicroak, M|
|poke|p1|Zapdos|
|poke|p1|Gholdengo|
|poke|p1|Great Tusk|
|poke|p2|Dragapult, M|
|poke|p2|Dragonite, F|
|poke|p2|Ting-Lu|
|poke|p2|Weezing-Galar, F|
|poke|p2|Iron Crown|
|poke|p2|Zapdos|
|teampreview
|inactive|Battle timer is ON: inactive players will automatically lose when time's up. (requested by glitxhx)
|
|t:|1758935203
|teamsize|p1|6
|teamsize|p2|6
|start
|switch|p1a: Pelipper|Pelipper, F|100/100
|switch|p2a: Ting-Lu|Ting-Lu|100/100
|-ability|p2a: Ting-Lu|Vessel of Ruin
|-weather|RainDance|[from] ability: Drizzle|[of] p1a: Pelipper
|turn|1
|inactive|Shibuya Arc also wants the timer to be on.
|
|t:|1758935209
|move|p2a: Ting-Lu|Stealth Rock|p1a: Pelipper
|-sidestart|p1: glitxhx|move: Stealth Rock
|move|p1a: Pelipper|Knock Off|p2a: Ting-Lu
|-resisted|p2a: Ting-Lu
|-damage|p2a: Ting-Lu|97/100
|-enditem|p2a: Ting-Lu|Leftovers|[from] move: Knock Off|[of] p1a: Pelipper
|
|-weather|RainDance|[upkeep]
|upkeep
|turn|2
|
|t:|1758935218
|move|p2a: Ting-Lu|Ruination|p1a: Pelipper|[miss]
|-miss|p2a: Ting-Lu|p1a: Pelipper
|move|p1a: Pelipper|U-turn|p2a: Ting-Lu
|-supereffective|p2a: Ting-Lu
|-damage|p2a: Ting-Lu|87/100
|
|t:|1758935223
|switch|p1a: Great Tusk|Great Tusk|100/100|[from] U-turn
|
|-weather|RainDance|[upkeep]
|upkeep
|turn|3
|
|t:|1758935230
|move|p1a: Great Tusk|Stealth Rock|p2a: Ting-Lu
|-sidestart|p2: Shibuya Arc|move: Stealth Rock
|move|p2a: Ting-Lu|Ruination|p1a: Great Tusk
|-damage|p1a: Great Tusk|51/100
|
|-weather|RainDance|[upkeep]
|upkeep
|turn|4
|
|t:|1758935237
|move|p1a: Great Tusk|Ice Spinner|p2a: Ting-Lu
|-supereffective|p2a: Ting-Lu
|-damage|p2a: Ting-Lu|55/100
|move|p2a: Ting-Lu|Earthquake|p1a: Great Tusk
|-damage|p1a: Great Tusk|22/100
|
|-weather|RainDance|[upkeep]
|upkeep
|turn|5
|
|t:|1758935245
|move|p1a: Great Tusk|Rapid Spin|p2a: Ting-Lu
|-damage|p2a: Ting-Lu|46/100
|-boost|p1a: Great Tusk|spe|1
|-sideend|p1: glitxhx|Stealth Rock|[from] move: Rapid Spin|[of] p1a: Great Tusk
|move|p2a: Ting-Lu|Earthquake|p1a: Great Tusk
|-damage|p1a: Great Tusk|0 fnt
|faint|p1a: Great Tusk
|-end|p1a: Great Tusk|Protosynthesis|[silent]
|
|-weather|RainDance|[upkeep]
|upkeep
|
|t:|1758935249
|switch|p1a: Walking Wake|Walking Wake|100/100
|turn|6
|
|t:|1758935255
|-terastallize|p2a: Ting-Lu|Water
|move|p1a: Walking Wake|Hydro Steam|p2a: Ting-Lu
|-resisted|p2a: Ting-Lu
|-damage|p2a: Ting-Lu|33/100
|move|p2a: Ting-Lu|Ruination|p1a: Walking Wake
|-damage|p1a: Walking Wake|51/100
|
|-weather|RainDance|[upkeep]
|upkeep
|turn|7
|
|t:|1758935267
|-end|p1a: Walking Wake|Protosynthesis|[silent]
|switch|p1a: Zapdos|Zapdos|100/100
|move|p2a: Ting-Lu|Stealth Rock|p1a: Zapdos
|-sidestart|p1: glitxhx|move: Stealth Rock
|
|-weather|RainDance|[upkeep]
|upkeep
|turn|8
|
|t:|1758935272
|move|p1a: Zapdos|Thunder|p2a: Ting-Lu
|-supereffective|p2a: Ting-Lu
|-damage|p2a: Ting-Lu|0 fnt
|faint|p2a: Ting-Lu
|
|-weather|none
|upkeep
|
|t:|1758935281
|switch|p2a: Dragonite|Dragonite, F|100/100
|turn|9
|
|t:|1758935287
|move|p1a: Zapdos|Volt Switch|p2a: Dragonite
|-damage|p2a: Dragonite|84/100
|
|t:|1758935291
|switch|p1a: Pelipper|Pelipper, F|100/100|[from] Volt Switch
|-damage|p1a: Pelipper|76/100|[from] Stealth Rock
|-weather|RainDance|[from] ability: Drizzle|[of] p1a: Pelipper
|move|p2a: Dragonite|Dragon Dance|p2a: Dragonite
|-boost|p2a: Dragonite|atk|1
|-boost|p2a: Dragonite|spe|1
|
|-weather|RainDance|[upkeep]
|upkeep
|turn|10
|
|t:|1758935297
|move|p2a: Dragonite|Dragon Dance|p2a: Dragonite
|-boost|p2a: Dragonite|atk|1
|-boost|p2a: Dragonite|spe|1
|move|p1a: Pelipper|U-turn|p2a: Dragonite
|-resisted|p2a: Dragonite
|-damage|p2a: Dragonite|79/100
|
|t:|1758935307
|switch|p1a: Gholdengo|Gholdengo|100/100|[from] U-turn
|-damage|p1a: Gholdengo|94/100|[from] Stealth Rock
|-item|p1a: Gholdengo|Air Balloon
|
|-weather|RainDance|[upkeep]
|upkeep
|turn|11
|
|t:|1758935313
|switch|p2a: Zapdos|Zapdos|100/100
|move|p1a: Gholdengo|Thunder Wave|p2a: Zapdos|[miss]
|-miss|p1a: Gholdengo|p2a: Zapdos
|
|-weather|RainDance|[upkeep]
|upkeep
|turn|12
|
|t:|1758935320
|switch|p1a: Walking Wake|Walking Wake|51/100
|-damage|p1a: Walking Wake|38/100|[from] Stealth Rock
|move|p2a: Zapdos|Hurricane|p1a: Walking Wake
|-damage|p1a: Walking Wake|0 fnt
|faint|p1a: Walking Wake
|-end|p1a: Walking Wake|Protosynthesis|[silent]
|
|-weather|RainDance|[upkeep]
|upkeep
|
|t:|1758935324
|switch|p1a: Toxicroak|Toxicroak, M|100/100
|-damage|p1a: Toxicroak|94/100|[from] Stealth Rock
|turn|13
|
|t:|1758935330
|move|p2a: Zapdos|Volt Switch|p1a: Toxicroak
|-damage|p1a: Toxicroak|51/100
|
|t:|1758935340
|switch|p2a: Iron Crown|Iron Crown|100/100|[from] Volt Switch
|-damage|p2a: Iron Crown|94/100|[from] Stealth Rock
|move|p1a: Toxicroak|Toxic|p2a: Iron Crown
|-immune|p2a: Iron Crown
|
|-weather|RainDance|[upkeep]
|-heal|p1a: Toxicroak|63/100|[from] ability: Dry Skin
|-heal|p1a: Toxicroak|70/100|[from] item: Leftovers
|upkeep
|turn|14
|
|t:|1758935350
|-end|p2a: Iron Crown|Quark Drive|[silent]
|switch|p2a: Zapdos|Zapdos|100/100
|switch|p1a: Gholdengo|Gholdengo|94/100
|-damage|p1a: Gholdengo|88/100|[from] Stealth Rock
|-item|p1a: Gholdengo|Air Balloon
|
|-weather|RainDance|[upkeep]
|upkeep
|turn|15
|
|t:|1758935356
|switch|p1a: Zapdos|Zapdos|100/100
|move|p2a: Zapdos|Hurricane|p1a: Zapdos
|-resisted|p1a: Zapdos
|-damage|p1a: Zapdos|69/100
|
|-weather|RainDance|[upkeep]
|upkeep
|turn|16
|
|t:|1758935364
|move|p1a: Zapdos|Thunder|p2a: Zapdos
|-damage|p2a: Zapdos|37/100
|move|p2a: Zapdos|Volt Switch|p1a: Zapdos
|-damage|p1a: Zapdos|29/100
|
|t:|1758935373
|switch|p2a: Dragapult|Dragapult, M|100/100|[from] Volt Switch
|
|-weather|none
|upkeep
|turn|17
|
|t:|1758935379
|switch|p1a: Pelipper|Pelipper, F|76/100
|-damage|p1a: Pelipper|51/100|[from] Stealth Rock
|-weather|RainDance|[from] ability: Drizzle|[of] p1a: Pelipper
|move|p2a: Dragapult|Hex|p1a: Pelipper
|-damage|p1a: Pelipper|16/100
|
|-weather|RainDance|[upkeep]
|upkeep
|turn|18
|
|t:|1758935389
|move|p2a: Dragapult|Hex|p1a: Pelipper
|-damage|p1a: Pelipper|0 fnt
|faint|p1a: Pelipper
|
|-weather|RainDance|[upkeep]
|upkeep
|
|t:|1758935392
|switch|p1a: Gholdengo|Gholdengo|88/100
|-damage|p1a: Gholdengo|82/100|[from] Stealth Rock
|-item|p1a: Gholdengo|Air Balloon
|turn|19
|
|t:|1758935398
|move|p2a: Dragapult|U-turn|p1a: Gholdengo
|-resisted|p1a: Gholdengo
|-damage|p1a: Gholdengo|79/100
|-enditem|p1a: Gholdengo|Air Balloon
|
|t:|1758935405
|switch|p2a: Zapdos|Zapdos|37/100|[from] U-turn
|move|p1a: Gholdengo|Thunder Wave|p2a: Zapdos
|-immune|p2a: Zapdos
|
|-weather|RainDance|[upkeep]
|upkeep
|turn|20
|-message|glitxhx forfeited.
|
|win|Shibuya Arc
|raw|glitxhx's rating: 1450 &rarr; <strong>1432</strong><br />(-18 for losing)
|raw|Shibuya Arc's rating: 1489 &rarr; <strong>1507</strong><br />(+18 for winning)
