|j|☆flan727
|j|☆jrg123
|t:|1759009731
|gametype|singles
|player|p1|flan727|265|1652
|player|p2|jrg123|169|1614
|gen|9
|tier|[Gen 9] OU
|rated|
|rule|HP Percentage Mod: HP is shown in percentages
|rule|Endless Battle Clause: Forcing endless battles is banned
|rule|Species Clause: Limit one of each Pokémon
|rule|OHKO Clause: OHKO moves are banned
|rule|Evasion Items Clause: Evasion items are banned
|rule|Evasion Moves Clause: Evasion moves are banned
|rule|Evasion Abilities Clause: Evasion abilities are banned
|rule|Sleep Moves Clause: Sleep-inducing moves are banned
|clearpoke
|poke|p1|Slowking-Galar, M|
|poke|p1|Great Tusk|
|poke|p1|Arcanine-Hisui, M|
|poke|p1|Corviknight, M|
|poke|p1|Dragapult, M|
|poke|p1|Kingambit, F|
|poke|p2|Kyurem|
|poke|p2|Corviknight, M|
|poke|p2|Ting-Lu|
|poke|p2|Dondozo, M|
|poke|p2|Slowking-Galar, L99, M|
|poke|p2|Cinderace, M|
|teampreview
|c|☆jrg123|are you a yourtuber
|c|☆flan727|no :(
|inactive|Battle timer is ON: inactive players will automatically lose when time's up. (requested by jrg123)
|
|t:|1759009752
|teamsize|p1|6
|teamsize|p2|6
|start
|switch|p1a: Dragapult|Dragapult, M|100/100
|switch|p2a: Cinderace|Cinderace, M|100/100
|turn|1
|
|t:|1759009757
|switch|p2a: Ting-Lu|Ting-Lu|100/100
|-ability|p2a: Ting-Lu|Vessel of Ruin
|move|p1a: Dragapult|Draco Meteor|p2a: Ting-Lu
|-damage|p2a: Ting-Lu|64/100
|-unboost|p1a: Dragapult|spa|2
|
|-heal|p2a: Ting-Lu|71/100|[from] item: Leftovers
|upkeep
|turn|2
|
|t:|1759009770
|switch|p1a: Corviknight|Corviknight, M|100/100
|-ability|p1a: Corviknight|Pressure
|move|p2a: Ting-Lu|Earthquake|p1a: Corviknight
|-immune|p1a: Corviknight
|
|-heal|p2a: Ting-Lu|77/100|[from] item: Leftovers
|upkeep
|turn|3
|
|t:|1759009775
|switch|p2a: Slowking|Slowking-Galar, L99, M|100/100
|move|p1a: Corviknight|U-turn|p2a: Slowking
|-damage|p2a: Slowking|85/100
|
|t:|1759009777
|switch|p1a: Arcanine|Arcanine-Hisui, M|100/100|[from] U-turn
|
|upkeep
|turn|4
|
|t:|1759009783
|switch|p2a: Dondozo|Dondozo, M|100/100
|-terastallize|p1a: Arcanine|Rock
|move|p1a: Arcanine|Head Smash|p2a: Dondozo
|-damage|p2a: Dondozo|37/100
|
|-heal|p2a: Dondozo|43/100|[from] item: Leftovers
|upkeep
|turn|5
|
|t:|1759009799
|move|p1a: Arcanine|Head Smash|p2a: Dondozo
|-damage|p2a: Dondozo|0 fnt
|faint|p2a: Dondozo
|
|upkeep
|
|t:|1759009819
|switch|p2a: Kyurem|Kyurem|100/100
|-ability|p2a: Kyurem|Pressure
|turn|6
|
|t:|1759009825
|switch|p1a: Slowking|Slowking-Galar, M|100/100
|move|p2a: Kyurem|Substitute|p2a: Kyurem
|-start|p2a: Kyurem|Substitute
|-damage|p2a: Kyurem|75/100
|
|-heal|p2a: Kyurem|82/100|[from] item: Leftovers
|upkeep
|turn|7
|
|t:|1759009833
|-terastallize|p2a: Kyurem|Ground
|move|p2a: Kyurem|Earth Power|p1a: Slowking
|-supereffective|p1a: Slowking
|-damage|p1a: Slowking|45/100
|move|p1a: Slowking|Future Sight|p2a: Kyurem
|-start|p1a: Slowking|move: Future Sight
|
|-heal|p2a: Kyurem|88/100|[from] item: Leftovers
|upkeep
|turn|8
|
|t:|1759009844
|switch|p1a: Corviknight|Corviknight, M|100/100
|-ability|p1a: Corviknight|Pressure
|move|p2a: Kyurem|Earth Power|p1a: Corviknight
|-immune|p1a: Corviknight
|
|-heal|p2a: Kyurem|94/100|[from] item: Leftovers
|upkeep
|turn|9
|
|t:|1759009848
|move|p2a: Kyurem|Freeze-Dry|p1a: Corviknight
|-damage|p1a: Corviknight|65/100
|move|p1a: Corviknight|Brave Bird|p2a: Kyurem
|-end|p2a: Kyurem|Substitute
|-damage|p1a: Corviknight|57/100|[from] Recoil|[of] p2a: Kyurem
|
|-end|p2a: Kyurem|move: Future Sight
|-damage|p2a: Kyurem|50/100
|-heal|p2a: Kyurem|56/100|[from] item: Leftovers
|upkeep
|turn|10
|
|t:|1759009856
|move|p2a: Kyurem|Protect|p2a: Kyurem
|-singleturn|p2a: Kyurem|Protect
|move|p1a: Corviknight|U-turn|p2a: Kyurem
|-activate|p2a: Kyurem|move: Protect
|
|-heal|p2a: Kyurem|62/100|[from] item: Leftovers
|upkeep
|turn|11
|
|t:|1759009859
|move|p2a: Kyurem|Substitute|p2a: Kyurem
|-start|p2a: Kyurem|Substitute
|-damage|p2a: Kyurem|37/100
|move|p1a: Corviknight|Brave Bird|p2a: Kyurem
|-end|p2a: Kyurem|Substitute
|-damage|p1a: Corviknight|48/100|[from] Recoil|[of] p2a: Kyurem
|
|-heal|p2a: Kyurem|44/100|[from] item: Leftovers
|upkeep
|turn|12
|
|t:|1759009867
|move|p2a: Kyurem|Protect|p2a: Kyurem
|-singleturn|p2a: Kyurem|Protect
|move|p1a: Corviknight|U-turn|p2a: Kyurem
|-activate|p2a: Kyurem|move: Protect
|
|-heal|p2a: Kyurem|50/100|[from] item: Leftovers
|upkeep
|turn|13
|
|t:|1759009873
|move|p2a: Kyurem|Freeze-Dry|p1a: Corviknight
|-damage|p1a: Corviknight|12/100
|move|p1a: Corviknight|Brave Bird|p2a: Kyurem
|-damage|p2a: Kyurem|18/100
|-damage|p1a: Corviknight|1/100|[from] Recoil
|
|-heal|p2a: Kyurem|24/100|[from] item: Leftovers
|upkeep
|turn|14
|
|t:|1759009884
|switch|p1a: Dragapult|Dragapult, M|100/100
|move|p2a: Kyurem|Protect||[still]
|-fail|p2a: Kyurem
|
|-heal|p2a: Kyurem|30/100|[from] item: Leftovers
|upkeep
|turn|15
|
|t:|1759009889
|switch|p2a: Ting-Lu|Ting-Lu|77/100
|-ability|p2a: Ting-Lu|Vessel of Ruin
|move|p1a: Dragapult|Shadow Ball|p2a: Ting-Lu
|-resisted|p2a: Ting-Lu
|-damage|p2a: Ting-Lu|65/100
|
|-heal|p2a: Ting-Lu|72/100|[from] item: Leftovers
|upkeep
|turn|16
|
|t:|1759009896
|switch|p1a: Corviknight|Corviknight, M|1/100
|-ability|p1a: Corviknight|Pressure
|move|p2a: Ting-Lu|Payback|p1a: Corviknight
|-damage|p1a: Corviknight|0 fnt
|-damage|p2a: Ting-Lu|55/100|[from] item: Rocky Helmet|[of] p1a: Corviknight
|faint|p1a: Corviknight
|
|-heal|p2a: Ting-Lu|61/100|[from] item: Leftovers
|upkeep
|
|t:|1759009909
|switch|p1a: Great Tusk|Great Tusk|100/100
|turn|17
|
|t:|1759009916
|switch|p2a: Corviknight|Corviknight, M|100/100
|-ability|p2a: Corviknight|Pressure
|move|p1a: Great Tusk|Stealth Rock|p2a: Corviknight
|-sidestart|p2: jrg123|move: Stealth Rock
|
|upkeep
|turn|18
|
|t:|1759009927
|-end|p1a: Great Tusk|Protosynthesis|[silent]
|switch|p1a: Slowking|Slowking-Galar, M|78/100
|move|p2a: Corviknight|U-turn|p1a: Slowking
|-damage|p1a: Slowking|65/100
|
|t:|1759009931
|switch|p2a: Cinderace|Cinderace, M|100/100|[from] U-turn
|
|upkeep
|turn|19
|
|t:|1759009940
|move|p2a: Cinderace|Court Change|p2a: Cinderace
|-swapsideconditions
|-activate|p2a: Cinderace|move: Court Change
|move|p1a: Slowking|Thunder Wave|p2a: Cinderace
|-status|p2a: Cinderace|par
|
|upkeep
|turn|20
|
|t:|1759009946
|move|p2a: Cinderace|Will-O-Wisp|p1a: Slowking
|-status|p1a: Slowking|brn
|-prepare|p1a: Slowking|Chilly Reception|[premajor]
|move|p1a: Slowking|Chilly Reception|p1a: Slowking
|-weather|Snowscape
|
|t:|1759009948
|switch|p1a: Great Tusk|Great Tusk|100/100|[from] Chilly Reception
|
|-weather|Snowscape|[upkeep]
|upkeep
|turn|21
|
|t:|1759009955
|move|p1a: Great Tusk|Rapid Spin|p2a: Cinderace
|-damage|p2a: Cinderace|77/100 par
|-boost|p1a: Great Tusk|spe|1
|-sideend|p1: flan727|Stealth Rock|[from] move: Rapid Spin|[of] p1a: Great Tusk
|cant|p2a: Cinderace|par
|
|-weather|Snowscape|[upkeep]
|upkeep
|turn|22
|c|☆flan727|mb
|
|t:|1759009962
|switch|p2a: Corviknight|Corviknight, M|100/100
|-ability|p2a: Corviknight|Pressure
|move|p1a: Great Tusk|Headlong Rush|p2a: Corviknight
|-immune|p2a: Corviknight
|
|-weather|Snowscape|[upkeep]
|upkeep
|turn|23
|
|t:|1759009972
|move|p1a: Great Tusk|Stealth Rock|p2a: Corviknight
|-sidestart|p2: jrg123|move: Stealth Rock
|move|p2a: Corviknight|U-turn|p1a: Great Tusk
|-resisted|p1a: Great Tusk
|-damage|p1a: Great Tusk|95/100
|
|t:|1759009979
|switch|p2a: Cinderace|Cinderace, M|77/100 par|[from] U-turn
|
|-weather|Snowscape|[upkeep]
|upkeep
|turn|24
|
|t:|1759009982
|-end|p1a: Great Tusk|Protosynthesis|[silent]
|switch|p1a: Arcanine|Arcanine-Hisui, M, tera:Rock|100/100
|switch|p2a: Corviknight|Corviknight, M|100/100
|-damage|p2a: Corviknight|88/100|[from] Stealth Rock
|-ability|p2a: Corviknight|Pressure
|
|-weather|none
|upkeep
|turn|25
|
|t:|1759010000
|move|p1a: Arcanine|Flare Blitz|p2a: Corviknight
|-supereffective|p2a: Corviknight
|-crit|p2a: Corviknight
|-damage|p2a: Corviknight|0 fnt
|-damage|p1a: Arcanine|84/100|[from] item: Rocky Helmet|[of] p2a: Corviknight
|faint|p2a: Corviknight
|
|upkeep
|
|t:|1759010007
|switch|p2a: Kyurem|Kyurem, tera:Ground|30/100
|-damage|p2a: Kyurem|24/100|[from] Stealth Rock
|-ability|p2a: Kyurem|Pressure
|turn|26
|c|☆jrg123|hisui arcanine is amazing
|c|☆jrg123|great tera user
|c|☆flan727|ye :D
|
|t:|1759010025
|switch|p1a: Slowking|Slowking-Galar, M|98/100 brn
|move|p2a: Kyurem|Earth Power|p1a: Slowking
|-supereffective|p1a: Slowking
|-crit|p1a: Slowking
|-damage|p1a: Slowking|22/100 brn
|
|-heal|p2a: Kyurem|30/100|[from] item: Leftovers
|-damage|p1a: Slowking|16/100 brn|[from] brn
|upkeep
|turn|27
|
|t:|1759010036
|move|p2a: Kyurem|Freeze-Dry|p1a: Slowking
|-damage|p1a: Slowking|0 fnt
|faint|p1a: Slowking
|
|-heal|p2a: Kyurem|36/100|[from] item: Leftovers
|upkeep
|
|t:|1759010044
|switch|p1a: Kingambit|Kingambit, F|100/100
|-activate|p1a: Kingambit|ability: Supreme Overlord
|-start|p1a: Kingambit|fallen2|[silent]
|turn|28
|c|☆flan727|super fun mon
|c|☆jrg123|i like tera normal the best personally
|c|☆flan727|ooh i gotta try that
|c|☆jrg123|rock is also good i'd imagine
|inactive|jrg123 has 120 seconds left.
|
|t:|1759010076
|move|p2a: Kyurem|Substitute|p2a: Kyurem
|-start|p2a: Kyurem|Substitute
|-damage|p2a: Kyurem|11/100
|move|p1a: Kingambit|Iron Head|p2a: Kyurem
|-end|p2a: Kyurem|Substitute
|
|-heal|p2a: Kyurem|18/100|[from] item: Leftovers
|upkeep
|turn|29
|
|t:|1759010082
|move|p2a: Kyurem|Protect|p2a: Kyurem
|-singleturn|p2a: Kyurem|Protect
|move|p1a: Kingambit|Iron Head|p2a: Kyurem
|-activate|p2a: Kyurem|move: Protect
|
|-heal|p2a: Kyurem|24/100|[from] item: Leftovers
|upkeep
|turn|30
|
|t:|1759010087
|move|p2a: Kyurem|Earth Power|p1a: Kingambit
|-supereffective|p1a: Kingambit
|-damage|p1a: Kingambit|20/100
|move|p1a: Kingambit|Iron Head|p2a: Kyurem
|-damage|p2a: Kyurem|0 fnt
|faint|p2a: Kyurem
|
|-heal|p1a: Kingambit|26/100|[from] item: Leftovers
|upkeep
|
|t:|1759010096
|switch|p2a: Cinderace|Cinderace, M|77/100 par
|turn|31
|
|t:|1759010099
|move|p2a: Cinderace|Will-O-Wisp|p1a: Kingambit
|-status|p1a: Kingambit|brn
|move|p1a: Kingambit|Kowtow Cleave|p2a: Cinderace
|-damage|p2a: Cinderace|40/100 par
|
|-heal|p1a: Kingambit|32/100 brn|[from] item: Leftovers
|-damage|p1a: Kingambit|26/100 brn|[from] brn
|upkeep
|turn|32
|
|t:|1759010110
|move|p2a: Cinderace|Court Change|p2a: Cinderace
|-swapsideconditions
|-activate|p2a: Cinderace|move: Court Change
|move|p1a: Kingambit|Kowtow Cleave|p2a: Cinderace
|-damage|p2a: Cinderace|3/100 par
|
|-heal|p1a: Kingambit|32/100 brn|[from] item: Leftovers
|-damage|p1a: Kingambit|26/100 brn|[from] brn
|upkeep
|turn|33
|
|t:|1759010116
|move|p2a: Cinderace|Pyro Ball|p1a: Kingambit
|-supereffective|p1a: Kingambit
|-damage|p1a: Kingambit|0 fnt
|faint|p1a: Kingambit
|-end|p1a: Kingambit|fallen2|[silent]
|
|upkeep
|
|t:|1759010119
|switch|p1a: Great Tusk|Great Tusk|95/100
|turn|34
|
|t:|1759010122
|move|p1a: Great Tusk|Rapid Spin|p2a: Cinderace
|-damage|p2a: Cinderace|0 fnt
|-boost|p1a: Great Tusk|spe|1
|-sideend|p1: flan727|Stealth Rock|[from] move: Rapid Spin|[of] p1a: Great Tusk
|faint|p2a: Cinderace
|
|upkeep
|
|t:|1759010128
|switch|p2a: Ting-Lu|Ting-Lu|61/100
|-ability|p2a: Ting-Lu|Vessel of Ruin
|turn|35
|c|☆flan727|gg
|-message|jrg123 forfeited.
|
|win|flan727
|raw|flan727's rating: 1652 &rarr; <strong>1670</strong><br />(+18 for winning)
|raw|jrg123's rating: 1614 &rarr; <strong>1596</strong><br />(-18 for losing)
|l|☆jrg123
|player|p2|
