|j|☆the shoes
|j|☆mismanette
|t:|1758922563
|gametype|singles
|player|p1|the shoes|silver|1096
|player|p2|mismanette|dawn|1134
|gen|9
|tier|[Gen 9] OU
|rated|
|rule|HP Percentage Mod: HP is shown in percentages
|rule|Endless Battle Clause: Forcing endless battles is banned
|rule|Species Clause: Limit one of each Pokémon
|rule|OHKO Clause: OHKO moves are banned
|rule|Evasion Items Clause: Evasion items are banned
|rule|Evasion Moves Clause: Evasion moves are banned
|rule|Evasion Abilities Clause: Evasion abilities are banned
|rule|Sleep Moves Clause: Sleep-inducing moves are banned
|clearpoke
|poke|p1|Samurott-Hisui, M|
|poke|p1|Ogerpon-Wellspring, F|
|poke|p1|Kingambit, F|
|poke|p1|Araquanid, F|
|poke|p1|Gliscor, M|
|poke|p1|Enamorus, F|
|poke|p2|Clefable, F|
|poke|p2|Dragonite, M|
|poke|p2|Great Tusk|
|poke|p2|Serperior, M|
|poke|p2|Mandibuzz, F|
|poke|p2|Skeledirge, M|
|teampreview
|c|☆mismanette|glhf
|
|t:|1758922572
|teamsize|p1|6
|teamsize|p2|6
|start
|switch|p1a: Araquanid|Araquanid, F|100/100
|switch|p2a: Great Tusk|Great Tusk|100/100
|turn|1
|
|t:|1758922584
|move|p2a: Great Tusk|Knock Off|p1a: Araquanid
|-damage|p1a: Araquanid|70/100
|-enditem|p1a: Araquanid|Leftovers|[from] move: Knock Off|[of] p2a: Great Tusk
|move|p1a: Araquanid|Sticky Web|p2a: Great Tusk
|-sidestart|p2: mismanette|move: Sticky Web
|
|upkeep
|turn|2
|
|t:|1758922594
|move|p2a: Great Tusk|Rapid Spin|p1a: Araquanid
|-damage|p1a: Araquanid|53/100
|-boost|p2a: Great Tusk|spe|1
|-sideend|p2: mismanette|Sticky Web|[from] move: Rapid Spin|[of] p2a: Great Tusk
|move|p1a: Araquanid|Liquidation|p2a: Great Tusk
|-supereffective|p2a: Great Tusk
|-damage|p2a: Great Tusk|36/100
|-unboost|p2a: Great Tusk|def|1
|
|upkeep
|turn|3
|
|t:|1758922612
|-end|p2a: Great Tusk|Protosynthesis|[silent]
|switch|p2a: Mandibuzz|Mandibuzz, F|100/100
|move|p1a: Araquanid|Endeavor|p2a: Mandibuzz
|-damage|p2a: Mandibuzz|38/100
|
|-heal|p2a: Mandibuzz|44/100|[from] item: Leftovers
|upkeep
|turn|4
|
|t:|1758922620
|move|p2a: Mandibuzz|Roost|p2a: Mandibuzz
|-heal|p2a: Mandibuzz|94/100
|-singleturn|p2a: Mandibuzz|move: Roost
|move|p1a: Araquanid|Endeavor|p2a: Mandibuzz
|-damage|p2a: Mandibuzz|38/100
|
|-heal|p2a: Mandibuzz|44/100|[from] item: Leftovers
|upkeep
|turn|5
|
|t:|1758922630
|move|p2a: Mandibuzz|Toxic|p1a: Araquanid
|-status|p1a: Araquanid|tox
|move|p1a: Araquanid|Sticky Web|p2a: Mandibuzz
|-sidestart|p2: mismanette|move: Sticky Web
|
|-heal|p2a: Mandibuzz|50/100|[from] item: Leftovers
|-damage|p1a: Araquanid|47/100 tox|[from] psn
|upkeep
|turn|6
|
|t:|1758922640
|move|p2a: Mandibuzz|Roost|p2a: Mandibuzz
|-heal|p2a: Mandibuzz|99/100
|-singleturn|p2a: Mandibuzz|move: Roost
|move|p1a: Araquanid|Endeavor|p2a: Mandibuzz
|-damage|p2a: Mandibuzz|33/100
|
|-heal|p2a: Mandibuzz|40/100|[from] item: Leftovers
|-damage|p1a: Araquanid|35/100 tox|[from] psn
|upkeep
|turn|7
|
|t:|1758922652
|move|p2a: Mandibuzz|Defog|p1a: Araquanid
|-unboost|p1a: Araquanid|evasion|1
|-sideend|p2: mismanette|Sticky Web|[from] move: Defog|[of] p2a: Mandibuzz
|move|p1a: Araquanid|Liquidation|p2a: Mandibuzz
|-damage|p2a: Mandibuzz|6/100
|
|-heal|p2a: Mandibuzz|12/100|[from] item: Leftovers
|-damage|p1a: Araquanid|17/100 tox|[from] psn
|upkeep
|turn|8
|
|t:|1758922662
|move|p2a: Mandibuzz|Roost|p2a: Mandibuzz
|-heal|p2a: Mandibuzz|62/100
|-singleturn|p2a: Mandibuzz|move: Roost
|move|p1a: Araquanid|Sticky Web|p2a: Mandibuzz
|-sidestart|p2: mismanette|move: Sticky Web
|
|-heal|p2a: Mandibuzz|68/100|[from] item: Leftovers
|-damage|p1a: Araquanid|0 fnt|[from] psn
|faint|p1a: Araquanid
|upkeep
|
|t:|1758922680
|switch|p1a: Enamorus|Enamorus, F|100/100
|turn|9
|
|t:|1758922692
|-terastallize|p1a: Enamorus|Fairy
|move|p1a: Enamorus|Draining Kiss|p2a: Mandibuzz
|-supereffective|p2a: Mandibuzz
|-crit|p2a: Mandibuzz
|-damage|p2a: Mandibuzz|0 fnt
|faint|p2a: Mandibuzz
|
|upkeep
|
|t:|1758922699
|switch|p2a: Skeledirge|Skeledirge, M|100/100
|turn|10
|
|t:|1758922704
|move|p1a: Enamorus|Earth Power|p2a: Skeledirge
|-supereffective|p2a: Skeledirge
|-damage|p2a: Skeledirge|44/100
|move|p2a: Skeledirge|Will-O-Wisp|p1a: Enamorus
|-status|p1a: Enamorus|brn
|
|-damage|p1a: Enamorus|94/100 brn|[from] brn
|upkeep
|turn|11
|
|t:|1758922714
|move|p1a: Enamorus|Earth Power|p2a: Skeledirge
|-supereffective|p2a: Skeledirge
|-damage|p2a: Skeledirge|0 fnt
|faint|p2a: Skeledirge
|
|-heal|p1a: Enamorus|100/100 brn|[from] item: Leftovers
|-damage|p1a: Enamorus|94/100 brn|[from] brn
|upkeep
|
|t:|1758922721
|switch|p2a: Serperior|Serperior, M|100/100
|-activate|p2a: Serperior|move: Sticky Web
|-boost|p2a: Serperior|spe|1
|turn|12
|
|t:|1758922730
|move|p2a: Serperior|Leaf Storm|p1a: Enamorus
|-damage|p1a: Enamorus|26/100 brn
|-boost|p2a: Serperior|spa|2
|move|p1a: Enamorus|Draining Kiss|p2a: Serperior
|-damage|p2a: Serperior|52/100
|-heal|p1a: Enamorus|63/100 brn|[from] drain|[of] p2a: Serperior
|
|-heal|p2a: Serperior|58/100|[from] item: Leftovers
|-heal|p1a: Enamorus|70/100 brn|[from] item: Leftovers
|-damage|p1a: Enamorus|63/100 brn|[from] brn
|upkeep
|turn|13
|
|t:|1758922772
|move|p2a: Serperior|Leaf Storm|p1a: Enamorus|[miss]
|-miss|p2a: Serperior|p1a: Enamorus
|move|p1a: Enamorus|Draining Kiss|p2a: Serperior
|-damage|p2a: Serperior|1/100
|-heal|p1a: Enamorus|100/100 brn|[from] drain|[of] p2a: Serperior
|
|-heal|p2a: Serperior|7/100|[from] item: Leftovers
|-damage|p1a: Enamorus|94/100 brn|[from] brn
|upkeep
|turn|14
|
|t:|1758922782
|move|p2a: Serperior|Leaf Storm|p1a: Enamorus
|-damage|p1a: Enamorus|0 fnt
|-boost|p2a: Serperior|spa|2
|faint|p1a: Enamorus
|
|-heal|p2a: Serperior|13/100|[from] item: Leftovers
|upkeep
|
|t:|1758922793
|switch|p1a: Samurott|Samurott-Hisui, M|100/100
|turn|15
|
|t:|1758922797
|move|p1a: Samurott|Sucker Punch||[still]
|-fail|p1a: Samurott
|move|p2a: Serperior|Glare|p1a: Samurott
|-status|p1a: Samurott|par
|
|-heal|p2a: Serperior|19/100|[from] item: Leftovers
|upkeep
|turn|16
|
|t:|1758922805
|move|p1a: Samurott|Sucker Punch|p2a: Serperior
|-damage|p2a: Serperior|0 fnt
|faint|p2a: Serperior
|
|upkeep
|
|t:|1758922809
|switch|p2a: Great Tusk|Great Tusk|36/100
|-activate|p2a: Great Tusk|move: Sticky Web
|-unboost|p2a: Great Tusk|spe|1
|turn|17
|
|t:|1758922821
|move|p2a: Great Tusk|Rapid Spin|p1a: Samurott
|-damage|p1a: Samurott|83/100 par
|-boost|p2a: Great Tusk|spe|1
|-sideend|p2: mismanette|Sticky Web|[from] move: Rapid Spin|[of] p2a: Great Tusk
|move|p1a: Samurott|Aqua Cutter|p2a: Great Tusk
|-supereffective|p2a: Great Tusk
|-damage|p2a: Great Tusk|0 fnt
|faint|p2a: Great Tusk
|-end|p2a: Great Tusk|Protosynthesis|[silent]
|
|-heal|p1a: Samurott|89/100 par|[from] item: Leftovers
|upkeep
|
|t:|1758922832
|switch|p2a: Clefable|Clefable, F|100/100
|turn|18
|
|t:|1758922841
|move|p2a: Clefable|Calm Mind|p2a: Clefable
|-boost|p2a: Clefable|spa|1
|-boost|p2a: Clefable|spd|1
|move|p1a: Samurott|Swords Dance|p1a: Samurott
|-boost|p1a: Samurott|atk|2
|
|-heal|p1a: Samurott|95/100 par|[from] item: Leftovers
|upkeep
|turn|19
|l|☆the shoes
|player|p1|
|j|☆the shoes
|player|p1|the shoes|silver|
|
|t:|1758922887
|move|p2a: Clefable|Moonblast|p1a: Samurott
|-supereffective|p1a: Samurott
|-damage|p1a: Samurott|0 fnt
|faint|p1a: Samurott
|
|upkeep
|
|t:|1758922904
|switch|p1a: Ogerpon|Ogerpon-Wellspring, F|100/100
|turn|20
|
|t:|1758922912
|move|p1a: Ogerpon|Swords Dance|p1a: Ogerpon
|-boost|p1a: Ogerpon|atk|2
|move|p2a: Clefable|Fire Blast|p1a: Ogerpon
|-damage|p1a: Ogerpon|33/100
|-status|p1a: Ogerpon|brn
|
|-damage|p1a: Ogerpon|27/100 brn|[from] brn
|upkeep
|turn|21
|
|t:|1758922923
|move|p1a: Ogerpon|Horn Leech|p2a: Clefable
|-damage|p2a: Clefable|57/100
|-heal|p1a: Ogerpon|53/100 brn|[from] drain|[of] p2a: Clefable
|move|p2a: Clefable|Calm Mind|p2a: Clefable
|-boost|p2a: Clefable|spa|1
|-boost|p2a: Clefable|spd|1
|
|-damage|p1a: Ogerpon|47/100 brn|[from] brn
|upkeep
|turn|22
|
|t:|1758922934
|move|p1a: Ogerpon|Horn Leech|p2a: Clefable
|-damage|p2a: Clefable|13/100
|-heal|p1a: Ogerpon|74/100 brn|[from] drain|[of] p2a: Clefable
|move|p2a: Clefable|Moonblast|p1a: Ogerpon
|-damage|p1a: Ogerpon|0 fnt
|faint|p1a: Ogerpon
|
|upkeep
|
|t:|1758922945
|switch|p1a: Gliscor|Gliscor, M|100/100
|turn|23
|
|t:|1758922952
|move|p1a: Gliscor|Substitute|p1a: Gliscor
|-start|p1a: Gliscor|Substitute
|-damage|p1a: Gliscor|75/100
|move|p2a: Clefable|Fire Blast|p1a: Gliscor
|-end|p1a: Gliscor|Substitute
|
|-status|p1a: Gliscor|tox|[from] item: Toxic Orb
|upkeep
|turn|24
|
|t:|1758922962
|move|p1a: Gliscor|Substitute|p1a: Gliscor
|-start|p1a: Gliscor|Substitute
|-damage|p1a: Gliscor|50/100 tox
|move|p2a: Clefable|Moonlight|p2a: Clefable
|-heal|p2a: Clefable|63/100
|
|-heal|p1a: Gliscor|63/100 tox|[from] ability: Poison Heal
|upkeep
|turn|25
|
|t:|1758922971
|move|p1a: Gliscor|Swords Dance|p1a: Gliscor
|-boost|p1a: Gliscor|atk|2
|move|p2a: Clefable|Moonblast|p1a: Gliscor
|-end|p1a: Gliscor|Substitute
|
|-heal|p1a: Gliscor|75/100 tox|[from] ability: Poison Heal
|upkeep
|turn|26
|
|t:|1758922980
|move|p1a: Gliscor|Facade|p2a: Clefable
|-damage|p2a: Clefable|4/100
|move|p2a: Clefable|Moonblast|p1a: Gliscor
|-crit|p1a: Gliscor
|-damage|p1a: Gliscor|0 fnt
|faint|p1a: Gliscor
|
|upkeep
|
|t:|1758922988
|switch|p1a: Kingambit|Kingambit, F|100/100
|-activate|p1a: Kingambit|ability: Supreme Overlord
|-start|p1a: Kingambit|fallen5|[silent]
|turn|27
|
|t:|1758922996
|move|p2a: Clefable|Moonlight|p2a: Clefable
|-heal|p2a: Clefable|54/100
|move|p1a: Kingambit|Swords Dance|p1a: Kingambit
|-boost|p1a: Kingambit|atk|2
|
|upkeep
|turn|28
|
|t:|1758923003
|move|p2a: Clefable|Fire Blast|p1a: Kingambit
|-supereffective|p1a: Kingambit
|-enditem|p1a: Kingambit|Focus Sash
|-damage|p1a: Kingambit|1/100
|move|p1a: Kingambit|Iron Head|p2a: Clefable
|-supereffective|p2a: Clefable
|-damage|p2a: Clefable|0 fnt
|faint|p2a: Clefable
|
|upkeep
|
|t:|1758923011
|switch|p2a: Dragonite|Dragonite, M|100/100
|turn|29
|
|t:|1758923019
|move|p2a: Dragonite|Extreme Speed|p1a: Kingambit
|-resisted|p1a: Kingambit
|-damage|p1a: Kingambit|0 fnt
|faint|p1a: Kingambit
|-end|p1a: Kingambit|fallen5|[silent]
|
|win|mismanette
|raw|the shoes's rating: 1096 &rarr; <strong>1074</strong><br />(-22 for losing)
|raw|mismanette's rating: 1134 &rarr; <strong>1156</strong><br />(+22 for winning)
|c|☆mismanette|gg
|c|☆the shoes|Gg wp
