|j|☆tommy3002
|j|☆Jinx Havoc
|t:|1758970881
|gametype|singles
|player|p1|tommy3002|supernerd|1085
|player|p2|Jinx Havoc|rocketgruntf|1171
|gen|9
|tier|[Gen 9] OU
|rated|
|rule|HP Percentage Mod: HP is shown in percentages
|rule|Endless Battle Clause: Forcing endless battles is banned
|rule|Species Clause: Limit one of each Pokémon
|rule|OHKO Clause: OHKO moves are banned
|rule|Evasion Items Clause: Evasion items are banned
|rule|Evasion Moves Clause: Evasion moves are banned
|rule|Evasion Abilities Clause: Evasion abilities are banned
|rule|Sleep Moves Clause: Sleep-inducing moves are banned
|clearpoke
|poke|p1|Corviknight, M|
|poke|p1|Clodsire, M|
|poke|p1|Kingambit, M|
|poke|p1|Gholdengo|
|poke|p1|Dragonite, F|
|poke|p1|Iron Moth|
|poke|p2|Crawdaunt, F|
|poke|p2|Rhyperior, F|
|poke|p2|Dragalge, F|
|poke|p2|Porygon2|
|poke|p2|Gengar, F|
|poke|p2|Dusclops, F|
|teampreview
|inactive|Battle timer is ON: inactive players will automatically lose when time's up. (requested by tommy3002)
|
|t:|1758970897
|teamsize|p1|6
|teamsize|p2|6
|start
|switch|p1a: Clodsire|Clodsire, M|100/100
|switch|p2a: Gengar|Gengar, F|100/100
|turn|1
|
|t:|1758970912
|move|p2a: Gengar|Shadow Ball|p1a: Clodsire
|-damage|p1a: Clodsire|77/100
|move|p1a: Clodsire|Stealth Rock|p2a: Gengar
|-sidestart|p2: Jinx Havoc|move: Stealth Rock
|
|-heal|p1a: Clodsire|83/100|[from] item: Leftovers
|upkeep
|turn|2
|
|t:|1758970926
|move|p1a: Clodsire|Earthquake|p2a: Gengar
|-supereffective|p2a: Gengar
|-enditem|p2a: Gengar|Focus Sash
|-damage|p2a: Gengar|1/100
|-start|p1a: Clodsire|Disable|Earthquake|[from] ability: Cursed Body|[of] p2a: Gengar
|move|p2a: Gengar|Trick Room|p2a: Gengar
|-fieldstart|move: Trick Room|[of] p2a: Gengar
|
|-heal|p1a: Clodsire|90/100|[from] item: Leftovers
|upkeep
|turn|3
|
|t:|1758970940
|switch|p1a: Corviknight|Corviknight, M|100/100
|-ability|p1a: Corviknight|Pressure
|move|p2a: Gengar|Curse|p1a: Corviknight
|-start|p1a: Corviknight|Curse|[of] p2a: Gengar
|-damage|p2a: Gengar|0 fnt
|faint|p2a: Gengar
|
|-damage|p1a: Corviknight|76/100|[from] Curse
|upkeep
|
|t:|1758970951
|switch|p2a: Crawdaunt|Crawdaunt, F|100/100
|-damage|p2a: Crawdaunt|88/100|[from] Stealth Rock
|turn|4
|
|t:|1758970958
|switch|p1a: Dragonite|Dragonite, F|100/100
|move|p2a: Crawdaunt|Knock Off|p1a: Dragonite
|-damage|p1a: Dragonite|52/100
|-enditem|p1a: Dragonite|Heavy-Duty Boots|[from] move: Knock Off|[of] p2a: Crawdaunt
|-damage|p2a: Crawdaunt|78/100|[from] item: Life Orb
|
|upkeep
|turn|5
|
|t:|1758970968
|switch|p1a: Corviknight|Corviknight, M|76/100
|-ability|p1a: Corviknight|Pressure
|move|p2a: Crawdaunt|Knock Off|p1a: Corviknight
|-damage|p1a: Corviknight|21/100
|-damage|p2a: Crawdaunt|61/100|[from] item: Rocky Helmet|[of] p1a: Corviknight
|-enditem|p1a: Corviknight|Rocky Helmet|[from] move: Knock Off|[of] p2a: Crawdaunt
|-damage|p2a: Crawdaunt|51/100|[from] item: Life Orb
|
|upkeep
|turn|6
|
|t:|1758970979
|move|p2a: Crawdaunt|Knock Off|p1a: Corviknight
|-damage|p1a: Corviknight|0 fnt
|faint|p1a: Corviknight
|-damage|p2a: Crawdaunt|41/100|[from] item: Life Orb
|
|-fieldend|move: Trick Room
|upkeep
|
|t:|1758970983
|switch|p1a: Dragonite|Dragonite, F|52/100
|turn|7
|
|t:|1758970987
|move|p1a: Dragonite|Extreme Speed|p2a: Crawdaunt
|-damage|p2a: Crawdaunt|2/100
|move|p2a: Crawdaunt|Crabhammer|p1a: Dragonite
|-resisted|p1a: Dragonite
|-crit|p1a: Dragonite
|-damage|p1a: Dragonite|0 fnt
|faint|p1a: Dragonite
|-damage|p2a: Crawdaunt|0 fnt|[from] item: Life Orb
|faint|p2a: Crawdaunt
|
|upkeep
|
|t:|1758970996
|switch|p1a: Clodsire|Clodsire, M|90/100
|switch|p2a: Dusclops|Dusclops, F, shiny|100/100
|-damage|p2a: Dusclops|88/100|[from] Stealth Rock
|-ability|p2a: Dusclops|Pressure
|turn|8
|
|t:|1758971018
|move|p2a: Dusclops|Will-O-Wisp|p1a: Clodsire
|-status|p1a: Clodsire|brn
|move|p1a: Clodsire|Toxic|p2a: Dusclops
|-status|p2a: Dusclops|tox
|
|-heal|p1a: Clodsire|96/100 brn|[from] item: Leftovers
|-damage|p2a: Dusclops|82/100 tox|[from] psn
|-damage|p1a: Clodsire|90/100 brn|[from] brn
|upkeep
|turn|9
|inactive|tommy3002 has 120 seconds left.
|
|t:|1758971049
|move|p1a: Clodsire|Earthquake|p2a: Dusclops
|-damage|p2a: Dusclops|75/100 tox
|move|p2a: Dusclops|Trick Room|p2a: Dusclops
|-fieldstart|move: Trick Room|[of] p2a: Dusclops
|
|-heal|p1a: Clodsire|96/100 brn|[from] item: Leftovers
|-damage|p2a: Dusclops|63/100 tox|[from] psn
|-damage|p1a: Clodsire|90/100 brn|[from] brn
|upkeep
|turn|10
|
|t:|1758971057
|move|p1a: Clodsire|Earthquake|p2a: Dusclops
|-damage|p2a: Dusclops|55/100 tox
|move|p2a: Dusclops|Pain Split|p1a: Clodsire
|-sethp|p1a: Clodsire|62/100 brn|[from] move: Pain Split|[silent]
|-sethp|p2a: Dusclops|100/100 tox|[from] move: Pain Split
|
|-heal|p1a: Clodsire|68/100 brn|[from] item: Leftovers
|-damage|p2a: Dusclops|83/100 tox|[from] psn
|-damage|p1a: Clodsire|62/100 brn|[from] brn
|upkeep
|turn|11
|
|t:|1758971068
|switch|p1a: Gholdengo|Gholdengo|100/100
|switch|p2a: Dragalge|Dragalge, F|100/100
|-damage|p2a: Dragalge|88/100|[from] Stealth Rock
|
|upkeep
|turn|12
|
|t:|1758971079
|move|p2a: Dragalge|Draco Meteor|p1a: Gholdengo
|-resisted|p1a: Gholdengo
|-damage|p1a: Gholdengo|37/100
|-unboost|p2a: Dragalge|spa|2
|-damage|p2a: Dragalge|78/100|[from] item: Life Orb
|move|p1a: Gholdengo|Trick|p2a: Dragalge
|-activate|p1a: Gholdengo|move: Trick|[of] p2a: Dragalge
|-item|p2a: Dragalge|Choice Scarf|[from] move: Trick
|-item|p1a: Gholdengo|Life Orb|[from] move: Trick
|
|upkeep
|turn|13
|
|t:|1758971091
|switch|p2a: Porygon2|Porygon2|100/100
|-damage|p2a: Porygon2|88/100|[from] Stealth Rock
|-ability|p2a: Porygon2|Good as Gold|Trace|[from] ability: Trace|[of] p1a: Gholdengo
|move|p1a: Gholdengo|Make It Rain|p2a: Porygon2
|-damage|p2a: Porygon2|41/100
|-unboost|p1a: Gholdengo|spa|1
|-damage|p1a: Gholdengo|27/100|[from] item: Life Orb
|
|-fieldend|move: Trick Room
|upkeep
|turn|14
|
|t:|1758971102
|move|p1a: Gholdengo|Make It Rain|p2a: Porygon2
|-damage|p2a: Porygon2|14/100
|-unboost|p1a: Gholdengo|spa|1
|-damage|p1a: Gholdengo|18/100|[from] item: Life Orb
|move|p2a: Porygon2|Recover|p2a: Porygon2
|-heal|p2a: Porygon2|64/100
|
|upkeep
|turn|15
|
|t:|1758971111
|switch|p1a: Clodsire|Clodsire, M|62/100 brn
|move|p2a: Porygon2|Trick Room|p2a: Porygon2
|-fieldstart|move: Trick Room|[of] p2a: Porygon2
|
|-heal|p1a: Clodsire|68/100 brn|[from] item: Leftovers
|-damage|p1a: Clodsire|62/100 brn|[from] brn
|upkeep
|turn|16
|
|t:|1758971123
|switch|p2a: Dusclops|Dusclops, F, shiny|83/100 tox
|-damage|p2a: Dusclops|70/100 tox|[from] Stealth Rock
|-ability|p2a: Dusclops|Pressure
|move|p1a: Clodsire|Toxic|p2a: Dusclops
|-fail|p2a: Dusclops|tox
|
|-heal|p1a: Clodsire|68/100 brn|[from] item: Leftovers
|-damage|p2a: Dusclops|64/100 tox|[from] psn
|-damage|p1a: Clodsire|62/100 brn|[from] brn
|upkeep
|turn|17
|
|t:|1758971128
|switch|p1a: Kingambit|Kingambit, M|100/100
|-activate|p1a: Kingambit|ability: Supreme Overlord
|-start|p1a: Kingambit|fallen2|[silent]
|move|p2a: Dusclops|Night Shade|p1a: Kingambit
|-damage|p1a: Kingambit|76/100
|
|-damage|p2a: Dusclops|52/100 tox|[from] psn
|upkeep
|turn|18
|
|t:|1758971131
|move|p2a: Dusclops|Will-O-Wisp|p1a: Kingambit
|-status|p1a: Kingambit|brn
|move|p1a: Kingambit|Swords Dance|p1a: Kingambit
|-boost|p1a: Kingambit|atk|2
|
|-damage|p2a: Dusclops|34/100 tox|[from] psn
|-damage|p1a: Kingambit|70/100 brn|[from] brn
|upkeep
|turn|19
|
|t:|1758971135
|move|p1a: Kingambit|Sucker Punch||[still]
|-fail|p1a: Kingambit
|move|p2a: Dusclops|Pain Split|p1a: Kingambit
|-sethp|p1a: Kingambit|47/100 brn|[from] move: Pain Split|[silent]
|-sethp|p2a: Dusclops|66/100 tox|[from] move: Pain Split
|
|-damage|p2a: Dusclops|42/100 tox|[from] psn
|-damage|p1a: Kingambit|41/100 brn|[from] brn
|-fieldend|move: Trick Room
|upkeep
|turn|20
|-message|tommy3002 forfeited.
|
|win|Jinx Havoc
|raw|tommy3002's rating: 1085 &rarr; <strong>1068</strong><br />(-17 for losing)
|raw|Jinx Havoc's rating: 1171 &rarr; <strong>1190</strong><br />(+19 for winning)
|l|☆tommy3002
|player|p1|
|l|☆Jinx Havoc
|player|p2|
