|j|☆Bode astupido v3
|j|☆Everystaraneye
|t:|1759001968
|gametype|singles
|player|p1|Bode astupido v3|skyla|1188
|player|p2|Everystaraneye|hilda-wonderlauncher|1244
|gen|9
|tier|[Gen 9] OU
|rated|
|rule|HP Percentage Mod: HP is shown in percentages
|rule|Endless Battle Clause: Forcing endless battles is banned
|rule|Species Clause: Limit one of each Pokémon
|rule|OHKO Clause: OHKO moves are banned
|rule|Evasion Items Clause: Evasion items are banned
|rule|Evasion Moves Clause: Evasion moves are banned
|rule|Evasion Abilities Clause: Evasion abilities are banned
|rule|Sleep Moves Clause: Sleep-inducing moves are banned
|clearpoke
|poke|p1|Ninetales, M|
|poke|p1|Torkoal, F|
|poke|p1|Great Tusk|
|poke|p1|Walking Wake|
|poke|p1|Scream Tail|
|poke|p1|Leavanny, F|
|poke|p2|Great Tusk|
|poke|p2|Metagross|
|poke|p2|Ogerpon-Wellspring, F|
|poke|p2|Weezing-Galar, F|
|poke|p2|Darkrai|
|poke|p2|Clefable, M|
|teampreview
|inactive|Battle timer is ON: inactive players will automatically lose when time's up. (requested by Bode astupido v3)
|
|t:|1759001983
|teamsize|p1|6
|teamsize|p2|6
|start
|switch|p1a: Torkoal|Torkoal, F|100/100
|switch|p2a: Machiavelli|Great Tusk|100/100
|-weather|SunnyDay|[from] ability: Drought|[of] p1a: Torkoal
|-activate|p2a: Machiavelli|ability: Protosynthesis
|-start|p2a: Machiavelli|protosynthesisatk
|turn|1
|
|t:|1759002000
|switch|p1a: Leavanny|Leavanny, F|100/100
|move|p2a: Machiavelli|Headlong Rush|p1a: Leavanny
|-resisted|p1a: Leavanny
|-damage|p1a: Leavanny|72/100
|-unboost|p2a: Machiavelli|def|1
|-unboost|p2a: Machiavelli|spd|1
|
|-weather|SunnyDay|[upkeep]
|upkeep
|turn|2
|
|t:|1759002015
|-end|p2a: Machiavelli|Protosynthesis|[silent]
|switch|p2a: Aquinas|Metagross|100/100
|move|p1a: Leavanny|Triple Axel|p2a: Aquinas
|-resisted|p2a: Aquinas
|-damage|p2a: Aquinas|97/100
|-resisted|p2a: Aquinas
|-damage|p2a: Aquinas|90/100
|-resisted|p2a: Aquinas
|-damage|p2a: Aquinas|79/100
|-hitcount|p2a: Aquinas|3
|
|-weather|SunnyDay|[upkeep]
|upkeep
|turn|3
|
|t:|1759002025
|switch|p1a: Great Tusk|Great Tusk|100/100
|-activate|p1a: Great Tusk|ability: Protosynthesis
|-start|p1a: Great Tusk|protosynthesisatk
|move|p2a: Aquinas|Heavy Slam|p1a: Great Tusk
|-damage|p1a: Great Tusk|82/100
|
|-weather|SunnyDay|[upkeep]
|upkeep
|turn|4
|
|t:|1759002043
|switch|p2a: Camus|Clefable, M|100/100
|move|p1a: Great Tusk|Earthquake|p2a: Camus
|-damage|p2a: Camus|51/100
|
|-weather|SunnyDay|[upkeep]
|-heal|p2a: Camus|57/100|[from] item: Leftovers
|upkeep
|turn|5
|inactive|Bode astupido v3 has 120 seconds left.
|
|t:|1759002082
|-end|p1a: Great Tusk|Protosynthesis|[silent]
|switch|p1a: Scream Tail|Scream Tail|100/100
|-activate|p1a: Scream Tail|ability: Protosynthesis
|-start|p1a: Scream Tail|protosynthesisspd
|move|p2a: Camus|Moonblast|p1a: Scream Tail
|-damage|p1a: Scream Tail|86/100
|
|-weather|SunnyDay|[upkeep]
|-heal|p1a: Scream Tail|93/100|[from] item: Leftovers
|-heal|p2a: Camus|63/100|[from] item: Leftovers
|upkeep
|turn|6
|
|t:|1759002094
|move|p1a: Scream Tail|Encore|p2a: Camus
|-start|p2a: Camus|Encore
|move|p2a: Camus|Moonblast|p1a: Scream Tail
|-damage|p1a: Scream Tail|78/100
|
|-weather|SunnyDay|[upkeep]
|-heal|p1a: Scream Tail|84/100|[from] item: Leftovers
|-heal|p2a: Camus|69/100|[from] item: Leftovers
|upkeep
|turn|7
|
|t:|1759002105
|switch|p2a: Aquinas|Metagross|79/100
|move|p1a: Scream Tail|Dazzling Gleam|p2a: Aquinas
|-resisted|p2a: Aquinas
|-damage|p2a: Aquinas|72/100
|
|-weather|SunnyDay|[upkeep]
|-heal|p1a: Scream Tail|90/100|[from] item: Leftovers
|upkeep
|turn|8
|inactive|Bode astupido v3 has 120 seconds left.
|
|t:|1759002110
|move|p1a: Scream Tail|Protect|p1a: Scream Tail
|-singleturn|p1a: Scream Tail|Protect
|move|p2a: Aquinas|Heavy Slam|p1a: Scream Tail
|-activate|p1a: Scream Tail|move: Protect
|
|-weather|none
|-end|p1a: Scream Tail|Protosynthesis
|-heal|p1a: Scream Tail|97/100|[from] item: Leftovers
|upkeep
|turn|9
|
|t:|1759002118
|-end|p1a: Scream Tail|Protosynthesis|[silent]
|switch|p1a: Torkoal|Torkoal, F|100/100
|-weather|SunnyDay|[from] ability: Drought|[of] p1a: Torkoal
|move|p2a: Aquinas|Heavy Slam|p1a: Torkoal
|-resisted|p1a: Torkoal
|-damage|p1a: Torkoal|82/100
|
|-weather|SunnyDay|[upkeep]
|upkeep
|turn|10
|
|t:|1759002126
|switch|p2a: Machiavelli|Great Tusk|100/100
|-activate|p2a: Machiavelli|ability: Protosynthesis
|-start|p2a: Machiavelli|protosynthesisatk
|move|p1a: Torkoal|Lava Plume|p2a: Machiavelli
|-damage|p2a: Machiavelli|49/100
|
|-weather|SunnyDay|[upkeep]
|upkeep
|turn|11
|
|t:|1759002139
|move|p2a: Machiavelli|Ice Spinner|p1a: Torkoal
|-resisted|p1a: Torkoal
|-damage|p1a: Torkoal|72/100
|move|p1a: Torkoal|Lava Plume|p2a: Machiavelli
|-damage|p2a: Machiavelli|0 fnt
|faint|p2a: Machiavelli
|-end|p2a: Machiavelli|Protosynthesis|[silent]
|
|-weather|SunnyDay|[upkeep]
|upkeep
|
|t:|1759002159
|switch|p2a: Nietzsche|Darkrai|100/100
|turn|12
|inactive|Bode astupido v3 has 120 seconds left.
|
|t:|1759002200
|switch|p1a: Scream Tail|Scream Tail|97/100
|-activate|p1a: Scream Tail|ability: Protosynthesis
|-start|p1a: Scream Tail|protosynthesisspd
|move|p2a: Nietzsche|Nasty Plot|p2a: Nietzsche
|-boost|p2a: Nietzsche|spa|2
|
|-weather|SunnyDay|[upkeep]
|-heal|p1a: Scream Tail|100/100|[from] item: Leftovers
|upkeep
|turn|13
|
|t:|1759002218
|-terastallize|p2a: Nietzsche|Poison
|move|p2a: Nietzsche|Sludge Bomb|p1a: Scream Tail
|-supereffective|p1a: Scream Tail
|-damage|p1a: Scream Tail|6/100
|-status|p1a: Scream Tail|psn
|move|p1a: Scream Tail|Encore|p2a: Nietzsche
|-start|p2a: Nietzsche|Encore
|
|-weather|SunnyDay|[upkeep]
|-heal|p1a: Scream Tail|13/100 psn|[from] item: Leftovers
|-damage|p1a: Scream Tail|0 fnt|[from] psn
|faint|p1a: Scream Tail
|-end|p1a: Scream Tail|Protosynthesis|[silent]
|upkeep
|
|t:|1759002228
|switch|p1a: Great Tusk|Great Tusk|82/100
|-activate|p1a: Great Tusk|ability: Protosynthesis
|-start|p1a: Great Tusk|protosynthesisatk
|turn|14
|
|t:|1759002247
|-terastallize|p1a: Great Tusk|Steel
|move|p2a: Nietzsche|Sludge Bomb|p1a: Great Tusk
|-immune|p1a: Great Tusk
|move|p1a: Great Tusk|Earthquake|p2a: Nietzsche
|-supereffective|p2a: Nietzsche
|-damage|p2a: Nietzsche|0 fnt
|faint|p2a: Nietzsche
|
|-weather|SunnyDay|[upkeep]
|upkeep
|-message|Everystaraneye forfeited.
|
|win|Bode astupido v3
|raw|Bode astupido v3's rating: 1188 &rarr; <strong>1217</strong><br />(+29 for winning)
|raw|Everystaraneye's rating: 1244 &rarr; <strong>1215</strong><br />(-29 for losing)
|l|☆Everystaraneye
|player|p2|
