|j|☆ENF2
|j|‽SirPops
|t:|1758997637
|gametype|singles
|player|p1|ENF2|scientist-gen4dp|1080
|player|p2|SirPops|red|1090
|gen|9
|tier|[Gen 9] OU
|rated|
|rule|HP Percentage Mod: HP is shown in percentages
|rule|Endless Battle Clause: Forcing endless battles is banned
|rule|Species Clause: Limit one of each Pokémon
|rule|OHKO Clause: OHKO moves are banned
|rule|Evasion Items Clause: Evasion items are banned
|rule|Evasion Moves Clause: Evasion moves are banned
|rule|Evasion Abilities Clause: Evasion abilities are banned
|rule|Sleep Moves Clause: Sleep-inducing moves are banned
|clearpoke
|poke|p1|Iron Treads|
|poke|p1|Slowking-Galar, F|
|poke|p1|Gholdengo|
|poke|p1|Great Tusk|
|poke|p1|Weavile, M|
|poke|p1|Zapdos|
|poke|p2|Charizard, M|
|poke|p2|Pawmot, M|
|poke|p2|Sableye, M|
|poke|p2|Basculin-White-Striped, M|
|poke|p2|Weezing-Galar, F|
|poke|p2|Drowzee, F|
|teampreview
|inactive|Battle timer is ON: inactive players will automatically lose when time's up. (requested by SirPops)
|
|t:|1758997645
|teamsize|p1|6
|teamsize|p2|6
|start
|switch|p1a: Weavile|Weavile, M, shiny|100/100
|switch|p2a: Sableye|Sableye, M, shiny|100/100
|-ability|p1a: Weavile|Pressure
|turn|1
|
|t:|1758997650
|switch|p2a: Pawmot|Pawmot, M|100/100
|move|p1a: Weavile|Knock Off|p2a: Pawmot
|-resisted|p2a: Pawmot
|-damage|p2a: Pawmot|39/100
|-enditem|p2a: Pawmot|Punching Glove|[from] move: Knock Off|[of] p1a: Weavile
|
|upkeep
|turn|2
|
|t:|1758997659
|move|p2a: Pawmot|Mach Punch|p1a: Weavile
|-supereffective|p1a: Weavile
|-damage|p1a: Weavile|0 fnt
|faint|p1a: Weavile
|
|upkeep
|
|t:|1758997664
|switch|p1a: Slowking|Slowking-Galar, F|100/100
|turn|3
|
|t:|1758997669
|move|p2a: Pawmot|Thunder Punch|p1a: Slowking
|-damage|p1a: Slowking|69/100
|move|p1a: Slowking|Future Sight|p2a: Pawmot
|-start|p1a: Slowking|move: Future Sight
|
|upkeep
|turn|4
|
|t:|1758997676
|move|p2a: Pawmot|Thunder Punch|p1a: Slowking
|-damage|p1a: Slowking|32/100
|-prepare|p1a: Slowking|Chilly Reception|[premajor]
|move|p1a: Slowking|Chilly Reception|p1a: Slowking
|-weather|Snowscape
|
|t:|1758997686
|switch|p1a: Zapdos|Zapdos|100/100|[from] Chilly Reception
|
|-weather|Snowscape|[upkeep]
|upkeep
|turn|5
|
|t:|1758997691
|move|p2a: Pawmot|Ice Punch|p1a: Zapdos
|-supereffective|p1a: Zapdos
|-damage|p1a: Zapdos|33/100
|move|p1a: Zapdos|Hurricane|p2a: Pawmot
|-damage|p2a: Pawmot|0 fnt
|faint|p2a: Pawmot
|-damage|p1a: Zapdos|23/100|[from] item: Life Orb
|
|-weather|Snowscape|[upkeep]
|-hint|Future Sight did not hit because the target is fainted.
|upkeep
|
|t:|1758997699
|switch|p2a: Sableye|Sableye, M, shiny|100/100
|turn|6
|
|t:|1758997705
|move|p2a: Sableye|Trick|p1a: Zapdos
|-activate|p2a: Sableye|move: Trick|[of] p1a: Zapdos
|-item|p1a: Zapdos|Sticky Barb|[from] move: Trick
|-item|p2a: Sableye|Life Orb|[from] move: Trick
|move|p1a: Zapdos|Thunderbolt|p2a: Sableye
|-damage|p2a: Sableye|34/100
|
|-weather|Snowscape|[upkeep]
|-damage|p1a: Zapdos|10/100|[from] item: Sticky Barb
|upkeep
|turn|7
|
|t:|1758997717
|move|p2a: Sableye|Recover|p2a: Sableye
|-heal|p2a: Sableye|84/100
|move|p1a: Zapdos|Thunderbolt|p2a: Sableye
|-damage|p2a: Sableye|21/100
|
|-weather|Snowscape|[upkeep]
|-damage|p1a: Zapdos|0 fnt|[from] item: Sticky Barb
|faint|p1a: Zapdos
|upkeep
|
|t:|1758997724
|switch|p1a: Slowking|Slowking-Galar, F|65/100
|turn|8
|
|t:|1758997740
|move|p2a: Sableye|Recover|p2a: Sableye
|-heal|p2a: Sableye|71/100
|move|p1a: Slowking|Thunder Wave|p2a: Sableye
|-status|p2a: Sableye|par
|
|-weather|none
|upkeep
|turn|9
|
|t:|1758997753
|cant|p2a: Sableye|par
|move|p1a: Slowking|Flamethrower|p2a: Sableye
|-damage|p2a: Sableye|39/100 par
|
|upkeep
|turn|10
|inactive|SirPops has 120 seconds left.
|
|t:|1758997797
|move|p2a: Sableye|Recover|p2a: Sableye
|-heal|p2a: Sableye|89/100 par
|move|p1a: Slowking|Flamethrower|p2a: Sableye
|-damage|p2a: Sableye|56/100 par
|
|upkeep
|turn|11
|
|t:|1758997804
|-prepare|p1a: Slowking|Chilly Reception|[premajor]
|move|p1a: Slowking|Chilly Reception|p1a: Slowking
|-weather|Snowscape
|
|t:|1758997810
|switch|p1a: Gholdengo|Gholdengo|100/100|[from] Chilly Reception
|-item|p1a: Gholdengo|Air Balloon
|move|p2a: Sableye|Foul Play|p1a: Gholdengo
|-supereffective|p1a: Gholdengo
|-damage|p1a: Gholdengo|61/100
|-enditem|p1a: Gholdengo|Air Balloon
|-damage|p2a: Sableye|46/100 par|[from] item: Life Orb
|
|-weather|Snowscape|[upkeep]
|upkeep
|turn|12
|
|t:|1758997824
|move|p2a: Sableye|Recover|p2a: Sableye
|-heal|p2a: Sableye|96/100 par
|move|p1a: Gholdengo|Make It Rain|p2a: Sableye
|-crit|p2a: Sableye
|-damage|p2a: Sableye|0 fnt
|-unboost|p1a: Gholdengo|spa|1
|faint|p2a: Sableye
|
|-weather|Snowscape|[upkeep]
|upkeep
|
|t:|1758997828
|switch|p2a: Charizard|Charizard, M, shiny|100/100
|turn|13
|
|t:|1758997834
|switch|p1a: Slowking|Slowking-Galar, F|98/100
|move|p2a: Charizard|Substitute|p2a: Charizard
|-start|p2a: Charizard|Substitute
|-damage|p2a: Charizard|76/100
|
|-weather|Snowscape|[upkeep]
|upkeep
|turn|14
|
|t:|1758997848
|move|p2a: Charizard|Scorching Sands|p1a: Slowking
|-supereffective|p1a: Slowking
|-damage|p1a: Slowking|61/100
|move|p1a: Slowking|Future Sight|p2a: Charizard
|-start|p1a: Slowking|move: Future Sight
|
|-weather|Snowscape|[upkeep]
|upkeep
|turn|15
|
|t:|1758997855
|move|p2a: Charizard|Scorching Sands|p1a: Slowking
|-supereffective|p1a: Slowking
|-damage|p1a: Slowking|27/100
|-status|p1a: Slowking|brn
|-prepare|p1a: Slowking|Chilly Reception|[premajor]
|move|p1a: Slowking|Chilly Reception|p1a: Slowking
|
|t:|1758997859
|switch|p1a: Iron Treads|Iron Treads|100/100|[from] Chilly Reception
|-enditem|p1a: Iron Treads|Booster Energy
|-activate|p1a: Iron Treads|ability: Quark Drive|[fromitem]
|-start|p1a: Iron Treads|quarkdrivespe
|
|-weather|none
|upkeep
|turn|16
|
|t:|1758997867
|move|p1a: Iron Treads|Iron Head|p2a: Charizard
|-resisted|p2a: Charizard
|-end|p2a: Charizard|Substitute
|move|p2a: Charizard|Fire Blast|p1a: Iron Treads
|-supereffective|p1a: Iron Treads
|-damage|p1a: Iron Treads|0 fnt
|faint|p1a: Iron Treads
|-end|p1a: Iron Treads|Quark Drive|[silent]
|
|-end|p2a: Charizard|move: Future Sight
|-damage|p2a: Charizard|12/100
|upkeep
|
|t:|1758997873
|switch|p1a: Slowking|Slowking-Galar, F|60/100 brn
|turn|17
|
|t:|1758997875
|move|p2a: Charizard|Scorching Sands|p1a: Slowking
|-supereffective|p1a: Slowking
|-damage|p1a: Slowking|26/100 brn
|move|p1a: Slowking|Thunder Wave|p2a: Charizard
|-status|p2a: Charizard|par
|
|-damage|p1a: Slowking|20/100 brn|[from] brn
|upkeep
|turn|18
|
|t:|1758997888
|switch|p1a: Great Tusk|Great Tusk|100/100
|move|p2a: Charizard|Scorching Sands|p1a: Great Tusk
|-damage|p1a: Great Tusk|81/100
|
|upkeep
|turn|19
|
|t:|1758997895
|move|p1a: Great Tusk|Rapid Spin|p2a: Charizard
|-damage|p2a: Charizard|0 fnt
|-boost|p1a: Great Tusk|spe|1
|faint|p2a: Charizard
|
|upkeep
|
|t:|1758997904
|switch|p2a: Weezing|Weezing-Galar, F|100/100
|turn|20
|
|t:|1758997928
|move|p1a: Great Tusk|Earthquake|p2a: Weezing
|-immune|p2a: Weezing|[from] ability: Levitate
|move|p2a: Weezing|Toxic|p1a: Great Tusk
|-status|p1a: Great Tusk|tox
|
|-damage|p1a: Great Tusk|75/100 tox|[from] psn
|upkeep
|turn|21
|
|t:|1758997938
|-end|p1a: Great Tusk|Protosynthesis|[silent]
|switch|p1a: Gholdengo|Gholdengo|61/100
|move|p2a: Weezing|Venoshock|p1a: Gholdengo
|-immune|p1a: Gholdengo
|
|upkeep
|turn|22
|
|t:|1758997944
|move|p1a: Gholdengo|Nasty Plot|p1a: Gholdengo
|-boost|p1a: Gholdengo|spa|2
|move|p2a: Weezing|Heat Wave|p1a: Gholdengo
|-supereffective|p1a: Gholdengo
|-damage|p1a: Gholdengo|15/100
|
|upkeep
|turn|23
|
|t:|1758997949
|switch|p2a: Drowzee|Drowzee, F|100/100
|-activate|p2a: Drowzee|ability: Forewarn|Make It Rain|[of] p1a: Gholdengo
|move|p1a: Gholdengo|Make It Rain|p2a: Drowzee
|-enditem|p2a: Drowzee|Focus Sash
|-damage|p2a: Drowzee|1/100
|-unboost|p1a: Gholdengo|spa|1
|
|upkeep
|turn|24
|
|t:|1758997960
|move|p1a: Gholdengo|Shadow Ball|p2a: Drowzee
|-supereffective|p2a: Drowzee
|-damage|p2a: Drowzee|0 fnt
|faint|p2a: Drowzee
|
|upkeep
|
|t:|1758997964
|switch|p2a: Basculin|Basculin-White-Striped, M|100/100
|turn|25
|
|t:|1758997971
|switch|p1a: Slowking|Slowking-Galar, F|53/100 brn
|move|p2a: Basculin|Aqua Jet|p1a: Slowking
|-damage|p1a: Slowking|35/100 brn
|
|-damage|p1a: Slowking|29/100 brn|[from] brn
|upkeep
|turn|26
|
|t:|1758997978
|move|p2a: Basculin|Crunch|p1a: Slowking
|-supereffective|p1a: Slowking
|-damage|p1a: Slowking|0 fnt
|faint|p1a: Slowking
|
|upkeep
|
|t:|1758997984
|switch|p1a: Great Tusk|Great Tusk|75/100 tox
|turn|27
|
|t:|1758997994
|move|p2a: Basculin|Agility|p2a: Basculin
|-boost|p2a: Basculin|spe|2
|move|p1a: Great Tusk|Supercell Slam|p2a: Basculin
|-supereffective|p2a: Basculin
|-enditem|p2a: Basculin|Focus Sash
|-damage|p2a: Basculin|1/100
|
|-damage|p1a: Great Tusk|68/100 tox|[from] psn
|upkeep
|turn|28
|
|t:|1758998005
|move|p2a: Basculin|Waterfall|p1a: Great Tusk
|-supereffective|p1a: Great Tusk
|-damage|p1a: Great Tusk|6/100 tox
|cant|p1a: Great Tusk|flinch
|
|-damage|p1a: Great Tusk|0 fnt|[from] psn
|faint|p1a: Great Tusk
|-end|p1a: Great Tusk|Protosynthesis|[silent]
|upkeep
|
|t:|1758998008
|switch|p1a: Gholdengo|Gholdengo|15/100
|turn|29
|
|t:|1758998014
|-terastallize|p2a: Basculin|Dark
|move|p2a: Basculin|Crunch|p1a: Gholdengo
|-supereffective|p1a: Gholdengo
|-damage|p1a: Gholdengo|0 fnt
|faint|p1a: Gholdengo
|
|win|SirPops
|raw|ENF2's rating: 1080 &rarr; <strong>1057</strong><br />(-23 for losing)
|raw|SirPops's rating: 1067 &rarr; <strong>1098</strong><br />(+31 for winning)
|l|☆ENF2
|player|p1|
|l|‽SirPops
|player|p2|
