|j|☆ahsbaby
|j|☆Acornion
|t:|1758991212
|gametype|singles
|player|p1|ahsbaby|rocketgrunt|1364
|player|p2|Acornion|n|1375
|gen|9
|tier|[Gen 9] OU
|rated|
|rule|HP Percentage Mod: HP is shown in percentages
|rule|Endless Battle Clause: Forcing endless battles is banned
|rule|Species Clause: Limit one of each Pokémon
|rule|OHKO Clause: OHKO moves are banned
|rule|Evasion Items Clause: Evasion items are banned
|rule|Evasion Moves Clause: Evasion moves are banned
|rule|Evasion Abilities Clause: Evasion abilities are banned
|rule|Sleep Moves Clause: Sleep-inducing moves are banned
|clearpoke
|poke|p1|Hatterene, F|
|poke|p1|Dusclops, F|
|poke|p1|Hoopa-Unbound|
|poke|p1|Glimmora, M|
|poke|p1|Heatran, F|
|poke|p1|Ursaluna, F|
|poke|p2|Dragapult, M|
|poke|p2|Toxapex, M|
|poke|p2|Moltres|
|poke|p2|Tyranitar, M|
|poke|p2|Great Tusk|
|poke|p2|Iron Valiant|
|teampreview
|inactive|Battle timer is ON: inactive players will automatically lose when time's up. (requested by Acornion)
|
|t:|1758991218
|teamsize|p1|6
|teamsize|p2|6
|start
|switch|p1a: Dusclops|Dusclops, F|100/100
|switch|p2a: Great Tusk|Great Tusk|100/100
|-item|p2a: Great Tusk|Leftovers|[from] ability: Frisk|[of] p1a: Dusclops
|turn|1
|
|t:|1758991222
|-end|p2a: Great Tusk|Protosynthesis|[silent]
|switch|p2a: Tyranitar|Tyranitar, M|100/100
|-weather|Sandstorm|[from] ability: Sand Stream|[of] p2a: Tyranitar
|move|p1a: Dusclops|Trick Room|p1a: Dusclops
|-fieldstart|move: Trick Room|[of] p1a: Dusclops
|
|-weather|Sandstorm|[upkeep]
|-damage|p1a: Dusclops|95/100|[from] Sandstorm
|upkeep
|turn|2
|
|t:|1758991227
|move|p1a: Dusclops|Night Shade|p2a: Tyranitar
|-damage|p2a: Tyranitar|76/100
|move|p2a: Tyranitar|Knock Off|p1a: Dusclops
|-supereffective|p1a: Dusclops
|-damage|p1a: Dusclops|43/100
|-enditem|p1a: Dusclops|Eviolite|[from] move: Knock Off|[of] p2a: Tyranitar
|
|-weather|Sandstorm|[upkeep]
|-damage|p1a: Dusclops|37/100|[from] Sandstorm
|-heal|p2a: Tyranitar|82/100|[from] item: Leftovers
|upkeep
|turn|3
|
|t:|1758991232
|move|p1a: Dusclops|Pain Split|p2a: Tyranitar
|-sethp|p2a: Tyranitar|54/100|[from] move: Pain Split|[silent]
|-sethp|p1a: Dusclops|77/100|[from] move: Pain Split
|move|p2a: Tyranitar|Knock Off|p1a: Dusclops
|-supereffective|p1a: Dusclops
|-damage|p1a: Dusclops|22/100
|
|-weather|Sandstorm|[upkeep]
|-damage|p1a: Dusclops|16/100|[from] Sandstorm
|-heal|p2a: Tyranitar|60/100|[from] item: Leftovers
|upkeep
|turn|4
|
|t:|1758991235
|move|p1a: Dusclops|Pain Split|p2a: Tyranitar
|-sethp|p2a: Tyranitar|36/100|[from] move: Pain Split|[silent]
|-sethp|p1a: Dusclops|50/100|[from] move: Pain Split
|move|p2a: Tyranitar|Stealth Rock|p1a: Dusclops
|-sidestart|p1: ahsbaby|move: Stealth Rock
|
|-weather|Sandstorm|[upkeep]
|-damage|p1a: Dusclops|45/100|[from] Sandstorm
|-heal|p2a: Tyranitar|42/100|[from] item: Leftovers
|upkeep
|turn|5
|
|t:|1758991239
|move|p1a: Dusclops|Night Shade|p2a: Tyranitar
|-damage|p2a: Tyranitar|17/100
|move|p2a: Tyranitar|Knock Off|p1a: Dusclops
|-supereffective|p1a: Dusclops
|-damage|p1a: Dusclops|0 fnt
|faint|p1a: Dusclops
|
|-weather|none
|-heal|p2a: Tyranitar|23/100|[from] item: Leftovers
|-fieldend|move: Trick Room
|upkeep
|
|t:|1758991247
|switch|p1a: Ursaluna|Ursaluna, F|100/100
|-damage|p1a: Ursaluna|94/100|[from] Stealth Rock
|turn|6
|
|t:|1758991251
|move|p2a: Tyranitar|Ice Beam|p1a: Ursaluna
|-supereffective|p1a: Ursaluna
|-damage|p1a: Ursaluna|56/100
|move|p1a: Ursaluna|Swords Dance|p1a: Ursaluna
|-boost|p1a: Ursaluna|atk|2
|
|-heal|p2a: Tyranitar|30/100|[from] item: Leftovers
|-status|p1a: Ursaluna|brn|[from] item: Flame Orb
|upkeep
|turn|7
|
|t:|1758991255
|move|p2a: Tyranitar|Ice Beam|p1a: Ursaluna
|-supereffective|p1a: Ursaluna
|-damage|p1a: Ursaluna|12/100 brn
|move|p1a: Ursaluna|Play Rough|p2a: Tyranitar
|-supereffective|p2a: Tyranitar
|-damage|p2a: Tyranitar|0 fnt
|faint|p2a: Tyranitar
|
|-damage|p1a: Ursaluna|6/100 brn|[from] brn
|upkeep
|
|t:|1758991257
|switch|p2a: Toxapex|Toxapex, M|100/100
|turn|8
|
|t:|1758991260
|move|p2a: Toxapex|Baneful Bunker|p2a: Toxapex
|-singleturn|p2a: Toxapex|move: Protect
|move|p1a: Ursaluna|Headlong Rush|p2a: Toxapex
|-activate|p2a: Toxapex|move: Protect
|
|-damage|p1a: Ursaluna|0 fnt|[from] brn
|faint|p1a: Ursaluna
|upkeep
|
|t:|1758991264
|switch|p1a: Glimmora|Glimmora, M|100/100
|-damage|p1a: Glimmora|88/100|[from] Stealth Rock
|turn|9
|
|t:|1758991272
|move|p1a: Glimmora|Mortal Spin|p2a: Toxapex
|-resisted|p2a: Toxapex
|-damage|p2a: Toxapex|99/100
|-sideend|p1: ahsbaby|Stealth Rock|[from] move: Mortal Spin|[of] p1a: Glimmora
|move|p2a: Toxapex|Sludge Bomb|p1a: Glimmora
|-resisted|p1a: Glimmora
|-damage|p1a: Glimmora|83/100
|
|-heal|p2a: Toxapex|100/100|[from] item: Leftovers
|upkeep
|turn|10
|
|t:|1758991275
|switch|p2a: Great Tusk|Great Tusk|100/100
|move|p1a: Glimmora|Stealth Rock|p2a: Great Tusk
|-sidestart|p2: Acornion|move: Stealth Rock
|
|upkeep
|turn|11
|
|t:|1758991282
|switch|p1a: Hatterene|Hatterene, F|100/100
|move|p2a: Great Tusk|Headlong Rush|p1a: Hatterene
|-damage|p1a: Hatterene|36/100
|-unboost|p2a: Great Tusk|def|1
|-unboost|p2a: Great Tusk|spd|1
|
|upkeep
|turn|12
|
|t:|1758991291
|move|p2a: Great Tusk|Headlong Rush|p1a: Hatterene
|-damage|p1a: Hatterene|0 fnt
|-unboost|p2a: Great Tusk|def|1
|-unboost|p2a: Great Tusk|spd|1
|faint|p1a: Hatterene
|
|upkeep
|
|t:|1758991294
|switch|p1a: Heatran|Heatran, F|100/100
|-item|p1a: Heatran|Air Balloon
|turn|13
|
|t:|1758991302
|-end|p2a: Great Tusk|Protosynthesis|[silent]
|switch|p2a: Toxapex|Toxapex, M|100/100
|-damage|p2a: Toxapex|88/100|[from] Stealth Rock
|move|p1a: Heatran|Magma Storm|p2a: Toxapex
|-resisted|p2a: Toxapex
|-damage|p2a: Toxapex|73/100
|-activate|p2a: Toxapex|move: Magma Storm|[of] p1a: Heatran
|
|-heal|p2a: Toxapex|79/100|[from] item: Leftovers
|-damage|p2a: Toxapex|66/100|[from] move: Magma Storm|[partiallytrapped]
|upkeep
|turn|14
|
|t:|1758991310
|move|p1a: Heatran|Protect|p1a: Heatran
|-singleturn|p1a: Heatran|Protect
|move|p2a: Toxapex|Baneful Bunker||[still]
|-fail|p2a: Toxapex
|
|-heal|p2a: Toxapex|73/100|[from] item: Leftovers
|-damage|p2a: Toxapex|60/100|[from] move: Magma Storm|[partiallytrapped]
|upkeep
|turn|15
|
|t:|1758991319
|move|p2a: Toxapex|Baneful Bunker|p2a: Toxapex
|-singleturn|p2a: Toxapex|move: Protect
|move|p1a: Heatran|Will-O-Wisp|p2a: Toxapex
|-activate|p2a: Toxapex|move: Protect
|
|-heal|p2a: Toxapex|66/100|[from] item: Leftovers
|-damage|p2a: Toxapex|54/100|[from] move: Magma Storm|[partiallytrapped]
|upkeep
|turn|16
|
|t:|1758991322
|move|p1a: Heatran|Protect|p1a: Heatran
|-singleturn|p1a: Heatran|Protect
|move|p2a: Toxapex|Haze|p2a: Toxapex
|-clearallboost
|
|-heal|p2a: Toxapex|60/100|[from] item: Leftovers
|-damage|p2a: Toxapex|48/100|[from] move: Magma Storm|[partiallytrapped]
|upkeep
|turn|17
|
|t:|1758991330
|move|p2a: Toxapex|Baneful Bunker|p2a: Toxapex
|-singleturn|p2a: Toxapex|move: Protect
|move|p1a: Heatran|Magma Storm|p2a: Toxapex
|-activate|p2a: Toxapex|move: Protect
|
|-heal|p2a: Toxapex|54/100|[from] item: Leftovers
|-end|p2a: Toxapex|Magma Storm|[partiallytrapped]
|upkeep
|turn|18
|
|t:|1758991333
|switch|p2a: Moltres|Moltres|100/100
|move|p1a: Heatran|Magma Storm|p2a: Moltres
|-resisted|p2a: Moltres
|-damage|p2a: Moltres|78/100
|-activate|p2a: Moltres|move: Magma Storm|[of] p1a: Heatran
|
|-damage|p2a: Moltres|66/100|[from] move: Magma Storm|[partiallytrapped]
|upkeep
|turn|19
|
|t:|1758991337
|move|p1a: Heatran|Protect|p1a: Heatran
|-singleturn|p1a: Heatran|Protect
|move|p2a: Moltres|U-turn|p1a: Heatran
|-activate|p1a: Heatran|move: Protect
|
|-damage|p2a: Moltres|54/100|[from] move: Magma Storm|[partiallytrapped]
|upkeep
|turn|20
|
|t:|1758991346
|switch|p1a: Glimmora|Glimmora, M|83/100
|move|p2a: Moltres|U-turn|p1a: Glimmora
|-resisted|p1a: Glimmora
|-damage|p1a: Glimmora|75/100
|-activate|p1a: Glimmora|ability: Toxic Debris
|-sidestart|p2: Acornion|move: Toxic Spikes
|
|t:|1758991347
|switch|p2a: Great Tusk|Great Tusk|100/100|[from] U-turn
|-damage|p2a: Great Tusk|97/100|[from] Stealth Rock
|-status|p2a: Great Tusk|psn
|
|-heal|p2a: Great Tusk|100/100 psn|[from] item: Leftovers
|-damage|p2a: Great Tusk|88/100 psn|[from] psn
|upkeep
|turn|21
|
|t:|1758991352
|switch|p1a: Heatran|Heatran, F|100/100
|-item|p1a: Heatran|Air Balloon
|move|p2a: Great Tusk|Close Combat|p1a: Heatran
|-supereffective|p1a: Heatran
|-damage|p1a: Heatran|0 fnt
|-unboost|p2a: Great Tusk|def|1
|-unboost|p2a: Great Tusk|spd|1
|-enditem|p1a: Heatran|Air Balloon
|faint|p1a: Heatran
|
|-heal|p2a: Great Tusk|94/100 psn|[from] item: Leftovers
|-damage|p2a: Great Tusk|82/100 psn|[from] psn
|upkeep
|
|t:|1758991358
|switch|p1a: Hoopa|Hoopa-Unbound|100/100
|turn|22
|
|t:|1758991363
|-end|p2a: Great Tusk|Protosynthesis|[silent]
|switch|p2a: Moltres|Moltres|54/100
|move|p1a: Hoopa|Gunk Shot|p2a: Moltres
|-damage|p2a: Moltres|5/100
|-damage|p1a: Hoopa|91/100|[from] item: Life Orb
|
|upkeep
|turn|23
|
|t:|1758991366
|move|p2a: Moltres|Will-O-Wisp|p1a: Hoopa
|-status|p1a: Hoopa|brn
|move|p1a: Hoopa|Gunk Shot|p2a: Moltres
|-damage|p2a: Moltres|0 fnt
|faint|p2a: Moltres
|-damage|p1a: Hoopa|81/100 brn|[from] item: Life Orb
|
|-damage|p1a: Hoopa|75/100 brn|[from] brn
|upkeep
|
|t:|1758991369
|switch|p2a: Iron Valiant|Iron Valiant|100/100
|-damage|p2a: Iron Valiant|94/100|[from] Stealth Rock
|-status|p2a: Iron Valiant|psn
|turn|24
|
|t:|1758991373
|move|p2a: Iron Valiant|Moonblast|p1a: Hoopa
|-supereffective|p1a: Hoopa
|-damage|p1a: Hoopa|0 fnt
|faint|p1a: Hoopa
|
|-damage|p2a: Iron Valiant|82/100 psn|[from] psn
|upkeep
|
|t:|1758991375
|switch|p1a: Glimmora|Glimmora, M|75/100
|turn|25
|
|t:|1758991376
|move|p2a: Iron Valiant|Moonblast|p1a: Glimmora
|-resisted|p1a: Glimmora
|-damage|p1a: Glimmora|39/100
|move|p1a: Glimmora|Sludge Wave|p2a: Iron Valiant
|-supereffective|p2a: Iron Valiant
|-damage|p2a: Iron Valiant|0 fnt
|faint|p2a: Iron Valiant
|-end|p2a: Iron Valiant|Quark Drive|[silent]
|
|upkeep
|
|t:|1758991378
|switch|p2a: Great Tusk|Great Tusk|82/100 psn
|-damage|p2a: Great Tusk|79/100 psn|[from] Stealth Rock
|turn|26
|
|t:|1758991380
|move|p2a: Great Tusk|Headlong Rush|p1a: Glimmora
|-supereffective|p1a: Glimmora
|-damage|p1a: Glimmora|0 fnt
|-unboost|p2a: Great Tusk|def|1
|-unboost|p2a: Great Tusk|spd|1
|-activate|p1a: Glimmora|ability: Toxic Debris
|-sidestart|p2: Acornion|move: Toxic Spikes
|faint|p1a: Glimmora
|
|win|Acornion
|raw|ahsbaby's rating: 1364 &rarr; <strong>1345</strong><br />(-19 for losing)
|raw|Acornion's rating: 1375 &rarr; <strong>1394</strong><br />(+19 for winning)
|l|☆Acornion
|player|p2|
|l|☆ahsbaby
|player|p1|
