|j|☆3GearsTurning
|j|☆Rudeword
|t:|1759032471
|gametype|singles
|player|p1|3GearsTurning|cyclist|1502
|player|p2|Rudeword|265|1473
|gen|9
|tier|[Gen 9] OU
|rated|
|rule|HP Percentage Mod: HP is shown in percentages
|rule|Endless Battle Clause: Forcing endless battles is banned
|rule|Species Clause: Limit one of each Pokémon
|rule|OHKO Clause: OHKO moves are banned
|rule|Evasion Items Clause: Evasion items are banned
|rule|Evasion Moves Clause: Evasion moves are banned
|rule|Evasion Abilities Clause: Evasion abilities are banned
|rule|Sleep Moves Clause: Sleep-inducing moves are banned
|clearpoke
|poke|p1|Empoleon, F|
|poke|p1|Landorus-Therian, M|
|poke|p1|Deoxys-Speed|
|poke|p1|Iron Valiant|
|poke|p1|Polteageist-Antique|
|poke|p1|Ogerpon-Wellspring, F|
|poke|p2|Ceruledge, M|
|poke|p2|Araquanid, F|
|poke|p2|Porygon-Z|
|poke|p2|Hoopa-Unbound|
|poke|p2|Lokix, M|
|poke|p2|Corviknight, M|
|teampreview
|
|t:|1759032490
|teamsize|p1|6
|teamsize|p2|6
|start
|switch|p1a: Deoxys|Deoxys-Speed|100/100
|switch|p2a: Lokix|Lokix, M|100/100
|-ability|p1a: Deoxys|Pressure
|turn|1
|
|t:|1759032499
|switch|p1a: Landorus|Landorus-Therian, M|100/100
|-ability|p1a: Landorus|Intimidate|boost
|-unboost|p2a: Lokix|atk|1
|move|p2a: Lokix|First Impression|p1a: Landorus
|-resisted|p1a: Landorus
|-damage|p1a: Landorus|50/100
|
|upkeep
|turn|2
|
|t:|1759032503
|switch|p2a: Corviknight|Corviknight, M|100/100
|move|p1a: Landorus|U-turn|p2a: Corviknight
|-resisted|p2a: Corviknight
|-damage|p2a: Corviknight|96/100
|-damage|p1a: Landorus|33/100|[from] item: Rocky Helmet|[of] p2a: Corviknight
|
|t:|1759032527
|switch|p1a: Deoxys|Deoxys-Speed|100/100|[from] U-turn
|-ability|p1a: Deoxys|Pressure
|
|upkeep
|turn|3
|
|t:|1759032530
|move|p1a: Deoxys|Stealth Rock|p2a: Corviknight
|-sidestart|p2: Rudeword|move: Stealth Rock
|move|p2a: Corviknight|U-turn|p1a: Deoxys
|-supereffective|p1a: Deoxys
|-damage|p1a: Deoxys|69/100
|-enditem|p1a: Deoxys|Red Card|[of] p2a: Corviknight
|drag|p2a: Araquanid|Araquanid, F|100/100
|-damage|p2a: Araquanid|76/100|[from] Stealth Rock
|
|upkeep
|turn|4
|
|t:|1759032536
|move|p1a: Deoxys|Taunt|p2a: Araquanid
|-start|p2a: Araquanid|move: Taunt
|move|p2a: Araquanid|Waterfall|p1a: Deoxys
|-damage|p1a: Deoxys|0 fnt
|faint|p1a: Deoxys
|
|upkeep
|
|t:|1759032539
|switch|p1a: Empoleon|Empoleon, F|100/100
|turn|5
|
|t:|1759032557
|move|p1a: Empoleon|Agility|p1a: Empoleon
|-boost|p1a: Empoleon|spe|2
|move|p2a: Araquanid|Waterfall|p1a: Empoleon
|-resisted|p1a: Empoleon
|-damage|p1a: Empoleon|47/100
|
|upkeep
|turn|6
|
|t:|1759032567
|move|p1a: Empoleon|Metal Sound|p2a: Araquanid|[miss]
|-miss|p1a: Empoleon|p2a: Araquanid
|move|p2a: Araquanid|Waterfall|p1a: Empoleon
|-resisted|p1a: Empoleon
|-damage|p1a: Empoleon|0 fnt
|faint|p1a: Empoleon
|
|-end|p2a: Araquanid|move: Taunt
|upkeep
|
|t:|1759032580
|switch|p1a: Ogerpon|Ogerpon-Wellspring, F|100/100
|turn|7
|
|t:|1759032587
|switch|p2a: Corviknight|Corviknight, M|96/100
|-damage|p2a: Corviknight|84/100|[from] Stealth Rock
|move|p1a: Ogerpon|Power Whip|p2a: Corviknight
|-resisted|p2a: Corviknight
|-damage|p2a: Corviknight|75/100
|-damage|p1a: Ogerpon|84/100|[from] item: Rocky Helmet|[of] p2a: Corviknight
|
|upkeep
|turn|8
|
|t:|1759032590
|move|p1a: Ogerpon|Substitute|p1a: Ogerpon
|-start|p1a: Ogerpon|Substitute
|-damage|p1a: Ogerpon|59/100
|move|p2a: Corviknight|Defog|p1a: Ogerpon
|-sideend|p2: Rudeword|Stealth Rock|[from] move: Defog|[of] p2a: Corviknight
|
|upkeep
|turn|9
|
|t:|1759032594
|move|p1a: Ogerpon|Leech Seed|p2a: Corviknight
|-start|p2a: Corviknight|move: Leech Seed
|move|p2a: Corviknight|U-turn|p1a: Ogerpon
|-supereffective|p1a: Ogerpon
|-end|p1a: Ogerpon|Substitute
|
|t:|1759032599
|switch|p2a: Lokix|Lokix, M|100/100|[from] U-turn
|
|upkeep
|turn|10
|
|t:|1759032605
|-terastallize|p2a: Lokix|Bug
|move|p2a: Lokix|First Impression|p1a: Ogerpon
|-supereffective|p1a: Ogerpon
|-damage|p1a: Ogerpon|0 fnt
|faint|p1a: Ogerpon
|
|upkeep
|
|t:|1759032620
|switch|p1a: Polteageist|Polteageist-Antique|100/100
|turn|11
|
|t:|1759032623
|switch|p2a: Ceruledge|Ceruledge, M|100/100
|move|p1a: Polteageist|Shell Smash|p1a: Polteageist
|-unboost|p1a: Polteageist|def|1
|-unboost|p1a: Polteageist|spd|1
|-boost|p1a: Polteageist|atk|2
|-boost|p1a: Polteageist|spa|2
|-boost|p1a: Polteageist|spe|2
|-enditem|p1a: Polteageist|White Herb
|-clearnegativeboost|p1a: Polteageist|[silent]
|
|upkeep
|turn|12
|
|t:|1759032629
|-terastallize|p1a: Polteageist|Fighting
|move|p1a: Polteageist|Shadow Ball|p2a: Ceruledge
|-supereffective|p2a: Ceruledge
|-enditem|p2a: Ceruledge|Focus Sash
|-damage|p2a: Ceruledge|1/100
|move|p2a: Ceruledge|Bitter Blade|p1a: Polteageist
|-damage|p1a: Polteageist|10/100
|-heal|p2a: Ceruledge|42/100|[from] drain|[of] p1a: Polteageist
|-ability|p1a: Polteageist|Weak Armor|boost
|-unboost|p1a: Polteageist|def|1
|-boost|p1a: Polteageist|spe|2
|
|upkeep
|turn|13
|
|t:|1759032637
|move|p1a: Polteageist|Shadow Ball|p2a: Ceruledge
|-supereffective|p2a: Ceruledge
|-damage|p2a: Ceruledge|0 fnt
|faint|p2a: Ceruledge
|
|upkeep
|
|t:|1759032639
|switch|p2a: Lokix|Lokix, M, tera:Bug|100/100
|turn|14
|
|t:|1759032646
|move|p2a: Lokix|First Impression|p1a: Polteageist
|-resisted|p1a: Polteageist
|-damage|p1a: Polteageist|0 fnt
|faint|p1a: Polteageist
|
|upkeep
|
|t:|1759032647
|switch|p1a: Iron Valiant|Iron Valiant|100/100
|turn|15
|
|t:|1759032668
|switch|p2a: Porygon-Z|Porygon-Z|100/100
|move|p1a: Iron Valiant|Thunderbolt|p2a: Porygon-Z
|-damage|p2a: Porygon-Z|58/100
|
|upkeep
|turn|16
|-message|3GearsTurning forfeited.
|
|win|Rudeword
|raw|3GearsTurning's rating: 1502 &rarr; <strong>1480</strong><br />(-22 for losing)
|raw|Rudeword's rating: 1473 &rarr; <strong>1495</strong><br />(+22 for winning)
|l|☆3GearsTurning
|player|p1|
|l|☆Rudeword
|player|p2|
