|j|☆tlt58
|j|☆Ray0000003
|t:|1758914579
|gametype|singles
|player|p1|tlt58|palmer|1216
|player|p2|Ray0000003|266|1181
|gen|9
|tier|[Gen 9] OU
|rated|
|rule|HP Percentage Mod: HP is shown in percentages
|rule|Endless Battle Clause: Forcing endless battles is banned
|rule|Species Clause: Limit one of each Pokémon
|rule|OHKO Clause: OHKO moves are banned
|rule|Evasion Items Clause: Evasion items are banned
|rule|Evasion Moves Clause: Evasion moves are banned
|rule|Evasion Abilities Clause: Evasion abilities are banned
|rule|Sleep Moves Clause: Sleep-inducing moves are banned
|clearpoke
|poke|p1|Swampert, M|
|poke|p1|Deoxys-Defense|
|poke|p1|Tyranitar, F|
|poke|p1|Slowking-Galar, F|
|poke|p1|Dragapult, F|
|poke|p1|Minior|
|poke|p2|Toxapex, F|
|poke|p2|Gliscor, M|
|poke|p2|Darkrai|
|poke|p2|Gholdengo|
|poke|p2|Ceruledge, M|
|poke|p2|Dragonite, M|
|teampreview
|inactive|Battle timer is ON: inactive players will automatically lose when time's up. (requested by tlt58)
|
|t:|1758914589
|teamsize|p1|6
|teamsize|p2|6
|start
|switch|p1a: Dragapult|Dragapult, F|100/100
|switch|p2a: Toxapex|Toxapex, F|100/100
|turn|1
|
|t:|1758914596
|switch|p1a: Slowking|Slowking-Galar, F|100/100
|move|p2a: Toxapex|Toxic|p1a: Slowking
|-immune|p1a: Slowking
|
|upkeep
|turn|2
|
|t:|1758914607
|switch|p2a: Darkrai|Darkrai|100/100
|move|p1a: Slowking|Future Sight|p2a: Darkrai
|-start|p1a: Slowking|move: Future Sight
|
|upkeep
|turn|3
|
|t:|1758914616
|switch|p1a: Tyranitar|Tyranitar, F|100/100
|-weather|Sandstorm|[from] ability: Sand Stream|[of] p1a: Tyranitar
|move|p2a: Darkrai|Dark Pulse|p1a: Tyranitar
|-resisted|p1a: Tyranitar
|-damage|p1a: Tyranitar|86/100
|
|-weather|Sandstorm|[upkeep]
|-damage|p2a: Darkrai|94/100|[from] Sandstorm
|-heal|p2a: Darkrai|100/100|[from] item: Leftovers
|upkeep
|turn|4
|
|t:|1758914630
|move|p2a: Darkrai|Nasty Plot|p2a: Darkrai
|-boost|p2a: Darkrai|spa|2
|move|p1a: Tyranitar|Knock Off|p2a: Darkrai
|-resisted|p2a: Darkrai
|-damage|p2a: Darkrai|49/100
|-enditem|p2a: Darkrai|Leftovers|[from] move: Knock Off|[of] p1a: Tyranitar
|
|-weather|Sandstorm|[upkeep]
|-damage|p2a: Darkrai|43/100|[from] Sandstorm
|-end|p2a: Darkrai|move: Future Sight
|-immune|p2a: Darkrai
|upkeep
|turn|5
|
|t:|1758914645
|switch|p1a: Deoxys|Deoxys-Defense|100/100
|-ability|p1a: Deoxys|Pressure
|move|p2a: Darkrai|Focus Blast|p1a: Deoxys|[miss]
|-miss|p2a: Darkrai|p1a: Deoxys
|
|-weather|Sandstorm|[upkeep]
|-damage|p2a: Darkrai|37/100|[from] Sandstorm
|-damage|p1a: Deoxys|94/100|[from] Sandstorm
|-heal|p1a: Deoxys|100/100|[from] item: Leftovers
|upkeep
|turn|6
|
|t:|1758914656
|switch|p1a: Tyranitar|Tyranitar, F|86/100
|move|p2a: Darkrai|Dark Pulse|p1a: Tyranitar
|-resisted|p1a: Tyranitar
|-damage|p1a: Tyranitar|58/100
|
|-weather|Sandstorm|[upkeep]
|-damage|p2a: Darkrai|31/100|[from] Sandstorm
|upkeep
|turn|7
|
|t:|1758914671
|-terastallize|p1a: Tyranitar|Flying
|move|p2a: Darkrai|Focus Blast|p1a: Tyranitar
|-resisted|p1a: Tyranitar
|-damage|p1a: Tyranitar|17/100
|move|p1a: Tyranitar|Knock Off|p2a: Darkrai
|-resisted|p2a: Darkrai
|-damage|p2a: Darkrai|0 fnt
|faint|p2a: Darkrai
|
|-weather|none
|upkeep
|
|t:|1758914690
|switch|p2a: Dragonite|Dragonite, M|100/100
|turn|8
|
|t:|1758914694
|move|p2a: Dragonite|Extreme Speed|p1a: Tyranitar
|-damage|p1a: Tyranitar|0 fnt
|faint|p1a: Tyranitar
|
|upkeep
|
|t:|1758914703
|switch|p1a: Swampert|Swampert, M|100/100
|turn|9
|
|t:|1758914716
|switch|p2a: Toxapex|Toxapex, F|100/100
|move|p1a: Swampert|Flip Turn|p2a: Toxapex
|-resisted|p2a: Toxapex
|-damage|p2a: Toxapex|82/100
|
|t:|1758914737
|switch|p1a: Slowking|Slowking-Galar, F|100/100|[from] Flip Turn
|
|-heal|p2a: Toxapex|88/100|[from] item: Leftovers
|upkeep
|turn|10
|inactive|tlt58 has 120 seconds left.
|
|t:|1758914763
|move|p2a: Toxapex|Toxic Spikes|p1a: Slowking
|-sidestart|p1: tlt58|move: Toxic Spikes
|move|p1a: Slowking|Future Sight|p2a: Toxapex
|-start|p1a: Slowking|move: Future Sight
|
|-heal|p2a: Toxapex|94/100|[from] item: Leftovers
|upkeep
|turn|11
|inactive|tlt58 has 120 seconds left.
|inactive|tlt58 has 90 seconds left.
|
|t:|1758914802
|move|p2a: Toxapex|Toxic Spikes|p1a: Slowking
|-sidestart|p1: tlt58|move: Toxic Spikes
|-prepare|p1a: Slowking|Chilly Reception|[premajor]
|move|p1a: Slowking|Chilly Reception|p1a: Slowking
|-weather|Snowscape
|
|t:|1758914807
|switch|p1a: Minior|Minior|100/100|[from] Chilly Reception
|-formechange|p1a: Minior|Minior-Meteor||[from] ability: Shields Down
|
|-weather|Snowscape|[upkeep]
|-heal|p2a: Toxapex|100/100|[from] item: Leftovers
|upkeep
|turn|12
|inactive|tlt58 has 90 seconds left.
|
|t:|1758914823
|switch|p2a: Dragonite|Dragonite, M|100/100
|move|p1a: Minior|Shell Smash|p1a: Minior
|-unboost|p1a: Minior|def|1
|-unboost|p1a: Minior|spd|1
|-boost|p1a: Minior|atk|2
|-boost|p1a: Minior|spa|2
|-boost|p1a: Minior|spe|2
|-enditem|p1a: Minior|White Herb
|-clearnegativeboost|p1a: Minior|[silent]
|
|-weather|Snowscape|[upkeep]
|-end|p2a: Dragonite|move: Future Sight
|-damage|p2a: Dragonite|82/100
|upkeep
|turn|13
|
|t:|1758914836
|move|p1a: Minior|Acrobatics|p2a: Dragonite
|-damage|p2a: Dragonite|9/100
|move|p2a: Dragonite|Dragon Tail|p1a: Minior
|-damage|p1a: Minior|56/100
|drag|p1a: Slowking|Slowking-Galar, F|100/100
|-sideend|p1: tlt58|move: Toxic Spikes|[of] p1a: Slowking
|
|-weather|Snowscape|[upkeep]
|upkeep
|turn|14
|
|t:|1758914845
|move|p2a: Dragonite|Earthquake|p1a: Slowking
|-supereffective|p1a: Slowking
|-damage|p1a: Slowking|28/100
|move|p1a: Slowking|Sludge Bomb|p2a: Dragonite
|-damage|p2a: Dragonite|0 fnt
|faint|p2a: Dragonite
|
|-weather|Snowscape|[upkeep]
|upkeep
|
|t:|1758914875
|switch|p2a: Gliscor|Gliscor, M|100/100
|turn|15
|
|t:|1758914881
|switch|p1a: Swampert|Swampert, M|100/100
|move|p2a: Gliscor|Earthquake|p1a: Swampert
|-damage|p1a: Swampert|64/100
|
|-weather|none
|-status|p2a: Gliscor|tox|[from] item: Toxic Orb
|upkeep
|turn|16
|
|t:|1758914896
|move|p2a: Gliscor|Facade|p1a: Swampert
|-damage|p1a: Swampert|28/100
|move|p1a: Swampert|Earthquake|p2a: Gliscor
|-immune|p2a: Gliscor
|
|upkeep
|turn|17
|inactive|tlt58 has 120 seconds left.
|
|t:|1758914903
|switch|p1a: Dragapult|Dragapult, F|100/100
|move|p2a: Gliscor|Facade|p1a: Dragapult
|-immune|p1a: Dragapult
|
|upkeep
|turn|18
|
|t:|1758914911
|move|p1a: Dragapult|Shadow Ball|p2a: Gliscor
|-damage|p2a: Gliscor|17/100 tox
|-unboost|p2a: Gliscor|spd|1
|move|p2a: Gliscor|Knock Off|p1a: Dragapult
|-supereffective|p1a: Dragapult
|-damage|p1a: Dragapult|25/100
|-enditem|p1a: Dragapult|Choice Specs|[from] move: Knock Off|[of] p2a: Gliscor
|
|-heal|p2a: Gliscor|29/100 tox|[from] ability: Poison Heal
|upkeep
|turn|19
|
|t:|1758914928
|switch|p2a: Toxapex|Toxapex, F|100/100
|move|p1a: Dragapult|Shadow Ball|p2a: Toxapex
|-damage|p2a: Toxapex|76/100
|
|-heal|p2a: Toxapex|83/100|[from] item: Leftovers
|upkeep
|turn|20
|inactive|Ray0000003 has 120 seconds left.
|
|t:|1758914954
|switch|p1a: Slowking|Slowking-Galar, F|62/100
|switch|p2a: Gholdengo|Gholdengo|100/100
|
|upkeep
|turn|21
|inactive|Ray0000003 has 120 seconds left.
|
|t:|1758914979
|move|p2a: Gholdengo|Nasty Plot|p2a: Gholdengo
|-boost|p2a: Gholdengo|spa|2
|move|p1a: Slowking|Slack Off|p1a: Slowking
|-heal|p1a: Slowking|100/100
|
|upkeep
|turn|22
|
|t:|1758914988
|move|p2a: Gholdengo|Make It Rain|p1a: Slowking
|-damage|p1a: Slowking|36/100
|-unboost|p2a: Gholdengo|spa|1
|-prepare|p1a: Slowking|Chilly Reception|[premajor]
|move|p1a: Slowking|Chilly Reception|p1a: Slowking
|-weather|Snowscape
|
|t:|1758914992
|switch|p1a: Dragapult|Dragapult, F|25/100|[from] Chilly Reception
|
|-weather|Snowscape|[upkeep]
|upkeep
|turn|23
|
|t:|1758915002
|move|p1a: Dragapult|Shadow Ball|p2a: Gholdengo
|-supereffective|p2a: Gholdengo
|-damage|p2a: Gholdengo|50/100
|move|p2a: Gholdengo|Shadow Ball|p1a: Dragapult
|-supereffective|p1a: Dragapult
|-damage|p1a: Dragapult|0 fnt
|faint|p1a: Dragapult
|
|-weather|Snowscape|[upkeep]
|-heal|p2a: Gholdengo|56/100|[from] item: Leftovers
|upkeep
|inactive|tlt58 has 120 seconds left.
|
|t:|1758915034
|switch|p1a: Minior|Minior|56/100
|-formechange|p1a: Minior|Minior-Meteor||[from] ability: Shields Down
|turn|24
|
|t:|1758915046
|switch|p1a: Swampert|Swampert, M|28/100
|move|p2a: Gholdengo|Make It Rain|p1a: Swampert
|-resisted|p1a: Swampert
|-damage|p1a: Swampert|0 fnt
|-unboost|p2a: Gholdengo|spa|1
|faint|p1a: Swampert
|
|-weather|Snowscape|[upkeep]
|-heal|p2a: Gholdengo|62/100|[from] item: Leftovers
|upkeep
|inactive|tlt58 has 120 seconds left.
|inactive|tlt58 has 90 seconds left.
|
|t:|1758915094
|switch|p1a: Slowking|Slowking-Galar, F|69/100
|turn|25
|
|t:|1758915100
|move|p2a: Gholdengo|Make It Rain|p1a: Slowking
|-damage|p1a: Slowking|37/100
|-unboost|p2a: Gholdengo|spa|1
|move|p1a: Slowking|Future Sight|p2a: Gholdengo
|-start|p1a: Slowking|move: Future Sight
|
|-weather|Snowscape|[upkeep]
|-heal|p2a: Gholdengo|68/100|[from] item: Leftovers
|upkeep
|turn|26
|
|t:|1758915113
|move|p2a: Gholdengo|Make It Rain|p1a: Slowking
|-damage|p1a: Slowking|15/100
|-unboost|p2a: Gholdengo|spa|1
|move|p1a: Slowking|Slack Off|p1a: Slowking
|-heal|p1a: Slowking|65/100
|
|-weather|none
|-heal|p2a: Gholdengo|74/100|[from] item: Leftovers
|upkeep
|turn|27
|
|t:|1758915124
|move|p2a: Gholdengo|Nasty Plot|p2a: Gholdengo
|-boost|p2a: Gholdengo|spa|2
|-prepare|p1a: Slowking|Chilly Reception|[premajor]
|move|p1a: Slowking|Chilly Reception|p1a: Slowking
|-weather|Snowscape
|
|t:|1758915130
|switch|p1a: Minior|Minior|56/100|[from] Chilly Reception
|-formechange|p1a: Minior|Minior-Meteor||[from] ability: Shields Down
|
|-weather|Snowscape|[upkeep]
|-end|p2a: Gholdengo|move: Future Sight
|-resisted|p2a: Gholdengo
|-damage|p2a: Gholdengo|60/100
|-heal|p2a: Gholdengo|66/100|[from] item: Leftovers
|upkeep
|turn|28
|
|t:|1758915136
|move|p1a: Minior|Earthquake|p2a: Gholdengo
|-supereffective|p2a: Gholdengo
|-crit|p2a: Gholdengo
|-damage|p2a: Gholdengo|0 fnt
|faint|p2a: Gholdengo
|
|-weather|Snowscape|[upkeep]
|upkeep
|
|t:|1758915143
|switch|p2a: Gliscor|Gliscor, M|29/100 tox
|turn|29
|inactive|tlt58 has 120 seconds left.
|
|t:|1758915152
|move|p2a: Gliscor|Facade|p1a: Minior
|-resisted|p1a: Minior
|-damage|p1a: Minior|31/100
|move|p1a: Minior|Stone Edge|p2a: Gliscor
|-damage|p2a: Gliscor|0 fnt
|faint|p2a: Gliscor
|
|-weather|Snowscape|[upkeep]
|-formechange|p1a: Minior|Minior||[from] ability: Shields Down
|upkeep
|
|t:|1758915168
|switch|p2a: Toxapex|Toxapex, F|100/100
|turn|30
|
|t:|1758915173
|switch|p1a: Slowking|Slowking-Galar, F|98/100
|switch|p2a: Ceruledge|Ceruledge, M|100/100
|
|-weather|Snowscape|[upkeep]
|upkeep
|turn|31
|
|t:|1758915191
|move|p2a: Ceruledge|Taunt|p1a: Slowking
|-start|p1a: Slowking|move: Taunt
|move|p1a: Slowking|Future Sight|p2a: Ceruledge
|-start|p1a: Slowking|move: Future Sight
|
|-weather|none
|upkeep
|turn|32
|inactive|tlt58 has 120 seconds left.
|
|t:|1758915219
|move|p2a: Ceruledge|Bitter Blade|p1a: Slowking
|-damage|p1a: Slowking|58/100
|move|p1a: Slowking|Sludge Bomb|p2a: Ceruledge
|-resisted|p2a: Ceruledge
|-damage|p2a: Ceruledge|87/100
|
|upkeep
|turn|33
|
|t:|1758915231
|move|p2a: Ceruledge|Shadow Sneak|p1a: Slowking
|-supereffective|p1a: Slowking
|-damage|p1a: Slowking|23/100
|move|p1a: Slowking|Sludge Bomb|p2a: Ceruledge
|-resisted|p2a: Ceruledge
|-damage|p2a: Ceruledge|72/100
|
|-end|p2a: Ceruledge|move: Future Sight
|-damage|p2a: Ceruledge|32/100
|-end|p1a: Slowking|move: Taunt
|upkeep
|turn|34
|
|t:|1758915241
|move|p2a: Ceruledge|Shadow Sneak|p1a: Slowking
|-supereffective|p1a: Slowking
|-damage|p1a: Slowking|0 fnt
|faint|p1a: Slowking
|
|upkeep
|inactive|tlt58 has 120 seconds left.
|
|t:|1758915260
|switch|p1a: Minior|Minior|31/100
|turn|35
|
|t:|1758915268
|move|p2a: Ceruledge|Shadow Sneak|p1a: Minior
|-damage|p1a: Minior|0 fnt
|faint|p1a: Minior
|
|upkeep
|
|t:|1758915271
|switch|p1a: Deoxys|Deoxys-Defense|100/100
|-ability|p1a: Deoxys|Pressure
|turn|36
|
|t:|1758915286
|switch|p2a: Toxapex|Toxapex, F|100/100
|move|p1a: Deoxys|Psycho Boost|p2a: Toxapex
|-supereffective|p2a: Toxapex
|-damage|p2a: Toxapex|55/100
|-unboost|p1a: Deoxys|spa|2
|
|-heal|p2a: Toxapex|61/100|[from] item: Leftovers
|upkeep
|turn|37
|
|t:|1758915298
|move|p1a: Deoxys|Psycho Boost|p2a: Toxapex
|-supereffective|p2a: Toxapex
|-damage|p2a: Toxapex|39/100
|-unboost|p1a: Deoxys|spa|2
|move|p2a: Toxapex|Toxic|p1a: Deoxys
|-status|p1a: Deoxys|tox
|
|-heal|p2a: Toxapex|45/100|[from] item: Leftovers
|-damage|p1a: Deoxys|94/100 tox|[from] psn
|upkeep
|turn|38
|-message|tlt58 forfeited.
|
|win|Ray0000003
|raw|tlt58's rating: 1216 &rarr; <strong>1188</strong><br />(-28 for losing)
|raw|Ray0000003's rating: 1181 &rarr; <strong>1209</strong><br />(+28 for winning)
|l|☆tlt58
|player|p1|
|l|☆Ray0000003
|player|p2|
