|j|☆boogerstastegood
|j|☆ennvee98
|t:|1758921631
|gametype|singles
|player|p1|boogerstastegood|dancer|1395
|player|p2|ennvee98|265|1417
|gen|9
|tier|[Gen 9] OU
|rated|
|rule|HP Percentage Mod: HP is shown in percentages
|rule|Endless Battle Clause: Forcing endless battles is banned
|rule|Species Clause: Limit one of each Pokémon
|rule|OHKO Clause: OHKO moves are banned
|rule|Evasion Items Clause: Evasion items are banned
|rule|Evasion Moves Clause: Evasion moves are banned
|rule|Evasion Abilities Clause: Evasion abilities are banned
|rule|Sleep Moves Clause: Sleep-inducing moves are banned
|clearpoke
|poke|p1|Indeedee-F, F|
|poke|p1|Hoopa-Unbound|
|poke|p1|Ursaluna, F|
|poke|p1|Cinderace, M|
|poke|p1|Hawlucha, M|
|poke|p1|Slowking-Galar, M|
|poke|p2|Clefable, F|
|poke|p2|Gliscor, F|
|poke|p2|Slowking-Galar, M|
|poke|p2|Gholdengo|
|poke|p2|Zamazenta-*|
|poke|p2|Samurott-Hisui, F|
|teampreview
|inactive|Battle timer is ON: inactive players will automatically lose when time's up. (requested by boogerstastegood)
|
|t:|1758921644
|teamsize|p1|6
|teamsize|p2|6
|start
|switch|p1a: Cinderace|Cinderace, M|100/100
|switch|p2a: Samurott|Samurott-Hisui, F|100/100
|turn|1
|
|t:|1758921652
|switch|p1a: Indeedee|Indeedee-F, F|100/100
|-fieldstart|move: Psychic Terrain|[from] ability: Psychic Surge|[of] p1a: Indeedee
|switch|p2a: Clefable|Clefable, F|100/100
|
|upkeep
|turn|2
|
|t:|1758921660
|switch|p1a: Slowking|Slowking-Galar, M|100/100
|move|p2a: Clefable|Stealth Rock|p1a: Slowking
|-sidestart|p1: boogerstastegood|move: Stealth Rock
|
|upkeep
|turn|3
|
|t:|1758921668
|switch|p2a: Gliscor|Gliscor, F|100/100
|move|p1a: Slowking|Future Sight|p2a: Gliscor
|-start|p1a: Slowking|move: Future Sight
|
|-status|p2a: Gliscor|tox|[from] item: Toxic Orb
|upkeep
|turn|4
|
|t:|1758921675
|move|p2a: Gliscor|Knock Off|p1a: Slowking
|-supereffective|p1a: Slowking
|-damage|p1a: Slowking|53/100
|-enditem|p1a: Slowking|Heavy-Duty Boots|[from] move: Knock Off|[of] p2a: Gliscor
|-prepare|p1a: Slowking|Chilly Reception|[premajor]
|move|p1a: Slowking|Chilly Reception|p1a: Slowking
|-weather|Snowscape
|
|t:|1758921697
|switch|p1a: Hawlucha|Hawlucha, M|100/100|[from] Chilly Reception
|-damage|p1a: Hawlucha|88/100|[from] Stealth Rock
|-enditem|p1a: Hawlucha|Psychic Seed
|-boost|p1a: Hawlucha|spd|1|[from] item: Psychic Seed
|
|-weather|Snowscape|[upkeep]
|upkeep
|turn|5
|
|t:|1758921707
|move|p1a: Hawlucha|Encore|p2a: Gliscor
|-start|p2a: Gliscor|Encore
|move|p2a: Gliscor|Knock Off|p1a: Hawlucha
|-resisted|p1a: Hawlucha
|-damage|p1a: Hawlucha|79/100
|
|-weather|Snowscape|[upkeep]
|-end|p2a: Gliscor|move: Future Sight
|-crit|p2a: Gliscor
|-damage|p2a: Gliscor|25/100 tox
|-heal|p2a: Gliscor|37/100 tox|[from] ability: Poison Heal
|upkeep
|turn|6
|
|t:|1758921721
|switch|p2a: Clefable|Clefable, F|100/100
|move|p1a: Hawlucha|Swords Dance|p1a: Hawlucha
|-boost|p1a: Hawlucha|atk|2
|
|-weather|Snowscape|[upkeep]
|upkeep
|turn|7
|
|t:|1758921729
|move|p1a: Hawlucha|Acrobatics|p2a: Clefable
|-damage|p2a: Clefable|28/100
|-damage|p1a: Hawlucha|63/100|[from] item: Rocky Helmet|[of] p2a: Clefable
|move|p2a: Clefable|Thunder Wave|p1a: Hawlucha
|-status|p1a: Hawlucha|par
|
|-weather|Snowscape|[upkeep]
|upkeep
|turn|8
|
|t:|1758921743
|move|p1a: Hawlucha|Acrobatics|p2a: Clefable
|-damage|p2a: Clefable|0 fnt
|-damage|p1a: Hawlucha|46/100 par|[from] item: Rocky Helmet|[of] p2a: Clefable
|faint|p2a: Clefable
|
|-weather|none
|-fieldend|move: Psychic Terrain
|upkeep
|
|t:|1758921759
|switch|p2a: Samurott|Samurott-Hisui, F|100/100
|turn|9
|
|t:|1758921762
|move|p1a: Hawlucha|Acrobatics|p2a: Samurott
|-damage|p2a: Samurott|0 fnt
|faint|p2a: Samurott
|
|upkeep
|
|t:|1758921768
|switch|p2a: Gholdengo|Gholdengo|100/100
|-item|p2a: Gholdengo|Air Balloon
|turn|10
|
|t:|1758921774
|move|p1a: Hawlucha|Acrobatics|p2a: Gholdengo
|-resisted|p2a: Gholdengo
|-damage|p2a: Gholdengo|47/100
|-enditem|p2a: Gholdengo|Air Balloon
|move|p2a: Gholdengo|Shadow Ball|p1a: Hawlucha
|-damage|p1a: Hawlucha|2/100 par
|-unboost|p1a: Hawlucha|spd|1
|
|upkeep
|turn|11
|
|t:|1758921783
|move|p1a: Hawlucha|Acrobatics|p2a: Gholdengo
|-resisted|p2a: Gholdengo
|-damage|p2a: Gholdengo|0 fnt
|faint|p2a: Gholdengo
|
|upkeep
|inactive|ennvee98 has 120 seconds left.
|l|☆ennvee98
|inactive|ennvee98 disconnected and has a minute to reconnect!
|player|p2|
|j|☆ennvee98
|inactive|ennvee98 reconnected and has 70 seconds left.
|player|p2|ennvee98|265|
|inactive|ennvee98 has 60 seconds left.
|-message|ennvee98 forfeited.
|
|win|boogerstastegood
|raw|boogerstastegood's rating: 1395 &rarr; <strong>1416</strong><br />(+21 for winning)
|raw|ennvee98's rating: 1417 &rarr; <strong>1396</strong><br />(-21 for losing)
|l|☆ennvee98
|player|p2|
|l|☆boogerstastegood
|player|p1|
