|j|☆redcolorcap
|j|☆GhostOfKraken
|t:|1758956594
|gametype|singles
|player|p1|redcolorcap|gentleman|1353
|player|p2|GhostOfKraken|harlequin|1345
|gen|9
|tier|[Gen 9] OU
|rated|
|rule|HP Percentage Mod: HP is shown in percentages
|rule|Endless Battle Clause: Forcing endless battles is banned
|rule|Species Clause: Limit one of each Pokémon
|rule|OHKO Clause: OHKO moves are banned
|rule|Evasion Items Clause: Evasion items are banned
|rule|Evasion Moves Clause: Evasion moves are banned
|rule|Evasion Abilities Clause: Evasion abilities are banned
|rule|Sleep Moves Clause: Sleep-inducing moves are banned
|clearpoke
|poke|p1|Gengar, F|
|poke|p1|Dondozo, F|
|poke|p1|Cinderace, M|
|poke|p1|Umbreon, M|
|poke|p1|Corviknight, F|
|poke|p1|Slowking-Galar, F|
|poke|p2|Samurott-Hisui, F|
|poke|p2|Toxapex, F|
|poke|p2|Gholdengo|
|poke|p2|Kyurem|
|poke|p2|Great Tusk|
|poke|p2|Kingambit, M|
|teampreview
|inactive|Battle timer is ON: inactive players will automatically lose when time's up. (requested by redcolorcap)
|inactive|GhostOfKraken also wants the timer to be on.
|
|t:|1758956614
|teamsize|p1|6
|teamsize|p2|6
|start
|switch|p1a: Cinderace|Cinderace, M, shiny|100/100
|switch|p2a: Chill Unicorn|Samurott-Hisui, F, shiny|100/100
|turn|1
|
|t:|1758956638
|switch|p2a: Blockhaus|Toxapex, F|100/100
|move|p1a: Cinderace|U-turn|p2a: Blockhaus
|-start|p1a: Cinderace|typechange|Bug|[from] ability: Libero
|-resisted|p2a: Blockhaus
|-damage|p2a: Blockhaus|89/100
|-damage|p1a: Cinderace|84/100|[from] item: Rocky Helmet|[of] p2a: Blockhaus
|
|t:|1758956651
|switch|p1a: Slowking|Slowking-Galar, F|100/100|[from] U-turn
|
|upkeep
|turn|2
|
|t:|1758956659
|move|p2a: Blockhaus|Liquidation|p1a: Slowking
|-damage|p1a: Slowking|80/100
|move|p1a: Slowking|Future Sight|p2a: Blockhaus
|-start|p1a: Slowking|move: Future Sight
|
|upkeep
|turn|3
|
|t:|1758956672
|move|p2a: Blockhaus|Liquidation|p1a: Slowking
|-damage|p1a: Slowking|58/100
|move|p1a: Slowking|Sludge Bomb|p2a: Blockhaus
|-resisted|p2a: Blockhaus
|-damage|p2a: Blockhaus|74/100
|
|upkeep
|turn|4
|inactive|redcolorcap has 120 seconds left.
|
|t:|1758956699
|switch|p2a: Chill Unicorn|Samurott-Hisui, F, shiny|100/100
|move|p1a: Slowking|Ice Beam|p2a: Chill Unicorn
|-resisted|p2a: Chill Unicorn
|-crit|p2a: Chill Unicorn
|-damage|p2a: Chill Unicorn|72/100
|
|-end|p2a: Chill Unicorn|move: Future Sight
|-immune|p2a: Chill Unicorn
|upkeep
|turn|5
|inactive|redcolorcap has 120 seconds left.
|
|t:|1758956717
|switch|p1a: Dondozo|Dondozo, F|100/100
|move|p2a: Chill Unicorn|Ceaseless Edge|p1a: Dondozo
|-damage|p1a: Dondozo|81/100
|-sidestart|p1: redcolorcap|Spikes
|
|-heal|p1a: Dondozo|87/100|[from] item: Leftovers
|upkeep
|turn|6
|inactive|redcolorcap has 120 seconds left.
|
|t:|1758956729
|move|p2a: Chill Unicorn|Ceaseless Edge|p1a: Dondozo
|-damage|p1a: Dondozo|66/100
|-sidestart|p1: redcolorcap|Spikes
|move|p1a: Dondozo|Body Slam|p2a: Chill Unicorn
|-damage|p2a: Chill Unicorn|47/100
|-status|p2a: Chill Unicorn|par
|
|-heal|p1a: Dondozo|72/100|[from] item: Leftovers
|upkeep
|turn|7
|inactive|redcolorcap has 120 seconds left.
|
|t:|1758956739
|move|p2a: Chill Unicorn|Ceaseless Edge|p1a: Dondozo
|-damage|p1a: Dondozo|50/100
|-sidestart|p1: redcolorcap|Spikes
|move|p1a: Dondozo|Body Slam|p2a: Chill Unicorn
|-damage|p2a: Chill Unicorn|20/100 par
|
|-heal|p1a: Dondozo|56/100|[from] item: Leftovers
|upkeep
|turn|8
|
|t:|1758956747
|move|p2a: Chill Unicorn|Ceaseless Edge|p1a: Dondozo
|-damage|p1a: Dondozo|35/100
|move|p1a: Dondozo|Earthquake|p2a: Chill Unicorn
|-damage|p2a: Chill Unicorn|0 fnt
|faint|p2a: Chill Unicorn
|
|-heal|p1a: Dondozo|41/100|[from] item: Leftovers
|upkeep
|
|t:|1758956758
|switch|p2a: Alduin|Kyurem|100/100
|-ability|p2a: Alduin|Pressure
|turn|9
|
|t:|1758956771
|move|p2a: Alduin|Freeze-Dry|p1a: Dondozo
|-supereffective|p1a: Dondozo
|-damage|p1a: Dondozo|0 fnt
|faint|p1a: Dondozo
|
|upkeep
|inactive|redcolorcap has 120 seconds left.
|
|t:|1758956810
|switch|p1a: Umbreon|Umbreon, M|100/100
|-damage|p1a: Umbreon|76/100|[from] Spikes
|turn|10
|
|t:|1758956818
|switch|p2a: Blockhaus|Toxapex, F|100/100
|move|p1a: Umbreon|Wish|p1a: Umbreon
|
|-heal|p1a: Umbreon|82/100|[from] item: Leftovers
|upkeep
|turn|11
|
|t:|1758956827
|move|p1a: Umbreon|Protect|p1a: Umbreon
|-singleturn|p1a: Umbreon|Protect
|move|p2a: Blockhaus|Toxic|p1a: Umbreon
|-activate|p1a: Umbreon|move: Protect
|
|-heal|p1a: Umbreon|100/100|[from] move: Wish|[wisher] Umbreon
|upkeep
|turn|12
|
|t:|1758956833
|switch|p1a: Slowking|Slowking-Galar, F|91/100
|-damage|p1a: Slowking|66/100|[from] Spikes
|move|p2a: Blockhaus|Toxic|p1a: Slowking
|-immune|p1a: Slowking
|
|upkeep
|turn|13
|inactive|redcolorcap has 120 seconds left.
|
|t:|1758956838
|move|p2a: Blockhaus|Liquidation|p1a: Slowking
|-damage|p1a: Slowking|44/100
|move|p1a: Slowking|Future Sight|p2a: Blockhaus
|-start|p1a: Slowking|move: Future Sight
|
|upkeep
|turn|14
|inactive|redcolorcap has 120 seconds left.
|
|t:|1758956849
|switch|p1a: Umbreon|Umbreon, M|100/100
|-damage|p1a: Umbreon|76/100|[from] Spikes
|move|p2a: Blockhaus|Liquidation|p1a: Umbreon
|-damage|p1a: Umbreon|60/100
|
|-heal|p1a: Umbreon|66/100|[from] item: Leftovers
|upkeep
|turn|15
|inactive|redcolorcap has 120 seconds left.
|
|t:|1758956864
|move|p1a: Umbreon|Wish|p1a: Umbreon
|move|p2a: Blockhaus|Toxic|p1a: Umbreon
|-status|p1a: Umbreon|tox
|-activate|p1a: Umbreon|ability: Synchronize
|-immune|p2a: Blockhaus
|
|-end|p2a: Blockhaus|move: Future Sight
|-supereffective|p2a: Blockhaus
|-damage|p2a: Blockhaus|23/100
|-heal|p1a: Umbreon|73/100 tox|[from] item: Leftovers
|-damage|p1a: Umbreon|66/100 tox|[from] psn
|upkeep
|turn|16
|inactive|redcolorcap has 120 seconds left.
|
|t:|1758956879
|switch|p1a: Cinderace|Cinderace, M, shiny|84/100
|move|p2a: Blockhaus|Recover|p2a: Blockhaus
|-heal|p2a: Blockhaus|73/100
|
|-heal|p1a: Cinderace|100/100|[from] move: Wish|[wisher] Umbreon
|upkeep
|turn|17
|
|t:|1758956886
|move|p1a: Cinderace|Court Change|p1a: Cinderace
|-start|p1a: Cinderace|typechange|Normal|[from] ability: Libero
|-swapsideconditions
|-activate|p1a: Cinderace|move: Court Change
|move|p2a: Blockhaus|Liquidation|p1a: Cinderace
|-damage|p1a: Cinderace|69/100
|
|upkeep
|turn|18
|inactive|redcolorcap has 120 seconds left.
|
|t:|1758956894
|switch|p1a: Slowking|Slowking-Galar, F|77/100
|move|p2a: Blockhaus|Liquidation|p1a: Slowking
|-damage|p1a: Slowking|54/100
|-unboost|p1a: Slowking|def|1
|
|upkeep
|turn|19
|
|t:|1758956900
|move|p2a: Blockhaus|Liquidation|p1a: Slowking
|-damage|p1a: Slowking|24/100
|move|p1a: Slowking|Future Sight|p2a: Blockhaus
|-start|p1a: Slowking|move: Future Sight
|
|upkeep
|turn|20
|
|t:|1758956910
|switch|p1a: Umbreon|Umbreon, M|66/100 tox
|move|p2a: Blockhaus|Liquidation|p1a: Umbreon
|-damage|p1a: Umbreon|50/100 tox
|
|-heal|p1a: Umbreon|56/100 tox|[from] item: Leftovers
|-damage|p1a: Umbreon|50/100 tox|[from] psn
|upkeep
|turn|21
|
|t:|1758956923
|move|p1a: Umbreon|Wish|p1a: Umbreon
|move|p2a: Blockhaus|Recover|p2a: Blockhaus
|-heal|p2a: Blockhaus|100/100
|
|-end|p2a: Blockhaus|move: Future Sight
|-supereffective|p2a: Blockhaus
|-damage|p2a: Blockhaus|29/100
|-heal|p1a: Umbreon|56/100 tox|[from] item: Leftovers
|-damage|p1a: Umbreon|44/100 tox|[from] psn
|upkeep
|turn|22
|
|t:|1758956931
|move|p1a: Umbreon|Protect|p1a: Umbreon
|-singleturn|p1a: Umbreon|Protect
|move|p2a: Blockhaus|Recover|p2a: Blockhaus
|-heal|p2a: Blockhaus|79/100
|
|-heal|p1a: Umbreon|94/100 tox|[from] move: Wish|[wisher] Umbreon
|-heal|p1a: Umbreon|99/100 tox|[from] item: Leftovers
|-damage|p1a: Umbreon|82/100 tox|[from] psn
|upkeep
|turn|23
|
|t:|1758956942
|switch|p1a: Slowking|Slowking-Galar, F|57/100
|move|p2a: Blockhaus|Liquidation|p1a: Slowking
|-crit|p1a: Slowking
|-damage|p1a: Slowking|25/100
|
|upkeep
|turn|24
|
|t:|1758956952
|switch|p1a: Umbreon|Umbreon, M|82/100 tox
|move|p2a: Blockhaus|Liquidation|p1a: Umbreon
|-damage|p1a: Umbreon|65/100 tox
|
|-heal|p1a: Umbreon|71/100 tox|[from] item: Leftovers
|-damage|p1a: Umbreon|65/100 tox|[from] psn
|upkeep
|turn|25
|
|t:|1758956958
|move|p1a: Umbreon|Wish|p1a: Umbreon
|move|p2a: Blockhaus|Liquidation|p1a: Umbreon
|-damage|p1a: Umbreon|47/100 tox
|
|-heal|p1a: Umbreon|53/100 tox|[from] item: Leftovers
|-damage|p1a: Umbreon|41/100 tox|[from] psn
|upkeep
|turn|26
|
|t:|1758956971
|switch|p1a: Slowking|Slowking-Galar, F|58/100
|move|p2a: Blockhaus|Liquidation|p1a: Slowking
|-damage|p1a: Slowking|37/100
|-unboost|p1a: Slowking|def|1
|
|-heal|p1a: Slowking|87/100|[from] move: Wish|[wisher] Umbreon
|upkeep
|turn|27
|
|t:|1758956977
|move|p2a: Blockhaus|Liquidation|p1a: Slowking
|-damage|p1a: Slowking|53/100
|move|p1a: Slowking|Future Sight|p2a: Blockhaus
|-start|p1a: Slowking|move: Future Sight
|
|upkeep
|turn|28
|
|t:|1758956982
|switch|p1a: Umbreon|Umbreon, M|41/100 tox
|move|p2a: Blockhaus|Liquidation|p1a: Umbreon
|-damage|p1a: Umbreon|25/100 tox
|
|-heal|p1a: Umbreon|31/100 tox|[from] item: Leftovers
|-damage|p1a: Umbreon|25/100 tox|[from] psn
|upkeep
|turn|29
|
|t:|1758956989
|move|p1a: Umbreon|Wish|p1a: Umbreon
|move|p2a: Blockhaus|Liquidation|p1a: Umbreon
|-damage|p1a: Umbreon|10/100 tox
|
|-end|p2a: Blockhaus|move: Future Sight
|-supereffective|p2a: Blockhaus
|-damage|p2a: Blockhaus|1/100
|-heal|p1a: Umbreon|16/100 tox|[from] item: Leftovers
|-damage|p1a: Umbreon|4/100 tox|[from] psn
|upkeep
|turn|30
|
|t:|1758957002
|move|p2a: Blockhaus|Baneful Bunker|p2a: Blockhaus
|-singleturn|p2a: Blockhaus|move: Protect
|move|p1a: Umbreon|Foul Play|p2a: Blockhaus
|-activate|p2a: Blockhaus|move: Protect
|
|-heal|p1a: Umbreon|54/100 tox|[from] move: Wish|[wisher] Umbreon
|-heal|p1a: Umbreon|60/100 tox|[from] item: Leftovers
|-damage|p1a: Umbreon|42/100 tox|[from] psn
|upkeep
|turn|31
|
|t:|1758957013
|move|p1a: Umbreon|Foul Play|p2a: Blockhaus
|-damage|p2a: Blockhaus|0 fnt
|-damage|p1a: Umbreon|26/100 tox|[from] item: Rocky Helmet|[of] p2a: Blockhaus
|faint|p2a: Blockhaus
|
|-heal|p1a: Umbreon|32/100 tox|[from] item: Leftovers
|-damage|p1a: Umbreon|7/100 tox|[from] psn
|upkeep
|
|t:|1758957018
|switch|p2a: You shall not pass|Great Tusk|100/100
|turn|32
|inactive|redcolorcap has 120 seconds left.
|
|t:|1758957053
|switch|p1a: Corviknight|Corviknight, F|100/100
|move|p2a: You shall not pass|Rapid Spin|p1a: Corviknight
|-resisted|p1a: Corviknight
|-damage|p1a: Corviknight|96/100
|-boost|p2a: You shall not pass|spe|1
|-sideend|p2: GhostOfKraken|Spikes|[from] move: Rapid Spin|[of] p2a: You shall not pass
|
|-heal|p1a: Corviknight|100/100|[from] item: Leftovers
|upkeep
|turn|33
|
|t:|1758957061
|move|p2a: You shall not pass|Stealth Rock|p1a: Corviknight
|-sidestart|p1: redcolorcap|move: Stealth Rock
|move|p1a: Corviknight|Brave Bird|p2a: You shall not pass
|-supereffective|p2a: You shall not pass
|-damage|p2a: You shall not pass|43/100
|-damage|p1a: Corviknight|83/100|[from] Recoil
|
|-heal|p1a: Corviknight|89/100|[from] item: Leftovers
|upkeep
|turn|34
|j| Chmilblik
|
|t:|1758957071
|move|p2a: You shall not pass|Ice Spinner|p1a: Corviknight
|-damage|p1a: Corviknight|73/100
|move|p1a: Corviknight|Defog|p2a: You shall not pass
|-unboost|p2a: You shall not pass|evasion|1
|-sideend|p1: redcolorcap|Stealth Rock|[from] move: Defog|[of] p1a: Corviknight
|
|-heal|p1a: Corviknight|79/100|[from] item: Leftovers
|upkeep
|turn|35
|
|t:|1758957077
|move|p2a: You shall not pass|Ice Spinner|p1a: Corviknight
|-damage|p1a: Corviknight|63/100
|move|p1a: Corviknight|Brave Bird|p2a: You shall not pass
|-supereffective|p2a: You shall not pass
|-damage|p2a: You shall not pass|0 fnt
|faint|p2a: You shall not pass
|-end|p2a: You shall not pass|Protosynthesis|[silent]
|-damage|p1a: Corviknight|50/100|[from] Recoil
|
|-heal|p1a: Corviknight|56/100|[from] item: Leftovers
|upkeep
|
|t:|1758957087
|switch|p2a: Alduin|Kyurem|100/100
|-ability|p2a: Alduin|Pressure
|turn|36
|
|t:|1758957093
|switch|p1a: Umbreon|Umbreon, M|7/100 tox
|move|p2a: Alduin|Ice Beam|p1a: Umbreon
|-damage|p1a: Umbreon|0 fnt
|faint|p1a: Umbreon
|
|upkeep
|
|t:|1758957103
|switch|p1a: Slowking|Slowking-Galar, F|86/100
|turn|37
|
|t:|1758957106
|move|p2a: Alduin|Ice Beam|p1a: Slowking
|-damage|p1a: Slowking|53/100
|move|p1a: Slowking|Future Sight|p2a: Alduin
|-start|p1a: Slowking|move: Future Sight
|
|upkeep
|turn|38
|
|t:|1758957119
|move|p2a: Alduin|Ice Beam|p1a: Slowking
|-damage|p1a: Slowking|25/100
|move|p1a: Slowking|Flamethrower|p2a: Alduin
|-damage|p2a: Alduin|77/100
|
|upkeep
|turn|39
|
|t:|1758957129
|switch|p1a: Cinderace|Cinderace, M, shiny|69/100
|move|p2a: Alduin|Ice Beam|p1a: Cinderace
|-resisted|p1a: Cinderace
|-damage|p1a: Cinderace|22/100
|
|-end|p2a: Alduin|move: Future Sight
|-damage|p2a: Alduin|28/100
|upkeep
|turn|40
|
|t:|1758957140
|move|p1a: Cinderace|Pyro Ball|p2a: Alduin
|-damage|p2a: Alduin|0 fnt
|faint|p2a: Alduin
|
|upkeep
|
|t:|1758957142
|switch|p2a: Spliff de Weed|Gholdengo|100/100
|-item|p2a: Spliff de Weed|Air Balloon
|turn|41
|l| Chmilblik
|
|t:|1758957149
|-terastallize|p2a: Spliff de Weed|Water
|move|p1a: Cinderace|Pyro Ball|p2a: Spliff de Weed
|-resisted|p2a: Spliff de Weed
|-damage|p2a: Spliff de Weed|80/100
|-enditem|p2a: Spliff de Weed|Air Balloon
|move|p2a: Spliff de Weed|Shadow Ball|p1a: Cinderace
|-damage|p1a: Cinderace|0 fnt
|faint|p1a: Cinderace
|
|upkeep
|
|t:|1758957167
|switch|p1a: Slowking|Slowking-Galar, F|58/100
|turn|42
|
|t:|1758957174
|move|p2a: Spliff de Weed|Shadow Ball|p1a: Slowking
|-supereffective|p1a: Slowking
|-damage|p1a: Slowking|29/100
|move|p1a: Slowking|Future Sight|p2a: Spliff de Weed
|-start|p1a: Slowking|move: Future Sight
|
|upkeep
|turn|43
|
|t:|1758957184
|switch|p1a: Corviknight|Corviknight, F|56/100
|move|p2a: Spliff de Weed|Shadow Ball|p1a: Corviknight
|-damage|p1a: Corviknight|23/100
|
|-heal|p1a: Corviknight|29/100|[from] item: Leftovers
|upkeep
|turn|44
|
|t:|1758957193
|switch|p2a: Overlord|Kingambit, M, shiny|100/100
|-activate|p2a: Overlord|ability: Supreme Overlord
|-start|p2a: Overlord|fallen4|[silent]
|move|p1a: Corviknight|Roost|p1a: Corviknight
|-heal|p1a: Corviknight|79/100
|-singleturn|p1a: Corviknight|move: Roost
|
|-end|p2a: Overlord|move: Future Sight
|-immune|p2a: Overlord
|-heal|p1a: Corviknight|85/100|[from] item: Leftovers
|upkeep
|turn|45
|
|t:|1758957206
|move|p2a: Overlord|Swords Dance|p2a: Overlord
|-boost|p2a: Overlord|atk|2
|move|p1a: Corviknight|U-turn|p2a: Overlord
|-damage|p2a: Overlord|88/100
|
|t:|1758957228
|switch|p1a: Gengar|Gengar, F, shiny|100/100|[from] U-turn
|
|-heal|p2a: Overlord|95/100|[from] item: Leftovers
|upkeep
|turn|46
|
|t:|1758957239
|move|p1a: Gengar|Trick|p2a: Overlord
|-activate|p1a: Gengar|move: Trick|[of] p2a: Overlord
|-item|p2a: Overlord|Choice Scarf|[from] move: Trick
|-item|p1a: Gengar|Leftovers|[from] move: Trick
|move|p2a: Overlord|Kowtow Cleave|p1a: Gengar
|-supereffective|p1a: Gengar
|-damage|p1a: Gengar|0 fnt
|faint|p1a: Gengar
|
|upkeep
|
|t:|1758957245
|switch|p1a: Corviknight|Corviknight, F|85/100
|turn|47
|-message|redcolorcap forfeited.
|
|win|GhostOfKraken
|raw|redcolorcap's rating: 1353 &rarr; <strong>1333</strong><br />(-20 for losing)
|raw|GhostOfKraken's rating: 1345 &rarr; <strong>1365</strong><br />(+20 for winning)
|l|☆redcolorcap
|player|p1|
|l|☆GhostOfKraken
|player|p2|
