|j|☆simmons of ben
|j|☆Shibuya Arc
|t:|1758962189
|gametype|singles
|player|p1|simmons of ben|265|1570
|player|p2|Shibuya Arc|265|1721
|gen|9
|tier|[Gen 9] OU
|rated|
|rule|HP Percentage Mod: HP is shown in percentages
|rule|Endless Battle Clause: Forcing endless battles is banned
|rule|Species Clause: Limit one of each Pokémon
|rule|OHKO Clause: OHKO moves are banned
|rule|Evasion Items Clause: Evasion items are banned
|rule|Evasion Moves Clause: Evasion moves are banned
|rule|Evasion Abilities Clause: Evasion abilities are banned
|rule|Sleep Moves Clause: Sleep-inducing moves are banned
|clearpoke
|poke|p1|Darkrai|
|poke|p1|Kyurem|
|poke|p1|Zamazenta-*|
|poke|p1|Hatterene, F|
|poke|p1|Landorus-Therian, M|
|poke|p1|Gholdengo|
|poke|p2|Dragapult, M|
|poke|p2|Dragonite, F|
|poke|p2|Ting-Lu|
|poke|p2|Weezing-Galar, F|
|poke|p2|Iron Crown|
|poke|p2|Zapdos|
|teampreview
|
|t:|1758962200
|teamsize|p1|6
|teamsize|p2|6
|start
|switch|p1a: Kyurem|Kyurem|100/100
|switch|p2a: Zapdos|Zapdos|100/100
|-ability|p1a: Kyurem|Pressure
|turn|1
|inactive|Battle timer is ON: inactive players will automatically lose when time's up. (requested by Shibuya Arc)
|
|t:|1758962206
|move|p2a: Zapdos|Volt Switch|p1a: Kyurem
|-resisted|p1a: Kyurem
|-damage|p1a: Kyurem|83/100
|
|t:|1758962214
|switch|p2a: Iron Crown|Iron Crown|100/100|[from] Volt Switch
|move|p1a: Kyurem|Ice Beam|p2a: Iron Crown
|-resisted|p2a: Iron Crown
|-damage|p2a: Iron Crown|66/100
|
|upkeep
|turn|2
|
|t:|1758962223
|switch|p1a: Gholdengo|Gholdengo|100/100
|-item|p1a: Gholdengo|Air Balloon
|move|p2a: Iron Crown|Tachyon Cutter|p1a: Gholdengo
|-resisted|p1a: Gholdengo
|-damage|p1a: Gholdengo|80/100
|-enditem|p1a: Gholdengo|Air Balloon
|-resisted|p1a: Gholdengo
|-damage|p1a: Gholdengo|58/100
|-hitcount|p1a: Gholdengo|2
|
|upkeep
|turn|3
|
|t:|1758962231
|move|p2a: Iron Crown|Tachyon Cutter|p1a: Gholdengo
|-resisted|p1a: Gholdengo
|-damage|p1a: Gholdengo|36/100
|-resisted|p1a: Gholdengo
|-damage|p1a: Gholdengo|15/100
|-hitcount|p1a: Gholdengo|2
|move|p1a: Gholdengo|Recover|p1a: Gholdengo
|-heal|p1a: Gholdengo|65/100
|
|upkeep
|turn|4
|
|t:|1758962239
|-end|p2a: Iron Crown|Quark Drive|[silent]
|switch|p2a: Ting-Lu|Ting-Lu|100/100
|-ability|p2a: Ting-Lu|Vessel of Ruin
|switch|p1a: Landorus|Landorus-Therian, M|100/100
|-ability|p1a: Landorus|Intimidate|boost
|-unboost|p2a: Ting-Lu|atk|1
|
|upkeep
|turn|5
|
|t:|1758962246
|move|p1a: Landorus|Stealth Rock|p2a: Ting-Lu
|-sidestart|p2: Shibuya Arc|move: Stealth Rock
|move|p2a: Ting-Lu|Ruination|p1a: Landorus
|-damage|p1a: Landorus|51/100
|
|upkeep
|turn|6
|
|t:|1758962255
|move|p1a: Landorus|U-turn|p2a: Ting-Lu
|-supereffective|p2a: Ting-Lu
|-damage|p2a: Ting-Lu|75/100
|
|t:|1758962258
|switch|p1a: Kyurem|Kyurem|83/100|[from] U-turn
|-ability|p1a: Kyurem|Pressure
|move|p2a: Ting-Lu|Ruination|p1a: Kyurem
|-damage|p1a: Kyurem|42/100
|
|-heal|p2a: Ting-Lu|81/100|[from] item: Leftovers
|upkeep
|turn|7
|
|t:|1758962265
|move|p1a: Kyurem|Ice Beam|p2a: Ting-Lu
|-supereffective|p2a: Ting-Lu
|-damage|p2a: Ting-Lu|24/100
|move|p2a: Ting-Lu|Stealth Rock|p1a: Kyurem
|-sidestart|p1: simmons of ben|move: Stealth Rock
|
|-heal|p2a: Ting-Lu|31/100|[from] item: Leftovers
|upkeep
|turn|8
|
|t:|1758962272
|switch|p2a: Iron Crown|Iron Crown|66/100
|-damage|p2a: Iron Crown|60/100|[from] Stealth Rock
|move|p1a: Kyurem|Ice Beam|p2a: Iron Crown
|-resisted|p2a: Iron Crown
|-damage|p2a: Iron Crown|26/100
|-status|p2a: Iron Crown|frz
|
|upkeep
|turn|9
|
|t:|1758962279
|cant|p2a: Iron Crown|frz
|move|p1a: Kyurem|Ice Beam|p2a: Iron Crown
|-resisted|p2a: Iron Crown
|-damage|p2a: Iron Crown|0 fnt
|faint|p2a: Iron Crown
|-end|p2a: Iron Crown|Quark Drive|[silent]
|
|upkeep
|
|t:|1758962286
|switch|p2a: Dragapult|Dragapult, M|100/100
|turn|10
|
|t:|1758962292
|move|p2a: Dragapult|U-turn|p1a: Kyurem
|-damage|p1a: Kyurem|21/100
|
|t:|1758962299
|switch|p2a: Ting-Lu|Ting-Lu|31/100|[from] U-turn
|-damage|p2a: Ting-Lu|24/100|[from] Stealth Rock
|-ability|p2a: Ting-Lu|Vessel of Ruin
|move|p1a: Kyurem|Ice Beam|p2a: Ting-Lu
|-supereffective|p2a: Ting-Lu
|-damage|p2a: Ting-Lu|0 fnt
|faint|p2a: Ting-Lu
|
|upkeep
|
|t:|1758962306
|switch|p2a: Dragonite|Dragonite, F|100/100
|turn|11
|
|t:|1758962318
|move|p2a: Dragonite|Extreme Speed|p1a: Kyurem
|-damage|p1a: Kyurem|0 fnt
|faint|p1a: Kyurem
|
|upkeep
|
|t:|1758962327
|switch|p1a: Darkrai|Darkrai|100/100
|-damage|p1a: Darkrai|88/100|[from] Stealth Rock
|turn|12
|
|t:|1758962334
|-terastallize|p2a: Dragonite|Normal
|move|p2a: Dragonite|Extreme Speed|p1a: Darkrai
|-crit|p1a: Darkrai
|-damage|p1a: Darkrai|0 fnt
|faint|p1a: Darkrai
|
|upkeep
|
|t:|1758962341
|switch|p1a: Landorus|Landorus-Therian, M|51/100
|-damage|p1a: Landorus|38/100|[from] Stealth Rock
|-ability|p1a: Landorus|Intimidate|boost
|-unboost|p2a: Dragonite|atk|1
|turn|13
|
|t:|1758962348
|switch|p2a: Zapdos|Zapdos|100/100
|move|p1a: Landorus|Taunt|p2a: Zapdos
|-start|p2a: Zapdos|move: Taunt
|
|upkeep
|turn|14
|
|t:|1758962354
|move|p2a: Zapdos|Hurricane|p1a: Landorus
|-damage|p1a: Landorus|0 fnt
|faint|p1a: Landorus
|
|upkeep
|
|t:|1758962359
|switch|p1a: Hatterene|Hatterene, F|100/100
|-damage|p1a: Hatterene|88/100|[from] Stealth Rock
|turn|15
|
|t:|1758962366
|move|p2a: Zapdos|Hurricane|p1a: Hatterene
|-damage|p1a: Hatterene|53/100
|move|p1a: Hatterene|Psyshock|p2a: Zapdos
|-damage|p2a: Zapdos|48/100
|
|-end|p2a: Zapdos|move: Taunt
|upkeep
|turn|16
|
|t:|1758962377
|move|p2a: Zapdos|Volt Switch|p1a: Hatterene
|-damage|p1a: Hatterene|29/100
|
|t:|1758962384
|switch|p2a: Dragonite|Dragonite, F, tera:Normal|100/100|[from] Volt Switch
|move|p1a: Hatterene|Psyshock|p2a: Dragonite
|-damage|p2a: Dragonite|78/100
|
|upkeep
|turn|17
|
|t:|1758962395
|move|p2a: Dragonite|Extreme Speed|p1a: Hatterene
|-damage|p1a: Hatterene|0 fnt
|faint|p1a: Hatterene
|
|upkeep
|inactive|simmons of ben has 120 seconds left.
|
|t:|1758962435
|switch|p1a: Zamazenta|Zamazenta|100/100
|-damage|p1a: Zamazenta|94/100|[from] Stealth Rock
|-ability|p1a: Zamazenta|Dauntless Shield|boost
|-boost|p1a: Zamazenta|def|1
|turn|18
|
|t:|1758962442
|switch|p1a: Gholdengo|Gholdengo|65/100
|-damage|p1a: Gholdengo|59/100|[from] Stealth Rock
|switch|p2a: Weezing|Weezing-Galar, F|100/100
|-ability|p2a: Weezing|Neutralizing Gas
|
|upkeep
|turn|19
|
|t:|1758962450
|-end|p2a: Weezing|ability: Neutralizing Gas
|switch|p2a: Dragonite|Dragonite, F, tera:Normal|78/100
|move|p1a: Gholdengo|Recover|p1a: Gholdengo
|-heal|p1a: Gholdengo|100/100
|
|upkeep
|turn|20
|
|t:|1758962462
|-terastallize|p1a: Gholdengo|Fairy
|move|p1a: Gholdengo|Nasty Plot|p1a: Gholdengo
|-boost|p1a: Gholdengo|spa|2
|move|p2a: Dragonite|Roost|p2a: Dragonite
|-heal|p2a: Dragonite|100/100
|
|upkeep
|turn|21
|
|t:|1758962469
|move|p2a: Dragonite|Extreme Speed|p1a: Gholdengo
|-damage|p1a: Gholdengo|48/100
|move|p1a: Gholdengo|Make It Rain|p2a: Dragonite
|-damage|p2a: Dragonite|38/100
|-unboost|p1a: Gholdengo|spa|1
|
|upkeep
|turn|22
|
|t:|1758962477
|move|p2a: Dragonite|Extreme Speed|p1a: Gholdengo
|-damage|p1a: Gholdengo|0 fnt
|faint|p1a: Gholdengo
|
|upkeep
|
|t:|1758962486
|switch|p1a: Zamazenta|Zamazenta|94/100
|-damage|p1a: Zamazenta|88/100|[from] Stealth Rock
|turn|23
|
|t:|1758962493
|move|p1a: Zamazenta|Iron Defense|p1a: Zamazenta
|-boost|p1a: Zamazenta|def|2
|move|p2a: Dragonite|Roost|p2a: Dragonite
|-heal|p2a: Dragonite|88/100
|
|-heal|p1a: Zamazenta|94/100|[from] item: Leftovers
|upkeep
|turn|24
|
|t:|1758962505
|switch|p2a: Weezing|Weezing-Galar, F|100/100
|-ability|p2a: Weezing|Neutralizing Gas
|move|p1a: Zamazenta|Body Press|p2a: Weezing
|-resisted|p2a: Weezing
|-damage|p2a: Weezing|90/100
|
|-heal|p1a: Zamazenta|100/100|[from] item: Leftovers
|upkeep
|turn|25
|
|t:|1758962513
|move|p1a: Zamazenta|Iron Defense|p1a: Zamazenta
|-boost|p1a: Zamazenta|def|2
|move|p2a: Weezing|Will-O-Wisp|p1a: Zamazenta
|-status|p1a: Zamazenta|brn
|
|-damage|p1a: Zamazenta|94/100 brn|[from] brn
|upkeep
|turn|26
|
|t:|1758962520
|-end|p2a: Weezing|ability: Neutralizing Gas
|switch|p2a: Dragapult|Dragapult, M|100/100
|move|p1a: Zamazenta|Iron Defense|p1a: Zamazenta
|-boost|p1a: Zamazenta|def|2
|
|-heal|p1a: Zamazenta|100/100 brn|[from] item: Leftovers
|-damage|p1a: Zamazenta|94/100 brn|[from] brn
|upkeep
|turn|27
|l|☆simmons of ben
|inactive|simmons of ben disconnected and has a minute to reconnect!
|player|p1|
|
|t:|1758962526
|move|p2a: Dragapult|Hex|p1a: Zamazenta
|-damage|p1a: Zamazenta|55/100 brn
|move|p1a: Zamazenta|Crunch|p2a: Dragapult
|-supereffective|p2a: Dragapult
|-damage|p2a: Dragapult|72/100
|
|-heal|p1a: Zamazenta|61/100 brn|[from] item: Leftovers
|-damage|p1a: Zamazenta|55/100 brn|[from] brn
|upkeep
|turn|28
|inactive|simmons of ben has 30 seconds to reconnect!
|inactive|simmons of ben has 20 seconds to reconnect!
|inactive|simmons of ben has 15 seconds to reconnect!
|inactive|simmons of ben has 10 seconds to reconnect!
|inactive|simmons of ben has 5 seconds to reconnect!
|-message|simmons of ben lost due to inactivity.
|
|win|Shibuya Arc
|raw|simmons of ben's rating: 1570 &rarr; <strong>1558</strong><br />(-12 for losing)
|raw|Shibuya Arc's rating: 1721 &rarr; <strong>1733</strong><br />(+12 for winning)
