|j|☆Ic3SpiceRecoil
|j|☆meruem97
|t:|1758994226
|gametype|singles
|player|p1|Ic3SpiceRecoil|roughneck-gen4|1127
|player|p2|meruem97|plasmagrunt-gen5bw|1117
|gen|9
|tier|[Gen 9] OU
|rated|
|rule|HP Percentage Mod: HP is shown in percentages
|rule|Endless Battle Clause: Forcing endless battles is banned
|rule|Species Clause: Limit one of each Pokémon
|rule|OHKO Clause: OHKO moves are banned
|rule|Evasion Items Clause: Evasion items are banned
|rule|Evasion Moves Clause: Evasion moves are banned
|rule|Evasion Abilities Clause: Evasion abilities are banned
|rule|Sleep Moves Clause: Sleep-inducing moves are banned
|clearpoke
|poke|p1|Gholdengo|
|poke|p1|Iron Treads|
|poke|p1|Moltres|
|poke|p1|Samurott-Hisui, F|
|poke|p1|Sinistcha|
|poke|p1|Ting-Lu|
|poke|p2|Hitmonchan, M|
|poke|p2|Garchomp, F|
|poke|p2|Scizor, M|
|poke|p2|Feraligatr, M|
|poke|p2|Charizard, M|
|poke|p2|Moltres-Galar|
|teampreview
|inactive|Battle timer is ON: inactive players will automatically lose when time's up. (requested by meruem97)
|
|t:|1758994231
|teamsize|p1|6
|teamsize|p2|6
|start
|switch|p1a: Samurott|Samurott-Hisui, F|100/100
|switch|p2a: Scizor|Scizor, M|100/100
|turn|1
|
|t:|1758994240
|move|p1a: Samurott|Ceaseless Edge|p2a: Scizor|[miss]
|-miss|p1a: Samurott|p2a: Scizor
|move|p2a: Scizor|Swords Dance|p2a: Scizor
|-boost|p2a: Scizor|atk|2
|
|upkeep
|turn|2
|
|t:|1758994247
|move|p1a: Samurott|Ceaseless Edge|p2a: Scizor
|-damage|p2a: Scizor|50/100
|-sidestart|p2: meruem97|Spikes
|move|p2a: Scizor|Bug Bite|p1a: Samurott
|-supereffective|p1a: Samurott
|-damage|p1a: Samurott|0 fnt
|faint|p1a: Samurott
|-damage|p2a: Scizor|40/100|[from] item: Life Orb
|
|upkeep
|
|t:|1758994256
|switch|p1a: Moltres|Moltres|100/100
|turn|3
|
|t:|1758994261
|move|p2a: Scizor|Bullet Punch|p1a: Moltres
|-resisted|p1a: Moltres
|-damage|p1a: Moltres|70/100
|-damage|p2a: Scizor|30/100|[from] item: Life Orb
|move|p1a: Moltres|Flamethrower|p2a: Scizor
|-supereffective|p2a: Scizor
|-damage|p2a: Scizor|0 fnt
|faint|p2a: Scizor
|
|upkeep
|
|t:|1758994269
|switch|p2a: Hitmonchan|Hitmonchan, M, shiny|100/100
|-damage|p2a: Hitmonchan|88/100|[from] Spikes
|turn|4
|
|t:|1758994276
|move|p1a: Moltres|Will-O-Wisp|p2a: Hitmonchan|[miss]
|-miss|p1a: Moltres|p2a: Hitmonchan
|move|p2a: Hitmonchan|Rapid Spin|p1a: Moltres
|-damage|p1a: Moltres|62/100
|-boost|p2a: Hitmonchan|spe|1
|-sideend|p2: meruem97|Spikes|[from] move: Rapid Spin|[of] p2a: Hitmonchan
|
|upkeep
|turn|5
|
|t:|1758994284
|move|p2a: Hitmonchan|Knock Off|p1a: Moltres
|-damage|p1a: Moltres|46/100
|-enditem|p1a: Moltres|Heavy-Duty Boots|[from] move: Knock Off|[of] p2a: Hitmonchan
|move|p1a: Moltres|Will-O-Wisp|p2a: Hitmonchan
|-status|p2a: Hitmonchan|brn
|
|-damage|p2a: Hitmonchan|82/100 brn|[from] brn
|upkeep
|turn|6
|
|t:|1758994292
|move|p2a: Hitmonchan|Poison Jab|p1a: Moltres
|-damage|p1a: Moltres|40/100
|-status|p1a: Moltres|psn
|move|p1a: Moltres|Roost|p1a: Moltres
|-heal|p1a: Moltres|90/100 psn
|-singleturn|p1a: Moltres|move: Roost
|
|-damage|p1a: Moltres|78/100 psn|[from] psn
|-damage|p2a: Hitmonchan|75/100 brn|[from] brn
|upkeep
|turn|7
|
|t:|1758994307
|switch|p2a: Moltres|Moltres-Galar|100/100
|move|p1a: Moltres|Flamethrower|p2a: Moltres
|-damage|p2a: Moltres|74/100
|
|-damage|p1a: Moltres|65/100 psn|[from] psn
|upkeep
|turn|8
|
|t:|1758994315
|move|p2a: Moltres|Agility|p2a: Moltres
|-boost|p2a: Moltres|spe|2
|move|p1a: Moltres|U-turn|p2a: Moltres
|-damage|p2a: Moltres|59/100
|
|t:|1758994331
|switch|p1a: Iron Treads|Iron Treads|100/100|[from] U-turn
|
|upkeep
|turn|9
|
|t:|1758994341
|move|p2a: Moltres|Fiery Wrath|p1a: Iron Treads
|-damage|p1a: Iron Treads|65/100
|move|p1a: Iron Treads|Ice Spinner|p2a: Moltres
|-supereffective|p2a: Moltres
|-damage|p2a: Moltres|20/100
|-ability|p2a: Moltres|Berserk|boost
|-boost|p2a: Moltres|spa|1
|
|upkeep
|turn|10
|
|t:|1758994349
|move|p2a: Moltres|Rest|p2a: Moltres
|-status|p2a: Moltres|slp|[from] move: Rest
|-heal|p2a: Moltres|100/100 slp|[silent]
|-enditem|p2a: Moltres|Chesto Berry|[eat]
|-curestatus|p2a: Moltres|slp|[msg]
|move|p1a: Iron Treads|Ice Spinner|p2a: Moltres
|-supereffective|p2a: Moltres
|-damage|p2a: Moltres|60/100
|
|upkeep
|turn|11
|
|t:|1758994359
|move|p2a: Moltres|Fiery Wrath|p1a: Iron Treads
|-damage|p1a: Iron Treads|15/100
|move|p1a: Iron Treads|Ice Spinner|p2a: Moltres
|-supereffective|p2a: Moltres
|-damage|p2a: Moltres|24/100
|-ability|p2a: Moltres|Berserk|boost
|-boost|p2a: Moltres|spa|1
|
|upkeep
|turn|12
|
|t:|1758994369
|move|p2a: Moltres|Fiery Wrath|p1a: Iron Treads
|-damage|p1a: Iron Treads|0 fnt
|faint|p1a: Iron Treads
|-end|p1a: Iron Treads|Quark Drive|[silent]
|
|upkeep
|
|t:|1758994387
|switch|p1a: Gholdengo|Gholdengo|100/100
|turn|13
|
|t:|1758994393
|-terastallize|p1a: Gholdengo|Steel
|move|p2a: Moltres|Fiery Wrath|p1a: Gholdengo
|-damage|p1a: Gholdengo|0 fnt
|faint|p1a: Gholdengo
|
|upkeep
|-message|Ic3SpiceRecoil forfeited.
|
|win|meruem97
|raw|Ic3SpiceRecoil's rating: 1127 &rarr; <strong>1101</strong><br />(-26 for losing)
|raw|meruem97's rating: 1117 &rarr; <strong>1143</strong><br />(+26 for winning)
|l|☆Ic3SpiceRecoil
|player|p1|
|l|☆meruem97
|player|p2|
