|j|☆talonperior
|j|☆Yajityyy
|t:|1759076586
|gametype|singles
|player|p1|talonperior|hilbert|1235
|player|p2|Yajityyy|burglar|1265
|gen|9
|tier|[Gen 9] OU
|rated|
|rule|HP Percentage Mod: HP is shown in percentages
|rule|Endless Battle Clause: Forcing endless battles is banned
|rule|Species Clause: Limit one of each Pokémon
|rule|OHKO Clause: OHKO moves are banned
|rule|Evasion Items Clause: Evasion items are banned
|rule|Evasion Moves Clause: Evasion moves are banned
|rule|Evasion Abilities Clause: Evasion abilities are banned
|rule|Sleep Moves Clause: Sleep-inducing moves are banned
|clearpoke
|poke|p1|Zamazenta-*|
|poke|p1|Raging Bolt|
|poke|p1|Primarina, M|
|poke|p1|Meowscarada, F|
|poke|p1|Iron Treads|
|poke|p1|Iron Moth|
|poke|p2|Dragonite, F|
|poke|p2|Zamazenta-*|
|poke|p2|Landorus-Therian, M|
|poke|p2|Gholdengo|
|poke|p2|Darkrai|
|poke|p2|Hatterene, F|
|teampreview
|c|☆Yajityyy|Gl
|inactive|Battle timer is ON: inactive players will automatically lose when time's up. (requested by Yajityyy)
|c|☆talonperior|yt
|
|t:|1759076611
|teamsize|p1|6
|teamsize|p2|6
|start
|switch|p1a: Iron Treads|Iron Treads|100/100
|switch|p2a: Zamazenta|Zamazenta|100/100
|-ability|p2a: Zamazenta|Dauntless Shield|boost
|-boost|p2a: Zamazenta|def|1
|-enditem|p1a: Iron Treads|Booster Energy
|-activate|p1a: Iron Treads|ability: Quark Drive|[fromitem]
|-start|p1a: Iron Treads|quarkdriveatk
|turn|1
|
|t:|1759076626
|-end|p1a: Iron Treads|Quark Drive|[silent]
|switch|p1a: Primarina|Primarina, M|100/100
|move|p2a: Zamazenta|Iron Defense|p2a: Zamazenta
|-boost|p2a: Zamazenta|def|2
|
|upkeep
|turn|2
|
|t:|1759076645
|switch|p2a: Hatterene|Hatterene, F|100/100
|move|p1a: Primarina|Encore|p2a: Hatterene
|move|p2a: Hatterene|Encore||[from] ability: Magic Bounce|[still]
|-fail|p2a: Hatterene
|
|upkeep
|turn|3
|
|t:|1759076661
|move|p1a: Primarina|Calm Mind|p1a: Primarina
|-boost|p1a: Primarina|spa|1
|-boost|p1a: Primarina|spd|1
|move|p2a: Hatterene|Mystical Fire|p1a: Primarina
|-resisted|p1a: Primarina
|-damage|p1a: Primarina|93/100
|-unboost|p1a: Primarina|spa|1
|
|-heal|p1a: Primarina|99/100|[from] item: Leftovers
|upkeep
|turn|4
|
|t:|1759076672
|move|p1a: Primarina|Calm Mind|p1a: Primarina
|-boost|p1a: Primarina|spa|1
|-boost|p1a: Primarina|spd|1
|move|p2a: Hatterene|Psychic Noise|p1a: Primarina
|-damage|p1a: Primarina|83/100
|-start|p1a: Primarina|move: Heal Block
|
|upkeep
|turn|5
|
|t:|1759076681
|move|p1a: Primarina|Calm Mind|p1a: Primarina
|-boost|p1a: Primarina|spa|1
|-boost|p1a: Primarina|spd|1
|move|p2a: Hatterene|Mystical Fire|p1a: Primarina
|-resisted|p1a: Primarina
|-crit|p1a: Primarina
|-damage|p1a: Primarina|66/100
|-unboost|p1a: Primarina|spa|1
|
|-end|p1a: Primarina|move: Heal Block
|upkeep
|turn|6
|
|t:|1759076690
|move|p1a: Primarina|Hydro Pump|p2a: Hatterene|[miss]
|-miss|p1a: Primarina|p2a: Hatterene
|move|p2a: Hatterene|Mystical Fire|p1a: Primarina
|-resisted|p1a: Primarina
|-damage|p1a: Primarina|61/100
|-unboost|p1a: Primarina|spa|1
|
|-heal|p1a: Primarina|67/100|[from] item: Leftovers
|upkeep
|turn|7
|inactive|Yajityyy has 120 seconds left.
|
|t:|1759076728
|move|p1a: Primarina|Hydro Pump|p2a: Hatterene|[miss]
|-miss|p1a: Primarina|p2a: Hatterene
|move|p2a: Hatterene|Mystical Fire|p1a: Primarina
|-resisted|p1a: Primarina
|-damage|p1a: Primarina|63/100
|-unboost|p1a: Primarina|spa|1
|
|-heal|p1a: Primarina|69/100|[from] item: Leftovers
|upkeep
|turn|8
|inactive|Yajityyy has 120 seconds left.
|c|☆talonperior|wth
|
|t:|1759076739
|switch|p2a: Dragonite|Dragonite, F|100/100
|move|p1a: Primarina|Encore||[still]
|-fail|p1a: Primarina
|
|-heal|p1a: Primarina|75/100|[from] item: Leftovers
|upkeep
|turn|9
|inactive|Yajityyy has 120 seconds left.
|
|t:|1759076749
|move|p2a: Dragonite|Dragon Dance|p2a: Dragonite
|-boost|p2a: Dragonite|atk|1
|-boost|p2a: Dragonite|spe|1
|move|p1a: Primarina|Moonblast|p2a: Dragonite
|-supereffective|p2a: Dragonite
|-damage|p2a: Dragonite|63/100
|
|-heal|p1a: Primarina|81/100|[from] item: Leftovers
|upkeep
|turn|10
|
|t:|1759076757
|-terastallize|p2a: Dragonite|Flying
|move|p2a: Dragonite|Tera Blast|p1a: Primarina|[anim] Tera Blast Flying
|-damage|p1a: Primarina|0 fnt
|faint|p1a: Primarina
|
|upkeep
|
|t:|1759076764
|switch|p1a: Raging Bolt|Raging Bolt|100/100
|-enditem|p1a: Raging Bolt|Booster Energy
|-activate|p1a: Raging Bolt|ability: Protosynthesis|[fromitem]
|-start|p1a: Raging Bolt|protosynthesisspa
|turn|11
|
|t:|1759076774
|switch|p2a: Landorus|Landorus-Therian, M|100/100
|-ability|p2a: Landorus|Intimidate|boost
|-unboost|p1a: Raging Bolt|atk|1
|move|p1a: Raging Bolt|Thunderclap||[still]
|-fail|p1a: Raging Bolt
|
|upkeep
|turn|12
|
|t:|1759076782
|-end|p1a: Raging Bolt|Protosynthesis|[silent]
|switch|p1a: Iron Treads|Iron Treads|100/100
|move|p2a: Landorus|Taunt|p1a: Iron Treads
|-start|p1a: Iron Treads|move: Taunt
|
|upkeep
|turn|13
|
|t:|1759076792
|move|p1a: Iron Treads|Ice Spinner|p2a: Landorus
|-supereffective|p2a: Landorus
|-damage|p2a: Landorus|2/100
|-damage|p1a: Iron Treads|84/100|[from] item: Rocky Helmet|[of] p2a: Landorus
|move|p2a: Landorus|Stealth Rock|p1a: Iron Treads
|-sidestart|p1: talonperior|move: Stealth Rock
|
|upkeep
|turn|14
|
|t:|1759076804
|switch|p2a: Zamazenta|Zamazenta|100/100
|move|p1a: Iron Treads|Rapid Spin|p2a: Zamazenta
|-damage|p2a: Zamazenta|88/100
|-boost|p1a: Iron Treads|spe|1
|-sideend|p1: talonperior|Stealth Rock|[from] move: Rapid Spin|[of] p1a: Iron Treads
|
|-heal|p2a: Zamazenta|94/100|[from] item: Leftovers
|-end|p1a: Iron Treads|move: Taunt
|upkeep
|turn|15
|
|t:|1759076824
|-end|p1a: Iron Treads|Quark Drive|[silent]
|switch|p1a: Iron Moth|Iron Moth|100/100
|-item|p1a: Iron Moth|Air Balloon
|move|p2a: Zamazenta|Iron Defense|p2a: Zamazenta
|-boost|p2a: Zamazenta|def|2
|
|-heal|p2a: Zamazenta|99/100|[from] item: Leftovers
|upkeep
|turn|16
|
|t:|1759076834
|move|p1a: Iron Moth|Sludge Wave|p2a: Zamazenta
|-damage|p2a: Zamazenta|54/100
|-status|p2a: Zamazenta|psn
|move|p2a: Zamazenta|Roar|p1a: Iron Moth
|-end|p1a: Iron Moth|Quark Drive|[silent]
|drag|p1a: Zamazenta|Zamazenta|100/100
|-ability|p1a: Zamazenta|Dauntless Shield|boost
|-boost|p1a: Zamazenta|def|1
|
|-heal|p2a: Zamazenta|60/100 psn|[from] item: Leftovers
|-damage|p2a: Zamazenta|47/100 psn|[from] psn
|upkeep
|turn|17
|
|t:|1759076850
|switch|p2a: Hatterene|Hatterene, F|100/100
|switch|p1a: Iron Moth|Iron Moth|100/100
|-item|p1a: Iron Moth|Air Balloon
|
|upkeep
|turn|18
|inactive|Yajityyy has 120 seconds left.
|
|t:|1759076880
|-end|p1a: Iron Moth|Quark Drive|[silent]
|switch|p1a: Meowscarada|Meowscarada, F|100/100
|move|p2a: Hatterene|Mystical Fire|p1a: Meowscarada
|-supereffective|p1a: Meowscarada
|-damage|p1a: Meowscarada|25/100
|-unboost|p1a: Meowscarada|spa|1
|
|upkeep
|turn|19
|inactive|Yajityyy has 120 seconds left.
|
|t:|1759076894
|move|p1a: Meowscarada|U-turn|p2a: Hatterene
|-start|p1a: Meowscarada|typechange|Bug|[from] ability: Protean
|-damage|p2a: Hatterene|48/100
|
|t:|1759076903
|switch|p1a: Iron Treads|Iron Treads|84/100|[from] U-turn
|move|p2a: Hatterene|Draining Kiss|p1a: Iron Treads
|-resisted|p1a: Iron Treads
|-damage|p1a: Iron Treads|65/100
|-heal|p2a: Hatterene|62/100|[from] drain|[of] p1a: Iron Treads
|
|upkeep
|turn|20
|inactive|Yajityyy has 120 seconds left.
|
|t:|1759076924
|switch|p2a: Gholdengo|Gholdengo|100/100
|move|p1a: Iron Treads|Iron Head|p2a: Gholdengo
|-resisted|p2a: Gholdengo
|-damage|p2a: Gholdengo|80/100
|
|upkeep
|turn|21
|inactive|Yajityyy has 120 seconds left.
|
|t:|1759076947
|switch|p2a: Darkrai|Darkrai|100/100
|move|p1a: Iron Treads|Earthquake|p2a: Darkrai
|-damage|p2a: Darkrai|42/100
|
|upkeep
|turn|22
|
|t:|1759076962
|move|p2a: Darkrai|Dark Pulse|p1a: Iron Treads
|-damage|p1a: Iron Treads|11/100
|move|p1a: Iron Treads|Earthquake|p2a: Darkrai
|-damage|p2a: Darkrai|0 fnt
|faint|p2a: Darkrai
|
|upkeep
|inactive|Yajityyy has 90 seconds left.
|
|t:|1759076985
|switch|p2a: Landorus|Landorus-Therian, M|2/100
|-ability|p2a: Landorus|Intimidate|boost
|-unboost|p1a: Iron Treads|atk|1
|turn|23
|inactive|Yajityyy has 90 seconds left.
|c|☆talonperior|wot
|
|t:|1759077010
|switch|p2a: Zamazenta|Zamazenta|47/100 psn
|move|p1a: Iron Treads|Rapid Spin|p2a: Zamazenta
|-damage|p2a: Zamazenta|39/100 psn
|-boost|p1a: Iron Treads|spe|1
|
|-heal|p2a: Zamazenta|45/100 psn|[from] item: Leftovers
|-damage|p2a: Zamazenta|33/100 psn|[from] psn
|upkeep
|turn|24
|
|t:|1759077021
|move|p1a: Iron Treads|Earthquake|p2a: Zamazenta
|-damage|p2a: Zamazenta|8/100 psn
|move|p2a: Zamazenta|Body Press|p1a: Iron Treads
|-supereffective|p1a: Iron Treads
|-damage|p1a: Iron Treads|0 fnt
|faint|p1a: Iron Treads
|-end|p1a: Iron Treads|Quark Drive|[silent]
|
|-heal|p2a: Zamazenta|14/100 psn|[from] item: Leftovers
|-damage|p2a: Zamazenta|2/100 psn|[from] psn
|upkeep
|
|t:|1759077032
|switch|p1a: Raging Bolt|Raging Bolt|100/100
|turn|25
|inactive|Yajityyy has 90 seconds left.
|
|t:|1759077043
|move|p1a: Raging Bolt|Thunderclap|p2a: Zamazenta
|-damage|p2a: Zamazenta|0 fnt
|faint|p2a: Zamazenta
|
|upkeep
|inactive|Yajityyy has 90 seconds left.
|
|t:|1759077073
|switch|p2a: Hatterene|Hatterene, F|62/100
|turn|26
|
|t:|1759077085
|-end|p1a: Raging Bolt|Protosynthesis|[silent]
|switch|p1a: Iron Moth|Iron Moth|100/100
|-item|p1a: Iron Moth|Air Balloon
|move|p2a: Hatterene|Psyshock|p1a: Iron Moth
|-supereffective|p1a: Iron Moth
|-damage|p1a: Iron Moth|0 fnt
|-enditem|p1a: Iron Moth|Air Balloon
|faint|p1a: Iron Moth
|-end|p1a: Iron Moth|Quark Drive|[silent]
|
|upkeep
|
|t:|1759077095
|switch|p1a: Meowscarada|Meowscarada, F|25/100
|turn|27
|
|t:|1759077105
|switch|p2a: Landorus|Landorus-Therian, M|2/100
|-ability|p2a: Landorus|Intimidate|boost
|-unboost|p1a: Meowscarada|atk|1
|move|p1a: Meowscarada|U-turn|p2a: Landorus
|-start|p1a: Meowscarada|typechange|Bug|[from] ability: Protean
|-resisted|p2a: Landorus
|-damage|p2a: Landorus|0 fnt
|-damage|p1a: Meowscarada|9/100|[from] item: Rocky Helmet|[of] p2a: Landorus
|faint|p2a: Landorus
|
|t:|1759077116
|switch|p1a: Zamazenta|Zamazenta|100/100|[from] U-turn
|
|upkeep
|
|t:|1759077136
|switch|p2a: Hatterene|Hatterene, F|62/100
|turn|28
|
|t:|1759077153
|move|p1a: Zamazenta|Stone Edge|p2a: Hatterene|[miss]
|-miss|p1a: Zamazenta|p2a: Hatterene
|move|p2a: Hatterene|Draining Kiss|p1a: Zamazenta
|-supereffective|p1a: Zamazenta
|-damage|p1a: Zamazenta|75/100
|-heal|p2a: Hatterene|85/100|[from] drain|[of] p1a: Zamazenta
|
|upkeep
|turn|29
|
|t:|1759077164
|move|p1a: Zamazenta|Stone Edge|p2a: Hatterene
|-damage|p2a: Hatterene|44/100
|move|p2a: Hatterene|Psychic Noise|p1a: Zamazenta
|-supereffective|p1a: Zamazenta
|-damage|p1a: Zamazenta|36/100
|-start|p1a: Zamazenta|move: Heal Block
|
|upkeep
|turn|30
|
|t:|1759077177
|move|p1a: Zamazenta|Stone Edge|p2a: Hatterene|[miss]
|-miss|p1a: Zamazenta|p2a: Hatterene
|move|p2a: Hatterene|Draining Kiss|p1a: Zamazenta
|-supereffective|p1a: Zamazenta
|-damage|p1a: Zamazenta|8/100
|-heal|p2a: Hatterene|71/100|[from] drain|[of] p1a: Zamazenta
|
|-end|p1a: Zamazenta|move: Heal Block
|upkeep
|turn|31
|
|t:|1759077185
|move|p1a: Zamazenta|Stone Edge|p2a: Hatterene
|-damage|p2a: Hatterene|28/100
|move|p2a: Hatterene|Draining Kiss|p1a: Zamazenta
|-supereffective|p1a: Zamazenta
|-damage|p1a: Zamazenta|0 fnt
|-heal|p2a: Hatterene|35/100|[from] drain|[of] p1a: Zamazenta
|faint|p1a: Zamazenta
|
|upkeep
|
|t:|1759077193
|switch|p1a: Raging Bolt|Raging Bolt|100/100
|turn|32
|inactive|Yajityyy has 90 seconds left.
|
|t:|1759077208
|switch|p2a: Gholdengo|Gholdengo|80/100
|-terastallize|p1a: Raging Bolt|Electric
|move|p1a: Raging Bolt|Thunderclap||[still]
|-fail|p1a: Raging Bolt
|
|upkeep
|turn|33
|inactive|Yajityyy has 90 seconds left.
|
|t:|1759077221
|move|p2a: Gholdengo|Nasty Plot|p2a: Gholdengo
|-boost|p2a: Gholdengo|spa|2
|move|p1a: Raging Bolt|Substitute|p1a: Raging Bolt
|-start|p1a: Raging Bolt|Substitute
|-damage|p1a: Raging Bolt|76/100
|
|upkeep
|turn|34
|inactive|Yajityyy has 90 seconds left.
|
|t:|1759077228
|move|p2a: Gholdengo|Make It Rain|p1a: Raging Bolt
|-resisted|p1a: Raging Bolt
|-end|p1a: Raging Bolt|Substitute
|-unboost|p2a: Gholdengo|spa|1
|move|p1a: Raging Bolt|Calm Mind|p1a: Raging Bolt
|-boost|p1a: Raging Bolt|spa|1
|-boost|p1a: Raging Bolt|spd|1
|
|upkeep
|turn|35
|inactive|Yajityyy has 90 seconds left.
|
|t:|1759077240
|move|p1a: Raging Bolt|Thunderclap|p2a: Gholdengo
|-damage|p2a: Gholdengo|0 fnt
|faint|p2a: Gholdengo
|
|upkeep
|inactive|Yajityyy has 90 seconds left.
|
|t:|1759077257
|switch|p2a: Hatterene|Hatterene, F|35/100
|turn|36
|c|☆talonperior|gg
|
|t:|1759077273
|move|p1a: Raging Bolt|Thunderclap|p2a: Hatterene
|-damage|p2a: Hatterene|0 fnt
|faint|p2a: Hatterene
|
|upkeep
|
|t:|1759077276
|switch|p2a: Dragonite|Dragonite, F, tera:Flying|63/100
|turn|37
|
|t:|1759077286
|move|p1a: Raging Bolt|Thunderclap||[still]
|-fail|p1a: Raging Bolt
|move|p2a: Dragonite|Dragon Dance|p2a: Dragonite
|-boost|p2a: Dragonite|atk|1
|-boost|p2a: Dragonite|spe|1
|
|upkeep
|turn|38
|inactive|Yajityyy has 90 seconds left.
|
|t:|1759077292
|move|p2a: Dragonite|Earthquake|p1a: Raging Bolt
|-supereffective|p1a: Raging Bolt
|-damage|p1a: Raging Bolt|0 fnt
|faint|p1a: Raging Bolt
|-end|p1a: Raging Bolt|Protosynthesis|[silent]
|
|upkeep
|c|☆Yajityyy|Ggs
|c|☆talonperior|brooo
|
|t:|1759077301
|switch|p1a: Meowscarada|Meowscarada, F|9/100
|turn|39
|c|☆Yajityyy|Lol
|inactive|Yajityyy has 90 seconds left.
|c|☆Yajityyy|I can read minds bro
|c|☆Yajityyy|Im telling you
|c|☆talonperior|lol
|
|t:|1759077327
|move|p2a: Dragonite|Extreme Speed|p1a: Meowscarada
|-damage|p1a: Meowscarada|0 fnt
|faint|p1a: Meowscarada
|
|win|Yajityyy
|raw|talonperior's rating: 1235 &rarr; <strong>1212</strong><br />(-23 for losing)
|raw|Yajityyy's rating: 1265 &rarr; <strong>1288</strong><br />(+23 for winning)
|c|☆Yajityyy|Gg
|c|☆talonperior|ggg
|l|☆talonperior
|player|p1|
