|j|☆vhvuvuvvujhh
|j|☆raffwastaken
|t:|1758948484
|gametype|singles
|player|p1|vhvuvuvvujhh|policeman|1102
|player|p2|raffwastaken|aaron|1137
|gen|9
|tier|[Gen 9] OU
|rated|
|rule|HP Percentage Mod: HP is shown in percentages
|rule|Endless Battle Clause: Forcing endless battles is banned
|rule|Species Clause: Limit one of each Pokémon
|rule|OHKO Clause: OHKO moves are banned
|rule|Evasion Items Clause: Evasion items are banned
|rule|Evasion Moves Clause: Evasion moves are banned
|rule|Evasion Abilities Clause: Evasion abilities are banned
|rule|Sleep Moves Clause: Sleep-inducing moves are banned
|clearpoke
|poke|p1|Porygon-Z|
|poke|p1|Dragonite, F|
|poke|p1|Kingambit, F|
|poke|p1|Landorus-Therian, M|
|poke|p1|Gengar, F|
|poke|p1|Darkrai|
|poke|p2|Iron Valiant|
|poke|p2|Gliscor, F|
|poke|p2|Slowking-Galar, F|
|poke|p2|Great Tusk|
|poke|p2|Dragapult, F|
|poke|p2|Skarmory, F|
|teampreview
|inactive|Battle timer is ON: inactive players will automatically lose when time's up. (requested by raffwastaken)
|
|t:|1758948489
|teamsize|p1|6
|teamsize|p2|6
|start
|switch|p1a: Gengar|Gengar, F|100/100
|switch|p2a: Skarmory|Skarmory, F|100/100
|turn|1
|
|t:|1758948494
|move|p1a: Gengar|Taunt|p2a: Skarmory
|-start|p2a: Skarmory|move: Taunt
|cant|p2a: Skarmory|move: Taunt|Spikes
|
|upkeep
|turn|2
|
|t:|1758948501
|move|p1a: Gengar|Shadow Ball|p2a: Skarmory
|-damage|p2a: Skarmory|44/100
|-unboost|p2a: Skarmory|spd|1
|move|p2a: Skarmory|Brave Bird|p1a: Gengar
|-damage|p1a: Gengar|28/100
|-damage|p2a: Skarmory|25/100|[from] Recoil
|
|upkeep
|turn|3
|
|t:|1758948509
|switch|p2a: Gliscor|Gliscor, F|100/100
|move|p1a: Gengar|Shadow Ball|p2a: Gliscor
|-damage|p2a: Gliscor|67/100
|
|-status|p2a: Gliscor|tox|[from] item: Toxic Orb
|upkeep
|turn|4
|
|t:|1758948520
|move|p1a: Gengar|Taunt|p2a: Gliscor
|-start|p2a: Gliscor|move: Taunt
|move|p2a: Gliscor|Knock Off|p1a: Gengar
|-supereffective|p1a: Gengar
|-damage|p1a: Gengar|0 fnt
|-enditem|p1a: Gengar|Focus Sash|[from] move: Knock Off|[of] p2a: Gliscor
|faint|p1a: Gengar
|
|-heal|p2a: Gliscor|79/100 tox|[from] ability: Poison Heal
|upkeep
|
|t:|1758948531
|switch|p1a: Porygon-Z|Porygon-Z|100/100
|turn|5
|
|t:|1758948537
|switch|p2a: Slowking|Slowking-Galar, F|100/100
|move|p1a: Porygon-Z|Tri Attack|p2a: Slowking
|-damage|p2a: Slowking|54/100
|
|upkeep
|turn|6
|inactive|vhvuvuvvujhh has 120 seconds left.
|
|t:|1758948568
|move|p1a: Porygon-Z|Tri Attack|p2a: Slowking
|-damage|p2a: Slowking|7/100
|-prepare|p2a: Slowking|Chilly Reception|[premajor]
|move|p2a: Slowking|Chilly Reception|p2a: Slowking
|-weather|Snowscape
|
|t:|1758948572
|switch|p2a: Dragapult|Dragapult, F|100/100|[from] Chilly Reception
|
|-weather|Snowscape|[upkeep]
|upkeep
|turn|7
|
|t:|1758948581
|switch|p1a: Landorus|Landorus-Therian, M|100/100
|-ability|p1a: Landorus|Intimidate|boost
|-unboost|p2a: Dragapult|atk|1
|move|p2a: Dragapult|Will-O-Wisp|p1a: Landorus
|-status|p1a: Landorus|brn
|
|-weather|Snowscape|[upkeep]
|-damage|p1a: Landorus|95/100 brn|[from] brn
|upkeep
|turn|8
|
|t:|1758948593
|-terastallize|p2a: Dragapult|Ghost
|move|p2a: Dragapult|Hex|p1a: Landorus
|-damage|p1a: Landorus|0 fnt
|faint|p1a: Landorus
|
|-weather|Snowscape|[upkeep]
|upkeep
|
|t:|1758948607
|switch|p1a: Darkrai|Darkrai, shiny|100/100
|turn|9
|
|t:|1758948611
|move|p2a: Dragapult|U-turn|p1a: Darkrai
|-supereffective|p1a: Darkrai
|-damage|p1a: Darkrai|68/100
|
|t:|1758948614
|switch|p2a: Gliscor|Gliscor, F|79/100 tox|[from] U-turn
|move|p1a: Darkrai|Dark Pulse|p2a: Gliscor
|-damage|p2a: Gliscor|43/100 tox
|
|-weather|Snowscape|[upkeep]
|-heal|p2a: Gliscor|55/100 tox|[from] ability: Poison Heal
|upkeep
|turn|10
|
|t:|1758948627
|move|p2a: Gliscor|Protect|p2a: Gliscor
|-singleturn|p2a: Gliscor|Protect
|move|p1a: Darkrai|Dark Pulse|p2a: Gliscor
|-activate|p2a: Gliscor|move: Protect
|
|-weather|none
|-heal|p2a: Gliscor|68/100 tox|[from] ability: Poison Heal
|upkeep
|turn|11
|
|t:|1758948637
|move|p1a: Darkrai|Dark Pulse|p2a: Gliscor
|-damage|p2a: Gliscor|34/100 tox
|move|p2a: Gliscor|U-turn|p1a: Darkrai
|-supereffective|p1a: Darkrai
|-damage|p1a: Darkrai|27/100
|
|t:|1758948642
|switch|p2a: Iron Valiant|Iron Valiant|100/100|[from] U-turn
|
|upkeep
|turn|12
|
|t:|1758948651
|-terastallize|p1a: Darkrai|Psychic
|move|p1a: Darkrai|Psychic|p2a: Iron Valiant
|-supereffective|p2a: Iron Valiant
|-damage|p2a: Iron Valiant|0 fnt
|faint|p2a: Iron Valiant
|-end|p2a: Iron Valiant|Quark Drive|[silent]
|
|upkeep
|
|t:|1758948664
|switch|p2a: Dragapult|Dragapult, F, tera:Ghost|100/100
|turn|13
|
|t:|1758948681
|move|p2a: Dragapult|Hex|p1a: Darkrai
|-supereffective|p1a: Darkrai
|-damage|p1a: Darkrai|0 fnt
|faint|p1a: Darkrai
|
|upkeep
|
|t:|1758948688
|switch|p1a: Kingambit|Kingambit, F|100/100
|-activate|p1a: Kingambit|ability: Supreme Overlord
|-start|p1a: Kingambit|fallen3|[silent]
|turn|14
|
|t:|1758948696
|move|p2a: Dragapult|Will-O-Wisp|p1a: Kingambit
|-status|p1a: Kingambit|brn
|move|p1a: Kingambit|Iron Head|p2a: Dragapult
|-damage|p2a: Dragapult|40/100
|-damage|p1a: Kingambit|91/100 brn|[from] item: Life Orb
|
|-damage|p1a: Kingambit|84/100 brn|[from] brn
|upkeep
|turn|15
|
|t:|1758948705
|move|p2a: Dragapult|U-turn|p1a: Kingambit
|-damage|p1a: Kingambit|72/100 brn
|
|t:|1758948708
|switch|p2a: Great Tusk|Great Tusk|100/100|[from] U-turn
|move|p1a: Kingambit|Iron Head|p2a: Great Tusk
|-damage|p2a: Great Tusk|72/100
|-damage|p1a: Kingambit|62/100 brn|[from] item: Life Orb
|
|-damage|p1a: Kingambit|56/100 brn|[from] brn
|upkeep
|turn|16
|
|t:|1758948719
|-end|p1a: Kingambit|fallen3|[silent]
|switch|p1a: Dragonite|Dragonite, F|100/100
|move|p2a: Great Tusk|Ice Spinner|p1a: Dragonite
|-supereffective|p1a: Dragonite
|-damage|p1a: Dragonite|47/100
|-damage|p2a: Great Tusk|56/100|[from] item: Rocky Helmet|[of] p1a: Dragonite
|
|upkeep
|turn|17
|
|t:|1758948726
|move|p2a: Great Tusk|Ice Spinner|p1a: Dragonite
|-supereffective|p1a: Dragonite
|-damage|p1a: Dragonite|0 fnt
|-damage|p2a: Great Tusk|39/100|[from] item: Rocky Helmet|[of] p1a: Dragonite
|faint|p1a: Dragonite
|
|upkeep
|
|t:|1758948747
|switch|p1a: Porygon-Z|Porygon-Z|100/100
|turn|18
|
|t:|1758948755
|-end|p2a: Great Tusk|Protosynthesis|[silent]
|switch|p2a: Slowking|Slowking-Galar, F|40/100
|move|p1a: Porygon-Z|Tri Attack|p2a: Slowking
|-damage|p2a: Slowking|0 fnt
|faint|p2a: Slowking
|
|upkeep
|
|t:|1758948761
|switch|p2a: Dragapult|Dragapult, F, tera:Ghost|40/100
|turn|19
|
|t:|1758948765
|switch|p1a: Kingambit|Kingambit, F|56/100 brn
|-activate|p1a: Kingambit|ability: Supreme Overlord
|-start|p1a: Kingambit|fallen4|[silent]
|move|p2a: Dragapult|Hex|p1a: Kingambit
|-resisted|p1a: Kingambit
|-damage|p1a: Kingambit|21/100 brn
|
|-damage|p1a: Kingambit|15/100 brn|[from] brn
|upkeep
|turn|20
|
|t:|1758948794
|switch|p2a: Skarmory|Skarmory, F|25/100
|move|p1a: Kingambit|Sucker Punch||[still]
|-fail|p1a: Kingambit
|
|-damage|p1a: Kingambit|8/100 brn|[from] brn
|upkeep
|turn|21
|-message|vhvuvuvvujhh forfeited.
|
|win|raffwastaken
|raw|vhvuvuvvujhh's rating: 1077 &rarr; <strong>1059</strong><br />(-18 for losing)
|raw|raffwastaken's rating: 1137 &rarr; <strong>1158</strong><br />(+21 for winning)
|l|☆vhvuvuvvujhh
|player|p1|
