|j|☆puffpasties
|j|☆bittington
|t:|1759004064
|gametype|singles
|player|p1|puffpasties|dawn|1085
|player|p2|bittington|sabrina|1078
|gen|9
|tier|[Gen 9] OU
|rated|
|rule|HP Percentage Mod: HP is shown in percentages
|rule|Endless Battle Clause: Forcing endless battles is banned
|rule|Species Clause: Limit one of each Pokémon
|rule|OHKO Clause: OHKO moves are banned
|rule|Evasion Items Clause: Evasion items are banned
|rule|Evasion Moves Clause: Evasion moves are banned
|rule|Evasion Abilities Clause: Evasion abilities are banned
|rule|Sleep Moves Clause: Sleep-inducing moves are banned
|clearpoke
|poke|p1|Scizor, M|
|poke|p1|Zoroark-Hisui, F|
|poke|p1|Ninetales-Alola, M|
|poke|p1|Gardevoir, F|
|poke|p1|Gyarados, F|
|poke|p1|Garchomp, M|
|poke|p2|Mimikyu, M|
|poke|p2|Weezing, F|
|poke|p2|Meowth, F|
|poke|p2|Yanmega, F|
|poke|p2|Seviper, M|
|poke|p2|Victreebel, F|
|teampreview
|
|t:|1759004094
|teamsize|p1|6
|teamsize|p2|6
|start
|switch|p1a: Gardevoir|Gardevoir, F|100/100
|switch|p2a: Seviper|Seviper, M|100/100
|-ability|p1a: Gardevoir|Infiltrator|Trace|[from] ability: Trace|[of] p2a: Seviper
|-item|p2a: Seviper|Air Balloon
|turn|1
|
|t:|1759004118
|move|p1a: Gardevoir|Reflect|p1a: Gardevoir
|-sidestart|p1: puffpasties|Reflect
|move|p2a: Seviper|Glare|p1a: Gardevoir
|-status|p1a: Gardevoir|par
|
|upkeep
|turn|2
|
|t:|1759004126
|move|p2a: Seviper|Gunk Shot|p1a: Gardevoir
|-supereffective|p1a: Gardevoir
|-damage|p1a: Gardevoir|0 fnt
|faint|p1a: Gardevoir
|
|upkeep
|
|t:|1759004146
|switch|p1a: Garchomp|Garchomp, M|100/100
|turn|3
|
|t:|1759004153
|move|p1a: Garchomp|Swords Dance|p1a: Garchomp
|-boost|p1a: Garchomp|atk|2
|move|p2a: Seviper|Coil|p2a: Seviper
|-boost|p2a: Seviper|atk|1
|-boost|p2a: Seviper|def|1
|-boost|p2a: Seviper|accuracy|1
|
|upkeep
|turn|4
|
|t:|1759004161
|move|p1a: Garchomp|Earthquake|p2a: Seviper
|-immune|p2a: Seviper
|move|p2a: Seviper|Gunk Shot|p1a: Garchomp
|-resisted|p1a: Garchomp
|-damage|p1a: Garchomp|60/100
|
|upkeep
|turn|5
|
|t:|1759004177
|move|p1a: Garchomp|Dragon Claw|p2a: Seviper
|-damage|p2a: Seviper|0 fnt
|-enditem|p2a: Seviper|Air Balloon
|faint|p2a: Seviper
|-damage|p1a: Garchomp|50/100|[from] item: Life Orb
|
|upkeep
|
|t:|1759004192
|switch|p2a: Yanmega|Yanmega, F|100/100
|turn|6
|
|t:|1759004212
|move|p2a: Yanmega|Protect|p2a: Yanmega
|-singleturn|p2a: Yanmega|Protect
|move|p1a: Garchomp|Stone Edge|p2a: Yanmega
|-activate|p2a: Yanmega|move: Protect
|
|-ability|p2a: Yanmega|Speed Boost|boost
|-boost|p2a: Yanmega|spe|1
|upkeep
|turn|7
|
|t:|1759004222
|move|p2a: Yanmega|Bug Buzz|p1a: Garchomp
|-damage|p1a: Garchomp|0 fnt
|faint|p1a: Garchomp
|
|-ability|p2a: Yanmega|Speed Boost|boost
|-boost|p2a: Yanmega|spe|1
|upkeep
|
|t:|1759004227
|switch|p1a: Scizor|Scizor, M|100/100
|turn|8
|
|t:|1759004232
|move|p2a: Yanmega|Protect|p2a: Yanmega
|-singleturn|p2a: Yanmega|Protect
|move|p1a: Scizor|Swords Dance|p1a: Scizor
|-boost|p1a: Scizor|atk|2
|
|-sideend|p1: puffpasties|Reflect
|-ability|p2a: Yanmega|Speed Boost|boost
|-boost|p2a: Yanmega|spe|1
|upkeep
|turn|9
|
|t:|1759004241
|move|p1a: Scizor|Bullet Punch|p2a: Yanmega
|-damage|p2a: Yanmega|9/100
|move|p2a: Yanmega|Shadow Ball|p1a: Scizor
|-damage|p1a: Scizor|69/100
|
|-heal|p1a: Scizor|75/100|[from] item: Leftovers
|-ability|p2a: Yanmega|Speed Boost|boost
|-boost|p2a: Yanmega|spe|1
|upkeep
|turn|10
|
|t:|1759004252
|switch|p2a: Weezing|Weezing, F|100/100
|move|p1a: Scizor|Swords Dance|p1a: Scizor
|-boost|p1a: Scizor|atk|2
|
|-heal|p1a: Scizor|81/100|[from] item: Leftovers
|upkeep
|turn|11
|
|t:|1759004271
|move|p1a: Scizor|Bullet Punch|p2a: Weezing
|-damage|p2a: Weezing|39/100
|move|p2a: Weezing|Will-O-Wisp|p1a: Scizor
|-status|p1a: Scizor|brn
|
|-heal|p1a: Scizor|87/100 brn|[from] item: Leftovers
|-heal|p2a: Weezing|45/100|[from] item: Black Sludge
|-damage|p1a: Scizor|81/100 brn|[from] brn
|upkeep
|turn|12
|
|t:|1759004283
|move|p1a: Scizor|U-turn|p2a: Weezing
|-resisted|p2a: Weezing
|-damage|p2a: Weezing|24/100
|
|t:|1759004300
|switch|p1a: Gyarados|Gyarados, F|100/100|[from] U-turn
|move|p2a: Weezing|Pain Split|p1a: Gyarados
|-sethp|p1a: Gyarados|66/100|[from] move: Pain Split|[silent]
|-sethp|p2a: Weezing|50/100|[from] move: Pain Split
|
|-heal|p2a: Weezing|56/100|[from] item: Black Sludge
|upkeep
|turn|13
|
|t:|1759004325
|move|p1a: Gyarados|Flamethrower|p2a: Weezing
|-damage|p2a: Weezing|0 fnt
|faint|p2a: Weezing
|-damage|p1a: Gyarados|56/100|[from] item: Life Orb
|
|upkeep
|
|t:|1759004350
|switch|p2a: Victreebel|Victreebel, F|100/100
|turn|14
|
|t:|1759004376
|move|p1a: Gyarados|Flamethrower|p2a: Victreebel
|-supereffective|p2a: Victreebel
|-damage|p2a: Victreebel|0 fnt
|faint|p2a: Victreebel
|-damage|p1a: Gyarados|46/100|[from] item: Life Orb
|
|upkeep
|
|t:|1759004389
|switch|p2a: Mimikyu|Mimikyu, M|100/100
|turn|15
|inactive|Battle timer is ON: inactive players will automatically lose when time's up. (requested by bittington)
|inactive|puffpasties has 120 seconds left.
|
|t:|1759004447
|move|p1a: Gyarados|Dark Pulse|p2a: Mimikyu
|-activate|p2a: Mimikyu|ability: Disguise
|-damage|p2a: Mimikyu|100/100
|detailschange|p2a: Mimikyu|Mimikyu-Busted, M
|-damage|p2a: Mimikyu|88/100|[from] pokemon: Mimikyu-Busted
|-damage|p1a: Gyarados|36/100|[from] item: Life Orb
|move|p2a: Mimikyu|Swords Dance|p2a: Mimikyu
|-boost|p2a: Mimikyu|atk|2
|
|upkeep
|turn|16
|
|t:|1759004464
|move|p1a: Gyarados|Flamethrower|p2a: Mimikyu
|-crit|p2a: Mimikyu
|-damage|p2a: Mimikyu|9/100
|-damage|p1a: Gyarados|26/100|[from] item: Life Orb
|move|p2a: Mimikyu|Shadow Claw|p1a: Gyarados
|-immune|p1a: Gyarados
|
|upkeep
|turn|17
|inactive|bittington has 120 seconds left.
|-message|bittington forfeited.
|
|win|puffpasties
|raw|puffpasties's rating: 1085 &rarr; <strong>1112</strong><br />(+27 for winning)
|raw|bittington's rating: 1078 &rarr; <strong>1057</strong><br />(-21 for losing)
|l|☆bittington
|player|p2|
|l|☆puffpasties
|player|p1|
