|j|☆Hoennseptile
|j|☆CDCS3 Junho
|inactive|Battle timer is ON: inactive players will automatically lose when time's up.
|t:|1759066717
|gametype|singles
|player|p1|Hoennseptile|#uplximelmetal|
|player|p2|CDCS3 Junho|lass|
|gen|9
|tier|[Gen 9] OU
|rated|Tournament battle
|rule|HP Percentage Mod: HP is shown in percentages
|rule|Endless Battle Clause: Forcing endless battles is banned
|rule|Species Clause: Limit one of each Pokémon
|rule|OHKO Clause: OHKO moves are banned
|rule|Evasion Items Clause: Evasion items are banned
|rule|Evasion Moves Clause: Evasion moves are banned
|rule|Evasion Abilities Clause: Evasion abilities are banned
|rule|Sleep Moves Clause: Sleep-inducing moves are banned
|clearpoke
|poke|p1|Dragapult, F|
|poke|p1|Kyurem|
|poke|p1|Kingambit, F|
|poke|p1|Cinderace, M|
|poke|p1|Landorus-Therian, M|
|poke|p1|Glimmora, F|
|poke|p2|Dragapult, M|
|poke|p2|Corviknight, M|
|poke|p2|Ogerpon-Wellspring, F|
|poke|p2|Iron Valiant|
|poke|p2|Slowking-Galar, M|
|poke|p2|Great Tusk|
|teampreview
|j|*Lady Monita ☀
|c|☆Hoennseptile|hf
|c|☆CDCS3 Junho|U2
|inactive|Hoennseptile has 120 seconds left.
|inactive|CDCS3 Junho has 120 seconds left.
|
|t:|1759066753
|teamsize|p1|6
|teamsize|p2|6
|start
|switch|p1a: Dragapult|Dragapult, F|100/100
|switch|p2a: Dragapult|Dragapult, M, shiny|100/100
|turn|1
|
|t:|1759066764
|move|p1a: Dragapult|Draco Meteor|p2a: Dragapult
|-supereffective|p2a: Dragapult
|-damage|p2a: Dragapult|0 fnt
|-unboost|p1a: Dragapult|spa|2
|faint|p2a: Dragapult
|
|upkeep
|
|t:|1759066769
|switch|p2a: Iron Valiant|Iron Valiant|100/100
|turn|2
|
|t:|1759066782
|switch|p1a: Cinderace|Cinderace, M|100/100
|move|p2a: Iron Valiant|Shadow Ball|p1a: Cinderace
|-crit|p1a: Cinderace
|-damage|p1a: Cinderace|10/100
|
|upkeep
|turn|3
|
|t:|1759066791
|-end|p2a: Iron Valiant|Quark Drive|[silent]
|switch|p2a: Slowking|Slowking-Galar, M|100/100
|move|p1a: Cinderace|Gunk Shot|p2a: Slowking
|-start|p1a: Cinderace|typechange|Poison|[from] ability: Libero
|-resisted|p2a: Slowking
|-damage|p2a: Slowking|69/100
|
|upkeep
|turn|4
|
|t:|1759066797
|move|p1a: Cinderace|U-turn|p2a: Slowking
|-damage|p2a: Slowking|45/100
|
|t:|1759066800
|switch|p1a: Dragapult|Dragapult, F|100/100|[from] U-turn
|-prepare|p2a: Slowking|Chilly Reception|[premajor]
|move|p2a: Slowking|Chilly Reception|p2a: Slowking
|-weather|Snowscape
|
|t:|1759066821
|switch|p2a: Corviknight|Corviknight, M|100/100|[from] Chilly Reception
|-ability|p2a: Corviknight|Pressure
|
|-weather|Snowscape|[upkeep]
|upkeep
|turn|5
|
|t:|1759066826
|switch|p2a: Slowking|Slowking-Galar, M|79/100
|move|p1a: Dragapult|Flamethrower|p2a: Slowking
|-damage|p2a: Slowking|56/100
|
|-weather|Snowscape|[upkeep]
|upkeep
|turn|6
|
|t:|1759066838
|switch|p1a: Glimmora|Glimmora, F|100/100
|-prepare|p2a: Slowking|Chilly Reception|[premajor]
|move|p2a: Slowking|Chilly Reception|p2a: Slowking
|
|t:|1759066849
|switch|p2a: Great Tusk|Great Tusk|100/100|[from] Chilly Reception
|
|-weather|Snowscape|[upkeep]
|upkeep
|turn|7
|inactive|Hoennseptile has 120 seconds left.
|
|t:|1759066885
|switch|p1a: Landorus|Landorus-Therian, M|100/100
|-ability|p1a: Landorus|Intimidate|boost
|-unboost|p2a: Great Tusk|atk|1
|move|p2a: Great Tusk|Stealth Rock|p1a: Landorus
|-sidestart|p1: Hoennseptile|move: Stealth Rock
|
|-weather|Snowscape|[upkeep]
|upkeep
|turn|8
|inactive|Hoennseptile has 120 seconds left.
|
|t:|1759066891
|move|p1a: Landorus|Stealth Rock|p2a: Great Tusk
|-sidestart|p2: CDCS3 Junho|move: Stealth Rock
|move|p2a: Great Tusk|Knock Off|p1a: Landorus
|-damage|p1a: Landorus|83/100
|-damage|p2a: Great Tusk|84/100|[from] item: Rocky Helmet|[of] p1a: Landorus
|-enditem|p1a: Landorus|Rocky Helmet|[from] move: Knock Off|[of] p2a: Great Tusk
|
|-weather|none
|upkeep
|turn|9
|
|t:|1759066897
|move|p1a: Landorus|Earthquake|p2a: Great Tusk
|-damage|p2a: Great Tusk|54/100
|move|p2a: Great Tusk|Knock Off|p1a: Landorus
|-damage|p1a: Landorus|71/100
|
|upkeep
|turn|10
|
|t:|1759066902
|move|p1a: Landorus|Earthquake|p2a: Great Tusk
|-damage|p2a: Great Tusk|24/100
|move|p2a: Great Tusk|Rapid Spin|p1a: Landorus
|-damage|p1a: Landorus|61/100
|-boost|p2a: Great Tusk|spe|1
|-sideend|p2: CDCS3 Junho|Stealth Rock|[from] move: Rapid Spin|[of] p2a: Great Tusk
|
|upkeep
|turn|11
|
|t:|1759066908
|-end|p2a: Great Tusk|Protosynthesis|[silent]
|switch|p2a: Ogerpon|Ogerpon-Wellspring, F|100/100
|move|p1a: Landorus|Earthquake|p2a: Ogerpon
|-resisted|p2a: Ogerpon
|-damage|p2a: Ogerpon|68/100
|
|upkeep
|turn|12
|
|t:|1759066917
|switch|p1a: Glimmora|Glimmora, F|100/100
|-damage|p1a: Glimmora|88/100|[from] Stealth Rock
|move|p2a: Ogerpon|Ivy Cudgel|p1a: Glimmora|[anim] Ivy Cudgel Water
|-supereffective|p1a: Glimmora
|-damage|p1a: Glimmora|6/100
|-activate|p1a: Glimmora|ability: Toxic Debris
|-sidestart|p2: CDCS3 Junho|move: Toxic Spikes
|-enditem|p1a: Glimmora|Red Card|[of] p2a: Ogerpon
|drag|p2a: Great Tusk|Great Tusk|24/100
|
|upkeep
|turn|13
|
|t:|1759066923
|move|p2a: Great Tusk|Rapid Spin|p1a: Glimmora
|-resisted|p1a: Glimmora
|-damage|p1a: Glimmora|1/100
|-boost|p2a: Great Tusk|spe|1
|-activate|p1a: Glimmora|ability: Toxic Debris
|-sidestart|p2: CDCS3 Junho|move: Toxic Spikes
|-sideend|p2: CDCS3 Junho|Toxic Spikes|[from] move: Rapid Spin|[of] p2a: Great Tusk
|move|p1a: Glimmora|Earth Power|p2a: Great Tusk
|-damage|p2a: Great Tusk|0 fnt
|faint|p2a: Great Tusk
|-end|p2a: Great Tusk|Protosynthesis|[silent]
|
|upkeep
|
|t:|1759066928
|switch|p2a: Iron Valiant|Iron Valiant|100/100
|turn|14
|
|t:|1759066933
|move|p2a: Iron Valiant|Moonblast|p1a: Glimmora
|-resisted|p1a: Glimmora
|-damage|p1a: Glimmora|0 fnt
|faint|p1a: Glimmora
|
|upkeep
|
|t:|1759066937
|switch|p1a: Kingambit|Kingambit, F|100/100
|-damage|p1a: Kingambit|94/100|[from] Stealth Rock
|-activate|p1a: Kingambit|ability: Supreme Overlord
|-start|p1a: Kingambit|fallen1|[silent]
|turn|15
|
|t:|1759066945
|-end|p1a: Kingambit|fallen1|[silent]
|switch|p1a: Cinderace|Cinderace, M|10/100
|-terastallize|p2a: Iron Valiant|Fairy
|move|p2a: Iron Valiant|Moonblast|p1a: Cinderace
|-resisted|p1a: Cinderace
|-damage|p1a: Cinderace|0 fnt
|faint|p1a: Cinderace
|
|upkeep
|
|t:|1759066963
|switch|p1a: Kingambit|Kingambit, F|94/100
|-damage|p1a: Kingambit|88/100|[from] Stealth Rock
|-activate|p1a: Kingambit|ability: Supreme Overlord
|-start|p1a: Kingambit|fallen2|[silent]
|turn|16
|
|t:|1759066969
|-end|p2a: Iron Valiant|Quark Drive|[silent]
|switch|p2a: Corviknight|Corviknight, M|100/100
|-ability|p2a: Corviknight|Pressure
|-terastallize|p1a: Kingambit|Fire
|move|p1a: Kingambit|Iron Head|p2a: Corviknight
|-resisted|p2a: Corviknight
|-damage|p2a: Corviknight|83/100
|-damage|p1a: Kingambit|72/100|[from] item: Rocky Helmet|[of] p2a: Corviknight
|
|upkeep
|turn|17
|
|t:|1759066983
|-end|p1a: Kingambit|fallen2|[silent]
|switch|p1a: Landorus|Landorus-Therian, M|61/100
|-damage|p1a: Landorus|49/100|[from] Stealth Rock
|-ability|p1a: Landorus|Intimidate|boost
|-unboost|p2a: Corviknight|atk|1
|move|p2a: Corviknight|Brave Bird|p1a: Landorus
|-damage|p1a: Landorus|26/100
|-damage|p2a: Corviknight|76/100|[from] Recoil
|
|upkeep
|turn|18
|
|t:|1759066990
|move|p1a: Landorus|Stealth Rock|p2a: Corviknight
|-sidestart|p2: CDCS3 Junho|move: Stealth Rock
|move|p2a: Corviknight|U-turn|p1a: Landorus
|-resisted|p1a: Landorus
|-damage|p1a: Landorus|21/100
|
|t:|1759066992
|switch|p2a: Ogerpon|Ogerpon-Wellspring, F|68/100|[from] U-turn
|-damage|p2a: Ogerpon|56/100|[from] Stealth Rock
|
|upkeep
|turn|19
|
|t:|1759066995
|move|p2a: Ogerpon|Ivy Cudgel|p1a: Landorus|[anim] Ivy Cudgel Water
|-supereffective|p1a: Landorus
|-damage|p1a: Landorus|0 fnt
|faint|p1a: Landorus
|
|upkeep
|
|t:|1759066998
|switch|p1a: Dragapult|Dragapult, F|100/100
|-damage|p1a: Dragapult|88/100|[from] Stealth Rock
|turn|20
|
|t:|1759067015
|move|p1a: Dragapult|Shadow Ball|p2a: Ogerpon
|-damage|p2a: Ogerpon|0 fnt
|faint|p2a: Ogerpon
|
|upkeep
|
|t:|1759067019
|switch|p2a: Slowking|Slowking-Galar, M|90/100
|turn|21
|
|t:|1759067038
|move|p1a: Dragapult|Shadow Ball|p2a: Slowking
|-supereffective|p2a: Slowking
|-damage|p2a: Slowking|27/100
|move|p2a: Slowking|Thunder Wave|p1a: Dragapult
|-status|p1a: Dragapult|par
|
|upkeep
|turn|22
|
|t:|1759067046
|move|p1a: Dragapult|Shadow Ball|p2a: Slowking
|-supereffective|p2a: Slowking
|-damage|p2a: Slowking|0 fnt
|faint|p2a: Slowking
|
|upkeep
|
|t:|1759067048
|switch|p2a: Iron Valiant|Iron Valiant, tera:Fairy|100/100
|-damage|p2a: Iron Valiant|88/100|[from] Stealth Rock
|turn|23
|c|☆CDCS3 Junho|gg
|
|t:|1759067066
|switch|p1a: Kyurem|Kyurem|100/100
|-damage|p1a: Kyurem|76/100|[from] Stealth Rock
|-ability|p1a: Kyurem|Pressure
|move|p2a: Iron Valiant|Moonblast|p1a: Kyurem
|-supereffective|p1a: Kyurem
|-damage|p1a: Kyurem|0 fnt
|faint|p1a: Kyurem
|
|upkeep
|
|t:|1759067069
|switch|p1a: Kingambit|Kingambit, F, tera:Fire|72/100
|-damage|p1a: Kingambit|47/100|[from] Stealth Rock
|-activate|p1a: Kingambit|ability: Supreme Overlord
|-start|p1a: Kingambit|fallen4|[silent]
|turn|24
|
|t:|1759067077
|-end|p1a: Kingambit|fallen4|[silent]
|switch|p1a: Dragapult|Dragapult, F|88/100 par
|-damage|p1a: Dragapult|76/100 par|[from] Stealth Rock
|move|p2a: Iron Valiant|Moonblast|p1a: Dragapult
|-supereffective|p1a: Dragapult
|-damage|p1a: Dragapult|0 fnt
|faint|p1a: Dragapult
|
|upkeep
|c|☆Hoennseptile|gg
|-message|Hoennseptile forfeited.
|
|win|CDCS3 Junho
|n|☆Hoennseptile|hoennseptile
|n|☆CDCS3 Junho|cdcs3junho
|n|*Lady Monita ☀|ladymonita
|l|*Lady Monita ☀
