|j|☆ach27
|j|☆Beasteucloid123
|t:|1759000447
|gametype|singles
|player|p1|ach27|265|1317
|player|p2|Beasteucloid123|169|1367
|gen|9
|tier|[Gen 9] OU
|rated|
|rule|HP Percentage Mod: HP is shown in percentages
|rule|Endless Battle Clause: Forcing endless battles is banned
|rule|Species Clause: Limit one of each Pokémon
|rule|OHKO Clause: OHKO moves are banned
|rule|Evasion Items Clause: Evasion items are banned
|rule|Evasion Moves Clause: Evasion moves are banned
|rule|Evasion Abilities Clause: Evasion abilities are banned
|rule|Sleep Moves Clause: Sleep-inducing moves are banned
|clearpoke
|poke|p1|Araquanid, F|
|poke|p1|Scizor, M|
|poke|p1|Forretress, M|
|poke|p1|Kleavor, F|
|poke|p1|Galvantula, F|
|poke|p1|Vikavolt, F|
|poke|p2|Ninetales-Alola, F|
|poke|p2|Sandslash-Alola, M|
|poke|p2|Cetitan, M|
|poke|p2|Kyurem|
|poke|p2|Zamazenta-*|
|poke|p2|Moltres|
|teampreview
|inactive|Battle timer is ON: inactive players will automatically lose when time's up. (requested by ach27)
|inactive|Beasteucloid123 has 120 seconds left.
|
|t:|1759000497
|teamsize|p1|6
|teamsize|p2|6
|start
|switch|p1a: Vikavolt|Vikavolt, F|100/100
|switch|p2a: Ninetales|Ninetales-Alola, F|100/100
|-weather|Snowscape|[from] ability: Snow Warning|[of] p2a: Ninetales
|turn|1
|
|t:|1759000525
|switch|p2a: Kyurem|Kyurem|100/100
|-ability|p2a: Kyurem|Pressure
|move|p1a: Vikavolt|Volt Switch|p2a: Kyurem
|-resisted|p2a: Kyurem
|-damage|p2a: Kyurem|68/100
|
|t:|1759000534
|switch|p1a: Kleavor|Kleavor, F|100/100|[from] Volt Switch
|
|-weather|Snowscape|[upkeep]
|upkeep
|turn|2
|inactive|Beasteucloid123 has 120 seconds left.
|
|t:|1759000556
|switch|p2a: Zamazenta|Zamazenta|100/100
|-ability|p2a: Zamazenta|Dauntless Shield|boost
|-boost|p2a: Zamazenta|def|1
|move|p1a: Kleavor|Stone Axe|p2a: Zamazenta
|-resisted|p2a: Zamazenta
|-damage|p2a: Zamazenta|82/100
|-sidestart|p2: Beasteucloid123|move: Stealth Rock
|-damage|p1a: Kleavor|91/100|[from] item: Life Orb
|
|-weather|Snowscape|[upkeep]
|-heal|p2a: Zamazenta|88/100|[from] item: Leftovers
|upkeep
|turn|3
|inactive|Beasteucloid123 has 120 seconds left.
|
|t:|1759000580
|switch|p1a: Vikavolt|Vikavolt, F|100/100
|move|p2a: Zamazenta|Body Press|p1a: Vikavolt
|-resisted|p1a: Vikavolt
|-damage|p1a: Vikavolt|76/100
|
|-weather|Snowscape|[upkeep]
|-heal|p2a: Zamazenta|95/100|[from] item: Leftovers
|upkeep
|turn|4
|
|t:|1759000594
|move|p2a: Zamazenta|Body Press|p1a: Vikavolt
|-resisted|p1a: Vikavolt
|-damage|p1a: Vikavolt|53/100
|move|p1a: Vikavolt|Thunderbolt|p2a: Zamazenta
|-damage|p2a: Zamazenta|27/100
|
|-weather|Snowscape|[upkeep]
|-heal|p2a: Zamazenta|33/100|[from] item: Leftovers
|upkeep
|turn|5
|
|t:|1759000615
|switch|p2a: Kyurem|Kyurem|68/100
|-damage|p2a: Kyurem|43/100|[from] Stealth Rock
|-ability|p2a: Kyurem|Pressure
|move|p1a: Vikavolt|Thunderbolt|p2a: Kyurem
|-resisted|p2a: Kyurem
|-damage|p2a: Kyurem|1/100
|
|-weather|Snowscape|[upkeep]
|upkeep
|turn|6
|inactive|Beasteucloid123 has 90 seconds left.
|
|t:|1759000639
|move|p2a: Kyurem|Draco Meteor|p1a: Vikavolt
|-damage|p1a: Vikavolt|0 fnt
|-unboost|p2a: Kyurem|spa|2
|faint|p1a: Vikavolt
|
|-weather|Snowscape|[upkeep]
|upkeep
|
|t:|1759000647
|switch|p1a: Kleavor|Kleavor, F|91/100
|turn|7
|
|t:|1759000660
|move|p2a: Kyurem|Draco Meteor|p1a: Kleavor
|-damage|p1a: Kleavor|13/100
|-unboost|p2a: Kyurem|spa|2
|move|p1a: Kleavor|Trailblaze|p2a: Kyurem
|-resisted|p2a: Kyurem
|-damage|p2a: Kyurem|0 fnt
|-boost|p1a: Kleavor|spe|1
|faint|p2a: Kyurem
|-damage|p1a: Kleavor|3/100|[from] item: Life Orb
|
|-weather|Snowscape|[upkeep]
|upkeep
|inactive|Beasteucloid123 has 90 seconds left.
|
|t:|1759000685
|switch|p2a: Slush|Sandslash-Alola, M|100/100
|turn|8
|
|t:|1759000690
|move|p2a: Slush|Rapid Spin|p1a: Kleavor
|-resisted|p1a: Kleavor
|-damage|p1a: Kleavor|0 fnt
|-boost|p2a: Slush|spe|1
|-sideend|p2: Beasteucloid123|Stealth Rock|[from] move: Rapid Spin|[of] p2a: Slush
|faint|p1a: Kleavor
|
|-weather|none
|upkeep
|
|t:|1759000698
|switch|p1a: Galvantula|Galvantula, F|100/100
|turn|9
|
|t:|1759000704
|move|p1a: Galvantula|Thunder|p2a: Slush
|-damage|p2a: Slush|25/100
|move|p2a: Slush|Triple Axel|p1a: Galvantula
|-damage|p1a: Galvantula|81/100
|-damage|p1a: Galvantula|49/100
|-damage|p1a: Galvantula|0 fnt
|faint|p1a: Galvantula
|-hitcount|p1: Galvantula|3
|
|upkeep
|
|t:|1759000716
|switch|p1a: Araquanid|Araquanid, F|100/100
|turn|10
|
|t:|1759000723
|switch|p2a: Ninetales|Ninetales-Alola, F|100/100
|-weather|Snowscape|[from] ability: Snow Warning|[of] p2a: Ninetales
|move|p1a: Araquanid|Iron Defense|p1a: Araquanid
|-boost|p1a: Araquanid|def|2
|
|-weather|Snowscape|[upkeep]
|upkeep
|turn|11
|
|t:|1759000748
|switch|p2a: Zamazenta|Zamazenta|33/100
|move|p1a: Araquanid|Liquidation|p2a: Zamazenta
|-damage|p2a: Zamazenta|0 fnt
|faint|p2a: Zamazenta
|
|-weather|Snowscape|[upkeep]
|upkeep
|
|t:|1759000754
|switch|p2a: Moltres|Moltres|100/100
|-ability|p2a: Moltres|Pressure
|turn|12
|
|t:|1759000760
|move|p2a: Moltres|Hurricane|p1a: Araquanid
|-supereffective|p1a: Araquanid
|-damage|p1a: Araquanid|25/100
|move|p1a: Araquanid|Liquidation|p2a: Moltres
|-supereffective|p2a: Moltres
|-damage|p2a: Moltres|6/100
|-unboost|p2a: Moltres|def|1
|
|-weather|Snowscape|[upkeep]
|-heal|p1a: Araquanid|31/100|[from] item: Leftovers
|upkeep
|turn|13
|
|t:|1759000771
|switch|p1a: Scizor|Scizor, M|100/100
|move|p2a: Moltres|Hurricane|p1a: Scizor|[miss]
|-miss|p2a: Moltres|p1a: Scizor
|
|-weather|Snowscape|[upkeep]
|upkeep
|turn|14
|inactive|Beasteucloid123 has 90 seconds left.
|inactive|Beasteucloid123 has 60 seconds left.
|
|t:|1759000831
|switch|p2a: Slush|Sandslash-Alola, M|25/100
|move|p1a: Scizor|Bullet Punch|p2a: Slush
|-damage|p2a: Slush|0 fnt
|faint|p2a: Slush
|-damage|p1a: Scizor|91/100|[from] item: Life Orb
|
|-weather|Snowscape|[upkeep]
|upkeep
|
|t:|1759000838
|switch|p2a: Snowballer|Cetitan, M|100/100
|turn|15
|inactive|Beasteucloid123 has 60 seconds left.
|
|t:|1759000845
|-terastallize|p2a: Snowballer|Water
|-terastallize|p1a: Scizor|Steel
|move|p1a: Scizor|Bullet Punch|p2a: Snowballer
|-resisted|p2a: Snowballer
|-damage|p2a: Snowballer|68/100
|-damage|p1a: Scizor|81/100|[from] item: Life Orb
|move|p2a: Snowballer|Belly Drum|p2a: Snowballer
|-damage|p2a: Snowballer|18/100
|-setboost|p2a: Snowballer|atk|6|[from] move: Belly Drum
|-enditem|p2a: Snowballer|Sitrus Berry|[eat]
|-heal|p2a: Snowballer|43/100|[from] item: Sitrus Berry
|
|-weather|Snowscape|[upkeep]
|upkeep
|turn|16
|inactive|Beasteucloid123 has 60 seconds left.
|
|t:|1759000862
|move|p2a: Snowballer|Earthquake|p1a: Scizor
|-supereffective|p1a: Scizor
|-damage|p1a: Scizor|0 fnt
|faint|p1a: Scizor
|
|-weather|Snowscape|[upkeep]
|upkeep
|
|t:|1759000868
|switch|p1a: Forretress|Forretress, M|100/100
|turn|17
|inactive|Beasteucloid123 has 60 seconds left.
|
|t:|1759000878
|move|p2a: Snowballer|Earthquake|p1a: Forretress
|-damage|p1a: Forretress|30/100
|move|p1a: Forretress|Body Press|p2a: Snowballer
|-damage|p2a: Snowballer|13/100
|
|-weather|none
|upkeep
|turn|18
|inactive|Beasteucloid123 has 60 seconds left.
|
|t:|1759000892
|move|p2a: Snowballer|Earthquake|p1a: Forretress
|-damage|p1a: Forretress|0 fnt
|faint|p1a: Forretress
|
|upkeep
|
|t:|1759000896
|switch|p1a: Araquanid|Araquanid, F|31/100
|turn|19
|
|t:|1759000901
|move|p2a: Snowballer|Ice Shard|p1a: Araquanid
|-resisted|p1a: Araquanid
|-damage|p1a: Araquanid|0 fnt
|faint|p1a: Araquanid
|
|win|Beasteucloid123
|raw|ach27's rating: 1317 &rarr; <strong>1300</strong><br />(-17 for losing)
|raw|Beasteucloid123's rating: 1367 &rarr; <strong>1384</strong><br />(+17 for winning)
|l|☆ach27
|player|p1|
|l|☆Beasteucloid123
|player|p2|
