|j|☆caracarton23
|j|☆jxnpm80
|t:|1759001004
|gametype|singles
|player|p1|caracarton23|clair|1138
|player|p2|jxnpm80|1|1173
|gen|9
|tier|[Gen 9] OU
|rated|
|rule|HP Percentage Mod: HP is shown in percentages
|rule|Endless Battle Clause: Forcing endless battles is banned
|rule|Species Clause: Limit one of each Pokémon
|rule|OHKO Clause: OHKO moves are banned
|rule|Evasion Items Clause: Evasion items are banned
|rule|Evasion Moves Clause: Evasion moves are banned
|rule|Evasion Abilities Clause: Evasion abilities are banned
|rule|Sleep Moves Clause: Sleep-inducing moves are banned
|clearpoke
|poke|p1|Gholdengo|
|poke|p1|Iron Valiant|
|poke|p1|Toxapex, F|
|poke|p1|Pelipper, M|
|poke|p1|Kingambit, M|
|poke|p1|Great Tusk|
|poke|p2|Flapple, F|
|poke|p2|Cresselia, F|
|poke|p2|Iron Moth|
|poke|p2|Kingambit, F|
|poke|p2|Iron Treads|
|poke|p2|Sandy Shocks|
|teampreview
|
|t:|1759001013
|teamsize|p1|6
|teamsize|p2|6
|start
|switch|p1a: PeliGOAT|Pelipper, M, shiny|100/100
|switch|p2a: Sal Bandz|Sandy Shocks|100/100
|-weather|RainDance|[from] ability: Drizzle|[of] p1a: PeliGOAT
|-enditem|p2a: Sal Bandz|Booster Energy
|-activate|p2a: Sal Bandz|ability: Protosynthesis|[fromitem]
|-start|p2a: Sal Bandz|protosynthesisspe
|turn|1
|inactive|Battle timer is ON: inactive players will automatically lose when time's up. (requested by caracarton23)
|inactive|caracarton23 has 120 seconds left.
|inactive|caracarton23 has 90 seconds left.
|
|t:|1759001087
|switch|p1a: Toxapex|Toxapex, F|100/100
|move|p2a: Sal Bandz|Volt Switch|p1a: Toxapex
|-supereffective|p1a: Toxapex
|-damage|p1a: Toxapex|62/100
|
|t:|1759001102
|-end|p2a: Sal Bandz|Protosynthesis|[silent]
|switch|p2a: Doomstrike|Flapple, F, shiny|100/100|[from] Volt Switch
|
|-weather|RainDance|[upkeep]
|upkeep
|turn|2
|
|t:|1759001116
|-terastallize|p1a: Toxapex|Dark
|move|p2a: Doomstrike|Grav Apple|p1a: Toxapex
|-damage|p1a: Toxapex|15/100
|-unboost|p1a: Toxapex|def|1
|move|p1a: Toxapex|Ice Beam|p2a: Doomstrike
|-supereffective|p2a: Doomstrike
|-damage|p2a: Doomstrike|0 fnt
|faint|p2a: Doomstrike
|
|-weather|RainDance|[upkeep]
|upkeep
|
|t:|1759001134
|switch|p2a: Coin Coffer|Iron Treads|100/100
|turn|3
|
|t:|1759001141
|move|p2a: Coin Coffer|Earthquake|p1a: Toxapex
|-damage|p1a: Toxapex|0 fnt
|faint|p1a: Toxapex
|
|-weather|RainDance|[upkeep]
|upkeep
|
|t:|1759001152
|switch|p1a: PeliGOAT|Pelipper, M, shiny|100/100
|turn|4
|inactive|jxnpm80 has 120 seconds left.
|
|t:|1759001186
|move|p2a: Coin Coffer|Ice Spinner|p1a: PeliGOAT
|-damage|p1a: PeliGOAT|72/100
|move|p1a: PeliGOAT|Surf|p2a: Coin Coffer
|-supereffective|p2a: Coin Coffer
|-damage|p2a: Coin Coffer|0 fnt
|faint|p2a: Coin Coffer
|-end|p2a: Coin Coffer|Quark Drive|[silent]
|
|-weather|RainDance|[upkeep]
|upkeep
|inactive|jxnpm80 has 120 seconds left.
|
|t:|1759001192
|switch|p2a: Sal Bandz|Sandy Shocks|100/100
|turn|5
|inactive|jxnpm80 has 120 seconds left.
|
|t:|1759001204
|switch|p1a: Spin Forever|Great Tusk|100/100
|move|p2a: Sal Bandz|Stealth Rock|p1a: Spin Forever
|-sidestart|p1: caracarton23|move: Stealth Rock
|
|-weather|none
|upkeep
|turn|6
|
|t:|1759001214
|-end|p2a: Sal Bandz|Protosynthesis|[silent]
|switch|p2a: Angel|Cresselia, F|100/100
|move|p1a: Spin Forever|Stealth Rock|p2a: Angel
|-sidestart|p2: jxnpm80|move: Stealth Rock
|
|upkeep
|turn|7
|
|t:|1759001231
|-end|p1a: Spin Forever|Protosynthesis|[silent]
|switch|p1a: Kinjambit|Kingambit, M|100/100
|-damage|p1a: Kinjambit|94/100|[from] Stealth Rock
|-activate|p1a: Kinjambit|ability: Supreme Overlord
|-start|p1a: Kinjambit|fallen1|[silent]
|-item|p1a: Kinjambit|Air Balloon
|move|p2a: Angel|Reflect|p2a: Angel
|-sidestart|p2: jxnpm80|Reflect
|
|upkeep
|turn|8
|
|t:|1759001248
|move|p1a: Kinjambit|Swords Dance|p1a: Kinjambit
|-boost|p1a: Kinjambit|atk|2
|move|p2a: Angel|Thunder Wave|p1a: Kinjambit|[miss]
|-miss|p2a: Angel|p1a: Kinjambit
|
|upkeep
|turn|9
|
|t:|1759001258
|move|p1a: Kinjambit|Kowtow Cleave|p2a: Angel
|-supereffective|p2a: Angel
|-damage|p2a: Angel|39/100
|move|p2a: Angel|Thunder Wave|p1a: Kinjambit
|-status|p1a: Kinjambit|par
|
|upkeep
|turn|10
|
|t:|1759001269
|move|p1a: Kinjambit|Sucker Punch||[still]
|-fail|p1a: Kinjambit
|move|p2a: Angel|Light Screen|p2a: Angel
|-sidestart|p2: jxnpm80|move: Light Screen
|
|upkeep
|turn|11
|
|t:|1759001278
|switch|p2a: Sneaky Golem|Kingambit, F|100/100
|-damage|p2a: Sneaky Golem|94/100|[from] Stealth Rock
|-activate|p2a: Sneaky Golem|ability: Supreme Overlord
|-start|p2a: Sneaky Golem|fallen2|[silent]
|cant|p1a: Kinjambit|par
|
|upkeep
|turn|12
|
|t:|1759001311
|-end|p1a: Kinjambit|fallen1|[silent]
|switch|p1a: Ed. Laserhands|Iron Valiant|100/100
|-damage|p1a: Ed. Laserhands|94/100|[from] Stealth Rock
|-enditem|p1a: Ed. Laserhands|Booster Energy
|-activate|p1a: Ed. Laserhands|ability: Quark Drive|[fromitem]
|-start|p1a: Ed. Laserhands|quarkdrivespe
|move|p2a: Sneaky Golem|Low Kick|p1a: Ed. Laserhands
|-resisted|p1a: Ed. Laserhands
|-damage|p1a: Ed. Laserhands|69/100
|-damage|p2a: Sneaky Golem|85/100|[from] item: Life Orb
|
|upkeep
|turn|13
|inactive|caracarton23 has 120 seconds left.
|inactive|jxnpm80 has 120 seconds left.
|
|t:|1759001333
|-terastallize|p2a: Sneaky Golem|Flying
|move|p1a: Ed. Laserhands|Encore|p2a: Sneaky Golem
|-start|p2a: Sneaky Golem|Encore
|move|p2a: Sneaky Golem|Low Kick|p1a: Ed. Laserhands
|-resisted|p1a: Ed. Laserhands
|-damage|p1a: Ed. Laserhands|43/100
|-damage|p2a: Sneaky Golem|75/100|[from] item: Life Orb
|
|upkeep
|turn|14
|inactive|caracarton23 has 120 seconds left.
|inactive|jxnpm80 has 120 seconds left.
|
|t:|1759001346
|-end|p1a: Ed. Laserhands|Quark Drive|[silent]
|switch|p1a: GholdenJoe|Gholdengo|100/100
|-damage|p1a: GholdenJoe|94/100|[from] Stealth Rock
|move|p2a: Sneaky Golem|Low Kick|p1a: GholdenJoe
|-immune|p1a: GholdenJoe
|
|-sideend|p2: jxnpm80|Reflect
|upkeep
|turn|15
|inactive|caracarton23 has 120 seconds left.
|inactive|jxnpm80 has 120 seconds left.
|
|t:|1759001358
|-end|p2a: Sneaky Golem|fallen2|[silent]
|switch|p2a: Sal Bandz|Sandy Shocks|100/100
|-damage|p2a: Sal Bandz|94/100|[from] Stealth Rock
|move|p1a: GholdenJoe|Shadow Ball|p2a: Sal Bandz
|-damage|p2a: Sal Bandz|70/100
|
|upkeep
|turn|16
|inactive|jxnpm80 has 120 seconds left.
|
|t:|1759001369
|move|p1a: GholdenJoe|Shadow Ball|p2a: Sal Bandz
|-crit|p2a: Sal Bandz
|-damage|p2a: Sal Bandz|0 fnt
|faint|p2a: Sal Bandz
|-end|p2a: Sal Bandz|Protosynthesis|[silent]
|
|upkeep
|inactive|jxnpm80 has 120 seconds left.
|
|t:|1759001377
|switch|p2a: Seth Rollins|Iron Moth|100/100
|-damage|p2a: Seth Rollins|76/100|[from] Stealth Rock
|-enditem|p2a: Seth Rollins|Booster Energy
|-activate|p2a: Seth Rollins|ability: Quark Drive|[fromitem]
|-start|p2a: Seth Rollins|quarkdrivespa
|turn|17
|inactive|caracarton23 has 120 seconds left.
|
|t:|1759001401
|switch|p1a: PeliGOAT|Pelipper, M, shiny|72/100
|-damage|p1a: PeliGOAT|47/100|[from] Stealth Rock
|-weather|RainDance|[from] ability: Drizzle|[of] p1a: PeliGOAT
|move|p2a: Seth Rollins|Fiery Dance|p1a: PeliGOAT
|-resisted|p1a: PeliGOAT
|-damage|p1a: PeliGOAT|25/100
|
|-weather|RainDance|[upkeep]
|-sideend|p2: jxnpm80|move: Light Screen
|upkeep
|turn|18
|inactive|caracarton23 has 120 seconds left.
|
|t:|1759001415
|move|p2a: Seth Rollins|Sludge Wave|p1a: PeliGOAT
|-damage|p1a: PeliGOAT|0 fnt
|faint|p1a: PeliGOAT
|
|-weather|RainDance|[upkeep]
|upkeep
|inactive|caracarton23 has 120 seconds left.
|
|t:|1759001425
|switch|p1a: Kinjambit|Kingambit, M|94/100 par
|-damage|p1a: Kinjambit|88/100 par|[from] Stealth Rock
|-activate|p1a: Kinjambit|ability: Supreme Overlord
|-start|p1a: Kinjambit|fallen2|[silent]
|-item|p1a: Kinjambit|Air Balloon
|turn|19
|inactive|caracarton23 has 120 seconds left.
|
|t:|1759001437
|move|p2a: Seth Rollins|Fiery Dance|p1a: Kinjambit
|-supereffective|p1a: Kinjambit
|-damage|p1a: Kinjambit|28/100 par
|-boost|p2a: Seth Rollins|spa|1
|-enditem|p1a: Kinjambit|Air Balloon
|move|p1a: Kinjambit|Low Kick|p2a: Seth Rollins
|-resisted|p2a: Seth Rollins
|-damage|p2a: Seth Rollins|56/100
|
|-weather|RainDance|[upkeep]
|upkeep
|turn|20
|inactive|caracarton23 has 120 seconds left.
|
|t:|1759001448
|move|p1a: Kinjambit|Sucker Punch|p2a: Seth Rollins
|-crit|p2a: Seth Rollins
|-damage|p2a: Seth Rollins|0 fnt
|faint|p2a: Seth Rollins
|-end|p2a: Seth Rollins|Quark Drive|[silent]
|
|-weather|RainDance|[upkeep]
|upkeep
|
|t:|1759001451
|switch|p2a: Angel|Cresselia, F|39/100
|-damage|p2a: Angel|27/100|[from] Stealth Rock
|turn|21
|
|t:|1759001458
|move|p1a: Kinjambit|Sucker Punch||[still]
|-fail|p1a: Kinjambit
|move|p2a: Angel|Reflect|p2a: Angel
|-sidestart|p2: jxnpm80|Reflect
|
|-weather|none
|upkeep
|turn|22
|
|t:|1759001466
|move|p2a: Angel|Light Screen|p2a: Angel
|-sidestart|p2: jxnpm80|move: Light Screen
|move|p1a: Kinjambit|Kowtow Cleave|p2a: Angel
|-supereffective|p2a: Angel
|-damage|p2a: Angel|0 fnt
|faint|p2a: Angel
|
|upkeep
|
|t:|1759001469
|switch|p2a: Sneaky Golem|Kingambit, F, tera:Flying|75/100
|-damage|p2a: Sneaky Golem|50/100|[from] Stealth Rock
|-activate|p2a: Sneaky Golem|ability: Supreme Overlord
|-start|p2a: Sneaky Golem|fallen5|[silent]
|turn|23
|
|t:|1759001485
|-end|p1a: Kinjambit|fallen2|[silent]
|switch|p1a: GholdenJoe|Gholdengo|94/100
|-damage|p1a: GholdenJoe|88/100|[from] Stealth Rock
|move|p2a: Sneaky Golem|Sucker Punch||[still]
|-fail|p2a: Sneaky Golem
|
|upkeep
|turn|24
|
|t:|1759001510
|move|p2a: Sneaky Golem|Sucker Punch|p1a: GholdenJoe
|-supereffective|p1a: GholdenJoe
|-damage|p1a: GholdenJoe|0 fnt
|faint|p1a: GholdenJoe
|-damage|p2a: Sneaky Golem|40/100|[from] item: Life Orb
|
|upkeep
|
|t:|1759001521
|switch|p1a: Ed. Laserhands|Iron Valiant|43/100
|-damage|p1a: Ed. Laserhands|37/100|[from] Stealth Rock
|turn|25
|
|t:|1759001538
|move|p2a: Sneaky Golem|Sucker Punch||[still]
|-fail|p2a: Sneaky Golem
|move|p1a: Ed. Laserhands|Swords Dance|p1a: Ed. Laserhands
|-boost|p1a: Ed. Laserhands|atk|2
|
|upkeep
|turn|26
|
|t:|1759001552
|move|p1a: Ed. Laserhands|Encore|p2a: Sneaky Golem
|-start|p2a: Sneaky Golem|Encore
|move|p2a: Sneaky Golem|Sucker Punch||[still]
|-fail|p2a: Sneaky Golem
|
|upkeep
|turn|27
|
|t:|1759001566
|move|p2a: Sneaky Golem|Sucker Punch||[still]
|-fail|p2a: Sneaky Golem
|move|p1a: Ed. Laserhands|Swords Dance|p1a: Ed. Laserhands
|-boost|p1a: Ed. Laserhands|atk|2
|
|upkeep
|turn|28
|
|t:|1759001575
|move|p2a: Sneaky Golem|Sucker Punch||[still]
|-fail|p2a: Sneaky Golem
|move|p1a: Ed. Laserhands|Swords Dance|p1a: Ed. Laserhands
|-boost|p1a: Ed. Laserhands|atk|2
|
|-end|p2a: Sneaky Golem|Encore
|-sideend|p2: jxnpm80|Reflect
|upkeep
|turn|29
|
|t:|1759001592
|move|p2a: Sneaky Golem|Sucker Punch|p1a: Ed. Laserhands
|-resisted|p1a: Ed. Laserhands
|-damage|p1a: Ed. Laserhands|10/100
|-damage|p2a: Sneaky Golem|30/100|[from] item: Life Orb
|move|p1a: Ed. Laserhands|Knock Off|p2a: Sneaky Golem
|-damage|p2a: Sneaky Golem|0 fnt
|-enditem|p2a: Sneaky Golem|Life Orb|[from] move: Knock Off|[of] p1a: Ed. Laserhands
|faint|p2a: Sneaky Golem
|-end|p2a: Sneaky Golem|fallen5|[silent]
|
|win|caracarton23
|raw|caracarton23's rating: 1138 &rarr; <strong>1166</strong><br />(+28 for winning)
|raw|jxnpm80's rating: 1173 &rarr; <strong>1145</strong><br />(-28 for losing)
|l|☆caracarton23
|player|p1|
