|j|☆lovelymoa
|j|☆octillery chicken
|t:|1758978903
|gametype|singles
|player|p1|lovelymoa|265|1379
|player|p2|octillery chicken|harlequin|1360
|gen|9
|tier|[Gen 9] OU
|rated|
|rule|HP Percentage Mod: HP is shown in percentages
|rule|Endless Battle Clause: Forcing endless battles is banned
|rule|Species Clause: Limit one of each Pokémon
|rule|OHKO Clause: OHKO moves are banned
|rule|Evasion Items Clause: Evasion items are banned
|rule|Evasion Moves Clause: Evasion moves are banned
|rule|Evasion Abilities Clause: Evasion abilities are banned
|rule|Sleep Moves Clause: Sleep-inducing moves are banned
|clearpoke
|poke|p1|Serperior, F|
|poke|p1|Iron Treads|
|poke|p1|Moltres|
|poke|p1|Garganacl, M|
|poke|p1|Gholdengo|
|poke|p1|Ting-Lu|
|poke|p2|Heatran, F|
|poke|p2|Landorus-Therian, M|
|poke|p2|Zamazenta-*|
|poke|p2|Dragapult, M|
|poke|p2|Great Tusk|
|poke|p2|Slowking-Galar, M|
|teampreview
|inactive|Battle timer is ON: inactive players will automatically lose when time's up. (requested by lovelymoa)
|
|t:|1758978931
|teamsize|p1|6
|teamsize|p2|6
|start
|switch|p1a: Serperior|Serperior, F|100/100
|switch|p2a: Dragapult|Dragapult, M|100/100
|turn|1
|
|t:|1758978940
|-terastallize|p1a: Serperior|Ghost
|move|p2a: Dragapult|U-turn|p1a: Serperior
|-resisted|p1a: Serperior
|-crit|p1a: Serperior
|-damage|p1a: Serperior|87/100
|
|t:|1758978954
|switch|p2a: Heatran|Heatran, F|100/100|[from] U-turn
|move|p1a: Serperior|Glare|p2a: Heatran
|-status|p2a: Heatran|par
|
|-heal|p1a: Serperior|93/100|[from] item: Leftovers
|upkeep
|turn|2
|
|t:|1758978961
|move|p1a: Serperior|Substitute|p1a: Serperior
|-start|p1a: Serperior|Substitute
|-damage|p1a: Serperior|68/100
|move|p2a: Heatran|Stealth Rock|p1a: Serperior
|-sidestart|p1: lovelymoa|move: Stealth Rock
|
|-heal|p1a: Serperior|75/100|[from] item: Leftovers
|upkeep
|turn|3
|
|t:|1758978968
|move|p1a: Serperior|Leech Seed|p2a: Heatran
|-start|p2a: Heatran|move: Leech Seed
|cant|p2a: Heatran|par
|
|-heal|p1a: Serperior|81/100|[from] item: Leftovers
|-damage|p2a: Heatran|88/100 par|[from] Leech Seed|[of] p1a: Serperior
|-heal|p1a: Serperior|94/100|[silent]
|upkeep
|turn|4
|
|t:|1758978975
|move|p1a: Serperior|Leaf Storm|p2a: Heatran
|-resisted|p2a: Heatran
|-damage|p2a: Heatran|82/100 par
|-boost|p1a: Serperior|spa|2
|cant|p2a: Heatran|par
|
|-heal|p1a: Serperior|100/100|[from] item: Leftovers
|-heal|p2a: Heatran|88/100 par|[from] item: Leftovers
|-damage|p2a: Heatran|76/100 par|[from] Leech Seed|[of] p1a: Serperior
|upkeep
|turn|5
|
|t:|1758978985
|switch|p2a: Slowking|Slowking-Galar, M|100/100
|move|p1a: Serperior|Leaf Storm|p2a: Slowking
|-resisted|p2a: Slowking
|-damage|p2a: Slowking|77/100
|-boost|p1a: Serperior|spa|2
|
|upkeep
|turn|6
|
|t:|1758978993
|move|p1a: Serperior|Glare|p2a: Slowking
|-status|p2a: Slowking|par
|move|p2a: Slowking|Psychic Noise|p1a: Serperior
|-damage|p1a: Serperior|70/100
|-start|p1a: Serperior|move: Heal Block
|
|upkeep
|turn|7
|
|t:|1758979004
|switch|p1a: Iron Treads|Iron Treads|100/100
|-damage|p1a: Iron Treads|97/100|[from] Stealth Rock
|-item|p1a: Iron Treads|Air Balloon
|move|p2a: Slowking|Psychic Noise|p1a: Iron Treads
|-resisted|p1a: Iron Treads
|-damage|p1a: Iron Treads|77/100
|-start|p1a: Iron Treads|move: Heal Block
|-enditem|p1a: Iron Treads|Air Balloon
|
|upkeep
|turn|8
|
|t:|1758979015
|switch|p2a: Landorus|Landorus-Therian, M|100/100
|-ability|p2a: Landorus|Intimidate|boost
|-unboost|p1a: Iron Treads|atk|1
|move|p1a: Iron Treads|Ice Spinner|p2a: Landorus
|-supereffective|p2a: Landorus
|-damage|p2a: Landorus|23/100
|
|-end|p1a: Iron Treads|move: Heal Block
|upkeep
|turn|9
|
|t:|1758979035
|switch|p2a: Zamazenta|Zamazenta|100/100
|-ability|p2a: Zamazenta|Dauntless Shield|boost
|-boost|p2a: Zamazenta|def|1
|move|p1a: Iron Treads|Ice Spinner|p2a: Zamazenta
|-damage|p2a: Zamazenta|94/100
|
|-heal|p2a: Zamazenta|99/100|[from] item: Leftovers
|upkeep
|turn|10
|
|t:|1758979046
|-end|p1a: Iron Treads|Quark Drive|[silent]
|switch|p1a: Moltres|Moltres|100/100
|move|p2a: Zamazenta|Body Press|p1a: Moltres
|-resisted|p1a: Moltres
|-damage|p1a: Moltres|75/100
|-status|p2a: Zamazenta|brn|[from] ability: Flame Body|[of] p1a: Moltres
|
|-heal|p2a: Zamazenta|100/100 brn|[from] item: Leftovers
|-damage|p2a: Zamazenta|94/100 brn|[from] brn
|upkeep
|turn|11
|
|t:|1758979056
|switch|p2a: Heatran|Heatran, F|76/100 par
|move|p1a: Moltres|Air Slash|p2a: Heatran
|-resisted|p2a: Heatran
|-damage|p2a: Heatran|65/100 par
|
|-heal|p2a: Heatran|71/100 par|[from] item: Leftovers
|upkeep
|turn|12
|
|t:|1758979067
|switch|p1a: Ting-Lu|Ting-Lu|100/100
|-damage|p1a: Ting-Lu|94/100|[from] Stealth Rock
|-ability|p1a: Ting-Lu|Vessel of Ruin
|move|p2a: Heatran|Magma Storm|p1a: Ting-Lu|[miss]
|-miss|p2a: Heatran|p1a: Ting-Lu
|
|-heal|p1a: Ting-Lu|100/100|[from] item: Leftovers
|-heal|p2a: Heatran|78/100 par|[from] item: Leftovers
|upkeep
|turn|13
|
|t:|1758979079
|switch|p2a: Landorus|Landorus-Therian, M|23/100
|-ability|p2a: Landorus|Intimidate|boost
|-unboost|p1a: Ting-Lu|atk|1
|move|p1a: Ting-Lu|Stealth Rock|p2a: Landorus
|-sidestart|p2: octillery chicken|move: Stealth Rock
|
|upkeep
|turn|14
|
|t:|1758979086
|move|p2a: Landorus|U-turn|p1a: Ting-Lu
|-supereffective|p1a: Ting-Lu
|-damage|p1a: Ting-Lu|67/100
|
|t:|1758979092
|switch|p2a: Dragapult|Dragapult, M|100/100|[from] U-turn
|move|p1a: Ting-Lu|Spikes|p2a: Dragapult
|-sidestart|p2: octillery chicken|Spikes
|
|-heal|p1a: Ting-Lu|73/100|[from] item: Leftovers
|upkeep
|turn|15
|
|t:|1758979100
|move|p2a: Dragapult|Will-O-Wisp|p1a: Ting-Lu
|-status|p1a: Ting-Lu|brn
|move|p1a: Ting-Lu|Whirlwind|p2a: Dragapult
|drag|p2a: Zamazenta|Zamazenta|94/100 brn
|-damage|p2a: Zamazenta|88/100 brn|[from] Stealth Rock
|-damage|p2a: Zamazenta|76/100 brn|[from] Spikes
|
|-heal|p2a: Zamazenta|82/100 brn|[from] item: Leftovers
|-heal|p1a: Ting-Lu|79/100 brn|[from] item: Leftovers
|-damage|p2a: Zamazenta|76/100 brn|[from] brn
|-damage|p1a: Ting-Lu|73/100 brn|[from] brn
|upkeep
|turn|16
|
|t:|1758979112
|move|p2a: Zamazenta|Roar|p1a: Ting-Lu
|drag|p1a: Gholdengo|Gholdengo|100/100
|-damage|p1a: Gholdengo|94/100|[from] Stealth Rock
|-item|p1a: Gholdengo|Air Balloon
|
|-heal|p2a: Zamazenta|82/100 brn|[from] item: Leftovers
|-damage|p2a: Zamazenta|76/100 brn|[from] brn
|upkeep
|turn|17
|
|t:|1758979121
|move|p2a: Zamazenta|Crunch|p1a: Gholdengo
|-supereffective|p1a: Gholdengo
|-damage|p1a: Gholdengo|73/100
|-enditem|p1a: Gholdengo|Air Balloon
|move|p1a: Gholdengo|Hex|p2a: Zamazenta
|-damage|p2a: Zamazenta|30/100 brn
|
|-heal|p2a: Zamazenta|36/100 brn|[from] item: Leftovers
|-damage|p2a: Zamazenta|30/100 brn|[from] brn
|upkeep
|turn|18
|
|t:|1758979139
|move|p2a: Zamazenta|Crunch|p1a: Gholdengo
|-supereffective|p1a: Gholdengo
|-damage|p1a: Gholdengo|51/100
|-unboost|p1a: Gholdengo|def|1
|move|p1a: Gholdengo|Hex|p2a: Zamazenta
|-damage|p2a: Zamazenta|0 fnt
|faint|p2a: Zamazenta
|
|upkeep
|
|t:|1758979150
|switch|p2a: Great Tusk|Great Tusk|100/100
|-damage|p2a: Great Tusk|98/100|[from] Stealth Rock
|-damage|p2a: Great Tusk|85/100|[from] Spikes
|-enditem|p2a: Great Tusk|Booster Energy
|-activate|p2a: Great Tusk|ability: Protosynthesis|[fromitem]
|-start|p2a: Great Tusk|protosynthesisatk
|turn|19
|
|t:|1758979157
|switch|p1a: Moltres|Moltres|75/100
|move|p2a: Great Tusk|Rapid Spin|p1a: Moltres
|-damage|p1a: Moltres|58/100
|-boost|p2a: Great Tusk|spe|1
|-status|p2a: Great Tusk|brn|[from] ability: Flame Body|[of] p1a: Moltres
|-sideend|p2: octillery chicken|Spikes|[from] move: Rapid Spin|[of] p2a: Great Tusk
|-sideend|p2: octillery chicken|Stealth Rock|[from] move: Rapid Spin|[of] p2a: Great Tusk
|
|-damage|p2a: Great Tusk|79/100 brn|[from] brn
|upkeep
|turn|20
|
|t:|1758979167
|move|p2a: Great Tusk|Supercell Slam|p1a: Moltres
|-supereffective|p1a: Moltres
|-damage|p1a: Moltres|21/100
|move|p1a: Moltres|Air Slash|p2a: Great Tusk
|-supereffective|p2a: Great Tusk
|-damage|p2a: Great Tusk|0 fnt
|faint|p2a: Great Tusk
|-end|p2a: Great Tusk|Protosynthesis|[silent]
|
|upkeep
|
|t:|1758979172
|switch|p2a: Dragapult|Dragapult, M|100/100
|turn|21
|
|t:|1758979177
|move|p2a: Dragapult|Dragon Darts|p1a: Moltres
|-damage|p1a: Moltres|5/100
|-anim|p2a: Dragapult|Dragon Darts|p1a: Moltres
|-damage|p1a: Moltres|0 fnt
|faint|p1a: Moltres
|
|upkeep
|
|t:|1758979185
|switch|p1a: Ting-Lu|Ting-Lu|73/100 brn
|-damage|p1a: Ting-Lu|67/100 brn|[from] Stealth Rock
|-ability|p1a: Ting-Lu|Vessel of Ruin
|turn|22
|
|t:|1758979191
|move|p2a: Dragapult|U-turn|p1a: Ting-Lu
|-supereffective|p1a: Ting-Lu
|-damage|p1a: Ting-Lu|51/100 brn
|
|t:|1758979195
|switch|p2a: Landorus|Landorus-Therian, M|23/100|[from] U-turn
|-ability|p2a: Landorus|Intimidate|boost
|-unboost|p1a: Ting-Lu|atk|1
|move|p1a: Ting-Lu|Stealth Rock|p2a: Landorus
|-sidestart|p2: octillery chicken|move: Stealth Rock
|
|-heal|p1a: Ting-Lu|57/100 brn|[from] item: Leftovers
|-damage|p1a: Ting-Lu|51/100 brn|[from] brn
|upkeep
|turn|23
|
|t:|1758979207
|move|p2a: Landorus|Earthquake|p1a: Ting-Lu
|-damage|p1a: Ting-Lu|17/100 brn
|move|p1a: Ting-Lu|Spikes|p2a: Landorus
|-sidestart|p2: octillery chicken|Spikes
|
|-heal|p1a: Ting-Lu|23/100 brn|[from] item: Leftovers
|-damage|p1a: Ting-Lu|17/100 brn|[from] brn
|upkeep
|turn|24
|
|t:|1758979214
|move|p2a: Landorus|Earthquake|p1a: Ting-Lu
|-damage|p1a: Ting-Lu|0 fnt
|faint|p1a: Ting-Lu
|
|upkeep
|
|t:|1758979230
|switch|p1a: Iron Treads|Iron Treads|77/100
|-damage|p1a: Iron Treads|74/100|[from] Stealth Rock
|turn|25
|
|t:|1758979248
|switch|p2a: Heatran|Heatran, F|78/100 par
|-damage|p2a: Heatran|65/100 par|[from] Stealth Rock
|-damage|p2a: Heatran|53/100 par|[from] Spikes
|move|p1a: Iron Treads|Ice Spinner|p2a: Heatran
|-resisted|p2a: Heatran
|-damage|p2a: Heatran|48/100 par
|
|-heal|p2a: Heatran|54/100 par|[from] item: Leftovers
|upkeep
|turn|26
|
|t:|1758979258
|move|p1a: Iron Treads|Earthquake|p2a: Heatran
|-supereffective|p2a: Heatran
|-damage|p2a: Heatran|0 fnt
|faint|p2a: Heatran
|
|upkeep
|
|t:|1758979262
|switch|p2a: Dragapult|Dragapult, M|100/100
|turn|27
|
|t:|1758979267
|move|p2a: Dragapult|Will-O-Wisp|p1a: Iron Treads
|-status|p1a: Iron Treads|brn
|move|p1a: Iron Treads|Ice Spinner|p2a: Dragapult
|-supereffective|p2a: Dragapult
|-damage|p2a: Dragapult|65/100
|
|-damage|p1a: Iron Treads|67/100 brn|[from] brn
|upkeep
|turn|28
|
|t:|1758979276
|move|p2a: Dragapult|Hex|p1a: Iron Treads
|-damage|p1a: Iron Treads|0 fnt
|faint|p1a: Iron Treads
|-end|p1a: Iron Treads|Quark Drive|[silent]
|
|upkeep
|
|t:|1758979284
|switch|p1a: Garganacl|Garganacl, M|100/100
|-damage|p1a: Garganacl|88/100|[from] Stealth Rock
|turn|29
|
|t:|1758979288
|move|p2a: Dragapult|Will-O-Wisp|p1a: Garganacl
|-immune|p1a: Garganacl|[from] ability: Purifying Salt
|move|p1a: Garganacl|Salt Cure|p2a: Dragapult
|-damage|p2a: Dragapult|45/100
|-start|p2a: Dragapult|Salt Cure
|
|-heal|p1a: Garganacl|94/100|[from] item: Leftovers
|-damage|p2a: Dragapult|33/100|[from] Salt Cure
|upkeep
|turn|30
|
|t:|1758979298
|move|p1a: Garganacl|Protect|p1a: Garganacl
|-singleturn|p1a: Garganacl|Protect
|move|p2a: Dragapult|U-turn|p1a: Garganacl
|-activate|p1a: Garganacl|move: Protect
|
|-heal|p1a: Garganacl|100/100|[from] item: Leftovers
|-damage|p2a: Dragapult|21/100|[from] Salt Cure
|upkeep
|turn|31
|
|t:|1758979314
|move|p2a: Dragapult|U-turn|p1a: Garganacl
|-damage|p1a: Garganacl|89/100
|
|t:|1758979318
|switch|p2a: Slowking|Slowking-Galar, M|100/100 par|[from] U-turn
|-damage|p2a: Slowking|88/100 par|[from] Stealth Rock
|-damage|p2a: Slowking|76/100 par|[from] Spikes
|move|p1a: Garganacl|Salt Cure|p2a: Slowking
|-damage|p2a: Slowking|63/100 par
|-start|p2a: Slowking|Salt Cure
|
|-heal|p1a: Garganacl|96/100|[from] item: Leftovers
|-damage|p2a: Slowking|51/100 par|[from] Salt Cure
|upkeep
|turn|32
|
|t:|1758979333
|switch|p1a: Gholdengo|Gholdengo|51/100
|-damage|p1a: Gholdengo|45/100|[from] Stealth Rock
|-prepare|p2a: Slowking|Chilly Reception|[premajor]
|move|p2a: Slowking|Chilly Reception|p2a: Slowking
|-weather|Snowscape
|
|t:|1758979343
|switch|p2a: Landorus|Landorus-Therian, M|23/100|[from] Chilly Reception
|-damage|p2a: Landorus|11/100|[from] Stealth Rock
|-ability|p2a: Landorus|Intimidate|boost
|-unboost|p1a: Gholdengo|atk|1
|
|-weather|Snowscape|[upkeep]
|upkeep
|turn|33
|
|t:|1758979351
|switch|p1a: Serperior|Serperior, F, tera:Ghost|70/100
|-damage|p1a: Serperior|57/100|[from] Stealth Rock
|move|p2a: Landorus|Earthquake|p1a: Serperior
|-damage|p1a: Serperior|0 fnt
|faint|p1a: Serperior
|
|-weather|Snowscape|[upkeep]
|upkeep
|
|t:|1758979359
|switch|p1a: Garganacl|Garganacl, M|96/100
|-damage|p1a: Garganacl|83/100|[from] Stealth Rock
|turn|34
|
|t:|1758979363
|move|p2a: Landorus|Earthquake|p1a: Garganacl
|-supereffective|p1a: Garganacl
|-damage|p1a: Garganacl|0 fnt
|faint|p1a: Garganacl
|
|-weather|Snowscape|[upkeep]
|upkeep
|
|t:|1758979368
|switch|p1a: Gholdengo|Gholdengo|45/100
|-damage|p1a: Gholdengo|39/100|[from] Stealth Rock
|turn|35
|
|t:|1758979373
|move|p2a: Landorus|Earthquake|p1a: Gholdengo
|-supereffective|p1a: Gholdengo
|-damage|p1a: Gholdengo|0 fnt
|faint|p1a: Gholdengo
|
|win|octillery chicken
|raw|lovelymoa's rating: 1379 &rarr; <strong>1358</strong><br />(-21 for losing)
|raw|octillery chicken's rating: 1360 &rarr; <strong>1381</strong><br />(+21 for winning)
|c|☆octillery chicken|gg
