|j|☆I will eat another
|j|☆TJ13_SSB
|t:|1758917553
|gametype|singles
|player|p1|I will eat another|plasmagrunt|1293
|player|p2|TJ13_SSB|265|1337
|gen|9
|tier|[Gen 9] OU
|rated|
|rule|HP Percentage Mod: HP is shown in percentages
|rule|Endless Battle Clause: Forcing endless battles is banned
|rule|Species Clause: Limit one of each Pokémon
|rule|OHKO Clause: OHKO moves are banned
|rule|Evasion Items Clause: Evasion items are banned
|rule|Evasion Moves Clause: Evasion moves are banned
|rule|Evasion Abilities Clause: Evasion abilities are banned
|rule|Sleep Moves Clause: Sleep-inducing moves are banned
|clearpoke
|poke|p1|Breloom, M|
|poke|p1|Swinub, F|
|poke|p1|Iron Crown|
|poke|p1|Glimmora, M|
|poke|p1|Talonflame, F|
|poke|p1|Greninja-*, F|
|poke|p2|Great Tusk|
|poke|p2|Landorus-Therian, M|
|poke|p2|Heatran, F|
|poke|p2|Darkrai|
|poke|p2|Rotom-Wash|
|poke|p2|Weezing-Galar, F|
|teampreview
|inactive|Battle timer is ON: inactive players will automatically lose when time's up. (requested by I will eat another)
|
|t:|1758917564
|teamsize|p1|6
|teamsize|p2|6
|start
|switch|p1a: Kapilz|Breloom, M|100/100
|switch|p2a: Weezing|Weezing-Galar, F|100/100
|turn|1
|
|t:|1758917572
|move|p1a: Kapilz|Zen Headbutt|p2a: Weezing
|-supereffective|p2a: Weezing
|-damage|p2a: Weezing|52/100
|-damage|p1a: Kapilz|91/100|[from] item: Life Orb
|cant|p2a: Weezing|flinch
|
|-heal|p2a: Weezing|58/100|[from] item: Black Sludge
|upkeep
|turn|2
|
|t:|1758917585
|-terastallize|p1a: Kapilz|Psychic
|move|p1a: Kapilz|Zen Headbutt|p2a: Weezing
|-supereffective|p2a: Weezing
|-damage|p2a: Weezing|0 fnt
|faint|p2a: Weezing
|-damage|p1a: Kapilz|81/100|[from] item: Life Orb
|
|upkeep
|
|t:|1758917598
|switch|p2a: Darkrai|Darkrai|100/100
|turn|3
|
|t:|1758917601
|move|p1a: Kapilz|Mach Punch|p2a: Darkrai
|-supereffective|p2a: Darkrai
|-enditem|p2a: Darkrai|Focus Sash
|-damage|p2a: Darkrai|1/100
|-damage|p1a: Kapilz|71/100|[from] item: Life Orb
|move|p2a: Darkrai|Shadow Ball|p1a: Kapilz
|-supereffective|p1a: Kapilz
|-damage|p1a: Kapilz|0 fnt
|faint|p1a: Kapilz
|
|upkeep
|
|t:|1758917611
|switch|p1a: Quiekel|Swinub, F|100/100
|turn|4
|
|t:|1758917619
|switch|p2a: Heatran|Heatran, F|100/100
|move|p1a: Quiekel|Ice Shard|p2a: Heatran
|-resisted|p2a: Heatran
|-damage|p2a: Heatran|98/100
|
|upkeep
|turn|5
|
|t:|1758917636
|move|p2a: Heatran|Power Gem|p1a: Quiekel
|-crit|p1a: Quiekel
|-enditem|p1a: Quiekel|Focus Sash
|-damage|p1a: Quiekel|1/100
|move|p1a: Quiekel|Earthquake|p2a: Heatran
|-supereffective|p2a: Heatran
|-damage|p2a: Heatran|0 fnt
|faint|p2a: Heatran
|
|upkeep
|
|t:|1758917646
|switch|p2a: Great Tusk|Great Tusk|100/100
|turn|6
|
|t:|1758917651
|move|p1a: Quiekel|Ice Shard|p2a: Great Tusk
|-supereffective|p2a: Great Tusk
|-damage|p2a: Great Tusk|84/100
|move|p2a: Great Tusk|Rapid Spin|p1a: Quiekel
|-damage|p1a: Quiekel|0 fnt
|-boost|p2a: Great Tusk|spe|1
|faint|p1a: Quiekel
|
|-heal|p2a: Great Tusk|90/100|[from] item: Leftovers
|upkeep
|
|t:|1758917661
|switch|p1a: Fiaro|Talonflame, F|100/100
|turn|7
|
|t:|1758917669
|move|p2a: Great Tusk|Knock Off|p1a: Fiaro
|-damage|p1a: Fiaro|68/100
|-enditem|p1a: Fiaro|Heavy-Duty Boots|[from] move: Knock Off|[of] p2a: Great Tusk
|move|p1a: Fiaro|Will-O-Wisp|p2a: Great Tusk|[miss]
|-miss|p1a: Fiaro|p2a: Great Tusk
|
|-heal|p2a: Great Tusk|96/100|[from] item: Leftovers
|upkeep
|turn|8
|
|t:|1758917684
|-end|p2a: Great Tusk|Protosynthesis|[silent]
|switch|p2a: Rotom|Rotom-Wash|100/100
|move|p1a: Fiaro|Will-O-Wisp|p2a: Rotom|[miss]
|-miss|p1a: Fiaro|p2a: Rotom
|
|upkeep
|turn|9
|
|t:|1758917697
|switch|p1a: Eisenkrone|Iron Crown|100/100
|-enditem|p1a: Eisenkrone|Booster Energy
|-activate|p1a: Eisenkrone|ability: Quark Drive|[fromitem]
|-start|p1a: Eisenkrone|quarkdrivespe
|move|p2a: Rotom|Thunder Wave|p1a: Eisenkrone
|-status|p1a: Eisenkrone|par
|
|upkeep
|turn|10
|
|t:|1758917711
|cant|p1a: Eisenkrone|par
|move|p2a: Rotom|Hydro Pump|p1a: Eisenkrone
|-damage|p1a: Eisenkrone|64/100 par
|
|upkeep
|turn|11
|
|t:|1758917716
|cant|p1a: Eisenkrone|par
|move|p2a: Rotom|Hydro Pump|p1a: Eisenkrone|[miss]
|-miss|p2a: Rotom|p1a: Eisenkrone
|
|upkeep
|turn|12
|
|t:|1758917720
|move|p1a: Eisenkrone|Calm Mind|p1a: Eisenkrone
|-boost|p1a: Eisenkrone|spa|1
|-boost|p1a: Eisenkrone|spd|1
|move|p2a: Rotom|Hydro Pump|p1a: Eisenkrone
|-damage|p1a: Eisenkrone|41/100 par
|
|upkeep
|turn|13
|
|t:|1758917728
|move|p1a: Eisenkrone|Psyshock|p2a: Rotom
|-damage|p2a: Rotom|58/100
|move|p2a: Rotom|Hydro Pump|p1a: Eisenkrone
|-damage|p1a: Eisenkrone|15/100 par
|
|-heal|p2a: Rotom|64/100|[from] item: Leftovers
|upkeep
|turn|14
|
|t:|1758917736
|move|p1a: Eisenkrone|Psyshock|p2a: Rotom
|-damage|p2a: Rotom|15/100
|move|p2a: Rotom|Volt Switch|p1a: Eisenkrone
|-damage|p1a: Eisenkrone|0 fnt
|faint|p1a: Eisenkrone
|-end|p1a: Eisenkrone|Quark Drive|[silent]
|
|t:|1758917742
|switch|p2a: Landorus|Landorus-Therian, M|100/100|[from] Volt Switch
|
|upkeep
|
|t:|1758917749
|switch|p1a: Quajutsu|Greninja, F|100/100
|turn|15
|
|t:|1758917763
|switch|p2a: Rotom|Rotom-Wash|15/100
|move|p1a: Quajutsu|Ice Beam|p2a: Rotom
|-start|p1a: Quajutsu|typechange|Ice|[from] ability: Protean
|-resisted|p2a: Rotom
|-damage|p2a: Rotom|0 fnt
|faint|p2a: Rotom
|
|upkeep
|
|t:|1758917778
|switch|p2a: Darkrai|Darkrai|1/100
|turn|16
|
|t:|1758917790
|-terastallize|p2a: Darkrai|Ghost
|move|p2a: Darkrai|Shadow Ball|p1a: Quajutsu
|-damage|p1a: Quajutsu|32/100
|move|p1a: Quajutsu|Ice Beam|p2a: Darkrai
|-damage|p2a: Darkrai|0 fnt
|faint|p2a: Darkrai
|
|upkeep
|
|t:|1758917804
|switch|p2a: Great Tusk|Great Tusk|96/100
|turn|17
|
|t:|1758917811
|switch|p1a: Fiaro|Talonflame, F|68/100
|move|p2a: Great Tusk|Knock Off|p1a: Fiaro
|-damage|p1a: Fiaro|44/100
|
|-heal|p2a: Great Tusk|100/100|[from] item: Leftovers
|upkeep
|turn|18
|
|t:|1758917819
|move|p1a: Fiaro|Will-O-Wisp|p2a: Great Tusk
|-status|p2a: Great Tusk|brn
|move|p2a: Great Tusk|Rapid Spin|p1a: Fiaro
|-damage|p1a: Fiaro|36/100
|-boost|p2a: Great Tusk|spe|1
|
|-damage|p2a: Great Tusk|94/100 brn|[from] brn
|upkeep
|turn|19
|
|t:|1758917828
|move|p2a: Great Tusk|Rapid Spin|p1a: Fiaro
|-damage|p1a: Fiaro|28/100
|-boost|p2a: Great Tusk|spe|1
|move|p1a: Fiaro|Flamethrower|p2a: Great Tusk
|-damage|p2a: Great Tusk|61/100 brn
|
|-heal|p2a: Great Tusk|67/100 brn|[from] item: Leftovers
|-damage|p2a: Great Tusk|61/100 brn|[from] brn
|upkeep
|turn|20
|
|t:|1758917838
|move|p2a: Great Tusk|Ice Spinner|p1a: Fiaro
|-damage|p1a: Fiaro|15/100
|move|p1a: Fiaro|Flamethrower|p2a: Great Tusk
|-damage|p2a: Great Tusk|31/100 brn
|
|-heal|p2a: Great Tusk|37/100 brn|[from] item: Leftovers
|-damage|p2a: Great Tusk|31/100 brn|[from] brn
|upkeep
|turn|21
|
|t:|1758917846
|move|p2a: Great Tusk|Ice Spinner|p1a: Fiaro
|-damage|p1a: Fiaro|2/100
|move|p1a: Fiaro|Roost|p1a: Fiaro
|-heal|p1a: Fiaro|52/100
|-singleturn|p1a: Fiaro|move: Roost
|
|-heal|p2a: Great Tusk|37/100 brn|[from] item: Leftovers
|-damage|p2a: Great Tusk|31/100 brn|[from] brn
|upkeep
|turn|22
|
|t:|1758917861
|-end|p2a: Great Tusk|Protosynthesis|[silent]
|switch|p2a: Landorus|Landorus-Therian, M|100/100
|-ability|p2a: Landorus|Intimidate|boost
|-unboost|p1a: Fiaro|atk|1
|move|p1a: Fiaro|Flamethrower|p2a: Landorus
|-damage|p2a: Landorus|69/100
|
|upkeep
|turn|23
|
|t:|1758917868
|move|p2a: Landorus|Rock Tomb|p1a: Fiaro
|-supereffective|p1a: Fiaro
|-damage|p1a: Fiaro|0 fnt
|faint|p1a: Fiaro
|
|upkeep
|
|t:|1758917874
|switch|p1a: Quajutsu|Greninja, F|32/100
|turn|24
|
|t:|1758917880
|move|p1a: Quajutsu|Ice Beam|p2a: Landorus
|-start|p1a: Quajutsu|typechange|Ice|[from] ability: Protean
|-supereffective|p2a: Landorus
|-damage|p2a: Landorus|0 fnt
|faint|p2a: Landorus
|
|upkeep
|
|t:|1758917885
|switch|p2a: Great Tusk|Great Tusk|31/100 brn
|turn|25
|
|t:|1758917889
|move|p1a: Quajutsu|Ice Beam|p2a: Great Tusk
|-supereffective|p2a: Great Tusk
|-damage|p2a: Great Tusk|0 fnt
|faint|p2a: Great Tusk
|-end|p2a: Great Tusk|Protosynthesis|[silent]
|
|win|I will eat another
|raw|I will eat another's rating: 1293 &rarr; <strong>1321</strong><br />(+28 for winning)
|raw|TJ13_SSB's rating: 1337 &rarr; <strong>1314</strong><br />(-23 for losing)
|l|☆TJ13_SSB
|player|p2|
|l|☆I will eat another
|player|p1|
