|badge|p1|bronze|gen9ou|100-6
|html|<div class="broadcast-red"><strong>This battle is required to be public due to one or more player having a season medal.</strong><br />During the public phase, you can discuss the state of the ladder <a href="/seasondiscussion">in a special chatroom.</a></div>
|uhtml|medal-msg|<div class="broadcast-blue">Curious what those medals under the avatar are? PS now has Ladder Seasons! For more information, check out the <a href="https://www.smogon.com/forums/threads/3740067/">thread on Smogon.</a></div>
|badge|p2|silver|gen9ou|30-6
|uhtml|medal-msg|<div class="broadcast-blue">Curious what those medals under the avatar are? PS now has Ladder Seasons! For more information, check out the <a href="https://www.smogon.com/forums/threads/3740067/">thread on Smogon.</a></div>
|raw|<div class="broadcast-blue"><strong>This battle is required to be public due to a player having a name starting with 'medal'.</div>
|j|☆D Gym Teacher
|j|☆send it to me
|t:|1758974322
|gametype|singles
|player|p1|D Gym Teacher|veteran|1843
|player|p2|send it to me|musician|2028
|gen|9
|tier|[Gen 9] OU
|rated|
|rule|HP Percentage Mod: HP is shown in percentages
|rule|Endless Battle Clause: Forcing endless battles is banned
|rule|Species Clause: Limit one of each Pokémon
|rule|OHKO Clause: OHKO moves are banned
|rule|Evasion Items Clause: Evasion items are banned
|rule|Evasion Moves Clause: Evasion moves are banned
|rule|Evasion Abilities Clause: Evasion abilities are banned
|rule|Sleep Moves Clause: Sleep-inducing moves are banned
|clearpoke
|poke|p1|Great Tusk|
|poke|p1|Slowking-Galar, M|
|poke|p1|Corviknight, F|
|poke|p1|Clefable, F|
|poke|p1|Samurott-Hisui, M|
|poke|p1|Dragapult, F|
|poke|p2|Great Tusk|
|poke|p2|Kingambit, F|
|poke|p2|Slither Wing|
|poke|p2|Tornadus-Therian, M|
|poke|p2|Torkoal, M|
|poke|p2|Walking Wake|
|teampreview
|j| amefurikoneko
|j| LT124YH Ghoul
|j| dsvdv
|inactive|Battle timer is ON: inactive players will automatically lose when time's up. (requested by D Gym Teacher)
|c|☆send it to me|hf
|
|t:|1758974353
|teamsize|p1|6
|teamsize|p2|6
|start
|switch|p1a: P!nk|Clefable, F|100/100
|switch|p2a: Torkoal|Torkoal, M, shiny|100/100
|-weather|SunnyDay|[from] ability: Drought|[of] p2a: Torkoal
|turn|1
|l| dsvdv
|
|t:|1758974368
|switch|p2a: Tornadus|Tornadus-Therian, M|100/100
|move|p1a: P!nk|Knock Off|p2a: Tornadus
|-damage|p2a: Tornadus|83/100
|-enditem|p2a: Tornadus|Assault Vest|[from] move: Knock Off|[of] p1a: P!nk
|
|-weather|SunnyDay|[upkeep]
|upkeep
|turn|2
|
|t:|1758974375
|move|p2a: Tornadus|Knock Off|p1a: P!nk
|-resisted|p1a: P!nk
|-damage|p1a: P!nk|92/100
|-enditem|p1a: P!nk|Leftovers|[from] move: Knock Off|[of] p2a: Tornadus
|move|p1a: P!nk|Stealth Rock|p2a: Tornadus
|-sidestart|p2: send it to me|move: Stealth Rock
|
|-weather|SunnyDay|[upkeep]
|upkeep
|turn|3
|c|☆D Gym Teacher|tyu2
|
|t:|1758974384
|move|p2a: Tornadus|Knock Off|p1a: P!nk
|-resisted|p1a: P!nk
|-damage|p1a: P!nk|87/100
|move|p1a: P!nk|Knock Off|p2a: Tornadus
|-damage|p2a: Tornadus|71/100
|
|-weather|SunnyDay|[upkeep]
|upkeep
|turn|4
|
|t:|1758974389
|move|p2a: Tornadus|Bleakwind Storm|p1a: P!nk
|-damage|p1a: P!nk|54/100
|move|p1a: P!nk|Moonblast|p2a: Tornadus
|-damage|p2a: Tornadus|47/100
|
|-weather|SunnyDay|[upkeep]
|upkeep
|turn|5
|
|t:|1758974395
|move|p2a: Tornadus|U-turn|p1a: P!nk
|-resisted|p1a: P!nk
|-damage|p1a: P!nk|47/100
|
|t:|1758974397
|switch|p2a: Kingambit|Kingambit, F|100/100|[from] U-turn
|-damage|p2a: Kingambit|94/100|[from] Stealth Rock
|move|p1a: P!nk|Moonlight|p1a: P!nk
|-heal|p1a: P!nk|100/100
|
|-weather|SunnyDay|[upkeep]
|-heal|p2a: Kingambit|100/100|[from] item: Leftovers
|upkeep
|turn|6
|
|t:|1758974406
|-end|p2a: Kingambit|fallenundefined|[silent]
|switch|p2a: Walking Wake|Walking Wake|100/100
|-damage|p2a: Walking Wake|88/100|[from] Stealth Rock
|-activate|p2a: Walking Wake|ability: Protosynthesis
|-start|p2a: Walking Wake|protosynthesisspa
|switch|p1a: Loxodonta|Great Tusk|100/100
|-activate|p1a: Loxodonta|ability: Protosynthesis
|-start|p1a: Loxodonta|protosynthesisatk
|
|-weather|SunnyDay|[upkeep]
|upkeep
|turn|7
|j| lakob
|j| locked in bro
|
|t:|1758974435
|-end|p1a: Loxodonta|Protosynthesis|[silent]
|switch|p1a: Jack|Samurott-Hisui, M|100/100
|move|p2a: Walking Wake|Hydro Steam|p1a: Jack
|-resisted|p1a: Jack
|-damage|p1a: Jack|41/100
|
|-weather|SunnyDay|[upkeep]
|upkeep
|turn|8
|j| seiko leich
|
|t:|1758974442
|switch|p1a: Alchemist|Slowking-Galar, M|100/100
|move|p2a: Walking Wake|Hydro Steam|p1a: Alchemist
|-damage|p1a: Alchemist|56/100
|
|-weather|none
|-end|p2a: Walking Wake|Protosynthesis
|upkeep
|turn|9
|
|t:|1758974453
|-end|p2a: Walking Wake|Protosynthesis|[silent]
|switch|p2a: Great Tusk|Great Tusk, shiny|100/100
|-damage|p2a: Great Tusk|98/100|[from] Stealth Rock
|-terastallize|p1a: Alchemist|Water
|move|p1a: Alchemist|Sludge Bomb|p2a: Great Tusk
|-resisted|p2a: Great Tusk
|-damage|p2a: Great Tusk|79/100
|
|upkeep
|turn|10
|
|t:|1758974462
|switch|p1a: P!nk|Clefable, F|100/100
|move|p2a: Great Tusk|Headlong Rush|p1a: P!nk
|-damage|p1a: P!nk|52/100
|-unboost|p2a: Great Tusk|def|1
|-unboost|p2a: Great Tusk|spd|1
|
|upkeep
|turn|11
|
|t:|1758974468
|move|p2a: Great Tusk|Headlong Rush|p1a: P!nk
|-damage|p1a: P!nk|4/100
|-unboost|p2a: Great Tusk|def|1
|-unboost|p2a: Great Tusk|spd|1
|move|p1a: P!nk|Moonlight|p1a: P!nk
|-heal|p1a: P!nk|54/100
|
|upkeep
|turn|12
|j| Dionysos
|l| Dionysos
|
|t:|1758974477
|switch|p1a: Voyageur|Corviknight, F|100/100
|-ability|p1a: Voyageur|Pressure
|move|p2a: Great Tusk|Headlong Rush|p1a: Voyageur
|-immune|p1a: Voyageur
|
|upkeep
|turn|13
|l| LT124YH Ghoul
|
|t:|1758974486
|-end|p2a: Great Tusk|Protosynthesis|[silent]
|switch|p2a: Torkoal|Torkoal, M, shiny|100/100
|-damage|p2a: Torkoal|75/100|[from] Stealth Rock
|-weather|SunnyDay|[from] ability: Drought|[of] p2a: Torkoal
|switch|p1a: Bull's-eye|Dragapult, F|100/100
|
|-weather|SunnyDay|[upkeep]
|upkeep
|turn|14
|j| dsvdv
|l| locked in bro
|j| locked in bro
|inactive|send it to me has 120 seconds left.
|
|t:|1758974522
|switch|p2a: Kingambit|Kingambit, F|100/100
|-damage|p2a: Kingambit|94/100|[from] Stealth Rock
|move|p1a: Bull's-eye|U-turn|p2a: Kingambit
|-damage|p2a: Kingambit|83/100
|j| moodrandom
|
|t:|1758974528
|switch|p1a: Loxodonta|Great Tusk|100/100|[from] U-turn
|-activate|p1a: Loxodonta|ability: Protosynthesis
|-start|p1a: Loxodonta|protosynthesisatk
|
|-weather|SunnyDay|[upkeep]
|-heal|p2a: Kingambit|89/100|[from] item: Leftovers
|upkeep
|turn|15
|
|t:|1758974535
|move|p1a: Loxodonta|Close Combat|p2a: Kingambit
|-supereffective|p2a: Kingambit
|-damage|p2a: Kingambit|0 fnt
|-unboost|p1a: Loxodonta|def|1
|-unboost|p1a: Loxodonta|spd|1
|faint|p2a: Kingambit
|-end|p2a: Kingambit|fallenundefined|[silent]
|
|-weather|SunnyDay|[upkeep]
|upkeep
|
|t:|1758974539
|switch|p2a: Walking Wake|Walking Wake|88/100
|-damage|p2a: Walking Wake|76/100|[from] Stealth Rock
|-activate|p2a: Walking Wake|ability: Protosynthesis
|-start|p2a: Walking Wake|protosynthesisspa
|turn|16
|
|t:|1758974546
|-end|p1a: Loxodonta|Protosynthesis|[silent]
|switch|p1a: Alchemist|Slowking-Galar, M, tera:Water|90/100
|move|p2a: Walking Wake|Hydro Steam|p1a: Alchemist
|-resisted|p1a: Alchemist
|-damage|p1a: Alchemist|68/100
|
|-weather|SunnyDay|[upkeep]
|upkeep
|turn|17
|
|t:|1758974557
|-end|p2a: Walking Wake|Protosynthesis|[silent]
|switch|p2a: Great Tusk|Great Tusk, shiny|79/100
|-damage|p2a: Great Tusk|77/100|[from] Stealth Rock
|-activate|p2a: Great Tusk|ability: Protosynthesis
|-start|p2a: Great Tusk|protosynthesisatk
|move|p1a: Alchemist|Ice Beam|p2a: Great Tusk
|-supereffective|p2a: Great Tusk
|-damage|p2a: Great Tusk|25/100
|
|-weather|SunnyDay|[upkeep]
|upkeep
|turn|18
|
|t:|1758974570
|switch|p1a: Voyageur|Corviknight, F|100/100
|-ability|p1a: Voyageur|Pressure
|move|p2a: Great Tusk|Rapid Spin|p1a: Voyageur
|-resisted|p1a: Voyageur
|-damage|p1a: Voyageur|93/100
|-boost|p2a: Great Tusk|spe|1
|-damage|p2a: Great Tusk|8/100|[from] item: Rocky Helmet|[of] p1a: Voyageur
|-sideend|p2: send it to me|Stealth Rock|[from] move: Rapid Spin|[of] p2a: Great Tusk
|
|-weather|SunnyDay|[upkeep]
|upkeep
|turn|19
|
|t:|1758974580
|-terastallize|p2a: Great Tusk|Fire
|move|p2a: Great Tusk|Temper Flare|p1a: Voyageur
|-supereffective|p1a: Voyageur
|-damage|p1a: Voyageur|0 fnt
|-damage|p2a: Great Tusk|0 fnt|[from] item: Rocky Helmet|[of] p1a: Voyageur
|faint|p1a: Voyageur
|faint|p2a: Great Tusk
|-end|p2a: Great Tusk|Protosynthesis|[silent]
|
|-weather|SunnyDay|[upkeep]
|upkeep
|j| pokemon_loover
|
|t:|1758974599
|switch|p2a: Slither Wing|Slither Wing|100/100
|switch|p1a: P!nk|Clefable, F|54/100
|-activate|p2a: Slither Wing|ability: Protosynthesis
|-start|p2a: Slither Wing|protosynthesisatk
|turn|20
|
|t:|1758974606
|switch|p1a: Jack|Samurott-Hisui, M|41/100
|move|p2a: Slither Wing|Temper Flare|p1a: Jack
|-resisted|p1a: Jack
|-damage|p1a: Jack|9/100
|
|-weather|none
|-end|p2a: Slither Wing|Protosynthesis
|upkeep
|turn|21
|
|t:|1758974614
|move|p1a: Jack|Ceaseless Edge|p2a: Slither Wing
|-resisted|p2a: Slither Wing
|-damage|p2a: Slither Wing|74/100
|-sidestart|p2: send it to me|Spikes
|move|p2a: Slither Wing|U-turn|p1a: Jack
|-supereffective|p1a: Jack
|-damage|p1a: Jack|0 fnt
|faint|p1a: Jack
|
|t:|1758974617
|-end|p2a: Slither Wing|Protosynthesis|[silent]
|switch|p2a: Walking Wake|Walking Wake|76/100|[from] U-turn
|-damage|p2a: Walking Wake|63/100|[from] Spikes
|
|upkeep
|
|t:|1758974627
|switch|p1a: Alchemist|Slowking-Galar, M, tera:Water|100/100
|turn|22
|
|t:|1758974631
|-end|p2a: Walking Wake|Protosynthesis|[silent]
|switch|p2a: Tornadus|Tornadus-Therian, M|80/100
|move|p1a: Alchemist|Sludge Bomb|p2a: Tornadus
|-damage|p2a: Tornadus|48/100
|
|upkeep
|turn|23
|
|t:|1758974657
|move|p2a: Tornadus|Knock Off|p1a: Alchemist
|-damage|p1a: Alchemist|78/100
|-enditem|p1a: Alchemist|Assault Vest|[from] move: Knock Off|[of] p2a: Tornadus
|move|p1a: Alchemist|Ice Beam|p2a: Tornadus
|-supereffective|p2a: Tornadus
|-damage|p2a: Tornadus|11/100
|
|upkeep
|turn|24
|
|t:|1758974665
|move|p2a: Tornadus|U-turn|p1a: Alchemist
|-damage|p1a: Alchemist|62/100
|
|t:|1758974668
|switch|p2a: Torkoal|Torkoal, M, shiny|75/100|[from] U-turn
|-damage|p2a: Torkoal|63/100|[from] Spikes
|-weather|SunnyDay|[from] ability: Drought|[of] p2a: Torkoal
|move|p1a: Alchemist|Sludge Bomb|p2a: Torkoal
|-crit|p2a: Torkoal
|-damage|p2a: Torkoal|0 fnt
|faint|p2a: Torkoal
|
|-weather|SunnyDay|[upkeep]
|upkeep
|
|t:|1758974678
|switch|p2a: Slither Wing|Slither Wing|74/100
|-damage|p2a: Slither Wing|62/100|[from] Spikes
|-activate|p2a: Slither Wing|ability: Protosynthesis
|-start|p2a: Slither Wing|protosynthesisatk
|turn|25
|
|t:|1758974687
|switch|p1a: Loxodonta|Great Tusk|100/100
|-activate|p1a: Loxodonta|ability: Protosynthesis
|-start|p1a: Loxodonta|protosynthesisatk
|move|p2a: Slither Wing|First Impression|p1a: Loxodonta
|-resisted|p1a: Loxodonta
|-damage|p1a: Loxodonta|75/100
|
|-weather|SunnyDay|[upkeep]
|-heal|p1a: Loxodonta|81/100|[from] item: Leftovers
|upkeep
|turn|26
|
|t:|1758974699
|move|p1a: Loxodonta|Rapid Spin|p2a: Slither Wing
|-damage|p2a: Slither Wing|33/100
|-boost|p1a: Loxodonta|spe|1
|move|p2a: Slither Wing|Low Kick|p1a: Loxodonta
|-damage|p1a: Loxodonta|12/100
|
|-weather|SunnyDay|[upkeep]
|-heal|p1a: Loxodonta|18/100|[from] item: Leftovers
|upkeep
|turn|27
|
|t:|1758974708
|-end|p2a: Slither Wing|Protosynthesis|[silent]
|switch|p2a: Tornadus|Tornadus-Therian, M|44/100
|move|p1a: Loxodonta|Ice Spinner|p2a: Tornadus
|-supereffective|p2a: Tornadus
|-damage|p2a: Tornadus|0 fnt
|faint|p2a: Tornadus
|
|-weather|SunnyDay|[upkeep]
|-heal|p1a: Loxodonta|24/100|[from] item: Leftovers
|upkeep
|
|t:|1758974711
|switch|p2a: Slither Wing|Slither Wing|33/100
|-damage|p2a: Slither Wing|21/100|[from] Spikes
|-activate|p2a: Slither Wing|ability: Protosynthesis
|-start|p2a: Slither Wing|protosynthesisatk
|turn|28
|j| wgw2333
|
|t:|1758974724
|move|p2a: Slither Wing|First Impression|p1a: Loxodonta
|-resisted|p1a: Loxodonta
|-crit|p1a: Loxodonta
|-damage|p1a: Loxodonta|0 fnt
|faint|p1a: Loxodonta
|-end|p1a: Loxodonta|Protosynthesis|[silent]
|
|-weather|SunnyDay|[upkeep]
|upkeep
|
|t:|1758974728
|switch|p1a: Bull's-eye|Dragapult, F|100/100
|turn|29
|j| cynasaurus
|
|t:|1758974731
|-end|p2a: Slither Wing|Protosynthesis|[silent]
|switch|p2a: Walking Wake|Walking Wake|63/100
|-damage|p2a: Walking Wake|51/100|[from] Spikes
|-activate|p2a: Walking Wake|ability: Protosynthesis
|-start|p2a: Walking Wake|protosynthesisspa
|move|p1a: Bull's-eye|Shadow Ball|p2a: Walking Wake
|-damage|p2a: Walking Wake|0 fnt
|faint|p2a: Walking Wake
|-end|p2a: Walking Wake|Protosynthesis|[silent]
|
|-weather|SunnyDay|[upkeep]
|upkeep
|c|☆send it to me|gg
|-message|send it to me forfeited.
|
|win|D Gym Teacher
|raw|D Gym Teacher's rating: 1843 &rarr; <strong>1873</strong><br />(+30 for winning)
|raw|send it to me's rating: 2028 &rarr; <strong>1998</strong><br />(-30 for losing)
|l| moodrandom
|c|☆D Gym Teacher|gg
|l|☆send it to me
|player|p2|
|l|☆D Gym Teacher
|player|p1|
|l| locked in bro
|l| amefurikoneko
|l| dsvdv
|j| Distance rectangle
|l| Distance rectangle
|l| cynasaurus
