|j|☆mikee160
|j|☆BZR Osiris
|t:|1758990930
|gametype|singles
|player|p1|mikee160|swimmerf-gen4dp|1253
|player|p2|BZR Osiris|red|1295
|gen|9
|tier|[Gen 9] OU
|rated|
|rule|HP Percentage Mod: HP is shown in percentages
|rule|Endless Battle Clause: Forcing endless battles is banned
|rule|Species Clause: Limit one of each Pokémon
|rule|OHKO Clause: OHKO moves are banned
|rule|Evasion Items Clause: Evasion items are banned
|rule|Evasion Moves Clause: Evasion moves are banned
|rule|Evasion Abilities Clause: Evasion abilities are banned
|rule|Sleep Moves Clause: Sleep-inducing moves are banned
|clearpoke
|poke|p1|Goodra-Hisui, M|
|poke|p1|Meowscarada, M|
|poke|p1|Scizor, F|
|poke|p1|Thundurus-Therian, M|
|poke|p1|Infernape, M|
|poke|p1|Delibird, F|
|poke|p2|Iron Moth|
|poke|p2|Ogerpon-Wellspring, F|
|poke|p2|Corviknight, M|
|poke|p2|Kyurem|
|poke|p2|Dragonite, M|
|poke|p2|Iron Valiant|
|teampreview
|inactive|Battle timer is ON: inactive players will automatically lose when time's up. (requested by mikee160)
|
|t:|1758990936
|teamsize|p1|6
|teamsize|p2|6
|start
|switch|p1a: Infernape|Infernape, M|100/100
|switch|p2a: Sunfyre|Iron Moth, shiny|100/100
|-enditem|p2a: Sunfyre|Booster Energy
|-activate|p2a: Sunfyre|ability: Quark Drive|[fromitem]
|-start|p2a: Sunfyre|quarkdrivespa
|turn|1
|
|t:|1758990943
|switch|p1a: Goodra|Goodra-Hisui, M|100/100
|-terastallize|p2a: Sunfyre|Flying
|move|p2a: Sunfyre|Dazzling Gleam|p1a: Goodra
|-damage|p1a: Goodra|82/100
|
|upkeep
|turn|2
|
|t:|1758990947
|move|p2a: Sunfyre|Fiery Dance|p1a: Goodra
|-crit|p1a: Goodra
|-damage|p1a: Goodra|34/100
|-boost|p2a: Sunfyre|spa|1
|move|p1a: Goodra|Dragon Pulse|p2a: Sunfyre
|-damage|p2a: Sunfyre|62/100
|
|upkeep
|turn|3
|
|t:|1758990951
|move|p2a: Sunfyre|Fiery Dance|p1a: Goodra
|-damage|p1a: Goodra|0 fnt
|-boost|p2a: Sunfyre|spa|1
|faint|p1a: Goodra
|
|upkeep
|
|t:|1758990957
|switch|p1a: Thundurus|Thundurus-Therian, M|100/100
|turn|4
|
|t:|1758990960
|move|p1a: Thundurus|Volt Switch|p2a: Sunfyre
|-supereffective|p2a: Sunfyre
|-damage|p2a: Sunfyre|0 fnt
|faint|p2a: Sunfyre
|-end|p2a: Sunfyre|Quark Drive|[silent]
|
|t:|1758990965
|switch|p1a: Infernape|Infernape, M|100/100|[from] Volt Switch
|
|upkeep
|
|t:|1758990971
|switch|p2a: Nova|Iron Valiant, shiny|100/100
|-enditem|p2a: Nova|Booster Energy
|-activate|p2a: Nova|ability: Quark Drive|[fromitem]
|-start|p2a: Nova|quarkdrivespe
|turn|5
|
|t:|1758990976
|switch|p1a: Scizor|Scizor, F|100/100
|move|p2a: Nova|Moonblast|p1a: Scizor
|-resisted|p1a: Scizor
|-damage|p1a: Scizor|72/100
|
|upkeep
|turn|6
|
|t:|1758990979
|move|p1a: Scizor|Bullet Punch|p2a: Nova
|-supereffective|p2a: Nova
|-damage|p2a: Nova|0 fnt
|faint|p2a: Nova
|-end|p2a: Nova|Quark Drive|[silent]
|
|upkeep
|
|t:|1758990984
|switch|p2a: Corviknight|Corviknight, M|100/100
|-ability|p2a: Corviknight|Pressure
|turn|7
|
|t:|1758990987
|switch|p1a: Thundurus|Thundurus-Therian, M|100/100
|move|p2a: Corviknight|Brave Bird|p1a: Thundurus
|-resisted|p1a: Thundurus
|-damage|p1a: Thundurus|73/100
|-damage|p2a: Corviknight|94/100|[from] Recoil
|
|upkeep
|turn|8
|
|t:|1758990990
|switch|p2a: Rhaegar|Kyurem, shiny|100/100
|-ability|p2a: Rhaegar|Pressure
|move|p1a: Thundurus|Volt Switch|p2a: Rhaegar
|-resisted|p2a: Rhaegar
|-damage|p2a: Rhaegar|82/100
|
|t:|1758990993
|switch|p1a: Scizor|Scizor, F|72/100|[from] Volt Switch
|
|upkeep
|turn|9
|
|t:|1758990996
|switch|p2a: Corviknight|Corviknight, M|94/100
|-ability|p2a: Corviknight|Pressure
|move|p1a: Scizor|Bullet Punch|p2a: Corviknight
|-resisted|p2a: Corviknight
|-damage|p2a: Corviknight|79/100
|-damage|p1a: Scizor|55/100|[from] item: Rocky Helmet|[of] p2a: Corviknight
|
|upkeep
|turn|10
|
|t:|1758991002
|switch|p1a: Delibird|Delibird, F|100/100
|move|p2a: Corviknight|Brave Bird|p1a: Delibird
|-damage|p1a: Delibird|20/100
|-damage|p2a: Corviknight|59/100|[from] Recoil
|
|upkeep
|turn|11
|-enditem|p1a: Delibird|Custap Berry|[eat]
|-activate|p1a: Delibird|item: Custap Berry|[consumed]
|
|t:|1758991007
|move|p1a: Delibird|Endure|p1a: Delibird
|-singleturn|p1a: Delibird|move: Endure
|move|p2a: Corviknight|Brave Bird|p1a: Delibird
|-activate|p1a: Delibird|move: Endure
|-damage|p1a: Delibird|1/100
|-damage|p2a: Corviknight|54/100|[from] Recoil
|
|upkeep
|turn|12
|
|t:|1758991014
|move|p1a: Delibird|Destiny Bond|p1a: Delibird
|-singlemove|p1a: Delibird|Destiny Bond
|move|p2a: Corviknight|Iron Head|p1a: Delibird
|-supereffective|p1a: Delibird
|-damage|p1a: Delibird|0 fnt
|faint|p1a: Delibird
|-activate|p1a: Delibird|move: Destiny Bond
|faint|p2a: Corviknight
|
|upkeep
|
|t:|1758991020
|switch|p1a: Scizor|Scizor, F|55/100
|switch|p2a: Haku|Ogerpon-Wellspring, F|100/100
|turn|13
|
|t:|1758991024
|move|p2a: Haku|Ivy Cudgel|p1a: Scizor|[anim] Ivy Cudgel Water
|-damage|p1a: Scizor|0 fnt
|faint|p1a: Scizor
|
|upkeep
|
|t:|1758991027
|switch|p1a: Thundurus|Thundurus-Therian, M|73/100
|turn|14
|
|t:|1758991036
|switch|p2a: Dragonite|Dragonite, M|100/100
|-terastallize|p1a: Thundurus|Electric
|move|p1a: Thundurus|Volt Switch|p2a: Dragonite
|-damage|p2a: Dragonite|73/100
|
|t:|1758991041
|switch|p1a: Infernape|Infernape, M|100/100|[from] Volt Switch
|
|upkeep
|turn|15
|
|t:|1758991045
|move|p1a: Infernape|Thunder Punch|p2a: Dragonite
|-damage|p2a: Dragonite|33/100
|-damage|p1a: Infernape|91/100|[from] item: Life Orb
|move|p2a: Dragonite|Earthquake|p1a: Infernape
|-supereffective|p1a: Infernape
|-damage|p1a: Infernape|0 fnt
|faint|p1a: Infernape
|
|upkeep
|
|t:|1758991047
|switch|p1a: Thundurus|Thundurus-Therian, M, tera:Electric|73/100
|turn|16
|
|t:|1758991052
|move|p2a: Dragonite|Extreme Speed|p1a: Thundurus
|-damage|p1a: Thundurus|27/100
|move|p1a: Thundurus|Volt Switch|p2a: Dragonite
|-damage|p2a: Dragonite|0 fnt
|faint|p2a: Dragonite
|
|t:|1758991055
|switch|p1a: Meowscarada|Meowscarada, M|100/100|[from] Volt Switch
|
|upkeep
|
|t:|1758991059
|switch|p2a: Haku|Ogerpon-Wellspring, F|100/100
|turn|17
|
|t:|1758991062
|move|p1a: Meowscarada|U-turn|p2a: Haku
|-start|p1a: Meowscarada|typechange|Bug|[from] ability: Protean
|-supereffective|p2a: Haku
|-damage|p2a: Haku|0 fnt
|faint|p2a: Haku
|
|t:|1758991066
|switch|p1a: Thundurus|Thundurus-Therian, M, tera:Electric|27/100|[from] U-turn
|
|upkeep
|
|t:|1758991068
|switch|p2a: Rhaegar|Kyurem, shiny|82/100
|-ability|p2a: Rhaegar|Pressure
|turn|18
|
|t:|1758991072
|move|p1a: Thundurus|Focus Blast|p2a: Rhaegar
|-supereffective|p2a: Rhaegar
|-damage|p2a: Rhaegar|0 fnt
|faint|p2a: Rhaegar
|
|win|mikee160
|raw|mikee160's rating: 1253 &rarr; <strong>1281</strong><br />(+28 for winning)
|raw|BZR Osiris's rating: 1295 &rarr; <strong>1267</strong><br />(-28 for losing)
|l|☆BZR Osiris
|player|p2|
|l|☆mikee160
|player|p1|
