|j|☆firemanarjun
|j|☆KadenMannnnn
|t:|1759023529
|gametype|singles
|player|p1|firemanarjun|102|1001
|player|p2|KadenMannnnn|101|1000
|gen|9
|tier|[Gen 9] OU
|rated|
|rule|HP Percentage Mod: HP is shown in percentages
|rule|Endless Battle Clause: Forcing endless battles is banned
|rule|Species Clause: Limit one of each Pokémon
|rule|OHKO Clause: OHKO moves are banned
|rule|Evasion Items Clause: Evasion items are banned
|rule|Evasion Moves Clause: Evasion moves are banned
|rule|Evasion Abilities Clause: Evasion abilities are banned
|rule|Sleep Moves Clause: Sleep-inducing moves are banned
|clearpoke
|poke|p1|Heatran, F|
|poke|p1|Arcanine-Hisui, F|
|poke|p1|Kommo-o, M|
|poke|p1|Weavile, F|
|poke|p1|Polteageist-Antique|
|poke|p1|Garchomp, M|
|poke|p2|Greninja-*, M|
|poke|p2|Gengar, M|
|poke|p2|Electivire, M|
|poke|p2|Garchomp, F|
|poke|p2|Talonflame, M|
|poke|p2|Metagross|
|teampreview
|
|t:|1759023541
|teamsize|p1|6
|teamsize|p2|6
|start
|switch|p1a: Heatran|Heatran, F|100/100
|switch|p2a: Garchomp|Garchomp, F|100/100
|turn|1
|
|t:|1759023554
|move|p2a: Garchomp|Stealth Rock|p1a: Heatran
|-sidestart|p1: firemanarjun|move: Stealth Rock
|move|p1a: Heatran|Stealth Rock|p2a: Garchomp
|-sidestart|p2: KadenMannnnn|move: Stealth Rock
|
|upkeep
|turn|2
|
|t:|1759023591
|move|p2a: Garchomp|Earthquake|p1a: Heatran
|-supereffective|p1a: Heatran
|-damage|p1a: Heatran|0 fnt
|faint|p1a: Heatran
|
|upkeep
|
|t:|1759023597
|switch|p1a: Weavile|Weavile, F|100/100
|-damage|p1a: Weavile|76/100|[from] Stealth Rock
|-ability|p1a: Weavile|Pressure
|turn|3
|
|t:|1759023602
|move|p1a: Weavile|Fake Out|p2a: Garchomp
|-damage|p2a: Garchomp|90/100
|-damage|p1a: Weavile|63/100|[from] ability: Rough Skin|[of] p2a: Garchomp
|-damage|p1a: Weavile|47/100|[from] item: Rocky Helmet|[of] p2a: Garchomp
|cant|p2a: Garchomp|flinch
|
|upkeep
|turn|4
|
|t:|1759023609
|move|p1a: Weavile|Icicle Spear|p2a: Garchomp
|-supereffective|p2a: Garchomp
|-damage|p2a: Garchomp|44/100
|-supereffective|p2a: Garchomp
|-damage|p2a: Garchomp|4/100
|-supereffective|p2a: Garchomp
|-damage|p2a: Garchomp|0 fnt
|faint|p2a: Garchomp
|-hitcount|p2: Garchomp|3
|
|upkeep
|
|t:|1759023625
|switch|p2a: Talonflame|Talonflame, M|100/100
|turn|5
|
|t:|1759023628
|move|p2a: Talonflame|Flare Blitz|p1a: Weavile
|-supereffective|p1a: Weavile
|-damage|p1a: Weavile|0 fnt
|faint|p1a: Weavile
|-damage|p2a: Talonflame|86/100|[from] Recoil
|
|upkeep
|
|t:|1759023635
|switch|p1a: Garchomp|Garchomp, M|100/100
|turn|6
|inactive|Battle timer is ON: inactive players will automatically lose when time's up. (requested by firemanarjun)
|
|t:|1759023651
|switch|p2a: Greninja|Greninja, M|100/100
|-damage|p2a: Greninja|88/100|[from] Stealth Rock
|move|p1a: Garchomp|Liquidation|p2a: Greninja
|-resisted|p2a: Greninja
|-damage|p2a: Greninja|65/100
|
|upkeep
|turn|7
|inactive|firemanarjun has 120 seconds left.
|
|t:|1759023688
|switch|p1a: Polteageist|Polteageist-Antique|100/100
|-damage|p1a: Polteageist|88/100|[from] Stealth Rock
|move|p2a: Greninja|Hydro Pump|p1a: Polteageist
|-damage|p1a: Polteageist|3/100
|
|-heal|p1a: Polteageist|9/100|[from] item: Leftovers
|upkeep
|turn|8
|inactive|firemanarjun has 120 seconds left.
|inactive|firemanarjun has 90 seconds left.
|inactive|firemanarjun has 60 seconds left.
|inactive|firemanarjun has 30 seconds left.
|inactive|firemanarjun has 20 seconds left.
|
|t:|1759023794
|-terastallize|p2a: Greninja|Water
|move|p2a: Greninja|Hydro Pump|p1a: Polteageist
|-damage|p1a: Polteageist|0 fnt
|faint|p1a: Polteageist
|-ability|p2a: Greninja|Battle Bond|boost
|-boost|p2a: Greninja|atk|1
|-boost|p2a: Greninja|spa|1
|-boost|p2a: Greninja|spe|1
|-activate|p2a: Greninja|ability: Battle Bond
|
|upkeep
|inactive|firemanarjun has 25 seconds left this turn.
|
|t:|1759023799
|switch|p1a: Kommo-o|Kommo-o, M|100/100
|-damage|p1a: Kommo-o|94/100|[from] Stealth Rock
|turn|9
|inactive|firemanarjun has 30 seconds left.
|inactiveoff|Battle timer is now OFF.
|
|t:|1759023828
|switch|p2a: Talonflame|Talonflame, M|86/100
|move|p1a: Kommo-o|Clanging Scales|p2a: Talonflame
|-damage|p2a: Talonflame|13/100
|-unboost|p1a: Kommo-o|def|1
|
|-heal|p1a: Kommo-o|100/100|[from] item: Leftovers
|upkeep
|turn|10
|
|t:|1759023854
|move|p2a: Talonflame|Flare Blitz|p1a: Kommo-o
|-resisted|p1a: Kommo-o
|-damage|p1a: Kommo-o|70/100
|-damage|p2a: Talonflame|3/100|[from] Recoil
|move|p1a: Kommo-o|Boomburst|p2a: Talonflame
|-damage|p2a: Talonflame|0 fnt
|faint|p2a: Talonflame
|
|-heal|p1a: Kommo-o|76/100|[from] item: Leftovers
|upkeep
|
|t:|1759023886
|switch|p2a: Metagross|Metagross, shiny|100/100
|-damage|p2a: Metagross|94/100|[from] Stealth Rock
|turn|11
|inactive|Battle timer is ON: inactive players will automatically lose when time's up. (requested by KadenMannnnn)
|inactive|firemanarjun has 30 seconds left.
|inactive|firemanarjun has 20 seconds left.
|inactive|firemanarjun has 15 seconds left.
|inactive|firemanarjun has 10 seconds left.
|
|t:|1759024007
|move|p1a: Kommo-o|Flamethrower|p2a: Metagross
|-supereffective|p2a: Metagross
|-damage|p2a: Metagross|61/100
|move|p2a: Metagross|Zen Headbutt|p1a: Kommo-o
|-supereffective|p1a: Kommo-o
|-damage|p1a: Kommo-o|0 fnt
|faint|p1a: Kommo-o
|
|upkeep
|inactive|firemanarjun has 15 seconds left this turn.
|inactive|firemanarjun has 10 seconds left.
|
|t:|1759024015
|switch|p1a: Arcanine|Arcanine-Hisui, F|100/100
|-ability|p1a: Arcanine|Intimidate|boost
|-fail|p2a: Metagross|unboost|[from] ability: Clear Body|[of] p2a: Metagross
|turn|12
|inactive|firemanarjun has 20 seconds left this turn.
|
|t:|1759024035
|move|p1a: Arcanine|Raging Fury|p2a: Metagross
|-supereffective|p2a: Metagross
|-damage|p2a: Metagross|0 fnt
|faint|p2a: Metagross
|
|upkeep
|
|t:|1759024049
|switch|p2a: Gengar|Gengar, M|100/100
|-damage|p2a: Gengar|88/100|[from] Stealth Rock
|turn|13
|
|t:|1759024060
|move|p1a: Arcanine|Raging Fury|p2a: Gengar|[from] lockedmove
|-damage|p2a: Gengar|0 fnt
|faint|p2a: Gengar
|
|upkeep
|
|t:|1759024063
|switch|p2a: Electivire|Electivire, M|100/100
|-damage|p2a: Electivire|88/100|[from] Stealth Rock
|turn|14
|
|t:|1759024078
|move|p1a: Arcanine|Raging Fury|p2a: Electivire|[from] lockedmove
|-damage|p2a: Electivire|0 fnt
|faint|p2a: Electivire
|-start|p1a: Arcanine|confusion|[fatigue]
|
|upkeep
|
|t:|1759024080
|switch|p2a: Greninja|Greninja, M, tera:Water|65/100
|-damage|p2a: Greninja|53/100|[from] Stealth Rock
|turn|15
|
|t:|1759024085
|-activate|p1a: Arcanine|confusion
|move|p1a: Arcanine|Extreme Speed|p2a: Greninja
|-damage|p2a: Greninja|8/100
|move|p2a: Greninja|Hydro Pump|p1a: Arcanine
|-supereffective|p1a: Arcanine
|-damage|p1a: Arcanine|0 fnt
|faint|p1a: Arcanine
|
|upkeep
|
|t:|1759024089
|switch|p1a: Garchomp|Garchomp, M|100/100
|turn|16
|
|t:|1759024093
|move|p2a: Greninja|Hydro Pump|p1a: Garchomp|[miss]
|-miss|p2a: Greninja|p1a: Garchomp
|move|p1a: Garchomp|Iron Head|p2a: Greninja
|-resisted|p2a: Greninja
|-damage|p2a: Greninja|0 fnt
|faint|p2a: Greninja
|
|win|firemanarjun
|raw|firemanarjun's rating: 1001 &rarr; <strong>1041</strong><br />(+40 for winning)
|raw|KadenMannnnn's rating: 1000 &rarr; <strong>1000</strong><br />(+0 for losing)
|c|☆firemanarjun|gg
|l|☆firemanarjun
|player|p1|
