|j|☆Vwood
|j|‽jlce
|t:|1759062391
|gametype|singles
|player|p1|Vwood|elesa|1403
|player|p2|jlce|169|1395
|gen|9
|tier|[Gen 9] OU
|rated|
|rule|HP Percentage Mod: HP is shown in percentages
|rule|Endless Battle Clause: Forcing endless battles is banned
|rule|Species Clause: Limit one of each Pokémon
|rule|OHKO Clause: OHKO moves are banned
|rule|Evasion Items Clause: Evasion items are banned
|rule|Evasion Moves Clause: Evasion moves are banned
|rule|Evasion Abilities Clause: Evasion abilities are banned
|rule|Sleep Moves Clause: Sleep-inducing moves are banned
|clearpoke
|poke|p1|Pecharunt|
|poke|p1|Corviknight, M|
|poke|p1|Ogerpon-Wellspring, F|
|poke|p1|Dragonite, F|
|poke|p1|Ting-Lu|
|poke|p1|Iron Valiant|
|poke|p2|Skeledirge, F|
|poke|p2|Smeargle, F|
|poke|p2|Zoroark-Hisui, M|
|poke|p2|Gholdengo|
|poke|p2|Quaquaval, M|
|poke|p2|Gallade, M|
|teampreview
|inactive|Battle timer is ON: inactive players will automatically lose when time's up. (requested by jlce)
|
|t:|1759062407
|teamsize|p1|6
|teamsize|p2|6
|start
|switch|p1a: Corviknight|Corviknight, M|100/100
|switch|p2a: Smeargle|Smeargle, F|100/100
|-ability|p1a: Corviknight|Pressure
|turn|1
|
|t:|1759062411
|move|p2a: Smeargle|Flamethrower|p1a: Corviknight
|-supereffective|p1a: Corviknight
|-damage|p1a: Corviknight|15/100
|move|p1a: Corviknight|U-turn|p2a: Smeargle
|-resisted|p2a: Smeargle
|-damage|p2a: Smeargle|85/100
|replace|p2a: Zoroark|Zoroark-Hisui, M
|-end|p2a: Zoroark|Illusion
|
|t:|1759062420
|switch|p1a: Ting-Lu|Ting-Lu|100/100|[from] U-turn
|-ability|p1a: Ting-Lu|Vessel of Ruin
|
|upkeep
|turn|2
|
|t:|1759062423
|switch|p2a: Smeargle|Smeargle, F|100/100
|move|p1a: Ting-Lu|Stealth Rock|p2a: Smeargle
|-sidestart|p2: jlce|move: Stealth Rock
|
|upkeep
|turn|3
|
|t:|1759062426
|move|p2a: Smeargle|Sticky Web|p1a: Ting-Lu
|-sidestart|p1: Vwood|move: Sticky Web
|move|p1a: Ting-Lu|Earthquake|p2a: Smeargle
|-enditem|p2a: Smeargle|Focus Sash
|-damage|p2a: Smeargle|1/100
|
|upkeep
|turn|4
|
|t:|1759062429
|move|p2a: Smeargle|Stone Axe|p1a: Ting-Lu
|-resisted|p1a: Ting-Lu
|-damage|p1a: Ting-Lu|98/100
|-sidestart|p1: Vwood|move: Stealth Rock
|move|p1a: Ting-Lu|Whirlwind|p2a: Smeargle
|drag|p2a: Gholdengo|Gholdengo|100/100
|-damage|p2a: Gholdengo|94/100|[from] Stealth Rock
|-item|p2a: Gholdengo|Air Balloon
|
|-heal|p1a: Ting-Lu|100/100|[from] item: Leftovers
|upkeep
|turn|5
|
|t:|1759062435
|switch|p2a: Quaquaval|Quaquaval, M|100/100
|-damage|p2a: Quaquaval|94/100|[from] Stealth Rock
|move|p1a: Ting-Lu|Ruination|p2a: Quaquaval|[miss]
|-miss|p1a: Ting-Lu|p2a: Quaquaval
|
|upkeep
|turn|6
|
|t:|1759062440
|move|p2a: Quaquaval|Aqua Step|p1a: Ting-Lu
|-supereffective|p1a: Ting-Lu
|-crit|p1a: Ting-Lu
|-damage|p1a: Ting-Lu|37/100
|-boost|p2a: Quaquaval|spe|1
|move|p1a: Ting-Lu|Ruination|p2a: Quaquaval
|-damage|p2a: Quaquaval|47/100
|
|-heal|p1a: Ting-Lu|44/100|[from] item: Leftovers
|upkeep
|turn|7
|
|t:|1759062444
|move|p2a: Quaquaval|Aqua Step|p1a: Ting-Lu
|-supereffective|p1a: Ting-Lu
|-damage|p1a: Ting-Lu|0 fnt
|-boost|p2a: Quaquaval|spe|1
|faint|p1a: Ting-Lu
|-ability|p2a: Quaquaval|Moxie|boost
|-boost|p2a: Quaquaval|atk|1
|
|upkeep
|
|t:|1759062450
|switch|p1a: Dragonite|Dragonite, F|100/100
|turn|8
|
|t:|1759062453
|move|p2a: Quaquaval|Rapid Spin|p1a: Dragonite
|-damage|p1a: Dragonite|87/100
|-boost|p2a: Quaquaval|spe|1
|-sideend|p2: jlce|Stealth Rock|[from] move: Rapid Spin|[of] p2a: Quaquaval
|move|p1a: Dragonite|Dragon Dance|p1a: Dragonite
|-boost|p1a: Dragonite|atk|1
|-boost|p1a: Dragonite|spe|1
|
|upkeep
|turn|9
|
|t:|1759062463
|switch|p2a: Skeledirge|Skeledirge, F|100/100
|move|p1a: Dragonite|Extreme Speed|p2a: Skeledirge
|-immune|p2a: Skeledirge
|
|upkeep
|turn|10
|
|t:|1759062465
|move|p1a: Dragonite|Earthquake|p2a: Skeledirge
|-supereffective|p2a: Skeledirge
|-damage|p2a: Skeledirge|34/100
|move|p2a: Skeledirge|Will-O-Wisp|p1a: Dragonite
|-status|p1a: Dragonite|brn
|
|-damage|p1a: Dragonite|81/100 brn|[from] brn
|upkeep
|turn|11
|
|t:|1759062470
|move|p1a: Dragonite|Earthquake|p2a: Skeledirge
|-supereffective|p2a: Skeledirge
|-damage|p2a: Skeledirge|0 fnt
|faint|p2a: Skeledirge
|
|-damage|p1a: Dragonite|74/100 brn|[from] brn
|upkeep
|
|t:|1759062482
|switch|p2a: Gallade|Gallade, M|85/100
|turn|12
|
|t:|1759062487
|move|p1a: Dragonite|Dragon Dance|p1a: Dragonite
|-boost|p1a: Dragonite|atk|1
|-boost|p1a: Dragonite|spe|1
|move|p2a: Gallade|Shadow Ball|p1a: Dragonite
|-damage|p1a: Dragonite|11/100 brn
|-unboost|p1a: Dragonite|spd|1
|
|-damage|p1a: Dragonite|5/100 brn|[from] brn
|upkeep
|turn|13
|
|t:|1759062491
|switch|p2a: Smeargle|Smeargle, F|1/100
|move|p1a: Dragonite|Earthquake|p2a: Smeargle
|-damage|p2a: Smeargle|0 fnt
|faint|p2a: Smeargle
|
|-damage|p1a: Dragonite|0 fnt|[from] brn
|faint|p1a: Dragonite
|upkeep
|
|t:|1759062499
|switch|p2a: Gallade|Gallade, M|100/100
|switch|p1a: Pecharunt|Pecharunt|100/100
|turn|14
|
|t:|1759062502
|move|p2a: Gallade|Psycho Cut|p1a: Pecharunt
|-supereffective|p1a: Pecharunt
|-damage|p1a: Pecharunt|33/100
|-damage|p2a: Gallade|91/100|[from] item: Life Orb
|move|p1a: Pecharunt|Shadow Ball|p2a: Gallade
|-supereffective|p2a: Gallade
|-damage|p2a: Gallade|40/100
|
|upkeep
|turn|15
|
|t:|1759062507
|switch|p1a: Corviknight|Corviknight, M|15/100
|-damage|p1a: Corviknight|3/100|[from] Stealth Rock
|-ability|p1a: Corviknight|Pressure
|move|p2a: Gallade|Psycho Cut|p1a: Corviknight
|-resisted|p1a: Corviknight
|-damage|p1a: Corviknight|0 fnt
|faint|p1a: Corviknight
|-damage|p2a: Gallade|30/100|[from] item: Life Orb
|
|upkeep
|
|t:|1759062514
|switch|p1a: Iron Valiant|Iron Valiant|100/100
|-activate|p1a: Iron Valiant|move: Sticky Web
|-unboost|p1a: Iron Valiant|spe|1
|-damage|p1a: Iron Valiant|94/100|[from] Stealth Rock
|turn|16
|
|t:|1759062518
|-terastallize|p1a: Iron Valiant|Fairy
|move|p2a: Gallade|Psycho Cut|p1a: Iron Valiant
|-damage|p1a: Iron Valiant|0 fnt
|faint|p1a: Iron Valiant
|-end|p1a: Iron Valiant|Quark Drive|[silent]
|-damage|p2a: Gallade|21/100|[from] item: Life Orb
|
|upkeep
|-message|Vwood forfeited.
|
|win|jlce
|raw|Vwood's rating: 1403 &rarr; <strong>1383</strong><br />(-20 for losing)
|raw|jlce's rating: 1395 &rarr; <strong>1415</strong><br />(+20 for winning)
|l|☆Vwood
|player|p1|
|l|‽jlce
|player|p2|
