|j|☆RK Earth 9000
|j|☆cruzro13
|t:|1758919145
|gametype|singles
|player|p1|RK Earth 9000|volkner|1107
|player|p2|cruzro13|biker-gen4|1138
|gen|9
|tier|[Gen 9] OU
|rated|
|rule|HP Percentage Mod: HP is shown in percentages
|rule|Endless Battle Clause: Forcing endless battles is banned
|rule|Species Clause: Limit one of each Pokémon
|rule|OHKO Clause: OHKO moves are banned
|rule|Evasion Items Clause: Evasion items are banned
|rule|Evasion Moves Clause: Evasion moves are banned
|rule|Evasion Abilities Clause: Evasion abilities are banned
|rule|Sleep Moves Clause: Sleep-inducing moves are banned
|clearpoke
|poke|p1|Primeape, F|
|poke|p1|Ribombee, M|
|poke|p1|Tentacruel, M|
|poke|p1|Landorus-Therian, M|
|poke|p1|Incineroar, F|
|poke|p1|Meowscarada, M|
|poke|p2|Ursaluna, F|
|poke|p2|Zoroark-Hisui, F|
|poke|p2|Maushold-Four|
|poke|p2|Cinccino, M|
|poke|p2|Arboliva, M|
|poke|p2|Snorlax, F|
|teampreview
|inactive|Battle timer is ON: inactive players will automatically lose when time's up. (requested by cruzro13)
|
|t:|1758919163
|teamsize|p1|6
|teamsize|p2|6
|start
|switch|p1a: Tentacruel|Tentacruel, M|100/100
|switch|p2a: Arboliva|Arboliva, M|100/100
|turn|1
|
|t:|1758919169
|move|p2a: Arboliva|Hyper Voice|p1a: Tentacruel
|-damage|p1a: Tentacruel|42/100
|move|p1a: Tentacruel|Toxic|p2a: Arboliva
|-status|p2a: Arboliva|tox
|
|-heal|p1a: Tentacruel|48/100|[from] item: Leftovers
|-damage|p2a: Arboliva|95/100 tox|[from] psn
|upkeep
|turn|2
|
|t:|1758919182
|move|p2a: Arboliva|Hyper Voice|p1a: Tentacruel
|-damage|p1a: Tentacruel|0 fnt
|faint|p1a: Tentacruel
|
|-damage|p2a: Arboliva|83/100 tox|[from] psn
|upkeep
|
|t:|1758919188
|switch|p1a: Incineroar|Incineroar, F, shiny|100/100
|-ability|p1a: Incineroar|Intimidate|boost
|-unboost|p2a: Arboliva|atk|1
|turn|3
|
|t:|1758919200
|move|p2a: Arboliva|Hyper Voice|p1a: Incineroar
|-damage|p1a: Incineroar|31/100
|-enditem|p1a: Incineroar|Sitrus Berry|[eat]
|-heal|p1a: Incineroar|56/100|[from] item: Sitrus Berry
|move|p1a: Incineroar|Knock Off|p2a: Arboliva
|-supereffective|p2a: Arboliva
|-crit|p2a: Arboliva
|-damage|p2a: Arboliva|0 fnt
|replace|p2a: Zoroark|Zoroark-Hisui, F, shiny
|-end|p2a: Zoroark|Illusion
|-enditem|p2a: Zoroark|Choice Specs|[from] move: Knock Off|[of] p1a: Incineroar
|faint|p2a: Zoroark
|
|upkeep
|
|t:|1758919215
|switch|p2a: Snorlax|Snorlax, F, shiny|100/100
|turn|4
|
|t:|1758919221
|move|p1a: Incineroar|Knock Off|p2a: Snorlax
|-damage|p2a: Snorlax|57/100
|-enditem|p2a: Snorlax|Leftovers|[from] move: Knock Off|[of] p1a: Incineroar
|move|p2a: Snorlax|Curse|p2a: Snorlax
|-unboost|p2a: Snorlax|spe|1
|-boost|p2a: Snorlax|atk|1
|-boost|p2a: Snorlax|def|1
|
|upkeep
|turn|5
|
|t:|1758919229
|move|p1a: Incineroar|Parting Shot|p2a: Snorlax
|-unboost|p2a: Snorlax|atk|1
|-unboost|p2a: Snorlax|spa|1
|
|t:|1758919241
|switch|p1a: Landorus|Landorus-Therian, M, shiny|100/100|[from] Parting Shot
|-ability|p1a: Landorus|Intimidate|boost
|-unboost|p2a: Snorlax|atk|1
|move|p2a: Snorlax|Curse|p2a: Snorlax
|-unboost|p2a: Snorlax|spe|1
|-boost|p2a: Snorlax|atk|1
|-boost|p2a: Snorlax|def|1
|
|upkeep
|turn|6
|
|t:|1758919251
|move|p1a: Landorus|Earth Power|p2a: Snorlax
|-damage|p2a: Snorlax|24/100
|move|p2a: Snorlax|Body Slam|p1a: Landorus
|-damage|p1a: Landorus|47/100
|
|upkeep
|turn|7
|
|t:|1758919258
|move|p1a: Landorus|Earth Power|p2a: Snorlax
|-damage|p2a: Snorlax|0 fnt
|faint|p2a: Snorlax
|
|upkeep
|
|t:|1758919264
|switch|p2a: Ursaluna|Ursaluna, F|100/100
|turn|8
|
|t:|1758919269
|switch|p1a: Ribombee|Ribombee, M|100/100
|move|p2a: Ursaluna|Trailblaze|p1a: Ribombee
|-resisted|p1a: Ribombee
|-damage|p1a: Ribombee|83/100
|-boost|p2a: Ursaluna|spe|1
|
|-status|p2a: Ursaluna|brn|[from] item: Flame Orb
|upkeep
|turn|9
|
|t:|1758919280
|move|p1a: Ribombee|Trick|p2a: Ursaluna
|-activate|p1a: Ribombee|move: Trick|[of] p2a: Ursaluna
|-item|p2a: Ursaluna|Choice Specs|[from] move: Trick
|-item|p1a: Ribombee|Flame Orb|[from] move: Trick
|move|p2a: Ursaluna|Trailblaze|p1a: Ribombee
|-resisted|p1a: Ribombee
|-damage|p1a: Ribombee|58/100
|-boost|p2a: Ursaluna|spe|1
|
|-damage|p2a: Ursaluna|94/100 brn|[from] brn
|-status|p1a: Ribombee|brn|[from] item: Flame Orb
|upkeep
|turn|10
|
|t:|1758919292
|switch|p1a: Incineroar|Incineroar, F, shiny|56/100
|-ability|p1a: Incineroar|Intimidate|boost
|-unboost|p2a: Ursaluna|atk|1
|move|p2a: Ursaluna|Trailblaze|p1a: Incineroar
|-resisted|p1a: Incineroar
|-damage|p1a: Incineroar|46/100
|-boost|p2a: Ursaluna|spe|1
|
|-damage|p2a: Ursaluna|88/100 brn|[from] brn
|upkeep
|turn|11
|
|t:|1758919304
|switch|p2a: Arboliva|Arboliva, M|100/100
|move|p1a: Incineroar|Close Combat|p2a: Arboliva
|-supereffective|p2a: Arboliva
|-damage|p2a: Arboliva|18/100
|-unboost|p1a: Incineroar|def|1
|-unboost|p1a: Incineroar|spd|1
|-enditem|p2a: Arboliva|Sitrus Berry|[eat]
|-heal|p2a: Arboliva|43/100|[from] item: Sitrus Berry
|
|upkeep
|turn|12
|
|t:|1758919314
|move|p1a: Incineroar|Knock Off|p2a: Arboliva
|-damage|p2a: Arboliva|11/100
|move|p2a: Arboliva|Strength Sap|p1a: Incineroar
|-unboost|p1a: Incineroar|atk|1
|-heal|p2a: Arboliva|99/100
|
|-item|p2a: Arboliva|Sitrus Berry|[from] ability: Harvest
|upkeep
|turn|13
|
|t:|1758919325
|switch|p1a: Ribombee|Ribombee, M|58/100 brn
|move|p2a: Arboliva|Leech Seed|p1a: Ribombee
|-start|p1a: Ribombee|move: Leech Seed
|
|-damage|p1a: Ribombee|45/100 brn|[from] Leech Seed|[of] p2a: Arboliva
|-heal|p2a: Arboliva|100/100|[silent]
|-damage|p1a: Ribombee|39/100 brn|[from] brn
|upkeep
|turn|14
|
|t:|1758919339
|switch|p2a: Ursaluna|Ursaluna, F|88/100 brn
|move|p1a: Ribombee|Sticky Web|p2a: Ursaluna
|-sidestart|p2: cruzro13|move: Sticky Web
|
|-damage|p1a: Ribombee|27/100 brn|[from] Leech Seed|[of] p2a: Ursaluna
|-heal|p2a: Ursaluna|95/100 brn|[silent]
|-damage|p1a: Ribombee|21/100 brn|[from] brn
|-damage|p2a: Ursaluna|89/100 brn|[from] brn
|upkeep
|turn|15
|
|t:|1758919351
|switch|p1a: Landorus|Landorus-Therian, M, shiny|47/100
|-ability|p1a: Landorus|Intimidate|boost
|-unboost|p2a: Ursaluna|atk|1
|move|p2a: Ursaluna|Facade|p1a: Landorus
|-crit|p1a: Landorus
|-damage|p1a: Landorus|0 fnt
|faint|p1a: Landorus
|
|-damage|p2a: Ursaluna|83/100 brn|[from] brn
|upkeep
|
|t:|1758919362
|switch|p1a: Incineroar|Incineroar, F, shiny|46/100
|-ability|p1a: Incineroar|Intimidate|boost
|-unboost|p2a: Ursaluna|atk|1
|turn|16
|
|t:|1758919373
|move|p1a: Incineroar|Close Combat|p2a: Ursaluna
|-supereffective|p2a: Ursaluna
|-damage|p2a: Ursaluna|26/100 brn
|-unboost|p1a: Incineroar|def|1
|-unboost|p1a: Incineroar|spd|1
|move|p2a: Ursaluna|Facade|p1a: Incineroar
|-damage|p1a: Incineroar|0 fnt
|faint|p1a: Incineroar
|
|-damage|p2a: Ursaluna|20/100 brn|[from] brn
|upkeep
|
|t:|1758919385
|switch|p1a: Primeape|Primeape, F, shiny|100/100
|turn|17
|
|t:|1758919391
|-terastallize|p1a: Primeape|Ghost
|move|p1a: Primeape|Bulk Up|p1a: Primeape
|-boost|p1a: Primeape|atk|1
|-boost|p1a: Primeape|def|1
|move|p2a: Ursaluna|Facade|p1a: Primeape
|-immune|p1a: Primeape
|
|-damage|p2a: Ursaluna|14/100 brn|[from] brn
|upkeep
|turn|18
|
|t:|1758919403
|move|p1a: Primeape|Bulk Up|p1a: Primeape
|-boost|p1a: Primeape|atk|1
|-boost|p1a: Primeape|def|1
|move|p2a: Ursaluna|Facade|p1a: Primeape
|-immune|p1a: Primeape
|
|-damage|p2a: Ursaluna|7/100 brn|[from] brn
|upkeep
|turn|19
|
|t:|1758919412
|move|p1a: Primeape|Bulk Up|p1a: Primeape
|-boost|p1a: Primeape|atk|1
|-boost|p1a: Primeape|def|1
|move|p2a: Ursaluna|Facade|p1a: Primeape
|-immune|p1a: Primeape
|
|-damage|p2a: Ursaluna|1/100 brn|[from] brn
|upkeep
|turn|20
|
|t:|1758919421
|move|p1a: Primeape|Bulk Up|p1a: Primeape
|-boost|p1a: Primeape|atk|1
|-boost|p1a: Primeape|def|1
|move|p2a: Ursaluna|Facade|p1a: Primeape
|-immune|p1a: Primeape
|
|-damage|p2a: Ursaluna|0 fnt|[from] brn
|faint|p2a: Ursaluna
|upkeep
|
|t:|1758919432
|switch|p2a: Arboliva|Arboliva, M|100/100
|-activate|p2a: Arboliva|move: Sticky Web
|-unboost|p2a: Arboliva|spe|1
|turn|21
|
|t:|1758919439
|move|p1a: Primeape|Drain Punch|p2a: Arboliva
|-supereffective|p2a: Arboliva
|-crit|p2a: Arboliva
|-damage|p2a: Arboliva|0 fnt
|faint|p2a: Arboliva
|
|upkeep
|-message|cruzro13 forfeited.
|
|win|RK Earth 9000
|raw|RK Earth 9000's rating: 1107 &rarr; <strong>1134</strong><br />(+27 for winning)
|raw|cruzro13's rating: 1138 &rarr; <strong>1111</strong><br />(-27 for losing)
|l|☆cruzro13
|player|p2|
