|j|☆andjelicpwnsu
|j|☆alovana0
|t:|1759033117
|gametype|singles
|player|p1|andjelicpwnsu|wallace|1356
|player|p2|alovana0|pilot|1354
|gen|9
|tier|[Gen 9] OU
|rated|
|rule|HP Percentage Mod: HP is shown in percentages
|rule|Endless Battle Clause: Forcing endless battles is banned
|rule|Species Clause: Limit one of each Pokémon
|rule|OHKO Clause: OHKO moves are banned
|rule|Evasion Items Clause: Evasion items are banned
|rule|Evasion Moves Clause: Evasion moves are banned
|rule|Evasion Abilities Clause: Evasion abilities are banned
|rule|Sleep Moves Clause: Sleep-inducing moves are banned
|clearpoke
|poke|p1|Corviknight, F|
|poke|p1|Blissey, F|
|poke|p1|Zapdos|
|poke|p1|Meowscarada, M|
|poke|p1|Primarina, M|
|poke|p1|Blaziken, F|
|poke|p2|Staraptor, M|
|poke|p2|Slowking-Galar, F|
|poke|p2|Ogerpon-Wellspring, F|
|poke|p2|Iron Valiant|
|poke|p2|Gholdengo|
|poke|p2|Great Tusk|
|teampreview
|inactive|Battle timer is ON: inactive players will automatically lose when time's up. (requested by alovana0)
|
|t:|1759033123
|teamsize|p1|6
|teamsize|p2|6
|start
|switch|p1a: Primarina|Primarina, M|100/100
|switch|p2a: Staraptor|Staraptor, M, shiny|100/100
|turn|1
|
|t:|1759033126
|move|p2a: Staraptor|Brave Bird|p1a: Primarina
|-damage|p1a: Primarina|0 fnt
|faint|p1a: Primarina
|-damage|p2a: Staraptor|62/100|[from] Recoil
|
|upkeep
|
|t:|1759033133
|switch|p1a: Zapdos|Zapdos|100/100
|turn|2
|
|t:|1759033140
|switch|p2a: Slowking|Slowking-Galar, F|100/100
|move|p1a: Zapdos|Volt Switch|p2a: Slowking
|-damage|p2a: Slowking|81/100
|
|t:|1759033144
|switch|p1a: Meowscarada|Meowscarada, M|100/100|[from] Volt Switch
|
|upkeep
|turn|3
|
|t:|1759033152
|move|p1a: Meowscarada|Knock Off|p2a: Slowking
|-start|p1a: Meowscarada|typechange|Dark|[from] ability: Protean
|-supereffective|p2a: Slowking
|-damage|p2a: Slowking|0 fnt
|-enditem|p2a: Slowking|Heavy-Duty Boots|[from] move: Knock Off|[of] p1a: Meowscarada
|faint|p2a: Slowking
|
|upkeep
|
|t:|1759033170
|switch|p2a: Iron Valiant|Iron Valiant|100/100
|turn|4
|
|t:|1759033178
|switch|p1a: Zapdos|Zapdos|100/100
|move|p2a: Iron Valiant|Moonblast|p1a: Zapdos
|-damage|p1a: Zapdos|62/100
|-damage|p2a: Iron Valiant|91/100|[from] item: Life Orb
|
|upkeep
|turn|5
|
|t:|1759033194
|-end|p2a: Iron Valiant|Quark Drive|[silent]
|switch|p2a: Gholdengo|Gholdengo|100/100
|move|p1a: Zapdos|Hurricane|p2a: Gholdengo
|-resisted|p2a: Gholdengo
|-damage|p2a: Gholdengo|67/100
|
|upkeep
|turn|6
|
|t:|1759033200
|move|p2a: Gholdengo|Make It Rain|p1a: Zapdos
|-resisted|p1a: Zapdos
|-damage|p1a: Zapdos|43/100
|-unboost|p2a: Gholdengo|spa|1
|move|p1a: Zapdos|Heat Wave|p2a: Gholdengo
|-supereffective|p2a: Gholdengo
|-damage|p2a: Gholdengo|0 fnt
|faint|p2a: Gholdengo
|
|upkeep
|c|☆alovana0|Misclick
|inactive|alovana0 has 120 seconds left.
|
|t:|1759033237
|switch|p2a: Iron Valiant|Iron Valiant|91/100
|turn|7
|inactive|alovana0 has 120 seconds left.
|
|t:|1759033245
|move|p2a: Iron Valiant|Moonblast|p1a: Zapdos
|-damage|p1a: Zapdos|6/100
|-unboost|p1a: Zapdos|spa|1
|-damage|p2a: Iron Valiant|81/100|[from] item: Life Orb
|move|p1a: Zapdos|Hurricane|p2a: Iron Valiant|[miss]
|-miss|p1a: Zapdos|p2a: Iron Valiant
|
|upkeep
|turn|8
|
|t:|1759033251
|move|p2a: Iron Valiant|Moonblast|p1a: Zapdos
|-damage|p1a: Zapdos|0 fnt
|faint|p1a: Zapdos
|-damage|p2a: Iron Valiant|71/100|[from] item: Life Orb
|
|upkeep
|
|t:|1759033255
|switch|p1a: Meowscarada|Meowscarada, M|100/100
|turn|9
|
|t:|1759033268
|move|p2a: Iron Valiant|Vacuum Wave|p1a: Meowscarada
|-supereffective|p1a: Meowscarada
|-damage|p1a: Meowscarada|15/100
|-damage|p2a: Iron Valiant|62/100|[from] item: Life Orb
|move|p1a: Meowscarada|Flower Trick|p2a: Iron Valiant
|-start|p1a: Meowscarada|typechange|Grass|[from] ability: Protean
|-crit|p2a: Iron Valiant
|-damage|p2a: Iron Valiant|0 fnt
|faint|p2a: Iron Valiant
|-end|p2a: Iron Valiant|Quark Drive|[silent]
|
|upkeep
|
|t:|1759033278
|switch|p2a: Ogerpon|Ogerpon-Wellspring, F|100/100
|turn|10
|
|t:|1759033286
|move|p1a: Meowscarada|Flower Trick|p2a: Ogerpon
|-crit|p2a: Ogerpon
|-damage|p2a: Ogerpon|0 fnt
|faint|p2a: Ogerpon
|
|upkeep
|
|t:|1759033301
|switch|p2a: Great Tusk|Great Tusk|100/100
|turn|11
|
|t:|1759033306
|move|p1a: Meowscarada|Flower Trick|p2a: Great Tusk
|-supereffective|p2a: Great Tusk
|-crit|p2a: Great Tusk
|-damage|p2a: Great Tusk|0 fnt
|faint|p2a: Great Tusk
|-end|p2a: Great Tusk|Protosynthesis|[silent]
|
|upkeep
|
|t:|1759033309
|switch|p2a: Staraptor|Staraptor, M, shiny|62/100
|turn|12
|
|t:|1759033313
|move|p1a: Meowscarada|Flower Trick|p2a: Staraptor
|-resisted|p2a: Staraptor
|-crit|p2a: Staraptor
|-damage|p2a: Staraptor|9/100
|move|p2a: Staraptor|Brave Bird|p1a: Meowscarada
|-supereffective|p1a: Meowscarada
|-damage|p1a: Meowscarada|0 fnt
|faint|p1a: Meowscarada
|-damage|p2a: Staraptor|4/100|[from] Recoil
|
|upkeep
|
|t:|1759033318
|switch|p1a: Corviknight|Corviknight, F|100/100
|-ability|p1a: Corviknight|Pressure
|turn|13
|-message|alovana0 forfeited.
|
|win|andjelicpwnsu
|raw|andjelicpwnsu's rating: 1356 &rarr; <strong>1376</strong><br />(+20 for winning)
|raw|alovana0's rating: 1354 &rarr; <strong>1334</strong><br />(-20 for losing)
|l|☆alovana0
|player|p2|
|l|☆andjelicpwnsu
|player|p1|
