|j|☆Ignoxium
|j|☆Paofficial
|t:|1759039676
|gametype|singles
|player|p1|Ignoxium|265|1244
|player|p2|Paofficial|leon|1300
|gen|9
|tier|[Gen 9] OU
|rated|
|rule|HP Percentage Mod: HP is shown in percentages
|rule|Endless Battle Clause: Forcing endless battles is banned
|rule|Species Clause: Limit one of each Pokémon
|rule|OHKO Clause: OHKO moves are banned
|rule|Evasion Items Clause: Evasion items are banned
|rule|Evasion Moves Clause: Evasion moves are banned
|rule|Evasion Abilities Clause: Evasion abilities are banned
|rule|Sleep Moves Clause: Sleep-inducing moves are banned
|clearpoke
|poke|p1|Excadrill, M|
|poke|p1|Garchomp, M|
|poke|p1|Conkeldurr, M|
|poke|p1|Grimmsnarl, M|
|poke|p1|Polteageist|
|poke|p1|Galvantula, F|
|poke|p2|Maushold-Four|
|poke|p2|Clawitzer, F|
|poke|p2|Tsareena, F|
|poke|p2|Armarouge, F|
|poke|p2|Corviknight, M|
|poke|p2|Garchomp, F|
|teampreview
|
|t:|1759039692
|teamsize|p1|6
|teamsize|p2|6
|start
|switch|p1a: Grimmsnarl|Grimmsnarl, M|100/100
|switch|p2a: Garchomp|Garchomp, F|100/100
|turn|1
|
|t:|1759039700
|move|p1a: Grimmsnarl|Reflect|p1a: Grimmsnarl
|-sidestart|p1: Ignoxium|Reflect
|move|p2a: Garchomp|Swords Dance|p2a: Garchomp
|-boost|p2a: Garchomp|atk|2
|
|upkeep
|turn|2
|
|t:|1759039714
|move|p1a: Grimmsnarl|Light Screen|p1a: Grimmsnarl
|-sidestart|p1: Ignoxium|move: Light Screen
|move|p2a: Garchomp|Earthquake|p1a: Grimmsnarl
|-damage|p1a: Grimmsnarl|36/100
|
|upkeep
|turn|3
|inactive|Battle timer is ON: inactive players will automatically lose when time's up. (requested by Paofficial)
|
|t:|1759039723
|move|p1a: Grimmsnarl|Parting Shot|p2a: Garchomp
|-unboost|p2a: Garchomp|atk|1
|-unboost|p2a: Garchomp|spa|1
|
|t:|1759039727
|switch|p1a: Conkeldurr|Conkeldurr, M|100/100|[from] Parting Shot
|move|p2a: Garchomp|Earthquake|p1a: Conkeldurr
|-damage|p1a: Conkeldurr|65/100
|
|-status|p1a: Conkeldurr|brn|[from] item: Flame Orb
|upkeep
|turn|4
|
|t:|1759039737
|-terastallize|p1a: Conkeldurr|Normal
|move|p2a: Garchomp|Earthquake|p1a: Conkeldurr
|-damage|p1a: Conkeldurr|28/100 brn
|move|p1a: Conkeldurr|Facade|p2a: Garchomp
|-damage|p2a: Garchomp|0 fnt
|-damage|p1a: Conkeldurr|15/100 brn|[from] ability: Rough Skin|[of] p2a: Garchomp
|faint|p2a: Garchomp
|
|-damage|p1a: Conkeldurr|9/100 brn|[from] brn
|upkeep
|inactive|Paofficial has 120 seconds left.
|
|t:|1759039763
|switch|p2a: Clawitzer|Clawitzer, F|100/100
|turn|5
|
|t:|1759039767
|move|p1a: Conkeldurr|Mach Punch|p2a: Clawitzer
|-damage|p2a: Clawitzer|66/100
|move|p2a: Clawitzer|Water Pulse|p1a: Conkeldurr
|-damage|p1a: Conkeldurr|0 fnt
|faint|p1a: Conkeldurr
|
|upkeep
|
|t:|1759039773
|switch|p1a: Galvantula|Galvantula, F|100/100
|turn|6
|
|t:|1759039779
|move|p1a: Galvantula|Sticky Web|p2a: Clawitzer
|-sidestart|p2: Paofficial|move: Sticky Web
|move|p2a: Clawitzer|Water Pulse|p1a: Galvantula
|-crit|p1a: Galvantula
|-damage|p1a: Galvantula|0 fnt
|faint|p1a: Galvantula
|
|upkeep
|
|t:|1759039790
|switch|p1a: Grimmsnarl|Grimmsnarl, M|36/100
|turn|7
|
|t:|1759039794
|move|p1a: Grimmsnarl|Thunder Wave|p2a: Clawitzer
|-status|p2a: Clawitzer|par
|move|p2a: Clawitzer|Water Pulse|p1a: Grimmsnarl
|-damage|p1a: Grimmsnarl|20/100
|
|upkeep
|turn|8
|
|t:|1759039801
|move|p1a: Grimmsnarl|Parting Shot|p2a: Clawitzer
|-unboost|p2a: Clawitzer|atk|1
|-unboost|p2a: Clawitzer|spa|1
|
|t:|1759039804
|switch|p1a: Garchomp|Garchomp, M|100/100|[from] Parting Shot
|cant|p2a: Clawitzer|par
|
|-sideend|p1: Ignoxium|Reflect
|upkeep
|turn|9
|
|t:|1759039816
|move|p1a: Garchomp|Swords Dance|p1a: Garchomp
|-boost|p1a: Garchomp|atk|2
|move|p2a: Clawitzer|Dragon Pulse|p1a: Garchomp
|-supereffective|p1a: Garchomp
|-damage|p1a: Garchomp|72/100
|
|-sideend|p1: Ignoxium|move: Light Screen
|upkeep
|turn|10
|
|t:|1759039820
|switch|p2a: Corviknight|Corviknight, M|100/100
|move|p1a: Garchomp|Scale Shot|p2a: Corviknight|[miss]
|-miss|p1a: Garchomp|p2a: Corviknight
|
|upkeep
|turn|11
|
|t:|1759039826
|move|p1a: Garchomp|Swords Dance|p1a: Garchomp
|-boost|p1a: Garchomp|atk|2
|move|p2a: Corviknight|Brave Bird|p1a: Garchomp
|-damage|p1a: Garchomp|36/100
|-damage|p2a: Corviknight|88/100|[from] ability: Rough Skin|[of] p1a: Garchomp
|-damage|p2a: Corviknight|78/100|[from] Recoil
|
|upkeep
|turn|12
|
|t:|1759039831
|move|p1a: Garchomp|Fire Fang|p2a: Corviknight
|-supereffective|p2a: Corviknight
|-damage|p2a: Corviknight|0 fnt
|-damage|p1a: Garchomp|20/100|[from] item: Rocky Helmet|[of] p2a: Corviknight
|faint|p2a: Corviknight
|
|upkeep
|inactive|Paofficial has 120 seconds left.
|
|t:|1759039864
|switch|p2a: Armarouge|Armarouge, F|100/100
|-activate|p2a: Armarouge|move: Sticky Web
|-unboost|p2a: Armarouge|spe|1
|turn|13
|
|t:|1759039868
|-terastallize|p2a: Armarouge|Grass
|move|p1a: Garchomp|Scale Shot|p2a: Armarouge
|-damage|p2a: Armarouge|65/100
|-ability|p2a: Armarouge|Weak Armor|boost
|-unboost|p2a: Armarouge|def|1
|-boost|p2a: Armarouge|spe|2
|-damage|p2a: Armarouge|10/100
|-ability|p2a: Armarouge|Weak Armor|boost
|-unboost|p2a: Armarouge|def|1
|-boost|p2a: Armarouge|spe|2
|-damage|p2a: Armarouge|0 fnt
|faint|p2a: Armarouge
|-hitcount|p2: Armarouge|3
|-unboost|p1a: Garchomp|def|1
|-boost|p1a: Garchomp|spe|1
|
|upkeep
|-message|Paofficial forfeited.
|
|win|Ignoxium
|raw|Ignoxium's rating: 1244 &rarr; <strong>1273</strong><br />(+29 for winning)
|raw|Paofficial's rating: 1300 &rarr; <strong>1271</strong><br />(-29 for losing)
|l|☆Paofficial
|player|p2|
|l|☆Ignoxium
|player|p1|
