|j|☆vlumvlam7
|j|☆Ricks Piano
|t:|1758990150
|gametype|singles
|player|p1|vlumvlam7|boarder|1567
|player|p2|Ricks Piano|theroyal|1530
|gen|9
|tier|[Gen 9] OU
|rated|
|rule|HP Percentage Mod: HP is shown in percentages
|rule|Endless Battle Clause: Forcing endless battles is banned
|rule|Species Clause: Limit one of each Pokémon
|rule|OHKO Clause: OHKO moves are banned
|rule|Evasion Items Clause: Evasion items are banned
|rule|Evasion Moves Clause: Evasion moves are banned
|rule|Evasion Abilities Clause: Evasion abilities are banned
|rule|Sleep Moves Clause: Sleep-inducing moves are banned
|clearpoke
|poke|p1|Dragapult, M|
|poke|p1|Glastrier|
|poke|p1|Tinkaton, F|
|poke|p1|Ting-Lu|
|poke|p1|Iron Hands|
|poke|p1|Moltres|
|poke|p2|Hoopa-Unbound|
|poke|p2|Enamorus, F|
|poke|p2|Garchomp, F|
|poke|p2|Pecharunt|
|poke|p2|Hatterene, F|
|poke|p2|Kingambit, F|
|teampreview
|
|t:|1758990187
|teamsize|p1|6
|teamsize|p2|6
|start
|switch|p1a: Dragapult|Dragapult, M|100/100
|switch|p2a: Garchomp|Garchomp, F|100/100
|turn|1
|
|t:|1758990211
|switch|p2a: Kingambit|Kingambit, F|100/100
|move|p1a: Dragapult|Draco Meteor|p2a: Kingambit
|-resisted|p2a: Kingambit
|-damage|p2a: Kingambit|71/100
|-unboost|p1a: Dragapult|spa|2
|
|upkeep
|turn|2
|
|t:|1758990222
|switch|p1a: Moltres|Moltres|100/100
|-end|p2a: Kingambit|fallenundefined|[silent]
|switch|p2a: Garchomp|Garchomp, F|100/100
|
|upkeep
|turn|3
|
|t:|1758990246
|switch|p1a: Ting-Lu|Ting-Lu|100/100
|-ability|p1a: Ting-Lu|Vessel of Ruin
|move|p2a: Garchomp|Stealth Rock|p1a: Ting-Lu
|-sidestart|p1: vlumvlam7|move: Stealth Rock
|
|upkeep
|turn|4
|
|t:|1758990253
|switch|p2a: Hatterene|Hatterene, F|100/100
|move|p1a: Ting-Lu|Spikes|p2a: Hatterene
|move|p2a: Hatterene|Spikes|p1a: Ting-Lu|[from] ability: Magic Bounce
|-sidestart|p1: vlumvlam7|Spikes
|
|upkeep
|turn|5
|
|t:|1758990261
|move|p1a: Ting-Lu|Ruination|p2a: Hatterene|[miss]
|-miss|p1a: Ting-Lu|p2a: Hatterene
|move|p2a: Hatterene|Nuzzle|p1a: Ting-Lu
|-immune|p1a: Ting-Lu
|
|upkeep
|turn|6
|j| arinein
|
|t:|1758990276
|move|p1a: Ting-Lu|Ruination|p2a: Hatterene
|-damage|p2a: Hatterene|50/100
|move|p2a: Hatterene|Draining Kiss|p1a: Ting-Lu
|-supereffective|p1a: Ting-Lu
|-damage|p1a: Ting-Lu|79/100
|-heal|p2a: Hatterene|76/100|[from] drain|[of] p1a: Ting-Lu
|
|-heal|p1a: Ting-Lu|86/100|[from] item: Leftovers
|upkeep
|turn|7
|l| arinein
|
|t:|1758990305
|move|p2a: Hatterene|Draining Kiss|p1a: Ting-Lu
|-supereffective|p1a: Ting-Lu
|-damage|p1a: Ting-Lu|62/100
|-heal|p2a: Hatterene|100/100|[from] drain|[of] p1a: Ting-Lu
|move|p1a: Ting-Lu|Whirlwind|p2a: Hatterene
|move|p2a: Hatterene|Whirlwind|p1a: Ting-Lu|[from] ability: Magic Bounce
|drag|p1a: Moltres|Moltres|100/100
|
|upkeep
|turn|8
|
|t:|1758990319
|move|p1a: Moltres|Flamethrower|p2a: Hatterene
|-damage|p2a: Hatterene|75/100
|move|p2a: Hatterene|Nuzzle|p1a: Moltres
|-supereffective|p1a: Moltres
|-damage|p1a: Moltres|95/100
|-status|p1a: Moltres|par
|-status|p2a: Hatterene|brn|[from] ability: Flame Body|[of] p1a: Moltres
|
|-damage|p2a: Hatterene|69/100 brn|[from] brn
|upkeep
|turn|9
|
|t:|1758990332
|switch|p2a: Hoopa|Hoopa-Unbound|100/100
|cant|p1a: Moltres|par
|
|upkeep
|turn|10
|
|t:|1758990359
|switch|p1a: Ting-Lu|Ting-Lu|62/100
|-damage|p1a: Ting-Lu|56/100|[from] Stealth Rock
|-damage|p1a: Ting-Lu|43/100|[from] Spikes
|-ability|p1a: Ting-Lu|Vessel of Ruin
|move|p2a: Hoopa|Hyperspace Fury|p1a: Ting-Lu
|-resisted|p1a: Ting-Lu
|-damage|p1a: Ting-Lu|14/100
|-unboost|p2a: Hoopa|def|1
|
|-heal|p1a: Ting-Lu|21/100|[from] item: Leftovers
|upkeep
|turn|11
|
|t:|1758990370
|move|p2a: Hoopa|Hyperspace Fury|p1a: Ting-Lu
|-resisted|p1a: Ting-Lu
|-damage|p1a: Ting-Lu|0 fnt
|-unboost|p2a: Hoopa|def|1
|faint|p1a: Ting-Lu
|
|upkeep
|
|t:|1758990386
|switch|p1a: Dragapult|Dragapult, M|100/100
|turn|12
|
|t:|1758990394
|switch|p2a: Kingambit|Kingambit, F|71/100
|move|p1a: Dragapult|U-turn|p2a: Kingambit
|-damage|p2a: Kingambit|55/100
|
|t:|1758990405
|switch|p1a: Iron Hands|Iron Hands|100/100|[from] U-turn
|
|upkeep
|turn|13
|
|t:|1758990411
|-end|p2a: Kingambit|fallenundefined|[silent]
|switch|p2a: Garchomp|Garchomp, F|100/100
|move|p1a: Iron Hands|Thunder Punch|p2a: Garchomp
|-immune|p2a: Garchomp
|
|upkeep
|turn|14
|
|t:|1758990424
|-end|p1a: Iron Hands|Quark Drive|[silent]
|switch|p1a: Moltres|Moltres|95/100 par
|move|p2a: Garchomp|Earthquake|p1a: Moltres
|-immune|p1a: Moltres
|
|upkeep
|turn|15
|
|t:|1758990432
|move|p2a: Garchomp|Spikes|p1a: Moltres
|-sidestart|p1: vlumvlam7|Spikes
|cant|p1a: Moltres|par
|
|upkeep
|turn|16
|
|t:|1758990437
|move|p2a: Garchomp|Spikes|p1a: Moltres
|-sidestart|p1: vlumvlam7|Spikes
|move|p1a: Moltres|Will-O-Wisp|p2a: Garchomp
|-status|p2a: Garchomp|brn
|
|-damage|p2a: Garchomp|94/100 brn|[from] brn
|upkeep
|turn|17
|
|t:|1758990447
|move|p1a: Moltres|Flamethrower|p2a: Garchomp
|-resisted|p2a: Garchomp
|-damage|p2a: Garchomp|77/100 brn
|move|p2a: Garchomp|Dragon Tail|p1a: Moltres|[miss]
|-miss|p2a: Garchomp|p1a: Moltres
|
|-damage|p2a: Garchomp|71/100 brn|[from] brn
|upkeep
|turn|18
|
|t:|1758990452
|move|p1a: Moltres|Flamethrower|p2a: Garchomp
|-resisted|p2a: Garchomp
|-damage|p2a: Garchomp|54/100 brn
|move|p2a: Garchomp|Dragon Tail|p1a: Moltres
|-damage|p1a: Moltres|86/100 par
|drag|p1a: Iron Hands|Iron Hands|100/100
|
|-damage|p2a: Garchomp|48/100 brn|[from] brn
|upkeep
|turn|19
|
|t:|1758990473
|move|p2a: Garchomp|Earthquake|p1a: Iron Hands
|-supereffective|p1a: Iron Hands
|-damage|p1a: Iron Hands|71/100
|move|p1a: Iron Hands|Ice Punch|p2a: Garchomp
|-supereffective|p2a: Garchomp
|-damage|p2a: Garchomp|0 fnt
|-damage|p1a: Iron Hands|59/100|[from] ability: Rough Skin|[of] p2a: Garchomp
|-damage|p1a: Iron Hands|42/100|[from] item: Rocky Helmet|[of] p2a: Garchomp
|faint|p2a: Garchomp
|
|upkeep
|
|t:|1758990491
|switch|p2a: Pecharunt|Pecharunt|100/100
|turn|20
|
|t:|1758990502
|-end|p1a: Iron Hands|Quark Drive|[silent]
|switch|p1a: Tinkaton|Tinkaton, F|100/100
|-damage|p1a: Tinkaton|94/100|[from] Stealth Rock
|-item|p1a: Tinkaton|Air Balloon
|move|p2a: Pecharunt|Malignant Chain|p1a: Tinkaton
|-immune|p1a: Tinkaton
|
|upkeep
|turn|21
|
|t:|1758990527
|move|p1a: Tinkaton|Stealth Rock|p2a: Pecharunt
|-sidestart|p2: Ricks Piano|move: Stealth Rock
|move|p2a: Pecharunt|Parting Shot|p1a: Tinkaton
|-unboost|p1a: Tinkaton|atk|1
|-unboost|p1a: Tinkaton|spa|1
|
|t:|1758990539
|switch|p2a: Kingambit|Kingambit, F|55/100|[from] Parting Shot
|-damage|p2a: Kingambit|49/100|[from] Stealth Rock
|-activate|p2a: Kingambit|ability: Supreme Overlord
|-start|p2a: Kingambit|fallen1|[silent]
|
|upkeep
|turn|22
|
|t:|1758990544
|switch|p1a: Moltres|Moltres|86/100 par
|move|p2a: Kingambit|Iron Head|p1a: Moltres
|-resisted|p1a: Moltres
|-damage|p1a: Moltres|69/100 par
|
|upkeep
|turn|23
|
|t:|1758990556
|-end|p2a: Kingambit|fallen1|[silent]
|switch|p2a: Hatterene|Hatterene, F|69/100 brn
|-damage|p2a: Hatterene|57/100 brn|[from] Stealth Rock
|move|p1a: Moltres|U-turn|p2a: Hatterene
|-damage|p2a: Hatterene|42/100 brn
|
|t:|1758990562
|switch|p1a: Tinkaton|Tinkaton, F|94/100|[from] U-turn
|-damage|p1a: Tinkaton|88/100|[from] Stealth Rock
|-item|p1a: Tinkaton|Air Balloon
|
|-damage|p2a: Hatterene|36/100 brn|[from] brn
|upkeep
|turn|24
|
|t:|1758990583
|-terastallize|p2a: Hatterene|Steel
|move|p1a: Tinkaton|Gigaton Hammer|p2a: Hatterene
|-resisted|p2a: Hatterene
|-crit|p2a: Hatterene
|-damage|p2a: Hatterene|6/100 brn
|move|p2a: Hatterene|Nuzzle|p1a: Tinkaton
|-damage|p1a: Tinkaton|86/100
|-status|p1a: Tinkaton|par
|-enditem|p1a: Tinkaton|Air Balloon
|-enditem|p2a: Hatterene|Assault Vest|[silent]|[from] ability: Pickpocket|[of] p2a: Hatterene
|-item|p1a: Tinkaton|Assault Vest|[from] ability: Pickpocket|[of] p2a: Hatterene
|
|-damage|p2a: Hatterene|0 fnt|[from] brn
|faint|p2a: Hatterene
|upkeep
|
|t:|1758990593
|switch|p2a: Enamorus|Enamorus, F|100/100
|-damage|p2a: Enamorus|76/100|[from] Stealth Rock
|turn|25
|
|t:|1758990618
|move|p2a: Enamorus|Earth Power|p1a: Tinkaton
|-supereffective|p1a: Tinkaton
|-damage|p1a: Tinkaton|51/100 par
|-unboost|p1a: Tinkaton|spd|1
|move|p1a: Tinkaton|Knock Off|p2a: Enamorus
|-resisted|p2a: Enamorus
|-damage|p2a: Enamorus|61/100
|-enditem|p2a: Enamorus|Choice Scarf|[from] move: Knock Off|[of] p1a: Tinkaton
|
|upkeep
|turn|26
|
|t:|1758990652
|move|p2a: Enamorus|Earth Power|p1a: Tinkaton
|-supereffective|p1a: Tinkaton
|-damage|p1a: Tinkaton|0 fnt
|faint|p1a: Tinkaton
|
|upkeep
|inactive|Battle timer is ON: inactive players will automatically lose when time's up. (requested by Ricks Piano)
|
|t:|1758990662
|switch|p1a: Moltres|Moltres|69/100 par
|turn|27
|
|t:|1758990680
|switch|p2a: Pecharunt|Pecharunt|100/100
|-damage|p2a: Pecharunt|88/100|[from] Stealth Rock
|move|p1a: Moltres|Flamethrower|p2a: Pecharunt
|-damage|p2a: Pecharunt|47/100
|
|upkeep
|turn|28
|
|t:|1758990693
|move|p2a: Pecharunt|Recover|p2a: Pecharunt
|-heal|p2a: Pecharunt|98/100
|move|p1a: Moltres|Roost|p1a: Moltres
|-heal|p1a: Moltres|100/100 par
|-singleturn|p1a: Moltres|move: Roost
|
|upkeep
|turn|29
|
|t:|1758990710
|move|p2a: Pecharunt|Hex|p1a: Moltres
|-damage|p1a: Moltres|63/100 par
|cant|p1a: Moltres|par
|
|upkeep
|turn|30
|inactive|vlumvlam7 has 120 seconds left.
|
|t:|1758990737
|move|p2a: Pecharunt|Hex|p1a: Moltres
|-damage|p1a: Moltres|24/100 par
|move|p1a: Moltres|U-turn|p2a: Pecharunt
|-resisted|p2a: Pecharunt
|-damage|p2a: Pecharunt|96/100
|
|t:|1758990740
|switch|p1a: Iron Hands|Iron Hands|42/100|[from] U-turn
|
|upkeep
|turn|31
|
|t:|1758990748
|move|p2a: Pecharunt|Malignant Chain|p1a: Iron Hands
|-damage|p1a: Iron Hands|14/100
|move|p1a: Iron Hands|Thunder Punch|p2a: Pecharunt
|-damage|p2a: Pecharunt|66/100
|
|upkeep
|turn|32
|
|t:|1758990755
|move|p2a: Pecharunt|Recover|p2a: Pecharunt
|-heal|p2a: Pecharunt|100/100
|move|p1a: Iron Hands|Thunder Punch|p2a: Pecharunt
|-damage|p2a: Pecharunt|74/100
|
|upkeep
|turn|33
|
|t:|1758990763
|move|p2a: Pecharunt|Malignant Chain|p1a: Iron Hands
|-damage|p1a: Iron Hands|0 fnt
|faint|p1a: Iron Hands
|-end|p1a: Iron Hands|Quark Drive|[silent]
|
|upkeep
|
|t:|1758990781
|switch|p1a: Dragapult|Dragapult, M|100/100
|turn|34
|
|t:|1758990794
|move|p1a: Dragapult|Thunder Wave|p2a: Pecharunt
|-status|p2a: Pecharunt|par
|move|p2a: Pecharunt|Malignant Chain|p1a: Dragapult
|-resisted|p1a: Dragapult
|-damage|p1a: Dragapult|80/100
|
|upkeep
|turn|35
|
|t:|1758990817
|switch|p2a: Hoopa|Hoopa-Unbound|100/100
|-damage|p2a: Hoopa|88/100|[from] Stealth Rock
|move|p1a: Dragapult|Hex|p2a: Hoopa
|-damage|p2a: Hoopa|64/100
|
|upkeep
|turn|36
|
|t:|1758990826
|switch|p1a: Moltres|Moltres|24/100 par
|switch|p2a: Pecharunt|Pecharunt|74/100 par
|-damage|p2a: Pecharunt|62/100 par|[from] Stealth Rock
|
|upkeep
|turn|37
|inactive|vlumvlam7 has 120 seconds left.
|
|t:|1758990861
|move|p2a: Pecharunt|Parting Shot|p1a: Moltres
|-unboost|p1a: Moltres|atk|1
|-unboost|p1a: Moltres|spa|1
|
|t:|1758990863
|switch|p2a: Enamorus|Enamorus, F|61/100|[from] Parting Shot
|-damage|p2a: Enamorus|36/100|[from] Stealth Rock
|move|p1a: Moltres|Roost|p1a: Moltres
|-heal|p1a: Moltres|74/100 par
|-singleturn|p1a: Moltres|move: Roost
|
|upkeep
|turn|38
|
|t:|1758990871
|move|p2a: Enamorus|Healing Wish|p2a: Enamorus
|faint|p2a: Enamorus
|move|p1a: Moltres|Flamethrower|p2: Enamorus|[notarget]
|-fail|p1a: Moltres
|
|upkeep
|
|t:|1758990874
|switch|p2a: Kingambit|Kingambit, F|49/100
|-heal|p2a: Kingambit|100/100|[from] move: Healing Wish
|-damage|p2a: Kingambit|94/100|[from] Stealth Rock
|-activate|p2a: Kingambit|ability: Supreme Overlord
|-start|p2a: Kingambit|fallen3|[silent]
|turn|39
|inactive|vlumvlam7 has 120 seconds left.
|
|t:|1758990904
|move|p2a: Kingambit|Swords Dance|p2a: Kingambit
|-boost|p2a: Kingambit|atk|2
|move|p1a: Moltres|Will-O-Wisp|p2a: Kingambit
|-status|p2a: Kingambit|brn
|-enditem|p2a: Kingambit|Lum Berry|[eat]
|-curestatus|p2a: Kingambit|brn|[msg]
|
|upkeep
|turn|40
|inactive|vlumvlam7 has 120 seconds left.
|
|t:|1758990923
|move|p2a: Kingambit|Kowtow Cleave|p1a: Moltres
|-damage|p1a: Moltres|0 fnt
|-status|p2a: Kingambit|brn|[from] ability: Flame Body|[of] p1a: Moltres
|faint|p1a: Moltres
|
|-damage|p2a: Kingambit|88/100 brn|[from] brn
|upkeep
|
|t:|1758990943
|switch|p1a: Glastrier|Glastrier|100/100
|turn|41
|
|t:|1758990953
|move|p2a: Kingambit|Kowtow Cleave|p1a: Glastrier
|-damage|p1a: Glastrier|51/100
|move|p1a: Glastrier|Close Combat|p2a: Kingambit
|-supereffective|p2a: Kingambit
|-damage|p2a: Kingambit|0 fnt
|-unboost|p1a: Glastrier|def|1
|-unboost|p1a: Glastrier|spd|1
|faint|p2a: Kingambit
|-end|p2a: Kingambit|fallen3|[silent]
|-ability|p1a: Glastrier|Chilling Neigh|boost
|-boost|p1a: Glastrier|atk|1
|
|upkeep
|l|☆Ricks Piano
|inactive|Ricks Piano disconnected and has a minute to reconnect!
|player|p2|
|inactive|Ricks Piano has 30 seconds to reconnect!
|inactive|Ricks Piano has 20 seconds to reconnect!
|inactive|Ricks Piano has 15 seconds to reconnect!
|inactive|Ricks Piano has 10 seconds to reconnect!
|inactive|Ricks Piano has 5 seconds to reconnect!
|-message|Ricks Piano lost due to inactivity.
|
|win|vlumvlam7
|raw|vlumvlam7's rating: 1567 &rarr; <strong>1585</strong><br />(+18 for winning)
|raw|Ricks Piano's rating: 1530 &rarr; <strong>1512</strong><br />(-18 for losing)
|l|☆vlumvlam7
|player|p1|
