|j|☆Cinerath
|j|☆DoctorOrion
|t:|1758984155
|gametype|singles
|player|p1|Cinerath|brycen|1424
|player|p2|DoctorOrion|fisherman-gen4|1429
|gen|9
|tier|[Gen 9] OU
|rated|
|rule|HP Percentage Mod: HP is shown in percentages
|rule|Endless Battle Clause: Forcing endless battles is banned
|rule|Species Clause: Limit one of each Pokémon
|rule|OHKO Clause: OHKO moves are banned
|rule|Evasion Items Clause: Evasion items are banned
|rule|Evasion Moves Clause: Evasion moves are banned
|rule|Evasion Abilities Clause: Evasion abilities are banned
|rule|Sleep Moves Clause: Sleep-inducing moves are banned
|clearpoke
|poke|p1|Ribombee, M|
|poke|p1|Cinderace, M|
|poke|p1|Serperior, M|
|poke|p1|Hitmonlee, M|
|poke|p1|Dragapult, F|
|poke|p1|Bisharp, F|
|poke|p2|Iron Moth|
|poke|p2|Mamoswine, M|
|poke|p2|Iron Crown|
|poke|p2|Iron Hands|
|poke|p2|Meowscarada, M|
|poke|p2|Primarina, M|
|teampreview
|inactive|Battle timer is ON: inactive players will automatically lose when time's up. (requested by Cinerath)
|inactive|DoctorOrion has 120 seconds left.
|inactive|Cinerath has 120 seconds left.
|
|t:|1758984206
|teamsize|p1|6
|teamsize|p2|6
|start
|switch|p1a: Ribombee|Ribombee, M|100/100
|switch|p2a: Mamoswine|Mamoswine, M, shiny|100/100
|turn|1
|c|☆DoctorOrion|lemme guess sash reversal unburden sd hitmonlee?
|
|t:|1758984228
|move|p1a: Ribombee|Sticky Web|p2a: Mamoswine
|-sidestart|p2: DoctorOrion|move: Sticky Web
|move|p2a: Mamoswine|Stealth Rock|p1a: Ribombee
|-sidestart|p1: Cinerath|move: Stealth Rock
|
|upkeep
|turn|2
|
|t:|1758984242
|move|p1a: Ribombee|Moonblast|p2a: Mamoswine
|-damage|p2a: Mamoswine|46/100
|move|p2a: Mamoswine|Earthquake|p1a: Ribombee
|-resisted|p1a: Ribombee
|-damage|p1a: Ribombee|51/100
|
|upkeep
|turn|3
|
|t:|1758984250
|move|p2a: Mamoswine|Ice Shard|p1a: Ribombee
|-damage|p1a: Ribombee|8/100
|move|p1a: Ribombee|Moonblast|p2a: Mamoswine
|-damage|p2a: Mamoswine|0 fnt
|faint|p2a: Mamoswine
|
|upkeep
|
|t:|1758984257
|switch|p2a: Primarina|Primarina, M, shiny|100/100
|-activate|p2a: Primarina|move: Sticky Web
|-unboost|p2a: Primarina|spe|1
|turn|4
|
|t:|1758984269
|switch|p1a: Serperior|Serperior, M|100/100
|-damage|p1a: Serperior|88/100|[from] Stealth Rock
|move|p2a: Primarina|Calm Mind|p2a: Primarina
|-boost|p2a: Primarina|spa|1
|-boost|p2a: Primarina|spd|1
|
|-heal|p1a: Serperior|94/100|[from] item: Leftovers
|upkeep
|turn|5
|
|t:|1758984281
|switch|p2a: Iron Moth|Iron Moth, shiny|100/100
|-activate|p2a: Iron Moth|move: Sticky Web
|-unboost|p2a: Iron Moth|spe|1
|-enditem|p2a: Iron Moth|Booster Energy
|-activate|p2a: Iron Moth|ability: Quark Drive|[fromitem]
|-start|p2a: Iron Moth|quarkdrivespa
|move|p1a: Serperior|Leaf Storm|p2a: Iron Moth
|-resisted|p2a: Iron Moth
|-damage|p2a: Iron Moth|88/100
|-boost|p1a: Serperior|spa|2
|
|-heal|p1a: Serperior|100/100|[from] item: Leftovers
|upkeep
|turn|6
|
|t:|1758984290
|switch|p1a: Cinderace|Cinderace, M|100/100
|move|p2a: Iron Moth|Fiery Dance|p1a: Cinderace
|-resisted|p1a: Cinderace
|-damage|p1a: Cinderace|62/100
|-boost|p2a: Iron Moth|spa|1
|
|upkeep
|turn|7
|
|t:|1758984305
|move|p1a: Cinderace|Court Change|p1a: Cinderace
|-swapsideconditions
|-activate|p1a: Cinderace|move: Court Change
|move|p2a: Iron Moth|Sludge Wave|p1a: Cinderace
|-crit|p1a: Cinderace
|-damage|p1a: Cinderace|0 fnt
|faint|p1a: Cinderace
|
|upkeep
|
|t:|1758984322
|switch|p1a: Ribombee|Ribombee, M|8/100
|-activate|p1a: Ribombee|move: Sticky Web
|-unboost|p1a: Ribombee|spe|1
|turn|8
|
|t:|1758984325
|move|p1a: Ribombee|Psychic Noise|p2a: Iron Moth
|-supereffective|p2a: Iron Moth
|-damage|p2a: Iron Moth|44/100
|-start|p2a: Iron Moth|move: Heal Block
|move|p2a: Iron Moth|Sludge Wave|p1a: Ribombee
|-supereffective|p1a: Ribombee
|-damage|p1a: Ribombee|0 fnt
|faint|p1a: Ribombee
|
|upkeep
|
|t:|1758984329
|switch|p1a: Dragapult|Dragapult, F|100/100
|-activate|p1a: Dragapult|move: Sticky Web
|-fail|p1a: Dragapult|unboost|[from] ability: Clear Body|[of] p1a: Dragapult
|turn|9
|
|t:|1758984340
|move|p1a: Dragapult|Dragon Darts|p2a: Iron Moth
|-damage|p2a: Iron Moth|5/100
|-anim|p1a: Dragapult|Dragon Darts|p2a: Iron Moth
|-damage|p2a: Iron Moth|0 fnt
|faint|p2a: Iron Moth
|-end|p2a: Iron Moth|Quark Drive|[silent]
|-damage|p1a: Dragapult|91/100|[from] item: Life Orb
|
|upkeep
|
|t:|1758984348
|switch|p2a: Iron Hands|Iron Hands, shiny|100/100
|-damage|p2a: Iron Hands|94/100|[from] Stealth Rock
|-enditem|p2a: Iron Hands|Booster Energy
|-activate|p2a: Iron Hands|ability: Quark Drive|[fromitem]
|-start|p2a: Iron Hands|quarkdriveatk
|turn|10
|c|☆DoctorOrion|ngl court change smart move
|
|t:|1758984365
|move|p1a: Dragapult|Draco Meteor|p2a: Iron Hands
|-damage|p2a: Iron Hands|24/100
|-unboost|p1a: Dragapult|spa|2
|-damage|p1a: Dragapult|81/100|[from] item: Life Orb
|move|p2a: Iron Hands|Ice Punch|p1a: Dragapult
|-supereffective|p1a: Dragapult
|-damage|p1a: Dragapult|0 fnt
|faint|p1a: Dragapult
|
|upkeep
|c|☆DoctorOrion|so contrary serp get +1 speed
|
|t:|1758984372
|switch|p1a: Serperior|Serperior, M|100/100
|-activate|p1a: Serperior|move: Sticky Web
|-boost|p1a: Serperior|spe|1
|turn|11
|
|t:|1758984377
|-terastallize|p2a: Iron Hands|Flying
|move|p1a: Serperior|Substitute|p1a: Serperior
|-start|p1a: Serperior|Substitute
|-damage|p1a: Serperior|76/100
|move|p2a: Iron Hands|Ice Punch|p1a: Serperior
|-supereffective|p1a: Serperior
|-end|p1a: Serperior|Substitute
|
|-heal|p1a: Serperior|82/100|[from] item: Leftovers
|upkeep
|turn|12
|
|t:|1758984382
|-terastallize|p1a: Serperior|Stellar
|move|p1a: Serperior|Tera Blast|p2a: Iron Hands|[anim] Tera Blast Stellar
|-supereffective|p2a: Iron Hands
|-damage|p2a: Iron Hands|0 fnt
|-boost|p1a: Serperior|atk|1
|-boost|p1a: Serperior|spa|1
|faint|p2a: Iron Hands
|-end|p2a: Iron Hands|Quark Drive|[silent]
|
|-heal|p1a: Serperior|88/100|[from] item: Leftovers
|upkeep
|
|t:|1758984391
|switch|p2a: Meowscarada|Meowscarada, M, shiny|100/100
|-damage|p2a: Meowscarada|88/100|[from] Stealth Rock
|turn|13
|
|t:|1758984409
|move|p2a: Meowscarada|Triple Axel|p1a: Serperior
|-start|p2a: Meowscarada|typechange|Ice|[from] ability: Protean
|-supereffective|p1a: Serperior
|-damage|p1a: Serperior|65/100
|-supereffective|p1a: Serperior
|-damage|p1a: Serperior|19/100
|-supereffective|p1a: Serperior
|-damage|p1a: Serperior|0 fnt
|faint|p1a: Serperior
|-hitcount|p1: Serperior|3
|
|upkeep
|
|t:|1758984413
|switch|p1a: Bisharp|Bisharp, F|100/100
|-activate|p1a: Bisharp|move: Sticky Web
|-unboost|p1a: Bisharp|spe|1
|-ability|p1a: Bisharp|Defiant|boost
|-boost|p1a: Bisharp|atk|2
|turn|14
|
|t:|1758984425
|switch|p2a: Primarina|Primarina, M, shiny|100/100
|-damage|p2a: Primarina|88/100|[from] Stealth Rock
|move|p1a: Bisharp|Swords Dance|p1a: Bisharp
|-boost|p1a: Bisharp|atk|2
|
|-heal|p2a: Primarina|94/100|[from] item: Leftovers
|upkeep
|turn|15
|
|t:|1758984429
|move|p2a: Primarina|Psychic Noise|p1a: Bisharp
|-damage|p1a: Bisharp|70/100
|-start|p1a: Bisharp|move: Heal Block
|move|p1a: Bisharp|Iron Head|p2a: Primarina
|-damage|p2a: Primarina|0 fnt
|faint|p2a: Primarina
|
|upkeep
|
|t:|1758984433
|switch|p2a: Iron Crown|Iron Crown|100/100
|-damage|p2a: Iron Crown|94/100|[from] Stealth Rock
|turn|16
|
|t:|1758984439
|move|p1a: Bisharp|Sucker Punch|p2a: Iron Crown
|-supereffective|p2a: Iron Crown
|-damage|p2a: Iron Crown|0 fnt
|faint|p2a: Iron Crown
|-end|p2a: Iron Crown|Quark Drive|[silent]
|
|-end|p1a: Bisharp|move: Heal Block
|upkeep
|
|t:|1758984441
|switch|p2a: Meowscarada|Meowscarada, M, shiny|88/100
|-damage|p2a: Meowscarada|76/100|[from] Stealth Rock
|turn|17
|
|t:|1758984447
|move|p1a: Bisharp|Sucker Punch|p2a: Meowscarada
|-resisted|p2a: Meowscarada
|-damage|p2a: Meowscarada|0 fnt
|faint|p2a: Meowscarada
|
|win|Cinerath
|raw|Cinerath's rating: 1424 &rarr; <strong>1444</strong><br />(+20 for winning)
|raw|DoctorOrion's rating: 1429 &rarr; <strong>1409</strong><br />(-20 for losing)
|c|☆DoctorOrion|gg
|c|☆Cinerath|gg
|l|☆Cinerath
|player|p1|
|c|☆DoctorOrion|nice plays
|l|☆DoctorOrion
|player|p2|
