|j|‽Pyroath
|j|☆CC Foot Soldier
|t:|1759044197
|gametype|singles
|player|p1|Pyroath|170|1554
|player|p2|CC Foot Soldier|waiter-gen4|1624
|gen|9
|tier|[Gen 9] OU
|rated|
|rule|HP Percentage Mod: HP is shown in percentages
|rule|Endless Battle Clause: Forcing endless battles is banned
|rule|Species Clause: Limit one of each Pokémon
|rule|OHKO Clause: OHKO moves are banned
|rule|Evasion Items Clause: Evasion items are banned
|rule|Evasion Moves Clause: Evasion moves are banned
|rule|Evasion Abilities Clause: Evasion abilities are banned
|rule|Sleep Moves Clause: Sleep-inducing moves are banned
|clearpoke
|poke|p1|Quaquaval, F|
|poke|p1|Hydrapple, F|
|poke|p1|Slowking-Galar, F|
|poke|p1|Lokix, M|
|poke|p1|Moltres|
|poke|p1|Great Tusk|
|poke|p2|Araquanid, F|
|poke|p2|Gholdengo|
|poke|p2|Enamorus, F|
|poke|p2|Raging Bolt|
|poke|p2|Iron Moth|
|poke|p2|Kingambit, F|
|teampreview
|c|☆CC Foot Soldier|hf
|
|t:|1759044208
|teamsize|p1|6
|teamsize|p2|6
|start
|switch|p1a: Hydrapple|Hydrapple, F|100/100
|switch|p2a: Araquanid|Araquanid, F|100/100
|turn|1
|
|t:|1759044214
|move|p1a: Hydrapple|Fickle Beam|p2a: Araquanid
|-damage|p2a: Araquanid|52/100
|move|p2a: Araquanid|Sticky Web|p1a: Hydrapple
|-sidestart|p1: Pyroath|move: Sticky Web
|
|upkeep
|turn|2
|
|t:|1759044224
|move|p1a: Hydrapple|Fickle Beam|p2a: Araquanid
|-damage|p2a: Araquanid|0 fnt
|faint|p2a: Araquanid
|
|upkeep
|
|t:|1759044229
|switch|p2a: Enamorus|Enamorus, F|100/100
|turn|3
|
|t:|1759044237
|switch|p1a: Slowking|Slowking-Galar, F|100/100
|move|p2a: Enamorus|Earth Power|p1a: Slowking
|-supereffective|p1a: Slowking
|-damage|p1a: Slowking|43/100
|
|upkeep
|turn|4
|
|t:|1759044248
|switch|p2a: Raging Bolt|Raging Bolt|100/100
|-enditem|p2a: Raging Bolt|Booster Energy
|-activate|p2a: Raging Bolt|ability: Protosynthesis|[fromitem]
|-start|p2a: Raging Bolt|protosynthesisspa
|switch|p1a: Moltres|Moltres|100/100
|
|upkeep
|turn|5
|
|t:|1759044262
|switch|p1a: Slowking|Slowking-Galar, F|76/100
|move|p2a: Raging Bolt|Dragon Pulse|p1a: Slowking
|-damage|p1a: Slowking|35/100
|
|upkeep
|turn|6
|
|t:|1759044286
|switch|p1a: Moltres|Moltres|100/100
|move|p2a: Raging Bolt|Dragon Pulse|p1a: Moltres
|-damage|p1a: Moltres|38/100
|
|upkeep
|turn|7
|
|t:|1759044291
|move|p2a: Raging Bolt|Dragon Pulse|p1a: Moltres
|-damage|p1a: Moltres|0 fnt
|faint|p1a: Moltres
|
|upkeep
|
|t:|1759044309
|switch|p1a: Great Tusk|Great Tusk|100/100
|turn|8
|
|t:|1759044312
|-terastallize|p2a: Raging Bolt|Ghost
|move|p1a: Great Tusk|Ice Spinner|p2a: Raging Bolt
|-damage|p2a: Raging Bolt|75/100
|move|p2a: Raging Bolt|Dragon Pulse|p1a: Great Tusk
|-damage|p1a: Great Tusk|0 fnt
|faint|p1a: Great Tusk
|-end|p1a: Great Tusk|Protosynthesis|[silent]
|
|upkeep
|
|t:|1759044316
|switch|p1a: Hydrapple|Hydrapple, F|100/100
|-activate|p1a: Hydrapple|move: Sticky Web
|-unboost|p1a: Hydrapple|spe|1
|turn|9
|
|t:|1759044323
|-terastallize|p1a: Hydrapple|Fairy
|move|p2a: Raging Bolt|Calm Mind|p2a: Raging Bolt
|-boost|p2a: Raging Bolt|spa|1
|-boost|p2a: Raging Bolt|spd|1
|move|p1a: Hydrapple|Fickle Beam|p2a: Raging Bolt
|-damage|p2a: Raging Bolt|33/100
|
|upkeep
|turn|10
|
|t:|1759044329
|move|p2a: Raging Bolt|Thunderbolt|p1a: Hydrapple
|-damage|p1a: Hydrapple|5/100
|move|p1a: Hydrapple|Fickle Beam|p2a: Raging Bolt
|-damage|p2a: Raging Bolt|0 fnt
|faint|p2a: Raging Bolt
|-end|p2a: Raging Bolt|Protosynthesis|[silent]
|
|upkeep
|
|t:|1759044339
|switch|p2a: Iron Moth|Iron Moth|100/100
|-enditem|p2a: Iron Moth|Booster Energy
|-activate|p2a: Iron Moth|ability: Quark Drive|[fromitem]
|-start|p2a: Iron Moth|quarkdrivespa
|turn|11
|
|t:|1759044344
|switch|p1a: Slowking|Slowking-Galar, F|69/100
|move|p2a: Iron Moth|Fiery Dance|p1a: Slowking
|-damage|p1a: Slowking|33/100
|-boost|p2a: Iron Moth|spa|1
|
|upkeep
|turn|12
|
|t:|1759044351
|move|p2a: Iron Moth|Fiery Dance|p1a: Slowking
|-damage|p1a: Slowking|0 fnt
|faint|p1a: Slowking
|
|upkeep
|
|t:|1759044353
|switch|p1a: Quaquaval|Quaquaval, F|100/100
|turn|13
|
|t:|1759044364
|-end|p2a: Iron Moth|Quark Drive|[silent]
|switch|p2a: Gholdengo|Gholdengo|100/100
|-item|p2a: Gholdengo|Air Balloon
|move|p1a: Quaquaval|Aqua Step|p2a: Gholdengo
|-damage|p2a: Gholdengo|69/100
|-boost|p1a: Quaquaval|spe|1
|-enditem|p2a: Gholdengo|Air Balloon
|
|upkeep
|turn|14
|
|t:|1759044372
|move|p1a: Quaquaval|Aqua Step|p2a: Gholdengo
|-damage|p2a: Gholdengo|40/100
|-boost|p1a: Quaquaval|spe|1
|move|p2a: Gholdengo|Thunder Wave|p1a: Quaquaval
|-status|p1a: Quaquaval|par
|
|upkeep
|turn|15
|
|t:|1759044380
|move|p1a: Quaquaval|Aqua Step|p2a: Gholdengo
|-damage|p2a: Gholdengo|10/100
|-boost|p1a: Quaquaval|spe|1
|move|p2a: Gholdengo|Hex|p1a: Quaquaval
|-damage|p1a: Quaquaval|17/100 par
|
|upkeep
|turn|16
|
|t:|1759044386
|move|p1a: Quaquaval|Aqua Step|p2a: Gholdengo
|-damage|p2a: Gholdengo|0 fnt
|-boost|p1a: Quaquaval|spe|1
|faint|p2a: Gholdengo
|-ability|p1a: Quaquaval|Moxie|boost
|-boost|p1a: Quaquaval|atk|1
|
|upkeep
|
|t:|1759044392
|switch|p2a: Kingambit|Kingambit, F|100/100
|-activate|p2a: Kingambit|ability: Supreme Overlord
|-start|p2a: Kingambit|fallen3|[silent]
|turn|17
|
|t:|1759044434
|move|p2a: Kingambit|Sucker Punch|p1a: Quaquaval
|-resisted|p1a: Quaquaval
|-damage|p1a: Quaquaval|0 fnt
|faint|p1a: Quaquaval
|
|upkeep
|
|t:|1759044436
|switch|p1a: Lokix|Lokix, M|100/100
|-activate|p1a: Lokix|move: Sticky Web
|-unboost|p1a: Lokix|spe|1
|turn|18
|
|t:|1759044441
|move|p2a: Kingambit|Iron Head|p1a: Lokix
|-damage|p1a: Lokix|3/100
|move|p1a: Lokix|U-turn|p2a: Kingambit
|-damage|p2a: Kingambit|56/100
|
|t:|1759044446
|switch|p1a: Hydrapple|Hydrapple, F, tera:Fairy|38/100|[from] U-turn
|-activate|p1a: Hydrapple|move: Sticky Web
|-unboost|p1a: Hydrapple|spe|1
|
|upkeep
|turn|19
|
|t:|1759044450
|move|p2a: Kingambit|Iron Head|p1a: Hydrapple
|-supereffective|p1a: Hydrapple
|-damage|p1a: Hydrapple|0 fnt
|faint|p1a: Hydrapple
|
|upkeep
|
|t:|1759044452
|switch|p1a: Lokix|Lokix, M|3/100
|-activate|p1a: Lokix|move: Sticky Web
|-unboost|p1a: Lokix|spe|1
|turn|20
|c|☆CC Foot Soldier|gg
|
|t:|1759044459
|move|p2a: Kingambit|Iron Head|p1a: Lokix
|-damage|p1a: Lokix|0 fnt
|faint|p1a: Lokix
|
|win|CC Foot Soldier
|raw|Pyroath's rating: 1579 &rarr; <strong>1562</strong><br />(-17 for losing)
|raw|CC Foot Soldier's rating: 1624 &rarr; <strong>1641</strong><br />(+17 for winning)
|l|‽Pyroath
|player|p1|
|l|☆CC Foot Soldier
|player|p2|
