|j|☆Extazia47
|j|☆012587430a
|t:|1759057848
|gametype|singles
|player|p1|Extazia47|janitor|1207
|player|p2|012587430a|parasollady|1207
|gen|9
|tier|[Gen 9] OU
|rated|
|rule|HP Percentage Mod: HP is shown in percentages
|rule|Endless Battle Clause: Forcing endless battles is banned
|rule|Species Clause: Limit one of each Pokémon
|rule|OHKO Clause: OHKO moves are banned
|rule|Evasion Items Clause: Evasion items are banned
|rule|Evasion Moves Clause: Evasion moves are banned
|rule|Evasion Abilities Clause: Evasion abilities are banned
|rule|Sleep Moves Clause: Sleep-inducing moves are banned
|clearpoke
|poke|p1|Lycanroc-Dusk, F|
|poke|p1|Dachsbun, M|
|poke|p1|Mabosstiff, F|
|poke|p1|Okidogi, M|
|poke|p1|Zamazenta-*|
|poke|p1|Arcanine-Hisui, F|
|poke|p2|Glastrier|
|poke|p2|Ninetales-Alola, F|
|poke|p2|Clefable, F|
|poke|p2|Cinderace, M|
|poke|p2|Great Tusk|
|poke|p2|Manaphy|
|teampreview
|inactive|Battle timer is ON: inactive players will automatically lose when time's up. (requested by 012587430a)
|inactive|012587430a has 120 seconds left.
|
|t:|1759057884
|teamsize|p1|6
|teamsize|p2|6
|start
|switch|p1a: BarkBoy|Lycanroc-Dusk, F, shiny|100/100
|switch|p2a: Cindarece|Cinderace, M|100/100
|turn|1
|
|t:|1759057909
|move|p1a: BarkBoy|Accelerock|p2a: Cindarece
|-supereffective|p2a: Cindarece
|-damage|p2a: Cindarece|37/100
|move|p2a: Cindarece|Will-O-Wisp|p1a: BarkBoy
|-status|p1a: BarkBoy|brn
|
|-damage|p1a: BarkBoy|94/100 brn|[from] brn
|upkeep
|turn|2
|
|t:|1759057935
|switch|p2a: Ninetales|Ninetales-Alola, F|100/100
|-weather|Snowscape|[from] ability: Snow Warning|[of] p2a: Ninetales
|move|p1a: BarkBoy|Accelerock|p2a: Ninetales
|-supereffective|p2a: Ninetales
|-damage|p2a: Ninetales|80/100
|
|-weather|Snowscape|[upkeep]
|-damage|p1a: BarkBoy|88/100 brn|[from] brn
|upkeep
|turn|3
|
|t:|1759057946
|move|p1a: BarkBoy|Accelerock|p2a: Ninetales
|-supereffective|p2a: Ninetales
|-damage|p2a: Ninetales|58/100
|move|p2a: Ninetales|Aurora Veil|p2a: Ninetales
|-sidestart|p2: 012587430a|move: Aurora Veil
|
|-weather|Snowscape|[upkeep]
|-damage|p1a: BarkBoy|82/100 brn|[from] brn
|upkeep
|turn|4
|
|t:|1759057952
|switch|p2a: Manpahy|Manaphy|100/100
|move|p1a: BarkBoy|Accelerock|p2a: Manpahy
|-damage|p2a: Manpahy|96/100
|
|-weather|Snowscape|[upkeep]
|-heal|p2a: Manpahy|100/100|[from] item: Leftovers
|-damage|p1a: BarkBoy|76/100 brn|[from] brn
|upkeep
|turn|5
|
|t:|1759057964
|move|p1a: BarkBoy|Endeavor|p2a: Manpahy
|-damage|p2a: Manpahy|60/100
|move|p2a: Manpahy|Acid Armor|p2a: Manpahy
|-boost|p2a: Manpahy|def|2
|
|-weather|Snowscape|[upkeep]
|-heal|p2a: Manpahy|66/100|[from] item: Leftovers
|-damage|p1a: BarkBoy|70/100 brn|[from] brn
|upkeep
|turn|6
|
|t:|1759057975
|move|p1a: BarkBoy|Endeavor|p2a: Manpahy
|-damage|p2a: Manpahy|55/100
|move|p2a: Manpahy|Acid Armor|p2a: Manpahy
|-boost|p2a: Manpahy|def|2
|
|-weather|none
|-heal|p2a: Manpahy|61/100|[from] item: Leftovers
|-damage|p1a: BarkBoy|63/100 brn|[from] brn
|upkeep
|turn|7
|
|t:|1759057985
|move|p1a: BarkBoy|Endeavor|p2a: Manpahy
|-damage|p2a: Manpahy|50/100
|move|p2a: Manpahy|Take Heart|p2a: Manpahy
|-boost|p2a: Manpahy|spa|1
|-boost|p2a: Manpahy|spd|1
|
|-heal|p2a: Manpahy|56/100|[from] item: Leftovers
|-damage|p1a: BarkBoy|57/100 brn|[from] brn
|upkeep
|turn|8
|
|t:|1759057991
|switch|p1a: Badboy|Okidogi, M|100/100
|move|p2a: Manpahy|Take Heart|p2a: Manpahy
|-boost|p2a: Manpahy|spa|1
|-boost|p2a: Manpahy|spd|1
|
|-heal|p2a: Manpahy|63/100|[from] item: Leftovers
|upkeep
|turn|9
|
|t:|1759057999
|move|p2a: Manpahy|Take Heart|p2a: Manpahy
|-boost|p2a: Manpahy|spa|1
|-boost|p2a: Manpahy|spd|1
|move|p1a: Badboy|Gunk Shot|p2a: Manpahy
|-damage|p2a: Manpahy|54/100
|-status|p2a: Manpahy|psn
|
|-heal|p2a: Manpahy|60/100 psn|[from] item: Leftovers
|-damage|p2a: Manpahy|48/100 psn|[from] psn
|upkeep
|turn|10
|
|t:|1759058006
|move|p2a: Manpahy|Take Heart|p2a: Manpahy
|-boost|p2a: Manpahy|spa|1
|-boost|p2a: Manpahy|spd|1
|-curestatus|p2a: Manpahy|psn|[msg]
|move|p1a: Badboy|Knock Off|p2a: Manpahy
|-damage|p2a: Manpahy|43/100
|-enditem|p2a: Manpahy|Leftovers|[from] move: Knock Off|[of] p1a: Badboy
|
|-sideend|p2: 012587430a|move: Aurora Veil
|upkeep
|turn|11
|
|t:|1759058015
|move|p2a: Manpahy|Stored Power|p1a: Badboy
|-supereffective|p1a: Badboy
|-damage|p1a: Badboy|0 fnt
|faint|p1a: Badboy
|
|upkeep
|
|t:|1759058017
|switch|p1a: Sadboy|Mabosstiff, F, shiny|100/100
|turn|12
|
|t:|1759058021
|move|p1a: Sadboy|Destiny Bond|p1a: Sadboy
|-singlemove|p1a: Sadboy|Destiny Bond
|move|p2a: Manpahy|Scald|p1a: Sadboy
|-damage|p1a: Sadboy|0 fnt
|faint|p1a: Sadboy
|-activate|p1a: Sadboy|move: Destiny Bond
|faint|p2a: Manpahy
|
|upkeep
|
|t:|1759058029
|switch|p1a: BarkBoy|Lycanroc-Dusk, F, shiny|57/100 brn
|switch|p2a: Ninetales|Ninetales-Alola, F|58/100
|-weather|Snowscape|[from] ability: Snow Warning|[of] p2a: Ninetales
|turn|13
|
|t:|1759058038
|switch|p1a: SassyBoy|Zamazenta|100/100
|-ability|p1a: SassyBoy|Dauntless Shield|boost
|-boost|p1a: SassyBoy|def|1
|move|p2a: Ninetales|Aurora Veil|p2a: Ninetales
|-sidestart|p2: 012587430a|move: Aurora Veil
|
|-weather|Snowscape|[upkeep]
|upkeep
|turn|14
|
|t:|1759058045
|move|p1a: SassyBoy|Substitute|p1a: SassyBoy
|-start|p1a: SassyBoy|Substitute
|-damage|p1a: SassyBoy|75/100
|move|p2a: Ninetales|Moonblast|p1a: SassyBoy
|-supereffective|p1a: SassyBoy
|-end|p1a: SassyBoy|Substitute
|
|-weather|Snowscape|[upkeep]
|-heal|p1a: SassyBoy|82/100|[from] item: Leftovers
|upkeep
|turn|15
|inactive|Extazia47 has 120 seconds left.
|
|t:|1759058075
|switch|p1a: BarkBoy|Lycanroc-Dusk, F, shiny|57/100 brn
|move|p2a: Ninetales|Moonblast|p1a: BarkBoy
|-damage|p1a: BarkBoy|9/100 brn
|
|-weather|Snowscape|[upkeep]
|-damage|p1a: BarkBoy|3/100 brn|[from] brn
|upkeep
|turn|16
|inactive|012587430a has 120 seconds left.
|
|t:|1759058119
|switch|p2a: Glastrier|Glastrier|100/100
|move|p1a: BarkBoy|Endeavor|p2a: Glastrier
|-damage|p2a: Glastrier|2/100
|
|-weather|Snowscape|[upkeep]
|-damage|p1a: BarkBoy|0 fnt|[from] brn
|faint|p1a: BarkBoy
|upkeep
|
|t:|1759058128
|switch|p1a: ToughBoy|Arcanine-Hisui, F, shiny|100/100
|turn|17
|
|t:|1759058134
|move|p1a: ToughBoy|Flare Blitz|p2a: Glastrier
|-supereffective|p2a: Glastrier
|-damage|p2a: Glastrier|0 fnt
|faint|p2a: Glastrier
|
|-weather|none
|upkeep
|
|t:|1759058140
|switch|p2a: Graet Tsuk|Great Tusk|100/100
|-enditem|p2a: Graet Tsuk|Booster Energy
|-activate|p2a: Graet Tsuk|ability: Protosynthesis|[fromitem]
|-start|p2a: Graet Tsuk|protosynthesisspe
|turn|18
|
|t:|1759058148
|switch|p1a: GoodBoy|Dachsbun, M|100/100
|move|p2a: Graet Tsuk|Bulk Up|p2a: Graet Tsuk
|-boost|p2a: Graet Tsuk|atk|1
|-boost|p2a: Graet Tsuk|def|1
|
|upkeep
|turn|19
|
|t:|1759058166
|-terastallize|p2a: Graet Tsuk|Ice
|move|p2a: Graet Tsuk|Earthquake|p1a: GoodBoy
|-damage|p1a: GoodBoy|50/100
|move|p1a: GoodBoy|Wish|p1a: GoodBoy
|
|-heal|p1a: GoodBoy|56/100|[from] item: Leftovers
|upkeep
|turn|20
|
|t:|1759058183
|switch|p1a: SassyBoy|Zamazenta|82/100
|move|p2a: Graet Tsuk|Earthquake|p1a: SassyBoy
|-damage|p1a: SassyBoy|31/100
|
|-heal|p1a: SassyBoy|72/100|[from] move: Wish|[wisher] GoodBoy
|-heal|p1a: SassyBoy|79/100|[from] item: Leftovers
|-sideend|p2: 012587430a|move: Aurora Veil
|upkeep
|turn|21
|
|t:|1759058194
|-end|p2a: Graet Tsuk|Protosynthesis|[silent]
|switch|p2a: Celfable|Clefable, F|100/100
|move|p1a: SassyBoy|Iron Defense|p1a: SassyBoy
|-boost|p1a: SassyBoy|def|2
|
|-heal|p1a: SassyBoy|85/100|[from] item: Leftovers
|upkeep
|turn|22
|
|t:|1759058205
|move|p1a: SassyBoy|Substitute|p1a: SassyBoy
|-start|p1a: SassyBoy|Substitute
|-damage|p1a: SassyBoy|60/100
|move|p2a: Celfable|Moonlight|p2a: Celfable
|-fail|p2a: Celfable|heal
|
|-heal|p1a: SassyBoy|66/100|[from] item: Leftovers
|upkeep
|turn|23
|
|t:|1759058210
|move|p1a: SassyBoy|Body Press|p2a: Celfable
|-resisted|p2a: Celfable
|-damage|p2a: Celfable|75/100
|move|p2a: Celfable|Moonblast|p1a: SassyBoy
|-supereffective|p1a: SassyBoy
|-end|p1a: SassyBoy|Substitute
|
|-heal|p1a: SassyBoy|72/100|[from] item: Leftovers
|-heal|p2a: Celfable|81/100|[from] item: Leftovers
|upkeep
|turn|24
|
|t:|1759058231
|switch|p1a: ToughBoy|Arcanine-Hisui, F, shiny|100/100
|move|p2a: Celfable|Moonblast|p1a: ToughBoy
|-resisted|p1a: ToughBoy
|-damage|p1a: ToughBoy|80/100
|-unboost|p1a: ToughBoy|spa|1
|
|-heal|p2a: Celfable|87/100|[from] item: Leftovers
|upkeep
|turn|25
|
|t:|1759058251
|switch|p2a: Cindarece|Cinderace, M|37/100
|move|p1a: ToughBoy|Flare Blitz|p2a: Cindarece
|-resisted|p2a: Cindarece
|-damage|p2a: Cindarece|0 fnt
|faint|p2a: Cindarece
|
|upkeep
|
|t:|1759058257
|switch|p2a: Ninetales|Ninetales-Alola, F|58/100
|-weather|Snowscape|[from] ability: Snow Warning|[of] p2a: Ninetales
|turn|26
|
|t:|1759058262
|move|p2a: Ninetales|Aurora Veil|p2a: Ninetales
|-sidestart|p2: 012587430a|move: Aurora Veil
|move|p1a: ToughBoy|Flare Blitz|p2a: Ninetales
|-supereffective|p2a: Ninetales
|-damage|p2a: Ninetales|0 fnt
|faint|p2a: Ninetales
|
|-weather|Snowscape|[upkeep]
|upkeep
|
|t:|1759058269
|switch|p2a: Graet Tsuk|Great Tusk, tera:Ice|100/100
|turn|27
|
|t:|1759058279
|move|p1a: ToughBoy|Flare Blitz|p2a: Graet Tsuk
|-supereffective|p2a: Graet Tsuk
|-damage|p2a: Graet Tsuk|66/100
|-status|p2a: Graet Tsuk|brn
|move|p2a: Graet Tsuk|Earthquake|p1a: ToughBoy
|-supereffective|p1a: ToughBoy
|-damage|p1a: ToughBoy|0 fnt
|faint|p1a: ToughBoy
|
|-weather|Snowscape|[upkeep]
|-damage|p2a: Graet Tsuk|59/100 brn|[from] brn
|upkeep
|
|t:|1759058283
|switch|p1a: SassyBoy|Zamazenta|72/100
|turn|28
|
|t:|1759058294
|move|p1a: SassyBoy|Body Press|p2a: Graet Tsuk
|-supereffective|p2a: Graet Tsuk
|-damage|p2a: Graet Tsuk|46/100 brn
|move|p2a: Graet Tsuk|Earthquake|p1a: SassyBoy
|-damage|p1a: SassyBoy|54/100
|
|-weather|Snowscape|[upkeep]
|-heal|p1a: SassyBoy|60/100|[from] item: Leftovers
|-damage|p2a: Graet Tsuk|40/100 brn|[from] brn
|upkeep
|turn|29
|
|t:|1759058303
|move|p1a: SassyBoy|Iron Defense|p1a: SassyBoy
|-boost|p1a: SassyBoy|def|2
|move|p2a: Graet Tsuk|Earthquake|p1a: SassyBoy
|-damage|p1a: SassyBoy|52/100
|
|-weather|Snowscape|[upkeep]
|-heal|p1a: SassyBoy|58/100|[from] item: Leftovers
|-damage|p2a: Graet Tsuk|34/100 brn|[from] brn
|upkeep
|turn|30
|
|t:|1759058308
|-end|p2a: Graet Tsuk|Protosynthesis|[silent]
|switch|p2a: Celfable|Clefable, F|87/100
|move|p1a: SassyBoy|Substitute|p1a: SassyBoy
|-start|p1a: SassyBoy|Substitute
|-damage|p1a: SassyBoy|33/100
|
|-weather|none
|-heal|p1a: SassyBoy|39/100|[from] item: Leftovers
|-heal|p2a: Celfable|93/100|[from] item: Leftovers
|upkeep
|turn|31
|
|t:|1759058314
|move|p1a: SassyBoy|Body Press|p2a: Celfable
|-resisted|p2a: Celfable
|-damage|p2a: Celfable|80/100
|move|p2a: Celfable|Moonblast|p1a: SassyBoy
|-supereffective|p1a: SassyBoy
|-end|p1a: SassyBoy|Substitute
|
|-heal|p1a: SassyBoy|45/100|[from] item: Leftovers
|-heal|p2a: Celfable|86/100|[from] item: Leftovers
|upkeep
|turn|32
|
|t:|1759058319
|switch|p1a: GoodBoy|Dachsbun, M|56/100
|move|p2a: Celfable|Moonblast|p1a: GoodBoy
|-damage|p1a: GoodBoy|13/100
|
|-heal|p1a: GoodBoy|19/100|[from] item: Leftovers
|-heal|p2a: Celfable|92/100|[from] item: Leftovers
|upkeep
|turn|33
|
|t:|1759058324
|move|p1a: GoodBoy|Protect|p1a: GoodBoy
|-singleturn|p1a: GoodBoy|Protect
|move|p2a: Celfable|Moonblast|p1a: GoodBoy
|-activate|p1a: GoodBoy|move: Protect
|
|-heal|p1a: GoodBoy|25/100|[from] item: Leftovers
|-heal|p2a: Celfable|98/100|[from] item: Leftovers
|-sideend|p2: 012587430a|move: Aurora Veil
|upkeep
|turn|34
|
|t:|1759058339
|-terastallize|p1a: GoodBoy|Steel
|move|p1a: GoodBoy|Wish|p1a: GoodBoy
|move|p2a: Celfable|Moonblast|p1a: GoodBoy
|-resisted|p1a: GoodBoy
|-damage|p1a: GoodBoy|5/100
|-unboost|p1a: GoodBoy|spa|1
|
|-heal|p1a: GoodBoy|11/100|[from] item: Leftovers
|-heal|p2a: Celfable|100/100|[from] item: Leftovers
|upkeep
|turn|35
|
|t:|1759058346
|move|p1a: GoodBoy|Protect|p1a: GoodBoy
|-singleturn|p1a: GoodBoy|Protect
|move|p2a: Celfable|Flamethrower|p1a: GoodBoy
|-activate|p1a: GoodBoy|move: Protect
|
|-heal|p1a: GoodBoy|61/100|[from] move: Wish|[wisher] GoodBoy
|-heal|p1a: GoodBoy|67/100|[from] item: Leftovers
|upkeep
|turn|36
|
|t:|1759058354
|move|p1a: GoodBoy|Wish|p1a: GoodBoy
|move|p2a: Celfable|Flamethrower|p1a: GoodBoy
|-ability|p1a: GoodBoy|Well-Baked Body|boost
|-boost|p1a: GoodBoy|def|2
|
|-heal|p1a: GoodBoy|73/100|[from] item: Leftovers
|upkeep
|turn|37
|
|t:|1759058362
|switch|p2a: Graet Tsuk|Great Tusk, tera:Ice|34/100 brn
|move|p1a: GoodBoy|Body Press|p2a: Graet Tsuk
|-supereffective|p2a: Graet Tsuk
|-damage|p2a: Graet Tsuk|0 fnt
|faint|p2a: Graet Tsuk
|-end|p2a: Graet Tsuk|Protosynthesis|[silent]
|
|-heal|p1a: GoodBoy|100/100|[from] move: Wish|[wisher] GoodBoy
|upkeep
|
|t:|1759058367
|switch|p2a: Celfable|Clefable, F|100/100
|turn|38
|
|t:|1759058382
|move|p1a: GoodBoy|Play Rough|p2a: Celfable
|-damage|p2a: Celfable|79/100
|move|p2a: Celfable|Calm Mind|p2a: Celfable
|-boost|p2a: Celfable|spa|1
|-boost|p2a: Celfable|spd|1
|
|-heal|p2a: Celfable|85/100|[from] item: Leftovers
|upkeep
|turn|39
|
|t:|1759058390
|move|p1a: GoodBoy|Play Rough|p2a: Celfable
|-damage|p2a: Celfable|63/100
|move|p2a: Celfable|Calm Mind|p2a: Celfable
|-boost|p2a: Celfable|spa|1
|-boost|p2a: Celfable|spd|1
|
|-heal|p2a: Celfable|69/100|[from] item: Leftovers
|upkeep
|turn|40
|
|t:|1759058397
|move|p1a: GoodBoy|Play Rough|p2a: Celfable
|-damage|p2a: Celfable|48/100
|move|p2a: Celfable|Calm Mind|p2a: Celfable
|-boost|p2a: Celfable|spa|1
|-boost|p2a: Celfable|spd|1
|
|-heal|p2a: Celfable|54/100|[from] item: Leftovers
|upkeep
|turn|41
|
|t:|1759058402
|move|p1a: GoodBoy|Play Rough|p2a: Celfable
|-damage|p2a: Celfable|34/100
|move|p2a: Celfable|Calm Mind|p2a: Celfable
|-boost|p2a: Celfable|spa|1
|-boost|p2a: Celfable|spd|1
|
|-heal|p2a: Celfable|40/100|[from] item: Leftovers
|upkeep
|turn|42
|inactive|Extazia47 has 120 seconds left.
|
|t:|1759058448
|move|p1a: GoodBoy|Play Rough|p2a: Celfable
|-damage|p2a: Celfable|19/100
|move|p2a: Celfable|Moonlight|p2a: Celfable
|-heal|p2a: Celfable|69/100
|
|-heal|p2a: Celfable|75/100|[from] item: Leftovers
|upkeep
|turn|43
|
|t:|1759058457
|move|p1a: GoodBoy|Play Rough|p2a: Celfable|[miss]
|-miss|p1a: GoodBoy|p2a: Celfable
|move|p2a: Celfable|Moonlight|p2a: Celfable
|-heal|p2a: Celfable|100/100
|
|upkeep
|turn|44
|inactive|Extazia47 has 120 seconds left.
|
|t:|1759058463
|move|p1a: GoodBoy|Wish|p1a: GoodBoy
|move|p2a: Celfable|Calm Mind|p2a: Celfable
|-boost|p2a: Celfable|spa|1
|-boost|p2a: Celfable|spd|1
|
|upkeep
|turn|45
|
|t:|1759058467
|move|p1a: GoodBoy|Play Rough|p2a: Celfable
|-damage|p2a: Celfable|81/100
|-unboost|p2a: Celfable|atk|1
|move|p2a: Celfable|Calm Mind|p2a: Celfable
|-boost|p2a: Celfable|spa|1
|-boost|p2a: Celfable|spd|1
|
|-heal|p2a: Celfable|87/100|[from] item: Leftovers
|upkeep
|turn|46
|
|t:|1759058472
|move|p1a: GoodBoy|Play Rough|p2a: Celfable
|-damage|p2a: Celfable|65/100
|move|p2a: Celfable|Moonblast|p1a: GoodBoy
|-resisted|p1a: GoodBoy
|-damage|p1a: GoodBoy|14/100
|-unboost|p1a: GoodBoy|spa|1
|
|-heal|p1a: GoodBoy|20/100|[from] item: Leftovers
|-heal|p2a: Celfable|71/100|[from] item: Leftovers
|upkeep
|turn|47
|
|t:|1759058477
|move|p1a: GoodBoy|Play Rough|p2a: Celfable
|-damage|p2a: Celfable|50/100
|move|p2a: Celfable|Moonblast|p1a: GoodBoy
|-resisted|p1a: GoodBoy
|-damage|p1a: GoodBoy|0 fnt
|faint|p1a: GoodBoy
|
|-heal|p2a: Celfable|56/100|[from] item: Leftovers
|upkeep
|
|t:|1759058481
|switch|p1a: SassyBoy|Zamazenta|45/100
|turn|48
|
|t:|1759058487
|move|p1a: SassyBoy|Body Press|p2a: Celfable
|-resisted|p2a: Celfable
|-damage|p2a: Celfable|42/100
|move|p2a: Celfable|Moonblast|p1a: SassyBoy
|-supereffective|p1a: SassyBoy
|-damage|p1a: SassyBoy|0 fnt
|faint|p1a: SassyBoy
|
|win|012587430a
|raw|Extazia47's rating: 1207 &rarr; <strong>1182</strong><br />(-25 for losing)
|raw|012587430a's rating: 1207 &rarr; <strong>1232</strong><br />(+25 for winning)
|l|☆Extazia47
|player|p1|
