|j|☆BigJulius
|j|☆mark_neon
|t:|1758918247
|gametype|singles
|player|p1|BigJulius|2|1310
|player|p2|mark_neon|hilbert-wonderlauncher|1272
|gen|9
|tier|[Gen 9] OU
|rated|
|rule|HP Percentage Mod: HP is shown in percentages
|rule|Endless Battle Clause: Forcing endless battles is banned
|rule|Species Clause: Limit one of each Pokémon
|rule|OHKO Clause: OHKO moves are banned
|rule|Evasion Items Clause: Evasion items are banned
|rule|Evasion Moves Clause: Evasion moves are banned
|rule|Evasion Abilities Clause: Evasion abilities are banned
|rule|Sleep Moves Clause: Sleep-inducing moves are banned
|clearpoke
|poke|p1|Tyranitar, M|
|poke|p1|Heatran, M|
|poke|p1|Clodsire, M|
|poke|p1|Meowscarada, F|
|poke|p1|Scyther, M|
|poke|p1|Corviknight, M|
|poke|p2|Morpeko, M|
|poke|p2|Iron Treads|
|poke|p2|Ogerpon-Wellspring, F|
|poke|p2|Iron Valiant|
|poke|p2|Iron Moth|
|poke|p2|Dragapult, F|
|teampreview
|inactive|Battle timer is ON: inactive players will automatically lose when time's up. (requested by BigJulius)
|
|t:|1758918271
|teamsize|p1|6
|teamsize|p2|6
|start
|switch|p1a: Scyther|Scyther, M|100/100
|switch|p2a: Iron Treads|Iron Treads|100/100
|-enditem|p2a: Iron Treads|Booster Energy
|-activate|p2a: Iron Treads|ability: Quark Drive|[fromitem]
|-start|p2a: Iron Treads|quarkdrivespe
|turn|1
|
|t:|1758918294
|switch|p1a: Corviknight|Corviknight, M|100/100
|move|p2a: Iron Treads|Ice Spinner|p1a: Corviknight
|-damage|p1a: Corviknight|86/100
|-damage|p2a: Iron Treads|84/100|[from] item: Rocky Helmet|[of] p1a: Corviknight
|
|upkeep
|turn|2
|
|t:|1758918304
|-end|p2a: Iron Treads|Quark Drive|[silent]
|switch|p2a: Morpeko|Morpeko, M, shiny|100/100
|move|p1a: Corviknight|Body Press|p2a: Morpeko
|-supereffective|p2a: Morpeko
|-enditem|p2a: Morpeko|Focus Sash
|-damage|p2a: Morpeko|1/100
|
|-formechange|p2a: Morpeko|Morpeko-Hangry||[from] ability: Hunger Switch
|upkeep
|turn|3
|
|t:|1758918315
|move|p2a: Morpeko|Endeavor|p1a: Corviknight
|-damage|p1a: Corviknight|1/100
|-damage|p2a: Morpeko|0 fnt|[from] item: Rocky Helmet|[of] p1a: Corviknight
|faint|p2a: Morpeko
|move|p1a: Corviknight|Brave Bird|p2: Morpeko|[notarget]
|-fail|p1a: Corviknight
|
|upkeep
|
|t:|1758918324
|switch|p2a: Iron Moth|Iron Moth|100/100
|-enditem|p2a: Iron Moth|Booster Energy
|-activate|p2a: Iron Moth|ability: Quark Drive|[fromitem]
|-start|p2a: Iron Moth|quarkdrivespe
|turn|4
|
|t:|1758918337
|move|p2a: Iron Moth|Fiery Dance|p1a: Corviknight
|-supereffective|p1a: Corviknight
|-damage|p1a: Corviknight|0 fnt
|-boost|p2a: Iron Moth|spa|1
|faint|p1a: Corviknight
|
|upkeep
|
|t:|1758918340
|switch|p1a: Clodsire|Clodsire, M|100/100
|turn|5
|
|t:|1758918345
|-terastallize|p2a: Iron Moth|Ground
|move|p2a: Iron Moth|Tera Blast|p1a: Clodsire|[anim] Tera Blast Ground
|-supereffective|p1a: Clodsire
|-damage|p1a: Clodsire|38/100
|move|p1a: Clodsire|Haze|p1a: Clodsire
|-clearallboost
|
|-heal|p1a: Clodsire|44/100|[from] item: Black Sludge
|upkeep
|turn|6
|
|t:|1758918352
|move|p2a: Iron Moth|Tera Blast|p1a: Clodsire|[anim] Tera Blast Ground
|-supereffective|p1a: Clodsire
|-damage|p1a: Clodsire|0 fnt
|faint|p1a: Clodsire
|
|upkeep
|
|t:|1758918366
|switch|p1a: Meowscarada|Meowscarada, F|100/100
|turn|7
|
|t:|1758918372
|move|p2a: Iron Moth|Fiery Dance|p1a: Meowscarada
|-supereffective|p1a: Meowscarada
|-crit|p1a: Meowscarada
|-damage|p1a: Meowscarada|0 fnt
|-boost|p2a: Iron Moth|spa|1
|faint|p1a: Meowscarada
|
|upkeep
|-message|BigJulius forfeited.
|
|win|mark_neon
|raw|BigJulius's rating: 1310 &rarr; <strong>1288</strong><br />(-22 for losing)
|raw|mark_neon's rating: 1272 &rarr; <strong>1300</strong><br />(+28 for winning)
|l|☆BigJulius
|player|p1|
|l|☆mark_neon
|player|p2|
