|j|☆shengrenyu
|j|☆Kingkaz101
|t:|1758981898
|gametype|singles
|player|p1|shengrenyu|265|1556
|player|p2|Kingkaz101|169|1621
|gen|9
|tier|[Gen 9] OU
|rated|
|rule|HP Percentage Mod: HP is shown in percentages
|rule|Endless Battle Clause: Forcing endless battles is banned
|rule|Species Clause: Limit one of each Pokémon
|rule|OHKO Clause: OHKO moves are banned
|rule|Evasion Items Clause: Evasion items are banned
|rule|Evasion Moves Clause: Evasion moves are banned
|rule|Evasion Abilities Clause: Evasion abilities are banned
|rule|Sleep Moves Clause: Sleep-inducing moves are banned
|clearpoke
|poke|p1|Torkoal, M|
|poke|p1|Hatterene, F|
|poke|p1|Raging Bolt|
|poke|p1|Venusaur, M|
|poke|p1|Walking Wake|
|poke|p1|Great Tusk|
|poke|p2|Lokix, M|
|poke|p2|Mandibuzz, F|
|poke|p2|Ursaluna, M|
|poke|p2|Slowking, M|
|poke|p2|Ninetales-Alola, F|
|poke|p2|Porygon-Z|
|teampreview
|inactive|Battle timer is ON: inactive players will automatically lose when time's up. (requested by shengrenyu)
|
|t:|1758981911
|teamsize|p1|6
|teamsize|p2|6
|start
|switch|p1a: Great Tusk|Great Tusk|100/100
|switch|p2a: Slowking|Slowking, M|100/100
|turn|1
|
|t:|1758981930
|move|p1a: Great Tusk|Headlong Rush|p2a: Slowking
|-damage|p2a: Slowking|39/100
|-unboost|p1a: Great Tusk|def|1
|-unboost|p1a: Great Tusk|spd|1
|-enditem|p1a: Great Tusk|Eject Pack
|
|t:|1758981937
|-end|p1a: Great Tusk|Protosynthesis|[silent]
|switch|p1a: Torkoal|Torkoal, M|100/100
|-weather|SunnyDay|[from] ability: Drought|[of] p1a: Torkoal
|move|p2a: Slowking|Scald|p1a: Torkoal
|-supereffective|p1a: Torkoal
|-damage|p1a: Torkoal|53/100
|
|-weather|SunnyDay|[upkeep]
|upkeep
|turn|2
|
|t:|1758981957
|switch|p2a: Ursaluna|Ursaluna, M|100/100
|move|p1a: Torkoal|Stealth Rock|p2a: Ursaluna
|-sidestart|p2: Kingkaz101|move: Stealth Rock
|
|-weather|SunnyDay|[upkeep]
|-status|p2a: Ursaluna|brn|[from] item: Flame Orb
|upkeep
|turn|3
|
|t:|1758981968
|switch|p1a: Great Tusk|Great Tusk|100/100
|-activate|p1a: Great Tusk|ability: Protosynthesis
|-start|p1a: Great Tusk|protosynthesisatk
|move|p2a: Ursaluna|Facade|p1a: Great Tusk
|-damage|p1a: Great Tusk|16/100
|
|-weather|SunnyDay|[upkeep]
|-damage|p2a: Ursaluna|94/100 brn|[from] brn
|upkeep
|turn|4
|
|t:|1758981982
|switch|p2a: Mandibuzz|Mandibuzz, F|100/100
|move|p1a: Great Tusk|Close Combat|p2a: Mandibuzz
|-damage|p2a: Mandibuzz|57/100
|-unboost|p1a: Great Tusk|def|1
|-unboost|p1a: Great Tusk|spd|1
|
|-weather|SunnyDay|[upkeep]
|upkeep
|turn|5
|
|t:|1758981995
|move|p1a: Great Tusk|Close Combat|p2a: Mandibuzz
|-damage|p2a: Mandibuzz|13/100
|-unboost|p1a: Great Tusk|def|1
|-unboost|p1a: Great Tusk|spd|1
|move|p2a: Mandibuzz|Defog|p1a: Great Tusk
|-unboost|p1a: Great Tusk|evasion|1
|-sideend|p2: Kingkaz101|Stealth Rock|[from] move: Defog|[of] p2a: Mandibuzz
|
|-weather|SunnyDay|[upkeep]
|upkeep
|turn|6
|
|t:|1758982004
|switch|p2a: Ninetales|Ninetales-Alola, F|100/100
|-weather|Snowscape|[from] ability: Snow Warning|[of] p2a: Ninetales
|-end|p1a: Great Tusk|Protosynthesis
|move|p1a: Great Tusk|Close Combat|p2a: Ninetales
|-damage|p2a: Ninetales|49/100
|-unboost|p1a: Great Tusk|def|1
|-unboost|p1a: Great Tusk|spd|1
|
|-weather|Snowscape|[upkeep]
|upkeep
|turn|7
|
|t:|1758982012
|switch|p2a: Ursaluna|Ursaluna, M|94/100 brn
|-end|p1a: Great Tusk|Protosynthesis|[silent]
|switch|p1a: Torkoal|Torkoal, M|53/100
|-weather|SunnyDay|[from] ability: Drought|[of] p1a: Torkoal
|
|-weather|SunnyDay|[upkeep]
|-damage|p2a: Ursaluna|88/100 brn|[from] brn
|upkeep
|turn|8
|
|t:|1758982035
|switch|p1a: Hatterene|Hatterene, F|100/100
|-item|p1a: Hatterene|Air Balloon
|move|p2a: Ursaluna|Facade|p1a: Hatterene
|-damage|p1a: Hatterene|14/100
|-enditem|p1a: Hatterene|Air Balloon
|
|-weather|SunnyDay|[upkeep]
|-damage|p2a: Ursaluna|82/100 brn|[from] brn
|upkeep
|turn|9
|
|t:|1758982044
|move|p2a: Ursaluna|Facade|p1a: Hatterene
|-damage|p1a: Hatterene|0 fnt
|faint|p1a: Hatterene
|
|-weather|SunnyDay|[upkeep]
|-damage|p2a: Ursaluna|76/100 brn|[from] brn
|upkeep
|
|t:|1758982049
|switch|p1a: Great Tusk|Great Tusk|16/100
|-activate|p1a: Great Tusk|ability: Protosynthesis
|-start|p1a: Great Tusk|protosynthesisatk
|turn|10
|
|t:|1758982054
|switch|p2a: Mandibuzz|Mandibuzz, F|13/100
|move|p1a: Great Tusk|Rapid Spin|p2a: Mandibuzz
|-damage|p2a: Mandibuzz|0 fnt
|-boost|p1a: Great Tusk|spe|1
|faint|p2a: Mandibuzz
|
|-weather|SunnyDay|[upkeep]
|upkeep
|inactive|Kingkaz101 has 120 seconds left.
|
|t:|1758982087
|switch|p2a: Lokix|Lokix, M|100/100
|turn|11
|
|t:|1758982103
|-end|p1a: Great Tusk|Protosynthesis|[silent]
|switch|p1a: Venusaur|Venusaur, M|100/100
|move|p2a: Lokix|First Impression|p1a: Venusaur
|-damage|p1a: Venusaur|26/100
|-damage|p2a: Lokix|91/100|[from] item: Life Orb
|
|-weather|SunnyDay|[upkeep]
|upkeep
|turn|12
|
|t:|1758982117
|switch|p1a: Walking Wake|Walking Wake|100/100
|-activate|p1a: Walking Wake|ability: Protosynthesis
|-start|p1a: Walking Wake|protosynthesisspe
|move|p2a: Lokix|Sucker Punch||[still]
|-fail|p2a: Lokix
|
|-weather|SunnyDay|[upkeep]
|upkeep
|turn|13
|
|t:|1758982127
|switch|p2a: Slowking|Slowking, M|72/100
|move|p1a: Walking Wake|Hydro Steam|p2a: Slowking
|-resisted|p2a: Slowking
|-damage|p2a: Slowking|50/100
|-damage|p1a: Walking Wake|91/100|[from] item: Life Orb
|
|-weather|SunnyDay|[upkeep]
|upkeep
|turn|14
|
|t:|1758982148
|move|p1a: Walking Wake|Draco Meteor|p2a: Slowking
|-damage|p2a: Slowking|1/100
|-unboost|p1a: Walking Wake|spa|2
|-damage|p1a: Walking Wake|81/100|[from] item: Life Orb
|move|p2a: Slowking|Future Sight|p1a: Walking Wake
|-start|p2a: Slowking|move: Future Sight
|
|-weather|none
|-end|p1a: Walking Wake|Protosynthesis
|upkeep
|turn|15
|
|t:|1758982174
|switch|p2a: Ninetales|Ninetales-Alola, F|49/100
|-weather|Snowscape|[from] ability: Snow Warning|[of] p2a: Ninetales
|move|p1a: Walking Wake|Flamethrower|p2a: Ninetales
|-supereffective|p2a: Ninetales
|-damage|p2a: Ninetales|13/100
|-damage|p1a: Walking Wake|71/100|[from] item: Life Orb
|
|-weather|Snowscape|[upkeep]
|upkeep
|turn|16
|
|t:|1758982194
|switch|p2a: Slowking|Slowking, M|35/100
|-end|p1a: Walking Wake|Protosynthesis|[silent]
|switch|p1a: Venusaur|Venusaur, M|26/100
|
|-weather|Snowscape|[upkeep]
|-end|p1a: Venusaur|move: Future Sight
|-supereffective|p1a: Venusaur
|-damage|p1a: Venusaur|0 fnt
|faint|p1a: Venusaur
|upkeep
|
|t:|1758982201
|switch|p1a: Great Tusk|Great Tusk|16/100
|turn|17
|
|t:|1758982210
|move|p1a: Great Tusk|Headlong Rush|p2a: Slowking
|-damage|p2a: Slowking|0 fnt
|-unboost|p1a: Great Tusk|def|1
|-unboost|p1a: Great Tusk|spd|1
|faint|p2a: Slowking
|
|-weather|Snowscape|[upkeep]
|upkeep
|
|t:|1758982224
|switch|p2a: Lokix|Lokix, M|91/100
|turn|18
|
|t:|1758982233
|-end|p1a: Great Tusk|Protosynthesis|[silent]
|switch|p1a: Raging Bolt|Raging Bolt|100/100
|move|p2a: Lokix|U-turn|p1a: Raging Bolt
|-damage|p1a: Raging Bolt|67/100
|-damage|p2a: Lokix|81/100|[from] item: Life Orb
|
|t:|1758982251
|switch|p2a: Porygon-Z|Porygon-Z|100/100|[from] U-turn
|
|-weather|Snowscape|[upkeep]
|upkeep
|turn|19
|
|t:|1758982268
|move|p2a: Porygon-Z|Tri Attack|p1a: Raging Bolt
|-damage|p1a: Raging Bolt|16/100
|move|p1a: Raging Bolt|Volt Switch|p2a: Porygon-Z
|-damage|p2a: Porygon-Z|38/100
|
|t:|1758982287
|-end|p1a: Raging Bolt|Protosynthesis|[silent]
|switch|p1a: Walking Wake|Walking Wake|71/100|[from] Volt Switch
|
|-weather|none
|upkeep
|turn|20
|
|t:|1758982291
|move|p1a: Walking Wake|Sunny Day|p1a: Walking Wake
|-weather|SunnyDay
|-activate|p1a: Walking Wake|ability: Protosynthesis
|-start|p1a: Walking Wake|protosynthesisspe
|move|p2a: Porygon-Z|Tri Attack|p1a: Walking Wake
|-damage|p1a: Walking Wake|0 fnt
|faint|p1a: Walking Wake
|-end|p1a: Walking Wake|Protosynthesis|[silent]
|
|-weather|SunnyDay|[upkeep]
|upkeep
|
|t:|1758982300
|switch|p1a: Great Tusk|Great Tusk|16/100
|-activate|p1a: Great Tusk|ability: Protosynthesis
|-start|p1a: Great Tusk|protosynthesisatk
|turn|21
|
|t:|1758982304
|move|p2a: Porygon-Z|Tri Attack|p1a: Great Tusk
|-damage|p1a: Great Tusk|0 fnt
|faint|p1a: Great Tusk
|-end|p1a: Great Tusk|Protosynthesis|[silent]
|
|-weather|SunnyDay|[upkeep]
|upkeep
|-message|shengrenyu forfeited.
|
|win|Kingkaz101
|raw|shengrenyu's rating: 1556 &rarr; <strong>1540</strong><br />(-16 for losing)
|raw|Kingkaz101's rating: 1621 &rarr; <strong>1637</strong><br />(+16 for winning)
|l|☆shengrenyu
|player|p1|
|l|☆Kingkaz101
|player|p2|
