|j|☆omnomapuss
|j|☆evilkyatt
|t:|1759033446
|gametype|singles
|player|p1|omnomapuss|crasherwake|1511
|player|p2|evilkyatt|scientist-gen4dp|1476
|gen|9
|tier|[Gen 9] OU
|rated|
|rule|HP Percentage Mod: HP is shown in percentages
|rule|Endless Battle Clause: Forcing endless battles is banned
|rule|Species Clause: Limit one of each Pokémon
|rule|OHKO Clause: OHKO moves are banned
|rule|Evasion Items Clause: Evasion items are banned
|rule|Evasion Moves Clause: Evasion moves are banned
|rule|Evasion Abilities Clause: Evasion abilities are banned
|rule|Sleep Moves Clause: Sleep-inducing moves are banned
|clearpoke
|poke|p1|Primarina, F|
|poke|p1|Dragapult, F|
|poke|p1|Scizor, M|
|poke|p1|Great Tusk|
|poke|p1|Zapdos|
|poke|p1|Slowking-Galar, M|
|poke|p2|Ogerpon-Wellspring, F|
|poke|p2|Kingambit, M|
|poke|p2|Landorus-Therian, M|
|poke|p2|Glimmora, F|
|poke|p2|Dragapult, F|
|poke|p2|Iron Valiant|
|teampreview
|inactive|Battle timer is ON: inactive players will automatically lose when time's up. (requested by evilkyatt)
|
|t:|1759033456
|teamsize|p1|6
|teamsize|p2|6
|start
|switch|p1a: Dragapult|Dragapult, F|100/100
|switch|p2a: Glimmora|Glimmora, F|100/100
|turn|1
|
|t:|1759033460
|move|p1a: Dragapult|Dragon Darts|p2a: Glimmora
|-damage|p2a: Glimmora|53/100
|-activate|p2a: Glimmora|ability: Toxic Debris
|-sidestart|p1: omnomapuss|move: Toxic Spikes
|-anim|p1a: Dragapult|Dragon Darts|p2a: Glimmora
|-damage|p2a: Glimmora|5/100
|-activate|p2a: Glimmora|ability: Toxic Debris
|-sidestart|p1: omnomapuss|move: Toxic Spikes
|move|p2a: Glimmora|Spikes|p1a: Dragapult
|-sidestart|p1: omnomapuss|Spikes
|
|upkeep
|turn|2
|
|t:|1759033472
|switch|p1a: Slowking|Slowking-Galar, M|100/100
|-sideend|p1: omnomapuss|move: Toxic Spikes|[of] p1a: Slowking
|switch|p2a: Landorus|Landorus-Therian, M|100/100
|-ability|p2a: Landorus|Intimidate|boost
|-unboost|p1a: Slowking|atk|1
|
|upkeep
|turn|3
|
|t:|1759033476
|switch|p1a: Great Tusk|Great Tusk|100/100
|-damage|p1a: Great Tusk|88/100|[from] Spikes
|move|p2a: Landorus|Taunt|p1a: Great Tusk
|-start|p1a: Great Tusk|move: Taunt
|
|upkeep
|turn|4
|
|t:|1759033485
|move|p2a: Landorus|U-turn|p1a: Great Tusk
|-resisted|p1a: Great Tusk
|-damage|p1a: Great Tusk|79/100
|-damage|p2a: Landorus|84/100|[from] item: Rocky Helmet|[of] p1a: Great Tusk
|
|t:|1759033489
|switch|p2a: Ogerpon|Ogerpon-Wellspring, F|100/100|[from] U-turn
|move|p1a: Great Tusk|Rapid Spin|p2a: Ogerpon
|-damage|p2a: Ogerpon|75/100
|-boost|p1a: Great Tusk|spe|1
|-sideend|p1: omnomapuss|Spikes|[from] move: Rapid Spin|[of] p1a: Great Tusk
|
|upkeep
|turn|5
|
|t:|1759033494
|-end|p1a: Great Tusk|Protosynthesis|[silent]
|switch|p1a: Zapdos|Zapdos|100/100
|move|p2a: Ogerpon|Ivy Cudgel|p1a: Zapdos|[anim] Ivy Cudgel Water
|-damage|p1a: Zapdos|59/100
|
|upkeep
|turn|6
|
|t:|1759033500
|switch|p2a: Landorus|Landorus-Therian, M|84/100
|-ability|p2a: Landorus|Intimidate|boost
|-unboost|p1a: Zapdos|atk|1
|move|p1a: Zapdos|U-turn|p2a: Landorus
|-resisted|p2a: Landorus
|-damage|p2a: Landorus|80/100
|-damage|p1a: Zapdos|43/100|[from] item: Rocky Helmet|[of] p2a: Landorus
|
|t:|1759033524
|switch|p1a: Great Tusk|Great Tusk|79/100|[from] U-turn
|
|upkeep
|turn|7
|
|t:|1759033547
|move|p2a: Landorus|Earthquake|p1a: Great Tusk
|-damage|p1a: Great Tusk|47/100
|move|p1a: Great Tusk|Stealth Rock|p2a: Landorus
|-sidestart|p2: evilkyatt|move: Stealth Rock
|
|upkeep
|turn|8
|
|t:|1759033558
|move|p2a: Landorus|Earthquake|p1a: Great Tusk
|-damage|p1a: Great Tusk|10/100
|move|p1a: Great Tusk|Ice Spinner|p2a: Landorus
|-supereffective|p2a: Landorus
|-damage|p2a: Landorus|0 fnt
|-damage|p1a: Great Tusk|0 fnt|[from] item: Rocky Helmet|[of] p2a: Landorus
|faint|p2a: Landorus
|faint|p1a: Great Tusk
|-end|p1a: Great Tusk|Protosynthesis|[silent]
|
|upkeep
|inactive|evilkyatt has 120 seconds left.
|
|t:|1759033574
|switch|p2a: Dragapult|Dragapult, F|100/100
|switch|p1a: Zapdos|Zapdos|43/100
|-damage|p2a: Dragapult|88/100|[from] Stealth Rock
|turn|9
|
|t:|1759033592
|move|p2a: Dragapult|Shadow Ball|p1a: Zapdos
|-damage|p1a: Zapdos|0 fnt
|faint|p1a: Zapdos
|
|upkeep
|
|t:|1759033599
|switch|p1a: Primarina|Primarina, F|100/100
|turn|10
|
|t:|1759033610
|switch|p2a: Ogerpon|Ogerpon-Wellspring, F|75/100
|-damage|p2a: Ogerpon|63/100|[from] Stealth Rock
|move|p1a: Primarina|Moonblast|p2a: Ogerpon
|-damage|p2a: Ogerpon|0 fnt
|faint|p2a: Ogerpon
|
|upkeep
|inactive|evilkyatt has 120 seconds left.
|
|t:|1759033633
|switch|p2a: Iron Valiant|Iron Valiant|100/100
|-damage|p2a: Iron Valiant|94/100|[from] Stealth Rock
|-enditem|p2a: Iron Valiant|Booster Energy
|-activate|p2a: Iron Valiant|ability: Quark Drive|[fromitem]
|-start|p2a: Iron Valiant|quarkdrivespe
|turn|11
|
|t:|1759033638
|switch|p1a: Slowking|Slowking-Galar, M|100/100
|-terastallize|p2a: Iron Valiant|Steel
|move|p2a: Iron Valiant|Swords Dance|p2a: Iron Valiant
|-boost|p2a: Iron Valiant|atk|2
|
|upkeep
|turn|12
|
|t:|1759033653
|-terastallize|p1a: Slowking|Water
|move|p2a: Iron Valiant|Knock Off|p1a: Slowking
|-damage|p1a: Slowking|36/100
|-enditem|p1a: Slowking|Heavy-Duty Boots|[from] move: Knock Off|[of] p2a: Iron Valiant
|move|p1a: Slowking|Thunder Wave|p2a: Iron Valiant
|-status|p2a: Iron Valiant|par
|
|upkeep
|turn|13
|
|t:|1759033666
|move|p2a: Iron Valiant|Spirit Break|p1a: Slowking
|-damage|p1a: Slowking|0 fnt
|faint|p1a: Slowking
|
|upkeep
|
|t:|1759033678
|switch|p1a: Dragapult|Dragapult, F|100/100
|turn|14
|
|t:|1759033681
|move|p1a: Dragapult|Dragon Darts|p2a: Iron Valiant
|-resisted|p2a: Iron Valiant
|-damage|p2a: Iron Valiant|67/100 par
|-anim|p1a: Dragapult|Dragon Darts|p2a: Iron Valiant
|-resisted|p2a: Iron Valiant
|-damage|p2a: Iron Valiant|39/100 par
|move|p2a: Iron Valiant|Knock Off|p1a: Dragapult
|-supereffective|p1a: Dragapult
|-damage|p1a: Dragapult|0 fnt
|-enditem|p1a: Dragapult|Choice Band|[from] move: Knock Off|[of] p2a: Iron Valiant
|faint|p1a: Dragapult
|
|upkeep
|
|t:|1759033684
|switch|p1a: Scizor|Scizor, M|100/100
|turn|15
|
|t:|1759033694
|move|p1a: Scizor|Bullet Punch|p2a: Iron Valiant
|-resisted|p2a: Iron Valiant
|-damage|p2a: Iron Valiant|4/100 par
|cant|p2a: Iron Valiant|par
|
|upkeep
|turn|16
|
|t:|1759033700
|move|p1a: Scizor|Bullet Punch|p2a: Iron Valiant
|-resisted|p2a: Iron Valiant
|-damage|p2a: Iron Valiant|0 fnt
|faint|p2a: Iron Valiant
|-end|p2a: Iron Valiant|Quark Drive|[silent]
|
|upkeep
|
|t:|1759033705
|switch|p2a: Dragapult|Dragapult, F|88/100
|-damage|p2a: Dragapult|76/100|[from] Stealth Rock
|turn|17
|
|t:|1759033710
|move|p1a: Scizor|Bullet Punch|p2a: Dragapult
|-damage|p2a: Dragapult|8/100
|move|p2a: Dragapult|Shadow Ball|p1a: Scizor
|-damage|p1a: Scizor|30/100
|
|upkeep
|turn|18
|
|t:|1759033715
|switch|p2a: Kingambit|Kingambit, M|100/100
|-damage|p2a: Kingambit|94/100|[from] Stealth Rock
|-activate|p2a: Kingambit|ability: Supreme Overlord
|-start|p2a: Kingambit|fallen3|[silent]
|move|p1a: Scizor|Bullet Punch|p2a: Kingambit
|-resisted|p2a: Kingambit
|-damage|p2a: Kingambit|77/100
|
|-heal|p2a: Kingambit|83/100|[from] item: Leftovers
|upkeep
|turn|19
|
|t:|1759033724
|switch|p1a: Primarina|Primarina, F|100/100
|move|p2a: Kingambit|Kowtow Cleave|p1a: Primarina
|-resisted|p1a: Primarina
|-damage|p1a: Primarina|53/100
|
|-heal|p2a: Kingambit|89/100|[from] item: Leftovers
|upkeep
|turn|20
|
|t:|1759033729
|move|p1a: Primarina|Moonblast|p2a: Kingambit
|-damage|p2a: Kingambit|40/100
|move|p2a: Kingambit|Iron Head|p1a: Primarina
|-damage|p1a: Primarina|0 fnt
|faint|p1a: Primarina
|
|-heal|p2a: Kingambit|47/100|[from] item: Leftovers
|upkeep
|
|t:|1759033733
|switch|p1a: Scizor|Scizor, M|30/100
|turn|21
|-message|omnomapuss forfeited.
|
|win|evilkyatt
|raw|omnomapuss's rating: 1511 &rarr; <strong>1490</strong><br />(-21 for losing)
|raw|evilkyatt's rating: 1498 &rarr; <strong>1519</strong><br />(+21 for winning)
|l|☆omnomapuss
|player|p1|
|l|☆evilkyatt
|player|p2|
