|j|☆Mky27
|j|☆james2341
|t:|1759058345
|gametype|singles
|player|p1|Mky27|ltsurge|1644
|player|p2|james2341|2|1575
|gen|9
|tier|[Gen 9] OU
|rated|
|rule|HP Percentage Mod: HP is shown in percentages
|rule|Endless Battle Clause: Forcing endless battles is banned
|rule|Species Clause: Limit one of each Pokémon
|rule|OHKO Clause: OHKO moves are banned
|rule|Evasion Items Clause: Evasion items are banned
|rule|Evasion Moves Clause: Evasion moves are banned
|rule|Evasion Abilities Clause: Evasion abilities are banned
|rule|Sleep Moves Clause: Sleep-inducing moves are banned
|clearpoke
|poke|p1|Walking Wake|
|poke|p1|Great Tusk|
|poke|p1|Torkoal, F|
|poke|p1|Indeedee, M|
|poke|p1|Exeggutor, M|
|poke|p1|Kingambit, M|
|poke|p2|Meowscarada, M|
|poke|p2|Indeedee, M|
|poke|p2|Landorus-Therian, M|
|poke|p2|Great Tusk|
|poke|p2|Slowking-Galar, F|
|poke|p2|Dragapult, M|
|teampreview
|inactive|Battle timer is ON: inactive players will automatically lose when time's up. (requested by Mky27)
|
|t:|1759058354
|teamsize|p1|6
|teamsize|p2|6
|start
|switch|p1a: Indimale-te|Indeedee, M|100/100
|switch|p2a: Slowking|Slowking-Galar, F|100/100
|-fieldstart|move: Psychic Terrain|[from] ability: Psychic Surge|[of] p1a: Indimale-te
|turn|1
|
|t:|1759058363
|move|p1a: Indimale-te|Expanding Force|p2a: Slowking
|-damage|p2a: Slowking|59/100
|move|p2a: Slowking|Future Sight|p1a: Indimale-te
|-start|p2a: Slowking|move: Future Sight
|
|upkeep
|turn|2
|
|t:|1759058372
|switch|p2a: Meowscarada|Meowscarada, M|100/100
|move|p1a: Indimale-te|Expanding Force|p2a: Meowscarada
|-immune|p2a: Meowscarada
|
|upkeep
|turn|3
|
|t:|1759058378
|switch|p1a: Kingsharp|Kingambit, M|100/100
|move|p2a: Meowscarada|Knock Off|p1a: Kingsharp
|-start|p2a: Meowscarada|typechange|Dark|[from] ability: Protean
|-resisted|p1a: Kingsharp
|-damage|p1a: Kingsharp|85/100
|-enditem|p1a: Kingsharp|Assault Vest|[from] move: Knock Off|[of] p2a: Meowscarada
|
|-end|p1a: Kingsharp|move: Future Sight
|-immune|p1a: Kingsharp
|upkeep
|turn|4
|
|t:|1759058394
|switch|p1a: PaleoRaptor|Walking Wake|100/100
|move|p2a: Meowscarada|U-turn|p1a: PaleoRaptor
|-damage|p1a: PaleoRaptor|76/100
|
|t:|1759058397
|switch|p2a: Slowking|Slowking-Galar, F|92/100|[from] U-turn
|
|upkeep
|turn|5
|
|t:|1759058405
|move|p1a: PaleoRaptor|Hydro Steam|p2a: Slowking
|-damage|p2a: Slowking|63/100
|move|p2a: Slowking|Future Sight|p1a: PaleoRaptor
|-start|p2a: Slowking|move: Future Sight
|
|-fieldend|move: Psychic Terrain
|upkeep
|turn|6
|
|t:|1759058413
|move|p1a: PaleoRaptor|Hydro Steam|p2a: Slowking
|-damage|p2a: Slowking|34/100
|-prepare|p2a: Slowking|Chilly Reception|[premajor]
|move|p2a: Slowking|Chilly Reception|p2a: Slowking
|-weather|Snowscape
|
|t:|1759058417
|switch|p2a: Meowscarada|Meowscarada, M|100/100|[from] Chilly Reception
|
|-weather|Snowscape|[upkeep]
|upkeep
|turn|7
|
|t:|1759058426
|-end|p1a: PaleoRaptor|Protosynthesis|[silent]
|switch|p1a: Kingsharp|Kingambit, M|85/100
|move|p2a: Meowscarada|U-turn|p1a: Kingsharp
|-start|p2a: Meowscarada|typechange|Bug|[from] ability: Protean
|-damage|p1a: Kingsharp|63/100
|
|t:|1759058428
|switch|p2a: Landorus|Landorus-Therian, M, shiny|100/100|[from] U-turn
|-ability|p2a: Landorus|Intimidate|boost
|-unboost|p1a: Kingsharp|atk|1
|-ability|p1a: Kingsharp|Defiant|boost
|-boost|p1a: Kingsharp|atk|2
|
|-weather|Snowscape|[upkeep]
|-end|p1a: Kingsharp|move: Future Sight
|-immune|p1a: Kingsharp
|upkeep
|turn|8
|
|t:|1759058443
|switch|p1a: Paleomut|Great Tusk, shiny|100/100
|move|p2a: Landorus|Stealth Rock|p1a: Paleomut
|-sidestart|p1: Mky27|move: Stealth Rock
|
|-weather|Snowscape|[upkeep]
|upkeep
|turn|9
|
|t:|1759058458
|move|p2a: Landorus|Scorching Sands|p1a: Paleomut
|-damage|p1a: Paleomut|68/100
|move|p1a: Paleomut|Rapid Spin|p2a: Landorus
|-damage|p2a: Landorus|87/100
|-boost|p1a: Paleomut|spe|1
|-damage|p1a: Paleomut|51/100|[from] item: Rocky Helmet|[of] p2a: Landorus
|-sideend|p1: Mky27|Stealth Rock|[from] move: Rapid Spin|[of] p1a: Paleomut
|
|-weather|Snowscape|[upkeep]
|-heal|p1a: Paleomut|57/100|[from] item: Leftovers
|upkeep
|turn|10
|
|t:|1759058471
|move|p1a: Paleomut|Ice Spinner|p2a: Landorus
|-supereffective|p2a: Landorus
|-damage|p2a: Landorus|0 fnt
|-damage|p1a: Paleomut|41/100|[from] item: Rocky Helmet|[of] p2a: Landorus
|faint|p2a: Landorus
|
|-weather|none
|-heal|p1a: Paleomut|47/100|[from] item: Leftovers
|upkeep
|
|t:|1759058477
|switch|p2a: Indeedee|Indeedee, M, shiny|100/100
|-fieldstart|move: Psychic Terrain|[from] ability: Psychic Surge|[of] p2a: Indeedee
|turn|11
|
|t:|1759058485
|-end|p1a: Paleomut|Protosynthesis|[silent]
|switch|p1a: Kingsharp|Kingambit, M|63/100
|move|p2a: Indeedee|Hyper Voice|p1a: Kingsharp
|-resisted|p1a: Kingsharp
|-damage|p1a: Kingsharp|47/100
|
|upkeep
|turn|12
|
|t:|1759058503
|switch|p2a: Great Tusk|Great Tusk, shiny|100/100
|switch|p1a: PaleoRaptor|Walking Wake|76/100
|
|upkeep
|turn|13
|
|t:|1759058509
|-end|p2a: Great Tusk|Protosynthesis|[silent]
|switch|p2a: Slowking|Slowking-Galar, F|68/100
|move|p1a: PaleoRaptor|Hydro Steam|p2a: Slowking
|-damage|p2a: Slowking|39/100
|
|upkeep
|turn|14
|
|t:|1759058517
|move|p1a: PaleoRaptor|Draco Meteor|p2a: Slowking
|-damage|p2a: Slowking|1/100
|-unboost|p1a: PaleoRaptor|spa|2
|-prepare|p2a: Slowking|Chilly Reception|[premajor]
|move|p2a: Slowking|Chilly Reception|p2a: Slowking
|-weather|Snowscape
|
|t:|1759058521
|switch|p2a: Meowscarada|Meowscarada, M|100/100|[from] Chilly Reception
|
|-weather|Snowscape|[upkeep]
|upkeep
|turn|15
|
|t:|1759058529
|-end|p1a: PaleoRaptor|Protosynthesis|[silent]
|switch|p1a: Trollkoal|Torkoal, F, shiny|100/100
|-weather|SunnyDay|[from] ability: Drought|[of] p1a: Trollkoal
|move|p2a: Meowscarada|Knock Off|p1a: Trollkoal
|-start|p2a: Meowscarada|typechange|Dark|[from] ability: Protean
|-damage|p1a: Trollkoal|75/100
|-enditem|p1a: Trollkoal|Heat Rock|[from] move: Knock Off|[of] p2a: Meowscarada
|
|-weather|SunnyDay|[upkeep]
|-fieldend|move: Psychic Terrain
|upkeep
|turn|16
|
|t:|1759058547
|move|p2a: Meowscarada|U-turn|p1a: Trollkoal
|-resisted|p1a: Trollkoal
|-damage|p1a: Trollkoal|69/100
|
|t:|1759058549
|switch|p2a: Slowking|Slowking-Galar, F|35/100|[from] U-turn
|move|p1a: Trollkoal|Stealth Rock|p2a: Slowking
|-sidestart|p2: james2341|move: Stealth Rock
|
|-weather|SunnyDay|[upkeep]
|upkeep
|turn|17
|
|t:|1759058557
|-prepare|p2a: Slowking|Chilly Reception|[premajor]
|move|p2a: Slowking|Chilly Reception|p2a: Slowking
|-weather|Snowscape
|
|t:|1759058564
|switch|p2a: Dragapult|Dragapult, M|100/100|[from] Chilly Reception
|move|p1a: Trollkoal|Lava Plume|p2a: Dragapult
|-resisted|p2a: Dragapult
|-damage|p2a: Dragapult|87/100
|
|-weather|Snowscape|[upkeep]
|upkeep
|turn|18
|
|t:|1759058574
|switch|p1a: Kingsharp|Kingambit, M|47/100
|move|p2a: Dragapult|U-turn|p1a: Kingsharp
|-damage|p1a: Kingsharp|32/100
|
|t:|1759058577
|switch|p2a: Great Tusk|Great Tusk, shiny|100/100|[from] U-turn
|-damage|p2a: Great Tusk|98/100|[from] Stealth Rock
|
|-weather|Snowscape|[upkeep]
|-heal|p2a: Great Tusk|100/100|[from] item: Leftovers
|upkeep
|turn|19
|
|t:|1759058597
|switch|p1a: Exxegcutor|Exeggutor, M, shiny|100/100
|move|p2a: Great Tusk|Rapid Spin|p1a: Exxegcutor
|-damage|p1a: Exxegcutor|78/100
|-boost|p2a: Great Tusk|spe|1
|-sideend|p2: james2341|Stealth Rock|[from] move: Rapid Spin|[of] p2a: Great Tusk
|
|-weather|Snowscape|[upkeep]
|upkeep
|turn|20
|
|t:|1759058608
|-end|p2a: Great Tusk|Protosynthesis|[silent]
|switch|p2a: Slowking|Slowking-Galar, F|68/100
|move|p1a: Exxegcutor|Expanding Force|p2a: Slowking
|-damage|p2a: Slowking|40/100
|
|-weather|Snowscape|[upkeep]
|upkeep
|turn|21
|
|t:|1759058621
|move|p1a: Exxegcutor|Expanding Force|p2a: Slowking
|-damage|p2a: Slowking|12/100
|-prepare|p2a: Slowking|Chilly Reception|[premajor]
|move|p2a: Slowking|Chilly Reception|p2a: Slowking
|
|t:|1759058626
|switch|p2a: Meowscarada|Meowscarada, M|100/100|[from] Chilly Reception
|
|-weather|none
|upkeep
|turn|22
|
|t:|1759058634
|switch|p1a: Trollkoal|Torkoal, F, shiny|69/100
|-weather|SunnyDay|[from] ability: Drought|[of] p1a: Trollkoal
|move|p2a: Meowscarada|U-turn|p1a: Trollkoal
|-start|p2a: Meowscarada|typechange|Bug|[from] ability: Protean
|-resisted|p1a: Trollkoal
|-damage|p1a: Trollkoal|60/100
|
|t:|1759058635
|switch|p2a: Slowking|Slowking-Galar, F|45/100|[from] U-turn
|
|-weather|SunnyDay|[upkeep]
|upkeep
|turn|23
|
|t:|1759058650
|-prepare|p2a: Slowking|Chilly Reception|[premajor]
|move|p2a: Slowking|Chilly Reception|p2a: Slowking
|-weather|Snowscape
|
|t:|1759058653
|switch|p2a: Dragapult|Dragapult, M|87/100|[from] Chilly Reception
|move|p1a: Trollkoal|Lava Plume|p2a: Dragapult
|-resisted|p2a: Dragapult
|-damage|p2a: Dragapult|73/100
|
|-weather|Snowscape|[upkeep]
|upkeep
|turn|24
|
|t:|1759058664
|move|p2a: Dragapult|Dragon Darts|p1a: Trollkoal
|-damage|p1a: Trollkoal|48/100
|-anim|p2a: Dragapult|Dragon Darts|p1a: Trollkoal
|-damage|p1a: Trollkoal|38/100
|move|p1a: Trollkoal|Stealth Rock|p2a: Dragapult
|-sidestart|p2: james2341|move: Stealth Rock
|
|-weather|Snowscape|[upkeep]
|upkeep
|turn|25
|
|t:|1759058676
|switch|p1a: Kingsharp|Kingambit, M|32/100
|move|p2a: Dragapult|U-turn|p1a: Kingsharp
|-damage|p1a: Kingsharp|18/100
|
|t:|1759058678
|switch|p2a: Great Tusk|Great Tusk, shiny|100/100|[from] U-turn
|-damage|p2a: Great Tusk|98/100|[from] Stealth Rock
|
|-weather|Snowscape|[upkeep]
|-heal|p2a: Great Tusk|100/100|[from] item: Leftovers
|upkeep
|turn|26
|
|t:|1759058689
|switch|p1a: Exxegcutor|Exeggutor, M, shiny|78/100
|move|p2a: Great Tusk|Rapid Spin|p1a: Exxegcutor
|-damage|p1a: Exxegcutor|59/100
|-boost|p2a: Great Tusk|spe|1
|-sideend|p2: james2341|Stealth Rock|[from] move: Rapid Spin|[of] p2a: Great Tusk
|
|-weather|Snowscape|[upkeep]
|upkeep
|turn|27
|
|t:|1759058700
|-end|p2a: Great Tusk|Protosynthesis|[silent]
|switch|p2a: Slowking|Slowking-Galar, F|78/100
|move|p1a: Exxegcutor|Endure||[still]
|-fail|p1a: Exxegcutor
|
|-weather|none
|upkeep
|turn|28
|
|t:|1759058708
|switch|p1a: Indimale-te|Indeedee, M|100/100
|-fieldstart|move: Psychic Terrain|[from] ability: Psychic Surge|[of] p1a: Indimale-te
|-prepare|p2a: Slowking|Chilly Reception|[premajor]
|move|p2a: Slowking|Chilly Reception|p2a: Slowking
|-weather|Snowscape
|
|t:|1759058710
|switch|p2a: Meowscarada|Meowscarada, M|100/100|[from] Chilly Reception
|
|-weather|Snowscape|[upkeep]
|upkeep
|turn|29
|
|t:|1759058723
|-terastallize|p1a: Indimale-te|Fighting
|move|p1a: Indimale-te|Tera Blast|p2a: Meowscarada|[anim] Tera Blast Fighting
|-supereffective|p2a: Meowscarada
|-damage|p2a: Meowscarada|0 fnt
|faint|p2a: Meowscarada
|
|-weather|Snowscape|[upkeep]
|upkeep
|
|t:|1759058731
|switch|p2a: Dragapult|Dragapult, M|73/100
|turn|30
|
|t:|1759058735
|switch|p1a: Kingsharp|Kingambit, M|18/100
|move|p2a: Dragapult|Dragon Darts|p1a: Kingsharp
|-resisted|p1a: Kingsharp
|-damage|p1a: Kingsharp|11/100
|-anim|p2a: Dragapult|Dragon Darts|p1a: Kingsharp
|-resisted|p1a: Kingsharp
|-damage|p1a: Kingsharp|3/100
|
|-weather|Snowscape|[upkeep]
|upkeep
|turn|31
|
|t:|1759058748
|move|p2a: Dragapult|Dragon Darts|p1a: Kingsharp
|-resisted|p1a: Kingsharp
|-crit|p1a: Kingsharp
|-damage|p1a: Kingsharp|0 fnt
|faint|p1a: Kingsharp
|
|-weather|Snowscape|[upkeep]
|upkeep
|
|t:|1759058764
|switch|p1a: Indimale-te|Indeedee, M, tera:Fighting|100/100
|turn|32
|c|☆james2341|Now my indeene cleans
|
|t:|1759058784
|switch|p2a: Slowking|Slowking-Galar, F|100/100
|move|p1a: Indimale-te|Expanding Force|p2a: Slowking
|-damage|p2a: Slowking|55/100
|
|-weather|none
|-fieldend|move: Psychic Terrain
|upkeep
|turn|33
|
|t:|1759058795
|move|p1a: Indimale-te|Expanding Force|p2a: Slowking
|-damage|p2a: Slowking|32/100
|-prepare|p2a: Slowking|Chilly Reception|[premajor]
|move|p2a: Slowking|Chilly Reception|p2a: Slowking
|-weather|Snowscape
|
|t:|1759058801
|switch|p2a: Indeedee|Indeedee, M, shiny|100/100|[from] Chilly Reception
|-fieldstart|move: Psychic Terrain|[from] ability: Psychic Surge|[of] p2a: Indeedee
|
|-weather|Snowscape|[upkeep]
|upkeep
|turn|34
|
|t:|1759058815
|switch|p1a: Exxegcutor|Exeggutor, M, shiny|59/100
|move|p2a: Indeedee|Expanding Force|p1a: Exxegcutor
|-resisted|p1a: Exxegcutor
|-damage|p1a: Exxegcutor|9/100
|
|-weather|Snowscape|[upkeep]
|upkeep
|turn|35
|-enditem|p1a: Exxegcutor|Custap Berry|[eat]
|-activate|p1a: Exxegcutor|item: Custap Berry|[consumed]
|
|t:|1759058829
|move|p1a: Exxegcutor|Expanding Force|p2a: Indeedee
|-resisted|p2a: Indeedee
|-damage|p2a: Indeedee|46/100
|move|p2a: Indeedee|Expanding Force|p1a: Exxegcutor
|-resisted|p1a: Exxegcutor
|-damage|p1a: Exxegcutor|0 fnt
|faint|p1a: Exxegcutor
|
|-weather|Snowscape|[upkeep]
|upkeep
|
|t:|1759058844
|switch|p1a: Trollkoal|Torkoal, F, shiny|38/100
|-weather|SunnyDay|[from] ability: Drought|[of] p1a: Trollkoal
|turn|36
|
|t:|1759058853
|switch|p2a: Slowking|Slowking-Galar, F|66/100
|switch|p1a: Paleomut|Great Tusk, shiny|47/100
|-activate|p1a: Paleomut|ability: Protosynthesis
|-start|p1a: Paleomut|protosynthesisspe
|
|-weather|SunnyDay|[upkeep]
|-heal|p1a: Paleomut|53/100|[from] item: Leftovers
|upkeep
|turn|37
|
|t:|1759058869
|switch|p2a: Great Tusk|Great Tusk, shiny|100/100
|-activate|p2a: Great Tusk|ability: Protosynthesis
|-start|p2a: Great Tusk|protosynthesisatk
|move|p1a: Paleomut|Bulk Up|p1a: Paleomut
|-boost|p1a: Paleomut|atk|1
|-boost|p1a: Paleomut|def|1
|
|-weather|SunnyDay|[upkeep]
|-heal|p1a: Paleomut|60/100|[from] item: Leftovers
|-fieldend|move: Psychic Terrain
|upkeep
|turn|38
|
|t:|1759058881
|-end|p2a: Great Tusk|Protosynthesis|[silent]
|switch|p2a: Dragapult|Dragapult, M|73/100
|move|p1a: Paleomut|Bulk Up|p1a: Paleomut
|-boost|p1a: Paleomut|atk|1
|-boost|p1a: Paleomut|def|1
|
|-weather|SunnyDay|[upkeep]
|-heal|p1a: Paleomut|66/100|[from] item: Leftovers
|upkeep
|turn|39
|
|t:|1759058891
|switch|p2a: Great Tusk|Great Tusk, shiny|100/100
|-activate|p2a: Great Tusk|ability: Protosynthesis
|-start|p2a: Great Tusk|protosynthesisatk
|move|p1a: Paleomut|Ice Spinner|p2a: Great Tusk
|-supereffective|p2a: Great Tusk
|-damage|p2a: Great Tusk|33/100
|
|-weather|SunnyDay|[upkeep]
|-heal|p1a: Paleomut|72/100|[from] item: Leftovers
|-heal|p2a: Great Tusk|39/100|[from] item: Leftovers
|upkeep
|turn|40
|
|t:|1759058902
|-end|p2a: Great Tusk|Protosynthesis|[silent]
|switch|p2a: Dragapult|Dragapult, M|73/100
|move|p1a: Paleomut|Rapid Spin|p2a: Dragapult
|-immune|p2a: Dragapult
|
|-weather|none
|-end|p1a: Paleomut|Protosynthesis
|-heal|p1a: Paleomut|78/100|[from] item: Leftovers
|upkeep
|turn|41
|c|☆james2341|Lol
|
|t:|1759058912
|move|p2a: Dragapult|Will-O-Wisp|p1a: Paleomut
|-status|p1a: Paleomut|brn
|move|p1a: Paleomut|Ice Spinner|p2a: Dragapult
|-supereffective|p2a: Dragapult
|-damage|p2a: Dragapult|9/100
|
|-heal|p1a: Paleomut|85/100 brn|[from] item: Leftovers
|-damage|p1a: Paleomut|78/100 brn|[from] brn
|upkeep
|turn|42
|c|☆james2341|Desperate
|
|t:|1759058929
|move|p2a: Dragapult|Hex|p1a: Paleomut
|-damage|p1a: Paleomut|18/100 brn
|move|p1a: Paleomut|Bulk Up|p1a: Paleomut
|-boost|p1a: Paleomut|atk|1
|-boost|p1a: Paleomut|def|1
|
|-heal|p1a: Paleomut|24/100 brn|[from] item: Leftovers
|-damage|p1a: Paleomut|18/100 brn|[from] brn
|upkeep
|turn|43
|
|t:|1759058949
|-end|p1a: Paleomut|Protosynthesis|[silent]
|switch|p1a: Trollkoal|Torkoal, F, shiny|38/100
|-weather|SunnyDay|[from] ability: Drought|[of] p1a: Trollkoal
|move|p2a: Dragapult|Hex|p1a: Trollkoal
|-damage|p1a: Trollkoal|6/100
|
|-weather|SunnyDay|[upkeep]
|upkeep
|turn|44
|
|t:|1759058959
|switch|p1a: Indimale-te|Indeedee, M, tera:Fighting|100/100
|-fieldstart|move: Psychic Terrain|[from] ability: Psychic Surge|[of] p1a: Indimale-te
|move|p2a: Dragapult|U-turn|p1a: Indimale-te
|-resisted|p1a: Indimale-te
|-damage|p1a: Indimale-te|81/100
|
|t:|1759058961
|switch|p2a: Slowking|Slowking-Galar, F|99/100|[from] U-turn
|
|-weather|SunnyDay|[upkeep]
|upkeep
|turn|45
|
|t:|1759058970
|move|p1a: Indimale-te|Expanding Force|p2a: Slowking
|-crit|p2a: Slowking
|-damage|p2a: Slowking|27/100
|-prepare|p2a: Slowking|Chilly Reception|[premajor]
|move|p2a: Slowking|Chilly Reception|p2a: Slowking
|-weather|Snowscape
|
|t:|1759058974
|switch|p2a: Indeedee|Indeedee, M, shiny|46/100|[from] Chilly Reception
|
|-weather|Snowscape|[upkeep]
|upkeep
|turn|46
|
|t:|1759058984
|switch|p2a: Slowking|Slowking-Galar, F|60/100
|switch|p1a: Trollkoal|Torkoal, F, shiny|6/100
|-weather|SunnyDay|[from] ability: Drought|[of] p1a: Trollkoal
|
|-weather|SunnyDay|[upkeep]
|upkeep
|turn|47
|
|t:|1759058993
|move|p2a: Slowking|Future Sight|p1a: Trollkoal
|-start|p2a: Slowking|move: Future Sight
|move|p1a: Trollkoal|Stealth Rock|p2a: Slowking
|-sidestart|p2: james2341|move: Stealth Rock
|
|-weather|SunnyDay|[upkeep]
|upkeep
|turn|48
|
|t:|1759059011
|-prepare|p2a: Slowking|Chilly Reception|[premajor]
|move|p2a: Slowking|Chilly Reception|p2a: Slowking
|-weather|Snowscape
|
|t:|1759059015
|switch|p2a: Great Tusk|Great Tusk, shiny|39/100|[from] Chilly Reception
|-damage|p2a: Great Tusk|36/100|[from] Stealth Rock
|move|p1a: Trollkoal|Lava Plume|p2a: Great Tusk
|-crit|p2a: Great Tusk
|-damage|p2a: Great Tusk|0 fnt
|faint|p2a: Great Tusk
|-end|p2a: Great Tusk|Protosynthesis|[silent]
|
|-weather|Snowscape|[upkeep]
|-fieldend|move: Psychic Terrain
|upkeep
|
|t:|1759059023
|switch|p2a: Dragapult|Dragapult, M|9/100
|turn|49
|
|t:|1759059033
|switch|p1a: Paleomut|Great Tusk, shiny|18/100 brn
|move|p2a: Dragapult|Dragon Darts|p1a: Paleomut
|-crit|p1a: Paleomut
|-damage|p1a: Paleomut|0 fnt
|faint|p1a: Paleomut
|-end|p1a: Paleomut|Protosynthesis|[silent]
|
|-weather|Snowscape|[upkeep]
|-hint|Future Sight did not hit because the target is fainted.
|upkeep
|
|t:|1759059042
|switch|p1a: Indimale-te|Indeedee, M, tera:Fighting|81/100
|-fieldstart|move: Psychic Terrain|[from] ability: Psychic Surge|[of] p1a: Indimale-te
|turn|50
|
|t:|1759059047
|move|p1a: Indimale-te|Expanding Force|p2a: Dragapult
|-damage|p2a: Dragapult|0 fnt
|faint|p2a: Dragapult
|
|-weather|Snowscape|[upkeep]
|upkeep
|
|t:|1759059048
|switch|p2a: Indeedee|Indeedee, M, shiny|46/100
|-damage|p2a: Indeedee|33/100|[from] Stealth Rock
|turn|51
|
|t:|1759059059
|switch|p1a: Trollkoal|Torkoal, F, shiny|6/100
|-weather|SunnyDay|[from] ability: Drought|[of] p1a: Trollkoal
|move|p2a: Indeedee|Expanding Force|p1a: Trollkoal
|-damage|p1a: Trollkoal|0 fnt
|faint|p1a: Trollkoal
|
|-weather|SunnyDay|[upkeep]
|upkeep
|
|t:|1759059069
|switch|p1a: PaleoRaptor|Walking Wake|76/100
|-activate|p1a: PaleoRaptor|ability: Protosynthesis
|-start|p1a: PaleoRaptor|protosynthesisspe
|turn|52
|
|t:|1759059074
|switch|p2a: Slowking|Slowking-Galar, F|93/100
|move|p1a: PaleoRaptor|Hydro Steam|p2a: Slowking
|-damage|p2a: Slowking|53/100
|
|-weather|SunnyDay|[upkeep]
|upkeep
|turn|53
|
|t:|1759059083
|move|p1a: PaleoRaptor|Hydro Steam|p2a: Slowking
|-damage|p2a: Slowking|11/100
|-prepare|p2a: Slowking|Chilly Reception|[premajor]
|move|p2a: Slowking|Chilly Reception|p2a: Slowking
|-weather|Snowscape
|-end|p1a: PaleoRaptor|Protosynthesis
|
|t:|1759059085
|switch|p2a: Indeedee|Indeedee, M, shiny|33/100|[from] Chilly Reception
|-damage|p2a: Indeedee|21/100|[from] Stealth Rock
|
|-weather|Snowscape|[upkeep]
|upkeep
|turn|54
|
|t:|1759059095
|-terastallize|p2a: Indeedee|Psychic
|move|p2a: Indeedee|Expanding Force|p1a: PaleoRaptor
|-crit|p1a: PaleoRaptor
|-damage|p1a: PaleoRaptor|0 fnt
|faint|p1a: PaleoRaptor
|-end|p1a: PaleoRaptor|Protosynthesis|[silent]
|
|-weather|Snowscape|[upkeep]
|-fieldend|move: Psychic Terrain
|upkeep
|
|t:|1759059103
|switch|p1a: Indimale-te|Indeedee, M, tera:Fighting|81/100
|-fieldstart|move: Psychic Terrain|[from] ability: Psychic Surge|[of] p1a: Indimale-te
|turn|55
|
|t:|1759059108
|move|p2a: Indeedee|Expanding Force|p1a: Indimale-te
|-supereffective|p1a: Indimale-te
|-damage|p1a: Indimale-te|0 fnt
|faint|p1a: Indimale-te
|
|win|james2341
|raw|Mky27's rating: 1644 &rarr; <strong>1620</strong><br />(-24 for losing)
|raw|james2341's rating: 1575 &rarr; <strong>1599</strong><br />(+24 for winning)
|l|☆james2341
|player|p2|
|l|☆Mky27
|player|p1|
