|j|☆naxduck
|j|☆ashmer06
|t:|1759043850
|gametype|singles
|player|p1|naxduck|265|1377
|player|p2|ashmer06|170|1405
|gen|9
|tier|[Gen 9] OU
|rated|
|rule|HP Percentage Mod: HP is shown in percentages
|rule|Endless Battle Clause: Forcing endless battles is banned
|rule|Species Clause: Limit one of each Pokémon
|rule|OHKO Clause: OHKO moves are banned
|rule|Evasion Items Clause: Evasion items are banned
|rule|Evasion Moves Clause: Evasion moves are banned
|rule|Evasion Abilities Clause: Evasion abilities are banned
|rule|Sleep Moves Clause: Sleep-inducing moves are banned
|clearpoke
|poke|p1|Pelipper, M|
|poke|p1|Toxicroak, M|
|poke|p1|Talonflame, M|
|poke|p1|Basculegion, M|
|poke|p1|Iron Treads|
|poke|p1|Hatterene, F|
|poke|p2|Dragapult, M|
|poke|p2|Glimmora, M|
|poke|p2|Comfey, M|
|poke|p2|Kingambit, M|
|poke|p2|Ogerpon-Wellspring, F|
|poke|p2|Blaziken, M|
|teampreview
|inactive|Battle timer is ON: inactive players will automatically lose when time's up. (requested by naxduck)
|inactive|ashmer06 has 120 seconds left.
|
|t:|1759043891
|teamsize|p1|6
|teamsize|p2|6
|start
|switch|p1a: Pelipper|Pelipper, M|100/100
|switch|p2a: Ogerpon|Ogerpon-Wellspring, F|100/100
|-weather|RainDance|[from] ability: Drizzle|[of] p1a: Pelipper
|turn|1
|
|t:|1759043896
|switch|p1a: Toxicroak|Toxicroak, M|100/100
|move|p2a: Ogerpon|Spikes|p1a: Toxicroak
|-sidestart|p1: naxduck|Spikes
|
|-weather|RainDance|[upkeep]
|upkeep
|turn|2
|
|t:|1759043900
|move|p2a: Ogerpon|U-turn|p1a: Toxicroak
|-resisted|p1a: Toxicroak
|-damage|p1a: Toxicroak|95/100
|-damage|p2a: Ogerpon|84/100|[from] item: Rocky Helmet|[of] p1a: Toxicroak
|
|t:|1759043905
|switch|p2a: Glimmora|Glimmora, M, shiny|100/100|[from] U-turn
|move|p1a: Toxicroak|Toxic|p2a: Glimmora
|-immune|p2a: Glimmora
|
|-weather|RainDance|[upkeep]
|-heal|p1a: Toxicroak|100/100|[from] ability: Dry Skin
|upkeep
|turn|3
|
|t:|1759043913
|switch|p1a: Hatterene|Hatterene, F|100/100
|-damage|p1a: Hatterene|88/100|[from] Spikes
|move|p2a: Glimmora|Earth Power|p1a: Hatterene
|-damage|p1a: Hatterene|60/100
|-enditem|p1a: Hatterene|Eject Button
|
|t:|1759043915
|switch|p1a: Iron Treads|Iron Treads|100/100
|-damage|p1a: Iron Treads|88/100|[from] Spikes
|
|-weather|RainDance|[upkeep]
|-heal|p1a: Iron Treads|94/100|[from] item: Leftovers
|upkeep
|turn|4
|
|t:|1759043919
|move|p1a: Iron Treads|Earthquake|p2a: Glimmora
|-supereffective|p2a: Glimmora
|-damage|p2a: Glimmora|0 fnt
|-activate|p2a: Glimmora|ability: Toxic Debris
|-sidestart|p1: naxduck|move: Toxic Spikes
|faint|p2a: Glimmora
|
|-weather|RainDance|[upkeep]
|-heal|p1a: Iron Treads|100/100|[from] item: Leftovers
|upkeep
|
|t:|1759043924
|switch|p2a: Blaziken|Blaziken, M, shiny|100/100
|turn|5
|
|t:|1759043930
|-end|p1a: Iron Treads|Quark Drive|[silent]
|switch|p1a: Talonflame|Talonflame, M|100/100
|move|p2a: Blaziken|Close Combat|p1a: Talonflame
|-resisted|p1a: Talonflame
|-damage|p1a: Talonflame|60/100
|-unboost|p2a: Blaziken|def|1
|-unboost|p2a: Blaziken|spd|1
|
|-weather|RainDance|[upkeep]
|-ability|p2a: Blaziken|Speed Boost|boost
|-boost|p2a: Blaziken|spe|1
|upkeep
|turn|6
|
|t:|1759043937
|move|p2a: Blaziken|Protect|p2a: Blaziken
|-singleturn|p2a: Blaziken|Protect
|move|p1a: Talonflame|Hurricane|p2a: Blaziken
|-activate|p2a: Blaziken|move: Protect
|
|-weather|RainDance|[upkeep]
|-ability|p2a: Blaziken|Speed Boost|boost
|-boost|p2a: Blaziken|spe|1
|upkeep
|turn|7
|
|t:|1759043947
|switch|p2a: Kingambit|Kingambit, M, shiny|100/100
|-activate|p2a: Kingambit|ability: Supreme Overlord
|-start|p2a: Kingambit|fallen1|[silent]
|move|p1a: Talonflame|Hurricane|p2a: Kingambit
|-resisted|p2a: Kingambit
|-crit|p2a: Kingambit
|-damage|p2a: Kingambit|56/100
|
|-weather|RainDance|[upkeep]
|-heal|p2a: Kingambit|62/100|[from] item: Leftovers
|upkeep
|turn|8
|
|t:|1759043957
|switch|p1a: Toxicroak|Toxicroak, M|100/100
|-damage|p1a: Toxicroak|88/100|[from] Spikes
|-sideend|p1: naxduck|move: Toxic Spikes|[of] p1a: Toxicroak
|-end|p2a: Kingambit|fallen1|[silent]
|switch|p2a: Blaziken|Blaziken, M, shiny|100/100
|
|-weather|none
|upkeep
|turn|9
|
|t:|1759043961
|move|p2a: Blaziken|Focus Energy|p2a: Blaziken
|-start|p2a: Blaziken|move: Focus Energy
|move|p1a: Toxicroak|Knock Off|p2a: Blaziken
|-resisted|p2a: Blaziken
|-damage|p2a: Blaziken|81/100
|-enditem|p2a: Blaziken|Scope Lens|[from] move: Knock Off|[of] p1a: Toxicroak
|
|-ability|p2a: Blaziken|Speed Boost|boost
|-boost|p2a: Blaziken|spe|1
|upkeep
|turn|10
|
|t:|1759043966
|switch|p1a: Pelipper|Pelipper, M|100/100
|-weather|RainDance|[from] ability: Drizzle|[of] p1a: Pelipper
|move|p2a: Blaziken|Overheat|p1a: Pelipper
|-resisted|p1a: Pelipper
|-crit|p1a: Pelipper
|-damage|p1a: Pelipper|69/100
|-unboost|p2a: Blaziken|spa|2
|
|-weather|RainDance|[upkeep]
|-ability|p2a: Blaziken|Speed Boost|boost
|-boost|p2a: Blaziken|spe|1
|upkeep
|turn|11
|
|t:|1759043975
|move|p2a: Blaziken|Protect|p2a: Blaziken
|-singleturn|p2a: Blaziken|Protect
|move|p1a: Pelipper|Surf|p2a: Blaziken
|-activate|p2a: Blaziken|move: Protect
|
|-weather|RainDance|[upkeep]
|-ability|p2a: Blaziken|Speed Boost|boost
|-boost|p2a: Blaziken|spe|1
|upkeep
|turn|12
|
|t:|1759043987
|switch|p2a: Ogerpon|Ogerpon-Wellspring, F|84/100
|move|p1a: Pelipper|Surf|p2a: Ogerpon
|-heal|p2a: Ogerpon|100/100|[from] ability: Water Absorb|[of] p1a: Pelipper
|
|-weather|RainDance|[upkeep]
|upkeep
|turn|13
|
|t:|1759043999
|switch|p1a: Toxicroak|Toxicroak, M|88/100
|-damage|p1a: Toxicroak|76/100|[from] Spikes
|move|p2a: Ogerpon|Spikes|p1a: Toxicroak
|-sidestart|p1: naxduck|Spikes
|
|-weather|RainDance|[upkeep]
|-heal|p1a: Toxicroak|88/100|[from] ability: Dry Skin
|upkeep
|turn|14
|
|t:|1759044007
|move|p2a: Ogerpon|Taunt|p1a: Toxicroak
|-start|p1a: Toxicroak|move: Taunt
|cant|p1a: Toxicroak|move: Taunt|Toxic
|
|-weather|RainDance|[upkeep]
|-heal|p1a: Toxicroak|100/100|[from] ability: Dry Skin
|upkeep
|turn|15
|
|t:|1759044010
|move|p2a: Ogerpon|Spikes|p1a: Toxicroak
|-sidestart|p1: naxduck|Spikes
|move|p1a: Toxicroak|Knock Off|p2a: Ogerpon
|-damage|p2a: Ogerpon|79/100
|
|-weather|RainDance|[upkeep]
|upkeep
|turn|16
|
|t:|1759044018
|switch|p2a: Blaziken|Blaziken, M, shiny|81/100
|move|p1a: Toxicroak|Drain Punch|p2a: Blaziken
|-damage|p2a: Blaziken|32/100
|
|-weather|RainDance|[upkeep]
|-end|p1a: Toxicroak|move: Taunt
|upkeep
|turn|17
|
|t:|1759044042
|move|p2a: Blaziken|Focus Energy|p2a: Blaziken
|-start|p2a: Blaziken|move: Focus Energy
|move|p1a: Toxicroak|Toxic|p2a: Blaziken
|-status|p2a: Blaziken|tox
|
|-weather|none
|-damage|p2a: Blaziken|26/100 tox|[from] psn
|-ability|p2a: Blaziken|Speed Boost|boost
|-boost|p2a: Blaziken|spe|1
|upkeep
|turn|18
|
|t:|1759044048
|switch|p1a: Pelipper|Pelipper, M|69/100
|-weather|RainDance|[from] ability: Drizzle|[of] p1a: Pelipper
|move|p2a: Blaziken|Overheat|p1a: Pelipper
|-resisted|p1a: Pelipper
|-damage|p1a: Pelipper|45/100
|-unboost|p2a: Blaziken|spa|2
|
|-weather|RainDance|[upkeep]
|-damage|p2a: Blaziken|14/100 tox|[from] psn
|-ability|p2a: Blaziken|Speed Boost|boost
|-boost|p2a: Blaziken|spe|1
|upkeep
|turn|19
|
|t:|1759044052
|move|p2a: Blaziken|Close Combat|p1a: Pelipper
|-resisted|p1a: Pelipper
|-crit|p1a: Pelipper
|-damage|p1a: Pelipper|17/100
|-unboost|p2a: Blaziken|def|1
|-unboost|p2a: Blaziken|spd|1
|move|p1a: Pelipper|Roost|p1a: Pelipper
|-heal|p1a: Pelipper|67/100
|-singleturn|p1a: Pelipper|move: Roost
|
|-weather|RainDance|[upkeep]
|-damage|p2a: Blaziken|0 fnt|[from] psn
|faint|p2a: Blaziken
|upkeep
|
|t:|1759044056
|switch|p2a: Comfey|Comfey, M, shiny|100/100
|turn|20
|
|t:|1759044073
|move|p2a: Comfey|Substitute|p2a: Comfey
|-start|p2a: Comfey|Substitute
|-damage|p2a: Comfey|76/100
|move|p1a: Pelipper|U-turn|p2a: Comfey
|-resisted|p2a: Comfey
|-activate|p2a: Comfey|move: Substitute|[damage]
|
|t:|1759044081
|switch|p1a: Iron Treads|Iron Treads|100/100|[from] U-turn
|-damage|p1a: Iron Treads|75/100|[from] Spikes
|
|-weather|RainDance|[upkeep]
|-heal|p1a: Iron Treads|82/100|[from] item: Leftovers
|upkeep
|turn|21
|inactive|ashmer06 has 120 seconds left.
|inactive|ashmer06 has 90 seconds left.
|
|t:|1759044144
|-terastallize|p2a: Comfey|Ground
|move|p1a: Iron Treads|Rapid Spin|p2a: Comfey
|-activate|p2a: Comfey|move: Substitute|[damage]
|-sideend|p1: naxduck|Spikes|[from] move: Rapid Spin|[of] p1a: Iron Treads
|-boost|p1a: Iron Treads|spe|1
|move|p2a: Comfey|Tera Blast|p1a: Iron Treads|[anim] Tera Blast Ground
|-supereffective|p1a: Iron Treads
|-damage|p1a: Iron Treads|17/100
|-damage|p2a: Comfey|66/100|[from] item: Life Orb
|
|-weather|RainDance|[upkeep]
|-heal|p1a: Iron Treads|23/100|[from] item: Leftovers
|upkeep
|turn|22
|
|t:|1759044153
|move|p1a: Iron Treads|Earthquake|p2a: Comfey
|-end|p2a: Comfey|Substitute
|move|p2a: Comfey|Tera Blast|p1a: Iron Treads|[anim] Tera Blast Ground
|-supereffective|p1a: Iron Treads
|-damage|p1a: Iron Treads|0 fnt
|faint|p1a: Iron Treads
|-end|p1a: Iron Treads|Quark Drive|[silent]
|-damage|p2a: Comfey|56/100|[from] item: Life Orb
|
|-weather|RainDance|[upkeep]
|upkeep
|
|t:|1759044160
|switch|p1a: Hatterene|Hatterene, F|60/100
|turn|23
|inactive|ashmer06 has 90 seconds left.
|
|t:|1759044187
|switch|p2a: Kingambit|Kingambit, M, shiny|62/100
|-activate|p2a: Kingambit|ability: Supreme Overlord
|-start|p2a: Kingambit|fallen2|[silent]
|move|p1a: Hatterene|Psychic Noise|p2a: Kingambit
|-immune|p2a: Kingambit
|
|-weather|RainDance|[upkeep]
|-heal|p2a: Kingambit|68/100|[from] item: Leftovers
|upkeep
|turn|24
|inactive|ashmer06 has 90 seconds left.
|
|t:|1759044211
|switch|p1a: Toxicroak|Toxicroak, M|100/100
|move|p2a: Kingambit|Kowtow Cleave|p1a: Toxicroak
|-resisted|p1a: Toxicroak
|-damage|p1a: Toxicroak|74/100
|-damage|p2a: Kingambit|51/100|[from] item: Rocky Helmet|[of] p1a: Toxicroak
|
|-weather|RainDance|[upkeep]
|-heal|p1a: Toxicroak|87/100|[from] ability: Dry Skin
|-heal|p2a: Kingambit|58/100|[from] item: Leftovers
|upkeep
|turn|25
|inactive|ashmer06 has 60 seconds left.
|
|t:|1759044250
|-end|p2a: Kingambit|fallen2|[silent]
|switch|p2a: Dragapult|Dragapult, M, shiny|100/100
|move|p1a: Toxicroak|Knock Off|p2a: Dragapult
|-supereffective|p2a: Dragapult
|-damage|p2a: Dragapult|39/100
|-enditem|p2a: Dragapult|Life Orb|[from] move: Knock Off|[of] p1a: Toxicroak
|
|-weather|none
|upkeep
|turn|26
|
|t:|1759044264
|move|p2a: Dragapult|Draco Meteor|p1a: Toxicroak
|-damage|p1a: Toxicroak|14/100
|-unboost|p2a: Dragapult|spa|2
|move|p1a: Toxicroak|Knock Off|p2a: Dragapult
|-supereffective|p2a: Dragapult
|-damage|p2a: Dragapult|0 fnt
|faint|p2a: Dragapult
|
|upkeep
|
|t:|1759044270
|switch|p2a: Comfey|Comfey, M, shiny, tera:Ground|56/100
|turn|27
|
|t:|1759044277
|switch|p1a: Hatterene|Hatterene, F|60/100
|move|p2a: Comfey|Substitute|p2a: Comfey
|-start|p2a: Comfey|Substitute
|-damage|p2a: Comfey|31/100
|
|upkeep
|turn|28
|
|t:|1759044283
|move|p2a: Comfey|Calm Mind|p2a: Comfey
|-boost|p2a: Comfey|spa|1
|-boost|p2a: Comfey|spd|1
|move|p1a: Hatterene|Psychic Noise|p2a: Comfey
|-damage|p2a: Comfey|6/100
|-start|p2a: Comfey|move: Heal Block
|
|upkeep
|turn|29
|
|t:|1759044290
|switch|p2a: Kingambit|Kingambit, M, shiny|58/100
|-activate|p2a: Kingambit|ability: Supreme Overlord
|-start|p2a: Kingambit|fallen3|[silent]
|move|p1a: Hatterene|Psychic Noise|p2a: Kingambit
|-immune|p2a: Kingambit
|
|-heal|p2a: Kingambit|64/100|[from] item: Leftovers
|upkeep
|turn|30
|
|t:|1759044303
|move|p2a: Kingambit|Iron Head|p1a: Hatterene
|-supereffective|p1a: Hatterene
|-damage|p1a: Hatterene|0 fnt
|faint|p1a: Hatterene
|
|-heal|p2a: Kingambit|70/100|[from] item: Leftovers
|upkeep
|
|t:|1759044321
|switch|p1a: Pelipper|Pelipper, M|67/100
|-weather|RainDance|[from] ability: Drizzle|[of] p1a: Pelipper
|turn|31
|
|t:|1759044329
|move|p1a: Pelipper|Surf|p2a: Kingambit
|-damage|p2a: Kingambit|26/100
|move|p2a: Kingambit|Swords Dance|p2a: Kingambit
|-boost|p2a: Kingambit|atk|2
|
|-weather|RainDance|[upkeep]
|-heal|p2a: Kingambit|32/100|[from] item: Leftovers
|upkeep
|turn|32
|
|t:|1759044333
|move|p2a: Kingambit|Sucker Punch|p1a: Pelipper
|-damage|p1a: Pelipper|0 fnt
|faint|p1a: Pelipper
|
|-weather|RainDance|[upkeep]
|-heal|p2a: Kingambit|38/100|[from] item: Leftovers
|upkeep
|
|t:|1759044336
|switch|p1a: Basculegion|Basculegion, M|100/100
|turn|33
|
|t:|1759044339
|-terastallize|p1a: Basculegion|Dark
|move|p2a: Kingambit|Sucker Punch|p1a: Basculegion
|-resisted|p1a: Basculegion
|-crit|p1a: Basculegion
|-damage|p1a: Basculegion|0 fnt
|faint|p1a: Basculegion
|
|-weather|RainDance|[upkeep]
|-heal|p2a: Kingambit|45/100|[from] item: Leftovers
|upkeep
|-message|naxduck forfeited.
|
|win|ashmer06
|raw|naxduck's rating: 1399 &rarr; <strong>1379</strong><br />(-20 for losing)
|raw|ashmer06's rating: 1405 &rarr; <strong>1425</strong><br />(+20 for winning)
|l|☆naxduck
|player|p1|
