|j|☆xklootzakx
|j|☆UltraGodGreninja
|t:|1759040454
|gametype|singles
|player|p1|xklootzakx|roxie|1412
|player|p2|UltraGodGreninja|skyla|1377
|gen|9
|tier|[Gen 9] OU
|rated|
|rule|HP Percentage Mod: HP is shown in percentages
|rule|Endless Battle Clause: Forcing endless battles is banned
|rule|Species Clause: Limit one of each Pokémon
|rule|OHKO Clause: OHKO moves are banned
|rule|Evasion Items Clause: Evasion items are banned
|rule|Evasion Moves Clause: Evasion moves are banned
|rule|Evasion Abilities Clause: Evasion abilities are banned
|rule|Sleep Moves Clause: Sleep-inducing moves are banned
|clearpoke
|poke|p1|Fezandipiti, M|
|poke|p1|Ninetales-Alola, M|
|poke|p1|Corviknight, M|
|poke|p1|Torterra, M|
|poke|p1|Chandelure, F|
|poke|p1|Crawdaunt, F|
|poke|p2|Greninja-*, F|
|poke|p2|Great Tusk|
|poke|p2|Heatran, F|
|poke|p2|Lokix, M|
|poke|p2|Zapdos|
|poke|p2|Alomomola, F|
|teampreview
|inactive|Battle timer is ON: inactive players will automatically lose when time's up. (requested by xklootzakx)
|
|t:|1759040509
|teamsize|p1|6
|teamsize|p2|6
|start
|switch|p1a: Corviknight|Corviknight, M|100/100
|switch|p2a: Greninja|Greninja, F|100/100
|turn|1
|
|t:|1759040520
|move|p2a: Greninja|Ice Beam|p1a: Corviknight
|-start|p2a: Greninja|typechange|Ice|[from] ability: Protean
|-damage|p1a: Corviknight|60/100
|move|p1a: Corviknight|U-turn|p2a: Greninja
|-damage|p2a: Greninja|81/100
|inactive|xklootzakx has 120 seconds left.
|inactive|xklootzakx has 90 seconds left.
|
|t:|1759040583
|switch|p1a: Fezandipiti|Fezandipiti, M|100/100|[from] U-turn
|
|upkeep
|turn|2
|
|t:|1759040598
|switch|p2a: Heatran|Heatran, F|100/100
|move|p1a: Fezandipiti|Beat Up|p2a: Heatran
|-damage|p2a: Heatran|98/100
|-damage|p2a: Heatran|95/100
|-damage|p2a: Heatran|93/100
|-crit|p2a: Heatran
|-damage|p2a: Heatran|88/100
|-damage|p2a: Heatran|86/100
|-damage|p2a: Heatran|83/100
|-hitcount|p2a: Heatran|6
|
|-heal|p2a: Heatran|89/100|[from] item: Leftovers
|upkeep
|turn|3
|
|t:|1759040602
|move|p1a: Fezandipiti|U-turn|p2a: Heatran
|-resisted|p2a: Heatran
|-damage|p2a: Heatran|86/100
|
|t:|1759040611
|switch|p1a: Chandelure|Chandelure, F, shiny|100/100|[from] U-turn
|move|p2a: Heatran|Stealth Rock|p1a: Chandelure
|-sidestart|p1: xklootzakx|move: Stealth Rock
|
|-heal|p2a: Heatran|92/100|[from] item: Leftovers
|upkeep
|turn|4
|inactive|xklootzakx has 120 seconds left.
|
|t:|1759040631
|move|p1a: Chandelure|Shadow Ball|p2a: Heatran
|-damage|p2a: Heatran|64/100
|move|p2a: Heatran|Earth Power|p1a: Chandelure
|-supereffective|p1a: Chandelure
|-damage|p1a: Chandelure|28/100
|
|-heal|p2a: Heatran|71/100|[from] item: Leftovers
|upkeep
|turn|5
|
|t:|1759040639
|switch|p1a: Torterra|Torterra, M|100/100
|-damage|p1a: Torterra|94/100|[from] Stealth Rock
|move|p2a: Heatran|Earth Power|p1a: Torterra
|-resisted|p1a: Torterra
|-damage|p1a: Torterra|79/100
|
|-heal|p2a: Heatran|77/100|[from] item: Leftovers
|upkeep
|turn|6
|
|t:|1759040644
|switch|p2a: Zapdos|Zapdos|100/100
|-terastallize|p1a: Torterra|Fire
|move|p1a: Torterra|Shell Smash|p1a: Torterra
|-unboost|p1a: Torterra|def|1
|-unboost|p1a: Torterra|spd|1
|-boost|p1a: Torterra|atk|2
|-boost|p1a: Torterra|spa|2
|-boost|p1a: Torterra|spe|2
|
|upkeep
|turn|7
|
|t:|1759040651
|move|p1a: Torterra|Rock Blast|p2a: Zapdos
|-supereffective|p2a: Zapdos
|-damage|p2a: Zapdos|77/100
|-supereffective|p2a: Zapdos
|-damage|p2a: Zapdos|56/100
|-supereffective|p2a: Zapdos
|-damage|p2a: Zapdos|33/100
|-supereffective|p2a: Zapdos
|-damage|p2a: Zapdos|10/100
|-hitcount|p2a: Zapdos|4
|move|p2a: Zapdos|U-turn|p1a: Torterra
|-resisted|p1a: Torterra
|-damage|p1a: Torterra|69/100
|
|t:|1759040671
|switch|p2a: Greninja|Greninja, F|81/100|[from] U-turn
|
|upkeep
|turn|8
|
|t:|1759040675
|move|p2a: Greninja|Sludge Wave|p1a: Torterra
|-start|p2a: Greninja|typechange|Poison|[from] ability: Protean
|-damage|p1a: Torterra|0 fnt
|faint|p1a: Torterra
|
|upkeep
|
|t:|1759040681
|switch|p1a: Corviknight|Corviknight, M|60/100
|-damage|p1a: Corviknight|48/100|[from] Stealth Rock
|turn|9
|
|t:|1759040686
|switch|p2a: Zapdos|Zapdos|10/100
|move|p1a: Corviknight|Defog|p2a: Zapdos
|-unboost|p2a: Zapdos|evasion|1
|-sideend|p1: xklootzakx|Stealth Rock|[from] move: Defog|[of] p1a: Corviknight
|
|upkeep
|turn|10
|
|t:|1759040689
|switch|p1a: Fezandipiti|Fezandipiti, M|100/100
|move|p2a: Zapdos|Roost|p2a: Zapdos
|-heal|p2a: Zapdos|60/100
|-singleturn|p2a: Zapdos|move: Roost
|
|upkeep
|turn|11
|
|t:|1759040693
|switch|p2a: Heatran|Heatran, F|77/100
|move|p1a: Fezandipiti|Beat Up|p2a: Heatran
|-crit|p2a: Heatran
|-damage|p2a: Heatran|73/100
|-damage|p2a: Heatran|71/100
|-damage|p2a: Heatran|69/100
|-damage|p2a: Heatran|66/100
|-damage|p2a: Heatran|63/100
|-hitcount|p2a: Heatran|5
|
|-heal|p2a: Heatran|69/100|[from] item: Leftovers
|upkeep
|turn|12
|
|t:|1759040699
|move|p1a: Fezandipiti|U-turn|p2a: Heatran
|-resisted|p2a: Heatran
|-damage|p2a: Heatran|66/100
|
|t:|1759040701
|switch|p1a: Crawdaunt|Crawdaunt, F|100/100|[from] U-turn
|move|p2a: Heatran|Stealth Rock|p1a: Crawdaunt
|-sidestart|p1: xklootzakx|move: Stealth Rock
|
|-heal|p2a: Heatran|72/100|[from] item: Leftovers
|upkeep
|turn|13
|
|t:|1759040711
|switch|p2a: Alomomola|Alomomola, F|100/100
|move|p1a: Crawdaunt|Dragon Dance|p1a: Crawdaunt
|-boost|p1a: Crawdaunt|atk|1
|-boost|p1a: Crawdaunt|spe|1
|
|upkeep
|turn|14
|
|t:|1759040714
|move|p1a: Crawdaunt|Dragon Dance|p1a: Crawdaunt
|-boost|p1a: Crawdaunt|atk|1
|-boost|p1a: Crawdaunt|spe|1
|move|p2a: Alomomola|Flip Turn|p1a: Crawdaunt
|-resisted|p1a: Crawdaunt
|-damage|p1a: Crawdaunt|89/100
|
|t:|1759040718
|switch|p2a: Zapdos|Zapdos|60/100|[from] Flip Turn
|
|upkeep
|turn|15
|
|t:|1759040721
|move|p1a: Crawdaunt|Knock Off|p2a: Zapdos
|-damage|p2a: Zapdos|0 fnt
|-status|p1a: Crawdaunt|par|[from] ability: Static|[of] p2a: Zapdos
|-enditem|p2a: Zapdos|Heavy-Duty Boots|[from] move: Knock Off|[of] p1a: Crawdaunt
|faint|p2a: Zapdos
|
|upkeep
|
|t:|1759040724
|switch|p2a: Lokix|Lokix, M|100/100
|turn|16
|
|t:|1759040726
|-terastallize|p2a: Lokix|Bug
|move|p2a: Lokix|First Impression|p1a: Crawdaunt
|-supereffective|p1a: Crawdaunt
|-damage|p1a: Crawdaunt|0 fnt
|faint|p1a: Crawdaunt
|
|upkeep
|-message|xklootzakx forfeited.
|
|win|UltraGodGreninja
|raw|xklootzakx's rating: 1412 &rarr; <strong>1391</strong><br />(-21 for losing)
|raw|UltraGodGreninja's rating: 1399 &rarr; <strong>1420</strong><br />(+21 for winning)
|l|☆xklootzakx
|player|p1|
|l|☆UltraGodGreninja
|player|p2|
