|j|☆mew28
|j|☆metakni
|t:|1759070119
|gametype|singles
|player|p1|mew28|gentleman-gen4|1380
|player|p2|metakni|hiker-gen4|1397
|gen|9
|tier|[Gen 9] OU
|rated|
|rule|HP Percentage Mod: HP is shown in percentages
|rule|Endless Battle Clause: Forcing endless battles is banned
|rule|Species Clause: Limit one of each Pokémon
|rule|OHKO Clause: OHKO moves are banned
|rule|Evasion Items Clause: Evasion items are banned
|rule|Evasion Moves Clause: Evasion moves are banned
|rule|Evasion Abilities Clause: Evasion abilities are banned
|rule|Sleep Moves Clause: Sleep-inducing moves are banned
|clearpoke
|poke|p1|Zamazenta-*|
|poke|p1|Garchomp, M|
|poke|p1|Darkrai|
|poke|p1|Dondozo, M|
|poke|p1|Ursaluna, M|
|poke|p1|Iron Treads|
|poke|p2|Torterra, M|
|poke|p2|Slowking, M|
|poke|p2|Skeledirge, F|
|poke|p2|Kingambit, M|
|poke|p2|Kyurem|
|poke|p2|Great Tusk|
|teampreview
|inactive|Battle timer is ON: inactive players will automatically lose when time's up. (requested by metakni)
|inactive|mew28 has 120 seconds left.
|inactive|metakni has 120 seconds left.
|
|t:|1759070158
|teamsize|p1|6
|teamsize|p2|6
|start
|switch|p1a: Garchomp|Garchomp, M|100/100
|switch|p2a: Hiver|Kyurem, shiny|100/100
|-ability|p2a: Hiver|Pressure
|turn|1
|
|t:|1759070179
|move|p2a: Hiver|Draco Meteor|p1a: Garchomp
|-supereffective|p1a: Garchomp
|-damage|p1a: Garchomp|0 fnt
|-unboost|p2a: Hiver|spa|2
|faint|p1a: Garchomp
|
|upkeep
|
|t:|1759070185
|switch|p1a: Iron Treads|Iron Treads|100/100
|turn|2
|
|t:|1759070198
|switch|p2a: Baie St-Paul|Slowking, M|100/100
|move|p1a: Iron Treads|Iron Head|p2a: Baie St-Paul
|-resisted|p2a: Baie St-Paul
|-damage|p2a: Baie St-Paul|80/100
|
|-heal|p2a: Baie St-Paul|87/100|[from] item: Leftovers
|upkeep
|turn|3
|
|t:|1759070206
|move|p1a: Iron Treads|Earthquake|p2a: Baie St-Paul
|-damage|p2a: Baie St-Paul|39/100
|-prepare|p2a: Baie St-Paul|Chilly Reception|[premajor]
|move|p2a: Baie St-Paul|Chilly Reception|p2a: Baie St-Paul
|-weather|Snowscape
|
|t:|1759070221
|switch|p2a: Benjamin|Torterra, M|100/100|[from] Chilly Reception
|
|-weather|Snowscape|[upkeep]
|upkeep
|turn|4
|
|t:|1759070226
|-end|p1a: Iron Treads|Quark Drive|[silent]
|switch|p1a: Dondozo|Dondozo, M|100/100
|move|p2a: Benjamin|Shell Smash|p2a: Benjamin
|-unboost|p2a: Benjamin|def|1
|-unboost|p2a: Benjamin|spd|1
|-boost|p2a: Benjamin|atk|2
|-boost|p2a: Benjamin|spa|2
|-boost|p2a: Benjamin|spe|2
|
|-weather|Snowscape|[upkeep]
|upkeep
|turn|5
|
|t:|1759070236
|move|p2a: Benjamin|Bullet Seed|p1a: Dondozo
|-supereffective|p1a: Dondozo
|-damage|p1a: Dondozo|82/100
|-supereffective|p1a: Dondozo
|-damage|p1a: Dondozo|66/100
|-supereffective|p1a: Dondozo
|-damage|p1a: Dondozo|47/100
|-supereffective|p1a: Dondozo
|-damage|p1a: Dondozo|31/100
|-hitcount|p1a: Dondozo|4
|move|p1a: Dondozo|Liquidation|p2a: Benjamin
|-damage|p2a: Benjamin|58/100
|
|-weather|Snowscape|[upkeep]
|upkeep
|turn|6
|
|t:|1759070240
|move|p2a: Benjamin|Bullet Seed|p1a: Dondozo
|-supereffective|p1a: Dondozo
|-damage|p1a: Dondozo|15/100
|-supereffective|p1a: Dondozo
|-damage|p1a: Dondozo|0 fnt
|faint|p1a: Dondozo
|-hitcount|p1: Dondozo|2
|
|-weather|Snowscape|[upkeep]
|upkeep
|
|t:|1759070245
|switch|p1a: Zamazenta|Zamazenta|100/100
|-ability|p1a: Zamazenta|Dauntless Shield|boost
|-boost|p1a: Zamazenta|def|1
|turn|7
|
|t:|1759070257
|switch|p2a: Céline|Skeledirge, F|100/100
|move|p1a: Zamazenta|Close Combat|p2a: Céline
|-immune|p2a: Céline
|
|-weather|none
|upkeep
|turn|8
|
|t:|1759070266
|switch|p1a: Darkrai|Darkrai|100/100
|move|p2a: Céline|Will-O-Wisp|p1a: Darkrai
|-status|p1a: Darkrai|brn
|
|-damage|p1a: Darkrai|94/100 brn|[from] brn
|upkeep
|turn|9
|
|t:|1759070279
|switch|p2a: Roi du gambit|Kingambit, M|100/100
|move|p1a: Darkrai|Dark Pulse|p2a: Roi du gambit
|-resisted|p2a: Roi du gambit
|-damage|p2a: Roi du gambit|72/100
|
|-heal|p2a: Roi du gambit|78/100|[from] item: Leftovers
|-damage|p1a: Darkrai|88/100 brn|[from] brn
|upkeep
|turn|10
|
|t:|1759070294
|switch|p1a: Zamazenta|Zamazenta|100/100
|move|p2a: Roi du gambit|Low Kick|p1a: Zamazenta
|-damage|p1a: Zamazenta|53/100
|
|-heal|p2a: Roi du gambit|84/100|[from] item: Leftovers
|upkeep
|turn|11
|
|t:|1759070302
|-end|p2a: Roi du gambit|fallenundefined|[silent]
|switch|p2a: Céline|Skeledirge, F|100/100
|move|p1a: Zamazenta|Close Combat|p2a: Céline
|-immune|p2a: Céline
|
|upkeep
|turn|12
|
|t:|1759070309
|switch|p1a: Ursaluna|Ursaluna, M|100/100
|move|p2a: Céline|Torch Song|p1a: Ursaluna
|-damage|p1a: Ursaluna|69/100
|-boost|p2a: Céline|spa|1
|
|-heal|p1a: Ursaluna|75/100|[from] item: Leftovers
|upkeep
|turn|13
|inactive|metakni has 120 seconds left.
|
|t:|1759070339
|move|p1a: Ursaluna|Protect|p1a: Ursaluna
|-singleturn|p1a: Ursaluna|Protect
|move|p2a: Céline|Torch Song|p1a: Ursaluna
|-activate|p1a: Ursaluna|move: Protect
|
|-heal|p1a: Ursaluna|81/100|[from] item: Leftovers
|upkeep
|turn|14
|
|t:|1759070349
|move|p2a: Céline|Torch Song|p1a: Ursaluna
|-damage|p1a: Ursaluna|39/100
|-boost|p2a: Céline|spa|1
|move|p1a: Ursaluna|Earthquake|p2a: Céline
|-supereffective|p2a: Céline
|-damage|p2a: Céline|28/100
|
|-heal|p1a: Ursaluna|45/100|[from] item: Leftovers
|upkeep
|turn|15
|
|t:|1759070358
|-terastallize|p2a: Céline|Flying
|move|p1a: Ursaluna|Protect|p1a: Ursaluna
|-singleturn|p1a: Ursaluna|Protect
|move|p2a: Céline|Torch Song|p1a: Ursaluna
|-activate|p1a: Ursaluna|move: Protect
|
|-heal|p1a: Ursaluna|51/100|[from] item: Leftovers
|upkeep
|turn|16
|
|t:|1759070367
|switch|p1a: Zamazenta|Zamazenta|53/100
|move|p2a: Céline|Torch Song|p1a: Zamazenta
|-damage|p1a: Zamazenta|2/100
|-boost|p2a: Céline|spa|1
|
|upkeep
|turn|17
|
|t:|1759070384
|switch|p2a: Sébastien CoRhino|Great Tusk|100/100
|move|p1a: Zamazenta|Stone Edge|p2a: Sébastien CoRhino
|-resisted|p2a: Sébastien CoRhino
|-damage|p2a: Sébastien CoRhino|91/100
|
|upkeep
|turn|18
|
|t:|1759070391
|move|p1a: Zamazenta|Stone Edge|p2a: Sébastien CoRhino
|-resisted|p2a: Sébastien CoRhino
|-damage|p2a: Sébastien CoRhino|82/100
|move|p2a: Sébastien CoRhino|Rapid Spin|p1a: Zamazenta
|-damage|p1a: Zamazenta|0 fnt
|-boost|p2a: Sébastien CoRhino|spe|1
|faint|p1a: Zamazenta
|
|upkeep
|
|t:|1759070394
|switch|p1a: Ursaluna|Ursaluna, M|51/100
|turn|19
|
|t:|1759070402
|move|p1a: Ursaluna|Protect|p1a: Ursaluna
|-singleturn|p1a: Ursaluna|Protect
|move|p2a: Sébastien CoRhino|Headlong Rush|p1a: Ursaluna
|-activate|p1a: Ursaluna|move: Protect
|
|-heal|p1a: Ursaluna|57/100|[from] item: Leftovers
|upkeep
|turn|20
|
|t:|1759070411
|-terastallize|p1a: Ursaluna|Ground
|move|p2a: Sébastien CoRhino|Knock Off|p1a: Ursaluna
|-damage|p1a: Ursaluna|34/100
|-enditem|p1a: Ursaluna|Leftovers|[from] move: Knock Off|[of] p2a: Sébastien CoRhino
|move|p1a: Ursaluna|Earthquake|p2a: Sébastien CoRhino
|-damage|p2a: Sébastien CoRhino|23/100
|
|upkeep
|turn|21
|
|t:|1759070419
|move|p2a: Sébastien CoRhino|Stealth Rock|p1a: Ursaluna
|-sidestart|p1: mew28|move: Stealth Rock
|move|p1a: Ursaluna|Facade|p2a: Sébastien CoRhino
|-damage|p2a: Sébastien CoRhino|0 fnt
|faint|p2a: Sébastien CoRhino
|-end|p2a: Sébastien CoRhino|Protosynthesis|[silent]
|
|upkeep
|
|t:|1759070426
|switch|p2a: Benjamin|Torterra, M|58/100
|turn|22
|-message|mew28 forfeited.
|
|win|metakni
|raw|mew28's rating: 1380 &rarr; <strong>1361</strong><br />(-19 for losing)
|raw|metakni's rating: 1397 &rarr; <strong>1416</strong><br />(+19 for winning)
|l|☆mew28
|player|p1|
|l|☆metakni
|player|p2|
