|j|☆Grimsley961116
|j|☆Chilling On The OU
|t:|1759049192
|gametype|singles
|player|p1|Grimsley961116|grimsley|1351
|player|p2|Chilling On The OU|marlon|1348
|gen|9
|tier|[Gen 9] OU
|rated|
|rule|HP Percentage Mod: HP is shown in percentages
|rule|Endless Battle Clause: Forcing endless battles is banned
|rule|Species Clause: Limit one of each Pokémon
|rule|OHKO Clause: OHKO moves are banned
|rule|Evasion Items Clause: Evasion items are banned
|rule|Evasion Moves Clause: Evasion moves are banned
|rule|Evasion Abilities Clause: Evasion abilities are banned
|rule|Sleep Moves Clause: Sleep-inducing moves are banned
|clearpoke
|poke|p1|Rotom-Wash|
|poke|p1|Torkoal, F|
|poke|p1|Garganacl, F|
|poke|p1|Arboliva, M|
|poke|p1|Ceruledge, F|
|poke|p1|Dragonite, F|
|poke|p2|Meowscarada, F|
|poke|p2|Thundurus-Therian, M|
|poke|p2|Alomomola, M|
|poke|p2|Cinderace, M|
|poke|p2|Goodra-Hisui, F|
|poke|p2|Iron Valiant|
|teampreview
|inactive|Battle timer is ON: inactive players will automatically lose when time's up. (requested by Grimsley961116)
|
|t:|1759049208
|teamsize|p1|6
|teamsize|p2|6
|start
|switch|p1a: Rotom|Rotom-Wash|100/100
|switch|p2a: Thundurus-Tharien|Thundurus-Therian, M, shiny|100/100
|turn|1
|
|t:|1759049213
|move|p1a: Rotom|Trick|p2a: Thundurus-Tharien
|-activate|p1a: Rotom|move: Trick|[of] p2a: Thundurus-Tharien
|-item|p2a: Thundurus-Tharien|Choice Scarf|[from] move: Trick
|-item|p1a: Rotom|Choice Specs|[from] move: Trick
|move|p2a: Thundurus-Tharien|Volt Switch|p1a: Rotom
|-damage|p1a: Rotom|50/100
|c|☆Chilling On The OU|Damb
|
|t:|1759049223
|switch|p2a: Meowscareda|Meowscarada, F|100/100|[from] Volt Switch
|
|upkeep
|turn|2
|
|t:|1759049233
|switch|p1a: Ceruledge|Ceruledge, F, shiny|100/100
|move|p2a: Meowscareda|U-turn|p1a: Ceruledge
|-start|p2a: Meowscareda|typechange|Bug|[from] ability: Protean
|-resisted|p1a: Ceruledge
|-damage|p1a: Ceruledge|82/100
|-ability|p1a: Ceruledge|Weak Armor|boost
|-unboost|p1a: Ceruledge|def|1
|-boost|p1a: Ceruledge|spe|2
|
|t:|1759049239
|switch|p2a: Alolamala|Alomomola, M|100/100|[from] U-turn
|
|upkeep
|turn|3
|
|t:|1759049245
|move|p1a: Ceruledge|Swords Dance|p1a: Ceruledge
|-boost|p1a: Ceruledge|atk|2
|move|p2a: Alolamala|Scald|p1a: Ceruledge
|-supereffective|p1a: Ceruledge
|-damage|p1a: Ceruledge|47/100
|
|upkeep
|turn|4
|
|t:|1759049264
|move|p1a: Ceruledge|Bitter Blade|p2a: Alolamala
|-resisted|p2a: Alolamala
|-damage|p2a: Alolamala|76/100
|-heal|p1a: Ceruledge|70/100|[from] drain|[of] p2a: Alolamala
|move|p2a: Alolamala|Flip Turn|p1a: Ceruledge
|-supereffective|p1a: Ceruledge
|-damage|p1a: Ceruledge|0 fnt
|faint|p1a: Ceruledge
|c|☆Chilling On The OU|Thank god
|
|t:|1759049285
|switch|p2a: Thundurus-Tharien|Thundurus-Therian, M, shiny|100/100|[from] Flip Turn
|
|upkeep
|
|t:|1759049290
|switch|p1a: Dragonite|Dragonite, F, shiny|100/100
|turn|5
|
|t:|1759049293
|move|p2a: Thundurus-Tharien|Volt Switch|p1a: Dragonite
|-damage|p1a: Dragonite|81/100
|
|t:|1759049296
|switch|p2a: Cinderece|Cinderace, M|100/100|[from] Volt Switch
|move|p1a: Dragonite|Dragon Dance|p1a: Dragonite
|-boost|p1a: Dragonite|atk|1
|-boost|p1a: Dragonite|spe|1
|
|upkeep
|turn|6
|
|t:|1759049299
|move|p1a: Dragonite|Earthquake|p2a: Cinderece
|-supereffective|p2a: Cinderece
|-damage|p2a: Cinderece|0 fnt
|faint|p2a: Cinderece
|
|upkeep
|
|t:|1759049313
|switch|p2a: Goodra-Husui|Goodra-Hisui, F, shiny|100/100
|turn|7
|
|t:|1759049315
|-terastallize|p2a: Goodra-Husui|Flying
|move|p1a: Dragonite|Earthquake|p2a: Goodra-Husui
|-immune|p2a: Goodra-Husui
|move|p2a: Goodra-Husui|Draco Meteor|p1a: Dragonite
|-supereffective|p1a: Dragonite
|-damage|p1a: Dragonite|0 fnt
|-unboost|p2a: Goodra-Husui|spa|2
|faint|p1a: Dragonite
|
|upkeep
|
|t:|1759049319
|switch|p1a: Rotom|Rotom-Wash|50/100
|turn|8
|
|t:|1759049327
|move|p1a: Rotom|Volt Switch|p2a: Goodra-Husui
|-supereffective|p2a: Goodra-Husui
|-damage|p2a: Goodra-Husui|49/100
|
|t:|1759049331
|switch|p1a: Arboliva|Arboliva, M|100/100|[from] Volt Switch
|move|p2a: Goodra-Husui|Earthquake|p1a: Arboliva
|-resisted|p1a: Arboliva
|-damage|p1a: Arboliva|90/100
|-fieldstart|move: Grassy Terrain|[from] ability: Seed Sower|[of] p1a: Arboliva
|
|-heal|p1a: Arboliva|97/100|[from] Grassy Terrain
|upkeep
|turn|9
|
|t:|1759049341
|switch|p2a: Thundurus-Tharien|Thundurus-Therian, M, shiny|100/100
|move|p1a: Arboliva|Tera Blast|p2a: Thundurus-Tharien
|-damage|p2a: Thundurus-Tharien|39/100
|
|-heal|p1a: Arboliva|100/100|[from] Grassy Terrain
|upkeep
|turn|10
|
|t:|1759049352
|switch|p1a: Garganacl|Garganacl, F|100/100
|move|p2a: Thundurus-Tharien|Volt Switch|p1a: Garganacl
|-damage|p1a: Garganacl|72/100
|
|t:|1759049367
|switch|p2a: Alolamala|Alomomola, M|100/100|[from] Volt Switch
|
|-heal|p1a: Garganacl|78/100|[from] Grassy Terrain
|-heal|p1a: Garganacl|84/100|[from] item: Leftovers
|upkeep
|turn|11
|
|t:|1759049370
|move|p2a: Alolamala|Wish|p2a: Alolamala
|move|p1a: Garganacl|Substitute|p1a: Garganacl
|-start|p1a: Garganacl|Substitute
|-damage|p1a: Garganacl|59/100
|
|-heal|p1a: Garganacl|66/100|[from] Grassy Terrain
|-heal|p1a: Garganacl|72/100|[from] item: Leftovers
|upkeep
|turn|12
|
|t:|1759049374
|move|p2a: Alolamala|Flip Turn|p1a: Garganacl
|-supereffective|p1a: Garganacl
|-activate|p1a: Garganacl|move: Substitute|[damage]
|
|t:|1759049377
|switch|p2a: Thundurus-Tharien|Thundurus-Therian, M, shiny|39/100|[from] Flip Turn
|move|p1a: Garganacl|Salt Cure|p2a: Thundurus-Tharien
|-supereffective|p2a: Thundurus-Tharien
|-damage|p2a: Thundurus-Tharien|0 fnt
|faint|p2a: Thundurus-Tharien
|
|-heal|p1a: Garganacl|78/100|[from] Grassy Terrain
|-heal|p1a: Garganacl|84/100|[from] item: Leftovers
|-fieldend|move: Grassy Terrain
|upkeep
|
|t:|1759049389
|switch|p2a: Iron Valaint|Iron Valiant, shiny|100/100
|turn|13
|
|t:|1759049392
|move|p2a: Iron Valaint|Drain Punch|p1a: Garganacl
|-supereffective|p1a: Garganacl
|-end|p1a: Garganacl|Substitute
|move|p1a: Garganacl|Salt Cure|p2a: Iron Valaint
|-resisted|p2a: Iron Valaint
|-damage|p2a: Iron Valaint|92/100
|-start|p2a: Iron Valaint|Salt Cure
|
|-heal|p1a: Garganacl|90/100|[from] item: Leftovers
|-damage|p2a: Iron Valaint|80/100|[from] Salt Cure
|upkeep
|turn|14
|
|t:|1759049397
|-end|p2a: Iron Valaint|Quark Drive|[silent]
|switch|p2a: Alolamala|Alomomola, M|100/100
|switch|p1a: Torkoal|Torkoal, F|100/100
|
|upkeep
|turn|15
|
|t:|1759049401
|move|p2a: Alolamala|Scald|p1a: Torkoal
|-supereffective|p1a: Torkoal
|-damage|p1a: Torkoal|69/100
|move|p1a: Torkoal|Stealth Rock|p2a: Alolamala
|-sidestart|p2: Chilling On The OU|move: Stealth Rock
|
|upkeep
|turn|16
|
|t:|1759049405
|switch|p1a: Arboliva|Arboliva, M|100/100
|move|p2a: Alolamala|Scald|p1a: Arboliva
|-resisted|p1a: Arboliva
|-damage|p1a: Arboliva|97/100
|-fieldstart|move: Grassy Terrain|[from] ability: Seed Sower|[of] p1a: Arboliva
|
|-heal|p1a: Arboliva|100/100|[from] Grassy Terrain
|upkeep
|turn|17
|
|t:|1759049409
|move|p2a: Alolamala|Wish|p2a: Alolamala
|move|p1a: Arboliva|Giga Drain|p2a: Alolamala
|-supereffective|p2a: Alolamala
|-damage|p2a: Alolamala|0 fnt
|faint|p2a: Alolamala
|
|upkeep
|
|t:|1759049414
|switch|p2a: Goodra-Husui|Goodra-Hisui, F, shiny, tera:Flying|49/100
|-damage|p2a: Goodra-Husui|24/100|[from] Stealth Rock
|turn|18
|
|t:|1759049418
|move|p2a: Goodra-Husui|Draco Meteor|p1a: Arboliva
|-damage|p1a: Arboliva|61/100
|-unboost|p2a: Goodra-Husui|spa|2
|move|p1a: Arboliva|Tera Blast|p2a: Goodra-Husui
|-damage|p2a: Goodra-Husui|4/100
|
|-heal|p2a: Goodra-Husui|81/100|[from] move: Wish|[wisher] Alolamala
|-heal|p1a: Arboliva|67/100|[from] Grassy Terrain
|upkeep
|turn|19
|
|t:|1759049427
|switch|p2a: Meowscareda|Meowscarada, F|100/100
|-damage|p2a: Meowscareda|88/100|[from] Stealth Rock
|move|p1a: Arboliva|Giga Drain|p2a: Meowscareda
|-resisted|p2a: Meowscareda
|-damage|p2a: Meowscareda|46/100
|-heal|p1a: Arboliva|85/100|[from] drain|[of] p2a: Meowscareda
|
|-heal|p2a: Meowscareda|52/100|[from] Grassy Terrain
|-heal|p1a: Arboliva|91/100|[from] Grassy Terrain
|upkeep
|turn|20
|
|t:|1759049437
|switch|p1a: Garganacl|Garganacl, F|90/100
|move|p2a: Meowscareda|Knock Off|p1a: Garganacl
|-start|p2a: Meowscareda|typechange|Dark|[from] ability: Protean
|-damage|p1a: Garganacl|50/100
|-enditem|p1a: Garganacl|Leftovers|[from] move: Knock Off|[of] p2a: Meowscareda
|
|-heal|p2a: Meowscareda|58/100|[from] Grassy Terrain
|-heal|p1a: Garganacl|56/100|[from] Grassy Terrain
|-fieldend|move: Grassy Terrain
|upkeep
|turn|21
|
|t:|1759049442
|switch|p2a: Iron Valaint|Iron Valiant, shiny|80/100
|-damage|p2a: Iron Valaint|74/100|[from] Stealth Rock
|move|p1a: Garganacl|Salt Cure|p2a: Iron Valaint
|-resisted|p2a: Iron Valaint
|-damage|p2a: Iron Valaint|64/100
|-start|p2a: Iron Valaint|Salt Cure
|
|-damage|p2a: Iron Valaint|52/100|[from] Salt Cure
|upkeep
|turn|22
|
|t:|1759049449
|switch|p1a: Torkoal|Torkoal, F|69/100
|move|p2a: Iron Valaint|Drain Punch|p1a: Torkoal
|-damage|p1a: Torkoal|50/100
|-heal|p2a: Iron Valaint|63/100|[from] drain|[of] p1a: Torkoal
|
|-damage|p2a: Iron Valaint|50/100|[from] Salt Cure
|upkeep
|turn|23
|
|t:|1759049456
|-end|p2a: Iron Valaint|Quark Drive|[silent]
|switch|p2a: Goodra-Husui|Goodra-Hisui, F, shiny, tera:Flying|81/100
|-damage|p2a: Goodra-Husui|56/100|[from] Stealth Rock
|move|p1a: Torkoal|Fire Blast|p2a: Goodra-Husui|[miss]
|-miss|p1a: Torkoal|p2a: Goodra-Husui
|
|upkeep
|turn|24
|
|t:|1759049470
|switch|p2a: Meowscareda|Meowscarada, F|58/100
|-damage|p2a: Meowscareda|46/100|[from] Stealth Rock
|switch|p1a: Arboliva|Arboliva, M|91/100
|
|upkeep
|turn|25
|
|t:|1759049485
|move|p2a: Meowscareda|Low Kick|p1a: Arboliva
|-start|p2a: Meowscareda|typechange|Fighting|[from] ability: Protean
|-supereffective|p1a: Arboliva
|-damage|p1a: Arboliva|2/100
|-fieldstart|move: Grassy Terrain|[from] ability: Seed Sower|[of] p1a: Arboliva
|move|p1a: Arboliva|Alluring Voice|p2a: Meowscareda
|-supereffective|p2a: Meowscareda
|-damage|p2a: Meowscareda|0 fnt
|faint|p2a: Meowscareda
|
|-heal|p1a: Arboliva|8/100|[from] Grassy Terrain
|upkeep
|
|t:|1759049491
|switch|p2a: Iron Valaint|Iron Valiant, shiny|50/100
|-damage|p2a: Iron Valaint|44/100|[from] Stealth Rock
|turn|26
|
|t:|1759049506
|-terastallize|p1a: Arboliva|Ghost
|move|p2a: Iron Valaint|Drain Punch|p1a: Arboliva
|-immune|p1a: Arboliva
|move|p1a: Arboliva|Alluring Voice|p2a: Iron Valaint
|-supereffective|p2a: Iron Valaint
|-damage|p2a: Iron Valaint|0 fnt
|faint|p2a: Iron Valaint
|-end|p2a: Iron Valaint|Quark Drive|[silent]
|
|-heal|p1a: Arboliva|14/100|[from] Grassy Terrain
|upkeep
|
|t:|1759049510
|switch|p2a: Goodra-Husui|Goodra-Hisui, F, shiny, tera:Flying|56/100
|-damage|p2a: Goodra-Husui|31/100|[from] Stealth Rock
|turn|27
|
|t:|1759049515
|move|p2a: Goodra-Husui|Earthquake|p1a: Arboliva
|-damage|p1a: Arboliva|3/100
|move|p1a: Arboliva|Tera Blast|p2a: Goodra-Husui|[anim] Tera Blast Ghost
|-damage|p2a: Goodra-Husui|11/100
|
|-heal|p1a: Arboliva|9/100|[from] Grassy Terrain
|upkeep
|turn|28
|
|t:|1759049518
|move|p2a: Goodra-Husui|Flash Cannon|p1a: Arboliva
|-damage|p1a: Arboliva|0 fnt
|faint|p1a: Arboliva
|
|upkeep
|
|t:|1759049520
|switch|p1a: Rotom|Rotom-Wash|50/100
|turn|29
|
|t:|1759049522
|move|p1a: Rotom|Volt Switch|p2a: Goodra-Husui
|-supereffective|p2a: Goodra-Husui
|-damage|p2a: Goodra-Husui|0 fnt
|faint|p2a: Goodra-Husui
|
|win|Grimsley961116
|raw|Grimsley961116's rating: 1370 &rarr; <strong>1389</strong><br />(+19 for winning)
|raw|Chilling On The OU's rating: 1348 &rarr; <strong>1329</strong><br />(-19 for losing)
|c|☆Chilling On The OU|Ggwp
|l|☆Chilling On The OU
|player|p2|
|l|☆Grimsley961116
|player|p1|
