|j|☆presirulo
|j|☆bowling12345
|t:|1759012913
|gametype|singles
|player|p1|presirulo|265|1305
|player|p2|bowling12345|265|1249
|gen|9
|tier|[Gen 9] OU
|rated|
|rule|HP Percentage Mod: HP is shown in percentages
|rule|Endless Battle Clause: Forcing endless battles is banned
|rule|Species Clause: Limit one of each Pokémon
|rule|OHKO Clause: OHKO moves are banned
|rule|Evasion Items Clause: Evasion items are banned
|rule|Evasion Moves Clause: Evasion moves are banned
|rule|Evasion Abilities Clause: Evasion abilities are banned
|rule|Sleep Moves Clause: Sleep-inducing moves are banned
|clearpoke
|poke|p1|Meowscarada, M|
|poke|p1|Garganacl, M|
|poke|p1|Kingambit, M|
|poke|p1|Corviknight, M|
|poke|p1|Dondozo, M|
|poke|p1|Gliscor, M|
|poke|p2|Zoroark-Hisui, M|
|poke|p2|Ogerpon-Wellspring, F|
|poke|p2|Munkidori, M|
|poke|p2|Sinistcha|
|poke|p2|Alomomola, M|
|poke|p2|Entei|
|teampreview
|inactive|Battle timer is ON: inactive players will automatically lose when time's up. (requested by presirulo)
|
|t:|1759012922
|teamsize|p1|6
|teamsize|p2|6
|start
|switch|p1a: Gliscor|Gliscor, M|100/100
|switch|p2a: Alomomola|Alomomola, M|100/100
|turn|1
|
|t:|1759012927
|move|p1a: Gliscor|Toxic|p2a: Alomomola
|-status|p2a: Alomomola|tox
|move|p2a: Alomomola|Scald|p1a: Gliscor
|-supereffective|p1a: Gliscor
|-damage|p1a: Gliscor|74/100
|-status|p1a: Gliscor|brn
|
|-damage|p2a: Alomomola|94/100 tox|[from] psn
|-damage|p1a: Gliscor|68/100 brn|[from] brn
|upkeep
|turn|2
|
|t:|1759012939
|move|p1a: Gliscor|Earthquake|p2a: Alomomola
|-crit|p2a: Alomomola
|-damage|p2a: Alomomola|78/100 tox
|move|p2a: Alomomola|Flip Turn|p1a: Gliscor
|-supereffective|p1a: Gliscor
|-damage|p1a: Gliscor|36/100 brn
|
|t:|1759012945
|switch|p2a: Sinistcha|Sinistcha|100/100|[from] Flip Turn
|
|-damage|p1a: Gliscor|30/100 brn|[from] brn
|upkeep
|turn|3
|
|t:|1759012950
|move|p2a: Sinistcha|Hex|p1a: Gliscor
|-damage|p1a: Gliscor|0 fnt
|faint|p1a: Gliscor
|
|upkeep
|
|t:|1759012954
|switch|p1a: Meowscarada|Meowscarada, M|100/100
|turn|4
|
|t:|1759012961
|move|p1a: Meowscarada|Knock Off|p2a: Sinistcha
|-start|p1a: Meowscarada|typechange|Dark|[from] ability: Protean
|-supereffective|p2a: Sinistcha
|-enditem|p2a: Sinistcha|Focus Sash
|-damage|p2a: Sinistcha|1/100
|replace|p2a: Zoroark|Zoroark-Hisui, M
|-end|p2a: Zoroark|Illusion
|-damage|p1a: Meowscarada|91/100|[from] item: Life Orb
|move|p2a: Zoroark|Focus Blast|p1a: Meowscarada
|-supereffective|p1a: Meowscarada
|-damage|p1a: Meowscarada|0 fnt
|faint|p1a: Meowscarada
|
|upkeep
|
|t:|1759012969
|switch|p1a: Kingambit|Kingambit, M|100/100
|-activate|p1a: Kingambit|ability: Supreme Overlord
|-start|p1a: Kingambit|fallen2|[silent]
|turn|5
|
|t:|1759012976
|switch|p2a: Alomomola|Alomomola, M|100/100 tox
|move|p1a: Kingambit|Sucker Punch||[still]
|-fail|p1a: Kingambit
|
|-damage|p2a: Alomomola|94/100 tox|[from] psn
|upkeep
|turn|6
|
|t:|1759012993
|-end|p1a: Kingambit|fallen2|[silent]
|switch|p1a: Garganacl|Garganacl, M|100/100
|move|p2a: Alomomola|Scald|p1a: Garganacl
|-supereffective|p1a: Garganacl
|-damage|p1a: Garganacl|81/100
|
|-heal|p1a: Garganacl|87/100|[from] item: Leftovers
|-damage|p2a: Alomomola|82/100 tox|[from] psn
|upkeep
|turn|7
|
|t:|1759013001
|move|p2a: Alomomola|Flip Turn|p1a: Garganacl
|-supereffective|p1a: Garganacl
|-damage|p1a: Garganacl|63/100
|
|t:|1759013012
|switch|p2a: Sinistcha|Sinistcha|100/100|[from] Flip Turn
|move|p1a: Garganacl|Salt Cure|p2a: Sinistcha
|-crit|p2a: Sinistcha
|-damage|p2a: Sinistcha|79/100
|-start|p2a: Sinistcha|Salt Cure
|
|-heal|p1a: Garganacl|69/100|[from] item: Leftovers
|-damage|p2a: Sinistcha|67/100|[from] Salt Cure
|upkeep
|turn|8
|
|t:|1759013020
|move|p1a: Garganacl|Protect|p1a: Garganacl
|-singleturn|p1a: Garganacl|Protect
|move|p2a: Sinistcha|Matcha Gotcha|p1a: Garganacl
|-activate|p1a: Garganacl|move: Protect
|
|-heal|p1a: Garganacl|76/100|[from] item: Leftovers
|-damage|p2a: Sinistcha|54/100|[from] Salt Cure
|upkeep
|turn|9
|
|t:|1759013029
|switch|p1a: Corviknight|Corviknight, M|100/100
|move|p2a: Sinistcha|Matcha Gotcha|p1a: Corviknight
|-resisted|p1a: Corviknight
|-damage|p1a: Corviknight|92/100
|-heal|p2a: Sinistcha|59/100|[from] drain|[of] p1a: Corviknight
|
|-damage|p2a: Sinistcha|47/100|[from] Salt Cure
|upkeep
|turn|10
|
|t:|1759013040
|switch|p2a: Alomomola|Alomomola, M|100/100 tox
|move|p1a: Corviknight|Drill Peck|p2a: Alomomola
|-damage|p2a: Alomomola|85/100 tox
|-damage|p1a: Corviknight|76/100|[from] item: Rocky Helmet|[of] p2a: Alomomola
|
|-damage|p2a: Alomomola|79/100 tox|[from] psn
|upkeep
|turn|11
|
|t:|1759013050
|switch|p1a: Garganacl|Garganacl, M|76/100
|move|p2a: Alomomola|Wish|p2a: Alomomola
|
|-heal|p1a: Garganacl|82/100|[from] item: Leftovers
|-damage|p2a: Alomomola|67/100 tox|[from] psn
|upkeep
|turn|12
|
|t:|1759013056
|move|p2a: Alomomola|Flip Turn|p1a: Garganacl
|-supereffective|p1a: Garganacl
|-damage|p1a: Garganacl|57/100
|
|t:|1759013060
|switch|p2a: Sinistcha|Sinistcha|47/100|[from] Flip Turn
|move|p1a: Garganacl|Salt Cure|p2a: Sinistcha
|-damage|p2a: Sinistcha|33/100
|-start|p2a: Sinistcha|Salt Cure
|
|-heal|p2a: Sinistcha|100/100|[from] move: Wish|[wisher] Alomomola
|-heal|p1a: Garganacl|63/100|[from] item: Leftovers
|-damage|p2a: Sinistcha|88/100|[from] Salt Cure
|upkeep
|turn|13
|
|t:|1759013071
|switch|p2a: Alomomola|Alomomola, M|99/100 tox
|-terastallize|p1a: Garganacl|Ghost
|move|p1a: Garganacl|Recover|p1a: Garganacl
|-heal|p1a: Garganacl|100/100
|
|-damage|p2a: Alomomola|94/100 tox|[from] psn
|upkeep
|turn|14
|
|t:|1759013080
|move|p2a: Alomomola|Wish|p2a: Alomomola
|move|p1a: Garganacl|Salt Cure|p2a: Alomomola
|-damage|p2a: Alomomola|85/100 tox
|-start|p2a: Alomomola|Salt Cure
|
|-damage|p2a: Alomomola|72/100 tox|[from] psn
|-damage|p2a: Alomomola|48/100 tox|[from] Salt Cure
|upkeep
|turn|15
|
|t:|1759013086
|move|p1a: Garganacl|Protect|p1a: Garganacl
|-singleturn|p1a: Garganacl|Protect
|move|p2a: Alomomola|Flip Turn|p1a: Garganacl
|-activate|p1a: Garganacl|move: Protect
|
|-heal|p2a: Alomomola|98/100 tox|[from] move: Wish|[wisher] Alomomola
|-damage|p2a: Alomomola|79/100 tox|[from] psn
|-damage|p2a: Alomomola|54/100 tox|[from] Salt Cure
|upkeep
|turn|16
|
|t:|1759013095
|move|p2a: Alomomola|Flip Turn|p1a: Garganacl
|-damage|p1a: Garganacl|90/100
|
|t:|1759013100
|switch|p2a: Ogerpon|Ogerpon-Wellspring, F|100/100|[from] Flip Turn
|move|p1a: Garganacl|Salt Cure|p2a: Ogerpon
|-damage|p2a: Ogerpon|79/100
|-start|p2a: Ogerpon|Salt Cure
|
|-heal|p1a: Garganacl|96/100|[from] item: Leftovers
|-damage|p2a: Ogerpon|54/100|[from] Salt Cure
|upkeep
|turn|17
|
|t:|1759013109
|switch|p2a: Alomomola|Alomomola, M|87/100 tox
|move|p1a: Garganacl|Protect||[still]
|-fail|p1a: Garganacl
|
|-heal|p1a: Garganacl|100/100|[from] item: Leftovers
|-damage|p2a: Alomomola|81/100 tox|[from] psn
|upkeep
|turn|18
|
|t:|1759013116
|move|p2a: Alomomola|Wish|p2a: Alomomola
|move|p1a: Garganacl|Body Press|p2a: Alomomola
|-damage|p2a: Alomomola|68/100 tox
|-damage|p1a: Garganacl|84/100|[from] item: Rocky Helmet|[of] p2a: Alomomola
|
|-heal|p1a: Garganacl|90/100|[from] item: Leftovers
|-damage|p2a: Alomomola|55/100 tox|[from] psn
|upkeep
|turn|19
|
|t:|1759013126
|move|p1a: Garganacl|Protect|p1a: Garganacl
|-singleturn|p1a: Garganacl|Protect
|move|p2a: Alomomola|Flip Turn|p1a: Garganacl
|-activate|p1a: Garganacl|move: Protect
|
|-heal|p2a: Alomomola|100/100 tox|[from] move: Wish|[wisher] Alomomola
|-heal|p1a: Garganacl|96/100|[from] item: Leftovers
|-damage|p2a: Alomomola|82/100 tox|[from] psn
|upkeep
|turn|20
|
|t:|1759013135
|move|p2a: Alomomola|Wish|p2a: Alomomola
|move|p1a: Garganacl|Salt Cure|p2a: Alomomola
|-damage|p2a: Alomomola|73/100 tox
|-start|p2a: Alomomola|Salt Cure
|
|-heal|p1a: Garganacl|100/100|[from] item: Leftovers
|-damage|p2a: Alomomola|48/100 tox|[from] psn
|-damage|p2a: Alomomola|23/100 tox|[from] Salt Cure
|upkeep
|turn|21
|
|t:|1759013146
|switch|p2a: Sinistcha|Sinistcha|1/100
|move|p1a: Garganacl|Salt Cure|p2a: Sinistcha
|-damage|p2a: Sinistcha|0 fnt
|replace|p2a: Zoroark|Zoroark-Hisui, M
|-end|p2a: Zoroark|Illusion
|faint|p2a: Zoroark
|
|upkeep
|
|t:|1759013158
|switch|p2a: Ogerpon|Ogerpon-Wellspring, F|54/100
|turn|22
|
|t:|1759013163
|move|p2a: Ogerpon|Knock Off|p1a: Garganacl
|-supereffective|p1a: Garganacl
|-damage|p1a: Garganacl|42/100
|-enditem|p1a: Garganacl|Leftovers|[from] move: Knock Off|[of] p2a: Ogerpon
|move|p1a: Garganacl|Salt Cure|p2a: Ogerpon
|-damage|p2a: Ogerpon|32/100
|-start|p2a: Ogerpon|Salt Cure
|
|-damage|p2a: Ogerpon|7/100|[from] Salt Cure
|upkeep
|turn|23
|
|t:|1759013173
|switch|p2a: Alomomola|Alomomola, M|56/100 tox
|move|p1a: Garganacl|Recover|p1a: Garganacl
|-heal|p1a: Garganacl|92/100
|
|-damage|p2a: Alomomola|50/100 tox|[from] psn
|upkeep
|turn|24
|
|t:|1759013179
|move|p2a: Alomomola|Wish|p2a: Alomomola
|move|p1a: Garganacl|Salt Cure|p2a: Alomomola
|-damage|p2a: Alomomola|41/100 tox
|-start|p2a: Alomomola|Salt Cure
|
|-damage|p2a: Alomomola|29/100 tox|[from] psn
|-damage|p2a: Alomomola|4/100 tox|[from] Salt Cure
|upkeep
|turn|25
|
|t:|1759013192
|switch|p2a: Sinistcha|Sinistcha|88/100
|move|p1a: Garganacl|Salt Cure|p2a: Sinistcha
|-damage|p2a: Sinistcha|75/100
|-start|p2a: Sinistcha|Salt Cure
|
|-heal|p2a: Sinistcha|100/100|[from] move: Wish|[wisher] Alomomola
|-damage|p2a: Sinistcha|88/100|[from] Salt Cure
|upkeep
|turn|26
|
|t:|1759013205
|switch|p2a: Munkidori|Munkidori, M|100/100
|move|p1a: Garganacl|Protect||[still]
|-fail|p1a: Garganacl
|
|upkeep
|turn|27
|
|t:|1759013213
|move|p2a: Munkidori|Hex|p1a: Garganacl
|-supereffective|p1a: Garganacl
|-damage|p1a: Garganacl|74/100
|move|p1a: Garganacl|Salt Cure|p2a: Munkidori
|-damage|p2a: Munkidori|77/100
|-start|p2a: Munkidori|Salt Cure
|
|-damage|p2a: Munkidori|65/100|[from] Salt Cure
|upkeep
|turn|28
|
|t:|1759013222
|switch|p2a: Alomomola|Alomomola, M|37/100 tox
|move|p1a: Garganacl|Salt Cure|p2a: Alomomola
|-damage|p2a: Alomomola|29/100 tox
|-start|p2a: Alomomola|Salt Cure
|
|-damage|p2a: Alomomola|23/100 tox|[from] psn
|-damage|p2a: Alomomola|0 fnt|[from] Salt Cure
|faint|p2a: Alomomola
|upkeep
|
|t:|1759013238
|switch|p2a: Entei|Entei|100/100
|turn|29
|
|t:|1759013247
|-terastallize|p2a: Entei|Normal
|move|p2a: Entei|Crunch|p1a: Garganacl
|-supereffective|p1a: Garganacl
|-damage|p1a: Garganacl|36/100
|move|p1a: Garganacl|Salt Cure|p2a: Entei
|-damage|p2a: Entei|84/100
|-start|p2a: Entei|Salt Cure
|
|-damage|p2a: Entei|72/100|[from] Salt Cure
|upkeep
|turn|30
|
|t:|1759013258
|switch|p1a: Corviknight|Corviknight, M|76/100
|move|p2a: Entei|Crunch|p1a: Corviknight
|-damage|p1a: Corviknight|52/100
|-damage|p2a: Entei|55/100|[from] item: Rocky Helmet|[of] p1a: Corviknight
|
|-damage|p2a: Entei|43/100|[from] Salt Cure
|upkeep
|turn|31
|
|t:|1759013271
|switch|p2a: Sinistcha|Sinistcha|88/100
|move|p1a: Corviknight|Roost|p1a: Corviknight
|-heal|p1a: Corviknight|100/100
|-singleturn|p1a: Corviknight|move: Roost
|
|upkeep
|turn|32
|
|t:|1759013283
|move|p1a: Corviknight|Drill Peck|p2a: Sinistcha
|-supereffective|p2a: Sinistcha
|-damage|p2a: Sinistcha|42/100
|-enditem|p2a: Sinistcha|Weakness Policy
|-boost|p2a: Sinistcha|atk|2|[from] item: Weakness Policy
|-boost|p2a: Sinistcha|spa|2|[from] item: Weakness Policy
|move|p2a: Sinistcha|Matcha Gotcha|p1a: Corviknight|[miss]
|-miss|p2a: Sinistcha|p1a: Corviknight
|
|upkeep
|turn|33
|
|t:|1759013292
|move|p1a: Corviknight|Drill Peck|p2a: Sinistcha
|-supereffective|p2a: Sinistcha
|-damage|p2a: Sinistcha|0 fnt
|faint|p2a: Sinistcha
|
|upkeep
|
|t:|1759013300
|switch|p2a: Entei|Entei, tera:Normal|43/100
|turn|34
|
|t:|1759013304
|switch|p1a: Dondozo|Dondozo, M|100/100
|move|p2a: Entei|Sacred Fire|p1a: Dondozo
|-resisted|p1a: Dondozo
|-damage|p1a: Dondozo|86/100
|
|upkeep
|turn|35
|c|☆presirulo|non
|
|t:|1759013313
|move|p2a: Entei|Sacred Fire|p1a: Dondozo
|-resisted|p1a: Dondozo
|-damage|p1a: Dondozo|70/100
|move|p1a: Dondozo|Avalanche|p2a: Entei
|-damage|p2a: Entei|10/100
|
|upkeep
|turn|36
|
|t:|1759013320
|move|p2a: Entei|Sacred Fire|p1a: Dondozo
|-resisted|p1a: Dondozo
|-damage|p1a: Dondozo|54/100
|move|p1a: Dondozo|Avalanche|p2a: Entei
|-damage|p2a: Entei|0 fnt
|faint|p2a: Entei
|
|upkeep
|
|t:|1759013327
|switch|p2a: Ogerpon|Ogerpon-Wellspring, F|7/100
|turn|37
|
|t:|1759013332
|move|p2a: Ogerpon|Horn Leech|p1a: Dondozo
|-supereffective|p1a: Dondozo
|-damage|p1a: Dondozo|2/100
|-heal|p2a: Ogerpon|45/100|[from] drain|[of] p1a: Dondozo
|-damage|p2a: Ogerpon|29/100|[from] item: Rocky Helmet|[of] p1a: Dondozo
|move|p1a: Dondozo|Rest|p1a: Dondozo
|-status|p1a: Dondozo|slp|[from] move: Rest
|-heal|p1a: Dondozo|100/100 slp|[silent]
|
|upkeep
|turn|38
|
|t:|1759013341
|switch|p1a: Corviknight|Corviknight, M|100/100
|move|p2a: Ogerpon|Swords Dance|p2a: Ogerpon
|-boost|p2a: Ogerpon|atk|2
|
|upkeep
|turn|39
|
|t:|1759013349
|move|p2a: Ogerpon|Knock Off|p1a: Corviknight
|-damage|p1a: Corviknight|34/100
|-damage|p2a: Ogerpon|12/100|[from] item: Rocky Helmet|[of] p1a: Corviknight
|-enditem|p1a: Corviknight|Rocky Helmet|[from] move: Knock Off|[of] p2a: Ogerpon
|move|p1a: Corviknight|Drill Peck|p2a: Ogerpon
|-supereffective|p2a: Ogerpon
|-damage|p2a: Ogerpon|0 fnt
|faint|p2a: Ogerpon
|
|upkeep
|
|t:|1759013356
|switch|p2a: Munkidori|Munkidori, M|65/100
|turn|40
|c|☆presirulo|nono
|
|t:|1759013361
|move|p2a: Munkidori|Focus Blast|p1a: Corviknight|[miss]
|-miss|p2a: Munkidori|p1a: Corviknight
|move|p1a: Corviknight|Roost|p1a: Corviknight
|-heal|p1a: Corviknight|84/100
|-singleturn|p1a: Corviknight|move: Roost
|
|upkeep
|turn|41
|-message|bowling12345 forfeited.
|
|win|presirulo
|raw|presirulo's rating: 1305 &rarr; <strong>1322</strong><br />(+17 for winning)
|raw|bowling12345's rating: 1249 &rarr; <strong>1228</strong><br />(-21 for losing)
|l|☆bowling12345
|player|p2|
|l|☆presirulo
|player|p1|
