|j|☆Kidday
|j|☆tigerking123
|t:|1759077498
|gametype|singles
|player|p1|Kidday|1|1171
|player|p2|tigerking123|265|1180
|gen|9
|tier|[Gen 9] OU
|rated|
|rule|HP Percentage Mod: HP is shown in percentages
|rule|Endless Battle Clause: Forcing endless battles is banned
|rule|Species Clause: Limit one of each Pokémon
|rule|OHKO Clause: OHKO moves are banned
|rule|Evasion Items Clause: Evasion items are banned
|rule|Evasion Moves Clause: Evasion moves are banned
|rule|Evasion Abilities Clause: Evasion abilities are banned
|rule|Sleep Moves Clause: Sleep-inducing moves are banned
|clearpoke
|poke|p1|Blastoise, M|
|poke|p1|Toxtricity-Low-Key, M|
|poke|p1|Golurk|
|poke|p1|Kingambit, M|
|poke|p1|Magmortar, M|
|poke|p1|Grimmsnarl, M|
|poke|p2|Rillaboom, F|
|poke|p2|Raging Bolt|
|poke|p2|Ogerpon-Cornerstone, F|
|poke|p2|Gholdengo|
|poke|p2|Primarina, F|
|poke|p2|Iron Valiant|
|teampreview
|
|t:|1759077517
|teamsize|p1|6
|teamsize|p2|6
|start
|switch|p1a: Grimmi|Grimmsnarl, M, shiny|100/100
|switch|p2a: Gholdengo|Gholdengo|100/100
|-item|p2a: Gholdengo|Air Balloon
|turn|1
|
|t:|1759077524
|move|p1a: Grimmi|Light Screen|p1a: Grimmi
|-sidestart|p1: Kidday|move: Light Screen
|move|p2a: Gholdengo|Make It Rain|p1a: Grimmi
|-supereffective|p1a: Grimmi
|-damage|p1a: Grimmi|36/100
|-unboost|p2a: Gholdengo|spa|1
|
|upkeep
|turn|2
|
|t:|1759077533
|switch|p1a: Ruby|Magmortar, M, shiny|100/100
|move|p2a: Gholdengo|Dazzling Gleam|p1a: Ruby
|-resisted|p1a: Ruby
|-damage|p1a: Ruby|97/100
|
|upkeep
|turn|3
|
|t:|1759077541
|move|p2a: Gholdengo|Power Gem|p1a: Ruby
|-supereffective|p1a: Ruby
|-damage|p1a: Ruby|84/100
|move|p1a: Ruby|Flamethrower|p2a: Gholdengo
|-supereffective|p2a: Gholdengo
|-crit|p2a: Gholdengo
|-damage|p2a: Gholdengo|0 fnt
|-enditem|p2a: Gholdengo|Air Balloon
|faint|p2a: Gholdengo
|
|upkeep
|
|t:|1759077555
|switch|p2a: Ogerpon|Ogerpon-Cornerstone, F|100/100
|turn|4
|
|t:|1759077569
|switch|p1a: DisBiSharp|Kingambit, M, shiny|100/100
|move|p2a: Ogerpon|Swords Dance|p2a: Ogerpon
|-boost|p2a: Ogerpon|atk|2
|
|upkeep
|turn|5
|
|t:|1759077577
|move|p2a: Ogerpon|Play Rough|p1a: DisBiSharp
|-damage|p1a: DisBiSharp|53/100
|move|p1a: DisBiSharp|Iron Head|p2a: Ogerpon
|-supereffective|p2a: Ogerpon
|-ability|p2a: Ogerpon|Sturdy
|-damage|p2a: Ogerpon|1/100
|
|upkeep
|turn|6
|
|t:|1759077584
|move|p1a: DisBiSharp|Sucker Punch||[still]
|-fail|p1a: DisBiSharp
|move|p2a: Ogerpon|Swords Dance|p2a: Ogerpon
|-boost|p2a: Ogerpon|atk|2
|
|upkeep
|turn|7
|
|t:|1759077588
|move|p1a: DisBiSharp|Sucker Punch|p2a: Ogerpon
|-damage|p2a: Ogerpon|0 fnt
|faint|p2a: Ogerpon
|
|upkeep
|
|t:|1759077595
|switch|p2a: Iron Valiant|Iron Valiant|100/100
|-enditem|p2a: Iron Valiant|Booster Energy
|-activate|p2a: Iron Valiant|ability: Quark Drive|[fromitem]
|-start|p2a: Iron Valiant|quarkdrivespe
|turn|8
|
|t:|1759077603
|-end|p1a: DisBiSharp|fallenundefined|[silent]
|switch|p1a: Saitama|Golurk, shiny|100/100
|move|p2a: Iron Valiant|Swords Dance|p2a: Iron Valiant
|-boost|p2a: Iron Valiant|atk|2
|
|-sideend|p1: Kidday|move: Light Screen
|upkeep
|turn|9
|
|t:|1759077609
|move|p2a: Iron Valiant|Leaf Blade|p1a: Saitama
|-supereffective|p1a: Saitama
|-damage|p1a: Saitama|0 fnt
|faint|p1a: Saitama
|
|upkeep
|
|t:|1759077613
|switch|p1a: Grimmi|Grimmsnarl, M, shiny|36/100
|turn|10
|
|t:|1759077632
|move|p1a: Grimmi|Reflect|p1a: Grimmi
|-sidestart|p1: Kidday|Reflect
|move|p2a: Iron Valiant|Leaf Blade|p1a: Grimmi
|-damage|p1a: Grimmi|7/100
|
|upkeep
|turn|11
|
|t:|1759077654
|move|p1a: Grimmi|Parting Shot|p2a: Iron Valiant
|-unboost|p2a: Iron Valiant|atk|1
|-unboost|p2a: Iron Valiant|spa|1
|
|t:|1759077662
|switch|p1a: Ruby|Magmortar, M, shiny|84/100|[from] Parting Shot
|move|p2a: Iron Valiant|Knock Off|p1a: Ruby
|-damage|p1a: Ruby|52/100
|-enditem|p1a: Ruby|Assault Vest|[from] move: Knock Off|[of] p2a: Iron Valiant
|
|upkeep
|turn|12
|
|t:|1759077672
|move|p2a: Iron Valiant|Swords Dance|p2a: Iron Valiant
|-boost|p2a: Iron Valiant|atk|2
|move|p1a: Ruby|Psychic|p2a: Iron Valiant
|-supereffective|p2a: Iron Valiant
|-crit|p2a: Iron Valiant
|-damage|p2a: Iron Valiant|0 fnt
|faint|p2a: Iron Valiant
|-end|p2a: Iron Valiant|Quark Drive|[silent]
|
|upkeep
|-message|tigerking123 forfeited.
|
|win|Kidday
|raw|Kidday's rating: 1171 &rarr; <strong>1197</strong><br />(+26 for winning)
|raw|tigerking123's rating: 1180 &rarr; <strong>1154</strong><br />(-26 for losing)
|l|☆tigerking123
|player|p2|
|l|☆Kidday
|player|p1|
