|j|☆otbobby999
|j|☆quartzion
|t:|1758917759
|gametype|singles
|player|p1|otbobby999|fisherman-gen4|1148
|player|p2|quartzion|169|1186
|gen|9
|tier|[Gen 9] OU
|rated|
|rule|HP Percentage Mod: HP is shown in percentages
|rule|Endless Battle Clause: Forcing endless battles is banned
|rule|Species Clause: Limit one of each Pokémon
|rule|OHKO Clause: OHKO moves are banned
|rule|Evasion Items Clause: Evasion items are banned
|rule|Evasion Moves Clause: Evasion moves are banned
|rule|Evasion Abilities Clause: Evasion abilities are banned
|rule|Sleep Moves Clause: Sleep-inducing moves are banned
|clearpoke
|poke|p1|Dragonite, F|
|poke|p1|Alomomola, F|
|poke|p1|Snorlax, F|
|poke|p1|Iron Moth|
|poke|p1|Iron Valiant|
|poke|p1|Mandibuzz, F|
|poke|p2|Cinccino, F|
|poke|p2|Serperior, F|
|poke|p2|Skeledirge, F|
|poke|p2|Quaquaval, M|
|poke|p2|Toxapex, F|
|poke|p2|Oricorio-Pom-Pom, F|
|teampreview
|inactive|Battle timer is ON: inactive players will automatically lose when time's up. (requested by quartzion)
|
|t:|1758917780
|teamsize|p1|6
|teamsize|p2|6
|start
|switch|p1a: Iron Valiant|Iron Valiant|100/100
|switch|p2a: Skeledirge|Skeledirge, F|100/100
|turn|1
|
|t:|1758917790
|move|p1a: Iron Valiant|Shadow Ball|p2a: Skeledirge
|-supereffective|p2a: Skeledirge
|-damage|p2a: Skeledirge|33/100
|move|p2a: Skeledirge|Flame Charge|p1a: Iron Valiant
|-damage|p1a: Iron Valiant|84/100
|-boost|p2a: Skeledirge|spe|1
|
|upkeep
|turn|2
|
|t:|1758917798
|move|p2a: Skeledirge|Torch Song|p1a: Iron Valiant
|-damage|p1a: Iron Valiant|9/100
|-boost|p2a: Skeledirge|spa|1
|move|p1a: Iron Valiant|Shadow Ball|p2a: Skeledirge
|-supereffective|p2a: Skeledirge
|-damage|p2a: Skeledirge|0 fnt
|faint|p2a: Skeledirge
|
|upkeep
|
|t:|1758917807
|switch|p2a: Quaquaval|Quaquaval, M|100/100
|turn|3
|
|t:|1758917819
|-end|p1a: Iron Valiant|Quark Drive|[silent]
|switch|p1a: Mandibuzz|Mandibuzz, F|100/100
|move|p2a: Quaquaval|Aqua Step|p1a: Mandibuzz
|-damage|p1a: Mandibuzz|78/100
|-boost|p2a: Quaquaval|spe|1
|
|upkeep
|turn|4
|
|t:|1758917827
|move|p2a: Quaquaval|Ice Spinner|p1a: Mandibuzz
|-supereffective|p1a: Mandibuzz
|-damage|p1a: Mandibuzz|47/100
|move|p1a: Mandibuzz|Knock Off|p2a: Quaquaval
|-resisted|p2a: Quaquaval
|-crit|p2a: Quaquaval
|-damage|p2a: Quaquaval|77/100
|-enditem|p2a: Quaquaval|White Herb|[from] move: Knock Off|[of] p1a: Mandibuzz
|
|upkeep
|turn|5
|
|t:|1758917840
|switch|p1a: Alomomola|Alomomola, F|100/100
|move|p2a: Quaquaval|Close Combat|p1a: Alomomola
|-damage|p1a: Alomomola|71/100
|-unboost|p2a: Quaquaval|def|1
|-unboost|p2a: Quaquaval|spd|1
|
|-heal|p1a: Alomomola|77/100|[from] item: Leftovers
|upkeep
|turn|6
|
|t:|1758917858
|move|p2a: Quaquaval|Acrobatics|p1a: Alomomola
|-damage|p1a: Alomomola|56/100
|move|p1a: Alomomola|Wish|p1a: Alomomola
|
|-heal|p1a: Alomomola|62/100|[from] item: Leftovers
|upkeep
|turn|7
|
|t:|1758917864
|switch|p2a: Oricorio|Oricorio-Pom-Pom, F|100/100
|switch|p1a: Iron Valiant|Iron Valiant|9/100
|
|-heal|p1a: Iron Valiant|100/100|[from] move: Wish|[wisher] Alomomola
|upkeep
|turn|8
|
|t:|1758917883
|-end|p1a: Iron Valiant|Quark Drive|[silent]
|switch|p1a: Snorlax|Snorlax, F|100/100
|move|p2a: Oricorio|Quiver Dance|p2a: Oricorio
|-boost|p2a: Oricorio|spa|1
|-boost|p2a: Oricorio|spd|1
|-boost|p2a: Oricorio|spe|1
|
|upkeep
|turn|9
|inactive|quartzion has 120 seconds left.
|inactive|quartzion has 90 seconds left.
|
|t:|1758917945
|move|p2a: Oricorio|Quiver Dance|p2a: Oricorio
|-boost|p2a: Oricorio|spa|1
|-boost|p2a: Oricorio|spd|1
|-boost|p2a: Oricorio|spe|1
|move|p1a: Snorlax|Body Slam|p2a: Oricorio
|-damage|p2a: Oricorio|50/100
|
|-heal|p2a: Oricorio|56/100|[from] item: Leftovers
|upkeep
|turn|10
|
|t:|1758917954
|move|p2a: Oricorio|Revelation Dance|p1a: Snorlax
|-damage|p1a: Snorlax|63/100
|move|p1a: Snorlax|Body Slam|p2a: Oricorio
|-damage|p2a: Oricorio|6/100
|
|-heal|p2a: Oricorio|12/100|[from] item: Leftovers
|-heal|p1a: Snorlax|69/100|[from] item: Leftovers
|upkeep
|turn|11
|
|t:|1758917963
|move|p2a: Oricorio|Air Slash|p1a: Snorlax
|-damage|p1a: Snorlax|38/100
|move|p1a: Snorlax|Body Slam|p2a: Oricorio
|-damage|p2a: Oricorio|0 fnt
|faint|p2a: Oricorio
|
|-heal|p1a: Snorlax|44/100|[from] item: Leftovers
|upkeep
|inactive|quartzion has 90 seconds left.
|
|t:|1758917979
|switch|p2a: Quaquaval|Quaquaval, M|77/100
|turn|12
|
|t:|1758917984
|switch|p1a: Alomomola|Alomomola, F|95/100
|move|p2a: Quaquaval|Aqua Step|p1a: Alomomola
|-resisted|p1a: Alomomola
|-damage|p1a: Alomomola|85/100
|-boost|p2a: Quaquaval|spe|1
|
|-heal|p1a: Alomomola|91/100|[from] item: Leftovers
|upkeep
|turn|13
|
|t:|1758917993
|switch|p2a: Toxapex|Toxapex, F|100/100
|move|p1a: Alomomola|Waterfall|p2a: Toxapex
|-resisted|p2a: Toxapex
|-damage|p2a: Toxapex|94/100
|
|-heal|p1a: Alomomola|98/100|[from] item: Leftovers
|-heal|p2a: Toxapex|99/100|[from] item: Leftovers
|upkeep
|turn|14
|
|t:|1758918011
|switch|p1a: Mandibuzz|Mandibuzz, F|47/100
|move|p2a: Toxapex|Toxic|p1a: Mandibuzz
|-status|p1a: Mandibuzz|tox
|
|-heal|p2a: Toxapex|100/100|[from] item: Leftovers
|-damage|p1a: Mandibuzz|40/100 tox|[from] psn
|upkeep
|turn|15
|inactive|quartzion has 120 seconds left.
|
|t:|1758918020
|move|p1a: Mandibuzz|Knock Off|p2a: Toxapex
|-damage|p2a: Toxapex|84/100
|-enditem|p2a: Toxapex|Leftovers|[from] move: Knock Off|[of] p1a: Mandibuzz
|move|p2a: Toxapex|Poison Jab|p1a: Mandibuzz
|-damage|p1a: Mandibuzz|31/100 tox
|
|-damage|p1a: Mandibuzz|18/100 tox|[from] psn
|upkeep
|turn|16
|
|t:|1758918028
|move|p1a: Mandibuzz|Foul Play|p2a: Toxapex
|-damage|p2a: Toxapex|69/100
|move|p2a: Toxapex|Recover|p2a: Toxapex
|-heal|p2a: Toxapex|100/100
|
|-damage|p1a: Mandibuzz|0 fnt|[from] psn
|faint|p1a: Mandibuzz
|upkeep
|
|t:|1758918036
|switch|p1a: Dragonite|Dragonite, F|100/100
|turn|17
|
|t:|1758918043
|move|p1a: Dragonite|Earthquake|p2a: Toxapex
|-supereffective|p2a: Toxapex
|-damage|p2a: Toxapex|54/100
|move|p2a: Toxapex|Toxic|p1a: Dragonite
|-status|p1a: Dragonite|tox
|
|-damage|p1a: Dragonite|94/100 tox|[from] psn
|upkeep
|turn|18
|
|t:|1758918050
|move|p1a: Dragonite|Earthquake|p2a: Toxapex
|-supereffective|p2a: Toxapex
|-damage|p2a: Toxapex|8/100
|move|p2a: Toxapex|Recover|p2a: Toxapex
|-heal|p2a: Toxapex|58/100
|
|-heal|p1a: Dragonite|100/100 tox|[from] item: Leftovers
|-damage|p1a: Dragonite|88/100 tox|[from] psn
|upkeep
|turn|19
|
|t:|1758918060
|move|p1a: Dragonite|Earthquake|p2a: Toxapex
|-supereffective|p2a: Toxapex
|-damage|p2a: Toxapex|10/100
|move|p2a: Toxapex|Recover|p2a: Toxapex
|-heal|p2a: Toxapex|60/100
|
|-heal|p1a: Dragonite|94/100 tox|[from] item: Leftovers
|-damage|p1a: Dragonite|76/100 tox|[from] psn
|upkeep
|turn|20
|
|t:|1758918070
|switch|p1a: Snorlax|Snorlax, F|44/100
|move|p2a: Toxapex|Recover|p2a: Toxapex
|-heal|p2a: Toxapex|100/100
|
|-heal|p1a: Snorlax|50/100|[from] item: Leftovers
|upkeep
|turn|21
|
|t:|1758918079
|move|p2a: Toxapex|Toxic|p1a: Snorlax
|-status|p1a: Snorlax|tox
|move|p1a: Snorlax|Rest|p1a: Snorlax
|-status|p1a: Snorlax|slp|[from] move: Rest
|-heal|p1a: Snorlax|100/100 slp|[silent]
|
|upkeep
|turn|22
|
|t:|1758918085
|switch|p2a: Cinccino|Cinccino, F|100/100
|cant|p1a: Snorlax|slp
|
|upkeep
|turn|23
|
|t:|1758918091
|switch|p1a: Alomomola|Alomomola, F|100/100
|move|p2a: Cinccino|Tidy Up|p2a: Cinccino
|-boost|p2a: Cinccino|atk|1
|-boost|p2a: Cinccino|spe|1
|
|upkeep
|turn|24
|
|t:|1758918099
|move|p2a: Cinccino|Tail Slap|p1a: Alomomola
|-damage|p1a: Alomomola|89/100
|-damage|p1a: Alomomola|75/100
|-damage|p1a: Alomomola|62/100
|-damage|p1a: Alomomola|50/100
|-hitcount|p1a: Alomomola|4
|move|p1a: Alomomola|Waterfall|p2a: Cinccino
|-damage|p2a: Cinccino|60/100
|
|-heal|p1a: Alomomola|56/100|[from] item: Leftovers
|upkeep
|turn|25
|
|t:|1758918115
|move|p2a: Cinccino|Tail Slap|p1a: Alomomola
|-damage|p1a: Alomomola|43/100
|-damage|p1a: Alomomola|31/100
|-damage|p1a: Alomomola|19/100
|-damage|p1a: Alomomola|6/100
|-damage|p1a: Alomomola|0 fnt
|faint|p1a: Alomomola
|-hitcount|p1: Alomomola|5
|
|upkeep
|
|t:|1758918124
|switch|p1a: Snorlax|Snorlax, F|100/100 slp
|turn|26
|
|t:|1758918129
|move|p2a: Cinccino|Tidy Up|p2a: Cinccino
|-boost|p2a: Cinccino|atk|1
|-boost|p2a: Cinccino|spe|1
|cant|p1a: Snorlax|slp
|
|upkeep
|turn|27
|
|t:|1758918140
|-terastallize|p2a: Cinccino|Ghost
|move|p2a: Cinccino|Tidy Up|p2a: Cinccino
|-boost|p2a: Cinccino|atk|1
|-boost|p2a: Cinccino|spe|1
|-curestatus|p1a: Snorlax|slp|[msg]
|move|p1a: Snorlax|Heat Crash|p2a: Cinccino
|-damage|p2a: Cinccino|4/100
|
|upkeep
|turn|28
|
|t:|1758918149
|move|p2a: Cinccino|Tail Slap|p1a: Snorlax|[miss]
|-miss|p2a: Cinccino|p1a: Snorlax
|move|p1a: Snorlax|Heat Crash|p2a: Cinccino
|-damage|p2a: Cinccino|0 fnt
|faint|p2a: Cinccino
|
|upkeep
|
|t:|1758918158
|switch|p2a: Quaquaval|Quaquaval, M|77/100
|turn|29
|
|t:|1758918165
|-terastallize|p1a: Snorlax|Psychic
|move|p2a: Quaquaval|Aqua Step|p1a: Snorlax
|-damage|p1a: Snorlax|65/100
|-boost|p2a: Quaquaval|spe|1
|move|p1a: Snorlax|Body Slam|p2a: Quaquaval
|-damage|p2a: Quaquaval|39/100
|
|-heal|p1a: Snorlax|71/100|[from] item: Leftovers
|upkeep
|turn|30
|
|t:|1758918174
|move|p2a: Quaquaval|Acrobatics|p1a: Snorlax
|-damage|p1a: Snorlax|35/100
|move|p1a: Snorlax|Curse|p1a: Snorlax
|-unboost|p1a: Snorlax|spe|1
|-boost|p1a: Snorlax|atk|1
|-boost|p1a: Snorlax|def|1
|
|-heal|p1a: Snorlax|41/100|[from] item: Leftovers
|upkeep
|turn|31
|
|t:|1758918183
|move|p2a: Quaquaval|Aqua Step|p1a: Snorlax
|-damage|p1a: Snorlax|16/100
|-boost|p2a: Quaquaval|spe|1
|move|p1a: Snorlax|Body Slam|p2a: Quaquaval
|-damage|p2a: Quaquaval|0 fnt
|faint|p2a: Quaquaval
|
|-heal|p1a: Snorlax|22/100|[from] item: Leftovers
|upkeep
|
|t:|1758918187
|switch|p2a: Serperior|Serperior, F|100/100
|turn|32
|
|t:|1758918193
|move|p2a: Serperior|Leaf Storm|p1a: Snorlax
|-damage|p1a: Snorlax|0 fnt
|-boost|p2a: Serperior|spa|2
|faint|p1a: Snorlax
|
|upkeep
|l|☆otbobby999
|inactive|otbobby999 disconnected and has a minute to reconnect!
|player|p1|
|inactive|otbobby999 has 30 seconds to reconnect!
|inactive|otbobby999 has 20 seconds to reconnect!
|inactive|otbobby999 has 15 seconds to reconnect!
|inactive|otbobby999 has 10 seconds to reconnect!
|inactive|otbobby999 has 5 seconds to reconnect!
|-message|otbobby999 lost due to inactivity.
|
|win|quartzion
|raw|otbobby999's rating: 1148 &rarr; <strong>1128</strong><br />(-20 for losing)
|raw|quartzion's rating: 1213 &rarr; <strong>1233</strong><br />(+20 for winning)
|l|☆quartzion
|player|p2|
