|j|☆naxduck
|j|☆Poomph
|t:|1759038175
|gametype|singles
|player|p1|naxduck|265|1529
|player|p2|Poomph|irida|1487
|gen|9
|tier|[Gen 9] OU
|rated|
|rule|HP Percentage Mod: HP is shown in percentages
|rule|Endless Battle Clause: Forcing endless battles is banned
|rule|Species Clause: Limit one of each Pokémon
|rule|OHKO Clause: OHKO moves are banned
|rule|Evasion Items Clause: Evasion items are banned
|rule|Evasion Moves Clause: Evasion moves are banned
|rule|Evasion Abilities Clause: Evasion abilities are banned
|rule|Sleep Moves Clause: Sleep-inducing moves are banned
|clearpoke
|poke|p1|Raging Bolt|
|poke|p1|Iron Crown|
|poke|p1|Alomomola, F|
|poke|p1|Ogerpon-Wellspring, F|
|poke|p1|Weezing-Galar, F|
|poke|p1|Ting-Lu|
|poke|p2|Great Tusk|
|poke|p2|Ogerpon-Cornerstone, F|
|poke|p2|Raging Bolt|
|poke|p2|Ceruledge, F|
|poke|p2|Ribombee, F|
|poke|p2|Gholdengo|
|teampreview
|inactive|Battle timer is ON: inactive players will automatically lose when time's up. (requested by naxduck)
|inactive|Poomph has 120 seconds left.
|
|t:|1759038214
|teamsize|p1|6
|teamsize|p2|6
|start
|switch|p1a: Iron Crown|Iron Crown|100/100
|switch|p2a: BALL BREAKER|Ogerpon-Cornerstone, F|100/100
|turn|1
|
|t:|1759038231
|switch|p2a: Gholdengo|Gholdengo|100/100
|-item|p2a: Gholdengo|Air Balloon
|move|p1a: Iron Crown|Tachyon Cutter|p2a: Gholdengo
|-resisted|p2a: Gholdengo
|-damage|p2a: Gholdengo|87/100
|-enditem|p2a: Gholdengo|Air Balloon
|-resisted|p2a: Gholdengo
|-damage|p2a: Gholdengo|73/100
|-hitcount|p2a: Gholdengo|2
|
|upkeep
|turn|2
|
|t:|1759038237
|move|p1a: Iron Crown|Volt Switch|p2a: Gholdengo
|-damage|p2a: Gholdengo|50/100
|
|t:|1759038241
|-end|p1a: Iron Crown|Quark Drive|[silent]
|switch|p1a: TingBert Lu|Ting-Lu|100/100|[from] Volt Switch
|-ability|p1a: TingBert Lu|Vessel of Ruin
|move|p2a: Gholdengo|Shadow Ball|p1a: TingBert Lu
|-resisted|p1a: TingBert Lu
|-damage|p1a: TingBert Lu|90/100
|-unboost|p1a: TingBert Lu|spd|1
|
|-heal|p1a: TingBert Lu|96/100|[from] item: Leftovers
|upkeep
|turn|3
|
|t:|1759038245
|move|p2a: Gholdengo|Focus Blast|p1a: TingBert Lu
|-supereffective|p1a: TingBert Lu
|-damage|p1a: TingBert Lu|40/100
|move|p1a: TingBert Lu|Stealth Rock|p2a: Gholdengo
|-sidestart|p2: Poomph|move: Stealth Rock
|
|-heal|p1a: TingBert Lu|47/100|[from] item: Leftovers
|upkeep
|turn|4
|
|t:|1759038249
|switch|p1a: Alomomola|Alomomola, F|100/100
|move|p2a: Gholdengo|Focus Blast|p1a: Alomomola
|-damage|p1a: Alomomola|59/100
|
|upkeep
|turn|5
|
|t:|1759038258
|move|p2a: Gholdengo|Shadow Ball|p1a: Alomomola
|-damage|p1a: Alomomola|19/100
|move|p1a: Alomomola|Flip Turn|p2a: Gholdengo
|-damage|p2a: Gholdengo|32/100
|
|t:|1759038269
|switch|p1a: Raging Bolt|Raging Bolt|100/100|[from] Flip Turn
|
|upkeep
|turn|6
|
|t:|1759038282
|move|p2a: Gholdengo|Nasty Plot|p2a: Gholdengo
|-boost|p2a: Gholdengo|spa|2
|move|p1a: Raging Bolt|Volt Switch|p2a: Gholdengo
|-damage|p2a: Gholdengo|0 fnt
|faint|p2a: Gholdengo
|
|t:|1759038291
|-end|p1a: Raging Bolt|Protosynthesis|[silent]
|switch|p1a: Iron Crown|Iron Crown|100/100|[from] Volt Switch
|
|upkeep
|
|t:|1759038308
|switch|p2a: One Thousand Birds|Raging Bolt|100/100
|-damage|p2a: One Thousand Birds|88/100|[from] Stealth Rock
|-enditem|p2a: One Thousand Birds|Booster Energy
|-activate|p2a: One Thousand Birds|ability: Protosynthesis|[fromitem]
|-start|p2a: One Thousand Birds|protosynthesisspa
|turn|7
|
|t:|1759038314
|move|p1a: Iron Crown|Volt Switch|p2a: One Thousand Birds
|-resisted|p2a: One Thousand Birds
|-damage|p2a: One Thousand Birds|82/100
|
|t:|1759038316
|-end|p1a: Iron Crown|Quark Drive|[silent]
|switch|p1a: TingBert Lu|Ting-Lu|47/100|[from] Volt Switch
|-ability|p1a: TingBert Lu|Vessel of Ruin
|move|p2a: One Thousand Birds|Thunderbolt|p1a: TingBert Lu
|-immune|p1a: TingBert Lu
|
|-heal|p1a: TingBert Lu|53/100|[from] item: Leftovers
|upkeep
|turn|8
|
|t:|1759038321
|move|p2a: One Thousand Birds|Calm Mind|p2a: One Thousand Birds
|-boost|p2a: One Thousand Birds|spa|1
|-boost|p2a: One Thousand Birds|spd|1
|move|p1a: TingBert Lu|Whirlwind|p2a: One Thousand Birds
|-end|p2a: One Thousand Birds|Protosynthesis|[silent]
|drag|p2a: Mega Man Zero 2|Ceruledge, F, shiny|100/100
|-damage|p2a: Mega Man Zero 2|76/100|[from] Stealth Rock
|
|-heal|p1a: TingBert Lu|59/100|[from] item: Leftovers
|upkeep
|turn|9
|
|t:|1759038331
|move|p2a: Mega Man Zero 2|Swords Dance|p2a: Mega Man Zero 2
|-boost|p2a: Mega Man Zero 2|atk|2
|move|p1a: TingBert Lu|Earthquake|p2a: Mega Man Zero 2
|-supereffective|p2a: Mega Man Zero 2
|-damage|p2a: Mega Man Zero 2|0 fnt
|faint|p2a: Mega Man Zero 2
|
|-heal|p1a: TingBert Lu|65/100|[from] item: Leftovers
|upkeep
|c|☆naxduck|yay ting bert lu
|
|t:|1759038334
|switch|p2a: TUSK|Great Tusk|100/100
|-damage|p2a: TUSK|98/100|[from] Stealth Rock
|-enditem|p2a: TUSK|Booster Energy
|-activate|p2a: TUSK|ability: Protosynthesis|[fromitem]
|-start|p2a: TUSK|protosynthesisatk
|turn|10
|
|t:|1759038343
|switch|p1a: Ogerpon|Ogerpon-Wellspring, F|100/100
|move|p2a: TUSK|Rapid Spin|p1a: Ogerpon
|-damage|p1a: Ogerpon|69/100
|-boost|p2a: TUSK|spe|1
|-sideend|p2: Poomph|Stealth Rock|[from] move: Rapid Spin|[of] p2a: TUSK
|
|upkeep
|turn|11
|
|t:|1759038347
|move|p2a: TUSK|Close Combat|p1a: Ogerpon
|-damage|p1a: Ogerpon|0 fnt
|-unboost|p2a: TUSK|def|1
|-unboost|p2a: TUSK|spd|1
|faint|p1a: Ogerpon
|
|upkeep
|
|t:|1759038358
|switch|p1a: Alomomola|Alomomola, F|52/100
|turn|12
|
|t:|1759038366
|move|p2a: TUSK|Close Combat|p1a: Alomomola
|-damage|p1a: Alomomola|4/100
|-unboost|p2a: TUSK|def|1
|-unboost|p2a: TUSK|spd|1
|move|p1a: Alomomola|Flip Turn|p2a: TUSK
|-supereffective|p2a: TUSK
|-damage|p2a: TUSK|48/100
|
|t:|1759038373
|switch|p1a: Weezing|Weezing-Galar, F|100/100|[from] Flip Turn
|-ability|p1a: Weezing|Neutralizing Gas
|
|upkeep
|turn|13
|
|t:|1759038377
|move|p2a: TUSK|Headlong Rush|p1a: Weezing
|-supereffective|p1a: Weezing
|-damage|p1a: Weezing|20/100
|-unboost|p2a: TUSK|def|1
|-unboost|p2a: TUSK|spd|1
|move|p1a: Weezing|Sludge Bomb|p2a: TUSK
|-resisted|p2a: TUSK
|-damage|p2a: TUSK|0 fnt
|faint|p2a: TUSK
|-end|p2a: TUSK|Protosynthesis|[silent]
|
|upkeep
|c|☆naxduck|is this a jojo reference
|
|t:|1759038402
|switch|p2a: BALL BREAKER|Ogerpon-Cornerstone, F|100/100
|turn|14
|
|t:|1759038405
|move|p2a: BALL BREAKER|Ivy Cudgel|p1a: Weezing|[anim] Ivy Cudgel Rock
|-damage|p1a: Weezing|0 fnt
|faint|p1a: Weezing
|-end|p1a: Weezing|ability: Neutralizing Gas
|
|upkeep
|
|t:|1759038407
|switch|p1a: Iron Crown|Iron Crown|100/100
|turn|15
|c|☆Poomph|does the cornerstone name answer the question lol
|
|t:|1759038426
|move|p1a: Iron Crown|Tachyon Cutter|p2a: BALL BREAKER
|-supereffective|p2a: BALL BREAKER
|-damage|p2a: BALL BREAKER|43/100
|-supereffective|p2a: BALL BREAKER
|-damage|p2a: BALL BREAKER|0 fnt
|faint|p2a: BALL BREAKER
|-hitcount|p2: BALL BREAKER|2
|
|upkeep
|c|☆naxduck|idk you could just really lik acdc
|c|☆Poomph|true
|
|t:|1759038434
|switch|p2a: One Thousand Birds|Raging Bolt|82/100
|turn|16
|
|t:|1759038439
|move|p1a: Iron Crown|Volt Switch|p2a: One Thousand Birds
|-resisted|p2a: One Thousand Birds
|-crit|p2a: One Thousand Birds
|-damage|p2a: One Thousand Birds|74/100
|
|t:|1759038441
|-end|p1a: Iron Crown|Quark Drive|[silent]
|switch|p1a: TingBert Lu|Ting-Lu|65/100|[from] Volt Switch
|-ability|p1a: TingBert Lu|Vessel of Ruin
|move|p2a: One Thousand Birds|Calm Mind|p2a: One Thousand Birds
|-boost|p2a: One Thousand Birds|spa|1
|-boost|p2a: One Thousand Birds|spd|1
|
|-heal|p1a: TingBert Lu|72/100|[from] item: Leftovers
|upkeep
|turn|17
|
|t:|1759038452
|-terastallize|p2a: One Thousand Birds|Bug
|move|p2a: One Thousand Birds|Dragon Pulse|p1a: TingBert Lu
|-damage|p1a: TingBert Lu|40/100
|move|p1a: TingBert Lu|Earthquake|p2a: One Thousand Birds
|-resisted|p2a: One Thousand Birds
|-damage|p2a: One Thousand Birds|58/100
|
|-heal|p1a: TingBert Lu|46/100|[from] item: Leftovers
|upkeep
|turn|18
|
|t:|1759038458
|move|p2a: One Thousand Birds|Dragon Pulse|p1a: TingBert Lu
|-damage|p1a: TingBert Lu|16/100
|move|p1a: TingBert Lu|Whirlwind|p2a: One Thousand Birds
|-end|p2a: One Thousand Birds|Protosynthesis|[silent]
|drag|p2a: Ribombee|Ribombee, F, shiny|100/100
|
|-heal|p1a: TingBert Lu|22/100|[from] item: Leftovers
|upkeep
|turn|19
|
|t:|1759038471
|switch|p1a: Iron Crown|Iron Crown|100/100
|move|p2a: Ribombee|Sticky Web|p1a: Iron Crown
|-sidestart|p1: naxduck|move: Sticky Web
|
|upkeep
|turn|20
|
|t:|1759038475
|move|p2a: Ribombee|Moonblast|p1a: Iron Crown
|-resisted|p1a: Iron Crown
|-damage|p1a: Iron Crown|88/100
|move|p1a: Iron Crown|Tachyon Cutter|p2a: Ribombee
|-supereffective|p2a: Ribombee
|-damage|p2a: Ribombee|15/100
|-supereffective|p2a: Ribombee
|-damage|p2a: Ribombee|0 fnt
|faint|p2a: Ribombee
|-hitcount|p2: Ribombee|2
|
|upkeep
|
|t:|1759038477
|switch|p2a: One Thousand Birds|Raging Bolt, tera:Bug|58/100
|turn|21
|
|t:|1759038483
|move|p1a: Iron Crown|Future Sight|p2a: One Thousand Birds
|-start|p1a: Iron Crown|move: Future Sight
|move|p2a: One Thousand Birds|Thunderbolt|p1a: Iron Crown
|-damage|p1a: Iron Crown|56/100
|
|upkeep
|turn|22
|
|t:|1759038488
|move|p1a: Iron Crown|Tachyon Cutter|p2a: One Thousand Birds
|-damage|p2a: One Thousand Birds|34/100
|-damage|p2a: One Thousand Birds|10/100
|-hitcount|p2a: One Thousand Birds|2
|move|p2a: One Thousand Birds|Thunderbolt|p1a: Iron Crown
|-damage|p1a: Iron Crown|20/100
|
|upkeep
|turn|23
|c|☆Poomph|ggwp
|
|t:|1759038494
|move|p1a: Iron Crown|Tachyon Cutter|p2a: One Thousand Birds
|-damage|p2a: One Thousand Birds|0 fnt
|faint|p2a: One Thousand Birds
|-end|p2a: One Thousand Birds|Protosynthesis|[silent]
|-hitcount|p2: One Thousand Birds|1
|
|win|naxduck
|raw|naxduck's rating: 1529 &rarr; <strong>1547</strong><br />(+18 for winning)
|raw|Poomph's rating: 1487 &rarr; <strong>1469</strong><br />(-18 for losing)
|l|☆Poomph
|player|p2|
|c|☆naxduck|ggs
|l|☆naxduck
|player|p1|
