|j|☆caeluskasai
|j|☆maxbiatch
|t:|1759035502
|gametype|singles
|player|p1|caeluskasai|burglar|1269
|player|p2|maxbiatch|101|1280
|gen|9
|tier|[Gen 9] OU
|rated|
|rule|HP Percentage Mod: HP is shown in percentages
|rule|Endless Battle Clause: Forcing endless battles is banned
|rule|Species Clause: Limit one of each Pokémon
|rule|OHKO Clause: OHKO moves are banned
|rule|Evasion Items Clause: Evasion items are banned
|rule|Evasion Moves Clause: Evasion moves are banned
|rule|Evasion Abilities Clause: Evasion abilities are banned
|rule|Sleep Moves Clause: Sleep-inducing moves are banned
|clearpoke
|poke|p1|Araquanid, M|
|poke|p1|Kleavor, F|
|poke|p1|Slither Wing|
|poke|p1|Yanmega, M|
|poke|p1|Galvantula, M|
|poke|p1|Vikavolt, F|
|poke|p2|Heatran, F|
|poke|p2|Ogerpon-Wellspring, F|
|poke|p2|Rillaboom, M|
|poke|p2|Dragapult, F|
|poke|p2|Clefable, F|
|poke|p2|Great Tusk|
|teampreview
|
|t:|1759035515
|teamsize|p1|6
|teamsize|p2|6
|start
|switch|p1a: Galvantula|Galvantula, M|100/100
|switch|p2a: Dragapult|Dragapult, F, shiny|100/100
|turn|1
|
|t:|1759035518
|move|p2a: Dragapult|Dragon Darts|p1a: Galvantula
|-damage|p1a: Galvantula|61/100
|-anim|p2a: Dragapult|Dragon Darts|p1a: Galvantula
|-damage|p1a: Galvantula|21/100
|move|p1a: Galvantula|Sticky Web|p2a: Dragapult
|-sidestart|p2: maxbiatch|move: Sticky Web
|
|upkeep
|turn|2
|
|t:|1759035528
|move|p2a: Dragapult|Dragon Darts|p1a: Galvantula
|-damage|p1a: Galvantula|0 fnt
|faint|p1a: Galvantula
|
|upkeep
|
|t:|1759035540
|switch|p1a: Kleavor|Kleavor, F|100/100
|turn|3
|
|t:|1759035544
|move|p2a: Dragapult|Will-O-Wisp|p1a: Kleavor|[miss]
|-miss|p2a: Dragapult|p1a: Kleavor
|move|p1a: Kleavor|Stone Axe|p2a: Dragapult
|-damage|p2a: Dragapult|27/100
|-sidestart|p2: maxbiatch|move: Stealth Rock
|
|upkeep
|turn|4
|
|t:|1759035561
|move|p2a: Dragapult|Will-O-Wisp|p1a: Kleavor
|-status|p1a: Kleavor|brn
|move|p1a: Kleavor|Dual Wingbeat|p2a: Dragapult|[miss]
|-miss|p1a: Kleavor|p2a: Dragapult
|
|-damage|p1a: Kleavor|94/100 brn|[from] brn
|upkeep
|turn|5
|
|t:|1759035571
|move|p2a: Dragapult|Hex|p1a: Kleavor
|-damage|p1a: Kleavor|29/100 brn
|move|p1a: Kleavor|Stone Axe|p2a: Dragapult|[miss]
|-miss|p1a: Kleavor|p2a: Dragapult
|
|-damage|p1a: Kleavor|23/100 brn|[from] brn
|upkeep
|turn|6
|
|t:|1759035576
|move|p2a: Dragapult|Hex|p1a: Kleavor
|-damage|p1a: Kleavor|0 fnt
|faint|p1a: Kleavor
|
|upkeep
|
|t:|1759035580
|switch|p1a: Yanmega|Yanmega, M|100/100
|turn|7
|
|t:|1759035583
|move|p1a: Yanmega|Protect|p1a: Yanmega
|-singleturn|p1a: Yanmega|Protect
|move|p2a: Dragapult|Dragon Darts|p1a: Yanmega
|-activate|p1a: Yanmega|move: Protect
|
|-ability|p1a: Yanmega|Speed Boost|boost
|-boost|p1a: Yanmega|spe|1
|upkeep
|turn|8
|
|t:|1759035587
|move|p1a: Yanmega|Air Slash|p2a: Dragapult
|-crit|p2a: Dragapult
|-damage|p2a: Dragapult|0 fnt
|faint|p2a: Dragapult
|-damage|p1a: Yanmega|91/100|[from] item: Life Orb
|
|-ability|p1a: Yanmega|Speed Boost|boost
|-boost|p1a: Yanmega|spe|1
|upkeep
|
|t:|1759035597
|switch|p2a: Heatran|Heatran, F, shiny|100/100
|-damage|p2a: Heatran|88/100|[from] Stealth Rock
|-item|p2a: Heatran|Air Balloon
|turn|9
|
|t:|1759035600
|switch|p1a: Araquanid|Araquanid, M|100/100
|move|p2a: Heatran|Lava Plume|p1a: Araquanid
|-damage|p1a: Araquanid|85/100
|
|upkeep
|turn|10
|
|t:|1759035606
|switch|p2a: Clefable|Clefable, F, shiny|100/100
|move|p1a: Araquanid|Liquidation|p2a: Clefable
|-crit|p2a: Clefable
|-damage|p2a: Clefable|26/100
|-unboost|p2a: Clefable|def|1
|
|upkeep
|turn|11
|
|t:|1759035616
|move|p2a: Clefable|Thunder Wave|p1a: Araquanid
|-status|p1a: Araquanid|par
|move|p1a: Araquanid|Liquidation|p2a: Clefable
|-damage|p2a: Clefable|0 fnt
|faint|p2a: Clefable
|
|upkeep
|
|t:|1759035627
|switch|p2a: Rillaboom|Rillaboom, M, shiny|100/100
|-activate|p2a: Rillaboom|move: Sticky Web
|-unboost|p2a: Rillaboom|spe|1
|-damage|p2a: Rillaboom|88/100|[from] Stealth Rock
|-fieldstart|move: Grassy Terrain|[from] ability: Grassy Surge|[of] p2a: Rillaboom
|turn|12
|
|t:|1759035633
|switch|p1a: Yanmega|Yanmega, M|91/100
|move|p2a: Rillaboom|Wood Hammer|p1a: Yanmega
|-resisted|p1a: Yanmega
|-damage|p1a: Yanmega|64/100
|-damage|p2a: Rillaboom|81/100|[from] Recoil
|
|-heal|p2a: Rillaboom|87/100|[from] Grassy Terrain
|upkeep
|turn|13
|
|t:|1759035637
|move|p1a: Yanmega|Air Slash|p2a: Rillaboom
|-supereffective|p2a: Rillaboom
|-damage|p2a: Rillaboom|6/100
|-damage|p1a: Yanmega|54/100|[from] item: Life Orb
|move|p2a: Rillaboom|Knock Off|p1a: Yanmega
|-damage|p1a: Yanmega|10/100
|-enditem|p1a: Yanmega|Life Orb|[from] move: Knock Off|[of] p2a: Rillaboom
|
|-heal|p2a: Rillaboom|12/100|[from] Grassy Terrain
|-ability|p1a: Yanmega|Speed Boost|boost
|-boost|p1a: Yanmega|spe|1
|upkeep
|turn|14
|
|t:|1759035645
|move|p2a: Rillaboom|Grassy Glide|p1a: Yanmega
|-resisted|p1a: Yanmega
|-damage|p1a: Yanmega|0 fnt
|faint|p1a: Yanmega
|
|-heal|p2a: Rillaboom|18/100|[from] Grassy Terrain
|upkeep
|
|t:|1759035650
|switch|p1a: Slither Wing|Slither Wing|100/100
|turn|15
|
|t:|1759035655
|switch|p2a: Heatran|Heatran, F, shiny|88/100
|-damage|p2a: Heatran|76/100|[from] Stealth Rock
|-item|p2a: Heatran|Air Balloon
|move|p1a: Slither Wing|First Impression|p2a: Heatran
|-resisted|p2a: Heatran
|-crit|p2a: Heatran
|-damage|p2a: Heatran|59/100
|-enditem|p2a: Heatran|Air Balloon
|
|-heal|p2a: Heatran|65/100|[from] Grassy Terrain
|upkeep
|turn|16
|
|t:|1759035665
|-end|p1a: Slither Wing|Protosynthesis|[silent]
|switch|p1a: Araquanid|Araquanid, M|85/100 par
|move|p2a: Heatran|Stealth Rock|p1a: Araquanid
|-sidestart|p1: caeluskasai|move: Stealth Rock
|
|-heal|p2a: Heatran|71/100|[from] Grassy Terrain
|-heal|p1a: Araquanid|91/100 par|[from] Grassy Terrain
|-fieldend|move: Grassy Terrain
|upkeep
|turn|17
|
|t:|1759035675
|move|p2a: Heatran|Lava Plume|p1a: Araquanid
|-damage|p1a: Araquanid|77/100 par
|move|p1a: Araquanid|Liquidation|p2a: Heatran
|-supereffective|p2a: Heatran
|-damage|p2a: Heatran|0 fnt
|faint|p2a: Heatran
|
|upkeep
|
|t:|1759035680
|switch|p2a: Great Tusk|Great Tusk, shiny|100/100
|-activate|p2a: Great Tusk|move: Sticky Web
|-unboost|p2a: Great Tusk|spe|1
|-damage|p2a: Great Tusk|98/100|[from] Stealth Rock
|turn|18
|
|t:|1759035684
|-terastallize|p2a: Great Tusk|Steel
|move|p2a: Great Tusk|Rapid Spin|p1a: Araquanid
|-damage|p1a: Araquanid|58/100 par
|-boost|p2a: Great Tusk|spe|1
|-sideend|p2: maxbiatch|Stealth Rock|[from] move: Rapid Spin|[of] p2a: Great Tusk
|-sideend|p2: maxbiatch|Sticky Web|[from] move: Rapid Spin|[of] p2a: Great Tusk
|move|p1a: Araquanid|Liquidation|p2a: Great Tusk
|-damage|p2a: Great Tusk|51/100
|-damage|p1a: Araquanid|41/100 par|[from] item: Rocky Helmet|[of] p2a: Great Tusk
|
|upkeep
|turn|19
|
|t:|1759035693
|move|p2a: Great Tusk|Headlong Rush|p1a: Araquanid
|-resisted|p1a: Araquanid
|-damage|p1a: Araquanid|10/100 par
|-unboost|p2a: Great Tusk|def|1
|-unboost|p2a: Great Tusk|spd|1
|move|p1a: Araquanid|Sticky Web|p2a: Great Tusk
|-sidestart|p2: maxbiatch|move: Sticky Web
|
|upkeep
|turn|20
|
|t:|1759035700
|move|p2a: Great Tusk|Rapid Spin|p1a: Araquanid
|-damage|p1a: Araquanid|0 fnt
|-boost|p2a: Great Tusk|spe|1
|-sideend|p2: maxbiatch|Sticky Web|[from] move: Rapid Spin|[of] p2a: Great Tusk
|faint|p1a: Araquanid
|
|upkeep
|
|t:|1759035708
|switch|p1a: Vikavolt|Vikavolt, F|100/100
|-damage|p1a: Vikavolt|76/100|[from] Stealth Rock
|turn|21
|
|t:|1759035715
|move|p2a: Great Tusk|Ice Spinner|p1a: Vikavolt
|-damage|p1a: Vikavolt|45/100
|move|p1a: Vikavolt|Thunderbolt|p2a: Great Tusk
|-damage|p2a: Great Tusk|0 fnt
|faint|p2a: Great Tusk
|-end|p2a: Great Tusk|Protosynthesis|[silent]
|
|upkeep
|
|t:|1759035723
|switch|p2a: Ogerpon|Ogerpon-Wellspring, F|100/100
|turn|22
|
|t:|1759035728
|move|p2a: Ogerpon|Ivy Cudgel|p1a: Vikavolt|[anim] Ivy Cudgel Water
|-damage|p1a: Vikavolt|0 fnt
|faint|p1a: Vikavolt
|
|upkeep
|
|t:|1759035731
|switch|p1a: Slither Wing|Slither Wing|100/100
|-damage|p1a: Slither Wing|88/100|[from] Stealth Rock
|turn|23
|
|t:|1759035734
|switch|p2a: Rillaboom|Rillaboom, M, shiny|18/100
|-fieldstart|move: Grassy Terrain|[from] ability: Grassy Surge|[of] p2a: Rillaboom
|move|p1a: Slither Wing|First Impression|p2a: Rillaboom
|-supereffective|p2a: Rillaboom
|-damage|p2a: Rillaboom|0 fnt
|faint|p2a: Rillaboom
|
|-heal|p1a: Slither Wing|94/100|[from] Grassy Terrain
|upkeep
|
|t:|1759035739
|switch|p2a: Ogerpon|Ogerpon-Wellspring, F|100/100
|turn|24
|
|t:|1759035756
|move|p2a: Ogerpon|Ivy Cudgel|p1a: Slither Wing|[anim] Ivy Cudgel Water
|-damage|p1a: Slither Wing|27/100
|move|p1a: Slither Wing|Brick Break|p2a: Ogerpon
|-damage|p2a: Ogerpon|39/100
|
|-heal|p2a: Ogerpon|45/100|[from] Grassy Terrain
|-heal|p1a: Slither Wing|33/100|[from] Grassy Terrain
|upkeep
|turn|25
|
|t:|1759035763
|move|p2a: Ogerpon|Ivy Cudgel|p1a: Slither Wing|[anim] Ivy Cudgel Water
|-damage|p1a: Slither Wing|0 fnt
|faint|p1a: Slither Wing
|-end|p1a: Slither Wing|Protosynthesis|[silent]
|
|win|maxbiatch
|raw|caeluskasai's rating: 1269 &rarr; <strong>1245</strong><br />(-24 for losing)
|raw|maxbiatch's rating: 1280 &rarr; <strong>1304</strong><br />(+24 for winning)
|l|☆caeluskasai
|player|p1|
|l|☆maxbiatch
|player|p2|
