|j|☆CadenG18
|j|☆napkin_56
|t:|1758952826
|gametype|singles
|player|p1|CadenG18|hilbert|1253
|player|p2|napkin_56|policeman-gen4|1297
|gen|9
|tier|[Gen 9] OU
|rated|
|rule|HP Percentage Mod: HP is shown in percentages
|rule|Endless Battle Clause: Forcing endless battles is banned
|rule|Species Clause: Limit one of each Pokémon
|rule|OHKO Clause: OHKO moves are banned
|rule|Evasion Items Clause: Evasion items are banned
|rule|Evasion Moves Clause: Evasion moves are banned
|rule|Evasion Abilities Clause: Evasion abilities are banned
|rule|Sleep Moves Clause: Sleep-inducing moves are banned
|clearpoke
|poke|p1|Greninja-*, M|
|poke|p1|Armarouge, F|
|poke|p1|Hydreigon, F|
|poke|p1|Kommo-o, M|
|poke|p1|Ceruledge, F|
|poke|p1|Tsareena, F|
|poke|p2|Thundurus-Therian, M|
|poke|p2|Gholdengo|
|poke|p2|Landorus-Therian, M|
|poke|p2|Samurott-Hisui, M|
|poke|p2|Zamazenta-*|
|poke|p2|Slowking-Galar, F|
|teampreview
|inactive|Battle timer is ON: inactive players will automatically lose when time's up. (requested by CadenG18)
|
|t:|1758952850
|teamsize|p1|6
|teamsize|p2|6
|start
|switch|p1a: Tsuyo-sa|Kommo-o, M|100/100
|switch|p2a: Samurott|Samurott-Hisui, M|100/100
|turn|1
|
|t:|1758952859
|switch|p2a: Gholdengo|Gholdengo|100/100
|-terastallize|p1a: Tsuyo-sa|Steel
|move|p1a: Tsuyo-sa|Clangorous Soul|p1a: Tsuyo-sa
|-boost|p1a: Tsuyo-sa|atk|1
|-boost|p1a: Tsuyo-sa|def|1
|-boost|p1a: Tsuyo-sa|spa|1
|-boost|p1a: Tsuyo-sa|spd|1
|-boost|p1a: Tsuyo-sa|spe|1
|-damage|p1a: Tsuyo-sa|68/100
|
|-heal|p1a: Tsuyo-sa|74/100|[from] item: Leftovers
|upkeep
|turn|2
|
|t:|1758952883
|move|p1a: Tsuyo-sa|Iron Head|p2a: Gholdengo
|-resisted|p2a: Gholdengo
|-damage|p2a: Gholdengo|72/100
|move|p2a: Gholdengo|Trick|p1a: Tsuyo-sa
|-activate|p2a: Gholdengo|move: Trick|[of] p1a: Tsuyo-sa
|-item|p1a: Tsuyo-sa|Choice Scarf|[from] move: Trick
|-item|p2a: Gholdengo|Leftovers|[from] move: Trick
|
|-heal|p2a: Gholdengo|78/100|[from] item: Leftovers
|upkeep
|turn|3
|
|t:|1758952899
|move|p1a: Tsuyo-sa|Iron Head|p2a: Gholdengo
|-resisted|p2a: Gholdengo
|-damage|p2a: Gholdengo|45/100
|cant|p2a: Gholdengo|flinch
|
|-heal|p2a: Gholdengo|51/100|[from] item: Leftovers
|upkeep
|turn|4
|
|t:|1758952907
|switch|p2a: Landorus|Landorus-Therian, M|100/100
|-ability|p2a: Landorus|Intimidate|boost
|-unboost|p1a: Tsuyo-sa|atk|1
|move|p1a: Tsuyo-sa|Iron Head|p2a: Landorus
|-damage|p2a: Landorus|64/100
|-damage|p1a: Tsuyo-sa|57/100|[from] item: Rocky Helmet|[of] p2a: Landorus
|
|upkeep
|turn|5
|
|t:|1758952918
|switch|p2a: Zamazenta|Zamazenta|100/100
|-ability|p2a: Zamazenta|Dauntless Shield|boost
|-boost|p2a: Zamazenta|def|1
|move|p1a: Tsuyo-sa|Iron Head|p2a: Zamazenta
|-damage|p2a: Zamazenta|80/100
|
|upkeep
|turn|6
|
|t:|1758952925
|move|p1a: Tsuyo-sa|Iron Head|p2a: Zamazenta
|-damage|p2a: Zamazenta|61/100
|move|p2a: Zamazenta|Iron Defense|p2a: Zamazenta
|-boost|p2a: Zamazenta|def|2
|
|upkeep
|turn|7
|
|t:|1758952931
|move|p1a: Tsuyo-sa|Iron Head|p2a: Zamazenta
|-damage|p2a: Zamazenta|49/100
|move|p2a: Zamazenta|Body Press|p1a: Tsuyo-sa
|-supereffective|p1a: Tsuyo-sa
|-damage|p1a: Tsuyo-sa|0 fnt
|faint|p1a: Tsuyo-sa
|
|upkeep
|
|t:|1758952939
|switch|p1a: Soleia|Armarouge, F, shiny|100/100
|turn|8
|
|t:|1758952945
|switch|p2a: Samurott|Samurott-Hisui, M|100/100
|move|p1a: Soleia|Psychic|p2a: Samurott
|-immune|p2a: Samurott
|
|upkeep
|turn|9
|
|t:|1758952958
|switch|p1a: Cybele|Tsareena, F|100/100
|move|p2a: Samurott|Knock Off|p1a: Cybele
|-damage|p1a: Cybele|58/100
|-enditem|p1a: Cybele|Heavy-Duty Boots|[from] move: Knock Off|[of] p2a: Samurott
|
|upkeep
|turn|10
|
|t:|1758952965
|move|p2a: Samurott|Ceaseless Edge|p1a: Cybele
|-damage|p1a: Cybele|19/100
|-sidestart|p1: CadenG18|Spikes
|move|p1a: Cybele|Play Rough|p2a: Samurott
|-supereffective|p2a: Samurott
|-damage|p2a: Samurott|34/100
|
|upkeep
|turn|11
|
|t:|1758952972
|move|p2a: Samurott|Knock Off|p1a: Cybele
|-damage|p1a: Cybele|0 fnt
|faint|p1a: Cybele
|
|upkeep
|
|t:|1758952986
|switch|p1a: Yamata|Hydreigon, F|100/100
|turn|12
|
|t:|1758952996
|switch|p2a: Slowking|Slowking-Galar, F|100/100
|move|p1a: Yamata|Draco Meteor|p2a: Slowking
|-damage|p2a: Slowking|41/100
|-unboost|p1a: Yamata|spa|2
|
|upkeep
|turn|13
|
|t:|1758953003
|move|p1a: Yamata|Draco Meteor|p2a: Slowking
|-damage|p2a: Slowking|10/100
|-unboost|p1a: Yamata|spa|2
|-prepare|p2a: Slowking|Chilly Reception|[premajor]
|move|p2a: Slowking|Chilly Reception|p2a: Slowking
|-weather|Snowscape
|
|t:|1758953010
|switch|p2a: Thundurus|Thundurus-Therian, M|100/100|[from] Chilly Reception
|
|-weather|Snowscape|[upkeep]
|upkeep
|turn|14
|
|t:|1758953018
|switch|p1a: Megumi|Greninja, M, shiny|100/100
|-damage|p1a: Megumi|88/100|[from] Spikes
|-terastallize|p2a: Thundurus|Ice
|move|p2a: Thundurus|Tera Blast|p1a: Megumi|[anim] Tera Blast Ice
|-resisted|p1a: Megumi
|-damage|p1a: Megumi|54/100
|
|-weather|Snowscape|[upkeep]
|upkeep
|turn|15
|
|t:|1758953040
|move|p1a: Megumi|U-turn|p2a: Thundurus
|-start|p1a: Megumi|typechange|Bug|[from] ability: Protean
|-crit|p2a: Thundurus
|-damage|p2a: Thundurus|58/100
|-damage|p1a: Megumi|44/100|[from] item: Life Orb
|
|t:|1758953045
|switch|p1a: Yamata|Hydreigon, F|100/100|[from] U-turn
|move|p2a: Thundurus|Volt Switch|p1a: Yamata
|-resisted|p1a: Yamata
|-damage|p1a: Yamata|76/100
|
|t:|1758953055
|switch|p2a: Samurott|Samurott-Hisui, M|34/100|[from] Volt Switch
|
|-weather|Snowscape|[upkeep]
|upkeep
|turn|16
|
|t:|1758953082
|move|p1a: Yamata|Draco Meteor|p2a: Samurott
|-damage|p2a: Samurott|0 fnt
|-unboost|p1a: Yamata|spa|2
|faint|p2a: Samurott
|
|-weather|Snowscape|[upkeep]
|upkeep
|
|t:|1758953089
|switch|p2a: Gholdengo|Gholdengo|51/100
|turn|17
|
|t:|1758953096
|switch|p1a: Megumi|Greninja, M, shiny|44/100
|-damage|p1a: Megumi|32/100|[from] Spikes
|move|p2a: Gholdengo|Make It Rain|p1a: Megumi
|-resisted|p1a: Megumi
|-damage|p1a: Megumi|0 fnt
|-unboost|p2a: Gholdengo|spa|1
|faint|p1a: Megumi
|
|-weather|none
|-heal|p2a: Gholdengo|57/100|[from] item: Leftovers
|upkeep
|
|t:|1758953107
|switch|p1a: Yamata|Hydreigon, F|76/100
|turn|18
|inactive|napkin_56 has 120 seconds left.
|
|t:|1758953140
|switch|p2a: Thundurus|Thundurus-Therian, M, tera:Ice|58/100
|move|p1a: Yamata|Dark Pulse|p2a: Thundurus
|-damage|p2a: Thundurus|0 fnt
|faint|p2a: Thundurus
|
|upkeep
|
|t:|1758953141
|switch|p2a: Zamazenta|Zamazenta|49/100
|turn|19
|
|t:|1758953150
|move|p2a: Zamazenta|Crunch|p1a: Yamata
|-resisted|p1a: Yamata
|-damage|p1a: Yamata|64/100
|-unboost|p1a: Yamata|def|1
|move|p1a: Yamata|Dark Pulse|p2a: Zamazenta
|-resisted|p2a: Zamazenta
|-damage|p2a: Zamazenta|26/100
|
|upkeep
|turn|20
|
|t:|1758953157
|move|p2a: Zamazenta|Crunch|p1a: Yamata
|-resisted|p1a: Yamata
|-damage|p1a: Yamata|47/100
|move|p1a: Yamata|Dark Pulse|p2a: Zamazenta
|-resisted|p2a: Zamazenta
|-damage|p2a: Zamazenta|1/100
|
|upkeep
|turn|21
|
|t:|1758953164
|move|p2a: Zamazenta|Crunch|p1a: Yamata
|-resisted|p1a: Yamata
|-damage|p1a: Yamata|29/100
|move|p1a: Yamata|Dark Pulse|p2a: Zamazenta
|-resisted|p2a: Zamazenta
|-damage|p2a: Zamazenta|0 fnt
|faint|p2a: Zamazenta
|
|upkeep
|
|t:|1758953166
|switch|p2a: Gholdengo|Gholdengo|57/100
|turn|22
|-message|napkin_56 forfeited.
|
|win|CadenG18
|raw|CadenG18's rating: 1253 &rarr; <strong>1281</strong><br />(+28 for winning)
|raw|napkin_56's rating: 1297 &rarr; <strong>1269</strong><br />(-28 for losing)
|l|☆napkin_56
|player|p2|
|l|☆CadenG18
|player|p1|
