|j|☆gardenGnostic
|j|☆jrg123
|t:|1759010438
|gametype|singles
|player|p1|gardenGnostic|1|1572
|player|p2|jrg123|169|1573
|gen|9
|tier|[Gen 9] OU
|rated|
|rule|HP Percentage Mod: HP is shown in percentages
|rule|Endless Battle Clause: Forcing endless battles is banned
|rule|Species Clause: Limit one of each Pokémon
|rule|OHKO Clause: OHKO moves are banned
|rule|Evasion Items Clause: Evasion items are banned
|rule|Evasion Moves Clause: Evasion moves are banned
|rule|Evasion Abilities Clause: Evasion abilities are banned
|rule|Sleep Moves Clause: Sleep-inducing moves are banned
|clearpoke
|poke|p1|Hatterene, F|
|poke|p1|Ninetales-Alola, F|
|poke|p1|Jirachi|
|poke|p1|Moltres-Galar|
|poke|p1|Glimmora, F|
|poke|p1|Kyurem|
|poke|p2|Kyurem|
|poke|p2|Corviknight, F|
|poke|p2|Ting-Lu|
|poke|p2|Dondozo, M|
|poke|p2|Slowking-Galar, L99, M|
|poke|p2|Cinderace, M|
|teampreview
|inactive|Battle timer is ON: inactive players will automatically lose when time's up. (requested by jrg123)
|c|☆jrg123|R U A YOUYUBER
|
|t:|1759010460
|teamsize|p1|6
|teamsize|p2|6
|start
|switch|p1a: Ninetales|Ninetales-Alola, F|100/100
|switch|p2a: Cinderace|Cinderace, M|100/100
|-weather|Snowscape|[from] ability: Snow Warning|[of] p1a: Ninetales
|turn|1
|
|t:|1759010467
|switch|p1a: Glimmora|Glimmora, F|100/100
|move|p2a: Cinderace|Pyro Ball|p1a: Glimmora
|-resisted|p1a: Glimmora
|-damage|p1a: Glimmora|70/100
|-activate|p1a: Glimmora|ability: Toxic Debris
|-sidestart|p2: jrg123|move: Toxic Spikes
|
|-weather|Snowscape|[upkeep]
|upkeep
|turn|2
|
|t:|1759010477
|move|p2a: Cinderace|U-turn|p1a: Glimmora
|-resisted|p1a: Glimmora
|-damage|p1a: Glimmora|58/100
|-activate|p1a: Glimmora|ability: Toxic Debris
|-sidestart|p2: jrg123|move: Toxic Spikes
|
|t:|1759010482
|switch|p2a: Slowking|Slowking-Galar, L99, M|100/100|[from] U-turn
|-sideend|p2: jrg123|move: Toxic Spikes|[of] p2a: Slowking
|move|p1a: Glimmora|Meteor Beam||[still]
|-prepare|p1a: Glimmora|Meteor Beam
|-boost|p1a: Glimmora|spa|1
|-enditem|p1a: Glimmora|Power Herb
|-anim|p1a: Glimmora|Meteor Beam|p2a: Slowking
|-damage|p2a: Slowking|39/100
|
|-weather|Snowscape|[upkeep]
|upkeep
|turn|3
|
|t:|1759010487
|move|p1a: Glimmora|Stealth Rock|p2a: Slowking
|-sidestart|p2: jrg123|move: Stealth Rock
|move|p2a: Slowking|Future Sight|p1a: Glimmora
|-start|p2a: Slowking|move: Future Sight
|
|-weather|Snowscape|[upkeep]
|upkeep
|turn|4
|
|t:|1759010496
|move|p1a: Glimmora|Earth Power|p2a: Slowking
|-supereffective|p2a: Slowking
|-damage|p2a: Slowking|0 fnt
|faint|p2a: Slowking
|
|-weather|Snowscape|[upkeep]
|upkeep
|
|t:|1759010510
|switch|p2a: Kyurem|Kyurem|100/100
|-damage|p2a: Kyurem|75/100|[from] Stealth Rock
|-ability|p2a: Kyurem|Pressure
|turn|5
|
|t:|1759010517
|switch|p1a: Jirachi|Jirachi|100/100
|move|p2a: Kyurem|Earth Power|p1a: Jirachi
|-supereffective|p1a: Jirachi
|-damage|p1a: Jirachi|38/100
|
|-weather|none
|-end|p1a: Jirachi|move: Future Sight
|-resisted|p1a: Jirachi
|-damage|p1a: Jirachi|27/100
|-heal|p2a: Kyurem|82/100|[from] item: Leftovers
|upkeep
|turn|6
|
|t:|1759010526
|move|p2a: Kyurem|Protect|p2a: Kyurem
|-singleturn|p2a: Kyurem|Protect
|move|p1a: Jirachi|Trick|p2a: Kyurem
|-activate|p2a: Kyurem|move: Protect
|
|-heal|p2a: Kyurem|88/100|[from] item: Leftovers
|upkeep
|turn|7
|
|t:|1759010536
|switch|p2a: Cinderace|Cinderace, M|100/100
|move|p1a: Jirachi|Trick|p2a: Cinderace
|-activate|p1a: Jirachi|move: Trick|[of] p2a: Cinderace
|-item|p2a: Cinderace|Choice Scarf|[from] move: Trick
|-item|p1a: Jirachi|Heavy-Duty Boots|[from] move: Trick
|
|upkeep
|turn|8
|
|t:|1759010553
|switch|p1a: Glimmora|Glimmora, F|58/100
|move|p2a: Cinderace|Pyro Ball|p1a: Glimmora
|-resisted|p1a: Glimmora
|-damage|p1a: Glimmora|30/100
|-status|p1a: Glimmora|brn
|-activate|p1a: Glimmora|ability: Toxic Debris
|-sidestart|p2: jrg123|move: Toxic Spikes
|
|-damage|p1a: Glimmora|24/100 brn|[from] brn
|upkeep
|turn|9
|
|t:|1759010557
|move|p2a: Cinderace|Pyro Ball|p1a: Glimmora
|-resisted|p1a: Glimmora
|-damage|p1a: Glimmora|0 fnt
|-activate|p1a: Glimmora|ability: Toxic Debris
|-sidestart|p2: jrg123|move: Toxic Spikes
|faint|p1a: Glimmora
|
|upkeep
|
|t:|1759010565
|switch|p1a: Kyurem|Kyurem|100/100
|-ability|p1a: Kyurem|Pressure
|turn|10
|
|t:|1759010579
|move|p2a: Cinderace|Pyro Ball|p1a: Kyurem
|-damage|p1a: Kyurem|52/100
|move|p1a: Kyurem|Earth Power|p2a: Cinderace
|-supereffective|p2a: Cinderace
|-damage|p2a: Cinderace|35/100
|
|upkeep
|turn|11
|
|t:|1759010589
|move|p2a: Cinderace|Pyro Ball|p1a: Kyurem
|-damage|p1a: Kyurem|0 fnt
|faint|p1a: Kyurem
|
|upkeep
|
|t:|1759010596
|switch|p1a: Moltres|Moltres-Galar|100/100
|turn|12
|
|t:|1759010602
|switch|p2a: Ting-Lu|Ting-Lu|100/100
|-damage|p2a: Ting-Lu|94/100|[from] Stealth Rock
|-status|p2a: Ting-Lu|tox
|-ability|p2a: Ting-Lu|Vessel of Ruin
|move|p1a: Moltres|Agility|p1a: Moltres
|-boost|p1a: Moltres|spe|2
|
|-heal|p2a: Ting-Lu|100/100 tox|[from] item: Leftovers
|-damage|p2a: Ting-Lu|94/100 tox|[from] psn
|upkeep
|turn|13
|
|t:|1759010612
|switch|p1a: Hatterene|Hatterene, F|100/100
|move|p2a: Ting-Lu|Payback|p1a: Hatterene
|-damage|p1a: Hatterene|73/100
|
|-heal|p1a: Hatterene|79/100|[from] item: Leftovers
|-heal|p2a: Ting-Lu|100/100 tox|[from] item: Leftovers
|-damage|p2a: Ting-Lu|88/100 tox|[from] psn
|upkeep
|turn|14
|
|t:|1759010627
|move|p1a: Hatterene|Swords Dance|p1a: Hatterene
|-boost|p1a: Hatterene|atk|2
|move|p2a: Ting-Lu|Earthquake|p1a: Hatterene
|-damage|p1a: Hatterene|25/100
|
|-heal|p1a: Hatterene|31/100|[from] item: Leftovers
|-heal|p2a: Ting-Lu|94/100 tox|[from] item: Leftovers
|-damage|p2a: Ting-Lu|76/100 tox|[from] psn
|upkeep
|turn|15
|
|t:|1759010633
|switch|p2a: Corviknight|Corviknight, F|100/100
|-damage|p2a: Corviknight|88/100|[from] Stealth Rock
|-ability|p2a: Corviknight|Pressure
|move|p1a: Hatterene|Play Rough|p2a: Corviknight
|-resisted|p2a: Corviknight
|-damage|p2a: Corviknight|65/100
|-damage|p1a: Hatterene|15/100|[from] item: Rocky Helmet|[of] p2a: Corviknight
|
|-heal|p1a: Hatterene|20/100|[from] item: Leftovers
|upkeep
|turn|16
|
|t:|1759010644
|-terastallize|p1a: Hatterene|Electric
|move|p1a: Hatterene|Nuzzle|p2a: Corviknight
|-supereffective|p2a: Corviknight
|-damage|p2a: Corviknight|12/100
|-status|p2a: Corviknight|par
|-damage|p1a: Hatterene|4/100|[from] item: Rocky Helmet|[of] p2a: Corviknight
|move|p2a: Corviknight|Roost|p2a: Corviknight
|-heal|p2a: Corviknight|62/100 par
|-singleturn|p2a: Corviknight|move: Roost
|
|-heal|p1a: Hatterene|10/100|[from] item: Leftovers
|upkeep
|turn|17
|
|t:|1759010653
|move|p1a: Hatterene|Swords Dance|p1a: Hatterene
|-boost|p1a: Hatterene|atk|2
|move|p2a: Corviknight|U-turn|p1a: Hatterene
|-damage|p1a: Hatterene|0 fnt
|faint|p1a: Hatterene
|
|t:|1759010661
|switch|p2a: Cinderace|Cinderace, M|35/100|[from] U-turn
|-damage|p2a: Cinderace|10/100|[from] Stealth Rock
|-status|p2a: Cinderace|tox
|
|-damage|p2a: Cinderace|4/100 tox|[from] psn
|upkeep
|
|t:|1759010665
|switch|p1a: Moltres|Moltres-Galar|100/100
|turn|18
|
|t:|1759010670
|move|p2a: Cinderace|Will-O-Wisp|p1a: Moltres|[miss]
|-miss|p2a: Cinderace|p1a: Moltres
|move|p1a: Moltres|Agility|p1a: Moltres
|-boost|p1a: Moltres|spe|2
|
|-damage|p2a: Cinderace|0 fnt|[from] psn
|faint|p2a: Cinderace
|upkeep
|
|t:|1759010685
|switch|p2a: Kyurem|Kyurem|88/100
|-damage|p2a: Kyurem|63/100|[from] Stealth Rock
|-status|p2a: Kyurem|tox
|-ability|p2a: Kyurem|Pressure
|turn|19
|
|t:|1759010691
|move|p1a: Moltres|Hurricane|p2a: Kyurem
|-damage|p2a: Kyurem|15/100 tox
|move|p2a: Kyurem|Freeze-Dry|p1a: Moltres
|-supereffective|p1a: Moltres
|-damage|p1a: Moltres|41/100
|-status|p1a: Moltres|frz
|-ability|p1a: Moltres|Berserk|boost
|-boost|p1a: Moltres|spa|1
|-enditem|p1a: Moltres|Sitrus Berry|[eat]
|-heal|p1a: Moltres|66/100 frz|[from] item: Sitrus Berry
|
|-heal|p2a: Kyurem|21/100 tox|[from] item: Leftovers
|-damage|p2a: Kyurem|15/100 tox|[from] psn
|upkeep
|turn|20
|
|t:|1759010702
|cant|p1a: Moltres|frz
|move|p2a: Kyurem|Freeze-Dry|p1a: Moltres
|-supereffective|p1a: Moltres
|-damage|p1a: Moltres|0 fnt
|faint|p1a: Moltres
|
|-heal|p2a: Kyurem|21/100 tox|[from] item: Leftovers
|-damage|p2a: Kyurem|8/100 tox|[from] psn
|upkeep
|
|t:|1759010706
|switch|p1a: Ninetales|Ninetales-Alola, F|100/100
|-weather|Snowscape|[from] ability: Snow Warning|[of] p1a: Ninetales
|turn|21
|
|t:|1759010711
|move|p1a: Ninetales|Aurora Veil|p1a: Ninetales
|-sidestart|p1: gardenGnostic|move: Aurora Veil
|move|p2a: Kyurem|Earth Power|p1a: Ninetales
|-damage|p1a: Ninetales|85/100
|
|-weather|Snowscape|[upkeep]
|-heal|p2a: Kyurem|15/100 tox|[from] item: Leftovers
|-damage|p2a: Kyurem|0 fnt|[from] psn
|faint|p2a: Kyurem
|upkeep
|
|t:|1759010729
|switch|p2a: Ting-Lu|Ting-Lu|76/100 tox
|-damage|p2a: Ting-Lu|69/100 tox|[from] Stealth Rock
|-ability|p2a: Ting-Lu|Vessel of Ruin
|turn|22
|
|t:|1759010735
|-terastallize|p2a: Ting-Lu|Fairy
|move|p1a: Ninetales|Moonblast|p2a: Ting-Lu
|-damage|p2a: Ting-Lu|59/100 tox
|move|p2a: Ting-Lu|Rest|p2a: Ting-Lu
|-status|p2a: Ting-Lu|slp|[from] move: Rest
|-heal|p2a: Ting-Lu|100/100 slp|[silent]
|
|-weather|Snowscape|[upkeep]
|upkeep
|turn|23
|
|t:|1759010741
|switch|p1a: Jirachi|Jirachi|27/100
|cant|p2a: Ting-Lu|slp
|move|p2a: Ting-Lu|Sleep Talk|p2a: Ting-Lu
|move|p2a: Ting-Lu|Rest||[from] move: Sleep Talk|[still]
|-fail|p2a: Ting-Lu
|
|-weather|Snowscape|[upkeep]
|upkeep
|turn|24
|
|t:|1759010749
|switch|p2a: Corviknight|Corviknight, F|62/100 par
|-damage|p2a: Corviknight|49/100 par|[from] Stealth Rock
|-ability|p2a: Corviknight|Pressure
|move|p1a: Jirachi|Iron Head|p2a: Corviknight
|-resisted|p2a: Corviknight
|-damage|p2a: Corviknight|40/100 par
|-damage|p1a: Jirachi|10/100|[from] item: Rocky Helmet|[of] p2a: Corviknight
|
|-weather|Snowscape|[upkeep]
|upkeep
|turn|25
|
|t:|1759010760
|move|p1a: Jirachi|Trick|p2a: Corviknight
|-activate|p1a: Jirachi|move: Trick|[of] p2a: Corviknight
|-item|p2a: Corviknight|Heavy-Duty Boots|[from] move: Trick
|-item|p1a: Jirachi|Rocky Helmet|[from] move: Trick
|move|p2a: Corviknight|Defog|p1a: Jirachi
|-unboost|p1a: Jirachi|evasion|1
|-sideend|p1: gardenGnostic|move: Aurora Veil
|-sideend|p2: jrg123|Toxic Spikes|[from] move: Defog|[of] p2a: Corviknight
|-sideend|p2: jrg123|Stealth Rock|[from] move: Defog|[of] p2a: Corviknight
|
|-weather|none
|upkeep
|turn|26
|
|t:|1759010767
|move|p1a: Jirachi|Iron Head|p2a: Corviknight
|-resisted|p2a: Corviknight
|-damage|p2a: Corviknight|30/100 par
|cant|p2a: Corviknight|flinch
|
|upkeep
|turn|27
|
|t:|1759010771
|move|p1a: Jirachi|Iron Head|p2a: Corviknight
|-resisted|p2a: Corviknight
|-damage|p2a: Corviknight|19/100 par
|cant|p2a: Corviknight|flinch
|
|upkeep
|turn|28
|
|t:|1759010782
|move|p1a: Jirachi|Iron Head|p2a: Corviknight
|-resisted|p2a: Corviknight
|-damage|p2a: Corviknight|9/100 par
|cant|p2a: Corviknight|flinch
|
|upkeep
|turn|29
|
|t:|1759010785
|move|p1a: Jirachi|Iron Head|p2a: Corviknight
|-resisted|p2a: Corviknight
|-crit|p2a: Corviknight
|-damage|p2a: Corviknight|0 fnt
|faint|p2a: Corviknight
|
|upkeep
|
|t:|1759010791
|switch|p2a: Dondozo|Dondozo, M|100/100
|turn|30
|
|t:|1759010795
|move|p1a: Jirachi|U-turn|p2a: Dondozo
|-damage|p2a: Dondozo|91/100
|
|t:|1759010798
|switch|p1a: Ninetales|Ninetales-Alola, F|85/100|[from] U-turn
|-weather|Snowscape|[from] ability: Snow Warning|[of] p1a: Ninetales
|move|p2a: Dondozo|Curse|p2a: Dondozo
|-unboost|p2a: Dondozo|spe|1
|-boost|p2a: Dondozo|atk|1
|-boost|p2a: Dondozo|def|1
|
|-weather|Snowscape|[upkeep]
|-heal|p2a: Dondozo|97/100|[from] item: Leftovers
|upkeep
|turn|31
|inactive|jrg123 has 120 seconds left.
|
|t:|1759010833
|move|p1a: Ninetales|Moonblast|p2a: Dondozo
|-damage|p2a: Dondozo|72/100
|move|p2a: Dondozo|Body Press|p1a: Ninetales
|-damage|p1a: Ninetales|48/100
|
|-weather|Snowscape|[upkeep]
|-heal|p2a: Dondozo|78/100|[from] item: Leftovers
|upkeep
|turn|32
|
|t:|1759010842
|move|p1a: Ninetales|Moonblast|p2a: Dondozo
|-damage|p2a: Dondozo|53/100
|-unboost|p2a: Dondozo|spa|1
|move|p2a: Dondozo|Body Press|p1a: Ninetales
|-damage|p1a: Ninetales|13/100
|
|-weather|Snowscape|[upkeep]
|-heal|p2a: Dondozo|60/100|[from] item: Leftovers
|upkeep
|turn|33
|c|☆jrg123|GG
|
|t:|1759010849
|move|p1a: Ninetales|Moonblast|p2a: Dondozo
|-damage|p2a: Dondozo|33/100
|move|p2a: Dondozo|Body Press|p1a: Ninetales
|-damage|p1a: Ninetales|0 fnt
|faint|p1a: Ninetales
|
|-weather|Snowscape|[upkeep]
|-heal|p2a: Dondozo|39/100|[from] item: Leftovers
|upkeep
|
|t:|1759010851
|switch|p1a: Jirachi|Jirachi|10/100
|turn|34
|
|t:|1759010853
|move|p1a: Jirachi|Iron Head|p2a: Dondozo
|-resisted|p2a: Dondozo
|-damage|p2a: Dondozo|33/100
|cant|p2a: Dondozo|flinch
|
|-weather|none
|-heal|p2a: Dondozo|39/100|[from] item: Leftovers
|upkeep
|turn|35
|
|t:|1759010856
|move|p1a: Jirachi|Iron Head|p2a: Dondozo
|-resisted|p2a: Dondozo
|-damage|p2a: Dondozo|34/100
|cant|p2a: Dondozo|flinch
|
|-heal|p2a: Dondozo|40/100|[from] item: Leftovers
|upkeep
|turn|36
|
|t:|1759010859
|move|p1a: Jirachi|Iron Head|p2a: Dondozo
|-resisted|p2a: Dondozo
|-damage|p2a: Dondozo|35/100
|move|p2a: Dondozo|Body Press|p1a: Jirachi
|-damage|p1a: Jirachi|0 fnt
|-damage|p2a: Dondozo|18/100|[from] item: Rocky Helmet|[of] p1a: Jirachi
|faint|p1a: Jirachi
|
|win|jrg123
|raw|gardenGnostic's rating: 1572 &rarr; <strong>1552</strong><br />(-20 for losing)
|raw|jrg123's rating: 1573 &rarr; <strong>1593</strong><br />(+20 for winning)
|l|☆jrg123
|player|p2|
|l|☆gardenGnostic
|player|p1|
