|j|☆palcom
|j|☆lueyougonde
|t:|1758971082
|gametype|singles
|player|p1|palcom|170|1384
|player|p2|lueyougonde|lucas|1413
|gen|9
|tier|[Gen 9] OU
|rated|
|rule|HP Percentage Mod: HP is shown in percentages
|rule|Endless Battle Clause: Forcing endless battles is banned
|rule|Species Clause: Limit one of each Pokémon
|rule|OHKO Clause: OHKO moves are banned
|rule|Evasion Items Clause: Evasion items are banned
|rule|Evasion Moves Clause: Evasion moves are banned
|rule|Evasion Abilities Clause: Evasion abilities are banned
|rule|Sleep Moves Clause: Sleep-inducing moves are banned
|clearpoke
|poke|p1|Charizard, M|
|poke|p1|Torkoal, F|
|poke|p1|Raging Bolt|
|poke|p1|Leafeon, F|
|poke|p1|Hatterene, F|
|poke|p1|Mamoswine, F|
|poke|p2|Charizard, F|
|poke|p2|Torkoal, F|
|poke|p2|Hatterene, F|
|poke|p2|Great Tusk|
|poke|p2|Lilligant-Hisui, F|
|poke|p2|Walking Wake|
|teampreview
|inactive|Battle timer is ON: inactive players will automatically lose when time's up. (requested by lueyougonde)
|
|t:|1758971098
|teamsize|p1|6
|teamsize|p2|6
|start
|switch|p1a: Raging Bolt|Raging Bolt|100/100
|switch|p2a: 冠茂|Walking Wake|100/100
|-item|p1a: Raging Bolt|Air Balloon
|turn|1
|
|t:|1758971106
|-end|p1a: Raging Bolt|Protosynthesis|[silent]
|switch|p1a: Hatterene|Hatterene, F, shiny|100/100
|move|p2a: 冠茂|Dragon Pulse|p1a: Hatterene
|-immune|p1a: Hatterene
|
|upkeep
|turn|2
|
|t:|1758971118
|-end|p2a: 冠茂|Protosynthesis|[silent]
|switch|p2a: 河内恭介|Torkoal, F|100/100
|-weather|SunnyDay|[from] ability: Drought|[of] p2a: 河内恭介
|move|p1a: Hatterene|Dazzling Gleam|p2a: 河内恭介
|-resisted|p2a: 河内恭介
|-damage|p2a: 河内恭介|75/100
|
|-weather|SunnyDay|[upkeep]
|upkeep
|turn|3
|inactive|palcom has 120 seconds left.
|
|t:|1758971153
|switch|p1a: Raging Bolt|Raging Bolt|100/100
|-item|p1a: Raging Bolt|Air Balloon
|-activate|p1a: Raging Bolt|ability: Protosynthesis
|-start|p1a: Raging Bolt|protosynthesisspa
|switch|p2a: 东和马|Charizard, F|100/100
|
|-weather|SunnyDay|[upkeep]
|-damage|p2a: 东和马|88/100|[from] ability: Solar Power|[of] p2a: 东和马
|upkeep
|turn|4
|inactive|palcom has 120 seconds left.
|
|t:|1758971167
|-terastallize|p2a: 东和马|Fire
|move|p2a: 东和马|Flamethrower|p1a: Raging Bolt
|-resisted|p1a: Raging Bolt
|-damage|p1a: Raging Bolt|30/100
|-enditem|p1a: Raging Bolt|Air Balloon
|move|p1a: Raging Bolt|Volt Switch|p2a: 东和马
|-damage|p2a: 东和马|15/100
|inactive|palcom has 120 seconds left.
|
|t:|1758971176
|-end|p1a: Raging Bolt|Protosynthesis|[silent]
|switch|p1a: Leafeon|Leafeon, F|100/100|[from] Volt Switch
|
|-weather|SunnyDay|[upkeep]
|-damage|p2a: 东和马|3/100|[from] ability: Solar Power|[of] p2a: 东和马
|upkeep
|turn|5
|inactive|palcom has 120 seconds left.
|
|t:|1758971187
|move|p1a: Leafeon|Solar Blade||[still]
|-prepare|p1a: Leafeon|Solar Blade
|-anim|p1a: Leafeon|Solar Blade|p2a: 东和马
|-resisted|p2a: 东和马
|-damage|p2a: 东和马|0 fnt
|faint|p2a: 东和马
|-damage|p1a: Leafeon|91/100|[from] item: Life Orb
|
|-weather|SunnyDay|[upkeep]
|upkeep
|
|t:|1758971199
|switch|p2a: 诹访原戒|Lilligant-Hisui, F|100/100
|turn|6
|inactive|palcom has 120 seconds left.
|
|t:|1758971231
|-terastallize|p1a: Leafeon|Fire
|move|p2a: 诹访原戒|Triple Axel|p1a: Leafeon
|-resisted|p1a: Leafeon
|-damage|p1a: Leafeon|86/100
|-resisted|p1a: Leafeon
|-damage|p1a: Leafeon|78/100
|-resisted|p1a: Leafeon
|-damage|p1a: Leafeon|65/100
|-hitcount|p1a: Leafeon|3
|-damage|p2a: 诹访原戒|91/100|[from] item: Life Orb
|move|p1a: Leafeon|Tera Blast|p2a: 诹访原戒|[anim] Tera Blast Fire
|-supereffective|p2a: 诹访原戒
|-damage|p2a: 诹访原戒|0 fnt
|faint|p2a: 诹访原戒
|-damage|p1a: Leafeon|55/100|[from] item: Life Orb
|
|-weather|SunnyDay|[upkeep]
|upkeep
|
|t:|1758971246
|switch|p2a: 冠茂|Walking Wake|100/100
|-activate|p2a: 冠茂|ability: Protosynthesis
|-start|p2a: 冠茂|protosynthesisspe
|turn|7
|
|t:|1758971258
|move|p1a: Leafeon|Solar Blade||[still]
|-prepare|p1a: Leafeon|Solar Blade
|-anim|p1a: Leafeon|Solar Blade|p2a: 冠茂
|-damage|p2a: 冠茂|10/100
|-damage|p1a: Leafeon|45/100|[from] item: Life Orb
|move|p2a: 冠茂|Hydro Steam|p1a: Leafeon
|-supereffective|p1a: Leafeon
|-damage|p1a: Leafeon|0 fnt
|faint|p1a: Leafeon
|
|-weather|SunnyDay|[upkeep]
|upkeep
|
|t:|1758971272
|switch|p1a: Mamoswine|Mamoswine, F|100/100
|turn|8
|
|t:|1758971277
|-end|p2a: 冠茂|Protosynthesis|[silent]
|switch|p2a: 松代健|Great Tusk|100/100
|-activate|p2a: 松代健|ability: Protosynthesis
|-start|p2a: 松代健|protosynthesisatk
|move|p1a: Mamoswine|Ice Shard|p2a: 松代健
|-supereffective|p2a: 松代健
|-damage|p2a: 松代健|69/100
|
|-weather|SunnyDay|[upkeep]
|upkeep
|turn|9
|inactive|palcom has 120 seconds left.
|
|t:|1758971308
|switch|p1a: Hatterene|Hatterene, F, shiny|100/100
|move|p2a: 松代健|Rapid Spin|p1a: Hatterene
|-damage|p1a: Hatterene|83/100
|-boost|p2a: 松代健|spe|1
|-enditem|p1a: Hatterene|Eject Button
|inactive|palcom has 90 seconds left.
|
|t:|1758971323
|switch|p1a: Charizard|Charizard, M, shiny|100/100
|
|-weather|none
|-end|p2a: 松代健|Protosynthesis
|upkeep
|turn|10
|
|t:|1758971329
|move|p2a: 松代健|Knock Off|p1a: Charizard
|-damage|p1a: Charizard|55/100
|-enditem|p1a: Charizard|Choice Specs|[from] move: Knock Off|[of] p2a: 松代健
|move|p1a: Charizard|Air Slash|p2a: 松代健
|-supereffective|p2a: 松代健
|-damage|p2a: 松代健|0 fnt
|faint|p2a: 松代健
|-end|p2a: 松代健|Protosynthesis|[silent]
|
|upkeep
|
|t:|1758971337
|switch|p2a: 梓川月乃|Hatterene, F|100/100
|turn|11
|
|t:|1758971355
|switch|p1a: Hatterene|Hatterene, F, shiny|83/100
|move|p2a: 梓川月乃|Healing Wish|p2a: 梓川月乃
|faint|p2a: 梓川月乃
|
|upkeep
|
|t:|1758971360
|switch|p2a: 冠茂|Walking Wake|10/100
|-heal|p2a: 冠茂|100/100|[from] move: Healing Wish
|turn|12
|
|t:|1758971379
|-end|p2a: 冠茂|Protosynthesis|[silent]
|switch|p2a: 河内恭介|Torkoal, F|75/100
|-weather|SunnyDay|[from] ability: Drought|[of] p2a: 河内恭介
|move|p1a: Hatterene|Trick Room|p1a: Hatterene
|-fieldstart|move: Trick Room|[of] p1a: Hatterene
|
|-weather|SunnyDay|[upkeep]
|upkeep
|turn|13
|
|t:|1758971399
|move|p2a: 河内恭介|Clear Smog|p1a: Hatterene
|-supereffective|p1a: Hatterene
|-damage|p1a: Hatterene|61/100
|-clearboost|p1a: Hatterene
|move|p1a: Hatterene|Healing Wish|p1a: Hatterene
|faint|p1a: Hatterene
|
|-weather|SunnyDay|[upkeep]
|upkeep
|
|t:|1758971407
|switch|p1a: Raging Bolt|Raging Bolt|30/100
|-heal|p1a: Raging Bolt|100/100|[from] move: Healing Wish
|-activate|p1a: Raging Bolt|ability: Protosynthesis
|-start|p1a: Raging Bolt|protosynthesisspa
|turn|14
|
|t:|1758971417
|move|p1a: Raging Bolt|Thunderclap||[still]
|-fail|p1a: Raging Bolt
|move|p2a: 河内恭介|Stealth Rock|p1a: Raging Bolt
|-sidestart|p1: palcom|move: Stealth Rock
|
|-weather|SunnyDay|[upkeep]
|upkeep
|turn|15
|
|t:|1758971425
|move|p2a: 河内恭介|Will-O-Wisp|p1a: Raging Bolt
|-status|p1a: Raging Bolt|brn
|move|p1a: Raging Bolt|Draco Meteor|p2a: 河内恭介
|-damage|p2a: 河内恭介|0 fnt
|-unboost|p1a: Raging Bolt|spa|2
|faint|p2a: 河内恭介
|
|-weather|SunnyDay|[upkeep]
|-damage|p1a: Raging Bolt|94/100 brn|[from] brn
|upkeep
|
|t:|1758971434
|switch|p2a: 冠茂|Walking Wake|100/100
|-activate|p2a: 冠茂|ability: Protosynthesis
|-start|p2a: 冠茂|protosynthesisspe
|turn|16
|inactive|palcom has 120 seconds left.
|
|t:|1758971442
|move|p1a: Raging Bolt|Draco Meteor|p2a: 冠茂
|-supereffective|p2a: 冠茂
|-damage|p2a: 冠茂|0 fnt
|-unboost|p1a: Raging Bolt|spa|2
|faint|p2a: 冠茂
|-end|p2a: 冠茂|Protosynthesis|[silent]
|
|win|palcom
|raw|palcom's rating: 1384 &rarr; <strong>1406</strong><br />(+22 for winning)
|raw|lueyougonde's rating: 1413 &rarr; <strong>1391</strong><br />(-22 for losing)
|l|☆lueyougonde
|player|p2|
|l|☆palcom
|player|p1|
