|j|☆gen 9 sab truther
|j|☆suprya
|t:|1758927337
|gametype|singles
|player|p1|gen 9 sab truther|morty-masters|1625
|player|p2|suprya|preschooler|1712
|gen|9
|tier|[Gen 9] OU
|rated|
|rule|HP Percentage Mod: HP is shown in percentages
|rule|Endless Battle Clause: Forcing endless battles is banned
|rule|Species Clause: Limit one of each Pokémon
|rule|OHKO Clause: OHKO moves are banned
|rule|Evasion Items Clause: Evasion items are banned
|rule|Evasion Moves Clause: Evasion moves are banned
|rule|Evasion Abilities Clause: Evasion abilities are banned
|rule|Sleep Moves Clause: Sleep-inducing moves are banned
|clearpoke
|poke|p1|Garganacl, M|
|poke|p1|Great Tusk|
|poke|p1|Chesnaught, M|
|poke|p1|Dragapult, F|
|poke|p1|Moltres|
|poke|p1|Kingambit, M|
|poke|p2|Jolteon, M|
|poke|p2|Dragapult, M|
|poke|p2|Alomomola, M|
|poke|p2|Incineroar, F|
|poke|p2|Corviknight, M|
|poke|p2|Garchomp, M|
|teampreview
|inactive|Battle timer is ON: inactive players will automatically lose when time's up. (requested by suprya)
|inactive|gen 9 sab truther also wants the timer to be on.
|
|t:|1758927357
|teamsize|p1|6
|teamsize|p2|6
|start
|switch|p1a: Garganacl|Garganacl, M|100/100
|switch|p2a: Alomomola|Alomomola, M|100/100
|turn|1
|
|t:|1758927363
|move|p2a: Alomomola|Flip Turn|p1a: Garganacl
|-supereffective|p1a: Garganacl
|-damage|p1a: Garganacl|76/100
|
|t:|1758927366
|switch|p2a: Garchomp|Garchomp, M|100/100|[from] Flip Turn
|move|p1a: Garganacl|Stealth Rock|p2a: Garchomp
|-sidestart|p2: suprya|move: Stealth Rock
|
|-heal|p1a: Garganacl|82/100|[from] item: Leftovers
|upkeep
|turn|2
|
|t:|1758927377
|switch|p1a: Great Tusk|Great Tusk|100/100
|move|p2a: Garchomp|Stealth Rock|p1a: Great Tusk
|-sidestart|p1: gen 9 sab truther|move: Stealth Rock
|
|upkeep
|turn|3
|
|t:|1758927409
|move|p1a: Great Tusk|Ice Spinner|p2a: Garchomp
|-supereffective|p2a: Garchomp
|-damage|p2a: Garchomp|25/100
|-damage|p1a: Great Tusk|88/100|[from] ability: Rough Skin|[of] p2a: Garchomp
|-damage|p1a: Great Tusk|72/100|[from] item: Rocky Helmet|[of] p2a: Garchomp
|move|p2a: Garchomp|Dragon Tail|p1a: Great Tusk
|-damage|p1a: Great Tusk|52/100
|-end|p1a: Great Tusk|Protosynthesis|[silent]
|drag|p1a: Dragapult|Dragapult, F|100/100
|
|upkeep
|turn|4
|
|t:|1758927425
|switch|p2a: Incineroar|Incineroar, F|100/100
|-ability|p2a: Incineroar|Intimidate|boost
|-unboost|p1a: Dragapult|atk|1
|move|p1a: Dragapult|Draco Meteor|p2a: Incineroar
|-damage|p2a: Incineroar|61/100
|-unboost|p1a: Dragapult|spa|2
|
|upkeep
|turn|5
|
|t:|1758927436
|move|p1a: Dragapult|U-turn|p2a: Incineroar
|-damage|p2a: Incineroar|51/100
|
|t:|1758927443
|switch|p1a: Great Tusk|Great Tusk|52/100|[from] U-turn
|move|p2a: Incineroar|Parting Shot|p1a: Great Tusk
|-unboost|p1a: Great Tusk|atk|1
|-unboost|p1a: Great Tusk|spa|1
|
|t:|1758927453
|switch|p2a: Jolteon|Jolteon, M|100/100|[from] Parting Shot
|
|upkeep
|turn|6
|
|t:|1758927463
|-end|p1a: Great Tusk|Protosynthesis|[silent]
|switch|p1a: Garganacl|Garganacl, M|82/100
|-damage|p1a: Garganacl|70/100|[from] Stealth Rock
|move|p2a: Jolteon|Alluring Voice|p1a: Garganacl
|-damage|p1a: Garganacl|54/100
|
|-heal|p1a: Garganacl|61/100|[from] item: Leftovers
|upkeep
|turn|7
|
|t:|1758927475
|move|p2a: Jolteon|Volt Switch|p1a: Garganacl
|-damage|p1a: Garganacl|41/100
|
|t:|1758927479
|switch|p2a: Garchomp|Garchomp, M|25/100|[from] Volt Switch
|-damage|p2a: Garchomp|19/100|[from] Stealth Rock
|move|p1a: Garganacl|Salt Cure|p2a: Garchomp
|-resisted|p2a: Garchomp
|-damage|p2a: Garchomp|14/100
|-start|p2a: Garchomp|Salt Cure
|
|-heal|p1a: Garganacl|47/100|[from] item: Leftovers
|-damage|p2a: Garchomp|2/100|[from] Salt Cure
|upkeep
|turn|8
|
|t:|1758927486
|move|p2a: Garchomp|Earthquake|p1a: Garganacl
|-supereffective|p1a: Garganacl
|-damage|p1a: Garganacl|0 fnt
|faint|p1a: Garganacl
|
|-damage|p2a: Garchomp|0 fnt|[from] Salt Cure
|faint|p2a: Garchomp
|upkeep
|
|t:|1758927503
|switch|p2a: Jolteon|Jolteon, M|100/100
|switch|p1a: Dragapult|Dragapult, F|100/100
|turn|9
|
|t:|1758927538
|-terastallize|p2a: Jolteon|Fairy
|move|p1a: Dragapult|U-turn|p2a: Jolteon
|-resisted|p2a: Jolteon
|-damage|p2a: Jolteon|85/100
|
|t:|1758927542
|switch|p1a: Moltres|Moltres|100/100|[from] U-turn
|move|p2a: Jolteon|Alluring Voice|p1a: Moltres
|-resisted|p1a: Moltres
|-damage|p1a: Moltres|87/100
|
|upkeep
|turn|10
|
|t:|1758927551
|switch|p1a: Dragapult|Dragapult, F|100/100
|move|p2a: Jolteon|Volt Switch|p1a: Dragapult
|-resisted|p1a: Dragapult
|-damage|p1a: Dragapult|77/100
|
|t:|1758927558
|switch|p2a: Incineroar|Incineroar, F|51/100|[from] Volt Switch
|-ability|p2a: Incineroar|Intimidate|boost
|-unboost|p1a: Dragapult|atk|1
|
|upkeep
|turn|11
|
|t:|1758927561
|move|p1a: Dragapult|U-turn|p2a: Incineroar
|-damage|p2a: Incineroar|40/100
|
|t:|1758927567
|switch|p1a: Chesnaught|Chesnaught, M|100/100|[from] U-turn
|-damage|p1a: Chesnaught|94/100|[from] Stealth Rock
|move|p2a: Incineroar|Knock Off|p1a: Chesnaught
|-resisted|p1a: Chesnaught
|-damage|p1a: Chesnaught|84/100
|-damage|p2a: Incineroar|23/100|[from] item: Rocky Helmet|[of] p1a: Chesnaught
|-enditem|p1a: Chesnaught|Rocky Helmet|[from] move: Knock Off|[of] p2a: Incineroar
|
|upkeep
|turn|12
|
|t:|1758927576
|switch|p2a: Alomomola|Alomomola, M|100/100
|move|p1a: Chesnaught|Spikes|p2a: Alomomola
|-sidestart|p2: suprya|Spikes
|
|upkeep
|turn|13
|
|t:|1758927580
|switch|p1a: Great Tusk|Great Tusk|52/100
|move|p2a: Alomomola|Wish|p2a: Alomomola
|
|upkeep
|turn|14
|
|t:|1758927586
|switch|p2a: Dragapult|Dragapult, M|100/100
|move|p1a: Great Tusk|Knock Off|p2a: Dragapult
|-supereffective|p2a: Dragapult
|-damage|p2a: Dragapult|5/100
|-enditem|p2a: Dragapult|Heavy-Duty Boots|[from] move: Knock Off|[of] p1a: Great Tusk
|
|-heal|p2a: Dragapult|80/100|[from] move: Wish|[wisher] Alomomola
|upkeep
|turn|15
|
|t:|1758927595
|-end|p1a: Great Tusk|Protosynthesis|[silent]
|switch|p1a: Moltres|Moltres|87/100
|move|p2a: Dragapult|Will-O-Wisp|p1a: Moltres
|-immune|p1a: Moltres
|
|upkeep
|turn|16
|
|t:|1758927600
|move|p2a: Dragapult|Thunder Wave|p1a: Moltres
|-status|p1a: Moltres|par
|move|p1a: Moltres|U-turn|p2a: Dragapult
|-resisted|p2a: Dragapult
|-damage|p2a: Dragapult|69/100
|
|t:|1758927612
|switch|p1a: Dragapult|Dragapult, F|77/100|[from] U-turn
|
|upkeep
|turn|17
|
|t:|1758927618
|move|p1a: Dragapult|Hex|p2a: Dragapult
|-supereffective|p2a: Dragapult
|-damage|p2a: Dragapult|0 fnt
|faint|p2a: Dragapult
|
|upkeep
|
|t:|1758927621
|switch|p2a: Jolteon|Jolteon, M, tera:Fairy|85/100
|turn|18
|
|t:|1758927637
|move|p1a: Dragapult|U-turn|p2a: Jolteon
|-resisted|p2a: Jolteon
|-damage|p2a: Jolteon|70/100
|
|t:|1758927639
|switch|p1a: Kingambit|Kingambit, M|100/100|[from] U-turn
|-damage|p1a: Kingambit|94/100|[from] Stealth Rock
|-activate|p1a: Kingambit|ability: Supreme Overlord
|-start|p1a: Kingambit|fallen1|[silent]
|move|p2a: Jolteon|Alluring Voice|p1a: Kingambit
|-damage|p1a: Kingambit|61/100
|
|-heal|p1a: Kingambit|67/100|[from] item: Leftovers
|upkeep
|turn|19
|
|t:|1758927652
|switch|p2a: Alomomola|Alomomola, M|100/100
|-end|p1a: Kingambit|fallen1|[silent]
|switch|p1a: Dragapult|Dragapult, F|77/100
|
|upkeep
|turn|20
|
|t:|1758927673
|move|p1a: Dragapult|U-turn|p2a: Alomomola
|-damage|p2a: Alomomola|89/100
|
|t:|1758927674
|switch|p1a: Great Tusk|Great Tusk|52/100|[from] U-turn
|move|p2a: Alomomola|Wish|p2a: Alomomola
|
|upkeep
|turn|21
|
|t:|1758927693
|move|p1a: Great Tusk|Rapid Spin|p2a: Alomomola
|-crit|p2a: Alomomola
|-damage|p2a: Alomomola|73/100
|-boost|p1a: Great Tusk|spe|1
|-sideend|p1: gen 9 sab truther|Stealth Rock|[from] move: Rapid Spin|[of] p1a: Great Tusk
|move|p2a: Alomomola|Flip Turn|p1a: Great Tusk
|-supereffective|p1a: Great Tusk
|-damage|p1a: Great Tusk|27/100
|inactive|suprya has 120 seconds left.
|
|t:|1758927725
|switch|p2a: Corviknight|Corviknight, M|100/100|[from] Flip Turn
|-damage|p2a: Corviknight|88/100|[from] Stealth Rock
|-ability|p2a: Corviknight|Pressure
|
|-heal|p2a: Corviknight|100/100|[from] move: Wish|[wisher] Alomomola
|upkeep
|turn|22
|
|t:|1758927733
|-end|p1a: Great Tusk|Protosynthesis|[silent]
|switch|p1a: Moltres|Moltres|87/100 par
|move|p2a: Corviknight|U-turn|p1a: Moltres
|-resisted|p1a: Moltres
|-damage|p1a: Moltres|83/100 par
|inactive|suprya has 120 seconds left.
|
|t:|1758927754
|switch|p2a: Jolteon|Jolteon, M, tera:Fairy|70/100|[from] U-turn
|
|upkeep
|turn|23
|
|t:|1758927761
|move|p2a: Jolteon|Electro Ball|p1a: Moltres
|-supereffective|p1a: Moltres
|-damage|p1a: Moltres|0 fnt
|faint|p1a: Moltres
|
|upkeep
|
|t:|1758927778
|switch|p1a: Dragapult|Dragapult, F|77/100
|turn|24
|
|t:|1758927797
|switch|p2a: Corviknight|Corviknight, M|100/100
|-damage|p2a: Corviknight|88/100|[from] Stealth Rock
|-ability|p2a: Corviknight|Pressure
|-terastallize|p1a: Dragapult|Fairy
|move|p1a: Dragapult|Will-O-Wisp|p2a: Corviknight|[miss]
|-miss|p1a: Dragapult|p2a: Corviknight
|
|-heal|p2a: Corviknight|94/100|[from] item: Leftovers
|upkeep
|turn|25
|
|t:|1758927811
|move|p1a: Dragapult|Will-O-Wisp|p2a: Corviknight|[miss]
|-miss|p1a: Dragapult|p2a: Corviknight
|move|p2a: Corviknight|U-turn|p1a: Dragapult
|-resisted|p1a: Dragapult
|-damage|p1a: Dragapult|67/100
|
|t:|1758927815
|switch|p2a: Alomomola|Alomomola, M|100/100|[from] U-turn
|
|upkeep
|turn|26
|
|t:|1758927820
|move|p1a: Dragapult|Will-O-Wisp|p2a: Alomomola
|-status|p2a: Alomomola|brn
|move|p2a: Alomomola|Wish|p2a: Alomomola
|
|-damage|p2a: Alomomola|94/100 brn|[from] brn
|upkeep
|turn|27
|
|t:|1758927843
|move|p1a: Dragapult|U-turn|p2a: Alomomola
|-damage|p2a: Alomomola|84/100 brn
|
|t:|1758927845
|switch|p1a: Chesnaught|Chesnaught, M|84/100|[from] U-turn
|move|p2a: Alomomola|Flip Turn|p1a: Chesnaught
|-resisted|p1a: Chesnaught
|-damage|p1a: Chesnaught|82/100
|
|t:|1758927851
|switch|p2a: Incineroar|Incineroar, F|23/100|[from] Flip Turn
|-ability|p2a: Incineroar|Intimidate|boost
|-unboost|p1a: Chesnaught|atk|1
|
|-heal|p2a: Incineroar|84/100|[from] move: Wish|[wisher] Alomomola
|upkeep
|turn|28
|
|t:|1758927862
|switch|p2a: Corviknight|Corviknight, M|94/100
|-damage|p2a: Corviknight|82/100|[from] Stealth Rock
|-ability|p2a: Corviknight|Pressure
|move|p1a: Chesnaught|Body Press|p2a: Corviknight
|-damage|p2a: Corviknight|55/100
|
|-heal|p2a: Corviknight|61/100|[from] item: Leftovers
|upkeep
|turn|29
|inactive|gen 9 sab truther has 120 seconds left.
|inactive|suprya has 120 seconds left.
|
|t:|1758927894
|switch|p1a: Great Tusk|Great Tusk|27/100
|move|p2a: Corviknight|Iron Defense|p2a: Corviknight
|-boost|p2a: Corviknight|def|2
|
|-heal|p2a: Corviknight|67/100|[from] item: Leftovers
|upkeep
|turn|30
|
|t:|1758927903
|-end|p1a: Great Tusk|Protosynthesis|[silent]
|switch|p1a: Dragapult|Dragapult, F, tera:Fairy|67/100
|move|p2a: Corviknight|Iron Defense|p2a: Corviknight
|-boost|p2a: Corviknight|def|2
|
|-heal|p2a: Corviknight|73/100|[from] item: Leftovers
|upkeep
|turn|31
|
|t:|1758927906
|move|p1a: Dragapult|Will-O-Wisp|p2a: Corviknight
|-status|p2a: Corviknight|brn
|move|p2a: Corviknight|Body Press|p1a: Dragapult
|-resisted|p1a: Dragapult
|-damage|p1a: Dragapult|39/100
|
|-heal|p2a: Corviknight|79/100 brn|[from] item: Leftovers
|-damage|p2a: Corviknight|73/100 brn|[from] brn
|upkeep
|turn|32
|
|t:|1758927910
|switch|p2a: Incineroar|Incineroar, F|84/100
|-ability|p2a: Incineroar|Intimidate|boost
|-unboost|p1a: Dragapult|atk|1
|move|p1a: Dragapult|Hex|p2a: Incineroar
|-resisted|p2a: Incineroar
|-crit|p2a: Incineroar
|-damage|p2a: Incineroar|69/100
|
|upkeep
|turn|33
|
|t:|1758927919
|move|p1a: Dragapult|U-turn|p2a: Incineroar
|-crit|p2a: Incineroar
|-damage|p2a: Incineroar|46/100
|
|t:|1758927923
|switch|p1a: Chesnaught|Chesnaught, M|82/100|[from] U-turn
|move|p2a: Incineroar|Flare Blitz|p1a: Chesnaught
|-supereffective|p1a: Chesnaught
|-damage|p1a: Chesnaught|27/100
|-damage|p2a: Incineroar|29/100|[from] Recoil
|
|upkeep
|turn|34
|inactive|suprya has 120 seconds left.
|
|t:|1758927961
|switch|p2a: Alomomola|Alomomola, M|100/100 brn
|move|p1a: Chesnaught|Synthesis|p1a: Chesnaught
|-heal|p1a: Chesnaught|77/100
|
|-damage|p2a: Alomomola|94/100 brn|[from] brn
|upkeep
|turn|35
|
|t:|1758927966
|switch|p1a: Great Tusk|Great Tusk|27/100
|move|p2a: Alomomola|Wish|p2a: Alomomola
|
|-damage|p2a: Alomomola|88/100 brn|[from] brn
|upkeep
|turn|36
|
|t:|1758927974
|move|p1a: Great Tusk|Knock Off|p2a: Alomomola
|-damage|p2a: Alomomola|67/100 brn
|-enditem|p2a: Alomomola|Heavy-Duty Boots|[from] move: Knock Off|[of] p1a: Great Tusk
|move|p2a: Alomomola|Flip Turn|p1a: Great Tusk
|-supereffective|p1a: Great Tusk
|-damage|p1a: Great Tusk|15/100
|
|t:|1758927988
|switch|p2a: Jolteon|Jolteon, M, tera:Fairy|70/100|[from] Flip Turn
|
|-heal|p2a: Jolteon|100/100|[from] move: Wish|[wisher] Alomomola
|upkeep
|turn|37
|inactive|gen 9 sab truther has 120 seconds left.
|
|t:|1758928027
|move|p2a: Jolteon|Alluring Voice|p1a: Great Tusk
|-supereffective|p1a: Great Tusk
|-damage|p1a: Great Tusk|0 fnt
|faint|p1a: Great Tusk
|-end|p1a: Great Tusk|Protosynthesis|[silent]
|
|upkeep
|
|t:|1758928034
|switch|p1a: Kingambit|Kingambit, M|67/100
|-activate|p1a: Kingambit|ability: Supreme Overlord
|-start|p1a: Kingambit|fallen3|[silent]
|turn|38
|inactive|gen 9 sab truther has 120 seconds left.
|j| I buy gun skill
|
|t:|1758928051
|move|p2a: Jolteon|Volt Switch|p1a: Kingambit
|-damage|p1a: Kingambit|33/100
|
|t:|1758928058
|switch|p2a: Incineroar|Incineroar, F|29/100|[from] Volt Switch
|-ability|p2a: Incineroar|Intimidate|boost
|-unboost|p1a: Kingambit|atk|1
|move|p1a: Kingambit|Swords Dance|p1a: Kingambit
|-boost|p1a: Kingambit|atk|2
|
|-heal|p1a: Kingambit|39/100|[from] item: Leftovers
|upkeep
|turn|39
|inactive|gen 9 sab truther has 120 seconds left.
|
|t:|1758928073
|move|p2a: Incineroar|Will-O-Wisp|p1a: Kingambit
|-status|p1a: Kingambit|brn
|move|p1a: Kingambit|Kowtow Cleave|p2a: Incineroar
|-resisted|p2a: Incineroar
|-damage|p2a: Incineroar|6/100
|
|-heal|p1a: Kingambit|45/100 brn|[from] item: Leftovers
|-damage|p1a: Kingambit|39/100 brn|[from] brn
|upkeep
|turn|40
|j| Just Icicle
|
|t:|1758928094
|move|p2a: Incineroar|Flare Blitz|p1a: Kingambit
|-supereffective|p1a: Kingambit
|-damage|p1a: Kingambit|0 fnt
|faint|p1a: Kingambit
|-end|p1a: Kingambit|fallen3|[silent]
|-damage|p2a: Incineroar|0 fnt|[from] Recoil
|faint|p2a: Incineroar
|
|upkeep
|
|t:|1758928104
|switch|p2a: Alomomola|Alomomola, M|100/100 brn
|switch|p1a: Dragapult|Dragapult, F, tera:Fairy|39/100
|-damage|p2a: Alomomola|88/100 brn|[from] Stealth Rock
|-damage|p2a: Alomomola|76/100 brn|[from] Spikes
|turn|41
|
|t:|1758928113
|move|p1a: Dragapult|Hex|p2a: Alomomola
|-damage|p2a: Alomomola|28/100 brn
|move|p2a: Alomomola|Flip Turn|p1a: Dragapult
|-damage|p1a: Dragapult|28/100
|
|t:|1758928115
|switch|p2a: Jolteon|Jolteon, M, tera:Fairy|100/100|[from] Flip Turn
|
|upkeep
|turn|42
|-message|gen 9 sab truther forfeited.
|
|win|suprya
|raw|gen 9 sab truther's rating: 1625 &rarr; <strong>1609</strong><br />(-16 for losing)
|raw|suprya's rating: 1697 &rarr; <strong>1713</strong><br />(+16 for winning)
|l|☆gen 9 sab truther
|player|p1|
|l| I buy gun skill
|l| Just Icicle
