|j|☆DeadYet?999
|j|☆syk1307
|t:|1759014622
|gametype|singles
|player|p1|DeadYet?999|n|1451
|player|p2|syk1307|giovanni|1473
|gen|9
|tier|[Gen 9] OU
|rated|
|rule|HP Percentage Mod: HP is shown in percentages
|rule|Endless Battle Clause: Forcing endless battles is banned
|rule|Species Clause: Limit one of each Pokémon
|rule|OHKO Clause: OHKO moves are banned
|rule|Evasion Items Clause: Evasion items are banned
|rule|Evasion Moves Clause: Evasion moves are banned
|rule|Evasion Abilities Clause: Evasion abilities are banned
|rule|Sleep Moves Clause: Sleep-inducing moves are banned
|clearpoke
|poke|p1|Indeedee, M|
|poke|p1|Espeon, M|
|poke|p1|Armarouge, F|
|poke|p1|Ceruledge, M|
|poke|p1|Polteageist|
|poke|p1|Iron Valiant|
|poke|p2|Jolteon, M|
|poke|p2|Gyarados, M|
|poke|p2|Arcanine, M|
|poke|p2|Scizor, M|
|poke|p2|Corviknight, M|
|poke|p2|Mew|
|teampreview
|inactive|Battle timer is ON: inactive players will automatically lose when time's up. (requested by DeadYet?999)
|inactive|syk1307 has 120 seconds left.
|
|t:|1759014691
|teamsize|p1|6
|teamsize|p2|6
|start
|switch|p1a: Espeon|Espeon, M|100/100
|switch|p2a: Jolteon|Jolteon, M|100/100
|turn|1
|
|t:|1759014703
|move|p1a: Espeon|Expanding Force|p2a: Jolteon
|-damage|p2a: Jolteon|49/100
|move|p2a: Jolteon|Volt Switch|p1a: Espeon
|-damage|p1a: Espeon|33/100
|
|t:|1759014710
|switch|p2a: Corviknight|Corviknight, M|100/100|[from] Volt Switch
|
|upkeep
|turn|2
|
|t:|1759014718
|switch|p1a: Ceruledge|Ceruledge, M|100/100
|move|p2a: Corviknight|U-turn|p1a: Ceruledge
|-resisted|p1a: Ceruledge
|-damage|p1a: Ceruledge|95/100
|-ability|p1a: Ceruledge|Weak Armor|boost
|-unboost|p1a: Ceruledge|def|1
|-boost|p1a: Ceruledge|spe|2
|
|t:|1759014726
|switch|p2a: Gyarados|Gyarados, M|100/100|[from] U-turn
|
|upkeep
|turn|3
|
|t:|1759014738
|move|p1a: Ceruledge|Destiny Bond|p1a: Ceruledge
|-singlemove|p1a: Ceruledge|Destiny Bond
|move|p2a: Gyarados|Waterfall|p1a: Ceruledge
|-supereffective|p1a: Ceruledge
|-damage|p1a: Ceruledge|0 fnt
|faint|p1a: Ceruledge
|-activate|p1a: Ceruledge|move: Destiny Bond
|faint|p2a: Gyarados
|
|upkeep
|
|t:|1759014752
|switch|p1a: Indeedee|Indeedee, M|100/100
|switch|p2a: Scizor|Scizor, M|100/100
|-fieldstart|move: Psychic Terrain|[from] ability: Psychic Surge|[of] p1a: Indeedee
|turn|4
|
|t:|1759014757
|switch|p1a: Armarouge|Armarouge, F|100/100
|move|p2a: Scizor|U-turn|p1a: Armarouge
|-damage|p1a: Armarouge|39/100
|-ability|p1a: Armarouge|Weak Armor|boost
|-unboost|p1a: Armarouge|def|1
|-boost|p1a: Armarouge|spe|2
|
|t:|1759014765
|switch|p2a: Arcanine|Arcanine, M|100/100|[from] U-turn
|
|upkeep
|turn|5
|
|t:|1759014776
|move|p1a: Armarouge|Endure|p1a: Armarouge
|-singleturn|p1a: Armarouge|move: Endure
|move|p2a: Arcanine|Flare Blitz|p1a: Armarouge
|-resisted|p1a: Armarouge
|-activate|p1a: Armarouge|move: Endure
|-damage|p1a: Armarouge|1/100
|-ability|p1a: Armarouge|Weak Armor|boost
|-unboost|p1a: Armarouge|def|1
|-boost|p1a: Armarouge|spe|2
|-damage|p2a: Arcanine|88/100|[from] Recoil
|
|upkeep
|turn|6
|inactive|syk1307 has 120 seconds left.
|
|t:|1759014815
|move|p1a: Armarouge|Expanding Force|p2a: Arcanine
|-damage|p2a: Arcanine|0 fnt
|faint|p2a: Arcanine
|
|upkeep
|
|t:|1759014839
|switch|p2a: Mew|Mew, shiny|100/100
|turn|7
|
|t:|1759014844
|move|p1a: Armarouge|Armor Cannon|p2a: Mew
|-damage|p2a: Mew|43/100
|-unboost|p1a: Armarouge|def|1
|-unboost|p1a: Armarouge|spd|1
|-enditem|p2a: Mew|Sitrus Berry|[eat]
|-heal|p2a: Mew|68/100|[from] item: Sitrus Berry
|move|p2a: Mew|Earth Power|p1a: Armarouge
|-supereffective|p1a: Armarouge
|-damage|p1a: Armarouge|0 fnt
|faint|p1a: Armarouge
|
|upkeep
|
|t:|1759014852
|switch|p1a: Iron Valiant|Iron Valiant|100/100
|-enditem|p1a: Iron Valiant|Booster Energy
|-activate|p1a: Iron Valiant|ability: Quark Drive|[fromitem]
|-start|p1a: Iron Valiant|quarkdrivespe
|turn|8
|
|t:|1759014874
|-terastallize|p2a: Mew|Fairy
|move|p1a: Iron Valiant|Hex|p2a: Mew
|-damage|p2a: Mew|54/100
|move|p2a: Mew|Draining Kiss|p1a: Iron Valiant
|-supereffective|p1a: Iron Valiant
|-damage|p1a: Iron Valiant|3/100
|-heal|p2a: Mew|100/100|[from] drain|[of] p1a: Iron Valiant
|
|upkeep
|turn|9
|
|t:|1759014888
|move|p1a: Iron Valiant|Dazzling Gleam|p2a: Mew
|-damage|p2a: Mew|76/100
|move|p2a: Mew|Draining Kiss|p1a: Iron Valiant
|-supereffective|p1a: Iron Valiant
|-damage|p1a: Iron Valiant|0 fnt
|-heal|p2a: Mew|78/100|[from] drain|[of] p1a: Iron Valiant
|faint|p1a: Iron Valiant
|-end|p1a: Iron Valiant|Quark Drive|[silent]
|
|upkeep
|
|t:|1759014890
|switch|p1a: Indeedee|Indeedee, M|100/100
|turn|10
|
|t:|1759014904
|move|p1a: Indeedee|Expanding Force|p2a: Mew
|-damage|p2a: Mew|20/100
|move|p2a: Mew|Nasty Plot|p2a: Mew
|-boost|p2a: Mew|spa|2
|
|upkeep
|turn|11
|
|t:|1759014910
|move|p1a: Indeedee|Expanding Force|p2a: Mew
|-damage|p2a: Mew|0 fnt
|faint|p2a: Mew
|
|-fieldend|move: Psychic Terrain
|upkeep
|inactive|syk1307 has 90 seconds left.
|
|t:|1759014941
|switch|p2a: Scizor|Scizor, M|100/100
|turn|12
|
|t:|1759014945
|switch|p1a: Espeon|Espeon, M|33/100
|move|p2a: Scizor|Knock Off|p1a: Espeon
|-supereffective|p1a: Espeon
|-damage|p1a: Espeon|0 fnt
|-enditem|p1a: Espeon|Choice Scarf|[from] move: Knock Off|[of] p2a: Scizor
|faint|p1a: Espeon
|
|upkeep
|
|t:|1759014952
|switch|p1a: Indeedee|Indeedee, M|100/100
|-fieldstart|move: Psychic Terrain|[from] ability: Psychic Surge|[of] p1a: Indeedee
|turn|13
|
|t:|1759014959
|move|p1a: Indeedee|Expanding Force|p2a: Scizor
|-resisted|p2a: Scizor
|-damage|p2a: Scizor|57/100
|move|p2a: Scizor|Knock Off|p1a: Indeedee
|-supereffective|p1a: Indeedee
|-damage|p1a: Indeedee|0 fnt
|-enditem|p1a: Indeedee|Terrain Extender|[from] move: Knock Off|[of] p2a: Scizor
|faint|p1a: Indeedee
|
|upkeep
|
|t:|1759014962
|switch|p1a: Polteageist|Polteageist|100/100
|turn|14
|
|t:|1759014969
|move|p1a: Polteageist|Shell Smash|p1a: Polteageist
|-unboost|p1a: Polteageist|def|1
|-unboost|p1a: Polteageist|spd|1
|-boost|p1a: Polteageist|atk|2
|-boost|p1a: Polteageist|spa|2
|-boost|p1a: Polteageist|spe|2
|move|p2a: Scizor|Knock Off|p1a: Polteageist
|-supereffective|p1a: Polteageist
|-enditem|p1a: Polteageist|Focus Sash
|-damage|p1a: Polteageist|1/100
|-ability|p1a: Polteageist|Weak Armor|boost
|-unboost|p1a: Polteageist|def|1
|-boost|p1a: Polteageist|spe|2
|
|upkeep
|turn|15
|inactive|syk1307 has 120 seconds left.
|
|t:|1759014986
|move|p1a: Polteageist|Stored Power|p2a: Scizor
|-resisted|p2a: Scizor
|-damage|p2a: Scizor|0 fnt
|faint|p2a: Scizor
|
|upkeep
|
|t:|1759014991
|switch|p2a: Jolteon|Jolteon, M|49/100
|turn|16
|
|t:|1759014994
|move|p1a: Polteageist|Stored Power|p2a: Jolteon
|-damage|p2a: Jolteon|0 fnt
|faint|p2a: Jolteon
|
|upkeep
|
|t:|1759014997
|switch|p2a: Corviknight|Corviknight, M|100/100
|turn|17
|
|t:|1759015003
|move|p1a: Polteageist|Stored Power|p2a: Corviknight
|-resisted|p2a: Corviknight
|-damage|p2a: Corviknight|17/100
|move|p2a: Corviknight|U-turn|p1a: Polteageist
|-resisted|p1a: Polteageist
|-damage|p1a: Polteageist|0 fnt
|faint|p1a: Polteageist
|
|win|syk1307
|raw|DeadYet?999's rating: 1451 &rarr; <strong>1432</strong><br />(-19 for losing)
|raw|syk1307's rating: 1473 &rarr; <strong>1492</strong><br />(+19 for winning)
|l|☆syk1307
|player|p2|
|l|☆DeadYet?999
|player|p1|
