|j|☆piranho70yt
|j|☆yolopirate22
|t:|1759059680
|gametype|singles
|player|p1|piranho70yt|red|
|player|p2|yolopirate22|ethan|
|gen|9
|tier|[Gen 9] OU
|rule|HP Percentage Mod: HP is shown in percentages
|rule|Endless Battle Clause: Forcing endless battles is banned
|rule|Species Clause: Limit one of each Pokémon
|rule|OHKO Clause: OHKO moves are banned
|rule|Evasion Items Clause: Evasion items are banned
|rule|Evasion Moves Clause: Evasion moves are banned
|rule|Evasion Abilities Clause: Evasion abilities are banned
|rule|Sleep Moves Clause: Sleep-inducing moves are banned
|clearpoke
|poke|p1|Sceptile, M|
|poke|p1|Altaria, F|
|poke|p1|Azumarill, F|
|poke|p1|Golem, F|
|poke|p1|Electivire, M|
|poke|p1|Deoxys-Defense|
|poke|p2|Charizard, M|
|poke|p2|Garchomp, M|
|poke|p2|Gengar, F|
|poke|p2|Swampert, M|
|poke|p2|Metagross|
|poke|p2|Blaziken, M|
|teampreview
|
|t:|1759059694
|teamsize|p1|6
|teamsize|p2|6
|start
|switch|p1a: Azumarill|Azumarill, F|100/100
|switch|p2a: Metagross|Metagross|100/100
|-item|p2a: Metagross|Air Balloon
|turn|1
|
|t:|1759059706
|move|p2a: Metagross|Meteor Mash|p1a: Azumarill
|-damage|p1a: Azumarill|54/100
|-boost|p2a: Metagross|atk|1
|move|p1a: Azumarill|Brick Break|p2a: Metagross
|-damage|p2a: Metagross|77/100
|-enditem|p2a: Metagross|Air Balloon
|
|upkeep
|turn|2
|
|t:|1759059716
|move|p2a: Metagross|Meteor Mash|p1a: Azumarill
|-damage|p1a: Azumarill|0 fnt
|faint|p1a: Azumarill
|
|upkeep
|
|t:|1759059729
|switch|p1a: Sceptile|Sceptile, M|100/100
|turn|3
|
|t:|1759059739
|-terastallize|p1a: Sceptile|Psychic
|move|p1a: Sceptile|Earthquake|p2a: Metagross
|-supereffective|p2a: Metagross
|-damage|p2a: Metagross|27/100
|move|p2a: Metagross|Psychic|p1a: Sceptile
|-resisted|p1a: Sceptile
|-damage|p1a: Sceptile|77/100
|
|upkeep
|turn|4
|
|t:|1759059748
|move|p1a: Sceptile|Crunch|p2a: Metagross
|-supereffective|p2a: Metagross
|-damage|p2a: Metagross|0 fnt
|faint|p2a: Metagross
|
|upkeep
|
|t:|1759059754
|switch|p2a: Gengar|Gengar, F|100/100
|turn|5
|
|t:|1759059761
|move|p1a: Sceptile|Earthquake|p2a: Gengar
|-supereffective|p2a: Gengar
|-damage|p2a: Gengar|4/100
|-enditem|p2a: Gengar|Weakness Policy
|-boost|p2a: Gengar|atk|2|[from] item: Weakness Policy
|-boost|p2a: Gengar|spa|2|[from] item: Weakness Policy
|move|p2a: Gengar|Destiny Bond|p2a: Gengar
|-singlemove|p2a: Gengar|Destiny Bond
|
|upkeep
|turn|6
|
|t:|1759059773
|switch|p1a: Golem|Golem, F|100/100
|move|p2a: Gengar|Sucker Punch||[still]
|-fail|p2a: Gengar
|
|upkeep
|turn|7
|
|t:|1759059781
|move|p2a: Gengar|Sucker Punch|p1a: Golem
|-damage|p1a: Golem|80/100
|move|p1a: Golem|Fire Punch|p2a: Gengar
|-damage|p2a: Gengar|0 fnt
|-start|p1a: Golem|Disable|Fire Punch|[from] ability: Cursed Body|[of] p2a: Gengar
|faint|p2a: Gengar
|
|upkeep
|
|t:|1759059791
|switch|p2a: Swampert|Swampert, M|100/100
|turn|8
|
|t:|1759059796
|move|p2a: Swampert|Surf|p1a: Golem
|-supereffective|p1a: Golem
|-damage|p1a: Golem|0 fnt
|faint|p1a: Golem
|
|upkeep
|
|t:|1759059801
|switch|p1a: Sceptile|Sceptile, M, tera:Psychic|77/100
|turn|9
|
|t:|1759059810
|switch|p2a: Blaziken|Blaziken, M|100/100
|move|p1a: Sceptile|Leaf Blade|p2a: Blaziken
|-resisted|p2a: Blaziken
|-damage|p2a: Blaziken|78/100
|
|upkeep
|turn|10
|
|t:|1759059817
|move|p1a: Sceptile|Earthquake|p2a: Blaziken
|-supereffective|p2a: Blaziken
|-damage|p2a: Blaziken|0 fnt
|faint|p2a: Blaziken
|
|upkeep
|
|t:|1759059823
|switch|p2a: Charizard|Charizard, M|100/100
|turn|11
|
|t:|1759059831
|switch|p1a: Altaria|Altaria, F|100/100
|-ability|p1a: Altaria|Cloud Nine
|move|p2a: Charizard|Flamethrower|p1a: Altaria
|-resisted|p1a: Altaria
|-damage|p1a: Altaria|82/100
|
|upkeep
|turn|12
|
|t:|1759059841
|move|p1a: Altaria|Dragon Claw|p2a: Charizard
|-damage|p2a: Charizard|69/100
|move|p2a: Charizard|Rock Slide|p1a: Altaria
|-supereffective|p1a: Altaria
|-damage|p1a: Altaria|37/100
|
|upkeep
|turn|13
|
|t:|1759059849
|move|p1a: Altaria|Dual Wingbeat|p2a: Charizard
|-crit|p2a: Charizard
|-damage|p2a: Charizard|45/100
|-damage|p2a: Charizard|28/100
|-hitcount|p2a: Charizard|2
|move|p2a: Charizard|Rock Slide|p1a: Altaria|[miss]
|-miss|p2a: Charizard|p1a: Altaria
|
|upkeep
|turn|14
|
|t:|1759059859
|move|p1a: Altaria|Dual Wingbeat|p2a: Charizard|[miss]
|-miss|p1a: Altaria|p2a: Charizard
|move|p2a: Charizard|Rock Slide|p1a: Altaria
|-supereffective|p1a: Altaria
|-damage|p1a: Altaria|0 fnt
|faint|p1a: Altaria
|
|upkeep
|
|t:|1759059867
|switch|p1a: Electivire|Electivire, M|100/100
|turn|15
|
|t:|1759059872
|move|p2a: Charizard|Flamethrower|p1a: Electivire
|-damage|p1a: Electivire|46/100
|move|p1a: Electivire|Thunderbolt|p2a: Charizard
|-supereffective|p2a: Charizard
|-damage|p2a: Charizard|0 fnt
|faint|p2a: Charizard
|
|upkeep
|
|t:|1759059881
|switch|p2a: Garchomp|Garchomp, M|100/100
|turn|16
|
|t:|1759059885
|move|p2a: Garchomp|Earthquake|p1a: Electivire
|-supereffective|p1a: Electivire
|-damage|p1a: Electivire|0 fnt
|faint|p1a: Electivire
|
|upkeep
|
|t:|1759059890
|switch|p1a: Sceptile|Sceptile, M, tera:Psychic|77/100
|turn|17
|
|t:|1759059895
|move|p1a: Sceptile|Dragon Claw|p2a: Garchomp
|-supereffective|p2a: Garchomp
|-damage|p2a: Garchomp|53/100
|-damage|p1a: Sceptile|65/100|[from] ability: Rough Skin|[of] p2a: Garchomp
|move|p2a: Garchomp|Shadow Claw|p1a: Sceptile
|-supereffective|p1a: Sceptile
|-damage|p1a: Sceptile|0 fnt
|faint|p1a: Sceptile
|
|upkeep
|
|t:|1759059904
|switch|p1a: Deoxys|Deoxys-Defense|100/100
|-ability|p1a: Deoxys|Pressure
|turn|18
|
|t:|1759059915
|move|p1a: Deoxys|Knock Off|p2a: Garchomp
|-damage|p2a: Garchomp|32/100
|-damage|p1a: Deoxys|88/100|[from] ability: Rough Skin|[of] p2a: Garchomp
|-enditem|p2a: Garchomp|Assault Vest|[from] move: Knock Off|[of] p1a: Deoxys
|move|p2a: Garchomp|Earthquake|p1a: Deoxys
|-damage|p1a: Deoxys|42/100
|
|upkeep
|turn|19
|
|t:|1759059933
|move|p1a: Deoxys|Zen Headbutt|p2a: Garchomp
|-damage|p2a: Garchomp|6/100
|-damage|p1a: Deoxys|30/100|[from] ability: Rough Skin|[of] p2a: Garchomp
|move|p2a: Garchomp|Shadow Claw|p1a: Deoxys
|-supereffective|p1a: Deoxys
|-damage|p1a: Deoxys|0 fnt
|faint|p1a: Deoxys
|
|win|yolopirate22
|c|☆piranho70yt|gg bro
