|badge|p2|bronze|gen9ou|100-6
|badge|p2|bronze|gen9doublesou|100-6
|html|<div class="broadcast-red"><strong>This battle is required to be public due to one or more player having a season medal.</strong><br />During the public phase, you can discuss the state of the ladder <a href="/seasondiscussion">in a special chatroom.</a></div>
|uhtml|medal-msg|<div class="broadcast-blue">Curious what those medals under the avatar are? PS now has Ladder Seasons! For more information, check out the <a href="https://www.smogon.com/forums/threads/3740067/">thread on Smogon.</a></div>
|raw|<div class="broadcast-blue"><strong>This battle is required to be public due to a player having a name starting with 'medal'.</div>
|j|☆Omari P
|j|☆lvBreakfast
|t:|1759035103
|gametype|singles
|player|p1|Omari P|pokemonrangerf|1791
|player|p2|lvBreakfast|psychic-gen4|1913
|gen|9
|tier|[Gen 9] OU
|rated|
|rule|HP Percentage Mod: HP is shown in percentages
|rule|Endless Battle Clause: Forcing endless battles is banned
|rule|Species Clause: Limit one of each Pokémon
|rule|OHKO Clause: OHKO moves are banned
|rule|Evasion Items Clause: Evasion items are banned
|rule|Evasion Moves Clause: Evasion moves are banned
|rule|Evasion Abilities Clause: Evasion abilities are banned
|rule|Sleep Moves Clause: Sleep-inducing moves are banned
|clearpoke
|poke|p1|Thundurus-Therian, M|
|poke|p1|Cinderace, F|
|poke|p1|Mandibuzz, F|
|poke|p1|Latios, M|
|poke|p1|Jirachi|
|poke|p1|Great Tusk|
|poke|p2|Zapdos|
|poke|p2|Sinistcha|
|poke|p2|Weavile, F|
|poke|p2|Keldeo|
|poke|p2|Goodra-Hisui, F|
|poke|p2|Ting-Lu|
|teampreview
|j| Liminal Crow
|j| frit
|
|t:|1759035167
|teamsize|p1|6
|teamsize|p2|6
|start
|switch|p1a: Cinderace|Cinderace, F|100/100
|switch|p2a: Weavile|Weavile, F|100/100
|turn|1
|inactive|Battle timer is ON: inactive players will automatically lose when time's up. (requested by Omari P)
|
|t:|1759035174
|switch|p2a: Glue eater|Keldeo, shiny|100/100
|move|p1a: Cinderace|Pyro Ball|p2a: Glue eater
|-resisted|p2a: Glue eater
|-damage|p2a: Glue eater|54/100
|-status|p2a: Glue eater|brn
|
|-damage|p2a: Glue eater|48/100 brn|[from] brn
|upkeep
|turn|2
|
|t:|1759035181
|switch|p1a: Latios|Latios, M|100/100
|move|p2a: Glue eater|Surf|p1a: Latios
|-resisted|p1a: Latios
|-damage|p1a: Latios|75/100
|
|-damage|p2a: Glue eater|42/100 brn|[from] brn
|upkeep
|turn|3
|
|t:|1759035185
|switch|p1a: Cinderace|Cinderace, F|100/100
|switch|p2a: Goodra|Goodra-Hisui, F|100/100
|
|upkeep
|turn|4
|
|t:|1759035203
|switch|p2a: Ting-Loui|Ting-Lu|100/100
|-ability|p2a: Ting-Loui|Vessel of Ruin
|move|p1a: Cinderace|High Jump Kick|p2a: Ting-Loui
|-start|p1a: Cinderace|typechange|Fighting|[from] ability: Libero
|-supereffective|p2a: Ting-Loui
|-damage|p2a: Ting-Loui|40/100
|
|-heal|p2a: Ting-Loui|46/100|[from] item: Leftovers
|upkeep
|turn|5
|j| cryyysneasel
|
|t:|1759035224
|move|p1a: Cinderace|Pyro Ball|p2a: Ting-Loui
|-damage|p2a: Ting-Loui|20/100
|move|p2a: Ting-Loui|Stealth Rock|p1a: Cinderace
|-sidestart|p1: Omari P|move: Stealth Rock
|
|-heal|p2a: Ting-Loui|26/100|[from] item: Leftovers
|upkeep
|turn|6
|
|t:|1759035228
|switch|p2a: Sinister Tea ;)|Sinistcha|100/100
|move|p1a: Cinderace|High Jump Kick|p2a: Sinister Tea ;)
|-immune|p2a: Sinister Tea ;)
|-damage|p1a: Cinderace|51/100|[from] highjumpkick
|
|upkeep
|turn|7
|
|t:|1759035234
|move|p1a: Cinderace|Court Change|p1a: Cinderace
|-swapsideconditions
|-activate|p1a: Cinderace|move: Court Change
|move|p2a: Sinister Tea ;)|Shadow Ball|p1a: Cinderace
|-damage|p1a: Cinderace|6/100
|
|upkeep
|turn|8
|
|t:|1759035239
|switch|p1a: Mandibuzz|Mandibuzz, F, shiny|100/100
|move|p2a: Sinister Tea ;)|Shadow Ball|p1a: Mandibuzz
|-resisted|p1a: Mandibuzz
|-damage|p1a: Mandibuzz|87/100
|
|upkeep
|turn|9
|
|t:|1759035242
|switch|p1a: Cinderace|Cinderace, F|6/100
|switch|p2a: Lil emolga|Zapdos|100/100
|
|upkeep
|turn|10
|l| Liminal Crow
|
|t:|1759035249
|switch|p2a: Weavile|Weavile, F|100/100
|move|p1a: Cinderace|Pyro Ball|p2a: Weavile
|-supereffective|p2a: Weavile
|-damage|p2a: Weavile|0 fnt
|faint|p2a: Weavile
|
|upkeep
|
|t:|1759035253
|switch|p2a: Glue eater|Keldeo, shiny|42/100 brn
|turn|11
|c|☆Omari P|???
|
|t:|1759035259
|switch|p1a: Jirachi|Jirachi|100/100
|move|p2a: Glue eater|Vacuum Wave|p1a: Jirachi
|-damage|p1a: Jirachi|89/100
|
|-damage|p2a: Glue eater|35/100 brn|[from] brn
|upkeep
|turn|12
|j| shyahngyoo
|
|t:|1759035266
|move|p2a: Glue eater|Flip Turn|p1a: Jirachi
|-damage|p1a: Jirachi|83/100
|
|t:|1759035267
|switch|p2a: Lil emolga|Zapdos|100/100|[from] Flip Turn
|move|p1a: Jirachi|Icy Wind|p2a: Lil emolga
|-supereffective|p2a: Lil emolga
|-damage|p2a: Lil emolga|71/100
|-unboost|p2a: Lil emolga|spe|1
|
|upkeep
|turn|13
|
|t:|1759035273
|move|p1a: Jirachi|Psychic Noise|p2a: Lil emolga
|-damage|p2a: Lil emolga|42/100
|-start|p2a: Lil emolga|move: Heal Block
|move|p2a: Lil emolga|Hurricane|p1a: Jirachi
|-resisted|p1a: Jirachi
|-damage|p1a: Jirachi|71/100
|
|upkeep
|turn|14
|
|t:|1759035279
|move|p1a: Jirachi|Doom Desire|p2a: Lil emolga
|-start|p1a: Jirachi|Doom Desire
|move|p2a: Lil emolga|Volt Switch|p1a: Jirachi
|-damage|p1a: Jirachi|54/100
|
|t:|1759035281
|switch|p2a: Ting-Loui|Ting-Lu|26/100|[from] Volt Switch
|-damage|p2a: Ting-Loui|20/100|[from] Stealth Rock
|-ability|p2a: Ting-Loui|Vessel of Ruin
|
|-heal|p2a: Ting-Loui|26/100|[from] item: Leftovers
|upkeep
|turn|15
|
|t:|1759035283
|switch|p1a: Cinderace|Cinderace, F|6/100
|move|p2a: Ting-Loui|Stealth Rock|p1a: Cinderace
|-sidestart|p1: Omari P|move: Stealth Rock
|
|-heal|p2a: Ting-Loui|32/100|[from] item: Leftovers
|upkeep
|turn|16
|
|t:|1759035287
|move|p1a: Cinderace|Pyro Ball|p2a: Ting-Loui
|-damage|p2a: Ting-Loui|0 fnt
|faint|p2a: Ting-Loui
|
|-hint|Doom Desire did not hit because the target is fainted.
|upkeep
|
|t:|1759035291
|switch|p2a: Glue eater|Keldeo, shiny|35/100 brn
|turn|17
|
|t:|1759035295
|move|p2a: Glue eater|Vacuum Wave|p1a: Cinderace
|-damage|p1a: Cinderace|0 fnt
|faint|p1a: Cinderace
|
|-damage|p2a: Glue eater|29/100 brn|[from] brn
|upkeep
|
|t:|1759035298
|switch|p1a: Jirachi|Jirachi|54/100
|-damage|p1a: Jirachi|48/100|[from] Stealth Rock
|turn|18
|j| catarina valentine
|
|t:|1759035301
|move|p2a: Glue eater|Flip Turn|p1a: Jirachi
|-damage|p1a: Jirachi|42/100
|
|t:|1759035306
|switch|p2a: Goodra|Goodra-Hisui, F|100/100|[from] Flip Turn
|-damage|p2a: Goodra|94/100|[from] Stealth Rock
|move|p1a: Jirachi|Psychic Noise|p2a: Goodra
|-resisted|p2a: Goodra
|-damage|p2a: Goodra|88/100
|-start|p2a: Goodra|move: Heal Block
|
|upkeep
|turn|19
|
|t:|1759035308
|move|p1a: Jirachi|Doom Desire|p2a: Goodra
|-start|p1a: Jirachi|Doom Desire
|move|p2a: Goodra|Knock Off|p1a: Jirachi
|-supereffective|p1a: Jirachi
|-damage|p1a: Jirachi|9/100
|-enditem|p1a: Jirachi|Assault Vest|[from] move: Knock Off|[of] p2a: Goodra
|
|-end|p2a: Goodra|move: Heal Block
|upkeep
|turn|20
|
|t:|1759035320
|move|p1a: Jirachi|Psychic Noise|p2a: Goodra
|-resisted|p2a: Goodra
|-damage|p2a: Goodra|81/100
|-start|p2a: Goodra|move: Heal Block
|move|p2a: Goodra|Dragon Tail|p1a: Jirachi|[miss]
|-miss|p2a: Goodra|p1a: Jirachi
|
|upkeep
|turn|21
|
|t:|1759035336
|move|p1a: Jirachi|Psychic Noise|p2a: Goodra
|-resisted|p2a: Goodra
|-damage|p2a: Goodra|75/100
|move|p2a: Goodra|Knock Off|p1a: Jirachi
|-supereffective|p1a: Jirachi
|-damage|p1a: Jirachi|0 fnt
|faint|p1a: Jirachi
|
|-end|p2a: Goodra|move: Doom Desire
|-resisted|p2a: Goodra
|-damage|p2a: Goodra|63/100
|-end|p2a: Goodra|move: Heal Block
|upkeep
|
|t:|1759035342
|switch|p1a: Great Tusk|Great Tusk, shiny|100/100
|-damage|p1a: Great Tusk|98/100|[from] Stealth Rock
|turn|22
|
|t:|1759035346
|switch|p2a: Sinister Tea ;)|Sinistcha|100/100
|move|p1a: Great Tusk|Ice Spinner|p2a: Sinister Tea ;)
|-supereffective|p2a: Sinister Tea ;)
|-damage|p2a: Sinister Tea ;)|54/100
|
|upkeep
|turn|23
|
|t:|1759035349
|-end|p1a: Great Tusk|Protosynthesis|[silent]
|switch|p1a: Mandibuzz|Mandibuzz, F, shiny|87/100
|-damage|p1a: Mandibuzz|62/100|[from] Stealth Rock
|move|p2a: Sinister Tea ;)|Strength Sap|p1a: Mandibuzz
|-unboost|p1a: Mandibuzz|atk|1
|-heal|p2a: Sinister Tea ;)|89/100
|
|upkeep
|turn|24
|
|t:|1759035352
|switch|p2a: Lil emolga|Zapdos|42/100
|move|p1a: Mandibuzz|Defog|p2a: Lil emolga
|-unboost|p2a: Lil emolga|evasion|1
|-sideend|p2: lvBreakfast|Stealth Rock|[from] move: Defog|[of] p1a: Mandibuzz
|-sideend|p1: Omari P|Stealth Rock|[from] move: Defog|[of] p1a: Mandibuzz
|
|upkeep
|turn|25
|
|t:|1759035354
|switch|p1a: Thundurus|Thundurus-Therian, M|100/100
|move|p2a: Lil emolga|Roost|p2a: Lil emolga
|-heal|p2a: Lil emolga|92/100
|-singleturn|p2a: Lil emolga|move: Roost
|
|upkeep
|turn|26
|
|t:|1759035359
|move|p1a: Thundurus|Nasty Plot|p1a: Thundurus
|-boost|p1a: Thundurus|spa|2
|move|p2a: Lil emolga|Hurricane|p1a: Thundurus|[miss]
|-miss|p2a: Lil emolga|p1a: Thundurus
|
|upkeep
|turn|27
|
|t:|1759035362
|move|p1a: Thundurus|Thunderbolt|p2a: Lil emolga
|-damage|p2a: Lil emolga|0 fnt
|faint|p2a: Lil emolga
|
|upkeep
|
|t:|1759035364
|switch|p2a: Goodra|Goodra-Hisui, F|63/100
|turn|28
|
|t:|1759035368
|move|p1a: Thundurus|Focus Blast|p2a: Goodra|[miss]
|-miss|p1a: Thundurus|p2a: Goodra
|move|p2a: Goodra|Draco Meteor|p1a: Thundurus
|-damage|p1a: Thundurus|40/100
|-unboost|p2a: Goodra|spa|2
|
|-heal|p1a: Thundurus|46/100|[from] item: Leftovers
|upkeep
|turn|29
|
|t:|1759035379
|switch|p2a: Sinister Tea ;)|Sinistcha|89/100
|move|p1a: Thundurus|Thunderbolt|p2a: Sinister Tea ;)
|-resisted|p2a: Sinister Tea ;)
|-crit|p2a: Sinister Tea ;)
|-damage|p2a: Sinister Tea ;)|1/100
|
|-heal|p1a: Thundurus|52/100|[from] item: Leftovers
|upkeep
|turn|30
|
|t:|1759035381
|move|p1a: Thundurus|Thunderbolt|p2a: Sinister Tea ;)
|-resisted|p2a: Sinister Tea ;)
|-damage|p2a: Sinister Tea ;)|0 fnt
|faint|p2a: Sinister Tea ;)
|
|-heal|p1a: Thundurus|58/100|[from] item: Leftovers
|upkeep
|
|t:|1759035382
|switch|p2a: Glue eater|Keldeo, shiny|29/100 brn
|turn|31
|
|t:|1759035384
|move|p2a: Glue eater|Surf|p1a: Thundurus
|-damage|p1a: Thundurus|1/100
|move|p1a: Thundurus|Thunderbolt|p2a: Glue eater
|-supereffective|p2a: Glue eater
|-damage|p2a: Glue eater|0 fnt
|faint|p2a: Glue eater
|
|-heal|p1a: Thundurus|7/100|[from] item: Leftovers
|upkeep
|j| Golem Rising
|c|☆lvBreakfast|gg
|
|t:|1759035392
|switch|p2a: Goodra|Goodra-Hisui, F|63/100
|turn|32
|-message|lvBreakfast forfeited.
|
|win|Omari P
|raw|Omari P's rating: 1791 &rarr; <strong>1818</strong><br />(+27 for winning)
|raw|lvBreakfast's rating: 1913 &rarr; <strong>1886</strong><br />(-27 for losing)
|j| Jakub666
|l| Jakub666
|l| cryyysneasel
