|badge|p1|bronze|gen9ou|100-6
|html|<div class="broadcast-red"><strong>This battle is required to be public due to one or more player having a season medal.</strong><br />During the public phase, you can discuss the state of the ladder <a href="/seasondiscussion">in a special chatroom.</a></div>
|uhtml|medal-msg|<div class="broadcast-blue">Curious what those medals under the avatar are? PS now has Ladder Seasons! For more information, check out the <a href="https://www.smogon.com/forums/threads/3740067/">thread on Smogon.</a></div>
|badge|p2|silver|gen9ou|30-6
|uhtml|medal-msg|<div class="broadcast-blue">Curious what those medals under the avatar are? PS now has Ladder Seasons! For more information, check out the <a href="https://www.smogon.com/forums/threads/3740067/">thread on Smogon.</a></div>
|raw|<div class="broadcast-blue"><strong>This battle is required to be public due to a player having a name starting with 'medal'.</div>
|j|‽JackRG1
|j|☆grand return
|t:|1759021049
|gametype|singles
|player|p1|JackRG1|dawn-gen4pt|1873
|player|p2|grand return|265|1912
|gen|9
|tier|[Gen 9] OU
|rated|
|rule|HP Percentage Mod: HP is shown in percentages
|rule|Endless Battle Clause: Forcing endless battles is banned
|rule|Species Clause: Limit one of each Pokémon
|rule|OHKO Clause: OHKO moves are banned
|rule|Evasion Items Clause: Evasion items are banned
|rule|Evasion Moves Clause: Evasion moves are banned
|rule|Evasion Abilities Clause: Evasion abilities are banned
|rule|Sleep Moves Clause: Sleep-inducing moves are banned
|clearpoke
|poke|p1|Weezing-Galar, M|
|poke|p1|Ting-Lu|
|poke|p1|Corviknight, F|
|poke|p1|Skeledirge, M|
|poke|p1|Dragapult, F|
|poke|p1|Ogerpon-Wellspring, F|
|poke|p2|Tyranitar, F|
|poke|p2|Gholdengo|
|poke|p2|Zamazenta-*|
|poke|p2|Rillaboom, M|
|poke|p2|Garchomp, F|
|poke|p2|Zapdos|
|teampreview
|inactive|Battle timer is ON: inactive players will automatically lose when time's up. (requested by JackRG1)
|
|t:|1759021061
|teamsize|p1|6
|teamsize|p2|6
|start
|switch|p1a: Dragapult|Dragapult, F|100/100
|switch|p2a: Gholdengo|Gholdengo|100/100
|-item|p2a: Gholdengo|Air Balloon
|turn|1
|j| PrincessGardevoir
|
|t:|1759021069
|-terastallize|p2a: Gholdengo|Fairy
|move|p1a: Dragapult|Shadow Ball|p2a: Gholdengo
|-damage|p2a: Gholdengo|46/100
|-enditem|p2a: Gholdengo|Air Balloon
|move|p2a: Gholdengo|Thunder Wave|p1a: Dragapult
|-status|p1a: Dragapult|par
|
|upkeep
|turn|2
|
|t:|1759021078
|switch|p1a: Ting-Lu|Ting-Lu, shiny|100/100
|-ability|p1a: Ting-Lu|Vessel of Ruin
|move|p2a: Gholdengo|Recover|p2a: Gholdengo
|-heal|p2a: Gholdengo|96/100
|
|upkeep
|turn|3
|
|t:|1759021083
|switch|p2a: Rillaboom|Rillaboom, M|100/100
|-fieldstart|move: Grassy Terrain|[from] ability: Grassy Surge|[of] p2a: Rillaboom
|move|p1a: Ting-Lu|Stealth Rock|p2a: Rillaboom
|-sidestart|p2: grand return|move: Stealth Rock
|
|upkeep
|turn|4
|
|t:|1759021087
|switch|p1a: Corviknight|Corviknight, F|100/100
|-ability|p1a: Corviknight|Pressure
|move|p2a: Rillaboom|Knock Off|p1a: Corviknight
|-damage|p1a: Corviknight|76/100
|-damage|p2a: Rillaboom|84/100|[from] item: Rocky Helmet|[of] p1a: Corviknight
|-enditem|p1a: Corviknight|Rocky Helmet|[from] move: Knock Off|[of] p2a: Rillaboom
|
|-heal|p2a: Rillaboom|90/100|[from] Grassy Terrain
|upkeep
|turn|5
|
|t:|1759021092
|move|p2a: Rillaboom|U-turn|p1a: Corviknight
|-resisted|p1a: Corviknight
|-damage|p1a: Corviknight|72/100
|
|t:|1759021095
|switch|p2a: Garchomp|Garchomp, F|100/100|[from] U-turn
|-damage|p2a: Garchomp|94/100|[from] Stealth Rock
|move|p1a: Corviknight|U-turn|p2a: Garchomp
|-damage|p2a: Garchomp|86/100
|-damage|p1a: Corviknight|59/100|[from] ability: Rough Skin|[of] p2a: Garchomp
|-damage|p1a: Corviknight|43/100|[from] item: Rocky Helmet|[of] p2a: Garchomp
|
|t:|1759021099
|switch|p1a: Dragapult|Dragapult, F|100/100 par|[from] U-turn
|
|-heal|p2a: Garchomp|92/100|[from] Grassy Terrain
|upkeep
|turn|6
|
|t:|1759021103
|switch|p2a: Gholdengo|Gholdengo, tera:Fairy|96/100
|-damage|p2a: Gholdengo|83/100|[from] Stealth Rock
|move|p1a: Dragapult|Draco Meteor|p2a: Gholdengo
|-immune|p2a: Gholdengo
|
|-heal|p2a: Gholdengo|89/100|[from] Grassy Terrain
|upkeep
|turn|7
|
|t:|1759021108
|switch|p1a: Ting-Lu|Ting-Lu, shiny|100/100
|-ability|p1a: Ting-Lu|Vessel of Ruin
|move|p2a: Gholdengo|Make It Rain|p1a: Ting-Lu
|-crit|p1a: Ting-Lu
|-damage|p1a: Ting-Lu|67/100
|-unboost|p2a: Gholdengo|spa|1
|
|-heal|p2a: Gholdengo|95/100|[from] Grassy Terrain
|-heal|p1a: Ting-Lu|73/100|[from] Grassy Terrain
|-heal|p1a: Ting-Lu|79/100|[from] item: Leftovers
|-fieldend|move: Grassy Terrain
|upkeep
|turn|8
|
|t:|1759021115
|switch|p2a: Rillaboom|Rillaboom, M|90/100
|-fieldstart|move: Grassy Terrain|[from] ability: Grassy Surge|[of] p2a: Rillaboom
|switch|p1a: Weezing|Weezing-Galar, M|100/100
|-ability|p1a: Weezing|Neutralizing Gas
|
|-heal|p2a: Rillaboom|96/100|[from] Grassy Terrain
|upkeep
|turn|9
|
|t:|1759021119
|move|p2a: Rillaboom|U-turn|p1a: Weezing
|-resisted|p1a: Weezing
|-damage|p1a: Weezing|96/100
|
|t:|1759021121
|switch|p2a: Zapdos|Zapdos|100/100|[from] U-turn
|move|p1a: Weezing|Sludge Bomb|p2a: Zapdos
|-crit|p2a: Zapdos
|-damage|p2a: Zapdos|54/100
|-status|p2a: Zapdos|psn
|
|-heal|p1a: Weezing|100/100|[from] Grassy Terrain
|-damage|p2a: Zapdos|42/100 psn|[from] psn
|upkeep
|turn|10
|
|t:|1759021127
|-end|p1a: Weezing|ability: Neutralizing Gas
|switch|p1a: Dragapult|Dragapult, F|100/100 par
|move|p2a: Zapdos|Roost|p2a: Zapdos
|-heal|p2a: Zapdos|92/100 psn
|-singleturn|p2a: Zapdos|move: Roost
|
|-heal|p2a: Zapdos|98/100 psn|[from] Grassy Terrain
|-damage|p2a: Zapdos|86/100 psn|[from] psn
|upkeep
|turn|11
|
|t:|1759021131
|move|p2a: Zapdos|Volt Switch|p1a: Dragapult
|-resisted|p1a: Dragapult
|-damage|p1a: Dragapult|79/100 par
|
|t:|1759021132
|switch|p2a: Tyranitar|Tyranitar, F|100/100|[from] Volt Switch
|-weather|Sandstorm|[from] ability: Sand Stream|[of] p2a: Tyranitar
|move|p1a: Dragapult|Shadow Ball|p2a: Tyranitar
|-resisted|p2a: Tyranitar
|-damage|p2a: Tyranitar|84/100
|-unboost|p2a: Tyranitar|spd|1
|
|-weather|Sandstorm|[upkeep]
|-damage|p1a: Dragapult|73/100 par|[from] Sandstorm
|-heal|p2a: Tyranitar|90/100|[from] Grassy Terrain
|-heal|p1a: Dragapult|79/100 par|[from] Grassy Terrain
|upkeep
|turn|12
|
|t:|1759021137
|switch|p1a: Ogerpon|Ogerpon-Wellspring, F|100/100
|move|p2a: Tyranitar|Stone Edge|p1a: Ogerpon
|-crit|p1a: Ogerpon
|-damage|p1a: Ogerpon|19/100
|
|-weather|Sandstorm|[upkeep]
|-damage|p1a: Ogerpon|13/100|[from] Sandstorm
|-heal|p1a: Ogerpon|19/100|[from] Grassy Terrain
|-heal|p2a: Tyranitar|96/100|[from] Grassy Terrain
|-fieldend|move: Grassy Terrain
|upkeep
|turn|13
|
|t:|1759021143
|switch|p2a: Rillaboom|Rillaboom, M|96/100
|-fieldstart|move: Grassy Terrain|[from] ability: Grassy Surge|[of] p2a: Rillaboom
|move|p1a: Ogerpon|Spikes|p2a: Rillaboom
|-sidestart|p2: grand return|Spikes
|
|-weather|Sandstorm|[upkeep]
|-damage|p1a: Ogerpon|13/100|[from] Sandstorm
|-damage|p2a: Rillaboom|90/100|[from] Sandstorm
|-heal|p1a: Ogerpon|19/100|[from] Grassy Terrain
|-heal|p2a: Rillaboom|96/100|[from] Grassy Terrain
|upkeep
|turn|14
|
|t:|1759021150
|switch|p1a: Corviknight|Corviknight, F|43/100
|-ability|p1a: Corviknight|Pressure
|move|p2a: Rillaboom|Grassy Glide|p1a: Corviknight
|-resisted|p1a: Corviknight
|-damage|p1a: Corviknight|36/100
|
|-weather|Sandstorm|[upkeep]
|-damage|p2a: Rillaboom|90/100|[from] Sandstorm
|-heal|p2a: Rillaboom|96/100|[from] Grassy Terrain
|upkeep
|turn|15
|
|t:|1759021153
|move|p2a: Rillaboom|U-turn|p1a: Corviknight
|-resisted|p1a: Corviknight
|-damage|p1a: Corviknight|32/100
|
|t:|1759021154
|switch|p2a: Garchomp|Garchomp, F|92/100|[from] U-turn
|-damage|p2a: Garchomp|86/100|[from] Stealth Rock
|-damage|p2a: Garchomp|74/100|[from] Spikes
|move|p1a: Corviknight|Roost|p1a: Corviknight
|-heal|p1a: Corviknight|82/100
|-singleturn|p1a: Corviknight|move: Roost
|
|-weather|none
|-heal|p2a: Garchomp|80/100|[from] Grassy Terrain
|-heal|p1a: Corviknight|88/100|[from] Grassy Terrain
|upkeep
|turn|16
|
|t:|1759021158
|switch|p1a: Dragapult|Dragapult, F|79/100 par
|move|p2a: Garchomp|Stealth Rock|p1a: Dragapult
|-sidestart|p1: JackRG1|move: Stealth Rock
|
|-heal|p2a: Garchomp|86/100|[from] Grassy Terrain
|-heal|p1a: Dragapult|85/100 par|[from] Grassy Terrain
|upkeep
|turn|17
|
|t:|1759021162
|switch|p2a: Tyranitar|Tyranitar, F|96/100
|-weather|Sandstorm|[from] ability: Sand Stream|[of] p2a: Tyranitar
|move|p1a: Dragapult|U-turn|p2a: Tyranitar
|-supereffective|p2a: Tyranitar
|-damage|p2a: Tyranitar|64/100
|
|t:|1759021164
|switch|p1a: Ogerpon|Ogerpon-Wellspring, F|19/100|[from] U-turn
|-damage|p1a: Ogerpon|6/100|[from] Stealth Rock
|
|-weather|Sandstorm|[upkeep]
|-damage|p1a: Ogerpon|0 fnt|[from] Sandstorm
|faint|p1a: Ogerpon
|-heal|p2a: Tyranitar|71/100|[from] Grassy Terrain
|-fieldend|move: Grassy Terrain
|upkeep
|
|t:|1759021174
|switch|p1a: Weezing|Weezing-Galar, M|100/100
|-ability|p1a: Weezing|Neutralizing Gas
|turn|18
|
|t:|1759021176
|switch|p2a: Zapdos|Zapdos|86/100 psn
|move|p1a: Weezing|Sludge Bomb|p2a: Zapdos
|-damage|p2a: Zapdos|56/100 psn
|
|-weather|Sandstorm|[upkeep]
|-damage|p2a: Zapdos|50/100 psn|[from] Sandstorm
|-damage|p1a: Weezing|95/100|[from] Sandstorm
|-damage|p2a: Zapdos|38/100 psn|[from] psn
|upkeep
|turn|19
|
|t:|1759021181
|-end|p1a: Weezing|ability: Neutralizing Gas
|switch|p1a: Dragapult|Dragapult, F|85/100 par
|-damage|p1a: Dragapult|72/100 par|[from] Stealth Rock
|move|p2a: Zapdos|Roost|p2a: Zapdos
|-heal|p2a: Zapdos|88/100 psn
|-singleturn|p2a: Zapdos|move: Roost
|
|-weather|Sandstorm|[upkeep]
|-damage|p2a: Zapdos|82/100 psn|[from] Sandstorm
|-damage|p1a: Dragapult|66/100 par|[from] Sandstorm
|-damage|p2a: Zapdos|69/100 psn|[from] psn
|upkeep
|turn|20
|
|t:|1759021186
|move|p2a: Zapdos|Hurricane|p1a: Dragapult
|-damage|p1a: Dragapult|0 fnt
|faint|p1a: Dragapult
|
|-weather|Sandstorm|[upkeep]
|-damage|p2a: Zapdos|63/100 psn|[from] Sandstorm
|-damage|p2a: Zapdos|51/100 psn|[from] psn
|upkeep
|
|t:|1759021191
|switch|p1a: Skeledirge|Skeledirge, M|100/100
|turn|21
|
|t:|1759021198
|move|p2a: Zapdos|Volt Switch|p1a: Skeledirge
|-damage|p1a: Skeledirge|75/100
|
|t:|1759021199
|switch|p2a: Tyranitar|Tyranitar, F|71/100|[from] Volt Switch
|move|p1a: Skeledirge|Will-O-Wisp|p2a: Tyranitar
|-status|p2a: Tyranitar|brn
|
|-weather|none
|-damage|p2a: Tyranitar|64/100 brn|[from] brn
|upkeep
|turn|22
|j| Itwasneroox
|
|t:|1759021204
|switch|p1a: Corviknight|Corviknight, F|88/100
|-damage|p1a: Corviknight|75/100|[from] Stealth Rock
|-ability|p1a: Corviknight|Pressure
|move|p2a: Tyranitar|Knock Off|p1a: Corviknight
|-damage|p1a: Corviknight|65/100
|
|-damage|p2a: Tyranitar|58/100 brn|[from] brn
|upkeep
|turn|23
|
|t:|1759021207
|switch|p2a: Zapdos|Zapdos|51/100 psn
|move|p1a: Corviknight|Roost|p1a: Corviknight
|-heal|p1a: Corviknight|100/100
|-singleturn|p1a: Corviknight|move: Roost
|
|-damage|p2a: Zapdos|39/100 psn|[from] psn
|upkeep
|turn|24
|
|t:|1759021210
|switch|p1a: Ting-Lu|Ting-Lu, shiny|79/100
|-damage|p1a: Ting-Lu|73/100|[from] Stealth Rock
|-ability|p1a: Ting-Lu|Vessel of Ruin
|move|p2a: Zapdos|Roost|p2a: Zapdos
|-heal|p2a: Zapdos|89/100 psn
|-singleturn|p2a: Zapdos|move: Roost
|
|-heal|p1a: Ting-Lu|79/100|[from] item: Leftovers
|-damage|p2a: Zapdos|76/100 psn|[from] psn
|upkeep
|turn|25
|l| Itwasneroox
|
|t:|1759021214
|move|p2a: Zapdos|Volt Switch|p1a: Ting-Lu
|-immune|p1a: Ting-Lu
|move|p1a: Ting-Lu|Earthquake|p2a: Zapdos
|-immune|p2a: Zapdos
|
|-heal|p1a: Ting-Lu|85/100|[from] item: Leftovers
|-damage|p2a: Zapdos|64/100 psn|[from] psn
|upkeep
|turn|26
|
|t:|1759021218
|move|p2a: Zapdos|Volt Switch|p1a: Ting-Lu
|-immune|p1a: Ting-Lu
|move|p1a: Ting-Lu|Heavy Slam|p2a: Zapdos
|-resisted|p2a: Zapdos
|-damage|p2a: Zapdos|48/100 psn
|-status|p1a: Ting-Lu|par|[from] ability: Static|[of] p2a: Zapdos
|
|-heal|p1a: Ting-Lu|92/100 par|[from] item: Leftovers
|-damage|p2a: Zapdos|36/100 psn|[from] psn
|upkeep
|turn|27
|
|t:|1759021221
|switch|p2a: Rillaboom|Rillaboom, M|96/100
|-fieldstart|move: Grassy Terrain|[from] ability: Grassy Surge|[of] p2a: Rillaboom
|move|p1a: Ting-Lu|Earthquake|p2a: Rillaboom
|-resisted|p2a: Rillaboom
|-damage|p2a: Rillaboom|86/100
|
|-heal|p2a: Rillaboom|92/100|[from] Grassy Terrain
|-heal|p1a: Ting-Lu|98/100 par|[from] Grassy Terrain
|-heal|p1a: Ting-Lu|100/100 par|[from] item: Leftovers
|upkeep
|turn|28
|
|t:|1759021226
|switch|p1a: Weezing|Weezing-Galar, M|95/100
|-ability|p1a: Weezing|Neutralizing Gas
|move|p2a: Rillaboom|U-turn|p1a: Weezing
|-resisted|p1a: Weezing
|-damage|p1a: Weezing|90/100
|
|t:|1759021229
|switch|p2a: Zapdos|Zapdos|36/100 psn|[from] U-turn
|
|-heal|p1a: Weezing|96/100|[from] Grassy Terrain
|-damage|p2a: Zapdos|23/100 psn|[from] psn
|upkeep
|turn|29
|
|t:|1759021232
|-end|p1a: Weezing|ability: Neutralizing Gas
|switch|p1a: Ting-Lu|Ting-Lu, shiny|100/100 par
|-damage|p1a: Ting-Lu|94/100 par|[from] Stealth Rock
|-ability|p1a: Ting-Lu|Vessel of Ruin
|move|p2a: Zapdos|Roost|p2a: Zapdos
|-heal|p2a: Zapdos|74/100 psn
|-singleturn|p2a: Zapdos|move: Roost
|
|-heal|p2a: Zapdos|80/100 psn|[from] Grassy Terrain
|-heal|p1a: Ting-Lu|100/100 par|[from] Grassy Terrain
|-damage|p2a: Zapdos|67/100 psn|[from] psn
|upkeep
|turn|30
|j| khuugh
|
|t:|1759021234
|switch|p2a: Rillaboom|Rillaboom, M|92/100
|move|p1a: Ting-Lu|Heavy Slam|p2a: Rillaboom
|-damage|p2a: Rillaboom|58/100
|
|-heal|p2a: Rillaboom|64/100|[from] Grassy Terrain
|upkeep
|turn|31
|
|t:|1759021239
|switch|p1a: Weezing|Weezing-Galar, M|96/100
|-ability|p1a: Weezing|Neutralizing Gas
|move|p2a: Rillaboom|Knock Off|p1a: Weezing
|-resisted|p1a: Weezing
|-damage|p1a: Weezing|85/100
|-enditem|p1a: Weezing|Heavy-Duty Boots|[from] move: Knock Off|[of] p2a: Rillaboom
|
|-heal|p2a: Rillaboom|70/100|[from] Grassy Terrain
|-heal|p1a: Weezing|91/100|[from] Grassy Terrain
|-fieldend|move: Grassy Terrain
|upkeep
|turn|32
|
|t:|1759021242
|move|p2a: Rillaboom|U-turn|p1a: Weezing
|-resisted|p1a: Weezing
|-damage|p1a: Weezing|87/100
|
|t:|1759021244
|switch|p2a: Zapdos|Zapdos|67/100 psn|[from] U-turn
|move|p1a: Weezing|Sludge Bomb|p2a: Zapdos
|-damage|p2a: Zapdos|40/100 psn
|
|-damage|p2a: Zapdos|28/100 psn|[from] psn
|upkeep
|turn|33
|
|t:|1759021247
|-end|p1a: Weezing|ability: Neutralizing Gas
|switch|p1a: Ting-Lu|Ting-Lu, shiny|100/100 par
|-damage|p1a: Ting-Lu|94/100 par|[from] Stealth Rock
|-ability|p1a: Ting-Lu|Vessel of Ruin
|move|p2a: Zapdos|Roost|p2a: Zapdos
|-heal|p2a: Zapdos|78/100 psn
|-singleturn|p2a: Zapdos|move: Roost
|
|-heal|p1a: Ting-Lu|100/100 par|[from] item: Leftovers
|-damage|p2a: Zapdos|66/100 psn|[from] psn
|upkeep
|turn|34
|
|t:|1759021251
|switch|p2a: Rillaboom|Rillaboom, M|70/100
|-fieldstart|move: Grassy Terrain|[from] ability: Grassy Surge|[of] p2a: Rillaboom
|move|p1a: Ting-Lu|Heavy Slam|p2a: Rillaboom
|-damage|p2a: Rillaboom|36/100
|
|-heal|p2a: Rillaboom|42/100|[from] Grassy Terrain
|upkeep
|turn|35
|
|t:|1759021253
|switch|p1a: Weezing|Weezing-Galar, M|87/100
|-ability|p1a: Weezing|Neutralizing Gas
|-damage|p1a: Weezing|74/100|[from] Stealth Rock
|move|p2a: Rillaboom|U-turn|p1a: Weezing
|-resisted|p1a: Weezing
|-crit|p1a: Weezing
|-damage|p1a: Weezing|68/100
|
|t:|1759021257
|switch|p2a: Gholdengo|Gholdengo, tera:Fairy|95/100|[from] U-turn
|-damage|p2a: Gholdengo|83/100|[from] Stealth Rock
|-damage|p2a: Gholdengo|71/100|[from] Spikes
|
|-heal|p2a: Gholdengo|77/100|[from] Grassy Terrain
|-heal|p1a: Weezing|74/100|[from] Grassy Terrain
|upkeep
|turn|36
|
|t:|1759021260
|-end|p1a: Weezing|ability: Neutralizing Gas
|switch|p1a: Ting-Lu|Ting-Lu, shiny|100/100 par
|-damage|p1a: Ting-Lu|94/100 par|[from] Stealth Rock
|-ability|p1a: Ting-Lu|Vessel of Ruin
|move|p2a: Gholdengo|Make It Rain|p1a: Ting-Lu
|-damage|p1a: Ting-Lu|71/100 par
|-unboost|p2a: Gholdengo|spa|1
|
|-heal|p2a: Gholdengo|83/100|[from] Grassy Terrain
|-heal|p1a: Ting-Lu|77/100 par|[from] Grassy Terrain
|-heal|p1a: Ting-Lu|83/100 par|[from] item: Leftovers
|upkeep
|turn|37
|
|t:|1759021265
|move|p2a: Gholdengo|Make It Rain|p1a: Ting-Lu
|-damage|p1a: Ting-Lu|70/100 par
|-unboost|p2a: Gholdengo|spa|1
|move|p1a: Ting-Lu|Heavy Slam|p2a: Gholdengo
|-supereffective|p2a: Gholdengo
|-damage|p2a: Gholdengo|41/100
|
|-heal|p2a: Gholdengo|47/100|[from] Grassy Terrain
|-heal|p1a: Ting-Lu|76/100 par|[from] Grassy Terrain
|-heal|p1a: Ting-Lu|82/100 par|[from] item: Leftovers
|upkeep
|turn|38
|
|t:|1759021268
|move|p2a: Gholdengo|Recover|p2a: Gholdengo
|-heal|p2a: Gholdengo|98/100
|move|p1a: Ting-Lu|Heavy Slam|p2a: Gholdengo
|-supereffective|p2a: Gholdengo
|-damage|p2a: Gholdengo|57/100
|
|-heal|p2a: Gholdengo|63/100|[from] Grassy Terrain
|-heal|p1a: Ting-Lu|88/100 par|[from] Grassy Terrain
|-heal|p1a: Ting-Lu|95/100 par|[from] item: Leftovers
|-fieldend|move: Grassy Terrain
|upkeep
|turn|39
|
|t:|1759021272
|switch|p2a: Rillaboom|Rillaboom, M|42/100
|-fieldstart|move: Grassy Terrain|[from] ability: Grassy Surge|[of] p2a: Rillaboom
|move|p1a: Ting-Lu|Heavy Slam|p2a: Rillaboom
|-damage|p2a: Rillaboom|8/100
|
|-heal|p2a: Rillaboom|14/100|[from] Grassy Terrain
|-heal|p1a: Ting-Lu|100/100 par|[from] Grassy Terrain
|upkeep
|turn|40
|
|t:|1759021276
|switch|p1a: Weezing|Weezing-Galar, M|74/100
|-ability|p1a: Weezing|Neutralizing Gas
|-damage|p1a: Weezing|61/100|[from] Stealth Rock
|move|p2a: Rillaboom|U-turn|p1a: Weezing
|-resisted|p1a: Weezing
|-damage|p1a: Weezing|57/100
|
|t:|1759021279
|switch|p2a: Zapdos|Zapdos|66/100 psn|[from] U-turn
|
|-heal|p1a: Weezing|63/100|[from] Grassy Terrain
|-damage|p2a: Zapdos|53/100 psn|[from] psn
|upkeep
|turn|41
|
|t:|1759021282
|switch|p2a: Rillaboom|Rillaboom, M|14/100
|-end|p1a: Weezing|ability: Neutralizing Gas
|switch|p1a: Ting-Lu|Ting-Lu, shiny|100/100 par
|-damage|p1a: Ting-Lu|94/100 par|[from] Stealth Rock
|-ability|p1a: Ting-Lu|Vessel of Ruin
|
|-heal|p2a: Rillaboom|20/100|[from] Grassy Terrain
|-heal|p1a: Ting-Lu|100/100 par|[from] Grassy Terrain
|upkeep
|turn|42
|
|t:|1759021286
|switch|p1a: Corviknight|Corviknight, F|100/100
|-damage|p1a: Corviknight|88/100|[from] Stealth Rock
|-ability|p1a: Corviknight|Pressure
|move|p2a: Rillaboom|U-turn|p1a: Corviknight
|-resisted|p1a: Corviknight
|-damage|p1a: Corviknight|83/100
|
|t:|1759021288
|switch|p2a: Garchomp|Garchomp, F|86/100|[from] U-turn
|-damage|p2a: Garchomp|80/100|[from] Stealth Rock
|-damage|p2a: Garchomp|67/100|[from] Spikes
|
|-heal|p2a: Garchomp|74/100|[from] Grassy Terrain
|upkeep
|turn|43
|
|t:|1759021291
|move|p2a: Garchomp|Spikes|p1a: Corviknight
|-sidestart|p1: JackRG1|Spikes
|move|p1a: Corviknight|Iron Defense|p1a: Corviknight
|-boost|p1a: Corviknight|def|2
|
|-heal|p2a: Garchomp|80/100|[from] Grassy Terrain
|-fieldend|move: Grassy Terrain
|upkeep
|turn|44
|
|t:|1759021296
|move|p2a: Garchomp|Spikes|p1a: Corviknight
|-sidestart|p1: JackRG1|Spikes
|move|p1a: Corviknight|Body Press|p2a: Garchomp
|-damage|p2a: Garchomp|46/100
|-damage|p1a: Corviknight|71/100|[from] ability: Rough Skin|[of] p2a: Garchomp
|-damage|p1a: Corviknight|54/100|[from] item: Rocky Helmet|[of] p2a: Garchomp
|
|upkeep
|turn|45
|
|t:|1759021301
|move|p1a: Corviknight|Roost|p1a: Corviknight
|-heal|p1a: Corviknight|100/100
|-singleturn|p1a: Corviknight|move: Roost
|move|p2a: Garchomp|Dragon Tail|p1a: Corviknight|[miss]
|-miss|p2a: Garchomp|p1a: Corviknight
|
|upkeep
|turn|46
|
|t:|1759021306
|switch|p2a: Gholdengo|Gholdengo, tera:Fairy|63/100
|-damage|p2a: Gholdengo|51/100|[from] Stealth Rock
|-damage|p2a: Gholdengo|38/100|[from] Spikes
|move|p1a: Corviknight|Body Press|p2a: Gholdengo
|-resisted|p2a: Gholdengo
|-damage|p2a: Gholdengo|20/100
|
|upkeep
|turn|47
|
|t:|1759021311
|move|p1a: Corviknight|U-turn|p2a: Gholdengo
|-resisted|p2a: Gholdengo
|-damage|p2a: Gholdengo|15/100
|
|t:|1759021313
|switch|p1a: Ting-Lu|Ting-Lu, shiny|100/100 par|[from] U-turn
|-damage|p1a: Ting-Lu|94/100 par|[from] Stealth Rock
|-damage|p1a: Ting-Lu|78/100 par|[from] Spikes
|-ability|p1a: Ting-Lu|Vessel of Ruin
|move|p2a: Gholdengo|Recover|p2a: Gholdengo
|-heal|p2a: Gholdengo|65/100
|
|-heal|p1a: Ting-Lu|84/100 par|[from] item: Leftovers
|upkeep
|turn|48
|
|t:|1759021317
|switch|p2a: Zamazenta|Zamazenta|100/100
|-ability|p2a: Zamazenta|Dauntless Shield|boost
|-boost|p2a: Zamazenta|def|1
|move|p1a: Ting-Lu|Heavy Slam|p2a: Zamazenta
|-crit|p2a: Zamazenta
|-damage|p2a: Zamazenta|74/100
|
|-heal|p1a: Ting-Lu|90/100 par|[from] item: Leftovers
|upkeep
|turn|49
|
|t:|1759021323
|switch|p1a: Corviknight|Corviknight, F|100/100
|-damage|p1a: Corviknight|88/100|[from] Stealth Rock
|-ability|p1a: Corviknight|Pressure
|move|p2a: Zamazenta|Crunch|p1a: Corviknight
|-damage|p1a: Corviknight|69/100
|
|upkeep
|turn|50
|
|t:|1759021327
|move|p2a: Zamazenta|Close Combat|p1a: Corviknight
|-damage|p1a: Corviknight|29/100
|-unboost|p2a: Zamazenta|def|1
|-unboost|p2a: Zamazenta|spd|1
|move|p1a: Corviknight|Roost|p1a: Corviknight
|-heal|p1a: Corviknight|79/100
|-singleturn|p1a: Corviknight|move: Roost
|
|upkeep
|turn|51
|
|t:|1759021331
|move|p2a: Zamazenta|Close Combat|p1a: Corviknight
|-damage|p1a: Corviknight|37/100
|-unboost|p2a: Zamazenta|def|1
|-unboost|p2a: Zamazenta|spd|1
|move|p1a: Corviknight|Roost|p1a: Corviknight
|-heal|p1a: Corviknight|87/100
|-singleturn|p1a: Corviknight|move: Roost
|
|upkeep
|turn|52
|
|t:|1759021336
|move|p1a: Corviknight|Roost|p1a: Corviknight
|-heal|p1a: Corviknight|100/100
|-singleturn|p1a: Corviknight|move: Roost
|move|p2a: Zamazenta|Roar|p1a: Corviknight
|drag|p1a: Weezing|Weezing-Galar, M|63/100
|-ability|p1a: Weezing|Neutralizing Gas
|-damage|p1a: Weezing|50/100|[from] Stealth Rock
|-damage|p1a: Weezing|34/100|[from] Spikes
|
|upkeep
|turn|53
|
|t:|1759021351
|-terastallize|p1a: Weezing|Grass
|move|p2a: Zamazenta|Heavy Slam|p1a: Weezing
|-damage|p1a: Weezing|6/100
|move|p1a: Weezing|Will-O-Wisp|p2a: Zamazenta
|-status|p2a: Zamazenta|brn
|
|-damage|p2a: Zamazenta|68/100 brn|[from] brn
|upkeep
|turn|54
|
|t:|1759021356
|-end|p1a: Weezing|ability: Neutralizing Gas
|switch|p1a: Corviknight|Corviknight, F|100/100
|-damage|p1a: Corviknight|88/100|[from] Stealth Rock
|-ability|p1a: Corviknight|Pressure
|move|p2a: Zamazenta|Close Combat|p1a: Corviknight
|-damage|p1a: Corviknight|67/100
|-unboost|p2a: Zamazenta|def|1
|-unboost|p2a: Zamazenta|spd|1
|
|-damage|p2a: Zamazenta|62/100 brn|[from] brn
|upkeep
|turn|55
|
|t:|1759021363
|move|p1a: Corviknight|Roost|p1a: Corviknight
|-heal|p1a: Corviknight|100/100
|-singleturn|p1a: Corviknight|move: Roost
|move|p2a: Zamazenta|Roar|p1a: Corviknight
|drag|p1a: Weezing|Weezing-Galar, M, tera:Grass|6/100
|-ability|p1a: Weezing|Neutralizing Gas
|-damage|p1a: Weezing|0 fnt|[from] Stealth Rock
|faint|p1a: Weezing
|-end|p1a: Weezing|ability: Neutralizing Gas
|
|-damage|p2a: Zamazenta|56/100 brn|[from] brn
|upkeep
|
|t:|1759021368
|switch|p1a: Ting-Lu|Ting-Lu, shiny|90/100 par
|-damage|p1a: Ting-Lu|84/100 par|[from] Stealth Rock
|-damage|p1a: Ting-Lu|67/100 par|[from] Spikes
|-ability|p1a: Ting-Lu|Vessel of Ruin
|turn|56
|
|t:|1759021371
|move|p2a: Zamazenta|Close Combat|p1a: Ting-Lu
|-supereffective|p1a: Ting-Lu
|-damage|p1a: Ting-Lu|38/100 par
|-unboost|p2a: Zamazenta|def|1
|-unboost|p2a: Zamazenta|spd|1
|move|p1a: Ting-Lu|Rest|p1a: Ting-Lu
|-status|p1a: Ting-Lu|slp|[from] move: Rest
|-heal|p1a: Ting-Lu|100/100 slp|[silent]
|
|-damage|p2a: Zamazenta|50/100 brn|[from] brn
|upkeep
|turn|57
|
|t:|1759021374
|cant|p1a: Ting-Lu|slp
|move|p2a: Zamazenta|Roar|p1a: Ting-Lu
|drag|p1a: Corviknight|Corviknight, F|100/100
|-damage|p1a: Corviknight|88/100|[from] Stealth Rock
|-ability|p1a: Corviknight|Pressure
|
|-damage|p2a: Zamazenta|44/100 brn|[from] brn
|upkeep
|turn|58
|
|t:|1759021380
|switch|p2a: Garchomp|Garchomp, F|46/100
|-damage|p2a: Garchomp|40/100|[from] Stealth Rock
|-damage|p2a: Garchomp|28/100|[from] Spikes
|move|p1a: Corviknight|Body Press|p2a: Garchomp
|-damage|p2a: Garchomp|11/100
|-damage|p1a: Corviknight|75/100|[from] ability: Rough Skin|[of] p2a: Garchomp
|-damage|p1a: Corviknight|59/100|[from] item: Rocky Helmet|[of] p2a: Garchomp
|
|upkeep
|turn|59
|
|t:|1759021383
|move|p2a: Garchomp|Spikes|p1a: Corviknight
|-sidestart|p1: JackRG1|Spikes
|move|p1a: Corviknight|Roost|p1a: Corviknight
|-heal|p1a: Corviknight|100/100
|-singleturn|p1a: Corviknight|move: Roost
|
|upkeep
|turn|60
|
|t:|1759021386
|move|p1a: Corviknight|Body Press|p2a: Garchomp
|-damage|p2a: Garchomp|0 fnt
|-damage|p1a: Corviknight|88/100|[from] ability: Rough Skin|[of] p2a: Garchomp
|-damage|p1a: Corviknight|72/100|[from] item: Rocky Helmet|[of] p2a: Garchomp
|faint|p2a: Garchomp
|
|upkeep
|
|t:|1759021391
|switch|p2a: Zapdos|Zapdos|53/100 psn
|turn|61
|
|t:|1759021396
|switch|p1a: Ting-Lu|Ting-Lu, shiny|100/100 slp
|-damage|p1a: Ting-Lu|94/100 slp|[from] Stealth Rock
|-damage|p1a: Ting-Lu|69/100 slp|[from] Spikes
|-ability|p1a: Ting-Lu|Vessel of Ruin
|move|p2a: Zapdos|Roost|p2a: Zapdos
|-heal|p2a: Zapdos|100/100 psn
|-singleturn|p2a: Zapdos|move: Roost
|
|-heal|p1a: Ting-Lu|76/100 slp|[from] item: Leftovers
|-damage|p2a: Zapdos|88/100 psn|[from] psn
|upkeep
|turn|62
|
|t:|1759021400
|switch|p2a: Zamazenta|Zamazenta|44/100 brn
|cant|p1a: Ting-Lu|slp
|
|-heal|p1a: Ting-Lu|82/100 slp|[from] item: Leftovers
|-damage|p2a: Zamazenta|37/100 brn|[from] brn
|upkeep
|turn|63
|
|t:|1759021407
|move|p2a: Zamazenta|Close Combat|p1a: Ting-Lu
|-supereffective|p1a: Ting-Lu
|-damage|p1a: Ting-Lu|49/100 slp
|-unboost|p2a: Zamazenta|def|1
|-unboost|p2a: Zamazenta|spd|1
|-curestatus|p1a: Ting-Lu|slp|[msg]
|move|p1a: Ting-Lu|Rest|p1a: Ting-Lu
|-status|p1a: Ting-Lu|slp|[from] move: Rest
|-heal|p1a: Ting-Lu|100/100 slp|[silent]
|
|-damage|p2a: Zamazenta|31/100 brn|[from] brn
|upkeep
|turn|64
|
|t:|1759021410
|switch|p1a: Skeledirge|Skeledirge, M|75/100
|move|p2a: Zamazenta|Roar|p1a: Skeledirge
|drag|p1a: Corviknight|Corviknight, F|72/100
|-damage|p1a: Corviknight|59/100|[from] Stealth Rock
|-ability|p1a: Corviknight|Pressure
|
|-damage|p2a: Zamazenta|25/100 brn|[from] brn
|upkeep
|turn|65
|
|t:|1759021414
|move|p1a: Corviknight|U-turn|p2a: Zamazenta
|-resisted|p2a: Zamazenta
|-damage|p2a: Zamazenta|15/100 brn
|
|t:|1759021418
|switch|p1a: Skeledirge|Skeledirge, M|75/100|[from] U-turn
|move|p2a: Zamazenta|Roar|p1a: Skeledirge
|drag|p1a: Corviknight|Corviknight, F|59/100
|-damage|p1a: Corviknight|47/100|[from] Stealth Rock
|-ability|p1a: Corviknight|Pressure
|
|-damage|p2a: Zamazenta|9/100 brn|[from] brn
|upkeep
|turn|66
|
|t:|1759021424
|switch|p2a: Gholdengo|Gholdengo, tera:Fairy|65/100
|-damage|p2a: Gholdengo|53/100|[from] Stealth Rock
|-damage|p2a: Gholdengo|41/100|[from] Spikes
|move|p1a: Corviknight|Body Press|p2a: Gholdengo
|-resisted|p2a: Gholdengo
|-damage|p2a: Gholdengo|32/100
|
|upkeep
|turn|67
|
|t:|1759021428
|move|p1a: Corviknight|U-turn|p2a: Gholdengo
|-resisted|p2a: Gholdengo
|-damage|p2a: Gholdengo|27/100
|
|t:|1759021429
|switch|p1a: Ting-Lu|Ting-Lu, shiny|100/100 slp|[from] U-turn
|-damage|p1a: Ting-Lu|94/100 slp|[from] Stealth Rock
|-damage|p1a: Ting-Lu|69/100 slp|[from] Spikes
|-ability|p1a: Ting-Lu|Vessel of Ruin
|move|p2a: Gholdengo|Recover|p2a: Gholdengo
|-heal|p2a: Gholdengo|77/100
|
|-heal|p1a: Ting-Lu|76/100 slp|[from] item: Leftovers
|upkeep
|turn|68
|
|t:|1759021433
|switch|p2a: Zamazenta|Zamazenta|9/100 brn
|cant|p1a: Ting-Lu|slp
|
|-heal|p1a: Ting-Lu|82/100 slp|[from] item: Leftovers
|-damage|p2a: Zamazenta|3/100 brn|[from] brn
|upkeep
|turn|69
|
|t:|1759021436
|cant|p1a: Ting-Lu|slp
|move|p2a: Zamazenta|Roar|p1a: Ting-Lu
|drag|p1a: Corviknight|Corviknight, F|47/100
|-damage|p1a: Corviknight|34/100|[from] Stealth Rock
|-ability|p1a: Corviknight|Pressure
|
|-damage|p2a: Zamazenta|0 fnt|[from] brn
|faint|p2a: Zamazenta
|upkeep
|j| pacdan111
|
|t:|1759021441
|switch|p2a: Zapdos|Zapdos|88/100 psn
|turn|70
|
|t:|1759021444
|move|p2a: Zapdos|Volt Switch|p1a: Corviknight
|-supereffective|p1a: Corviknight
|-damage|p1a: Corviknight|0 fnt
|faint|p1a: Corviknight
|l| pacdan111
|
|t:|1759021447
|switch|p2a: Rillaboom|Rillaboom, M|20/100|[from] Volt Switch
|-fieldstart|move: Grassy Terrain|[from] ability: Grassy Surge|[of] p2a: Rillaboom
|
|-heal|p2a: Rillaboom|26/100|[from] Grassy Terrain
|upkeep
|
|t:|1759021449
|switch|p1a: Skeledirge|Skeledirge, M|75/100
|turn|71
|
|t:|1759021453
|move|p2a: Rillaboom|U-turn|p1a: Skeledirge
|-resisted|p1a: Skeledirge
|-damage|p1a: Skeledirge|69/100
|
|t:|1759021456
|switch|p2a: Tyranitar|Tyranitar, F|58/100 brn|[from] U-turn
|-weather|Sandstorm|[from] ability: Sand Stream|[of] p2a: Tyranitar
|move|p1a: Skeledirge|Torch Song|p2a: Tyranitar
|-resisted|p2a: Tyranitar
|-damage|p2a: Tyranitar|48/100 brn
|-boost|p1a: Skeledirge|spa|1
|
|-weather|Sandstorm|[upkeep]
|-damage|p1a: Skeledirge|63/100|[from] Sandstorm
|-heal|p2a: Tyranitar|54/100 brn|[from] Grassy Terrain
|-heal|p1a: Skeledirge|69/100|[from] Grassy Terrain
|-damage|p2a: Tyranitar|48/100 brn|[from] brn
|upkeep
|turn|72
|
|t:|1759021460
|switch|p1a: Ting-Lu|Ting-Lu, shiny|82/100 slp
|-damage|p1a: Ting-Lu|76/100 slp|[from] Stealth Rock
|-damage|p1a: Ting-Lu|51/100 slp|[from] Spikes
|-ability|p1a: Ting-Lu|Vessel of Ruin
|move|p2a: Tyranitar|Knock Off|p1a: Ting-Lu
|-resisted|p1a: Ting-Lu
|-damage|p1a: Ting-Lu|43/100 slp
|-enditem|p1a: Ting-Lu|Leftovers|[from] move: Knock Off|[of] p2a: Tyranitar
|
|-weather|Sandstorm|[upkeep]
|-heal|p2a: Tyranitar|54/100 brn|[from] Grassy Terrain
|-heal|p1a: Ting-Lu|49/100 slp|[from] Grassy Terrain
|-damage|p2a: Tyranitar|48/100 brn|[from] brn
|upkeep
|turn|73
|
|t:|1759021483
|switch|p2a: Zapdos|Zapdos|88/100 psn
|-curestatus|p1a: Ting-Lu|slp|[msg]
|move|p1a: Ting-Lu|Heavy Slam|p2a: Zapdos
|-resisted|p2a: Zapdos
|-crit|p2a: Zapdos
|-damage|p2a: Zapdos|61/100 psn
|
|-weather|Sandstorm|[upkeep]
|-damage|p2a: Zapdos|55/100 psn|[from] Sandstorm
|-heal|p1a: Ting-Lu|56/100|[from] Grassy Terrain
|-damage|p2a: Zapdos|43/100 psn|[from] psn
|upkeep
|turn|74
|
|t:|1759021488
|move|p2a: Zapdos|Hurricane|p1a: Ting-Lu
|-damage|p1a: Ting-Lu|32/100
|-start|p1a: Ting-Lu|confusion
|-activate|p1a: Ting-Lu|confusion
|move|p1a: Ting-Lu|Earthquake|p2a: Zapdos
|-immune|p2a: Zapdos
|
|-weather|Sandstorm|[upkeep]
|-damage|p2a: Zapdos|37/100 psn|[from] Sandstorm
|-heal|p1a: Ting-Lu|38/100|[from] Grassy Terrain
|-damage|p2a: Zapdos|25/100 psn|[from] psn
|-fieldend|move: Grassy Terrain
|upkeep
|turn|75
|
|t:|1759021495
|switch|p2a: Tyranitar|Tyranitar, F|48/100 brn
|-activate|p1a: Ting-Lu|confusion
|move|p1a: Ting-Lu|Heavy Slam|p2a: Tyranitar
|-supereffective|p2a: Tyranitar
|-damage|p2a: Tyranitar|11/100 brn
|
|-weather|none
|-damage|p2a: Tyranitar|4/100 brn|[from] brn
|upkeep
|turn|76
|
|t:|1759021499
|move|p2a: Tyranitar|Low Kick|p1a: Ting-Lu
|-supereffective|p1a: Ting-Lu
|-damage|p1a: Ting-Lu|14/100
|-activate|p1a: Ting-Lu|confusion
|move|p1a: Ting-Lu|Rest|p1a: Ting-Lu
|-status|p1a: Ting-Lu|slp|[from] move: Rest
|-heal|p1a: Ting-Lu|100/100 slp|[silent]
|
|-damage|p2a: Tyranitar|0 fnt|[from] brn
|faint|p2a: Tyranitar
|upkeep
|
|t:|1759021501
|switch|p2a: Rillaboom|Rillaboom, M|26/100
|-fieldstart|move: Grassy Terrain|[from] ability: Grassy Surge|[of] p2a: Rillaboom
|turn|77
|
|t:|1759021506
|switch|p1a: Skeledirge|Skeledirge, M|69/100
|move|p2a: Rillaboom|Wood Hammer|p1a: Skeledirge
|-resisted|p1a: Skeledirge
|-damage|p1a: Skeledirge|34/100
|-damage|p2a: Rillaboom|12/100|[from] Recoil
|
|-heal|p2a: Rillaboom|18/100|[from] Grassy Terrain
|-heal|p1a: Skeledirge|40/100|[from] Grassy Terrain
|upkeep
|turn|78
|
|t:|1759021511
|move|p2a: Rillaboom|Knock Off|p1a: Skeledirge
|-supereffective|p1a: Skeledirge
|-damage|p1a: Skeledirge|0 fnt
|-enditem|p1a: Skeledirge|Heavy-Duty Boots|[from] move: Knock Off|[of] p2a: Rillaboom
|faint|p1a: Skeledirge
|
|-heal|p2a: Rillaboom|24/100|[from] Grassy Terrain
|upkeep
|-message|JackRG1 forfeited.
|
|win|grand return
|raw|JackRG1's rating: 1873 &rarr; <strong>1855</strong><br />(-18 for losing)
|raw|grand return's rating: 1912 &rarr; <strong>1930</strong><br />(+18 for winning)
|l|‽JackRG1
|player|p1|
|l|☆grand return
|player|p2|
