|j|☆breaker8010
|j|☆dog you
|t:|1759029158
|gametype|singles
|player|p1|breaker8010|veteran|1022
|player|p2|dog you|cynthia-gen4|1000
|gen|9
|tier|[Gen 9] OU
|rated|
|rule|HP Percentage Mod: HP is shown in percentages
|rule|Endless Battle Clause: Forcing endless battles is banned
|rule|Species Clause: Limit one of each Pokémon
|rule|OHKO Clause: OHKO moves are banned
|rule|Evasion Items Clause: Evasion items are banned
|rule|Evasion Moves Clause: Evasion moves are banned
|rule|Evasion Abilities Clause: Evasion abilities are banned
|rule|Sleep Moves Clause: Sleep-inducing moves are banned
|clearpoke
|poke|p1|Corviknight, M|
|poke|p1|Toxicroak, M|
|poke|p1|Infernape, F|
|poke|p1|Dragapult, F|
|poke|p1|Ting-Lu|
|poke|p1|Zapdos|
|poke|p2|Gliscor, M|
|poke|p2|Hoopa-Unbound|
|poke|p2|Raging Bolt|
|poke|p2|Zapdos-Galar|
|poke|p2|Latios, M|
|poke|p2|Dragonite, M|
|teampreview
|
|t:|1759029183
|teamsize|p1|6
|teamsize|p2|6
|start
|switch|p1a: Ting-Lu|Ting-Lu|100/100
|switch|p2a: Hoopa|Hoopa-Unbound|100/100
|-ability|p1a: Ting-Lu|Vessel of Ruin
|turn|1
|
|t:|1759029194
|move|p2a: Hoopa|Knock Off|p1a: Ting-Lu
|-resisted|p1a: Ting-Lu
|-damage|p1a: Ting-Lu|78/100
|-enditem|p1a: Ting-Lu|Leftovers|[from] move: Knock Off|[of] p2a: Hoopa
|-damage|p2a: Hoopa|91/100|[from] item: Life Orb
|move|p1a: Ting-Lu|Stealth Rock|p2a: Hoopa
|-sidestart|p2: dog you|move: Stealth Rock
|
|upkeep
|turn|2
|c|☆breaker8010|man this fuckass hoopa
|
|t:|1759029204
|move|p2a: Hoopa|Future Sight|p1a: Ting-Lu
|-start|p2a: Hoopa|move: Future Sight
|move|p1a: Ting-Lu|Ruination|p2a: Hoopa
|-damage|p2a: Hoopa|46/100
|
|upkeep
|turn|3
|
|t:|1759029229
|switch|p2a: Latios|Latios, M|100/100
|-damage|p2a: Latios|88/100|[from] Stealth Rock
|move|p1a: Ting-Lu|Earthquake|p2a: Latios
|-immune|p2a: Latios|[from] ability: Levitate
|
|upkeep
|turn|4
|
|t:|1759029248
|switch|p1a: Infernape|Infernape, F|100/100
|-terastallize|p2a: Latios|Dragon
|move|p2a: Latios|Draco Meteor|p1a: Infernape
|-crit|p1a: Infernape
|-damage|p1a: Infernape|0 fnt
|-unboost|p2a: Latios|spa|2
|faint|p1a: Infernape
|
|-hint|Future Sight did not hit because the target is fainted.
|upkeep
|
|t:|1759029266
|switch|p1a: Hades|Dragapult, F, shiny|100/100
|turn|5
|
|t:|1759029275
|switch|p2a: Gliscor|Gliscor, M|100/100
|-damage|p2a: Gliscor|88/100|[from] Stealth Rock
|move|p1a: Hades|Draco Meteor|p2a: Gliscor
|-damage|p2a: Gliscor|21/100
|-unboost|p1a: Hades|spa|2
|
|-status|p2a: Gliscor|tox|[from] item: Toxic Orb
|upkeep
|turn|6
|
|t:|1759029287
|move|p2a: Gliscor|Protect|p2a: Gliscor
|-singleturn|p2a: Gliscor|Protect
|move|p1a: Hades|Shadow Ball|p2a: Gliscor
|-activate|p2a: Gliscor|move: Protect
|
|-heal|p2a: Gliscor|33/100 tox|[from] ability: Poison Heal
|upkeep
|turn|7
|l|☆dog you
|player|p2|
|inactive|Battle timer is ON: inactive players will automatically lose when time's up. (requested by breaker8010)
|inactive|dog you has 30 seconds to reconnect!
|inactive|dog you has 20 seconds to reconnect!
|inactive|dog you has 15 seconds to reconnect!
|inactive|dog you has 10 seconds to reconnect!
|inactive|dog you has 5 seconds to reconnect!
|-message|dog you lost due to inactivity.
|
|win|breaker8010
