|j|☆xFlod
|j|☆3gris
|t:|1758996893
|gametype|singles
|player|p1|xFlod|1|1206
|player|p2|3gris|scientist-gen4dp|1248
|gen|9
|tier|[Gen 9] OU
|rated|
|rule|HP Percentage Mod: HP is shown in percentages
|rule|Endless Battle Clause: Forcing endless battles is banned
|rule|Species Clause: Limit one of each Pokémon
|rule|OHKO Clause: OHKO moves are banned
|rule|Evasion Items Clause: Evasion items are banned
|rule|Evasion Moves Clause: Evasion moves are banned
|rule|Evasion Abilities Clause: Evasion abilities are banned
|rule|Sleep Moves Clause: Sleep-inducing moves are banned
|clearpoke
|poke|p1|Clefable, M|
|poke|p1|Iron Moth|
|poke|p1|Iron Crown|
|poke|p1|Araquanid, F|
|poke|p1|Raging Bolt|
|poke|p1|Ambipom, M|
|poke|p2|Iron Valiant|
|poke|p2|Landorus-Therian, M|
|poke|p2|Great Tusk|
|poke|p2|Raging Bolt|
|poke|p2|Primarina, F|
|poke|p2|Araquanid, M|
|teampreview
|
|t:|1758996915
|teamsize|p1|6
|teamsize|p2|6
|start
|switch|p1a: Clefable|Clefable, M|100/100
|switch|p2a: Landorus|Landorus-Therian, M|100/100
|-ability|p2a: Landorus|Intimidate|boost
|-unboost|p1a: Clefable|atk|1
|turn|1
|
|t:|1758996933
|move|p2a: Landorus|Earthquake|p1a: Clefable
|-damage|p1a: Clefable|55/100
|move|p1a: Clefable|Stealth Rock|p2a: Landorus
|-sidestart|p2: 3gris|move: Stealth Rock
|
|upkeep
|turn|2
|inactive|Battle timer is ON: inactive players will automatically lose when time's up. (requested by 3gris)
|
|t:|1758996942
|switch|p1a: Araquanid|Araquanid, F|100/100
|move|p2a: Landorus|Earthquake|p1a: Araquanid
|-resisted|p1a: Araquanid
|-damage|p1a: Araquanid|73/100
|
|upkeep
|turn|3
|
|t:|1758996954
|switch|p2a: Primarina|Primarina, F|100/100
|-damage|p2a: Primarina|88/100|[from] Stealth Rock
|move|p1a: Araquanid|Surf|p2a: Primarina
|-resisted|p2a: Primarina
|-damage|p2a: Primarina|71/100
|
|upkeep
|turn|4
|
|t:|1758996967
|switch|p1a: Iron Crown|Iron Crown|100/100
|-enditem|p1a: Iron Crown|Booster Energy
|-activate|p1a: Iron Crown|ability: Quark Drive|[fromitem]
|-start|p1a: Iron Crown|quarkdrivespa
|move|p2a: Primarina|Moonblast|p1a: Iron Crown
|-resisted|p1a: Iron Crown
|-damage|p1a: Iron Crown|76/100
|
|upkeep
|turn|5
|
|t:|1758996989
|switch|p2a: Araquanid|Araquanid, M|100/100
|-damage|p2a: Araquanid|75/100|[from] Stealth Rock
|move|p1a: Iron Crown|Calm Mind|p1a: Iron Crown
|-boost|p1a: Iron Crown|spa|1
|-boost|p1a: Iron Crown|spd|1
|
|upkeep
|turn|6
|inactive|xFlod has 120 seconds left.
|
|t:|1758997021
|move|p2a: Araquanid|Endure|p2a: Araquanid
|-singleturn|p2a: Araquanid|move: Endure
|move|p1a: Iron Crown|Psyshock|p2a: Araquanid
|-activate|p2a: Araquanid|move: Endure
|-damage|p2a: Araquanid|1/100
|
|upkeep
|turn|7
|-enditem|p2a: Araquanid|Custap Berry|[eat]
|-activate|p2a: Araquanid|item: Custap Berry|[consumed]
|
|t:|1758997030
|move|p2a: Araquanid|Endeavor|p1a: Iron Crown
|-damage|p1a: Iron Crown|1/100
|move|p1a: Iron Crown|Psyshock|p2a: Araquanid
|-damage|p2a: Araquanid|0 fnt
|faint|p2a: Araquanid
|
|upkeep
|inactive|3gris has 120 seconds left.
|
|t:|1758997047
|switch|p2a: Landorus|Landorus-Therian, M|100/100
|-damage|p2a: Landorus|88/100|[from] Stealth Rock
|-ability|p2a: Landorus|Intimidate|boost
|-unboost|p1a: Iron Crown|atk|1
|turn|8
|inactive|xFlod has 120 seconds left.
|inactive|xFlod has 90 seconds left.
|
|t:|1758997097
|move|p2a: Landorus|U-turn|p1a: Iron Crown
|-damage|p1a: Iron Crown|0 fnt
|faint|p1a: Iron Crown
|-end|p1a: Iron Crown|Quark Drive|[silent]
|
|t:|1758997105
|switch|p2a: Primarina|Primarina, F|71/100|[from] U-turn
|-damage|p2a: Primarina|58/100|[from] Stealth Rock
|
|upkeep
|c|☆xFlod|how he is faster
|
|t:|1758997112
|switch|p1a: Raging Bolt|Raging Bolt|100/100
|-enditem|p1a: Raging Bolt|Booster Energy
|-activate|p1a: Raging Bolt|ability: Protosynthesis|[fromitem]
|-start|p1a: Raging Bolt|protosynthesisspa
|turn|9
|
|t:|1758997123
|-terastallize|p2a: Primarina|Poison
|move|p1a: Raging Bolt|Calm Mind|p1a: Raging Bolt
|-boost|p1a: Raging Bolt|spa|1
|-boost|p1a: Raging Bolt|spd|1
|move|p2a: Primarina|Moonblast|p1a: Raging Bolt
|-supereffective|p1a: Raging Bolt
|-damage|p1a: Raging Bolt|38/100
|-unboost|p1a: Raging Bolt|spa|1
|
|upkeep
|turn|10
|inactive|xFlod has 90 seconds left.
|
|t:|1758997156
|move|p1a: Raging Bolt|Thunderbolt|p2a: Primarina
|-damage|p2a: Primarina|13/100
|move|p2a: Primarina|Moonblast|p1a: Raging Bolt
|-supereffective|p1a: Raging Bolt
|-damage|p1a: Raging Bolt|0 fnt
|faint|p1a: Raging Bolt
|-end|p1a: Raging Bolt|Protosynthesis|[silent]
|
|upkeep
|
|t:|1758997162
|switch|p1a: Ambipom|Ambipom, M|100/100
|turn|11
|inactive|xFlod has 90 seconds left.
|
|t:|1758997170
|move|p1a: Ambipom|Fake Out|p2a: Primarina
|-damage|p2a: Primarina|0 fnt
|faint|p2a: Primarina
|
|upkeep
|
|t:|1758997175
|switch|p2a: Great Tusk|Great Tusk|100/100
|turn|12
|
|t:|1758997181
|switch|p1a: Araquanid|Araquanid, F|73/100
|move|p2a: Great Tusk|Headlong Rush|p1a: Araquanid
|-resisted|p1a: Araquanid
|-damage|p1a: Araquanid|40/100
|-unboost|p2a: Great Tusk|def|1
|-unboost|p2a: Great Tusk|spd|1
|
|upkeep
|turn|13
|
|t:|1758997197
|-end|p2a: Great Tusk|Protosynthesis|[silent]
|switch|p2a: Raging Bolt|Raging Bolt|100/100
|-damage|p2a: Raging Bolt|88/100|[from] Stealth Rock
|-enditem|p2a: Raging Bolt|Booster Energy
|-activate|p2a: Raging Bolt|ability: Protosynthesis|[fromitem]
|-start|p2a: Raging Bolt|protosynthesisspa
|move|p1a: Araquanid|Surf|p2a: Raging Bolt
|-resisted|p2a: Raging Bolt
|-damage|p2a: Raging Bolt|63/100
|
|upkeep
|turn|14
|
|t:|1758997207
|move|p2a: Raging Bolt|Thunderclap|p1a: Araquanid
|-supereffective|p1a: Araquanid
|-damage|p1a: Araquanid|0 fnt
|faint|p1a: Araquanid
|
|upkeep
|
|t:|1758997213
|switch|p1a: Ambipom|Ambipom, M|100/100
|turn|15
|
|t:|1758997219
|move|p1a: Ambipom|Fake Out|p2a: Raging Bolt
|-damage|p2a: Raging Bolt|37/100
|cant|p2a: Raging Bolt|flinch
|
|upkeep
|turn|16
|inactive|xFlod has 120 seconds left.
|
|t:|1758997253
|move|p1a: Ambipom|Triple Axel|p2a: Raging Bolt
|-supereffective|p2a: Raging Bolt
|-damage|p2a: Raging Bolt|20/100
|-supereffective|p2a: Raging Bolt
|-damage|p2a: Raging Bolt|0 fnt
|faint|p2a: Raging Bolt
|-end|p2a: Raging Bolt|Protosynthesis|[silent]
|-hitcount|p2: Raging Bolt|2
|
|upkeep
|
|t:|1758997272
|switch|p2a: Iron Valiant|Iron Valiant|100/100
|-damage|p2a: Iron Valiant|94/100|[from] Stealth Rock
|turn|17
|
|t:|1758997285
|switch|p1a: Clefable|Clefable, M|55/100
|move|p2a: Iron Valiant|Moonblast|p1a: Clefable
|-damage|p1a: Clefable|0 fnt
|faint|p1a: Clefable
|
|upkeep
|
|t:|1758997292
|switch|p1a: Iron Moth|Iron Moth|100/100
|-enditem|p1a: Iron Moth|Booster Energy
|-activate|p1a: Iron Moth|ability: Quark Drive|[fromitem]
|-start|p1a: Iron Moth|quarkdrivespa
|turn|18
|
|t:|1758997317
|-end|p2a: Iron Valiant|Quark Drive|[silent]
|switch|p2a: Landorus|Landorus-Therian, M|88/100
|-damage|p2a: Landorus|76/100|[from] Stealth Rock
|-ability|p2a: Landorus|Intimidate|boost
|-unboost|p1a: Iron Moth|atk|1
|move|p1a: Iron Moth|Fiery Dance|p2a: Landorus
|-damage|p2a: Landorus|0 fnt
|faint|p2a: Landorus
|
|upkeep
|inactive|3gris has 120 seconds left.
|
|t:|1758997328
|switch|p2a: Great Tusk|Great Tusk|100/100
|turn|19
|
|t:|1758997332
|move|p1a: Iron Moth|Energy Ball|p2a: Great Tusk
|-supereffective|p2a: Great Tusk
|-damage|p2a: Great Tusk|0 fnt
|faint|p2a: Great Tusk
|-end|p2a: Great Tusk|Protosynthesis|[silent]
|
|upkeep
|
|t:|1758997345
|switch|p2a: Iron Valiant|Iron Valiant|94/100
|-damage|p2a: Iron Valiant|88/100|[from] Stealth Rock
|turn|20
|inactive|xFlod has 120 seconds left.
|
|t:|1758997364
|move|p2a: Iron Valiant|Thunderbolt|p1a: Iron Moth
|-damage|p1a: Iron Moth|54/100
|move|p1a: Iron Moth|Fiery Dance|p2a: Iron Valiant
|-damage|p2a: Iron Valiant|0 fnt
|faint|p2a: Iron Valiant
|-end|p2a: Iron Valiant|Quark Drive|[silent]
|
|win|xFlod
|raw|xFlod's rating: 1206 &rarr; <strong>1234</strong><br />(+28 for winning)
|raw|3gris's rating: 1248 &rarr; <strong>1220</strong><br />(-28 for losing)
|c|☆3gris|gg
|l|☆3gris
|player|p2|
|l|☆xFlod
|player|p1|
