|badge|p1|bronze|gen9ou|100-6
|badge|p1|silver|gen9uu|30-6
|html|<div class="broadcast-red"><strong>This battle is required to be public due to one or more player having a season medal.</strong><br />During the public phase, you can discuss the state of the ladder <a href="/seasondiscussion">in a special chatroom.</a></div>
|uhtml|medal-msg|<div class="broadcast-blue">Curious what those medals under the avatar are? PS now has Ladder Seasons! For more information, check out the <a href="https://www.smogon.com/forums/threads/3740067/">thread on Smogon.</a></div>
|raw|<div class="broadcast-blue"><strong>This battle is required to be public due to a player having a name starting with 'medal'.</div>
|j|☆dajiangbanlema
|j|☆World_8924
|t:|1758954253
|gametype|singles
|player|p1|dajiangbanlema|266|1846
|player|p2|World_8924|veteran|1788
|gen|9
|tier|[Gen 9] OU
|rated|
|rule|HP Percentage Mod: HP is shown in percentages
|rule|Endless Battle Clause: Forcing endless battles is banned
|rule|Species Clause: Limit one of each Pokémon
|rule|OHKO Clause: OHKO moves are banned
|rule|Evasion Items Clause: Evasion items are banned
|rule|Evasion Moves Clause: Evasion moves are banned
|rule|Evasion Abilities Clause: Evasion abilities are banned
|rule|Sleep Moves Clause: Sleep-inducing moves are banned
|clearpoke
|poke|p1|Ninetales, M|
|poke|p1|Raging Bolt|
|poke|p1|Great Tusk|
|poke|p1|Walking Wake|
|poke|p1|Dragonite, M|
|poke|p1|Iron Treads|
|poke|p2|Glimmora, M|
|poke|p2|Gholdengo|
|poke|p2|Hoopa-Unbound|
|poke|p2|Great Tusk|
|poke|p2|Ogerpon-Wellspring, F|
|poke|p2|Enamorus, F|
|teampreview
|inactive|Battle timer is ON: inactive players will automatically lose when time's up. (requested by dajiangbanlema)
|j| larp legion
|
|t:|1758954279
|teamsize|p1|6
|teamsize|p2|6
|start
|switch|p1a: Iron Treads|Iron Treads|100/100
|switch|p2a: Hoopa|Hoopa-Unbound|100/100
|-enditem|p1a: Iron Treads|Booster Energy
|-activate|p1a: Iron Treads|ability: Quark Drive|[fromitem]
|-start|p1a: Iron Treads|quarkdrivespe
|turn|1
|
|t:|1758954291
|switch|p2a: Great Tusk|Great Tusk|100/100
|move|p1a: Iron Treads|Stealth Rock|p2a: Great Tusk
|-sidestart|p2: World_8924|move: Stealth Rock
|
|upkeep
|turn|2
|
|t:|1758954295
|move|p1a: Iron Treads|Steel Beam|p2a: Great Tusk
|-damage|p2a: Great Tusk|24/100
|-damage|p1a: Iron Treads|50/100|[from] steelbeam
|move|p2a: Great Tusk|Rapid Spin|p1a: Iron Treads
|-resisted|p1a: Iron Treads
|-damage|p1a: Iron Treads|43/100
|-boost|p2a: Great Tusk|spe|1
|-sideend|p2: World_8924|Stealth Rock|[from] move: Rapid Spin|[of] p2a: Great Tusk
|
|upkeep
|turn|3
|
|t:|1758954302
|move|p1a: Iron Treads|Earth Power|p2a: Great Tusk
|-damage|p2a: Great Tusk|0 fnt
|faint|p2a: Great Tusk
|-end|p2a: Great Tusk|Protosynthesis|[silent]
|
|upkeep
|
|t:|1758954307
|switch|p2a: Ogerpon|Ogerpon-Wellspring, F|100/100
|turn|4
|
|t:|1758954309
|move|p1a: Iron Treads|Stealth Rock|p2a: Ogerpon
|-sidestart|p2: World_8924|move: Stealth Rock
|move|p2a: Ogerpon|Ivy Cudgel|p1a: Iron Treads|[anim] Ivy Cudgel Water
|-supereffective|p1a: Iron Treads
|-damage|p1a: Iron Treads|0 fnt
|faint|p1a: Iron Treads
|-end|p1a: Iron Treads|Quark Drive|[silent]
|
|upkeep
|j| locked in bro
|
|t:|1758954314
|switch|p1a: Ninetales|Ninetales, M|100/100
|-weather|SunnyDay|[from] ability: Drought|[of] p1a: Ninetales
|turn|5
|
|t:|1758954320
|switch|p2a: Hoopa|Hoopa-Unbound|100/100
|-damage|p2a: Hoopa|88/100|[from] Stealth Rock
|switch|p1a: Raging Bolt|Raging Bolt|100/100
|-activate|p1a: Raging Bolt|ability: Protosynthesis
|-start|p1a: Raging Bolt|protosynthesisspa
|
|-weather|SunnyDay|[upkeep]
|upkeep
|turn|6
|
|t:|1758954330
|move|p1a: Raging Bolt|Thunderbolt|p2a: Hoopa
|-damage|p2a: Hoopa|55/100
|-status|p2a: Hoopa|par
|cant|p2a: Hoopa|par
|
|-weather|SunnyDay|[upkeep]
|upkeep
|turn|7
|
|t:|1758954335
|move|p1a: Raging Bolt|Calm Mind|p1a: Raging Bolt
|-boost|p1a: Raging Bolt|spa|1
|-boost|p1a: Raging Bolt|spd|1
|move|p2a: Hoopa|Knock Off|p1a: Raging Bolt
|-damage|p1a: Raging Bolt|62/100
|-enditem|p1a: Raging Bolt|Leftovers|[from] move: Knock Off|[of] p2a: Hoopa
|
|-weather|SunnyDay|[upkeep]
|upkeep
|turn|8
|
|t:|1758954338
|move|p1a: Raging Bolt|Thunderbolt|p2a: Hoopa
|-damage|p2a: Hoopa|1/100 par
|move|p2a: Hoopa|Psychic Noise|p1a: Raging Bolt
|-damage|p1a: Raging Bolt|35/100
|-start|p1a: Raging Bolt|move: Heal Block
|
|-weather|SunnyDay|[upkeep]
|upkeep
|turn|9
|
|t:|1758954345
|move|p1a: Raging Bolt|Thunderbolt|p2a: Hoopa
|-damage|p2a: Hoopa|0 fnt
|faint|p2a: Hoopa
|
|-weather|SunnyDay|[upkeep]
|-end|p1a: Raging Bolt|move: Heal Block
|upkeep
|
|t:|1758954350
|switch|p2a: Enamorus|Enamorus, F|100/100
|-damage|p2a: Enamorus|76/100|[from] Stealth Rock
|turn|10
|
|t:|1758954354
|move|p2a: Enamorus|Substitute|p2a: Enamorus
|-start|p2a: Enamorus|Substitute
|-damage|p2a: Enamorus|51/100
|move|p1a: Raging Bolt|Solar Beam||[still]
|-prepare|p1a: Raging Bolt|Solar Beam
|-anim|p1a: Raging Bolt|Solar Beam|p2a: Enamorus
|-resisted|p2a: Enamorus
|-crit|p2a: Enamorus
|-end|p2a: Enamorus|Substitute
|
|-weather|SunnyDay|[upkeep]
|-heal|p2a: Enamorus|57/100|[from] item: Leftovers
|upkeep
|turn|11
|
|t:|1758954360
|move|p2a: Enamorus|Substitute|p2a: Enamorus
|-start|p2a: Enamorus|Substitute
|-damage|p2a: Enamorus|32/100
|move|p1a: Raging Bolt|Solar Beam||[still]
|-prepare|p1a: Raging Bolt|Solar Beam
|-anim|p1a: Raging Bolt|Solar Beam|p2a: Enamorus
|-resisted|p2a: Enamorus
|-end|p2a: Enamorus|Substitute
|
|-weather|SunnyDay|[upkeep]
|-heal|p2a: Enamorus|38/100|[from] item: Leftovers
|upkeep
|turn|12
|
|t:|1758954369
|move|p2a: Enamorus|Moonblast|p1a: Raging Bolt
|-supereffective|p1a: Raging Bolt
|-damage|p1a: Raging Bolt|0 fnt
|faint|p1a: Raging Bolt
|-end|p1a: Raging Bolt|Protosynthesis|[silent]
|
|-weather|none
|-heal|p2a: Enamorus|45/100|[from] item: Leftovers
|upkeep
|
|t:|1758954374
|switch|p1a: Great Tusk|Great Tusk|100/100
|turn|13
|
|t:|1758954377
|move|p1a: Great Tusk|Ice Spinner|p2a: Enamorus
|-supereffective|p2a: Enamorus
|-damage|p2a: Enamorus|0 fnt
|faint|p2a: Enamorus
|
|upkeep
|
|t:|1758954380
|switch|p2a: Glimmora|Glimmora, M, shiny|100/100
|-damage|p2a: Glimmora|88/100|[from] Stealth Rock
|turn|14
|
|t:|1758954384
|-end|p1a: Great Tusk|Protosynthesis|[silent]
|switch|p1a: Ninetales|Ninetales, M|100/100
|-weather|SunnyDay|[from] ability: Drought|[of] p1a: Ninetales
|move|p2a: Glimmora|Mortal Spin|p1a: Ninetales
|-damage|p1a: Ninetales|94/100
|-status|p1a: Ninetales|psn
|-sideend|p2: World_8924|Stealth Rock|[from] move: Mortal Spin|[of] p2a: Glimmora
|
|-weather|SunnyDay|[upkeep]
|-damage|p1a: Ninetales|81/100 psn|[from] psn
|upkeep
|turn|15
|
|t:|1758954388
|move|p1a: Ninetales|Encore|p2a: Glimmora
|-start|p2a: Glimmora|Encore
|move|p2a: Glimmora|Mortal Spin|p1a: Ninetales
|-damage|p1a: Ninetales|75/100 psn
|
|-weather|SunnyDay|[upkeep]
|-damage|p1a: Ninetales|62/100 psn|[from] psn
|upkeep
|turn|16
|
|t:|1758954392
|move|p1a: Ninetales|Healing Wish|p1a: Ninetales
|faint|p1a: Ninetales
|move|p2a: Glimmora|Mortal Spin|p1: Ninetales|[notarget]
|-fail|p2a: Glimmora
|
|-weather|SunnyDay|[upkeep]
|upkeep
|
|t:|1758954393
|switch|p1a: Walking Wake|Walking Wake|100/100
|-activate|p1a: Walking Wake|ability: Protosynthesis
|-start|p1a: Walking Wake|protosynthesisspa
|turn|17
|
|t:|1758954402
|move|p1a: Walking Wake|Agility|p1a: Walking Wake
|-boost|p1a: Walking Wake|spe|2
|move|p2a: Glimmora|Mortal Spin|p1a: Walking Wake
|-damage|p1a: Walking Wake|94/100
|-status|p1a: Walking Wake|psn
|
|-weather|SunnyDay|[upkeep]
|-damage|p1a: Walking Wake|82/100 psn|[from] psn
|-end|p2a: Glimmora|Encore
|upkeep
|turn|18
|j| Xman13777
|
|t:|1758954417
|-terastallize|p2a: Glimmora|Grass
|move|p1a: Walking Wake|Hydro Steam|p2a: Glimmora
|-resisted|p2a: Glimmora
|-damage|p2a: Glimmora|37/100
|-enditem|p2a: Glimmora|Red Card|[of] p1a: Walking Wake
|-end|p1a: Walking Wake|Protosynthesis|[silent]
|drag|p1a: Dragonite|Dragonite, M|100/100
|move|p2a: Glimmora|Mortal Spin|p1a: Dragonite
|-damage|p1a: Dragonite|97/100
|-status|p1a: Dragonite|psn
|
|-weather|SunnyDay|[upkeep]
|-damage|p1a: Dragonite|85/100 psn|[from] psn
|upkeep
|turn|19
|
|t:|1758954428
|move|p1a: Dragonite|Dragon Dance|p1a: Dragonite
|-boost|p1a: Dragonite|atk|1
|-boost|p1a: Dragonite|spe|1
|move|p2a: Glimmora|Power Gem|p1a: Dragonite
|-supereffective|p1a: Dragonite
|-damage|p1a: Dragonite|0 fnt
|faint|p1a: Dragonite
|
|-weather|SunnyDay|[upkeep]
|upkeep
|
|t:|1758954432
|switch|p1a: Walking Wake|Walking Wake|82/100 psn
|-heal|p1a: Walking Wake|100/100|[from] move: Healing Wish
|-activate|p1a: Walking Wake|ability: Protosynthesis
|-start|p1a: Walking Wake|protosynthesisspa
|turn|20
|
|t:|1758954439
|move|p1a: Walking Wake|Agility|p1a: Walking Wake
|-boost|p1a: Walking Wake|spe|2
|move|p2a: Glimmora|Mortal Spin|p1a: Walking Wake
|-damage|p1a: Walking Wake|93/100
|-status|p1a: Walking Wake|psn
|
|-weather|SunnyDay|[upkeep]
|-damage|p1a: Walking Wake|81/100 psn|[from] psn
|upkeep
|turn|21
|
|t:|1758954448
|move|p1a: Walking Wake|Weather Ball|p2a: Glimmora
|-supereffective|p2a: Glimmora
|-damage|p2a: Glimmora|0 fnt
|faint|p2a: Glimmora
|
|-weather|none
|-end|p1a: Walking Wake|Protosynthesis
|-damage|p1a: Walking Wake|69/100 psn|[from] psn
|upkeep
|
|t:|1758954451
|switch|p2a: Gholdengo|Gholdengo, shiny|100/100
|-item|p2a: Gholdengo|Air Balloon
|turn|22
|
|t:|1758954453
|move|p1a: Walking Wake|Hydro Steam|p2a: Gholdengo
|-damage|p2a: Gholdengo|59/100
|-enditem|p2a: Gholdengo|Air Balloon
|move|p2a: Gholdengo|Hex|p1a: Walking Wake
|-damage|p1a: Walking Wake|6/100 psn
|
|-damage|p1a: Walking Wake|0 fnt|[from] psn
|faint|p1a: Walking Wake
|-end|p1a: Walking Wake|Protosynthesis|[silent]
|upkeep
|
|t:|1758954457
|switch|p1a: Great Tusk|Great Tusk|100/100
|turn|23
|
|t:|1758954462
|move|p1a: Great Tusk|Headlong Rush|p2a: Gholdengo
|-supereffective|p2a: Gholdengo
|-damage|p2a: Gholdengo|0 fnt
|-unboost|p1a: Great Tusk|def|1
|-unboost|p1a: Great Tusk|spd|1
|faint|p2a: Gholdengo
|
|upkeep
|
|t:|1758954464
|switch|p2a: Ogerpon|Ogerpon-Wellspring, F|100/100
|turn|24
|
|t:|1758954466
|-terastallize|p1a: Great Tusk|Fighting
|move|p1a: Great Tusk|Headlong Rush|p2a: Ogerpon
|-resisted|p2a: Ogerpon
|-damage|p2a: Ogerpon|61/100
|-unboost|p1a: Great Tusk|def|1
|-unboost|p1a: Great Tusk|spd|1
|move|p2a: Ogerpon|Horn Leech|p1a: Great Tusk
|-damage|p1a: Great Tusk|31/100
|-heal|p2a: Ogerpon|100/100|[from] drain|[of] p1a: Great Tusk
|
|upkeep
|turn|25
|-message|dajiangbanlema forfeited.
|
|win|World_8924
|raw|dajiangbanlema's rating: 1846 &rarr; <strong>1823</strong><br />(-23 for losing)
|raw|World_8924's rating: 1788 &rarr; <strong>1811</strong><br />(+23 for winning)
|l| larp legion
|l|☆dajiangbanlema
|player|p1|
|l|☆World_8924
|player|p2|
|l| locked in bro
|j| amefurikoneko
