|j|☆sigm4
|j|☆VoltySwitch
|t:|1758915769
|gametype|singles
|player|p1|sigm4|gentleman-gen4|1390
|player|p2|VoltySwitch|twins-gen4dp|1420
|gen|9
|tier|[Gen 9] OU
|rated|
|rule|HP Percentage Mod: HP is shown in percentages
|rule|Endless Battle Clause: Forcing endless battles is banned
|rule|Species Clause: Limit one of each Pokémon
|rule|OHKO Clause: OHKO moves are banned
|rule|Evasion Items Clause: Evasion items are banned
|rule|Evasion Moves Clause: Evasion moves are banned
|rule|Evasion Abilities Clause: Evasion abilities are banned
|rule|Sleep Moves Clause: Sleep-inducing moves are banned
|clearpoke
|poke|p1|Meowscarada, M|
|poke|p1|Ceruledge, F|
|poke|p1|Walking Wake|
|poke|p1|Corviknight, F|
|poke|p1|Gliscor, F|
|poke|p1|Slowking-Galar, F|
|poke|p2|Cinderace, F|
|poke|p2|Keldeo-Resolute|
|poke|p2|Kingambit, M|
|poke|p2|Sinistcha|
|poke|p2|Raging Bolt|
|poke|p2|Kleavor, M|
|teampreview
|inactive|Battle timer is ON: inactive players will automatically lose when time's up. (requested by VoltySwitch)
|
|t:|1758915786
|teamsize|p1|6
|teamsize|p2|6
|start
|switch|p1a: Lancelot|Corviknight, F|100/100
|switch|p2a: Kleavor|Kleavor, M|100/100
|-ability|p1a: Lancelot|Pressure
|turn|1
|
|t:|1758915800
|move|p2a: Kleavor|U-turn|p1a: Lancelot
|-resisted|p1a: Lancelot
|-damage|p1a: Lancelot|94/100
|-damage|p2a: Kleavor|84/100|[from] item: Rocky Helmet|[of] p1a: Lancelot
|
|t:|1758915805
|switch|p2a: Cinderace|Cinderace, F|100/100|[from] U-turn
|move|p1a: Lancelot|Body Press|p2a: Cinderace
|-damage|p2a: Cinderace|59/100
|
|upkeep
|turn|2
|
|t:|1758915813
|switch|p1a: joker|Gliscor, F|100/100
|move|p2a: Cinderace|Pyro Ball|p1a: joker
|-damage|p1a: joker|68/100
|
|-status|p1a: joker|tox|[from] item: Toxic Orb
|upkeep
|turn|3
|
|t:|1758915823
|switch|p2a: Keldeo|Keldeo-Resolute|100/100
|move|p1a: joker|Stealth Rock|p2a: Keldeo
|-sidestart|p2: VoltySwitch|move: Stealth Rock
|
|-heal|p1a: joker|80/100 tox|[from] ability: Poison Heal
|upkeep
|turn|4
|
|t:|1758915831
|move|p1a: joker|Protect|p1a: joker
|-singleturn|p1a: joker|Protect
|move|p2a: Keldeo|Surf|p1a: joker
|-activate|p1a: joker|move: Protect
|
|-heal|p1a: joker|93/100 tox|[from] ability: Poison Heal
|upkeep
|turn|5
|
|t:|1758915841
|switch|p1a: flopman|Slowking-Galar, F|100/100
|move|p2a: Keldeo|Surf|p1a: flopman
|-damage|p1a: flopman|66/100
|
|upkeep
|turn|6
|
|t:|1758915848
|switch|p1a: W2|Walking Wake|100/100
|move|p2a: Keldeo|Surf|p1a: W2
|-resisted|p1a: W2
|-crit|p1a: W2
|-damage|p1a: W2|68/100
|
|upkeep
|turn|7
|inactive|VoltySwitch has 120 seconds left.
|
|t:|1758915880
|switch|p2a: Raging Bolt|Raging Bolt|100/100
|-damage|p2a: Raging Bolt|88/100|[from] Stealth Rock
|move|p1a: W2|Draco Meteor|p2a: Raging Bolt
|-supereffective|p2a: Raging Bolt
|-damage|p2a: Raging Bolt|0 fnt
|-unboost|p1a: W2|spa|2
|faint|p2a: Raging Bolt
|-end|p2a: Raging Bolt|Protosynthesis|[silent]
|
|upkeep
|inactive|VoltySwitch has 120 seconds left.
|
|t:|1758915898
|switch|p2a: Kingambit|Kingambit, M|100/100
|-damage|p2a: Kingambit|94/100|[from] Stealth Rock
|-activate|p2a: Kingambit|ability: Supreme Overlord
|-start|p2a: Kingambit|fallen1|[silent]
|turn|8
|
|t:|1758915904
|-end|p1a: W2|Protosynthesis|[silent]
|switch|p1a: joker|Gliscor, F|93/100 tox
|move|p2a: Kingambit|Swords Dance|p2a: Kingambit
|-boost|p2a: Kingambit|atk|2
|
|-heal|p1a: joker|100/100 tox|[from] ability: Poison Heal
|upkeep
|turn|9
|
|t:|1758915912
|-terastallize|p2a: Kingambit|Dark
|move|p1a: joker|Earthquake|p2a: Kingambit
|-damage|p2a: Kingambit|73/100
|move|p2a: Kingambit|Kowtow Cleave|p1a: joker
|-damage|p1a: joker|1/100 tox
|
|-heal|p1a: joker|13/100 tox|[from] ability: Poison Heal
|upkeep
|turn|10
|
|t:|1758915921
|move|p1a: joker|Earthquake|p2a: Kingambit
|-damage|p2a: Kingambit|47/100
|move|p2a: Kingambit|Swords Dance|p2a: Kingambit
|-boost|p2a: Kingambit|atk|2
|
|-heal|p1a: joker|26/100 tox|[from] ability: Poison Heal
|upkeep
|turn|11
|
|t:|1758915928
|move|p2a: Kingambit|Sucker Punch|p1a: joker
|-damage|p1a: joker|0 fnt
|faint|p1a: joker
|
|upkeep
|
|t:|1758915933
|switch|p1a: Lancelot|Corviknight, F|94/100
|-ability|p1a: Lancelot|Pressure
|turn|12
|
|t:|1758915938
|move|p2a: Kingambit|Sucker Punch|p1a: Lancelot
|-damage|p1a: Lancelot|0 fnt
|-damage|p2a: Kingambit|30/100|[from] item: Rocky Helmet|[of] p1a: Lancelot
|faint|p1a: Lancelot
|
|upkeep
|
|t:|1758915947
|switch|p1a: Igriss|Ceruledge, F|100/100
|turn|13
|
|t:|1758915953
|move|p1a: Igriss|Bitter Blade|p2a: Kingambit
|-damage|p2a: Kingambit|0 fnt
|faint|p2a: Kingambit
|-end|p2a: Kingambit|fallen1|[silent]
|
|upkeep
|
|t:|1758915957
|switch|p2a: Kleavor|Kleavor, M|84/100
|-damage|p2a: Kleavor|59/100|[from] Stealth Rock
|turn|14
|
|t:|1758915964
|move|p2a: Kleavor|Stone Axe|p1a: Igriss
|-supereffective|p1a: Igriss
|-enditem|p1a: Igriss|Focus Sash
|-damage|p1a: Igriss|1/100
|-ability|p1a: Igriss|Weak Armor|boost
|-unboost|p1a: Igriss|def|1
|-boost|p1a: Igriss|spe|2
|-sidestart|p1: sigm4|move: Stealth Rock
|move|p1a: Igriss|Swords Dance|p1a: Igriss
|-boost|p1a: Igriss|atk|2
|
|upkeep
|turn|15
|
|t:|1758915975
|switch|p2a: Cinderace|Cinderace, F|59/100
|move|p1a: Igriss|Bitter Blade|p2a: Cinderace
|-resisted|p2a: Cinderace
|-damage|p2a: Cinderace|0 fnt
|-heal|p1a: Igriss|31/100|[from] drain|[of] p2a: Cinderace
|faint|p2a: Cinderace
|
|upkeep
|
|t:|1758915984
|switch|p2a: Keldeo|Keldeo-Resolute|100/100
|-damage|p2a: Keldeo|94/100|[from] Stealth Rock
|turn|16
|
|t:|1758915990
|-terastallize|p1a: Igriss|Ghost
|move|p1a: Igriss|Poltergeist|p2a: Keldeo|[miss]
|-miss|p1a: Igriss|p2a: Keldeo
|move|p2a: Keldeo|Surf|p1a: Igriss
|-damage|p1a: Igriss|0 fnt
|faint|p1a: Igriss
|
|upkeep
|
|t:|1758916000
|switch|p1a: W2|Walking Wake|68/100
|-damage|p1a: W2|55/100|[from] Stealth Rock
|turn|17
|
|t:|1758916005
|switch|p2a: Sinistcha|Sinistcha|100/100
|move|p1a: W2|Draco Meteor|p2a: Sinistcha
|-damage|p2a: Sinistcha|0 fnt
|-unboost|p1a: W2|spa|2
|faint|p2a: Sinistcha
|
|upkeep
|
|t:|1758916023
|switch|p2a: Keldeo|Keldeo-Resolute|94/100
|-damage|p2a: Keldeo|88/100|[from] Stealth Rock
|turn|18
|
|t:|1758916032
|-end|p1a: W2|Protosynthesis|[silent]
|switch|p1a: merlin|Meowscarada, M|100/100
|-damage|p1a: merlin|88/100|[from] Stealth Rock
|move|p2a: Keldeo|Secret Sword|p1a: merlin
|-supereffective|p1a: merlin
|-damage|p1a: merlin|0 fnt
|faint|p1a: merlin
|
|upkeep
|
|t:|1758916040
|switch|p1a: flopman|Slowking-Galar, F|99/100
|-damage|p1a: flopman|87/100|[from] Stealth Rock
|turn|19
|
|t:|1758916044
|switch|p2a: Kleavor|Kleavor, M|59/100
|-damage|p2a: Kleavor|34/100|[from] Stealth Rock
|move|p1a: flopman|Future Sight|p2a: Kleavor
|-start|p1a: flopman|move: Future Sight
|
|upkeep
|turn|20
|
|t:|1758916054
|move|p2a: Kleavor|X-Scissor|p1a: flopman
|-damage|p1a: flopman|23/100
|move|p1a: flopman|Flamethrower|p2a: Kleavor
|-damage|p2a: Kleavor|0 fnt
|faint|p2a: Kleavor
|
|upkeep
|
|t:|1758916061
|switch|p2a: Keldeo|Keldeo-Resolute|88/100
|-damage|p2a: Keldeo|82/100|[from] Stealth Rock
|turn|21
|
|t:|1758916066
|move|p2a: Keldeo|Surf|p1a: flopman
|-damage|p1a: flopman|0 fnt
|faint|p1a: flopman
|
|-end|p2a: Keldeo|move: Future Sight
|-supereffective|p2a: Keldeo
|-crit|p2a: Keldeo
|-damage|p2a: Keldeo|0 fnt
|faint|p2a: Keldeo
|
|win|sigm4
|raw|sigm4's rating: 1390 &rarr; <strong>1412</strong><br />(+22 for winning)
|raw|VoltySwitch's rating: 1420 &rarr; <strong>1398</strong><br />(-22 for losing)
|l|☆VoltySwitch
|player|p2|
