|j|☆SittinGamer
|j|☆Rabzzz
|t:|1759000087
|gametype|singles
|player|p1|SittinGamer|dawn-gen4pt|1550
|player|p2|Rabzzz|#mwpvimurkrows|1627
|gen|9
|tier|[Gen 9] OU
|rated|
|rule|HP Percentage Mod: HP is shown in percentages
|rule|Endless Battle Clause: Forcing endless battles is banned
|rule|Species Clause: Limit one of each Pokémon
|rule|OHKO Clause: OHKO moves are banned
|rule|Evasion Items Clause: Evasion items are banned
|rule|Evasion Moves Clause: Evasion moves are banned
|rule|Evasion Abilities Clause: Evasion abilities are banned
|rule|Sleep Moves Clause: Sleep-inducing moves are banned
|clearpoke
|poke|p1|Tyranitar, M|
|poke|p1|Pecharunt|
|poke|p1|Empoleon, M|
|poke|p1|Ogerpon-Wellspring, F|
|poke|p1|Zapdos|
|poke|p1|Excadrill, M|
|poke|p2|Alomomola, M|
|poke|p2|Hoopa-Unbound|
|poke|p2|Pecharunt|
|poke|p2|Raging Bolt|
|poke|p2|Great Tusk|
|poke|p2|Moltres|
|teampreview
|
|t:|1759000122
|teamsize|p1|6
|teamsize|p2|6
|start
|switch|p1a: Zapdos|Zapdos|100/100
|switch|p2a: Great Tusk|Great Tusk|100/100
|turn|1
|
|t:|1759000135
|-end|p2a: Great Tusk|Protosynthesis|[silent]
|switch|p2a: Raging Bolt|Raging Bolt|100/100
|move|p1a: Zapdos|Hurricane|p2a: Raging Bolt
|-resisted|p2a: Raging Bolt
|-damage|p2a: Raging Bolt|75/100
|
|-heal|p2a: Raging Bolt|82/100|[from] item: Leftovers
|upkeep
|turn|2
|
|t:|1759000142
|move|p1a: Zapdos|Volt Switch|p2a: Raging Bolt
|-resisted|p2a: Raging Bolt
|-damage|p2a: Raging Bolt|74/100
|
|t:|1759000154
|switch|p1a: Tyranitar|Tyranitar, M|100/100|[from] Volt Switch
|-weather|Sandstorm|[from] ability: Sand Stream|[of] p1a: Tyranitar
|move|p2a: Raging Bolt|Dragon Pulse|p1a: Tyranitar
|-damage|p1a: Tyranitar|69/100
|
|-weather|Sandstorm|[upkeep]
|-damage|p2a: Raging Bolt|68/100|[from] Sandstorm
|-heal|p2a: Raging Bolt|74/100|[from] item: Leftovers
|upkeep
|turn|3
|
|t:|1759000160
|-end|p2a: Raging Bolt|Protosynthesis|[silent]
|switch|p2a: Great Tusk|Great Tusk|100/100
|move|p1a: Tyranitar|Knock Off|p2a: Great Tusk
|-resisted|p2a: Great Tusk
|-damage|p2a: Great Tusk|81/100
|-damage|p1a: Tyranitar|52/100|[from] item: Rocky Helmet|[of] p2a: Great Tusk
|-enditem|p2a: Great Tusk|Rocky Helmet|[from] move: Knock Off|[of] p1a: Tyranitar
|
|-weather|Sandstorm|[upkeep]
|upkeep
|turn|4
|
|t:|1759000164
|switch|p1a: Pecharunt|Pecharunt|100/100
|move|p2a: Great Tusk|Stealth Rock|p1a: Pecharunt
|-sidestart|p1: SittinGamer|move: Stealth Rock
|
|-weather|Sandstorm|[upkeep]
|-damage|p1a: Pecharunt|94/100|[from] Sandstorm
|upkeep
|turn|5
|
|t:|1759000176
|-end|p2a: Great Tusk|Protosynthesis|[silent]
|switch|p2a: Hoopa|Hoopa-Unbound|100/100
|move|p1a: Pecharunt|Malignant Chain|p2a: Hoopa
|-damage|p2a: Hoopa|86/100
|
|-weather|Sandstorm|[upkeep]
|-damage|p1a: Pecharunt|88/100|[from] Sandstorm
|-damage|p2a: Hoopa|80/100|[from] Sandstorm
|upkeep
|turn|6
|
|t:|1759000185
|move|p1a: Pecharunt|Parting Shot|p2a: Hoopa
|-unboost|p2a: Hoopa|atk|1
|-unboost|p2a: Hoopa|spa|1
|
|t:|1759000194
|switch|p1a: Empoleon|Empoleon, M|100/100|[from] Parting Shot
|-damage|p1a: Empoleon|94/100|[from] Stealth Rock
|move|p2a: Hoopa|Knock Off|p1a: Empoleon
|-damage|p1a: Empoleon|59/100
|-enditem|p1a: Empoleon|Leftovers|[from] move: Knock Off|[of] p2a: Hoopa
|
|-weather|none
|upkeep
|turn|7
|
|t:|1759000209
|move|p2a: Hoopa|Drain Punch|p1a: Empoleon
|-supereffective|p1a: Empoleon
|-damage|p1a: Empoleon|22/100
|-heal|p2a: Hoopa|99/100|[from] drain|[of] p1a: Empoleon
|move|p1a: Empoleon|Stealth Rock|p2a: Hoopa
|-sidestart|p2: Rabzzz|move: Stealth Rock
|
|upkeep
|turn|8
|
|t:|1759000220
|switch|p1a: Ogerpon|Ogerpon-Wellspring, F|100/100
|-damage|p1a: Ogerpon|88/100|[from] Stealth Rock
|move|p2a: Hoopa|Drain Punch|p1a: Ogerpon
|-damage|p1a: Ogerpon|65/100
|-heal|p2a: Hoopa|100/100|[from] drain|[of] p1a: Ogerpon
|
|upkeep
|turn|9
|
|t:|1759000226
|switch|p2a: Pecharunt|Pecharunt|100/100
|move|p1a: Ogerpon|Swords Dance|p1a: Ogerpon
|-boost|p1a: Ogerpon|atk|2
|
|upkeep
|turn|10
|
|t:|1759000233
|move|p1a: Ogerpon|Knock Off|p2a: Pecharunt
|-supereffective|p2a: Pecharunt
|-damage|p2a: Pecharunt|28/100
|-enditem|p2a: Pecharunt|Heavy-Duty Boots|[from] move: Knock Off|[of] p1a: Ogerpon
|move|p2a: Pecharunt|Malignant Chain|p1a: Ogerpon
|-supereffective|p1a: Ogerpon
|-damage|p1a: Ogerpon|0 fnt
|faint|p1a: Ogerpon
|
|upkeep
|
|t:|1759000241
|switch|p1a: Zapdos|Zapdos|100/100
|turn|11
|
|t:|1759000254
|switch|p2a: Raging Bolt|Raging Bolt|74/100
|-damage|p2a: Raging Bolt|62/100|[from] Stealth Rock
|move|p1a: Zapdos|Volt Switch|p2a: Raging Bolt
|-resisted|p2a: Raging Bolt
|-damage|p2a: Raging Bolt|53/100
|
|t:|1759000266
|switch|p1a: Excadrill|Excadrill, M|100/100|[from] Volt Switch
|-damage|p1a: Excadrill|97/100|[from] Stealth Rock
|-item|p1a: Excadrill|Air Balloon
|
|-heal|p2a: Raging Bolt|59/100|[from] item: Leftovers
|upkeep
|turn|12
|
|t:|1759000282
|-end|p2a: Raging Bolt|Protosynthesis|[silent]
|switch|p2a: Alomomola|Alomomola, M|100/100
|move|p1a: Excadrill|Rapid Spin|p2a: Alomomola
|-damage|p2a: Alomomola|91/100
|-boost|p1a: Excadrill|spe|1
|-sideend|p1: SittinGamer|Stealth Rock|[from] move: Rapid Spin|[of] p1a: Excadrill
|
|upkeep
|turn|13
|
|t:|1759000292
|move|p1a: Excadrill|Swords Dance|p1a: Excadrill
|-boost|p1a: Excadrill|atk|2
|move|p2a: Alomomola|Flip Turn|p1a: Excadrill
|-supereffective|p1a: Excadrill
|-damage|p1a: Excadrill|54/100
|-enditem|p1a: Excadrill|Air Balloon
|
|t:|1759000301
|switch|p2a: Moltres|Moltres|100/100|[from] Flip Turn
|
|upkeep
|turn|14
|
|t:|1759000306
|switch|p1a: Tyranitar|Tyranitar, M|52/100
|-weather|Sandstorm|[from] ability: Sand Stream|[of] p1a: Tyranitar
|move|p2a: Moltres|Flamethrower|p1a: Tyranitar
|-resisted|p1a: Tyranitar
|-damage|p1a: Tyranitar|40/100
|
|-weather|Sandstorm|[upkeep]
|-damage|p2a: Moltres|94/100|[from] Sandstorm
|upkeep
|turn|15
|
|t:|1759000316
|switch|p2a: Great Tusk|Great Tusk|81/100
|-damage|p2a: Great Tusk|78/100|[from] Stealth Rock
|move|p1a: Tyranitar|Ice Punch|p2a: Great Tusk
|-supereffective|p2a: Great Tusk
|-damage|p2a: Great Tusk|37/100
|
|-weather|Sandstorm|[upkeep]
|upkeep
|turn|16
|
|t:|1759000323
|switch|p1a: Pecharunt|Pecharunt|88/100
|move|p2a: Great Tusk|Stealth Rock|p1a: Pecharunt
|-sidestart|p1: SittinGamer|move: Stealth Rock
|
|-weather|Sandstorm|[upkeep]
|-damage|p1a: Pecharunt|82/100|[from] Sandstorm
|upkeep
|turn|17
|
|t:|1759000326
|move|p2a: Great Tusk|Headlong Rush|p1a: Pecharunt
|-supereffective|p1a: Pecharunt
|-damage|p1a: Pecharunt|20/100
|-unboost|p2a: Great Tusk|def|1
|-unboost|p2a: Great Tusk|spd|1
|-damage|p2a: Great Tusk|21/100|[from] item: Rocky Helmet|[of] p1a: Pecharunt
|move|p1a: Pecharunt|Malignant Chain|p2a: Great Tusk
|-resisted|p2a: Great Tusk
|-crit|p2a: Great Tusk
|-damage|p2a: Great Tusk|0 fnt
|faint|p2a: Great Tusk
|-end|p2a: Great Tusk|Protosynthesis|[silent]
|
|-weather|Sandstorm|[upkeep]
|-damage|p1a: Pecharunt|14/100|[from] Sandstorm
|upkeep
|
|t:|1759000340
|switch|p2a: Raging Bolt|Raging Bolt|59/100
|-damage|p2a: Raging Bolt|47/100|[from] Stealth Rock
|turn|18
|
|t:|1759000345
|switch|p1a: Excadrill|Excadrill, M|54/100
|-damage|p1a: Excadrill|51/100|[from] Stealth Rock
|move|p2a: Raging Bolt|Dragon Pulse|p1a: Excadrill
|-resisted|p1a: Excadrill
|-damage|p1a: Excadrill|15/100
|
|-weather|none
|-heal|p2a: Raging Bolt|53/100|[from] item: Leftovers
|upkeep
|turn|19
|
|t:|1759000360
|-end|p2a: Raging Bolt|Protosynthesis|[silent]
|switch|p2a: Moltres|Moltres|94/100
|move|p1a: Excadrill|Earthquake|p2a: Moltres
|-immune|p2a: Moltres
|
|upkeep
|turn|20
|
|t:|1759000367
|move|p1a: Excadrill|Rapid Spin|p2a: Moltres
|-damage|p2a: Moltres|75/100
|-boost|p1a: Excadrill|spe|1
|-sideend|p1: SittinGamer|Stealth Rock|[from] move: Rapid Spin|[of] p1a: Excadrill
|move|p2a: Moltres|Flamethrower|p1a: Excadrill
|-supereffective|p1a: Excadrill
|-damage|p1a: Excadrill|0 fnt
|faint|p1a: Excadrill
|
|upkeep
|
|t:|1759000369
|switch|p1a: Tyranitar|Tyranitar, M|40/100
|-weather|Sandstorm|[from] ability: Sand Stream|[of] p1a: Tyranitar
|turn|21
|
|t:|1759000373
|move|p1a: Tyranitar|Knock Off|p2a: Moltres
|-damage|p2a: Moltres|18/100
|-enditem|p2a: Moltres|Heavy-Duty Boots|[from] move: Knock Off|[of] p1a: Tyranitar
|move|p2a: Moltres|U-turn|p1a: Tyranitar
|-supereffective|p1a: Tyranitar
|-damage|p1a: Tyranitar|13/100
|
|t:|1759000393
|switch|p2a: Alomomola|Alomomola, M|100/100|[from] U-turn
|
|-weather|Sandstorm|[upkeep]
|-damage|p2a: Alomomola|94/100|[from] Sandstorm
|upkeep
|turn|22
|
|t:|1759000417
|move|p1a: Tyranitar|Knock Off|p2a: Alomomola
|-damage|p2a: Alomomola|64/100
|-enditem|p2a: Alomomola|Heavy-Duty Boots|[from] move: Knock Off|[of] p1a: Tyranitar
|move|p2a: Alomomola|Wish|p2a: Alomomola
|
|-weather|Sandstorm|[upkeep]
|-damage|p2a: Alomomola|58/100|[from] Sandstorm
|upkeep
|turn|23
|
|t:|1759000423
|switch|p1a: Empoleon|Empoleon, M|22/100
|move|p2a: Alomomola|Flip Turn|p1a: Empoleon
|-resisted|p1a: Empoleon
|-damage|p1a: Empoleon|14/100
|
|t:|1759000427
|switch|p2a: Raging Bolt|Raging Bolt|53/100|[from] Flip Turn
|-damage|p2a: Raging Bolt|41/100|[from] Stealth Rock
|
|-weather|Sandstorm|[upkeep]
|-damage|p2a: Raging Bolt|35/100|[from] Sandstorm
|-heal|p2a: Raging Bolt|100/100|[from] move: Wish|[wisher] Alomomola
|upkeep
|turn|24
|
|t:|1759000435
|switch|p1a: Tyranitar|Tyranitar, M|13/100
|move|p2a: Raging Bolt|Thunderbolt|p1a: Tyranitar
|-damage|p1a: Tyranitar|0 fnt
|faint|p1a: Tyranitar
|
|-weather|Sandstorm|[upkeep]
|-damage|p2a: Raging Bolt|94/100|[from] Sandstorm
|-heal|p2a: Raging Bolt|100/100|[from] item: Leftovers
|upkeep
|
|t:|1759000440
|switch|p1a: Zapdos|Zapdos|100/100
|turn|25
|
|t:|1759000443
|move|p1a: Zapdos|Hurricane|p2a: Raging Bolt
|-resisted|p2a: Raging Bolt
|-damage|p2a: Raging Bolt|75/100
|-start|p2a: Raging Bolt|confusion
|-activate|p2a: Raging Bolt|confusion
|move|p2a: Raging Bolt|Calm Mind|p2a: Raging Bolt
|-boost|p2a: Raging Bolt|spa|1
|-boost|p2a: Raging Bolt|spd|1
|
|-weather|none
|-heal|p2a: Raging Bolt|81/100|[from] item: Leftovers
|upkeep
|turn|26
|
|t:|1759000450
|move|p1a: Zapdos|Volt Switch|p2a: Raging Bolt
|-resisted|p2a: Raging Bolt
|-damage|p2a: Raging Bolt|76/100
|
|t:|1759000452
|switch|p1a: Pecharunt|Pecharunt|14/100|[from] Volt Switch
|-activate|p2a: Raging Bolt|confusion
|move|p2a: Raging Bolt|Thunderbolt|p1a: Pecharunt
|-damage|p1a: Pecharunt|0 fnt
|faint|p1a: Pecharunt
|
|-heal|p2a: Raging Bolt|82/100|[from] item: Leftovers
|upkeep
|-message|SittinGamer forfeited.
|
|win|Rabzzz
|raw|SittinGamer's rating: 1550 &rarr; <strong>1534</strong><br />(-16 for losing)
|raw|Rabzzz's rating: 1627 &rarr; <strong>1643</strong><br />(+16 for winning)
|l|☆SittinGamer
|player|p1|
|l|☆Rabzzz
|player|p2|
