|j|☆SpearOfCassius
|j|☆Drudger
|t:|1758946116
|gametype|singles
|player|p1|SpearOfCassius|2|1357
|player|p2|Drudger|brawly|1428
|gen|9
|tier|[Gen 9] OU
|rated|
|rule|HP Percentage Mod: HP is shown in percentages
|rule|Endless Battle Clause: Forcing endless battles is banned
|rule|Species Clause: Limit one of each Pokémon
|rule|OHKO Clause: OHKO moves are banned
|rule|Evasion Items Clause: Evasion items are banned
|rule|Evasion Moves Clause: Evasion moves are banned
|rule|Evasion Abilities Clause: Evasion abilities are banned
|rule|Sleep Moves Clause: Sleep-inducing moves are banned
|clearpoke
|poke|p1|Torkoal, M|
|poke|p1|Lilligant-Hisui, F|
|poke|p1|Cinderace, F|
|poke|p1|Walking Wake|
|poke|p1|Moltres|
|poke|p1|Garganacl, F|
|poke|p2|Blaziken, M|
|poke|p2|Corviknight, F|
|poke|p2|Enamorus, F|
|poke|p2|Landorus-Therian, M|
|poke|p2|Ogerpon-Wellspring, F|
|poke|p2|Kyurem|
|teampreview
|c|☆SpearOfCassius|Hey friend
|c|☆SpearOfCassius|good luck!
|
|t:|1758946136
|teamsize|p1|6
|teamsize|p2|6
|start
|switch|p1a: Garganacl|Garganacl, F|100/100
|switch|p2a: Landorus|Landorus-Therian, M|100/100
|-ability|p2a: Landorus|Intimidate|boost
|-unboost|p1a: Garganacl|atk|1
|turn|1
|
|t:|1758946145
|move|p2a: Landorus|Earth Power|p1a: Garganacl
|-supereffective|p1a: Garganacl
|-damage|p1a: Garganacl|55/100
|-unboost|p1a: Garganacl|spd|1
|move|p1a: Garganacl|Salt Cure|p2a: Landorus
|-damage|p2a: Landorus|92/100
|-start|p2a: Landorus|Salt Cure
|
|-heal|p1a: Garganacl|62/100|[from] item: Leftovers
|-damage|p2a: Landorus|79/100|[from] Salt Cure
|upkeep
|turn|2
|
|t:|1758946157
|switch|p1a: Moltres|Moltres|100/100
|move|p2a: Landorus|Stealth Rock|p1a: Moltres
|-sidestart|p1: SpearOfCassius|move: Stealth Rock
|
|-damage|p2a: Landorus|67/100|[from] Salt Cure
|upkeep
|turn|3
|inactive|Battle timer is ON: inactive players will automatically lose when time's up. (requested by SpearOfCassius)
|
|t:|1758946167
|move|p2a: Landorus|U-turn|p1a: Moltres
|-resisted|p1a: Moltres
|-damage|p1a: Moltres|97/100
|
|t:|1758946174
|switch|p2a: Blaziken|Blaziken, M|100/100|[from] U-turn
|move|p1a: Moltres|Flamethrower|p2a: Blaziken
|-resisted|p2a: Blaziken
|-damage|p2a: Blaziken|70/100
|
|upkeep
|turn|4
|
|t:|1758946184
|move|p2a: Blaziken|Swords Dance|p2a: Blaziken
|-boost|p2a: Blaziken|atk|2
|move|p1a: Moltres|Roar|p2a: Blaziken
|drag|p2a: Enamorus|Enamorus, F|100/100
|
|upkeep
|turn|5
|
|t:|1758946208
|move|p2a: Enamorus|Moonblast|p1a: Moltres
|-resisted|p1a: Moltres
|-damage|p1a: Moltres|70/100
|move|p1a: Moltres|U-turn|p2a: Enamorus
|-resisted|p2a: Enamorus
|-damage|p2a: Enamorus|95/100
|
|t:|1758946219
|switch|p1a: Naruto|Cinderace, F|100/100|[from] U-turn
|
|upkeep
|turn|6
|inactive|Drudger has 120 seconds left.
|inactive|Drudger has 90 seconds left.
|inactive|Drudger has 60 seconds left.
|
|t:|1758946325
|switch|p2a: Landorus|Landorus-Therian, M|67/100
|-ability|p2a: Landorus|Intimidate|boost
|-unboost|p1a: Naruto|atk|1
|move|p1a: Naruto|Court Change|p1a: Naruto
|-start|p1a: Naruto|typechange|Normal|[from] ability: Libero
|-swapsideconditions
|-activate|p1a: Naruto|move: Court Change
|
|upkeep
|turn|7
|inactive|SpearOfCassius has 120 seconds left.
|inactive|SpearOfCassius has 90 seconds left.
|
|t:|1758946381
|move|p1a: Naruto|Will-O-Wisp|p2a: Landorus
|-status|p2a: Landorus|brn
|move|p2a: Landorus|Stealth Rock|p1a: Naruto
|-sidestart|p1: SpearOfCassius|move: Stealth Rock
|
|-damage|p2a: Landorus|61/100 brn|[from] brn
|upkeep
|turn|8
|
|t:|1758946390
|switch|p1a: Todd|Torkoal, M|100/100
|-damage|p1a: Todd|76/100|[from] Stealth Rock
|-weather|SunnyDay|[from] ability: Drought|[of] p1a: Todd
|move|p2a: Landorus|Earth Power|p1a: Todd
|-supereffective|p1a: Todd
|-damage|p1a: Todd|0 fnt
|faint|p1a: Todd
|
|-weather|SunnyDay|[upkeep]
|-damage|p2a: Landorus|55/100 brn|[from] brn
|upkeep
|
|t:|1758946408
|switch|p1a: Kanao|Lilligant-Hisui, F, shiny|100/100
|-damage|p1a: Kanao|94/100|[from] Stealth Rock
|turn|9
|
|t:|1758946413
|switch|p2a: Corviknight|Corviknight, F|100/100
|-damage|p2a: Corviknight|88/100|[from] Stealth Rock
|-ability|p2a: Corviknight|Pressure
|move|p1a: Kanao|Swords Dance|p1a: Kanao
|-boost|p1a: Kanao|atk|2
|
|-weather|SunnyDay|[upkeep]
|upkeep
|turn|10
|inactive|SpearOfCassius has 90 seconds left.
|inactive|Drudger has 60 seconds left.
|
|t:|1758946423
|move|p1a: Kanao|Close Combat|p2a: Corviknight
|-damage|p2a: Corviknight|2/100
|-unboost|p1a: Kanao|def|1
|-unboost|p1a: Kanao|spd|1
|-damage|p1a: Kanao|78/100|[from] item: Rocky Helmet|[of] p2a: Corviknight
|-damage|p1a: Kanao|68/100|[from] item: Life Orb
|move|p2a: Corviknight|Brave Bird|p1a: Kanao
|-supereffective|p1a: Kanao
|-damage|p1a: Kanao|0 fnt
|faint|p1a: Kanao
|-damage|p2a: Corviknight|0 fnt|[from] Recoil
|faint|p2a: Corviknight
|
|-weather|SunnyDay|[upkeep]
|upkeep
|inactive|SpearOfCassius has 90 seconds left.
|inactive|Drudger has 60 seconds left.
|
|t:|1758946442
|switch|p1a: Henry|Walking Wake|100/100
|switch|p2a: Ogerpon|Ogerpon-Wellspring, F|100/100
|-damage|p2a: Ogerpon|88/100|[from] Stealth Rock
|-damage|p1a: Henry|88/100|[from] Stealth Rock
|-activate|p1a: Henry|ability: Protosynthesis
|-start|p1a: Henry|protosynthesisspe
|turn|11
|
|t:|1758946466
|move|p1a: Henry|Draco Meteor|p2a: Ogerpon
|-damage|p2a: Ogerpon|0 fnt
|-unboost|p1a: Henry|spa|2
|faint|p2a: Ogerpon
|
|-weather|SunnyDay|[upkeep]
|upkeep
|
|t:|1758946481
|switch|p2a: Kyurem|Kyurem|100/100
|-damage|p2a: Kyurem|76/100|[from] Stealth Rock
|-ability|p2a: Kyurem|Pressure
|turn|12
|
|t:|1758946498
|-terastallize|p2a: Kyurem|Fire
|move|p1a: Henry|Draco Meteor|p2a: Kyurem
|-damage|p2a: Kyurem|32/100
|-unboost|p1a: Henry|spa|2
|move|p2a: Kyurem|Scale Shot|p1a: Henry
|-supereffective|p1a: Henry
|-crit|p1a: Henry
|-damage|p1a: Henry|46/100
|-supereffective|p1a: Henry
|-damage|p1a: Henry|16/100
|-supereffective|p1a: Henry
|-damage|p1a: Henry|0 fnt
|faint|p1a: Henry
|-end|p1a: Henry|Protosynthesis|[silent]
|-hitcount|p1: Henry|3
|-unboost|p2a: Kyurem|def|1
|-boost|p2a: Kyurem|spe|1
|
|-weather|SunnyDay|[upkeep]
|upkeep
|inactive|SpearOfCassius has 60 seconds left.
|
|t:|1758946529
|switch|p1a: Moltres|Moltres|70/100
|turn|13
|
|t:|1758946537
|switch|p2a: Landorus|Landorus-Therian, M|55/100 brn
|-damage|p2a: Landorus|43/100 brn|[from] Stealth Rock
|-ability|p2a: Landorus|Intimidate|boost
|-unboost|p1a: Moltres|atk|1
|move|p1a: Moltres|Roost|p1a: Moltres
|-heal|p1a: Moltres|100/100
|-singleturn|p1a: Moltres|move: Roost
|
|-weather|SunnyDay|[upkeep]
|-damage|p2a: Landorus|37/100 brn|[from] brn
|upkeep
|turn|14
|
|t:|1758946551
|move|p2a: Landorus|Taunt|p1a: Moltres
|-start|p1a: Moltres|move: Taunt
|move|p1a: Moltres|Flamethrower|p2a: Landorus
|-damage|p2a: Landorus|0 fnt
|faint|p2a: Landorus
|
|-weather|SunnyDay|[upkeep]
|upkeep
|inactive|Drudger has 30 seconds left.
|
|t:|1758946577
|switch|p2a: Enamorus|Enamorus, F|95/100
|-damage|p2a: Enamorus|70/100|[from] Stealth Rock
|turn|15
|inactive|SpearOfCassius has 60 seconds left.
|
|t:|1758946587
|move|p2a: Enamorus|Healing Wish|p2a: Enamorus
|faint|p2a: Enamorus
|move|p1a: Moltres|Flamethrower|p2: Enamorus|[notarget]
|-fail|p1a: Moltres
|
|-weather|none
|upkeep
|
|t:|1758946594
|switch|p2a: Kyurem|Kyurem, tera:Fire|32/100
|-heal|p2a: Kyurem|100/100|[from] move: Healing Wish
|-damage|p2a: Kyurem|76/100|[from] Stealth Rock
|-ability|p2a: Kyurem|Pressure
|turn|16
|inactive|SpearOfCassius has 60 seconds left.
|inactive|Drudger has 30 seconds left.
|
|t:|1758946630
|move|p2a: Kyurem|Scale Shot|p1a: Moltres
|-damage|p1a: Moltres|91/100
|-damage|p1a: Moltres|82/100
|-damage|p1a: Moltres|72/100
|-damage|p1a: Moltres|63/100
|-damage|p1a: Moltres|54/100
|-hitcount|p1a: Moltres|5
|-unboost|p2a: Kyurem|def|1
|-boost|p2a: Kyurem|spe|1
|move|p1a: Moltres|U-turn|p2a: Kyurem
|-resisted|p2a: Kyurem
|-damage|p2a: Kyurem|69/100
|inactive|SpearOfCassius has 30 seconds left.
|
|t:|1758946642
|switch|p1a: Garganacl|Garganacl, F|62/100|[from] U-turn
|-damage|p1a: Garganacl|49/100|[from] Stealth Rock
|
|-heal|p1a: Garganacl|55/100|[from] item: Leftovers
|upkeep
|turn|17
|
|t:|1758946652
|move|p2a: Kyurem|Icicle Spear|p1a: Garganacl
|-damage|p1a: Garganacl|46/100
|-damage|p1a: Garganacl|38/100
|-damage|p1a: Garganacl|29/100
|-damage|p1a: Garganacl|21/100
|-damage|p1a: Garganacl|12/100
|-hitcount|p1a: Garganacl|5
|move|p1a: Garganacl|Earthquake|p2a: Kyurem
|-supereffective|p2a: Kyurem
|-damage|p2a: Kyurem|4/100
|
|-heal|p1a: Garganacl|18/100|[from] item: Leftovers
|upkeep
|turn|18
|inactive|SpearOfCassius has 30 seconds left.
|inactive|SpearOfCassius has 20 seconds left.
|
|t:|1758946681
|move|p2a: Kyurem|Scale Shot|p1a: Garganacl
|-damage|p1a: Garganacl|9/100
|-damage|p1a: Garganacl|0 fnt
|faint|p1a: Garganacl
|-hitcount|p1: Garganacl|2
|-unboost|p2a: Kyurem|def|1
|-boost|p2a: Kyurem|spe|1
|
|upkeep
|inactive|SpearOfCassius has 25 seconds left this turn.
|inactive|SpearOfCassius has 20 seconds left.
|
|t:|1758946689
|switch|p1a: Moltres|Moltres|54/100
|turn|19
|inactive|SpearOfCassius has 30 seconds left this turn.
|inactive|SpearOfCassius has 20 seconds left.
|inactive|SpearOfCassius has 15 seconds left.
|
|t:|1758946707
|-terastallize|p1a: Moltres|Fairy
|move|p2a: Kyurem|Icicle Spear|p1a: Moltres
|-damage|p1a: Moltres|44/100
|-damage|p1a: Moltres|34/100
|-damage|p1a: Moltres|26/100
|-damage|p1a: Moltres|16/100
|-damage|p1a: Moltres|7/100
|-hitcount|p1a: Moltres|5
|move|p1a: Moltres|Roost|p1a: Moltres
|-heal|p1a: Moltres|57/100
|
|upkeep
|turn|20
|inactive|SpearOfCassius has 25 seconds left this turn.
|inactive|SpearOfCassius has 20 seconds left.
|inactive|SpearOfCassius has 15 seconds left.
|inactive|SpearOfCassius has 10 seconds left.
|
|t:|1758946725
|move|p2a: Kyurem|Icicle Spear|p1a: Moltres
|-damage|p1a: Moltres|49/100
|-damage|p1a: Moltres|40/100
|-damage|p1a: Moltres|31/100
|-damage|p1a: Moltres|21/100
|-hitcount|p1a: Moltres|4
|move|p1a: Moltres|Flamethrower|p2a: Kyurem
|-resisted|p2a: Kyurem
|-damage|p2a: Kyurem|0 fnt
|faint|p2a: Kyurem
|
|upkeep
|
|t:|1758946736
|switch|p2a: Blaziken|Blaziken, M|70/100
|-damage|p2a: Blaziken|58/100|[from] Stealth Rock
|turn|21
|inactive|SpearOfCassius has 25 seconds left this turn.
|inactive|SpearOfCassius has 20 seconds left.
|
|t:|1758946744
|move|p2a: Blaziken|Swords Dance|p2a: Blaziken
|-boost|p2a: Blaziken|atk|2
|move|p1a: Moltres|Roost|p1a: Moltres
|-heal|p1a: Moltres|72/100
|
|-ability|p2a: Blaziken|Speed Boost|boost
|-boost|p2a: Blaziken|spe|1
|upkeep
|turn|22
|inactive|SpearOfCassius has 30 seconds left this turn.
|
|t:|1758946754
|move|p2a: Blaziken|Flare Blitz|p1a: Moltres
|-damage|p1a: Moltres|0 fnt
|faint|p1a: Moltres
|-damage|p2a: Blaziken|28/100|[from] Recoil
|-damage|p2a: Blaziken|18/100|[from] item: Life Orb
|
|-ability|p2a: Blaziken|Speed Boost|boost
|-boost|p2a: Blaziken|spe|1
|upkeep
|inactive|SpearOfCassius has 30 seconds left this turn.
|
|t:|1758946761
|switch|p1a: Naruto|Cinderace, F|100/100
|turn|23
|inactive|SpearOfCassius has 30 seconds left.
|
|t:|1758946768
|move|p2a: Blaziken|Protect|p2a: Blaziken
|-singleturn|p2a: Blaziken|Protect
|move|p1a: Naruto|Pyro Ball|p2a: Blaziken
|-activate|p2a: Blaziken|move: Protect
|
|-ability|p2a: Blaziken|Speed Boost|boost
|-boost|p2a: Blaziken|spe|1
|upkeep
|turn|24
|
|t:|1758946776
|move|p2a: Blaziken|Close Combat|p1a: Naruto
|-damage|p1a: Naruto|0 fnt
|-unboost|p2a: Blaziken|def|1
|-unboost|p2a: Blaziken|spd|1
|faint|p1a: Naruto
|-damage|p2a: Blaziken|8/100|[from] item: Life Orb
|
|win|Drudger
|raw|SpearOfCassius's rating: 1357 &rarr; <strong>1341</strong><br />(-16 for losing)
|raw|Drudger's rating: 1428 &rarr; <strong>1444</strong><br />(+16 for winning)
|l|☆Drudger
|player|p2|
|l|☆SpearOfCassius
|player|p1|
