|j|☆katoluvsu
|j|☆pxouzza
|t:|1759057791
|gametype|singles
|player|p1|katoluvsu|n|1176
|player|p2|pxouzza|wallace|1237
|gen|9
|tier|[Gen 9] OU
|rated|
|rule|HP Percentage Mod: HP is shown in percentages
|rule|Endless Battle Clause: Forcing endless battles is banned
|rule|Species Clause: Limit one of each Pokémon
|rule|OHKO Clause: OHKO moves are banned
|rule|Evasion Items Clause: Evasion items are banned
|rule|Evasion Moves Clause: Evasion moves are banned
|rule|Evasion Abilities Clause: Evasion abilities are banned
|rule|Sleep Moves Clause: Sleep-inducing moves are banned
|clearpoke
|poke|p1|Leavanny, M|
|poke|p1|Braviary-Hisui, M|
|poke|p1|Kingambit, F|
|poke|p1|Typhlosion-Hisui, M|
|poke|p1|Mew|
|poke|p1|Meowstic, M|
|poke|p2|Conkeldurr, M|
|poke|p2|Alomomola, F|
|poke|p2|Cyclizar, M|
|poke|p2|Gliscor, M|
|poke|p2|Clefable, M|
|poke|p2|Gholdengo|
|teampreview
|inactive|Battle timer is ON: inactive players will automatically lose when time's up. (requested by pxouzza)
|
|t:|1759057803
|teamsize|p1|6
|teamsize|p2|6
|start
|switch|p1a: Mew|Mew, shiny|100/100
|switch|p2a: Conkeldurr|Conkeldurr, M|100/100
|turn|1
|
|t:|1759057812
|move|p1a: Mew|Toxic Spikes|p2a: Conkeldurr
|-sidestart|p2: pxouzza|move: Toxic Spikes
|move|p2a: Conkeldurr|Knock Off|p1a: Mew
|-supereffective|p1a: Mew
|-damage|p1a: Mew|30/100
|-enditem|p1a: Mew|Leftovers|[from] move: Knock Off|[of] p2a: Conkeldurr
|
|-status|p2a: Conkeldurr|brn|[from] item: Flame Orb
|upkeep
|turn|2
|
|t:|1759057834
|move|p1a: Mew|U-turn|p2a: Conkeldurr
|-resisted|p2a: Conkeldurr
|-damage|p2a: Conkeldurr|94/100 brn
|inactive|katoluvsu has 120 seconds left.
|
|t:|1759057853
|switch|p1a: Typhlosion|Typhlosion-Hisui, M, shiny|100/100|[from] U-turn
|move|p2a: Conkeldurr|Knock Off|p1a: Typhlosion
|-supereffective|p1a: Typhlosion
|-damage|p1a: Typhlosion|0 fnt
|-enditem|p1a: Typhlosion|Choice Scarf|[from] move: Knock Off|[of] p2a: Conkeldurr
|faint|p1a: Typhlosion
|
|-damage|p2a: Conkeldurr|88/100 brn|[from] brn
|upkeep
|
|t:|1759057856
|switch|p1a: Leavanny|Leavanny, M, shiny|100/100
|turn|3
|
|t:|1759057862
|move|p1a: Leavanny|Sticky Web|p2a: Conkeldurr
|-sidestart|p2: pxouzza|move: Sticky Web
|move|p2a: Conkeldurr|Facade|p1a: Leavanny
|-damage|p1a: Leavanny|0 fnt
|faint|p1a: Leavanny
|
|-damage|p2a: Conkeldurr|82/100 brn|[from] brn
|upkeep
|
|t:|1759057866
|switch|p1a: Braviary|Braviary-Hisui, M, shiny|100/100
|turn|4
|inactive|pxouzza has 120 seconds left.
|
|t:|1759057903
|switch|p2a: Alomomola|Alomomola, F|100/100
|-status|p2a: Alomomola|psn
|-activate|p2a: Alomomola|move: Sticky Web
|-unboost|p2a: Alomomola|spe|1
|move|p1a: Braviary|Esper Wing|p2a: Alomomola
|-crit|p2a: Alomomola
|-damage|p2a: Alomomola|59/100 psn
|-boost|p1a: Braviary|spe|1
|-damage|p1a: Braviary|91/100|[from] item: Life Orb
|
|-damage|p2a: Alomomola|46/100 psn|[from] psn
|upkeep
|turn|5
|inactive|pxouzza has 120 seconds left.
|
|t:|1759057926
|move|p1a: Braviary|Calm Mind|p1a: Braviary
|-boost|p1a: Braviary|spa|1
|-boost|p1a: Braviary|spd|1
|move|p2a: Alomomola|Mirror Coat||[still]
|-fail|p2a: Alomomola
|
|-damage|p2a: Alomomola|34/100 psn|[from] psn
|upkeep
|turn|6
|
|t:|1759057935
|move|p1a: Braviary|Esper Wing|p2a: Alomomola
|-damage|p2a: Alomomola|0 fnt
|-boost|p1a: Braviary|spe|1
|faint|p2a: Alomomola
|-damage|p1a: Braviary|81/100|[from] item: Life Orb
|
|upkeep
|
|t:|1759057941
|switch|p2a: Cyclizar|Cyclizar, M, shiny|100/100
|turn|7
|
|t:|1759057952
|-terastallize|p2a: Cyclizar|Fairy
|move|p2a: Cyclizar|Rapid Spin|p1a: Braviary
|-damage|p1a: Braviary|63/100
|-boost|p2a: Cyclizar|spe|1
|-sideend|p2: pxouzza|Toxic Spikes|[from] move: Rapid Spin|[of] p2a: Cyclizar
|-sideend|p2: pxouzza|Sticky Web|[from] move: Rapid Spin|[of] p2a: Cyclizar
|move|p1a: Braviary|Esper Wing|p2a: Cyclizar
|-damage|p2a: Cyclizar|0 fnt
|-boost|p1a: Braviary|spe|1
|faint|p2a: Cyclizar
|-damage|p1a: Braviary|53/100|[from] item: Life Orb
|
|upkeep
|
|t:|1759057963
|switch|p2a: Gliscor|Gliscor, M|100/100
|turn|8
|
|t:|1759057969
|move|p2a: Gliscor|Protect|p2a: Gliscor
|-singleturn|p2a: Gliscor|Protect
|move|p1a: Braviary|Calm Mind|p1a: Braviary
|-boost|p1a: Braviary|spa|1
|-boost|p1a: Braviary|spd|1
|
|-status|p2a: Gliscor|tox|[from] item: Toxic Orb
|upkeep
|turn|9
|
|t:|1759057977
|-terastallize|p1a: Braviary|Psychic
|move|p1a: Braviary|Esper Wing|p2a: Gliscor
|-damage|p2a: Gliscor|0 fnt
|-boost|p1a: Braviary|spe|1
|faint|p2a: Gliscor
|-damage|p1a: Braviary|43/100|[from] item: Life Orb
|
|upkeep
|
|t:|1759057983
|switch|p2a: Clefable|Clefable, M|100/100
|turn|10
|
|t:|1759057991
|move|p1a: Braviary|Air Slash|p2a: Clefable
|-damage|p2a: Clefable|13/100
|-damage|p1a: Braviary|33/100|[from] item: Life Orb
|move|p2a: Clefable|Moonblast|p1a: Braviary
|-damage|p1a: Braviary|17/100
|
|-heal|p2a: Clefable|20/100|[from] item: Leftovers
|upkeep
|turn|11
|
|t:|1759057997
|move|p1a: Braviary|Psyshock|p2a: Clefable
|-damage|p2a: Clefable|0 fnt
|faint|p2a: Clefable
|-damage|p1a: Braviary|7/100|[from] item: Life Orb
|
|upkeep
|
|t:|1759058000
|switch|p2a: Gholdengo|Gholdengo|100/100
|-item|p2a: Gholdengo|Air Balloon
|turn|12
|
|t:|1759058006
|move|p1a: Braviary|Esper Wing|p2a: Gholdengo
|-resisted|p2a: Gholdengo
|-crit|p2a: Gholdengo
|-damage|p2a: Gholdengo|0 fnt
|-boost|p1a: Braviary|spe|1
|-enditem|p2a: Gholdengo|Air Balloon
|faint|p2a: Gholdengo
|-damage|p1a: Braviary|0 fnt|[from] item: Life Orb
|faint|p1a: Braviary
|
|upkeep
|
|t:|1759058014
|switch|p2a: Conkeldurr|Conkeldurr, M|82/100 brn
|switch|p1a: Meowstic|Meowstic, M, shiny|100/100
|turn|13
|
|t:|1759058020
|move|p1a: Meowstic|Psychic Noise|p2a: Conkeldurr
|-supereffective|p2a: Conkeldurr
|-damage|p2a: Conkeldurr|0 fnt
|faint|p2a: Conkeldurr
|-damage|p1a: Meowstic|91/100|[from] item: Life Orb
|
|win|katoluvsu
|raw|katoluvsu's rating: 1176 &rarr; <strong>1205</strong><br />(+29 for winning)
|raw|pxouzza's rating: 1237 &rarr; <strong>1208</strong><br />(-29 for losing)
|l|☆pxouzza
|player|p2|
|l|☆katoluvsu
|player|p1|
