|j|☆tekkitbeasting
|j|☆aizzer
|t:|1758946412
|gametype|singles
|player|p1|tekkitbeasting|102|1128
|player|p2|aizzer|giovanni|1132
|gen|9
|tier|[Gen 9] OU
|rated|
|rule|HP Percentage Mod: HP is shown in percentages
|rule|Endless Battle Clause: Forcing endless battles is banned
|rule|Species Clause: Limit one of each Pokémon
|rule|OHKO Clause: OHKO moves are banned
|rule|Evasion Items Clause: Evasion items are banned
|rule|Evasion Moves Clause: Evasion moves are banned
|rule|Evasion Abilities Clause: Evasion abilities are banned
|rule|Sleep Moves Clause: Sleep-inducing moves are banned
|clearpoke
|poke|p1|Clodsire, F|
|poke|p1|Gliscor, F|
|poke|p1|Alomomola, F|
|poke|p1|Skeledirge, M|
|poke|p1|Toxapex, F|
|poke|p1|Blissey, F|
|poke|p2|Slowking-Galar, M|
|poke|p2|Gholdengo|
|poke|p2|Great Tusk|
|poke|p2|Smeargle, M|
|poke|p2|Dragonite, M|
|poke|p2|Weavile, M|
|teampreview
|
|t:|1758946419
|teamsize|p1|6
|teamsize|p2|6
|start
|switch|p1a: Gliscor|Gliscor, F|100/100
|switch|p2a: Smeargle|Smeargle, M|100/100
|turn|1
|
|t:|1758946424
|move|p2a: Smeargle|Sticky Web|p1a: Gliscor
|-sidestart|p1: tekkitbeasting|move: Sticky Web
|move|p1a: Gliscor|Toxic|p2a: Smeargle
|-status|p2a: Smeargle|tox
|
|-damage|p2a: Smeargle|95/100 tox|[from] psn
|-status|p1a: Gliscor|tox|[from] item: Toxic Orb
|upkeep
|turn|2
|
|t:|1758946436
|move|p2a: Smeargle|Burning Bulwark|p2a: Smeargle
|-singleturn|p2a: Smeargle|move: Protect
|move|p1a: Gliscor|Knock Off|p2a: Smeargle
|-activate|p2a: Smeargle|move: Protect
|
|-damage|p2a: Smeargle|83/100 tox|[from] psn
|upkeep
|turn|3
|
|t:|1758946443
|move|p2a: Smeargle|Stone Axe|p1a: Gliscor|[miss]
|-miss|p2a: Smeargle|p1a: Gliscor
|move|p1a: Gliscor|Knock Off|p2a: Smeargle
|-damage|p2a: Smeargle|18/100 tox
|-enditem|p2a: Smeargle|Focus Sash|[from] move: Knock Off|[of] p1a: Gliscor
|
|-damage|p2a: Smeargle|0 fnt|[from] psn
|faint|p2a: Smeargle
|upkeep
|
|t:|1758946460
|switch|p2a: Great Tusk|Great Tusk|100/100
|-enditem|p2a: Great Tusk|Booster Energy
|-activate|p2a: Great Tusk|ability: Protosynthesis|[fromitem]
|-start|p2a: Great Tusk|protosynthesisspe
|turn|4
|
|t:|1758946469
|switch|p1a: Alomomola|Alomomola, F|100/100
|-activate|p1a: Alomomola|move: Sticky Web
|-unboost|p1a: Alomomola|spe|1
|move|p2a: Great Tusk|Bulk Up|p2a: Great Tusk
|-boost|p2a: Great Tusk|atk|1
|-boost|p2a: Great Tusk|def|1
|
|upkeep
|turn|5
|
|t:|1758946481
|-terastallize|p2a: Great Tusk|Ground
|move|p2a: Great Tusk|Headlong Rush|p1a: Alomomola
|-damage|p1a: Alomomola|47/100
|-unboost|p2a: Great Tusk|def|1
|-unboost|p2a: Great Tusk|spd|1
|move|p1a: Alomomola|Chilling Water|p2a: Great Tusk
|-supereffective|p2a: Great Tusk
|-damage|p2a: Great Tusk|65/100
|-unboost|p2a: Great Tusk|atk|1
|
|-heal|p1a: Alomomola|53/100|[from] item: Leftovers
|upkeep
|turn|6
|
|t:|1758946499
|move|p1a: Alomomola|Protect|p1a: Alomomola
|-singleturn|p1a: Alomomola|Protect
|move|p2a: Great Tusk|Headlong Rush|p1a: Alomomola
|-activate|p1a: Alomomola|move: Protect
|
|-heal|p1a: Alomomola|59/100|[from] item: Leftovers
|upkeep
|turn|7
|
|t:|1758946510
|move|p2a: Great Tusk|Headlong Rush|p1a: Alomomola
|-damage|p1a: Alomomola|20/100
|-unboost|p2a: Great Tusk|def|1
|-unboost|p2a: Great Tusk|spd|1
|move|p1a: Alomomola|Wish|p1a: Alomomola
|
|-heal|p1a: Alomomola|26/100|[from] item: Leftovers
|upkeep
|turn|8
|
|t:|1758946517
|move|p1a: Alomomola|Protect|p1a: Alomomola
|-singleturn|p1a: Alomomola|Protect
|move|p2a: Great Tusk|Bulk Up|p2a: Great Tusk
|-boost|p2a: Great Tusk|atk|1
|-boost|p2a: Great Tusk|def|1
|
|-heal|p1a: Alomomola|76/100|[from] move: Wish|[wisher] Alomomola
|-heal|p1a: Alomomola|82/100|[from] item: Leftovers
|upkeep
|turn|9
|
|t:|1758946528
|move|p2a: Great Tusk|Headlong Rush|p1a: Alomomola
|-damage|p1a: Alomomola|27/100
|-unboost|p2a: Great Tusk|def|1
|-unboost|p2a: Great Tusk|spd|1
|move|p1a: Alomomola|Chilling Water|p2a: Great Tusk
|-supereffective|p2a: Great Tusk
|-damage|p2a: Great Tusk|6/100
|-unboost|p2a: Great Tusk|atk|1
|
|-heal|p1a: Alomomola|33/100|[from] item: Leftovers
|upkeep
|turn|10
|
|t:|1758946543
|switch|p1a: Blissey|Blissey, F|100/100
|-activate|p1a: Blissey|move: Sticky Web
|-unboost|p1a: Blissey|spe|1
|move|p2a: Great Tusk|Ice Spinner|p1a: Blissey
|-damage|p1a: Blissey|58/100
|
|-heal|p1a: Blissey|64/100|[from] item: Leftovers
|upkeep
|turn|11
|
|t:|1758946559
|switch|p1a: Gliscor|Gliscor, F|100/100 tox
|move|p2a: Great Tusk|Headlong Rush|p1a: Gliscor
|-immune|p1a: Gliscor
|
|upkeep
|turn|12
|
|t:|1758946566
|move|p1a: Gliscor|Protect|p1a: Gliscor
|-singleturn|p1a: Gliscor|Protect
|move|p2a: Great Tusk|Headlong Rush|p1a: Gliscor
|-activate|p1a: Gliscor|move: Protect
|
|upkeep
|turn|13
|
|t:|1758946574
|move|p2a: Great Tusk|Headlong Rush|p1a: Gliscor
|-immune|p1a: Gliscor
|move|p1a: Gliscor|Earthquake|p2a: Great Tusk
|-damage|p2a: Great Tusk|0 fnt
|faint|p2a: Great Tusk
|-end|p2a: Great Tusk|Protosynthesis|[silent]
|
|upkeep
|
|t:|1758946590
|switch|p2a: Weavile|Weavile, M|100/100
|-ability|p2a: Weavile|Pressure
|turn|14
|
|t:|1758946601
|switch|p1a: Toxapex|Toxapex, F|100/100
|-activate|p1a: Toxapex|move: Sticky Web
|-unboost|p1a: Toxapex|spe|1
|move|p2a: Weavile|Knock Off|p1a: Toxapex
|-damage|p1a: Toxapex|57/100
|-enditem|p1a: Toxapex|Black Sludge|[from] move: Knock Off|[of] p2a: Weavile
|
|upkeep
|turn|15
|
|t:|1758946611
|switch|p2a: Slowking|Slowking-Galar, M|100/100
|move|p1a: Toxapex|Toxic|p2a: Slowking
|-immune|p2a: Slowking
|
|upkeep
|turn|16
|
|t:|1758946623
|switch|p1a: Blissey|Blissey, F|64/100
|-activate|p1a: Blissey|move: Sticky Web
|-unboost|p1a: Blissey|spe|1
|move|p2a: Slowking|Psychic|p1a: Blissey
|-damage|p1a: Blissey|51/100
|
|-heal|p1a: Blissey|57/100|[from] item: Leftovers
|upkeep
|turn|17
|
|t:|1758946632
|switch|p2a: Weavile|Weavile, M|100/100
|-ability|p2a: Weavile|Pressure
|move|p1a: Blissey|Shadow Ball|p2a: Weavile
|-resisted|p2a: Weavile
|-damage|p2a: Weavile|90/100
|
|-heal|p1a: Blissey|63/100|[from] item: Leftovers
|upkeep
|turn|18
|
|t:|1758946645
|switch|p1a: Toxapex|Toxapex, F|90/100
|-activate|p1a: Toxapex|move: Sticky Web
|-unboost|p1a: Toxapex|spe|1
|move|p2a: Weavile|Low Kick|p1a: Toxapex
|-resisted|p1a: Toxapex
|-damage|p1a: Toxapex|84/100
|
|upkeep
|turn|19
|
|t:|1758946653
|switch|p2a: Slowking|Slowking-Galar, M|100/100
|move|p1a: Toxapex|Toxic|p2a: Slowking
|-immune|p2a: Slowking
|
|upkeep
|turn|20
|
|t:|1758946672
|switch|p2a: Dragonite|Dragonite, M|100/100
|switch|p1a: Blissey|Blissey, F|63/100
|-activate|p1a: Blissey|move: Sticky Web
|-unboost|p1a: Blissey|spe|1
|
|-heal|p1a: Blissey|69/100|[from] item: Leftovers
|upkeep
|turn|21
|
|t:|1758946684
|switch|p1a: Alomomola|Alomomola, F|66/100
|-activate|p1a: Alomomola|move: Sticky Web
|-unboost|p1a: Alomomola|spe|1
|move|p2a: Dragonite|Ice Spinner|p1a: Alomomola
|-resisted|p1a: Alomomola
|-damage|p1a: Alomomola|59/100
|
|-heal|p1a: Alomomola|65/100|[from] item: Leftovers
|upkeep
|turn|22
|
|t:|1758946704
|switch|p2a: Weavile|Weavile, M|90/100
|-ability|p2a: Weavile|Pressure
|move|p1a: Alomomola|Whirlpool|p2a: Weavile
|-damage|p2a: Weavile|82/100
|-activate|p2a: Weavile|move: Whirlpool|[of] p1a: Alomomola
|
|-heal|p1a: Alomomola|71/100|[from] item: Leftovers
|-damage|p2a: Weavile|69/100|[from] move: Whirlpool|[partiallytrapped]
|upkeep
|turn|23
|c|☆aizzer|vtf enc
|-message|aizzer forfeited.
|
|win|tekkitbeasting
|raw|tekkitbeasting's rating: 1128 &rarr; <strong>1153</strong><br />(+25 for winning)
|raw|aizzer's rating: 1132 &rarr; <strong>1107</strong><br />(-25 for losing)
|l|☆aizzer
|player|p2|
|c|☆tekkitbeasting|Vtf enc?
|l|☆tekkitbeasting
|player|p1|
