|j|☆K_dogstheone1
|j|☆Mouu'D
|t:|1758981237
|gametype|singles
|player|p1|K_dogstheone1|emmet|1222
|player|p2|Mouu'D|170|1234
|gen|9
|tier|[Gen 9] OU
|rated|
|rule|HP Percentage Mod: HP is shown in percentages
|rule|Endless Battle Clause: Forcing endless battles is banned
|rule|Species Clause: Limit one of each Pokémon
|rule|OHKO Clause: OHKO moves are banned
|rule|Evasion Items Clause: Evasion items are banned
|rule|Evasion Moves Clause: Evasion moves are banned
|rule|Evasion Abilities Clause: Evasion abilities are banned
|rule|Sleep Moves Clause: Sleep-inducing moves are banned
|clearpoke
|poke|p1|Gastrodon, F|
|poke|p1|Tyranitar, M|
|poke|p1|Araquanid, F|
|poke|p1|Dragapult, M|
|poke|p1|Maushold-Four|
|poke|p1|Blaziken, F|
|poke|p2|Slowbro, F|
|poke|p2|Diancie|
|poke|p2|Scizor, F|
|poke|p2|Ursaluna, M|
|poke|p2|Exeggutor-Alola, M|
|poke|p2|Conkeldurr, M|
|teampreview
|inactive|Battle timer is ON: inactive players will automatically lose when time's up. (requested by Mouu'D)
|
|t:|1758981250
|teamsize|p1|6
|teamsize|p2|6
|start
|switch|p1a: spose|Araquanid, F|100/100
|switch|p2a: Jinbei|Slowbro, F, shiny|100/100
|turn|1
|
|t:|1758981262
|-terastallize|p2a: Jinbei|Water
|move|p1a: spose|Leech Life|p2a: Jinbei
|-damage|p2a: Jinbei|75/100
|move|p2a: Jinbei|Trick Room|p2a: Jinbei
|-fieldstart|move: Trick Room|[of] p2a: Jinbei
|
|upkeep
|turn|2
|inactive|Mouu'D has 120 seconds left.
|
|t:|1758981315
|switch|p2a: Luffy gear 4th|Conkeldurr, M|100/100
|switch|p1a: ryan|Tyranitar, M|100/100
|-weather|Sandstorm|[from] ability: Sand Stream|[of] p1a: ryan
|
|-weather|Sandstorm|[upkeep]
|-damage|p2a: Luffy gear 4th|94/100|[from] Sandstorm
|-status|p2a: Luffy gear 4th|brn|[from] item: Flame Orb
|upkeep
|turn|3
|
|t:|1758981329
|-terastallize|p1a: ryan|Fairy
|move|p2a: Luffy gear 4th|Drain Punch|p1a: ryan
|-resisted|p1a: ryan
|-damage|p1a: ryan|76/100
|-heal|p2a: Luffy gear 4th|100/100 brn|[from] drain|[of] p1a: ryan
|move|p1a: ryan|Curse|p1a: ryan
|-unboost|p1a: ryan|spe|1
|-boost|p1a: ryan|atk|1
|-boost|p1a: ryan|def|1
|
|-weather|Sandstorm|[upkeep]
|-damage|p2a: Luffy gear 4th|94/100 brn|[from] Sandstorm
|-damage|p1a: ryan|70/100|[from] Sandstorm
|-damage|p2a: Luffy gear 4th|88/100 brn|[from] brn
|upkeep
|turn|4
|inactive|Mouu'D has 90 seconds left.
|
|t:|1758981349
|switch|p2a: Zoro|Scizor, F, shiny|100/100
|move|p1a: ryan|Body Press|p2a: Zoro
|-damage|p2a: Zoro|71/100
|
|-weather|Sandstorm|[upkeep]
|-damage|p1a: ryan|64/100|[from] Sandstorm
|upkeep
|turn|5
|
|t:|1758981359
|move|p2a: Zoro|Bullet Punch|p1a: ryan
|-supereffective|p1a: ryan
|-damage|p1a: ryan|23/100
|-damage|p2a: Zoro|61/100|[from] item: Life Orb
|move|p1a: ryan|Knock Off|p2a: Zoro
|-damage|p2a: Zoro|0 fnt
|-enditem|p2a: Zoro|Life Orb|[from] move: Knock Off|[of] p1a: ryan
|faint|p2a: Zoro
|
|-weather|Sandstorm|[upkeep]
|-damage|p1a: ryan|16/100|[from] Sandstorm
|-fieldend|move: Trick Room
|upkeep
|inactive|Mouu'D has 90 seconds left.
|
|t:|1758981384
|switch|p2a: Sodom|Exeggutor-Alola, M, shiny|100/100
|turn|6
|
|t:|1758981390
|move|p1a: ryan|Knock Off|p2a: Sodom
|-damage|p2a: Sodom|36/100
|-enditem|p2a: Sodom|Sitrus Berry|[from] move: Knock Off|[of] p1a: ryan
|move|p2a: Sodom|Trick Room|p2a: Sodom
|-fieldstart|move: Trick Room|[of] p2a: Sodom
|
|-weather|Sandstorm|[upkeep]
|-damage|p2a: Sodom|30/100|[from] Sandstorm
|-damage|p1a: ryan|10/100|[from] Sandstorm
|upkeep
|turn|7
|inactive|Mouu'D has 90 seconds left.
|
|t:|1758981405
|move|p2a: Sodom|Energy Ball|p1a: ryan
|-damage|p1a: ryan|0 fnt
|faint|p1a: ryan
|
|-weather|Sandstorm|[upkeep]
|-damage|p2a: Sodom|24/100|[from] Sandstorm
|upkeep
|
|t:|1758981427
|switch|p1a: spose|Araquanid, F|100/100
|turn|8
|inactive|Mouu'D has 90 seconds left.
|inactive|Mouu'D has 60 seconds left.
|inactive|Mouu'D has 30 seconds left.
|
|t:|1758981499
|move|p2a: Sodom|Energy Ball|p1a: spose
|-damage|p1a: spose|59/100
|move|p1a: spose|Liquidation|p2a: Sodom
|-resisted|p2a: Sodom
|-damage|p2a: Sodom|2/100
|
|-weather|Sandstorm|[upkeep]
|-damage|p2a: Sodom|0 fnt|[from] Sandstorm
|-damage|p1a: spose|53/100|[from] Sandstorm
|faint|p2a: Sodom
|upkeep
|inactive|Mouu'D has 30 seconds left.
|
|t:|1758981509
|switch|p2a: Chopper|Ursaluna, M|100/100
|turn|9
|
|t:|1758981514
|move|p2a: Chopper|Thunder Punch|p1a: spose
|-supereffective|p1a: spose
|-damage|p1a: spose|0 fnt
|faint|p1a: spose
|
|-weather|none
|-status|p2a: Chopper|brn|[from] item: Flame Orb
|upkeep
|
|t:|1758981528
|switch|p1a: striker|Dragapult, M|100/100
|turn|10
|
|t:|1758981532
|move|p2a: Chopper|Earthquake|p1a: striker
|-damage|p1a: striker|0 fnt
|faint|p1a: striker
|
|-damage|p2a: Chopper|94/100 brn|[from] brn
|-fieldend|move: Trick Room
|upkeep
|
|t:|1758981541
|switch|p1a: blaze|Blaziken, F|100/100
|turn|11
|inactive|Mouu'D has 60 seconds left.
|
|t:|1758981548
|switch|p2a: Jinbei|Slowbro, F, shiny, tera:Water|75/100
|move|p1a: blaze|Swords Dance|p1a: blaze
|-boost|p1a: blaze|atk|2
|
|-ability|p1a: blaze|Speed Boost|boost
|-boost|p1a: blaze|spe|1
|upkeep
|turn|12
|
|t:|1758981564
|move|p1a: blaze|Knock Off|p2a: Jinbei
|-damage|p2a: Jinbei|36/100
|-enditem|p2a: Jinbei|Colbur Berry|[from] move: Knock Off|[of] p1a: blaze
|move|p2a: Jinbei|Trick Room|p2a: Jinbei
|-fieldstart|move: Trick Room|[of] p2a: Jinbei
|
|-ability|p1a: blaze|Speed Boost|boost
|-boost|p1a: blaze|spe|1
|upkeep
|turn|13
|
|t:|1758981576
|move|p2a: Jinbei|Scald|p1a: blaze
|-supereffective|p1a: blaze
|-enditem|p1a: blaze|Focus Sash
|-damage|p1a: blaze|1/100
|move|p1a: blaze|Reversal|p2a: Jinbei
|-damage|p2a: Jinbei|0 fnt
|faint|p2a: Jinbei
|
|-ability|p1a: blaze|Speed Boost|boost
|-boost|p1a: blaze|spe|1
|upkeep
|
|t:|1758981584
|switch|p2a: Chopper|Ursaluna, M|94/100 brn
|turn|14
|
|t:|1758981588
|move|p2a: Chopper|Earthquake|p1a: blaze
|-supereffective|p1a: blaze
|-damage|p1a: blaze|0 fnt
|faint|p1a: blaze
|
|-damage|p2a: Chopper|88/100 brn|[from] brn
|upkeep
|
|t:|1758981599
|switch|p1a: nesy|Gastrodon, F|100/100
|turn|15
|
|t:|1758981606
|move|p2a: Chopper|Facade|p1a: nesy
|-damage|p1a: nesy|0 fnt
|faint|p1a: nesy
|
|-damage|p2a: Chopper|82/100 brn|[from] brn
|upkeep
|c|☆K_dogstheone1|gg
|
|t:|1758981614
|switch|p1a: sweat shop|Maushold-Four|100/100
|turn|16
|
|t:|1758981620
|move|p2a: Chopper|Facade|p1a: sweat shop
|-damage|p1a: sweat shop|0 fnt
|faint|p1a: sweat shop
|
|win|Mouu'D
|raw|K_dogstheone1's rating: 1222 &rarr; <strong>1198</strong><br />(-24 for losing)
|raw|Mouu&apos;D's rating: 1234 &rarr; <strong>1258</strong><br />(+24 for winning)
|l|☆Mouu'D
|player|p2|
|l|☆K_dogstheone1
|player|p1|
