|j|☆IzzyFl0
|j|☆thatoneguy1337
|t:|1758953082
|gametype|singles
|player|p1|IzzyFl0|unknown|1668
|player|p2|thatoneguy1337|caitlin|1818
|gen|9
|tier|[Gen 9] OU
|rated|
|rule|HP Percentage Mod: HP is shown in percentages
|rule|Endless Battle Clause: Forcing endless battles is banned
|rule|Species Clause: Limit one of each Pokémon
|rule|OHKO Clause: OHKO moves are banned
|rule|Evasion Items Clause: Evasion items are banned
|rule|Evasion Moves Clause: Evasion moves are banned
|rule|Evasion Abilities Clause: Evasion abilities are banned
|rule|Sleep Moves Clause: Sleep-inducing moves are banned
|clearpoke
|poke|p1|Kommo-o, M|
|poke|p1|Gholdengo|
|poke|p1|Ninetales-Alola, F|
|poke|p1|Hatterene, F|
|poke|p1|Zamazenta-*|
|poke|p1|Kingambit, F|
|poke|p2|Basculegion, M|
|poke|p2|Pelipper, M|
|poke|p2|Iron Treads|
|poke|p2|Dragapult, M|
|poke|p2|Overqwil, M|
|poke|p2|Iron Valiant|
|teampreview
|inactive|Battle timer is ON: inactive players will automatically lose when time's up. (requested by IzzyFl0)
|inactive|IzzyFl0 has 120 seconds left.
|
|t:|1758953116
|teamsize|p1|6
|teamsize|p2|6
|start
|switch|p1a: Zamazenta|Zamazenta|100/100
|switch|p2a: Rage|Iron Treads, shiny|100/100
|-ability|p1a: Zamazenta|Dauntless Shield|boost
|-boost|p1a: Zamazenta|def|1
|-enditem|p2a: Rage|Booster Energy
|-activate|p2a: Rage|ability: Quark Drive|[fromitem]
|-start|p2a: Rage|quarkdrivespe
|turn|1
|j| Ctannn
|inactive|IzzyFl0 has 120 seconds left.
|
|t:|1758953150
|move|p2a: Rage|Steel Beam|p1a: Zamazenta
|-damage|p1a: Zamazenta|57/100
|-damage|p2a: Rage|50/100|[from] steelbeam
|move|p1a: Zamazenta|Stone Edge|p2a: Rage
|-resisted|p2a: Rage
|-crit|p2a: Rage
|-damage|p2a: Rage|35/100
|-damage|p1a: Zamazenta|47/100|[from] item: Life Orb
|
|upkeep
|turn|2
|inactive|IzzyFl0 has 120 seconds left.
|
|t:|1758953168
|switch|p1a: Kingambit|Kingambit, F|100/100
|-item|p1a: Kingambit|Air Balloon
|move|p2a: Rage|Steel Beam|p1a: Kingambit
|-resisted|p1a: Kingambit
|-damage|p1a: Kingambit|75/100
|-enditem|p1a: Kingambit|Air Balloon
|-damage|p2a: Rage|0 fnt|[from] steelbeam
|faint|p2a: Rage
|-end|p2a: Rage|Quark Drive|[silent]
|
|upkeep
|
|t:|1758953185
|switch|p2a: Messenger|Pelipper, M, shiny|100/100
|-weather|RainDance|[from] ability: Drizzle|[of] p2a: Messenger
|turn|3
|inactive|IzzyFl0 has 120 seconds left.
|
|t:|1758953197
|-end|p1a: Kingambit|fallenundefined|[silent]
|switch|p1a: Ninetales|Ninetales-Alola, F|100/100
|-weather|Snowscape|[from] ability: Snow Warning|[of] p1a: Ninetales
|move|p2a: Messenger|U-turn|p1a: Ninetales
|-resisted|p1a: Ninetales
|-damage|p1a: Ninetales|97/100
|
|t:|1758953216
|switch|p2a: Calamity|Iron Valiant, shiny|100/100|[from] U-turn
|
|-weather|Snowscape|[upkeep]
|upkeep
|turn|4
|inactive|IzzyFl0 has 120 seconds left.
|j| pika2333
|inactive|IzzyFl0 has 90 seconds left.
|
|t:|1758953274
|switch|p1a: Zamazenta|Zamazenta|47/100
|-terastallize|p2a: Calamity|Fairy
|move|p2a: Calamity|Moonblast|p1a: Zamazenta
|-supereffective|p1a: Zamazenta
|-damage|p1a: Zamazenta|0 fnt
|faint|p1a: Zamazenta
|
|-weather|Snowscape|[upkeep]
|upkeep
|
|t:|1758953295
|switch|p1a: Gholdengo|Gholdengo|100/100
|turn|5
|
|t:|1758953303
|-end|p2a: Calamity|Quark Drive|[silent]
|switch|p2a: Messenger|Pelipper, M, shiny|100/100
|-weather|RainDance|[from] ability: Drizzle|[of] p2a: Messenger
|switch|p1a: Ninetales|Ninetales-Alola, F|97/100
|-weather|Snowscape|[from] ability: Snow Warning|[of] p1a: Ninetales
|
|-weather|Snowscape|[upkeep]
|upkeep
|turn|6
|
|t:|1758953316
|switch|p2a: Predator|Overqwil, M, shiny|100/100
|move|p1a: Ninetales|Aurora Veil|p1a: Ninetales
|-sidestart|p1: IzzyFl0|move: Aurora Veil
|
|-weather|Snowscape|[upkeep]
|upkeep
|turn|7
|j| sgCURRY3
|
|t:|1758953334
|switch|p1a: Kingambit|Kingambit, F|75/100
|-activate|p1a: Kingambit|ability: Supreme Overlord
|-start|p1a: Kingambit|fallen1|[silent]
|move|p2a: Predator|Spikes|p1a: Kingambit
|-sidestart|p1: IzzyFl0|Spikes
|
|-weather|Snowscape|[upkeep]
|upkeep
|turn|8
|l| sgCURRY3
|inactive|IzzyFl0 has 60 seconds left.
|j| Mr.villains
|inactive|IzzyFl0 has 30 seconds left.
|inactive|IzzyFl0 has 20 seconds left.
|
|t:|1758953392
|move|p2a: Predator|Taunt|p1a: Kingambit
|-start|p1a: Kingambit|move: Taunt
|move|p1a: Kingambit|Iron Head|p2a: Predator
|-damage|p2a: Predator|46/100
|
|-weather|Snowscape|[upkeep]
|upkeep
|turn|9
|inactive|IzzyFl0 has 30 seconds left this turn.
|inactive|IzzyFl0 has 20 seconds left.
|
|t:|1758953403
|switch|p2a: Messenger|Pelipper, M, shiny|100/100
|-weather|RainDance|[from] ability: Drizzle|[of] p2a: Messenger
|move|p1a: Kingambit|Kowtow Cleave|p2a: Messenger
|-damage|p2a: Messenger|59/100
|
|-weather|RainDance|[upkeep]
|upkeep
|turn|10
|inactive|IzzyFl0 has 30 seconds left this turn.
|inactive|IzzyFl0 has 20 seconds left.
|inactive|IzzyFl0 has 15 seconds left.
|inactive|IzzyFl0 has 10 seconds left.
|
|t:|1758953424
|move|p2a: Messenger|U-turn|p1a: Kingambit
|-damage|p1a: Kingambit|72/100
|
|t:|1758953427
|switch|p2a: Predator|Overqwil, M, shiny|46/100|[from] U-turn
|move|p1a: Kingambit|Iron Head|p2a: Predator
|-damage|p2a: Predator|0 fnt
|faint|p2a: Predator
|
|-weather|RainDance|[upkeep]
|-end|p1a: Kingambit|move: Taunt
|upkeep
|
|t:|1758953435
|switch|p2a: Calamity|Iron Valiant, shiny, tera:Fairy|100/100
|turn|11
|inactive|IzzyFl0 has 30 seconds left this turn.
|inactive|IzzyFl0 has 20 seconds left.
|
|t:|1758953446
|-end|p1a: Kingambit|fallen1|[silent]
|switch|p1a: Gholdengo|Gholdengo|100/100
|-damage|p1a: Gholdengo|88/100|[from] Spikes
|move|p2a: Calamity|Moonblast|p1a: Gholdengo
|-resisted|p1a: Gholdengo
|-damage|p1a: Gholdengo|60/100
|
|-weather|RainDance|[upkeep]
|upkeep
|turn|12
|inactive|IzzyFl0 has 30 seconds left this turn.
|inactive|IzzyFl0 has 20 seconds left.
|inactive|IzzyFl0 has 15 seconds left.
|
|t:|1758953462
|-end|p2a: Calamity|Quark Drive|[silent]
|switch|p2a: Jaws|Basculegion, M, shiny|100/100
|move|p1a: Gholdengo|Shadow Ball|p2a: Jaws
|-supereffective|p2a: Jaws
|-damage|p2a: Jaws|0 fnt
|faint|p2a: Jaws
|
|-weather|RainDance|[upkeep]
|upkeep
|
|t:|1758953467
|switch|p2a: Leviathan|Dragapult, M, shiny|100/100
|turn|13
|inactive|IzzyFl0 has 30 seconds left this turn.
|
|t:|1758953472
|move|p2a: Leviathan|Shadow Ball|p1a: Gholdengo
|-supereffective|p1a: Gholdengo
|-damage|p1a: Gholdengo|7/100
|-damage|p2a: Leviathan|91/100|[from] item: Life Orb
|move|p1a: Gholdengo|Shadow Ball|p2a: Leviathan
|-supereffective|p2a: Leviathan
|-damage|p2a: Leviathan|0 fnt
|faint|p2a: Leviathan
|
|-weather|RainDance|[upkeep]
|-sideend|p1: IzzyFl0|move: Aurora Veil
|upkeep
|-message|thatoneguy1337 forfeited.
|
|win|IzzyFl0
|raw|IzzyFl0's rating: 1668 &rarr; <strong>1696</strong><br />(+28 for winning)
|raw|thatoneguy1337's rating: 1818 &rarr; <strong>1790</strong><br />(-28 for losing)
|l|☆thatoneguy1337
|player|p2|
|l| Mr.villains
|l| pika2333
|l| Ctannn
