|j|☆dxBasti
|j|☆UltraGodGreninja
|t:|1759077068
|gametype|singles
|player|p1|dxBasti|harlequin|1351
|player|p2|UltraGodGreninja|skyla|1394
|gen|9
|tier|[Gen 9] OU
|rated|
|rule|HP Percentage Mod: HP is shown in percentages
|rule|Endless Battle Clause: Forcing endless battles is banned
|rule|Species Clause: Limit one of each Pokémon
|rule|OHKO Clause: OHKO moves are banned
|rule|Evasion Items Clause: Evasion items are banned
|rule|Evasion Moves Clause: Evasion moves are banned
|rule|Evasion Abilities Clause: Evasion abilities are banned
|rule|Sleep Moves Clause: Sleep-inducing moves are banned
|clearpoke
|poke|p1|Murkrow, F|
|poke|p1|Great Tusk|
|poke|p1|Clefable, F|
|poke|p1|Meowscarada, M|
|poke|p1|Toxapex, F|
|poke|p1|Kingambit, F|
|poke|p2|Greninja-*, F|
|poke|p2|Zapdos|
|poke|p2|Great Tusk|
|poke|p2|Ting-Lu|
|poke|p2|Primarina, M|
|poke|p2|Scizor, M|
|teampreview
|inactive|Battle timer is ON: inactive players will automatically lose when time's up. (requested by dxBasti)
|
|t:|1759077075
|teamsize|p1|6
|teamsize|p2|6
|start
|switch|p1a: Meowscarada|Meowscarada, M|100/100
|switch|p2a: Scizor|Scizor, M|100/100
|turn|1
|
|t:|1759077083
|switch|p1a: Toxapex|Toxapex, F|100/100
|move|p2a: Scizor|U-turn|p1a: Toxapex
|-resisted|p1a: Toxapex
|-damage|p1a: Toxapex|82/100
|-damage|p2a: Scizor|84/100|[from] item: Rocky Helmet|[of] p1a: Toxapex
|
|t:|1759077090
|switch|p2a: Great Tusk|Great Tusk|100/100|[from] U-turn
|
|upkeep
|turn|2
|
|t:|1759077095
|switch|p1a: Great Tusk|Great Tusk|100/100
|move|p2a: Great Tusk|Headlong Rush|p1a: Great Tusk
|-damage|p1a: Great Tusk|58/100
|-unboost|p2a: Great Tusk|def|1
|-unboost|p2a: Great Tusk|spd|1
|
|upkeep
|turn|3
|
|t:|1759077100
|-end|p2a: Great Tusk|Protosynthesis|[silent]
|switch|p2a: Zapdos|Zapdos|100/100
|move|p1a: Great Tusk|Knock Off|p2a: Zapdos
|-damage|p2a: Zapdos|76/100
|-enditem|p2a: Zapdos|Heavy-Duty Boots|[from] move: Knock Off|[of] p1a: Great Tusk
|
|upkeep
|turn|4
|
|t:|1759077109
|-end|p1a: Great Tusk|Protosynthesis|[silent]
|switch|p1a: Clefable|Clefable, F|100/100
|move|p2a: Zapdos|U-turn|p1a: Clefable
|-resisted|p1a: Clefable
|-damage|p1a: Clefable|93/100
|
|t:|1759077112
|switch|p2a: Scizor|Scizor, M|84/100|[from] U-turn
|
|-heal|p1a: Clefable|99/100|[from] item: Leftovers
|upkeep
|turn|5
|
|t:|1759077115
|switch|p1a: Toxapex|Toxapex, F|100/100
|move|p2a: Scizor|Knock Off|p1a: Toxapex
|-damage|p1a: Toxapex|63/100
|-damage|p2a: Scizor|67/100|[from] item: Rocky Helmet|[of] p1a: Toxapex
|-enditem|p1a: Toxapex|Rocky Helmet|[from] move: Knock Off|[of] p2a: Scizor
|
|upkeep
|turn|6
|
|t:|1759077121
|switch|p2a: Ting-Lu|Ting-Lu|100/100
|-ability|p2a: Ting-Lu|Vessel of Ruin
|move|p1a: Toxapex|Surf|p2a: Ting-Lu
|-supereffective|p2a: Ting-Lu
|-damage|p2a: Ting-Lu|86/100
|
|-heal|p2a: Ting-Lu|92/100|[from] item: Leftovers
|upkeep
|turn|7
|
|t:|1759077138
|move|p2a: Ting-Lu|Stealth Rock|p1a: Toxapex
|-sidestart|p1: dxBasti|move: Stealth Rock
|move|p1a: Toxapex|Toxic|p2a: Ting-Lu
|-status|p2a: Ting-Lu|tox
|
|-heal|p2a: Ting-Lu|99/100 tox|[from] item: Leftovers
|-damage|p2a: Ting-Lu|92/100 tox|[from] psn
|upkeep
|turn|8
|
|t:|1759077151
|switch|p1a: Clefable|Clefable, F|99/100
|move|p2a: Ting-Lu|Earthquake|p1a: Clefable
|-damage|p1a: Clefable|56/100
|
|-heal|p1a: Clefable|62/100|[from] item: Leftovers
|-heal|p2a: Ting-Lu|99/100 tox|[from] item: Leftovers
|-damage|p2a: Ting-Lu|86/100 tox|[from] psn
|upkeep
|turn|9
|
|t:|1759077156
|switch|p2a: Scizor|Scizor, M|67/100
|move|p1a: Clefable|Stealth Rock|p2a: Scizor
|-sidestart|p2: UltraGodGreninja|move: Stealth Rock
|
|-heal|p1a: Clefable|68/100|[from] item: Leftovers
|upkeep
|turn|10
|
|t:|1759077160
|switch|p1a: Toxapex|Toxapex, F|96/100
|-damage|p1a: Toxapex|84/100|[from] Stealth Rock
|move|p2a: Scizor|Bullet Punch|p1a: Toxapex
|-resisted|p1a: Toxapex
|-damage|p1a: Toxapex|68/100
|
|upkeep
|turn|11
|
|t:|1759077164
|switch|p2a: Zapdos|Zapdos|76/100
|-damage|p2a: Zapdos|51/100|[from] Stealth Rock
|move|p1a: Toxapex|Surf|p2a: Zapdos
|-crit|p2a: Zapdos
|-damage|p2a: Zapdos|22/100
|
|upkeep
|turn|12
|
|t:|1759077172
|switch|p1a: Great Tusk|Great Tusk|58/100
|move|p2a: Zapdos|Roost|p2a: Zapdos
|-heal|p2a: Zapdos|72/100
|-singleturn|p2a: Zapdos|move: Roost
|
|upkeep
|turn|13
|
|t:|1759077185
|-end|p1a: Great Tusk|Protosynthesis|[silent]
|switch|p1a: Kingambit|Kingambit, F|100/100
|-damage|p1a: Kingambit|94/100|[from] Stealth Rock
|move|p2a: Zapdos|Hurricane|p1a: Kingambit
|-resisted|p1a: Kingambit
|-damage|p1a: Kingambit|68/100
|-start|p1a: Kingambit|confusion
|
|-heal|p1a: Kingambit|74/100|[from] item: Leftovers
|upkeep
|turn|14
|
|t:|1759077190
|move|p2a: Zapdos|U-turn|p1a: Kingambit
|-damage|p1a: Kingambit|63/100
|
|t:|1759077207
|switch|p2a: Great Tusk|Great Tusk|100/100|[from] U-turn
|-activate|p1a: Kingambit|confusion
|move|p1a: Kingambit|Swords Dance|p1a: Kingambit
|-boost|p1a: Kingambit|atk|2
|
|-heal|p1a: Kingambit|69/100|[from] item: Leftovers
|upkeep
|turn|15
|
|t:|1759077216
|-end|p1a: Kingambit|fallenundefined|[silent]
|switch|p1a: Murkrow|Murkrow, F|100/100
|-damage|p1a: Murkrow|76/100|[from] Stealth Rock
|move|p2a: Great Tusk|Headlong Rush|p1a: Murkrow
|-immune|p1a: Murkrow
|
|upkeep
|turn|16
|
|t:|1759077222
|-end|p2a: Great Tusk|Protosynthesis|[silent]
|switch|p2a: Zapdos|Zapdos|72/100
|-damage|p2a: Zapdos|47/100|[from] Stealth Rock
|move|p1a: Murkrow|Hurricane|p2a: Zapdos|[miss]
|-miss|p1a: Murkrow|p2a: Zapdos
|
|upkeep
|turn|17
|
|t:|1759077230
|switch|p1a: Clefable|Clefable, F|68/100
|move|p2a: Zapdos|Roost|p2a: Zapdos
|-heal|p2a: Zapdos|97/100
|-singleturn|p2a: Zapdos|move: Roost
|
|-heal|p1a: Clefable|74/100|[from] item: Leftovers
|upkeep
|turn|18
|
|t:|1759077238
|move|p2a: Zapdos|U-turn|p1a: Clefable
|-resisted|p1a: Clefable
|-crit|p1a: Clefable
|-damage|p1a: Clefable|63/100
|
|t:|1759077242
|switch|p2a: Primarina|Primarina, M|100/100|[from] U-turn
|-damage|p2a: Primarina|88/100|[from] Stealth Rock
|move|p1a: Clefable|Moonblast|p2a: Primarina
|-damage|p2a: Primarina|75/100
|
|-heal|p1a: Clefable|69/100|[from] item: Leftovers
|upkeep
|turn|19
|
|t:|1759077248
|move|p1a: Clefable|Thunder Wave|p2a: Primarina
|-status|p2a: Primarina|par
|move|p2a: Primarina|Psychic Noise|p1a: Clefable
|-damage|p1a: Clefable|48/100
|-start|p1a: Clefable|move: Heal Block
|
|upkeep
|turn|20
|
|t:|1759077276
|switch|p1a: Kingambit|Kingambit, F|69/100
|-damage|p1a: Kingambit|63/100|[from] Stealth Rock
|cant|p2a: Primarina|par
|
|-heal|p1a: Kingambit|69/100|[from] item: Leftovers
|upkeep
|turn|21
|
|t:|1759077280
|switch|p2a: Zapdos|Zapdos|97/100
|-damage|p2a: Zapdos|72/100|[from] Stealth Rock
|move|p1a: Kingambit|Iron Head|p2a: Zapdos
|-resisted|p2a: Zapdos
|-damage|p2a: Zapdos|56/100
|-status|p1a: Kingambit|par|[from] ability: Static|[of] p2a: Zapdos
|
|-heal|p1a: Kingambit|75/100 par|[from] item: Leftovers
|upkeep
|turn|22
|
|t:|1759077293
|-end|p1a: Kingambit|fallenundefined|[silent]
|switch|p1a: Clefable|Clefable, F|48/100
|move|p2a: Zapdos|U-turn|p1a: Clefable
|-resisted|p1a: Clefable
|-damage|p1a: Clefable|41/100
|
|t:|1759077295
|switch|p2a: Greninja|Greninja, F|100/100|[from] U-turn
|-damage|p2a: Greninja|88/100|[from] Stealth Rock
|
|-heal|p1a: Clefable|47/100|[from] item: Leftovers
|upkeep
|turn|23
|
|t:|1759077299
|switch|p1a: Toxapex|Toxapex, F|100/100
|-damage|p1a: Toxapex|88/100|[from] Stealth Rock
|move|p2a: Greninja|Sludge Wave|p1a: Toxapex
|-start|p2a: Greninja|typechange|Poison|[from] ability: Protean
|-resisted|p1a: Toxapex
|-damage|p1a: Toxapex|64/100
|
|upkeep
|turn|24
|
|t:|1759077306
|switch|p2a: Zapdos|Zapdos|56/100
|-damage|p2a: Zapdos|31/100|[from] Stealth Rock
|move|p1a: Toxapex|Surf|p2a: Zapdos
|-damage|p2a: Zapdos|13/100
|
|upkeep
|turn|25
|
|t:|1759077320
|switch|p1a: Meowscarada|Meowscarada, M|100/100
|-damage|p1a: Meowscarada|88/100|[from] Stealth Rock
|move|p2a: Zapdos|Discharge|p1a: Meowscarada
|-resisted|p1a: Meowscarada
|-damage|p1a: Meowscarada|63/100
|
|upkeep
|turn|26
|
|t:|1759077331
|switch|p2a: Ting-Lu|Ting-Lu|86/100 tox
|-damage|p2a: Ting-Lu|80/100 tox|[from] Stealth Rock
|-ability|p2a: Ting-Lu|Vessel of Ruin
|move|p1a: Meowscarada|Flower Trick|p2a: Ting-Lu
|-start|p1a: Meowscarada|typechange|Grass|[from] ability: Protean
|-supereffective|p2a: Ting-Lu
|-crit|p2a: Ting-Lu
|-damage|p2a: Ting-Lu|5/100 tox
|
|-heal|p2a: Ting-Lu|11/100 tox|[from] item: Leftovers
|-damage|p2a: Ting-Lu|5/100 tox|[from] psn
|upkeep
|turn|27
|
|t:|1759077340
|switch|p2a: Scizor|Scizor, M|67/100
|-damage|p2a: Scizor|55/100|[from] Stealth Rock
|move|p1a: Meowscarada|Flower Trick|p2a: Scizor
|-resisted|p2a: Scizor
|-crit|p2a: Scizor
|-damage|p2a: Scizor|36/100
|
|upkeep
|turn|28
|
|t:|1759077347
|switch|p1a: Toxapex|Toxapex, F|97/100
|-damage|p1a: Toxapex|85/100|[from] Stealth Rock
|move|p2a: Scizor|U-turn|p1a: Toxapex
|-resisted|p1a: Toxapex
|-damage|p1a: Toxapex|67/100
|
|t:|1759077351
|switch|p2a: Great Tusk|Great Tusk|100/100|[from] U-turn
|
|upkeep
|turn|29
|
|t:|1759077355
|move|p2a: Great Tusk|Ice Spinner|p1a: Toxapex
|-resisted|p1a: Toxapex
|-damage|p1a: Toxapex|57/100
|move|p1a: Toxapex|Toxic|p2a: Great Tusk
|-status|p2a: Great Tusk|tox
|
|-damage|p2a: Great Tusk|94/100 tox|[from] psn
|upkeep
|turn|30
|c|☆UltraGodGreninja|cfasdvbhjk.adefsvgrzhijklu;./
|c|☆UltraGodGreninja|\j,nfsdvhujksdvhukijlisdljv
|c|☆UltraGodGreninja|]\dsvupofsdbvghijkl;dfgv
|c|☆UltraGodGreninja|[]sfsdbx\
|
|t:|1759077373
|switch|p1a: Murkrow|Murkrow, F|76/100
|-damage|p1a: Murkrow|51/100|[from] Stealth Rock
|move|p2a: Great Tusk|Headlong Rush|p1a: Murkrow
|-immune|p1a: Murkrow
|
|-damage|p2a: Great Tusk|82/100 tox|[from] psn
|upkeep
|turn|31
|-message|UltraGodGreninja forfeited.
|
|win|dxBasti
|raw|dxBasti's rating: 1351 &rarr; <strong>1372</strong><br />(+21 for winning)
|raw|UltraGodGreninja's rating: 1374 &rarr; <strong>1353</strong><br />(-21 for losing)
|l|☆UltraGodGreninja
|player|p2|
|l|☆dxBasti
|player|p1|
