|j|☆Palafinnieon
|j|☆Yori_uzui
|t:|1758990167
|gametype|singles
|player|p1|Palafinnieon|grimsley|1510
|player|p2|Yori_uzui|clair|1537
|gen|9
|tier|[Gen 9] OU
|rated|
|rule|HP Percentage Mod: HP is shown in percentages
|rule|Endless Battle Clause: Forcing endless battles is banned
|rule|Species Clause: Limit one of each Pokémon
|rule|OHKO Clause: OHKO moves are banned
|rule|Evasion Items Clause: Evasion items are banned
|rule|Evasion Moves Clause: Evasion moves are banned
|rule|Evasion Abilities Clause: Evasion abilities are banned
|rule|Sleep Moves Clause: Sleep-inducing moves are banned
|clearpoke
|poke|p1|Smeargle, M|
|poke|p1|Cinderace, M|
|poke|p1|Zapdos-Galar|
|poke|p1|Gholdengo|
|poke|p1|Polteageist|
|poke|p1|Toxtricity, F|
|poke|p2|Hatterene, F|
|poke|p2|Cresselia, F|
|poke|p2|Mimikyu, F|
|poke|p2|Ursaluna, F|
|poke|p2|Sudowoodo, F|
|poke|p2|Slowking-Galar, M|
|teampreview
|inactive|Battle timer is ON: inactive players will automatically lose when time's up. (requested by Yori_uzui)
|
|t:|1758990177
|teamsize|p1|6
|teamsize|p2|6
|start
|switch|p1a: Smeargle|Smeargle, M|100/100
|switch|p2a: Hatterene|Hatterene, F|100/100
|turn|1
|
|t:|1758990182
|move|p1a: Smeargle|Stone Axe|p2a: Hatterene
|-damage|p2a: Hatterene|95/100
|-sidestart|p2: Yori_uzui|move: Stealth Rock
|move|p2a: Hatterene|Trick Room|p2a: Hatterene
|-fieldstart|move: Trick Room|[of] p2a: Hatterene
|
|upkeep
|turn|2
|
|t:|1758990187
|move|p2a: Hatterene|Psychic Noise|p1a: Smeargle
|-damage|p1a: Smeargle|17/100
|-start|p1a: Smeargle|move: Heal Block
|move|p1a: Smeargle|Mortal Spin|p2a: Hatterene
|-supereffective|p2a: Hatterene
|-damage|p2a: Hatterene|89/100
|-status|p2a: Hatterene|psn
|
|-damage|p2a: Hatterene|77/100 psn|[from] psn
|upkeep
|turn|3
|
|t:|1758990194
|move|p2a: Hatterene|Healing Wish|p2a: Hatterene
|faint|p2a: Hatterene
|move|p1a: Smeargle|Nuzzle|p2: Hatterene|[notarget]
|-fail|p1a: Smeargle
|
|-end|p1a: Smeargle|move: Heal Block
|upkeep
|
|t:|1758990201
|switch|p2a: Ursaluna|Ursaluna, F|100/100
|-damage|p2a: Ursaluna|94/100|[from] Stealth Rock
|turn|4
|
|t:|1758990205
|move|p2a: Ursaluna|Fire Punch|p1a: Smeargle
|-damage|p1a: Smeargle|0 fnt
|faint|p1a: Smeargle
|
|-status|p2a: Ursaluna|brn|[from] item: Flame Orb
|upkeep
|
|t:|1758990210
|switch|p1a: Cinderace|Cinderace, M|100/100
|turn|5
|
|t:|1758990229
|move|p1a: Cinderace|Sucker Punch|p2a: Ursaluna
|-start|p1a: Cinderace|typechange|Dark|[from] ability: Libero
|-damage|p2a: Ursaluna|70/100 brn
|move|p2a: Ursaluna|Facade|p1a: Cinderace
|-damage|p1a: Cinderace|0 fnt
|faint|p1a: Cinderace
|
|-damage|p2a: Ursaluna|64/100 brn|[from] brn
|-fieldend|move: Trick Room
|upkeep
|
|t:|1758990243
|switch|p1a: Zapdos|Zapdos-Galar|100/100
|turn|6
|
|t:|1758990258
|switch|p2a: Cresselia|Cresselia, F|100/100
|-damage|p2a: Cresselia|88/100|[from] Stealth Rock
|move|p1a: Zapdos|Thunderous Kick|p2a: Cresselia
|-resisted|p2a: Cresselia
|-damage|p2a: Cresselia|77/100
|-unboost|p2a: Cresselia|def|1
|
|upkeep
|turn|7
|
|t:|1758990264
|move|p1a: Zapdos|Knock Off|p2a: Cresselia
|-supereffective|p2a: Cresselia
|-damage|p2a: Cresselia|26/100
|-enditem|p2a: Cresselia|Mental Herb|[from] move: Knock Off|[of] p1a: Zapdos
|move|p2a: Cresselia|Trick Room|p2a: Cresselia
|-fieldstart|move: Trick Room|[of] p2a: Cresselia
|
|upkeep
|turn|8
|
|t:|1758990279
|move|p2a: Cresselia|Lunar Dance|p2a: Cresselia
|faint|p2a: Cresselia
|move|p1a: Zapdos|Bulk Up|p1a: Zapdos
|-boost|p1a: Zapdos|atk|1
|-boost|p1a: Zapdos|def|1
|
|upkeep
|
|t:|1758990284
|switch|p2a: Sudowoodo|Sudowoodo, F|100/100
|-damage|p2a: Sudowoodo|88/100|[from] Stealth Rock
|turn|9
|
|t:|1758990288
|move|p2a: Sudowoodo|Head Smash|p1a: Zapdos
|-damage|p1a: Zapdos|32/100
|-damage|p2a: Sudowoodo|78/100|[from] item: Life Orb
|move|p1a: Zapdos|Thunderous Kick|p2a: Sudowoodo
|-supereffective|p2a: Sudowoodo
|-damage|p2a: Sudowoodo|0 fnt
|faint|p2a: Sudowoodo
|
|upkeep
|
|t:|1758990294
|switch|p2a: Slowking|Slowking-Galar, M|100/100
|-damage|p2a: Slowking|88/100|[from] Stealth Rock
|turn|10
|
|t:|1758990301
|move|p2a: Slowking|Ice Beam|p1a: Zapdos
|-supereffective|p1a: Zapdos
|-damage|p1a: Zapdos|0 fnt
|faint|p1a: Zapdos
|-damage|p2a: Slowking|78/100|[from] item: Life Orb
|
|upkeep
|
|t:|1758990305
|switch|p1a: Gholdengo|Gholdengo|100/100
|-item|p1a: Gholdengo|Air Balloon
|turn|11
|
|t:|1758990315
|move|p2a: Slowking|Flamethrower|p1a: Gholdengo
|-supereffective|p1a: Gholdengo
|-damage|p1a: Gholdengo|6/100
|-enditem|p1a: Gholdengo|Air Balloon
|-damage|p2a: Slowking|68/100|[from] item: Life Orb
|move|p1a: Gholdengo|Shadow Ball|p2a: Slowking
|-supereffective|p2a: Slowking
|-crit|p2a: Slowking
|-damage|p2a: Slowking|0 fnt
|faint|p2a: Slowking
|
|-fieldend|move: Trick Room
|upkeep
|
|t:|1758990318
|switch|p2a: Mimikyu|Mimikyu, F|100/100
|-damage|p2a: Mimikyu|88/100|[from] Stealth Rock
|turn|12
|
|t:|1758990324
|move|p1a: Gholdengo|Shadow Ball|p2a: Mimikyu
|-activate|p2a: Mimikyu|ability: Disguise
|-damage|p2a: Mimikyu|88/100
|detailschange|p2a: Mimikyu|Mimikyu-Busted, F
|-damage|p2a: Mimikyu|76/100|[from] pokemon: Mimikyu-Busted
|-enditem|p2a: Mimikyu|Red Card|[of] p1a: Gholdengo
|drag|p1a: Polteageist|Polteageist|100/100
|move|p2a: Mimikyu|Trick Room|p2a: Mimikyu
|-fieldstart|move: Trick Room|[of] p2a: Mimikyu
|
|upkeep
|turn|13
|
|t:|1758990333
|switch|p1a: Gholdengo|Gholdengo|6/100
|move|p2a: Mimikyu|Curse|p1a: Gholdengo
|-immune|p1a: Gholdengo|[from] ability: Good as Gold
|
|upkeep
|turn|14
|
|t:|1758990341
|switch|p2a: Ursaluna|Ursaluna, F|64/100 brn
|-heal|p2a: Ursaluna|100/100|[from] move: Healing Wish
|-heal|p2a: Ursaluna|100/100|[from] move: Lunar Dance
|-damage|p2a: Ursaluna|94/100|[from] Stealth Rock
|switch|p1a: Toxtricity|Toxtricity, F|100/100
|
|-status|p2a: Ursaluna|brn|[from] item: Flame Orb
|upkeep
|turn|15
|
|t:|1758990345
|switch|p1a: Gholdengo|Gholdengo|6/100
|move|p2a: Ursaluna|Headlong Rush|p1a: Gholdengo
|-supereffective|p1a: Gholdengo
|-damage|p1a: Gholdengo|0 fnt
|-unboost|p2a: Ursaluna|def|1
|-unboost|p2a: Ursaluna|spd|1
|faint|p1a: Gholdengo
|
|-damage|p2a: Ursaluna|88/100 brn|[from] brn
|upkeep
|
|t:|1758990351
|switch|p1a: Polteageist|Polteageist|100/100
|turn|16
|
|t:|1758990359
|switch|p2a: Mimikyu|Mimikyu-Busted, F|76/100
|-damage|p2a: Mimikyu|63/100|[from] Stealth Rock
|move|p1a: Polteageist|Strength Sap|p2a: Mimikyu
|-unboost|p2a: Mimikyu|atk|1
|
|-fieldend|move: Trick Room
|upkeep
|turn|17
|
|t:|1758990366
|-terastallize|p2a: Mimikyu|Water
|move|p1a: Polteageist|Shadow Ball|p2a: Mimikyu
|-damage|p2a: Mimikyu|25/100
|move|p2a: Mimikyu|Trick Room|p2a: Mimikyu
|-fieldstart|move: Trick Room|[of] p2a: Mimikyu
|
|upkeep
|turn|18
|
|t:|1758990382
|move|p1a: Polteageist|Shadow Ball|p2a: Mimikyu
|-damage|p2a: Mimikyu|0 fnt
|faint|p2a: Mimikyu
|
|upkeep
|
|t:|1758990397
|switch|p2a: Ursaluna|Ursaluna, F|88/100 brn
|-damage|p2a: Ursaluna|82/100 brn|[from] Stealth Rock
|turn|19
|
|t:|1758990401
|move|p2a: Ursaluna|Headlong Rush|p1a: Polteageist
|-damage|p1a: Polteageist|0 fnt
|-unboost|p2a: Ursaluna|def|1
|-unboost|p2a: Ursaluna|spd|1
|faint|p1a: Polteageist
|
|-damage|p2a: Ursaluna|75/100 brn|[from] brn
|upkeep
|-message|Palafinnieon forfeited.
|
|win|Yori_uzui
|raw|Palafinnieon's rating: 1510 &rarr; <strong>1492</strong><br />(-18 for losing)
|raw|Yori_uzui's rating: 1537 &rarr; <strong>1555</strong><br />(+18 for winning)
|l|☆Palafinnieon
|player|p1|
|l|☆Yori_uzui
|player|p2|
