|j|‽Rohit-Majum
|j|☆Perola Z
|t:|1759067445
|gametype|singles
|player|p1|Rohit-Majum|2|1490
|player|p2|Perola Z|elesa|1441
|gen|9
|tier|[Gen 9] OU
|rated|
|rule|HP Percentage Mod: HP is shown in percentages
|rule|Endless Battle Clause: Forcing endless battles is banned
|rule|Species Clause: Limit one of each Pokémon
|rule|OHKO Clause: OHKO moves are banned
|rule|Evasion Items Clause: Evasion items are banned
|rule|Evasion Moves Clause: Evasion moves are banned
|rule|Evasion Abilities Clause: Evasion abilities are banned
|rule|Sleep Moves Clause: Sleep-inducing moves are banned
|clearpoke
|poke|p1|Gliscor, F|
|poke|p1|Cinderace, F|
|poke|p1|Samurott-Hisui, F|
|poke|p1|Gholdengo|
|poke|p1|Raging Bolt|
|poke|p1|Kingambit, F|
|poke|p2|Landorus-Therian, M|
|poke|p2|Enamorus, F|
|poke|p2|Latios, M|
|poke|p2|Cinderace, M|
|poke|p2|Gengar, F|
|poke|p2|Primarina, M|
|teampreview
|inactive|Battle timer is ON: inactive players will automatically lose when time's up. (requested by Rohit-Majum)
|
|t:|1759067464
|teamsize|p1|6
|teamsize|p2|6
|start
|switch|p1a: Samurott|Samurott-Hisui, F|100/100
|switch|p2a: Landorus|Landorus-Therian, M|100/100
|-ability|p2a: Landorus|Intimidate|boost
|-unboost|p1a: Samurott|atk|1
|turn|1
|
|t:|1759067471
|move|p1a: Samurott|Aqua Cutter|p2a: Landorus
|-supereffective|p2a: Landorus
|-damage|p2a: Landorus|27/100
|move|p2a: Landorus|U-turn|p1a: Samurott
|-supereffective|p1a: Samurott
|-damage|p1a: Samurott|1/100
|
|t:|1759067483
|switch|p2a: Primarina|Primarina, M|100/100|[from] U-turn
|
|upkeep
|turn|2
|
|t:|1759067495
|switch|p1a: Gholdengo|Gholdengo|100/100
|-item|p1a: Gholdengo|Air Balloon
|move|p2a: Primarina|Flip Turn|p1a: Gholdengo
|-damage|p1a: Gholdengo|88/100
|-enditem|p1a: Gholdengo|Air Balloon
|inactive|Perola Z has 120 seconds left.
|
|t:|1759067526
|switch|p2a: Gengar|Gengar, F|100/100|[from] Flip Turn
|
|upkeep
|turn|3
|
|t:|1759067534
|move|p2a: Gengar|Shadow Ball|p1a: Gholdengo
|-supereffective|p1a: Gholdengo
|-damage|p1a: Gholdengo|27/100
|-unboost|p1a: Gholdengo|spd|1
|move|p1a: Gholdengo|Thunder Wave|p2a: Gengar
|-status|p2a: Gengar|par
|
|upkeep
|turn|4
|
|t:|1759067542
|move|p1a: Gholdengo|Hex|p2a: Gengar
|-supereffective|p2a: Gengar
|-enditem|p2a: Gengar|Focus Sash
|-damage|p2a: Gengar|1/100 par
|cant|p2a: Gengar|par
|
|upkeep
|turn|5
|
|t:|1759067545
|move|p1a: Gholdengo|Hex|p2a: Gengar
|-supereffective|p2a: Gengar
|-damage|p2a: Gengar|0 fnt
|faint|p2a: Gengar
|
|upkeep
|
|t:|1759067555
|switch|p2a: Cinderace|Cinderace, M|100/100
|turn|6
|
|t:|1759067560
|move|p2a: Cinderace|Pyro Ball|p1a: Gholdengo
|-supereffective|p1a: Gholdengo
|-damage|p1a: Gholdengo|0 fnt
|faint|p1a: Gholdengo
|
|upkeep
|
|t:|1759067562
|switch|p1a: Samurott|Samurott-Hisui, F|1/100
|turn|7
|
|t:|1759067576
|switch|p2a: Primarina|Primarina, M|100/100
|move|p1a: Samurott|Flip Turn|p2a: Primarina
|-resisted|p2a: Primarina
|-damage|p2a: Primarina|81/100
|
|t:|1759067579
|switch|p1a: Raging Bolt|Raging Bolt|100/100|[from] Flip Turn
|
|upkeep
|turn|8
|
|t:|1759067585
|move|p2a: Primarina|Moonblast|p1a: Raging Bolt
|-supereffective|p1a: Raging Bolt
|-damage|p1a: Raging Bolt|19/100
|move|p1a: Raging Bolt|Volt Switch|p2a: Primarina
|-supereffective|p2a: Primarina
|-damage|p2a: Primarina|3/100
|
|t:|1759067592
|-end|p1a: Raging Bolt|Protosynthesis|[silent]
|switch|p1a: Samurott|Samurott-Hisui, F|1/100|[from] Volt Switch
|
|upkeep
|turn|9
|
|t:|1759067596
|move|p1a: Samurott|Flip Turn|p2a: Primarina
|-resisted|p2a: Primarina
|-damage|p2a: Primarina|0 fnt
|faint|p2a: Primarina
|
|t:|1759067604
|switch|p1a: Gliscor|Gliscor, F|100/100|[from] Flip Turn
|
|-status|p1a: Gliscor|tox|[from] item: Toxic Orb
|upkeep
|
|t:|1759067630
|switch|p2a: Latios|Latios, M|100/100
|turn|10
|
|t:|1759067635
|move|p2a: Latios|Draco Meteor|p1a: Gliscor
|-damage|p1a: Gliscor|0 fnt
|-unboost|p2a: Latios|spa|2
|faint|p1a: Gliscor
|
|upkeep
|
|t:|1759067638
|switch|p1a: Samurott|Samurott-Hisui, F|1/100
|turn|11
|
|t:|1759067652
|-terastallize|p2a: Latios|Dragon
|move|p1a: Samurott|Ceaseless Edge|p2a: Latios
|-damage|p2a: Latios|43/100
|-sidestart|p2: Perola Z|Spikes
|move|p2a: Latios|Draco Meteor|p1a: Samurott
|-damage|p1a: Samurott|0 fnt
|-unboost|p2a: Latios|spa|2
|faint|p1a: Samurott
|
|upkeep
|
|t:|1759067659
|switch|p1a: Kingambit|Kingambit, F|100/100
|-activate|p1a: Kingambit|ability: Supreme Overlord
|-start|p1a: Kingambit|fallen3|[silent]
|turn|12
|
|t:|1759067668
|switch|p2a: Cinderace|Cinderace, M|100/100
|move|p1a: Kingambit|Swords Dance|p1a: Kingambit
|-boost|p1a: Kingambit|atk|2
|
|upkeep
|turn|13
|
|t:|1759067678
|-terastallize|p1a: Kingambit|Dark
|move|p2a: Cinderace|Will-O-Wisp|p1a: Kingambit
|-status|p1a: Kingambit|brn
|move|p1a: Kingambit|Kowtow Cleave|p2a: Cinderace
|-damage|p2a: Cinderace|0 fnt
|faint|p2a: Cinderace
|
|-damage|p1a: Kingambit|94/100 brn|[from] brn
|upkeep
|
|t:|1759067689
|switch|p2a: Enamorus|Enamorus, F|100/100
|turn|14
|
|t:|1759067704
|move|p1a: Kingambit|Sucker Punch|p2a: Enamorus
|-resisted|p2a: Enamorus
|-damage|p2a: Enamorus|29/100
|move|p2a: Enamorus|Moonblast|p1a: Kingambit
|-supereffective|p1a: Kingambit
|-damage|p1a: Kingambit|0 fnt
|faint|p1a: Kingambit
|-end|p1a: Kingambit|fallen3|[silent]
|
|upkeep
|
|t:|1759067708
|switch|p1a: Cinderace|Cinderace, F|100/100
|turn|15
|
|t:|1759067725
|switch|p2a: Latios|Latios, M, tera:Dragon|43/100
|move|p1a: Cinderace|Pyro Ball|p2a: Latios
|-resisted|p2a: Latios
|-damage|p2a: Latios|1/100
|-status|p2a: Latios|brn
|
|-damage|p2a: Latios|0 fnt|[from] brn
|faint|p2a: Latios
|upkeep
|
|t:|1759067739
|switch|p2a: Enamorus|Enamorus, F|29/100
|turn|16
|
|t:|1759067745
|move|p2a: Enamorus|Healing Wish|p2a: Enamorus
|faint|p2a: Enamorus
|move|p1a: Cinderace|Pyro Ball|p2: Enamorus|[notarget]
|-fail|p1a: Cinderace
|
|upkeep
|
|t:|1759067750
|switch|p2a: Landorus|Landorus-Therian, M|27/100
|-heal|p2a: Landorus|100/100|[from] move: Healing Wish
|-ability|p2a: Landorus|Intimidate|boost
|-unboost|p1a: Cinderace|atk|1
|turn|17
|
|t:|1759067762
|switch|p1a: Raging Bolt|Raging Bolt|19/100
|move|p2a: Landorus|Earthquake|p1a: Raging Bolt
|-supereffective|p1a: Raging Bolt
|-damage|p1a: Raging Bolt|0 fnt
|faint|p1a: Raging Bolt
|-end|p1a: Raging Bolt|Protosynthesis|[silent]
|
|upkeep
|
|t:|1759067764
|switch|p1a: Cinderace|Cinderace, F|100/100
|turn|18
|
|t:|1759067766
|move|p1a: Cinderace|Pyro Ball|p2a: Landorus
|-damage|p2a: Landorus|27/100
|move|p2a: Landorus|Earthquake|p1a: Cinderace
|-supereffective|p1a: Cinderace
|-damage|p1a: Cinderace|0 fnt
|faint|p1a: Cinderace
|
|win|Perola Z
|raw|Rohit-Majum's rating: 1490 &rarr; <strong>1467</strong><br />(-23 for losing)
|raw|Perola Z's rating: 1441 &rarr; <strong>1464</strong><br />(+23 for winning)
|l|‽Rohit-Majum
|player|p1|
