|j|☆sfinch1
|j|☆Pachydon
|t:|1759013135
|gametype|singles
|player|p1|sfinch1|265|1437
|player|p2|Pachydon|2|1356
|gen|9
|tier|[Gen 9] OU
|rated|
|rule|HP Percentage Mod: HP is shown in percentages
|rule|Endless Battle Clause: Forcing endless battles is banned
|rule|Species Clause: Limit one of each Pokémon
|rule|OHKO Clause: OHKO moves are banned
|rule|Evasion Items Clause: Evasion items are banned
|rule|Evasion Moves Clause: Evasion moves are banned
|rule|Evasion Abilities Clause: Evasion abilities are banned
|rule|Sleep Moves Clause: Sleep-inducing moves are banned
|clearpoke
|poke|p1|Cinderace, F|
|poke|p1|Zamazenta-*|
|poke|p1|Ogerpon-Wellspring, F|
|poke|p1|Kyurem|
|poke|p1|Clefable, F|
|poke|p1|Tornadus-Therian, M|
|poke|p2|Gholdengo|
|poke|p2|Iron Treads|
|poke|p2|Moltres|
|poke|p2|Samurott-Hisui, F|
|poke|p2|Sinistcha|
|poke|p2|Ting-Lu|
|teampreview
|
|t:|1759013148
|teamsize|p1|6
|teamsize|p2|6
|start
|switch|p1a: Cinderace|Cinderace, F|100/100
|switch|p2a: Samurott|Samurott-Hisui, F|100/100
|turn|1
|
|t:|1759013153
|move|p2a: Samurott|Razor Shell|p1a: Cinderace
|-supereffective|p1a: Cinderace
|-damage|p1a: Cinderace|0 fnt
|faint|p1a: Cinderace
|
|upkeep
|
|t:|1759013159
|switch|p1a: Kyurem|Kyurem|100/100
|-ability|p1a: Kyurem|Pressure
|turn|2
|
|t:|1759013163
|switch|p2a: Gholdengo|Gholdengo|100/100
|move|p1a: Kyurem|Dragon Dance|p1a: Kyurem
|-boost|p1a: Kyurem|atk|1
|-boost|p1a: Kyurem|spe|1
|
|upkeep
|turn|3
|
|t:|1759013175
|-terastallize|p1a: Kyurem|Electric
|move|p1a: Kyurem|Dragon Dance|p1a: Kyurem
|-boost|p1a: Kyurem|atk|1
|-boost|p1a: Kyurem|spe|1
|move|p2a: Gholdengo|Make It Rain|p1a: Kyurem
|-resisted|p1a: Kyurem
|-damage|p1a: Kyurem|60/100
|-unboost|p2a: Gholdengo|spa|1
|
|upkeep
|turn|4
|
|t:|1759013183
|switch|p2a: Ting-Lu|Ting-Lu, shiny|100/100
|-ability|p2a: Ting-Lu|Vessel of Ruin
|move|p1a: Kyurem|Tera Blast|p2a: Ting-Lu|[anim] Tera Blast Electric
|-immune|p2a: Ting-Lu
|
|upkeep
|turn|5
|
|t:|1759013188
|-terastallize|p2a: Ting-Lu|Water
|move|p1a: Kyurem|Icicle Spear|p2a: Ting-Lu
|-resisted|p2a: Ting-Lu
|-damage|p2a: Ting-Lu|93/100
|-resisted|p2a: Ting-Lu
|-damage|p2a: Ting-Lu|85/100
|-resisted|p2a: Ting-Lu
|-damage|p2a: Ting-Lu|77/100
|-resisted|p2a: Ting-Lu
|-damage|p2a: Ting-Lu|69/100
|-resisted|p2a: Ting-Lu
|-damage|p2a: Ting-Lu|60/100
|-hitcount|p2a: Ting-Lu|5
|move|p2a: Ting-Lu|Whirlwind|p1a: Kyurem
|drag|p1a: Zamazenta|Zamazenta|100/100
|-ability|p1a: Zamazenta|Dauntless Shield|boost
|-boost|p1a: Zamazenta|def|1
|
|-heal|p2a: Ting-Lu|66/100|[from] item: Leftovers
|upkeep
|turn|6
|
|t:|1759013205
|switch|p2a: Sinistcha|Sinistcha|100/100
|move|p1a: Zamazenta|Body Press|p2a: Sinistcha
|-immune|p2a: Sinistcha
|
|upkeep
|turn|7
|
|t:|1759013219
|move|p1a: Zamazenta|Substitute|p1a: Zamazenta
|-start|p1a: Zamazenta|Substitute
|-damage|p1a: Zamazenta|76/100
|move|p2a: Sinistcha|Matcha Gotcha|p1a: Zamazenta
|-end|p1a: Zamazenta|Substitute
|
|-heal|p1a: Zamazenta|82/100|[from] item: Leftovers
|upkeep
|turn|8
|c|☆sfinch1|dt matcha gotcha
|
|t:|1759013239
|switch|p1a: Tornadus|Tornadus-Therian, M|100/100
|move|p2a: Sinistcha|Shadow Ball|p1a: Tornadus
|-damage|p1a: Tornadus|61/100
|
|upkeep
|turn|9
|
|t:|1759013246
|switch|p2a: Ting-Lu|Ting-Lu, shiny, tera:Water|66/100
|-ability|p2a: Ting-Lu|Vessel of Ruin
|move|p1a: Tornadus|Hurricane|p2a: Ting-Lu|[miss]
|-miss|p1a: Tornadus|p2a: Ting-Lu
|
|-heal|p2a: Ting-Lu|73/100|[from] item: Leftovers
|upkeep
|turn|10
|
|t:|1759013259
|move|p1a: Tornadus|Taunt|p2a: Ting-Lu
|-start|p2a: Ting-Lu|move: Taunt
|cant|p2a: Ting-Lu|move: Taunt|Stealth Rock
|
|-heal|p2a: Ting-Lu|79/100|[from] item: Leftovers
|upkeep
|turn|11
|
|t:|1759013266
|switch|p2a: Iron Treads|Iron Treads|100/100
|move|p1a: Tornadus|Hurricane|p2a: Iron Treads
|-resisted|p2a: Iron Treads
|-damage|p2a: Iron Treads|79/100
|
|upkeep
|turn|12
|
|t:|1759013271
|-end|p2a: Iron Treads|Quark Drive|[silent]
|switch|p2a: Moltres|Moltres|100/100
|move|p1a: Tornadus|Focus Blast|p2a: Moltres
|-resisted|p2a: Moltres
|-damage|p2a: Moltres|82/100
|
|upkeep
|turn|13
|
|t:|1759013275
|move|p1a: Tornadus|Hurricane|p2a: Moltres
|-damage|p2a: Moltres|29/100
|move|p2a: Moltres|Flamethrower|p1a: Tornadus
|-damage|p1a: Tornadus|12/100
|
|upkeep
|turn|14
|
|t:|1759013287
|switch|p2a: Iron Treads|Iron Treads|79/100
|move|p1a: Tornadus|Hurricane|p2a: Iron Treads
|-resisted|p2a: Iron Treads
|-damage|p2a: Iron Treads|58/100
|
|upkeep
|turn|15
|
|t:|1759013294
|move|p1a: Tornadus|Focus Blast|p2a: Iron Treads
|-supereffective|p2a: Iron Treads
|-damage|p2a: Iron Treads|0 fnt
|faint|p2a: Iron Treads
|-end|p2a: Iron Treads|Quark Drive|[silent]
|
|upkeep
|
|t:|1759013297
|switch|p2a: Samurott|Samurott-Hisui, F|100/100
|turn|16
|
|t:|1759013305
|switch|p1a: Zamazenta|Zamazenta|82/100
|move|p2a: Samurott|Ceaseless Edge|p1a: Zamazenta|[miss]
|-miss|p2a: Samurott|p1a: Zamazenta
|
|-heal|p1a: Zamazenta|88/100|[from] item: Leftovers
|upkeep
|turn|17
|
|t:|1759013314
|switch|p2a: Sinistcha|Sinistcha|100/100
|move|p1a: Zamazenta|Iron Defense|p1a: Zamazenta
|-boost|p1a: Zamazenta|def|2
|
|-heal|p1a: Zamazenta|94/100|[from] item: Leftovers
|upkeep
|turn|18
|
|t:|1759013325
|switch|p1a: Tornadus|Tornadus-Therian, M|45/100
|move|p2a: Sinistcha|Calm Mind|p2a: Sinistcha
|-boost|p2a: Sinistcha|spa|1
|-boost|p2a: Sinistcha|spd|1
|
|upkeep
|turn|19
|
|t:|1759013332
|move|p1a: Tornadus|Taunt|p2a: Sinistcha
|-start|p2a: Sinistcha|move: Taunt
|move|p2a: Sinistcha|Shadow Ball|p1a: Tornadus
|-damage|p1a: Tornadus|0 fnt
|faint|p1a: Tornadus
|
|upkeep
|
|t:|1759013336
|switch|p1a: Kyurem|Kyurem, tera:Electric|60/100
|-ability|p1a: Kyurem|Pressure
|turn|20
|
|t:|1759013342
|move|p1a: Kyurem|Icicle Spear|p2a: Sinistcha
|-supereffective|p2a: Sinistcha
|-damage|p2a: Sinistcha|81/100
|-supereffective|p2a: Sinistcha
|-damage|p2a: Sinistcha|60/100
|-supereffective|p2a: Sinistcha
|-damage|p2a: Sinistcha|41/100
|-supereffective|p2a: Sinistcha
|-damage|p2a: Sinistcha|19/100
|-hitcount|p2a: Sinistcha|4
|move|p2a: Sinistcha|Shadow Ball|p1a: Kyurem
|-damage|p1a: Kyurem|13/100
|
|upkeep
|turn|21
|
|t:|1759013360
|switch|p2a: Samurott|Samurott-Hisui, F|100/100
|move|p1a: Kyurem|Icicle Spear|p2a: Samurott
|-resisted|p2a: Samurott
|-damage|p2a: Samurott|91/100
|-resisted|p2a: Samurott
|-damage|p2a: Samurott|81/100
|-resisted|p2a: Samurott
|-damage|p2a: Samurott|71/100
|-resisted|p2a: Samurott
|-damage|p2a: Samurott|61/100
|-resisted|p2a: Samurott
|-damage|p2a: Samurott|53/100
|-hitcount|p2a: Samurott|5
|
|upkeep
|turn|22
|
|t:|1759013375
|move|p2a: Samurott|Ceaseless Edge|p1a: Kyurem
|-damage|p1a: Kyurem|0 fnt
|-sidestart|p1: sfinch1|Spikes
|faint|p1a: Kyurem
|
|upkeep
|
|t:|1759013384
|switch|p1a: Zamazenta|Zamazenta|94/100
|-damage|p1a: Zamazenta|82/100|[from] Spikes
|turn|23
|
|t:|1759013389
|switch|p2a: Moltres|Moltres|29/100
|move|p1a: Zamazenta|Iron Defense|p1a: Zamazenta
|-boost|p1a: Zamazenta|def|2
|
|-heal|p1a: Zamazenta|88/100|[from] item: Leftovers
|upkeep
|turn|24
|
|t:|1759013394
|move|p1a: Zamazenta|Body Press|p2a: Moltres
|-resisted|p2a: Moltres
|-damage|p2a: Moltres|9/100
|-status|p1a: Zamazenta|brn|[from] ability: Flame Body|[of] p2a: Moltres
|move|p2a: Moltres|Roost|p2a: Moltres
|-heal|p2a: Moltres|59/100
|-singleturn|p2a: Moltres|move: Roost
|
|-heal|p1a: Zamazenta|94/100 brn|[from] item: Leftovers
|-damage|p1a: Zamazenta|88/100 brn|[from] brn
|upkeep
|turn|25
|
|t:|1759013401
|move|p1a: Zamazenta|Iron Defense|p1a: Zamazenta
|-boost|p1a: Zamazenta|def|2
|move|p2a: Moltres|Roost|p2a: Moltres
|-heal|p2a: Moltres|100/100
|-singleturn|p2a: Moltres|move: Roost
|
|-heal|p1a: Zamazenta|94/100 brn|[from] item: Leftovers
|-damage|p1a: Zamazenta|88/100 brn|[from] brn
|upkeep
|turn|26
|
|t:|1759013410
|move|p1a: Zamazenta|Body Press|p2a: Moltres
|-resisted|p2a: Moltres
|-damage|p2a: Moltres|85/100
|move|p2a: Moltres|Flamethrower|p1a: Zamazenta
|-damage|p1a: Zamazenta|60/100 brn
|
|-heal|p1a: Zamazenta|66/100 brn|[from] item: Leftovers
|-damage|p1a: Zamazenta|60/100 brn|[from] brn
|upkeep
|turn|27
|
|t:|1759013421
|switch|p2a: Sinistcha|Sinistcha|19/100
|move|p1a: Zamazenta|Iron Defense|p1a: Zamazenta
|-boost|p1a: Zamazenta|def|2
|
|-heal|p1a: Zamazenta|66/100 brn|[from] item: Leftovers
|-damage|p1a: Zamazenta|60/100 brn|[from] brn
|upkeep
|turn|28
|
|t:|1759013424
|move|p1a: Zamazenta|Crunch|p2a: Sinistcha
|-supereffective|p2a: Sinistcha
|-damage|p2a: Sinistcha|3/100
|move|p2a: Sinistcha|Strength Sap|p1a: Zamazenta
|-unboost|p1a: Zamazenta|atk|1
|-heal|p2a: Sinistcha|84/100
|
|-heal|p1a: Zamazenta|66/100 brn|[from] item: Leftovers
|-damage|p1a: Zamazenta|60/100 brn|[from] brn
|upkeep
|turn|29
|-message|sfinch1 forfeited.
|
|win|Pachydon
|raw|sfinch1's rating: 1437 &rarr; <strong>1412</strong><br />(-25 for losing)
|raw|Pachydon's rating: 1356 &rarr; <strong>1381</strong><br />(+25 for winning)
|l|☆sfinch1
|player|p1|
