|badge|p1|bronze|gen9randombattle|100-6
|uhtml|medal-msg|<div class="broadcast-blue">Curious what those medals under the avatar are? PS now has Ladder Seasons! For more information, check out the <a href="https://www.smogon.com/forums/threads/3740067/">thread on Smogon.</a></div>
|j|☆Playing Foul
|j|☆RoaringMoonlight2
|t:|1759063104
|gametype|singles
|player|p1|Playing Foul|ethan-gen2|1704
|player|p2|RoaringMoonlight2|hiker-gen4|1755
|gen|9
|tier|[Gen 9] OU
|rated|
|rule|HP Percentage Mod: HP is shown in percentages
|rule|Endless Battle Clause: Forcing endless battles is banned
|rule|Species Clause: Limit one of each Pokémon
|rule|OHKO Clause: OHKO moves are banned
|rule|Evasion Items Clause: Evasion items are banned
|rule|Evasion Moves Clause: Evasion moves are banned
|rule|Evasion Abilities Clause: Evasion abilities are banned
|rule|Sleep Moves Clause: Sleep-inducing moves are banned
|clearpoke
|poke|p1|Zapdos|
|poke|p1|Iron Crown|
|poke|p1|Garganacl, M|
|poke|p1|Great Tusk|
|poke|p1|Samurott-Hisui, M|
|poke|p1|Dragapult, F|
|poke|p2|Glimmora, F|
|poke|p2|Iron Valiant|
|poke|p2|Raging Bolt|
|poke|p2|Ogerpon-Wellspring, F|
|poke|p2|Kingambit, M|
|poke|p2|Ceruledge, F|
|teampreview
|inactive|Battle timer is ON: inactive players will automatically lose when time's up. (requested by RoaringMoonlight2)
|j| Akashkumar(pro)
|inactive|Playing Foul also wants the timer to be on.
|
|t:|1759063124
|teamsize|p1|6
|teamsize|p2|6
|start
|switch|p1a: Zapdos|Zapdos|100/100
|switch|p2a: Masqurécage|Ogerpon-Wellspring, F|100/100
|turn|1
|
|t:|1759063131
|switch|p2a: Raille-Cou|Raging Bolt|100/100
|move|p1a: Zapdos|Volt Switch|p2a: Raille-Cou
|-resisted|p2a: Raille-Cou
|-damage|p2a: Raille-Cou|93/100
|
|t:|1759063139
|switch|p1a: Great Tusk|Great Tusk|100/100|[from] Volt Switch
|
|-heal|p2a: Raille-Cou|99/100|[from] item: Leftovers
|upkeep
|turn|2
|
|t:|1759063146
|-end|p2a: Raille-Cou|Protosynthesis|[silent]
|switch|p2a: Masqurécage|Ogerpon-Wellspring, F|100/100
|move|p1a: Great Tusk|Stealth Rock|p2a: Masqurécage
|-sidestart|p2: RoaringMoonlight2|move: Stealth Rock
|
|upkeep
|turn|3
|
|t:|1759063155
|-end|p1a: Great Tusk|Protosynthesis|[silent]
|switch|p1a: Dragapult|Dragapult, F|100/100
|move|p2a: Masqurécage|Ivy Cudgel|p1a: Dragapult|[anim] Ivy Cudgel Water
|-resisted|p1a: Dragapult
|-damage|p1a: Dragapult|58/100
|
|upkeep
|turn|4
|j| humphey8
|
|t:|1759063163
|switch|p2a: Fleur de Cuivre|Glimmora, F|100/100
|-damage|p2a: Fleur de Cuivre|88/100|[from] Stealth Rock
|move|p1a: Dragapult|Will-O-Wisp|p2a: Fleur de Cuivre|[miss]
|-miss|p1a: Dragapult|p2a: Fleur de Cuivre
|
|upkeep
|turn|5
|j| Nikator98
|
|t:|1759063171
|move|p1a: Dragapult|Hex|p2a: Fleur de Cuivre
|-damage|p2a: Fleur de Cuivre|52/100
|move|p2a: Fleur de Cuivre|Earth Power|p1a: Dragapult
|-damage|p1a: Dragapult|12/100
|
|upkeep
|turn|6
|j| cynasaurus
|
|t:|1759063179
|move|p1a: Dragapult|Dragon Darts|p2a: Fleur de Cuivre
|-damage|p2a: Fleur de Cuivre|24/100
|-activate|p2a: Fleur de Cuivre|ability: Toxic Debris
|-sidestart|p1: Playing Foul|move: Toxic Spikes
|-anim|p1a: Dragapult|Dragon Darts|p2a: Fleur de Cuivre
|-damage|p2a: Fleur de Cuivre|0 fnt
|-activate|p2a: Fleur de Cuivre|ability: Toxic Debris
|-sidestart|p1: Playing Foul|move: Toxic Spikes
|faint|p2a: Fleur de Cuivre
|
|upkeep
|
|t:|1759063185
|switch|p2a: Escrameur|Ceruledge, F|100/100
|-damage|p2a: Escrameur|76/100|[from] Stealth Rock
|turn|7
|j| Ctannn
|l| humphey8
|
|t:|1759063192
|switch|p1a: Garganacl|Garganacl, M|100/100
|move|p2a: Escrameur|Shadow Sneak|p1a: Garganacl
|-damage|p1a: Garganacl|94/100
|
|-heal|p1a: Garganacl|99/100|[from] item: Leftovers
|upkeep
|turn|8
|
|t:|1759063200
|switch|p2a: Masqurécage|Ogerpon-Wellspring, F|100/100
|-damage|p2a: Masqurécage|88/100|[from] Stealth Rock
|move|p1a: Garganacl|Salt Cure|p2a: Masqurécage
|-damage|p2a: Masqurécage|69/100
|-start|p2a: Masqurécage|Salt Cure
|
|-heal|p1a: Garganacl|100/100|[from] item: Leftovers
|-damage|p2a: Masqurécage|44/100|[from] Salt Cure
|upkeep
|turn|9
|j| humphey8
|j| blueflea.n
|
|t:|1759063208
|switch|p1a: Zapdos|Zapdos|100/100
|move|p2a: Masqurécage|Ivy Cudgel|p1a: Zapdos|[anim] Ivy Cudgel Water
|-damage|p1a: Zapdos|61/100
|
|-damage|p2a: Masqurécage|19/100|[from] Salt Cure
|upkeep
|turn|10
|
|t:|1759063215
|move|p2a: Masqurécage|Ivy Cudgel|p1a: Zapdos|[anim] Ivy Cudgel Water
|-damage|p1a: Zapdos|18/100
|move|p1a: Zapdos|Roost|p1a: Zapdos
|-heal|p1a: Zapdos|68/100
|-singleturn|p1a: Zapdos|move: Roost
|
|-damage|p2a: Masqurécage|0 fnt|[from] Salt Cure
|faint|p2a: Masqurécage
|upkeep
|
|t:|1759063221
|switch|p2a: Raille-Cou|Raging Bolt|99/100
|-damage|p2a: Raille-Cou|87/100|[from] Stealth Rock
|turn|11
|
|t:|1759063228
|move|p2a: Raille-Cou|Calm Mind|p2a: Raille-Cou
|-boost|p2a: Raille-Cou|spa|1
|-boost|p2a: Raille-Cou|spd|1
|move|p1a: Zapdos|Volt Switch|p2a: Raille-Cou
|-resisted|p2a: Raille-Cou
|-damage|p2a: Raille-Cou|83/100
|
|t:|1759063235
|switch|p1a: Great Tusk|Great Tusk|100/100|[from] Volt Switch
|-status|p1a: Great Tusk|tox
|
|-heal|p2a: Raille-Cou|89/100|[from] item: Leftovers
|-damage|p1a: Great Tusk|94/100 tox|[from] psn
|upkeep
|turn|12
|
|t:|1759063243
|-terastallize|p2a: Raille-Cou|Fairy
|move|p1a: Great Tusk|Headlong Rush|p2a: Raille-Cou
|-damage|p2a: Raille-Cou|30/100
|-unboost|p1a: Great Tusk|def|1
|-unboost|p1a: Great Tusk|spd|1
|move|p2a: Raille-Cou|Dragon Pulse|p1a: Great Tusk
|-damage|p1a: Great Tusk|0 fnt
|faint|p1a: Great Tusk
|-end|p1a: Great Tusk|Protosynthesis|[silent]
|
|-heal|p2a: Raille-Cou|36/100|[from] item: Leftovers
|upkeep
|
|t:|1759063250
|switch|p1a: Garganacl|Garganacl, M|100/100
|turn|13
|l| humphey8
|
|t:|1759063257
|move|p2a: Raille-Cou|Thunderbolt|p1a: Garganacl
|-damage|p1a: Garganacl|49/100
|move|p1a: Garganacl|Salt Cure|p2a: Raille-Cou
|-damage|p2a: Raille-Cou|24/100
|-start|p2a: Raille-Cou|Salt Cure
|
|-heal|p2a: Raille-Cou|30/100|[from] item: Leftovers
|-heal|p1a: Garganacl|55/100|[from] item: Leftovers
|-damage|p2a: Raille-Cou|17/100|[from] Salt Cure
|upkeep
|turn|14
|
|t:|1759063261
|move|p2a: Raille-Cou|Thunderbolt|p1a: Garganacl
|-damage|p1a: Garganacl|5/100
|move|p1a: Garganacl|Recover|p1a: Garganacl
|-heal|p1a: Garganacl|55/100
|
|-heal|p2a: Raille-Cou|24/100|[from] item: Leftovers
|-heal|p1a: Garganacl|62/100|[from] item: Leftovers
|-damage|p2a: Raille-Cou|11/100|[from] Salt Cure
|upkeep
|turn|15
|
|t:|1759063265
|move|p2a: Raille-Cou|Thunderbolt|p1a: Garganacl
|-crit|p1a: Garganacl
|-damage|p1a: Garganacl|0 fnt
|faint|p1a: Garganacl
|
|-heal|p2a: Raille-Cou|17/100|[from] item: Leftovers
|-damage|p2a: Raille-Cou|5/100|[from] Salt Cure
|upkeep
|
|t:|1759063269
|switch|p1a: Dragapult|Dragapult, F|12/100
|turn|16
|
|t:|1759063273
|move|p1a: Dragapult|Hex|p2a: Raille-Cou
|-damage|p2a: Raille-Cou|0 fnt
|faint|p2a: Raille-Cou
|-end|p2a: Raille-Cou|Protosynthesis|[silent]
|
|upkeep
|
|t:|1759063280
|switch|p2a: Escrameur|Ceruledge, F|76/100
|-damage|p2a: Escrameur|51/100|[from] Stealth Rock
|turn|17
|
|t:|1759063288
|switch|p1a: Zapdos|Zapdos|68/100
|move|p2a: Escrameur|Shadow Sneak|p1a: Zapdos
|-damage|p1a: Zapdos|54/100
|-status|p2a: Escrameur|par|[from] ability: Static|[of] p1a: Zapdos
|
|upkeep
|turn|18
|
|t:|1759063296
|move|p1a: Zapdos|Roost|p1a: Zapdos
|-heal|p1a: Zapdos|100/100
|-singleturn|p1a: Zapdos|move: Roost
|move|p2a: Escrameur|Bitter Blade|p1a: Zapdos
|-damage|p1a: Zapdos|66/100
|-heal|p2a: Escrameur|74/100 par|[from] drain|[of] p1a: Zapdos
|
|upkeep
|turn|19
|
|t:|1759063310
|move|p1a: Zapdos|Volt Switch|p2a: Escrameur
|-damage|p2a: Escrameur|42/100 par
|
|t:|1759063318
|switch|p1a: Dragapult|Dragapult, F|12/100|[from] Volt Switch
|move|p2a: Escrameur|Bitter Blade|p1a: Dragapult
|-resisted|p1a: Dragapult
|-damage|p1a: Dragapult|0 fnt
|-heal|p2a: Escrameur|49/100 par|[from] drain|[of] p1a: Dragapult
|faint|p1a: Dragapult
|
|upkeep
|
|t:|1759063326
|switch|p1a: Iron Crown|Iron Crown|100/100
|turn|20
|
|t:|1759063333
|move|p1a: Iron Crown|Volt Switch|p2a: Escrameur
|-damage|p2a: Escrameur|9/100 par
|
|t:|1759063341
|-end|p1a: Iron Crown|Quark Drive|[silent]
|switch|p1a: Zapdos|Zapdos|66/100|[from] Volt Switch
|move|p2a: Escrameur|Bitter Blade|p1a: Zapdos
|-damage|p1a: Zapdos|30/100
|-heal|p2a: Escrameur|32/100 par|[from] drain|[of] p1a: Zapdos
|
|upkeep
|turn|21
|l| Ctannn
|
|t:|1759063349
|move|p1a: Zapdos|Roost|p1a: Zapdos
|-heal|p1a: Zapdos|80/100
|-singleturn|p1a: Zapdos|move: Roost
|move|p2a: Escrameur|Bitter Blade|p1a: Zapdos
|-damage|p1a: Zapdos|47/100
|-heal|p2a: Escrameur|54/100 par|[from] drain|[of] p1a: Zapdos
|
|upkeep
|turn|22
|
|t:|1759063357
|move|p1a: Zapdos|Hurricane|p2a: Escrameur
|-damage|p2a: Escrameur|0 fnt
|faint|p2a: Escrameur
|
|upkeep
|l| blueflea.n
|
|t:|1759063360
|switch|p2a: Terminator|Iron Valiant|100/100
|-damage|p2a: Terminator|94/100|[from] Stealth Rock
|-enditem|p2a: Terminator|Booster Energy
|-activate|p2a: Terminator|ability: Quark Drive|[fromitem]
|-start|p2a: Terminator|quarkdrivespe
|turn|23
|
|t:|1759063368
|switch|p1a: Iron Crown|Iron Crown|100/100
|move|p2a: Terminator|Moonblast|p1a: Iron Crown
|-resisted|p1a: Iron Crown
|-damage|p1a: Iron Crown|78/100
|
|upkeep
|turn|24
|l| cynasaurus
|
|t:|1759063375
|move|p2a: Terminator|Focus Blast|p1a: Iron Crown|[miss]
|-miss|p2a: Terminator|p1a: Iron Crown
|move|p1a: Iron Crown|Tachyon Cutter|p2a: Terminator
|-supereffective|p2a: Terminator
|-damage|p2a: Terminator|0 fnt
|faint|p2a: Terminator
|-end|p2a: Terminator|Quark Drive|[silent]
|-hitcount|p2: Terminator|1
|
|upkeep
|
|t:|1759063377
|switch|p2a: Général 50/50|Kingambit, M|100/100
|-damage|p2a: Général 50/50|94/100|[from] Stealth Rock
|-activate|p2a: Général 50/50|ability: Supreme Overlord
|-start|p2a: Général 50/50|fallen5|[silent]
|turn|25
|
|t:|1759063383
|-terastallize|p1a: Iron Crown|Steel
|move|p1a: Iron Crown|Tachyon Cutter|p2a: Général 50/50
|-resisted|p2a: Général 50/50
|-damage|p2a: Général 50/50|65/100
|-resisted|p2a: Général 50/50
|-damage|p2a: Général 50/50|37/100
|-hitcount|p2a: Général 50/50|2
|move|p2a: Général 50/50|Kowtow Cleave|p1a: Iron Crown
|-damage|p1a: Iron Crown|0 fnt
|faint|p1a: Iron Crown
|-end|p1a: Iron Crown|Quark Drive|[silent]
|
|upkeep
|
|t:|1759063390
|switch|p1a: Samurott|Samurott-Hisui, M|100/100
|-status|p1a: Samurott|tox
|turn|26
|
|t:|1759063395
|move|p1a: Samurott|Razor Shell|p2a: Général 50/50
|-damage|p2a: Général 50/50|0 fnt
|faint|p2a: Général 50/50
|-end|p2a: Général 50/50|fallen5|[silent]
|
|win|Playing Foul
|raw|Playing Foul's rating: 1704 &rarr; <strong>1727</strong><br />(+23 for winning)
|raw|RoaringMoonlight2's rating: 1755 &rarr; <strong>1732</strong><br />(-23 for losing)
|l|☆Playing Foul
|player|p1|
|l|☆RoaringMoonlight2
|player|p2|
|j| blueflea.n
|l| blueflea.n
