|j|☆TesterAnonymatum
|j|☆thenameofafish
|t:|1759008665
|gametype|singles
|player|p1|TesterAnonymatum|102|1393
|player|p2|thenameofafish|policeman-gen4|1318
|gen|9
|tier|[Gen 9] OU
|rated|
|rule|HP Percentage Mod: HP is shown in percentages
|rule|Endless Battle Clause: Forcing endless battles is banned
|rule|Species Clause: Limit one of each Pokémon
|rule|OHKO Clause: OHKO moves are banned
|rule|Evasion Items Clause: Evasion items are banned
|rule|Evasion Moves Clause: Evasion moves are banned
|rule|Evasion Abilities Clause: Evasion abilities are banned
|rule|Sleep Moves Clause: Sleep-inducing moves are banned
|clearpoke
|poke|p1|Ursaluna, M|
|poke|p1|Rabsca, M|
|poke|p1|Slowking-Galar, M|
|poke|p1|Kingambit, M|
|poke|p1|Glastrier|
|poke|p1|Iron Hands|
|poke|p2|Hatterene, F|
|poke|p2|Torkoal, M|
|poke|p2|Iron Hands|
|poke|p2|Ursaluna, M|
|poke|p2|Deoxys-Defense|
|poke|p2|Corviknight, M|
|teampreview
|inactive|Battle timer is ON: inactive players will automatically lose when time's up. (requested by TesterAnonymatum)
|
|t:|1759008677
|teamsize|p1|6
|teamsize|p2|6
|start
|switch|p1a: Kingambit|Kingambit, M|100/100
|switch|p2a: Deoxys|Deoxys-Defense|100/100
|-ability|p2a: Deoxys|Pressure
|turn|1
|
|t:|1759008681
|switch|p2a: Corviknight|Corviknight, M|100/100
|-ability|p2a: Corviknight|Pressure
|move|p1a: Kingambit|Kowtow Cleave|p2a: Corviknight
|-damage|p2a: Corviknight|64/100
|-damage|p1a: Kingambit|84/100|[from] item: Rocky Helmet|[of] p2a: Corviknight
|
|upkeep
|turn|2
|
|t:|1759008685
|-end|p1a: Kingambit|fallenundefined|[silent]
|switch|p1a: Rabsca|Rabsca, M|100/100
|move|p2a: Corviknight|Roost|p2a: Corviknight
|-heal|p2a: Corviknight|100/100
|-singleturn|p2a: Corviknight|move: Roost
|
|upkeep
|turn|3
|
|t:|1759008690
|move|p2a: Corviknight|Brave Bird|p1a: Rabsca
|-supereffective|p1a: Rabsca
|-damage|p1a: Rabsca|32/100
|-damage|p2a: Corviknight|80/100|[from] Recoil
|move|p1a: Rabsca|Reflect|p1a: Rabsca
|-sidestart|p1: TesterAnonymatum|Reflect
|
|upkeep
|turn|4
|
|t:|1759008698
|switch|p1a: Iron Hands|Iron Hands, shiny|100/100
|-enditem|p1a: Iron Hands|Booster Energy
|-activate|p1a: Iron Hands|ability: Quark Drive|[fromitem]
|-start|p1a: Iron Hands|quarkdriveatk
|move|p2a: Corviknight|Defog|p1a: Iron Hands
|-unboost|p1a: Iron Hands|evasion|1
|-sideend|p1: TesterAnonymatum|Reflect
|
|upkeep
|turn|5
|
|t:|1759008708
|switch|p2a: Hatterene|Hatterene, F|100/100
|move|p1a: Iron Hands|Swords Dance|p1a: Iron Hands
|-boost|p1a: Iron Hands|atk|2
|
|upkeep
|turn|6
|
|t:|1759008721
|move|p1a: Iron Hands|Thunder Punch|p2a: Hatterene
|-damage|p2a: Hatterene|0 fnt
|faint|p2a: Hatterene
|
|upkeep
|
|t:|1759008726
|switch|p2a: nuclear bear|Ursaluna, M|100/100
|turn|7
|
|t:|1759008730
|-terastallize|p1a: Iron Hands|Flying
|move|p2a: nuclear bear|Headlong Rush|p1a: Iron Hands
|-immune|p1a: Iron Hands
|move|p1a: Iron Hands|Drain Punch|p2a: nuclear bear
|-supereffective|p2a: nuclear bear
|-crit|p2a: nuclear bear
|-damage|p2a: nuclear bear|0 fnt
|faint|p2a: nuclear bear
|
|upkeep
|
|t:|1759008734
|switch|p2a: Deoxys|Deoxys-Defense|100/100
|-ability|p2a: Deoxys|Pressure
|turn|8
|
|t:|1759008737
|move|p1a: Iron Hands|Thunder Punch|p2a: Deoxys
|-damage|p2a: Deoxys|7/100
|move|p2a: Deoxys|Trick Room|p2a: Deoxys
|-fieldstart|move: Trick Room|[of] p2a: Deoxys
|
|-heal|p2a: Deoxys|14/100|[from] item: Leftovers
|upkeep
|turn|9
|
|t:|1759008743
|move|p1a: Iron Hands|Thunder Punch|p2a: Deoxys
|-damage|p2a: Deoxys|0 fnt
|faint|p2a: Deoxys
|
|upkeep
|
|t:|1759008745
|switch|p2a: no rocks|Torkoal, M|100/100
|-weather|SunnyDay|[from] ability: Drought|[of] p2a: no rocks
|turn|10
|
|t:|1759008748
|-terastallize|p2a: no rocks|Fire
|move|p2a: no rocks|Eruption|p1a: Iron Hands
|-damage|p1a: Iron Hands|0 fnt
|faint|p1a: Iron Hands
|-end|p1a: Iron Hands|Quark Drive|[silent]
|
|-weather|SunnyDay|[upkeep]
|upkeep
|
|t:|1759008757
|switch|p1a: Slowking|Slowking-Galar, M, shiny|100/100
|turn|11
|
|t:|1759008766
|move|p2a: no rocks|Eruption|p1a: Slowking
|-damage|p1a: Slowking|0 fnt
|faint|p1a: Slowking
|
|-weather|SunnyDay|[upkeep]
|upkeep
|
|t:|1759008776
|switch|p1a: Rabsca|Rabsca, M|32/100
|turn|12
|
|t:|1759008779
|move|p2a: no rocks|Eruption|p1a: Rabsca
|-supereffective|p1a: Rabsca
|-damage|p1a: Rabsca|0 fnt
|faint|p1a: Rabsca
|
|-weather|SunnyDay|[upkeep]
|-fieldend|move: Trick Room
|upkeep
|
|t:|1759008784
|switch|p1a: Ursaluna|Ursaluna, M|100/100
|turn|13
|c|☆thenameofafish|nuclear turtle
|
|t:|1759008793
|switch|p2a: Corviknight|Corviknight, M|80/100
|-ability|p2a: Corviknight|Pressure
|move|p1a: Ursaluna|Swords Dance|p1a: Ursaluna
|-boost|p1a: Ursaluna|atk|2
|
|-weather|SunnyDay|[upkeep]
|-status|p1a: Ursaluna|brn|[from] item: Flame Orb
|upkeep
|turn|14
|
|t:|1759008802
|move|p2a: Corviknight|Brave Bird|p1a: Ursaluna
|-damage|p1a: Ursaluna|74/100 brn
|-damage|p2a: Corviknight|70/100|[from] Recoil
|move|p1a: Ursaluna|Thunder Punch|p2a: Corviknight
|-supereffective|p2a: Corviknight
|-damage|p2a: Corviknight|0 fnt
|-damage|p1a: Ursaluna|58/100 brn|[from] item: Rocky Helmet|[of] p2a: Corviknight
|faint|p2a: Corviknight
|
|-weather|none
|-damage|p1a: Ursaluna|52/100 brn|[from] brn
|upkeep
|
|t:|1759008805
|switch|p2a: Iron Hands|Iron Hands|100/100
|turn|15
|
|t:|1759008811
|move|p2a: Iron Hands|Drain Punch|p1a: Ursaluna
|-supereffective|p1a: Ursaluna
|-damage|p1a: Ursaluna|0 fnt
|faint|p1a: Ursaluna
|-damage|p2a: Iron Hands|91/100|[from] item: Life Orb
|
|upkeep
|
|t:|1759008815
|switch|p1a: Glastrier|Glastrier|100/100
|turn|16
|
|t:|1759008818
|move|p2a: Iron Hands|Drain Punch|p1a: Glastrier
|-supereffective|p1a: Glastrier
|-damage|p1a: Glastrier|26/100
|-heal|p2a: Iron Hands|100/100|[from] drain|[of] p1a: Glastrier
|-damage|p2a: Iron Hands|91/100|[from] item: Life Orb
|move|p1a: Glastrier|Icicle Crash|p2a: Iron Hands
|-damage|p2a: Iron Hands|57/100
|
|upkeep
|turn|17
|-message|TesterAnonymatum forfeited.
|
|win|thenameofafish
|raw|TesterAnonymatum's rating: 1393 &rarr; <strong>1369</strong><br />(-24 for losing)
|raw|thenameofafish's rating: 1318 &rarr; <strong>1342</strong><br />(+24 for winning)
|l|☆TesterAnonymatum
|player|p1|
|l|☆thenameofafish
|player|p2|
