|j|☆Shibuya Arc
|j|☆RyvalMD
|t:|1758952463
|gametype|singles
|player|p1|Shibuya Arc|265|1508
|player|p2|RyvalMD|1|1502
|gen|9
|tier|[Gen 9] OU
|rated|
|rule|HP Percentage Mod: HP is shown in percentages
|rule|Endless Battle Clause: Forcing endless battles is banned
|rule|Species Clause: Limit one of each Pokémon
|rule|OHKO Clause: OHKO moves are banned
|rule|Evasion Items Clause: Evasion items are banned
|rule|Evasion Moves Clause: Evasion moves are banned
|rule|Evasion Abilities Clause: Evasion abilities are banned
|rule|Sleep Moves Clause: Sleep-inducing moves are banned
|clearpoke
|poke|p1|Dragapult, F|
|poke|p1|Dragonite, F|
|poke|p1|Ting-Lu|
|poke|p1|Weezing-Galar, F|
|poke|p1|Iron Crown|
|poke|p1|Zapdos|
|poke|p2|Garganacl, F|
|poke|p2|Iron Treads|
|poke|p2|Dragonite, F|
|poke|p2|Ogerpon-Wellspring, F|
|poke|p2|Zamazenta-*|
|poke|p2|Gholdengo|
|teampreview
|
|t:|1758952473
|teamsize|p1|6
|teamsize|p2|6
|start
|switch|p1a: Dragapult|Dragapult, F|100/100
|switch|p2a: Garganacl|Garganacl, F|100/100
|turn|1
|inactive|Battle timer is ON: inactive players will automatically lose when time's up. (requested by RyvalMD)
|inactive|Shibuya Arc also wants the timer to be on.
|
|t:|1758952479
|move|p1a: Dragapult|U-turn|p2a: Garganacl
|-damage|p2a: Garganacl|88/100
|
|t:|1758952490
|switch|p1a: Ting-Lu|Ting-Lu|100/100|[from] U-turn
|-ability|p1a: Ting-Lu|Vessel of Ruin
|move|p2a: Garganacl|Stealth Rock|p1a: Ting-Lu
|-sidestart|p1: Shibuya Arc|move: Stealth Rock
|
|-heal|p2a: Garganacl|94/100|[from] item: Leftovers
|upkeep
|turn|2
|
|t:|1758952497
|switch|p2a: Ogerpon|Ogerpon-Wellspring, F|100/100
|move|p1a: Ting-Lu|Ruination|p2a: Ogerpon
|-damage|p2a: Ogerpon|51/100
|
|upkeep
|turn|3
|
|t:|1758952504
|switch|p1a: Dragonite|Dragonite, F|100/100
|move|p2a: Ogerpon|Swords Dance|p2a: Ogerpon
|-boost|p2a: Ogerpon|atk|2
|
|upkeep
|turn|4
|
|t:|1758952510
|-terastallize|p1a: Dragonite|Normal
|move|p1a: Dragonite|Extreme Speed|p2a: Ogerpon
|-damage|p2a: Ogerpon|0 fnt
|faint|p2a: Ogerpon
|
|upkeep
|
|t:|1758952523
|switch|p2a: Garganacl|Garganacl, F|94/100
|turn|5
|
|t:|1758952530
|move|p1a: Dragonite|Earthquake|p2a: Garganacl
|-supereffective|p2a: Garganacl
|-damage|p2a: Garganacl|46/100
|move|p2a: Garganacl|Salt Cure|p1a: Dragonite
|-damage|p1a: Dragonite|93/100
|-start|p1a: Dragonite|Salt Cure
|
|-heal|p2a: Garganacl|52/100|[from] item: Leftovers
|-damage|p1a: Dragonite|81/100|[from] Salt Cure
|upkeep
|turn|6
|
|t:|1758952548
|switch|p1a: Ting-Lu|Ting-Lu|100/100
|-damage|p1a: Ting-Lu|94/100|[from] Stealth Rock
|-ability|p1a: Ting-Lu|Vessel of Ruin
|move|p2a: Garganacl|Recover|p2a: Garganacl
|-heal|p2a: Garganacl|100/100
|
|-heal|p1a: Ting-Lu|100/100|[from] item: Leftovers
|upkeep
|turn|7
|
|t:|1758952554
|move|p1a: Ting-Lu|Stealth Rock|p2a: Garganacl
|-sidestart|p2: RyvalMD|move: Stealth Rock
|move|p2a: Garganacl|Salt Cure|p1a: Ting-Lu
|-resisted|p1a: Ting-Lu
|-damage|p1a: Ting-Lu|97/100
|-start|p1a: Ting-Lu|Salt Cure
|
|-heal|p1a: Ting-Lu|100/100|[from] item: Leftovers
|-damage|p1a: Ting-Lu|88/100|[from] Salt Cure
|upkeep
|turn|8
|l|☆RyvalMD
|inactive|RyvalMD disconnected and has a minute to reconnect!
|player|p2|
|
|t:|1758952564
|switch|p2a: Zamazenta|Zamazenta|100/100
|-damage|p2a: Zamazenta|94/100|[from] Stealth Rock
|-ability|p2a: Zamazenta|Dauntless Shield|boost
|-boost|p2a: Zamazenta|def|1
|move|p1a: Ting-Lu|Ruination|p2a: Zamazenta
|-damage|p2a: Zamazenta|48/100
|
|-heal|p1a: Ting-Lu|94/100|[from] item: Leftovers
|-damage|p1a: Ting-Lu|82/100|[from] Salt Cure
|upkeep
|turn|9
|j|☆RyvalMD
|inactive|RyvalMD reconnected and has 145 seconds left.
|player|p2|RyvalMD|1|
|
|t:|1758952573
|switch|p1a: Weezing|Weezing-Galar, F|100/100
|-ability|p1a: Weezing|Neutralizing Gas
|move|p2a: Zamazenta|Ice Fang|p1a: Weezing|[miss]
|-miss|p2a: Zamazenta|p1a: Weezing
|
|upkeep
|turn|10
|
|t:|1758952580
|move|p2a: Zamazenta|Heavy Slam|p1a: Weezing
|-supereffective|p1a: Weezing
|-damage|p1a: Weezing|32/100
|move|p1a: Weezing|Toxic Spikes|p2a: Zamazenta
|-sidestart|p2: RyvalMD|move: Toxic Spikes
|
|upkeep
|turn|11
|
|t:|1758952600
|-end|p1a: Weezing|ability: Neutralizing Gas
|switch|p1a: Zapdos|Zapdos|100/100
|move|p2a: Zamazenta|Heavy Slam|p1a: Zapdos
|-resisted|p1a: Zapdos
|-damage|p1a: Zapdos|85/100
|-status|p2a: Zamazenta|par|[from] ability: Static|[of] p1a: Zapdos
|
|upkeep
|turn|12
|l|☆RyvalMD
|inactive|RyvalMD disconnected and has a minute to reconnect!
|player|p2|
|inactive|RyvalMD has 30 seconds to reconnect!
|inactive|RyvalMD has 20 seconds to reconnect!
|inactive|RyvalMD has 15 seconds to reconnect!
|inactive|RyvalMD has 10 seconds to reconnect!
|inactive|RyvalMD has 5 seconds to reconnect!
|-message|RyvalMD lost due to inactivity.
|
|win|Shibuya Arc
|raw|Shibuya Arc's rating: 1508 &rarr; <strong>1528</strong><br />(+20 for winning)
|raw|RyvalMD's rating: 1502 &rarr; <strong>1482</strong><br />(-20 for losing)
