|badge|p2|bronze|gen9ou|100-6
|html|<div class="broadcast-red"><strong>This battle is required to be public due to one or more player having a season medal.</strong><br />During the public phase, you can discuss the state of the ladder <a href="/seasondiscussion">in a special chatroom.</a></div>
|uhtml|medal-msg|<div class="broadcast-blue">Curious what those medals under the avatar are? PS now has Ladder Seasons! For more information, check out the <a href="https://www.smogon.com/forums/threads/3740067/">thread on Smogon.</a></div>
|raw|<div class="broadcast-blue"><strong>This battle is required to be public due to a player having a name starting with 'medal'.</div>
|j|☆5000Pigeons
|j|‽JackRG1
|t:|1759011982
|gametype|singles
|player|p1|5000Pigeons|pokemonrangerf-gen4|1734
|player|p2|JackRG1|dawn-gen4pt|1889
|gen|9
|tier|[Gen 9] OU
|rated|
|rule|HP Percentage Mod: HP is shown in percentages
|rule|Endless Battle Clause: Forcing endless battles is banned
|rule|Species Clause: Limit one of each Pokémon
|rule|OHKO Clause: OHKO moves are banned
|rule|Evasion Items Clause: Evasion items are banned
|rule|Evasion Moves Clause: Evasion moves are banned
|rule|Evasion Abilities Clause: Evasion abilities are banned
|rule|Sleep Moves Clause: Sleep-inducing moves are banned
|clearpoke
|poke|p1|Keldeo-Resolute|
|poke|p1|Dragapult, F|
|poke|p1|Slowking-Galar, M|
|poke|p1|Kingambit, M|
|poke|p1|Zapdos|
|poke|p1|Great Tusk|
|poke|p2|Weezing-Galar, F|
|poke|p2|Ting-Lu|
|poke|p2|Corviknight, F|
|poke|p2|Skeledirge, F|
|poke|p2|Dragapult, M|
|poke|p2|Ogerpon-Wellspring, F|
|teampreview
|inactive|Battle timer is ON: inactive players will automatically lose when time's up. (requested by JackRG1)
|inactive|5000Pigeons also wants the timer to be on.
|j| Xcbbtsxcve
|j| why and z
|inactive|5000Pigeons has 120 seconds left.
|
|t:|1759012015
|teamsize|p1|6
|teamsize|p2|6
|start
|switch|p1a: Zapdos|Zapdos|100/100
|switch|p2a: Ting-Lu|Ting-Lu, shiny|100/100
|-ability|p2a: Ting-Lu|Vessel of Ruin
|turn|1
|
|t:|1759012020
|move|p1a: Zapdos|U-turn|p2a: Ting-Lu
|-supereffective|p2a: Ting-Lu
|-damage|p2a: Ting-Lu|85/100
|
|t:|1759012021
|switch|p1a: Great Tusk|Great Tusk|100/100|[from] U-turn
|-enditem|p1a: Great Tusk|Booster Energy
|-activate|p1a: Great Tusk|ability: Protosynthesis|[fromitem]
|-start|p1a: Great Tusk|protosynthesisatk
|move|p2a: Ting-Lu|Stealth Rock|p1a: Great Tusk
|-sidestart|p1: 5000Pigeons|move: Stealth Rock
|
|-heal|p2a: Ting-Lu|92/100|[from] item: Leftovers
|upkeep
|turn|2
|
|t:|1759012030
|switch|p2a: Weezing|Weezing-Galar, F|100/100
|-ability|p2a: Weezing|Neutralizing Gas
|move|p1a: Great Tusk|Ice Spinner|p2a: Weezing
|-damage|p2a: Weezing|82/100
|
|upkeep
|turn|3
|
|t:|1759012036
|-end|p1a: Great Tusk|Protosynthesis|[silent]
|switch|p1a: Slowking|Slowking-Galar, M|100/100
|-damage|p1a: Slowking|88/100|[from] Stealth Rock
|-end|p2a: Weezing|ability: Neutralizing Gas
|switch|p2a: Ogerpon|Ogerpon-Wellspring, F|100/100
|
|-heal|p1a: Slowking|94/100|[from] item: Black Sludge
|upkeep
|turn|4
|
|t:|1759012040
|move|p2a: Ogerpon|Knock Off|p1a: Slowking
|-supereffective|p1a: Slowking
|-damage|p1a: Slowking|22/100
|-enditem|p1a: Slowking|Black Sludge|[from] move: Knock Off|[of] p2a: Ogerpon
|move|p1a: Slowking|Sludge Bomb|p2a: Ogerpon
|-supereffective|p2a: Ogerpon
|-damage|p2a: Ogerpon|33/100
|-status|p2a: Ogerpon|psn
|
|-damage|p2a: Ogerpon|21/100 psn|[from] psn
|upkeep
|turn|5
|
|t:|1759012046
|switch|p1a: Zapdos|Zapdos|100/100
|move|p2a: Ogerpon|Spikes|p1a: Zapdos
|-sidestart|p1: 5000Pigeons|Spikes
|
|-damage|p2a: Ogerpon|8/100 psn|[from] psn
|upkeep
|turn|6
|
|t:|1759012050
|switch|p2a: Ting-Lu|Ting-Lu, shiny|92/100
|-ability|p2a: Ting-Lu|Vessel of Ruin
|move|p1a: Zapdos|Roost||[still]
|-fail|p1a: Zapdos|heal
|
|-heal|p2a: Ting-Lu|98/100|[from] item: Leftovers
|upkeep
|turn|7
|
|t:|1759012059
|move|p1a: Zapdos|U-turn|p2a: Ting-Lu
|-supereffective|p2a: Ting-Lu
|-damage|p2a: Ting-Lu|84/100
|
|t:|1759012061
|switch|p1a: Great Tusk|Great Tusk|100/100|[from] U-turn
|-damage|p1a: Great Tusk|98/100|[from] Stealth Rock
|-damage|p1a: Great Tusk|85/100|[from] Spikes
|move|p2a: Ting-Lu|Earthquake|p1a: Great Tusk
|-damage|p1a: Great Tusk|59/100
|
|-heal|p2a: Ting-Lu|90/100|[from] item: Leftovers
|upkeep
|turn|8
|
|t:|1759012064
|switch|p2a: Dragapult|Dragapult, M|100/100
|move|p1a: Great Tusk|Ice Spinner|p2a: Dragapult
|-supereffective|p2a: Dragapult
|-damage|p2a: Dragapult|26/100
|
|upkeep
|turn|9
|
|t:|1759012075
|-end|p1a: Great Tusk|Protosynthesis|[silent]
|switch|p1a: Kingambit|Kingambit, M|100/100
|-damage|p1a: Kingambit|94/100|[from] Stealth Rock
|-damage|p1a: Kingambit|82/100|[from] Spikes
|move|p2a: Dragapult|Shadow Ball|p1a: Kingambit
|-resisted|p1a: Kingambit
|-damage|p1a: Kingambit|56/100
|
|-heal|p1a: Kingambit|62/100|[from] item: Leftovers
|upkeep
|turn|10
|j| Ctannn
|j| amefurikoneko
|j| larp legion
|l| larp legion
|
|t:|1759012102
|switch|p2a: Corviknight|Corviknight, F|100/100
|-ability|p2a: Corviknight|Pressure
|-end|p1a: Kingambit|fallenundefined|[silent]
|switch|p1a: Great Tusk|Great Tusk|59/100
|-damage|p1a: Great Tusk|56/100|[from] Stealth Rock
|-damage|p1a: Great Tusk|44/100|[from] Spikes
|
|upkeep
|turn|11
|
|t:|1759012110
|switch|p2a: Skeledirge|Skeledirge, F|100/100
|move|p1a: Great Tusk|Rapid Spin|p2a: Skeledirge
|-immune|p2a: Skeledirge
|
|upkeep
|turn|12
|
|t:|1759012133
|move|p1a: Great Tusk|Headlong Rush|p2a: Skeledirge
|-supereffective|p2a: Skeledirge
|-crit|p2a: Skeledirge
|-damage|p2a: Skeledirge|0 fnt
|-unboost|p1a: Great Tusk|def|1
|-unboost|p1a: Great Tusk|spd|1
|faint|p2a: Skeledirge
|
|upkeep
|
|t:|1759012136
|switch|p2a: Dragapult|Dragapult, M|26/100
|turn|13
|
|t:|1759012148
|-end|p1a: Great Tusk|Protosynthesis|[silent]
|switch|p1a: Kingambit|Kingambit, M|62/100
|-damage|p1a: Kingambit|56/100|[from] Stealth Rock
|-damage|p1a: Kingambit|43/100|[from] Spikes
|move|p2a: Dragapult|Shadow Ball|p1a: Kingambit
|-resisted|p1a: Kingambit
|-damage|p1a: Kingambit|18/100
|
|-heal|p1a: Kingambit|24/100|[from] item: Leftovers
|upkeep
|turn|14
|j| hacksareus10
|
|t:|1759012160
|switch|p2a: Ogerpon|Ogerpon-Wellspring, F|8/100 psn
|move|p1a: Kingambit|Sucker Punch||[still]
|-fail|p1a: Kingambit
|
|-heal|p1a: Kingambit|30/100|[from] item: Leftovers
|-damage|p2a: Ogerpon|0 fnt|[from] psn
|faint|p2a: Ogerpon
|upkeep
|
|t:|1759012165
|switch|p2a: Corviknight|Corviknight, F|100/100
|-ability|p2a: Corviknight|Pressure
|turn|15
|l| hacksareus10
|
|t:|1759012172
|move|p2a: Corviknight|U-turn|p1a: Kingambit
|-damage|p1a: Kingambit|19/100
|j| Lamp0821
|
|t:|1759012174
|switch|p2a: Weezing|Weezing-Galar, F|82/100|[from] U-turn
|-ability|p2a: Weezing|Neutralizing Gas
|move|p1a: Kingambit|Swords Dance|p1a: Kingambit
|-boost|p1a: Kingambit|atk|2
|
|-heal|p1a: Kingambit|25/100|[from] item: Leftovers
|upkeep
|turn|16
|
|t:|1759012183
|-end|p2a: Weezing|ability: Neutralizing Gas
|switch|p2a: Corviknight|Corviknight, F|100/100
|-ability|p2a: Corviknight|Pressure
|move|p1a: Kingambit|Kowtow Cleave|p2a: Corviknight
|-damage|p2a: Corviknight|30/100
|-damage|p1a: Kingambit|9/100|[from] item: Rocky Helmet|[of] p2a: Corviknight
|
|-heal|p1a: Kingambit|15/100|[from] item: Leftovers
|upkeep
|turn|17
|
|t:|1759012188
|move|p2a: Corviknight|Roost|p2a: Corviknight
|-heal|p2a: Corviknight|80/100
|-singleturn|p2a: Corviknight|move: Roost
|move|p1a: Kingambit|Kowtow Cleave|p2a: Corviknight
|-damage|p2a: Corviknight|13/100
|-damage|p1a: Kingambit|0 fnt|[from] item: Rocky Helmet|[of] p2a: Corviknight
|faint|p1a: Kingambit
|-end|p1a: Kingambit|fallenundefined|[silent]
|
|upkeep
|
|t:|1759012191
|switch|p1a: Great Tusk|Great Tusk|44/100
|-damage|p1a: Great Tusk|41/100|[from] Stealth Rock
|-damage|p1a: Great Tusk|29/100|[from] Spikes
|turn|18
|j| chachechi
|j| Nikator98
|
|t:|1759012196
|move|p1a: Great Tusk|Rapid Spin|p2a: Corviknight
|-resisted|p2a: Corviknight
|-damage|p2a: Corviknight|8/100
|-boost|p1a: Great Tusk|spe|1
|-damage|p1a: Great Tusk|12/100|[from] item: Rocky Helmet|[of] p2a: Corviknight
|-sideend|p1: 5000Pigeons|Spikes|[from] move: Rapid Spin|[of] p1a: Great Tusk
|-sideend|p1: 5000Pigeons|Stealth Rock|[from] move: Rapid Spin|[of] p1a: Great Tusk
|move|p2a: Corviknight|Roost|p2a: Corviknight
|-heal|p2a: Corviknight|58/100
|-singleturn|p2a: Corviknight|move: Roost
|
|upkeep
|turn|19
|l| Nikator98
|
|t:|1759012199
|move|p1a: Great Tusk|Stealth Rock|p2a: Corviknight
|-sidestart|p2: JackRG1|move: Stealth Rock
|move|p2a: Corviknight|Roost|p2a: Corviknight
|-heal|p2a: Corviknight|100/100
|-singleturn|p2a: Corviknight|move: Roost
|
|upkeep
|turn|20
|
|t:|1759012203
|-end|p1a: Great Tusk|Protosynthesis|[silent]
|switch|p1a: Zapdos|Zapdos|100/100
|move|p2a: Corviknight|Body Press|p1a: Zapdos
|-resisted|p1a: Zapdos
|-damage|p1a: Zapdos|91/100
|
|upkeep
|turn|21
|
|t:|1759012207
|switch|p2a: Ting-Lu|Ting-Lu, shiny|90/100
|-damage|p2a: Ting-Lu|84/100|[from] Stealth Rock
|-ability|p2a: Ting-Lu|Vessel of Ruin
|move|p1a: Zapdos|U-turn|p2a: Ting-Lu
|-supereffective|p2a: Ting-Lu
|-crit|p2a: Ting-Lu
|-damage|p2a: Ting-Lu|62/100
|
|t:|1759012215
|switch|p1a: Keldeo|Keldeo-Resolute|100/100|[from] U-turn
|
|-heal|p2a: Ting-Lu|69/100|[from] item: Leftovers
|upkeep
|turn|22
|l| chachechi
|
|t:|1759012218
|-terastallize|p2a: Ting-Lu|Fairy
|move|p1a: Keldeo|Substitute|p1a: Keldeo
|-start|p1a: Keldeo|Substitute
|-damage|p1a: Keldeo|76/100
|move|p2a: Ting-Lu|Earthquake|p1a: Keldeo
|-end|p1a: Keldeo|Substitute
|
|-heal|p1a: Keldeo|82/100|[from] item: Leftovers
|-heal|p2a: Ting-Lu|75/100|[from] item: Leftovers
|upkeep
|turn|23
|
|t:|1759012222
|switch|p1a: Slowking|Slowking-Galar, M|55/100
|move|p2a: Ting-Lu|Earthquake|p1a: Slowking
|-supereffective|p1a: Slowking
|-damage|p1a: Slowking|0 fnt
|faint|p1a: Slowking
|
|-heal|p2a: Ting-Lu|81/100|[from] item: Leftovers
|upkeep
|
|t:|1759012224
|switch|p1a: Dragapult|Dragapult, F|100/100
|turn|24
|
|t:|1759012228
|-terastallize|p1a: Dragapult|Ghost
|move|p1a: Dragapult|Tera Blast|p2a: Ting-Lu|[anim] Tera Blast Ghost
|-damage|p2a: Ting-Lu|41/100
|move|p2a: Ting-Lu|Stealth Rock|p1a: Dragapult
|-sidestart|p1: 5000Pigeons|move: Stealth Rock
|
|-heal|p2a: Ting-Lu|47/100|[from] item: Leftovers
|upkeep
|turn|25
|l| Lamp0821
|
|t:|1759012235
|move|p1a: Dragapult|Tera Blast|p2a: Ting-Lu|[anim] Tera Blast Ghost
|-damage|p2a: Ting-Lu|1/100
|move|p2a: Ting-Lu|Rest|p2a: Ting-Lu
|-status|p2a: Ting-Lu|slp|[from] move: Rest
|-heal|p2a: Ting-Lu|100/100 slp|[silent]
|
|upkeep
|turn|26
|
|t:|1759012241
|switch|p2a: Weezing|Weezing-Galar, F|82/100
|-ability|p2a: Weezing|Neutralizing Gas
|move|p1a: Dragapult|Tera Blast|p2a: Weezing|[anim] Tera Blast Ghost
|-damage|p2a: Weezing|32/100
|
|upkeep
|turn|27
|
|t:|1759012243
|move|p1a: Dragapult|Tera Blast|p2a: Weezing|[anim] Tera Blast Ghost
|-damage|p2a: Weezing|0 fnt
|faint|p2a: Weezing
|-end|p2a: Weezing|ability: Neutralizing Gas
|
|upkeep
|
|t:|1759012245
|switch|p2a: Dragapult|Dragapult, M|26/100
|-damage|p2a: Dragapult|14/100|[from] Stealth Rock
|turn|28
|
|t:|1759012268
|switch|p1a: Great Tusk|Great Tusk|12/100
|-damage|p1a: Great Tusk|9/100|[from] Stealth Rock
|move|p2a: Dragapult|Shadow Ball|p1a: Great Tusk
|-damage|p1a: Great Tusk|0 fnt
|faint|p1a: Great Tusk
|-end|p1a: Great Tusk|Protosynthesis|[silent]
|
|upkeep
|
|t:|1759012271
|switch|p1a: Zapdos|Zapdos|91/100
|turn|29
|
|t:|1759012276
|move|p2a: Dragapult|Shadow Ball|p1a: Zapdos
|-damage|p1a: Zapdos|37/100
|-unboost|p1a: Zapdos|spd|1
|move|p1a: Zapdos|Discharge|p2a: Dragapult
|-resisted|p2a: Dragapult
|-damage|p2a: Dragapult|0 fnt
|faint|p2a: Dragapult
|
|upkeep
|
|t:|1759012279
|switch|p2a: Ting-Lu|Ting-Lu, shiny, tera:Fairy|100/100 slp
|-damage|p2a: Ting-Lu|88/100 slp|[from] Stealth Rock
|-ability|p2a: Ting-Lu|Vessel of Ruin
|turn|30
|
|t:|1759012281
|move|p1a: Zapdos|Roost|p1a: Zapdos
|-heal|p1a: Zapdos|87/100
|-singleturn|p1a: Zapdos|move: Roost
|cant|p2a: Ting-Lu|slp
|
|-heal|p2a: Ting-Lu|94/100 slp|[from] item: Leftovers
|upkeep
|turn|31
|
|t:|1759012284
|move|p1a: Zapdos|Hurricane|p2a: Ting-Lu
|-damage|p2a: Ting-Lu|77/100 slp
|cant|p2a: Ting-Lu|slp
|
|-heal|p2a: Ting-Lu|83/100 slp|[from] item: Leftovers
|upkeep
|turn|32
|
|t:|1759012291
|move|p1a: Zapdos|Discharge|p2a: Ting-Lu
|-damage|p2a: Ting-Lu|69/100 slp
|-curestatus|p2a: Ting-Lu|slp|[msg]
|move|p2a: Ting-Lu|Earthquake|p1a: Zapdos
|-immune|p1a: Zapdos
|
|-heal|p2a: Ting-Lu|76/100|[from] item: Leftovers
|upkeep
|turn|33
|
|t:|1759012296
|move|p1a: Zapdos|U-turn|p2a: Ting-Lu
|-resisted|p2a: Ting-Lu
|-damage|p2a: Ting-Lu|72/100
|
|t:|1759012297
|switch|p1a: Keldeo|Keldeo-Resolute|82/100|[from] U-turn
|-damage|p1a: Keldeo|76/100|[from] Stealth Rock
|move|p2a: Ting-Lu|Heavy Slam|p1a: Keldeo
|-resisted|p1a: Keldeo
|-damage|p1a: Keldeo|62/100
|
|-heal|p1a: Keldeo|68/100|[from] item: Leftovers
|-heal|p2a: Ting-Lu|78/100|[from] item: Leftovers
|upkeep
|turn|34
|
|t:|1759012305
|move|p1a: Keldeo|Calm Mind|p1a: Keldeo
|-boost|p1a: Keldeo|spa|1
|-boost|p1a: Keldeo|spd|1
|move|p2a: Ting-Lu|Earthquake|p1a: Keldeo
|-crit|p1a: Keldeo
|-damage|p1a: Keldeo|10/100
|
|-heal|p1a: Keldeo|16/100|[from] item: Leftovers
|-heal|p2a: Ting-Lu|85/100|[from] item: Leftovers
|upkeep
|turn|35
|
|t:|1759012307
|move|p1a: Keldeo|Surf|p2a: Ting-Lu
|-damage|p2a: Ting-Lu|59/100
|move|p2a: Ting-Lu|Earthquake|p1a: Keldeo
|-damage|p1a: Keldeo|0 fnt
|faint|p1a: Keldeo
|
|-heal|p2a: Ting-Lu|66/100|[from] item: Leftovers
|upkeep
|
|t:|1759012309
|switch|p1a: Dragapult|Dragapult, F, tera:Ghost|100/100
|-damage|p1a: Dragapult|88/100|[from] Stealth Rock
|turn|36
|
|t:|1759012318
|move|p1a: Dragapult|Tera Blast|p2a: Ting-Lu|[anim] Tera Blast Ghost
|-damage|p2a: Ting-Lu|20/100
|move|p2a: Ting-Lu|Rest|p2a: Ting-Lu
|-status|p2a: Ting-Lu|slp|[from] move: Rest
|-heal|p2a: Ting-Lu|100/100 slp|[silent]
|
|upkeep
|turn|37
|
|t:|1759012322
|switch|p2a: Corviknight|Corviknight, F|100/100
|-damage|p2a: Corviknight|88/100|[from] Stealth Rock
|-ability|p2a: Corviknight|Pressure
|move|p1a: Dragapult|Tera Blast|p2a: Corviknight|[anim] Tera Blast Ghost
|-damage|p2a: Corviknight|32/100
|
|upkeep
|turn|38
|
|t:|1759012325
|move|p1a: Dragapult|Tera Blast|p2a: Corviknight|[anim] Tera Blast Ghost
|-damage|p2a: Corviknight|0 fnt
|faint|p2a: Corviknight
|
|upkeep
|-message|JackRG1 forfeited.
|
|win|5000Pigeons
|raw|5000Pigeons's rating: 1734 &rarr; <strong>1762</strong><br />(+28 for winning)
|raw|JackRG1's rating: 1889 &rarr; <strong>1861</strong><br />(-28 for losing)
|l|‽JackRG1
|player|p2|
|l| why and z
