|j|☆koudaimiZo
|j|☆B34B4D00B33
|t:|1758979265
|gametype|singles
|player|p1|koudaimiZo|brendan|1212
|player|p2|B34B4D00B33|furisodegirl-white|1233
|gen|9
|tier|[Gen 9] OU
|rated|
|rule|HP Percentage Mod: HP is shown in percentages
|rule|Endless Battle Clause: Forcing endless battles is banned
|rule|Species Clause: Limit one of each Pokémon
|rule|OHKO Clause: OHKO moves are banned
|rule|Evasion Items Clause: Evasion items are banned
|rule|Evasion Moves Clause: Evasion moves are banned
|rule|Evasion Abilities Clause: Evasion abilities are banned
|rule|Sleep Moves Clause: Sleep-inducing moves are banned
|clearpoke
|poke|p1|Dragapult, M|
|poke|p1|Great Tusk|
|poke|p1|Charizard, F|
|poke|p1|Corviknight, F|
|poke|p1|Raging Bolt|
|poke|p1|Landorus-Therian, M|
|poke|p2|Hoopa-Unbound|
|poke|p2|Enamorus, F|
|poke|p2|Garchomp, F|
|poke|p2|Pecharunt|
|poke|p2|Hatterene, F|
|poke|p2|Kingambit, F|
|teampreview
|c|☆koudaimiZo|???
|c|☆koudaimiZo|???
|
|t:|1758979284
|teamsize|p1|6
|teamsize|p2|6
|start
|switch|p1a: Charizard|Charizard, F, shiny|100/100
|switch|p2a: Garchomp|Garchomp, F|100/100
|turn|1
|
|t:|1758979291
|move|p1a: Charizard|Will-O-Wisp|p2a: Garchomp
|-status|p2a: Garchomp|brn
|move|p2a: Garchomp|Stealth Rock|p1a: Charizard
|-sidestart|p1: koudaimiZo|move: Stealth Rock
|
|-damage|p2a: Garchomp|94/100 brn|[from] brn
|upkeep
|turn|2
|
|t:|1758979300
|move|p1a: Charizard|Sunny Day|p1a: Charizard
|-weather|SunnyDay
|move|p2a: Garchomp|Dragon Tail|p1a: Charizard|[miss]
|-miss|p2a: Garchomp|p1a: Charizard
|
|-weather|SunnyDay|[upkeep]
|-damage|p2a: Garchomp|88/100 brn|[from] brn
|upkeep
|turn|3
|
|t:|1758979308
|move|p1a: Charizard|Protect|p1a: Charizard
|-singleturn|p1a: Charizard|Protect
|move|p2a: Garchomp|Dragon Tail|p1a: Charizard
|-activate|p1a: Charizard|move: Protect
|
|-weather|SunnyDay|[upkeep]
|-damage|p2a: Garchomp|82/100 brn|[from] brn
|upkeep
|turn|4
|
|t:|1758979317
|move|p1a: Charizard|Earthquake|p2a: Garchomp
|-damage|p2a: Garchomp|70/100 brn
|move|p2a: Garchomp|Dragon Tail|p1a: Charizard
|-damage|p1a: Charizard|85/100
|drag|p1a: Great Tusk|Great Tusk|100/100
|-damage|p1a: Great Tusk|98/100|[from] Stealth Rock
|-activate|p1a: Great Tusk|ability: Protosynthesis
|-start|p1a: Great Tusk|protosynthesisspe
|
|-weather|SunnyDay|[upkeep]
|-heal|p1a: Great Tusk|100/100|[from] item: Leftovers
|-damage|p2a: Garchomp|64/100 brn|[from] brn
|upkeep
|turn|5
|
|t:|1758979337
|move|p1a: Great Tusk|Ice Spinner|p2a: Garchomp
|-supereffective|p2a: Garchomp
|-damage|p2a: Garchomp|11/100 brn
|-damage|p1a: Great Tusk|88/100|[from] ability: Rough Skin|[of] p2a: Garchomp
|-damage|p1a: Great Tusk|71/100|[from] item: Rocky Helmet|[of] p2a: Garchomp
|move|p2a: Garchomp|Dragon Tail|p1a: Great Tusk|[miss]
|-miss|p2a: Garchomp|p1a: Great Tusk
|
|-weather|SunnyDay|[upkeep]
|-heal|p1a: Great Tusk|78/100|[from] item: Leftovers
|-damage|p2a: Garchomp|5/100 brn|[from] brn
|upkeep
|turn|6
|
|t:|1758979354
|switch|p2a: Pecharunt|Pecharunt|100/100
|move|p1a: Great Tusk|Rapid Spin|p2a: Pecharunt
|-immune|p2a: Pecharunt
|
|-weather|none
|-end|p1a: Great Tusk|Protosynthesis
|-heal|p1a: Great Tusk|84/100|[from] item: Leftovers
|upkeep
|turn|7
|
|t:|1758979364
|move|p2a: Pecharunt|Parting Shot|p1a: Great Tusk
|-unboost|p1a: Great Tusk|atk|1
|-unboost|p1a: Great Tusk|spa|1
|
|t:|1758979370
|switch|p2a: Enamorus|Enamorus, F|100/100|[from] Parting Shot
|move|p1a: Great Tusk|Headlong Rush|p2a: Enamorus
|-immune|p2a: Enamorus
|
|-heal|p1a: Great Tusk|90/100|[from] item: Leftovers
|upkeep
|turn|8
|
|t:|1758979384
|switch|p2a: Hoopa|Hoopa-Unbound|100/100
|-end|p1a: Great Tusk|Protosynthesis|[silent]
|switch|p1a: Corviknight|Corviknight, F, shiny|100/100
|-damage|p1a: Corviknight|88/100|[from] Stealth Rock
|-ability|p1a: Corviknight|Pressure
|
|upkeep
|turn|9
|c|☆koudaimiZo|emmmm
|
|t:|1758979394
|move|p2a: Hoopa|Hyperspace Fury|p1a: Corviknight
|-damage|p1a: Corviknight|26/100
|-unboost|p2a: Hoopa|def|1
|move|p1a: Corviknight|Body Press|p2a: Hoopa
|-damage|p2a: Hoopa|31/100
|
|upkeep
|turn|10
|
|t:|1758979403
|move|p2a: Hoopa|Hyperspace Fury|p1a: Corviknight
|-damage|p1a: Corviknight|0 fnt
|-unboost|p2a: Hoopa|def|1
|faint|p1a: Corviknight
|
|upkeep
|
|t:|1758979417
|switch|p1a: Dragapult|Dragapult, M|100/100
|-damage|p1a: Dragapult|88/100|[from] Stealth Rock
|turn|11
|
|t:|1758979433
|move|p1a: Dragapult|Shadow Ball|p2a: Hoopa
|-damage|p2a: Hoopa|0 fnt
|faint|p2a: Hoopa
|
|upkeep
|
|t:|1758979434
|switch|p2a: Enamorus|Enamorus, F|100/100
|turn|12
|
|t:|1758979443
|move|p2a: Enamorus|Moonblast|p1a: Dragapult
|-supereffective|p1a: Dragapult
|-damage|p1a: Dragapult|0 fnt
|faint|p1a: Dragapult
|
|upkeep
|
|t:|1758979450
|switch|p1a: Raging Bolt|Raging Bolt|100/100
|-damage|p1a: Raging Bolt|88/100|[from] Stealth Rock
|-enditem|p1a: Raging Bolt|Booster Energy
|-activate|p1a: Raging Bolt|ability: Protosynthesis|[fromitem]
|-start|p1a: Raging Bolt|protosynthesisspa
|turn|13
|
|t:|1758979458
|switch|p2a: Hatterene|Hatterene, F|100/100
|-terastallize|p1a: Raging Bolt|Fairy
|move|p1a: Raging Bolt|Calm Mind|p1a: Raging Bolt
|-boost|p1a: Raging Bolt|spa|1
|-boost|p1a: Raging Bolt|spd|1
|
|upkeep
|turn|14
|
|t:|1758979469
|move|p1a: Raging Bolt|Thunderbolt|p2a: Hatterene
|-damage|p2a: Hatterene|32/100
|move|p2a: Hatterene|Nuzzle|p1a: Raging Bolt
|-damage|p1a: Raging Bolt|85/100
|-status|p1a: Raging Bolt|par
|
|upkeep
|turn|15
|
|t:|1758979478
|move|p2a: Hatterene|Psyshock|p1a: Raging Bolt
|-damage|p1a: Raging Bolt|49/100 par
|move|p1a: Raging Bolt|Thunderbolt|p2a: Hatterene
|-damage|p2a: Hatterene|0 fnt
|faint|p2a: Hatterene
|
|upkeep
|c|☆koudaimiZo|?
|c|☆koudaimiZo|?
|c|☆koudaimiZo|???
|inactive|Battle timer is ON: inactive players will automatically lose when time's up. (requested by koudaimiZo)
|
|t:|1758979524
|switch|p2a: Kingambit|Kingambit, F|100/100
|-activate|p2a: Kingambit|ability: Supreme Overlord
|-start|p2a: Kingambit|fallen2|[silent]
|turn|16
|
|t:|1758979533
|move|p1a: Raging Bolt|Thunderclap|p2a: Kingambit
|-damage|p2a: Kingambit|15/100
|move|p2a: Kingambit|Iron Head|p1a: Raging Bolt
|-supereffective|p1a: Raging Bolt
|-damage|p1a: Raging Bolt|0 fnt
|faint|p1a: Raging Bolt
|-end|p1a: Raging Bolt|Protosynthesis|[silent]
|
|upkeep
|
|t:|1758979542
|switch|p1a: Landorus|Landorus-Therian, M|100/100
|-damage|p1a: Landorus|88/100|[from] Stealth Rock
|-ability|p1a: Landorus|Intimidate|boost
|-unboost|p2a: Kingambit|atk|1
|turn|17
|
|t:|1758979550
|-end|p2a: Kingambit|fallen2|[silent]
|switch|p2a: Garchomp|Garchomp, F|5/100 brn
|move|p1a: Landorus|Stealth Rock|p2a: Garchomp
|-sidestart|p2: B34B4D00B33|move: Stealth Rock
|
|-damage|p2a: Garchomp|0 fnt|[from] brn
|faint|p2a: Garchomp
|upkeep
|
|t:|1758979558
|switch|p2a: Pecharunt|Pecharunt|100/100
|-damage|p2a: Pecharunt|88/100|[from] Stealth Rock
|turn|18
|
|t:|1758979565
|move|p2a: Pecharunt|Malignant Chain|p1a: Landorus
|-resisted|p1a: Landorus
|-damage|p1a: Landorus|72/100
|-status|p1a: Landorus|tox
|-start|p1a: Landorus|confusion|[from] ability: Poison Puppeteer|[of] p2a: Pecharunt
|-activate|p1a: Landorus|confusion
|-damage|p1a: Landorus|63/100 tox|[from] confusion
|
|-damage|p1a: Landorus|57/100 tox|[from] psn
|upkeep
|turn|19
|
|t:|1758979578
|move|p2a: Pecharunt|Hex|p1a: Landorus
|-damage|p1a: Landorus|11/100 tox
|-activate|p1a: Landorus|confusion
|move|p1a: Landorus|Earthquake|p2a: Pecharunt
|-supereffective|p2a: Pecharunt
|-enditem|p2a: Pecharunt|Shuca Berry|[eat]
|-enditem|p2a: Pecharunt|Shuca Berry|[weaken]
|-damage|p2a: Pecharunt|59/100
|
|-damage|p1a: Landorus|0 fnt|[from] psn
|faint|p1a: Landorus
|upkeep
|c|☆koudaimiZo|?
|
|t:|1758979592
|switch|p1a: Charizard|Charizard, F, shiny|85/100
|turn|20
|c|☆B34B4D00B33|?
|
|t:|1758979598
|move|p1a: Charizard|Will-O-Wisp|p2a: Pecharunt
|-status|p2a: Pecharunt|brn
|move|p2a: Pecharunt|Malignant Chain|p1a: Charizard
|-damage|p1a: Charizard|52/100
|-status|p1a: Charizard|tox
|-start|p1a: Charizard|confusion|[from] ability: Poison Puppeteer|[of] p2a: Pecharunt
|
|-damage|p1a: Charizard|46/100 tox|[from] psn
|-damage|p2a: Pecharunt|53/100 brn|[from] brn
|upkeep
|turn|21
|
|t:|1758979612
|-activate|p1a: Charizard|confusion
|move|p1a: Charizard|Earthquake|p2a: Pecharunt
|-supereffective|p2a: Pecharunt
|-damage|p2a: Pecharunt|28/100 brn
|move|p2a: Pecharunt|Malignant Chain|p1a: Charizard
|-damage|p1a: Charizard|11/100 tox
|
|-damage|p1a: Charizard|0 fnt|[from] psn
|faint|p1a: Charizard
|-damage|p2a: Pecharunt|22/100 brn|[from] brn
|upkeep
|c|☆koudaimiZo|?
|
|t:|1758979626
|switch|p1a: Great Tusk|Great Tusk|90/100
|-damage|p1a: Great Tusk|87/100|[from] Stealth Rock
|turn|22
|c|☆B34B4D00B33|?
|
|t:|1758979634
|move|p2a: Pecharunt|Malignant Chain|p1a: Great Tusk
|-resisted|p1a: Great Tusk
|-damage|p1a: Great Tusk|68/100
|move|p1a: Great Tusk|Headlong Rush|p2a: Pecharunt
|-supereffective|p2a: Pecharunt
|-damage|p2a: Pecharunt|0 fnt
|-unboost|p1a: Great Tusk|def|1
|-unboost|p1a: Great Tusk|spd|1
|faint|p2a: Pecharunt
|
|-heal|p1a: Great Tusk|74/100|[from] item: Leftovers
|upkeep
|
|t:|1758979637
|switch|p2a: Enamorus|Enamorus, F|100/100
|-damage|p2a: Enamorus|76/100|[from] Stealth Rock
|turn|23
|
|t:|1758979652
|-terastallize|p2a: Enamorus|Stellar
|move|p2a: Enamorus|Moonblast|p1a: Great Tusk
|-supereffective|p1a: Great Tusk
|-damage|p1a: Great Tusk|0 fnt
|faint|p1a: Great Tusk
|-end|p1a: Great Tusk|Protosynthesis|[silent]
|
|win|B34B4D00B33
|raw|koudaimiZo's rating: 1212 &rarr; <strong>1189</strong><br />(-23 for losing)
|raw|B34B4D00B33's rating: 1233 &rarr; <strong>1256</strong><br />(+23 for winning)
|c|☆koudaimiZo|gg
