|j|☆V. Al Sorna
|j|☆darksora420
|t:|1758923103
|gametype|singles
|player|p1|V. Al Sorna|unknown|1299
|player|p2|darksora420|red|1316
|gen|9
|tier|[Gen 9] OU
|rated|
|rule|HP Percentage Mod: HP is shown in percentages
|rule|Endless Battle Clause: Forcing endless battles is banned
|rule|Species Clause: Limit one of each Pokémon
|rule|OHKO Clause: OHKO moves are banned
|rule|Evasion Items Clause: Evasion items are banned
|rule|Evasion Moves Clause: Evasion moves are banned
|rule|Evasion Abilities Clause: Evasion abilities are banned
|rule|Sleep Moves Clause: Sleep-inducing moves are banned
|clearpoke
|poke|p1|Zapdos|
|poke|p1|Ceruledge, F|
|poke|p1|Araquanid, M|
|poke|p1|Glimmora, F|
|poke|p1|Kingambit, M|
|poke|p1|Darkrai|
|poke|p2|Ninetales, M|
|poke|p2|Great Tusk|
|poke|p2|Walking Wake|
|poke|p2|Leavanny, F|
|poke|p2|Charizard, F|
|poke|p2|Slither Wing|
|teampreview
|inactive|Battle timer is ON: inactive players will automatically lose when time's up. (requested by V. Al Sorna)
|l|☆V. Al Sorna
|inactive|V. Al Sorna disconnected and has a minute to reconnect!
|player|p1|
|l|☆darksora420
|inactive|darksora420 disconnected and has a minute to reconnect!
|player|p2|
|j|☆V. Al Sorna
|inactive|V. Al Sorna reconnected and has 130 seconds left.
|player|p1|V. Al Sorna|unknown|
|inactive|V. Al Sorna has 120 seconds left.
|j|☆darksora420
|inactive|darksora420 reconnected and has 115 seconds left.
|player|p2|darksora420|red|
|
|t:|1758923148
|teamsize|p1|6
|teamsize|p2|6
|start
|switch|p1a: Araquanid|Araquanid, M|100/100
|switch|p2a: Slither Wing|Slither Wing|100/100
|turn|1
|
|t:|1758923158
|move|p2a: Slither Wing|First Impression|p1a: Araquanid
|-damage|p1a: Araquanid|34/100
|move|p1a: Araquanid|Sticky Web|p2a: Slither Wing
|-sidestart|p2: darksora420|move: Sticky Web
|
|upkeep
|turn|2
|
|t:|1758923168
|move|p2a: Slither Wing|U-turn|p1a: Araquanid
|-damage|p1a: Araquanid|0 fnt
|faint|p1a: Araquanid
|
|t:|1758923171
|-end|p2a: Slither Wing|Protosynthesis|[silent]
|switch|p2a: Great Tusk|Great Tusk|100/100|[from] U-turn
|
|upkeep
|
|t:|1758923182
|switch|p1a: Zapdos|Zapdos|100/100
|turn|3
|
|t:|1758923184
|move|p2a: Great Tusk|Rapid Spin|p1a: Zapdos
|-damage|p1a: Zapdos|87/100
|-boost|p2a: Great Tusk|spe|1
|-sideend|p2: darksora420|Sticky Web|[from] move: Rapid Spin|[of] p2a: Great Tusk
|move|p1a: Zapdos|Hurricane|p2a: Great Tusk|[miss]
|-miss|p1a: Zapdos|p2a: Great Tusk
|
|-heal|p1a: Zapdos|93/100|[from] item: Leftovers
|upkeep
|turn|4
|
|t:|1758923191
|-end|p2a: Great Tusk|Protosynthesis|[silent]
|switch|p2a: Ninetales|Ninetales, M|100/100
|-weather|SunnyDay|[from] ability: Drought|[of] p2a: Ninetales
|move|p1a: Zapdos|Hurricane|p2a: Ninetales
|-damage|p2a: Ninetales|47/100
|
|-weather|SunnyDay|[upkeep]
|-heal|p1a: Zapdos|99/100|[from] item: Leftovers
|upkeep
|turn|5
|
|t:|1758923195
|move|p2a: Ninetales|Overheat|p1a: Zapdos
|-damage|p1a: Zapdos|27/100
|-unboost|p2a: Ninetales|spa|2
|move|p1a: Zapdos|Ancient Power|p2a: Ninetales
|-supereffective|p2a: Ninetales
|-damage|p2a: Ninetales|6/100
|
|-weather|SunnyDay|[upkeep]
|-heal|p1a: Zapdos|33/100|[from] item: Leftovers
|upkeep
|turn|6
|
|t:|1758923205
|switch|p1a: Glimmora|Glimmora, F|100/100
|move|p2a: Ninetales|Overheat|p1a: Glimmora|[miss]
|-miss|p2a: Ninetales|p1a: Glimmora
|
|-weather|SunnyDay|[upkeep]
|upkeep
|turn|7
|
|t:|1758923210
|switch|p2a: Walking Wake|Walking Wake|100/100
|-activate|p2a: Walking Wake|ability: Protosynthesis
|-start|p2a: Walking Wake|protosynthesisspe
|move|p1a: Glimmora|Stealth Rock|p2a: Walking Wake
|-sidestart|p2: darksora420|move: Stealth Rock
|
|-weather|SunnyDay|[upkeep]
|upkeep
|turn|8
|
|t:|1758923214
|move|p2a: Walking Wake|Hydro Steam|p1a: Glimmora
|-supereffective|p1a: Glimmora
|-enditem|p1a: Glimmora|Focus Sash
|-damage|p1a: Glimmora|1/100
|move|p1a: Glimmora|Mortal Spin|p2a: Walking Wake
|-damage|p2a: Walking Wake|93/100
|-status|p2a: Walking Wake|psn
|
|-weather|SunnyDay|[upkeep]
|-damage|p2a: Walking Wake|81/100 psn|[from] psn
|upkeep
|turn|9
|
|t:|1758923221
|move|p2a: Walking Wake|Hydro Steam|p1a: Glimmora
|-supereffective|p1a: Glimmora
|-crit|p1a: Glimmora
|-damage|p1a: Glimmora|0 fnt
|faint|p1a: Glimmora
|
|-weather|SunnyDay|[upkeep]
|-damage|p2a: Walking Wake|69/100 psn|[from] psn
|upkeep
|
|t:|1758923226
|switch|p1a: Ceruledge|Ceruledge, F|100/100
|turn|10
|
|t:|1758923232
|move|p2a: Walking Wake|Hydro Steam|p1a: Ceruledge
|-supereffective|p1a: Ceruledge
|-enditem|p1a: Ceruledge|Focus Sash
|-damage|p1a: Ceruledge|1/100
|move|p1a: Ceruledge|Swords Dance|p1a: Ceruledge
|-boost|p1a: Ceruledge|atk|2
|
|-weather|SunnyDay|[upkeep]
|-damage|p2a: Walking Wake|56/100 psn|[from] psn
|upkeep
|turn|11
|
|t:|1758923238
|move|p2a: Walking Wake|Hydro Steam|p1a: Ceruledge
|-supereffective|p1a: Ceruledge
|-damage|p1a: Ceruledge|0 fnt
|faint|p1a: Ceruledge
|
|-weather|none
|-end|p2a: Walking Wake|Protosynthesis
|-damage|p2a: Walking Wake|44/100 psn|[from] psn
|upkeep
|
|t:|1758923243
|switch|p1a: Zapdos|Zapdos|33/100
|turn|12
|
|t:|1758923245
|move|p2a: Walking Wake|Hydro Steam|p1a: Zapdos
|-crit|p1a: Zapdos
|-damage|p1a: Zapdos|0 fnt
|faint|p1a: Zapdos
|
|-damage|p2a: Walking Wake|31/100 psn|[from] psn
|upkeep
|
|t:|1758923248
|switch|p1a: Darkrai|Darkrai|100/100
|turn|13
|
|t:|1758923255
|-end|p2a: Walking Wake|Protosynthesis|[silent]
|switch|p2a: Leavanny|Leavanny, F|100/100
|-damage|p2a: Leavanny|76/100|[from] Stealth Rock
|move|p1a: Darkrai|Dark Pulse|p2a: Leavanny
|-damage|p2a: Leavanny|4/100
|
|upkeep
|turn|14
|
|t:|1758923261
|move|p1a: Darkrai|Dark Pulse|p2a: Leavanny
|-damage|p2a: Leavanny|0 fnt
|faint|p2a: Leavanny
|
|upkeep
|
|t:|1758923262
|switch|p2a: Slither Wing|Slither Wing|100/100
|-damage|p2a: Slither Wing|88/100|[from] Stealth Rock
|turn|15
|
|t:|1758923267
|-terastallize|p2a: Slither Wing|Bug
|move|p2a: Slither Wing|First Impression|p1a: Darkrai
|-supereffective|p1a: Darkrai
|-damage|p1a: Darkrai|0 fnt
|faint|p1a: Darkrai
|
|upkeep
|
|t:|1758923271
|switch|p1a: Kingambit|Kingambit, M|100/100
|-activate|p1a: Kingambit|ability: Supreme Overlord
|-start|p1a: Kingambit|fallen5|[silent]
|turn|16
|
|t:|1758923275
|-terastallize|p1a: Kingambit|Ghost
|move|p2a: Slither Wing|Close Combat|p1a: Kingambit
|-immune|p1a: Kingambit
|move|p1a: Kingambit|Swords Dance|p1a: Kingambit
|-boost|p1a: Kingambit|atk|2
|
|upkeep
|turn|17
|
|t:|1758923291
|-end|p2a: Slither Wing|Protosynthesis|[silent]
|switch|p2a: Great Tusk|Great Tusk|100/100
|move|p1a: Kingambit|Sucker Punch||[still]
|-fail|p1a: Kingambit
|
|upkeep
|turn|18
|
|t:|1758923297
|move|p2a: Great Tusk|Headlong Rush|p1a: Kingambit
|-damage|p1a: Kingambit|43/100
|-unboost|p2a: Great Tusk|def|1
|-unboost|p2a: Great Tusk|spd|1
|move|p1a: Kingambit|Swords Dance|p1a: Kingambit
|-boost|p1a: Kingambit|atk|2
|
|-heal|p1a: Kingambit|49/100|[from] item: Leftovers
|upkeep
|turn|19
|
|t:|1758923318
|move|p2a: Great Tusk|Headlong Rush|p1a: Kingambit
|-crit|p1a: Kingambit
|-damage|p1a: Kingambit|0 fnt
|-unboost|p2a: Great Tusk|def|1
|-unboost|p2a: Great Tusk|spd|1
|faint|p1a: Kingambit
|-end|p1a: Kingambit|fallen5|[silent]
|
|win|darksora420
|raw|V. Al Sorna's rating: 1299 &rarr; <strong>1275</strong><br />(-24 for losing)
|raw|darksora420's rating: 1316 &rarr; <strong>1335</strong><br />(+19 for winning)
|l|☆V. Al Sorna
|player|p1|
|l|☆darksora420
|player|p2|
