|j|☆MrSpeez
|j|‽Deltra6t
|t:|1758976710
|gametype|singles
|player|p1|MrSpeez|magmasuit|1037
|player|p2|Deltra6t|102|1027
|gen|9
|tier|[Gen 9] OU
|rated|
|rule|HP Percentage Mod: HP is shown in percentages
|rule|Endless Battle Clause: Forcing endless battles is banned
|rule|Species Clause: Limit one of each Pokémon
|rule|OHKO Clause: OHKO moves are banned
|rule|Evasion Items Clause: Evasion items are banned
|rule|Evasion Moves Clause: Evasion moves are banned
|rule|Evasion Abilities Clause: Evasion abilities are banned
|rule|Sleep Moves Clause: Sleep-inducing moves are banned
|clearpoke
|poke|p1|Rotom-Mow|
|poke|p1|Yanmega, F|
|poke|p1|Zoroark, M|
|poke|p1|Chesnaught, F|
|poke|p1|Tyranitar, M|
|poke|p1|Klefki, M|
|poke|p2|Azelf|
|poke|p2|Abomasnow, F|
|poke|p2|Sandslash-Alola, M|
|poke|p2|Weezing-Galar, M|
|poke|p2|Pyroar, F|
|poke|p2|Cetitan, M|
|teampreview
|inactive|Battle timer is ON: inactive players will automatically lose when time's up. (requested by Deltra6t)
|inactive|MrSpeez also wants the timer to be on.
|l|‽Deltra6t
|inactive|Deltra6t disconnected and has a minute to reconnect!
|player|p2|
|j|‽Deltra6t
|inactive|Deltra6t reconnected and has 130 seconds left.
|player|p2|Deltra6t|102|
|n|‽Deltra6t|deltra6t
|n|‽Deltra6t|deltra6t
|n|‽Deltra6t|deltra6t
|n|‽Deltra6t|deltra6t
|n|‽Deltra6t|deltra6t
|n|‽Deltra6t|deltra6t
|n|‽Deltra6t|deltra6t
|n|‽Deltra6t|deltra6t
|
|t:|1758976733
|teamsize|p1|6
|teamsize|p2|6
|start
|switch|p1a: Klefki|Klefki, M|100/100
|switch|p2a: Weezing|Weezing-Galar, M|100/100
|-fieldstart|move: Misty Terrain|[from] ability: Misty Surge|[of] p2a: Weezing
|turn|1
|inactive|MrSpeez has 120 seconds left.
|
|t:|1758976776
|move|p1a: Klefki|Flash Cannon|p2a: Weezing
|-supereffective|p2a: Weezing
|-damage|p2a: Weezing|0 fnt
|faint|p2a: Weezing
|
|upkeep
|
|t:|1758976786
|switch|p2a: Abomasnow|Abomasnow, F|100/100
|-weather|Snowscape|[from] ability: Snow Warning|[of] p2a: Abomasnow
|turn|2
|
|t:|1758976792
|move|p1a: Klefki|Flash Cannon|p2a: Abomasnow
|-supereffective|p2a: Abomasnow
|-damage|p2a: Abomasnow|24/100
|move|p2a: Abomasnow|Aurora Veil|p2a: Abomasnow
|-sidestart|p2: Deltra6t|move: Aurora Veil
|
|-weather|Snowscape|[upkeep]
|upkeep
|turn|3
|
|t:|1758976799
|switch|p2a: Sandslash|Sandslash-Alola, M|100/100
|move|p1a: Klefki|Flash Cannon|p2a: Sandslash
|-damage|p2a: Sandslash|61/100
|
|-weather|Snowscape|[upkeep]
|upkeep
|turn|4
|
|t:|1758976812
|switch|p1a: Rotom|Rotom-Mow|100/100
|move|p2a: Sandslash|Swords Dance|p2a: Sandslash
|-boost|p2a: Sandslash|atk|2
|
|-weather|Snowscape|[upkeep]
|upkeep
|turn|5
|
|t:|1758976822
|move|p2a: Sandslash|Icicle Crash|p1a: Rotom
|-enditem|p1a: Rotom|Focus Sash
|-damage|p1a: Rotom|1/100
|replace|p1a: Zoroark|Zoroark, M
|-end|p1a: Zoroark|Illusion
|-damage|p2a: Sandslash|51/100|[from] item: Life Orb
|cant|p1a: Zoroark|flinch
|
|-weather|Snowscape|[upkeep]
|upkeep
|turn|6
|
|t:|1758976835
|move|p2a: Sandslash|Iron Head|p1a: Zoroark
|-damage|p1a: Zoroark|0 fnt
|faint|p1a: Zoroark
|-damage|p2a: Sandslash|41/100|[from] item: Life Orb
|
|-weather|Snowscape|[upkeep]
|-sideend|p2: Deltra6t|move: Aurora Veil
|upkeep
|
|t:|1758976843
|switch|p1a: Yanmega|Yanmega, F|100/100
|turn|7
|
|t:|1758976848
|move|p1a: Yanmega|Protect|p1a: Yanmega
|-singleturn|p1a: Yanmega|Protect
|move|p2a: Sandslash|Icicle Crash|p1a: Yanmega
|-activate|p1a: Yanmega|move: Protect
|
|-weather|Snowscape|[upkeep]
|-ability|p1a: Yanmega|Speed Boost|boost
|-boost|p1a: Yanmega|spe|1
|upkeep
|turn|8
|
|t:|1758976862
|-terastallize|p1a: Yanmega|Steel
|move|p2a: Sandslash|Iron Head|p1a: Yanmega
|-resisted|p1a: Yanmega
|-damage|p1a: Yanmega|42/100
|-damage|p2a: Sandslash|31/100|[from] item: Life Orb
|cant|p1a: Yanmega|flinch
|
|-weather|Snowscape|[upkeep]
|-fieldend|Misty Terrain
|-ability|p1a: Yanmega|Speed Boost|boost
|-boost|p1a: Yanmega|spe|1
|upkeep
|turn|9
|l|‽Deltra6t
|inactive|Deltra6t disconnected and has a minute to reconnect!
|player|p2|
|j|‽Deltra6t
|inactive|Deltra6t reconnected and has 130 seconds left.
|player|p2|Deltra6t|102|
|n|‽Deltra6t|deltra6t
|n|‽Deltra6t|deltra6t
|n|‽Deltra6t|deltra6t
|n|‽Deltra6t|deltra6t
|n|‽Deltra6t|deltra6t
|n|‽Deltra6t|deltra6t
|n|‽Deltra6t|deltra6t
|n|‽Deltra6t|deltra6t
|n|‽Deltra6t|deltra6t
|
|t:|1758976883
|move|p1a: Yanmega|Protect|p1a: Yanmega
|-singleturn|p1a: Yanmega|Protect
|move|p2a: Sandslash|Iron Head|p1a: Yanmega
|-activate|p1a: Yanmega|move: Protect
|
|-weather|none
|-ability|p1a: Yanmega|Speed Boost|boost
|-boost|p1a: Yanmega|spe|1
|upkeep
|turn|10
|
|t:|1758976892
|move|p1a: Yanmega|Tera Blast|p2a: Sandslash|[anim] Tera Blast Steel
|-damage|p2a: Sandslash|0 fnt
|faint|p2a: Sandslash
|-damage|p1a: Yanmega|32/100|[from] item: Life Orb
|
|-ability|p1a: Yanmega|Speed Boost|boost
|-boost|p1a: Yanmega|spe|1
|upkeep
|
|t:|1758976903
|switch|p2a: Azelf|Azelf|100/100
|turn|11
|
|t:|1758976906
|move|p1a: Yanmega|Bug Buzz|p2a: Azelf
|-supereffective|p2a: Azelf
|-damage|p2a: Azelf|0 fnt
|faint|p2a: Azelf
|-damage|p1a: Yanmega|23/100|[from] item: Life Orb
|
|-ability|p1a: Yanmega|Speed Boost|boost
|-boost|p1a: Yanmega|spe|1
|upkeep
|
|t:|1758976915
|switch|p2a: Pyroar|Pyroar, F|100/100
|-ability|p2a: Pyroar|Unnerve
|turn|12
|
|t:|1758976922
|switch|p1a: Tyranitar|Tyranitar, M|100/100
|-ability|p1a: Tyranitar|Unnerve
|move|p2a: Pyroar|Flamethrower|p1a: Tyranitar
|-resisted|p1a: Tyranitar
|-damage|p1a: Tyranitar|90/100
|
|upkeep
|turn|13
|-message|Deltra6t forfeited.
|
|win|MrSpeez
|raw|MrSpeez's rating: 1037 &rarr; <strong>1070</strong><br />(+33 for winning)
|raw|Deltra6t's rating: 1027 &rarr; <strong>1013</strong><br />(-14 for losing)
|l|‽Deltra6t
|player|p2|
