|j|☆St. Saturn
|j|☆chaintrainalt
|t:|1759032653
|gametype|singles
|player|p1|St. Saturn|veteran|1365
|player|p2|chaintrainalt|cyclistf|1444
|gen|9
|tier|[Gen 9] OU
|rated|
|rule|HP Percentage Mod: HP is shown in percentages
|rule|Endless Battle Clause: Forcing endless battles is banned
|rule|Species Clause: Limit one of each Pokémon
|rule|OHKO Clause: OHKO moves are banned
|rule|Evasion Items Clause: Evasion items are banned
|rule|Evasion Moves Clause: Evasion moves are banned
|rule|Evasion Abilities Clause: Evasion abilities are banned
|rule|Sleep Moves Clause: Sleep-inducing moves are banned
|clearpoke
|poke|p1|Gliscor, F|
|poke|p1|Blissey, F|
|poke|p1|Dondozo, F|
|poke|p1|Weezing-Galar, F|
|poke|p1|Clodsire, F|
|poke|p1|Clefable, M|
|poke|p2|Ribombee, M|
|poke|p2|Iron Moth|
|poke|p2|Raging Bolt|
|poke|p2|Gholdengo|
|poke|p2|Garchomp, M|
|poke|p2|Iron Valiant|
|teampreview
|inactive|Battle timer is ON: inactive players will automatically lose when time's up. (requested by chaintrainalt)
|inactive|St. Saturn also wants the timer to be on.
|
|t:|1759032662
|teamsize|p1|6
|teamsize|p2|6
|start
|switch|p1a: Gliscor|Gliscor, F|100/100
|switch|p2a: Ribombee|Ribombee, M|100/100
|turn|1
|
|t:|1759032669
|move|p1a: Gliscor|Protect|p1a: Gliscor
|-singleturn|p1a: Gliscor|Protect
|move|p2a: Ribombee|Stun Spore|p1a: Gliscor
|-activate|p1a: Gliscor|move: Protect
|
|-status|p1a: Gliscor|tox|[from] item: Toxic Orb
|upkeep
|turn|2
|
|t:|1759032677
|move|p2a: Ribombee|Skill Swap|p1a: Gliscor
|-activate|p2a: Ribombee|move: Skill Swap|Poison Heal|Shield Dust|[of] p1a: Gliscor
|move|p1a: Gliscor|Toxic|p2a: Ribombee
|-status|p2a: Ribombee|tox
|
|-damage|p1a: Gliscor|94/100 tox|[from] psn
|upkeep
|turn|3
|
|t:|1759032684
|move|p2a: Ribombee|Moonblast|p1a: Gliscor
|-damage|p1a: Gliscor|49/100 tox
|move|p1a: Gliscor|Spikes|p2a: Ribombee
|-sidestart|p2: chaintrainalt|Spikes
|
|-damage|p1a: Gliscor|36/100 tox|[from] psn
|upkeep
|turn|4
|
|t:|1759032691
|switch|p1a: Clefable|Clefable, M|100/100
|move|p2a: Ribombee|Stun Spore|p1a: Clefable|[miss]
|-miss|p2a: Ribombee|p1a: Clefable
|
|upkeep
|turn|5
|
|t:|1759032695
|move|p2a: Ribombee|Stun Spore|p1a: Clefable
|-status|p1a: Clefable|par
|move|p1a: Clefable|Knock Off|p2a: Ribombee
|-resisted|p2a: Ribombee
|-damage|p2a: Ribombee|86/100 tox
|-enditem|p2a: Ribombee|Focus Sash|[from] move: Knock Off|[of] p1a: Clefable
|
|-heal|p2a: Ribombee|98/100 tox|[from] ability: Poison Heal
|upkeep
|turn|6
|
|t:|1759032701
|move|p2a: Ribombee|Moonblast|p1a: Clefable
|-damage|p1a: Clefable|65/100 par
|move|p1a: Clefable|Moonblast|p2a: Ribombee
|-damage|p2a: Ribombee|45/100 tox
|
|-heal|p1a: Clefable|71/100 par|[from] item: Leftovers
|-heal|p2a: Ribombee|57/100 tox|[from] ability: Poison Heal
|upkeep
|turn|7
|
|t:|1759032707
|move|p2a: Ribombee|Moonblast|p1a: Clefable
|-damage|p1a: Clefable|35/100 par
|move|p1a: Clefable|Moonblast|p2a: Ribombee
|-damage|p2a: Ribombee|4/100 tox
|-unboost|p2a: Ribombee|spa|1
|
|-heal|p1a: Clefable|41/100 par|[from] item: Leftovers
|-heal|p2a: Ribombee|16/100 tox|[from] ability: Poison Heal
|upkeep
|turn|8
|
|t:|1759032716
|switch|p1a: Blissey|Blissey, F|100/100
|move|p2a: Ribombee|Moonblast|p1a: Blissey
|-damage|p1a: Blissey|93/100
|-unboost|p1a: Blissey|spa|1
|
|-heal|p2a: Ribombee|28/100 tox|[from] ability: Poison Heal
|upkeep
|turn|9
|
|t:|1759032721
|move|p2a: Ribombee|Stun Spore|p1a: Blissey
|-status|p1a: Blissey|par
|move|p1a: Blissey|Seismic Toss|p2a: Ribombee
|-damage|p2a: Ribombee|0 fnt
|faint|p2a: Ribombee
|
|upkeep
|
|t:|1759032745
|switch|p2a: Gholdengo|Gholdengo|100/100
|-item|p2a: Gholdengo|Air Balloon
|turn|10
|
|t:|1759032752
|move|p2a: Gholdengo|Nasty Plot|p2a: Gholdengo
|-boost|p2a: Gholdengo|spa|2
|move|p1a: Blissey|Shadow Ball|p2a: Gholdengo
|-supereffective|p2a: Gholdengo
|-damage|p2a: Gholdengo|76/100
|-enditem|p2a: Gholdengo|Air Balloon
|
|upkeep
|turn|11
|
|t:|1759032758
|move|p2a: Gholdengo|Focus Blast|p1a: Blissey
|-supereffective|p1a: Blissey
|-damage|p1a: Blissey|34/100 par
|move|p1a: Blissey|Calm Mind|p1a: Blissey
|-boost|p1a: Blissey|spa|1
|-boost|p1a: Blissey|spd|1
|
|upkeep
|turn|12
|
|t:|1759032766
|move|p2a: Gholdengo|Focus Blast|p1a: Blissey
|-supereffective|p1a: Blissey
|-damage|p1a: Blissey|0 fnt
|faint|p1a: Blissey
|
|upkeep
|
|t:|1759032771
|switch|p1a: Clodsire|Clodsire, F|100/100
|turn|13
|
|t:|1759032775
|move|p2a: Gholdengo|Make It Rain|p1a: Clodsire
|-damage|p1a: Clodsire|66/100
|-unboost|p2a: Gholdengo|spa|1
|move|p1a: Clodsire|Earthquake|p2a: Gholdengo
|-supereffective|p2a: Gholdengo
|-damage|p2a: Gholdengo|9/100
|
|upkeep
|turn|14
|
|t:|1759032782
|move|p2a: Gholdengo|Make It Rain|p1a: Clodsire
|-damage|p1a: Clodsire|29/100
|-unboost|p2a: Gholdengo|spa|1
|move|p1a: Clodsire|Earthquake|p2a: Gholdengo
|-supereffective|p2a: Gholdengo
|-damage|p2a: Gholdengo|0 fnt
|faint|p2a: Gholdengo
|
|upkeep
|
|t:|1759032789
|switch|p2a: Iron Moth|Iron Moth|100/100
|-damage|p2a: Iron Moth|88/100|[from] Spikes
|-enditem|p2a: Iron Moth|Booster Energy
|-activate|p2a: Iron Moth|ability: Quark Drive|[fromitem]
|-start|p2a: Iron Moth|quarkdrivespa
|turn|15
|
|t:|1759032797
|move|p2a: Iron Moth|Overheat|p1a: Clodsire
|-damage|p1a: Clodsire|0 fnt
|-unboost|p2a: Iron Moth|spa|2
|faint|p1a: Clodsire
|
|upkeep
|
|t:|1759032806
|switch|p1a: Gliscor|Gliscor, F|36/100 tox
|turn|16
|
|t:|1759032813
|move|p2a: Iron Moth|Fiery Dance|p1a: Gliscor
|-damage|p1a: Gliscor|0 fnt
|-boost|p2a: Iron Moth|spa|1
|faint|p1a: Gliscor
|
|upkeep
|
|t:|1759032820
|switch|p1a: Weezing|Weezing-Galar, F|100/100
|-ability|p1a: Weezing|Neutralizing Gas
|turn|17
|
|t:|1759032831
|move|p2a: Iron Moth|Fiery Dance|p1a: Weezing
|-damage|p1a: Weezing|53/100
|move|p1a: Weezing|Strange Steam|p2a: Iron Moth
|-resisted|p2a: Iron Moth
|-damage|p2a: Iron Moth|81/100
|
|upkeep
|turn|18
|
|t:|1759032843
|move|p2a: Iron Moth|Sludge Wave|p1a: Weezing
|-damage|p1a: Weezing|4/100
|move|p1a: Weezing|Pain Split|p2a: Iron Moth
|-sethp|p2a: Iron Moth|42/100|[from] move: Pain Split|[silent]
|-sethp|p1a: Weezing|38/100|[from] move: Pain Split
|
|upkeep
|turn|19
|
|t:|1759032851
|move|p2a: Iron Moth|Fiery Dance|p1a: Weezing
|-damage|p1a: Weezing|0 fnt
|faint|p1a: Weezing
|-end|p1a: Weezing|ability: Neutralizing Gas
|
|upkeep
|
|t:|1759032855
|switch|p1a: Clefable|Clefable, M|41/100 par
|turn|20
|
|t:|1759032861
|-terastallize|p1a: Clefable|Ghost
|move|p2a: Iron Moth|Sludge Wave|p1a: Clefable
|-resisted|p1a: Clefable
|-damage|p1a: Clefable|17/100 par
|move|p1a: Clefable|Moonblast|p2a: Iron Moth
|-resisted|p2a: Iron Moth
|-damage|p2a: Iron Moth|34/100
|
|-heal|p1a: Clefable|23/100 par|[from] item: Leftovers
|upkeep
|turn|21
|
|t:|1759032870
|move|p2a: Iron Moth|Fiery Dance|p1a: Clefable
|-damage|p1a: Clefable|0 fnt
|faint|p1a: Clefable
|
|upkeep
|
|t:|1759032872
|switch|p1a: Dondozo|Dondozo, F|100/100
|turn|22
|
|t:|1759032876
|move|p2a: Iron Moth|Sludge Wave|p1a: Dondozo
|-damage|p1a: Dondozo|32/100
|move|p1a: Dondozo|Avalanche|p2a: Iron Moth
|-resisted|p2a: Iron Moth
|-damage|p2a: Iron Moth|9/100
|
|upkeep
|turn|23
|
|t:|1759032881
|move|p2a: Iron Moth|Sludge Wave|p1a: Dondozo
|-damage|p1a: Dondozo|0 fnt
|faint|p1a: Dondozo
|
|win|chaintrainalt
|raw|St. Saturn's rating: 1365 &rarr; <strong>1349</strong><br />(-16 for losing)
|raw|chaintrainalt's rating: 1444 &rarr; <strong>1460</strong><br />(+16 for winning)
|l|☆St. Saturn
|player|p1|
|l|☆chaintrainalt
|player|p2|
