|j|☆jxrx
|j|☆beaudiddly
|t:|1759000730
|gametype|singles
|player|p1|jxrx|norman|1520
|player|p2|beaudiddly|beauty|1526
|gen|9
|tier|[Gen 9] OU
|rated|
|rule|HP Percentage Mod: HP is shown in percentages
|rule|Endless Battle Clause: Forcing endless battles is banned
|rule|Species Clause: Limit one of each Pokémon
|rule|OHKO Clause: OHKO moves are banned
|rule|Evasion Items Clause: Evasion items are banned
|rule|Evasion Moves Clause: Evasion moves are banned
|rule|Evasion Abilities Clause: Evasion abilities are banned
|rule|Sleep Moves Clause: Sleep-inducing moves are banned
|clearpoke
|poke|p1|Garganacl, F|
|poke|p1|Hoopa-Unbound|
|poke|p1|Dragapult, M|
|poke|p1|Vileplume, M|
|poke|p1|Scizor, M|
|poke|p1|Zoroark-Hisui, M|
|poke|p2|Mamoswine, F|
|poke|p2|Alomomola, M|
|poke|p2|Zapdos|
|poke|p2|Cinderace, M|
|poke|p2|Scizor, M|
|poke|p2|Dragapult, F|
|teampreview
|inactive|Battle timer is ON: inactive players will automatically lose when time's up. (requested by beaudiddly)
|inactive|beaudiddly has 120 seconds left.
|
|t:|1759000765
|teamsize|p1|6
|teamsize|p2|6
|start
|switch|p1a: Scizor|Scizor, M|100/100
|switch|p2a: Zapdos|Zapdos|100/100
|turn|1
|
|t:|1759000772
|switch|p1a: Garganacl|Garganacl, F|100/100
|move|p2a: Zapdos|Heat Wave|p1a: Garganacl
|-resisted|p1a: Garganacl
|-damage|p1a: Garganacl|89/100
|
|-heal|p1a: Garganacl|95/100|[from] item: Leftovers
|upkeep
|turn|2
|
|t:|1759000791
|move|p2a: Zapdos|Volt Switch|p1a: Garganacl
|-damage|p1a: Garganacl|72/100
|inactive|beaudiddly has 120 seconds left.
|
|t:|1759000811
|switch|p2a: Alomomola|Alomomola, M|100/100|[from] Volt Switch
|move|p1a: Garganacl|Salt Cure|p2a: Alomomola
|-damage|p2a: Alomomola|93/100
|-start|p2a: Alomomola|Salt Cure
|
|-heal|p1a: Garganacl|78/100|[from] item: Leftovers
|-damage|p2a: Alomomola|68/100|[from] Salt Cure
|upkeep
|turn|3
|
|t:|1759000821
|move|p1a: Garganacl|Protect|p1a: Garganacl
|-singleturn|p1a: Garganacl|Protect
|move|p2a: Alomomola|Flip Turn|p1a: Garganacl
|-activate|p1a: Garganacl|move: Protect
|
|-heal|p1a: Garganacl|84/100|[from] item: Leftovers
|-damage|p2a: Alomomola|43/100|[from] Salt Cure
|upkeep
|turn|4
|
|t:|1759000827
|switch|p1a: Vileplume|Vileplume, M|100/100
|move|p2a: Alomomola|Flip Turn|p1a: Vileplume
|-resisted|p1a: Vileplume
|-damage|p1a: Vileplume|94/100
|-damage|p2a: Alomomola|26/100|[from] item: Rocky Helmet|[of] p1a: Vileplume
|inactive|beaudiddly has 120 seconds left.
|
|t:|1759000847
|switch|p2a: Scizor|Scizor, M|100/100|[from] Flip Turn
|
|upkeep
|turn|5
|
|t:|1759000861
|move|p2a: Scizor|U-turn|p1a: Vileplume
|-damage|p1a: Vileplume|62/100
|-damage|p2a: Scizor|84/100|[from] item: Rocky Helmet|[of] p1a: Vileplume
|inactive|beaudiddly has 120 seconds left.
|
|t:|1759000875
|switch|p2a: Zapdos|Zapdos|100/100|[from] U-turn
|move|p1a: Vileplume|Strength Sap|p2a: Zapdos
|-unboost|p2a: Zapdos|atk|1
|-heal|p1a: Vileplume|100/100
|
|upkeep
|turn|6
|inactive|jxrx has 120 seconds left.
|
|t:|1759000913
|switch|p1a: Garganacl|Garganacl, F|84/100
|move|p2a: Zapdos|Volt Switch|p1a: Garganacl
|-damage|p1a: Garganacl|60/100
|
|t:|1759000922
|switch|p2a: Mamoswine|Mamoswine, F|100/100|[from] Volt Switch
|
|-heal|p1a: Garganacl|66/100|[from] item: Leftovers
|upkeep
|turn|7
|inactive|jxrx has 120 seconds left.
|
|t:|1759000948
|move|p1a: Garganacl|Protect|p1a: Garganacl
|-singleturn|p1a: Garganacl|Protect
|move|p2a: Mamoswine|Earthquake|p1a: Garganacl
|-activate|p1a: Garganacl|move: Protect
|
|-heal|p1a: Garganacl|72/100|[from] item: Leftovers
|upkeep
|turn|8
|
|t:|1759000953
|switch|p1a: Vileplume|Vileplume, M|100/100
|move|p2a: Mamoswine|Earthquake|p1a: Vileplume
|-damage|p1a: Vileplume|55/100
|
|upkeep
|turn|9
|
|t:|1759000959
|move|p2a: Mamoswine|Icicle Crash|p1a: Vileplume
|-supereffective|p1a: Vileplume
|-damage|p1a: Vileplume|0 fnt
|faint|p1a: Vileplume
|
|upkeep
|
|t:|1759000965
|switch|p1a: Scizor|Scizor, M|100/100
|turn|10
|
|t:|1759000982
|switch|p2a: Zapdos|Zapdos|100/100
|move|p1a: Scizor|Hyper Voice|p2a: Zapdos
|-damage|p2a: Zapdos|26/100
|
|upkeep
|turn|11
|inactive|beaudiddly has 120 seconds left.
|
|t:|1759001011
|switch|p2a: Dragapult|Dragapult, F|100/100
|move|p1a: Scizor|Hyper Voice|p2a: Dragapult
|-immune|p2a: Dragapult
|
|upkeep
|turn|12
|
|t:|1759001017
|switch|p1a: Garganacl|Garganacl, F|72/100
|move|p2a: Dragapult|U-turn|p1a: Garganacl
|-damage|p1a: Garganacl|58/100
|
|t:|1759001021
|switch|p2a: Mamoswine|Mamoswine, F|100/100|[from] U-turn
|
|-heal|p1a: Garganacl|64/100|[from] item: Leftovers
|upkeep
|turn|13
|
|t:|1759001035
|switch|p1a: Scizor|Scizor, M|100/100
|move|p2a: Mamoswine|Earthquake|p1a: Scizor
|-damage|p1a: Scizor|40/100
|
|upkeep
|turn|14
|inactive|beaudiddly has 120 seconds left.
|
|t:|1759001058
|switch|p2a: Zapdos|Zapdos|26/100
|move|p1a: Scizor|Bullet Punch|p2a: Zapdos
|-resisted|p2a: Zapdos
|-crit|p2a: Zapdos
|-damage|p2a: Zapdos|0 fnt
|faint|p2a: Zapdos
|
|upkeep
|inactive|beaudiddly has 120 seconds left.
|
|t:|1759001074
|switch|p2a: Alomomola|Alomomola, M|59/100
|turn|15
|
|t:|1759001082
|switch|p1a: Hoopa|Hoopa-Unbound|100/100
|move|p2a: Alomomola|Flip Turn|p1a: Hoopa
|-damage|p1a: Hoopa|82/100
|
|t:|1759001103
|switch|p2a: Scizor|Scizor, M|84/100|[from] Flip Turn
|
|upkeep
|turn|16
|
|t:|1759001120
|move|p1a: Hoopa|Knock Off|p2a: Scizor
|-damage|p2a: Scizor|31/100
|-enditem|p2a: Scizor|Sitrus Berry|[from] move: Knock Off|[of] p1a: Hoopa
|move|p2a: Scizor|U-turn|p1a: Hoopa
|-supereffective|p1a: Hoopa
|-damage|p1a: Hoopa|0 fnt
|faint|p1a: Hoopa
|
|t:|1759001136
|switch|p2a: Dragapult|Dragapult, F|100/100|[from] U-turn
|
|upkeep
|inactive|jxrx has 120 seconds left.
|
|t:|1759001162
|switch|p1a: Garganacl|Garganacl, F|64/100
|turn|17
|
|t:|1759001173
|move|p2a: Dragapult|U-turn|p1a: Garganacl
|-damage|p1a: Garganacl|52/100
|
|t:|1759001179
|switch|p2a: Alomomola|Alomomola, M|93/100|[from] U-turn
|move|p1a: Garganacl|Salt Cure|p2a: Alomomola
|-damage|p2a: Alomomola|86/100
|-start|p2a: Alomomola|Salt Cure
|
|-heal|p1a: Garganacl|58/100|[from] item: Leftovers
|-damage|p2a: Alomomola|61/100|[from] Salt Cure
|upkeep
|turn|18
|
|t:|1759001184
|move|p1a: Garganacl|Protect|p1a: Garganacl
|-singleturn|p1a: Garganacl|Protect
|move|p2a: Alomomola|Flip Turn|p1a: Garganacl
|-activate|p1a: Garganacl|move: Protect
|
|-heal|p1a: Garganacl|64/100|[from] item: Leftovers
|-damage|p2a: Alomomola|36/100|[from] Salt Cure
|upkeep
|turn|19
|
|t:|1759001190
|move|p2a: Alomomola|Flip Turn|p1a: Garganacl
|-supereffective|p1a: Garganacl
|-damage|p1a: Garganacl|44/100
|inactive|beaudiddly has 120 seconds left.
|
|t:|1759001202
|switch|p2a: Mamoswine|Mamoswine, F|100/100|[from] Flip Turn
|move|p1a: Garganacl|Stealth Rock|p2a: Mamoswine
|-sidestart|p2: beaudiddly|move: Stealth Rock
|
|-heal|p1a: Garganacl|50/100|[from] item: Leftovers
|upkeep
|turn|20
|inactive|beaudiddly has 120 seconds left.
|
|t:|1759001208
|move|p1a: Garganacl|Protect|p1a: Garganacl
|-singleturn|p1a: Garganacl|Protect
|move|p2a: Mamoswine|Earthquake|p1a: Garganacl
|-activate|p1a: Garganacl|move: Protect
|
|-heal|p1a: Garganacl|56/100|[from] item: Leftovers
|upkeep
|turn|21
|
|t:|1759001214
|-terastallize|p1a: Garganacl|Ghost
|move|p2a: Mamoswine|Earthquake|p1a: Garganacl
|-damage|p1a: Garganacl|18/100
|move|p1a: Garganacl|Salt Cure|p2a: Mamoswine
|-damage|p2a: Mamoswine|84/100
|-start|p2a: Mamoswine|Salt Cure
|
|-heal|p1a: Garganacl|24/100|[from] item: Leftovers
|-damage|p2a: Mamoswine|71/100|[from] Salt Cure
|upkeep
|turn|22
|
|t:|1759001230
|move|p1a: Garganacl|Protect|p1a: Garganacl
|-singleturn|p1a: Garganacl|Protect
|move|p2a: Mamoswine|Earthquake|p1a: Garganacl
|-activate|p1a: Garganacl|move: Protect
|
|-heal|p1a: Garganacl|30/100|[from] item: Leftovers
|-damage|p2a: Mamoswine|59/100|[from] Salt Cure
|upkeep
|turn|23
|
|t:|1759001243
|move|p2a: Mamoswine|Earthquake|p1a: Garganacl
|-damage|p1a: Garganacl|0 fnt
|faint|p1a: Garganacl
|
|-damage|p2a: Mamoswine|46/100|[from] Salt Cure
|upkeep
|
|t:|1759001248
|switch|p1a: Scizor|Scizor, M|40/100
|turn|24
|
|t:|1759001264
|switch|p2a: Alomomola|Alomomola, M|69/100
|move|p1a: Scizor|Bullet Punch|p2a: Alomomola
|-resisted|p2a: Alomomola
|-crit|p2a: Alomomola
|-damage|p2a: Alomomola|50/100
|
|upkeep
|turn|25
|
|t:|1759001285
|move|p1a: Scizor|Bullet Punch|p2a: Alomomola
|-resisted|p2a: Alomomola
|-damage|p2a: Alomomola|37/100
|move|p2a: Alomomola|Flip Turn|p1a: Scizor
|-damage|p1a: Scizor|24/100
|
|t:|1759001289
|switch|p2a: Cinderace|Cinderace, M|100/100|[from] Flip Turn
|
|upkeep
|turn|26
|
|t:|1759001294
|move|p1a: Scizor|Bullet Punch|p2a: Cinderace
|-resisted|p2a: Cinderace
|-damage|p2a: Cinderace|68/100
|move|p2a: Cinderace|Court Change|p2a: Cinderace
|-swapsideconditions
|-activate|p2a: Cinderace|move: Court Change
|
|upkeep
|turn|27
|
|t:|1759001298
|move|p1a: Scizor|Bullet Punch|p2a: Cinderace
|-resisted|p2a: Cinderace
|-damage|p2a: Cinderace|36/100
|move|p2a: Cinderace|Pyro Ball|p1a: Scizor
|-supereffective|p1a: Scizor
|-damage|p1a: Scizor|0 fnt
|faint|p1a: Scizor
|
|upkeep
|
|t:|1759001304
|switch|p1a: Dragapult|Dragapult, M|100/100
|-damage|p1a: Dragapult|88/100|[from] Stealth Rock
|turn|28
|
|t:|1759001319
|move|p1a: Dragapult|Substitute|p1a: Dragapult
|-start|p1a: Dragapult|Substitute
|-damage|p1a: Dragapult|63/100
|move|p2a: Cinderace|Will-O-Wisp|p1a: Dragapult|[miss]
|-miss|p2a: Cinderace|p1a: Dragapult
|
|-heal|p1a: Dragapult|69/100|[from] item: Leftovers
|upkeep
|turn|29
|
|t:|1759001327
|move|p1a: Dragapult|Dragon Darts|p2a: Cinderace
|-damage|p2a: Cinderace|7/100
|-anim|p1a: Dragapult|Dragon Darts|p2a: Cinderace
|-damage|p2a: Cinderace|0 fnt
|faint|p2a: Cinderace
|
|-heal|p1a: Dragapult|75/100|[from] item: Leftovers
|upkeep
|
|t:|1759001342
|switch|p2a: Scizor|Scizor, M|31/100
|turn|30
|
|t:|1759001355
|move|p2a: Scizor|Bullet Punch|p1a: Dragapult
|-end|p1a: Dragapult|Substitute
|move|p1a: Dragapult|Phantom Force||[still]
|-prepare|p1a: Dragapult|Phantom Force
|
|-heal|p1a: Dragapult|81/100|[from] item: Leftovers
|upkeep
|turn|31
|
|t:|1759001367
|move|p1a: Dragapult|Phantom Force|p2a: Scizor|[from] lockedmove
|-damage|p2a: Scizor|0 fnt
|faint|p2a: Scizor
|
|-heal|p1a: Dragapult|87/100|[from] item: Leftovers
|upkeep
|
|t:|1759001374
|switch|p2a: Mamoswine|Mamoswine, F|46/100
|turn|32
|
|t:|1759001392
|switch|p1a: Dragapult|Dragapult, M|100/100
|-damage|p1a: Dragapult|88/100|[from] Stealth Rock
|-terastallize|p2a: Mamoswine|Ice
|move|p2a: Mamoswine|Ice Shard|p1a: Dragapult
|-damage|p1a: Dragapult|9/100
|replace|p1a: Zoroark|Zoroark-Hisui, M
|-end|p1a: Zoroark|Illusion
|
|upkeep
|turn|33
|
|t:|1759001399
|move|p2a: Mamoswine|Ice Shard|p1a: Zoroark
|-damage|p1a: Zoroark|0 fnt
|faint|p1a: Zoroark
|
|upkeep
|
|t:|1759001407
|switch|p1a: Dragapult|Dragapult, M|87/100
|-damage|p1a: Dragapult|75/100|[from] Stealth Rock
|turn|34
|
|t:|1759001410
|move|p2a: Mamoswine|Ice Shard|p1a: Dragapult
|-supereffective|p1a: Dragapult
|-damage|p1a: Dragapult|0 fnt
|faint|p1a: Dragapult
|
|win|beaudiddly
|raw|jxrx's rating: 1520 &rarr; <strong>1500</strong><br />(-20 for losing)
|raw|beaudiddly's rating: 1526 &rarr; <strong>1546</strong><br />(+20 for winning)
|l|☆jxrx
|player|p1|
