|badge|p2|bronze|gen9ou|100-6
|html|<div class="broadcast-red"><strong>This battle is required to be public due to one or more player having a season medal.</strong><br />During the public phase, you can discuss the state of the ladder <a href="/seasondiscussion">in a special chatroom.</a></div>
|uhtml|medal-msg|<div class="broadcast-blue">Curious what those medals under the avatar are? PS now has Ladder Seasons! For more information, check out the <a href="https://www.smogon.com/forums/threads/3740067/">thread on Smogon.</a></div>
|raw|<div class="broadcast-blue"><strong>This battle is required to be public due to a player having a name starting with 'medal'.</div>
|j|☆lerendezvous
|j|☆MunchlaxTheGodKing
|t:|1758985183
|gametype|singles
|player|p1|lerendezvous|101|1762
|player|p2|MunchlaxTheGodKing|furisodegirl-black|1727
|gen|9
|tier|[Gen 9] OU
|rated|
|rule|HP Percentage Mod: HP is shown in percentages
|rule|Endless Battle Clause: Forcing endless battles is banned
|rule|Species Clause: Limit one of each Pokémon
|rule|OHKO Clause: OHKO moves are banned
|rule|Evasion Items Clause: Evasion items are banned
|rule|Evasion Moves Clause: Evasion moves are banned
|rule|Evasion Abilities Clause: Evasion abilities are banned
|rule|Sleep Moves Clause: Sleep-inducing moves are banned
|clearpoke
|poke|p1|Ogerpon-Wellspring, F|
|poke|p1|Slowking-Galar, F|
|poke|p1|Great Tusk|
|poke|p1|Moltres|
|poke|p1|Dragapult, M|
|poke|p1|Kingambit, M|
|poke|p2|Zamazenta-*|
|poke|p2|Dragapult, M|
|poke|p2|Raging Bolt|
|poke|p2|Moltres|
|poke|p2|Iron Treads|
|poke|p2|Samurott-Hisui, F|
|teampreview
|inactive|Battle timer is ON: inactive players will automatically lose when time's up. (requested by MunchlaxTheGodKing)
|
|t:|1758985191
|teamsize|p1|6
|teamsize|p2|6
|start
|switch|p1a: Slowking|Slowking-Galar, F|100/100
|switch|p2a: 踩踩背|Iron Treads|100/100
|turn|1
|inactive|lerendezvous also wants the timer to be on.
|
|t:|1758985195
|move|p2a: 踩踩背|Knock Off|p1a: Slowking
|-supereffective|p1a: Slowking
|-damage|p1a: Slowking|57/100
|-enditem|p1a: Slowking|Assault Vest|[from] move: Knock Off|[of] p2a: 踩踩背
|move|p1a: Slowking|Flamethrower|p2a: 踩踩背
|-supereffective|p2a: 踩踩背
|-damage|p2a: 踩踩背|51/100
|
|-heal|p2a: 踩踩背|57/100|[from] item: Leftovers
|upkeep
|turn|2
|
|t:|1758985202
|move|p2a: 踩踩背|Stealth Rock|p1a: Slowking
|-sidestart|p1: lerendezvous|move: Stealth Rock
|move|p1a: Slowking|Flamethrower|p2a: 踩踩背
|-supereffective|p2a: 踩踩背
|-damage|p2a: 踩踩背|11/100
|-status|p2a: 踩踩背|brn
|
|-heal|p2a: 踩踩背|17/100 brn|[from] item: Leftovers
|-damage|p2a: 踩踩背|11/100 brn|[from] brn
|upkeep
|turn|3
|
|t:|1758985207
|-end|p2a: 踩踩背|Quark Drive|[silent]
|switch|p2a: 90%≠don't blunder|Samurott-Hisui, F|100/100
|switch|p1a: Ogerpon|Ogerpon-Wellspring, F|100/100
|-damage|p1a: Ogerpon|88/100|[from] Stealth Rock
|
|upkeep
|turn|4
|
|t:|1758985211
|switch|p2a: 脑袋尖尖的|Zamazenta|100/100
|-ability|p2a: 脑袋尖尖的|Dauntless Shield|boost
|-boost|p2a: 脑袋尖尖的|def|1
|move|p1a: Ogerpon|U-turn|p2a: 脑袋尖尖的
|-resisted|p2a: 脑袋尖尖的
|-damage|p2a: 脑袋尖尖的|92/100
|j| wgw2333
|
|t:|1758985217
|switch|p1a: Slowking|Slowking-Galar, F|90/100|[from] U-turn
|-damage|p1a: Slowking|78/100|[from] Stealth Rock
|
|upkeep
|turn|5
|l| wgw2333
|
|t:|1758985246
|move|p2a: 脑袋尖尖的|Crunch|p1a: Slowking
|-supereffective|p1a: Slowking
|-damage|p1a: Slowking|7/100
|-damage|p2a: 脑袋尖尖的|82/100|[from] item: Life Orb
|move|p1a: Slowking|Sludge Bomb|p2a: 脑袋尖尖的
|-damage|p2a: 脑袋尖尖的|43/100
|
|upkeep
|turn|6
|
|t:|1758985252
|switch|p1a: Great Tusk|Great Tusk|100/100
|-damage|p1a: Great Tusk|98/100|[from] Stealth Rock
|move|p2a: 脑袋尖尖的|Close Combat|p1a: Great Tusk
|-damage|p1a: Great Tusk|45/100
|-unboost|p2a: 脑袋尖尖的|def|1
|-unboost|p2a: 脑袋尖尖的|spd|1
|-damage|p2a: 脑袋尖尖的|26/100|[from] item: Rocky Helmet|[of] p1a: Great Tusk
|-damage|p2a: 脑袋尖尖的|17/100|[from] item: Life Orb
|
|upkeep
|turn|7
|
|t:|1758985260
|-end|p1a: Great Tusk|Protosynthesis|[silent]
|switch|p1a: Slowking|Slowking-Galar, F|41/100
|-damage|p1a: Slowking|28/100|[from] Stealth Rock
|move|p2a: 脑袋尖尖的|Psychic Fangs|p1a: Slowking
|-damage|p1a: Slowking|0 fnt
|faint|p1a: Slowking
|-damage|p2a: 脑袋尖尖的|7/100|[from] item: Life Orb
|
|upkeep
|
|t:|1758985265
|switch|p1a: Moltres|Moltres|100/100
|turn|8
|
|t:|1758985281
|switch|p2a: 90%≠don't blunder|Samurott-Hisui, F|100/100
|move|p1a: Moltres|U-turn|p2a: 90%≠don't blunder
|-supereffective|p2a: 90%≠don't blunder
|-damage|p2a: 90%≠don't blunder|62/100
|
|t:|1758985288
|switch|p1a: Great Tusk|Great Tusk|45/100|[from] U-turn
|-damage|p1a: Great Tusk|42/100|[from] Stealth Rock
|
|upkeep
|turn|9
|
|t:|1758985292
|move|p1a: Great Tusk|Stealth Rock|p2a: 90%≠don't blunder
|-sidestart|p2: MunchlaxTheGodKing|move: Stealth Rock
|move|p2a: 90%≠don't blunder|Razor Shell|p1a: Great Tusk
|-supereffective|p1a: Great Tusk
|-damage|p1a: Great Tusk|0 fnt
|-damage|p2a: 90%≠don't blunder|45/100|[from] item: Rocky Helmet|[of] p1a: Great Tusk
|faint|p1a: Great Tusk
|-end|p1a: Great Tusk|Protosynthesis|[silent]
|
|upkeep
|
|t:|1758985298
|switch|p1a: Dragapult|Dragapult, M|100/100
|turn|10
|j| IM AT MY LIMIT
|
|t:|1758985309
|switch|p2a: 脑袋尖尖的|Zamazenta|7/100
|-damage|p2a: 脑袋尖尖的|1/100|[from] Stealth Rock
|move|p1a: Dragapult|Dragon Darts|p2a: 脑袋尖尖的
|-damage|p2a: 脑袋尖尖的|0 fnt
|faint|p2a: 脑袋尖尖的
|
|upkeep
|
|t:|1758985319
|switch|p2a: 长脖奶龙|Raging Bolt|100/100
|turn|11
|
|t:|1758985324
|-terastallize|p2a: 长脖奶龙|Fairy
|move|p1a: Dragapult|U-turn|p2a: 长脖奶龙
|-resisted|p2a: 长脖奶龙
|-damage|p2a: 长脖奶龙|91/100
|
|t:|1758985329
|switch|p1a: Kingambit|Kingambit, M|100/100|[from] U-turn
|-damage|p1a: Kingambit|94/100|[from] Stealth Rock
|-activate|p1a: Kingambit|ability: Supreme Overlord
|-start|p1a: Kingambit|fallen2|[silent]
|move|p2a: 长脖奶龙|Draco Meteor|p1a: Kingambit
|-resisted|p1a: Kingambit
|-damage|p1a: Kingambit|53/100
|-unboost|p2a: 长脖奶龙|spa|2
|
|-heal|p1a: Kingambit|60/100|[from] item: Leftovers
|upkeep
|turn|12
|
|t:|1758985337
|move|p1a: Kingambit|Sucker Punch|p2a: 长脖奶龙
|-resisted|p2a: 长脖奶龙
|-damage|p2a: 长脖奶龙|72/100
|move|p2a: 长脖奶龙|Volt Switch|p1a: Kingambit
|-damage|p1a: Kingambit|38/100
|
|t:|1758985347
|-end|p2a: 长脖奶龙|Protosynthesis|[silent]
|switch|p2a: 90%≠don't blunder|Samurott-Hisui, F|45/100|[from] Volt Switch
|-damage|p2a: 90%≠don't blunder|33/100|[from] Stealth Rock
|
|-heal|p1a: Kingambit|44/100|[from] item: Leftovers
|upkeep
|turn|13
|
|t:|1758985355
|-end|p1a: Kingambit|fallen2|[silent]
|switch|p1a: Ogerpon|Ogerpon-Wellspring, F|88/100
|-damage|p1a: Ogerpon|76/100|[from] Stealth Rock
|move|p2a: 90%≠don't blunder|Ceaseless Edge|p1a: Ogerpon|[miss]
|-miss|p2a: 90%≠don't blunder|p1a: Ogerpon
|
|upkeep
|turn|14
|
|t:|1758985359
|switch|p1a: Dragapult|Dragapult, M|100/100
|switch|p2a: 踩踩背|Iron Treads|11/100 brn
|-damage|p2a: 踩踩背|8/100 brn|[from] Stealth Rock
|
|-heal|p2a: 踩踩背|14/100 brn|[from] item: Leftovers
|-damage|p2a: 踩踩背|8/100 brn|[from] brn
|upkeep
|turn|15
|
|t:|1758985367
|move|p1a: Dragapult|Will-O-Wisp|p2a: 踩踩背
|-fail|p2a: 踩踩背|brn
|move|p2a: 踩踩背|Knock Off|p1a: Dragapult
|-supereffective|p1a: Dragapult
|-damage|p1a: Dragapult|66/100
|-enditem|p1a: Dragapult|Heavy-Duty Boots|[from] move: Knock Off|[of] p2a: 踩踩背
|
|-heal|p2a: 踩踩背|14/100 brn|[from] item: Leftovers
|-damage|p2a: 踩踩背|8/100 brn|[from] brn
|upkeep
|turn|16
|
|t:|1758985372
|move|p1a: Dragapult|Will-O-Wisp|p2a: 踩踩背
|-fail|p2a: 踩踩背|brn
|move|p2a: 踩踩背|Earthquake|p1a: Dragapult
|-damage|p1a: Dragapult|41/100
|
|-heal|p2a: 踩踩背|14/100 brn|[from] item: Leftovers
|-damage|p2a: 踩踩背|8/100 brn|[from] brn
|upkeep
|turn|17
|
|t:|1758985376
|move|p1a: Dragapult|Hex|p2a: 踩踩背
|-damage|p2a: 踩踩背|0 fnt
|faint|p2a: 踩踩背
|-end|p2a: 踩踩背|Quark Drive|[silent]
|
|upkeep
|
|t:|1758985384
|switch|p2a: 24岁 喜欢发射孩子|Dragapult, M|100/100
|-damage|p2a: 24岁 喜欢发射孩子|88/100|[from] Stealth Rock
|turn|18
|
|t:|1758985389
|move|p1a: Dragapult|Dragon Darts|p2a: 24岁 喜欢发射孩子
|-supereffective|p2a: 24岁 喜欢发射孩子
|-damage|p2a: 24岁 喜欢发射孩子|33/100
|-anim|p1a: Dragapult|Dragon Darts|p2a: 24岁 喜欢发射孩子
|-supereffective|p2a: 24岁 喜欢发射孩子
|-damage|p2a: 24岁 喜欢发射孩子|0 fnt
|faint|p2a: 24岁 喜欢发射孩子
|
|upkeep
|
|t:|1758985398
|switch|p2a: Moltres|Moltres|100/100
|turn|19
|
|t:|1758985403
|move|p1a: Dragapult|Dragon Darts|p2a: Moltres
|-damage|p2a: Moltres|80/100
|-anim|p1a: Dragapult|Dragon Darts|p2a: Moltres
|-damage|p2a: Moltres|58/100
|move|p2a: Moltres|Hurricane|p1a: Dragapult
|-crit|p1a: Dragapult
|-damage|p1a: Dragapult|0 fnt
|faint|p1a: Dragapult
|
|upkeep
|
|t:|1758985411
|switch|p1a: Ogerpon|Ogerpon-Wellspring, F|76/100
|-damage|p1a: Ogerpon|64/100|[from] Stealth Rock
|turn|20
|
|t:|1758985422
|move|p1a: Ogerpon|Ivy Cudgel|p2a: Moltres|[anim] Ivy Cudgel Water
|-supereffective|p2a: Moltres
|-damage|p2a: Moltres|0 fnt
|faint|p2a: Moltres
|
|upkeep
|
|t:|1758985424
|switch|p2a: 长脖奶龙|Raging Bolt, tera:Fairy|72/100
|turn|21
|
|t:|1758985429
|move|p1a: Ogerpon|Power Whip|p2a: 长脖奶龙
|-damage|p2a: 长脖奶龙|10/100
|move|p2a: 长脖奶龙|Thunderbolt|p1a: Ogerpon
|-damage|p1a: Ogerpon|5/100
|
|upkeep
|turn|22
|
|t:|1758985435
|move|p2a: 长脖奶龙|Thunderclap|p1a: Ogerpon
|-damage|p1a: Ogerpon|0 fnt
|faint|p1a: Ogerpon
|
|upkeep
|
|t:|1758985440
|switch|p1a: Moltres|Moltres|100/100
|turn|23
|
|t:|1758985459
|-terastallize|p1a: Moltres|Fairy
|move|p2a: 长脖奶龙|Volt Switch|p1a: Moltres
|-damage|p1a: Moltres|57/100
|
|t:|1758985461
|-end|p2a: 长脖奶龙|Protosynthesis|[silent]
|switch|p2a: 90%≠don't blunder|Samurott-Hisui, F|33/100|[from] Volt Switch
|-damage|p2a: 90%≠don't blunder|20/100|[from] Stealth Rock
|move|p1a: Moltres|Flamethrower|p2a: 90%≠don't blunder
|-resisted|p2a: 90%≠don't blunder
|-damage|p2a: 90%≠don't blunder|0 fnt
|faint|p2a: 90%≠don't blunder
|
|upkeep
|
|t:|1758985463
|switch|p2a: 长脖奶龙|Raging Bolt, tera:Fairy|10/100
|turn|24
|
|t:|1758985468
|switch|p1a: Kingambit|Kingambit, M|44/100
|-damage|p1a: Kingambit|38/100|[from] Stealth Rock
|-activate|p1a: Kingambit|ability: Supreme Overlord
|-start|p1a: Kingambit|fallen4|[silent]
|move|p2a: 长脖奶龙|Thunderbolt|p1a: Kingambit
|-damage|p1a: Kingambit|0 fnt
|faint|p1a: Kingambit
|-end|p1a: Kingambit|fallen4|[silent]
|
|upkeep
|
|t:|1758985473
|switch|p1a: Moltres|Moltres, tera:Fairy|57/100
|turn|25
|
|t:|1758985478
|move|p2a: 长脖奶龙|Thunderbolt|p1a: Moltres
|-damage|p1a: Moltres|1/100
|-status|p1a: Moltres|par
|cant|p1a: Moltres|par
|
|upkeep
|turn|26
|
|t:|1758985482
|move|p2a: 长脖奶龙|Thunderbolt|p1a: Moltres
|-damage|p1a: Moltres|0 fnt
|faint|p1a: Moltres
|
|win|MunchlaxTheGodKing
|raw|lerendezvous's rating: 1762 &rarr; <strong>1740</strong><br />(-22 for losing)
|raw|MunchlaxTheGodKing's rating: 1727 &rarr; <strong>1749</strong><br />(+22 for winning)
