|j|☆Shibuya Arc
|j|☆GermanDude5
|t:|1758965171
|gametype|singles
|player|p1|Shibuya Arc|265|1734
|player|p2|GermanDude5|170|1724
|gen|9
|tier|[Gen 9] OU
|rated|
|rule|HP Percentage Mod: HP is shown in percentages
|rule|Endless Battle Clause: Forcing endless battles is banned
|rule|Species Clause: Limit one of each Pokémon
|rule|OHKO Clause: OHKO moves are banned
|rule|Evasion Items Clause: Evasion items are banned
|rule|Evasion Moves Clause: Evasion moves are banned
|rule|Evasion Abilities Clause: Evasion abilities are banned
|rule|Sleep Moves Clause: Sleep-inducing moves are banned
|clearpoke
|poke|p1|Dragapult, M|
|poke|p1|Dragonite, F|
|poke|p1|Ting-Lu|
|poke|p1|Weezing-Galar, F|
|poke|p1|Iron Crown|
|poke|p1|Zapdos|
|poke|p2|Enamorus, F|
|poke|p2|Great Tusk|
|poke|p2|Dragapult, M|
|poke|p2|Alomomola, M|
|poke|p2|Iron Crown|
|poke|p2|Kingambit, F|
|teampreview
|inactive|Battle timer is ON: inactive players will automatically lose when time's up. (requested by Shibuya Arc)
|
|t:|1758965188
|teamsize|p1|6
|teamsize|p2|6
|start
|switch|p1a: Ting-Lu|Ting-Lu|100/100
|switch|p2a: Enamorus|Enamorus, F|100/100
|-ability|p1a: Ting-Lu|Vessel of Ruin
|turn|1
|
|t:|1758965195
|-terastallize|p1a: Ting-Lu|Water
|move|p2a: Enamorus|Moonblast|p1a: Ting-Lu
|-crit|p1a: Ting-Lu
|-damage|p1a: Ting-Lu|44/100
|-unboost|p1a: Ting-Lu|spa|1
|move|p1a: Ting-Lu|Ruination|p2a: Enamorus
|-damage|p2a: Enamorus|51/100
|
|-heal|p1a: Ting-Lu|50/100|[from] item: Leftovers
|upkeep
|turn|2
|
|t:|1758965204
|move|p2a: Enamorus|Moonblast|p1a: Ting-Lu
|-damage|p1a: Ting-Lu|12/100
|move|p1a: Ting-Lu|Stealth Rock|p2a: Enamorus
|-sidestart|p2: GermanDude5|move: Stealth Rock
|
|-heal|p1a: Ting-Lu|19/100|[from] item: Leftovers
|upkeep
|turn|3
|
|t:|1758965210
|move|p2a: Enamorus|Moonblast|p1a: Ting-Lu
|-damage|p1a: Ting-Lu|0 fnt
|faint|p1a: Ting-Lu
|
|upkeep
|
|t:|1758965217
|switch|p1a: Iron Crown|Iron Crown|100/100
|turn|4
|
|t:|1758965225
|switch|p2a: Alomomola|Alomomola, M|100/100
|move|p1a: Iron Crown|Psyshock|p2a: Alomomola
|-damage|p2a: Alomomola|67/100
|
|upkeep
|turn|5
|
|t:|1758965249
|-end|p1a: Iron Crown|Quark Drive|[silent]
|switch|p1a: Zapdos|Zapdos|100/100
|move|p2a: Alomomola|Flip Turn|p1a: Zapdos
|-damage|p1a: Zapdos|80/100
|inactive|GermanDude5 has 120 seconds left.
|
|t:|1758965281
|switch|p2a: Dragapult|Dragapult, M|100/100|[from] Flip Turn
|-damage|p2a: Dragapult|88/100|[from] Stealth Rock
|
|upkeep
|turn|6
|
|t:|1758965288
|move|p2a: Dragapult|Draco Meteor|p1a: Zapdos
|-damage|p1a: Zapdos|0 fnt
|-unboost|p2a: Dragapult|spa|2
|faint|p1a: Zapdos
|
|upkeep
|
|t:|1758965298
|switch|p1a: Iron Crown|Iron Crown|100/100
|turn|7
|inactive|GermanDude5 has 120 seconds left.
|
|t:|1758965329
|switch|p2a: Iron Crown|Iron Crown|100/100
|-damage|p2a: Iron Crown|94/100|[from] Stealth Rock
|move|p1a: Iron Crown|Volt Switch|p2a: Iron Crown
|-damage|p2a: Iron Crown|70/100
|
|t:|1758965337
|-end|p1a: Iron Crown|Quark Drive|[silent]
|switch|p1a: Dragapult|Dragapult, M|100/100|[from] Volt Switch
|
|upkeep
|turn|8
|
|t:|1758965355
|-end|p2a: Iron Crown|Quark Drive|[silent]
|switch|p2a: Enamorus|Enamorus, F|51/100
|-damage|p2a: Enamorus|26/100|[from] Stealth Rock
|move|p1a: Dragapult|Hex|p2a: Enamorus
|-damage|p2a: Enamorus|0 fnt
|faint|p2a: Enamorus
|
|upkeep
|inactive|GermanDude5 has 90 seconds left.
|inactive|GermanDude5 has 60 seconds left.
|
|t:|1758965405
|switch|p2a: Great Tusk|Great Tusk|100/100
|turn|9
|
|t:|1758965412
|move|p1a: Dragapult|Will-O-Wisp|p2a: Great Tusk
|-status|p2a: Great Tusk|brn
|move|p2a: Great Tusk|Ice Spinner|p1a: Dragapult
|-supereffective|p1a: Dragapult
|-damage|p1a: Dragapult|59/100
|
|-damage|p2a: Great Tusk|94/100 brn|[from] brn
|upkeep
|turn|10
|inactive|GermanDude5 has 60 seconds left.
|
|t:|1758965424
|move|p1a: Dragapult|Hex|p2a: Great Tusk
|-damage|p2a: Great Tusk|17/100 brn
|move|p2a: Great Tusk|Ice Spinner|p1a: Dragapult
|-supereffective|p1a: Dragapult
|-damage|p1a: Dragapult|20/100
|
|-damage|p2a: Great Tusk|11/100 brn|[from] brn
|upkeep
|turn|11
|
|t:|1758965432
|move|p1a: Dragapult|Hex|p2a: Great Tusk
|-damage|p2a: Great Tusk|0 fnt
|faint|p2a: Great Tusk
|-end|p2a: Great Tusk|Protosynthesis|[silent]
|
|upkeep
|inactive|GermanDude5 has 60 seconds left.
|
|t:|1758965462
|switch|p2a: Alomomola|Alomomola, M|99/100
|turn|12
|
|t:|1758965469
|move|p1a: Dragapult|Will-O-Wisp|p2a: Alomomola|[miss]
|-miss|p1a: Dragapult|p2a: Alomomola
|move|p2a: Alomomola|Flip Turn|p1a: Dragapult
|-resisted|p1a: Dragapult
|-damage|p1a: Dragapult|9/100
|-start|p2a: Alomomola|Disable|Flip Turn|[from] ability: Cursed Body|[of] p1a: Dragapult
|
|t:|1758965476
|switch|p2a: Dragapult|Dragapult, M|88/100|[from] Flip Turn
|-damage|p2a: Dragapult|76/100|[from] Stealth Rock
|
|upkeep
|turn|13
|
|t:|1758965483
|switch|p2a: Alomomola|Alomomola, M|100/100
|move|p1a: Dragapult|Hex|p2a: Alomomola
|-damage|p2a: Alomomola|75/100
|
|upkeep
|turn|14
|
|t:|1758965491
|move|p1a: Dragapult|Will-O-Wisp|p2a: Alomomola
|-status|p2a: Alomomola|brn
|move|p2a: Alomomola|Flip Turn|p1a: Dragapult
|-resisted|p1a: Dragapult
|-damage|p1a: Dragapult|3/100
|-start|p2a: Alomomola|Disable|Flip Turn|[from] ability: Cursed Body|[of] p1a: Dragapult
|
|t:|1758965506
|switch|p2a: Kingambit|Kingambit, F|100/100|[from] Flip Turn
|-damage|p2a: Kingambit|94/100|[from] Stealth Rock
|-activate|p2a: Kingambit|ability: Supreme Overlord
|-start|p2a: Kingambit|fallen2|[silent]
|
|-heal|p2a: Kingambit|100/100|[from] item: Leftovers
|upkeep
|turn|15
|
|t:|1758965512
|-end|p2a: Kingambit|fallen2|[silent]
|switch|p2a: Alomomola|Alomomola, M|100/100 brn
|move|p1a: Dragapult|Will-O-Wisp|p2a: Alomomola
|-fail|p2a: Alomomola|brn
|
|-damage|p2a: Alomomola|94/100 brn|[from] brn
|upkeep
|turn|16
|
|t:|1758965519
|move|p1a: Dragapult|Hex|p2a: Alomomola
|-damage|p2a: Alomomola|46/100 brn
|move|p2a: Alomomola|Flip Turn|p1a: Dragapult
|-resisted|p1a: Dragapult
|-crit|p1a: Dragapult
|-damage|p1a: Dragapult|0 fnt
|-start|p2a: Alomomola|Disable|Flip Turn|[from] ability: Cursed Body|[of] p1a: Dragapult
|faint|p1a: Dragapult
|
|t:|1758965521
|switch|p2a: Dragapult|Dragapult, M|76/100|[from] Flip Turn
|-damage|p2a: Dragapult|64/100|[from] Stealth Rock
|
|upkeep
|
|t:|1758965528
|switch|p1a: Weezing|Weezing-Galar, F|100/100
|-ability|p1a: Weezing|Neutralizing Gas
|turn|17
|
|t:|1758965535
|move|p2a: Dragapult|U-turn|p1a: Weezing
|-resisted|p1a: Weezing
|-damage|p1a: Weezing|98/100
|
|t:|1758965537
|switch|p2a: Alomomola|Alomomola, M|79/100 brn|[from] U-turn
|move|p1a: Weezing|Will-O-Wisp|p2a: Alomomola
|-fail|p2a: Alomomola|brn
|
|-damage|p2a: Alomomola|73/100 brn|[from] brn
|upkeep
|turn|18
|
|t:|1758965544
|-end|p1a: Weezing|ability: Neutralizing Gas
|switch|p1a: Dragonite|Dragonite, F|100/100
|move|p2a: Alomomola|Wish|p2a: Alomomola
|
|-damage|p2a: Alomomola|67/100 brn|[from] brn
|upkeep
|turn|19
|
|t:|1758965550
|move|p1a: Dragonite|Dragon Dance|p1a: Dragonite
|-boost|p1a: Dragonite|atk|1
|-boost|p1a: Dragonite|spe|1
|move|p2a: Alomomola|Tickle|p1a: Dragonite
|-unboost|p1a: Dragonite|atk|1
|-unboost|p1a: Dragonite|def|1
|
|-heal|p2a: Alomomola|100/100 brn|[from] move: Wish|[wisher] Alomomola
|-damage|p2a: Alomomola|94/100 brn|[from] brn
|upkeep
|turn|20
|
|t:|1758965557
|switch|p1a: Weezing|Weezing-Galar, F|98/100
|-ability|p1a: Weezing|Neutralizing Gas
|move|p2a: Alomomola|Flip Turn|p1a: Weezing
|-damage|p1a: Weezing|92/100
|
|t:|1758965560
|switch|p2a: Iron Crown|Iron Crown|70/100|[from] Flip Turn
|-damage|p2a: Iron Crown|64/100|[from] Stealth Rock
|
|upkeep
|turn|21
|
|t:|1758965566
|move|p2a: Iron Crown|Tachyon Cutter|p1a: Weezing
|-supereffective|p1a: Weezing
|-damage|p1a: Weezing|29/100
|-supereffective|p1a: Weezing
|-damage|p1a: Weezing|0 fnt
|faint|p1a: Weezing
|-end|p1a: Weezing|ability: Neutralizing Gas
|-hitcount|p1: Weezing|2
|
|upkeep
|
|t:|1758965573
|switch|p1a: Iron Crown|Iron Crown|100/100
|turn|22
|inactive|GermanDude5 has 120 seconds left.
|
|t:|1758965604
|move|p1a: Iron Crown|Focus Blast|p2a: Iron Crown
|-damage|p2a: Iron Crown|27/100
|move|p2a: Iron Crown|Future Sight|p1a: Iron Crown
|-start|p2a: Iron Crown|move: Future Sight
|
|upkeep
|turn|23
|
|t:|1758965610
|move|p1a: Iron Crown|Focus Blast|p2a: Iron Crown
|-damage|p2a: Iron Crown|0 fnt
|faint|p2a: Iron Crown
|-end|p2a: Iron Crown|Quark Drive|[silent]
|
|upkeep
|
|t:|1758965615
|switch|p2a: Dragapult|Dragapult, M|64/100
|-damage|p2a: Dragapult|51/100|[from] Stealth Rock
|turn|24
|
|t:|1758965622
|move|p2a: Dragapult|Shadow Ball|p1a: Iron Crown
|-supereffective|p1a: Iron Crown
|-damage|p1a: Iron Crown|0 fnt
|faint|p1a: Iron Crown
|-end|p1a: Iron Crown|Quark Drive|[silent]
|
|-hint|Future Sight did not hit because the target is fainted.
|upkeep
|
|t:|1758965629
|switch|p1a: Dragonite|Dragonite, F|100/100
|turn|25
|
|t:|1758965647
|-terastallize|p2a: Dragapult|Ghost
|move|p2a: Dragapult|Shadow Ball|p1a: Dragonite
|-damage|p1a: Dragonite|65/100
|move|p1a: Dragonite|Dragon Dance|p1a: Dragonite
|-boost|p1a: Dragonite|atk|1
|-boost|p1a: Dragonite|spe|1
|
|upkeep
|turn|26
|
|t:|1758965653
|move|p2a: Dragapult|Shadow Ball|p1a: Dragonite
|-damage|p1a: Dragonite|0 fnt
|faint|p1a: Dragonite
|
|win|GermanDude5
|raw|Shibuya Arc's rating: 1734 &rarr; <strong>1713</strong><br />(-21 for losing)
|raw|GermanDude5's rating: 1724 &rarr; <strong>1745</strong><br />(+21 for winning)
|l|☆Shibuya Arc
|player|p1|
|c|☆GermanDude5|gg
|l|☆GermanDude5
|player|p2|
