|j|☆zhihe7019
|j|‽DeadlockedTheory
|t:|1759032541
|gametype|singles
|player|p1|zhihe7019|cynthia|1313
|player|p2|DeadlockedTheory|1|1308
|gen|9
|tier|[Gen 9] OU
|rated|
|rule|HP Percentage Mod: HP is shown in percentages
|rule|Endless Battle Clause: Forcing endless battles is banned
|rule|Species Clause: Limit one of each Pokémon
|rule|OHKO Clause: OHKO moves are banned
|rule|Evasion Items Clause: Evasion items are banned
|rule|Evasion Moves Clause: Evasion moves are banned
|rule|Evasion Abilities Clause: Evasion abilities are banned
|rule|Sleep Moves Clause: Sleep-inducing moves are banned
|clearpoke
|poke|p1|Torkoal, F|
|poke|p1|Walking Wake|
|poke|p1|Meowscarada, F|
|poke|p1|Great Tusk|
|poke|p1|Hatterene, F|
|poke|p1|Scizor, M|
|poke|p2|Lokix, M|
|poke|p2|Cinderace, M|
|poke|p2|Great Tusk|
|poke|p2|Alomomola, F|
|poke|p2|Enamorus, F|
|poke|p2|Slowking-Galar, F|
|teampreview
|inactive|Battle timer is ON: inactive players will automatically lose when time's up. (requested by zhihe7019)
|
|t:|1759032550
|teamsize|p1|6
|teamsize|p2|6
|start
|switch|p1a: Meowscarada|Meowscarada, F|100/100
|switch|p2a: Lokix|Lokix, M|100/100
|turn|1
|
|t:|1759032556
|move|p1a: Meowscarada|U-turn|p2a: Lokix
|-start|p1a: Meowscarada|typechange|Bug|[from] ability: Protean
|-supereffective|p2a: Lokix
|-damage|p2a: Lokix|14/100
|
|t:|1759032561
|switch|p1a: Torkoal|Torkoal, F|100/100|[from] U-turn
|-weather|SunnyDay|[from] ability: Drought|[of] p1a: Torkoal
|move|p2a: Lokix|Knock Off|p1a: Torkoal
|-damage|p1a: Torkoal|58/100
|-enditem|p1a: Torkoal|Heat Rock|[from] move: Knock Off|[of] p2a: Lokix
|
|-weather|SunnyDay|[upkeep]
|upkeep
|turn|2
|
|t:|1759032576
|switch|p2a: Alomomola|Alomomola, F|100/100
|switch|p1a: Walking Wake|Walking Wake|100/100
|-activate|p1a: Walking Wake|ability: Protosynthesis
|-start|p1a: Walking Wake|protosynthesisspe
|
|-weather|SunnyDay|[upkeep]
|upkeep
|turn|3
|
|t:|1759032583
|move|p1a: Walking Wake|Dragon Pulse|p2a: Alomomola
|-damage|p2a: Alomomola|75/100
|-damage|p1a: Walking Wake|91/100|[from] item: Life Orb
|move|p2a: Alomomola|Mirror Coat|p1a: Walking Wake
|-damage|p1a: Walking Wake|9/100
|
|-weather|SunnyDay|[upkeep]
|upkeep
|turn|4
|
|t:|1759032593
|-end|p1a: Walking Wake|Protosynthesis|[silent]
|switch|p1a: Scizor|Scizor, M|100/100
|move|p2a: Alomomola|Body Slam|p1a: Scizor
|-resisted|p1a: Scizor
|-damage|p1a: Scizor|92/100
|
|-weather|SunnyDay|[upkeep]
|upkeep
|turn|5
|
|t:|1759032600
|move|p1a: Scizor|Swords Dance|p1a: Scizor
|-boost|p1a: Scizor|atk|2
|move|p2a: Alomomola|Flip Turn|p1a: Scizor
|-damage|p1a: Scizor|85/100
|
|t:|1759032605
|switch|p2a: Cinderace|Cinderace, M|100/100|[from] Flip Turn
|
|-weather|SunnyDay|[upkeep]
|upkeep
|turn|6
|
|t:|1759032610
|-terastallize|p1a: Scizor|Fire
|move|p2a: Cinderace|Pyro Ball|p1a: Scizor
|-resisted|p1a: Scizor
|-damage|p1a: Scizor|45/100
|move|p1a: Scizor|Swords Dance|p1a: Scizor
|-boost|p1a: Scizor|atk|2
|
|-weather|SunnyDay|[upkeep]
|upkeep
|turn|7
|
|t:|1759032623
|move|p1a: Scizor|Bullet Punch|p2a: Cinderace
|-resisted|p2a: Cinderace
|-damage|p2a: Cinderace|16/100
|-damage|p1a: Scizor|36/100|[from] item: Life Orb
|move|p2a: Cinderace|Pyro Ball|p1a: Scizor
|-resisted|p1a: Scizor
|-damage|p1a: Scizor|0 fnt
|faint|p1a: Scizor
|
|-weather|SunnyDay|[upkeep]
|upkeep
|
|t:|1759032629
|switch|p1a: Hatterene|Hatterene, F|100/100
|turn|8
|
|t:|1759032634
|move|p2a: Cinderace|Pyro Ball|p1a: Hatterene
|-damage|p1a: Hatterene|13/100
|-status|p1a: Hatterene|brn
|-enditem|p1a: Hatterene|Eject Button
|
|t:|1759032637
|switch|p1a: Meowscarada|Meowscarada, F|100/100
|
|-weather|none
|upkeep
|turn|9
|
|t:|1759032642
|switch|p2a: Slowking|Slowking-Galar, F|100/100
|move|p1a: Meowscarada|U-turn|p2a: Slowking
|-start|p1a: Meowscarada|typechange|Bug|[from] ability: Protean
|-damage|p2a: Slowking|77/100
|
|t:|1759032649
|switch|p1a: Hatterene|Hatterene, F|13/100 brn|[from] U-turn
|
|-damage|p1a: Hatterene|7/100 brn|[from] brn
|upkeep
|turn|10
|
|t:|1759032654
|move|p1a: Hatterene|Healing Wish|p1a: Hatterene
|faint|p1a: Hatterene
|move|p2a: Slowking|Future Sight|p1: Hatterene
|-start|p2a: Slowking|move: Future Sight
|
|upkeep
|
|t:|1759032656
|switch|p1a: Walking Wake|Walking Wake|9/100
|-heal|p1a: Walking Wake|100/100|[from] move: Healing Wish
|turn|11
|
|t:|1759032664
|-end|p1a: Walking Wake|Protosynthesis|[silent]
|switch|p1a: Torkoal|Torkoal, F|58/100
|-weather|SunnyDay|[from] ability: Drought|[of] p1a: Torkoal
|move|p2a: Slowking|Sludge Bomb|p1a: Torkoal
|-damage|p1a: Torkoal|17/100
|
|-weather|SunnyDay|[upkeep]
|upkeep
|turn|12
|
|t:|1759032671
|move|p1a: Torkoal|Stealth Rock|p2a: Slowking
|-sidestart|p2: DeadlockedTheory|move: Stealth Rock
|move|p2a: Slowking|Sludge Bomb|p1a: Torkoal
|-damage|p1a: Torkoal|0 fnt
|faint|p1a: Torkoal
|
|-weather|SunnyDay|[upkeep]
|-hint|Future Sight did not hit because the target is fainted.
|upkeep
|
|t:|1759032677
|switch|p1a: Meowscarada|Meowscarada, F|100/100
|turn|13
|
|t:|1759032687
|move|p1a: Meowscarada|Knock Off|p2a: Slowking
|-start|p1a: Meowscarada|typechange|Dark|[from] ability: Protean
|-supereffective|p2a: Slowking
|-crit|p2a: Slowking
|-damage|p2a: Slowking|0 fnt
|-enditem|p2a: Slowking|Shuca Berry|[from] move: Knock Off|[of] p1a: Meowscarada
|faint|p2a: Slowking
|
|-weather|SunnyDay|[upkeep]
|upkeep
|
|t:|1759032702
|switch|p2a: Enamorus|Enamorus, F|100/100
|-damage|p2a: Enamorus|76/100|[from] Stealth Rock
|turn|14
|
|t:|1759032708
|switch|p1a: Great Tusk|Great Tusk|100/100
|-activate|p1a: Great Tusk|ability: Protosynthesis
|-start|p1a: Great Tusk|protosynthesisatk
|move|p2a: Enamorus|Moonblast|p1a: Great Tusk
|-supereffective|p1a: Great Tusk
|-enditem|p1a: Great Tusk|Focus Sash
|-damage|p1a: Great Tusk|1/100
|
|-weather|SunnyDay|[upkeep]
|upkeep
|turn|15
|
|t:|1759032717
|move|p2a: Enamorus|Moonblast|p1a: Great Tusk
|-supereffective|p1a: Great Tusk
|-damage|p1a: Great Tusk|0 fnt
|faint|p1a: Great Tusk
|-end|p1a: Great Tusk|Protosynthesis|[silent]
|
|-weather|none
|upkeep
|
|t:|1759032720
|switch|p1a: Meowscarada|Meowscarada, F|100/100
|turn|16
|
|t:|1759032728
|move|p1a: Meowscarada|Triple Axel|p2a: Enamorus
|-start|p1a: Meowscarada|typechange|Ice|[from] ability: Protean
|-supereffective|p2a: Enamorus
|-damage|p2a: Enamorus|44/100
|-supereffective|p2a: Enamorus
|-damage|p2a: Enamorus|0 fnt
|faint|p2a: Enamorus
|-hitcount|p2: Enamorus|2
|
|upkeep
|
|t:|1759032751
|switch|p2a: Great Tusk|Great Tusk|100/100
|-damage|p2a: Great Tusk|98/100|[from] Stealth Rock
|turn|17
|
|t:|1759032756
|-terastallize|p2a: Great Tusk|Poison
|move|p1a: Meowscarada|Triple Axel|p2a: Great Tusk
|-damage|p2a: Great Tusk|92/100
|-damage|p2a: Great Tusk|83/100
|-damage|p2a: Great Tusk|67/100
|-hitcount|p2a: Great Tusk|3
|move|p2a: Great Tusk|Rapid Spin|p1a: Meowscarada
|-damage|p1a: Meowscarada|79/100
|-boost|p2a: Great Tusk|spe|1
|-sideend|p2: DeadlockedTheory|Stealth Rock|[from] move: Rapid Spin|[of] p2a: Great Tusk
|
|-heal|p2a: Great Tusk|73/100|[from] item: Leftovers
|upkeep
|turn|18
|
|t:|1759032773
|switch|p1a: Walking Wake|Walking Wake|100/100
|move|p2a: Great Tusk|Rapid Spin|p1a: Walking Wake
|-crit|p1a: Walking Wake
|-damage|p1a: Walking Wake|75/100
|-boost|p2a: Great Tusk|spe|1
|
|-heal|p2a: Great Tusk|80/100|[from] item: Leftovers
|upkeep
|turn|19
|
|t:|1759032787
|move|p2a: Great Tusk|Earthquake|p1a: Walking Wake
|-damage|p1a: Walking Wake|28/100
|move|p1a: Walking Wake|Draco Meteor|p2a: Great Tusk
|-damage|p2a: Great Tusk|0 fnt
|-unboost|p1a: Walking Wake|spa|2
|faint|p2a: Great Tusk
|-end|p2a: Great Tusk|Protosynthesis|[silent]
|-damage|p1a: Walking Wake|18/100|[from] item: Life Orb
|
|upkeep
|
|t:|1759032796
|switch|p2a: Lokix|Lokix, M|14/100
|turn|20
|
|t:|1759032800
|move|p2a: Lokix|First Impression|p1a: Walking Wake
|-damage|p1a: Walking Wake|0 fnt
|faint|p1a: Walking Wake
|-end|p1a: Walking Wake|Protosynthesis|[silent]
|
|upkeep
|
|t:|1759032802
|switch|p1a: Meowscarada|Meowscarada, F|79/100
|turn|21
|
|t:|1759032808
|switch|p2a: Cinderace|Cinderace, M|16/100
|move|p1a: Meowscarada|Flower Trick|p2a: Cinderace
|-start|p1a: Meowscarada|typechange|Grass|[from] ability: Protean
|-resisted|p2a: Cinderace
|-crit|p2a: Cinderace
|-damage|p2a: Cinderace|0 fnt
|faint|p2a: Cinderace
|
|upkeep
|
|t:|1759032817
|switch|p2a: Lokix|Lokix, M|14/100
|turn|22
|-message|zhihe7019 forfeited.
|
|win|DeadlockedTheory
|raw|zhihe7019's rating: 1313 &rarr; <strong>1293</strong><br />(-20 for losing)
|raw|DeadlockedTheory's rating: 1308 &rarr; <strong>1328</strong><br />(+20 for winning)
|l|☆zhihe7019
|player|p1|
