|j|☆BigG5
|j|☆Prav33n
|t:|1759004223
|gametype|singles
|player|p1|BigG5|2|1658
|player|p2|Prav33n|koga|1819
|gen|9
|tier|[Gen 9] OU
|rated|
|rule|HP Percentage Mod: HP is shown in percentages
|rule|Endless Battle Clause: Forcing endless battles is banned
|rule|Species Clause: Limit one of each Pokémon
|rule|OHKO Clause: OHKO moves are banned
|rule|Evasion Items Clause: Evasion items are banned
|rule|Evasion Moves Clause: Evasion moves are banned
|rule|Evasion Abilities Clause: Evasion abilities are banned
|rule|Sleep Moves Clause: Sleep-inducing moves are banned
|clearpoke
|poke|p1|Pelipper, M|
|poke|p1|Moltres|
|poke|p1|Basculegion, M|
|poke|p1|Raging Bolt|
|poke|p1|Iron Treads|
|poke|p1|Keldeo|
|poke|p2|Samurott-Hisui, M|
|poke|p2|Zamazenta-*|
|poke|p2|Tornadus-Therian, M|
|poke|p2|Iron Treads|
|poke|p2|Latios, M|
|poke|p2|Sinistcha-Masterpiece|
|teampreview
|inactive|Battle timer is ON: inactive players will automatically lose when time's up. (requested by Prav33n)
|
|t:|1759004231
|teamsize|p1|6
|teamsize|p2|6
|start
|switch|p1a: Keldeo|Keldeo|100/100
|switch|p2a: Latios|Latios, M, shiny|100/100
|turn|1
|
|t:|1759004237
|switch|p1a: Iron Treads|Iron Treads|100/100
|-item|p1a: Iron Treads|Air Balloon
|move|p2a: Latios|Luster Purge|p1a: Iron Treads
|-resisted|p1a: Iron Treads
|-damage|p1a: Iron Treads|54/100
|-enditem|p1a: Iron Treads|Air Balloon
|
|upkeep
|turn|2
|
|t:|1759004246
|move|p2a: Latios|Luster Purge|p1a: Iron Treads
|-resisted|p1a: Iron Treads
|-damage|p1a: Iron Treads|12/100
|move|p1a: Iron Treads|Knock Off|p2a: Latios
|-supereffective|p2a: Latios
|-damage|p2a: Latios|31/100
|-enditem|p2a: Latios|Choice Specs|[from] move: Knock Off|[of] p1a: Iron Treads
|
|upkeep
|turn|3
|
|t:|1759004260
|move|p2a: Latios|Luster Purge|p1a: Iron Treads
|-resisted|p1a: Iron Treads
|-damage|p1a: Iron Treads|0 fnt
|faint|p1a: Iron Treads
|-end|p1a: Iron Treads|Quark Drive|[silent]
|
|upkeep
|
|t:|1759004280
|switch|p1a: Raging Bolt|Raging Bolt|100/100
|-enditem|p1a: Raging Bolt|Booster Energy
|-activate|p1a: Raging Bolt|ability: Protosynthesis|[fromitem]
|-start|p1a: Raging Bolt|protosynthesisspa
|turn|4
|
|t:|1759004284
|switch|p2a: Iron Treads|Iron Treads|100/100
|move|p1a: Raging Bolt|Thunderclap||[still]
|-fail|p1a: Raging Bolt
|
|upkeep
|turn|5
|
|t:|1759004289
|-end|p1a: Raging Bolt|Protosynthesis|[silent]
|switch|p1a: Pelipper|Pelipper, M|100/100
|-weather|RainDance|[from] ability: Drizzle|[of] p1a: Pelipper
|move|p2a: Iron Treads|Stealth Rock|p1a: Pelipper
|-sidestart|p1: BigG5|move: Stealth Rock
|
|-weather|RainDance|[upkeep]
|upkeep
|turn|6
|
|t:|1759004293
|-end|p2a: Iron Treads|Quark Drive|[silent]
|switch|p2a: Tornadus|Tornadus-Therian, M|100/100
|switch|p1a: Moltres|Moltres|100/100
|
|-weather|RainDance|[upkeep]
|upkeep
|turn|7
|
|t:|1759004296
|move|p2a: Tornadus|Knock Off|p1a: Moltres
|-damage|p1a: Moltres|87/100
|-status|p2a: Tornadus|brn|[from] ability: Flame Body|[of] p1a: Moltres
|-enditem|p1a: Moltres|Heavy-Duty Boots|[from] move: Knock Off|[of] p2a: Tornadus
|move|p1a: Moltres|U-turn|p2a: Tornadus
|-resisted|p2a: Tornadus
|-damage|p2a: Tornadus|92/100 brn
|
|t:|1759004303
|switch|p1a: Basculegion|Basculegion, M, shiny|100/100|[from] U-turn
|-damage|p1a: Basculegion|88/100|[from] Stealth Rock
|
|-weather|RainDance|[upkeep]
|-damage|p2a: Tornadus|86/100 brn|[from] brn
|upkeep
|turn|8
|
|t:|1759004315
|switch|p2a: Latios|Latios, M, shiny|31/100
|-terastallize|p1a: Basculegion|Ghost
|move|p1a: Basculegion|Tera Blast|p2a: Latios|[anim] Tera Blast Ghost
|-supereffective|p2a: Latios
|-damage|p2a: Latios|0 fnt
|faint|p2a: Latios
|
|-weather|RainDance|[upkeep]
|upkeep
|
|t:|1759004322
|switch|p2a: Samurott|Samurott-Hisui, M, shiny|100/100
|turn|9
|
|t:|1759004326
|switch|p1a: Keldeo|Keldeo|100/100
|move|p2a: Samurott|Ceaseless Edge|p1a: Keldeo
|-resisted|p1a: Keldeo
|-damage|p1a: Keldeo|74/100
|-ability|p1a: Keldeo|Justified|boost
|-boost|p1a: Keldeo|atk|1
|-sidestart|p1: BigG5|Spikes
|
|-weather|RainDance|[upkeep]
|upkeep
|turn|10
|
|t:|1759004331
|switch|p2a: Sinistcha|Sinistcha-Masterpiece|100/100
|move|p1a: Keldeo|Flip Turn|p2a: Sinistcha
|-resisted|p2a: Sinistcha
|-damage|p2a: Sinistcha|88/100
|
|t:|1759004335
|switch|p1a: Basculegion|Basculegion, M, shiny, tera:Ghost|88/100|[from] Flip Turn
|-damage|p1a: Basculegion|76/100|[from] Stealth Rock
|-damage|p1a: Basculegion|63/100|[from] Spikes
|
|-weather|RainDance|[upkeep]
|upkeep
|turn|11
|
|t:|1759004349
|switch|p2a: Samurott|Samurott-Hisui, M, shiny|100/100
|move|p1a: Basculegion|Wave Crash|p2a: Samurott
|-resisted|p2a: Samurott
|-damage|p2a: Samurott|14/100
|-damage|p1a: Basculegion|40/100|[from] Recoil
|
|-weather|RainDance|[upkeep]
|upkeep
|turn|12
|
|t:|1759004355
|move|p1a: Basculegion|Wave Crash|p2a: Samurott
|-resisted|p2a: Samurott
|-damage|p2a: Samurott|0 fnt
|faint|p2a: Samurott
|-damage|p1a: Basculegion|36/100|[from] Recoil
|
|-weather|none
|upkeep
|
|t:|1759004363
|switch|p2a: Zamazenta|Zamazenta|100/100
|-ability|p2a: Zamazenta|Dauntless Shield|boost
|-boost|p2a: Zamazenta|def|1
|turn|13
|
|t:|1759004374
|switch|p1a: Pelipper|Pelipper, M|100/100
|-damage|p1a: Pelipper|76/100|[from] Stealth Rock
|-weather|RainDance|[from] ability: Drizzle|[of] p1a: Pelipper
|move|p2a: Zamazenta|Stone Edge|p1a: Pelipper
|-supereffective|p1a: Pelipper
|-crit|p1a: Pelipper
|-damage|p1a: Pelipper|0 fnt
|faint|p1a: Pelipper
|
|-weather|RainDance|[upkeep]
|upkeep
|
|t:|1759004376
|switch|p1a: Basculegion|Basculegion, M, shiny, tera:Ghost|36/100
|-damage|p1a: Basculegion|23/100|[from] Stealth Rock
|-damage|p1a: Basculegion|11/100|[from] Spikes
|turn|14
|
|t:|1759004391
|-terastallize|p2a: Zamazenta|Dark
|move|p1a: Basculegion|Wave Crash|p2a: Zamazenta
|-damage|p2a: Zamazenta|26/100
|-damage|p1a: Basculegion|0 fnt|[from] Recoil
|faint|p1a: Basculegion
|move|p2a: Zamazenta|Crunch|p1: Basculegion|[notarget]
|-fail|p2a: Zamazenta
|
|-weather|RainDance|[upkeep]
|upkeep
|
|t:|1759004397
|switch|p1a: Keldeo|Keldeo|74/100
|turn|15
|
|t:|1759004408
|move|p2a: Zamazenta|Close Combat|p1a: Keldeo
|-damage|p1a: Keldeo|3/100
|-unboost|p2a: Zamazenta|def|1
|-unboost|p2a: Zamazenta|spd|1
|move|p1a: Keldeo|Surf|p2a: Zamazenta
|-crit|p2a: Zamazenta
|-damage|p2a: Zamazenta|0 fnt
|faint|p2a: Zamazenta
|
|-weather|RainDance|[upkeep]
|upkeep
|
|t:|1759004412
|switch|p2a: Tornadus|Tornadus-Therian, M|100/100 brn
|turn|16
|
|t:|1759004423
|switch|p1a: Raging Bolt|Raging Bolt|100/100
|-damage|p1a: Raging Bolt|88/100|[from] Stealth Rock
|-damage|p1a: Raging Bolt|76/100|[from] Spikes
|move|p2a: Tornadus|Bleakwind Storm|p1a: Raging Bolt
|-resisted|p1a: Raging Bolt
|-damage|p1a: Raging Bolt|59/100
|
|-weather|RainDance|[upkeep]
|-damage|p2a: Tornadus|94/100 brn|[from] brn
|upkeep
|turn|17
|
|t:|1759004435
|-end|p1a: Raging Bolt|Protosynthesis|[silent]
|switch|p1a: Keldeo|Keldeo|3/100
|move|p2a: Tornadus|Bleakwind Storm|p1a: Keldeo
|-supereffective|p1a: Keldeo
|-damage|p1a: Keldeo|0 fnt
|faint|p1a: Keldeo
|
|-weather|RainDance|[upkeep]
|-damage|p2a: Tornadus|88/100 brn|[from] brn
|upkeep
|-message|BigG5 forfeited.
|
|win|Prav33n
|raw|BigG5's rating: 1658 &rarr; <strong>1647</strong><br />(-11 for losing)
|raw|Prav33n's rating: 1819 &rarr; <strong>1830</strong><br />(+11 for winning)
|l|☆BigG5
|player|p1|
