|j|☆PokemonGT7
|j|☆Happy_Joe
|inactive|Battle timer is ON: inactive players will automatically lose when time's up.
|t:|1759072755
|gametype|singles
|player|p1|PokemonGT7|willow-casual|
|player|p2|Happy_Joe|tate|
|gen|9
|tier|[Gen 9] OU
|rated|Tournament battle
|rule|HP Percentage Mod: HP is shown in percentages
|rule|Endless Battle Clause: Forcing endless battles is banned
|rule|Species Clause: Limit one of each Pokémon
|rule|OHKO Clause: OHKO moves are banned
|rule|Evasion Items Clause: Evasion items are banned
|rule|Evasion Moves Clause: Evasion moves are banned
|rule|Evasion Abilities Clause: Evasion abilities are banned
|rule|Sleep Moves Clause: Sleep-inducing moves are banned
|raw|<div class="infobox"><details class="readmore" open><summary><strong>1 custom rule:</strong></summary> -wobbuffet</details></div>
|clearpoke
|poke|p1|Shiftry, M|
|poke|p1|Snorlax, M|
|poke|p1|Braixen, F|
|poke|p2|Lokix, F|
|poke|p2|Inkay, F|
|poke|p2|Azumarill, F|
|teampreview
|j|*Lady Monita ☀
|c|☆PokemonGT7|glhf
|c|☆Happy_Joe|u2
|
|t:|1759072773
|teamsize|p1|3
|teamsize|p2|3
|start
|switch|p1a: Braixen|Braixen, F|100/100
|switch|p2a: Inkay|Inkay, F|100/100
|turn|1
|c|☆PokemonGT7|I'm scared
|
|t:|1759072782
|move|p1a: Braixen|Calm Mind|p1a: Braixen
|-boost|p1a: Braixen|spa|1
|-boost|p1a: Braixen|spd|1
|move|p2a: Inkay|Light Screen|p2a: Inkay
|-sidestart|p2: Happy_Joe|move: Light Screen
|
|upkeep
|turn|2
|c|☆Happy_Joe|Inkay is out for blood
|j| Albrtix
|c|☆PokemonGT7|Or is she a setup
|
|t:|1759072802
|switch|p2a: Azumarill|Azumarill, F|100/100
|move|p1a: Braixen|Calm Mind|p1a: Braixen
|-boost|p1a: Braixen|spa|1
|-boost|p1a: Braixen|spd|1
|
|upkeep
|turn|3
|c| Albrtix|good luck :3c
|
|t:|1759072812
|-terastallize|p1a: Braixen|Grass
|move|p1a: Braixen|Agility|p1a: Braixen
|-boost|p1a: Braixen|spe|2
|move|p2a: Azumarill|Belly Drum|p2a: Azumarill
|-damage|p2a: Azumarill|50/100
|-setboost|p2a: Azumarill|atk|6|[from] move: Belly Drum
|-enditem|p2a: Azumarill|Sitrus Berry|[eat]
|-heal|p2a: Azumarill|75/100|[from] item: Sitrus Berry
|
|upkeep
|turn|4
|j| zagmaer
|l| zagmaer
|
|t:|1759072820
|-terastallize|p2a: Azumarill|Water
|move|p2a: Azumarill|Aqua Jet|p1a: Braixen
|-resisted|p1a: Braixen
|-damage|p1a: Braixen|36/100
|move|p1a: Braixen|Stored Power|p2a: Azumarill
|-damage|p2a: Azumarill|42/100
|
|upkeep
|turn|5
|
|t:|1759072826
|move|p2a: Azumarill|Aqua Jet|p1a: Braixen
|-resisted|p1a: Braixen
|-damage|p1a: Braixen|0 fnt
|faint|p1a: Braixen
|
|upkeep
|
|t:|1759072839
|switch|p1a: Shiftry|Shiftry, M|100/100
|turn|6
|
|t:|1759072847
|move|p1a: Shiftry|Sucker Punch|p2a: Azumarill
|-damage|p2a: Azumarill|2/100
|-damage|p1a: Shiftry|91/100|[from] item: Life Orb
|move|p2a: Azumarill|Aqua Jet|p1a: Shiftry
|-resisted|p1a: Shiftry
|-damage|p1a: Shiftry|5/100
|
|upkeep
|turn|7
|
|t:|1759072852
|move|p1a: Shiftry|Sucker Punch|p2a: Azumarill
|-damage|p2a: Azumarill|0 fnt
|faint|p2a: Azumarill
|-damage|p1a: Shiftry|0 fnt|[from] item: Life Orb
|faint|p1a: Shiftry
|
|upkeep
|
|t:|1759072856
|switch|p1a: Snorlax|Snorlax, M|100/100
|switch|p2a: Inkay|Inkay, F|100/100
|turn|8
|
|t:|1759072858
|move|p2a: Inkay|Taunt|p1a: Snorlax
|-start|p1a: Snorlax|move: Taunt
|cant|p1a: Snorlax|move: Taunt|Curse
|
|-sideend|p2: Happy_Joe|move: Light Screen
|upkeep
|turn|9
|
|t:|1759072864
|move|p2a: Inkay|Reflect|p2a: Inkay
|-sidestart|p2: Happy_Joe|Reflect
|move|p1a: Snorlax|Double-Edge|p2a: Inkay
|-crit|p2a: Inkay
|-damage|p2a: Inkay|0 fnt
|faint|p2a: Inkay
|-damage|p1a: Snorlax|81/100|[from] Recoil
|
|upkeep
|
|t:|1759072867
|switch|p2a: Lokix|Lokix, F|100/100
|turn|10
|
|t:|1759072869
|move|p2a: Lokix|First Impression|p1a: Snorlax
|-damage|p1a: Snorlax|30/100
|-enditem|p1a: Snorlax|Aguav Berry|[eat]
|-heal|p1a: Snorlax|63/100|[from] item: Aguav Berry
|move|p1a: Snorlax|Double-Edge|p2a: Lokix
|-damage|p2a: Lokix|65/100
|-damage|p1a: Snorlax|57/100|[from] Recoil
|
|-end|p1a: Snorlax|move: Taunt
|upkeep
|turn|11
|
|t:|1759072883
|move|p2a: Lokix|U-turn|p1a: Snorlax
|-damage|p1a: Snorlax|19/100
|move|p1a: Snorlax|Recycle|p1a: Snorlax
|-item|p1a: Snorlax|Aguav Berry|[from] move: Recycle
|-enditem|p1a: Snorlax|Aguav Berry|[eat]
|-heal|p1a: Snorlax|52/100|[from] item: Aguav Berry
|
|upkeep
|turn|12
|
|t:|1759072897
|move|p2a: Lokix|U-turn|p1a: Snorlax
|-damage|p1a: Snorlax|17/100
|move|p1a: Snorlax|Recycle|p1a: Snorlax
|-item|p1a: Snorlax|Aguav Berry|[from] move: Recycle
|-enditem|p1a: Snorlax|Aguav Berry|[eat]
|-heal|p1a: Snorlax|51/100|[from] item: Aguav Berry
|
|upkeep
|turn|13
|
|t:|1759072905
|move|p2a: Lokix|U-turn|p1a: Snorlax
|-damage|p1a: Snorlax|14/100
|move|p1a: Snorlax|Recycle|p1a: Snorlax
|-item|p1a: Snorlax|Aguav Berry|[from] move: Recycle
|-enditem|p1a: Snorlax|Aguav Berry|[eat]
|-heal|p1a: Snorlax|47/100|[from] item: Aguav Berry
|
|upkeep
|turn|14
|
|t:|1759072910
|move|p2a: Lokix|U-turn|p1a: Snorlax
|-damage|p1a: Snorlax|7/100
|move|p1a: Snorlax|Recycle|p1a: Snorlax
|-item|p1a: Snorlax|Aguav Berry|[from] move: Recycle
|-enditem|p1a: Snorlax|Aguav Berry|[eat]
|-heal|p1a: Snorlax|40/100|[from] item: Aguav Berry
|
|upkeep
|turn|15
|
|t:|1759072917
|move|p2a: Lokix|U-turn|p1a: Snorlax
|-damage|p1a: Snorlax|2/100
|move|p1a: Snorlax|Recycle|p1a: Snorlax
|-item|p1a: Snorlax|Aguav Berry|[from] move: Recycle
|-enditem|p1a: Snorlax|Aguav Berry|[eat]
|-heal|p1a: Snorlax|35/100|[from] item: Aguav Berry
|
|upkeep
|turn|16
|c|☆PokemonGT7|gg
|
|t:|1759072920
|move|p2a: Lokix|U-turn|p1a: Snorlax
|-damage|p1a: Snorlax|0 fnt
|faint|p1a: Snorlax
|
|win|Happy_Joe
|n|☆PokemonGT7|pokemongt7
|n|☆Happy_Joe|happyjoe
|n|*Lady Monita ☀|ladymonita
|n| Albrtix|albrtix
|c| Albrtix|>:|
|l|*Lady Monita ☀
|c|☆Happy_Joe|gg
|l|☆Happy_Joe
|player|p2|
|c|☆PokemonGT7|There's nothing I can do about Lokix Albrtix
|c|☆PokemonGT7|Lokix goes hard
|c| Albrtix|awww :_c at least you won 2 points :3
|l|☆PokemonGT7
|player|p1|
|c| Albrtix|also azumarill goes dam hard
