|j|‽RadiantSol
|j|☆Igor Bigorno
|t:|1759048132
|gametype|singles
|player|p1|RadiantSol|flint|1196
|player|p2|Igor Bigorno|266|1239
|gen|9
|tier|[Gen 9] OU
|rated|
|rule|HP Percentage Mod: HP is shown in percentages
|rule|Endless Battle Clause: Forcing endless battles is banned
|rule|Species Clause: Limit one of each Pokémon
|rule|OHKO Clause: OHKO moves are banned
|rule|Evasion Items Clause: Evasion items are banned
|rule|Evasion Moves Clause: Evasion moves are banned
|rule|Evasion Abilities Clause: Evasion abilities are banned
|rule|Sleep Moves Clause: Sleep-inducing moves are banned
|clearpoke
|poke|p1|Espeon, F|
|poke|p1|Ninetales, F|
|poke|p1|Leafeon, M|
|poke|p1|Slither Wing|
|poke|p1|Quagsire, F|
|poke|p1|Cinderace, F|
|poke|p2|Eelektross, M|
|poke|p2|Deoxys-Speed|
|poke|p2|Iron Valiant|
|poke|p2|Pecharunt|
|poke|p2|Dragonite, M|
|poke|p2|Kingambit, M|
|teampreview
|inactive|Battle timer is ON: inactive players will automatically lose when time's up. (requested by Igor Bigorno)
|
|t:|1759048141
|teamsize|p1|6
|teamsize|p2|6
|start
|switch|p1a: Slither Wing|Slither Wing|100/100
|switch|p2a: Deoxys|Deoxys-Speed|100/100
|-ability|p2a: Deoxys|Pressure
|turn|1
|
|t:|1759048149
|move|p1a: Slither Wing|First Impression|p2a: Deoxys
|-supereffective|p2a: Deoxys
|-damage|p2a: Deoxys|0 fnt
|faint|p2a: Deoxys
|
|upkeep
|
|t:|1759048154
|switch|p2a: Eelektross|Eelektross, M|100/100
|turn|2
|
|t:|1759048159
|move|p1a: Slither Wing|U-turn|p2a: Eelektross
|-damage|p2a: Eelektross|65/100
|
|t:|1759048164
|-end|p1a: Slither Wing|Protosynthesis|[silent]
|switch|p1a: Quagsire|Quagsire, F|100/100|[from] U-turn
|move|p2a: Eelektross|Coil|p2a: Eelektross
|-boost|p2a: Eelektross|atk|1
|-boost|p2a: Eelektross|def|1
|-boost|p2a: Eelektross|accuracy|1
|
|-heal|p2a: Eelektross|71/100|[from] item: Leftovers
|upkeep
|turn|3
|
|t:|1759048173
|move|p1a: Quagsire|Stealth Rock|p2a: Eelektross
|-sidestart|p2: Igor Bigorno|move: Stealth Rock
|move|p2a: Eelektross|Dragon Tail|p1a: Quagsire
|-damage|p1a: Quagsire|90/100
|-damage|p2a: Eelektross|55/100|[from] item: Rocky Helmet|[of] p1a: Quagsire
|drag|p1a: Slither Wing|Slither Wing|100/100
|
|-heal|p2a: Eelektross|61/100|[from] item: Leftovers
|upkeep
|turn|4
|
|t:|1759048183
|move|p1a: Slither Wing|U-turn|p2a: Eelektross
|-damage|p2a: Eelektross|39/100
|
|t:|1759048185
|-end|p1a: Slither Wing|Protosynthesis|[silent]
|switch|p1a: Quagsire|Quagsire, F|90/100|[from] U-turn
|move|p2a: Eelektross|Drain Punch|p1a: Quagsire
|-damage|p1a: Quagsire|76/100
|-heal|p2a: Eelektross|47/100|[from] drain|[of] p1a: Quagsire
|-damage|p2a: Eelektross|30/100|[from] item: Rocky Helmet|[of] p1a: Quagsire
|
|-heal|p2a: Eelektross|36/100|[from] item: Leftovers
|upkeep
|turn|5
|
|t:|1759048196
|move|p2a: Eelektross|Coil|p2a: Eelektross
|-boost|p2a: Eelektross|atk|1
|-boost|p2a: Eelektross|def|1
|-boost|p2a: Eelektross|accuracy|1
|move|p1a: Quagsire|Toxic|p2a: Eelektross
|-status|p2a: Eelektross|tox
|
|-heal|p2a: Eelektross|42/100 tox|[from] item: Leftovers
|-damage|p2a: Eelektross|36/100 tox|[from] psn
|upkeep
|turn|6
|
|t:|1759048206
|move|p1a: Quagsire|Recover|p1a: Quagsire
|-heal|p1a: Quagsire|100/100
|move|p2a: Eelektross|Dragon Tail|p1a: Quagsire
|-damage|p1a: Quagsire|89/100
|-damage|p2a: Eelektross|20/100 tox|[from] item: Rocky Helmet|[of] p1a: Quagsire
|drag|p1a: Cinderace|Cinderace, F|100/100
|
|-heal|p2a: Eelektross|26/100 tox|[from] item: Leftovers
|-damage|p2a: Eelektross|14/100 tox|[from] psn
|upkeep
|turn|7
|
|t:|1759048218
|move|p1a: Cinderace|U-turn|p2a: Eelektross
|-start|p1a: Cinderace|typechange|Bug|[from] ability: Libero
|-damage|p2a: Eelektross|0 fnt
|faint|p2a: Eelektross
|
|t:|1759048221
|switch|p1a: Ninetales|Ninetales, F|100/100|[from] U-turn
|-weather|SunnyDay|[from] ability: Drought|[of] p1a: Ninetales
|
|-weather|SunnyDay|[upkeep]
|upkeep
|
|t:|1759048229
|switch|p2a: Dragonite|Dragonite, M|100/100
|turn|8
|
|t:|1759048236
|switch|p1a: Quagsire|Quagsire, F|89/100
|move|p2a: Dragonite|Dragon Dance|p2a: Dragonite
|-boost|p2a: Dragonite|atk|1
|-boost|p2a: Dragonite|spe|1
|
|-weather|SunnyDay|[upkeep]
|upkeep
|turn|9
|
|t:|1759048244
|move|p2a: Dragonite|Dragon Dance|p2a: Dragonite
|-boost|p2a: Dragonite|atk|1
|-boost|p2a: Dragonite|spe|1
|move|p1a: Quagsire|Toxic|p2a: Dragonite
|-status|p2a: Dragonite|tox
|
|-weather|SunnyDay|[upkeep]
|-damage|p2a: Dragonite|94/100 tox|[from] psn
|upkeep
|turn|10
|
|t:|1759048253
|move|p2a: Dragonite|Dragon Dance|p2a: Dragonite
|-boost|p2a: Dragonite|atk|1
|-boost|p2a: Dragonite|spe|1
|move|p1a: Quagsire|Liquidation|p2a: Dragonite
|-resisted|p2a: Dragonite
|-damage|p2a: Dragonite|87/100 tox
|
|-weather|SunnyDay|[upkeep]
|-damage|p2a: Dragonite|75/100 tox|[from] psn
|upkeep
|turn|11
|
|t:|1759048262
|move|p2a: Dragonite|Outrage|p1a: Quagsire
|-damage|p1a: Quagsire|41/100
|-damage|p2a: Dragonite|58/100 tox|[from] item: Rocky Helmet|[of] p1a: Quagsire
|move|p1a: Quagsire|Liquidation|p2a: Dragonite
|-resisted|p2a: Dragonite
|-damage|p2a: Dragonite|51/100 tox
|
|-weather|none
|-damage|p2a: Dragonite|33/100 tox|[from] psn
|upkeep
|turn|12
|
|t:|1759048273
|move|p2a: Dragonite|Outrage|p1a: Quagsire|[from] lockedmove
|-damage|p1a: Quagsire|0 fnt
|-damage|p2a: Dragonite|16/100 tox|[from] item: Rocky Helmet|[of] p1a: Quagsire
|faint|p1a: Quagsire
|
|-damage|p2a: Dragonite|0 fnt|[from] psn
|faint|p2a: Dragonite
|upkeep
|
|t:|1759048284
|switch|p2a: Pecharunt|Pecharunt|100/100
|switch|p1a: Ninetales|Ninetales, F|100/100
|-weather|SunnyDay|[from] ability: Drought|[of] p1a: Ninetales
|turn|13
|
|t:|1759048296
|move|p1a: Ninetales|Will-O-Wisp|p2a: Pecharunt
|-status|p2a: Pecharunt|brn
|move|p2a: Pecharunt|Malignant Chain|p1a: Ninetales
|-damage|p1a: Ninetales|62/100
|-status|p1a: Ninetales|tox
|-start|p1a: Ninetales|confusion|[from] ability: Poison Puppeteer|[of] p2a: Pecharunt
|
|-weather|SunnyDay|[upkeep]
|-heal|p1a: Ninetales|68/100 tox|[from] item: Leftovers
|-damage|p1a: Ninetales|62/100 tox|[from] psn
|-damage|p2a: Pecharunt|94/100 brn|[from] brn
|upkeep
|turn|14
|
|t:|1759048319
|-activate|p1a: Ninetales|confusion
|move|p1a: Ninetales|Pain Split|p2a: Pecharunt
|-sethp|p2a: Pecharunt|70/100 brn|[from] move: Pain Split|[silent]
|-sethp|p1a: Ninetales|93/100 tox|[from] move: Pain Split
|move|p2a: Pecharunt|Nasty Plot|p2a: Pecharunt
|-boost|p2a: Pecharunt|spa|2
|
|-weather|SunnyDay|[upkeep]
|-heal|p1a: Ninetales|99/100 tox|[from] item: Leftovers
|-damage|p1a: Ninetales|87/100 tox|[from] psn
|-damage|p2a: Pecharunt|64/100 brn|[from] brn
|upkeep
|turn|15
|
|t:|1759048331
|-activate|p1a: Ninetales|confusion
|-damage|p1a: Ninetales|81/100 tox|[from] confusion
|move|p2a: Pecharunt|Recover|p2a: Pecharunt
|-heal|p2a: Pecharunt|100/100 brn
|
|-weather|SunnyDay|[upkeep]
|-heal|p1a: Ninetales|87/100 tox|[from] item: Leftovers
|-damage|p1a: Ninetales|69/100 tox|[from] psn
|-damage|p2a: Pecharunt|94/100 brn|[from] brn
|upkeep
|turn|16
|
|t:|1759048342
|-activate|p1a: Ninetales|confusion
|-damage|p1a: Ninetales|63/100 tox|[from] confusion
|move|p2a: Pecharunt|Malignant Chain|p1a: Ninetales
|-damage|p1a: Ninetales|0 fnt
|faint|p1a: Ninetales
|
|-weather|SunnyDay|[upkeep]
|-damage|p2a: Pecharunt|88/100 brn|[from] brn
|upkeep
|
|t:|1759048364
|switch|p1a: Leafeon|Leafeon, M|100/100
|turn|17
|
|t:|1759048367
|move|p1a: Leafeon|Knock Off|p2a: Pecharunt
|-supereffective|p2a: Pecharunt
|-crit|p2a: Pecharunt
|-damage|p2a: Pecharunt|12/100 brn
|-enditem|p2a: Pecharunt|Heavy-Duty Boots|[from] move: Knock Off|[of] p1a: Leafeon
|-damage|p1a: Leafeon|91/100|[from] item: Life Orb
|move|p2a: Pecharunt|Malignant Chain|p1a: Leafeon
|-supereffective|p1a: Leafeon
|-damage|p1a: Leafeon|0 fnt
|faint|p1a: Leafeon
|
|-weather|none
|-damage|p2a: Pecharunt|6/100 brn|[from] brn
|upkeep
|
|t:|1759048392
|switch|p1a: Cinderace|Cinderace, F|100/100
|turn|18
|
|t:|1759048395
|move|p1a: Cinderace|U-turn|p2a: Pecharunt
|-start|p1a: Cinderace|typechange|Bug|[from] ability: Libero
|-resisted|p2a: Pecharunt
|-damage|p2a: Pecharunt|1/100 brn
|
|t:|1759048403
|switch|p1a: Slither Wing|Slither Wing|100/100|[from] U-turn
|move|p2a: Pecharunt|Recover|p2a: Pecharunt
|-heal|p2a: Pecharunt|51/100 brn
|
|-damage|p2a: Pecharunt|45/100 brn|[from] brn
|upkeep
|turn|19
|
|t:|1759048412
|move|p2a: Pecharunt|Recover|p2a: Pecharunt
|-heal|p2a: Pecharunt|95/100 brn
|move|p1a: Slither Wing|Earthquake|p2a: Pecharunt
|-supereffective|p2a: Pecharunt
|-damage|p2a: Pecharunt|59/100 brn
|
|-damage|p2a: Pecharunt|53/100 brn|[from] brn
|upkeep
|turn|20
|
|t:|1759048424
|move|p2a: Pecharunt|Malignant Chain|p1a: Slither Wing
|-damage|p1a: Slither Wing|48/100
|-status|p1a: Slither Wing|tox
|-start|p1a: Slither Wing|confusion|[from] ability: Poison Puppeteer|[of] p2a: Pecharunt
|-activate|p1a: Slither Wing|confusion
|move|p1a: Slither Wing|Earthquake|p2a: Pecharunt
|-supereffective|p2a: Pecharunt
|-damage|p2a: Pecharunt|19/100 brn
|
|-damage|p1a: Slither Wing|41/100 tox|[from] psn
|-damage|p2a: Pecharunt|13/100 brn|[from] brn
|upkeep
|turn|21
|
|t:|1759048437
|-end|p1a: Slither Wing|Protosynthesis|[silent]
|switch|p1a: Espeon|Espeon, F|100/100
|move|p2a: Pecharunt|Recover|p2a: Pecharunt
|-heal|p2a: Pecharunt|63/100 brn
|
|-damage|p2a: Pecharunt|57/100 brn|[from] brn
|upkeep
|turn|22
|
|t:|1759048446
|-terastallize|p2a: Pecharunt|Dark
|move|p1a: Espeon|Psychic|p2a: Pecharunt
|-immune|p2a: Pecharunt
|move|p2a: Pecharunt|Shadow Ball|p1a: Espeon
|-supereffective|p1a: Espeon
|-enditem|p1a: Espeon|Focus Sash
|-damage|p1a: Espeon|1/100
|-unboost|p1a: Espeon|spd|1
|
|-damage|p2a: Pecharunt|50/100 brn|[from] brn
|upkeep
|turn|23
|
|t:|1759048458
|move|p1a: Espeon|Sunny Day|p1a: Espeon
|-weather|SunnyDay
|move|p2a: Pecharunt|Shadow Ball|p1a: Espeon
|-supereffective|p1a: Espeon
|-damage|p1a: Espeon|0 fnt
|faint|p1a: Espeon
|
|-weather|SunnyDay|[upkeep]
|-damage|p2a: Pecharunt|44/100 brn|[from] brn
|upkeep
|
|t:|1759048464
|switch|p1a: Slither Wing|Slither Wing|41/100 tox
|-activate|p1a: Slither Wing|ability: Protosynthesis
|-start|p1a: Slither Wing|protosynthesisatk
|turn|24
|
|t:|1759048475
|move|p1a: Slither Wing|First Impression|p2a: Pecharunt
|-supereffective|p2a: Pecharunt
|-damage|p2a: Pecharunt|0 fnt
|faint|p2a: Pecharunt
|
|-weather|SunnyDay|[upkeep]
|-damage|p1a: Slither Wing|35/100 tox|[from] psn
|upkeep
|
|t:|1759048483
|switch|p2a: Iron Valiant|Iron Valiant|100/100
|-damage|p2a: Iron Valiant|94/100|[from] Stealth Rock
|-enditem|p2a: Iron Valiant|Booster Energy
|-activate|p2a: Iron Valiant|ability: Quark Drive|[fromitem]
|-start|p2a: Iron Valiant|quarkdrivespe
|turn|25
|
|t:|1759048491
|move|p2a: Iron Valiant|Moonblast|p1a: Slither Wing
|-supereffective|p1a: Slither Wing
|-damage|p1a: Slither Wing|0 fnt
|faint|p1a: Slither Wing
|-end|p1a: Slither Wing|Protosynthesis|[silent]
|
|-weather|SunnyDay|[upkeep]
|upkeep
|
|t:|1759048493
|switch|p1a: Cinderace|Cinderace, F|100/100
|turn|26
|
|t:|1759048501
|move|p2a: Iron Valiant|Moonblast|p1a: Cinderace
|-resisted|p1a: Cinderace
|-damage|p1a: Cinderace|68/100
|-unboost|p1a: Cinderace|spa|1
|move|p1a: Cinderace|Pyro Ball|p2a: Iron Valiant
|-damage|p2a: Iron Valiant|0 fnt
|faint|p2a: Iron Valiant
|-end|p2a: Iron Valiant|Quark Drive|[silent]
|
|-weather|SunnyDay|[upkeep]
|upkeep
|
|t:|1759048511
|switch|p2a: Kingambit|Kingambit, M|100/100
|-damage|p2a: Kingambit|94/100|[from] Stealth Rock
|-activate|p2a: Kingambit|ability: Supreme Overlord
|-start|p2a: Kingambit|fallen5|[silent]
|turn|27
|
|t:|1759048517
|-terastallize|p1a: Cinderace|Fairy
|move|p2a: Kingambit|Sucker Punch|p1a: Cinderace
|-resisted|p1a: Cinderace
|-damage|p1a: Cinderace|24/100
|move|p1a: Cinderace|Pyro Ball|p2a: Kingambit
|-supereffective|p2a: Kingambit
|-damage|p2a: Kingambit|0 fnt
|faint|p2a: Kingambit
|-end|p2a: Kingambit|fallen5|[silent]
|
|win|RadiantSol
|raw|RadiantSol's rating: 1196 &rarr; <strong>1224</strong><br />(+28 for winning)
|raw|Igor Bigorno's rating: 1239 &rarr; <strong>1211</strong><br />(-28 for losing)
|l|‽RadiantSol
|player|p1|
|c|☆Igor Bigorno|GG
|l|☆Igor Bigorno
|player|p2|
