|j|☆CountryBoyz
|j|☆mucino
|t:|1759048647
|gametype|singles
|player|p1|CountryBoyz|1|1387
|player|p2|mucino|265|1335
|gen|9
|tier|[Gen 9] OU
|rated|
|rule|HP Percentage Mod: HP is shown in percentages
|rule|Endless Battle Clause: Forcing endless battles is banned
|rule|Species Clause: Limit one of each Pokémon
|rule|OHKO Clause: OHKO moves are banned
|rule|Evasion Items Clause: Evasion items are banned
|rule|Evasion Moves Clause: Evasion moves are banned
|rule|Evasion Abilities Clause: Evasion abilities are banned
|rule|Sleep Moves Clause: Sleep-inducing moves are banned
|clearpoke
|poke|p1|Landorus-Therian, M|
|poke|p1|Cloyster, M|
|poke|p1|Raikou|
|poke|p1|Dragonite, M|
|poke|p1|Suicune|
|poke|p1|Skarmory, F|
|poke|p2|Clodsire, F|
|poke|p2|Kingambit, F|
|poke|p2|Porygon-Z|
|poke|p2|Chandelure, F|
|poke|p2|Primarina, F|
|poke|p2|Grimmsnarl, M|
|teampreview
|inactive|Battle timer is ON: inactive players will automatically lose when time's up. (requested by mucino)
|
|t:|1759048656
|teamsize|p1|6
|teamsize|p2|6
|start
|switch|p1a: Dragonite|Dragonite, M, shiny|100/100
|switch|p2a: Chandelure|Chandelure, F|100/100
|turn|1
|
|t:|1759048661
|switch|p2a: Grimmsnarl|Grimmsnarl, M|100/100
|move|p1a: Dragonite|Earthquake|p2a: Grimmsnarl
|-damage|p2a: Grimmsnarl|25/100
|
|upkeep
|turn|2
|
|t:|1759048666
|move|p2a: Grimmsnarl|Reflect|p2a: Grimmsnarl
|-sidestart|p2: mucino|Reflect
|move|p1a: Dragonite|Earthquake|p2a: Grimmsnarl
|-damage|p2a: Grimmsnarl|0 fnt
|faint|p2a: Grimmsnarl
|
|upkeep
|
|t:|1759048669
|switch|p2a: Kingambit|Kingambit, F|100/100
|-activate|p2a: Kingambit|ability: Supreme Overlord
|-start|p2a: Kingambit|fallen1|[silent]
|turn|3
|
|t:|1759048674
|-terastallize|p2a: Kingambit|Flying
|move|p1a: Dragonite|Earthquake|p2a: Kingambit
|-immune|p2a: Kingambit
|move|p2a: Kingambit|Swords Dance|p2a: Kingambit
|-boost|p2a: Kingambit|atk|2
|
|upkeep
|turn|4
|
|t:|1759048677
|switch|p1a: Skarmory|Skarmory, F|100/100
|move|p2a: Kingambit|Swords Dance|p2a: Kingambit
|-boost|p2a: Kingambit|atk|2
|
|upkeep
|turn|5
|
|t:|1759048682
|move|p1a: Skarmory|Body Press|p2a: Kingambit
|-resisted|p2a: Kingambit
|-damage|p2a: Kingambit|96/100
|move|p2a: Kingambit|Brick Break|p1a: Skarmory
|-damage|p1a: Skarmory|35/100
|-damage|p2a: Kingambit|79/100|[from] item: Rocky Helmet|[of] p1a: Skarmory
|
|upkeep
|turn|6
|
|t:|1759048689
|move|p1a: Skarmory|Roost|p1a: Skarmory
|-heal|p1a: Skarmory|85/100
|-singleturn|p1a: Skarmory|move: Roost
|move|p2a: Kingambit|Brick Break|p1a: Skarmory
|-supereffective|p1a: Skarmory
|-damage|p1a: Skarmory|0 fnt
|-damage|p2a: Kingambit|62/100|[from] item: Rocky Helmet|[of] p1a: Skarmory
|faint|p1a: Skarmory
|
|upkeep
|
|t:|1759048694
|switch|p1a: Suicune|Suicune|100/100
|-ability|p1a: Suicune|Pressure
|turn|7
|
|t:|1759048697
|move|p2a: Kingambit|Sucker Punch|p1a: Suicune
|-damage|p1a: Suicune|0 fnt
|faint|p1a: Suicune
|
|upkeep
|
|t:|1759048705
|switch|p1a: Raikou|Raikou, shiny|100/100
|turn|8
|
|t:|1759048707
|move|p2a: Kingambit|Sucker Punch||[still]
|-fail|p2a: Kingambit
|move|p1a: Raikou|Substitute|p1a: Raikou
|-start|p1a: Raikou|Substitute
|-damage|p1a: Raikou|76/100
|
|-heal|p1a: Raikou|82/100|[from] item: Leftovers
|upkeep
|turn|9
|
|t:|1759048712
|move|p2a: Kingambit|Sucker Punch||[still]
|-fail|p2a: Kingambit
|move|p1a: Raikou|Calm Mind|p1a: Raikou
|-boost|p1a: Raikou|spa|1
|-boost|p1a: Raikou|spd|1
|
|-heal|p1a: Raikou|88/100|[from] item: Leftovers
|-sideend|p2: mucino|Reflect
|upkeep
|turn|10
|
|t:|1759048716
|move|p1a: Raikou|Discharge|p2a: Kingambit
|-supereffective|p2a: Kingambit
|-damage|p2a: Kingambit|0 fnt
|faint|p2a: Kingambit
|-end|p2a: Kingambit|fallen1|[silent]
|
|-heal|p1a: Raikou|94/100|[from] item: Leftovers
|upkeep
|
|t:|1759048717
|switch|p2a: Clodsire|Clodsire, F|100/100
|turn|11
|
|t:|1759048721
|-terastallize|p1a: Raikou|Water
|move|p1a: Raikou|Scald|p2a: Clodsire
|-supereffective|p2a: Clodsire
|-damage|p2a: Clodsire|39/100
|-status|p2a: Clodsire|brn
|move|p2a: Clodsire|Earthquake|p1a: Raikou
|-activate|p1a: Raikou|move: Substitute|[damage]
|
|-heal|p1a: Raikou|100/100|[from] item: Leftovers
|-heal|p2a: Clodsire|46/100 brn|[from] item: Leftovers
|-damage|p2a: Clodsire|39/100 brn|[from] brn
|upkeep
|turn|12
|
|t:|1759048728
|move|p1a: Raikou|Scald|p2a: Clodsire
|-supereffective|p2a: Clodsire
|-damage|p2a: Clodsire|0 fnt
|faint|p2a: Clodsire
|
|upkeep
|c|☆CountryBoyz|Cya
|
|t:|1759048729
|switch|p2a: Porygon-Z|Porygon-Z|100/100
|turn|13
|
|t:|1759048734
|move|p1a: Raikou|Scald|p2a: Porygon-Z
|-damage|p2a: Porygon-Z|9/100
|move|p2a: Porygon-Z|Tri Attack|p1a: Raikou
|-end|p1a: Raikou|Substitute
|
|upkeep
|turn|14
|
|t:|1759048739
|move|p1a: Raikou|Scald|p2a: Porygon-Z
|-damage|p2a: Porygon-Z|0 fnt
|faint|p2a: Porygon-Z
|
|upkeep
|
|t:|1759048741
|switch|p2a: Chandelure|Chandelure, F|100/100
|turn|15
|
|t:|1759048743
|move|p2a: Chandelure|Energy Ball|p1a: Raikou
|-supereffective|p1a: Raikou
|-damage|p1a: Raikou|47/100
|move|p1a: Raikou|Scald|p2a: Chandelure
|-supereffective|p2a: Chandelure
|-damage|p2a: Chandelure|0 fnt
|faint|p2a: Chandelure
|
|-heal|p1a: Raikou|53/100|[from] item: Leftovers
|upkeep
|
|t:|1759048746
|switch|p2a: Primarina|Primarina, F|100/100
|turn|16
|
|t:|1759048747
|move|p1a: Raikou|Discharge|p2a: Primarina
|-supereffective|p2a: Primarina
|-damage|p2a: Primarina|28/100
|move|p2a: Primarina|Moonblast|p1a: Raikou
|-damage|p1a: Raikou|15/100
|
|-heal|p1a: Raikou|21/100|[from] item: Leftovers
|upkeep
|turn|17
|
|t:|1759048750
|move|p1a: Raikou|Discharge|p2a: Primarina
|-supereffective|p2a: Primarina
|-crit|p2a: Primarina
|-damage|p2a: Primarina|0 fnt
|faint|p2a: Primarina
|
|win|CountryBoyz
|raw|CountryBoyz's rating: 1387 &rarr; <strong>1404</strong><br />(+17 for winning)
|raw|mucino's rating: 1335 &rarr; <strong>1318</strong><br />(-17 for losing)
|l|☆mucino
|player|p2|
|c|☆CountryBoyz|Light work
|l|☆CountryBoyz
|player|p1|
