|j|☆ohjeebus
|j|☆lolimdabeast
|t:|1758951553
|gametype|singles
|player|p1|ohjeebus|koga|1488
|player|p2|lolimdabeast|lady-gen4|1423
|gen|9
|tier|[Gen 9] OU
|rated|
|rule|HP Percentage Mod: HP is shown in percentages
|rule|Endless Battle Clause: Forcing endless battles is banned
|rule|Species Clause: Limit one of each Pokémon
|rule|OHKO Clause: OHKO moves are banned
|rule|Evasion Items Clause: Evasion items are banned
|rule|Evasion Moves Clause: Evasion moves are banned
|rule|Evasion Abilities Clause: Evasion abilities are banned
|rule|Sleep Moves Clause: Sleep-inducing moves are banned
|clearpoke
|poke|p1|Darkrai|
|poke|p1|Araquanid, M|
|poke|p1|Gliscor, F|
|poke|p1|Hatterene, F|
|poke|p1|Moltres|
|poke|p1|Kingambit, F|
|poke|p2|Landorus-Therian, M|
|poke|p2|Ogerpon-Wellspring, F|
|poke|p2|Ribombee, F|
|poke|p2|Serperior, F|
|poke|p2|Weavile, F|
|poke|p2|Iron Moth|
|teampreview
|inactive|Battle timer is ON: inactive players will automatically lose when time's up. (requested by lolimdabeast)
|inactive|ohjeebus also wants the timer to be on.
|
|t:|1758951571
|teamsize|p1|6
|teamsize|p2|6
|start
|switch|p1a: Araquanid|Araquanid, M|100/100
|switch|p2a: Ribombee|Ribombee, F|100/100
|turn|1
|
|t:|1758951574
|switch|p1a: Hatterene|Hatterene, F|100/100
|move|p2a: Ribombee|Skill Swap|p1a: Hatterene
|-activate|p2a: Ribombee|move: Skill Swap|Magic Bounce|Shield Dust|[of] p1a: Hatterene
|
|upkeep
|turn|2
|
|t:|1758951580
|switch|p1a: Araquanid|Araquanid, M|100/100
|move|p2a: Ribombee|Sticky Web|p1a: Araquanid
|-sidestart|p1: ohjeebus|move: Sticky Web
|
|upkeep
|turn|3
|
|t:|1758951584
|move|p2a: Ribombee|Stun Spore|p1a: Araquanid
|-status|p1a: Araquanid|par
|move|p1a: Araquanid|Sticky Web|p2a: Ribombee
|move|p2a: Ribombee|Sticky Web||[from] ability: Magic Bounce|[still]
|-fail|p2a: Ribombee
|
|upkeep
|turn|4
|inactive|lolimdabeast has 120 seconds left.
|
|t:|1758951633
|move|p2a: Ribombee|Moonblast|p1a: Araquanid
|-damage|p1a: Araquanid|68/100 par
|cant|p1a: Araquanid|par
|
|upkeep
|turn|5
|
|t:|1758951637
|switch|p1a: Hatterene|Hatterene, F|100/100
|-activate|p1a: Hatterene|move: Sticky Web
|-unboost|p1a: Hatterene|spe|1
|move|p2a: Ribombee|Moonblast|p1a: Hatterene
|-damage|p1a: Hatterene|58/100
|
|upkeep
|turn|6
|
|t:|1758951641
|move|p2a: Ribombee|Moonblast|p1a: Hatterene
|-damage|p1a: Hatterene|14/100
|-unboost|p1a: Hatterene|spa|1
|move|p1a: Hatterene|Calm Mind|p1a: Hatterene
|-boost|p1a: Hatterene|spa|1
|-boost|p1a: Hatterene|spd|1
|
|upkeep
|turn|7
|
|t:|1758951644
|move|p2a: Ribombee|Moonblast|p1a: Hatterene
|-damage|p1a: Hatterene|0 fnt
|faint|p1a: Hatterene
|
|upkeep
|
|t:|1758951647
|switch|p1a: Moltres|Moltres|100/100
|turn|8
|
|t:|1758951657
|move|p2a: Ribombee|Moonblast|p1a: Moltres
|-resisted|p1a: Moltres
|-damage|p1a: Moltres|79/100
|move|p1a: Moltres|Flamethrower|p2a: Ribombee
|-supereffective|p2a: Ribombee
|-enditem|p2a: Ribombee|Focus Sash
|-damage|p2a: Ribombee|1/100
|
|upkeep
|turn|9
|
|t:|1758951661
|move|p2a: Ribombee|Stun Spore|p1a: Moltres|[miss]
|-miss|p2a: Ribombee|p1a: Moltres
|move|p1a: Moltres|U-turn|p2a: Ribombee
|-resisted|p2a: Ribombee
|-damage|p2a: Ribombee|0 fnt
|faint|p2a: Ribombee
|
|t:|1758951663
|switch|p1a: Araquanid|Araquanid, M|68/100 par|[from] U-turn
|-activate|p1a: Araquanid|move: Sticky Web
|-unboost|p1a: Araquanid|spe|1
|
|upkeep
|
|t:|1758951673
|switch|p2a: Landorus|Landorus-Therian, M|100/100
|-ability|p2a: Landorus|Intimidate|boost
|-unboost|p1a: Araquanid|atk|1
|turn|10
|
|t:|1758951677
|switch|p1a: Moltres|Moltres|79/100
|move|p2a: Landorus|Fly||[still]
|-prepare|p2a: Landorus|Fly
|-enditem|p2a: Landorus|Power Herb
|-anim|p2a: Landorus|Fly|p1a: Moltres
|-crit|p1a: Moltres
|-damage|p1a: Moltres|27/100
|
|upkeep
|turn|11
|
|t:|1758951682
|move|p2a: Landorus|Stone Edge|p1a: Moltres
|-supereffective|p1a: Moltres
|-damage|p1a: Moltres|0 fnt
|faint|p1a: Moltres
|
|upkeep
|
|t:|1758951684
|switch|p1a: Araquanid|Araquanid, M|68/100 par
|-activate|p1a: Araquanid|move: Sticky Web
|-unboost|p1a: Araquanid|spe|1
|turn|12
|
|t:|1758951687
|move|p2a: Landorus|Stone Edge|p1a: Araquanid
|-supereffective|p1a: Araquanid
|-crit|p1a: Araquanid
|-damage|p1a: Araquanid|0 fnt
|faint|p1a: Araquanid
|
|upkeep
|
|t:|1758951695
|switch|p1a: Darkrai|Darkrai|100/100
|turn|13
|
|t:|1758951705
|switch|p2a: Iron Moth|Iron Moth|100/100
|-enditem|p2a: Iron Moth|Booster Energy
|-activate|p2a: Iron Moth|ability: Quark Drive|[fromitem]
|-start|p2a: Iron Moth|quarkdrivespa
|move|p1a: Darkrai|Ice Beam|p2a: Iron Moth
|-resisted|p2a: Iron Moth
|-damage|p2a: Iron Moth|82/100
|
|upkeep
|turn|14
|
|t:|1758951712
|move|p2a: Iron Moth|Dazzling Gleam|p1a: Darkrai
|-supereffective|p1a: Darkrai
|-damage|p1a: Darkrai|6/100
|move|p1a: Darkrai|Dark Pulse|p2a: Iron Moth
|-damage|p2a: Iron Moth|36/100
|
|upkeep
|turn|15
|
|t:|1758951720
|move|p2a: Iron Moth|Fiery Dance|p1a: Darkrai
|-damage|p1a: Darkrai|0 fnt
|-boost|p2a: Iron Moth|spa|1
|faint|p1a: Darkrai
|
|upkeep
|
|t:|1758951722
|switch|p1a: Kingambit|Kingambit, F|100/100
|-activate|p1a: Kingambit|move: Sticky Web
|-unboost|p1a: Kingambit|spe|1
|-activate|p1a: Kingambit|ability: Supreme Overlord
|-start|p1a: Kingambit|fallen4|[silent]
|turn|16
|
|t:|1758951724
|move|p1a: Kingambit|Sucker Punch||[still]
|-fail|p1a: Kingambit
|move|p2a: Iron Moth|Substitute|p2a: Iron Moth
|-start|p2a: Iron Moth|Substitute
|-damage|p2a: Iron Moth|11/100
|
|upkeep
|turn|17
|
|t:|1758951729
|-terastallize|p1a: Kingambit|Dark
|move|p2a: Iron Moth|Fiery Dance|p1a: Kingambit
|-damage|p1a: Kingambit|2/100
|-boost|p2a: Iron Moth|spa|1
|move|p1a: Kingambit|Kowtow Cleave|p2a: Iron Moth
|-end|p2a: Iron Moth|Substitute
|
|upkeep
|turn|18
|
|t:|1758951734
|move|p1a: Kingambit|Sucker Punch||[still]
|-fail|p1a: Kingambit
|move|p2a: Iron Moth|Substitute|p2a: Iron Moth
|-fail|p2a: Iron Moth|move: Substitute|[weak]
|
|upkeep
|turn|19
|
|t:|1758951737
|move|p1a: Kingambit|Sucker Punch||[still]
|-fail|p1a: Kingambit
|move|p2a: Iron Moth|Substitute|p2a: Iron Moth
|-fail|p2a: Iron Moth|move: Substitute|[weak]
|
|upkeep
|turn|20
|
|t:|1758951740
|move|p1a: Kingambit|Sucker Punch||[still]
|-fail|p1a: Kingambit
|move|p2a: Iron Moth|Substitute|p2a: Iron Moth
|-fail|p2a: Iron Moth|move: Substitute|[weak]
|
|upkeep
|turn|21
|
|t:|1758951742
|move|p2a: Iron Moth|Fiery Dance|p1a: Kingambit
|-damage|p1a: Kingambit|0 fnt
|faint|p1a: Kingambit
|-end|p1a: Kingambit|fallen4|[silent]
|
|upkeep
|-message|ohjeebus forfeited.
|
|win|lolimdabeast
|raw|ohjeebus's rating: 1488 &rarr; <strong>1464</strong><br />(-24 for losing)
|raw|lolimdabeast's rating: 1423 &rarr; <strong>1447</strong><br />(+24 for winning)
|l|☆ohjeebus
|player|p1|
|l|☆lolimdabeast
|player|p2|
