|j|☆xxnb
|j|☆slashkin
|t:|1758953826
|gametype|singles
|player|p1|xxnb|caitlin|1400
|player|p2|slashkin|266|1359
|gen|9
|tier|[Gen 9] OU
|rated|
|rule|HP Percentage Mod: HP is shown in percentages
|rule|Endless Battle Clause: Forcing endless battles is banned
|rule|Species Clause: Limit one of each Pokémon
|rule|OHKO Clause: OHKO moves are banned
|rule|Evasion Items Clause: Evasion items are banned
|rule|Evasion Moves Clause: Evasion moves are banned
|rule|Evasion Abilities Clause: Evasion abilities are banned
|rule|Sleep Moves Clause: Sleep-inducing moves are banned
|clearpoke
|poke|p1|Espeon, F|
|poke|p1|Ting-Lu|
|poke|p1|Glimmora, F|
|poke|p1|Dragonite, F|
|poke|p1|Dondozo, F|
|poke|p1|Gholdengo|
|poke|p2|Zarude|
|poke|p2|Thundurus-Therian, M|
|poke|p2|Slowking-Galar, M|
|poke|p2|Iron Treads|
|poke|p2|Moltres|
|poke|p2|Iron Valiant|
|teampreview
|inactive|Battle timer is ON: inactive players will automatically lose when time's up. (requested by xxnb)
|inactive|slashkin has 120 seconds left.
|
|t:|1758953874
|teamsize|p1|6
|teamsize|p2|6
|start
|switch|p1a: Glimmora|Glimmora, F, shiny|100/100
|switch|p2a: Iron Treads|Iron Treads|100/100
|turn|1
|
|t:|1758953889
|switch|p1a: Espeon|Espeon, F, shiny|100/100
|move|p2a: Iron Treads|Stealth Rock|p1a: Espeon
|move|p1a: Espeon|Stealth Rock|p2a: Iron Treads|[from] ability: Magic Bounce
|-sidestart|p2: slashkin|move: Stealth Rock
|
|upkeep
|turn|2
|
|t:|1758953901
|-end|p2a: Iron Treads|Quark Drive|[silent]
|switch|p2a: Slowking|Slowking-Galar, M|100/100
|move|p1a: Espeon|Calm Mind|p1a: Espeon
|-boost|p1a: Espeon|spa|1
|-boost|p1a: Espeon|spd|1
|
|upkeep
|turn|3
|
|t:|1758953907
|move|p1a: Espeon|Calm Mind|p1a: Espeon
|-boost|p1a: Espeon|spa|1
|-boost|p1a: Espeon|spd|1
|-prepare|p2a: Slowking|Chilly Reception|[premajor]
|move|p2a: Slowking|Chilly Reception|p2a: Slowking
|-weather|Snowscape
|
|t:|1758953916
|switch|p2a: Zarude|Zarude|100/100|[from] Chilly Reception
|-damage|p2a: Zarude|88/100|[from] Stealth Rock
|
|-weather|Snowscape|[upkeep]
|upkeep
|turn|4
|
|t:|1758953925
|-terastallize|p1a: Espeon|Fairy
|move|p2a: Zarude|Knock Off|p1a: Espeon
|-resisted|p1a: Espeon
|-damage|p1a: Espeon|71/100
|-enditem|p1a: Espeon|Covert Cloak|[from] move: Knock Off|[of] p2a: Zarude
|move|p1a: Espeon|Alluring Voice|p2a: Zarude
|-supereffective|p2a: Zarude
|-damage|p2a: Zarude|0 fnt
|faint|p2a: Zarude
|
|-weather|Snowscape|[upkeep]
|upkeep
|
|t:|1758953929
|switch|p2a: Slowking|Slowking-Galar, M|100/100
|turn|5
|
|t:|1758953947
|move|p1a: Espeon|Calm Mind|p1a: Espeon
|-boost|p1a: Espeon|spa|1
|-boost|p1a: Espeon|spd|1
|move|p2a: Slowking|Sludge Bomb|p1a: Espeon
|-supereffective|p1a: Espeon
|-damage|p1a: Espeon|40/100
|-status|p1a: Espeon|psn
|
|-weather|Snowscape|[upkeep]
|-damage|p1a: Espeon|28/100 psn|[from] psn
|upkeep
|turn|6
|
|t:|1758953958
|move|p1a: Espeon|Stored Power|p2a: Slowking
|-damage|p2a: Slowking|14/100
|-prepare|p2a: Slowking|Chilly Reception|[premajor]
|move|p2a: Slowking|Chilly Reception|p2a: Slowking
|
|t:|1758953961
|switch|p2a: Iron Valiant|Iron Valiant|100/100|[from] Chilly Reception
|-damage|p2a: Iron Valiant|94/100|[from] Stealth Rock
|-enditem|p2a: Iron Valiant|Booster Energy
|-activate|p2a: Iron Valiant|ability: Quark Drive|[fromitem]
|-start|p2a: Iron Valiant|quarkdrivespe
|
|-weather|Snowscape|[upkeep]
|-damage|p1a: Espeon|15/100 psn|[from] psn
|upkeep
|turn|7
|
|t:|1758953976
|move|p2a: Iron Valiant|Moonblast|p1a: Espeon
|-damage|p1a: Espeon|0 fnt
|faint|p1a: Espeon
|
|-weather|none
|upkeep
|
|t:|1758953983
|switch|p1a: Ting-Lu|Ting-Lu|100/100
|-ability|p1a: Ting-Lu|Vessel of Ruin
|turn|8
|
|t:|1758953993
|move|p2a: Iron Valiant|Moonblast|p1a: Ting-Lu
|-supereffective|p1a: Ting-Lu
|-damage|p1a: Ting-Lu|73/100
|move|p1a: Ting-Lu|Heavy Slam|p2a: Iron Valiant
|-supereffective|p2a: Iron Valiant
|-damage|p2a: Iron Valiant|0 fnt
|faint|p2a: Iron Valiant
|-end|p2a: Iron Valiant|Quark Drive|[silent]
|
|upkeep
|
|t:|1758953999
|switch|p2a: Thundurus|Thundurus-Therian, M|100/100
|-damage|p2a: Thundurus|76/100|[from] Stealth Rock
|turn|9
|
|t:|1758954010
|move|p2a: Thundurus|Grass Knot|p1a: Ting-Lu
|-supereffective|p1a: Ting-Lu
|-damage|p1a: Ting-Lu|24/100
|move|p1a: Ting-Lu|Payback|p2a: Thundurus
|-damage|p2a: Thundurus|0 fnt
|faint|p2a: Thundurus
|
|upkeep
|
|t:|1758954017
|switch|p2a: Iron Treads|Iron Treads|100/100
|-damage|p2a: Iron Treads|97/100|[from] Stealth Rock
|turn|10
|
|t:|1758954023
|switch|p1a: Dondozo|Dondozo, F, shiny|100/100
|move|p2a: Iron Treads|Ice Spinner|p1a: Dondozo
|-resisted|p1a: Dondozo
|-damage|p1a: Dondozo|95/100
|-damage|p2a: Iron Treads|81/100|[from] item: Rocky Helmet|[of] p1a: Dondozo
|
|-heal|p2a: Iron Treads|87/100|[from] item: Leftovers
|upkeep
|turn|11
|
|t:|1758954033
|move|p2a: Iron Treads|Rapid Spin|p1a: Dondozo
|-damage|p1a: Dondozo|88/100
|-boost|p2a: Iron Treads|spe|1
|-damage|p2a: Iron Treads|71/100|[from] item: Rocky Helmet|[of] p1a: Dondozo
|-sideend|p2: slashkin|Stealth Rock|[from] move: Rapid Spin|[of] p2a: Iron Treads
|move|p1a: Dondozo|Earthquake|p2a: Iron Treads
|-supereffective|p2a: Iron Treads
|-damage|p2a: Iron Treads|33/100
|
|-heal|p2a: Iron Treads|39/100|[from] item: Leftovers
|upkeep
|turn|12
|
|t:|1758954046
|switch|p1a: Glimmora|Glimmora, F, shiny|100/100
|move|p2a: Iron Treads|Knock Off|p1a: Glimmora
|-damage|p1a: Glimmora|69/100
|-activate|p1a: Glimmora|ability: Toxic Debris
|-sidestart|p2: slashkin|move: Toxic Spikes
|-enditem|p1a: Glimmora|Focus Sash|[from] move: Knock Off|[of] p2a: Iron Treads
|
|-heal|p2a: Iron Treads|45/100|[from] item: Leftovers
|upkeep
|turn|13
|
|t:|1758954073
|switch|p1a: Dondozo|Dondozo, F, shiny|88/100
|move|p2a: Iron Treads|Rapid Spin|p1a: Dondozo
|-damage|p1a: Dondozo|81/100
|-boost|p2a: Iron Treads|spe|1
|-damage|p2a: Iron Treads|29/100|[from] item: Rocky Helmet|[of] p1a: Dondozo
|-sideend|p2: slashkin|Toxic Spikes|[from] move: Rapid Spin|[of] p2a: Iron Treads
|
|-heal|p2a: Iron Treads|35/100|[from] item: Leftovers
|upkeep
|turn|14
|
|t:|1758954085
|-end|p2a: Iron Treads|Quark Drive|[silent]
|switch|p2a: Moltres|Moltres|100/100
|-ability|p2a: Moltres|Pressure
|move|p1a: Dondozo|Earthquake|p2a: Moltres
|-immune|p2a: Moltres
|
|upkeep
|turn|15
|
|t:|1758954097
|switch|p1a: Glimmora|Glimmora, F, shiny|69/100
|move|p2a: Moltres|Will-O-Wisp|p1a: Glimmora
|-status|p1a: Glimmora|brn
|
|-damage|p1a: Glimmora|63/100 brn|[from] brn
|upkeep
|turn|16
|
|t:|1758954107
|switch|p2a: Iron Treads|Iron Treads|35/100
|move|p1a: Glimmora|Stealth Rock|p2a: Iron Treads
|-sidestart|p2: slashkin|move: Stealth Rock
|
|-heal|p2a: Iron Treads|41/100|[from] item: Leftovers
|-damage|p1a: Glimmora|57/100 brn|[from] brn
|upkeep
|turn|17
|
|t:|1758954126
|move|p2a: Iron Treads|Rapid Spin|p1a: Glimmora
|-resisted|p1a: Glimmora
|-damage|p1a: Glimmora|49/100 brn
|-boost|p2a: Iron Treads|spe|1
|-activate|p1a: Glimmora|ability: Toxic Debris
|-sidestart|p2: slashkin|move: Toxic Spikes
|-sideend|p2: slashkin|Toxic Spikes|[from] move: Rapid Spin|[of] p2a: Iron Treads
|-sideend|p2: slashkin|Stealth Rock|[from] move: Rapid Spin|[of] p2a: Iron Treads
|move|p1a: Glimmora|Mud Shot|p2a: Iron Treads
|-supereffective|p2a: Iron Treads
|-damage|p2a: Iron Treads|0 fnt
|faint|p2a: Iron Treads
|-end|p2a: Iron Treads|Quark Drive|[silent]
|
|-damage|p1a: Glimmora|42/100 brn|[from] brn
|upkeep
|
|t:|1758954130
|switch|p2a: Slowking|Slowking-Galar, M|47/100
|turn|18
|
|t:|1758954144
|move|p1a: Glimmora|Stealth Rock|p2a: Slowking
|-sidestart|p2: slashkin|move: Stealth Rock
|move|p2a: Slowking|Future Sight|p1a: Glimmora
|-start|p2a: Slowking|move: Future Sight
|
|-damage|p1a: Glimmora|36/100 brn|[from] brn
|upkeep
|turn|19
|
|t:|1758954157
|move|p1a: Glimmora|Mud Shot|p2a: Slowking|[miss]
|-miss|p1a: Glimmora|p2a: Slowking
|-prepare|p2a: Slowking|Chilly Reception|[premajor]
|move|p2a: Slowking|Chilly Reception|p2a: Slowking
|-weather|Snowscape
|inactive|slashkin has 120 seconds left.
|
|t:|1758954191
|switch|p2a: Moltres|Moltres|100/100|[from] Chilly Reception
|-ability|p2a: Moltres|Pressure
|
|-weather|Snowscape|[upkeep]
|-damage|p1a: Glimmora|30/100 brn|[from] brn
|upkeep
|turn|20
|c|☆xxnb|兄弟不行算了
|
|t:|1758954202
|switch|p2a: Slowking|Slowking-Galar, M|80/100
|move|p1a: Glimmora|Power Gem|p2a: Slowking
|-damage|p2a: Slowking|54/100
|
|-weather|Snowscape|[upkeep]
|-end|p1a: Glimmora|move: Future Sight
|-supereffective|p1a: Glimmora
|-damage|p1a: Glimmora|0 fnt
|faint|p1a: Glimmora
|upkeep
|
|t:|1758954217
|switch|p1a: Gholdengo|Gholdengo|100/100
|turn|21
|
|t:|1758954223
|switch|p2a: Moltres|Moltres|100/100
|-ability|p2a: Moltres|Pressure
|move|p1a: Gholdengo|Shadow Ball|p2a: Moltres
|-damage|p2a: Moltres|53/100
|
|-weather|Snowscape|[upkeep]
|upkeep
|turn|22
|
|t:|1758954234
|switch|p1a: Ting-Lu|Ting-Lu|24/100
|-ability|p1a: Ting-Lu|Vessel of Ruin
|move|p2a: Moltres|Flamethrower|p1a: Ting-Lu
|-damage|p1a: Ting-Lu|10/100
|
|-weather|Snowscape|[upkeep]
|upkeep
|turn|23
|
|t:|1758954245
|move|p2a: Moltres|Flamethrower|p1a: Ting-Lu
|-damage|p1a: Ting-Lu|0 fnt
|faint|p1a: Ting-Lu
|
|-weather|none
|upkeep
|
|t:|1758954256
|switch|p1a: Dragonite|Dragonite, F, shiny|100/100
|turn|24
|
|t:|1758954261
|move|p1a: Dragonite|Extreme Speed|p2a: Moltres
|-damage|p2a: Moltres|18/100
|move|p2a: Moltres|Will-O-Wisp|p1a: Dragonite
|-status|p1a: Dragonite|brn
|
|-damage|p1a: Dragonite|94/100 brn|[from] brn
|upkeep
|turn|25
|
|t:|1758954270
|move|p1a: Dragonite|Extreme Speed|p2a: Moltres
|-damage|p2a: Moltres|2/100
|move|p2a: Moltres|Roost|p2a: Moltres
|-heal|p2a: Moltres|52/100
|-singleturn|p2a: Moltres|move: Roost
|
|-damage|p1a: Dragonite|88/100 brn|[from] brn
|upkeep
|turn|26
|
|t:|1758954291
|switch|p1a: Dondozo|Dondozo, F, shiny|81/100
|move|p2a: Moltres|Roost|p2a: Moltres
|-heal|p2a: Moltres|100/100
|-singleturn|p2a: Moltres|move: Roost
|
|upkeep
|turn|27
|
|t:|1758954304
|move|p2a: Moltres|Will-O-Wisp|p1a: Dondozo
|-status|p1a: Dondozo|brn
|move|p1a: Dondozo|Avalanche|p2a: Moltres
|-damage|p2a: Moltres|96/100
|
|-damage|p1a: Dondozo|75/100 brn|[from] brn
|upkeep
|turn|28
|
|t:|1758954313
|switch|p2a: Slowking|Slowking-Galar, M|87/100
|move|p1a: Dondozo|Rest|p1a: Dondozo
|-status|p1a: Dondozo|slp|[from] move: Rest
|-heal|p1a: Dondozo|100/100 slp|[silent]
|
|upkeep
|turn|29
|
|t:|1758954323
|switch|p1a: Gholdengo|Gholdengo|100/100
|move|p2a: Slowking|Future Sight|p1a: Gholdengo
|-start|p2a: Slowking|move: Future Sight
|
|upkeep
|turn|30
|
|t:|1758954337
|move|p1a: Gholdengo|Trick|p2a: Slowking
|-activate|p1a: Gholdengo|move: Trick|[of] p2a: Slowking
|-item|p2a: Slowking|Choice Scarf|[from] move: Trick
|-item|p1a: Gholdengo|Heavy-Duty Boots|[from] move: Trick
|-prepare|p2a: Slowking|Chilly Reception|[premajor]
|move|p2a: Slowking|Chilly Reception|p2a: Slowking
|-weather|Snowscape
|
|t:|1758954342
|switch|p2a: Moltres|Moltres|96/100|[from] Chilly Reception
|-ability|p2a: Moltres|Pressure
|
|-weather|Snowscape|[upkeep]
|upkeep
|turn|31
|
|t:|1758954351
|switch|p1a: Dragonite|Dragonite, F, shiny|88/100 brn
|switch|p2a: Slowking|Slowking-Galar, M|100/100
|-damage|p2a: Slowking|88/100|[from] Stealth Rock
|
|-weather|Snowscape|[upkeep]
|-end|p1a: Dragonite|move: Future Sight
|-damage|p1a: Dragonite|38/100 brn
|-damage|p1a: Dragonite|32/100 brn|[from] brn
|upkeep
|turn|32
|
|t:|1758954362
|move|p1a: Dragonite|Outrage|p2a: Slowking
|-damage|p2a: Slowking|41/100
|move|p2a: Slowking|Future Sight|p1a: Dragonite
|-start|p2a: Slowking|move: Future Sight
|
|-weather|Snowscape|[upkeep]
|-damage|p1a: Dragonite|25/100 brn|[from] brn
|upkeep
|turn|33
|
|t:|1758954370
|switch|p2a: Moltres|Moltres|96/100
|-ability|p2a: Moltres|Pressure
|move|p1a: Dragonite|Outrage|p2a: Moltres|[from] lockedmove
|-damage|p2a: Moltres|62/100
|
|-weather|Snowscape|[upkeep]
|-damage|p1a: Dragonite|19/100 brn|[from] brn
|upkeep
|turn|34
|
|t:|1758954381
|move|p1a: Dragonite|Outrage|p2a: Moltres|[from] lockedmove
|-damage|p2a: Moltres|25/100
|-start|p1a: Dragonite|confusion|[fatigue]
|move|p2a: Moltres|Roost|p2a: Moltres
|-heal|p2a: Moltres|75/100
|-singleturn|p2a: Moltres|move: Roost
|
|-weather|none
|-end|p1a: Dragonite|move: Future Sight
|-damage|p1a: Dragonite|0 fnt
|faint|p1a: Dragonite
|upkeep
|
|t:|1758954399
|switch|p1a: Gholdengo|Gholdengo|100/100
|turn|35
|
|t:|1758954405
|move|p1a: Gholdengo|Shadow Ball|p2a: Moltres
|-damage|p2a: Moltres|32/100
|move|p2a: Moltres|Flamethrower|p1a: Gholdengo
|-supereffective|p1a: Gholdengo
|-damage|p1a: Gholdengo|17/100
|
|upkeep
|turn|36
|
|t:|1758954421
|move|p1a: Gholdengo|Shadow Ball|p2a: Moltres
|-damage|p2a: Moltres|0 fnt
|faint|p2a: Moltres
|
|upkeep
|
|t:|1758954422
|switch|p2a: Slowking|Slowking-Galar, M|74/100
|-damage|p2a: Slowking|62/100|[from] Stealth Rock
|turn|37
|
|t:|1758954432
|switch|p1a: Dondozo|Dondozo, F, shiny|100/100 slp
|move|p2a: Slowking|Future Sight|p1a: Dondozo
|-start|p2a: Slowking|move: Future Sight
|
|upkeep
|turn|38
|
|t:|1758954438
|move|p2a: Slowking|Future Sight||[still]
|-fail|p2a: Slowking
|cant|p1a: Dondozo|slp
|move|p1a: Dondozo|Sleep Talk|p1a: Dondozo
|move|p1a: Dondozo|Rest||[from] move: Sleep Talk|[still]
|-fail|p1a: Dondozo
|
|upkeep
|turn|39
|
|t:|1758954446
|move|p2a: Slowking|Future Sight||[still]
|-fail|p2a: Slowking
|cant|p1a: Dondozo|slp
|move|p1a: Dondozo|Sleep Talk|p1a: Dondozo
|move|p1a: Dondozo|Avalanche|p2a: Slowking|[from] move: Sleep Talk
|-damage|p2a: Slowking|49/100
|
|-end|p1a: Dondozo|move: Future Sight
|-damage|p1a: Dondozo|59/100 slp
|upkeep
|turn|40
|
|t:|1758954459
|move|p2a: Slowking|Future Sight|p1a: Dondozo
|-start|p2a: Slowking|move: Future Sight
|-curestatus|p1a: Dondozo|slp|[msg]
|move|p1a: Dondozo|Earthquake|p2a: Slowking
|-supereffective|p2a: Slowking
|-damage|p2a: Slowking|5/100
|
|upkeep
|turn|41
|
|t:|1758954465
|-terastallize|p2a: Slowking|Poison
|move|p2a: Slowking|Future Sight||[still]
|-fail|p2a: Slowking
|move|p1a: Dondozo|Earthquake|p2a: Slowking
|-supereffective|p2a: Slowking
|-damage|p2a: Slowking|0 fnt
|faint|p2a: Slowking
|
|win|xxnb
|raw|xxnb's rating: 1400 &rarr; <strong>1418</strong><br />(+18 for winning)
|raw|slashkin's rating: 1359 &rarr; <strong>1341</strong><br />(-18 for losing)
|l|☆slashkin
|player|p2|
|l|☆xxnb
|player|p1|
