|j|☆witdflow
|j|☆lakagota
|t:|1758955602
|gametype|singles
|player|p1|witdflow|norman|1293
|player|p2|lakagota|101|1297
|gen|9
|tier|[Gen 9] OU
|rated|
|rule|HP Percentage Mod: HP is shown in percentages
|rule|Endless Battle Clause: Forcing endless battles is banned
|rule|Species Clause: Limit one of each Pokémon
|rule|OHKO Clause: OHKO moves are banned
|rule|Evasion Items Clause: Evasion items are banned
|rule|Evasion Moves Clause: Evasion moves are banned
|rule|Evasion Abilities Clause: Evasion abilities are banned
|rule|Sleep Moves Clause: Sleep-inducing moves are banned
|clearpoke
|poke|p1|Clefable, F|
|poke|p1|Weezing-Galar, M|
|poke|p1|Alomomola, F|
|poke|p1|Ting-Lu|
|poke|p1|Ditto|
|poke|p1|Vileplume, M|
|poke|p2|Ninetales-Alola, F|
|poke|p2|Garganacl, M|
|poke|p2|Meowscarada, F|
|poke|p2|Kingambit, F|
|poke|p2|Iron Boulder|
|poke|p2|Glimmora, M|
|teampreview
|l|☆lakagota
|player|p2|
|j|☆lakagota
|player|p2|lakagota|101|
|inactive|Battle timer is ON: inactive players will automatically lose when time's up. (requested by witdflow)
|
|t:|1758955663
|teamsize|p1|6
|teamsize|p2|6
|start
|switch|p1a: Ditto|Ditto, shiny|100/100
|switch|p2a: Iron Boulder|Iron Boulder|100/100
|-transform|p1a: Ditto|p2a: Iron Boulder|[from] ability: Imposter
|-enditem|p2a: Iron Boulder|Booster Energy
|-activate|p2a: Iron Boulder|ability: Quark Drive|[fromitem]
|-start|p2a: Iron Boulder|quarkdriveatk
|turn|1
|inactive|witdflow has 120 seconds left.
|inactive|lakagota has 120 seconds left.
|
|t:|1758955699
|move|p1a: Ditto|Mighty Cleave|p2a: Iron Boulder
|-damage|p2a: Iron Boulder|37/100
|move|p2a: Iron Boulder|Mighty Cleave|p1a: Ditto
|-damage|p1a: Ditto|9/100
|
|upkeep
|turn|2
|inactive|witdflow has 120 seconds left.
|inactive|lakagota has 120 seconds left.
|
|t:|1758955732
|move|p1a: Ditto|Mighty Cleave|p2a: Iron Boulder
|-damage|p2a: Iron Boulder|0 fnt
|faint|p2a: Iron Boulder
|-end|p2a: Iron Boulder|Quark Drive|[silent]
|
|upkeep
|inactive|lakagota has 90 seconds left.
|
|t:|1758955748
|switch|p2a: Garganacl|Garganacl, M|100/100
|turn|3
|inactive|lakagota has 90 seconds left.
|inactive|witdflow has 120 seconds left.
|
|t:|1758955768
|move|p1a: Ditto|Mighty Cleave|p2a: Garganacl
|-damage|p2a: Garganacl|65/100
|move|p2a: Garganacl|Salt Cure|p1a: Ditto
|-damage|p1a: Ditto|0 fnt
|faint|p1a: Ditto
|-end|p1a: Ditto|Quark Drive|[silent]
|
|-heal|p2a: Garganacl|72/100|[from] item: Leftovers
|upkeep
|
|t:|1758955773
|switch|p1a: Vileplume|Vileplume, M, shiny|100/100
|turn|4
|inactive|lakagota has 90 seconds left.
|
|t:|1758955792
|move|p1a: Vileplume|Substitute|p1a: Vileplume
|-start|p1a: Vileplume|Substitute
|-damage|p1a: Vileplume|76/100
|move|p2a: Garganacl|Salt Cure|p1a: Vileplume
|-activate|p1a: Vileplume|move: Substitute|[damage]
|
|-heal|p1a: Vileplume|82/100|[from] item: Leftovers
|-heal|p2a: Garganacl|78/100|[from] item: Leftovers
|upkeep
|turn|5
|inactive|lakagota has 90 seconds left.
|
|t:|1758955819
|switch|p2a: Meowscarada|Meowscarada, F|100/100
|move|p1a: Vileplume|Leech Seed|p2a: Meowscarada
|-immune|p2a: Meowscarada
|
|-heal|p1a: Vileplume|88/100|[from] item: Leftovers
|upkeep
|turn|6
|
|t:|1758955830
|move|p2a: Meowscarada|Triple Axel|p1a: Vileplume
|-start|p2a: Meowscarada|typechange|Ice|[from] ability: Protean
|-supereffective|p1a: Vileplume
|-end|p1a: Vileplume|Substitute
|-supereffective|p1a: Vileplume
|-damage|p1a: Vileplume|34/100
|-hitcount|p1a: Vileplume|2
|-damage|p2a: Meowscarada|91/100|[from] item: Life Orb
|move|p1a: Vileplume|Leech Seed|p2a: Meowscarada
|-start|p2a: Meowscarada|move: Leech Seed
|
|-heal|p1a: Vileplume|41/100|[from] item: Leftovers
|-damage|p2a: Meowscarada|78/100|[from] Leech Seed|[of] p1a: Vileplume
|-heal|p1a: Vileplume|51/100|[silent]
|upkeep
|turn|7
|
|t:|1758955847
|switch|p1a: Weezing|Weezing-Galar, M, shiny|100/100
|-ability|p1a: Weezing|Neutralizing Gas
|move|p2a: Meowscarada|Triple Axel|p1a: Weezing
|-damage|p1a: Weezing|93/100
|-damage|p2a: Meowscarada|62/100|[from] item: Rocky Helmet|[of] p1a: Weezing
|-damage|p1a: Weezing|76/100
|-damage|p2a: Meowscarada|45/100|[from] item: Rocky Helmet|[of] p1a: Weezing
|-damage|p1a: Weezing|53/100
|-damage|p2a: Meowscarada|28/100|[from] item: Rocky Helmet|[of] p1a: Weezing
|-hitcount|p1a: Weezing|3
|-damage|p2a: Meowscarada|19/100|[from] item: Life Orb
|
|-damage|p2a: Meowscarada|6/100|[from] Leech Seed|[of] p1a: Weezing
|-heal|p1a: Weezing|64/100|[silent]
|upkeep
|turn|8
|inactive|lakagota has 60 seconds left.
|inactive|lakagota has 30 seconds left.
|inactive|lakagota has 20 seconds left.
|
|t:|1758955906
|switch|p2a: Glimmora|Glimmora, M|100/100
|move|p1a: Weezing|Will-O-Wisp|p2a: Glimmora|[miss]
|-miss|p1a: Weezing|p2a: Glimmora
|
|upkeep
|turn|9
|inactive|lakagota has 30 seconds left this turn.
|
|t:|1758955914
|-end|p1a: Weezing|ability: Neutralizing Gas
|switch|p1a: Ting-Lu|Ting-Lu, shiny|100/100
|-ability|p1a: Ting-Lu|Vessel of Ruin
|move|p2a: Glimmora|Meteor Beam||[still]
|-prepare|p2a: Glimmora|Meteor Beam
|-boost|p2a: Glimmora|spa|1
|-enditem|p2a: Glimmora|Power Herb
|-anim|p2a: Glimmora|Meteor Beam|p1a: Ting-Lu
|-resisted|p1a: Ting-Lu
|-damage|p1a: Ting-Lu|80/100
|
|-heal|p1a: Ting-Lu|86/100|[from] item: Leftovers
|upkeep
|turn|10
|inactive|lakagota has 30 seconds left.
|inactive|lakagota has 20 seconds left.
|inactive|lakagota has 15 seconds left.
|inactive|lakagota has 10 seconds left.
|inactive|lakagota has 5 seconds left.
|-message|lakagota lost due to inactivity.
|
|win|witdflow
|raw|witdflow's rating: 1293 &rarr; <strong>1318</strong><br />(+25 for winning)
|raw|lakagota's rating: 1297 &rarr; <strong>1272</strong><br />(-25 for losing)
|l|☆witdflow
|player|p1|
|l|☆lakagota
|player|p2|
