|j|☆Blushweaver
|j|☆larp legion
|t:|1759010365
|gametype|singles
|player|p1|Blushweaver|fantina|1540
|player|p2|larp legion|aromalady|1591
|gen|9
|tier|[Gen 9] OU
|rated|
|rule|HP Percentage Mod: HP is shown in percentages
|rule|Endless Battle Clause: Forcing endless battles is banned
|rule|Species Clause: Limit one of each Pokémon
|rule|OHKO Clause: OHKO moves are banned
|rule|Evasion Items Clause: Evasion items are banned
|rule|Evasion Moves Clause: Evasion moves are banned
|rule|Evasion Abilities Clause: Evasion abilities are banned
|rule|Sleep Moves Clause: Sleep-inducing moves are banned
|clearpoke
|poke|p1|Slaking, F|
|poke|p1|Samurott-Hisui, F|
|poke|p1|Gholdengo|
|poke|p1|Pecharunt|
|poke|p1|Raging Bolt|
|poke|p1|Landorus-Therian, M|
|poke|p2|Fezandipiti, M|
|poke|p2|Dragonite, M|
|poke|p2|Kingambit, M|
|poke|p2|Landorus-Therian, M|
|poke|p2|Hatterene, F|
|poke|p2|Zamazenta-*|
|teampreview
|c|☆larp legion|gl hf
|
|t:|1759010396
|teamsize|p1|6
|teamsize|p2|6
|start
|switch|p1a: Slaking|Slaking, F|100/100
|switch|p2a: Fezandipiti|Fezandipiti, M|100/100
|turn|1
|c|☆Blushweaver|U2
|j| FaronAan
|
|t:|1759010421
|switch|p2a: Landorus|Landorus-Therian, M|100/100
|-ability|p2a: Landorus|Intimidate|boost
|-unboost|p1a: Slaking|atk|1
|move|p1a: Slaking|Earthquake|p2a: Landorus
|-immune|p2a: Landorus
|
|upkeep
|turn|2
|
|t:|1759010426
|switch|p1a: Landorus|Landorus-Therian, M|100/100
|-ability|p1a: Landorus|Intimidate|boost
|-unboost|p2a: Landorus|atk|1
|move|p2a: Landorus|Stealth Rock|p1a: Landorus
|-sidestart|p1: Blushweaver|move: Stealth Rock
|
|upkeep
|turn|3
|
|t:|1759010433
|switch|p2a: Dragonite|Dragonite, M|100/100
|move|p1a: Landorus|Stealth Rock|p2a: Dragonite
|-sidestart|p2: larp legion|move: Stealth Rock
|
|upkeep
|turn|4
|
|t:|1759010437
|move|p1a: Landorus|U-turn|p2a: Dragonite
|-resisted|p2a: Dragonite
|-damage|p2a: Dragonite|95/100
|
|t:|1759010463
|switch|p1a: Slaking|Slaking, F|100/100|[from] U-turn
|-damage|p1a: Slaking|88/100|[from] Stealth Rock
|move|p2a: Dragonite|Dragon Tail|p1a: Slaking
|-damage|p1a: Slaking|63/100
|drag|p1a: Samurott|Samurott-Hisui, F|100/100
|
|upkeep
|turn|5
|
|t:|1759010468
|switch|p2a: Landorus|Landorus-Therian, M|100/100
|-damage|p2a: Landorus|88/100|[from] Stealth Rock
|-ability|p2a: Landorus|Intimidate|boost
|-unboost|p1a: Samurott|atk|1
|move|p1a: Samurott|Ceaseless Edge|p2a: Landorus
|-damage|p2a: Landorus|59/100
|-damage|p1a: Samurott|84/100|[from] item: Rocky Helmet|[of] p2a: Landorus
|-sidestart|p2: larp legion|Spikes
|
|upkeep
|turn|6
|
|t:|1759010479
|move|p2a: Landorus|U-turn|p1a: Samurott
|-supereffective|p1a: Samurott
|-damage|p1a: Samurott|29/100
|
|t:|1759010482
|switch|p2a: Dragonite|Dragonite, M|95/100|[from] U-turn
|move|p1a: Samurott|Knock Off|p2a: Dragonite
|-damage|p2a: Dragonite|69/100
|-enditem|p2a: Dragonite|Heavy-Duty Boots|[from] move: Knock Off|[of] p1a: Samurott
|
|upkeep
|turn|7
|
|t:|1759010489
|switch|p1a: Landorus|Landorus-Therian, M|100/100
|-damage|p1a: Landorus|88/100|[from] Stealth Rock
|-ability|p1a: Landorus|Intimidate|boost
|-unboost|p2a: Dragonite|atk|1
|move|p2a: Dragonite|Roost|p2a: Dragonite
|-heal|p2a: Dragonite|100/100
|-singleturn|p2a: Dragonite|move: Roost
|
|upkeep
|turn|8
|
|t:|1759010497
|move|p1a: Landorus|U-turn|p2a: Dragonite
|-resisted|p2a: Dragonite
|-damage|p2a: Dragonite|96/100
|
|t:|1759010501
|switch|p1a: Slaking|Slaking, F|63/100|[from] U-turn
|-damage|p1a: Slaking|51/100|[from] Stealth Rock
|move|p2a: Dragonite|Dragon Tail|p1a: Slaking
|-damage|p1a: Slaking|33/100
|drag|p1a: Raging Bolt|Raging Bolt|100/100
|
|upkeep
|turn|9
|
|t:|1759010510
|move|p1a: Raging Bolt|Draco Meteor|p2a: Dragonite
|-supereffective|p2a: Dragonite
|-damage|p2a: Dragonite|0 fnt
|-unboost|p1a: Raging Bolt|spa|2
|faint|p2a: Dragonite
|
|upkeep
|
|t:|1759010512
|switch|p2a: Fezandipiti|Fezandipiti, M|100/100
|-damage|p2a: Fezandipiti|88/100|[from] Stealth Rock
|-damage|p2a: Fezandipiti|76/100|[from] Spikes
|turn|10
|
|t:|1759010530
|-end|p1a: Raging Bolt|Protosynthesis|[silent]
|switch|p1a: Pecharunt|Pecharunt|100/100
|move|p2a: Fezandipiti|Moonblast|p1a: Pecharunt
|-resisted|p1a: Pecharunt
|-damage|p1a: Pecharunt|80/100
|
|upkeep
|turn|11
|
|t:|1759010534
|move|p2a: Fezandipiti|Shadow Ball|p1a: Pecharunt
|-supereffective|p1a: Pecharunt
|-damage|p1a: Pecharunt|24/100
|-unboost|p1a: Pecharunt|spd|1
|move|p1a: Pecharunt|Nasty Plot|p1a: Pecharunt
|-boost|p1a: Pecharunt|spa|2
|
|upkeep
|turn|12
|
|t:|1759010541
|switch|p1a: Slaking|Slaking, F|33/100
|-damage|p1a: Slaking|20/100|[from] Stealth Rock
|move|p2a: Fezandipiti|Nasty Plot|p2a: Fezandipiti
|-boost|p2a: Fezandipiti|spa|2
|
|upkeep
|turn|13
|
|t:|1759010549
|switch|p2a: Landorus|Landorus-Therian, M|59/100
|-damage|p2a: Landorus|47/100|[from] Stealth Rock
|-ability|p2a: Landorus|Intimidate|boost
|-unboost|p1a: Slaking|atk|1
|move|p1a: Slaking|Double-Edge|p2a: Landorus
|-damage|p2a: Landorus|0 fnt
|-damage|p1a: Slaking|4/100|[from] item: Rocky Helmet|[of] p2a: Landorus
|faint|p2a: Landorus
|-damage|p1a: Slaking|0 fnt|[from] Recoil
|faint|p1a: Slaking
|
|upkeep
|
|t:|1759010557
|switch|p1a: Gholdengo|Gholdengo|100/100
|switch|p2a: Kingambit|Kingambit, M|100/100
|-damage|p1a: Gholdengo|94/100|[from] Stealth Rock
|-damage|p2a: Kingambit|94/100|[from] Stealth Rock
|-damage|p2a: Kingambit|82/100|[from] Spikes
|-activate|p2a: Kingambit|ability: Supreme Overlord
|-start|p2a: Kingambit|fallen2|[silent]
|turn|14
|
|t:|1759010562
|-end|p2a: Kingambit|fallen2|[silent]
|switch|p2a: Hatterene|Hatterene, F|100/100
|-damage|p2a: Hatterene|88/100|[from] Stealth Rock
|-damage|p2a: Hatterene|76/100|[from] Spikes
|-terastallize|p1a: Gholdengo|Fighting
|move|p1a: Gholdengo|Focus Blast|p2a: Hatterene
|-resisted|p2a: Hatterene
|-damage|p2a: Hatterene|67/100
|
|upkeep
|turn|15
|
|t:|1759010577
|switch|p1a: Pecharunt|Pecharunt|24/100
|move|p2a: Hatterene|Psychic Noise|p1a: Pecharunt
|-supereffective|p1a: Pecharunt
|-damage|p1a: Pecharunt|0 fnt
|faint|p1a: Pecharunt
|
|upkeep
|
|t:|1759010582
|switch|p1a: Samurott|Samurott-Hisui, F|29/100
|turn|16
|
|t:|1759010585
|move|p1a: Samurott|Ceaseless Edge|p2a: Hatterene
|-damage|p2a: Hatterene|18/100
|-sidestart|p2: larp legion|Spikes
|move|p2a: Hatterene|Draining Kiss|p1a: Samurott
|-supereffective|p1a: Samurott
|-damage|p1a: Samurott|0 fnt
|-heal|p2a: Hatterene|40/100|[from] drain|[of] p1a: Samurott
|faint|p1a: Samurott
|
|upkeep
|
|t:|1759010595
|switch|p1a: Raging Bolt|Raging Bolt|100/100
|turn|17
|
|t:|1759010597
|move|p1a: Raging Bolt|Thunderbolt|p2a: Hatterene
|-damage|p2a: Hatterene|9/100
|move|p2a: Hatterene|Draining Kiss|p1a: Raging Bolt
|-supereffective|p1a: Raging Bolt
|-damage|p1a: Raging Bolt|55/100
|-heal|p2a: Hatterene|54/100|[from] drain|[of] p1a: Raging Bolt
|
|upkeep
|turn|18
|
|t:|1759010605
|move|p1a: Raging Bolt|Volt Switch|p2a: Hatterene
|-damage|p2a: Hatterene|30/100
|
|t:|1759010607
|-end|p1a: Raging Bolt|Protosynthesis|[silent]
|switch|p1a: Gholdengo|Gholdengo, tera:Fighting|94/100|[from] Volt Switch
|-damage|p1a: Gholdengo|88/100|[from] Stealth Rock
|move|p2a: Hatterene|Nuzzle|p1a: Gholdengo
|-damage|p1a: Gholdengo|84/100
|-status|p1a: Gholdengo|par
|
|upkeep
|turn|19
|
|t:|1759010613
|move|p1a: Gholdengo|Shadow Ball|p2a: Hatterene
|-supereffective|p2a: Hatterene
|-damage|p2a: Hatterene|0 fnt
|faint|p2a: Hatterene
|
|upkeep
|
|t:|1759010615
|switch|p2a: Fezandipiti|Fezandipiti, M|76/100
|-damage|p2a: Fezandipiti|64/100|[from] Stealth Rock
|-damage|p2a: Fezandipiti|47/100|[from] Spikes
|turn|20
|
|t:|1759010619
|move|p2a: Fezandipiti|Moonblast|p1a: Gholdengo
|-supereffective|p1a: Gholdengo
|-damage|p1a: Gholdengo|0 fnt
|faint|p1a: Gholdengo
|
|upkeep
|
|t:|1759010629
|switch|p1a: Raging Bolt|Raging Bolt|55/100
|turn|21
|
|t:|1759010632
|move|p2a: Fezandipiti|Moonblast|p1a: Raging Bolt
|-supereffective|p1a: Raging Bolt
|-damage|p1a: Raging Bolt|0 fnt
|faint|p1a: Raging Bolt
|-end|p1a: Raging Bolt|Protosynthesis|[silent]
|
|upkeep
|
|t:|1759010634
|switch|p1a: Landorus|Landorus-Therian, M|88/100
|-damage|p1a: Landorus|76/100|[from] Stealth Rock
|-ability|p1a: Landorus|Intimidate|boost
|-unboost|p2a: Fezandipiti|atk|1
|turn|22
|
|t:|1759010640
|move|p2a: Fezandipiti|Heat Wave|p1a: Landorus
|-damage|p1a: Landorus|46/100
|move|p1a: Landorus|Earth Power|p2a: Fezandipiti
|-supereffective|p2a: Fezandipiti
|-damage|p2a: Fezandipiti|0 fnt
|faint|p2a: Fezandipiti
|
|upkeep
|
|t:|1759010643
|switch|p2a: Zamazenta|Zamazenta|100/100
|-damage|p2a: Zamazenta|94/100|[from] Stealth Rock
|-damage|p2a: Zamazenta|78/100|[from] Spikes
|-ability|p2a: Zamazenta|Dauntless Shield|boost
|-boost|p2a: Zamazenta|def|1
|turn|23
|
|t:|1759010645
|move|p2a: Zamazenta|Iron Defense|p2a: Zamazenta
|-boost|p2a: Zamazenta|def|2
|move|p1a: Landorus|Earth Power|p2a: Zamazenta
|-damage|p2a: Zamazenta|38/100
|
|-heal|p2a: Zamazenta|44/100|[from] item: Leftovers
|upkeep
|turn|24
|
|t:|1759010647
|move|p2a: Zamazenta|Body Press|p1a: Landorus
|-resisted|p1a: Landorus
|-damage|p1a: Landorus|0 fnt
|-damage|p2a: Zamazenta|27/100|[from] item: Rocky Helmet|[of] p1a: Landorus
|faint|p1a: Landorus
|
|win|larp legion
|raw|Blushweaver's rating: 1540 &rarr; <strong>1523</strong><br />(-17 for losing)
|raw|larp legion's rating: 1591 &rarr; <strong>1608</strong><br />(+17 for winning)
|c|☆larp legion|gg
|c|☆Blushweaver|Gg
|l|☆Blushweaver
|player|p1|
|l| FaronAan
