|j|☆nicerioknight
|j|☆clearnote01
|t:|1759001485
|gametype|singles
|player|p1|nicerioknight|bellelba|1231
|player|p2|clearnote01|169|1272
|gen|9
|tier|[Gen 9] OU
|rated|
|rule|HP Percentage Mod: HP is shown in percentages
|rule|Endless Battle Clause: Forcing endless battles is banned
|rule|Species Clause: Limit one of each Pokémon
|rule|OHKO Clause: OHKO moves are banned
|rule|Evasion Items Clause: Evasion items are banned
|rule|Evasion Moves Clause: Evasion moves are banned
|rule|Evasion Abilities Clause: Evasion abilities are banned
|rule|Sleep Moves Clause: Sleep-inducing moves are banned
|clearpoke
|poke|p1|Corviknight, M|
|poke|p1|Alomomola, F|
|poke|p1|Blissey, F|
|poke|p1|Deoxys-Speed|
|poke|p1|Scizor, M|
|poke|p1|Garganacl, M|
|poke|p2|Lokix, M|
|poke|p2|Primarina, M|
|poke|p2|Slowking-Galar, F|
|poke|p2|Iron Treads|
|poke|p2|Pecharunt|
|poke|p2|Dragonite, F|
|teampreview
|inactive|Battle timer is ON: inactive players will automatically lose when time's up. (requested by clearnote01)
|
|t:|1759001504
|teamsize|p1|6
|teamsize|p2|6
|start
|switch|p1a: Alomomola|Alomomola, F, shiny|100/100
|switch|p2a: Iron Treads|Iron Treads|100/100
|-enditem|p2a: Iron Treads|Booster Energy
|-activate|p2a: Iron Treads|ability: Quark Drive|[fromitem]
|-start|p2a: Iron Treads|quarkdrivespe
|turn|1
|
|t:|1759001529
|-terastallize|p2a: Iron Treads|Ghost
|move|p2a: Iron Treads|Stealth Rock|p1a: Alomomola
|-sidestart|p1: nicerioknight|move: Stealth Rock
|move|p1a: Alomomola|Wish|p1a: Alomomola
|
|upkeep
|turn|2
|
|t:|1759001535
|move|p2a: Iron Treads|Knock Off|p1a: Alomomola
|-crit|p1a: Alomomola
|-damage|p1a: Alomomola|75/100
|-enditem|p1a: Alomomola|Heavy-Duty Boots|[from] move: Knock Off|[of] p2a: Iron Treads
|move|p1a: Alomomola|Mirror Coat||[still]
|-fail|p1a: Alomomola
|
|-heal|p1a: Alomomola|100/100|[from] move: Wish|[wisher] Alomomola
|upkeep
|turn|3
|
|t:|1759001547
|-end|p2a: Iron Treads|Quark Drive|[silent]
|switch|p2a: Slowking|Slowking-Galar, F|100/100
|move|p1a: Alomomola|Wish|p1a: Alomomola
|
|upkeep
|turn|4
|
|t:|1759001553
|move|p1a: Alomomola|Flip Turn|p2a: Slowking
|-damage|p2a: Slowking|83/100
|
|t:|1759001559
|switch|p1a: Blissey|Blissey, F|100/100|[from] Flip Turn
|-damage|p1a: Blissey|88/100|[from] Stealth Rock
|move|p2a: Slowking|Thunder Wave|p1a: Blissey
|-status|p1a: Blissey|par
|
|-heal|p1a: Blissey|100/100 par|[from] move: Wish|[wisher] Alomomola
|-heal|p2a: Slowking|89/100|[from] item: Black Sludge
|upkeep
|turn|5
|
|t:|1759001571
|move|p2a: Slowking|Future Sight|p1a: Blissey
|-start|p2a: Slowking|move: Future Sight
|cant|p1a: Blissey|par
|
|-heal|p2a: Slowking|95/100|[from] item: Black Sludge
|upkeep
|turn|6
|
|t:|1759001578
|switch|p2a: Iron Treads|Iron Treads, tera:Ghost|100/100
|move|p1a: Blissey|Thunder Wave|p2a: Iron Treads
|-status|p2a: Iron Treads|par
|
|upkeep
|turn|7
|
|t:|1759001587
|-curestatus|p1a: Blissey|par|[from] ability: Natural Cure
|switch|p1a: Alomomola|Alomomola, F, shiny|100/100
|-damage|p1a: Alomomola|88/100|[from] Stealth Rock
|move|p2a: Iron Treads|Knock Off|p1a: Alomomola
|-damage|p1a: Alomomola|77/100
|
|-end|p1a: Alomomola|move: Future Sight
|-damage|p1a: Alomomola|24/100
|upkeep
|turn|8
|
|t:|1759001602
|switch|p1a: Deoxys|Deoxys-Speed|100/100
|-damage|p1a: Deoxys|88/100|[from] Stealth Rock
|-ability|p1a: Deoxys|Pressure
|move|p2a: Iron Treads|Earthquake|p1a: Deoxys
|-damage|p1a: Deoxys|31/100
|
|upkeep
|turn|9
|
|t:|1759001613
|-end|p2a: Iron Treads|Quark Drive|[silent]
|switch|p2a: Primarina|Primarina, M|100/100
|move|p1a: Deoxys|Stealth Rock|p2a: Primarina
|-sidestart|p2: clearnote01|move: Stealth Rock
|
|upkeep
|turn|10
|
|t:|1759001621
|move|p1a: Deoxys|Psycho Boost|p2a: Primarina
|-damage|p2a: Primarina|75/100
|-unboost|p1a: Deoxys|spa|2
|-enditem|p1a: Deoxys|Eject Pack
|
|t:|1759001627
|switch|p1a: Blissey|Blissey, F|100/100
|-damage|p1a: Blissey|88/100|[from] Stealth Rock
|move|p2a: Primarina|Flip Turn|p1a: Blissey
|-damage|p1a: Blissey|75/100
|
|t:|1759001636
|switch|p2a: Iron Treads|Iron Treads, tera:Ghost|100/100 par|[from] Flip Turn
|-damage|p2a: Iron Treads|88/100 par|[from] Stealth Rock
|
|-heal|p1a: Blissey|81/100|[from] item: Leftovers
|upkeep
|turn|11
|
|t:|1759001644
|move|p2a: Iron Treads|Rapid Spin|p1a: Blissey
|-damage|p1a: Blissey|68/100
|-boost|p2a: Iron Treads|spe|1
|-sideend|p2: clearnote01|Stealth Rock|[from] move: Rapid Spin|[of] p2a: Iron Treads
|move|p1a: Blissey|Shadow Ball|p2a: Iron Treads
|-supereffective|p2a: Iron Treads
|-damage|p2a: Iron Treads|49/100 par
|-unboost|p2a: Iron Treads|spd|1
|
|-heal|p1a: Blissey|74/100|[from] item: Leftovers
|upkeep
|turn|12
|
|t:|1759001659
|-end|p2a: Iron Treads|Quark Drive|[silent]
|switch|p2a: Lokix|Lokix, M|100/100
|move|p1a: Blissey|Shadow Ball|p2a: Lokix
|-resisted|p2a: Lokix
|-damage|p2a: Lokix|86/100
|-unboost|p2a: Lokix|spd|1
|
|-heal|p1a: Blissey|80/100|[from] item: Leftovers
|upkeep
|turn|13
|
|t:|1759001672
|move|p2a: Lokix|Knock Off|p1a: Blissey
|-damage|p1a: Blissey|20/100
|-enditem|p1a: Blissey|Leftovers|[from] move: Knock Off|[of] p2a: Lokix
|move|p1a: Blissey|Thunder Wave|p2a: Lokix
|-status|p2a: Lokix|par
|
|upkeep
|turn|14
|
|t:|1759001689
|switch|p1a: Alomomola|Alomomola, F, shiny|57/100
|-damage|p1a: Alomomola|45/100|[from] Stealth Rock
|switch|p2a: Iron Treads|Iron Treads, tera:Ghost|49/100 par
|
|upkeep
|turn|15
|
|t:|1759001706
|-end|p2a: Iron Treads|Quark Drive|[silent]
|switch|p2a: Slowking|Slowking-Galar, F|100/100
|switch|p1a: Corviknight|Corviknight, M, shiny|100/100
|-damage|p1a: Corviknight|88/100|[from] Stealth Rock
|-ability|p1a: Corviknight|Pressure
|
|-heal|p1a: Corviknight|94/100|[from] item: Leftovers
|upkeep
|turn|16
|
|t:|1759001718
|switch|p1a: Alomomola|Alomomola, F, shiny|78/100
|-damage|p1a: Alomomola|66/100|[from] Stealth Rock
|move|p2a: Slowking|Thunder Wave|p1a: Alomomola
|-status|p1a: Alomomola|par
|
|upkeep
|turn|17
|
|t:|1759001726
|move|p2a: Slowking|Future Sight|p1a: Alomomola
|-start|p2a: Slowking|move: Future Sight
|move|p1a: Alomomola|Wish|p1a: Alomomola
|
|upkeep
|turn|18
|
|t:|1759001735
|switch|p2a: Lokix|Lokix, M|86/100 par
|move|p1a: Alomomola|Flip Turn|p2a: Lokix
|-damage|p2a: Lokix|64/100 par
|
|t:|1759001740
|switch|p1a: Blissey|Blissey, F|20/100|[from] Flip Turn
|-damage|p1a: Blissey|8/100|[from] Stealth Rock
|
|-heal|p1a: Blissey|45/100|[from] move: Wish|[wisher] Alomomola
|upkeep
|turn|19
|
|t:|1759001748
|switch|p1a: Alomomola|Alomomola, F, shiny|99/100 par
|-damage|p1a: Alomomola|87/100 par|[from] Stealth Rock
|move|p2a: Lokix|First Impression|p1a: Alomomola
|-damage|p1a: Alomomola|52/100 par
|
|-end|p1a: Alomomola|move: Future Sight
|-damage|p1a: Alomomola|4/100 par
|upkeep
|turn|20
|
|t:|1759001760
|switch|p2a: Primarina|Primarina, M|75/100
|switch|p1a: Corviknight|Corviknight, M, shiny|94/100
|-damage|p1a: Corviknight|82/100|[from] Stealth Rock
|-ability|p1a: Corviknight|Pressure
|
|-heal|p1a: Corviknight|88/100|[from] item: Leftovers
|upkeep
|turn|21
|
|t:|1759001782
|move|p1a: Corviknight|Body Press|p2a: Primarina
|-resisted|p2a: Primarina
|-damage|p2a: Primarina|65/100
|move|p2a: Primarina|Liquidation|p1a: Corviknight
|-damage|p1a: Corviknight|69/100
|
|-heal|p1a: Corviknight|75/100|[from] item: Leftovers
|upkeep
|turn|22
|
|t:|1759001793
|move|p1a: Corviknight|Iron Defense|p1a: Corviknight
|-boost|p1a: Corviknight|def|2
|move|p2a: Primarina|Flip Turn|p1a: Corviknight
|-damage|p1a: Corviknight|68/100
|
|t:|1759001805
|switch|p2a: Slowking|Slowking-Galar, F|100/100|[from] Flip Turn
|
|-heal|p1a: Corviknight|75/100|[from] item: Leftovers
|upkeep
|turn|23
|
|t:|1759001815
|switch|p1a: Alomomola|Alomomola, F, shiny|37/100 par
|-damage|p1a: Alomomola|25/100 par|[from] Stealth Rock
|move|p2a: Slowking|Future Sight|p1a: Alomomola
|-start|p2a: Slowking|move: Future Sight
|
|upkeep
|turn|24
|
|t:|1759001823
|move|p2a: Slowking|Hex|p1a: Alomomola
|-damage|p1a: Alomomola|0 fnt
|faint|p1a: Alomomola
|
|upkeep
|
|t:|1759001836
|switch|p1a: Blissey|Blissey, F|45/100
|-damage|p1a: Blissey|32/100|[from] Stealth Rock
|turn|25
|
|t:|1759001842
|move|p1a: Blissey|Soft-Boiled|p1a: Blissey
|-heal|p1a: Blissey|82/100
|move|p2a: Slowking|Thunder Wave|p1a: Blissey
|-status|p1a: Blissey|par
|
|-end|p1a: Blissey|move: Future Sight
|-damage|p1a: Blissey|66/100 par
|upkeep
|turn|26
|
|t:|1759001853
|switch|p2a: Lokix|Lokix, M|64/100 par
|move|p1a: Blissey|Shadow Ball|p2a: Lokix
|-resisted|p2a: Lokix
|-damage|p2a: Lokix|49/100 par
|
|upkeep
|turn|27
|
|t:|1759001866
|-curestatus|p1a: Blissey|par|[from] ability: Natural Cure
|switch|p1a: Corviknight|Corviknight, M, shiny|75/100
|-damage|p1a: Corviknight|62/100|[from] Stealth Rock
|-ability|p1a: Corviknight|Pressure
|cant|p2a: Lokix|par
|
|-heal|p1a: Corviknight|68/100|[from] item: Leftovers
|upkeep
|turn|28
|
|t:|1759001880
|switch|p2a: Slowking|Slowking-Galar, F|100/100
|move|p1a: Corviknight|Body Press|p2a: Slowking
|-resisted|p2a: Slowking
|-damage|p2a: Slowking|96/100
|
|-heal|p1a: Corviknight|75/100|[from] item: Leftovers
|-heal|p2a: Slowking|100/100|[from] item: Black Sludge
|upkeep
|turn|29
|
|t:|1759001894
|switch|p1a: Blissey|Blissey, F|66/100
|-damage|p1a: Blissey|54/100|[from] Stealth Rock
|move|p2a: Slowking|Thunder Wave|p1a: Blissey
|-status|p1a: Blissey|par
|
|upkeep
|turn|30
|
|t:|1759001912
|move|p2a: Slowking|Future Sight|p1a: Blissey
|-start|p2a: Slowking|move: Future Sight
|cant|p1a: Blissey|par
|
|upkeep
|turn|31
|
|t:|1759001923
|switch|p2a: Dragonite|Dragonite, F|100/100
|cant|p1a: Blissey|par
|
|upkeep
|turn|32
|
|t:|1759001930
|move|p1a: Blissey|Soft-Boiled|p1a: Blissey
|-heal|p1a: Blissey|100/100 par
|move|p2a: Dragonite|Dragon Tail|p1a: Blissey
|-damage|p1a: Blissey|77/100 par
|-curestatus|p1a: Blissey|par|[from] ability: Natural Cure
|drag|p1a: Scizor|Scizor, M|100/100
|-damage|p1a: Scizor|88/100|[from] Stealth Rock
|
|-end|p1a: Scizor|move: Future Sight
|-resisted|p1a: Scizor
|-damage|p1a: Scizor|63/100
|upkeep
|turn|33
|
|t:|1759001943
|move|p1a: Scizor|Defog|p2a: Dragonite
|-unboost|p2a: Dragonite|evasion|1
|-sideend|p1: nicerioknight|Stealth Rock|[from] move: Defog|[of] p1a: Scizor
|move|p2a: Dragonite|Dragon Tail|p1a: Scizor
|-resisted|p1a: Scizor
|-crit|p1a: Scizor
|-damage|p1a: Scizor|43/100
|drag|p1a: Deoxys|Deoxys-Speed|31/100
|-ability|p1a: Deoxys|Pressure
|
|upkeep
|turn|34
|
|t:|1759001953
|move|p2a: Dragonite|Extreme Speed|p1a: Deoxys
|-damage|p1a: Deoxys|4/100
|move|p1a: Deoxys|Stealth Rock|p2a: Dragonite
|-sidestart|p2: clearnote01|move: Stealth Rock
|
|upkeep
|turn|35
|
|t:|1759001962
|switch|p1a: Garganacl|Garganacl, M, shiny|100/100
|move|p2a: Dragonite|Extreme Speed|p1a: Garganacl
|-resisted|p1a: Garganacl
|-damage|p1a: Garganacl|94/100
|
|-heal|p1a: Garganacl|100/100|[from] item: Leftovers
|upkeep
|turn|36
|
|t:|1759001973
|switch|p2a: Iron Treads|Iron Treads, tera:Ghost|49/100 par
|-damage|p2a: Iron Treads|37/100 par|[from] Stealth Rock
|move|p1a: Garganacl|Salt Cure|p2a: Iron Treads
|-damage|p2a: Iron Treads|24/100 par
|-start|p2a: Iron Treads|Salt Cure
|
|-damage|p2a: Iron Treads|11/100 par|[from] Salt Cure
|upkeep
|turn|37
|
|t:|1759001995
|move|p2a: Iron Treads|Rapid Spin|p1a: Garganacl
|-resisted|p1a: Garganacl
|-damage|p1a: Garganacl|97/100
|-boost|p2a: Iron Treads|spe|1
|-sideend|p2: clearnote01|Stealth Rock|[from] move: Rapid Spin|[of] p2a: Iron Treads
|move|p1a: Garganacl|Curse|p1a: Garganacl
|-unboost|p1a: Garganacl|spe|1
|-boost|p1a: Garganacl|atk|1
|-boost|p1a: Garganacl|def|1
|
|-heal|p1a: Garganacl|100/100|[from] item: Leftovers
|-damage|p2a: Iron Treads|0 fnt|[from] Salt Cure
|faint|p2a: Iron Treads
|-end|p2a: Iron Treads|Quark Drive|[silent]
|upkeep
|
|t:|1759002011
|switch|p2a: Pecharunt|Pecharunt|100/100
|turn|38
|
|t:|1759002015
|move|p2a: Pecharunt|Malignant Chain|p1a: Garganacl
|-resisted|p1a: Garganacl
|-damage|p1a: Garganacl|86/100
|move|p1a: Garganacl|Salt Cure|p2a: Pecharunt
|-damage|p2a: Pecharunt|88/100
|-start|p2a: Pecharunt|Salt Cure
|
|-heal|p1a: Garganacl|92/100|[from] item: Leftovers
|-damage|p2a: Pecharunt|76/100|[from] Salt Cure
|upkeep
|turn|39
|c|☆nicerioknight|Sorry hon
|c|☆nicerioknight|Immune to the poisoned condition
|
|t:|1759002034
|move|p2a: Pecharunt|Parting Shot|p1a: Garganacl
|-unboost|p1a: Garganacl|atk|1
|-unboost|p1a: Garganacl|spa|1
|c|☆clearnote01|Oh interesting
|
|t:|1759002047
|switch|p2a: Primarina|Primarina, M|65/100|[from] Parting Shot
|move|p1a: Garganacl|Curse|p1a: Garganacl
|-unboost|p1a: Garganacl|spe|1
|-boost|p1a: Garganacl|atk|1
|-boost|p1a: Garganacl|def|1
|
|-heal|p1a: Garganacl|99/100|[from] item: Leftovers
|upkeep
|turn|40
|
|t:|1759002057
|move|p2a: Primarina|Liquidation|p1a: Garganacl
|-supereffective|p1a: Garganacl
|-damage|p1a: Garganacl|88/100
|move|p1a: Garganacl|Salt Cure|p2a: Primarina
|-damage|p2a: Primarina|37/100
|-start|p2a: Primarina|Salt Cure
|
|-heal|p1a: Garganacl|94/100|[from] item: Leftovers
|-damage|p2a: Primarina|12/100|[from] Salt Cure
|upkeep
|turn|41
|
|t:|1759002072
|move|p2a: Primarina|Liquidation|p1a: Garganacl
|-supereffective|p1a: Garganacl
|-damage|p1a: Garganacl|76/100
|move|p1a: Garganacl|Salt Cure|p2a: Primarina
|-damage|p2a: Primarina|0 fnt
|faint|p2a: Primarina
|
|-heal|p1a: Garganacl|82/100|[from] item: Leftovers
|upkeep
|
|t:|1759002086
|switch|p2a: Lokix|Lokix, M|49/100 par
|turn|42
|
|t:|1759002091
|move|p2a: Lokix|Knock Off|p1a: Garganacl
|-damage|p1a: Garganacl|63/100
|-enditem|p1a: Garganacl|Leftovers|[from] move: Knock Off|[of] p2a: Lokix
|move|p1a: Garganacl|Salt Cure|p2a: Lokix
|-supereffective|p2a: Lokix
|-damage|p2a: Lokix|0 fnt
|faint|p2a: Lokix
|
|upkeep
|
|t:|1759002100
|switch|p2a: Dragonite|Dragonite, F|100/100
|turn|43
|
|t:|1759002105
|move|p1a: Garganacl|Recover|p1a: Garganacl
|-heal|p1a: Garganacl|100/100
|move|p2a: Dragonite|Dragon Tail|p1a: Garganacl
|-damage|p1a: Garganacl|93/100
|drag|p1a: Corviknight|Corviknight, M, shiny|75/100
|-ability|p1a: Corviknight|Pressure
|
|-heal|p1a: Corviknight|81/100|[from] item: Leftovers
|upkeep
|turn|44
|
|t:|1759002116
|switch|p2a: Slowking|Slowking-Galar, F|100/100
|move|p1a: Corviknight|Spite||[still]
|-fail|p1a: Corviknight
|
|-heal|p1a: Corviknight|87/100|[from] item: Leftovers
|upkeep
|turn|45
|
|t:|1759002124
|switch|p1a: Blissey|Blissey, F|77/100
|move|p2a: Slowking|Thunder Wave|p1a: Blissey
|-status|p1a: Blissey|par
|
|upkeep
|turn|46
|c|☆clearnote01|gg
|-message|clearnote01 forfeited.
|
|win|nicerioknight
|raw|nicerioknight's rating: 1231 &rarr; <strong>1259</strong><br />(+28 for winning)
|raw|clearnote01's rating: 1272 &rarr; <strong>1244</strong><br />(-28 for losing)
|l|☆clearnote01
|player|p2|
|c|☆nicerioknight|GG
|c|☆nicerioknight|!data purifying salt
|raw|<ul class="utilichart"><li class="result"><span class="col namecol"><a href="https://dex.pokemonshowdown.com/abilities/purifyingsalt">Purifying Salt</a></span> <span class="col abilitydesccol">Ghost damage to this Pokemon dealt with a halved offensive stat; can't be statused.</span> </li><li style="clear:both"></li></ul>

