|j|☆PMBaby
|j|☆tianbosi
|t:|1758946337
|gametype|singles
|player|p1|PMBaby|striker|1216
|player|p2|tianbosi|bellelba|1266
|gen|9
|tier|[Gen 9] OU
|rated|
|rule|HP Percentage Mod: HP is shown in percentages
|rule|Endless Battle Clause: Forcing endless battles is banned
|rule|Species Clause: Limit one of each Pokémon
|rule|OHKO Clause: OHKO moves are banned
|rule|Evasion Items Clause: Evasion items are banned
|rule|Evasion Moves Clause: Evasion moves are banned
|rule|Evasion Abilities Clause: Evasion abilities are banned
|rule|Sleep Moves Clause: Sleep-inducing moves are banned
|clearpoke
|poke|p1|Hydrapple, F|
|poke|p1|Crocalor, F|
|poke|p1|Samurott-Hisui, F|
|poke|p1|Pecharunt|
|poke|p1|Landorus-Therian, M|
|poke|p1|Rillaboom, M|
|poke|p2|Samurott-Hisui, M|
|poke|p2|Garchomp, M|
|poke|p2|Zoroark-Hisui, M|
|poke|p2|Great Tusk|
|poke|p2|Gardevoir, M|
|poke|p2|Ogerpon-Cornerstone, F|
|teampreview
|inactive|Battle timer is ON: inactive players will automatically lose when time's up. (requested by tianbosi)
|inactive|tianbosi has 120 seconds left.
|
|t:|1758946371
|teamsize|p1|6
|teamsize|p2|6
|start
|switch|p1a: Landorus|Landorus-Therian, M|100/100
|switch|p2a: Garchomp|Garchomp, M|100/100
|-ability|p1a: Landorus|Intimidate|boost
|-unboost|p2a: Garchomp|atk|1
|turn|1
|
|t:|1758946396
|move|p1a: Landorus|Stealth Rock|p2a: Garchomp
|-sidestart|p2: tianbosi|move: Stealth Rock
|move|p2a: Garchomp|Swords Dance|p2a: Garchomp
|-boost|p2a: Garchomp|atk|2
|
|upkeep
|turn|2
|
|t:|1758946404
|move|p1a: Landorus|Earthquake|p2a: Garchomp
|-damage|p2a: Garchomp|60/100
|move|p2a: Garchomp|Scale Shot|p1a: Landorus
|-damage|p1a: Landorus|78/100
|-damage|p1a: Landorus|53/100
|-hitcount|p1a: Landorus|2
|-unboost|p2a: Garchomp|def|1
|-boost|p2a: Garchomp|spe|1
|
|upkeep
|turn|3
|
|t:|1758946419
|switch|p1a: Crocalor|Crocalor, F|100/100
|move|p2a: Garchomp|Scale Shot|p1a: Crocalor
|-damage|p1a: Crocalor|89/100
|-damage|p1a: Crocalor|78/100
|-damage|p1a: Crocalor|67/100
|-damage|p1a: Crocalor|56/100
|-damage|p1a: Crocalor|44/100
|-hitcount|p1a: Crocalor|5
|-unboost|p2a: Garchomp|def|1
|-boost|p2a: Garchomp|spe|1
|
|upkeep
|turn|4
|
|t:|1758946434
|switch|p1a: Rillaboom|Rillaboom, M|100/100
|-fieldstart|move: Grassy Terrain|[from] ability: Grassy Surge|[of] p1a: Rillaboom
|move|p2a: Garchomp|Earthquake|p1a: Rillaboom
|-resisted|p1a: Rillaboom
|-damage|p1a: Rillaboom|81/100
|
|-heal|p2a: Garchomp|67/100|[from] Grassy Terrain
|-heal|p1a: Rillaboom|87/100|[from] Grassy Terrain
|-heal|p1a: Rillaboom|93/100|[from] item: Leftovers
|upkeep
|turn|5
|
|t:|1758946448
|switch|p1a: Landorus|Landorus-Therian, M|53/100
|-ability|p1a: Landorus|Intimidate|boost
|-unboost|p2a: Garchomp|atk|1
|move|p2a: Garchomp|Scale Shot|p1a: Landorus
|-damage|p1a: Landorus|39/100
|-damage|p1a: Landorus|23/100
|-crit|p1a: Landorus
|-damage|p1a: Landorus|0 fnt
|faint|p1a: Landorus
|-hitcount|p1: Landorus|3
|-unboost|p2a: Garchomp|def|1
|-boost|p2a: Garchomp|spe|1
|
|-heal|p2a: Garchomp|73/100|[from] Grassy Terrain
|upkeep
|inactive|PMBaby has 120 seconds left.
|
|t:|1758946478
|switch|p1a: Rillaboom|Rillaboom, M|93/100
|turn|6
|inactive|PMBaby has 120 seconds left.
|
|t:|1758946497
|switch|p2a: Gardevoir|Gardevoir, M|100/100
|-damage|p2a: Gardevoir|88/100|[from] Stealth Rock
|move|p1a: Rillaboom|Bulk Up|p1a: Rillaboom
|-boost|p1a: Rillaboom|atk|1
|-boost|p1a: Rillaboom|def|1
|
|-heal|p2a: Gardevoir|94/100|[from] Grassy Terrain
|-heal|p1a: Rillaboom|99/100|[from] Grassy Terrain
|-heal|p1a: Rillaboom|100/100|[from] item: Leftovers
|upkeep
|turn|7
|inactive|PMBaby has 120 seconds left.
|
|t:|1758946513
|-terastallize|p2a: Gardevoir|Fire
|move|p2a: Gardevoir|Flamethrower|p1a: Rillaboom
|-supereffective|p1a: Rillaboom
|-damage|p1a: Rillaboom|0 fnt
|faint|p1a: Rillaboom
|
|-heal|p2a: Gardevoir|99/100|[from] Grassy Terrain
|upkeep
|-message|PMBaby forfeited.
|
|win|tianbosi
|raw|PMBaby's rating: 1216 &rarr; <strong>1195</strong><br />(-21 for losing)
|raw|tianbosi's rating: 1266 &rarr; <strong>1287</strong><br />(+21 for winning)
|l|☆PMBaby
|player|p1|
|l|☆tianbosi
|player|p2|
