|j|☆mysunshine
|j|☆geegee4hunnid
|t:|1758976812
|gametype|singles
|player|p1|mysunshine|waitress|1365
|player|p2|geegee4hunnid|chuck|1370
|gen|9
|tier|[Gen 9] OU
|rated|
|rule|HP Percentage Mod: HP is shown in percentages
|rule|Endless Battle Clause: Forcing endless battles is banned
|rule|Species Clause: Limit one of each Pokémon
|rule|OHKO Clause: OHKO moves are banned
|rule|Evasion Items Clause: Evasion items are banned
|rule|Evasion Moves Clause: Evasion moves are banned
|rule|Evasion Abilities Clause: Evasion abilities are banned
|rule|Sleep Moves Clause: Sleep-inducing moves are banned
|clearpoke
|poke|p1|Bellibolt, F|
|poke|p1|Pelipper, F|
|poke|p1|Iron Treads|
|poke|p1|Barraskewda, F|
|poke|p1|Dragonite, F|
|poke|p1|Iron Valiant|
|poke|p2|Pelipper, F|
|poke|p2|Iron Treads|
|poke|p2|Poliwrath, M|
|poke|p2|Kingdra, F|
|poke|p2|Basculegion, M|
|poke|p2|Kingambit, F|
|teampreview
|inactive|Battle timer is ON: inactive players will automatically lose when time's up. (requested by mysunshine)
|
|t:|1758976827
|teamsize|p1|6
|teamsize|p2|6
|start
|switch|p1a: Bellibolt|Bellibolt, F|100/100
|switch|p2a: Iron Treads|Iron Treads|100/100
|turn|1
|
|t:|1758976837
|switch|p1a: Iron Treads|Iron Treads, shiny|100/100
|move|p2a: Iron Treads|Stealth Rock|p1a: Iron Treads
|-sidestart|p1: mysunshine|move: Stealth Rock
|
|upkeep
|turn|2
|
|t:|1758976843
|-end|p2a: Iron Treads|Quark Drive|[silent]
|switch|p2a: Basculegion|Basculegion, M|100/100
|move|p1a: Iron Treads|Stealth Rock|p2a: Basculegion
|-sidestart|p2: geegee4hunnid|move: Stealth Rock
|
|upkeep
|turn|3
|
|t:|1758976848
|move|p1a: Iron Treads|Volt Switch|p2a: Basculegion
|-supereffective|p2a: Basculegion
|-damage|p2a: Basculegion|70/100
|
|t:|1758976854
|-end|p1a: Iron Treads|Quark Drive|[silent]
|switch|p1a: Bellibolt|Bellibolt, F|100/100|[from] Volt Switch
|-damage|p1a: Bellibolt|88/100|[from] Stealth Rock
|move|p2a: Basculegion|Wave Crash|p1a: Bellibolt
|-damage|p1a: Bellibolt|17/100
|-start|p1a: Bellibolt|Charge|Wave Crash|[from] ability: Electromorphosis
|-damage|p2a: Basculegion|44/100|[from] Recoil
|
|upkeep
|turn|4
|
|t:|1758976857
|move|p2a: Basculegion|Wave Crash|p1a: Bellibolt
|-damage|p1a: Bellibolt|0 fnt
|faint|p1a: Bellibolt
|-damage|p2a: Basculegion|39/100|[from] Recoil
|
|upkeep
|
|t:|1758976870
|switch|p1a: Barraskewda|Barraskewda, F, shiny|100/100
|-damage|p1a: Barraskewda|88/100|[from] Stealth Rock
|turn|5
|
|t:|1758976884
|-terastallize|p1a: Barraskewda|Water
|move|p1a: Barraskewda|Flip Turn|p2a: Basculegion
|-resisted|p2a: Basculegion
|-damage|p2a: Basculegion|0 fnt
|faint|p2a: Basculegion
|
|t:|1758976889
|switch|p1a: Iron Treads|Iron Treads, shiny|100/100|[from] Flip Turn
|
|upkeep
|
|t:|1758976893
|switch|p2a: Pelipper|Pelipper, F|100/100
|-damage|p2a: Pelipper|76/100|[from] Stealth Rock
|-weather|RainDance|[from] ability: Drizzle|[of] p2a: Pelipper
|turn|6
|
|t:|1758976905
|move|p1a: Iron Treads|Volt Switch|p2a: Pelipper
|-supereffective|p2a: Pelipper
|-damage|p2a: Pelipper|0 fnt
|faint|p2a: Pelipper
|-message|geegee4hunnid forfeited.
|
|win|mysunshine
|raw|mysunshine's rating: 1365 &rarr; <strong>1385</strong><br />(+20 for winning)
|raw|geegee4hunnid's rating: 1370 &rarr; <strong>1350</strong><br />(-20 for losing)
|l|☆geegee4hunnid
|player|p2|
|l|☆mysunshine
|player|p1|
