|j|☆Pocket Stars
|j|☆babdella
|t:|1758927051
|gametype|singles
|player|p1|Pocket Stars|shauntal|1123
|player|p2|babdella|2|1131
|gen|9
|tier|[Gen 9] OU
|rated|
|rule|HP Percentage Mod: HP is shown in percentages
|rule|Endless Battle Clause: Forcing endless battles is banned
|rule|Species Clause: Limit one of each Pokémon
|rule|OHKO Clause: OHKO moves are banned
|rule|Evasion Items Clause: Evasion items are banned
|rule|Evasion Moves Clause: Evasion moves are banned
|rule|Evasion Abilities Clause: Evasion abilities are banned
|rule|Sleep Moves Clause: Sleep-inducing moves are banned
|clearpoke
|poke|p1|Torkoal, F|
|poke|p1|Hatterene, F|
|poke|p1|Raging Bolt|
|poke|p1|Slither Wing|
|poke|p1|Venusaur, M|
|poke|p1|Walking Wake|
|poke|p2|Lokix, M|
|poke|p2|Scizor, M|
|poke|p2|Heracross, F|
|poke|p2|Frosmoth, M|
|poke|p2|Slither Wing|
|poke|p2|Venomoth, M|
|teampreview
|inactive|Battle timer is ON: inactive players will automatically lose when time's up. (requested by Pocket Stars)
|
|t:|1758927081
|teamsize|p1|6
|teamsize|p2|6
|start
|switch|p1a: Teacup|Torkoal, F|100/100
|switch|p2a: Lokix|Lokix, M|100/100
|-weather|SunnyDay|[from] ability: Drought|[of] p1a: Teacup
|turn|1
|
|t:|1758927098
|move|p2a: Lokix|U-turn|p1a: Teacup
|-resisted|p1a: Teacup
|-damage|p1a: Teacup|76/100
|
|t:|1758927104
|switch|p2a: Slither Wing|Slither Wing|100/100|[from] U-turn
|-activate|p2a: Slither Wing|ability: Protosynthesis
|-start|p2a: Slither Wing|protosynthesisatk
|move|p1a: Teacup|Eruption|p2a: Slither Wing
|-supereffective|p2a: Slither Wing
|-damage|p2a: Slither Wing|0 fnt
|faint|p2a: Slither Wing
|-end|p2a: Slither Wing|Protosynthesis|[silent]
|
|-weather|SunnyDay|[upkeep]
|upkeep
|
|t:|1758927117
|switch|p2a: Lokix|Lokix, M|100/100
|turn|2
|
|t:|1758927127
|-terastallize|p2a: Lokix|Bug
|move|p2a: Lokix|First Impression|p1a: Teacup
|-resisted|p1a: Teacup
|-damage|p1a: Teacup|31/100
|move|p1a: Teacup|Eruption|p2a: Lokix
|-supereffective|p2a: Lokix
|-damage|p2a: Lokix|0 fnt
|faint|p2a: Lokix
|
|-weather|SunnyDay|[upkeep]
|upkeep
|
|t:|1758927142
|switch|p2a: Heracross|Heracross, F|100/100
|turn|3
|
|t:|1758927164
|switch|p1a: Slither Wings|Walking Wake|100/100
|-activate|p1a: Slither Wings|ability: Protosynthesis
|-start|p1a: Slither Wings|protosynthesisspe
|move|p2a: Heracross|Close Combat|p1a: Slither Wings
|-damage|p1a: Slither Wings|34/100
|-unboost|p2a: Heracross|def|1
|-unboost|p2a: Heracross|spd|1
|
|-weather|SunnyDay|[upkeep]
|-status|p2a: Heracross|brn|[from] item: Flame Orb
|upkeep
|turn|4
|
|t:|1758927175
|move|p1a: Slither Wings|Weather Ball|p2a: Heracross
|-supereffective|p2a: Heracross
|-damage|p2a: Heracross|0 fnt
|faint|p2a: Heracross
|
|-weather|SunnyDay|[upkeep]
|upkeep
|
|t:|1758927184
|switch|p2a: Frosmoth|Frosmoth, M|100/100
|turn|5
|
|t:|1758927191
|move|p1a: Slither Wings|Weather Ball|p2a: Frosmoth
|-supereffective|p2a: Frosmoth
|-damage|p2a: Frosmoth|0 fnt
|faint|p2a: Frosmoth
|
|-weather|SunnyDay|[upkeep]
|upkeep
|
|t:|1758927197
|switch|p2a: Venomoth|Venomoth, M|100/100
|turn|6
|
|t:|1758927203
|move|p1a: Slither Wings|Weather Ball|p2a: Venomoth
|-supereffective|p2a: Venomoth
|-damage|p2a: Venomoth|0 fnt
|faint|p2a: Venomoth
|
|-weather|SunnyDay|[upkeep]
|upkeep
|
|t:|1758927205
|switch|p2a: Scizor|Scizor, M|100/100
|turn|7
|
|t:|1758927209
|move|p2a: Scizor|Bullet Punch|p1a: Slither Wings
|-resisted|p1a: Slither Wings
|-damage|p1a: Slither Wings|19/100
|move|p1a: Slither Wings|Weather Ball|p2a: Scizor
|-supereffective|p2a: Scizor
|-damage|p2a: Scizor|0 fnt
|faint|p2a: Scizor
|
|win|Pocket Stars
|raw|Pocket Stars's rating: 1123 &rarr; <strong>1149</strong><br />(+26 for winning)
|raw|babdella's rating: 1131 &rarr; <strong>1105</strong><br />(-26 for losing)
|l|☆babdella
|player|p2|
|l|☆Pocket Stars
|player|p1|
