|j|☆VirtualFun
|j|☆badatgames2911
|t:|1759012897
|gametype|singles
|player|p1|VirtualFun|roark|1232
|player|p2|badatgames2911|102|1225
|gen|9
|tier|[Gen 9] OU
|rated|
|rule|HP Percentage Mod: HP is shown in percentages
|rule|Endless Battle Clause: Forcing endless battles is banned
|rule|Species Clause: Limit one of each Pokémon
|rule|OHKO Clause: OHKO moves are banned
|rule|Evasion Items Clause: Evasion items are banned
|rule|Evasion Moves Clause: Evasion moves are banned
|rule|Evasion Abilities Clause: Evasion abilities are banned
|rule|Sleep Moves Clause: Sleep-inducing moves are banned
|clearpoke
|poke|p1|Landorus-Therian, M|
|poke|p1|Kingambit, F|
|poke|p1|Dragapult, M|
|poke|p1|Ceruledge, F|
|poke|p1|Raging Bolt|
|poke|p1|Great Tusk|
|poke|p2|Conkeldurr, M|
|poke|p2|Noivern, F|
|poke|p2|Heatran, F|
|poke|p2|Excadrill, M|
|poke|p2|Mamoswine, F|
|poke|p2|Drednaw, M|
|teampreview
|
|t:|1759012920
|teamsize|p1|6
|teamsize|p2|6
|start
|switch|p1a: Landorus|Landorus-Therian, M|100/100
|switch|p2a: Linkon Logs|Conkeldurr, M|100/100
|-ability|p1a: Landorus|Intimidate|boost
|-unboost|p2a: Linkon Logs|atk|1
|turn|1
|
|t:|1759012929
|move|p1a: Landorus|Earthquake|p2a: Linkon Logs
|-damage|p2a: Linkon Logs|63/100
|move|p2a: Linkon Logs|Ice Punch|p1a: Landorus
|-supereffective|p1a: Landorus
|-damage|p1a: Landorus|36/100
|-status|p1a: Landorus|frz
|-damage|p2a: Linkon Logs|46/100|[from] item: Rocky Helmet|[of] p1a: Landorus
|
|-status|p2a: Linkon Logs|brn|[from] item: Flame Orb
|upkeep
|turn|2
|
|t:|1759012954
|switch|p1a: Kingambit|Kingambit, F|100/100
|move|p2a: Linkon Logs|Knock Off|p1a: Kingambit
|-resisted|p1a: Kingambit
|-damage|p1a: Kingambit|87/100
|-enditem|p1a: Kingambit|Life Orb|[from] move: Knock Off|[of] p2a: Linkon Logs
|
|-damage|p2a: Linkon Logs|40/100 brn|[from] brn
|upkeep
|turn|3
|
|t:|1759012967
|-end|p1a: Kingambit|fallenundefined|[silent]
|switch|p1a: Dragapult|Dragapult, M|100/100
|move|p2a: Linkon Logs|Mach Punch|p1a: Dragapult
|-immune|p1a: Dragapult
|
|-damage|p2a: Linkon Logs|34/100 brn|[from] brn
|upkeep
|turn|4
|
|t:|1759012976
|move|p1a: Dragapult|U-turn|p2a: Linkon Logs
|-resisted|p2a: Linkon Logs
|-damage|p2a: Linkon Logs|27/100 brn
|
|t:|1759012986
|switch|p1a: Kingambit|Kingambit, F|87/100|[from] U-turn
|move|p2a: Linkon Logs|Knock Off|p1a: Kingambit
|-resisted|p1a: Kingambit
|-damage|p1a: Kingambit|76/100
|
|-damage|p2a: Linkon Logs|21/100 brn|[from] brn
|upkeep
|turn|5
|
|t:|1759012996
|move|p1a: Kingambit|Sucker Punch|p2a: Linkon Logs
|-resisted|p2a: Linkon Logs
|-damage|p2a: Linkon Logs|3/100 brn
|move|p2a: Linkon Logs|Mach Punch|p1a: Kingambit
|-supereffective|p1a: Kingambit
|-damage|p1a: Kingambit|3/100
|
|-damage|p2a: Linkon Logs|0 fnt|[from] brn
|faint|p2a: Linkon Logs
|upkeep
|
|t:|1759013010
|switch|p2a: Caveman|Excadrill, M|100/100
|-ability|p2a: Caveman|Mold Breaker
|turn|6
|
|t:|1759013016
|-end|p1a: Kingambit|fallenundefined|[silent]
|switch|p1a: Landorus|Landorus-Therian, M|36/100 frz
|-ability|p1a: Landorus|Intimidate|boost
|-unboost|p2a: Caveman|atk|1
|move|p2a: Caveman|Rapid Spin|p1a: Landorus
|-damage|p1a: Landorus|27/100 frz
|-boost|p2a: Caveman|spe|1
|-damage|p2a: Caveman|84/100|[from] item: Rocky Helmet|[of] p1a: Landorus
|
|upkeep
|turn|7
|
|t:|1759013027
|move|p2a: Caveman|Iron Head|p1a: Landorus
|-damage|p1a: Landorus|5/100 frz
|-damage|p2a: Caveman|67/100|[from] item: Rocky Helmet|[of] p1a: Landorus
|cant|p1a: Landorus|frz
|
|upkeep
|turn|8
|
|t:|1759013045
|move|p2a: Caveman|Rapid Spin|p1a: Landorus
|-damage|p1a: Landorus|0 fnt
|-boost|p2a: Caveman|spe|1
|-damage|p2a: Caveman|51/100|[from] item: Rocky Helmet|[of] p1a: Landorus
|faint|p1a: Landorus
|
|upkeep
|
|t:|1759013071
|switch|p1a: Great Tusk|Great Tusk|100/100
|turn|9
|
|t:|1759013078
|move|p2a: Caveman|Earthquake|p1a: Great Tusk
|-damage|p1a: Great Tusk|74/100
|move|p1a: Great Tusk|Ice Spinner|p2a: Caveman
|-damage|p2a: Caveman|10/100
|
|upkeep
|turn|10
|
|t:|1759013086
|move|p2a: Caveman|Iron Head|p1a: Great Tusk
|-damage|p1a: Great Tusk|54/100
|move|p1a: Great Tusk|Rapid Spin|p2a: Caveman
|-resisted|p2a: Caveman
|-damage|p2a: Caveman|0 fnt
|-boost|p1a: Great Tusk|spe|1
|faint|p2a: Caveman
|
|upkeep
|
|t:|1759013094
|switch|p2a: Yummy|Drednaw, M|100/100
|turn|11
|
|t:|1759013100
|move|p1a: Great Tusk|Close Combat|p2a: Yummy
|-supereffective|p2a: Yummy
|-enditem|p2a: Yummy|Focus Sash
|-damage|p2a: Yummy|1/100
|-unboost|p1a: Great Tusk|def|1
|-unboost|p1a: Great Tusk|spd|1
|move|p2a: Yummy|Shell Smash|p2a: Yummy
|-unboost|p2a: Yummy|def|1
|-unboost|p2a: Yummy|spd|1
|-boost|p2a: Yummy|atk|2
|-boost|p2a: Yummy|spa|2
|-boost|p2a: Yummy|spe|2
|
|upkeep
|turn|12
|
|t:|1759013114
|move|p2a: Yummy|Ice Fang|p1a: Great Tusk
|-supereffective|p1a: Great Tusk
|-damage|p1a: Great Tusk|0 fnt
|faint|p1a: Great Tusk
|-end|p1a: Great Tusk|Protosynthesis|[silent]
|
|upkeep
|
|t:|1759013119
|switch|p1a: Kingambit|Kingambit, F|3/100
|-activate|p1a: Kingambit|ability: Supreme Overlord
|-start|p1a: Kingambit|fallen2|[silent]
|turn|13
|
|t:|1759013124
|move|p1a: Kingambit|Sucker Punch||[still]
|-fail|p1a: Kingambit
|move|p2a: Yummy|Shell Smash|p2a: Yummy
|-unboost|p2a: Yummy|def|1
|-unboost|p2a: Yummy|spd|1
|-boost|p2a: Yummy|atk|2
|-boost|p2a: Yummy|spa|2
|-boost|p2a: Yummy|spe|2
|
|upkeep
|turn|14
|
|t:|1759013132
|move|p1a: Kingambit|Sucker Punch|p2a: Yummy
|-damage|p2a: Yummy|0 fnt
|faint|p2a: Yummy
|
|upkeep
|
|t:|1759013134
|switch|p2a: Gammoth|Mamoswine, F|100/100
|turn|15
|
|t:|1759013155
|-end|p1a: Kingambit|fallen2|[silent]
|switch|p1a: Ceruledge|Ceruledge, F|100/100
|move|p2a: Gammoth|Ice Shard|p1a: Ceruledge
|-resisted|p1a: Ceruledge
|-damage|p1a: Ceruledge|82/100
|-ability|p1a: Ceruledge|Weak Armor|boost
|-unboost|p1a: Ceruledge|def|1
|-boost|p1a: Ceruledge|spe|2
|
|upkeep
|turn|16
|
|t:|1759013165
|move|p1a: Ceruledge|Close Combat|p2a: Gammoth
|-supereffective|p2a: Gammoth
|-damage|p2a: Gammoth|5/100
|-unboost|p1a: Ceruledge|def|1
|-unboost|p1a: Ceruledge|spd|1
|move|p2a: Gammoth|Earthquake|p1a: Ceruledge
|-supereffective|p1a: Ceruledge
|-damage|p1a: Ceruledge|0 fnt
|faint|p1a: Ceruledge
|
|upkeep
|
|t:|1759013175
|switch|p1a: Kingambit|Kingambit, F|3/100
|-activate|p1a: Kingambit|ability: Supreme Overlord
|-start|p1a: Kingambit|fallen3|[silent]
|turn|17
|
|t:|1759013180
|move|p2a: Gammoth|Ice Shard|p1a: Kingambit
|-resisted|p1a: Kingambit
|-crit|p1a: Kingambit
|-damage|p1a: Kingambit|0 fnt
|faint|p1a: Kingambit
|-end|p1a: Kingambit|fallen3|[silent]
|
|upkeep
|
|t:|1759013186
|switch|p1a: Dragapult|Dragapult, M|100/100
|turn|18
|
|t:|1759013190
|move|p2a: Gammoth|Ice Shard|p1a: Dragapult
|-supereffective|p1a: Dragapult
|-damage|p1a: Dragapult|34/100
|move|p1a: Dragapult|U-turn|p2a: Gammoth
|-damage|p2a: Gammoth|0 fnt
|faint|p2a: Gammoth
|
|t:|1759013197
|switch|p1a: Raging Bolt|Raging Bolt|100/100|[from] U-turn
|
|upkeep
|
|t:|1759013200
|switch|p2a: Rakna|Heatran, F|100/100
|turn|19
|
|t:|1759013210
|move|p1a: Raging Bolt|Calm Mind|p1a: Raging Bolt
|-boost|p1a: Raging Bolt|spa|1
|-boost|p1a: Raging Bolt|spd|1
|move|p2a: Rakna|Earth Power|p1a: Raging Bolt
|-supereffective|p1a: Raging Bolt
|-damage|p1a: Raging Bolt|58/100
|-unboost|p1a: Raging Bolt|spd|1
|
|-heal|p1a: Raging Bolt|64/100|[from] item: Leftovers
|upkeep
|turn|20
|
|t:|1759013222
|-terastallize|p1a: Raging Bolt|Fairy
|move|p1a: Raging Bolt|Calm Mind|p1a: Raging Bolt
|-boost|p1a: Raging Bolt|spa|1
|-boost|p1a: Raging Bolt|spd|1
|move|p2a: Rakna|Earth Power|p1a: Raging Bolt
|-damage|p1a: Raging Bolt|43/100
|
|-heal|p1a: Raging Bolt|49/100|[from] item: Leftovers
|upkeep
|turn|21
|
|t:|1759013233
|move|p1a: Raging Bolt|Thunderclap|p2a: Rakna
|-damage|p2a: Rakna|29/100
|move|p2a: Rakna|Flash Cannon|p1a: Raging Bolt
|-supereffective|p1a: Raging Bolt
|-damage|p1a: Raging Bolt|0 fnt
|faint|p1a: Raging Bolt
|-end|p1a: Raging Bolt|Protosynthesis|[silent]
|
|-heal|p2a: Rakna|35/100|[from] item: Leftovers
|upkeep
|
|t:|1759013242
|switch|p1a: Dragapult|Dragapult, M|34/100
|turn|22
|
|t:|1759013252
|move|p1a: Dragapult|Shadow Ball|p2a: Rakna
|-damage|p2a: Rakna|0 fnt
|faint|p2a: Rakna
|
|upkeep
|
|t:|1759013256
|switch|p2a: Doombox|Noivern, F|100/100
|turn|23
|
|t:|1759013261
|-terastallize|p2a: Doombox|Normal
|move|p1a: Dragapult|Shadow Ball|p2a: Doombox
|-immune|p2a: Doombox
|move|p2a: Doombox|Draco Meteor|p1a: Dragapult
|-supereffective|p1a: Dragapult
|-damage|p1a: Dragapult|0 fnt
|-unboost|p2a: Doombox|spa|2
|faint|p1a: Dragapult
|
|win|badatgames2911
|raw|VirtualFun's rating: 1232 &rarr; <strong>1206</strong><br />(-26 for losing)
|raw|badatgames2911's rating: 1225 &rarr; <strong>1251</strong><br />(+26 for winning)
|c|☆badatgames2911|gg
|l|☆VirtualFun
|player|p1|
|l|☆badatgames2911
|player|p2|
