|badge|p1|bronze|gen9ou|100-6
|html|<div class="broadcast-red"><strong>This battle is required to be public due to one or more player having a season medal.</strong><br />During the public phase, you can discuss the state of the ladder <a href="/seasondiscussion">in a special chatroom.</a></div>
|uhtml|medal-msg|<div class="broadcast-blue">Curious what those medals under the avatar are? PS now has Ladder Seasons! For more information, check out the <a href="https://www.smogon.com/forums/threads/3740067/">thread on Smogon.</a></div>
|badge|p2|silver|gen9ou|30-6
|uhtml|medal-msg|<div class="broadcast-blue">Curious what those medals under the avatar are? PS now has Ladder Seasons! For more information, check out the <a href="https://www.smogon.com/forums/threads/3740067/">thread on Smogon.</a></div>
|raw|<div class="broadcast-blue"><strong>This battle is required to be public due to a player having a name starting with 'medal'.</div>
|j|☆LT124 SPEEDRUNNING
|j|☆143forever
|t:|1758978541
|gametype|singles
|player|p1|LT124 SPEEDRUNNING|hiker-gen4|1866
|player|p2|143forever|red|2017
|gen|9
|tier|[Gen 9] OU
|rated|
|rule|HP Percentage Mod: HP is shown in percentages
|rule|Endless Battle Clause: Forcing endless battles is banned
|rule|Species Clause: Limit one of each Pokémon
|rule|OHKO Clause: OHKO moves are banned
|rule|Evasion Items Clause: Evasion items are banned
|rule|Evasion Moves Clause: Evasion moves are banned
|rule|Evasion Abilities Clause: Evasion abilities are banned
|rule|Sleep Moves Clause: Sleep-inducing moves are banned
|clearpoke
|poke|p1|Kingambit, F|
|poke|p1|Kyurem|
|poke|p1|Landorus-Therian, M|
|poke|p1|Great Tusk|
|poke|p1|Ogerpon-Wellspring, F|
|poke|p1|Moltres|
|poke|p2|Dondozo, F|
|poke|p2|Blissey, F|
|poke|p2|Corviknight, M|
|poke|p2|Weezing-Galar, M|
|poke|p2|Gliscor, F|
|poke|p2|Toxapex, F|
|teampreview
|
|t:|1758978573
|teamsize|p1|6
|teamsize|p2|6
|start
|switch|p1a: Landorus|Landorus-Therian, M|100/100
|switch|p2a: Gliscor|Gliscor, F|100/100
|-ability|p1a: Landorus|Intimidate|boost
|-unboost|p2a: Gliscor|atk|1
|turn|1
|j| amefurikoneko
|
|t:|1758978587
|move|p2a: Gliscor|Protect|p2a: Gliscor
|-singleturn|p2a: Gliscor|Protect
|move|p1a: Landorus|Taunt|p2a: Gliscor
|-activate|p2a: Gliscor|move: Protect
|
|-status|p2a: Gliscor|tox|[from] item: Toxic Orb
|upkeep
|turn|2
|inactive|Battle timer is ON: inactive players will automatically lose when time's up. (requested by LT124 SPEEDRUNNING)
|
|t:|1758978593
|move|p1a: Landorus|Taunt|p2a: Gliscor
|-start|p2a: Gliscor|move: Taunt
|move|p2a: Gliscor|Knock Off|p1a: Landorus
|-damage|p1a: Landorus|86/100
|-damage|p2a: Gliscor|84/100 tox|[from] item: Rocky Helmet|[of] p1a: Landorus
|-enditem|p1a: Landorus|Rocky Helmet|[from] move: Knock Off|[of] p2a: Gliscor
|
|-heal|p2a: Gliscor|97/100 tox|[from] ability: Poison Heal
|upkeep
|turn|3
|
|t:|1758978617
|move|p1a: Landorus|Stealth Rock|p2a: Gliscor
|-sidestart|p2: 143forever|move: Stealth Rock
|move|p2a: Gliscor|Knock Off|p1a: Landorus
|-damage|p1a: Landorus|77/100
|
|-heal|p2a: Gliscor|100/100 tox|[from] ability: Poison Heal
|upkeep
|turn|4
|j| cynasaurus
|inactive|143forever has 120 seconds left.
|
|t:|1758978638
|move|p1a: Landorus|Taunt||[still]
|-fail|p1a: Landorus
|move|p2a: Gliscor|Knock Off|p1a: Landorus
|-damage|p1a: Landorus|68/100
|
|-end|p2a: Gliscor|move: Taunt
|upkeep
|turn|5
|
|t:|1758978642
|move|p1a: Landorus|Taunt|p2a: Gliscor
|-start|p2a: Gliscor|move: Taunt
|move|p2a: Gliscor|Knock Off|p1a: Landorus
|-damage|p1a: Landorus|58/100
|
|upkeep
|turn|6
|
|t:|1758978644
|move|p1a: Landorus|U-turn|p2a: Gliscor
|-resisted|p2a: Gliscor
|-damage|p2a: Gliscor|93/100 tox
|
|t:|1758978646
|switch|p1a: Great Tusk|Great Tusk|100/100|[from] U-turn
|move|p2a: Gliscor|Knock Off|p1a: Great Tusk
|-resisted|p1a: Great Tusk
|-damage|p1a: Great Tusk|96/100
|-enditem|p1a: Great Tusk|Choice Scarf|[from] move: Knock Off|[of] p2a: Gliscor
|
|-heal|p2a: Gliscor|100/100 tox|[from] ability: Poison Heal
|upkeep
|turn|7
|l| cynasaurus
|
|t:|1758978650
|switch|p2a: Corviknight|Corviknight, M|100/100
|-damage|p2a: Corviknight|88/100|[from] Stealth Rock
|-ability|p2a: Corviknight|Pressure
|move|p1a: Great Tusk|Close Combat|p2a: Corviknight
|-damage|p2a: Corviknight|50/100
|-unboost|p1a: Great Tusk|def|1
|-unboost|p1a: Great Tusk|spd|1
|
|-heal|p2a: Corviknight|57/100|[from] item: Leftovers
|upkeep
|turn|8
|
|t:|1758978658
|-end|p1a: Great Tusk|Protosynthesis|[silent]
|switch|p1a: Moltres|Moltres|100/100
|move|p2a: Corviknight|Roost|p2a: Corviknight
|-heal|p2a: Corviknight|100/100
|-singleturn|p2a: Corviknight|move: Roost
|
|upkeep
|turn|9
|
|t:|1758978663
|switch|p2a: Toxapex|Toxapex, F|100/100
|-damage|p2a: Toxapex|88/100|[from] Stealth Rock
|move|p1a: Moltres|U-turn|p2a: Toxapex
|-resisted|p2a: Toxapex
|-damage|p2a: Toxapex|82/100
|
|t:|1758978667
|switch|p1a: Great Tusk|Great Tusk|96/100|[from] U-turn
|
|-heal|p2a: Toxapex|89/100|[from] item: Leftovers
|upkeep
|turn|10
|j| seiko leich
|
|t:|1758978671
|-end|p1a: Great Tusk|Protosynthesis|[silent]
|switch|p1a: Moltres|Moltres|100/100
|switch|p2a: Corviknight|Corviknight, M|100/100
|-damage|p2a: Corviknight|88/100|[from] Stealth Rock
|-ability|p2a: Corviknight|Pressure
|
|-heal|p2a: Corviknight|94/100|[from] item: Leftovers
|upkeep
|turn|11
|
|t:|1758978677
|move|p1a: Moltres|U-turn|p2a: Corviknight
|-resisted|p2a: Corviknight
|-damage|p2a: Corviknight|92/100
|
|t:|1758978680
|switch|p1a: Landorus|Landorus-Therian, M|58/100|[from] U-turn
|-ability|p1a: Landorus|Intimidate|boost
|-unboost|p2a: Corviknight|atk|1
|move|p2a: Corviknight|Defog|p1a: Landorus
|-unboost|p1a: Landorus|evasion|1
|-sideend|p2: 143forever|Stealth Rock|[from] move: Defog|[of] p2a: Corviknight
|
|-heal|p2a: Corviknight|98/100|[from] item: Leftovers
|upkeep
|turn|12
|
|t:|1758978683
|move|p1a: Landorus|Stealth Rock|p2a: Corviknight
|-sidestart|p2: 143forever|move: Stealth Rock
|move|p2a: Corviknight|Body Press|p1a: Landorus
|-resisted|p1a: Landorus
|-damage|p1a: Landorus|45/100
|
|-heal|p2a: Corviknight|100/100|[from] item: Leftovers
|upkeep
|turn|13
|
|t:|1758978692
|switch|p1a: Moltres|Moltres|100/100
|move|p2a: Corviknight|Defog|p1a: Moltres
|-unboost|p1a: Moltres|evasion|1
|-sideend|p2: 143forever|Stealth Rock|[from] move: Defog|[of] p2a: Corviknight
|
|upkeep
|turn|14
|
|t:|1758978704
|switch|p2a: Toxapex|Toxapex, F|100/100
|move|p1a: Moltres|U-turn|p2a: Toxapex
|-resisted|p2a: Toxapex
|-damage|p2a: Toxapex|95/100
|
|t:|1758978709
|switch|p1a: Landorus|Landorus-Therian, M|45/100|[from] U-turn
|-ability|p1a: Landorus|Intimidate|boost
|-unboost|p2a: Toxapex|atk|1
|
|-heal|p2a: Toxapex|100/100|[from] item: Leftovers
|upkeep
|turn|15
|
|t:|1758978712
|move|p1a: Landorus|U-turn|p2a: Toxapex
|-resisted|p2a: Toxapex
|-damage|p2a: Toxapex|93/100
|
|t:|1758978718
|switch|p1a: Kingambit|Kingambit, F|100/100|[from] U-turn
|move|p2a: Toxapex|Toxic Spikes|p1a: Kingambit
|-sidestart|p1: LT124 SPEEDRUNNING|move: Toxic Spikes
|
|-heal|p2a: Toxapex|99/100|[from] item: Leftovers
|upkeep
|turn|16
|
|t:|1758978728
|-end|p1a: Kingambit|fallenundefined|[silent]
|switch|p1a: Landorus|Landorus-Therian, M|45/100
|-ability|p1a: Landorus|Intimidate|boost
|-unboost|p2a: Toxapex|atk|1
|move|p2a: Toxapex|Haze|p2a: Toxapex
|-clearallboost
|
|-heal|p2a: Toxapex|100/100|[from] item: Leftovers
|upkeep
|turn|17
|
|t:|1758978731
|switch|p1a: Kingambit|Kingambit, F|100/100
|move|p2a: Toxapex|Toxic|p1a: Kingambit
|-immune|p1a: Kingambit
|
|upkeep
|turn|18
|
|t:|1758978734
|switch|p2a: Gliscor|Gliscor, F|100/100 tox
|move|p1a: Kingambit|Swords Dance|p1a: Kingambit
|-boost|p1a: Kingambit|atk|2
|
|upkeep
|turn|19
|
|t:|1758978747
|move|p2a: Gliscor|Protect|p2a: Gliscor
|-singleturn|p2a: Gliscor|Protect
|move|p1a: Kingambit|Iron Head|p2a: Gliscor
|-activate|p2a: Gliscor|move: Protect
|
|upkeep
|turn|20
|
|t:|1758978754
|switch|p2a: Dondozo|Dondozo, F|100/100
|move|p1a: Kingambit|Kowtow Cleave|p2a: Dondozo
|-crit|p2a: Dondozo
|-damage|p2a: Dondozo|70/100
|
|-heal|p2a: Dondozo|76/100|[from] item: Leftovers
|upkeep
|turn|21
|
|t:|1758978763
|move|p1a: Kingambit|Kowtow Cleave|p2a: Dondozo
|-damage|p2a: Dondozo|52/100
|move|p2a: Dondozo|Sleep Talk||[still]
|-fail|p2a: Dondozo
|
|-heal|p2a: Dondozo|58/100|[from] item: Leftovers
|upkeep
|turn|22
|
|t:|1758978770
|-end|p1a: Kingambit|fallenundefined|[silent]
|switch|p1a: Landorus|Landorus-Therian, M|45/100
|-ability|p1a: Landorus|Intimidate|boost
|-unboost|p2a: Dondozo|atk|1
|move|p2a: Dondozo|Body Press|p1a: Landorus
|-resisted|p1a: Landorus
|-crit|p1a: Landorus
|-damage|p1a: Landorus|25/100
|
|-heal|p2a: Dondozo|64/100|[from] item: Leftovers
|upkeep
|turn|23
|
|t:|1758978778
|move|p1a: Landorus|Stealth Rock|p2a: Dondozo
|-sidestart|p2: 143forever|move: Stealth Rock
|move|p2a: Dondozo|Avalanche|p1a: Landorus
|-supereffective|p1a: Landorus
|-damage|p1a: Landorus|0 fnt
|faint|p1a: Landorus
|
|-heal|p2a: Dondozo|70/100|[from] item: Leftovers
|upkeep
|
|t:|1758978783
|switch|p1a: Ogerpon|Ogerpon-Wellspring, F|100/100
|-status|p1a: Ogerpon|psn
|turn|24
|
|t:|1758978788
|switch|p2a: Weezing|Weezing-Galar, M|100/100
|-ability|p2a: Weezing|Neutralizing Gas
|move|p1a: Ogerpon|Ivy Cudgel|p2a: Weezing|[anim] Ivy Cudgel Water
|-damage|p2a: Weezing|64/100
|
|-damage|p1a: Ogerpon|88/100 psn|[from] psn
|upkeep
|turn|25
|
|t:|1758978797
|-terastallize|p1a: Ogerpon|Water
|detailschange|p1a: Ogerpon|Ogerpon-Wellspring-Tera, F, tera:Water
|move|p1a: Ogerpon|Ivy Cudgel|p2a: Weezing|[anim] Ivy Cudgel Water
|-damage|p2a: Weezing|16/100
|move|p2a: Weezing|Defog|p1a: Ogerpon
|-unboost|p1a: Ogerpon|evasion|1
|-sideend|p1: LT124 SPEEDRUNNING|Toxic Spikes|[from] move: Defog|[of] p2a: Weezing
|-sideend|p2: 143forever|Stealth Rock|[from] move: Defog|[of] p2a: Weezing
|
|-damage|p1a: Ogerpon|76/100 psn|[from] psn
|upkeep
|turn|26
|
|t:|1758978806
|-end|p2a: Weezing|ability: Neutralizing Gas
|-ability|p1a: Ogerpon|Embody Aspect (Wellspring)|boost
|-boost|p1a: Ogerpon|spd|1
|switch|p2a: Toxapex|Toxapex, F|100/100
|move|p1a: Ogerpon|Knock Off|p2a: Toxapex
|-damage|p2a: Toxapex|70/100
|-enditem|p2a: Toxapex|Leftovers|[from] move: Knock Off|[of] p1a: Ogerpon
|
|-damage|p1a: Ogerpon|64/100 psn|[from] psn
|upkeep
|turn|27
|
|t:|1758978815
|switch|p2a: Weezing|Weezing-Galar, M|16/100
|-ability|p2a: Weezing|Neutralizing Gas
|move|p1a: Ogerpon|Power Whip|p2a: Weezing
|-resisted|p2a: Weezing
|-damage|p2a: Weezing|0 fnt
|faint|p2a: Weezing
|-end|p2a: Weezing|ability: Neutralizing Gas
|
|-damage|p1a: Ogerpon|51/100 psn|[from] psn
|upkeep
|
|t:|1758978817
|switch|p2a: Toxapex|Toxapex, F|100/100
|turn|28
|j| ZATUGRO
|
|t:|1758978824
|move|p1a: Ogerpon|Knock Off|p2a: Toxapex
|-damage|p2a: Toxapex|80/100
|move|p2a: Toxapex|Recover|p2a: Toxapex
|-heal|p2a: Toxapex|100/100
|
|-damage|p1a: Ogerpon|39/100 psn|[from] psn
|upkeep
|turn|29
|
|t:|1758978829
|move|p1a: Ogerpon|Synthesis|p1a: Ogerpon
|-heal|p1a: Ogerpon|89/100 psn
|move|p2a: Toxapex|Toxic Spikes|p1a: Ogerpon
|-sidestart|p1: LT124 SPEEDRUNNING|move: Toxic Spikes
|
|-damage|p1a: Ogerpon|77/100 psn|[from] psn
|upkeep
|turn|30
|
|t:|1758978833
|switch|p2a: Corviknight|Corviknight, M|100/100
|-ability|p2a: Corviknight|Pressure
|move|p1a: Ogerpon|Ivy Cudgel|p2a: Corviknight|[anim] Ivy Cudgel Water
|-damage|p2a: Corviknight|49/100
|
|-heal|p2a: Corviknight|56/100|[from] item: Leftovers
|-damage|p1a: Ogerpon|64/100 psn|[from] psn
|upkeep
|turn|31
|
|t:|1758978839
|switch|p2a: Dondozo|Dondozo, F|70/100
|move|p1a: Ogerpon|Knock Off|p2a: Dondozo
|-damage|p2a: Dondozo|54/100
|-enditem|p2a: Dondozo|Leftovers|[from] move: Knock Off|[of] p1a: Ogerpon
|
|-damage|p1a: Ogerpon|52/100 psn|[from] psn
|upkeep
|turn|32
|
|t:|1758978844
|-terastallize|p2a: Dondozo|Dragon
|move|p1a: Ogerpon|Synthesis|p1a: Ogerpon
|-heal|p1a: Ogerpon|100/100 psn
|move|p2a: Dondozo|Rest|p2a: Dondozo
|-status|p2a: Dondozo|slp|[from] move: Rest
|-heal|p2a: Dondozo|100/100 slp|[silent]
|
|-damage|p1a: Ogerpon|88/100 psn|[from] psn
|upkeep
|turn|33
|
|t:|1758978851
|switch|p1a: Kyurem|Kyurem|100/100
|-status|p1a: Kyurem|psn
|-ability|p1a: Kyurem|Pressure
|cant|p2a: Dondozo|slp
|move|p2a: Dondozo|Sleep Talk|p2a: Dondozo
|move|p2a: Dondozo|Body Press|p1a: Kyurem|[from] move: Sleep Talk
|-supereffective|p1a: Kyurem
|-damage|p1a: Kyurem|56/100 psn
|
|-heal|p1a: Kyurem|63/100 psn|[from] item: Leftovers
|-damage|p1a: Kyurem|50/100 psn|[from] psn
|upkeep
|turn|34
|j| amimec
|
|t:|1758978853
|switch|p1a: Kingambit|Kingambit, F|100/100
|-activate|p1a: Kingambit|ability: Supreme Overlord
|-start|p1a: Kingambit|fallen1|[silent]
|switch|p2a: Blissey|Blissey, F|100/100
|
|upkeep
|turn|35
|
|t:|1758978860
|switch|p2a: Gliscor|Gliscor, F|100/100 tox
|move|p1a: Kingambit|Swords Dance|p1a: Kingambit
|-boost|p1a: Kingambit|atk|2
|
|upkeep
|turn|36
|j| cryyysneasel
|
|t:|1758978865
|move|p2a: Gliscor|Knock Off|p1a: Kingambit
|-resisted|p1a: Kingambit
|-damage|p1a: Kingambit|92/100
|-enditem|p1a: Kingambit|Leftovers|[from] move: Knock Off|[of] p2a: Gliscor
|move|p1a: Kingambit|Kowtow Cleave|p2a: Gliscor
|-damage|p2a: Gliscor|8/100 tox
|
|-heal|p2a: Gliscor|20/100 tox|[from] ability: Poison Heal
|upkeep
|turn|37
|
|t:|1758978877
|move|p2a: Gliscor|Protect|p2a: Gliscor
|-singleturn|p2a: Gliscor|Protect
|move|p1a: Kingambit|Kowtow Cleave|p2a: Gliscor
|-activate|p2a: Gliscor|move: Protect
|
|-heal|p2a: Gliscor|33/100 tox|[from] ability: Poison Heal
|upkeep
|turn|38
|
|t:|1758978880
|switch|p2a: Dondozo|Dondozo, F, tera:Dragon|100/100 slp
|move|p1a: Kingambit|Kowtow Cleave|p2a: Dondozo
|-damage|p2a: Dondozo|76/100 slp
|
|upkeep
|turn|39
|
|t:|1758978888
|move|p1a: Kingambit|Iron Head|p2a: Dondozo
|-damage|p2a: Dondozo|52/100 slp
|cant|p2a: Dondozo|slp
|move|p2a: Dondozo|Sleep Talk|p2a: Dondozo
|move|p2a: Dondozo|Avalanche|p1a: Kingambit|[from] move: Sleep Talk
|-resisted|p1a: Kingambit
|-damage|p1a: Kingambit|79/100
|
|upkeep
|turn|40
|j| shuinifengB
|
|t:|1758978893
|move|p1a: Kingambit|Iron Head|p2a: Dondozo
|-crit|p2a: Dondozo
|-damage|p2a: Dondozo|20/100 slp
|-curestatus|p2a: Dondozo|slp|[msg]
|move|p2a: Dondozo|Rest|p2a: Dondozo
|-status|p2a: Dondozo|slp|[from] move: Rest
|-heal|p2a: Dondozo|100/100 slp|[silent]
|
|upkeep
|turn|41
|
|t:|1758978901
|-end|p1a: Kingambit|fallen1|[silent]
|switch|p1a: Great Tusk|Great Tusk|96/100
|-status|p1a: Great Tusk|psn
|cant|p2a: Dondozo|slp
|move|p2a: Dondozo|Sleep Talk|p2a: Dondozo
|move|p2a: Dondozo|Body Press|p1a: Great Tusk|[from] move: Sleep Talk
|-damage|p1a: Great Tusk|74/100 psn
|
|-damage|p1a: Great Tusk|61/100 psn|[from] psn
|upkeep
|turn|42
|
|t:|1758978905
|move|p1a: Great Tusk|Rapid Spin|p2a: Dondozo
|-damage|p2a: Dondozo|93/100 slp
|-boost|p1a: Great Tusk|spe|1
|-sideend|p1: LT124 SPEEDRUNNING|Toxic Spikes|[from] move: Rapid Spin|[of] p1a: Great Tusk
|cant|p2a: Dondozo|slp
|move|p2a: Dondozo|Sleep Talk|p2a: Dondozo
|move|p2a: Dondozo|Body Press|p1a: Great Tusk|[from] move: Sleep Talk
|-damage|p1a: Great Tusk|41/100 psn
|
|-damage|p1a: Great Tusk|28/100 psn|[from] psn
|upkeep
|turn|43
|
|t:|1758978910
|-end|p1a: Great Tusk|Protosynthesis|[silent]
|switch|p1a: Moltres|Moltres|100/100
|switch|p2a: Gliscor|Gliscor, F|33/100 tox
|
|-heal|p2a: Gliscor|45/100 tox|[from] ability: Poison Heal
|upkeep
|turn|44
|
|t:|1758978917
|move|p2a: Gliscor|Protect|p2a: Gliscor
|-singleturn|p2a: Gliscor|Protect
|move|p1a: Moltres|Roar|p2a: Gliscor
|drag|p2a: Blissey|Blissey, F|100/100
|
|upkeep
|turn|45
|
|t:|1758978921
|move|p1a: Moltres|U-turn|p2a: Blissey
|-damage|p2a: Blissey|85/100
|j| cynasaurus
|
|t:|1758978925
|switch|p1a: Great Tusk|Great Tusk|28/100 psn|[from] U-turn
|move|p2a: Blissey|Stealth Rock|p1a: Great Tusk
|-sidestart|p1: LT124 SPEEDRUNNING|move: Stealth Rock
|
|-heal|p2a: Blissey|92/100|[from] item: Leftovers
|-damage|p1a: Great Tusk|16/100 psn|[from] psn
|upkeep
|turn|46
|
|t:|1758978930
|switch|p2a: Gliscor|Gliscor, F|45/100 tox
|move|p1a: Great Tusk|Ice Spinner|p2a: Gliscor
|-supereffective|p2a: Gliscor
|-damage|p2a: Gliscor|0 fnt
|faint|p2a: Gliscor
|
|-damage|p1a: Great Tusk|3/100 psn|[from] psn
|upkeep
|l| cynasaurus
|
|t:|1758978934
|switch|p2a: Corviknight|Corviknight, M|56/100
|-ability|p2a: Corviknight|Pressure
|turn|47
|
|t:|1758978943
|move|p1a: Great Tusk|Close Combat|p2a: Corviknight
|-damage|p2a: Corviknight|18/100
|-unboost|p1a: Great Tusk|def|1
|-unboost|p1a: Great Tusk|spd|1
|move|p2a: Corviknight|Roost|p2a: Corviknight
|-heal|p2a: Corviknight|68/100
|-singleturn|p2a: Corviknight|move: Roost
|
|-heal|p2a: Corviknight|74/100|[from] item: Leftovers
|-damage|p1a: Great Tusk|0 fnt|[from] psn
|faint|p1a: Great Tusk
|-end|p1a: Great Tusk|Protosynthesis|[silent]
|upkeep
|
|t:|1758978950
|switch|p1a: Moltres|Moltres|100/100
|turn|48
|j| u0ijkml.
|
|t:|1758978953
|switch|p2a: Toxapex|Toxapex, F|100/100
|move|p1a: Moltres|U-turn|p2a: Toxapex
|-resisted|p2a: Toxapex
|-damage|p2a: Toxapex|95/100
|
|t:|1758978976
|switch|p1a: Kingambit|Kingambit, F|79/100|[from] U-turn
|-damage|p1a: Kingambit|73/100|[from] Stealth Rock
|-activate|p1a: Kingambit|ability: Supreme Overlord
|-start|p1a: Kingambit|fallen2|[silent]
|
|upkeep
|turn|49
|
|t:|1758978984
|move|p1a: Kingambit|Kowtow Cleave|p2a: Toxapex
|-damage|p2a: Toxapex|49/100
|move|p2a: Toxapex|Haze|p2a: Toxapex
|-clearallboost
|
|upkeep
|turn|50
|
|t:|1758978990
|switch|p2a: Corviknight|Corviknight, M|74/100
|-ability|p2a: Corviknight|Pressure
|move|p1a: Kingambit|Swords Dance|p1a: Kingambit
|-boost|p1a: Kingambit|atk|2
|
|-heal|p2a: Corviknight|81/100|[from] item: Leftovers
|upkeep
|turn|51
|
|t:|1758978996
|switch|p2a: Dondozo|Dondozo, F, tera:Dragon|93/100 slp
|move|p1a: Kingambit|Kowtow Cleave|p2a: Dondozo
|-damage|p2a: Dondozo|67/100 slp
|
|upkeep
|turn|52
|
|t:|1758979007
|move|p1a: Kingambit|Iron Head|p2a: Dondozo
|-damage|p2a: Dondozo|41/100 slp
|-curestatus|p2a: Dondozo|slp|[msg]
|move|p2a: Dondozo|Body Press|p1a: Kingambit
|-supereffective|p1a: Kingambit
|-damage|p1a: Kingambit|0 fnt
|faint|p1a: Kingambit
|-end|p1a: Kingambit|fallen2|[silent]
|
|upkeep
|-message|LT124 SPEEDRUNNING forfeited.
|
|win|143forever
|raw|LT124 SPEEDRUNNING's rating: 1866 &rarr; <strong>1854</strong><br />(-12 for losing)
|raw|143forever's rating: 2017 &rarr; <strong>2029</strong><br />(+12 for winning)
|l|☆LT124 SPEEDRUNNING
|player|p1|
|l| shuinifengB
|l| ZATUGRO
|l|☆143forever
|player|p2|
|l| seiko leich
|l| amimec
