|badge|p2|bronze|gen9ou|100-6
|html|<div class="broadcast-red"><strong>This battle is required to be public due to one or more player having a season medal.</strong><br />During the public phase, you can discuss the state of the ladder <a href="/seasondiscussion">in a special chatroom.</a></div>
|uhtml|medal-msg|<div class="broadcast-blue">Curious what those medals under the avatar are? PS now has Ladder Seasons! For more information, check out the <a href="https://www.smogon.com/forums/threads/3740067/">thread on Smogon.</a></div>
|raw|<div class="broadcast-blue"><strong>This battle is required to be public due to a player having a name starting with 'medal'.</div>
|j|☆KnightKnaveSpy
|j|☆Ladder historian
|t:|1759016574
|gametype|singles
|player|p1|KnightKnaveSpy|1|1689
|player|p2|Ladder historian|lucas-gen4pt|1837
|gen|9
|tier|[Gen 9] OU
|rated|
|rule|HP Percentage Mod: HP is shown in percentages
|rule|Endless Battle Clause: Forcing endless battles is banned
|rule|Species Clause: Limit one of each Pokémon
|rule|OHKO Clause: OHKO moves are banned
|rule|Evasion Items Clause: Evasion items are banned
|rule|Evasion Moves Clause: Evasion moves are banned
|rule|Evasion Abilities Clause: Evasion abilities are banned
|rule|Sleep Moves Clause: Sleep-inducing moves are banned
|clearpoke
|poke|p1|Samurott-Hisui, M|
|poke|p1|Blaziken, F|
|poke|p1|Kingambit, F|
|poke|p1|Raging Bolt|
|poke|p1|Ogerpon-Wellspring, F|
|poke|p1|Greninja-*, M|
|poke|p2|Dragonite, M|
|poke|p2|Zamazenta-*|
|poke|p2|Iron Valiant|
|poke|p2|Raging Bolt|
|poke|p2|Great Tusk|
|poke|p2|Deoxys-Speed|
|teampreview
|j| amefurikoneko
|inactive|Battle timer is ON: inactive players will automatically lose when time's up. (requested by KnightKnaveSpy)
|
|t:|1759016598
|teamsize|p1|6
|teamsize|p2|6
|start
|switch|p1a: Samurott|Samurott-Hisui, M|100/100
|switch|p2a: Deoxys|Deoxys-Speed|100/100
|-ability|p2a: Deoxys|Pressure
|turn|1
|
|t:|1759016603
|move|p2a: Deoxys|Stealth Rock|p1a: Samurott
|-sidestart|p1: KnightKnaveSpy|move: Stealth Rock
|move|p1a: Samurott|Ceaseless Edge|p2a: Deoxys
|-supereffective|p2a: Deoxys
|-damage|p2a: Deoxys|0 fnt
|-sidestart|p2: Ladder historian|Spikes
|faint|p2a: Deoxys
|
|upkeep
|
|t:|1759016607
|switch|p2a: Raging Bolt|Raging Bolt|100/100
|-damage|p2a: Raging Bolt|88/100|[from] Spikes
|turn|2
|
|t:|1759016610
|move|p1a: Samurott|Ceaseless Edge|p2a: Raging Bolt|[miss]
|-miss|p1a: Samurott|p2a: Raging Bolt
|move|p2a: Raging Bolt|Discharge|p1a: Samurott
|-supereffective|p1a: Samurott
|-enditem|p1a: Samurott|Focus Sash
|-damage|p1a: Samurott|1/100
|
|-heal|p2a: Raging Bolt|94/100|[from] item: Leftovers
|upkeep
|turn|3
|
|t:|1759016614
|move|p1a: Samurott|Sucker Punch|p2a: Raging Bolt
|-damage|p2a: Raging Bolt|68/100
|move|p2a: Raging Bolt|Discharge|p1a: Samurott
|-supereffective|p1a: Samurott
|-crit|p1a: Samurott
|-damage|p1a: Samurott|0 fnt
|faint|p1a: Samurott
|
|-heal|p2a: Raging Bolt|74/100|[from] item: Leftovers
|upkeep
|
|t:|1759016630
|switch|p1a: Raging Bolt|Raging Bolt|100/100
|-damage|p1a: Raging Bolt|88/100|[from] Stealth Rock
|turn|4
|
|t:|1759016636
|-end|p2a: Raging Bolt|Protosynthesis|[silent]
|switch|p2a: Iron Valiant|Iron Valiant|100/100
|-damage|p2a: Iron Valiant|88/100|[from] Spikes
|-enditem|p2a: Iron Valiant|Booster Energy
|-activate|p2a: Iron Valiant|ability: Quark Drive|[fromitem]
|-start|p2a: Iron Valiant|quarkdrivespe
|move|p1a: Raging Bolt|Draco Meteor|p2a: Iron Valiant
|-immune|p2a: Iron Valiant
|
|-heal|p1a: Raging Bolt|94/100|[from] item: Leftovers
|upkeep
|turn|5
|
|t:|1759016640
|move|p1a: Raging Bolt|Thunderclap|p2a: Iron Valiant
|-damage|p2a: Iron Valiant|11/100
|move|p2a: Iron Valiant|Moonblast|p1a: Raging Bolt
|-supereffective|p1a: Raging Bolt
|-damage|p1a: Raging Bolt|18/100
|-unboost|p1a: Raging Bolt|spa|1
|
|-heal|p1a: Raging Bolt|24/100|[from] item: Leftovers
|upkeep
|turn|6
|
|t:|1759016648
|move|p1a: Raging Bolt|Thunderclap|p2a: Iron Valiant
|-damage|p2a: Iron Valiant|0 fnt
|faint|p2a: Iron Valiant
|-end|p2a: Iron Valiant|Quark Drive|[silent]
|
|-heal|p1a: Raging Bolt|30/100|[from] item: Leftovers
|upkeep
|
|t:|1759016650
|switch|p2a: Dragonite|Dragonite, M|100/100
|turn|7
|
|t:|1759016654
|move|p2a: Dragonite|Earthquake|p1a: Raging Bolt
|-supereffective|p1a: Raging Bolt
|-damage|p1a: Raging Bolt|0 fnt
|faint|p1a: Raging Bolt
|-end|p1a: Raging Bolt|Protosynthesis|[silent]
|
|upkeep
|
|t:|1759016661
|switch|p1a: Ogerpon|Ogerpon-Wellspring, F|100/100
|-damage|p1a: Ogerpon|88/100|[from] Stealth Rock
|turn|8
|
|t:|1759016668
|switch|p2a: Zamazenta|Zamazenta|100/100
|-damage|p2a: Zamazenta|88/100|[from] Spikes
|-ability|p2a: Zamazenta|Dauntless Shield|boost
|-boost|p2a: Zamazenta|def|1
|move|p1a: Ogerpon|U-turn|p2a: Zamazenta
|-resisted|p2a: Zamazenta
|-damage|p2a: Zamazenta|80/100
|
|t:|1759016675
|switch|p1a: Greninja|Greninja, M|100/100|[from] U-turn
|-damage|p1a: Greninja|88/100|[from] Stealth Rock
|
|-heal|p1a: Greninja|94/100|[from] item: Leftovers
|upkeep
|turn|9
|
|t:|1759016679
|-terastallize|p1a: Greninja|Water
|move|p1a: Greninja|Hydro Pump|p2a: Zamazenta
|-damage|p2a: Zamazenta|14/100
|move|p2a: Zamazenta|Close Combat|p1a: Greninja
|-damage|p1a: Greninja|0 fnt
|-unboost|p2a: Zamazenta|def|1
|-unboost|p2a: Zamazenta|spd|1
|faint|p1a: Greninja
|-damage|p2a: Zamazenta|4/100|[from] item: Life Orb
|
|upkeep
|
|t:|1759016695
|switch|p1a: Blaziken|Blaziken, F|100/100
|-damage|p1a: Blaziken|88/100|[from] Stealth Rock
|turn|10
|
|t:|1759016699
|move|p1a: Blaziken|Detect|p1a: Blaziken
|-singleturn|p1a: Blaziken|Protect
|move|p2a: Zamazenta|Close Combat|p1a: Blaziken
|-activate|p1a: Blaziken|move: Protect
|
|-heal|p1a: Blaziken|94/100|[from] item: Leftovers
|-ability|p1a: Blaziken|Speed Boost|boost
|-boost|p1a: Blaziken|spe|1
|upkeep
|turn|11
|
|t:|1759016703
|move|p1a: Blaziken|Flare Blitz|p2a: Zamazenta
|-damage|p2a: Zamazenta|0 fnt
|faint|p2a: Zamazenta
|-damage|p1a: Blaziken|93/100|[from] Recoil
|
|-heal|p1a: Blaziken|99/100|[from] item: Leftovers
|-ability|p1a: Blaziken|Speed Boost|boost
|-boost|p1a: Blaziken|spe|1
|upkeep
|
|t:|1759016706
|switch|p2a: Dragonite|Dragonite, M|100/100
|turn|12
|
|t:|1759016709
|move|p1a: Blaziken|Flare Blitz|p2a: Dragonite
|-resisted|p2a: Dragonite
|-damage|p2a: Dragonite|86/100
|-damage|p1a: Blaziken|93/100|[from] Recoil
|move|p2a: Dragonite|Earthquake|p1a: Blaziken
|-supereffective|p1a: Blaziken
|-damage|p1a: Blaziken|0 fnt
|faint|p1a: Blaziken
|
|-heal|p2a: Dragonite|92/100|[from] item: Leftovers
|upkeep
|
|t:|1759016715
|switch|p1a: Kingambit|Kingambit, F|100/100
|-damage|p1a: Kingambit|94/100|[from] Stealth Rock
|-activate|p1a: Kingambit|ability: Supreme Overlord
|-start|p1a: Kingambit|fallen4|[silent]
|turn|13
|
|t:|1759016720
|move|p2a: Dragonite|Earthquake|p1a: Kingambit
|-supereffective|p1a: Kingambit
|-damage|p1a: Kingambit|42/100
|move|p1a: Kingambit|Kowtow Cleave|p2a: Dragonite
|-damage|p2a: Dragonite|26/100
|
|-heal|p2a: Dragonite|32/100|[from] item: Leftovers
|-heal|p1a: Kingambit|48/100|[from] item: Leftovers
|upkeep
|turn|14
|
|t:|1759016724
|move|p2a: Dragonite|Roost|p2a: Dragonite
|-heal|p2a: Dragonite|82/100
|-singleturn|p2a: Dragonite|move: Roost
|move|p1a: Kingambit|Kowtow Cleave|p2a: Dragonite
|-damage|p2a: Dragonite|16/100
|
|-heal|p2a: Dragonite|23/100|[from] item: Leftovers
|-heal|p1a: Kingambit|54/100|[from] item: Leftovers
|upkeep
|turn|15
|
|t:|1759016737
|move|p1a: Kingambit|Sucker Punch||[still]
|-fail|p1a: Kingambit
|move|p2a: Dragonite|Dragon Dance|p2a: Dragonite
|-boost|p2a: Dragonite|atk|1
|-boost|p2a: Dragonite|spe|1
|
|-heal|p2a: Dragonite|29/100|[from] item: Leftovers
|-heal|p1a: Kingambit|60/100|[from] item: Leftovers
|upkeep
|turn|16
|
|t:|1759016745
|move|p2a: Dragonite|Roost|p2a: Dragonite
|-heal|p2a: Dragonite|79/100
|-singleturn|p2a: Dragonite|move: Roost
|move|p1a: Kingambit|Kowtow Cleave|p2a: Dragonite
|-damage|p2a: Dragonite|13/100
|
|-heal|p2a: Dragonite|20/100|[from] item: Leftovers
|-heal|p1a: Kingambit|67/100|[from] item: Leftovers
|upkeep
|turn|17
|
|t:|1759016748
|move|p2a: Dragonite|Roost|p2a: Dragonite
|-heal|p2a: Dragonite|70/100
|-singleturn|p2a: Dragonite|move: Roost
|move|p1a: Kingambit|Kowtow Cleave|p2a: Dragonite
|-damage|p2a: Dragonite|3/100
|
|-heal|p2a: Dragonite|10/100|[from] item: Leftovers
|-heal|p1a: Kingambit|73/100|[from] item: Leftovers
|upkeep
|turn|18
|
|t:|1759016751
|move|p1a: Kingambit|Sucker Punch||[still]
|-fail|p1a: Kingambit
|move|p2a: Dragonite|Roost|p2a: Dragonite
|-heal|p2a: Dragonite|60/100
|-singleturn|p2a: Dragonite|move: Roost
|
|-heal|p2a: Dragonite|66/100|[from] item: Leftovers
|-heal|p1a: Kingambit|79/100|[from] item: Leftovers
|upkeep
|turn|19
|
|t:|1759016756
|move|p1a: Kingambit|Sucker Punch||[still]
|-fail|p1a: Kingambit
|move|p2a: Dragonite|Roost|p2a: Dragonite
|-heal|p2a: Dragonite|100/100
|-singleturn|p2a: Dragonite|move: Roost
|
|-heal|p1a: Kingambit|85/100|[from] item: Leftovers
|upkeep
|turn|20
|-message|KnightKnaveSpy forfeited.
|
|win|Ladder historian
|raw|KnightKnaveSpy's rating: 1689 &rarr; <strong>1677</strong><br />(-12 for losing)
|raw|Ladder historian's rating: 1837 &rarr; <strong>1849</strong><br />(+12 for winning)
|l|☆KnightKnaveSpy
|player|p1|
|l|☆Ladder historian
|player|p2|
