|j|☆sh'es not noob
|j|☆JD Doggin'
|t:|1759074829
|gametype|singles
|player|p1|sh'es not noob|elesa-masters|1211
|player|p2|JD Doggin'|101|1241
|gen|9
|tier|[Gen 9] OU
|rated|
|rule|HP Percentage Mod: HP is shown in percentages
|rule|Endless Battle Clause: Forcing endless battles is banned
|rule|Species Clause: Limit one of each Pokémon
|rule|OHKO Clause: OHKO moves are banned
|rule|Evasion Items Clause: Evasion items are banned
|rule|Evasion Moves Clause: Evasion moves are banned
|rule|Evasion Abilities Clause: Evasion abilities are banned
|rule|Sleep Moves Clause: Sleep-inducing moves are banned
|clearpoke
|poke|p1|Meowscarada, F|
|poke|p1|Corviknight, F|
|poke|p1|Slowking-Galar, M|
|poke|p1|Great Tusk|
|poke|p1|Kingambit, F|
|poke|p1|Darkrai|
|poke|p2|Entei|
|poke|p2|Hawlucha, M|
|poke|p2|Reuniclus, M|
|poke|p2|Ting-Lu|
|poke|p2|Darkrai|
|poke|p2|Volcanion|
|teampreview
|inactive|Battle timer is ON: inactive players will automatically lose when time's up. (requested by sh'es not noob)
|
|t:|1759074847
|teamsize|p1|6
|teamsize|p2|6
|start
|switch|p1a: Meowscarada|Meowscarada, F|100/100
|switch|p2a: Volcanion|Volcanion|100/100
|turn|1
|
|t:|1759074856
|move|p1a: Meowscarada|U-turn|p2a: Volcanion
|-start|p1a: Meowscarada|typechange|Bug|[from] ability: Protean
|-resisted|p2a: Volcanion
|-damage|p2a: Volcanion|86/100
|
|t:|1759074862
|switch|p1a: Slowking|Slowking-Galar, M|100/100|[from] U-turn
|move|p2a: Volcanion|Flamethrower|p1a: Slowking
|-damage|p1a: Slowking|69/100
|
|upkeep
|turn|2
|
|t:|1759074867
|move|p2a: Volcanion|Earth Power|p1a: Slowking
|-supereffective|p1a: Slowking
|-damage|p1a: Slowking|24/100
|move|p1a: Slowking|Thunder Wave|p2a: Volcanion
|-status|p2a: Volcanion|par
|
|upkeep
|turn|3
|
|t:|1759074872
|switch|p1a: Corviknight|Corviknight, F|100/100
|-ability|p1a: Corviknight|Pressure
|move|p2a: Volcanion|Steam Eruption|p1a: Corviknight
|-damage|p1a: Corviknight|37/100
|-status|p1a: Corviknight|brn
|
|-damage|p1a: Corviknight|31/100 brn|[from] brn
|upkeep
|turn|4
|
|t:|1759074882
|switch|p1a: Slowking|Slowking-Galar, M|58/100
|cant|p2a: Volcanion|par
|
|upkeep
|turn|5
|
|t:|1759074887
|move|p2a: Volcanion|Steam Eruption|p1a: Slowking
|-damage|p1a: Slowking|22/100
|-prepare|p1a: Slowking|Chilly Reception|[premajor]
|move|p1a: Slowking|Chilly Reception|p1a: Slowking
|-weather|Snowscape
|
|t:|1759074894
|switch|p1a: Great Tusk|Great Tusk|100/100|[from] Chilly Reception
|
|-weather|Snowscape|[upkeep]
|upkeep
|turn|6
|
|t:|1759074899
|move|p1a: Great Tusk|Headlong Rush|p2a: Volcanion
|-supereffective|p2a: Volcanion
|-enditem|p2a: Volcanion|Shuca Berry|[eat]
|-enditem|p2a: Volcanion|Shuca Berry|[weaken]
|-damage|p2a: Volcanion|37/100 par
|-unboost|p1a: Great Tusk|def|1
|-unboost|p1a: Great Tusk|spd|1
|move|p2a: Volcanion|Steam Eruption|p1a: Great Tusk
|-supereffective|p1a: Great Tusk
|-damage|p1a: Great Tusk|0 fnt
|faint|p1a: Great Tusk
|-end|p1a: Great Tusk|Protosynthesis|[silent]
|
|-weather|Snowscape|[upkeep]
|upkeep
|
|t:|1759074910
|switch|p1a: Meowscarada|Meowscarada, F|100/100
|turn|7
|
|t:|1759074918
|switch|p2a: Hawlucha|Hawlucha, M, shiny|100/100
|-ability|p2a: Hawlucha|Mold Breaker
|move|p1a: Meowscarada|Flower Trick|p2a: Hawlucha
|-start|p1a: Meowscarada|typechange|Grass|[from] ability: Protean
|-resisted|p2a: Hawlucha
|-crit|p2a: Hawlucha
|-damage|p2a: Hawlucha|70/100
|
|-weather|Snowscape|[upkeep]
|upkeep
|turn|8
|
|t:|1759074937
|switch|p1a: Corviknight|Corviknight, F|31/100 brn
|-ability|p1a: Corviknight|Pressure
|switch|p2a: Entei|Entei, shiny|100/100
|
|-weather|Snowscape|[upkeep]
|-damage|p1a: Corviknight|25/100 brn|[from] brn
|upkeep
|turn|9
|
|t:|1759074947
|move|p2a: Entei|Eruption|p1a: Corviknight
|-supereffective|p1a: Corviknight
|-damage|p1a: Corviknight|0 fnt
|faint|p1a: Corviknight
|
|-weather|none
|upkeep
|
|t:|1759074954
|switch|p1a: Darkrai|Darkrai|100/100
|turn|10
|
|t:|1759074961
|switch|p2a: Ting-Lu|Ting-Lu, shiny|100/100
|-ability|p2a: Ting-Lu|Vessel of Ruin
|move|p1a: Darkrai|Dark Pulse|p2a: Ting-Lu
|-resisted|p2a: Ting-Lu
|-damage|p2a: Ting-Lu|92/100
|
|-heal|p2a: Ting-Lu|98/100|[from] item: Leftovers
|upkeep
|turn|11
|
|t:|1759074967
|switch|p1a: Meowscarada|Meowscarada, F|100/100
|move|p2a: Ting-Lu|Stealth Rock|p1a: Meowscarada
|-sidestart|p1: sh'es not noob|move: Stealth Rock
|
|-heal|p2a: Ting-Lu|100/100|[from] item: Leftovers
|upkeep
|turn|12
|
|t:|1759074982
|move|p1a: Meowscarada|Flower Trick|p2a: Ting-Lu
|-start|p1a: Meowscarada|typechange|Grass|[from] ability: Protean
|-supereffective|p2a: Ting-Lu
|-crit|p2a: Ting-Lu
|-damage|p2a: Ting-Lu|49/100
|move|p2a: Ting-Lu|Earthquake|p1a: Meowscarada
|-resisted|p1a: Meowscarada
|-damage|p1a: Meowscarada|71/100
|
|-heal|p2a: Ting-Lu|55/100|[from] item: Leftovers
|upkeep
|turn|13
|
|t:|1759074992
|switch|p2a: Hawlucha|Hawlucha, M, shiny|70/100
|-ability|p2a: Hawlucha|Mold Breaker
|move|p1a: Meowscarada|Flower Trick|p2a: Hawlucha
|-resisted|p2a: Hawlucha
|-crit|p2a: Hawlucha
|-damage|p2a: Hawlucha|38/100
|
|upkeep
|turn|14
|
|t:|1759075004
|move|p1a: Meowscarada|Flower Trick|p2a: Hawlucha
|-resisted|p2a: Hawlucha
|-crit|p2a: Hawlucha
|-damage|p2a: Hawlucha|8/100
|move|p2a: Hawlucha|Roost|p2a: Hawlucha
|-heal|p2a: Hawlucha|58/100
|-singleturn|p2a: Hawlucha|move: Roost
|
|upkeep
|turn|15
|
|t:|1759075010
|switch|p1a: Darkrai|Darkrai|100/100
|-damage|p1a: Darkrai|88/100|[from] Stealth Rock
|move|p2a: Hawlucha|Roost|p2a: Hawlucha
|-heal|p2a: Hawlucha|100/100
|-singleturn|p2a: Hawlucha|move: Roost
|
|-heal|p1a: Darkrai|94/100|[from] item: Leftovers
|upkeep
|turn|16
|
|t:|1759075017
|switch|p2a: Ting-Lu|Ting-Lu, shiny|55/100
|-ability|p2a: Ting-Lu|Vessel of Ruin
|-terastallize|p1a: Darkrai|Poison
|move|p1a: Darkrai|Nasty Plot|p1a: Darkrai
|-boost|p1a: Darkrai|spa|2
|
|-heal|p1a: Darkrai|99/100|[from] item: Leftovers
|-heal|p2a: Ting-Lu|62/100|[from] item: Leftovers
|upkeep
|turn|17
|
|t:|1759075026
|move|p1a: Darkrai|Ice Beam|p2a: Ting-Lu
|-supereffective|p2a: Ting-Lu
|-damage|p2a: Ting-Lu|12/100
|move|p2a: Ting-Lu|Earthquake|p1a: Darkrai
|-supereffective|p1a: Darkrai
|-damage|p1a: Darkrai|0 fnt
|faint|p1a: Darkrai
|
|-heal|p2a: Ting-Lu|18/100|[from] item: Leftovers
|upkeep
|
|t:|1759075032
|switch|p1a: Meowscarada|Meowscarada, F|71/100
|-damage|p1a: Meowscarada|59/100|[from] Stealth Rock
|turn|18
|
|t:|1759075055
|switch|p2a: Hawlucha|Hawlucha, M, shiny|100/100
|-ability|p2a: Hawlucha|Mold Breaker
|move|p1a: Meowscarada|U-turn|p2a: Hawlucha
|-start|p1a: Meowscarada|typechange|Bug|[from] ability: Protean
|-resisted|p2a: Hawlucha
|-damage|p2a: Hawlucha|91/100
|-damage|p1a: Meowscarada|43/100|[from] item: Rocky Helmet|[of] p2a: Hawlucha
|
|t:|1759075062
|switch|p1a: Slowking|Slowking-Galar, M|55/100|[from] U-turn
|-damage|p1a: Slowking|42/100|[from] Stealth Rock
|
|upkeep
|turn|19
|
|t:|1759075070
|switch|p2a: Ting-Lu|Ting-Lu, shiny|18/100
|-ability|p2a: Ting-Lu|Vessel of Ruin
|move|p1a: Slowking|Thunder Wave|p2a: Ting-Lu
|-immune|p2a: Ting-Lu
|
|-heal|p2a: Ting-Lu|24/100|[from] item: Leftovers
|upkeep
|turn|20
|c|☆JD Doggin'|my son made this team
|
|t:|1759075086
|move|p2a: Ting-Lu|Earthquake|p1a: Slowking
|-supereffective|p1a: Slowking
|-damage|p1a: Slowking|0 fnt
|faint|p1a: Slowking
|
|-heal|p2a: Ting-Lu|30/100|[from] item: Leftovers
|upkeep
|
|t:|1759075089
|switch|p1a: Meowscarada|Meowscarada, F|43/100
|-damage|p1a: Meowscarada|31/100|[from] Stealth Rock
|turn|21
|
|t:|1759075100
|switch|p2a: Hawlucha|Hawlucha, M, shiny|91/100
|-ability|p2a: Hawlucha|Mold Breaker
|move|p1a: Meowscarada|Triple Axel|p2a: Hawlucha
|-start|p1a: Meowscarada|typechange|Ice|[from] ability: Protean
|-supereffective|p2a: Hawlucha
|-crit|p2a: Hawlucha
|-damage|p2a: Hawlucha|54/100
|-damage|p1a: Meowscarada|14/100|[from] item: Rocky Helmet|[of] p2a: Hawlucha
|-supereffective|p2a: Hawlucha
|-damage|p2a: Hawlucha|7/100
|-damage|p1a: Meowscarada|0 fnt|[from] item: Rocky Helmet|[of] p2a: Hawlucha
|faint|p1a: Meowscarada
|-hitcount|p2a: Hawlucha|2
|
|upkeep
|
|t:|1759075112
|switch|p1a: Kingambit|Kingambit, F|100/100
|-damage|p1a: Kingambit|94/100|[from] Stealth Rock
|-activate|p1a: Kingambit|ability: Supreme Overlord
|-start|p1a: Kingambit|fallen5|[silent]
|turn|22
|
|t:|1759075136
|move|p1a: Kingambit|Sucker Punch||[still]
|-fail|p1a: Kingambit
|move|p2a: Hawlucha|Roost|p2a: Hawlucha
|-heal|p2a: Hawlucha|57/100
|-singleturn|p2a: Hawlucha|move: Roost
|
|-heal|p1a: Kingambit|100/100|[from] item: Leftovers
|upkeep
|turn|23
|c|☆JD Doggin'|gg brother
|
|t:|1759075150
|move|p2a: Hawlucha|Encore|p1a: Kingambit
|-start|p1a: Kingambit|Encore
|move|p1a: Kingambit|Sucker Punch||[still]
|-fail|p1a: Kingambit
|
|upkeep
|turn|24
|-message|sh'es not noob forfeited.
|
|win|JD Doggin'
|raw|sh&apos;es not noob's rating: 1211 &rarr; <strong>1188</strong><br />(-23 for losing)
|raw|JD Doggin&apos;'s rating: 1241 &rarr; <strong>1264</strong><br />(+23 for winning)
|l|☆sh'es not noob
|player|p1|
