|j|☆UchihaSusgay
|j|☆Testing679
|t:|1758943438
|gametype|singles
|player|p1|UchihaSusgay|roxie|1477
|player|p2|Testing679|brycenman|1439
|gen|9
|tier|[Gen 9] OU
|rated|
|rule|HP Percentage Mod: HP is shown in percentages
|rule|Endless Battle Clause: Forcing endless battles is banned
|rule|Species Clause: Limit one of each Pokémon
|rule|OHKO Clause: OHKO moves are banned
|rule|Evasion Items Clause: Evasion items are banned
|rule|Evasion Moves Clause: Evasion moves are banned
|rule|Evasion Abilities Clause: Evasion abilities are banned
|rule|Sleep Moves Clause: Sleep-inducing moves are banned
|clearpoke
|poke|p1|Flygon, F|
|poke|p1|Alomomola, M|
|poke|p1|Weezing-Galar, F|
|poke|p1|Rotom-Heat|
|poke|p1|Enamorus, F|
|poke|p1|Kingambit, F|
|poke|p2|Iron Valiant|
|poke|p2|Ogerpon-Wellspring, F|
|poke|p2|Great Tusk|
|poke|p2|Heatran, F|
|poke|p2|Weavile, M|
|poke|p2|Clefable, M|
|teampreview
|
|t:|1758943453
|teamsize|p1|6
|teamsize|p2|6
|start
|switch|p1a: Flygon|Flygon, F|100/100
|switch|p2a: Heatran|Heatran, F|100/100
|-item|p2a: Heatran|Air Balloon
|turn|1
|
|t:|1758943460
|move|p1a: Flygon|U-turn|p2a: Heatran
|-resisted|p2a: Heatran
|-damage|p2a: Heatran|92/100
|-enditem|p2a: Heatran|Air Balloon
|
|t:|1758943465
|switch|p1a: Alomomola|Alomomola, M|100/100|[from] U-turn
|move|p2a: Heatran|Stealth Rock|p1a: Alomomola
|-sidestart|p1: UchihaSusgay|move: Stealth Rock
|
|upkeep
|turn|2
|
|t:|1758943468
|switch|p2a: Ogerpon|Ogerpon-Wellspring, F|100/100
|move|p1a: Alomomola|Flip Turn|p2a: Ogerpon
|-immune|p2a: Ogerpon|[from] ability: Water Absorb
|
|upkeep
|turn|3
|
|t:|1758943475
|switch|p1a: Flygon|Flygon, F|100/100
|-damage|p1a: Flygon|95/100|[from] Stealth Rock
|move|p2a: Ogerpon|Power Whip|p1a: Flygon
|-damage|p1a: Flygon|2/100
|
|upkeep
|turn|4
|
|t:|1758943480
|move|p1a: Flygon|First Impression|p2a: Ogerpon
|-supereffective|p2a: Ogerpon
|-damage|p2a: Ogerpon|0 fnt
|faint|p2a: Ogerpon
|
|upkeep
|
|t:|1758943484
|switch|p2a: Weavile|Weavile, M|100/100
|-ability|p2a: Weavile|Pressure
|turn|5
|
|t:|1758943490
|move|p1a: Flygon|First Impression||[still]
|-hint|First Impression only works on your first turn out.
|-fail|p1a: Flygon
|move|p2a: Weavile|Knock Off|p1a: Flygon
|-damage|p1a: Flygon|0 fnt
|-enditem|p1a: Flygon|Choice Band|[from] move: Knock Off|[of] p2a: Weavile
|faint|p1a: Flygon
|
|upkeep
|
|t:|1758943492
|switch|p1a: Weezing|Weezing-Galar, F|100/100
|-ability|p1a: Weezing|Neutralizing Gas
|turn|6
|
|t:|1758943497
|switch|p2a: Clefable|Clefable, M|100/100
|move|p1a: Weezing|Defog|p2a: Clefable
|-unboost|p2a: Clefable|evasion|1
|-sideend|p1: UchihaSusgay|Stealth Rock|[from] move: Defog|[of] p1a: Weezing
|
|upkeep
|turn|7
|
|t:|1758943502
|switch|p2a: Heatran|Heatran, F|92/100
|move|p1a: Weezing|Sludge Bomb|p2a: Heatran
|-immune|p2a: Heatran
|
|upkeep
|turn|8
|
|t:|1758943511
|-end|p1a: Weezing|ability: Neutralizing Gas
|switch|p1a: Alomomola|Alomomola, M|100/100
|move|p2a: Heatran|Earth Power|p1a: Alomomola
|-damage|p1a: Alomomola|74/100
|
|upkeep
|turn|9
|
|t:|1758943518
|move|p2a: Heatran|Stealth Rock|p1a: Alomomola
|-sidestart|p1: UchihaSusgay|move: Stealth Rock
|move|p1a: Alomomola|Flip Turn|p2a: Heatran
|-supereffective|p2a: Heatran
|-damage|p2a: Heatran|62/100
|
|t:|1758943527
|switch|p1a: Enamorus|Enamorus, F|100/100|[from] Flip Turn
|-damage|p1a: Enamorus|76/100|[from] Stealth Rock
|
|upkeep
|turn|10
|
|t:|1758943533
|switch|p2a: Clefable|Clefable, M|100/100
|move|p1a: Enamorus|Earth Power|p2a: Clefable
|-damage|p2a: Clefable|64/100
|
|-heal|p2a: Clefable|70/100|[from] item: Leftovers
|upkeep
|turn|11
|
|t:|1758943539
|switch|p1a: Weezing|Weezing-Galar, F|100/100
|-ability|p1a: Weezing|Neutralizing Gas
|move|p2a: Clefable|Thunderbolt|p1a: Weezing
|-damage|p1a: Weezing|74/100
|
|-heal|p2a: Clefable|76/100|[from] item: Leftovers
|upkeep
|turn|12
|
|t:|1758943547
|switch|p2a: Heatran|Heatran, F|62/100
|move|p1a: Weezing|Defog|p2a: Heatran
|-unboost|p2a: Heatran|evasion|1
|-sideend|p1: UchihaSusgay|Stealth Rock|[from] move: Defog|[of] p1a: Weezing
|
|upkeep
|turn|13
|
|t:|1758943557
|-end|p1a: Weezing|ability: Neutralizing Gas
|switch|p1a: Alomomola|Alomomola, M|100/100
|move|p2a: Heatran|Magma Storm|p1a: Alomomola|[miss]
|-miss|p2a: Heatran|p1a: Alomomola
|
|upkeep
|turn|14
|
|t:|1758943566
|move|p2a: Heatran|Stealth Rock|p1a: Alomomola
|-sidestart|p1: UchihaSusgay|move: Stealth Rock
|move|p1a: Alomomola|Flip Turn|p2a: Heatran
|-supereffective|p2a: Heatran
|-damage|p2a: Heatran|27/100
|
|t:|1758943574
|switch|p1a: Rotom|Rotom-Heat|100/100|[from] Flip Turn
|-damage|p1a: Rotom|76/100|[from] Stealth Rock
|
|upkeep
|turn|15
|
|t:|1758943582
|move|p2a: Heatran|Magma Storm|p1a: Rotom
|-resisted|p1a: Rotom
|-damage|p1a: Rotom|48/100
|-activate|p1a: Rotom|move: Magma Storm|[of] p2a: Heatran
|move|p1a: Rotom|Overheat|p2a: Heatran
|-start|p2a: Heatran|ability: Flash Fire
|
|-damage|p1a: Rotom|36/100|[from] move: Magma Storm|[partiallytrapped]
|upkeep
|turn|16
|
|t:|1758943589
|move|p2a: Heatran|Magma Storm|p1a: Rotom|[miss]
|-miss|p2a: Heatran|p1a: Rotom
|move|p1a: Rotom|Overheat|p2a: Heatran
|-immune|p2a: Heatran|[from] ability: Flash Fire
|
|-damage|p1a: Rotom|24/100|[from] move: Magma Storm|[partiallytrapped]
|upkeep
|turn|17
|
|t:|1758943591
|move|p2a: Heatran|Magma Storm|p1a: Rotom
|-resisted|p1a: Rotom
|-damage|p1a: Rotom|0 fnt
|faint|p1a: Rotom
|
|upkeep
|
|t:|1758943595
|switch|p1a: Alomomola|Alomomola, M|100/100
|turn|18
|
|t:|1758943599
|move|p2a: Heatran|Magma Storm|p1a: Alomomola
|-resisted|p1a: Alomomola
|-damage|p1a: Alomomola|67/100
|-activate|p1a: Alomomola|move: Magma Storm|[of] p2a: Heatran
|move|p1a: Alomomola|Flip Turn|p2a: Heatran
|-supereffective|p2a: Heatran
|-damage|p2a: Heatran|0 fnt
|faint|p2a: Heatran
|
|t:|1758943605
|switch|p1a: Weezing|Weezing-Galar, F|74/100|[from] Flip Turn
|-ability|p1a: Weezing|Neutralizing Gas
|
|upkeep
|
|t:|1758943615
|switch|p2a: Great Tusk|Great Tusk|100/100
|turn|19
|
|t:|1758943620
|-terastallize|p1a: Weezing|Flying
|move|p2a: Great Tusk|Headlong Rush|p1a: Weezing
|-immune|p1a: Weezing
|move|p1a: Weezing|Defog|p2a: Great Tusk
|-unboost|p2a: Great Tusk|evasion|1
|-sideend|p1: UchihaSusgay|Stealth Rock|[from] move: Defog|[of] p1a: Weezing
|
|upkeep
|turn|20
|
|t:|1758943625
|move|p2a: Great Tusk|Stealth Rock|p1a: Weezing
|-sidestart|p1: UchihaSusgay|move: Stealth Rock
|move|p1a: Weezing|Will-O-Wisp|p2a: Great Tusk
|-status|p2a: Great Tusk|brn
|
|-damage|p2a: Great Tusk|94/100 brn|[from] brn
|upkeep
|turn|21
|
|t:|1758943634
|move|p2a: Great Tusk|Ice Spinner|p1a: Weezing
|-supereffective|p1a: Weezing
|-damage|p1a: Weezing|53/100
|move|p1a: Weezing|Defog|p2a: Great Tusk
|-unboost|p2a: Great Tusk|evasion|1
|-sideend|p1: UchihaSusgay|Stealth Rock|[from] move: Defog|[of] p1a: Weezing
|
|-damage|p2a: Great Tusk|88/100 brn|[from] brn
|upkeep
|turn|22
|
|t:|1758943638
|move|p2a: Great Tusk|Stealth Rock|p1a: Weezing
|-sidestart|p1: UchihaSusgay|move: Stealth Rock
|move|p1a: Weezing|Strange Steam|p2a: Great Tusk
|-supereffective|p2a: Great Tusk
|-damage|p2a: Great Tusk|2/100 brn
|
|-damage|p2a: Great Tusk|0 fnt|[from] brn
|faint|p2a: Great Tusk
|-end|p2a: Great Tusk|Protosynthesis|[silent]
|upkeep
|
|t:|1758943643
|switch|p2a: Weavile|Weavile, M|100/100
|turn|23
|
|t:|1758943655
|-end|p1a: Weezing|ability: Neutralizing Gas
|-ability|p2a: Weavile|Pressure
|switch|p1a: Alomomola|Alomomola, M|99/100
|move|p2a: Weavile|Knock Off|p1a: Alomomola
|-damage|p1a: Alomomola|54/100
|-enditem|p1a: Alomomola|Heavy-Duty Boots|[from] move: Knock Off|[of] p2a: Weavile
|
|upkeep
|turn|24
|
|t:|1758943664
|move|p2a: Weavile|Knock Off|p1a: Alomomola
|-damage|p1a: Alomomola|27/100
|move|p1a: Alomomola|Flip Turn|p2a: Weavile
|-damage|p2a: Weavile|73/100
|
|t:|1758943671
|switch|p1a: Kingambit|Kingambit, F|100/100|[from] Flip Turn
|-damage|p1a: Kingambit|94/100|[from] Stealth Rock
|-activate|p1a: Kingambit|ability: Supreme Overlord
|-start|p1a: Kingambit|fallen2|[silent]
|
|upkeep
|turn|25
|
|t:|1758943678
|switch|p2a: Clefable|Clefable, M|76/100
|move|p1a: Kingambit|Iron Head|p2a: Clefable
|-supereffective|p2a: Clefable
|-damage|p2a: Clefable|0 fnt
|faint|p2a: Clefable
|
|upkeep
|
|t:|1758943681
|switch|p2a: Weavile|Weavile, M|73/100
|-ability|p2a: Weavile|Pressure
|turn|26
|
|t:|1758943685
|-end|p1a: Kingambit|fallen2|[silent]
|switch|p1a: Alomomola|Alomomola, M|60/100
|-damage|p1a: Alomomola|48/100|[from] Stealth Rock
|move|p2a: Weavile|Low Kick|p1a: Alomomola
|-damage|p1a: Alomomola|30/100
|
|upkeep
|turn|27
|
|t:|1758943692
|move|p2a: Weavile|Low Kick|p1a: Alomomola
|-damage|p1a: Alomomola|11/100
|move|p1a: Alomomola|Flip Turn|p2a: Weavile
|-damage|p2a: Weavile|46/100
|
|t:|1758943697
|switch|p1a: Enamorus|Enamorus, F|76/100|[from] Flip Turn
|-damage|p1a: Enamorus|51/100|[from] Stealth Rock
|
|upkeep
|turn|28
|
|t:|1758943701
|move|p1a: Enamorus|Moonblast|p2a: Weavile
|-supereffective|p2a: Weavile
|-damage|p2a: Weavile|0 fnt
|faint|p2a: Weavile
|
|upkeep
|
|t:|1758943703
|switch|p2a: Iron Valiant|Iron Valiant|100/100
|-enditem|p2a: Iron Valiant|Booster Energy
|-activate|p2a: Iron Valiant|ability: Quark Drive|[fromitem]
|-start|p2a: Iron Valiant|quarkdrivespe
|turn|29
|
|t:|1758943710
|move|p2a: Iron Valiant|Moonblast|p1a: Enamorus
|-damage|p1a: Enamorus|0 fnt
|faint|p1a: Enamorus
|
|upkeep
|
|t:|1758943717
|switch|p1a: Alomomola|Alomomola, M|44/100
|-damage|p1a: Alomomola|32/100|[from] Stealth Rock
|turn|30
|
|t:|1758943721
|switch|p1a: Kingambit|Kingambit, F|94/100
|-damage|p1a: Kingambit|88/100|[from] Stealth Rock
|-activate|p1a: Kingambit|ability: Supreme Overlord
|-start|p1a: Kingambit|fallen3|[silent]
|move|p2a: Iron Valiant|Moonblast|p1a: Kingambit
|-damage|p1a: Kingambit|38/100
|
|upkeep
|turn|31
|
|t:|1758943727
|move|p2a: Iron Valiant|Moonblast|p1a: Kingambit
|-damage|p1a: Kingambit|0 fnt
|faint|p1a: Kingambit
|-end|p1a: Kingambit|fallen3|[silent]
|
|upkeep
|
|t:|1758943730
|switch|p1a: Alomomola|Alomomola, M|65/100
|-damage|p1a: Alomomola|52/100|[from] Stealth Rock
|turn|32
|
|t:|1758943737
|move|p2a: Iron Valiant|Moonblast|p1a: Alomomola
|-damage|p1a: Alomomola|12/100
|move|p1a: Alomomola|Flip Turn|p2a: Iron Valiant
|-crit|p2a: Iron Valiant
|-damage|p2a: Iron Valiant|70/100
|
|t:|1758943740
|switch|p1a: Weezing|Weezing-Galar, F, tera:Flying|53/100|[from] Flip Turn
|-ability|p1a: Weezing|Neutralizing Gas
|
|upkeep
|turn|33
|
|t:|1758943743
|move|p2a: Iron Valiant|Moonblast|p1a: Weezing
|-damage|p1a: Weezing|0 fnt
|faint|p1a: Weezing
|-end|p1a: Weezing|ability: Neutralizing Gas
|
|upkeep
|
|t:|1758943747
|switch|p1a: Alomomola|Alomomola, M|46/100
|-damage|p1a: Alomomola|33/100|[from] Stealth Rock
|turn|34
|
|t:|1758943748
|move|p2a: Iron Valiant|Moonblast|p1a: Alomomola
|-damage|p1a: Alomomola|0 fnt
|faint|p1a: Alomomola
|
|win|Testing679
|raw|UchihaSusgay's rating: 1477 &rarr; <strong>1455</strong><br />(-22 for losing)
|raw|Testing679's rating: 1439 &rarr; <strong>1461</strong><br />(+22 for winning)
|l|☆Testing679
|player|p2|
|l|☆UchihaSusgay
|player|p1|
