|j|☆arvends5
|j|☆Iron Nubulis
|t:|1759013040
|gametype|singles
|player|p1|arvends5|burglar|1218
|player|p2|Iron Nubulis|palmer|1239
|gen|9
|tier|[Gen 9] OU
|rated|
|rule|HP Percentage Mod: HP is shown in percentages
|rule|Endless Battle Clause: Forcing endless battles is banned
|rule|Species Clause: Limit one of each Pokémon
|rule|OHKO Clause: OHKO moves are banned
|rule|Evasion Items Clause: Evasion items are banned
|rule|Evasion Moves Clause: Evasion moves are banned
|rule|Evasion Abilities Clause: Evasion abilities are banned
|rule|Sleep Moves Clause: Sleep-inducing moves are banned
|clearpoke
|poke|p1|Primarina, F|
|poke|p1|Rillaboom, M|
|poke|p1|Hawlucha, M|
|poke|p1|Incineroar, M|
|poke|p1|Ludicolo, M|
|poke|p1|Cacnea, F|
|poke|p2|Gholdengo|
|poke|p2|Landorus-Therian, M|
|poke|p2|Iron Moth|
|poke|p2|Dragapult, M|
|poke|p2|Great Tusk|
|poke|p2|Primarina, M|
|teampreview
|
|t:|1759013047
|teamsize|p1|6
|teamsize|p2|6
|start
|switch|p1a: Cacnea|Cacnea, F|100/100
|switch|p2a: Nyeh!|Landorus-Therian, M|100/100
|-ability|p2a: Nyeh!|Intimidate|boost
|-unboost|p1a: Cacnea|atk|1
|turn|1
|
|t:|1759013054
|move|p2a: Nyeh!|Stealth Rock|p1a: Cacnea
|-sidestart|p1: arvends5|move: Stealth Rock
|move|p1a: Cacnea|Spikes|p2a: Nyeh!
|-sidestart|p2: Iron Nubulis|Spikes
|
|upkeep
|turn|2
|
|t:|1759013061
|move|p2a: Nyeh!|Earthquake|p1a: Cacnea
|-resisted|p1a: Cacnea
|-damage|p1a: Cacnea|56/100
|move|p1a: Cacnea|Leech Seed|p2a: Nyeh!
|-start|p2a: Nyeh!|move: Leech Seed
|
|-damage|p2a: Nyeh!|88/100|[from] Leech Seed|[of] p1a: Cacnea
|-heal|p1a: Cacnea|69/100|[silent]
|upkeep
|turn|3
|
|t:|1759013070
|switch|p2a: Mammoth|Great Tusk|100/100
|-damage|p2a: Mammoth|88/100|[from] Spikes
|-enditem|p2a: Mammoth|Booster Energy
|-activate|p2a: Mammoth|ability: Protosynthesis|[fromitem]
|-start|p2a: Mammoth|protosynthesisatk
|move|p1a: Cacnea|Spikes|p2a: Mammoth
|-sidestart|p2: Iron Nubulis|Spikes
|
|upkeep
|turn|4
|
|t:|1759013077
|move|p2a: Mammoth|Rapid Spin|p1a: Cacnea
|-damage|p1a: Cacnea|37/100
|-boost|p2a: Mammoth|spe|1
|-sideend|p2: Iron Nubulis|Spikes|[from] move: Rapid Spin|[of] p2a: Mammoth
|move|p1a: Cacnea|Cotton Spore|p2a: Mammoth
|-unboost|p2a: Mammoth|spe|2
|
|upkeep
|turn|5
|
|t:|1759013087
|move|p2a: Mammoth|Knock Off|p1a: Cacnea
|-damage|p1a: Cacnea|0 fnt
|-enditem|p1a: Cacnea|Eviolite|[from] move: Knock Off|[of] p2a: Mammoth
|faint|p1a: Cacnea
|
|upkeep
|
|t:|1759013090
|switch|p1a: Ludicolo|Ludicolo, M|100/100
|-damage|p1a: Ludicolo|88/100|[from] Stealth Rock
|turn|6
|
|t:|1759013106
|-terastallize|p2a: Mammoth|Steel
|move|p1a: Ludicolo|Rain Dance|p1a: Ludicolo
|-weather|RainDance
|move|p2a: Mammoth|Headlong Rush|p1a: Ludicolo
|-resisted|p1a: Ludicolo
|-damage|p1a: Ludicolo|23/100
|-unboost|p2a: Mammoth|def|1
|-unboost|p2a: Mammoth|spd|1
|
|-weather|RainDance|[upkeep]
|upkeep
|turn|7
|
|t:|1759013115
|move|p1a: Ludicolo|Hydro Pump|p2a: Mammoth
|-damage|p2a: Mammoth|0 fnt
|faint|p2a: Mammoth
|-end|p2a: Mammoth|Protosynthesis|[silent]
|-damage|p1a: Ludicolo|13/100|[from] item: Life Orb
|
|-weather|RainDance|[upkeep]
|upkeep
|
|t:|1759013126
|switch|p2a: Nyeh!|Landorus-Therian, M|88/100
|-ability|p2a: Nyeh!|Intimidate|boost
|-unboost|p1a: Ludicolo|atk|1
|turn|8
|
|t:|1759013132
|move|p1a: Ludicolo|Ice Beam|p2a: Nyeh!
|-supereffective|p2a: Nyeh!
|-damage|p2a: Nyeh!|0 fnt
|faint|p2a: Nyeh!
|-damage|p1a: Ludicolo|3/100|[from] item: Life Orb
|
|-weather|RainDance|[upkeep]
|upkeep
|
|t:|1759013139
|switch|p2a: Tralala|Primarina, M, shiny|100/100
|turn|9
|
|t:|1759013143
|move|p1a: Ludicolo|Energy Ball|p2a: Tralala
|-supereffective|p2a: Tralala
|-damage|p2a: Tralala|23/100
|-unboost|p2a: Tralala|spd|1
|-damage|p1a: Ludicolo|0 fnt|[from] item: Life Orb
|faint|p1a: Ludicolo
|move|p2a: Tralala|Hyper Voice|p1: Ludicolo|[notarget]
|-fail|p2a: Tralala
|
|-weather|RainDance|[upkeep]
|-heal|p2a: Tralala|29/100|[from] item: Leftovers
|upkeep
|
|t:|1759013157
|switch|p1a: Rillaboom|Rillaboom, M|100/100
|-damage|p1a: Rillaboom|88/100|[from] Stealth Rock
|-fieldstart|move: Grassy Terrain|[from] ability: Grassy Surge|[of] p1a: Rillaboom
|turn|10
|
|t:|1759013164
|switch|p2a: Pew|Dragapult, M, shiny|100/100
|move|p1a: Rillaboom|Drum Beating|p2a: Pew
|-resisted|p2a: Pew
|-damage|p2a: Pew|45/100
|-unboost|p2a: Pew|spe|1
|
|-weather|none
|-heal|p2a: Pew|51/100|[from] Grassy Terrain
|-heal|p1a: Rillaboom|94/100|[from] Grassy Terrain
|upkeep
|turn|11
|
|t:|1759013173
|move|p2a: Pew|Dragon Darts|p1a: Rillaboom
|-damage|p1a: Rillaboom|55/100
|-anim|p2a: Pew|Dragon Darts|p1a: Rillaboom
|-damage|p1a: Rillaboom|12/100
|move|p1a: Rillaboom|Drum Beating|p2a: Pew
|-resisted|p2a: Pew
|-damage|p2a: Pew|0 fnt
|faint|p2a: Pew
|
|-heal|p1a: Rillaboom|19/100|[from] Grassy Terrain
|upkeep
|
|t:|1759013182
|switch|p2a: UFO|Iron Moth, shiny|100/100
|-enditem|p2a: UFO|Booster Energy
|-activate|p2a: UFO|ability: Quark Drive|[fromitem]
|-start|p2a: UFO|quarkdrivespa
|turn|12
|
|t:|1759013187
|switch|p1a: Incineroar|Incineroar, M|100/100
|-damage|p1a: Incineroar|76/100|[from] Stealth Rock
|-ability|p1a: Incineroar|Intimidate|boost
|-unboost|p2a: UFO|atk|1
|move|p2a: UFO|Sludge Wave|p1a: Incineroar
|-damage|p1a: Incineroar|11/100
|
|-heal|p1a: Incineroar|17/100|[from] Grassy Terrain
|upkeep
|turn|13
|
|t:|1759013196
|move|p1a: Incineroar|Fake Out|p2a: UFO
|-damage|p2a: UFO|76/100
|cant|p2a: UFO|flinch
|
|-heal|p2a: UFO|82/100|[from] Grassy Terrain
|-heal|p1a: Incineroar|23/100|[from] Grassy Terrain
|upkeep
|turn|14
|
|t:|1759013205
|move|p2a: UFO|Sludge Wave|p1a: Incineroar
|-crit|p1a: Incineroar
|-damage|p1a: Incineroar|0 fnt
|faint|p1a: Incineroar
|
|-heal|p2a: UFO|88/100|[from] Grassy Terrain
|-fieldend|move: Grassy Terrain
|upkeep
|
|t:|1759013210
|switch|p1a: Primarina|Primarina, F|100/100
|-damage|p1a: Primarina|88/100|[from] Stealth Rock
|turn|15
|
|t:|1759013214
|-terastallize|p1a: Primarina|Water
|move|p2a: UFO|Sludge Wave|p1a: Primarina
|-damage|p1a: Primarina|35/100
|move|p1a: Primarina|Surf|p2a: UFO
|-supereffective|p2a: UFO
|-damage|p2a: UFO|0 fnt
|faint|p2a: UFO
|-end|p2a: UFO|Quark Drive|[silent]
|-damage|p1a: Primarina|25/100|[from] item: Life Orb
|
|upkeep
|
|t:|1759013223
|switch|p2a: Eugene|Gholdengo|100/100
|-item|p2a: Eugene|Air Balloon
|turn|16
|
|t:|1759013228
|move|p2a: Eugene|Nasty Plot|p2a: Eugene
|-boost|p2a: Eugene|spa|2
|move|p1a: Primarina|Surf|p2a: Eugene
|-damage|p2a: Eugene|0 fnt
|-enditem|p2a: Eugene|Air Balloon
|faint|p2a: Eugene
|-damage|p1a: Primarina|15/100|[from] item: Life Orb
|
|upkeep
|-message|Iron Nubulis forfeited.
|
|win|arvends5
|raw|arvends5's rating: 1218 &rarr; <strong>1245</strong><br />(+27 for winning)
|raw|Iron Nubulis's rating: 1239 &rarr; <strong>1212</strong><br />(-27 for losing)
|l|☆Iron Nubulis
|player|p2|
|l|☆arvends5
|player|p1|
