|j|☆Marquin (Opera)
|j|☆yamadakouta
|t:|1759032445
|gametype|singles
|player|p1|Marquin (Opera)|ltsurge|1169
|player|p2|yamadakouta|169|1149
|gen|9
|tier|[Gen 9] OU
|rated|
|rule|HP Percentage Mod: HP is shown in percentages
|rule|Endless Battle Clause: Forcing endless battles is banned
|rule|Species Clause: Limit one of each Pokémon
|rule|OHKO Clause: OHKO moves are banned
|rule|Evasion Items Clause: Evasion items are banned
|rule|Evasion Moves Clause: Evasion moves are banned
|rule|Evasion Abilities Clause: Evasion abilities are banned
|rule|Sleep Moves Clause: Sleep-inducing moves are banned
|clearpoke
|poke|p1|Pelipper, M|
|poke|p1|Kingdra, M|
|poke|p1|Scizor, F|
|poke|p1|Gliscor, M|
|poke|p1|Tentacruel, F|
|poke|p1|Serperior, F|
|poke|p2|Cinderace, M|
|poke|p2|Lurantis, M|
|poke|p2|Glimmora, M|
|poke|p2|Raging Bolt|
|poke|p2|Staraptor, M|
|poke|p2|Scizor, M|
|teampreview
|
|t:|1759032453
|teamsize|p1|6
|teamsize|p2|6
|start
|switch|p1a: Pelipper|Pelipper, M|100/100
|switch|p2a: Lurantis|Lurantis, M, shiny|100/100
|-weather|RainDance|[from] ability: Drizzle|[of] p1a: Pelipper
|turn|1
|inactive|Battle timer is ON: inactive players will automatically lose when time's up. (requested by Marquin (Opera))
|
|t:|1759032466
|move|p2a: Lurantis|Superpower|p1a: Pelipper
|-resisted|p1a: Pelipper
|-damage|p1a: Pelipper|89/100
|-boost|p2a: Lurantis|atk|1
|-boost|p2a: Lurantis|def|1
|move|p1a: Pelipper|Hurricane|p2a: Lurantis
|-supereffective|p2a: Lurantis
|-damage|p2a: Lurantis|4/100
|-enditem|p2a: Lurantis|Sitrus Berry|[eat]
|-heal|p2a: Lurantis|29/100|[from] item: Sitrus Berry
|
|-weather|RainDance|[upkeep]
|upkeep
|turn|2
|
|t:|1759032480
|move|p2a: Lurantis|Leaf Blade|p1a: Pelipper
|-crit|p1a: Pelipper
|-damage|p1a: Pelipper|26/100
|move|p1a: Pelipper|Hurricane|p2a: Lurantis
|-supereffective|p2a: Lurantis
|-damage|p2a: Lurantis|0 fnt
|faint|p2a: Lurantis
|
|-weather|RainDance|[upkeep]
|upkeep
|
|t:|1759032489
|switch|p2a: Glimmora|Glimmora, M|100/100
|turn|3
|
|t:|1759032492
|move|p2a: Glimmora|Spiky Shield|p2a: Glimmora
|-singleturn|p2a: Glimmora|move: Protect
|move|p1a: Pelipper|Weather Ball|p2a: Glimmora
|-activate|p2a: Glimmora|move: Protect
|
|-weather|RainDance|[upkeep]
|upkeep
|turn|4
|
|t:|1759032505
|switch|p1a: Scizor|Scizor, F|100/100
|move|p2a: Glimmora|Stealth Rock|p1a: Scizor
|-sidestart|p1: Marquin (Opera)|move: Stealth Rock
|
|-weather|RainDance|[upkeep]
|upkeep
|turn|5
|
|t:|1759032514
|switch|p2a: Cinderace|Cinderace, M|100/100
|move|p1a: Scizor|Swords Dance|p1a: Scizor
|-boost|p1a: Scizor|atk|2
|
|-weather|RainDance|[upkeep]
|upkeep
|turn|6
|
|t:|1759032527
|move|p1a: Scizor|Bullet Punch|p2a: Cinderace
|-resisted|p2a: Cinderace
|-damage|p2a: Cinderace|56/100
|move|p2a: Cinderace|Pyro Ball|p1a: Scizor
|-supereffective|p1a: Scizor
|-damage|p1a: Scizor|0 fnt
|faint|p1a: Scizor
|-damage|p2a: Cinderace|46/100|[from] item: Life Orb
|
|-weather|RainDance|[upkeep]
|upkeep
|
|t:|1759032532
|switch|p1a: Kingdra|Kingdra, M|100/100
|-damage|p1a: Kingdra|88/100|[from] Stealth Rock
|turn|7
|
|t:|1759032538
|switch|p2a: Glimmora|Glimmora, M|100/100
|move|p1a: Kingdra|Surf|p2a: Glimmora
|-supereffective|p2a: Glimmora
|-enditem|p2a: Glimmora|Focus Sash
|-damage|p2a: Glimmora|1/100
|-damage|p1a: Kingdra|78/100|[from] item: Life Orb
|
|-weather|RainDance|[upkeep]
|upkeep
|turn|8
|
|t:|1759032549
|move|p2a: Glimmora|Spiky Shield|p2a: Glimmora
|-singleturn|p2a: Glimmora|move: Protect
|move|p1a: Kingdra|Surf|p2a: Glimmora
|-activate|p2a: Glimmora|move: Protect
|
|-weather|none
|upkeep
|turn|9
|
|t:|1759032557
|move|p2a: Glimmora|Power Gem|p1a: Kingdra
|-damage|p1a: Kingdra|27/100
|move|p1a: Kingdra|Surf|p2a: Glimmora
|-supereffective|p2a: Glimmora
|-damage|p2a: Glimmora|0 fnt
|faint|p2a: Glimmora
|-damage|p1a: Kingdra|17/100|[from] item: Life Orb
|
|upkeep
|
|t:|1759032574
|switch|p2a: Staraptor|Staraptor, M|100/100
|turn|10
|
|t:|1759032581
|switch|p1a: Gliscor|Gliscor, M|100/100
|-damage|p1a: Gliscor|88/100|[from] Stealth Rock
|move|p2a: Staraptor|Brave Bird|p1a: Gliscor
|-damage|p1a: Gliscor|46/100
|-damage|p2a: Staraptor|85/100|[from] Recoil
|
|-status|p1a: Gliscor|tox|[from] item: Toxic Orb
|upkeep
|turn|11
|
|t:|1759032592
|move|p1a: Gliscor|Protect|p1a: Gliscor
|-singleturn|p1a: Gliscor|Protect
|move|p2a: Staraptor|Brave Bird|p1a: Gliscor
|-activate|p1a: Gliscor|move: Protect
|
|-heal|p1a: Gliscor|59/100 tox|[from] ability: Poison Heal
|upkeep
|turn|12
|
|t:|1759032599
|move|p2a: Staraptor|Brave Bird|p1a: Gliscor
|-damage|p1a: Gliscor|15/100 tox
|-damage|p2a: Staraptor|68/100|[from] Recoil
|move|p1a: Gliscor|Stealth Rock|p2a: Staraptor
|-sidestart|p2: yamadakouta|move: Stealth Rock
|
|-heal|p1a: Gliscor|28/100 tox|[from] ability: Poison Heal
|upkeep
|turn|13
|
|t:|1759032607
|move|p1a: Gliscor|Protect|p1a: Gliscor
|-singleturn|p1a: Gliscor|Protect
|move|p2a: Staraptor|Brave Bird|p1a: Gliscor
|-activate|p1a: Gliscor|move: Protect
|
|-heal|p1a: Gliscor|40/100 tox|[from] ability: Poison Heal
|upkeep
|turn|14
|
|t:|1759032621
|switch|p1a: Pelipper|Pelipper, M|26/100
|-damage|p1a: Pelipper|2/100|[from] Stealth Rock
|-weather|RainDance|[from] ability: Drizzle|[of] p1a: Pelipper
|move|p2a: Staraptor|Brave Bird|p1a: Pelipper
|-damage|p1a: Pelipper|0 fnt
|faint|p1a: Pelipper
|-damage|p2a: Staraptor|68/100|[from] Recoil
|
|-weather|RainDance|[upkeep]
|upkeep
|
|t:|1759032628
|switch|p1a: Kingdra|Kingdra, M|17/100
|-damage|p1a: Kingdra|5/100|[from] Stealth Rock
|turn|15
|
|t:|1759032635
|move|p1a: Kingdra|Surf|p2a: Staraptor
|-damage|p2a: Staraptor|0 fnt
|faint|p2a: Staraptor
|-damage|p1a: Kingdra|0 fnt|[from] item: Life Orb
|faint|p1a: Kingdra
|
|-weather|RainDance|[upkeep]
|upkeep
|
|t:|1759032642
|switch|p2a: Cinderace|Cinderace, M|46/100
|switch|p1a: Tentacruel|Tentacruel, F|100/100
|-damage|p2a: Cinderace|21/100|[from] Stealth Rock
|-damage|p1a: Tentacruel|88/100|[from] Stealth Rock
|turn|16
|
|t:|1759032649
|move|p2a: Cinderace|Sucker Punch|p1a: Tentacruel
|-start|p2a: Cinderace|typechange|Dark|[from] ability: Libero
|-damage|p1a: Tentacruel|21/100
|-damage|p2a: Cinderace|11/100|[from] item: Life Orb
|move|p1a: Tentacruel|Surf|p2a: Cinderace
|-damage|p2a: Cinderace|0 fnt
|faint|p2a: Cinderace
|
|-weather|RainDance|[upkeep]
|-heal|p1a: Tentacruel|27/100|[from] ability: Rain Dish
|-heal|p1a: Tentacruel|33/100|[from] item: Leftovers
|upkeep
|
|t:|1759032668
|switch|p2a: Raging Bolt|Raging Bolt|100/100
|-damage|p2a: Raging Bolt|88/100|[from] Stealth Rock
|-enditem|p2a: Raging Bolt|Booster Energy
|-activate|p2a: Raging Bolt|ability: Protosynthesis|[fromitem]
|-start|p2a: Raging Bolt|protosynthesisspa
|turn|17
|
|t:|1759032675
|move|p1a: Tentacruel|Ice Beam|p2a: Raging Bolt
|-supereffective|p2a: Raging Bolt
|-damage|p2a: Raging Bolt|46/100
|move|p2a: Raging Bolt|Calm Mind|p2a: Raging Bolt
|-boost|p2a: Raging Bolt|spa|1
|-boost|p2a: Raging Bolt|spd|1
|
|-weather|RainDance|[upkeep]
|-heal|p1a: Tentacruel|39/100|[from] ability: Rain Dish
|-heal|p1a: Tentacruel|45/100|[from] item: Leftovers
|upkeep
|turn|18
|
|t:|1759032685
|move|p2a: Raging Bolt|Thunderclap|p1a: Tentacruel
|-supereffective|p1a: Tentacruel
|-damage|p1a: Tentacruel|0 fnt
|faint|p1a: Tentacruel
|
|-weather|RainDance|[upkeep]
|upkeep
|
|t:|1759032692
|switch|p1a: Serperior|Serperior, F|100/100
|-damage|p1a: Serperior|88/100|[from] Stealth Rock
|turn|19
|
|t:|1759032700
|move|p1a: Serperior|Dragon Pulse|p2a: Raging Bolt
|-supereffective|p2a: Raging Bolt
|-damage|p2a: Raging Bolt|20/100
|move|p2a: Raging Bolt|Dragon Pulse|p1a: Serperior
|-damage|p1a: Serperior|0 fnt
|faint|p1a: Serperior
|
|-weather|RainDance|[upkeep]
|upkeep
|
|t:|1759032707
|switch|p1a: Gliscor|Gliscor, M|40/100 tox
|-damage|p1a: Gliscor|28/100 tox|[from] Stealth Rock
|turn|20
|
|t:|1759032714
|-terastallize|p2a: Raging Bolt|Bug
|move|p1a: Gliscor|Protect|p1a: Gliscor
|-singleturn|p1a: Gliscor|Protect
|move|p2a: Raging Bolt|Dragon Pulse|p1a: Gliscor
|-activate|p1a: Gliscor|move: Protect
|
|-weather|RainDance|[upkeep]
|-heal|p1a: Gliscor|40/100 tox|[from] ability: Poison Heal
|upkeep
|turn|21
|
|t:|1759032723
|move|p1a: Gliscor|Earthquake|p2a: Raging Bolt
|-resisted|p2a: Raging Bolt
|-damage|p2a: Raging Bolt|6/100
|move|p2a: Raging Bolt|Dragon Pulse|p1a: Gliscor
|-damage|p1a: Gliscor|0 fnt
|faint|p1a: Gliscor
|
|win|yamadakouta
|raw|Marquin (Opera)'s rating: 1169 &rarr; <strong>1143</strong><br />(-26 for losing)
|raw|yamadakouta's rating: 1149 &rarr; <strong>1175</strong><br />(+26 for winning)
|l|☆Marquin (Opera)
|player|p1|
|l|☆yamadakouta
|player|p2|
