|j|☆Palm X
|j|☆pikalyte3
|t:|1759004112
|gametype|singles
|player|p1|Palm X|caitlin|1518
|player|p2|pikalyte3|dancer|1557
|gen|9
|tier|[Gen 9] OU
|rated|
|rule|HP Percentage Mod: HP is shown in percentages
|rule|Endless Battle Clause: Forcing endless battles is banned
|rule|Species Clause: Limit one of each Pokémon
|rule|OHKO Clause: OHKO moves are banned
|rule|Evasion Items Clause: Evasion items are banned
|rule|Evasion Moves Clause: Evasion moves are banned
|rule|Evasion Abilities Clause: Evasion abilities are banned
|rule|Sleep Moves Clause: Sleep-inducing moves are banned
|clearpoke
|poke|p1|Cinderace, M|
|poke|p1|Ting-Lu|
|poke|p1|Alomomola, F|
|poke|p1|Slowking-Galar, F|
|poke|p1|Zamazenta-*|
|poke|p1|Iron Valiant|
|poke|p2|Samurott-Hisui, F|
|poke|p2|Landorus-Therian, M|
|poke|p2|Iron Moth|
|poke|p2|Darkrai|
|poke|p2|Kingambit, M|
|poke|p2|Iron Valiant|
|teampreview
|inactive|Battle timer is ON: inactive players will automatically lose when time's up. (requested by Palm X)
|
|t:|1759004142
|teamsize|p1|6
|teamsize|p2|6
|start
|switch|p1a: Percules|Cinderace, M|100/100
|switch|p2a: Samurott|Samurott-Hisui, F|100/100
|turn|1
|
|t:|1759004150
|move|p1a: Percules|Will-O-Wisp|p2a: Samurott
|-status|p2a: Samurott|brn
|move|p2a: Samurott|Knock Off|p1a: Percules
|-damage|p1a: Percules|71/100
|-enditem|p1a: Percules|Heavy-Duty Boots|[from] move: Knock Off|[of] p2a: Samurott
|
|-damage|p2a: Samurott|94/100 brn|[from] brn
|upkeep
|turn|2
|
|t:|1759004152
|move|p1a: Percules|U-turn|p2a: Samurott
|-start|p1a: Percules|typechange|Bug|[from] ability: Libero
|-supereffective|p2a: Samurott
|-damage|p2a: Samurott|8/100 brn
|
|t:|1759004156
|switch|p1a: What Is An Opp|Alomomola, F|100/100|[from] U-turn
|move|p2a: Samurott|Ceaseless Edge|p1a: What Is An Opp
|-damage|p1a: What Is An Opp|89/100
|-damage|p2a: Samurott|0 fnt|[from] item: Rocky Helmet|[of] p1a: What Is An Opp
|faint|p2a: Samurott
|
|upkeep
|
|t:|1759004164
|switch|p2a: Darkrai|Darkrai|100/100
|turn|3
|
|t:|1759004167
|move|p2a: Darkrai|Nasty Plot|p2a: Darkrai
|-boost|p2a: Darkrai|spa|2
|move|p1a: What Is An Opp|Flip Turn|p2a: Darkrai
|-damage|p2a: Darkrai|80/100
|
|t:|1759004178
|switch|p1a: LuLu on dat BUTT|Ting-Lu|100/100|[from] Flip Turn
|-ability|p1a: LuLu on dat BUTT|Vessel of Ruin
|
|upkeep
|turn|4
|
|t:|1759004181
|move|p2a: Darkrai|Ice Beam|p1a: LuLu on dat BUTT
|-supereffective|p1a: LuLu on dat BUTT
|-damage|p1a: LuLu on dat BUTT|24/100
|-status|p1a: LuLu on dat BUTT|frz
|-damage|p2a: Darkrai|70/100|[from] item: Life Orb
|cant|p1a: LuLu on dat BUTT|frz
|
|-heal|p1a: LuLu on dat BUTT|31/100 frz|[from] item: Leftovers
|upkeep
|turn|5
|
|t:|1759004188
|move|p2a: Darkrai|Ice Beam|p1a: LuLu on dat BUTT
|-supereffective|p1a: LuLu on dat BUTT
|-damage|p1a: LuLu on dat BUTT|0 fnt
|faint|p1a: LuLu on dat BUTT
|-damage|p2a: Darkrai|60/100|[from] item: Life Orb
|
|upkeep
|
|t:|1759004192
|switch|p1a: Cap. Tin America|Iron Valiant|100/100
|turn|6
|c|☆pikalyte3|mb
|
|t:|1759004203
|switch|p2a: Iron Moth|Iron Moth|100/100
|-enditem|p2a: Iron Moth|Booster Energy
|-activate|p2a: Iron Moth|ability: Quark Drive|[fromitem]
|-start|p2a: Iron Moth|quarkdrivespe
|move|p1a: Cap. Tin America|Vacuum Wave|p2a: Iron Moth
|-resisted|p2a: Iron Moth
|-damage|p2a: Iron Moth|86/100
|
|upkeep
|turn|7
|
|t:|1759004214
|-end|p1a: Cap. Tin America|Quark Drive|[silent]
|switch|p1a: Drank Man Please|Slowking-Galar, F|100/100
|move|p2a: Iron Moth|Substitute|p2a: Iron Moth
|-start|p2a: Iron Moth|Substitute
|-damage|p2a: Iron Moth|61/100
|
|upkeep
|turn|8
|
|t:|1759004218
|move|p2a: Iron Moth|Fiery Dance|p1a: Drank Man Please
|-damage|p1a: Drank Man Please|77/100
|move|p1a: Drank Man Please|Future Sight|p2a: Iron Moth
|-start|p1a: Drank Man Please|move: Future Sight
|
|upkeep
|turn|9
|
|t:|1759004223
|move|p2a: Iron Moth|Fiery Dance|p1a: Drank Man Please
|-damage|p1a: Drank Man Please|52/100
|move|p1a: Drank Man Please|Sludge Bomb|p2a: Iron Moth
|-resisted|p2a: Iron Moth
|-activate|p2a: Iron Moth|move: Substitute|[damage]
|
|upkeep
|turn|10
|
|t:|1759004232
|-end|p2a: Iron Moth|Quark Drive|[silent]
|switch|p2a: Kingambit|Kingambit, M|100/100
|-activate|p2a: Kingambit|ability: Supreme Overlord
|-start|p2a: Kingambit|fallen1|[silent]
|-item|p2a: Kingambit|Air Balloon
|move|p1a: Drank Man Please|Sludge Bomb|p2a: Kingambit
|-immune|p2a: Kingambit
|
|-end|p2a: Kingambit|move: Future Sight
|-immune|p2a: Kingambit
|upkeep
|turn|11
|
|t:|1759004246
|switch|p1a: What Is An Opp|Alomomola, F|100/100
|move|p2a: Kingambit|Swords Dance|p2a: Kingambit
|-boost|p2a: Kingambit|atk|2
|
|upkeep
|turn|12
|
|t:|1759004251
|move|p2a: Kingambit|Kowtow Cleave|p1a: What Is An Opp
|-damage|p1a: What Is An Opp|44/100
|-damage|p2a: Kingambit|84/100|[from] item: Rocky Helmet|[of] p1a: What Is An Opp
|move|p1a: What Is An Opp|Flip Turn|p2a: Kingambit
|-damage|p2a: Kingambit|72/100
|-enditem|p2a: Kingambit|Air Balloon
|
|t:|1759004259
|switch|p1a: Percules|Cinderace, M|71/100|[from] Flip Turn
|
|upkeep
|turn|13
|
|t:|1759004266
|-end|p2a: Kingambit|fallen1|[silent]
|switch|p2a: land rover|Landorus-Therian, M|100/100
|-ability|p2a: land rover|Intimidate|boost
|-unboost|p1a: Percules|atk|1
|move|p1a: Percules|Will-O-Wisp|p2a: land rover
|-status|p2a: land rover|brn
|
|-damage|p2a: land rover|95/100 brn|[from] brn
|upkeep
|turn|14
|
|t:|1759004270
|switch|p1a: Drank Man Please|Slowking-Galar, F|85/100
|move|p2a: land rover|Earth Power|p1a: Drank Man Please
|-supereffective|p1a: Drank Man Please
|-damage|p1a: Drank Man Please|42/100
|
|-damage|p2a: land rover|89/100 brn|[from] brn
|upkeep
|turn|15
|
|t:|1759004275
|move|p2a: land rover|Earth Power|p1a: Drank Man Please
|-supereffective|p1a: Drank Man Please
|-damage|p1a: Drank Man Please|0 fnt
|faint|p1a: Drank Man Please
|
|-damage|p2a: land rover|83/100 brn|[from] brn
|upkeep
|
|t:|1759004280
|switch|p1a: Cap. Tin America|Iron Valiant|100/100
|turn|16
|
|t:|1759004284
|move|p1a: Cap. Tin America|Moonblast|p2a: land rover
|-damage|p2a: land rover|0 fnt
|faint|p2a: land rover
|
|upkeep
|
|t:|1759004288
|switch|p2a: Iron Moth|Iron Moth|61/100
|turn|17
|
|t:|1759004292
|-end|p1a: Cap. Tin America|Quark Drive|[silent]
|switch|p1a: Percules|Cinderace, M|71/100
|move|p2a: Iron Moth|Sludge Wave|p1a: Percules
|-damage|p1a: Percules|0 fnt
|faint|p1a: Percules
|
|upkeep
|
|t:|1759004294
|switch|p1a: BillionsMustIDef|Zamazenta|100/100
|-ability|p1a: BillionsMustIDef|Dauntless Shield|boost
|-boost|p1a: BillionsMustIDef|def|1
|turn|18
|
|t:|1759004299
|move|p1a: BillionsMustIDef|Stone Edge|p2a: Iron Moth|[miss]
|-miss|p1a: BillionsMustIDef|p2a: Iron Moth
|move|p2a: Iron Moth|Dazzling Gleam|p1a: BillionsMustIDef
|-supereffective|p1a: BillionsMustIDef
|-damage|p1a: BillionsMustIDef|58/100
|
|-heal|p1a: BillionsMustIDef|64/100|[from] item: Leftovers
|upkeep
|turn|19
|
|t:|1759004302
|move|p1a: BillionsMustIDef|Stone Edge|p2a: Iron Moth
|-supereffective|p2a: Iron Moth
|-damage|p2a: Iron Moth|0 fnt
|faint|p2a: Iron Moth
|-end|p2a: Iron Moth|Quark Drive|[silent]
|
|-heal|p1a: BillionsMustIDef|70/100|[from] item: Leftovers
|upkeep
|
|t:|1759004308
|switch|p2a: Iron Valiant|Iron Valiant|100/100
|-enditem|p2a: Iron Valiant|Booster Energy
|-activate|p2a: Iron Valiant|ability: Quark Drive|[fromitem]
|-start|p2a: Iron Valiant|quarkdrivespe
|turn|20
|
|t:|1759004312
|switch|p1a: What Is An Opp|Alomomola, F|77/100
|move|p2a: Iron Valiant|Moonblast|p1a: What Is An Opp
|-damage|p1a: What Is An Opp|28/100
|-unboost|p1a: What Is An Opp|spa|1
|
|upkeep
|turn|21
|
|t:|1759004316
|move|p2a: Iron Valiant|Moonblast|p1a: What Is An Opp
|-damage|p1a: What Is An Opp|0 fnt
|faint|p1a: What Is An Opp
|
|upkeep
|
|t:|1759004321
|switch|p1a: Cap. Tin America|Iron Valiant|100/100
|turn|22
|
|t:|1759004339
|-terastallize|p1a: Cap. Tin America|Ghost
|move|p2a: Iron Valiant|Moonblast|p1a: Cap. Tin America
|-damage|p1a: Cap. Tin America|24/100
|move|p1a: Cap. Tin America|Shadow Ball|p2a: Iron Valiant
|-damage|p2a: Iron Valiant|0 fnt
|faint|p2a: Iron Valiant
|-end|p2a: Iron Valiant|Quark Drive|[silent]
|
|upkeep
|
|t:|1759004347
|switch|p2a: Darkrai|Darkrai|60/100
|turn|23
|
|t:|1759004350
|move|p2a: Darkrai|Ice Beam|p1a: Cap. Tin America
|-damage|p1a: Cap. Tin America|0 fnt
|faint|p1a: Cap. Tin America
|-end|p1a: Cap. Tin America|Quark Drive|[silent]
|-damage|p2a: Darkrai|50/100|[from] item: Life Orb
|
|upkeep
|
|t:|1759004352
|switch|p1a: BillionsMustIDef|Zamazenta|70/100
|turn|24
|
|t:|1759004356
|move|p1a: BillionsMustIDef|Iron Defense|p1a: BillionsMustIDef
|-boost|p1a: BillionsMustIDef|def|2
|move|p2a: Darkrai|Will-O-Wisp|p1a: BillionsMustIDef
|-status|p1a: BillionsMustIDef|brn
|
|-heal|p1a: BillionsMustIDef|76/100 brn|[from] item: Leftovers
|-damage|p1a: BillionsMustIDef|70/100 brn|[from] brn
|upkeep
|turn|25
|
|t:|1759004359
|move|p1a: BillionsMustIDef|Body Press|p2a: Darkrai
|-supereffective|p2a: Darkrai
|-damage|p2a: Darkrai|0 fnt
|faint|p2a: Darkrai
|
|-heal|p1a: BillionsMustIDef|76/100 brn|[from] item: Leftovers
|-damage|p1a: BillionsMustIDef|70/100 brn|[from] brn
|upkeep
|
|t:|1759004361
|switch|p2a: Kingambit|Kingambit, M|72/100
|-activate|p2a: Kingambit|ability: Supreme Overlord
|-start|p2a: Kingambit|fallen5|[silent]
|turn|26
|
|t:|1759004365
|-terastallize|p2a: Kingambit|Fairy
|move|p1a: BillionsMustIDef|Iron Defense|p1a: BillionsMustIDef
|-boost|p1a: BillionsMustIDef|def|2
|move|p2a: Kingambit|Swords Dance|p2a: Kingambit
|-boost|p2a: Kingambit|atk|2
|
|-heal|p1a: BillionsMustIDef|76/100 brn|[from] item: Leftovers
|-damage|p1a: BillionsMustIDef|70/100 brn|[from] brn
|upkeep
|turn|27
|
|t:|1759004369
|move|p1a: BillionsMustIDef|Iron Defense|p1a: BillionsMustIDef
|-boost|p1a: BillionsMustIDef|def|2
|move|p2a: Kingambit|Tera Blast|p1a: BillionsMustIDef|[anim] Tera Blast Fairy
|-supereffective|p1a: BillionsMustIDef
|-damage|p1a: BillionsMustIDef|14/100 brn
|
|-heal|p1a: BillionsMustIDef|20/100 brn|[from] item: Leftovers
|-damage|p1a: BillionsMustIDef|14/100 brn|[from] brn
|upkeep
|turn|28
|
|t:|1759004372
|move|p1a: BillionsMustIDef|Body Press|p2a: Kingambit
|-resisted|p2a: Kingambit
|-damage|p2a: Kingambit|46/100
|move|p2a: Kingambit|Tera Blast|p1a: BillionsMustIDef|[anim] Tera Blast Fairy
|-supereffective|p1a: BillionsMustIDef
|-damage|p1a: BillionsMustIDef|0 fnt
|faint|p1a: BillionsMustIDef
|
|win|pikalyte3
|raw|Palm X's rating: 1518 &rarr; <strong>1500</strong><br />(-18 for losing)
|raw|pikalyte3's rating: 1557 &rarr; <strong>1575</strong><br />(+18 for winning)
|l|☆Palm X
|player|p1|
