|j|☆TEATRERO MUGROSO
|j|☆SunoShiroko
|t:|1758975288
|gametype|singles
|player|p1|TEATRERO MUGROSO|cynthia-gen4|1279
|player|p2|SunoShiroko|roxie|1348
|gen|9
|tier|[Gen 9] OU
|rated|
|rule|HP Percentage Mod: HP is shown in percentages
|rule|Endless Battle Clause: Forcing endless battles is banned
|rule|Species Clause: Limit one of each Pokémon
|rule|OHKO Clause: OHKO moves are banned
|rule|Evasion Items Clause: Evasion items are banned
|rule|Evasion Moves Clause: Evasion moves are banned
|rule|Evasion Abilities Clause: Evasion abilities are banned
|rule|Sleep Moves Clause: Sleep-inducing moves are banned
|clearpoke
|poke|p1|Clefable, M|
|poke|p1|Blastoise, F|
|poke|p1|Gengar, F|
|poke|p1|Magneton|
|poke|p1|Dragonite, M|
|poke|p1|Moltres|
|poke|p2|Dragapult, M|
|poke|p2|Glimmora, M|
|poke|p2|Comfey, M|
|poke|p2|Kingambit, M|
|poke|p2|Ogerpon-Wellspring, F|
|poke|p2|Blaziken, M|
|teampreview
|inactive|Battle timer is ON: inactive players will automatically lose when time's up. (requested by TEATRERO MUGROSO)
|inactive|SunoShiroko also wants the timer to be on.
|
|t:|1758975296
|teamsize|p1|6
|teamsize|p2|6
|start
|switch|p1a: Gengar|Gengar, F|100/100
|switch|p2a: Glimmora|Glimmora, M, shiny|100/100
|turn|1
|
|t:|1758975304
|move|p1a: Gengar|Shadow Ball|p2a: Glimmora
|-damage|p2a: Glimmora|56/100
|-unboost|p2a: Glimmora|spd|1
|-enditem|p2a: Glimmora|Red Card|[of] p1a: Gengar
|drag|p1a: Dragonite|Dragonite, M|100/100
|move|p2a: Glimmora|Stealth Rock|p1a: Dragonite
|-sidestart|p1: TEATRERO MUGROSO|move: Stealth Rock
|
|upkeep
|turn|2
|
|t:|1758975312
|move|p1a: Dragonite|Earthquake|p2a: Glimmora
|-supereffective|p2a: Glimmora
|-damage|p2a: Glimmora|0 fnt
|-activate|p2a: Glimmora|ability: Toxic Debris
|-sidestart|p1: TEATRERO MUGROSO|move: Toxic Spikes
|faint|p2a: Glimmora
|
|upkeep
|
|t:|1758975318
|switch|p2a: Dragapult|Dragapult, M, shiny|100/100
|turn|3
|
|t:|1758975324
|switch|p1a: Clefable|Clefable, M|100/100
|-damage|p1a: Clefable|88/100|[from] Stealth Rock
|-status|p1a: Clefable|psn
|move|p2a: Dragapult|Dragon Darts|p1a: Clefable
|-immune|p1a: Clefable
|
|-heal|p1a: Clefable|94/100 psn|[from] item: Leftovers
|-damage|p1a: Clefable|82/100 psn|[from] psn
|upkeep
|turn|4
|
|t:|1758975337
|switch|p2a: Kingambit|Kingambit, M, shiny|100/100
|-activate|p2a: Kingambit|ability: Supreme Overlord
|-start|p2a: Kingambit|fallen1|[silent]
|move|p1a: Clefable|Stealth Rock|p2a: Kingambit
|-sidestart|p2: SunoShiroko|move: Stealth Rock
|
|-heal|p1a: Clefable|88/100 psn|[from] item: Leftovers
|-damage|p1a: Clefable|75/100 psn|[from] psn
|upkeep
|turn|5
|
|t:|1758975349
|switch|p1a: Moltres|Moltres|100/100
|move|p2a: Kingambit|Swords Dance|p2a: Kingambit
|-boost|p2a: Kingambit|atk|2
|
|upkeep
|turn|6
|
|t:|1758975355
|-end|p2a: Kingambit|fallen1|[silent]
|switch|p2a: Ogerpon|Ogerpon-Wellspring, F|100/100
|-damage|p2a: Ogerpon|88/100|[from] Stealth Rock
|move|p1a: Moltres|Will-O-Wisp|p2a: Ogerpon
|-status|p2a: Ogerpon|brn
|
|-damage|p2a: Ogerpon|82/100 brn|[from] brn
|upkeep
|turn|7
|
|t:|1758975365
|move|p2a: Ogerpon|Spikes|p1a: Moltres
|-sidestart|p1: TEATRERO MUGROSO|Spikes
|move|p1a: Moltres|Air Slash|p2a: Ogerpon|[miss]
|-miss|p1a: Moltres|p2a: Ogerpon
|
|-damage|p2a: Ogerpon|76/100 brn|[from] brn
|upkeep
|turn|8
|
|t:|1758975372
|switch|p1a: Blastoise|Blastoise, F|100/100
|-damage|p1a: Blastoise|88/100|[from] Stealth Rock
|-status|p1a: Blastoise|psn
|-damage|p1a: Blastoise|76/100 psn|[from] Spikes
|move|p2a: Ogerpon|Ivy Cudgel|p1a: Blastoise|[anim] Ivy Cudgel Water
|-resisted|p1a: Blastoise
|-damage|p1a: Blastoise|65/100 psn
|
|-heal|p1a: Blastoise|71/100 psn|[from] item: Leftovers
|-damage|p1a: Blastoise|59/100 psn|[from] psn
|-damage|p2a: Ogerpon|70/100 brn|[from] brn
|upkeep
|turn|9
|
|t:|1758975385
|move|p2a: Ogerpon|Taunt|p1a: Blastoise
|-start|p1a: Blastoise|move: Taunt
|move|p1a: Blastoise|Rapid Spin|p2a: Ogerpon
|-damage|p2a: Ogerpon|58/100 brn
|-boost|p1a: Blastoise|spe|1
|-sideend|p1: TEATRERO MUGROSO|Spikes|[from] move: Rapid Spin|[of] p1a: Blastoise
|-sideend|p1: TEATRERO MUGROSO|Toxic Spikes|[from] move: Rapid Spin|[of] p1a: Blastoise
|-sideend|p1: TEATRERO MUGROSO|Stealth Rock|[from] move: Rapid Spin|[of] p1a: Blastoise
|
|-heal|p1a: Blastoise|65/100 psn|[from] item: Leftovers
|-damage|p1a: Blastoise|53/100 psn|[from] psn
|-damage|p2a: Ogerpon|52/100 brn|[from] brn
|upkeep
|turn|10
|-message|SunoShiroko forfeited.
|
|win|TEATRERO MUGROSO
|raw|TEATRERO MUGROSO's rating: 1279 &rarr; <strong>1309</strong><br />(+30 for winning)
|raw|SunoShiroko's rating: 1348 &rarr; <strong>1324</strong><br />(-24 for losing)
|l|☆SunoShiroko
|player|p2|
|l|☆TEATRERO MUGROSO
|player|p1|
