|j|☆Azunail
|j|☆tapu moxo
|t:|1758993016
|gametype|singles
|player|p1|Azunail|yellow|1562
|player|p2|tapu moxo|yellow|1659
|gen|9
|tier|[Gen 9] OU
|rated|
|rule|HP Percentage Mod: HP is shown in percentages
|rule|Endless Battle Clause: Forcing endless battles is banned
|rule|Species Clause: Limit one of each Pokémon
|rule|OHKO Clause: OHKO moves are banned
|rule|Evasion Items Clause: Evasion items are banned
|rule|Evasion Moves Clause: Evasion moves are banned
|rule|Evasion Abilities Clause: Evasion abilities are banned
|rule|Sleep Moves Clause: Sleep-inducing moves are banned
|clearpoke
|poke|p1|Ribombee, M|
|poke|p1|Cinderace, F|
|poke|p1|Serperior, F|
|poke|p1|Mimikyu, M|
|poke|p1|Dragapult, F|
|poke|p1|Bisharp, M|
|poke|p2|Smeargle, F|
|poke|p2|Ceruledge, F|
|poke|p2|Kingambit, M|
|poke|p2|Serperior, F|
|poke|p2|Gyarados, F|
|poke|p2|Enamorus, F|
|teampreview
|c|☆Azunail|no way
|
|t:|1758993030
|teamsize|p1|6
|teamsize|p2|6
|start
|switch|p1a: Ribombee|Ribombee, M|100/100
|switch|p2a: Smeargle|Smeargle, F|100/100
|turn|1
|
|t:|1758993039
|move|p1a: Ribombee|Moonblast|p2a: Smeargle
|-damage|p2a: Smeargle|27/100
|move|p2a: Smeargle|Glare|p1a: Ribombee
|-status|p1a: Ribombee|par
|
|upkeep
|turn|2
|
|t:|1758993047
|switch|p2a: Serperior|Serperior, F, shiny|100/100
|cant|p1a: Ribombee|par
|
|upkeep
|turn|3
|inactive|Battle timer is ON: inactive players will automatically lose when time's up. (requested by Azunail)
|
|t:|1758993054
|move|p2a: Serperior|Leaf Storm|p1a: Ribombee
|-resisted|p1a: Ribombee
|-damage|p1a: Ribombee|60/100 par
|-boost|p2a: Serperior|spa|2
|move|p1a: Ribombee|Sticky Web|p2a: Serperior
|-sidestart|p2: tapu moxo|move: Sticky Web
|
|upkeep
|turn|4
|
|t:|1758993060
|move|p2a: Serperior|Leaf Storm|p1a: Ribombee
|-resisted|p1a: Ribombee
|-damage|p1a: Ribombee|0 fnt
|-boost|p2a: Serperior|spa|2
|faint|p1a: Ribombee
|
|upkeep
|
|t:|1758993069
|switch|p1a: Mimikyu|Mimikyu, M|100/100
|turn|5
|
|t:|1758993073
|move|p2a: Serperior|Glare|p1a: Mimikyu
|-status|p1a: Mimikyu|par
|cant|p1a: Mimikyu|par
|
|upkeep
|turn|6
|
|t:|1758993078
|move|p2a: Serperior|Leaf Storm|p1a: Mimikyu
|-activate|p1a: Mimikyu|ability: Disguise
|-damage|p1a: Mimikyu|100/100 par
|-boost|p2a: Serperior|spa|2
|detailschange|p1a: Mimikyu|Mimikyu-Busted, M
|-damage|p1a: Mimikyu|88/100 par|[from] pokemon: Mimikyu-Busted
|-enditem|p1a: Mimikyu|Red Card|[of] p2a: Serperior
|drag|p2a: Kingambit|Kingambit, M, shiny|100/100
|-activate|p2a: Kingambit|move: Sticky Web
|-unboost|p2a: Kingambit|spe|1
|-ability|p2a: Kingambit|Defiant|boost
|-boost|p2a: Kingambit|atk|2
|move|p1a: Mimikyu|Will-O-Wisp|p2a: Kingambit
|-status|p2a: Kingambit|brn
|
|-damage|p2a: Kingambit|94/100 brn|[from] brn
|upkeep
|turn|7
|
|t:|1758993083
|switch|p1a: Cinderace|Cinderace, F|100/100
|move|p2a: Kingambit|Iron Head|p1a: Cinderace
|-resisted|p1a: Cinderace
|-damage|p1a: Cinderace|68/100
|
|-heal|p2a: Kingambit|100/100 brn|[from] item: Leftovers
|-damage|p2a: Kingambit|94/100 brn|[from] brn
|upkeep
|turn|8
|
|t:|1758993089
|switch|p2a: Smeargle|Smeargle, F|27/100
|-activate|p2a: Smeargle|move: Sticky Web
|-unboost|p2a: Smeargle|spe|1
|move|p1a: Cinderace|Court Change|p1a: Cinderace
|-swapsideconditions
|-activate|p1a: Cinderace|move: Court Change
|
|upkeep
|turn|9
|
|t:|1758993101
|switch|p2a: Ceruledge|Ceruledge, F|100/100
|move|p1a: Cinderace|Pyro Ball|p2a: Ceruledge
|-resisted|p2a: Ceruledge
|-damage|p2a: Ceruledge|60/100
|-ability|p2a: Ceruledge|Weak Armor|boost
|-unboost|p2a: Ceruledge|def|1
|-boost|p2a: Ceruledge|spe|2
|
|upkeep
|turn|10
|
|t:|1758993110
|move|p2a: Ceruledge|Swords Dance|p2a: Ceruledge
|-boost|p2a: Ceruledge|atk|2
|move|p1a: Cinderace|U-turn|p2a: Ceruledge
|-resisted|p2a: Ceruledge
|-damage|p2a: Ceruledge|47/100
|-ability|p2a: Ceruledge|Weak Armor|boost
|-unboost|p2a: Ceruledge|def|1
|-boost|p2a: Ceruledge|spe|2
|
|t:|1758993117
|switch|p1a: Bisharp|Bisharp, M|100/100|[from] U-turn
|-activate|p1a: Bisharp|move: Sticky Web
|-unboost|p1a: Bisharp|spe|1
|-ability|p1a: Bisharp|Defiant|boost
|-boost|p1a: Bisharp|atk|2
|
|upkeep
|turn|11
|
|t:|1758993128
|switch|p2a: Kingambit|Kingambit, M, shiny|94/100 brn
|move|p1a: Bisharp|Throat Chop|p2a: Kingambit
|-resisted|p2a: Kingambit
|-damage|p2a: Kingambit|55/100 brn
|-start|p2a: Kingambit|Throat Chop|[silent]
|
|-heal|p2a: Kingambit|61/100 brn|[from] item: Leftovers
|-damage|p2a: Kingambit|55/100 brn|[from] brn
|upkeep
|turn|12
|
|t:|1758993144
|switch|p1a: Dragapult|Dragapult, F|100/100
|-activate|p1a: Dragapult|move: Sticky Web
|-fail|p1a: Dragapult|unboost|[from] ability: Clear Body|[of] p1a: Dragapult
|move|p2a: Kingambit|Swords Dance|p2a: Kingambit
|-boost|p2a: Kingambit|atk|2
|
|-heal|p2a: Kingambit|61/100 brn|[from] item: Leftovers
|-damage|p2a: Kingambit|55/100 brn|[from] brn
|-end|p2a: Kingambit|Throat Chop|[silent]
|upkeep
|turn|13
|
|t:|1758993152
|switch|p1a: Mimikyu|Mimikyu-Busted, M|88/100 par
|-activate|p1a: Mimikyu|move: Sticky Web
|-unboost|p1a: Mimikyu|spe|1
|move|p2a: Kingambit|Kowtow Cleave|p1a: Mimikyu
|-damage|p1a: Mimikyu|1/100 par
|
|-heal|p2a: Kingambit|61/100 brn|[from] item: Leftovers
|-damage|p2a: Kingambit|55/100 brn|[from] brn
|upkeep
|turn|14
|
|t:|1758993157
|move|p2a: Kingambit|Kowtow Cleave|p1a: Mimikyu
|-damage|p1a: Mimikyu|0 fnt
|faint|p1a: Mimikyu
|
|-heal|p2a: Kingambit|61/100 brn|[from] item: Leftovers
|-damage|p2a: Kingambit|55/100 brn|[from] brn
|upkeep
|
|t:|1758993163
|switch|p1a: Bisharp|Bisharp, M|100/100
|-activate|p1a: Bisharp|move: Sticky Web
|-unboost|p1a: Bisharp|spe|1
|-ability|p1a: Bisharp|Defiant|boost
|-boost|p1a: Bisharp|atk|2
|turn|15
|
|t:|1758993167
|move|p2a: Kingambit|Iron Head|p1a: Bisharp
|-resisted|p1a: Bisharp
|-damage|p1a: Bisharp|84/100
|cant|p1a: Bisharp|flinch
|
|-heal|p2a: Kingambit|61/100 brn|[from] item: Leftovers
|-damage|p2a: Kingambit|55/100 brn|[from] brn
|upkeep
|turn|16
|
|t:|1758993171
|move|p2a: Kingambit|Swords Dance|p2a: Kingambit
|-boost|p2a: Kingambit|atk|2
|move|p1a: Bisharp|Throat Chop|p2a: Kingambit
|-resisted|p2a: Kingambit
|-damage|p2a: Kingambit|16/100 brn
|-start|p2a: Kingambit|Throat Chop|[silent]
|
|-heal|p2a: Kingambit|22/100 brn|[from] item: Leftovers
|-damage|p2a: Kingambit|16/100 brn|[from] brn
|upkeep
|turn|17
|
|t:|1758993176
|move|p2a: Kingambit|Sucker Punch|p1a: Bisharp
|-resisted|p1a: Bisharp
|-damage|p1a: Bisharp|61/100
|move|p1a: Bisharp|Sucker Punch||[still]
|-fail|p1a: Bisharp
|
|-heal|p2a: Kingambit|22/100 brn|[from] item: Leftovers
|-damage|p2a: Kingambit|16/100 brn|[from] brn
|-end|p2a: Kingambit|Throat Chop|[silent]
|upkeep
|turn|18
|
|t:|1758993181
|move|p2a: Kingambit|Kowtow Cleave|p1a: Bisharp
|-resisted|p1a: Bisharp
|-damage|p1a: Bisharp|33/100
|move|p1a: Bisharp|Throat Chop|p2a: Kingambit
|-resisted|p2a: Kingambit
|-damage|p2a: Kingambit|0 fnt
|faint|p2a: Kingambit
|
|upkeep
|
|t:|1758993187
|switch|p2a: Smeargle|Smeargle, F|27/100
|turn|19
|
|t:|1758993195
|move|p2a: Smeargle|Burning Bulwark|p2a: Smeargle
|-singleturn|p2a: Smeargle|move: Protect
|move|p1a: Bisharp|Throat Chop|p2a: Smeargle
|-activate|p2a: Smeargle|move: Protect
|-status|p1a: Bisharp|brn
|
|-damage|p1a: Bisharp|27/100 brn|[from] brn
|upkeep
|turn|20
|
|t:|1758993203
|move|p2a: Smeargle|Court Change|p2a: Smeargle
|-swapsideconditions
|-activate|p2a: Smeargle|move: Court Change
|move|p1a: Bisharp|Throat Chop|p2a: Smeargle
|-damage|p2a: Smeargle|0 fnt
|faint|p2a: Smeargle
|
|-damage|p1a: Bisharp|20/100 brn|[from] brn
|upkeep
|
|t:|1758993213
|switch|p2a: Serperior|Serperior, F, shiny|100/100
|-activate|p2a: Serperior|move: Sticky Web
|-boost|p2a: Serperior|spe|1
|turn|21
|
|t:|1758993218
|move|p1a: Bisharp|Sucker Punch|p2a: Serperior
|-damage|p2a: Serperior|51/100
|move|p2a: Serperior|Leaf Storm|p1a: Bisharp
|-resisted|p1a: Bisharp
|-damage|p1a: Bisharp|0 fnt
|-boost|p2a: Serperior|spa|2
|faint|p1a: Bisharp
|
|-heal|p2a: Serperior|57/100|[from] item: Leftovers
|upkeep
|
|t:|1758993228
|switch|p1a: Dragapult|Dragapult, F|100/100
|turn|22
|
|t:|1758993232
|move|p2a: Serperior|Glare|p1a: Dragapult
|-status|p1a: Dragapult|par
|move|p1a: Dragapult|Flamethrower|p2a: Serperior
|-supereffective|p2a: Serperior
|-damage|p2a: Serperior|0 fnt
|faint|p2a: Serperior
|-damage|p1a: Dragapult|91/100 par|[from] item: Life Orb
|
|upkeep
|
|t:|1758993234
|switch|p2a: Enamorus|Enamorus, F|100/100
|turn|23
|
|t:|1758993243
|-terastallize|p1a: Dragapult|Fire
|move|p2a: Enamorus|Moonblast|p1a: Dragapult
|-resisted|p1a: Dragapult
|-crit|p1a: Dragapult
|-damage|p1a: Dragapult|31/100 par
|move|p1a: Dragapult|Thunderbolt|p2a: Enamorus
|-supereffective|p2a: Enamorus
|-damage|p2a: Enamorus|0 fnt
|faint|p2a: Enamorus
|-damage|p1a: Dragapult|22/100 par|[from] item: Life Orb
|
|upkeep
|
|t:|1758993252
|switch|p2a: Gyarados|Gyarados, F|100/100
|turn|24
|
|t:|1758993260
|switch|p1a: Serperior|Serperior, F|100/100
|move|p2a: Gyarados|Scale Shot|p1a: Serperior|[miss]
|-miss|p2a: Gyarados|p1a: Serperior
|
|upkeep
|turn|25
|
|t:|1758993266
|move|p1a: Serperior|Leaf Storm|p2a: Gyarados
|-crit|p2a: Gyarados
|-damage|p2a: Gyarados|25/100
|-boost|p1a: Serperior|spa|2
|move|p2a: Gyarados|Scale Shot|p1a: Serperior
|-damage|p1a: Serperior|89/100
|-damage|p1a: Serperior|77/100
|-damage|p1a: Serperior|65/100
|-damage|p1a: Serperior|53/100
|-damage|p1a: Serperior|41/100
|-hitcount|p1a: Serperior|5
|-unboost|p2a: Gyarados|def|1
|-boost|p2a: Gyarados|spe|1
|
|-heal|p1a: Serperior|47/100|[from] item: Leftovers
|upkeep
|turn|26
|
|t:|1758993276
|move|p2a: Gyarados|Scale Shot|p1a: Serperior
|-damage|p1a: Serperior|35/100
|-damage|p1a: Serperior|25/100
|-damage|p1a: Serperior|12/100
|-damage|p1a: Serperior|0 fnt
|faint|p1a: Serperior
|-ability|p2a: Gyarados|Moxie|boost
|-boost|p2a: Gyarados|atk|1
|-hitcount|p1: Serperior|4
|-unboost|p2a: Gyarados|def|1
|-boost|p2a: Gyarados|spe|1
|
|upkeep
|
|t:|1758993280
|switch|p1a: Cinderace|Cinderace, F|68/100
|turn|27
|
|t:|1758993285
|move|p2a: Gyarados|Earthquake|p1a: Cinderace
|-supereffective|p1a: Cinderace
|-damage|p1a: Cinderace|0 fnt
|faint|p1a: Cinderace
|-ability|p2a: Gyarados|Moxie|boost
|-boost|p2a: Gyarados|atk|1
|
|upkeep
|
|t:|1758993288
|switch|p1a: Dragapult|Dragapult, F, tera:Fire|22/100 par
|turn|28
|c|☆tapu moxo|gg
|
|t:|1758993292
|move|p2a: Gyarados|Earthquake|p1a: Dragapult
|-supereffective|p1a: Dragapult
|-damage|p1a: Dragapult|0 fnt
|faint|p1a: Dragapult
|
|win|tapu moxo
|raw|Azunail's rating: 1562 &rarr; <strong>1547</strong><br />(-15 for losing)
|raw|tapu moxo's rating: 1659 &rarr; <strong>1674</strong><br />(+15 for winning)
|l|☆Azunail
|player|p1|
|l|☆tapu moxo
|player|p2|
|j|☆tapu moxo
|player|p2|tapu moxo|yellow|
|l|☆tapu moxo
|player|p2|
