|j|☆Partynparadise
|j|☆ettiriddure
|t:|1759062019
|gametype|singles
|player|p1|Partynparadise|brock|1477
|player|p2|ettiriddure|hilbert|1473
|gen|9
|tier|[Gen 9] OU
|rated|
|rule|HP Percentage Mod: HP is shown in percentages
|rule|Endless Battle Clause: Forcing endless battles is banned
|rule|Species Clause: Limit one of each Pokémon
|rule|OHKO Clause: OHKO moves are banned
|rule|Evasion Items Clause: Evasion items are banned
|rule|Evasion Moves Clause: Evasion moves are banned
|rule|Evasion Abilities Clause: Evasion abilities are banned
|rule|Sleep Moves Clause: Sleep-inducing moves are banned
|clearpoke
|poke|p1|Great Tusk|
|poke|p1|Kyurem|
|poke|p1|Slowking-Galar, M|
|poke|p1|Moltres|
|poke|p1|Iron Valiant|
|poke|p1|Ogerpon-Wellspring, F|
|poke|p2|Slowbro, F|
|poke|p2|Enamorus, F|
|poke|p2|Corviknight, F|
|poke|p2|Ting-Lu|
|poke|p2|Blaziken, M|
|poke|p2|Kingambit, F|
|teampreview
|inactive|Battle timer is ON: inactive players will automatically lose when time's up. (requested by ettiriddure)
|
|t:|1759062048
|teamsize|p1|6
|teamsize|p2|6
|start
|switch|p1a: Ogerpon|Ogerpon-Wellspring, F|100/100
|switch|p2a: Corviknight|Corviknight, F|100/100
|-ability|p2a: Corviknight|Pressure
|turn|1
|
|t:|1759062074
|move|p1a: Ogerpon|U-turn|p2a: Corviknight
|-resisted|p2a: Corviknight
|-damage|p2a: Corviknight|95/100
|
|t:|1759062096
|switch|p1a: Slowking|Slowking-Galar, M|100/100|[from] U-turn
|move|p2a: Corviknight|Iron Defense|p2a: Corviknight
|-boost|p2a: Corviknight|def|2
|
|upkeep
|turn|2
|
|t:|1759062115
|switch|p2a: Ting-Lu|Ting-Lu|100/100
|-ability|p2a: Ting-Lu|Vessel of Ruin
|-prepare|p1a: Slowking|Chilly Reception|[premajor]
|move|p1a: Slowking|Chilly Reception|p1a: Slowking
|-weather|Snowscape
|
|t:|1759062118
|switch|p1a: Great Tusk|Great Tusk|100/100|[from] Chilly Reception
|
|-weather|Snowscape|[upkeep]
|upkeep
|turn|3
|
|t:|1759062124
|switch|p2a: Slowbro|Slowbro, F|100/100
|move|p1a: Great Tusk|Stealth Rock|p2a: Slowbro
|-sidestart|p2: ettiriddure|move: Stealth Rock
|
|-weather|Snowscape|[upkeep]
|upkeep
|turn|4
|
|t:|1759062130
|-end|p1a: Great Tusk|Protosynthesis|[silent]
|switch|p1a: Slowking|Slowking-Galar, M|100/100
|move|p2a: Slowbro|Psyshock|p1a: Slowking
|-damage|p1a: Slowking|72/100
|
|-weather|Snowscape|[upkeep]
|upkeep
|turn|5
|
|t:|1759062133
|move|p1a: Slowking|Thunder Wave|p2a: Slowbro
|-status|p2a: Slowbro|par
|move|p2a: Slowbro|Scald|p1a: Slowking
|-damage|p1a: Slowking|56/100
|
|-weather|Snowscape|[upkeep]
|upkeep
|turn|6
|
|t:|1759062140
|move|p1a: Slowking|Future Sight|p2a: Slowbro
|-start|p1a: Slowking|move: Future Sight
|move|p2a: Slowbro|Psyshock|p1a: Slowking
|-damage|p1a: Slowking|29/100
|
|-weather|none
|upkeep
|turn|7
|
|t:|1759062145
|-prepare|p1a: Slowking|Chilly Reception|[premajor]
|move|p1a: Slowking|Chilly Reception|p1a: Slowking
|-weather|Snowscape
|
|t:|1759062150
|switch|p1a: Kyurem|Kyurem, shiny|100/100|[from] Chilly Reception
|-ability|p1a: Kyurem|Pressure
|move|p2a: Slowbro|Psyshock|p1a: Kyurem
|-damage|p1a: Kyurem|85/100
|
|-weather|Snowscape|[upkeep]
|-heal|p1a: Kyurem|91/100|[from] item: Leftovers
|upkeep
|turn|8
|
|t:|1759062155
|switch|p2a: Kingambit|Kingambit, F|100/100
|-damage|p2a: Kingambit|94/100|[from] Stealth Rock
|move|p1a: Kyurem|Substitute|p1a: Kyurem
|-start|p1a: Kyurem|Substitute
|-damage|p1a: Kyurem|67/100
|
|-weather|Snowscape|[upkeep]
|-end|p2a: Kingambit|move: Future Sight
|-immune|p2a: Kingambit
|-heal|p1a: Kyurem|73/100|[from] item: Leftovers
|upkeep
|turn|9
|
|t:|1759062164
|move|p1a: Kyurem|Earth Power|p2a: Kingambit
|-supereffective|p2a: Kingambit
|-damage|p2a: Kingambit|50/100
|move|p2a: Kingambit|Iron Head|p1a: Kyurem
|-supereffective|p1a: Kyurem
|-crit|p1a: Kyurem
|-end|p1a: Kyurem|Substitute
|
|-weather|Snowscape|[upkeep]
|-heal|p1a: Kyurem|79/100|[from] item: Leftovers
|upkeep
|turn|10
|
|t:|1759062173
|switch|p1a: Great Tusk|Great Tusk|100/100
|move|p2a: Kingambit|Iron Head|p1a: Great Tusk
|-damage|p1a: Great Tusk|74/100
|-damage|p2a: Kingambit|34/100|[from] item: Rocky Helmet|[of] p1a: Great Tusk
|
|-weather|Snowscape|[upkeep]
|upkeep
|turn|11
|
|t:|1759062180
|-end|p2a: Kingambit|fallenundefined|[silent]
|switch|p2a: Slowbro|Slowbro, F|100/100 par
|move|p1a: Great Tusk|Close Combat|p2a: Slowbro
|-resisted|p2a: Slowbro
|-damage|p2a: Slowbro|85/100 par
|-unboost|p1a: Great Tusk|def|1
|-unboost|p1a: Great Tusk|spd|1
|
|-weather|none
|upkeep
|turn|12
|
|t:|1759062189
|-end|p1a: Great Tusk|Protosynthesis|[silent]
|switch|p1a: Slowking|Slowking-Galar, M|62/100
|move|p2a: Slowbro|Scald|p1a: Slowking
|-damage|p1a: Slowking|47/100
|
|upkeep
|turn|13
|
|t:|1759062196
|-prepare|p1a: Slowking|Chilly Reception|[premajor]
|move|p1a: Slowking|Chilly Reception|p1a: Slowking
|-weather|Snowscape
|
|t:|1759062203
|switch|p1a: Moltres|Moltres|100/100|[from] Chilly Reception
|move|p2a: Slowbro|Scald|p1a: Moltres
|-supereffective|p1a: Moltres
|-damage|p1a: Moltres|49/100
|
|-weather|Snowscape|[upkeep]
|upkeep
|turn|14
|
|t:|1759062215
|move|p1a: Moltres|U-turn|p2a: Slowbro
|-supereffective|p2a: Slowbro
|-damage|p2a: Slowbro|66/100 par
|
|t:|1759062218
|switch|p1a: Slowking|Slowking-Galar, M|80/100|[from] U-turn
|move|p2a: Slowbro|Calm Mind|p2a: Slowbro
|-boost|p2a: Slowbro|spa|1
|-boost|p2a: Slowbro|spd|1
|
|-weather|Snowscape|[upkeep]
|upkeep
|turn|15
|
|t:|1759062224
|-prepare|p1a: Slowking|Chilly Reception|[premajor]
|move|p1a: Slowking|Chilly Reception|p1a: Slowking
|
|t:|1759062229
|switch|p1a: Ogerpon|Ogerpon-Wellspring, F|100/100|[from] Chilly Reception
|move|p2a: Slowbro|Psyshock|p1a: Ogerpon
|-damage|p1a: Ogerpon|46/100
|
|-weather|Snowscape|[upkeep]
|upkeep
|turn|16
|
|t:|1759062252
|switch|p2a: Corviknight|Corviknight, F|95/100
|-ability|p2a: Corviknight|Pressure
|move|p1a: Ogerpon|Knock Off|p2a: Corviknight
|-damage|p2a: Corviknight|65/100
|-enditem|p2a: Corviknight|Heavy-Duty Boots|[from] move: Knock Off|[of] p1a: Ogerpon
|
|-weather|Snowscape|[upkeep]
|upkeep
|turn|17
|
|t:|1759062258
|move|p1a: Ogerpon|U-turn|p2a: Corviknight
|-resisted|p2a: Corviknight
|-damage|p2a: Corviknight|59/100
|
|t:|1759062263
|switch|p1a: Moltres|Moltres|49/100|[from] U-turn
|move|p2a: Corviknight|Defog|p1a: Moltres
|-unboost|p1a: Moltres|evasion|1
|-sideend|p2: ettiriddure|Stealth Rock|[from] move: Defog|[of] p2a: Corviknight
|
|-weather|none
|upkeep
|turn|18
|
|t:|1759062268
|switch|p2a: Ting-Lu|Ting-Lu|100/100
|-ability|p2a: Ting-Lu|Vessel of Ruin
|move|p1a: Moltres|Roost|p1a: Moltres
|-heal|p1a: Moltres|99/100
|-singleturn|p1a: Moltres|move: Roost
|
|upkeep
|turn|19
|
|t:|1759062275
|move|p1a: Moltres|U-turn|p2a: Ting-Lu
|-supereffective|p2a: Ting-Lu
|-damage|p2a: Ting-Lu|83/100
|
|t:|1759062278
|switch|p1a: Great Tusk|Great Tusk|74/100|[from] U-turn
|move|p2a: Ting-Lu|Stealth Rock|p1a: Great Tusk
|-sidestart|p1: Partynparadise|move: Stealth Rock
|
|-heal|p2a: Ting-Lu|90/100|[from] item: Leftovers
|upkeep
|turn|20
|
|t:|1759062292
|switch|p2a: Slowbro|Slowbro, F|99/100 par
|move|p1a: Great Tusk|Rapid Spin|p2a: Slowbro
|-damage|p2a: Slowbro|91/100 par
|-boost|p1a: Great Tusk|spe|1
|-sideend|p1: Partynparadise|Stealth Rock|[from] move: Rapid Spin|[of] p1a: Great Tusk
|
|upkeep
|turn|21
|
|t:|1759062299
|-end|p1a: Great Tusk|Protosynthesis|[silent]
|switch|p1a: Slowking|Slowking-Galar, M|100/100
|move|p2a: Slowbro|Psyshock|p1a: Slowking
|-damage|p1a: Slowking|74/100
|
|upkeep
|turn|22
|
|t:|1759062303
|move|p1a: Slowking|Future Sight|p2a: Slowbro
|-start|p1a: Slowking|move: Future Sight
|move|p2a: Slowbro|Calm Mind|p2a: Slowbro
|-boost|p2a: Slowbro|spa|1
|-boost|p2a: Slowbro|spd|1
|
|upkeep
|turn|23
|
|t:|1759062308
|-prepare|p1a: Slowking|Chilly Reception|[premajor]
|move|p1a: Slowking|Chilly Reception|p1a: Slowking
|-weather|Snowscape
|
|t:|1759062312
|switch|p1a: Ogerpon|Ogerpon-Wellspring, F|46/100|[from] Chilly Reception
|move|p2a: Slowbro|Psyshock|p1a: Ogerpon
|-damage|p1a: Ogerpon|0 fnt
|faint|p1a: Ogerpon
|
|-weather|Snowscape|[upkeep]
|upkeep
|
|t:|1759062319
|switch|p1a: Kyurem|Kyurem, shiny|79/100
|-ability|p1a: Kyurem|Pressure
|turn|24
|
|t:|1759062325
|move|p1a: Kyurem|Substitute|p1a: Kyurem
|-start|p1a: Kyurem|Substitute
|-damage|p1a: Kyurem|54/100
|move|p2a: Slowbro|Psyshock|p1a: Kyurem
|-activate|p1a: Kyurem|move: Substitute|[damage]
|
|-weather|Snowscape|[upkeep]
|-end|p2a: Slowbro|move: Future Sight
|-resisted|p2a: Slowbro
|-damage|p2a: Slowbro|77/100 par
|-heal|p1a: Kyurem|60/100|[from] item: Leftovers
|upkeep
|turn|25
|
|t:|1759062338
|move|p1a: Kyurem|Freeze-Dry|p2a: Slowbro
|-supereffective|p2a: Slowbro
|-damage|p2a: Slowbro|20/100 par
|move|p2a: Slowbro|Psyshock|p1a: Kyurem
|-end|p1a: Kyurem|Substitute
|
|-weather|Snowscape|[upkeep]
|-heal|p1a: Kyurem|66/100|[from] item: Leftovers
|upkeep
|turn|26
|
|t:|1759062344
|switch|p2a: Corviknight|Corviknight, F|59/100
|-ability|p2a: Corviknight|Pressure
|move|p1a: Kyurem|Substitute|p1a: Kyurem
|-start|p1a: Kyurem|Substitute
|-damage|p1a: Kyurem|41/100
|
|-weather|Snowscape|[upkeep]
|-heal|p1a: Kyurem|48/100|[from] item: Leftovers
|upkeep
|turn|27
|
|t:|1759062347
|move|p1a: Kyurem|Freeze-Dry|p2a: Corviknight
|-damage|p2a: Corviknight|32/100
|move|p2a: Corviknight|Roost|p2a: Corviknight
|-heal|p2a: Corviknight|82/100
|-singleturn|p2a: Corviknight|move: Roost
|
|-weather|none
|-heal|p1a: Kyurem|54/100|[from] item: Leftovers
|upkeep
|turn|28
|
|t:|1759062355
|move|p1a: Kyurem|Freeze-Dry|p2a: Corviknight
|-crit|p2a: Corviknight
|-damage|p2a: Corviknight|42/100
|move|p2a: Corviknight|Roost|p2a: Corviknight
|-heal|p2a: Corviknight|92/100
|-singleturn|p2a: Corviknight|move: Roost
|
|-heal|p1a: Kyurem|60/100|[from] item: Leftovers
|upkeep
|turn|29
|
|t:|1759062361
|move|p1a: Kyurem|Freeze-Dry|p2a: Corviknight
|-damage|p2a: Corviknight|65/100
|move|p2a: Corviknight|Iron Defense|p2a: Corviknight
|-boost|p2a: Corviknight|def|2
|
|-heal|p1a: Kyurem|66/100|[from] item: Leftovers
|upkeep
|turn|30
|inactive|ettiriddure has 120 seconds left.
|
|t:|1759062393
|move|p1a: Kyurem|Freeze-Dry|p2a: Corviknight
|-damage|p2a: Corviknight|37/100
|move|p2a: Corviknight|Roost|p2a: Corviknight
|-heal|p2a: Corviknight|87/100
|-singleturn|p2a: Corviknight|move: Roost
|
|-heal|p1a: Kyurem|72/100|[from] item: Leftovers
|upkeep
|turn|31
|
|t:|1759062402
|move|p1a: Kyurem|Freeze-Dry|p2a: Corviknight
|-damage|p2a: Corviknight|57/100
|move|p2a: Corviknight|Body Press|p1a: Kyurem
|-supereffective|p1a: Kyurem
|-end|p1a: Kyurem|Substitute
|
|-heal|p1a: Kyurem|78/100|[from] item: Leftovers
|upkeep
|turn|32
|
|t:|1759062407
|switch|p1a: Moltres|Moltres|99/100
|move|p2a: Corviknight|Body Press|p1a: Moltres
|-resisted|p1a: Moltres
|-damage|p1a: Moltres|87/100
|-status|p2a: Corviknight|brn|[from] ability: Flame Body|[of] p1a: Moltres
|
|-damage|p2a: Corviknight|51/100 brn|[from] brn
|upkeep
|turn|33
|
|t:|1759062415
|switch|p2a: Ting-Lu|Ting-Lu|90/100
|-ability|p2a: Ting-Lu|Vessel of Ruin
|move|p1a: Moltres|U-turn|p2a: Ting-Lu
|-supereffective|p2a: Ting-Lu
|-damage|p2a: Ting-Lu|73/100
|
|t:|1759062419
|switch|p1a: Great Tusk|Great Tusk|74/100|[from] U-turn
|
|-heal|p2a: Ting-Lu|79/100|[from] item: Leftovers
|upkeep
|turn|34
|
|t:|1759062423
|switch|p2a: Slowbro|Slowbro, F|53/100 par
|move|p1a: Great Tusk|Stealth Rock|p2a: Slowbro
|-sidestart|p2: ettiriddure|move: Stealth Rock
|
|upkeep
|turn|35
|
|t:|1759062428
|-end|p1a: Great Tusk|Protosynthesis|[silent]
|switch|p1a: Slowking|Slowking-Galar, M|100/100
|move|p2a: Slowbro|Scald|p1a: Slowking
|-damage|p1a: Slowking|85/100
|-status|p1a: Slowking|brn
|
|-damage|p1a: Slowking|79/100 brn|[from] brn
|upkeep
|turn|36
|
|t:|1759062435
|-prepare|p1a: Slowking|Chilly Reception|[premajor]
|move|p1a: Slowking|Chilly Reception|p1a: Slowking
|-weather|Snowscape
|
|t:|1759062439
|switch|p1a: Kyurem|Kyurem, shiny|78/100|[from] Chilly Reception
|-ability|p1a: Kyurem|Pressure
|cant|p2a: Slowbro|par
|
|-weather|Snowscape|[upkeep]
|-heal|p1a: Kyurem|85/100|[from] item: Leftovers
|upkeep
|turn|37
|
|t:|1759062445
|switch|p2a: Kingambit|Kingambit, F|34/100
|-damage|p2a: Kingambit|27/100|[from] Stealth Rock
|move|p1a: Kyurem|Substitute|p1a: Kyurem
|-start|p1a: Kyurem|Substitute
|-damage|p1a: Kyurem|60/100
|
|-weather|Snowscape|[upkeep]
|-heal|p1a: Kyurem|66/100|[from] item: Leftovers
|upkeep
|turn|38
|
|t:|1759062450
|move|p1a: Kyurem|Protect|p1a: Kyurem
|-singleturn|p1a: Kyurem|Protect
|move|p2a: Kingambit|Sucker Punch||[still]
|-fail|p2a: Kingambit
|
|-weather|Snowscape|[upkeep]
|-heal|p1a: Kyurem|72/100|[from] item: Leftovers
|upkeep
|turn|39
|
|t:|1759062459
|move|p2a: Kingambit|Sucker Punch|p1a: Kyurem
|-activate|p1a: Kyurem|move: Substitute|[damage]
|move|p1a: Kyurem|Earth Power|p2a: Kingambit
|-supereffective|p2a: Kingambit
|-damage|p2a: Kingambit|0 fnt
|faint|p2a: Kingambit
|-end|p2a: Kingambit|fallenundefined|[silent]
|
|-weather|Snowscape|[upkeep]
|-heal|p1a: Kyurem|78/100|[from] item: Leftovers
|upkeep
|
|t:|1759062474
|switch|p2a: Corviknight|Corviknight, F|51/100 brn
|-damage|p2a: Corviknight|39/100 brn|[from] Stealth Rock
|-ability|p2a: Corviknight|Pressure
|turn|40
|
|t:|1759062485
|move|p1a: Kyurem|Freeze-Dry|p2a: Corviknight
|-damage|p2a: Corviknight|10/100 brn
|move|p2a: Corviknight|Roost|p2a: Corviknight
|-heal|p2a: Corviknight|60/100 brn
|-singleturn|p2a: Corviknight|move: Roost
|
|-weather|none
|-heal|p1a: Kyurem|84/100|[from] item: Leftovers
|-damage|p2a: Corviknight|54/100 brn|[from] brn
|upkeep
|turn|41
|
|t:|1759062493
|move|p1a: Kyurem|Freeze-Dry|p2a: Corviknight
|-damage|p2a: Corviknight|27/100 brn
|move|p2a: Corviknight|Roost|p2a: Corviknight
|-heal|p2a: Corviknight|77/100 brn
|-singleturn|p2a: Corviknight|move: Roost
|
|-heal|p1a: Kyurem|91/100|[from] item: Leftovers
|-damage|p2a: Corviknight|71/100 brn|[from] brn
|upkeep
|turn|42
|
|t:|1759062498
|move|p1a: Kyurem|Freeze-Dry|p2a: Corviknight
|-crit|p2a: Corviknight
|-damage|p2a: Corviknight|30/100 brn
|move|p2a: Corviknight|Defog|p1a: Kyurem
|-sideend|p2: ettiriddure|Stealth Rock|[from] move: Defog|[of] p2a: Corviknight
|
|-heal|p1a: Kyurem|97/100|[from] item: Leftovers
|-damage|p2a: Corviknight|24/100 brn|[from] brn
|upkeep
|turn|43
|
|t:|1759062507
|switch|p2a: Blaziken|Blaziken, M|100/100
|move|p1a: Kyurem|Freeze-Dry|p2a: Blaziken
|-resisted|p2a: Blaziken
|-damage|p2a: Blaziken|72/100
|
|-heal|p1a: Kyurem|100/100|[from] item: Leftovers
|upkeep
|turn|44
|
|t:|1759062530
|switch|p2a: Corviknight|Corviknight, F|24/100 brn
|-ability|p2a: Corviknight|Pressure
|move|p1a: Kyurem|Earth Power|p2a: Corviknight
|-immune|p2a: Corviknight
|
|-damage|p2a: Corviknight|18/100 brn|[from] brn
|upkeep
|turn|45
|
|t:|1759062537
|move|p1a: Kyurem|Freeze-Dry|p2a: Corviknight
|-damage|p2a: Corviknight|0 fnt
|faint|p2a: Corviknight
|
|upkeep
|
|t:|1759062546
|switch|p2a: Slowbro|Slowbro, F|87/100 par
|turn|46
|
|t:|1759062550
|-terastallize|p2a: Slowbro|Fairy
|move|p1a: Kyurem|Freeze-Dry|p2a: Slowbro
|-damage|p2a: Slowbro|47/100 par
|cant|p2a: Slowbro|par
|
|upkeep
|turn|47
|-message|ettiriddure forfeited.
|
|win|Partynparadise
|raw|Partynparadise's rating: 1477 &rarr; <strong>1497</strong><br />(+20 for winning)
|raw|ettiriddure's rating: 1473 &rarr; <strong>1453</strong><br />(-20 for losing)
|l|☆ettiriddure
|player|p2|
|l|☆Partynparadise
|player|p1|
