|j|☆Cryochronology
|j|☆art of throwing
|t:|1759036330
|gametype|singles
|player|p1|Cryochronology|1|1266
|player|p2|art of throwing|lucas|1323
|gen|9
|tier|[Gen 9] OU
|rated|
|rule|HP Percentage Mod: HP is shown in percentages
|rule|Endless Battle Clause: Forcing endless battles is banned
|rule|Species Clause: Limit one of each Pokémon
|rule|OHKO Clause: OHKO moves are banned
|rule|Evasion Items Clause: Evasion items are banned
|rule|Evasion Moves Clause: Evasion moves are banned
|rule|Evasion Abilities Clause: Evasion abilities are banned
|rule|Sleep Moves Clause: Sleep-inducing moves are banned
|clearpoke
|poke|p1|Ceruledge, F|
|poke|p1|Deoxys-Speed|
|poke|p1|Dragonite, M|
|poke|p1|Glimmora, M|
|poke|p1|Samurott-Hisui, F|
|poke|p1|Kingambit, F|
|poke|p2|Darkrai|
|poke|p2|Pecharunt|
|poke|p2|Zamazenta-*|
|poke|p2|Ting-Lu|
|poke|p2|Gliscor, F|
|poke|p2|Dragonite, M|
|teampreview
|
|t:|1759036342
|teamsize|p1|6
|teamsize|p2|6
|start
|switch|p1a: Samurott|Samurott-Hisui, F|100/100
|switch|p2a: Zamazenta|Zamazenta|100/100
|-ability|p2a: Zamazenta|Dauntless Shield|boost
|-boost|p2a: Zamazenta|def|1
|turn|1
|
|t:|1759036349
|move|p2a: Zamazenta|Close Combat|p1a: Samurott
|-supereffective|p1a: Samurott
|-enditem|p1a: Samurott|Focus Sash
|-damage|p1a: Samurott|1/100
|-unboost|p2a: Zamazenta|def|1
|-unboost|p2a: Zamazenta|spd|1
|move|p1a: Samurott|Razor Shell|p2a: Zamazenta
|-damage|p2a: Zamazenta|52/100
|
|upkeep
|turn|2
|
|t:|1759036355
|move|p2a: Zamazenta|Crunch|p1a: Samurott
|-resisted|p1a: Samurott
|-damage|p1a: Samurott|0 fnt
|faint|p1a: Samurott
|
|upkeep
|
|t:|1759036370
|switch|p1a: Deoxys|Deoxys-Speed|100/100
|-ability|p1a: Deoxys|Pressure
|turn|3
|inactive|Battle timer is ON: inactive players will automatically lose when time's up. (requested by Cryochronology)
|
|t:|1759036381
|move|p1a: Deoxys|Psycho Boost|p2a: Zamazenta
|-supereffective|p2a: Zamazenta
|-damage|p2a: Zamazenta|0 fnt
|-unboost|p1a: Deoxys|spa|2
|faint|p2a: Zamazenta
|
|upkeep
|
|t:|1759036385
|switch|p2a: Dragonite|Dragonite, M|100/100
|turn|4
|
|t:|1759036394
|move|p1a: Deoxys|Ice Beam|p2a: Dragonite
|-supereffective|p2a: Dragonite
|-damage|p2a: Dragonite|74/100
|move|p2a: Dragonite|Dragon Dance|p2a: Dragonite
|-boost|p2a: Dragonite|atk|1
|-boost|p2a: Dragonite|spe|1
|
|upkeep
|turn|5
|
|t:|1759036406
|switch|p1a: Ceruledge|Ceruledge, F|100/100
|-terastallize|p2a: Dragonite|Flying
|move|p2a: Dragonite|Roost|p2a: Dragonite
|-heal|p2a: Dragonite|100/100
|-hint|If a Terastallized Pokemon uses Roost, it remains Flying-type.
|
|upkeep
|turn|6
|
|t:|1759036416
|-terastallize|p1a: Ceruledge|Bug
|move|p2a: Dragonite|Dragon Dance|p2a: Dragonite
|-boost|p2a: Dragonite|atk|1
|-boost|p2a: Dragonite|spe|1
|move|p1a: Ceruledge|Bulk Up|p1a: Ceruledge
|-boost|p1a: Ceruledge|atk|1
|-boost|p1a: Ceruledge|def|1
|
|upkeep
|turn|7
|c|☆Cryochronology|gdi
|c|☆Cryochronology|i forgor
|
|t:|1759036430
|move|p2a: Dragonite|Encore|p1a: Ceruledge
|-start|p1a: Ceruledge|Encore
|move|p1a: Ceruledge|Bulk Up|p1a: Ceruledge
|-boost|p1a: Ceruledge|atk|1
|-boost|p1a: Ceruledge|def|1
|
|upkeep
|turn|8
|
|t:|1759036434
|move|p2a: Dragonite|Dragon Dance|p2a: Dragonite
|-boost|p2a: Dragonite|atk|1
|-boost|p2a: Dragonite|spe|1
|move|p1a: Ceruledge|Bulk Up|p1a: Ceruledge
|-boost|p1a: Ceruledge|atk|1
|-boost|p1a: Ceruledge|def|1
|
|upkeep
|turn|9
|
|t:|1759036436
|move|p2a: Dragonite|Tera Blast|p1a: Ceruledge|[anim] Tera Blast Flying
|-supereffective|p1a: Ceruledge
|-damage|p1a: Ceruledge|0 fnt
|faint|p1a: Ceruledge
|
|upkeep
|
|t:|1759036443
|switch|p1a: Glimmora|Glimmora, M|100/100
|turn|10
|
|t:|1759036446
|move|p2a: Dragonite|Tera Blast|p1a: Glimmora|[anim] Tera Blast Flying
|-resisted|p1a: Glimmora
|-damage|p1a: Glimmora|0 fnt
|-activate|p1a: Glimmora|ability: Toxic Debris
|-sidestart|p2: art of throwing|move: Toxic Spikes
|faint|p1a: Glimmora
|
|upkeep
|l|☆Cryochronology
|inactive|Cryochronology disconnected and has a minute to reconnect!
|player|p1|
|inactive|Cryochronology has 30 seconds to reconnect!
|inactive|Cryochronology has 20 seconds to reconnect!
|inactive|Cryochronology has 15 seconds to reconnect!
|inactive|Cryochronology has 10 seconds to reconnect!
|inactive|Cryochronology has 5 seconds to reconnect!
|-message|Cryochronology lost due to inactivity.
|
|win|art of throwing
|raw|Cryochronology's rating: 1266 &rarr; <strong>1245</strong><br />(-21 for losing)
|raw|art of throwing's rating: 1323 &rarr; <strong>1340</strong><br />(+17 for winning)
