|j|☆UnexpectdSets
|j|☆Kira The Cleanser
|t:|1759010777
|gametype|singles
|player|p1|UnexpectdSets|266|1326
|player|p2|Kira The Cleanser|melony|1324
|gen|9
|tier|[Gen 9] OU
|rated|
|rule|HP Percentage Mod: HP is shown in percentages
|rule|Endless Battle Clause: Forcing endless battles is banned
|rule|Species Clause: Limit one of each Pokémon
|rule|OHKO Clause: OHKO moves are banned
|rule|Evasion Items Clause: Evasion items are banned
|rule|Evasion Moves Clause: Evasion moves are banned
|rule|Evasion Abilities Clause: Evasion abilities are banned
|rule|Sleep Moves Clause: Sleep-inducing moves are banned
|clearpoke
|poke|p1|Scizor, M|
|poke|p1|Lycanroc-Dusk, M|
|poke|p1|Breloom, M|
|poke|p1|Scyther, F|
|poke|p1|Houndoom, F|
|poke|p1|Greninja-*, M|
|poke|p2|Ninetales-Alola, F|
|poke|p2|Darkrai|
|poke|p2|Kyurem|
|poke|p2|Hatterene, F|
|poke|p2|Manaphy|
|poke|p2|Zamazenta-*|
|teampreview
|inactive|Battle timer is ON: inactive players will automatically lose when time's up. (requested by UnexpectdSets)
|
|t:|1759010804
|teamsize|p1|6
|teamsize|p2|6
|start
|switch|p1a: Scizor|Scizor, M|100/100
|switch|p2a: Ninetales|Ninetales-Alola, F|100/100
|-weather|Snowscape|[from] ability: Snow Warning|[of] p2a: Ninetales
|turn|1
|
|t:|1759010813
|move|p1a: Scizor|Bullet Punch|p2a: Ninetales
|-supereffective|p2a: Ninetales
|-damage|p2a: Ninetales|0 fnt
|faint|p2a: Ninetales
|
|-weather|Snowscape|[upkeep]
|upkeep
|
|t:|1759010817
|switch|p2a: Manaphy|Manaphy|100/100
|turn|2
|
|t:|1759010820
|move|p2a: Manaphy|Tail Glow|p2a: Manaphy
|-boost|p2a: Manaphy|spa|3
|move|p1a: Scizor|Knock Off|p2a: Manaphy
|-damage|p2a: Manaphy|66/100
|-enditem|p2a: Manaphy|Leftovers|[from] move: Knock Off|[of] p1a: Scizor
|
|-weather|Snowscape|[upkeep]
|upkeep
|turn|3
|
|t:|1759010829
|move|p2a: Manaphy|Surf|p1a: Scizor
|-damage|p1a: Scizor|0 fnt
|faint|p1a: Scizor
|
|-weather|Snowscape|[upkeep]
|upkeep
|
|t:|1759010842
|switch|p1a: Houndoom|Houndoom, F|100/100
|turn|4
|
|t:|1759010847
|move|p2a: Manaphy|Surf|p1a: Houndoom
|-supereffective|p1a: Houndoom
|-enditem|p1a: Houndoom|Focus Sash
|-damage|p1a: Houndoom|1/100
|move|p1a: Houndoom|Endeavor|p2a: Manaphy
|-damage|p2a: Manaphy|1/100
|
|-weather|Snowscape|[upkeep]
|upkeep
|turn|5
|
|t:|1759010850
|move|p1a: Houndoom|Sucker Punch|p2a: Manaphy
|-damage|p2a: Manaphy|0 fnt
|faint|p2a: Manaphy
|
|-weather|none
|upkeep
|
|t:|1759010855
|switch|p2a: Kyurem|Kyurem|100/100
|-ability|p2a: Kyurem|Pressure
|turn|6
|
|t:|1759010860
|move|p2a: Kyurem|Scale Shot|p1a: Houndoom
|-damage|p1a: Houndoom|0 fnt
|faint|p1a: Houndoom
|-hitcount|p1: Houndoom|1
|-unboost|p2a: Kyurem|def|1
|-boost|p2a: Kyurem|spe|1
|
|upkeep
|
|t:|1759010869
|switch|p1a: Lycanroc|Lycanroc-Dusk, M|100/100
|turn|7
|
|t:|1759010875
|move|p1a: Lycanroc|Sucker Punch|p2a: Kyurem
|-damage|p2a: Kyurem|52/100
|move|p2a: Kyurem|Icicle Spear|p1a: Lycanroc
|-damage|p1a: Lycanroc|78/100
|-damage|p1a: Lycanroc|56/100
|-damage|p1a: Lycanroc|35/100
|-damage|p1a: Lycanroc|15/100
|-damage|p1a: Lycanroc|0 fnt
|faint|p1a: Lycanroc
|-hitcount|p1: Lycanroc|5
|
|upkeep
|
|t:|1759010885
|switch|p1a: Breloom|Breloom, M, shiny|100/100
|turn|8
|
|t:|1759010888
|move|p1a: Breloom|Mach Punch|p2a: Kyurem
|-supereffective|p2a: Kyurem
|-damage|p2a: Kyurem|0 fnt
|faint|p2a: Kyurem
|
|upkeep
|
|t:|1759010892
|switch|p2a: Zamazenta|Zamazenta|100/100
|-ability|p2a: Zamazenta|Dauntless Shield|boost
|-boost|p2a: Zamazenta|def|1
|turn|9
|
|t:|1759010899
|switch|p1a: Scyther|Scyther, F|100/100
|move|p2a: Zamazenta|Iron Defense|p2a: Zamazenta
|-boost|p2a: Zamazenta|def|2
|
|upkeep
|turn|10
|
|t:|1759010906
|move|p2a: Zamazenta|Ice Fang|p1a: Scyther
|-supereffective|p1a: Scyther
|-damage|p1a: Scyther|57/100
|move|p1a: Scyther|Swords Dance|p1a: Scyther
|-boost|p1a: Scyther|atk|2
|
|upkeep
|turn|11
|
|t:|1759010910
|move|p2a: Zamazenta|Body Press|p1a: Scyther
|-resisted|p1a: Scyther
|-damage|p1a: Scyther|36/100
|move|p1a: Scyther|Dual Wingbeat|p2a: Zamazenta
|-supereffective|p2a: Zamazenta
|-damage|p2a: Zamazenta|61/100
|-supereffective|p2a: Zamazenta
|-damage|p2a: Zamazenta|22/100
|-hitcount|p2a: Zamazenta|2
|
|-heal|p2a: Zamazenta|28/100|[from] item: Leftovers
|upkeep
|turn|12
|
|t:|1759010919
|move|p2a: Zamazenta|Ice Fang|p1a: Scyther
|-supereffective|p1a: Scyther
|-damage|p1a: Scyther|0 fnt
|faint|p1a: Scyther
|
|-heal|p2a: Zamazenta|35/100|[from] item: Leftovers
|upkeep
|
|t:|1759010922
|switch|p1a: Greninja|Greninja, M|100/100
|turn|13
|
|t:|1759010933
|-terastallize|p1a: Greninja|Poison
|move|p2a: Zamazenta|Body Press|p1a: Greninja
|-resisted|p1a: Greninja
|-damage|p1a: Greninja|35/100
|move|p1a: Greninja|Sludge Wave|p2a: Zamazenta
|-damage|p2a: Zamazenta|0 fnt
|faint|p2a: Zamazenta
|-ability|p1a: Greninja|Battle Bond|boost
|-boost|p1a: Greninja|atk|1
|-boost|p1a: Greninja|spa|1
|-boost|p1a: Greninja|spe|1
|-activate|p1a: Greninja|ability: Battle Bond
|
|upkeep
|
|t:|1759010937
|switch|p2a: Hatterene|Hatterene, F|100/100
|turn|14
|
|t:|1759010949
|move|p1a: Greninja|Sludge Wave|p2a: Hatterene
|-supereffective|p2a: Hatterene
|-damage|p2a: Hatterene|0 fnt
|faint|p2a: Hatterene
|
|upkeep
|
|t:|1759010955
|switch|p2a: Darkrai|Darkrai|100/100
|turn|15
|
|t:|1759010963
|-terastallize|p2a: Darkrai|Poison
|move|p1a: Greninja|Sludge Wave|p2a: Darkrai
|-resisted|p2a: Darkrai
|-damage|p2a: Darkrai|39/100
|move|p2a: Darkrai|Dark Pulse|p1a: Greninja
|-damage|p1a: Greninja|0 fnt
|faint|p1a: Greninja
|
|-heal|p2a: Darkrai|45/100|[from] item: Leftovers
|upkeep
|
|t:|1759010970
|switch|p1a: Breloom|Breloom, M, shiny|100/100
|turn|16
|
|t:|1759010979
|move|p2a: Darkrai|Ice Beam|p1a: Breloom
|-supereffective|p1a: Breloom
|-damage|p1a: Breloom|0 fnt
|faint|p1a: Breloom
|
|win|Kira The Cleanser
|raw|UnexpectdSets's rating: 1326 &rarr; <strong>1306</strong><br />(-20 for losing)
|raw|Kira The Cleanser's rating: 1324 &rarr; <strong>1344</strong><br />(+20 for winning)
|l|☆UnexpectdSets
|player|p1|
|l|☆Kira The Cleanser
|player|p2|
