|j|☆red zardy
|j|☆missingyat
|t:|1758984949
|gametype|singles
|player|p1|red zardy|266|1198
|player|p2|missingyat|clerk|1188
|gen|9
|tier|[Gen 9] OU
|rated|
|rule|HP Percentage Mod: HP is shown in percentages
|rule|Endless Battle Clause: Forcing endless battles is banned
|rule|Species Clause: Limit one of each Pokémon
|rule|OHKO Clause: OHKO moves are banned
|rule|Evasion Items Clause: Evasion items are banned
|rule|Evasion Moves Clause: Evasion moves are banned
|rule|Evasion Abilities Clause: Evasion abilities are banned
|rule|Sleep Moves Clause: Sleep-inducing moves are banned
|clearpoke
|poke|p1|Primarina, M|
|poke|p1|Dragalge, M|
|poke|p1|Salamence, M|
|poke|p1|Serperior, F|
|poke|p1|Charizard, M|
|poke|p1|Zoroark, F|
|poke|p2|Komala, F|
|poke|p2|Moltres|
|poke|p2|Shiftry, M|
|poke|p2|Milotic, M|
|poke|p2|Conkeldurr, M|
|poke|p2|Whimsicott, M|
|teampreview
|inactive|Battle timer is ON: inactive players will automatically lose when time's up. (requested by red zardy)
|
|t:|1758984985
|teamsize|p1|6
|teamsize|p2|6
|start
|switch|p1a: Primarina|Primarina, M|100/100
|switch|p2a: Shiftry|Shiftry, M|100/100
|turn|1
|
|t:|1758984994
|move|p2a: Shiftry|Tailwind|p2a: Shiftry
|-sidestart|p2: missingyat|move: Tailwind
|-ability|p2a: Shiftry|Wind Rider|boost
|-boost|p2a: Shiftry|atk|1
|move|p1a: Primarina|Moonblast|p2a: Shiftry
|-supereffective|p2a: Shiftry
|-enditem|p2a: Shiftry|Focus Sash
|-damage|p2a: Shiftry|1/100
|-damage|p1a: Primarina|91/100|[from] item: Life Orb
|
|upkeep
|turn|2
|
|t:|1758985017
|move|p2a: Shiftry|Leaf Blade|p1a: Primarina
|-supereffective|p1a: Primarina
|-damage|p1a: Primarina|0 fnt
|faint|p1a: Primarina
|
|upkeep
|
|t:|1758985027
|switch|p1a: Salamence|Salamence, M|100/100
|-ability|p1a: Salamence|Intimidate|boost
|-unboost|p2a: Shiftry|atk|1
|turn|3
|
|t:|1758985041
|move|p2a: Shiftry|Knock Off|p1a: Salamence
|-damage|p1a: Salamence|68/100
|-enditem|p1a: Salamence|Life Orb|[from] move: Knock Off|[of] p2a: Shiftry
|move|p1a: Salamence|Brick Break|p2a: Shiftry
|-supereffective|p2a: Shiftry
|-damage|p2a: Shiftry|0 fnt
|faint|p2a: Shiftry
|
|upkeep
|
|t:|1758985047
|switch|p2a: Whimsicott|Whimsicott, M|100/100
|turn|4
|
|t:|1758985057
|-terastallize|p1a: Salamence|Flying
|move|p2a: Whimsicott|Moonblast|p1a: Salamence
|-damage|p1a: Salamence|32/100
|-unboost|p1a: Salamence|spa|1
|move|p1a: Salamence|Tera Blast|p2a: Whimsicott|[anim] Tera Blast Flying
|-supereffective|p2a: Whimsicott
|-damage|p2a: Whimsicott|0 fnt
|faint|p2a: Whimsicott
|
|-sideend|p2: missingyat|move: Tailwind
|upkeep
|
|t:|1758985076
|switch|p2a: KFC|Moltres|100/100
|turn|5
|
|t:|1758985088
|move|p1a: Salamence|Tera Blast|p2a: KFC|[anim] Tera Blast Flying
|-damage|p2a: KFC|66/100
|move|p2a: KFC|Flamethrower|p1a: Salamence
|-damage|p1a: Salamence|0 fnt
|faint|p1a: Salamence
|
|upkeep
|
|t:|1758985097
|switch|p1a: Dragalge|Dragalge, M|100/100
|turn|6
|
|t:|1758985111
|move|p2a: KFC|U-turn|p1a: Dragalge
|-resisted|p1a: Dragalge
|-damage|p1a: Dragalge|93/100
|-status|p2a: KFC|psn|[from] ability: Poison Point|[of] p1a: Dragalge
|
|t:|1758985123
|switch|p2a: Milotic|Milotic, M|100/100|[from] U-turn
|move|p1a: Dragalge|Sludge Wave|p2a: Milotic
|-damage|p2a: Milotic|73/100
|-damage|p1a: Dragalge|83/100|[from] item: Life Orb
|
|-status|p2a: Milotic|brn|[from] item: Flame Orb
|upkeep
|turn|7
|
|t:|1758985135
|move|p1a: Dragalge|Sludge Wave|p2a: Milotic
|-damage|p2a: Milotic|45/100 brn
|-damage|p1a: Dragalge|73/100|[from] item: Life Orb
|move|p2a: Milotic|Dragon Tail|p1a: Dragalge
|-supereffective|p1a: Dragalge
|-crit|p1a: Dragalge
|-damage|p1a: Dragalge|60/100
|drag|p1a: Charizard|Charizard, M|100/100
|
|-damage|p2a: Milotic|39/100 brn|[from] brn
|upkeep
|turn|8
|
|t:|1758985153
|switch|p1a: Serperior|Serperior, F|100/100
|move|p2a: Milotic|Recover|p2a: Milotic
|-heal|p2a: Milotic|89/100 brn
|
|-damage|p2a: Milotic|83/100 brn|[from] brn
|upkeep
|turn|9
|
|t:|1758985166
|switch|p2a: KFC|Moltres|66/100 psn
|move|p1a: Serperior|Leaf Storm|p2a: KFC
|-resisted|p2a: KFC
|-damage|p2a: KFC|52/100 psn
|-boost|p1a: Serperior|spa|2
|
|-damage|p2a: KFC|40/100 psn|[from] psn
|upkeep
|turn|10
|
|t:|1758985176
|switch|p1a: Dragalge|Dragalge, M|60/100
|move|p2a: KFC|Flamethrower|p1a: Dragalge
|-resisted|p1a: Dragalge
|-damage|p1a: Dragalge|47/100
|
|-damage|p2a: KFC|28/100 psn|[from] psn
|upkeep
|turn|11
|
|t:|1758985185
|move|p2a: KFC|Hurricane|p1a: Dragalge
|-damage|p1a: Dragalge|16/100
|-start|p1a: Dragalge|confusion
|-activate|p1a: Dragalge|confusion
|move|p1a: Dragalge|Sludge Wave|p2a: KFC
|-damage|p2a: KFC|0 fnt
|faint|p2a: KFC
|-damage|p1a: Dragalge|6/100|[from] item: Life Orb
|
|upkeep
|
|t:|1758985192
|switch|p2a: Conkeldurr|Conkeldurr, M|100/100
|turn|12
|
|t:|1758985199
|move|p2a: Conkeldurr|Dynamic Punch|p1a: Dragalge|[miss]
|-miss|p2a: Conkeldurr|p1a: Dragalge
|-enditem|p2a: Conkeldurr|Blunder Policy
|-boost|p2a: Conkeldurr|spe|2
|-end|p1a: Dragalge|confusion
|move|p1a: Dragalge|Sludge Wave|p2a: Conkeldurr
|-damage|p2a: Conkeldurr|46/100
|-damage|p1a: Dragalge|0 fnt|[from] item: Life Orb
|faint|p1a: Dragalge
|
|upkeep
|
|t:|1758985222
|switch|p1a: Serperior|Serperior, F|100/100
|turn|13
|
|t:|1758985226
|move|p2a: Conkeldurr|Stomping Tantrum|p1a: Serperior
|-damage|p1a: Serperior|0 fnt
|replace|p1a: Zoroark|Zoroark, F
|-end|p1a: Zoroark|Illusion
|faint|p1a: Zoroark
|
|upkeep
|
|t:|1758985231
|switch|p1a: Serperior|Serperior, F|100/100
|turn|14
|
|t:|1758985238
|move|p2a: Conkeldurr|Bulk Up|p2a: Conkeldurr
|-boost|p2a: Conkeldurr|atk|1
|-boost|p2a: Conkeldurr|def|1
|move|p1a: Serperior|Leaf Storm|p2a: Conkeldurr
|-damage|p2a: Conkeldurr|0 fnt
|-boost|p1a: Serperior|spa|2
|faint|p2a: Conkeldurr
|
|upkeep
|
|t:|1758985244
|switch|p2a: Slizzy|Komala, F, shiny|100/100
|-ability|p2a: Slizzy|Comatose
|turn|15
|
|t:|1758985249
|move|p1a: Serperior|Leaf Storm|p2a: Slizzy
|-damage|p2a: Slizzy|6/100
|-boost|p1a: Serperior|spa|2
|move|p2a: Slizzy|Body Slam|p1a: Serperior
|-damage|p1a: Serperior|55/100
|
|upkeep
|turn|16
|
|t:|1758985258
|move|p2a: Slizzy|Sucker Punch|p1a: Serperior
|-damage|p1a: Serperior|29/100
|move|p1a: Serperior|Dragon Pulse|p2a: Slizzy
|-damage|p2a: Slizzy|0 fnt
|faint|p2a: Slizzy
|
|upkeep
|
|t:|1758985263
|switch|p2a: Milotic|Milotic, M|83/100 brn
|turn|17
|
|t:|1758985266
|move|p1a: Serperior|Leaf Storm|p2a: Milotic
|-supereffective|p2a: Milotic
|-damage|p2a: Milotic|0 fnt
|-boost|p1a: Serperior|spa|2
|faint|p2a: Milotic
|
|win|red zardy
|raw|red zardy's rating: 1198 &rarr; <strong>1222</strong><br />(+24 for winning)
|raw|missingyat's rating: 1188 &rarr; <strong>1164</strong><br />(-24 for losing)
|l|☆red zardy
|player|p1|
|l|☆missingyat
|player|p2|
