|j|☆DizzyAnimations
|j|☆Monkeman0_0
|t:|1759019046
|gametype|singles
|player|p1|DizzyAnimations|veteran|
|player|p2|Monkeman0_0|steven|
|gen|9
|tier|[Gen 9] OU
|rule|HP Percentage Mod: HP is shown in percentages
|rule|Endless Battle Clause: Forcing endless battles is banned
|rule|Species Clause: Limit one of each Pokémon
|rule|OHKO Clause: OHKO moves are banned
|rule|Evasion Items Clause: Evasion items are banned
|rule|Evasion Moves Clause: Evasion moves are banned
|rule|Evasion Abilities Clause: Evasion abilities are banned
|rule|Sleep Moves Clause: Sleep-inducing moves are banned
|clearpoke
|poke|p1|Tornadus-Therian, M|
|poke|p1|Tentacruel, M|
|poke|p1|Iron Thorns|
|poke|p1|Gholdengo|
|poke|p1|Great Tusk|
|poke|p1|Empoleon, M|
|poke|p2|Scizor, M|
|poke|p2|Ceruledge, F|
|poke|p2|Thundurus, M|
|poke|p2|Duraludon, F|
|poke|p2|Comfey, F|
|poke|p2|Gastrodon, M|
|teampreview
|j| atlanticjustice
|c| atlanticjustice|GL BOYS
|c| atlanticjustice|BATTLE HARD
|c|☆Monkeman0_0|GLGL
|c|☆DizzyAnimations|G:
|c|☆DizzyAnimations|GL*
|c|☆DizzyAnimations|W
|
|t:|1759019124
|teamsize|p1|6
|teamsize|p2|6
|start
|switch|p1a: Liver|Tentacruel, M|100/100
|switch|p2a: Artorias|Ceruledge, F|100/100
|turn|1
|
|t:|1759019170
|move|p2a: Artorias|Protect|p2a: Artorias
|-singleturn|p2a: Artorias|Protect
|move|p1a: Liver|Toxic Spikes|p2a: Artorias
|-sidestart|p2: Monkeman0_0|move: Toxic Spikes
|
|upkeep
|turn|2
|
|t:|1759019247
|switch|p2a: Kyle Livingston|Thundurus, M|100/100
|move|p1a: Liver|Toxic Spikes|p2a: Kyle Livingston
|-sidestart|p2: Monkeman0_0|move: Toxic Spikes
|
|upkeep
|turn|3
|
|t:|1759019292
|move|p2a: Kyle Livingston|Thunderbolt|p1a: Liver
|-supereffective|p1a: Liver
|-damage|p1a: Liver|42/100
|move|p1a: Liver|Flip Turn|p2a: Kyle Livingston
|-damage|p2a: Kyle Livingston|79/100
|
|t:|1759019341
|switch|p1a: Jeralt|Great Tusk|100/100|[from] Flip Turn
|-enditem|p1a: Jeralt|Booster Energy
|-activate|p1a: Jeralt|ability: Protosynthesis|[fromitem]
|-start|p1a: Jeralt|protosynthesisatk
|
|upkeep
|turn|4
|
|t:|1759019397
|move|p2a: Kyle Livingston|Grass Knot|p1a: Jeralt
|-supereffective|p1a: Jeralt
|-damage|p1a: Jeralt|0 fnt
|faint|p1a: Jeralt
|-end|p1a: Jeralt|Protosynthesis|[silent]
|
|upkeep
|
|t:|1759019436
|switch|p1a: Midas|Gholdengo|100/100
|turn|5
|
|t:|1759019464
|move|p1a: Midas|Hex|p2a: Kyle Livingston
|-damage|p2a: Kyle Livingston|30/100
|move|p2a: Kyle Livingston|Thunderbolt|p1a: Midas
|-damage|p1a: Midas|50/100
|
|upkeep
|turn|6
|
|t:|1759019527
|switch|p2a: G.O.D|Gastrodon, M|100/100
|-status|p2a: G.O.D|tox
|move|p1a: Midas|Hex|p2a: G.O.D
|-damage|p2a: G.O.D|52/100 tox
|
|-heal|p2a: G.O.D|58/100 tox|[from] item: Leftovers
|-damage|p2a: G.O.D|52/100 tox|[from] psn
|upkeep
|turn|7
|
|t:|1759019559
|switch|p1a: Pops|Tornadus-Therian, M|100/100
|move|p2a: G.O.D|Earth Power|p1a: Pops
|-immune|p1a: Pops
|
|-heal|p2a: G.O.D|58/100 tox|[from] item: Leftovers
|-damage|p2a: G.O.D|46/100 tox|[from] psn
|upkeep
|turn|8
|
|t:|1759019686
|move|p1a: Pops|Bleakwind Storm|p2a: G.O.D|[miss]
|-miss|p1a: Pops|p2a: G.O.D
|move|p2a: G.O.D|Ice Beam|p1a: Pops
|-supereffective|p1a: Pops
|-crit|p1a: Pops
|-damage|p1a: Pops|46/100
|
|-heal|p2a: G.O.D|52/100 tox|[from] item: Leftovers
|-damage|p2a: G.O.D|34/100 tox|[from] psn
|upkeep
|turn|9
|c|☆Monkeman0_0|actually unlucky holy
|c|☆DizzyAnimations|worst turn imaginable
|c|☆DizzyAnimations|literally lol
|
|t:|1759019711
|move|p1a: Pops|Bleakwind Storm|p2a: G.O.D
|-damage|p2a: G.O.D|0 fnt
|faint|p2a: G.O.D
|
|upkeep
|
|t:|1759019731
|switch|p2a: King Dickerus|Duraludon, F|100/100
|turn|10
|
|t:|1759019749
|move|p1a: Pops|U-turn|p2a: King Dickerus
|-resisted|p2a: King Dickerus
|-damage|p2a: King Dickerus|96/100
|
|t:|1759019790
|switch|p1a: Decim|Empoleon, M|100/100|[from] U-turn
|move|p2a: King Dickerus|Draco Meteor|p1a: Decim
|-resisted|p1a: Decim
|-damage|p1a: Decim|67/100
|-unboost|p2a: King Dickerus|spa|2
|
|-heal|p1a: Decim|73/100|[from] item: Leftovers
|upkeep
|turn|11
|
|t:|1759019829
|move|p2a: King Dickerus|Body Press|p1a: Decim
|-supereffective|p1a: Decim
|-damage|p1a: Decim|22/100
|move|p1a: Decim|Ice Beam|p2a: King Dickerus
|-damage|p2a: King Dickerus|57/100
|
|-heal|p1a: Decim|28/100|[from] item: Leftovers
|upkeep
|turn|12
|
|t:|1759019848
|move|p1a: Decim|Protect|p1a: Decim
|-singleturn|p1a: Decim|Protect
|move|p2a: King Dickerus|Body Press|p1a: Decim
|-activate|p1a: Decim|move: Protect
|
|-heal|p1a: Decim|34/100|[from] item: Leftovers
|upkeep
|turn|13
|
|t:|1759019929
|switch|p1a: Midas|Gholdengo|50/100
|move|p2a: King Dickerus|Body Press|p1a: Midas
|-immune|p1a: Midas
|
|upkeep
|turn|14
|
|t:|1759019985
|move|p1a: Midas|Hex|p2a: King Dickerus
|-damage|p2a: King Dickerus|12/100
|move|p2a: King Dickerus|Draco Meteor|p1a: Midas
|-resisted|p1a: Midas
|-damage|p1a: Midas|30/100
|-unboost|p2a: King Dickerus|spa|2
|
|upkeep
|turn|15
|
|t:|1759019995
|move|p1a: Midas|Hex|p2a: King Dickerus
|-damage|p2a: King Dickerus|0 fnt
|faint|p2a: King Dickerus
|
|upkeep
|
|t:|1759020013
|switch|p2a: Artorias|Ceruledge, F|100/100
|-status|p2a: Artorias|tox
|turn|16
|
|t:|1759020060
|switch|p1a: Decim|Empoleon, M|34/100
|-terastallize|p2a: Artorias|Dark
|move|p2a: Artorias|Shadow Sneak|p1a: Decim
|-damage|p1a: Decim|1/100
|-damage|p2a: Artorias|91/100 tox|[from] item: Life Orb
|
|-heal|p1a: Decim|7/100|[from] item: Leftovers
|-damage|p2a: Artorias|85/100 tox|[from] psn
|upkeep
|turn|17
|
|t:|1759020090
|move|p1a: Decim|Protect|p1a: Decim
|-singleturn|p1a: Decim|Protect
|move|p2a: Artorias|Shadow Sneak|p1a: Decim
|-activate|p1a: Decim|move: Protect
|
|-heal|p1a: Decim|13/100|[from] item: Leftovers
|-damage|p2a: Artorias|73/100 tox|[from] psn
|upkeep
|turn|18
|
|t:|1759020126
|move|p1a: Decim|Aqua Jet|p2a: Artorias
|-damage|p2a: Artorias|57/100 tox
|-ability|p2a: Artorias|Weak Armor|boost
|-unboost|p2a: Artorias|def|1
|-boost|p2a: Artorias|spe|2
|move|p2a: Artorias|Bitter Blade|p1a: Decim
|-damage|p1a: Decim|0 fnt
|-heal|p2a: Artorias|64/100 tox|[from] drain|[of] p1a: Decim
|faint|p1a: Decim
|-damage|p2a: Artorias|54/100 tox|[from] item: Life Orb
|
|-damage|p2a: Artorias|36/100 tox|[from] psn
|upkeep
|
|t:|1759020168
|switch|p1a: Mr. DD|Iron Thorns|100/100
|-enditem|p1a: Mr. DD|Booster Energy
|-activate|p1a: Mr. DD|ability: Quark Drive|[fromitem]
|-start|p1a: Mr. DD|quarkdriveatk
|turn|19
|
|t:|1759020293
|move|p2a: Artorias|Shadow Sneak|p1a: Mr. DD
|-damage|p1a: Mr. DD|75/100
|-damage|p2a: Artorias|26/100 tox|[from] item: Life Orb
|move|p1a: Mr. DD|Wild Charge|p2a: Artorias
|-damage|p2a: Artorias|0 fnt
|faint|p2a: Artorias
|-damage|p1a: Mr. DD|69/100|[from] Recoil
|
|upkeep
|
|t:|1759020311
|switch|p2a: Cutie Patootie|Comfey, F|100/100
|-status|p2a: Cutie Patootie|tox
|turn|20
|
|t:|1759020328
|-terastallize|p1a: Mr. DD|Grass
|move|p2a: Cutie Patootie|Giga Drain|p1a: Mr. DD
|-resisted|p1a: Mr. DD
|-damage|p1a: Mr. DD|53/100
|-damage|p2a: Cutie Patootie|91/100 tox|[from] item: Life Orb
|move|p1a: Mr. DD|Dragon Dance|p1a: Mr. DD
|-boost|p1a: Mr. DD|atk|1
|-boost|p1a: Mr. DD|spe|1
|
|-damage|p2a: Cutie Patootie|84/100 tox|[from] psn
|upkeep
|turn|21
|
|t:|1759020468
|move|p2a: Cutie Patootie|Draining Kiss|p1a: Mr. DD
|-damage|p1a: Mr. DD|14/100
|-heal|p2a: Cutie Patootie|100/100 tox|[from] drain|[of] p1a: Mr. DD
|-damage|p2a: Cutie Patootie|91/100 tox|[from] item: Life Orb
|move|p1a: Mr. DD|Stone Edge|p2a: Cutie Patootie
|-damage|p2a: Cutie Patootie|0 fnt
|faint|p2a: Cutie Patootie
|
|upkeep
|
|t:|1759020480
|switch|p2a: Diablo|Scizor, M, shiny|100/100
|turn|22
|
|t:|1759020490
|move|p2a: Diablo|Bullet Punch|p1a: Mr. DD
|-damage|p1a: Mr. DD|0 fnt
|faint|p1a: Mr. DD
|-end|p1a: Mr. DD|Quark Drive|[silent]
|-damage|p2a: Diablo|91/100|[from] item: Life Orb
|
|upkeep
|
|t:|1759020559
|switch|p1a: Pops|Tornadus-Therian, M|80/100
|turn|23
|
|t:|1759020636
|move|p2a: Diablo|Bullet Punch|p1a: Pops
|-damage|p1a: Pops|21/100
|-damage|p2a: Diablo|81/100|[from] item: Life Orb
|move|p1a: Pops|Heat Wave|p2a: Diablo
|-supereffective|p2a: Diablo
|-damage|p2a: Diablo|0 fnt
|faint|p2a: Diablo
|
|upkeep
|
|t:|1759020643
|switch|p2a: Kyle Livingston|Thundurus, M|30/100
|turn|24
|
|t:|1759020650
|move|p2a: Kyle Livingston|Thunder Wave|p1a: Pops
|-status|p1a: Pops|par
|cant|p1a: Pops|par
|
|upkeep
|turn|25
|
|t:|1759020665
|move|p2a: Kyle Livingston|Thunderbolt|p1a: Pops
|-supereffective|p1a: Pops
|-damage|p1a: Pops|0 fnt
|faint|p1a: Pops
|
|upkeep
|
|t:|1759020672
|switch|p1a: Midas|Gholdengo|30/100
|turn|26
|c|☆Monkeman0_0|ggs
|c|☆DizzyAnimations|gg brother
|c|☆DizzyAnimations|what a match
|
|t:|1759020692
|move|p1a: Midas|Hex|p2a: Kyle Livingston
|-damage|p2a: Kyle Livingston|0 fnt
|faint|p2a: Kyle Livingston
|
|win|DizzyAnimations
|c|☆Monkeman0_0|you can send it brotha
|l|☆Monkeman0_0
|player|p2|
|c|☆DizzyAnimations|yessir
