|j|☆yalfz
|j|☆Chromelaser
|t:|1758979042
|gametype|singles
|player|p1|yalfz|firebreather|1146
|player|p2|Chromelaser|marshal|1131
|gen|9
|tier|[Gen 9] OU
|rated|
|rule|HP Percentage Mod: HP is shown in percentages
|rule|Endless Battle Clause: Forcing endless battles is banned
|rule|Species Clause: Limit one of each Pokémon
|rule|OHKO Clause: OHKO moves are banned
|rule|Evasion Items Clause: Evasion items are banned
|rule|Evasion Moves Clause: Evasion moves are banned
|rule|Evasion Abilities Clause: Evasion abilities are banned
|rule|Sleep Moves Clause: Sleep-inducing moves are banned
|clearpoke
|poke|p1|Great Tusk|
|poke|p1|Kingambit, M|
|poke|p1|Raging Bolt|
|poke|p1|Walking Wake|
|poke|p1|Ninetales, M|
|poke|p1|Ceruledge, M|
|poke|p2|Smeargle, M|
|poke|p2|Mimikyu, M|
|poke|p2|Froslass, F|
|poke|p2|Houndoom, M|
|poke|p2|Gengar, M|
|poke|p2|Kyurem|
|teampreview
|inactive|Battle timer is ON: inactive players will automatically lose when time's up. (requested by yalfz)
|inactive|Chromelaser has 120 seconds left.
|inactive|Chromelaser has 90 seconds left.
|
|t:|1758979128
|teamsize|p1|6
|teamsize|p2|6
|start
|switch|p1a: Ninetales|Ninetales, M|100/100
|switch|p2a: Omega|Kyurem, shiny|100/100
|-weather|SunnyDay|[from] ability: Drought|[of] p1a: Ninetales
|-ability|p2a: Omega|Pressure
|turn|1
|
|t:|1758979140
|-terastallize|p2a: Omega|Fire
|move|p1a: Ninetales|Overheat|p2a: Omega|[miss]
|-miss|p1a: Ninetales|p2a: Omega
|move|p2a: Omega|Dragon Dance|p2a: Omega
|-boost|p2a: Omega|atk|1
|-boost|p2a: Omega|spe|1
|
|-weather|SunnyDay|[upkeep]
|upkeep
|turn|2
|
|t:|1758979149
|move|p2a: Omega|Dragon Dance|p2a: Omega
|-boost|p2a: Omega|atk|1
|-boost|p2a: Omega|spe|1
|move|p1a: Ninetales|Encore|p2a: Omega
|-start|p2a: Omega|Encore
|
|-weather|SunnyDay|[upkeep]
|upkeep
|turn|3
|
|t:|1758979159
|switch|p2a: Doomsday|Houndoom, M, shiny|100/100
|-ability|p2a: Doomsday|Unnerve
|switch|p1a: Walking Wake|Walking Wake|100/100
|-activate|p1a: Walking Wake|ability: Protosynthesis
|-start|p1a: Walking Wake|protosynthesisspe
|
|-weather|SunnyDay|[upkeep]
|upkeep
|turn|4
|
|t:|1758979174
|move|p1a: Walking Wake|Hydro Steam|p2a: Doomsday
|-supereffective|p2a: Doomsday
|-damage|p2a: Doomsday|0 fnt
|faint|p2a: Doomsday
|
|-weather|SunnyDay|[upkeep]
|upkeep
|
|t:|1758979182
|switch|p2a: Razor|Smeargle, M, shiny|100/100
|turn|5
|
|t:|1758979189
|move|p1a: Walking Wake|Hydro Steam|p2a: Razor
|-enditem|p2a: Razor|Focus Sash
|-damage|p2a: Razor|1/100
|move|p2a: Razor|Shell Smash|p2a: Razor
|-unboost|p2a: Razor|def|1
|-unboost|p2a: Razor|spd|1
|-boost|p2a: Razor|atk|2
|-boost|p2a: Razor|spa|2
|-boost|p2a: Razor|spe|2
|
|-weather|SunnyDay|[upkeep]
|upkeep
|turn|6
|
|t:|1758979201
|move|p2a: Razor|Destiny Bond|p2a: Razor
|-singlemove|p2a: Razor|Destiny Bond
|move|p1a: Walking Wake|Hydro Steam|p2a: Razor
|-damage|p2a: Razor|0 fnt
|faint|p2a: Razor
|-activate|p2a: Razor|move: Destiny Bond
|faint|p1a: Walking Wake
|-end|p1a: Walking Wake|Protosynthesis|[silent]
|
|-weather|SunnyDay|[upkeep]
|upkeep
|
|t:|1758979215
|switch|p1a: Raging Bolt|Raging Bolt|100/100
|switch|p2a: Charlotte|Froslass, F, shiny|100/100
|-activate|p1a: Raging Bolt|ability: Protosynthesis
|-start|p1a: Raging Bolt|protosynthesisspa
|turn|7
|
|t:|1758979224
|move|p2a: Charlotte|Ice Beam|p1a: Raging Bolt
|-supereffective|p1a: Raging Bolt
|-damage|p1a: Raging Bolt|39/100
|move|p1a: Raging Bolt|Weather Ball|p2a: Charlotte
|-supereffective|p2a: Charlotte
|-damage|p2a: Charlotte|0 fnt
|faint|p2a: Charlotte
|-damage|p1a: Raging Bolt|29/100|[from] item: Life Orb
|
|-weather|SunnyDay|[upkeep]
|upkeep
|
|t:|1758979235
|switch|p2a: Omega|Kyurem, shiny, tera:Fire|100/100
|-ability|p2a: Omega|Pressure
|turn|8
|
|t:|1758979246
|move|p2a: Omega|Dragon Dance|p2a: Omega
|-boost|p2a: Omega|atk|1
|-boost|p2a: Omega|spe|1
|move|p1a: Raging Bolt|Dragon Pulse|p2a: Omega
|-damage|p2a: Omega|15/100
|-damage|p1a: Raging Bolt|19/100|[from] item: Life Orb
|
|-weather|none
|-end|p1a: Raging Bolt|Protosynthesis
|upkeep
|turn|9
|
|t:|1758979255
|move|p1a: Raging Bolt|Thunderclap|p2a: Omega
|-damage|p2a: Omega|0 fnt
|faint|p2a: Omega
|-damage|p1a: Raging Bolt|9/100|[from] item: Life Orb
|
|upkeep
|
|t:|1758979262
|switch|p2a: Trainee|Mimikyu, M|100/100
|turn|10
|
|t:|1758979271
|-end|p1a: Raging Bolt|Protosynthesis|[silent]
|switch|p1a: Ninetales|Ninetales, M|100/100
|-weather|SunnyDay|[from] ability: Drought|[of] p1a: Ninetales
|move|p2a: Trainee|Hone Claws|p2a: Trainee
|-boost|p2a: Trainee|atk|1
|-boost|p2a: Trainee|accuracy|1
|
|-weather|SunnyDay|[upkeep]
|upkeep
|turn|11
|
|t:|1758979281
|move|p1a: Ninetales|Encore|p2a: Trainee
|-start|p2a: Trainee|Encore
|move|p2a: Trainee|Hone Claws|p2a: Trainee
|-boost|p2a: Trainee|atk|1
|-boost|p2a: Trainee|accuracy|1
|
|-weather|SunnyDay|[upkeep]
|upkeep
|turn|12
|
|t:|1758979293
|switch|p2a: Happy|Gengar, M, shiny|100/100
|move|p1a: Ninetales|Scorching Sands|p2a: Happy
|-supereffective|p2a: Happy
|-damage|p2a: Happy|39/100
|
|-weather|SunnyDay|[upkeep]
|upkeep
|turn|13
|
|t:|1758979300
|move|p2a: Happy|Destiny Bond|p2a: Happy
|-singlemove|p2a: Happy|Destiny Bond
|move|p1a: Ninetales|Scorching Sands|p2a: Happy
|-supereffective|p2a: Happy
|-damage|p2a: Happy|0 fnt
|faint|p2a: Happy
|-activate|p2a: Happy|move: Destiny Bond
|faint|p1a: Ninetales
|
|-weather|SunnyDay|[upkeep]
|upkeep
|
|t:|1758979309
|switch|p2a: Trainee|Mimikyu, M|100/100
|switch|p1a: Kingambit|Kingambit, M|100/100
|-activate|p1a: Kingambit|ability: Supreme Overlord
|-start|p1a: Kingambit|fallen2|[silent]
|-item|p1a: Kingambit|Air Balloon
|turn|14
|
|t:|1758979318
|move|p2a: Trainee|Hone Claws|p2a: Trainee
|-boost|p2a: Trainee|atk|1
|-boost|p2a: Trainee|accuracy|1
|move|p1a: Kingambit|Kowtow Cleave|p2a: Trainee
|-activate|p2a: Trainee|ability: Disguise
|-damage|p2a: Trainee|100/100
|detailschange|p2a: Trainee|Mimikyu-Busted, M
|-damage|p2a: Trainee|88/100|[from] pokemon: Mimikyu-Busted
|
|-weather|SunnyDay|[upkeep]
|upkeep
|turn|15
|
|t:|1758979330
|move|p1a: Kingambit|Sucker Punch|p2a: Trainee
|-damage|p2a: Trainee|4/100
|-enditem|p2a: Trainee|Salac Berry|[eat]
|-boost|p2a: Trainee|spe|1|[from] item: Salac Berry
|move|p2a: Trainee|Play Rough|p1a: Kingambit
|-damage|p1a: Kingambit|60/100
|-enditem|p1a: Kingambit|Air Balloon
|
|-weather|SunnyDay|[upkeep]
|upkeep
|turn|16
|
|t:|1758979342
|move|p2a: Trainee|Hone Claws|p2a: Trainee
|-boost|p2a: Trainee|atk|1
|-boost|p2a: Trainee|accuracy|1
|move|p1a: Kingambit|Kowtow Cleave|p2a: Trainee
|-damage|p2a: Trainee|0 fnt
|faint|p2a: Trainee
|
|win|yalfz
|raw|yalfz's rating: 1146 &rarr; <strong>1170</strong><br />(+24 for winning)
|raw|Chromelaser's rating: 1131 &rarr; <strong>1107</strong><br />(-24 for losing)
|l|☆Chromelaser
|player|p2|
|l|☆yalfz
|player|p1|
