|j|☆Poochery
|j|☆n0lda
|t:|1758959772
|gametype|singles
|player|p1|Poochery|yellow|1078
|player|p2|n0lda|169|1061
|gen|9
|tier|[Gen 9] OU
|rated|
|rule|HP Percentage Mod: HP is shown in percentages
|rule|Endless Battle Clause: Forcing endless battles is banned
|rule|Species Clause: Limit one of each Pokémon
|rule|OHKO Clause: OHKO moves are banned
|rule|Evasion Items Clause: Evasion items are banned
|rule|Evasion Moves Clause: Evasion moves are banned
|rule|Evasion Abilities Clause: Evasion abilities are banned
|rule|Sleep Moves Clause: Sleep-inducing moves are banned
|clearpoke
|poke|p1|Ursaluna, F|
|poke|p1|Maushold-Four|
|poke|p1|Zoroark-Hisui, M|
|poke|p1|Ambipom, M|
|poke|p1|Wyrdeer, F|
|poke|p1|Grafaiai, F|
|poke|p2|Muk-Alola, M|
|poke|p2|Zoroark-Hisui, F|
|poke|p2|Zapdos-Galar|
|poke|p2|Iron Treads|
|poke|p2|Ribombee, M|
|poke|p2|Vaporeon, F|
|teampreview
|inactive|Battle timer is ON: inactive players will automatically lose when time's up. (requested by Poochery)
|inactive|n0lda has 120 seconds left.
|
|t:|1758959818
|teamsize|p1|6
|teamsize|p2|6
|start
|switch|p1a: Wyrdeer|Wyrdeer, F|100/100
|switch|p2a: Zapdos|Zapdos-Galar|100/100
|-ability|p1a: Wyrdeer|Intimidate|boost
|-unboost|p2a: Zapdos|atk|1
|turn|1
|inactive|Poochery has 120 seconds left.
|inactive|Poochery has 90 seconds left.
|inactive|Poochery has 60 seconds left.
|
|t:|1758959918
|move|p2a: Zapdos|U-turn|p1a: Wyrdeer
|-supereffective|p1a: Wyrdeer
|-damage|p1a: Wyrdeer|81/100
|
|t:|1758959929
|switch|p2a: Vaporeon|Vaporeon, F|100/100|[from] U-turn
|move|p1a: Wyrdeer|Light Screen|p1a: Wyrdeer
|-sidestart|p1: Poochery|move: Light Screen
|
|upkeep
|turn|2
|inactive|Poochery has 60 seconds left.
|
|t:|1758959942
|move|p1a: Wyrdeer|Reflect|p1a: Wyrdeer
|-sidestart|p1: Poochery|Reflect
|move|p2a: Vaporeon|Scald|p1a: Wyrdeer
|-crit|p1a: Wyrdeer
|-damage|p1a: Wyrdeer|49/100
|
|upkeep
|turn|3
|
|t:|1758959955
|move|p1a: Wyrdeer|Thunder Wave|p2a: Vaporeon|[miss]
|-miss|p1a: Wyrdeer|p2a: Vaporeon
|move|p2a: Vaporeon|Scald|p1a: Wyrdeer
|-damage|p1a: Wyrdeer|38/100
|
|upkeep
|turn|4
|
|t:|1758959963
|switch|p2a: Iron Treads|Iron Treads|100/100
|move|p1a: Wyrdeer|Thunder Wave|p2a: Iron Treads
|-immune|p2a: Iron Treads
|
|upkeep
|turn|5
|
|t:|1758959984
|switch|p1a: Ursaluna|Ursaluna, F|100/100
|move|p2a: Iron Treads|Rapid Spin|p1a: Ursaluna
|-damage|p1a: Ursaluna|95/100
|-boost|p2a: Iron Treads|spe|1
|
|-status|p1a: Ursaluna|brn|[from] item: Flame Orb
|upkeep
|turn|6
|inactive|Poochery has 90 seconds left.
|inactive|n0lda has 120 seconds left.
|
|t:|1758960012
|-end|p2a: Iron Treads|Quark Drive|[silent]
|switch|p2a: Ribombee|Ribombee, M|100/100
|move|p1a: Ursaluna|Trailblaze|p2a: Ribombee
|-resisted|p2a: Ribombee
|-damage|p2a: Ribombee|71/100
|-boost|p1a: Ursaluna|spe|1
|
|-damage|p1a: Ursaluna|89/100 brn|[from] brn
|upkeep
|turn|7
|
|t:|1758960027
|move|p2a: Ribombee|Sticky Web|p1a: Ursaluna
|-sidestart|p1: Poochery|move: Sticky Web
|move|p1a: Ursaluna|Trailblaze|p2a: Ribombee
|-resisted|p2a: Ribombee
|-damage|p2a: Ribombee|43/100
|-boost|p1a: Ursaluna|spe|1
|
|-damage|p1a: Ursaluna|83/100 brn|[from] brn
|upkeep
|turn|8
|
|t:|1758960038
|move|p2a: Ribombee|Energy Ball|p1a: Ursaluna
|-supereffective|p1a: Ursaluna
|-damage|p1a: Ursaluna|59/100 brn
|move|p1a: Ursaluna|Trailblaze|p2a: Ribombee
|-resisted|p2a: Ribombee
|-damage|p2a: Ribombee|13/100
|-boost|p1a: Ursaluna|spe|1
|
|-damage|p1a: Ursaluna|53/100 brn|[from] brn
|-sideend|p1: Poochery|move: Light Screen
|upkeep
|turn|9
|
|t:|1758960058
|-terastallize|p1a: Ursaluna|Ghost
|move|p2a: Ribombee|Energy Ball|p1a: Ursaluna
|-damage|p1a: Ursaluna|30/100 brn
|move|p1a: Ursaluna|Trailblaze|p2a: Ribombee
|-resisted|p2a: Ribombee
|-damage|p2a: Ribombee|0 fnt
|-boost|p1a: Ursaluna|spe|1
|faint|p2a: Ribombee
|
|-damage|p1a: Ursaluna|24/100 brn|[from] brn
|-sideend|p1: Poochery|Reflect
|upkeep
|inactive|n0lda has 90 seconds left.
|
|t:|1758960096
|switch|p2a: Zapdos|Zapdos-Galar|100/100
|turn|10
|
|t:|1758960106
|move|p1a: Ursaluna|Facade|p2a: Zapdos
|-immune|p2a: Zapdos
|move|p2a: Zapdos|Bitter Malice|p1a: Ursaluna
|-supereffective|p1a: Ursaluna
|-damage|p1a: Ursaluna|0 fnt
|faint|p1a: Ursaluna
|
|upkeep
|inactive|Poochery has 90 seconds left.
|
|t:|1758960127
|switch|p1a: Wyrdeer|Wyrdeer, F|38/100
|-activate|p1a: Wyrdeer|move: Sticky Web
|-unboost|p1a: Wyrdeer|spe|1
|-ability|p1a: Wyrdeer|Intimidate|boost
|-unboost|p2a: Zapdos|atk|1
|turn|11
|inactive|n0lda has 90 seconds left.
|
|t:|1758960144
|switch|p2a: Muk|Muk-Alola, M|100/100
|move|p1a: Wyrdeer|Reflect|p1a: Wyrdeer
|-sidestart|p1: Poochery|Reflect
|
|upkeep
|turn|12
|
|t:|1758960150
|move|p2a: Muk|Curse|p2a: Muk
|-unboost|p2a: Muk|spe|1
|-boost|p2a: Muk|atk|1
|-boost|p2a: Muk|def|1
|move|p1a: Wyrdeer|Light Screen|p1a: Wyrdeer
|-sidestart|p1: Poochery|move: Light Screen
|
|upkeep
|turn|13
|inactive|n0lda has 90 seconds left.
|
|t:|1758960158
|switch|p1a: Maushold|Maushold-Four|100/100
|-activate|p1a: Maushold|move: Sticky Web
|-unboost|p1a: Maushold|spe|1
|move|p2a: Muk|Curse|p2a: Muk
|-unboost|p2a: Muk|spe|1
|-boost|p2a: Muk|atk|1
|-boost|p2a: Muk|def|1
|
|upkeep
|turn|14
|inactive|n0lda has 90 seconds left.
|
|t:|1758960172
|move|p1a: Maushold|Encore|p2a: Muk
|-start|p2a: Muk|Encore
|move|p2a: Muk|Curse|p2a: Muk
|-unboost|p2a: Muk|spe|1
|-boost|p2a: Muk|atk|1
|-boost|p2a: Muk|def|1
|
|upkeep
|turn|15
|inactive|n0lda has 90 seconds left.
|
|t:|1758960188
|switch|p2a: Iron Treads|Iron Treads|100/100
|move|p1a: Maushold|Tidy Up|p1a: Maushold
|-sideend|p1: Poochery|Sticky Web
|-activate|p1a: Maushold|move: Tidy Up
|-boost|p1a: Maushold|atk|1
|-boost|p1a: Maushold|spe|1
|
|upkeep
|turn|16
|inactive|n0lda has 90 seconds left.
|
|t:|1758960198
|move|p1a: Maushold|U-turn|p2a: Iron Treads
|-resisted|p2a: Iron Treads
|-damage|p2a: Iron Treads|90/100
|
|t:|1758960202
|switch|p1a: Wyrdeer|Wyrdeer, F|38/100|[from] U-turn
|-ability|p1a: Wyrdeer|Intimidate|boost
|-unboost|p2a: Iron Treads|atk|1
|move|p2a: Iron Treads|Earthquake|p1a: Wyrdeer
|-damage|p1a: Wyrdeer|20/100
|
|upkeep
|turn|17
|inactive|n0lda has 90 seconds left.
|
|t:|1758960214
|move|p2a: Iron Treads|Earthquake|p1a: Wyrdeer
|-damage|p1a: Wyrdeer|4/100
|move|p1a: Wyrdeer|Psychic Noise|p2a: Iron Treads
|-resisted|p2a: Iron Treads
|-damage|p2a: Iron Treads|78/100
|-start|p2a: Iron Treads|move: Heal Block
|
|upkeep
|turn|18
|inactive|n0lda has 90 seconds left.
|
|t:|1758960230
|-end|p2a: Iron Treads|Quark Drive|[silent]
|switch|p2a: Muk|Muk-Alola, M|100/100
|move|p1a: Wyrdeer|Psychic Noise|p2a: Muk
|-immune|p2a: Muk
|
|-sideend|p1: Poochery|Reflect
|upkeep
|turn|19
|inactive|n0lda has 90 seconds left.
|
|t:|1758960244
|move|p1a: Wyrdeer|Reflect|p1a: Wyrdeer
|-sidestart|p1: Poochery|Reflect
|move|p2a: Muk|Drain Punch|p1a: Wyrdeer
|-damage|p1a: Wyrdeer|0 fnt
|faint|p1a: Wyrdeer
|
|-sideend|p1: Poochery|move: Light Screen
|upkeep
|
|t:|1758960256
|switch|p1a: Ambipom|Ambipom, M|100/100
|turn|20
|inactive|n0lda has 90 seconds left.
|
|t:|1758960269
|move|p1a: Ambipom|Fake Out|p2a: Muk
|-damage|p2a: Muk|62/100
|-damage|p1a: Ambipom|91/100|[from] item: Life Orb
|cant|p2a: Muk|flinch
|
|upkeep
|turn|21
|inactive|n0lda has 90 seconds left.
|
|t:|1758960287
|move|p1a: Ambipom|Triple Axel|p2a: Muk
|-damage|p2a: Muk|50/100
|-enditem|p2a: Muk|Aguav Berry|[eat]
|-heal|p2a: Muk|83/100|[from] item: Aguav Berry
|-damage|p2a: Muk|58/100
|-damage|p2a: Muk|21/100
|-hitcount|p2a: Muk|3
|-damage|p1a: Ambipom|81/100|[from] item: Life Orb
|move|p2a: Muk|Curse|p2a: Muk
|-unboost|p2a: Muk|spe|1
|-boost|p2a: Muk|atk|1
|-boost|p2a: Muk|def|1
|
|upkeep
|turn|22
|inactive|n0lda has 90 seconds left.
|
|t:|1758960305
|switch|p2a: Vaporeon|Vaporeon, F|100/100
|move|p1a: Ambipom|Triple Axel|p2a: Vaporeon
|-resisted|p2a: Vaporeon
|-damage|p2a: Vaporeon|97/100
|-resisted|p2a: Vaporeon
|-crit|p2a: Vaporeon
|-damage|p2a: Vaporeon|85/100
|-resisted|p2a: Vaporeon
|-damage|p2a: Vaporeon|72/100
|-hitcount|p2a: Vaporeon|3
|-damage|p1a: Ambipom|71/100|[from] item: Life Orb
|
|-heal|p2a: Vaporeon|78/100|[from] item: Leftovers
|upkeep
|turn|23
|
|t:|1758960318
|move|p1a: Ambipom|U-turn|p2a: Vaporeon
|-crit|p2a: Vaporeon
|-damage|p2a: Vaporeon|48/100
|-damage|p1a: Ambipom|61/100|[from] item: Life Orb
|
|t:|1758960322
|switch|p1a: Grafaiai|Grafaiai, F|100/100|[from] U-turn
|move|p2a: Vaporeon|Wish|p2a: Vaporeon
|
|-heal|p2a: Vaporeon|54/100|[from] item: Leftovers
|upkeep
|turn|24
|inactive|n0lda has 90 seconds left.
|
|t:|1758960334
|move|p1a: Grafaiai|Toxic|p2a: Vaporeon
|-status|p2a: Vaporeon|tox
|move|p2a: Vaporeon|Flip Turn|p1a: Grafaiai
|-damage|p1a: Grafaiai|90/100
|
|t:|1758960339
|switch|p2a: Muk|Muk-Alola, M|21/100|[from] Flip Turn
|
|-heal|p2a: Muk|76/100|[from] move: Wish|[wisher] Vaporeon
|upkeep
|turn|25
|inactive|n0lda has 90 seconds left.
|
|t:|1758960358
|switch|p1a: Ambipom|Ambipom, M|61/100
|move|p2a: Muk|Knock Off|p1a: Ambipom
|-damage|p1a: Ambipom|29/100
|-enditem|p1a: Ambipom|Life Orb|[from] move: Knock Off|[of] p2a: Muk
|
|upkeep
|turn|26
|
|t:|1758960368
|switch|p2a: Zapdos|Zapdos-Galar|100/100
|move|p1a: Ambipom|Triple Axel|p2a: Zapdos
|-damage|p2a: Zapdos|84/100
|replace|p2a: Zoroark|Zoroark-Hisui, F, shiny
|-end|p2a: Zoroark|Illusion
|-damage|p2a: Zoroark|50/100
|-damage|p2a: Zoroark|0 fnt
|faint|p2a: Zoroark
|-hitcount|p2: Zoroark|3
|
|-sideend|p1: Poochery|Reflect
|upkeep
|
|t:|1758960396
|switch|p2a: Vaporeon|Vaporeon, F|54/100 tox
|turn|27
|
|t:|1758960403
|move|p1a: Ambipom|U-turn|p2a: Vaporeon
|-damage|p2a: Vaporeon|38/100 tox
|
|t:|1758960407
|switch|p1a: Grafaiai|Grafaiai, F|100/100|[from] U-turn
|move|p2a: Vaporeon|Scald|p1a: Grafaiai
|-damage|p1a: Grafaiai|34/100
|replace|p1a: Zoroark|Zoroark-Hisui, M
|-end|p1a: Zoroark|Illusion
|
|-heal|p2a: Vaporeon|44/100 tox|[from] item: Leftovers
|-damage|p2a: Vaporeon|38/100 tox|[from] psn
|upkeep
|turn|28
|
|t:|1758960430
|move|p1a: Zoroark|Hyper Voice|p2a: Vaporeon
|-damage|p2a: Vaporeon|6/100 tox
|-enditem|p1a: Zoroark|Throat Spray
|-boost|p1a: Zoroark|spa|1|[from] item: Throat Spray
|move|p2a: Vaporeon|Scald|p1a: Zoroark
|-damage|p1a: Zoroark|0 fnt
|faint|p1a: Zoroark
|
|-heal|p2a: Vaporeon|12/100 tox|[from] item: Leftovers
|-damage|p2a: Vaporeon|0 fnt|[from] psn
|faint|p2a: Vaporeon
|upkeep
|inactive|n0lda has 60 seconds left.
|
|t:|1758960445
|switch|p1a: Ambipom|Ambipom, M|29/100
|switch|p2a: Iron Treads|Iron Treads|78/100
|turn|29
|inactive|n0lda has 60 seconds left.
|c|☆Poochery|Damn good game man
|
|t:|1758960457
|move|p1a: Ambipom|Fake Out|p2a: Iron Treads
|-resisted|p2a: Iron Treads
|-damage|p2a: Iron Treads|66/100
|cant|p2a: Iron Treads|flinch
|
|upkeep
|turn|30
|inactive|n0lda has 60 seconds left.
|
|t:|1758960463
|move|p1a: Ambipom|Triple Axel|p2a: Iron Treads
|-damage|p2a: Iron Treads|58/100
|-damage|p2a: Iron Treads|42/100
|-damage|p2a: Iron Treads|19/100
|-hitcount|p2a: Iron Treads|3
|move|p2a: Iron Treads|Rapid Spin|p1a: Ambipom
|-damage|p1a: Ambipom|5/100
|-boost|p2a: Iron Treads|spe|1
|
|upkeep
|turn|31
|inactive|n0lda has 60 seconds left.
|
|t:|1758960485
|move|p2a: Iron Treads|Earthquake|p1a: Ambipom
|-damage|p1a: Ambipom|0 fnt
|faint|p1a: Ambipom
|
|upkeep
|
|t:|1758960487
|switch|p1a: Grafaiai|Grafaiai, F|90/100
|turn|32
|
|t:|1758960499
|-terastallize|p2a: Iron Treads|Ground
|move|p1a: Grafaiai|Parting Shot|p2a: Iron Treads
|-unboost|p2a: Iron Treads|atk|1
|-unboost|p2a: Iron Treads|spa|1
|
|t:|1758960503
|switch|p1a: Maushold|Maushold-Four|100/100|[from] Parting Shot
|move|p2a: Iron Treads|Earthquake|p1a: Maushold
|-damage|p1a: Maushold|38/100
|
|upkeep
|turn|33
|
|t:|1758960514
|move|p2a: Iron Treads|Earthquake|p1a: Maushold
|-damage|p1a: Maushold|0 fnt
|faint|p1a: Maushold
|
|upkeep
|
|t:|1758960515
|switch|p1a: Grafaiai|Grafaiai, F|90/100
|turn|34
|
|t:|1758960521
|move|p1a: Grafaiai|Metronome|p1a: Grafaiai
|move|p1a: Grafaiai|Light Screen|p1a: Grafaiai|[from] move: Metronome
|-sidestart|p1: Poochery|move: Light Screen
|move|p2a: Iron Treads|Earthquake|p1a: Grafaiai
|-supereffective|p1a: Grafaiai
|-damage|p1a: Grafaiai|0 fnt
|faint|p1a: Grafaiai
|
|win|n0lda
|raw|Poochery's rating: 1102 &rarr; <strong>1074</strong><br />(-28 for losing)
|raw|n0lda's rating: 1061 &rarr; <strong>1095</strong><br />(+34 for winning)
|l|☆Poochery
|player|p1|
|l|☆n0lda
|player|p2|
