|j|☆smashbros87878
|j|‽Meaty and Doritos
|t:|1758980474
|gametype|singles
|player|p1|smashbros87878|steven|1348
|player|p2|Meaty and Doritos|101|1448
|gen|9
|tier|[Gen 9] OU
|rated|
|rule|HP Percentage Mod: HP is shown in percentages
|rule|Endless Battle Clause: Forcing endless battles is banned
|rule|Species Clause: Limit one of each Pokémon
|rule|OHKO Clause: OHKO moves are banned
|rule|Evasion Items Clause: Evasion items are banned
|rule|Evasion Moves Clause: Evasion moves are banned
|rule|Evasion Abilities Clause: Evasion abilities are banned
|rule|Sleep Moves Clause: Sleep-inducing moves are banned
|clearpoke
|poke|p1|Sneasel-Hisui, M|
|poke|p1|Latios, M|
|poke|p1|Enamorus, F|
|poke|p1|Kyurem|
|poke|p1|Salamence, M|
|poke|p1|Araquanid, M|
|poke|p2|Alomomola, M|
|poke|p2|Slowking-Galar, M|
|poke|p2|Great Tusk|
|poke|p2|Hoopa-Unbound|
|poke|p2|Kingambit, M|
|poke|p2|Raging Bolt|
|teampreview
|inactive|Battle timer is ON: inactive players will automatically lose when time's up. (requested by smashbros87878)
|
|t:|1758980481
|teamsize|p1|6
|teamsize|p2|6
|start
|switch|p1a: Araquanid|Araquanid, M|100/100
|switch|p2a: Hoopa|Hoopa-Unbound|100/100
|turn|1
|
|t:|1758980487
|-terastallize|p2a: Hoopa|Dark
|move|p2a: Hoopa|Hyperspace Fury|p1a: Araquanid
|-enditem|p1a: Araquanid|Focus Sash
|-damage|p1a: Araquanid|1/100
|-unboost|p2a: Hoopa|def|1
|move|p1a: Araquanid|Leech Life|p2a: Hoopa
|-supereffective|p2a: Hoopa
|-damage|p2a: Hoopa|0 fnt
|-heal|p1a: Araquanid|45/100|[from] drain|[of] p2a: Hoopa
|faint|p2a: Hoopa
|
|upkeep
|
|t:|1758980493
|switch|p2a: Raging Bolt|Raging Bolt|100/100
|-enditem|p2a: Raging Bolt|Booster Energy
|-activate|p2a: Raging Bolt|ability: Protosynthesis|[fromitem]
|-start|p2a: Raging Bolt|protosynthesisspa
|turn|2
|
|t:|1758980499
|move|p2a: Raging Bolt|Thunderbolt|p1a: Araquanid
|-supereffective|p1a: Araquanid
|-damage|p1a: Araquanid|0 fnt
|faint|p1a: Araquanid
|
|upkeep
|
|t:|1758980507
|switch|p1a: Latios|Latios, M|100/100
|turn|3
|
|t:|1758980511
|-end|p2a: Raging Bolt|Protosynthesis|[silent]
|switch|p2a: Slowking|Slowking-Galar, M, shiny|100/100
|move|p1a: Latios|Aura Sphere|p2a: Slowking
|-resisted|p2a: Slowking
|-damage|p2a: Slowking|94/100
|
|upkeep
|turn|4
|
|t:|1758980524
|switch|p1a: Sneasel|Sneasel-Hisui, M|100/100
|-prepare|p2a: Slowking|Chilly Reception|[premajor]
|move|p2a: Slowking|Chilly Reception|p2a: Slowking
|-weather|Snowscape
|
|t:|1758980530
|switch|p2a: Alomomola|Alomomola, M, shiny|100/100|[from] Chilly Reception
|
|-weather|Snowscape|[upkeep]
|upkeep
|turn|5
|
|t:|1758980552
|move|p1a: Sneasel|Swords Dance|p1a: Sneasel
|-boost|p1a: Sneasel|atk|2
|move|p2a: Alomomola|Flip Turn|p1a: Sneasel
|-damage|p1a: Sneasel|65/100
|
|t:|1758980562
|switch|p2a: Great Tusk|Great Tusk|100/100|[from] Flip Turn
|
|-weather|Snowscape|[upkeep]
|upkeep
|turn|6
|
|t:|1758980567
|move|p1a: Sneasel|Close Combat|p2a: Great Tusk
|-damage|p2a: Great Tusk|40/100
|-unboost|p1a: Sneasel|def|1
|-unboost|p1a: Sneasel|spd|1
|-damage|p1a: Sneasel|55/100|[from] item: Life Orb
|move|p2a: Great Tusk|Rapid Spin|p1a: Sneasel
|-damage|p1a: Sneasel|3/100
|-boost|p2a: Great Tusk|spe|1
|
|-weather|Snowscape|[upkeep]
|upkeep
|turn|7
|
|t:|1758980575
|-end|p2a: Great Tusk|Protosynthesis|[silent]
|switch|p2a: Alomomola|Alomomola, M, shiny|100/100
|move|p1a: Sneasel|Close Combat|p2a: Alomomola
|-damage|p2a: Alomomola|31/100
|-unboost|p1a: Sneasel|def|1
|-unboost|p1a: Sneasel|spd|1
|-damage|p1a: Sneasel|0 fnt|[from] item: Rocky Helmet|[of] p2a: Alomomola
|faint|p1a: Sneasel
|
|-weather|Snowscape|[upkeep]
|upkeep
|
|t:|1758980597
|switch|p1a: Kyurem|Kyurem|100/100
|-ability|p1a: Kyurem|Pressure
|turn|8
|
|t:|1758980601
|switch|p2a: Slowking|Slowking-Galar, M, shiny|100/100
|move|p1a: Kyurem|Dragon Dance|p1a: Kyurem
|-boost|p1a: Kyurem|atk|1
|-boost|p1a: Kyurem|spe|1
|
|-weather|none
|upkeep
|turn|9
|
|t:|1758980609
|move|p1a: Kyurem|Dragon Dance|p1a: Kyurem
|-boost|p1a: Kyurem|atk|1
|-boost|p1a: Kyurem|spe|1
|move|p2a: Slowking|Future Sight|p1a: Kyurem
|-start|p2a: Slowking|move: Future Sight
|
|upkeep
|turn|10
|
|t:|1758980614
|switch|p2a: Great Tusk|Great Tusk|40/100
|move|p1a: Kyurem|Icicle Spear|p2a: Great Tusk
|-supereffective|p2a: Great Tusk
|-damage|p2a: Great Tusk|13/100
|-supereffective|p2a: Great Tusk
|-damage|p2a: Great Tusk|0 fnt
|faint|p2a: Great Tusk
|-end|p2a: Great Tusk|Protosynthesis|[silent]
|-hitcount|p2: Great Tusk|2
|
|upkeep
|
|t:|1758980621
|switch|p2a: Kingambit|Kingambit, M, shiny|100/100
|-activate|p2a: Kingambit|ability: Supreme Overlord
|-start|p2a: Kingambit|fallen2|[silent]
|turn|11
|
|t:|1758980632
|move|p1a: Kyurem|Icicle Spear|p2a: Kingambit
|-resisted|p2a: Kingambit
|-damage|p2a: Kingambit|91/100
|-resisted|p2a: Kingambit
|-damage|p2a: Kingambit|80/100
|-resisted|p2a: Kingambit
|-damage|p2a: Kingambit|70/100
|-resisted|p2a: Kingambit
|-damage|p2a: Kingambit|60/100
|-hitcount|p2a: Kingambit|4
|move|p2a: Kingambit|Iron Head|p1a: Kyurem
|-supereffective|p1a: Kyurem
|-damage|p1a: Kyurem|0 fnt
|faint|p1a: Kyurem
|
|-hint|Future Sight did not hit because the target is fainted.
|-heal|p2a: Kingambit|66/100|[from] item: Leftovers
|upkeep
|
|t:|1758980637
|switch|p1a: Enamorus|Enamorus, F|100/100
|turn|12
|
|t:|1758980647
|-end|p2a: Kingambit|fallen2|[silent]
|switch|p2a: Slowking|Slowking-Galar, M, shiny|100/100
|move|p1a: Enamorus|Superpower|p2a: Slowking
|-resisted|p2a: Slowking
|-damage|p2a: Slowking|90/100
|-boost|p1a: Enamorus|atk|1
|-boost|p1a: Enamorus|def|1
|
|upkeep
|turn|13
|
|t:|1758980651
|move|p1a: Enamorus|Substitute|p1a: Enamorus
|-start|p1a: Enamorus|Substitute
|-damage|p1a: Enamorus|76/100
|move|p2a: Slowking|Future Sight|p1a: Enamorus
|-start|p2a: Slowking|move: Future Sight
|
|-heal|p1a: Enamorus|82/100|[from] item: Leftovers
|upkeep
|turn|14
|
|t:|1758980657
|move|p1a: Enamorus|Superpower|p2a: Slowking
|-resisted|p2a: Slowking
|-damage|p2a: Slowking|74/100
|-boost|p1a: Enamorus|atk|1
|-boost|p1a: Enamorus|def|1
|move|p2a: Slowking|Flamethrower|p1a: Enamorus
|-end|p1a: Enamorus|Substitute
|
|-heal|p1a: Enamorus|88/100|[from] item: Leftovers
|upkeep
|turn|15
|
|t:|1758980667
|move|p1a: Enamorus|Play Rough|p2a: Slowking
|-resisted|p2a: Slowking
|-damage|p2a: Slowking|28/100
|move|p2a: Slowking|Flamethrower|p1a: Enamorus
|-damage|p1a: Enamorus|57/100
|
|-end|p1a: Enamorus|move: Future Sight
|-damage|p1a: Enamorus|0 fnt
|faint|p1a: Enamorus
|upkeep
|
|t:|1758980675
|switch|p1a: Salamence|Salamence, M|100/100
|turn|16
|
|t:|1758980682
|move|p1a: Salamence|Draco Meteor|p2a: Slowking
|-damage|p2a: Slowking|0 fnt
|-unboost|p1a: Salamence|spa|2
|faint|p2a: Slowking
|-ability|p1a: Salamence|Moxie|boost
|-boost|p1a: Salamence|atk|1
|
|upkeep
|
|t:|1758980687
|switch|p2a: Alomomola|Alomomola, M, shiny|65/100
|turn|17
|
|t:|1758980691
|move|p1a: Salamence|Focus Energy|p1a: Salamence
|-start|p1a: Salamence|move: Focus Energy
|move|p2a: Alomomola|Wish|p2a: Alomomola
|
|upkeep
|turn|18
|
|t:|1758980699
|switch|p2a: Kingambit|Kingambit, M, shiny|66/100
|-activate|p2a: Kingambit|ability: Supreme Overlord
|-start|p2a: Kingambit|fallen3|[silent]
|move|p1a: Salamence|Draco Meteor|p2a: Kingambit
|-resisted|p2a: Kingambit
|-crit|p2a: Kingambit
|-damage|p2a: Kingambit|26/100
|-unboost|p1a: Salamence|spa|2
|
|-heal|p2a: Kingambit|92/100|[from] move: Wish|[wisher] Alomomola
|-heal|p2a: Kingambit|98/100|[from] item: Leftovers
|upkeep
|turn|19
|
|t:|1758980711
|move|p1a: Salamence|Draco Meteor|p2a: Kingambit
|-resisted|p2a: Kingambit
|-crit|p2a: Kingambit
|-damage|p2a: Kingambit|61/100
|-unboost|p1a: Salamence|spa|2
|move|p2a: Kingambit|Kowtow Cleave|p1a: Salamence
|-damage|p1a: Salamence|14/100
|
|-heal|p2a: Kingambit|67/100|[from] item: Leftovers
|upkeep
|turn|20
|
|t:|1758980718
|move|p2a: Kingambit|Sucker Punch|p1a: Salamence
|-damage|p1a: Salamence|0 fnt
|faint|p1a: Salamence
|
|-heal|p2a: Kingambit|74/100|[from] item: Leftovers
|upkeep
|
|t:|1758980723
|switch|p1a: Latios|Latios, M|100/100
|turn|21
|
|t:|1758980729
|move|p2a: Kingambit|Sucker Punch|p1a: Latios
|-supereffective|p1a: Latios
|-damage|p1a: Latios|0 fnt
|faint|p1a: Latios
|
|win|Meaty and Doritos
|raw|smashbros87878's rating: 1348 &rarr; <strong>1334</strong><br />(-14 for losing)
|raw|Meaty and Doritos's rating: 1448 &rarr; <strong>1462</strong><br />(+14 for winning)
|l|☆smashbros87878
|player|p1|
|l|‽Meaty and Doritos
|player|p2|
