|j|☆i love mewthree
|j|☆ZeNiN_K1
|t:|1759075644
|gametype|singles
|player|p1|i love mewthree|102|1338
|player|p2|ZeNiN_K1|acetrainer-gen4|1356
|gen|9
|tier|[Gen 9] OU
|rated|
|rule|HP Percentage Mod: HP is shown in percentages
|rule|Endless Battle Clause: Forcing endless battles is banned
|rule|Species Clause: Limit one of each Pokémon
|rule|OHKO Clause: OHKO moves are banned
|rule|Evasion Items Clause: Evasion items are banned
|rule|Evasion Moves Clause: Evasion moves are banned
|rule|Evasion Abilities Clause: Evasion abilities are banned
|rule|Sleep Moves Clause: Sleep-inducing moves are banned
|clearpoke
|poke|p1|Basculegion, M|
|poke|p1|Pelipper, M|
|poke|p1|Iron Treads|
|poke|p1|Dragapult, M|
|poke|p1|Overqwil, M|
|poke|p1|Iron Valiant|
|poke|p2|Maushold|
|poke|p2|Ninetales-Alola, F|
|poke|p2|Ceruledge, F|
|poke|p2|Moltres-Galar|
|poke|p2|Enamorus, F|
|poke|p2|Gliscor, M|
|teampreview
|
|t:|1759075672
|teamsize|p1|6
|teamsize|p2|6
|start
|switch|p1a: Predator|Overqwil, M, shiny|100/100
|switch|p2a: Tiny|Maushold|100/100
|turn|1
|inactive|Battle timer is ON: inactive players will automatically lose when time's up. (requested by ZeNiN_K1)
|
|t:|1759075683
|switch|p1a: Rage|Iron Treads, shiny|100/100
|-enditem|p1a: Rage|Booster Energy
|-activate|p1a: Rage|ability: Quark Drive|[fromitem]
|-start|p1a: Rage|quarkdrivespe
|move|p2a: Tiny|Tidy Up|p2a: Tiny
|-boost|p2a: Tiny|atk|1
|-boost|p2a: Tiny|spe|1
|
|upkeep
|turn|2
|
|t:|1759075699
|switch|p2a: Tear|Gliscor, M, shiny|100/100
|move|p1a: Rage|Rapid Spin|p2a: Tear
|-damage|p2a: Tear|90/100
|-boost|p1a: Rage|spe|1
|
|-status|p2a: Tear|tox|[from] item: Toxic Orb
|upkeep
|turn|3
|
|t:|1759075704
|move|p1a: Rage|Stealth Rock|p2a: Tear
|-sidestart|p2: ZeNiN_K1|move: Stealth Rock
|move|p2a: Tear|Knock Off|p1a: Rage
|-damage|p1a: Rage|88/100
|
|-heal|p2a: Tear|100/100 tox|[from] ability: Poison Heal
|upkeep
|turn|4
|
|t:|1759075734
|-end|p1a: Rage|Quark Drive|[silent]
|switch|p1a: Messenger|Pelipper, M, shiny|100/100
|-weather|RainDance|[from] ability: Drizzle|[of] p1a: Messenger
|switch|p2a: Tiny|Maushold|100/100
|-damage|p2a: Tiny|88/100|[from] Stealth Rock
|
|-weather|RainDance|[upkeep]
|upkeep
|turn|5
|
|t:|1759075749
|switch|p1a: Rage|Iron Treads, shiny|88/100
|move|p2a: Tiny|Tidy Up|p2a: Tiny
|-sideend|p2: ZeNiN_K1|Stealth Rock
|-activate|p2a: Tiny|move: Tidy Up
|-boost|p2a: Tiny|atk|1
|-boost|p2a: Tiny|spe|1
|
|-weather|RainDance|[upkeep]
|upkeep
|turn|6
|
|t:|1759075759
|move|p2a: Tiny|Bite|p1a: Rage
|-damage|p1a: Rage|59/100
|move|p1a: Rage|Steel Beam|p2a: Tiny
|-damage|p2a: Tiny|16/100
|-damage|p1a: Rage|9/100|[from] steelbeam
|
|-weather|RainDance|[upkeep]
|upkeep
|turn|7
|
|t:|1759075770
|move|p2a: Tiny|Bite|p1a: Rage
|-damage|p1a: Rage|0 fnt
|faint|p1a: Rage
|-end|p1a: Rage|Quark Drive|[silent]
|
|-weather|RainDance|[upkeep]
|upkeep
|
|t:|1759075789
|switch|p1a: Predator|Overqwil, M, shiny|100/100
|turn|8
|
|t:|1759075798
|move|p1a: Predator|Liquidation|p2a: Tiny
|-damage|p2a: Tiny|0 fnt
|faint|p2a: Tiny
|-damage|p1a: Predator|91/100|[from] item: Life Orb
|
|-weather|RainDance|[upkeep]
|upkeep
|
|t:|1759075803
|switch|p2a: Borealis|Ninetales-Alola, F|100/100
|-weather|Snowscape|[from] ability: Snow Warning|[of] p2a: Borealis
|turn|9
|
|t:|1759075811
|move|p2a: Borealis|Aurora Veil|p2a: Borealis
|-sidestart|p2: ZeNiN_K1|move: Aurora Veil
|move|p1a: Predator|Gunk Shot|p2a: Borealis
|-supereffective|p2a: Borealis
|-damage|p2a: Borealis|40/100
|-damage|p1a: Predator|81/100|[from] item: Life Orb
|
|-weather|Snowscape|[upkeep]
|upkeep
|turn|10
|
|t:|1759075827
|switch|p2a: Tear|Gliscor, M, shiny|100/100 tox
|move|p1a: Predator|Spikes|p2a: Tear
|-sidestart|p2: ZeNiN_K1|Spikes
|
|-weather|Snowscape|[upkeep]
|upkeep
|turn|11
|
|t:|1759075833
|switch|p1a: Messenger|Pelipper, M, shiny|100/100
|-weather|RainDance|[from] ability: Drizzle|[of] p1a: Messenger
|move|p2a: Tear|Agility|p2a: Tear
|-boost|p2a: Tear|spe|2
|
|-weather|RainDance|[upkeep]
|upkeep
|turn|12
|
|t:|1759075838
|move|p2a: Tear|Swords Dance|p2a: Tear
|-boost|p2a: Tear|atk|2
|move|p1a: Messenger|Surf|p2a: Tear
|-supereffective|p2a: Tear
|-damage|p2a: Tear|33/100 tox
|
|-weather|RainDance|[upkeep]
|-heal|p2a: Tear|45/100 tox|[from] ability: Poison Heal
|upkeep
|turn|13
|
|t:|1759075845
|move|p2a: Tear|Knock Off|p1a: Messenger
|-damage|p1a: Messenger|41/100
|-enditem|p1a: Messenger|Damp Rock|[from] move: Knock Off|[of] p2a: Tear
|move|p1a: Messenger|Surf|p2a: Tear
|-supereffective|p2a: Tear
|-damage|p2a: Tear|0 fnt
|faint|p2a: Tear
|
|-weather|RainDance|[upkeep]
|upkeep
|
|t:|1759075857
|switch|p2a: Leviathan|Moltres-Galar|100/100
|turn|14
|
|t:|1759075860
|move|p2a: Leviathan|Nasty Plot|p2a: Leviathan
|-boost|p2a: Leviathan|spa|2
|move|p1a: Messenger|U-turn|p2a: Leviathan
|-damage|p2a: Leviathan|96/100
|
|t:|1759075872
|switch|p1a: Predator|Overqwil, M, shiny|81/100|[from] U-turn
|
|-weather|RainDance|[upkeep]
|-heal|p2a: Leviathan|100/100|[from] item: Leftovers
|upkeep
|turn|15
|
|t:|1759075877
|move|p1a: Predator|Taunt|p2a: Leviathan
|-start|p2a: Leviathan|move: Taunt
|move|p2a: Leviathan|Fiery Wrath|p1a: Predator
|-resisted|p1a: Predator
|-damage|p1a: Predator|23/100
|
|-weather|RainDance|[upkeep]
|upkeep
|turn|16
|
|t:|1759075882
|move|p1a: Predator|Liquidation|p2a: Leviathan
|-damage|p2a: Leviathan|71/100
|-unboost|p2a: Leviathan|def|1
|-damage|p1a: Predator|13/100|[from] item: Life Orb
|move|p2a: Leviathan|Fiery Wrath|p1a: Predator
|-resisted|p1a: Predator
|-damage|p1a: Predator|0 fnt
|faint|p1a: Predator
|
|-weather|RainDance|[upkeep]
|-heal|p2a: Leviathan|77/100|[from] item: Leftovers
|-sideend|p2: ZeNiN_K1|move: Aurora Veil
|upkeep
|
|t:|1759075886
|switch|p1a: Jaws|Basculegion, M, shiny|100/100
|turn|17
|
|t:|1759075894
|-terastallize|p1a: Jaws|Water
|move|p2a: Leviathan|Fiery Wrath|p1a: Jaws
|-damage|p1a: Jaws|18/100
|move|p1a: Jaws|Wave Crash|p2a: Leviathan
|-damage|p2a: Leviathan|0 fnt
|faint|p2a: Leviathan
|-damage|p1a: Jaws|0 fnt|[from] Recoil
|faint|p1a: Jaws
|
|-weather|RainDance|[upkeep]
|upkeep
|
|t:|1759075917
|switch|p2a: Kamisama|Enamorus, F|100/100
|switch|p1a: Calamity|Iron Valiant, shiny|100/100
|turn|18
|
|t:|1759075930
|-terastallize|p2a: Kamisama|Fairy
|move|p1a: Calamity|Thunderbolt|p2a: Kamisama
|-damage|p2a: Kamisama|34/100
|move|p2a: Kamisama|Draining Kiss|p1a: Calamity
|-supereffective|p1a: Calamity
|-damage|p1a: Calamity|0 fnt
|-heal|p2a: Kamisama|100/100|[from] drain|[of] p1a: Calamity
|faint|p1a: Calamity
|-end|p1a: Calamity|Quark Drive|[silent]
|-damage|p2a: Kamisama|91/100|[from] item: Life Orb
|
|-weather|none
|upkeep
|
|t:|1759075936
|switch|p1a: Leviathan|Dragapult, M, shiny|100/100
|turn|19
|
|t:|1759075944
|move|p1a: Leviathan|Shadow Ball|p2a: Kamisama
|-damage|p2a: Kamisama|31/100
|-damage|p1a: Leviathan|91/100|[from] item: Life Orb
|move|p2a: Kamisama|Draining Kiss|p1a: Leviathan
|-supereffective|p1a: Leviathan
|-damage|p1a: Leviathan|0 fnt
|-heal|p2a: Kamisama|100/100|[from] drain|[of] p1a: Leviathan
|faint|p1a: Leviathan
|-damage|p2a: Kamisama|91/100|[from] item: Life Orb
|
|upkeep
|-message|i love mewthree forfeited.
|
|win|ZeNiN_K1
|raw|i love mewthree's rating: 1338 &rarr; <strong>1319</strong><br />(-19 for losing)
|raw|ZeNiN_K1's rating: 1356 &rarr; <strong>1375</strong><br />(+19 for winning)
|l|☆i love mewthree
|player|p1|
