|j|☆maza2
|j|☆ding111
|t:|1758955787
|gametype|singles
|player|p1|maza2|roxie|1400
|player|p2|ding111|unknown|1416
|gen|9
|tier|[Gen 9] OU
|rated|
|rule|HP Percentage Mod: HP is shown in percentages
|rule|Endless Battle Clause: Forcing endless battles is banned
|rule|Species Clause: Limit one of each Pokémon
|rule|OHKO Clause: OHKO moves are banned
|rule|Evasion Items Clause: Evasion items are banned
|rule|Evasion Moves Clause: Evasion moves are banned
|rule|Evasion Abilities Clause: Evasion abilities are banned
|rule|Sleep Moves Clause: Sleep-inducing moves are banned
|clearpoke
|poke|p1|Alomomola, F|
|poke|p1|Slowking-Galar, M|
|poke|p1|Corviknight, F|
|poke|p1|Cetitan, F|
|poke|p1|Ting-Lu|
|poke|p1|Frosmoth, M|
|poke|p2|Slowking-Galar, M|
|poke|p2|Ninetales-Alola, F|
|poke|p2|Beartic, F|
|poke|p2|Cetitan, F|
|poke|p2|Cloyster, M|
|poke|p2|Frosmoth, F|
|teampreview
|c|☆maza2|GOD
|c|☆ding111|bro
|c|☆ding111|holy
|
|t:|1758955814
|teamsize|p1|6
|teamsize|p2|6
|start
|switch|p1a: Slowking|Slowking-Galar, M|100/100
|switch|p2a: Ninetales|Ninetales-Alola, F|100/100
|-weather|Snowscape|[from] ability: Snow Warning|[of] p2a: Ninetales
|turn|1
|
|t:|1758955820
|move|p2a: Ninetales|Aurora Veil|p2a: Ninetales
|-sidestart|p2: ding111|move: Aurora Veil
|move|p1a: Slowking|Sludge Bomb|p2a: Ninetales
|-supereffective|p2a: Ninetales
|-damage|p2a: Ninetales|68/100
|
|-weather|Snowscape|[upkeep]
|upkeep
|turn|2
|inactive|Battle timer is ON: inactive players will automatically lose when time's up. (requested by maza2)
|
|t:|1758955838
|switch|p2a: Slowking|Slowking-Galar, M|100/100
|-prepare|p1a: Slowking|Chilly Reception|[premajor]
|move|p1a: Slowking|Chilly Reception|p1a: Slowking
|c|☆ding111|I should've kept sand slash on my team
|
|t:|1758955856
|switch|p1a: Alomomola|Alomomola, F|100/100|[from] Chilly Reception
|
|-weather|Snowscape|[upkeep]
|upkeep
|turn|3
|
|t:|1758955866
|move|p1a: Alomomola|Flip Turn|p2a: Slowking
|-damage|p2a: Slowking|92/100
|
|t:|1758955873
|switch|p1a: Corviknight|Corviknight, F|100/100|[from] Flip Turn
|move|p2a: Slowking|Future Sight|p1a: Corviknight
|-start|p2a: Slowking|move: Future Sight
|
|-weather|Snowscape|[upkeep]
|upkeep
|turn|4
|
|t:|1758955880
|move|p1a: Corviknight|Iron Defense|p1a: Corviknight
|-boost|p1a: Corviknight|def|2
|-prepare|p2a: Slowking|Chilly Reception|[premajor]
|move|p2a: Slowking|Chilly Reception|p2a: Slowking
|
|t:|1758955890
|switch|p2a: Frosmoth|Frosmoth, F|100/100|[from] Chilly Reception
|
|-weather|Snowscape|[upkeep]
|upkeep
|turn|5
|
|t:|1758955899
|move|p2a: Frosmoth|Quiver Dance|p2a: Frosmoth
|-boost|p2a: Frosmoth|spa|1
|-boost|p2a: Frosmoth|spd|1
|-boost|p2a: Frosmoth|spe|1
|move|p1a: Corviknight|Body Press|p2a: Frosmoth
|-damage|p2a: Frosmoth|74/100
|
|-weather|Snowscape|[upkeep]
|-end|p1a: Corviknight|move: Future Sight
|-resisted|p1a: Corviknight
|-damage|p1a: Corviknight|77/100
|-sideend|p2: ding111|move: Aurora Veil
|upkeep
|turn|6
|
|t:|1758955914
|move|p2a: Frosmoth|Ice Beam|p1a: Corviknight
|-damage|p1a: Corviknight|22/100
|move|p1a: Corviknight|Body Press|p2a: Frosmoth
|-damage|p2a: Frosmoth|19/100
|
|-weather|Snowscape|[upkeep]
|upkeep
|turn|7
|
|t:|1758955921
|switch|p1a: Frosmoth|Frosmoth, M, shiny|100/100
|move|p2a: Frosmoth|Ice Beam|p1a: Frosmoth
|-resisted|p1a: Frosmoth
|-damage|p1a: Frosmoth|88/100
|
|-weather|Snowscape|[upkeep]
|-heal|p1a: Frosmoth|94/100|[from] item: Leftovers
|upkeep
|turn|8
|
|t:|1758955927
|move|p2a: Frosmoth|Infestation|p1a: Frosmoth
|-damage|p1a: Frosmoth|88/100
|-activate|p1a: Frosmoth|move: Infestation|[of] p2a: Frosmoth
|move|p1a: Frosmoth|Quiver Dance|p1a: Frosmoth
|-boost|p1a: Frosmoth|spa|1
|-boost|p1a: Frosmoth|spd|1
|-boost|p1a: Frosmoth|spe|1
|
|-weather|none
|-heal|p1a: Frosmoth|94/100|[from] item: Leftovers
|-damage|p1a: Frosmoth|82/100|[from] move: Infestation|[partiallytrapped]
|upkeep
|turn|9
|
|t:|1758955948
|move|p2a: Frosmoth|Ice Beam|p1a: Frosmoth
|-resisted|p1a: Frosmoth
|-damage|p1a: Frosmoth|74/100
|move|p1a: Frosmoth|Quiver Dance|p1a: Frosmoth
|-boost|p1a: Frosmoth|spa|1
|-boost|p1a: Frosmoth|spd|1
|-boost|p1a: Frosmoth|spe|1
|
|-heal|p1a: Frosmoth|80/100|[from] item: Leftovers
|-damage|p1a: Frosmoth|68/100|[from] move: Infestation|[partiallytrapped]
|upkeep
|turn|10
|
|t:|1758955955
|move|p1a: Frosmoth|Tera Blast|p2a: Frosmoth
|-damage|p2a: Frosmoth|2/100
|move|p2a: Frosmoth|Infestation|p1a: Frosmoth
|-damage|p1a: Frosmoth|65/100
|
|-heal|p1a: Frosmoth|71/100|[from] item: Leftovers
|-damage|p1a: Frosmoth|59/100|[from] move: Infestation|[partiallytrapped]
|upkeep
|turn|11
|
|t:|1758955958
|move|p1a: Frosmoth|Tera Blast|p2a: Frosmoth
|-crit|p2a: Frosmoth
|-damage|p2a: Frosmoth|0 fnt
|faint|p2a: Frosmoth
|
|-heal|p1a: Frosmoth|65/100|[from] item: Leftovers
|-end|p1a: Frosmoth|Infestation|[partiallytrapped]|[silent]
|upkeep
|
|t:|1758955971
|switch|p2a: Cetitan|Cetitan, F|100/100
|turn|12
|
|t:|1758955978
|switch|p1a: Alomomola|Alomomola, F|100/100
|move|p2a: Cetitan|Knock Off|p1a: Alomomola
|-damage|p1a: Alomomola|71/100
|-enditem|p1a: Alomomola|Heavy-Duty Boots|[from] move: Knock Off|[of] p2a: Cetitan
|
|upkeep
|turn|13
|
|t:|1758955984
|switch|p2a: Slowking|Slowking-Galar, M|100/100
|move|p1a: Alomomola|Wish|p1a: Alomomola
|
|upkeep
|turn|14
|
|t:|1758955988
|move|p1a: Alomomola|Flip Turn|p2a: Slowking
|-damage|p2a: Slowking|82/100
|
|t:|1758955991
|switch|p1a: Corviknight|Corviknight, F|22/100|[from] Flip Turn
|-prepare|p2a: Slowking|Chilly Reception|[premajor]
|move|p2a: Slowking|Chilly Reception|p2a: Slowking
|-weather|Snowscape
|
|t:|1758956009
|switch|p2a: Cetitan|Cetitan, F|100/100|[from] Chilly Reception
|
|-weather|Snowscape|[upkeep]
|-heal|p1a: Corviknight|81/100|[from] move: Wish|[wisher] Alomomola
|upkeep
|turn|15
|
|t:|1758956023
|-terastallize|p2a: Cetitan|Ice
|move|p2a: Cetitan|Ice Spinner|p1a: Corviknight
|-damage|p1a: Corviknight|34/100
|-damage|p2a: Cetitan|84/100|[from] item: Rocky Helmet|[of] p1a: Corviknight
|move|p1a: Corviknight|Iron Defense|p1a: Corviknight
|-boost|p1a: Corviknight|def|2
|
|-weather|Snowscape|[upkeep]
|upkeep
|turn|16
|
|t:|1758956032
|move|p2a: Cetitan|Ice Spinner|p1a: Corviknight
|-damage|p1a: Corviknight|11/100
|-damage|p2a: Cetitan|67/100|[from] item: Rocky Helmet|[of] p1a: Corviknight
|move|p1a: Corviknight|Roost|p1a: Corviknight
|-heal|p1a: Corviknight|61/100
|-singleturn|p1a: Corviknight|move: Roost
|
|-weather|Snowscape|[upkeep]
|upkeep
|turn|17
|c|☆ding111|alr
|c|☆ding111|i cant win
|
|t:|1758956049
|switch|p2a: Beartic|Beartic, F, shiny|100/100
|move|p1a: Corviknight|Roost|p1a: Corviknight
|-heal|p1a: Corviknight|100/100
|-singleturn|p1a: Corviknight|move: Roost
|
|-weather|Snowscape|[upkeep]
|upkeep
|turn|18
|
|t:|1758956055
|switch|p2a: Slowking|Slowking-Galar, M|100/100
|move|p1a: Corviknight|Iron Defense|p1a: Corviknight
|-boost|p1a: Corviknight|def|2
|
|-weather|Snowscape|[upkeep]
|upkeep
|turn|19
|
|t:|1758956062
|move|p1a: Corviknight|Iron Defense|p1a: Corviknight
|-boost|p1a: Corviknight|def|2
|move|p2a: Slowking|Future Sight|p1a: Corviknight
|-start|p2a: Slowking|move: Future Sight
|
|-weather|Snowscape|[upkeep]
|upkeep
|turn|20
|
|t:|1758956068
|move|p1a: Corviknight|Body Press|p2a: Slowking
|-resisted|p2a: Slowking
|-damage|p2a: Slowking|72/100
|move|p2a: Slowking|Thunder Wave|p1a: Corviknight
|-status|p1a: Corviknight|par
|
|-weather|Snowscape|[upkeep]
|upkeep
|turn|21
|
|t:|1758956071
|move|p1a: Corviknight|Body Press|p2a: Slowking
|-resisted|p2a: Slowking
|-damage|p2a: Slowking|47/100
|-prepare|p2a: Slowking|Chilly Reception|[premajor]
|move|p2a: Slowking|Chilly Reception|p2a: Slowking
|
|t:|1758956085
|switch|p2a: Cetitan|Cetitan, F, tera:Ice|67/100|[from] Chilly Reception
|
|-weather|none
|-end|p1a: Corviknight|move: Future Sight
|-resisted|p1a: Corviknight
|-damage|p1a: Corviknight|77/100 par
|upkeep
|turn|22
|
|t:|1758956091
|switch|p2a: Slowking|Slowking-Galar, M|80/100
|move|p1a: Corviknight|Body Press|p2a: Slowking
|-resisted|p2a: Slowking
|-damage|p2a: Slowking|53/100
|
|upkeep
|turn|23
|
|t:|1758956096
|cant|p1a: Corviknight|par
|move|p2a: Slowking|Future Sight|p1a: Corviknight
|-start|p2a: Slowking|move: Future Sight
|
|upkeep
|turn|24
|
|t:|1758956104
|switch|p2a: Ninetales|Ninetales-Alola, F|68/100
|-weather|Snowscape|[from] ability: Snow Warning|[of] p2a: Ninetales
|move|p1a: Corviknight|Body Press|p2a: Ninetales
|-damage|p2a: Ninetales|0 fnt
|faint|p2a: Ninetales
|
|-weather|Snowscape|[upkeep]
|upkeep
|
|t:|1758956116
|switch|p2a: Cloyster|Cloyster, M|100/100
|turn|25
|
|t:|1758956120
|move|p2a: Cloyster|Substitute|p2a: Cloyster
|-start|p2a: Cloyster|Substitute
|-damage|p2a: Cloyster|76/100
|move|p1a: Corviknight|Body Press|p2a: Cloyster
|-supereffective|p2a: Cloyster
|-end|p2a: Cloyster|Substitute
|
|-weather|Snowscape|[upkeep]
|-end|p1a: Corviknight|move: Future Sight
|-resisted|p1a: Corviknight
|-damage|p1a: Corviknight|55/100 par
|upkeep
|turn|26
|
|t:|1758956125
|move|p2a: Cloyster|Substitute|p2a: Cloyster
|-start|p2a: Cloyster|Substitute
|-damage|p2a: Cloyster|51/100
|move|p1a: Corviknight|Body Press|p2a: Cloyster
|-supereffective|p2a: Cloyster
|-end|p2a: Cloyster|Substitute
|
|-weather|Snowscape|[upkeep]
|upkeep
|turn|27
|
|t:|1758956128
|move|p2a: Cloyster|Substitute|p2a: Cloyster
|-start|p2a: Cloyster|Substitute
|-damage|p2a: Cloyster|26/100
|move|p1a: Corviknight|Body Press|p2a: Cloyster
|-supereffective|p2a: Cloyster
|-end|p2a: Cloyster|Substitute
|
|-weather|Snowscape|[upkeep]
|upkeep
|turn|28
|
|t:|1758956131
|move|p2a: Cloyster|Substitute|p2a: Cloyster
|-start|p2a: Cloyster|Substitute
|-damage|p2a: Cloyster|1/100
|move|p1a: Corviknight|Body Press|p2a: Cloyster
|-supereffective|p2a: Cloyster
|-end|p2a: Cloyster|Substitute
|
|-weather|Snowscape|[upkeep]
|upkeep
|turn|29
|
|t:|1758956134
|move|p2a: Cloyster|Shell Smash|p2a: Cloyster
|-unboost|p2a: Cloyster|def|1
|-unboost|p2a: Cloyster|spd|1
|-boost|p2a: Cloyster|atk|2
|-boost|p2a: Cloyster|spa|2
|-boost|p2a: Cloyster|spe|2
|-enditem|p2a: Cloyster|White Herb
|-clearnegativeboost|p2a: Cloyster|[silent]
|move|p1a: Corviknight|Body Press|p2a: Cloyster
|-supereffective|p2a: Cloyster
|-damage|p2a: Cloyster|0 fnt
|faint|p2a: Cloyster
|
|-weather|Snowscape|[upkeep]
|upkeep
|
|t:|1758956137
|switch|p2a: Slowking|Slowking-Galar, M|86/100
|turn|30
|c|☆maza2|:(
|
|t:|1758956149
|move|p1a: Corviknight|Body Press|p2a: Slowking
|-resisted|p2a: Slowking
|-damage|p2a: Slowking|60/100
|move|p2a: Slowking|Future Sight|p1a: Corviknight
|-start|p2a: Slowking|move: Future Sight
|
|-weather|Snowscape|[upkeep]
|upkeep
|turn|31
|
|t:|1758956161
|switch|p2a: Cetitan|Cetitan, F, tera:Ice|67/100
|cant|p1a: Corviknight|par
|
|-weather|none
|upkeep
|turn|32
|
|t:|1758956168
|move|p2a: Cetitan|Ice Spinner|p1a: Corviknight
|-damage|p1a: Corviknight|43/100 par
|-damage|p2a: Cetitan|51/100|[from] item: Rocky Helmet|[of] p1a: Corviknight
|move|p1a: Corviknight|Roost|p1a: Corviknight
|-heal|p1a: Corviknight|93/100 par
|-singleturn|p1a: Corviknight|move: Roost
|
|-end|p1a: Corviknight|move: Future Sight
|-resisted|p1a: Corviknight
|-damage|p1a: Corviknight|70/100 par
|upkeep
|turn|33
|
|t:|1758956174
|move|p2a: Cetitan|Ice Spinner|p1a: Corviknight
|-damage|p1a: Corviknight|56/100 par
|-damage|p2a: Cetitan|34/100|[from] item: Rocky Helmet|[of] p1a: Corviknight
|move|p1a: Corviknight|Body Press|p2a: Cetitan
|-supereffective|p2a: Cetitan
|-damage|p2a: Cetitan|0 fnt
|faint|p2a: Cetitan
|
|upkeep
|
|t:|1758956176
|switch|p2a: Slowking|Slowking-Galar, M|93/100
|turn|34
|
|t:|1758956183
|move|p1a: Corviknight|Body Press|p2a: Slowking
|-resisted|p2a: Slowking
|-damage|p2a: Slowking|66/100
|move|p2a: Slowking|Future Sight|p1a: Corviknight
|-start|p2a: Slowking|move: Future Sight
|
|upkeep
|turn|35
|
|t:|1758956188
|switch|p1a: Ting-Lu|Ting-Lu|100/100
|-ability|p1a: Ting-Lu|Vessel of Ruin
|-prepare|p2a: Slowking|Chilly Reception|[premajor]
|move|p2a: Slowking|Chilly Reception|p2a: Slowking
|-weather|Snowscape
|
|t:|1758956190
|switch|p2a: Beartic|Beartic, F, shiny|100/100|[from] Chilly Reception
|
|-weather|Snowscape|[upkeep]
|upkeep
|turn|36
|
|t:|1758956200
|switch|p1a: Alomomola|Alomomola, F|100/100
|move|p2a: Beartic|Swords Dance|p2a: Beartic
|-boost|p2a: Beartic|atk|2
|
|-weather|Snowscape|[upkeep]
|-end|p1a: Alomomola|move: Future Sight
|-damage|p1a: Alomomola|58/100
|upkeep
|turn|37
|
|t:|1758956210
|move|p2a: Beartic|Swords Dance|p2a: Beartic
|-boost|p2a: Beartic|atk|2
|move|p1a: Alomomola|Flip Turn|p2a: Beartic
|-damage|p2a: Beartic|87/100
|
|t:|1758956213
|switch|p1a: Cetitan|Cetitan, F, shiny|100/100|[from] Flip Turn
|
|-weather|Snowscape|[upkeep]
|upkeep
|turn|38
|
|t:|1758956220
|-terastallize|p1a: Cetitan|Water
|move|p1a: Cetitan|Belly Drum|p1a: Cetitan
|-damage|p1a: Cetitan|51/100
|-setboost|p1a: Cetitan|atk|6|[from] move: Belly Drum
|move|p2a: Beartic|Earthquake|p1a: Cetitan
|-damage|p1a: Cetitan|0 fnt
|faint|p1a: Cetitan
|
|-weather|Snowscape|[upkeep]
|upkeep
|c|☆maza2|Jaja
|
|t:|1758956241
|switch|p1a: Corviknight|Corviknight, F|56/100 par
|turn|39
|
|t:|1758956244
|move|p2a: Beartic|Icicle Spear|p1a: Corviknight
|-damage|p1a: Corviknight|31/100 par
|-damage|p1a: Corviknight|8/100 par
|-damage|p1a: Corviknight|0 fnt
|faint|p1a: Corviknight
|-hitcount|p1: Corviknight|3
|
|-weather|Snowscape|[upkeep]
|upkeep
|
|t:|1758956251
|switch|p1a: Alomomola|Alomomola, F|92/100
|turn|40
|
|t:|1758956259
|move|p2a: Beartic|Swords Dance|p2a: Beartic
|-boost|p2a: Beartic|atk|2
|move|p1a: Alomomola|Flip Turn|p2a: Beartic
|-crit|p2a: Beartic
|-damage|p2a: Beartic|68/100
|
|t:|1758956263
|switch|p1a: Slowking|Slowking-Galar, M|100/100|[from] Flip Turn
|
|-weather|Snowscape|[upkeep]
|upkeep
|turn|41
|
|t:|1758956267
|switch|p1a: Alomomola|Alomomola, F|100/100
|move|p2a: Beartic|Icicle Spear|p1a: Alomomola
|-resisted|p1a: Alomomola
|-damage|p1a: Alomomola|84/100
|-resisted|p1a: Alomomola
|-damage|p1a: Alomomola|67/100
|-resisted|p1a: Alomomola
|-crit|p1a: Alomomola
|-damage|p1a: Alomomola|42/100
|-resisted|p1a: Alomomola
|-damage|p1a: Alomomola|26/100
|-hitcount|p1a: Alomomola|4
|
|-weather|Snowscape|[upkeep]
|upkeep
|turn|42
|
|t:|1758956274
|switch|p1a: Frosmoth|Frosmoth, M, shiny|65/100
|move|p2a: Beartic|Icicle Spear|p1a: Frosmoth
|-resisted|p1a: Frosmoth
|-damage|p1a: Frosmoth|37/100
|-resisted|p1a: Frosmoth
|-damage|p1a: Frosmoth|9/100
|-resisted|p1a: Frosmoth
|-damage|p1a: Frosmoth|0 fnt
|faint|p1a: Frosmoth
|-hitcount|p1: Frosmoth|3
|
|-weather|none
|upkeep
|
|t:|1758956278
|switch|p1a: Slowking|Slowking-Galar, M|100/100
|turn|43
|
|t:|1758956281
|move|p2a: Beartic|Icicle Spear|p1a: Slowking
|-damage|p1a: Slowking|48/100
|-damage|p1a: Slowking|0 fnt
|faint|p1a: Slowking
|-hitcount|p1: Slowking|2
|
|upkeep
|
|t:|1758956283
|switch|p1a: Alomomola|Alomomola, F|59/100
|turn|44
|
|t:|1758956287
|move|p2a: Beartic|Earthquake|p1a: Alomomola
|-damage|p1a: Alomomola|0 fnt
|faint|p1a: Alomomola
|
|upkeep
|c|☆maza2|Gg
|c|☆ding111|do you want the win?
|c|☆maza2|Ojo
|c|☆maza2|No te preocupes Bro
|inactive|maza2 has 120 seconds left.
|c|☆maza2|Ganaste bien
|c|☆maza2|Chido
|
|t:|1758956325
|switch|p1a: Ting-Lu|Ting-Lu|100/100
|-ability|p1a: Ting-Lu|Vessel of Ruin
|turn|45
|c|☆ding111|gg
|
|t:|1758956340
|move|p2a: Beartic|Icicle Spear|p1a: Ting-Lu
|-supereffective|p1a: Ting-Lu
|-damage|p1a: Ting-Lu|41/100
|-supereffective|p1a: Ting-Lu
|-damage|p1a: Ting-Lu|0 fnt
|faint|p1a: Ting-Lu
|-hitcount|p1: Ting-Lu|2
|
|win|ding111
|raw|maza2's rating: 1400 &rarr; <strong>1381</strong><br />(-19 for losing)
|raw|ding111's rating: 1416 &rarr; <strong>1435</strong><br />(+19 for winning)
|c|☆ding111|gl
|c|☆maza2|Gg
|l|☆ding111
|player|p2|
|l|☆maza2
|player|p1|
