|j|☆Awesomem2005
|j|☆Blip09
|t:|1759056667
|gametype|singles
|player|p1|Awesomem2005|169|1072
|player|p2|Blip09|hilbert|1102
|gen|9
|tier|[Gen 9] OU
|rated|
|rule|HP Percentage Mod: HP is shown in percentages
|rule|Endless Battle Clause: Forcing endless battles is banned
|rule|Species Clause: Limit one of each Pokémon
|rule|OHKO Clause: OHKO moves are banned
|rule|Evasion Items Clause: Evasion items are banned
|rule|Evasion Moves Clause: Evasion moves are banned
|rule|Evasion Abilities Clause: Evasion abilities are banned
|rule|Sleep Moves Clause: Sleep-inducing moves are banned
|clearpoke
|poke|p1|Toxapex, F|
|poke|p1|Pecharunt|
|poke|p1|Iron Moth|
|poke|p1|Gengar, M|
|poke|p1|Munkidori, M|
|poke|p1|Ogerpon-Wellspring, F|
|poke|p2|Garganacl, M|
|poke|p2|Polteageist|
|poke|p2|Gliscor, M|
|poke|p2|Gholdengo|
|poke|p2|Iron Valiant|
|poke|p2|Cinderace, M|
|teampreview
|
|t:|1759056678
|teamsize|p1|6
|teamsize|p2|6
|start
|switch|p1a: Ogerpon|Ogerpon-Wellspring, F|100/100
|switch|p2a: Cinderace|Cinderace, M|100/100
|turn|1
|
|t:|1759056692
|move|p2a: Cinderace|Iron Head|p1a: Ogerpon
|-start|p2a: Cinderace|typechange|Steel|[from] ability: Libero
|-resisted|p1a: Ogerpon
|-damage|p1a: Ogerpon|75/100
|move|p1a: Ogerpon|Spikes|p2a: Cinderace
|-sidestart|p2: Blip09|Spikes
|
|upkeep
|turn|2
|
|t:|1759056733
|move|p2a: Cinderace|Iron Head|p1a: Ogerpon
|-resisted|p1a: Ogerpon
|-damage|p1a: Ogerpon|48/100
|move|p1a: Ogerpon|Ivy Cudgel|p2a: Cinderace|[anim] Ivy Cudgel Water
|-damage|p2a: Cinderace|11/100
|
|upkeep
|turn|3
|
|t:|1759056741
|move|p2a: Cinderace|Iron Head|p1a: Ogerpon
|-resisted|p1a: Ogerpon
|-damage|p1a: Ogerpon|22/100
|move|p1a: Ogerpon|U-turn|p2a: Cinderace
|-resisted|p2a: Cinderace
|-damage|p2a: Cinderace|0 fnt
|faint|p2a: Cinderace
|
|t:|1759056750
|switch|p1a: Iron Moth|Iron Moth|100/100|[from] U-turn
|-enditem|p1a: Iron Moth|Booster Energy
|-activate|p1a: Iron Moth|ability: Quark Drive|[fromitem]
|-start|p1a: Iron Moth|quarkdrivespe
|
|upkeep
|
|t:|1759056764
|switch|p2a: Gholdengo|Gholdengo|100/100
|-damage|p2a: Gholdengo|88/100|[from] Spikes
|turn|4
|
|t:|1759056771
|move|p1a: Iron Moth|Toxic Spikes|p2a: Gholdengo
|-sidestart|p2: Blip09|move: Toxic Spikes
|move|p2a: Gholdengo|Nasty Plot|p2a: Gholdengo
|-boost|p2a: Gholdengo|spa|2
|
|upkeep
|turn|5
|
|t:|1759056778
|move|p1a: Iron Moth|Fiery Dance|p2a: Gholdengo
|-supereffective|p2a: Gholdengo
|-damage|p2a: Gholdengo|0 fnt
|-boost|p1a: Iron Moth|spa|1
|faint|p2a: Gholdengo
|
|upkeep
|
|t:|1759056801
|switch|p2a: Gliscor|Gliscor, M|100/100
|turn|6
|
|t:|1759056811
|move|p1a: Iron Moth|Toxic Spikes|p2a: Gliscor
|-sidestart|p2: Blip09|move: Toxic Spikes
|move|p2a: Gliscor|Earthquake|p1a: Iron Moth
|-supereffective|p1a: Iron Moth
|-damage|p1a: Iron Moth|0 fnt
|faint|p1a: Iron Moth
|-end|p1a: Iron Moth|Quark Drive|[silent]
|
|-status|p2a: Gliscor|tox|[from] item: Toxic Orb
|upkeep
|
|t:|1759056821
|switch|p1a: Gengar|Gengar, M|100/100
|turn|7
|
|t:|1759056836
|move|p1a: Gengar|Hex|p2a: Gliscor
|-damage|p2a: Gliscor|3/100 tox
|move|p2a: Gliscor|Earthquake|p1a: Gengar
|-supereffective|p1a: Gengar
|-damage|p1a: Gengar|0 fnt
|faint|p1a: Gengar
|
|-heal|p2a: Gliscor|16/100 tox|[from] ability: Poison Heal
|upkeep
|
|t:|1759056847
|switch|p1a: Ogerpon|Ogerpon-Wellspring, F|22/100
|turn|8
|
|t:|1759056854
|move|p1a: Ogerpon|U-turn|p2a: Gliscor
|-resisted|p2a: Gliscor
|-damage|p2a: Gliscor|2/100 tox
|
|t:|1759056859
|switch|p1a: Pecharunt|Pecharunt|100/100|[from] U-turn
|move|p2a: Gliscor|Facade|p1a: Pecharunt
|-immune|p1a: Pecharunt
|
|-heal|p2a: Gliscor|14/100 tox|[from] ability: Poison Heal
|upkeep
|turn|9
|
|t:|1759056870
|move|p1a: Pecharunt|Shadow Ball|p2a: Gliscor
|-damage|p2a: Gliscor|0 fnt
|faint|p2a: Gliscor
|
|upkeep
|
|t:|1759056882
|switch|p2a: Garganacl|Garganacl, M|100/100
|-damage|p2a: Garganacl|88/100|[from] Spikes
|turn|10
|
|t:|1759056914
|move|p1a: Pecharunt|Parting Shot|p2a: Garganacl
|-unboost|p2a: Garganacl|atk|1
|-unboost|p2a: Garganacl|spa|1
|
|t:|1759056924
|switch|p1a: Munkidori|Munkidori, M|100/100|[from] Parting Shot
|move|p2a: Garganacl|Salt Cure|p1a: Munkidori
|-damage|p1a: Munkidori|86/100
|-start|p1a: Munkidori|Salt Cure
|
|-heal|p2a: Garganacl|94/100|[from] item: Leftovers
|-damage|p1a: Munkidori|74/100|[from] Salt Cure
|upkeep
|turn|11
|
|t:|1759056936
|move|p1a: Munkidori|Focus Blast|p2a: Garganacl
|-supereffective|p2a: Garganacl
|-damage|p2a: Garganacl|36/100
|move|p2a: Garganacl|Iron Defense|p2a: Garganacl
|-boost|p2a: Garganacl|def|2
|
|-heal|p2a: Garganacl|42/100|[from] item: Leftovers
|-damage|p1a: Munkidori|62/100|[from] Salt Cure
|upkeep
|turn|12
|
|t:|1759056946
|move|p1a: Munkidori|Sludge Wave|p2a: Garganacl
|-resisted|p2a: Garganacl
|-damage|p2a: Garganacl|26/100
|move|p2a: Garganacl|Recover|p2a: Garganacl
|-heal|p2a: Garganacl|76/100
|
|-heal|p2a: Garganacl|83/100|[from] item: Leftovers
|-damage|p1a: Munkidori|49/100|[from] Salt Cure
|upkeep
|turn|13
|
|t:|1759056956
|move|p1a: Munkidori|Nasty Plot|p1a: Munkidori
|-boost|p1a: Munkidori|spa|2
|move|p2a: Garganacl|Iron Defense|p2a: Garganacl
|-boost|p2a: Garganacl|def|2
|
|-heal|p2a: Garganacl|89/100|[from] item: Leftovers
|-damage|p1a: Munkidori|37/100|[from] Salt Cure
|upkeep
|turn|14
|
|t:|1759056968
|move|p1a: Munkidori|Focus Blast|p2a: Garganacl
|-supereffective|p2a: Garganacl
|-damage|p2a: Garganacl|0 fnt
|faint|p2a: Garganacl
|
|-damage|p1a: Munkidori|25/100|[from] Salt Cure
|upkeep
|
|t:|1759056975
|switch|p2a: Iron Valiant|Iron Valiant|100/100
|-damage|p2a: Iron Valiant|88/100|[from] Spikes
|-status|p2a: Iron Valiant|tox
|-enditem|p2a: Iron Valiant|Booster Energy
|-activate|p2a: Iron Valiant|ability: Quark Drive|[fromitem]
|-start|p2a: Iron Valiant|quarkdrivespe
|turn|15
|
|t:|1759056994
|move|p2a: Iron Valiant|Drain Punch|p1a: Munkidori
|-resisted|p1a: Munkidori
|-damage|p1a: Munkidori|12/100
|-heal|p2a: Iron Valiant|95/100 tox|[from] drain|[of] p1a: Munkidori
|move|p1a: Munkidori|Focus Blast|p2a: Iron Valiant
|-resisted|p2a: Iron Valiant
|-damage|p2a: Iron Valiant|13/100 tox
|
|-damage|p2a: Iron Valiant|7/100 tox|[from] psn
|-damage|p1a: Munkidori|0 fnt|[from] Salt Cure
|faint|p1a: Munkidori
|upkeep
|
|t:|1759057006
|switch|p1a: Toxapex|Toxapex, F|100/100
|turn|16
|
|t:|1759057019
|move|p2a: Iron Valiant|Destiny Bond|p2a: Iron Valiant
|-singlemove|p2a: Iron Valiant|Destiny Bond
|move|p1a: Toxapex|Surf|p2a: Iron Valiant
|-damage|p2a: Iron Valiant|0 fnt
|faint|p2a: Iron Valiant
|-activate|p2a: Iron Valiant|move: Destiny Bond
|-end|p2a: Iron Valiant|Quark Drive|[silent]
|faint|p1a: Toxapex
|
|upkeep
|
|t:|1759057027
|switch|p2a: Polteageist|Polteageist|100/100
|switch|p1a: Pecharunt|Pecharunt|100/100
|-damage|p2a: Polteageist|88/100|[from] Spikes
|-status|p2a: Polteageist|tox
|turn|17
|
|t:|1759057042
|move|p1a: Pecharunt|Shadow Ball|p2a: Polteageist
|-supereffective|p2a: Polteageist
|-damage|p2a: Polteageist|35/100 tox
|move|p2a: Polteageist|Shell Smash|p2a: Polteageist
|-unboost|p2a: Polteageist|def|1
|-unboost|p2a: Polteageist|spd|1
|-boost|p2a: Polteageist|atk|2
|-boost|p2a: Polteageist|spa|2
|-boost|p2a: Polteageist|spe|2
|-enditem|p2a: Polteageist|White Herb
|-clearnegativeboost|p2a: Polteageist|[silent]
|
|-damage|p2a: Polteageist|28/100 tox|[from] psn
|upkeep
|turn|18
|
|t:|1759057058
|move|p2a: Polteageist|Shadow Ball|p1a: Pecharunt
|-supereffective|p1a: Pecharunt
|-damage|p1a: Pecharunt|0 fnt
|faint|p1a: Pecharunt
|
|-damage|p2a: Polteageist|16/100 tox|[from] psn
|upkeep
|
|t:|1759057065
|switch|p1a: Ogerpon|Ogerpon-Wellspring, F|22/100
|turn|19
|
|t:|1759057083
|move|p2a: Polteageist|Stored Power|p1a: Ogerpon
|-damage|p1a: Ogerpon|0 fnt
|faint|p1a: Ogerpon
|
|win|Blip09
|raw|Awesomem2005's rating: 1072 &rarr; <strong>1053</strong><br />(-19 for losing)
|raw|Blip09's rating: 1102 &rarr; <strong>1125</strong><br />(+23 for winning)
|l|☆Awesomem2005
|player|p1|
|l|☆Blip09
|player|p2|
