|j|☆fffffffyy
|j|☆Fairytale22244!
|t:|1758998259
|gametype|singles
|player|p1|fffffffyy|2|1000
|player|p2|Fairytale22244!|265|1054
|gen|9
|tier|[Gen 9] OU
|rated|
|rule|HP Percentage Mod: HP is shown in percentages
|rule|Endless Battle Clause: Forcing endless battles is banned
|rule|Species Clause: Limit one of each Pokémon
|rule|OHKO Clause: OHKO moves are banned
|rule|Evasion Items Clause: Evasion items are banned
|rule|Evasion Moves Clause: Evasion moves are banned
|rule|Evasion Abilities Clause: Evasion abilities are banned
|rule|Sleep Moves Clause: Sleep-inducing moves are banned
|clearpoke
|poke|p1|Empoleon, F|
|poke|p1|Clefable, M|
|poke|p1|Corviknight, M|
|poke|p1|Blaziken, M|
|poke|p1|Garchomp, M|
|poke|p1|Ribombee, F|
|poke|p2|Gardevoir, M|
|poke|p2|Weezing-Galar, F|
|poke|p2|Swalot, M|
|poke|p2|Vivillon-Icy Snow, M|
|poke|p2|Vikavolt, M|
|poke|p2|Latios, M|
|teampreview
|
|t:|1758998274
|teamsize|p1|6
|teamsize|p2|6
|start
|switch|p1a: Ribombee|Ribombee, F|100/100
|switch|p2a: Vikavolt|Vikavolt, M|100/100
|turn|1
|
|t:|1758998282
|move|p1a: Ribombee|Sticky Web|p2a: Vikavolt
|-sidestart|p2: Fairytale22244!|move: Sticky Web
|move|p2a: Vikavolt|Discharge|p1a: Ribombee
|-damage|p1a: Ribombee|23/100
|
|upkeep
|turn|2
|
|t:|1758998294
|move|p1a: Ribombee|Alluring Voice|p2a: Vikavolt
|-damage|p2a: Vikavolt|57/100
|move|p2a: Vikavolt|Discharge|p1a: Ribombee
|-damage|p1a: Ribombee|0 fnt
|faint|p1a: Ribombee
|
|upkeep
|inactive|Battle timer is ON: inactive players will automatically lose when time's up. (requested by Fairytale22244!)
|
|t:|1758998310
|switch|p1a: Corviknight|Corviknight, M|100/100
|-ability|p1a: Corviknight|Pressure
|turn|3
|
|t:|1758998317
|move|p1a: Corviknight|Tailwind|p1a: Corviknight
|-sidestart|p1: fffffffyy|move: Tailwind
|move|p2a: Vikavolt|Discharge|p1a: Corviknight
|-supereffective|p1a: Corviknight
|-damage|p1a: Corviknight|18/100
|-status|p1a: Corviknight|par
|
|upkeep
|turn|4
|
|t:|1758998325
|cant|p1a: Corviknight|par
|move|p2a: Vikavolt|Discharge|p1a: Corviknight
|-supereffective|p1a: Corviknight
|-damage|p1a: Corviknight|0 fnt
|faint|p1a: Corviknight
|
|upkeep
|
|t:|1758998341
|switch|p1a: Blaziken|Blaziken, M|100/100
|turn|5
|
|t:|1758998352
|move|p1a: Blaziken|Fire Blast|p2a: Vikavolt
|-supereffective|p2a: Vikavolt
|-damage|p2a: Vikavolt|0 fnt
|faint|p2a: Vikavolt
|
|upkeep
|
|t:|1758998361
|switch|p2a: Weezing|Weezing-Galar, F|100/100
|-activate|p2a: Weezing|move: Sticky Web
|-unboost|p2a: Weezing|spe|1
|-fieldstart|move: Misty Terrain|[from] ability: Misty Surge|[of] p2a: Weezing
|turn|6
|
|t:|1758998371
|-singleturn|p1a: Blaziken|move: Focus Punch
|move|p2a: Weezing|Strange Steam|p1a: Blaziken
|-damage|p1a: Blaziken|33/100
|cant|p1a: Blaziken|Focus Punch|Focus Punch
|
|-sideend|p1: fffffffyy|move: Tailwind
|upkeep
|turn|7
|
|t:|1758998384
|move|p1a: Blaziken|Fire Blast|p2a: Weezing
|-damage|p2a: Weezing|10/100
|move|p2a: Weezing|Strange Steam|p1a: Blaziken
|-damage|p1a: Blaziken|0 fnt
|faint|p1a: Blaziken
|
|upkeep
|
|t:|1758998395
|switch|p1a: Clefable|Clefable, M|100/100
|turn|8
|
|t:|1758998402
|move|p1a: Clefable|Moonlight|p1a: Clefable
|-fail|p1a: Clefable|heal
|move|p2a: Weezing|Sludge Bomb|p1a: Clefable
|-supereffective|p1a: Clefable
|-damage|p1a: Clefable|42/100
|
|-heal|p1a: Clefable|48/100|[from] item: Leftovers
|upkeep
|turn|9
|
|t:|1758998416
|move|p1a: Clefable|Draining Kiss|p2a: Weezing
|-resisted|p2a: Weezing
|-damage|p2a: Weezing|0 fnt
|-heal|p1a: Clefable|54/100|[from] drain|[of] p2a: Weezing
|faint|p2a: Weezing
|
|-heal|p1a: Clefable|60/100|[from] item: Leftovers
|upkeep
|
|t:|1758998419
|switch|p2a: Latios|Latios, M|100/100
|turn|10
|
|t:|1758998430
|move|p2a: Latios|Simple Beam|p1a: Clefable
|-ability|p1a: Clefable|Simple|Cute Charm|[from] move: Simple Beam
|move|p1a: Clefable|Light Screen|p1a: Clefable
|-sidestart|p1: fffffffyy|move: Light Screen
|
|-heal|p1a: Clefable|66/100|[from] item: Leftovers
|-fieldend|Misty Terrain
|upkeep
|turn|11
|
|t:|1758998441
|switch|p2a: Gardevoir|Gardevoir, M|100/100
|-activate|p2a: Gardevoir|move: Sticky Web
|-unboost|p2a: Gardevoir|spe|1
|-ability|p2a: Gardevoir|Simple|Trace|[from] ability: Trace|[of] p1a: Clefable
|move|p1a: Clefable|Draining Kiss|p2a: Gardevoir
|-damage|p2a: Gardevoir|83/100
|-heal|p1a: Clefable|76/100|[from] drain|[of] p2a: Gardevoir
|
|-heal|p1a: Clefable|82/100|[from] item: Leftovers
|upkeep
|turn|12
|
|t:|1758998455
|move|p1a: Clefable|Protect|p1a: Clefable
|-singleturn|p1a: Clefable|Protect
|move|p2a: Gardevoir|Calm Mind|p2a: Gardevoir
|-boost|p2a: Gardevoir|spa|2
|-boost|p2a: Gardevoir|spd|2
|
|-heal|p1a: Clefable|88/100|[from] item: Leftovers
|upkeep
|turn|13
|
|t:|1758998468
|move|p2a: Gardevoir|Psychic Noise|p1a: Clefable
|-damage|p1a: Clefable|57/100
|-start|p1a: Clefable|move: Heal Block
|cant|p1a: Clefable|move: Heal Block|Draining Kiss
|
|upkeep
|turn|14
|
|t:|1758998477
|move|p1a: Clefable|Protect|p1a: Clefable
|-singleturn|p1a: Clefable|Protect
|move|p2a: Gardevoir|Calm Mind|p2a: Gardevoir
|-boost|p2a: Gardevoir|spa|2
|-boost|p2a: Gardevoir|spd|2
|
|-end|p1a: Clefable|move: Heal Block
|-sideend|p1: fffffffyy|move: Light Screen
|upkeep
|turn|15
|
|t:|1758998487
|move|p2a: Gardevoir|Psychic Noise|p1a: Clefable
|-damage|p1a: Clefable|0 fnt
|faint|p1a: Clefable
|
|upkeep
|
|t:|1758998493
|switch|p1a: Garchomp|Garchomp, M|100/100
|turn|16
|
|t:|1758998499
|move|p1a: Garchomp|Swords Dance|p1a: Garchomp
|-boost|p1a: Garchomp|atk|2
|move|p2a: Gardevoir|Stored Power|p1a: Garchomp
|-crit|p1a: Garchomp
|-enditem|p1a: Garchomp|Focus Sash
|-damage|p1a: Garchomp|1/100
|
|upkeep
|turn|17
|
|t:|1758998510
|move|p1a: Garchomp|Outrage|p2a: Gardevoir
|-immune|p2a: Gardevoir
|move|p2a: Gardevoir|Stored Power|p1a: Garchomp
|-damage|p1a: Garchomp|0 fnt
|faint|p1a: Garchomp
|
|upkeep
|
|t:|1758998518
|switch|p1a: Empoleon|Empoleon, F|100/100
|turn|18
|
|t:|1758998532
|move|p1a: Empoleon|Hydro Pump|p2a: Gardevoir
|-damage|p2a: Gardevoir|68/100
|move|p2a: Gardevoir|Stored Power|p1a: Empoleon
|-resisted|p1a: Empoleon
|-damage|p1a: Empoleon|0 fnt
|faint|p1a: Empoleon
|
|win|Fairytale22244!
|raw|fffffffyy's rating: 1000 &rarr; <strong>1000</strong><br />(+0 for losing)
|raw|Fairytale22244!'s rating: 1037 &rarr; <strong>1068</strong><br />(+31 for winning)
