|j|☆Spartior1
|j|☆Yothas
|t:|1759075482
|gametype|singles
|player|p1|Spartior1|102|1411
|player|p2|Yothas|2|1407
|gen|9
|tier|[Gen 9] OU
|rated|
|rule|HP Percentage Mod: HP is shown in percentages
|rule|Endless Battle Clause: Forcing endless battles is banned
|rule|Species Clause: Limit one of each Pokémon
|rule|OHKO Clause: OHKO moves are banned
|rule|Evasion Items Clause: Evasion items are banned
|rule|Evasion Moves Clause: Evasion moves are banned
|rule|Evasion Abilities Clause: Evasion abilities are banned
|rule|Sleep Moves Clause: Sleep-inducing moves are banned
|clearpoke
|poke|p1|Indeedee, M|
|poke|p1|Hatterene, F|
|poke|p1|Ursaluna, M|
|poke|p1|Iron Hands|
|poke|p1|Hoopa-Unbound|
|poke|p1|Mimikyu, M|
|poke|p2|Pelipper, M|
|poke|p2|Ludicolo, F|
|poke|p2|Feraligatr, M|
|poke|p2|Crawdaunt, F|
|poke|p2|Talonflame, F|
|poke|p2|Rhyperior, F|
|teampreview
|inactive|Battle timer is ON: inactive players will automatically lose when time's up. (requested by Spartior1)
|
|t:|1759075507
|teamsize|p1|6
|teamsize|p2|6
|start
|switch|p1a: Indeedee|Indeedee, M|100/100
|switch|p2a: Pelipper|Pelipper, M|100/100
|-weather|RainDance|[from] ability: Drizzle|[of] p2a: Pelipper
|-fieldstart|move: Psychic Terrain|[from] ability: Psychic Surge|[of] p1a: Indeedee
|turn|1
|
|t:|1759075509
|switch|p2a: Ludicolo|Ludicolo, F, shiny|100/100
|move|p1a: Indeedee|Trick Room|p1a: Indeedee
|-fieldstart|move: Trick Room|[of] p1a: Indeedee
|
|-weather|RainDance|[upkeep]
|upkeep
|turn|2
|
|t:|1759075524
|move|p2a: Ludicolo|Knock Off|p1a: Indeedee
|-supereffective|p1a: Indeedee
|-damage|p1a: Indeedee|66/100
|-enditem|p1a: Indeedee|Terrain Extender|[from] move: Knock Off|[of] p2a: Ludicolo
|move|p1a: Indeedee|Expanding Force|p2a: Ludicolo
|-damage|p2a: Ludicolo|65/100
|
|-weather|RainDance|[upkeep]
|-heal|p2a: Ludicolo|71/100|[from] ability: Rain Dish
|upkeep
|turn|3
|
|t:|1759075534
|switch|p1a: Hoopa|Hoopa-Unbound|100/100
|-enditem|p1a: Hoopa|Psychic Seed
|-boost|p1a: Hoopa|spd|1|[from] item: Psychic Seed
|move|p2a: Ludicolo|Giga Drain|p1a: Hoopa
|-damage|p1a: Hoopa|85/100
|-heal|p2a: Ludicolo|79/100|[from] drain|[of] p1a: Hoopa
|
|-weather|RainDance|[upkeep]
|-heal|p2a: Ludicolo|85/100|[from] ability: Rain Dish
|upkeep
|turn|4
|
|t:|1759075544
|switch|p2a: Rhyperior|Rhyperior, F|100/100
|move|p1a: Hoopa|Expanding Force|p2a: Rhyperior
|-damage|p2a: Rhyperior|0 fnt
|faint|p2a: Rhyperior
|-item|p1a: Hoopa|Leftovers|[from] ability: Magician|[of] p2: Rhyperior
|
|-weather|RainDance|[upkeep]
|-heal|p1a: Hoopa|91/100|[from] item: Leftovers
|upkeep
|
|t:|1759075547
|switch|p2a: Crawdaunt|Crawdaunt, F|100/100
|turn|5
|
|t:|1759075552
|-terastallize|p2a: Crawdaunt|Water
|move|p2a: Crawdaunt|Aqua Jet|p1a: Hoopa
|-activate|p1a: Hoopa|move: Psychic Terrain
|move|p1a: Hoopa|Focus Blast|p2a: Crawdaunt|[miss]
|-miss|p1a: Hoopa|p2a: Crawdaunt
|
|-weather|RainDance|[upkeep]
|-heal|p1a: Hoopa|97/100|[from] item: Leftovers
|-fieldend|move: Trick Room
|upkeep
|turn|6
|
|t:|1759075563
|switch|p2a: Ludicolo|Ludicolo, F, shiny|85/100
|move|p1a: Hoopa|Expanding Force|p2a: Ludicolo
|-damage|p2a: Ludicolo|21/100
|
|-weather|RainDance|[upkeep]
|-heal|p2a: Ludicolo|27/100|[from] ability: Rain Dish
|-heal|p1a: Hoopa|100/100|[from] item: Leftovers
|upkeep
|turn|7
|
|t:|1759075565
|move|p2a: Ludicolo|Knock Off|p1a: Hoopa
|-damage|p1a: Hoopa|85/100
|-enditem|p1a: Hoopa|Leftovers|[from] move: Knock Off|[of] p2a: Ludicolo
|move|p1a: Hoopa|Expanding Force|p2a: Ludicolo
|-damage|p2a: Ludicolo|0 fnt
|faint|p2a: Ludicolo
|-item|p1a: Hoopa|Assault Vest|[from] ability: Magician|[of] p2: Ludicolo
|
|-weather|RainDance|[upkeep]
|upkeep
|
|t:|1759075583
|switch|p2a: Talonflame|Talonflame, F|100/100
|turn|8
|
|t:|1759075587
|move|p2a: Talonflame|U-turn|p1a: Hoopa
|-supereffective|p1a: Hoopa
|-damage|p1a: Hoopa|27/100
|
|t:|1759075591
|switch|p2a: Crawdaunt|Crawdaunt, F, tera:Water|100/100|[from] U-turn
|move|p1a: Hoopa|Expanding Force|p2a: Crawdaunt
|-damage|p2a: Crawdaunt|0 fnt
|faint|p2a: Crawdaunt
|
|-weather|none
|-fieldend|move: Psychic Terrain
|upkeep
|
|t:|1759075595
|switch|p2a: Pelipper|Pelipper, M|100/100
|-weather|RainDance|[from] ability: Drizzle|[of] p2a: Pelipper
|turn|9
|
|t:|1759075606
|move|p2a: Pelipper|U-turn|p1a: Hoopa
|-supereffective|p1a: Hoopa
|-damage|p1a: Hoopa|0 fnt
|faint|p1a: Hoopa
|
|t:|1759075609
|switch|p2a: Feraligatr|Feraligatr, M|100/100|[from] U-turn
|
|-weather|RainDance|[upkeep]
|upkeep
|
|t:|1759075612
|switch|p1a: Indeedee|Indeedee, M|66/100
|-fieldstart|move: Psychic Terrain|[from] ability: Psychic Surge|[of] p1a: Indeedee
|turn|10
|
|t:|1759075616
|move|p2a: Feraligatr|Dragon Dance|p2a: Feraligatr
|-boost|p2a: Feraligatr|atk|1
|-boost|p2a: Feraligatr|spe|1
|move|p1a: Indeedee|Trick Room|p1a: Indeedee
|-fieldstart|move: Trick Room|[of] p1a: Indeedee
|
|-weather|RainDance|[upkeep]
|upkeep
|turn|11
|
|t:|1759075640
|move|p1a: Indeedee|Expanding Force|p2a: Feraligatr
|-damage|p2a: Feraligatr|28/100
|move|p2a: Feraligatr|Crunch|p1a: Indeedee
|-supereffective|p1a: Indeedee
|-damage|p1a: Indeedee|0 fnt
|faint|p1a: Indeedee
|
|-weather|RainDance|[upkeep]
|upkeep
|
|t:|1759075646
|switch|p1a: Hatterene|Hatterene, F|100/100
|turn|12
|
|t:|1759075649
|move|p1a: Hatterene|Expanding Force|p2a: Feraligatr
|-damage|p2a: Feraligatr|0 fnt
|faint|p2a: Feraligatr
|-damage|p1a: Hatterene|91/100|[from] item: Life Orb
|
|-weather|RainDance|[upkeep]
|upkeep
|-message|Yothas forfeited.
|
|win|Spartior1
|raw|Spartior1's rating: 1411 &rarr; <strong>1431</strong><br />(+20 for winning)
|raw|Yothas's rating: 1407 &rarr; <strong>1387</strong><br />(-20 for losing)
|l|☆Yothas
|player|p2|
|l|☆Spartior1
|player|p1|
