|badge|p2|bronze|gen9ou|100-6
|badge|p2|silver|gen9uu|30-6
|badge|p2|bronze|gen9ru|100-6
|html|<div class="broadcast-red"><strong>This battle is required to be public due to one or more player having a season medal.</strong><br />During the public phase, you can discuss the state of the ladder <a href="/seasondiscussion">in a special chatroom.</a></div>
|uhtml|medal-msg|<div class="broadcast-blue">Curious what those medals under the avatar are? PS now has Ladder Seasons! For more information, check out the <a href="https://www.smogon.com/forums/threads/3740067/">thread on Smogon.</a></div>
|raw|<div class="broadcast-blue"><strong>This battle is required to be public due to a player having a name starting with 'medal'.</div>
|j|☆thodoras edition
|j|☆Sirpeanutcronch
|t:|1759057666
|gametype|singles
|player|p1|thodoras edition|169|1683
|player|p2|Sirpeanutcronch|#wcop2025africa|1889
|gen|9
|tier|[Gen 9] OU
|rated|
|rule|HP Percentage Mod: HP is shown in percentages
|rule|Endless Battle Clause: Forcing endless battles is banned
|rule|Species Clause: Limit one of each Pokémon
|rule|OHKO Clause: OHKO moves are banned
|rule|Evasion Items Clause: Evasion items are banned
|rule|Evasion Moves Clause: Evasion moves are banned
|rule|Evasion Abilities Clause: Evasion abilities are banned
|rule|Sleep Moves Clause: Sleep-inducing moves are banned
|clearpoke
|poke|p1|Alomomola, F|
|poke|p1|Moltres|
|poke|p1|Lokix, F|
|poke|p1|Great Tusk|
|poke|p1|Dragalge, M|
|poke|p1|Gholdengo|
|poke|p2|Iron Moth|
|poke|p2|Skarmory, F|
|poke|p2|Samurott-Hisui, F|
|poke|p2|Dragapult, M|
|poke|p2|Mamoswine, M|
|poke|p2|Hatterene, F|
|teampreview
|inactive|Battle timer is ON: inactive players will automatically lose when time's up. (requested by Sirpeanutcronch)
|j| FP.//06
|inactive|thodoras edition has 120 seconds left.
|l| FP.//06
|
|t:|1759057715
|teamsize|p1|6
|teamsize|p2|6
|start
|switch|p1a: Lokix|Lokix, F|100/100
|switch|p2a: Mamoswine|Mamoswine, M|100/100
|turn|1
|
|t:|1759057724
|move|p2a: Mamoswine|Stealth Rock|p1a: Lokix
|-sidestart|p1: thodoras edition|move: Stealth Rock
|move|p1a: Lokix|U-turn|p2a: Mamoswine
|-damage|p2a: Mamoswine|46/100
|
|t:|1759057734
|switch|p1a: Alomomola|Alomomola, F|100/100|[from] U-turn
|-damage|p1a: Alomomola|88/100|[from] Stealth Rock
|
|upkeep
|turn|2
|j| Cachou10
|
|t:|1759057740
|switch|p2a: Skarmory|Skarmory, F|100/100
|move|p1a: Alomomola|Scald|p2a: Skarmory
|-damage|p2a: Skarmory|83/100
|
|upkeep
|turn|3
|
|t:|1759057749
|switch|p2a: Hatterene|Hatterene, F|100/100
|move|p1a: Alomomola|Scald|p2a: Hatterene
|-damage|p2a: Hatterene|87/100
|
|-heal|p2a: Hatterene|93/100|[from] item: Leftovers
|upkeep
|turn|4
|
|t:|1759057756
|move|p1a: Alomomola|Body Slam|p2a: Hatterene
|-damage|p2a: Hatterene|79/100
|move|p2a: Hatterene|Calm Mind|p2a: Hatterene
|-boost|p2a: Hatterene|spa|1
|-boost|p2a: Hatterene|spd|1
|
|-heal|p2a: Hatterene|85/100|[from] item: Leftovers
|upkeep
|turn|5
|
|t:|1759057779
|move|p1a: Alomomola|Body Slam|p2a: Hatterene
|-damage|p2a: Hatterene|73/100
|move|p2a: Hatterene|Calm Mind|p2a: Hatterene
|-boost|p2a: Hatterene|spa|1
|-boost|p2a: Hatterene|spd|1
|
|-heal|p2a: Hatterene|79/100|[from] item: Leftovers
|upkeep
|turn|6
|
|t:|1759057787
|move|p1a: Alomomola|Body Slam|p2a: Hatterene
|-damage|p2a: Hatterene|65/100
|move|p2a: Hatterene|Calm Mind|p2a: Hatterene
|-boost|p2a: Hatterene|spa|1
|-boost|p2a: Hatterene|spd|1
|
|-heal|p2a: Hatterene|71/100|[from] item: Leftovers
|upkeep
|turn|7
|
|t:|1759057792
|move|p1a: Alomomola|Body Slam|p2a: Hatterene
|-damage|p2a: Hatterene|58/100
|move|p2a: Hatterene|Calm Mind|p2a: Hatterene
|-boost|p2a: Hatterene|spa|1
|-boost|p2a: Hatterene|spd|1
|
|-heal|p2a: Hatterene|64/100|[from] item: Leftovers
|upkeep
|turn|8
|
|t:|1759057800
|move|p1a: Alomomola|Flip Turn|p2a: Hatterene
|-damage|p2a: Hatterene|50/100
|
|t:|1759057805
|switch|p1a: Gholdengo|Gholdengo|100/100|[from] Flip Turn
|-damage|p1a: Gholdengo|94/100|[from] Stealth Rock
|move|p2a: Hatterene|Calm Mind|p2a: Hatterene
|-boost|p2a: Hatterene|spa|1
|-boost|p2a: Hatterene|spd|1
|
|-heal|p2a: Hatterene|56/100|[from] item: Leftovers
|upkeep
|turn|9
|
|t:|1759057818
|-terastallize|p2a: Hatterene|Water
|move|p1a: Gholdengo|Trick|p2a: Hatterene
|-activate|p1a: Gholdengo|move: Trick|[of] p2a: Hatterene
|-item|p2a: Hatterene|Choice Scarf|[from] move: Trick
|-item|p1a: Gholdengo|Leftovers|[from] move: Trick
|move|p2a: Hatterene|Draining Kiss|p1a: Gholdengo
|-resisted|p1a: Gholdengo
|-damage|p1a: Gholdengo|49/100
|-heal|p2a: Hatterene|90/100|[from] drain|[of] p1a: Gholdengo
|
|-heal|p1a: Gholdengo|55/100|[from] item: Leftovers
|upkeep
|turn|10
|
|t:|1759057833
|move|p1a: Gholdengo|Shadow Ball|p2a: Hatterene
|-crit|p2a: Hatterene
|-damage|p2a: Hatterene|25/100
|-unboost|p2a: Hatterene|spd|1
|move|p2a: Hatterene|Draining Kiss|p1a: Gholdengo
|-resisted|p1a: Gholdengo
|-damage|p1a: Gholdengo|9/100
|-heal|p2a: Hatterene|59/100|[from] drain|[of] p1a: Gholdengo
|
|-heal|p1a: Gholdengo|15/100|[from] item: Leftovers
|upkeep
|turn|11
|
|t:|1759057837
|move|p1a: Gholdengo|Shadow Ball|p2a: Hatterene
|-damage|p2a: Hatterene|44/100
|-unboost|p2a: Hatterene|spd|1
|move|p2a: Hatterene|Draining Kiss|p1a: Gholdengo
|-resisted|p1a: Gholdengo
|-damage|p1a: Gholdengo|0 fnt
|-heal|p2a: Hatterene|55/100|[from] drain|[of] p1a: Gholdengo
|faint|p1a: Gholdengo
|
|upkeep
|
|t:|1759057846
|switch|p1a: Lokix|Lokix, F|100/100
|-damage|p1a: Lokix|76/100|[from] Stealth Rock
|turn|12
|
|t:|1759057851
|switch|p2a: Skarmory|Skarmory, F|83/100
|move|p1a: Lokix|Knock Off|p2a: Skarmory
|-damage|p2a: Skarmory|40/100
|-damage|p1a: Lokix|59/100|[from] item: Rocky Helmet|[of] p2a: Skarmory
|-enditem|p2a: Skarmory|Rocky Helmet|[from] move: Knock Off|[of] p1a: Lokix
|
|upkeep
|turn|13
|
|t:|1759057856
|switch|p1a: Moltres|Moltres|100/100
|move|p2a: Skarmory|Roost|p2a: Skarmory
|-heal|p2a: Skarmory|90/100
|-singleturn|p2a: Skarmory|move: Roost
|
|upkeep
|turn|14
|
|t:|1759057862
|switch|p2a: Hatterene|Hatterene, F, tera:Water|55/100
|move|p1a: Moltres|U-turn|p2a: Hatterene
|-damage|p2a: Hatterene|43/100
|
|t:|1759057874
|switch|p1a: Great Tusk|Great Tusk|100/100|[from] U-turn
|
|upkeep
|turn|15
|
|t:|1759057878
|move|p1a: Great Tusk|Rapid Spin|p2a: Hatterene
|-damage|p2a: Hatterene|28/100
|-boost|p1a: Great Tusk|spe|1
|-sideend|p1: thodoras edition|Stealth Rock|[from] move: Rapid Spin|[of] p1a: Great Tusk
|move|p2a: Hatterene|Draining Kiss|p1a: Great Tusk
|-supereffective|p1a: Great Tusk
|-damage|p1a: Great Tusk|33/100
|-heal|p2a: Hatterene|88/100|[from] drain|[of] p1a: Great Tusk
|
|upkeep
|turn|16
|
|t:|1759057884
|-end|p1a: Great Tusk|Protosynthesis|[silent]
|switch|p1a: Dragalge|Dragalge, M|100/100
|switch|p2a: Mamoswine|Mamoswine, M|46/100
|
|upkeep
|turn|17
|
|t:|1759057894
|move|p2a: Mamoswine|Earthquake|p1a: Dragalge
|-supereffective|p1a: Dragalge
|-damage|p1a: Dragalge|0 fnt
|faint|p1a: Dragalge
|
|upkeep
|j| mcribs
|l| Cachou10
|
|t:|1759057900
|switch|p1a: Lokix|Lokix, F|59/100
|turn|18
|
|t:|1759057903
|switch|p2a: Skarmory|Skarmory, F|90/100
|move|p1a: Lokix|First Impression|p2a: Skarmory
|-resisted|p2a: Skarmory
|-damage|p2a: Skarmory|71/100
|
|upkeep
|turn|19
|
|t:|1759057908
|switch|p1a: Alomomola|Alomomola, F|100/100
|move|p2a: Skarmory|Spikes|p1a: Alomomola
|-sidestart|p1: thodoras edition|Spikes
|
|upkeep
|turn|20
|
|t:|1759057913
|move|p2a: Skarmory|Spikes|p1a: Alomomola
|-sidestart|p1: thodoras edition|Spikes
|move|p1a: Alomomola|Flip Turn|p2a: Skarmory
|-crit|p2a: Skarmory
|-damage|p2a: Skarmory|57/100
|
|t:|1759057916
|switch|p1a: Great Tusk|Great Tusk|33/100|[from] Flip Turn
|
|upkeep
|turn|21
|
|t:|1759057919
|move|p1a: Great Tusk|Rapid Spin|p2a: Skarmory
|-resisted|p2a: Skarmory
|-damage|p2a: Skarmory|52/100
|-boost|p1a: Great Tusk|spe|1
|-sideend|p1: thodoras edition|Spikes|[from] move: Rapid Spin|[of] p1a: Great Tusk
|move|p2a: Skarmory|Body Press|p1a: Great Tusk
|-crit|p1a: Great Tusk
|-damage|p1a: Great Tusk|0 fnt
|faint|p1a: Great Tusk
|-end|p1a: Great Tusk|Protosynthesis|[silent]
|
|upkeep
|
|t:|1759057925
|switch|p1a: Moltres|Moltres|100/100
|turn|22
|j| Nitro611
|
|t:|1759057931
|switch|p2a: Hatterene|Hatterene, F, tera:Water|88/100
|move|p1a: Moltres|Flamethrower|p2a: Hatterene
|-resisted|p2a: Hatterene
|-damage|p2a: Hatterene|69/100
|
|upkeep
|turn|23
|
|t:|1759057937
|move|p1a: Moltres|U-turn|p2a: Hatterene
|-damage|p2a: Hatterene|56/100
|
|t:|1759057941
|switch|p1a: Lokix|Lokix, F|59/100|[from] U-turn
|move|p2a: Hatterene|Draining Kiss|p1a: Lokix
|-supereffective|p1a: Lokix
|-damage|p1a: Lokix|0 fnt
|-heal|p2a: Hatterene|95/100|[from] drain|[of] p1a: Lokix
|faint|p1a: Lokix
|
|upkeep
|-message|thodoras edition forfeited.
|
|win|Sirpeanutcronch
|raw|thodoras edition's rating: 1683 &rarr; <strong>1674</strong><br />(-9 for losing)
|raw|Sirpeanutcronch's rating: 1889 &rarr; <strong>1898</strong><br />(+9 for winning)
|l|☆thodoras edition
|player|p1|
|l|☆Sirpeanutcronch
|player|p2|
|l| mcribs
