|j|☆andjelicpwnsu
|j|☆Leuloch
|t:|1759033972
|gametype|singles
|player|p1|andjelicpwnsu|wallace|1376
|player|p2|Leuloch|dragontamer|1333
|gen|9
|tier|[Gen 9] OU
|rated|
|rule|HP Percentage Mod: HP is shown in percentages
|rule|Endless Battle Clause: Forcing endless battles is banned
|rule|Species Clause: Limit one of each Pokémon
|rule|OHKO Clause: OHKO moves are banned
|rule|Evasion Items Clause: Evasion items are banned
|rule|Evasion Moves Clause: Evasion moves are banned
|rule|Evasion Abilities Clause: Evasion abilities are banned
|rule|Sleep Moves Clause: Sleep-inducing moves are banned
|clearpoke
|poke|p1|Corviknight, F|
|poke|p1|Blissey, F|
|poke|p1|Zapdos|
|poke|p1|Meowscarada, M|
|poke|p1|Primarina, M|
|poke|p1|Blaziken, F|
|poke|p2|Torkoal, F|
|poke|p2|Slither Wing|
|poke|p2|Walking Wake|
|poke|p2|Raging Bolt|
|poke|p2|Great Tusk|
|poke|p2|Venusaur, M|
|teampreview
|inactive|Battle timer is ON: inactive players will automatically lose when time's up. (requested by Leuloch)
|inactive|Leuloch has 120 seconds left.
|
|t:|1759034023
|teamsize|p1|6
|teamsize|p2|6
|start
|switch|p1a: Meowscarada|Meowscarada, M|100/100
|switch|p2a: Torkoal|Torkoal, F|100/100
|-weather|SunnyDay|[from] ability: Drought|[of] p2a: Torkoal
|turn|1
|inactive|andjelicpwnsu has 120 seconds left.
|
|t:|1759034058
|move|p1a: Meowscarada|U-turn|p2a: Torkoal
|-start|p1a: Meowscarada|typechange|Bug|[from] ability: Protean
|-resisted|p2a: Torkoal
|-damage|p2a: Torkoal|87/100
|
|t:|1759034063
|switch|p1a: Blissey|Blissey, F, shiny|100/100|[from] U-turn
|move|p2a: Torkoal|Stealth Rock|p1a: Blissey
|-sidestart|p1: andjelicpwnsu|move: Stealth Rock
|
|-weather|SunnyDay|[upkeep]
|upkeep
|turn|2
|inactive|andjelicpwnsu has 120 seconds left.
|
|t:|1759034090
|switch|p2a: Slither Wing|Slither Wing|100/100
|-activate|p2a: Slither Wing|ability: Protosynthesis
|-start|p2a: Slither Wing|protosynthesisatk
|-terastallize|p1a: Blissey|Ghost
|move|p1a: Blissey|Seismic Toss|p2a: Slither Wing
|-damage|p2a: Slither Wing|68/100
|
|-weather|SunnyDay|[upkeep]
|upkeep
|turn|3
|
|t:|1759034100
|move|p2a: Slither Wing|Flare Blitz|p1a: Blissey
|-damage|p1a: Blissey|0 fnt
|faint|p1a: Blissey
|-damage|p2a: Slither Wing|0 fnt|[from] Recoil
|faint|p2a: Slither Wing
|-end|p2a: Slither Wing|Protosynthesis|[silent]
|
|-weather|SunnyDay|[upkeep]
|upkeep
|
|t:|1759034109
|switch|p2a: Venusaur|Venusaur, M, shiny|100/100
|switch|p1a: Corviknight|Corviknight, F|100/100
|-damage|p1a: Corviknight|88/100|[from] Stealth Rock
|-ability|p1a: Corviknight|Pressure
|turn|4
|
|t:|1759034113
|move|p2a: Venusaur|Weather Ball|p1a: Corviknight
|-supereffective|p1a: Corviknight
|-damage|p1a: Corviknight|8/100
|-damage|p2a: Venusaur|91/100|[from] item: Life Orb
|move|p1a: Corviknight|Defog|p2a: Venusaur
|-unboost|p2a: Venusaur|evasion|1
|-sideend|p1: andjelicpwnsu|Stealth Rock|[from] move: Defog|[of] p1a: Corviknight
|
|-weather|SunnyDay|[upkeep]
|upkeep
|turn|5
|
|t:|1759034123
|switch|p1a: Zapdos|Zapdos|100/100
|move|p2a: Venusaur|Weather Ball|p1a: Zapdos
|-damage|p1a: Zapdos|68/100
|-damage|p2a: Venusaur|81/100|[from] item: Life Orb
|
|-weather|SunnyDay|[upkeep]
|upkeep
|turn|6
|
|t:|1759034148
|switch|p2a: Raging Bolt|Raging Bolt|100/100
|-activate|p2a: Raging Bolt|ability: Protosynthesis
|-start|p2a: Raging Bolt|protosynthesisspa
|move|p1a: Zapdos|Heat Wave|p2a: Raging Bolt
|-resisted|p2a: Raging Bolt
|-damage|p2a: Raging Bolt|82/100
|
|-weather|SunnyDay|[upkeep]
|-heal|p2a: Raging Bolt|88/100|[from] item: Leftovers
|upkeep
|turn|7
|
|t:|1759034158
|switch|p1a: Meowscarada|Meowscarada, M|100/100
|move|p2a: Raging Bolt|Calm Mind|p2a: Raging Bolt
|-boost|p2a: Raging Bolt|spa|1
|-boost|p2a: Raging Bolt|spd|1
|
|-weather|SunnyDay|[upkeep]
|-heal|p2a: Raging Bolt|94/100|[from] item: Leftovers
|upkeep
|turn|8
|
|t:|1759034168
|-terastallize|p2a: Raging Bolt|Fairy
|move|p1a: Meowscarada|Knock Off|p2a: Raging Bolt
|-start|p1a: Meowscarada|typechange|Dark|[from] ability: Protean
|-resisted|p2a: Raging Bolt
|-damage|p2a: Raging Bolt|67/100
|-enditem|p2a: Raging Bolt|Leftovers|[from] move: Knock Off|[of] p1a: Meowscarada
|move|p2a: Raging Bolt|Weather Ball|p1a: Meowscarada
|-damage|p1a: Meowscarada|0 fnt
|faint|p1a: Meowscarada
|
|-weather|none
|-end|p2a: Raging Bolt|Protosynthesis
|upkeep
|
|t:|1759034185
|switch|p1a: Blaziken|Blaziken, F, shiny|100/100
|turn|9
|
|t:|1759034191
|move|p1a: Blaziken|Swords Dance|p1a: Blaziken
|-boost|p1a: Blaziken|atk|2
|move|p2a: Raging Bolt|Dragon Pulse|p1a: Blaziken
|-enditem|p1a: Blaziken|Focus Sash
|-damage|p1a: Blaziken|1/100
|
|-ability|p1a: Blaziken|Speed Boost|boost
|-boost|p1a: Blaziken|spe|1
|upkeep
|turn|10
|
|t:|1759034200
|-end|p2a: Raging Bolt|Protosynthesis|[silent]
|switch|p2a: Great Tusk|Great Tusk|100/100
|move|p1a: Blaziken|Swords Dance|p1a: Blaziken
|-boost|p1a: Blaziken|atk|2
|
|-ability|p1a: Blaziken|Speed Boost|boost
|-boost|p1a: Blaziken|spe|1
|upkeep
|turn|11
|
|t:|1759034207
|move|p1a: Blaziken|Close Combat|p2a: Great Tusk
|-damage|p2a: Great Tusk|3/100
|-unboost|p1a: Blaziken|def|1
|-unboost|p1a: Blaziken|spd|1
|-damage|p1a: Blaziken|0 fnt|[from] item: Rocky Helmet|[of] p2a: Great Tusk
|faint|p1a: Blaziken
|move|p2a: Great Tusk|Rapid Spin|p1: Blaziken|[notarget]
|-fail|p2a: Great Tusk
|
|upkeep
|
|t:|1759034216
|switch|p1a: Corviknight|Corviknight, F|8/100
|-ability|p1a: Corviknight|Pressure
|turn|12
|
|t:|1759034221
|move|p2a: Great Tusk|Knock Off|p1a: Corviknight
|-damage|p1a: Corviknight|0 fnt
|-damage|p2a: Great Tusk|0 fnt|[from] item: Rocky Helmet|[of] p1a: Corviknight
|faint|p1a: Corviknight
|faint|p2a: Great Tusk
|-end|p2a: Great Tusk|Protosynthesis|[silent]
|
|upkeep
|
|t:|1759034231
|switch|p2a: Torkoal|Torkoal, F|87/100
|switch|p1a: Zapdos|Zapdos|68/100
|-weather|SunnyDay|[from] ability: Drought|[of] p2a: Torkoal
|turn|13
|
|t:|1759034234
|move|p1a: Zapdos|Volt Switch|p2a: Torkoal
|-damage|p2a: Torkoal|38/100
|
|t:|1759034237
|switch|p1a: Primarina|Primarina, M|100/100|[from] Volt Switch
|move|p2a: Torkoal|Lava Plume|p1a: Primarina
|-resisted|p1a: Primarina
|-crit|p1a: Primarina
|-damage|p1a: Primarina|78/100
|
|-weather|SunnyDay|[upkeep]
|-heal|p1a: Primarina|84/100|[from] item: Leftovers
|upkeep
|turn|14
|
|t:|1759034243
|switch|p2a: Raging Bolt|Raging Bolt, tera:Fairy|67/100
|-activate|p2a: Raging Bolt|ability: Protosynthesis
|-start|p2a: Raging Bolt|protosynthesisspa
|move|p1a: Primarina|Encore||[still]
|-fail|p1a: Primarina
|
|-weather|SunnyDay|[upkeep]
|-heal|p1a: Primarina|90/100|[from] item: Leftovers
|upkeep
|turn|15
|
|t:|1759034249
|move|p2a: Raging Bolt|Thunderclap|p1a: Primarina
|-supereffective|p1a: Primarina
|-damage|p1a: Primarina|0 fnt
|faint|p1a: Primarina
|
|-weather|SunnyDay|[upkeep]
|upkeep
|
|t:|1759034252
|switch|p1a: Zapdos|Zapdos|68/100
|turn|16
|
|t:|1759034254
|move|p1a: Zapdos|Heat Wave|p2a: Raging Bolt
|-damage|p2a: Raging Bolt|25/100
|move|p2a: Raging Bolt|Calm Mind|p2a: Raging Bolt
|-boost|p2a: Raging Bolt|spa|1
|-boost|p2a: Raging Bolt|spd|1
|
|-weather|SunnyDay|[upkeep]
|upkeep
|turn|17
|
|t:|1759034262
|move|p2a: Raging Bolt|Thunderclap|p1a: Zapdos
|-damage|p1a: Zapdos|15/100
|move|p1a: Zapdos|Heat Wave|p2a: Raging Bolt
|-damage|p2a: Raging Bolt|0 fnt
|faint|p2a: Raging Bolt
|-end|p2a: Raging Bolt|Protosynthesis|[silent]
|
|-weather|SunnyDay|[upkeep]
|upkeep
|
|t:|1759034268
|switch|p2a: Venusaur|Venusaur, M, shiny|81/100
|turn|18
|
|t:|1759034271
|move|p2a: Venusaur|Weather Ball|p1a: Zapdos
|-damage|p1a: Zapdos|0 fnt
|faint|p1a: Zapdos
|-damage|p2a: Venusaur|71/100|[from] item: Life Orb
|
|win|Leuloch
|raw|andjelicpwnsu's rating: 1376 &rarr; <strong>1354</strong><br />(-22 for losing)
|raw|Leuloch's rating: 1333 &rarr; <strong>1355</strong><br />(+22 for winning)
|l|☆andjelicpwnsu
|player|p1|
|l|☆Leuloch
|player|p2|
