|j|☆supmydudeee
|j|☆tomatoparis
|t:|1759044179
|gametype|singles
|player|p1|supmydudeee|102|1520
|player|p2|tomatoparis|170|1496
|gen|9
|tier|[Gen 9] OU
|rated|
|rule|HP Percentage Mod: HP is shown in percentages
|rule|Endless Battle Clause: Forcing endless battles is banned
|rule|Species Clause: Limit one of each Pokémon
|rule|OHKO Clause: OHKO moves are banned
|rule|Evasion Items Clause: Evasion items are banned
|rule|Evasion Moves Clause: Evasion moves are banned
|rule|Evasion Abilities Clause: Evasion abilities are banned
|rule|Sleep Moves Clause: Sleep-inducing moves are banned
|clearpoke
|poke|p1|Ogerpon-Wellspring, F|
|poke|p1|Dragapult, M|
|poke|p1|Garganacl, F|
|poke|p1|Mandibuzz, F|
|poke|p1|Cinderace, M|
|poke|p1|Gholdengo|
|poke|p2|Pelipper, F|
|poke|p2|Zamazenta-*|
|poke|p2|Kingdra, M|
|poke|p2|Barraskewda, M|
|poke|p2|Dondozo, M|
|poke|p2|Ludicolo, F|
|teampreview
|inactive|Battle timer is ON: inactive players will automatically lose when time's up. (requested by supmydudeee)
|inactive|tomatoparis has 120 seconds left.
|
|t:|1759044224
|teamsize|p1|6
|teamsize|p2|6
|start
|switch|p1a: Gholdengo|Gholdengo|100/100
|switch|p2a: Zamazenta|Zamazenta|100/100
|-ability|p2a: Zamazenta|Dauntless Shield|boost
|-boost|p2a: Zamazenta|def|1
|turn|1
|inactive|supmydudeee has 120 seconds left.
|
|t:|1759044263
|move|p1a: Gholdengo|Dazzling Gleam|p2a: Zamazenta
|-supereffective|p2a: Zamazenta
|-damage|p2a: Zamazenta|48/100
|move|p2a: Zamazenta|Crunch|p1a: Gholdengo
|-supereffective|p1a: Gholdengo
|-damage|p1a: Gholdengo|14/100
|
|upkeep
|turn|2
|inactive|supmydudeee has 120 seconds left.
|inactive|tomatoparis has 120 seconds left.
|l|☆supmydudeee
|inactive|supmydudeee disconnected and has a minute to reconnect!
|player|p1|
|inactive|tomatoparis has 90 seconds left.
|j|☆supmydudeee
|inactive|supmydudeee reconnected.
|player|p1|supmydudeee|102|
|
|t:|1759044345
|switch|p2a: Ludicolo|Ludicolo, F|100/100
|move|p1a: Gholdengo|Dazzling Gleam|p2a: Ludicolo
|-damage|p2a: Ludicolo|77/100
|
|upkeep
|turn|3
|inactive|supmydudeee has 120 seconds left.
|
|t:|1759044357
|switch|p1a: Dragapult|Dragapult, M|100/100
|move|p2a: Ludicolo|Surf|p1a: Dragapult
|-resisted|p1a: Dragapult
|-damage|p1a: Dragapult|75/100
|
|upkeep
|turn|4
|
|t:|1759044363
|move|p1a: Dragapult|U-turn|p2a: Ludicolo
|-supereffective|p2a: Ludicolo
|-damage|p2a: Ludicolo|0 fnt
|faint|p2a: Ludicolo
|
|t:|1759044367
|switch|p1a: Gholdengo|Gholdengo|14/100|[from] U-turn
|
|upkeep
|inactive|tomatoparis has 90 seconds left.
|
|t:|1759044374
|switch|p2a: Barraskewda|Barraskewda, M|100/100
|turn|5
|
|t:|1759044382
|switch|p1a: Ogerpon|Ogerpon-Wellspring, F|100/100
|move|p2a: Barraskewda|Aqua Jet|p1a: Ogerpon
|-immune|p1a: Ogerpon|[from] ability: Water Absorb
|
|upkeep
|turn|6
|
|t:|1759044392
|switch|p2a: Pelipper|Pelipper, F|100/100
|-weather|RainDance|[from] ability: Drizzle|[of] p2a: Pelipper
|move|p1a: Ogerpon|Power Whip|p2a: Pelipper
|-damage|p2a: Pelipper|49/100
|
|-weather|RainDance|[upkeep]
|upkeep
|turn|7
|
|t:|1759044400
|switch|p2a: Dondozo|Dondozo, M|100/100
|move|p1a: Ogerpon|Power Whip|p2a: Dondozo
|-supereffective|p2a: Dondozo
|-damage|p2a: Dondozo|38/100
|-damage|p1a: Ogerpon|84/100|[from] item: Rocky Helmet|[of] p2a: Dondozo
|
|-weather|RainDance|[upkeep]
|upkeep
|turn|8
|
|t:|1759044410
|move|p1a: Ogerpon|Power Whip|p2a: Dondozo
|-supereffective|p2a: Dondozo
|-damage|p2a: Dondozo|0 fnt
|-damage|p1a: Ogerpon|67/100|[from] item: Rocky Helmet|[of] p2a: Dondozo
|faint|p2a: Dondozo
|
|-weather|RainDance|[upkeep]
|upkeep
|
|t:|1759044417
|switch|p2a: Kingdra|Kingdra, M|100/100
|turn|9
|
|t:|1759044438
|switch|p1a: Garganacl|Garganacl, F|100/100
|move|p2a: Kingdra|Hurricane|p1a: Garganacl
|-resisted|p1a: Garganacl
|-damage|p1a: Garganacl|86/100
|-damage|p2a: Kingdra|91/100|[from] item: Life Orb
|
|-weather|RainDance|[upkeep]
|-heal|p1a: Garganacl|93/100|[from] item: Leftovers
|upkeep
|turn|10
|inactive|tomatoparis has 120 seconds left.
|
|t:|1759044448
|-terastallize|p2a: Kingdra|Stellar
|-terastallize|p1a: Garganacl|Water
|move|p2a: Kingdra|Surf|p1a: Garganacl
|-resisted|p1a: Garganacl
|-damage|p1a: Garganacl|55/100
|-damage|p2a: Kingdra|81/100|[from] item: Life Orb
|move|p1a: Garganacl|Salt Cure|p2a: Kingdra
|-damage|p2a: Kingdra|62/100
|-start|p2a: Kingdra|Salt Cure
|
|-weather|RainDance|[upkeep]
|-heal|p1a: Garganacl|61/100|[from] item: Leftovers
|-damage|p2a: Kingdra|37/100|[from] Salt Cure
|upkeep
|turn|11
|
|t:|1759044463
|switch|p2a: Zamazenta|Zamazenta|48/100
|move|p1a: Garganacl|Stealth Rock|p2a: Zamazenta
|-sidestart|p2: tomatoparis|move: Stealth Rock
|
|-weather|RainDance|[upkeep]
|-heal|p1a: Garganacl|68/100|[from] item: Leftovers
|upkeep
|turn|12
|l|☆supmydudeee
|inactive|supmydudeee disconnected and has a minute to reconnect!
|player|p1|
|inactive|supmydudeee has 30 seconds to reconnect!
|j|☆supmydudeee
|inactive|supmydudeee reconnected and has 90 seconds left.
|player|p1|supmydudeee|102|
|
|t:|1759044517
|switch|p1a: Mandibuzz|Mandibuzz, F|100/100
|move|p2a: Zamazenta|Crunch|p1a: Mandibuzz
|-resisted|p1a: Mandibuzz
|-damage|p1a: Mandibuzz|89/100
|-unboost|p1a: Mandibuzz|def|1
|
|-weather|RainDance|[upkeep]
|upkeep
|turn|13
|
|t:|1759044527
|switch|p2a: Barraskewda|Barraskewda, M|100/100
|-damage|p2a: Barraskewda|88/100|[from] Stealth Rock
|move|p1a: Mandibuzz|U-turn|p2a: Barraskewda
|-damage|p2a: Barraskewda|67/100
|
|t:|1759044533
|switch|p1a: Dragapult|Dragapult, M|75/100|[from] U-turn
|
|-weather|none
|upkeep
|turn|14
|l|☆tomatoparis
|inactive|tomatoparis disconnected and has a minute to reconnect!
|player|p2|
|inactive|tomatoparis has 30 seconds to reconnect!
|inactive|tomatoparis has 20 seconds to reconnect!
|inactive|tomatoparis has 15 seconds to reconnect!
|inactive|tomatoparis has 10 seconds to reconnect!
|inactive|tomatoparis has 5 seconds to reconnect!
|-message|tomatoparis lost due to inactivity.
|
|win|supmydudeee
|raw|supmydudeee's rating: 1520 &rarr; <strong>1539</strong><br />(+19 for winning)
|raw|tomatoparis's rating: 1496 &rarr; <strong>1477</strong><br />(-19 for losing)
|l|☆supmydudeee
|player|p1|
