|j|☆billy_bebrik
|j|‽Dominicano 55
|t:|1759013520
|gametype|singles
|player|p1|billy_bebrik|1|1322
|player|p2|Dominicano 55|170|1305
|gen|9
|tier|[Gen 9] OU
|rated|
|rule|HP Percentage Mod: HP is shown in percentages
|rule|Endless Battle Clause: Forcing endless battles is banned
|rule|Species Clause: Limit one of each Pokémon
|rule|OHKO Clause: OHKO moves are banned
|rule|Evasion Items Clause: Evasion items are banned
|rule|Evasion Moves Clause: Evasion moves are banned
|rule|Evasion Abilities Clause: Evasion abilities are banned
|rule|Sleep Moves Clause: Sleep-inducing moves are banned
|clearpoke
|poke|p1|Kommo-o, M|
|poke|p1|Gholdengo|
|poke|p1|Ninetales-Alola, F|
|poke|p1|Hatterene, F|
|poke|p1|Zamazenta-*|
|poke|p1|Kingambit, F|
|poke|p2|Lokix, M|
|poke|p2|Dragapult, M|
|poke|p2|Toedscruel, F|
|poke|p2|Gyarados, F|
|poke|p2|Rotom-Heat|
|poke|p2|Revavroom, F|
|teampreview
|inactive|Battle timer is ON: inactive players will automatically lose when time's up. (requested by billy_bebrik)
|
|t:|1759013526
|teamsize|p1|6
|teamsize|p2|6
|start
|switch|p1a: Ninetales|Ninetales-Alola, F|100/100
|switch|p2a: Lokix|Lokix, M|100/100
|-weather|Snowscape|[from] ability: Snow Warning|[of] p1a: Ninetales
|turn|1
|
|t:|1759013533
|move|p1a: Ninetales|Aurora Veil|p1a: Ninetales
|-sidestart|p1: billy_bebrik|move: Aurora Veil
|move|p2a: Lokix|Knock Off|p1a: Ninetales
|-resisted|p1a: Ninetales
|-damage|p1a: Ninetales|75/100
|-enditem|p1a: Ninetales|Light Clay|[from] move: Knock Off|[of] p2a: Lokix
|
|-weather|Snowscape|[upkeep]
|upkeep
|turn|2
|
|t:|1759013540
|switch|p1a: Kommo-o|Kommo-o, M|100/100
|switch|p2a: Rotom|Rotom-Heat|100/100
|
|-weather|Snowscape|[upkeep]
|upkeep
|turn|3
|
|t:|1759013546
|move|p1a: Kommo-o|Clangorous Soul|p1a: Kommo-o
|-boost|p1a: Kommo-o|atk|1
|-boost|p1a: Kommo-o|def|1
|-boost|p1a: Kommo-o|spa|1
|-boost|p1a: Kommo-o|spd|1
|-boost|p1a: Kommo-o|spe|1
|-damage|p1a: Kommo-o|68/100
|-enditem|p1a: Kommo-o|Throat Spray
|-boost|p1a: Kommo-o|spa|1|[from] item: Throat Spray
|move|p2a: Rotom|Will-O-Wisp|p1a: Kommo-o
|-status|p1a: Kommo-o|brn
|
|-weather|Snowscape|[upkeep]
|-damage|p1a: Kommo-o|61/100 brn|[from] brn
|upkeep
|turn|4
|
|t:|1759013562
|move|p1a: Kommo-o|Boomburst|p2a: Rotom
|-damage|p2a: Rotom|39/100
|move|p2a: Rotom|Nasty Plot|p2a: Rotom
|-boost|p2a: Rotom|spa|2
|
|-weather|Snowscape|[upkeep]
|-heal|p2a: Rotom|45/100|[from] item: Leftovers
|-damage|p1a: Kommo-o|55/100 brn|[from] brn
|upkeep
|turn|5
|
|t:|1759013571
|move|p1a: Kommo-o|Clanging Scales|p2a: Rotom
|-damage|p2a: Rotom|0 fnt
|faint|p2a: Rotom
|-unboost|p1a: Kommo-o|def|1
|
|-weather|none
|-damage|p1a: Kommo-o|49/100 brn|[from] brn
|upkeep
|
|t:|1759013580
|switch|p2a: Revavroom|Revavroom, F|100/100
|turn|6
|
|t:|1759013587
|move|p1a: Kommo-o|Flamethrower|p2a: Revavroom
|-supereffective|p2a: Revavroom
|-damage|p2a: Revavroom|0 fnt
|faint|p2a: Revavroom
|
|-damage|p1a: Kommo-o|43/100 brn|[from] brn
|upkeep
|
|t:|1759013595
|switch|p2a: Toedscruel|Toedscruel, F|100/100
|turn|7
|
|t:|1759013600
|move|p1a: Kommo-o|Flamethrower|p2a: Toedscruel
|-supereffective|p2a: Toedscruel
|-crit|p2a: Toedscruel
|-damage|p2a: Toedscruel|12/100
|move|p2a: Toedscruel|Leech Seed|p1a: Kommo-o
|-start|p1a: Kommo-o|move: Leech Seed
|
|-damage|p1a: Kommo-o|30/100 brn|[from] Leech Seed|[of] p2a: Toedscruel
|-heal|p2a: Toedscruel|22/100|[silent]
|-damage|p1a: Kommo-o|24/100 brn|[from] brn
|upkeep
|turn|8
|
|t:|1759013610
|move|p1a: Kommo-o|Flamethrower|p2a: Toedscruel
|-supereffective|p2a: Toedscruel
|-damage|p2a: Toedscruel|0 fnt
|faint|p2a: Toedscruel
|
|-damage|p1a: Kommo-o|18/100 brn|[from] brn
|-sideend|p1: billy_bebrik|move: Aurora Veil
|upkeep
|
|t:|1759013617
|switch|p2a: Lokix|Lokix, M|100/100
|turn|9
|
|t:|1759013621
|-terastallize|p2a: Lokix|Bug
|move|p2a: Lokix|First Impression|p1a: Kommo-o
|-resisted|p1a: Kommo-o
|-damage|p1a: Kommo-o|0 fnt
|faint|p1a: Kommo-o
|
|upkeep
|
|t:|1759013626
|switch|p1a: Ninetales|Ninetales-Alola, F|75/100
|-weather|Snowscape|[from] ability: Snow Warning|[of] p1a: Ninetales
|turn|10
|
|t:|1759013632
|switch|p2a: Gyarados|Gyarados, F|100/100
|move|p1a: Ninetales|Aurora Veil|p1a: Ninetales
|-sidestart|p1: billy_bebrik|move: Aurora Veil
|
|-weather|Snowscape|[upkeep]
|upkeep
|turn|11
|
|t:|1759013643
|move|p1a: Ninetales|Freeze-Dry|p2a: Gyarados
|-supereffective|p2a: Gyarados
|-damage|p2a: Gyarados|21/100
|move|p2a: Gyarados|Dragon Dance|p2a: Gyarados
|-boost|p2a: Gyarados|atk|1
|-boost|p2a: Gyarados|spe|1
|
|-weather|Snowscape|[upkeep]
|-heal|p2a: Gyarados|27/100|[from] item: Leftovers
|upkeep
|turn|12
|
|t:|1759013651
|move|p2a: Gyarados|Waterfall|p1a: Ninetales
|-damage|p1a: Ninetales|52/100
|move|p1a: Ninetales|Freeze-Dry|p2a: Gyarados
|-supereffective|p2a: Gyarados
|-crit|p2a: Gyarados
|-damage|p2a: Gyarados|0 fnt
|faint|p2a: Gyarados
|
|-weather|Snowscape|[upkeep]
|upkeep
|
|t:|1759013664
|switch|p2a: Lokix|Lokix, M, tera:Bug|100/100
|turn|13
|
|t:|1759013671
|switch|p1a: Hatterene|Hatterene, F|100/100
|move|p2a: Lokix|First Impression|p1a: Hatterene
|-damage|p1a: Hatterene|66/100
|
|-weather|Snowscape|[upkeep]
|upkeep
|turn|14
|
|t:|1759013680
|switch|p2a: Dragapult|Dragapult, M|100/100
|move|p1a: Hatterene|Calm Mind|p1a: Hatterene
|-boost|p1a: Hatterene|spa|1
|-boost|p1a: Hatterene|spd|1
|
|-weather|none
|-sideend|p1: billy_bebrik|move: Aurora Veil
|upkeep
|turn|15
|-message|Dominicano 55 forfeited.
|
|win|billy_bebrik
|raw|billy_bebrik's rating: 1322 &rarr; <strong>1341</strong><br />(+19 for winning)
|raw|Dominicano 55's rating: 1305 &rarr; <strong>1286</strong><br />(-19 for losing)
|l|‽Dominicano 55
|player|p2|
|l|☆billy_bebrik
|player|p1|
