|j|☆rick3020
|j|☆Durianelite
|t:|1758935816
|gametype|singles
|player|p1|rick3020|266|1282
|player|p2|Durianelite|lucas|1295
|gen|9
|tier|[Gen 9] OU
|rated|
|rule|HP Percentage Mod: HP is shown in percentages
|rule|Endless Battle Clause: Forcing endless battles is banned
|rule|Species Clause: Limit one of each Pokémon
|rule|OHKO Clause: OHKO moves are banned
|rule|Evasion Items Clause: Evasion items are banned
|rule|Evasion Moves Clause: Evasion moves are banned
|rule|Evasion Abilities Clause: Evasion abilities are banned
|rule|Sleep Moves Clause: Sleep-inducing moves are banned
|clearpoke
|poke|p1|Kyurem|
|poke|p1|Samurott-Hisui, M|
|poke|p1|Iron Treads|
|poke|p1|Darkrai|
|poke|p1|Ogerpon-Wellspring, F|
|poke|p1|Clefable, F|
|poke|p2|Zapdos|
|poke|p2|Zarude|
|poke|p2|Bronzong|
|poke|p2|Volcanion|
|poke|p2|Clefable, F|
|poke|p2|Furret, M|
|teampreview
|inactive|Battle timer is ON: inactive players will automatically lose when time's up. (requested by Durianelite)
|
|t:|1758935837
|teamsize|p1|6
|teamsize|p2|6
|start
|switch|p1a: Darkrai|Darkrai|100/100
|switch|p2a: Bronzong|Bronzong|100/100
|turn|1
|
|t:|1758935843
|move|p1a: Darkrai|Taunt|p2a: Bronzong
|-start|p2a: Bronzong|move: Taunt
|cant|p2a: Bronzong|move: Taunt|Light Screen
|
|upkeep
|turn|2
|
|t:|1758935860
|switch|p1a: Iron Treads|Iron Treads|100/100
|switch|p2a: Volcanion|Volcanion|100/100
|
|upkeep
|turn|3
|
|t:|1758935872
|-end|p1a: Iron Treads|Quark Drive|[silent]
|switch|p1a: Samurott|Samurott-Hisui, M|100/100
|move|p2a: Volcanion|Steam Eruption|p1a: Samurott
|-resisted|p1a: Samurott
|-damage|p1a: Samurott|53/100
|
|upkeep
|turn|4
|
|t:|1758935879
|move|p1a: Samurott|Ceaseless Edge|p2a: Volcanion
|-damage|p2a: Volcanion|47/100
|-sidestart|p2: Durianelite|Spikes
|move|p2a: Volcanion|Sludge Bomb|p1a: Samurott
|-damage|p1a: Samurott|1/100
|
|upkeep
|turn|5
|
|t:|1758935893
|switch|p1a: Iron Treads|Iron Treads|100/100
|move|p2a: Volcanion|Sludge Bomb|p1a: Iron Treads
|-immune|p1a: Iron Treads
|
|upkeep
|turn|6
|
|t:|1758935899
|move|p1a: Iron Treads|Earthquake|p2a: Volcanion
|-supereffective|p2a: Volcanion
|-damage|p2a: Volcanion|0 fnt
|faint|p2a: Volcanion
|
|upkeep
|
|t:|1758935904
|switch|p2a: Zapdos|Zapdos|100/100
|turn|7
|
|t:|1758935907
|move|p1a: Iron Treads|Stealth Rock|p2a: Zapdos
|-sidestart|p2: Durianelite|move: Stealth Rock
|move|p2a: Zapdos|Metal Sound|p1a: Iron Treads
|-unboost|p1a: Iron Treads|spd|2
|-enditem|p2a: Zapdos|Throat Spray
|-boost|p2a: Zapdos|spa|1|[from] item: Throat Spray
|
|upkeep
|turn|8
|
|t:|1758935921
|-end|p1a: Iron Treads|Quark Drive|[silent]
|switch|p1a: Clefable|Clefable, F|100/100
|move|p2a: Zapdos|Heat Wave|p1a: Clefable
|-damage|p1a: Clefable|58/100
|
|-heal|p1a: Clefable|64/100|[from] item: Leftovers
|upkeep
|turn|9
|
|t:|1758935934
|move|p2a: Zapdos|Thunderbolt|p1a: Clefable
|-damage|p1a: Clefable|5/100
|move|p1a: Clefable|Moonblast|p2a: Zapdos
|-damage|p2a: Zapdos|49/100
|
|-heal|p1a: Clefable|11/100|[from] item: Leftovers
|upkeep
|turn|10
|
|t:|1758935951
|switch|p1a: Kyurem|Kyurem|100/100
|-ability|p1a: Kyurem|Pressure
|move|p2a: Zapdos|Thunderbolt|p1a: Kyurem
|-resisted|p1a: Kyurem
|-damage|p1a: Kyurem|66/100
|
|upkeep
|turn|11
|
|t:|1758935959
|move|p2a: Zapdos|Hurricane|p1a: Kyurem
|-damage|p1a: Kyurem|0 fnt
|faint|p1a: Kyurem
|
|upkeep
|
|t:|1758935964
|switch|p1a: Samurott|Samurott-Hisui, M|1/100
|turn|12
|
|t:|1758935967
|move|p1a: Samurott|Aqua Jet|p2a: Zapdos
|-damage|p2a: Zapdos|11/100
|move|p2a: Zapdos|Thunderbolt|p1a: Samurott
|-supereffective|p1a: Samurott
|-damage|p1a: Samurott|0 fnt
|faint|p1a: Samurott
|
|upkeep
|
|t:|1758935976
|switch|p1a: Darkrai|Darkrai|100/100
|turn|13
|
|t:|1758935979
|move|p1a: Darkrai|Dark Pulse|p2a: Zapdos
|-damage|p2a: Zapdos|0 fnt
|faint|p2a: Zapdos
|-damage|p1a: Darkrai|91/100|[from] item: Life Orb
|
|upkeep
|
|t:|1758935982
|switch|p2a: Clefable|Clefable, F|100/100
|-damage|p2a: Clefable|88/100|[from] Spikes
|-damage|p2a: Clefable|76/100|[from] Stealth Rock
|turn|14
|
|t:|1758935993
|switch|p1a: Iron Treads|Iron Treads|100/100
|move|p2a: Clefable|Drain Punch|p1a: Iron Treads
|-supereffective|p1a: Iron Treads
|-damage|p1a: Iron Treads|49/100
|-heal|p2a: Clefable|97/100|[from] drain|[of] p1a: Iron Treads
|
|-heal|p1a: Iron Treads|55/100|[from] item: Leftovers
|upkeep
|turn|15
|
|t:|1758935999
|move|p1a: Iron Treads|Knock Off|p2a: Clefable
|-resisted|p2a: Clefable
|-damage|p2a: Clefable|81/100
|-enditem|p2a: Clefable|Choice Band|[from] move: Knock Off|[of] p1a: Iron Treads
|move|p2a: Clefable|Drain Punch|p1a: Iron Treads
|-supereffective|p1a: Iron Treads
|-crit|p1a: Iron Treads
|-damage|p1a: Iron Treads|5/100
|-heal|p2a: Clefable|100/100|[from] drain|[of] p1a: Iron Treads
|
|-heal|p1a: Iron Treads|11/100|[from] item: Leftovers
|upkeep
|turn|16
|
|t:|1758936007
|move|p1a: Iron Treads|Earthquake|p2a: Clefable
|-damage|p2a: Clefable|52/100
|move|p2a: Clefable|Meteor Mash|p1a: Iron Treads
|-resisted|p1a: Iron Treads
|-damage|p1a: Iron Treads|1/100
|
|-heal|p1a: Iron Treads|7/100|[from] item: Leftovers
|upkeep
|turn|17
|
|t:|1758936013
|move|p1a: Iron Treads|Earthquake|p2a: Clefable
|-crit|p2a: Clefable
|-damage|p2a: Clefable|0 fnt
|faint|p2a: Clefable
|
|-heal|p1a: Iron Treads|13/100|[from] item: Leftovers
|upkeep
|
|t:|1758936019
|switch|p2a: Zarude|Zarude|100/100
|-damage|p2a: Zarude|88/100|[from] Spikes
|-damage|p2a: Zarude|76/100|[from] Stealth Rock
|turn|18
|
|t:|1758936022
|move|p1a: Iron Treads|Knock Off|p2a: Zarude
|-resisted|p2a: Zarude
|-damage|p2a: Zarude|61/100
|-enditem|p2a: Zarude|Leftovers|[from] move: Knock Off|[of] p1a: Iron Treads
|move|p2a: Zarude|Trailblaze|p1a: Iron Treads
|-damage|p1a: Iron Treads|0 fnt
|-boost|p2a: Zarude|spe|1
|faint|p1a: Iron Treads
|-end|p1a: Iron Treads|Quark Drive|[silent]
|
|upkeep
|
|t:|1758936037
|switch|p1a: Ogerpon|Ogerpon-Wellspring, F|100/100
|turn|19
|
|t:|1758936041
|move|p2a: Zarude|Power Whip|p1a: Ogerpon
|-damage|p1a: Ogerpon|27/100
|move|p1a: Ogerpon|U-turn|p2a: Zarude
|-supereffective|p2a: Zarude
|-damage|p2a: Zarude|0 fnt
|faint|p2a: Zarude
|
|t:|1758936048
|switch|p1a: Darkrai|Darkrai|91/100|[from] U-turn
|
|upkeep
|
|t:|1758936052
|switch|p2a: Bronzong|Bronzong|100/100
|-damage|p2a: Bronzong|94/100|[from] Stealth Rock
|turn|20
|
|t:|1758936059
|-terastallize|p2a: Bronzong|Steel
|move|p1a: Darkrai|Nasty Plot|p1a: Darkrai
|-boost|p1a: Darkrai|spa|2
|move|p2a: Bronzong|Gyro Ball|p1a: Darkrai
|-damage|p1a: Darkrai|12/100
|
|upkeep
|turn|21
|
|t:|1758936069
|move|p1a: Darkrai|Dark Pulse|p2a: Bronzong
|-damage|p2a: Bronzong|20/100
|-damage|p1a: Darkrai|2/100|[from] item: Life Orb
|move|p2a: Bronzong|Gyro Ball|p1a: Darkrai
|-damage|p1a: Darkrai|0 fnt
|faint|p1a: Darkrai
|
|upkeep
|
|t:|1758936084
|switch|p1a: Ogerpon|Ogerpon-Wellspring, F|27/100
|turn|22
|
|t:|1758936087
|-terastallize|p1a: Ogerpon|Water
|detailschange|p1a: Ogerpon|Ogerpon-Wellspring-Tera, F, tera:Water
|-ability|p1a: Ogerpon|Embody Aspect (Wellspring)|boost
|-boost|p1a: Ogerpon|spd|1
|move|p1a: Ogerpon|Ivy Cudgel|p2a: Bronzong|[anim] Ivy Cudgel Water
|-damage|p2a: Bronzong|0 fnt
|faint|p2a: Bronzong
|
|upkeep
|
|t:|1758936091
|switch|p2a: Furret|Furret, M|100/100
|-damage|p2a: Furret|88/100|[from] Spikes
|-damage|p2a: Furret|76/100|[from] Stealth Rock
|-item|p1a: Ogerpon|Wellspring Mask|[from] ability: Frisk|[of] p2a: Furret
|turn|23
|
|t:|1758936093
|move|p1a: Ogerpon|Ivy Cudgel|p2a: Furret|[anim] Ivy Cudgel Water
|-damage|p2a: Furret|0 fnt
|faint|p2a: Furret
|
|win|rick3020
|raw|rick3020's rating: 1282 &rarr; <strong>1308</strong><br />(+26 for winning)
|raw|Durianelite's rating: 1295 &rarr; <strong>1269</strong><br />(-26 for losing)
|l|☆rick3020
|player|p1|
|l|☆Durianelite
|player|p2|
