|j|☆Acastillo631
|j|☆dseokp
|t:|1758979048
|gametype|singles
|player|p1|Acastillo631|silver|1614
|player|p2|dseokp|unknown|1645
|gen|9
|tier|[Gen 9] OU
|rated|
|rule|HP Percentage Mod: HP is shown in percentages
|rule|Endless Battle Clause: Forcing endless battles is banned
|rule|Species Clause: Limit one of each Pokémon
|rule|OHKO Clause: OHKO moves are banned
|rule|Evasion Items Clause: Evasion items are banned
|rule|Evasion Moves Clause: Evasion moves are banned
|rule|Evasion Abilities Clause: Evasion abilities are banned
|rule|Sleep Moves Clause: Sleep-inducing moves are banned
|clearpoke
|poke|p1|Iron Valiant|
|poke|p1|Tyranitar, M|
|poke|p1|Corviknight, F|
|poke|p1|Sinistcha|
|poke|p1|Keldeo-Resolute|
|poke|p1|Muk-Alola, M|
|poke|p2|Glimmora, F|
|poke|p2|Iron Treads|
|poke|p2|Polteageist-Antique|
|poke|p2|Raging Bolt|
|poke|p2|Dragonite, M|
|poke|p2|Zamazenta-*|
|teampreview
|inactive|Battle timer is ON: inactive players will automatically lose when time's up. (requested by Acastillo631)
|
|t:|1758979062
|teamsize|p1|6
|teamsize|p2|6
|start
|switch|p1a: Spiral Pegasus|Keldeo-Resolute|100/100
|switch|p2a: Polteageist|Polteageist-Antique|100/100
|turn|1
|inactive|Acastillo631 has 120 seconds left.
|inactive|Acastillo631 has 90 seconds left.
|
|t:|1758979124
|move|p1a: Spiral Pegasus|Flip Turn|p2a: Polteageist
|-damage|p2a: Polteageist|76/100
|-ability|p2a: Polteageist|Weak Armor|boost
|-unboost|p2a: Polteageist|def|1
|-boost|p2a: Polteageist|spe|2
|
|t:|1758979129
|switch|p1a: Rainbow Devil|Muk-Alola, M|100/100|[from] Flip Turn
|move|p2a: Polteageist|Shell Smash|p2a: Polteageist
|-unboost|p2a: Polteageist|def|1
|-unboost|p2a: Polteageist|spd|1
|-boost|p2a: Polteageist|atk|2
|-boost|p2a: Polteageist|spa|2
|-boost|p2a: Polteageist|spe|2
|
|upkeep
|turn|2
|inactive|dseokp has 120 seconds left.
|
|t:|1758979161
|-terastallize|p2a: Polteageist|Fighting
|move|p2a: Polteageist|Tera Blast|p1a: Rainbow Devil|[anim] Tera Blast Fighting
|-damage|p1a: Rainbow Devil|48/100
|move|p1a: Rainbow Devil|Knock Off|p2a: Polteageist
|-resisted|p2a: Polteageist
|-damage|p2a: Polteageist|14/100
|-ability|p2a: Polteageist|Weak Armor|boost
|-unboost|p2a: Polteageist|def|1
|-boost|p2a: Polteageist|spe|2
|-enditem|p2a: Polteageist|Focus Sash|[from] move: Knock Off|[of] p1a: Rainbow Devil
|
|-heal|p1a: Rainbow Devil|54/100|[from] item: Leftovers
|upkeep
|turn|3
|inactive|dseokp has 120 seconds left.
|
|t:|1758979181
|move|p1a: Rainbow Devil|Protect|p1a: Rainbow Devil
|-singleturn|p1a: Rainbow Devil|Protect
|move|p2a: Polteageist|Tera Blast|p1a: Rainbow Devil|[anim] Tera Blast Fighting
|-activate|p1a: Rainbow Devil|move: Protect
|
|-heal|p1a: Rainbow Devil|60/100|[from] item: Leftovers
|upkeep
|turn|4
|inactive|dseokp has 120 seconds left.
|
|t:|1758979187
|move|p2a: Polteageist|Tera Blast|p1a: Rainbow Devil|[anim] Tera Blast Fighting
|-damage|p1a: Rainbow Devil|9/100
|move|p1a: Rainbow Devil|Knock Off|p2a: Polteageist
|-resisted|p2a: Polteageist
|-damage|p2a: Polteageist|0 fnt
|faint|p2a: Polteageist
|
|-heal|p1a: Rainbow Devil|15/100|[from] item: Leftovers
|upkeep
|inactive|dseokp has 120 seconds left.
|
|t:|1758979194
|switch|p2a: Iron Treads|Iron Treads|100/100
|-enditem|p2a: Iron Treads|Booster Energy
|-activate|p2a: Iron Treads|ability: Quark Drive|[fromitem]
|-start|p2a: Iron Treads|quarkdrivespe
|turn|5
|
|t:|1758979198
|switch|p1a: Spiral Pegasus|Keldeo-Resolute|100/100
|move|p2a: Iron Treads|Knock Off|p1a: Spiral Pegasus
|-resisted|p1a: Spiral Pegasus
|-damage|p1a: Spiral Pegasus|86/100
|-ability|p1a: Spiral Pegasus|Justified|boost
|-boost|p1a: Spiral Pegasus|atk|1
|-enditem|p1a: Spiral Pegasus|Heavy-Duty Boots|[from] move: Knock Off|[of] p2a: Iron Treads
|
|upkeep
|turn|6
|inactive|dseokp has 120 seconds left.
|
|t:|1758979229
|move|p2a: Iron Treads|Stealth Rock|p1a: Spiral Pegasus
|-sidestart|p1: Acastillo631|move: Stealth Rock
|move|p1a: Spiral Pegasus|Flip Turn|p2a: Iron Treads
|-supereffective|p2a: Iron Treads
|-damage|p2a: Iron Treads|70/100
|
|t:|1758979235
|switch|p1a: Wire Sponge|Sinistcha|100/100|[from] Flip Turn
|
|upkeep
|turn|7
|
|t:|1758979239
|move|p2a: Iron Treads|Knock Off|p1a: Wire Sponge
|-supereffective|p1a: Wire Sponge
|-damage|p1a: Wire Sponge|64/100
|-enditem|p1a: Wire Sponge|Heavy-Duty Boots|[from] move: Knock Off|[of] p2a: Iron Treads
|move|p1a: Wire Sponge|Calm Mind|p1a: Wire Sponge
|-boost|p1a: Wire Sponge|spa|1
|-boost|p1a: Wire Sponge|spd|1
|
|upkeep
|turn|8
|
|t:|1758979245
|move|p2a: Iron Treads|Knock Off|p1a: Wire Sponge
|-supereffective|p1a: Wire Sponge
|-damage|p1a: Wire Sponge|41/100
|move|p1a: Wire Sponge|Matcha Gotcha|p2a: Iron Treads
|-damage|p2a: Iron Treads|12/100
|-heal|p1a: Wire Sponge|73/100|[from] drain|[of] p2a: Iron Treads
|
|upkeep
|turn|9
|
|t:|1758979264
|move|p2a: Iron Treads|Knock Off|p1a: Wire Sponge
|-supereffective|p1a: Wire Sponge
|-damage|p1a: Wire Sponge|48/100
|move|p1a: Wire Sponge|Calm Mind|p1a: Wire Sponge
|-boost|p1a: Wire Sponge|spa|1
|-boost|p1a: Wire Sponge|spd|1
|
|upkeep
|turn|10
|
|t:|1758979267
|move|p2a: Iron Treads|Knock Off|p1a: Wire Sponge
|-supereffective|p1a: Wire Sponge
|-damage|p1a: Wire Sponge|25/100
|move|p1a: Wire Sponge|Strength Sap|p2a: Iron Treads
|-unboost|p2a: Iron Treads|atk|1
|-heal|p1a: Wire Sponge|100/100
|
|upkeep
|turn|11
|
|t:|1758979269
|move|p2a: Iron Treads|Knock Off|p1a: Wire Sponge
|-supereffective|p1a: Wire Sponge
|-damage|p1a: Wire Sponge|85/100
|move|p1a: Wire Sponge|Calm Mind|p1a: Wire Sponge
|-boost|p1a: Wire Sponge|spa|1
|-boost|p1a: Wire Sponge|spd|1
|
|upkeep
|turn|12
|
|t:|1758979275
|move|p2a: Iron Treads|Knock Off|p1a: Wire Sponge
|-supereffective|p1a: Wire Sponge
|-damage|p1a: Wire Sponge|70/100
|move|p1a: Wire Sponge|Calm Mind|p1a: Wire Sponge
|-boost|p1a: Wire Sponge|spa|1
|-boost|p1a: Wire Sponge|spd|1
|
|upkeep
|turn|13
|
|t:|1758979277
|move|p2a: Iron Treads|Knock Off|p1a: Wire Sponge
|-supereffective|p1a: Wire Sponge
|-damage|p1a: Wire Sponge|53/100
|move|p1a: Wire Sponge|Strength Sap|p2a: Iron Treads
|-unboost|p2a: Iron Treads|atk|1
|-heal|p1a: Wire Sponge|100/100
|
|upkeep
|turn|14
|
|t:|1758979280
|move|p2a: Iron Treads|Knock Off|p1a: Wire Sponge
|-supereffective|p1a: Wire Sponge
|-damage|p1a: Wire Sponge|88/100
|move|p1a: Wire Sponge|Shadow Ball|p2a: Iron Treads
|-damage|p2a: Iron Treads|0 fnt
|faint|p2a: Iron Treads
|-end|p2a: Iron Treads|Quark Drive|[silent]
|
|upkeep
|
|t:|1758979288
|switch|p2a: Zamazenta|Zamazenta|100/100
|-ability|p2a: Zamazenta|Dauntless Shield|boost
|-boost|p2a: Zamazenta|def|1
|turn|15
|
|t:|1758979296
|move|p1a: Wire Sponge|Matcha Gotcha|p2a: Zamazenta
|-damage|p2a: Zamazenta|20/100
|-heal|p1a: Wire Sponge|100/100|[from] drain|[of] p2a: Zamazenta
|move|p2a: Zamazenta|Roar|p1a: Wire Sponge
|drag|p1a: Rainbow Devil|Muk-Alola, M|15/100
|-damage|p1a: Rainbow Devil|2/100|[from] Stealth Rock
|
|-heal|p2a: Zamazenta|27/100|[from] item: Leftovers
|-heal|p1a: Rainbow Devil|8/100|[from] item: Leftovers
|upkeep
|turn|16
|
|t:|1758979312
|move|p2a: Zamazenta|Crunch|p1a: Rainbow Devil
|-resisted|p1a: Rainbow Devil
|-damage|p1a: Rainbow Devil|0 fnt
|faint|p1a: Rainbow Devil
|
|-heal|p2a: Zamazenta|33/100|[from] item: Leftovers
|upkeep
|inactive|Acastillo631 has 120 seconds left.
|inactive|Acastillo631 has 90 seconds left.
|inactive|Acastillo631 has 60 seconds left.
|inactive|Acastillo631 has 30 seconds left.
|
|t:|1758979435
|switch|p1a: Sage Harpuia|Iron Valiant|100/100
|-damage|p1a: Sage Harpuia|94/100|[from] Stealth Rock
|-enditem|p1a: Sage Harpuia|Booster Energy
|-activate|p1a: Sage Harpuia|ability: Quark Drive|[fromitem]
|-start|p1a: Sage Harpuia|quarkdrivespe
|turn|17
|
|t:|1758979442
|switch|p2a: Glimmora|Glimmora, F|100/100
|move|p1a: Sage Harpuia|Moonblast|p2a: Glimmora
|-resisted|p2a: Glimmora
|-crit|p2a: Glimmora
|-damage|p2a: Glimmora|54/100
|
|upkeep
|turn|18
|
|t:|1758979457
|move|p1a: Sage Harpuia|Close Combat|p2a: Glimmora
|-damage|p2a: Glimmora|0 fnt
|-unboost|p1a: Sage Harpuia|def|1
|-unboost|p1a: Sage Harpuia|spd|1
|-activate|p2a: Glimmora|ability: Toxic Debris
|-sidestart|p1: Acastillo631|move: Toxic Spikes
|faint|p2a: Glimmora
|
|upkeep
|inactive|dseokp has 120 seconds left.
|
|t:|1758979488
|switch|p2a: Raging Bolt|Raging Bolt|100/100
|-enditem|p2a: Raging Bolt|Booster Energy
|-activate|p2a: Raging Bolt|ability: Protosynthesis|[fromitem]
|-start|p2a: Raging Bolt|protosynthesisspa
|turn|19
|inactive|dseokp has 120 seconds left.
|
|t:|1758979510
|move|p2a: Raging Bolt|Thunderclap||[still]
|-fail|p2a: Raging Bolt
|move|p1a: Sage Harpuia|Destiny Bond|p1a: Sage Harpuia
|-singlemove|p1a: Sage Harpuia|Destiny Bond
|
|upkeep
|turn|20
|
|t:|1758979525
|-end|p2a: Raging Bolt|Protosynthesis|[silent]
|switch|p2a: 快龙一定要快|Dragonite, M|100/100
|move|p1a: Sage Harpuia|Moonblast|p2a: 快龙一定要快
|-supereffective|p2a: 快龙一定要快
|-damage|p2a: 快龙一定要快|55/100
|
|upkeep
|turn|21
|
|t:|1758979532
|-terastallize|p1a: Sage Harpuia|Steel
|move|p2a: 快龙一定要快|Extreme Speed|p1a: Sage Harpuia
|-resisted|p1a: Sage Harpuia
|-damage|p1a: Sage Harpuia|50/100
|move|p1a: Sage Harpuia|Moonblast|p2a: 快龙一定要快
|-supereffective|p2a: 快龙一定要快
|-damage|p2a: 快龙一定要快|0 fnt
|faint|p2a: 快龙一定要快
|
|upkeep
|
|t:|1758979546
|switch|p2a: Raging Bolt|Raging Bolt|100/100
|turn|22
|inactive|Acastillo631 has 60 seconds left.
|inactive|dseokp has 90 seconds left.
|
|t:|1758979579
|move|p1a: Sage Harpuia|Destiny Bond|p1a: Sage Harpuia
|-singlemove|p1a: Sage Harpuia|Destiny Bond
|move|p2a: Raging Bolt|Calm Mind|p2a: Raging Bolt
|-boost|p2a: Raging Bolt|spa|1
|-boost|p2a: Raging Bolt|spd|1
|
|upkeep
|turn|23
|inactive|dseokp has 90 seconds left.
|
|t:|1758979591
|move|p2a: Raging Bolt|Thunderclap||[still]
|-fail|p2a: Raging Bolt
|move|p1a: Sage Harpuia|Encore|p2a: Raging Bolt
|-start|p2a: Raging Bolt|Encore
|
|upkeep
|turn|24
|inactive|dseokp has 90 seconds left.
|
|t:|1758979600
|move|p2a: Raging Bolt|Thunderclap|p1a: Sage Harpuia
|-damage|p1a: Sage Harpuia|0 fnt
|faint|p1a: Sage Harpuia
|-end|p1a: Sage Harpuia|Quark Drive|[silent]
|
|upkeep
|
|t:|1758979612
|switch|p1a: Eregion|Tyranitar, M|100/100
|-damage|p1a: Eregion|88/100|[from] Stealth Rock
|-status|p1a: Eregion|psn
|-weather|Sandstorm|[from] ability: Sand Stream|[of] p1a: Eregion
|turn|25
|
|t:|1758979619
|move|p2a: Raging Bolt|Thunderclap||[still]
|-fail|p2a: Raging Bolt
|move|p1a: Eregion|Roar|p2a: Raging Bolt
|-end|p2a: Raging Bolt|Protosynthesis|[silent]
|drag|p2a: Zamazenta|Zamazenta|33/100
|
|-weather|Sandstorm|[upkeep]
|-damage|p2a: Zamazenta|27/100|[from] Sandstorm
|-heal|p2a: Zamazenta|33/100|[from] item: Leftovers
|-heal|p1a: Eregion|94/100 psn|[from] item: Leftovers
|-damage|p1a: Eregion|82/100 psn|[from] psn
|upkeep
|turn|26
|
|t:|1758979635
|switch|p1a: Wind Crowrang|Corviknight, F|100/100
|-damage|p1a: Wind Crowrang|88/100|[from] Stealth Rock
|move|p2a: Zamazenta|Crunch|p1a: Wind Crowrang
|-crit|p1a: Wind Crowrang
|-damage|p1a: Wind Crowrang|70/100
|-damage|p2a: Zamazenta|16/100|[from] item: Rocky Helmet|[of] p1a: Wind Crowrang
|
|-weather|Sandstorm|[upkeep]
|-damage|p2a: Zamazenta|10/100|[from] Sandstorm
|-heal|p2a: Zamazenta|16/100|[from] item: Leftovers
|upkeep
|turn|27
|inactive|Acastillo631 has 90 seconds left.
|
|t:|1758979648
|switch|p2a: Raging Bolt|Raging Bolt|100/100
|move|p1a: Wind Crowrang|U-turn|p2a: Raging Bolt
|-damage|p2a: Raging Bolt|87/100
|
|t:|1758979657
|switch|p1a: Wire Sponge|Sinistcha|100/100|[from] U-turn
|-damage|p1a: Wire Sponge|88/100|[from] Stealth Rock
|-status|p1a: Wire Sponge|psn
|
|-weather|Sandstorm|[upkeep]
|-damage|p2a: Raging Bolt|81/100|[from] Sandstorm
|-damage|p1a: Wire Sponge|82/100 psn|[from] Sandstorm
|-damage|p1a: Wire Sponge|70/100 psn|[from] psn
|upkeep
|turn|28
|inactive|Acastillo631 has 90 seconds left.
|
|t:|1758979665
|move|p2a: Raging Bolt|Calm Mind|p2a: Raging Bolt
|-boost|p2a: Raging Bolt|spa|1
|-boost|p2a: Raging Bolt|spd|1
|move|p1a: Wire Sponge|Shadow Ball|p2a: Raging Bolt
|-damage|p2a: Raging Bolt|60/100
|
|-weather|Sandstorm|[upkeep]
|-damage|p2a: Raging Bolt|54/100|[from] Sandstorm
|-damage|p1a: Wire Sponge|64/100 psn|[from] Sandstorm
|-damage|p1a: Wire Sponge|51/100 psn|[from] psn
|upkeep
|turn|29
|
|t:|1758979673
|move|p2a: Raging Bolt|Dragon Pulse|p1a: Wire Sponge
|-damage|p1a: Wire Sponge|0 fnt
|faint|p1a: Wire Sponge
|
|-weather|none
|upkeep
|
|t:|1758979684
|switch|p1a: Eregion|Tyranitar, M|82/100 psn
|-damage|p1a: Eregion|70/100 psn|[from] Stealth Rock
|-weather|Sandstorm|[from] ability: Sand Stream|[of] p1a: Eregion
|turn|30
|inactive|dseokp has 120 seconds left.
|
|t:|1758979697
|move|p2a: Raging Bolt|Dragon Pulse|p1a: Eregion
|-damage|p1a: Eregion|38/100 psn
|move|p1a: Eregion|Ice Beam|p2a: Raging Bolt
|-supereffective|p2a: Raging Bolt
|-damage|p2a: Raging Bolt|30/100
|
|-weather|Sandstorm|[upkeep]
|-damage|p2a: Raging Bolt|24/100|[from] Sandstorm
|-heal|p1a: Eregion|45/100 psn|[from] item: Leftovers
|-damage|p1a: Eregion|32/100 psn|[from] psn
|upkeep
|turn|31
|inactive|dseokp has 120 seconds left.
|
|t:|1758979714
|move|p2a: Raging Bolt|Dragon Pulse|p1a: Eregion
|-damage|p1a: Eregion|3/100 psn
|move|p1a: Eregion|Ice Beam|p2a: Raging Bolt
|-supereffective|p2a: Raging Bolt
|-damage|p2a: Raging Bolt|0 fnt
|faint|p2a: Raging Bolt
|-end|p2a: Raging Bolt|Protosynthesis|[silent]
|
|-weather|Sandstorm|[upkeep]
|-heal|p1a: Eregion|9/100 psn|[from] item: Leftovers
|-damage|p1a: Eregion|0 fnt|[from] psn
|faint|p1a: Eregion
|upkeep
|c|☆Acastillo631|Gg
|-message|dseokp forfeited.
|
|win|Acastillo631
|raw|Acastillo631's rating: 1614 &rarr; <strong>1636</strong><br />(+22 for winning)
|raw|dseokp's rating: 1645 &rarr; <strong>1623</strong><br />(-22 for losing)
|l|☆dseokp
|player|p2|
|l|☆Acastillo631
|player|p1|
