|j|☆froakieguy08
|j|☆tboc13
|t:|1759038426
|gametype|singles
|player|p1|froakieguy08|skier|1492
|player|p2|tboc13|dawn|1500
|gen|9
|tier|[Gen 9] OU
|rated|
|rule|HP Percentage Mod: HP is shown in percentages
|rule|Endless Battle Clause: Forcing endless battles is banned
|rule|Species Clause: Limit one of each Pokémon
|rule|OHKO Clause: OHKO moves are banned
|rule|Evasion Items Clause: Evasion items are banned
|rule|Evasion Moves Clause: Evasion moves are banned
|rule|Evasion Abilities Clause: Evasion abilities are banned
|rule|Sleep Moves Clause: Sleep-inducing moves are banned
|clearpoke
|poke|p1|Alomomola, L99, F|
|poke|p1|Lokix, M|
|poke|p1|Weezing-Galar, F|
|poke|p1|Enamorus, F|
|poke|p1|Gliscor, M|
|poke|p1|Iron Crown|
|poke|p2|Rillaboom, F|
|poke|p2|Samurott-Hisui, F|
|poke|p2|Gholdengo|
|poke|p2|Great Tusk|
|poke|p2|Garganacl, F|
|poke|p2|Gliscor, F|
|teampreview
|
|t:|1759038440
|teamsize|p1|6
|teamsize|p2|6
|start
|switch|p1a: Iron Crown|Iron Crown|100/100
|switch|p2a: Gliscor|Gliscor, F|100/100
|turn|1
|
|t:|1759038448
|-end|p1a: Iron Crown|Quark Drive|[silent]
|switch|p1a: Alomomola|Alomomola, L99, F|100/100
|move|p2a: Gliscor|Knock Off|p1a: Alomomola
|-damage|p1a: Alomomola|86/100
|-enditem|p1a: Alomomola|Assault Vest|[from] move: Knock Off|[of] p2a: Gliscor
|
|-status|p2a: Gliscor|tox|[from] item: Toxic Orb
|upkeep
|turn|2
|
|t:|1759038457
|move|p2a: Gliscor|Protect|p2a: Gliscor
|-singleturn|p2a: Gliscor|Protect
|move|p1a: Alomomola|Flip Turn|p2a: Gliscor
|-activate|p2a: Gliscor|move: Protect
|
|upkeep
|turn|3
|
|t:|1759038459
|move|p2a: Gliscor|Toxic|p1a: Alomomola
|-status|p1a: Alomomola|tox
|move|p1a: Alomomola|Flip Turn|p2a: Gliscor
|-supereffective|p2a: Gliscor
|-damage|p2a: Gliscor|77/100 tox
|
|t:|1759038467
|switch|p1a: Iron Crown|Iron Crown|100/100|[from] Flip Turn
|
|-heal|p2a: Gliscor|89/100 tox|[from] ability: Poison Heal
|upkeep
|turn|4
|
|t:|1759038475
|-end|p1a: Iron Crown|Quark Drive|[silent]
|switch|p1a: Alomomola|Alomomola, L99, F|100/100 tox
|move|p2a: Gliscor|Protect||[still]
|-fail|p2a: Gliscor
|
|-heal|p2a: Gliscor|100/100 tox|[from] ability: Poison Heal
|-damage|p1a: Alomomola|94/100 tox|[from] psn
|upkeep
|turn|5
|
|t:|1759038482
|move|p2a: Gliscor|Earthquake|p1a: Alomomola
|-damage|p1a: Alomomola|73/100 tox
|move|p1a: Alomomola|Flip Turn|p2a: Gliscor
|-supereffective|p2a: Gliscor
|-damage|p2a: Gliscor|76/100 tox
|
|t:|1759038495
|switch|p1a: Iron Crown|Iron Crown|100/100|[from] Flip Turn
|
|-heal|p2a: Gliscor|89/100 tox|[from] ability: Poison Heal
|upkeep
|turn|6
|
|t:|1759038501
|move|p1a: Iron Crown|Tachyon Cutter|p2a: Gliscor
|-damage|p2a: Gliscor|54/100 tox
|-damage|p2a: Gliscor|24/100 tox
|-hitcount|p2a: Gliscor|2
|move|p2a: Gliscor|Knock Off|p1a: Iron Crown
|-supereffective|p1a: Iron Crown
|-damage|p1a: Iron Crown|58/100
|-enditem|p1a: Iron Crown|Choice Specs|[from] move: Knock Off|[of] p2a: Gliscor
|
|-heal|p2a: Gliscor|36/100 tox|[from] ability: Poison Heal
|upkeep
|turn|7
|
|t:|1759038509
|switch|p2a: Samurott|Samurott-Hisui, F|100/100
|move|p1a: Iron Crown|Tachyon Cutter|p2a: Samurott
|-resisted|p2a: Samurott
|-damage|p2a: Samurott|83/100
|-resisted|p2a: Samurott
|-damage|p2a: Samurott|64/100
|-hitcount|p2a: Samurott|2
|
|upkeep
|turn|8
|
|t:|1759038511
|move|p2a: Samurott|Flip Turn|p1a: Iron Crown
|-damage|p1a: Iron Crown|26/100
|
|t:|1759038517
|switch|p2a: Great Tusk|Great Tusk|100/100|[from] Flip Turn
|move|p1a: Iron Crown|Volt Switch|p2a: Great Tusk
|-immune|p2a: Great Tusk
|
|upkeep
|turn|9
|
|t:|1759038520
|-end|p2a: Great Tusk|Protosynthesis|[silent]
|switch|p2a: Samurott|Samurott-Hisui, F|64/100
|move|p1a: Iron Crown|Psychic Noise|p2a: Samurott
|-immune|p2a: Samurott
|
|upkeep
|turn|10
|
|t:|1759038526
|-end|p1a: Iron Crown|Quark Drive|[silent]
|switch|p1a: Alomomola|Alomomola, L99, F|100/100 tox
|move|p2a: Samurott|Ceaseless Edge|p1a: Alomomola
|-damage|p1a: Alomomola|68/100 tox
|-sidestart|p1: froakieguy08|Spikes
|
|-damage|p1a: Alomomola|62/100 tox|[from] psn
|upkeep
|turn|11
|
|t:|1759038533
|switch|p1a: Lokix|Lokix, M|100/100
|-damage|p1a: Lokix|88/100|[from] Spikes
|move|p2a: Samurott|Ceaseless Edge|p1a: Lokix
|-resisted|p1a: Lokix
|-crit|p1a: Lokix
|-damage|p1a: Lokix|43/100
|-sidestart|p1: froakieguy08|Spikes
|
|upkeep
|turn|12
|
|t:|1759038543
|switch|p2a: Gholdengo|Gholdengo|100/100
|-item|p2a: Gholdengo|Air Balloon
|move|p1a: Lokix|U-turn|p2a: Gholdengo
|-resisted|p2a: Gholdengo
|-damage|p2a: Gholdengo|83/100
|-enditem|p2a: Gholdengo|Air Balloon
|
|t:|1759038547
|switch|p1a: Gliscor|Gliscor, M|100/100|[from] U-turn
|
|-status|p1a: Gliscor|tox|[from] item: Toxic Orb
|upkeep
|turn|13
|
|t:|1759038551
|switch|p2a: Gliscor|Gliscor, F|36/100 tox
|move|p1a: Gliscor|Swords Dance|p1a: Gliscor
|-boost|p1a: Gliscor|atk|2
|
|-heal|p2a: Gliscor|49/100 tox|[from] ability: Poison Heal
|upkeep
|turn|14
|
|t:|1759038555
|move|p1a: Gliscor|Swords Dance|p1a: Gliscor
|-boost|p1a: Gliscor|atk|2
|move|p2a: Gliscor|Knock Off|p1a: Gliscor
|-damage|p1a: Gliscor|81/100 tox
|-enditem|p1a: Gliscor|Toxic Orb|[from] move: Knock Off|[of] p2a: Gliscor
|
|-heal|p1a: Gliscor|94/100 tox|[from] ability: Poison Heal
|-heal|p2a: Gliscor|61/100 tox|[from] ability: Poison Heal
|upkeep
|turn|15
|
|t:|1759038562
|move|p1a: Gliscor|Facade|p2a: Gliscor
|-damage|p2a: Gliscor|0 fnt
|faint|p2a: Gliscor
|
|-heal|p1a: Gliscor|100/100 tox|[from] ability: Poison Heal
|upkeep
|
|t:|1759038564
|switch|p2a: Samurott|Samurott-Hisui, F|64/100
|turn|16
|
|t:|1759038572
|-terastallize|p1a: Gliscor|Normal
|move|p1a: Gliscor|Protect|p1a: Gliscor
|-singleturn|p1a: Gliscor|Protect
|move|p2a: Samurott|Aqua Cutter|p1a: Gliscor
|-activate|p1a: Gliscor|move: Protect
|
|upkeep
|turn|17
|
|t:|1759038580
|switch|p2a: Gholdengo|Gholdengo|83/100
|move|p1a: Gliscor|Facade|p2a: Gholdengo
|-immune|p2a: Gholdengo
|
|upkeep
|turn|18
|
|t:|1759038589
|move|p1a: Gliscor|Earthquake|p2a: Gholdengo
|-supereffective|p2a: Gholdengo
|-crit|p2a: Gholdengo
|-damage|p2a: Gholdengo|0 fnt
|faint|p2a: Gholdengo
|
|upkeep
|
|t:|1759038598
|switch|p2a: Rillaboom|Rillaboom, F|100/100
|-fieldstart|move: Grassy Terrain|[from] ability: Grassy Surge|[of] p2a: Rillaboom
|turn|19
|
|t:|1759038610
|switch|p2a: Samurott|Samurott-Hisui, F|64/100
|move|p1a: Gliscor|Facade|p2a: Samurott
|-damage|p2a: Samurott|0 fnt
|faint|p2a: Samurott
|
|upkeep
|
|t:|1759038611
|switch|p2a: Garganacl|Garganacl, F|100/100
|turn|20
|
|t:|1759038618
|-terastallize|p2a: Garganacl|Ghost
|move|p1a: Gliscor|Swords Dance|p1a: Gliscor
|-boost|p1a: Gliscor|atk|2
|move|p2a: Garganacl|Salt Cure|p1a: Gliscor
|-damage|p1a: Gliscor|88/100 tox
|-start|p1a: Gliscor|Salt Cure
|
|-heal|p1a: Gliscor|94/100 tox|[from] Grassy Terrain
|-heal|p1a: Gliscor|100/100 tox|[from] ability: Poison Heal
|-damage|p1a: Gliscor|88/100 tox|[from] Salt Cure
|upkeep
|turn|21
|
|t:|1759038623
|move|p1a: Gliscor|Earthquake|p2a: Garganacl
|-damage|p2a: Garganacl|47/100
|move|p2a: Garganacl|Stealth Rock|p1a: Gliscor
|-sidestart|p1: froakieguy08|move: Stealth Rock
|
|-heal|p1a: Gliscor|94/100 tox|[from] Grassy Terrain
|-heal|p2a: Garganacl|53/100|[from] Grassy Terrain
|-heal|p2a: Garganacl|59/100|[from] item: Leftovers
|-heal|p1a: Gliscor|100/100 tox|[from] ability: Poison Heal
|-damage|p1a: Gliscor|88/100 tox|[from] Salt Cure
|upkeep
|turn|22
|
|t:|1759038626
|move|p1a: Gliscor|Earthquake|p2a: Garganacl
|-damage|p2a: Garganacl|2/100
|move|p2a: Garganacl|Salt Cure|p1a: Gliscor
|-damage|p1a: Gliscor|76/100 tox
|
|-heal|p1a: Gliscor|82/100 tox|[from] Grassy Terrain
|-heal|p2a: Garganacl|8/100|[from] Grassy Terrain
|-heal|p2a: Garganacl|15/100|[from] item: Leftovers
|-heal|p1a: Gliscor|94/100 tox|[from] ability: Poison Heal
|-damage|p1a: Gliscor|82/100 tox|[from] Salt Cure
|upkeep
|turn|23
|
|t:|1759038631
|move|p2a: Garganacl|Protect|p2a: Garganacl
|-singleturn|p2a: Garganacl|Protect
|move|p1a: Gliscor|Earthquake|p2a: Garganacl
|-activate|p2a: Garganacl|move: Protect
|
|-heal|p1a: Gliscor|88/100 tox|[from] Grassy Terrain
|-heal|p2a: Garganacl|21/100|[from] Grassy Terrain
|-heal|p2a: Garganacl|27/100|[from] item: Leftovers
|-heal|p1a: Gliscor|100/100 tox|[from] ability: Poison Heal
|-damage|p1a: Gliscor|88/100 tox|[from] Salt Cure
|-fieldend|move: Grassy Terrain
|upkeep
|turn|24
|
|t:|1759038634
|switch|p2a: Great Tusk|Great Tusk|100/100
|move|p1a: Gliscor|Earthquake|p2a: Great Tusk
|-damage|p2a: Great Tusk|0 fnt
|faint|p2a: Great Tusk
|-end|p2a: Great Tusk|Protosynthesis|[silent]
|
|-heal|p1a: Gliscor|100/100 tox|[from] ability: Poison Heal
|-damage|p1a: Gliscor|88/100 tox|[from] Salt Cure
|upkeep
|
|t:|1759038635
|switch|p2a: Rillaboom|Rillaboom, F|100/100
|-fieldstart|move: Grassy Terrain|[from] ability: Grassy Surge|[of] p2a: Rillaboom
|turn|25
|
|t:|1759038637
|move|p2a: Rillaboom|Grassy Glide|p1a: Gliscor
|-damage|p1a: Gliscor|25/100 tox
|move|p1a: Gliscor|Facade|p2a: Rillaboom
|-damage|p2a: Rillaboom|0 fnt
|faint|p2a: Rillaboom
|
|-heal|p1a: Gliscor|31/100 tox|[from] Grassy Terrain
|-heal|p1a: Gliscor|43/100 tox|[from] ability: Poison Heal
|-damage|p1a: Gliscor|31/100 tox|[from] Salt Cure
|upkeep
|-message|tboc13 forfeited.
|
|win|froakieguy08
|raw|froakieguy08's rating: 1492 &rarr; <strong>1512</strong><br />(+20 for winning)
|raw|tboc13's rating: 1500 &rarr; <strong>1480</strong><br />(-20 for losing)
|l|☆tboc13
|player|p2|
|l|☆froakieguy08
|player|p1|
