|j|☆seaslugg22
|j|☆YumeKasumi76
|t:|1758955083
|gametype|singles
|player|p1|seaslugg22|1|1311
|player|p2|YumeKasumi76|170|1319
|gen|9
|tier|[Gen 9] OU
|rated|
|rule|HP Percentage Mod: HP is shown in percentages
|rule|Endless Battle Clause: Forcing endless battles is banned
|rule|Species Clause: Limit one of each Pokémon
|rule|OHKO Clause: OHKO moves are banned
|rule|Evasion Items Clause: Evasion items are banned
|rule|Evasion Moves Clause: Evasion moves are banned
|rule|Evasion Abilities Clause: Evasion abilities are banned
|rule|Sleep Moves Clause: Sleep-inducing moves are banned
|clearpoke
|poke|p1|Torkoal, F|
|poke|p1|Walking Wake|
|poke|p1|Great Tusk|
|poke|p1|Slowking-Galar, M|
|poke|p1|Gholdengo|
|poke|p1|Samurott-Hisui, F|
|poke|p2|Cobalion|
|poke|p2|Weezing-Galar, M|
|poke|p2|Lokix, F|
|poke|p2|Arboliva, M|
|poke|p2|Ceruledge, F|
|poke|p2|Latios, M|
|teampreview
|inactive|Battle timer is ON: inactive players will automatically lose when time's up. (requested by seaslugg22)
|
|t:|1758955090
|teamsize|p1|6
|teamsize|p2|6
|start
|switch|p1a: Samurott|Samurott-Hisui, F|100/100
|switch|p2a: Jalter|Ceruledge, F|100/100
|turn|1
|
|t:|1758955094
|switch|p2a: Ironhyde|Cobalion|100/100
|move|p1a: Samurott|Ceaseless Edge|p2a: Ironhyde
|-resisted|p2a: Ironhyde
|-damage|p2a: Ironhyde|87/100
|-damage|p1a: Samurott|84/100|[from] item: Rocky Helmet|[of] p2a: Ironhyde
|-ability|p2a: Ironhyde|Justified|boost
|-boost|p2a: Ironhyde|atk|1
|-sidestart|p2: YumeKasumi76|Spikes
|
|upkeep
|turn|2
|
|t:|1758955105
|switch|p1a: Slowking|Slowking-Galar, M|100/100
|move|p2a: Ironhyde|Volt Switch|p1a: Slowking
|-damage|p1a: Slowking|91/100
|-enditem|p1a: Slowking|Red Card|[of] p2a: Ironhyde
|drag|p2a: Satsuki|Lokix, F, shiny|100/100
|-damage|p2a: Satsuki|88/100|[from] Spikes
|
|upkeep
|turn|3
|
|t:|1758955114
|switch|p1a: Great Tusk|Great Tusk|100/100
|move|p2a: Satsuki|Knock Off|p1a: Great Tusk
|-resisted|p1a: Great Tusk
|-damage|p1a: Great Tusk|57/100
|-damage|p2a: Satsuki|72/100|[from] item: Rocky Helmet|[of] p1a: Great Tusk
|-enditem|p1a: Great Tusk|Rocky Helmet|[from] move: Knock Off|[of] p2a: Satsuki
|
|upkeep
|turn|4
|
|t:|1758955126
|switch|p2a: M'affald|Weezing-Galar, M|100/100
|-ability|p2a: M'affald|Neutralizing Gas
|move|p1a: Great Tusk|Stealth Rock|p2a: M'affald
|-sidestart|p2: YumeKasumi76|move: Stealth Rock
|
|upkeep
|turn|5
|
|t:|1758955133
|-end|p1a: Great Tusk|Protosynthesis|[silent]
|switch|p1a: Gholdengo|Gholdengo|100/100
|move|p2a: M'affald|Will-O-Wisp|p1a: Gholdengo
|-status|p1a: Gholdengo|brn
|
|-damage|p1a: Gholdengo|94/100 brn|[from] brn
|upkeep
|turn|6
|
|t:|1758955138
|-end|p2a: M'affald|ability: Neutralizing Gas
|switch|p2a: Pantheon|Arboliva, M|100/100
|-damage|p2a: Pantheon|88/100|[from] Spikes
|-damage|p2a: Pantheon|75/100|[from] Stealth Rock
|move|p1a: Gholdengo|Trick|p2a: Pantheon
|-activate|p1a: Gholdengo|move: Trick|[of] p2a: Pantheon
|-item|p2a: Pantheon|Choice Scarf|[from] move: Trick
|-item|p1a: Gholdengo|Assault Vest|[from] move: Trick
|
|-damage|p1a: Gholdengo|88/100 brn|[from] brn
|upkeep
|turn|7
|
|t:|1758955149
|move|p1a: Gholdengo|Shadow Ball|p2a: Pantheon
|-immune|p2a: Pantheon
|move|p2a: Pantheon|Mirror Coat||[still]
|-fail|p2a: Pantheon
|
|-damage|p1a: Gholdengo|82/100 brn|[from] brn
|upkeep
|turn|8
|
|t:|1758955159
|switch|p1a: Samurott|Samurott-Hisui, F|84/100
|switch|p2a: M'affald|Weezing-Galar, M|100/100
|-ability|p2a: M'affald|Neutralizing Gas
|
|upkeep
|turn|9
|
|t:|1758955167
|move|p1a: Samurott|Knock Off|p2a: M'affald
|-resisted|p2a: M'affald
|-crit|p2a: M'affald
|-damage|p2a: M'affald|77/100
|-enditem|p2a: M'affald|Heavy-Duty Boots|[from] move: Knock Off|[of] p1a: Samurott
|move|p2a: M'affald|Defog|p1a: Samurott
|-unboost|p1a: Samurott|evasion|1
|-sideend|p2: YumeKasumi76|Spikes|[from] move: Defog|[of] p2a: M'affald
|-sideend|p2: YumeKasumi76|Stealth Rock|[from] move: Defog|[of] p2a: M'affald
|
|upkeep
|turn|10
|
|t:|1758955181
|switch|p1a: Torkoal|Torkoal, F|100/100
|-end|p2a: M'affald|ability: Neutralizing Gas
|-weather|SunnyDay|[from] ability: Drought|[of] p1a: Torkoal
|switch|p2a: Satsuki|Lokix, F, shiny|72/100
|
|-weather|SunnyDay|[upkeep]
|upkeep
|turn|11
|
|t:|1758955187
|move|p1a: Torkoal|Protect|p1a: Torkoal
|-singleturn|p1a: Torkoal|Protect
|move|p2a: Satsuki|U-turn|p1a: Torkoal
|-activate|p1a: Torkoal|move: Protect
|
|-weather|SunnyDay|[upkeep]
|upkeep
|turn|12
|
|t:|1758955194
|switch|p1a: Gholdengo|Gholdengo|82/100 brn
|move|p2a: Satsuki|U-turn|p1a: Gholdengo
|-resisted|p1a: Gholdengo
|-damage|p1a: Gholdengo|59/100 brn
|
|t:|1758955199
|switch|p2a: Jalter|Ceruledge, F|100/100|[from] U-turn
|
|-weather|SunnyDay|[upkeep]
|-damage|p1a: Gholdengo|53/100 brn|[from] brn
|upkeep
|turn|13
|
|t:|1758955202
|move|p1a: Gholdengo|Shadow Ball|p2a: Jalter
|-supereffective|p2a: Jalter
|-damage|p2a: Jalter|42/100
|move|p2a: Jalter|Bitter Blade|p1a: Gholdengo
|-supereffective|p1a: Gholdengo
|-crit|p1a: Gholdengo
|-damage|p1a: Gholdengo|0 fnt
|-heal|p2a: Jalter|72/100|[from] drain|[of] p1a: Gholdengo
|faint|p1a: Gholdengo
|
|-weather|SunnyDay|[upkeep]
|-heal|p2a: Jalter|78/100|[from] item: Leftovers
|upkeep
|
|t:|1758955208
|switch|p1a: Walking Wake|Walking Wake|100/100
|-activate|p1a: Walking Wake|ability: Protosynthesis
|-start|p1a: Walking Wake|protosynthesisspa
|turn|14
|
|t:|1758955217
|switch|p2a: Ironhyde|Cobalion|87/100
|move|p1a: Walking Wake|Substitute|p1a: Walking Wake
|-start|p1a: Walking Wake|Substitute
|-damage|p1a: Walking Wake|76/100
|
|-weather|none
|-end|p1a: Walking Wake|Protosynthesis
|upkeep
|turn|15
|
|t:|1758955224
|move|p1a: Walking Wake|Flamethrower|p2a: Ironhyde
|-supereffective|p2a: Ironhyde
|-damage|p2a: Ironhyde|0 fnt
|faint|p2a: Ironhyde
|
|upkeep
|
|t:|1758955227
|switch|p2a: Pantheon|Arboliva, M|75/100
|turn|16
|
|t:|1758955232
|switch|p2a: Jalter|Ceruledge, F|78/100
|move|p1a: Walking Wake|Flamethrower|p2a: Jalter
|-start|p2a: Jalter|ability: Flash Fire
|
|-heal|p2a: Jalter|84/100|[from] item: Leftovers
|upkeep
|turn|17
|
|t:|1758955237
|-terastallize|p2a: Jalter|Grass
|move|p1a: Walking Wake|Draco Meteor|p2a: Jalter
|-damage|p2a: Jalter|31/100
|-unboost|p1a: Walking Wake|spa|2
|move|p2a: Jalter|Bulk Up|p2a: Jalter
|-boost|p2a: Jalter|atk|1
|-boost|p2a: Jalter|def|1
|
|-heal|p2a: Jalter|37/100|[from] item: Leftovers
|upkeep
|turn|18
|
|t:|1758955245
|-end|p1a: Walking Wake|Protosynthesis|[silent]
|switch|p1a: Samurott|Samurott-Hisui, F|84/100
|move|p2a: Jalter|Bitter Blade|p1a: Samurott
|-resisted|p1a: Samurott
|-damage|p1a: Samurott|30/100
|-heal|p2a: Jalter|63/100|[from] drain|[of] p1a: Samurott
|
|-heal|p2a: Jalter|69/100|[from] item: Leftovers
|upkeep
|turn|19
|
|t:|1758955253
|move|p1a: Samurott|Encore|p2a: Jalter
|-start|p2a: Jalter|Encore
|move|p2a: Jalter|Bitter Blade|p1a: Samurott
|-resisted|p1a: Samurott
|-damage|p1a: Samurott|0 fnt
|-heal|p2a: Jalter|83/100|[from] drain|[of] p1a: Samurott
|faint|p1a: Samurott
|
|-heal|p2a: Jalter|89/100|[from] item: Leftovers
|upkeep
|
|t:|1758955257
|switch|p1a: Walking Wake|Walking Wake|76/100
|turn|20
|
|t:|1758955261
|move|p1a: Walking Wake|Hydro Steam|p2a: Jalter
|-resisted|p2a: Jalter
|-damage|p2a: Jalter|73/100
|move|p2a: Jalter|Bitter Blade|p1a: Walking Wake
|-resisted|p1a: Walking Wake
|-damage|p1a: Walking Wake|54/100
|-heal|p2a: Jalter|84/100|[from] drain|[of] p1a: Walking Wake
|
|-heal|p2a: Jalter|90/100|[from] item: Leftovers
|upkeep
|turn|21
|
|t:|1758955264
|move|p1a: Walking Wake|Draco Meteor|p2a: Jalter
|-damage|p2a: Jalter|41/100
|-unboost|p1a: Walking Wake|spa|2
|move|p2a: Jalter|Bitter Blade|p1a: Walking Wake
|-resisted|p1a: Walking Wake
|-damage|p1a: Walking Wake|29/100
|-heal|p2a: Jalter|53/100|[from] drain|[of] p1a: Walking Wake
|
|-heal|p2a: Jalter|59/100|[from] item: Leftovers
|-end|p2a: Jalter|Encore
|upkeep
|turn|22
|-message|seaslugg22 forfeited.
|
|win|YumeKasumi76
|raw|seaslugg22's rating: 1311 &rarr; <strong>1291</strong><br />(-20 for losing)
|raw|YumeKasumi76's rating: 1319 &rarr; <strong>1339</strong><br />(+20 for winning)
|l|☆seaslugg22
|player|p1|
|l|☆YumeKasumi76
|player|p2|
