|j|☆Mky27
|j|☆Naz-sama
|t:|1759036504
|gametype|singles
|player|p1|Mky27|ltsurge|1516
|player|p2|Naz-sama|lady|1579
|gen|9
|tier|[Gen 9] OU
|rated|
|rule|HP Percentage Mod: HP is shown in percentages
|rule|Endless Battle Clause: Forcing endless battles is banned
|rule|Species Clause: Limit one of each Pokémon
|rule|OHKO Clause: OHKO moves are banned
|rule|Evasion Items Clause: Evasion items are banned
|rule|Evasion Moves Clause: Evasion moves are banned
|rule|Evasion Abilities Clause: Evasion abilities are banned
|rule|Sleep Moves Clause: Sleep-inducing moves are banned
|clearpoke
|poke|p1|Walking Wake|
|poke|p1|Great Tusk|
|poke|p1|Torkoal, F|
|poke|p1|Indeedee, M|
|poke|p1|Exeggutor, M|
|poke|p1|Kingambit, M|
|poke|p2|Pelipper, F|
|poke|p2|Iron Treads|
|poke|p2|Hatterene, F|
|poke|p2|Toxicroak, F|
|poke|p2|Barraskewda, M|
|poke|p2|Talonflame, M|
|teampreview
|inactive|Battle timer is ON: inactive players will automatically lose when time's up. (requested by Naz-sama)
|inactive|Mky27 also wants the timer to be on.
|
|t:|1759036516
|teamsize|p1|6
|teamsize|p2|6
|start
|switch|p1a: Indimacho|Indeedee, M|100/100
|switch|p2a: Barraskewda|Barraskewda, M|100/100
|-fieldstart|move: Psychic Terrain|[from] ability: Psychic Surge|[of] p1a: Indimacho
|turn|1
|inactive|Naz-sama has 120 seconds left.
|
|t:|1759036551
|switch|p2a: Pelipper|Pelipper, F|100/100
|-weather|RainDance|[from] ability: Drizzle|[of] p2a: Pelipper
|move|p1a: Indimacho|Expanding Force|p2a: Pelipper
|-damage|p2a: Pelipper|24/100
|
|-weather|RainDance|[upkeep]
|upkeep
|turn|2
|inactive|Naz-sama has 120 seconds left.
|inactive|Naz-sama has 90 seconds left.
|
|t:|1759036601
|switch|p2a: Hatterene|Hatterene, F|100/100
|move|p1a: Indimacho|Expanding Force|p2a: Hatterene
|-resisted|p2a: Hatterene
|-damage|p2a: Hatterene|60/100
|-enditem|p2a: Hatterene|Eject Button
|
|t:|1759036612
|switch|p2a: Barraskewda|Barraskewda, M|100/100
|
|-weather|RainDance|[upkeep]
|upkeep
|turn|3
|
|t:|1759036624
|switch|p1a: Exxegcutor|Exeggutor, M, shiny|100/100
|move|p2a: Barraskewda|Flip Turn|p1a: Exxegcutor
|-resisted|p1a: Exxegcutor
|-damage|p1a: Exxegcutor|58/100
|
|t:|1759036635
|switch|p2a: Talonflame|Talonflame, M|100/100|[from] Flip Turn
|
|-weather|RainDance|[upkeep]
|upkeep
|turn|4
|
|t:|1759036652
|move|p2a: Talonflame|U-turn|p1a: Exxegcutor
|-supereffective|p1a: Exxegcutor
|-damage|p1a: Exxegcutor|5/100
|
|t:|1759036659
|switch|p2a: Toxicroak|Toxicroak, F|100/100|[from] U-turn
|move|p1a: Exxegcutor|Expanding Force|p2a: Toxicroak
|-supereffective|p2a: Toxicroak
|-damage|p2a: Toxicroak|0 fnt
|faint|p2a: Toxicroak
|
|-weather|RainDance|[upkeep]
|upkeep
|
|t:|1759036671
|switch|p2a: Barraskewda|Barraskewda, M|100/100
|turn|5
|-enditem|p1a: Exxegcutor|Custap Berry|[eat]
|-activate|p1a: Exxegcutor|item: Custap Berry|[consumed]
|
|t:|1759036674
|move|p1a: Exxegcutor|Expanding Force|p2a: Barraskewda
|-damage|p2a: Barraskewda|0 fnt
|faint|p2a: Barraskewda
|
|-weather|RainDance|[upkeep]
|-fieldend|move: Psychic Terrain
|upkeep
|inactive|Naz-sama has 90 seconds left.
|-message|Naz-sama forfeited.
|
|win|Mky27
|raw|Mky27's rating: 1516 &rarr; <strong>1540</strong><br />(+24 for winning)
|raw|Naz-sama's rating: 1579 &rarr; <strong>1555</strong><br />(-24 for losing)
|l|☆Naz-sama
|player|p2|
|l|☆Mky27
|player|p1|
