|j|☆missingyat
|j|☆McSwiggyPiggy
|t:|1759069936
|gametype|singles
|player|p1|missingyat|clerk|1083
|player|p2|McSwiggyPiggy|101|1129
|gen|9
|tier|[Gen 9] OU
|rated|
|rule|HP Percentage Mod: HP is shown in percentages
|rule|Endless Battle Clause: Forcing endless battles is banned
|rule|Species Clause: Limit one of each Pokémon
|rule|OHKO Clause: OHKO moves are banned
|rule|Evasion Items Clause: Evasion items are banned
|rule|Evasion Moves Clause: Evasion moves are banned
|rule|Evasion Abilities Clause: Evasion abilities are banned
|rule|Sleep Moves Clause: Sleep-inducing moves are banned
|clearpoke
|poke|p1|Komala, F|
|poke|p1|Granbull, M|
|poke|p1|Oricorio-Sensu, M|
|poke|p1|Quaquaval, F|
|poke|p1|Galvantula, M|
|poke|p1|Heracross, F|
|poke|p2|Blaziken, M|
|poke|p2|Samurott-Hisui, M|
|poke|p2|Great Tusk|
|poke|p2|Latios, M|
|poke|p2|Gholdengo|
|poke|p2|Enamorus, F|
|teampreview
|
|t:|1759069956
|teamsize|p1|6
|teamsize|p2|6
|start
|switch|p1a: Granbull|Granbull, M|100/100
|switch|p2a: Samurott|Samurott-Hisui, M|100/100
|-ability|p1a: Granbull|Intimidate|boost
|-unboost|p2a: Samurott|atk|1
|turn|1
|
|t:|1759069964
|move|p2a: Samurott|Flip Turn|p1a: Granbull
|-damage|p1a: Granbull|81/100
|
|t:|1759069969
|switch|p2a: Great Tusk|Great Tusk|100/100|[from] Flip Turn
|move|p1a: Granbull|Play Rough|p2a: Great Tusk
|-supereffective|p2a: Great Tusk
|-damage|p2a: Great Tusk|55/100
|
|-heal|p2a: Great Tusk|61/100|[from] item: Leftovers
|upkeep
|turn|2
|inactive|Battle timer is ON: inactive players will automatically lose when time's up. (requested by McSwiggyPiggy)
|
|t:|1759069990
|move|p2a: Great Tusk|Knock Off|p1a: Granbull
|-resisted|p1a: Granbull
|-damage|p1a: Granbull|66/100
|-enditem|p1a: Granbull|Assault Vest|[from] move: Knock Off|[of] p2a: Great Tusk
|move|p1a: Granbull|Play Rough|p2a: Great Tusk
|-supereffective|p2a: Great Tusk
|-damage|p2a: Great Tusk|15/100
|
|-heal|p2a: Great Tusk|21/100|[from] item: Leftovers
|upkeep
|turn|3
|
|t:|1759070012
|move|p2a: Great Tusk|Headlong Rush|p1a: Granbull
|-damage|p1a: Granbull|17/100
|-unboost|p2a: Great Tusk|def|1
|-unboost|p2a: Great Tusk|spd|1
|move|p1a: Granbull|Play Rough|p2a: Great Tusk
|-supereffective|p2a: Great Tusk
|-damage|p2a: Great Tusk|0 fnt
|faint|p2a: Great Tusk
|-end|p2a: Great Tusk|Protosynthesis|[silent]
|
|upkeep
|
|t:|1759070037
|switch|p2a: Latios|Latios, M|100/100
|turn|4
|
|t:|1759070045
|switch|p1a: Slizzy|Komala, F, shiny|100/100
|-ability|p1a: Slizzy|Comatose
|move|p2a: Latios|Luster Purge|p1a: Slizzy
|-damage|p1a: Slizzy|45/100
|-unboost|p1a: Slizzy|spd|1
|
|upkeep
|turn|5
|
|t:|1759070053
|move|p1a: Slizzy|Sucker Punch|p2a: Latios
|-supereffective|p2a: Latios
|-crit|p2a: Latios
|-damage|p2a: Latios|16/100
|move|p2a: Latios|Luster Purge|p1a: Slizzy
|-damage|p1a: Slizzy|0 fnt
|faint|p1a: Slizzy
|
|upkeep
|
|t:|1759070064
|switch|p1a: Heracross|Heracross, F|100/100
|turn|6
|
|t:|1759070072
|switch|p2a: Gholdengo|Gholdengo|100/100
|-item|p2a: Gholdengo|Air Balloon
|move|p1a: Heracross|Megahorn|p2a: Gholdengo|[miss]
|-miss|p1a: Heracross|p2a: Gholdengo
|
|upkeep
|turn|7
|
|t:|1759070082
|move|p1a: Heracross|Megahorn|p2a: Gholdengo
|-resisted|p2a: Gholdengo
|-damage|p2a: Gholdengo|90/100
|-enditem|p2a: Gholdengo|Air Balloon
|move|p2a: Gholdengo|Nasty Plot|p2a: Gholdengo
|-boost|p2a: Gholdengo|spa|2
|
|upkeep
|turn|8
|
|t:|1759070091
|switch|p1a: Granbull|Granbull, M|17/100
|-ability|p1a: Granbull|Intimidate|boost
|-unboost|p2a: Gholdengo|atk|1
|move|p2a: Gholdengo|Shadow Ball|p1a: Granbull
|-damage|p1a: Granbull|0 fnt
|faint|p1a: Granbull
|
|upkeep
|
|t:|1759070100
|switch|p1a: Heracross|Heracross, F|100/100
|turn|9
|
|t:|1759070125
|move|p1a: Heracross|Earthquake|p2a: Gholdengo
|-supereffective|p2a: Gholdengo
|-damage|p2a: Gholdengo|43/100
|move|p2a: Gholdengo|Shadow Ball|p1a: Heracross
|-damage|p1a: Heracross|19/100
|
|upkeep
|turn|10
|
|t:|1759070138
|-terastallize|p2a: Gholdengo|Flying
|move|p1a: Heracross|Earthquake|p2a: Gholdengo
|-immune|p2a: Gholdengo
|move|p2a: Gholdengo|Shadow Ball|p1a: Heracross
|-damage|p1a: Heracross|0 fnt
|faint|p1a: Heracross
|
|upkeep
|
|t:|1759070143
|switch|p1a: Oricorio|Oricorio-Sensu, M, shiny|100/100
|turn|11
|
|t:|1759070157
|move|p1a: Oricorio|Quiver Dance|p1a: Oricorio
|-boost|p1a: Oricorio|spa|1
|-boost|p1a: Oricorio|spd|1
|-boost|p1a: Oricorio|spe|1
|move|p2a: Gholdengo|Shadow Ball|p1a: Oricorio
|-supereffective|p1a: Oricorio
|-enditem|p1a: Oricorio|Focus Sash
|-damage|p1a: Oricorio|1/100
|-unboost|p1a: Oricorio|spd|1
|
|upkeep
|turn|12
|
|t:|1759070169
|move|p1a: Oricorio|Revelation Dance|p2a: Gholdengo
|-crit|p2a: Gholdengo
|-damage|p2a: Gholdengo|0 fnt
|faint|p2a: Gholdengo
|
|upkeep
|
|t:|1759070176
|switch|p2a: Samurott|Samurott-Hisui, M|100/100
|turn|13
|
|t:|1759070185
|move|p2a: Samurott|Aqua Jet|p1a: Oricorio
|-damage|p1a: Oricorio|0 fnt
|faint|p1a: Oricorio
|
|upkeep
|
|t:|1759070188
|switch|p1a: Galvantula|Galvantula, M|100/100
|turn|14
|
|t:|1759070198
|-terastallize|p1a: Galvantula|Electric
|move|p1a: Galvantula|Thunder|p2a: Samurott
|-supereffective|p2a: Samurott
|-damage|p2a: Samurott|0 fnt
|faint|p2a: Samurott
|
|upkeep
|
|t:|1759070209
|switch|p2a: Blaziken|Blaziken, M|100/100
|turn|15
|
|t:|1759070226
|move|p1a: Galvantula|Thunder|p2a: Blaziken
|-damage|p2a: Blaziken|0 fnt
|faint|p2a: Blaziken
|
|upkeep
|
|t:|1759070234
|switch|p2a: Latios|Latios, M|16/100
|turn|16
|c|☆missingyat|suprising no protect
|
|t:|1759070241
|move|p2a: Latios|Draco Meteor|p1a: Galvantula
|-damage|p1a: Galvantula|0 fnt
|-unboost|p2a: Latios|spa|2
|faint|p1a: Galvantula
|
|upkeep
|
|t:|1759070243
|switch|p1a: Quaquaval|Quaquaval, F|100/100
|turn|17
|
|t:|1759070253
|move|p2a: Latios|Luster Purge|p1a: Quaquaval
|-supereffective|p1a: Quaquaval
|-damage|p1a: Quaquaval|25/100
|move|p1a: Quaquaval|Aqua Step|p2a: Latios
|-resisted|p2a: Latios
|-damage|p2a: Latios|0 fnt
|-boost|p1a: Quaquaval|spe|1
|faint|p2a: Latios
|-ability|p1a: Quaquaval|Moxie|boost
|-boost|p1a: Quaquaval|atk|1
|-damage|p1a: Quaquaval|15/100|[from] item: Life Orb
|
|upkeep
|
|t:|1759070265
|switch|p2a: Enamorus|Enamorus, F|100/100
|turn|18
|
|t:|1759070269
|move|p1a: Quaquaval|Triple Axel|p2a: Enamorus
|-supereffective|p2a: Enamorus
|-damage|p2a: Enamorus|57/100
|-supereffective|p2a: Enamorus
|-damage|p2a: Enamorus|0 fnt
|faint|p2a: Enamorus
|-hitcount|p2: Enamorus|2
|-damage|p1a: Quaquaval|5/100|[from] item: Life Orb
|
|win|missingyat
|raw|missingyat's rating: 1083 &rarr; <strong>1114</strong><br />(+31 for winning)
|raw|McSwiggyPiggy's rating: 1129 &rarr; <strong>1101</strong><br />(-28 for losing)
|l|☆missingyat
|player|p1|
|l|☆McSwiggyPiggy
|player|p2|
