|j|☆vghhjg
|j|☆Wowbigsmall
|t:|1758969205
|gametype|singles
|player|p1|vghhjg|266|1571
|player|p2|Wowbigsmall|1|1582
|gen|9
|tier|[Gen 9] OU
|rated|
|rule|HP Percentage Mod: HP is shown in percentages
|rule|Endless Battle Clause: Forcing endless battles is banned
|rule|Species Clause: Limit one of each Pokémon
|rule|OHKO Clause: OHKO moves are banned
|rule|Evasion Items Clause: Evasion items are banned
|rule|Evasion Moves Clause: Evasion moves are banned
|rule|Evasion Abilities Clause: Evasion abilities are banned
|rule|Sleep Moves Clause: Sleep-inducing moves are banned
|clearpoke
|poke|p1|Gholdengo|
|poke|p1|Ribombee, F|
|poke|p1|Dragonite, F|
|poke|p1|Comfey, F|
|poke|p1|Primarina, F|
|poke|p1|Haxorus, F|
|poke|p2|Hoopa-Unbound|
|poke|p2|Enamorus, F|
|poke|p2|Garchomp, M|
|poke|p2|Pecharunt|
|poke|p2|Hatterene, F|
|poke|p2|Kingambit, F|
|teampreview
|
|t:|1758969218
|teamsize|p1|6
|teamsize|p2|6
|start
|switch|p1a: Ribombee|Ribombee, F|100/100
|switch|p2a: Enamorus|Enamorus, F|100/100
|turn|1
|
|t:|1758969229
|move|p2a: Enamorus|Moonblast|p1a: Ribombee
|-damage|p1a: Ribombee|9/100
|move|p1a: Ribombee|Stun Spore|p2a: Enamorus|[miss]
|-miss|p1a: Ribombee|p2a: Enamorus
|
|upkeep
|turn|2
|
|t:|1758969234
|move|p2a: Enamorus|Moonblast|p1a: Ribombee
|-damage|p1a: Ribombee|0 fnt
|faint|p1a: Ribombee
|
|upkeep
|
|t:|1758969237
|switch|p1a: Primarina|Primarina, F|100/100
|turn|3
|
|t:|1758969243
|move|p2a: Enamorus|Moonblast|p1a: Primarina
|-crit|p1a: Primarina
|-damage|p1a: Primarina|29/100
|-unboost|p1a: Primarina|spa|1
|move|p1a: Primarina|Moonblast|p2a: Enamorus
|-damage|p2a: Enamorus|55/100
|-boost|p2a: Enamorus|spa|1
|
|-heal|p1a: Primarina|35/100|[from] item: Leftovers
|upkeep
|turn|4
|
|t:|1758969251
|move|p2a: Enamorus|Moonblast|p1a: Primarina
|-damage|p1a: Primarina|0 fnt
|faint|p1a: Primarina
|
|upkeep
|
|t:|1758969259
|switch|p1a: Gholdengo|Gholdengo|100/100
|-item|p1a: Gholdengo|Air Balloon
|turn|5
|
|t:|1758969273
|move|p2a: Enamorus|Moonblast|p1a: Gholdengo
|-resisted|p1a: Gholdengo
|-damage|p1a: Gholdengo|60/100
|-enditem|p1a: Gholdengo|Air Balloon
|move|p1a: Gholdengo|Shadow Ball|p2a: Enamorus
|-damage|p2a: Enamorus|0 fnt
|faint|p2a: Enamorus
|
|upkeep
|
|t:|1758969289
|switch|p2a: Kingambit|Kingambit, F|100/100
|-activate|p2a: Kingambit|ability: Supreme Overlord
|-start|p2a: Kingambit|fallen1|[silent]
|turn|6
|
|t:|1758969296
|move|p1a: Gholdengo|Dazzling Gleam|p2a: Kingambit
|-damage|p2a: Kingambit|71/100
|move|p2a: Kingambit|Iron Head|p1a: Gholdengo
|-resisted|p1a: Gholdengo
|-damage|p1a: Gholdengo|29/100
|
|upkeep
|turn|7
|
|t:|1758969301
|move|p2a: Kingambit|Sucker Punch|p1a: Gholdengo
|-supereffective|p1a: Gholdengo
|-damage|p1a: Gholdengo|0 fnt
|faint|p1a: Gholdengo
|
|upkeep
|
|t:|1758969317
|switch|p1a: Haxorus|Haxorus, F|100/100
|-ability|p1a: Haxorus|Mold Breaker
|turn|8
|
|t:|1758969322
|-end|p2a: Kingambit|fallen1|[silent]
|switch|p2a: Hatterene|Hatterene, F|100/100
|move|p1a: Haxorus|Earthquake|p2a: Hatterene
|-damage|p2a: Hatterene|61/100
|
|upkeep
|turn|9
|
|t:|1758969332
|switch|p1a: Comfey|Comfey, F|100/100
|move|p2a: Hatterene|Nuzzle|p1a: Comfey
|-damage|p1a: Comfey|96/100
|-status|p1a: Comfey|par
|
|upkeep
|turn|10
|
|t:|1758969337
|switch|p2a: Pecharunt|Pecharunt|100/100
|move|p1a: Comfey|Calm Mind|p1a: Comfey
|-boost|p1a: Comfey|spa|1
|-boost|p1a: Comfey|spd|1
|
|upkeep
|turn|11
|
|t:|1758969341
|move|p1a: Comfey|Draining Kiss|p2a: Pecharunt
|-resisted|p2a: Pecharunt
|-damage|p2a: Pecharunt|80/100
|-heal|p1a: Comfey|100/100 par|[from] drain|[of] p2a: Pecharunt
|-damage|p1a: Comfey|91/100 par|[from] item: Life Orb
|move|p2a: Pecharunt|Malignant Chain|p1a: Comfey
|-supereffective|p1a: Comfey
|-damage|p1a: Comfey|51/100 par
|
|upkeep
|turn|12
|
|t:|1758969346
|move|p1a: Comfey|Draining Kiss|p2a: Pecharunt
|-resisted|p2a: Pecharunt
|-damage|p2a: Pecharunt|57/100
|-heal|p1a: Comfey|71/100 par|[from] drain|[of] p2a: Pecharunt
|-damage|p1a: Comfey|62/100 par|[from] item: Life Orb
|move|p2a: Pecharunt|Malignant Chain|p1a: Comfey
|-supereffective|p1a: Comfey
|-damage|p1a: Comfey|16/100 par
|
|upkeep
|turn|13
|
|t:|1758969351
|cant|p1a: Comfey|par
|move|p2a: Pecharunt|Recover|p2a: Pecharunt
|-heal|p2a: Pecharunt|100/100
|
|upkeep
|turn|14
|
|t:|1758969355
|move|p1a: Comfey|Draining Kiss|p2a: Pecharunt
|-resisted|p2a: Pecharunt
|-damage|p2a: Pecharunt|79/100
|-heal|p1a: Comfey|36/100 par|[from] drain|[of] p2a: Pecharunt
|-damage|p1a: Comfey|26/100 par|[from] item: Life Orb
|move|p2a: Pecharunt|Malignant Chain|p1a: Comfey
|-supereffective|p1a: Comfey
|-damage|p1a: Comfey|0 fnt
|faint|p1a: Comfey
|
|upkeep
|
|t:|1758969362
|switch|p1a: Dragonite|Dragonite, F|100/100
|turn|15
|
|t:|1758969367
|move|p2a: Pecharunt|Parting Shot|p1a: Dragonite
|-unboost|p1a: Dragonite|atk|1
|-unboost|p1a: Dragonite|spa|1
|
|t:|1758969369
|switch|p2a: Garchomp|Garchomp, M|100/100|[from] Parting Shot
|move|p1a: Dragonite|Earthquake|p2a: Garchomp
|-damage|p2a: Garchomp|85/100
|
|upkeep
|turn|16
|
|t:|1758969373
|move|p1a: Dragonite|Dragon Dance|p1a: Dragonite
|-boost|p1a: Dragonite|atk|1
|-boost|p1a: Dragonite|spe|1
|move|p2a: Garchomp|Dragon Tail|p1a: Dragonite
|-supereffective|p1a: Dragonite
|-damage|p1a: Dragonite|74/100
|drag|p1a: Haxorus|Haxorus, F|100/100
|-ability|p1a: Haxorus|Mold Breaker
|
|upkeep
|turn|17
|
|t:|1758969388
|switch|p1a: Dragonite|Dragonite, F|74/100
|move|p2a: Garchomp|Dragon Tail|p1a: Dragonite
|-supereffective|p1a: Dragonite
|-damage|p1a: Dragonite|13/100
|drag|p1a: Haxorus|Haxorus, F|100/100
|-ability|p1a: Haxorus|Mold Breaker
|
|upkeep
|turn|18
|
|t:|1758969397
|switch|p1a: Dragonite|Dragonite, F|13/100
|switch|p2a: Hatterene|Hatterene, F|61/100
|
|upkeep
|turn|19
|
|t:|1758969402
|move|p1a: Dragonite|Earthquake|p2a: Hatterene
|-damage|p2a: Hatterene|28/100
|move|p2a: Hatterene|Nuzzle|p1a: Dragonite
|-damage|p1a: Dragonite|9/100
|-status|p1a: Dragonite|par
|
|upkeep
|turn|20
|
|t:|1758969406
|move|p1a: Dragonite|Earthquake|p2a: Hatterene
|-damage|p2a: Hatterene|0 fnt
|faint|p2a: Hatterene
|
|upkeep
|
|t:|1758969412
|switch|p2a: Pecharunt|Pecharunt|79/100
|turn|21
|
|t:|1758969416
|move|p2a: Pecharunt|Hex|p1a: Dragonite
|-damage|p1a: Dragonite|0 fnt
|faint|p1a: Dragonite
|
|upkeep
|
|t:|1758969419
|switch|p1a: Haxorus|Haxorus, F|100/100
|-ability|p1a: Haxorus|Mold Breaker
|turn|22
|
|t:|1758969425
|move|p2a: Pecharunt|Malignant Chain|p1a: Haxorus
|-damage|p1a: Haxorus|51/100
|move|p1a: Haxorus|Dragon Dance|p1a: Haxorus
|-boost|p1a: Haxorus|atk|1
|-boost|p1a: Haxorus|spe|1
|
|-heal|p1a: Haxorus|57/100|[from] item: Leftovers
|upkeep
|turn|23
|
|t:|1758969434
|move|p1a: Haxorus|Earthquake|p2a: Pecharunt
|-supereffective|p2a: Pecharunt
|-enditem|p2a: Pecharunt|Shuca Berry|[eat]
|-enditem|p2a: Pecharunt|Shuca Berry|[weaken]
|-damage|p2a: Pecharunt|42/100
|move|p2a: Pecharunt|Malignant Chain|p1a: Haxorus
|-damage|p1a: Haxorus|15/100
|-status|p1a: Haxorus|tox
|-start|p1a: Haxorus|confusion|[from] ability: Poison Puppeteer|[of] p2a: Pecharunt
|
|-heal|p1a: Haxorus|21/100 tox|[from] item: Leftovers
|-damage|p1a: Haxorus|15/100 tox|[from] psn
|upkeep
|turn|24
|
|t:|1758969447
|-activate|p1a: Haxorus|confusion
|move|p1a: Haxorus|Earthquake|p2a: Pecharunt
|-supereffective|p2a: Pecharunt
|-damage|p2a: Pecharunt|0 fnt
|faint|p2a: Pecharunt
|
|-heal|p1a: Haxorus|21/100 tox|[from] item: Leftovers
|-damage|p1a: Haxorus|9/100 tox|[from] psn
|upkeep
|
|t:|1758969459
|switch|p2a: Garchomp|Garchomp, M|85/100
|turn|25
|
|t:|1758969462
|-activate|p1a: Haxorus|confusion
|move|p1a: Haxorus|Earthquake|p2a: Garchomp
|-damage|p2a: Garchomp|46/100
|move|p2a: Garchomp|Earthquake|p1a: Haxorus
|-damage|p1a: Haxorus|0 fnt
|faint|p1a: Haxorus
|
|win|Wowbigsmall
|raw|vghhjg's rating: 1571 &rarr; <strong>1552</strong><br />(-19 for losing)
|raw|Wowbigsmall's rating: 1582 &rarr; <strong>1601</strong><br />(+19 for winning)
|l|☆Wowbigsmall
|player|p2|
|l|☆vghhjg
|player|p1|
