|j|☆lerendezvous
|j|☆QwertyTurdy
|t:|1758957394
|gametype|singles
|player|p1|lerendezvous|101|1656
|player|p2|QwertyTurdy|ingo|1520
|gen|9
|tier|[Gen 9] OU
|rated|
|rule|HP Percentage Mod: HP is shown in percentages
|rule|Endless Battle Clause: Forcing endless battles is banned
|rule|Species Clause: Limit one of each Pokémon
|rule|OHKO Clause: OHKO moves are banned
|rule|Evasion Items Clause: Evasion items are banned
|rule|Evasion Moves Clause: Evasion moves are banned
|rule|Evasion Abilities Clause: Evasion abilities are banned
|rule|Sleep Moves Clause: Sleep-inducing moves are banned
|clearpoke
|poke|p1|Ogerpon-Wellspring, F|
|poke|p1|Slowking-Galar, F|
|poke|p1|Great Tusk|
|poke|p1|Moltres|
|poke|p1|Dragapult, M|
|poke|p1|Kingambit, F|
|poke|p2|Ursaluna, F|
|poke|p2|Meowscarada, F|
|poke|p2|Slowking-Galar, F|
|poke|p2|Great Tusk|
|poke|p2|Moltres|
|poke|p2|Gholdengo|
|teampreview
|j| wgw2333
|inactive|Battle timer is ON: inactive players will automatically lose when time's up. (requested by lerendezvous)
|
|t:|1758957415
|teamsize|p1|6
|teamsize|p2|6
|start
|switch|p1a: Ogerpon|Ogerpon-Wellspring, F|100/100
|switch|p2a: Meowscarada|Meowscarada, F|100/100
|turn|1
|
|t:|1758957422
|-terastallize|p1a: Ogerpon|Water
|detailschange|p1a: Ogerpon|Ogerpon-Wellspring-Tera, F, tera:Water
|-ability|p1a: Ogerpon|Embody Aspect (Wellspring)|boost
|-boost|p1a: Ogerpon|spd|1
|move|p2a: Meowscarada|Flower Trick|p1a: Ogerpon
|-supereffective|p1a: Ogerpon
|-crit|p1a: Ogerpon
|-damage|p1a: Ogerpon|0 fnt
|faint|p1a: Ogerpon
|detailschange|p1: Ogerpon|Ogerpon-Wellspring, F|[silent]
|
|upkeep
|
|t:|1758957426
|switch|p1a: Moltres|Moltres|100/100
|turn|2
|
|t:|1758957445
|switch|p2a: Slowking|Slowking-Galar, F|100/100
|move|p1a: Moltres|Flamethrower|p2a: Slowking
|-damage|p2a: Slowking|71/100
|-status|p2a: Slowking|brn
|
|-damage|p2a: Slowking|65/100 brn|[from] brn
|upkeep
|turn|3
|
|t:|1758957455
|move|p1a: Moltres|Flamethrower|p2a: Slowking
|-damage|p2a: Slowking|32/100 brn
|move|p2a: Slowking|Future Sight|p1a: Moltres
|-start|p2a: Slowking|move: Future Sight
|
|-damage|p2a: Slowking|26/100 brn|[from] brn
|upkeep
|turn|4
|
|t:|1758957462
|switch|p2a: Moltres|Moltres|100/100
|move|p1a: Moltres|Flamethrower|p2a: Moltres
|-resisted|p2a: Moltres
|-damage|p2a: Moltres|83/100
|
|upkeep
|turn|5
|inactive|QwertyTurdy has 120 seconds left.
|
|t:|1758957494
|move|p2a: Moltres|U-turn|p1a: Moltres
|-resisted|p1a: Moltres
|-damage|p1a: Moltres|98/100
|
|t:|1758957498
|switch|p2a: Slowking|Slowking-Galar, F|59/100 brn|[from] U-turn
|move|p1a: Moltres|Roar|p2a: Slowking
|drag|p2a: Ursaluna|Ursaluna, F|100/100
|
|-end|p1a: Moltres|move: Future Sight
|-damage|p1a: Moltres|54/100
|upkeep
|turn|6
|inactive|QwertyTurdy has 120 seconds left.
|
|t:|1758957524
|switch|p2a: Slowking|Slowking-Galar, F|92/100 brn
|move|p1a: Moltres|U-turn|p2a: Slowking
|-damage|p2a: Slowking|81/100 brn
|
|t:|1758957530
|switch|p1a: Great Tusk|Great Tusk|100/100|[from] U-turn
|
|-damage|p2a: Slowking|75/100 brn|[from] brn
|upkeep
|turn|7
|inactive|QwertyTurdy has 120 seconds left.
|
|t:|1758957538
|switch|p2a: Moltres|Moltres|83/100
|move|p1a: Great Tusk|Stealth Rock|p2a: Moltres
|-sidestart|p2: QwertyTurdy|move: Stealth Rock
|
|upkeep
|turn|8
|inactive|QwertyTurdy has 120 seconds left.
|
|t:|1758957551
|-end|p1a: Great Tusk|Protosynthesis|[silent]
|switch|p1a: Moltres|Moltres|54/100
|move|p2a: Moltres|Flamethrower|p1a: Moltres
|-resisted|p1a: Moltres
|-damage|p1a: Moltres|33/100
|
|upkeep
|turn|9
|
|t:|1758957556
|move|p1a: Moltres|Roost|p1a: Moltres
|-heal|p1a: Moltres|83/100
|-singleturn|p1a: Moltres|move: Roost
|move|p2a: Moltres|U-turn|p1a: Moltres
|-resisted|p1a: Moltres
|-damage|p1a: Moltres|78/100
|inactive|QwertyTurdy has 120 seconds left.
|
|t:|1758957594
|switch|p2a: Slowking|Slowking-Galar, F|100/100 brn|[from] U-turn
|
|-damage|p2a: Slowking|94/100 brn|[from] brn
|upkeep
|turn|10
|j| bananana324
|
|t:|1758957602
|move|p1a: Moltres|Roost|p1a: Moltres
|-heal|p1a: Moltres|100/100
|-singleturn|p1a: Moltres|move: Roost
|move|p2a: Slowking|Future Sight|p1a: Moltres
|-start|p2a: Slowking|move: Future Sight
|
|-damage|p2a: Slowking|88/100 brn|[from] brn
|upkeep
|turn|11
|
|t:|1758957607
|move|p1a: Moltres|Flamethrower|p2a: Slowking
|-damage|p2a: Slowking|58/100 brn
|-prepare|p2a: Slowking|Chilly Reception|[premajor]
|move|p2a: Slowking|Chilly Reception|p2a: Slowking
|-weather|Snowscape
|inactive|QwertyTurdy has 90 seconds left.
|
|t:|1758957643
|switch|p2a: Ursaluna|Ursaluna, F|100/100|[from] Chilly Reception
|-damage|p2a: Ursaluna|94/100|[from] Stealth Rock
|
|-weather|Snowscape|[upkeep]
|-heal|p2a: Ursaluna|100/100|[from] item: Leftovers
|upkeep
|turn|12
|
|t:|1758957651
|move|p1a: Moltres|Flamethrower|p2a: Ursaluna
|-damage|p2a: Ursaluna|76/100
|move|p2a: Ursaluna|Bulk Up|p2a: Ursaluna
|-boost|p2a: Ursaluna|atk|1
|-boost|p2a: Ursaluna|def|1
|
|-weather|Snowscape|[upkeep]
|-end|p1a: Moltres|move: Future Sight
|-damage|p1a: Moltres|52/100
|-heal|p2a: Ursaluna|82/100|[from] item: Leftovers
|upkeep
|turn|13
|
|t:|1758957660
|move|p2a: Ursaluna|Ice Punch|p1a: Moltres
|-damage|p1a: Moltres|27/100
|-status|p1a: Moltres|frz
|-status|p2a: Ursaluna|brn|[from] ability: Flame Body|[of] p1a: Moltres
|-curestatus|p1a: Moltres|frz|[msg]
|move|p1a: Moltres|Roar|p2a: Ursaluna
|drag|p2a: Great Tusk|Great Tusk|100/100
|-damage|p2a: Great Tusk|98/100|[from] Stealth Rock
|
|-weather|Snowscape|[upkeep]
|upkeep
|turn|14
|inactive|QwertyTurdy has 90 seconds left.
|
|t:|1758957675
|move|p2a: Great Tusk|Rapid Spin|p1a: Moltres
|-damage|p1a: Moltres|14/100
|-boost|p2a: Great Tusk|spe|1
|-sideend|p2: QwertyTurdy|Stealth Rock|[from] move: Rapid Spin|[of] p2a: Great Tusk
|move|p1a: Moltres|Roost|p1a: Moltres
|-heal|p1a: Moltres|64/100
|-singleturn|p1a: Moltres|move: Roost
|
|-weather|Snowscape|[upkeep]
|upkeep
|turn|15
|
|t:|1758957685
|move|p2a: Great Tusk|Stealth Rock|p1a: Moltres
|-sidestart|p1: lerendezvous|move: Stealth Rock
|move|p1a: Moltres|Flamethrower|p2a: Great Tusk
|-damage|p2a: Great Tusk|41/100
|
|-weather|none
|upkeep
|turn|16
|
|t:|1758957693
|-end|p2a: Great Tusk|Protosynthesis|[silent]
|switch|p2a: Slowking|Slowking-Galar, F|92/100 brn
|move|p1a: Moltres|Flamethrower|p2a: Slowking
|-damage|p2a: Slowking|60/100 brn
|
|-damage|p2a: Slowking|54/100 brn|[from] brn
|upkeep
|turn|17
|
|t:|1758957711
|move|p1a: Moltres|Roost|p1a: Moltres
|-heal|p1a: Moltres|100/100
|-singleturn|p1a: Moltres|move: Roost
|move|p2a: Slowking|Sludge Bomb|p1a: Moltres
|-damage|p1a: Moltres|64/100
|
|-damage|p2a: Slowking|47/100 brn|[from] brn
|upkeep
|turn|18
|
|t:|1758957717
|switch|p2a: Moltres|Moltres|83/100
|move|p1a: Moltres|Roost|p1a: Moltres
|-heal|p1a: Moltres|100/100
|-singleturn|p1a: Moltres|move: Roost
|
|upkeep
|turn|19
|
|t:|1758957727
|move|p1a: Moltres|Flamethrower|p2a: Moltres
|-resisted|p2a: Moltres
|-damage|p2a: Moltres|63/100
|move|p2a: Moltres|U-turn|p1a: Moltres
|-resisted|p1a: Moltres
|-damage|p1a: Moltres|98/100
|
|t:|1758957742
|switch|p2a: Slowking|Slowking-Galar, F|81/100 brn|[from] U-turn
|
|-damage|p2a: Slowking|75/100 brn|[from] brn
|upkeep
|turn|20
|
|t:|1758957750
|-terastallize|p2a: Slowking|Water
|move|p2a: Slowking|Future Sight|p1a: Moltres
|-start|p2a: Slowking|move: Future Sight
|move|p1a: Moltres|Roar|p2a: Slowking
|drag|p2a: Meowscarada|Meowscarada, F|100/100
|
|upkeep
|turn|21
|
|t:|1758957767
|move|p2a: Meowscarada|Knock Off|p1a: Moltres
|-damage|p1a: Moltres|66/100
|-enditem|p1a: Moltres|Heavy-Duty Boots|[from] move: Knock Off|[of] p2a: Meowscarada
|move|p1a: Moltres|U-turn|p2a: Meowscarada
|-supereffective|p2a: Meowscarada
|-damage|p2a: Meowscarada|2/100
|
|t:|1758957776
|switch|p1a: Kingambit|Kingambit, F|100/100|[from] U-turn
|-damage|p1a: Kingambit|94/100|[from] Stealth Rock
|-activate|p1a: Kingambit|ability: Supreme Overlord
|-start|p1a: Kingambit|fallen1|[silent]
|
|-heal|p1a: Kingambit|100/100|[from] item: Leftovers
|upkeep
|turn|22
|inactive|QwertyTurdy has 90 seconds left.
|
|t:|1758957798
|switch|p2a: Moltres|Moltres|63/100
|move|p1a: Kingambit|Swords Dance|p1a: Kingambit
|-boost|p1a: Kingambit|atk|2
|
|-end|p1a: Kingambit|move: Future Sight
|-immune|p1a: Kingambit
|upkeep
|turn|23
|inactive|QwertyTurdy has 90 seconds left.
|
|t:|1758957809
|-end|p1a: Kingambit|fallen1|[silent]
|switch|p1a: Slowking|Slowking-Galar, F|100/100
|-damage|p1a: Slowking|88/100|[from] Stealth Rock
|move|p2a: Moltres|Flamethrower|p1a: Slowking
|-damage|p1a: Slowking|68/100
|
|upkeep
|turn|24
|
|t:|1758957815
|switch|p1a: Great Tusk|Great Tusk|100/100
|-damage|p1a: Great Tusk|98/100|[from] Stealth Rock
|move|p2a: Moltres|U-turn|p1a: Great Tusk
|-resisted|p1a: Great Tusk
|-damage|p1a: Great Tusk|92/100
|-damage|p2a: Moltres|46/100|[from] item: Rocky Helmet|[of] p1a: Great Tusk
|
|t:|1758957827
|switch|p2a: Meowscarada|Meowscarada, F|2/100|[from] U-turn
|
|upkeep
|turn|25
|
|t:|1758957831
|-end|p1a: Great Tusk|Protosynthesis|[silent]
|switch|p1a: Kingambit|Kingambit, F|100/100
|-damage|p1a: Kingambit|94/100|[from] Stealth Rock
|-activate|p1a: Kingambit|ability: Supreme Overlord
|-start|p1a: Kingambit|fallen1|[silent]
|move|p2a: Meowscarada|Flower Trick|p1a: Kingambit
|-resisted|p1a: Kingambit
|-crit|p1a: Kingambit
|-damage|p1a: Kingambit|65/100
|
|-heal|p1a: Kingambit|71/100|[from] item: Leftovers
|upkeep
|turn|26
|
|t:|1758957839
|switch|p2a: Moltres|Moltres|46/100
|-end|p1a: Kingambit|fallen1|[silent]
|switch|p1a: Slowking|Slowking-Galar, F|100/100
|-damage|p1a: Slowking|88/100|[from] Stealth Rock
|
|upkeep
|turn|27
|
|t:|1758957845
|move|p2a: Moltres|Roost|p2a: Moltres
|-heal|p2a: Moltres|97/100
|-singleturn|p2a: Moltres|move: Roost
|move|p1a: Slowking|Sludge Bomb|p2a: Moltres
|-damage|p2a: Moltres|51/100
|-status|p2a: Moltres|psn
|
|-damage|p2a: Moltres|39/100 psn|[from] psn
|upkeep
|turn|28
|inactive|QwertyTurdy has 120 seconds left.
|
|t:|1758957854
|move|p2a: Moltres|U-turn|p1a: Slowking
|-damage|p1a: Slowking|74/100
|
|t:|1758957858
|switch|p2a: Ursaluna|Ursaluna, F|82/100 brn|[from] U-turn
|move|p1a: Slowking|Sludge Bomb|p2a: Ursaluna
|-resisted|p2a: Ursaluna
|-damage|p2a: Ursaluna|69/100 brn
|
|-heal|p2a: Ursaluna|75/100 brn|[from] item: Leftovers
|-damage|p2a: Ursaluna|69/100 brn|[from] brn
|upkeep
|turn|29
|
|t:|1758957868
|switch|p1a: Great Tusk|Great Tusk|92/100
|-damage|p1a: Great Tusk|89/100|[from] Stealth Rock
|move|p2a: Ursaluna|Earthquake|p1a: Great Tusk
|-crit|p1a: Great Tusk
|-damage|p1a: Great Tusk|9/100
|
|-heal|p2a: Ursaluna|75/100 brn|[from] item: Leftovers
|-damage|p2a: Ursaluna|69/100 brn|[from] brn
|upkeep
|turn|30
|
|t:|1758957882
|switch|p2a: Moltres|Moltres|39/100 psn
|move|p1a: Great Tusk|Headlong Rush|p2a: Moltres
|-immune|p2a: Moltres
|
|-damage|p2a: Moltres|26/100 psn|[from] psn
|upkeep
|turn|31
|
|t:|1758957889
|move|p1a: Great Tusk|Stealth Rock|p2a: Moltres
|-sidestart|p2: QwertyTurdy|move: Stealth Rock
|move|p2a: Moltres|Roost|p2a: Moltres
|-heal|p2a: Moltres|76/100 psn
|-singleturn|p2a: Moltres|move: Roost
|
|-damage|p2a: Moltres|64/100 psn|[from] psn
|upkeep
|turn|32
|
|t:|1758957894
|move|p1a: Great Tusk|Rapid Spin|p2a: Moltres
|-damage|p2a: Moltres|52/100 psn
|-boost|p1a: Great Tusk|spe|1
|-sideend|p1: lerendezvous|Stealth Rock|[from] move: Rapid Spin|[of] p1a: Great Tusk
|move|p2a: Moltres|Roost|p2a: Moltres
|-heal|p2a: Moltres|100/100 psn
|-singleturn|p2a: Moltres|move: Roost
|
|-damage|p2a: Moltres|88/100 psn|[from] psn
|upkeep
|turn|33
|
|t:|1758957899
|-end|p1a: Great Tusk|Protosynthesis|[silent]
|switch|p1a: Slowking|Slowking-Galar, F|100/100
|move|p2a: Moltres|Flamethrower|p1a: Slowking
|-damage|p1a: Slowking|81/100
|
|-damage|p2a: Moltres|76/100 psn|[from] psn
|upkeep
|turn|34
|
|t:|1758957907
|move|p2a: Moltres|U-turn|p1a: Slowking
|-damage|p1a: Slowking|66/100
|
|t:|1758957916
|switch|p2a: Gholdengo|Gholdengo|100/100|[from] U-turn
|-damage|p2a: Gholdengo|94/100|[from] Stealth Rock
|move|p1a: Slowking|Ice Beam|p2a: Gholdengo
|-resisted|p2a: Gholdengo
|-damage|p2a: Gholdengo|79/100
|
|upkeep
|turn|35
|
|t:|1758957931
|move|p2a: Gholdengo|Focus Blast|p1a: Slowking|[miss]
|-miss|p2a: Gholdengo|p1a: Slowking
|move|p1a: Slowking|Flamethrower|p2a: Gholdengo
|-supereffective|p2a: Gholdengo
|-damage|p2a: Gholdengo|12/100
|
|upkeep
|turn|36
|
|t:|1758957939
|switch|p2a: Ursaluna|Ursaluna, F|69/100 brn
|-damage|p2a: Ursaluna|63/100 brn|[from] Stealth Rock
|move|p1a: Slowking|Ice Beam|p2a: Ursaluna
|-supereffective|p2a: Ursaluna
|-damage|p2a: Ursaluna|29/100 brn
|
|-heal|p2a: Ursaluna|35/100 brn|[from] item: Leftovers
|-damage|p2a: Ursaluna|29/100 brn|[from] brn
|upkeep
|turn|37
|
|t:|1758957949
|switch|p1a: Great Tusk|Great Tusk|9/100
|move|p2a: Ursaluna|Ice Punch|p1a: Great Tusk
|-supereffective|p1a: Great Tusk
|-damage|p1a: Great Tusk|0 fnt
|-damage|p2a: Ursaluna|13/100 brn|[from] item: Rocky Helmet|[of] p1a: Great Tusk
|faint|p1a: Great Tusk
|-end|p1a: Great Tusk|Protosynthesis|[silent]
|
|-heal|p2a: Ursaluna|19/100 brn|[from] item: Leftovers
|-damage|p2a: Ursaluna|13/100 brn|[from] brn
|upkeep
|
|t:|1758957954
|switch|p1a: Moltres|Moltres|66/100
|turn|38
|
|t:|1758957976
|move|p1a: Moltres|Flamethrower|p2a: Ursaluna
|-damage|p2a: Ursaluna|0 fnt
|faint|p2a: Ursaluna
|
|upkeep
|
|t:|1758957988
|switch|p2a: Slowking|Slowking-Galar, F, tera:Water|100/100 brn
|turn|39
|
|t:|1758957996
|move|p1a: Moltres|Roost|p1a: Moltres
|-heal|p1a: Moltres|100/100
|-singleturn|p1a: Moltres|move: Roost
|-prepare|p2a: Slowking|Chilly Reception|[premajor]
|move|p2a: Slowking|Chilly Reception|p2a: Slowking
|-weather|Snowscape
|
|t:|1758958007
|switch|p2a: Meowscarada|Meowscarada, F|2/100|[from] Chilly Reception
|
|-weather|Snowscape|[upkeep]
|upkeep
|turn|40
|
|t:|1758958011
|switch|p2a: Slowking|Slowking-Galar, F, tera:Water|100/100 brn
|move|p1a: Moltres|Flamethrower|p2a: Slowking
|-resisted|p2a: Slowking
|-damage|p2a: Slowking|85/100 brn
|
|-weather|Snowscape|[upkeep]
|-damage|p2a: Slowking|78/100 brn|[from] brn
|upkeep
|turn|41
|
|t:|1758958016
|move|p1a: Moltres|Flamethrower|p2a: Slowking
|-resisted|p2a: Slowking
|-damage|p2a: Slowking|63/100 brn
|move|p2a: Slowking|Sludge Bomb|p1a: Moltres
|-damage|p1a: Moltres|67/100
|-status|p1a: Moltres|psn
|
|-weather|Snowscape|[upkeep]
|-damage|p1a: Moltres|55/100 psn|[from] psn
|-damage|p2a: Slowking|57/100 brn|[from] brn
|upkeep
|turn|42
|
|t:|1758958022
|move|p1a: Moltres|Roost|p1a: Moltres
|-heal|p1a: Moltres|100/100 psn
|-singleturn|p1a: Moltres|move: Roost
|move|p2a: Slowking|Future Sight|p1a: Moltres
|-start|p2a: Slowking|move: Future Sight
|
|-weather|Snowscape|[upkeep]
|-damage|p1a: Moltres|88/100 psn|[from] psn
|-damage|p2a: Slowking|51/100 brn|[from] brn
|upkeep
|turn|43
|
|t:|1758958028
|move|p1a: Moltres|Flamethrower|p2a: Slowking
|-resisted|p2a: Slowking
|-damage|p2a: Slowking|37/100 brn
|-prepare|p2a: Slowking|Chilly Reception|[premajor]
|move|p2a: Slowking|Chilly Reception|p2a: Slowking
|inactive|QwertyTurdy has 120 seconds left.
|
|t:|1758958060
|switch|p2a: Moltres|Moltres|76/100 psn|[from] Chilly Reception
|
|-weather|none
|-damage|p1a: Moltres|76/100 psn|[from] psn
|-damage|p2a: Moltres|64/100 psn|[from] psn
|upkeep
|turn|44
|inactive|QwertyTurdy has 120 seconds left.
|
|t:|1758958071
|switch|p1a: Slowking|Slowking-Galar, F|99/100
|move|p2a: Moltres|Flamethrower|p1a: Slowking
|-damage|p1a: Slowking|81/100
|-status|p1a: Slowking|brn
|
|-end|p1a: Slowking|move: Future Sight
|-damage|p1a: Slowking|59/100 brn
|-damage|p2a: Moltres|51/100 psn|[from] psn
|-damage|p1a: Slowking|53/100 brn|[from] brn
|upkeep
|turn|45
|inactive|QwertyTurdy has 120 seconds left.
|
|t:|1758958082
|switch|p1a: Dragapult|Dragapult, M|100/100
|move|p2a: Moltres|Roar|p1a: Dragapult
|drag|p1a: Moltres|Moltres|76/100 psn
|
|-damage|p1a: Moltres|64/100 psn|[from] psn
|-damage|p2a: Moltres|39/100 psn|[from] psn
|upkeep
|turn|46
|
|t:|1758958089
|move|p2a: Moltres|Roost|p2a: Moltres
|-heal|p2a: Moltres|89/100 psn
|-singleturn|p2a: Moltres|move: Roost
|move|p1a: Moltres|U-turn|p2a: Moltres
|-resisted|p2a: Moltres
|-damage|p2a: Moltres|84/100 psn
|
|t:|1758958094
|switch|p1a: Dragapult|Dragapult, M|100/100|[from] U-turn
|
|-damage|p2a: Moltres|72/100 psn|[from] psn
|upkeep
|turn|47
|
|t:|1758958107
|switch|p2a: Great Tusk|Great Tusk|41/100
|-damage|p2a: Great Tusk|38/100|[from] Stealth Rock
|move|p1a: Dragapult|Hex|p2a: Great Tusk
|-damage|p2a: Great Tusk|0 fnt
|faint|p2a: Great Tusk
|-end|p2a: Great Tusk|Protosynthesis|[silent]
|
|upkeep
|
|t:|1758958119
|switch|p2a: Gholdengo|Gholdengo|12/100
|-damage|p2a: Gholdengo|6/100|[from] Stealth Rock
|turn|48
|
|t:|1758958125
|switch|p1a: Slowking|Slowking-Galar, F|86/100 brn
|move|p2a: Gholdengo|Shadow Ball|p1a: Slowking
|-supereffective|p1a: Slowking
|-damage|p1a: Slowking|41/100 brn
|
|-damage|p1a: Slowking|35/100 brn|[from] brn
|upkeep
|turn|49
|
|t:|1758958132
|switch|p1a: Kingambit|Kingambit, F|71/100
|-activate|p1a: Kingambit|ability: Supreme Overlord
|-start|p1a: Kingambit|fallen2|[silent]
|move|p2a: Gholdengo|Shadow Ball|p1a: Kingambit
|-resisted|p1a: Kingambit
|-damage|p1a: Kingambit|47/100
|-unboost|p1a: Kingambit|spd|1
|
|-heal|p1a: Kingambit|54/100|[from] item: Leftovers
|upkeep
|turn|50
|
|t:|1758958137
|move|p1a: Kingambit|Sucker Punch|p2a: Gholdengo
|-supereffective|p2a: Gholdengo
|-damage|p2a: Gholdengo|0 fnt
|faint|p2a: Gholdengo
|
|-heal|p1a: Kingambit|60/100|[from] item: Leftovers
|upkeep
|
|t:|1758958146
|switch|p2a: Moltres|Moltres|72/100 psn
|turn|51
|
|t:|1758958150
|-end|p1a: Kingambit|fallen2|[silent]
|switch|p1a: Dragapult|Dragapult, M|100/100
|move|p2a: Moltres|U-turn|p1a: Dragapult
|-resisted|p1a: Dragapult
|-damage|p1a: Dragapult|90/100
|
|t:|1758958156
|switch|p2a: Slowking|Slowking-Galar, F, tera:Water|70/100 brn|[from] U-turn
|
|-damage|p2a: Slowking|64/100 brn|[from] brn
|upkeep
|turn|52
|-message|QwertyTurdy forfeited.
|
|win|lerendezvous
|raw|lerendezvous's rating: 1656 &rarr; <strong>1669</strong><br />(+13 for winning)
|raw|QwertyTurdy's rating: 1520 &rarr; <strong>1507</strong><br />(-13 for losing)
