|j|☆CosmicMD
|j|☆TheTheyThemler
|t:|1759009533
|gametype|singles
|player|p1|CosmicMD|colress|1260
|player|p2|TheTheyThemler|n|1274
|gen|9
|tier|[Gen 9] OU
|rated|
|rule|HP Percentage Mod: HP is shown in percentages
|rule|Endless Battle Clause: Forcing endless battles is banned
|rule|Species Clause: Limit one of each Pokémon
|rule|OHKO Clause: OHKO moves are banned
|rule|Evasion Items Clause: Evasion items are banned
|rule|Evasion Moves Clause: Evasion moves are banned
|rule|Evasion Abilities Clause: Evasion abilities are banned
|rule|Sleep Moves Clause: Sleep-inducing moves are banned
|clearpoke
|poke|p1|Great Tusk|
|poke|p1|Alomomola, F|
|poke|p1|Meowscarada, M|
|poke|p1|Iron Hands|
|poke|p1|Slowking-Galar, F|
|poke|p1|Iron Valiant|
|poke|p2|Charjabug, F|
|poke|p2|Ceruledge, F|
|poke|p2|Gholdengo|
|poke|p2|Umbreon, F|
|poke|p2|Great Tusk|
|poke|p2|Kyurem|
|teampreview
|c|☆CosmicMD|glh
|c|☆CosmicMD|glhf
|inactive|Battle timer is ON: inactive players will automatically lose when time's up. (requested by CosmicMD)
|
|t:|1759009554
|teamsize|p1|6
|teamsize|p2|6
|start
|switch|p1a: Meowscarada|Meowscarada, M|100/100
|switch|p2a: 🚍|Charjabug, F, shiny|100/100
|turn|1
|inactive|TheTheyThemler has 120 seconds left.
|
|t:|1759009600
|move|p1a: Meowscarada|U-turn|p2a: 🚍
|-start|p1a: Meowscarada|typechange|Bug|[from] ability: Protean
|-damage|p2a: 🚍|82/100
|
|t:|1759009609
|switch|p1a: Iron Hands|Iron Hands|100/100|[from] U-turn
|move|p2a: 🚍|Lunge|p1a: Iron Hands
|-resisted|p1a: Iron Hands
|-damage|p1a: Iron Hands|93/100
|-unboost|p1a: Iron Hands|atk|1
|
|upkeep
|turn|2
|
|t:|1759009632
|move|p1a: Iron Hands|Volt Switch|p2a: 🚍
|-resisted|p2a: 🚍
|-damage|p2a: 🚍|75/100
|
|t:|1759009636
|-end|p1a: Iron Hands|Quark Drive|[silent]
|switch|p1a: Great Tusk|Great Tusk|100/100|[from] Volt Switch
|move|p2a: 🚍|Sticky Web|p1a: Great Tusk
|-sidestart|p1: CosmicMD|move: Sticky Web
|
|upkeep
|turn|3
|
|t:|1759009647
|move|p1a: Great Tusk|Rapid Spin|p2a: 🚍
|-damage|p2a: 🚍|64/100
|-boost|p1a: Great Tusk|spe|1
|-sideend|p1: CosmicMD|Sticky Web|[from] move: Rapid Spin|[of] p1a: Great Tusk
|move|p2a: 🚍|Lunge|p1a: Great Tusk
|-resisted|p1a: Great Tusk
|-damage|p1a: Great Tusk|93/100
|-unboost|p1a: Great Tusk|atk|1
|
|upkeep
|turn|4
|
|t:|1759009650
|move|p1a: Great Tusk|Headlong Rush|p2a: 🚍
|-damage|p2a: 🚍|41/100
|-unboost|p1a: Great Tusk|def|1
|-unboost|p1a: Great Tusk|spd|1
|move|p2a: 🚍|Sticky Web|p1a: Great Tusk
|-sidestart|p1: CosmicMD|move: Sticky Web
|
|upkeep
|turn|5
|inactive|TheTheyThemler has 120 seconds left.
|
|t:|1759009660
|switch|p2a: 🎩|Gholdengo|100/100
|move|p1a: Great Tusk|Rapid Spin|p2a: 🎩
|-immune|p2a: 🎩
|
|upkeep
|turn|6
|inactive|TheTheyThemler has 120 seconds left.
|
|t:|1759009666
|-end|p1a: Great Tusk|Protosynthesis|[silent]
|switch|p1a: Slowking|Slowking-Galar, F|100/100
|move|p2a: 🎩|Dazzling Gleam|p1a: Slowking
|-resisted|p1a: Slowking
|-damage|p1a: Slowking|93/100
|
|upkeep
|turn|7
|inactive|CosmicMD has 120 seconds left.
|
|t:|1759009720
|move|p2a: 🎩|Thunder Wave|p1a: Slowking
|-status|p1a: Slowking|par
|-prepare|p1a: Slowking|Chilly Reception|[premajor]
|move|p1a: Slowking|Chilly Reception|p1a: Slowking
|-weather|Snowscape
|
|t:|1759009728
|switch|p1a: Meowscarada|Meowscarada, M|100/100|[from] Chilly Reception
|-activate|p1a: Meowscarada|move: Sticky Web
|-unboost|p1a: Meowscarada|spe|1
|
|-weather|Snowscape|[upkeep]
|upkeep
|turn|8
|
|t:|1759009748
|move|p1a: Meowscarada|Knock Off|p2a: 🎩
|-start|p1a: Meowscarada|typechange|Dark|[from] ability: Protean
|-supereffective|p2a: 🎩
|-damage|p2a: 🎩|0 fnt
|-enditem|p2a: 🎩|Leftovers|[from] move: Knock Off|[of] p1a: Meowscarada
|faint|p2a: 🎩
|
|-weather|Snowscape|[upkeep]
|upkeep
|
|t:|1759009761
|switch|p2a: 🚍|Charjabug, F, shiny|41/100
|turn|9
|inactive|TheTheyThemler has 120 seconds left.
|
|t:|1759009779
|move|p1a: Meowscarada|Knock Off|p2a: 🚍
|-damage|p2a: 🚍|16/100
|-enditem|p2a: 🚍|Eviolite|[from] move: Knock Off|[of] p1a: Meowscarada
|move|p2a: 🚍|Lunge|p1a: Meowscarada
|-supereffective|p1a: Meowscarada
|-damage|p1a: Meowscarada|25/100
|-unboost|p1a: Meowscarada|atk|1
|
|-weather|Snowscape|[upkeep]
|upkeep
|turn|10
|
|t:|1759009785
|move|p1a: Meowscarada|Knock Off|p2a: 🚍
|-damage|p2a: 🚍|0 fnt
|faint|p2a: 🚍
|
|-weather|Snowscape|[upkeep]
|upkeep
|inactive|TheTheyThemler has 120 seconds left.
|
|t:|1759009797
|switch|p2a: 🐘|Great Tusk, shiny|100/100
|turn|11
|
|t:|1759009802
|switch|p1a: Great Tusk|Great Tusk|93/100
|move|p2a: 🐘|Rapid Spin|p1a: Great Tusk
|-damage|p1a: Great Tusk|83/100
|-boost|p2a: 🐘|spe|1
|
|-weather|none
|upkeep
|turn|12
|
|t:|1759009814
|-end|p2a: 🐘|Protosynthesis|[silent]
|switch|p2a: ⚔️|Ceruledge, F, shiny|100/100
|move|p1a: Great Tusk|Stone Edge|p2a: ⚔️
|-supereffective|p2a: ⚔️
|-damage|p2a: ⚔️|0 fnt
|faint|p2a: ⚔️
|
|upkeep
|
|t:|1759009819
|switch|p2a: 🧣|Kyurem, shiny|100/100
|-ability|p2a: 🧣|Pressure
|turn|13
|
|t:|1759009826
|-end|p1a: Great Tusk|Protosynthesis|[silent]
|switch|p1a: Slowking|Slowking-Galar, F|100/100 par
|move|p2a: 🧣|Freeze-Dry|p1a: Slowking
|-damage|p1a: Slowking|77/100 par
|
|upkeep
|turn|14
|inactive|TheTheyThemler has 120 seconds left.
|l|☆TheTheyThemler
|inactive|TheTheyThemler disconnected and has a minute to reconnect!
|player|p2|
|inactive|TheTheyThemler has 30 seconds to reconnect!
|j|☆TheTheyThemler
|inactive|TheTheyThemler reconnected and has 80 seconds left.
|player|p2|TheTheyThemler|n|
|inactive|TheTheyThemler has 60 seconds left.
|inactive|TheTheyThemler has 30 seconds left.
|
|t:|1759009952
|move|p2a: 🧣|Earth Power|p1a: Slowking
|-supereffective|p1a: Slowking
|-damage|p1a: Slowking|32/100 par
|move|p1a: Slowking|Future Sight|p2a: 🧣
|-start|p1a: Slowking|move: Future Sight
|
|upkeep
|turn|15
|inactive|TheTheyThemler has 30 seconds left.
|
|t:|1759009969
|switch|p1a: Meowscarada|Meowscarada, M|25/100
|-activate|p1a: Meowscarada|move: Sticky Web
|-unboost|p1a: Meowscarada|spe|1
|move|p2a: 🧣|Earth Power|p1a: Meowscarada
|-resisted|p1a: Meowscarada
|-damage|p1a: Meowscarada|0 fnt
|faint|p1a: Meowscarada
|
|upkeep
|
|t:|1759009975
|switch|p1a: Iron Hands|Iron Hands|93/100
|-activate|p1a: Iron Hands|move: Sticky Web
|-unboost|p1a: Iron Hands|spe|1
|turn|16
|inactive|TheTheyThemler has 30 seconds left.
|
|t:|1759009990
|switch|p2a: 🐘|Great Tusk, shiny|100/100
|move|p1a: Iron Hands|Close Combat|p2a: 🐘
|-damage|p2a: 🐘|59/100
|-unboost|p1a: Iron Hands|def|1
|-unboost|p1a: Iron Hands|spd|1
|
|-end|p2a: 🐘|move: Future Sight
|-supereffective|p2a: 🐘
|-damage|p2a: 🐘|0 fnt
|faint|p2a: 🐘
|-end|p2a: 🐘|Protosynthesis|[silent]
|upkeep
|inactive|TheTheyThemler has 30 seconds left.
|inactive|TheTheyThemler has 20 seconds left.
|inactive|TheTheyThemler has 15 seconds left.
|inactive|TheTheyThemler has 10 seconds left.
|
|t:|1759010017
|switch|p2a: 🧣|Kyurem, shiny|100/100
|-ability|p2a: 🧣|Pressure
|turn|17
|inactive|TheTheyThemler has 20 seconds left this turn.
|inactive|TheTheyThemler has 15 seconds left.
|inactive|CosmicMD has 120 seconds left.
|inactive|CosmicMD has 90 seconds left.
|inactive|CosmicMD has 60 seconds left.
|l|☆CosmicMD
|inactive|CosmicMD disconnected and has a minute to reconnect!
|player|p1|
|inactive|CosmicMD has 30 seconds left.
|inactive|CosmicMD has 20 seconds left.
|inactive|CosmicMD has 15 seconds left.
|inactive|CosmicMD has 10 seconds left.
|inactive|CosmicMD has 5 seconds left.
|-message|CosmicMD lost due to inactivity.
|
|win|TheTheyThemler
|raw|CosmicMD's rating: 1260 &rarr; <strong>1236</strong><br />(-24 for losing)
|raw|TheTheyThemler's rating: 1274 &rarr; <strong>1298</strong><br />(+24 for winning)
|l|☆TheTheyThemler
|player|p2|
