|j|☆kocizna
|j|☆zybgyb
|t:|1758968077
|gametype|singles
|player|p1|kocizna|170|
|player|p2|zybgyb|riley|
|gen|9
|tier|[Gen 9] OU
|rule|HP Percentage Mod: HP is shown in percentages
|rule|Endless Battle Clause: Forcing endless battles is banned
|rule|Species Clause: Limit one of each Pokémon
|rule|OHKO Clause: OHKO moves are banned
|rule|Evasion Items Clause: Evasion items are banned
|rule|Evasion Moves Clause: Evasion moves are banned
|rule|Evasion Abilities Clause: Evasion abilities are banned
|rule|Sleep Moves Clause: Sleep-inducing moves are banned
|clearpoke
|poke|p1|Gholdengo|
|poke|p1|Slowking, M|
|poke|p1|Charizard, M|
|poke|p1|Samurott-Hisui, F|
|poke|p1|Gengar, M|
|poke|p1|Ogerpon-Cornerstone, F|
|poke|p2|Houndoom, F|
|poke|p2|Latias, F|
|poke|p2|Ogerpon-Wellspring, F|
|poke|p2|Gholdengo|
|poke|p2|Iron Treads|
|poke|p2|Zapdos|
|teampreview
|inactive|Battle timer is ON: inactive players will automatically lose when time's up. (requested by kocizna)
|inactive|zybgyb also wants the timer to be on.
|
|t:|1758968085
|teamsize|p1|6
|teamsize|p2|6
|start
|switch|p1a: Cheze|Gholdengo, shiny|100/100
|switch|p2a: Water drinker|Ogerpon-Wellspring, F|100/100
|turn|1
|
|t:|1758968094
|move|p2a: Water drinker|Swords Dance|p2a: Water drinker
|-boost|p2a: Water drinker|atk|2
|move|p1a: Cheze|Make It Rain|p2a: Water drinker
|-resisted|p2a: Water drinker
|-damage|p2a: Water drinker|54/100
|-unboost|p1a: Cheze|spa|1
|
|upkeep
|turn|2
|
|t:|1758968100
|move|p2a: Water drinker|Ivy Cudgel|p1a: Cheze|[anim] Ivy Cudgel Water
|-damage|p1a: Cheze|0 fnt
|faint|p1a: Cheze
|
|upkeep
|
|t:|1758968103
|switch|p1a: Ogerpon|Ogerpon-Cornerstone, F|100/100
|turn|3
|
|t:|1758968107
|move|p2a: Water drinker|Play Rough|p1a: Ogerpon
|-damage|p1a: Ogerpon|6/100
|move|p1a: Ogerpon|Ivy Cudgel|p2a: Water drinker|[anim] Ivy Cudgel Rock
|-damage|p2a: Water drinker|0 fnt
|faint|p2a: Water drinker
|
|upkeep
|
|t:|1758968118
|switch|p2a: Zapdos|Zapdos, shiny|100/100
|turn|4
|
|t:|1758968127
|-terastallize|p2a: Zapdos|Water
|move|p1a: Ogerpon|Ivy Cudgel|p2a: Zapdos|[anim] Ivy Cudgel Rock
|-damage|p2a: Zapdos|34/100
|move|p2a: Zapdos|U-turn|p1a: Ogerpon
|-supereffective|p1a: Ogerpon
|-damage|p1a: Ogerpon|0 fnt
|faint|p1a: Ogerpon
|
|t:|1758968134
|switch|p2a: THE GOAT|Houndoom, F|100/100|[from] U-turn
|
|upkeep
|
|t:|1758968144
|switch|p1a: Samurott|Samurott-Hisui, F, shiny|100/100
|turn|5
|
|t:|1758968152
|move|p2a: THE GOAT|Destiny Bond|p2a: THE GOAT
|-singlemove|p2a: THE GOAT|Destiny Bond
|move|p1a: Samurott|Ceaseless Edge|p2a: THE GOAT
|-resisted|p2a: THE GOAT
|-damage|p2a: THE GOAT|62/100
|-sidestart|p2: zybgyb|Spikes
|
|upkeep
|turn|6
|
|t:|1758968164
|switch|p2a: No spikes?|Iron Treads|100/100
|-damage|p2a: No spikes?|88/100|[from] Spikes
|-enditem|p2a: No spikes?|Booster Energy
|-activate|p2a: No spikes?|ability: Quark Drive|[fromitem]
|-start|p2a: No spikes?|quarkdrivespe
|move|p1a: Samurott|Ceaseless Edge|p2a: No spikes?
|-damage|p2a: No spikes?|52/100
|-sidestart|p2: zybgyb|Spikes
|
|upkeep
|turn|7
|
|t:|1758968170
|move|p1a: Samurott|Protect|p1a: Samurott
|-singleturn|p1a: Samurott|Protect
|move|p2a: No spikes?|Rapid Spin|p1a: Samurott
|-activate|p1a: Samurott|move: Protect
|
|upkeep
|turn|8
|
|t:|1758968174
|switch|p1a: Gengar|Gengar, M, shiny|100/100
|move|p2a: No spikes?|Rapid Spin|p1a: Gengar
|-immune|p1a: Gengar
|
|upkeep
|turn|9
|
|t:|1758968179
|move|p2a: No spikes?|Earthquake|p1a: Gengar
|-supereffective|p1a: Gengar
|-enditem|p1a: Gengar|Focus Sash
|-damage|p1a: Gengar|1/100
|-start|p2a: No spikes?|Disable|Earthquake|[from] ability: Cursed Body|[of] p1a: Gengar
|move|p1a: Gengar|Knock Off|p2a: No spikes?
|-crit|p2a: No spikes?
|-damage|p2a: No spikes?|31/100
|
|upkeep
|turn|10
|
|t:|1758968186
|move|p2a: No spikes?|Iron Head|p1a: Gengar
|-damage|p1a: Gengar|0 fnt
|faint|p1a: Gengar
|
|upkeep
|
|t:|1758968191
|switch|p1a: Samurott|Samurott-Hisui, F, shiny|100/100
|turn|11
|
|t:|1758968196
|move|p2a: No spikes?|Rapid Spin|p1a: Samurott
|-damage|p1a: Samurott|85/100
|-boost|p2a: No spikes?|spe|1
|-sideend|p2: zybgyb|Spikes|[from] move: Rapid Spin|[of] p2a: No spikes?
|move|p1a: Samurott|Ceaseless Edge|p2a: No spikes?
|-damage|p2a: No spikes?|0 fnt
|-sidestart|p2: zybgyb|Spikes
|faint|p2a: No spikes?
|-end|p2a: No spikes?|Quark Drive|[silent]
|
|-heal|p1a: Samurott|91/100|[from] item: Leftovers
|upkeep
|
|t:|1758968203
|switch|p2a: THE GOAT|Houndoom, F|62/100
|-damage|p2a: THE GOAT|50/100|[from] Spikes
|turn|12
|
|t:|1758968206
|move|p1a: Samurott|Protect|p1a: Samurott
|-singleturn|p1a: Samurott|Protect
|move|p2a: THE GOAT|Sludge Bomb|p1a: Samurott
|-activate|p1a: Samurott|move: Protect
|
|-heal|p1a: Samurott|98/100|[from] item: Leftovers
|upkeep
|turn|13
|
|t:|1758968214
|move|p2a: THE GOAT|Sludge Bomb|p1a: Samurott
|-damage|p1a: Samurott|64/100
|move|p1a: Samurott|Flip Turn|p2a: THE GOAT
|-supereffective|p2a: THE GOAT
|-damage|p2a: THE GOAT|0 fnt
|faint|p2a: THE GOAT
|
|t:|1758968219
|switch|p1a: My brain|Slowking, M, shiny|100/100|[from] Flip Turn
|
|upkeep
|
|t:|1758968222
|switch|p2a: Just Latias|Latias, F|100/100
|turn|14
|
|t:|1758968226
|move|p2a: Just Latias|Calm Mind|p2a: Just Latias
|-boost|p2a: Just Latias|spa|1
|-boost|p2a: Just Latias|spd|1
|move|p1a: My brain|Shadow Ball|p2a: Just Latias
|-supereffective|p2a: Just Latias
|-damage|p2a: Just Latias|76/100
|
|-heal|p2a: Just Latias|82/100|[from] item: Leftovers
|upkeep
|turn|15
|
|t:|1758968233
|switch|p1a: Samurott|Samurott-Hisui, F, shiny|64/100
|move|p2a: Just Latias|Calm Mind|p2a: Just Latias
|-boost|p2a: Just Latias|spa|1
|-boost|p2a: Just Latias|spd|1
|
|-heal|p2a: Just Latias|88/100|[from] item: Leftovers
|-heal|p1a: Samurott|70/100|[from] item: Leftovers
|upkeep
|turn|16
|
|t:|1758968238
|move|p2a: Just Latias|Dragon Pulse|p1a: Samurott
|-crit|p1a: Samurott
|-damage|p1a: Samurott|0 fnt
|faint|p1a: Samurott
|
|-heal|p2a: Just Latias|94/100|[from] item: Leftovers
|upkeep
|
|t:|1758968241
|switch|p1a: Charizard|Charizard, M, shiny|100/100
|turn|17
|
|t:|1758968243
|-terastallize|p1a: Charizard|Fire
|move|p1a: Charizard|Fire Punch|p2a: Just Latias
|-resisted|p2a: Just Latias
|-damage|p2a: Just Latias|73/100
|move|p2a: Just Latias|Dragon Pulse|p1a: Charizard
|-damage|p1a: Charizard|0 fnt
|faint|p1a: Charizard
|
|-heal|p2a: Just Latias|79/100|[from] item: Leftovers
|upkeep
|
|t:|1758968247
|switch|p1a: My brain|Slowking, M, shiny|100/100
|turn|18
|
|t:|1758968249
|move|p2a: Just Latias|Dragon Pulse|p1a: My brain
|-damage|p1a: My brain|19/100
|move|p1a: My brain|Shadow Ball|p2a: Just Latias
|-supereffective|p2a: Just Latias
|-damage|p2a: Just Latias|60/100
|-unboost|p2a: Just Latias|spd|1
|
|-heal|p2a: Just Latias|66/100|[from] item: Leftovers
|-heal|p1a: My brain|25/100|[from] item: Leftovers
|upkeep
|turn|19
|
|t:|1758968254
|move|p2a: Just Latias|Dragon Pulse|p1a: My brain
|-damage|p1a: My brain|0 fnt
|faint|p1a: My brain
|
|win|zybgyb
