|j|☆SambucaNoMaiku
|j|☆jantio
|t:|1759058569
|gametype|singles
|player|p1|SambucaNoMaiku|hilbert-wonderlauncher|1212
|player|p2|jantio|lucas|1223
|gen|9
|tier|[Gen 9] OU
|rated|
|rule|HP Percentage Mod: HP is shown in percentages
|rule|Endless Battle Clause: Forcing endless battles is banned
|rule|Species Clause: Limit one of each Pokémon
|rule|OHKO Clause: OHKO moves are banned
|rule|Evasion Items Clause: Evasion items are banned
|rule|Evasion Moves Clause: Evasion moves are banned
|rule|Evasion Abilities Clause: Evasion abilities are banned
|rule|Sleep Moves Clause: Sleep-inducing moves are banned
|clearpoke
|poke|p1|Infernape, M|
|poke|p1|Decidueye, M|
|poke|p1|Arcanine, M|
|poke|p1|Ninetales-Alola, F|
|poke|p1|Zoroark-Hisui, M|
|poke|p1|Garchomp, M|
|poke|p2|Ribombee, F|
|poke|p2|Great Tusk|
|poke|p2|Gholdengo|
|poke|p2|Manaphy|
|poke|p2|Kingambit, F|
|poke|p2|Iron Valiant|
|teampreview
|inactive|Battle timer is ON: inactive players will automatically lose when time's up. (requested by jantio)
|
|t:|1759058598
|teamsize|p1|6
|teamsize|p2|6
|start
|switch|p1a: Ninetales|Ninetales-Alola, F|100/100
|switch|p2a: Gholdengo|Gholdengo|100/100
|-item|p2a: Gholdengo|Air Balloon
|turn|1
|
|t:|1759058623
|move|p1a: Ninetales|Nasty Plot|p1a: Ninetales
|-boost|p1a: Ninetales|spa|2
|move|p2a: Gholdengo|Make It Rain|p1a: Ninetales
|-enditem|p1a: Ninetales|Focus Sash
|-damage|p1a: Ninetales|1/100
|-unboost|p2a: Gholdengo|spa|1
|replace|p1a: Zoroark|Zoroark-Hisui, M, shiny
|-end|p1a: Zoroark|Illusion
|
|upkeep
|turn|2
|
|t:|1759058643
|switch|p2a: Ribombee|Ribombee, F|100/100
|move|p1a: Zoroark|Flamethrower|p2a: Ribombee
|-supereffective|p2a: Ribombee
|-enditem|p2a: Ribombee|Focus Sash
|-damage|p2a: Ribombee|1/100
|
|upkeep
|turn|3
|
|t:|1759058649
|move|p2a: Ribombee|Moonblast|p1a: Zoroark
|-damage|p1a: Zoroark|0 fnt
|faint|p1a: Zoroark
|
|upkeep
|
|t:|1759058651
|switch|p1a: mr.fava|Decidueye, M, shiny|100/100
|turn|4
|
|t:|1759058656
|move|p1a: mr.fava|Shadow Sneak|p2a: Ribombee
|-damage|p2a: Ribombee|0 fnt
|faint|p2a: Ribombee
|
|upkeep
|
|t:|1759058662
|switch|p2a: Kingambit|Kingambit, F|100/100
|-activate|p2a: Kingambit|ability: Supreme Overlord
|-start|p2a: Kingambit|fallen1|[silent]
|-item|p2a: Kingambit|Air Balloon
|turn|5
|
|t:|1759058676
|switch|p1a: Arcanine|Arcanine, M|100/100
|-ability|p1a: Arcanine|Intimidate|boost
|-unboost|p2a: Kingambit|atk|1
|move|p2a: Kingambit|Kowtow Cleave|p1a: Arcanine
|-damage|p1a: Arcanine|68/100
|
|upkeep
|turn|6
|
|t:|1759058690
|-end|p2a: Kingambit|fallen1|[silent]
|switch|p2a: Manaphy|Manaphy|100/100
|move|p1a: Arcanine|Flare Blitz|p2a: Manaphy
|-resisted|p2a: Manaphy
|-damage|p2a: Manaphy|74/100
|-damage|p1a: Arcanine|60/100|[from] Recoil
|
|-heal|p2a: Manaphy|80/100|[from] item: Leftovers
|upkeep
|turn|7
|
|t:|1759058705
|switch|p1a: mr.fava|Decidueye, M, shiny|100/100
|move|p2a: Manaphy|Surf|p1a: mr.fava
|-resisted|p1a: mr.fava
|-damage|p1a: mr.fava|79/100
|
|-heal|p2a: Manaphy|86/100|[from] item: Leftovers
|upkeep
|turn|8
|
|t:|1759058713
|switch|p2a: Kingambit|Kingambit, F|100/100
|-activate|p2a: Kingambit|ability: Supreme Overlord
|-start|p2a: Kingambit|fallen1|[silent]
|-item|p2a: Kingambit|Air Balloon
|move|p1a: mr.fava|Leaf Blade|p2a: Kingambit
|-resisted|p2a: Kingambit
|-damage|p2a: Kingambit|80/100
|-enditem|p2a: Kingambit|Air Balloon
|
|upkeep
|turn|9
|
|t:|1759058730
|switch|p1a: Arcanine|Arcanine, M|60/100
|-ability|p1a: Arcanine|Intimidate|boost
|-unboost|p2a: Kingambit|atk|1
|move|p2a: Kingambit|Kowtow Cleave|p1a: Arcanine
|-damage|p1a: Arcanine|31/100
|
|upkeep
|turn|10
|
|t:|1759058744
|switch|p1a: Ninetales|Ninetales-Alola, F|100/100
|-weather|Snowscape|[from] ability: Snow Warning|[of] p1a: Ninetales
|-end|p2a: Kingambit|fallen1|[silent]
|switch|p2a: Great Tusk|Great Tusk|100/100
|-enditem|p2a: Great Tusk|Booster Energy
|-activate|p2a: Great Tusk|ability: Protosynthesis|[fromitem]
|-start|p2a: Great Tusk|protosynthesisatk
|
|-weather|Snowscape|[upkeep]
|upkeep
|turn|11
|
|t:|1759058756
|-end|p2a: Great Tusk|Protosynthesis|[silent]
|switch|p2a: Gholdengo|Gholdengo|100/100
|-item|p2a: Gholdengo|Air Balloon
|move|p1a: Ninetales|Aurora Veil|p1a: Ninetales
|-sidestart|p1: SambucaNoMaiku|move: Aurora Veil
|
|-weather|Snowscape|[upkeep]
|upkeep
|turn|12
|
|t:|1759058773
|switch|p1a: metalcooler|Infernape, M|100/100
|move|p2a: Gholdengo|Shadow Ball|p1a: metalcooler
|-damage|p1a: metalcooler|69/100
|
|-weather|Snowscape|[upkeep]
|upkeep
|turn|13
|
|t:|1759058792
|switch|p2a: Manaphy|Manaphy|86/100
|move|p1a: metalcooler|Close Combat|p2a: Manaphy
|-crit|p2a: Manaphy
|-damage|p2a: Manaphy|0 fnt
|-unboost|p1a: metalcooler|def|1
|-unboost|p1a: metalcooler|spd|1
|faint|p2a: Manaphy
|-damage|p1a: metalcooler|59/100|[from] item: Life Orb
|
|-weather|Snowscape|[upkeep]
|upkeep
|inactive|jantio has 120 seconds left.
|
|t:|1759058808
|switch|p2a: Great Tusk|Great Tusk|100/100
|turn|14
|inactive|jantio has 120 seconds left.
|
|t:|1759058827
|move|p1a: metalcooler|Close Combat|p2a: Great Tusk
|-crit|p2a: Great Tusk
|-damage|p2a: Great Tusk|25/100
|-unboost|p1a: metalcooler|def|1
|-unboost|p1a: metalcooler|spd|1
|-damage|p1a: metalcooler|49/100|[from] item: Life Orb
|move|p2a: Great Tusk|Head Smash|p1a: metalcooler
|-damage|p1a: metalcooler|0 fnt
|faint|p1a: metalcooler
|-damage|p2a: Great Tusk|5/100|[from] Recoil
|
|-weather|none
|upkeep
|
|t:|1759058836
|switch|p1a: Ninetales|Ninetales-Alola, F|100/100
|-weather|Snowscape|[from] ability: Snow Warning|[of] p1a: Ninetales
|turn|15
|
|t:|1759058841
|move|p1a: Ninetales|Blizzard|p2a: Great Tusk
|-supereffective|p2a: Great Tusk
|-damage|p2a: Great Tusk|0 fnt
|faint|p2a: Great Tusk
|-end|p2a: Great Tusk|Protosynthesis|[silent]
|
|-weather|Snowscape|[upkeep]
|upkeep
|
|t:|1759058846
|switch|p2a: Gholdengo|Gholdengo|100/100
|-item|p2a: Gholdengo|Air Balloon
|turn|16
|
|t:|1759058859
|move|p1a: Ninetales|Blizzard|p2a: Gholdengo
|-resisted|p2a: Gholdengo
|-damage|p2a: Gholdengo|82/100
|-enditem|p2a: Gholdengo|Air Balloon
|move|p2a: Gholdengo|Make It Rain|p1a: Ninetales
|-supereffective|p1a: Ninetales
|-damage|p1a: Ninetales|0 fnt
|-unboost|p2a: Gholdengo|spa|1
|faint|p1a: Ninetales
|
|-weather|Snowscape|[upkeep]
|upkeep
|
|t:|1759058867
|switch|p1a: bombice|Garchomp, M|100/100
|turn|17
|inactive|jantio has 120 seconds left.
|
|t:|1759058900
|move|p1a: bombice|Earthquake|p2a: Gholdengo
|-supereffective|p2a: Gholdengo
|-damage|p2a: Gholdengo|0 fnt
|faint|p2a: Gholdengo
|
|-weather|Snowscape|[upkeep]
|upkeep
|inactive|jantio has 120 seconds left.
|
|t:|1759058908
|switch|p2a: Iron Valiant|Iron Valiant|100/100
|-enditem|p2a: Iron Valiant|Booster Energy
|-activate|p2a: Iron Valiant|ability: Quark Drive|[fromitem]
|-start|p2a: Iron Valiant|quarkdrivespe
|turn|18
|
|t:|1759058931
|-terastallize|p1a: bombice|Steel
|move|p2a: Iron Valiant|Calm Mind|p2a: Iron Valiant
|-boost|p2a: Iron Valiant|spa|1
|-boost|p2a: Iron Valiant|spd|1
|move|p1a: bombice|Earthquake|p2a: Iron Valiant
|-damage|p2a: Iron Valiant|20/100
|
|-weather|Snowscape|[upkeep]
|-sideend|p1: SambucaNoMaiku|move: Aurora Veil
|upkeep
|turn|19
|
|t:|1759058951
|move|p2a: Iron Valiant|Vacuum Wave|p1a: bombice
|-supereffective|p1a: bombice
|-damage|p1a: bombice|40/100
|move|p1a: bombice|Earthquake|p2a: Iron Valiant
|-damage|p2a: Iron Valiant|0 fnt
|faint|p2a: Iron Valiant
|-end|p2a: Iron Valiant|Quark Drive|[silent]
|
|-weather|none
|upkeep
|
|t:|1759058955
|switch|p2a: Kingambit|Kingambit, F|80/100
|-activate|p2a: Kingambit|ability: Supreme Overlord
|-start|p2a: Kingambit|fallen5|[silent]
|turn|20
|inactive|SambucaNoMaiku has 120 seconds left.
|
|t:|1759058988
|-terastallize|p2a: Kingambit|Fairy
|move|p1a: bombice|Earthquake|p2a: Kingambit
|-damage|p2a: Kingambit|32/100
|move|p2a: Kingambit|Swords Dance|p2a: Kingambit
|-boost|p2a: Kingambit|atk|2
|
|upkeep
|turn|21
|
|t:|1759059000
|move|p2a: Kingambit|Sucker Punch||[still]
|-fail|p2a: Kingambit
|move|p1a: bombice|Swords Dance|p1a: bombice
|-boost|p1a: bombice|atk|2
|
|upkeep
|turn|22
|
|t:|1759059010
|move|p2a: Kingambit|Sucker Punch|p1a: bombice
|-damage|p1a: bombice|0 fnt
|-damage|p2a: Kingambit|20/100|[from] ability: Rough Skin|[of] p1a: bombice
|faint|p1a: bombice
|
|upkeep
|
|t:|1759059032
|switch|p1a: Arcanine|Arcanine, M|31/100
|-ability|p1a: Arcanine|Intimidate|boost
|-unboost|p2a: Kingambit|atk|1
|turn|23
|
|t:|1759059037
|switch|p1a: mr.fava|Decidueye, M, shiny|79/100
|move|p2a: Kingambit|Kowtow Cleave|p1a: mr.fava
|-supereffective|p1a: mr.fava
|-damage|p1a: mr.fava|0 fnt
|faint|p1a: mr.fava
|
|upkeep
|
|t:|1759059043
|switch|p1a: Arcanine|Arcanine, M|31/100
|-ability|p1a: Arcanine|Intimidate|boost
|-unboost|p2a: Kingambit|atk|1
|turn|24
|
|t:|1759059048
|move|p1a: Arcanine|Extreme Speed|p2a: Kingambit
|-damage|p2a: Kingambit|0 fnt
|faint|p2a: Kingambit
|-end|p2a: Kingambit|fallen5|[silent]
|
|win|SambucaNoMaiku
|raw|SambucaNoMaiku's rating: 1212 &rarr; <strong>1238</strong><br />(+26 for winning)
|raw|jantio's rating: 1223 &rarr; <strong>1197</strong><br />(-26 for losing)
|l|☆SambucaNoMaiku
|player|p1|
|c|☆jantio|gg
|l|☆jantio
|player|p2|
