|badge|p2|bronze|gen9ou|100-6
|html|<div class="broadcast-red"><strong>This battle is required to be public due to one or more player having a season medal.</strong><br />During the public phase, you can discuss the state of the ladder <a href="/seasondiscussion">in a special chatroom.</a></div>
|uhtml|medal-msg|<div class="broadcast-blue">Curious what those medals under the avatar are? PS now has Ladder Seasons! For more information, check out the <a href="https://www.smogon.com/forums/threads/3740067/">thread on Smogon.</a></div>
|raw|<div class="broadcast-blue"><strong>This battle is required to be public due to a player having a name starting with 'medal'.</div>
|j|☆patio fence
|j|☆Obito 2001
|t:|1759016410
|gametype|singles
|player|p1|patio fence|fisherman-gen2jp|1808
|player|p2|Obito 2001|blue-gen3two|1786
|gen|9
|tier|[Gen 9] OU
|rated|
|rule|HP Percentage Mod: HP is shown in percentages
|rule|Endless Battle Clause: Forcing endless battles is banned
|rule|Species Clause: Limit one of each Pokémon
|rule|OHKO Clause: OHKO moves are banned
|rule|Evasion Items Clause: Evasion items are banned
|rule|Evasion Moves Clause: Evasion moves are banned
|rule|Evasion Abilities Clause: Evasion abilities are banned
|rule|Sleep Moves Clause: Sleep-inducing moves are banned
|clearpoke
|poke|p1|Deoxys-Speed|
|poke|p1|Glimmora, M|
|poke|p1|Zamazenta-*|
|poke|p1|Kingambit, M|
|poke|p1|Ogerpon-Wellspring, F|
|poke|p1|Darkrai|
|poke|p2|Kingambit, M|
|poke|p2|Landorus-Therian, M|
|poke|p2|Grimmsnarl, M|
|poke|p2|Empoleon, F|
|poke|p2|Weezing-Galar, M|
|poke|p2|Polteageist|
|teampreview
|inactive|Battle timer is ON: inactive players will automatically lose when time's up. (requested by Obito 2001)
|inactive|patio fence also wants the timer to be on.
|j| amefurikoneko
|
|t:|1759016429
|teamsize|p1|6
|teamsize|p2|6
|start
|switch|p1a: Darkrai|Darkrai|100/100
|switch|p2a: Always Relevant|Landorus-Therian, M|100/100
|-ability|p2a: Always Relevant|Intimidate|boost
|-unboost|p1a: Darkrai|atk|1
|turn|1
|
|t:|1759016436
|switch|p2a: Kinguin|Empoleon, F|100/100
|-item|p2a: Kinguin|Air Balloon
|move|p1a: Darkrai|Nasty Plot|p1a: Darkrai
|-boost|p1a: Darkrai|spa|2
|
|upkeep
|turn|2
|
|t:|1759016442
|move|p1a: Darkrai|Dark Pulse|p2a: Kinguin
|-damage|p2a: Kinguin|48/100
|-enditem|p2a: Kinguin|Air Balloon
|move|p2a: Kinguin|Flip Turn|p1a: Darkrai
|-damage|p1a: Darkrai|79/100
|
|t:|1759016451
|switch|p2a: Screen Goblin|Grimmsnarl, M|100/100|[from] Flip Turn
|
|upkeep
|turn|3
|
|t:|1759016457
|-terastallize|p1a: Darkrai|Fairy
|move|p2a: Screen Goblin|Light Screen|p2a: Screen Goblin
|-sidestart|p2: Obito 2001|move: Light Screen
|move|p1a: Darkrai|Tera Blast|p2a: Screen Goblin|[anim] Tera Blast Fairy
|-supereffective|p2a: Screen Goblin
|-damage|p2a: Screen Goblin|20/100
|
|upkeep
|turn|4
|
|t:|1759016464
|move|p2a: Screen Goblin|Parting Shot|p1a: Darkrai
|-unboost|p1a: Darkrai|atk|1
|-unboost|p1a: Darkrai|spa|1
|
|t:|1759016468
|switch|p2a: Kinguin|Empoleon, F|48/100|[from] Parting Shot
|move|p1a: Darkrai|Tera Blast|p2a: Kinguin|[anim] Tera Blast Fairy
|-resisted|p2a: Kinguin
|-damage|p2a: Kinguin|38/100
|
|upkeep
|turn|5
|
|t:|1759016473
|switch|p1a: Ogerpon|Ogerpon-Wellspring, F|100/100
|move|p2a: Kinguin|Stealth Rock|p1a: Ogerpon
|-sidestart|p1: patio fence|move: Stealth Rock
|
|upkeep
|turn|6
|
|t:|1759016479
|move|p1a: Ogerpon|Trailblaze|p2a: Kinguin
|-damage|p2a: Kinguin|4/100
|-boost|p1a: Ogerpon|spe|1
|move|p2a: Kinguin|Roost|p2a: Kinguin
|-heal|p2a: Kinguin|54/100
|-singleturn|p2a: Kinguin|move: Roost
|
|upkeep
|turn|7
|
|t:|1759016483
|switch|p2a: Fk hazard noobs|Weezing-Galar, M|100/100
|-ability|p2a: Fk hazard noobs|Neutralizing Gas
|move|p1a: Ogerpon|Swords Dance|p1a: Ogerpon
|-boost|p1a: Ogerpon|atk|2
|
|upkeep
|turn|8
|
|t:|1759016487
|move|p1a: Ogerpon|Ivy Cudgel|p2a: Fk hazard noobs|[anim] Ivy Cudgel Water
|-damage|p2a: Fk hazard noobs|12/100
|move|p2a: Fk hazard noobs|Will-O-Wisp|p1a: Ogerpon
|-status|p1a: Ogerpon|brn
|
|-damage|p1a: Ogerpon|95/100 brn|[from] brn
|upkeep
|turn|9
|
|t:|1759016495
|move|p1a: Ogerpon|Ivy Cudgel|p2a: Fk hazard noobs|[anim] Ivy Cudgel Water
|-crit|p2a: Fk hazard noobs
|-damage|p2a: Fk hazard noobs|0 fnt
|faint|p2a: Fk hazard noobs
|-end|p2a: Fk hazard noobs|ability: Neutralizing Gas
|
|-damage|p1a: Ogerpon|89/100 brn|[from] brn
|upkeep
|
|t:|1759016511
|switch|p2a: Screen Goblin|Grimmsnarl, M|20/100
|turn|10
|
|t:|1759016519
|switch|p1a: Glimmora|Glimmora, M|100/100
|-damage|p1a: Glimmora|88/100|[from] Stealth Rock
|move|p2a: Screen Goblin|Reflect|p2a: Screen Goblin
|-sidestart|p2: Obito 2001|Reflect
|
|-sideend|p2: Obito 2001|move: Light Screen
|upkeep
|turn|11
|
|t:|1759016525
|move|p2a: Screen Goblin|Parting Shot|p1a: Glimmora
|-unboost|p1a: Glimmora|atk|1
|-unboost|p1a: Glimmora|spa|1
|
|t:|1759016528
|switch|p2a: Kinguin|Empoleon, F|54/100|[from] Parting Shot
|move|p1a: Glimmora|Stealth Rock|p2a: Kinguin
|-sidestart|p2: Obito 2001|move: Stealth Rock
|
|upkeep
|turn|12
|
|t:|1759016532
|switch|p1a: Ogerpon|Ogerpon-Wellspring, F|89/100 brn
|-damage|p1a: Ogerpon|76/100 brn|[from] Stealth Rock
|move|p2a: Kinguin|Roost|p2a: Kinguin
|-heal|p2a: Kinguin|100/100
|-singleturn|p2a: Kinguin|move: Roost
|
|-damage|p1a: Ogerpon|70/100 brn|[from] brn
|upkeep
|turn|13
|
|t:|1759016546
|switch|p2a: Always Relevant|Landorus-Therian, M|100/100
|-damage|p2a: Always Relevant|88/100|[from] Stealth Rock
|-ability|p2a: Always Relevant|Intimidate|boost
|-unboost|p1a: Ogerpon|atk|1
|move|p1a: Ogerpon|Swords Dance|p1a: Ogerpon
|-boost|p1a: Ogerpon|atk|2
|
|-damage|p1a: Ogerpon|64/100 brn|[from] brn
|upkeep
|turn|14
|
|t:|1759016556
|move|p1a: Ogerpon|Ivy Cudgel|p2a: Always Relevant|[anim] Ivy Cudgel Water
|-supereffective|p2a: Always Relevant
|-damage|p2a: Always Relevant|30/100
|move|p2a: Always Relevant|U-turn|p1a: Ogerpon
|-supereffective|p1a: Ogerpon
|-damage|p1a: Ogerpon|0 fnt
|faint|p1a: Ogerpon
|
|t:|1759016562
|switch|p2a: Kinguin|Empoleon, F|100/100|[from] U-turn
|-damage|p2a: Kinguin|94/100|[from] Stealth Rock
|
|upkeep
|
|t:|1759016568
|switch|p1a: Deoxys|Deoxys-Speed|100/100
|-damage|p1a: Deoxys|88/100|[from] Stealth Rock
|-ability|p1a: Deoxys|Pressure
|turn|15
|
|t:|1759016571
|move|p1a: Deoxys|Light Screen|p1a: Deoxys
|-sidestart|p1: patio fence|move: Light Screen
|move|p2a: Kinguin|Surf|p1a: Deoxys
|-damage|p1a: Deoxys|67/100
|
|upkeep
|turn|16
|
|t:|1759016576
|move|p1a: Deoxys|Reflect|p1a: Deoxys
|-sidestart|p1: patio fence|Reflect
|move|p2a: Kinguin|Surf|p1a: Deoxys
|-damage|p1a: Deoxys|46/100
|
|upkeep
|turn|17
|
|t:|1759016580
|switch|p1a: Kingambit|Kingambit, M|100/100
|-damage|p1a: Kingambit|94/100|[from] Stealth Rock
|-activate|p1a: Kingambit|ability: Supreme Overlord
|-start|p1a: Kingambit|fallen1|[silent]
|move|p2a: Kinguin|Surf|p1a: Kingambit
|-damage|p1a: Kingambit|73/100
|
|-sideend|p2: Obito 2001|Reflect
|upkeep
|turn|18
|
|t:|1759016586
|move|p1a: Kingambit|Swords Dance|p1a: Kingambit
|-boost|p1a: Kingambit|atk|2
|move|p2a: Kinguin|Surf|p1a: Kingambit
|-damage|p1a: Kingambit|54/100
|
|upkeep
|turn|19
|
|t:|1759016591
|move|p1a: Kingambit|Kowtow Cleave|p2a: Kinguin
|-damage|p2a: Kinguin|0 fnt
|faint|p2a: Kinguin
|
|upkeep
|
|t:|1759016595
|switch|p2a: Aizen|Kingambit, M, shiny|100/100
|-damage|p2a: Aizen|94/100|[from] Stealth Rock
|-activate|p2a: Aizen|ability: Supreme Overlord
|-start|p2a: Aizen|fallen2|[silent]
|turn|20
|
|t:|1759016597
|move|p2a: Aizen|Low Kick|p1a: Kingambit
|-supereffective|p1a: Kingambit
|-damage|p1a: Kingambit|0 fnt
|faint|p1a: Kingambit
|-end|p1a: Kingambit|fallen1|[silent]
|
|upkeep
|
|t:|1759016602
|switch|p1a: Zamazenta|Zamazenta|100/100
|-damage|p1a: Zamazenta|94/100|[from] Stealth Rock
|-ability|p1a: Zamazenta|Dauntless Shield|boost
|-boost|p1a: Zamazenta|def|1
|turn|21
|
|t:|1759016608
|-end|p2a: Aizen|fallen2|[silent]
|switch|p2a: Always Relevant|Landorus-Therian, M|30/100
|-damage|p2a: Always Relevant|18/100|[from] Stealth Rock
|-ability|p2a: Always Relevant|Intimidate|boost
|-unboost|p1a: Zamazenta|atk|1
|move|p1a: Zamazenta|Iron Defense|p1a: Zamazenta
|-boost|p1a: Zamazenta|def|2
|
|-heal|p1a: Zamazenta|100/100|[from] item: Leftovers
|upkeep
|turn|22
|
|t:|1759016612
|move|p2a: Always Relevant|Earthquake|p1a: Zamazenta
|-damage|p1a: Zamazenta|88/100
|move|p1a: Zamazenta|Roar|p2a: Always Relevant
|drag|p2a: Aizen|Kingambit, M, shiny|94/100
|-damage|p2a: Aizen|88/100|[from] Stealth Rock
|-activate|p2a: Aizen|ability: Supreme Overlord
|-start|p2a: Aizen|fallen2|[silent]
|
|-heal|p1a: Zamazenta|94/100|[from] item: Leftovers
|-sideend|p1: patio fence|move: Light Screen
|upkeep
|turn|23
|
|t:|1759016620
|move|p1a: Zamazenta|Body Press|p2a: Aizen
|-supereffective|p2a: Aizen
|-damage|p2a: Aizen|0 fnt
|faint|p2a: Aizen
|-end|p2a: Aizen|fallen2|[silent]
|
|-heal|p1a: Zamazenta|99/100|[from] item: Leftovers
|-sideend|p1: patio fence|Reflect
|upkeep
|
|t:|1759016623
|switch|p2a: Always Relevant|Landorus-Therian, M|18/100
|-damage|p2a: Always Relevant|5/100|[from] Stealth Rock
|-ability|p2a: Always Relevant|Intimidate|boost
|-unboost|p1a: Zamazenta|atk|1
|turn|24
|
|t:|1759016629
|move|p2a: Always Relevant|Earthquake|p1a: Zamazenta
|-damage|p1a: Zamazenta|73/100
|move|p1a: Zamazenta|Roar|p2a: Always Relevant
|drag|p2a: Screen Goblin|Grimmsnarl, M|20/100
|-damage|p2a: Screen Goblin|7/100|[from] Stealth Rock
|
|-heal|p1a: Zamazenta|79/100|[from] item: Leftovers
|upkeep
|turn|25
|
|t:|1759016633
|move|p2a: Screen Goblin|Light Screen|p2a: Screen Goblin
|-sidestart|p2: Obito 2001|move: Light Screen
|move|p1a: Zamazenta|Roar|p2a: Screen Goblin
|drag|p2a: Yuna|Polteageist|100/100
|-damage|p2a: Yuna|88/100|[from] Stealth Rock
|
|-heal|p1a: Zamazenta|85/100|[from] item: Leftovers
|upkeep
|turn|26
|
|t:|1759016638
|switch|p2a: Always Relevant|Landorus-Therian, M|5/100
|-damage|p2a: Always Relevant|0 fnt|[from] Stealth Rock
|faint|p2a: Always Relevant
|move|p1a: Zamazenta|Roar|p2: Always Relevant|[notarget]
|-fail|p1a: Zamazenta
|
|-heal|p1a: Zamazenta|92/100|[from] item: Leftovers
|upkeep
|
|t:|1759016640
|switch|p2a: Screen Goblin|Grimmsnarl, M|7/100
|-damage|p2a: Screen Goblin|0 fnt|[from] Stealth Rock
|faint|p2a: Screen Goblin
|
|t:|1759016642
|switch|p2a: Yuna|Polteageist|88/100
|-damage|p2a: Yuna|76/100|[from] Stealth Rock
|turn|27
|
|t:|1759016647
|move|p1a: Zamazenta|Crunch|p2a: Yuna
|-supereffective|p2a: Yuna
|-damage|p2a: Yuna|50/100
|move|p2a: Yuna|Shell Smash|p2a: Yuna
|-unboost|p2a: Yuna|def|1
|-unboost|p2a: Yuna|spd|1
|-boost|p2a: Yuna|atk|2
|-boost|p2a: Yuna|spa|2
|-boost|p2a: Yuna|spe|2
|-enditem|p2a: Yuna|White Herb
|-clearnegativeboost|p2a: Yuna|[silent]
|
|-heal|p1a: Zamazenta|98/100|[from] item: Leftovers
|upkeep
|turn|28
|
|t:|1759016656
|move|p2a: Yuna|Strength Sap|p1a: Zamazenta
|-unboost|p1a: Zamazenta|atk|1
|-heal|p2a: Yuna|93/100
|move|p1a: Zamazenta|Crunch|p2a: Yuna
|-supereffective|p2a: Yuna
|-damage|p2a: Yuna|71/100
|
|-heal|p1a: Zamazenta|100/100|[from] item: Leftovers
|upkeep
|turn|29
|j| larp legion
|
|t:|1759016661
|switch|p1a: Darkrai|Darkrai, tera:Fairy|79/100
|-damage|p1a: Darkrai|67/100|[from] Stealth Rock
|move|p2a: Yuna|Shell Smash|p2a: Yuna
|-unboost|p2a: Yuna|def|1
|-unboost|p2a: Yuna|spd|1
|-boost|p2a: Yuna|atk|2
|-boost|p2a: Yuna|spa|2
|-boost|p2a: Yuna|spe|2
|
|upkeep
|turn|30
|
|t:|1759016665
|move|p2a: Yuna|Shadow Ball|p1a: Darkrai
|-damage|p1a: Darkrai|0 fnt
|faint|p1a: Darkrai
|
|upkeep
|
|t:|1759016669
|switch|p1a: Glimmora|Glimmora, M|88/100
|-damage|p1a: Glimmora|76/100|[from] Stealth Rock
|turn|31
|
|t:|1759016672
|move|p2a: Yuna|Shadow Ball|p1a: Glimmora
|-crit|p1a: Glimmora
|-damage|p1a: Glimmora|0 fnt
|faint|p1a: Glimmora
|
|upkeep
|
|t:|1759016675
|switch|p1a: Zamazenta|Zamazenta|100/100
|-damage|p1a: Zamazenta|94/100|[from] Stealth Rock
|turn|32
|
|t:|1759016682
|-terastallize|p2a: Yuna|Fighting
|move|p2a: Yuna|Shadow Ball|p1a: Zamazenta
|-damage|p1a: Zamazenta|0 fnt
|faint|p1a: Zamazenta
|
|-sideend|p2: Obito 2001|move: Light Screen
|upkeep
|
|t:|1759016684
|switch|p1a: Deoxys|Deoxys-Speed|46/100
|-damage|p1a: Deoxys|34/100|[from] Stealth Rock
|-ability|p1a: Deoxys|Pressure
|turn|33
|
|t:|1759016687
|move|p2a: Yuna|Shadow Ball|p1a: Deoxys
|-supereffective|p1a: Deoxys
|-damage|p1a: Deoxys|0 fnt
|faint|p1a: Deoxys
|
|win|Obito 2001
|raw|patio fence's rating: 1808 &rarr; <strong>1787</strong><br />(-21 for losing)
|raw|Obito 2001's rating: 1786 &rarr; <strong>1807</strong><br />(+21 for winning)
|l|☆patio fence
|player|p1|
|l| larp legion
|l|☆Obito 2001
|player|p2|
