|j|☆JD Doggin'
|j|☆jxnpm80
|t:|1759002753
|gametype|singles
|player|p1|JD Doggin'|102|1160
|player|p2|jxnpm80|1|1216
|gen|9
|tier|[Gen 9] OU
|rated|
|rule|HP Percentage Mod: HP is shown in percentages
|rule|Endless Battle Clause: Forcing endless battles is banned
|rule|Species Clause: Limit one of each Pokémon
|rule|OHKO Clause: OHKO moves are banned
|rule|Evasion Items Clause: Evasion items are banned
|rule|Evasion Moves Clause: Evasion moves are banned
|rule|Evasion Abilities Clause: Evasion abilities are banned
|rule|Sleep Moves Clause: Sleep-inducing moves are banned
|clearpoke
|poke|p1|Ceruledge, M|
|poke|p1|Araquanid, M|
|poke|p1|Deoxys-Speed|
|poke|p1|Great Tusk|
|poke|p1|Regidrago|
|poke|p1|Blaziken, F|
|poke|p2|Flapple, F|
|poke|p2|Cresselia, F|
|poke|p2|Iron Moth|
|poke|p2|Kingambit, M|
|poke|p2|Iron Treads|
|poke|p2|Sandy Shocks|
|teampreview
|
|t:|1759002758
|teamsize|p1|6
|teamsize|p2|6
|start
|switch|p1a: Araquanid|Araquanid, M, shiny|100/100
|switch|p2a: Sal Bandz|Sandy Shocks|100/100
|-enditem|p2a: Sal Bandz|Booster Energy
|-activate|p2a: Sal Bandz|ability: Protosynthesis|[fromitem]
|-start|p2a: Sal Bandz|protosynthesisspe
|turn|1
|
|t:|1759002762
|move|p2a: Sal Bandz|Stealth Rock|p1a: Araquanid
|-sidestart|p1: JD Doggin'|move: Stealth Rock
|move|p1a: Araquanid|Liquidation|p2a: Sal Bandz
|-supereffective|p2a: Sal Bandz
|-damage|p2a: Sal Bandz|0 fnt
|faint|p2a: Sal Bandz
|-end|p2a: Sal Bandz|Protosynthesis|[silent]
|
|upkeep
|
|t:|1759002774
|switch|p2a: Doomstrike|Flapple, F, shiny|100/100
|turn|2
|
|t:|1759002784
|switch|p1a: Ceruledge|Ceruledge, M|100/100
|-damage|p1a: Ceruledge|76/100|[from] Stealth Rock
|move|p2a: Doomstrike|U-turn|p1a: Ceruledge|[miss]
|-miss|p2a: Doomstrike|p1a: Ceruledge
|
|upkeep
|turn|3
|
|t:|1759002791
|move|p2a: Doomstrike|U-turn|p1a: Ceruledge
|-resisted|p1a: Ceruledge
|-damage|p1a: Ceruledge|64/100
|-ability|p1a: Ceruledge|Weak Armor|boost
|-unboost|p1a: Ceruledge|def|1
|-boost|p1a: Ceruledge|spe|2
|
|t:|1759002800
|switch|p2a: Seth Rollins|Iron Moth|100/100|[from] U-turn
|-enditem|p2a: Seth Rollins|Booster Energy
|-activate|p2a: Seth Rollins|ability: Quark Drive|[fromitem]
|-start|p2a: Seth Rollins|quarkdrivespe
|move|p1a: Ceruledge|Bitter Blade|p2a: Seth Rollins
|-resisted|p2a: Seth Rollins
|-damage|p2a: Seth Rollins|60/100
|-heal|p1a: Ceruledge|85/100|[from] drain|[of] p2a: Seth Rollins
|-damage|p1a: Ceruledge|75/100|[from] item: Life Orb
|
|upkeep
|turn|4
|
|t:|1759002822
|move|p1a: Ceruledge|Swords Dance|p1a: Ceruledge
|-boost|p1a: Ceruledge|atk|2
|move|p2a: Seth Rollins|Psychic|p1a: Ceruledge
|-damage|p1a: Ceruledge|37/100
|
|upkeep
|turn|5
|
|t:|1759002825
|move|p1a: Ceruledge|Bitter Blade|p2a: Seth Rollins
|-resisted|p2a: Seth Rollins
|-damage|p2a: Seth Rollins|0 fnt
|-heal|p1a: Ceruledge|68/100|[from] drain|[of] p2a: Seth Rollins
|faint|p2a: Seth Rollins
|-end|p2a: Seth Rollins|Quark Drive|[silent]
|-damage|p1a: Ceruledge|58/100|[from] item: Life Orb
|
|upkeep
|
|t:|1759002827
|switch|p2a: Sneaky Golem|Kingambit, M|100/100
|-activate|p2a: Sneaky Golem|ability: Supreme Overlord
|-start|p2a: Sneaky Golem|fallen2|[silent]
|turn|6
|
|t:|1759002836
|move|p2a: Sneaky Golem|Sucker Punch||[still]
|-fail|p2a: Sneaky Golem
|move|p1a: Ceruledge|Swords Dance|p1a: Ceruledge
|-boost|p1a: Ceruledge|atk|2
|
|upkeep
|turn|7
|
|t:|1759002840
|move|p1a: Ceruledge|Swords Dance|p1a: Ceruledge
|-boost|p1a: Ceruledge|atk|2
|move|p2a: Sneaky Golem|Swords Dance|p2a: Sneaky Golem
|-boost|p2a: Sneaky Golem|atk|2
|
|upkeep
|turn|8
|
|t:|1759002845
|move|p1a: Ceruledge|Shadow Sneak|p2a: Sneaky Golem
|-resisted|p2a: Sneaky Golem
|-damage|p2a: Sneaky Golem|59/100
|-damage|p1a: Ceruledge|48/100|[from] item: Life Orb
|move|p2a: Sneaky Golem|Sucker Punch||[still]
|-fail|p2a: Sneaky Golem
|
|upkeep
|turn|9
|
|t:|1759002851
|move|p1a: Ceruledge|Bitter Blade|p2a: Sneaky Golem
|-supereffective|p2a: Sneaky Golem
|-damage|p2a: Sneaky Golem|0 fnt
|-heal|p1a: Ceruledge|88/100|[from] drain|[of] p2a: Sneaky Golem
|faint|p2a: Sneaky Golem
|-end|p2a: Sneaky Golem|fallen2|[silent]
|-damage|p1a: Ceruledge|78/100|[from] item: Life Orb
|
|upkeep
|
|t:|1759002855
|switch|p2a: Coin Coffer|Iron Treads|100/100
|turn|10
|-message|jxnpm80 forfeited.
|
|win|JD Doggin'
|raw|JD Doggin&apos;'s rating: 1160 &rarr; <strong>1189</strong><br />(+29 for winning)
|raw|jxnpm80's rating: 1216 &rarr; <strong>1187</strong><br />(-29 for losing)
|l|☆jxnpm80
|player|p2|
