|j|☆jarrodbennett
|j|☆superstar
|t:|1758996903
|gametype|singles
|player|p1|jarrodbennett|265|1514
|player|p2|superstar|102|1509
|gen|9
|tier|[Gen 9] OU
|rated|
|rule|HP Percentage Mod: HP is shown in percentages
|rule|Endless Battle Clause: Forcing endless battles is banned
|rule|Species Clause: Limit one of each Pokémon
|rule|OHKO Clause: OHKO moves are banned
|rule|Evasion Items Clause: Evasion items are banned
|rule|Evasion Moves Clause: Evasion moves are banned
|rule|Evasion Abilities Clause: Evasion abilities are banned
|rule|Sleep Moves Clause: Sleep-inducing moves are banned
|clearpoke
|poke|p1|Ribombee, F|
|poke|p1|Cinderace, M|
|poke|p1|Serperior, M|
|poke|p1|Hitmonlee, M|
|poke|p1|Empoleon, M|
|poke|p1|Kingambit, M|
|poke|p2|Zapdos|
|poke|p2|Slowking-Galar, F|
|poke|p2|Ting-Lu|
|poke|p2|Alomomola, F|
|poke|p2|Gholdengo|
|poke|p2|Ogerpon-Wellspring, F|
|teampreview
|
|t:|1758996944
|teamsize|p1|6
|teamsize|p2|6
|start
|switch|p1a: Ya Like Jazz?|Ribombee, F|100/100
|switch|p2a: Zapdos|Zapdos|100/100
|turn|1
|
|t:|1758996958
|move|p1a: Ya Like Jazz?|Sticky Web|p2a: Zapdos
|-sidestart|p2: superstar|move: Sticky Web
|move|p2a: Zapdos|Volt Switch|p1a: Ya Like Jazz?
|-damage|p1a: Ya Like Jazz?|47/100
|
|t:|1758996987
|switch|p2a: Slowking|Slowking-Galar, F|100/100|[from] Volt Switch
|
|upkeep
|turn|2
|
|t:|1758996998
|move|p1a: Ya Like Jazz?|Struggle Bug|p2a: Slowking
|-damage|p2a: Slowking|88/100
|-unboost|p2a: Slowking|spa|1
|move|p2a: Slowking|Sludge Bomb|p1a: Ya Like Jazz?
|-supereffective|p1a: Ya Like Jazz?
|-damage|p1a: Ya Like Jazz?|0 fnt
|faint|p1a: Ya Like Jazz?
|
|upkeep
|
|t:|1758997007
|switch|p1a: What's Up Doc?|Cinderace, M|100/100
|turn|3
|
|t:|1758997016
|move|p1a: What's Up Doc?|Court Change|p1a: What's Up Doc?
|-start|p1a: What's Up Doc?|typechange|Normal|[from] ability: Libero
|-swapsideconditions
|-activate|p1a: What's Up Doc?|move: Court Change
|move|p2a: Slowking|Future Sight|p1a: What's Up Doc?
|-start|p2a: Slowking|move: Future Sight
|
|upkeep
|turn|4
|
|t:|1758997022
|move|p1a: What's Up Doc?|Taunt|p2a: Slowking
|-start|p2a: Slowking|move: Taunt
|-prepare|p2a: Slowking|Chilly Reception|[premajor]
|cant|p2a: Slowking|move: Taunt|Chilly Reception
|
|upkeep
|turn|5
|
|t:|1758997030
|switch|p1a: Taking a Dump|Kingambit, M|100/100
|-activate|p1a: Taking a Dump|move: Sticky Web
|-unboost|p1a: Taking a Dump|spe|1
|-ability|p1a: Taking a Dump|Defiant|boost
|-boost|p1a: Taking a Dump|atk|2
|switch|p2a: Alomomola|Alomomola, F|100/100
|
|-end|p1a: Taking a Dump|move: Future Sight
|-immune|p1a: Taking a Dump
|upkeep
|turn|6
|
|t:|1758997043
|move|p2a: Alomomola|Flip Turn|p1a: Taking a Dump
|-damage|p1a: Taking a Dump|89/100
|
|t:|1758997049
|switch|p2a: Zapdos|Zapdos|100/100|[from] Flip Turn
|move|p1a: Taking a Dump|Kowtow Cleave|p2a: Zapdos
|-damage|p2a: Zapdos|28/100
|
|upkeep
|turn|7
|
|t:|1758997057
|move|p2a: Zapdos|Heat Wave|p1a: Taking a Dump
|-supereffective|p1a: Taking a Dump
|-damage|p1a: Taking a Dump|38/100
|move|p1a: Taking a Dump|Kowtow Cleave|p2a: Zapdos
|-damage|p2a: Zapdos|0 fnt
|-status|p1a: Taking a Dump|par|[from] ability: Static|[of] p2a: Zapdos
|-enditem|p1a: Taking a Dump|Lum Berry|[eat]
|-curestatus|p1a: Taking a Dump|par|[msg]
|faint|p2a: Zapdos
|
|upkeep
|
|t:|1758997060
|switch|p2a: Ting-Lu|Ting-Lu|100/100
|-ability|p2a: Ting-Lu|Vessel of Ruin
|turn|8
|
|t:|1758997071
|move|p2a: Ting-Lu|Earthquake|p1a: Taking a Dump
|-supereffective|p1a: Taking a Dump
|-damage|p1a: Taking a Dump|0 fnt
|faint|p1a: Taking a Dump
|
|upkeep
|
|t:|1758997078
|switch|p1a: What's Up Doc?|Cinderace, M|100/100
|turn|9
|
|t:|1758997105
|move|p1a: What's Up Doc?|High Jump Kick|p2a: Ting-Lu
|-start|p1a: What's Up Doc?|typechange|Fighting|[from] ability: Libero
|-supereffective|p2a: Ting-Lu
|-damage|p2a: Ting-Lu|30/100
|move|p2a: Ting-Lu|Spikes|p1a: What's Up Doc?
|-sidestart|p1: jarrodbennett|Spikes
|
|upkeep
|turn|10
|
|t:|1758997120
|switch|p2a: Alomomola|Alomomola, F|100/100
|move|p1a: What's Up Doc?|High Jump Kick|p2a: Alomomola
|-damage|p2a: Alomomola|66/100
|
|upkeep
|turn|11
|
|t:|1758997135
|move|p1a: What's Up Doc?|High Jump Kick|p2a: Alomomola
|-damage|p2a: Alomomola|35/100
|move|p2a: Alomomola|Flip Turn|p1a: What's Up Doc?
|-damage|p1a: What's Up Doc?|77/100
|
|t:|1758997141
|switch|p2a: Ting-Lu|Ting-Lu|30/100|[from] Flip Turn
|-ability|p2a: Ting-Lu|Vessel of Ruin
|
|upkeep
|turn|12
|
|t:|1758997158
|switch|p2a: Slowking|Slowking-Galar, F|100/100
|move|p1a: What's Up Doc?|High Jump Kick|p2a: Slowking
|-resisted|p2a: Slowking
|-damage|p2a: Slowking|86/100
|
|upkeep
|turn|13
|
|t:|1758997179
|switch|p1a: Big Z|Empoleon, M|100/100
|-activate|p1a: Big Z|move: Sticky Web
|-unboost|p1a: Big Z|spe|1
|-ability|p1a: Big Z|Competitive|boost
|-boost|p1a: Big Z|spa|2
|-damage|p1a: Big Z|88/100|[from] Spikes
|move|p2a: Slowking|Future Sight|p1a: Big Z
|-start|p2a: Slowking|move: Future Sight
|
|upkeep
|turn|14
|
|t:|1758997188
|move|p1a: Big Z|Ice Beam|p2a: Slowking
|-damage|p2a: Slowking|48/100
|-prepare|p2a: Slowking|Chilly Reception|[premajor]
|move|p2a: Slowking|Chilly Reception|p2a: Slowking
|-weather|Snowscape
|
|t:|1758997193
|switch|p2a: Gholdengo|Gholdengo|100/100|[from] Chilly Reception
|-item|p2a: Gholdengo|Air Balloon
|
|-weather|Snowscape|[upkeep]
|upkeep
|turn|15
|
|t:|1758997203
|move|p2a: Gholdengo|Shadow Ball|p1a: Big Z
|-damage|p1a: Big Z|68/100
|move|p1a: Big Z|Surf|p2a: Gholdengo
|-damage|p2a: Gholdengo|18/100
|-enditem|p2a: Gholdengo|Air Balloon
|
|-weather|Snowscape|[upkeep]
|-end|p1a: Big Z|move: Future Sight
|-resisted|p1a: Big Z
|-damage|p1a: Big Z|54/100
|upkeep
|turn|16
|
|t:|1758997216
|move|p2a: Gholdengo|Recover|p2a: Gholdengo
|-heal|p2a: Gholdengo|68/100
|move|p1a: Big Z|Ice Beam|p2a: Gholdengo
|-resisted|p2a: Gholdengo
|-damage|p2a: Gholdengo|38/100
|
|-weather|Snowscape|[upkeep]
|upkeep
|turn|17
|
|t:|1758997224
|switch|p2a: Ogerpon|Ogerpon-Wellspring, F|100/100
|move|p1a: Big Z|Surf|p2a: Ogerpon
|-immune|p2a: Ogerpon|[from] ability: Water Absorb
|
|-weather|Snowscape|[upkeep]
|upkeep
|turn|18
|
|t:|1758997241
|switch|p1a: Slytherin|Serperior, M|100/100
|-activate|p1a: Slytherin|move: Sticky Web
|-boost|p1a: Slytherin|spe|1
|-damage|p1a: Slytherin|88/100|[from] Spikes
|move|p2a: Ogerpon|Power Whip|p1a: Slytherin
|-resisted|p1a: Slytherin
|-damage|p1a: Slytherin|42/100
|
|-weather|none
|upkeep
|turn|19
|
|t:|1758997253
|move|p1a: Slytherin|Leaf Storm|p2a: Ogerpon
|-damage|p2a: Ogerpon|49/100
|-boost|p1a: Slytherin|spa|2
|move|p2a: Ogerpon|U-turn|p1a: Slytherin
|-supereffective|p1a: Slytherin
|-damage|p1a: Slytherin|0 fnt
|faint|p1a: Slytherin
|
|t:|1758997260
|switch|p2a: Alomomola|Alomomola, F|68/100|[from] U-turn
|
|upkeep
|
|t:|1758997264
|switch|p1a: Kickin' Nugget|Hitmonlee, M|100/100
|-activate|p1a: Kickin' Nugget|move: Sticky Web
|-unboost|p1a: Kickin' Nugget|spe|1
|-damage|p1a: Kickin' Nugget|88/100|[from] Spikes
|-enditem|p1a: Kickin' Nugget|White Herb
|-clearnegativeboost|p1a: Kickin' Nugget|[silent]
|turn|20
|
|t:|1758997276
|move|p1a: Kickin' Nugget|Swords Dance|p1a: Kickin' Nugget
|-boost|p1a: Kickin' Nugget|atk|2
|move|p2a: Alomomola|Wish|p2a: Alomomola
|
|upkeep
|turn|21
|
|t:|1758997285
|-terastallize|p2a: Alomomola|Ghost
|move|p1a: Kickin' Nugget|Swords Dance|p1a: Kickin' Nugget
|-boost|p1a: Kickin' Nugget|atk|2
|move|p2a: Alomomola|Flip Turn|p1a: Kickin' Nugget
|-damage|p1a: Kickin' Nugget|52/100
|
|t:|1758997293
|switch|p2a: Gholdengo|Gholdengo|38/100|[from] Flip Turn
|
|-heal|p2a: Gholdengo|100/100|[from] move: Wish|[wisher] Alomomola
|upkeep
|turn|22
|
|t:|1758997300
|move|p1a: Kickin' Nugget|Knock Off|p2a: Gholdengo
|-supereffective|p2a: Gholdengo
|-damage|p2a: Gholdengo|1/100
|move|p2a: Gholdengo|Make It Rain|p1a: Kickin' Nugget
|-damage|p1a: Kickin' Nugget|0 fnt
|-unboost|p2a: Gholdengo|spa|1
|faint|p1a: Kickin' Nugget
|
|upkeep
|c|☆jarrodbennett|Damn
|c|☆jarrodbennett|So close.
|
|t:|1758997313
|switch|p1a: What's Up Doc?|Cinderace, M|77/100
|turn|23
|c|☆superstar|2 HP
|
|t:|1758997318
|move|p1a: What's Up Doc?|Pyro Ball|p2a: Gholdengo
|-supereffective|p2a: Gholdengo
|-damage|p2a: Gholdengo|0 fnt
|faint|p2a: Gholdengo
|
|upkeep
|
|t:|1758997323
|switch|p2a: Alomomola|Alomomola, F, tera:Ghost|100/100
|turn|24
|
|t:|1758997329
|move|p1a: What's Up Doc?|Taunt|p2a: Alomomola
|-start|p1a: What's Up Doc?|typechange|Dark|[from] ability: Libero
|-start|p2a: Alomomola|move: Taunt
|move|p2a: Alomomola|Flip Turn|p1a: What's Up Doc?
|-damage|p1a: What's Up Doc?|54/100
|
|t:|1758997335
|switch|p2a: Slowking|Slowking-Galar, F|82/100|[from] Flip Turn
|
|upkeep
|turn|25
|
|t:|1758997351
|move|p1a: What's Up Doc?|Pyro Ball|p2a: Slowking
|-damage|p2a: Slowking|43/100
|move|p2a: Slowking|Thunder Wave|p1a: What's Up Doc?
|-status|p1a: What's Up Doc?|par
|
|upkeep
|turn|26
|
|t:|1758997359
|move|p1a: What's Up Doc?|Pyro Ball|p2a: Slowking
|-damage|p2a: Slowking|1/100
|move|p2a: Slowking|Sludge Bomb|p1a: What's Up Doc?
|-damage|p1a: What's Up Doc?|1/100 par
|
|upkeep
|turn|27
|
|t:|1758997367
|switch|p2a: Alomomola|Alomomola, F, tera:Ghost|100/100
|move|p1a: What's Up Doc?|Pyro Ball|p2a: Alomomola
|-damage|p2a: Alomomola|80/100
|
|upkeep
|turn|28
|
|t:|1758997373
|move|p1a: What's Up Doc?|Pyro Ball|p2a: Alomomola
|-damage|p2a: Alomomola|60/100
|move|p2a: Alomomola|Wish|p2a: Alomomola
|
|upkeep
|turn|29
|
|t:|1758997379
|cant|p1a: What's Up Doc?|par
|move|p2a: Alomomola|Flip Turn|p1a: What's Up Doc?
|-damage|p1a: What's Up Doc?|0 fnt
|faint|p1a: What's Up Doc?
|
|t:|1758997383
|switch|p2a: Slowking|Slowking-Galar, F|35/100|[from] Flip Turn
|
|-heal|p2a: Slowking|100/100|[from] move: Wish|[wisher] Alomomola
|upkeep
|
|t:|1758997391
|switch|p1a: Big Z|Empoleon, M|54/100
|-activate|p1a: Big Z|move: Sticky Web
|-unboost|p1a: Big Z|spe|1
|-ability|p1a: Big Z|Competitive|boost
|-boost|p1a: Big Z|spa|2
|-damage|p1a: Big Z|41/100|[from] Spikes
|turn|30
|
|t:|1758997398
|move|p1a: Big Z|Surf|p2a: Slowking
|-damage|p2a: Slowking|45/100
|move|p2a: Slowking|Thunder Wave|p1a: Big Z|[miss]
|-miss|p2a: Slowking|p1a: Big Z
|
|upkeep
|turn|31
|
|t:|1758997410
|move|p1a: Big Z|Surf|p2a: Slowking
|-damage|p2a: Slowking|0 fnt
|faint|p2a: Slowking
|
|upkeep
|
|t:|1758997413
|switch|p2a: Ting-Lu|Ting-Lu|30/100
|-ability|p2a: Ting-Lu|Vessel of Ruin
|turn|32
|
|t:|1758997425
|move|p1a: Big Z|Vacuum Wave|p2a: Ting-Lu
|-supereffective|p2a: Ting-Lu
|-damage|p2a: Ting-Lu|6/100
|move|p2a: Ting-Lu|Earthquake|p1a: Big Z
|-supereffective|p1a: Big Z
|-damage|p1a: Big Z|0 fnt
|faint|p1a: Big Z
|
|win|superstar
|raw|jarrodbennett's rating: 1514 &rarr; <strong>1494</strong><br />(-20 for losing)
|raw|superstar's rating: 1509 &rarr; <strong>1529</strong><br />(+20 for winning)
|l|☆jarrodbennett
|player|p1|
|l|☆superstar
|player|p2|
