|j|☆leonardod4
|j|☆victory 4 u
|t:|1759015228
|gametype|singles
|player|p1|leonardod4|266|1182
|player|p2|victory 4 u|266|1170
|gen|9
|tier|[Gen 9] OU
|rated|
|rule|HP Percentage Mod: HP is shown in percentages
|rule|Endless Battle Clause: Forcing endless battles is banned
|rule|Species Clause: Limit one of each Pokémon
|rule|OHKO Clause: OHKO moves are banned
|rule|Evasion Items Clause: Evasion items are banned
|rule|Evasion Moves Clause: Evasion moves are banned
|rule|Evasion Abilities Clause: Evasion abilities are banned
|rule|Sleep Moves Clause: Sleep-inducing moves are banned
|clearpoke
|poke|p1|Slowking-Galar, M|
|poke|p1|Hydrapple, M|
|poke|p1|Samurott-Hisui, F|
|poke|p1|Great Tusk|
|poke|p1|Gholdengo|
|poke|p1|Clefable, M|
|poke|p2|Regidrago|
|poke|p2|Basculegion-F, F|
|poke|p2|Meowstic, M|
|poke|p2|Tentacruel, F|
|poke|p2|Ting-Lu|
|poke|p2|Ogerpon, F|
|teampreview
|
|t:|1759015250
|teamsize|p1|6
|teamsize|p2|6
|start
|switch|p1a: Samurott|Samurott-Hisui, F|100/100
|switch|p2a: Lostelle|Ogerpon, F|100/100
|turn|1
|inactive|Battle timer is ON: inactive players will automatically lose when time's up. (requested by leonardod4)
|
|t:|1759015267
|switch|p1a: Great Tusk|Great Tusk|100/100
|move|p2a: Lostelle|U-turn|p1a: Great Tusk
|-resisted|p1a: Great Tusk
|-damage|p1a: Great Tusk|91/100
|
|t:|1759015276
|switch|p2a: Help|Meowstic, M|100/100|[from] U-turn
|
|upkeep
|turn|2
|
|t:|1759015288
|move|p1a: Great Tusk|Knock Off|p2a: Help
|-supereffective|p2a: Help
|-crit|p2a: Help
|-damage|p2a: Help|0 fnt
|-enditem|p2a: Help|Damp Rock|[from] move: Knock Off|[of] p1a: Great Tusk
|faint|p2a: Help
|
|upkeep
|
|t:|1759015295
|switch|p2a: CALM|Regidrago|100/100
|turn|3
|
|t:|1759015306
|-end|p1a: Great Tusk|Protosynthesis|[silent]
|switch|p1a: Slowking|Slowking-Galar, M|100/100
|switch|p2a: Basculegion|Basculegion-F, F|100/100
|
|upkeep
|turn|4
|
|t:|1759015316
|move|p2a: Basculegion|Wave Crash|p1a: Slowking
|-damage|p1a: Slowking|10/100
|-damage|p2a: Basculegion|70/100|[from] Recoil
|-prepare|p1a: Slowking|Chilly Reception|[premajor]
|move|p1a: Slowking|Chilly Reception|p1a: Slowking
|-weather|Snowscape
|
|t:|1759015323
|switch|p1a: Hydrapple|Hydrapple, M|100/100|[from] Chilly Reception
|
|-weather|Snowscape|[upkeep]
|upkeep
|turn|5
|
|t:|1759015332
|switch|p2a: Hero|Tentacruel, F|100/100
|move|p1a: Hydrapple|Energy Ball|p2a: Hero
|-damage|p2a: Hero|78/100
|
|-weather|Snowscape|[upkeep]
|-heal|p2a: Hero|84/100|[from] item: Leftovers
|upkeep
|turn|6
|
|t:|1759015342
|switch|p1a: Samurott|Samurott-Hisui, F|100/100
|move|p2a: Hero|Knock Off|p1a: Samurott
|-resisted|p1a: Samurott
|-damage|p1a: Samurott|92/100
|-enditem|p1a: Samurott|Heavy-Duty Boots|[from] move: Knock Off|[of] p2a: Hero
|
|-weather|Snowscape|[upkeep]
|-heal|p2a: Hero|90/100|[from] item: Leftovers
|upkeep
|turn|7
|
|t:|1759015351
|move|p2a: Hero|Rapid Spin|p1a: Samurott
|-damage|p1a: Samurott|84/100
|-boost|p2a: Hero|spe|1
|move|p1a: Samurott|Ceaseless Edge|p2a: Hero
|-damage|p2a: Hero|42/100
|-sidestart|p2: victory 4 u|Spikes
|
|-weather|Snowscape|[upkeep]
|-heal|p2a: Hero|48/100|[from] item: Leftovers
|upkeep
|turn|8
|
|t:|1759015364
|move|p2a: Hero|Rapid Spin|p1a: Samurott
|-damage|p1a: Samurott|76/100
|-boost|p2a: Hero|spe|1
|-sideend|p2: victory 4 u|Spikes|[from] move: Rapid Spin|[of] p2a: Hero
|move|p1a: Samurott|Ceaseless Edge|p2a: Hero|[miss]
|-miss|p1a: Samurott|p2a: Hero
|
|-weather|none
|-heal|p2a: Hero|54/100|[from] item: Leftovers
|upkeep
|turn|9
|
|t:|1759015382
|move|p2a: Hero|Surf|p1a: Samurott
|-resisted|p1a: Samurott
|-damage|p1a: Samurott|65/100
|move|p1a: Samurott|Ceaseless Edge|p2a: Hero
|-damage|p2a: Hero|0 fnt
|-sidestart|p2: victory 4 u|Spikes
|faint|p2a: Hero
|
|upkeep
|
|t:|1759015390
|switch|p2a: Lostelle|Ogerpon, F|100/100
|-damage|p2a: Lostelle|88/100|[from] Spikes
|turn|10
|
|t:|1759015410
|move|p1a: Samurott|Sucker Punch|p2a: Lostelle
|-damage|p2a: Lostelle|55/100
|move|p2a: Lostelle|Knock Off|p1a: Samurott
|-resisted|p1a: Samurott
|-damage|p1a: Samurott|49/100
|
|upkeep
|turn|11
|
|t:|1759015421
|move|p1a: Samurott|Sucker Punch|p2a: Lostelle
|-damage|p2a: Lostelle|23/100
|move|p2a: Lostelle|Knock Off|p1a: Samurott
|-resisted|p1a: Samurott
|-damage|p1a: Samurott|35/100
|
|upkeep
|turn|12
|
|t:|1759015427
|move|p1a: Samurott|Sucker Punch|p2a: Lostelle
|-damage|p2a: Lostelle|0 fnt
|faint|p2a: Lostelle
|
|upkeep
|
|t:|1759015434
|switch|p2a: Pls|Ting-Lu|100/100
|-damage|p2a: Pls|88/100|[from] Spikes
|-ability|p2a: Pls|Vessel of Ruin
|turn|13
|
|t:|1759015452
|move|p1a: Samurott|Ceaseless Edge|p2a: Pls
|-resisted|p2a: Pls
|-damage|p2a: Pls|79/100
|-sidestart|p2: victory 4 u|Spikes
|move|p2a: Pls|Earthquake|p1a: Samurott
|-damage|p1a: Samurott|0 fnt
|faint|p1a: Samurott
|
|upkeep
|inactive|leonardod4 has 120 seconds left.
|
|t:|1759015474
|switch|p1a: Hydrapple|Hydrapple, M|100/100
|turn|14
|
|t:|1759015480
|switch|p2a: CALM|Regidrago|100/100
|-damage|p2a: CALM|84/100|[from] Spikes
|move|p1a: Hydrapple|Nasty Plot|p1a: Hydrapple
|-boost|p1a: Hydrapple|spa|2
|
|upkeep
|turn|15
|
|t:|1759015491
|switch|p1a: Clefable|Clefable, M|100/100
|move|p2a: CALM|Earth Power|p1a: Clefable
|-damage|p1a: Clefable|63/100
|
|upkeep
|turn|16
|
|t:|1759015500
|switch|p2a: Basculegion|Basculegion-F, F|70/100
|-damage|p2a: Basculegion|53/100|[from] Spikes
|move|p1a: Clefable|Moonblast|p2a: Basculegion
|-damage|p2a: Basculegion|7/100
|
|upkeep
|turn|17
|
|t:|1759015514
|switch|p1a: Hydrapple|Hydrapple, M|100/100
|move|p2a: Basculegion|Wave Crash|p1a: Hydrapple
|-resisted|p1a: Hydrapple
|-damage|p1a: Hydrapple|89/100
|-damage|p2a: Basculegion|3/100|[from] Recoil
|
|upkeep
|turn|18
|
|t:|1759015523
|move|p2a: Basculegion|Wave Crash|p1a: Hydrapple
|-resisted|p1a: Hydrapple
|-damage|p1a: Hydrapple|79/100
|-damage|p2a: Basculegion|0 fnt|[from] Recoil
|faint|p2a: Basculegion
|move|p1a: Hydrapple|Nasty Plot|p1a: Hydrapple
|-boost|p1a: Hydrapple|spa|2
|
|upkeep
|
|t:|1759015531
|switch|p2a: Pls|Ting-Lu|79/100
|-damage|p2a: Pls|62/100|[from] Spikes
|-ability|p2a: Pls|Vessel of Ruin
|turn|19
|c|☆victory 4 u|gg
|
|t:|1759015540
|move|p2a: Pls|Earthquake|p1a: Hydrapple
|-resisted|p1a: Hydrapple
|-damage|p1a: Hydrapple|63/100
|move|p1a: Hydrapple|Energy Ball|p2a: Pls
|-supereffective|p2a: Pls
|-damage|p2a: Pls|0 fnt
|faint|p2a: Pls
|
|upkeep
|c|☆leonardod4|gg
|
|t:|1759015547
|switch|p2a: CALM|Regidrago|84/100
|-damage|p2a: CALM|67/100|[from] Spikes
|turn|20
|
|t:|1759015553
|-terastallize|p2a: CALM|Fire
|-terastallize|p1a: Hydrapple|Steel
|move|p2a: CALM|Tera Blast|p1a: Hydrapple|[anim] Tera Blast Fire
|-supereffective|p1a: Hydrapple
|-damage|p1a: Hydrapple|0 fnt
|faint|p1a: Hydrapple
|
|upkeep
|
|t:|1759015565
|switch|p1a: Slowking|Slowking-Galar, M|43/100
|turn|21
|
|t:|1759015572
|switch|p1a: Clefable|Clefable, M|63/100
|move|p2a: CALM|Tera Blast|p1a: Clefable|[anim] Tera Blast Fire
|-damage|p1a: Clefable|19/100
|
|upkeep
|turn|22
|
|t:|1759015581
|move|p2a: CALM|Tera Blast|p1a: Clefable|[anim] Tera Blast Fire
|-damage|p1a: Clefable|0 fnt
|faint|p1a: Clefable
|
|upkeep
|
|t:|1759015587
|switch|p1a: Slowking|Slowking-Galar, M|76/100
|turn|23
|
|t:|1759015594
|move|p2a: CALM|Tera Blast|p1a: Slowking|[anim] Tera Blast Fire
|-damage|p1a: Slowking|47/100
|move|p1a: Slowking|Sludge Wave|p2a: CALM
|-damage|p2a: CALM|27/100
|
|upkeep
|turn|24
|
|t:|1759015600
|move|p2a: CALM|Tera Blast|p1a: Slowking|[anim] Tera Blast Fire
|-damage|p1a: Slowking|17/100
|move|p1a: Slowking|Sludge Wave|p2a: CALM
|-damage|p2a: CALM|0 fnt
|faint|p2a: CALM
|
|win|leonardod4
|raw|leonardod4's rating: 1182 &rarr; <strong>1206</strong><br />(+24 for winning)
|raw|victory 4 u's rating: 1170 &rarr; <strong>1146</strong><br />(-24 for losing)
|l|☆victory 4 u
|player|p2|
|l|☆leonardod4
|player|p1|
