|j|☆Salvage0708
|j|☆mckevindugrau
|t:|1758974646
|gametype|singles
|player|p1|Salvage0708|ethan-masters|1222
|player|p2|mckevindugrau|norman|1274
|gen|9
|tier|[Gen 9] OU
|rated|
|rule|HP Percentage Mod: HP is shown in percentages
|rule|Endless Battle Clause: Forcing endless battles is banned
|rule|Species Clause: Limit one of each Pokémon
|rule|OHKO Clause: OHKO moves are banned
|rule|Evasion Items Clause: Evasion items are banned
|rule|Evasion Moves Clause: Evasion moves are banned
|rule|Evasion Abilities Clause: Evasion abilities are banned
|rule|Sleep Moves Clause: Sleep-inducing moves are banned
|clearpoke
|poke|p1|Walking Wake|
|poke|p1|Hatterene, F|
|poke|p1|Cinccino, M|
|poke|p1|Meowscarada, F|
|poke|p1|Iron Valiant|
|poke|p1|Thundurus-Therian, M|
|poke|p2|Deoxys-Speed|
|poke|p2|Indeedee, M|
|poke|p2|Hawlucha, M|
|poke|p2|Iron Crown|
|poke|p2|Keldeo-Resolute|
|poke|p2|Cinderace, F|
|teampreview
|inactive|Battle timer is ON: inactive players will automatically lose when time's up. (requested by mckevindugrau)
|inactive|Salvage0708 also wants the timer to be on.
|c|☆Salvage0708|hi
|
|t:|1758974654
|teamsize|p1|6
|teamsize|p2|6
|start
|switch|p1a: Ker|Meowscarada, F, shiny|100/100
|switch|p2a: Trump|Deoxys-Speed|100/100
|-ability|p2a: Trump|Pressure
|turn|1
|
|t:|1758974660
|move|p2a: Trump|Focus Blast|p1a: Ker|[miss]
|-miss|p2a: Trump|p1a: Ker
|move|p1a: Ker|U-turn|p2a: Trump
|-start|p1a: Ker|typechange|Bug|[from] ability: Protean
|-supereffective|p2a: Trump
|-damage|p2a: Trump|6/100
|
|t:|1758974673
|switch|p1a: Cinccino|Cinccino, M|100/100|[from] U-turn
|
|upkeep
|turn|2
|
|t:|1758974678
|move|p2a: Trump|Focus Blast|p1a: Cinccino|[miss]
|-miss|p2a: Trump|p1a: Cinccino
|move|p1a: Cinccino|Tidy Up|p1a: Cinccino
|-boost|p1a: Cinccino|atk|1
|-boost|p1a: Cinccino|spe|1
|
|upkeep
|turn|3
|
|t:|1758974686
|move|p1a: Cinccino|Rock Blast|p2a: Trump
|-damage|p2a: Trump|0 fnt
|faint|p2a: Trump
|-hitcount|p2: Trump|1
|
|upkeep
|
|t:|1758974693
|switch|p2a: Keldeo|Keldeo-Resolute|100/100
|turn|4
|
|t:|1758974697
|move|p1a: Cinccino|Tail Slap|p2a: Keldeo
|-damage|p2a: Keldeo|72/100
|-crit|p2a: Keldeo
|-damage|p2a: Keldeo|29/100
|-damage|p2a: Keldeo|1/100
|-damage|p2a: Keldeo|0 fnt
|faint|p2a: Keldeo
|-hitcount|p2: Keldeo|4
|
|upkeep
|
|t:|1758974699
|switch|p2a: Indeedee|Indeedee, M|100/100
|-fieldstart|move: Psychic Terrain|[from] ability: Psychic Surge|[of] p2a: Indeedee
|turn|5
|
|t:|1758974708
|move|p1a: Cinccino|Tail Slap|p2a: Indeedee|[miss]
|-miss|p1a: Cinccino|p2a: Indeedee
|move|p2a: Indeedee|Expanding Force|p1a: Cinccino
|-damage|p1a: Cinccino|0 fnt
|faint|p1a: Cinccino
|
|upkeep
|
|t:|1758974713
|switch|p1a: Ker|Meowscarada, F, shiny|100/100
|turn|6
|
|t:|1758974720
|switch|p2a: El macho|Hawlucha, M|100/100
|-enditem|p2a: El macho|Psychic Seed
|-boost|p2a: El macho|spd|1|[from] item: Psychic Seed
|move|p1a: Ker|Knock Off|p2a: El macho
|-start|p1a: Ker|typechange|Dark|[from] ability: Protean
|-resisted|p2a: El macho
|-damage|p2a: El macho|84/100
|
|upkeep
|turn|7
|
|t:|1758974725
|switch|p1a: Hatterene|Hatterene, F, shiny|100/100
|move|p2a: El macho|Substitute|p2a: El macho
|-start|p2a: El macho|Substitute
|-damage|p2a: El macho|59/100
|
|upkeep
|turn|8
|
|t:|1758974731
|move|p2a: El macho|Swords Dance|p2a: El macho
|-boost|p2a: El macho|atk|2
|move|p1a: Hatterene|Draining Kiss|p2a: El macho
|-supereffective|p2a: El macho
|-end|p2a: El macho|Substitute
|
|upkeep
|turn|9
|
|t:|1758974738
|move|p2a: El macho|Substitute|p2a: El macho
|-start|p2a: El macho|Substitute
|-damage|p2a: El macho|34/100
|move|p1a: Hatterene|Draining Kiss|p2a: El macho
|-supereffective|p2a: El macho
|-end|p2a: El macho|Substitute
|
|upkeep
|turn|10
|
|t:|1758974741
|move|p2a: El macho|Acrobatics|p1a: Hatterene
|-damage|p1a: Hatterene|17/100
|move|p1a: Hatterene|Draining Kiss|p2a: El macho
|-supereffective|p2a: El macho
|-damage|p2a: El macho|0 fnt
|-heal|p1a: Hatterene|45/100|[from] drain|[of] p2a: El macho
|faint|p2a: El macho
|
|-heal|p1a: Hatterene|51/100|[from] item: Leftovers
|upkeep
|
|t:|1758974744
|switch|p2a: Iron Crown|Iron Crown|100/100
|-enditem|p2a: Iron Crown|Psychic Seed
|-boost|p2a: Iron Crown|spd|1|[from] item: Psychic Seed
|turn|11
|
|t:|1758974752
|-terastallize|p1a: Hatterene|Water
|move|p2a: Iron Crown|Agility|p2a: Iron Crown
|-boost|p2a: Iron Crown|spe|2
|move|p1a: Hatterene|Mystical Fire|p2a: Iron Crown
|-supereffective|p2a: Iron Crown
|-damage|p2a: Iron Crown|74/100
|-unboost|p2a: Iron Crown|spa|1
|
|-heal|p1a: Hatterene|57/100|[from] item: Leftovers
|upkeep
|turn|12
|
|t:|1758974765
|-terastallize|p2a: Iron Crown|Fairy
|move|p2a: Iron Crown|Calm Mind|p2a: Iron Crown
|-boost|p2a: Iron Crown|spa|1
|-boost|p2a: Iron Crown|spd|1
|move|p1a: Hatterene|Mystical Fire|p2a: Iron Crown
|-damage|p2a: Iron Crown|65/100
|-unboost|p2a: Iron Crown|spa|1
|
|-heal|p1a: Hatterene|63/100|[from] item: Leftovers
|-fieldend|move: Psychic Terrain
|upkeep
|turn|13
|
|t:|1758974772
|move|p2a: Iron Crown|Calm Mind|p2a: Iron Crown
|-boost|p2a: Iron Crown|spa|1
|-boost|p2a: Iron Crown|spd|1
|move|p1a: Hatterene|Calm Mind|p1a: Hatterene
|-boost|p1a: Hatterene|spa|1
|-boost|p1a: Hatterene|spd|1
|
|-heal|p1a: Hatterene|69/100|[from] item: Leftovers
|upkeep
|turn|14
|
|t:|1758974779
|move|p2a: Iron Crown|Calm Mind|p2a: Iron Crown
|-boost|p2a: Iron Crown|spa|1
|-boost|p2a: Iron Crown|spd|1
|move|p1a: Hatterene|Calm Mind|p1a: Hatterene
|-boost|p1a: Hatterene|spa|1
|-boost|p1a: Hatterene|spd|1
|
|-heal|p1a: Hatterene|75/100|[from] item: Leftovers
|upkeep
|turn|15
|
|t:|1758974788
|move|p2a: Iron Crown|Stored Power|p1a: Hatterene
|-damage|p1a: Hatterene|13/100
|move|p1a: Hatterene|Mystical Fire|p2a: Iron Crown
|-damage|p2a: Iron Crown|53/100
|-unboost|p2a: Iron Crown|spa|1
|
|-heal|p1a: Hatterene|19/100|[from] item: Leftovers
|upkeep
|turn|16
|
|t:|1758974791
|move|p2a: Iron Crown|Stored Power|p1a: Hatterene
|-damage|p1a: Hatterene|0 fnt
|faint|p1a: Hatterene
|
|upkeep
|
|t:|1758974799
|switch|p1a: Ker|Meowscarada, F, shiny|100/100
|turn|17
|
|t:|1758974805
|move|p2a: Iron Crown|Tera Blast|p1a: Ker|[anim] Tera Blast Fairy
|-supereffective|p1a: Ker
|-damage|p1a: Ker|0 fnt
|faint|p1a: Ker
|
|upkeep
|
|t:|1758974808
|switch|p1a: Violet|Iron Valiant|100/100
|-enditem|p1a: Violet|Booster Energy
|-activate|p1a: Violet|ability: Quark Drive|[fromitem]
|-start|p1a: Violet|quarkdrivespe
|turn|18
|
|t:|1758974814
|move|p1a: Violet|Shadow Ball|p2a: Iron Crown
|-damage|p2a: Iron Crown|46/100
|-unboost|p2a: Iron Crown|spd|1
|move|p2a: Iron Crown|Stored Power|p1a: Violet
|-supereffective|p1a: Violet
|-damage|p1a: Violet|0 fnt
|faint|p1a: Violet
|-end|p1a: Violet|Quark Drive|[silent]
|
|upkeep
|
|t:|1758974820
|switch|p1a: Walking Wake|Walking Wake|100/100
|turn|19
|
|t:|1758974824
|move|p2a: Iron Crown|Stored Power|p1a: Walking Wake
|-damage|p1a: Walking Wake|18/100
|move|p1a: Walking Wake|Flamethrower|p2a: Iron Crown
|-damage|p2a: Iron Crown|36/100
|
|upkeep
|turn|20
|
|t:|1758974830
|move|p2a: Iron Crown|Stored Power|p1a: Walking Wake
|-damage|p1a: Walking Wake|0 fnt
|faint|p1a: Walking Wake
|-end|p1a: Walking Wake|Protosynthesis|[silent]
|
|upkeep
|c|☆Salvage0708|gg
|
|t:|1758974836
|switch|p1a: Soup|Thundurus-Therian, M|100/100
|turn|21
|
|t:|1758974840
|move|p2a: Iron Crown|Stored Power|p1a: Soup
|-damage|p1a: Soup|16/100
|move|p1a: Soup|Thunderbolt|p2a: Iron Crown
|-damage|p2a: Iron Crown|17/100
|
|upkeep
|turn|22
|
|t:|1758974842
|move|p2a: Iron Crown|Stored Power|p1a: Soup
|-damage|p1a: Soup|0 fnt
|faint|p1a: Soup
|
|win|mckevindugrau
|raw|Salvage0708's rating: 1222 &rarr; <strong>1201</strong><br />(-21 for losing)
|raw|mckevindugrau's rating: 1274 &rarr; <strong>1295</strong><br />(+21 for winning)
|l|☆Salvage0708
|player|p1|
