|j|☆TEATRERO MUGROSO
|j|☆Havestol
|t:|1758938409
|gametype|singles
|player|p1|TEATRERO MUGROSO|cynthia-gen4|1398
|player|p2|Havestol|mars|1450
|gen|9
|tier|[Gen 9] OU
|rated|
|rule|HP Percentage Mod: HP is shown in percentages
|rule|Endless Battle Clause: Forcing endless battles is banned
|rule|Species Clause: Limit one of each Pokémon
|rule|OHKO Clause: OHKO moves are banned
|rule|Evasion Items Clause: Evasion items are banned
|rule|Evasion Moves Clause: Evasion moves are banned
|rule|Evasion Abilities Clause: Evasion abilities are banned
|rule|Sleep Moves Clause: Sleep-inducing moves are banned
|clearpoke
|poke|p1|Orthworm, F|
|poke|p1|Clodsire, M|
|poke|p1|Sinistcha-Masterpiece|
|poke|p1|Tyranitar, M|
|poke|p1|Cryogonal|
|poke|p1|Clefable, M|
|poke|p2|Zoroark-Hisui, F|
|poke|p2|Araquanid, F|
|poke|p2|Zamazenta-*|
|poke|p2|Raging Bolt|
|poke|p2|Darkrai|
|poke|p2|Iron Treads|
|teampreview
|inactive|Battle timer is ON: inactive players will automatically lose when time's up. (requested by TEATRERO MUGROSO)
|inactive|Havestol has 120 seconds left.
|
|t:|1758938441
|teamsize|p1|6
|teamsize|p2|6
|start
|switch|p1a: Orthworm|Orthworm, F|100/100
|switch|p2a: Darkrai|Darkrai|100/100
|turn|1
|
|t:|1758938456
|switch|p1a: Clodsire|Clodsire, M|100/100
|move|p2a: Darkrai|Swords Dance|p2a: Darkrai
|-boost|p2a: Darkrai|atk|2
|
|upkeep
|turn|2
|
|t:|1758938463
|switch|p1a: Clefable|Clefable, M|100/100
|move|p2a: Darkrai|Poltergeist|p1a: Clefable
|-activate|p1a: Clefable|move: Poltergeist|Leftovers
|-damage|p1a: Clefable|66/100
|
|-heal|p1a: Clefable|72/100|[from] item: Leftovers
|upkeep
|turn|3
|inactive|Havestol has 120 seconds left.
|
|t:|1758938503
|move|p2a: Darkrai|Poltergeist|p1a: Clefable
|-activate|p1a: Clefable|move: Poltergeist|Leftovers
|-damage|p1a: Clefable|37/100
|move|p1a: Clefable|Wish|p1a: Clefable
|
|-heal|p1a: Clefable|43/100|[from] item: Leftovers
|upkeep
|turn|4
|
|t:|1758938517
|switch|p2a: Iron Treads|Iron Treads|100/100
|-enditem|p2a: Iron Treads|Booster Energy
|-activate|p2a: Iron Treads|ability: Quark Drive|[fromitem]
|-start|p2a: Iron Treads|quarkdriveatk
|move|p1a: Clefable|Knock Off|p2a: Iron Treads
|-damage|p2a: Iron Treads|91/100
|
|-heal|p1a: Clefable|93/100|[from] move: Wish|[wisher] Clefable
|-heal|p1a: Clefable|99/100|[from] item: Leftovers
|upkeep
|turn|5
|
|t:|1758938535
|switch|p1a: Sinistcha|Sinistcha-Masterpiece|100/100
|move|p2a: Iron Treads|Earthquake|p1a: Sinistcha
|-resisted|p1a: Sinistcha
|-damage|p1a: Sinistcha|77/100
|
|-heal|p1a: Sinistcha|83/100|[from] item: Leftovers
|upkeep
|turn|6
|inactive|Havestol has 120 seconds left.
|
|t:|1758938557
|move|p2a: Iron Treads|Ice Spinner|p1a: Sinistcha
|-supereffective|p1a: Sinistcha
|-damage|p1a: Sinistcha|38/100
|move|p1a: Sinistcha|Matcha Gotcha|p2a: Iron Treads
|-damage|p2a: Iron Treads|44/100
|-heal|p1a: Sinistcha|60/100|[from] drain|[of] p2a: Iron Treads
|
|-heal|p1a: Sinistcha|66/100|[from] item: Leftovers
|upkeep
|turn|7
|
|t:|1758938567
|move|p2a: Iron Treads|Ice Spinner|p1a: Sinistcha
|-supereffective|p1a: Sinistcha
|-damage|p1a: Sinistcha|15/100
|move|p1a: Sinistcha|Strength Sap|p2a: Iron Treads
|-unboost|p2a: Iron Treads|atk|1
|-heal|p1a: Sinistcha|100/100
|
|upkeep
|turn|8
|
|t:|1758938575
|-end|p2a: Iron Treads|Quark Drive|[silent]
|switch|p2a: Darkrai|Darkrai|100/100
|move|p1a: Sinistcha|Matcha Gotcha|p2a: Darkrai
|-damage|p2a: Darkrai|59/100
|
|upkeep
|turn|9
|
|t:|1758938583
|switch|p1a: Clodsire|Clodsire, M|100/100
|move|p2a: Darkrai|Nasty Plot|p2a: Darkrai
|-boost|p2a: Darkrai|spa|2
|
|upkeep
|turn|10
|
|t:|1758938589
|move|p2a: Darkrai|Ice Beam|p1a: Clodsire
|-supereffective|p1a: Clodsire
|-damage|p1a: Clodsire|26/100
|move|p1a: Clodsire|Toxic|p2a: Darkrai
|-status|p2a: Darkrai|tox
|
|-heal|p1a: Clodsire|32/100|[from] item: Black Sludge
|-damage|p2a: Darkrai|52/100 tox|[from] psn
|upkeep
|turn|11
|
|t:|1758938598
|switch|p1a: Cryogonal|Cryogonal|100/100
|move|p2a: Darkrai|Dark Pulse|p1a: Cryogonal
|-damage|p1a: Cryogonal|51/100
|
|-damage|p2a: Darkrai|40/100 tox|[from] psn
|upkeep
|turn|12
|
|t:|1758938606
|move|p2a: Darkrai|Dark Pulse|p1a: Cryogonal
|-damage|p1a: Cryogonal|4/100
|cant|p1a: Cryogonal|flinch
|
|-damage|p2a: Darkrai|22/100 tox|[from] psn
|upkeep
|turn|13
|
|t:|1758938614
|move|p2a: Darkrai|Ice Beam|p1a: Cryogonal
|-resisted|p1a: Cryogonal
|-damage|p1a: Cryogonal|0 fnt
|faint|p1a: Cryogonal
|
|-damage|p2a: Darkrai|0 fnt|[from] psn
|faint|p2a: Darkrai
|upkeep
|
|t:|1758938629
|switch|p2a: Raging Bolt|Raging Bolt|100/100
|switch|p1a: Orthworm|Orthworm, F|100/100
|-enditem|p2a: Raging Bolt|Booster Energy
|-activate|p2a: Raging Bolt|ability: Protosynthesis|[fromitem]
|-start|p2a: Raging Bolt|protosynthesisspa
|turn|14
|
|t:|1758938641
|switch|p1a: Tyranitar|Tyranitar, M|100/100
|-weather|Sandstorm|[from] ability: Sand Stream|[of] p1a: Tyranitar
|move|p2a: Raging Bolt|Calm Mind|p2a: Raging Bolt
|-boost|p2a: Raging Bolt|spa|1
|-boost|p2a: Raging Bolt|spd|1
|
|-weather|Sandstorm|[upkeep]
|-damage|p2a: Raging Bolt|94/100|[from] Sandstorm
|upkeep
|turn|15
|
|t:|1758938662
|-terastallize|p2a: Raging Bolt|Fairy
|move|p2a: Raging Bolt|Thunderbolt|p1a: Tyranitar
|-damage|p1a: Tyranitar|56/100
|-status|p1a: Tyranitar|par
|cant|p1a: Tyranitar|par
|
|-weather|Sandstorm|[upkeep]
|-damage|p2a: Raging Bolt|88/100|[from] Sandstorm
|-heal|p1a: Tyranitar|62/100 par|[from] item: Leftovers
|upkeep
|turn|16
|
|t:|1758938674
|move|p2a: Raging Bolt|Thunderbolt|p1a: Tyranitar
|-damage|p1a: Tyranitar|16/100 par
|move|p1a: Tyranitar|Roar|p2a: Raging Bolt
|-end|p2a: Raging Bolt|Protosynthesis|[silent]
|drag|p2a: Iron Treads|Iron Treads|100/100
|
|-weather|Sandstorm|[upkeep]
|-damage|p2a: Iron Treads|95/100|[from] Sandstorm
|-heal|p1a: Tyranitar|23/100 par|[from] item: Leftovers
|upkeep
|turn|17
|-message|TEATRERO MUGROSO forfeited.
|
|win|Havestol
|raw|TEATRERO MUGROSO's rating: 1398 &rarr; <strong>1381</strong><br />(-17 for losing)
|raw|Havestol's rating: 1450 &rarr; <strong>1467</strong><br />(+17 for winning)
|l|☆TEATRERO MUGROSO
|player|p1|
