|j|☆Mukbang fan
|j|☆obezer
|t:|1759059688
|gametype|singles
|player|p1|Mukbang fan|kimonogirl|1111
|player|p2|obezer|marshal|1109
|gen|9
|tier|[Gen 9] OU
|rated|
|rule|HP Percentage Mod: HP is shown in percentages
|rule|Endless Battle Clause: Forcing endless battles is banned
|rule|Species Clause: Limit one of each Pokémon
|rule|OHKO Clause: OHKO moves are banned
|rule|Evasion Items Clause: Evasion items are banned
|rule|Evasion Moves Clause: Evasion moves are banned
|rule|Evasion Abilities Clause: Evasion abilities are banned
|rule|Sleep Moves Clause: Sleep-inducing moves are banned
|clearpoke
|poke|p1|Cramorant, M|
|poke|p1|Araquanid, M|
|poke|p1|Amoonguss, F|
|poke|p1|Exeggcute, M|
|poke|p1|Malamar, F|
|poke|p1|Sinistcha|
|poke|p2|Pincurchin, M|
|poke|p2|Raichu-Alola, M|
|poke|p2|Hawlucha, M|
|poke|p2|Rotom-Wash|
|poke|p2|Pawmot, F|
|poke|p2|Weezing-Galar, M|
|teampreview
|inactive|Battle timer is ON: inactive players will automatically lose when time's up. (requested by Mukbang fan)
|
|t:|1759059716
|teamsize|p1|6
|teamsize|p2|6
|start
|switch|p1a: Amoonguss|Amoonguss, F|100/100
|switch|p2a: Pincurchin|Pincurchin, M|100/100
|-fieldstart|move: Electric Terrain|[from] ability: Electric Surge|[of] p2a: Pincurchin
|turn|1
|
|t:|1759059723
|move|p1a: Amoonguss|Toxic|p2a: Pincurchin
|-status|p2a: Pincurchin|tox
|move|p2a: Pincurchin|Thunder Wave|p1a: Amoonguss
|-status|p1a: Amoonguss|par
|
|-damage|p2a: Pincurchin|94/100 tox|[from] psn
|upkeep
|turn|2
|
|t:|1759059740
|switch|p2a: Raichu|Raichu-Alola, M|100/100
|cant|p1a: Amoonguss|par
|
|upkeep
|turn|3
|
|t:|1759059749
|move|p2a: Raichu|Psyshock|p1a: Amoonguss
|-supereffective|p1a: Amoonguss
|-damage|p1a: Amoonguss|30/100 par
|-damage|p2a: Raichu|91/100|[from] item: Life Orb
|cant|p1a: Amoonguss|par
|
|upkeep
|turn|4
|
|t:|1759059757
|switch|p1a: Exeggcute|Exeggcute, M|100/100
|move|p2a: Raichu|Psyshock|p1a: Exeggcute
|-resisted|p1a: Exeggcute
|-damage|p1a: Exeggcute|82/100
|-damage|p2a: Raichu|81/100|[from] item: Life Orb
|
|upkeep
|turn|5
|
|t:|1759059773
|move|p2a: Raichu|Volt Switch|p1a: Exeggcute
|-resisted|p1a: Exeggcute
|-damage|p1a: Exeggcute|55/100
|-damage|p2a: Raichu|71/100|[from] item: Life Orb
|
|t:|1759059786
|switch|p2a: Weezing|Weezing-Galar, M|100/100|[from] Volt Switch
|-ability|p2a: Weezing|Neutralizing Gas
|move|p1a: Exeggcute|Leech Seed|p2a: Weezing
|-start|p2a: Weezing|move: Leech Seed
|
|-damage|p2a: Weezing|88/100|[from] Leech Seed|[of] p1a: Exeggcute
|-heal|p1a: Exeggcute|70/100|[silent]
|upkeep
|turn|6
|
|t:|1759059797
|move|p2a: Weezing|Defog|p1a: Exeggcute
|-unboost|p1a: Exeggcute|evasion|1
|-fieldend|move: Electric Terrain
|move|p1a: Exeggcute|Light Screen|p1a: Exeggcute
|-sidestart|p1: Mukbang fan|move: Light Screen
|
|-damage|p2a: Weezing|76/100|[from] Leech Seed|[of] p1a: Exeggcute
|-heal|p1a: Exeggcute|86/100|[silent]
|upkeep
|turn|7
|
|t:|1759059805
|move|p2a: Weezing|Will-O-Wisp|p1a: Exeggcute
|-status|p1a: Exeggcute|brn
|move|p1a: Exeggcute|Psychic Noise|p2a: Weezing
|-supereffective|p2a: Weezing
|-damage|p2a: Weezing|31/100
|-start|p2a: Weezing|move: Heal Block
|
|-damage|p2a: Weezing|19/100|[from] Leech Seed|[of] p1a: Exeggcute
|-heal|p1a: Exeggcute|100/100 brn|[silent]
|-damage|p1a: Exeggcute|94/100 brn|[from] brn
|upkeep
|turn|8
|
|t:|1759059818
|move|p2a: Weezing|Pain Split|p1a: Exeggcute
|-sethp|p1a: Exeggcute|59/100 brn|[from] move: Pain Split|[silent]
|-sethp|p2a: Weezing|46/100|[from] move: Pain Split
|move|p1a: Exeggcute|Psychic Noise|p2a: Weezing
|-supereffective|p2a: Weezing
|-damage|p2a: Weezing|4/100
|
|-damage|p2a: Weezing|0 fnt|[from] Leech Seed|[of] p1a: Exeggcute
|-heal|p1a: Exeggcute|64/100 brn|[silent]
|faint|p2a: Weezing
|-end|p2a: Weezing|ability: Neutralizing Gas
|-damage|p1a: Exeggcute|58/100 brn|[from] brn
|upkeep
|
|t:|1759059841
|switch|p2a: Rotom|Rotom-Wash|100/100
|turn|9
|
|t:|1759059845
|move|p2a: Rotom|Light Screen|p2a: Rotom
|-sidestart|p2: obezer|move: Light Screen
|move|p1a: Exeggcute|Leech Seed|p2a: Rotom
|-start|p2a: Rotom|move: Leech Seed
|
|-damage|p2a: Rotom|88/100|[from] Leech Seed|[of] p1a: Exeggcute
|-heal|p1a: Exeggcute|69/100 brn|[silent]
|-damage|p1a: Exeggcute|63/100 brn|[from] brn
|upkeep
|turn|10
|
|t:|1759059856
|move|p2a: Rotom|Volt Switch|p1a: Exeggcute
|-resisted|p1a: Exeggcute
|-damage|p1a: Exeggcute|54/100 brn
|
|t:|1759059860
|switch|p2a: Pincurchin|Pincurchin, M|94/100 tox|[from] Volt Switch
|-fieldstart|move: Electric Terrain|[from] ability: Electric Surge|[of] p2a: Pincurchin
|move|p1a: Exeggcute|Reflect|p1a: Exeggcute
|-sidestart|p1: Mukbang fan|Reflect
|
|-damage|p2a: Pincurchin|88/100 tox|[from] psn
|-damage|p1a: Exeggcute|48/100 brn|[from] brn
|-sideend|p1: Mukbang fan|move: Light Screen
|upkeep
|turn|11
|
|t:|1759059872
|move|p2a: Pincurchin|Sucker Punch||[still]
|-fail|p2a: Pincurchin
|move|p1a: Exeggcute|Light Screen|p1a: Exeggcute
|-sidestart|p1: Mukbang fan|move: Light Screen
|
|-damage|p2a: Pincurchin|76/100 tox|[from] psn
|-damage|p1a: Exeggcute|42/100 brn|[from] brn
|upkeep
|turn|12
|
|t:|1759059880
|switch|p1a: Malamar|Malamar, F|100/100
|move|p2a: Pincurchin|Memento|p1a: Malamar
|-boost|p1a: Malamar|atk|2
|-boost|p1a: Malamar|spa|2
|faint|p2a: Pincurchin
|
|upkeep
|
|t:|1759059909
|switch|p2a: Hawlucha|Hawlucha, M|100/100
|-enditem|p2a: Hawlucha|Electric Seed
|-boost|p2a: Hawlucha|def|1|[from] item: Electric Seed
|turn|13
|
|t:|1759059923
|move|p2a: Hawlucha|Swords Dance|p2a: Hawlucha
|-boost|p2a: Hawlucha|atk|2
|move|p1a: Malamar|Psycho Cut|p2a: Hawlucha
|-supereffective|p2a: Hawlucha
|-damage|p2a: Hawlucha|0 fnt
|faint|p2a: Hawlucha
|
|upkeep
|-message|obezer forfeited.
|
|win|Mukbang fan
|raw|Mukbang fan's rating: 1111 &rarr; <strong>1136</strong><br />(+25 for winning)
|raw|obezer's rating: 1109 &rarr; <strong>1084</strong><br />(-25 for losing)
|l|☆obezer
|player|p2|
