|j|☆Mr.X&Y97
|j|☆Shibuya Arc
|t:|1758923563
|gametype|singles
|player|p1|Mr.X&Y97|ingo|1593
|player|p2|Shibuya Arc|265|1578
|gen|9
|tier|[Gen 9] OU
|rated|
|rule|HP Percentage Mod: HP is shown in percentages
|rule|Endless Battle Clause: Forcing endless battles is banned
|rule|Species Clause: Limit one of each Pokémon
|rule|OHKO Clause: OHKO moves are banned
|rule|Evasion Items Clause: Evasion items are banned
|rule|Evasion Moves Clause: Evasion moves are banned
|rule|Evasion Abilities Clause: Evasion abilities are banned
|rule|Sleep Moves Clause: Sleep-inducing moves are banned
|clearpoke
|poke|p1|Ursaluna, M|
|poke|p1|Hatterene, F|
|poke|p1|Keldeo-Resolute|
|poke|p1|Cresselia, F|
|poke|p1|Iron Valiant|
|poke|p1|Samurott-Hisui, F|
|poke|p2|Dragapult, M|
|poke|p2|Dragonite, F|
|poke|p2|Ting-Lu|
|poke|p2|Weezing-Galar, F|
|poke|p2|Iron Crown|
|poke|p2|Zapdos|
|teampreview
|inactive|Battle timer is ON: inactive players will automatically lose when time's up. (requested by Mr.X&Y97)
|inactive|Shibuya Arc also wants the timer to be on.
|
|t:|1758923578
|teamsize|p1|6
|teamsize|p2|6
|start
|switch|p1a: Samurott|Samurott-Hisui, F|100/100
|switch|p2a: Iron Crown|Iron Crown|100/100
|turn|1
|
|t:|1758923584
|move|p1a: Samurott|Ceaseless Edge|p2a: Iron Crown
|-supereffective|p2a: Iron Crown
|-damage|p2a: Iron Crown|0 fnt
|-sidestart|p2: Shibuya Arc|Spikes
|faint|p2a: Iron Crown
|-end|p2a: Iron Crown|Quark Drive|[silent]
|
|upkeep
|
|t:|1758923593
|switch|p2a: Dragonite|Dragonite, F|100/100
|turn|2
|
|t:|1758923599
|switch|p1a: Iron Valiant|Iron Valiant|100/100
|-enditem|p1a: Iron Valiant|Booster Energy
|-activate|p1a: Iron Valiant|ability: Quark Drive|[fromitem]
|-start|p1a: Iron Valiant|quarkdrivespe
|move|p2a: Dragonite|Dragon Dance|p2a: Dragonite
|-boost|p2a: Dragonite|atk|1
|-boost|p2a: Dragonite|spe|1
|
|upkeep
|turn|3
|
|t:|1758923605
|switch|p2a: Ting-Lu|Ting-Lu|100/100
|-damage|p2a: Ting-Lu|88/100|[from] Spikes
|-ability|p2a: Ting-Lu|Vessel of Ruin
|-terastallize|p1a: Iron Valiant|Ghost
|move|p1a: Iron Valiant|Moonblast|p2a: Ting-Lu
|-supereffective|p2a: Ting-Lu
|-damage|p2a: Ting-Lu|51/100
|
|-heal|p2a: Ting-Lu|57/100|[from] item: Leftovers
|upkeep
|turn|4
|
|t:|1758923613
|-terastallize|p2a: Ting-Lu|Water
|move|p1a: Iron Valiant|Close Combat|p2a: Ting-Lu
|-damage|p2a: Ting-Lu|31/100
|-unboost|p1a: Iron Valiant|def|1
|-unboost|p1a: Iron Valiant|spd|1
|move|p2a: Ting-Lu|Ruination|p1a: Iron Valiant
|-damage|p1a: Iron Valiant|51/100
|
|-heal|p2a: Ting-Lu|37/100|[from] item: Leftovers
|upkeep
|turn|5
|
|t:|1758923639
|move|p1a: Iron Valiant|Destiny Bond|p1a: Iron Valiant
|-singlemove|p1a: Iron Valiant|Destiny Bond
|move|p2a: Ting-Lu|Stealth Rock|p1a: Iron Valiant
|-sidestart|p1: Mr.X&Y97|move: Stealth Rock
|
|-heal|p2a: Ting-Lu|43/100|[from] item: Leftovers
|upkeep
|turn|6
|
|t:|1758923647
|switch|p2a: Zapdos|Zapdos|100/100
|move|p1a: Iron Valiant|Destiny Bond||[still]
|-fail|p1a: Iron Valiant
|
|upkeep
|turn|7
|
|t:|1758923652
|move|p1a: Iron Valiant|Destiny Bond|p1a: Iron Valiant
|-singlemove|p1a: Iron Valiant|Destiny Bond
|move|p2a: Zapdos|Roost||[still]
|-fail|p2a: Zapdos|heal
|
|upkeep
|turn|8
|
|t:|1758923660
|move|p1a: Iron Valiant|Moonblast|p2a: Zapdos
|-damage|p2a: Zapdos|43/100
|move|p2a: Zapdos|Roost|p2a: Zapdos
|-heal|p2a: Zapdos|93/100
|-singleturn|p2a: Zapdos|move: Roost
|
|upkeep
|turn|9
|
|t:|1758923666
|move|p1a: Iron Valiant|Moonblast|p2a: Zapdos
|-damage|p2a: Zapdos|37/100
|move|p2a: Zapdos|Roost|p2a: Zapdos
|-heal|p2a: Zapdos|87/100
|-singleturn|p2a: Zapdos|move: Roost
|
|upkeep
|turn|10
|
|t:|1758923673
|move|p1a: Iron Valiant|Destiny Bond|p1a: Iron Valiant
|-singlemove|p1a: Iron Valiant|Destiny Bond
|move|p2a: Zapdos|Roost|p2a: Zapdos
|-heal|p2a: Zapdos|100/100
|-singleturn|p2a: Zapdos|move: Roost
|
|upkeep
|turn|11
|
|t:|1758923689
|move|p1a: Iron Valiant|Moonblast|p2a: Zapdos
|-damage|p2a: Zapdos|50/100
|move|p2a: Zapdos|Roost|p2a: Zapdos
|-heal|p2a: Zapdos|100/100
|-singleturn|p2a: Zapdos|move: Roost
|
|upkeep
|turn|12
|
|t:|1758923695
|move|p1a: Iron Valiant|Destiny Bond|p1a: Iron Valiant
|-singlemove|p1a: Iron Valiant|Destiny Bond
|move|p2a: Zapdos|Roost||[still]
|-fail|p2a: Zapdos|heal
|
|upkeep
|turn|13
|
|t:|1758923701
|move|p1a: Iron Valiant|Moonblast|p2a: Zapdos
|-damage|p2a: Zapdos|52/100
|move|p2a: Zapdos|Roost|p2a: Zapdos
|-heal|p2a: Zapdos|100/100
|-singleturn|p2a: Zapdos|move: Roost
|
|upkeep
|turn|14
|
|t:|1758923707
|move|p1a: Iron Valiant|Destiny Bond|p1a: Iron Valiant
|-singlemove|p1a: Iron Valiant|Destiny Bond
|move|p2a: Zapdos|Roost||[still]
|-fail|p2a: Zapdos|heal
|
|upkeep
|turn|15
|
|t:|1758923724
|move|p1a: Iron Valiant|Moonblast|p2a: Zapdos
|-crit|p2a: Zapdos
|-damage|p2a: Zapdos|15/100
|-unboost|p2a: Zapdos|spa|1
|move|p2a: Zapdos|Heat Wave|p1a: Iron Valiant
|-damage|p1a: Iron Valiant|0 fnt
|faint|p1a: Iron Valiant
|-end|p1a: Iron Valiant|Quark Drive|[silent]
|
|upkeep
|
|t:|1758923728
|switch|p1a: Samurott|Samurott-Hisui, F|100/100
|-damage|p1a: Samurott|88/100|[from] Stealth Rock
|turn|16
|
|t:|1758923734
|switch|p2a: Dragapult|Dragapult, M|100/100
|move|p1a: Samurott|Flip Turn|p2a: Dragapult
|-resisted|p2a: Dragapult
|-damage|p2a: Dragapult|79/100
|
|t:|1758923752
|switch|p1a: Cresselia|Cresselia, F|100/100|[from] Flip Turn
|-damage|p1a: Cresselia|88/100|[from] Stealth Rock
|
|upkeep
|turn|17
|
|t:|1758923757
|move|p2a: Dragapult|U-turn|p1a: Cresselia
|-supereffective|p1a: Cresselia
|-damage|p1a: Cresselia|66/100
|-damage|p2a: Dragapult|63/100|[from] item: Rocky Helmet|[of] p1a: Cresselia
|
|t:|1758923765
|switch|p2a: Ting-Lu|Ting-Lu, tera:Water|43/100|[from] U-turn
|-damage|p2a: Ting-Lu|31/100|[from] Spikes
|-ability|p2a: Ting-Lu|Vessel of Ruin
|move|p1a: Cresselia|Trick Room|p1a: Cresselia
|-fieldstart|move: Trick Room|[of] p1a: Cresselia
|
|-heal|p2a: Ting-Lu|37/100|[from] item: Leftovers
|upkeep
|turn|18
|
|t:|1758923775
|switch|p1a: Ursaluna|Ursaluna, M|100/100
|-damage|p1a: Ursaluna|94/100|[from] Stealth Rock
|move|p2a: Ting-Lu|Ruination|p1a: Ursaluna
|-damage|p1a: Ursaluna|48/100
|
|-heal|p2a: Ting-Lu|43/100|[from] item: Leftovers
|-status|p1a: Ursaluna|brn|[from] item: Flame Orb
|upkeep
|turn|19
|
|t:|1758923785
|switch|p2a: Dragapult|Dragapult, M|63/100
|move|p1a: Ursaluna|Facade|p2a: Dragapult
|-immune|p2a: Dragapult
|
|-damage|p1a: Ursaluna|42/100 brn|[from] brn
|upkeep
|turn|20
|
|t:|1758923791
|switch|p2a: Dragonite|Dragonite, F|100/100
|move|p1a: Ursaluna|Headlong Rush|p2a: Dragonite
|-immune|p2a: Dragonite
|
|-damage|p1a: Ursaluna|35/100 brn|[from] brn
|upkeep
|turn|21
|
|t:|1758923797
|switch|p2a: Ting-Lu|Ting-Lu, tera:Water|43/100
|-damage|p2a: Ting-Lu|31/100|[from] Spikes
|-ability|p2a: Ting-Lu|Vessel of Ruin
|move|p1a: Ursaluna|Facade|p2a: Ting-Lu
|-damage|p2a: Ting-Lu|0 fnt
|faint|p2a: Ting-Lu
|
|-damage|p1a: Ursaluna|29/100 brn|[from] brn
|-fieldend|move: Trick Room
|upkeep
|
|t:|1758923807
|switch|p2a: Zapdos|Zapdos|15/100
|turn|22
|
|t:|1758923822
|switch|p1a: Cresselia|Cresselia, F|66/100
|-damage|p1a: Cresselia|54/100|[from] Stealth Rock
|move|p2a: Zapdos|Hurricane|p1a: Cresselia
|-damage|p1a: Cresselia|20/100
|
|upkeep
|turn|23
|
|t:|1758923829
|move|p2a: Zapdos|Volt Switch|p1a: Cresselia
|-damage|p1a: Cresselia|0 fnt
|faint|p1a: Cresselia
|
|t:|1758923835
|switch|p2a: Dragapult|Dragapult, M|63/100|[from] Volt Switch
|
|upkeep
|
|t:|1758923842
|switch|p1a: Samurott|Samurott-Hisui, F|88/100
|-damage|p1a: Samurott|76/100|[from] Stealth Rock
|turn|24
|
|t:|1758923848
|switch|p2a: Zapdos|Zapdos|15/100
|move|p1a: Samurott|Ceaseless Edge|p2a: Zapdos|[miss]
|-miss|p1a: Samurott|p2a: Zapdos
|
|upkeep
|turn|25
|
|t:|1758923853
|move|p1a: Samurott|Ceaseless Edge|p2a: Zapdos
|-damage|p2a: Zapdos|0 fnt
|-sidestart|p2: Shibuya Arc|Spikes
|faint|p2a: Zapdos
|
|upkeep
|
|t:|1758923861
|switch|p2a: Dragonite|Dragonite, F|100/100
|turn|26
|
|t:|1758923867
|move|p1a: Samurott|Ceaseless Edge|p2a: Dragonite
|-damage|p2a: Dragonite|78/100
|-sidestart|p2: Shibuya Arc|Spikes
|move|p2a: Dragonite|Dragon Dance|p2a: Dragonite
|-boost|p2a: Dragonite|atk|1
|-boost|p2a: Dragonite|spe|1
|
|upkeep
|turn|27
|
|t:|1758923875
|move|p1a: Samurott|Ceaseless Edge|p2a: Dragonite
|-damage|p2a: Dragonite|30/100
|move|p2a: Dragonite|Roost|p2a: Dragonite
|-heal|p2a: Dragonite|80/100
|-singleturn|p2a: Dragonite|move: Roost
|
|upkeep
|turn|28
|
|t:|1758923882
|move|p1a: Samurott|Ceaseless Edge|p2a: Dragonite
|-damage|p2a: Dragonite|32/100
|move|p2a: Dragonite|Dragon Dance|p2a: Dragonite
|-boost|p2a: Dragonite|atk|1
|-boost|p2a: Dragonite|spe|1
|
|upkeep
|turn|29
|
|t:|1758923889
|move|p2a: Dragonite|Roost|p2a: Dragonite
|-heal|p2a: Dragonite|82/100
|-singleturn|p2a: Dragonite|move: Roost
|move|p1a: Samurott|Ceaseless Edge|p2a: Dragonite
|-damage|p2a: Dragonite|33/100
|
|upkeep
|turn|30
|
|t:|1758923896
|move|p2a: Dragonite|Roost|p2a: Dragonite
|-heal|p2a: Dragonite|83/100
|-singleturn|p2a: Dragonite|move: Roost
|move|p1a: Samurott|Ceaseless Edge|p2a: Dragonite
|-damage|p2a: Dragonite|37/100
|
|upkeep
|turn|31
|
|t:|1758923903
|move|p2a: Dragonite|Roost|p2a: Dragonite
|-heal|p2a: Dragonite|87/100
|-singleturn|p2a: Dragonite|move: Roost
|move|p1a: Samurott|Ceaseless Edge|p2a: Dragonite
|-crit|p2a: Dragonite
|-damage|p2a: Dragonite|11/100
|
|upkeep
|turn|32
|
|t:|1758923910
|move|p2a: Dragonite|Roost|p2a: Dragonite
|-heal|p2a: Dragonite|61/100
|-singleturn|p2a: Dragonite|move: Roost
|move|p1a: Samurott|Ceaseless Edge|p2a: Dragonite|[miss]
|-miss|p1a: Samurott|p2a: Dragonite
|
|upkeep
|turn|33
|
|t:|1758923916
|move|p2a: Dragonite|Roost|p2a: Dragonite
|-heal|p2a: Dragonite|100/100
|-singleturn|p2a: Dragonite|move: Roost
|move|p1a: Samurott|Ceaseless Edge|p2a: Dragonite
|-crit|p2a: Dragonite
|-damage|p2a: Dragonite|60/100
|
|upkeep
|turn|34
|
|t:|1758923923
|move|p2a: Dragonite|Roost|p2a: Dragonite
|-heal|p2a: Dragonite|100/100
|-singleturn|p2a: Dragonite|move: Roost
|move|p1a: Samurott|Ceaseless Edge|p2a: Dragonite
|-damage|p2a: Dragonite|76/100
|
|upkeep
|turn|35
|
|t:|1758923929
|move|p2a: Dragonite|Dragon Dance|p2a: Dragonite
|-boost|p2a: Dragonite|atk|1
|-boost|p2a: Dragonite|spe|1
|move|p1a: Samurott|Ceaseless Edge|p2a: Dragonite
|-damage|p2a: Dragonite|24/100
|
|upkeep
|turn|36
|
|t:|1758923946
|switch|p1a: Ursaluna|Ursaluna, M|29/100 brn
|-damage|p1a: Ursaluna|23/100 brn|[from] Stealth Rock
|move|p2a: Dragonite|Roost|p2a: Dragonite
|-heal|p2a: Dragonite|74/100
|-singleturn|p2a: Dragonite|move: Roost
|
|-damage|p1a: Ursaluna|17/100 brn|[from] brn
|upkeep
|turn|37
|
|t:|1758923952
|move|p2a: Dragonite|Earthquake|p1a: Ursaluna
|-damage|p1a: Ursaluna|0 fnt
|faint|p1a: Ursaluna
|
|upkeep
|
|t:|1758923968
|switch|p1a: Hatterene|Hatterene, F|100/100
|-damage|p1a: Hatterene|88/100|[from] Stealth Rock
|turn|38
|
|t:|1758923974
|move|p2a: Dragonite|Earthquake|p1a: Hatterene
|-damage|p1a: Hatterene|0 fnt
|faint|p1a: Hatterene
|
|upkeep
|
|t:|1758923977
|switch|p1a: Keldeo|Keldeo-Resolute|100/100
|-damage|p1a: Keldeo|94/100|[from] Stealth Rock
|turn|39
|
|t:|1758923982
|move|p2a: Dragonite|Earthquake|p1a: Keldeo
|-damage|p1a: Keldeo|0 fnt
|faint|p1a: Keldeo
|
|upkeep
|
|t:|1758923984
|switch|p1a: Samurott|Samurott-Hisui, F|76/100
|-damage|p1a: Samurott|63/100|[from] Stealth Rock
|turn|40
|-message|Mr.X&Y97 forfeited.
|
|win|Shibuya Arc
|raw|Mr.X&amp;Y97's rating: 1593 &rarr; <strong>1572</strong><br />(-21 for losing)
|raw|Shibuya Arc's rating: 1578 &rarr; <strong>1599</strong><br />(+21 for winning)
|l|☆Mr.X&Y97
|player|p1|
