|badge|p1|bronze|gen9ou|100-6
|html|<div class="broadcast-red"><strong>This battle is required to be public due to one or more player having a season medal.</strong><br />During the public phase, you can discuss the state of the ladder <a href="/seasondiscussion">in a special chatroom.</a></div>
|uhtml|medal-msg|<div class="broadcast-blue">Curious what those medals under the avatar are? PS now has Ladder Seasons! For more information, check out the <a href="https://www.smogon.com/forums/threads/3740067/">thread on Smogon.</a></div>
|badge|p2|bronze|gen9ou|100-6
|uhtml|medal-msg|<div class="broadcast-blue">Curious what those medals under the avatar are? PS now has Ladder Seasons! For more information, check out the <a href="https://www.smogon.com/forums/threads/3740067/">thread on Smogon.</a></div>
|raw|<div class="broadcast-blue"><strong>This battle is required to be public due to a player having a name starting with 'medal'.</div>
|j|‽JackRG1
|j|☆snuggypooh
|t:|1759013284
|gametype|singles
|player|p1|JackRG1|dawn-gen4pt|1891
|player|p2|snuggypooh|2|1882
|gen|9
|tier|[Gen 9] OU
|rated|
|rule|HP Percentage Mod: HP is shown in percentages
|rule|Endless Battle Clause: Forcing endless battles is banned
|rule|Species Clause: Limit one of each Pokémon
|rule|OHKO Clause: OHKO moves are banned
|rule|Evasion Items Clause: Evasion items are banned
|rule|Evasion Moves Clause: Evasion moves are banned
|rule|Evasion Abilities Clause: Evasion abilities are banned
|rule|Sleep Moves Clause: Sleep-inducing moves are banned
|clearpoke
|poke|p1|Weezing-Galar, M|
|poke|p1|Ting-Lu|
|poke|p1|Corviknight, M|
|poke|p1|Skeledirge, F|
|poke|p1|Dragapult, M|
|poke|p1|Ogerpon-Wellspring, F|
|poke|p2|Hatterene, F|
|poke|p2|Cresselia, F|
|poke|p2|Ursaluna, M|
|poke|p2|Kingambit, F|
|poke|p2|Raging Bolt|
|poke|p2|Mimikyu, M|
|teampreview
|inactive|Battle timer is ON: inactive players will automatically lose when time's up. (requested by JackRG1)
|j| Corgiiii
|j| JD Doggin'
|l| Corgiiii
|j| Yeziir
|
|t:|1759013315
|teamsize|p1|6
|teamsize|p2|6
|start
|switch|p1a: Ogerpon|Ogerpon-Wellspring, F|100/100
|switch|p2a: Hatterene|Hatterene, F|100/100
|turn|1
|j| IM AT MY LIMIT
|
|t:|1759013325
|move|p1a: Ogerpon|Ivy Cudgel|p2a: Hatterene|[anim] Ivy Cudgel Water
|-damage|p2a: Hatterene|39/100
|move|p2a: Hatterene|Trick Room|p2a: Hatterene
|-fieldstart|move: Trick Room|[of] p2a: Hatterene
|
|upkeep
|turn|2
|j| amefurikoneko
|
|t:|1759013335
|move|p2a: Hatterene|Healing Wish|p2a: Hatterene
|faint|p2a: Hatterene
|move|p1a: Ogerpon|Spikes|p2: Hatterene
|-sidestart|p2: snuggypooh|Spikes
|
|upkeep
|
|t:|1759013344
|switch|p2a: Kingambit|Kingambit, F|100/100
|-damage|p2a: Kingambit|88/100|[from] Spikes
|-activate|p2a: Kingambit|ability: Supreme Overlord
|-start|p2a: Kingambit|fallen1|[silent]
|turn|3
|l| IM AT MY LIMIT
|
|t:|1759013365
|move|p2a: Kingambit|Swords Dance|p2a: Kingambit
|-boost|p2a: Kingambit|atk|2
|move|p1a: Ogerpon|Ivy Cudgel|p2a: Kingambit|[anim] Ivy Cudgel Water
|-crit|p2a: Kingambit
|-damage|p2a: Kingambit|26/100
|
|upkeep
|turn|4
|
|t:|1759013373
|move|p2a: Kingambit|Kowtow Cleave|p1a: Ogerpon
|-damage|p1a: Ogerpon|0 fnt
|faint|p1a: Ogerpon
|
|upkeep
|
|t:|1759013375
|switch|p1a: Ting-Lu|Ting-Lu, shiny|100/100
|-ability|p1a: Ting-Lu|Vessel of Ruin
|turn|5
|
|t:|1759013383
|move|p2a: Kingambit|Iron Head|p1a: Ting-Lu
|-damage|p1a: Ting-Lu|44/100
|move|p1a: Ting-Lu|Stealth Rock|p2a: Kingambit
|-sidestart|p2: snuggypooh|move: Stealth Rock
|
|-heal|p1a: Ting-Lu|51/100|[from] item: Leftovers
|-fieldend|move: Trick Room
|upkeep
|turn|6
|
|t:|1759013394
|move|p1a: Ting-Lu|Earthquake|p2a: Kingambit
|-supereffective|p2a: Kingambit
|-damage|p2a: Kingambit|0 fnt
|faint|p2a: Kingambit
|-end|p2a: Kingambit|fallen1|[silent]
|
|-heal|p1a: Ting-Lu|57/100|[from] item: Leftovers
|upkeep
|
|t:|1759013402
|switch|p2a: Cresselia|Cresselia, F|100/100
|-damage|p2a: Cresselia|88/100|[from] Stealth Rock
|turn|7
|
|t:|1759013407
|switch|p1a: Skeledirge|Skeledirge, F|100/100
|move|p2a: Cresselia|Trick Room|p2a: Cresselia
|-fieldstart|move: Trick Room|[of] p2a: Cresselia
|
|upkeep
|turn|8
|
|t:|1759013413
|switch|p2a: Ursaluna|Ursaluna, M|100/100
|-damage|p2a: Ursaluna|88/100|[from] Spikes
|-damage|p2a: Ursaluna|82/100|[from] Stealth Rock
|move|p1a: Skeledirge|Torch Song|p2a: Ursaluna
|-damage|p2a: Ursaluna|54/100
|-boost|p1a: Skeledirge|spa|1
|
|-status|p2a: Ursaluna|brn|[from] item: Flame Orb
|upkeep
|turn|9
|
|t:|1759013424
|switch|p1a: Corviknight|Corviknight, M|100/100
|-ability|p1a: Corviknight|Pressure
|move|p2a: Ursaluna|Swords Dance|p2a: Ursaluna
|-boost|p2a: Ursaluna|atk|2
|
|-damage|p2a: Ursaluna|48/100 brn|[from] brn
|upkeep
|turn|10
|
|t:|1759013432
|switch|p1a: Weezing|Weezing-Galar, M|100/100
|-ability|p1a: Weezing|Neutralizing Gas
|move|p2a: Ursaluna|Fire Punch|p1a: Weezing
|-damage|p1a: Weezing|80/100
|
|-damage|p2a: Ursaluna|41/100 brn|[from] brn
|upkeep
|turn|11
|j| IM AT MY LIMIT
|inactive|JackRG1 has 120 seconds left.
|inactive|snuggypooh has 120 seconds left.
|
|t:|1759013490
|move|p2a: Ursaluna|Fire Punch|p1a: Weezing
|-damage|p1a: Weezing|59/100
|move|p1a: Weezing|Sludge Bomb|p2a: Ursaluna
|-resisted|p2a: Ursaluna
|-damage|p2a: Ursaluna|29/100 brn
|
|-damage|p2a: Ursaluna|22/100 brn|[from] brn
|-fieldend|move: Trick Room
|upkeep
|turn|12
|l| Yeziir
|inactive|snuggypooh has 120 seconds left.
|
|t:|1759013500
|move|p1a: Weezing|Sludge Bomb|p2a: Ursaluna
|-resisted|p2a: Ursaluna
|-damage|p2a: Ursaluna|11/100 brn
|move|p2a: Ursaluna|Facade|p1a: Weezing
|-damage|p1a: Weezing|0 fnt
|faint|p1a: Weezing
|-end|p1a: Weezing|ability: Neutralizing Gas
|
|-damage|p2a: Ursaluna|5/100 brn|[from] brn
|upkeep
|
|t:|1759013502
|switch|p1a: Dragapult|Dragapult, M|100/100
|turn|13
|inactive|snuggypooh has 120 seconds left.
|
|t:|1759013518
|switch|p2a: Raging Bolt|Raging Bolt|100/100
|-damage|p2a: Raging Bolt|88/100|[from] Spikes
|-damage|p2a: Raging Bolt|76/100|[from] Stealth Rock
|-enditem|p2a: Raging Bolt|Booster Energy
|-activate|p2a: Raging Bolt|ability: Protosynthesis|[fromitem]
|-start|p2a: Raging Bolt|protosynthesisspa
|move|p1a: Dragapult|Shadow Ball|p2a: Raging Bolt
|-damage|p2a: Raging Bolt|31/100
|-unboost|p2a: Raging Bolt|spd|1
|
|upkeep
|turn|14
|j| magma_man85
|l| IM AT MY LIMIT
|inactive|snuggypooh has 120 seconds left.
|j| tiochicodobos
|
|t:|1759013529
|move|p2a: Raging Bolt|Thunderclap|p1a: Dragapult
|-resisted|p1a: Dragapult
|-damage|p1a: Dragapult|63/100
|move|p1a: Dragapult|Shadow Ball|p2a: Raging Bolt
|-damage|p2a: Raging Bolt|0 fnt
|faint|p2a: Raging Bolt
|-end|p2a: Raging Bolt|Protosynthesis|[silent]
|
|upkeep
|inactive|snuggypooh has 120 seconds left.
|
|t:|1759013536
|switch|p2a: Cresselia|Cresselia, F|88/100
|-heal|p2a: Cresselia|100/100|[from] move: Healing Wish
|-damage|p2a: Cresselia|88/100|[from] Stealth Rock
|turn|15
|
|t:|1759013546
|-terastallize|p1a: Dragapult|Ghost
|move|p1a: Dragapult|Shadow Ball|p2a: Cresselia
|-supereffective|p2a: Cresselia
|-damage|p2a: Cresselia|1/100
|move|p2a: Cresselia|Trick Room|p2a: Cresselia
|-fieldstart|move: Trick Room|[of] p2a: Cresselia
|
|upkeep
|turn|16
|
|t:|1759013554
|switch|p1a: Corviknight|Corviknight, M|100/100
|-ability|p1a: Corviknight|Pressure
|move|p2a: Cresselia|Lunar Dance|p2a: Cresselia
|faint|p2a: Cresselia
|
|upkeep
|
|t:|1759013560
|switch|p2a: Ursaluna|Ursaluna, M|5/100 brn
|-heal|p2a: Ursaluna|100/100|[from] move: Lunar Dance
|-damage|p2a: Ursaluna|88/100|[from] Spikes
|-damage|p2a: Ursaluna|82/100|[from] Stealth Rock
|turn|17
|
|t:|1759013567
|move|p2a: Ursaluna|Swords Dance|p2a: Ursaluna
|-boost|p2a: Ursaluna|atk|2
|move|p1a: Corviknight|Iron Defense|p1a: Corviknight
|-boost|p1a: Corviknight|def|2
|
|-status|p2a: Ursaluna|brn|[from] item: Flame Orb
|upkeep
|turn|18
|
|t:|1759013574
|move|p2a: Ursaluna|Fire Punch|p1a: Corviknight
|-supereffective|p1a: Corviknight
|-damage|p1a: Corviknight|40/100
|-status|p1a: Corviknight|brn
|-damage|p2a: Ursaluna|65/100 brn|[from] item: Rocky Helmet|[of] p1a: Corviknight
|move|p1a: Corviknight|Body Press|p2a: Ursaluna
|-supereffective|p2a: Ursaluna
|-damage|p2a: Ursaluna|30/100 brn
|
|-damage|p2a: Ursaluna|24/100 brn|[from] brn
|-damage|p1a: Corviknight|34/100 brn|[from] brn
|upkeep
|turn|19
|j| IM AT MY LIMIT
|
|t:|1759013590
|move|p2a: Ursaluna|Fire Punch|p1a: Corviknight
|-supereffective|p1a: Corviknight
|-damage|p1a: Corviknight|0 fnt
|-damage|p2a: Ursaluna|7/100 brn|[from] item: Rocky Helmet|[of] p1a: Corviknight
|faint|p1a: Corviknight
|
|-damage|p2a: Ursaluna|1/100 brn|[from] brn
|-fieldend|move: Trick Room
|upkeep
|
|t:|1759013594
|switch|p1a: Dragapult|Dragapult, M, tera:Ghost|63/100
|turn|20
|l| IM AT MY LIMIT
|
|t:|1759013605
|move|p1a: Dragapult|U-turn|p2a: Ursaluna
|-damage|p2a: Ursaluna|0 fnt
|faint|p2a: Ursaluna
|
|t:|1759013608
|switch|p1a: Skeledirge|Skeledirge, F|100/100|[from] U-turn
|
|upkeep
|-message|snuggypooh forfeited.
|
|win|JackRG1
|raw|JackRG1's rating: 1891 &rarr; <strong>1910</strong><br />(+19 for winning)
|raw|snuggypooh's rating: 1882 &rarr; <strong>1863</strong><br />(-19 for losing)
|l|☆snuggypooh
|player|p2|
|l|‽JackRG1
|player|p1|
|l| magma_man85
|l| amefurikoneko
