|j|☆ragingsquirtle420
|j|☆Mossful
|t:|1759041379
|gametype|singles
|player|p1|ragingsquirtle420|unknown|1589
|player|p2|Mossful|evelyn|1572
|gen|9
|tier|[Gen 9] OU
|rated|
|rule|HP Percentage Mod: HP is shown in percentages
|rule|Endless Battle Clause: Forcing endless battles is banned
|rule|Species Clause: Limit one of each Pokémon
|rule|OHKO Clause: OHKO moves are banned
|rule|Evasion Items Clause: Evasion items are banned
|rule|Evasion Moves Clause: Evasion moves are banned
|rule|Evasion Abilities Clause: Evasion abilities are banned
|rule|Sleep Moves Clause: Sleep-inducing moves are banned
|clearpoke
|poke|p1|Heatran, F|
|poke|p1|Gliscor, M|
|poke|p1|Kyurem|
|poke|p1|Hatterene, F|
|poke|p1|Tornadus-Therian, M|
|poke|p1|Zamazenta-*|
|poke|p2|Tyranitar, M|
|poke|p2|Excadrill, F|
|poke|p2|Iron Crown|
|poke|p2|Salamence, M|
|poke|p2|Azumarill, F|
|poke|p2|Zamazenta-*|
|teampreview
|inactive|Battle timer is ON: inactive players will automatically lose when time's up. (requested by Mossful)
|inactive|Mossful has 120 seconds left.
|inactive|Mossful has 90 seconds left.
|
|t:|1759041465
|teamsize|p1|6
|teamsize|p2|6
|start
|switch|p1a: Tornadus|Tornadus-Therian, M|100/100
|switch|p2a: Salamence|Salamence, M, shiny|100/100
|-ability|p2a: Salamence|Intimidate|boost
|-unboost|p1a: Tornadus|atk|1
|turn|1
|
|t:|1759041491
|move|p1a: Tornadus|Bleakwind Storm|p2a: Salamence
|-damage|p2a: Salamence|58/100
|-unboost|p2a: Salamence|spe|1
|move|p2a: Salamence|Air Slash|p1a: Tornadus
|-damage|p1a: Tornadus|67/100
|
|upkeep
|turn|2
|
|t:|1759041504
|switch|p2a: Tyranitar|Tyranitar, M, shiny|100/100
|-weather|Sandstorm|[from] ability: Sand Stream|[of] p2a: Tyranitar
|move|p1a: Tornadus|U-turn|p2a: Tyranitar
|-supereffective|p2a: Tyranitar
|-damage|p2a: Tyranitar|84/100
|
|t:|1759041509
|switch|p1a: Gliscor|Gliscor, M|100/100|[from] U-turn
|
|-weather|Sandstorm|[upkeep]
|-status|p1a: Gliscor|tox|[from] item: Toxic Orb
|upkeep
|turn|3
|
|t:|1759041512
|move|p1a: Gliscor|Spikes|p2a: Tyranitar
|-sidestart|p2: Mossful|Spikes
|move|p2a: Tyranitar|Ice Punch|p1a: Gliscor
|-supereffective|p1a: Gliscor
|-damage|p1a: Gliscor|0 fnt
|faint|p1a: Gliscor
|
|-weather|Sandstorm|[upkeep]
|upkeep
|
|t:|1759041520
|switch|p1a: Zamazenta|Zamazenta|100/100
|-ability|p1a: Zamazenta|Dauntless Shield|boost
|-boost|p1a: Zamazenta|def|1
|turn|4
|
|t:|1759041523
|switch|p2a: Zamazenta|Zamazenta|100/100
|-damage|p2a: Zamazenta|88/100|[from] Spikes
|-ability|p2a: Zamazenta|Dauntless Shield|boost
|-boost|p2a: Zamazenta|def|1
|move|p1a: Zamazenta|Iron Defense|p1a: Zamazenta
|-boost|p1a: Zamazenta|def|2
|
|-weather|Sandstorm|[upkeep]
|-damage|p1a: Zamazenta|94/100|[from] Sandstorm
|-damage|p2a: Zamazenta|82/100|[from] Sandstorm
|-heal|p1a: Zamazenta|100/100|[from] item: Leftovers
|upkeep
|turn|5
|
|t:|1759041529
|switch|p2a: Salamence|Salamence, M, shiny|58/100
|-ability|p2a: Salamence|Intimidate|boost
|-unboost|p1a: Zamazenta|atk|1
|move|p1a: Zamazenta|Iron Defense|p1a: Zamazenta
|-boost|p1a: Zamazenta|def|2
|
|-weather|Sandstorm|[upkeep]
|-damage|p1a: Zamazenta|94/100|[from] Sandstorm
|-damage|p2a: Salamence|52/100|[from] Sandstorm
|-heal|p1a: Zamazenta|100/100|[from] item: Leftovers
|upkeep
|turn|6
|
|t:|1759041533
|move|p1a: Zamazenta|Body Press|p2a: Salamence
|-resisted|p2a: Salamence
|-damage|p2a: Salamence|0 fnt
|faint|p2a: Salamence
|
|-weather|none
|upkeep
|
|t:|1759041541
|switch|p2a: Iron Crown|Iron Crown|100/100
|-damage|p2a: Iron Crown|88/100|[from] Spikes
|turn|7
|
|t:|1759041560
|-terastallize|p1a: Zamazenta|Electric
|move|p2a: Iron Crown|Psychic Noise|p1a: Zamazenta
|-damage|p1a: Zamazenta|63/100
|-start|p1a: Zamazenta|move: Heal Block
|move|p1a: Zamazenta|Body Press|p2a: Iron Crown
|-damage|p2a: Iron Crown|0 fnt
|faint|p2a: Iron Crown
|-end|p2a: Iron Crown|Quark Drive|[silent]
|
|upkeep
|
|t:|1759041571
|switch|p2a: Tyranitar|Tyranitar, M, shiny|84/100
|-damage|p2a: Tyranitar|71/100|[from] Spikes
|-weather|Sandstorm|[from] ability: Sand Stream|[of] p2a: Tyranitar
|turn|8
|
|t:|1759041578
|switch|p2a: Zamazenta|Zamazenta|82/100
|-damage|p2a: Zamazenta|70/100|[from] Spikes
|move|p1a: Zamazenta|Body Press|p2a: Zamazenta
|-damage|p2a: Zamazenta|0 fnt
|faint|p2a: Zamazenta
|
|-weather|Sandstorm|[upkeep]
|-damage|p1a: Zamazenta|56/100|[from] Sandstorm
|-end|p1a: Zamazenta|move: Heal Block
|upkeep
|
|t:|1759041579
|switch|p2a: Excadrill|Excadrill, F, shiny|100/100
|-item|p2a: Excadrill|Air Balloon
|turn|9
|
|t:|1759041583
|move|p2a: Excadrill|Earthquake|p1a: Zamazenta
|-supereffective|p1a: Zamazenta
|-crit|p1a: Zamazenta
|-damage|p1a: Zamazenta|0 fnt
|faint|p1a: Zamazenta
|
|-weather|Sandstorm|[upkeep]
|upkeep
|
|t:|1759041594
|switch|p1a: Tornadus|Tornadus-Therian, M|100/100
|turn|10
|c|☆Mossful|I love crit fishing
|
|t:|1759041601
|move|p2a: Excadrill|Swords Dance|p2a: Excadrill
|-boost|p2a: Excadrill|atk|2
|move|p1a: Tornadus|Heat Wave|p2a: Excadrill
|-supereffective|p2a: Excadrill
|-damage|p2a: Excadrill|41/100
|-enditem|p2a: Excadrill|Air Balloon
|
|-weather|Sandstorm|[upkeep]
|-damage|p1a: Tornadus|94/100|[from] Sandstorm
|upkeep
|turn|11
|c|☆Mossful|:(
|
|t:|1759041622
|switch|p1a: Heatran|Heatran, F|100/100
|-terastallize|p2a: Excadrill|Dragon
|move|p2a: Excadrill|Rapid Spin|p1a: Heatran
|-resisted|p1a: Heatran
|-damage|p1a: Heatran|86/100
|-boost|p2a: Excadrill|spe|1
|-sideend|p2: Mossful|Spikes|[from] move: Rapid Spin|[of] p2a: Excadrill
|
|-weather|Sandstorm|[upkeep]
|-heal|p1a: Heatran|92/100|[from] item: Leftovers
|upkeep
|turn|12
|
|t:|1759041633
|switch|p1a: Tornadus|Tornadus-Therian, M|100/100
|move|p2a: Excadrill|Earthquake|p1a: Tornadus
|-immune|p1a: Tornadus
|
|-weather|none
|upkeep
|turn|13
|
|t:|1759041639
|move|p2a: Excadrill|Iron Head|p1a: Tornadus
|-damage|p1a: Tornadus|4/100
|move|p1a: Tornadus|Bleakwind Storm|p2a: Excadrill
|-damage|p2a: Excadrill|0 fnt
|faint|p2a: Excadrill
|
|upkeep
|inactive|Mossful has 120 seconds left.
|
|t:|1759041690
|switch|p2a: Azumarill|Azumarill, F, shiny|100/100
|turn|14
|
|t:|1759041700
|move|p2a: Azumarill|Aqua Jet|p1a: Tornadus
|-damage|p1a: Tornadus|0 fnt
|faint|p1a: Tornadus
|
|upkeep
|
|t:|1759041701
|switch|p1a: Hatterene|Hatterene, F|100/100
|turn|15
|inactive|Mossful has 120 seconds left.
|
|t:|1759041732
|switch|p2a: Tyranitar|Tyranitar, M, shiny|71/100
|-weather|Sandstorm|[from] ability: Sand Stream|[of] p2a: Tyranitar
|move|p1a: Hatterene|Nuzzle|p2a: Tyranitar
|-damage|p2a: Tyranitar|67/100
|-status|p2a: Tyranitar|par
|
|-weather|Sandstorm|[upkeep]
|-damage|p1a: Hatterene|95/100|[from] Sandstorm
|upkeep
|turn|16
|
|t:|1759041750
|switch|p1a: Heatran|Heatran, F|92/100
|move|p2a: Tyranitar|Stone Edge|p1a: Heatran
|-damage|p1a: Heatran|23/100
|
|-weather|Sandstorm|[upkeep]
|-heal|p1a: Heatran|29/100|[from] item: Leftovers
|upkeep
|turn|17
|inactive|Mossful has 90 seconds left.
|
|t:|1759041771
|move|p1a: Heatran|Earth Power|p2a: Tyranitar
|-supereffective|p2a: Tyranitar
|-crit|p2a: Tyranitar
|-damage|p2a: Tyranitar|20/100 par
|-unboost|p2a: Tyranitar|spd|1
|move|p2a: Tyranitar|Stone Edge|p1a: Heatran|[miss]
|-miss|p2a: Tyranitar|p1a: Heatran
|
|-weather|Sandstorm|[upkeep]
|-heal|p1a: Heatran|35/100|[from] item: Leftovers
|upkeep
|turn|18
|inactive|ragingsquirtle420 has 120 seconds left.
|
|t:|1759041804
|move|p1a: Heatran|Earth Power|p2a: Tyranitar
|-supereffective|p2a: Tyranitar
|-damage|p2a: Tyranitar|0 fnt
|faint|p2a: Tyranitar
|
|-weather|Sandstorm|[upkeep]
|-heal|p1a: Heatran|41/100|[from] item: Leftovers
|upkeep
|inactive|Mossful has 90 seconds left.
|
|t:|1759041821
|switch|p2a: Azumarill|Azumarill, F, shiny|100/100
|turn|19
|
|t:|1759041827
|move|p1a: Heatran|Will-O-Wisp|p2a: Azumarill
|-status|p2a: Azumarill|brn
|move|p2a: Azumarill|Liquidation|p1a: Heatran
|-supereffective|p1a: Heatran
|-damage|p1a: Heatran|0 fnt
|faint|p1a: Heatran
|
|-weather|none
|-damage|p2a: Azumarill|94/100 brn|[from] brn
|upkeep
|c|☆ragingsquirtle420|i love crit fishing
|
|t:|1759041833
|switch|p1a: Kyurem|Kyurem|100/100
|-ability|p1a: Kyurem|Pressure
|turn|20
|c|☆Mossful|:)
|c|☆Mossful|it's really fun
|
|t:|1759041844
|move|p1a: Kyurem|Protect|p1a: Kyurem
|-singleturn|p1a: Kyurem|Protect
|move|p2a: Azumarill|Play Rough|p1a: Kyurem
|-activate|p1a: Kyurem|move: Protect
|
|-damage|p2a: Azumarill|88/100 brn|[from] brn
|upkeep
|turn|21
|c|☆ragingsquirtle420|i k
|
|t:|1759041848
|move|p1a: Kyurem|Substitute|p1a: Kyurem
|-start|p1a: Kyurem|Substitute
|-damage|p1a: Kyurem|76/100
|move|p2a: Azumarill|Belly Drum|p2a: Azumarill
|-damage|p2a: Azumarill|38/100 brn
|-setboost|p2a: Azumarill|atk|6|[from] move: Belly Drum
|-enditem|p2a: Azumarill|Sitrus Berry|[eat]
|-heal|p2a: Azumarill|63/100 brn|[from] item: Sitrus Berry
|
|-heal|p1a: Kyurem|82/100|[from] item: Leftovers
|-damage|p2a: Azumarill|57/100 brn|[from] brn
|upkeep
|turn|22
|
|t:|1759041867
|move|p1a: Kyurem|Protect|p1a: Kyurem
|-singleturn|p1a: Kyurem|Protect
|move|p2a: Azumarill|Play Rough|p1a: Kyurem
|-activate|p1a: Kyurem|move: Protect
|
|-heal|p1a: Kyurem|88/100|[from] item: Leftovers
|-damage|p2a: Azumarill|51/100 brn|[from] brn
|upkeep
|turn|23
|
|t:|1759041869
|move|p1a: Kyurem|Freeze-Dry|p2a: Azumarill
|-supereffective|p2a: Azumarill
|-damage|p2a: Azumarill|0 fnt
|faint|p2a: Azumarill
|
|win|ragingsquirtle420
|raw|ragingsquirtle420's rating: 1571 &rarr; <strong>1591</strong><br />(+20 for winning)
|raw|Mossful's rating: 1572 &rarr; <strong>1552</strong><br />(-20 for losing)
|l|☆ragingsquirtle420
|player|p1|
|c|☆Mossful|lmao
|c|☆Mossful|gg
|l|☆Mossful
|player|p2|
