|j|☆The Wonder of UU
|j|☆maxbiatch
|t:|1759033680
|gametype|singles
|player|p1|The Wonder of UU|steven|1241
|player|p2|maxbiatch|101|1283
|gen|9
|tier|[Gen 9] OU
|rated|
|rule|HP Percentage Mod: HP is shown in percentages
|rule|Endless Battle Clause: Forcing endless battles is banned
|rule|Species Clause: Limit one of each Pokémon
|rule|OHKO Clause: OHKO moves are banned
|rule|Evasion Items Clause: Evasion items are banned
|rule|Evasion Moves Clause: Evasion moves are banned
|rule|Evasion Abilities Clause: Evasion abilities are banned
|rule|Sleep Moves Clause: Sleep-inducing moves are banned
|clearpoke
|poke|p1|Pelipper, F|
|poke|p1|Hatterene, F|
|poke|p1|Iron Treads|
|poke|p1|Toxicroak, F|
|poke|p1|Barraskewda, F|
|poke|p1|Zapdos|
|poke|p2|Heatran, F|
|poke|p2|Ogerpon-Wellspring, F|
|poke|p2|Rillaboom, M|
|poke|p2|Dragapult, F|
|poke|p2|Clefable, F|
|poke|p2|Great Tusk|
|teampreview
|inactive|Battle timer is ON: inactive players will automatically lose when time's up. (requested by maxbiatch)
|
|t:|1759033708
|teamsize|p1|6
|teamsize|p2|6
|start
|switch|p1a: Pelipper|Pelipper, F|100/100
|switch|p2a: Dragapult|Dragapult, F, shiny|100/100
|-weather|RainDance|[from] ability: Drizzle|[of] p1a: Pelipper
|turn|1
|
|t:|1759033718
|switch|p1a: Iron Treads|Iron Treads|100/100
|move|p2a: Dragapult|Dragon Darts|p1a: Iron Treads
|-resisted|p1a: Iron Treads
|-damage|p1a: Iron Treads|92/100
|-anim|p2a: Dragapult|Dragon Darts|p1a: Iron Treads
|-resisted|p1a: Iron Treads
|-damage|p1a: Iron Treads|84/100
|
|-weather|RainDance|[upkeep]
|-heal|p1a: Iron Treads|90/100|[from] item: Leftovers
|upkeep
|turn|2
|
|t:|1759033728
|move|p2a: Dragapult|Will-O-Wisp|p1a: Iron Treads
|-status|p1a: Iron Treads|brn
|move|p1a: Iron Treads|Stealth Rock|p2a: Dragapult
|-sidestart|p2: maxbiatch|move: Stealth Rock
|
|-weather|RainDance|[upkeep]
|-heal|p1a: Iron Treads|96/100 brn|[from] item: Leftovers
|-damage|p1a: Iron Treads|90/100 brn|[from] brn
|upkeep
|turn|3
|
|t:|1759033734
|move|p2a: Dragapult|Hex|p1a: Iron Treads
|-damage|p1a: Iron Treads|44/100 brn
|move|p1a: Iron Treads|Volt Switch|p2a: Dragapult
|-resisted|p2a: Dragapult
|-damage|p2a: Dragapult|91/100
|
|t:|1759033751
|-end|p1a: Iron Treads|Quark Drive|[silent]
|switch|p1a: Zapdos|Zapdos|100/100|[from] Volt Switch
|
|-weather|RainDance|[upkeep]
|upkeep
|turn|4
|
|t:|1759033762
|move|p2a: Dragapult|Dragon Darts|p1a: Zapdos
|-damage|p1a: Zapdos|76/100
|-anim|p2a: Dragapult|Dragon Darts|p1a: Zapdos
|-damage|p1a: Zapdos|48/100
|move|p1a: Zapdos|Hurricane|p2a: Dragapult
|-damage|p2a: Dragapult|0 fnt
|faint|p2a: Dragapult
|
|-weather|RainDance|[upkeep]
|upkeep
|
|t:|1759033775
|switch|p2a: Ogerpon|Ogerpon-Wellspring, F|100/100
|-damage|p2a: Ogerpon|88/100|[from] Stealth Rock
|turn|5
|
|t:|1759033779
|switch|p1a: Toxicroak|Toxicroak, F|100/100
|move|p2a: Ogerpon|Ivy Cudgel|p1a: Toxicroak|[anim] Ivy Cudgel Water
|-immune|p1a: Toxicroak|[from] ability: Dry Skin
|
|-weather|RainDance|[upkeep]
|upkeep
|turn|6
|
|t:|1759033788
|switch|p2a: Great Tusk|Great Tusk, shiny|100/100
|-damage|p2a: Great Tusk|98/100|[from] Stealth Rock
|move|p1a: Toxicroak|Toxic|p2a: Great Tusk
|-status|p2a: Great Tusk|tox
|
|-weather|RainDance|[upkeep]
|-damage|p2a: Great Tusk|91/100 tox|[from] psn
|upkeep
|turn|7
|
|t:|1759033803
|switch|p1a: Zapdos|Zapdos|48/100
|move|p2a: Great Tusk|Rapid Spin|p1a: Zapdos
|-damage|p1a: Zapdos|27/100
|-boost|p2a: Great Tusk|spe|1
|-sideend|p2: maxbiatch|Stealth Rock|[from] move: Rapid Spin|[of] p2a: Great Tusk
|
|-weather|RainDance|[upkeep]
|-damage|p2a: Great Tusk|79/100 tox|[from] psn
|upkeep
|turn|8
|
|t:|1759033825
|move|p2a: Great Tusk|Ice Spinner|p1a: Zapdos
|-supereffective|p1a: Zapdos
|-damage|p1a: Zapdos|0 fnt
|faint|p1a: Zapdos
|
|-weather|none
|-damage|p2a: Great Tusk|60/100 tox|[from] psn
|upkeep
|
|t:|1759033828
|switch|p1a: Pelipper|Pelipper, F|100/100
|-weather|RainDance|[from] ability: Drizzle|[of] p1a: Pelipper
|turn|9
|
|t:|1759033845
|-end|p2a: Great Tusk|Protosynthesis|[silent]
|switch|p2a: Heatran|Heatran, F, shiny|100/100
|-item|p2a: Heatran|Air Balloon
|move|p1a: Pelipper|Hurricane|p2a: Heatran
|-resisted|p2a: Heatran
|-damage|p2a: Heatran|90/100
|-enditem|p2a: Heatran|Air Balloon
|
|-weather|RainDance|[upkeep]
|upkeep
|turn|10
|
|t:|1759033862
|switch|p2a: Ogerpon|Ogerpon-Wellspring, F|88/100
|switch|p1a: Hatterene|Hatterene, F|100/100
|
|-weather|RainDance|[upkeep]
|upkeep
|turn|11
|
|t:|1759033870
|switch|p1a: Toxicroak|Toxicroak, F|100/100
|move|p2a: Ogerpon|Swords Dance|p2a: Ogerpon
|-boost|p2a: Ogerpon|atk|2
|
|-weather|RainDance|[upkeep]
|upkeep
|turn|12
|
|t:|1759033878
|move|p2a: Ogerpon|Play Rough|p1a: Toxicroak
|-damage|p1a: Toxicroak|33/100
|-damage|p2a: Ogerpon|72/100|[from] item: Rocky Helmet|[of] p1a: Toxicroak
|move|p1a: Toxicroak|Encore|p2a: Ogerpon
|-start|p2a: Ogerpon|Encore
|
|-weather|RainDance|[upkeep]
|-heal|p1a: Toxicroak|45/100|[from] ability: Dry Skin
|upkeep
|turn|13
|inactive|The Wonder of UU has 120 seconds left.
|
|t:|1759033914
|switch|p1a: Hatterene|Hatterene, F|100/100
|move|p2a: Ogerpon|Play Rough|p1a: Hatterene
|-damage|p1a: Hatterene|35/100
|-enditem|p1a: Hatterene|Eject Button
|
|t:|1759033921
|switch|p1a: Iron Treads|Iron Treads|44/100 brn
|
|-weather|RainDance|[upkeep]
|-heal|p1a: Iron Treads|50/100 brn|[from] item: Leftovers
|-damage|p1a: Iron Treads|44/100 brn|[from] brn
|upkeep
|turn|14
|inactive|The Wonder of UU has 120 seconds left.
|
|t:|1759033937
|move|p2a: Ogerpon|Play Rough|p1a: Iron Treads
|-resisted|p1a: Iron Treads
|-damage|p1a: Iron Treads|19/100 brn
|move|p1a: Iron Treads|Stealth Rock|p2a: Ogerpon
|-sidestart|p2: maxbiatch|move: Stealth Rock
|
|-weather|RainDance|[upkeep]
|-heal|p1a: Iron Treads|25/100 brn|[from] item: Leftovers
|-damage|p1a: Iron Treads|19/100 brn|[from] brn
|upkeep
|turn|15
|
|t:|1759033947
|move|p2a: Ogerpon|Play Rough|p1a: Iron Treads
|-resisted|p1a: Iron Treads
|-crit|p1a: Iron Treads
|-damage|p1a: Iron Treads|0 fnt
|faint|p1a: Iron Treads
|-end|p1a: Iron Treads|Quark Drive|[silent]
|
|-weather|RainDance|[upkeep]
|-end|p2a: Ogerpon|Encore
|upkeep
|
|t:|1759033950
|switch|p1a: Barraskewda|Barraskewda, F|100/100
|turn|16
|
|t:|1759033954
|switch|p2a: Clefable|Clefable, F, shiny|100/100
|move|p1a: Barraskewda|Close Combat|p2a: Clefable
|-resisted|p2a: Clefable
|-damage|p2a: Clefable|77/100
|-unboost|p1a: Barraskewda|def|1
|-unboost|p1a: Barraskewda|spd|1
|
|-weather|none
|upkeep
|turn|17
|
|t:|1759033963
|switch|p1a: Pelipper|Pelipper, F|100/100
|-weather|RainDance|[from] ability: Drizzle|[of] p1a: Pelipper
|move|p2a: Clefable|Moonblast|p1a: Pelipper
|-damage|p1a: Pelipper|70/100
|
|-weather|RainDance|[upkeep]
|upkeep
|turn|18
|
|t:|1759033971
|move|p2a: Clefable|Moonblast|p1a: Pelipper
|-damage|p1a: Pelipper|39/100
|move|p1a: Pelipper|Hurricane|p2a: Clefable
|-damage|p2a: Clefable|45/100
|-start|p2a: Clefable|confusion
|
|-weather|RainDance|[upkeep]
|upkeep
|turn|19
|
|t:|1759033986
|-activate|p2a: Clefable|confusion
|-damage|p2a: Clefable|41/100|[from] confusion
|move|p1a: Pelipper|Roost|p1a: Pelipper
|-heal|p1a: Pelipper|89/100
|-singleturn|p1a: Pelipper|move: Roost
|
|-weather|RainDance|[upkeep]
|upkeep
|turn|20
|
|t:|1759033992
|-end|p2a: Clefable|confusion
|move|p2a: Clefable|Moonblast|p1a: Pelipper
|-damage|p1a: Pelipper|61/100
|move|p1a: Pelipper|Hurricane|p2a: Clefable
|-damage|p2a: Clefable|4/100
|
|-weather|RainDance|[upkeep]
|upkeep
|turn|21
|
|t:|1759034000
|move|p2a: Clefable|Moonlight|p2a: Clefable
|-heal|p2a: Clefable|29/100
|move|p1a: Pelipper|Roost|p1a: Pelipper
|-heal|p1a: Pelipper|100/100
|-singleturn|p1a: Pelipper|move: Roost
|
|-weather|RainDance|[upkeep]
|upkeep
|turn|22
|
|t:|1759034006
|move|p2a: Clefable|Thunder Wave|p1a: Pelipper
|-status|p1a: Pelipper|par
|move|p1a: Pelipper|Hurricane|p2a: Clefable
|-damage|p2a: Clefable|0 fnt
|faint|p2a: Clefable
|
|-weather|RainDance|[upkeep]
|upkeep
|
|t:|1759034020
|switch|p2a: Rillaboom|Rillaboom, M, shiny|100/100
|-damage|p2a: Rillaboom|88/100|[from] Stealth Rock
|-fieldstart|move: Grassy Terrain|[from] ability: Grassy Surge|[of] p2a: Rillaboom
|turn|23
|
|t:|1759034042
|switch|p1a: Hatterene|Hatterene, F|35/100
|move|p2a: Rillaboom|Wood Hammer|p1a: Hatterene
|-damage|p1a: Hatterene|0 fnt
|faint|p1a: Hatterene
|-damage|p2a: Rillaboom|79/100|[from] Recoil
|
|-weather|RainDance|[upkeep]
|-heal|p2a: Rillaboom|85/100|[from] Grassy Terrain
|upkeep
|
|t:|1759034055
|switch|p1a: Toxicroak|Toxicroak, F|45/100
|turn|24
|
|t:|1759034063
|move|p1a: Toxicroak|Drain Punch|p2a: Rillaboom
|-damage|p2a: Rillaboom|60/100
|-heal|p1a: Toxicroak|59/100|[from] drain|[of] p2a: Rillaboom
|move|p2a: Rillaboom|U-turn|p1a: Toxicroak
|-resisted|p1a: Toxicroak
|-damage|p1a: Toxicroak|53/100
|-damage|p2a: Rillaboom|44/100|[from] item: Rocky Helmet|[of] p1a: Toxicroak
|
|t:|1759034067
|switch|p2a: Great Tusk|Great Tusk, shiny|60/100 tox|[from] U-turn
|-damage|p2a: Great Tusk|57/100 tox|[from] Stealth Rock
|
|-weather|none
|-heal|p2a: Great Tusk|64/100 tox|[from] Grassy Terrain
|-heal|p1a: Toxicroak|59/100|[from] Grassy Terrain
|-damage|p2a: Great Tusk|57/100 tox|[from] psn
|upkeep
|turn|25
|
|t:|1759034087
|-terastallize|p1a: Toxicroak|Ghost
|move|p2a: Great Tusk|Rapid Spin|p1a: Toxicroak
|-immune|p1a: Toxicroak
|move|p1a: Toxicroak|Encore|p2a: Great Tusk
|-start|p2a: Great Tusk|Encore
|
|-heal|p2a: Great Tusk|64/100 tox|[from] Grassy Terrain
|-heal|p1a: Toxicroak|66/100|[from] Grassy Terrain
|-damage|p2a: Great Tusk|51/100 tox|[from] psn
|upkeep
|turn|26
|
|t:|1759034097
|move|p2a: Great Tusk|Rapid Spin|p1a: Toxicroak
|-immune|p1a: Toxicroak
|move|p1a: Toxicroak|Drain Punch|p2a: Great Tusk
|-damage|p2a: Great Tusk|33/100 tox
|-heal|p1a: Toxicroak|75/100|[from] drain|[of] p2a: Great Tusk
|-damage|p1a: Toxicroak|58/100|[from] item: Rocky Helmet|[of] p2a: Great Tusk
|
|-heal|p2a: Great Tusk|39/100 tox|[from] Grassy Terrain
|-heal|p1a: Toxicroak|64/100|[from] Grassy Terrain
|-damage|p2a: Great Tusk|21/100 tox|[from] psn
|upkeep
|turn|27
|
|t:|1759034109
|-end|p2a: Great Tusk|Protosynthesis|[silent]
|switch|p2a: Rillaboom|Rillaboom, M, shiny|44/100
|-damage|p2a: Rillaboom|31/100|[from] Stealth Rock
|move|p1a: Toxicroak|Drain Punch|p2a: Rillaboom
|-damage|p2a: Rillaboom|6/100
|-heal|p1a: Toxicroak|78/100|[from] drain|[of] p2a: Rillaboom
|
|-heal|p1a: Toxicroak|84/100|[from] Grassy Terrain
|-heal|p2a: Rillaboom|12/100|[from] Grassy Terrain
|-fieldend|move: Grassy Terrain
|upkeep
|turn|28
|-message|maxbiatch forfeited.
|
|win|The Wonder of UU
|raw|The Wonder of UU's rating: 1241 &rarr; <strong>1269</strong><br />(+28 for winning)
|raw|maxbiatch's rating: 1283 &rarr; <strong>1255</strong><br />(-28 for losing)
|l|☆maxbiatch
|player|p2|
|l|☆The Wonder of UU
|player|p1|
