|j|☆TaviTavi
|j|☆LucioX7
|t:|1758955224
|gametype|singles
|player|p1|TaviTavi|169|1221
|player|p2|LucioX7|red|1169
|gen|9
|tier|[Gen 9] OU
|rated|
|rule|HP Percentage Mod: HP is shown in percentages
|rule|Endless Battle Clause: Forcing endless battles is banned
|rule|Species Clause: Limit one of each Pokémon
|rule|OHKO Clause: OHKO moves are banned
|rule|Evasion Items Clause: Evasion items are banned
|rule|Evasion Moves Clause: Evasion moves are banned
|rule|Evasion Abilities Clause: Evasion abilities are banned
|rule|Sleep Moves Clause: Sleep-inducing moves are banned
|clearpoke
|poke|p1|Maushold|
|poke|p1|Ninetales-Alola, F|
|poke|p1|Ceruledge, M|
|poke|p1|Moltres-Galar|
|poke|p1|Enamorus, F|
|poke|p1|Gliscor, M|
|poke|p2|Mandibuzz, F|
|poke|p2|Milotic, M|
|poke|p2|Goodra, F|
|poke|p2|Ambipom, M|
|poke|p2|Dusknoir, M|
|poke|p2|Gallade, M|
|teampreview
|inactive|Battle timer is ON: inactive players will automatically lose when time's up. (requested by TaviTavi)
|
|t:|1758955243
|teamsize|p1|6
|teamsize|p2|6
|start
|switch|p1a: Ninetales|Ninetales-Alola, F|100/100
|switch|p2a: Dusknoir|Dusknoir, M, shiny|100/100
|-weather|Snowscape|[from] ability: Snow Warning|[of] p1a: Ninetales
|-ability|p2a: Dusknoir|Pressure
|turn|1
|
|t:|1758955251
|move|p1a: Ninetales|Aurora Veil|p1a: Ninetales
|-sidestart|p1: TaviTavi|move: Aurora Veil
|move|p2a: Dusknoir|Fire Punch|p1a: Ninetales
|-supereffective|p1a: Ninetales
|-damage|p1a: Ninetales|83/100
|
|-weather|Snowscape|[upkeep]
|upkeep
|turn|2
|
|t:|1758955266
|switch|p1a: Moltres|Moltres-Galar|100/100
|move|p2a: Dusknoir|Shadow Sneak|p1a: Moltres
|-resisted|p1a: Moltres
|-damage|p1a: Moltres|96/100
|
|-weather|Snowscape|[upkeep]
|-heal|p1a: Moltres|100/100|[from] item: Leftovers
|upkeep
|turn|3
|
|t:|1758955285
|switch|p2a: Goodra|Goodra, F|100/100
|move|p1a: Moltres|Nasty Plot|p1a: Moltres
|-boost|p1a: Moltres|spa|2
|
|-weather|Snowscape|[upkeep]
|upkeep
|turn|4
|
|t:|1758955292
|-terastallize|p1a: Moltres|Fairy
|move|p1a: Moltres|Tera Blast|p2a: Goodra|[anim] Tera Blast Fairy
|-supereffective|p2a: Goodra
|-damage|p2a: Goodra|38/100
|move|p2a: Goodra|Flamethrower|p1a: Moltres
|-damage|p1a: Moltres|87/100
|
|-weather|Snowscape|[upkeep]
|-heal|p1a: Moltres|93/100|[from] item: Leftovers
|upkeep
|turn|5
|
|t:|1758955305
|-terastallize|p2a: Goodra|Steel
|move|p1a: Moltres|Nasty Plot|p1a: Moltres
|-boost|p1a: Moltres|spa|2
|move|p2a: Goodra|Sludge Bomb|p1a: Moltres
|-supereffective|p1a: Moltres
|-damage|p1a: Moltres|65/100
|
|-weather|none
|-heal|p1a: Moltres|72/100|[from] item: Leftovers
|upkeep
|turn|6
|
|t:|1758955314
|move|p1a: Moltres|Fiery Wrath|p2a: Goodra
|-damage|p2a: Goodra|0 fnt
|faint|p2a: Goodra
|
|-heal|p1a: Moltres|78/100|[from] item: Leftovers
|upkeep
|
|t:|1758955332
|switch|p2a: Ambipom|Ambipom, M|100/100
|turn|7
|
|t:|1758955337
|move|p2a: Ambipom|Fake Out|p1a: Moltres
|-damage|p1a: Moltres|58/100
|cant|p1a: Moltres|flinch
|
|-heal|p1a: Moltres|64/100|[from] item: Leftovers
|upkeep
|turn|8
|
|t:|1758955343
|move|p2a: Ambipom|Knock Off|p1a: Moltres
|-resisted|p1a: Moltres
|-damage|p1a: Moltres|56/100
|-enditem|p1a: Moltres|Leftovers|[from] move: Knock Off|[of] p2a: Ambipom
|move|p1a: Moltres|Fiery Wrath|p2a: Ambipom
|-damage|p2a: Ambipom|0 fnt
|faint|p2a: Ambipom
|
|-sideend|p1: TaviTavi|move: Aurora Veil
|upkeep
|
|t:|1758955355
|switch|p2a: Gallade|Gallade, M, shiny|100/100
|turn|9
|
|t:|1758955369
|move|p1a: Moltres|Tera Blast|p2a: Gallade|[anim] Tera Blast Fairy
|-supereffective|p2a: Gallade
|-damage|p2a: Gallade|0 fnt
|faint|p2a: Gallade
|
|upkeep
|
|t:|1758955377
|switch|p2a: Mandibuzz|Mandibuzz, F|100/100
|turn|10
|
|t:|1758955380
|move|p1a: Moltres|Tera Blast|p2a: Mandibuzz|[anim] Tera Blast Fairy
|-supereffective|p2a: Mandibuzz
|-damage|p2a: Mandibuzz|0 fnt
|faint|p2a: Mandibuzz
|
|upkeep
|
|t:|1758955387
|switch|p2a: Dusknoir|Dusknoir, M, shiny|100/100
|-ability|p2a: Dusknoir|Pressure
|turn|11
|
|t:|1758955397
|move|p1a: Moltres|Fiery Wrath|p2a: Dusknoir
|-supereffective|p2a: Dusknoir
|-damage|p2a: Dusknoir|0 fnt
|faint|p2a: Dusknoir
|
|upkeep
|
|t:|1758955402
|switch|p2a: Milotic|Milotic, M|100/100
|turn|12
|
|t:|1758955407
|move|p1a: Moltres|Fiery Wrath|p2a: Milotic
|-damage|p2a: Milotic|19/100
|move|p2a: Milotic|Scald|p1a: Moltres
|-damage|p1a: Moltres|32/100
|-ability|p1a: Moltres|Berserk|boost
|-boost|p1a: Moltres|spa|1
|
|-status|p2a: Milotic|brn|[from] item: Flame Orb
|upkeep
|turn|13
|c|☆TaviTavi|gg
|
|t:|1758955416
|move|p1a: Moltres|Fiery Wrath|p2a: Milotic
|-damage|p2a: Milotic|0 fnt
|faint|p2a: Milotic
|
|win|TaviTavi
|raw|TaviTavi's rating: 1221 &rarr; <strong>1242</strong><br />(+21 for winning)
|raw|LucioX7's rating: 1169 &rarr; <strong>1148</strong><br />(-21 for losing)
|l|☆LucioX7
|player|p2|
|l|☆TaviTavi
|player|p1|
