|j|☆V4-l4ck1n
|j|☆fredrikthebod
|t:|1758995396
|gametype|singles
|player|p1|V4-l4ck1n|265|1307
|player|p2|fredrikthebod|ethan|1329
|gen|9
|tier|[Gen 9] OU
|rated|
|rule|HP Percentage Mod: HP is shown in percentages
|rule|Endless Battle Clause: Forcing endless battles is banned
|rule|Species Clause: Limit one of each Pokémon
|rule|OHKO Clause: OHKO moves are banned
|rule|Evasion Items Clause: Evasion items are banned
|rule|Evasion Moves Clause: Evasion moves are banned
|rule|Evasion Abilities Clause: Evasion abilities are banned
|rule|Sleep Moves Clause: Sleep-inducing moves are banned
|clearpoke
|poke|p1|Pincurchin, F|
|poke|p1|Iron Boulder|
|poke|p1|Rabsca, M|
|poke|p1|Iron Moth|
|poke|p1|Espeon, M|
|poke|p1|Kleavor, F|
|poke|p2|Great Tusk|
|poke|p2|Araquanid, M|
|poke|p2|Regidrago|
|poke|p2|Iron Moth|
|poke|p2|Corviknight, F|
|poke|p2|Zapdos|
|teampreview
|inactive|Battle timer is ON: inactive players will automatically lose when time's up. (requested by fredrikthebod)
|inactive|fredrikthebod has 120 seconds left.
|
|t:|1758995436
|teamsize|p1|6
|teamsize|p2|6
|start
|switch|p1a: Kleavor|Kleavor, F|100/100
|switch|p2a: Araquanid|Araquanid, M|100/100
|turn|1
|
|t:|1758995446
|move|p1a: Kleavor|Stone Axe|p2a: Araquanid|[miss]
|-miss|p1a: Kleavor|p2a: Araquanid
|move|p2a: Araquanid|Liquidation|p1a: Kleavor
|-supereffective|p1a: Kleavor
|-enditem|p1a: Kleavor|Focus Sash
|-damage|p1a: Kleavor|1/100
|
|upkeep
|turn|2
|
|t:|1758995455
|move|p1a: Kleavor|Stone Axe|p2a: Araquanid
|-supereffective|p2a: Araquanid
|-damage|p2a: Araquanid|0 fnt
|-sidestart|p2: fredrikthebod|move: Stealth Rock
|faint|p2a: Araquanid
|
|upkeep
|
|t:|1758995462
|switch|p2a: Great Tusk|Great Tusk|100/100
|turn|3
|
|t:|1758995475
|switch|p1a: Pincurchin|Pincurchin, F, shiny|100/100
|-fieldstart|move: Electric Terrain|[from] ability: Electric Surge|[of] p1a: Pincurchin
|move|p2a: Great Tusk|Rapid Spin|p1a: Pincurchin
|-damage|p1a: Pincurchin|86/100
|-boost|p2a: Great Tusk|spe|1
|-sideend|p2: fredrikthebod|Stealth Rock|[from] move: Rapid Spin|[of] p2a: Great Tusk
|
|upkeep
|turn|4
|
|t:|1758995486
|switch|p1a: Kleavor|Kleavor, F|1/100
|move|p2a: Great Tusk|Headlong Rush|p1a: Kleavor
|-damage|p1a: Kleavor|0 fnt
|-unboost|p2a: Great Tusk|def|1
|-unboost|p2a: Great Tusk|spd|1
|faint|p1a: Kleavor
|
|upkeep
|
|t:|1758995493
|switch|p1a: Iron Boulder|Iron Boulder|100/100
|-activate|p1a: Iron Boulder|ability: Quark Drive
|-start|p1a: Iron Boulder|quarkdrivespe
|turn|5
|
|t:|1758995504
|-end|p2a: Great Tusk|Protosynthesis|[silent]
|switch|p2a: Corviknight|Corviknight, F, shiny|100/100
|-ability|p2a: Corviknight|Pressure
|move|p1a: Iron Boulder|Psycho Cut|p2a: Corviknight
|-resisted|p2a: Corviknight
|-damage|p2a: Corviknight|77/100
|
|-heal|p2a: Corviknight|84/100|[from] item: Leftovers
|upkeep
|turn|6
|
|t:|1758995514
|-end|p1a: Iron Boulder|Quark Drive|[silent]
|switch|p1a: Pincurchin|Pincurchin, F, shiny|86/100
|move|p2a: Corviknight|Agility|p2a: Corviknight
|-boost|p2a: Corviknight|spe|2
|
|-heal|p2a: Corviknight|90/100|[from] item: Leftovers
|upkeep
|turn|7
|
|t:|1758995530
|move|p2a: Corviknight|Bulk Up|p2a: Corviknight
|-boost|p2a: Corviknight|atk|1
|-boost|p2a: Corviknight|def|1
|move|p1a: Pincurchin|Spikes|p2a: Corviknight
|-sidestart|p2: fredrikthebod|Spikes
|
|-heal|p2a: Corviknight|96/100|[from] item: Leftovers
|upkeep
|turn|8
|
|t:|1758995539
|switch|p1a: Rabsca|Rabsca, M|100/100
|move|p2a: Corviknight|Bulk Up|p2a: Corviknight
|-boost|p2a: Corviknight|atk|1
|-boost|p2a: Corviknight|def|1
|
|-heal|p2a: Corviknight|100/100|[from] item: Leftovers
|upkeep
|turn|9
|
|t:|1758995549
|move|p2a: Corviknight|Power Trip|p1a: Rabsca
|-supereffective|p1a: Rabsca
|-damage|p1a: Rabsca|0 fnt
|faint|p1a: Rabsca
|
|upkeep
|
|t:|1758995559
|switch|p1a: Iron Moth|Iron Moth, shiny|100/100
|-activate|p1a: Iron Moth|ability: Quark Drive
|-start|p1a: Iron Moth|quarkdrivespe
|turn|10
|
|t:|1758995584
|-terastallize|p2a: Corviknight|Fire
|move|p1a: Iron Moth|Fiery Dance|p2a: Corviknight
|-resisted|p2a: Corviknight
|-damage|p2a: Corviknight|76/100
|move|p2a: Corviknight|Agility|p2a: Corviknight
|-boost|p2a: Corviknight|spe|2
|
|-heal|p2a: Corviknight|82/100|[from] item: Leftovers
|-fieldend|move: Electric Terrain
|-end|p1a: Iron Moth|Quark Drive
|upkeep
|turn|11
|
|t:|1758995597
|move|p2a: Corviknight|Power Trip|p1a: Iron Moth
|-damage|p1a: Iron Moth|0 fnt
|faint|p1a: Iron Moth
|-end|p1a: Iron Moth|Quark Drive|[silent]
|
|-heal|p2a: Corviknight|88/100|[from] item: Leftovers
|upkeep
|
|t:|1758995603
|switch|p1a: Pincurchin|Pincurchin, F, shiny|86/100
|-fieldstart|move: Electric Terrain|[from] ability: Electric Surge|[of] p1a: Pincurchin
|turn|12
|
|t:|1758995610
|move|p2a: Corviknight|Bulk Up|p2a: Corviknight
|-boost|p2a: Corviknight|atk|1
|-boost|p2a: Corviknight|def|1
|move|p1a: Pincurchin|Toxic Spikes|p2a: Corviknight
|-sidestart|p2: fredrikthebod|move: Toxic Spikes
|
|-heal|p2a: Corviknight|95/100|[from] item: Leftovers
|upkeep
|turn|13
|
|t:|1758995618
|switch|p1a: Espeon|Espeon, M|100/100
|move|p2a: Corviknight|Power Trip|p1a: Espeon
|-supereffective|p1a: Espeon
|-damage|p1a: Espeon|0 fnt
|faint|p1a: Espeon
|
|-heal|p2a: Corviknight|100/100|[from] item: Leftovers
|upkeep
|
|t:|1758995622
|switch|p1a: Iron Boulder|Iron Boulder|100/100
|-activate|p1a: Iron Boulder|ability: Quark Drive
|-start|p1a: Iron Boulder|quarkdrivespe
|turn|14
|
|t:|1758995630
|move|p2a: Corviknight|Power Trip|p1a: Iron Boulder
|-supereffective|p1a: Iron Boulder
|-damage|p1a: Iron Boulder|0 fnt
|faint|p1a: Iron Boulder
|-end|p1a: Iron Boulder|Quark Drive|[silent]
|
|upkeep
|-message|V4-l4ck1n forfeited.
|
|win|fredrikthebod
|raw|V4-l4ck1n's rating: 1307 &rarr; <strong>1288</strong><br />(-19 for losing)
|raw|fredrikthebod's rating: 1329 &rarr; <strong>1348</strong><br />(+19 for winning)
|l|☆V4-l4ck1n
|player|p1|
|l|☆fredrikthebod
|player|p2|
