|j|☆sofbar
|j|☆s4omp
|t:|1758990754
|gametype|singles
|player|p1|sofbar|miku-water|1118
|player|p2|s4omp|cilan|1172
|gen|9
|tier|[Gen 9] OU
|rated|
|rule|HP Percentage Mod: HP is shown in percentages
|rule|Endless Battle Clause: Forcing endless battles is banned
|rule|Species Clause: Limit one of each Pokémon
|rule|OHKO Clause: OHKO moves are banned
|rule|Evasion Items Clause: Evasion items are banned
|rule|Evasion Moves Clause: Evasion moves are banned
|rule|Evasion Abilities Clause: Evasion abilities are banned
|rule|Sleep Moves Clause: Sleep-inducing moves are banned
|clearpoke
|poke|p1|Gligar, F|
|poke|p1|Toxtricity, F|
|poke|p1|Moltres-Galar|
|poke|p1|Cryogonal|
|poke|p1|Iron Valiant|
|poke|p1|Revavroom, F|
|poke|p2|Landorus-Therian, M|
|poke|p2|Samurott-Hisui, M|
|poke|p2|Pecharunt|
|poke|p2|Scizor, M|
|poke|p2|Latios, M|
|poke|p2|Zamazenta-*|
|teampreview
|inactive|Battle timer is ON: inactive players will automatically lose when time's up. (requested by s4omp)
|inactive|sofbar also wants the timer to be on.
|j| S189725
|inactive|s4omp has 120 seconds left.
|
|t:|1758990803
|teamsize|p1|6
|teamsize|p2|6
|start
|switch|p1a: Anti-Gliscor|Gligar, F|100/100
|switch|p2a: Landorus|Landorus-Therian, M|100/100
|-ability|p2a: Landorus|Intimidate|boost
|-unboost|p1a: Anti-Gliscor|atk|1
|turn|1
|l| S189725
|
|t:|1758990810
|move|p2a: Landorus|U-turn|p1a: Anti-Gliscor
|-resisted|p1a: Anti-Gliscor
|-damage|p1a: Anti-Gliscor|95/100
|
|t:|1758990829
|switch|p2a: Samurott|Samurott-Hisui, M|100/100|[from] U-turn
|move|p1a: Anti-Gliscor|Knock Off|p2a: Samurott
|-resisted|p2a: Samurott
|-damage|p2a: Samurott|93/100
|-enditem|p2a: Samurott|Assault Vest|[from] move: Knock Off|[of] p1a: Anti-Gliscor
|
|upkeep
|turn|2
|inactive|sofbar has 120 seconds left.
|
|t:|1758990872
|move|p2a: Samurott|Razor Shell|p1a: Anti-Gliscor
|-supereffective|p1a: Anti-Gliscor
|-damage|p1a: Anti-Gliscor|43/100
|move|p1a: Anti-Gliscor|Stealth Rock|p2a: Samurott
|-sidestart|p2: s4omp|move: Stealth Rock
|
|upkeep
|turn|3
|
|t:|1758990882
|switch|p1a: Anti-Whatever|Moltres-Galar|100/100
|move|p2a: Samurott|Razor Shell|p1a: Anti-Whatever
|-damage|p1a: Anti-Whatever|40/100
|-ability|p1a: Anti-Whatever|Berserk|boost
|-boost|p1a: Anti-Whatever|spa|1
|-enditem|p1a: Anti-Whatever|Sitrus Berry|[eat]
|-heal|p1a: Anti-Whatever|65/100|[from] item: Sitrus Berry
|
|upkeep
|turn|4
|
|t:|1758990896
|move|p1a: Anti-Whatever|Tailwind|p1a: Anti-Whatever
|-sidestart|p1: sofbar|move: Tailwind
|move|p2a: Samurott|Razor Shell|p1a: Anti-Whatever
|-damage|p1a: Anti-Whatever|3/100
|-ability|p1a: Anti-Whatever|Berserk|boost
|-boost|p1a: Anti-Whatever|spa|1
|
|upkeep
|turn|5
|inactive|sofbar has 120 seconds left.
|
|t:|1758990905
|move|p2a: Samurott|Aqua Jet|p1a: Anti-Whatever
|-damage|p1a: Anti-Whatever|0 fnt
|faint|p1a: Anti-Whatever
|
|upkeep
|
|t:|1758990909
|switch|p1a: Works|Toxtricity, F|100/100
|turn|6
|
|t:|1758990927
|-terastallize|p2a: Samurott|Ground
|move|p1a: Works|Shift Gear|p1a: Works
|-boost|p1a: Works|spe|2
|-boost|p1a: Works|atk|1
|move|p2a: Samurott|Razor Shell|p1a: Works
|-damage|p1a: Works|19/100
|-unboost|p1a: Works|def|1
|
|upkeep
|turn|7
|
|t:|1758990934
|move|p2a: Samurott|Aqua Jet|p1a: Works
|-damage|p1a: Works|0 fnt
|faint|p1a: Works
|
|-sideend|p1: sofbar|move: Tailwind
|upkeep
|
|t:|1758990939
|switch|p1a: DIE Gliscor|Cryogonal|100/100
|turn|8
|
|t:|1758990946
|move|p1a: DIE Gliscor|Ice Beam|p2a: Samurott
|-supereffective|p2a: Samurott
|-damage|p2a: Samurott|0 fnt
|faint|p2a: Samurott
|
|upkeep
|
|t:|1758990952
|switch|p2a: Scizor|Scizor, M|100/100
|turn|9
|
|t:|1758990958
|switch|p1a: Anti-Gliscor|Gligar, F|43/100
|move|p2a: Scizor|Swords Dance|p2a: Scizor
|-boost|p2a: Scizor|atk|2
|
|upkeep
|turn|10
|
|t:|1758990965
|move|p2a: Scizor|Swords Dance|p2a: Scizor
|-boost|p2a: Scizor|atk|2
|move|p1a: Anti-Gliscor|Knock Off|p2a: Scizor
|-damage|p2a: Scizor|77/100
|-enditem|p2a: Scizor|Heavy-Duty Boots|[from] move: Knock Off|[of] p1a: Anti-Gliscor
|
|upkeep
|turn|11
|
|t:|1758990971
|move|p2a: Scizor|Bullet Punch|p1a: Anti-Gliscor
|-damage|p1a: Anti-Gliscor|0 fnt
|faint|p1a: Anti-Gliscor
|
|upkeep
|
|t:|1758990973
|switch|p1a: Something?|Revavroom, F|100/100
|turn|12
|
|t:|1758990981
|move|p1a: Something?|Temper Flare|p2a: Scizor
|-supereffective|p2a: Scizor
|-damage|p2a: Scizor|0 fnt
|faint|p2a: Scizor
|-damage|p1a: Something?|91/100|[from] item: Life Orb
|
|upkeep
|
|t:|1758990985
|switch|p2a: Landorus|Landorus-Therian, M|100/100
|-damage|p2a: Landorus|88/100|[from] Stealth Rock
|-ability|p2a: Landorus|Intimidate|boost
|-unboost|p1a: Something?|atk|1
|turn|13
|
|t:|1758990987
|switch|p1a: DIE Gliscor|Cryogonal|100/100
|move|p2a: Landorus|Earthquake|p1a: DIE Gliscor
|-immune|p1a: DIE Gliscor|[from] ability: Levitate
|
|upkeep
|turn|14
|
|t:|1758990995
|move|p1a: DIE Gliscor|Chilling Water|p2a: Landorus
|-supereffective|p2a: Landorus
|-damage|p2a: Landorus|58/100
|-unboost|p2a: Landorus|atk|1
|move|p2a: Landorus|Smack Down|p1a: DIE Gliscor
|-supereffective|p1a: DIE Gliscor
|-damage|p1a: DIE Gliscor|58/100
|-start|p1a: DIE Gliscor|Smack Down
|
|upkeep
|turn|15
|
|t:|1758991004
|switch|p2a: Zamazenta|Zamazenta|100/100
|-damage|p2a: Zamazenta|94/100|[from] Stealth Rock
|-ability|p2a: Zamazenta|Dauntless Shield|boost
|-boost|p2a: Zamazenta|def|1
|move|p1a: DIE Gliscor|Ice Beam|p2a: Zamazenta
|-damage|p2a: Zamazenta|62/100
|
|-heal|p2a: Zamazenta|68/100|[from] item: Leftovers
|upkeep
|turn|16
|
|t:|1758991012
|switch|p1a: Anti-WhatWorks|Iron Valiant|100/100
|-enditem|p1a: Anti-WhatWorks|Booster Energy
|-activate|p1a: Anti-WhatWorks|ability: Quark Drive|[fromitem]
|-start|p1a: Anti-WhatWorks|quarkdrivespe
|move|p2a: Zamazenta|Body Press|p1a: Anti-WhatWorks
|-resisted|p1a: Anti-WhatWorks
|-damage|p1a: Anti-WhatWorks|61/100
|
|-heal|p2a: Zamazenta|74/100|[from] item: Leftovers
|upkeep
|turn|17
|
|t:|1758991020
|switch|p2a: Pecharunt|Pecharunt|100/100
|move|p1a: Anti-WhatWorks|Knock Off|p2a: Pecharunt
|-supereffective|p2a: Pecharunt
|-damage|p2a: Pecharunt|66/100
|-enditem|p2a: Pecharunt|Heavy-Duty Boots|[from] move: Knock Off|[of] p1a: Anti-WhatWorks
|
|upkeep
|turn|18
|
|t:|1758991028
|move|p1a: Anti-WhatWorks|Psyshock|p2a: Pecharunt
|-supereffective|p2a: Pecharunt
|-damage|p2a: Pecharunt|36/100
|move|p2a: Pecharunt|Malignant Chain|p1a: Anti-WhatWorks
|-supereffective|p1a: Anti-WhatWorks
|-damage|p1a: Anti-WhatWorks|0 fnt
|faint|p1a: Anti-WhatWorks
|-end|p1a: Anti-WhatWorks|Quark Drive|[silent]
|
|upkeep
|
|t:|1758991031
|switch|p1a: Something?|Revavroom, F|91/100
|turn|19
|
|t:|1758991039
|switch|p2a: Latios|Latios, M|100/100
|-damage|p2a: Latios|88/100|[from] Stealth Rock
|move|p1a: Something?|Shift Gear|p1a: Something?
|-boost|p1a: Something?|spe|2
|-boost|p1a: Something?|atk|1
|
|upkeep
|turn|20
|
|t:|1758991048
|move|p1a: Something?|Gunk Shot|p2a: Latios
|-damage|p2a: Latios|0 fnt
|faint|p2a: Latios
|-damage|p1a: Something?|81/100|[from] item: Life Orb
|
|upkeep
|
|t:|1758991060
|switch|p2a: Zamazenta|Zamazenta|74/100
|-damage|p2a: Zamazenta|68/100|[from] Stealth Rock
|turn|21
|
|t:|1758991067
|move|p1a: Something?|Iron Head|p2a: Zamazenta
|-damage|p2a: Zamazenta|13/100
|-damage|p1a: Something?|71/100|[from] item: Life Orb
|move|p2a: Zamazenta|Body Press|p1a: Something?
|-damage|p1a: Something?|26/100
|
|-heal|p2a: Zamazenta|19/100|[from] item: Leftovers
|upkeep
|turn|22
|
|t:|1758991075
|move|p1a: Something?|Iron Head|p2a: Zamazenta
|-damage|p2a: Zamazenta|0 fnt
|faint|p2a: Zamazenta
|-damage|p1a: Something?|16/100|[from] item: Life Orb
|
|upkeep
|
|t:|1758991088
|switch|p2a: Landorus|Landorus-Therian, M|58/100
|-damage|p2a: Landorus|45/100|[from] Stealth Rock
|-ability|p2a: Landorus|Intimidate|boost
|-unboost|p1a: Something?|atk|1
|turn|23
|
|t:|1758991105
|move|p1a: Something?|Iron Head|p2a: Landorus
|-crit|p2a: Landorus
|-damage|p2a: Landorus|0 fnt
|-damage|p1a: Something?|0 fnt|[from] item: Rocky Helmet|[of] p2a: Landorus
|faint|p2a: Landorus
|faint|p1a: Something?
|
|upkeep
|
|t:|1758991114
|switch|p2a: Pecharunt|Pecharunt|36/100
|switch|p1a: DIE Gliscor|Cryogonal|58/100
|-damage|p2a: Pecharunt|23/100|[from] Stealth Rock
|turn|24
|
|t:|1758991119
|-terastallize|p1a: DIE Gliscor|Ice
|move|p1a: DIE Gliscor|Ice Beam|p2a: Pecharunt
|-damage|p2a: Pecharunt|0 fnt
|faint|p2a: Pecharunt
|
|win|sofbar
|raw|sofbar's rating: 1118 &rarr; <strong>1147</strong><br />(+29 for winning)
|raw|s4omp's rating: 1172 &rarr; <strong>1143</strong><br />(-29 for losing)
|l|☆s4omp
|player|p2|
|l|☆sofbar
|player|p1|
