|j|☆hydromissfocushit
|j|☆Ai Specialist 144
|t:|1759002392
|gametype|singles
|player|p1|hydromissfocushit|102|1390
|player|p2|Ai Specialist 144|marley|1335
|gen|9
|tier|[Gen 9] OU
|rated|
|rule|HP Percentage Mod: HP is shown in percentages
|rule|Endless Battle Clause: Forcing endless battles is banned
|rule|Species Clause: Limit one of each Pokémon
|rule|OHKO Clause: OHKO moves are banned
|rule|Evasion Items Clause: Evasion items are banned
|rule|Evasion Moves Clause: Evasion moves are banned
|rule|Evasion Abilities Clause: Evasion abilities are banned
|rule|Sleep Moves Clause: Sleep-inducing moves are banned
|clearpoke
|poke|p1|Weezing-Galar, M|
|poke|p1|Gliscor, M|
|poke|p1|Heatran, F|
|poke|p1|Sinistcha|
|poke|p1|Zamazenta-*|
|poke|p1|Hydreigon, F|
|poke|p2|Iron Valiant|
|poke|p2|Dragonite, M|
|poke|p2|Gholdengo|
|poke|p2|Darkrai|
|poke|p2|Excadrill, M|
|poke|p2|Ogerpon-Wellspring, F|
|teampreview
|inactive|Battle timer is ON: inactive players will automatically lose when time's up. (requested by Ai Specialist 144)
|
|t:|1759002407
|teamsize|p1|6
|teamsize|p2|6
|start
|switch|p1a: Pluto|Hydreigon, F|100/100
|switch|p2a: HUN73R🩸|Darkrai, shiny|100/100
|turn|1
|
|t:|1759002420
|move|p2a: HUN73R🩸|Ice Beam|p1a: Pluto
|-supereffective|p1a: Pluto
|-damage|p1a: Pluto|18/100
|move|p1a: Pluto|Draco Meteor|p2a: HUN73R🩸
|-damage|p2a: HUN73R🩸|0 fnt
|-unboost|p1a: Pluto|spa|2
|faint|p2a: HUN73R🩸
|
|upkeep
|
|t:|1759002430
|switch|p2a: G047 🐑|Excadrill, M, shiny|100/100
|-ability|p2a: G047 🐑|Mold Breaker
|turn|2
|
|t:|1759002435
|switch|p1a: Peaches|Zamazenta|100/100
|-ability|p1a: Peaches|Dauntless Shield|boost
|-boost|p1a: Peaches|def|1
|move|p2a: G047 🐑|Rapid Spin|p1a: Peaches
|-damage|p1a: Peaches|92/100
|-boost|p2a: G047 🐑|spe|1
|
|-heal|p1a: Peaches|98/100|[from] item: Leftovers
|upkeep
|turn|3
|
|t:|1759002446
|switch|p2a: 401 K 💵|Gholdengo, shiny|100/100
|-item|p2a: 401 K 💵|Air Balloon
|switch|p1a: Pluto|Hydreigon, F|18/100
|
|upkeep
|turn|4
|
|t:|1759002459
|switch|p2a: S4iL0R M0on 🌙|Iron Valiant, shiny|100/100
|-enditem|p2a: S4iL0R M0on 🌙|Booster Energy
|-activate|p2a: S4iL0R M0on 🌙|ability: Quark Drive|[fromitem]
|-start|p2a: S4iL0R M0on 🌙|quarkdrivespe
|move|p1a: Pluto|Dark Pulse|p2a: S4iL0R M0on 🌙
|-resisted|p2a: S4iL0R M0on 🌙
|-damage|p2a: S4iL0R M0on 🌙|76/100
|
|upkeep
|turn|5
|
|t:|1759002485
|-end|p2a: S4iL0R M0on 🌙|Quark Drive|[silent]
|switch|p2a: G047 🐑|Excadrill, M, shiny|100/100
|-ability|p2a: G047 🐑|Mold Breaker
|switch|p1a: Rich privilege|Weezing-Galar, M|100/100
|-ability|p1a: Rich privilege|Neutralizing Gas
|
|upkeep
|turn|6
|inactive|hydromissfocushit has 120 seconds left.
|
|t:|1759002502
|-end|p1a: Rich privilege|ability: Neutralizing Gas
|-ability|p2a: G047 🐑|Mold Breaker
|switch|p1a: Peaches|Zamazenta|98/100
|move|p2a: G047 🐑|Stealth Rock|p1a: Peaches
|-sidestart|p1: hydromissfocushit|move: Stealth Rock
|
|-heal|p1a: Peaches|100/100|[from] item: Leftovers
|upkeep
|turn|7
|inactive|hydromissfocushit has 120 seconds left.
|
|t:|1759002514
|move|p1a: Peaches|Crunch|p2a: G047 🐑
|-damage|p2a: G047 🐑|67/100
|move|p2a: G047 🐑|Earthquake|p1a: Peaches
|-damage|p1a: Peaches|61/100
|
|-heal|p1a: Peaches|67/100|[from] item: Leftovers
|upkeep
|turn|8
|
|t:|1759002523
|switch|p2a: 401 K 💵|Gholdengo, shiny|100/100
|-item|p2a: 401 K 💵|Air Balloon
|move|p1a: Peaches|Body Press|p2a: 401 K 💵
|-immune|p2a: 401 K 💵
|
|-heal|p1a: Peaches|73/100|[from] item: Leftovers
|upkeep
|turn|9
|
|t:|1759002533
|switch|p1a: After taco night|Heatran, F|100/100
|-damage|p1a: After taco night|88/100|[from] Stealth Rock
|move|p2a: 401 K 💵|Dazzling Gleam|p1a: After taco night
|-resisted|p1a: After taco night
|-damage|p1a: After taco night|84/100
|
|-heal|p1a: After taco night|90/100|[from] item: Leftovers
|upkeep
|turn|10
|
|t:|1759002543
|switch|p2a: 0.G.👑|Dragonite, M, shiny|100/100
|move|p1a: After taco night|Magma Storm|p2a: 0.G.👑
|-resisted|p2a: 0.G.👑
|-damage|p2a: 0.G.👑|89/100
|-activate|p2a: 0.G.👑|move: Magma Storm|[of] p1a: After taco night
|
|-heal|p1a: After taco night|96/100|[from] item: Leftovers
|-damage|p2a: 0.G.👑|77/100|[from] move: Magma Storm|[partiallytrapped]
|upkeep
|turn|11
|
|t:|1759002556
|switch|p1a: Rich privilege|Weezing-Galar, M|100/100
|-ability|p1a: Rich privilege|Neutralizing Gas
|move|p2a: 0.G.👑|Earthquake|p1a: Rich privilege
|-supereffective|p1a: Rich privilege
|-damage|p1a: Rich privilege|47/100
|
|-end|p2a: 0.G.👑|Magma Storm|[partiallytrapped]|[silent]
|upkeep
|turn|12
|
|t:|1759002574
|move|p2a: 0.G.👑|Earthquake|p1a: Rich privilege
|-supereffective|p1a: Rich privilege
|-damage|p1a: Rich privilege|0 fnt
|faint|p1a: Rich privilege
|-end|p1a: Rich privilege|ability: Neutralizing Gas
|
|upkeep
|
|t:|1759002584
|switch|p1a: Peaches|Zamazenta|73/100
|-damage|p1a: Peaches|67/100|[from] Stealth Rock
|turn|13
|l|☆hydromissfocushit
|inactive|hydromissfocushit disconnected and has a minute to reconnect!
|player|p1|
|inactive|hydromissfocushit has 30 seconds to reconnect!
|inactive|hydromissfocushit has 20 seconds to reconnect!
|inactive|hydromissfocushit has 15 seconds to reconnect!
|inactive|hydromissfocushit has 10 seconds to reconnect!
|inactive|hydromissfocushit has 5 seconds to reconnect!
|-message|hydromissfocushit lost due to inactivity.
|
|win|Ai Specialist 144
|raw|hydromissfocushit's rating: 1390 &rarr; <strong>1367</strong><br />(-23 for losing)
|raw|Ai Specialist 144's rating: 1335 &rarr; <strong>1358</strong><br />(+23 for winning)
