|j|☆Titanosaurus
|j|☆BigJulius
|t:|1758925420
|gametype|singles
|player|p1|Titanosaurus|byron|1348
|player|p2|BigJulius|2|1325
|gen|9
|tier|[Gen 9] OU
|rated|
|rule|HP Percentage Mod: HP is shown in percentages
|rule|Endless Battle Clause: Forcing endless battles is banned
|rule|Species Clause: Limit one of each Pokémon
|rule|OHKO Clause: OHKO moves are banned
|rule|Evasion Items Clause: Evasion items are banned
|rule|Evasion Moves Clause: Evasion moves are banned
|rule|Evasion Abilities Clause: Evasion abilities are banned
|rule|Sleep Moves Clause: Sleep-inducing moves are banned
|clearpoke
|poke|p1|Torkoal, F|
|poke|p1|Slither Wing|
|poke|p1|Lilligant, F|
|poke|p1|Cinderace, F|
|poke|p1|Sandy Shocks|
|poke|p1|Ceruledge, M|
|poke|p2|Clodsire, M|
|poke|p2|Meowscarada, F|
|poke|p2|Corviknight, F|
|poke|p2|Magneton|
|poke|p2|Alomomola, F|
|poke|p2|Zamazenta-*|
|teampreview
|inactive|Battle timer is ON: inactive players will automatically lose when time's up. (requested by BigJulius)
|
|t:|1758925436
|teamsize|p1|6
|teamsize|p2|6
|start
|switch|p1a: Torkoal|Torkoal, F|100/100
|switch|p2a: Clodsire|Clodsire, M|100/100
|-weather|SunnyDay|[from] ability: Drought|[of] p1a: Torkoal
|turn|1
|
|t:|1758925444
|move|p2a: Clodsire|Toxic|p1a: Torkoal
|-status|p1a: Torkoal|tox
|move|p1a: Torkoal|Stealth Rock|p2a: Clodsire
|-sidestart|p2: BigJulius|move: Stealth Rock
|
|-weather|SunnyDay|[upkeep]
|-damage|p1a: Torkoal|94/100 tox|[from] psn
|upkeep
|turn|2
|
|t:|1758925450
|switch|p1a: Ceruledge|Ceruledge, M|100/100
|move|p2a: Clodsire|Toxic|p1a: Ceruledge
|-status|p1a: Ceruledge|tox
|
|-weather|SunnyDay|[upkeep]
|-damage|p1a: Ceruledge|94/100 tox|[from] psn
|upkeep
|turn|3
|
|t:|1758925461
|move|p1a: Ceruledge|Swords Dance|p1a: Ceruledge
|-boost|p1a: Ceruledge|atk|2
|move|p2a: Clodsire|Earthquake|p1a: Ceruledge
|-supereffective|p1a: Ceruledge
|-damage|p1a: Ceruledge|29/100 tox
|-ability|p1a: Ceruledge|Weak Armor|boost
|-unboost|p1a: Ceruledge|def|1
|-boost|p1a: Ceruledge|spe|2
|
|-weather|SunnyDay|[upkeep]
|-damage|p1a: Ceruledge|17/100 tox|[from] psn
|upkeep
|turn|4
|
|t:|1758925473
|switch|p2a: Alomomola|Alomomola, F|100/100
|move|p1a: Ceruledge|Bitter Blade|p2a: Alomomola
|-resisted|p2a: Alomomola
|-damage|p2a: Alomomola|60/100
|-heal|p1a: Ceruledge|44/100 tox|[from] drain|[of] p2a: Alomomola
|
|-weather|SunnyDay|[upkeep]
|-damage|p1a: Ceruledge|25/100 tox|[from] psn
|upkeep
|turn|5
|
|t:|1758925483
|move|p1a: Ceruledge|Close Combat|p2a: Alomomola
|-damage|p2a: Alomomola|17/100
|-unboost|p1a: Ceruledge|def|1
|-unboost|p1a: Ceruledge|spd|1
|move|p2a: Alomomola|Flip Turn|p1a: Ceruledge
|-supereffective|p1a: Ceruledge
|-damage|p1a: Ceruledge|0 fnt
|faint|p1a: Ceruledge
|
|t:|1758925498
|switch|p2a: Meowscarada|Meowscarada, F|100/100|[from] Flip Turn
|-damage|p2a: Meowscarada|88/100|[from] Stealth Rock
|
|-weather|SunnyDay|[upkeep]
|upkeep
|
|t:|1758925508
|switch|p1a: Lilligant|Lilligant, F|100/100
|turn|6
|
|t:|1758925525
|switch|p2a: Clodsire|Clodsire, M|100/100
|-damage|p2a: Clodsire|94/100|[from] Stealth Rock
|move|p1a: Lilligant|Weather Ball|p2a: Clodsire
|-damage|p2a: Clodsire|54/100
|
|-weather|SunnyDay|[upkeep]
|-heal|p2a: Clodsire|60/100|[from] item: Black Sludge
|upkeep
|turn|7
|
|t:|1758925533
|move|p1a: Lilligant|Weather Ball|p2a: Clodsire
|-damage|p2a: Clodsire|22/100
|move|p2a: Clodsire|Recover|p2a: Clodsire
|-heal|p2a: Clodsire|72/100
|
|-weather|SunnyDay|[upkeep]
|-heal|p2a: Clodsire|78/100|[from] item: Black Sludge
|upkeep
|turn|8
|
|t:|1758925544
|move|p1a: Lilligant|Weather Ball|p2a: Clodsire
|-damage|p2a: Clodsire|35/100
|move|p2a: Clodsire|Toxic|p1a: Lilligant
|-status|p1a: Lilligant|tox
|
|-weather|none
|-heal|p2a: Clodsire|42/100|[from] item: Black Sludge
|-damage|p1a: Lilligant|94/100 tox|[from] psn
|upkeep
|turn|9
|
|t:|1758925548
|switch|p1a: Torkoal|Torkoal, F|94/100 tox
|-weather|SunnyDay|[from] ability: Drought|[of] p1a: Torkoal
|move|p2a: Clodsire|Recover|p2a: Clodsire
|-heal|p2a: Clodsire|92/100
|
|-weather|SunnyDay|[upkeep]
|-heal|p2a: Clodsire|98/100|[from] item: Black Sludge
|-damage|p1a: Torkoal|88/100 tox|[from] psn
|upkeep
|turn|10
|
|t:|1758925557
|switch|p1a: Sandy Shocks|Sandy Shocks|100/100
|-activate|p1a: Sandy Shocks|ability: Protosynthesis
|-start|p1a: Sandy Shocks|protosynthesisspa
|move|p2a: Clodsire|Earthquake|p1a: Sandy Shocks
|-supereffective|p1a: Sandy Shocks
|-damage|p1a: Sandy Shocks|35/100
|
|-weather|SunnyDay|[upkeep]
|-heal|p2a: Clodsire|100/100|[from] item: Black Sludge
|upkeep
|turn|11
|
|t:|1758925578
|-terastallize|p1a: Sandy Shocks|Ice
|-terastallize|p2a: Clodsire|Grass
|move|p1a: Sandy Shocks|Tera Blast|p2a: Clodsire|[anim] Tera Blast Ice
|-supereffective|p2a: Clodsire
|-damage|p2a: Clodsire|40/100
|move|p2a: Clodsire|Earthquake|p1a: Sandy Shocks
|-damage|p1a: Sandy Shocks|5/100
|
|-weather|SunnyDay|[upkeep]
|-damage|p2a: Clodsire|27/100|[from] item: Black Sludge
|upkeep
|turn|12
|
|t:|1758925597
|move|p1a: Sandy Shocks|Tera Blast|p2a: Clodsire|[anim] Tera Blast Ice
|-supereffective|p2a: Clodsire
|-damage|p2a: Clodsire|0 fnt
|faint|p2a: Clodsire
|
|-weather|SunnyDay|[upkeep]
|upkeep
|inactive|BigJulius has 120 seconds left.
|
|t:|1758925613
|switch|p2a: Meowscarada|Meowscarada, F|88/100
|-damage|p2a: Meowscarada|76/100|[from] Stealth Rock
|turn|13
|inactive|BigJulius has 120 seconds left.
|
|t:|1758925619
|move|p2a: Meowscarada|U-turn|p1a: Sandy Shocks
|-start|p2a: Meowscarada|typechange|Bug|[from] ability: Protean
|-damage|p1a: Sandy Shocks|0 fnt
|faint|p1a: Sandy Shocks
|-end|p1a: Sandy Shocks|Protosynthesis|[silent]
|inactive|BigJulius has 120 seconds left.
|
|t:|1758925626
|switch|p2a: Alomomola|Alomomola, F|50/100|[from] U-turn
|
|-weather|SunnyDay|[upkeep]
|upkeep
|
|t:|1758925633
|switch|p1a: Lilligant|Lilligant, F|94/100 tox
|turn|14
|
|t:|1758925640
|move|p1a: Lilligant|Weather Ball|p2a: Alomomola
|-resisted|p2a: Alomomola
|-damage|p2a: Alomomola|17/100
|move|p2a: Alomomola|Wish|p2a: Alomomola
|
|-weather|SunnyDay|[upkeep]
|-damage|p1a: Lilligant|88/100 tox|[from] psn
|upkeep
|turn|15
|
|t:|1758925651
|switch|p2a: Magneton|Magneton|100/100
|-damage|p2a: Magneton|94/100|[from] Stealth Rock
|move|p1a: Lilligant|Weather Ball|p2a: Magneton
|-supereffective|p2a: Magneton
|-damage|p2a: Magneton|0 fnt
|faint|p2a: Magneton
|
|-weather|SunnyDay|[upkeep]
|-damage|p1a: Lilligant|76/100 tox|[from] psn
|upkeep
|
|t:|1758925661
|switch|p2a: Alomomola|Alomomola, F|51/100
|turn|16
|
|t:|1758925666
|switch|p1a: Slither Wing|Slither Wing|100/100
|-activate|p1a: Slither Wing|ability: Protosynthesis
|-start|p1a: Slither Wing|protosynthesisspd
|move|p2a: Alomomola|Mirror Coat||[still]
|-fail|p2a: Alomomola
|
|-weather|none
|-end|p1a: Slither Wing|Protosynthesis
|upkeep
|turn|17
|
|t:|1758925675
|switch|p2a: Corviknight|Corviknight, F|100/100
|-damage|p2a: Corviknight|88/100|[from] Stealth Rock
|move|p1a: Slither Wing|Sunny Day|p1a: Slither Wing
|-weather|SunnyDay
|-activate|p1a: Slither Wing|ability: Protosynthesis
|-start|p1a: Slither Wing|protosynthesisspd
|
|-weather|SunnyDay|[upkeep]
|upkeep
|turn|18
|
|t:|1758925684
|-end|p1a: Slither Wing|Protosynthesis|[silent]
|switch|p1a: Cinderace|Cinderace, F|100/100
|move|p2a: Corviknight|Brave Bird|p1a: Cinderace
|-damage|p1a: Cinderace|49/100
|-damage|p2a: Corviknight|73/100|[from] Recoil
|
|-weather|SunnyDay|[upkeep]
|upkeep
|turn|19
|
|t:|1758925688
|switch|p2a: Alomomola|Alomomola, F|84/100
|move|p1a: Cinderace|Pyro Ball|p2a: Alomomola|[miss]
|-miss|p1a: Cinderace|p2a: Alomomola
|
|-weather|SunnyDay|[upkeep]
|upkeep
|turn|20
|
|t:|1758925695
|move|p1a: Cinderace|U-turn|p2a: Alomomola
|-start|p1a: Cinderace|typechange|Bug|[from] ability: Libero
|-damage|p2a: Alomomola|62/100
|
|t:|1758925697
|switch|p1a: Lilligant|Lilligant, F|76/100 tox|[from] U-turn
|move|p2a: Alomomola|Flip Turn|p1a: Lilligant
|-resisted|p1a: Lilligant
|-damage|p1a: Lilligant|71/100 tox
|
|t:|1758925703
|switch|p2a: Zamazenta|Zamazenta|100/100|[from] Flip Turn
|-damage|p2a: Zamazenta|94/100|[from] Stealth Rock
|-ability|p2a: Zamazenta|Dauntless Shield|boost
|-boost|p2a: Zamazenta|def|1
|
|-weather|SunnyDay|[upkeep]
|-heal|p2a: Zamazenta|100/100|[from] item: Leftovers
|-damage|p1a: Lilligant|65/100 tox|[from] psn
|upkeep
|turn|21
|
|t:|1758925729
|move|p1a: Lilligant|Weather Ball|p2a: Zamazenta
|-damage|p2a: Zamazenta|35/100
|move|p2a: Zamazenta|Body Press|p1a: Lilligant
|-damage|p1a: Lilligant|0 fnt
|faint|p1a: Lilligant
|
|-weather|none
|-heal|p2a: Zamazenta|42/100|[from] item: Leftovers
|upkeep
|
|t:|1758925735
|switch|p1a: Torkoal|Torkoal, F|88/100 tox
|-weather|SunnyDay|[from] ability: Drought|[of] p1a: Torkoal
|turn|22
|
|t:|1758925741
|switch|p2a: Alomomola|Alomomola, F|95/100
|move|p1a: Torkoal|Lava Plume|p2a: Alomomola
|-resisted|p2a: Alomomola
|-damage|p2a: Alomomola|80/100
|-status|p2a: Alomomola|brn
|
|-weather|SunnyDay|[upkeep]
|-damage|p1a: Torkoal|82/100 tox|[from] psn
|-damage|p2a: Alomomola|74/100 brn|[from] brn
|upkeep
|turn|23
|
|t:|1758925746
|switch|p1a: Slither Wing|Slither Wing|100/100
|-activate|p1a: Slither Wing|ability: Protosynthesis
|-start|p1a: Slither Wing|protosynthesisspd
|move|p2a: Alomomola|Wish|p2a: Alomomola
|
|-weather|SunnyDay|[upkeep]
|-damage|p2a: Alomomola|68/100 brn|[from] brn
|upkeep
|turn|24
|
|t:|1758925753
|-end|p1a: Slither Wing|Protosynthesis|[silent]
|switch|p1a: Torkoal|Torkoal, F|82/100 tox
|move|p2a: Alomomola|Flip Turn|p1a: Torkoal
|-supereffective|p1a: Torkoal
|-damage|p1a: Torkoal|77/100 tox
|
|t:|1758925757
|switch|p2a: Zamazenta|Zamazenta|42/100|[from] Flip Turn
|-damage|p2a: Zamazenta|35/100|[from] Stealth Rock
|
|-weather|SunnyDay|[upkeep]
|-heal|p2a: Zamazenta|100/100|[from] move: Wish|[wisher] Alomomola
|-damage|p1a: Torkoal|71/100 tox|[from] psn
|upkeep
|turn|25
|
|t:|1758925762
|move|p2a: Zamazenta|Substitute|p2a: Zamazenta
|-start|p2a: Zamazenta|Substitute
|-damage|p2a: Zamazenta|76/100
|move|p1a: Torkoal|Lava Plume|p2a: Zamazenta
|-end|p2a: Zamazenta|Substitute
|
|-weather|SunnyDay|[upkeep]
|-heal|p2a: Zamazenta|82/100|[from] item: Leftovers
|-damage|p1a: Torkoal|59/100 tox|[from] psn
|upkeep
|turn|26
|
|t:|1758925767
|move|p2a: Zamazenta|Substitute|p2a: Zamazenta
|-start|p2a: Zamazenta|Substitute
|-damage|p2a: Zamazenta|57/100
|move|p1a: Torkoal|Lava Plume|p2a: Zamazenta
|-end|p2a: Zamazenta|Substitute
|
|-weather|SunnyDay|[upkeep]
|-heal|p2a: Zamazenta|63/100|[from] item: Leftovers
|-damage|p1a: Torkoal|40/100 tox|[from] psn
|upkeep
|turn|27
|
|t:|1758925774
|move|p2a: Zamazenta|Substitute|p2a: Zamazenta
|-start|p2a: Zamazenta|Substitute
|-damage|p2a: Zamazenta|38/100
|move|p1a: Torkoal|Lava Plume|p2a: Zamazenta
|-end|p2a: Zamazenta|Substitute
|
|-weather|SunnyDay|[upkeep]
|-heal|p2a: Zamazenta|44/100|[from] item: Leftovers
|-damage|p1a: Torkoal|16/100 tox|[from] psn
|upkeep
|turn|28
|inactive|Titanosaurus has 120 seconds left.
|
|t:|1758925822
|switch|p1a: Slither Wing|Slither Wing|100/100
|-activate|p1a: Slither Wing|ability: Protosynthesis
|-start|p1a: Slither Wing|protosynthesisspd
|move|p2a: Zamazenta|Body Press|p1a: Slither Wing
|-resisted|p1a: Slither Wing
|-damage|p1a: Slither Wing|83/100
|
|-weather|SunnyDay|[upkeep]
|-heal|p2a: Zamazenta|50/100|[from] item: Leftovers
|upkeep
|turn|29
|c|☆BigJulius|Interesting game
|inactive|Titanosaurus has 90 seconds left.
|inactive|Titanosaurus has 60 seconds left.
|c|☆Titanosaurus|Interesante Stall
|
|t:|1758925881
|switch|p2a: Corviknight|Corviknight, F|73/100
|-damage|p2a: Corviknight|61/100|[from] Stealth Rock
|-end|p1a: Slither Wing|Protosynthesis|[silent]
|switch|p1a: Cinderace|Cinderace, F|49/100
|
|-weather|none
|upkeep
|turn|30
|
|t:|1758925894
|switch|p1a: Slither Wing|Slither Wing|83/100
|move|p2a: Corviknight|Defog|p1a: Slither Wing
|-unboost|p1a: Slither Wing|evasion|1
|-sideend|p2: BigJulius|Stealth Rock|[from] move: Defog|[of] p2a: Corviknight
|
|upkeep
|turn|31
|inactive|Titanosaurus has 60 seconds left.
|
|t:|1758925920
|-end|p1a: Slither Wing|Protosynthesis|[silent]
|switch|p1a: Cinderace|Cinderace, F|49/100
|move|p2a: Corviknight|Brave Bird|p1a: Cinderace
|-damage|p1a: Cinderace|0 fnt
|faint|p1a: Cinderace
|-damage|p2a: Corviknight|47/100|[from] Recoil
|
|upkeep
|c|☆BigJulius|Lol
|c|☆BigJulius|2 defensive mons is stall?
|inactive|Titanosaurus has 30 seconds left.
|inactive|Titanosaurus has 20 seconds left.
|c|☆Titanosaurus|And uber
|inactive|Titanosaurus has 15 seconds left.
|
|t:|1758925961
|switch|p1a: Slither Wing|Slither Wing|83/100
|turn|32
|inactive|Titanosaurus has 25 seconds left this turn.
|inactive|Titanosaurus has 20 seconds left.
|
|t:|1758925970
|-end|p1a: Slither Wing|Protosynthesis|[silent]
|switch|p1a: Torkoal|Torkoal, F|16/100 tox
|-weather|SunnyDay|[from] ability: Drought|[of] p1a: Torkoal
|move|p2a: Corviknight|Brave Bird|p1a: Torkoal
|-damage|p1a: Torkoal|0 fnt
|faint|p1a: Torkoal
|-damage|p2a: Corviknight|42/100|[from] Recoil
|
|-weather|SunnyDay|[upkeep]
|upkeep
|inactive|Titanosaurus has 25 seconds left this turn.
|inactive|Titanosaurus has 20 seconds left.
|
|t:|1758925977
|switch|p1a: Slither Wing|Slither Wing|83/100
|-activate|p1a: Slither Wing|ability: Protosynthesis
|-start|p1a: Slither Wing|protosynthesisspd
|turn|33
|inactive|Titanosaurus has 30 seconds left this turn.
|c|☆BigJulius|Cry momma
|
|t:|1758925988
|move|p1a: Slither Wing|Close Combat|p2a: Corviknight
|-damage|p2a: Corviknight|8/100
|-unboost|p1a: Slither Wing|def|1
|-unboost|p1a: Slither Wing|spd|1
|-damage|p1a: Slither Wing|66/100|[from] item: Rocky Helmet|[of] p2a: Corviknight
|move|p2a: Corviknight|Brave Bird|p1a: Slither Wing
|-supereffective|p1a: Slither Wing
|-damage|p1a: Slither Wing|0 fnt
|faint|p1a: Slither Wing
|-end|p1a: Slither Wing|Protosynthesis|[silent]
|-damage|p2a: Corviknight|0 fnt|[from] Recoil
|faint|p2a: Corviknight
|
|win|BigJulius
|raw|Titanosaurus's rating: 1348 &rarr; <strong>1327</strong><br />(-21 for losing)
|raw|BigJulius's rating: 1325 &rarr; <strong>1346</strong><br />(+21 for winning)
|l|☆BigJulius
|player|p2|
|l|☆Titanosaurus
|player|p1|
