|j|☆levijoseph
|j|☆tboc13
|t:|1758929117
|gametype|singles
|player|p1|levijoseph|nate|1482
|player|p2|tboc13|dawn|1485
|gen|9
|tier|[Gen 9] OU
|rated|
|rule|HP Percentage Mod: HP is shown in percentages
|rule|Endless Battle Clause: Forcing endless battles is banned
|rule|Species Clause: Limit one of each Pokémon
|rule|OHKO Clause: OHKO moves are banned
|rule|Evasion Items Clause: Evasion items are banned
|rule|Evasion Moves Clause: Evasion moves are banned
|rule|Evasion Abilities Clause: Evasion abilities are banned
|rule|Sleep Moves Clause: Sleep-inducing moves are banned
|clearpoke
|poke|p1|Serperior, M|
|poke|p1|Clefable, M|
|poke|p1|Thundurus, M|
|poke|p1|Scizor, M|
|poke|p1|Smeargle, F|
|poke|p1|Ceruledge, M|
|poke|p2|Dragapult, M|
|poke|p2|Samurott-Hisui, F|
|poke|p2|Gholdengo|
|poke|p2|Landorus-Therian, M|
|poke|p2|Slowking-Galar, F|
|poke|p2|Alomomola, F|
|teampreview
|inactive|Battle timer is ON: inactive players will automatically lose when time's up. (requested by tboc13)
|
|t:|1758929131
|teamsize|p1|6
|teamsize|p2|6
|start
|switch|p1a: Smeargle|Smeargle, F|100/100
|switch|p2a: Samurott|Samurott-Hisui, F|100/100
|turn|1
|
|t:|1758929133
|move|p2a: Samurott|Ceaseless Edge|p1a: Smeargle
|-crit|p1a: Smeargle
|-enditem|p1a: Smeargle|Focus Sash
|-damage|p1a: Smeargle|1/100
|-sidestart|p1: levijoseph|Spikes
|move|p1a: Smeargle|Nuzzle|p2a: Samurott
|-supereffective|p2a: Samurott
|-damage|p2a: Samurott|96/100
|-status|p2a: Samurott|par
|
|upkeep
|turn|2
|
|t:|1758929137
|move|p1a: Smeargle|Salt Cure|p2a: Samurott
|-damage|p2a: Samurott|90/100 par
|-start|p2a: Samurott|Salt Cure
|move|p2a: Samurott|Ceaseless Edge|p1a: Smeargle
|-damage|p1a: Smeargle|0 fnt
|-sidestart|p1: levijoseph|Spikes
|faint|p1a: Smeargle
|
|-damage|p2a: Samurott|65/100 par|[from] Salt Cure
|upkeep
|
|t:|1758929139
|switch|p1a: Serperior|Serperior, M|100/100
|-damage|p1a: Serperior|84/100|[from] Spikes
|turn|3
|
|t:|1758929143
|move|p1a: Serperior|Leaf Storm|p2a: Samurott
|-supereffective|p2a: Samurott
|-damage|p2a: Samurott|0 fnt
|-boost|p1a: Serperior|spa|2
|faint|p2a: Samurott
|
|-heal|p1a: Serperior|90/100|[from] item: Leftovers
|upkeep
|
|t:|1758929145
|switch|p2a: Slowking|Slowking-Galar, F|100/100
|turn|4
|
|t:|1758929147
|move|p1a: Serperior|Glare|p2a: Slowking
|-status|p2a: Slowking|par
|move|p2a: Slowking|Sludge Bomb|p1a: Serperior
|-supereffective|p1a: Serperior
|-damage|p1a: Serperior|21/100
|
|-heal|p1a: Serperior|27/100|[from] item: Leftovers
|upkeep
|turn|5
|
|t:|1758929148
|move|p1a: Serperior|Leech Seed|p2a: Slowking
|-start|p2a: Slowking|move: Leech Seed
|move|p2a: Slowking|Sludge Bomb|p1a: Serperior
|-supereffective|p1a: Serperior
|-damage|p1a: Serperior|0 fnt
|faint|p1a: Serperior
|
|upkeep
|
|t:|1758929150
|switch|p1a: Scizor|Scizor, M|100/100
|-damage|p1a: Scizor|84/100|[from] Spikes
|turn|6
|
|t:|1758929155
|switch|p2a: Alomomola|Alomomola, F|100/100
|move|p1a: Scizor|Swords Dance|p1a: Scizor
|-boost|p1a: Scizor|atk|2
|
|upkeep
|turn|7
|
|t:|1758929157
|move|p1a: Scizor|Swords Dance|p1a: Scizor
|-boost|p1a: Scizor|atk|2
|move|p2a: Alomomola|Flip Turn|p1a: Scizor
|-damage|p1a: Scizor|68/100
|
|t:|1758929159
|switch|p2a: Landorus|Landorus-Therian, M|100/100|[from] Flip Turn
|-ability|p2a: Landorus|Intimidate|boost
|-unboost|p1a: Scizor|atk|1
|
|upkeep
|turn|8
|
|t:|1758929169
|switch|p2a: Gholdengo|Gholdengo|100/100
|-terastallize|p1a: Scizor|Steel
|move|p1a: Scizor|Bullet Punch|p2a: Gholdengo
|-resisted|p2a: Gholdengo
|-damage|p2a: Gholdengo|54/100
|
|upkeep
|turn|9
|
|t:|1758929172
|move|p2a: Gholdengo|Thunder Wave|p1a: Scizor
|-status|p1a: Scizor|par
|cant|p1a: Scizor|par
|
|upkeep
|turn|10
|
|t:|1758929175
|move|p2a: Gholdengo|Hex|p1a: Scizor
|-damage|p1a: Scizor|1/100 par
|cant|p1a: Scizor|par
|
|upkeep
|turn|11
|
|t:|1758929178
|cant|p1a: Scizor|par
|move|p2a: Gholdengo|Hex|p1a: Scizor
|-damage|p1a: Scizor|0 fnt
|faint|p1a: Scizor
|
|upkeep
|
|t:|1758929179
|switch|p1a: Thundurus|Thundurus, M|100/100
|turn|12
|
|t:|1758929183
|switch|p2a: Slowking|Slowking-Galar, F|100/100 par
|move|p1a: Thundurus|Wildbolt Storm|p2a: Slowking
|-damage|p2a: Slowking|72/100 par
|
|upkeep
|turn|13
|
|t:|1758929185
|move|p1a: Thundurus|Nasty Plot|p1a: Thundurus
|-boost|p1a: Thundurus|spa|2
|cant|p2a: Slowking|par
|
|upkeep
|turn|14
|
|t:|1758929187
|move|p1a: Thundurus|Nasty Plot|p1a: Thundurus
|-boost|p1a: Thundurus|spa|2
|cant|p2a: Slowking|par
|
|upkeep
|turn|15
|
|t:|1758929188
|move|p1a: Thundurus|Nasty Plot|p1a: Thundurus
|-boost|p1a: Thundurus|spa|2
|cant|p2a: Slowking|par
|
|upkeep
|turn|16
|
|t:|1758929191
|move|p1a: Thundurus|Wildbolt Storm|p2a: Slowking
|-crit|p2a: Slowking
|-damage|p2a: Slowking|0 fnt
|faint|p2a: Slowking
|
|upkeep
|
|t:|1758929196
|switch|p2a: Dragapult|Dragapult, M|100/100
|turn|17
|
|t:|1758929198
|-terastallize|p2a: Dragapult|Dragon
|move|p1a: Thundurus|Thunder Wave|p2a: Dragapult
|-status|p2a: Dragapult|par
|move|p2a: Dragapult|Draco Meteor|p1a: Thundurus|[miss]
|-miss|p2a: Dragapult|p1a: Thundurus
|
|upkeep
|turn|18
|
|t:|1758929203
|move|p1a: Thundurus|Wildbolt Storm|p2a: Dragapult
|-resisted|p2a: Dragapult
|-damage|p2a: Dragapult|0 fnt
|faint|p2a: Dragapult
|
|upkeep
|-message|tboc13 forfeited.
|
|win|levijoseph
|raw|levijoseph's rating: 1482 &rarr; <strong>1502</strong><br />(+20 for winning)
|raw|tboc13's rating: 1485 &rarr; <strong>1465</strong><br />(-20 for losing)
|l|☆tboc13
|player|p2|
|l|☆levijoseph
|player|p1|
