|j|☆Papagayo32
|j|☆NoWillC_5
|t:|1759033350
|gametype|singles
|player|p1|Papagayo32|gentleman-gen4|1153
|player|p2|NoWillC_5|1|1093
|gen|9
|tier|[Gen 9] OU
|rated|
|rule|HP Percentage Mod: HP is shown in percentages
|rule|Endless Battle Clause: Forcing endless battles is banned
|rule|Species Clause: Limit one of each Pokémon
|rule|OHKO Clause: OHKO moves are banned
|rule|Evasion Items Clause: Evasion items are banned
|rule|Evasion Moves Clause: Evasion moves are banned
|rule|Evasion Abilities Clause: Evasion abilities are banned
|rule|Sleep Moves Clause: Sleep-inducing moves are banned
|clearpoke
|poke|p1|Dragapult, F|
|poke|p1|Clefable, F|
|poke|p1|Gliscor, M|
|poke|p1|Kommo-o, F|
|poke|p1|Iron Treads|
|poke|p1|Samurott-Hisui, M|
|poke|p2|Dragonite, M|
|poke|p2|Tyranitar, F|
|poke|p2|Houndstone, F|
|poke|p2|Iron Treads|
|poke|p2|Garchomp, M|
|poke|p2|Blaziken, F|
|teampreview
|inactive|Battle timer is ON: inactive players will automatically lose when time's up. (requested by NoWillC_5)
|
|t:|1759033371
|teamsize|p1|6
|teamsize|p2|6
|start
|switch|p1a: Dragapult|Dragapult, F, shiny|100/100
|switch|p2a: Tyranitar|Tyranitar, F|100/100
|-weather|Sandstorm|[from] ability: Sand Stream|[of] p2a: Tyranitar
|turn|1
|
|t:|1759033381
|move|p1a: Dragapult|U-turn|p2a: Tyranitar
|-supereffective|p2a: Tyranitar
|-damage|p2a: Tyranitar|43/100
|
|t:|1759033392
|switch|p1a: Kommo-o|Kommo-o, F, shiny|100/100|[from] U-turn
|move|p2a: Tyranitar|Stealth Rock|p1a: Kommo-o
|-sidestart|p1: Papagayo32|move: Stealth Rock
|
|-weather|Sandstorm|[upkeep]
|-damage|p1a: Kommo-o|94/100|[from] Sandstorm
|-heal|p2a: Tyranitar|49/100|[from] item: Leftovers
|upkeep
|turn|2
|
|t:|1759033401
|switch|p2a: Houndstone|Houndstone, F|100/100
|move|p1a: Kommo-o|Stealth Rock|p2a: Houndstone
|-sidestart|p2: NoWillC_5|move: Stealth Rock
|
|-weather|Sandstorm|[upkeep]
|-damage|p1a: Kommo-o|88/100|[from] Sandstorm
|upkeep
|turn|3
|
|t:|1759033412
|switch|p1a: Samurott|Samurott-Hisui, M, shiny|100/100
|-damage|p1a: Samurott|88/100|[from] Stealth Rock
|move|p2a: Houndstone|Play Rough|p1a: Samurott
|-supereffective|p1a: Samurott
|-damage|p1a: Samurott|24/100
|
|-weather|Sandstorm|[upkeep]
|-damage|p1a: Samurott|18/100|[from] Sandstorm
|upkeep
|turn|4
|
|t:|1759033421
|move|p2a: Houndstone|Shadow Sneak|p1a: Samurott
|-resisted|p1a: Samurott
|-damage|p1a: Samurott|7/100
|move|p1a: Samurott|Ceaseless Edge|p2a: Houndstone
|-supereffective|p2a: Houndstone
|-damage|p2a: Houndstone|16/100
|-sidestart|p2: NoWillC_5|Spikes
|
|-weather|Sandstorm|[upkeep]
|-damage|p1a: Samurott|0 fnt|[from] Sandstorm
|faint|p1a: Samurott
|upkeep
|
|t:|1759033436
|switch|p1a: Gliscor|Gliscor, M|100/100
|-damage|p1a: Gliscor|88/100|[from] Stealth Rock
|turn|5
|
|t:|1759033445
|switch|p2a: Iron Treads|Iron Treads|100/100
|-damage|p2a: Iron Treads|97/100|[from] Stealth Rock
|-damage|p2a: Iron Treads|85/100|[from] Spikes
|move|p1a: Gliscor|Knock Off|p2a: Iron Treads
|-damage|p2a: Iron Treads|67/100
|-enditem|p2a: Iron Treads|Leftovers|[from] move: Knock Off|[of] p1a: Gliscor
|
|-weather|none
|-status|p1a: Gliscor|tox|[from] item: Toxic Orb
|upkeep
|turn|6
|
|t:|1759033461
|move|p1a: Gliscor|Earthquake|p2a: Iron Treads
|-supereffective|p2a: Iron Treads
|-damage|p2a: Iron Treads|7/100
|move|p2a: Iron Treads|Rapid Spin|p1a: Gliscor
|-damage|p1a: Gliscor|77/100 tox
|-boost|p2a: Iron Treads|spe|1
|-sideend|p2: NoWillC_5|Spikes|[from] move: Rapid Spin|[of] p2a: Iron Treads
|-sideend|p2: NoWillC_5|Stealth Rock|[from] move: Rapid Spin|[of] p2a: Iron Treads
|
|-heal|p1a: Gliscor|90/100 tox|[from] ability: Poison Heal
|upkeep
|turn|7
|
|t:|1759033484
|-end|p2a: Iron Treads|Quark Drive|[silent]
|switch|p2a: Dragonite|Dragonite, M|100/100
|move|p1a: Gliscor|Knock Off|p2a: Dragonite
|-damage|p2a: Dragonite|88/100
|-enditem|p2a: Dragonite|Leftovers|[from] move: Knock Off|[of] p1a: Gliscor
|
|-heal|p1a: Gliscor|100/100 tox|[from] ability: Poison Heal
|upkeep
|turn|8
|
|t:|1759033492
|move|p1a: Gliscor|Taunt|p2a: Dragonite
|-start|p2a: Dragonite|move: Taunt
|cant|p2a: Dragonite|move: Taunt|Dragon Dance
|
|upkeep
|turn|9
|
|t:|1759033499
|move|p1a: Gliscor|Spikes|p2a: Dragonite
|-sidestart|p2: NoWillC_5|Spikes
|move|p2a: Dragonite|Iron Head|p1a: Gliscor
|-damage|p1a: Gliscor|74/100 tox
|
|-heal|p1a: Gliscor|86/100 tox|[from] ability: Poison Heal
|upkeep
|turn|10
|
|t:|1759033524
|move|p2a: Dragonite|Extreme Speed|p1a: Gliscor
|-damage|p1a: Gliscor|61/100 tox
|move|p1a: Gliscor|Spikes|p2a: Dragonite
|-sidestart|p2: NoWillC_5|Spikes
|
|-heal|p1a: Gliscor|73/100 tox|[from] ability: Poison Heal
|-end|p2a: Dragonite|move: Taunt
|upkeep
|turn|11
|
|t:|1759033532
|move|p1a: Gliscor|Taunt|p2a: Dragonite
|-start|p2a: Dragonite|move: Taunt
|cant|p2a: Dragonite|move: Taunt|Dragon Dance
|
|-heal|p1a: Gliscor|86/100 tox|[from] ability: Poison Heal
|upkeep
|turn|12
|inactive|Papagayo32 has 120 seconds left.
|
|t:|1759033579
|switch|p1a: Kommo-o|Kommo-o, F, shiny|88/100
|-damage|p1a: Kommo-o|82/100|[from] Stealth Rock
|move|p2a: Dragonite|Extreme Speed|p1a: Kommo-o
|-damage|p1a: Kommo-o|62/100
|-damage|p2a: Dragonite|71/100|[from] item: Rocky Helmet|[of] p1a: Kommo-o
|
|upkeep
|turn|13
|
|t:|1759033593
|move|p2a: Dragonite|Earthquake|p1a: Kommo-o
|-damage|p1a: Kommo-o|38/100
|move|p1a: Kommo-o|Clanging Scales|p2a: Dragonite
|-supereffective|p2a: Dragonite
|-damage|p2a: Dragonite|0 fnt
|faint|p2a: Dragonite
|-unboost|p1a: Kommo-o|def|1
|
|upkeep
|
|t:|1759033609
|switch|p2a: Tyranitar|Tyranitar, F|49/100
|-damage|p2a: Tyranitar|33/100|[from] Spikes
|-weather|Sandstorm|[from] ability: Sand Stream|[of] p2a: Tyranitar
|turn|14
|inactive|Papagayo32 has 120 seconds left.
|
|t:|1759033623
|-terastallize|p2a: Tyranitar|Ghost
|move|p1a: Kommo-o|Stealth Rock|p2a: Tyranitar
|-sidestart|p2: NoWillC_5|move: Stealth Rock
|move|p2a: Tyranitar|Shadow Claw|p1a: Kommo-o
|-damage|p1a: Kommo-o|8/100
|-damage|p2a: Tyranitar|16/100|[from] item: Rocky Helmet|[of] p1a: Kommo-o
|
|-weather|Sandstorm|[upkeep]
|-damage|p1a: Kommo-o|2/100|[from] Sandstorm
|-damage|p2a: Tyranitar|10/100|[from] Sandstorm
|-heal|p2a: Tyranitar|16/100|[from] item: Leftovers
|upkeep
|turn|15
|
|t:|1759033634
|switch|p2a: Garchomp|Garchomp, M|100/100
|-damage|p2a: Garchomp|84/100|[from] Spikes
|-damage|p2a: Garchomp|78/100|[from] Stealth Rock
|move|p1a: Kommo-o|Flash Cannon|p2a: Garchomp
|-damage|p2a: Garchomp|62/100
|
|-weather|Sandstorm|[upkeep]
|-damage|p1a: Kommo-o|0 fnt|[from] Sandstorm
|faint|p1a: Kommo-o
|upkeep
|
|t:|1759033642
|switch|p1a: Clefable|Clefable, F, shiny|100/100
|-damage|p1a: Clefable|88/100|[from] Stealth Rock
|turn|16
|
|t:|1759033654
|-terastallize|p1a: Clefable|Fighting
|move|p2a: Garchomp|Poison Jab|p1a: Clefable
|-damage|p1a: Clefable|60/100
|-status|p1a: Clefable|psn
|move|p1a: Clefable|Moonblast|p2a: Garchomp
|-supereffective|p2a: Garchomp
|-damage|p2a: Garchomp|0 fnt
|faint|p2a: Garchomp
|
|-weather|Sandstorm|[upkeep]
|-damage|p1a: Clefable|54/100 psn|[from] Sandstorm
|-damage|p1a: Clefable|41/100 psn|[from] psn
|upkeep
|
|t:|1759033665
|switch|p2a: Iron Treads|Iron Treads|7/100
|-damage|p2a: Iron Treads|0 fnt|[from] Spikes
|faint|p2a: Iron Treads
|-end|p2a: Iron Treads|Quark Drive|[silent]
|
|t:|1759033682
|switch|p2a: Houndstone|Houndstone, F|16/100
|-damage|p2a: Houndstone|0 fnt|[from] Spikes
|faint|p2a: Houndstone
|
|t:|1759033686
|switch|p2a: Tyranitar|Tyranitar, F, tera:Ghost|16/100
|-damage|p2a: Tyranitar|0 fnt|[from] Spikes
|faint|p2a: Tyranitar
|
|t:|1759033690
|switch|p2a: Blaziken|Blaziken, F|100/100
|-damage|p2a: Blaziken|84/100|[from] Spikes
|-damage|p2a: Blaziken|72/100|[from] Stealth Rock
|turn|17
|
|t:|1759033702
|move|p2a: Blaziken|Focus Energy|p2a: Blaziken
|-start|p2a: Blaziken|move: Focus Energy
|move|p1a: Clefable|Moonblast|p2a: Blaziken
|-damage|p2a: Blaziken|0 fnt
|faint|p2a: Blaziken
|
|win|Papagayo32
|raw|Papagayo32's rating: 1153 &rarr; <strong>1174</strong><br />(+21 for winning)
|raw|NoWillC_5's rating: 1093 &rarr; <strong>1073</strong><br />(-20 for losing)
|l|☆NoWillC_5
|player|p2|
|l|☆Papagayo32
|player|p1|
