|j|☆SamiFawad
|j|☆lerendezvous
|t:|1758993290
|gametype|singles
|player|p1|SamiFawad|1|1640
|player|p2|lerendezvous|101|1719
|gen|9
|tier|[Gen 9] OU
|rated|
|rule|HP Percentage Mod: HP is shown in percentages
|rule|Endless Battle Clause: Forcing endless battles is banned
|rule|Species Clause: Limit one of each Pokémon
|rule|OHKO Clause: OHKO moves are banned
|rule|Evasion Items Clause: Evasion items are banned
|rule|Evasion Moves Clause: Evasion moves are banned
|rule|Evasion Abilities Clause: Evasion abilities are banned
|rule|Sleep Moves Clause: Sleep-inducing moves are banned
|clearpoke
|poke|p1|Landorus-Therian, M|
|poke|p1|Samurott-Hisui, M|
|poke|p1|Great Tusk|
|poke|p1|Grimmsnarl, M|
|poke|p1|Slowking-Galar, M|
|poke|p1|Zamazenta-*|
|poke|p2|Ogerpon-Wellspring, F|
|poke|p2|Slowking-Galar, M|
|poke|p2|Great Tusk|
|poke|p2|Moltres|
|poke|p2|Dragapult, F|
|poke|p2|Kingambit, M|
|teampreview
|
|t:|1758993298
|teamsize|p1|6
|teamsize|p2|6
|start
|switch|p1a: Grimmsnarl|Grimmsnarl, M|100/100
|switch|p2a: Slowking|Slowking-Galar, M|100/100
|turn|1
|inactive|Battle timer is ON: inactive players will automatically lose when time's up. (requested by lerendezvous)
|
|t:|1758993302
|switch|p2a: Kingambit|Kingambit, M|100/100
|move|p1a: Grimmsnarl|Bulk Up|p1a: Grimmsnarl
|-boost|p1a: Grimmsnarl|atk|1
|-boost|p1a: Grimmsnarl|def|1
|
|upkeep
|turn|2
|
|t:|1758993308
|move|p2a: Kingambit|Iron Head|p1a: Grimmsnarl
|-supereffective|p1a: Grimmsnarl
|-damage|p1a: Grimmsnarl|35/100
|move|p1a: Grimmsnarl|Drain Punch|p2a: Kingambit
|-supereffective|p2a: Kingambit
|-damage|p2a: Kingambit|0 fnt
|-heal|p1a: Grimmsnarl|82/100|[from] drain|[of] p2a: Kingambit
|faint|p2a: Kingambit
|-end|p2a: Kingambit|fallenundefined|[silent]
|
|-heal|p1a: Grimmsnarl|88/100|[from] item: Leftovers
|upkeep
|
|t:|1758993318
|switch|p2a: Slowking|Slowking-Galar, M|100/100
|turn|3
|
|t:|1758993323
|move|p1a: Grimmsnarl|Sucker Punch|p2a: Slowking
|-supereffective|p2a: Slowking
|-damage|p2a: Slowking|0 fnt
|faint|p2a: Slowking
|
|-heal|p1a: Grimmsnarl|94/100|[from] item: Leftovers
|upkeep
|
|t:|1758993329
|switch|p2a: Dragapult|Dragapult, F|100/100
|turn|4
|
|t:|1758993334
|move|p1a: Grimmsnarl|Bulk Up|p1a: Grimmsnarl
|-boost|p1a: Grimmsnarl|atk|1
|-boost|p1a: Grimmsnarl|def|1
|move|p2a: Dragapult|Will-O-Wisp|p1a: Grimmsnarl|[miss]
|-miss|p2a: Dragapult|p1a: Grimmsnarl
|
|-heal|p1a: Grimmsnarl|100/100|[from] item: Leftovers
|upkeep
|turn|5
|
|t:|1758993340
|move|p1a: Grimmsnarl|Bulk Up|p1a: Grimmsnarl
|-boost|p1a: Grimmsnarl|atk|1
|-boost|p1a: Grimmsnarl|def|1
|move|p2a: Dragapult|Will-O-Wisp|p1a: Grimmsnarl
|-status|p1a: Grimmsnarl|brn
|
|-damage|p1a: Grimmsnarl|94/100 brn|[from] brn
|upkeep
|turn|6
|
|t:|1758993344
|switch|p2a: Moltres|Moltres|100/100
|move|p1a: Grimmsnarl|Bulk Up|p1a: Grimmsnarl
|-boost|p1a: Grimmsnarl|atk|1
|-boost|p1a: Grimmsnarl|def|1
|
|-heal|p1a: Grimmsnarl|100/100 brn|[from] item: Leftovers
|-damage|p1a: Grimmsnarl|94/100 brn|[from] brn
|upkeep
|turn|7
|
|t:|1758993349
|move|p1a: Grimmsnarl|Spirit Break|p2a: Moltres
|-resisted|p2a: Moltres
|-damage|p2a: Moltres|81/100
|-unboost|p2a: Moltres|spa|1
|move|p2a: Moltres|Roar|p1a: Grimmsnarl
|drag|p1a: Slowking|Slowking-Galar, M|100/100
|
|upkeep
|turn|8
|
|t:|1758993354
|switch|p2a: Great Tusk|Great Tusk|100/100
|move|p1a: Slowking|Future Sight|p2a: Great Tusk
|-start|p1a: Slowking|move: Future Sight
|
|upkeep
|turn|9
|
|t:|1758993359
|switch|p1a: Grimmsnarl|Grimmsnarl, M|94/100 brn
|move|p2a: Great Tusk|Stealth Rock|p1a: Grimmsnarl
|-sidestart|p1: SamiFawad|move: Stealth Rock
|
|-heal|p1a: Grimmsnarl|100/100 brn|[from] item: Leftovers
|-damage|p1a: Grimmsnarl|94/100 brn|[from] brn
|upkeep
|turn|10
|
|t:|1758993363
|-end|p2a: Great Tusk|Protosynthesis|[silent]
|switch|p2a: Moltres|Moltres|81/100
|move|p1a: Grimmsnarl|Bulk Up|p1a: Grimmsnarl
|-boost|p1a: Grimmsnarl|atk|1
|-boost|p1a: Grimmsnarl|def|1
|
|-end|p2a: Moltres|move: Future Sight
|-damage|p2a: Moltres|17/100
|-heal|p1a: Grimmsnarl|100/100 brn|[from] item: Leftovers
|-damage|p1a: Grimmsnarl|94/100 brn|[from] brn
|upkeep
|turn|11
|
|t:|1758993368
|move|p2a: Moltres|Roost|p2a: Moltres
|-heal|p2a: Moltres|67/100
|-singleturn|p2a: Moltres|move: Roost
|move|p1a: Grimmsnarl|Spirit Break|p2a: Moltres
|-resisted|p2a: Moltres
|-damage|p2a: Moltres|57/100
|-unboost|p2a: Moltres|spa|1
|
|-heal|p1a: Grimmsnarl|100/100 brn|[from] item: Leftovers
|-damage|p1a: Grimmsnarl|94/100 brn|[from] brn
|upkeep
|turn|12
|
|t:|1758993373
|move|p1a: Grimmsnarl|Bulk Up|p1a: Grimmsnarl
|-boost|p1a: Grimmsnarl|atk|1
|-boost|p1a: Grimmsnarl|def|1
|move|p2a: Moltres|Roar|p1a: Grimmsnarl
|drag|p1a: Zamazenta|Zamazenta|100/100
|-damage|p1a: Zamazenta|94/100|[from] Stealth Rock
|-ability|p1a: Zamazenta|Dauntless Shield|boost
|-boost|p1a: Zamazenta|def|1
|
|upkeep
|turn|13
|
|t:|1758993377
|switch|p2a: Great Tusk|Great Tusk|100/100
|move|p1a: Zamazenta|Stone Edge|p2a: Great Tusk
|-resisted|p2a: Great Tusk
|-damage|p2a: Great Tusk|94/100
|
|upkeep
|turn|14
|
|t:|1758993383
|switch|p1a: Great Tusk|Great Tusk|100/100
|-damage|p1a: Great Tusk|98/100|[from] Stealth Rock
|move|p2a: Great Tusk|Ice Spinner|p1a: Great Tusk
|-supereffective|p1a: Great Tusk
|-damage|p1a: Great Tusk|70/100
|-damage|p2a: Great Tusk|78/100|[from] item: Rocky Helmet|[of] p1a: Great Tusk
|
|upkeep
|turn|15
|
|t:|1758993390
|-end|p2a: Great Tusk|Protosynthesis|[silent]
|switch|p2a: Moltres|Moltres|57/100
|move|p1a: Great Tusk|Stealth Rock|p2a: Moltres
|-sidestart|p2: lerendezvous|move: Stealth Rock
|
|upkeep
|turn|16
|
|t:|1758993395
|move|p2a: Moltres|Roost|p2a: Moltres
|-heal|p2a: Moltres|100/100
|-singleturn|p2a: Moltres|move: Roost
|move|p1a: Great Tusk|Rapid Spin|p2a: Moltres
|-damage|p2a: Moltres|90/100
|-boost|p1a: Great Tusk|spe|1
|-status|p1a: Great Tusk|brn|[from] ability: Flame Body|[of] p2a: Moltres
|-sideend|p1: SamiFawad|Stealth Rock|[from] move: Rapid Spin|[of] p1a: Great Tusk
|
|-damage|p1a: Great Tusk|64/100 brn|[from] brn
|upkeep
|turn|17
|
|t:|1758993400
|move|p1a: Great Tusk|Knock Off|p2a: Moltres
|-damage|p2a: Moltres|80/100
|-enditem|p2a: Moltres|Heavy-Duty Boots|[from] move: Knock Off|[of] p1a: Great Tusk
|move|p2a: Moltres|Roost|p2a: Moltres
|-heal|p2a: Moltres|100/100
|-singleturn|p2a: Moltres|move: Roost
|
|-damage|p1a: Great Tusk|57/100 brn|[from] brn
|upkeep
|turn|18
|
|t:|1758993406
|switch|p2a: Great Tusk|Great Tusk|78/100
|-damage|p2a: Great Tusk|75/100|[from] Stealth Rock
|move|p1a: Great Tusk|Knock Off|p2a: Great Tusk
|-resisted|p2a: Great Tusk
|-damage|p2a: Great Tusk|70/100
|-damage|p1a: Great Tusk|41/100 brn|[from] item: Rocky Helmet|[of] p2a: Great Tusk
|-enditem|p2a: Great Tusk|Rocky Helmet|[from] move: Knock Off|[of] p1a: Great Tusk
|
|-damage|p1a: Great Tusk|35/100 brn|[from] brn
|upkeep
|turn|19
|
|t:|1758993411
|move|p1a: Great Tusk|Stealth Rock||[still]
|-fail|p1a: Great Tusk
|move|p2a: Great Tusk|Rapid Spin|p1a: Great Tusk
|-damage|p1a: Great Tusk|26/100 brn
|-boost|p2a: Great Tusk|spe|1
|-damage|p2a: Great Tusk|54/100|[from] item: Rocky Helmet|[of] p1a: Great Tusk
|-sideend|p2: lerendezvous|Stealth Rock|[from] move: Rapid Spin|[of] p2a: Great Tusk
|
|-damage|p1a: Great Tusk|20/100 brn|[from] brn
|upkeep
|turn|20
|
|t:|1758993416
|move|p2a: Great Tusk|Stealth Rock|p1a: Great Tusk
|-sidestart|p1: SamiFawad|move: Stealth Rock
|move|p1a: Great Tusk|Rapid Spin|p2a: Great Tusk
|-crit|p2a: Great Tusk
|-damage|p2a: Great Tusk|46/100
|-boost|p1a: Great Tusk|spe|1
|-sideend|p1: SamiFawad|Stealth Rock|[from] move: Rapid Spin|[of] p1a: Great Tusk
|
|-damage|p1a: Great Tusk|14/100 brn|[from] brn
|upkeep
|turn|21
|
|t:|1758993422
|move|p2a: Great Tusk|Stealth Rock|p1a: Great Tusk
|-sidestart|p1: SamiFawad|move: Stealth Rock
|move|p1a: Great Tusk|Stealth Rock|p2a: Great Tusk
|-sidestart|p2: lerendezvous|move: Stealth Rock
|
|-damage|p1a: Great Tusk|7/100 brn|[from] brn
|upkeep
|turn|22
|
|t:|1758993426
|move|p2a: Great Tusk|Rapid Spin|p1a: Great Tusk
|-damage|p1a: Great Tusk|0 fnt
|-boost|p2a: Great Tusk|spe|1
|-damage|p2a: Great Tusk|30/100|[from] item: Rocky Helmet|[of] p1a: Great Tusk
|-sideend|p2: lerendezvous|Stealth Rock|[from] move: Rapid Spin|[of] p2a: Great Tusk
|faint|p1a: Great Tusk
|-end|p1a: Great Tusk|Protosynthesis|[silent]
|
|upkeep
|
|t:|1758993440
|switch|p1a: Zamazenta|Zamazenta|94/100
|-damage|p1a: Zamazenta|88/100|[from] Stealth Rock
|turn|23
|
|t:|1758993445
|move|p2a: Great Tusk|Headlong Rush|p1a: Zamazenta
|-damage|p1a: Zamazenta|36/100
|-unboost|p2a: Great Tusk|def|1
|-unboost|p2a: Great Tusk|spd|1
|move|p1a: Zamazenta|Stone Edge|p2a: Great Tusk
|-resisted|p2a: Great Tusk
|-damage|p2a: Great Tusk|20/100
|
|upkeep
|turn|24
|
|t:|1758993455
|move|p2a: Great Tusk|Headlong Rush|p1a: Zamazenta
|-damage|p1a: Zamazenta|0 fnt
|-unboost|p2a: Great Tusk|def|1
|-unboost|p2a: Great Tusk|spd|1
|faint|p1a: Zamazenta
|
|upkeep
|
|t:|1758993460
|switch|p1a: Grimmsnarl|Grimmsnarl, M|94/100 brn
|-damage|p1a: Grimmsnarl|82/100 brn|[from] Stealth Rock
|turn|25
|
|t:|1758993464
|move|p2a: Great Tusk|Headlong Rush|p1a: Grimmsnarl
|-damage|p1a: Grimmsnarl|4/100 brn
|-unboost|p2a: Great Tusk|def|1
|-unboost|p2a: Great Tusk|spd|1
|move|p1a: Grimmsnarl|Spirit Break|p2a: Great Tusk
|-supereffective|p2a: Great Tusk
|-damage|p2a: Great Tusk|0 fnt
|faint|p2a: Great Tusk
|-end|p2a: Great Tusk|Protosynthesis|[silent]
|
|-heal|p1a: Grimmsnarl|10/100 brn|[from] item: Leftovers
|-damage|p1a: Grimmsnarl|4/100 brn|[from] brn
|upkeep
|
|t:|1758993470
|switch|p2a: Moltres|Moltres|100/100
|turn|26
|
|t:|1758993475
|move|p2a: Moltres|U-turn|p1a: Grimmsnarl
|-damage|p1a: Grimmsnarl|0 fnt
|faint|p1a: Grimmsnarl
|
|t:|1758993480
|switch|p2a: Ogerpon|Ogerpon-Wellspring, F|100/100|[from] U-turn
|
|upkeep
|
|t:|1758993487
|switch|p1a: Landorus|Landorus-Therian, M|100/100
|-damage|p1a: Landorus|88/100|[from] Stealth Rock
|-ability|p1a: Landorus|Intimidate|boost
|-unboost|p2a: Ogerpon|atk|1
|turn|27
|
|t:|1758993492
|-terastallize|p1a: Landorus|Flying
|-terastallize|p2a: Ogerpon|Water
|detailschange|p2a: Ogerpon|Ogerpon-Wellspring-Tera, F, tera:Water
|-ability|p2a: Ogerpon|Embody Aspect (Wellspring)|boost
|-boost|p2a: Ogerpon|spd|1
|move|p1a: Landorus|Tera Blast|p2a: Ogerpon|[anim] Tera Blast Flying
|-damage|p2a: Ogerpon|11/100
|move|p2a: Ogerpon|Ivy Cudgel|p1a: Landorus|[anim] Ivy Cudgel Water
|-crit|p1a: Landorus
|-damage|p1a: Landorus|0 fnt
|faint|p1a: Landorus
|
|upkeep
|
|t:|1758993495
|switch|p1a: Samurott|Samurott-Hisui, M|100/100
|-damage|p1a: Samurott|88/100|[from] Stealth Rock
|turn|28
|
|t:|1758993500
|switch|p2a: Moltres|Moltres|100/100
|move|p1a: Samurott|Sucker Punch||[still]
|-fail|p1a: Samurott
|
|upkeep
|turn|29
|
|t:|1758993504
|move|p1a: Samurott|Ceaseless Edge|p2a: Moltres
|-damage|p2a: Moltres|67/100
|-sidestart|p2: lerendezvous|Spikes
|move|p2a: Moltres|U-turn|p1a: Samurott
|-supereffective|p1a: Samurott
|-damage|p1a: Samurott|51/100
|
|t:|1758993513
|switch|p2a: Dragapult|Dragapult, F|100/100|[from] U-turn
|
|upkeep
|turn|30
|
|t:|1758993517
|move|p2a: Dragapult|Dragon Darts|p1a: Samurott
|-damage|p1a: Samurott|21/100
|-anim|p2a: Dragapult|Dragon Darts|p1a: Samurott
|-damage|p1a: Samurott|0 fnt
|faint|p1a: Samurott
|
|upkeep
|
|t:|1758993519
|switch|p1a: Slowking|Slowking-Galar, M|100/100
|-damage|p1a: Slowking|88/100|[from] Stealth Rock
|turn|31
|
|t:|1758993523
|move|p2a: Dragapult|Dragon Darts|p1a: Slowking
|-damage|p1a: Slowking|66/100
|-anim|p2a: Dragapult|Dragon Darts|p1a: Slowking
|-damage|p1a: Slowking|46/100
|move|p1a: Slowking|Future Sight|p2a: Dragapult
|-start|p1a: Slowking|move: Future Sight
|
|upkeep
|turn|32
|
|t:|1758993532
|move|p2a: Dragapult|U-turn|p1a: Slowking
|-damage|p1a: Slowking|25/100
|
|t:|1758993539
|switch|p2a: Ogerpon|Ogerpon-Wellspring-Tera, F, tera:Water|11/100|[from] U-turn
|-damage|p2a: Ogerpon|0 fnt|[from] Spikes
|faint|p2a: Ogerpon
|detailschange|p2: Ogerpon|Ogerpon-Wellspring, F|[silent]
|move|p1a: Slowking|Sludge Bomb|p2: Ogerpon|[notarget]
|-fail|p1a: Slowking
|
|upkeep
|
|t:|1758993543
|switch|p2a: Dragapult|Dragapult, F|100/100
|turn|33
|
|t:|1758993546
|move|p2a: Dragapult|Dragon Darts|p1a: Slowking
|-damage|p1a: Slowking|2/100
|-anim|p2a: Dragapult|Dragon Darts|p1a: Slowking
|-damage|p1a: Slowking|0 fnt
|faint|p1a: Slowking
|
|win|lerendezvous
|raw|SamiFawad's rating: 1640 &rarr; <strong>1624</strong><br />(-16 for losing)
|raw|lerendezvous's rating: 1719 &rarr; <strong>1735</strong><br />(+16 for winning)
|l|☆lerendezvous
|player|p2|
|l|☆SamiFawad
|player|p1|
