|j|☆dracoonthebeat
|j|☆Ash83678
|t:|1758970098
|gametype|singles
|player|p1|dracoonthebeat|giovanni|1072
|player|p2|Ash83678|steven|1095
|gen|9
|tier|[Gen 9] OU
|rated|
|rule|HP Percentage Mod: HP is shown in percentages
|rule|Endless Battle Clause: Forcing endless battles is banned
|rule|Species Clause: Limit one of each Pokémon
|rule|OHKO Clause: OHKO moves are banned
|rule|Evasion Items Clause: Evasion items are banned
|rule|Evasion Moves Clause: Evasion moves are banned
|rule|Evasion Abilities Clause: Evasion abilities are banned
|rule|Sleep Moves Clause: Sleep-inducing moves are banned
|clearpoke
|poke|p1|Flareon, F|
|poke|p1|Heracross, M|
|poke|p1|Luxray, M|
|poke|p1|Squawkabilly, F|
|poke|p1|Ursaring, M|
|poke|p1|Conkeldurr, M|
|poke|p2|Golurk|
|poke|p2|Talonflame, F|
|poke|p2|Greninja-*, M|
|poke|p2|Gliscor, F|
|poke|p2|Alomomola, M|
|poke|p2|Araquanid, F|
|teampreview
|inactive|Battle timer is ON: inactive players will automatically lose when time's up. (requested by Ash83678)
|
|t:|1758970118
|teamsize|p1|6
|teamsize|p2|6
|start
|switch|p1a: Ursaring|Ursaring, M|100/100
|switch|p2a: Araquanid|Araquanid, F|100/100
|turn|1
|
|t:|1758970126
|move|p1a: Ursaring|Protect|p1a: Ursaring
|-singleturn|p1a: Ursaring|Protect
|move|p2a: Araquanid|Sticky Web|p1a: Ursaring
|-sidestart|p1: dracoonthebeat|move: Sticky Web
|
|-status|p1a: Ursaring|brn|[from] item: Flame Orb
|upkeep
|turn|2
|
|t:|1758970133
|move|p1a: Ursaring|Facade|p2a: Araquanid
|-damage|p2a: Araquanid|0 fnt
|-damage|p1a: Ursaring|84/100 brn|[from] item: Rocky Helmet|[of] p2a: Araquanid
|faint|p2a: Araquanid
|
|-damage|p1a: Ursaring|78/100 brn|[from] brn
|upkeep
|
|t:|1758970144
|switch|p2a: Golurk|Golurk|100/100
|turn|3
|
|t:|1758970157
|move|p1a: Ursaring|Earthquake|p2a: Golurk
|-damage|p2a: Golurk|36/100
|move|p2a: Golurk|Dynamic Punch|p1a: Ursaring|[miss]
|-miss|p2a: Golurk|p1a: Ursaring
|-enditem|p2a: Golurk|Blunder Policy
|-boost|p2a: Golurk|spe|2
|
|-damage|p1a: Ursaring|72/100 brn|[from] brn
|upkeep
|turn|4
|
|t:|1758970167
|-terastallize|p2a: Golurk|Fighting
|move|p2a: Golurk|Dynamic Punch|p1a: Ursaring|[miss]
|-miss|p2a: Golurk|p1a: Ursaring
|move|p1a: Ursaring|Earthquake|p2a: Golurk
|-damage|p2a: Golurk|0 fnt
|faint|p2a: Golurk
|
|-damage|p1a: Ursaring|65/100 brn|[from] brn
|upkeep
|
|t:|1758970179
|switch|p2a: Gliscor|Gliscor, F|100/100
|turn|5
|
|t:|1758970185
|move|p2a: Gliscor|Swords Dance|p2a: Gliscor
|-boost|p2a: Gliscor|atk|2
|move|p1a: Ursaring|Facade|p2a: Gliscor
|-damage|p2a: Gliscor|0 fnt
|faint|p2a: Gliscor
|
|-damage|p1a: Ursaring|59/100 brn|[from] brn
|upkeep
|-message|Ash83678 forfeited.
|
|win|dracoonthebeat
|raw|dracoonthebeat's rating: 1072 &rarr; <strong>1103</strong><br />(+31 for winning)
|raw|Ash83678's rating: 1095 &rarr; <strong>1069</strong><br />(-26 for losing)
|l|☆Ash83678
|player|p2|
|l|☆dracoonthebeat
|player|p1|
