|badge|p2|bronze|gen9ru|100-6
|uhtml|medal-msg|<div class="broadcast-blue">Curious what those medals under the avatar are? PS now has Ladder Seasons! For more information, check out the <a href="https://www.smogon.com/forums/threads/3740067/">thread on Smogon.</a></div>
|j|☆Esteh Ole
|j|☆somepepper
|t:|1758918604
|gametype|singles
|player|p1|Esteh Ole|169|1323
|player|p2|somepepper|scientist|1338
|gen|9
|tier|[Gen 9] OU
|rated|
|rule|HP Percentage Mod: HP is shown in percentages
|rule|Endless Battle Clause: Forcing endless battles is banned
|rule|Species Clause: Limit one of each Pokémon
|rule|OHKO Clause: OHKO moves are banned
|rule|Evasion Items Clause: Evasion items are banned
|rule|Evasion Moves Clause: Evasion moves are banned
|rule|Evasion Abilities Clause: Evasion abilities are banned
|rule|Sleep Moves Clause: Sleep-inducing moves are banned
|clearpoke
|poke|p1|Alomomola, M|
|poke|p1|Slowking-Galar, F|
|poke|p1|Cinderace, M|
|poke|p1|Landorus-Therian, M|
|poke|p1|Enamorus, F|
|poke|p1|Grimmsnarl, M|
|poke|p2|Gardevoir, F|
|poke|p2|Greninja-*, M|
|poke|p2|Blaziken, M|
|poke|p2|Shiftry, M|
|poke|p2|Banette, M|
|poke|p2|Bisharp, M|
|teampreview
|inactive|Battle timer is ON: inactive players will automatically lose when time's up. (requested by Esteh Ole)
|c|☆somepepper|hf
|
|t:|1758918624
|teamsize|p1|6
|teamsize|p2|6
|start
|switch|p1a: Grimmsnarl|Grimmsnarl, M|100/100
|switch|p2a: Shane|Greninja, M|100/100
|turn|1
|
|t:|1758918631
|move|p1a: Grimmsnarl|Light Screen|p1a: Grimmsnarl
|-sidestart|p1: Esteh Ole|move: Light Screen
|move|p2a: Shane|Surf|p1a: Grimmsnarl
|-damage|p1a: Grimmsnarl|69/100
|
|upkeep
|turn|2
|
|t:|1758918645
|switch|p2a: Percy|Bisharp, M|100/100
|switch|p1a: Slowking|Slowking-Galar, F|100/100
|
|upkeep
|turn|3
|
|t:|1758918652
|switch|p1a: Landorus|Landorus-Therian, M|100/100
|-ability|p1a: Landorus|Intimidate|boost
|-unboost|p2a: Percy|atk|1
|-ability|p2a: Percy|Defiant|boost
|-boost|p2a: Percy|atk|2
|move|p2a: Percy|Swords Dance|p2a: Percy
|-boost|p2a: Percy|atk|2
|
|upkeep
|turn|4
|
|t:|1758918663
|move|p1a: Landorus|Earthquake|p2a: Percy
|-supereffective|p2a: Percy
|-damage|p2a: Percy|29/100
|move|p2a: Percy|Iron Head|p1a: Landorus
|-damage|p1a: Landorus|18/100
|
|upkeep
|turn|5
|
|t:|1758918674
|switch|p1a: Alomomola|Alomomola, M|100/100
|move|p2a: Percy|Sucker Punch||[still]
|-fail|p2a: Percy
|
|upkeep
|turn|6
|
|t:|1758918679
|move|p2a: Percy|Low Kick|p1a: Alomomola
|-damage|p1a: Alomomola|79/100
|-damage|p2a: Percy|12/100|[from] item: Rocky Helmet|[of] p1a: Alomomola
|move|p1a: Alomomola|Wish|p1a: Alomomola
|
|upkeep
|turn|7
|
|t:|1758918688
|move|p2a: Percy|Sucker Punch|p1a: Alomomola
|-damage|p1a: Alomomola|37/100
|-damage|p2a: Percy|0 fnt|[from] item: Rocky Helmet|[of] p1a: Alomomola
|faint|p2a: Percy
|move|p1a: Alomomola|Flip Turn|p2: Percy|[notarget]
|-fail|p1a: Alomomola
|
|-heal|p1a: Alomomola|87/100|[from] move: Wish|[wisher] Alomomola
|upkeep
|
|t:|1758918711
|switch|p2a: Mindy|Gardevoir, F|100/100
|-ability|p2a: Mindy|Regenerator|Trace|[from] ability: Trace|[of] p1a: Alomomola
|turn|8
|
|t:|1758918718
|move|p2a: Mindy|Moonblast|p1a: Alomomola
|-damage|p1a: Alomomola|57/100
|move|p1a: Alomomola|Wish|p1a: Alomomola
|
|-sideend|p1: Esteh Ole|move: Light Screen
|upkeep
|turn|9
|
|t:|1758918729
|switch|p1a: Slowking|Slowking-Galar, F|100/100
|move|p2a: Mindy|Psyshock|p1a: Slowking
|-damage|p1a: Slowking|61/100
|
|-heal|p1a: Slowking|100/100|[from] move: Wish|[wisher] Alomomola
|upkeep
|turn|10
|
|t:|1758918747
|move|p2a: Mindy|Psyshock|p1a: Slowking
|-damage|p1a: Slowking|61/100
|-prepare|p1a: Slowking|Chilly Reception|[premajor]
|move|p1a: Slowking|Chilly Reception|p1a: Slowking
|-weather|Snowscape
|
|t:|1758918761
|switch|p1a: Cinderace|Cinderace, M|100/100|[from] Chilly Reception
|
|-weather|Snowscape|[upkeep]
|upkeep
|turn|11
|
|t:|1758918773
|switch|p2a: Shane|Greninja, M|100/100
|move|p1a: Cinderace|U-turn|p2a: Shane
|-supereffective|p2a: Shane
|-damage|p2a: Shane|29/100
|
|t:|1758918782
|switch|p1a: Grimmsnarl|Grimmsnarl, M|69/100|[from] U-turn
|
|-weather|Snowscape|[upkeep]
|upkeep
|turn|12
|
|t:|1758918790
|switch|p2a: Mindy|Gardevoir, F|100/100
|-ability|p2a: Mindy|Prankster|Trace|[from] ability: Trace|[of] p1a: Grimmsnarl
|move|p1a: Grimmsnarl|Light Screen|p1a: Grimmsnarl
|-sidestart|p1: Esteh Ole|move: Light Screen
|
|-weather|Snowscape|[upkeep]
|upkeep
|turn|13
|
|t:|1758918802
|move|p1a: Grimmsnarl|Parting Shot|p2a: Mindy
|-unboost|p2a: Mindy|atk|1
|-unboost|p2a: Mindy|spa|1
|
|t:|1758918806
|switch|p1a: Slowking|Slowking-Galar, F|94/100|[from] Parting Shot
|move|p2a: Mindy|Moonblast|p1a: Slowking
|-resisted|p1a: Slowking
|-damage|p1a: Slowking|90/100
|
|-weather|Snowscape|[upkeep]
|upkeep
|turn|14
|
|t:|1758918819
|move|p2a: Mindy|Psyshock|p1a: Slowking
|-damage|p1a: Slowking|75/100
|move|p1a: Slowking|Sludge Bomb|p2a: Mindy
|-supereffective|p2a: Mindy
|-damage|p2a: Mindy|63/100
|-status|p2a: Mindy|psn
|
|-weather|none
|-damage|p2a: Mindy|51/100 psn|[from] psn
|upkeep
|turn|15
|
|t:|1758918832
|move|p2a: Mindy|Psyshock|p1a: Slowking
|-damage|p1a: Slowking|62/100
|-prepare|p1a: Slowking|Chilly Reception|[premajor]
|move|p1a: Slowking|Chilly Reception|p1a: Slowking
|-weather|Snowscape
|
|t:|1758918842
|switch|p1a: Alomomola|Alomomola, M|90/100|[from] Chilly Reception
|
|-weather|Snowscape|[upkeep]
|-damage|p2a: Mindy|39/100 psn|[from] psn
|upkeep
|turn|16
|
|t:|1758918854
|move|p2a: Mindy|Moonblast|p1a: Alomomola
|-damage|p1a: Alomomola|70/100
|move|p1a: Alomomola|Wish|p1a: Alomomola
|
|-weather|Snowscape|[upkeep]
|-damage|p2a: Mindy|26/100 psn|[from] psn
|upkeep
|turn|17
|
|t:|1758918862
|move|p2a: Mindy|Moonblast|p1a: Alomomola
|-damage|p1a: Alomomola|53/100
|-unboost|p1a: Alomomola|spa|1
|move|p1a: Alomomola|Flip Turn|p2a: Mindy
|-damage|p2a: Mindy|0 fnt
|faint|p2a: Mindy
|
|t:|1758918870
|switch|p1a: Landorus|Landorus-Therian, M|18/100|[from] Flip Turn
|
|-weather|Snowscape|[upkeep]
|-heal|p1a: Landorus|88/100|[from] move: Wish|[wisher] Alomomola
|upkeep
|
|t:|1758918877
|switch|p2a: Shane|Greninja, M|29/100
|turn|18
|
|t:|1758918886
|switch|p1a: Slowking|Slowking-Galar, F|96/100
|move|p2a: Shane|Ice Beam|p1a: Slowking
|-damage|p1a: Slowking|84/100
|
|-weather|Snowscape|[upkeep]
|upkeep
|turn|19
|
|t:|1758918894
|switch|p2a: Victor|Banette, M|100/100
|-item|p1a: Slowking|Heavy-Duty Boots|[from] ability: Frisk|[of] p2a: Victor
|move|p1a: Slowking|Sludge Bomb|p2a: Victor
|-resisted|p2a: Victor
|-damage|p2a: Victor|68/100
|
|-weather|none
|-sideend|p1: Esteh Ole|move: Light Screen
|upkeep
|turn|20
|
|t:|1758918907
|switch|p1a: Alomomola|Alomomola, M|86/100
|move|p2a: Victor|Poltergeist|p1a: Alomomola
|-activate|p1a: Alomomola|move: Poltergeist|Rocky Helmet
|-damage|p1a: Alomomola|55/100
|
|upkeep
|turn|21
|
|t:|1758918915
|move|p2a: Victor|Pain Split|p1a: Alomomola
|-sethp|p1a: Alomomola|45/100|[from] move: Pain Split|[silent]
|-sethp|p2a: Victor|89/100|[from] move: Pain Split
|move|p1a: Alomomola|Wish|p1a: Alomomola
|
|upkeep
|turn|22
|
|t:|1758918930
|move|p2a: Victor|Poltergeist|p1a: Alomomola
|-activate|p1a: Alomomola|move: Poltergeist|Rocky Helmet
|-damage|p1a: Alomomola|14/100
|move|p1a: Alomomola|Tickle|p2a: Victor
|-unboost|p2a: Victor|atk|1
|-unboost|p2a: Victor|def|1
|
|-heal|p1a: Alomomola|64/100|[from] move: Wish|[wisher] Alomomola
|upkeep
|turn|23
|
|t:|1758918943
|switch|p2a: Shane|Greninja, M|29/100
|move|p1a: Alomomola|Wish|p1a: Alomomola
|
|upkeep
|turn|24
|
|t:|1758918954
|move|p2a: Shane|Dark Pulse|p1a: Alomomola
|-damage|p1a: Alomomola|0 fnt
|faint|p1a: Alomomola
|-ability|p2a: Shane|Battle Bond|boost
|-boost|p2a: Shane|atk|1
|-boost|p2a: Shane|spa|1
|-boost|p2a: Shane|spe|1
|-activate|p2a: Shane|ability: Battle Bond
|
|upkeep
|
|t:|1758918970
|switch|p1a: Grimmsnarl|Grimmsnarl, M|69/100
|turn|25
|
|t:|1758918987
|switch|p2a: Victor|Banette, M|89/100
|-item|p1a: Grimmsnarl|Light Clay|[from] ability: Frisk|[of] p2a: Victor
|move|p1a: Grimmsnarl|Light Screen|p1a: Grimmsnarl
|-sidestart|p1: Esteh Ole|move: Light Screen
|
|upkeep
|turn|26
|
|t:|1758918994
|move|p1a: Grimmsnarl|Reflect|p1a: Grimmsnarl
|-sidestart|p1: Esteh Ole|Reflect
|move|p2a: Victor|Curse|p1a: Grimmsnarl
|-start|p1a: Grimmsnarl|Curse|[of] p2a: Victor
|-damage|p2a: Victor|39/100
|
|-damage|p1a: Grimmsnarl|44/100|[from] Curse
|upkeep
|turn|27
|
|t:|1758919002
|move|p1a: Grimmsnarl|Parting Shot|p2a: Victor
|-unboost|p2a: Victor|atk|1
|-unboost|p2a: Victor|spa|1
|
|t:|1758919014
|switch|p1a: Cinderace|Cinderace, M|100/100|[from] Parting Shot
|move|p2a: Victor|Pain Split|p1a: Cinderace
|-sethp|p1a: Cinderace|68/100|[from] move: Pain Split|[silent]
|-sethp|p2a: Victor|75/100|[from] move: Pain Split
|
|upkeep
|turn|28
|
|t:|1758919042
|switch|p2a: Cole|Blaziken, M|100/100
|move|p1a: Cinderace|Pyro Ball|p2a: Cole
|-resisted|p2a: Cole
|-damage|p2a: Cole|58/100
|
|upkeep
|turn|29
|
|t:|1758919051
|move|p1a: Cinderace|U-turn|p2a: Cole
|-resisted|p2a: Cole
|-damage|p2a: Cole|50/100
|
|t:|1758919054
|switch|p1a: Landorus|Landorus-Therian, M|88/100|[from] U-turn
|-ability|p1a: Landorus|Intimidate|boost
|-unboost|p2a: Cole|atk|1
|move|p2a: Cole|Swords Dance|p2a: Cole
|-boost|p2a: Cole|atk|2
|
|-ability|p2a: Cole|Speed Boost|boost
|-boost|p2a: Cole|spe|1
|upkeep
|turn|30
|
|t:|1758919064
|move|p2a: Cole|Detect|p2a: Cole
|-singleturn|p2a: Cole|Protect
|move|p1a: Landorus|Earthquake|p2a: Cole
|-activate|p2a: Cole|move: Protect
|
|-ability|p2a: Cole|Speed Boost|boost
|-boost|p2a: Cole|spe|1
|upkeep
|turn|31
|
|t:|1758919072
|switch|p2a: Colin|Shiftry, M|100/100
|move|p1a: Landorus|Earthquake|p2a: Colin
|-resisted|p2a: Colin
|-damage|p2a: Colin|72/100
|
|upkeep
|turn|32
|
|t:|1758919080
|move|p1a: Landorus|U-turn|p2a: Colin
|-supereffective|p2a: Colin
|-damage|p2a: Colin|0 fnt
|faint|p2a: Colin
|
|t:|1758919093
|switch|p1a: Slowking|Slowking-Galar, F|100/100|[from] U-turn
|
|-sideend|p1: Esteh Ole|move: Light Screen
|upkeep
|
|t:|1758919097
|switch|p2a: Shane|Greninja, M|29/100
|turn|33
|
|t:|1758919104
|-terastallize|p1a: Slowking|Poison
|move|p2a: Shane|Dark Pulse|p1a: Slowking
|-damage|p1a: Slowking|64/100
|cant|p1a: Slowking|flinch
|
|-sideend|p1: Esteh Ole|Reflect
|upkeep
|turn|34
|
|t:|1758919112
|move|p2a: Shane|Dark Pulse|p1a: Slowking
|-damage|p1a: Slowking|31/100
|move|p1a: Slowking|Sludge Bomb|p2a: Shane
|-damage|p2a: Shane|0 fnt
|faint|p2a: Shane
|
|upkeep
|
|t:|1758919120
|switch|p2a: Cole|Blaziken, M|50/100
|turn|35
|
|t:|1758919125
|switch|p1a: Landorus|Landorus-Therian, M|88/100
|-ability|p1a: Landorus|Intimidate|boost
|-unboost|p2a: Cole|atk|1
|move|p2a: Cole|Swords Dance|p2a: Cole
|-boost|p2a: Cole|atk|2
|
|-ability|p2a: Cole|Speed Boost|boost
|-boost|p2a: Cole|spe|1
|upkeep
|turn|36
|
|t:|1758919136
|-terastallize|p2a: Cole|Dark
|move|p2a: Cole|Knock Off|p1a: Landorus
|-damage|p1a: Landorus|18/100
|-enditem|p1a: Landorus|Assault Vest|[from] move: Knock Off|[of] p2a: Cole
|move|p1a: Landorus|Earthquake|p2a: Cole
|-damage|p2a: Cole|0 fnt
|faint|p2a: Cole
|
|upkeep
|-message|somepepper forfeited.
|
|win|Esteh Ole
|raw|Esteh Ole's rating: 1323 &rarr; <strong>1344</strong><br />(+21 for winning)
|raw|somepepper's rating: 1338 &rarr; <strong>1317</strong><br />(-21 for losing)
|l|☆somepepper
|player|p2|
|l|☆Esteh Ole
|player|p1|
