|j|☆SlitherBitch
|j|☆M3lodi3♪♫♪
|t:|1758970457
|gametype|singles
|player|p1|SlitherBitch|lass|1484
|player|p2|M3lodi3♪♫♪|hilda|1474
|gen|9
|tier|[Gen 9] OU
|rated|
|rule|HP Percentage Mod: HP is shown in percentages
|rule|Endless Battle Clause: Forcing endless battles is banned
|rule|Species Clause: Limit one of each Pokémon
|rule|OHKO Clause: OHKO moves are banned
|rule|Evasion Items Clause: Evasion items are banned
|rule|Evasion Moves Clause: Evasion moves are banned
|rule|Evasion Abilities Clause: Evasion abilities are banned
|rule|Sleep Moves Clause: Sleep-inducing moves are banned
|clearpoke
|poke|p1|Ogerpon-Wellspring, F|
|poke|p1|Raging Bolt|
|poke|p1|Cinderace, F|
|poke|p1|Zamazenta-*|
|poke|p1|Iron Crown|
|poke|p1|Landorus-Therian, M|
|poke|p2|Braviary-Hisui, M|
|poke|p2|Iron Treads|
|poke|p2|Volcanion|
|poke|p2|Kleavor, F|
|poke|p2|Zoroark-Hisui, F|
|poke|p2|Ditto|
|teampreview
|
|t:|1758970472
|teamsize|p1|6
|teamsize|p2|6
|start
|switch|p1a: Landorus|Landorus-Therian, M|100/100
|switch|p2a: Cut the bridge|Kleavor, F|100/100
|-ability|p1a: Landorus|Intimidate|boost
|-unboost|p2a: Cut the bridge|atk|1
|turn|1
|
|t:|1758970482
|move|p1a: Landorus|Earthquake|p2a: Cut the bridge
|-damage|p2a: Cut the bridge|30/100
|move|p2a: Cut the bridge|Stone Axe|p1a: Landorus
|-damage|p1a: Landorus|62/100
|-sidestart|p1: SlitherBitch|move: Stealth Rock
|
|upkeep
|turn|2
|
|t:|1758970489
|switch|p2a: RokULikeAHurricane|Braviary-Hisui, M|100/100
|move|p1a: Landorus|Earthquake|p2a: RokULikeAHurricane
|-immune|p2a: RokULikeAHurricane
|
|upkeep
|turn|3
|
|t:|1758970505
|switch|p1a: Cinderace|Cinderace, F|100/100
|move|p2a: RokULikeAHurricane|Psychic|p1a: Cinderace
|-damage|p1a: Cinderace|9/100
|
|upkeep
|turn|4
|
|t:|1758970512
|move|p1a: Cinderace|Court Change|p1a: Cinderace
|-swapsideconditions
|-activate|p1a: Cinderace|move: Court Change
|move|p2a: RokULikeAHurricane|Psychic|p1a: Cinderace
|-damage|p1a: Cinderace|0 fnt
|faint|p1a: Cinderace
|
|upkeep
|
|t:|1758970519
|switch|p1a: Landorus|Landorus-Therian, M|62/100
|-ability|p1a: Landorus|Intimidate|boost
|-unboost|p2a: RokULikeAHurricane|atk|1
|turn|5
|
|t:|1758970527
|switch|p2a: You spin me round|Iron Treads|100/100
|-damage|p2a: You spin me round|98/100|[from] Stealth Rock
|move|p1a: Landorus|U-turn|p2a: You spin me round
|-resisted|p2a: You spin me round
|-damage|p2a: You spin me round|86/100
|
|t:|1758970546
|switch|p1a: Dawge|Zamazenta|100/100|[from] U-turn
|-ability|p1a: Dawge|Dauntless Shield|boost
|-boost|p1a: Dawge|def|1
|
|upkeep
|turn|6
|
|t:|1758970564
|-end|p2a: You spin me round|Quark Drive|[silent]
|switch|p2a: RokULikeAHurricane|Braviary-Hisui, M|100/100
|-damage|p2a: RokULikeAHurricane|76/100|[from] Stealth Rock
|move|p1a: Dawge|Close Combat|p2a: RokULikeAHurricane
|-resisted|p2a: RokULikeAHurricane
|-damage|p2a: RokULikeAHurricane|56/100
|-unboost|p1a: Dawge|def|1
|-unboost|p1a: Dawge|spd|1
|
|upkeep
|turn|7
|
|t:|1758970596
|switch|p2a: Lava chicken|Volcanion|100/100
|move|p1a: Dawge|Crunch|p2a: Lava chicken
|-damage|p2a: Lava chicken|78/100
|
|upkeep
|turn|8
|
|t:|1758970615
|switch|p1a: Iron Crown|Iron Crown|100/100
|move|p2a: Lava chicken|Sludge Bomb|p1a: Iron Crown
|-immune|p1a: Iron Crown
|
|upkeep
|turn|9
|
|t:|1758970624
|move|p1a: Iron Crown|Volt Switch|p2a: Lava chicken
|-supereffective|p2a: Lava chicken
|-damage|p2a: Lava chicken|0 fnt
|faint|p2a: Lava chicken
|
|t:|1758970630
|-end|p1a: Iron Crown|Quark Drive|[silent]
|switch|p1a: Landorus|Landorus-Therian, M|62/100|[from] Volt Switch
|
|upkeep
|
|t:|1758970637
|switch|p2a: Fade into you|Ditto|100/100
|-damage|p2a: Fade into you|88/100|[from] Stealth Rock
|-transform|p2a: Fade into you|p1a: Landorus|[from] ability: Imposter
|-ability|p2a: Fade into you|Intimidate|boost
|-unboost|p1a: Landorus|atk|1
|turn|10
|
|t:|1758970665
|switch|p1a: Iron Crown|Iron Crown|100/100
|move|p2a: Fade into you|U-turn|p1a: Iron Crown
|-damage|p1a: Iron Crown|71/100
|
|t:|1758970671
|switch|p2a: You spin me round|Iron Treads|86/100|[from] U-turn
|-damage|p2a: You spin me round|83/100|[from] Stealth Rock
|
|upkeep
|turn|11
|
|t:|1758970693
|-end|p1a: Iron Crown|Quark Drive|[silent]
|switch|p1a: Landorus|Landorus-Therian, M|62/100
|-ability|p1a: Landorus|Intimidate|boost
|-unboost|p2a: You spin me round|atk|1
|move|p2a: You spin me round|Rapid Spin|p1a: Landorus
|-damage|p1a: Landorus|52/100
|-boost|p2a: You spin me round|spe|1
|-sideend|p2: M3lodi3♪♫♪|Stealth Rock|[from] move: Rapid Spin|[of] p2a: You spin me round
|
|upkeep
|turn|12
|
|t:|1758970701
|move|p2a: You spin me round|Ice Spinner|p1a: Landorus
|-supereffective|p1a: Landorus
|-damage|p1a: Landorus|0 fnt
|faint|p1a: Landorus
|
|upkeep
|
|t:|1758970707
|switch|p1a: Dawge|Zamazenta|100/100
|turn|13
|
|t:|1758970721
|-end|p2a: You spin me round|Quark Drive|[silent]
|switch|p2a: Fade into you|Ditto|88/100
|-transform|p2a: Fade into you|p1a: Dawge|[from] ability: Imposter
|-ability|p2a: Fade into you|Dauntless Shield|boost
|-boost|p2a: Fade into you|def|1
|move|p1a: Dawge|Crunch|p2a: Fade into you
|-resisted|p2a: Fade into you
|-damage|p2a: Fade into you|79/100
|
|upkeep
|turn|14
|
|t:|1758970739
|switch|p2a: RokULikeAHurricane|Braviary-Hisui, M|56/100
|switch|p1a: Iron Crown|Iron Crown|71/100
|
|upkeep
|turn|15
|inactive|Battle timer is ON: inactive players will automatically lose when time's up. (requested by SlitherBitch)
|
|t:|1758970745
|switch|p2a: You spin me round|Iron Treads|83/100
|move|p1a: Iron Crown|Tachyon Cutter|p2a: You spin me round
|-resisted|p2a: You spin me round
|-damage|p2a: You spin me round|68/100
|-resisted|p2a: You spin me round
|-damage|p2a: You spin me round|52/100
|-hitcount|p2a: You spin me round|2
|
|upkeep
|turn|16
|
|t:|1758970754
|move|p2a: You spin me round|Volt Switch|p1a: Iron Crown
|-damage|p1a: Iron Crown|61/100
|
|t:|1758970767
|-end|p2a: You spin me round|Quark Drive|[silent]
|switch|p2a: Cut the bridge|Kleavor, F|30/100|[from] Volt Switch
|move|p1a: Iron Crown|Tachyon Cutter|p2a: Cut the bridge
|-supereffective|p2a: Cut the bridge
|-damage|p2a: Cut the bridge|0 fnt
|faint|p2a: Cut the bridge
|-hitcount|p2: Cut the bridge|1
|
|upkeep
|
|t:|1758970779
|switch|p2a: You spin me round|Iron Treads|52/100
|turn|17
|
|t:|1758970787
|move|p2a: You spin me round|Earthquake|p1a: Iron Crown
|-supereffective|p1a: Iron Crown
|-damage|p1a: Iron Crown|0 fnt
|faint|p1a: Iron Crown
|-end|p1a: Iron Crown|Quark Drive|[silent]
|
|upkeep
|
|t:|1758970803
|switch|p1a: Dawge|Zamazenta|100/100
|turn|18
|
|t:|1758970807
|move|p1a: Dawge|Close Combat|p2a: You spin me round
|-supereffective|p2a: You spin me round
|-damage|p2a: You spin me round|0 fnt
|-unboost|p1a: Dawge|def|1
|-unboost|p1a: Dawge|spd|1
|faint|p2a: You spin me round
|-end|p2a: You spin me round|Quark Drive|[silent]
|
|upkeep
|
|t:|1758970825
|switch|p2a: Fade into you|Ditto|79/100
|-transform|p2a: Fade into you|p1a: Dawge|[from] ability: Imposter
|turn|19
|
|t:|1758970841
|switch|p2a: RokULikeAHurricane|Braviary-Hisui, M|100/100
|move|p1a: Dawge|Close Combat|p2a: RokULikeAHurricane
|-immune|p2a: RokULikeAHurricane
|
|upkeep
|turn|20
|
|t:|1758970853
|move|p1a: Dawge|Crunch|p2a: RokULikeAHurricane
|-supereffective|p2a: RokULikeAHurricane
|-damage|p2a: RokULikeAHurricane|0 fnt
|replace|p2a: Smooth criminal|Zoroark-Hisui, F
|-end|p2a: Smooth criminal|Illusion
|faint|p2a: Smooth criminal
|
|upkeep
|
|t:|1758970859
|switch|p2a: RokULikeAHurricane|Braviary-Hisui, M|56/100
|turn|21
|
|t:|1758970864
|-terastallize|p2a: RokULikeAHurricane|Flying
|move|p1a: Dawge|Crunch|p2a: RokULikeAHurricane
|-damage|p2a: RokULikeAHurricane|22/100
|move|p2a: RokULikeAHurricane|Agility|p2a: RokULikeAHurricane
|-boost|p2a: RokULikeAHurricane|spe|2
|
|upkeep
|turn|22
|
|t:|1758970871
|move|p2a: RokULikeAHurricane|Psychic|p1a: Dawge
|-supereffective|p1a: Dawge
|-damage|p1a: Dawge|0 fnt
|faint|p1a: Dawge
|
|upkeep
|
|t:|1758970878
|switch|p1a: Raging Bolt|Raging Bolt|100/100
|turn|23
|
|t:|1758970890
|move|p1a: Raging Bolt|Thunderclap|p2a: RokULikeAHurricane
|-supereffective|p2a: RokULikeAHurricane
|-damage|p2a: RokULikeAHurricane|0 fnt
|faint|p2a: RokULikeAHurricane
|
|upkeep
|
|t:|1758970894
|switch|p2a: Fade into you|Ditto|79/100
|-transform|p2a: Fade into you|p1a: Raging Bolt|[from] ability: Imposter
|turn|24
|
|t:|1758970901
|-terastallize|p1a: Raging Bolt|Fairy
|move|p2a: Fade into you|Dragon Pulse|p1a: Raging Bolt
|-immune|p1a: Raging Bolt
|move|p1a: Raging Bolt|Dragon Pulse|p2a: Fade into you
|-supereffective|p2a: Fade into you
|-damage|p2a: Fade into you|0 fnt
|faint|p2a: Fade into you
|-end|p2a: Fade into you|Protosynthesis|[silent]
|
|win|SlitherBitch
|raw|SlitherBitch's rating: 1484 &rarr; <strong>1503</strong><br />(+19 for winning)
|raw|M3lodi3♪♫♪'s rating: 1474 &rarr; <strong>1455</strong><br />(-19 for losing)
|l|☆M3lodi3♪♫♪
|player|p2|
|l|☆SlitherBitch
|player|p1|
