|j|☆greatdisconnecter
|j|☆hyper-serious
|t:|1759039415
|gametype|singles
|player|p1|greatdisconnecter|morty|1253
|player|p2|hyper-serious|101|1240
|gen|9
|tier|[Gen 9] OU
|rated|
|rule|HP Percentage Mod: HP is shown in percentages
|rule|Endless Battle Clause: Forcing endless battles is banned
|rule|Species Clause: Limit one of each Pokémon
|rule|OHKO Clause: OHKO moves are banned
|rule|Evasion Items Clause: Evasion items are banned
|rule|Evasion Moves Clause: Evasion moves are banned
|rule|Evasion Abilities Clause: Evasion abilities are banned
|rule|Sleep Moves Clause: Sleep-inducing moves are banned
|clearpoke
|poke|p1|Raging Bolt|
|poke|p1|Great Tusk|
|poke|p1|Samurott-Hisui, M|
|poke|p1|Moltres|
|poke|p1|Gholdengo|
|poke|p1|Iron Hands|
|poke|p2|Latias, F|
|poke|p2|Zarude|
|poke|p2|Landorus-Therian, M|
|poke|p2|Tatsugiri, F|
|poke|p2|Ceruledge, M|
|poke|p2|Scizor, M|
|teampreview
|inactive|Battle timer is ON: inactive players will automatically lose when time's up. (requested by greatdisconnecter)
|
|t:|1759039431
|teamsize|p1|6
|teamsize|p2|6
|start
|switch|p1a: I EAT FISH|Samurott-Hisui, M, shiny|100/100
|switch|p2a: Tatsugiri|Tatsugiri, F|100/100
|turn|1
|
|t:|1759039444
|move|p1a: I EAT FISH|Ceaseless Edge|p2a: Tatsugiri
|-damage|p2a: Tatsugiri|36/100
|-sidestart|p2: hyper-serious|Spikes
|move|p2a: Tatsugiri|Rapid Spin|p1a: I EAT FISH
|-damage|p1a: I EAT FISH|92/100
|-boost|p2a: Tatsugiri|spe|1
|-sideend|p2: hyper-serious|Spikes|[from] move: Rapid Spin|[of] p2a: Tatsugiri
|
|upkeep
|turn|2
|
|t:|1759039450
|move|p2a: Tatsugiri|Draco Meteor|p1a: I EAT FISH
|-damage|p1a: I EAT FISH|37/100
|-unboost|p2a: Tatsugiri|spa|2
|move|p1a: I EAT FISH|Ceaseless Edge|p2a: Tatsugiri
|-damage|p2a: Tatsugiri|0 fnt
|-sidestart|p2: hyper-serious|Spikes
|faint|p2a: Tatsugiri
|
|upkeep
|c|☆hyper-serious|Fish Eaten
|
|t:|1759039463
|switch|p2a: Landorus|Landorus-Therian, M|100/100
|-ability|p2a: Landorus|Intimidate|boost
|-unboost|p1a: I EAT FISH|atk|1
|turn|3
|
|t:|1759039470
|move|p1a: I EAT FISH|Flip Turn|p2a: Landorus
|-supereffective|p2a: Landorus
|-damage|p2a: Landorus|74/100
|-damage|p1a: I EAT FISH|20/100|[from] item: Rocky Helmet|[of] p2a: Landorus
|
|t:|1759039474
|switch|p1a: Old Elephant|Great Tusk|100/100|[from] Flip Turn
|move|p2a: Landorus|Earthquake|p1a: Old Elephant
|-damage|p1a: Old Elephant|67/100
|
|upkeep
|turn|4
|
|t:|1759039478
|move|p1a: Old Elephant|Ice Spinner|p2a: Landorus
|-supereffective|p2a: Landorus
|-damage|p2a: Landorus|0 fnt
|-damage|p1a: Old Elephant|51/100|[from] item: Rocky Helmet|[of] p2a: Landorus
|faint|p2a: Landorus
|
|upkeep
|
|t:|1759039486
|switch|p2a: Scizor|Scizor, M|100/100
|-damage|p2a: Scizor|88/100|[from] Spikes
|turn|5
|
|t:|1759039505
|move|p2a: Scizor|Bullet Punch|p1a: Old Elephant
|-damage|p1a: Old Elephant|15/100
|move|p1a: Old Elephant|Close Combat|p2a: Scizor
|-damage|p2a: Scizor|25/100
|-unboost|p1a: Old Elephant|def|1
|-unboost|p1a: Old Elephant|spd|1
|
|upkeep
|turn|6
|
|t:|1759039513
|-end|p1a: Old Elephant|Protosynthesis|[silent]
|switch|p1a: Big Larry|Iron Hands|100/100
|move|p2a: Scizor|Bullet Punch|p1a: Big Larry
|-resisted|p1a: Big Larry
|-damage|p1a: Big Larry|83/100
|
|upkeep
|turn|7
|l|☆hyper-serious
|inactive|hyper-serious disconnected and has a minute to reconnect!
|player|p2|
|inactive|hyper-serious has 30 seconds to reconnect!
|inactive|hyper-serious has 20 seconds to reconnect!
|inactive|hyper-serious has 15 seconds to reconnect!
|inactive|hyper-serious has 10 seconds to reconnect!
|inactive|hyper-serious has 5 seconds to reconnect!
|-message|hyper-serious lost due to inactivity.
|
|win|greatdisconnecter
|raw|greatdisconnecter's rating: 1253 &rarr; <strong>1277</strong><br />(+24 for winning)
|raw|hyper-serious's rating: 1240 &rarr; <strong>1216</strong><br />(-24 for losing)
