|j|☆Shibuya Arc
|j|☆Maxcolor
|t:|1758929200
|gametype|singles
|player|p1|Shibuya Arc|265|1514
|player|p2|Maxcolor|ghetsis|1515
|gen|9
|tier|[Gen 9] OU
|rated|
|rule|HP Percentage Mod: HP is shown in percentages
|rule|Endless Battle Clause: Forcing endless battles is banned
|rule|Species Clause: Limit one of each Pokémon
|rule|OHKO Clause: OHKO moves are banned
|rule|Evasion Items Clause: Evasion items are banned
|rule|Evasion Moves Clause: Evasion moves are banned
|rule|Evasion Abilities Clause: Evasion abilities are banned
|rule|Sleep Moves Clause: Sleep-inducing moves are banned
|clearpoke
|poke|p1|Dragapult, M|
|poke|p1|Dragonite, F|
|poke|p1|Ting-Lu|
|poke|p1|Weezing-Galar, F|
|poke|p1|Iron Crown|
|poke|p1|Zapdos|
|poke|p2|Regidrago|
|poke|p2|Moltres|
|poke|p2|Tinkaton, F|
|poke|p2|Iron Boulder|
|poke|p2|Sinistcha-Masterpiece|
|poke|p2|Great Tusk|
|teampreview
|inactive|Battle timer is ON: inactive players will automatically lose when time's up. (requested by Maxcolor)
|
|t:|1758929208
|teamsize|p1|6
|teamsize|p2|6
|start
|switch|p1a: Ting-Lu|Ting-Lu|100/100
|switch|p2a: Tinkaton|Tinkaton, F, shiny|100/100
|-item|p2a: Tinkaton|Air Balloon
|-ability|p1a: Ting-Lu|Vessel of Ruin
|turn|1
|inactive|Shibuya Arc also wants the timer to be on.
|
|t:|1758929219
|move|p2a: Tinkaton|Stealth Rock|p1a: Ting-Lu
|-sidestart|p1: Shibuya Arc|move: Stealth Rock
|move|p1a: Ting-Lu|Ruination|p2a: Tinkaton
|-damage|p2a: Tinkaton|51/100
|-enditem|p2a: Tinkaton|Air Balloon
|
|upkeep
|turn|2
|
|t:|1758929228
|move|p2a: Tinkaton|Gigaton Hammer|p1a: Ting-Lu
|-damage|p1a: Ting-Lu|76/100
|move|p1a: Ting-Lu|Earthquake|p2a: Tinkaton
|-supereffective|p2a: Tinkaton
|-damage|p2a: Tinkaton|0 fnt
|faint|p2a: Tinkaton
|
|-heal|p1a: Ting-Lu|82/100|[from] item: Leftovers
|upkeep
|
|t:|1758929249
|switch|p2a: Sinistcha|Sinistcha-Masterpiece|100/100
|turn|3
|
|t:|1758929254
|switch|p1a: Iron Crown|Iron Crown|100/100
|-damage|p1a: Iron Crown|94/100|[from] Stealth Rock
|move|p2a: Sinistcha|Calm Mind|p2a: Sinistcha
|-boost|p2a: Sinistcha|spa|1
|-boost|p2a: Sinistcha|spd|1
|
|upkeep
|turn|4
|
|t:|1758929262
|-terastallize|p1a: Iron Crown|Steel
|move|p1a: Iron Crown|Tachyon Cutter|p2a: Sinistcha
|-damage|p2a: Sinistcha|67/100
|-damage|p2a: Sinistcha|28/100
|-hitcount|p2a: Sinistcha|2
|move|p2a: Sinistcha|Calm Mind|p2a: Sinistcha
|-boost|p2a: Sinistcha|spa|1
|-boost|p2a: Sinistcha|spd|1
|
|-heal|p2a: Sinistcha|34/100|[from] item: Leftovers
|upkeep
|turn|5
|
|t:|1758929283
|move|p1a: Iron Crown|Tachyon Cutter|p2a: Sinistcha
|-damage|p2a: Sinistcha|8/100
|-crit|p2a: Sinistcha
|-damage|p2a: Sinistcha|0 fnt
|faint|p2a: Sinistcha
|-hitcount|p2: Sinistcha|2
|
|upkeep
|inactive|Maxcolor has 120 seconds left.
|
|t:|1758929307
|switch|p2a: Moltres|Moltres|100/100
|turn|6
|inactive|Maxcolor has 120 seconds left.
|
|t:|1758929313
|move|p1a: Iron Crown|Tachyon Cutter|p2a: Moltres
|-resisted|p2a: Moltres
|-damage|p2a: Moltres|73/100
|-resisted|p2a: Moltres
|-damage|p2a: Moltres|45/100
|-hitcount|p2a: Moltres|2
|move|p2a: Moltres|U-turn|p1a: Iron Crown
|-resisted|p1a: Iron Crown
|-damage|p1a: Iron Crown|87/100
|-message|Maxcolor forfeited.
|
|win|Shibuya Arc
|raw|Shibuya Arc's rating: 1514 &rarr; <strong>1534</strong><br />(+20 for winning)
|raw|Maxcolor's rating: 1515 &rarr; <strong>1495</strong><br />(-20 for losing)
