|j|☆Dxvofauni
|j|☆blazingvalkrie
|t:|1758937272
|gametype|singles
|player|p1|Dxvofauni|volkner|1357
|player|p2|blazingvalkrie|iris-gen5bw2|1387
|gen|9
|tier|[Gen 9] OU
|rated|
|rule|HP Percentage Mod: HP is shown in percentages
|rule|Endless Battle Clause: Forcing endless battles is banned
|rule|Species Clause: Limit one of each Pokémon
|rule|OHKO Clause: OHKO moves are banned
|rule|Evasion Items Clause: Evasion items are banned
|rule|Evasion Moves Clause: Evasion moves are banned
|rule|Evasion Abilities Clause: Evasion abilities are banned
|rule|Sleep Moves Clause: Sleep-inducing moves are banned
|clearpoke
|poke|p1|Bombirdier, F|
|poke|p1|Slither Wing|
|poke|p1|Kilowattrel, M|
|poke|p1|Mudsdale, M|
|poke|p1|Jirachi|
|poke|p1|Ogerpon-Wellspring, F|
|poke|p2|Iron Moth|
|poke|p2|Scizor, M|
|poke|p2|Deoxys-Speed|
|poke|p2|Haxorus, F|
|poke|p2|Iron Treads|
|poke|p2|Latias, F|
|teampreview
|inactive|Battle timer is ON: inactive players will automatically lose when time's up. (requested by blazingvalkrie)
|
|t:|1758937286
|teamsize|p1|6
|teamsize|p2|6
|start
|switch|p1a: Slither Wing|Slither Wing|100/100
|switch|p2a: Deoxys|Deoxys-Speed|100/100
|-ability|p2a: Deoxys|Pressure
|-enditem|p1a: Slither Wing|Booster Energy
|-activate|p1a: Slither Wing|ability: Protosynthesis|[fromitem]
|-start|p1a: Slither Wing|protosynthesisatk
|turn|1
|
|t:|1758937313
|-terastallize|p2a: Deoxys|Steel
|move|p1a: Slither Wing|First Impression|p2a: Deoxys
|-resisted|p2a: Deoxys
|-crit|p2a: Deoxys
|-damage|p2a: Deoxys|31/100
|-enditem|p2a: Deoxys|Red Card|[of] p1a: Slither Wing
|-end|p1a: Slither Wing|Protosynthesis|[silent]
|drag|p1a: Jirachi|Jirachi|100/100
|move|p2a: Deoxys|Thunder Wave|p1a: Jirachi
|-status|p1a: Jirachi|par
|
|upkeep
|turn|2
|
|t:|1758937329
|move|p2a: Deoxys|Stealth Rock|p1a: Jirachi
|-sidestart|p1: Dxvofauni|move: Stealth Rock
|cant|p1a: Jirachi|par
|
|upkeep
|turn|3
|
|t:|1758937338
|move|p2a: Deoxys|Shadow Ball|p1a: Jirachi
|-supereffective|p1a: Jirachi
|-damage|p1a: Jirachi|52/100 par
|move|p1a: Jirachi|Drain Punch|p2a: Deoxys
|-supereffective|p2a: Deoxys
|-damage|p2a: Deoxys|0 fnt
|-heal|p1a: Jirachi|63/100 par|[from] drain|[of] p2a: Deoxys
|faint|p2a: Deoxys
|
|upkeep
|
|t:|1758937348
|switch|p2a: Iron Treads|Iron Treads|100/100
|turn|4
|
|t:|1758937351
|move|p2a: Iron Treads|Earthquake|p1a: Jirachi
|-supereffective|p1a: Jirachi
|-damage|p1a: Jirachi|0 fnt
|faint|p1a: Jirachi
|
|upkeep
|
|t:|1758937355
|switch|p1a: Mudsdale|Mudsdale, M|100/100
|-damage|p1a: Mudsdale|94/100|[from] Stealth Rock
|turn|5
|inactive|blazingvalkrie has 120 seconds left.
|
|t:|1758937394
|move|p2a: Iron Treads|Knock Off|p1a: Mudsdale
|-damage|p1a: Mudsdale|76/100
|-ability|p1a: Mudsdale|Stamina|boost
|-boost|p1a: Mudsdale|def|1
|-enditem|p1a: Mudsdale|Leftovers|[from] move: Knock Off|[of] p2a: Iron Treads
|move|p1a: Mudsdale|Earthquake|p2a: Iron Treads
|-supereffective|p2a: Iron Treads
|-damage|p2a: Iron Treads|44/100
|
|upkeep
|turn|6
|inactive|blazingvalkrie has 120 seconds left.
|
|t:|1758937407
|move|p2a: Iron Treads|Earthquake|p1a: Mudsdale
|-damage|p1a: Mudsdale|55/100
|-ability|p1a: Mudsdale|Stamina|boost
|-boost|p1a: Mudsdale|def|1
|move|p1a: Mudsdale|Body Press|p2a: Iron Treads
|-supereffective|p2a: Iron Treads
|-damage|p2a: Iron Treads|0 fnt
|faint|p2a: Iron Treads
|-end|p2a: Iron Treads|Quark Drive|[silent]
|
|upkeep
|inactive|blazingvalkrie has 120 seconds left.
|
|t:|1758937436
|switch|p2a: Iron Moth|Iron Moth, shiny|100/100
|turn|7
|
|t:|1758937444
|move|p2a: Iron Moth|Psychic|p1a: Mudsdale
|-damage|p1a: Mudsdale|18/100
|-ability|p1a: Mudsdale|Stamina|boost
|-boost|p1a: Mudsdale|def|1
|move|p1a: Mudsdale|Earthquake|p2a: Iron Moth
|-supereffective|p2a: Iron Moth
|-damage|p2a: Iron Moth|0 fnt
|faint|p2a: Iron Moth
|-end|p2a: Iron Moth|Quark Drive|[silent]
|
|upkeep
|
|t:|1758937449
|switch|p2a: Latias|Latias, F|100/100
|turn|8
|
|t:|1758937457
|move|p2a: Latias|Agility|p2a: Latias
|-boost|p2a: Latias|spe|2
|move|p1a: Mudsdale|Body Press|p2a: Latias
|-resisted|p2a: Latias
|-damage|p2a: Latias|74/100
|
|upkeep
|turn|9
|
|t:|1758937465
|move|p2a: Latias|Draining Kiss|p1a: Mudsdale
|-damage|p1a: Mudsdale|6/100
|-heal|p2a: Latias|85/100|[from] drain|[of] p1a: Mudsdale
|-ability|p1a: Mudsdale|Stamina|boost
|-boost|p1a: Mudsdale|def|1
|move|p1a: Mudsdale|Body Press|p2a: Latias
|-resisted|p2a: Latias
|-damage|p2a: Latias|53/100
|
|upkeep
|turn|10
|
|t:|1758937474
|move|p2a: Latias|Stored Power|p1a: Mudsdale
|-damage|p1a: Mudsdale|0 fnt
|faint|p1a: Mudsdale
|
|upkeep
|
|t:|1758937478
|switch|p1a: Slither Wing|Slither Wing|100/100
|-damage|p1a: Slither Wing|88/100|[from] Stealth Rock
|turn|11
|
|t:|1758937483
|move|p1a: Slither Wing|First Impression|p2a: Latias
|-supereffective|p2a: Latias
|-damage|p2a: Latias|0 fnt
|faint|p2a: Latias
|
|upkeep
|
|t:|1758937488
|switch|p2a: Haxorus|Haxorus, F, shiny|100/100
|-ability|p2a: Haxorus|Mold Breaker
|turn|12
|
|t:|1758937498
|move|p2a: Haxorus|Dragon Dance|p2a: Haxorus
|-boost|p2a: Haxorus|atk|1
|-boost|p2a: Haxorus|spe|1
|move|p1a: Slither Wing|Close Combat|p2a: Haxorus
|-damage|p2a: Haxorus|21/100
|-unboost|p1a: Slither Wing|def|1
|-unboost|p1a: Slither Wing|spd|1
|
|upkeep
|turn|13
|
|t:|1758937526
|-end|p1a: Slither Wing|Protosynthesis|[silent]
|switch|p1a: Ogerpon|Ogerpon-Wellspring, F|100/100
|-damage|p1a: Ogerpon|88/100|[from] Stealth Rock
|move|p2a: Haxorus|Dragon Claw|p1a: Ogerpon
|-damage|p1a: Ogerpon|0 fnt
|faint|p1a: Ogerpon
|
|upkeep
|
|t:|1758937536
|switch|p1a: Bombirdier|Bombirdier, F|100/100
|turn|14
|
|t:|1758937555
|move|p2a: Haxorus|First Impression||[still]
|-hint|First Impression only works on your first turn out.
|-fail|p2a: Haxorus
|move|p1a: Bombirdier|Sucker Punch||[still]
|-fail|p1a: Bombirdier
|
|upkeep
|turn|15
|
|t:|1758937571
|move|p1a: Bombirdier|Sucker Punch|p2a: Haxorus
|-damage|p2a: Haxorus|0 fnt
|faint|p2a: Haxorus
|
|upkeep
|
|t:|1758937576
|switch|p2a: Scizor|Scizor, M|100/100
|turn|16
|
|t:|1758937581
|move|p1a: Bombirdier|Foul Play|p2a: Scizor
|-damage|p2a: Scizor|50/100
|move|p2a: Scizor|Swords Dance|p2a: Scizor
|-boost|p2a: Scizor|atk|2
|
|upkeep
|turn|17
|
|t:|1758937600
|move|p2a: Scizor|Bullet Punch|p1a: Bombirdier
|-crit|p1a: Bombirdier
|-damage|p1a: Bombirdier|0 fnt
|faint|p1a: Bombirdier
|-damage|p2a: Scizor|40/100|[from] item: Life Orb
|
|upkeep
|
|t:|1758937604
|switch|p1a: Kilowattrel|Kilowattrel, M|100/100
|turn|18
|
|t:|1758937607
|move|p2a: Scizor|Bullet Punch|p1a: Kilowattrel
|-resisted|p1a: Kilowattrel
|-damage|p1a: Kilowattrel|16/100
|-damage|p2a: Scizor|30/100|[from] item: Life Orb
|move|p1a: Kilowattrel|Thunderbolt|p2a: Scizor
|-damage|p2a: Scizor|0 fnt
|faint|p2a: Scizor
|
|win|Dxvofauni
|raw|Dxvofauni's rating: 1357 &rarr; <strong>1380</strong><br />(+23 for winning)
|raw|blazingvalkrie's rating: 1405 &rarr; <strong>1382</strong><br />(-23 for losing)
|l|☆blazingvalkrie
|player|p2|
|l|☆Dxvofauni
|player|p1|
