|j|☆Redoranges101
|j|☆sprunkysprunky
|t:|1759068999
|gametype|singles
|player|p1|Redoranges101|170|1500
|player|p2|sprunkysprunky|cyrus|1449
|gen|9
|tier|[Gen 9] OU
|rated|
|rule|HP Percentage Mod: HP is shown in percentages
|rule|Endless Battle Clause: Forcing endless battles is banned
|rule|Species Clause: Limit one of each Pokémon
|rule|OHKO Clause: OHKO moves are banned
|rule|Evasion Items Clause: Evasion items are banned
|rule|Evasion Moves Clause: Evasion moves are banned
|rule|Evasion Abilities Clause: Evasion abilities are banned
|rule|Sleep Moves Clause: Sleep-inducing moves are banned
|clearpoke
|poke|p1|Deoxys-Speed|
|poke|p1|Samurott-Hisui, M|
|poke|p1|Great Tusk|
|poke|p1|Scizor, F|
|poke|p1|Hatterene, F|
|poke|p1|Dragonite, M|
|poke|p2|Serperior, F|
|poke|p2|Jirachi|
|poke|p2|Maushold|
|poke|p2|Great Tusk|
|poke|p2|Dragonite, F|
|poke|p2|Polteageist|
|teampreview
|inactive|Battle timer is ON: inactive players will automatically lose when time's up. (requested by Redoranges101)
|
|t:|1759069003
|teamsize|p1|6
|teamsize|p2|6
|start
|switch|p1a: Daddy Longlegs|Deoxys-Speed|100/100
|switch|p2a: Butterscotch|Jirachi|100/100
|-ability|p1a: Daddy Longlegs|Pressure
|turn|1
|
|t:|1759069006
|move|p1a: Daddy Longlegs|Knock Off|p2a: Butterscotch
|-supereffective|p2a: Butterscotch
|-damage|p2a: Butterscotch|57/100
|-enditem|p2a: Butterscotch|Focus Sash|[from] move: Knock Off|[of] p1a: Daddy Longlegs
|move|p2a: Butterscotch|Thunder Wave|p1a: Daddy Longlegs
|-status|p1a: Daddy Longlegs|par
|
|upkeep
|turn|2
|
|t:|1759069015
|move|p2a: Butterscotch|Stealth Rock|p1a: Daddy Longlegs
|-sidestart|p1: Redoranges101|move: Stealth Rock
|move|p1a: Daddy Longlegs|Stealth Rock|p2a: Butterscotch
|-sidestart|p2: sprunkysprunky|move: Stealth Rock
|
|upkeep
|turn|3
|
|t:|1759069024
|move|p2a: Butterscotch|Iron Head|p1a: Daddy Longlegs
|-damage|p1a: Daddy Longlegs|63/100 par
|cant|p1a: Daddy Longlegs|par
|
|upkeep
|turn|4
|
|t:|1759069029
|move|p2a: Butterscotch|Iron Head|p1a: Daddy Longlegs
|-damage|p1a: Daddy Longlegs|28/100 par
|cant|p1a: Daddy Longlegs|par
|
|upkeep
|turn|5
|
|t:|1759069032
|move|p2a: Butterscotch|Iron Head|p1a: Daddy Longlegs
|-damage|p1a: Daddy Longlegs|0 fnt
|faint|p1a: Daddy Longlegs
|
|upkeep
|
|t:|1759069036
|switch|p1a: Zelephant|Great Tusk|100/100
|-damage|p1a: Zelephant|98/100|[from] Stealth Rock
|turn|6
|
|t:|1759069041
|switch|p2a: Spud|Great Tusk|100/100
|move|p1a: Zelephant|Rapid Spin|p2a: Spud
|-damage|p2a: Spud|90/100
|-boost|p1a: Zelephant|spe|1
|-sideend|p1: Redoranges101|Stealth Rock|[from] move: Rapid Spin|[of] p1a: Zelephant
|
|upkeep
|turn|7
|
|t:|1759069051
|move|p1a: Zelephant|Ice Spinner|p2a: Spud
|-supereffective|p2a: Spud
|-damage|p2a: Spud|59/100
|move|p2a: Spud|Rapid Spin|p1a: Zelephant
|-damage|p1a: Zelephant|87/100
|-boost|p2a: Spud|spe|1
|-damage|p2a: Spud|43/100|[from] item: Rocky Helmet|[of] p1a: Zelephant
|-sideend|p2: sprunkysprunky|Stealth Rock|[from] move: Rapid Spin|[of] p2a: Spud
|
|upkeep
|turn|8
|
|t:|1759069062
|move|p1a: Zelephant|Ice Spinner|p2a: Spud
|-supereffective|p2a: Spud
|-damage|p2a: Spud|7/100
|move|p2a: Spud|Bulk Up|p2a: Spud
|-boost|p2a: Spud|atk|1
|-boost|p2a: Spud|def|1
|
|upkeep
|turn|9
|
|t:|1759069068
|move|p2a: Spud|Earthquake|p1a: Zelephant
|-damage|p1a: Zelephant|39/100
|move|p1a: Zelephant|Ice Spinner|p2a: Spud
|-supereffective|p2a: Spud
|-damage|p2a: Spud|0 fnt
|faint|p2a: Spud
|-end|p2a: Spud|Protosynthesis|[silent]
|
|upkeep
|
|t:|1759069074
|switch|p2a: Ginseng|Serperior, F|100/100
|turn|10
|
|t:|1759069080
|move|p1a: Zelephant|Ice Spinner|p2a: Ginseng
|-supereffective|p2a: Ginseng
|-damage|p2a: Ginseng|39/100
|move|p2a: Ginseng|Leaf Storm|p1a: Zelephant|[miss]
|-miss|p2a: Ginseng|p1a: Zelephant
|
|-heal|p2a: Ginseng|45/100|[from] item: Leftovers
|upkeep
|turn|11
|
|t:|1759069088
|switch|p2a: Hot Plate|Dragonite, F|100/100
|move|p1a: Zelephant|Ice Spinner|p2a: Hot Plate
|-supereffective|p2a: Hot Plate
|-damage|p2a: Hot Plate|52/100
|
|upkeep
|turn|12
|
|t:|1759069091
|move|p1a: Zelephant|Ice Spinner|p2a: Hot Plate
|-supereffective|p2a: Hot Plate
|-damage|p2a: Hot Plate|0 fnt
|faint|p2a: Hot Plate
|
|upkeep
|
|t:|1759069093
|switch|p2a: Biscuit|Polteageist|100/100
|turn|13
|
|t:|1759069095
|move|p1a: Zelephant|Knock Off|p2a: Biscuit
|-supereffective|p2a: Biscuit
|-enditem|p2a: Biscuit|Focus Sash
|-damage|p2a: Biscuit|1/100
|-ability|p2a: Biscuit|Weak Armor|boost
|-unboost|p2a: Biscuit|def|1
|-boost|p2a: Biscuit|spe|2
|move|p2a: Biscuit|Shell Smash|p2a: Biscuit
|-unboost|p2a: Biscuit|def|1
|-unboost|p2a: Biscuit|spd|1
|-boost|p2a: Biscuit|atk|2
|-boost|p2a: Biscuit|spa|2
|-boost|p2a: Biscuit|spe|2
|
|upkeep
|turn|14
|
|t:|1759069099
|move|p2a: Biscuit|Giga Drain|p1a: Zelephant
|-supereffective|p1a: Zelephant
|-damage|p1a: Zelephant|0 fnt
|-heal|p2a: Biscuit|33/100|[from] drain|[of] p1a: Zelephant
|faint|p1a: Zelephant
|-end|p1a: Zelephant|Protosynthesis|[silent]
|
|upkeep
|
|t:|1759069101
|switch|p1a: 007|Samurott-Hisui, M|100/100
|turn|15
|
|t:|1759069103
|move|p1a: 007|Sucker Punch||[still]
|-fail|p1a: 007
|move|p2a: Biscuit|Shell Smash|p2a: Biscuit
|-unboost|p2a: Biscuit|def|1
|-unboost|p2a: Biscuit|spd|1
|-boost|p2a: Biscuit|atk|2
|-boost|p2a: Biscuit|spa|2
|-boost|p2a: Biscuit|spe|2
|
|upkeep
|turn|16
|
|t:|1759069105
|move|p1a: 007|Sucker Punch||[still]
|-fail|p1a: 007
|move|p2a: Biscuit|Shell Smash|p2a: Biscuit
|-unboost|p2a: Biscuit|def|1
|-unboost|p2a: Biscuit|spd|1
|-boost|p2a: Biscuit|atk|2
|-boost|p2a: Biscuit|spa|2
|-boost|p2a: Biscuit|spe|0
|
|upkeep
|turn|17
|
|t:|1759069106
|move|p1a: 007|Sucker Punch||[still]
|-fail|p1a: 007
|move|p2a: Biscuit|Shell Smash|p2a: Biscuit
|-unboost|p2a: Biscuit|def|1
|-unboost|p2a: Biscuit|spd|1
|-boost|p2a: Biscuit|atk|0
|-boost|p2a: Biscuit|spa|0
|-boost|p2a: Biscuit|spe|0
|
|upkeep
|turn|18
|
|t:|1759069108
|move|p2a: Biscuit|Shell Smash|p2a: Biscuit
|-unboost|p2a: Biscuit|def|1
|-unboost|p2a: Biscuit|spd|1
|-boost|p2a: Biscuit|atk|0
|-boost|p2a: Biscuit|spa|0
|-boost|p2a: Biscuit|spe|0
|move|p1a: 007|Ceaseless Edge|p2a: Biscuit|[miss]
|-miss|p1a: 007|p2a: Biscuit
|
|upkeep
|turn|19
|
|t:|1759069111
|move|p1a: 007|Sucker Punch||[still]
|-fail|p1a: 007
|move|p2a: Biscuit|Shell Smash|p2a: Biscuit
|-unboost|p2a: Biscuit|def|0
|-unboost|p2a: Biscuit|spd|1
|-boost|p2a: Biscuit|atk|0
|-boost|p2a: Biscuit|spa|0
|-boost|p2a: Biscuit|spe|0
|
|upkeep
|turn|20
|
|t:|1759069112
|move|p1a: 007|Sucker Punch|p2a: Biscuit
|-supereffective|p2a: Biscuit
|-damage|p2a: Biscuit|0 fnt
|faint|p2a: Biscuit
|
|upkeep
|
|t:|1759069118
|switch|p2a: Ginseng|Serperior, F|45/100
|turn|21
|
|t:|1759069123
|move|p2a: Ginseng|Glare|p1a: 007
|-status|p1a: 007|par
|cant|p1a: 007|par
|
|-heal|p2a: Ginseng|51/100|[from] item: Leftovers
|upkeep
|turn|22
|
|t:|1759069125
|move|p1a: 007|Sucker Punch||[still]
|-fail|p1a: 007
|move|p2a: Ginseng|Substitute|p2a: Ginseng
|-start|p2a: Ginseng|Substitute
|-damage|p2a: Ginseng|26/100
|
|-heal|p2a: Ginseng|32/100|[from] item: Leftovers
|upkeep
|turn|23
|
|t:|1759069129
|move|p2a: Ginseng|Leaf Storm|p1a: 007
|-supereffective|p1a: 007
|-damage|p1a: 007|0 fnt
|-boost|p2a: Ginseng|spa|2
|faint|p1a: 007
|
|-heal|p2a: Ginseng|39/100|[from] item: Leftovers
|upkeep
|
|t:|1759069145
|switch|p1a: Hair Sniffer|Hatterene, F|100/100
|turn|24
|
|t:|1759069149
|move|p2a: Ginseng|Leaf Storm|p1a: Hair Sniffer
|-damage|p1a: Hair Sniffer|39/100
|-boost|p2a: Ginseng|spa|2
|move|p1a: Hair Sniffer|Mystical Fire|p2a: Ginseng
|-supereffective|p2a: Ginseng
|-end|p2a: Ginseng|Substitute
|
|-heal|p2a: Ginseng|45/100|[from] item: Leftovers
|upkeep
|turn|25
|
|t:|1759069154
|move|p2a: Ginseng|Leaf Storm|p1a: Hair Sniffer|[miss]
|-miss|p2a: Ginseng|p1a: Hair Sniffer
|move|p1a: Hair Sniffer|Mystical Fire|p2a: Ginseng
|-supereffective|p2a: Ginseng
|-damage|p2a: Ginseng|0 fnt
|faint|p2a: Ginseng
|
|upkeep
|
|t:|1759069158
|switch|p2a: Butterscotch|Jirachi|57/100
|turn|26
|
|t:|1759069160
|move|p2a: Butterscotch|Iron Head|p1a: Hair Sniffer
|-supereffective|p1a: Hair Sniffer
|-damage|p1a: Hair Sniffer|0 fnt
|faint|p1a: Hair Sniffer
|
|upkeep
|
|t:|1759069168
|switch|p1a: Dragonite|Dragonite, M|100/100
|turn|27
|
|t:|1759069172
|move|p2a: Butterscotch|Thunder Wave|p1a: Dragonite
|-status|p1a: Dragonite|par
|move|p1a: Dragonite|Earthquake|p2a: Butterscotch
|-supereffective|p2a: Butterscotch
|-damage|p2a: Butterscotch|0 fnt
|faint|p2a: Butterscotch
|
|upkeep
|
|t:|1759069174
|switch|p2a: Croquette|Maushold|100/100
|turn|28
|
|t:|1759069183
|move|p2a: Croquette|Tidy Up|p2a: Croquette
|-boost|p2a: Croquette|atk|1
|-boost|p2a: Croquette|spe|1
|move|p1a: Dragonite|Encore|p2a: Croquette
|-start|p2a: Croquette|Encore
|
|upkeep
|turn|29
|
|t:|1759069189
|switch|p1a: The Throngler|Scizor, F|100/100
|move|p2a: Croquette|Tidy Up|p2a: Croquette
|-boost|p2a: Croquette|atk|1
|-boost|p2a: Croquette|spe|1
|
|upkeep
|turn|30
|-message|sprunkysprunky forfeited.
|
|win|Redoranges101
|raw|Redoranges101's rating: 1500 &rarr; <strong>1517</strong><br />(+17 for winning)
|raw|sprunkysprunky's rating: 1449 &rarr; <strong>1432</strong><br />(-17 for losing)
|l|☆sprunkysprunky
|player|p2|
|l|☆Redoranges101
|player|p1|
