|j|☆hiatus1213
|j|☆watttt
|t:|1758995696
|gametype|singles
|player|p1|hiatus1213|burglar|1317
|player|p2|watttt|266|1344
|gen|9
|tier|[Gen 9] OU
|rated|
|rule|HP Percentage Mod: HP is shown in percentages
|rule|Endless Battle Clause: Forcing endless battles is banned
|rule|Species Clause: Limit one of each Pokémon
|rule|OHKO Clause: OHKO moves are banned
|rule|Evasion Items Clause: Evasion items are banned
|rule|Evasion Moves Clause: Evasion moves are banned
|rule|Evasion Abilities Clause: Evasion abilities are banned
|rule|Sleep Moves Clause: Sleep-inducing moves are banned
|clearpoke
|poke|p1|Slowking-Galar, F|
|poke|p1|Alomomola, F|
|poke|p1|Cinderace, M|
|poke|p1|Thundurus-Therian, M|
|poke|p1|Iron Valiant|
|poke|p1|Kingambit, M|
|poke|p2|Great Tusk|
|poke|p2|Kingambit, F|
|poke|p2|Zapdos|
|poke|p2|Ogerpon-Wellspring, F|
|poke|p2|Maushold-Four|
|poke|p2|Iron Valiant|
|teampreview
|inactive|Battle timer is ON: inactive players will automatically lose when time's up. (requested by hiatus1213)
|
|t:|1758995715
|teamsize|p1|6
|teamsize|p2|6
|start
|switch|p1a: Thundurus|Thundurus-Therian, M|100/100
|switch|p2a: Iron Valiant|Iron Valiant|100/100
|-enditem|p2a: Iron Valiant|Booster Energy
|-activate|p2a: Iron Valiant|ability: Quark Drive|[fromitem]
|-start|p2a: Iron Valiant|quarkdrivespe
|turn|1
|
|t:|1758995723
|move|p2a: Iron Valiant|Calm Mind|p2a: Iron Valiant
|-boost|p2a: Iron Valiant|spa|1
|-boost|p2a: Iron Valiant|spd|1
|move|p1a: Thundurus|Volt Switch|p2a: Iron Valiant
|-damage|p2a: Iron Valiant|29/100
|
|t:|1758995736
|switch|p1a: Iron Valiant|Iron Valiant|100/100|[from] Volt Switch
|-enditem|p1a: Iron Valiant|Booster Energy
|-activate|p1a: Iron Valiant|ability: Quark Drive|[fromitem]
|-start|p1a: Iron Valiant|quarkdrivespe
|
|upkeep
|turn|2
|
|t:|1758995747
|move|p2a: Iron Valiant|Moonblast|p1a: Iron Valiant
|-supereffective|p1a: Iron Valiant
|-damage|p1a: Iron Valiant|0 fnt
|faint|p1a: Iron Valiant
|-end|p1a: Iron Valiant|Quark Drive|[silent]
|
|upkeep
|
|t:|1758995753
|switch|p1a: Slowking|Slowking-Galar, F|100/100
|turn|3
|
|t:|1758995758
|move|p2a: Iron Valiant|Thunderbolt|p1a: Slowking
|-damage|p1a: Slowking|73/100
|move|p1a: Slowking|Future Sight|p2a: Iron Valiant
|-start|p1a: Slowking|move: Future Sight
|
|-heal|p1a: Slowking|79/100|[from] item: Black Sludge
|upkeep
|turn|4
|
|t:|1758995765
|move|p2a: Iron Valiant|Calm Mind|p2a: Iron Valiant
|-boost|p2a: Iron Valiant|spa|1
|-boost|p2a: Iron Valiant|spd|1
|-prepare|p1a: Slowking|Chilly Reception|[premajor]
|move|p1a: Slowking|Chilly Reception|p1a: Slowking
|-weather|Snowscape
|
|t:|1758995772
|switch|p1a: Alomomola|Alomomola, F|100/100|[from] Chilly Reception
|
|-weather|Snowscape|[upkeep]
|upkeep
|turn|5
|
|t:|1758995778
|move|p1a: Alomomola|Protect|p1a: Alomomola
|-singleturn|p1a: Alomomola|Protect
|move|p2a: Iron Valiant|Thunderbolt|p1a: Alomomola
|-activate|p1a: Alomomola|move: Protect
|
|-weather|Snowscape|[upkeep]
|-end|p2a: Iron Valiant|move: Future Sight
|-supereffective|p2a: Iron Valiant
|-damage|p2a: Iron Valiant|0 fnt
|faint|p2a: Iron Valiant
|-end|p2a: Iron Valiant|Quark Drive|[silent]
|upkeep
|
|t:|1758995795
|switch|p2a: Great Tusk|Great Tusk|100/100
|turn|6
|
|t:|1758995799
|-end|p2a: Great Tusk|Protosynthesis|[silent]
|switch|p2a: Ogerpon|Ogerpon-Wellspring, F|100/100
|move|p1a: Alomomola|Scald|p2a: Ogerpon
|-immune|p2a: Ogerpon|[from] ability: Water Absorb
|
|-weather|Snowscape|[upkeep]
|upkeep
|turn|7
|
|t:|1758995806
|switch|p1a: Thundurus|Thundurus-Therian, M|100/100
|move|p2a: Ogerpon|Swords Dance|p2a: Ogerpon
|-boost|p2a: Ogerpon|atk|2
|
|-weather|Snowscape|[upkeep]
|upkeep
|turn|8
|
|t:|1758995812
|move|p2a: Ogerpon|Ivy Cudgel|p1a: Thundurus|[anim] Ivy Cudgel Water
|-crit|p1a: Thundurus
|-damage|p1a: Thundurus|0 fnt
|faint|p1a: Thundurus
|
|-weather|none
|upkeep
|
|t:|1758995815
|switch|p1a: Cinderace|Cinderace, M|100/100
|turn|9
|
|t:|1758995822
|move|p1a: Cinderace|U-turn|p2a: Ogerpon
|-start|p1a: Cinderace|typechange|Bug|[from] ability: Libero
|-supereffective|p2a: Ogerpon
|-damage|p2a: Ogerpon|24/100
|
|t:|1758995828
|switch|p1a: Slowking|Slowking-Galar, F|100/100|[from] U-turn
|move|p2a: Ogerpon|Ivy Cudgel|p1a: Slowking|[anim] Ivy Cudgel Water
|-damage|p1a: Slowking|7/100
|
|-heal|p1a: Slowking|13/100|[from] item: Black Sludge
|upkeep
|turn|10
|
|t:|1758995835
|move|p2a: Ogerpon|Horn Leech|p1a: Slowking
|-resisted|p1a: Slowking
|-damage|p1a: Slowking|0 fnt
|-heal|p2a: Ogerpon|31/100|[from] drain|[of] p1a: Slowking
|faint|p1a: Slowking
|
|upkeep
|
|t:|1758995838
|switch|p1a: Cinderace|Cinderace, M|100/100
|turn|11
|
|t:|1758995842
|move|p1a: Cinderace|U-turn|p2a: Ogerpon
|-start|p1a: Cinderace|typechange|Bug|[from] ability: Libero
|-supereffective|p2a: Ogerpon
|-damage|p2a: Ogerpon|0 fnt
|faint|p2a: Ogerpon
|
|t:|1758995849
|switch|p1a: Alomomola|Alomomola, F|100/100|[from] U-turn
|
|upkeep
|
|t:|1758995865
|switch|p2a: Zapdos|Zapdos|100/100
|turn|12
|
|t:|1758995872
|move|p2a: Zapdos|Discharge|p1a: Alomomola
|-supereffective|p1a: Alomomola
|-damage|p1a: Alomomola|28/100
|move|p1a: Alomomola|Flip Turn|p2a: Zapdos
|-damage|p2a: Zapdos|86/100
|-damage|p1a: Alomomola|12/100|[from] item: Rocky Helmet|[of] p2a: Zapdos
|
|t:|1758995879
|switch|p1a: Cinderace|Cinderace, M|100/100|[from] Flip Turn
|
|upkeep
|turn|13
|
|t:|1758995886
|move|p1a: Cinderace|Pyro Ball|p2a: Zapdos
|-damage|p2a: Zapdos|29/100
|move|p2a: Zapdos|Roost|p2a: Zapdos
|-heal|p2a: Zapdos|79/100
|-singleturn|p2a: Zapdos|move: Roost
|
|upkeep
|turn|14
|
|t:|1758995892
|move|p1a: Cinderace|Pyro Ball|p2a: Zapdos
|-damage|p2a: Zapdos|22/100
|move|p2a: Zapdos|Discharge|p1a: Cinderace
|-damage|p1a: Cinderace|41/100
|
|upkeep
|turn|15
|
|t:|1758995898
|move|p1a: Cinderace|Pyro Ball|p2a: Zapdos
|-damage|p2a: Zapdos|0 fnt
|faint|p2a: Zapdos
|
|upkeep
|
|t:|1758995910
|switch|p2a: Kingambit|Kingambit, F|100/100
|turn|16
|
|t:|1758995913
|move|p2a: Kingambit|Sucker Punch||[still]
|-fail|p2a: Kingambit
|move|p1a: Cinderace|Will-O-Wisp|p2a: Kingambit
|-status|p2a: Kingambit|brn
|
|-damage|p2a: Kingambit|94/100 brn|[from] brn
|upkeep
|turn|17
|
|t:|1758995918
|move|p2a: Kingambit|Sucker Punch|p1a: Cinderace
|-damage|p1a: Cinderace|3/100
|-damage|p2a: Kingambit|84/100 brn|[from] item: Life Orb
|move|p1a: Cinderace|U-turn|p2a: Kingambit
|-start|p1a: Cinderace|typechange|Bug|[from] ability: Libero
|-damage|p2a: Kingambit|61/100 brn
|
|t:|1758995930
|switch|p1a: Alomomola|Alomomola, F|45/100|[from] U-turn
|
|-damage|p2a: Kingambit|54/100 brn|[from] brn
|upkeep
|turn|18
|
|t:|1758995939
|move|p1a: Alomomola|Wish|p1a: Alomomola
|move|p2a: Kingambit|Swords Dance|p2a: Kingambit
|-boost|p2a: Kingambit|atk|2
|
|-damage|p2a: Kingambit|48/100 brn|[from] brn
|upkeep
|turn|19
|
|t:|1758995943
|move|p1a: Alomomola|Flip Turn|p2a: Kingambit
|-crit|p2a: Kingambit
|-damage|p2a: Kingambit|31/100 brn
|
|t:|1758995950
|switch|p1a: Kingambit|Kingambit, M|100/100|[from] Flip Turn
|-activate|p1a: Kingambit|ability: Supreme Overlord
|-start|p1a: Kingambit|fallen3|[silent]
|-item|p1a: Kingambit|Air Balloon
|move|p2a: Kingambit|Swords Dance|p2a: Kingambit
|-boost|p2a: Kingambit|atk|2
|
|-damage|p2a: Kingambit|25/100 brn|[from] brn
|upkeep
|turn|20
|
|t:|1758995963
|-end|p1a: Kingambit|fallen3|[silent]
|switch|p1a: Alomomola|Alomomola, F|78/100
|move|p2a: Kingambit|Iron Head|p1a: Alomomola
|-resisted|p1a: Alomomola
|-damage|p1a: Alomomola|48/100
|-damage|p2a: Kingambit|8/100 brn|[from] item: Rocky Helmet|[of] p1a: Alomomola
|-damage|p2a: Kingambit|0 fnt|[from] item: Life Orb
|faint|p2a: Kingambit
|
|upkeep
|
|t:|1758995979
|switch|p2a: Great Tusk|Great Tusk|100/100
|turn|21
|l|☆watttt
|inactive|watttt disconnected and has a minute to reconnect!
|player|p2|
|j|☆watttt
|inactive|watttt reconnected and has 115 seconds left.
|player|p2|watttt|266|
|inactive|watttt has 90 seconds left.
|
|t:|1758996043
|move|p2a: Great Tusk|Headlong Rush|p1a: Alomomola
|-damage|p1a: Alomomola|8/100
|-unboost|p2a: Great Tusk|def|1
|-unboost|p2a: Great Tusk|spd|1
|-damage|p2a: Great Tusk|84/100|[from] item: Rocky Helmet|[of] p1a: Alomomola
|move|p1a: Alomomola|Wish|p1a: Alomomola
|
|upkeep
|turn|22
|
|t:|1758996050
|move|p1a: Alomomola|Protect|p1a: Alomomola
|-singleturn|p1a: Alomomola|Protect
|move|p2a: Great Tusk|Bulk Up|p2a: Great Tusk
|-boost|p2a: Great Tusk|atk|1
|-boost|p2a: Great Tusk|def|1
|
|-heal|p1a: Alomomola|58/100|[from] move: Wish|[wisher] Alomomola
|upkeep
|turn|23
|
|t:|1758996059
|move|p2a: Great Tusk|Headlong Rush|p1a: Alomomola
|-damage|p1a: Alomomola|0 fnt
|-unboost|p2a: Great Tusk|def|1
|-unboost|p2a: Great Tusk|spd|1
|-damage|p2a: Great Tusk|68/100|[from] item: Rocky Helmet|[of] p1a: Alomomola
|faint|p1a: Alomomola
|
|upkeep
|
|t:|1758996065
|switch|p1a: Cinderace|Cinderace, M|3/100
|turn|24
|
|t:|1758996070
|move|p1a: Cinderace|Will-O-Wisp|p2a: Great Tusk
|-status|p2a: Great Tusk|brn
|move|p2a: Great Tusk|Knock Off|p1a: Cinderace
|-damage|p1a: Cinderace|0 fnt
|-enditem|p1a: Cinderace|Heavy-Duty Boots|[from] move: Knock Off|[of] p2a: Great Tusk
|faint|p1a: Cinderace
|
|-damage|p2a: Great Tusk|61/100 brn|[from] brn
|upkeep
|
|t:|1758996073
|switch|p1a: Kingambit|Kingambit, M|100/100
|-activate|p1a: Kingambit|ability: Supreme Overlord
|-start|p1a: Kingambit|fallen5|[silent]
|-item|p1a: Kingambit|Air Balloon
|turn|25
|
|t:|1758996081
|-terastallize|p1a: Kingambit|Fairy
|move|p2a: Great Tusk|Close Combat|p1a: Kingambit
|-resisted|p1a: Kingambit
|-damage|p1a: Kingambit|82/100
|-unboost|p2a: Great Tusk|def|1
|-unboost|p2a: Great Tusk|spd|1
|-enditem|p1a: Kingambit|Air Balloon
|move|p1a: Kingambit|Swords Dance|p1a: Kingambit
|-boost|p1a: Kingambit|atk|2
|
|-damage|p2a: Great Tusk|55/100 brn|[from] brn
|upkeep
|turn|26
|
|t:|1758996094
|move|p2a: Great Tusk|Headlong Rush|p1a: Kingambit
|-damage|p1a: Kingambit|45/100
|-unboost|p2a: Great Tusk|def|1
|-unboost|p2a: Great Tusk|spd|1
|move|p1a: Kingambit|Kowtow Cleave|p2a: Great Tusk
|-resisted|p2a: Great Tusk
|-damage|p2a: Great Tusk|0 fnt
|-damage|p1a: Kingambit|28/100|[from] item: Rocky Helmet|[of] p2a: Great Tusk
|faint|p2a: Great Tusk
|-end|p2a: Great Tusk|Protosynthesis|[silent]
|
|upkeep
|
|t:|1758996099
|switch|p2a: Maushold|Maushold-Four|100/100
|turn|27
|
|t:|1758996102
|move|p2a: Maushold|Encore|p1a: Kingambit
|-start|p1a: Kingambit|Encore
|move|p1a: Kingambit|Kowtow Cleave|p2a: Maushold
|-damage|p2a: Maushold|0 fnt
|faint|p2a: Maushold
|
|win|hiatus1213
|raw|hiatus1213's rating: 1317 &rarr; <strong>1339</strong><br />(+22 for winning)
|raw|watttt's rating: 1344 &rarr; <strong>1322</strong><br />(-22 for losing)
|l|☆watttt
|player|p2|
