|j|☆how play pkm
|j|☆SValore
|inactive|Battle timer is ON: inactive players will automatically lose when time's up.
|t:|1759041704
|gametype|singles
|player|p1|how play pkm|#bltxiipangoros|
|player|p2|SValore|266|
|gen|9
|tier|[Gen 9] OU
|rated|Tournament battle
|rule|HP Percentage Mod: HP is shown in percentages
|rule|Endless Battle Clause: Forcing endless battles is banned
|rule|Species Clause: Limit one of each Pokémon
|rule|OHKO Clause: OHKO moves are banned
|rule|Evasion Items Clause: Evasion items are banned
|rule|Evasion Moves Clause: Evasion moves are banned
|rule|Evasion Abilities Clause: Evasion abilities are banned
|rule|Sleep Moves Clause: Sleep-inducing moves are banned
|clearpoke
|poke|p1|Meowscarada, F|
|poke|p1|Dragapult, F|
|poke|p1|Iron Treads|
|poke|p1|Weezing-Galar, F|
|poke|p1|Primarina, M|
|poke|p1|Kingambit, M|
|poke|p2|Dragonite, M|
|poke|p2|Meowscarada, F|
|poke|p2|Slowking, F|
|poke|p2|Great Tusk|
|poke|p2|Kingambit, M|
|poke|p2|Cinderace, F|
|teampreview
|j|*Lady Monita ☀
|inactive|how play pkm also wants the timer to be on.
|c|☆how play pkm|showdown
|c|☆SValore|downshow
|
|t:|1759041722
|teamsize|p1|6
|teamsize|p2|6
|start
|switch|p1a: Dragapult|Dragapult, F|100/100
|switch|p2a: Meowscarada|Meowscarada, F, shiny|100/100
|turn|1
|
|t:|1759041727
|switch|p1a: Weezing|Weezing-Galar, F|100/100
|move|p2a: Meowscarada|Knock Off|p1a: Weezing
|-start|p2a: Meowscarada|typechange|Dark|[from] ability: Protean
|-resisted|p1a: Weezing
|-damage|p1a: Weezing|86/100
|-damage|p2a: Meowscarada|84/100|[from] item: Rocky Helmet|[of] p1a: Weezing
|-enditem|p1a: Weezing|Rocky Helmet|[from] move: Knock Off|[of] p2a: Meowscarada
|
|upkeep
|turn|2
|
|t:|1759041738
|switch|p2a: Slowking|Slowking, F, shiny|100/100
|switch|p1a: Meowscarada|Meowscarada, F|100/100
|
|upkeep
|turn|3
|
|t:|1759041753
|switch|p2a: Cinderace|Cinderace, F|100/100
|move|p1a: Meowscarada|U-turn|p2a: Cinderace
|-start|p1a: Meowscarada|typechange|Bug|[from] ability: Protean
|-resisted|p2a: Cinderace
|-damage|p2a: Cinderace|80/100
|
|t:|1759041757
|switch|p1a: Dragapult|Dragapult, F|100/100|[from] U-turn
|
|upkeep
|turn|4
|
|t:|1759041767
|switch|p2a: Slowking|Slowking, F, shiny|100/100
|move|p1a: Dragapult|Draco Meteor|p2a: Slowking
|-damage|p2a: Slowking|55/100
|-unboost|p1a: Dragapult|spa|2
|
|upkeep
|turn|5
|
|t:|1759041776
|move|p1a: Dragapult|Draco Meteor|p2a: Slowking|[miss]
|-miss|p1a: Dragapult|p2a: Slowking
|move|p2a: Slowking|Future Sight|p1a: Dragapult
|-start|p2a: Slowking|move: Future Sight
|
|upkeep
|turn|6
|
|t:|1759041779
|switch|p1a: Primarina|Primarina, M|100/100
|-prepare|p2a: Slowking|Chilly Reception|[premajor]
|move|p2a: Slowking|Chilly Reception|p2a: Slowking
|-weather|Snowscape
|
|t:|1759041783
|switch|p2a: Meowscarada|Meowscarada, F, shiny|84/100|[from] Chilly Reception
|
|-weather|Snowscape|[upkeep]
|upkeep
|turn|7
|
|t:|1759041788
|move|p2a: Meowscarada|Flower Trick|p1a: Primarina
|-start|p2a: Meowscarada|typechange|Grass|[from] ability: Protean
|-supereffective|p1a: Primarina
|-crit|p1a: Primarina
|-damage|p1a: Primarina|0 fnt
|faint|p1a: Primarina
|
|-weather|Snowscape|[upkeep]
|-hint|Future Sight did not hit because the target is fainted.
|upkeep
|
|t:|1759041792
|switch|p1a: Dragapult|Dragapult, F|100/100
|turn|8
|c|☆SValore|that is a very offensive prima
|
|t:|1759041821
|switch|p2a: Slowking|Slowking, F, shiny|89/100
|move|p1a: Dragapult|Shadow Ball|p2a: Slowking
|-supereffective|p2a: Slowking
|-damage|p2a: Slowking|26/100
|
|-weather|Snowscape|[upkeep]
|upkeep
|turn|9
|
|t:|1759041833
|move|p1a: Dragapult|Shadow Ball|p2a: Slowking
|-supereffective|p2a: Slowking
|-damage|p2a: Slowking|0 fnt
|faint|p2a: Slowking
|
|-weather|Snowscape|[upkeep]
|upkeep
|
|t:|1759041836
|switch|p2a: Meowscarada|Meowscarada, F, shiny|84/100
|turn|10
|
|t:|1759041840
|switch|p1a: Weezing|Weezing-Galar, F|86/100
|move|p2a: Meowscarada|Triple Axel|p1a: Weezing
|-start|p2a: Meowscarada|typechange|Ice|[from] ability: Protean
|-damage|p1a: Weezing|80/100
|-damage|p1a: Weezing|69/100
|-damage|p1a: Weezing|49/100
|-hitcount|p1a: Weezing|3
|
|-weather|none
|upkeep
|turn|11
|
|t:|1759041851
|switch|p2a: Cinderace|Cinderace, F|80/100
|move|p1a: Weezing|Will-O-Wisp|p2a: Cinderace
|-immune|p2a: Cinderace
|
|upkeep
|turn|12
|
|t:|1759041854
|move|p2a: Cinderace|Pyro Ball|p1a: Weezing
|-damage|p1a: Weezing|17/100
|move|p1a: Weezing|Sludge Bomb|p2a: Cinderace
|-damage|p2a: Cinderace|45/100
|
|upkeep
|turn|13
|
|t:|1759041859
|move|p2a: Cinderace|Pyro Ball|p1a: Weezing
|-damage|p1a: Weezing|0 fnt
|faint|p1a: Weezing
|
|upkeep
|
|t:|1759041865
|switch|p1a: Dragapult|Dragapult, F|100/100
|turn|14
|
|t:|1759041889
|switch|p2a: Kingambit|Kingambit, M, shiny|100/100
|-activate|p2a: Kingambit|ability: Supreme Overlord
|-start|p2a: Kingambit|fallen1|[silent]
|move|p1a: Dragapult|Shadow Ball|p2a: Kingambit
|-resisted|p2a: Kingambit
|-damage|p2a: Kingambit|74/100
|
|-heal|p2a: Kingambit|80/100|[from] item: Leftovers
|upkeep
|turn|15
|
|t:|1759041897
|switch|p1a: Meowscarada|Meowscarada, F|100/100
|move|p2a: Kingambit|Low Kick|p1a: Meowscarada
|-supereffective|p1a: Meowscarada
|-damage|p1a: Meowscarada|24/100
|
|-heal|p2a: Kingambit|86/100|[from] item: Leftovers
|upkeep
|turn|16
|inactive|SValore has 120 seconds left.
|
|t:|1759041928
|move|p1a: Meowscarada|Low Kick|p2a: Kingambit
|-start|p1a: Meowscarada|typechange|Fighting|[from] ability: Protean
|-supereffective|p2a: Kingambit
|-damage|p2a: Kingambit|0 fnt
|faint|p2a: Kingambit
|-end|p2a: Kingambit|fallen1|[silent]
|
|upkeep
|
|t:|1759041932
|switch|p2a: Dragonite|Dragonite, M|100/100
|turn|17
|
|t:|1759041936
|move|p1a: Meowscarada|Triple Axel|p2a: Dragonite
|-supereffective|p2a: Dragonite
|-damage|p2a: Dragonite|84/100
|-supereffective|p2a: Dragonite
|-damage|p2a: Dragonite|14/100
|-hitcount|p2a: Dragonite|2
|move|p2a: Dragonite|Earthquake|p1a: Meowscarada
|-damage|p1a: Meowscarada|0 fnt
|faint|p1a: Meowscarada
|
|upkeep
|
|t:|1759041941
|switch|p1a: Dragapult|Dragapult, F|100/100
|turn|18
|
|t:|1759041948
|move|p1a: Dragapult|Shadow Ball|p2a: Dragonite
|-damage|p2a: Dragonite|0 fnt
|faint|p2a: Dragonite
|
|upkeep
|
|t:|1759041950
|switch|p2a: Meowscarada|Meowscarada, F, shiny|84/100
|turn|19
|
|t:|1759041956
|switch|p1a: Iron Treads|Iron Treads|100/100
|-item|p1a: Iron Treads|Air Balloon
|move|p2a: Meowscarada|Triple Axel|p1a: Iron Treads
|-start|p2a: Meowscarada|typechange|Ice|[from] ability: Protean
|-damage|p1a: Iron Treads|92/100
|-enditem|p1a: Iron Treads|Air Balloon
|-damage|p1a: Iron Treads|75/100
|-damage|p1a: Iron Treads|49/100
|-hitcount|p1a: Iron Treads|3
|
|upkeep
|turn|20
|
|t:|1759041972
|move|p2a: Meowscarada|Triple Axel|p1a: Iron Treads|[miss]
|-miss|p2a: Meowscarada|p1a: Iron Treads
|move|p1a: Iron Treads|Earthquake|p2a: Meowscarada
|-damage|p2a: Meowscarada|10/100
|
|upkeep
|turn|21
|c|☆SValore|k
|
|t:|1759041977
|move|p2a: Meowscarada|Triple Axel|p1a: Iron Treads
|-damage|p1a: Iron Treads|41/100
|-damage|p1a: Iron Treads|23/100
|-damage|p1a: Iron Treads|0 fnt
|faint|p1a: Iron Treads
|-end|p1a: Iron Treads|Quark Drive|[silent]
|-hitcount|p1: Iron Treads|3
|
|upkeep
|
|t:|1759041980
|switch|p1a: Kingambit|Kingambit, M|100/100
|-activate|p1a: Kingambit|ability: Supreme Overlord
|-start|p1a: Kingambit|fallen4|[silent]
|turn|22
|
|t:|1759041987
|switch|p2a: Cinderace|Cinderace, F|45/100
|move|p1a: Kingambit|Iron Head|p2a: Cinderace
|-resisted|p2a: Cinderace
|-damage|p2a: Cinderace|8/100
|
|upkeep
|turn|23
|
|t:|1759042001
|-end|p1a: Kingambit|fallen4|[silent]
|switch|p1a: Dragapult|Dragapult, F|100/100
|move|p2a: Cinderace|U-turn|p1a: Dragapult
|-resisted|p1a: Dragapult
|-damage|p1a: Dragapult|89/100
|
|t:|1759042003
|switch|p2a: Meowscarada|Meowscarada, F, shiny|10/100|[from] U-turn
|
|upkeep
|turn|24
|
|t:|1759042012
|switch|p1a: Kingambit|Kingambit, M|100/100
|-activate|p1a: Kingambit|ability: Supreme Overlord
|-start|p1a: Kingambit|fallen4|[silent]
|move|p2a: Meowscarada|Knock Off|p1a: Kingambit
|-start|p2a: Meowscarada|typechange|Dark|[from] ability: Protean
|-resisted|p1a: Kingambit
|-damage|p1a: Kingambit|82/100
|-enditem|p1a: Kingambit|Leftovers|[from] move: Knock Off|[of] p2a: Meowscarada
|
|upkeep
|turn|25
|
|t:|1759042021
|-end|p1a: Kingambit|fallen4|[silent]
|switch|p1a: Dragapult|Dragapult, F|89/100
|move|p2a: Meowscarada|Knock Off|p1a: Dragapult
|-supereffective|p1a: Dragapult
|-damage|p1a: Dragapult|0 fnt
|-enditem|p1a: Dragapult|Choice Specs|[from] move: Knock Off|[of] p2a: Meowscarada
|faint|p1a: Dragapult
|
|upkeep
|
|t:|1759042024
|switch|p1a: Kingambit|Kingambit, M|82/100
|-activate|p1a: Kingambit|ability: Supreme Overlord
|-start|p1a: Kingambit|fallen5|[silent]
|turn|26
|c|☆SValore|nahhh
|
|t:|1759042033
|switch|p2a: Cinderace|Cinderace, F|8/100
|move|p1a: Kingambit|Swords Dance|p1a: Kingambit
|-boost|p1a: Kingambit|atk|2
|
|upkeep
|turn|27
|
|t:|1759042037
|-terastallize|p1a: Kingambit|Fire
|move|p2a: Cinderace|Will-O-Wisp|p1a: Kingambit
|-immune|p1a: Kingambit
|move|p1a: Kingambit|Swords Dance|p1a: Kingambit
|-boost|p1a: Kingambit|atk|2
|
|upkeep
|turn|28
|
|t:|1759042041
|move|p2a: Cinderace|U-turn|p1a: Kingambit
|-resisted|p1a: Kingambit
|-crit|p1a: Kingambit
|-damage|p1a: Kingambit|69/100
|
|t:|1759042045
|switch|p2a: Meowscarada|Meowscarada, F, shiny|10/100|[from] U-turn
|move|p1a: Kingambit|Swords Dance|p1a: Kingambit
|-boost|p1a: Kingambit|atk|2
|
|upkeep
|turn|29
|
|t:|1759042054
|move|p2a: Meowscarada|Knock Off|p1a: Kingambit
|-start|p2a: Meowscarada|typechange|Dark|[from] ability: Protean
|-damage|p1a: Kingambit|45/100
|move|p1a: Kingambit|Iron Head|p2a: Meowscarada
|-damage|p2a: Meowscarada|0 fnt
|faint|p2a: Meowscarada
|
|upkeep
|
|t:|1759042063
|switch|p2a: Great Tusk|Great Tusk, shiny|100/100
|turn|30
|
|t:|1759042065
|move|p1a: Kingambit|Sucker Punch|p2a: Great Tusk
|-resisted|p2a: Great Tusk
|-damage|p2a: Great Tusk|40/100
|-damage|p1a: Kingambit|28/100|[from] item: Rocky Helmet|[of] p2a: Great Tusk
|move|p2a: Great Tusk|Earthquake|p1a: Kingambit
|-supereffective|p1a: Kingambit
|-damage|p1a: Kingambit|0 fnt
|faint|p1a: Kingambit
|-end|p1a: Kingambit|fallen5|[silent]
|
|win|SValore
|n|☆how play pkm|howplaypkm
|n|☆SValore|svalore
|n|*Lady Monita ☀|ladymonita
|l|*Lady Monita ☀
|c|☆SValore|gg
|c|☆how play pkm|lol
|c|☆SValore|haxxed and still won
|l|☆how play pkm
|player|p1|
