|j|☆aalhadk
|j|☆dragon de hilos
|t:|1758931390
|gametype|singles
|player|p1|aalhadk|266|1457
|player|p2|dragon de hilos|riley|1467
|gen|9
|tier|[Gen 9] OU
|rated|
|rule|HP Percentage Mod: HP is shown in percentages
|rule|Endless Battle Clause: Forcing endless battles is banned
|rule|Species Clause: Limit one of each Pokémon
|rule|OHKO Clause: OHKO moves are banned
|rule|Evasion Items Clause: Evasion items are banned
|rule|Evasion Moves Clause: Evasion moves are banned
|rule|Evasion Abilities Clause: Evasion abilities are banned
|rule|Sleep Moves Clause: Sleep-inducing moves are banned
|clearpoke
|poke|p1|Rillaboom, M|
|poke|p1|Zamazenta-*|
|poke|p1|Heatran, M|
|poke|p1|Great Tusk|
|poke|p1|Raging Bolt|
|poke|p1|Comfey, F|
|poke|p2|Darkrai|
|poke|p2|Cinderace, M|
|poke|p2|Garganacl, F|
|poke|p2|Zapdos|
|poke|p2|Landorus-Therian, M|
|poke|p2|Chansey, F|
|teampreview
|inactive|Battle timer is ON: inactive players will automatically lose when time's up. (requested by aalhadk)
|
|t:|1758931443
|teamsize|p1|6
|teamsize|p2|6
|start
|switch|p1a: Hulk|Rillaboom, M|100/100
|switch|p2a: Darkrai|Darkrai|100/100
|-fieldstart|move: Grassy Terrain|[from] ability: Grassy Surge|[of] p1a: Hulk
|turn|1
|
|t:|1758931458
|-terastallize|p1a: Hulk|Grass
|move|p1a: Hulk|Grassy Glide|p2a: Darkrai
|-damage|p2a: Darkrai|0 fnt
|faint|p2a: Darkrai
|
|upkeep
|
|t:|1758931463
|switch|p2a: Zapdos|Zapdos|100/100
|turn|2
|
|t:|1758931465
|switch|p1a: Iron Man|Heatran, M|100/100
|move|p2a: Zapdos|Volt Switch|p1a: Iron Man
|-damage|p1a: Iron Man|74/100
|
|t:|1758931468
|switch|p2a: Landorus|Landorus-Therian, M|100/100|[from] Volt Switch
|-ability|p2a: Landorus|Intimidate|boost
|-unboost|p1a: Iron Man|atk|1
|
|-heal|p1a: Iron Man|80/100|[from] Grassy Terrain
|-heal|p1a: Iron Man|87/100|[from] item: Leftovers
|upkeep
|turn|3
|
|t:|1758931471
|switch|p1a: Rhino|Great Tusk|100/100
|-enditem|p1a: Rhino|Booster Energy
|-activate|p1a: Rhino|ability: Protosynthesis|[fromitem]
|-start|p1a: Rhino|protosynthesisspe
|move|p2a: Landorus|U-turn|p1a: Rhino
|-resisted|p1a: Rhino
|-damage|p1a: Rhino|92/100
|
|t:|1758931476
|switch|p2a: Garganacl|Garganacl, F|100/100|[from] U-turn
|
|-heal|p1a: Rhino|98/100|[from] Grassy Terrain
|upkeep
|turn|4
|
|t:|1758931479
|move|p1a: Rhino|Headlong Rush|p2a: Garganacl
|-supereffective|p2a: Garganacl
|-crit|p2a: Garganacl
|-damage|p2a: Garganacl|18/100
|-unboost|p1a: Rhino|def|1
|-unboost|p1a: Rhino|spd|1
|-damage|p1a: Rhino|82/100|[from] item: Rocky Helmet|[of] p2a: Garganacl
|move|p2a: Garganacl|Salt Cure|p1a: Rhino
|-resisted|p1a: Rhino
|-damage|p1a: Rhino|78/100
|-start|p1a: Rhino|Salt Cure
|
|-heal|p1a: Rhino|85/100|[from] Grassy Terrain
|-heal|p2a: Garganacl|25/100|[from] Grassy Terrain
|-damage|p1a: Rhino|72/100|[from] Salt Cure
|upkeep
|turn|5
|
|t:|1758931488
|switch|p2a: Landorus|Landorus-Therian, M|100/100
|-ability|p2a: Landorus|Intimidate|boost
|-unboost|p1a: Rhino|atk|1
|move|p1a: Rhino|Bulk Up|p1a: Rhino
|-boost|p1a: Rhino|atk|1
|-boost|p1a: Rhino|def|1
|
|-heal|p1a: Rhino|78/100|[from] Grassy Terrain
|-damage|p1a: Rhino|66/100|[from] Salt Cure
|-fieldend|move: Grassy Terrain
|upkeep
|turn|6
|
|t:|1758931491
|move|p1a: Rhino|Ice Spinner|p2a: Landorus
|-supereffective|p2a: Landorus
|-damage|p2a: Landorus|0 fnt
|faint|p2a: Landorus
|
|-damage|p1a: Rhino|53/100|[from] Salt Cure
|upkeep
|
|t:|1758931494
|switch|p2a: Garganacl|Garganacl, F|25/100
|turn|7
|
|t:|1758931496
|move|p2a: Garganacl|Protect|p2a: Garganacl
|-singleturn|p2a: Garganacl|Protect
|move|p1a: Rhino|Headlong Rush|p2a: Garganacl
|-activate|p2a: Garganacl|move: Protect
|
|-damage|p1a: Rhino|41/100|[from] Salt Cure
|upkeep
|turn|8
|
|t:|1758931500
|switch|p2a: Zapdos|Zapdos|100/100
|move|p1a: Rhino|Headlong Rush|p2a: Zapdos
|-immune|p2a: Zapdos
|
|-damage|p1a: Rhino|29/100|[from] Salt Cure
|upkeep
|turn|9
|
|t:|1758931503
|move|p1a: Rhino|Ice Spinner|p2a: Zapdos
|-supereffective|p2a: Zapdos
|-damage|p2a: Zapdos|51/100
|move|p2a: Zapdos|Heat Wave|p1a: Rhino
|-crit|p1a: Rhino
|-damage|p1a: Rhino|0 fnt
|faint|p1a: Rhino
|-end|p1a: Rhino|Protosynthesis|[silent]
|
|upkeep
|
|t:|1758931515
|switch|p1a: Iron Man|Heatran, M|87/100
|turn|10
|
|t:|1758931520
|move|p2a: Zapdos|Volt Switch|p1a: Iron Man
|-damage|p1a: Iron Man|59/100
|
|t:|1758931523
|switch|p2a: Chansey|Chansey, F|100/100|[from] Volt Switch
|move|p1a: Iron Man|Magma Storm|p2a: Chansey
|-damage|p2a: Chansey|86/100
|-activate|p2a: Chansey|move: Magma Storm|[of] p1a: Iron Man
|
|-heal|p1a: Iron Man|66/100|[from] item: Leftovers
|-damage|p2a: Chansey|74/100|[from] move: Magma Storm|[partiallytrapped]
|upkeep
|turn|11
|
|t:|1758931527
|move|p1a: Iron Man|Taunt|p2a: Chansey
|-start|p2a: Chansey|move: Taunt
|cant|p2a: Chansey|move: Taunt|Thunder Wave
|
|-heal|p1a: Iron Man|72/100|[from] item: Leftovers
|-damage|p2a: Chansey|62/100|[from] move: Magma Storm|[partiallytrapped]
|upkeep
|turn|12
|
|t:|1758931532
|move|p1a: Iron Man|Earth Power|p2a: Chansey
|-damage|p2a: Chansey|54/100
|move|p2a: Chansey|Seismic Toss|p1a: Iron Man
|-damage|p1a: Iron Man|46/100
|
|-heal|p1a: Iron Man|52/100|[from] item: Leftovers
|-damage|p2a: Chansey|41/100|[from] move: Magma Storm|[partiallytrapped]
|upkeep
|turn|13
|
|t:|1758931538
|move|p1a: Iron Man|Earth Power|p2a: Chansey
|-damage|p2a: Chansey|33/100
|move|p2a: Chansey|Seismic Toss|p1a: Iron Man
|-damage|p1a: Iron Man|26/100
|
|-heal|p1a: Iron Man|32/100|[from] item: Leftovers
|-damage|p2a: Chansey|20/100|[from] move: Magma Storm|[partiallytrapped]
|-end|p2a: Chansey|move: Taunt
|upkeep
|turn|14
|
|t:|1758931544
|move|p1a: Iron Man|Taunt|p2a: Chansey
|-start|p2a: Chansey|move: Taunt
|move|p2a: Chansey|Seismic Toss|p1a: Iron Man
|-damage|p1a: Iron Man|6/100
|
|-heal|p1a: Iron Man|13/100|[from] item: Leftovers
|-damage|p2a: Chansey|8/100|[from] move: Magma Storm|[partiallytrapped]
|upkeep
|turn|15
|
|t:|1758931547
|move|p1a: Iron Man|Earth Power|p2a: Chansey
|-damage|p2a: Chansey|0 fnt
|faint|p2a: Chansey
|
|-heal|p1a: Iron Man|19/100|[from] item: Leftovers
|upkeep
|
|t:|1758931550
|switch|p2a: Cinderace|Cinderace, M|100/100
|turn|16
|
|t:|1758931555
|move|p2a: Cinderace|High Jump Kick|p1a: Iron Man
|-start|p2a: Cinderace|typechange|Fighting|[from] ability: Libero
|-supereffective|p1a: Iron Man
|-damage|p1a: Iron Man|0 fnt
|faint|p1a: Iron Man
|
|upkeep
|
|t:|1758931563
|switch|p1a: God of Thunder|Raging Bolt|100/100
|-enditem|p1a: God of Thunder|Booster Energy
|-activate|p1a: God of Thunder|ability: Protosynthesis|[fromitem]
|-start|p1a: God of Thunder|protosynthesisspa
|turn|17
|
|t:|1758931566
|move|p2a: Cinderace|High Jump Kick|p1a: God of Thunder|[miss]
|-miss|p2a: Cinderace|p1a: God of Thunder
|-damage|p2a: Cinderace|51/100|[from] highjumpkick
|move|p1a: God of Thunder|Thunderbolt|p2a: Cinderace
|-damage|p2a: Cinderace|0 fnt
|faint|p2a: Cinderace
|
|upkeep
|-message|dragon de hilos forfeited.
|
|win|aalhadk
|raw|aalhadk's rating: 1457 &rarr; <strong>1478</strong><br />(+21 for winning)
|raw|dragon de hilos's rating: 1467 &rarr; <strong>1446</strong><br />(-21 for losing)
|l|☆dragon de hilos
|player|p2|
|l|☆aalhadk
|player|p1|
