|j|☆Yomoma’sash
|j|☆GummyDeino
|t:|1758998495
|gametype|singles
|player|p1|Yomoma’sash|169|1555
|player|p2|GummyDeino|2|1638
|gen|9
|tier|[Gen 9] OU
|rated|
|rule|HP Percentage Mod: HP is shown in percentages
|rule|Endless Battle Clause: Forcing endless battles is banned
|rule|Species Clause: Limit one of each Pokémon
|rule|OHKO Clause: OHKO moves are banned
|rule|Evasion Items Clause: Evasion items are banned
|rule|Evasion Moves Clause: Evasion moves are banned
|rule|Evasion Abilities Clause: Evasion abilities are banned
|rule|Sleep Moves Clause: Sleep-inducing moves are banned
|clearpoke
|poke|p1|Charizard, F|
|poke|p1|Venusaur, M|
|poke|p1|Lapras, F|
|poke|p1|Blastoise, F|
|poke|p1|Snorlax, M|
|poke|p1|Clefable, F|
|poke|p2|Indeedee, M|
|poke|p2|Hatterene, F|
|poke|p2|Ursaluna, F|
|poke|p2|Iron Hands|
|poke|p2|Hoopa-Unbound|
|poke|p2|Mimikyu, F|
|teampreview
|inactive|Battle timer is ON: inactive players will automatically lose when time's up. (requested by GummyDeino)
|inactive|Yomoma’sash has 120 seconds left.
|inactive|Yomoma’sash has 90 seconds left.
|inactive|Yomoma’sash has 60 seconds left.
|inactive|Yomoma’sash has 30 seconds left.
|inactive|Yomoma’sash has 20 seconds left.
|inactive|Yomoma’sash has 15 seconds left.
|
|t:|1758998633
|teamsize|p1|6
|teamsize|p2|6
|start
|switch|p1a: Charizard|Charizard, F|100/100
|switch|p2a: Ayo Doc Heal Me|Indeedee, M, shiny|100/100
|-fieldstart|move: Psychic Terrain|[from] ability: Psychic Surge|[of] p2a: Ayo Doc Heal Me
|turn|1
|
|t:|1758998645
|switch|p2a: Sukuna|Hoopa-Unbound|100/100
|-enditem|p2a: Sukuna|Psychic Seed
|-boost|p2a: Sukuna|spd|1|[from] item: Psychic Seed
|-terastallize|p1a: Charizard|Fire
|move|p1a: Charizard|Overheat|p2a: Sukuna
|-damage|p2a: Sukuna|55/100
|-unboost|p1a: Charizard|spa|2
|
|upkeep
|turn|2
|
|t:|1758998654
|switch|p1a: Snorlax|Snorlax, M|100/100
|move|p2a: Sukuna|Trick Room|p2a: Sukuna
|-fieldstart|move: Trick Room|[of] p2a: Sukuna
|
|upkeep
|turn|3
|
|t:|1758998659
|-terastallize|p2a: Sukuna|Psychic
|move|p1a: Snorlax|Body Slam|p2a: Sukuna
|-damage|p2a: Sukuna|4/100
|move|p2a: Sukuna|Expanding Force|p1a: Snorlax
|-damage|p1a: Snorlax|20/100
|-item|p2a: Sukuna|Custap Berry|[from] ability: Magician|[of] p1a: Snorlax
|
|upkeep
|turn|4
|-enditem|p2a: Sukuna|Custap Berry|[eat]
|-activate|p2a: Sukuna|item: Custap Berry|[consumed]
|
|t:|1758998668
|move|p2a: Sukuna|Expanding Force|p1a: Snorlax
|-damage|p1a: Snorlax|0 fnt
|faint|p1a: Snorlax
|
|upkeep
|inactive|Yomoma’sash has 90 seconds left.
|
|t:|1758998699
|switch|p1a: Lapras|Lapras, F|100/100
|turn|5
|
|t:|1758998703
|move|p2a: Sukuna|Expanding Force|p1a: Lapras
|-damage|p1a: Lapras|3/100
|-item|p2a: Sukuna|Choice Specs|[from] ability: Magician|[of] p1a: Lapras
|move|p1a: Lapras|Surf|p2a: Sukuna
|-damage|p2a: Sukuna|0 fnt
|faint|p2a: Sukuna
|
|upkeep
|
|t:|1758998712
|switch|p2a: 5 Nights In TR|Ursaluna, F, shiny|100/100
|turn|6
|
|t:|1758998715
|move|p2a: 5 Nights In TR|Facade|p1a: Lapras
|-damage|p1a: Lapras|0 fnt
|faint|p1a: Lapras
|
|-fieldend|move: Trick Room
|-status|p2a: 5 Nights In TR|brn|[from] item: Flame Orb
|upkeep
|
|t:|1758998729
|switch|p1a: Venusaur|Venusaur, M|100/100
|turn|7
|
|t:|1758998733
|switch|p2a: Mimi :3|Mimikyu, F, shiny|100/100
|move|p1a: Venusaur|Giga Drain|p2a: Mimi :3
|-activate|p2a: Mimi :3|ability: Disguise
|-damage|p2a: Mimi :3|100/100
|detailschange|p2a: Mimi :3|Mimikyu-Busted, F, shiny
|-damage|p2a: Mimi :3|88/100|[from] pokemon: Mimikyu-Busted
|-enditem|p2a: Mimi :3|Red Card|[of] p1a: Venusaur
|drag|p1a: Blastoise|Blastoise, F|100/100
|
|upkeep
|turn|8
|inactive|Yomoma’sash has 90 seconds left.
|
|t:|1758998764
|switch|p1a: Clefable|Clefable, F|100/100
|move|p2a: Mimi :3|Trick Room|p2a: Mimi :3
|-fieldstart|move: Trick Room|[of] p2a: Mimi :3
|
|-fieldend|move: Psychic Terrain
|upkeep
|turn|9
|
|t:|1758998770
|switch|p2a: 5 Nights In TR|Ursaluna, F, shiny|100/100 brn
|move|p1a: Clefable|Cosmic Power|p1a: Clefable
|-boost|p1a: Clefable|def|1
|-boost|p1a: Clefable|spd|1
|
|-damage|p2a: 5 Nights In TR|94/100 brn|[from] brn
|upkeep
|turn|10
|
|t:|1758998777
|move|p2a: 5 Nights In TR|Facade|p1a: Clefable
|-damage|p1a: Clefable|33/100
|move|p1a: Clefable|Cosmic Power|p1a: Clefable
|-boost|p1a: Clefable|def|1
|-boost|p1a: Clefable|spd|1
|
|-heal|p1a: Clefable|40/100|[from] item: Leftovers
|-damage|p2a: 5 Nights In TR|88/100 brn|[from] brn
|upkeep
|turn|11
|
|t:|1758998785
|move|p2a: 5 Nights In TR|Facade|p1a: Clefable
|-damage|p1a: Clefable|0 fnt
|faint|p1a: Clefable
|
|-damage|p2a: 5 Nights In TR|82/100 brn|[from] brn
|upkeep
|
|t:|1758998800
|switch|p1a: Blastoise|Blastoise, F|100/100
|turn|12
|
|t:|1758998803
|move|p2a: 5 Nights In TR|Facade|p1a: Blastoise
|-damage|p1a: Blastoise|0 fnt
|faint|p1a: Blastoise
|
|-damage|p2a: 5 Nights In TR|76/100 brn|[from] brn
|-fieldend|move: Trick Room
|upkeep
|
|t:|1758998807
|switch|p1a: Charizard|Charizard, F, tera:Fire|100/100
|turn|13
|
|t:|1758998812
|switch|p2a: Mimi :3|Mimikyu-Busted, F, shiny|88/100
|move|p1a: Charizard|Flamethrower|p2a: Mimi :3
|-damage|p2a: Mimi :3|27/100
|
|upkeep
|turn|14
|
|t:|1758998817
|move|p1a: Charizard|Flamethrower|p2a: Mimi :3
|-damage|p2a: Mimi :3|0 fnt
|faint|p2a: Mimi :3
|
|upkeep
|
|t:|1758998822
|switch|p2a: Ayo Doc Heal Me|Indeedee, M, shiny|100/100
|-fieldstart|move: Psychic Terrain|[from] ability: Psychic Surge|[of] p2a: Ayo Doc Heal Me
|turn|15
|
|t:|1758998828
|move|p1a: Charizard|Flamethrower|p2a: Ayo Doc Heal Me
|-damage|p2a: Ayo Doc Heal Me|39/100
|move|p2a: Ayo Doc Heal Me|Trick Room|p2a: Ayo Doc Heal Me
|-fieldstart|move: Trick Room|[of] p2a: Ayo Doc Heal Me
|
|upkeep
|turn|16
|-message|Yomoma’sash forfeited.
|
|win|GummyDeino
|raw|Yomoma’sash's rating: 1555 &rarr; <strong>1540</strong><br />(-15 for losing)
|raw|GummyDeino's rating: 1638 &rarr; <strong>1653</strong><br />(+15 for winning)
|l|☆Yomoma’sash
|player|p1|
|l|☆GummyDeino
|player|p2|
