|j|☆ShrimpyJW
|j|☆ColdWar001
|t:|1759054099
|gametype|singles
|player|p1|ShrimpyJW|2|1173
|player|p2|ColdWar001|drayden|1220
|gen|9
|tier|[Gen 9] OU
|rated|
|rule|HP Percentage Mod: HP is shown in percentages
|rule|Endless Battle Clause: Forcing endless battles is banned
|rule|Species Clause: Limit one of each Pokémon
|rule|OHKO Clause: OHKO moves are banned
|rule|Evasion Items Clause: Evasion items are banned
|rule|Evasion Moves Clause: Evasion moves are banned
|rule|Evasion Abilities Clause: Evasion abilities are banned
|rule|Sleep Moves Clause: Sleep-inducing moves are banned
|clearpoke
|poke|p1|Sceptile, F|
|poke|p1|Tyranitar, F|
|poke|p1|Excadrill, F|
|poke|p1|Tentacruel, F|
|poke|p1|Corviknight, F|
|poke|p1|Rotom-Heat|
|poke|p2|Kyurem|
|poke|p2|Conkeldurr, F|
|poke|p2|Kleavor, M|
|poke|p2|Tentacruel, F|
|poke|p2|Skeledirge, F|
|poke|p2|Raikou|
|teampreview
|inactive|Battle timer is ON: inactive players will automatically lose when time's up. (requested by ColdWar001)
|
|t:|1759054119
|teamsize|p1|6
|teamsize|p2|6
|start
|switch|p1a: Rotom|Rotom-Heat|100/100
|switch|p2a: Kleavor|Kleavor, M|100/100
|turn|1
|
|t:|1759054129
|move|p1a: Rotom|Will-O-Wisp|p2a: Kleavor
|-status|p2a: Kleavor|brn
|move|p2a: Kleavor|Stone Axe|p1a: Rotom
|-supereffective|p1a: Rotom
|-damage|p1a: Rotom|42/100
|-sidestart|p1: ShrimpyJW|move: Stealth Rock
|
|-damage|p2a: Kleavor|94/100 brn|[from] brn
|upkeep
|turn|2
|
|t:|1759054138
|move|p1a: Rotom|Volt Switch|p2a: Kleavor
|-damage|p2a: Kleavor|61/100 brn
|
|t:|1759054145
|switch|p1a: Tentacruel|Tentacruel, F|100/100|[from] Volt Switch
|-damage|p1a: Tentacruel|88/100|[from] Stealth Rock
|move|p2a: Kleavor|Stone Axe|p1a: Tentacruel
|-damage|p1a: Tentacruel|43/100
|
|-heal|p1a: Tentacruel|49/100|[from] item: Leftovers
|-damage|p2a: Kleavor|55/100 brn|[from] brn
|upkeep
|turn|3
|
|t:|1759054163
|switch|p2a: Skeledirge|Skeledirge, F|100/100
|move|p1a: Tentacruel|Flip Turn|p2a: Skeledirge
|-supereffective|p2a: Skeledirge
|-crit|p2a: Skeledirge
|-damage|p2a: Skeledirge|51/100
|
|t:|1759054171
|switch|p1a: Tyranitar|Tyranitar, F|100/100|[from] Flip Turn
|-damage|p1a: Tyranitar|88/100|[from] Stealth Rock
|-weather|Sandstorm|[from] ability: Sand Stream|[of] p1a: Tyranitar
|
|-weather|Sandstorm|[upkeep]
|-damage|p2a: Skeledirge|45/100|[from] Sandstorm
|-heal|p2a: Skeledirge|51/100|[from] item: Leftovers
|upkeep
|turn|4
|
|t:|1759054186
|move|p1a: Tyranitar|Stone Edge|p2a: Skeledirge|[miss]
|-miss|p1a: Tyranitar|p2a: Skeledirge
|move|p2a: Skeledirge|Will-O-Wisp|p1a: Tyranitar
|-status|p1a: Tyranitar|brn
|
|-weather|Sandstorm|[upkeep]
|-damage|p2a: Skeledirge|45/100|[from] Sandstorm
|-heal|p2a: Skeledirge|51/100|[from] item: Leftovers
|-damage|p1a: Tyranitar|82/100 brn|[from] brn
|upkeep
|turn|5
|
|t:|1759054198
|switch|p1a: Tentacruel|Tentacruel, F|49/100
|-damage|p1a: Tentacruel|37/100|[from] Stealth Rock
|move|p2a: Skeledirge|Slack Off|p2a: Skeledirge
|-heal|p2a: Skeledirge|100/100
|
|-weather|Sandstorm|[upkeep]
|-damage|p1a: Tentacruel|31/100|[from] Sandstorm
|-damage|p2a: Skeledirge|94/100|[from] Sandstorm
|-heal|p1a: Tentacruel|37/100|[from] item: Leftovers
|-heal|p2a: Skeledirge|100/100|[from] item: Leftovers
|upkeep
|turn|6
|
|t:|1759054211
|switch|p2a: Tentacruel|Tentacruel, F|100/100
|move|p1a: Tentacruel|Knock Off|p2a: Tentacruel
|-damage|p2a: Tentacruel|68/100
|-enditem|p2a: Tentacruel|Black Sludge|[from] move: Knock Off|[of] p1a: Tentacruel
|
|-weather|Sandstorm|[upkeep]
|-damage|p2a: Tentacruel|62/100|[from] Sandstorm
|-damage|p1a: Tentacruel|31/100|[from] Sandstorm
|-heal|p1a: Tentacruel|37/100|[from] item: Leftovers
|upkeep
|turn|7
|
|t:|1759054223
|move|p2a: Tentacruel|Surf|p1a: Tentacruel
|-resisted|p1a: Tentacruel
|-damage|p1a: Tentacruel|24/100
|move|p1a: Tentacruel|Rapid Spin|p2a: Tentacruel
|-damage|p2a: Tentacruel|46/100
|-boost|p1a: Tentacruel|spe|1
|-sideend|p1: ShrimpyJW|Stealth Rock|[from] move: Rapid Spin|[of] p1a: Tentacruel
|
|-weather|none
|-heal|p1a: Tentacruel|30/100|[from] item: Leftovers
|upkeep
|turn|8
|
|t:|1759054239
|move|p1a: Tentacruel|Flip Turn|p2a: Tentacruel
|-resisted|p2a: Tentacruel
|-damage|p2a: Tentacruel|33/100
|
|t:|1759054247
|switch|p1a: Rotom|Rotom-Heat|42/100|[from] Flip Turn
|move|p2a: Tentacruel|Surf|p1a: Rotom
|-supereffective|p1a: Rotom
|-damage|p1a: Rotom|0 fnt
|faint|p1a: Rotom
|
|upkeep
|
|t:|1759054254
|switch|p1a: Corviknight|Corviknight, F|100/100
|turn|9
|
|t:|1759054270
|move|p2a: Tentacruel|Surf|p1a: Corviknight
|-crit|p1a: Corviknight
|-damage|p1a: Corviknight|66/100
|move|p1a: Corviknight|Brave Bird|p2a: Tentacruel
|-damage|p2a: Tentacruel|0 fnt
|faint|p2a: Tentacruel
|-damage|p1a: Corviknight|56/100|[from] Recoil
|
|upkeep
|
|t:|1759054278
|switch|p2a: Skeledirge|Skeledirge, F|100/100
|turn|10
|
|t:|1759054289
|move|p1a: Corviknight|U-turn|p2a: Skeledirge
|-resisted|p2a: Skeledirge
|-damage|p2a: Skeledirge|98/100
|
|t:|1759054295
|switch|p1a: Tentacruel|Tentacruel, F|30/100|[from] U-turn
|move|p2a: Skeledirge|Will-O-Wisp|p1a: Tentacruel
|-status|p1a: Tentacruel|brn
|
|-heal|p1a: Tentacruel|36/100 brn|[from] item: Leftovers
|-heal|p2a: Skeledirge|100/100|[from] item: Leftovers
|-damage|p1a: Tentacruel|30/100 brn|[from] brn
|upkeep
|turn|11
|
|t:|1759054307
|switch|p2a: Raikou|Raikou|100/100
|move|p1a: Tentacruel|Toxic Spikes|p2a: Raikou
|-sidestart|p2: ColdWar001|move: Toxic Spikes
|
|-heal|p1a: Tentacruel|36/100 brn|[from] item: Leftovers
|-damage|p1a: Tentacruel|30/100 brn|[from] brn
|upkeep
|turn|12
|
|t:|1759054319
|switch|p1a: Excadrill|Excadrill, F|100/100
|move|p2a: Raikou|Volt Switch|p1a: Excadrill
|-immune|p1a: Excadrill
|
|upkeep
|turn|13
|
|t:|1759054328
|move|p2a: Raikou|Scald|p1a: Excadrill
|-supereffective|p1a: Excadrill
|-damage|p1a: Excadrill|20/100
|-status|p1a: Excadrill|brn
|move|p1a: Excadrill|Swords Dance|p1a: Excadrill
|-boost|p1a: Excadrill|atk|2
|
|-damage|p1a: Excadrill|14/100 brn|[from] brn
|upkeep
|turn|14
|
|t:|1759054338
|switch|p1a: Sceptile|Sceptile, F|100/100
|move|p2a: Raikou|Scald|p1a: Sceptile
|-resisted|p1a: Sceptile
|-damage|p1a: Sceptile|82/100
|
|upkeep
|turn|15
|
|t:|1759054346
|move|p2a: Raikou|Thunder Wave|p1a: Sceptile
|-status|p1a: Sceptile|par
|cant|p1a: Sceptile|par
|
|upkeep
|turn|16
|
|t:|1759054352
|move|p2a: Raikou|Volt Switch|p1a: Sceptile
|-resisted|p1a: Sceptile
|-damage|p1a: Sceptile|59/100 par
|
|t:|1759054357
|switch|p2a: Kleavor|Kleavor, M|55/100 brn|[from] Volt Switch
|cant|p1a: Sceptile|par
|
|-damage|p2a: Kleavor|49/100 brn|[from] brn
|upkeep
|turn|17
|-message|ShrimpyJW forfeited.
|
|win|ColdWar001
|raw|ShrimpyJW's rating: 1173 &rarr; <strong>1151</strong><br />(-22 for losing)
|raw|ColdWar001's rating: 1220 &rarr; <strong>1242</strong><br />(+22 for winning)
|l|☆ShrimpyJW
|player|p1|
|l|☆ColdWar001
|player|p2|
