|j|☆nicepiece
|j|☆atrainerfromakron
|t:|1759032390
|gametype|singles
|player|p1|nicepiece|swimmerf|1320
|player|p2|atrainerfromakron|101|1390
|gen|9
|tier|[Gen 9] OU
|rated|
|rule|HP Percentage Mod: HP is shown in percentages
|rule|Endless Battle Clause: Forcing endless battles is banned
|rule|Species Clause: Limit one of each Pokémon
|rule|OHKO Clause: OHKO moves are banned
|rule|Evasion Items Clause: Evasion items are banned
|rule|Evasion Moves Clause: Evasion moves are banned
|rule|Evasion Abilities Clause: Evasion abilities are banned
|rule|Sleep Moves Clause: Sleep-inducing moves are banned
|clearpoke
|poke|p1|Indeedee, M|
|poke|p1|Hatterene, F|
|poke|p1|Ursaluna, F|
|poke|p1|Iron Hands|
|poke|p1|Hoopa-Unbound|
|poke|p1|Mimikyu, F|
|poke|p2|Ninetales-Alola, M|
|poke|p2|Oricorio, M|
|poke|p2|Hatterene, F|
|poke|p2|Kyurem|
|poke|p2|Zamazenta-*|
|poke|p2|Iron Treads|
|teampreview
|inactive|Battle timer is ON: inactive players will automatically lose when time's up. (requested by nicepiece)
|inactive|nicepiece has 120 seconds left.
|
|t:|1759032423
|teamsize|p1|6
|teamsize|p2|6
|start
|switch|p1a: Jordan|Iron Hands, shiny|100/100
|switch|p2a: Oricorio|Oricorio, M|100/100
|-enditem|p1a: Jordan|Booster Energy
|-activate|p1a: Jordan|ability: Quark Drive|[fromitem]
|-start|p1a: Jordan|quarkdriveatk
|turn|1
|
|t:|1759032438
|switch|p2a: Iron Treads|Iron Treads|100/100
|-enditem|p2a: Iron Treads|Booster Energy
|-activate|p2a: Iron Treads|ability: Quark Drive|[fromitem]
|-start|p2a: Iron Treads|quarkdrivespe
|move|p1a: Jordan|Supercell Slam|p2a: Iron Treads
|-immune|p2a: Iron Treads
|-damage|p1a: Jordan|50/100|[from] supercellslam
|
|upkeep
|turn|2
|
|t:|1759032457
|-end|p1a: Jordan|Quark Drive|[silent]
|switch|p1a: Indeedee|Indeedee, M, shiny|100/100
|-fieldstart|move: Psychic Terrain|[from] ability: Psychic Surge|[of] p1a: Indeedee
|move|p2a: Iron Treads|Earth Power|p1a: Indeedee
|-damage|p1a: Indeedee|67/100
|
|upkeep
|turn|3
|
|t:|1759032481
|move|p2a: Iron Treads|Steel Beam|p1a: Indeedee|[miss]
|-miss|p2a: Iron Treads|p1a: Indeedee
|-damage|p2a: Iron Treads|50/100|[from] steelbeam
|move|p1a: Indeedee|Trick Room|p1a: Indeedee
|-fieldstart|move: Trick Room|[of] p1a: Indeedee
|
|upkeep
|turn|4
|
|t:|1759032495
|move|p1a: Indeedee|Encore|p2a: Iron Treads
|-start|p2a: Iron Treads|Encore
|move|p2a: Iron Treads|Steel Beam|p1a: Indeedee
|-damage|p1a: Indeedee|12/100
|-damage|p2a: Iron Treads|0 fnt|[from] steelbeam
|faint|p2a: Iron Treads
|-end|p2a: Iron Treads|Quark Drive|[silent]
|
|upkeep
|inactive|atrainerfromakron has 120 seconds left.
|
|t:|1759032517
|switch|p2a: Oricorio|Oricorio, M|100/100
|turn|5
|inactive|atrainerfromakron has 120 seconds left.
|
|t:|1759032524
|move|p1a: Indeedee|Healing Wish|p1a: Indeedee
|faint|p1a: Indeedee
|move|p2a: Oricorio|Quiver Dance|p2a: Oricorio
|-boost|p2a: Oricorio|spa|1
|-boost|p2a: Oricorio|spd|1
|-boost|p2a: Oricorio|spe|1
|
|upkeep
|
|t:|1759032534
|switch|p1a: Jordan|Iron Hands, shiny|50/100
|-heal|p1a: Jordan|100/100|[from] move: Healing Wish
|turn|6
|inactive|atrainerfromakron has 120 seconds left.
|
|t:|1759032550
|-terastallize|p2a: Oricorio|Ground
|move|p1a: Jordan|Supercell Slam|p2a: Oricorio
|-immune|p2a: Oricorio
|-damage|p1a: Jordan|50/100|[from] supercellslam
|move|p2a: Oricorio|Alluring Voice|p1a: Jordan
|-supereffective|p1a: Jordan
|-damage|p1a: Jordan|0 fnt
|faint|p1a: Jordan
|-end|p1a: Jordan|Quark Drive|[silent]
|
|upkeep
|
|t:|1759032567
|switch|p1a: Ursaluna|Ursaluna, F, shiny|100/100
|turn|7
|inactive|atrainerfromakron has 120 seconds left.
|
|t:|1759032611
|move|p1a: Ursaluna|Headlong Rush|p2a: Oricorio
|-damage|p2a: Oricorio|0 fnt
|-unboost|p1a: Ursaluna|def|1
|-unboost|p1a: Ursaluna|spd|1
|faint|p2a: Oricorio
|
|-fieldend|move: Trick Room
|-status|p1a: Ursaluna|brn|[from] item: Flame Orb
|upkeep
|inactive|atrainerfromakron has 90 seconds left.
|
|t:|1759032629
|switch|p2a: Zamazenta|Zamazenta|100/100
|-ability|p2a: Zamazenta|Dauntless Shield|boost
|-boost|p2a: Zamazenta|def|1
|turn|8
|
|t:|1759032632
|switch|p1a: Hatterene|Hatterene, F, shiny|100/100
|move|p2a: Zamazenta|Iron Defense|p2a: Zamazenta
|-boost|p2a: Zamazenta|def|2
|
|upkeep
|turn|9
|
|t:|1759032636
|move|p2a: Zamazenta|Crunch|p1a: Hatterene
|-damage|p1a: Hatterene|77/100
|move|p1a: Hatterene|Trick Room|p1a: Hatterene
|-fieldstart|move: Trick Room|[of] p1a: Hatterene
|
|-fieldend|move: Psychic Terrain
|upkeep
|turn|10
|
|t:|1759032640
|move|p1a: Hatterene|Expanding Force|p2a: Zamazenta
|-supereffective|p2a: Zamazenta
|-damage|p2a: Zamazenta|0 fnt
|faint|p2a: Zamazenta
|-damage|p1a: Hatterene|67/100|[from] item: Life Orb
|
|upkeep
|
|t:|1759032648
|switch|p2a: Hatterene|Hatterene, F|100/100
|turn|11
|
|t:|1759032654
|switch|p1a: Ursaluna|Ursaluna, F, shiny|100/100 brn
|move|p2a: Hatterene|Calm Mind|p2a: Hatterene
|-boost|p2a: Hatterene|spa|1
|-boost|p2a: Hatterene|spd|1
|
|-damage|p1a: Ursaluna|94/100 brn|[from] brn
|upkeep
|turn|12
|
|t:|1759032663
|move|p2a: Hatterene|Draining Kiss|p1a: Ursaluna
|-damage|p1a: Ursaluna|63/100 brn
|move|p1a: Ursaluna|Facade|p2a: Hatterene
|-crit|p2a: Hatterene
|-damage|p2a: Hatterene|0 fnt
|faint|p2a: Hatterene
|
|-damage|p1a: Ursaluna|57/100 brn|[from] brn
|upkeep
|
|t:|1759032674
|switch|p2a: Ninetales|Ninetales-Alola, M|100/100
|-weather|Snowscape|[from] ability: Snow Warning|[of] p2a: Ninetales
|turn|13
|
|t:|1759032679
|move|p1a: Ursaluna|Facade|p2a: Ninetales
|-damage|p2a: Ninetales|0 fnt
|faint|p2a: Ninetales
|
|-weather|Snowscape|[upkeep]
|-damage|p1a: Ursaluna|51/100 brn|[from] brn
|-fieldend|move: Trick Room
|upkeep
|-message|atrainerfromakron forfeited.
|
|win|nicepiece
|raw|nicepiece's rating: 1320 &rarr; <strong>1344</strong><br />(+24 for winning)
|raw|atrainerfromakron's rating: 1390 &rarr; <strong>1366</strong><br />(-24 for losing)
|l|☆atrainerfromakron
|player|p2|
|l|☆nicepiece
|player|p1|
