|j|☆forrtntite
|j|☆kaowshuren
|t:|1759012058
|gametype|singles
|player|p1|forrtntite|266|
|player|p2|kaowshuren|170|
|gen|9
|tier|[Gen 9] OU
|rule|HP Percentage Mod: HP is shown in percentages
|rule|Endless Battle Clause: Forcing endless battles is banned
|rule|Species Clause: Limit one of each Pokémon
|rule|OHKO Clause: OHKO moves are banned
|rule|Evasion Items Clause: Evasion items are banned
|rule|Evasion Moves Clause: Evasion moves are banned
|rule|Evasion Abilities Clause: Evasion abilities are banned
|rule|Sleep Moves Clause: Sleep-inducing moves are banned
|raw|<div class="infobox"><details class="readmore"><summary><strong>17 custom rules:</strong></summary> +Baton Pass, +Annihilape, +Archaludon, +Chien-Pao, +Deoxys, +Deoxys-Attack, +Flutter-Mane, +Iron-Bundle, +Landorus, +Magearna, +Palafin, +Roaring Moon, +Ursaluna-Bloodmoon, +Urshifu, +Volcarona, +Ogerpon-Hearthflame, +Gouging Fire</details></div>
|clearpoke
|poke|p1|Haxorus, M|
|poke|p1|Ogerpon-Hearthflame, F|
|poke|p1|Slither Wing|
|poke|p1|Slowbro, F|
|poke|p1|Primarina, F|
|poke|p1|Lilligant-Hisui, F|
|poke|p2|Dragapult, M|
|poke|p2|Slowking-Galar, F|
|poke|p2|Skarmory, M|
|poke|p2|Thundurus-Therian, M|
|poke|p2|Chien-Pao|
|poke|p2|Krookodile, F|
|teampreview
|
|t:|1759012120
|teamsize|p1|6
|teamsize|p2|6
|start
|switch|p1a: Primarina|Primarina, F|100/100
|switch|p2a: Dragapult|Dragapult, M|100/100
|turn|1
|
|t:|1759012127
|move|p2a: Dragapult|U-turn|p1a: Primarina
|-resisted|p1a: Primarina
|-damage|p1a: Primarina|91/100
|
|t:|1759012148
|switch|p2a: Slowking|Slowking-Galar, F|100/100|[from] U-turn
|move|p1a: Primarina|Flip Turn|p2a: Slowking
|-damage|p2a: Slowking|89/100
|
|t:|1759012157
|switch|p1a: Slowbro|Slowbro, F|100/100|[from] Flip Turn
|
|-heal|p2a: Slowking|95/100|[from] item: Leftovers
|upkeep
|turn|2
|
|t:|1759012164
|move|p2a: Slowking|Toxic|p1a: Slowbro
|-status|p1a: Slowbro|tox
|move|p1a: Slowbro|Calm Mind|p1a: Slowbro
|-boost|p1a: Slowbro|spa|1
|-boost|p1a: Slowbro|spd|1
|
|-heal|p2a: Slowking|100/100|[from] item: Leftovers
|-damage|p1a: Slowbro|94/100 tox|[from] psn
|upkeep
|turn|3
|
|t:|1759012172
|move|p2a: Slowking|Psychic Noise|p1a: Slowbro
|-resisted|p1a: Slowbro
|-damage|p1a: Slowbro|84/100 tox
|-start|p1a: Slowbro|move: Heal Block
|move|p1a: Slowbro|Psychic Noise|p2a: Slowking
|-damage|p2a: Slowking|74/100
|-start|p2a: Slowking|move: Heal Block
|
|-damage|p1a: Slowbro|72/100 tox|[from] psn
|upkeep
|turn|4
|
|t:|1759012192
|switch|p1a: Slither Wing|Slither Wing|100/100
|-prepare|p2a: Slowking|Chilly Reception|[premajor]
|move|p2a: Slowking|Chilly Reception|p2a: Slowking
|-weather|Snowscape
|
|t:|1759012206
|switch|p2a: Skarmory|Skarmory, M|100/100|[from] Chilly Reception
|
|-weather|Snowscape|[upkeep]
|upkeep
|turn|5
|
|t:|1759012231
|move|p1a: Slither Wing|Flare Blitz|p2a: Skarmory
|-supereffective|p2a: Skarmory
|-damage|p2a: Skarmory|42/100
|-status|p2a: Skarmory|brn
|-damage|p1a: Slither Wing|80/100|[from] Recoil
|move|p2a: Skarmory|Spikes|p1a: Slither Wing
|-sidestart|p1: forrtntite|Spikes
|
|-weather|Snowscape|[upkeep]
|-damage|p2a: Skarmory|36/100 brn|[from] brn
|upkeep
|turn|6
|
|t:|1759012248
|-end|p1a: Slither Wing|Protosynthesis|[silent]
|switch|p1a: Haxorus|Haxorus, M|100/100
|-damage|p1a: Haxorus|88/100|[from] Spikes
|-ability|p1a: Haxorus|Mold Breaker
|switch|p2a: Slowking|Slowking-Galar, F|100/100
|
|-weather|Snowscape|[upkeep]
|upkeep
|turn|7
|
|t:|1759012266
|switch|p1a: Lilligant|Lilligant-Hisui, F|100/100
|-damage|p1a: Lilligant|88/100|[from] Spikes
|move|p2a: Slowking|Psychic Noise|p1a: Lilligant
|-supereffective|p1a: Lilligant
|-damage|p1a: Lilligant|0 fnt
|faint|p1a: Lilligant
|
|-weather|Snowscape|[upkeep]
|upkeep
|
|t:|1759012287
|switch|p1a: Primarina|Primarina, F|91/100
|turn|8
|
|t:|1759012306
|move|p1a: Primarina|Surf|p2a: Slowking
|-damage|p2a: Slowking|68/100
|move|p2a: Slowking|Psychic Noise|p1a: Primarina
|-damage|p1a: Primarina|69/100
|-start|p1a: Primarina|move: Heal Block
|
|-weather|none
|-heal|p2a: Slowking|74/100|[from] item: Leftovers
|upkeep
|turn|9
|
|t:|1759012315
|move|p1a: Primarina|Psychic Noise|p2a: Slowking
|-damage|p2a: Slowking|48/100
|-start|p2a: Slowking|move: Heal Block
|move|p2a: Slowking|Sludge Bomb|p1a: Primarina
|-supereffective|p1a: Primarina
|-damage|p1a: Primarina|15/100
|-status|p1a: Primarina|psn
|
|-damage|p1a: Primarina|2/100 psn|[from] psn
|-end|p1a: Primarina|move: Heal Block
|upkeep
|turn|10
|
|t:|1759012350
|move|p1a: Primarina|Flip Turn|p2a: Slowking
|-damage|p2a: Slowking|36/100
|
|t:|1759012360
|switch|p1a: Slowbro|Slowbro, F|100/100 tox|[from] Flip Turn
|-prepare|p2a: Slowking|Chilly Reception|[premajor]
|move|p2a: Slowking|Chilly Reception|p2a: Slowking
|-weather|Snowscape
|
|t:|1759012377
|switch|p2a: Thundurus|Thundurus-Therian, M|100/100|[from] Chilly Reception
|
|-weather|Snowscape|[upkeep]
|-damage|p1a: Slowbro|94/100 tox|[from] psn
|upkeep
|turn|11
|
|t:|1759012396
|switch|p1a: Primarina|Primarina, F|2/100 psn
|move|p2a: Thundurus|Agility|p2a: Thundurus
|-boost|p2a: Thundurus|spe|2
|
|-weather|Snowscape|[upkeep]
|-damage|p1a: Primarina|0 fnt|[from] psn
|faint|p1a: Primarina
|upkeep
|
|t:|1759012407
|switch|p1a: Slither Wing|Slither Wing|80/100
|turn|12
|
|t:|1759012417
|-terastallize|p2a: Thundurus|Flying
|-terastallize|p1a: Slither Wing|Ground
|move|p2a: Thundurus|Tera Blast|p1a: Slither Wing|[anim] Tera Blast Flying
|-damage|p1a: Slither Wing|20/100
|move|p1a: Slither Wing|Flare Blitz|p2a: Thundurus
|-damage|p2a: Thundurus|29/100
|-damage|p1a: Slither Wing|0 fnt|[from] Recoil
|faint|p1a: Slither Wing
|-end|p1a: Slither Wing|Protosynthesis|[silent]
|
|-weather|Snowscape|[upkeep]
|upkeep
|
|t:|1759012427
|switch|p1a: Haxorus|Haxorus, M|88/100
|-damage|p1a: Haxorus|76/100|[from] Spikes
|-ability|p1a: Haxorus|Mold Breaker
|turn|13
|
|t:|1759012436
|move|p2a: Thundurus|Tera Blast|p1a: Haxorus|[anim] Tera Blast Flying
|-damage|p1a: Haxorus|0 fnt
|faint|p1a: Haxorus
|
|-weather|Snowscape|[upkeep]
|upkeep
|
|t:|1759012440
|switch|p1a: Slowbro|Slowbro, F|100/100 tox
|turn|14
|
|t:|1759012445
|move|p2a: Thundurus|Thunderbolt|p1a: Slowbro
|-supereffective|p1a: Slowbro
|-damage|p1a: Slowbro|0 fnt
|faint|p1a: Slowbro
|
|-weather|none
|upkeep
|
|t:|1759012449
|switch|p1a: Ogerpon|Ogerpon-Hearthflame, F|100/100
|-damage|p1a: Ogerpon|88/100|[from] Spikes
|-ability|p1a: Ogerpon|Mold Breaker
|turn|15
|
|t:|1759012454
|move|p2a: Thundurus|Tera Blast|p1a: Ogerpon|[anim] Tera Blast Flying
|-supereffective|p1a: Ogerpon
|-damage|p1a: Ogerpon|0 fnt
|faint|p1a: Ogerpon
|
|win|kaowshuren
|c|☆forrtntite|gg
|c|☆forrtntite|holy crta
|c|☆forrtntite|p
|c|☆kaowshuren|gg
|c|☆forrtntite|crpa
|c|☆forrtntite|I like that
|c|☆forrtntite|thundurus
|c|☆forrtntite|gg
|c|☆kaowshuren|yeah, it was a nice
|c|☆kaowshuren|setup
|c|☆kaowshuren|good luck on the next games
|c|☆forrtntite|gl too u too
