|j|☆link zelda 237
|j|☆GhostDumbDumb
|t:|1759075258
|gametype|singles
|player|p1|link zelda 237|nate|1325
|player|p2|GhostDumbDumb|unknown|1302
|gen|9
|tier|[Gen 9] OU
|rated|
|rule|HP Percentage Mod: HP is shown in percentages
|rule|Endless Battle Clause: Forcing endless battles is banned
|rule|Species Clause: Limit one of each Pokémon
|rule|OHKO Clause: OHKO moves are banned
|rule|Evasion Items Clause: Evasion items are banned
|rule|Evasion Moves Clause: Evasion moves are banned
|rule|Evasion Abilities Clause: Evasion abilities are banned
|rule|Sleep Moves Clause: Sleep-inducing moves are banned
|clearpoke
|poke|p1|Iron Moth|
|poke|p1|Kyurem|
|poke|p1|Kingambit, M|
|poke|p1|Landorus-Therian, M|
|poke|p1|Hatterene, F|
|poke|p1|Zamazenta-*|
|poke|p2|Reuniclus, F|
|poke|p2|Zoroark, F|
|poke|p2|Appletun, F|
|poke|p2|Pincurchin, F|
|poke|p2|Alcremie, F|
|poke|p2|Ambipom, F|
|teampreview
|
|t:|1759075288
|teamsize|p1|6
|teamsize|p2|6
|start
|switch|p1a: Kyurem|Kyurem|100/100
|switch|p2a: Smiff|Pincurchin, F, shiny|100/100
|-ability|p1a: Kyurem|Pressure
|-fieldstart|move: Electric Terrain|[from] ability: Electric Surge|[of] p2a: Smiff
|turn|1
|
|t:|1759075333
|move|p1a: Kyurem|Dragon Dance|p1a: Kyurem
|-boost|p1a: Kyurem|atk|1
|-boost|p1a: Kyurem|spe|1
|move|p2a: Smiff|Thunder Wave|p1a: Kyurem
|-status|p1a: Kyurem|par
|
|upkeep
|turn|2
|inactive|Battle timer is ON: inactive players will automatically lose when time's up. (requested by link zelda 237)
|
|t:|1759075343
|switch|p2a: Typhlosions Lawyer|Ambipom, F, shiny|100/100
|-enditem|p2a: Typhlosions Lawyer|Electric Seed
|-boost|p2a: Typhlosions Lawyer|def|1|[from] item: Electric Seed
|move|p1a: Kyurem|Dragon Dance|p1a: Kyurem
|-boost|p1a: Kyurem|atk|1
|-boost|p1a: Kyurem|spe|1
|
|upkeep
|turn|3
|
|t:|1759075354
|move|p2a: Typhlosions Lawyer|Encore|p1a: Kyurem
|-start|p1a: Kyurem|Encore
|move|p1a: Kyurem|Dragon Dance|p1a: Kyurem
|-boost|p1a: Kyurem|atk|1
|-boost|p1a: Kyurem|spe|1
|
|upkeep
|turn|4
|
|t:|1759075367
|move|p1a: Kyurem|Dragon Dance|p1a: Kyurem
|-boost|p1a: Kyurem|atk|1
|-boost|p1a: Kyurem|spe|1
|move|p2a: Typhlosions Lawyer|Thief|p1a: Kyurem
|-damage|p1a: Kyurem|71/100 par
|-enditem|p1a: Kyurem|Loaded Dice|[silent]|[from] move: Thief|[of] p2a: Typhlosions Lawyer
|-item|p2a: Typhlosions Lawyer|Loaded Dice|[from] move: Thief|[of] p1a: Kyurem
|
|upkeep
|turn|5
|
|t:|1759075380
|move|p1a: Kyurem|Dragon Dance|p1a: Kyurem
|-boost|p1a: Kyurem|atk|1
|-boost|p1a: Kyurem|spe|1
|move|p2a: Typhlosions Lawyer|Brick Break|p1a: Kyurem
|-supereffective|p1a: Kyurem
|-damage|p1a: Kyurem|25/100 par
|
|-end|p1a: Kyurem|Encore
|upkeep
|turn|6
|
|t:|1759075393
|-terastallize|p2a: Typhlosions Lawyer|Fairy
|move|p1a: Kyurem|Icicle Spear|p2a: Typhlosions Lawyer
|-damage|p2a: Typhlosions Lawyer|32/100
|replace|p2a: DittoSmiff|Zoroark, F, shiny
|-end|p2a: DittoSmiff|Illusion
|-damage|p2a: DittoSmiff|0 fnt
|faint|p2a: DittoSmiff
|-hitcount|p2: DittoSmiff|2
|
|upkeep
|c|☆link zelda 237|lol
|
|t:|1759075411
|switch|p2a: Typhlosions Lawyer|Ambipom, F, shiny|100/100
|-enditem|p2a: Typhlosions Lawyer|Electric Seed
|-boost|p2a: Typhlosions Lawyer|def|1|[from] item: Electric Seed
|turn|7
|c|☆link zelda 237|thanks for encore
|
|t:|1759075419
|move|p2a: Typhlosions Lawyer|Fake Out|p1a: Kyurem
|-damage|p1a: Kyurem|0 fnt
|faint|p1a: Kyurem
|
|upkeep
|
|t:|1759075424
|switch|p1a: Zamazenta|Zamazenta|100/100
|-ability|p1a: Zamazenta|Dauntless Shield|boost
|-boost|p1a: Zamazenta|def|1
|turn|8
|
|t:|1759075449
|move|p1a: Zamazenta|Crunch|p2a: Typhlosions Lawyer
|-crit|p2a: Typhlosions Lawyer
|-damage|p2a: Typhlosions Lawyer|31/100
|-damage|p1a: Zamazenta|91/100|[from] item: Life Orb
|move|p2a: Typhlosions Lawyer|Covet|p1a: Zamazenta
|-damage|p1a: Zamazenta|70/100
|-item|p2a: Typhlosions Lawyer|Life Orb|[from] move: Covet|[of] p1a: Zamazenta
|-damage|p2a: Typhlosions Lawyer|21/100|[from] item: Life Orb
|
|-fieldend|move: Electric Terrain
|upkeep
|turn|9
|
|t:|1759075463
|switch|p2a: Phub Catergory|Alcremie, F, shiny|100/100
|move|p1a: Zamazenta|Crunch|p2a: Phub Catergory
|-resisted|p2a: Phub Catergory
|-damage|p2a: Phub Catergory|90/100
|
|-heal|p2a: Phub Catergory|96/100|[from] item: Leftovers
|upkeep
|turn|10
|
|t:|1759075477
|switch|p1a: Iron Moth|Iron Moth|100/100
|-enditem|p1a: Iron Moth|Booster Energy
|-activate|p1a: Iron Moth|ability: Quark Drive|[fromitem]
|-start|p1a: Iron Moth|quarkdrivespa
|move|p2a: Phub Catergory|Acid Armor|p2a: Phub Catergory
|-boost|p2a: Phub Catergory|def|2
|
|-heal|p2a: Phub Catergory|100/100|[from] item: Leftovers
|upkeep
|turn|11
|
|t:|1759075489
|switch|p2a: Smiff|Pincurchin, F, shiny|100/100
|-fieldstart|move: Electric Terrain|[from] ability: Electric Surge|[of] p2a: Smiff
|move|p1a: Iron Moth|Sludge Wave|p2a: Smiff
|-damage|p2a: Smiff|4/100
|
|upkeep
|turn|12
|
|t:|1759075497
|move|p1a: Iron Moth|Fiery Dance|p2a: Smiff
|-damage|p2a: Smiff|0 fnt
|-boost|p1a: Iron Moth|spa|1
|faint|p2a: Smiff
|
|upkeep
|
|t:|1759075510
|switch|p2a: Typhlosions Lawyer|Ambipom, F, shiny|21/100
|turn|13
|
|t:|1759075515
|move|p2a: Typhlosions Lawyer|Fake Out|p1a: Iron Moth
|-damage|p1a: Iron Moth|37/100
|-damage|p2a: Typhlosions Lawyer|11/100|[from] item: Life Orb
|cant|p1a: Iron Moth|flinch
|
|upkeep
|turn|14
|
|t:|1759075524
|move|p2a: Typhlosions Lawyer|Covet|p1a: Iron Moth
|-damage|p1a: Iron Moth|0 fnt
|faint|p1a: Iron Moth
|-end|p1a: Iron Moth|Quark Drive|[silent]
|-damage|p2a: Typhlosions Lawyer|2/100|[from] item: Life Orb
|
|upkeep
|
|t:|1759075528
|switch|p1a: Hatterene|Hatterene, F|100/100
|turn|15
|
|t:|1759075536
|move|p2a: Typhlosions Lawyer|Covet|p1a: Hatterene
|-damage|p1a: Hatterene|45/100
|-damage|p2a: Typhlosions Lawyer|0 fnt|[from] item: Life Orb
|faint|p2a: Typhlosions Lawyer
|move|p1a: Hatterene|Psychic|p2: Typhlosions Lawyer|[notarget]
|-fail|p1a: Hatterene
|
|upkeep
|
|t:|1759075547
|switch|p2a: Phub Catergory|Alcremie, F, shiny|100/100
|turn|16
|
|t:|1759075552
|move|p2a: Phub Catergory|Calm Mind|p2a: Phub Catergory
|-boost|p2a: Phub Catergory|spa|1
|-boost|p2a: Phub Catergory|spd|1
|move|p1a: Hatterene|Psychic|p2a: Phub Catergory
|-damage|p2a: Phub Catergory|72/100
|
|-heal|p2a: Phub Catergory|78/100|[from] item: Leftovers
|upkeep
|turn|17
|
|t:|1759075559
|move|p2a: Phub Catergory|Acid Armor|p2a: Phub Catergory
|-boost|p2a: Phub Catergory|def|2
|move|p1a: Hatterene|Nuzzle|p2a: Phub Catergory
|-damage|p2a: Phub Catergory|75/100
|-status|p2a: Phub Catergory|par
|
|-heal|p2a: Phub Catergory|81/100 par|[from] item: Leftovers
|upkeep
|turn|18
|
|t:|1759075568
|switch|p1a: Kingambit|Kingambit, M|100/100
|-activate|p1a: Kingambit|ability: Supreme Overlord
|-start|p1a: Kingambit|fallen2|[silent]
|move|p2a: Phub Catergory|Calm Mind|p2a: Phub Catergory
|-boost|p2a: Phub Catergory|spa|1
|-boost|p2a: Phub Catergory|spd|1
|
|-heal|p2a: Phub Catergory|87/100 par|[from] item: Leftovers
|-fieldend|move: Electric Terrain
|upkeep
|turn|19
|
|t:|1759075577
|move|p1a: Kingambit|Iron Head|p2a: Phub Catergory
|-supereffective|p2a: Phub Catergory
|-damage|p2a: Phub Catergory|32/100 par
|move|p2a: Phub Catergory|Draining Kiss|p1a: Kingambit
|-damage|p1a: Kingambit|66/100
|-heal|p2a: Phub Catergory|63/100 par|[from] drain|[of] p1a: Kingambit
|
|-heal|p1a: Kingambit|73/100|[from] item: Leftovers
|-heal|p2a: Phub Catergory|69/100 par|[from] item: Leftovers
|upkeep
|turn|20
|
|t:|1759075588
|move|p1a: Kingambit|Iron Head|p2a: Phub Catergory
|-supereffective|p2a: Phub Catergory
|-damage|p2a: Phub Catergory|14/100 par
|cant|p2a: Phub Catergory|flinch
|
|-heal|p1a: Kingambit|79/100|[from] item: Leftovers
|-heal|p2a: Phub Catergory|20/100 par|[from] item: Leftovers
|upkeep
|turn|21
|
|t:|1759075594
|move|p1a: Kingambit|Sucker Punch|p2a: Phub Catergory
|-resisted|p2a: Phub Catergory
|-damage|p2a: Phub Catergory|8/100 par
|move|p2a: Phub Catergory|Draining Kiss|p1a: Kingambit
|-damage|p1a: Kingambit|39/100
|-heal|p2a: Phub Catergory|44/100 par|[from] drain|[of] p1a: Kingambit
|
|-heal|p1a: Kingambit|46/100|[from] item: Leftovers
|-heal|p2a: Phub Catergory|50/100 par|[from] item: Leftovers
|upkeep
|turn|22
|
|t:|1759075603
|move|p1a: Kingambit|Iron Head|p2a: Phub Catergory
|-supereffective|p2a: Phub Catergory
|-damage|p2a: Phub Catergory|0 fnt
|faint|p2a: Phub Catergory
|
|-heal|p1a: Kingambit|52/100|[from] item: Leftovers
|upkeep
|
|t:|1759075620
|switch|p2a: Smiff Jr.|Appletun, F, shiny|100/100
|turn|23
|
|t:|1759075628
|move|p1a: Kingambit|Iron Head|p2a: Smiff Jr.
|-damage|p2a: Smiff Jr.|42/100
|cant|p2a: Smiff Jr.|flinch
|
|-heal|p1a: Kingambit|58/100|[from] item: Leftovers
|-heal|p2a: Smiff Jr.|48/100|[from] item: Leftovers
|upkeep
|turn|24
|
|t:|1759075635
|move|p1a: Kingambit|Iron Head|p2a: Smiff Jr.
|-damage|p2a: Smiff Jr.|0 fnt
|faint|p2a: Smiff Jr.
|
|-heal|p1a: Kingambit|64/100|[from] item: Leftovers
|upkeep
|-message|GhostDumbDumb forfeited.
|
|win|link zelda 237
|raw|link zelda 237's rating: 1325 &rarr; <strong>1344</strong><br />(+19 for winning)
|raw|GhostDumbDumb's rating: 1302 &rarr; <strong>1283</strong><br />(-19 for losing)
|l|☆GhostDumbDumb
|player|p2|
|l|☆link zelda 237
|player|p1|
