|badge|p2|bronze|gen9ou|100-6
|html|<div class="broadcast-red"><strong>This battle is required to be public due to one or more player having a season medal.</strong><br />During the public phase, you can discuss the state of the ladder <a href="/seasondiscussion">in a special chatroom.</a></div>
|uhtml|medal-msg|<div class="broadcast-blue">Curious what those medals under the avatar are? PS now has Ladder Seasons! For more information, check out the <a href="https://www.smogon.com/forums/threads/3740067/">thread on Smogon.</a></div>
|j|☆Zu 2 The T0p
|j|☆WogerHater
|t:|1758943855
|gametype|singles
|player|p1|Zu 2 The T0p|dancer|1637
|player|p2|WogerHater|dawn-gen4pt|1890
|gen|9
|tier|[Gen 9] OU
|rated|
|rule|HP Percentage Mod: HP is shown in percentages
|rule|Endless Battle Clause: Forcing endless battles is banned
|rule|Species Clause: Limit one of each Pokémon
|rule|OHKO Clause: OHKO moves are banned
|rule|Evasion Items Clause: Evasion items are banned
|rule|Evasion Moves Clause: Evasion moves are banned
|rule|Evasion Abilities Clause: Evasion abilities are banned
|rule|Sleep Moves Clause: Sleep-inducing moves are banned
|clearpoke
|poke|p1|Iron Jugulis|
|poke|p1|Avalugg, M|
|poke|p1|Pincurchin, M|
|poke|p1|Clodsire, F|
|poke|p1|Raichu-Alola, M|
|poke|p1|Iron Boulder|
|poke|p2|Weezing-Galar, M|
|poke|p2|Ting-Lu|
|poke|p2|Corviknight, F|
|poke|p2|Skeledirge, M|
|poke|p2|Dragapult, F|
|poke|p2|Ogerpon-Wellspring, F|
|teampreview
|inactive|Battle timer is ON: inactive players will automatically lose when time's up. (requested by WogerHater)
|j| 1989 tour
|c|☆Zu 2 The T0p|Glhf
|c| 1989 tour|cheese
|j| locked in bro
|j| larp legion
|inactive|Zu 2 The T0p has 120 seconds left.
|
|t:|1758943888
|teamsize|p1|6
|teamsize|p2|6
|start
|switch|p1a: Pincurchin|Pincurchin, M, shiny|100/100
|switch|p2a: GAS.|Weezing-Galar, M|100/100
|-ability|p2a: GAS.|Neutralizing Gas
|turn|1
|
|t:|1758943892
|move|p2a: GAS.|Sludge Bomb|p1a: Pincurchin
|-damage|p1a: Pincurchin|66/100
|move|p1a: Pincurchin|Discharge|p2a: GAS.
|-damage|p2a: GAS.|65/100
|
|upkeep
|turn|2
|
|t:|1758943902
|move|p2a: GAS.|Sludge Bomb|p1a: Pincurchin
|-damage|p1a: Pincurchin|28/100
|move|p1a: Pincurchin|Recover|p1a: Pincurchin
|-heal|p1a: Pincurchin|78/100
|
|upkeep
|turn|3
|
|t:|1758943922
|move|p2a: GAS.|Sludge Bomb|p1a: Pincurchin
|-damage|p1a: Pincurchin|45/100
|move|p1a: Pincurchin|Discharge|p2a: GAS.
|-damage|p2a: GAS.|31/100
|
|upkeep
|turn|4
|
|t:|1758943930
|-end|p2a: GAS.|ability: Neutralizing Gas
|-fieldstart|move: Electric Terrain|[from] ability: Electric Surge|[of] p1a: Pincurchin
|switch|p2a: Ting-Lu|Ting-Lu, shiny|100/100
|-ability|p2a: Ting-Lu|Vessel of Ruin
|move|p1a: Pincurchin|Recover|p1a: Pincurchin
|-heal|p1a: Pincurchin|95/100
|
|upkeep
|turn|5
|
|t:|1758943938
|switch|p1a: Iron Jugulis|Iron Jugulis, shiny|100/100
|-activate|p1a: Iron Jugulis|ability: Quark Drive
|-start|p1a: Iron Jugulis|quarkdrivespe
|move|p2a: Ting-Lu|Stealth Rock|p1a: Iron Jugulis
|-sidestart|p1: Zu 2 The T0p|move: Stealth Rock
|
|upkeep
|turn|6
|
|t:|1758943941
|move|p1a: Iron Jugulis|Focus Blast|p2a: Ting-Lu
|-supereffective|p2a: Ting-Lu
|-damage|p2a: Ting-Lu|67/100
|move|p2a: Ting-Lu|Heavy Slam|p1a: Iron Jugulis
|-damage|p1a: Iron Jugulis|63/100
|
|-heal|p2a: Ting-Lu|74/100|[from] item: Leftovers
|upkeep
|turn|7
|
|t:|1758943945
|move|p1a: Iron Jugulis|Focus Blast|p2a: Ting-Lu
|-supereffective|p2a: Ting-Lu
|-damage|p2a: Ting-Lu|41/100
|move|p2a: Ting-Lu|Heavy Slam|p1a: Iron Jugulis
|-damage|p1a: Iron Jugulis|27/100
|
|-heal|p2a: Ting-Lu|47/100|[from] item: Leftovers
|upkeep
|turn|8
|
|t:|1758943954
|-end|p1a: Iron Jugulis|Quark Drive|[silent]
|switch|p1a: Avalugg|Avalugg, M, shiny|100/100
|move|p2a: Ting-Lu|Heavy Slam|p1a: Avalugg
|-supereffective|p1a: Avalugg
|-damage|p1a: Avalugg|92/100
|
|-heal|p2a: Ting-Lu|53/100|[from] item: Leftovers
|upkeep
|turn|9
|
|t:|1758943959
|switch|p2a: Skeledirge|Skeledirge, M|100/100
|switch|p1a: Iron Jugulis|Iron Jugulis, shiny|27/100
|-damage|p1a: Iron Jugulis|2/100|[from] Stealth Rock
|-activate|p1a: Iron Jugulis|ability: Quark Drive
|-start|p1a: Iron Jugulis|quarkdrivespe
|
|upkeep
|turn|10
|
|t:|1758943963
|move|p1a: Iron Jugulis|Meteor Beam||[still]
|-prepare|p1a: Iron Jugulis|Meteor Beam
|-boost|p1a: Iron Jugulis|spa|1
|-enditem|p1a: Iron Jugulis|Power Herb
|-anim|p1a: Iron Jugulis|Meteor Beam|p2a: Skeledirge
|-supereffective|p2a: Skeledirge
|-damage|p2a: Skeledirge|39/100
|move|p2a: Skeledirge|Torch Song|p1a: Iron Jugulis
|-damage|p1a: Iron Jugulis|0 fnt
|-boost|p2a: Skeledirge|spa|1
|faint|p1a: Iron Jugulis
|-end|p1a: Iron Jugulis|Quark Drive|[silent]
|
|upkeep
|
|t:|1758943971
|switch|p1a: Iron Boulder|Iron Boulder|100/100
|-damage|p1a: Iron Boulder|88/100|[from] Stealth Rock
|-activate|p1a: Iron Boulder|ability: Quark Drive
|-start|p1a: Iron Boulder|quarkdrivespe
|turn|11
|
|t:|1758943979
|-terastallize|p1a: Iron Boulder|Rock
|move|p1a: Iron Boulder|Mighty Cleave|p2a: Skeledirge
|-supereffective|p2a: Skeledirge
|-damage|p2a: Skeledirge|0 fnt
|faint|p2a: Skeledirge
|
|-fieldend|move: Electric Terrain
|-end|p1a: Iron Boulder|Quark Drive
|upkeep
|
|t:|1758943981
|switch|p2a: Ogerpon|Ogerpon-Wellspring, F|100/100
|turn|12
|
|t:|1758943985
|-end|p1a: Iron Boulder|Quark Drive|[silent]
|switch|p1a: Avalugg|Avalugg, M, shiny|92/100
|move|p2a: Ogerpon|Ivy Cudgel|p1a: Avalugg|[anim] Ivy Cudgel Water
|-damage|p1a: Avalugg|72/100
|
|upkeep
|turn|13
|
|t:|1758943992
|move|p2a: Ogerpon|Knock Off|p1a: Avalugg
|-damage|p1a: Avalugg|59/100
|-enditem|p1a: Avalugg|Heavy-Duty Boots|[from] move: Knock Off|[of] p2a: Ogerpon
|move|p1a: Avalugg|Recover|p1a: Avalugg
|-heal|p1a: Avalugg|100/100
|
|upkeep
|turn|14
|
|t:|1758943997
|switch|p2a: GAS.|Weezing-Galar, M|31/100
|-ability|p2a: GAS.|Neutralizing Gas
|move|p1a: Avalugg|Avalanche|p2a: GAS.
|-damage|p2a: GAS.|14/100
|
|upkeep
|turn|15
|
|t:|1758944007
|move|p2a: GAS.|Pain Split|p1a: Avalugg
|-sethp|p1a: Avalugg|56/100|[from] move: Pain Split|[silent]
|-sethp|p2a: GAS.|66/100|[from] move: Pain Split
|move|p1a: Avalugg|Rapid Spin|p2a: GAS.
|-damage|p2a: GAS.|58/100
|-boost|p1a: Avalugg|spe|1
|-sideend|p1: Zu 2 The T0p|Stealth Rock|[from] move: Rapid Spin|[of] p1a: Avalugg
|
|upkeep
|turn|16
|
|t:|1758944012
|switch|p1a: Pincurchin|Pincurchin, M, shiny|95/100
|move|p2a: GAS.|Sludge Bomb|p1a: Pincurchin
|-damage|p1a: Pincurchin|63/100
|
|upkeep
|turn|17
|
|t:|1758944028
|switch|p1a: Clodsire|Clodsire, F, shiny|100/100
|move|p2a: GAS.|Sludge Bomb|p1a: Clodsire
|-resisted|p1a: Clodsire
|-damage|p1a: Clodsire|97/100
|
|-heal|p1a: Clodsire|100/100|[from] item: Leftovers
|upkeep
|turn|18
|
|t:|1758944033
|move|p2a: GAS.|Will-O-Wisp|p1a: Clodsire
|-status|p1a: Clodsire|brn
|move|p1a: Clodsire|Stealth Rock|p2a: GAS.
|-sidestart|p2: WogerHater|move: Stealth Rock
|
|-damage|p1a: Clodsire|94/100 brn|[from] brn
|upkeep
|turn|19
|
|t:|1758944036
|move|p2a: GAS.|Defog|p1a: Clodsire
|-unboost|p1a: Clodsire|evasion|1
|-sideend|p2: WogerHater|Stealth Rock|[from] move: Defog|[of] p2a: GAS.
|move|p1a: Clodsire|Earthquake|p2a: GAS.
|-supereffective|p2a: GAS.
|-damage|p2a: GAS.|39/100
|
|-heal|p1a: Clodsire|100/100 brn|[from] item: Leftovers
|-damage|p1a: Clodsire|94/100 brn|[from] brn
|upkeep
|turn|20
|
|t:|1758944061
|move|p2a: GAS.|Pain Split|p1a: Clodsire
|-sethp|p1a: Clodsire|61/100 brn|[from] move: Pain Split|[silent]
|-sethp|p2a: GAS.|85/100|[from] move: Pain Split
|move|p1a: Clodsire|Stealth Rock|p2a: GAS.
|-sidestart|p2: WogerHater|move: Stealth Rock
|
|-heal|p1a: Clodsire|68/100 brn|[from] item: Leftovers
|-damage|p1a: Clodsire|61/100 brn|[from] brn
|upkeep
|turn|21
|
|t:|1758944063
|move|p2a: GAS.|Defog|p1a: Clodsire
|-unboost|p1a: Clodsire|evasion|1
|-sideend|p2: WogerHater|Stealth Rock|[from] move: Defog|[of] p2a: GAS.
|move|p1a: Clodsire|Earthquake|p2a: GAS.
|-supereffective|p2a: GAS.
|-damage|p2a: GAS.|67/100
|
|-heal|p1a: Clodsire|68/100 brn|[from] item: Leftovers
|-damage|p1a: Clodsire|61/100 brn|[from] brn
|upkeep
|turn|22
|
|t:|1758944070
|move|p2a: GAS.|Pain Split|p1a: Clodsire
|-sethp|p1a: Clodsire|55/100 brn|[from] move: Pain Split|[silent]
|-sethp|p2a: GAS.|76/100|[from] move: Pain Split
|move|p1a: Clodsire|Stealth Rock|p2a: GAS.
|-sidestart|p2: WogerHater|move: Stealth Rock
|
|-heal|p1a: Clodsire|61/100 brn|[from] item: Leftovers
|-damage|p1a: Clodsire|55/100 brn|[from] brn
|upkeep
|turn|23
|
|t:|1758944075
|move|p2a: GAS.|Defog|p1a: Clodsire
|-unboost|p1a: Clodsire|evasion|1
|-sideend|p2: WogerHater|Stealth Rock|[from] move: Defog|[of] p2a: GAS.
|move|p1a: Clodsire|Earthquake|p2a: GAS.
|-supereffective|p2a: GAS.
|-damage|p2a: GAS.|59/100
|
|-heal|p1a: Clodsire|61/100 brn|[from] item: Leftovers
|-damage|p1a: Clodsire|55/100 brn|[from] brn
|upkeep
|turn|24
|
|t:|1758944078
|move|p2a: GAS.|Sludge Bomb|p1a: Clodsire
|-resisted|p1a: Clodsire
|-damage|p1a: Clodsire|51/100 brn
|move|p1a: Clodsire|Stealth Rock|p2a: GAS.
|-sidestart|p2: WogerHater|move: Stealth Rock
|
|-heal|p1a: Clodsire|57/100 brn|[from] item: Leftovers
|-damage|p1a: Clodsire|51/100 brn|[from] brn
|upkeep
|turn|25
|
|t:|1758944080
|move|p2a: GAS.|Defog|p1a: Clodsire
|-unboost|p1a: Clodsire|evasion|1
|-sideend|p2: WogerHater|Stealth Rock|[from] move: Defog|[of] p2a: GAS.
|move|p1a: Clodsire|Earthquake|p2a: GAS.
|-supereffective|p2a: GAS.
|-damage|p2a: GAS.|41/100
|
|-heal|p1a: Clodsire|57/100 brn|[from] item: Leftovers
|-damage|p1a: Clodsire|51/100 brn|[from] brn
|upkeep
|turn|26
|
|t:|1758944083
|-end|p2a: GAS.|ability: Neutralizing Gas
|switch|p2a: Ting-Lu|Ting-Lu, shiny|53/100
|-ability|p2a: Ting-Lu|Vessel of Ruin
|move|p1a: Clodsire|Stealth Rock|p2a: Ting-Lu
|-sidestart|p2: WogerHater|move: Stealth Rock
|
|-heal|p2a: Ting-Lu|60/100|[from] item: Leftovers
|-heal|p1a: Clodsire|57/100 brn|[from] item: Leftovers
|-damage|p1a: Clodsire|51/100 brn|[from] brn
|upkeep
|turn|27
|
|t:|1758944088
|switch|p1a: Avalugg|Avalugg, M, shiny|56/100
|move|p2a: Ting-Lu|Stealth Rock|p1a: Avalugg
|-sidestart|p1: Zu 2 The T0p|move: Stealth Rock
|
|-heal|p2a: Ting-Lu|66/100|[from] item: Leftovers
|upkeep
|turn|28
|
|t:|1758944091
|switch|p2a: GAS.|Weezing-Galar, M|41/100
|-ability|p2a: GAS.|Neutralizing Gas
|move|p1a: Avalugg|Avalanche|p2a: GAS.
|-damage|p2a: GAS.|26/100
|
|upkeep
|turn|29
|
|t:|1758944101
|switch|p1a: Clodsire|Clodsire, F, shiny|51/100 brn
|-damage|p1a: Clodsire|45/100 brn|[from] Stealth Rock
|move|p2a: GAS.|Pain Split|p1a: Clodsire
|-sethp|p1a: Clodsire|32/100 brn|[from] move: Pain Split|[silent]
|-sethp|p2a: GAS.|44/100|[from] move: Pain Split
|
|-heal|p1a: Clodsire|38/100 brn|[from] item: Leftovers
|-damage|p1a: Clodsire|32/100 brn|[from] brn
|upkeep
|turn|30
|
|t:|1758944104
|-end|p2a: GAS.|ability: Neutralizing Gas
|switch|p2a: Ogerpon|Ogerpon-Wellspring, F|100/100
|-damage|p2a: Ogerpon|88/100|[from] Stealth Rock
|move|p1a: Clodsire|Recover|p1a: Clodsire
|-heal|p1a: Clodsire|82/100 brn
|
|-heal|p1a: Clodsire|88/100 brn|[from] item: Leftovers
|-damage|p1a: Clodsire|82/100 brn|[from] brn
|upkeep
|turn|31
|
|t:|1758944108
|switch|p1a: Avalugg|Avalugg, M, shiny|56/100
|-damage|p1a: Avalugg|31/100|[from] Stealth Rock
|move|p2a: Ogerpon|Spikes|p1a: Avalugg
|-sidestart|p1: Zu 2 The T0p|Spikes
|
|upkeep
|turn|32
|
|t:|1758944112
|switch|p2a: Dragapult|Dragapult, F|100/100
|-damage|p2a: Dragapult|88/100|[from] Stealth Rock
|move|p1a: Avalugg|Recover|p1a: Avalugg
|-heal|p1a: Avalugg|81/100
|
|upkeep
|turn|33
|
|t:|1758944115
|switch|p1a: Pincurchin|Pincurchin, M, shiny|63/100
|-damage|p1a: Pincurchin|51/100|[from] Stealth Rock
|-damage|p1a: Pincurchin|38/100|[from] Spikes
|-fieldstart|move: Electric Terrain|[from] ability: Electric Surge|[of] p1a: Pincurchin
|move|p2a: Dragapult|Shadow Ball|p1a: Pincurchin
|-damage|p1a: Pincurchin|0 fnt
|faint|p1a: Pincurchin
|
|upkeep
|
|t:|1758944117
|switch|p1a: Iron Boulder|Iron Boulder, tera:Rock|88/100
|-damage|p1a: Iron Boulder|76/100|[from] Stealth Rock
|-damage|p1a: Iron Boulder|63/100|[from] Spikes
|-activate|p1a: Iron Boulder|ability: Quark Drive
|-start|p1a: Iron Boulder|quarkdrivespe
|turn|34
|
|t:|1758944121
|switch|p2a: GAS.|Weezing-Galar, M|44/100
|-ability|p2a: GAS.|Neutralizing Gas
|move|p1a: Iron Boulder|Mighty Cleave|p2a: GAS.
|-damage|p2a: GAS.|0 fnt
|faint|p2a: GAS.
|-end|p2a: GAS.|ability: Neutralizing Gas
|
|upkeep
|
|t:|1758944125
|switch|p2a: Ting-Lu|Ting-Lu, shiny|66/100
|-damage|p2a: Ting-Lu|60/100|[from] Stealth Rock
|-ability|p2a: Ting-Lu|Vessel of Ruin
|turn|35
|
|t:|1758944128
|-end|p1a: Iron Boulder|Quark Drive|[silent]
|switch|p1a: Avalugg|Avalugg, M, shiny|81/100
|-damage|p1a: Avalugg|56/100|[from] Stealth Rock
|-damage|p1a: Avalugg|44/100|[from] Spikes
|move|p2a: Ting-Lu|Earthquake|p1a: Avalugg
|-crit|p1a: Avalugg
|-damage|p1a: Avalugg|23/100
|
|-heal|p2a: Ting-Lu|66/100|[from] item: Leftovers
|upkeep
|turn|36
|
|t:|1758944133
|switch|p2a: Dragapult|Dragapult, F|88/100
|-damage|p2a: Dragapult|76/100|[from] Stealth Rock
|move|p1a: Avalugg|Recover|p1a: Avalugg
|-heal|p1a: Avalugg|73/100
|
|upkeep
|turn|37
|
|t:|1758944137
|switch|p1a: Clodsire|Clodsire, F, shiny|82/100 brn
|-damage|p1a: Clodsire|75/100 brn|[from] Stealth Rock
|-damage|p1a: Clodsire|63/100 brn|[from] Spikes
|move|p2a: Dragapult|Hex|p1a: Clodsire
|-damage|p1a: Clodsire|15/100 brn
|
|-heal|p1a: Clodsire|21/100 brn|[from] item: Leftovers
|-damage|p1a: Clodsire|15/100 brn|[from] brn
|upkeep
|turn|38
|
|t:|1758944140
|move|p2a: Dragapult|Hex|p1a: Clodsire
|-damage|p1a: Clodsire|0 fnt
|faint|p1a: Clodsire
|
|upkeep
|
|t:|1758944142
|switch|p1a: Iron Boulder|Iron Boulder, tera:Rock|63/100
|-damage|p1a: Iron Boulder|51/100|[from] Stealth Rock
|-damage|p1a: Iron Boulder|38/100|[from] Spikes
|-activate|p1a: Iron Boulder|ability: Quark Drive
|-start|p1a: Iron Boulder|quarkdrivespe
|turn|39
|
|t:|1758944147
|switch|p2a: Ting-Lu|Ting-Lu, shiny|66/100
|-damage|p2a: Ting-Lu|60/100|[from] Stealth Rock
|-ability|p2a: Ting-Lu|Vessel of Ruin
|move|p1a: Iron Boulder|Mighty Cleave|p2a: Ting-Lu
|-resisted|p2a: Ting-Lu
|-damage|p2a: Ting-Lu|35/100
|
|-heal|p2a: Ting-Lu|41/100|[from] item: Leftovers
|upkeep
|turn|40
|
|t:|1758944152
|-end|p1a: Iron Boulder|Quark Drive|[silent]
|switch|p1a: Avalugg|Avalugg, M, shiny|73/100
|-damage|p1a: Avalugg|48/100|[from] Stealth Rock
|-damage|p1a: Avalugg|35/100|[from] Spikes
|move|p2a: Ting-Lu|Earthquake|p1a: Avalugg
|-damage|p1a: Avalugg|21/100
|
|-heal|p2a: Ting-Lu|47/100|[from] item: Leftovers
|-fieldend|move: Electric Terrain
|upkeep
|turn|41
|
|t:|1758944157
|move|p2a: Ting-Lu|Earthquake|p1a: Avalugg
|-damage|p1a: Avalugg|7/100
|move|p1a: Avalugg|Avalanche|p2a: Ting-Lu
|-supereffective|p2a: Ting-Lu
|-damage|p2a: Ting-Lu|0 fnt
|faint|p2a: Ting-Lu
|
|upkeep
|
|t:|1758944159
|switch|p2a: Dragapult|Dragapult, F|76/100
|-damage|p2a: Dragapult|64/100|[from] Stealth Rock
|turn|42
|
|t:|1758944162
|move|p2a: Dragapult|Shadow Ball|p1a: Avalugg
|-crit|p1a: Avalugg
|-damage|p1a: Avalugg|0 fnt
|faint|p1a: Avalugg
|
|upkeep
|-message|Zu 2 The T0p forfeited.
|
|win|WogerHater
|raw|Zu 2 The T0p's rating: 1637 &rarr; <strong>1629</strong><br />(-8 for losing)
|raw|WogerHater's rating: 1890 &rarr; <strong>1898</strong><br />(+8 for winning)
|l|☆Zu 2 The T0p
|player|p1|
|l| locked in bro
|l|☆WogerHater
|player|p2|
|l| 1989 tour
|l| larp legion
