|j|☆ohjeebus
|j|☆Lasker
|t:|1758973227
|gametype|singles
|player|p1|ohjeebus|koga|1507
|player|p2|Lasker|brycen|1585
|gen|9
|tier|[Gen 9] OU
|rated|
|rule|HP Percentage Mod: HP is shown in percentages
|rule|Endless Battle Clause: Forcing endless battles is banned
|rule|Species Clause: Limit one of each Pokémon
|rule|OHKO Clause: OHKO moves are banned
|rule|Evasion Items Clause: Evasion items are banned
|rule|Evasion Moves Clause: Evasion moves are banned
|rule|Evasion Abilities Clause: Evasion abilities are banned
|rule|Sleep Moves Clause: Sleep-inducing moves are banned
|clearpoke
|poke|p1|Zamazenta-*|
|poke|p1|Weezing-Galar, F|
|poke|p1|Kingambit, M|
|poke|p1|Weavile, F|
|poke|p1|Ceruledge, M|
|poke|p1|Ting-Lu|
|poke|p2|Iron Valiant|
|poke|p2|Cinderace, F|
|poke|p2|Ting-Lu|
|poke|p2|Incineroar, M|
|poke|p2|Kyurem|
|poke|p2|Dragapult, M|
|teampreview
|inactive|Battle timer is ON: inactive players will automatically lose when time's up. (requested by ohjeebus)
|
|t:|1758973255
|teamsize|p1|6
|teamsize|p2|6
|start
|switch|p1a: Weavile|Weavile, F|100/100
|switch|p2a: Angry Winnie|Incineroar, M|100/100
|-ability|p1a: Weavile|Pressure
|-ability|p2a: Angry Winnie|Intimidate|boost
|-unboost|p1a: Weavile|atk|1
|turn|1
|
|t:|1758973264
|switch|p1a: Weezing|Weezing-Galar, F|100/100
|-ability|p1a: Weezing|Neutralizing Gas
|move|p2a: Angry Winnie|Will-O-Wisp|p1a: Weezing
|-status|p1a: Weezing|brn
|
|-damage|p1a: Weezing|95/100 brn|[from] brn
|upkeep
|turn|2
|
|t:|1758973273
|move|p2a: Angry Winnie|Knock Off|p1a: Weezing
|-resisted|p1a: Weezing
|-damage|p1a: Weezing|82/100 brn
|-damage|p2a: Angry Winnie|84/100|[from] item: Rocky Helmet|[of] p1a: Weezing
|-enditem|p1a: Weezing|Rocky Helmet|[from] move: Knock Off|[of] p2a: Angry Winnie
|move|p1a: Weezing|Will-O-Wisp|p2a: Angry Winnie
|-immune|p2a: Angry Winnie
|
|-heal|p2a: Angry Winnie|90/100|[from] item: Leftovers
|-damage|p1a: Weezing|76/100 brn|[from] brn
|upkeep
|turn|3
|
|t:|1758973284
|move|p2a: Angry Winnie|Taunt|p1a: Weezing
|-start|p1a: Weezing|move: Taunt
|cant|p1a: Weezing|move: Taunt|Will-O-Wisp
|
|-heal|p2a: Angry Winnie|96/100|[from] item: Leftovers
|-damage|p1a: Weezing|70/100 brn|[from] brn
|upkeep
|turn|4
|
|t:|1758973292
|move|p2a: Angry Winnie|Knock Off|p1a: Weezing
|-resisted|p1a: Weezing
|-damage|p1a: Weezing|62/100 brn
|move|p1a: Weezing|Strange Steam|p2a: Angry Winnie
|-damage|p2a: Angry Winnie|70/100
|
|-heal|p2a: Angry Winnie|76/100|[from] item: Leftovers
|-damage|p1a: Weezing|56/100 brn|[from] brn
|upkeep
|turn|5
|
|t:|1758973314
|move|p1a: Weezing|Strange Steam|p2a: Angry Winnie
|-damage|p2a: Angry Winnie|49/100
|-start|p2a: Angry Winnie|confusion
|-activate|p2a: Angry Winnie|confusion
|move|p2a: Angry Winnie|Parting Shot|p1a: Weezing
|-unboost|p1a: Weezing|atk|1
|-unboost|p1a: Weezing|spa|1
|
|t:|1758973326
|switch|p2a: Bang Bus|Cinderace, F|100/100|[from] Parting Shot
|
|-damage|p1a: Weezing|50/100 brn|[from] brn
|-end|p1a: Weezing|move: Taunt
|upkeep
|turn|6
|
|t:|1758973332
|move|p2a: Bang Bus|Pyro Ball|p1a: Weezing
|-damage|p1a: Weezing|0 fnt
|faint|p1a: Weezing
|-end|p1a: Weezing|ability: Neutralizing Gas
|
|upkeep
|
|t:|1758973341
|switch|p1a: Ceruledge|Ceruledge, M|100/100
|turn|7
|
|t:|1758973344
|switch|p2a: Angry Winnie|Incineroar, M|49/100
|-ability|p2a: Angry Winnie|Intimidate|boost
|-unboost|p1a: Ceruledge|atk|1
|move|p1a: Ceruledge|Swords Dance|p1a: Ceruledge
|-boost|p1a: Ceruledge|atk|2
|
|-heal|p2a: Angry Winnie|56/100|[from] item: Leftovers
|upkeep
|turn|8
|inactive|Lasker has 120 seconds left.
|
|t:|1758973385
|-terastallize|p1a: Ceruledge|Fairy
|move|p1a: Ceruledge|Swords Dance|p1a: Ceruledge
|-boost|p1a: Ceruledge|atk|2
|move|p2a: Angry Winnie|Parting Shot|p1a: Ceruledge
|-unboost|p1a: Ceruledge|atk|1
|-unboost|p1a: Ceruledge|spa|1
|
|t:|1758973407
|switch|p2a: Landlord|Kyurem|100/100|[from] Parting Shot
|-ability|p2a: Landlord|Pressure
|
|upkeep
|turn|9
|
|t:|1758973412
|move|p2a: Landlord|Ice Beam|p1a: Ceruledge
|-damage|p1a: Ceruledge|40/100
|move|p1a: Ceruledge|Bitter Blade|p2a: Landlord
|-damage|p2a: Landlord|9/100
|-heal|p1a: Ceruledge|100/100|[from] drain|[of] p2a: Landlord
|
|upkeep
|turn|10
|
|t:|1758973433
|switch|p2a: Angry Winnie|Incineroar, M|56/100
|-ability|p2a: Angry Winnie|Intimidate|boost
|-unboost|p1a: Ceruledge|atk|1
|move|p1a: Ceruledge|Swords Dance|p1a: Ceruledge
|-boost|p1a: Ceruledge|atk|2
|
|-heal|p2a: Angry Winnie|62/100|[from] item: Leftovers
|upkeep
|turn|11
|
|t:|1758973441
|move|p1a: Ceruledge|Tera Blast|p2a: Angry Winnie|[anim] Tera Blast Fairy
|-damage|p2a: Angry Winnie|0 fnt
|faint|p2a: Angry Winnie
|
|upkeep
|
|t:|1758973448
|switch|p2a: Bang Bus|Cinderace, F|100/100
|turn|12
|
|t:|1758973454
|move|p2a: Bang Bus|Gunk Shot|p1a: Ceruledge
|-start|p2a: Bang Bus|typechange|Poison|[from] ability: Libero
|-supereffective|p1a: Ceruledge
|-damage|p1a: Ceruledge|0 fnt
|faint|p1a: Ceruledge
|
|upkeep
|
|t:|1758973458
|switch|p1a: Weavile|Weavile, F|100/100
|-ability|p1a: Weavile|Pressure
|turn|13
|
|t:|1758973464
|switch|p2a: Landlord|Kyurem|9/100
|-ability|p2a: Landlord|Pressure
|move|p1a: Weavile|Swords Dance|p1a: Weavile
|-boost|p1a: Weavile|atk|2
|
|upkeep
|turn|14
|
|t:|1758973472
|move|p1a: Weavile|Swords Dance|p1a: Weavile
|-boost|p1a: Weavile|atk|2
|move|p2a: Landlord|Earth Power|p1a: Weavile
|-damage|p1a: Weavile|54/100
|
|upkeep
|turn|15
|
|t:|1758973481
|move|p1a: Weavile|Knock Off|p2a: Landlord
|-damage|p2a: Landlord|0 fnt
|-enditem|p2a: Landlord|Heavy-Duty Boots|[from] move: Knock Off|[of] p1a: Weavile
|faint|p2a: Landlord
|
|upkeep
|
|t:|1758973492
|switch|p2a: Wagallade|Iron Valiant|100/100
|-enditem|p2a: Wagallade|Booster Energy
|-activate|p2a: Wagallade|ability: Quark Drive|[fromitem]
|-start|p2a: Wagallade|quarkdrivespe
|turn|16
|
|t:|1758973500
|-terastallize|p2a: Wagallade|Steel
|move|p1a: Weavile|Ice Shard|p2a: Wagallade
|-resisted|p2a: Wagallade
|-damage|p2a: Wagallade|62/100
|move|p2a: Wagallade|Spirit Break|p1a: Weavile
|-supereffective|p1a: Weavile
|-damage|p1a: Weavile|0 fnt
|faint|p1a: Weavile
|
|upkeep
|
|t:|1758973503
|switch|p1a: Zamazenta|Zamazenta|100/100
|-ability|p1a: Zamazenta|Dauntless Shield|boost
|-boost|p1a: Zamazenta|def|1
|turn|17
|
|t:|1758973513
|move|p2a: Wagallade|Spirit Break|p1a: Zamazenta
|-supereffective|p1a: Zamazenta
|-damage|p1a: Zamazenta|56/100
|-unboost|p1a: Zamazenta|spa|1
|move|p1a: Zamazenta|Close Combat|p2a: Wagallade
|-supereffective|p2a: Wagallade
|-damage|p2a: Wagallade|0 fnt
|-unboost|p1a: Zamazenta|def|1
|-unboost|p1a: Zamazenta|spd|1
|faint|p2a: Wagallade
|-end|p2a: Wagallade|Quark Drive|[silent]
|
|upkeep
|
|t:|1758973527
|switch|p2a: Pervert|Dragapult, M|100/100
|turn|18
|
|t:|1758973532
|switch|p1a: Ting-Lu|Ting-Lu|100/100
|-ability|p1a: Ting-Lu|Vessel of Ruin
|move|p2a: Pervert|Draco Meteor|p1a: Ting-Lu
|-damage|p1a: Ting-Lu|63/100
|-unboost|p2a: Pervert|spa|2
|
|-heal|p1a: Ting-Lu|69/100|[from] item: Leftovers
|upkeep
|turn|19
|
|t:|1758973543
|switch|p2a: Eeyore|Ting-Lu|100/100
|-ability|p2a: Eeyore|Vessel of Ruin
|move|p1a: Ting-Lu|Earthquake|p2a: Eeyore
|-damage|p2a: Eeyore|80/100
|
|-heal|p1a: Ting-Lu|75/100|[from] item: Leftovers
|-heal|p2a: Eeyore|86/100|[from] item: Leftovers
|upkeep
|turn|20
|
|t:|1758973554
|move|p2a: Eeyore|Stealth Rock|p1a: Ting-Lu
|-sidestart|p1: ohjeebus|move: Stealth Rock
|move|p1a: Ting-Lu|Earthquake|p2a: Eeyore
|-damage|p2a: Eeyore|67/100
|
|-heal|p1a: Ting-Lu|82/100|[from] item: Leftovers
|-heal|p2a: Eeyore|73/100|[from] item: Leftovers
|upkeep
|turn|21
|
|t:|1758973560
|move|p2a: Eeyore|Ruination|p1a: Ting-Lu
|-damage|p1a: Ting-Lu|41/100
|move|p1a: Ting-Lu|Earthquake|p2a: Eeyore
|-damage|p2a: Eeyore|55/100
|
|-heal|p2a: Eeyore|62/100|[from] item: Leftovers
|-heal|p1a: Ting-Lu|47/100|[from] item: Leftovers
|upkeep
|turn|22
|l|☆Lasker
|inactive|Lasker disconnected and has a minute to reconnect!
|player|p2|
|inactive|Lasker has 30 seconds to reconnect!
|inactive|Lasker has 20 seconds to reconnect!
|inactive|Lasker has 15 seconds to reconnect!
|inactive|Lasker has 10 seconds to reconnect!
|inactive|Lasker has 5 seconds to reconnect!
|-message|Lasker lost due to inactivity.
|
|win|ohjeebus
|raw|ohjeebus's rating: 1507 &rarr; <strong>1531</strong><br />(+24 for winning)
|raw|Lasker's rating: 1585 &rarr; <strong>1561</strong><br />(-24 for losing)
