|j|☆QWASXC
|j|☆taipan11
|t:|1758957919
|gametype|singles
|player|p1|QWASXC|2|1080
|player|p2|taipan11|102|1099
|gen|9
|tier|[Gen 9] OU
|rated|
|rule|HP Percentage Mod: HP is shown in percentages
|rule|Endless Battle Clause: Forcing endless battles is banned
|rule|Species Clause: Limit one of each Pokémon
|rule|OHKO Clause: OHKO moves are banned
|rule|Evasion Items Clause: Evasion items are banned
|rule|Evasion Moves Clause: Evasion moves are banned
|rule|Evasion Abilities Clause: Evasion abilities are banned
|rule|Sleep Moves Clause: Sleep-inducing moves are banned
|clearpoke
|poke|p1|Flygon, M|
|poke|p1|Garganacl, M|
|poke|p1|Armarouge, M|
|poke|p1|Ogerpon-Wellspring, F|
|poke|p1|Regirock|
|poke|p1|Revavroom, M|
|poke|p2|Ninetales, F|
|poke|p2|Dragonite, M|
|poke|p2|Venusaur, F|
|poke|p2|Hatterene, F|
|poke|p2|Great Tusk|
|poke|p2|Walking Wake|
|teampreview
|
|t:|1758957926
|teamsize|p1|6
|teamsize|p2|6
|start
|switch|p1a: Revavroom|Revavroom, M|100/100
|switch|p2a: Kurama Chakra Mode|Ninetales, F|100/100
|-weather|SunnyDay|[from] ability: Drought|[of] p2a: Kurama Chakra Mode
|-item|p1a: Revavroom|Air Balloon
|turn|1
|
|t:|1758957941
|move|p2a: Kurama Chakra Mode|Flamethrower|p1a: Revavroom
|-supereffective|p1a: Revavroom
|-damage|p1a: Revavroom|12/100
|-enditem|p1a: Revavroom|Air Balloon
|move|p1a: Revavroom|Shift Gear|p1a: Revavroom
|-boost|p1a: Revavroom|spe|2
|-boost|p1a: Revavroom|atk|1
|
|-weather|SunnyDay|[upkeep]
|upkeep
|turn|2
|
|t:|1758957952
|move|p1a: Revavroom|Gunk Shot|p2a: Kurama Chakra Mode
|-damage|p2a: Kurama Chakra Mode|0 fnt
|faint|p2a: Kurama Chakra Mode
|
|-weather|SunnyDay|[upkeep]
|upkeep
|
|t:|1758957958
|switch|p2a: Dragonite|Dragonite, M|100/100
|turn|3
|
|t:|1758957962
|move|p2a: Dragonite|Extreme Speed|p1a: Revavroom
|-resisted|p1a: Revavroom
|-damage|p1a: Revavroom|0 fnt
|faint|p1a: Revavroom
|
|-weather|SunnyDay|[upkeep]
|upkeep
|
|t:|1758957970
|switch|p1a: Garganacl|Garganacl, M|100/100
|turn|4
|
|t:|1758957973
|move|p2a: Dragonite|Earthquake|p1a: Garganacl
|-supereffective|p1a: Garganacl
|-damage|p1a: Garganacl|59/100
|move|p1a: Garganacl|Ice Punch|p2a: Dragonite
|-supereffective|p2a: Dragonite
|-damage|p2a: Dragonite|62/100
|
|-weather|SunnyDay|[upkeep]
|upkeep
|turn|5
|
|t:|1758957983
|move|p2a: Dragonite|Earthquake|p1a: Garganacl
|-supereffective|p1a: Garganacl
|-damage|p1a: Garganacl|18/100
|move|p1a: Garganacl|Recover|p1a: Garganacl
|-heal|p1a: Garganacl|68/100
|
|-weather|SunnyDay|[upkeep]
|upkeep
|turn|6
|
|t:|1758957991
|switch|p2a: Die w A Smile|Hatterene, F|100/100
|move|p1a: Garganacl|Recover|p1a: Garganacl
|-heal|p1a: Garganacl|100/100
|
|-weather|SunnyDay|[upkeep]
|upkeep
|turn|7
|
|t:|1758957999
|move|p1a: Garganacl|Salt Cure|p2a: Die w A Smile
|-damage|p2a: Die w A Smile|88/100
|-start|p2a: Die w A Smile|Salt Cure
|-enditem|p2a: Die w A Smile|Eject Button
|
|t:|1758958002
|switch|p2a: Dubya|Walking Wake|100/100
|-activate|p2a: Dubya|ability: Protosynthesis
|-start|p2a: Dubya|protosynthesisspa
|
|-weather|SunnyDay|[upkeep]
|upkeep
|turn|8
|
|t:|1758958010
|move|p2a: Dubya|Hydro Steam|p1a: Garganacl
|-supereffective|p1a: Garganacl
|-damage|p1a: Garganacl|0 fnt
|faint|p1a: Garganacl
|
|-weather|none
|-end|p2a: Dubya|Protosynthesis
|upkeep
|
|t:|1758958018
|switch|p1a: Ogerpon|Ogerpon-Wellspring, F|100/100
|turn|9
|
|t:|1758958024
|-end|p2a: Dubya|Protosynthesis|[silent]
|switch|p2a: Die w A Smile|Hatterene, F|88/100
|move|p1a: Ogerpon|Play Rough|p2a: Die w A Smile
|-damage|p2a: Die w A Smile|55/100
|-unboost|p2a: Die w A Smile|atk|1
|
|upkeep
|turn|10
|
|t:|1758958031
|move|p1a: Ogerpon|Ivy Cudgel|p2a: Die w A Smile|[anim] Ivy Cudgel Water
|-damage|p2a: Die w A Smile|1/100
|move|p2a: Die w A Smile|Nuzzle|p1a: Ogerpon
|-damage|p1a: Ogerpon|97/100
|-status|p1a: Ogerpon|par
|
|upkeep
|turn|11
|
|t:|1758958042
|move|p1a: Ogerpon|Ivy Cudgel|p2a: Die w A Smile|[anim] Ivy Cudgel Water
|-damage|p2a: Die w A Smile|0 fnt
|faint|p2a: Die w A Smile
|
|upkeep
|
|t:|1758958054
|switch|p2a: Venu Vidi Vici|Venusaur, F|100/100
|turn|12
|
|t:|1758958060
|move|p2a: Venu Vidi Vici|Sludge Bomb|p1a: Ogerpon
|-supereffective|p1a: Ogerpon
|-damage|p1a: Ogerpon|0 fnt
|faint|p1a: Ogerpon
|-damage|p2a: Venu Vidi Vici|91/100|[from] item: Life Orb
|
|upkeep
|
|t:|1758958066
|switch|p1a: Armarouge|Armarouge, M|100/100
|turn|13
|
|t:|1758958074
|switch|p2a: Lynrd Spynrd|Great Tusk|100/100
|move|p1a: Armarouge|Armor Cannon|p2a: Lynrd Spynrd
|-damage|p2a: Lynrd Spynrd|15/100
|-unboost|p1a: Armarouge|def|1
|-unboost|p1a: Armarouge|spd|1
|
|upkeep
|turn|14
|
|t:|1758958084
|move|p2a: Lynrd Spynrd|Headlong Rush|p1a: Armarouge
|-supereffective|p1a: Armarouge
|-enditem|p1a: Armarouge|Focus Sash
|-damage|p1a: Armarouge|1/100
|-unboost|p2a: Lynrd Spynrd|def|1
|-unboost|p2a: Lynrd Spynrd|spd|1
|-ability|p1a: Armarouge|Weak Armor|boost
|-unboost|p1a: Armarouge|def|1
|-boost|p1a: Armarouge|spe|2
|move|p1a: Armarouge|Calm Mind|p1a: Armarouge
|-boost|p1a: Armarouge|spa|1
|-boost|p1a: Armarouge|spd|1
|
|upkeep
|turn|15
|
|t:|1758958097
|move|p1a: Armarouge|Psychic|p2a: Lynrd Spynrd
|-supereffective|p2a: Lynrd Spynrd
|-damage|p2a: Lynrd Spynrd|0 fnt
|faint|p2a: Lynrd Spynrd
|-end|p2a: Lynrd Spynrd|Protosynthesis|[silent]
|
|upkeep
|
|t:|1758958103
|switch|p2a: Dragonite|Dragonite, M|62/100
|turn|16
|
|t:|1758958121
|switch|p1a: Regirock|Regirock|100/100
|move|p2a: Dragonite|Extreme Speed|p1a: Regirock
|-resisted|p1a: Regirock
|-damage|p1a: Regirock|94/100
|
|upkeep
|turn|17
|
|t:|1758958128
|switch|p2a: Venu Vidi Vici|Venusaur, F|91/100
|move|p1a: Regirock|Iron Defense|p1a: Regirock
|-boost|p1a: Regirock|def|2
|
|upkeep
|turn|18
|
|t:|1758958140
|move|p2a: Venu Vidi Vici|Giga Drain|p1a: Regirock
|-supereffective|p1a: Regirock
|-damage|p1a: Regirock|4/100
|-heal|p2a: Venu Vidi Vici|100/100|[from] drain|[of] p1a: Regirock
|-damage|p2a: Venu Vidi Vici|91/100|[from] item: Life Orb
|move|p1a: Regirock|Body Press|p2a: Venu Vidi Vici
|-resisted|p2a: Venu Vidi Vici
|-damage|p2a: Venu Vidi Vici|33/100
|-heal|p1a: Regirock|10/100|[from] item: Shell Bell|[of] p2a: Venu Vidi Vici
|
|upkeep
|turn|19
|
|t:|1758958155
|move|p2a: Venu Vidi Vici|Giga Drain|p1a: Regirock
|-supereffective|p1a: Regirock
|-damage|p1a: Regirock|0 fnt
|-heal|p2a: Venu Vidi Vici|39/100|[from] drain|[of] p1a: Regirock
|faint|p1a: Regirock
|-damage|p2a: Venu Vidi Vici|29/100|[from] item: Life Orb
|
|upkeep
|
|t:|1758958169
|switch|p1a: Armarouge|Armarouge, M|1/100
|turn|20
|
|t:|1758958193
|move|p1a: Armarouge|Psychic|p2a: Venu Vidi Vici
|-supereffective|p2a: Venu Vidi Vici
|-damage|p2a: Venu Vidi Vici|0 fnt
|faint|p2a: Venu Vidi Vici
|
|upkeep
|
|t:|1758958201
|switch|p2a: Dragonite|Dragonite, M|62/100
|turn|21
|
|t:|1758958208
|move|p2a: Dragonite|Extreme Speed|p1a: Armarouge
|-damage|p1a: Armarouge|0 fnt
|faint|p1a: Armarouge
|
|upkeep
|
|t:|1758958213
|switch|p1a: Flygon|Flygon, M|100/100
|turn|22
|
|t:|1758958220
|-terastallize|p1a: Flygon|Fire
|move|p2a: Dragonite|Extreme Speed|p1a: Flygon
|-damage|p1a: Flygon|59/100
|move|p1a: Flygon|Outrage|p2a: Dragonite
|-supereffective|p2a: Dragonite
|-damage|p2a: Dragonite|0 fnt
|faint|p2a: Dragonite
|-damage|p1a: Flygon|49/100|[from] item: Life Orb
|
|upkeep
|
|t:|1758958231
|switch|p2a: Dubya|Walking Wake|100/100
|turn|23
|
|t:|1758958236
|-terastallize|p2a: Dubya|Water
|move|p1a: Flygon|Outrage|p2a: Dubya|[from] lockedmove
|-damage|p2a: Dubya|24/100
|-damage|p1a: Flygon|39/100|[from] item: Life Orb
|move|p2a: Dubya|Hydro Steam|p1a: Flygon
|-supereffective|p1a: Flygon
|-damage|p1a: Flygon|0 fnt
|faint|p1a: Flygon
|
|win|taipan11
|raw|QWASXC's rating: 1080 &rarr; <strong>1059</strong><br />(-21 for losing)
|raw|taipan11's rating: 1099 &rarr; <strong>1123</strong><br />(+24 for winning)
|l|☆QWASXC
|player|p1|
|l|☆taipan11
|player|p2|
