|j|☆Hakikeke
|j|☆Tuzzz
|t:|1759034059
|gametype|singles
|player|p1|Hakikeke|policeman-gen4|1236
|player|p2|Tuzzz|veteran|1263
|gen|9
|tier|[Gen 9] OU
|rated|
|rule|HP Percentage Mod: HP is shown in percentages
|rule|Endless Battle Clause: Forcing endless battles is banned
|rule|Species Clause: Limit one of each Pokémon
|rule|OHKO Clause: OHKO moves are banned
|rule|Evasion Items Clause: Evasion items are banned
|rule|Evasion Moves Clause: Evasion moves are banned
|rule|Evasion Abilities Clause: Evasion abilities are banned
|rule|Sleep Moves Clause: Sleep-inducing moves are banned
|clearpoke
|poke|p1|Iron Moth|
|poke|p1|Comfey, M|
|poke|p1|Whimsicott, M|
|poke|p1|Ninetales, M|
|poke|p1|Great Tusk|
|poke|p1|Walking Wake|
|poke|p2|Kyurem|
|poke|p2|Ogerpon-Cornerstone, F|
|poke|p2|Raging Bolt|
|poke|p2|Ninetales-Alola, F|
|poke|p2|Excadrill, M|
|poke|p2|Tyranitar, M|
|teampreview
|inactive|Battle timer is ON: inactive players will automatically lose when time's up. (requested by Tuzzz)
|
|t:|1759034106
|teamsize|p1|6
|teamsize|p2|6
|start
|switch|p1a: Walking Wake|Walking Wake|100/100
|switch|p2a: Ninetales|Ninetales-Alola, F|100/100
|-weather|Snowscape|[from] ability: Snow Warning|[of] p2a: Ninetales
|turn|1
|
|t:|1759034117
|-end|p1a: Walking Wake|Protosynthesis|[silent]
|switch|p1a: Ninetales|Ninetales, M|100/100
|-weather|SunnyDay|[from] ability: Drought|[of] p1a: Ninetales
|move|p2a: Ninetales|Aurora Veil||[still]
|-fail|p2a: Ninetales
|
|-weather|SunnyDay|[upkeep]
|upkeep
|turn|2
|
|t:|1759034129
|switch|p2a: Tyranitar|Tyranitar, M|100/100
|-weather|Sandstorm|[from] ability: Sand Stream|[of] p2a: Tyranitar
|move|p1a: Ninetales|Will-O-Wisp|p2a: Tyranitar
|-status|p2a: Tyranitar|brn
|
|-weather|Sandstorm|[upkeep]
|-damage|p1a: Ninetales|94/100|[from] Sandstorm
|-damage|p2a: Tyranitar|94/100 brn|[from] brn
|upkeep
|turn|3
|
|t:|1759034152
|switch|p1a: Great Tusk|Great Tusk|100/100
|move|p2a: Tyranitar|Knock Off|p1a: Great Tusk
|-resisted|p1a: Great Tusk
|-damage|p1a: Great Tusk|87/100
|-damage|p2a: Tyranitar|78/100 brn|[from] item: Rocky Helmet|[of] p1a: Great Tusk
|-enditem|p1a: Great Tusk|Rocky Helmet|[from] move: Knock Off|[of] p2a: Tyranitar
|
|-weather|Sandstorm|[upkeep]
|-damage|p2a: Tyranitar|72/100 brn|[from] brn
|upkeep
|turn|4
|inactive|Tuzzz has 120 seconds left.
|
|t:|1759034189
|switch|p2a: Excadrill|Excadrill, M|100/100
|-item|p2a: Excadrill|Air Balloon
|move|p1a: Great Tusk|Stealth Rock|p2a: Excadrill
|-sidestart|p2: Tuzzz|move: Stealth Rock
|
|-weather|Sandstorm|[upkeep]
|upkeep
|turn|5
|inactive|Tuzzz has 120 seconds left.
|
|t:|1759034205
|-end|p1a: Great Tusk|Protosynthesis|[silent]
|switch|p1a: Ninetales|Ninetales, M|94/100
|-weather|SunnyDay|[from] ability: Drought|[of] p1a: Ninetales
|move|p2a: Excadrill|Rapid Spin|p1a: Ninetales
|-damage|p1a: Ninetales|72/100
|-boost|p2a: Excadrill|spe|1
|-sideend|p2: Tuzzz|Stealth Rock|[from] move: Rapid Spin|[of] p2a: Excadrill
|
|-weather|SunnyDay|[upkeep]
|upkeep
|turn|6
|
|t:|1759034224
|switch|p1a: Walking Wake|Walking Wake|100/100
|-activate|p1a: Walking Wake|ability: Protosynthesis
|-start|p1a: Walking Wake|protosynthesisspe
|move|p2a: Excadrill|Earthquake|p1a: Walking Wake
|-damage|p1a: Walking Wake|41/100
|
|-weather|SunnyDay|[upkeep]
|upkeep
|turn|7
|
|t:|1759034238
|switch|p2a: Ninetales|Ninetales-Alola, F|100/100
|-weather|Snowscape|[from] ability: Snow Warning|[of] p2a: Ninetales
|-end|p1a: Walking Wake|Protosynthesis
|move|p1a: Walking Wake|Hydro Steam|p2a: Ninetales
|-damage|p2a: Ninetales|54/100
|
|-weather|Snowscape|[upkeep]
|upkeep
|turn|8
|inactive|Hakikeke has 120 seconds left.
|inactive|Tuzzz has 120 seconds left.
|
|t:|1759034261
|switch|p2a: Tyranitar|Tyranitar, M|72/100 brn
|-weather|Sandstorm|[from] ability: Sand Stream|[of] p2a: Tyranitar
|-end|p1a: Walking Wake|Protosynthesis|[silent]
|switch|p1a: Ninetales|Ninetales, M|72/100
|-weather|SunnyDay|[from] ability: Drought|[of] p1a: Ninetales
|
|-weather|SunnyDay|[upkeep]
|-damage|p2a: Tyranitar|65/100 brn|[from] brn
|upkeep
|turn|9
|inactive|Hakikeke has 120 seconds left.
|inactive|Tuzzz has 120 seconds left.
|
|t:|1759034296
|switch|p1a: Walking Wake|Walking Wake|41/100
|-activate|p1a: Walking Wake|ability: Protosynthesis
|-start|p1a: Walking Wake|protosynthesisspe
|move|p2a: Tyranitar|Earthquake|p1a: Walking Wake
|-damage|p1a: Walking Wake|16/100
|
|-weather|SunnyDay|[upkeep]
|-damage|p2a: Tyranitar|59/100 brn|[from] brn
|upkeep
|turn|10
|inactive|Tuzzz has 120 seconds left.
|inactive|Hakikeke has 90 seconds left.
|inactive|Tuzzz has 90 seconds left.
|
|t:|1759034337
|switch|p2a: Kyurem|Kyurem|100/100
|-ability|p2a: Kyurem|Pressure
|move|p1a: Walking Wake|Hydro Steam|p2a: Kyurem
|-resisted|p2a: Kyurem
|-damage|p2a: Kyurem|71/100
|
|-weather|SunnyDay|[upkeep]
|-heal|p2a: Kyurem|77/100|[from] item: Leftovers
|upkeep
|turn|11
|
|t:|1759034346
|switch|p2a: Tyranitar|Tyranitar, M|59/100 brn
|-weather|Sandstorm|[from] ability: Sand Stream|[of] p2a: Tyranitar
|-end|p1a: Walking Wake|Protosynthesis
|move|p1a: Walking Wake|Draco Meteor|p2a: Tyranitar
|-damage|p2a: Tyranitar|18/100 brn
|-unboost|p1a: Walking Wake|spa|2
|
|-weather|Sandstorm|[upkeep]
|-damage|p1a: Walking Wake|10/100|[from] Sandstorm
|-damage|p2a: Tyranitar|12/100 brn|[from] brn
|upkeep
|turn|12
|
|t:|1759034361
|switch|p2a: Raging Bolt|Raging Bolt|100/100
|move|p1a: Walking Wake|Hydro Steam|p2a: Raging Bolt
|-resisted|p2a: Raging Bolt
|-damage|p2a: Raging Bolt|94/100
|
|-weather|Sandstorm|[upkeep]
|-damage|p1a: Walking Wake|4/100|[from] Sandstorm
|-damage|p2a: Raging Bolt|88/100|[from] Sandstorm
|upkeep
|turn|13
|inactive|Hakikeke has 90 seconds left.
|inactive|Tuzzz has 90 seconds left.
|
|t:|1759034382
|-end|p1a: Walking Wake|Protosynthesis|[silent]
|switch|p1a: Ninetales|Ninetales, M|72/100
|-weather|SunnyDay|[from] ability: Drought|[of] p1a: Ninetales
|-activate|p2a: Raging Bolt|ability: Protosynthesis
|-start|p2a: Raging Bolt|protosynthesisspa
|move|p2a: Raging Bolt|Draco Meteor|p1a: Ninetales
|-damage|p1a: Ninetales|0 fnt
|-unboost|p2a: Raging Bolt|spa|2
|faint|p1a: Ninetales
|
|-weather|SunnyDay|[upkeep]
|upkeep
|
|t:|1759034398
|switch|p1a: Comfey|Comfey, M|100/100
|turn|14
|
|t:|1759034401
|-end|p2a: Raging Bolt|Protosynthesis|[silent]
|switch|p2a: Tyranitar|Tyranitar, M|12/100 brn
|-weather|Sandstorm|[from] ability: Sand Stream|[of] p2a: Tyranitar
|move|p1a: Comfey|Growth|p1a: Comfey
|-boost|p1a: Comfey|atk|1
|-boost|p1a: Comfey|spa|1
|
|-weather|Sandstorm|[upkeep]
|-damage|p1a: Comfey|94/100|[from] Sandstorm
|-damage|p2a: Tyranitar|5/100 brn|[from] brn
|upkeep
|turn|15
|inactive|Hakikeke has 90 seconds left.
|
|t:|1759034411
|move|p1a: Comfey|Growth|p1a: Comfey
|-boost|p1a: Comfey|atk|1
|-boost|p1a: Comfey|spa|1
|move|p2a: Tyranitar|Knock Off|p1a: Comfey
|-resisted|p1a: Comfey
|-damage|p1a: Comfey|68/100
|-enditem|p1a: Comfey|Life Orb|[from] move: Knock Off|[of] p2a: Tyranitar
|
|-weather|Sandstorm|[upkeep]
|-damage|p1a: Comfey|62/100|[from] Sandstorm
|-damage|p2a: Tyranitar|0 fnt|[from] brn
|faint|p2a: Tyranitar
|upkeep
|
|t:|1759034413
|switch|p2a: Excadrill|Excadrill, M|100/100
|-item|p2a: Excadrill|Air Balloon
|turn|16
|inactive|Hakikeke has 90 seconds left.
|
|t:|1759034434
|-terastallize|p1a: Comfey|Water
|move|p1a: Comfey|Draining Kiss|p2a: Excadrill
|-resisted|p2a: Excadrill
|-damage|p2a: Excadrill|74/100
|-heal|p1a: Comfey|86/100|[from] drain|[of] p2a: Excadrill
|-enditem|p2a: Excadrill|Air Balloon
|move|p2a: Excadrill|Iron Head|p1a: Comfey
|-resisted|p1a: Comfey
|-damage|p1a: Comfey|58/100
|
|-weather|Sandstorm|[upkeep]
|-damage|p1a: Comfey|51/100|[from] Sandstorm
|upkeep
|turn|17
|inactive|Hakikeke has 90 seconds left.
|
|t:|1759034445
|move|p1a: Comfey|Draining Kiss|p2a: Excadrill
|-resisted|p2a: Excadrill
|-damage|p2a: Excadrill|44/100
|-heal|p1a: Comfey|78/100|[from] drain|[of] p2a: Excadrill
|move|p2a: Excadrill|Earthquake|p1a: Comfey
|-crit|p1a: Comfey
|-damage|p1a: Comfey|0 fnt
|faint|p1a: Comfey
|
|-weather|Sandstorm|[upkeep]
|upkeep
|
|t:|1759034457
|switch|p1a: Walking Wake|Walking Wake|4/100
|turn|18
|
|t:|1759034462
|move|p2a: Excadrill|Rapid Spin|p1a: Walking Wake
|-damage|p1a: Walking Wake|0 fnt
|-boost|p2a: Excadrill|spe|1
|faint|p1a: Walking Wake
|-end|p1a: Walking Wake|Protosynthesis|[silent]
|
|-weather|none
|upkeep
|inactive|Hakikeke has 90 seconds left.
|
|t:|1759034471
|switch|p1a: Great Tusk|Great Tusk|87/100
|turn|19
|
|t:|1759034477
|move|p2a: Excadrill|Earthquake|p1a: Great Tusk
|-damage|p1a: Great Tusk|47/100
|move|p1a: Great Tusk|Headlong Rush|p2a: Excadrill
|-supereffective|p2a: Excadrill
|-damage|p2a: Excadrill|0 fnt
|-unboost|p1a: Great Tusk|def|1
|-unboost|p1a: Great Tusk|spd|1
|faint|p2a: Excadrill
|
|upkeep
|
|t:|1759034483
|switch|p2a: Ninetales|Ninetales-Alola, F|54/100
|-weather|Snowscape|[from] ability: Snow Warning|[of] p2a: Ninetales
|turn|20
|
|t:|1759034498
|-end|p1a: Great Tusk|Protosynthesis|[silent]
|switch|p1a: Iron Moth|Iron Moth|100/100
|-enditem|p1a: Iron Moth|Booster Energy
|-activate|p1a: Iron Moth|ability: Quark Drive|[fromitem]
|-start|p1a: Iron Moth|quarkdrivespa
|move|p2a: Ninetales|Aurora Veil|p2a: Ninetales
|-sidestart|p2: Tuzzz|move: Aurora Veil
|
|-weather|Snowscape|[upkeep]
|upkeep
|turn|21
|
|t:|1759034511
|switch|p2a: Raging Bolt|Raging Bolt|88/100
|move|p1a: Iron Moth|Fiery Dance|p2a: Raging Bolt
|-resisted|p2a: Raging Bolt
|-crit|p2a: Raging Bolt
|-damage|p2a: Raging Bolt|61/100
|-boost|p1a: Iron Moth|spa|1
|
|-weather|Snowscape|[upkeep]
|upkeep
|turn|22
|
|t:|1759034523
|move|p1a: Iron Moth|Sludge Wave|p2a: Raging Bolt
|-damage|p2a: Raging Bolt|28/100
|move|p2a: Raging Bolt|Draco Meteor|p1a: Iron Moth
|-damage|p1a: Iron Moth|23/100
|-unboost|p2a: Raging Bolt|spa|2
|
|-weather|Snowscape|[upkeep]
|upkeep
|turn|23
|
|t:|1759034541
|-end|p1a: Iron Moth|Quark Drive|[silent]
|switch|p1a: Great Tusk|Great Tusk|47/100
|move|p2a: Raging Bolt|Thunderclap||[still]
|-fail|p2a: Raging Bolt
|
|-weather|Snowscape|[upkeep]
|upkeep
|turn|24
|
|t:|1759034550
|-end|p2a: Raging Bolt|Protosynthesis|[silent]
|switch|p2a: Ogerpon|Ogerpon-Cornerstone, F|100/100
|move|p1a: Great Tusk|Stealth Rock|p2a: Ogerpon
|-sidestart|p2: Tuzzz|move: Stealth Rock
|
|-weather|none
|upkeep
|turn|25
|
|t:|1759034564
|-end|p1a: Great Tusk|Protosynthesis|[silent]
|switch|p1a: Iron Moth|Iron Moth|23/100
|move|p2a: Ogerpon|Swords Dance|p2a: Ogerpon
|-boost|p2a: Ogerpon|atk|2
|
|upkeep
|turn|26
|
|t:|1759034573
|-terastallize|p2a: Ogerpon|Rock
|detailschange|p2a: Ogerpon|Ogerpon-Cornerstone-Tera, F, tera:Rock
|-ability|p2a: Ogerpon|Embody Aspect (Cornerstone)|boost
|-boost|p2a: Ogerpon|def|1
|move|p2a: Ogerpon|Ivy Cudgel|p1a: Iron Moth|[anim] Ivy Cudgel Rock
|-supereffective|p1a: Iron Moth
|-damage|p1a: Iron Moth|0 fnt
|faint|p1a: Iron Moth
|-end|p1a: Iron Moth|Quark Drive|[silent]
|
|upkeep
|
|t:|1759034586
|switch|p1a: Whimsicott|Whimsicott, M, shiny|100/100
|turn|27
|
|t:|1759034600
|move|p2a: Ogerpon|U-turn|p1a: Whimsicott
|-damage|p1a: Whimsicott|26/100
|
|t:|1759034603
|switch|p2a: Ninetales|Ninetales-Alola, F|54/100|[from] U-turn
|-damage|p2a: Ninetales|29/100|[from] Stealth Rock
|-weather|Snowscape|[from] ability: Snow Warning|[of] p2a: Ninetales
|move|p1a: Whimsicott|Giga Drain|p2a: Ninetales
|-damage|p2a: Ninetales|7/100
|-heal|p1a: Whimsicott|37/100|[from] drain|[of] p2a: Ninetales
|-damage|p1a: Whimsicott|27/100|[from] item: Life Orb
|
|-weather|Snowscape|[upkeep]
|-sideend|p2: Tuzzz|move: Aurora Veil
|upkeep
|turn|28
|
|t:|1759034623
|move|p2a: Ninetales|Aurora Veil|p2a: Ninetales
|-sidestart|p2: Tuzzz|move: Aurora Veil
|move|p1a: Whimsicott|Moonblast|p2a: Ninetales
|-damage|p2a: Ninetales|0 fnt
|faint|p2a: Ninetales
|-damage|p1a: Whimsicott|17/100|[from] item: Life Orb
|
|-weather|Snowscape|[upkeep]
|upkeep
|
|t:|1759034639
|switch|p2a: Kyurem|Kyurem|77/100
|-damage|p2a: Kyurem|52/100|[from] Stealth Rock
|-ability|p2a: Kyurem|Pressure
|turn|29
|
|t:|1759034647
|move|p2a: Kyurem|Freeze-Dry|p1a: Whimsicott
|-supereffective|p1a: Whimsicott
|-damage|p1a: Whimsicott|0 fnt
|faint|p1a: Whimsicott
|
|-weather|Snowscape|[upkeep]
|-heal|p2a: Kyurem|58/100|[from] item: Leftovers
|upkeep
|-message|Hakikeke forfeited.
|
|win|Tuzzz
|raw|Hakikeke's rating: 1236 &rarr; <strong>1213</strong><br />(-23 for losing)
|raw|Tuzzz's rating: 1263 &rarr; <strong>1286</strong><br />(+23 for winning)
|l|☆Hakikeke
|player|p1|
|l|☆Tuzzz
|player|p2|
