|badge|p2|bronze|gen9ou|100-6
|html|<div class="broadcast-red"><strong>This battle is required to be public due to one or more player having a season medal.</strong><br />During the public phase, you can discuss the state of the ladder <a href="/seasondiscussion">in a special chatroom.</a></div>
|uhtml|medal-msg|<div class="broadcast-blue">Curious what those medals under the avatar are? PS now has Ladder Seasons! For more information, check out the <a href="https://www.smogon.com/forums/threads/3740067/">thread on Smogon.</a></div>
|raw|<div class="broadcast-blue"><strong>This battle is required to be public due to a player having a name starting with 'medal'.</div>
|j|☆healorant
|j|‽ho3nconfirm3d
|t:|1758999902
|gametype|singles
|player|p1|healorant|alder|1827
|player|p2|ho3nconfirm3d|#scl5shoguns|1905
|gen|9
|tier|[Gen 9] OU
|rated|
|rule|HP Percentage Mod: HP is shown in percentages
|rule|Endless Battle Clause: Forcing endless battles is banned
|rule|Species Clause: Limit one of each Pokémon
|rule|OHKO Clause: OHKO moves are banned
|rule|Evasion Items Clause: Evasion items are banned
|rule|Evasion Moves Clause: Evasion moves are banned
|rule|Evasion Abilities Clause: Evasion abilities are banned
|rule|Sleep Moves Clause: Sleep-inducing moves are banned
|clearpoke
|poke|p1|Rillaboom, F|
|poke|p1|Zamazenta-*|
|poke|p1|Moltres|
|poke|p1|Great Tusk|
|poke|p1|Kingambit, F|
|poke|p1|Pecharunt|
|poke|p2|Glimmora, M|
|poke|p2|Weavile, M|
|poke|p2|Zamazenta-*|
|poke|p2|Dragonite, F|
|poke|p2|Ogerpon-Wellspring, F|
|poke|p2|Gholdengo|
|teampreview
|j| larp legion
|inactive|Battle timer is ON: inactive players will automatically lose when time's up. (requested by ho3nconfirm3d)
|c|☆healorant|hf
|
|t:|1758999933
|teamsize|p1|6
|teamsize|p2|6
|start
|switch|p1a: Great Tusk|Great Tusk|100/100
|switch|p2a: Weavile|Weavile, M|100/100
|-ability|p2a: Weavile|Pressure
|turn|1
|
|t:|1758999936
|-end|p1a: Great Tusk|Protosynthesis|[silent]
|switch|p1a: Pecharunt|Pecharunt|100/100
|move|p2a: Weavile|Triple Axel|p1a: Pecharunt
|-damage|p1a: Pecharunt|94/100
|-damage|p2a: Weavile|84/100|[from] item: Rocky Helmet|[of] p1a: Pecharunt
|-damage|p1a: Pecharunt|82/100
|-damage|p2a: Weavile|68/100|[from] item: Rocky Helmet|[of] p1a: Pecharunt
|-hitcount|p1a: Pecharunt|2
|-damage|p2a: Weavile|58/100|[from] item: Life Orb
|
|upkeep
|turn|2
|
|t:|1758999939
|move|p2a: Weavile|Knock Off|p1a: Pecharunt
|-supereffective|p1a: Pecharunt
|-damage|p1a: Pecharunt|20/100
|-damage|p2a: Weavile|41/100|[from] item: Rocky Helmet|[of] p1a: Pecharunt
|-enditem|p1a: Pecharunt|Rocky Helmet|[from] move: Knock Off|[of] p2a: Weavile
|-damage|p2a: Weavile|31/100|[from] item: Life Orb
|move|p1a: Pecharunt|Recover|p1a: Pecharunt
|-heal|p1a: Pecharunt|70/100
|
|upkeep
|turn|3
|
|t:|1758999943
|switch|p2a: Gholdengo|Gholdengo|100/100
|move|p1a: Pecharunt|Recover|p1a: Pecharunt
|-heal|p1a: Pecharunt|100/100
|
|upkeep
|turn|4
|
|t:|1758999946
|switch|p1a: Moltres|Moltres|100/100
|move|p2a: Gholdengo|Nasty Plot|p2a: Gholdengo
|-boost|p2a: Gholdengo|spa|2
|
|upkeep
|turn|5
|
|t:|1758999948
|move|p1a: Moltres|Flamethrower|p2a: Gholdengo
|-supereffective|p2a: Gholdengo
|-damage|p2a: Gholdengo|25/100
|move|p2a: Gholdengo|Thunderbolt|p1a: Moltres
|-supereffective|p1a: Moltres
|-damage|p1a: Moltres|4/100
|
|upkeep
|turn|6
|
|t:|1758999955
|switch|p2a: Glimmora|Glimmora, M|100/100
|move|p1a: Moltres|Flamethrower|p2a: Glimmora
|-resisted|p2a: Glimmora
|-damage|p2a: Glimmora|80/100
|-enditem|p2a: Glimmora|Red Card|[of] p1a: Moltres
|drag|p1a: Kingambit|Kingambit, F|100/100
|
|upkeep
|turn|7
|
|t:|1758999958
|move|p2a: Glimmora|Stealth Rock|p1a: Kingambit
|-sidestart|p1: healorant|move: Stealth Rock
|move|p1a: Kingambit|Iron Head|p2a: Glimmora
|-supereffective|p2a: Glimmora
|-damage|p2a: Glimmora|0 fnt
|-activate|p2a: Glimmora|ability: Toxic Debris
|-sidestart|p1: healorant|move: Toxic Spikes
|faint|p2a: Glimmora
|
|upkeep
|
|t:|1758999961
|switch|p2a: Zamazenta|Zamazenta|100/100
|-ability|p2a: Zamazenta|Dauntless Shield|boost
|-boost|p2a: Zamazenta|def|1
|turn|8
|j| cynasaurus
|j| Youressi
|
|t:|1758999967
|-end|p1a: Kingambit|fallenundefined|[silent]
|switch|p1a: Pecharunt|Pecharunt|100/100
|-damage|p1a: Pecharunt|88/100|[from] Stealth Rock
|-sideend|p1: healorant|move: Toxic Spikes|[of] p1a: Pecharunt
|move|p2a: Zamazenta|Roar|p1a: Pecharunt
|drag|p1a: Great Tusk|Great Tusk|100/100
|
|upkeep
|turn|9
|
|t:|1758999971
|switch|p2a: Gholdengo|Gholdengo|25/100
|move|p1a: Great Tusk|Stealth Rock|p2a: Gholdengo
|-sidestart|p2: ho3nconfirm3d|move: Stealth Rock
|
|upkeep
|turn|10
|
|t:|1758999975
|switch|p2a: Ogerpon|Ogerpon-Wellspring, F|100/100
|-damage|p2a: Ogerpon|88/100|[from] Stealth Rock
|move|p1a: Great Tusk|Headlong Rush|p2a: Ogerpon
|-resisted|p2a: Ogerpon
|-damage|p2a: Ogerpon|43/100
|-unboost|p1a: Great Tusk|def|1
|-unboost|p1a: Great Tusk|spd|1
|
|upkeep
|turn|11
|
|t:|1758999988
|-end|p1a: Great Tusk|Protosynthesis|[silent]
|switch|p1a: Pecharunt|Pecharunt|88/100
|-damage|p1a: Pecharunt|76/100|[from] Stealth Rock
|move|p2a: Ogerpon|Swords Dance|p2a: Ogerpon
|-boost|p2a: Ogerpon|atk|2
|
|upkeep
|turn|12
|
|t:|1758999991
|move|p2a: Ogerpon|Ivy Cudgel|p1a: Pecharunt|[anim] Ivy Cudgel Water
|-crit|p1a: Pecharunt
|-damage|p1a: Pecharunt|0 fnt
|faint|p1a: Pecharunt
|
|upkeep
|
|t:|1759000014
|switch|p1a: Rillaboom|Rillaboom, F|100/100
|-damage|p1a: Rillaboom|88/100|[from] Stealth Rock
|-fieldstart|move: Grassy Terrain|[from] ability: Grassy Surge|[of] p1a: Rillaboom
|turn|13
|j| Wcvgeacgr
|
|t:|1759000026
|move|p1a: Rillaboom|Grassy Glide|p2a: Ogerpon
|-damage|p2a: Ogerpon|0 fnt
|faint|p2a: Ogerpon
|
|-heal|p1a: Rillaboom|94/100|[from] Grassy Terrain
|-heal|p1a: Rillaboom|99/100|[from] item: Leftovers
|upkeep
|
|t:|1759000030
|switch|p2a: Zamazenta|Zamazenta|100/100
|-damage|p2a: Zamazenta|94/100|[from] Stealth Rock
|turn|14
|
|t:|1759000034
|switch|p1a: Moltres|Moltres|4/100
|move|p2a: Zamazenta|Iron Defense|p2a: Zamazenta
|-boost|p2a: Zamazenta|def|2
|
|-heal|p2a: Zamazenta|100/100|[from] Grassy Terrain
|upkeep
|turn|15
|
|t:|1759000039
|-terastallize|p2a: Zamazenta|Fire
|move|p2a: Zamazenta|Crunch|p1a: Moltres
|-damage|p1a: Moltres|0 fnt
|faint|p1a: Moltres
|
|upkeep
|l| Wcvgeacgr
|
|t:|1759000051
|switch|p1a: Great Tusk|Great Tusk|100/100
|turn|16
|
|t:|1759000060
|move|p2a: Zamazenta|Iron Defense|p2a: Zamazenta
|-boost|p2a: Zamazenta|def|2
|move|p1a: Great Tusk|Rapid Spin|p2a: Zamazenta
|-damage|p2a: Zamazenta|96/100
|-boost|p1a: Great Tusk|spe|1
|-sideend|p1: healorant|Stealth Rock|[from] move: Rapid Spin|[of] p1a: Great Tusk
|
|-heal|p2a: Zamazenta|100/100|[from] Grassy Terrain
|upkeep
|turn|17
|
|t:|1759000063
|move|p1a: Great Tusk|Headlong Rush|p2a: Zamazenta
|-supereffective|p2a: Zamazenta
|-damage|p2a: Zamazenta|66/100
|-unboost|p1a: Great Tusk|def|1
|-unboost|p1a: Great Tusk|spd|1
|move|p2a: Zamazenta|Body Press|p1a: Great Tusk
|-damage|p1a: Great Tusk|6/100
|
|-heal|p1a: Great Tusk|13/100|[from] Grassy Terrain
|-heal|p2a: Zamazenta|72/100|[from] Grassy Terrain
|-heal|p2a: Zamazenta|78/100|[from] item: Leftovers
|-fieldend|move: Grassy Terrain
|upkeep
|turn|18
|
|t:|1759000066
|move|p1a: Great Tusk|Headlong Rush|p2a: Zamazenta
|-supereffective|p2a: Zamazenta
|-damage|p2a: Zamazenta|43/100
|-unboost|p1a: Great Tusk|def|1
|-unboost|p1a: Great Tusk|spd|1
|move|p2a: Zamazenta|Body Press|p1a: Great Tusk
|-damage|p1a: Great Tusk|0 fnt
|faint|p1a: Great Tusk
|-end|p1a: Great Tusk|Protosynthesis|[silent]
|
|-heal|p2a: Zamazenta|49/100|[from] item: Leftovers
|upkeep
|
|t:|1759000068
|switch|p1a: Zamazenta|Zamazenta|100/100
|-ability|p1a: Zamazenta|Dauntless Shield|boost
|-boost|p1a: Zamazenta|def|1
|turn|19
|
|t:|1759000072
|move|p1a: Zamazenta|Stone Edge|p2a: Zamazenta|[miss]
|-miss|p1a: Zamazenta|p2a: Zamazenta
|move|p2a: Zamazenta|Roar|p1a: Zamazenta
|drag|p1a: Rillaboom|Rillaboom, F|99/100
|-fieldstart|move: Grassy Terrain|[from] ability: Grassy Surge|[of] p1a: Rillaboom
|
|-heal|p2a: Zamazenta|55/100|[from] Grassy Terrain
|-heal|p2a: Zamazenta|61/100|[from] item: Leftovers
|-heal|p1a: Rillaboom|100/100|[from] Grassy Terrain
|upkeep
|turn|20
|
|t:|1759000077
|move|p2a: Zamazenta|Body Press|p1a: Rillaboom
|-damage|p1a: Rillaboom|9/100
|move|p1a: Rillaboom|High Horsepower|p2a: Zamazenta|[miss]
|-miss|p1a: Rillaboom|p2a: Zamazenta
|
|-heal|p2a: Zamazenta|68/100|[from] Grassy Terrain
|-heal|p2a: Zamazenta|74/100|[from] item: Leftovers
|-heal|p1a: Rillaboom|15/100|[from] Grassy Terrain
|-heal|p1a: Rillaboom|21/100|[from] item: Leftovers
|upkeep
|turn|21
|
|t:|1759000090
|move|p1a: Rillaboom|Grassy Glide|p2a: Zamazenta
|-resisted|p2a: Zamazenta
|-damage|p2a: Zamazenta|68/100
|move|p2a: Zamazenta|Body Press|p1a: Rillaboom
|-damage|p1a: Rillaboom|0 fnt
|faint|p1a: Rillaboom
|
|-heal|p2a: Zamazenta|74/100|[from] Grassy Terrain
|-heal|p2a: Zamazenta|81/100|[from] item: Leftovers
|upkeep
|
|t:|1759000094
|switch|p1a: Zamazenta|Zamazenta|100/100
|turn|22
|
|t:|1759000096
|move|p1a: Zamazenta|Stone Edge|p2a: Zamazenta|[miss]
|-miss|p1a: Zamazenta|p2a: Zamazenta
|move|p2a: Zamazenta|Body Press|p1a: Zamazenta
|-crit|p1a: Zamazenta
|-damage|p1a: Zamazenta|0 fnt
|faint|p1a: Zamazenta
|
|-heal|p2a: Zamazenta|87/100|[from] Grassy Terrain
|-heal|p2a: Zamazenta|93/100|[from] item: Leftovers
|upkeep
|c|☆healorant|aight
|c|☆healorant|gg
|
|t:|1759000102
|switch|p1a: Kingambit|Kingambit, F|100/100
|-activate|p1a: Kingambit|ability: Supreme Overlord
|-start|p1a: Kingambit|fallen5|[silent]
|turn|23
|
|t:|1759000105
|-terastallize|p1a: Kingambit|Dark
|move|p1a: Kingambit|Sucker Punch|p2a: Zamazenta
|-damage|p2a: Zamazenta|71/100
|move|p2a: Zamazenta|Body Press|p1a: Kingambit
|-supereffective|p1a: Kingambit
|-damage|p1a: Kingambit|0 fnt
|faint|p1a: Kingambit
|-end|p1a: Kingambit|fallen5|[silent]
|
|win|ho3nconfirm3d
|raw|healorant's rating: 1827 &rarr; <strong>1811</strong><br />(-16 for losing)
|raw|ho3nconfirm3d's rating: 1905 &rarr; <strong>1921</strong><br />(+16 for winning)
|l|‽ho3nconfirm3d
|player|p2|
|l| larp legion
|l|☆healorant
|player|p1|
|j| Dugtrio Is Broken
