|badge|p1|silver|gen9ou|30-6
|badge|p1|bronze|gen9randombattle|100-6
|html|<div class="broadcast-red"><strong>This battle is required to be public due to one or more player having a season medal.</strong><br />During the public phase, you can discuss the state of the ladder <a href="/seasondiscussion">in a special chatroom.</a></div>
|uhtml|medal-msg|<div class="broadcast-blue">Curious what those medals under the avatar are? PS now has Ladder Seasons! For more information, check out the <a href="https://www.smogon.com/forums/threads/3740067/">thread on Smogon.</a></div>
|badge|p2|silver|gen9ou|30-6
|uhtml|medal-msg|<div class="broadcast-blue">Curious what those medals under the avatar are? PS now has Ladder Seasons! For more information, check out the <a href="https://www.smogon.com/forums/threads/3740067/">thread on Smogon.</a></div>
|j|☆Ctannn
|j|☆butts99999
|t:|1758934842
|gametype|singles
|player|p1|Ctannn|265|1971
|player|p2|butts99999|skierf|1947
|gen|9
|tier|[Gen 9] OU
|rated|
|rule|HP Percentage Mod: HP is shown in percentages
|rule|Endless Battle Clause: Forcing endless battles is banned
|rule|Species Clause: Limit one of each Pokémon
|rule|OHKO Clause: OHKO moves are banned
|rule|Evasion Items Clause: Evasion items are banned
|rule|Evasion Moves Clause: Evasion moves are banned
|rule|Evasion Abilities Clause: Evasion abilities are banned
|rule|Sleep Moves Clause: Sleep-inducing moves are banned
|clearpoke
|poke|p1|Rillaboom, M|
|poke|p1|Garganacl, F|
|poke|p1|Cinderace, M|
|poke|p1|Raging Bolt|
|poke|p1|Slowking-Galar, F|
|poke|p1|Landorus-Therian, M|
|poke|p2|Kingambit, F|
|poke|p2|Cinderace, F|
|poke|p2|Landorus-Therian, M|
|poke|p2|Iron Valiant|
|poke|p2|Kyurem|
|poke|p2|Slowking-Galar, M|
|teampreview
|inactive|Battle timer is ON: inactive players will automatically lose when time's up. (requested by Ctannn)
|c|☆butts99999|GLHF
|inactive|butts99999 has 120 seconds left.
|
|t:|1758934876
|teamsize|p1|6
|teamsize|p2|6
|start
|switch|p1a: Cinderace|Cinderace, M|100/100
|switch|p2a: Mr. Freeze|Kyurem, shiny|100/100
|-ability|p2a: Mr. Freeze|Pressure
|turn|1
|
|t:|1758934883
|move|p2a: Mr. Freeze|Protect|p2a: Mr. Freeze
|-singleturn|p2a: Mr. Freeze|Protect
|move|p1a: Cinderace|U-turn|p2a: Mr. Freeze
|-start|p1a: Cinderace|typechange|Bug|[from] ability: Libero
|-activate|p2a: Mr. Freeze|move: Protect
|
|upkeep
|turn|2
|
|t:|1758934901
|move|p1a: Cinderace|High Jump Kick|p2a: Mr. Freeze
|-supereffective|p2a: Mr. Freeze
|-damage|p2a: Mr. Freeze|21/100
|move|p2a: Mr. Freeze|Earth Power|p1a: Cinderace
|-resisted|p1a: Cinderace
|-damage|p1a: Cinderace|80/100
|
|-heal|p2a: Mr. Freeze|28/100|[from] item: Leftovers
|upkeep
|turn|3
|
|t:|1758934910
|move|p2a: Mr. Freeze|Protect|p2a: Mr. Freeze
|-singleturn|p2a: Mr. Freeze|Protect
|move|p1a: Cinderace|U-turn|p2a: Mr. Freeze
|-activate|p2a: Mr. Freeze|move: Protect
|
|-heal|p2a: Mr. Freeze|34/100|[from] item: Leftovers
|upkeep
|turn|4
|
|t:|1758934927
|switch|p2a: Homelandor|Landorus-Therian, M, shiny|100/100
|-ability|p2a: Homelandor|Intimidate|boost
|-unboost|p1a: Cinderace|atk|1
|move|p1a: Cinderace|U-turn|p2a: Homelandor
|-resisted|p2a: Homelandor
|-damage|p2a: Homelandor|90/100
|-damage|p1a: Cinderace|64/100|[from] item: Rocky Helmet|[of] p2a: Homelandor
|j| Bobaba
|j| Poltzor
|
|t:|1758934931
|switch|p1a: Slowking|Slowking-Galar, F|100/100|[from] U-turn
|
|upkeep
|turn|5
|
|t:|1758934936
|move|p2a: Homelandor|U-turn|p1a: Slowking
|-damage|p1a: Slowking|85/100
|-damage|p2a: Homelandor|74/100|[from] item: Rocky Helmet|[of] p1a: Slowking
|
|t:|1758934940
|switch|p2a: Chillionaire|Slowking-Galar, M, shiny|100/100|[from] U-turn
|move|p1a: Slowking|Ice Beam|p2a: Chillionaire
|-damage|p2a: Chillionaire|88/100
|
|upkeep
|turn|6
|
|t:|1758934944
|-prepare|p1a: Slowking|Chilly Reception|[premajor]
|move|p1a: Slowking|Chilly Reception|p1a: Slowking
|-weather|Snowscape
|
|t:|1758934948
|switch|p1a: Landorus|Landorus-Therian, M|100/100|[from] Chilly Reception
|-ability|p1a: Landorus|Intimidate|boost
|-unboost|p2a: Chillionaire|atk|1
|move|p2a: Chillionaire|Future Sight|p1a: Landorus
|-start|p2a: Chillionaire|move: Future Sight
|
|-weather|Snowscape|[upkeep]
|upkeep
|turn|7
|
|t:|1758934956
|move|p1a: Landorus|Stealth Rock|p2a: Chillionaire
|-sidestart|p2: butts99999|move: Stealth Rock
|-prepare|p2a: Chillionaire|Chilly Reception|[premajor]
|move|p2a: Chillionaire|Chilly Reception|p2a: Chillionaire
|
|t:|1758934965
|switch|p2a: Mr. Freeze|Kyurem, shiny|34/100|[from] Chilly Reception
|-damage|p2a: Mr. Freeze|9/100|[from] Stealth Rock
|-ability|p2a: Mr. Freeze|Pressure
|
|-weather|Snowscape|[upkeep]
|-heal|p2a: Mr. Freeze|15/100|[from] item: Leftovers
|upkeep
|turn|8
|
|t:|1758934976
|switch|p1a: Slowking|Slowking-Galar, F|100/100
|move|p2a: Mr. Freeze|Freeze-Dry|p1a: Slowking
|-damage|p1a: Slowking|74/100
|
|-weather|Snowscape|[upkeep]
|-end|p1a: Slowking|move: Future Sight
|-damage|p1a: Slowking|37/100
|-heal|p2a: Mr. Freeze|21/100|[from] item: Leftovers
|upkeep
|turn|9
|j| we be out here
|inactive|butts99999 has 120 seconds left.
|l| we be out here
|
|t:|1758935008
|switch|p1a: Garganacl|Garganacl, F|100/100
|move|p2a: Mr. Freeze|Earth Power|p1a: Garganacl
|-supereffective|p1a: Garganacl
|-damage|p1a: Garganacl|61/100
|
|-weather|Snowscape|[upkeep]
|-heal|p2a: Mr. Freeze|27/100|[from] item: Leftovers
|-heal|p1a: Garganacl|68/100|[from] item: Leftovers
|upkeep
|turn|10
|inactive|butts99999 has 120 seconds left.
|
|t:|1758935023
|move|p2a: Mr. Freeze|Substitute|p2a: Mr. Freeze
|-start|p2a: Mr. Freeze|Substitute
|-damage|p2a: Mr. Freeze|2/100
|move|p1a: Garganacl|Recover|p1a: Garganacl
|-heal|p1a: Garganacl|100/100
|
|-weather|none
|-heal|p2a: Mr. Freeze|9/100|[from] item: Leftovers
|upkeep
|turn|11
|
|t:|1758935030
|move|p2a: Mr. Freeze|Protect|p2a: Mr. Freeze
|-singleturn|p2a: Mr. Freeze|Protect
|move|p1a: Garganacl|Salt Cure|p2a: Mr. Freeze
|-activate|p2a: Mr. Freeze|move: Protect
|
|-heal|p2a: Mr. Freeze|15/100|[from] item: Leftovers
|upkeep
|turn|12
|
|t:|1758935042
|-terastallize|p2a: Mr. Freeze|Ground
|move|p2a: Mr. Freeze|Earth Power|p1a: Garganacl
|-supereffective|p1a: Garganacl
|-damage|p1a: Garganacl|47/100
|move|p1a: Garganacl|Salt Cure|p2a: Mr. Freeze
|-resisted|p2a: Mr. Freeze
|-activate|p2a: Mr. Freeze|move: Substitute|[damage]
|
|-heal|p2a: Mr. Freeze|21/100|[from] item: Leftovers
|-heal|p1a: Garganacl|53/100|[from] item: Leftovers
|upkeep
|turn|13
|
|t:|1758935054
|-terastallize|p1a: Garganacl|Fairy
|move|p2a: Mr. Freeze|Earth Power|p1a: Garganacl
|-damage|p1a: Garganacl|24/100
|move|p1a: Garganacl|Recover|p1a: Garganacl
|-heal|p1a: Garganacl|74/100
|
|-heal|p2a: Mr. Freeze|27/100|[from] item: Leftovers
|-heal|p1a: Garganacl|80/100|[from] item: Leftovers
|upkeep
|turn|14
|
|t:|1758935061
|move|p2a: Mr. Freeze|Protect|p2a: Mr. Freeze
|-singleturn|p2a: Mr. Freeze|Protect
|move|p1a: Garganacl|Curse|p1a: Garganacl
|-unboost|p1a: Garganacl|spe|1
|-boost|p1a: Garganacl|atk|1
|-boost|p1a: Garganacl|def|1
|
|-heal|p2a: Mr. Freeze|33/100|[from] item: Leftovers
|-heal|p1a: Garganacl|87/100|[from] item: Leftovers
|upkeep
|turn|15
|
|t:|1758935066
|move|p2a: Mr. Freeze|Earth Power|p1a: Garganacl
|-damage|p1a: Garganacl|54/100
|-unboost|p1a: Garganacl|spd|1
|move|p1a: Garganacl|Salt Cure|p2a: Mr. Freeze
|-resisted|p2a: Mr. Freeze
|-activate|p2a: Mr. Freeze|move: Substitute|[damage]
|
|-heal|p2a: Mr. Freeze|40/100|[from] item: Leftovers
|-heal|p1a: Garganacl|61/100|[from] item: Leftovers
|upkeep
|turn|16
|
|t:|1758935076
|move|p2a: Mr. Freeze|Earth Power|p1a: Garganacl
|-damage|p1a: Garganacl|13/100
|move|p1a: Garganacl|Recover|p1a: Garganacl
|-heal|p1a: Garganacl|63/100
|
|-heal|p2a: Mr. Freeze|46/100|[from] item: Leftovers
|-heal|p1a: Garganacl|69/100|[from] item: Leftovers
|upkeep
|turn|17
|
|t:|1758935084
|move|p1a: Garganacl|Protect|p1a: Garganacl
|-singleturn|p1a: Garganacl|Protect
|move|p2a: Mr. Freeze|Freeze-Dry|p1a: Garganacl
|-activate|p1a: Garganacl|move: Protect
|
|-heal|p2a: Mr. Freeze|52/100|[from] item: Leftovers
|-heal|p1a: Garganacl|75/100|[from] item: Leftovers
|upkeep
|turn|18
|
|t:|1758935096
|move|p2a: Mr. Freeze|Freeze-Dry|p1a: Garganacl
|-damage|p1a: Garganacl|39/100
|move|p1a: Garganacl|Recover|p1a: Garganacl
|-heal|p1a: Garganacl|89/100
|
|-heal|p2a: Mr. Freeze|58/100|[from] item: Leftovers
|-heal|p1a: Garganacl|95/100|[from] item: Leftovers
|upkeep
|turn|19
|
|t:|1758935103
|move|p1a: Garganacl|Protect|p1a: Garganacl
|-singleturn|p1a: Garganacl|Protect
|move|p2a: Mr. Freeze|Freeze-Dry|p1a: Garganacl
|-activate|p1a: Garganacl|move: Protect
|
|-heal|p2a: Mr. Freeze|64/100|[from] item: Leftovers
|-heal|p1a: Garganacl|100/100|[from] item: Leftovers
|upkeep
|turn|20
|
|t:|1758935108
|move|p2a: Mr. Freeze|Earth Power|p1a: Garganacl
|-damage|p1a: Garganacl|60/100
|-unboost|p1a: Garganacl|spd|1
|move|p1a: Garganacl|Curse|p1a: Garganacl
|-unboost|p1a: Garganacl|spe|1
|-boost|p1a: Garganacl|atk|1
|-boost|p1a: Garganacl|def|1
|
|-heal|p2a: Mr. Freeze|70/100|[from] item: Leftovers
|-heal|p1a: Garganacl|66/100|[from] item: Leftovers
|upkeep
|turn|21
|
|t:|1758935114
|move|p1a: Garganacl|Protect|p1a: Garganacl
|-singleturn|p1a: Garganacl|Protect
|move|p2a: Mr. Freeze|Freeze-Dry|p1a: Garganacl
|-activate|p1a: Garganacl|move: Protect
|
|-heal|p2a: Mr. Freeze|77/100|[from] item: Leftovers
|-heal|p1a: Garganacl|72/100|[from] item: Leftovers
|upkeep
|turn|22
|
|t:|1758935121
|move|p2a: Mr. Freeze|Freeze-Dry|p1a: Garganacl
|-damage|p1a: Garganacl|27/100
|move|p1a: Garganacl|Recover|p1a: Garganacl
|-heal|p1a: Garganacl|77/100
|
|-heal|p2a: Mr. Freeze|83/100|[from] item: Leftovers
|-heal|p1a: Garganacl|84/100|[from] item: Leftovers
|upkeep
|turn|23
|
|t:|1758935126
|move|p1a: Garganacl|Protect|p1a: Garganacl
|-singleturn|p1a: Garganacl|Protect
|move|p2a: Mr. Freeze|Freeze-Dry|p1a: Garganacl
|-activate|p1a: Garganacl|move: Protect
|
|-heal|p2a: Mr. Freeze|89/100|[from] item: Leftovers
|-heal|p1a: Garganacl|90/100|[from] item: Leftovers
|upkeep
|turn|24
|
|t:|1758935132
|move|p2a: Mr. Freeze|Freeze-Dry|p1a: Garganacl
|-damage|p1a: Garganacl|44/100
|move|p1a: Garganacl|Salt Cure|p2a: Mr. Freeze
|-resisted|p2a: Mr. Freeze
|-end|p2a: Mr. Freeze|Substitute
|
|-heal|p2a: Mr. Freeze|95/100|[from] item: Leftovers
|-heal|p1a: Garganacl|50/100|[from] item: Leftovers
|upkeep
|turn|25
|
|t:|1758935148
|move|p2a: Mr. Freeze|Substitute|p2a: Mr. Freeze
|-start|p2a: Mr. Freeze|Substitute
|-damage|p2a: Mr. Freeze|70/100
|move|p1a: Garganacl|Salt Cure|p2a: Mr. Freeze
|-resisted|p2a: Mr. Freeze
|-activate|p2a: Mr. Freeze|move: Substitute|[damage]
|
|-heal|p2a: Mr. Freeze|76/100|[from] item: Leftovers
|-heal|p1a: Garganacl|56/100|[from] item: Leftovers
|upkeep
|turn|26
|
|t:|1758935154
|move|p1a: Garganacl|Protect|p1a: Garganacl
|-singleturn|p1a: Garganacl|Protect
|move|p2a: Mr. Freeze|Freeze-Dry|p1a: Garganacl
|-activate|p1a: Garganacl|move: Protect
|
|-heal|p2a: Mr. Freeze|82/100|[from] item: Leftovers
|-heal|p1a: Garganacl|62/100|[from] item: Leftovers
|upkeep
|turn|27
|
|t:|1758935158
|switch|p1a: Cinderace|Cinderace, M|64/100
|move|p2a: Mr. Freeze|Earth Power|p1a: Cinderace
|-supereffective|p1a: Cinderace
|-damage|p1a: Cinderace|0 fnt
|faint|p1a: Cinderace
|
|-heal|p2a: Mr. Freeze|89/100|[from] item: Leftovers
|upkeep
|
|t:|1758935161
|switch|p1a: Slowking|Slowking-Galar, F|70/100
|turn|28
|
|t:|1758935166
|move|p2a: Mr. Freeze|Freeze-Dry|p1a: Slowking
|-damage|p1a: Slowking|42/100
|move|p1a: Slowking|Ice Beam|p2a: Mr. Freeze
|-supereffective|p2a: Mr. Freeze
|-end|p2a: Mr. Freeze|Substitute
|
|-heal|p2a: Mr. Freeze|95/100|[from] item: Leftovers
|upkeep
|turn|29
|
|t:|1758935179
|move|p2a: Mr. Freeze|Freeze-Dry|p1a: Slowking
|-damage|p1a: Slowking|14/100
|move|p1a: Slowking|Ice Beam|p2a: Mr. Freeze
|-supereffective|p2a: Mr. Freeze
|-damage|p2a: Mr. Freeze|53/100
|
|-heal|p2a: Mr. Freeze|60/100|[from] item: Leftovers
|upkeep
|turn|30
|
|t:|1758935186
|switch|p1a: Garganacl|Garganacl, F, tera:Fairy|62/100
|move|p2a: Mr. Freeze|Freeze-Dry|p1a: Garganacl
|-damage|p1a: Garganacl|41/100
|
|-heal|p2a: Mr. Freeze|66/100|[from] item: Leftovers
|-heal|p1a: Garganacl|47/100|[from] item: Leftovers
|upkeep
|turn|31
|
|t:|1758935193
|switch|p2a: Chillionaire|Slowking-Galar, M, shiny|100/100
|move|p1a: Garganacl|Recover|p1a: Garganacl
|-heal|p1a: Garganacl|97/100
|
|-heal|p1a: Garganacl|100/100|[from] item: Leftovers
|upkeep
|turn|32
|
|t:|1758935198
|switch|p1a: Landorus|Landorus-Therian, M|100/100
|-ability|p1a: Landorus|Intimidate|boost
|-unboost|p2a: Chillionaire|atk|1
|-prepare|p2a: Chillionaire|Chilly Reception|[premajor]
|move|p2a: Chillionaire|Chilly Reception|p2a: Chillionaire
|-weather|Snowscape
|
|t:|1758935202
|switch|p2a: Mr. Freeze|Kyurem, shiny, tera:Ground|66/100|[from] Chilly Reception
|-damage|p2a: Mr. Freeze|60/100|[from] Stealth Rock
|-ability|p2a: Mr. Freeze|Pressure
|
|-weather|Snowscape|[upkeep]
|-heal|p2a: Mr. Freeze|66/100|[from] item: Leftovers
|upkeep
|turn|33
|
|t:|1758935210
|move|p2a: Mr. Freeze|Substitute|p2a: Mr. Freeze
|-start|p2a: Mr. Freeze|Substitute
|-damage|p2a: Mr. Freeze|41/100
|move|p1a: Landorus|Weather Ball|p2a: Mr. Freeze
|-supereffective|p2a: Mr. Freeze
|-end|p2a: Mr. Freeze|Substitute
|
|-weather|Snowscape|[upkeep]
|-heal|p2a: Mr. Freeze|47/100|[from] item: Leftovers
|upkeep
|turn|34
|
|t:|1758935217
|switch|p1a: Slowking|Slowking-Galar, F|47/100
|move|p2a: Mr. Freeze|Freeze-Dry|p1a: Slowking
|-damage|p1a: Slowking|20/100
|
|-weather|Snowscape|[upkeep]
|-heal|p2a: Mr. Freeze|53/100|[from] item: Leftovers
|upkeep
|turn|35
|
|t:|1758935228
|switch|p2a: Kristine|Cinderace, F, shiny|100/100
|move|p1a: Slowking|Ice Beam|p2a: Kristine
|-resisted|p2a: Kristine
|-damage|p2a: Kristine|88/100
|
|-weather|Snowscape|[upkeep]
|upkeep
|turn|36
|
|t:|1758935234
|move|p2a: Kristine|Court Change|p2a: Kristine
|-swapsideconditions
|-activate|p2a: Kristine|move: Court Change
|move|p1a: Slowking|Psychic|p2a: Kristine
|-damage|p2a: Kristine|51/100
|
|-weather|none
|upkeep
|turn|37
|
|t:|1758935241
|switch|p1a: Landorus|Landorus-Therian, M|100/100
|-damage|p1a: Landorus|88/100|[from] Stealth Rock
|-ability|p1a: Landorus|Intimidate|boost
|-unboost|p2a: Kristine|atk|1
|move|p2a: Kristine|Pyro Ball|p1a: Landorus
|-damage|p1a: Landorus|65/100
|
|upkeep
|turn|38
|
|t:|1758935254
|switch|p2a: Mr. Freeze|Kyurem, shiny, tera:Ground|53/100
|-ability|p2a: Mr. Freeze|Pressure
|move|p1a: Landorus|Stealth Rock|p2a: Mr. Freeze
|-sidestart|p2: butts99999|move: Stealth Rock
|
|-heal|p2a: Mr. Freeze|59/100|[from] item: Leftovers
|upkeep
|turn|39
|
|t:|1758935263
|move|p2a: Mr. Freeze|Substitute|p2a: Mr. Freeze
|-start|p2a: Mr. Freeze|Substitute
|-damage|p2a: Mr. Freeze|34/100
|move|p1a: Landorus|Earthquake|p2a: Mr. Freeze
|-end|p2a: Mr. Freeze|Substitute
|
|-heal|p2a: Mr. Freeze|40/100|[from] item: Leftovers
|upkeep
|turn|40
|
|t:|1758935268
|move|p2a: Mr. Freeze|Freeze-Dry|p1a: Landorus
|-supereffective|p1a: Landorus
|-damage|p1a: Landorus|0 fnt
|faint|p1a: Landorus
|
|-heal|p2a: Mr. Freeze|47/100|[from] item: Leftovers
|upkeep
|
|t:|1758935271
|switch|p1a: Rillaboom|Rillaboom, M|100/100
|-damage|p1a: Rillaboom|88/100|[from] Stealth Rock
|-fieldstart|move: Grassy Terrain|[from] ability: Grassy Surge|[of] p1a: Rillaboom
|turn|41
|
|t:|1758935280
|move|p2a: Mr. Freeze|Protect|p2a: Mr. Freeze
|-singleturn|p2a: Mr. Freeze|Protect
|move|p1a: Rillaboom|Swords Dance|p1a: Rillaboom
|-boost|p1a: Rillaboom|atk|2
|
|-heal|p2a: Mr. Freeze|53/100|[from] Grassy Terrain
|-heal|p2a: Mr. Freeze|59/100|[from] item: Leftovers
|-heal|p1a: Rillaboom|94/100|[from] Grassy Terrain
|upkeep
|turn|42
|inactive|butts99999 has 120 seconds left.
|
|t:|1758935310
|switch|p2a: Kristine|Cinderace, F, shiny|51/100
|move|p1a: Rillaboom|Swords Dance|p1a: Rillaboom
|-boost|p1a: Rillaboom|atk|2
|
|-heal|p2a: Kristine|57/100|[from] Grassy Terrain
|-heal|p1a: Rillaboom|100/100|[from] Grassy Terrain
|upkeep
|turn|43
|
|t:|1758935316
|move|p1a: Rillaboom|Grassy Glide|p2a: Kristine
|-resisted|p2a: Kristine
|-damage|p2a: Kristine|0 fnt
|faint|p2a: Kristine
|
|upkeep
|inactive|butts99999 has 120 seconds left.
|
|t:|1758935326
|switch|p2a: Chillionaire|Slowking-Galar, M, shiny|100/100
|turn|44
|inactive|butts99999 has 120 seconds left.
|
|t:|1758935337
|switch|p2a: Homelandor|Landorus-Therian, M, shiny|74/100
|-damage|p2a: Homelandor|61/100|[from] Stealth Rock
|-ability|p2a: Homelandor|Intimidate|boost
|-unboost|p1a: Rillaboom|atk|1
|move|p1a: Rillaboom|Wood Hammer|p2a: Homelandor
|-damage|p2a: Homelandor|0 fnt
|-damage|p1a: Rillaboom|84/100|[from] item: Rocky Helmet|[of] p2a: Homelandor
|faint|p2a: Homelandor
|-damage|p1a: Rillaboom|65/100|[from] Recoil
|
|-heal|p1a: Rillaboom|71/100|[from] Grassy Terrain
|upkeep
|
|t:|1758935340
|switch|p2a: Mr. Freeze|Kyurem, shiny, tera:Ground|59/100
|-damage|p2a: Mr. Freeze|53/100|[from] Stealth Rock
|-ability|p2a: Mr. Freeze|Pressure
|turn|45
|
|t:|1758935348
|switch|p1a: Raging Bolt|Raging Bolt|100/100
|-damage|p1a: Raging Bolt|88/100|[from] Stealth Rock
|move|p2a: Mr. Freeze|Protect||[still]
|-fail|p2a: Mr. Freeze
|
|-heal|p2a: Mr. Freeze|59/100|[from] Grassy Terrain
|-heal|p2a: Mr. Freeze|65/100|[from] item: Leftovers
|-heal|p1a: Raging Bolt|94/100|[from] Grassy Terrain
|-fieldend|move: Grassy Terrain
|upkeep
|turn|46
|
|t:|1758935358
|switch|p2a: Chillionaire|Slowking-Galar, M, shiny|100/100
|move|p1a: Raging Bolt|Draco Meteor|p2a: Chillionaire
|-damage|p2a: Chillionaire|38/100
|-unboost|p1a: Raging Bolt|spa|2
|
|upkeep
|turn|47
|
|t:|1758935380
|-end|p1a: Raging Bolt|Protosynthesis|[silent]
|switch|p1a: Slowking|Slowking-Galar, F|53/100
|-damage|p1a: Slowking|41/100|[from] Stealth Rock
|switch|p2a: Daenerys|Kingambit, F|100/100
|-damage|p2a: Daenerys|94/100|[from] Stealth Rock
|-activate|p2a: Daenerys|ability: Supreme Overlord
|-start|p2a: Daenerys|fallen2|[silent]
|
|-heal|p2a: Daenerys|100/100|[from] item: Leftovers
|upkeep
|turn|48
|
|t:|1758935386
|move|p2a: Daenerys|Kowtow Cleave|p1a: Slowking
|-supereffective|p1a: Slowking
|-crit|p1a: Slowking
|-damage|p1a: Slowking|0 fnt
|-damage|p2a: Daenerys|84/100|[from] item: Rocky Helmet|[of] p1a: Slowking
|faint|p1a: Slowking
|
|-heal|p2a: Daenerys|90/100|[from] item: Leftovers
|upkeep
|
|t:|1758935389
|switch|p1a: Raging Bolt|Raging Bolt|94/100
|-damage|p1a: Raging Bolt|82/100|[from] Stealth Rock
|turn|49
|
|t:|1758935419
|-end|p2a: Daenerys|fallen2|[silent]
|switch|p2a: Chillionaire|Slowking-Galar, M, shiny|71/100
|move|p1a: Raging Bolt|Draco Meteor|p2a: Chillionaire
|-damage|p2a: Chillionaire|8/100
|-unboost|p1a: Raging Bolt|spa|2
|
|upkeep
|turn|50
|c|☆Ctannn|How do you do the command to check data for a move
|c|☆butts99999|// dt
|c|☆Ctannn|i want to see the spDef drop chance of earth power
|c|☆Ctannn|thanks
|c|☆butts99999|its 10%
|inactive|butts99999 has 120 seconds left.
|inactive|Ctannn has 120 seconds left.
|
|t:|1758935449
|-end|p1a: Raging Bolt|Protosynthesis|[silent]
|switch|p1a: Garganacl|Garganacl, F, tera:Fairy|100/100
|-damage|p1a: Garganacl|88/100|[from] Stealth Rock
|switch|p2a: Daenerys|Kingambit, F|90/100
|-damage|p2a: Daenerys|84/100|[from] Stealth Rock
|-activate|p2a: Daenerys|ability: Supreme Overlord
|-start|p2a: Daenerys|fallen2|[silent]
|
|-heal|p2a: Daenerys|90/100|[from] item: Leftovers
|-heal|p1a: Garganacl|94/100|[from] item: Leftovers
|upkeep
|turn|51
|inactive|butts99999 has 120 seconds left.
|
|t:|1758935458
|move|p2a: Daenerys|Iron Head|p1a: Garganacl
|-supereffective|p1a: Garganacl
|-damage|p1a: Garganacl|20/100
|move|p1a: Garganacl|Salt Cure|p2a: Daenerys
|-resisted|p2a: Daenerys
|-damage|p2a: Daenerys|85/100
|-start|p2a: Daenerys|Salt Cure
|
|-heal|p2a: Daenerys|91/100|[from] item: Leftovers
|-heal|p1a: Garganacl|26/100|[from] item: Leftovers
|-damage|p2a: Daenerys|66/100|[from] Salt Cure
|upkeep
|turn|52
|inactive|butts99999 has 120 seconds left.
|
|t:|1758935474
|-end|p2a: Daenerys|fallen2|[silent]
|switch|p2a: Chillionaire|Slowking-Galar, M, shiny|41/100
|move|p1a: Garganacl|Salt Cure|p2a: Chillionaire
|-damage|p2a: Chillionaire|26/100
|-start|p2a: Chillionaire|Salt Cure
|
|-heal|p1a: Garganacl|32/100|[from] item: Leftovers
|-damage|p2a: Chillionaire|13/100|[from] Salt Cure
|upkeep
|turn|53
|inactive|butts99999 has 120 seconds left.
|
|t:|1758935485
|switch|p2a: Mr. Freeze|Kyurem, shiny, tera:Ground|65/100
|-damage|p2a: Mr. Freeze|59/100|[from] Stealth Rock
|-ability|p2a: Mr. Freeze|Pressure
|move|p1a: Garganacl|Salt Cure|p2a: Mr. Freeze
|-resisted|p2a: Mr. Freeze
|-damage|p2a: Mr. Freeze|53/100
|-start|p2a: Mr. Freeze|Salt Cure
|
|-heal|p2a: Mr. Freeze|59/100|[from] item: Leftovers
|-heal|p1a: Garganacl|38/100|[from] item: Leftovers
|-damage|p2a: Mr. Freeze|46/100|[from] Salt Cure
|upkeep
|turn|54
|inactive|butts99999 has 120 seconds left.
|
|t:|1758935493
|switch|p2a: Chillionaire|Slowking-Galar, M, shiny|47/100
|move|p1a: Garganacl|Curse|p1a: Garganacl
|-unboost|p1a: Garganacl|spe|1
|-boost|p1a: Garganacl|atk|1
|-boost|p1a: Garganacl|def|1
|
|-heal|p1a: Garganacl|44/100|[from] item: Leftovers
|upkeep
|turn|55
|
|t:|1758935500
|move|p1a: Garganacl|Protect|p1a: Garganacl
|-singleturn|p1a: Garganacl|Protect
|move|p2a: Chillionaire|Sludge Bomb|p1a: Garganacl
|-activate|p1a: Garganacl|move: Protect
|
|-heal|p1a: Garganacl|50/100|[from] item: Leftovers
|upkeep
|turn|56
|
|t:|1758935506
|move|p1a: Garganacl|Recover|p1a: Garganacl
|-heal|p1a: Garganacl|100/100
|move|p2a: Chillionaire|Sludge Bomb|p1a: Garganacl
|-supereffective|p1a: Garganacl
|-damage|p1a: Garganacl|58/100
|
|-heal|p1a: Garganacl|65/100|[from] item: Leftovers
|upkeep
|turn|57
|
|t:|1758935512
|move|p1a: Garganacl|Salt Cure|p2a: Chillionaire
|-damage|p2a: Chillionaire|24/100
|-start|p2a: Chillionaire|Salt Cure
|move|p2a: Chillionaire|Sludge Bomb|p1a: Garganacl
|-supereffective|p1a: Garganacl
|-damage|p1a: Garganacl|18/100
|
|-heal|p1a: Garganacl|24/100|[from] item: Leftovers
|-damage|p2a: Chillionaire|12/100|[from] Salt Cure
|upkeep
|turn|58
|
|t:|1758935522
|switch|p2a: Mr. Freeze|Kyurem, shiny, tera:Ground|46/100
|-damage|p2a: Mr. Freeze|40/100|[from] Stealth Rock
|-ability|p2a: Mr. Freeze|Pressure
|move|p1a: Garganacl|Curse|p1a: Garganacl
|-unboost|p1a: Garganacl|spe|1
|-boost|p1a: Garganacl|atk|1
|-boost|p1a: Garganacl|def|1
|
|-heal|p2a: Mr. Freeze|46/100|[from] item: Leftovers
|-heal|p1a: Garganacl|30/100|[from] item: Leftovers
|upkeep
|turn|59
|
|t:|1758935536
|move|p2a: Mr. Freeze|Earth Power|p1a: Garganacl
|-damage|p1a: Garganacl|3/100
|move|p1a: Garganacl|Salt Cure|p2a: Mr. Freeze
|-resisted|p2a: Mr. Freeze
|-damage|p2a: Mr. Freeze|35/100
|-start|p2a: Mr. Freeze|Salt Cure
|
|-heal|p2a: Mr. Freeze|41/100|[from] item: Leftovers
|-heal|p1a: Garganacl|9/100|[from] item: Leftovers
|-damage|p2a: Mr. Freeze|28/100|[from] Salt Cure
|upkeep
|turn|60
|
|t:|1758935544
|move|p2a: Mr. Freeze|Freeze-Dry|p1a: Garganacl
|-damage|p1a: Garganacl|0 fnt
|faint|p1a: Garganacl
|
|-heal|p2a: Mr. Freeze|35/100|[from] item: Leftovers
|-damage|p2a: Mr. Freeze|22/100|[from] Salt Cure
|upkeep
|
|t:|1758935547
|switch|p1a: Rillaboom|Rillaboom, M|71/100
|-damage|p1a: Rillaboom|59/100|[from] Stealth Rock
|-fieldstart|move: Grassy Terrain|[from] ability: Grassy Surge|[of] p1a: Rillaboom
|turn|61
|
|t:|1758935561
|switch|p2a: Chillionaire|Slowking-Galar, M, shiny|45/100
|move|p1a: Rillaboom|Grassy Glide|p2a: Chillionaire
|-resisted|p2a: Chillionaire
|-damage|p2a: Chillionaire|21/100
|
|-heal|p1a: Rillaboom|65/100|[from] Grassy Terrain
|-heal|p2a: Chillionaire|27/100|[from] Grassy Terrain
|upkeep
|turn|62
|inactive|butts99999 has 120 seconds left.
|j| locked in bro
|
|t:|1758935603
|move|p1a: Rillaboom|Wood Hammer|p2a: Chillionaire
|-resisted|p2a: Chillionaire
|-damage|p2a: Chillionaire|0 fnt
|faint|p2a: Chillionaire
|-damage|p1a: Rillaboom|55/100|[from] Recoil
|
|-heal|p1a: Rillaboom|61/100|[from] Grassy Terrain
|upkeep
|j| Perola Z
|inactive|butts99999 has 90 seconds left.
|
|t:|1758935635
|switch|p2a: WALL-Y|Iron Valiant|100/100
|-damage|p2a: WALL-Y|94/100|[from] Stealth Rock
|-enditem|p2a: WALL-Y|Booster Energy
|-activate|p2a: WALL-Y|ability: Quark Drive|[fromitem]
|-start|p2a: WALL-Y|quarkdrivespe
|turn|63
|
|t:|1758935642
|move|p1a: Rillaboom|Grassy Glide|p2a: WALL-Y
|-damage|p2a: WALL-Y|34/100
|move|p2a: WALL-Y|Moonblast|p1a: Rillaboom
|-damage|p1a: Rillaboom|3/100
|
|-heal|p2a: WALL-Y|40/100|[from] Grassy Terrain
|-heal|p1a: Rillaboom|9/100|[from] Grassy Terrain
|upkeep
|turn|64
|inactive|butts99999 has 90 seconds left.
|
|t:|1758935662
|-end|p2a: WALL-Y|Quark Drive|[silent]
|switch|p2a: Daenerys|Kingambit, F|66/100
|-damage|p2a: Daenerys|60/100|[from] Stealth Rock
|-activate|p2a: Daenerys|ability: Supreme Overlord
|-start|p2a: Daenerys|fallen3|[silent]
|move|p1a: Rillaboom|Grassy Glide|p2a: Daenerys
|-resisted|p2a: Daenerys
|-damage|p2a: Daenerys|41/100
|
|-heal|p1a: Rillaboom|15/100|[from] Grassy Terrain
|-heal|p2a: Daenerys|47/100|[from] Grassy Terrain
|-heal|p2a: Daenerys|53/100|[from] item: Leftovers
|upkeep
|turn|65
|inactive|butts99999 has 90 seconds left.
|
|t:|1758935687
|move|p2a: Daenerys|Sucker Punch|p1a: Rillaboom
|-damage|p1a: Rillaboom|0 fnt
|faint|p1a: Rillaboom
|
|-heal|p2a: Daenerys|60/100|[from] Grassy Terrain
|-heal|p2a: Daenerys|66/100|[from] item: Leftovers
|-fieldend|move: Grassy Terrain
|upkeep
|c|☆Ctannn|Gg
|c|☆butts99999|i think thats game
|c|☆butts99999|gg
|c|☆butts99999|wp
|c|☆Ctannn|why did you sucker punch
|-message|Ctannn forfeited.
|
|win|butts99999
|raw|Ctannn's rating: 1971 &rarr; <strong>1950</strong><br />(-21 for losing)
|raw|butts99999's rating: 1947 &rarr; <strong>1968</strong><br />(+21 for winning)
|l|☆Ctannn
|player|p1|
|c|☆butts99999|last move drain punch?
|l| Bobaba
|l|☆butts99999
|player|p2|
|l| Poltzor
|l| locked in bro
