|j|☆ColdWar001
|j|☆gashner
|t:|1759052881
|gametype|singles
|player|p1|ColdWar001|drayden|1184
|player|p2|gashner|169|1145
|gen|9
|tier|[Gen 9] OU
|rated|
|rule|HP Percentage Mod: HP is shown in percentages
|rule|Endless Battle Clause: Forcing endless battles is banned
|rule|Species Clause: Limit one of each Pokémon
|rule|OHKO Clause: OHKO moves are banned
|rule|Evasion Items Clause: Evasion items are banned
|rule|Evasion Moves Clause: Evasion moves are banned
|rule|Evasion Abilities Clause: Evasion abilities are banned
|rule|Sleep Moves Clause: Sleep-inducing moves are banned
|clearpoke
|poke|p1|Kyurem|
|poke|p1|Conkeldurr, M|
|poke|p1|Kleavor, F|
|poke|p1|Tentacruel, M|
|poke|p1|Skeledirge, M|
|poke|p1|Raikou|
|poke|p2|Alomomola, F|
|poke|p2|Dragalge, F|
|poke|p2|Lokix, M|
|poke|p2|Great Tusk|
|poke|p2|Gholdengo|
|poke|p2|Moltres|
|teampreview
|inactive|Battle timer is ON: inactive players will automatically lose when time's up. (requested by ColdWar001)
|
|t:|1759052893
|teamsize|p1|6
|teamsize|p2|6
|start
|switch|p1a: Skeledirge|Skeledirge, M|100/100
|switch|p2a: Dragalge|Dragalge, F|100/100
|turn|1
|
|t:|1759052899
|move|p1a: Skeledirge|Will-O-Wisp|p2a: Dragalge|[miss]
|-miss|p1a: Skeledirge|p2a: Dragalge
|move|p2a: Dragalge|Draco Meteor|p1a: Skeledirge
|-damage|p1a: Skeledirge|19/100
|-unboost|p2a: Dragalge|spa|2
|
|-heal|p1a: Skeledirge|25/100|[from] item: Leftovers
|upkeep
|turn|2
|
|t:|1759052913
|switch|p1a: Kleavor|Kleavor, F|100/100
|move|p2a: Dragalge|Draco Meteor|p1a: Kleavor
|-damage|p1a: Kleavor|19/100
|-unboost|p2a: Dragalge|spa|2
|
|upkeep
|turn|3
|
|t:|1759052922
|move|p1a: Kleavor|Stone Axe|p2a: Dragalge
|-damage|p2a: Dragalge|32/100
|-sidestart|p2: gashner|move: Stealth Rock
|move|p2a: Dragalge|Draco Meteor|p1a: Kleavor|[miss]
|-miss|p2a: Dragalge|p1a: Kleavor
|
|upkeep
|turn|4
|
|t:|1759052929
|move|p1a: Kleavor|Stone Axe|p2a: Dragalge
|-damage|p2a: Dragalge|0 fnt
|faint|p2a: Dragalge
|
|upkeep
|
|t:|1759052932
|switch|p2a: Great Tusk|Great Tusk|100/100
|turn|5
|
|t:|1759052937
|move|p2a: Great Tusk|Rapid Spin|p1a: Kleavor
|-resisted|p1a: Kleavor
|-damage|p1a: Kleavor|10/100
|-boost|p2a: Great Tusk|spe|1
|-sideend|p2: gashner|Stealth Rock|[from] move: Rapid Spin|[of] p2a: Great Tusk
|move|p1a: Kleavor|Trailblaze|p2a: Great Tusk
|-supereffective|p2a: Great Tusk
|-damage|p2a: Great Tusk|72/100
|-boost|p1a: Kleavor|spe|1
|
|upkeep
|turn|6
|
|t:|1759052946
|move|p2a: Great Tusk|Ice Spinner|p1a: Kleavor
|-damage|p1a: Kleavor|0 fnt
|faint|p1a: Kleavor
|
|upkeep
|
|t:|1759052955
|switch|p1a: Conkeldurr|Conkeldurr, M|100/100
|turn|7
|
|t:|1759052959
|move|p2a: Great Tusk|Stealth Rock|p1a: Conkeldurr
|-sidestart|p1: ColdWar001|move: Stealth Rock
|move|p1a: Conkeldurr|Ice Punch|p2a: Great Tusk
|-supereffective|p2a: Great Tusk
|-damage|p2a: Great Tusk|20/100
|
|upkeep
|turn|8
|
|t:|1759052969
|-end|p2a: Great Tusk|Protosynthesis|[silent]
|switch|p2a: Alomomola|Alomomola, F|100/100
|move|p1a: Conkeldurr|Ice Punch|p2a: Alomomola
|-resisted|p2a: Alomomola
|-damage|p2a: Alomomola|89/100
|
|upkeep
|turn|9
|
|t:|1759052977
|move|p1a: Conkeldurr|Knock Off|p2a: Alomomola
|-damage|p2a: Alomomola|64/100
|-enditem|p2a: Alomomola|Assault Vest|[from] move: Knock Off|[of] p1a: Conkeldurr
|move|p2a: Alomomola|Scald|p1a: Conkeldurr
|-crit|p1a: Conkeldurr
|-damage|p1a: Conkeldurr|84/100
|-status|p1a: Conkeldurr|brn
|
|-damage|p1a: Conkeldurr|78/100 brn|[from] brn
|upkeep
|turn|10
|
|t:|1759052993
|switch|p1a: Tentacruel|Tentacruel, M|100/100
|-damage|p1a: Tentacruel|88/100|[from] Stealth Rock
|move|p2a: Alomomola|Flip Turn|p1a: Tentacruel
|-resisted|p1a: Tentacruel
|-damage|p1a: Tentacruel|77/100
|
|t:|1759053007
|switch|p2a: Great Tusk|Great Tusk|20/100|[from] Flip Turn
|
|-heal|p1a: Tentacruel|83/100|[from] item: Black Sludge
|upkeep
|turn|11
|
|t:|1759053012
|move|p1a: Tentacruel|Surf|p2a: Great Tusk
|-supereffective|p2a: Great Tusk
|-damage|p2a: Great Tusk|0 fnt
|faint|p2a: Great Tusk
|-end|p2a: Great Tusk|Protosynthesis|[silent]
|
|-heal|p1a: Tentacruel|89/100|[from] item: Black Sludge
|upkeep
|
|t:|1759053025
|switch|p2a: Gholdengo|Gholdengo|100/100
|turn|12
|
|t:|1759053030
|move|p2a: Gholdengo|Shadow Ball|p1a: Tentacruel
|-damage|p1a: Tentacruel|55/100
|move|p1a: Tentacruel|Mirror Coat|p2a: Gholdengo
|-damage|p2a: Gholdengo|22/100
|
|-heal|p1a: Tentacruel|61/100|[from] item: Black Sludge
|upkeep
|turn|13
|
|t:|1759053037
|move|p2a: Gholdengo|Shadow Ball|p1a: Tentacruel
|-damage|p1a: Tentacruel|25/100
|move|p1a: Tentacruel|Surf|p2a: Gholdengo
|-damage|p2a: Gholdengo|0 fnt
|faint|p2a: Gholdengo
|
|-heal|p1a: Tentacruel|31/100|[from] item: Black Sludge
|upkeep
|
|t:|1759053041
|switch|p2a: Lokix|Lokix, M|100/100
|turn|14
|
|t:|1759053047
|move|p2a: Lokix|First Impression|p1a: Tentacruel
|-resisted|p1a: Tentacruel
|-damage|p1a: Tentacruel|0 fnt
|faint|p1a: Tentacruel
|
|upkeep
|
|t:|1759053056
|switch|p1a: Conkeldurr|Conkeldurr, M|78/100 brn
|-damage|p1a: Conkeldurr|72/100 brn|[from] Stealth Rock
|turn|15
|
|t:|1759053060
|switch|p2a: Alomomola|Alomomola, F|97/100
|move|p1a: Conkeldurr|Knock Off|p2a: Alomomola
|-damage|p2a: Alomomola|88/100
|
|-damage|p1a: Conkeldurr|66/100 brn|[from] brn
|upkeep
|turn|16
|
|t:|1759053068
|move|p1a: Conkeldurr|Drain Punch|p2a: Alomomola
|-damage|p2a: Alomomola|70/100
|-heal|p1a: Conkeldurr|77/100 brn|[from] drain|[of] p2a: Alomomola
|move|p2a: Alomomola|Scald|p1a: Conkeldurr
|-damage|p1a: Conkeldurr|67/100 brn
|
|-damage|p1a: Conkeldurr|61/100 brn|[from] brn
|upkeep
|turn|17
|
|t:|1759053077
|switch|p2a: Moltres|Moltres|100/100
|move|p1a: Conkeldurr|Drain Punch|p2a: Moltres
|-resisted|p2a: Moltres
|-damage|p2a: Moltres|86/100
|-heal|p1a: Conkeldurr|67/100 brn|[from] drain|[of] p2a: Moltres
|
|-damage|p1a: Conkeldurr|61/100 brn|[from] brn
|upkeep
|turn|18
|
|t:|1759053088
|move|p2a: Moltres|U-turn|p1a: Conkeldurr
|-resisted|p1a: Conkeldurr
|-damage|p1a: Conkeldurr|55/100 brn
|
|t:|1759053093
|switch|p2a: Alomomola|Alomomola, F|100/100|[from] U-turn
|move|p1a: Conkeldurr|Knock Off|p2a: Alomomola
|-damage|p2a: Alomomola|91/100
|
|-damage|p1a: Conkeldurr|49/100 brn|[from] brn
|upkeep
|turn|19
|
|t:|1759053104
|switch|p1a: Raikou|Raikou|100/100
|-damage|p1a: Raikou|88/100|[from] Stealth Rock
|switch|p2a: Moltres|Moltres|86/100
|
|upkeep
|turn|20
|
|t:|1759053118
|-terastallize|p2a: Moltres|Fairy
|move|p1a: Raikou|Calm Mind|p1a: Raikou
|-boost|p1a: Raikou|spa|1
|-boost|p1a: Raikou|spd|1
|move|p2a: Moltres|U-turn|p1a: Raikou
|-damage|p1a: Raikou|69/100
|
|t:|1759053125
|switch|p2a: Lokix|Lokix, M|100/100|[from] U-turn
|
|upkeep
|turn|21
|
|t:|1759053130
|-terastallize|p1a: Raikou|Fighting
|move|p2a: Lokix|First Impression|p1a: Raikou
|-resisted|p1a: Raikou
|-damage|p1a: Raikou|0 fnt
|faint|p1a: Raikou
|
|upkeep
|
|t:|1759053138
|switch|p1a: Conkeldurr|Conkeldurr, M|49/100 brn
|-damage|p1a: Conkeldurr|43/100 brn|[from] Stealth Rock
|turn|22
|
|t:|1759053143
|switch|p2a: Moltres|Moltres, tera:Fairy|86/100
|move|p1a: Conkeldurr|Drain Punch|p2a: Moltres
|-resisted|p2a: Moltres
|-damage|p2a: Moltres|73/100
|-heal|p1a: Conkeldurr|49/100 brn|[from] drain|[of] p2a: Moltres
|
|-damage|p1a: Conkeldurr|43/100 brn|[from] brn
|upkeep
|turn|23
|
|t:|1759053151
|move|p2a: Moltres|Flamethrower|p1a: Conkeldurr
|-damage|p1a: Conkeldurr|14/100 brn
|move|p1a: Conkeldurr|Knock Off|p2a: Moltres
|-resisted|p2a: Moltres
|-damage|p2a: Moltres|63/100
|-enditem|p2a: Moltres|Heavy-Duty Boots|[from] move: Knock Off|[of] p1a: Conkeldurr
|
|-damage|p1a: Conkeldurr|8/100 brn|[from] brn
|upkeep
|turn|24
|
|t:|1759053160
|move|p2a: Moltres|Flamethrower|p1a: Conkeldurr
|-damage|p1a: Conkeldurr|0 fnt
|faint|p1a: Conkeldurr
|
|upkeep
|
|t:|1759053167
|switch|p1a: Kyurem|Kyurem|100/100
|-damage|p1a: Kyurem|76/100|[from] Stealth Rock
|-ability|p1a: Kyurem|Pressure
|turn|25
|
|t:|1759053176
|move|p1a: Kyurem|Icicle Spear|p2a: Moltres
|-damage|p2a: Moltres|53/100
|-damage|p2a: Moltres|42/100
|-damage|p2a: Moltres|31/100
|-damage|p2a: Moltres|20/100
|-hitcount|p2a: Moltres|4
|move|p2a: Moltres|Roar|p1a: Kyurem
|drag|p1a: Skeledirge|Skeledirge, M|25/100
|-damage|p1a: Skeledirge|0 fnt|[from] Stealth Rock
|faint|p1a: Skeledirge
|
|upkeep
|
|t:|1759053187
|switch|p1a: Kyurem|Kyurem|76/100
|-damage|p1a: Kyurem|51/100|[from] Stealth Rock
|-ability|p1a: Kyurem|Pressure
|turn|26
|
|t:|1759053193
|move|p1a: Kyurem|Icicle Spear|p2a: Moltres
|-damage|p2a: Moltres|10/100
|-damage|p2a: Moltres|0 fnt
|faint|p2a: Moltres
|-hitcount|p2: Moltres|2
|
|upkeep
|
|t:|1759053198
|switch|p2a: Lokix|Lokix, M|100/100
|turn|27
|
|t:|1759053203
|move|p2a: Lokix|First Impression|p1a: Kyurem
|-damage|p1a: Kyurem|0 fnt
|faint|p1a: Kyurem
|
|win|gashner
|raw|ColdWar001's rating: 1184 &rarr; <strong>1156</strong><br />(-28 for losing)
|raw|gashner's rating: 1145 &rarr; <strong>1173</strong><br />(+28 for winning)
|l|☆ColdWar001
|player|p1|
