|j|☆the.ramen.gang
|j|☆Your_Dad 255
|t:|1759000239
|gametype|singles
|player|p1|the.ramen.gang|101|1241
|player|p2|Your_Dad 255|hiker-gen4|1219
|gen|9
|tier|[Gen 9] OU
|rated|
|rule|HP Percentage Mod: HP is shown in percentages
|rule|Endless Battle Clause: Forcing endless battles is banned
|rule|Species Clause: Limit one of each Pokémon
|rule|OHKO Clause: OHKO moves are banned
|rule|Evasion Items Clause: Evasion items are banned
|rule|Evasion Moves Clause: Evasion moves are banned
|rule|Evasion Abilities Clause: Evasion abilities are banned
|rule|Sleep Moves Clause: Sleep-inducing moves are banned
|clearpoke
|poke|p1|Reuniclus, F|
|poke|p1|Clefable, F|
|poke|p1|Forretress, M|
|poke|p1|Houndoom, M|
|poke|p1|Flygon, F|
|poke|p1|Breloom, F|
|poke|p2|Ninetales, M|
|poke|p2|Ceruledge, F|
|poke|p2|Venusaur, M|
|poke|p2|Hatterene, F|
|poke|p2|Great Tusk|
|poke|p2|Walking Wake|
|teampreview
|inactive|Battle timer is ON: inactive players will automatically lose when time's up. (requested by Your_Dad 255)
|
|t:|1759000256
|teamsize|p1|6
|teamsize|p2|6
|start
|switch|p1a: Reuniclus|Reuniclus, F|100/100
|switch|p2a: Ninetales|Ninetales, M, shiny|100/100
|-weather|SunnyDay|[from] ability: Drought|[of] p2a: Ninetales
|turn|1
|inactive|Your_Dad 255 has 120 seconds left.
|
|t:|1759000314
|move|p2a: Ninetales|Flamethrower|p1a: Reuniclus
|-damage|p1a: Reuniclus|76/100
|move|p1a: Reuniclus|Calm Mind|p1a: Reuniclus
|-boost|p1a: Reuniclus|spa|1
|-boost|p1a: Reuniclus|spd|1
|
|-weather|SunnyDay|[upkeep]
|-heal|p1a: Reuniclus|82/100|[from] item: Leftovers
|upkeep
|turn|2
|
|t:|1759000324
|switch|p2a: Ceruledge|Ceruledge, F|100/100
|move|p1a: Reuniclus|Calm Mind|p1a: Reuniclus
|-boost|p1a: Reuniclus|spa|1
|-boost|p1a: Reuniclus|spd|1
|
|-weather|SunnyDay|[upkeep]
|-heal|p1a: Reuniclus|88/100|[from] item: Leftovers
|upkeep
|turn|3
|
|t:|1759000332
|move|p2a: Ceruledge|Swords Dance|p2a: Ceruledge
|-boost|p2a: Ceruledge|atk|2
|move|p1a: Reuniclus|Psychic|p2a: Ceruledge
|-damage|p2a: Ceruledge|8/100
|
|-weather|SunnyDay|[upkeep]
|-heal|p1a: Reuniclus|95/100|[from] item: Leftovers
|upkeep
|turn|4
|inactive|Your_Dad 255 has 90 seconds left.
|
|t:|1759000366
|move|p2a: Ceruledge|Bitter Blade|p1a: Reuniclus
|-damage|p1a: Reuniclus|0 fnt
|-heal|p2a: Ceruledge|77/100|[from] drain|[of] p1a: Reuniclus
|faint|p1a: Reuniclus
|
|-weather|SunnyDay|[upkeep]
|upkeep
|
|t:|1759000374
|switch|p1a: Houndoom|Houndoom, M|100/100
|turn|5
|inactive|Your_Dad 255 has 90 seconds left.
|
|t:|1759000413
|-terastallize|p2a: Ceruledge|Fairy
|move|p1a: Houndoom|Foul Play|p2a: Ceruledge
|-resisted|p2a: Ceruledge
|-damage|p2a: Ceruledge|8/100
|-ability|p2a: Ceruledge|Weak Armor|boost
|-unboost|p2a: Ceruledge|def|1
|-boost|p2a: Ceruledge|spe|2
|move|p2a: Ceruledge|Tera Blast|p1a: Houndoom|[anim] Tera Blast Fairy
|-damage|p1a: Houndoom|0 fnt
|faint|p1a: Houndoom
|
|-weather|SunnyDay|[upkeep]
|upkeep
|
|t:|1759000421
|switch|p1a: Breloom|Breloom, F|100/100
|turn|6
|inactive|Your_Dad 255 has 60 seconds left.
|
|t:|1759000443
|move|p1a: Breloom|Mach Punch|p2a: Ceruledge
|-resisted|p2a: Ceruledge
|-damage|p2a: Ceruledge|0 fnt
|faint|p2a: Ceruledge
|
|-weather|SunnyDay|[upkeep]
|upkeep
|inactive|Your_Dad 255 has 60 seconds left.
|
|t:|1759000450
|switch|p2a: Venusaur|Venusaur, M|100/100
|turn|7
|
|t:|1759000459
|switch|p1a: Flygon|Flygon, F|100/100
|move|p2a: Venusaur|Growth|p2a: Venusaur
|-boost|p2a: Venusaur|atk|2
|-boost|p2a: Venusaur|spa|2
|
|-weather|SunnyDay|[upkeep]
|upkeep
|turn|8
|
|t:|1759000469
|move|p2a: Venusaur|Giga Drain|p1a: Flygon
|-enditem|p1a: Flygon|Focus Sash
|-damage|p1a: Flygon|1/100
|-damage|p2a: Venusaur|91/100|[from] item: Life Orb
|move|p1a: Flygon|Dragon Dance|p1a: Flygon
|-boost|p1a: Flygon|atk|1
|-boost|p1a: Flygon|spe|1
|
|-weather|none
|upkeep
|turn|9
|
|t:|1759000479
|move|p1a: Flygon|Earthquake|p2a: Venusaur
|-damage|p2a: Venusaur|0 fnt
|faint|p2a: Venusaur
|
|upkeep
|
|t:|1759000489
|switch|p2a: Ninetales|Ninetales, M, shiny|100/100
|-weather|SunnyDay|[from] ability: Drought|[of] p2a: Ninetales
|turn|10
|
|t:|1759000493
|move|p1a: Flygon|Earthquake|p2a: Ninetales
|-supereffective|p2a: Ninetales
|-damage|p2a: Ninetales|0 fnt
|faint|p2a: Ninetales
|
|-weather|SunnyDay|[upkeep]
|upkeep
|inactive|Your_Dad 255 has 90 seconds left.
|
|t:|1759000498
|switch|p2a: Great Tusk|Great Tusk|100/100
|-activate|p2a: Great Tusk|ability: Protosynthesis
|-start|p2a: Great Tusk|protosynthesisspe
|turn|11
|
|t:|1759000507
|-terastallize|p1a: Flygon|Ice
|move|p2a: Great Tusk|Ice Spinner|p1a: Flygon
|-resisted|p1a: Flygon
|-damage|p1a: Flygon|0 fnt
|faint|p1a: Flygon
|
|-weather|SunnyDay|[upkeep]
|upkeep
|
|t:|1759000514
|switch|p1a: Breloom|Breloom, F|100/100
|turn|12
|
|t:|1759000519
|move|p2a: Great Tusk|Ice Spinner|p1a: Breloom
|-supereffective|p1a: Breloom
|-damage|p1a: Breloom|47/100
|move|p1a: Breloom|Seed Bomb|p2a: Great Tusk
|-supereffective|p2a: Great Tusk
|-damage|p2a: Great Tusk|18/100
|
|-weather|SunnyDay|[upkeep]
|upkeep
|turn|13
|
|t:|1759000526
|move|p2a: Great Tusk|Ice Spinner|p1a: Breloom
|-supereffective|p1a: Breloom
|-damage|p1a: Breloom|0 fnt
|faint|p1a: Breloom
|
|-weather|SunnyDay|[upkeep]
|upkeep
|
|t:|1759000529
|switch|p1a: Forretress|Forretress, M|100/100
|turn|14
|
|t:|1759000533
|move|p2a: Great Tusk|Headlong Rush|p1a: Forretress
|-damage|p1a: Forretress|63/100
|-unboost|p2a: Great Tusk|def|1
|-unboost|p2a: Great Tusk|spd|1
|move|p1a: Forretress|Rapid Spin|p2a: Great Tusk
|-damage|p2a: Great Tusk|7/100
|-boost|p1a: Forretress|spe|1
|-damage|p1a: Forretress|46/100|[from] item: Rocky Helmet|[of] p2a: Great Tusk
|
|-weather|SunnyDay|[upkeep]
|upkeep
|turn|15
|
|t:|1759000543
|move|p2a: Great Tusk|Headlong Rush|p1a: Forretress
|-damage|p1a: Forretress|9/100
|-unboost|p2a: Great Tusk|def|1
|-unboost|p2a: Great Tusk|spd|1
|move|p1a: Forretress|Rapid Spin|p2a: Great Tusk
|-crit|p2a: Great Tusk
|-damage|p2a: Great Tusk|0 fnt
|-boost|p1a: Forretress|spe|1
|-damage|p1a: Forretress|0 fnt|[from] item: Rocky Helmet|[of] p2a: Great Tusk
|faint|p2a: Great Tusk
|-end|p2a: Great Tusk|Protosynthesis|[silent]
|faint|p1a: Forretress
|
|-weather|SunnyDay|[upkeep]
|upkeep
|
|t:|1759000556
|switch|p2a: Walking Wake|Walking Wake|100/100
|switch|p1a: Clefable|Clefable, F|100/100
|-activate|p2a: Walking Wake|ability: Protosynthesis
|-start|p2a: Walking Wake|protosynthesisspa
|turn|16
|
|t:|1759000563
|move|p2a: Walking Wake|Hydro Steam|p1a: Clefable
|-damage|p1a: Clefable|0 fnt
|faint|p1a: Clefable
|
|win|Your_Dad 255
|raw|the.ramen.gang's rating: 1241 &rarr; <strong>1214</strong><br />(-27 for losing)
|raw|Your_Dad 255's rating: 1219 &rarr; <strong>1246</strong><br />(+27 for winning)
|l|☆Your_Dad 255
|player|p2|
