|j|☆zeucros12
|j|☆Am1sty
|t:|1759056188
|gametype|singles
|player|p1|zeucros12|266|1136
|player|p2|Am1sty|265|1200
|gen|9
|tier|[Gen 9] OU
|rated|
|rule|HP Percentage Mod: HP is shown in percentages
|rule|Endless Battle Clause: Forcing endless battles is banned
|rule|Species Clause: Limit one of each Pokémon
|rule|OHKO Clause: OHKO moves are banned
|rule|Evasion Items Clause: Evasion items are banned
|rule|Evasion Moves Clause: Evasion moves are banned
|rule|Evasion Abilities Clause: Evasion abilities are banned
|rule|Sleep Moves Clause: Sleep-inducing moves are banned
|clearpoke
|poke|p1|Arcanine, M|
|poke|p1|Goodra-Hisui, M|
|poke|p1|Sylveon, M|
|poke|p1|Blastoise, M|
|poke|p1|Dragonite, F|
|poke|p1|Scrafty, M|
|poke|p2|Blissey, F|
|poke|p2|Toxapex, M|
|poke|p2|Avalugg, F|
|poke|p2|Sableye, F|
|poke|p2|Gliscor, F|
|poke|p2|Gastrodon, F|
|teampreview
|inactive|Battle timer is ON: inactive players will automatically lose when time's up. (requested by Am1sty)
|
|t:|1759056194
|teamsize|p1|6
|teamsize|p2|6
|start
|switch|p1a: Scrafty|Scrafty, M|100/100
|switch|p2a: Sableye|Sableye, F|100/100
|-ability|p1a: Scrafty|Intimidate|boost
|-unboost|p2a: Sableye|atk|1
|turn|1
|
|t:|1759056202
|move|p2a: Sableye|Fake Out|p1a: Scrafty
|-damage|p1a: Scrafty|96/100
|cant|p1a: Scrafty|flinch
|
|upkeep
|turn|2
|
|t:|1759056229
|move|p2a: Sableye|Will-O-Wisp|p1a: Scrafty
|-hint|Since gen 7, Dark is immune to Prankster moves.
|-immune|p1a: Scrafty
|move|p1a: Scrafty|Knock Off|p2a: Sableye
|-damage|p2a: Sableye|57/100
|-enditem|p2a: Sableye|Leftovers|[from] move: Knock Off|[of] p1a: Scrafty
|
|upkeep
|turn|3
|
|t:|1759056253
|move|p2a: Sableye|Protect|p2a: Sableye
|-singleturn|p2a: Sableye|Protect
|move|p1a: Scrafty|Knock Off|p2a: Sableye
|-activate|p2a: Sableye|move: Protect
|
|upkeep
|turn|4
|
|t:|1759056263
|switch|p2a: Toxapex|Toxapex, M|100/100
|move|p1a: Scrafty|Knock Off|p2a: Toxapex
|-damage|p2a: Toxapex|73/100
|-damage|p1a: Scrafty|79/100|[from] item: Rocky Helmet|[of] p2a: Toxapex
|-enditem|p2a: Toxapex|Rocky Helmet|[from] move: Knock Off|[of] p1a: Scrafty
|
|upkeep
|turn|5
|
|t:|1759056276
|move|p1a: Scrafty|Thunder Punch|p2a: Toxapex
|-supereffective|p2a: Toxapex
|-damage|p2a: Toxapex|41/100
|move|p2a: Toxapex|Toxic|p1a: Scrafty
|-status|p1a: Scrafty|tox
|
|-damage|p1a: Scrafty|73/100 tox|[from] psn
|upkeep
|turn|6
|
|t:|1759056285
|switch|p2a: Gliscor|Gliscor, F|100/100
|move|p1a: Scrafty|Thunder Punch|p2a: Gliscor
|-immune|p2a: Gliscor
|
|-damage|p1a: Scrafty|61/100 tox|[from] psn
|-status|p2a: Gliscor|tox|[from] item: Toxic Orb
|upkeep
|turn|7
|
|t:|1759056297
|switch|p1a: Goodra|Goodra-Hisui, M, shiny|100/100
|move|p2a: Gliscor|Stealth Rock|p1a: Goodra
|-sidestart|p1: zeucros12|move: Stealth Rock
|
|upkeep
|turn|8
|
|t:|1759056307
|move|p2a: Gliscor|Protect|p2a: Gliscor
|-singleturn|p2a: Gliscor|Protect
|move|p1a: Goodra|Dragon Tail|p2a: Gliscor
|-activate|p2a: Gliscor|move: Protect
|
|upkeep
|turn|9
|
|t:|1759056314
|move|p2a: Gliscor|Earthquake|p1a: Goodra
|-supereffective|p1a: Goodra
|-damage|p1a: Goodra|48/100
|move|p1a: Goodra|Dragon Tail|p2a: Gliscor
|-damage|p2a: Gliscor|84/100 tox
|drag|p2a: Avalugg|Avalugg, F|100/100
|
|-heal|p1a: Goodra|54/100|[from] item: Leftovers
|upkeep
|turn|10
|
|t:|1759056326
|move|p1a: Goodra|Knock Off|p2a: Avalugg
|-damage|p2a: Avalugg|88/100
|-enditem|p2a: Avalugg|Heavy-Duty Boots|[from] move: Knock Off|[of] p1a: Goodra
|move|p2a: Avalugg|Icicle Crash|p1a: Goodra
|-damage|p1a: Goodra|21/100
|
|-heal|p1a: Goodra|27/100|[from] item: Leftovers
|upkeep
|turn|11
|
|t:|1759056336
|move|p1a: Goodra|Earthquake|p2a: Avalugg
|-damage|p2a: Avalugg|76/100
|move|p2a: Avalugg|Icicle Crash|p1a: Goodra|[miss]
|-miss|p2a: Avalugg|p1a: Goodra
|
|-heal|p1a: Goodra|33/100|[from] item: Leftovers
|upkeep
|turn|12
|
|t:|1759056347
|switch|p2a: Gliscor|Gliscor, F|84/100 tox
|move|p1a: Goodra|Iron Head|p2a: Gliscor
|-damage|p2a: Gliscor|63/100 tox
|
|-heal|p1a: Goodra|39/100|[from] item: Leftovers
|-heal|p2a: Gliscor|75/100 tox|[from] ability: Poison Heal
|upkeep
|turn|13
|
|t:|1759056374
|move|p2a: Gliscor|Earthquake|p1a: Goodra
|-supereffective|p1a: Goodra
|-damage|p1a: Goodra|0 fnt
|faint|p1a: Goodra
|
|-heal|p2a: Gliscor|88/100 tox|[from] ability: Poison Heal
|upkeep
|
|t:|1759056380
|switch|p1a: Blastoise|Blastoise, M|100/100
|-damage|p1a: Blastoise|88/100|[from] Stealth Rock
|turn|14
|
|t:|1759056385
|switch|p2a: Toxapex|Toxapex, M|74/100
|move|p1a: Blastoise|Rapid Spin|p2a: Toxapex
|-damage|p2a: Toxapex|68/100
|-boost|p1a: Blastoise|spe|1
|-sideend|p1: zeucros12|Stealth Rock|[from] move: Rapid Spin|[of] p1a: Blastoise
|
|upkeep
|turn|15
|inactive|zeucros12 has 120 seconds left.
|
|t:|1759056410
|switch|p1a: Scrafty|Scrafty, M|61/100 tox
|-ability|p1a: Scrafty|Intimidate|boost
|-unboost|p2a: Toxapex|atk|1
|move|p2a: Toxapex|Toxic|p1a: Scrafty
|-fail|p1a: Scrafty|tox
|
|-damage|p1a: Scrafty|55/100 tox|[from] psn
|upkeep
|turn|16
|inactive|zeucros12 has 120 seconds left.
|
|t:|1759056422
|switch|p2a: Gliscor|Gliscor, F|88/100 tox
|move|p1a: Scrafty|Knock Off|p2a: Gliscor
|-crit|p2a: Gliscor
|-damage|p2a: Gliscor|41/100 tox
|-enditem|p2a: Gliscor|Toxic Orb|[from] move: Knock Off|[of] p1a: Scrafty
|
|-heal|p2a: Gliscor|54/100 tox|[from] ability: Poison Heal
|-damage|p1a: Scrafty|43/100 tox|[from] psn
|upkeep
|turn|17
|inactive|zeucros12 has 120 seconds left.
|
|t:|1759056436
|move|p2a: Gliscor|Protect|p2a: Gliscor
|-singleturn|p2a: Gliscor|Protect
|move|p1a: Scrafty|Stone Edge|p2a: Gliscor
|-activate|p2a: Gliscor|move: Protect
|
|-heal|p2a: Gliscor|66/100 tox|[from] ability: Poison Heal
|-damage|p1a: Scrafty|25/100 tox|[from] psn
|upkeep
|turn|18
|
|t:|1759056450
|switch|p2a: Avalugg|Avalugg, F|76/100
|move|p1a: Scrafty|Stone Edge|p2a: Avalugg
|-supereffective|p2a: Avalugg
|-damage|p2a: Avalugg|47/100
|
|-damage|p1a: Scrafty|1/100 tox|[from] psn
|upkeep
|turn|19
|
|t:|1759056459
|move|p1a: Scrafty|Drain Punch|p2a: Avalugg
|-supereffective|p2a: Avalugg
|-damage|p2a: Avalugg|13/100
|-heal|p1a: Scrafty|21/100 tox|[from] drain|[of] p2a: Avalugg
|move|p2a: Avalugg|Recover|p2a: Avalugg
|-heal|p2a: Avalugg|63/100
|
|-damage|p1a: Scrafty|0 fnt|[from] psn
|faint|p1a: Scrafty
|upkeep
|inactive|zeucros12 has 120 seconds left.
|
|t:|1759056476
|switch|p1a: Arcanine|Arcanine, M, shiny|100/100
|-ability|p1a: Arcanine|Intimidate|boost
|-unboost|p2a: Avalugg|atk|1
|turn|20
|
|t:|1759056483
|switch|p2a: Toxapex|Toxapex, M|100/100
|move|p1a: Arcanine|Flamethrower|p2a: Toxapex
|-resisted|p2a: Toxapex
|-damage|p2a: Toxapex|88/100
|-status|p2a: Toxapex|brn
|
|-damage|p2a: Toxapex|82/100 brn|[from] brn
|upkeep
|turn|21
|inactive|zeucros12 has 120 seconds left.
|
|t:|1759056513
|move|p1a: Arcanine|Flamethrower|p2a: Toxapex
|-resisted|p2a: Toxapex
|-damage|p2a: Toxapex|69/100 brn
|move|p2a: Toxapex|Toxic|p1a: Arcanine
|-status|p1a: Arcanine|tox
|
|-damage|p1a: Arcanine|94/100 tox|[from] psn
|-damage|p2a: Toxapex|63/100 brn|[from] brn
|upkeep
|turn|22
|
|t:|1759056524
|switch|p1a: Sylveon|Sylveon, M, shiny|100/100
|move|p2a: Toxapex|Toxic Spikes|p1a: Sylveon
|-sidestart|p1: zeucros12|move: Toxic Spikes
|
|-damage|p2a: Toxapex|56/100 brn|[from] brn
|upkeep
|turn|23
|
|t:|1759056532
|switch|p2a: Blissey|Blissey, F|100/100
|-terastallize|p1a: Sylveon|Steel
|move|p1a: Sylveon|Moonblast|p2a: Blissey
|-damage|p2a: Blissey|91/100
|-unboost|p2a: Blissey|spa|1
|
|-heal|p2a: Blissey|97/100|[from] item: Leftovers
|upkeep
|turn|24
|
|t:|1759056547
|switch|p1a: Dragonite|Dragonite, F, shiny|100/100
|-terastallize|p2a: Blissey|Dark
|move|p2a: Blissey|Seismic Toss|p1a: Dragonite
|-damage|p1a: Dragonite|72/100
|
|-heal|p1a: Dragonite|78/100|[from] item: Leftovers
|-heal|p2a: Blissey|100/100|[from] item: Leftovers
|upkeep
|turn|25
|
|t:|1759056561
|switch|p2a: Toxapex|Toxapex, M|90/100 brn
|move|p1a: Dragonite|Dragon Dance|p1a: Dragonite
|-boost|p1a: Dragonite|atk|1
|-boost|p1a: Dragonite|spe|1
|
|-heal|p1a: Dragonite|84/100|[from] item: Leftovers
|-damage|p2a: Toxapex|83/100 brn|[from] brn
|upkeep
|turn|26
|inactive|zeucros12 has 120 seconds left.
|
|t:|1759056571
|move|p1a: Dragonite|Dragon Claw|p2a: Toxapex
|-damage|p2a: Toxapex|45/100 brn
|move|p2a: Toxapex|Haze|p2a: Toxapex
|-clearallboost
|
|-heal|p1a: Dragonite|90/100|[from] item: Leftovers
|-damage|p2a: Toxapex|39/100 brn|[from] brn
|upkeep
|turn|27
|
|t:|1759056581
|move|p1a: Dragonite|Dragon Claw|p2a: Toxapex
|-damage|p2a: Toxapex|15/100 brn
|move|p2a: Toxapex|Toxic|p1a: Dragonite
|-status|p1a: Dragonite|tox
|
|-heal|p1a: Dragonite|96/100 tox|[from] item: Leftovers
|-damage|p1a: Dragonite|90/100 tox|[from] psn
|-damage|p2a: Toxapex|9/100 brn|[from] brn
|upkeep
|turn|28
|
|t:|1759056597
|switch|p2a: Avalugg|Avalugg, F|63/100
|move|p1a: Dragonite|Dragon Claw|p2a: Avalugg
|-damage|p2a: Avalugg|44/100
|
|-heal|p1a: Dragonite|96/100 tox|[from] item: Leftovers
|-damage|p1a: Dragonite|84/100 tox|[from] psn
|upkeep
|turn|29
|
|t:|1759056609
|switch|p1a: Sylveon|Sylveon, M, shiny, tera:Steel|100/100
|move|p2a: Avalugg|Recover|p2a: Avalugg
|-heal|p2a: Avalugg|94/100
|
|upkeep
|turn|30
|
|t:|1759056617
|switch|p2a: Blissey|Blissey, F, tera:Dark|100/100
|move|p1a: Sylveon|Moonblast|p2a: Blissey
|-supereffective|p2a: Blissey
|-damage|p2a: Blissey|79/100
|
|-heal|p2a: Blissey|86/100|[from] item: Leftovers
|upkeep
|turn|31
|
|t:|1759056629
|move|p1a: Sylveon|Moonblast|p2a: Blissey
|-supereffective|p2a: Blissey
|-damage|p2a: Blissey|65/100
|-unboost|p2a: Blissey|spa|1
|move|p2a: Blissey|Seismic Toss|p1a: Sylveon
|-damage|p1a: Sylveon|75/100
|-start|p2a: Blissey|Attract|[from] ability: Cute Charm|[of] p1a: Sylveon
|
|-heal|p1a: Sylveon|81/100|[from] item: Leftovers
|-heal|p2a: Blissey|71/100|[from] item: Leftovers
|upkeep
|turn|32
|
|t:|1759056642
|move|p1a: Sylveon|Moonblast|p2a: Blissey
|-supereffective|p2a: Blissey
|-damage|p2a: Blissey|50/100
|-activate|p2a: Blissey|move: Attract|[of] p1a: Sylveon
|move|p2a: Blissey|Calm Mind|p2a: Blissey
|-boost|p2a: Blissey|spa|1
|-boost|p2a: Blissey|spd|1
|
|-heal|p1a: Sylveon|87/100|[from] item: Leftovers
|-heal|p2a: Blissey|57/100|[from] item: Leftovers
|upkeep
|turn|33
|
|t:|1759056652
|-activate|p2a: Blissey|move: Attract|[of] p1a: Sylveon
|move|p2a: Blissey|Calm Mind|p2a: Blissey
|-boost|p2a: Blissey|spa|1
|-boost|p2a: Blissey|spd|1
|move|p1a: Sylveon|Roar|p2a: Blissey
|drag|p2a: Gastrodon|Gastrodon, F|100/100
|
|-heal|p1a: Sylveon|93/100|[from] item: Leftovers
|upkeep
|turn|34
|
|t:|1759056663
|move|p1a: Sylveon|Moonblast|p2a: Gastrodon
|-damage|p2a: Gastrodon|73/100
|-unboost|p2a: Gastrodon|spa|1
|move|p2a: Gastrodon|Spikes|p1a: Sylveon
|-sidestart|p1: zeucros12|Spikes
|
|-heal|p1a: Sylveon|99/100|[from] item: Leftovers
|-heal|p2a: Gastrodon|79/100|[from] item: Leftovers
|upkeep
|turn|35
|
|t:|1759056673
|move|p1a: Sylveon|Moonblast|p2a: Gastrodon
|-damage|p2a: Gastrodon|51/100
|move|p2a: Gastrodon|Spikes|p1a: Sylveon
|-sidestart|p1: zeucros12|Spikes
|
|-heal|p1a: Sylveon|100/100|[from] item: Leftovers
|-heal|p2a: Gastrodon|58/100|[from] item: Leftovers
|upkeep
|turn|36
|
|t:|1759056682
|move|p1a: Sylveon|Moonblast|p2a: Gastrodon
|-damage|p2a: Gastrodon|31/100
|move|p2a: Gastrodon|Recover|p2a: Gastrodon
|-heal|p2a: Gastrodon|81/100
|
|-heal|p2a: Gastrodon|87/100|[from] item: Leftovers
|upkeep
|turn|37
|
|t:|1759056691
|move|p1a: Sylveon|Moonblast|p2a: Gastrodon
|-damage|p2a: Gastrodon|63/100
|move|p2a: Gastrodon|Spikes|p1a: Sylveon
|-sidestart|p1: zeucros12|Spikes
|
|-heal|p2a: Gastrodon|69/100|[from] item: Leftovers
|upkeep
|turn|38
|
|t:|1759056699
|move|p2a: Gastrodon|Protect|p2a: Gastrodon
|-singleturn|p2a: Gastrodon|Protect
|move|p1a: Sylveon|Moonblast|p2a: Gastrodon
|-activate|p2a: Gastrodon|move: Protect
|
|-heal|p2a: Gastrodon|75/100|[from] item: Leftovers
|upkeep
|turn|39
|
|t:|1759056708
|move|p1a: Sylveon|Moonblast|p2a: Gastrodon
|-damage|p2a: Gastrodon|51/100
|move|p2a: Gastrodon|Surf|p1a: Sylveon
|-damage|p1a: Sylveon|87/100
|
|-heal|p1a: Sylveon|93/100|[from] item: Leftovers
|-heal|p2a: Gastrodon|57/100|[from] item: Leftovers
|upkeep
|turn|40
|
|t:|1759056717
|move|p1a: Sylveon|Moonblast|p2a: Gastrodon
|-damage|p2a: Gastrodon|31/100
|move|p2a: Gastrodon|Recover|p2a: Gastrodon
|-heal|p2a: Gastrodon|81/100
|
|-heal|p1a: Sylveon|99/100|[from] item: Leftovers
|-heal|p2a: Gastrodon|87/100|[from] item: Leftovers
|upkeep
|turn|41
|
|t:|1759056726
|move|p2a: Gastrodon|Protect|p2a: Gastrodon
|-singleturn|p2a: Gastrodon|Protect
|move|p1a: Sylveon|Moonblast|p2a: Gastrodon
|-activate|p2a: Gastrodon|move: Protect
|
|-heal|p1a: Sylveon|100/100|[from] item: Leftovers
|-heal|p2a: Gastrodon|93/100|[from] item: Leftovers
|upkeep
|turn|42
|
|t:|1759056735
|switch|p2a: Blissey|Blissey, F, tera:Dark|57/100
|move|p1a: Sylveon|Moonblast|p2a: Blissey
|-supereffective|p2a: Blissey
|-damage|p2a: Blissey|37/100
|-unboost|p2a: Blissey|spa|1
|
|-heal|p2a: Blissey|43/100|[from] item: Leftovers
|upkeep
|turn|43
|
|t:|1759056745
|move|p1a: Sylveon|Moonblast|p2a: Blissey
|-supereffective|p2a: Blissey
|-damage|p2a: Blissey|24/100
|move|p2a: Blissey|Soft-Boiled|p2a: Blissey
|-heal|p2a: Blissey|74/100
|
|-heal|p2a: Blissey|80/100|[from] item: Leftovers
|upkeep
|turn|44
|
|t:|1759056754
|switch|p1a: Blastoise|Blastoise, M|88/100
|-status|p1a: Blastoise|psn
|-damage|p1a: Blastoise|63/100 psn|[from] Spikes
|move|p2a: Blissey|Calm Mind|p2a: Blissey
|-boost|p2a: Blissey|spa|1
|-boost|p2a: Blissey|spd|1
|
|-heal|p2a: Blissey|87/100|[from] item: Leftovers
|-damage|p1a: Blastoise|51/100 psn|[from] psn
|upkeep
|turn|45
|
|t:|1759056766
|switch|p2a: Toxapex|Toxapex, M|42/100 brn
|move|p1a: Blastoise|Rapid Spin|p2a: Toxapex
|-damage|p2a: Toxapex|36/100 brn
|-boost|p1a: Blastoise|spe|1
|-sideend|p1: zeucros12|Spikes|[from] move: Rapid Spin|[of] p1a: Blastoise
|-sideend|p1: zeucros12|Toxic Spikes|[from] move: Rapid Spin|[of] p1a: Blastoise
|
|-damage|p1a: Blastoise|38/100 psn|[from] psn
|-damage|p2a: Toxapex|30/100 brn|[from] brn
|upkeep
|turn|46
|
|t:|1759056778
|switch|p2a: Gastrodon|Gastrodon, F|93/100
|move|p1a: Blastoise|Dark Pulse|p2a: Gastrodon
|-damage|p2a: Gastrodon|81/100
|
|-heal|p2a: Gastrodon|88/100|[from] item: Leftovers
|-damage|p1a: Blastoise|26/100 psn|[from] psn
|upkeep
|turn|47
|
|t:|1759056790
|move|p1a: Blastoise|Ice Beam|p2a: Gastrodon
|-damage|p2a: Gastrodon|74/100
|move|p2a: Gastrodon|Spikes|p1a: Blastoise
|-sidestart|p1: zeucros12|Spikes
|
|-heal|p2a: Gastrodon|80/100|[from] item: Leftovers
|-damage|p1a: Blastoise|13/100 psn|[from] psn
|upkeep
|turn|48
|
|t:|1759056799
|move|p2a: Gastrodon|Protect|p2a: Gastrodon
|-singleturn|p2a: Gastrodon|Protect
|move|p1a: Blastoise|Rapid Spin|p2a: Gastrodon
|-activate|p2a: Gastrodon|move: Protect
|
|-heal|p2a: Gastrodon|86/100|[from] item: Leftovers
|-damage|p1a: Blastoise|1/100 psn|[from] psn
|upkeep
|turn|49
|
|t:|1759056810
|move|p1a: Blastoise|Rapid Spin|p2a: Gastrodon
|-damage|p2a: Gastrodon|77/100
|-boost|p1a: Blastoise|spe|1
|-sideend|p1: zeucros12|Spikes|[from] move: Rapid Spin|[of] p1a: Blastoise
|move|p2a: Gastrodon|Spikes|p1a: Blastoise
|-sidestart|p1: zeucros12|Spikes
|
|-heal|p2a: Gastrodon|83/100|[from] item: Leftovers
|-damage|p1a: Blastoise|0 fnt|[from] psn
|faint|p1a: Blastoise
|upkeep
|
|t:|1759056822
|switch|p1a: Dragonite|Dragonite, F, shiny|84/100 tox
|turn|50
|
|t:|1759056829
|switch|p2a: Avalugg|Avalugg, F|94/100
|move|p1a: Dragonite|Dragon Claw|p2a: Avalugg
|-damage|p2a: Avalugg|74/100
|
|-heal|p1a: Dragonite|90/100 tox|[from] item: Leftovers
|-damage|p1a: Dragonite|84/100 tox|[from] psn
|upkeep
|turn|51
|
|t:|1759056840
|switch|p1a: Arcanine|Arcanine, M, shiny|94/100 tox
|-damage|p1a: Arcanine|82/100 tox|[from] Spikes
|-ability|p1a: Arcanine|Intimidate|boost
|-unboost|p2a: Avalugg|atk|1
|move|p2a: Avalugg|Icicle Crash|p1a: Arcanine
|-resisted|p1a: Arcanine
|-damage|p1a: Arcanine|72/100 tox
|
|-damage|p1a: Arcanine|66/100 tox|[from] psn
|upkeep
|turn|52
|
|t:|1759056863
|switch|p2a: Toxapex|Toxapex, M|63/100 brn
|move|p1a: Arcanine|Flamethrower|p2a: Toxapex
|-resisted|p2a: Toxapex
|-damage|p2a: Toxapex|49/100 brn
|
|-damage|p1a: Arcanine|54/100 tox|[from] psn
|-damage|p2a: Toxapex|43/100 brn|[from] brn
|upkeep
|turn|53
|
|t:|1759056873
|switch|p1a: Sylveon|Sylveon, M, shiny, tera:Steel|100/100
|-damage|p1a: Sylveon|88/100|[from] Spikes
|move|p2a: Toxapex|Recover|p2a: Toxapex
|-heal|p2a: Toxapex|93/100 brn
|
|-heal|p1a: Sylveon|94/100|[from] item: Leftovers
|-damage|p2a: Toxapex|87/100 brn|[from] brn
|upkeep
|turn|54
|
|t:|1759056884
|switch|p2a: Blissey|Blissey, F, tera:Dark|87/100
|move|p1a: Sylveon|Moonblast|p2a: Blissey
|-supereffective|p2a: Blissey
|-crit|p2a: Blissey
|-damage|p2a: Blissey|56/100
|
|-heal|p1a: Sylveon|99/100|[from] item: Leftovers
|-heal|p2a: Blissey|62/100|[from] item: Leftovers
|upkeep
|turn|55
|
|t:|1759056894
|move|p1a: Sylveon|Moonblast|p2a: Blissey
|-supereffective|p2a: Blissey
|-damage|p2a: Blissey|43/100
|move|p2a: Blissey|Calm Mind|p2a: Blissey
|-boost|p2a: Blissey|spa|1
|-boost|p2a: Blissey|spd|1
|
|-heal|p1a: Sylveon|100/100|[from] item: Leftovers
|-heal|p2a: Blissey|49/100|[from] item: Leftovers
|upkeep
|turn|56
|
|t:|1759056905
|move|p1a: Sylveon|Moonblast|p2a: Blissey
|-supereffective|p2a: Blissey
|-damage|p2a: Blissey|35/100
|-unboost|p2a: Blissey|spa|1
|move|p2a: Blissey|Soft-Boiled|p2a: Blissey
|-heal|p2a: Blissey|85/100
|
|-heal|p2a: Blissey|91/100|[from] item: Leftovers
|upkeep
|turn|57
|
|t:|1759056915
|move|p2a: Blissey|Calm Mind|p2a: Blissey
|-boost|p2a: Blissey|spa|1
|-boost|p2a: Blissey|spd|1
|move|p1a: Sylveon|Roar|p2a: Blissey
|drag|p2a: Sableye|Sableye, F|57/100
|
|upkeep
|turn|58
|
|t:|1759056922
|move|p2a: Sableye|Fake Out|p1a: Sylveon
|-resisted|p1a: Sylveon
|-damage|p1a: Sylveon|97/100
|cant|p1a: Sylveon|flinch
|
|-heal|p1a: Sylveon|100/100|[from] item: Leftovers
|upkeep
|turn|59
|
|t:|1759056933
|move|p2a: Sableye|Will-O-Wisp|p1a: Sylveon|[miss]
|-miss|p2a: Sableye|p1a: Sylveon
|move|p1a: Sylveon|Moonblast|p2a: Sableye
|-supereffective|p2a: Sableye
|-damage|p2a: Sableye|0 fnt
|faint|p2a: Sableye
|
|upkeep
|
|t:|1759056942
|switch|p2a: Blissey|Blissey, F, tera:Dark|91/100
|turn|60
|
|t:|1759056947
|move|p1a: Sylveon|Moonblast|p2a: Blissey
|-supereffective|p2a: Blissey
|-damage|p2a: Blissey|70/100
|move|p2a: Blissey|Calm Mind|p2a: Blissey
|-boost|p2a: Blissey|spa|1
|-boost|p2a: Blissey|spd|1
|
|-heal|p2a: Blissey|76/100|[from] item: Leftovers
|upkeep
|turn|61
|
|t:|1759056957
|move|p2a: Blissey|Seismic Toss|p1a: Sylveon
|-damage|p1a: Sylveon|75/100
|-start|p2a: Blissey|Attract|[from] ability: Cute Charm|[of] p1a: Sylveon
|move|p1a: Sylveon|Roar|p2a: Blissey
|drag|p2a: Gastrodon|Gastrodon, F|83/100
|
|-heal|p1a: Sylveon|81/100|[from] item: Leftovers
|-heal|p2a: Gastrodon|89/100|[from] item: Leftovers
|upkeep
|turn|62
|
|t:|1759056969
|move|p1a: Sylveon|Moonblast|p2a: Gastrodon
|-damage|p2a: Gastrodon|62/100
|-unboost|p2a: Gastrodon|spa|1
|move|p2a: Gastrodon|Spikes|p1a: Sylveon
|-sidestart|p1: zeucros12|Spikes
|
|-heal|p1a: Sylveon|87/100|[from] item: Leftovers
|-heal|p2a: Gastrodon|68/100|[from] item: Leftovers
|upkeep
|turn|63
|
|t:|1759056979
|move|p2a: Gastrodon|Protect|p2a: Gastrodon
|-singleturn|p2a: Gastrodon|Protect
|move|p1a: Sylveon|Moonblast|p2a: Gastrodon
|-activate|p2a: Gastrodon|move: Protect
|
|-heal|p1a: Sylveon|93/100|[from] item: Leftovers
|-heal|p2a: Gastrodon|74/100|[from] item: Leftovers
|upkeep
|turn|64
|
|t:|1759056988
|move|p1a: Sylveon|Moonblast|p2a: Gastrodon
|-damage|p2a: Gastrodon|50/100
|-unboost|p2a: Gastrodon|spa|1
|move|p2a: Gastrodon|Recover|p2a: Gastrodon
|-heal|p2a: Gastrodon|99/100
|
|-heal|p1a: Sylveon|99/100|[from] item: Leftovers
|-heal|p2a: Gastrodon|100/100|[from] item: Leftovers
|upkeep
|turn|65
|
|t:|1759056999
|move|p1a: Sylveon|Moonblast|p2a: Gastrodon
|-damage|p2a: Gastrodon|74/100
|move|p2a: Gastrodon|Spikes|p1a: Sylveon
|-sidestart|p1: zeucros12|Spikes
|
|-heal|p1a: Sylveon|100/100|[from] item: Leftovers
|-heal|p2a: Gastrodon|80/100|[from] item: Leftovers
|upkeep
|turn|66
|
|t:|1759057007
|move|p2a: Gastrodon|Protect|p2a: Gastrodon
|-singleturn|p2a: Gastrodon|Protect
|move|p1a: Sylveon|Wish|p1a: Sylveon
|
|-heal|p2a: Gastrodon|86/100|[from] item: Leftovers
|upkeep
|turn|67
|
|t:|1759057015
|switch|p1a: Dragonite|Dragonite, F, shiny|84/100 tox
|move|p2a: Gastrodon|Surf|p1a: Dragonite
|-resisted|p1a: Dragonite
|-damage|p1a: Dragonite|77/100 tox
|
|-heal|p1a: Dragonite|100/100 tox|[from] move: Wish|[wisher] Sylveon
|-heal|p2a: Gastrodon|93/100|[from] item: Leftovers
|-damage|p1a: Dragonite|94/100 tox|[from] psn
|upkeep
|turn|68
|
|t:|1759057027
|switch|p2a: Avalugg|Avalugg, F|74/100
|move|p1a: Dragonite|Dragon Dance|p1a: Dragonite
|-boost|p1a: Dragonite|atk|1
|-boost|p1a: Dragonite|spe|1
|
|-heal|p1a: Dragonite|100/100 tox|[from] item: Leftovers
|-damage|p1a: Dragonite|88/100 tox|[from] psn
|upkeep
|turn|69
|
|t:|1759057037
|move|p1a: Dragonite|Dragon Claw|p2a: Avalugg
|-damage|p2a: Avalugg|46/100
|move|p2a: Avalugg|Icicle Crash|p1a: Dragonite
|-supereffective|p1a: Dragonite
|-damage|p1a: Dragonite|0 fnt
|faint|p1a: Dragonite
|
|upkeep
|-message|zeucros12 forfeited.
|
|win|Am1sty
|raw|zeucros12's rating: 1136 &rarr; <strong>1116</strong><br />(-20 for losing)
|raw|Am1sty's rating: 1200 &rarr; <strong>1220</strong><br />(+20 for winning)
|l|☆zeucros12
|player|p1|
|l|☆Am1sty
|player|p2|
