|j|☆AintDummy
|j|☆xail44
|t:|1758969420
|gametype|singles
|player|p1|AintDummy|1|1079
|player|p2|xail44|101|1142
|gen|9
|tier|[Gen 9] OU
|rated|
|rule|HP Percentage Mod: HP is shown in percentages
|rule|Endless Battle Clause: Forcing endless battles is banned
|rule|Species Clause: Limit one of each Pokémon
|rule|OHKO Clause: OHKO moves are banned
|rule|Evasion Items Clause: Evasion items are banned
|rule|Evasion Moves Clause: Evasion moves are banned
|rule|Evasion Abilities Clause: Evasion abilities are banned
|rule|Sleep Moves Clause: Sleep-inducing moves are banned
|clearpoke
|poke|p1|Lucario, M|
|poke|p1|Darkrai|
|poke|p1|Kricketune, F|
|poke|p1|Mismagius, F|
|poke|p1|Garchomp, F|
|poke|p1|Heatran, M|
|poke|p2|Bombirdier, M|
|poke|p2|Spidops, M|
|poke|p2|Alomomola, F|
|poke|p2|Banette, M|
|poke|p2|Swalot, M|
|poke|p2|Hydrapple, M|
|teampreview
|inactive|Battle timer is ON: inactive players will automatically lose when time's up. (requested by xail44)
|
|t:|1758969437
|teamsize|p1|6
|teamsize|p2|6
|start
|switch|p1a: Kricketune|Kricketune, F|100/100
|switch|p2a: Spidops|Spidops, M|100/100
|turn|1
|
|t:|1758969457
|move|p1a: Kricketune|Taunt|p2a: Spidops
|-start|p2a: Spidops|move: Taunt
|cant|p2a: Spidops|move: Taunt|Sticky Web
|
|upkeep
|turn|2
|
|t:|1758969463
|move|p1a: Kricketune|Sticky Web|p2a: Spidops
|-sidestart|p2: xail44|move: Sticky Web
|move|p2a: Spidops|Knock Off|p1a: Kricketune
|-damage|p1a: Kricketune|59/100
|-enditem|p1a: Kricketune|Focus Sash|[from] move: Knock Off|[of] p2a: Spidops
|
|upkeep
|turn|3
|
|t:|1758969469
|switch|p2a: Bombirdier|Bombirdier, M|100/100
|move|p1a: Kricketune|Knock Off|p2a: Bombirdier
|-resisted|p2a: Bombirdier
|-damage|p2a: Bombirdier|88/100
|-enditem|p2a: Bombirdier|Power Herb|[from] move: Knock Off|[of] p1a: Kricketune
|
|upkeep
|turn|4
|
|t:|1758969474
|move|p1a: Kricketune|Protect|p1a: Kricketune
|-singleturn|p1a: Kricketune|Protect
|move|p2a: Bombirdier|Hone Claws|p2a: Bombirdier
|-boost|p2a: Bombirdier|atk|1
|-boost|p2a: Bombirdier|accuracy|1
|
|upkeep
|turn|5
|inactive|AintDummy has 120 seconds left.
|
|t:|1758969512
|switch|p1a: Heatran|Heatran, M|100/100
|move|p2a: Bombirdier|Acrobatics|p1a: Heatran
|-resisted|p1a: Heatran
|-damage|p1a: Heatran|73/100
|
|-heal|p1a: Heatran|79/100|[from] item: Leftovers
|upkeep
|turn|6
|inactive|AintDummy has 120 seconds left.
|
|t:|1758969537
|-terastallize|p2a: Bombirdier|Rock
|move|p2a: Bombirdier|Stone Edge|p1a: Heatran
|-damage|p1a: Heatran|0 fnt
|faint|p1a: Heatran
|
|upkeep
|inactive|AintDummy has 120 seconds left.
|
|t:|1758969551
|switch|p1a: Garchomp|Garchomp, F|100/100
|turn|7
|inactive|AintDummy has 120 seconds left.
|
|t:|1758969559
|move|p1a: Garchomp|Earthquake|p2a: Bombirdier
|-supereffective|p2a: Bombirdier
|-damage|p2a: Bombirdier|0 fnt
|faint|p2a: Bombirdier
|
|upkeep
|
|t:|1758969564
|switch|p2a: Spidops|Spidops, M|100/100
|-activate|p2a: Spidops|move: Sticky Web
|-unboost|p2a: Spidops|spe|1
|turn|8
|inactive|AintDummy has 120 seconds left.
|
|t:|1758969580
|move|p1a: Garchomp|Spikes|p2a: Spidops
|-sidestart|p2: xail44|Spikes
|move|p2a: Spidops|Sticky Web|p1a: Garchomp
|-sidestart|p1: AintDummy|move: Sticky Web
|
|upkeep
|turn|9
|
|t:|1758969586
|move|p1a: Garchomp|Stealth Rock|p2a: Spidops
|-sidestart|p2: xail44|move: Stealth Rock
|move|p2a: Spidops|Knock Off|p1a: Garchomp
|-damage|p1a: Garchomp|80/100
|-damage|p2a: Spidops|88/100|[from] ability: Rough Skin|[of] p1a: Garchomp
|-damage|p2a: Spidops|72/100|[from] item: Rocky Helmet|[of] p1a: Garchomp
|-enditem|p1a: Garchomp|Rocky Helmet|[from] move: Knock Off|[of] p2a: Spidops
|
|upkeep
|turn|10
|
|t:|1758969594
|move|p1a: Garchomp|Spikes|p2a: Spidops
|-sidestart|p2: xail44|Spikes
|move|p2a: Spidops|Circle Throw|p1a: Garchomp
|-damage|p1a: Garchomp|67/100
|-damage|p2a: Spidops|59/100|[from] ability: Rough Skin|[of] p1a: Garchomp
|drag|p1a: Lucario|Lucario, M|100/100
|-activate|p1a: Lucario|move: Sticky Web
|-unboost|p1a: Lucario|spe|1
|
|upkeep
|turn|11
|
|t:|1758969600
|move|p1a: Lucario|Nasty Plot|p1a: Lucario
|-boost|p1a: Lucario|spa|2
|move|p2a: Spidops|Memento|p1a: Lucario
|-unboost|p1a: Lucario|atk|2
|-unboost|p1a: Lucario|spa|2
|faint|p2a: Spidops
|
|upkeep
|
|t:|1758969607
|switch|p2a: Swalot|Swalot, M|100/100
|-activate|p2a: Swalot|move: Sticky Web
|-unboost|p2a: Swalot|spe|1
|-damage|p2a: Swalot|84/100|[from] Spikes
|-damage|p2a: Swalot|72/100|[from] Stealth Rock
|turn|12
|
|t:|1758969617
|move|p1a: Lucario|Nasty Plot|p1a: Lucario
|-boost|p1a: Lucario|spa|2
|move|p2a: Swalot|Stuff Cheeks|p2a: Swalot
|-boost|p2a: Swalot|def|2
|-enditem|p2a: Swalot|Starf Berry|[eat]
|-boost|p2a: Swalot|spd|2|[from] item: Starf Berry
|
|upkeep
|turn|13
|
|t:|1758969639
|move|p1a: Lucario|Nasty Plot|p1a: Lucario
|-boost|p1a: Lucario|spa|2
|move|p2a: Swalot|Body Press|p1a: Lucario
|-supereffective|p1a: Lucario
|-damage|p1a: Lucario|0 fnt
|faint|p1a: Lucario
|
|upkeep
|
|t:|1758969645
|switch|p1a: Darkrai|Darkrai|100/100
|-activate|p1a: Darkrai|move: Sticky Web
|-unboost|p1a: Darkrai|spe|1
|turn|14
|
|t:|1758969652
|switch|p1a: Mismagius|Mismagius, F|100/100
|move|p2a: Swalot|Body Press|p1a: Mismagius
|-immune|p1a: Mismagius
|
|upkeep
|turn|15
|
|t:|1758969656
|move|p1a: Mismagius|Will-O-Wisp|p2a: Swalot
|-status|p2a: Swalot|brn
|move|p2a: Swalot|Thief|p1a: Mismagius
|-supereffective|p1a: Mismagius
|-damage|p1a: Mismagius|83/100
|-enditem|p1a: Mismagius|Leftovers|[silent]|[from] move: Thief|[of] p2a: Swalot
|-item|p2a: Swalot|Leftovers|[from] move: Thief|[of] p1a: Mismagius
|
|-heal|p2a: Swalot|78/100 brn|[from] item: Leftovers
|-damage|p2a: Swalot|72/100 brn|[from] brn
|upkeep
|turn|16
|
|t:|1758969670
|move|p1a: Mismagius|Psychic Noise|p2a: Swalot
|-supereffective|p2a: Swalot
|-damage|p2a: Swalot|59/100 brn
|-start|p2a: Swalot|move: Heal Block
|move|p2a: Swalot|Thief|p1a: Mismagius
|-supereffective|p1a: Mismagius
|-damage|p1a: Mismagius|64/100
|
|-damage|p2a: Swalot|52/100 brn|[from] brn
|upkeep
|turn|17
|
|t:|1758969677
|move|p1a: Mismagius|Hex|p2a: Swalot
|-damage|p2a: Swalot|38/100 brn
|move|p2a: Swalot|Belch|p1a: Mismagius
|-resisted|p1a: Mismagius
|-damage|p1a: Mismagius|47/100
|
|-damage|p2a: Swalot|31/100 brn|[from] brn
|-end|p2a: Swalot|move: Heal Block
|upkeep
|turn|18
|
|t:|1758969693
|move|p1a: Mismagius|Hex|p2a: Swalot
|-damage|p2a: Swalot|15/100 brn
|move|p2a: Swalot|Thief|p1a: Mismagius
|-supereffective|p1a: Mismagius
|-damage|p1a: Mismagius|30/100
|
|-heal|p2a: Swalot|21/100 brn|[from] item: Leftovers
|-damage|p2a: Swalot|15/100 brn|[from] brn
|upkeep
|turn|19
|
|t:|1758969698
|move|p1a: Mismagius|Hex|p2a: Swalot
|-crit|p2a: Swalot
|-damage|p2a: Swalot|0 fnt
|faint|p2a: Swalot
|
|upkeep
|
|t:|1758969703
|switch|p2a: Banette|Banette, M|100/100
|-activate|p2a: Banette|move: Sticky Web
|-unboost|p2a: Banette|spe|1
|-damage|p2a: Banette|84/100|[from] Spikes
|-damage|p2a: Banette|72/100|[from] Stealth Rock
|turn|20
|
|t:|1758969708
|move|p2a: Banette|Sucker Punch||[still]
|-fail|p2a: Banette
|move|p1a: Mismagius|Will-O-Wisp|p2a: Banette
|-status|p2a: Banette|brn
|
|-damage|p2a: Banette|66/100 brn|[from] brn
|upkeep
|turn|21
|
|t:|1758969716
|switch|p1a: Garchomp|Garchomp, F|67/100
|-activate|p1a: Garchomp|move: Sticky Web
|-unboost|p1a: Garchomp|spe|1
|move|p2a: Banette|Swords Dance|p2a: Banette
|-boost|p2a: Banette|atk|2
|
|-damage|p2a: Banette|60/100 brn|[from] brn
|upkeep
|turn|22
|
|t:|1758969720
|move|p2a: Banette|Poltergeist||[still]
|-fail|p2a: Banette
|move|p1a: Garchomp|Dragon Tail|p2a: Banette
|-damage|p2a: Banette|23/100 brn
|-start|p1a: Garchomp|Disable|Dragon Tail|[from] ability: Cursed Body|[of] p2a: Banette
|drag|p2a: Hydrapple|Hydrapple, M|100/100
|-activate|p2a: Hydrapple|move: Sticky Web
|-unboost|p2a: Hydrapple|spe|1
|-damage|p2a: Hydrapple|84/100|[from] Spikes
|-damage|p2a: Hydrapple|72/100|[from] Stealth Rock
|-ability|p2a: Hydrapple|Supersweet Syrup
|-unboost|p1a: Garchomp|evasion|1
|-enditem|p2a: Hydrapple|Eject Pack
|
|t:|1758969730
|switch|p2a: Alomomola|Alomomola, F|100/100
|-activate|p2a: Alomomola|move: Sticky Web
|-unboost|p2a: Alomomola|spe|1
|-damage|p2a: Alomomola|84/100|[from] Spikes
|-damage|p2a: Alomomola|71/100|[from] Stealth Rock
|
|upkeep
|turn|23
|
|t:|1758969740
|move|p1a: Garchomp|Spikes|p2a: Alomomola
|-sidestart|p2: xail44|Spikes
|move|p2a: Alomomola|Scald|p1a: Garchomp
|-damage|p1a: Garchomp|54/100
|-status|p1a: Garchomp|brn
|
|-damage|p1a: Garchomp|47/100 brn|[from] brn
|upkeep
|turn|24
|
|t:|1758969746
|move|p1a: Garchomp|Spikes||[still]
|-fail|p1a: Garchomp
|move|p2a: Alomomola|Wish|p2a: Alomomola
|
|-damage|p1a: Garchomp|41/100 brn|[from] brn
|upkeep
|turn|25
|
|t:|1758969751
|move|p1a: Garchomp|Earthquake|p2a: Alomomola
|-damage|p2a: Alomomola|60/100
|move|p2a: Alomomola|Scald|p1a: Garchomp
|-damage|p1a: Garchomp|29/100 brn
|
|-heal|p2a: Alomomola|100/100|[from] move: Wish|[wisher] Alomomola
|-damage|p1a: Garchomp|23/100 brn|[from] brn
|-end|p1a: Garchomp|Disable
|upkeep
|turn|26
|
|t:|1758969756
|move|p2a: Alomomola|Scald|p1a: Garchomp
|-damage|p1a: Garchomp|9/100 brn
|move|p1a: Garchomp|Dragon Tail|p2a: Alomomola
|-damage|p2a: Alomomola|93/100
|-damage|p1a: Garchomp|0 fnt|[from] item: Rocky Helmet|[of] p2a: Alomomola
|faint|p1a: Garchomp
|drag|p2a: Banette|Banette, M|23/100 brn
|-activate|p2a: Banette|move: Sticky Web
|-unboost|p2a: Banette|spe|1
|-damage|p2a: Banette|0 fnt|[from] Spikes
|faint|p2a: Banette
|
|upkeep
|
|t:|1758969770
|switch|p1a: Darkrai|Darkrai|100/100
|switch|p2a: Hydrapple|Hydrapple, M|72/100
|-activate|p1a: Darkrai|move: Sticky Web
|-unboost|p1a: Darkrai|spe|1
|-activate|p2a: Hydrapple|move: Sticky Web
|-unboost|p2a: Hydrapple|spe|1
|-damage|p2a: Hydrapple|47/100|[from] Spikes
|-damage|p2a: Hydrapple|34/100|[from] Stealth Rock
|turn|27
|
|t:|1758969776
|-terastallize|p1a: Darkrai|Dark
|move|p1a: Darkrai|Dark Pulse|p2a: Hydrapple
|-damage|p2a: Hydrapple|0 fnt
|faint|p2a: Hydrapple
|
|upkeep
|
|t:|1758969780
|switch|p2a: Alomomola|Alomomola, F|100/100
|-activate|p2a: Alomomola|move: Sticky Web
|-unboost|p2a: Alomomola|spe|1
|-damage|p2a: Alomomola|76/100|[from] Spikes
|-damage|p2a: Alomomola|63/100|[from] Stealth Rock
|turn|28
|
|t:|1758969783
|move|p1a: Darkrai|Dark Pulse|p2a: Alomomola
|-damage|p2a: Alomomola|0 fnt
|faint|p2a: Alomomola
|
|win|AintDummy
|raw|AintDummy's rating: 1079 &rarr; <strong>1112</strong><br />(+33 for winning)
|raw|xail44's rating: 1142 &rarr; <strong>1113</strong><br />(-29 for losing)
|l|☆xail44
|player|p2|
|l|☆AintDummy
|player|p1|
