|badge|p2|silver|gen9ou|30-6
|html|<div class="broadcast-red"><strong>This battle is required to be public due to one or more player having a season medal.</strong><br />During the public phase, you can discuss the state of the ladder <a href="/seasondiscussion">in a special chatroom.</a></div>
|uhtml|medal-msg|<div class="broadcast-blue">Curious what those medals under the avatar are? PS now has Ladder Seasons! For more information, check out the <a href="https://www.smogon.com/forums/threads/3740067/">thread on Smogon.</a></div>
|raw|<div class="broadcast-blue"><strong>This battle is required to be public due to a player having a name starting with 'medal'.</div>
|j|☆Light SV
|j|☆butts99999
|t:|1759009755
|gametype|singles
|player|p1|Light SV|blue-gen7|1823
|player|p2|butts99999|skierf|1986
|gen|9
|tier|[Gen 9] OU
|rated|
|rule|HP Percentage Mod: HP is shown in percentages
|rule|Endless Battle Clause: Forcing endless battles is banned
|rule|Species Clause: Limit one of each Pokémon
|rule|OHKO Clause: OHKO moves are banned
|rule|Evasion Items Clause: Evasion items are banned
|rule|Evasion Moves Clause: Evasion moves are banned
|rule|Evasion Abilities Clause: Evasion abilities are banned
|rule|Sleep Moves Clause: Sleep-inducing moves are banned
|clearpoke
|poke|p1|Iron Moth|
|poke|p1|Glimmora, M|
|poke|p1|Dragonite, F|
|poke|p1|Volcanion|
|poke|p1|Great Tusk|
|poke|p1|Kingambit, F|
|poke|p2|Kingambit, F|
|poke|p2|Cinderace, F|
|poke|p2|Landorus-Therian, M|
|poke|p2|Iron Valiant|
|poke|p2|Kyurem|
|poke|p2|Slowking-Galar, M|
|teampreview
|inactive|Battle timer is ON: inactive players will automatically lose when time's up. (requested by Light SV)
|c|☆butts99999|hf
|c|☆Light SV|hf
|j| larp legion
|inactive|butts99999 has 120 seconds left.
|inactive|butts99999 has 90 seconds left.
|j| FaronAan
|j| tiochicodobos
|
|t:|1759009825
|teamsize|p1|6
|teamsize|p2|6
|start
|switch|p1a: Volcanion|Volcanion|100/100
|switch|p2a: Mr. Freeze|Kyurem, shiny|100/100
|-ability|p2a: Mr. Freeze|Pressure
|-item|p1a: Volcanion|Air Balloon
|turn|1
|l| tiochicodobos
|
|t:|1759009835
|move|p2a: Mr. Freeze|Freeze-Dry|p1a: Volcanion
|-damage|p1a: Volcanion|54/100
|-enditem|p1a: Volcanion|Air Balloon
|move|p1a: Volcanion|Steam Eruption|p2a: Mr. Freeze
|-resisted|p2a: Mr. Freeze
|-damage|p2a: Mr. Freeze|73/100
|
|-heal|p2a: Mr. Freeze|80/100|[from] item: Leftovers
|upkeep
|turn|2
|
|t:|1759009855
|move|p2a: Mr. Freeze|Substitute|p2a: Mr. Freeze
|-start|p2a: Mr. Freeze|Substitute
|-damage|p2a: Mr. Freeze|55/100
|move|p1a: Volcanion|Steam Eruption|p2a: Mr. Freeze
|-resisted|p2a: Mr. Freeze
|-end|p2a: Mr. Freeze|Substitute
|
|-heal|p2a: Mr. Freeze|61/100|[from] item: Leftovers
|upkeep
|turn|3
|
|t:|1759009861
|move|p2a: Mr. Freeze|Earth Power|p1a: Volcanion
|-supereffective|p1a: Volcanion
|-damage|p1a: Volcanion|0 fnt
|faint|p1a: Volcanion
|
|-heal|p2a: Mr. Freeze|67/100|[from] item: Leftovers
|upkeep
|
|t:|1759009885
|switch|p1a: Great Tusk|Great Tusk|100/100
|-enditem|p1a: Great Tusk|Booster Energy
|-activate|p1a: Great Tusk|ability: Protosynthesis|[fromitem]
|-start|p1a: Great Tusk|protosynthesisspe
|turn|4
|
|t:|1759009907
|switch|p2a: Homelandor|Landorus-Therian, M, shiny|100/100
|-ability|p2a: Homelandor|Intimidate|boost
|-unboost|p1a: Great Tusk|atk|1
|move|p1a: Great Tusk|Close Combat|p2a: Homelandor
|-resisted|p2a: Homelandor
|-damage|p2a: Homelandor|84/100
|-unboost|p1a: Great Tusk|def|1
|-unboost|p1a: Great Tusk|spd|1
|-damage|p1a: Great Tusk|84/100|[from] item: Rocky Helmet|[of] p2a: Homelandor
|
|upkeep
|turn|5
|
|t:|1759009920
|switch|p2a: WALL-Y|Iron Valiant|100/100
|-enditem|p2a: WALL-Y|Booster Energy
|-activate|p2a: WALL-Y|ability: Quark Drive|[fromitem]
|-start|p2a: WALL-Y|quarkdrivespe
|move|p1a: Great Tusk|Bulk Up|p1a: Great Tusk
|-boost|p1a: Great Tusk|atk|1
|-boost|p1a: Great Tusk|def|1
|
|upkeep
|turn|6
|
|t:|1759009927
|-end|p1a: Great Tusk|Protosynthesis|[silent]
|switch|p1a: Glimmora|Glimmora, M, shiny|100/100
|move|p2a: WALL-Y|Moonblast|p1a: Glimmora
|-resisted|p1a: Glimmora
|-damage|p1a: Glimmora|82/100
|-enditem|p1a: Glimmora|Red Card|[of] p2a: WALL-Y
|-end|p2a: WALL-Y|Quark Drive|[silent]
|drag|p2a: Mr. Freeze|Kyurem, shiny|67/100
|-ability|p2a: Mr. Freeze|Pressure
|
|-heal|p2a: Mr. Freeze|73/100|[from] item: Leftovers
|upkeep
|turn|7
|
|t:|1759009935
|switch|p1a: Kingambit|Kingambit, F|100/100
|-activate|p1a: Kingambit|ability: Supreme Overlord
|-start|p1a: Kingambit|fallen1|[silent]
|-item|p1a: Kingambit|Air Balloon
|move|p2a: Mr. Freeze|Earth Power|p1a: Kingambit
|-immune|p1a: Kingambit
|
|-heal|p2a: Mr. Freeze|79/100|[from] item: Leftovers
|upkeep
|turn|8
|
|t:|1759009948
|move|p2a: Mr. Freeze|Substitute|p2a: Mr. Freeze
|-start|p2a: Mr. Freeze|Substitute
|-damage|p2a: Mr. Freeze|54/100
|move|p1a: Kingambit|Swords Dance|p1a: Kingambit
|-boost|p1a: Kingambit|atk|2
|
|-heal|p2a: Mr. Freeze|60/100|[from] item: Leftovers
|upkeep
|turn|9
|
|t:|1759009954
|move|p2a: Mr. Freeze|Protect|p2a: Mr. Freeze
|-singleturn|p2a: Mr. Freeze|Protect
|move|p1a: Kingambit|Kowtow Cleave|p2a: Mr. Freeze
|-activate|p2a: Mr. Freeze|move: Protect
|
|-heal|p2a: Mr. Freeze|67/100|[from] item: Leftovers
|upkeep
|turn|10
|
|t:|1759009957
|move|p2a: Mr. Freeze|Freeze-Dry|p1a: Kingambit
|-resisted|p1a: Kingambit
|-damage|p1a: Kingambit|81/100
|-enditem|p1a: Kingambit|Air Balloon
|move|p1a: Kingambit|Kowtow Cleave|p2a: Mr. Freeze
|-end|p2a: Mr. Freeze|Substitute
|
|-heal|p2a: Mr. Freeze|73/100|[from] item: Leftovers
|upkeep
|turn|11
|inactive|butts99999 has 120 seconds left.
|j| Dcbesdvgrwsff
|l| Dcbesdvgrwsff
|
|t:|1759010005
|switch|p2a: Homelandor|Landorus-Therian, M, shiny|84/100
|-ability|p2a: Homelandor|Intimidate|boost
|-unboost|p1a: Kingambit|atk|1
|move|p1a: Kingambit|Kowtow Cleave|p2a: Homelandor
|-damage|p2a: Homelandor|15/100
|-damage|p1a: Kingambit|65/100|[from] item: Rocky Helmet|[of] p2a: Homelandor
|
|upkeep
|turn|12
|
|t:|1759010014
|switch|p2a: Kristine|Cinderace, F, shiny|100/100
|move|p1a: Kingambit|Kowtow Cleave|p2a: Kristine
|-damage|p2a: Kristine|9/100
|
|upkeep
|turn|13
|
|t:|1759010021
|move|p1a: Kingambit|Sucker Punch||[still]
|-fail|p1a: Kingambit
|move|p2a: Kristine|Will-O-Wisp|p1a: Kingambit
|-status|p1a: Kingambit|brn
|
|-damage|p1a: Kingambit|59/100 brn|[from] brn
|upkeep
|turn|14
|inactive|butts99999 has 120 seconds left.
|
|t:|1759010035
|move|p1a: Kingambit|Sucker Punch|p2a: Kristine
|-damage|p2a: Kristine|0 fnt
|faint|p2a: Kristine
|
|-damage|p1a: Kingambit|52/100 brn|[from] brn
|upkeep
|
|t:|1759010039
|switch|p2a: Mr. Freeze|Kyurem, shiny|73/100
|-ability|p2a: Mr. Freeze|Pressure
|turn|15
|
|t:|1759010043
|move|p2a: Mr. Freeze|Earth Power|p1a: Kingambit
|-supereffective|p1a: Kingambit
|-damage|p1a: Kingambit|0 fnt
|faint|p1a: Kingambit
|-end|p1a: Kingambit|fallen1|[silent]
|
|-heal|p2a: Mr. Freeze|79/100|[from] item: Leftovers
|upkeep
|
|t:|1759010060
|switch|p1a: Dragonite|Dragonite, F|100/100
|turn|16
|
|t:|1759010067
|-terastallize|p1a: Dragonite|Fairy
|move|p2a: Mr. Freeze|Freeze-Dry|p1a: Dragonite
|-damage|p1a: Dragonite|85/100
|move|p1a: Dragonite|Dragon Dance|p1a: Dragonite
|-boost|p1a: Dragonite|atk|1
|-boost|p1a: Dragonite|spe|1
|
|-heal|p2a: Mr. Freeze|85/100|[from] item: Leftovers
|upkeep
|turn|17
|
|t:|1759010077
|move|p1a: Dragonite|Roost|p1a: Dragonite
|-heal|p1a: Dragonite|100/100
|move|p2a: Mr. Freeze|Freeze-Dry|p1a: Dragonite
|-damage|p1a: Dragonite|84/100
|
|-heal|p2a: Mr. Freeze|91/100|[from] item: Leftovers
|upkeep
|turn|18
|
|t:|1759010090
|switch|p2a: Homelandor|Landorus-Therian, M, shiny|15/100
|-ability|p2a: Homelandor|Intimidate|boost
|-unboost|p1a: Dragonite|atk|1
|move|p1a: Dragonite|Dragon Dance|p1a: Dragonite
|-boost|p1a: Dragonite|atk|1
|-boost|p1a: Dragonite|spe|1
|
|upkeep
|turn|19
|
|t:|1759010098
|move|p1a: Dragonite|Tera Blast|p2a: Homelandor|[anim] Tera Blast Fairy
|-damage|p2a: Homelandor|0 fnt
|faint|p2a: Homelandor
|
|upkeep
|
|t:|1759010100
|switch|p2a: Daenerys|Kingambit, F|100/100
|-activate|p2a: Daenerys|ability: Supreme Overlord
|-start|p2a: Daenerys|fallen2|[silent]
|turn|20
|
|t:|1759010104
|switch|p1a: Great Tusk|Great Tusk|84/100
|-terastallize|p2a: Daenerys|Flying
|move|p2a: Daenerys|Iron Head|p1a: Great Tusk
|-damage|p1a: Great Tusk|48/100
|
|upkeep
|turn|21
|
|t:|1759010117
|-end|p2a: Daenerys|fallen2|[silent]
|switch|p2a: WALL-Y|Iron Valiant|100/100
|move|p1a: Great Tusk|Close Combat|p2a: WALL-Y
|-resisted|p2a: WALL-Y
|-damage|p2a: WALL-Y|65/100
|-unboost|p1a: Great Tusk|def|1
|-unboost|p1a: Great Tusk|spd|1
|
|upkeep
|turn|22
|
|t:|1759010129
|-end|p2a: WALL-Y|Quark Drive|[silent]
|switch|p2a: Mr. Freeze|Kyurem, shiny|91/100
|-ability|p2a: Mr. Freeze|Pressure
|move|p1a: Great Tusk|Close Combat|p2a: Mr. Freeze
|-supereffective|p2a: Mr. Freeze
|-damage|p2a: Mr. Freeze|0 fnt
|-unboost|p1a: Great Tusk|def|1
|-unboost|p1a: Great Tusk|spd|1
|faint|p2a: Mr. Freeze
|
|upkeep
|
|t:|1759010141
|switch|p2a: WALL-Y|Iron Valiant|65/100
|turn|23
|
|t:|1759010144
|-end|p1a: Great Tusk|Protosynthesis|[silent]
|switch|p1a: Glimmora|Glimmora, M, shiny|82/100
|move|p2a: WALL-Y|Moonblast|p1a: Glimmora
|-resisted|p1a: Glimmora
|-damage|p1a: Glimmora|62/100
|
|upkeep
|turn|24
|
|t:|1759010150
|-end|p2a: WALL-Y|Quark Drive|[silent]
|switch|p2a: Chillionaire|Slowking-Galar, M, shiny|100/100
|move|p1a: Glimmora|Earth Power|p2a: Chillionaire
|-supereffective|p2a: Chillionaire
|-damage|p2a: Chillionaire|68/100
|
|upkeep
|turn|25
|
|t:|1759010155
|move|p1a: Glimmora|Earth Power|p2a: Chillionaire
|-supereffective|p2a: Chillionaire
|-damage|p2a: Chillionaire|35/100
|-unboost|p2a: Chillionaire|spd|1
|move|p2a: Chillionaire|Future Sight|p1a: Glimmora
|-start|p2a: Chillionaire|move: Future Sight
|
|upkeep
|turn|26
|
|t:|1759010162
|switch|p2a: WALL-Y|Iron Valiant|65/100
|move|p1a: Glimmora|Power Gem|p2a: WALL-Y
|-resisted|p2a: WALL-Y
|-damage|p2a: WALL-Y|35/100
|
|upkeep
|turn|27
|
|t:|1759010173
|-end|p2a: WALL-Y|Quark Drive|[silent]
|switch|p2a: Chillionaire|Slowking-Galar, M, shiny|69/100
|move|p1a: Glimmora|Stealth Rock|p2a: Chillionaire
|-sidestart|p2: butts99999|move: Stealth Rock
|
|-end|p1a: Glimmora|move: Future Sight
|-supereffective|p1a: Glimmora
|-crit|p1a: Glimmora
|-damage|p1a: Glimmora|0 fnt
|faint|p1a: Glimmora
|upkeep
|
|t:|1759010178
|switch|p1a: Great Tusk|Great Tusk|48/100
|turn|28
|
|t:|1759010182
|move|p1a: Great Tusk|Headlong Rush|p2a: Chillionaire
|-supereffective|p2a: Chillionaire
|-damage|p2a: Chillionaire|0 fnt
|-unboost|p1a: Great Tusk|def|1
|-unboost|p1a: Great Tusk|spd|1
|faint|p2a: Chillionaire
|
|upkeep
|
|t:|1759010187
|switch|p2a: WALL-Y|Iron Valiant|35/100
|-damage|p2a: WALL-Y|29/100|[from] Stealth Rock
|turn|29
|
|t:|1759010194
|-end|p1a: Great Tusk|Protosynthesis|[silent]
|switch|p1a: Iron Moth|Iron Moth|100/100
|-enditem|p1a: Iron Moth|Booster Energy
|-activate|p1a: Iron Moth|ability: Quark Drive|[fromitem]
|-start|p1a: Iron Moth|quarkdrivespe
|move|p2a: WALL-Y|Moonblast|p1a: Iron Moth
|-resisted|p1a: Iron Moth
|-damage|p1a: Iron Moth|88/100
|-unboost|p1a: Iron Moth|spa|1
|
|upkeep
|turn|30
|
|t:|1759010202
|move|p1a: Iron Moth|Fiery Dance|p2a: WALL-Y
|-damage|p2a: WALL-Y|0 fnt
|-boost|p1a: Iron Moth|spa|1
|faint|p2a: WALL-Y
|-end|p2a: WALL-Y|Quark Drive|[silent]
|
|upkeep
|
|t:|1759010203
|switch|p2a: Daenerys|Kingambit, F, tera:Flying|100/100
|-damage|p2a: Daenerys|76/100|[from] Stealth Rock
|-activate|p2a: Daenerys|ability: Supreme Overlord
|-start|p2a: Daenerys|fallen5|[silent]
|turn|31
|
|t:|1759010222
|move|p2a: Daenerys|Sucker Punch|p1a: Iron Moth
|-damage|p1a: Iron Moth|4/100
|move|p1a: Iron Moth|Sludge Wave|p2a: Daenerys
|-damage|p2a: Daenerys|27/100
|
|-heal|p2a: Daenerys|33/100|[from] item: Leftovers
|upkeep
|turn|32
|
|t:|1759010226
|move|p2a: Daenerys|Sucker Punch|p1a: Iron Moth
|-damage|p1a: Iron Moth|0 fnt
|faint|p1a: Iron Moth
|-end|p1a: Iron Moth|Quark Drive|[silent]
|
|-heal|p2a: Daenerys|39/100|[from] item: Leftovers
|upkeep
|
|t:|1759010229
|switch|p1a: Great Tusk|Great Tusk|48/100
|turn|33
|
|t:|1759010233
|move|p1a: Great Tusk|Ice Spinner|p2a: Daenerys
|-supereffective|p2a: Daenerys
|-damage|p2a: Daenerys|5/100
|move|p2a: Daenerys|Iron Head|p1a: Great Tusk
|-damage|p1a: Great Tusk|5/100
|
|-heal|p2a: Daenerys|11/100|[from] item: Leftovers
|upkeep
|turn|34
|
|t:|1759010236
|move|p2a: Daenerys|Sucker Punch|p1a: Great Tusk
|-resisted|p1a: Great Tusk
|-damage|p1a: Great Tusk|0 fnt
|faint|p1a: Great Tusk
|-end|p1a: Great Tusk|Protosynthesis|[silent]
|
|-heal|p2a: Daenerys|17/100|[from] item: Leftovers
|upkeep
|
|t:|1759010238
|switch|p1a: Dragonite|Dragonite, F, tera:Fairy|84/100
|turn|35
|
|t:|1759010240
|move|p1a: Dragonite|Tera Blast|p2a: Daenerys|[anim] Tera Blast Fairy
|-damage|p2a: Daenerys|0 fnt
|faint|p2a: Daenerys
|-end|p2a: Daenerys|fallen5|[silent]
|
|win|Light SV
|raw|Light SV's rating: 1823 &rarr; <strong>1852</strong><br />(+29 for winning)
|raw|butts99999's rating: 1986 &rarr; <strong>1957</strong><br />(-29 for losing)
|l|☆Light SV
|player|p1|
|l| FaronAan
