|j|☆NOOOOMOO
|j|☆cookbayz
|t:|1759054568
|gametype|singles
|player|p1|NOOOOMOO|lenora|1318
|player|p2|cookbayz|sailor-gen3rs|1316
|gen|9
|tier|[Gen 9] OU
|rated|
|rule|HP Percentage Mod: HP is shown in percentages
|rule|Endless Battle Clause: Forcing endless battles is banned
|rule|Species Clause: Limit one of each Pokémon
|rule|OHKO Clause: OHKO moves are banned
|rule|Evasion Items Clause: Evasion items are banned
|rule|Evasion Moves Clause: Evasion moves are banned
|rule|Evasion Abilities Clause: Evasion abilities are banned
|rule|Sleep Moves Clause: Sleep-inducing moves are banned
|clearpoke
|poke|p1|Froslass, F|
|poke|p1|Garganacl, M|
|poke|p1|Glimmora, F|
|poke|p1|Raging Bolt|
|poke|p1|Dragonite, M|
|poke|p1|Iron Hands|
|poke|p2|Gholdengo|
|poke|p2|Zapdos|
|poke|p2|Araquanid, F|
|poke|p2|Great Tusk|
|poke|p2|Dragonite, M|
|poke|p2|Weezing-Galar, F|
|teampreview
|inactive|Battle timer is ON: inactive players will automatically lose when time's up. (requested by cookbayz)
|inactive|NOOOOMOO also wants the timer to be on.
|
|t:|1759054589
|teamsize|p1|6
|teamsize|p2|6
|start
|switch|p1a: Iron Hands|Iron Hands|100/100
|switch|p2a: Gholdengo|Gholdengo|100/100
|-enditem|p1a: Iron Hands|Booster Energy
|-activate|p1a: Iron Hands|ability: Quark Drive|[fromitem]
|-start|p1a: Iron Hands|quarkdriveatk
|turn|1
|
|t:|1759054617
|switch|p2a: Weezing|Weezing-Galar, F|100/100
|-ability|p2a: Weezing|Neutralizing Gas
|move|p1a: Iron Hands|Thunder Punch|p2a: Weezing
|-damage|p2a: Weezing|71/100
|
|upkeep
|turn|2
|
|t:|1759054629
|move|p2a: Weezing|Will-O-Wisp|p1a: Iron Hands
|-status|p1a: Iron Hands|brn
|move|p1a: Iron Hands|Thunder Punch|p2a: Weezing
|-damage|p2a: Weezing|55/100
|
|-damage|p1a: Iron Hands|94/100 brn|[from] brn
|upkeep
|turn|3
|
|t:|1759054651
|move|p2a: Weezing|Pain Split|p1a: Iron Hands
|-sethp|p1a: Iron Hands|66/100 brn|[from] move: Pain Split|[silent]
|-sethp|p2a: Weezing|98/100|[from] move: Pain Split
|move|p1a: Iron Hands|Thunder Punch|p2a: Weezing
|-damage|p2a: Weezing|84/100
|
|-damage|p1a: Iron Hands|59/100 brn|[from] brn
|upkeep
|turn|4
|inactive|cookbayz has 120 seconds left.
|
|t:|1759054669
|move|p2a: Weezing|Sludge Bomb|p1a: Iron Hands
|-damage|p1a: Iron Hands|36/100 brn
|move|p1a: Iron Hands|Thunder Punch|p2a: Weezing
|-damage|p2a: Weezing|68/100
|
|-damage|p1a: Iron Hands|30/100 brn|[from] brn
|upkeep
|turn|5
|
|t:|1759054672
|move|p2a: Weezing|Sludge Bomb|p1a: Iron Hands
|-damage|p1a: Iron Hands|5/100 brn
|move|p1a: Iron Hands|Ice Punch|p2a: Weezing
|-crit|p2a: Weezing
|-damage|p2a: Weezing|53/100
|
|-damage|p1a: Iron Hands|0 fnt|[from] brn
|faint|p1a: Iron Hands
|-end|p1a: Iron Hands|Quark Drive|[silent]
|upkeep
|
|t:|1759054685
|switch|p1a: Froslass|Froslass, F|100/100
|turn|6
|
|t:|1759054693
|move|p1a: Froslass|Taunt|p2a: Weezing
|-start|p2a: Weezing|move: Taunt
|cant|p2a: Weezing|move: Taunt|Toxic
|
|upkeep
|turn|7
|
|t:|1759054700
|-end|p2a: Weezing|ability: Neutralizing Gas
|switch|p2a: Zapdos|Zapdos|100/100
|move|p1a: Froslass|Poltergeist|p2a: Zapdos
|-activate|p2a: Zapdos|move: Poltergeist|Heavy-Duty Boots
|-damage|p2a: Zapdos|60/100
|
|upkeep
|turn|8
|
|t:|1759054720
|move|p1a: Froslass|Triple Axel|p2a: Zapdos
|-supereffective|p2a: Zapdos
|-damage|p2a: Zapdos|42/100
|-supereffective|p2a: Zapdos
|-damage|p2a: Zapdos|13/100
|-supereffective|p2a: Zapdos
|-damage|p2a: Zapdos|0 fnt
|faint|p2a: Zapdos
|-hitcount|p2: Zapdos|3
|
|upkeep
|
|t:|1759054724
|switch|p2a: Great Tusk|Great Tusk|100/100
|turn|9
|
|t:|1759054728
|move|p1a: Froslass|Triple Axel|p2a: Great Tusk
|-supereffective|p2a: Great Tusk
|-damage|p2a: Great Tusk|90/100
|-supereffective|p2a: Great Tusk
|-damage|p2a: Great Tusk|69/100
|-supereffective|p2a: Great Tusk
|-damage|p2a: Great Tusk|38/100
|-hitcount|p2a: Great Tusk|3
|move|p2a: Great Tusk|Headlong Rush|p1a: Froslass
|-crit|p1a: Froslass
|-enditem|p1a: Froslass|Focus Sash
|-damage|p1a: Froslass|1/100
|-unboost|p2a: Great Tusk|def|1
|-unboost|p2a: Great Tusk|spd|1
|
|upkeep
|turn|10
|
|t:|1759054738
|move|p1a: Froslass|Triple Axel|p2a: Great Tusk
|-supereffective|p2a: Great Tusk
|-damage|p2a: Great Tusk|22/100
|-supereffective|p2a: Great Tusk
|-damage|p2a: Great Tusk|0 fnt
|faint|p2a: Great Tusk
|-end|p2a: Great Tusk|Protosynthesis|[silent]
|-hitcount|p2: Great Tusk|2
|
|upkeep
|
|t:|1759054749
|switch|p2a: Araquanid|Araquanid, F|100/100
|turn|11
|
|t:|1759054755
|move|p1a: Froslass|Taunt|p2a: Araquanid
|-start|p2a: Araquanid|move: Taunt
|cant|p2a: Araquanid|move: Taunt|Sticky Web
|
|upkeep
|turn|12
|
|t:|1759054763
|move|p1a: Froslass|Poltergeist|p2a: Araquanid
|-activate|p2a: Araquanid|move: Poltergeist|Custap Berry
|-damage|p2a: Araquanid|55/100
|move|p2a: Araquanid|Surf|p1a: Froslass
|-damage|p1a: Froslass|0 fnt
|-start|p2a: Araquanid|Disable|Surf|[from] ability: Cursed Body|[of] p1a: Froslass
|faint|p1a: Froslass
|
|upkeep
|
|t:|1759054772
|switch|p1a: Raging Bolt|Raging Bolt|100/100
|-enditem|p1a: Raging Bolt|Booster Energy
|-activate|p1a: Raging Bolt|ability: Protosynthesis|[fromitem]
|-start|p1a: Raging Bolt|protosynthesisspa
|turn|13
|
|t:|1759054775
|move|p1a: Raging Bolt|Calm Mind|p1a: Raging Bolt
|-boost|p1a: Raging Bolt|spa|1
|-boost|p1a: Raging Bolt|spd|1
|move|p2a: Araquanid|Endeavor|p1a: Raging Bolt
|-damage|p1a: Raging Bolt|42/100
|
|-end|p2a: Araquanid|move: Taunt
|upkeep
|turn|14
|
|t:|1759054781
|move|p1a: Raging Bolt|Thunderclap||[still]
|-fail|p1a: Raging Bolt
|move|p2a: Araquanid|Sticky Web|p1a: Raging Bolt
|-sidestart|p1: NOOOOMOO|move: Sticky Web
|
|upkeep
|turn|15
|
|t:|1759054801
|move|p2a: Araquanid|Endure|p2a: Araquanid
|-singleturn|p2a: Araquanid|move: Endure
|move|p1a: Raging Bolt|Dragon Pulse|p2a: Araquanid
|-activate|p2a: Araquanid|move: Endure
|-damage|p2a: Araquanid|1/100
|
|-end|p2a: Araquanid|Disable
|upkeep
|turn|16
|-enditem|p2a: Araquanid|Custap Berry|[eat]
|-activate|p2a: Araquanid|item: Custap Berry|[consumed]
|
|t:|1759054811
|move|p2a: Araquanid|Endeavor|p1a: Raging Bolt
|-damage|p1a: Raging Bolt|1/100
|move|p1a: Raging Bolt|Substitute|p1a: Raging Bolt
|-fail|p1a: Raging Bolt|move: Substitute|[weak]
|
|upkeep
|turn|17
|
|t:|1759054820
|switch|p2a: Dragonite|Dragonite, M|100/100
|move|p1a: Raging Bolt|Thunderclap||[still]
|-fail|p1a: Raging Bolt
|
|upkeep
|turn|18
|
|t:|1759054824
|move|p1a: Raging Bolt|Thunderclap||[still]
|-fail|p1a: Raging Bolt
|move|p2a: Dragonite|Encore|p1a: Raging Bolt
|-start|p1a: Raging Bolt|Encore
|
|upkeep
|turn|19
|
|t:|1759054827
|move|p1a: Raging Bolt|Thunderclap||[still]
|-fail|p1a: Raging Bolt
|move|p2a: Dragonite|Dragon Dance|p2a: Dragonite
|-boost|p2a: Dragonite|atk|1
|-boost|p2a: Dragonite|spe|1
|
|upkeep
|turn|20
|
|t:|1759054829
|move|p1a: Raging Bolt|Thunderclap||[still]
|-fail|p1a: Raging Bolt
|move|p2a: Dragonite|Dragon Dance|p2a: Dragonite
|-boost|p2a: Dragonite|atk|1
|-boost|p2a: Dragonite|spe|1
|
|upkeep
|turn|21
|
|t:|1759054832
|move|p1a: Raging Bolt|Thunderclap||[still]
|-fail|p1a: Raging Bolt
|move|p2a: Dragonite|Dragon Dance|p2a: Dragonite
|-boost|p2a: Dragonite|atk|1
|-boost|p2a: Dragonite|spe|1
|
|-end|p1a: Raging Bolt|Encore
|upkeep
|turn|22
|
|t:|1759054837
|move|p2a: Dragonite|Encore|p1a: Raging Bolt
|-start|p1a: Raging Bolt|Encore
|move|p1a: Raging Bolt|Thunderclap||[still]
|-fail|p1a: Raging Bolt
|
|upkeep
|turn|23
|
|t:|1759054841
|move|p1a: Raging Bolt|Thunderclap||[still]
|-fail|p1a: Raging Bolt
|move|p2a: Dragonite|Dragon Dance|p2a: Dragonite
|-boost|p2a: Dragonite|atk|1
|-boost|p2a: Dragonite|spe|1
|
|-end|p1a: Raging Bolt|Encore
|upkeep
|turn|24
|
|t:|1759054847
|move|p2a: Dragonite|Encore||[still]
|-fail|p2a: Dragonite
|move|p1a: Raging Bolt|Dragon Pulse|p2a: Dragonite
|-supereffective|p2a: Dragonite
|-damage|p2a: Dragonite|4/100
|
|upkeep
|turn|25
|
|t:|1759054857
|move|p2a: Dragonite|Earthquake|p1a: Raging Bolt
|-supereffective|p1a: Raging Bolt
|-damage|p1a: Raging Bolt|0 fnt
|faint|p1a: Raging Bolt
|-end|p1a: Raging Bolt|Protosynthesis|[silent]
|
|upkeep
|
|t:|1759054863
|switch|p1a: Glimmora|Glimmora, F|100/100
|-item|p1a: Glimmora|Air Balloon
|turn|26
|
|t:|1759054886
|move|p2a: Dragonite|Tera Blast|p1a: Glimmora
|-resisted|p1a: Glimmora
|-damage|p1a: Glimmora|92/100
|-enditem|p1a: Glimmora|Air Balloon
|move|p1a: Glimmora|Mortal Spin|p2a: Dragonite
|-damage|p2a: Dragonite|0 fnt
|-sideend|p1: NOOOOMOO|Sticky Web|[from] move: Mortal Spin|[of] p1a: Glimmora
|faint|p2a: Dragonite
|
|upkeep
|
|t:|1759054900
|switch|p2a: Gholdengo|Gholdengo|100/100
|turn|27
|
|t:|1759054904
|move|p2a: Gholdengo|Make It Rain|p1a: Glimmora
|-supereffective|p1a: Glimmora
|-damage|p1a: Glimmora|0 fnt
|-unboost|p2a: Gholdengo|spa|1
|faint|p1a: Glimmora
|
|upkeep
|
|t:|1759054916
|switch|p1a: Garganacl|Garganacl, M|100/100
|turn|28
|
|t:|1759054920
|switch|p2a: Araquanid|Araquanid, F|1/100
|move|p1a: Garganacl|Salt Cure|p2a: Araquanid
|-supereffective|p2a: Araquanid
|-damage|p2a: Araquanid|0 fnt
|faint|p2a: Araquanid
|
|upkeep
|
|t:|1759054922
|switch|p2a: Gholdengo|Gholdengo|100/100
|turn|29
|
|t:|1759054933
|-terastallize|p1a: Garganacl|Ghost
|move|p2a: Gholdengo|Trick|p1a: Garganacl
|-activate|p2a: Gholdengo|move: Trick|[of] p1a: Garganacl
|-item|p1a: Garganacl|Choice Scarf|[from] move: Trick
|-item|p2a: Gholdengo|Leftovers|[from] move: Trick
|move|p1a: Garganacl|Salt Cure|p2a: Gholdengo
|-resisted|p2a: Gholdengo
|-damage|p2a: Gholdengo|93/100
|-start|p2a: Gholdengo|Salt Cure
|
|-heal|p2a: Gholdengo|99/100|[from] item: Leftovers
|-damage|p2a: Gholdengo|74/100|[from] Salt Cure
|upkeep
|turn|30
|
|t:|1759054944
|switch|p2a: Weezing|Weezing-Galar, F|53/100
|-ability|p2a: Weezing|Neutralizing Gas
|switch|p1a: Dragonite|Dragonite, M|100/100
|
|upkeep
|turn|31
|
|t:|1759054949
|move|p1a: Dragonite|Earthquake|p2a: Weezing
|-supereffective|p2a: Weezing
|-damage|p2a: Weezing|0 fnt
|faint|p2a: Weezing
|-end|p2a: Weezing|ability: Neutralizing Gas
|
|upkeep
|-message|cookbayz forfeited.
|
|win|NOOOOMOO
|raw|NOOOOMOO's rating: 1318 &rarr; <strong>1338</strong><br />(+20 for winning)
|raw|cookbayz's rating: 1316 &rarr; <strong>1296</strong><br />(-20 for losing)
|l|☆cookbayz
|player|p2|
|l|☆NOOOOMOO
|player|p1|
