|j|☆theshinybuizel
|j|☆babdella
|t:|1758927218
|gametype|singles
|player|p1|theshinybuizel|dawn-gen4pt|1113
|player|p2|babdella|2|1105
|gen|9
|tier|[Gen 9] OU
|rated|
|rule|HP Percentage Mod: HP is shown in percentages
|rule|Endless Battle Clause: Forcing endless battles is banned
|rule|Species Clause: Limit one of each Pokémon
|rule|OHKO Clause: OHKO moves are banned
|rule|Evasion Items Clause: Evasion items are banned
|rule|Evasion Moves Clause: Evasion moves are banned
|rule|Evasion Abilities Clause: Evasion abilities are banned
|rule|Sleep Moves Clause: Sleep-inducing moves are banned
|clearpoke
|poke|p1|Incineroar, F|
|poke|p1|Toxapex, F|
|poke|p1|Weavile, M|
|poke|p1|Garchomp, F|
|poke|p1|Espeon, F|
|poke|p1|Zoroark-Hisui, F|
|poke|p2|Lokix, F|
|poke|p2|Scizor, M|
|poke|p2|Heracross, M|
|poke|p2|Frosmoth, M|
|poke|p2|Slither Wing|
|poke|p2|Venomoth, F|
|teampreview
|inactive|Battle timer is ON: inactive players will automatically lose when time's up. (requested by theshinybuizel)
|
|t:|1758927228
|teamsize|p1|6
|teamsize|p2|6
|start
|switch|p1a: Artemis|Garchomp, F|100/100
|switch|p2a: Lokix|Lokix, F|100/100
|turn|1
|
|t:|1758927237
|move|p2a: Lokix|First Impression|p1a: Artemis
|-damage|p1a: Artemis|67/100
|-damage|p2a: Lokix|88/100|[from] ability: Rough Skin|[of] p1a: Artemis
|-damage|p2a: Lokix|72/100|[from] item: Rocky Helmet|[of] p1a: Artemis
|move|p1a: Artemis|Swords Dance|p1a: Artemis
|-boost|p1a: Artemis|atk|2
|
|upkeep
|turn|2
|
|t:|1758927254
|move|p1a: Artemis|Dragon Claw|p2a: Lokix
|-damage|p2a: Lokix|0 fnt
|faint|p2a: Lokix
|
|upkeep
|
|t:|1758927262
|switch|p2a: Frosmoth|Frosmoth, M|100/100
|turn|3
|
|t:|1758927270
|move|p1a: Artemis|Dragon Claw|p2a: Frosmoth
|-damage|p2a: Frosmoth|0 fnt
|faint|p2a: Frosmoth
|
|upkeep
|
|t:|1758927279
|switch|p2a: Slither Wing|Slither Wing|100/100
|turn|4
|
|t:|1758927286
|-terastallize|p2a: Slither Wing|Bug
|move|p2a: Slither Wing|First Impression|p1a: Artemis
|-damage|p1a: Artemis|0 fnt
|-damage|p2a: Slither Wing|88/100|[from] ability: Rough Skin|[of] p1a: Artemis
|-damage|p2a: Slither Wing|72/100|[from] item: Rocky Helmet|[of] p1a: Artemis
|faint|p1a: Artemis
|
|upkeep
|
|t:|1758927296
|switch|p1a: Whiskers|Incineroar, F|100/100
|turn|5
|
|t:|1758927302
|-end|p2a: Slither Wing|Protosynthesis|[silent]
|switch|p2a: Venomoth|Venomoth, F|100/100
|move|p1a: Whiskers|Hyper Voice|p2a: Venomoth
|-damage|p2a: Venomoth|0 fnt
|faint|p2a: Venomoth
|
|upkeep
|
|t:|1758927309
|switch|p2a: Slither Wing|Slither Wing, tera:Bug|72/100
|turn|6
|
|t:|1758927321
|move|p2a: Slither Wing|First Impression|p1a: Whiskers
|-resisted|p1a: Whiskers
|-damage|p1a: Whiskers|0 fnt
|replace|p1a: Eris|Zoroark-Hisui, F, shiny
|-end|p1a: Eris|Illusion
|faint|p1a: Eris
|
|upkeep
|
|t:|1758927333
|switch|p1a: Whiskers|Incineroar, F|100/100
|-ability|p1a: Whiskers|Intimidate|boost
|-unboost|p2a: Slither Wing|atk|1
|turn|7
|
|t:|1758927340
|-end|p2a: Slither Wing|Protosynthesis|[silent]
|switch|p2a: Heracross|Heracross, M|100/100
|move|p1a: Whiskers|Fake Out|p2a: Heracross
|-damage|p2a: Heracross|78/100
|
|-status|p2a: Heracross|brn|[from] item: Flame Orb
|upkeep
|turn|8
|
|t:|1758927349
|move|p2a: Heracross|Close Combat|p1a: Whiskers
|-supereffective|p1a: Whiskers
|-damage|p1a: Whiskers|0 fnt
|-unboost|p2a: Heracross|def|1
|-unboost|p2a: Heracross|spd|1
|faint|p1a: Whiskers
|
|-damage|p2a: Heracross|72/100 brn|[from] brn
|upkeep
|
|t:|1758927358
|switch|p1a: Loki|Weavile, M|100/100
|-ability|p1a: Loki|Pressure
|turn|9
|
|t:|1758927366
|move|p1a: Loki|Triple Axel|p2a: Heracross
|-damage|p2a: Heracross|53/100 brn
|-damage|p2a: Heracross|7/100 brn
|-damage|p2a: Heracross|0 fnt
|faint|p2a: Heracross
|-hitcount|p2: Heracross|3
|
|upkeep
|
|t:|1758927374
|switch|p2a: Slither Wing|Slither Wing, tera:Bug|72/100
|turn|10
|
|t:|1758927381
|switch|p1a: The Being|Toxapex, F|100/100
|move|p2a: Slither Wing|U-turn|p1a: The Being
|-resisted|p1a: The Being
|-damage|p1a: The Being|75/100
|
|t:|1758927388
|-end|p2a: Slither Wing|Protosynthesis|[silent]
|switch|p2a: Scizor|Scizor, M|100/100|[from] U-turn
|
|-heal|p1a: The Being|82/100|[from] item: Leftovers
|upkeep
|turn|11
|
|t:|1758927398
|switch|p1a: Hazel|Espeon, F|100/100
|move|p2a: Scizor|Knock Off|p1a: Hazel
|-supereffective|p1a: Hazel
|-damage|p1a: Hazel|0 fnt
|-enditem|p1a: Hazel|Choice Scarf|[from] move: Knock Off|[of] p2a: Scizor
|faint|p1a: Hazel
|
|upkeep
|
|t:|1758927410
|switch|p1a: Loki|Weavile, M|100/100
|-ability|p1a: Loki|Pressure
|turn|12
|
|t:|1758927416
|move|p2a: Scizor|Bullet Punch|p1a: Loki
|-supereffective|p1a: Loki
|-damage|p1a: Loki|14/100
|move|p1a: Loki|Knock Off|p2a: Scizor
|-damage|p2a: Scizor|64/100
|-enditem|p2a: Scizor|Leftovers|[from] move: Knock Off|[of] p1a: Loki
|
|upkeep
|turn|13
|
|t:|1758927426
|move|p1a: Loki|Ice Shard|p2a: Scizor
|-resisted|p2a: Scizor
|-damage|p2a: Scizor|56/100
|move|p2a: Scizor|Bullet Punch|p1a: Loki
|-supereffective|p1a: Loki
|-damage|p1a: Loki|0 fnt
|faint|p1a: Loki
|
|upkeep
|
|t:|1758927435
|switch|p1a: The Being|Toxapex, F|100/100
|turn|14
|
|t:|1758927440
|move|p2a: Scizor|Knock Off|p1a: The Being
|-damage|p1a: The Being|82/100
|-enditem|p1a: The Being|Leftovers|[from] move: Knock Off|[of] p2a: Scizor
|move|p1a: The Being|Chilling Water|p2a: Scizor
|-damage|p2a: Scizor|44/100
|-unboost|p2a: Scizor|atk|1
|
|upkeep
|turn|15
|-message|theshinybuizel forfeited.
|
|win|babdella
|raw|theshinybuizel's rating: 1113 &rarr; <strong>1087</strong><br />(-26 for losing)
|raw|babdella's rating: 1105 &rarr; <strong>1131</strong><br />(+26 for winning)
|l|☆theshinybuizel
|player|p1|
|l|☆babdella
|player|p2|
