|j|☆eighteenPancakes
|j|☆afnkm
|t:|1758950238
|gametype|singles
|player|p1|eighteenPancakes|boarder|1394
|player|p2|afnkm|red|1475
|gen|9
|tier|[Gen 9] OU
|rated|
|rule|HP Percentage Mod: HP is shown in percentages
|rule|Endless Battle Clause: Forcing endless battles is banned
|rule|Species Clause: Limit one of each Pokémon
|rule|OHKO Clause: OHKO moves are banned
|rule|Evasion Items Clause: Evasion items are banned
|rule|Evasion Moves Clause: Evasion moves are banned
|rule|Evasion Abilities Clause: Evasion abilities are banned
|rule|Sleep Moves Clause: Sleep-inducing moves are banned
|clearpoke
|poke|p1|Skarmory, M|
|poke|p1|Primarina, F|
|poke|p1|Slowking-Galar, M|
|poke|p1|Great Tusk|
|poke|p1|Ogerpon-Wellspring, F|
|poke|p1|Kingambit, M|
|poke|p2|Torkoal, M|
|poke|p2|Charizard, F|
|poke|p2|Hatterene, F|
|poke|p2|Great Tusk|
|poke|p2|Walking Wake|
|poke|p2|Lilligant-Hisui, F|
|teampreview
|c|☆eighteenPancakes|hf
|
|t:|1758950250
|teamsize|p1|6
|teamsize|p2|6
|start
|switch|p1a: Señora Siren|Primarina, F, shiny|100/100
|switch|p2a: Torkoal|Torkoal, M|100/100
|-weather|SunnyDay|[from] ability: Drought|[of] p2a: Torkoal
|turn|1
|
|t:|1758950252
|move|p1a: Señora Siren|Substitute|p1a: Señora Siren
|-start|p1a: Señora Siren|Substitute
|-damage|p1a: Señora Siren|75/100
|move|p2a: Torkoal|Stealth Rock|p1a: Señora Siren
|-sidestart|p1: eighteenPancakes|move: Stealth Rock
|
|-weather|SunnyDay|[upkeep]
|-heal|p1a: Señora Siren|82/100|[from] item: Leftovers
|upkeep
|turn|2
|inactive|Battle timer is ON: inactive players will automatically lose when time's up. (requested by afnkm)
|
|t:|1758950257
|switch|p2a: Hatterene|Hatterene, F|100/100
|move|p1a: Señora Siren|Calm Mind|p1a: Señora Siren
|-boost|p1a: Señora Siren|spa|1
|-boost|p1a: Señora Siren|spd|1
|
|-weather|SunnyDay|[upkeep]
|-heal|p1a: Señora Siren|88/100|[from] item: Leftovers
|upkeep
|turn|3
|
|t:|1758950263
|move|p1a: Señora Siren|Calm Mind|p1a: Señora Siren
|-boost|p1a: Señora Siren|spa|1
|-boost|p1a: Señora Siren|spd|1
|move|p2a: Hatterene|Psychic Noise|p1a: Señora Siren
|-damage|p1a: Señora Siren|74/100
|-start|p1a: Señora Siren|move: Heal Block
|
|-weather|SunnyDay|[upkeep]
|upkeep
|turn|4
|
|t:|1758950268
|switch|p2a: Lilligant|Lilligant-Hisui, F|100/100
|move|p1a: Señora Siren|Calm Mind|p1a: Señora Siren
|-boost|p1a: Señora Siren|spa|1
|-boost|p1a: Señora Siren|spd|1
|
|-weather|SunnyDay|[upkeep]
|-end|p1a: Señora Siren|move: Heal Block
|upkeep
|turn|5
|
|t:|1758950272
|move|p2a: Lilligant|Encore|p1a: Señora Siren
|-start|p1a: Señora Siren|Encore
|move|p1a: Señora Siren|Calm Mind|p1a: Señora Siren
|-boost|p1a: Señora Siren|spa|1
|-boost|p1a: Señora Siren|spd|1
|
|-weather|SunnyDay|[upkeep]
|-heal|p1a: Señora Siren|80/100|[from] item: Leftovers
|upkeep
|turn|6
|
|t:|1758950282
|switch|p1a: Classic Condor|Skarmory, M, shiny|100/100
|-damage|p1a: Classic Condor|88/100|[from] Stealth Rock
|move|p2a: Lilligant|Victory Dance|p2a: Lilligant
|-boost|p2a: Lilligant|atk|1
|-boost|p2a: Lilligant|def|1
|-boost|p2a: Lilligant|spe|1
|
|-weather|SunnyDay|[upkeep]
|upkeep
|turn|7
|
|t:|1758950286
|-terastallize|p1a: Classic Condor|Dragon
|move|p2a: Lilligant|Victory Dance|p2a: Lilligant
|-boost|p2a: Lilligant|atk|1
|-boost|p2a: Lilligant|def|1
|-boost|p2a: Lilligant|spe|1
|move|p1a: Classic Condor|Brave Bird|p2a: Lilligant
|-supereffective|p2a: Lilligant
|-damage|p2a: Lilligant|0 fnt
|faint|p2a: Lilligant
|-damage|p1a: Classic Condor|60/100|[from] Recoil
|
|-weather|SunnyDay|[upkeep]
|upkeep
|
|t:|1758950300
|switch|p2a: Charizard|Charizard, F|100/100
|turn|8
|
|t:|1758950309
|move|p2a: Charizard|Flamethrower|p1a: Classic Condor
|-resisted|p1a: Classic Condor
|-damage|p1a: Classic Condor|0 fnt
|faint|p1a: Classic Condor
|
|-weather|none
|upkeep
|
|t:|1758950312
|switch|p1a: Señora Siren|Primarina, F, shiny|80/100
|-damage|p1a: Señora Siren|67/100|[from] Stealth Rock
|turn|9
|
|t:|1758950317
|switch|p2a: Great Tusk|Great Tusk|100/100
|move|p1a: Señora Siren|Substitute|p1a: Señora Siren
|-start|p1a: Señora Siren|Substitute
|-damage|p1a: Señora Siren|42/100
|
|-heal|p1a: Señora Siren|48/100|[from] item: Leftovers
|upkeep
|turn|10
|
|t:|1758950319
|move|p2a: Great Tusk|Headlong Rush|p1a: Señora Siren
|-end|p1a: Señora Siren|Substitute
|-unboost|p2a: Great Tusk|def|1
|-unboost|p2a: Great Tusk|spd|1
|move|p1a: Señora Siren|Draining Kiss|p2a: Great Tusk
|-supereffective|p2a: Great Tusk
|-damage|p2a: Great Tusk|13/100
|-heal|p1a: Señora Siren|100/100|[from] drain|[of] p2a: Great Tusk
|
|upkeep
|turn|11
|
|t:|1758950329
|switch|p1a: Trusty Tuskothy|Great Tusk|100/100
|-damage|p1a: Trusty Tuskothy|98/100|[from] Stealth Rock
|move|p2a: Great Tusk|Headlong Rush|p1a: Trusty Tuskothy
|-damage|p1a: Trusty Tuskothy|57/100
|-unboost|p2a: Great Tusk|def|1
|-unboost|p2a: Great Tusk|spd|1
|-damage|p2a: Great Tusk|0 fnt|[from] item: Rocky Helmet|[of] p1a: Trusty Tuskothy
|faint|p2a: Great Tusk
|-end|p2a: Great Tusk|Protosynthesis|[silent]
|
|upkeep
|
|t:|1758950341
|switch|p2a: Walking Wake|Walking Wake|100/100
|turn|12
|
|t:|1758950346
|-end|p2a: Walking Wake|Protosynthesis|[silent]
|switch|p2a: Hatterene|Hatterene, F|100/100
|-end|p1a: Trusty Tuskothy|Protosynthesis|[silent]
|switch|p1a: Moist Mischief|Ogerpon-Wellspring, F|100/100
|-damage|p1a: Moist Mischief|88/100|[from] Stealth Rock
|
|upkeep
|turn|13
|
|t:|1758950351
|move|p1a: Moist Mischief|Ivy Cudgel|p2a: Hatterene|[anim] Ivy Cudgel Water
|-damage|p2a: Hatterene|35/100
|-enditem|p2a: Hatterene|Eject Button
|
|t:|1758950354
|switch|p2a: Torkoal|Torkoal, M|100/100
|-weather|SunnyDay|[from] ability: Drought|[of] p2a: Torkoal
|
|-weather|SunnyDay|[upkeep]
|upkeep
|turn|14
|
|t:|1758950357
|move|p1a: Moist Mischief|Swords Dance|p1a: Moist Mischief
|-boost|p1a: Moist Mischief|atk|2
|move|p2a: Torkoal|Will-O-Wisp|p1a: Moist Mischief
|-status|p1a: Moist Mischief|brn
|
|-weather|SunnyDay|[upkeep]
|-damage|p1a: Moist Mischief|82/100 brn|[from] brn
|upkeep
|turn|15
|
|t:|1758950360
|move|p1a: Moist Mischief|Encore|p2a: Torkoal
|-start|p2a: Torkoal|Encore
|move|p2a: Torkoal|Will-O-Wisp|p1a: Moist Mischief
|-fail|p1a: Moist Mischief|brn
|
|-weather|SunnyDay|[upkeep]
|-damage|p1a: Moist Mischief|76/100 brn|[from] brn
|upkeep
|turn|16
|
|t:|1758950366
|switch|p2a: Walking Wake|Walking Wake|100/100
|-activate|p2a: Walking Wake|ability: Protosynthesis
|-start|p2a: Walking Wake|protosynthesisspe
|move|p1a: Moist Mischief|Ivy Cudgel|p2a: Walking Wake|[anim] Ivy Cudgel Water
|-resisted|p2a: Walking Wake
|-damage|p2a: Walking Wake|93/100
|
|-weather|SunnyDay|[upkeep]
|-damage|p1a: Moist Mischief|70/100 brn|[from] brn
|upkeep
|turn|17
|
|t:|1758950371
|switch|p1a: Señora Siren|Primarina, F, shiny|100/100
|-damage|p1a: Señora Siren|88/100|[from] Stealth Rock
|move|p2a: Walking Wake|Flamethrower|p1a: Señora Siren
|-resisted|p1a: Señora Siren
|-damage|p1a: Señora Siren|63/100
|-damage|p2a: Walking Wake|83/100|[from] item: Life Orb
|
|-weather|SunnyDay|[upkeep]
|-heal|p1a: Señora Siren|69/100|[from] item: Leftovers
|upkeep
|turn|18
|
|t:|1758950376
|-end|p2a: Walking Wake|Protosynthesis|[silent]
|switch|p2a: Charizard|Charizard, F|100/100
|move|p1a: Señora Siren|Substitute|p1a: Señora Siren
|-start|p1a: Señora Siren|Substitute
|-damage|p1a: Señora Siren|44/100
|
|-weather|SunnyDay|[upkeep]
|-damage|p2a: Charizard|88/100|[from] ability: Solar Power|[of] p2a: Charizard
|-heal|p1a: Señora Siren|50/100|[from] item: Leftovers
|upkeep
|turn|19
|
|t:|1758950380
|move|p2a: Charizard|Flamethrower|p1a: Señora Siren
|-resisted|p1a: Señora Siren
|-end|p1a: Señora Siren|Substitute
|move|p1a: Señora Siren|Psychic Noise|p2a: Charizard
|-supereffective|p2a: Charizard
|-damage|p2a: Charizard|50/100
|-start|p2a: Charizard|move: Heal Block
|
|-weather|SunnyDay|[upkeep]
|-damage|p2a: Charizard|37/100|[from] ability: Solar Power|[of] p2a: Charizard
|-heal|p1a: Señora Siren|57/100|[from] item: Leftovers
|upkeep
|turn|20
|
|t:|1758950391
|switch|p1a: Moist Mischief|Ogerpon-Wellspring, F|70/100 brn
|-damage|p1a: Moist Mischief|58/100 brn|[from] Stealth Rock
|move|p2a: Charizard|Flamethrower|p1a: Moist Mischief
|-damage|p1a: Moist Mischief|0 fnt
|faint|p1a: Moist Mischief
|
|-weather|none
|-end|p2a: Charizard|move: Heal Block
|upkeep
|
|t:|1758950399
|switch|p1a: Sir Sludge|Slowking-Galar, M, shiny|100/100
|turn|21
|
|t:|1758950406
|switch|p2a: Torkoal|Torkoal, M|100/100
|-weather|SunnyDay|[from] ability: Drought|[of] p2a: Torkoal
|move|p1a: Sir Sludge|Future Sight|p2a: Torkoal
|-start|p1a: Sir Sludge|move: Future Sight
|
|-weather|SunnyDay|[upkeep]
|upkeep
|turn|22
|
|t:|1758950409
|move|p2a: Torkoal|Will-O-Wisp|p1a: Sir Sludge
|-status|p1a: Sir Sludge|brn
|-prepare|p1a: Sir Sludge|Chilly Reception|[premajor]
|move|p1a: Sir Sludge|Chilly Reception|p1a: Sir Sludge
|-weather|Snowscape
|
|t:|1758950413
|switch|p1a: Señora Siren|Primarina, F, shiny|57/100|[from] Chilly Reception
|-damage|p1a: Señora Siren|44/100|[from] Stealth Rock
|
|-weather|Snowscape|[upkeep]
|-heal|p1a: Señora Siren|50/100|[from] item: Leftovers
|upkeep
|turn|23
|
|t:|1758950418
|move|p1a: Señora Siren|Substitute|p1a: Señora Siren
|-start|p1a: Señora Siren|Substitute
|-damage|p1a: Señora Siren|25/100
|move|p2a: Torkoal|Clear Smog|p1a: Señora Siren
|-supereffective|p1a: Señora Siren
|-activate|p1a: Señora Siren|move: Substitute|[damage]
|
|-weather|Snowscape|[upkeep]
|-end|p2a: Torkoal|move: Future Sight
|-damage|p2a: Torkoal|42/100
|-heal|p1a: Señora Siren|31/100|[from] item: Leftovers
|upkeep
|turn|24
|-message|afnkm forfeited.
|
|win|eighteenPancakes
|raw|eighteenPancakes's rating: 1394 &rarr; <strong>1419</strong><br />(+25 for winning)
|raw|afnkm's rating: 1475 &rarr; <strong>1450</strong><br />(-25 for losing)
|l|☆afnkm
|player|p2|
|l|☆eighteenPancakes
|player|p1|
