|badge|p1|bronze|gen9ou|100-6
|html|<div class="broadcast-red"><strong>This battle is required to be public due to one or more player having a season medal.</strong><br />During the public phase, you can discuss the state of the ladder <a href="/seasondiscussion">in a special chatroom.</a></div>
|uhtml|medal-msg|<div class="broadcast-blue">Curious what those medals under the avatar are? PS now has Ladder Seasons! For more information, check out the <a href="https://www.smogon.com/forums/threads/3740067/">thread on Smogon.</a></div>
|raw|<div class="broadcast-blue"><strong>This battle is required to be public due to a player having a name starting with 'medal'.</div>
|j|☆jamel1
|j|☆Light SV
|t:|1758977030
|gametype|singles
|player|p1|jamel1|cyrus|1818
|player|p2|Light SV|blue-gen7|1727
|gen|9
|tier|[Gen 9] OU
|rated|
|rule|HP Percentage Mod: HP is shown in percentages
|rule|Endless Battle Clause: Forcing endless battles is banned
|rule|Species Clause: Limit one of each Pokémon
|rule|OHKO Clause: OHKO moves are banned
|rule|Evasion Items Clause: Evasion items are banned
|rule|Evasion Moves Clause: Evasion moves are banned
|rule|Evasion Abilities Clause: Evasion abilities are banned
|rule|Sleep Moves Clause: Sleep-inducing moves are banned
|clearpoke
|poke|p1|Sandaconda, F|
|poke|p1|Deoxys-Defense|
|poke|p1|Gyarados, M|
|poke|p1|Maushold|
|poke|p1|Serperior, F|
|poke|p1|Kommo-o, M|
|poke|p2|Kingambit, F|
|poke|p2|Deoxys-Speed|
|poke|p2|Great Tusk|
|poke|p2|Dragonite, M|
|poke|p2|Iron Moth|
|poke|p2|Primarina, M|
|teampreview
|inactive|Battle timer is ON: inactive players will automatically lose when time's up. (requested by Light SV)
|j| cryyysneasel
|j| amefurikoneko
|
|t:|1758977045
|teamsize|p1|6
|teamsize|p2|6
|start
|switch|p1a: Sandaconda|Sandaconda, F|100/100
|switch|p2a: Siren|Primarina, M|100/100
|turn|1
|
|t:|1758977048
|move|p1a: Sandaconda|Glare|p2a: Siren
|-status|p2a: Siren|par
|cant|p2a: Siren|par
|
|upkeep
|turn|2
|
|t:|1758977051
|move|p1a: Sandaconda|Stealth Rock|p2a: Siren
|-sidestart|p2: Light SV|move: Stealth Rock
|move|p2a: Siren|Surf|p1a: Sandaconda
|-supereffective|p1a: Sandaconda
|-enditem|p1a: Sandaconda|Focus Sash
|-damage|p1a: Sandaconda|1/100
|
|upkeep
|turn|3
|
|t:|1758977059
|move|p1a: Sandaconda|Iron Head|p2a: Siren
|-damage|p2a: Siren|67/100 par
|cant|p2a: Siren|flinch
|
|upkeep
|turn|4
|
|t:|1758977063
|switch|p2a: Anomaly|Great Tusk|100/100
|-damage|p2a: Anomaly|98/100|[from] Stealth Rock
|-enditem|p2a: Anomaly|Booster Energy
|-activate|p2a: Anomaly|ability: Protosynthesis|[fromitem]
|-start|p2a: Anomaly|protosynthesisatk
|move|p1a: Sandaconda|Earthquake|p2a: Anomaly
|-damage|p2a: Anomaly|63/100
|
|upkeep
|turn|5
|
|t:|1758977066
|move|p2a: Anomaly|Rapid Spin|p1a: Sandaconda
|-damage|p1a: Sandaconda|0 fnt
|-boost|p2a: Anomaly|spe|1
|-sideend|p2: Light SV|Stealth Rock|[from] move: Rapid Spin|[of] p2a: Anomaly
|faint|p1a: Sandaconda
|
|upkeep
|
|t:|1758977067
|switch|p1a: Serperior|Serperior, F, shiny|100/100
|turn|6
|
|t:|1758977070
|move|p2a: Anomaly|Ice Spinner|p1a: Serperior
|-supereffective|p1a: Serperior
|-damage|p1a: Serperior|8/100
|move|p1a: Serperior|Leaf Storm|p2a: Anomaly
|-supereffective|p2a: Anomaly
|-damage|p2a: Anomaly|0 fnt
|-boost|p1a: Serperior|spa|2
|faint|p2a: Anomaly
|-end|p2a: Anomaly|Protosynthesis|[silent]
|
|upkeep
|
|t:|1758977073
|switch|p2a: Moebius|Deoxys-Speed|100/100
|-ability|p2a: Moebius|Pressure
|turn|7
|
|t:|1758977076
|move|p2a: Moebius|Shadow Ball|p1a: Serperior
|-damage|p1a: Serperior|0 fnt
|faint|p1a: Serperior
|-damage|p2a: Moebius|91/100|[from] item: Life Orb
|
|upkeep
|
|t:|1758977085
|switch|p1a: Gyarados|Gyarados, M, shiny|100/100
|turn|8
|
|t:|1758977090
|move|p2a: Moebius|Psycho Boost|p1a: Gyarados
|-damage|p1a: Gyarados|10/100
|-unboost|p2a: Moebius|spa|2
|-damage|p2a: Moebius|81/100|[from] item: Life Orb
|move|p1a: Gyarados|Dragon Dance|p1a: Gyarados
|-boost|p1a: Gyarados|atk|1
|-boost|p1a: Gyarados|spe|1
|
|-heal|p1a: Gyarados|16/100|[from] item: Leftovers
|upkeep
|turn|9
|
|t:|1758977096
|switch|p2a: Yoshi|Dragonite, M, shiny|100/100
|move|p1a: Gyarados|Dragon Dance|p1a: Gyarados
|-boost|p1a: Gyarados|atk|1
|-boost|p1a: Gyarados|spe|1
|
|-heal|p1a: Gyarados|22/100|[from] item: Leftovers
|upkeep
|turn|10
|
|t:|1758977099
|move|p2a: Yoshi|Extreme Speed|p1a: Gyarados
|-damage|p1a: Gyarados|0 fnt
|faint|p1a: Gyarados
|
|upkeep
|
|t:|1758977101
|switch|p1a: Maushold|Maushold|100/100
|turn|11
|
|t:|1758977104
|switch|p2a: Meruem|Kingambit, F|100/100
|-activate|p2a: Meruem|ability: Supreme Overlord
|-start|p2a: Meruem|fallen1|[silent]
|move|p1a: Maushold|Thunder Wave|p2a: Meruem
|-status|p2a: Meruem|par
|
|upkeep
|turn|12
|j| TheMysteriousBoy
|
|t:|1758977112
|switch|p1a: Kommo-o|Kommo-o, M|100/100
|move|p2a: Meruem|Kowtow Cleave|p1a: Kommo-o
|-resisted|p1a: Kommo-o
|-damage|p1a: Kommo-o|73/100
|
|upkeep
|turn|13
|j| wgw2333
|
|t:|1758977116
|-end|p2a: Meruem|fallen1|[silent]
|switch|p2a: Moebius|Deoxys-Speed|81/100
|-ability|p2a: Moebius|Pressure
|move|p1a: Kommo-o|Clangorous Soul|p1a: Kommo-o
|-boost|p1a: Kommo-o|atk|1
|-boost|p1a: Kommo-o|def|1
|-boost|p1a: Kommo-o|spa|1
|-boost|p1a: Kommo-o|spd|1
|-boost|p1a: Kommo-o|spe|1
|-damage|p1a: Kommo-o|40/100
|
|upkeep
|turn|14
|j| dsvdv
|
|t:|1758977122
|-terastallize|p1a: Kommo-o|Steel
|move|p2a: Moebius|Psycho Boost|p1a: Kommo-o|[miss]
|-miss|p2a: Moebius|p1a: Kommo-o
|move|p1a: Kommo-o|Substitute|p1a: Kommo-o
|-start|p1a: Kommo-o|Substitute
|-damage|p1a: Kommo-o|15/100
|-enditem|p1a: Kommo-o|Lansat Berry|[eat]
|-start|p1a: Kommo-o|move: Focus Energy
|
|upkeep
|turn|15
|
|t:|1758977129
|move|p2a: Moebius|Shadow Ball|p1a: Kommo-o
|-immune|p1a: Kommo-o|[from] ability: Bulletproof
|move|p1a: Kommo-o|Drain Punch|p2a: Moebius
|-resisted|p2a: Moebius
|-crit|p2a: Moebius
|-damage|p2a: Moebius|17/100
|-heal|p1a: Kommo-o|41/100|[from] drain|[of] p2a: Moebius
|
|upkeep
|turn|16
|
|t:|1758977132
|move|p2a: Moebius|Focus Blast|p1a: Kommo-o
|-immune|p1a: Kommo-o|[from] ability: Bulletproof
|move|p1a: Kommo-o|Drain Punch|p2a: Moebius
|-resisted|p2a: Moebius
|-crit|p2a: Moebius
|-damage|p2a: Moebius|0 fnt
|-heal|p1a: Kommo-o|48/100|[from] drain|[of] p2a: Moebius
|faint|p2a: Moebius
|
|upkeep
|
|t:|1758977137
|switch|p2a: Anomаly|Iron Moth|100/100
|-enditem|p2a: Anomаly|Booster Energy
|-activate|p2a: Anomаly|ability: Quark Drive|[fromitem]
|-start|p2a: Anomаly|quarkdrivespe
|turn|17
|
|t:|1758977143
|move|p2a: Anomаly|Fiery Dance|p1a: Kommo-o
|-supereffective|p1a: Kommo-o
|-end|p1a: Kommo-o|Substitute
|move|p1a: Kommo-o|Clangorous Soul|p1a: Kommo-o
|-boost|p1a: Kommo-o|atk|1
|-boost|p1a: Kommo-o|def|1
|-boost|p1a: Kommo-o|spa|1
|-boost|p1a: Kommo-o|spd|1
|-boost|p1a: Kommo-o|spe|1
|-damage|p1a: Kommo-o|15/100
|
|upkeep
|turn|18
|
|t:|1758977147
|move|p2a: Anomаly|Fiery Dance|p1a: Kommo-o
|-supereffective|p1a: Kommo-o
|-damage|p1a: Kommo-o|0 fnt
|faint|p1a: Kommo-o
|
|upkeep
|
|t:|1758977150
|switch|p1a: Maushold|Maushold|100/100
|turn|19
|
|t:|1758977152
|move|p2a: Anomаly|Sludge Wave|p1a: Maushold
|-damage|p1a: Maushold|40/100
|move|p1a: Maushold|Thunder Wave|p2a: Anomаly
|-status|p2a: Anomаly|par
|
|upkeep
|turn|20
|
|t:|1758977155
|move|p2a: Anomаly|Fiery Dance|p1a: Maushold
|-damage|p1a: Maushold|0 fnt
|-boost|p2a: Anomаly|spa|1
|faint|p1a: Maushold
|
|upkeep
|
|t:|1758977156
|switch|p1a: Deoxys|Deoxys-Defense|100/100
|-ability|p1a: Deoxys|Pressure
|turn|21
|
|t:|1758977158
|move|p2a: Anomаly|Sludge Wave|p1a: Deoxys
|-damage|p1a: Deoxys|51/100
|-status|p1a: Deoxys|psn
|move|p1a: Deoxys|Cosmic Power|p1a: Deoxys
|-boost|p1a: Deoxys|def|1
|-boost|p1a: Deoxys|spd|1
|
|-damage|p1a: Deoxys|39/100 psn|[from] psn
|upkeep
|turn|22
|
|t:|1758977161
|move|p2a: Anomаly|Sludge Wave|p1a: Deoxys
|-damage|p1a: Deoxys|9/100 psn
|move|p1a: Deoxys|Recover|p1a: Deoxys
|-heal|p1a: Deoxys|59/100 psn
|
|-damage|p1a: Deoxys|46/100 psn|[from] psn
|upkeep
|turn|23
|
|t:|1758977163
|move|p2a: Anomаly|Sludge Wave|p1a: Deoxys
|-damage|p1a: Deoxys|13/100 psn
|move|p1a: Deoxys|Recover|p1a: Deoxys
|-heal|p1a: Deoxys|63/100 psn
|
|-damage|p1a: Deoxys|51/100 psn|[from] psn
|upkeep
|turn|24
|
|t:|1758977166
|move|p2a: Anomаly|Sludge Wave|p1a: Deoxys
|-damage|p1a: Deoxys|18/100 psn
|move|p1a: Deoxys|Recover|p1a: Deoxys
|-heal|p1a: Deoxys|68/100 psn
|
|-damage|p1a: Deoxys|56/100 psn|[from] psn
|upkeep
|turn|25
|
|t:|1758977168
|cant|p2a: Anomаly|par
|move|p1a: Deoxys|Cosmic Power|p1a: Deoxys
|-boost|p1a: Deoxys|def|1
|-boost|p1a: Deoxys|spd|1
|
|-damage|p1a: Deoxys|43/100 psn|[from] psn
|upkeep
|turn|26
|
|t:|1758977171
|move|p2a: Anomаly|Sludge Wave|p1a: Deoxys
|-crit|p1a: Deoxys
|-damage|p1a: Deoxys|0 fnt
|faint|p1a: Deoxys
|
|win|Light SV
|raw|jamel1's rating: 1818 &rarr; <strong>1794</strong><br />(-24 for losing)
|raw|Light SV's rating: 1747 &rarr; <strong>1771</strong><br />(+24 for winning)
|l|☆jamel1
|player|p1|
|l|☆Light SV
|player|p2|
|l| amefurikoneko
