|j|☆koroyev1
|j|☆bitter herbert
|t:|1758919789
|gametype|singles
|player|p1|koroyev1|roxanne|1338
|player|p2|bitter herbert|gentleman-gen4dp|1403
|gen|9
|tier|[Gen 9] OU
|rated|
|rule|HP Percentage Mod: HP is shown in percentages
|rule|Endless Battle Clause: Forcing endless battles is banned
|rule|Species Clause: Limit one of each Pokémon
|rule|OHKO Clause: OHKO moves are banned
|rule|Evasion Items Clause: Evasion items are banned
|rule|Evasion Moves Clause: Evasion moves are banned
|rule|Evasion Abilities Clause: Evasion abilities are banned
|rule|Sleep Moves Clause: Sleep-inducing moves are banned
|clearpoke
|poke|p1|Landorus-Therian, M|
|poke|p1|Corviknight, F|
|poke|p1|Zoroark-Hisui, F|
|poke|p1|Raging Bolt|
|poke|p1|Pecharunt|
|poke|p1|Samurott-Hisui, F|
|poke|p2|Ting-Lu|
|poke|p2|Dragonite, M|
|poke|p2|Zamazenta-*|
|poke|p2|Darkrai|
|poke|p2|Corviknight, M|
|poke|p2|Slowking-Galar, M|
|teampreview
|inactive|Battle timer is ON: inactive players will automatically lose when time's up. (requested by bitter herbert)
|
|t:|1758919814
|teamsize|p1|6
|teamsize|p2|6
|start
|switch|p1a: Mangala|Samurott-Hisui, F|100/100
|switch|p2a: Darkrai|Darkrai|100/100
|turn|1
|
|t:|1758919821
|switch|p2a: Zamazenta|Zamazenta|100/100
|-ability|p2a: Zamazenta|Dauntless Shield|boost
|-boost|p2a: Zamazenta|def|1
|move|p1a: Mangala|Sacred Sword|p2a: Zamazenta
|-damage|p2a: Zamazenta|61/100
|
|upkeep
|turn|2
|
|t:|1758919842
|switch|p1a: Ravana|Landorus-Therian, M|100/100
|-ability|p1a: Ravana|Intimidate|boost
|-unboost|p2a: Zamazenta|atk|1
|move|p2a: Zamazenta|Crunch|p1a: Ravana
|-damage|p1a: Ravana|81/100
|
|upkeep
|turn|3
|inactive|bitter herbert has 120 seconds left.
|
|t:|1758919886
|switch|p2a: Darkrai|Darkrai|100/100
|move|p1a: Ravana|U-turn|p2a: Darkrai
|-supereffective|p2a: Darkrai
|-damage|p2a: Darkrai|25/100
|inactive|koroyev1 has 120 seconds left.
|
|t:|1758919903
|switch|p1a: Garuda|Corviknight, F|100/100|[from] U-turn
|-ability|p1a: Garuda|Unnerve
|
|upkeep
|turn|4
|inactive|bitter herbert has 120 seconds left.
|
|t:|1758919920
|switch|p2a: Slowking|Slowking-Galar, M|100/100
|move|p1a: Garuda|Brave Bird|p2a: Slowking
|-damage|p2a: Slowking|64/100
|-damage|p1a: Garuda|88/100|[from] Recoil
|
|-heal|p1a: Garuda|95/100|[from] item: Leftovers
|upkeep
|turn|5
|
|t:|1758919932
|move|p1a: Garuda|Brave Bird|p2a: Slowking
|-damage|p2a: Slowking|26/100
|-damage|p1a: Garuda|82/100|[from] Recoil
|move|p2a: Slowking|Flamethrower|p1a: Garuda
|-supereffective|p1a: Garuda
|-damage|p1a: Garuda|41/100
|
|-heal|p1a: Garuda|47/100|[from] item: Leftovers
|upkeep
|turn|6
|inactive|bitter herbert has 120 seconds left.
|
|t:|1758919943
|switch|p2a: Corviknight|Corviknight, M|100/100
|-ability|p2a: Corviknight|Pressure
|move|p1a: Garuda|Roost|p1a: Garuda
|-heal|p1a: Garuda|97/100
|-singleturn|p1a: Garuda|move: Roost
|
|-heal|p1a: Garuda|100/100|[from] item: Leftovers
|upkeep
|turn|7
|
|t:|1758919951
|move|p1a: Garuda|U-turn|p2a: Corviknight
|-resisted|p2a: Corviknight
|-damage|p2a: Corviknight|98/100
|
|t:|1758919956
|switch|p1a: Indra|Raging Bolt|100/100|[from] U-turn
|move|p2a: Corviknight|Brave Bird|p1a: Indra
|-resisted|p1a: Indra
|-damage|p1a: Indra|83/100
|-damage|p2a: Corviknight|93/100|[from] Recoil
|
|upkeep
|turn|8
|
|t:|1758919965
|switch|p2a: Ting-Lu|Ting-Lu|100/100
|-ability|p2a: Ting-Lu|Vessel of Ruin
|move|p1a: Indra|Volt Switch|p2a: Ting-Lu
|-immune|p2a: Ting-Lu
|
|upkeep
|turn|9
|
|t:|1758919970
|-end|p1a: Indra|Protosynthesis|[silent]
|switch|p1a: Garuda|Corviknight, F|100/100
|-ability|p1a: Garuda|Unnerve
|move|p2a: Ting-Lu|Ruination|p1a: Garuda
|-damage|p1a: Garuda|50/100
|
|-heal|p1a: Garuda|57/100|[from] item: Leftovers
|upkeep
|turn|10
|
|t:|1758919974
|move|p1a: Garuda|Roost|p1a: Garuda
|-heal|p1a: Garuda|100/100
|-singleturn|p1a: Garuda|move: Roost
|move|p2a: Ting-Lu|Stealth Rock|p1a: Garuda
|-sidestart|p1: koroyev1|move: Stealth Rock
|
|upkeep
|turn|11
|
|t:|1758919977
|move|p1a: Garuda|Defog|p2a: Ting-Lu
|-unboost|p2a: Ting-Lu|evasion|1
|-sideend|p1: koroyev1|Stealth Rock|[from] move: Defog|[of] p1a: Garuda
|move|p2a: Ting-Lu|Ruination|p1a: Garuda
|-damage|p1a: Garuda|50/100
|
|-heal|p1a: Garuda|57/100|[from] item: Leftovers
|upkeep
|turn|12
|
|t:|1758919980
|move|p1a: Garuda|U-turn|p2a: Ting-Lu
|-supereffective|p2a: Ting-Lu
|-damage|p2a: Ting-Lu|84/100
|-enditem|p2a: Ting-Lu|Red Card|[of] p1a: Garuda
|drag|p1a: Ravana|Landorus-Therian, M|81/100
|-ability|p1a: Ravana|Intimidate|boost
|-unboost|p2a: Ting-Lu|atk|1
|move|p2a: Ting-Lu|Ruination|p1a: Ravana
|-damage|p1a: Ravana|41/100
|
|upkeep
|turn|13
|
|t:|1758919990
|switch|p1a: Mangala|Samurott-Hisui, F|100/100
|move|p2a: Ting-Lu|Stealth Rock|p1a: Mangala
|-sidestart|p1: koroyev1|move: Stealth Rock
|
|upkeep
|turn|14
|
|t:|1758919997
|switch|p2a: Zamazenta|Zamazenta|61/100
|move|p1a: Mangala|Sacred Sword|p2a: Zamazenta
|-crit|p2a: Zamazenta
|-damage|p2a: Zamazenta|0 fnt
|faint|p2a: Zamazenta
|
|upkeep
|
|t:|1758920006
|switch|p2a: Dragonite|Dragonite, M|100/100
|turn|15
|
|t:|1758920009
|move|p2a: Dragonite|Dragon Dance|p2a: Dragonite
|-boost|p2a: Dragonite|atk|1
|-boost|p2a: Dragonite|spe|1
|move|p1a: Mangala|Ceaseless Edge|p2a: Dragonite
|-damage|p2a: Dragonite|72/100
|-sidestart|p2: bitter herbert|Spikes
|
|upkeep
|turn|16
|
|t:|1758920016
|move|p2a: Dragonite|Dragon Dance|p2a: Dragonite
|-boost|p2a: Dragonite|atk|1
|-boost|p2a: Dragonite|spe|1
|move|p1a: Mangala|Ceaseless Edge|p2a: Dragonite
|-damage|p2a: Dragonite|19/100
|-sidestart|p2: bitter herbert|Spikes
|
|upkeep
|turn|17
|
|t:|1758920021
|-terastallize|p2a: Dragonite|Flying
|move|p1a: Mangala|Sucker Punch|p2a: Dragonite
|-damage|p2a: Dragonite|0 fnt
|faint|p2a: Dragonite
|
|upkeep
|
|t:|1758920033
|switch|p2a: Darkrai|Darkrai|25/100
|-damage|p2a: Darkrai|9/100|[from] Spikes
|turn|18
|
|t:|1758920043
|move|p2a: Darkrai|Nasty Plot|p2a: Darkrai
|-boost|p2a: Darkrai|spa|2
|move|p1a: Mangala|Ceaseless Edge|p2a: Darkrai
|-resisted|p2a: Darkrai
|-crit|p2a: Darkrai
|-damage|p2a: Darkrai|0 fnt
|-sidestart|p2: bitter herbert|Spikes
|faint|p2a: Darkrai
|
|upkeep
|
|t:|1758920049
|switch|p2a: Corviknight|Corviknight, M|93/100
|-ability|p2a: Corviknight|Pressure
|turn|19
|
|t:|1758920054
|move|p1a: Mangala|Sacred Sword|p2a: Corviknight
|-damage|p2a: Corviknight|66/100
|move|p2a: Corviknight|Defog|p1a: Mangala
|-unboost|p1a: Mangala|evasion|1
|-sideend|p1: koroyev1|Stealth Rock|[from] move: Defog|[of] p2a: Corviknight
|-sideend|p2: bitter herbert|Spikes|[from] move: Defog|[of] p2a: Corviknight
|
|upkeep
|turn|20
|
|t:|1758920060
|move|p1a: Mangala|Flip Turn|p2a: Corviknight
|-damage|p2a: Corviknight|47/100
|
|t:|1758920064
|switch|p1a: Garuda|Corviknight, F|57/100|[from] Flip Turn
|-ability|p1a: Garuda|Unnerve
|move|p2a: Corviknight|Roost|p2a: Corviknight
|-heal|p2a: Corviknight|97/100
|-singleturn|p2a: Corviknight|move: Roost
|
|-heal|p1a: Garuda|63/100|[from] item: Leftovers
|upkeep
|turn|21
|-message|bitter herbert forfeited.
|
|win|koroyev1
|raw|koroyev1's rating: 1338 &rarr; <strong>1362</strong><br />(+24 for winning)
|raw|bitter herbert's rating: 1403 &rarr; <strong>1379</strong><br />(-24 for losing)
|l|☆bitter herbert
|player|p2|
