|j|☆castillo919
|j|‽mantikarp2.0
|t:|1759047117
|gametype|singles
|player|p1|castillo919|102|1538
|player|p2|mantikarp2.0|265|1583
|gen|9
|tier|[Gen 9] OU
|rated|
|rule|HP Percentage Mod: HP is shown in percentages
|rule|Endless Battle Clause: Forcing endless battles is banned
|rule|Species Clause: Limit one of each Pokémon
|rule|OHKO Clause: OHKO moves are banned
|rule|Evasion Items Clause: Evasion items are banned
|rule|Evasion Moves Clause: Evasion moves are banned
|rule|Evasion Abilities Clause: Evasion abilities are banned
|rule|Sleep Moves Clause: Sleep-inducing moves are banned
|clearpoke
|poke|p1|Garganacl, F|
|poke|p1|Sinistcha-Masterpiece|
|poke|p1|Samurott-Hisui, F|
|poke|p1|Tinkaton, F|
|poke|p1|Darkrai|
|poke|p1|Moltres|
|poke|p2|Ribombee, M|
|poke|p2|Gholdengo|
|poke|p2|Great Tusk|
|poke|p2|Raging Bolt|
|poke|p2|Ogerpon-Cornerstone, F|
|poke|p2|Ceruledge, M|
|teampreview
|inactive|Battle timer is ON: inactive players will automatically lose when time's up. (requested by mantikarp2.0)
|
|t:|1759047127
|teamsize|p1|6
|teamsize|p2|6
|start
|switch|p1a: Tinkaton|Tinkaton, F|100/100
|switch|p2a: Ribombee|Ribombee, M, shiny|100/100
|-ability|p1a: Tinkaton|Mold Breaker
|-item|p1a: Tinkaton|Air Balloon
|turn|1
|
|t:|1759047146
|move|p2a: Ribombee|Sticky Web|p1a: Tinkaton
|-sidestart|p1: castillo919|move: Sticky Web
|move|p1a: Tinkaton|Stealth Rock|p2a: Ribombee
|-sidestart|p2: mantikarp2.0|move: Stealth Rock
|
|upkeep
|turn|2
|
|t:|1759047171
|move|p2a: Ribombee|Moonblast|p1a: Tinkaton
|-resisted|p1a: Tinkaton
|-damage|p1a: Tinkaton|83/100
|-enditem|p1a: Tinkaton|Air Balloon
|move|p1a: Tinkaton|Knock Off|p2a: Ribombee
|-resisted|p2a: Ribombee
|-damage|p2a: Ribombee|84/100
|-enditem|p2a: Ribombee|Focus Sash|[from] move: Knock Off|[of] p1a: Tinkaton
|
|upkeep
|turn|3
|
|t:|1759047181
|move|p2a: Ribombee|Moonblast|p1a: Tinkaton
|-resisted|p1a: Tinkaton
|-damage|p1a: Tinkaton|66/100
|move|p1a: Tinkaton|Thunder Wave|p2a: Ribombee
|-status|p2a: Ribombee|par
|
|upkeep
|turn|4
|
|t:|1759047189
|move|p1a: Tinkaton|Gigaton Hammer|p2a: Ribombee
|-supereffective|p2a: Ribombee
|-damage|p2a: Ribombee|0 fnt
|faint|p2a: Ribombee
|
|upkeep
|
|t:|1759047198
|switch|p2a: Raging Bolt|Raging Bolt|100/100
|-damage|p2a: Raging Bolt|88/100|[from] Stealth Rock
|-enditem|p2a: Raging Bolt|Booster Energy
|-activate|p2a: Raging Bolt|ability: Protosynthesis|[fromitem]
|-start|p2a: Raging Bolt|protosynthesisspa
|turn|5
|
|t:|1759047205
|move|p1a: Tinkaton|Knock Off|p2a: Raging Bolt
|-damage|p2a: Raging Bolt|78/100
|move|p2a: Raging Bolt|Thunderbolt|p1a: Tinkaton
|-damage|p1a: Tinkaton|10/100
|
|upkeep
|turn|6
|
|t:|1759047216
|move|p1a: Tinkaton|Knock Off|p2a: Raging Bolt
|-damage|p2a: Raging Bolt|67/100
|move|p2a: Raging Bolt|Calm Mind|p2a: Raging Bolt
|-boost|p2a: Raging Bolt|spa|1
|-boost|p2a: Raging Bolt|spd|1
|
|upkeep
|turn|7
|
|t:|1759047223
|move|p1a: Tinkaton|Knock Off|p2a: Raging Bolt
|-damage|p2a: Raging Bolt|56/100
|move|p2a: Raging Bolt|Calm Mind|p2a: Raging Bolt
|-boost|p2a: Raging Bolt|spa|1
|-boost|p2a: Raging Bolt|spd|1
|
|upkeep
|turn|8
|
|t:|1759047232
|move|p2a: Raging Bolt|Thunderclap|p1a: Tinkaton
|-damage|p1a: Tinkaton|0 fnt
|faint|p1a: Tinkaton
|
|upkeep
|
|t:|1759047238
|switch|p1a: Samurott|Samurott-Hisui, F|100/100
|-activate|p1a: Samurott|move: Sticky Web
|-unboost|p1a: Samurott|spe|1
|turn|9
|
|t:|1759047243
|-terastallize|p1a: Samurott|Bug
|move|p2a: Raging Bolt|Thunderbolt|p1a: Samurott
|-damage|p1a: Samurott|19/100
|move|p1a: Samurott|X-Scissor|p2a: Raging Bolt
|-damage|p2a: Raging Bolt|13/100
|
|upkeep
|turn|10
|
|t:|1759047256
|move|p2a: Raging Bolt|Thunderclap|p1a: Samurott
|-damage|p1a: Samurott|0 fnt
|faint|p1a: Samurott
|
|upkeep
|
|t:|1759047261
|switch|p1a: Darkrai|Darkrai|100/100
|-activate|p1a: Darkrai|move: Sticky Web
|-unboost|p1a: Darkrai|spe|1
|turn|11
|
|t:|1759047267
|move|p2a: Raging Bolt|Thunderclap||[still]
|-fail|p2a: Raging Bolt
|move|p1a: Darkrai|Substitute|p1a: Darkrai
|-start|p1a: Darkrai|Substitute
|-damage|p1a: Darkrai|76/100
|
|-heal|p1a: Darkrai|82/100|[from] item: Leftovers
|upkeep
|turn|12
|
|t:|1759047280
|move|p2a: Raging Bolt|Thunderclap|p1a: Darkrai
|-end|p1a: Darkrai|Substitute
|move|p1a: Darkrai|Ice Beam|p2a: Raging Bolt
|-supereffective|p2a: Raging Bolt
|-damage|p2a: Raging Bolt|0 fnt
|faint|p2a: Raging Bolt
|-end|p2a: Raging Bolt|Protosynthesis|[silent]
|
|-heal|p1a: Darkrai|88/100|[from] item: Leftovers
|upkeep
|
|t:|1759047295
|switch|p2a: Ogerpon|Ogerpon-Cornerstone, F|100/100
|-damage|p2a: Ogerpon|88/100|[from] Stealth Rock
|turn|13
|
|t:|1759047309
|move|p2a: Ogerpon|Ivy Cudgel|p1a: Darkrai|[anim] Ivy Cudgel Rock
|-damage|p1a: Darkrai|5/100
|move|p1a: Darkrai|Substitute|p1a: Darkrai
|-fail|p1a: Darkrai|move: Substitute|[weak]
|
|-heal|p1a: Darkrai|11/100|[from] item: Leftovers
|upkeep
|turn|14
|
|t:|1759047320
|move|p2a: Ogerpon|Ivy Cudgel|p1a: Darkrai|[anim] Ivy Cudgel Rock
|-crit|p1a: Darkrai
|-damage|p1a: Darkrai|0 fnt
|faint|p1a: Darkrai
|
|upkeep
|
|t:|1759047327
|switch|p1a: Sinistcha|Sinistcha-Masterpiece|100/100
|-activate|p1a: Sinistcha|move: Sticky Web
|-unboost|p1a: Sinistcha|spe|1
|turn|15
|
|t:|1759047338
|move|p2a: Ogerpon|Ivy Cudgel|p1a: Sinistcha|[anim] Ivy Cudgel Rock
|-crit|p1a: Sinistcha
|-damage|p1a: Sinistcha|37/100
|move|p1a: Sinistcha|Calm Mind|p1a: Sinistcha
|-boost|p1a: Sinistcha|spa|1
|-boost|p1a: Sinistcha|spd|1
|
|-heal|p1a: Sinistcha|43/100|[from] item: Leftovers
|upkeep
|turn|16
|
|t:|1759047349
|move|p2a: Ogerpon|Encore|p1a: Sinistcha
|-start|p1a: Sinistcha|Encore
|move|p1a: Sinistcha|Calm Mind|p1a: Sinistcha
|-boost|p1a: Sinistcha|spa|1
|-boost|p1a: Sinistcha|spd|1
|
|-heal|p1a: Sinistcha|49/100|[from] item: Leftovers
|upkeep
|turn|17
|
|t:|1759047359
|switch|p1a: Moltres|Moltres|100/100
|move|p2a: Ogerpon|Ivy Cudgel|p1a: Moltres|[anim] Ivy Cudgel Rock
|-supereffective|p1a: Moltres
|-crit|p1a: Moltres
|-damage|p1a: Moltres|0 fnt
|faint|p1a: Moltres
|
|upkeep
|l|☆castillo919
|inactive|castillo919 disconnected and has a minute to reconnect!
|player|p1|
|j|☆castillo919
|inactive|castillo919 reconnected and has 135 seconds left.
|player|p1|castillo919|102|
|inactive|castillo919 has 120 seconds left.
|inactive|castillo919 has 90 seconds left.
|inactive|castillo919 has 60 seconds left.
|inactive|castillo919 has 30 seconds left.
|inactive|castillo919 has 20 seconds left.
|inactive|castillo919 has 15 seconds left.
|inactive|castillo919 has 10 seconds left.
|inactive|castillo919 has 5 seconds left.
|-message|castillo919 lost due to inactivity.
|
|win|mantikarp2.0
|raw|castillo919's rating: 1538 &rarr; <strong>1521</strong><br />(-17 for losing)
|raw|mantikarp2.0's rating: 1583 &rarr; <strong>1600</strong><br />(+17 for winning)
|l|‽mantikarp2.0
|player|p2|
