|j|☆GhostDumbDumb
|j|☆emjay2306
|t:|1759047971
|gametype|singles
|player|p1|GhostDumbDumb|unknown|1389
|player|p2|emjay2306|101|1376
|gen|9
|tier|[Gen 9] OU
|rated|
|rule|HP Percentage Mod: HP is shown in percentages
|rule|Endless Battle Clause: Forcing endless battles is banned
|rule|Species Clause: Limit one of each Pokémon
|rule|OHKO Clause: OHKO moves are banned
|rule|Evasion Items Clause: Evasion items are banned
|rule|Evasion Moves Clause: Evasion moves are banned
|rule|Evasion Abilities Clause: Evasion abilities are banned
|rule|Sleep Moves Clause: Sleep-inducing moves are banned
|clearpoke
|poke|p1|Reuniclus, M|
|poke|p1|Zoroark, F|
|poke|p1|Appletun, F|
|poke|p1|Pincurchin, F|
|poke|p1|Alcremie, F|
|poke|p1|Ambipom, M|
|poke|p2|Dragonite, F|
|poke|p2|Gholdengo|
|poke|p2|Great Tusk|
|poke|p2|Iron Moth|
|poke|p2|Weavile, F|
|poke|p2|Ribombee, M|
|teampreview
|
|t:|1759047981
|teamsize|p1|6
|teamsize|p2|6
|start
|switch|p1a: Smiff|Pincurchin, F, shiny|100/100
|switch|p2a: Ribombee|Ribombee, M|100/100
|-fieldstart|move: Electric Terrain|[from] ability: Electric Surge|[of] p1a: Smiff
|turn|1
|
|t:|1759047992
|move|p2a: Ribombee|Sticky Web|p1a: Smiff
|-sidestart|p1: GhostDumbDumb|move: Sticky Web
|move|p1a: Smiff|Thunder Wave|p2a: Ribombee
|-status|p2a: Ribombee|par
|
|upkeep
|turn|2
|
|t:|1759048004
|move|p2a: Ribombee|Moonblast|p1a: Smiff
|-damage|p1a: Smiff|46/100
|move|p1a: Smiff|Toxic Spikes|p2a: Ribombee
|-sidestart|p2: emjay2306|move: Toxic Spikes
|
|upkeep
|turn|3
|
|t:|1759048014
|cant|p2a: Ribombee|par
|move|p1a: Smiff|Toxic Spikes|p2a: Ribombee
|-sidestart|p2: emjay2306|move: Toxic Spikes
|
|upkeep
|turn|4
|
|t:|1759048020
|switch|p2a: Iron Moth|Iron Moth|100/100
|-sideend|p2: emjay2306|move: Toxic Spikes|[of] p2a: Iron Moth
|-activate|p2a: Iron Moth|ability: Quark Drive
|-start|p2a: Iron Moth|quarkdrivespe
|move|p1a: Smiff|Spikes|p2a: Iron Moth
|-sidestart|p2: emjay2306|Spikes
|
|upkeep
|turn|5
|
|t:|1759048027
|move|p2a: Iron Moth|Fiery Dance|p1a: Smiff
|-damage|p1a: Smiff|0 fnt
|faint|p1a: Smiff
|
|upkeep
|inactive|Battle timer is ON: inactive players will automatically lose when time's up. (requested by emjay2306)
|
|t:|1759048064
|switch|p1a: Wait... Don't!!!|Reuniclus, M, shiny|100/100
|-activate|p1a: Wait... Don't!!!|move: Sticky Web
|-unboost|p1a: Wait... Don't!!!|spe|1
|turn|6
|
|t:|1759048081
|-end|p2a: Iron Moth|Quark Drive|[silent]
|switch|p2a: Ribombee|Ribombee, M|100/100 par
|-damage|p2a: Ribombee|88/100 par|[from] Spikes
|move|p1a: Wait... Don't!!!|Acid Armor|p1a: Wait... Don't!!!
|-boost|p1a: Wait... Don't!!!|def|2
|
|upkeep
|turn|7
|
|t:|1759048090
|move|p2a: Ribombee|Stun Spore|p1a: Wait... Don't!!!
|-status|p1a: Wait... Don't!!!|par
|move|p1a: Wait... Don't!!!|Calm Mind|p1a: Wait... Don't!!!
|-boost|p1a: Wait... Don't!!!|spa|1
|-boost|p1a: Wait... Don't!!!|spd|1
|
|upkeep
|turn|8
|
|t:|1759048097
|switch|p2a: Dragonite|Dragonite, F, shiny|100/100
|move|p1a: Wait... Don't!!!|Calm Mind|p1a: Wait... Don't!!!
|-boost|p1a: Wait... Don't!!!|spa|1
|-boost|p1a: Wait... Don't!!!|spd|1
|
|-fieldend|move: Electric Terrain
|upkeep
|turn|9
|
|t:|1759048106
|move|p2a: Dragonite|Encore|p1a: Wait... Don't!!!
|-start|p1a: Wait... Don't!!!|Encore
|move|p1a: Wait... Don't!!!|Calm Mind|p1a: Wait... Don't!!!
|-boost|p1a: Wait... Don't!!!|spa|1
|-boost|p1a: Wait... Don't!!!|spd|1
|
|upkeep
|turn|10
|
|t:|1759048111
|switch|p1a: Typhlosions Lawyer|Ambipom, M, shiny|100/100
|-activate|p1a: Typhlosions Lawyer|move: Sticky Web
|-unboost|p1a: Typhlosions Lawyer|spe|1
|move|p2a: Dragonite|Dragon Dance|p2a: Dragonite
|-boost|p2a: Dragonite|atk|1
|-boost|p2a: Dragonite|spe|1
|
|upkeep
|turn|11
|
|t:|1759048125
|-terastallize|p2a: Dragonite|Flying
|-terastallize|p1a: Typhlosions Lawyer|Fairy
|move|p2a: Dragonite|Tera Blast|p1a: Typhlosions Lawyer|[anim] Tera Blast Flying
|-damage|p1a: Typhlosions Lawyer|0 fnt
|replace|p1a: DittoSmiff|Zoroark, F, shiny
|-end|p1a: DittoSmiff|Illusion
|faint|p1a: DittoSmiff
|
|upkeep
|c|☆emjay2306|crazy name
|-message|GhostDumbDumb forfeited.
|
|win|emjay2306
|raw|GhostDumbDumb's rating: 1389 &rarr; <strong>1368</strong><br />(-21 for losing)
|raw|emjay2306's rating: 1376 &rarr; <strong>1397</strong><br />(+21 for winning)
|l|☆GhostDumbDumb
|player|p1|
|l|☆emjay2306
|player|p2|
