|j|☆Gabriel512g
|j|☆acerrillo6970
|t:|1759037902
|gametype|singles
|player|p1|Gabriel512g|hilbert|1188
|player|p2|acerrillo6970|101|1188
|gen|9
|tier|[Gen 9] OU
|rated|
|rule|HP Percentage Mod: HP is shown in percentages
|rule|Endless Battle Clause: Forcing endless battles is banned
|rule|Species Clause: Limit one of each Pokémon
|rule|OHKO Clause: OHKO moves are banned
|rule|Evasion Items Clause: Evasion items are banned
|rule|Evasion Moves Clause: Evasion moves are banned
|rule|Evasion Abilities Clause: Evasion abilities are banned
|rule|Sleep Moves Clause: Sleep-inducing moves are banned
|clearpoke
|poke|p1|Garganacl, M|
|poke|p1|Ursaluna, F|
|poke|p1|Reuniclus, M|
|poke|p1|Crawdaunt, F|
|poke|p1|Kingambit, F|
|poke|p1|Slowking-Galar, M|
|poke|p2|Weavile, F|
|poke|p2|Blastoise, F|
|poke|p2|Venusaur, F|
|poke|p2|Lokix, F|
|poke|p2|Comfey, M|
|poke|p2|Incineroar, M|
|teampreview
|inactive|Battle timer is ON: inactive players will automatically lose when time's up. (requested by acerrillo6970)
|
|t:|1759037938
|teamsize|p1|6
|teamsize|p2|6
|start
|switch|p1a: Garganacl|Garganacl, M|100/100
|switch|p2a: Weavile|Weavile, F|100/100
|turn|1
|
|t:|1759037953
|move|p2a: Weavile|Swords Dance|p2a: Weavile
|-boost|p2a: Weavile|atk|2
|move|p1a: Garganacl|Stealth Rock|p2a: Weavile
|-sidestart|p2: acerrillo6970|move: Stealth Rock
|
|upkeep
|turn|2
|inactive|acerrillo6970 has 120 seconds left.
|inactive|acerrillo6970 has 90 seconds left.
|
|t:|1759038039
|-terastallize|p1a: Garganacl|Fighting
|move|p2a: Weavile|Swords Dance|p2a: Weavile
|-boost|p2a: Weavile|atk|2
|move|p1a: Garganacl|Body Press|p2a: Weavile
|-supereffective|p2a: Weavile
|-enditem|p2a: Weavile|Focus Sash
|-damage|p2a: Weavile|1/100
|-enditem|p1a: Garganacl|Leftovers|[silent]|[from] ability: Pickpocket|[of] p1a: Garganacl
|-item|p2a: Weavile|Leftovers|[from] ability: Pickpocket|[of] p1a: Garganacl
|
|-heal|p2a: Weavile|7/100|[from] item: Leftovers
|upkeep
|turn|3
|
|t:|1759038054
|move|p2a: Weavile|Knock Off|p1a: Garganacl
|-resisted|p1a: Garganacl
|-damage|p1a: Garganacl|77/100
|move|p1a: Garganacl|Salt Cure|p2a: Weavile
|-supereffective|p2a: Weavile
|-damage|p2a: Weavile|0 fnt
|faint|p2a: Weavile
|
|upkeep
|inactive|acerrillo6970 has 60 seconds left.
|
|t:|1759038081
|switch|p2a: Comfey|Comfey, M|100/100
|-damage|p2a: Comfey|88/100|[from] Stealth Rock
|turn|4
|
|t:|1759038089
|switch|p1a: Slowking|Slowking-Galar, M|100/100
|move|p2a: Comfey|Calm Mind|p2a: Comfey
|-boost|p2a: Comfey|spa|1
|-boost|p2a: Comfey|spd|1
|
|upkeep
|turn|5
|
|t:|1759038100
|-terastallize|p2a: Comfey|Ground
|move|p2a: Comfey|Calm Mind|p2a: Comfey
|-boost|p2a: Comfey|spa|1
|-boost|p2a: Comfey|spd|1
|move|p1a: Slowking|Sludge Bomb|p2a: Comfey
|-resisted|p2a: Comfey
|-damage|p2a: Comfey|78/100
|-status|p2a: Comfey|psn
|
|-damage|p2a: Comfey|66/100 psn|[from] psn
|upkeep
|turn|6
|
|t:|1759038112
|move|p2a: Comfey|Calm Mind|p2a: Comfey
|-boost|p2a: Comfey|spa|1
|-boost|p2a: Comfey|spd|1
|move|p1a: Slowking|Trick Room|p1a: Slowking
|-fieldstart|move: Trick Room|[of] p1a: Slowking
|
|-damage|p2a: Comfey|54/100 psn|[from] psn
|upkeep
|turn|7
|
|t:|1759038119
|move|p1a: Slowking|Toxic Spikes|p2a: Comfey
|-sidestart|p2: acerrillo6970|move: Toxic Spikes
|move|p2a: Comfey|Tera Blast|p1a: Slowking|[anim] Tera Blast Ground
|-supereffective|p1a: Slowking
|-damage|p1a: Slowking|0 fnt
|faint|p1a: Slowking
|
|-damage|p2a: Comfey|41/100 psn|[from] psn
|upkeep
|
|t:|1759038127
|switch|p1a: Crawdaunt|Crawdaunt, F|100/100
|turn|8
|
|t:|1759038137
|move|p2a: Comfey|Draining Kiss|p1a: Crawdaunt
|-supereffective|p1a: Crawdaunt
|-damage|p1a: Crawdaunt|0 fnt
|-heal|p2a: Comfey|100/100 psn|[from] drain|[of] p1a: Crawdaunt
|faint|p1a: Crawdaunt
|
|-damage|p2a: Comfey|88/100 psn|[from] psn
|upkeep
|
|t:|1759038156
|switch|p1a: Reuniclus|Reuniclus, M|100/100
|turn|9
|
|t:|1759038162
|move|p1a: Reuniclus|Psychic|p2a: Comfey
|-damage|p2a: Comfey|56/100 psn
|move|p2a: Comfey|Calm Mind|p2a: Comfey
|-boost|p2a: Comfey|spa|1
|-boost|p2a: Comfey|spd|1
|
|-damage|p2a: Comfey|43/100 psn|[from] psn
|upkeep
|turn|10
|
|t:|1759038169
|move|p1a: Reuniclus|Psychic|p2a: Comfey
|-damage|p2a: Comfey|18/100 psn
|move|p2a: Comfey|Calm Mind|p2a: Comfey
|-boost|p2a: Comfey|spa|1
|-boost|p2a: Comfey|spd|1
|
|-damage|p2a: Comfey|6/100 psn|[from] psn
|-fieldend|move: Trick Room
|upkeep
|turn|11
|
|t:|1759038178
|move|p2a: Comfey|Draining Kiss|p1a: Reuniclus
|-damage|p1a: Reuniclus|26/100
|-heal|p2a: Comfey|95/100 psn|[from] drain|[of] p1a: Reuniclus
|move|p1a: Reuniclus|Trick Room|p1a: Reuniclus
|-fieldstart|move: Trick Room|[of] p1a: Reuniclus
|
|-damage|p2a: Comfey|82/100 psn|[from] psn
|upkeep
|turn|12
|
|t:|1759038185
|move|p2a: Comfey|Draining Kiss|p1a: Reuniclus
|-damage|p1a: Reuniclus|0 fnt
|-heal|p2a: Comfey|100/100 psn|[from] drain|[of] p1a: Reuniclus
|faint|p1a: Reuniclus
|
|-damage|p2a: Comfey|88/100 psn|[from] psn
|upkeep
|
|t:|1759038197
|switch|p1a: Ursaluna|Ursaluna, F|100/100
|turn|13
|
|t:|1759038214
|move|p2a: Comfey|Giga Drain|p1a: Ursaluna
|-supereffective|p1a: Ursaluna
|-damage|p1a: Ursaluna|0 fnt
|-heal|p2a: Comfey|100/100 psn|[from] drain|[of] p1a: Ursaluna
|faint|p1a: Ursaluna
|
|-damage|p2a: Comfey|88/100 psn|[from] psn
|upkeep
|-message|Gabriel512g forfeited.
|
|win|acerrillo6970
|raw|Gabriel512g's rating: 1188 &rarr; <strong>1163</strong><br />(-25 for losing)
|raw|acerrillo6970's rating: 1188 &rarr; <strong>1213</strong><br />(+25 for winning)
|l|☆Gabriel512g
|player|p1|
|l|☆acerrillo6970
|player|p2|
