|j|☆ouicestmoi
|j|☆SML Shrek
|t:|1758976211
|gametype|singles
|player|p1|ouicestmoi|266|1412
|player|p2|SML Shrek|hiker-gen4|1422
|gen|9
|tier|[Gen 9] OU
|rated|
|rule|HP Percentage Mod: HP is shown in percentages
|rule|Endless Battle Clause: Forcing endless battles is banned
|rule|Species Clause: Limit one of each Pokémon
|rule|OHKO Clause: OHKO moves are banned
|rule|Evasion Items Clause: Evasion items are banned
|rule|Evasion Moves Clause: Evasion moves are banned
|rule|Evasion Abilities Clause: Evasion abilities are banned
|rule|Sleep Moves Clause: Sleep-inducing moves are banned
|clearpoke
|poke|p1|Comfey, M|
|poke|p1|Whimsicott, M|
|poke|p1|Iron Moth|
|poke|p1|Walking Wake|
|poke|p1|Great Tusk|
|poke|p1|Ninetales, F|
|poke|p2|Ribombee, F|
|poke|p2|Cinderace, F|
|poke|p2|Gholdengo|
|poke|p2|Sinistcha-Masterpiece|
|poke|p2|Great Tusk|
|poke|p2|Ting-Lu|
|teampreview
|inactive|Battle timer is ON: inactive players will automatically lose when time's up. (requested by ouicestmoi)
|
|t:|1758976221
|teamsize|p1|6
|teamsize|p2|6
|start
|switch|p1a: Ninetales|Ninetales, F|100/100
|switch|p2a: Ribombee|Ribombee, F|100/100
|-weather|SunnyDay|[from] ability: Drought|[of] p1a: Ninetales
|turn|1
|
|t:|1758976227
|move|p2a: Ribombee|Sticky Web|p1a: Ninetales
|-sidestart|p1: ouicestmoi|move: Sticky Web
|move|p1a: Ninetales|Weather Ball|p2a: Ribombee
|-supereffective|p2a: Ribombee
|-enditem|p2a: Ribombee|Focus Sash
|-damage|p2a: Ribombee|1/100
|
|-weather|SunnyDay|[upkeep]
|upkeep
|turn|2
|
|t:|1758976237
|move|p2a: Ribombee|Stun Spore|p1a: Ninetales
|-status|p1a: Ninetales|par
|move|p1a: Ninetales|Weather Ball|p2a: Ribombee
|-supereffective|p2a: Ribombee
|-damage|p2a: Ribombee|0 fnt
|faint|p2a: Ribombee
|
|-weather|SunnyDay|[upkeep]
|upkeep
|
|t:|1758976245
|switch|p2a: Ting-Lu|Ting-Lu|100/100
|-ability|p2a: Ting-Lu|Vessel of Ruin
|turn|3
|
|t:|1758976250
|switch|p1a: Great Tusk|Great Tusk|100/100
|-activate|p1a: Great Tusk|move: Sticky Web
|-unboost|p1a: Great Tusk|spe|1
|-activate|p1a: Great Tusk|ability: Protosynthesis
|-start|p1a: Great Tusk|protosynthesisatk
|move|p2a: Ting-Lu|Stealth Rock|p1a: Great Tusk
|-sidestart|p1: ouicestmoi|move: Stealth Rock
|
|-weather|SunnyDay|[upkeep]
|upkeep
|turn|4
|
|t:|1758976259
|-terastallize|p2a: Ting-Lu|Ghost
|move|p1a: Great Tusk|Ice Spinner|p2a: Ting-Lu
|-damage|p2a: Ting-Lu|83/100
|move|p2a: Ting-Lu|Spikes|p1a: Great Tusk
|-sidestart|p1: ouicestmoi|Spikes
|
|-weather|SunnyDay|[upkeep]
|-heal|p2a: Ting-Lu|90/100|[from] item: Leftovers
|upkeep
|turn|5
|
|t:|1758976269
|move|p1a: Great Tusk|Stealth Rock|p2a: Ting-Lu
|-sidestart|p2: SML Shrek|move: Stealth Rock
|move|p2a: Ting-Lu|Spikes|p1a: Great Tusk
|-sidestart|p1: ouicestmoi|Spikes
|
|-weather|SunnyDay|[upkeep]
|-heal|p2a: Ting-Lu|96/100|[from] item: Leftovers
|upkeep
|turn|6
|
|t:|1758976276
|move|p1a: Great Tusk|Headlong Rush|p2a: Ting-Lu
|-damage|p2a: Ting-Lu|60/100
|-unboost|p1a: Great Tusk|def|1
|-unboost|p1a: Great Tusk|spd|1
|move|p2a: Ting-Lu|Spikes|p1a: Great Tusk
|-sidestart|p1: ouicestmoi|Spikes
|
|-weather|SunnyDay|[upkeep]
|-heal|p2a: Ting-Lu|66/100|[from] item: Leftovers
|upkeep
|turn|7
|
|t:|1758976283
|move|p1a: Great Tusk|Headlong Rush|p2a: Ting-Lu
|-damage|p2a: Ting-Lu|27/100
|-unboost|p1a: Great Tusk|def|1
|-unboost|p1a: Great Tusk|spd|1
|move|p2a: Ting-Lu|Whirlwind|p1a: Great Tusk
|-end|p1a: Great Tusk|Protosynthesis|[silent]
|drag|p1a: Ninetales|Ninetales, F|100/100 par
|-activate|p1a: Ninetales|move: Sticky Web
|-unboost|p1a: Ninetales|spe|1
|-damage|p1a: Ninetales|76/100 par|[from] Stealth Rock
|-damage|p1a: Ninetales|51/100 par|[from] Spikes
|
|-weather|SunnyDay|[upkeep]
|-heal|p2a: Ting-Lu|33/100|[from] item: Leftovers
|upkeep
|turn|8
|
|t:|1758976296
|cant|p1a: Ninetales|par
|move|p2a: Ting-Lu|Whirlwind|p1a: Ninetales
|drag|p1a: Iron Moth|Iron Moth|100/100
|-activate|p1a: Iron Moth|move: Sticky Web
|-unboost|p1a: Iron Moth|spe|1
|-damage|p1a: Iron Moth|76/100|[from] Stealth Rock
|-damage|p1a: Iron Moth|51/100|[from] Spikes
|-enditem|p1a: Iron Moth|Booster Energy
|-activate|p1a: Iron Moth|ability: Quark Drive|[fromitem]
|-start|p1a: Iron Moth|quarkdrivespa
|
|-weather|none
|-heal|p2a: Ting-Lu|39/100|[from] item: Leftovers
|upkeep
|turn|9
|
|t:|1758976307
|move|p1a: Iron Moth|Overheat|p2a: Ting-Lu
|-crit|p2a: Ting-Lu
|-damage|p2a: Ting-Lu|0 fnt
|-unboost|p1a: Iron Moth|spa|2
|faint|p2a: Ting-Lu
|
|upkeep
|
|t:|1758976314
|switch|p2a: Great Tusk|Great Tusk|100/100
|turn|10
|
|t:|1758976318
|move|p2a: Great Tusk|Rapid Spin|p1a: Iron Moth
|-damage|p1a: Iron Moth|18/100
|-boost|p2a: Great Tusk|spe|1
|-sideend|p2: SML Shrek|Stealth Rock|[from] move: Rapid Spin|[of] p2a: Great Tusk
|move|p1a: Iron Moth|Fiery Dance|p2a: Great Tusk
|-damage|p2a: Great Tusk|62/100
|-boost|p1a: Iron Moth|spa|1
|
|upkeep
|turn|11
|
|t:|1758976325
|move|p2a: Great Tusk|Rapid Spin|p1a: Iron Moth
|-damage|p1a: Iron Moth|0 fnt
|-boost|p2a: Great Tusk|spe|1
|faint|p1a: Iron Moth
|-end|p1a: Iron Moth|Quark Drive|[silent]
|
|upkeep
|
|t:|1758976338
|switch|p1a: Great Tusk|Great Tusk|100/100
|-activate|p1a: Great Tusk|move: Sticky Web
|-unboost|p1a: Great Tusk|spe|1
|-damage|p1a: Great Tusk|98/100|[from] Stealth Rock
|-damage|p1a: Great Tusk|73/100|[from] Spikes
|turn|12
|
|t:|1758976344
|-end|p2a: Great Tusk|Protosynthesis|[silent]
|switch|p2a: Sinistcha|Sinistcha-Masterpiece|100/100
|move|p1a: Great Tusk|Rapid Spin|p2a: Sinistcha
|-immune|p2a: Sinistcha
|
|upkeep
|turn|13
|
|t:|1758976355
|-end|p1a: Great Tusk|Protosynthesis|[silent]
|switch|p1a: Ninetales|Ninetales, F|51/100 par
|-activate|p1a: Ninetales|move: Sticky Web
|-unboost|p1a: Ninetales|spe|1
|-damage|p1a: Ninetales|26/100 par|[from] Stealth Rock
|-damage|p1a: Ninetales|1/100 par|[from] Spikes
|-weather|SunnyDay|[from] ability: Drought|[of] p1a: Ninetales
|move|p2a: Sinistcha|Stun Spore|p1a: Ninetales|[miss]
|-miss|p2a: Sinistcha|p1a: Ninetales
|
|-weather|SunnyDay|[upkeep]
|upkeep
|turn|14
|
|t:|1758976365
|move|p2a: Sinistcha|Hex|p1a: Ninetales
|-damage|p1a: Ninetales|0 fnt
|faint|p1a: Ninetales
|
|-weather|SunnyDay|[upkeep]
|upkeep
|
|t:|1758976368
|switch|p1a: Whimsicott|Whimsicott, M|100/100
|-activate|p1a: Whimsicott|move: Sticky Web
|-unboost|p1a: Whimsicott|spe|1
|-damage|p1a: Whimsicott|88/100|[from] Stealth Rock
|-damage|p1a: Whimsicott|63/100|[from] Spikes
|turn|15
|
|t:|1758976375
|switch|p2a: Gholdengo|Gholdengo|100/100
|-item|p2a: Gholdengo|Air Balloon
|move|p1a: Whimsicott|Growth|p1a: Whimsicott
|-boost|p1a: Whimsicott|atk|2
|-boost|p1a: Whimsicott|spa|2
|
|-weather|SunnyDay|[upkeep]
|upkeep
|turn|16
|
|t:|1758976383
|move|p1a: Whimsicott|Shadow Ball|p2a: Gholdengo
|-supereffective|p2a: Gholdengo
|-damage|p2a: Gholdengo|0 fnt
|-enditem|p2a: Gholdengo|Air Balloon
|faint|p2a: Gholdengo
|-damage|p1a: Whimsicott|53/100|[from] item: Life Orb
|
|-weather|SunnyDay|[upkeep]
|upkeep
|
|t:|1758976392
|switch|p2a: Cinderace|Cinderace, F|100/100
|turn|17
|
|t:|1758976403
|-terastallize|p1a: Whimsicott|Ghost
|move|p1a: Whimsicott|Giga Drain|p2a: Cinderace
|-resisted|p2a: Cinderace
|-damage|p2a: Cinderace|43/100
|-heal|p1a: Whimsicott|81/100|[from] drain|[of] p2a: Cinderace
|-damage|p1a: Whimsicott|72/100|[from] item: Life Orb
|move|p2a: Cinderace|Pyro Ball|p1a: Whimsicott|[miss]
|-miss|p2a: Cinderace|p1a: Whimsicott
|
|-weather|SunnyDay|[upkeep]
|upkeep
|turn|18
|
|t:|1758976412
|move|p1a: Whimsicott|Giga Drain|p2a: Cinderace
|-resisted|p2a: Cinderace
|-damage|p2a: Cinderace|0 fnt
|-heal|p1a: Whimsicott|93/100|[from] drain|[of] p2a: Cinderace
|faint|p2a: Cinderace
|-damage|p1a: Whimsicott|83/100|[from] item: Life Orb
|
|-weather|SunnyDay|[upkeep]
|upkeep
|
|t:|1758976422
|switch|p2a: Great Tusk|Great Tusk|62/100
|-activate|p2a: Great Tusk|ability: Protosynthesis
|-start|p2a: Great Tusk|protosynthesisatk
|turn|19
|
|t:|1758976430
|-end|p2a: Great Tusk|Protosynthesis|[silent]
|switch|p2a: Sinistcha|Sinistcha-Masterpiece|100/100
|move|p1a: Whimsicott|Giga Drain|p2a: Sinistcha
|-resisted|p2a: Sinistcha
|-damage|p2a: Sinistcha|57/100
|-heal|p1a: Whimsicott|100/100|[from] drain|[of] p2a: Sinistcha
|-damage|p1a: Whimsicott|91/100|[from] item: Life Orb
|
|-weather|SunnyDay|[upkeep]
|-heal|p2a: Sinistcha|63/100|[from] item: Leftovers
|upkeep
|turn|20
|
|t:|1758976442
|move|p1a: Whimsicott|Shadow Ball|p2a: Sinistcha
|-supereffective|p2a: Sinistcha
|-damage|p2a: Sinistcha|0 fnt
|faint|p2a: Sinistcha
|-damage|p1a: Whimsicott|81/100|[from] item: Life Orb
|
|-weather|none
|upkeep
|
|t:|1758976449
|switch|p2a: Great Tusk|Great Tusk|62/100
|turn|21
|
|t:|1758976452
|move|p2a: Great Tusk|Knock Off|p1a: Whimsicott
|-supereffective|p1a: Whimsicott
|-damage|p1a: Whimsicott|1/100
|-enditem|p1a: Whimsicott|Life Orb|[from] move: Knock Off|[of] p2a: Great Tusk
|move|p1a: Whimsicott|Giga Drain|p2a: Great Tusk
|-supereffective|p2a: Great Tusk
|-damage|p2a: Great Tusk|0 fnt
|-heal|p1a: Whimsicott|38/100|[from] drain|[of] p2a: Great Tusk
|faint|p2a: Great Tusk
|-end|p2a: Great Tusk|Protosynthesis|[silent]
|
|win|ouicestmoi
|raw|ouicestmoi's rating: 1412 &rarr; <strong>1433</strong><br />(+21 for winning)
|raw|SML Shrek's rating: 1422 &rarr; <strong>1401</strong><br />(-21 for losing)
|l|☆SML Shrek
|player|p2|
|l|☆ouicestmoi
|player|p1|
