|j|☆Joof from space
|j|☆LonelySxNner
|t:|1758945739
|gametype|singles
|player|p1|Joof from space|ingo|1279
|player|p2|LonelySxNner|picnicker|1282
|gen|9
|tier|[Gen 9] OU
|rated|
|rule|HP Percentage Mod: HP is shown in percentages
|rule|Endless Battle Clause: Forcing endless battles is banned
|rule|Species Clause: Limit one of each Pokémon
|rule|OHKO Clause: OHKO moves are banned
|rule|Evasion Items Clause: Evasion items are banned
|rule|Evasion Moves Clause: Evasion moves are banned
|rule|Evasion Abilities Clause: Evasion abilities are banned
|rule|Sleep Moves Clause: Sleep-inducing moves are banned
|clearpoke
|poke|p1|Zamazenta-*|
|poke|p1|Ninetales-Alola, M|
|poke|p1|Darkrai|
|poke|p1|Ceruledge, M|
|poke|p1|Hatterene, F|
|poke|p1|Landorus-Therian, M|
|poke|p2|Meloetta|
|poke|p2|Meowscarada, F|
|poke|p2|Ceruledge, F|
|poke|p2|Grimmsnarl, M|
|poke|p2|Greninja-*, M|
|poke|p2|Garchomp, M|
|teampreview
|inactive|Battle timer is ON: inactive players will automatically lose when time's up. (requested by LonelySxNner)
|
|t:|1758945749
|teamsize|p1|6
|teamsize|p2|6
|start
|switch|p1a: Ninetales|Ninetales-Alola, M|100/100
|switch|p2a: Greninja|Greninja, M|100/100
|-weather|Snowscape|[from] ability: Snow Warning|[of] p1a: Ninetales
|turn|1
|
|t:|1758945753
|move|p2a: Greninja|Switcheroo|p1a: Ninetales
|-activate|p2a: Greninja|move: Trick|[of] p1a: Ninetales
|-item|p1a: Ninetales|Choice Scarf|[from] move: Switcheroo
|-item|p2a: Greninja|Light Clay|[from] move: Switcheroo
|move|p1a: Ninetales|Aurora Veil|p1a: Ninetales
|-sidestart|p1: Joof from space|move: Aurora Veil
|
|-weather|Snowscape|[upkeep]
|upkeep
|turn|2
|
|t:|1758945761
|switch|p1a: Hatterene|Hatterene, F|100/100
|move|p2a: Greninja|Surf|p1a: Hatterene
|-damage|p1a: Hatterene|76/100
|
|-weather|Snowscape|[upkeep]
|-heal|p1a: Hatterene|82/100|[from] item: Leftovers
|upkeep
|turn|3
|
|t:|1758945776
|move|p2a: Greninja|Surf|p1a: Hatterene
|-damage|p1a: Hatterene|60/100
|move|p1a: Hatterene|Calm Mind|p1a: Hatterene
|-boost|p1a: Hatterene|spa|1
|-boost|p1a: Hatterene|spd|1
|
|-weather|Snowscape|[upkeep]
|-heal|p1a: Hatterene|66/100|[from] item: Leftovers
|upkeep
|turn|4
|
|t:|1758945780
|move|p2a: Greninja|Switcheroo|p1a: Hatterene
|-activate|p2a: Greninja|move: Trick|[of] p1a: Hatterene
|-item|p1a: Hatterene|Light Clay|[from] move: Switcheroo
|-item|p2a: Greninja|Leftovers|[from] move: Switcheroo
|move|p1a: Hatterene|Calm Mind|p1a: Hatterene
|-boost|p1a: Hatterene|spa|1
|-boost|p1a: Hatterene|spd|1
|
|-weather|Snowscape|[upkeep]
|upkeep
|turn|5
|
|t:|1758945794
|move|p2a: Greninja|Dark Pulse|p1a: Hatterene
|-damage|p1a: Hatterene|57/100
|move|p1a: Hatterene|Draining Kiss|p2a: Greninja
|-supereffective|p2a: Greninja
|-damage|p2a: Greninja|0 fnt
|-heal|p1a: Hatterene|100/100|[from] drain|[of] p2a: Greninja
|faint|p2a: Greninja
|
|-weather|none
|-sideend|p1: Joof from space|move: Aurora Veil
|upkeep
|
|t:|1758945796
|switch|p2a: Meowscarada|Meowscarada, F|100/100
|turn|6
|
|t:|1758945804
|-terastallize|p2a: Meowscarada|Grass
|move|p2a: Meowscarada|Flower Trick|p1a: Hatterene
|-crit|p1a: Hatterene
|-damage|p1a: Hatterene|3/100
|move|p1a: Hatterene|Draining Kiss|p2a: Meowscarada
|-damage|p2a: Meowscarada|35/100
|-heal|p1a: Hatterene|49/100|[from] drain|[of] p2a: Meowscarada
|
|upkeep
|turn|7
|
|t:|1758945822
|move|p2a: Meowscarada|Flower Trick|p1a: Hatterene
|-crit|p1a: Hatterene
|-damage|p1a: Hatterene|0 fnt
|faint|p1a: Hatterene
|
|upkeep
|
|t:|1758945825
|switch|p1a: Ninetales|Ninetales-Alola, M|100/100
|-weather|Snowscape|[from] ability: Snow Warning|[of] p1a: Ninetales
|turn|8
|
|t:|1758945833
|move|p1a: Ninetales|Aurora Veil|p1a: Ninetales
|-sidestart|p1: Joof from space|move: Aurora Veil
|move|p2a: Meowscarada|Flower Trick|p1a: Ninetales
|-crit|p1a: Ninetales
|-damage|p1a: Ninetales|18/100
|
|-weather|Snowscape|[upkeep]
|upkeep
|turn|9
|
|t:|1758945839
|switch|p1a: Zamazenta|Zamazenta|100/100
|-ability|p1a: Zamazenta|Dauntless Shield|boost
|-boost|p1a: Zamazenta|def|1
|move|p2a: Meowscarada|Flower Trick|p1a: Zamazenta
|-crit|p1a: Zamazenta
|-damage|p1a: Zamazenta|9/100
|
|-weather|Snowscape|[upkeep]
|upkeep
|turn|10
|
|t:|1758945848
|switch|p2a: Garchomp|Garchomp, M|100/100
|move|p1a: Zamazenta|Body Press|p2a: Garchomp
|-damage|p2a: Garchomp|52/100
|-damage|p1a: Zamazenta|0 fnt|[from] ability: Rough Skin|[of] p2a: Garchomp
|faint|p1a: Zamazenta
|
|-weather|Snowscape|[upkeep]
|upkeep
|
|t:|1758945852
|switch|p1a: Ninetales|Ninetales-Alola, M|18/100
|turn|11
|
|t:|1758945861
|switch|p2a: Grimmsnarl|Grimmsnarl, M|100/100
|move|p1a: Ninetales|Freeze-Dry|p2a: Grimmsnarl
|-damage|p2a: Grimmsnarl|81/100
|
|-weather|Snowscape|[upkeep]
|upkeep
|turn|12
|
|t:|1758945865
|switch|p1a: Darkrai|Darkrai|100/100
|move|p2a: Grimmsnarl|Light Screen|p2a: Grimmsnarl
|-sidestart|p2: LonelySxNner|move: Light Screen
|
|-weather|none
|-sideend|p1: Joof from space|move: Aurora Veil
|upkeep
|turn|13
|
|t:|1758945871
|switch|p2a: Garchomp|Garchomp, M|52/100
|move|p1a: Darkrai|Nasty Plot|p1a: Darkrai
|-boost|p1a: Darkrai|spa|2
|
|upkeep
|turn|14
|
|t:|1758945875
|move|p1a: Darkrai|Nasty Plot|p1a: Darkrai
|-boost|p1a: Darkrai|spa|2
|move|p2a: Garchomp|Dragon Tail|p1a: Darkrai|[miss]
|-miss|p2a: Garchomp|p1a: Darkrai
|
|upkeep
|turn|15
|
|t:|1758945877
|move|p1a: Darkrai|Dark Pulse|p2a: Garchomp
|-damage|p2a: Garchomp|0 fnt
|faint|p2a: Garchomp
|
|upkeep
|
|t:|1758945887
|switch|p2a: Best girl|Meloetta, shiny|100/100
|turn|16
|
|t:|1758945906
|move|p1a: Darkrai|Dark Pulse|p2a: Best girl
|-supereffective|p2a: Best girl
|-damage|p2a: Best girl|0 fnt
|faint|p2a: Best girl
|
|upkeep
|
|t:|1758945912
|switch|p2a: Meowscarada|Meowscarada, F, tera:Grass|35/100
|turn|17
|
|t:|1758945918
|move|p1a: Darkrai|Dark Pulse|p2a: Meowscarada
|-damage|p2a: Meowscarada|0 fnt
|faint|p2a: Meowscarada
|
|upkeep
|-message|LonelySxNner forfeited.
|
|win|Joof from space
|raw|Joof from space's rating: 1279 &rarr; <strong>1304</strong><br />(+25 for winning)
|raw|LonelySxNner's rating: 1282 &rarr; <strong>1257</strong><br />(-25 for losing)
|l|☆LonelySxNner
|player|p2|
|l|☆Joof from space
|player|p1|
