|j|☆piranho70yt
|j|☆yolopirate223
|t:|1758987383
|gametype|singles
|player|p1|piranho70yt|red|
|player|p2|yolopirate223|170|
|gen|9
|tier|[Gen 9] OU
|rule|HP Percentage Mod: HP is shown in percentages
|rule|Endless Battle Clause: Forcing endless battles is banned
|rule|Species Clause: Limit one of each Pokémon
|rule|OHKO Clause: OHKO moves are banned
|rule|Evasion Items Clause: Evasion items are banned
|rule|Evasion Moves Clause: Evasion moves are banned
|rule|Evasion Abilities Clause: Evasion abilities are banned
|rule|Sleep Moves Clause: Sleep-inducing moves are banned
|clearpoke
|poke|p1|Feraligatr, M|
|poke|p1|Heracross, M|
|poke|p1|Espeon, F|
|poke|p1|Magmortar, M|
|poke|p1|Pikachu-Partner, M|
|poke|p1|Rhydon, M|
|poke|p2|Charizard, M|
|poke|p2|Garchomp, M|
|poke|p2|Gengar, M|
|poke|p2|Swampert, F|
|poke|p2|Metagross|
|poke|p2|Blaziken, M|
|teampreview
|c|☆piranho70yt|Namaste
|
|t:|1758987397
|teamsize|p1|6
|teamsize|p2|6
|start
|switch|p1a: Rhydon|Rhydon, M|100/100
|switch|p2a: Gengar|Gengar, M|100/100
|turn|1
|
|t:|1758987408
|-terastallize|p1a: Rhydon|Ground
|move|p2a: Gengar|Destiny Bond|p2a: Gengar
|-singlemove|p2a: Gengar|Destiny Bond
|move|p1a: Rhydon|Thunder|p2a: Gengar
|-damage|p2a: Gengar|67/100
|
|upkeep
|turn|2
|
|t:|1758987417
|move|p2a: Gengar|Drain Punch|p1a: Rhydon
|-damage|p1a: Rhydon|91/100
|-heal|p2a: Gengar|74/100|[from] drain|[of] p1a: Rhydon
|move|p1a: Rhydon|Meteor Beam||[still]
|-prepare|p1a: Rhydon|Meteor Beam
|-boost|p1a: Rhydon|spa|1
|
|upkeep
|turn|3
|
|t:|1758987427
|move|p2a: Gengar|Shadow Ball|p1a: Rhydon
|-damage|p1a: Rhydon|36/100
|move|p1a: Rhydon|Meteor Beam|p2a: Gengar|[from] lockedmove|[miss]
|-miss|p1a: Rhydon|p2a: Gengar
|
|upkeep
|turn|4
|
|t:|1758987435
|move|p2a: Gengar|Sucker Punch|p1a: Rhydon
|-damage|p1a: Rhydon|27/100
|move|p1a: Rhydon|Thunder|p2a: Gengar
|-damage|p2a: Gengar|30/100
|
|upkeep
|turn|5
|
|t:|1758987450
|move|p2a: Gengar|Drain Punch|p1a: Rhydon
|-damage|p1a: Rhydon|17/100
|-heal|p2a: Gengar|37/100|[from] drain|[of] p1a: Rhydon
|move|p1a: Rhydon|Thunder|p2a: Gengar|[miss]
|-miss|p1a: Rhydon|p2a: Gengar
|
|upkeep
|turn|6
|
|t:|1758987461
|move|p2a: Gengar|Drain Punch|p1a: Rhydon
|-damage|p1a: Rhydon|7/100
|-heal|p2a: Gengar|45/100|[from] drain|[of] p1a: Rhydon
|move|p1a: Rhydon|Thunder|p2a: Gengar
|-damage|p2a: Gengar|0 fnt
|-start|p1a: Rhydon|Disable|Thunder|[from] ability: Cursed Body|[of] p2a: Gengar
|faint|p2a: Gengar
|
|upkeep
|
|t:|1758987473
|switch|p2a: Swampert|Swampert, F|100/100
|turn|7
|
|t:|1758987477
|move|p2a: Swampert|Earthquake|p1a: Rhydon
|-damage|p1a: Rhydon|0 fnt
|faint|p1a: Rhydon
|
|upkeep
|
|t:|1758987490
|switch|p1a: Pikachu|Pikachu-Partner, M|100/100
|turn|8
|
|t:|1758987496
|move|p1a: Pikachu|Grass Knot|p2a: Swampert
|-supereffective|p2a: Swampert
|-damage|p2a: Swampert|23/100
|move|p2a: Swampert|Earthquake|p1a: Pikachu
|-supereffective|p1a: Pikachu
|-damage|p1a: Pikachu|0 fnt
|faint|p1a: Pikachu
|
|upkeep
|
|t:|1758987503
|switch|p1a: Feraligatr|Feraligatr, M|100/100
|turn|9
|
|t:|1758987508
|move|p2a: Swampert|Earthquake|p1a: Feraligatr
|-damage|p1a: Feraligatr|59/100
|move|p1a: Feraligatr|Avalanche|p2a: Swampert
|-damage|p2a: Swampert|0 fnt
|faint|p2a: Swampert
|
|upkeep
|
|t:|1758987518
|switch|p2a: Metagross|Metagross|100/100
|-item|p2a: Metagross|Air Balloon
|turn|10
|
|t:|1758987526
|move|p1a: Feraligatr|Crunch|p2a: Metagross
|-supereffective|p2a: Metagross
|-damage|p2a: Metagross|67/100
|-enditem|p2a: Metagross|Air Balloon
|move|p2a: Metagross|Meteor Mash|p1a: Feraligatr
|-resisted|p1a: Feraligatr
|-damage|p1a: Feraligatr|39/100
|
|upkeep
|turn|11
|
|t:|1758987536
|move|p1a: Feraligatr|Crunch|p2a: Metagross
|-supereffective|p2a: Metagross
|-damage|p2a: Metagross|31/100
|move|p2a: Metagross|Earthquake|p1a: Feraligatr
|-damage|p1a: Feraligatr|9/100
|
|upkeep
|turn|12
|
|t:|1758987546
|move|p1a: Feraligatr|Focus Blast|p2a: Metagross
|-damage|p2a: Metagross|5/100
|move|p2a: Metagross|Psychic|p1a: Feraligatr
|-damage|p1a: Feraligatr|0 fnt
|faint|p1a: Feraligatr
|
|upkeep
|
|t:|1758987554
|switch|p1a: Magmortar|Magmortar, M|100/100
|turn|13
|
|t:|1758987564
|move|p1a: Magmortar|Thunderbolt|p2a: Metagross
|-damage|p2a: Metagross|0 fnt
|faint|p2a: Metagross
|
|upkeep
|
|t:|1758987569
|switch|p2a: Garchomp|Garchomp, M|100/100
|turn|14
|
|t:|1758987578
|move|p1a: Magmortar|Focus Blast|p2a: Garchomp
|-damage|p2a: Garchomp|74/100
|move|p2a: Garchomp|Earthquake|p1a: Magmortar
|-supereffective|p1a: Magmortar
|-damage|p1a: Magmortar|0 fnt
|faint|p1a: Magmortar
|
|upkeep
|
|t:|1758987585
|switch|p1a: Espeon|Espeon, F|100/100
|turn|15
|
|t:|1758987590
|move|p1a: Espeon|Alluring Voice|p2a: Garchomp
|-supereffective|p2a: Garchomp
|-damage|p2a: Garchomp|37/100
|move|p2a: Garchomp|Shadow Claw|p1a: Espeon
|-supereffective|p1a: Espeon
|-damage|p1a: Espeon|22/100
|
|upkeep
|turn|16
|
|t:|1758987597
|move|p1a: Espeon|Psychic|p2a: Garchomp
|-crit|p2a: Garchomp
|-damage|p2a: Garchomp|0 fnt
|faint|p2a: Garchomp
|
|upkeep
|
|t:|1758987603
|switch|p2a: Charizard|Charizard, M|100/100
|turn|17
|
|t:|1758987608
|move|p1a: Espeon|Power Gem|p2a: Charizard
|-supereffective|p2a: Charizard
|-enditem|p2a: Charizard|Focus Sash
|-damage|p2a: Charizard|1/100
|move|p2a: Charizard|Flamethrower|p1a: Espeon
|-damage|p1a: Espeon|0 fnt
|faint|p1a: Espeon
|
|upkeep
|
|t:|1758987616
|switch|p1a: Heracross|Heracross, M|100/100
|turn|18
|
|t:|1758987619
|move|p1a: Heracross|Rock Slide|p2a: Charizard
|-supereffective|p2a: Charizard
|-damage|p2a: Charizard|0 fnt
|faint|p2a: Charizard
|-ability|p1a: Heracross|Moxie|boost
|-boost|p1a: Heracross|atk|1
|
|upkeep
|
|t:|1758987627
|switch|p2a: Blaziken|Blaziken, M|100/100
|-item|p2a: Blaziken|Air Balloon
|turn|19
|
|t:|1758987633
|move|p1a: Heracross|Close Combat|p2a: Blaziken
|-damage|p2a: Blaziken|0 fnt
|-unboost|p1a: Heracross|def|1
|-unboost|p1a: Heracross|spd|1
|-enditem|p2a: Blaziken|Air Balloon
|faint|p2a: Blaziken
|
|win|piranho70yt
|l|☆yolopirate223
|player|p2|
