|j|☆thatfungee
|j|☆stephadobo
|t:|1759030091
|gametype|singles
|player|p1|thatfungee|dawn-gen4pt|1060
|player|p2|stephadobo|170|1089
|gen|9
|tier|[Gen 9] OU
|rated|
|rule|HP Percentage Mod: HP is shown in percentages
|rule|Endless Battle Clause: Forcing endless battles is banned
|rule|Species Clause: Limit one of each Pokémon
|rule|OHKO Clause: OHKO moves are banned
|rule|Evasion Items Clause: Evasion items are banned
|rule|Evasion Moves Clause: Evasion moves are banned
|rule|Evasion Abilities Clause: Evasion abilities are banned
|rule|Sleep Moves Clause: Sleep-inducing moves are banned
|clearpoke
|poke|p1|Vaporeon, M|
|poke|p1|Diancie|
|poke|p1|Magnezone|
|poke|p1|Pecharunt|
|poke|p1|Conkeldurr, F|
|poke|p1|Dragonite, M|
|poke|p2|Dragonite, M|
|poke|p2|Kingambit, F|
|poke|p2|Gliscor, F|
|poke|p2|Clodsire, M|
|poke|p2|Heatran, F|
|poke|p2|Corviknight, F|
|teampreview
|inactive|Battle timer is ON: inactive players will automatically lose when time's up. (requested by stephadobo)
|
|t:|1759030096
|teamsize|p1|6
|teamsize|p2|6
|start
|switch|p1a: Conkeldurr|Conkeldurr, F|100/100
|switch|p2a: Clodsire|Clodsire, M|100/100
|turn|1
|
|t:|1759030109
|move|p1a: Conkeldurr|Earthquake|p2a: Clodsire
|-supereffective|p2a: Clodsire
|-crit|p2a: Clodsire
|-damage|p2a: Clodsire|0 fnt
|faint|p2a: Clodsire
|
|upkeep
|
|t:|1759030115
|switch|p2a: Corviknight|Corviknight, F|100/100
|-ability|p2a: Corviknight|Pressure
|turn|2
|
|t:|1759030126
|switch|p1a: Diancie|Diancie|100/100
|move|p2a: Corviknight|Brave Bird|p1a: Diancie
|-resisted|p1a: Diancie
|-damage|p1a: Diancie|87/100
|-damage|p2a: Corviknight|84/100|[from] item: Rocky Helmet|[of] p1a: Diancie
|-damage|p2a: Corviknight|80/100|[from] Recoil
|
|upkeep
|turn|3
|
|t:|1759030139
|move|p2a: Corviknight|Roost|p2a: Corviknight
|-heal|p2a: Corviknight|100/100
|-singleturn|p2a: Corviknight|move: Roost
|move|p1a: Diancie|Diamond Storm|p2a: Corviknight
|-resisted|p2a: Corviknight
|-damage|p2a: Corviknight|84/100
|-boost|p1a: Diancie|def|2
|
|upkeep
|turn|4
|
|t:|1759030152
|move|p2a: Corviknight|U-turn|p1a: Diancie
|-resisted|p1a: Diancie
|-damage|p1a: Diancie|83/100
|-damage|p2a: Corviknight|67/100|[from] item: Rocky Helmet|[of] p1a: Diancie
|
|t:|1759030157
|switch|p2a: Gliscor|Gliscor, F|100/100|[from] U-turn
|move|p1a: Diancie|Diamond Storm|p2a: Gliscor
|-damage|p2a: Gliscor|69/100
|
|-status|p2a: Gliscor|tox|[from] item: Toxic Orb
|upkeep
|turn|5
|
|t:|1759030168
|move|p2a: Gliscor|Knock Off|p1a: Diancie
|-resisted|p1a: Diancie
|-damage|p1a: Diancie|79/100
|-damage|p2a: Gliscor|52/100 tox|[from] item: Rocky Helmet|[of] p1a: Diancie
|-enditem|p1a: Diancie|Rocky Helmet|[from] move: Knock Off|[of] p2a: Gliscor
|move|p1a: Diancie|Stealth Rock|p2a: Gliscor
|-sidestart|p2: stephadobo|move: Stealth Rock
|
|-heal|p2a: Gliscor|65/100 tox|[from] ability: Poison Heal
|upkeep
|turn|6
|
|t:|1759030181
|move|p2a: Gliscor|Earthquake|p1a: Diancie
|-supereffective|p1a: Diancie
|-damage|p1a: Diancie|53/100
|move|p1a: Diancie|Diamond Storm|p2a: Gliscor
|-damage|p2a: Gliscor|37/100 tox
|
|-heal|p2a: Gliscor|50/100 tox|[from] ability: Poison Heal
|upkeep
|turn|7
|
|t:|1759030191
|move|p2a: Gliscor|Earthquake|p1a: Diancie
|-supereffective|p1a: Diancie
|-damage|p1a: Diancie|27/100
|move|p1a: Diancie|Diamond Storm|p2a: Gliscor
|-damage|p2a: Gliscor|21/100 tox
|
|-heal|p2a: Gliscor|33/100 tox|[from] ability: Poison Heal
|upkeep
|turn|8
|
|t:|1759030204
|switch|p2a: Heatran|Heatran, F|100/100
|-damage|p2a: Heatran|88/100|[from] Stealth Rock
|switch|p1a: Magnezone|Magnezone|100/100
|-item|p1a: Magnezone|Air Balloon
|
|-heal|p2a: Heatran|94/100|[from] item: Leftovers
|upkeep
|turn|9
|inactive|thatfungee has 120 seconds left.
|
|t:|1759030238
|-terastallize|p1a: Magnezone|Psychic
|move|p2a: Heatran|Magma Storm|p1a: Magnezone|[miss]
|-miss|p2a: Heatran|p1a: Magnezone
|move|p1a: Magnezone|Discharge|p2a: Heatran
|-damage|p2a: Heatran|61/100
|
|-heal|p2a: Heatran|68/100|[from] item: Leftovers
|upkeep
|turn|10
|
|t:|1759030248
|move|p2a: Heatran|Magma Storm|p1a: Magnezone
|-damage|p1a: Magnezone|56/100
|-activate|p1a: Magnezone|move: Magma Storm|[of] p2a: Heatran
|-enditem|p1a: Magnezone|Air Balloon
|move|p1a: Magnezone|Discharge|p2a: Heatran
|-damage|p2a: Heatran|37/100
|
|-heal|p2a: Heatran|43/100|[from] item: Leftovers
|-damage|p1a: Magnezone|44/100|[from] move: Magma Storm|[partiallytrapped]
|upkeep
|turn|11
|
|t:|1759030260
|move|p2a: Heatran|Protect|p2a: Heatran
|-singleturn|p2a: Heatran|Protect
|move|p1a: Magnezone|Discharge|p2a: Heatran
|-activate|p2a: Heatran|move: Protect
|
|-heal|p2a: Heatran|49/100|[from] item: Leftovers
|-damage|p1a: Magnezone|31/100|[from] move: Magma Storm|[partiallytrapped]
|upkeep
|turn|12
|
|t:|1759030273
|move|p2a: Heatran|Magma Storm|p1a: Magnezone|[miss]
|-miss|p2a: Heatran|p1a: Magnezone
|move|p1a: Magnezone|Discharge|p2a: Heatran
|-damage|p2a: Heatran|19/100
|-status|p2a: Heatran|par
|
|-heal|p2a: Heatran|26/100 par|[from] item: Leftovers
|-damage|p1a: Magnezone|19/100|[from] move: Magma Storm|[partiallytrapped]
|upkeep
|turn|13
|
|t:|1759030284
|cant|p2a: Heatran|par
|move|p1a: Magnezone|Discharge|p2a: Heatran
|-damage|p2a: Heatran|0 fnt
|faint|p2a: Heatran
|
|-end|p1a: Magnezone|Magma Storm|[partiallytrapped]|[silent]
|upkeep
|
|t:|1759030292
|switch|p2a: Corviknight|Corviknight, F|67/100
|-damage|p2a: Corviknight|55/100|[from] Stealth Rock
|-ability|p2a: Corviknight|Pressure
|turn|14
|
|t:|1759030298
|switch|p2a: Dragonite|Dragonite, M|100/100
|move|p1a: Magnezone|Discharge|p2a: Dragonite
|-damage|p2a: Dragonite|78/100
|-status|p2a: Dragonite|par
|
|upkeep
|turn|15
|
|t:|1759030307
|-terastallize|p2a: Dragonite|Normal
|move|p1a: Magnezone|Flash Cannon|p2a: Dragonite
|-damage|p2a: Dragonite|31/100 par
|move|p2a: Dragonite|Fire Punch|p1a: Magnezone
|-damage|p1a: Magnezone|0 fnt
|faint|p1a: Magnezone
|
|upkeep
|
|t:|1759030316
|switch|p1a: Conkeldurr|Conkeldurr, F|100/100
|turn|16
|
|t:|1759030320
|switch|p2a: Corviknight|Corviknight, F|55/100
|-damage|p2a: Corviknight|43/100|[from] Stealth Rock
|-ability|p2a: Corviknight|Pressure
|move|p1a: Conkeldurr|Drain Punch|p2a: Corviknight
|-damage|p2a: Corviknight|0 fnt
|-damage|p1a: Conkeldurr|84/100|[from] item: Rocky Helmet|[of] p2a: Corviknight
|faint|p2a: Corviknight
|
|upkeep
|
|t:|1759030323
|switch|p2a: Gliscor|Gliscor, F|33/100 tox
|-damage|p2a: Gliscor|21/100 tox|[from] Stealth Rock
|turn|17
|
|t:|1759030333
|move|p2a: Gliscor|Toxic|p1a: Conkeldurr
|-status|p1a: Conkeldurr|tox
|move|p1a: Conkeldurr|Drain Punch|p2a: Gliscor
|-resisted|p2a: Gliscor
|-damage|p2a: Gliscor|0 fnt
|-heal|p1a: Conkeldurr|93/100 tox|[from] drain|[of] p2a: Gliscor
|faint|p2a: Gliscor
|
|-damage|p1a: Conkeldurr|86/100 tox|[from] psn
|upkeep
|
|t:|1759030339
|switch|p2a: Dragonite|Dragonite, M, tera:Normal|31/100 par
|turn|18
|
|t:|1759030346
|move|p2a: Dragonite|Earthquake|p1a: Conkeldurr
|-damage|p1a: Conkeldurr|56/100 tox
|move|p1a: Conkeldurr|Drain Punch|p2a: Dragonite
|-supereffective|p2a: Dragonite
|-damage|p2a: Dragonite|0 fnt
|-heal|p1a: Conkeldurr|68/100 tox|[from] drain|[of] p2a: Dragonite
|faint|p2a: Dragonite
|
|-damage|p1a: Conkeldurr|56/100 tox|[from] psn
|upkeep
|
|t:|1759030349
|switch|p2a: Kingambit|Kingambit, F|100/100
|-damage|p2a: Kingambit|94/100|[from] Stealth Rock
|-activate|p2a: Kingambit|ability: Supreme Overlord
|-start|p2a: Kingambit|fallen5|[silent]
|turn|19
|
|t:|1759030360
|move|p2a: Kingambit|Sucker Punch|p1a: Conkeldurr
|-resisted|p1a: Conkeldurr
|-damage|p1a: Conkeldurr|24/100 tox
|move|p1a: Conkeldurr|Drain Punch|p2a: Kingambit
|-supereffective|p2a: Kingambit
|-damage|p2a: Kingambit|0 fnt
|-heal|p1a: Conkeldurr|70/100 tox|[from] drain|[of] p2a: Kingambit
|faint|p2a: Kingambit
|-end|p2a: Kingambit|fallen5|[silent]
|
|win|thatfungee
|raw|thatfungee's rating: 1060 &rarr; <strong>1094</strong><br />(+34 for winning)
|raw|stephadobo's rating: 1089 &rarr; <strong>1064</strong><br />(-25 for losing)
|l|☆stephadobo
|player|p2|
