|j|☆munty12
|j|☆SwiftLove
|t:|1759036285
|gametype|singles
|player|p1|munty12|1|1319
|player|p2|SwiftLove|perrin|1347
|gen|9
|tier|[Gen 9] OU
|rated|
|rule|HP Percentage Mod: HP is shown in percentages
|rule|Endless Battle Clause: Forcing endless battles is banned
|rule|Species Clause: Limit one of each Pokémon
|rule|OHKO Clause: OHKO moves are banned
|rule|Evasion Items Clause: Evasion items are banned
|rule|Evasion Moves Clause: Evasion moves are banned
|rule|Evasion Abilities Clause: Evasion abilities are banned
|rule|Sleep Moves Clause: Sleep-inducing moves are banned
|clearpoke
|poke|p1|Gallade, M|
|poke|p1|Rotom-Wash|
|poke|p1|Empoleon, F|
|poke|p1|Breloom, M|
|poke|p1|Palossand, F|
|poke|p1|Scizor, M|
|poke|p2|Hawlucha, F|
|poke|p2|Rillaboom, F|
|poke|p2|Iron Moth|
|poke|p2|Glimmora, F|
|poke|p2|Dragapult, M|
|poke|p2|Raging Bolt|
|teampreview
|
|t:|1759036293
|teamsize|p1|6
|teamsize|p2|6
|start
|switch|p1a: Rotom|Rotom-Wash|100/100
|switch|p2a: Change Service|Glimmora, F|100/100
|turn|1
|
|t:|1759036301
|move|p2a: Change Service|Stealth Rock|p1a: Rotom
|-sidestart|p1: munty12|move: Stealth Rock
|move|p1a: Rotom|Hydro Pump|p2a: Change Service
|-supereffective|p2a: Change Service
|-damage|p2a: Change Service|0 fnt
|faint|p2a: Change Service
|
|upkeep
|
|t:|1759036306
|switch|p2a: MF Boom|Rillaboom, F|100/100
|-fieldstart|move: Grassy Terrain|[from] ability: Grassy Surge|[of] p2a: MF Boom
|turn|2
|
|t:|1759036321
|switch|p1a: Scizor|Scizor, M|100/100
|-damage|p1a: Scizor|88/100|[from] Stealth Rock
|move|p2a: MF Boom|Knock Off|p1a: Scizor
|-damage|p1a: Scizor|34/100
|-enditem|p1a: Scizor|Leftovers|[from] move: Knock Off|[of] p2a: MF Boom
|
|-heal|p1a: Scizor|40/100|[from] Grassy Terrain
|upkeep
|turn|3
|
|t:|1759036331
|move|p2a: MF Boom|Knock Off|p1a: Scizor
|-damage|p1a: Scizor|4/100
|move|p1a: Scizor|Defog|p2a: MF Boom
|-unboost|p2a: MF Boom|evasion|1
|-sideend|p1: munty12|Stealth Rock|[from] move: Defog|[of] p1a: Scizor
|-fieldend|move: Grassy Terrain
|
|upkeep
|turn|4
|
|t:|1759036340
|move|p1a: Scizor|Bullet Punch|p2a: MF Boom
|-damage|p2a: MF Boom|65/100
|move|p2a: MF Boom|Knock Off|p1a: Scizor
|-damage|p1a: Scizor|0 fnt
|faint|p1a: Scizor
|
|upkeep
|
|t:|1759036365
|switch|p1a: Gallade|Gallade, M, shiny|100/100
|turn|5
|
|t:|1759036373
|switch|p2a: Frightfest 2019|Dragapult, M|100/100
|move|p1a: Gallade|Sacred Sword|p2a: Frightfest 2019
|-immune|p2a: Frightfest 2019
|
|upkeep
|turn|6
|
|t:|1759036379
|switch|p1a: Empoleon|Empoleon, F|100/100
|move|p2a: Frightfest 2019|Will-O-Wisp|p1a: Empoleon
|-status|p1a: Empoleon|brn
|
|-damage|p1a: Empoleon|94/100 brn|[from] brn
|upkeep
|turn|7
|
|t:|1759036388
|move|p2a: Frightfest 2019|Hex|p1a: Empoleon
|-damage|p1a: Empoleon|63/100 brn
|move|p1a: Empoleon|Ice Beam|p2a: Frightfest 2019
|-supereffective|p2a: Frightfest 2019
|-damage|p2a: Frightfest 2019|28/100
|
|-damage|p1a: Empoleon|57/100 brn|[from] brn
|upkeep
|turn|8
|
|t:|1759036392
|move|p2a: Frightfest 2019|U-turn|p1a: Empoleon
|-resisted|p1a: Empoleon
|-damage|p1a: Empoleon|46/100 brn
|
|t:|1759036395
|switch|p2a: Iron Moth|Iron Moth|100/100|[from] U-turn
|-enditem|p2a: Iron Moth|Booster Energy
|-activate|p2a: Iron Moth|ability: Quark Drive|[fromitem]
|-start|p2a: Iron Moth|quarkdrivespe
|move|p1a: Empoleon|Ice Beam|p2a: Iron Moth
|-resisted|p2a: Iron Moth
|-damage|p2a: Iron Moth|86/100
|
|-damage|p1a: Empoleon|40/100 brn|[from] brn
|upkeep
|turn|9
|
|t:|1759036424
|move|p2a: Iron Moth|Substitute|p2a: Iron Moth
|-start|p2a: Iron Moth|Substitute
|-damage|p2a: Iron Moth|61/100
|move|p1a: Empoleon|Surf|p2a: Iron Moth
|-supereffective|p2a: Iron Moth
|-end|p2a: Iron Moth|Substitute
|
|-damage|p1a: Empoleon|34/100 brn|[from] brn
|upkeep
|turn|10
|
|t:|1759036428
|move|p2a: Iron Moth|Fiery Dance|p1a: Empoleon
|-damage|p1a: Empoleon|13/100 brn
|-boost|p2a: Iron Moth|spa|1
|move|p1a: Empoleon|Surf|p2a: Iron Moth
|-supereffective|p2a: Iron Moth
|-damage|p2a: Iron Moth|0 fnt
|faint|p2a: Iron Moth
|-end|p2a: Iron Moth|Quark Drive|[silent]
|
|-damage|p1a: Empoleon|7/100 brn|[from] brn
|upkeep
|
|t:|1759036436
|switch|p2a: MF Boom|Rillaboom, F|65/100
|-fieldstart|move: Grassy Terrain|[from] ability: Grassy Surge|[of] p2a: MF Boom
|turn|11
|
|t:|1759036449
|move|p2a: MF Boom|Grassy Glide|p1a: Empoleon
|-damage|p1a: Empoleon|0 fnt
|faint|p1a: Empoleon
|
|-heal|p2a: MF Boom|71/100|[from] Grassy Terrain
|upkeep
|
|t:|1759036458
|switch|p1a: Breloom|Breloom, M|100/100
|turn|12
|
|t:|1759036471
|-terastallize|p2a: MF Boom|Grass
|move|p2a: MF Boom|Grassy Glide|p1a: Breloom
|-resisted|p1a: Breloom
|-damage|p1a: Breloom|41/100
|move|p1a: Breloom|Bullet Seed|p2a: MF Boom
|-resisted|p2a: MF Boom
|-damage|p2a: MF Boom|50/100
|-resisted|p2a: MF Boom
|-damage|p2a: MF Boom|28/100
|-resisted|p2a: MF Boom
|-damage|p2a: MF Boom|5/100
|-resisted|p2a: MF Boom
|-damage|p2a: MF Boom|0 fnt
|faint|p2a: MF Boom
|-hitcount|p2: MF Boom|4
|
|-heal|p1a: Breloom|47/100|[from] Grassy Terrain
|upkeep
|
|t:|1759036479
|switch|p2a: Rusty Haze|Hawlucha, F|100/100
|-enditem|p2a: Rusty Haze|Grassy Seed
|-boost|p2a: Rusty Haze|def|1|[from] item: Grassy Seed
|turn|13
|
|t:|1759036496
|switch|p1a: Rotom|Rotom-Wash|100/100
|move|p2a: Rusty Haze|Acrobatics|p1a: Rotom
|-resisted|p1a: Rotom
|-damage|p1a: Rotom|65/100
|
|upkeep
|turn|14
|
|t:|1759036517
|switch|p2a: Last Dinosaur|Raging Bolt|100/100
|-enditem|p2a: Last Dinosaur|Booster Energy
|-activate|p2a: Last Dinosaur|ability: Protosynthesis|[fromitem]
|-start|p2a: Last Dinosaur|protosynthesisspa
|move|p1a: Rotom|Volt Switch|p2a: Last Dinosaur
|-resisted|p2a: Last Dinosaur
|-damage|p2a: Last Dinosaur|88/100
|
|t:|1759036533
|switch|p1a: Breloom|Breloom, M|47/100|[from] Volt Switch
|
|-heal|p2a: Last Dinosaur|94/100|[from] Grassy Terrain
|-heal|p1a: Breloom|54/100|[from] Grassy Terrain
|upkeep
|turn|15
|
|t:|1759036544
|move|p1a: Breloom|Mach Punch|p2a: Last Dinosaur
|-damage|p2a: Last Dinosaur|44/100
|move|p2a: Last Dinosaur|Dragon Pulse|p1a: Breloom
|-damage|p1a: Breloom|0 fnt
|faint|p1a: Breloom
|
|-heal|p2a: Last Dinosaur|50/100|[from] Grassy Terrain
|-fieldend|move: Grassy Terrain
|upkeep
|
|t:|1759036560
|switch|p1a: Gallade|Gallade, M, shiny|100/100
|turn|16
|
|t:|1759036570
|-terastallize|p1a: Gallade|Fairy
|move|p2a: Last Dinosaur|Thunderclap|p1a: Gallade
|-damage|p1a: Gallade|44/100
|move|p1a: Gallade|Psycho Cut|p2a: Last Dinosaur
|-damage|p2a: Last Dinosaur|0 fnt
|faint|p2a: Last Dinosaur
|-end|p2a: Last Dinosaur|Protosynthesis|[silent]
|
|upkeep
|
|t:|1759036582
|switch|p2a: Rusty Haze|Hawlucha, F|100/100
|turn|17
|
|t:|1759036587
|move|p1a: Gallade|Psycho Cut|p2a: Rusty Haze
|-supereffective|p2a: Rusty Haze
|-damage|p2a: Rusty Haze|0 fnt
|faint|p2a: Rusty Haze
|
|upkeep
|
|t:|1759036590
|switch|p2a: Frightfest 2019|Dragapult, M|28/100
|turn|18
|
|t:|1759036595
|move|p2a: Frightfest 2019|Hex|p1a: Gallade
|-damage|p1a: Gallade|14/100
|move|p1a: Gallade|Psycho Cut|p2a: Frightfest 2019
|-damage|p2a: Frightfest 2019|0 fnt
|faint|p2a: Frightfest 2019
|
|win|munty12
|raw|munty12's rating: 1319 &rarr; <strong>1341</strong><br />(+22 for winning)
|raw|SwiftLove's rating: 1347 &rarr; <strong>1325</strong><br />(-22 for losing)
|l|☆SwiftLove
|player|p2|
|l|☆munty12
|player|p1|
