|j|☆lildreamer32
|j|☆SupaJello
|inactive|Battle timer is ON: inactive players will automatically lose when time's up.
|t:|1759010274
|gametype|singles
|player|p1|lildreamer32|leaf-masters|
|player|p2|SupaJello|hilbert|
|gen|9
|tier|[Gen 9] OU
|rated|Tournament battle
|rule|HP Percentage Mod: HP is shown in percentages
|rule|Endless Battle Clause: Forcing endless battles is banned
|rule|Species Clause: Limit one of each Pokémon
|rule|OHKO Clause: OHKO moves are banned
|rule|Evasion Items Clause: Evasion items are banned
|rule|Evasion Moves Clause: Evasion moves are banned
|rule|Evasion Abilities Clause: Evasion abilities are banned
|rule|Sleep Moves Clause: Sleep-inducing moves are banned
|raw|<div class="infobox"><details class="readmore" open><summary><strong>1 custom rule:</strong></summary> -wobbuffet</details></div>
|clearpoke
|poke|p1|Gastrodon, F|
|poke|p1|Hypno, F|
|poke|p1|Slugma, M|
|poke|p2|Toedscruel, M|
|poke|p2|Qwilfish-Hisui, M|
|poke|p2|Kilowattrel, F|
|teampreview
|j|*Lady Monita ☀
|inactive|SupaJello also wants the timer to be on.
|inactive|lildreamer32 also wants the timer to be on.
|j| Thelord3
|
|t:|1759010286
|teamsize|p1|3
|teamsize|p2|3
|start
|switch|p1a: Slugma|Slugma, M|100/100
|switch|p2a: Qwilfish|Qwilfish-Hisui, M|100/100
|turn|1
|
|t:|1759010292
|move|p2a: Qwilfish|Toxic Spikes|p1a: Slugma
|-sidestart|p1: lildreamer32|move: Toxic Spikes
|move|p1a: Slugma|Stealth Rock|p2a: Qwilfish
|-sidestart|p2: SupaJello|move: Stealth Rock
|
|upkeep
|turn|2
|
|t:|1759010303
|move|p2a: Qwilfish|Toxic Spikes|p1a: Slugma
|-sidestart|p1: lildreamer32|move: Toxic Spikes
|move|p1a: Slugma|Earth Power|p2a: Qwilfish
|-supereffective|p2a: Qwilfish
|-damage|p2a: Qwilfish|49/100
|
|upkeep
|turn|3
|
|t:|1759010308
|move|p2a: Qwilfish|Spikes|p1a: Slugma
|-sidestart|p1: lildreamer32|Spikes
|move|p1a: Slugma|Earth Power|p2a: Qwilfish
|-supereffective|p2a: Qwilfish
|-damage|p2a: Qwilfish|0 fnt
|faint|p2a: Qwilfish
|
|upkeep
|
|t:|1759010310
|switch|p2a: Toedscruel|Toedscruel, M|100/100
|-damage|p2a: Toedscruel|94/100|[from] Stealth Rock
|turn|4
|
|t:|1759010315
|move|p2a: Toedscruel|Earth Power|p1a: Slugma
|-supereffective|p1a: Slugma
|-enditem|p1a: Slugma|Focus Sash
|-damage|p1a: Slugma|1/100
|move|p1a: Slugma|Lava Plume|p2a: Toedscruel
|-supereffective|p2a: Toedscruel
|-damage|p2a: Toedscruel|43/100
|
|-heal|p2a: Toedscruel|49/100|[from] item: Leftovers
|upkeep
|turn|5
|
|t:|1759010321
|move|p2a: Toedscruel|Earth Power|p1a: Slugma
|-supereffective|p1a: Slugma
|-damage|p1a: Slugma|0 fnt
|faint|p1a: Slugma
|
|-heal|p2a: Toedscruel|55/100|[from] item: Leftovers
|upkeep
|
|t:|1759010327
|switch|p1a: Hypno|Hypno, F|100/100
|-status|p1a: Hypno|tox
|-damage|p1a: Hypno|88/100 tox|[from] Spikes
|-activate|p1a: Hypno|ability: Forewarn|Earth Power|[of] p2a: Toedscruel
|turn|6
|
|t:|1759010336
|move|p1a: Hypno|Psychic|p2a: Toedscruel
|-damage|p2a: Toedscruel|22/100
|-damage|p1a: Hypno|78/100 tox|[from] item: Life Orb
|move|p2a: Toedscruel|Light Screen|p2a: Toedscruel
|-sidestart|p2: SupaJello|move: Light Screen
|
|-heal|p2a: Toedscruel|28/100|[from] item: Leftovers
|-damage|p1a: Hypno|72/100 tox|[from] psn
|upkeep
|turn|7
|
|t:|1759010345
|move|p2a: Toedscruel|Giga Drain|p1a: Hypno
|-damage|p1a: Hypno|50/100 tox
|-heal|p2a: Toedscruel|39/100|[from] drain|[of] p1a: Hypno
|move|p1a: Hypno|Encore|p2a: Toedscruel
|-start|p2a: Toedscruel|Encore
|
|-heal|p2a: Toedscruel|45/100|[from] item: Leftovers
|-damage|p1a: Hypno|38/100 tox|[from] psn
|upkeep
|turn|8
|
|t:|1759010349
|move|p2a: Toedscruel|Giga Drain|p1a: Hypno
|-damage|p1a: Hypno|15/100 tox
|-heal|p2a: Toedscruel|57/100|[from] drain|[of] p1a: Hypno
|move|p1a: Hypno|Psychic|p2a: Toedscruel
|-damage|p2a: Toedscruel|38/100
|-damage|p1a: Hypno|6/100 tox|[from] item: Life Orb
|
|-heal|p2a: Toedscruel|44/100|[from] item: Leftovers
|-damage|p1a: Hypno|0 fnt|[from] psn
|faint|p1a: Hypno
|upkeep
|
|t:|1759010352
|switch|p1a: Gastrodon|Gastrodon, F|100/100
|-status|p1a: Gastrodon|tox
|-damage|p1a: Gastrodon|88/100 tox|[from] Spikes
|turn|9
|
|t:|1759010358
|-terastallize|p1a: Gastrodon|Ground
|move|p2a: Toedscruel|Giga Drain|p1a: Gastrodon
|-supereffective|p1a: Gastrodon
|-damage|p1a: Gastrodon|57/100 tox
|-heal|p2a: Toedscruel|62/100|[from] drain|[of] p1a: Gastrodon
|move|p1a: Gastrodon|Liquidation|p2a: Toedscruel
|-damage|p2a: Toedscruel|32/100
|
|-heal|p2a: Toedscruel|38/100|[from] item: Leftovers
|-heal|p1a: Gastrodon|63/100 tox|[from] item: Leftovers
|-damage|p1a: Gastrodon|57/100 tox|[from] psn
|upkeep
|turn|10
|
|t:|1759010368
|move|p2a: Toedscruel|Giga Drain|p1a: Gastrodon
|-supereffective|p1a: Gastrodon
|-damage|p1a: Gastrodon|23/100 tox
|-heal|p2a: Toedscruel|58/100|[from] drain|[of] p1a: Gastrodon
|move|p1a: Gastrodon|Liquidation|p2a: Toedscruel
|-damage|p2a: Toedscruel|27/100
|
|-heal|p2a: Toedscruel|33/100|[from] item: Leftovers
|-heal|p1a: Gastrodon|29/100 tox|[from] item: Leftovers
|-damage|p1a: Gastrodon|17/100 tox|[from] psn
|-end|p2a: Toedscruel|Encore
|-sideend|p2: SupaJello|move: Light Screen
|upkeep
|turn|11
|
|t:|1759010370
|move|p2a: Toedscruel|Giga Drain|p1a: Gastrodon
|-supereffective|p1a: Gastrodon
|-damage|p1a: Gastrodon|0 fnt
|-heal|p2a: Toedscruel|43/100|[from] drain|[of] p1a: Gastrodon
|faint|p1a: Gastrodon
|
|win|SupaJello
|n|☆lildreamer32|lildreamer32
|n|☆SupaJello|supajello
|n|*Lady Monita ☀|ladymonita
|n| Thelord3|thelord3
|l|*Lady Monita ☀
|l|☆lildreamer32
|player|p1|
|l|☆SupaJello
|player|p2|
|j| yapusa
|l| yapusa
