|j|☆mdjdjdjjd
|j|☆Dffdsss
|t:|1758920130
|gametype|singles
|player|p1|mdjdjdjjd|266|1102
|player|p2|Dffdsss|hiker-gen4|1082
|gen|9
|tier|[Gen 9] OU
|rated|
|rule|HP Percentage Mod: HP is shown in percentages
|rule|Endless Battle Clause: Forcing endless battles is banned
|rule|Species Clause: Limit one of each Pokémon
|rule|OHKO Clause: OHKO moves are banned
|rule|Evasion Items Clause: Evasion items are banned
|rule|Evasion Moves Clause: Evasion moves are banned
|rule|Evasion Abilities Clause: Evasion abilities are banned
|rule|Sleep Moves Clause: Sleep-inducing moves are banned
|clearpoke
|poke|p1|Iron Treads|
|poke|p1|Gholdengo|
|poke|p1|Samurott-Hisui, F|
|poke|p1|Moltres|
|poke|p1|Zamazenta-*|
|poke|p1|Hydrapple, F|
|poke|p2|Kingambit, M|
|poke|p2|Slowking-Galar, F|
|poke|p2|Great Tusk|
|poke|p2|Kyurem|
|poke|p2|Iron Valiant|
|poke|p2|Iron Crown|
|teampreview
|
|t:|1758920154
|teamsize|p1|6
|teamsize|p2|6
|start
|switch|p1a: Gholdengo|Gholdengo|100/100
|switch|p2a: Great Tusk|Great Tusk|100/100
|turn|1
|
|t:|1758920164
|switch|p1a: Hydrapple|Hydrapple, F, shiny|100/100
|move|p2a: Great Tusk|Headlong Rush|p1a: Hydrapple
|-resisted|p1a: Hydrapple
|-damage|p1a: Hydrapple|84/100
|-unboost|p2a: Great Tusk|def|1
|-unboost|p2a: Great Tusk|spd|1
|
|upkeep
|turn|2
|
|t:|1758920173
|move|p2a: Great Tusk|Ice Spinner|p1a: Hydrapple
|-supereffective|p1a: Hydrapple
|-damage|p1a: Hydrapple|20/100
|move|p1a: Hydrapple|Earth Power|p2a: Great Tusk
|-damage|p2a: Great Tusk|41/100
|-unboost|p2a: Great Tusk|spd|1
|
|-heal|p2a: Great Tusk|47/100|[from] item: Leftovers
|upkeep
|turn|3
|
|t:|1758920178
|switch|p1a: Moltres|Moltres|100/100
|move|p2a: Great Tusk|Close Combat|p1a: Moltres
|-resisted|p1a: Moltres
|-damage|p1a: Moltres|79/100
|-unboost|p2a: Great Tusk|def|1
|-unboost|p2a: Great Tusk|spd|1
|
|-heal|p2a: Great Tusk|53/100|[from] item: Leftovers
|upkeep
|turn|4
|
|t:|1758920185
|-end|p2a: Great Tusk|Protosynthesis|[silent]
|switch|p2a: Slowking|Slowking-Galar, F|100/100
|switch|p1a: Hydrapple|Hydrapple, F, shiny|53/100
|
|upkeep
|turn|5
|
|t:|1758920188
|switch|p1a: Gholdengo|Gholdengo|100/100
|move|p2a: Slowking|Sludge Wave|p1a: Gholdengo
|-immune|p1a: Gholdengo
|
|upkeep
|turn|6
|
|t:|1758920200
|move|p1a: Gholdengo|Shadow Ball|p2a: Slowking
|-supereffective|p2a: Slowking
|-damage|p2a: Slowking|41/100
|move|p2a: Slowking|Flamethrower|p1a: Gholdengo
|-supereffective|p1a: Gholdengo
|-damage|p1a: Gholdengo|38/100
|
|-heal|p2a: Slowking|47/100|[from] item: Leftovers
|upkeep
|turn|7
|
|t:|1758920220
|switch|p2a: Kingambit|Kingambit, M|100/100
|move|p1a: Gholdengo|Shadow Ball|p2a: Kingambit
|-resisted|p2a: Kingambit
|-damage|p2a: Kingambit|82/100
|-unboost|p2a: Kingambit|spd|1
|
|upkeep
|turn|8
|
|t:|1758920225
|switch|p1a: Moltres|Moltres|79/100
|-end|p2a: Kingambit|fallenundefined|[silent]
|switch|p2a: Slowking|Slowking-Galar, F|80/100
|
|-heal|p2a: Slowking|87/100|[from] item: Leftovers
|upkeep
|turn|9
|
|t:|1758920231
|move|p1a: Moltres|U-turn|p2a: Slowking
|-damage|p2a: Slowking|73/100
|
|t:|1758920233
|switch|p1a: Samurott|Samurott-Hisui, F, shiny|100/100|[from] U-turn
|move|p2a: Slowking|Psychic Noise|p1a: Samurott
|-immune|p1a: Samurott
|
|-heal|p2a: Slowking|79/100|[from] item: Leftovers
|upkeep
|turn|10
|
|t:|1758920238
|switch|p2a: Great Tusk|Great Tusk|53/100
|move|p1a: Samurott|Ceaseless Edge|p2a: Great Tusk
|-resisted|p2a: Great Tusk
|-damage|p2a: Great Tusk|40/100
|-sidestart|p2: Dffdsss|Spikes
|
|-heal|p2a: Great Tusk|46/100|[from] item: Leftovers
|upkeep
|turn|11
|
|t:|1758920250
|switch|p1a: Moltres|Moltres|79/100
|move|p2a: Great Tusk|Rapid Spin|p1a: Moltres
|-damage|p1a: Moltres|66/100
|-boost|p2a: Great Tusk|spe|1
|-sideend|p2: Dffdsss|Spikes|[from] move: Rapid Spin|[of] p2a: Great Tusk
|
|-heal|p2a: Great Tusk|52/100|[from] item: Leftovers
|upkeep
|turn|12
|
|t:|1758920258
|-end|p2a: Great Tusk|Protosynthesis|[silent]
|switch|p2a: Slowking|Slowking-Galar, F|100/100
|move|p1a: Moltres|Roost|p1a: Moltres
|-heal|p1a: Moltres|100/100
|-singleturn|p1a: Moltres|move: Roost
|
|upkeep
|turn|13
|
|t:|1758920265
|move|p1a: Moltres|U-turn|p2a: Slowking
|-damage|p2a: Slowking|85/100
|
|t:|1758920268
|switch|p1a: Iron Treads|Iron Treads|100/100|[from] U-turn
|move|p2a: Slowking|Sludge Wave|p1a: Iron Treads
|-immune|p1a: Iron Treads
|
|-heal|p2a: Slowking|91/100|[from] item: Leftovers
|upkeep
|turn|14
|
|t:|1758920272
|move|p1a: Iron Treads|Earthquake|p2a: Slowking
|-supereffective|p2a: Slowking
|-damage|p2a: Slowking|11/100
|move|p2a: Slowking|Flamethrower|p1a: Iron Treads
|-supereffective|p1a: Iron Treads
|-damage|p1a: Iron Treads|53/100
|
|-heal|p1a: Iron Treads|59/100|[from] item: Leftovers
|-heal|p2a: Slowking|17/100|[from] item: Leftovers
|upkeep
|turn|15
|
|t:|1758920282
|switch|p2a: Great Tusk|Great Tusk|52/100
|move|p1a: Iron Treads|Knock Off|p2a: Great Tusk
|-resisted|p2a: Great Tusk
|-damage|p2a: Great Tusk|42/100
|-enditem|p2a: Great Tusk|Leftovers|[from] move: Knock Off|[of] p1a: Iron Treads
|
|-heal|p1a: Iron Treads|66/100|[from] item: Leftovers
|upkeep
|turn|16
|
|t:|1758920292
|-end|p1a: Iron Treads|Quark Drive|[silent]
|switch|p1a: Moltres|Moltres|100/100
|move|p2a: Great Tusk|Headlong Rush|p1a: Moltres
|-immune|p1a: Moltres
|
|upkeep
|turn|17
|
|t:|1758920297
|-end|p2a: Great Tusk|Protosynthesis|[silent]
|switch|p2a: Slowking|Slowking-Galar, F|50/100
|move|p1a: Moltres|U-turn|p2a: Slowking
|-damage|p2a: Slowking|34/100
|
|t:|1758920300
|switch|p1a: Iron Treads|Iron Treads|66/100|[from] U-turn
|
|-heal|p1a: Iron Treads|72/100|[from] item: Leftovers
|-heal|p2a: Slowking|40/100|[from] item: Leftovers
|upkeep
|turn|18
|
|t:|1758920302
|switch|p2a: Great Tusk|Great Tusk|42/100
|move|p1a: Iron Treads|Stealth Rock|p2a: Great Tusk
|-sidestart|p2: Dffdsss|move: Stealth Rock
|
|-heal|p1a: Iron Treads|78/100|[from] item: Leftovers
|upkeep
|turn|19
|
|t:|1758920305
|-end|p1a: Iron Treads|Quark Drive|[silent]
|switch|p1a: Moltres|Moltres|100/100
|move|p2a: Great Tusk|Headlong Rush|p1a: Moltres
|-immune|p1a: Moltres
|
|upkeep
|turn|20
|
|t:|1758920307
|move|p2a: Great Tusk|Rapid Spin|p1a: Moltres
|-damage|p1a: Moltres|88/100
|-boost|p2a: Great Tusk|spe|1
|-sideend|p2: Dffdsss|Stealth Rock|[from] move: Rapid Spin|[of] p2a: Great Tusk
|move|p1a: Moltres|U-turn|p2a: Great Tusk
|-resisted|p2a: Great Tusk
|-damage|p2a: Great Tusk|37/100
|
|t:|1758920312
|switch|p1a: Hydrapple|Hydrapple, F, shiny|87/100|[from] U-turn
|
|upkeep
|turn|21
|
|t:|1758920317
|move|p2a: Great Tusk|Ice Spinner|p1a: Hydrapple
|-supereffective|p1a: Hydrapple
|-damage|p1a: Hydrapple|22/100
|move|p1a: Hydrapple|Giga Drain|p2a: Great Tusk
|-supereffective|p2a: Great Tusk
|-damage|p2a: Great Tusk|0 fnt
|-heal|p1a: Hydrapple|38/100|[from] drain|[of] p2a: Great Tusk
|faint|p2a: Great Tusk
|-end|p2a: Great Tusk|Protosynthesis|[silent]
|
|upkeep
|inactive|Battle timer is ON: inactive players will automatically lose when time's up. (requested by mdjdjdjjd)
|
|t:|1758920324
|switch|p2a: Kyurem|Kyurem|100/100
|-ability|p2a: Kyurem|Pressure
|turn|22
|
|t:|1758920341
|move|p2a: Kyurem|Substitute|p2a: Kyurem
|-start|p2a: Kyurem|Substitute
|-damage|p2a: Kyurem|76/100
|move|p1a: Hydrapple|Dragon Tail|p2a: Kyurem
|-supereffective|p2a: Kyurem
|-end|p2a: Kyurem|Substitute
|
|upkeep
|turn|23
|
|t:|1758920347
|move|p2a: Kyurem|Substitute|p2a: Kyurem
|-start|p2a: Kyurem|Substitute
|-damage|p2a: Kyurem|51/100
|move|p1a: Hydrapple|Fickle Beam|p2a: Kyurem
|-supereffective|p2a: Kyurem
|-end|p2a: Kyurem|Substitute
|
|upkeep
|turn|24
|
|t:|1758920348
|move|p2a: Kyurem|Freeze-Dry|p1a: Hydrapple
|-supereffective|p1a: Hydrapple
|-damage|p1a: Hydrapple|0 fnt
|faint|p1a: Hydrapple
|
|upkeep
|
|t:|1758920377
|switch|p1a: Zamazenta|Zamazenta|100/100
|-ability|p1a: Zamazenta|Dauntless Shield|boost
|-boost|p1a: Zamazenta|def|1
|turn|25
|
|t:|1758920385
|switch|p2a: Slowking|Slowking-Galar, F|74/100
|move|p1a: Zamazenta|Crunch|p2a: Slowking
|-supereffective|p2a: Slowking
|-damage|p2a: Slowking|20/100
|
|-heal|p2a: Slowking|26/100|[from] item: Leftovers
|upkeep
|turn|26
|
|t:|1758920403
|switch|p2a: Kingambit|Kingambit, M|82/100
|-activate|p2a: Kingambit|ability: Supreme Overlord
|-start|p2a: Kingambit|fallen1|[silent]
|move|p1a: Zamazenta|Crunch|p2a: Kingambit
|-resisted|p2a: Kingambit
|-damage|p2a: Kingambit|73/100
|
|upkeep
|turn|27
|
|t:|1758920406
|-end|p2a: Kingambit|fallen1|[silent]
|switch|p2a: Slowking|Slowking-Galar, F|60/100
|move|p1a: Zamazenta|Close Combat|p2a: Slowking
|-resisted|p2a: Slowking
|-damage|p2a: Slowking|44/100
|-unboost|p1a: Zamazenta|def|1
|-unboost|p1a: Zamazenta|spd|1
|
|-heal|p2a: Slowking|50/100|[from] item: Leftovers
|upkeep
|turn|28
|
|t:|1758920410
|move|p1a: Zamazenta|Crunch|p2a: Slowking
|-supereffective|p2a: Slowking
|-damage|p2a: Slowking|0 fnt
|faint|p2a: Slowking
|
|upkeep
|
|t:|1758920419
|switch|p2a: Iron Valiant|Iron Valiant|100/100
|-enditem|p2a: Iron Valiant|Booster Energy
|-activate|p2a: Iron Valiant|ability: Quark Drive|[fromitem]
|-start|p2a: Iron Valiant|quarkdrivespe
|turn|29
|
|t:|1758920425
|switch|p1a: Gholdengo|Gholdengo|38/100
|move|p2a: Iron Valiant|Swords Dance|p2a: Iron Valiant
|-boost|p2a: Iron Valiant|atk|2
|
|upkeep
|turn|30
|
|t:|1758920429
|move|p2a: Iron Valiant|Knock Off|p1a: Gholdengo
|-supereffective|p1a: Gholdengo
|-damage|p1a: Gholdengo|0 fnt
|-enditem|p1a: Gholdengo|Covert Cloak|[from] move: Knock Off|[of] p2a: Iron Valiant
|faint|p1a: Gholdengo
|
|upkeep
|
|t:|1758920437
|switch|p1a: Moltres|Moltres|88/100
|turn|31
|
|t:|1758920445
|-terastallize|p2a: Iron Valiant|Dark
|move|p2a: Iron Valiant|Knock Off|p1a: Moltres
|-damage|p1a: Moltres|23/100
|-status|p2a: Iron Valiant|brn|[from] ability: Flame Body|[of] p1a: Moltres
|-enditem|p1a: Moltres|Heavy-Duty Boots|[from] move: Knock Off|[of] p2a: Iron Valiant
|move|p1a: Moltres|Roar|p2a: Iron Valiant
|-end|p2a: Iron Valiant|Quark Drive|[silent]
|drag|p2a: Kyurem|Kyurem|51/100
|-ability|p2a: Kyurem|Pressure
|
|upkeep
|turn|32
|
|t:|1758920463
|move|p2a: Kyurem|Freeze-Dry|p1a: Moltres
|-damage|p1a: Moltres|0 fnt
|faint|p1a: Moltres
|
|upkeep
|inactive|mdjdjdjjd has 120 seconds left.
|
|t:|1758920512
|switch|p1a: Zamazenta|Zamazenta|100/100
|turn|33
|
|t:|1758920525
|switch|p2a: Iron Valiant|Iron Valiant, tera:Dark|100/100 brn
|move|p1a: Zamazenta|Close Combat|p2a: Iron Valiant
|-supereffective|p2a: Iron Valiant
|-damage|p2a: Iron Valiant|0 fnt
|-unboost|p1a: Zamazenta|def|1
|-unboost|p1a: Zamazenta|spd|1
|faint|p2a: Iron Valiant
|-end|p2a: Iron Valiant|Quark Drive|[silent]
|
|upkeep
|
|t:|1758920529
|switch|p2a: Iron Crown|Iron Crown|100/100
|turn|34
|
|t:|1758920536
|switch|p1a: Samurott|Samurott-Hisui, F, shiny|100/100
|move|p2a: Iron Crown|Tachyon Cutter|p1a: Samurott
|-resisted|p1a: Samurott
|-damage|p1a: Samurott|90/100
|-resisted|p1a: Samurott
|-damage|p1a: Samurott|79/100
|-hitcount|p1a: Samurott|2
|
|-heal|p1a: Samurott|85/100|[from] item: Leftovers
|upkeep
|turn|35
|
|t:|1758920540
|move|p2a: Iron Crown|Focus Blast|p1a: Samurott|[miss]
|-miss|p2a: Iron Crown|p1a: Samurott
|move|p1a: Samurott|Ceaseless Edge|p2a: Iron Crown
|-supereffective|p2a: Iron Crown
|-damage|p2a: Iron Crown|20/100
|-sidestart|p2: Dffdsss|Spikes
|
|-heal|p1a: Samurott|92/100|[from] item: Leftovers
|upkeep
|turn|36
|
|t:|1758920542
|move|p1a: Samurott|Sucker Punch|p2a: Iron Crown
|-supereffective|p2a: Iron Crown
|-crit|p2a: Iron Crown
|-damage|p2a: Iron Crown|0 fnt
|faint|p2a: Iron Crown
|-end|p2a: Iron Crown|Quark Drive|[silent]
|
|-heal|p1a: Samurott|98/100|[from] item: Leftovers
|upkeep
|-message|Dffdsss forfeited.
|
|win|mdjdjdjjd
|raw|mdjdjdjjd's rating: 1102 &rarr; <strong>1126</strong><br />(+24 for winning)
|raw|Dffdsss's rating: 1082 &rarr; <strong>1061</strong><br />(-21 for losing)
|l|☆Dffdsss
|player|p2|
