|j|☆Calcublast
|j|☆Guzzlord4
|t:|1758940872
|gametype|singles
|player|p1|Calcublast|thorton|1344
|player|p2|Guzzlord4|rood|1338
|gen|9
|tier|[Gen 9] OU
|rated|
|rule|HP Percentage Mod: HP is shown in percentages
|rule|Endless Battle Clause: Forcing endless battles is banned
|rule|Species Clause: Limit one of each Pokémon
|rule|OHKO Clause: OHKO moves are banned
|rule|Evasion Items Clause: Evasion items are banned
|rule|Evasion Moves Clause: Evasion moves are banned
|rule|Evasion Abilities Clause: Evasion abilities are banned
|rule|Sleep Moves Clause: Sleep-inducing moves are banned
|clearpoke
|poke|p1|Braviary-Hisui, M|
|poke|p1|Kleavor, F|
|poke|p1|Hydrapple, F|
|poke|p1|Magnezone|
|poke|p1|Granbull, F|
|poke|p1|Cryogonal|
|poke|p2|Iron Moth|
|poke|p2|Deoxys-Speed|
|poke|p2|Primarina, F|
|poke|p2|Kingambit, M|
|poke|p2|Great Tusk|
|poke|p2|Dragonite, F|
|teampreview
|inactive|Battle timer is ON: inactive players will automatically lose when time's up. (requested by Guzzlord4)
|
|t:|1758940894
|teamsize|p1|6
|teamsize|p2|6
|start
|switch|p1a: Stone Age|Kleavor, F|100/100
|switch|p2a: Primarina|Primarina, F|100/100
|turn|1
|
|t:|1758940904
|move|p1a: Stone Age|U-turn|p2a: Primarina
|-resisted|p2a: Primarina
|-damage|p2a: Primarina|74/100
|
|t:|1758940909
|switch|p1a: Wormy|Hydrapple, F|100/100|[from] U-turn
|move|p2a: Primarina|Surf|p1a: Wormy
|-resisted|p1a: Wormy
|-damage|p1a: Wormy|94/100
|
|upkeep
|turn|2
|
|t:|1758940914
|move|p2a: Primarina|Psychic Noise|p1a: Wormy
|-resisted|p1a: Wormy
|-crit|p1a: Wormy
|-damage|p1a: Wormy|85/100
|-start|p1a: Wormy|move: Heal Block
|cant|p1a: Wormy|move: Heal Block|Giga Drain
|
|upkeep
|turn|3
|
|t:|1758940920
|move|p2a: Primarina|Moonblast|p1a: Wormy
|-supereffective|p1a: Wormy
|-damage|p1a: Wormy|28/100
|move|p1a: Wormy|Earth Power|p2a: Primarina
|-damage|p2a: Primarina|55/100
|
|-end|p1a: Wormy|move: Heal Block
|upkeep
|turn|4
|
|t:|1758940930
|switch|p1a: Triclops|Magnezone|100/100
|move|p2a: Primarina|Moonblast|p1a: Triclops
|-resisted|p1a: Triclops
|-damage|p1a: Triclops|69/100
|
|-heal|p1a: Triclops|75/100|[from] item: Leftovers
|upkeep
|turn|5
|
|t:|1758940936
|move|p2a: Primarina|Surf|p1a: Triclops
|-damage|p1a: Triclops|21/100
|move|p1a: Triclops|Volt Switch|p2a: Primarina
|-supereffective|p2a: Primarina
|-damage|p2a: Primarina|0 fnt
|faint|p2a: Primarina
|
|t:|1758940941
|switch|p1a: Wormy|Hydrapple, F|62/100|[from] Volt Switch
|
|upkeep
|
|t:|1758940970
|switch|p2a: Great Tusk|Great Tusk|100/100
|-enditem|p2a: Great Tusk|Booster Energy
|-activate|p2a: Great Tusk|ability: Protosynthesis|[fromitem]
|-start|p2a: Great Tusk|protosynthesisatk
|turn|6
|
|t:|1758940974
|switch|p1a: Vicktim|Granbull, F|100/100
|-ability|p1a: Vicktim|Intimidate|boost
|-unboost|p2a: Great Tusk|atk|1
|move|p2a: Great Tusk|Ice Spinner|p1a: Vicktim
|-damage|p1a: Vicktim|83/100
|-damage|p2a: Great Tusk|84/100|[from] item: Rocky Helmet|[of] p1a: Vicktim
|
|upkeep
|turn|7
|
|t:|1758941001
|-end|p2a: Great Tusk|Protosynthesis|[silent]
|switch|p2a: Kingambit|Kingambit, M|100/100
|-activate|p2a: Kingambit|ability: Supreme Overlord
|-start|p2a: Kingambit|fallen1|[silent]
|move|p1a: Vicktim|Earthquake|p2a: Kingambit
|-supereffective|p2a: Kingambit
|-damage|p2a: Kingambit|58/100
|
|-heal|p2a: Kingambit|64/100|[from] item: Leftovers
|upkeep
|turn|8
|
|t:|1758941017
|move|p2a: Kingambit|Iron Head|p1a: Vicktim
|-supereffective|p1a: Vicktim
|-damage|p1a: Vicktim|5/100
|-damage|p2a: Kingambit|47/100|[from] item: Rocky Helmet|[of] p1a: Vicktim
|move|p1a: Vicktim|Close Combat|p2a: Kingambit
|-supereffective|p2a: Kingambit
|-damage|p2a: Kingambit|0 fnt
|-unboost|p1a: Vicktim|def|1
|-unboost|p1a: Vicktim|spd|1
|faint|p2a: Kingambit
|-end|p2a: Kingambit|fallen1|[silent]
|
|upkeep
|inactive|Guzzlord4 has 120 seconds left.
|inactive|Guzzlord4 has 90 seconds left.
|
|t:|1758941068
|switch|p2a: Iron Moth|Iron Moth|100/100
|-enditem|p2a: Iron Moth|Booster Energy
|-activate|p2a: Iron Moth|ability: Quark Drive|[fromitem]
|-start|p2a: Iron Moth|quarkdrivespe
|turn|9
|
|t:|1758941076
|move|p2a: Iron Moth|Fiery Dance|p1a: Vicktim
|-damage|p1a: Vicktim|0 fnt
|faint|p1a: Vicktim
|
|upkeep
|
|t:|1758941079
|switch|p1a: Stone Age|Kleavor, F|100/100
|turn|10
|
|t:|1758941087
|-end|p2a: Iron Moth|Quark Drive|[silent]
|switch|p2a: Great Tusk|Great Tusk|84/100
|-terastallize|p1a: Stone Age|Rock
|move|p1a: Stone Age|Stone Axe|p2a: Great Tusk
|-resisted|p2a: Great Tusk
|-damage|p2a: Great Tusk|71/100
|-sidestart|p2: Guzzlord4|move: Stealth Rock
|
|upkeep
|turn|11
|
|t:|1758941095
|switch|p1a: Canada|Braviary-Hisui, M|100/100
|move|p2a: Great Tusk|Rapid Spin|p1a: Canada
|-damage|p1a: Canada|87/100
|-boost|p2a: Great Tusk|spe|1
|-sideend|p2: Guzzlord4|Stealth Rock|[from] move: Rapid Spin|[of] p2a: Great Tusk
|
|upkeep
|turn|12
|
|t:|1758941103
|move|p2a: Great Tusk|Ice Spinner|p1a: Canada
|-supereffective|p1a: Canada
|-damage|p1a: Canada|43/100
|move|p1a: Canada|Psychic|p2a: Great Tusk
|-supereffective|p2a: Great Tusk
|-damage|p2a: Great Tusk|0 fnt
|faint|p2a: Great Tusk
|-end|p2a: Great Tusk|Protosynthesis|[silent]
|
|upkeep
|inactive|Guzzlord4 has 90 seconds left.
|
|t:|1758941159
|switch|p2a: Deoxys|Deoxys-Speed|100/100
|-ability|p2a: Deoxys|Pressure
|turn|13
|
|t:|1758941163
|move|p2a: Deoxys|Shadow Ball|p1a: Canada
|-supereffective|p1a: Canada
|-crit|p1a: Canada
|-damage|p1a: Canada|0 fnt
|faint|p1a: Canada
|-damage|p2a: Deoxys|91/100|[from] item: Life Orb
|
|upkeep
|
|t:|1758941168
|switch|p1a: Wormy|Hydrapple, F|95/100
|turn|14
|
|t:|1758941174
|move|p2a: Deoxys|Nasty Plot|p2a: Deoxys
|-boost|p2a: Deoxys|spa|2
|move|p1a: Wormy|Fickle Beam|p2a: Deoxys
|-damage|p2a: Deoxys|35/100
|
|upkeep
|turn|15
|
|t:|1758941177
|move|p2a: Deoxys|Psycho Boost|p1a: Wormy
|-damage|p1a: Wormy|1/100
|-unboost|p2a: Deoxys|spa|2
|-damage|p2a: Deoxys|25/100|[from] item: Life Orb
|move|p1a: Wormy|Giga Drain|p2a: Deoxys
|-crit|p2a: Deoxys
|-damage|p2a: Deoxys|0 fnt
|-heal|p1a: Wormy|9/100|[from] drain|[of] p2a: Deoxys
|faint|p2a: Deoxys
|
|upkeep
|
|t:|1758941183
|switch|p2a: Iron Moth|Iron Moth|100/100
|turn|16
|
|t:|1758941190
|switch|p1a: Triclops|Magnezone|21/100
|move|p2a: Iron Moth|Toxic Spikes|p1a: Triclops
|-sidestart|p1: Calcublast|move: Toxic Spikes
|
|-heal|p1a: Triclops|27/100|[from] item: Leftovers
|upkeep
|turn|17
|
|t:|1758941196
|move|p2a: Iron Moth|Fiery Dance|p1a: Triclops
|-supereffective|p1a: Triclops
|-damage|p1a: Triclops|0 fnt
|-boost|p2a: Iron Moth|spa|1
|faint|p1a: Triclops
|
|upkeep
|
|t:|1758941199
|switch|p1a: Stone Age|Kleavor, F, tera:Rock|100/100
|-status|p1a: Stone Age|psn
|turn|18
|inactive|Guzzlord4 has 120 seconds left.
|
|t:|1758941216
|-terastallize|p2a: Iron Moth|Ground
|move|p1a: Stone Age|Stone Axe|p2a: Iron Moth
|-resisted|p2a: Iron Moth
|-damage|p2a: Iron Moth|53/100
|-sidestart|p2: Guzzlord4|move: Stealth Rock
|move|p2a: Iron Moth|Tera Blast|p1a: Stone Age|[anim] Tera Blast Ground
|-supereffective|p1a: Stone Age
|-damage|p1a: Stone Age|0 fnt
|faint|p1a: Stone Age
|
|upkeep
|
|t:|1758941228
|switch|p1a: Wormy|Hydrapple, F|42/100
|-status|p1a: Wormy|psn
|turn|19
|
|t:|1758941230
|switch|p1a: Snowquake|Cryogonal|100/100
|move|p2a: Iron Moth|Sludge Wave|p1a: Snowquake
|-damage|p1a: Snowquake|45/100
|-status|p1a: Snowquake|psn
|
|-damage|p1a: Snowquake|33/100 psn|[from] psn
|upkeep
|turn|20
|
|t:|1758941233
|move|p2a: Iron Moth|Sludge Wave|p1a: Snowquake
|-damage|p1a: Snowquake|0 fnt
|faint|p1a: Snowquake
|
|upkeep
|-message|Calcublast forfeited.
|
|win|Guzzlord4
|raw|Calcublast's rating: 1344 &rarr; <strong>1324</strong><br />(-20 for losing)
|raw|Guzzlord4's rating: 1338 &rarr; <strong>1358</strong><br />(+20 for winning)
|l|☆Calcublast
|player|p1|
|l|☆Guzzlord4
|player|p2|
