|j|☆niko7777777
|j|☆SmallKuza1888
|t:|1759043855
|gametype|singles
|player|p1|niko7777777|170|1661
|player|p2|SmallKuza1888|cyclist-gen4|1666
|gen|9
|tier|[Gen 9] OU
|rated|
|rule|HP Percentage Mod: HP is shown in percentages
|rule|Endless Battle Clause: Forcing endless battles is banned
|rule|Species Clause: Limit one of each Pokémon
|rule|OHKO Clause: OHKO moves are banned
|rule|Evasion Items Clause: Evasion items are banned
|rule|Evasion Moves Clause: Evasion moves are banned
|rule|Evasion Abilities Clause: Evasion abilities are banned
|rule|Sleep Moves Clause: Sleep-inducing moves are banned
|clearpoke
|poke|p1|Landorus-Therian, M|
|poke|p1|Samurott-Hisui, M|
|poke|p1|Scizor, M|
|poke|p1|Latios, M|
|poke|p1|Zamazenta-*|
|poke|p1|Gholdengo|
|poke|p2|Weavile, F|
|poke|p2|Iron Treads|
|poke|p2|Keldeo-Resolute|
|poke|p2|Hatterene, F|
|poke|p2|Ting-Lu|
|poke|p2|Dragonite, F|
|teampreview
|
|t:|1759043882
|teamsize|p1|6
|teamsize|p2|6
|start
|switch|p1a: Latios|Latios, M|100/100
|switch|p2a: Keldeo|Keldeo-Resolute|100/100
|turn|1
|inactive|Battle timer is ON: inactive players will automatically lose when time's up. (requested by SmallKuza1888)
|
|t:|1759043892
|switch|p2a: Hatterene|Hatterene, F|100/100
|move|p1a: Latios|Draco Meteor|p2a: Hatterene
|-immune|p2a: Hatterene
|
|upkeep
|turn|2
|
|t:|1759043898
|switch|p1a: Landorus|Landorus-Therian, M|100/100
|-ability|p1a: Landorus|Intimidate|boost
|-unboost|p2a: Hatterene|atk|1
|move|p2a: Hatterene|Mystical Fire|p1a: Landorus
|-damage|p1a: Landorus|70/100
|-unboost|p1a: Landorus|spa|1
|
|upkeep
|turn|3
|
|t:|1759043904
|switch|p2a: Keldeo|Keldeo-Resolute|100/100
|move|p1a: Landorus|Earthquake|p2a: Keldeo
|-damage|p2a: Keldeo|41/100
|
|upkeep
|turn|4
|
|t:|1759043913
|switch|p1a: Samurott|Samurott-Hisui, M|100/100
|move|p2a: Keldeo|Surf|p1a: Samurott
|-resisted|p1a: Samurott
|-damage|p1a: Samurott|80/100
|
|upkeep
|turn|5
|
|t:|1759043921
|move|p2a: Keldeo|Secret Sword|p1a: Samurott
|-supereffective|p1a: Samurott
|-damage|p1a: Samurott|0 fnt
|faint|p1a: Samurott
|
|upkeep
|
|t:|1759043941
|switch|p1a: Latios|Latios, M|100/100
|turn|6
|
|t:|1759043953
|move|p1a: Latios|Psychic Noise|p2a: Keldeo
|-supereffective|p2a: Keldeo
|-damage|p2a: Keldeo|0 fnt
|faint|p2a: Keldeo
|
|upkeep
|
|t:|1759043955
|switch|p2a: Weavile|Weavile, F|100/100
|-ability|p2a: Weavile|Pressure
|turn|7
|inactive|niko7777777 has 120 seconds left.
|
|t:|1759043996
|-terastallize|p1a: Latios|Steel
|move|p2a: Weavile|Knock Off|p1a: Latios
|-damage|p1a: Latios|6/100
|-enditem|p1a: Latios|Soul Dew|[from] move: Knock Off|[of] p2a: Weavile
|move|p1a: Latios|Draco Meteor|p2a: Weavile
|-damage|p2a: Weavile|1/100
|-unboost|p1a: Latios|spa|2
|
|upkeep
|turn|8
|
|t:|1759044017
|switch|p1a: Landorus|Landorus-Therian, M|70/100
|-ability|p1a: Landorus|Intimidate|boost
|-unboost|p2a: Weavile|atk|1
|move|p2a: Weavile|Knock Off|p1a: Landorus
|-damage|p1a: Landorus|20/100
|-damage|p2a: Weavile|0 fnt|[from] item: Rocky Helmet|[of] p1a: Landorus
|faint|p2a: Weavile
|
|upkeep
|
|t:|1759044025
|switch|p2a: Iron Treads|Iron Treads|100/100
|turn|9
|inactive|niko7777777 has 90 seconds left.
|inactive|niko7777777 has 60 seconds left.
|
|t:|1759044099
|switch|p1a: Latios|Latios, M, tera:Steel|6/100
|move|p2a: Iron Treads|Ice Spinner|p1a: Latios
|-resisted|p1a: Latios
|-damage|p1a: Latios|0 fnt
|faint|p1a: Latios
|
|upkeep
|inactive|niko7777777 has 30 seconds left.
|inactive|niko7777777 has 20 seconds left.
|
|t:|1759044132
|switch|p1a: Scizor|Scizor, M|100/100
|turn|10
|inactive|niko7777777 has 30 seconds left this turn.
|
|t:|1759044138
|move|p2a: Iron Treads|Earthquake|p1a: Scizor
|-damage|p1a: Scizor|46/100
|move|p1a: Scizor|Swords Dance|p1a: Scizor
|-boost|p1a: Scizor|atk|2
|
|upkeep
|turn|11
|inactive|niko7777777 has 30 seconds left.
|
|t:|1759044154
|switch|p1a: Landorus|Landorus-Therian, M|20/100
|-ability|p1a: Landorus|Intimidate|boost
|-unboost|p2a: Iron Treads|atk|1
|move|p2a: Iron Treads|Earthquake|p1a: Landorus
|-immune|p1a: Landorus
|
|upkeep
|turn|12
|inactive|niko7777777 has 30 seconds left.
|inactive|niko7777777 has 20 seconds left.
|
|t:|1759044173
|switch|p1a: Scizor|Scizor, M|46/100
|move|p2a: Iron Treads|Ice Spinner|p1a: Scizor
|-resisted|p1a: Scizor
|-damage|p1a: Scizor|36/100
|
|upkeep
|turn|13
|inactive|niko7777777 has 30 seconds left this turn.
|
|t:|1759044179
|switch|p1a: Landorus|Landorus-Therian, M|20/100
|-ability|p1a: Landorus|Intimidate|boost
|-unboost|p2a: Iron Treads|atk|1
|move|p2a: Iron Treads|Earthquake|p1a: Landorus
|-immune|p1a: Landorus
|
|upkeep
|turn|14
|
|t:|1759044185
|-end|p2a: Iron Treads|Quark Drive|[silent]
|switch|p2a: Dragonite|Dragonite, F|100/100
|move|p1a: Landorus|Earthquake|p2a: Dragonite
|-immune|p2a: Dragonite
|
|upkeep
|turn|15
|
|t:|1759044194
|move|p1a: Landorus|U-turn|p2a: Dragonite
|-resisted|p2a: Dragonite
|-crit|p2a: Dragonite
|-damage|p2a: Dragonite|93/100
|
|t:|1759044201
|switch|p1a: Zamazenta|Zamazenta|100/100|[from] U-turn
|-ability|p1a: Zamazenta|Dauntless Shield|boost
|-boost|p1a: Zamazenta|def|1
|move|p2a: Dragonite|Dragon Tail|p1a: Zamazenta
|-damage|p1a: Zamazenta|84/100
|drag|p1a: Gholdengo|Gholdengo|100/100
|-item|p1a: Gholdengo|Air Balloon
|
|upkeep
|turn|16
|
|t:|1759044223
|switch|p1a: Landorus|Landorus-Therian, M|20/100
|-ability|p1a: Landorus|Intimidate|boost
|-unboost|p2a: Dragonite|atk|1
|move|p2a: Dragonite|Dragon Tail|p1a: Landorus
|-damage|p1a: Landorus|0 fnt
|-damage|p2a: Dragonite|77/100|[from] item: Rocky Helmet|[of] p1a: Landorus
|faint|p1a: Landorus
|
|upkeep
|inactive|niko7777777 has 30 seconds left.
|
|t:|1759044239
|switch|p1a: Zamazenta|Zamazenta|84/100
|turn|17
|
|t:|1759044243
|move|p1a: Zamazenta|Stone Edge|p2a: Dragonite
|-supereffective|p2a: Dragonite
|-crit|p2a: Dragonite
|-damage|p2a: Dragonite|0 fnt
|faint|p2a: Dragonite
|
|-heal|p1a: Zamazenta|90/100|[from] item: Leftovers
|upkeep
|
|t:|1759044257
|switch|p2a: Hatterene|Hatterene, F|100/100
|turn|18
|
|t:|1759044276
|switch|p1a: Scizor|Scizor, M|36/100
|move|p2a: Hatterene|Mystical Fire|p1a: Scizor
|-supereffective|p1a: Scizor
|-damage|p1a: Scizor|0 fnt
|faint|p1a: Scizor
|
|upkeep
|
|t:|1759044280
|switch|p1a: Gholdengo|Gholdengo|100/100
|-item|p1a: Gholdengo|Air Balloon
|turn|19
|
|t:|1759044287
|-terastallize|p2a: Hatterene|Water
|move|p1a: Gholdengo|Make It Rain|p2a: Hatterene
|-resisted|p2a: Hatterene
|-damage|p2a: Hatterene|84/100
|-unboost|p1a: Gholdengo|spa|1
|move|p2a: Hatterene|Mystical Fire|p1a: Gholdengo
|-supereffective|p1a: Gholdengo
|-damage|p1a: Gholdengo|45/100
|-unboost|p1a: Gholdengo|spa|1
|-enditem|p1a: Gholdengo|Air Balloon
|
|upkeep
|turn|20
|inactive|niko7777777 has 30 seconds left.
|inactive|niko7777777 has 20 seconds left.
|inactive|niko7777777 has 15 seconds left.
|
|t:|1759044327
|switch|p2a: Ting-Lu|Ting-Lu|100/100
|-ability|p2a: Ting-Lu|Vessel of Ruin
|move|p1a: Gholdengo|Shadow Ball|p2a: Ting-Lu
|-resisted|p2a: Ting-Lu
|-damage|p2a: Ting-Lu|96/100
|
|upkeep
|turn|21
|inactive|niko7777777 has 25 seconds left this turn.
|inactive|niko7777777 has 20 seconds left.
|inactive|niko7777777 has 15 seconds left.
|
|t:|1759044341
|switch|p1a: Zamazenta|Zamazenta|90/100
|move|p2a: Ting-Lu|Stealth Rock|p1a: Zamazenta
|-sidestart|p1: niko7777777|move: Stealth Rock
|
|-heal|p1a: Zamazenta|96/100|[from] item: Leftovers
|upkeep
|turn|22
|inactive|niko7777777 has 25 seconds left this turn.
|inactive|niko7777777 has 20 seconds left.
|
|t:|1759044350
|move|p1a: Zamazenta|Body Press|p2a: Ting-Lu
|-supereffective|p2a: Ting-Lu
|-damage|p2a: Ting-Lu|64/100
|-damage|p1a: Zamazenta|80/100|[from] item: Rocky Helmet|[of] p2a: Ting-Lu
|move|p2a: Ting-Lu|Ruination|p1a: Zamazenta
|-damage|p1a: Zamazenta|40/100
|
|-heal|p1a: Zamazenta|46/100|[from] item: Leftovers
|upkeep
|turn|23
|inactive|niko7777777 has 30 seconds left this turn.
|
|t:|1759044355
|move|p1a: Zamazenta|Iron Defense|p1a: Zamazenta
|-boost|p1a: Zamazenta|def|2
|move|p2a: Ting-Lu|Whirlwind|p1a: Zamazenta
|drag|p1a: Gholdengo|Gholdengo|45/100
|-damage|p1a: Gholdengo|39/100|[from] Stealth Rock
|
|upkeep
|turn|24
|
|t:|1759044361
|move|p1a: Gholdengo|Recover|p1a: Gholdengo
|-heal|p1a: Gholdengo|89/100
|move|p2a: Ting-Lu|Ruination|p1a: Gholdengo
|-damage|p1a: Gholdengo|45/100
|
|upkeep
|turn|25
|
|t:|1759044371
|move|p1a: Gholdengo|Nasty Plot|p1a: Gholdengo
|-boost|p1a: Gholdengo|spa|2
|move|p2a: Ting-Lu|Ruination|p1a: Gholdengo
|-damage|p1a: Gholdengo|23/100
|
|upkeep
|turn|26
|
|t:|1759044375
|move|p1a: Gholdengo|Make It Rain|p2a: Ting-Lu
|-damage|p2a: Ting-Lu|2/100
|-unboost|p1a: Gholdengo|spa|1
|move|p2a: Ting-Lu|Earthquake|p1a: Gholdengo
|-supereffective|p1a: Gholdengo
|-damage|p1a: Gholdengo|0 fnt
|faint|p1a: Gholdengo
|
|upkeep
|
|t:|1759044378
|switch|p1a: Zamazenta|Zamazenta|46/100
|-damage|p1a: Zamazenta|40/100|[from] Stealth Rock
|turn|27
|inactive|niko7777777 has 60 seconds left.
|
|t:|1759044405
|switch|p2a: Hatterene|Hatterene, F, tera:Water|84/100
|move|p1a: Zamazenta|Iron Defense|p1a: Zamazenta
|-boost|p1a: Zamazenta|def|2
|
|-heal|p1a: Zamazenta|46/100|[from] item: Leftovers
|upkeep
|turn|28
|
|t:|1759044417
|move|p1a: Zamazenta|Body Press|p2a: Hatterene
|-damage|p2a: Hatterene|0 fnt
|faint|p2a: Hatterene
|
|-heal|p1a: Zamazenta|52/100|[from] item: Leftovers
|upkeep
|-message|SmallKuza1888 forfeited.
|
|win|niko7777777
|raw|niko7777777's rating: 1661 &rarr; <strong>1681</strong><br />(+20 for winning)
|raw|SmallKuza1888's rating: 1666 &rarr; <strong>1646</strong><br />(-20 for losing)
|l|☆SmallKuza1888
|player|p2|
|l|☆niko7777777
|player|p1|
