|badge|p1|bronze|gen9ou|100-6
|uhtml|medal-msg|<div class="broadcast-blue">Curious what those medals under the avatar are? PS now has Ladder Seasons! For more information, check out the <a href="https://www.smogon.com/forums/threads/3740067/">thread on Smogon.</a></div>
|j|☆winslowyoudog
|j|☆Agent Killua
|t:|1758917276
|gametype|singles
|player|p1|winslowyoudog|102|1811
|player|p2|Agent Killua|miku-ground|1711
|gen|9
|tier|[Gen 9] OU
|rated|
|rule|HP Percentage Mod: HP is shown in percentages
|rule|Endless Battle Clause: Forcing endless battles is banned
|rule|Species Clause: Limit one of each Pokémon
|rule|OHKO Clause: OHKO moves are banned
|rule|Evasion Items Clause: Evasion items are banned
|rule|Evasion Moves Clause: Evasion moves are banned
|rule|Evasion Abilities Clause: Evasion abilities are banned
|rule|Sleep Moves Clause: Sleep-inducing moves are banned
|clearpoke
|poke|p1|Darkrai|
|poke|p1|Enamorus, F|
|poke|p1|Cinderace, M|
|poke|p1|Great Tusk|
|poke|p1|Alomomola, M|
|poke|p1|Amoonguss, M|
|poke|p2|Comfey, M|
|poke|p2|Glimmora, M|
|poke|p2|Dragapult, F|
|poke|p2|Kingambit, F|
|poke|p2|Ogerpon-Wellspring, F|
|poke|p2|Cinderace, F|
|teampreview
|inactive|Battle timer is ON: inactive players will automatically lose when time's up. (requested by Agent Killua)
|
|t:|1758917300
|teamsize|p1|6
|teamsize|p2|6
|start
|switch|p1a: Alomomola|Alomomola, M|100/100
|switch|p2a: Dragapult|Dragapult, F|100/100
|turn|1
|
|t:|1758917304
|move|p2a: Dragapult|U-turn|p1a: Alomomola
|-damage|p1a: Alomomola|88/100
|
|t:|1758917307
|switch|p2a: Ogerpon|Ogerpon-Wellspring, F|100/100|[from] U-turn
|move|p1a: Alomomola|Flip Turn|p2a: Ogerpon
|-immune|p2a: Ogerpon|[from] ability: Water Absorb
|
|upkeep
|turn|2
|
|t:|1758917309
|switch|p1a: Amoonguss|Amoonguss, M|100/100
|move|p2a: Ogerpon|Knock Off|p1a: Amoonguss
|-damage|p1a: Amoonguss|75/100
|-enditem|p1a: Amoonguss|Eject Pack|[from] move: Knock Off|[of] p2a: Ogerpon
|
|upkeep
|turn|3
|
|t:|1758917314
|move|p2a: Ogerpon|U-turn|p1a: Amoonguss
|-damage|p1a: Amoonguss|54/100
|
|t:|1758917315
|switch|p2a: Glimmora|Glimmora, M|100/100|[from] U-turn
|move|p1a: Amoonguss|Leaf Storm|p2a: Glimmora
|-damage|p2a: Glimmora|53/100
|-unboost|p1a: Amoonguss|spa|2
|-enditem|p2a: Glimmora|Red Card|[of] p1a: Amoonguss
|drag|p1a: Darkrai|Darkrai|100/100
|
|upkeep
|turn|4
|
|t:|1758917320
|move|p1a: Darkrai|Dark Pulse|p2a: Glimmora
|-damage|p2a: Glimmora|0 fnt
|faint|p2a: Glimmora
|
|upkeep
|
|t:|1758917323
|switch|p2a: Dragapult|Dragapult, F|100/100
|turn|5
|
|t:|1758917343
|switch|p1a: Alomomola|Alomomola, M|100/100
|move|p2a: Dragapult|U-turn|p1a: Alomomola
|-damage|p1a: Alomomola|88/100
|
|t:|1758917348
|switch|p2a: Ogerpon|Ogerpon-Wellspring, F|100/100|[from] U-turn
|
|upkeep
|turn|6
|
|t:|1758917351
|switch|p1a: Amoonguss|Amoonguss, M|87/100
|move|p2a: Ogerpon|Knock Off|p1a: Amoonguss
|-damage|p1a: Amoonguss|68/100
|
|upkeep
|turn|7
|
|t:|1758917355
|move|p2a: Ogerpon|Spikes|p1a: Amoonguss
|-sidestart|p1: winslowyoudog|Spikes
|move|p1a: Amoonguss|Toxic|p2a: Ogerpon
|-status|p2a: Ogerpon|tox
|
|-damage|p2a: Ogerpon|95/100 tox|[from] psn
|upkeep
|turn|8
|
|t:|1758917362
|move|p2a: Ogerpon|U-turn|p1a: Amoonguss
|-crit|p1a: Amoonguss
|-damage|p1a: Amoonguss|38/100
|
|t:|1758917365
|switch|p2a: Kingambit|Kingambit, F|100/100|[from] U-turn
|-activate|p2a: Kingambit|ability: Supreme Overlord
|-start|p2a: Kingambit|fallen1|[silent]
|move|p1a: Amoonguss|Toxic|p2a: Kingambit
|-immune|p2a: Kingambit
|
|upkeep
|turn|9
|
|t:|1758917376
|-end|p2a: Kingambit|fallen1|[silent]
|switch|p2a: Wakiki|Comfey, M, shiny|100/100
|switch|p1a: Great Tusk|Great Tusk|100/100
|-damage|p1a: Great Tusk|88/100|[from] Spikes
|
|upkeep
|turn|10
|
|t:|1758917405
|-end|p1a: Great Tusk|Protosynthesis|[silent]
|switch|p1a: Enamorus|Enamorus, F|100/100
|move|p2a: Wakiki|Draining Kiss|p1a: Enamorus
|-damage|p1a: Enamorus|61/100
|-damage|p2a: Wakiki|91/100|[from] item: Life Orb
|
|upkeep
|turn|11
|
|t:|1758917411
|switch|p2a: Cinderace|Cinderace, F|100/100
|move|p1a: Enamorus|Moonblast|p2a: Cinderace
|-resisted|p2a: Cinderace
|-damage|p2a: Cinderace|44/100
|-unboost|p2a: Cinderace|spa|1
|
|upkeep
|turn|12
|
|t:|1758917423
|switch|p1a: Alomomola|Alomomola, M|100/100
|-damage|p1a: Alomomola|88/100|[from] Spikes
|move|p2a: Cinderace|Sucker Punch||[still]
|-fail|p2a: Cinderace
|
|upkeep
|turn|13
|
|t:|1758917441
|move|p2a: Cinderace|Gunk Shot|p1a: Alomomola
|-start|p2a: Cinderace|typechange|Poison|[from] ability: Libero
|-damage|p1a: Alomomola|44/100
|move|p1a: Alomomola|Body Slam|p2a: Cinderace
|-damage|p2a: Cinderace|22/100
|
|upkeep
|turn|14
|
|t:|1758917445
|switch|p1a: Great Tusk|Great Tusk|88/100
|-damage|p1a: Great Tusk|76/100|[from] Spikes
|move|p2a: Cinderace|Gunk Shot|p1a: Great Tusk
|-resisted|p1a: Great Tusk
|-damage|p1a: Great Tusk|55/100
|
|upkeep
|turn|15
|
|t:|1758917450
|switch|p2a: Ogerpon|Ogerpon-Wellspring, F|95/100 tox
|move|p1a: Great Tusk|Headlong Rush|p2a: Ogerpon
|-resisted|p2a: Ogerpon
|-damage|p2a: Ogerpon|51/100 tox
|-unboost|p1a: Great Tusk|def|1
|-unboost|p1a: Great Tusk|spd|1
|
|-damage|p2a: Ogerpon|45/100 tox|[from] psn
|upkeep
|turn|16
|
|t:|1758917454
|-end|p1a: Great Tusk|Protosynthesis|[silent]
|switch|p1a: Amoonguss|Amoonguss, M|71/100
|-damage|p1a: Amoonguss|59/100|[from] Spikes
|move|p2a: Ogerpon|U-turn|p1a: Amoonguss
|-damage|p1a: Amoonguss|40/100
|
|t:|1758917456
|switch|p2a: Cinderace|Cinderace, F|22/100|[from] U-turn
|
|upkeep
|turn|17
|
|t:|1758917459
|switch|p1a: Great Tusk|Great Tusk|55/100
|-damage|p1a: Great Tusk|42/100|[from] Spikes
|move|p2a: Cinderace|Pyro Ball|p1a: Great Tusk
|-damage|p1a: Great Tusk|2/100
|
|upkeep
|turn|18
|
|t:|1758917466
|move|p1a: Great Tusk|Headlong Rush|p2a: Cinderace
|-supereffective|p2a: Cinderace
|-damage|p2a: Cinderace|0 fnt
|-unboost|p1a: Great Tusk|def|1
|-unboost|p1a: Great Tusk|spd|1
|faint|p2a: Cinderace
|
|upkeep
|
|t:|1758917468
|switch|p2a: Wakiki|Comfey, M, shiny|91/100
|turn|19
|
|t:|1758917479
|-end|p1a: Great Tusk|Protosynthesis|[silent]
|switch|p1a: Amoonguss|Amoonguss, M|73/100
|-damage|p1a: Amoonguss|61/100|[from] Spikes
|move|p2a: Wakiki|Calm Mind|p2a: Wakiki
|-boost|p2a: Wakiki|spa|1
|-boost|p2a: Wakiki|spd|1
|
|upkeep
|turn|20
|
|t:|1758917495
|switch|p2a: Kingambit|Kingambit, F|100/100
|-activate|p2a: Kingambit|ability: Supreme Overlord
|-start|p2a: Kingambit|fallen2|[silent]
|move|p1a: Amoonguss|Protect||[still]
|-fail|p1a: Amoonguss
|
|upkeep
|turn|21
|
|t:|1758917505
|switch|p1a: Cinderace|Cinderace, M|100/100
|move|p2a: Kingambit|Kowtow Cleave|p1a: Cinderace
|-damage|p1a: Cinderace|30/100
|
|upkeep
|turn|22
|
|t:|1758917514
|-end|p2a: Kingambit|fallen2|[silent]
|switch|p2a: Dragapult|Dragapult, F|100/100
|move|p1a: Cinderace|Will-O-Wisp|p2a: Dragapult
|-status|p2a: Dragapult|brn
|
|-damage|p2a: Dragapult|95/100 brn|[from] brn
|upkeep
|turn|23
|
|t:|1758917519
|switch|p1a: Alomomola|Alomomola, M|77/100
|-damage|p1a: Alomomola|65/100|[from] Spikes
|move|p2a: Dragapult|U-turn|p1a: Alomomola
|-damage|p1a: Alomomola|58/100
|
|t:|1758917523
|switch|p2a: Ogerpon|Ogerpon-Wellspring, F|45/100 tox|[from] U-turn
|
|-damage|p2a: Ogerpon|39/100 tox|[from] psn
|upkeep
|turn|24
|
|t:|1758917527
|switch|p1a: Amoonguss|Amoonguss, M|94/100
|-damage|p1a: Amoonguss|82/100|[from] Spikes
|move|p2a: Ogerpon|U-turn|p1a: Amoonguss
|-damage|p1a: Amoonguss|62/100
|
|t:|1758917530
|switch|p2a: Kingambit|Kingambit, F|100/100|[from] U-turn
|-activate|p2a: Kingambit|ability: Supreme Overlord
|-start|p2a: Kingambit|fallen2|[silent]
|
|upkeep
|turn|25
|
|t:|1758917535
|switch|p1a: Darkrai|Darkrai|100/100
|-damage|p1a: Darkrai|88/100|[from] Spikes
|move|p2a: Kingambit|Swords Dance|p2a: Kingambit
|-boost|p2a: Kingambit|atk|2
|
|upkeep
|turn|26
|
|t:|1758917539
|move|p1a: Darkrai|Will-O-Wisp|p2a: Kingambit
|-status|p2a: Kingambit|brn
|move|p2a: Kingambit|Iron Head|p1a: Darkrai
|-damage|p1a: Darkrai|4/100
|
|-damage|p2a: Kingambit|94/100 brn|[from] brn
|upkeep
|turn|27
|
|t:|1758917550
|move|p1a: Darkrai|Knock Off|p2a: Kingambit
|-resisted|p2a: Kingambit
|-damage|p2a: Kingambit|82/100 brn
|-enditem|p2a: Kingambit|Leftovers|[from] move: Knock Off|[of] p1a: Darkrai
|move|p2a: Kingambit|Kowtow Cleave|p1a: Darkrai
|-resisted|p1a: Darkrai
|-damage|p1a: Darkrai|0 fnt
|faint|p1a: Darkrai
|
|-damage|p2a: Kingambit|76/100 brn|[from] brn
|upkeep
|
|t:|1758917558
|switch|p1a: Cinderace|Cinderace, M|30/100
|turn|28
|
|t:|1758917568
|move|p2a: Kingambit|Sucker Punch||[still]
|-fail|p2a: Kingambit
|move|p1a: Cinderace|Court Change|p1a: Cinderace
|-start|p1a: Cinderace|typechange|Normal|[from] ability: Libero
|-swapsideconditions
|-activate|p1a: Cinderace|move: Court Change
|
|-damage|p2a: Kingambit|70/100 brn|[from] brn
|upkeep
|turn|29
|
|t:|1758917572
|move|p2a: Kingambit|Sucker Punch||[still]
|-fail|p2a: Kingambit
|move|p1a: Cinderace|Will-O-Wisp|p2a: Kingambit
|-fail|p2a: Kingambit|brn
|
|-damage|p2a: Kingambit|64/100 brn|[from] brn
|upkeep
|turn|30
|
|t:|1758917575
|move|p2a: Kingambit|Sucker Punch||[still]
|-fail|p2a: Kingambit
|move|p1a: Cinderace|Will-O-Wisp|p2a: Kingambit
|-fail|p2a: Kingambit|brn
|
|-damage|p2a: Kingambit|58/100 brn|[from] brn
|upkeep
|turn|31
|
|t:|1758917577
|move|p1a: Cinderace|Pyro Ball|p2a: Kingambit
|-supereffective|p2a: Kingambit
|-damage|p2a: Kingambit|3/100 brn
|move|p2a: Kingambit|Kowtow Cleave|p1a: Cinderace
|-damage|p1a: Cinderace|0 fnt
|faint|p1a: Cinderace
|
|-damage|p2a: Kingambit|0 fnt|[from] brn
|faint|p2a: Kingambit
|-end|p2a: Kingambit|fallen2|[silent]
|upkeep
|
|t:|1758917585
|switch|p1a: Great Tusk|Great Tusk|2/100
|switch|p2a: Dragapult|Dragapult, F|95/100 brn
|-damage|p2a: Dragapult|82/100 brn|[from] Spikes
|turn|32
|
|t:|1758917589
|move|p1a: Great Tusk|Headlong Rush|p2a: Dragapult
|-damage|p2a: Dragapult|1/100 brn
|-unboost|p1a: Great Tusk|def|1
|-unboost|p1a: Great Tusk|spd|1
|move|p2a: Dragapult|Shadow Ball|p1a: Great Tusk
|-damage|p1a: Great Tusk|0 fnt
|faint|p1a: Great Tusk
|-end|p1a: Great Tusk|Protosynthesis|[silent]
|
|-damage|p2a: Dragapult|0 fnt|[from] brn
|faint|p2a: Dragapult
|upkeep
|
|t:|1758917594
|switch|p2a: Ogerpon|Ogerpon-Wellspring, F|39/100 tox
|switch|p1a: Amoonguss|Amoonguss, M|95/100
|-damage|p2a: Ogerpon|27/100 tox|[from] Spikes
|turn|33
|
|t:|1758917602
|move|p1a: Amoonguss|Protect|p1a: Amoonguss
|-singleturn|p1a: Amoonguss|Protect
|move|p2a: Ogerpon|Ivy Cudgel|p1a: Amoonguss|[anim] Ivy Cudgel Water
|-activate|p1a: Amoonguss|move: Protect
|
|-damage|p2a: Ogerpon|21/100 tox|[from] psn
|upkeep
|turn|34
|
|t:|1758917610
|switch|p1a: Alomomola|Alomomola, M|92/100
|move|p2a: Ogerpon|Ivy Cudgel|p1a: Alomomola|[anim] Ivy Cudgel Water
|-resisted|p1a: Alomomola
|-damage|p1a: Alomomola|67/100
|
|-damage|p2a: Ogerpon|9/100 tox|[from] psn
|upkeep
|turn|35
|
|t:|1758917612
|switch|p1a: Amoonguss|Amoonguss, M|100/100
|move|p2a: Ogerpon|Knock Off|p1a: Amoonguss
|-damage|p1a: Amoonguss|83/100
|
|-damage|p2a: Ogerpon|0 fnt|[from] psn
|faint|p2a: Ogerpon
|upkeep
|
|t:|1758917614
|switch|p2a: Wakiki|Comfey, M, shiny|91/100
|-damage|p2a: Wakiki|78/100|[from] Spikes
|turn|36
|
|t:|1758917617
|move|p2a: Wakiki|Calm Mind|p2a: Wakiki
|-boost|p2a: Wakiki|spa|1
|-boost|p2a: Wakiki|spd|1
|move|p1a: Amoonguss|Toxic|p2a: Wakiki
|-status|p2a: Wakiki|tox
|
|-damage|p2a: Wakiki|72/100 tox|[from] psn
|upkeep
|turn|37
|
|t:|1758917622
|move|p2a: Wakiki|Calm Mind|p2a: Wakiki
|-boost|p2a: Wakiki|spa|1
|-boost|p2a: Wakiki|spd|1
|move|p1a: Amoonguss|Leaf Storm|p2a: Wakiki
|-damage|p2a: Wakiki|53/100 tox
|-unboost|p1a: Amoonguss|spa|2
|
|-damage|p2a: Wakiki|41/100 tox|[from] psn
|upkeep
|turn|38
|
|t:|1758917629
|move|p1a: Amoonguss|Protect|p1a: Amoonguss
|-singleturn|p1a: Amoonguss|Protect
|move|p2a: Wakiki|Synthesis|p2a: Wakiki
|-heal|p2a: Wakiki|91/100 tox
|
|-damage|p2a: Wakiki|72/100 tox|[from] psn
|upkeep
|turn|39
|
|t:|1758917634
|switch|p1a: Alomomola|Alomomola, M|99/100
|move|p2a: Wakiki|Calm Mind|p2a: Wakiki
|-boost|p2a: Wakiki|spa|1
|-boost|p2a: Wakiki|spd|1
|
|-damage|p2a: Wakiki|48/100 tox|[from] psn
|upkeep
|turn|40
|
|t:|1758917638
|move|p2a: Wakiki|Synthesis|p2a: Wakiki
|-heal|p2a: Wakiki|98/100 tox
|move|p1a: Alomomola|Mirror Coat||[still]
|-fail|p1a: Alomomola
|
|-damage|p2a: Wakiki|67/100 tox|[from] psn
|upkeep
|turn|41
|
|t:|1758917645
|move|p2a: Wakiki|Calm Mind|p2a: Wakiki
|-boost|p2a: Wakiki|spa|1
|-boost|p2a: Wakiki|spd|1
|move|p1a: Alomomola|Mirror Coat||[still]
|-fail|p1a: Alomomola
|
|-damage|p2a: Wakiki|29/100 tox|[from] psn
|upkeep
|turn|42
|
|t:|1758917648
|move|p2a: Wakiki|Synthesis|p2a: Wakiki
|-heal|p2a: Wakiki|79/100 tox
|move|p1a: Alomomola|Body Slam|p2a: Wakiki
|-damage|p2a: Wakiki|60/100 tox
|
|-damage|p2a: Wakiki|17/100 tox|[from] psn
|upkeep
|turn|43
|
|t:|1758917654
|move|p2a: Wakiki|Draining Kiss|p1a: Alomomola
|-damage|p1a: Alomomola|63/100
|-heal|p2a: Wakiki|65/100 tox|[from] drain|[of] p1a: Alomomola
|-damage|p2a: Wakiki|55/100 tox|[from] item: Life Orb
|move|p1a: Alomomola|Body Slam|p2a: Wakiki
|-damage|p2a: Wakiki|35/100 tox
|
|-damage|p2a: Wakiki|0 fnt|[from] psn
|faint|p2a: Wakiki
|
|win|winslowyoudog
|raw|winslowyoudog's rating: 1811 &rarr; <strong>1825</strong><br />(+14 for winning)
|raw|Agent Killua's rating: 1711 &rarr; <strong>1697</strong><br />(-14 for losing)
|l|☆Agent Killua
|player|p2|
|l|☆winslowyoudog
|player|p1|
