|j|☆nastyplotxx
|j|☆jose2912
|t:|1759063168
|gametype|singles
|player|p1|nastyplotxx|veteran|1122
|player|p2|jose2912|2|1185
|gen|9
|tier|[Gen 9] OU
|rated|
|rule|HP Percentage Mod: HP is shown in percentages
|rule|Endless Battle Clause: Forcing endless battles is banned
|rule|Species Clause: Limit one of each Pokémon
|rule|OHKO Clause: OHKO moves are banned
|rule|Evasion Items Clause: Evasion items are banned
|rule|Evasion Moves Clause: Evasion moves are banned
|rule|Evasion Abilities Clause: Evasion abilities are banned
|rule|Sleep Moves Clause: Sleep-inducing moves are banned
|clearpoke
|poke|p1|Venusaur, M|
|poke|p1|Ninetales, F|
|poke|p1|Walking Wake|
|poke|p1|Florges-White, F|
|poke|p1|Mamoswine, M|
|poke|p1|Metagross|
|poke|p2|Ninetales, F|
|poke|p2|Raging Bolt|
|poke|p2|Hatterene, F|
|poke|p2|Walking Wake|
|poke|p2|Great Tusk|
|poke|p2|Scizor, M|
|teampreview
|inactive|Battle timer is ON: inactive players will automatically lose when time's up. (requested by jose2912)
|
|t:|1759063178
|teamsize|p1|6
|teamsize|p2|6
|start
|switch|p1a: Mamoswine|Mamoswine, M|100/100
|switch|p2a: Great Tusk|Great Tusk, shiny|100/100
|turn|1
|
|t:|1759063190
|-end|p2a: Great Tusk|Protosynthesis|[silent]
|switch|p2a: Scizor|Scizor, M|100/100
|move|p1a: Mamoswine|Stealth Rock|p2a: Scizor
|-sidestart|p2: jose2912|move: Stealth Rock
|
|upkeep
|turn|2
|
|t:|1759063199
|move|p2a: Scizor|U-turn|p1a: Mamoswine
|-damage|p1a: Mamoswine|45/100
|
|t:|1759063204
|switch|p2a: Great Tusk|Great Tusk, shiny|100/100|[from] U-turn
|-damage|p2a: Great Tusk|98/100|[from] Stealth Rock
|move|p1a: Mamoswine|Earthquake|p2a: Great Tusk
|-damage|p2a: Great Tusk|54/100
|
|-heal|p1a: Mamoswine|51/100|[from] item: Leftovers
|upkeep
|turn|3
|
|t:|1759063224
|move|p2a: Great Tusk|Headlong Rush|p1a: Mamoswine
|-damage|p1a: Mamoswine|0 fnt
|-unboost|p2a: Great Tusk|def|1
|-unboost|p2a: Great Tusk|spd|1
|faint|p1a: Mamoswine
|
|upkeep
|
|t:|1759063239
|switch|p1a: Ninetales|Ninetales, F, shiny|100/100
|-weather|SunnyDay|[from] ability: Drought|[of] p1a: Ninetales
|-activate|p2a: Great Tusk|ability: Protosynthesis
|-start|p2a: Great Tusk|protosynthesisatk
|turn|4
|
|t:|1759063267
|-end|p2a: Great Tusk|Protosynthesis|[silent]
|switch|p2a: Raging Bolt|Raging Bolt|100/100
|-damage|p2a: Raging Bolt|88/100|[from] Stealth Rock
|-activate|p2a: Raging Bolt|ability: Protosynthesis
|-start|p2a: Raging Bolt|protosynthesisspa
|move|p1a: Ninetales|Confuse Ray|p2a: Raging Bolt
|-start|p2a: Raging Bolt|confusion
|
|-weather|SunnyDay|[upkeep]
|upkeep
|turn|5
|inactive|nastyplotxx has 120 seconds left.
|
|t:|1759063300
|move|p1a: Ninetales|Will-O-Wisp|p2a: Raging Bolt|[miss]
|-miss|p1a: Ninetales|p2a: Raging Bolt
|-activate|p2a: Raging Bolt|confusion
|move|p2a: Raging Bolt|Thunderbolt|p1a: Ninetales
|-damage|p1a: Ninetales|36/100
|-status|p1a: Ninetales|par
|
|-weather|SunnyDay|[upkeep]
|upkeep
|turn|6
|
|t:|1759063309
|-activate|p2a: Raging Bolt|confusion
|move|p2a: Raging Bolt|Thunderbolt|p1a: Ninetales
|-damage|p1a: Ninetales|0 fnt
|faint|p1a: Ninetales
|
|-weather|SunnyDay|[upkeep]
|upkeep
|
|t:|1759063316
|switch|p1a: Florges|Florges-White, F|100/100
|turn|7
|
|t:|1759063319
|-activate|p2a: Raging Bolt|confusion
|move|p2a: Raging Bolt|Thunderbolt|p1a: Florges
|-crit|p1a: Florges
|-damage|p1a: Florges|36/100
|move|p1a: Florges|Calm Mind|p1a: Florges
|-boost|p1a: Florges|spa|1
|-boost|p1a: Florges|spd|1
|
|-weather|SunnyDay|[upkeep]
|-heal|p1a: Florges|42/100|[from] item: Leftovers
|upkeep
|turn|8
|inactive|nastyplotxx has 120 seconds left.
|
|t:|1759063333
|-terastallize|p1a: Florges|Steel
|-activate|p2a: Raging Bolt|confusion
|-damage|p2a: Raging Bolt|82/100|[from] confusion
|move|p1a: Florges|Draining Kiss|p2a: Raging Bolt
|-supereffective|p2a: Raging Bolt
|-damage|p2a: Raging Bolt|11/100
|-heal|p1a: Florges|99/100|[from] drain|[of] p2a: Raging Bolt
|
|-weather|SunnyDay|[upkeep]
|-heal|p1a: Florges|100/100|[from] item: Leftovers
|upkeep
|turn|9
|inactive|nastyplotxx has 120 seconds left.
|
|t:|1759063346
|-end|p2a: Raging Bolt|confusion
|move|p2a: Raging Bolt|Thunderbolt|p1a: Florges
|-crit|p1a: Florges
|-damage|p1a: Florges|34/100
|move|p1a: Florges|Draining Kiss|p2a: Raging Bolt
|-supereffective|p2a: Raging Bolt
|-damage|p2a: Raging Bolt|0 fnt
|-heal|p1a: Florges|42/100|[from] drain|[of] p2a: Raging Bolt
|faint|p2a: Raging Bolt
|-end|p2a: Raging Bolt|Protosynthesis|[silent]
|
|-weather|SunnyDay|[upkeep]
|-heal|p1a: Florges|48/100|[from] item: Leftovers
|upkeep
|
|t:|1759063365
|switch|p2a: Great Tusk|Great Tusk, shiny|54/100
|-damage|p2a: Great Tusk|51/100|[from] Stealth Rock
|-activate|p2a: Great Tusk|ability: Protosynthesis
|-start|p2a: Great Tusk|protosynthesisatk
|turn|10
|
|t:|1759063371
|move|p2a: Great Tusk|Headlong Rush|p1a: Florges
|-supereffective|p1a: Florges
|-damage|p1a: Florges|0 fnt
|-unboost|p2a: Great Tusk|def|1
|-unboost|p2a: Great Tusk|spd|1
|faint|p1a: Florges
|
|-weather|SunnyDay|[upkeep]
|upkeep
|
|t:|1759063380
|switch|p1a: Venusaur|Venusaur, M|100/100
|turn|11
|
|t:|1759063386
|move|p1a: Venusaur|Growth|p1a: Venusaur
|-boost|p1a: Venusaur|atk|2
|-boost|p1a: Venusaur|spa|2
|move|p2a: Great Tusk|Headlong Rush|p1a: Venusaur
|-damage|p1a: Venusaur|0 fnt
|-unboost|p2a: Great Tusk|def|1
|-unboost|p2a: Great Tusk|spd|1
|faint|p1a: Venusaur
|
|-weather|none
|-end|p2a: Great Tusk|Protosynthesis
|upkeep
|-message|nastyplotxx forfeited.
|
|win|jose2912
|raw|nastyplotxx's rating: 1122 &rarr; <strong>1101</strong><br />(-21 for losing)
|raw|jose2912's rating: 1185 &rarr; <strong>1206</strong><br />(+21 for winning)
|l|☆nastyplotxx
|player|p1|
|l|☆jose2912
|player|p2|
