|j|☆irfan666
|j|☆alexismarelli
|t:|1758924549
|gametype|singles
|player|p1|irfan666|1|1136
|player|p2|alexismarelli|102|1135
|gen|9
|tier|[Gen 9] OU
|rated|
|rule|HP Percentage Mod: HP is shown in percentages
|rule|Endless Battle Clause: Forcing endless battles is banned
|rule|Species Clause: Limit one of each Pokémon
|rule|OHKO Clause: OHKO moves are banned
|rule|Evasion Items Clause: Evasion items are banned
|rule|Evasion Moves Clause: Evasion moves are banned
|rule|Evasion Abilities Clause: Evasion abilities are banned
|rule|Sleep Moves Clause: Sleep-inducing moves are banned
|clearpoke
|poke|p1|Kommo-o, M|
|poke|p1|Gholdengo|
|poke|p1|Ninetales-Alola, M|
|poke|p1|Hatterene, F|
|poke|p1|Zamazenta-*|
|poke|p1|Kingambit, M|
|poke|p2|Smeargle, F|
|poke|p2|Furret, M|
|poke|p2|Gumshoos, F|
|poke|p2|Persian, M|
|poke|p2|Zangoose, M|
|poke|p2|Greedent, M|
|teampreview
|
|t:|1758924554
|teamsize|p1|6
|teamsize|p2|6
|start
|switch|p1a: Ninetales|Ninetales-Alola, M|100/100
|switch|p2a: Smeargle|Smeargle, F|100/100
|-weather|Snowscape|[from] ability: Snow Warning|[of] p1a: Ninetales
|turn|1
|
|t:|1758924560
|move|p1a: Ninetales|Aurora Veil|p1a: Ninetales
|-sidestart|p1: irfan666|move: Aurora Veil
|move|p2a: Smeargle|Shell Smash|p2a: Smeargle
|-unboost|p2a: Smeargle|def|1
|-unboost|p2a: Smeargle|spd|1
|-boost|p2a: Smeargle|atk|2
|-boost|p2a: Smeargle|spa|2
|-boost|p2a: Smeargle|spe|2
|
|-weather|Snowscape|[upkeep]
|upkeep
|turn|2
|
|t:|1758924565
|move|p2a: Smeargle|Population Bomb|p1a: Ninetales
|-damage|p1a: Ninetales|95/100
|-damage|p1a: Ninetales|90/100
|-damage|p1a: Ninetales|84/100
|-damage|p1a: Ninetales|79/100
|-damage|p1a: Ninetales|73/100
|-damage|p1a: Ninetales|67/100
|-hitcount|p1a: Ninetales|6
|move|p1a: Ninetales|Encore|p2a: Smeargle
|-start|p2a: Smeargle|Encore
|
|-weather|Snowscape|[upkeep]
|upkeep
|turn|3
|
|t:|1758924578
|switch|p2a: Furret|Furret, M|100/100
|-item|p1a: Ninetales|Light Clay|[from] ability: Frisk|[of] p2a: Furret
|switch|p1a: Gholdengo|Gholdengo|100/100
|
|-weather|Snowscape|[upkeep]
|upkeep
|turn|4
|
|t:|1758924589
|move|p2a: Furret|Trick|p1a: Gholdengo
|-immune|p1a: Gholdengo|[from] ability: Good as Gold
|move|p1a: Gholdengo|Nasty Plot|p1a: Gholdengo
|-boost|p1a: Gholdengo|spa|2
|
|-weather|Snowscape|[upkeep]
|upkeep
|turn|5
|
|t:|1758924597
|switch|p2a: Persian|Persian, M|100/100
|move|p1a: Gholdengo|Nasty Plot|p1a: Gholdengo
|-boost|p1a: Gholdengo|spa|2
|
|-weather|none
|upkeep
|turn|6
|
|t:|1758924613
|move|p2a: Persian|Foul Play|p1a: Gholdengo
|-supereffective|p1a: Gholdengo
|-damage|p1a: Gholdengo|89/100
|move|p1a: Gholdengo|Psyshock|p2a: Persian
|-damage|p2a: Persian|0 fnt
|faint|p2a: Persian
|
|upkeep
|
|t:|1758924621
|switch|p2a: Furret|Furret, M|100/100
|-item|p1a: Gholdengo|Custap Berry|[from] ability: Frisk|[of] p2a: Furret
|turn|7
|
|t:|1758924625
|move|p2a: Furret|Knock Off|p1a: Gholdengo
|-supereffective|p1a: Gholdengo
|-damage|p1a: Gholdengo|64/100
|-enditem|p1a: Gholdengo|Custap Berry|[from] move: Knock Off|[of] p2a: Furret
|move|p1a: Gholdengo|Nasty Plot|p1a: Gholdengo
|-boost|p1a: Gholdengo|spa|2
|
|upkeep
|turn|8
|
|t:|1758924632
|move|p2a: Furret|Knock Off|p1a: Gholdengo
|-supereffective|p1a: Gholdengo
|-damage|p1a: Gholdengo|45/100
|move|p1a: Gholdengo|Focus Blast|p2a: Furret
|-supereffective|p2a: Furret
|-damage|p2a: Furret|0 fnt
|faint|p2a: Furret
|
|-sideend|p1: irfan666|move: Aurora Veil
|upkeep
|
|t:|1758924639
|switch|p2a: Smeargle|Smeargle, F|100/100
|turn|9
|
|t:|1758924646
|-terastallize|p2a: Smeargle|Ghost
|move|p1a: Gholdengo|Psyshock|p2a: Smeargle
|-enditem|p2a: Smeargle|Focus Sash
|-damage|p2a: Smeargle|1/100
|move|p2a: Smeargle|Shell Smash|p2a: Smeargle
|-unboost|p2a: Smeargle|def|1
|-unboost|p2a: Smeargle|spd|1
|-boost|p2a: Smeargle|atk|2
|-boost|p2a: Smeargle|spa|2
|-boost|p2a: Smeargle|spe|2
|
|upkeep
|turn|10
|
|t:|1758924651
|move|p2a: Smeargle|Power Trip|p1a: Gholdengo
|-supereffective|p1a: Gholdengo
|-damage|p1a: Gholdengo|0 fnt
|faint|p1a: Gholdengo
|
|upkeep
|
|t:|1758924660
|switch|p1a: Ninetales|Ninetales-Alola, M|67/100
|-weather|Snowscape|[from] ability: Snow Warning|[of] p1a: Ninetales
|turn|11
|
|t:|1758924675
|move|p2a: Smeargle|Population Bomb|p1a: Ninetales
|-damage|p1a: Ninetales|56/100
|-damage|p1a: Ninetales|45/100
|-damage|p1a: Ninetales|33/100
|-damage|p1a: Ninetales|23/100
|-damage|p1a: Ninetales|13/100
|-damage|p1a: Ninetales|1/100
|-damage|p1a: Ninetales|0 fnt
|faint|p1a: Ninetales
|-hitcount|p1: Ninetales|7
|
|-weather|Snowscape|[upkeep]
|upkeep
|
|t:|1758924699
|switch|p1a: Kommo-o|Kommo-o, M|100/100
|turn|12
|
|t:|1758924703
|move|p2a: Smeargle|Population Bomb|p1a: Kommo-o
|-damage|p1a: Kommo-o|87/100
|-damage|p1a: Kommo-o|74/100
|-damage|p1a: Kommo-o|61/100
|-damage|p1a: Kommo-o|47/100
|-damage|p1a: Kommo-o|35/100
|-damage|p1a: Kommo-o|23/100
|-damage|p1a: Kommo-o|10/100
|-damage|p1a: Kommo-o|0 fnt
|faint|p1a: Kommo-o
|-hitcount|p1: Kommo-o|8
|
|-weather|Snowscape|[upkeep]
|upkeep
|
|t:|1758924708
|switch|p1a: Kingambit|Kingambit, M|100/100
|-activate|p1a: Kingambit|ability: Supreme Overlord
|-start|p1a: Kingambit|fallen3|[silent]
|-item|p1a: Kingambit|Air Balloon
|turn|13
|
|t:|1758924723
|move|p2a: Smeargle|Burning Bulwark|p2a: Smeargle
|-singleturn|p2a: Smeargle|move: Protect
|move|p1a: Kingambit|Sucker Punch||[still]
|-fail|p1a: Kingambit
|
|-weather|Snowscape|[upkeep]
|upkeep
|turn|14
|
|t:|1758924730
|move|p1a: Kingambit|Sucker Punch||[still]
|-fail|p1a: Kingambit
|move|p2a: Smeargle|Shell Smash|p2a: Smeargle
|-unboost|p2a: Smeargle|def|1
|-unboost|p2a: Smeargle|spd|1
|-boost|p2a: Smeargle|atk|2
|-boost|p2a: Smeargle|spa|2
|-boost|p2a: Smeargle|spe|2
|
|-weather|Snowscape|[upkeep]
|upkeep
|turn|15
|
|t:|1758924733
|move|p2a: Smeargle|Burning Bulwark|p2a: Smeargle
|-singleturn|p2a: Smeargle|move: Protect
|move|p1a: Kingambit|Sucker Punch||[still]
|-fail|p1a: Kingambit
|
|-weather|none
|upkeep
|turn|16
|
|t:|1758924738
|move|p2a: Smeargle|Burning Bulwark|p2a: Smeargle
|-singleturn|p2a: Smeargle|move: Protect
|move|p1a: Kingambit|Sucker Punch||[still]
|-fail|p1a: Kingambit
|
|upkeep
|turn|17
|
|t:|1758924744
|move|p1a: Kingambit|Sucker Punch||[still]
|-fail|p1a: Kingambit
|move|p2a: Smeargle|Shell Smash|p2a: Smeargle
|-unboost|p2a: Smeargle|def|1
|-unboost|p2a: Smeargle|spd|1
|-boost|p2a: Smeargle|atk|2
|-boost|p2a: Smeargle|spa|2
|-boost|p2a: Smeargle|spe|2
|
|upkeep
|turn|18
|
|t:|1758924750
|move|p2a: Smeargle|Burning Bulwark|p2a: Smeargle
|-singleturn|p2a: Smeargle|move: Protect
|move|p1a: Kingambit|Sucker Punch||[still]
|-fail|p1a: Kingambit
|
|upkeep
|turn|19
|
|t:|1758924757
|move|p2a: Smeargle|Burning Bulwark||[still]
|-fail|p2a: Smeargle
|move|p1a: Kingambit|Sucker Punch||[still]
|-fail|p1a: Kingambit
|
|upkeep
|turn|20
|
|t:|1758924765
|move|p2a: Smeargle|Burning Bulwark|p2a: Smeargle
|-singleturn|p2a: Smeargle|move: Protect
|move|p1a: Kingambit|Iron Head|p2a: Smeargle
|-activate|p2a: Smeargle|move: Protect
|-status|p1a: Kingambit|brn
|
|-damage|p1a: Kingambit|94/100 brn|[from] brn
|upkeep
|turn|21
|
|t:|1758924774
|move|p2a: Smeargle|Burning Bulwark||[still]
|-fail|p2a: Smeargle
|move|p1a: Kingambit|Iron Head|p2a: Smeargle
|-damage|p2a: Smeargle|0 fnt
|faint|p2a: Smeargle
|
|-damage|p1a: Kingambit|88/100 brn|[from] brn
|upkeep
|
|t:|1758924783
|switch|p2a: Zangoose|Zangoose, M|100/100
|turn|22
|
|t:|1758924791
|move|p2a: Zangoose|Close Combat|p1a: Kingambit
|-supereffective|p1a: Kingambit
|-damage|p1a: Kingambit|0 fnt
|-unboost|p2a: Zangoose|def|1
|-unboost|p2a: Zangoose|spd|1
|-enditem|p1a: Kingambit|Air Balloon
|faint|p1a: Kingambit
|-end|p1a: Kingambit|fallen3|[silent]
|
|-status|p2a: Zangoose|tox|[from] item: Toxic Orb
|upkeep
|
|t:|1758924797
|switch|p1a: Hatterene|Hatterene, F|100/100
|turn|23
|
|t:|1758924801
|move|p2a: Zangoose|Facade|p1a: Hatterene
|-damage|p1a: Hatterene|22/100
|move|p1a: Hatterene|Calm Mind|p1a: Hatterene
|-boost|p1a: Hatterene|spa|1
|-boost|p1a: Hatterene|spd|1
|
|-damage|p2a: Zangoose|95/100 tox|[from] psn
|upkeep
|turn|24
|
|t:|1758924812
|move|p2a: Zangoose|Facade|p1a: Hatterene
|-damage|p1a: Hatterene|0 fnt
|faint|p1a: Hatterene
|
|-damage|p2a: Zangoose|83/100 tox|[from] psn
|upkeep
|
|t:|1758924814
|switch|p1a: Zamazenta|Zamazenta|100/100
|-ability|p1a: Zamazenta|Dauntless Shield|boost
|-boost|p1a: Zamazenta|def|1
|turn|25
|
|t:|1758924823
|move|p2a: Zangoose|Quick Attack|p1a: Zamazenta
|-damage|p1a: Zamazenta|83/100
|move|p1a: Zamazenta|Close Combat|p2a: Zangoose
|-supereffective|p2a: Zangoose
|-damage|p2a: Zangoose|0 fnt
|-unboost|p1a: Zamazenta|def|1
|-unboost|p1a: Zamazenta|spd|1
|faint|p2a: Zangoose
|-damage|p1a: Zamazenta|73/100|[from] item: Life Orb
|
|upkeep
|
|t:|1758924829
|switch|p2a: Gumshoos|Gumshoos, F|100/100
|turn|26
|
|t:|1758924831
|move|p1a: Zamazenta|Close Combat|p2a: Gumshoos
|-supereffective|p2a: Gumshoos
|-damage|p2a: Gumshoos|0 fnt
|-unboost|p1a: Zamazenta|def|1
|-unboost|p1a: Zamazenta|spd|1
|faint|p2a: Gumshoos
|-damage|p1a: Zamazenta|63/100|[from] item: Life Orb
|
|upkeep
|
|t:|1758924836
|switch|p2a: Greedent|Greedent, M|100/100
|turn|27
|
|t:|1758924838
|move|p1a: Zamazenta|Close Combat|p2a: Greedent
|-supereffective|p2a: Greedent
|-damage|p2a: Greedent|0 fnt
|-unboost|p1a: Zamazenta|def|1
|-unboost|p1a: Zamazenta|spd|1
|faint|p2a: Greedent
|-damage|p1a: Zamazenta|53/100|[from] item: Life Orb
|
|win|irfan666
|raw|irfan666's rating: 1136 &rarr; <strong>1161</strong><br />(+25 for winning)
|raw|alexismarelli's rating: 1135 &rarr; <strong>1110</strong><br />(-25 for losing)
|l|☆irfan666
|player|p1|
|l|☆alexismarelli
|player|p2|
