|j|☆person_134
|j|☆thatboiap
|t:|1758991481
|gametype|singles
|player|p1|person_134|archer|1103
|player|p2|thatboiap|pokemaniac|1135
|gen|9
|tier|[Gen 9] OU
|rated|
|rule|HP Percentage Mod: HP is shown in percentages
|rule|Endless Battle Clause: Forcing endless battles is banned
|rule|Species Clause: Limit one of each Pokémon
|rule|OHKO Clause: OHKO moves are banned
|rule|Evasion Items Clause: Evasion items are banned
|rule|Evasion Moves Clause: Evasion moves are banned
|rule|Evasion Abilities Clause: Evasion abilities are banned
|rule|Sleep Moves Clause: Sleep-inducing moves are banned
|clearpoke
|poke|p1|Kommo-o, F|
|poke|p1|Florges, F|
|poke|p1|Porygon-Z|
|poke|p1|Muk-Alola, M|
|poke|p1|Mudsdale, M|
|poke|p1|Magmortar, M|
|poke|p2|Arcanine-Hisui, M|
|poke|p2|Great Tusk|
|poke|p2|Weezing-Galar, M|
|poke|p2|Sinistcha|
|poke|p2|Samurott-Hisui, M|
|poke|p2|Latios, M|
|teampreview
|
|t:|1758991495
|teamsize|p1|6
|teamsize|p2|6
|start
|switch|p1a: Kommo-o|Kommo-o, F|100/100
|switch|p2a: Jack Sparrow|Samurott-Hisui, M, shiny|100/100
|turn|1
|
|t:|1758991502
|move|p1a: Kommo-o|Swords Dance|p1a: Kommo-o
|-boost|p1a: Kommo-o|atk|2
|move|p2a: Jack Sparrow|Ceaseless Edge|p1a: Kommo-o
|-resisted|p1a: Kommo-o
|-damage|p1a: Kommo-o|72/100
|-sidestart|p1: person_134|Spikes
|
|-heal|p1a: Kommo-o|79/100|[from] item: Leftovers
|upkeep
|turn|2
|
|t:|1758991513
|move|p1a: Kommo-o|Swords Dance|p1a: Kommo-o
|-boost|p1a: Kommo-o|atk|2
|move|p2a: Jack Sparrow|Knock Off|p1a: Kommo-o
|-resisted|p1a: Kommo-o
|-damage|p1a: Kommo-o|51/100
|-enditem|p1a: Kommo-o|Leftovers|[from] move: Knock Off|[of] p2a: Jack Sparrow
|
|upkeep
|turn|3
|
|t:|1758991521
|move|p2a: Jack Sparrow|Sucker Punch|p1a: Kommo-o
|-resisted|p1a: Kommo-o
|-damage|p1a: Kommo-o|32/100
|move|p1a: Kommo-o|Drain Punch|p2a: Jack Sparrow
|-supereffective|p2a: Jack Sparrow
|-crit|p2a: Jack Sparrow
|-damage|p2a: Jack Sparrow|0 fnt
|-heal|p1a: Kommo-o|87/100|[from] drain|[of] p2a: Jack Sparrow
|faint|p2a: Jack Sparrow
|
|upkeep
|
|t:|1758991529
|switch|p2a: Sentinel|Weezing-Galar, M, shiny|100/100
|-ability|p2a: Sentinel|Neutralizing Gas
|turn|4
|
|t:|1758991541
|switch|p1a: Muk|Muk-Alola, M|100/100
|-damage|p1a: Muk|88/100|[from] Spikes
|move|p2a: Sentinel|Will-O-Wisp|p1a: Muk
|-status|p1a: Muk|brn
|
|-heal|p1a: Muk|94/100 brn|[from] item: Black Sludge
|-damage|p1a: Muk|88/100 brn|[from] brn
|upkeep
|turn|5
|
|t:|1758991569
|-end|p2a: Sentinel|ability: Neutralizing Gas
|switch|p2a: Behemoth|Great Tusk, shiny|100/100
|switch|p1a: Mudsdale|Mudsdale, M|100/100
|-damage|p1a: Mudsdale|88/100|[from] Spikes
|
|-heal|p1a: Mudsdale|94/100|[from] item: Leftovers
|upkeep
|turn|6
|
|t:|1758991585
|move|p2a: Behemoth|Ice Spinner|p1a: Mudsdale
|-supereffective|p1a: Mudsdale
|-damage|p1a: Mudsdale|54/100
|-ability|p1a: Mudsdale|Stamina|boost
|-boost|p1a: Mudsdale|def|1
|move|p1a: Mudsdale|Body Press|p2a: Behemoth
|-damage|p2a: Behemoth|76/100
|
|-heal|p1a: Mudsdale|60/100|[from] item: Leftovers
|upkeep
|turn|7
|
|t:|1758991596
|-end|p2a: Behemoth|Protosynthesis|[silent]
|switch|p2a: Sagittarius|Sinistcha, shiny|100/100
|move|p1a: Mudsdale|Body Press|p2a: Sagittarius
|-immune|p2a: Sagittarius
|
|-heal|p1a: Mudsdale|67/100|[from] item: Leftovers
|upkeep
|turn|8
|
|t:|1758991605
|switch|p1a: Porygon-Z|Porygon-Z|100/100
|-damage|p1a: Porygon-Z|88/100|[from] Spikes
|-ability|p1a: Porygon-Z|Download|boost
|-boost|p1a: Porygon-Z|spa|1
|move|p2a: Sagittarius|Calm Mind|p2a: Sagittarius
|-boost|p2a: Sagittarius|spa|1
|-boost|p2a: Sagittarius|spd|1
|
|upkeep
|turn|9
|
|t:|1758991615
|move|p1a: Porygon-Z|Ice Beam|p2a: Sagittarius
|-supereffective|p2a: Sagittarius
|-damage|p2a: Sagittarius|0 fnt
|faint|p2a: Sagittarius
|-damage|p1a: Porygon-Z|78/100|[from] item: Life Orb
|
|upkeep
|
|t:|1758991629
|switch|p2a: Sentinel|Weezing-Galar, M, shiny|100/100
|-ability|p2a: Sentinel|Neutralizing Gas
|turn|10
|
|t:|1758991634
|move|p1a: Porygon-Z|Psychic|p2a: Sentinel
|-supereffective|p2a: Sentinel
|-damage|p2a: Sentinel|0 fnt
|faint|p2a: Sentinel
|-end|p2a: Sentinel|ability: Neutralizing Gas
|-damage|p1a: Porygon-Z|68/100|[from] item: Life Orb
|
|upkeep
|
|t:|1758991644
|switch|p2a: Behemoth|Great Tusk, shiny|76/100
|turn|11
|
|t:|1758991651
|-terastallize|p1a: Porygon-Z|Ghost
|move|p2a: Behemoth|Close Combat|p1a: Porygon-Z
|-immune|p1a: Porygon-Z
|move|p1a: Porygon-Z|Psychic|p2a: Behemoth
|-supereffective|p2a: Behemoth
|-damage|p2a: Behemoth|0 fnt
|faint|p2a: Behemoth
|-end|p2a: Behemoth|Protosynthesis|[silent]
|-damage|p1a: Porygon-Z|58/100|[from] item: Life Orb
|
|upkeep
|-message|thatboiap forfeited.
|
|win|person_134
|raw|person_134's rating: 1103 &rarr; <strong>1130</strong><br />(+27 for winning)
|raw|thatboiap's rating: 1135 &rarr; <strong>1108</strong><br />(-27 for losing)
|l|☆thatboiap
|player|p2|
|l|☆person_134
|player|p1|
