|j|☆bertoskyT
|j|☆will-i-am2
|t:|1759004017
|gametype|singles
|player|p1|bertoskyT|ethan|1631
|player|p2|will-i-am2|169|1595
|gen|9
|tier|[Gen 9] OU
|rated|
|rule|HP Percentage Mod: HP is shown in percentages
|rule|Endless Battle Clause: Forcing endless battles is banned
|rule|Species Clause: Limit one of each Pokémon
|rule|OHKO Clause: OHKO moves are banned
|rule|Evasion Items Clause: Evasion items are banned
|rule|Evasion Moves Clause: Evasion moves are banned
|rule|Evasion Abilities Clause: Evasion abilities are banned
|rule|Sleep Moves Clause: Sleep-inducing moves are banned
|clearpoke
|poke|p1|Dragapult, M|
|poke|p1|Landorus-Therian, M|
|poke|p1|Ogerpon-Wellspring, F|
|poke|p1|Greninja-*, M|
|poke|p1|Slowking-Galar, M|
|poke|p1|Forretress, M|
|poke|p2|Registeel|
|poke|p2|Mamoswine, F|
|poke|p2|Mimikyu, F|
|poke|p2|Hydreigon, F|
|poke|p2|Slowbro, F|
|poke|p2|Mandibuzz, F|
|teampreview
|inactive|Battle timer is ON: inactive players will automatically lose when time's up. (requested by bertoskyT)
|inactive|will-i-am2 has 120 seconds left.
|inactive|will-i-am2 has 90 seconds left.
|inactive|will-i-am2 has 60 seconds left.
|
|t:|1759004131
|teamsize|p1|6
|teamsize|p2|6
|start
|switch|p1a: Landorus|Landorus-Therian, M|100/100
|switch|p2a: Mamoswine|Mamoswine, F|100/100
|-ability|p1a: Landorus|Intimidate|boost
|-unboost|p2a: Mamoswine|atk|1
|turn|1
|inactive|bertoskyT has 120 seconds left.
|
|t:|1759004171
|switch|p1a: Forretress|Forretress, M|100/100
|move|p2a: Mamoswine|Icicle Crash|p1a: Forretress
|-resisted|p1a: Forretress
|-crit|p1a: Forretress
|-damage|p1a: Forretress|73/100
|
|upkeep
|turn|2
|
|t:|1759004186
|switch|p2a: Slowbro|Slowbro, F|100/100
|move|p1a: Forretress|Spikes|p2a: Slowbro
|-sidestart|p2: will-i-am2|Spikes
|
|upkeep
|turn|3
|
|t:|1759004192
|move|p2a: Slowbro|Scald|p1a: Forretress
|-damage|p1a: Forretress|14/100
|-status|p1a: Forretress|brn
|move|p1a: Forretress|Spikes|p2a: Slowbro
|-sidestart|p2: will-i-am2|Spikes
|
|-damage|p1a: Forretress|8/100 brn|[from] brn
|upkeep
|turn|4
|
|t:|1759004198
|switch|p1a: Slowking|Slowking-Galar, M|100/100
|move|p2a: Slowbro|Scald|p1a: Slowking
|-damage|p1a: Slowking|78/100
|
|upkeep
|turn|5
|
|t:|1759004212
|switch|p2a: Mandibuzz|Mandibuzz, F|100/100
|-prepare|p1a: Slowking|Chilly Reception|[premajor]
|move|p1a: Slowking|Chilly Reception|p1a: Slowking
|-weather|Snowscape
|
|t:|1759004238
|switch|p1a: Landorus|Landorus-Therian, M|100/100|[from] Chilly Reception
|-ability|p1a: Landorus|Intimidate|boost
|-unboost|p2a: Mandibuzz|atk|1
|
|-weather|Snowscape|[upkeep]
|upkeep
|turn|6
|
|t:|1759004259
|move|p1a: Landorus|Taunt|p2a: Mandibuzz
|-start|p2a: Mandibuzz|move: Taunt
|cant|p2a: Mandibuzz|move: Taunt|Defog
|
|-weather|Snowscape|[upkeep]
|upkeep
|turn|7
|
|t:|1759004273
|move|p1a: Landorus|Stealth Rock|p2a: Mandibuzz
|-sidestart|p2: will-i-am2|move: Stealth Rock
|move|p2a: Mandibuzz|Foul Play|p1a: Landorus
|-damage|p1a: Landorus|74/100
|-damage|p2a: Mandibuzz|84/100|[from] item: Rocky Helmet|[of] p1a: Landorus
|
|-weather|Snowscape|[upkeep]
|upkeep
|turn|8
|
|t:|1759004290
|move|p1a: Landorus|U-turn|p2a: Mandibuzz
|-damage|p2a: Mandibuzz|73/100
|-damage|p1a: Landorus|57/100|[from] item: Rocky Helmet|[of] p2a: Mandibuzz
|
|t:|1759004295
|switch|p1a: Forretress|Forretress, M|8/100 brn|[from] U-turn
|move|p2a: Mandibuzz|Foul Play|p1a: Forretress
|-damage|p1a: Forretress|0 fnt
|-damage|p2a: Mandibuzz|57/100|[from] item: Rocky Helmet|[of] p1a: Forretress
|faint|p1a: Forretress
|
|-weather|Snowscape|[upkeep]
|-end|p2a: Mandibuzz|move: Taunt
|upkeep
|
|t:|1759004298
|switch|p1a: Landorus|Landorus-Therian, M|57/100
|-ability|p1a: Landorus|Intimidate|boost
|-unboost|p2a: Mandibuzz|atk|1
|turn|9
|
|t:|1759004300
|move|p1a: Landorus|Taunt|p2a: Mandibuzz
|-start|p2a: Mandibuzz|move: Taunt
|move|p2a: Mandibuzz|Foul Play|p1a: Landorus
|-damage|p1a: Landorus|28/100
|-damage|p2a: Mandibuzz|40/100|[from] item: Rocky Helmet|[of] p1a: Landorus
|
|-weather|none
|upkeep
|turn|10
|
|t:|1759004308
|switch|p1a: Greninja|Greninja, M|100/100
|move|p2a: Mandibuzz|Foul Play|p1a: Greninja
|-resisted|p1a: Greninja
|-damage|p1a: Greninja|78/100
|
|upkeep
|turn|11
|
|t:|1759004317
|switch|p2a: Registeel|Registeel|100/100
|-damage|p2a: Registeel|84/100|[from] Spikes
|-damage|p2a: Registeel|78/100|[from] Stealth Rock
|move|p1a: Greninja|Dark Pulse|p2a: Registeel
|-damage|p2a: Registeel|53/100
|-damage|p1a: Greninja|69/100|[from] item: Life Orb
|
|-heal|p2a: Registeel|59/100|[from] item: Leftovers
|upkeep
|turn|12
|
|t:|1759004324
|move|p1a: Greninja|Surf|p2a: Registeel
|-damage|p2a: Registeel|30/100
|-damage|p1a: Greninja|59/100|[from] item: Life Orb
|move|p2a: Registeel|Stealth Rock|p1a: Greninja
|-sidestart|p1: bertoskyT|move: Stealth Rock
|
|-heal|p2a: Registeel|36/100|[from] item: Leftovers
|upkeep
|turn|13
|
|t:|1759004339
|move|p1a: Greninja|Surf|p2a: Registeel
|-damage|p2a: Registeel|10/100
|-damage|p1a: Greninja|49/100|[from] item: Life Orb
|move|p2a: Registeel|Body Press|p1a: Greninja
|-supereffective|p1a: Greninja
|-damage|p1a: Greninja|0 fnt
|faint|p1a: Greninja
|
|-heal|p2a: Registeel|16/100|[from] item: Leftovers
|upkeep
|
|t:|1759004347
|switch|p1a: Dragapult|Dragapult, M|100/100
|-damage|p1a: Dragapult|88/100|[from] Stealth Rock
|turn|14
|
|t:|1759004354
|move|p1a: Dragapult|Dragon Darts|p2a: Registeel
|-resisted|p2a: Registeel
|-damage|p2a: Registeel|4/100
|-anim|p1a: Dragapult|Dragon Darts|p2a: Registeel
|-resisted|p2a: Registeel
|-damage|p2a: Registeel|0 fnt
|faint|p2a: Registeel
|
|upkeep
|
|t:|1759004358
|switch|p2a: Mamoswine|Mamoswine, F|100/100
|-damage|p2a: Mamoswine|84/100|[from] Spikes
|-damage|p2a: Mamoswine|71/100|[from] Stealth Rock
|turn|15
|
|t:|1759004363
|switch|p1a: Landorus|Landorus-Therian, M|28/100
|-damage|p1a: Landorus|16/100|[from] Stealth Rock
|-ability|p1a: Landorus|Intimidate|boost
|-unboost|p2a: Mamoswine|atk|1
|move|p2a: Mamoswine|Icicle Crash|p1a: Landorus
|-supereffective|p1a: Landorus
|-damage|p1a: Landorus|0 fnt
|faint|p1a: Landorus
|
|upkeep
|
|t:|1759004365
|switch|p1a: Ogerpon|Ogerpon-Wellspring, F|100/100
|-damage|p1a: Ogerpon|88/100|[from] Stealth Rock
|turn|16
|
|t:|1759004369
|switch|p2a: Mandibuzz|Mandibuzz, F|40/100
|-damage|p2a: Mandibuzz|15/100|[from] Stealth Rock
|move|p1a: Ogerpon|Swords Dance|p1a: Ogerpon
|-boost|p1a: Ogerpon|atk|2
|
|upkeep
|turn|17
|
|t:|1759004375
|move|p1a: Ogerpon|Horn Leech|p2a: Mandibuzz
|-resisted|p2a: Mandibuzz
|-damage|p2a: Mandibuzz|0 fnt
|-heal|p1a: Ogerpon|99/100|[from] drain|[of] p2a: Mandibuzz
|-damage|p1a: Ogerpon|82/100|[from] item: Rocky Helmet|[of] p2a: Mandibuzz
|faint|p2a: Mandibuzz
|
|upkeep
|
|t:|1759004377
|switch|p2a: Mimikyu|Mimikyu, F|100/100
|-damage|p2a: Mimikyu|84/100|[from] Spikes
|-damage|p2a: Mimikyu|72/100|[from] Stealth Rock
|turn|18
|
|t:|1759004382
|move|p1a: Ogerpon|Knock Off|p2a: Mimikyu
|-activate|p2a: Mimikyu|ability: Disguise
|-damage|p2a: Mimikyu|72/100
|-enditem|p2a: Mimikyu|Life Orb|[from] move: Knock Off|[of] p1a: Ogerpon
|detailschange|p2a: Mimikyu|Mimikyu-Busted, F
|-damage|p2a: Mimikyu|59/100|[from] pokemon: Mimikyu-Busted
|move|p2a: Mimikyu|Play Rough|p1a: Ogerpon
|-damage|p1a: Ogerpon|26/100
|
|upkeep
|turn|19
|
|t:|1759004392
|move|p2a: Mimikyu|Shadow Sneak|p1a: Ogerpon
|-damage|p1a: Ogerpon|0 fnt
|faint|p1a: Ogerpon
|
|upkeep
|
|t:|1759004395
|switch|p1a: Dragapult|Dragapult, M|88/100
|-damage|p1a: Dragapult|76/100|[from] Stealth Rock
|turn|20
|
|t:|1759004404
|-terastallize|p1a: Dragapult|Ghost
|move|p2a: Mimikyu|Shadow Sneak|p1a: Dragapult
|-supereffective|p1a: Dragapult
|-damage|p1a: Dragapult|29/100
|move|p1a: Dragapult|Tera Blast|p2a: Mimikyu|[anim] Tera Blast Ghost
|-supereffective|p2a: Mimikyu
|-damage|p2a: Mimikyu|0 fnt
|faint|p2a: Mimikyu
|
|upkeep
|
|t:|1759004412
|switch|p2a: Mamoswine|Mamoswine, F|71/100
|-damage|p2a: Mamoswine|55/100|[from] Spikes
|-damage|p2a: Mamoswine|42/100|[from] Stealth Rock
|turn|21
|
|t:|1759004416
|move|p2a: Mamoswine|Ice Shard|p1a: Dragapult
|-damage|p1a: Dragapult|0 fnt
|faint|p1a: Dragapult
|
|upkeep
|
|t:|1759004422
|switch|p1a: Slowking|Slowking-Galar, M|100/100
|turn|22
|
|t:|1759004426
|switch|p2a: Hydreigon|Hydreigon, F|100/100
|-damage|p2a: Hydreigon|88/100|[from] Stealth Rock
|move|p1a: Slowking|Flamethrower|p2a: Hydreigon
|-resisted|p2a: Hydreigon
|-damage|p2a: Hydreigon|75/100
|
|upkeep
|turn|23
|
|t:|1759004429
|move|p2a: Hydreigon|Dark Pulse|p1a: Slowking
|-supereffective|p1a: Slowking
|-damage|p1a: Slowking|35/100
|move|p1a: Slowking|Thunder Wave|p2a: Hydreigon
|-status|p2a: Hydreigon|par
|
|upkeep
|turn|24
|
|t:|1759004433
|move|p2a: Hydreigon|Dark Pulse|p1a: Slowking
|-supereffective|p1a: Slowking
|-crit|p1a: Slowking
|-damage|p1a: Slowking|0 fnt
|faint|p1a: Slowking
|
|win|will-i-am2
|raw|bertoskyT's rating: 1631 &rarr; <strong>1609</strong><br />(-22 for losing)
|raw|will-i-am2's rating: 1595 &rarr; <strong>1617</strong><br />(+22 for winning)
|l|☆bertoskyT
|player|p1|
|c|☆will-i-am2|gg
|l|☆will-i-am2
|player|p2|
