|j|☆noahthebadplayer
|j|☆AnatiosTheHungry
|t:|1759052233
|gametype|singles
|player|p1|noahthebadplayer|169|1173
|player|p2|AnatiosTheHungry|alder|1203
|gen|9
|tier|[Gen 9] OU
|rated|
|rule|HP Percentage Mod: HP is shown in percentages
|rule|Endless Battle Clause: Forcing endless battles is banned
|rule|Species Clause: Limit one of each Pokémon
|rule|OHKO Clause: OHKO moves are banned
|rule|Evasion Items Clause: Evasion items are banned
|rule|Evasion Moves Clause: Evasion moves are banned
|rule|Evasion Abilities Clause: Evasion abilities are banned
|rule|Sleep Moves Clause: Sleep-inducing moves are banned
|clearpoke
|poke|p1|Ogerpon-Wellspring, F|
|poke|p1|Cyclizar, M|
|poke|p1|Dusknoir, M|
|poke|p1|Politoed, M|
|poke|p1|Tornadus-Therian, M|
|poke|p1|Glastrier|
|poke|p2|Goodra-Hisui, F|
|poke|p2|Torterra, M|
|poke|p2|Kingambit, F|
|poke|p2|Garchomp, F|
|poke|p2|Dragapult, M|
|poke|p2|Excadrill, F|
|teampreview
|inactive|Battle timer is ON: inactive players will automatically lose when time's up. (requested by AnatiosTheHungry)
|c|☆noahthebadplayer|Glhf
|c|☆AnatiosTheHungry|same to you
|
|t:|1759052252
|teamsize|p1|6
|teamsize|p2|6
|start
|switch|p1a: Dusknoir|Dusknoir, M|100/100
|switch|p2a: Excadrill|Excadrill, F|100/100
|-item|p2a: Excadrill|Heavy-Duty Boots|[from] ability: Frisk|[of] p1a: Dusknoir
|turn|1
|
|t:|1759052263
|move|p2a: Excadrill|Earthquake|p1a: Dusknoir
|-damage|p1a: Dusknoir|50/100
|move|p1a: Dusknoir|Trick|p2a: Excadrill
|-activate|p1a: Dusknoir|move: Trick|[of] p2a: Excadrill
|-item|p2a: Excadrill|Flame Orb|[from] move: Trick
|-item|p1a: Dusknoir|Heavy-Duty Boots|[from] move: Trick
|
|-status|p2a: Excadrill|brn|[from] item: Flame Orb
|upkeep
|turn|2
|
|t:|1759052272
|move|p2a: Excadrill|Swords Dance|p2a: Excadrill
|-boost|p2a: Excadrill|atk|2
|move|p1a: Dusknoir|Pain Split|p2a: Excadrill
|-sethp|p2a: Excadrill|71/100 brn|[from] move: Pain Split|[silent]
|-sethp|p1a: Dusknoir|87/100|[from] move: Pain Split
|
|-damage|p2a: Excadrill|65/100 brn|[from] brn
|upkeep
|turn|3
|
|t:|1759052279
|move|p2a: Excadrill|Earthquake|p1a: Dusknoir
|-damage|p1a: Dusknoir|40/100
|move|p1a: Dusknoir|Poltergeist|p2a: Excadrill
|-activate|p2a: Excadrill|move: Poltergeist|Flame Orb
|-damage|p2a: Excadrill|8/100 brn
|
|-damage|p2a: Excadrill|2/100 brn|[from] brn
|upkeep
|turn|4
|
|t:|1759052289
|switch|p1a: Tornadus|Tornadus-Therian, M|100/100
|move|p2a: Excadrill|Iron Head|p1a: Tornadus
|-damage|p1a: Tornadus|52/100
|
|-damage|p2a: Excadrill|0 fnt|[from] brn
|faint|p2a: Excadrill
|upkeep
|
|t:|1759052298
|switch|p2a: Dragapult|Dragapult, M|100/100
|turn|5
|
|t:|1759052303
|move|p2a: Dragapult|Thunderbolt|p1a: Tornadus
|-supereffective|p1a: Tornadus
|-damage|p1a: Tornadus|12/100
|-status|p1a: Tornadus|par
|move|p1a: Tornadus|Dark Pulse|p2a: Dragapult
|-supereffective|p2a: Dragapult
|-damage|p2a: Dragapult|23/100
|
|upkeep
|turn|6
|
|t:|1759052317
|switch|p1a: Dusknoir|Dusknoir, M|40/100
|-item|p2a: Dragapult|Wise Glasses|[from] ability: Frisk|[of] p1a: Dusknoir
|move|p2a: Dragapult|Thunderbolt|p1a: Dusknoir
|-damage|p1a: Dusknoir|21/100
|
|upkeep
|turn|7
|
|t:|1759052329
|move|p2a: Dragapult|Surf|p1a: Dusknoir
|-damage|p1a: Dusknoir|2/100
|move|p1a: Dusknoir|Poltergeist|p2a: Dragapult
|-activate|p2a: Dragapult|move: Poltergeist|Wise Glasses
|-supereffective|p2a: Dragapult
|-damage|p2a: Dragapult|0 fnt
|faint|p2a: Dragapult
|
|upkeep
|
|t:|1759052343
|switch|p2a: Goodra|Goodra-Hisui, F|100/100
|turn|8
|
|t:|1759052348
|move|p2a: Goodra|Surf|p1a: Dusknoir
|-damage|p1a: Dusknoir|0 fnt
|faint|p1a: Dusknoir
|
|upkeep
|
|t:|1759052353
|switch|p1a: Cyclizar|Cyclizar, M|100/100
|turn|9
|
|t:|1759052359
|move|p1a: Cyclizar|Knock Off|p2a: Goodra
|-damage|p2a: Goodra|78/100
|-enditem|p2a: Goodra|Weakness Policy|[from] move: Knock Off|[of] p1a: Cyclizar
|move|p2a: Goodra|Earthquake|p1a: Cyclizar
|-damage|p1a: Cyclizar|61/100
|
|upkeep
|turn|10
|
|t:|1759052369
|move|p1a: Cyclizar|Breaking Swipe|p2a: Goodra
|-damage|p2a: Goodra|56/100
|-unboost|p2a: Goodra|atk|1
|move|p2a: Goodra|Earthquake|p1a: Cyclizar
|-damage|p1a: Cyclizar|36/100
|
|upkeep
|turn|11
|
|t:|1759052376
|move|p1a: Cyclizar|Breaking Swipe|p2a: Goodra
|-damage|p2a: Goodra|34/100
|-unboost|p2a: Goodra|atk|1
|move|p2a: Goodra|Flamethrower|p1a: Cyclizar
|-resisted|p1a: Cyclizar
|-damage|p1a: Cyclizar|10/100
|-status|p1a: Cyclizar|brn
|
|-damage|p1a: Cyclizar|4/100 brn|[from] brn
|upkeep
|turn|12
|
|t:|1759052389
|move|p1a: Cyclizar|U-turn|p2a: Goodra
|-resisted|p2a: Goodra
|-damage|p2a: Goodra|30/100
|
|t:|1759052393
|switch|p1a: Tornadus|Tornadus-Therian, M|45/100 par|[from] U-turn
|move|p2a: Goodra|Flamethrower|p1a: Tornadus
|-damage|p1a: Tornadus|23/100 par
|
|upkeep
|turn|13
|
|t:|1759052400
|move|p2a: Goodra|Thunder|p1a: Tornadus
|-supereffective|p1a: Tornadus
|-damage|p1a: Tornadus|0 fnt
|faint|p1a: Tornadus
|
|upkeep
|
|t:|1759052403
|switch|p1a: Glastrier|Glastrier|100/100
|turn|14
|
|t:|1759052408
|-terastallize|p1a: Glastrier|Electric
|move|p2a: Goodra|Flamethrower|p1a: Glastrier
|-damage|p1a: Glastrier|78/100
|move|p1a: Glastrier|Avalanche|p2a: Goodra
|-damage|p2a: Goodra|0 fnt
|faint|p2a: Goodra
|-ability|p1a: Glastrier|Chilling Neigh|boost
|-boost|p1a: Glastrier|atk|1
|-heal|p1a: Glastrier|81/100|[from] item: Shell Bell|[of] p2: Goodra
|
|upkeep
|
|t:|1759052418
|switch|p2a: Kingambit|Kingambit, F|100/100
|-activate|p2a: Kingambit|ability: Supreme Overlord
|-start|p2a: Kingambit|fallen3|[silent]
|turn|15
|
|t:|1759052424
|move|p2a: Kingambit|Swords Dance|p2a: Kingambit
|-boost|p2a: Kingambit|atk|2
|move|p1a: Glastrier|High Horsepower|p2a: Kingambit
|-supereffective|p2a: Kingambit
|-damage|p2a: Kingambit|0 fnt
|faint|p2a: Kingambit
|-end|p2a: Kingambit|fallen3|[silent]
|-ability|p1a: Glastrier|Chilling Neigh|boost
|-boost|p1a: Glastrier|atk|1
|-heal|p1a: Glastrier|91/100|[from] item: Shell Bell|[of] p2: Kingambit
|
|upkeep
|
|t:|1759052439
|switch|p2a: Garchomp|Garchomp, F|100/100
|turn|16
|
|t:|1759052447
|move|p2a: Garchomp|Earthquake|p1a: Glastrier
|-supereffective|p1a: Glastrier
|-damage|p1a: Glastrier|0 fnt
|faint|p1a: Glastrier
|
|upkeep
|
|t:|1759052453
|switch|p1a: Cyclizar|Cyclizar, M|38/100 brn
|turn|17
|
|t:|1759052459
|move|p1a: Cyclizar|Knock Off|p2a: Garchomp
|-damage|p2a: Garchomp|86/100
|-damage|p1a: Cyclizar|25/100 brn|[from] ability: Rough Skin|[of] p2a: Garchomp
|-enditem|p2a: Garchomp|Choice Band|[from] move: Knock Off|[of] p1a: Cyclizar
|move|p2a: Garchomp|Earthquake|p1a: Cyclizar
|-damage|p1a: Cyclizar|0 fnt
|faint|p1a: Cyclizar
|
|upkeep
|
|t:|1759052469
|switch|p1a: Politoed|Politoed, M|100/100
|-weather|RainDance|[from] ability: Drizzle|[of] p1a: Politoed
|turn|18
|
|t:|1759052475
|move|p2a: Garchomp|Outrage|p1a: Politoed
|-damage|p1a: Politoed|28/100
|move|p1a: Politoed|Ice Beam|p2a: Garchomp
|-supereffective|p2a: Garchomp
|-damage|p2a: Garchomp|0 fnt
|faint|p2a: Garchomp
|
|-weather|RainDance|[upkeep]
|upkeep
|
|t:|1759052483
|switch|p2a: Torterra|Torterra, M|100/100
|turn|19
|
|t:|1759052488
|-terastallize|p2a: Torterra|Bug
|move|p2a: Torterra|Shell Smash|p2a: Torterra
|-unboost|p2a: Torterra|def|1
|-unboost|p2a: Torterra|spd|1
|-boost|p2a: Torterra|atk|2
|-boost|p2a: Torterra|spa|2
|-boost|p2a: Torterra|spe|2
|-enditem|p2a: Torterra|White Herb
|-clearnegativeboost|p2a: Torterra|[silent]
|move|p1a: Politoed|Ice Beam|p2a: Torterra
|-damage|p2a: Torterra|68/100
|
|-weather|RainDance|[upkeep]
|upkeep
|turn|20
|
|t:|1759052507
|move|p2a: Torterra|Smack Down|p1a: Politoed
|-damage|p1a: Politoed|0 fnt
|faint|p1a: Politoed
|
|-weather|RainDance|[upkeep]
|upkeep
|
|t:|1759052521
|switch|p1a: Ogerpon|Ogerpon-Wellspring, F|100/100
|turn|21
|
|t:|1759052524
|move|p2a: Torterra|Shell Smash|p2a: Torterra
|-unboost|p2a: Torterra|def|1
|-unboost|p2a: Torterra|spd|1
|-boost|p2a: Torterra|atk|2
|-boost|p2a: Torterra|spa|2
|-boost|p2a: Torterra|spe|2
|move|p1a: Ogerpon|Ivy Cudgel|p2a: Torterra|[anim] Ivy Cudgel Water
|-damage|p2a: Torterra|0 fnt
|faint|p2a: Torterra
|
|win|noahthebadplayer
|raw|noahthebadplayer's rating: 1173 &rarr; <strong>1200</strong><br />(+27 for winning)
|raw|AnatiosTheHungry's rating: 1203 &rarr; <strong>1176</strong><br />(-27 for losing)
|l|☆noahthebadplayer
|player|p1|
|l|☆AnatiosTheHungry
|player|p2|
