|badge|p1|bronze|gen9ou|100-6
|html|<div class="broadcast-red"><strong>This battle is required to be public due to one or more player having a season medal.</strong><br />During the public phase, you can discuss the state of the ladder <a href="/seasondiscussion">in a special chatroom.</a></div>
|uhtml|medal-msg|<div class="broadcast-blue">Curious what those medals under the avatar are? PS now has Ladder Seasons! For more information, check out the <a href="https://www.smogon.com/forums/threads/3740067/">thread on Smogon.</a></div>
|badge|p2|silver|gen9ou|30-6
|uhtml|medal-msg|<div class="broadcast-blue">Curious what those medals under the avatar are? PS now has Ladder Seasons! For more information, check out the <a href="https://www.smogon.com/forums/threads/3740067/">thread on Smogon.</a></div>
|j|☆abdkkgja
|j|☆WogerHater
|t:|1758945658
|gametype|singles
|player|p1|abdkkgja|lacey|1835
|player|p2|WogerHater|dawn-gen4pt|1941
|gen|9
|tier|[Gen 9] OU
|rated|
|rule|HP Percentage Mod: HP is shown in percentages
|rule|Endless Battle Clause: Forcing endless battles is banned
|rule|Species Clause: Limit one of each Pokémon
|rule|OHKO Clause: OHKO moves are banned
|rule|Evasion Items Clause: Evasion items are banned
|rule|Evasion Moves Clause: Evasion moves are banned
|rule|Evasion Abilities Clause: Evasion abilities are banned
|rule|Sleep Moves Clause: Sleep-inducing moves are banned
|clearpoke
|poke|p1|Keldeo-Resolute|
|poke|p1|Kingambit, F|
|poke|p1|Slowking-Galar, M|
|poke|p1|Meowscarada, F|
|poke|p1|Landorus-Therian, M|
|poke|p1|Cinderace, F|
|poke|p2|Weezing-Galar, M|
|poke|p2|Ting-Lu|
|poke|p2|Corviknight, M|
|poke|p2|Skeledirge, F|
|poke|p2|Dragapult, M|
|poke|p2|Ogerpon-Wellspring, F|
|teampreview
|inactive|Battle timer is ON: inactive players will automatically lose when time's up. (requested by WogerHater)
|c|☆WogerHater|hf
|c|☆abdkkgja|gl
|j| 1989 tour
|
|t:|1758945678
|teamsize|p1|6
|teamsize|p2|6
|start
|switch|p1a: Cinderace|Cinderace, F|100/100
|switch|p2a: GAS.|Weezing-Galar, M|100/100
|-ability|p2a: GAS.|Neutralizing Gas
|turn|1
|
|t:|1758945683
|move|p1a: Cinderace|U-turn|p2a: GAS.
|-resisted|p2a: GAS.
|-damage|p2a: GAS.|97/100
|
|t:|1758945685
|switch|p1a: Slowking|Slowking-Galar, M, shiny|100/100|[from] U-turn
|move|p2a: GAS.|Sludge Bomb|p1a: Slowking
|-resisted|p1a: Slowking
|-damage|p1a: Slowking|94/100
|
|upkeep
|turn|2
|
|t:|1758945690
|switch|p1a: bro fist|Keldeo-Resolute|100/100
|move|p2a: GAS.|Will-O-Wisp|p1a: bro fist
|-status|p1a: bro fist|brn
|
|-damage|p1a: bro fist|94/100 brn|[from] brn
|upkeep
|turn|3
|
|t:|1758945698
|-end|p2a: GAS.|ability: Neutralizing Gas
|switch|p2a: Ogerpon|Ogerpon-Wellspring, F|100/100
|move|p1a: bro fist|Surf|p2a: Ogerpon
|-immune|p2a: Ogerpon|[from] ability: Water Absorb
|
|-damage|p1a: bro fist|88/100 brn|[from] brn
|upkeep
|turn|4
|
|t:|1758945705
|switch|p1a: Meowscarada|Meowscarada, F|100/100
|move|p2a: Ogerpon|Spikes|p1a: Meowscarada
|-sidestart|p1: abdkkgja|Spikes
|
|upkeep
|turn|5
|
|t:|1758945711
|switch|p2a: GAS.|Weezing-Galar, M|97/100
|-ability|p2a: GAS.|Neutralizing Gas
|move|p1a: Meowscarada|Knock Off|p2a: GAS.
|-resisted|p2a: GAS.
|-damage|p2a: GAS.|83/100
|-enditem|p2a: GAS.|Heavy-Duty Boots|[from] move: Knock Off|[of] p1a: Meowscarada
|
|upkeep
|turn|6
|
|t:|1758945715
|move|p1a: Meowscarada|U-turn|p2a: GAS.
|-resisted|p2a: GAS.
|-damage|p2a: GAS.|80/100
|
|t:|1758945719
|switch|p1a: Cinderace|Cinderace, F|100/100|[from] U-turn
|move|p2a: GAS.|Will-O-Wisp|p1a: Cinderace
|-immune|p1a: Cinderace
|
|upkeep
|turn|7
|j| Ncjfjvjzjvdc
|j| larp legion
|
|t:|1758945723
|move|p1a: Cinderace|U-turn|p2a: GAS.
|-resisted|p2a: GAS.
|-damage|p2a: GAS.|76/100
|
|t:|1758945725
|switch|p1a: Slowking|Slowking-Galar, M, shiny|94/100|[from] U-turn
|-damage|p1a: Slowking|81/100|[from] Spikes
|move|p2a: GAS.|Will-O-Wisp|p1a: Slowking
|-status|p1a: Slowking|brn
|
|-damage|p1a: Slowking|75/100 brn|[from] brn
|upkeep
|turn|8
|
|t:|1758945731
|-end|p2a: GAS.|ability: Neutralizing Gas
|switch|p2a: Dragapult|Dragapult, M|100/100
|move|p1a: Slowking|Future Sight|p2a: Dragapult
|-start|p1a: Slowking|move: Future Sight
|
|-damage|p1a: Slowking|69/100 brn|[from] brn
|upkeep
|turn|9
|j| dadadadaxiji
|
|t:|1758945737
|move|p2a: Dragapult|U-turn|p1a: Slowking
|-damage|p1a: Slowking|56/100 brn
|
|t:|1758945739
|switch|p2a: Ting-Lu|Ting-Lu, shiny|100/100|[from] U-turn
|-ability|p2a: Ting-Lu|Vessel of Ruin
|move|p1a: Slowking|Sludge Bomb|p2a: Ting-Lu
|-resisted|p2a: Ting-Lu
|-damage|p2a: Ting-Lu|94/100
|
|-heal|p2a: Ting-Lu|99/100|[from] item: Leftovers
|-damage|p1a: Slowking|50/100 brn|[from] brn
|upkeep
|turn|10
|
|t:|1758945743
|switch|p1a: bro fist|Keldeo-Resolute|88/100 brn
|-damage|p1a: bro fist|76/100 brn|[from] Spikes
|move|p2a: Ting-Lu|Earthquake|p1a: bro fist
|-damage|p1a: bro fist|30/100 brn
|
|-end|p2a: Ting-Lu|move: Future Sight
|-immune|p2a: Ting-Lu
|-heal|p2a: Ting-Lu|100/100|[from] item: Leftovers
|-damage|p1a: bro fist|24/100 brn|[from] brn
|upkeep
|turn|11
|
|t:|1758945749
|switch|p2a: Dragapult|Dragapult, M|100/100
|move|p1a: bro fist|Secret Sword|p2a: Dragapult
|-immune|p2a: Dragapult
|
|-damage|p1a: bro fist|18/100 brn|[from] brn
|upkeep
|turn|12
|l| larp legion
|
|t:|1758945757
|move|p2a: Dragapult|Shadow Ball|p1a: bro fist
|-damage|p1a: bro fist|0 fnt
|faint|p1a: bro fist
|
|upkeep
|
|t:|1758945762
|switch|p1a: Cinderace|Cinderace, F|100/100
|turn|13
|
|t:|1758945768
|move|p2a: Dragapult|Shadow Ball|p1a: Cinderace
|-damage|p1a: Cinderace|23/100
|move|p1a: Cinderace|U-turn|p2a: Dragapult
|-start|p1a: Cinderace|typechange|Bug|[from] ability: Libero
|-resisted|p2a: Dragapult
|-crit|p2a: Dragapult
|-damage|p2a: Dragapult|69/100
|
|t:|1758945774
|switch|p1a: Meowscarada|Meowscarada, F|100/100|[from] U-turn
|-damage|p1a: Meowscarada|88/100|[from] Spikes
|
|upkeep
|turn|14
|
|t:|1758945779
|switch|p2a: Corviknight|Corviknight, M|100/100
|-ability|p2a: Corviknight|Pressure
|move|p1a: Meowscarada|U-turn|p2a: Corviknight
|-start|p1a: Meowscarada|typechange|Bug|[from] ability: Protean
|-resisted|p2a: Corviknight
|-damage|p2a: Corviknight|95/100
|
|t:|1758945782
|switch|p1a: Cinderace|Cinderace, F|23/100|[from] U-turn
|
|upkeep
|turn|15
|
|t:|1758945786
|switch|p2a: Ting-Lu|Ting-Lu, shiny|100/100
|-ability|p2a: Ting-Lu|Vessel of Ruin
|move|p1a: Cinderace|Pyro Ball|p2a: Ting-Lu
|-damage|p2a: Ting-Lu|68/100
|
|-heal|p2a: Ting-Lu|74/100|[from] item: Leftovers
|upkeep
|turn|16
|
|t:|1758945791
|switch|p2a: Corviknight|Corviknight, M|95/100
|-ability|p2a: Corviknight|Pressure
|move|p1a: Cinderace|High Jump Kick|p2a: Corviknight
|-start|p1a: Cinderace|typechange|Fighting|[from] ability: Libero
|-damage|p2a: Corviknight|52/100
|-damage|p1a: Cinderace|7/100|[from] item: Rocky Helmet|[of] p2a: Corviknight
|
|upkeep
|turn|17
|j| IM AT MY LIMIT
|
|t:|1758945796
|switch|p2a: Dragapult|Dragapult, M|69/100
|move|p1a: Cinderace|Court Change|p1a: Cinderace
|-swapsideconditions
|-activate|p1a: Cinderace|move: Court Change
|
|upkeep
|turn|18
|
|t:|1758945802
|move|p2a: Dragapult|U-turn|p1a: Cinderace
|-resisted|p1a: Cinderace
|-damage|p1a: Cinderace|0 fnt
|faint|p1a: Cinderace
|
|t:|1758945810
|switch|p2a: Corviknight|Corviknight, M|52/100|[from] U-turn
|-ability|p2a: Corviknight|Pressure
|
|upkeep
|
|t:|1758945814
|switch|p1a: Landorus|Landorus-Therian, M|100/100
|-ability|p1a: Landorus|Intimidate|boost
|-unboost|p2a: Corviknight|atk|1
|turn|19
|
|t:|1758945817
|switch|p2a: Ogerpon|Ogerpon-Wellspring, F|100/100
|-damage|p2a: Ogerpon|88/100|[from] Spikes
|move|p1a: Landorus|Taunt|p2a: Ogerpon
|-start|p2a: Ogerpon|move: Taunt
|
|upkeep
|turn|20
|
|t:|1758945819
|switch|p1a: Meowscarada|Meowscarada, F|88/100
|move|p2a: Ogerpon|Ivy Cudgel|p1a: Meowscarada|[anim] Ivy Cudgel Water
|-resisted|p1a: Meowscarada
|-damage|p1a: Meowscarada|45/100
|
|upkeep
|turn|21
|
|t:|1758945822
|move|p1a: Meowscarada|Triple Axel|p2a: Ogerpon
|-start|p1a: Meowscarada|typechange|Ice|[from] ability: Protean
|-damage|p2a: Ogerpon|77/100
|-damage|p2a: Ogerpon|57/100
|-damage|p2a: Ogerpon|29/100
|-hitcount|p2a: Ogerpon|3
|move|p2a: Ogerpon|Ivy Cudgel|p1a: Meowscarada|[anim] Ivy Cudgel Water
|-damage|p1a: Meowscarada|0 fnt
|faint|p1a: Meowscarada
|
|-end|p2a: Ogerpon|move: Taunt
|upkeep
|l| Ncjfjvjzjvdc
|
|t:|1758945829
|switch|p1a: Landorus|Landorus-Therian, M|100/100
|-ability|p1a: Landorus|Intimidate|boost
|-unboost|p2a: Ogerpon|atk|1
|turn|22
|
|t:|1758945832
|move|p2a: Ogerpon|Spikes|p1a: Landorus
|-sidestart|p1: abdkkgja|Spikes
|move|p1a: Landorus|U-turn|p2a: Ogerpon
|-supereffective|p2a: Ogerpon
|-damage|p2a: Ogerpon|0 fnt
|faint|p2a: Ogerpon
|
|t:|1758945836
|switch|p1a: Slowking|Slowking-Galar, M, shiny|83/100 brn|[from] U-turn
|-damage|p1a: Slowking|71/100 brn|[from] Spikes
|
|-damage|p1a: Slowking|65/100 brn|[from] brn
|upkeep
|
|t:|1758945839
|switch|p2a: Ting-Lu|Ting-Lu, shiny|74/100
|-damage|p2a: Ting-Lu|62/100|[from] Spikes
|-ability|p2a: Ting-Lu|Vessel of Ruin
|turn|23
|
|t:|1758945841
|switch|p1a: Landorus|Landorus-Therian, M|100/100
|-ability|p1a: Landorus|Intimidate|boost
|-unboost|p2a: Ting-Lu|atk|1
|move|p2a: Ting-Lu|Stealth Rock|p1a: Landorus
|-sidestart|p1: abdkkgja|move: Stealth Rock
|
|-heal|p2a: Ting-Lu|68/100|[from] item: Leftovers
|upkeep
|turn|24
|
|t:|1758945844
|move|p1a: Landorus|Stealth Rock|p2a: Ting-Lu
|-sidestart|p2: WogerHater|move: Stealth Rock
|move|p2a: Ting-Lu|Heavy Slam|p1a: Landorus
|-damage|p1a: Landorus|80/100
|-damage|p2a: Ting-Lu|51/100|[from] item: Rocky Helmet|[of] p1a: Landorus
|
|-heal|p2a: Ting-Lu|57/100|[from] item: Leftovers
|upkeep
|turn|25
|
|t:|1758945847
|move|p1a: Landorus|Taunt|p2a: Ting-Lu
|-start|p2a: Ting-Lu|move: Taunt
|move|p2a: Ting-Lu|Heavy Slam|p1a: Landorus
|-damage|p1a: Landorus|61/100
|-damage|p2a: Ting-Lu|41/100|[from] item: Rocky Helmet|[of] p1a: Landorus
|
|-heal|p2a: Ting-Lu|47/100|[from] item: Leftovers
|upkeep
|turn|26
|
|t:|1758945850
|move|p1a: Landorus|Earthquake|p2a: Ting-Lu
|-damage|p2a: Ting-Lu|21/100
|move|p2a: Ting-Lu|Heavy Slam|p1a: Landorus
|-damage|p1a: Landorus|43/100
|-damage|p2a: Ting-Lu|5/100|[from] item: Rocky Helmet|[of] p1a: Landorus
|
|-heal|p2a: Ting-Lu|11/100|[from] item: Leftovers
|upkeep
|turn|27
|
|t:|1758945854
|move|p1a: Landorus|Earthquake|p2a: Ting-Lu
|-damage|p2a: Ting-Lu|0 fnt
|faint|p2a: Ting-Lu
|
|upkeep
|
|t:|1758945859
|switch|p2a: Dragapult|Dragapult, M|69/100
|-damage|p2a: Dragapult|56/100|[from] Spikes
|-damage|p2a: Dragapult|44/100|[from] Stealth Rock
|turn|28
|
|t:|1758945866
|move|p2a: Dragapult|Shadow Ball|p1a: Landorus
|-damage|p1a: Landorus|0 fnt
|faint|p1a: Landorus
|
|upkeep
|
|t:|1758945868
|switch|p1a: Slowking|Slowking-Galar, M, shiny|98/100 brn
|-damage|p1a: Slowking|86/100 brn|[from] Spikes
|-damage|p1a: Slowking|73/100 brn|[from] Stealth Rock
|turn|29
|j| Mfjfjkrjgjsjjg
|
|t:|1758945871
|switch|p2a: Corviknight|Corviknight, M|52/100
|-damage|p2a: Corviknight|39/100|[from] Stealth Rock
|-ability|p2a: Corviknight|Pressure
|move|p1a: Slowking|Psyshock|p2a: Corviknight
|-resisted|p2a: Corviknight
|-damage|p2a: Corviknight|30/100
|
|-damage|p1a: Slowking|67/100 brn|[from] brn
|upkeep
|turn|30
|
|t:|1758945873
|move|p2a: Corviknight|Roost|p2a: Corviknight
|-heal|p2a: Corviknight|80/100
|-singleturn|p2a: Corviknight|move: Roost
|move|p1a: Slowking|Flamethrower|p2a: Corviknight
|-supereffective|p2a: Corviknight
|-damage|p2a: Corviknight|34/100
|
|-damage|p1a: Slowking|61/100 brn|[from] brn
|upkeep
|turn|31
|
|t:|1758945877
|move|p2a: Corviknight|Roost|p2a: Corviknight
|-heal|p2a: Corviknight|84/100
|-singleturn|p2a: Corviknight|move: Roost
|move|p1a: Slowking|Flamethrower|p2a: Corviknight
|-supereffective|p2a: Corviknight
|-damage|p2a: Corviknight|35/100
|
|-damage|p1a: Slowking|55/100 brn|[from] brn
|upkeep
|turn|32
|
|t:|1758945880
|move|p2a: Corviknight|Roost|p2a: Corviknight
|-heal|p2a: Corviknight|85/100
|-singleturn|p2a: Corviknight|move: Roost
|move|p1a: Slowking|Flamethrower|p2a: Corviknight
|-supereffective|p2a: Corviknight
|-damage|p2a: Corviknight|34/100
|
|-damage|p1a: Slowking|49/100 brn|[from] brn
|upkeep
|turn|33
|
|t:|1758945883
|move|p2a: Corviknight|Roost|p2a: Corviknight
|-heal|p2a: Corviknight|84/100
|-singleturn|p2a: Corviknight|move: Roost
|move|p1a: Slowking|Flamethrower|p2a: Corviknight
|-supereffective|p2a: Corviknight
|-damage|p2a: Corviknight|30/100
|
|-damage|p1a: Slowking|43/100 brn|[from] brn
|upkeep
|turn|34
|
|t:|1758945894
|move|p2a: Corviknight|U-turn|p1a: Slowking
|-damage|p1a: Slowking|32/100 brn
|
|t:|1758945896
|switch|p2a: Dragapult|Dragapult, M|44/100|[from] U-turn
|-damage|p2a: Dragapult|32/100|[from] Spikes
|-damage|p2a: Dragapult|19/100|[from] Stealth Rock
|move|p1a: Slowking|Flamethrower|p2a: Dragapult
|-resisted|p2a: Dragapult
|-damage|p2a: Dragapult|3/100
|
|-damage|p1a: Slowking|26/100 brn|[from] brn
|upkeep
|turn|35
|
|t:|1758945898
|move|p2a: Dragapult|U-turn|p1a: Slowking
|-damage|p1a: Slowking|13/100 brn
|
|t:|1758945900
|switch|p2a: GAS.|Weezing-Galar, M|76/100|[from] U-turn
|-ability|p2a: GAS.|Neutralizing Gas
|-damage|p2a: GAS.|64/100|[from] Spikes
|-damage|p2a: GAS.|52/100|[from] Stealth Rock
|move|p1a: Slowking|Psyshock|p2a: GAS.
|-supereffective|p2a: GAS.
|-damage|p2a: GAS.|15/100
|
|-damage|p1a: Slowking|7/100 brn|[from] brn
|upkeep
|turn|36
|
|t:|1758945903
|move|p2a: GAS.|Will-O-Wisp|p1a: Slowking|[miss]
|-miss|p2a: GAS.|p1a: Slowking
|move|p1a: Slowking|Psyshock|p2a: GAS.
|-supereffective|p2a: GAS.
|-damage|p2a: GAS.|0 fnt
|faint|p2a: GAS.
|-end|p2a: GAS.|ability: Neutralizing Gas
|
|-damage|p1a: Slowking|1/100 brn|[from] brn
|upkeep
|
|t:|1758945905
|switch|p2a: Skeledirge|Skeledirge, F|100/100
|turn|37
|
|t:|1758945909
|move|p2a: Skeledirge|Torch Song|p1a: Slowking
|-damage|p1a: Slowking|0 fnt
|-boost|p2a: Skeledirge|spa|1
|faint|p1a: Slowking
|
|upkeep
|
|t:|1758945910
|switch|p1a: Kingambit|Kingambit, F|100/100
|-damage|p1a: Kingambit|88/100|[from] Spikes
|-damage|p1a: Kingambit|82/100|[from] Stealth Rock
|-activate|p1a: Kingambit|ability: Supreme Overlord
|-start|p1a: Kingambit|fallen5|[silent]
|turn|38
|
|t:|1758945920
|-terastallize|p2a: Skeledirge|Water
|-terastallize|p1a: Kingambit|Fighting
|move|p2a: Skeledirge|Will-O-Wisp|p1a: Kingambit
|-status|p1a: Kingambit|brn
|-enditem|p1a: Kingambit|Lum Berry|[eat]
|-curestatus|p1a: Kingambit|brn|[msg]
|move|p1a: Kingambit|Kowtow Cleave|p2a: Skeledirge
|-damage|p2a: Skeledirge|43/100
|
|upkeep
|turn|39
|
|t:|1758945928
|move|p2a: Skeledirge|Will-O-Wisp|p1a: Kingambit
|-status|p1a: Kingambit|brn
|move|p1a: Kingambit|Kowtow Cleave|p2a: Skeledirge
|-damage|p2a: Skeledirge|10/100
|
|-damage|p1a: Kingambit|76/100 brn|[from] brn
|upkeep
|turn|40
|c|☆abdkkgja|gg
|
|t:|1758945935
|move|p2a: Skeledirge|Slack Off|p2a: Skeledirge
|-heal|p2a: Skeledirge|60/100
|move|p1a: Kingambit|Low Kick|p2a: Skeledirge
|-damage|p2a: Skeledirge|16/100
|
|-damage|p1a: Kingambit|70/100 brn|[from] brn
|upkeep
|turn|41
|c|☆WogerHater|gg
|
|t:|1758945938
|move|p2a: Skeledirge|Slack Off|p2a: Skeledirge
|-heal|p2a: Skeledirge|66/100
|move|p1a: Kingambit|Low Kick|p2a: Skeledirge
|-damage|p2a: Skeledirge|19/100
|
|-damage|p1a: Kingambit|64/100 brn|[from] brn
|upkeep
|turn|42
|
|t:|1758945940
|move|p2a: Skeledirge|Slack Off|p2a: Skeledirge
|-heal|p2a: Skeledirge|69/100
|move|p1a: Kingambit|Low Kick|p2a: Skeledirge
|-damage|p2a: Skeledirge|26/100
|
|-damage|p1a: Kingambit|57/100 brn|[from] brn
|upkeep
|turn|43
|j| larp legion
|
|t:|1758945942
|move|p2a: Skeledirge|Slack Off|p2a: Skeledirge
|-heal|p2a: Skeledirge|76/100
|move|p1a: Kingambit|Low Kick|p2a: Skeledirge
|-damage|p2a: Skeledirge|29/100
|
|-damage|p1a: Kingambit|51/100 brn|[from] brn
|upkeep
|turn|44
|l| larp legion
|
|t:|1758945945
|move|p2a: Skeledirge|Slack Off|p2a: Skeledirge
|-heal|p2a: Skeledirge|80/100
|move|p1a: Kingambit|Low Kick|p2a: Skeledirge
|-damage|p2a: Skeledirge|36/100
|
|-damage|p1a: Kingambit|45/100 brn|[from] brn
|upkeep
|turn|45
|
|t:|1758945947
|move|p2a: Skeledirge|Torch Song|p1a: Kingambit
|-damage|p1a: Kingambit|2/100 brn
|-boost|p2a: Skeledirge|spa|1
|move|p1a: Kingambit|Low Kick|p2a: Skeledirge
|-damage|p2a: Skeledirge|0 fnt
|faint|p2a: Skeledirge
|
|-damage|p1a: Kingambit|0 fnt|[from] brn
|faint|p1a: Kingambit
|-end|p1a: Kingambit|fallen5|[silent]
|
|win|WogerHater
|raw|abdkkgja's rating: 1835 &rarr; <strong>1821</strong><br />(-14 for losing)
|raw|WogerHater's rating: 1941 &rarr; <strong>1955</strong><br />(+14 for winning)
|l|☆abdkkgja
|player|p1|
|l|☆WogerHater
|player|p2|
|l| 1989 tour
|l| dadadadaxiji
|l| Mfjfjkrjgjsjjg
