|j|☆pzy1616
|j|☆Crocodile E
|t:|1758945940
|gametype|singles
|player|p1|pzy1616|1|1403
|player|p2|Crocodile E|depotagent|1397
|gen|9
|tier|[Gen 9] OU
|rated|
|rule|HP Percentage Mod: HP is shown in percentages
|rule|Endless Battle Clause: Forcing endless battles is banned
|rule|Species Clause: Limit one of each Pokémon
|rule|OHKO Clause: OHKO moves are banned
|rule|Evasion Items Clause: Evasion items are banned
|rule|Evasion Moves Clause: Evasion moves are banned
|rule|Evasion Abilities Clause: Evasion abilities are banned
|rule|Sleep Moves Clause: Sleep-inducing moves are banned
|clearpoke
|poke|p1|Pelipper, F|
|poke|p1|Hatterene, F|
|poke|p1|Iron Treads|
|poke|p1|Toxicroak, F|
|poke|p1|Barraskewda, F|
|poke|p1|Zapdos|
|poke|p2|Samurott-Hisui, F|
|poke|p2|Dragapult, F|
|poke|p2|Gholdengo|
|poke|p2|Great Tusk|
|poke|p2|Moltres|
|poke|p2|Scizor, M|
|teampreview
|inactive|Battle timer is ON: inactive players will automatically lose when time's up. (requested by pzy1616)
|
|t:|1758945951
|teamsize|p1|6
|teamsize|p2|6
|start
|switch|p1a: Pelipper|Pelipper, F|100/100
|switch|p2a: Dragapult|Dragapult, F|100/100
|-weather|RainDance|[from] ability: Drizzle|[of] p1a: Pelipper
|turn|1
|
|t:|1758945960
|switch|p1a: Iron Treads|Iron Treads|100/100
|move|p2a: Dragapult|Shadow Ball|p1a: Iron Treads
|-damage|p1a: Iron Treads|52/100
|
|-weather|RainDance|[upkeep]
|-heal|p1a: Iron Treads|58/100|[from] item: Leftovers
|upkeep
|turn|2
|
|t:|1758945974
|switch|p2a: Moltres|Moltres|100/100
|move|p1a: Iron Treads|Volt Switch|p2a: Moltres
|-supereffective|p2a: Moltres
|-damage|p2a: Moltres|76/100
|
|t:|1758945977
|-end|p1a: Iron Treads|Quark Drive|[silent]
|switch|p1a: Barraskewda|Barraskewda, F|100/100|[from] Volt Switch
|
|-weather|RainDance|[upkeep]
|upkeep
|turn|3
|
|t:|1758945982
|-terastallize|p2a: Moltres|Grass
|move|p1a: Barraskewda|Flip Turn|p2a: Moltres
|-resisted|p2a: Moltres
|-damage|p2a: Moltres|50/100
|
|t:|1758945988
|switch|p1a: Zapdos|Zapdos|100/100|[from] Flip Turn
|move|p2a: Moltres|U-turn|p1a: Zapdos
|-resisted|p1a: Zapdos
|-damage|p1a: Zapdos|92/100
|-status|p2a: Moltres|par|[from] ability: Static|[of] p1a: Zapdos
|
|t:|1758945993
|switch|p2a: Dragapult|Dragapult, F|100/100|[from] U-turn
|
|-weather|RainDance|[upkeep]
|upkeep
|turn|4
|
|t:|1758946012
|switch|p1a: Iron Treads|Iron Treads|58/100
|move|p2a: Dragapult|Shadow Ball|p1a: Iron Treads
|-damage|p1a: Iron Treads|9/100
|
|-weather|RainDance|[upkeep]
|-heal|p1a: Iron Treads|15/100|[from] item: Leftovers
|upkeep
|turn|5
|
|t:|1758946021
|move|p2a: Dragapult|Shadow Ball|p1a: Iron Treads
|-damage|p1a: Iron Treads|0 fnt
|faint|p1a: Iron Treads
|-end|p1a: Iron Treads|Quark Drive|[silent]
|
|-weather|RainDance|[upkeep]
|upkeep
|
|t:|1758946024
|switch|p1a: Zapdos|Zapdos|92/100
|turn|6
|
|t:|1758946032
|move|p2a: Dragapult|Shadow Ball|p1a: Zapdos
|-damage|p1a: Zapdos|20/100
|-unboost|p1a: Zapdos|spd|1
|move|p1a: Zapdos|Hurricane|p2a: Dragapult
|-damage|p2a: Dragapult|0 fnt
|faint|p2a: Dragapult
|
|-weather|RainDance|[upkeep]
|upkeep
|
|t:|1758946040
|switch|p2a: Samurott|Samurott-Hisui, F|100/100
|turn|7
|
|t:|1758946045
|switch|p1a: Toxicroak|Toxicroak, F|100/100
|move|p2a: Samurott|Sucker Punch||[still]
|-fail|p2a: Samurott
|
|-weather|RainDance|[upkeep]
|upkeep
|turn|8
|
|t:|1758946052
|switch|p2a: Gholdengo|Gholdengo|100/100
|-item|p2a: Gholdengo|Air Balloon
|move|p1a: Toxicroak|Drain Punch|p2a: Gholdengo
|-immune|p2a: Gholdengo
|
|-weather|none
|upkeep
|turn|9
|
|t:|1758946058
|move|p1a: Toxicroak|Knock Off|p2a: Gholdengo
|-supereffective|p2a: Gholdengo
|-damage|p2a: Gholdengo|68/100
|-enditem|p2a: Gholdengo|Air Balloon
|move|p2a: Gholdengo|Thunder Wave|p1a: Toxicroak
|-status|p1a: Toxicroak|par
|
|upkeep
|turn|10
|
|t:|1758946067
|switch|p1a: Pelipper|Pelipper, F|100/100
|-weather|RainDance|[from] ability: Drizzle|[of] p1a: Pelipper
|move|p2a: Gholdengo|Recover|p2a: Gholdengo
|-heal|p2a: Gholdengo|100/100
|
|-weather|RainDance|[upkeep]
|upkeep
|turn|11
|
|t:|1758946073
|move|p2a: Gholdengo|Thunder Wave|p1a: Pelipper
|-status|p1a: Pelipper|par
|move|p1a: Pelipper|U-turn|p2a: Gholdengo
|-resisted|p2a: Gholdengo
|-damage|p2a: Gholdengo|99/100
|
|t:|1758946079
|switch|p1a: Barraskewda|Barraskewda, F|100/100|[from] U-turn
|
|-weather|RainDance|[upkeep]
|upkeep
|turn|12
|
|t:|1758946089
|switch|p2a: Moltres|Moltres, tera:Grass|50/100 par
|-terastallize|p1a: Barraskewda|Water
|move|p1a: Barraskewda|Flip Turn|p2a: Moltres
|-resisted|p2a: Moltres
|-damage|p2a: Moltres|17/100 par
|
|t:|1758946093
|switch|p1a: Zapdos|Zapdos|20/100|[from] Flip Turn
|
|-weather|RainDance|[upkeep]
|upkeep
|turn|13
|
|t:|1758946105
|switch|p2a: Scizor|Scizor, M|100/100
|move|p1a: Zapdos|Hurricane|p2a: Scizor
|-damage|p2a: Scizor|0 fnt
|faint|p2a: Scizor
|
|-weather|RainDance|[upkeep]
|upkeep
|
|t:|1758946111
|switch|p2a: Great Tusk|Great Tusk|100/100
|-enditem|p2a: Great Tusk|Booster Energy
|-activate|p2a: Great Tusk|ability: Protosynthesis|[fromitem]
|-start|p2a: Great Tusk|protosynthesisspe
|turn|14
|
|t:|1758946119
|switch|p1a: Hatterene|Hatterene, F|100/100
|move|p2a: Great Tusk|Ice Spinner|p1a: Hatterene
|-damage|p1a: Hatterene|80/100
|-enditem|p1a: Hatterene|Eject Button
|
|t:|1758946124
|switch|p1a: Barraskewda|Barraskewda, F, tera:Water|100/100
|
|-weather|RainDance|[upkeep]
|upkeep
|turn|15
|
|t:|1758946131
|-end|p2a: Great Tusk|Protosynthesis|[silent]
|switch|p2a: Moltres|Moltres, tera:Grass|17/100 par
|move|p1a: Barraskewda|Flip Turn|p2a: Moltres
|-resisted|p2a: Moltres
|-damage|p2a: Moltres|0 fnt
|faint|p2a: Moltres
|
|t:|1758946145
|switch|p1a: Hatterene|Hatterene, F|80/100|[from] Flip Turn
|
|-weather|RainDance|[upkeep]
|upkeep
|
|t:|1758946154
|switch|p2a: Gholdengo|Gholdengo|99/100
|turn|16
|
|t:|1758946163
|move|p2a: Gholdengo|Make It Rain|p1a: Hatterene
|-supereffective|p1a: Hatterene
|-damage|p1a: Hatterene|0 fnt
|-unboost|p2a: Gholdengo|spa|1
|faint|p1a: Hatterene
|
|-weather|RainDance|[upkeep]
|upkeep
|
|t:|1758946168
|switch|p1a: Barraskewda|Barraskewda, F, tera:Water|100/100
|turn|17
|
|t:|1758946174
|switch|p2a: Samurott|Samurott-Hisui, F|100/100
|move|p1a: Barraskewda|Liquidation|p2a: Samurott
|-resisted|p2a: Samurott
|-damage|p2a: Samurott|30/100
|
|-weather|none
|upkeep
|turn|18
|
|t:|1758946181
|move|p1a: Barraskewda|Liquidation|p2a: Samurott
|-resisted|p2a: Samurott
|-damage|p2a: Samurott|0 fnt
|faint|p2a: Samurott
|
|upkeep
|
|t:|1758946184
|switch|p2a: Gholdengo|Gholdengo|99/100
|turn|19
|
|t:|1758946188
|switch|p1a: Pelipper|Pelipper, F|100/100 par
|-weather|RainDance|[from] ability: Drizzle|[of] p1a: Pelipper
|move|p2a: Gholdengo|Hex|p1a: Pelipper
|-damage|p1a: Pelipper|49/100 par
|
|-weather|RainDance|[upkeep]
|upkeep
|turn|20
|
|t:|1758946191
|move|p2a: Gholdengo|Hex|p1a: Pelipper
|-damage|p1a: Pelipper|0 fnt
|faint|p1a: Pelipper
|
|-weather|RainDance|[upkeep]
|upkeep
|
|t:|1758946194
|switch|p1a: Barraskewda|Barraskewda, F, tera:Water|100/100
|turn|21
|
|t:|1758946197
|move|p1a: Barraskewda|Liquidation|p2a: Gholdengo
|-damage|p2a: Gholdengo|0 fnt
|faint|p2a: Gholdengo
|
|-weather|RainDance|[upkeep]
|upkeep
|-message|Crocodile E forfeited.
|
|win|pzy1616
|raw|pzy1616's rating: 1403 &rarr; <strong>1423</strong><br />(+20 for winning)
|raw|Crocodile E's rating: 1397 &rarr; <strong>1377</strong><br />(-20 for losing)
|l|☆Crocodile E
|player|p2|
|l|☆pzy1616
|player|p1|
