|j|☆shamoqingt
|j|☆gumpgumpgumpgu
|t:|1758961734
|gametype|singles
|player|p1|shamoqingt|dawn|1362
|player|p2|gumpgumpgumpgu|rocketgrunt|1371
|gen|9
|tier|[Gen 9] OU
|rated|
|rule|HP Percentage Mod: HP is shown in percentages
|rule|Endless Battle Clause: Forcing endless battles is banned
|rule|Species Clause: Limit one of each Pokémon
|rule|OHKO Clause: OHKO moves are banned
|rule|Evasion Items Clause: Evasion items are banned
|rule|Evasion Moves Clause: Evasion moves are banned
|rule|Evasion Abilities Clause: Evasion abilities are banned
|rule|Sleep Moves Clause: Sleep-inducing moves are banned
|clearpoke
|poke|p1|Muk-Alola, F|
|poke|p1|Blaziken, F|
|poke|p1|Zapdos|
|poke|p1|Hydrapple, M|
|poke|p1|Walking Wake|
|poke|p1|Great Tusk|
|poke|p2|Primarina, F|
|poke|p2|Great Tusk|
|poke|p2|Kingambit, M|
|poke|p2|Slowking-Galar, F|
|poke|p2|Ogerpon, F|
|poke|p2|Enamorus, F|
|teampreview
|inactive|Battle timer is ON: inactive players will automatically lose when time's up. (requested by gumpgumpgumpgu)
|
|t:|1758961752
|teamsize|p1|6
|teamsize|p2|6
|start
|switch|p1a: Muk|Muk-Alola, F|100/100
|switch|p2a: Primarina|Primarina, F|100/100
|turn|1
|
|t:|1758961760
|switch|p2a: Slowking|Slowking-Galar, F|100/100
|move|p1a: Muk|Poison Jab|p2a: Slowking
|-resisted|p2a: Slowking
|-damage|p2a: Slowking|85/100
|
|upkeep
|turn|2
|
|t:|1758961767
|switch|p2a: Great Tusk|Great Tusk|100/100
|move|p1a: Muk|Knock Off|p2a: Great Tusk
|-resisted|p2a: Great Tusk
|-crit|p2a: Great Tusk
|-damage|p2a: Great Tusk|75/100
|-damage|p1a: Muk|84/100|[from] item: Rocky Helmet|[of] p2a: Great Tusk
|-enditem|p2a: Great Tusk|Rocky Helmet|[from] move: Knock Off|[of] p1a: Muk
|
|upkeep
|turn|3
|
|t:|1758961778
|move|p2a: Great Tusk|Stealth Rock|p1a: Muk
|-sidestart|p1: shamoqingt|move: Stealth Rock
|move|p1a: Muk|Poison Jab|p2a: Great Tusk
|-resisted|p2a: Great Tusk
|-damage|p2a: Great Tusk|60/100
|-status|p2a: Great Tusk|psn
|
|-damage|p2a: Great Tusk|47/100 psn|[from] psn
|upkeep
|turn|4
|
|t:|1758961786
|switch|p1a: Hydrapple|Hydrapple, M|100/100
|-damage|p1a: Hydrapple|88/100|[from] Stealth Rock
|move|p2a: Great Tusk|Headlong Rush|p1a: Hydrapple
|-resisted|p1a: Hydrapple
|-damage|p1a: Hydrapple|71/100
|-unboost|p2a: Great Tusk|def|1
|-unboost|p2a: Great Tusk|spd|1
|-damage|p2a: Great Tusk|31/100 psn|[from] item: Rocky Helmet|[of] p1a: Hydrapple
|
|-damage|p2a: Great Tusk|18/100 psn|[from] psn
|upkeep
|turn|5
|
|t:|1758961797
|switch|p1a: Zapdos|Zapdos|100/100
|move|p2a: Great Tusk|Ice Spinner|p1a: Zapdos
|-supereffective|p1a: Zapdos
|-damage|p1a: Zapdos|47/100
|
|-damage|p2a: Great Tusk|6/100 psn|[from] psn
|upkeep
|turn|6
|
|t:|1758961807
|switch|p1a: Hydrapple|Hydrapple, M|100/100
|-damage|p1a: Hydrapple|88/100|[from] Stealth Rock
|move|p2a: Great Tusk|Ice Spinner|p1a: Hydrapple
|-supereffective|p1a: Hydrapple
|-crit|p1a: Hydrapple
|-damage|p1a: Hydrapple|0 fnt
|-damage|p2a: Great Tusk|0 fnt|[from] item: Rocky Helmet|[of] p1a: Hydrapple
|faint|p1a: Hydrapple
|faint|p2a: Great Tusk
|-end|p2a: Great Tusk|Protosynthesis|[silent]
|
|upkeep
|
|t:|1758961823
|switch|p2a: Enamorus|Enamorus, F|100/100
|switch|p1a: Zapdos|Zapdos|47/100
|turn|7
|
|t:|1758961830
|-terastallize|p1a: Zapdos|Fire
|move|p2a: Enamorus|Moonblast|p1a: Zapdos
|-resisted|p1a: Zapdos
|-damage|p1a: Zapdos|21/100
|move|p1a: Zapdos|Thunder Wave|p2a: Enamorus
|-status|p2a: Enamorus|par
|
|upkeep
|turn|8
|
|t:|1758961839
|move|p1a: Zapdos|Roost|p1a: Zapdos
|-heal|p1a: Zapdos|72/100
|move|p2a: Enamorus|Moonblast|p1a: Zapdos
|-resisted|p1a: Zapdos
|-damage|p1a: Zapdos|48/100
|-unboost|p1a: Zapdos|spa|1
|
|upkeep
|turn|9
|
|t:|1758961850
|move|p1a: Zapdos|Roost|p1a: Zapdos
|-heal|p1a: Zapdos|98/100
|move|p2a: Enamorus|Moonblast|p1a: Zapdos
|-resisted|p1a: Zapdos
|-damage|p1a: Zapdos|72/100
|-unboost|p1a: Zapdos|spa|1
|
|upkeep
|turn|10
|
|t:|1758961858
|switch|p2a: Slowking|Slowking-Galar, F|100/100
|move|p1a: Zapdos|Volt Switch|p2a: Slowking
|-damage|p2a: Slowking|92/100
|
|t:|1758961863
|switch|p1a: Muk|Muk-Alola, F|84/100|[from] Volt Switch
|-damage|p1a: Muk|72/100|[from] Stealth Rock
|
|upkeep
|turn|11
|
|t:|1758961890
|switch|p2a: Enamorus|Enamorus, F|100/100 par
|move|p1a: Muk|Knock Off|p2a: Enamorus
|-resisted|p2a: Enamorus
|-damage|p2a: Enamorus|60/100 par
|-enditem|p2a: Enamorus|Choice Scarf|[from] move: Knock Off|[of] p1a: Muk
|
|upkeep
|turn|12
|
|t:|1758961897
|move|p2a: Enamorus|Earth Power|p1a: Muk
|-supereffective|p1a: Muk
|-damage|p1a: Muk|14/100
|move|p1a: Muk|Poison Jab|p2a: Enamorus
|-supereffective|p2a: Enamorus
|-damage|p2a: Enamorus|0 fnt
|faint|p2a: Enamorus
|
|upkeep
|
|t:|1758961908
|switch|p2a: Primarina|Primarina, F|100/100
|turn|13
|
|t:|1758961911
|move|p2a: Primarina|Psychic Noise|p1a: Muk
|-damage|p1a: Muk|0 fnt
|faint|p1a: Muk
|
|upkeep
|
|t:|1758961920
|switch|p1a: Zapdos|Zapdos, tera:Fire|72/100
|turn|14
|
|t:|1758961928
|-terastallize|p2a: Primarina|Ghost
|move|p1a: Zapdos|Volt Switch|p2a: Primarina
|-damage|p2a: Primarina|69/100
|
|t:|1758961934
|switch|p1a: Walking Wake|Walking Wake|100/100|[from] Volt Switch
|-damage|p1a: Walking Wake|88/100|[from] Stealth Rock
|move|p2a: Primarina|Psychic Noise|p1a: Walking Wake
|-resisted|p1a: Walking Wake
|-damage|p1a: Walking Wake|75/100
|-start|p1a: Walking Wake|move: Heal Block
|
|-heal|p2a: Primarina|75/100|[from] item: Leftovers
|upkeep
|turn|15
|
|t:|1758961945
|move|p1a: Walking Wake|Hydro Pump|p2a: Primarina|[miss]
|-miss|p1a: Walking Wake|p2a: Primarina
|move|p2a: Primarina|Moonblast|p1a: Walking Wake
|-supereffective|p1a: Walking Wake
|-damage|p1a: Walking Wake|0 fnt
|faint|p1a: Walking Wake
|-end|p1a: Walking Wake|Protosynthesis|[silent]
|
|-heal|p2a: Primarina|81/100|[from] item: Leftovers
|upkeep
|
|t:|1758961953
|switch|p1a: Zapdos|Zapdos, tera:Fire|72/100
|turn|16
|
|t:|1758961956
|move|p1a: Zapdos|Hurricane|p2a: Primarina
|-crit|p2a: Primarina
|-damage|p2a: Primarina|3/100
|-start|p2a: Primarina|confusion
|-activate|p2a: Primarina|confusion
|-damage|p2a: Primarina|0 fnt|[from] confusion
|faint|p2a: Primarina
|
|upkeep
|
|t:|1758961973
|switch|p2a: Ogerpon|Ogerpon, F|100/100
|turn|17
|
|t:|1758961977
|move|p2a: Ogerpon|Rock Tomb|p1a: Zapdos
|-supereffective|p1a: Zapdos
|-damage|p1a: Zapdos|14/100
|-unboost|p1a: Zapdos|spe|1
|move|p1a: Zapdos|Volt Switch|p2a: Ogerpon
|-resisted|p2a: Ogerpon
|-damage|p2a: Ogerpon|81/100
|
|t:|1758961984
|switch|p1a: Great Tusk|Great Tusk|100/100|[from] Volt Switch
|-damage|p1a: Great Tusk|98/100|[from] Stealth Rock
|
|-heal|p1a: Great Tusk|100/100|[from] item: Leftovers
|upkeep
|turn|18
|
|t:|1758961991
|switch|p2a: Slowking|Slowking-Galar, F|100/100
|move|p1a: Great Tusk|Rapid Spin|p2a: Slowking
|-crit|p2a: Slowking
|-damage|p2a: Slowking|79/100
|-boost|p1a: Great Tusk|spe|1
|-sideend|p1: shamoqingt|Stealth Rock|[from] move: Rapid Spin|[of] p1a: Great Tusk
|
|upkeep
|turn|19
|
|t:|1758961999
|move|p1a: Great Tusk|Headlong Rush|p2a: Slowking
|-supereffective|p2a: Slowking
|-crit|p2a: Slowking
|-damage|p2a: Slowking|0 fnt
|-unboost|p1a: Great Tusk|def|1
|-unboost|p1a: Great Tusk|spd|1
|faint|p2a: Slowking
|
|upkeep
|
|t:|1758962002
|switch|p2a: Ogerpon|Ogerpon, F|81/100
|turn|20
|
|t:|1758962010
|move|p1a: Great Tusk|Ice Spinner|p2a: Ogerpon
|-supereffective|p2a: Ogerpon
|-damage|p2a: Ogerpon|0 fnt
|faint|p2a: Ogerpon
|
|upkeep
|
|t:|1758962013
|switch|p2a: Kingambit|Kingambit, M|100/100
|-activate|p2a: Kingambit|ability: Supreme Overlord
|-start|p2a: Kingambit|fallen5|[silent]
|turn|21
|
|t:|1758962021
|move|p1a: Great Tusk|Headlong Rush|p2a: Kingambit
|-supereffective|p2a: Kingambit
|-damage|p2a: Kingambit|9/100
|-unboost|p1a: Great Tusk|def|1
|-unboost|p1a: Great Tusk|spd|1
|move|p2a: Kingambit|Iron Head|p1a: Great Tusk
|-damage|p1a: Great Tusk|3/100
|
|-heal|p1a: Great Tusk|9/100|[from] item: Leftovers
|-heal|p2a: Kingambit|15/100|[from] item: Leftovers
|upkeep
|turn|22
|
|t:|1758962030
|move|p2a: Kingambit|Sucker Punch|p1a: Great Tusk
|-resisted|p1a: Great Tusk
|-damage|p1a: Great Tusk|0 fnt
|faint|p1a: Great Tusk
|-end|p1a: Great Tusk|Protosynthesis|[silent]
|
|-heal|p2a: Kingambit|22/100|[from] item: Leftovers
|upkeep
|
|t:|1758962037
|switch|p1a: Zapdos|Zapdos, tera:Fire|14/100
|turn|23
|
|t:|1758962040
|move|p2a: Kingambit|Sucker Punch|p1a: Zapdos
|-damage|p1a: Zapdos|0 fnt
|-status|p2a: Kingambit|par|[from] ability: Static|[of] p1a: Zapdos
|faint|p1a: Zapdos
|
|-heal|p2a: Kingambit|28/100 par|[from] item: Leftovers
|upkeep
|
|t:|1758962046
|switch|p1a: Blaziken|Blaziken, F|100/100
|turn|24
|
|t:|1758962049
|move|p1a: Blaziken|Fire Punch|p2a: Kingambit
|-supereffective|p2a: Kingambit
|-damage|p2a: Kingambit|0 fnt
|faint|p2a: Kingambit
|-end|p2a: Kingambit|fallen5|[silent]
|
|win|shamoqingt
|raw|shamoqingt's rating: 1362 &rarr; <strong>1383</strong><br />(+21 for winning)
|raw|gumpgumpgumpgu's rating: 1371 &rarr; <strong>1350</strong><br />(-21 for losing)
|l|☆gumpgumpgumpgu
|player|p2|
|l|☆shamoqingt
|player|p1|
