|j|☆K1D_CYB3RPUNK
|j|☆Kbofill
|t:|1759038806
|gametype|singles
|player|p1|K1D_CYB3RPUNK|101|1116
|player|p2|Kbofill|170|1107
|gen|9
|tier|[Gen 9] OU
|rated|
|rule|HP Percentage Mod: HP is shown in percentages
|rule|Endless Battle Clause: Forcing endless battles is banned
|rule|Species Clause: Limit one of each Pokémon
|rule|OHKO Clause: OHKO moves are banned
|rule|Evasion Items Clause: Evasion items are banned
|rule|Evasion Moves Clause: Evasion moves are banned
|rule|Evasion Abilities Clause: Evasion abilities are banned
|rule|Sleep Moves Clause: Sleep-inducing moves are banned
|clearpoke
|poke|p1|Garchomp, M|
|poke|p1|Lucario, M|
|poke|p1|Gardevoir, F|
|poke|p1|Tinkaton, F|
|poke|p1|Snorlax, M|
|poke|p1|Magnezone|
|poke|p2|Tentacruel, F|
|poke|p2|Pelipper, M|
|poke|p2|Ribombee, F|
|poke|p2|Thundurus-Therian, M|
|poke|p2|Basculegion, M|
|poke|p2|Porygon-Z|
|teampreview
|inactive|Battle timer is ON: inactive players will automatically lose when time's up. (requested by Kbofill)
|
|t:|1759038818
|teamsize|p1|6
|teamsize|p2|6
|start
|switch|p1a: Magnezone|Magnezone|100/100
|switch|p2a: Ribombee|Ribombee, F|100/100
|-item|p1a: Magnezone|Air Balloon
|turn|1
|
|t:|1759038827
|move|p2a: Ribombee|Sticky Web|p1a: Magnezone
|-sidestart|p1: K1D_CYB3RPUNK|move: Sticky Web
|move|p1a: Magnezone|Flash Cannon|p2a: Ribombee
|-supereffective|p2a: Ribombee
|-damage|p2a: Ribombee|0 fnt
|faint|p2a: Ribombee
|
|upkeep
|
|t:|1759038851
|switch|p2a: Basculegion|Basculegion, M|100/100
|turn|2
|
|t:|1759038862
|move|p2a: Basculegion|Aqua Jet|p1a: Magnezone
|-damage|p1a: Magnezone|66/100
|-enditem|p1a: Magnezone|Air Balloon
|move|p1a: Magnezone|Volt Switch|p2a: Basculegion
|-supereffective|p2a: Basculegion
|-damage|p2a: Basculegion|26/100
|
|t:|1759038872
|switch|p1a: Snorlax|Snorlax, M|100/100|[from] Volt Switch
|-activate|p1a: Snorlax|move: Sticky Web
|-unboost|p1a: Snorlax|spe|1
|
|upkeep
|turn|3
|
|t:|1759038878
|move|p2a: Basculegion|Aqua Jet|p1a: Snorlax
|-damage|p1a: Snorlax|71/100
|move|p1a: Snorlax|Counter|p2a: Basculegion
|-immune|p2a: Basculegion
|
|-heal|p1a: Snorlax|78/100|[from] item: Leftovers
|upkeep
|turn|4
|
|t:|1759038888
|move|p2a: Basculegion|Aqua Jet|p1a: Snorlax
|-damage|p1a: Snorlax|51/100
|move|p1a: Snorlax|Crunch|p2a: Basculegion
|-supereffective|p2a: Basculegion
|-damage|p2a: Basculegion|0 fnt
|faint|p2a: Basculegion
|
|-heal|p1a: Snorlax|57/100|[from] item: Leftovers
|upkeep
|
|t:|1759038891
|switch|p2a: Porygon-Z|Porygon-Z|100/100
|turn|5
|
|t:|1759038900
|-terastallize|p2a: Porygon-Z|Normal
|move|p1a: Snorlax|Protect|p1a: Snorlax
|-singleturn|p1a: Snorlax|Protect
|move|p2a: Porygon-Z|Uproar|p1a: Snorlax
|-activate|p1a: Snorlax|move: Protect
|
|-heal|p1a: Snorlax|64/100|[from] item: Leftovers
|upkeep
|turn|6
|
|t:|1759038912
|move|p2a: Porygon-Z|Uproar|p1a: Snorlax
|-damage|p1a: Snorlax|20/100
|-start|p2a: Porygon-Z|Uproar
|-enditem|p2a: Porygon-Z|Throat Spray
|-boost|p2a: Porygon-Z|spa|1|[from] item: Throat Spray
|move|p1a: Snorlax|Body Slam|p2a: Porygon-Z
|-damage|p2a: Porygon-Z|52/100
|-status|p2a: Porygon-Z|par
|
|-heal|p1a: Snorlax|26/100|[from] item: Leftovers
|-start|p2a: Porygon-Z|Uproar|[upkeep]
|upkeep
|turn|7
|
|t:|1759038927
|move|p2a: Porygon-Z|Uproar|p1a: Snorlax|[from] lockedmove
|-damage|p1a: Snorlax|0 fnt
|faint|p1a: Snorlax
|
|-start|p2a: Porygon-Z|Uproar|[upkeep]
|upkeep
|
|t:|1759038935
|switch|p1a: Lucario|Lucario, M|100/100
|-activate|p1a: Lucario|move: Sticky Web
|-unboost|p1a: Lucario|spe|1
|turn|8
|
|t:|1759038940
|move|p1a: Lucario|Aura Sphere|p2a: Porygon-Z
|-supereffective|p2a: Porygon-Z
|-damage|p2a: Porygon-Z|0 fnt
|faint|p2a: Porygon-Z
|
|upkeep
|
|t:|1759038946
|switch|p2a: Pelipper|Pelipper, M|100/100
|-weather|RainDance|[from] ability: Drizzle|[of] p2a: Pelipper
|turn|9
|
|t:|1759038957
|switch|p1a: Magnezone|Magnezone|66/100
|-activate|p1a: Magnezone|move: Sticky Web
|-unboost|p1a: Magnezone|spe|1
|move|p2a: Pelipper|Hydro Pump|p1a: Magnezone|[miss]
|-miss|p2a: Pelipper|p1a: Magnezone
|
|-weather|RainDance|[upkeep]
|upkeep
|turn|10
|
|t:|1759038966
|move|p2a: Pelipper|Hydro Pump|p1a: Magnezone|[miss]
|-miss|p2a: Pelipper|p1a: Magnezone
|move|p1a: Magnezone|Volt Switch|p2a: Pelipper
|-supereffective|p2a: Pelipper
|-damage|p2a: Pelipper|0 fnt
|faint|p2a: Pelipper
|
|t:|1759038975
|switch|p1a: Tinkaton|Tinkaton, F|100/100|[from] Volt Switch
|-activate|p1a: Tinkaton|move: Sticky Web
|-unboost|p1a: Tinkaton|spe|1
|-ability|p1a: Tinkaton|Mold Breaker
|
|-weather|RainDance|[upkeep]
|upkeep
|
|t:|1759038986
|switch|p2a: Thundurus|Thundurus-Therian, M|100/100
|turn|11
|
|t:|1759038990
|move|p2a: Thundurus|Nasty Plot|p2a: Thundurus
|-boost|p2a: Thundurus|spa|2
|move|p1a: Tinkaton|Ice Hammer|p2a: Thundurus
|-supereffective|p2a: Thundurus
|-damage|p2a: Thundurus|20/100
|-unboost|p1a: Tinkaton|spe|1
|
|-weather|RainDance|[upkeep]
|upkeep
|turn|12
|
|t:|1759039005
|move|p2a: Thundurus|Weather Ball|p1a: Tinkaton
|-damage|p1a: Tinkaton|5/100
|-damage|p2a: Thundurus|10/100|[from] item: Life Orb
|move|p1a: Tinkaton|Ice Hammer|p2a: Thundurus
|-supereffective|p2a: Thundurus
|-damage|p2a: Thundurus|0 fnt
|-unboost|p1a: Tinkaton|spe|1
|faint|p2a: Thundurus
|
|-weather|RainDance|[upkeep]
|upkeep
|
|t:|1759039012
|switch|p2a: Tentacruel|Tentacruel, F|100/100
|turn|13
|
|t:|1759039027
|move|p2a: Tentacruel|Surf|p1a: Tinkaton
|-crit|p1a: Tinkaton
|-damage|p1a: Tinkaton|0 fnt
|faint|p1a: Tinkaton
|
|-weather|RainDance|[upkeep]
|upkeep
|
|t:|1759039034
|switch|p1a: Garchomp|Garchomp, M|100/100
|-activate|p1a: Garchomp|move: Sticky Web
|-unboost|p1a: Garchomp|spe|1
|turn|14
|
|t:|1759039042
|move|p2a: Tentacruel|Surf|p1a: Garchomp
|-damage|p1a: Garchomp|64/100
|move|p1a: Garchomp|Earthquake|p2a: Tentacruel
|-supereffective|p2a: Tentacruel
|-damage|p2a: Tentacruel|0 fnt
|faint|p2a: Tentacruel
|
|win|K1D_CYB3RPUNK
|raw|K1D_CYB3RPUNK's rating: 1116 &rarr; <strong>1140</strong><br />(+24 for winning)
|raw|Kbofill's rating: 1107 &rarr; <strong>1083</strong><br />(-24 for losing)
|l|☆Kbofill
|player|p2|
|l|☆K1D_CYB3RPUNK
|player|p1|
