|j|☆chise0713
|j|☆D1eLand
|t:|1759050794
|gametype|singles
|player|p1|chise0713|waitress-gen4|1129
|player|p2|D1eLand|hilbert|1057
|gen|9
|tier|[Gen 9] OU
|rated|
|rule|HP Percentage Mod: HP is shown in percentages
|rule|Endless Battle Clause: Forcing endless battles is banned
|rule|Species Clause: Limit one of each Pokémon
|rule|OHKO Clause: OHKO moves are banned
|rule|Evasion Items Clause: Evasion items are banned
|rule|Evasion Moves Clause: Evasion moves are banned
|rule|Evasion Abilities Clause: Evasion abilities are banned
|rule|Sleep Moves Clause: Sleep-inducing moves are banned
|clearpoke
|poke|p1|Politoed, F|
|poke|p1|Kingdra, M|
|poke|p1|Kilowattrel, M|
|poke|p1|Noivern, M|
|poke|p1|Barraskewda, F|
|poke|p1|Goodra-Hisui, F|
|poke|p2|Greninja-*, M|
|poke|p2|Typhlosion, F|
|poke|p2|Ampharos, F|
|poke|p2|Avalugg-Hisui, M|
|poke|p2|Flygon, F|
|poke|p2|Corviknight, M|
|teampreview
|inactive|Battle timer is ON: inactive players will automatically lose when time's up. (requested by chise0713)
|
|t:|1759050799
|teamsize|p1|6
|teamsize|p2|6
|start
|switch|p1a: Politoed|Politoed, F|100/100
|switch|p2a: Flygon|Flygon, F|100/100
|-weather|RainDance|[from] ability: Drizzle|[of] p1a: Politoed
|turn|1
|
|t:|1759050806
|move|p2a: Flygon|Substitute|p2a: Flygon
|-start|p2a: Flygon|Substitute
|-damage|p2a: Flygon|76/100
|move|p1a: Politoed|Ice Beam|p2a: Flygon
|-supereffective|p2a: Flygon
|-end|p2a: Flygon|Substitute
|
|-weather|RainDance|[upkeep]
|-heal|p2a: Flygon|82/100|[from] item: Leftovers
|upkeep
|turn|2
|
|t:|1759050822
|switch|p2a: Ampharos|Ampharos, F|100/100
|move|p1a: Politoed|Ice Beam|p2a: Ampharos
|-damage|p2a: Ampharos|73/100
|
|-weather|RainDance|[upkeep]
|upkeep
|turn|3
|
|t:|1759050833
|move|p1a: Politoed|Surf|p2a: Ampharos
|-damage|p2a: Ampharos|18/100
|move|p2a: Ampharos|Thunder|p1a: Politoed
|-supereffective|p1a: Politoed
|-damage|p1a: Politoed|0 fnt
|faint|p1a: Politoed
|
|-weather|RainDance|[upkeep]
|upkeep
|inactive|chise0713 has 120 seconds left.
|
|t:|1759050858
|switch|p1a: Barraskewda|Barraskewda, F|100/100
|turn|4
|
|t:|1759050862
|move|p1a: Barraskewda|Liquidation|p2a: Ampharos
|-damage|p2a: Ampharos|0 fnt
|faint|p2a: Ampharos
|
|-weather|RainDance|[upkeep]
|upkeep
|
|t:|1759050875
|switch|p2a: Greninja|Greninja, M|100/100
|turn|5
|
|t:|1759050883
|move|p1a: Barraskewda|Liquidation|p2a: Greninja
|-resisted|p2a: Greninja
|-crit|p2a: Greninja
|-damage|p2a: Greninja|0 fnt
|faint|p2a: Greninja
|
|-weather|none
|upkeep
|
|t:|1759050892
|switch|p2a: Corviknight|Corviknight, M|100/100
|-ability|p2a: Corviknight|Pressure
|turn|6
|
|t:|1759050916
|switch|p1a: Kilowattrel|Kilowattrel, M|100/100
|move|p2a: Corviknight|Drill Peck|p1a: Kilowattrel
|-resisted|p1a: Kilowattrel
|-damage|p1a: Kilowattrel|70/100
|
|upkeep
|turn|7
|
|t:|1759050934
|switch|p2a: Avalugg|Avalugg-Hisui, M|100/100
|move|p1a: Kilowattrel|Thunder|p2a: Avalugg
|-damage|p2a: Avalugg|14/100
|
|-heal|p2a: Avalugg|21/100|[from] item: Leftovers
|upkeep
|turn|8
|
|t:|1759050946
|move|p1a: Kilowattrel|Volt Switch|p2a: Avalugg
|-damage|p2a: Avalugg|0 fnt
|faint|p2a: Avalugg
|
|t:|1759050952
|switch|p1a: Barraskewda|Barraskewda, F|100/100|[from] Volt Switch
|
|upkeep
|
|t:|1759050960
|switch|p2a: Corviknight|Corviknight, M|100/100
|-ability|p2a: Corviknight|Pressure
|turn|9
|
|t:|1759050976
|move|p1a: Barraskewda|Flip Turn|p2a: Corviknight
|-damage|p2a: Corviknight|52/100
|
|t:|1759050981
|switch|p1a: Kilowattrel|Kilowattrel, M|70/100|[from] Flip Turn
|move|p2a: Corviknight|Drill Peck|p1a: Kilowattrel
|-resisted|p1a: Kilowattrel
|-damage|p1a: Kilowattrel|35/100
|
|-heal|p2a: Corviknight|59/100|[from] item: Leftovers
|upkeep
|turn|10
|
|t:|1759050992
|switch|p2a: Flygon|Flygon, F|82/100
|move|p1a: Kilowattrel|Volt Switch|p2a: Flygon
|-immune|p2a: Flygon
|
|-heal|p2a: Flygon|88/100|[from] item: Leftovers
|upkeep
|turn|11
|
|t:|1759051005
|move|p1a: Kilowattrel|Hurricane|p2a: Flygon|[miss]
|-miss|p1a: Kilowattrel|p2a: Flygon
|move|p2a: Flygon|Sandstorm|p2a: Flygon
|-weather|Sandstorm
|
|-weather|Sandstorm|[upkeep]
|-damage|p1a: Kilowattrel|29/100|[from] Sandstorm
|-heal|p2a: Flygon|94/100|[from] item: Leftovers
|upkeep
|turn|12
|
|t:|1759051026
|switch|p1a: Goodra|Goodra-Hisui, F|100/100
|move|p2a: Flygon|Stealth Rock|p1a: Goodra
|-sidestart|p1: chise0713|move: Stealth Rock
|
|-weather|Sandstorm|[upkeep]
|-heal|p2a: Flygon|99/100|[from] item: Leftovers
|upkeep
|turn|13
|
|t:|1759051045
|switch|p2a: Typhlosion|Typhlosion, F|100/100
|move|p1a: Goodra|Acid Armor|p1a: Goodra
|-boost|p1a: Goodra|def|2
|
|-weather|Sandstorm|[upkeep]
|-damage|p2a: Typhlosion|94/100|[from] Sandstorm
|upkeep
|turn|14
|
|t:|1759051057
|move|p2a: Typhlosion|Heat Wave|p1a: Goodra
|-damage|p1a: Goodra|67/100
|-status|p1a: Goodra|brn
|move|p1a: Goodra|Dragon Tail|p2a: Typhlosion
|-damage|p2a: Typhlosion|79/100
|drag|p2a: Flygon|Flygon, F|99/100
|
|-weather|Sandstorm|[upkeep]
|-heal|p2a: Flygon|100/100|[from] item: Leftovers
|-heal|p1a: Goodra|73/100 brn|[from] item: Leftovers
|-damage|p1a: Goodra|67/100 brn|[from] brn
|upkeep
|turn|15
|
|t:|1759051067
|move|p2a: Flygon|U-turn|p1a: Goodra
|-resisted|p1a: Goodra
|-damage|p1a: Goodra|64/100 brn
|-ability|p1a: Goodra|Gooey
|-unboost|p2a: Flygon|spe|1
|
|t:|1759051074
|switch|p2a: Typhlosion|Typhlosion, F|79/100|[from] U-turn
|move|p1a: Goodra|Dragon Tail|p2a: Typhlosion
|-damage|p2a: Typhlosion|62/100
|drag|p2a: Corviknight|Corviknight, M|59/100
|-ability|p2a: Corviknight|Pressure
|
|-weather|none
|-heal|p2a: Corviknight|65/100|[from] item: Leftovers
|-heal|p1a: Goodra|70/100 brn|[from] item: Leftovers
|-damage|p1a: Goodra|64/100 brn|[from] brn
|upkeep
|turn|16
|
|t:|1759051086
|move|p2a: Corviknight|Drill Peck|p1a: Goodra
|-resisted|p1a: Goodra
|-damage|p1a: Goodra|59/100 brn
|-ability|p1a: Goodra|Gooey
|-unboost|p2a: Corviknight|spe|1
|move|p1a: Goodra|Acid Armor|p1a: Goodra
|-boost|p1a: Goodra|def|2
|
|-heal|p2a: Corviknight|71/100|[from] item: Leftovers
|-heal|p1a: Goodra|65/100 brn|[from] item: Leftovers
|-damage|p1a: Goodra|59/100 brn|[from] brn
|upkeep
|turn|17
|
|t:|1759051099
|switch|p2a: Typhlosion|Typhlosion, F|62/100
|move|p1a: Goodra|Acid Armor|p1a: Goodra
|-boost|p1a: Goodra|def|2
|
|-heal|p1a: Goodra|65/100 brn|[from] item: Leftovers
|-damage|p1a: Goodra|59/100 brn|[from] brn
|upkeep
|turn|18
|
|t:|1759051109
|move|p2a: Typhlosion|Heat Wave|p1a: Goodra
|-damage|p1a: Goodra|23/100 brn
|move|p1a: Goodra|Body Press|p2a: Typhlosion
|-damage|p2a: Typhlosion|0 fnt
|faint|p2a: Typhlosion
|
|-heal|p1a: Goodra|29/100 brn|[from] item: Leftovers
|-damage|p1a: Goodra|23/100 brn|[from] brn
|upkeep
|
|t:|1759051119
|switch|p2a: Corviknight|Corviknight, M|71/100
|-ability|p2a: Corviknight|Pressure
|turn|19
|
|t:|1759051125
|move|p2a: Corviknight|Hone Claws|p2a: Corviknight
|-boost|p2a: Corviknight|atk|1
|-boost|p2a: Corviknight|accuracy|1
|move|p1a: Goodra|Body Press|p2a: Corviknight
|-damage|p2a: Corviknight|20/100
|
|-heal|p2a: Corviknight|27/100|[from] item: Leftovers
|-heal|p1a: Goodra|29/100 brn|[from] item: Leftovers
|-damage|p1a: Goodra|23/100 brn|[from] brn
|upkeep
|turn|20
|
|t:|1759051134
|move|p2a: Corviknight|Drill Peck|p1a: Goodra
|-resisted|p1a: Goodra
|-damage|p1a: Goodra|19/100 brn
|-ability|p1a: Goodra|Gooey
|-unboost|p2a: Corviknight|spe|1
|move|p1a: Goodra|Body Press|p2a: Corviknight
|-damage|p2a: Corviknight|0 fnt
|faint|p2a: Corviknight
|
|-heal|p1a: Goodra|25/100 brn|[from] item: Leftovers
|-damage|p1a: Goodra|19/100 brn|[from] brn
|upkeep
|
|t:|1759051145
|switch|p2a: Flygon|Flygon, F|100/100
|turn|21
|
|t:|1759051150
|move|p2a: Flygon|Sandstorm|p2a: Flygon
|-weather|Sandstorm
|move|p1a: Goodra|Body Press|p2a: Flygon
|-damage|p2a: Flygon|47/100
|
|-weather|Sandstorm|[upkeep]
|-heal|p2a: Flygon|53/100|[from] item: Leftovers
|-heal|p1a: Goodra|25/100 brn|[from] item: Leftovers
|-damage|p1a: Goodra|19/100 brn|[from] brn
|upkeep
|turn|22
|
|t:|1759051161
|move|p2a: Flygon|U-turn|p1a: Goodra
|-resisted|p1a: Goodra
|-damage|p1a: Goodra|18/100 brn
|-ability|p1a: Goodra|Gooey
|-unboost|p2a: Flygon|spe|1
|move|p1a: Goodra|Body Press|p2a: Flygon
|-damage|p2a: Flygon|0 fnt
|faint|p2a: Flygon
|
|win|chise0713
|raw|chise0713's rating: 1129 &rarr; <strong>1149</strong><br />(+20 for winning)
|raw|D1eLand's rating: 1057 &rarr; <strong>1042</strong><br />(-15 for losing)
|l|☆chise0713
|player|p1|
|l|☆D1eLand
|player|p2|
