|j|☆DarklexAeternus
|j|☆bruh_3981
|t:|1759031695
|gametype|singles
|player|p1|DarklexAeternus|2|1069
|player|p2|bruh_3981|skier|1079
|gen|9
|tier|[Gen 9] OU
|rated|
|rule|HP Percentage Mod: HP is shown in percentages
|rule|Endless Battle Clause: Forcing endless battles is banned
|rule|Species Clause: Limit one of each Pokémon
|rule|OHKO Clause: OHKO moves are banned
|rule|Evasion Items Clause: Evasion items are banned
|rule|Evasion Moves Clause: Evasion moves are banned
|rule|Evasion Abilities Clause: Evasion abilities are banned
|rule|Sleep Moves Clause: Sleep-inducing moves are banned
|clearpoke
|poke|p1|Gliscor, F|
|poke|p1|Primarina, F|
|poke|p1|Raging Bolt|
|poke|p1|Blaziken, M|
|poke|p1|Glimmora, F|
|poke|p1|Zarude|
|poke|p2|Azumarill, M|
|poke|p2|Kyurem|
|poke|p2|Great Tusk|
|poke|p2|Iron Valiant|
|poke|p2|Dragapult, F|
|poke|p2|Iron Moth|
|teampreview
|inactive|Battle timer is ON: inactive players will automatically lose when time's up. (requested by bruh_3981)
|
|t:|1759031704
|teamsize|p1|6
|teamsize|p2|6
|start
|switch|p1a: Primarina|Primarina, F|100/100
|switch|p2a: icy pole|Kyurem|100/100
|-ability|p2a: icy pole|Pressure
|turn|1
|
|t:|1759031720
|switch|p2a: volcarona ripoff|Iron Moth|100/100
|-enditem|p2a: volcarona ripoff|Booster Energy
|-activate|p2a: volcarona ripoff|ability: Quark Drive|[fromitem]
|-start|p2a: volcarona ripoff|quarkdrivespe
|-terastallize|p1a: Primarina|Ice
|move|p1a: Primarina|Aqua Ring|p1a: Primarina
|-start|p1a: Primarina|Aqua Ring
|
|upkeep
|turn|2
|
|t:|1759031732
|move|p2a: volcarona ripoff|Fiery Dance|p1a: Primarina
|-supereffective|p1a: Primarina
|-damage|p1a: Primarina|30/100
|move|p1a: Primarina|Surf|p2a: volcarona ripoff
|-supereffective|p2a: volcarona ripoff
|-damage|p2a: volcarona ripoff|0 fnt
|faint|p2a: volcarona ripoff
|-end|p2a: volcarona ripoff|Quark Drive|[silent]
|
|-heal|p1a: Primarina|36/100|[from] item: Leftovers
|-heal|p1a: Primarina|42/100|[from] Aqua Ring
|upkeep
|
|t:|1759031739
|switch|p2a: won't hear you out|Iron Valiant|100/100
|-enditem|p2a: won't hear you out|Booster Energy
|-activate|p2a: won't hear you out|ability: Quark Drive|[fromitem]
|-start|p2a: won't hear you out|quarkdrivespe
|turn|3
|
|t:|1759031749
|move|p2a: won't hear you out|Aura Sphere|p1a: Primarina
|-supereffective|p1a: Primarina
|-damage|p1a: Primarina|0 fnt
|faint|p1a: Primarina
|
|upkeep
|
|t:|1759031759
|switch|p1a: Gliscor|Gliscor, F|100/100
|turn|4
|
|t:|1759031769
|move|p2a: won't hear you out|Encore||[still]
|-fail|p2a: won't hear you out
|move|p1a: Gliscor|Aerial Ace|p2a: won't hear you out
|-supereffective|p2a: won't hear you out
|-damage|p2a: won't hear you out|47/100
|
|-status|p1a: Gliscor|tox|[from] item: Toxic Orb
|upkeep
|turn|5
|
|t:|1759031782
|move|p2a: won't hear you out|Moonblast|p1a: Gliscor
|-damage|p1a: Gliscor|56/100 tox
|-unboost|p1a: Gliscor|spa|1
|move|p1a: Gliscor|Aerial Ace|p2a: won't hear you out
|-supereffective|p2a: won't hear you out
|-damage|p2a: won't hear you out|0 fnt
|faint|p2a: won't hear you out
|-end|p2a: won't hear you out|Quark Drive|[silent]
|
|-heal|p1a: Gliscor|69/100 tox|[from] ability: Poison Heal
|upkeep
|
|t:|1759031786
|switch|p2a: icy pole|Kyurem|100/100
|-ability|p2a: icy pole|Pressure
|turn|6
|
|t:|1759031799
|switch|p1a: Blaziken|Blaziken, M|100/100
|move|p2a: icy pole|Ice Beam|p1a: Blaziken
|-resisted|p1a: Blaziken
|-damage|p1a: Blaziken|77/100
|
|-heal|p1a: Blaziken|83/100|[from] item: Leftovers
|upkeep
|turn|7
|
|t:|1759031808
|move|p2a: icy pole|Earth Power|p1a: Blaziken
|-supereffective|p1a: Blaziken
|-damage|p1a: Blaziken|18/100
|move|p1a: Blaziken|Aura Sphere|p2a: icy pole
|-supereffective|p2a: icy pole
|-damage|p2a: icy pole|39/100
|
|-heal|p1a: Blaziken|24/100|[from] item: Leftovers
|-ability|p1a: Blaziken|Speed Boost|boost
|-boost|p1a: Blaziken|spe|1
|upkeep
|turn|8
|
|t:|1759031825
|switch|p2a: fatass elephant|Great Tusk|100/100
|-enditem|p2a: fatass elephant|Booster Energy
|-activate|p2a: fatass elephant|ability: Protosynthesis|[fromitem]
|-start|p2a: fatass elephant|protosynthesisspe
|switch|p1a: Glimmora|Glimmora, F|100/100
|
|upkeep
|turn|9
|
|t:|1759031841
|move|p2a: fatass elephant|Bulk Up|p2a: fatass elephant
|-boost|p2a: fatass elephant|atk|1
|-boost|p2a: fatass elephant|def|1
|move|p1a: Glimmora|Toxic|p2a: fatass elephant
|-status|p2a: fatass elephant|tox
|
|-damage|p2a: fatass elephant|94/100 tox|[from] psn
|upkeep
|turn|10
|
|t:|1759031856
|move|p2a: fatass elephant|Headlong Rush|p1a: Glimmora
|-supereffective|p1a: Glimmora
|-crit|p1a: Glimmora
|-damage|p1a: Glimmora|0 fnt
|-unboost|p2a: fatass elephant|def|1
|-unboost|p2a: fatass elephant|spd|1
|-activate|p1a: Glimmora|ability: Toxic Debris
|-sidestart|p2: bruh_3981|move: Toxic Spikes
|faint|p1a: Glimmora
|
|-damage|p2a: fatass elephant|82/100 tox|[from] psn
|upkeep
|
|t:|1759031870
|switch|p1a: Zarude|Zarude|100/100
|turn|11
|
|t:|1759031881
|-terastallize|p2a: fatass elephant|Ice
|move|p2a: fatass elephant|Ice Spinner|p1a: Zarude
|-supereffective|p1a: Zarude
|-damage|p1a: Zarude|5/100
|move|p1a: Zarude|Petal Blizzard|p2a: fatass elephant
|-damage|p2a: fatass elephant|54/100 tox
|
|-heal|p1a: Zarude|11/100|[from] item: Leftovers
|-damage|p2a: fatass elephant|36/100 tox|[from] psn
|upkeep
|turn|12
|
|t:|1759031893
|move|p2a: fatass elephant|Headlong Rush|p1a: Zarude
|-resisted|p1a: Zarude
|-damage|p1a: Zarude|0 fnt
|-unboost|p2a: fatass elephant|def|1
|-unboost|p2a: fatass elephant|spd|1
|faint|p1a: Zarude
|
|-damage|p2a: fatass elephant|11/100 tox|[from] psn
|upkeep
|
|t:|1759031901
|switch|p1a: Gliscor|Gliscor, F|69/100 tox
|turn|13
|
|t:|1759031912
|move|p1a: Gliscor|Protect|p1a: Gliscor
|-singleturn|p1a: Gliscor|Protect
|move|p2a: fatass elephant|Rapid Spin|p1a: Gliscor
|-activate|p1a: Gliscor|move: Protect
|
|-damage|p2a: fatass elephant|0 fnt|[from] psn
|faint|p2a: fatass elephant
|-end|p2a: fatass elephant|Protosynthesis|[silent]
|-heal|p1a: Gliscor|81/100 tox|[from] ability: Poison Heal
|upkeep
|
|t:|1759031920
|switch|p2a: icy pole|Kyurem|39/100
|-ability|p2a: icy pole|Pressure
|turn|14
|
|t:|1759031927
|move|p1a: Gliscor|Protect|p1a: Gliscor
|-singleturn|p1a: Gliscor|Protect
|move|p2a: icy pole|Earth Power|p1a: Gliscor
|-activate|p1a: Gliscor|move: Protect
|
|-heal|p1a: Gliscor|94/100 tox|[from] ability: Poison Heal
|upkeep
|turn|15
|
|t:|1759031938
|move|p2a: icy pole|Ice Beam|p1a: Gliscor
|-supereffective|p1a: Gliscor
|-damage|p1a: Gliscor|0 fnt
|faint|p1a: Gliscor
|
|upkeep
|
|t:|1759031943
|switch|p1a: Blaziken|Blaziken, M|24/100
|turn|16
|
|t:|1759031951
|move|p2a: icy pole|Earth Power|p1a: Blaziken
|-supereffective|p1a: Blaziken
|-damage|p1a: Blaziken|0 fnt
|faint|p1a: Blaziken
|
|upkeep
|
|t:|1759031957
|switch|p1a: Raging Bolt|Raging Bolt|100/100
|turn|17
|
|t:|1759031963
|move|p2a: icy pole|Draco Meteor|p1a: Raging Bolt
|-supereffective|p1a: Raging Bolt
|-damage|p1a: Raging Bolt|7/100
|-unboost|p2a: icy pole|spa|2
|move|p1a: Raging Bolt|Discharge|p2a: icy pole
|-resisted|p2a: icy pole
|-damage|p2a: icy pole|23/100
|-status|p2a: icy pole|par
|
|-heal|p1a: Raging Bolt|13/100|[from] item: Leftovers
|upkeep
|turn|18
|-message|DarklexAeternus forfeited.
|
|win|bruh_3981
|raw|DarklexAeternus's rating: 1069 &rarr; <strong>1049</strong><br />(-20 for losing)
|raw|bruh_3981's rating: 1079 &rarr; <strong>1106</strong><br />(+27 for winning)
|l|☆DarklexAeternus
|player|p1|
