|badge|p1|bronze|gen9ou|100-6
|html|<div class="broadcast-red"><strong>This battle is required to be public due to one or more player having a season medal.</strong><br />During the public phase, you can discuss the state of the ladder <a href="/seasondiscussion">in a special chatroom.</a></div>
|uhtml|medal-msg|<div class="broadcast-blue">Curious what those medals under the avatar are? PS now has Ladder Seasons! For more information, check out the <a href="https://www.smogon.com/forums/threads/3740067/">thread on Smogon.</a></div>
|badge|p2|bronze|gen9ou|100-6
|badge|p2|bronze|gen9monotype|100-6
|uhtml|medal-msg|<div class="broadcast-blue">Curious what those medals under the avatar are? PS now has Ladder Seasons! For more information, check out the <a href="https://www.smogon.com/forums/threads/3740067/">thread on Smogon.</a></div>
|raw|<div class="broadcast-blue"><strong>This battle is required to be public due to a player having a name starting with 'medal'.</div>
|j|☆ADM02
|j|☆abravioustinkaton
|t:|1758978276
|gametype|singles
|player|p1|ADM02|101|1840
|player|p2|abravioustinkaton|miku-ice|1855
|gen|9
|tier|[Gen 9] OU
|rated|
|rule|HP Percentage Mod: HP is shown in percentages
|rule|Endless Battle Clause: Forcing endless battles is banned
|rule|Species Clause: Limit one of each Pokémon
|rule|OHKO Clause: OHKO moves are banned
|rule|Evasion Items Clause: Evasion items are banned
|rule|Evasion Moves Clause: Evasion moves are banned
|rule|Evasion Abilities Clause: Evasion abilities are banned
|rule|Sleep Moves Clause: Sleep-inducing moves are banned
|clearpoke
|poke|p1|Cinderace, F|
|poke|p1|Clefable, M|
|poke|p1|Salamence, M|
|poke|p1|Dragonite, M|
|poke|p1|Hoopa-Unbound|
|poke|p1|Clodsire, F|
|poke|p2|Zapdos|
|poke|p2|Iron Crown|
|poke|p2|Garganacl, M|
|poke|p2|Great Tusk|
|poke|p2|Samurott-Hisui, M|
|poke|p2|Dragapult, F|
|teampreview
|inactive|Battle timer is ON: inactive players will automatically lose when time's up. (requested by ADM02)
|
|t:|1758978289
|teamsize|p1|6
|teamsize|p2|6
|start
|switch|p1a: Hoopa|Hoopa-Unbound|100/100
|switch|p2a: Dragapult|Dragapult, F|100/100
|turn|1
|
|t:|1758978291
|switch|p1a: Clefable|Clefable, M|100/100
|move|p2a: Dragapult|U-turn|p1a: Clefable
|-resisted|p1a: Clefable
|-damage|p1a: Clefable|93/100
|
|t:|1758978293
|switch|p2a: Iron Crown|Iron Crown|100/100|[from] U-turn
|
|-heal|p1a: Clefable|99/100|[from] item: Leftovers
|upkeep
|turn|2
|
|t:|1758978300
|switch|p1a: Hoopa|Hoopa-Unbound|100/100
|-terastallize|p2a: Iron Crown|Steel
|move|p2a: Iron Crown|Tachyon Cutter|p1a: Hoopa
|-damage|p1a: Hoopa|81/100
|-damage|p1a: Hoopa|61/100
|-hitcount|p1a: Hoopa|2
|
|upkeep
|turn|3
|
|t:|1758978303
|-end|p2a: Iron Crown|Quark Drive|[silent]
|switch|p2a: Samurott|Samurott-Hisui, M|100/100
|move|p1a: Hoopa|Psychic Noise|p2a: Samurott
|-immune|p2a: Samurott
|
|upkeep
|turn|4
|
|t:|1758978307
|switch|p1a: Clodsire|Clodsire, F|100/100
|move|p2a: Samurott|Ceaseless Edge|p1a: Clodsire
|-damage|p1a: Clodsire|69/100
|-damage|p2a: Samurott|84/100|[from] item: Rocky Helmet|[of] p1a: Clodsire
|-sidestart|p1: ADM02|Spikes
|
|upkeep
|turn|5
|
|t:|1758978313
|move|p2a: Samurott|Knock Off|p1a: Clodsire
|-damage|p1a: Clodsire|39/100
|-damage|p2a: Samurott|67/100|[from] item: Rocky Helmet|[of] p1a: Clodsire
|-enditem|p1a: Clodsire|Rocky Helmet|[from] move: Knock Off|[of] p2a: Samurott
|move|p1a: Clodsire|Earthquake|p2a: Samurott
|-damage|p2a: Samurott|37/100
|
|upkeep
|turn|6
|j| cryyysneasel
|
|t:|1758978316
|move|p2a: Samurott|Razor Shell|p1a: Clodsire
|-heal|p1a: Clodsire|64/100|[from] ability: Water Absorb|[of] p2a: Samurott
|move|p1a: Clodsire|Recover|p1a: Clodsire
|-heal|p1a: Clodsire|100/100
|
|upkeep
|turn|7
|
|t:|1758978320
|switch|p2a: Great Tusk|Great Tusk|100/100
|move|p1a: Clodsire|Earthquake|p2a: Great Tusk
|-damage|p2a: Great Tusk|79/100
|
|upkeep
|turn|8
|
|t:|1758978323
|-end|p2a: Great Tusk|Protosynthesis|[silent]
|switch|p2a: Iron Crown|Iron Crown, tera:Steel|100/100
|switch|p1a: Salamence|Salamence, M|100/100
|-ability|p1a: Salamence|Intimidate|boost
|-unboost|p2a: Iron Crown|atk|1
|
|upkeep
|turn|9
|
|t:|1758978327
|-terastallize|p1a: Salamence|Fire
|move|p2a: Iron Crown|Tachyon Cutter|p1a: Salamence
|-resisted|p1a: Salamence
|-damage|p1a: Salamence|76/100
|-resisted|p1a: Salamence
|-damage|p1a: Salamence|51/100
|-hitcount|p1a: Salamence|2
|move|p1a: Salamence|Flamethrower|p2a: Iron Crown
|-supereffective|p2a: Iron Crown
|-damage|p2a: Iron Crown|37/100
|
|upkeep
|turn|10
|
|t:|1758978337
|move|p2a: Iron Crown|Tachyon Cutter|p1a: Salamence
|-resisted|p1a: Salamence
|-damage|p1a: Salamence|25/100
|-resisted|p1a: Salamence
|-damage|p1a: Salamence|0 fnt
|faint|p1a: Salamence
|-hitcount|p1: Salamence|2
|
|upkeep
|
|t:|1758978341
|switch|p1a: Cinderace|Cinderace, F|100/100
|turn|11
|
|t:|1758978345
|-end|p2a: Iron Crown|Quark Drive|[silent]
|switch|p2a: Garganacl|Garganacl, M|100/100
|move|p1a: Cinderace|Pyro Ball|p2a: Garganacl|[miss]
|-miss|p1a: Cinderace|p2a: Garganacl
|
|upkeep
|turn|12
|
|t:|1758978348
|move|p1a: Cinderace|Court Change|p1a: Cinderace
|-swapsideconditions
|-activate|p1a: Cinderace|move: Court Change
|move|p2a: Garganacl|Salt Cure|p1a: Cinderace
|-supereffective|p1a: Cinderace
|-damage|p1a: Cinderace|58/100
|-start|p1a: Cinderace|Salt Cure
|
|-damage|p1a: Cinderace|46/100|[from] Salt Cure
|upkeep
|turn|13
|
|t:|1758978353
|switch|p1a: Clefable|Clefable, M|99/100
|move|p2a: Garganacl|Salt Cure|p1a: Clefable
|-damage|p1a: Clefable|88/100
|-start|p1a: Clefable|Salt Cure
|
|-heal|p1a: Clefable|94/100|[from] item: Leftovers
|upkeep
|turn|14
|
|t:|1758978360
|switch|p2a: Club Paratwice|Zapdos|100/100
|move|p1a: Clefable|Calm Mind|p1a: Clefable
|-boost|p1a: Clefable|spa|1
|-boost|p1a: Clefable|spd|1
|
|-heal|p1a: Clefable|99/100|[from] item: Leftovers
|upkeep
|turn|15
|
|t:|1758978364
|move|p2a: Club Paratwice|Thunder Wave|p1a: Clefable
|-status|p1a: Clefable|par
|move|p1a: Clefable|Calm Mind|p1a: Clefable
|-boost|p1a: Clefable|spa|1
|-boost|p1a: Clefable|spd|1
|
|-heal|p1a: Clefable|100/100 par|[from] item: Leftovers
|upkeep
|turn|16
|
|t:|1758978367
|move|p2a: Club Paratwice|Volt Switch|p1a: Clefable
|-damage|p1a: Clefable|87/100 par
|
|t:|1758978369
|switch|p2a: Samurott|Samurott-Hisui, M|37/100|[from] Volt Switch
|-damage|p2a: Samurott|24/100|[from] Spikes
|cant|p1a: Clefable|par
|
|-heal|p1a: Clefable|93/100 par|[from] item: Leftovers
|upkeep
|turn|17
|
|t:|1758978372
|move|p2a: Samurott|Knock Off|p1a: Clefable
|-resisted|p1a: Clefable
|-damage|p1a: Clefable|76/100 par
|-enditem|p1a: Clefable|Leftovers|[from] move: Knock Off|[of] p2a: Samurott
|move|p1a: Clefable|Moonblast|p2a: Samurott
|-supereffective|p2a: Samurott
|-damage|p2a: Samurott|0 fnt
|faint|p2a: Samurott
|
|upkeep
|
|t:|1758978374
|switch|p2a: Iron Crown|Iron Crown, tera:Steel|37/100
|-damage|p2a: Iron Crown|24/100|[from] Spikes
|turn|18
|
|t:|1758978382
|switch|p1a: Hoopa|Hoopa-Unbound|61/100
|move|p2a: Iron Crown|Tachyon Cutter|p1a: Hoopa
|-damage|p1a: Hoopa|40/100
|-damage|p1a: Hoopa|20/100
|-hitcount|p1a: Hoopa|2
|
|upkeep
|turn|19
|j| seiko leich
|
|t:|1758978384
|move|p2a: Iron Crown|Tachyon Cutter|p1a: Hoopa
|-damage|p1a: Hoopa|0 fnt
|faint|p1a: Hoopa
|-hitcount|p1: Hoopa|1
|
|upkeep
|
|t:|1758978386
|switch|p1a: Cinderace|Cinderace, F|46/100
|turn|20
|
|t:|1758978390
|switch|p1a: Clefable|Clefable, M|76/100 par
|-end|p2a: Iron Crown|Quark Drive|[silent]
|switch|p2a: Garganacl|Garganacl, M|100/100
|-damage|p2a: Garganacl|88/100|[from] Spikes
|
|-heal|p2a: Garganacl|94/100|[from] item: Leftovers
|upkeep
|turn|21
|
|t:|1758978395
|switch|p2a: Great Tusk|Great Tusk|79/100
|-damage|p2a: Great Tusk|67/100|[from] Spikes
|move|p1a: Clefable|Moonblast|p2a: Great Tusk
|-supereffective|p2a: Great Tusk
|-damage|p2a: Great Tusk|0 fnt
|faint|p2a: Great Tusk
|-end|p2a: Great Tusk|Protosynthesis|[silent]
|
|upkeep
|
|t:|1758978397
|switch|p2a: Iron Crown|Iron Crown, tera:Steel|24/100
|-damage|p2a: Iron Crown|12/100|[from] Spikes
|turn|22
|
|t:|1758978412
|switch|p1a: Cinderace|Cinderace, F|46/100
|move|p2a: Iron Crown|Tachyon Cutter|p1a: Cinderace
|-resisted|p1a: Cinderace
|-damage|p1a: Cinderace|12/100
|-resisted|p1a: Cinderace
|-damage|p1a: Cinderace|0 fnt
|faint|p1a: Cinderace
|-hitcount|p1: Cinderace|2
|
|upkeep
|
|t:|1758978413
|switch|p1a: Dragonite|Dragonite, M|100/100
|turn|23
|
|t:|1758978421
|move|p1a: Dragonite|Extreme Speed|p2a: Iron Crown
|-resisted|p2a: Iron Crown
|-damage|p2a: Iron Crown|0 fnt
|faint|p2a: Iron Crown
|-end|p2a: Iron Crown|Quark Drive|[silent]
|
|upkeep
|
|t:|1758978423
|switch|p2a: Dragapult|Dragapult, F|100/100
|turn|24
|
|t:|1758978428
|switch|p1a: Clodsire|Clodsire, F|100/100
|move|p2a: Dragapult|Will-O-Wisp|p1a: Clodsire
|-status|p1a: Clodsire|brn
|
|-damage|p1a: Clodsire|94/100 brn|[from] brn
|upkeep
|turn|25
|
|t:|1758978437
|move|p2a: Dragapult|Dragon Darts|p1a: Clodsire
|-damage|p1a: Clodsire|79/100 brn
|-anim|p2a: Dragapult|Dragon Darts|p1a: Clodsire
|-damage|p1a: Clodsire|63/100 brn
|move|p1a: Clodsire|Toxic|p2a: Dragapult
|-status|p2a: Dragapult|tox
|
|-damage|p2a: Dragapult|95/100 tox|[from] psn
|-damage|p1a: Clodsire|56/100 brn|[from] brn
|upkeep
|turn|26
|
|t:|1758978441
|move|p2a: Dragapult|U-turn|p1a: Clodsire
|-resisted|p1a: Clodsire
|-damage|p1a: Clodsire|49/100 brn
|
|t:|1758978442
|switch|p2a: Garganacl|Garganacl, M|94/100|[from] U-turn
|-damage|p2a: Garganacl|82/100|[from] Spikes
|move|p1a: Clodsire|Recover|p1a: Clodsire
|-heal|p1a: Clodsire|99/100 brn
|
|-heal|p2a: Garganacl|88/100|[from] item: Leftovers
|-damage|p1a: Clodsire|93/100 brn|[from] brn
|upkeep
|turn|27
|
|t:|1758978446
|move|p2a: Garganacl|Curse|p2a: Garganacl
|-unboost|p2a: Garganacl|spe|1
|-boost|p2a: Garganacl|atk|1
|-boost|p2a: Garganacl|def|1
|move|p1a: Clodsire|Stealth Rock|p2a: Garganacl
|-sidestart|p2: abravioustinkaton|move: Stealth Rock
|
|-heal|p2a: Garganacl|94/100|[from] item: Leftovers
|-damage|p1a: Clodsire|86/100 brn|[from] brn
|upkeep
|turn|28
|
|t:|1758978451
|switch|p1a: Dragonite|Dragonite, M|100/100
|move|p2a: Garganacl|Curse|p2a: Garganacl
|-unboost|p2a: Garganacl|spe|1
|-boost|p2a: Garganacl|atk|1
|-boost|p2a: Garganacl|def|1
|
|-heal|p2a: Garganacl|100/100|[from] item: Leftovers
|upkeep
|turn|29
|
|t:|1758978453
|move|p1a: Dragonite|Encore|p2a: Garganacl
|-start|p2a: Garganacl|Encore
|move|p2a: Garganacl|Curse|p2a: Garganacl
|-unboost|p2a: Garganacl|spe|1
|-boost|p2a: Garganacl|atk|1
|-boost|p2a: Garganacl|def|1
|
|upkeep
|turn|30
|
|t:|1758978462
|switch|p1a: Clefable|Clefable, M|76/100 par
|switch|p2a: Club Paratwice|Zapdos|100/100
|
|upkeep
|turn|31
|
|t:|1758978465
|move|p2a: Club Paratwice|Volt Switch|p1a: Clefable
|-damage|p1a: Clefable|50/100 par
|
|t:|1758978467
|switch|p2a: Garganacl|Garganacl, M|100/100|[from] Volt Switch
|-damage|p2a: Garganacl|88/100|[from] Spikes
|-damage|p2a: Garganacl|76/100|[from] Stealth Rock
|move|p1a: Clefable|Wish|p1a: Clefable
|
|-heal|p2a: Garganacl|82/100|[from] item: Leftovers
|upkeep
|turn|32
|
|t:|1758978474
|move|p2a: Garganacl|Salt Cure|p1a: Clefable
|-damage|p1a: Clefable|40/100 par
|-start|p1a: Clefable|Salt Cure
|move|p1a: Clefable|Calm Mind|p1a: Clefable
|-boost|p1a: Clefable|spa|1
|-boost|p1a: Clefable|spd|1
|
|-heal|p1a: Clefable|90/100 par|[from] move: Wish|[wisher] Clefable
|-heal|p2a: Garganacl|88/100|[from] item: Leftovers
|upkeep
|turn|33
|
|t:|1758978481
|move|p2a: Garganacl|Salt Cure|p1a: Clefable
|-damage|p1a: Clefable|79/100 par
|move|p1a: Clefable|Calm Mind|p1a: Clefable
|-boost|p1a: Clefable|spa|1
|-boost|p1a: Clefable|spd|1
|
|-heal|p2a: Garganacl|94/100|[from] item: Leftovers
|upkeep
|turn|34
|
|t:|1758978485
|move|p2a: Garganacl|Curse|p2a: Garganacl
|-unboost|p2a: Garganacl|spe|1
|-boost|p2a: Garganacl|atk|1
|-boost|p2a: Garganacl|def|1
|move|p1a: Clefable|Wish|p1a: Clefable
|
|-heal|p2a: Garganacl|100/100|[from] item: Leftovers
|upkeep
|turn|35
|
|t:|1758978491
|move|p1a: Clefable|Moonblast|p2a: Garganacl
|-damage|p2a: Garganacl|57/100
|move|p2a: Garganacl|Curse|p2a: Garganacl
|-unboost|p2a: Garganacl|spe|1
|-boost|p2a: Garganacl|atk|1
|-boost|p2a: Garganacl|def|1
|
|-heal|p1a: Clefable|100/100 par|[from] move: Wish|[wisher] Clefable
|-heal|p2a: Garganacl|64/100|[from] item: Leftovers
|upkeep
|turn|36
|j| wgw2333
|
|t:|1758978496
|move|p1a: Clefable|Moonblast|p2a: Garganacl
|-damage|p2a: Garganacl|21/100
|move|p2a: Garganacl|Recover|p2a: Garganacl
|-heal|p2a: Garganacl|71/100
|
|-heal|p2a: Garganacl|77/100|[from] item: Leftovers
|upkeep
|turn|37
|
|t:|1758978499
|move|p1a: Clefable|Calm Mind|p1a: Clefable
|-boost|p1a: Clefable|spa|1
|-boost|p1a: Clefable|spd|1
|move|p2a: Garganacl|Recover|p2a: Garganacl
|-heal|p2a: Garganacl|100/100
|
|upkeep
|turn|38
|
|t:|1758978504
|move|p1a: Clefable|Moonblast|p2a: Garganacl
|-damage|p2a: Garganacl|50/100
|-unboost|p2a: Garganacl|spa|1
|move|p2a: Garganacl|Earthquake|p1a: Clefable
|-damage|p1a: Clefable|67/100 par
|
|-heal|p2a: Garganacl|57/100|[from] item: Leftovers
|upkeep
|turn|39
|
|t:|1758978510
|move|p1a: Clefable|Moonblast|p2a: Garganacl
|-damage|p2a: Garganacl|2/100
|move|p2a: Garganacl|Earthquake|p1a: Clefable
|-damage|p1a: Clefable|33/100 par
|
|-heal|p2a: Garganacl|8/100|[from] item: Leftovers
|upkeep
|turn|40
|
|t:|1758978513
|move|p1a: Clefable|Moonblast|p2a: Garganacl
|-damage|p2a: Garganacl|0 fnt
|faint|p2a: Garganacl
|
|upkeep
|-message|abravioustinkaton forfeited.
|
|win|ADM02
|raw|ADM02's rating: 1840 &rarr; <strong>1861</strong><br />(+21 for winning)
|raw|abravioustinkaton's rating: 1855 &rarr; <strong>1834</strong><br />(-21 for losing)
|l|☆abravioustinkaton
|player|p2|
|j|☆abravioustinkaton
|player|p2|abravioustinkaton|miku-ice|
|l|☆abravioustinkaton
|player|p2|
|l|☆ADM02
|player|p1|
|l| cryyysneasel
|l| wgw2333
