|j|☆InotspeakEnglish
|j|☆banjin
|t:|1758977010
|gametype|singles
|player|p1|InotspeakEnglish|266|1304
|player|p2|banjin|beauty-gen6xy|1333
|gen|9
|tier|[Gen 9] OU
|rated|
|rule|HP Percentage Mod: HP is shown in percentages
|rule|Endless Battle Clause: Forcing endless battles is banned
|rule|Species Clause: Limit one of each Pokémon
|rule|OHKO Clause: OHKO moves are banned
|rule|Evasion Items Clause: Evasion items are banned
|rule|Evasion Moves Clause: Evasion moves are banned
|rule|Evasion Abilities Clause: Evasion abilities are banned
|rule|Sleep Moves Clause: Sleep-inducing moves are banned
|clearpoke
|poke|p1|Maushold-Four|
|poke|p1|Great Tusk|
|poke|p1|Raging Bolt|
|poke|p1|Grafaiai, M|
|poke|p1|Pecharunt|
|poke|p1|Scizor, F|
|poke|p2|Minior-Blue|
|poke|p2|Lokix, F|
|poke|p2|Thundurus-Therian, M|
|poke|p2|Muk-Alola, F|
|poke|p2|Emboar, F|
|poke|p2|Ditto|
|teampreview
|inactive|Battle timer is ON: inactive players will automatically lose when time's up. (requested by banjin)
|
|t:|1758977018
|teamsize|p1|6
|teamsize|p2|6
|start
|switch|p1a: Scizor|Scizor, F|100/100
|switch|p2a: Beppo|Muk-Alola, F|100/100
|turn|1
|-activate|p2a: Beppo|item: Quick Claw
|
|t:|1758977021
|move|p2a: Beppo|Knock Off|p1a: Scizor
|-damage|p1a: Scizor|63/100
|-enditem|p1a: Scizor|Leftovers|[from] move: Knock Off|[of] p2a: Beppo
|move|p1a: Scizor|U-turn|p2a: Beppo
|-damage|p2a: Beppo|70/100
|
|t:|1758977030
|switch|p1a: Great Tusk|Great Tusk|100/100|[from] U-turn
|
|upkeep
|turn|2
|
|t:|1758977033
|switch|p2a: Paws|Thundurus-Therian, M|100/100
|move|p1a: Great Tusk|Rapid Spin|p2a: Paws
|-damage|p2a: Paws|75/100
|-boost|p1a: Great Tusk|spe|1
|
|upkeep
|turn|3
|
|t:|1758977036
|switch|p2a: 𒉎|Ditto|100/100
|-transform|p2a: 𒉎|p1a: Great Tusk|[from] ability: Imposter
|move|p1a: Great Tusk|Ice Spinner|p2a: 𒉎
|-supereffective|p2a: 𒉎
|-damage|p2a: 𒉎|34/100
|
|upkeep
|turn|4
|
|t:|1758977041
|move|p2a: 𒉎|Headlong Rush|p1a: Great Tusk
|-damage|p1a: Great Tusk|57/100
|-unboost|p2a: 𒉎|def|1
|-unboost|p2a: 𒉎|spd|1
|move|p1a: Great Tusk|Ice Spinner|p2a: 𒉎
|-supereffective|p2a: 𒉎
|-damage|p2a: 𒉎|0 fnt
|faint|p2a: 𒉎
|-end|p2a: 𒉎|Protosynthesis|[silent]
|
|upkeep
|
|t:|1758977047
|switch|p2a: Mr. Brightside|Minior-Blue|100/100
|-formechange|p2a: Mr. Brightside|Minior-Meteor||[from] ability: Shields Down
|turn|5
|
|t:|1758977051
|-end|p1a: Great Tusk|Protosynthesis|[silent]
|switch|p1a: Grafaiai|Grafaiai, M|100/100
|move|p2a: Mr. Brightside|Shell Smash|p2a: Mr. Brightside
|-unboost|p2a: Mr. Brightside|def|1
|-unboost|p2a: Mr. Brightside|spd|1
|-boost|p2a: Mr. Brightside|atk|2
|-boost|p2a: Mr. Brightside|spa|2
|-boost|p2a: Mr. Brightside|spe|2
|-enditem|p2a: Mr. Brightside|White Herb
|-clearnegativeboost|p2a: Mr. Brightside|[silent]
|
|upkeep
|turn|6
|
|t:|1758977061
|switch|p2a: Beppo|Muk-Alola, F|70/100
|move|p1a: Grafaiai|Encore|p2a: Beppo
|-hint|Since gen 7, Dark is immune to Prankster moves.
|-immune|p2a: Beppo
|
|upkeep
|turn|7
|
|t:|1758977066
|move|p1a: Grafaiai|U-turn|p2a: Beppo
|-damage|p2a: Beppo|55/100
|
|t:|1758977069
|switch|p1a: Scizor|Scizor, F|63/100|[from] U-turn
|move|p2a: Beppo|Knock Off|p1a: Scizor
|-damage|p1a: Scizor|37/100
|
|upkeep
|turn|8
|
|t:|1758977075
|switch|p2a: Paws|Thundurus-Therian, M|75/100
|move|p1a: Scizor|U-turn|p2a: Paws
|-resisted|p2a: Paws
|-damage|p2a: Paws|54/100
|
|t:|1758977080
|switch|p1a: Maushold|Maushold-Four|100/100|[from] U-turn
|
|upkeep
|turn|9
|
|t:|1758977088
|switch|p2a: Mr. Brightside|Minior-Blue|100/100
|-formechange|p2a: Mr. Brightside|Minior-Meteor||[from] ability: Shields Down
|move|p1a: Maushold|Population Bomb|p2a: Mr. Brightside
|-resisted|p2a: Mr. Brightside
|-damage|p2a: Mr. Brightside|94/100
|-resisted|p2a: Mr. Brightside
|-damage|p2a: Mr. Brightside|87/100
|-resisted|p2a: Mr. Brightside
|-damage|p2a: Mr. Brightside|80/100
|-resisted|p2a: Mr. Brightside
|-damage|p2a: Mr. Brightside|72/100
|-resisted|p2a: Mr. Brightside
|-damage|p2a: Mr. Brightside|65/100
|-resisted|p2a: Mr. Brightside
|-damage|p2a: Mr. Brightside|58/100
|-resisted|p2a: Mr. Brightside
|-damage|p2a: Mr. Brightside|52/100
|-resisted|p2a: Mr. Brightside
|-damage|p2a: Mr. Brightside|44/100
|-resisted|p2a: Mr. Brightside
|-damage|p2a: Mr. Brightside|37/100
|-resisted|p2a: Mr. Brightside
|-damage|p2a: Mr. Brightside|29/100
|-hitcount|p2a: Mr. Brightside|10
|
|-formechange|p2a: Mr. Brightside|Minior-Blue||[from] ability: Shields Down
|upkeep
|turn|10
|
|t:|1758977094
|-terastallize|p2a: Mr. Brightside|Ghost
|move|p1a: Maushold|Population Bomb|p2a: Mr. Brightside
|-immune|p2a: Mr. Brightside
|move|p2a: Mr. Brightside|Shell Smash|p2a: Mr. Brightside
|-unboost|p2a: Mr. Brightside|def|1
|-unboost|p2a: Mr. Brightside|spd|1
|-boost|p2a: Mr. Brightside|atk|2
|-boost|p2a: Mr. Brightside|spa|2
|-boost|p2a: Mr. Brightside|spe|2
|
|upkeep
|turn|11
|
|t:|1758977098
|move|p2a: Mr. Brightside|Acrobatics|p1a: Maushold
|-damage|p1a: Maushold|0 fnt
|faint|p1a: Maushold
|
|upkeep
|
|t:|1758977101
|switch|p1a: Raging Bolt|Raging Bolt|100/100
|turn|12
|
|t:|1758977103
|move|p2a: Mr. Brightside|Substitute|p2a: Mr. Brightside
|-start|p2a: Mr. Brightside|Substitute
|-damage|p2a: Mr. Brightside|4/100
|move|p1a: Raging Bolt|Volt Switch|p2a: Mr. Brightside
|-end|p2a: Mr. Brightside|Substitute
|-damage|p1a: Raging Bolt|90/100|[from] item: Life Orb
|
|t:|1758977106
|-end|p1a: Raging Bolt|Protosynthesis|[silent]
|switch|p1a: Grafaiai|Grafaiai, M|100/100|[from] Volt Switch
|
|upkeep
|turn|13
|
|t:|1758977110
|move|p1a: Grafaiai|Encore|p2a: Mr. Brightside
|-start|p2a: Mr. Brightside|Encore
|move|p2a: Mr. Brightside|Substitute|p2a: Mr. Brightside
|-fail|p2a: Mr. Brightside|move: Substitute|[weak]
|
|upkeep
|turn|14
|
|t:|1758977112
|move|p2a: Mr. Brightside|Substitute|p2a: Mr. Brightside
|-fail|p2a: Mr. Brightside|move: Substitute|[weak]
|move|p1a: Grafaiai|Knock Off|p2a: Mr. Brightside
|-supereffective|p2a: Mr. Brightside
|-crit|p2a: Mr. Brightside
|-damage|p2a: Mr. Brightside|0 fnt
|faint|p2a: Mr. Brightside
|
|upkeep
|
|t:|1758977124
|switch|p2a: Paws|Thundurus-Therian, M|54/100
|turn|15
|
|t:|1758977128
|move|p1a: Grafaiai|Parting Shot|p2a: Paws
|-unboost|p2a: Paws|atk|1
|-unboost|p2a: Paws|spa|1
|
|t:|1758977130
|switch|p1a: Pecharunt|Pecharunt|100/100|[from] Parting Shot
|move|p2a: Paws|Thunderbolt|p1a: Pecharunt
|-damage|p1a: Pecharunt|67/100
|
|-heal|p1a: Pecharunt|73/100|[from] item: Leftovers
|upkeep
|turn|16
|
|t:|1758977134
|switch|p2a: Beppo|Muk-Alola, F|55/100
|move|p1a: Pecharunt|Malignant Chain|p2a: Beppo
|-resisted|p2a: Beppo
|-damage|p2a: Beppo|41/100
|
|-heal|p1a: Pecharunt|79/100|[from] item: Leftovers
|upkeep
|turn|17
|-activate|p2a: Beppo|item: Quick Claw
|
|t:|1758977137
|switch|p1a: Scizor|Scizor, F|37/100
|move|p2a: Beppo|Knock Off|p1a: Scizor
|-damage|p1a: Scizor|12/100
|
|upkeep
|turn|18
|
|t:|1758977144
|move|p1a: Scizor|Bullet Punch|p2a: Beppo
|-damage|p2a: Beppo|13/100
|move|p2a: Beppo|Drain Punch|p1a: Scizor
|-damage|p1a: Scizor|0 fnt
|-heal|p2a: Beppo|18/100|[from] drain|[of] p1a: Scizor
|faint|p1a: Scizor
|
|upkeep
|
|t:|1758977150
|switch|p1a: Great Tusk|Great Tusk|57/100
|turn|19
|
|t:|1758977155
|move|p2a: Beppo|Shadow Sneak|p1a: Great Tusk
|-damage|p1a: Great Tusk|47/100
|-status|p1a: Great Tusk|psn|[from] ability: Poison Touch|[of] p2a: Beppo
|move|p1a: Great Tusk|Rapid Spin|p2a: Beppo
|-damage|p2a: Beppo|0 fnt
|-boost|p1a: Great Tusk|spe|1
|faint|p2a: Beppo
|
|-damage|p1a: Great Tusk|35/100 psn|[from] psn
|upkeep
|
|t:|1758977168
|switch|p2a: Katy|Lokix, F|100/100
|turn|20
|
|t:|1758977171
|-end|p1a: Great Tusk|Protosynthesis|[silent]
|switch|p1a: Grafaiai|Grafaiai, M|100/100
|move|p2a: Katy|First Impression|p1a: Grafaiai
|-resisted|p1a: Grafaiai
|-damage|p1a: Grafaiai|62/100
|-damage|p2a: Katy|84/100|[from] item: Rocky Helmet|[of] p1a: Grafaiai
|
|upkeep
|turn|21
|
|t:|1758977177
|move|p2a: Katy|Lunge|p1a: Grafaiai
|-resisted|p1a: Grafaiai
|-damage|p1a: Grafaiai|28/100
|-unboost|p1a: Grafaiai|atk|1
|-damage|p2a: Katy|67/100|[from] item: Rocky Helmet|[of] p1a: Grafaiai
|move|p1a: Grafaiai|U-turn|p2a: Katy
|-supereffective|p2a: Katy
|-damage|p2a: Katy|36/100
|
|t:|1758977185
|switch|p1a: Raging Bolt|Raging Bolt|90/100|[from] U-turn
|
|upkeep
|turn|22
|
|t:|1758977191
|switch|p2a: Paws|Thundurus-Therian, M|54/100
|move|p1a: Raging Bolt|Thunderclap||[still]
|-fail|p1a: Raging Bolt
|
|upkeep
|turn|23
|
|t:|1758977200
|move|p2a: Paws|Grass Knot|p1a: Raging Bolt
|-resisted|p1a: Raging Bolt
|-damage|p1a: Raging Bolt|70/100
|move|p1a: Raging Bolt|Draco Meteor|p2a: Paws
|-damage|p2a: Paws|0 fnt
|-unboost|p1a: Raging Bolt|spa|2
|faint|p2a: Paws
|-damage|p1a: Raging Bolt|60/100|[from] item: Life Orb
|
|upkeep
|
|t:|1758977203
|switch|p2a: Katy|Lokix, F|36/100
|turn|24
|
|t:|1758977206
|-end|p1a: Raging Bolt|Protosynthesis|[silent]
|switch|p1a: Great Tusk|Great Tusk|35/100 psn
|move|p2a: Katy|First Impression|p1a: Great Tusk
|-resisted|p1a: Great Tusk
|-damage|p1a: Great Tusk|6/100 psn
|
|-damage|p1a: Great Tusk|0 fnt|[from] psn
|faint|p1a: Great Tusk
|-end|p1a: Great Tusk|Protosynthesis|[silent]
|upkeep
|
|t:|1758977208
|switch|p1a: Grafaiai|Grafaiai, M|28/100
|turn|25
|
|t:|1758977214
|move|p2a: Katy|Lunge|p1a: Grafaiai
|-resisted|p1a: Grafaiai
|-damage|p1a: Grafaiai|0 fnt
|-damage|p2a: Katy|20/100|[from] item: Rocky Helmet|[of] p1a: Grafaiai
|faint|p1a: Grafaiai
|
|upkeep
|
|t:|1758977218
|switch|p1a: Raging Bolt|Raging Bolt|60/100
|turn|26
|
|t:|1758977222
|move|p2a: Katy|Sucker Punch|p1a: Raging Bolt
|-damage|p1a: Raging Bolt|37/100
|move|p1a: Raging Bolt|Volt Switch|p2a: Katy
|-damage|p2a: Katy|0 fnt
|faint|p2a: Katy
|-damage|p1a: Raging Bolt|27/100|[from] item: Life Orb
|
|t:|1758977225
|-end|p1a: Raging Bolt|Protosynthesis|[silent]
|switch|p1a: Pecharunt|Pecharunt|79/100|[from] Volt Switch
|
|-heal|p1a: Pecharunt|85/100|[from] item: Leftovers
|upkeep
|
|t:|1758977226
|switch|p2a: Dragmire|Emboar, F, shiny|100/100
|turn|27
|
|t:|1758977229
|move|p2a: Dragmire|Earthquake|p1a: Pecharunt
|-supereffective|p1a: Pecharunt
|-damage|p1a: Pecharunt|45/100
|move|p1a: Pecharunt|Malignant Chain|p2a: Dragmire
|-damage|p2a: Dragmire|56/100
|-status|p2a: Dragmire|tox
|-start|p2a: Dragmire|confusion|[from] ability: Poison Puppeteer|[of] p1a: Pecharunt
|
|-heal|p1a: Pecharunt|51/100|[from] item: Leftovers
|-damage|p2a: Dragmire|50/100 tox|[from] psn
|upkeep
|turn|28
|
|t:|1758977232
|-terastallize|p1a: Pecharunt|Fighting
|-activate|p2a: Dragmire|confusion
|move|p2a: Dragmire|Earthquake|p1a: Pecharunt
|-damage|p1a: Pecharunt|31/100
|move|p1a: Pecharunt|Hex|p2a: Dragmire
|-damage|p2a: Dragmire|0 fnt
|faint|p2a: Dragmire
|
|win|InotspeakEnglish
|raw|InotspeakEnglish's rating: 1304 &rarr; <strong>1326</strong><br />(+22 for winning)
|raw|banjin's rating: 1333 &rarr; <strong>1311</strong><br />(-22 for losing)
|l|☆InotspeakEnglish
|player|p1|
|l|☆banjin
|player|p2|
