|j|☆PokemonGT7
|j|☆Marblehead Mass.
|inactive|Battle timer is ON: inactive players will automatically lose when time's up.
|t:|1759072367
|gametype|singles
|player|p1|PokemonGT7|willow-casual|
|player|p2|Marblehead Mass.|cameraman|
|gen|9
|tier|[Gen 9] OU
|rated|Tournament battle
|rule|HP Percentage Mod: HP is shown in percentages
|rule|Endless Battle Clause: Forcing endless battles is banned
|rule|Species Clause: Limit one of each Pokémon
|rule|OHKO Clause: OHKO moves are banned
|rule|Evasion Items Clause: Evasion items are banned
|rule|Evasion Moves Clause: Evasion moves are banned
|rule|Evasion Abilities Clause: Evasion abilities are banned
|rule|Sleep Moves Clause: Sleep-inducing moves are banned
|raw|<div class="infobox"><details class="readmore" open><summary><strong>1 custom rule:</strong></summary> -wobbuffet</details></div>
|clearpoke
|poke|p1|Shiftry, M|
|poke|p1|Snorlax, M|
|poke|p1|Growlithe-Hisui, M|
|poke|p2|Granbull, F|
|poke|p2|Grotle, M|
|poke|p2|Delphox, M|
|teampreview
|j|*Lady Monita ☀
|c|☆PokemonGT7|glhf
|
|t:|1759072387
|teamsize|p1|3
|teamsize|p2|3
|start
|switch|p1a: Growlithe|Growlithe-Hisui, M|100/100
|switch|p2a: Grotle|Grotle, M|100/100
|turn|1
|
|t:|1759072417
|move|p1a: Growlithe|Flare Blitz|p2a: Grotle
|-supereffective|p2a: Grotle
|-damage|p2a: Grotle|42/100
|move|p2a: Grotle|Leech Seed|p1a: Growlithe
|-start|p1a: Growlithe|move: Leech Seed
|
|-damage|p1a: Growlithe|88/100|[from] Leech Seed|[of] p2a: Grotle
|-heal|p2a: Grotle|53/100|[silent]
|upkeep
|turn|2
|
|t:|1759072428
|move|p1a: Growlithe|Head Smash|p2a: Grotle
|-damage|p2a: Grotle|18/100
|move|p2a: Grotle|Seed Bomb|p1a: Growlithe
|-damage|p1a: Growlithe|17/100
|
|-damage|p1a: Growlithe|4/100|[from] Leech Seed|[of] p2a: Grotle
|-heal|p2a: Grotle|29/100|[silent]
|upkeep
|turn|3
|
|t:|1759072437
|move|p1a: Growlithe|Flare Blitz|p2a: Grotle
|-supereffective|p2a: Grotle
|-damage|p2a: Grotle|0 fnt
|faint|p2a: Grotle
|
|upkeep
|
|t:|1759072441
|switch|p2a: Granbull|Granbull, F|100/100
|-ability|p2a: Granbull|Intimidate|boost
|-unboost|p1a: Growlithe|atk|1
|turn|4
|
|t:|1759072448
|move|p2a: Granbull|Protect|p2a: Granbull
|-singleturn|p2a: Granbull|Protect
|move|p1a: Growlithe|Head Smash|p2a: Granbull
|-activate|p2a: Granbull|move: Protect
|
|-damage|p1a: Growlithe|0 fnt|[from] Leech Seed|[of] p2a: Granbull
|faint|p1a: Growlithe
|upkeep
|
|t:|1759072453
|switch|p1a: Snorlax|Snorlax, M|100/100
|turn|5
|
|t:|1759072456
|-terastallize|p1a: Snorlax|Poison
|move|p2a: Granbull|Last Resort|p1a: Snorlax
|-damage|p1a: Snorlax|46/100
|-enditem|p1a: Snorlax|Aguav Berry|[eat]
|-heal|p1a: Snorlax|79/100|[from] item: Aguav Berry
|move|p1a: Snorlax|Curse|p1a: Snorlax
|-unboost|p1a: Snorlax|spe|1
|-boost|p1a: Snorlax|atk|1
|-boost|p1a: Snorlax|def|1
|
|upkeep
|turn|6
|
|t:|1759072462
|move|p2a: Granbull|Last Resort|p1a: Snorlax
|-damage|p1a: Snorlax|39/100
|move|p1a: Snorlax|Curse|p1a: Snorlax
|-unboost|p1a: Snorlax|spe|1
|-boost|p1a: Snorlax|atk|1
|-boost|p1a: Snorlax|def|1
|
|upkeep
|turn|7
|
|t:|1759072468
|move|p2a: Granbull|Last Resort|p1a: Snorlax
|-damage|p1a: Snorlax|12/100
|move|p1a: Snorlax|Recycle|p1a: Snorlax
|-item|p1a: Snorlax|Aguav Berry|[from] move: Recycle
|-enditem|p1a: Snorlax|Aguav Berry|[eat]
|-heal|p1a: Snorlax|45/100|[from] item: Aguav Berry
|
|upkeep
|turn|8
|
|t:|1759072474
|switch|p2a: Delphox|Delphox, M|100/100
|move|p1a: Snorlax|Recycle|p1a: Snorlax
|-item|p1a: Snorlax|Aguav Berry|[from] move: Recycle
|-enditem|p1a: Snorlax|Aguav Berry|[eat]
|-heal|p1a: Snorlax|78/100|[from] item: Aguav Berry
|
|upkeep
|turn|9
|
|t:|1759072483
|move|p2a: Delphox|Encore|p1a: Snorlax
|-start|p1a: Snorlax|Encore
|move|p1a: Snorlax|Recycle|p1a: Snorlax
|-item|p1a: Snorlax|Aguav Berry|[from] move: Recycle
|
|upkeep
|turn|10
|
|t:|1759072490
|switch|p1a: Shiftry|Shiftry, M|100/100
|-terastallize|p2a: Delphox|Grass
|move|p2a: Delphox|Psychic|p1a: Shiftry
|-immune|p1a: Shiftry
|
|upkeep
|turn|11
|
|t:|1759072503
|move|p1a: Shiftry|Sucker Punch|p2a: Delphox
|-damage|p2a: Delphox|53/100
|-damage|p1a: Shiftry|91/100|[from] item: Life Orb
|move|p2a: Delphox|Flamethrower|p1a: Shiftry
|-supereffective|p1a: Shiftry
|-damage|p1a: Shiftry|0 fnt
|faint|p1a: Shiftry
|-item|p2a: Delphox|Life Orb|[from] ability: Magician|[of] p1: Shiftry
|
|upkeep
|
|t:|1759072505
|switch|p1a: Snorlax|Snorlax, M, tera:Poison|78/100
|turn|12
|
|t:|1759072515
|move|p2a: Delphox|Flamethrower|p1a: Snorlax
|-damage|p1a: Snorlax|53/100
|-damage|p2a: Delphox|43/100|[from] item: Life Orb
|move|p1a: Snorlax|Double-Edge|p2a: Delphox
|-damage|p2a: Delphox|0 fnt
|faint|p2a: Delphox
|-damage|p1a: Snorlax|45/100|[from] Recoil
|-enditem|p1a: Snorlax|Aguav Berry|[eat]
|-heal|p1a: Snorlax|78/100|[from] item: Aguav Berry
|
|upkeep
|c|☆PokemonGT7|gg
|
|t:|1759072522
|switch|p2a: Granbull|Granbull, F|100/100
|-ability|p2a: Granbull|Intimidate|boost
|-unboost|p1a: Snorlax|atk|1
|turn|13
|
|t:|1759072525
|move|p2a: Granbull|Protect|p2a: Granbull
|-singleturn|p2a: Granbull|Protect
|move|p1a: Snorlax|Curse|p1a: Snorlax
|-unboost|p1a: Snorlax|spe|1
|-boost|p1a: Snorlax|atk|1
|-boost|p1a: Snorlax|def|1
|
|upkeep
|turn|14
|
|t:|1759072529
|move|p2a: Granbull|Last Resort|p1a: Snorlax
|-damage|p1a: Snorlax|40/100
|move|p1a: Snorlax|Recycle|p1a: Snorlax
|-item|p1a: Snorlax|Aguav Berry|[from] move: Recycle
|-enditem|p1a: Snorlax|Aguav Berry|[eat]
|-heal|p1a: Snorlax|74/100|[from] item: Aguav Berry
|
|upkeep
|turn|15
|
|t:|1759072535
|move|p2a: Granbull|Last Resort|p1a: Snorlax
|-damage|p1a: Snorlax|33/100
|move|p1a: Snorlax|Curse|p1a: Snorlax
|-unboost|p1a: Snorlax|spe|1
|-boost|p1a: Snorlax|atk|1
|-boost|p1a: Snorlax|def|1
|
|upkeep
|turn|16
|
|t:|1759072540
|move|p2a: Granbull|Last Resort|p1a: Snorlax
|-damage|p1a: Snorlax|8/100
|move|p1a: Snorlax|Recycle|p1a: Snorlax
|-item|p1a: Snorlax|Aguav Berry|[from] move: Recycle
|-enditem|p1a: Snorlax|Aguav Berry|[eat]
|-heal|p1a: Snorlax|41/100|[from] item: Aguav Berry
|
|upkeep
|turn|17
|
|t:|1759072546
|move|p2a: Granbull|Last Resort|p1a: Snorlax
|-damage|p1a: Snorlax|10/100
|move|p1a: Snorlax|Recycle|p1a: Snorlax
|-item|p1a: Snorlax|Aguav Berry|[from] move: Recycle
|-enditem|p1a: Snorlax|Aguav Berry|[eat]
|-heal|p1a: Snorlax|44/100|[from] item: Aguav Berry
|
|upkeep
|turn|18
|
|t:|1759072553
|move|p2a: Granbull|Last Resort|p1a: Snorlax
|-damage|p1a: Snorlax|14/100
|move|p1a: Snorlax|Recycle|p1a: Snorlax
|-item|p1a: Snorlax|Aguav Berry|[from] move: Recycle
|-enditem|p1a: Snorlax|Aguav Berry|[eat]
|-heal|p1a: Snorlax|47/100|[from] item: Aguav Berry
|
|upkeep
|turn|19
|c|☆PokemonGT7|gg
|
|t:|1759072565
|move|p2a: Granbull|Protect|p2a: Granbull
|-singleturn|p2a: Granbull|Protect
|move|p1a: Snorlax|Curse|p1a: Snorlax
|-unboost|p1a: Snorlax|spe|1
|-boost|p1a: Snorlax|atk|1
|-boost|p1a: Snorlax|def|1
|
|upkeep
|turn|20
|
|t:|1759072571
|move|p2a: Granbull|Protect||[still]
|-fail|p2a: Granbull
|move|p1a: Snorlax|Curse|p1a: Snorlax
|-unboost|p1a: Snorlax|spe|1
|-boost|p1a: Snorlax|atk|1
|-boost|p1a: Snorlax|def|1
|
|upkeep
|turn|21
|
|t:|1759072578
|move|p2a: Granbull|Protect|p2a: Granbull
|-singleturn|p2a: Granbull|Protect
|move|p1a: Snorlax|Curse|p1a: Snorlax
|-unboost|p1a: Snorlax|spe|1
|-boost|p1a: Snorlax|atk|1
|-boost|p1a: Snorlax|def|1
|
|upkeep
|turn|22
|
|t:|1759072583
|move|p2a: Granbull|Protect||[still]
|-fail|p2a: Granbull
|move|p1a: Snorlax|Curse|p1a: Snorlax
|-unboost|p1a: Snorlax|spe|1
|-boost|p1a: Snorlax|atk|1
|-boost|p1a: Snorlax|def|1
|
|upkeep
|turn|23
|
|t:|1759072589
|move|p2a: Granbull|Protect|p2a: Granbull
|-singleturn|p2a: Granbull|Protect
|move|p1a: Snorlax|Curse|p1a: Snorlax
|-boost|p1a: Snorlax|atk|1
|
|upkeep
|turn|24
|j| zagmaer
|
|t:|1759072595
|move|p2a: Granbull|Protect||[still]
|-fail|p2a: Granbull
|move|p1a: Snorlax|Recycle|p1a: Snorlax
|-item|p1a: Snorlax|Aguav Berry|[from] move: Recycle
|-enditem|p1a: Snorlax|Aguav Berry|[eat]
|-heal|p1a: Snorlax|80/100|[from] item: Aguav Berry
|
|upkeep
|turn|25
|
|t:|1759072603
|move|p2a: Granbull|Protect|p2a: Granbull
|-singleturn|p2a: Granbull|Protect
|move|p1a: Snorlax|Curse|p1a: Snorlax
|
|upkeep
|turn|26
|
|t:|1759072606
|move|p2a: Granbull|Protect|p2a: Granbull
|-singleturn|p2a: Granbull|Protect
|move|p1a: Snorlax|Curse|p1a: Snorlax
|
|upkeep
|turn|27
|
|t:|1759072612
|move|p2a: Granbull|Protect||[still]
|-fail|p2a: Granbull
|move|p1a: Snorlax|Curse|p1a: Snorlax
|
|upkeep
|turn|28
|
|t:|1759072616
|move|p2a: Granbull|Protect|p2a: Granbull
|-singleturn|p2a: Granbull|Protect
|move|p1a: Snorlax|Curse|p1a: Snorlax
|
|upkeep
|turn|29
|
|t:|1759072621
|move|p2a: Granbull|Protect||[still]
|-fail|p2a: Granbull
|move|p1a: Snorlax|Curse|p1a: Snorlax
|
|upkeep
|turn|30
|
|t:|1759072627
|move|p2a: Granbull|Protect|p2a: Granbull
|-singleturn|p2a: Granbull|Protect
|move|p1a: Snorlax|Curse|p1a: Snorlax
|
|upkeep
|turn|31
|
|t:|1759072631
|move|p2a: Granbull|Protect|p2a: Granbull
|-singleturn|p2a: Granbull|Protect
|move|p1a: Snorlax|Curse|p1a: Snorlax
|
|upkeep
|turn|32
|
|t:|1759072635
|move|p2a: Granbull|Protect||[still]
|-fail|p2a: Granbull
|move|p1a: Snorlax|Recycle|p1a: Snorlax
|-item|p1a: Snorlax|Aguav Berry|[from] move: Recycle
|
|upkeep
|turn|33
|
|t:|1759072638
|-activate|p2a: Granbull|move: Struggle
|move|p2a: Granbull|Struggle|p1a: Snorlax
|-damage|p1a: Snorlax|76/100
|-damage|p2a: Granbull|75/100|[from] recoil
|move|p1a: Snorlax|Recycle||[still]
|-fail|p1a: Snorlax
|
|upkeep
|turn|34
|j| Albrtix
|
|t:|1759072645
|-activate|p2a: Granbull|move: Struggle
|move|p2a: Granbull|Struggle|p1a: Snorlax
|-damage|p1a: Snorlax|72/100
|-damage|p2a: Granbull|50/100|[from] recoil
|move|p1a: Snorlax|Recycle||[still]
|-fail|p1a: Snorlax
|
|upkeep
|turn|35
|c|☆PokemonGT7|!showteam
|c| PokemonGT7|/raw <div class="infobox"><details><summary>View team</summary>Shiftry (M) @ Life Orb  <br />Ability: Wind Rider  <br />Tera Type: Fire  <br />EVs: 252 HP &#x2f; 6 Atk &#x2f; 252 Spe  <br />Jolly Nature  <br />- Leaf Blade  <br />- Sucker Punch  <br />- Knock Off  <br />- Tailwind  <br /><br />Snorlax (M) @ Aguav Berry  <br />Ability: Gluttony  <br />Tera Type: Poison  <br />EVs: 252 HP &#x2f; 6 Def &#x2f; 252 SpD  <br />Careful Nature  <br />- Curse  <br />- Double-Edge  <br />- Earthquake  <br />- Recycle  <br /><br />Growlithe (Growlithe-Hisui) (M) @ Eviolite  <br />Ability: Rock Head  <br />Tera Type: Fighting  <br />EVs: 252 Atk &#x2f; 6 Def &#x2f; 252 Spe  <br />Jolly Nature  <br />- Flare Blitz  <br />- Close Combat  <br />- Head Smash  <br />- Morning Sun  <br /><br /></details></div>
|
|t:|1759072651
|-activate|p2a: Granbull|move: Struggle
|move|p2a: Granbull|Struggle|p1a: Snorlax
|-damage|p1a: Snorlax|68/100
|-damage|p2a: Granbull|25/100|[from] recoil
|move|p1a: Snorlax|Earthquake|p2a: Granbull
|-crit|p2a: Granbull
|-damage|p2a: Granbull|0 fnt
|faint|p2a: Granbull
|
|win|PokemonGT7
|n|☆PokemonGT7|pokemongt7
|n|☆Marblehead Mass.|marbleheadmass
|n|*Lady Monita ☀|ladymonita
|n| zagmaer|zagmaer
|n| Albrtix|albrtix
|l|*Lady Monita ☀
|l|☆Marblehead Mass.
|player|p2|
