|badge|p2|bronze|gen9ou|100-6
|html|<div class="broadcast-red"><strong>This battle is required to be public due to one or more player having a season medal.</strong><br />During the public phase, you can discuss the state of the ladder <a href="/seasondiscussion">in a special chatroom.</a></div>
|uhtml|medal-msg|<div class="broadcast-blue">Curious what those medals under the avatar are? PS now has Ladder Seasons! For more information, check out the <a href="https://www.smogon.com/forums/threads/3740067/">thread on Smogon.</a></div>
|raw|<div class="broadcast-blue"><strong>This battle is required to be public due to a player having a name starting with 'medal'.</div>
|j|☆Omari P
|j|☆Light SV
|t:|1759016484
|gametype|singles
|player|p1|Omari P|pokemonrangerf|1801
|player|p2|Light SV|blue-gen7|1847
|gen|9
|tier|[Gen 9] OU
|rated|
|rule|HP Percentage Mod: HP is shown in percentages
|rule|Endless Battle Clause: Forcing endless battles is banned
|rule|Species Clause: Limit one of each Pokémon
|rule|OHKO Clause: OHKO moves are banned
|rule|Evasion Items Clause: Evasion items are banned
|rule|Evasion Moves Clause: Evasion moves are banned
|rule|Evasion Abilities Clause: Evasion abilities are banned
|rule|Sleep Moves Clause: Sleep-inducing moves are banned
|clearpoke
|poke|p1|Cinderace, M|
|poke|p1|Volcanion|
|poke|p1|Torkoal, M|
|poke|p1|Mandibuzz, F|
|poke|p1|Great Tusk|
|poke|p1|Fezandipiti, M|
|poke|p2|Iron Crown|
|poke|p2|Gliscor, F|
|poke|p2|Great Tusk|
|poke|p2|Primarina, M|
|poke|p2|Cinderace, M|
|poke|p2|Zamazenta-*|
|teampreview
|inactive|Battle timer is ON: inactive players will automatically lose when time's up. (requested by Light SV)
|j| lanarey
|j| Bobaba
|j| fulls
|
|t:|1759016512
|teamsize|p1|6
|teamsize|p2|6
|start
|switch|p1a: Torkoal|Torkoal, M, shiny|100/100
|switch|p2a: Iron Crown|Iron Crown|100/100
|-weather|SunnyDay|[from] ability: Drought|[of] p1a: Torkoal
|turn|1
|j| amefurikoneko
|
|t:|1759016514
|move|p2a: Iron Crown|Volt Switch|p1a: Torkoal
|-damage|p1a: Torkoal|67/100
|
|t:|1759016518
|-end|p2a: Iron Crown|Quark Drive|[silent]
|switch|p2a: Primarina|Primarina, M|100/100|[from] Volt Switch
|move|p1a: Torkoal|Fire Blast|p2a: Primarina
|-resisted|p2a: Primarina
|-damage|p2a: Primarina|83/100
|
|-weather|SunnyDay|[upkeep]
|upkeep
|turn|2
|
|t:|1759016521
|switch|p1a: Volcanion|Volcanion|100/100
|move|p2a: Primarina|Moonblast|p1a: Volcanion
|-resisted|p1a: Volcanion
|-crit|p1a: Volcanion
|-damage|p1a: Volcanion|54/100
|
|-weather|SunnyDay|[upkeep]
|upkeep
|turn|3
|
|t:|1759016525
|move|p1a: Volcanion|Solar Beam||[still]
|-prepare|p1a: Volcanion|Solar Beam
|-anim|p1a: Volcanion|Solar Beam|p2a: Primarina
|-supereffective|p2a: Primarina
|-damage|p2a: Primarina|4/100
|move|p2a: Primarina|Moonblast|p1a: Volcanion
|-resisted|p1a: Volcanion
|-damage|p1a: Volcanion|26/100
|
|-weather|SunnyDay|[upkeep]
|upkeep
|turn|4
|
|t:|1759016529
|move|p1a: Volcanion|Solar Beam||[still]
|-prepare|p1a: Volcanion|Solar Beam
|-anim|p1a: Volcanion|Solar Beam|p2a: Primarina
|-supereffective|p2a: Primarina
|-damage|p2a: Primarina|0 fnt
|faint|p2a: Primarina
|
|-weather|SunnyDay|[upkeep]
|upkeep
|
|t:|1759016532
|switch|p2a: Iron Crown|Iron Crown|100/100
|turn|5
|
|t:|1759016536
|switch|p1a: Torkoal|Torkoal, M, shiny|67/100
|move|p2a: Iron Crown|Psyshock|p1a: Torkoal
|-damage|p1a: Torkoal|39/100
|
|-weather|SunnyDay|[upkeep]
|upkeep
|turn|6
|
|t:|1759016542
|switch|p1a: Haku|Great Tusk, shiny|100/100
|-activate|p1a: Haku|ability: Protosynthesis
|-start|p1a: Haku|protosynthesisatk
|move|p2a: Iron Crown|Volt Switch|p1a: Haku
|-immune|p1a: Haku
|
|-weather|SunnyDay|[upkeep]
|upkeep
|turn|7
|
|t:|1759016550
|move|p1a: Haku|Knock Off|p2a: Iron Crown
|-supereffective|p2a: Iron Crown
|-crit|p2a: Iron Crown
|-damage|p2a: Iron Crown|0 fnt
|-enditem|p2a: Iron Crown|Assault Vest|[from] move: Knock Off|[of] p1a: Haku
|faint|p2a: Iron Crown
|-end|p2a: Iron Crown|Quark Drive|[silent]
|
|-weather|SunnyDay|[upkeep]
|upkeep
|j| Nulato
|
|t:|1759016560
|switch|p2a: Great Tusk|Great Tusk|100/100
|-activate|p2a: Great Tusk|ability: Protosynthesis
|-start|p2a: Great Tusk|protosynthesisspe
|turn|8
|
|t:|1759016565
|-end|p1a: Haku|Protosynthesis|[silent]
|switch|p1a: Omari P Bird|Mandibuzz, F, shiny|100/100
|move|p2a: Great Tusk|Bulk Up|p2a: Great Tusk
|-boost|p2a: Great Tusk|atk|1
|-boost|p2a: Great Tusk|def|1
|
|-weather|none
|-end|p2a: Great Tusk|Protosynthesis
|upkeep
|-enditem|p2a: Great Tusk|Booster Energy
|-activate|p2a: Great Tusk|ability: Protosynthesis|[fromitem]
|-start|p2a: Great Tusk|protosynthesisatk
|turn|9
|
|t:|1759016569
|move|p2a: Great Tusk|Taunt|p1a: Omari P Bird
|-start|p1a: Omari P Bird|move: Taunt
|cant|p1a: Omari P Bird|move: Taunt|Toxic
|
|upkeep
|turn|10
|
|t:|1759016572
|switch|p1a: Chihiro|Fezandipiti, M|100/100
|move|p2a: Great Tusk|Ice Spinner|p1a: Chihiro
|-damage|p1a: Chihiro|50/100
|
|-heal|p1a: Chihiro|56/100|[from] item: Leftovers
|upkeep
|turn|11
|
|t:|1759016575
|move|p2a: Great Tusk|Headlong Rush|p1a: Chihiro
|-supereffective|p1a: Chihiro
|-damage|p1a: Chihiro|0 fnt
|-unboost|p2a: Great Tusk|def|1
|-unboost|p2a: Great Tusk|spd|1
|faint|p1a: Chihiro
|
|upkeep
|
|t:|1759016580
|switch|p1a: Torkoal|Torkoal, M, shiny|39/100
|-weather|SunnyDay|[from] ability: Drought|[of] p1a: Torkoal
|turn|12
|
|t:|1759016582
|move|p2a: Great Tusk|Headlong Rush|p1a: Torkoal
|-supereffective|p1a: Torkoal
|-damage|p1a: Torkoal|0 fnt
|-unboost|p2a: Great Tusk|def|1
|-unboost|p2a: Great Tusk|spd|1
|faint|p1a: Torkoal
|
|-weather|SunnyDay|[upkeep]
|upkeep
|
|t:|1759016584
|switch|p1a: Haku|Great Tusk, shiny|100/100
|-activate|p1a: Haku|ability: Protosynthesis
|-start|p1a: Haku|protosynthesisatk
|turn|13
|
|t:|1759016587
|-terastallize|p1a: Haku|Ground
|move|p1a: Haku|Headlong Rush|p2a: Great Tusk
|-damage|p2a: Great Tusk|0 fnt
|-unboost|p1a: Haku|def|1
|-unboost|p1a: Haku|spd|1
|faint|p2a: Great Tusk
|-end|p2a: Great Tusk|Protosynthesis|[silent]
|
|-weather|SunnyDay|[upkeep]
|upkeep
|
|t:|1759016592
|switch|p2a: Zamazenta|Zamazenta|100/100
|-ability|p2a: Zamazenta|Dauntless Shield|boost
|-boost|p2a: Zamazenta|def|1
|turn|14
|
|t:|1759016596
|move|p2a: Zamazenta|Iron Defense|p2a: Zamazenta
|-boost|p2a: Zamazenta|def|2
|move|p1a: Haku|Headlong Rush|p2a: Zamazenta
|-damage|p2a: Zamazenta|61/100
|-unboost|p1a: Haku|def|1
|-unboost|p1a: Haku|spd|1
|
|-weather|SunnyDay|[upkeep]
|-heal|p2a: Zamazenta|67/100|[from] item: Leftovers
|upkeep
|turn|15
|
|t:|1759016598
|-end|p1a: Haku|Protosynthesis|[silent]
|switch|p1a: Omari P Bird|Mandibuzz, F, shiny|100/100
|move|p2a: Zamazenta|Body Press|p1a: Omari P Bird
|-damage|p1a: Omari P Bird|53/100
|-damage|p2a: Zamazenta|50/100|[from] item: Rocky Helmet|[of] p1a: Omari P Bird
|
|-weather|SunnyDay|[upkeep]
|-heal|p2a: Zamazenta|57/100|[from] item: Leftovers
|upkeep
|turn|16
|
|t:|1759016602
|move|p1a: Omari P Bird|Roost|p1a: Omari P Bird
|-heal|p1a: Omari P Bird|100/100
|-singleturn|p1a: Omari P Bird|move: Roost
|move|p2a: Zamazenta|Roar|p1a: Omari P Bird
|drag|p1a: Volcanion|Volcanion|26/100
|
|-weather|SunnyDay|[upkeep]
|-heal|p2a: Zamazenta|63/100|[from] item: Leftovers
|upkeep
|turn|17
|
|t:|1759016605
|switch|p1a: Omari P Bird|Mandibuzz, F, shiny|100/100
|move|p2a: Zamazenta|Body Press|p1a: Omari P Bird
|-damage|p1a: Omari P Bird|52/100
|-damage|p2a: Zamazenta|46/100|[from] item: Rocky Helmet|[of] p1a: Omari P Bird
|
|-weather|SunnyDay|[upkeep]
|-heal|p2a: Zamazenta|53/100|[from] item: Leftovers
|upkeep
|turn|18
|
|t:|1759016608
|move|p2a: Zamazenta|Body Press|p1a: Omari P Bird
|-damage|p1a: Omari P Bird|5/100
|-damage|p2a: Zamazenta|36/100|[from] item: Rocky Helmet|[of] p1a: Omari P Bird
|move|p1a: Omari P Bird|Roost|p1a: Omari P Bird
|-heal|p1a: Omari P Bird|55/100
|-singleturn|p1a: Omari P Bird|move: Roost
|
|-weather|SunnyDay|[upkeep]
|-heal|p2a: Zamazenta|42/100|[from] item: Leftovers
|upkeep
|turn|19
|
|t:|1759016611
|move|p1a: Omari P Bird|Roost|p1a: Omari P Bird
|-heal|p1a: Omari P Bird|100/100
|-singleturn|p1a: Omari P Bird|move: Roost
|move|p2a: Zamazenta|Roar|p1a: Omari P Bird
|drag|p1a: Volcanion|Volcanion|26/100
|
|-weather|none
|-heal|p2a: Zamazenta|48/100|[from] item: Leftovers
|upkeep
|turn|20
|
|t:|1759016614
|switch|p1a: Omari P Bird|Mandibuzz, F, shiny|100/100
|move|p2a: Zamazenta|Body Press|p1a: Omari P Bird
|-damage|p1a: Omari P Bird|57/100
|-damage|p2a: Zamazenta|32/100|[from] item: Rocky Helmet|[of] p1a: Omari P Bird
|
|-heal|p2a: Zamazenta|38/100|[from] item: Leftovers
|upkeep
|turn|21
|
|t:|1759016616
|move|p2a: Zamazenta|Iron Defense|p2a: Zamazenta
|-boost|p2a: Zamazenta|def|2
|move|p1a: Omari P Bird|Roost|p1a: Omari P Bird
|-heal|p1a: Omari P Bird|100/100
|-singleturn|p1a: Omari P Bird|move: Roost
|
|-heal|p2a: Zamazenta|44/100|[from] item: Leftovers
|upkeep
|turn|22
|
|t:|1759016619
|move|p2a: Zamazenta|Body Press|p1a: Omari P Bird
|-damage|p1a: Omari P Bird|33/100
|-damage|p2a: Zamazenta|28/100|[from] item: Rocky Helmet|[of] p1a: Omari P Bird
|move|p1a: Omari P Bird|Toxic|p2a: Zamazenta
|-status|p2a: Zamazenta|tox
|
|-heal|p2a: Zamazenta|34/100 tox|[from] item: Leftovers
|-damage|p2a: Zamazenta|28/100 tox|[from] psn
|upkeep
|turn|23
|
|t:|1759016625
|move|p2a: Zamazenta|Body Press|p1a: Omari P Bird
|-damage|p1a: Omari P Bird|0 fnt
|-damage|p2a: Zamazenta|11/100 tox|[from] item: Rocky Helmet|[of] p1a: Omari P Bird
|faint|p1a: Omari P Bird
|
|-heal|p2a: Zamazenta|18/100 tox|[from] item: Leftovers
|-damage|p2a: Zamazenta|5/100 tox|[from] psn
|upkeep
|
|t:|1759016630
|switch|p1a: Volcanion|Volcanion|26/100
|turn|24
|
|t:|1759016633
|move|p2a: Zamazenta|Body Press|p1a: Volcanion
|-damage|p1a: Volcanion|0 fnt
|faint|p1a: Volcanion
|
|-heal|p2a: Zamazenta|11/100 tox|[from] item: Leftovers
|-damage|p2a: Zamazenta|0 fnt|[from] psn
|faint|p2a: Zamazenta
|upkeep
|
|t:|1759016638
|switch|p2a: Cinderace|Cinderace, M|100/100
|switch|p1a: Cinderace|Cinderace, M|100/100
|turn|25
|
|t:|1759016643
|move|p2a: Cinderace|U-turn|p1a: Cinderace
|-resisted|p1a: Cinderace
|-damage|p1a: Cinderace|86/100
|
|t:|1759016645
|switch|p2a: Gliscor|Gliscor, F|100/100|[from] U-turn
|move|p1a: Cinderace|Pyro Ball|p2a: Gliscor
|-damage|p2a: Gliscor|50/100
|
|-status|p2a: Gliscor|tox|[from] item: Toxic Orb
|upkeep
|turn|26
|
|t:|1759016648
|move|p2a: Gliscor|Protect|p2a: Gliscor
|-singleturn|p2a: Gliscor|Protect
|move|p1a: Cinderace|Pyro Ball|p2a: Gliscor
|-activate|p2a: Gliscor|move: Protect
|
|-heal|p2a: Gliscor|63/100 tox|[from] ability: Poison Heal
|upkeep
|turn|27
|
|t:|1759016651
|move|p1a: Cinderace|Pyro Ball|p2a: Gliscor
|-damage|p2a: Gliscor|10/100 tox
|move|p2a: Gliscor|Earthquake|p1a: Cinderace
|-supereffective|p1a: Cinderace
|-damage|p1a: Cinderace|0 fnt
|faint|p1a: Cinderace
|
|-heal|p2a: Gliscor|23/100 tox|[from] ability: Poison Heal
|upkeep
|
|t:|1759016653
|switch|p1a: Haku|Great Tusk, shiny, tera:Ground|100/100
|turn|28
|
|t:|1759016657
|move|p2a: Gliscor|Protect|p2a: Gliscor
|-singleturn|p2a: Gliscor|Protect
|move|p1a: Haku|Close Combat|p2a: Gliscor
|-activate|p2a: Gliscor|move: Protect
|
|-heal|p2a: Gliscor|35/100 tox|[from] ability: Poison Heal
|upkeep
|turn|29
|
|t:|1759016664
|move|p1a: Haku|Close Combat|p2a: Gliscor
|-resisted|p2a: Gliscor
|-damage|p2a: Gliscor|12/100 tox
|-unboost|p1a: Haku|def|1
|-unboost|p1a: Haku|spd|1
|move|p2a: Gliscor|Earthquake|p1a: Haku
|-damage|p1a: Haku|61/100
|
|-heal|p2a: Gliscor|24/100 tox|[from] ability: Poison Heal
|upkeep
|turn|30
|
|t:|1759016667
|move|p2a: Gliscor|Protect|p2a: Gliscor
|-singleturn|p2a: Gliscor|Protect
|move|p1a: Haku|Close Combat|p2a: Gliscor
|-activate|p2a: Gliscor|move: Protect
|
|-heal|p2a: Gliscor|36/100 tox|[from] ability: Poison Heal
|upkeep
|turn|31
|c|☆Omari P|gg
|
|t:|1759016670
|move|p1a: Haku|Close Combat|p2a: Gliscor
|-resisted|p2a: Gliscor
|-damage|p2a: Gliscor|14/100 tox
|-unboost|p1a: Haku|def|1
|-unboost|p1a: Haku|spd|1
|move|p2a: Gliscor|Earthquake|p1a: Haku
|-damage|p1a: Haku|10/100
|
|-heal|p2a: Gliscor|27/100 tox|[from] ability: Poison Heal
|upkeep
|turn|32
|c|☆Omari P|i really hate that dog
|c|☆Light SV|gg
|
|t:|1759016676
|move|p2a: Gliscor|Protect|p2a: Gliscor
|-singleturn|p2a: Gliscor|Protect
|move|p1a: Haku|Close Combat|p2a: Gliscor
|-activate|p2a: Gliscor|move: Protect
|
|-heal|p2a: Gliscor|39/100 tox|[from] ability: Poison Heal
|upkeep
|turn|33
|c|☆Light SV|ye
|c|☆Omari P|dont think it should be allowed
|
|t:|1759016685
|move|p1a: Haku|Close Combat|p2a: Gliscor
|-resisted|p2a: Gliscor
|-damage|p2a: Gliscor|15/100 tox
|-unboost|p1a: Haku|def|1
|-unboost|p1a: Haku|spd|1
|move|p2a: Gliscor|Earthquake|p1a: Haku
|-damage|p1a: Haku|0 fnt
|faint|p1a: Haku
|-end|p1a: Haku|Protosynthesis|[silent]
|
|win|Light SV
|raw|Omari P's rating: 1801 &rarr; <strong>1784</strong><br />(-17 for losing)
|raw|Light SV's rating: 1847 &rarr; <strong>1864</strong><br />(+17 for winning)
|l|☆Light SV
|player|p2|
|l| fulls
|l|☆Omari P
|player|p1|
