|badge|p1|bronze|gen9ou|100-6
|html|<div class="broadcast-red"><strong>This battle is required to be public due to one or more player having a season medal.</strong><br />During the public phase, you can discuss the state of the ladder <a href="/seasondiscussion">in a special chatroom.</a></div>
|uhtml|medal-msg|<div class="broadcast-blue">Curious what those medals under the avatar are? PS now has Ladder Seasons! For more information, check out the <a href="https://www.smogon.com/forums/threads/3740067/">thread on Smogon.</a></div>
|raw|<div class="broadcast-blue"><strong>This battle is required to be public due to a player having a name starting with 'medal'.</div>
|j|☆FaronAan
|j|☆MunchlaxTheGodKing
|t:|1758988610
|gametype|singles
|player|p1|FaronAan|will|1885
|player|p2|MunchlaxTheGodKing|furisodegirl-black|1829
|gen|9
|tier|[Gen 9] OU
|rated|
|rule|HP Percentage Mod: HP is shown in percentages
|rule|Endless Battle Clause: Forcing endless battles is banned
|rule|Species Clause: Limit one of each Pokémon
|rule|OHKO Clause: OHKO moves are banned
|rule|Evasion Items Clause: Evasion items are banned
|rule|Evasion Moves Clause: Evasion moves are banned
|rule|Evasion Abilities Clause: Evasion abilities are banned
|rule|Sleep Moves Clause: Sleep-inducing moves are banned
|clearpoke
|poke|p1|Reuniclus, F|
|poke|p1|Kingambit, M|
|poke|p1|Ogerpon-Wellspring, F|
|poke|p1|Landorus-Therian, M|
|poke|p1|Iron Valiant|
|poke|p1|Cinderace, F|
|poke|p2|Zamazenta-*|
|poke|p2|Dragapult, F|
|poke|p2|Raging Bolt|
|poke|p2|Moltres|
|poke|p2|Iron Treads|
|poke|p2|Samurott-Hisui, F|
|teampreview
|inactive|Battle timer is ON: inactive players will automatically lose when time's up. (requested by FaronAan)
|inactive|MunchlaxTheGodKing also wants the timer to be on.
|c|☆FaronAan|hf
|j| just-jaype
|
|t:|1758988639
|teamsize|p1|6
|teamsize|p2|6
|start
|switch|p1a: Iron Valiant|Iron Valiant|100/100
|switch|p2a: 24岁 喜欢发射孩子|Dragapult, F|100/100
|turn|1
|
|t:|1758988642
|switch|p2a: Moltres|Moltres|100/100
|move|p1a: Iron Valiant|Knock Off|p2a: Moltres
|-damage|p2a: Moltres|74/100
|-status|p1a: Iron Valiant|brn|[from] ability: Flame Body|[of] p2a: Moltres
|-enditem|p2a: Moltres|Heavy-Duty Boots|[from] move: Knock Off|[of] p1a: Iron Valiant
|
|-damage|p1a: Iron Valiant|94/100 brn|[from] brn
|upkeep
|turn|2
|j| cryyysneasel
|
|t:|1758988657
|-end|p1a: Iron Valiant|Quark Drive|[silent]
|switch|p1a: Landorus|Landorus-Therian, M|100/100
|-ability|p1a: Landorus|Intimidate|boost
|-unboost|p2a: Moltres|atk|1
|move|p2a: Moltres|Hurricane|p1a: Landorus
|-damage|p1a: Landorus|37/100
|
|upkeep
|turn|3
|j| Squallskip
|
|t:|1758988667
|switch|p2a: 脑袋尖尖的|Zamazenta|100/100
|-ability|p2a: 脑袋尖尖的|Dauntless Shield|boost
|-boost|p2a: 脑袋尖尖的|def|1
|move|p1a: Landorus|Stealth Rock|p2a: 脑袋尖尖的
|-sidestart|p2: MunchlaxTheGodKing|move: Stealth Rock
|
|upkeep
|turn|4
|inactive|MunchlaxTheGodKing has 120 seconds left.
|
|t:|1758988721
|move|p2a: 脑袋尖尖的|Ice Fang|p1a: Landorus
|-supereffective|p1a: Landorus
|-damage|p1a: Landorus|0 fnt
|-damage|p2a: 脑袋尖尖的|84/100|[from] item: Rocky Helmet|[of] p1a: Landorus
|faint|p1a: Landorus
|-damage|p2a: 脑袋尖尖的|74/100|[from] item: Life Orb
|
|upkeep
|
|t:|1758988725
|switch|p1a: Reuniclus|Reuniclus, F|100/100
|turn|5
|
|t:|1758988729
|switch|p2a: 90%≠don't blunder|Samurott-Hisui, F|100/100
|-damage|p2a: 90%≠don't blunder|88/100|[from] Stealth Rock
|move|p1a: Reuniclus|Trick Room|p1a: Reuniclus
|-fieldstart|move: Trick Room|[of] p1a: Reuniclus
|
|upkeep
|turn|6
|
|t:|1758988732
|move|p1a: Reuniclus|Focus Blast|p2a: 90%≠don't blunder
|-supereffective|p2a: 90%≠don't blunder
|-damage|p2a: 90%≠don't blunder|0 fnt
|faint|p2a: 90%≠don't blunder
|
|upkeep
|
|t:|1758988738
|switch|p2a: 踩踩背|Iron Treads|100/100
|-damage|p2a: 踩踩背|98/100|[from] Stealth Rock
|turn|7
|
|t:|1758988741
|move|p1a: Reuniclus|Focus Blast|p2a: 踩踩背
|-supereffective|p2a: 踩踩背
|-damage|p2a: 踩踩背|0 fnt
|faint|p2a: 踩踩背
|-end|p2a: 踩踩背|Quark Drive|[silent]
|
|upkeep
|
|t:|1758988745
|switch|p2a: 24岁 喜欢发射孩子|Dragapult, F|100/100
|-damage|p2a: 24岁 喜欢发射孩子|88/100|[from] Stealth Rock
|turn|8
|j| ayayalaptop
|
|t:|1758988752
|move|p1a: Reuniclus|Shadow Ball|p2a: 24岁 喜欢发射孩子
|-supereffective|p2a: 24岁 喜欢发射孩子
|-damage|p2a: 24岁 喜欢发射孩子|0 fnt
|faint|p2a: 24岁 喜欢发射孩子
|
|upkeep
|
|t:|1758988756
|switch|p2a: 长脖奶龙|Raging Bolt|100/100
|turn|9
|c| Squallskip|Reuniclus is the best Pokemon
|
|t:|1758988760
|move|p1a: Reuniclus|Psychic Noise|p2a: 长脖奶龙
|-damage|p2a: 长脖奶龙|53/100
|-start|p2a: 长脖奶龙|move: Heal Block
|move|p2a: 长脖奶龙|Thunderbolt|p1a: Reuniclus
|-damage|p1a: Reuniclus|49/100
|
|-fieldend|move: Trick Room
|upkeep
|turn|10
|c|☆FaronAan|truth
|
|t:|1758988768
|move|p2a: 长脖奶龙|Thunderbolt|p1a: Reuniclus
|-damage|p1a: Reuniclus|3/100
|-status|p1a: Reuniclus|par
|move|p1a: Reuniclus|Psychic Noise|p2a: 长脖奶龙
|-crit|p2a: 长脖奶龙
|-damage|p2a: 长脖奶龙|0 fnt
|faint|p2a: 长脖奶龙
|-end|p2a: 长脖奶龙|Protosynthesis|[silent]
|
|upkeep
|
|t:|1758988773
|switch|p2a: Moltres|Moltres|74/100
|-damage|p2a: Moltres|24/100|[from] Stealth Rock
|turn|11
|c|☆FaronAan|this is the rare game where he actually lands a move tho
|
|t:|1758988782
|move|p2a: Moltres|Flamethrower|p1a: Reuniclus
|-damage|p1a: Reuniclus|0 fnt
|faint|p1a: Reuniclus
|
|upkeep
|c|☆FaronAan|do not be deceived
|j| Zombini62
|
|t:|1758988793
|switch|p1a: Ogerpon|Ogerpon-Wellspring, F|100/100
|turn|12
|
|t:|1758988797
|move|p1a: Ogerpon|Ivy Cudgel|p2a: Moltres|[anim] Ivy Cudgel Water
|-supereffective|p2a: Moltres
|-damage|p2a: Moltres|0 fnt
|faint|p2a: Moltres
|
|upkeep
|
|t:|1758988799
|switch|p2a: 脑袋尖尖的|Zamazenta|74/100
|-damage|p2a: 脑袋尖尖的|68/100|[from] Stealth Rock
|turn|13
|c| Squallskip|I am always deceived by low tiers
|
|t:|1758988801
|move|p2a: 脑袋尖尖的|Close Combat|p1a: Ogerpon
|-damage|p1a: Ogerpon|0 fnt
|-unboost|p2a: 脑袋尖尖的|def|1
|-unboost|p2a: 脑袋尖尖的|spd|1
|faint|p1a: Ogerpon
|-damage|p2a: 脑袋尖尖的|58/100|[from] item: Life Orb
|
|upkeep
|
|t:|1758988803
|switch|p1a: Iron Valiant|Iron Valiant|94/100 brn
|turn|14
|
|t:|1758988806
|-end|p1a: Iron Valiant|Quark Drive|[silent]
|switch|p1a: Cinderace|Cinderace, F|100/100
|move|p2a: 脑袋尖尖的|Psychic Fangs|p1a: Cinderace
|-damage|p1a: Cinderace|50/100
|-damage|p2a: 脑袋尖尖的|49/100|[from] item: Life Orb
|
|upkeep
|turn|15
|
|t:|1758988812
|move|p2a: 脑袋尖尖的|Close Combat|p1a: Cinderace
|-damage|p1a: Cinderace|0 fnt
|-unboost|p2a: 脑袋尖尖的|def|1
|-unboost|p2a: 脑袋尖尖的|spd|1
|faint|p1a: Cinderace
|-damage|p2a: 脑袋尖尖的|39/100|[from] item: Life Orb
|
|upkeep
|
|t:|1758988814
|switch|p1a: Iron Valiant|Iron Valiant|94/100 brn
|turn|16
|
|t:|1758988816
|move|p1a: Iron Valiant|Vacuum Wave|p2a: 脑袋尖尖的
|-damage|p2a: 脑袋尖尖的|4/100
|move|p2a: 脑袋尖尖的|Psychic Fangs|p1a: Iron Valiant
|-supereffective|p1a: Iron Valiant
|-damage|p1a: Iron Valiant|3/100 brn
|-damage|p2a: 脑袋尖尖的|0 fnt|[from] item: Life Orb
|faint|p2a: 脑袋尖尖的
|
|win|FaronAan
|raw|FaronAan's rating: 1885 &rarr; <strong>1902</strong><br />(+17 for winning)
|raw|MunchlaxTheGodKing's rating: 1829 &rarr; <strong>1812</strong><br />(-17 for losing)
|c|☆FaronAan|gg
|l|☆MunchlaxTheGodKing
|player|p2|
|l|☆FaronAan
|player|p1|
|l| Squallskip
|l| cryyysneasel
|l| Zombini62
|j| amefurikoneko
