|j|☆dimeeenietreecko
|j|☆soohyo9
|t:|1758961560
|gametype|singles
|player|p1|dimeeenietreecko|1|1120
|player|p2|soohyo9|valerie|1101
|gen|9
|tier|[Gen 9] OU
|rated|
|rule|HP Percentage Mod: HP is shown in percentages
|rule|Endless Battle Clause: Forcing endless battles is banned
|rule|Species Clause: Limit one of each Pokémon
|rule|OHKO Clause: OHKO moves are banned
|rule|Evasion Items Clause: Evasion items are banned
|rule|Evasion Moves Clause: Evasion moves are banned
|rule|Evasion Abilities Clause: Evasion abilities are banned
|rule|Sleep Moves Clause: Sleep-inducing moves are banned
|clearpoke
|poke|p1|Alomomola, F|
|poke|p1|Slowking-Galar, F|
|poke|p1|Rillaboom, M|
|poke|p1|Brambleghast, F|
|poke|p1|Enamorus, F|
|poke|p1|Latios, M|
|poke|p2|Ninetales, F|
|poke|p2|Serperior, F|
|poke|p2|Milotic, F|
|poke|p2|Dragonair, F|
|poke|p2|Diancie|
|poke|p2|Gardevoir, F|
|teampreview
|inactive|Battle timer is ON: inactive players will automatically lose when time's up. (requested by soohyo9)
|inactive|dimeeenietreecko has 120 seconds left.
|
|t:|1758961609
|teamsize|p1|6
|teamsize|p2|6
|start
|switch|p1a: Latios|Latios, M|100/100
|switch|p2a: Diancie|Diancie|100/100
|turn|1
|inactive|dimeeenietreecko has 120 seconds left.
|
|t:|1758961648
|move|p1a: Latios|Surf|p2a: Diancie
|-supereffective|p2a: Diancie
|-damage|p2a: Diancie|8/100
|-damage|p1a: Latios|91/100|[from] item: Life Orb
|move|p2a: Diancie|Stealth Rock|p1a: Latios
|-sidestart|p1: dimeeenietreecko|move: Stealth Rock
|
|-heal|p2a: Diancie|14/100|[from] item: Leftovers
|upkeep
|turn|2
|inactive|dimeeenietreecko has 120 seconds left.
|
|t:|1758961658
|move|p2a: Diancie|Protect|p2a: Diancie
|-singleturn|p2a: Diancie|Protect
|move|p1a: Latios|Luster Purge|p2a: Diancie
|-activate|p2a: Diancie|move: Protect
|
|-heal|p2a: Diancie|20/100|[from] item: Leftovers
|upkeep
|turn|3
|
|t:|1758961665
|move|p1a: Latios|Luster Purge|p2a: Diancie
|-damage|p2a: Diancie|0 fnt
|faint|p2a: Diancie
|-damage|p1a: Latios|81/100|[from] item: Life Orb
|
|upkeep
|
|t:|1758961673
|switch|p2a: Milotic|Milotic, F|100/100
|turn|4
|inactive|dimeeenietreecko has 120 seconds left.
|
|t:|1758961705
|move|p1a: Latios|Draco Meteor|p2a: Milotic
|-damage|p2a: Milotic|45/100
|-unboost|p1a: Latios|spa|2
|-damage|p1a: Latios|71/100|[from] item: Life Orb
|move|p2a: Milotic|Ice Beam|p1a: Latios
|-supereffective|p1a: Latios
|-damage|p1a: Latios|29/100
|
|-heal|p2a: Milotic|51/100|[from] item: Leftovers
|upkeep
|turn|5
|
|t:|1758961724
|switch|p1a: Alomomola|Alomomola, F|100/100
|-damage|p1a: Alomomola|88/100|[from] Stealth Rock
|move|p2a: Milotic|Recover|p2a: Milotic
|-heal|p2a: Milotic|100/100
|
|upkeep
|turn|6
|
|t:|1758961732
|move|p2a: Milotic|Scald|p1a: Alomomola
|-resisted|p1a: Alomomola
|-damage|p1a: Alomomola|72/100
|move|p1a: Alomomola|Light Screen|p1a: Alomomola
|-sidestart|p1: dimeeenietreecko|move: Light Screen
|
|upkeep
|turn|7
|
|t:|1758961738
|move|p2a: Milotic|Scald|p1a: Alomomola
|-resisted|p1a: Alomomola
|-crit|p1a: Alomomola
|-damage|p1a: Alomomola|47/100
|move|p1a: Alomomola|Wish|p1a: Alomomola
|
|upkeep
|turn|8
|inactive|dimeeenietreecko has 120 seconds left.
|
|t:|1758961747
|switch|p2a: Dragonair|Dragonair, F|100/100
|switch|p1a: Brambleghast|Brambleghast, F|100/100
|-damage|p1a: Brambleghast|88/100|[from] Stealth Rock
|
|-heal|p1a: Brambleghast|100/100|[from] move: Wish|[wisher] Alomomola
|upkeep
|turn|9
|
|t:|1758961757
|move|p1a: Brambleghast|Rapid Spin|p2a: Dragonair
|-damage|p2a: Dragonair|88/100
|-boost|p1a: Brambleghast|spe|1
|-sideend|p1: dimeeenietreecko|Stealth Rock|[from] move: Rapid Spin|[of] p1a: Brambleghast
|move|p2a: Dragonair|Dragon Dance|p2a: Dragonair
|-boost|p2a: Dragonair|atk|1
|-boost|p2a: Dragonair|spe|1
|
|upkeep
|turn|10
|
|t:|1758961767
|move|p1a: Brambleghast|Strength Sap|p2a: Dragonair
|-unboost|p2a: Dragonair|atk|1
|move|p2a: Dragonair|Dragon Tail|p1a: Brambleghast|[miss]
|-miss|p2a: Dragonair|p1a: Brambleghast
|
|upkeep
|turn|11
|
|t:|1758961774
|move|p1a: Brambleghast|Spikes|p2a: Dragonair
|-sidestart|p2: soohyo9|Spikes
|move|p2a: Dragonair|Dragon Tail|p1a: Brambleghast
|-damage|p1a: Brambleghast|74/100
|drag|p1a: Enamorus|Enamorus, F|100/100
|
|upkeep
|turn|12
|
|t:|1758961785
|move|p2a: Dragonair|Thunderbolt|p1a: Enamorus
|-supereffective|p1a: Enamorus
|-damage|p1a: Enamorus|80/100
|move|p1a: Enamorus|Tailwind|p1a: Enamorus
|-sidestart|p1: dimeeenietreecko|move: Tailwind
|
|upkeep
|turn|13
|
|t:|1758961795
|move|p1a: Enamorus|Play Rough|p2a: Dragonair
|-supereffective|p2a: Dragonair
|-damage|p2a: Dragonair|0 fnt
|faint|p2a: Dragonair
|-damage|p1a: Enamorus|70/100|[from] item: Life Orb
|
|-sideend|p1: dimeeenietreecko|move: Light Screen
|upkeep
|
|t:|1758961799
|switch|p2a: Milotic|Milotic, F|100/100
|-damage|p2a: Milotic|88/100|[from] Spikes
|turn|14
|
|t:|1758961804
|move|p1a: Enamorus|Superpower|p2a: Milotic
|-damage|p2a: Milotic|44/100
|-boost|p1a: Enamorus|atk|1
|-boost|p1a: Enamorus|def|1
|-damage|p1a: Enamorus|60/100|[from] item: Life Orb
|move|p2a: Milotic|Ice Beam|p1a: Enamorus
|-supereffective|p1a: Enamorus
|-crit|p1a: Enamorus
|-damage|p1a: Enamorus|0 fnt
|faint|p1a: Enamorus
|
|-heal|p2a: Milotic|50/100|[from] item: Leftovers
|upkeep
|
|t:|1758961829
|switch|p1a: Rillaboom|Rillaboom, M|100/100
|-fieldstart|move: Grassy Terrain|[from] ability: Grassy Surge|[of] p1a: Rillaboom
|turn|15
|
|t:|1758961834
|move|p1a: Rillaboom|Bulk Up|p1a: Rillaboom
|-boost|p1a: Rillaboom|atk|1
|-boost|p1a: Rillaboom|def|1
|move|p2a: Milotic|Ice Beam|p1a: Rillaboom
|-supereffective|p1a: Rillaboom
|-damage|p1a: Rillaboom|53/100
|
|-heal|p1a: Rillaboom|59/100|[from] Grassy Terrain
|-heal|p2a: Milotic|56/100|[from] Grassy Terrain
|-heal|p2a: Milotic|62/100|[from] item: Leftovers
|-sideend|p1: dimeeenietreecko|move: Tailwind
|upkeep
|turn|16
|
|t:|1758961844
|switch|p2a: Ninetales|Ninetales, F|100/100
|-weather|SunnyDay|[from] ability: Drought|[of] p2a: Ninetales
|move|p1a: Rillaboom|Grassy Glide|p2a: Ninetales
|-resisted|p2a: Ninetales
|-damage|p2a: Ninetales|62/100
|
|-weather|SunnyDay|[upkeep]
|-heal|p2a: Ninetales|68/100|[from] Grassy Terrain
|-heal|p1a: Rillaboom|65/100|[from] Grassy Terrain
|upkeep
|turn|17
|
|t:|1758961857
|switch|p1a: Alomomola|Alomomola, F|80/100
|move|p2a: Ninetales|Weather Ball|p1a: Alomomola
|-resisted|p1a: Alomomola
|-damage|p1a: Alomomola|54/100
|
|-weather|SunnyDay|[upkeep]
|-heal|p2a: Ninetales|74/100|[from] Grassy Terrain
|-heal|p1a: Alomomola|60/100|[from] Grassy Terrain
|upkeep
|turn|18
|
|t:|1758961866
|move|p2a: Ninetales|Solar Beam||[still]
|-prepare|p2a: Ninetales|Solar Beam
|-anim|p2a: Ninetales|Solar Beam|p1a: Alomomola
|-supereffective|p1a: Alomomola
|-damage|p1a: Alomomola|0 fnt
|faint|p1a: Alomomola
|
|-weather|SunnyDay|[upkeep]
|-heal|p2a: Ninetales|80/100|[from] Grassy Terrain
|upkeep
|
|t:|1758961874
|switch|p1a: Latios|Latios, M|29/100
|turn|19
|
|t:|1758961879
|move|p1a: Latios|Luster Purge|p2a: Ninetales
|-crit|p2a: Ninetales
|-damage|p2a: Ninetales|0 fnt
|faint|p2a: Ninetales
|-damage|p1a: Latios|19/100|[from] item: Life Orb
|
|-weather|SunnyDay|[upkeep]
|-fieldend|move: Grassy Terrain
|upkeep
|
|t:|1758961883
|switch|p2a: Serperior|Serperior, F|100/100
|-damage|p2a: Serperior|88/100|[from] Spikes
|turn|20
|
|t:|1758961889
|move|p2a: Serperior|Leaf Storm|p1a: Latios
|-resisted|p1a: Latios
|-damage|p1a: Latios|0 fnt
|-boost|p2a: Serperior|spa|2
|faint|p1a: Latios
|
|-weather|none
|-heal|p2a: Serperior|94/100|[from] item: Leftovers
|upkeep
|
|t:|1758961899
|switch|p1a: Slowking|Slowking-Galar, F|100/100
|turn|21
|
|t:|1758961905
|-terastallize|p2a: Serperior|Dragon
|move|p2a: Serperior|Leaf Storm|p1a: Slowking
|-resisted|p1a: Slowking
|-damage|p1a: Slowking|70/100
|-boost|p2a: Serperior|spa|2
|move|p1a: Slowking|Sludge Bomb|p2a: Serperior
|-damage|p2a: Serperior|24/100
|-status|p2a: Serperior|psn
|
|-heal|p2a: Serperior|30/100 psn|[from] item: Leftovers
|-damage|p2a: Serperior|17/100 psn|[from] psn
|upkeep
|turn|22
|
|t:|1758961922
|switch|p1a: Brambleghast|Brambleghast, F|74/100
|move|p2a: Serperior|Rest|p2a: Serperior
|-status|p2a: Serperior|slp|[from] move: Rest
|-heal|p2a: Serperior|100/100 slp|[silent]
|
|upkeep
|turn|23
|
|t:|1758961932
|switch|p1a: Slowking|Slowking-Galar, F|100/100
|cant|p2a: Serperior|slp
|move|p2a: Serperior|Sleep Talk|p2a: Serperior
|move|p2a: Serperior|Leaf Storm|p1a: Slowking|[from] move: Sleep Talk
|-resisted|p1a: Slowking
|-damage|p1a: Slowking|58/100
|-boost|p2a: Serperior|spa|2
|
|upkeep
|turn|24
|
|t:|1758961943
|cant|p2a: Serperior|slp
|move|p2a: Serperior|Sleep Talk|p2a: Serperior
|move|p2a: Serperior|Leaf Storm|p1a: Slowking|[from] move: Sleep Talk
|-resisted|p1a: Slowking
|-damage|p1a: Slowking|4/100
|move|p1a: Slowking|Sludge Bomb|p2a: Serperior
|-damage|p2a: Serperior|34/100 slp
|
|-heal|p2a: Serperior|40/100 slp|[from] item: Leftovers
|upkeep
|turn|25
|
|t:|1758961953
|-curestatus|p2a: Serperior|slp|[msg]
|move|p2a: Serperior|Dragon Pulse|p1a: Slowking
|-damage|p1a: Slowking|0 fnt
|faint|p1a: Slowking
|
|-heal|p2a: Serperior|46/100|[from] item: Leftovers
|upkeep
|
|t:|1758961962
|switch|p1a: Rillaboom|Rillaboom, M|65/100
|-fieldstart|move: Grassy Terrain|[from] ability: Grassy Surge|[of] p1a: Rillaboom
|turn|26
|
|t:|1758961966
|move|p2a: Serperior|Rest|p2a: Serperior
|-status|p2a: Serperior|slp|[from] move: Rest
|-heal|p2a: Serperior|100/100 slp|[silent]
|move|p1a: Rillaboom|Hammer Arm|p2a: Serperior
|-damage|p2a: Serperior|65/100 slp
|-unboost|p1a: Rillaboom|spe|1
|
|-heal|p2a: Serperior|71/100 slp|[from] Grassy Terrain
|-heal|p2a: Serperior|77/100 slp|[from] item: Leftovers
|-heal|p1a: Rillaboom|71/100|[from] Grassy Terrain
|upkeep
|turn|27
|
|t:|1758961977
|cant|p2a: Serperior|slp
|move|p2a: Serperior|Sleep Talk|p2a: Serperior
|move|p2a: Serperior|Rest||[from] move: Sleep Talk|[still]
|-fail|p2a: Serperior
|move|p1a: Rillaboom|Bulk Up|p1a: Rillaboom
|-boost|p1a: Rillaboom|atk|1
|-boost|p1a: Rillaboom|def|1
|
|-heal|p2a: Serperior|84/100 slp|[from] Grassy Terrain
|-heal|p2a: Serperior|90/100 slp|[from] item: Leftovers
|-heal|p1a: Rillaboom|78/100|[from] Grassy Terrain
|upkeep
|turn|28
|
|t:|1758961988
|cant|p2a: Serperior|slp
|move|p2a: Serperior|Sleep Talk|p2a: Serperior
|move|p2a: Serperior|Dragon Pulse|p1a: Rillaboom|[from] move: Sleep Talk
|-damage|p1a: Rillaboom|0 fnt
|faint|p1a: Rillaboom
|
|-heal|p2a: Serperior|96/100 slp|[from] Grassy Terrain
|-heal|p2a: Serperior|100/100 slp|[from] item: Leftovers
|upkeep
|-message|dimeeenietreecko forfeited.
|
|win|soohyo9
|raw|dimeeenietreecko's rating: 1145 &rarr; <strong>1117</strong><br />(-28 for losing)
|raw|soohyo9's rating: 1101 &rarr; <strong>1129</strong><br />(+28 for winning)
|l|☆dimeeenietreecko
|player|p1|
|l|☆soohyo9
|player|p2|
