|j|☆tillersaplant
|j|☆MMQZA26
|t:|1758950406
|gametype|singles
|player|p1|tillersaplant|psychic-gen4|1171
|player|p2|MMQZA26|102|1230
|gen|9
|tier|[Gen 9] OU
|rated|
|rule|HP Percentage Mod: HP is shown in percentages
|rule|Endless Battle Clause: Forcing endless battles is banned
|rule|Species Clause: Limit one of each Pokémon
|rule|OHKO Clause: OHKO moves are banned
|rule|Evasion Items Clause: Evasion items are banned
|rule|Evasion Moves Clause: Evasion moves are banned
|rule|Evasion Abilities Clause: Evasion abilities are banned
|rule|Sleep Moves Clause: Sleep-inducing moves are banned
|clearpoke
|poke|p1|Haxorus, F|
|poke|p1|Cryogonal|
|poke|p1|Eelektross, M|
|poke|p1|Palossand, M|
|poke|p1|Scream Tail|
|poke|p1|Inteleon, M|
|poke|p2|Charizard, M|
|poke|p2|Torkoal, F|
|poke|p2|Hatterene, F|
|poke|p2|Great Tusk|
|poke|p2|Lilligant-Hisui, F|
|poke|p2|Walking Wake|
|teampreview
|
|t:|1758950417
|teamsize|p1|6
|teamsize|p2|6
|start
|switch|p1a: Palossand|Palossand, M|100/100
|switch|p2a: 河内恭介|Torkoal, F|100/100
|-weather|SunnyDay|[from] ability: Drought|[of] p2a: 河内恭介
|turn|1
|inactive|Battle timer is ON: inactive players will automatically lose when time's up. (requested by tillersaplant)
|
|t:|1758950424
|switch|p2a: 梓川月乃|Hatterene, F|100/100
|move|p1a: Palossand|Earth Power|p2a: 梓川月乃
|-damage|p2a: 梓川月乃|61/100
|-unboost|p2a: 梓川月乃|spd|1
|-enditem|p2a: 梓川月乃|Eject Button
|
|t:|1758950430
|switch|p2a: 东和马|Charizard, M|100/100
|
|-weather|SunnyDay|[upkeep]
|-damage|p2a: 东和马|88/100|[from] ability: Solar Power|[of] p2a: 东和马
|upkeep
|turn|2
|
|t:|1758950439
|move|p2a: 东和马|Flamethrower|p1a: Palossand
|-damage|p1a: Palossand|0 fnt
|faint|p1a: Palossand
|
|-weather|SunnyDay|[upkeep]
|-damage|p2a: 东和马|76/100|[from] ability: Solar Power|[of] p2a: 东和马
|upkeep
|inactive|tillersaplant has 120 seconds left.
|
|t:|1758950474
|switch|p1a: Inteleon|Inteleon, M|100/100
|turn|3
|
|t:|1758950478
|switch|p2a: 冠茂|Walking Wake|100/100
|-activate|p2a: 冠茂|ability: Protosynthesis
|-start|p2a: 冠茂|protosynthesisspe
|move|p1a: Inteleon|Snipe Shot|p2a: 冠茂
|-resisted|p2a: 冠茂
|-crit|p2a: 冠茂
|-damage|p2a: 冠茂|86/100
|
|-weather|SunnyDay|[upkeep]
|upkeep
|turn|4
|inactive|tillersaplant has 120 seconds left.
|
|t:|1758950503
|-terastallize|p2a: 冠茂|Water
|move|p2a: 冠茂|Hydro Steam|p1a: Inteleon
|-resisted|p1a: Inteleon
|-damage|p1a: Inteleon|0 fnt
|faint|p1a: Inteleon
|
|-weather|SunnyDay|[upkeep]
|upkeep
|
|t:|1758950509
|switch|p1a: Jiren|Scream Tail|100/100
|-activate|p1a: Jiren|ability: Protosynthesis
|-start|p1a: Jiren|protosynthesisspe
|turn|5
|inactive|tillersaplant has 120 seconds left.
|
|t:|1758950519
|-end|p2a: 冠茂|Protosynthesis|[silent]
|switch|p2a: 梓川月乃|Hatterene, F|61/100
|move|p1a: Jiren|Calm Mind|p1a: Jiren
|-boost|p1a: Jiren|spa|1
|-boost|p1a: Jiren|spd|1
|
|-weather|SunnyDay|[upkeep]
|upkeep
|turn|6
|
|t:|1758950528
|move|p1a: Jiren|Dazzling Gleam|p2a: 梓川月乃
|-damage|p2a: 梓川月乃|25/100
|move|p2a: 梓川月乃|Nuzzle|p1a: Jiren
|-damage|p1a: Jiren|97/100
|-status|p1a: Jiren|par
|
|-weather|SunnyDay|[upkeep]
|-heal|p1a: Jiren|100/100 par|[from] item: Leftovers
|upkeep
|turn|7
|
|t:|1758950536
|move|p1a: Jiren|Dazzling Gleam|p2a: 梓川月乃
|-damage|p2a: 梓川月乃|0 fnt
|faint|p2a: 梓川月乃
|
|-weather|SunnyDay|[upkeep]
|upkeep
|inactive|MMQZA26 has 120 seconds left.
|
|t:|1758950569
|switch|p2a: 松代健|Great Tusk|100/100
|-activate|p2a: 松代健|ability: Protosynthesis
|-start|p2a: 松代健|protosynthesisatk
|turn|8
|
|t:|1758950576
|move|p2a: 松代健|Headlong Rush|p1a: Jiren
|-damage|p1a: Jiren|34/100 par
|-unboost|p2a: 松代健|def|1
|-unboost|p2a: 松代健|spd|1
|-enditem|p2a: 松代健|Eject Pack
|
|t:|1758950579
|-end|p2a: 松代健|Protosynthesis|[silent]
|switch|p2a: 东和马|Charizard, M|76/100
|cant|p1a: Jiren|par
|
|-weather|none
|-end|p1a: Jiren|Protosynthesis
|-heal|p1a: Jiren|40/100 par|[from] item: Leftovers
|upkeep
|turn|9
|
|t:|1758950587
|move|p2a: 东和马|Overheat|p1a: Jiren
|-damage|p1a: Jiren|0 fnt
|-unboost|p2a: 东和马|spa|2
|faint|p1a: Jiren
|-end|p1a: Jiren|Protosynthesis|[silent]
|
|upkeep
|
|t:|1758950593
|switch|p1a: Tomato|Haxorus, F|100/100
|-ability|p1a: Tomato|Mold Breaker
|turn|10
|
|t:|1758950597
|switch|p2a: 河内恭介|Torkoal, F|100/100
|-weather|SunnyDay|[from] ability: Drought|[of] p2a: 河内恭介
|move|p1a: Tomato|Swords Dance|p1a: Tomato
|-boost|p1a: Tomato|atk|2
|
|-weather|SunnyDay|[upkeep]
|upkeep
|turn|11
|inactive|tillersaplant has 120 seconds left.
|
|t:|1758950639
|move|p1a: Tomato|Scale Shot|p2a: 河内恭介
|-damage|p2a: 河内恭介|82/100
|-damage|p2a: 河内恭介|64/100
|-damage|p2a: 河内恭介|47/100
|-damage|p2a: 河内恭介|31/100
|-hitcount|p2a: 河内恭介|4
|-unboost|p1a: Tomato|def|1
|-boost|p1a: Tomato|spe|1
|move|p2a: 河内恭介|Clear Smog|p1a: Tomato
|-damage|p1a: Tomato|84/100
|-clearboost|p1a: Tomato
|
|-weather|SunnyDay|[upkeep]
|upkeep
|turn|12
|
|t:|1758950654
|move|p1a: Tomato|Swords Dance|p1a: Tomato
|-boost|p1a: Tomato|atk|2
|move|p2a: 河内恭介|Will-O-Wisp|p1a: Tomato
|-status|p1a: Tomato|brn
|
|-weather|SunnyDay|[upkeep]
|-damage|p1a: Tomato|78/100 brn|[from] brn
|upkeep
|turn|13
|
|t:|1758950662
|switch|p2a: 诹访原戒|Lilligant-Hisui, F|100/100
|move|p1a: Tomato|Scale Shot|p2a: 诹访原戒
|-damage|p2a: 诹访原戒|78/100
|-damage|p2a: 诹访原戒|53/100
|-damage|p2a: 诹访原戒|30/100
|-damage|p2a: 诹访原戒|4/100
|-hitcount|p2a: 诹访原戒|4
|-unboost|p1a: Tomato|def|1
|-boost|p1a: Tomato|spe|1
|
|-weather|SunnyDay|[upkeep]
|-damage|p1a: Tomato|72/100 brn|[from] brn
|upkeep
|turn|14
|inactive|tillersaplant has 120 seconds left.
|
|t:|1758950676
|move|p2a: 诹访原戒|Triple Axel|p1a: Tomato
|-supereffective|p1a: Tomato
|-damage|p1a: Tomato|40/100 brn
|-supereffective|p1a: Tomato
|-damage|p1a: Tomato|0 fnt
|faint|p1a: Tomato
|-hitcount|p1: Tomato|2
|-damage|p2a: 诹访原戒|0 fnt|[from] item: Life Orb
|faint|p2a: 诹访原戒
|
|-weather|SunnyDay|[upkeep]
|upkeep
|
|t:|1758950684
|switch|p2a: 东和马|Charizard, M|76/100
|switch|p1a: Eelektross|Eelektross, M|100/100
|turn|15
|
|t:|1758950689
|move|p2a: 东和马|Flamethrower|p1a: Eelektross
|-damage|p1a: Eelektross|0 fnt
|faint|p1a: Eelektross
|
|-weather|SunnyDay|[upkeep]
|-damage|p2a: 东和马|63/100|[from] ability: Solar Power|[of] p2a: 东和马
|upkeep
|
|t:|1758950695
|switch|p1a: Cryogonal|Cryogonal|100/100
|turn|16
|
|t:|1758950704
|-terastallize|p1a: Cryogonal|Steel
|move|p2a: 东和马|Flamethrower|p1a: Cryogonal
|-supereffective|p1a: Cryogonal
|-damage|p1a: Cryogonal|0 fnt
|faint|p1a: Cryogonal
|
|win|MMQZA26
|raw|tillersaplant's rating: 1171 &rarr; <strong>1150</strong><br />(-21 for losing)
|raw|MMQZA26's rating: 1230 &rarr; <strong>1251</strong><br />(+21 for winning)
|l|☆tillersaplant
|player|p1|
|l|☆MMQZA26
|player|p2|
