|j|☆Prof. Levaux
|j|☆bobbydolphins99
|t:|1758941100
|gametype|singles
|player|p1|Prof. Levaux|169|1050
|player|p2|bobbydolphins99|fantina|1000
|gen|9
|tier|[Gen 9] OU
|rated|
|rule|HP Percentage Mod: HP is shown in percentages
|rule|Endless Battle Clause: Forcing endless battles is banned
|rule|Species Clause: Limit one of each Pokémon
|rule|OHKO Clause: OHKO moves are banned
|rule|Evasion Items Clause: Evasion items are banned
|rule|Evasion Moves Clause: Evasion moves are banned
|rule|Evasion Abilities Clause: Evasion abilities are banned
|rule|Sleep Moves Clause: Sleep-inducing moves are banned
|clearpoke
|poke|p1|Meganium, F|
|poke|p1|Noivern, M|
|poke|p1|Cloyster, F|
|poke|p1|Delphox, F|
|poke|p1|Ambipom, M|
|poke|p1|Scrafty, M|
|poke|p2|Scream Tail|
|poke|p2|Ninetales-Alola, F|
|poke|p2|Lucario, M|
|poke|p2|Tinkaton, F|
|poke|p2|Pawmot, M|
|poke|p2|Alomomola, M|
|teampreview
|
|t:|1758941110
|teamsize|p1|6
|teamsize|p2|6
|start
|switch|p1a: Dr. Evil|Ambipom, M|100/100
|switch|p2a: Ninetales|Ninetales-Alola, F|100/100
|-weather|Snowscape|[from] ability: Snow Warning|[of] p2a: Ninetales
|turn|1
|
|t:|1758941118
|move|p1a: Dr. Evil|Taunt|p2a: Ninetales
|-start|p2a: Ninetales|move: Taunt
|cant|p2a: Ninetales|move: Taunt|Aurora Veil
|
|-weather|Snowscape|[upkeep]
|upkeep
|turn|2
|
|t:|1758941123
|switch|p2a: Alomomola|Alomomola, M|100/100
|move|p1a: Dr. Evil|U-turn|p2a: Alomomola
|-damage|p2a: Alomomola|89/100
|
|t:|1758941133
|switch|p1a: Naux|Noivern, M|100/100|[from] U-turn
|
|-weather|Snowscape|[upkeep]
|-heal|p2a: Alomomola|95/100|[from] item: Leftovers
|upkeep
|turn|3
|
|t:|1758941142
|-terastallize|p1a: Naux|Flying
|move|p1a: Naux|Boomburst|p2a: Alomomola
|-crit|p2a: Alomomola
|-damage|p2a: Alomomola|19/100
|-enditem|p1a: Naux|Throat Spray
|-boost|p1a: Naux|spa|1|[from] item: Throat Spray
|move|p2a: Alomomola|Flip Turn|p1a: Naux
|-damage|p1a: Naux|78/100
|
|t:|1758941148
|switch|p2a: Ninetales|Ninetales-Alola, F|100/100|[from] Flip Turn
|
|-weather|Snowscape|[upkeep]
|upkeep
|turn|4
|
|t:|1758941155
|move|p1a: Naux|Flamethrower|p2a: Ninetales
|-supereffective|p2a: Ninetales
|-damage|p2a: Ninetales|13/100
|move|p2a: Ninetales|Aurora Veil|p2a: Ninetales
|-sidestart|p2: bobbydolphins99|move: Aurora Veil
|
|-weather|Snowscape|[upkeep]
|upkeep
|turn|5
|
|t:|1758941161
|move|p1a: Naux|Boomburst|p2a: Ninetales
|-damage|p2a: Ninetales|0 fnt
|faint|p2a: Ninetales
|
|-weather|none
|upkeep
|
|t:|1758941163
|switch|p2a: Scream Tail|Scream Tail|100/100
|turn|6
|
|t:|1758941182
|switch|p1a: Cinnamon|Meganium, F, shiny|100/100
|move|p2a: Scream Tail|Amnesia|p2a: Scream Tail
|-boost|p2a: Scream Tail|spd|2
|
|upkeep
|turn|7
|
|t:|1758941193
|move|p2a: Scream Tail|Bulk Up|p2a: Scream Tail
|-boost|p2a: Scream Tail|atk|1
|-boost|p2a: Scream Tail|def|1
|move|p1a: Cinnamon|Leech Seed|p2a: Scream Tail
|-start|p2a: Scream Tail|move: Leech Seed
|
|-damage|p2a: Scream Tail|88/100|[from] Leech Seed|[of] p1a: Cinnamon
|upkeep
|turn|8
|
|t:|1758941204
|move|p2a: Scream Tail|Amnesia|p2a: Scream Tail
|-boost|p2a: Scream Tail|spd|2
|move|p1a: Cinnamon|Light Screen|p1a: Cinnamon
|-sidestart|p1: Prof. Levaux|move: Light Screen
|
|-heal|p2a: Scream Tail|94/100|[from] item: Leftovers
|-damage|p2a: Scream Tail|82/100|[from] Leech Seed|[of] p1a: Cinnamon
|upkeep
|turn|9
|
|t:|1758941212
|move|p2a: Scream Tail|Bulk Up|p2a: Scream Tail
|-boost|p2a: Scream Tail|atk|1
|-boost|p2a: Scream Tail|def|1
|move|p1a: Cinnamon|Ancient Power|p2a: Scream Tail
|-damage|p2a: Scream Tail|80/100
|
|-heal|p2a: Scream Tail|87/100|[from] item: Leftovers
|-damage|p2a: Scream Tail|74/100|[from] Leech Seed|[of] p1a: Cinnamon
|upkeep
|turn|10
|
|t:|1758941222
|move|p2a: Scream Tail|Bulk Up|p2a: Scream Tail
|-boost|p2a: Scream Tail|atk|1
|-boost|p2a: Scream Tail|def|1
|move|p1a: Cinnamon|Ancient Power|p2a: Scream Tail
|-damage|p2a: Scream Tail|73/100
|
|-heal|p2a: Scream Tail|79/100|[from] item: Leftovers
|-damage|p2a: Scream Tail|67/100|[from] Leech Seed|[of] p1a: Cinnamon
|upkeep
|turn|11
|
|t:|1758941240
|move|p2a: Scream Tail|Bulk Up|p2a: Scream Tail
|-boost|p2a: Scream Tail|atk|1
|-boost|p2a: Scream Tail|def|1
|move|p1a: Cinnamon|Ancient Power|p2a: Scream Tail
|-damage|p2a: Scream Tail|65/100
|
|-heal|p2a: Scream Tail|71/100|[from] item: Leftovers
|-damage|p2a: Scream Tail|59/100|[from] Leech Seed|[of] p1a: Cinnamon
|-sideend|p2: bobbydolphins99|move: Aurora Veil
|upkeep
|turn|12
|
|t:|1758941251
|move|p2a: Scream Tail|Metronome|p2a: Scream Tail
|move|p2a: Scream Tail|Tar Shot|p1a: Cinnamon|[from] move: Metronome
|-unboost|p1a: Cinnamon|spe|1
|-start|p1a: Cinnamon|Tar Shot
|move|p1a: Cinnamon|Ancient Power|p2a: Scream Tail
|-damage|p2a: Scream Tail|56/100
|
|-heal|p2a: Scream Tail|62/100|[from] item: Leftovers
|-damage|p2a: Scream Tail|50/100|[from] Leech Seed|[of] p1a: Cinnamon
|upkeep
|turn|13
|
|t:|1758941265
|move|p2a: Scream Tail|Metronome|p2a: Scream Tail
|move|p2a: Scream Tail|Tail Slap|p1a: Cinnamon|[from] move: Metronome
|-damage|p1a: Cinnamon|91/100
|-damage|p1a: Cinnamon|81/100
|-damage|p1a: Cinnamon|70/100
|-damage|p1a: Cinnamon|61/100
|-hitcount|p1a: Cinnamon|4
|move|p1a: Cinnamon|Ancient Power|p2a: Scream Tail
|-damage|p2a: Scream Tail|47/100
|
|-heal|p2a: Scream Tail|53/100|[from] item: Leftovers
|-damage|p2a: Scream Tail|40/100|[from] Leech Seed|[of] p1a: Cinnamon
|-heal|p1a: Cinnamon|77/100|[silent]
|upkeep
|turn|14
|
|t:|1758941278
|move|p2a: Scream Tail|Metronome|p2a: Scream Tail
|move|p2a: Scream Tail|Shelter|p2a: Scream Tail|[from] move: Metronome
|-boost|p2a: Scream Tail|def|2
|move|p1a: Cinnamon|Ancient Power|p2a: Scream Tail
|-damage|p2a: Scream Tail|38/100
|
|-heal|p2a: Scream Tail|44/100|[from] item: Leftovers
|-damage|p2a: Scream Tail|32/100|[from] Leech Seed|[of] p1a: Cinnamon
|-heal|p1a: Cinnamon|93/100|[silent]
|upkeep
|turn|15
|
|t:|1758941292
|move|p2a: Scream Tail|Metronome|p2a: Scream Tail
|move|p2a: Scream Tail|Leaf Storm|p1a: Cinnamon|[from] move: Metronome
|-resisted|p1a: Cinnamon
|-damage|p1a: Cinnamon|86/100
|-unboost|p2a: Scream Tail|spa|2
|move|p1a: Cinnamon|Ancient Power|p2a: Scream Tail
|-damage|p2a: Scream Tail|29/100
|
|-heal|p2a: Scream Tail|35/100|[from] item: Leftovers
|-damage|p2a: Scream Tail|23/100|[from] Leech Seed|[of] p1a: Cinnamon
|-heal|p1a: Cinnamon|100/100|[silent]
|-sideend|p1: Prof. Levaux|move: Light Screen
|upkeep
|turn|16
|
|t:|1758941310
|move|p2a: Scream Tail|Rest|p2a: Scream Tail
|-status|p2a: Scream Tail|slp|[from] move: Rest
|-heal|p2a: Scream Tail|100/100 slp|[silent]
|move|p1a: Cinnamon|Ancient Power|p2a: Scream Tail
|-damage|p2a: Scream Tail|98/100 slp
|
|-heal|p2a: Scream Tail|100/100 slp|[from] item: Leftovers
|-damage|p2a: Scream Tail|88/100 slp|[from] Leech Seed|[of] p1a: Cinnamon
|upkeep
|turn|17
|
|t:|1758941319
|cant|p2a: Scream Tail|slp
|move|p1a: Cinnamon|Light Screen|p1a: Cinnamon
|-sidestart|p1: Prof. Levaux|move: Light Screen
|
|-heal|p2a: Scream Tail|94/100 slp|[from] item: Leftovers
|-damage|p2a: Scream Tail|82/100 slp|[from] Leech Seed|[of] p1a: Cinnamon
|upkeep
|turn|18
|
|t:|1758941329
|switch|p1a: Spice|Delphox, F, shiny|100/100
|cant|p2a: Scream Tail|slp
|
|-heal|p2a: Scream Tail|88/100 slp|[from] item: Leftovers
|-damage|p2a: Scream Tail|76/100 slp|[from] Leech Seed|[of] p1a: Spice
|upkeep
|turn|19
|
|t:|1758941337
|-terastallize|p2a: Scream Tail|Fire
|move|p1a: Spice|Nasty Plot|p1a: Spice
|-boost|p1a: Spice|spa|2
|-curestatus|p2a: Scream Tail|slp|[msg]
|move|p2a: Scream Tail|Amnesia|p2a: Scream Tail
|-boost|p2a: Scream Tail|spd|2
|
|-heal|p2a: Scream Tail|82/100|[from] item: Leftovers
|-damage|p2a: Scream Tail|69/100|[from] Leech Seed|[of] p1a: Spice
|upkeep
|turn|20
|
|t:|1758941347
|move|p1a: Spice|Nasty Plot|p1a: Spice
|-boost|p1a: Spice|spa|2
|move|p2a: Scream Tail|Metronome|p2a: Scream Tail
|move|p2a: Scream Tail|Poison Fang|p1a: Spice|[from] move: Metronome
|-damage|p1a: Spice|66/100
|
|-heal|p2a: Scream Tail|76/100|[from] item: Leftovers
|-damage|p2a: Scream Tail|63/100|[from] Leech Seed|[of] p1a: Spice
|-heal|p1a: Spice|81/100|[silent]
|upkeep
|turn|21
|
|t:|1758941356
|move|p1a: Spice|Nasty Plot|p1a: Spice
|-boost|p1a: Spice|spa|2
|move|p2a: Scream Tail|Bulk Up|p2a: Scream Tail
|-boost|p2a: Scream Tail|atk|1
|-boost|p2a: Scream Tail|def|0
|
|-heal|p2a: Scream Tail|69/100|[from] item: Leftovers
|-damage|p2a: Scream Tail|57/100|[from] Leech Seed|[of] p1a: Spice
|-heal|p1a: Spice|96/100|[silent]
|upkeep
|turn|22
|
|t:|1758941370
|move|p1a: Spice|Stored Power|p2a: Scream Tail
|-damage|p2a: Scream Tail|17/100
|move|p2a: Scream Tail|Rest|p2a: Scream Tail
|-status|p2a: Scream Tail|slp|[from] move: Rest
|-heal|p2a: Scream Tail|100/100 slp|[silent]
|
|-damage|p2a: Scream Tail|88/100 slp|[from] Leech Seed|[of] p1a: Spice
|-heal|p1a: Spice|100/100|[silent]
|upkeep
|turn|23
|
|t:|1758941379
|move|p1a: Spice|Stored Power|p2a: Scream Tail
|-damage|p2a: Scream Tail|53/100 slp
|cant|p2a: Scream Tail|slp
|
|-heal|p2a: Scream Tail|59/100 slp|[from] item: Leftovers
|-damage|p2a: Scream Tail|47/100 slp|[from] Leech Seed|[of] p1a: Spice
|upkeep
|turn|24
|
|t:|1758941388
|move|p1a: Spice|Nasty Plot|p1a: Spice
|-boost|p1a: Spice|spa|0
|cant|p2a: Scream Tail|slp
|
|-heal|p2a: Scream Tail|53/100 slp|[from] item: Leftovers
|-damage|p2a: Scream Tail|40/100 slp|[from] Leech Seed|[of] p1a: Spice
|-sideend|p1: Prof. Levaux|move: Light Screen
|upkeep
|turn|25
|
|t:|1758941396
|move|p1a: Spice|Stored Power|p2a: Scream Tail
|-damage|p2a: Scream Tail|0 fnt
|faint|p2a: Scream Tail
|-end|p2a: Scream Tail|Protosynthesis|[silent]
|
|upkeep
|
|t:|1758941399
|switch|p2a: Lucario|Lucario, M|100/100
|turn|26
|
|t:|1758941409
|switch|p2a: Alomomola|Alomomola, M|52/100
|move|p1a: Spice|Mystical Fire|p2a: Alomomola
|-resisted|p2a: Alomomola
|-damage|p2a: Alomomola|0 fnt
|faint|p2a: Alomomola
|
|upkeep
|
|t:|1758941411
|switch|p2a: Pawmot|Pawmot, M|100/100
|turn|27
|
|t:|1758941422
|move|p1a: Spice|Stored Power|p2a: Pawmot
|-supereffective|p2a: Pawmot
|-damage|p2a: Pawmot|0 fnt
|faint|p2a: Pawmot
|
|upkeep
|
|t:|1758941425
|switch|p2a: Tinkaton|Tinkaton, F|100/100
|-ability|p2a: Tinkaton|Mold Breaker
|turn|28
|
|t:|1758941433
|move|p1a: Spice|Mystical Fire|p2a: Tinkaton
|-supereffective|p2a: Tinkaton
|-damage|p2a: Tinkaton|0 fnt
|faint|p2a: Tinkaton
|
|upkeep
|
|t:|1758941436
|switch|p2a: Lucario|Lucario, M|100/100
|turn|29
|
|t:|1758941440
|move|p2a: Lucario|Bullet Punch|p1a: Spice
|-resisted|p1a: Spice
|-damage|p1a: Spice|87/100
|move|p1a: Spice|Mystical Fire|p2a: Lucario
|-supereffective|p2a: Lucario
|-damage|p2a: Lucario|0 fnt
|faint|p2a: Lucario
|
|win|Prof. Levaux
|raw|Prof. Levaux's rating: 1050 &rarr; <strong>1078</strong><br />(+28 for winning)
|raw|bobbydolphins99's rating: 1000 &rarr; <strong>1000</strong><br />(+0 for losing)
|l|☆bobbydolphins99
|player|p2|
|c|☆Prof. Levaux|gg
