|j|☆catuhstrophic
|j|☆Havestol
|t:|1758931933
|gametype|singles
|player|p1|catuhstrophic|sabrina|1544
|player|p2|Havestol|mars|1537
|gen|9
|tier|[Gen 9] OU
|rated|
|rule|HP Percentage Mod: HP is shown in percentages
|rule|Endless Battle Clause: Forcing endless battles is banned
|rule|Species Clause: Limit one of each Pokémon
|rule|OHKO Clause: OHKO moves are banned
|rule|Evasion Items Clause: Evasion items are banned
|rule|Evasion Moves Clause: Evasion moves are banned
|rule|Evasion Abilities Clause: Evasion abilities are banned
|rule|Sleep Moves Clause: Sleep-inducing moves are banned
|clearpoke
|poke|p1|Great Tusk|
|poke|p1|Cinderace, M|
|poke|p1|Alomomola, M|
|poke|p1|Zapdos|
|poke|p1|Slowking-Galar, M|
|poke|p1|Iron Valiant|
|poke|p2|Regigigas|
|poke|p2|Clefable, M|
|poke|p2|Slowking-Galar, F|
|poke|p2|Ting-Lu|
|poke|p2|Gholdengo|
|poke|p2|Great Tusk|
|teampreview
|inactive|Battle timer is ON: inactive players will automatically lose when time's up. (requested by catuhstrophic)
|
|t:|1758931949
|teamsize|p1|6
|teamsize|p2|6
|start
|switch|p1a: Slowking|Slowking-Galar, M|100/100
|switch|p2a: Regigigas|Regigigas, shiny|100/100
|-start|p2a: Regigigas|ability: Slow Start
|turn|1
|
|t:|1758931956
|move|p2a: Regigigas|Knock Off|p1a: Slowking
|-supereffective|p1a: Slowking
|-damage|p1a: Slowking|77/100
|-enditem|p1a: Slowking|Shuca Berry|[from] move: Knock Off|[of] p2a: Regigigas
|move|p1a: Slowking|Future Sight|p2a: Regigigas
|-start|p1a: Slowking|move: Future Sight
|
|upkeep
|turn|2
|
|t:|1758931963
|move|p2a: Regigigas|Substitute|p2a: Regigigas
|-start|p2a: Regigigas|Substitute
|-damage|p2a: Regigigas|75/100
|-prepare|p1a: Slowking|Chilly Reception|[premajor]
|move|p1a: Slowking|Chilly Reception|p1a: Slowking
|-weather|Snowscape
|
|t:|1758931966
|switch|p1a: Iron Valiant|Iron Valiant|100/100|[from] Chilly Reception
|
|-weather|Snowscape|[upkeep]
|-heal|p2a: Regigigas|82/100|[from] item: Leftovers
|upkeep
|turn|3
|
|t:|1758931972
|move|p1a: Iron Valiant|Close Combat|p2a: Regigigas
|-supereffective|p2a: Regigigas
|-end|p2a: Regigigas|Substitute
|-unboost|p1a: Iron Valiant|def|1
|-unboost|p1a: Iron Valiant|spd|1
|move|p2a: Regigigas|Body Slam|p1a: Iron Valiant
|-damage|p1a: Iron Valiant|57/100
|-status|p1a: Iron Valiant|par
|
|-weather|Snowscape|[upkeep]
|-end|p2a: Regigigas|move: Future Sight
|-damage|p2a: Regigigas|58/100
|-heal|p2a: Regigigas|64/100|[from] item: Leftovers
|upkeep
|turn|4
|
|t:|1758931977
|move|p2a: Regigigas|Protect|p2a: Regigigas
|-singleturn|p2a: Regigigas|Protect
|move|p1a: Iron Valiant|Close Combat|p2a: Regigigas
|-activate|p2a: Regigigas|move: Protect
|
|-weather|Snowscape|[upkeep]
|-heal|p2a: Regigigas|70/100|[from] item: Leftovers
|upkeep
|turn|5
|inactive|Havestol has 120 seconds left.
|inactive|Havestol has 90 seconds left.
|
|t:|1758932041
|switch|p2a: Great Tusk|Great Tusk|100/100
|move|p1a: Iron Valiant|Close Combat|p2a: Great Tusk
|-damage|p2a: Great Tusk|45/100
|-unboost|p1a: Iron Valiant|def|1
|-unboost|p1a: Iron Valiant|spd|1
|
|-weather|Snowscape|[upkeep]
|upkeep
|turn|6
|
|t:|1758932046
|-end|p1a: Iron Valiant|Quark Drive|[silent]
|switch|p1a: Zapdos|Zapdos|100/100
|move|p2a: Great Tusk|Earthquake|p1a: Zapdos
|-immune|p1a: Zapdos
|
|-weather|none
|upkeep
|turn|7
|
|t:|1758932050
|-end|p2a: Great Tusk|Protosynthesis|[silent]
|switch|p2a: Slowking|Slowking-Galar, F|100/100
|move|p1a: Zapdos|Hurricane|p2a: Slowking
|-damage|p2a: Slowking|72/100
|
|upkeep
|turn|8
|
|t:|1758932054
|move|p1a: Zapdos|Volt Switch|p2a: Slowking
|-damage|p2a: Slowking|54/100
|
|t:|1758932057
|switch|p1a: Alomomola|Alomomola, M|100/100|[from] Volt Switch
|move|p2a: Slowking|Toxic Spikes|p1a: Alomomola
|-sidestart|p1: catuhstrophic|move: Toxic Spikes
|
|upkeep
|turn|9
|
|t:|1758932062
|move|p1a: Alomomola|Body Slam|p2a: Slowking
|-damage|p2a: Slowking|38/100
|move|p2a: Slowking|Psychic Noise|p1a: Alomomola
|-damage|p1a: Alomomola|87/100
|-start|p1a: Alomomola|move: Heal Block
|
|upkeep
|turn|10
|
|t:|1758932067
|-prepare|p2a: Slowking|Chilly Reception|[premajor]
|move|p2a: Slowking|Chilly Reception|p2a: Slowking
|-weather|Snowscape
|
|t:|1758932072
|switch|p2a: Regigigas|Regigigas, shiny|70/100|[from] Chilly Reception
|-start|p2a: Regigigas|ability: Slow Start
|move|p1a: Alomomola|Mirror Coat||[still]
|-fail|p1a: Alomomola
|
|-weather|Snowscape|[upkeep]
|-heal|p2a: Regigigas|76/100|[from] item: Leftovers
|-end|p1a: Alomomola|move: Heal Block
|upkeep
|turn|11
|
|t:|1758932075
|move|p1a: Alomomola|Flip Turn|p2a: Regigigas
|-damage|p2a: Regigigas|65/100
|
|t:|1758932077
|switch|p1a: Slowking|Slowking-Galar, M|100/100|[from] Flip Turn
|-sideend|p1: catuhstrophic|move: Toxic Spikes|[of] p1a: Slowking
|move|p2a: Regigigas|Substitute|p2a: Regigigas
|-start|p2a: Regigigas|Substitute
|-damage|p2a: Regigigas|40/100
|
|-weather|Snowscape|[upkeep]
|-heal|p2a: Regigigas|46/100|[from] item: Leftovers
|upkeep
|turn|12
|
|t:|1758932083
|switch|p1a: Zapdos|Zapdos|100/100
|move|p2a: Regigigas|Body Slam|p1a: Zapdos
|-damage|p1a: Zapdos|84/100
|-damage|p2a: Regigigas|30/100|[from] item: Rocky Helmet|[of] p1a: Zapdos
|
|-weather|Snowscape|[upkeep]
|-heal|p2a: Regigigas|36/100|[from] item: Leftovers
|upkeep
|turn|13
|
|t:|1758932085
|move|p1a: Zapdos|Discharge|p2a: Regigigas
|-activate|p2a: Regigigas|move: Substitute|[damage]
|move|p2a: Regigigas|Knock Off|p1a: Zapdos
|-damage|p1a: Zapdos|72/100
|-damage|p2a: Regigigas|19/100|[from] item: Rocky Helmet|[of] p1a: Zapdos
|-enditem|p1a: Zapdos|Rocky Helmet|[from] move: Knock Off|[of] p2a: Regigigas
|
|-weather|Snowscape|[upkeep]
|-heal|p2a: Regigigas|25/100|[from] item: Leftovers
|upkeep
|turn|14
|
|t:|1758932089
|move|p2a: Regigigas|Protect|p2a: Regigigas
|-singleturn|p2a: Regigigas|Protect
|move|p1a: Zapdos|Discharge|p2a: Regigigas
|-activate|p2a: Regigigas|move: Protect
|
|-weather|none
|-heal|p2a: Regigigas|31/100|[from] item: Leftovers
|upkeep
|turn|15
|
|t:|1758932095
|switch|p2a: Ting-Lu|Ting-Lu|100/100
|-ability|p2a: Ting-Lu|Vessel of Ruin
|move|p1a: Zapdos|Discharge|p2a: Ting-Lu
|-immune|p2a: Ting-Lu
|
|upkeep
|turn|16
|
|t:|1758932102
|switch|p1a: Iron Valiant|Iron Valiant|57/100 par
|move|p2a: Ting-Lu|Spikes|p1a: Iron Valiant
|-sidestart|p1: catuhstrophic|Spikes
|
|upkeep
|turn|17
|
|t:|1758932105
|switch|p2a: Gholdengo|Gholdengo|100/100
|-item|p2a: Gholdengo|Air Balloon
|move|p1a: Iron Valiant|Close Combat|p2a: Gholdengo
|-immune|p2a: Gholdengo
|
|upkeep
|turn|18
|
|t:|1758932109
|-end|p1a: Iron Valiant|Quark Drive|[silent]
|switch|p1a: Alomomola|Alomomola, M|100/100
|-damage|p1a: Alomomola|88/100|[from] Spikes
|move|p2a: Gholdengo|Nasty Plot|p2a: Gholdengo
|-boost|p2a: Gholdengo|spa|2
|
|upkeep
|turn|19
|
|t:|1758932112
|move|p2a: Gholdengo|Nasty Plot|p2a: Gholdengo
|-boost|p2a: Gholdengo|spa|2
|move|p1a: Alomomola|Mirror Coat||[still]
|-fail|p1a: Alomomola
|
|upkeep
|turn|20
|
|t:|1758932114
|move|p2a: Gholdengo|Nasty Plot|p2a: Gholdengo
|-boost|p2a: Gholdengo|spa|2
|move|p1a: Alomomola|Mirror Coat||[still]
|-fail|p1a: Alomomola
|
|upkeep
|turn|21
|
|t:|1758932116
|move|p2a: Gholdengo|Shadow Ball|p1a: Alomomola
|-damage|p1a: Alomomola|20/100
|move|p1a: Alomomola|Mirror Coat|p2a: Gholdengo
|-damage|p2a: Gholdengo|0 fnt
|-enditem|p2a: Gholdengo|Air Balloon
|faint|p2a: Gholdengo
|
|upkeep
|c|☆Havestol|how t
|c|☆Havestol|tf
|c|☆Havestol|ik its av but cmon
|
|t:|1758932136
|switch|p2a: Clefable|Clefable, M|100/100
|turn|22
|
|t:|1758932142
|switch|p1a: Slowking|Slowking-Galar, M|100/100
|-damage|p1a: Slowking|88/100|[from] Spikes
|move|p2a: Clefable|Moonblast|p1a: Slowking
|-resisted|p1a: Slowking
|-damage|p1a: Slowking|77/100
|-unboost|p1a: Slowking|spa|1
|
|upkeep
|turn|23
|
|t:|1758932147
|switch|p2a: Ting-Lu|Ting-Lu|100/100
|-ability|p2a: Ting-Lu|Vessel of Ruin
|move|p1a: Slowking|Sludge Bomb|p2a: Ting-Lu
|-resisted|p2a: Ting-Lu
|-damage|p2a: Ting-Lu|96/100
|-status|p2a: Ting-Lu|psn
|
|-heal|p2a: Ting-Lu|100/100 psn|[from] item: Leftovers
|-damage|p2a: Ting-Lu|88/100 psn|[from] psn
|upkeep
|turn|24
|-message|Havestol forfeited.
|
|win|catuhstrophic
|raw|catuhstrophic's rating: 1544 &rarr; <strong>1564</strong><br />(+20 for winning)
|raw|Havestol's rating: 1537 &rarr; <strong>1517</strong><br />(-20 for losing)
|l|☆Havestol
|player|p2|
|l|☆catuhstrophic
|player|p1|
