|j|☆zykke99
|j|☆thepetrey
|t:|1759011664
|gametype|singles
|player|p1|zykke99|2|1396
|player|p2|thepetrey|169|1348
|gen|9
|tier|[Gen 9] OU
|rated|
|rule|HP Percentage Mod: HP is shown in percentages
|rule|Endless Battle Clause: Forcing endless battles is banned
|rule|Species Clause: Limit one of each Pokémon
|rule|OHKO Clause: OHKO moves are banned
|rule|Evasion Items Clause: Evasion items are banned
|rule|Evasion Moves Clause: Evasion moves are banned
|rule|Evasion Abilities Clause: Evasion abilities are banned
|rule|Sleep Moves Clause: Sleep-inducing moves are banned
|clearpoke
|poke|p1|Ninetales-Alola, F|
|poke|p1|Cetitan, M|
|poke|p1|Kyurem|
|poke|p1|Sandslash-Alola, M|
|poke|p1|Moltres|
|poke|p1|Zamazenta-*|
|poke|p2|Dragonite, F|
|poke|p2|Scizor, M|
|poke|p2|Ogerpon-Wellspring, F|
|poke|p2|Iron Treads|
|poke|p2|Iron Valiant|
|poke|p2|Pecharunt|
|teampreview
|inactive|Battle timer is ON: inactive players will automatically lose when time's up. (requested by zykke99)
|
|t:|1759011683
|teamsize|p1|6
|teamsize|p2|6
|start
|switch|p1a: Ninetales|Ninetales-Alola, F|100/100
|switch|p2a: Scizor|Scizor, M|100/100
|-weather|Snowscape|[from] ability: Snow Warning|[of] p1a: Ninetales
|turn|1
|
|t:|1759011691
|switch|p1a: Moltres|Moltres|100/100
|move|p2a: Scizor|Bullet Punch|p1a: Moltres
|-resisted|p1a: Moltres
|-damage|p1a: Moltres|80/100
|
|-weather|Snowscape|[upkeep]
|upkeep
|turn|2
|
|t:|1759011700
|switch|p2a: Pecharunt|Pecharunt|100/100
|-item|p2a: Pecharunt|Air Balloon
|move|p1a: Moltres|Flamethrower|p2a: Pecharunt
|-damage|p2a: Pecharunt|53/100
|-enditem|p2a: Pecharunt|Air Balloon
|
|-weather|Snowscape|[upkeep]
|upkeep
|turn|3
|
|t:|1759011710
|move|p1a: Moltres|U-turn|p2a: Pecharunt
|-resisted|p2a: Pecharunt
|-damage|p2a: Pecharunt|52/100
|
|t:|1759011713
|switch|p1a: OneInAMilion|Sandslash-Alola, M|100/100|[from] U-turn
|move|p2a: Pecharunt|Parting Shot|p1a: OneInAMilion
|-unboost|p1a: OneInAMilion|atk|1
|-unboost|p1a: OneInAMilion|spa|1
|
|t:|1759011730
|switch|p2a: Iron Treads|Iron Treads|100/100|[from] Parting Shot
|-item|p2a: Iron Treads|Air Balloon
|
|-weather|Snowscape|[upkeep]
|upkeep
|turn|4
|
|t:|1759011744
|switch|p1a: Moltres|Moltres|80/100
|move|p2a: Iron Treads|Earth Power|p1a: Moltres
|-immune|p1a: Moltres
|
|-weather|Snowscape|[upkeep]
|upkeep
|turn|5
|
|t:|1759011752
|-end|p2a: Iron Treads|Quark Drive|[silent]
|switch|p2a: Ogerpon|Ogerpon-Wellspring, F|100/100
|move|p1a: Moltres|Flamethrower|p2a: Ogerpon
|-crit|p2a: Ogerpon
|-damage|p2a: Ogerpon|19/100
|-status|p2a: Ogerpon|brn
|
|-weather|Snowscape|[upkeep]
|-damage|p2a: Ogerpon|13/100 brn|[from] brn
|upkeep
|turn|6
|
|t:|1759011762
|switch|p1a: ColdVision|Kyurem|100/100
|-ability|p1a: ColdVision|Pressure
|move|p2a: Ogerpon|Ivy Cudgel|p1a: ColdVision|[anim] Ivy Cudgel Water
|-resisted|p1a: ColdVision
|-damage|p1a: ColdVision|91/100
|
|-weather|Snowscape|[upkeep]
|-damage|p2a: Ogerpon|7/100 brn|[from] brn
|upkeep
|turn|7
|inactive|thepetrey has 120 seconds left.
|
|t:|1759011802
|switch|p2a: Scizor|Scizor, M|100/100
|move|p1a: ColdVision|Blizzard|p2a: Scizor
|-resisted|p2a: Scizor
|-damage|p2a: Scizor|49/100
|
|-weather|Snowscape|[upkeep]
|-heal|p2a: Scizor|55/100|[from] item: Leftovers
|upkeep
|turn|8
|
|t:|1759011814
|switch|p1a: Moltres|Moltres|80/100
|move|p2a: Scizor|Knock Off|p1a: Moltres
|-damage|p1a: Moltres|34/100
|-enditem|p1a: Moltres|Heavy-Duty Boots|[from] move: Knock Off|[of] p2a: Scizor
|
|-weather|none
|-heal|p2a: Scizor|61/100|[from] item: Leftovers
|upkeep
|turn|9
|
|t:|1759011822
|switch|p2a: Iron Valiant|Iron Valiant|100/100
|-enditem|p2a: Iron Valiant|Booster Energy
|-activate|p2a: Iron Valiant|ability: Quark Drive|[fromitem]
|-start|p2a: Iron Valiant|quarkdrivespe
|move|p1a: Moltres|Roost|p1a: Moltres
|-heal|p1a: Moltres|85/100
|-singleturn|p1a: Moltres|move: Roost
|
|upkeep
|turn|10
|
|t:|1759011830
|move|p2a: Iron Valiant|Calm Mind|p2a: Iron Valiant
|-boost|p2a: Iron Valiant|spa|1
|-boost|p2a: Iron Valiant|spd|1
|move|p1a: Moltres|U-turn|p2a: Iron Valiant
|-resisted|p2a: Iron Valiant
|-damage|p2a: Iron Valiant|96/100
|
|t:|1759011839
|switch|p1a: Ninetales|Ninetales-Alola, F|100/100|[from] U-turn
|-weather|Snowscape|[from] ability: Snow Warning|[of] p1a: Ninetales
|
|-weather|Snowscape|[upkeep]
|upkeep
|turn|11
|
|t:|1759011846
|move|p2a: Iron Valiant|Moonblast|p1a: Ninetales
|-damage|p1a: Ninetales|14/100
|move|p1a: Ninetales|Aurora Veil|p1a: Ninetales
|-sidestart|p1: zykke99|move: Aurora Veil
|
|-weather|Snowscape|[upkeep]
|upkeep
|turn|12
|
|t:|1759011850
|switch|p1a: OneInAMilion|Sandslash-Alola, M|100/100
|move|p2a: Iron Valiant|Moonblast|p1a: OneInAMilion
|-resisted|p1a: OneInAMilion
|-crit|p1a: OneInAMilion
|-damage|p1a: OneInAMilion|18/100
|-unboost|p1a: OneInAMilion|spa|1
|
|-weather|Snowscape|[upkeep]
|upkeep
|turn|13
|
|t:|1759011856
|move|p2a: Iron Valiant|Moonblast|p1a: OneInAMilion
|-resisted|p1a: OneInAMilion
|-damage|p1a: OneInAMilion|0 fnt
|faint|p1a: OneInAMilion
|
|-weather|Snowscape|[upkeep]
|upkeep
|
|t:|1759011860
|switch|p1a: Cetitan|Cetitan, M|100/100
|turn|14
|
|t:|1759011869
|-terastallize|p1a: Cetitan|Water
|move|p2a: Iron Valiant|Moonblast|p1a: Cetitan
|-damage|p1a: Cetitan|61/100
|move|p1a: Cetitan|Belly Drum|p1a: Cetitan
|-damage|p1a: Cetitan|11/100
|-setboost|p1a: Cetitan|atk|6|[from] move: Belly Drum
|-enditem|p1a: Cetitan|Sitrus Berry|[eat]
|-heal|p1a: Cetitan|36/100|[from] item: Sitrus Berry
|
|-weather|Snowscape|[upkeep]
|upkeep
|turn|15
|
|t:|1759011881
|-terastallize|p2a: Iron Valiant|Steel
|move|p1a: Cetitan|Ice Shard|p2a: Iron Valiant
|-resisted|p2a: Iron Valiant
|-damage|p2a: Iron Valiant|51/100
|move|p2a: Iron Valiant|Encore|p1a: Cetitan
|-start|p1a: Cetitan|Encore
|
|-weather|Snowscape|[upkeep]
|-sideend|p1: zykke99|move: Aurora Veil
|upkeep
|turn|16
|
|t:|1759011888
|move|p1a: Cetitan|Ice Shard|p2a: Iron Valiant
|-resisted|p2a: Iron Valiant
|-damage|p2a: Iron Valiant|0 fnt
|faint|p2a: Iron Valiant
|-end|p2a: Iron Valiant|Quark Drive|[silent]
|
|-weather|Snowscape|[upkeep]
|upkeep
|
|t:|1759011890
|switch|p2a: Scizor|Scizor, M|61/100
|turn|17
|
|t:|1759011894
|move|p1a: Cetitan|Ice Shard|p2a: Scizor
|-resisted|p2a: Scizor
|-damage|p2a: Scizor|21/100
|move|p2a: Scizor|U-turn|p1a: Cetitan
|-damage|p1a: Cetitan|0 fnt
|faint|p1a: Cetitan
|
|t:|1759011907
|switch|p2a: Pecharunt|Pecharunt|52/100|[from] U-turn
|
|-weather|none
|upkeep
|
|t:|1759011915
|switch|p1a: ColdVision|Kyurem|91/100
|-ability|p1a: ColdVision|Pressure
|turn|18
|inactive|thepetrey has 120 seconds left.
|
|t:|1759011952
|switch|p2a: Ogerpon|Ogerpon-Wellspring, F|7/100 brn
|move|p1a: ColdVision|Earth Power|p2a: Ogerpon
|-resisted|p2a: Ogerpon
|-damage|p2a: Ogerpon|0 fnt
|faint|p2a: Ogerpon
|
|upkeep
|
|t:|1759011958
|switch|p2a: Iron Treads|Iron Treads|100/100
|-item|p2a: Iron Treads|Air Balloon
|turn|19
|
|t:|1759011967
|switch|p1a: Ninetales|Ninetales-Alola, F|14/100
|-weather|Snowscape|[from] ability: Snow Warning|[of] p1a: Ninetales
|move|p2a: Iron Treads|Stealth Rock|p1a: Ninetales
|-sidestart|p1: zykke99|move: Stealth Rock
|
|-weather|Snowscape|[upkeep]
|upkeep
|turn|20
|
|t:|1759011975
|move|p1a: Ninetales|Blizzard|p2a: Iron Treads
|-damage|p2a: Iron Treads|64/100
|-enditem|p2a: Iron Treads|Air Balloon
|move|p2a: Iron Treads|Rapid Spin|p1a: Ninetales
|-damage|p1a: Ninetales|1/100
|-boost|p2a: Iron Treads|spe|1
|
|-weather|Snowscape|[upkeep]
|upkeep
|turn|21
|
|t:|1759011984
|move|p2a: Iron Treads|Rapid Spin|p1a: Ninetales
|-damage|p1a: Ninetales|0 fnt
|-boost|p2a: Iron Treads|spe|1
|faint|p1a: Ninetales
|
|-weather|Snowscape|[upkeep]
|upkeep
|
|t:|1759011986
|switch|p1a: Moltres|Moltres|85/100
|-damage|p1a: Moltres|35/100|[from] Stealth Rock
|turn|22
|
|t:|1759011994
|move|p2a: Iron Treads|Earth Power|p1a: Moltres
|-immune|p1a: Moltres
|move|p1a: Moltres|Roost|p1a: Moltres
|-heal|p1a: Moltres|85/100
|-singleturn|p1a: Moltres|move: Roost
|
|-weather|Snowscape|[upkeep]
|upkeep
|turn|23
|-message|thepetrey forfeited.
|
|win|zykke99
|raw|zykke99's rating: 1396 &rarr; <strong>1413</strong><br />(+17 for winning)
|raw|thepetrey's rating: 1348 &rarr; <strong>1331</strong><br />(-17 for losing)
|l|☆thepetrey
|player|p2|
|l|☆zykke99
|player|p1|
