|j|☆zarkguy
|j|☆k7eenex
|t:|1758947016
|gametype|singles
|player|p1|zarkguy|acetrainer-gen6|
|player|p2|k7eenex|clay|
|gen|9
|tier|[Gen 9] OU
|rule|HP Percentage Mod: HP is shown in percentages
|rule|Endless Battle Clause: Forcing endless battles is banned
|rule|Species Clause: Limit one of each Pokémon
|rule|OHKO Clause: OHKO moves are banned
|rule|Evasion Items Clause: Evasion items are banned
|rule|Evasion Moves Clause: Evasion moves are banned
|rule|Evasion Abilities Clause: Evasion abilities are banned
|rule|Sleep Moves Clause: Sleep-inducing moves are banned
|clearpoke
|poke|p1|Tyranitar, F|
|poke|p1|Excadrill, M|
|poke|p1|Grimmsnarl, M|
|poke|p1|Great Tusk|
|poke|p1|Mandibuzz, F|
|poke|p1|Kingambit, M|
|poke|p2|Weezing-Galar, M|
|poke|p2|Sinistcha|
|poke|p2|Okidogi, M|
|poke|p2|Blissey, F|
|poke|p2|Overqwil, F|
|poke|p2|Skeledirge, F|
|teampreview
|inactive|Battle timer is ON: inactive players will automatically lose when time's up. (requested by zarkguy)
|c|☆k7eenex|glhf
|c|☆zarkguy|you too
|inactive|zarkguy has 270 seconds left.
|
|t:|1758947057
|teamsize|p1|6
|teamsize|p2|6
|start
|switch|p1a: Great Tusk|Great Tusk|100/100
|switch|p2a: Okidogi|Okidogi, M|100/100
|turn|1
|
|t:|1758947068
|switch|p2a: Weezing|Weezing-Galar, M|100/100
|move|p1a: Great Tusk|Stealth Rock|p2a: Weezing
|-sidestart|p2: k7eenex|move: Stealth Rock
|
|upkeep
|turn|2
|
|t:|1758947088
|-end|p1a: Great Tusk|Protosynthesis|[silent]
|switch|p1a: Tyranitar|Tyranitar, F|100/100
|-weather|Sandstorm|[from] ability: Sand Stream|[of] p1a: Tyranitar
|move|p2a: Weezing|Defog|p1a: Tyranitar
|-unboost|p1a: Tyranitar|evasion|1
|-sideend|p2: k7eenex|Stealth Rock|[from] move: Defog|[of] p2a: Weezing
|
|-weather|Sandstorm|[upkeep]
|-damage|p2a: Weezing|95/100|[from] Sandstorm
|-heal|p2a: Weezing|100/100|[from] item: Leftovers
|upkeep
|turn|3
|
|t:|1758947104
|move|p1a: Tyranitar|Knock Off|p2a: Weezing
|-resisted|p2a: Weezing
|-damage|p2a: Weezing|87/100
|-enditem|p2a: Weezing|Leftovers|[from] move: Knock Off|[of] p1a: Tyranitar
|move|p2a: Weezing|Toxic Spikes|p1a: Tyranitar
|-sidestart|p1: zarkguy|move: Toxic Spikes
|
|-weather|Sandstorm|[upkeep]
|-damage|p2a: Weezing|81/100|[from] Sandstorm
|upkeep
|turn|4
|
|t:|1758947126
|switch|p1a: Kingambit|Kingambit, M|100/100
|move|p2a: Weezing|Strange Steam|p1a: Kingambit
|-damage|p1a: Kingambit|71/100
|
|-weather|Sandstorm|[upkeep]
|-damage|p2a: Weezing|75/100|[from] Sandstorm
|-heal|p1a: Kingambit|77/100|[from] item: Leftovers
|upkeep
|turn|5
|inactive|zarkguy has 270 seconds left.
|
|t:|1758947145
|switch|p2a: Okidogi|Okidogi, M|100/100
|move|p1a: Kingambit|Swords Dance|p1a: Kingambit
|-boost|p1a: Kingambit|atk|2
|
|-weather|Sandstorm|[upkeep]
|-damage|p2a: Okidogi|94/100|[from] Sandstorm
|-heal|p1a: Kingambit|83/100|[from] item: Leftovers
|upkeep
|turn|6
|inactive|zarkguy has 270 seconds left.
|
|t:|1758947167
|-terastallize|p1a: Kingambit|Ghost
|move|p2a: Okidogi|Drain Punch|p1a: Kingambit
|-immune|p1a: Kingambit
|move|p1a: Kingambit|Iron Head|p2a: Okidogi
|-damage|p2a: Okidogi|24/100
|
|-weather|Sandstorm|[upkeep]
|-damage|p2a: Okidogi|18/100|[from] Sandstorm
|-damage|p1a: Kingambit|77/100|[from] Sandstorm
|-heal|p1a: Kingambit|83/100|[from] item: Leftovers
|upkeep
|turn|7
|inactive|zarkguy has 270 seconds left.
|inactive|k7eenex has 270 seconds left.
|c|☆zarkguy|test
|
|t:|1758947213
|switch|p2a: Overqwil|Overqwil, F|100/100
|-ability|p2a: Overqwil|Intimidate|boost
|-unboost|p1a: Kingambit|atk|1
|move|p1a: Kingambit|Kowtow Cleave|p2a: Overqwil
|-resisted|p2a: Overqwil
|-damage|p2a: Overqwil|77/100
|
|-weather|Sandstorm|[upkeep]
|-damage|p2a: Overqwil|70/100|[from] Sandstorm
|-damage|p1a: Kingambit|77/100|[from] Sandstorm
|-heal|p2a: Overqwil|77/100|[from] item: Leftovers
|-heal|p1a: Kingambit|83/100|[from] item: Leftovers
|upkeep
|turn|8
|inactive|zarkguy has 270 seconds left.
|c|☆zarkguy|ok thought my network was tweaking
|
|t:|1758947226
|move|p2a: Overqwil|Crunch|p1a: Kingambit
|-supereffective|p1a: Kingambit
|-damage|p1a: Kingambit|34/100
|move|p1a: Kingambit|Iron Head|p2a: Overqwil
|-damage|p2a: Overqwil|27/100
|
|-weather|Sandstorm|[upkeep]
|-damage|p2a: Overqwil|20/100|[from] Sandstorm
|-damage|p1a: Kingambit|28/100|[from] Sandstorm
|-heal|p2a: Overqwil|27/100|[from] item: Leftovers
|-heal|p1a: Kingambit|34/100|[from] item: Leftovers
|upkeep
|turn|9
|inactive|zarkguy has 270 seconds left.
|
|t:|1758947237
|move|p1a: Kingambit|Sucker Punch|p2a: Overqwil
|-resisted|p2a: Overqwil
|-crit|p2a: Overqwil
|-damage|p2a: Overqwil|0 fnt
|faint|p2a: Overqwil
|
|-weather|none
|-heal|p1a: Kingambit|40/100|[from] item: Leftovers
|upkeep
|c|☆k7eenex|damn crit
|inactive|k7eenex has 240 seconds left.
|
|t:|1758947275
|switch|p2a: Skeledirge|Skeledirge, F|100/100
|turn|10
|inactive|k7eenex has 240 seconds left.
|inactive|zarkguy has 270 seconds left.
|
|t:|1758947306
|-end|p1a: Kingambit|fallenundefined|[silent]
|switch|p1a: Tyranitar|Tyranitar, F|100/100
|-status|p1a: Tyranitar|psn
|-weather|Sandstorm|[from] ability: Sand Stream|[of] p1a: Tyranitar
|-terastallize|p2a: Skeledirge|Dark
|move|p2a: Skeledirge|Will-O-Wisp||[still]
|-fail|p2a: Skeledirge
|
|-weather|Sandstorm|[upkeep]
|-damage|p2a: Skeledirge|94/100|[from] Sandstorm
|-damage|p1a: Tyranitar|88/100 psn|[from] psn
|upkeep
|turn|11
|inactive|zarkguy has 270 seconds left.
|
|t:|1758947328
|switch|p2a: Blissey|Blissey, F|100/100
|switch|p1a: Mandibuzz|Mandibuzz, F|100/100
|
|-weather|Sandstorm|[upkeep]
|-damage|p2a: Blissey|94/100|[from] Sandstorm
|upkeep
|turn|12
|
|t:|1758947339
|move|p1a: Mandibuzz|Defog|p2a: Blissey
|-unboost|p2a: Blissey|evasion|1
|-sideend|p1: zarkguy|Toxic Spikes|[from] move: Defog|[of] p1a: Mandibuzz
|move|p2a: Blissey|Seismic Toss|p1a: Mandibuzz
|-damage|p1a: Mandibuzz|77/100
|
|-weather|Sandstorm|[upkeep]
|-damage|p2a: Blissey|88/100|[from] Sandstorm
|upkeep
|turn|13
|
|t:|1758947347
|move|p1a: Mandibuzz|U-turn|p2a: Blissey
|-damage|p2a: Blissey|77/100
|
|t:|1758947350
|switch|p1a: Kingambit|Kingambit, M, tera:Ghost|40/100|[from] U-turn
|move|p2a: Blissey|Stealth Rock|p1a: Kingambit
|-sidestart|p1: zarkguy|move: Stealth Rock
|
|-weather|Sandstorm|[upkeep]
|-damage|p1a: Kingambit|34/100|[from] Sandstorm
|-damage|p2a: Blissey|71/100|[from] Sandstorm
|-heal|p1a: Kingambit|40/100|[from] item: Leftovers
|upkeep
|turn|14
|inactive|zarkguy has 270 seconds left.
|inactive|k7eenex has 210 seconds left.
|
|t:|1758947382
|move|p1a: Kingambit|Iron Head|p2a: Blissey
|-damage|p2a: Blissey|20/100
|move|p2a: Blissey|Seismic Toss|p1a: Kingambit
|-immune|p1a: Kingambit
|
|-weather|Sandstorm|[upkeep]
|-damage|p1a: Kingambit|34/100|[from] Sandstorm
|-damage|p2a: Blissey|14/100|[from] Sandstorm
|-heal|p1a: Kingambit|40/100|[from] item: Leftovers
|upkeep
|turn|15
|inactive|zarkguy has 270 seconds left.
|
|t:|1758947394
|move|p1a: Kingambit|Iron Head|p2a: Blissey
|-crit|p2a: Blissey
|-damage|p2a: Blissey|0 fnt
|faint|p2a: Blissey
|
|-weather|Sandstorm|[upkeep]
|-damage|p1a: Kingambit|34/100|[from] Sandstorm
|-heal|p1a: Kingambit|40/100|[from] item: Leftovers
|upkeep
|
|t:|1758947405
|switch|p2a: Skeledirge|Skeledirge, F, tera:Dark|94/100
|turn|16
|
|t:|1758947420
|move|p2a: Skeledirge|Torch Song|p1a: Kingambit
|-damage|p1a: Kingambit|7/100
|-boost|p2a: Skeledirge|spa|1
|move|p1a: Kingambit|Iron Head|p2a: Skeledirge
|-damage|p2a: Skeledirge|62/100
|
|-weather|Sandstorm|[upkeep]
|-damage|p2a: Skeledirge|56/100|[from] Sandstorm
|-damage|p1a: Kingambit|1/100|[from] Sandstorm
|-heal|p1a: Kingambit|7/100|[from] item: Leftovers
|upkeep
|turn|17
|
|t:|1758947430
|move|p1a: Kingambit|Sucker Punch||[still]
|-fail|p1a: Kingambit
|move|p2a: Skeledirge|Slack Off|p2a: Skeledirge
|-heal|p2a: Skeledirge|100/100
|
|-weather|none
|-heal|p1a: Kingambit|13/100|[from] item: Leftovers
|upkeep
|turn|18
|
|t:|1758947440
|move|p2a: Skeledirge|Will-O-Wisp|p1a: Kingambit
|-status|p1a: Kingambit|brn
|move|p1a: Kingambit|Iron Head|p2a: Skeledirge
|-damage|p2a: Skeledirge|84/100
|
|-heal|p1a: Kingambit|19/100 brn|[from] item: Leftovers
|-damage|p1a: Kingambit|13/100 brn|[from] brn
|upkeep
|turn|19
|
|t:|1758947450
|-end|p1a: Kingambit|fallenundefined|[silent]
|switch|p1a: Mandibuzz|Mandibuzz, F|77/100
|move|p2a: Skeledirge|Torch Song|p1a: Mandibuzz
|-damage|p1a: Mandibuzz|40/100
|-boost|p2a: Skeledirge|spa|1
|
|upkeep
|turn|20
|
|t:|1758947461
|switch|p1a: Tyranitar|Tyranitar, F|88/100 psn
|-damage|p1a: Tyranitar|76/100 psn|[from] Stealth Rock
|-weather|Sandstorm|[from] ability: Sand Stream|[of] p1a: Tyranitar
|move|p2a: Skeledirge|Torch Song|p1a: Tyranitar
|-resisted|p1a: Tyranitar
|-damage|p1a: Tyranitar|59/100 psn
|-boost|p2a: Skeledirge|spa|1
|
|-weather|Sandstorm|[upkeep]
|-damage|p2a: Skeledirge|78/100|[from] Sandstorm
|-damage|p1a: Tyranitar|47/100 psn|[from] psn
|upkeep
|turn|21
|inactive|k7eenex has 240 seconds left.
|inactive|k7eenex has 210 seconds left.
|
|t:|1758947523
|move|p2a: Skeledirge|Torch Song|p1a: Tyranitar
|-resisted|p1a: Tyranitar
|-damage|p1a: Tyranitar|26/100 psn
|-boost|p2a: Skeledirge|spa|1
|move|p1a: Tyranitar|Body Press|p2a: Skeledirge
|-supereffective|p2a: Skeledirge
|-damage|p2a: Skeledirge|43/100
|
|-weather|Sandstorm|[upkeep]
|-damage|p2a: Skeledirge|37/100|[from] Sandstorm
|-damage|p1a: Tyranitar|14/100 psn|[from] psn
|upkeep
|turn|22
|
|t:|1758947537
|move|p2a: Skeledirge|Slack Off|p2a: Skeledirge
|-heal|p2a: Skeledirge|87/100
|move|p1a: Tyranitar|Knock Off|p2a: Skeledirge
|-resisted|p2a: Skeledirge
|-damage|p2a: Skeledirge|74/100
|-enditem|p2a: Skeledirge|Heavy-Duty Boots|[from] move: Knock Off|[of] p1a: Tyranitar
|
|-weather|Sandstorm|[upkeep]
|-damage|p2a: Skeledirge|68/100|[from] Sandstorm
|-damage|p1a: Tyranitar|1/100 psn|[from] psn
|upkeep
|turn|23
|
|t:|1758947547
|move|p2a: Skeledirge|Slack Off|p2a: Skeledirge
|-heal|p2a: Skeledirge|100/100
|move|p1a: Tyranitar|Body Press|p2a: Skeledirge
|-supereffective|p2a: Skeledirge
|-damage|p2a: Skeledirge|65/100
|
|-weather|Sandstorm|[upkeep]
|-damage|p2a: Skeledirge|59/100|[from] Sandstorm
|-damage|p1a: Tyranitar|0 fnt|[from] psn
|faint|p1a: Tyranitar
|upkeep
|
|t:|1758947553
|switch|p1a: Excadrill|Excadrill, M|100/100
|-damage|p1a: Excadrill|97/100|[from] Stealth Rock
|turn|24
|inactive|k7eenex has 180 seconds left.
|c|☆zarkguy|test
|inactive|k7eenex has 150 seconds left.
|c|☆k7eenex|im still here
|c|☆k7eenex|dw
|c|☆zarkguy|im worried ab me lol
|c|☆zarkguy|i often disconnect a tthis time
|c|☆k7eenex|ah
|inactive|k7eenex has 120 seconds left.
|c|☆k7eenex|turn off timer just in case?
|inactiveoff|Battle timer is now OFF.
|
|t:|1758947662
|switch|p2a: Sinistcha|Sinistcha|100/100
|move|p1a: Excadrill|Brick Break|p2a: Sinistcha
|-immune|p2a: Sinistcha
|
|-weather|Sandstorm|[upkeep]
|-damage|p2a: Sinistcha|94/100|[from] Sandstorm
|-heal|p2a: Sinistcha|100/100|[from] item: Leftovers
|upkeep
|turn|25
|
|t:|1758947676
|move|p1a: Excadrill|Throat Chop|p2a: Sinistcha
|-supereffective|p2a: Sinistcha
|-damage|p2a: Sinistcha|40/100
|-start|p2a: Sinistcha|Throat Chop|[silent]
|-damage|p1a: Excadrill|87/100|[from] item: Life Orb
|move|p2a: Sinistcha|Matcha Gotcha|p1a: Excadrill
|-damage|p1a: Excadrill|44/100
|-heal|p2a: Sinistcha|62/100|[from] drain|[of] p1a: Excadrill
|
|-weather|Sandstorm|[upkeep]
|-damage|p2a: Sinistcha|56/100|[from] Sandstorm
|-heal|p2a: Sinistcha|62/100|[from] item: Leftovers
|upkeep
|turn|26
|
|t:|1758947703
|move|p1a: Excadrill|Throat Chop|p2a: Sinistcha
|-supereffective|p2a: Sinistcha
|-damage|p2a: Sinistcha|5/100
|-damage|p1a: Excadrill|34/100|[from] item: Life Orb
|move|p2a: Sinistcha|Strength Sap|p1a: Excadrill
|-unboost|p1a: Excadrill|atk|1
|-heal|p2a: Sinistcha|100/100
|
|-weather|Sandstorm|[upkeep]
|-damage|p2a: Sinistcha|94/100|[from] Sandstorm
|-heal|p2a: Sinistcha|100/100|[from] item: Leftovers
|-end|p2a: Sinistcha|Throat Chop|[silent]
|upkeep
|turn|27
|
|t:|1758947717
|move|p1a: Excadrill|Swords Dance|p1a: Excadrill
|-boost|p1a: Excadrill|atk|2
|move|p2a: Sinistcha|Strength Sap|p1a: Excadrill
|-unboost|p1a: Excadrill|atk|1
|
|-weather|none
|upkeep
|turn|28
|
|t:|1758947724
|move|p1a: Excadrill|Throat Chop|p2a: Sinistcha
|-supereffective|p2a: Sinistcha
|-damage|p2a: Sinistcha|45/100
|-start|p2a: Sinistcha|Throat Chop|[silent]
|-damage|p1a: Excadrill|24/100|[from] item: Life Orb
|move|p2a: Sinistcha|Foul Play|p1a: Excadrill
|-damage|p1a: Excadrill|0 fnt
|faint|p1a: Excadrill
|
|-heal|p2a: Sinistcha|51/100|[from] item: Leftovers
|upkeep
|
|t:|1758947736
|switch|p1a: Grimmsnarl|Grimmsnarl, M|100/100
|-damage|p1a: Grimmsnarl|88/100|[from] Stealth Rock
|turn|29
|
|t:|1758947749
|switch|p2a: Weezing|Weezing-Galar, M|75/100
|move|p1a: Grimmsnarl|Light Screen|p1a: Grimmsnarl
|-sidestart|p1: zarkguy|move: Light Screen
|
|upkeep
|turn|30
|
|t:|1758947762
|move|p1a: Grimmsnarl|Reflect|p1a: Grimmsnarl
|-sidestart|p1: zarkguy|Reflect
|move|p2a: Weezing|Strange Steam|p1a: Grimmsnarl
|-supereffective|p1a: Grimmsnarl
|-damage|p1a: Grimmsnarl|66/100
|
|upkeep
|turn|31
|
|t:|1758947773
|move|p1a: Grimmsnarl|Parting Shot|p2a: Weezing
|-unboost|p2a: Weezing|atk|1
|-unboost|p2a: Weezing|spa|1
|
|t:|1758947776
|switch|p1a: Kingambit|Kingambit, M, tera:Ghost|13/100 brn|[from] Parting Shot
|-damage|p1a: Kingambit|1/100 brn|[from] Stealth Rock
|-activate|p1a: Kingambit|ability: Supreme Overlord
|-start|p1a: Kingambit|fallen2|[silent]
|move|p2a: Weezing|Toxic Spikes|p1a: Kingambit
|-sidestart|p1: zarkguy|move: Toxic Spikes
|
|-heal|p1a: Kingambit|7/100 brn|[from] item: Leftovers
|-damage|p1a: Kingambit|1/100 brn|[from] brn
|upkeep
|turn|32
|
|t:|1758947793
|switch|p2a: Skeledirge|Skeledirge, F, tera:Dark|59/100
|move|p1a: Kingambit|Iron Head|p2a: Skeledirge
|-damage|p2a: Skeledirge|42/100
|
|-heal|p1a: Kingambit|7/100 brn|[from] item: Leftovers
|-damage|p1a: Kingambit|1/100 brn|[from] brn
|upkeep
|turn|33
|
|t:|1758947801
|move|p2a: Skeledirge|Slack Off|p2a: Skeledirge
|-heal|p2a: Skeledirge|92/100
|move|p1a: Kingambit|Iron Head|p2a: Skeledirge
|-damage|p2a: Skeledirge|75/100
|
|-heal|p1a: Kingambit|7/100 brn|[from] item: Leftovers
|-damage|p1a: Kingambit|1/100 brn|[from] brn
|upkeep
|turn|34
|
|t:|1758947811
|-end|p1a: Kingambit|fallen2|[silent]
|switch|p1a: Grimmsnarl|Grimmsnarl, M|66/100
|-damage|p1a: Grimmsnarl|53/100|[from] Stealth Rock
|-status|p1a: Grimmsnarl|psn
|move|p2a: Skeledirge|Torch Song|p1a: Grimmsnarl
|-damage|p1a: Grimmsnarl|42/100 psn
|-boost|p2a: Skeledirge|spa|1
|
|-damage|p1a: Grimmsnarl|29/100 psn|[from] psn
|upkeep
|turn|35
|
|t:|1758947821
|switch|p2a: Weezing|Weezing-Galar, M|75/100
|move|p1a: Grimmsnarl|Parting Shot|p2a: Weezing
|-unboost|p2a: Weezing|atk|1
|-unboost|p2a: Weezing|spa|1
|
|t:|1758947827
|switch|p1a: Great Tusk|Great Tusk|100/100|[from] Parting Shot
|-damage|p1a: Great Tusk|98/100|[from] Stealth Rock
|-status|p1a: Great Tusk|psn
|
|-heal|p1a: Great Tusk|100/100 psn|[from] item: Leftovers
|-damage|p1a: Great Tusk|88/100 psn|[from] psn
|upkeep
|turn|36
|
|t:|1758947841
|move|p1a: Great Tusk|Stealth Rock|p2a: Weezing
|-sidestart|p2: k7eenex|move: Stealth Rock
|move|p2a: Weezing|Strange Steam|p1a: Great Tusk
|-supereffective|p1a: Great Tusk
|-damage|p1a: Great Tusk|62/100 psn
|-start|p1a: Great Tusk|confusion
|
|-heal|p1a: Great Tusk|68/100 psn|[from] item: Leftovers
|-damage|p1a: Great Tusk|56/100 psn|[from] psn
|-sideend|p1: zarkguy|move: Light Screen
|upkeep
|turn|37
|
|t:|1758947858
|-end|p1a: Great Tusk|Protosynthesis|[silent]
|switch|p1a: Kingambit|Kingambit, M, tera:Ghost|1/100 brn
|-damage|p1a: Kingambit|0 fnt|[from] Stealth Rock
|faint|p1a: Kingambit
|-end|p1a: Kingambit|fallen2|[silent]
|move|p2a: Weezing|Defog|p1: Kingambit|[notarget]
|-fail|p2a: Weezing
|
|-sideend|p1: zarkguy|Reflect
|upkeep
|
|t:|1758947867
|switch|p1a: Mandibuzz|Mandibuzz, F|40/100
|turn|38
|
|t:|1758947875
|move|p1a: Mandibuzz|Roost|p1a: Mandibuzz
|-heal|p1a: Mandibuzz|90/100
|-singleturn|p1a: Mandibuzz|move: Roost
|move|p2a: Weezing|Strange Steam|p1a: Mandibuzz
|-supereffective|p1a: Mandibuzz
|-damage|p1a: Mandibuzz|60/100
|
|upkeep
|turn|39
|
|t:|1758947883
|move|p1a: Mandibuzz|Roost|p1a: Mandibuzz
|-heal|p1a: Mandibuzz|100/100
|-singleturn|p1a: Mandibuzz|move: Roost
|move|p2a: Weezing|Defog|p1a: Mandibuzz
|-unboost|p1a: Mandibuzz|evasion|1
|-sideend|p1: zarkguy|Toxic Spikes|[from] move: Defog|[of] p2a: Weezing
|-sideend|p1: zarkguy|Stealth Rock|[from] move: Defog|[of] p2a: Weezing
|-sideend|p2: k7eenex|Stealth Rock|[from] move: Defog|[of] p2a: Weezing
|
|upkeep
|turn|40
|
|t:|1758947890
|move|p1a: Mandibuzz|U-turn|p2a: Weezing
|-resisted|p2a: Weezing
|-damage|p2a: Weezing|73/100
|
|t:|1758947896
|switch|p1a: Grimmsnarl|Grimmsnarl, M|29/100 psn|[from] U-turn
|move|p2a: Weezing|Strange Steam|p1a: Grimmsnarl
|-supereffective|p1a: Grimmsnarl
|-damage|p1a: Grimmsnarl|4/100 psn
|
|-damage|p1a: Grimmsnarl|0 fnt|[from] psn
|faint|p1a: Grimmsnarl
|upkeep
|
|t:|1758947899
|switch|p1a: Great Tusk|Great Tusk|56/100 psn
|turn|41
|
|t:|1758947909
|move|p1a: Great Tusk|Ice Spinner|p2a: Weezing
|-damage|p2a: Weezing|54/100
|move|p2a: Weezing|Strange Steam|p1a: Great Tusk
|-supereffective|p1a: Great Tusk
|-damage|p1a: Great Tusk|2/100 psn
|
|-heal|p1a: Great Tusk|8/100 psn|[from] item: Leftovers
|-damage|p1a: Great Tusk|0 fnt|[from] psn
|faint|p1a: Great Tusk
|-end|p1a: Great Tusk|Protosynthesis|[silent]
|upkeep
|
|t:|1758947914
|switch|p1a: Mandibuzz|Mandibuzz, F|100/100
|turn|42
|c|☆zarkguy|gg
|c|☆k7eenex|gg
|-message|zarkguy forfeited.
|
|win|k7eenex
