|raw|<div class="broadcast-blue"><strong>This battle is required to be public due to a player having a name starting with 'lt2'.</div>
|j|☆LT2 lulu
|j|☆LT121GU 300
|t:|1759050176
|gametype|singles
|player|p1|LT2 lulu|170|1718
|player|p2|LT121GU 300|ethan|1758
|gen|9
|tier|[Gen 9] OU
|rated|
|rule|HP Percentage Mod: HP is shown in percentages
|rule|Endless Battle Clause: Forcing endless battles is banned
|rule|Species Clause: Limit one of each Pokémon
|rule|OHKO Clause: OHKO moves are banned
|rule|Evasion Items Clause: Evasion items are banned
|rule|Evasion Moves Clause: Evasion moves are banned
|rule|Evasion Abilities Clause: Evasion abilities are banned
|rule|Sleep Moves Clause: Sleep-inducing moves are banned
|clearpoke
|poke|p1|Garganacl, M|
|poke|p1|Great Tusk|
|poke|p1|Corviknight, M|
|poke|p1|Hoopa-Unbound|
|poke|p1|Sinistcha|
|poke|p1|Weezing-Galar, M|
|poke|p2|Pelipper, F|
|poke|p2|Hatterene, F|
|poke|p2|Iron Treads|
|poke|p2|Toxicroak, F|
|poke|p2|Barraskewda, F|
|poke|p2|Zapdos|
|teampreview
|inactive|Battle timer is ON: inactive players will automatically lose when time's up. (requested by LT121GU 300)
|
|t:|1759050193
|teamsize|p1|6
|teamsize|p2|6
|start
|switch|p1a: Hoopa|Hoopa-Unbound|100/100
|switch|p2a: Zapdos|Zapdos|100/100
|turn|1
|
|t:|1759050201
|move|p2a: Zapdos|Volt Switch|p1a: Hoopa
|-damage|p1a: Hoopa|72/100
|
|t:|1759050207
|switch|p2a: Hatterene|Hatterene, F|100/100|[from] Volt Switch
|move|p1a: Hoopa|Drain Punch|p2a: Hatterene
|-resisted|p2a: Hatterene
|-damage|p2a: Hatterene|94/100
|-heal|p1a: Hoopa|75/100|[from] drain|[of] p2a: Hatterene
|-enditem|p2a: Hatterene|Eject Button
|
|t:|1759050211
|switch|p2a: Pelipper|Pelipper, F|100/100
|-weather|RainDance|[from] ability: Drizzle|[of] p2a: Pelipper
|
|-weather|RainDance|[upkeep]
|upkeep
|turn|2
|
|t:|1759050220
|move|p1a: Hoopa|Thunderbolt|p2a: Pelipper
|-supereffective|p2a: Pelipper
|-damage|p2a: Pelipper|0 fnt
|faint|p2a: Pelipper
|
|-weather|RainDance|[upkeep]
|upkeep
|c|☆LT121GU 300|nhbbc
|
|t:|1759050231
|switch|p2a: Barraskewda|Barraskewda, F|100/100
|turn|3
|
|t:|1759050242
|switch|p1a: Weezing|Weezing-Galar, M, shiny|100/100
|-ability|p1a: Weezing|Neutralizing Gas
|move|p2a: Barraskewda|Flip Turn|p1a: Weezing
|-damage|p1a: Weezing|48/100
|
|t:|1759050246
|switch|p2a: Zapdos|Zapdos|100/100|[from] Flip Turn
|
|-weather|RainDance|[upkeep]
|upkeep
|turn|4
|
|t:|1759050253
|-end|p1a: Weezing|ability: Neutralizing Gas
|switch|p1a: Garganacl|Garganacl, M, shiny|100/100
|move|p2a: Zapdos|Volt Switch|p1a: Garganacl
|-damage|p1a: Garganacl|62/100
|
|t:|1759050259
|switch|p2a: Barraskewda|Barraskewda, F|100/100|[from] Volt Switch
|
|-weather|RainDance|[upkeep]
|-heal|p1a: Garganacl|68/100|[from] item: Leftovers
|upkeep
|turn|5
|
|t:|1759050263
|move|p1a: Garganacl|Protect|p1a: Garganacl
|-singleturn|p1a: Garganacl|Protect
|move|p2a: Barraskewda|Flip Turn|p1a: Garganacl
|-activate|p1a: Garganacl|move: Protect
|
|-weather|RainDance|[upkeep]
|-heal|p1a: Garganacl|75/100|[from] item: Leftovers
|upkeep
|turn|6
|
|t:|1759050270
|-terastallize|p1a: Garganacl|Water
|move|p2a: Barraskewda|Flip Turn|p1a: Garganacl
|-resisted|p1a: Garganacl
|-damage|p1a: Garganacl|52/100
|
|t:|1759050278
|switch|p2a: Toxicroak|Toxicroak, F|100/100|[from] Flip Turn
|move|p1a: Garganacl|Recover|p1a: Garganacl
|-heal|p1a: Garganacl|100/100
|
|-weather|RainDance|[upkeep]
|upkeep
|turn|7
|j| cynasaurus
|
|t:|1759050287
|move|p2a: Toxicroak|Knock Off|p1a: Garganacl
|-damage|p1a: Garganacl|87/100
|-enditem|p1a: Garganacl|Leftovers|[from] move: Knock Off|[of] p2a: Toxicroak
|move|p1a: Garganacl|Salt Cure|p2a: Toxicroak
|-resisted|p2a: Toxicroak
|-damage|p2a: Toxicroak|94/100
|-start|p2a: Toxicroak|Salt Cure
|
|-weather|RainDance|[upkeep]
|-heal|p2a: Toxicroak|100/100|[from] ability: Dry Skin
|-damage|p2a: Toxicroak|88/100|[from] Salt Cure
|upkeep
|turn|8
|
|t:|1759050294
|switch|p2a: Hatterene|Hatterene, F|94/100
|move|p1a: Garganacl|Salt Cure|p2a: Hatterene
|-damage|p2a: Hatterene|81/100
|-start|p2a: Hatterene|Salt Cure
|
|-weather|none
|-damage|p2a: Hatterene|69/100|[from] Salt Cure
|upkeep
|turn|9
|
|t:|1759050301
|switch|p1a: Corviknight|Corviknight, M, shiny|100/100
|-ability|p1a: Corviknight|Pressure
|move|p2a: Hatterene|Draining Kiss|p1a: Corviknight
|-resisted|p1a: Corviknight
|-damage|p1a: Corviknight|93/100
|-heal|p2a: Hatterene|76/100|[from] drain|[of] p1a: Corviknight
|
|-damage|p2a: Hatterene|64/100|[from] Salt Cure
|upkeep
|turn|10
|
|t:|1759050313
|move|p2a: Hatterene|Nuzzle|p1a: Corviknight
|-supereffective|p1a: Corviknight
|-damage|p1a: Corviknight|86/100
|move|p1a: Corviknight|U-turn|p2a: Hatterene
|-damage|p2a: Hatterene|51/100
|c|☆LT121GU 300|wtf
|
|t:|1759050322
|switch|p1a: Hoopa|Hoopa-Unbound|75/100|[from] U-turn
|
|-damage|p2a: Hatterene|39/100|[from] Salt Cure
|upkeep
|turn|11
|c|☆LT121GU 300|lmao
|
|t:|1759050326
|switch|p1a: Corviknight|Corviknight, M, shiny|86/100
|-ability|p1a: Corviknight|Pressure
|move|p2a: Hatterene|Draining Kiss|p1a: Corviknight
|-resisted|p1a: Corviknight
|-damage|p1a: Corviknight|78/100
|-heal|p2a: Hatterene|46/100|[from] drain|[of] p1a: Corviknight
|
|-damage|p2a: Hatterene|34/100|[from] Salt Cure
|upkeep
|turn|12
|
|t:|1759050335
|switch|p2a: Toxicroak|Toxicroak, F|88/100
|move|p1a: Corviknight|U-turn|p2a: Toxicroak
|-resisted|p2a: Toxicroak
|-damage|p2a: Toxicroak|85/100
|-damage|p1a: Corviknight|61/100|[from] item: Rocky Helmet|[of] p2a: Toxicroak
|
|t:|1759050349
|switch|p1a: Weezing|Weezing-Galar, M, shiny|48/100|[from] U-turn
|-ability|p1a: Weezing|Neutralizing Gas
|
|upkeep
|turn|13
|
|t:|1759050356
|switch|p2a: Zapdos|Zapdos|100/100
|move|p1a: Weezing|Will-O-Wisp|p2a: Zapdos
|-status|p2a: Zapdos|brn
|
|-damage|p2a: Zapdos|94/100 brn|[from] brn
|upkeep
|turn|14
|
|t:|1759050366
|-end|p1a: Weezing|ability: Neutralizing Gas
|switch|p1a: Great Tusk|Great Tusk, shiny|100/100
|move|p2a: Zapdos|Hurricane|p1a: Great Tusk|[miss]
|-miss|p2a: Zapdos|p1a: Great Tusk
|
|-damage|p2a: Zapdos|88/100 brn|[from] brn
|upkeep
|turn|15
|c|☆LT121GU 300|bailed
|c|☆LT121GU 300|omg
|
|t:|1759050375
|-end|p1a: Great Tusk|Protosynthesis|[silent]
|switch|p1a: Corviknight|Corviknight, M, shiny|61/100
|-ability|p1a: Corviknight|Pressure
|move|p2a: Zapdos|Hurricane|p1a: Corviknight
|-resisted|p1a: Corviknight
|-damage|p1a: Corviknight|32/100
|
|-damage|p2a: Zapdos|82/100 brn|[from] brn
|upkeep
|turn|16
|
|t:|1759050384
|-terastallize|p2a: Zapdos|Flying
|move|p2a: Zapdos|Hurricane|p1a: Corviknight
|-resisted|p1a: Corviknight
|-damage|p1a: Corviknight|0 fnt
|faint|p1a: Corviknight
|
|-damage|p2a: Zapdos|76/100 brn|[from] brn
|upkeep
|
|t:|1759050391
|switch|p1a: Hoopa|Hoopa-Unbound|75/100
|turn|17
|
|t:|1759050400
|switch|p2a: Hatterene|Hatterene, F|34/100
|move|p1a: Hoopa|Psychic Noise|p2a: Hatterene
|-resisted|p2a: Hatterene
|-damage|p2a: Hatterene|8/100
|-start|p2a: Hatterene|move: Heal Block
|
|upkeep
|turn|18
|
|t:|1759050404
|move|p1a: Hoopa|Thunderbolt|p2a: Hatterene
|-damage|p2a: Hatterene|0 fnt
|faint|p2a: Hatterene
|
|upkeep
|
|t:|1759050406
|switch|p2a: Barraskewda|Barraskewda, F|100/100
|turn|19
|
|t:|1759050411
|switch|p1a: Weezing|Weezing-Galar, M, shiny|48/100
|-ability|p1a: Weezing|Neutralizing Gas
|move|p2a: Barraskewda|Flip Turn|p1a: Weezing
|-damage|p1a: Weezing|16/100
|
|t:|1759050422
|switch|p2a: Zapdos|Zapdos, tera:Flying|76/100 brn|[from] Flip Turn
|
|-damage|p2a: Zapdos|69/100 brn|[from] brn
|upkeep
|turn|20
|
|t:|1759050427
|move|p2a: Zapdos|Volt Switch|p1a: Weezing
|-damage|p1a: Weezing|0 fnt
|faint|p1a: Weezing
|-end|p1a: Weezing|ability: Neutralizing Gas
|
|t:|1759050435
|switch|p2a: Barraskewda|Barraskewda, F|100/100|[from] Volt Switch
|
|upkeep
|
|t:|1759050441
|switch|p1a: Garganacl|Garganacl, M, shiny, tera:Water|87/100
|turn|21
|
|t:|1759050445
|switch|p2a: Toxicroak|Toxicroak, F|85/100
|move|p1a: Garganacl|Salt Cure|p2a: Toxicroak
|-resisted|p2a: Toxicroak
|-damage|p2a: Toxicroak|78/100
|-start|p2a: Toxicroak|Salt Cure
|
|-damage|p2a: Toxicroak|66/100|[from] Salt Cure
|upkeep
|turn|22
|
|t:|1759050450
|move|p2a: Toxicroak|Drain Punch|p1a: Garganacl
|-damage|p1a: Garganacl|69/100
|-heal|p2a: Toxicroak|75/100|[from] drain|[of] p1a: Garganacl
|move|p1a: Garganacl|Stealth Rock|p2a: Toxicroak
|-sidestart|p2: LT121GU 300|move: Stealth Rock
|
|-damage|p2a: Toxicroak|63/100|[from] Salt Cure
|upkeep
|turn|23
|
|t:|1759050455
|move|p2a: Toxicroak|Encore|p1a: Garganacl
|-start|p1a: Garganacl|Encore
|move|p1a: Garganacl|Stealth Rock||[still]
|-fail|p1a: Garganacl
|
|-damage|p2a: Toxicroak|50/100|[from] Salt Cure
|upkeep
|turn|24
|
|t:|1759050461
|move|p2a: Toxicroak|Toxic|p1a: Garganacl
|-immune|p1a: Garganacl|[from] ability: Purifying Salt
|move|p1a: Garganacl|Stealth Rock||[still]
|-fail|p1a: Garganacl
|
|-damage|p2a: Toxicroak|38/100|[from] Salt Cure
|upkeep
|turn|25
|
|t:|1759050473
|switch|p1a: Sinistcha|Sinistcha, shiny|100/100
|move|p2a: Toxicroak|Drain Punch|p1a: Sinistcha
|-immune|p1a: Sinistcha
|
|-damage|p2a: Toxicroak|25/100|[from] Salt Cure
|upkeep
|turn|26
|
|t:|1759050479
|switch|p1a: Garganacl|Garganacl, M, shiny, tera:Water|69/100
|move|p2a: Toxicroak|Toxic|p1a: Garganacl
|-immune|p1a: Garganacl|[from] ability: Purifying Salt
|
|-damage|p2a: Toxicroak|13/100|[from] Salt Cure
|upkeep
|turn|27
|
|t:|1759050487
|switch|p2a: Iron Treads|Iron Treads|100/100
|-damage|p2a: Iron Treads|98/100|[from] Stealth Rock
|move|p1a: Garganacl|Recover|p1a: Garganacl
|-heal|p1a: Garganacl|100/100
|
|-heal|p2a: Iron Treads|100/100|[from] item: Leftovers
|upkeep
|turn|28
|
|t:|1759050492
|move|p2a: Iron Treads|Rapid Spin|p1a: Garganacl
|-damage|p1a: Garganacl|93/100
|-boost|p2a: Iron Treads|spe|1
|-sideend|p2: LT121GU 300|Stealth Rock|[from] move: Rapid Spin|[of] p2a: Iron Treads
|move|p1a: Garganacl|Salt Cure|p2a: Iron Treads
|-resisted|p2a: Iron Treads
|-damage|p2a: Iron Treads|98/100
|-start|p2a: Iron Treads|Salt Cure
|
|-heal|p2a: Iron Treads|100/100|[from] item: Leftovers
|-damage|p2a: Iron Treads|76/100|[from] Salt Cure
|upkeep
|turn|29
|
|t:|1759050497
|move|p2a: Iron Treads|Stealth Rock|p1a: Garganacl
|-sidestart|p1: LT2 lulu|move: Stealth Rock
|move|p1a: Garganacl|Salt Cure|p2a: Iron Treads
|-resisted|p2a: Iron Treads
|-damage|p2a: Iron Treads|73/100
|
|-heal|p2a: Iron Treads|79/100|[from] item: Leftovers
|-damage|p2a: Iron Treads|54/100|[from] Salt Cure
|upkeep
|turn|30
|
|t:|1759050501
|move|p2a: Iron Treads|Volt Switch|p1a: Garganacl
|-supereffective|p1a: Garganacl
|-damage|p1a: Garganacl|75/100
|
|t:|1759050504
|-end|p2a: Iron Treads|Quark Drive|[silent]
|switch|p2a: Toxicroak|Toxicroak, F|13/100|[from] Volt Switch
|move|p1a: Garganacl|Salt Cure|p2a: Toxicroak
|-resisted|p2a: Toxicroak
|-damage|p2a: Toxicroak|6/100
|-start|p2a: Toxicroak|Salt Cure
|
|-damage|p2a: Toxicroak|0 fnt|[from] Salt Cure
|faint|p2a: Toxicroak
|upkeep
|
|t:|1759050508
|switch|p2a: Zapdos|Zapdos, tera:Flying|69/100 brn
|turn|31
|
|t:|1759050513
|move|p1a: Garganacl|Protect|p1a: Garganacl
|-singleturn|p1a: Garganacl|Protect
|move|p2a: Zapdos|Hurricane|p1a: Garganacl
|-activate|p1a: Garganacl|move: Protect
|
|-damage|p2a: Zapdos|63/100 brn|[from] brn
|upkeep
|turn|32
|
|t:|1759050520
|move|p2a: Zapdos|Hurricane|p1a: Garganacl
|-damage|p1a: Garganacl|0 fnt
|faint|p1a: Garganacl
|
|-damage|p2a: Zapdos|57/100 brn|[from] brn
|upkeep
|
|t:|1759050524
|switch|p1a: Great Tusk|Great Tusk, shiny|100/100
|-damage|p1a: Great Tusk|98/100|[from] Stealth Rock
|turn|33
|
|t:|1759050528
|move|p1a: Great Tusk|Ice Spinner|p2a: Zapdos
|-supereffective|p2a: Zapdos
|-damage|p2a: Zapdos|0 fnt
|faint|p2a: Zapdos
|
|upkeep
|c|☆LT121GU 300|should be dead
|-message|LT121GU 300 forfeited.
|
|win|LT2 lulu
|raw|LT2 lulu's rating: 1718 &rarr; <strong>1740</strong><br />(+22 for winning)
|raw|LT121GU 300's rating: 1758 &rarr; <strong>1736</strong><br />(-22 for losing)
|l|☆LT121GU 300
|player|p2|
|l|☆LT2 lulu
|player|p1|
|l| cynasaurus
