|j|☆kyoujic
|j|☆fregene97
|t:|1759007360
|gametype|singles
|player|p1|kyoujic|169|1532
|player|p2|fregene97|cyclist-gen4|1498
|gen|9
|tier|[Gen 9] OU
|rated|
|rule|HP Percentage Mod: HP is shown in percentages
|rule|Endless Battle Clause: Forcing endless battles is banned
|rule|Species Clause: Limit one of each Pokémon
|rule|OHKO Clause: OHKO moves are banned
|rule|Evasion Items Clause: Evasion items are banned
|rule|Evasion Moves Clause: Evasion moves are banned
|rule|Evasion Abilities Clause: Evasion abilities are banned
|rule|Sleep Moves Clause: Sleep-inducing moves are banned
|clearpoke
|poke|p1|Glimmora, F|
|poke|p1|Ogerpon-Wellspring, F|
|poke|p1|Hatterene, F|
|poke|p1|Iron Moth|
|poke|p1|Dragonite, F|
|poke|p1|Kingambit, F|
|poke|p2|Barraskewda, F|
|poke|p2|Pelipper, M|
|poke|p2|Poliwrath, M|
|poke|p2|Iron Treads|
|poke|p2|Zapdos|
|poke|p2|Kingambit, F|
|teampreview
|inactive|Battle timer is ON: inactive players will automatically lose when time's up. (requested by kyoujic)
|
|t:|1759007369
|teamsize|p1|6
|teamsize|p2|6
|start
|switch|p1a: Glimmora|Glimmora, F|100/100
|switch|p2a: Iron Treads|Iron Treads|100/100
|turn|1
|
|t:|1759007373
|move|p2a: Iron Treads|Earthquake|p1a: Glimmora
|-supereffective|p1a: Glimmora
|-enditem|p1a: Glimmora|Focus Sash
|-damage|p1a: Glimmora|1/100
|-activate|p1a: Glimmora|ability: Toxic Debris
|-sidestart|p2: fregene97|move: Toxic Spikes
|move|p1a: Glimmora|Mud Shot|p2a: Iron Treads
|-supereffective|p2a: Iron Treads
|-damage|p2a: Iron Treads|37/100
|-unboost|p2a: Iron Treads|spe|1
|
|upkeep
|turn|2
|
|t:|1759007380
|move|p1a: Glimmora|Energy Ball|p2a: Iron Treads
|-damage|p2a: Iron Treads|0 fnt
|faint|p2a: Iron Treads
|-end|p2a: Iron Treads|Quark Drive|[silent]
|
|upkeep
|
|t:|1759007389
|switch|p2a: Pelipper|Pelipper, M|100/100
|-weather|RainDance|[from] ability: Drizzle|[of] p2a: Pelipper
|turn|3
|
|t:|1759007391
|move|p1a: Glimmora|Stealth Rock|p2a: Pelipper
|-sidestart|p2: fregene97|move: Stealth Rock
|move|p2a: Pelipper|U-turn|p1a: Glimmora
|-resisted|p1a: Glimmora
|-damage|p1a: Glimmora|0 fnt
|-activate|p1a: Glimmora|ability: Toxic Debris
|-sidestart|p2: fregene97|move: Toxic Spikes
|faint|p1a: Glimmora
|
|t:|1759007402
|switch|p2a: Zapdos|Zapdos|100/100|[from] U-turn
|
|-weather|RainDance|[upkeep]
|upkeep
|
|t:|1759007414
|switch|p1a: Ogerpon|Ogerpon-Wellspring, F|100/100
|turn|4
|
|t:|1759007432
|-terastallize|p1a: Ogerpon|Water
|detailschange|p1a: Ogerpon|Ogerpon-Wellspring-Tera, F, tera:Water
|-ability|p1a: Ogerpon|Embody Aspect (Wellspring)|boost
|-boost|p1a: Ogerpon|spd|1
|-terastallize|p2a: Zapdos|Grass
|move|p1a: Ogerpon|Ivy Cudgel|p2a: Zapdos|[anim] Ivy Cudgel Water
|-resisted|p2a: Zapdos
|-damage|p2a: Zapdos|31/100
|move|p2a: Zapdos|Thunder|p1a: Ogerpon
|-supereffective|p1a: Ogerpon
|-damage|p1a: Ogerpon|16/100
|
|-weather|RainDance|[upkeep]
|upkeep
|turn|5
|
|t:|1759007455
|switch|p2a: Poliwrath|Poliwrath, M|100/100
|-status|p2a: Poliwrath|tox
|-damage|p2a: Poliwrath|94/100 tox|[from] Stealth Rock
|move|p1a: Ogerpon|Ivy Cudgel|p2a: Poliwrath|[anim] Ivy Cudgel Water
|-resisted|p2a: Poliwrath
|-damage|p2a: Poliwrath|30/100 tox
|
|-weather|RainDance|[upkeep]
|-damage|p2a: Poliwrath|24/100 tox|[from] psn
|upkeep
|turn|6
|
|t:|1759007462
|switch|p1a: The Witch|Hatterene, F|100/100
|move|p2a: Poliwrath|Knock Off|p1a: The Witch
|-damage|p1a: The Witch|73/100
|-enditem|p1a: The Witch|Leftovers|[from] move: Knock Off|[of] p2a: Poliwrath
|-damage|p2a: Poliwrath|14/100 tox|[from] item: Life Orb
|
|-weather|RainDance|[upkeep]
|-damage|p2a: Poliwrath|1/100 tox|[from] psn
|upkeep
|turn|7
|
|t:|1759007466
|move|p2a: Poliwrath|Surf|p1a: The Witch
|-damage|p1a: The Witch|21/100
|-damage|p2a: Poliwrath|0 fnt|[from] item: Life Orb
|faint|p2a: Poliwrath
|move|p1a: The Witch|Draining Kiss|p2: Poliwrath|[notarget]
|-fail|p1a: The Witch
|
|-weather|RainDance|[upkeep]
|upkeep
|
|t:|1759007470
|switch|p2a: Barraskewda|Barraskewda, F|100/100
|-status|p2a: Barraskewda|tox
|-damage|p2a: Barraskewda|88/100 tox|[from] Stealth Rock
|turn|8
|
|t:|1759007472
|switch|p1a: Ogerpon|Ogerpon-Wellspring-Tera, F, tera:Water|16/100
|-ability|p1a: Ogerpon|Embody Aspect (Wellspring)|boost
|-boost|p1a: Ogerpon|spd|1
|move|p2a: Barraskewda|Flip Turn|p1a: Ogerpon
|-resisted|p1a: Ogerpon
|-damage|p1a: Ogerpon|0 fnt
|faint|p1a: Ogerpon
|detailschange|p1: Ogerpon|Ogerpon-Wellspring, F|[silent]
|
|t:|1759007479
|switch|p2a: Zapdos|Zapdos, tera:Grass|31/100|[from] Flip Turn
|
|-weather|RainDance|[upkeep]
|upkeep
|
|t:|1759007483
|switch|p1a: Iron Moth|Iron Moth|100/100
|-enditem|p1a: Iron Moth|Booster Energy
|-activate|p1a: Iron Moth|ability: Quark Drive|[fromitem]
|-start|p1a: Iron Moth|quarkdrivespe
|turn|9
|
|t:|1759007488
|move|p1a: Iron Moth|Fiery Dance|p2a: Zapdos
|-supereffective|p2a: Zapdos
|-damage|p2a: Zapdos|0 fnt
|faint|p2a: Zapdos
|
|-weather|RainDance|[upkeep]
|upkeep
|
|t:|1759007491
|switch|p2a: Barraskewda|Barraskewda, F|88/100 tox
|-damage|p2a: Barraskewda|76/100 tox|[from] Stealth Rock
|turn|10
|
|t:|1759007501
|-end|p1a: Iron Moth|Quark Drive|[silent]
|switch|p1a: The Witch|Hatterene, F|21/100
|move|p2a: Barraskewda|Liquidation|p1a: The Witch
|-damage|p1a: The Witch|0 fnt
|faint|p1a: The Witch
|
|-weather|none
|-damage|p2a: Barraskewda|70/100 tox|[from] psn
|upkeep
|
|t:|1759007502
|switch|p1a: Dragonite|Dragonite, F|100/100
|turn|11
|
|t:|1759007505
|switch|p2a: Pelipper|Pelipper, M|100/100
|-damage|p2a: Pelipper|76/100|[from] Stealth Rock
|-weather|RainDance|[from] ability: Drizzle|[of] p2a: Pelipper
|move|p1a: Dragonite|Dragon Dance|p1a: Dragonite
|-boost|p1a: Dragonite|atk|1
|-boost|p1a: Dragonite|spe|1
|
|-weather|RainDance|[upkeep]
|upkeep
|turn|12
|
|t:|1759007510
|move|p1a: Dragonite|Dragon Dance|p1a: Dragonite
|-boost|p1a: Dragonite|atk|1
|-boost|p1a: Dragonite|spe|1
|move|p2a: Pelipper|Ice Beam|p1a: Dragonite
|-supereffective|p1a: Dragonite
|-damage|p1a: Dragonite|55/100
|
|-weather|RainDance|[upkeep]
|upkeep
|turn|13
|
|t:|1759007513
|move|p1a: Dragonite|Ice Spinner|p2a: Pelipper
|-damage|p2a: Pelipper|26/100
|move|p2a: Pelipper|Ice Beam|p1a: Dragonite
|-supereffective|p1a: Dragonite
|-damage|p1a: Dragonite|0 fnt
|faint|p1a: Dragonite
|
|-weather|RainDance|[upkeep]
|upkeep
|
|t:|1759007517
|switch|p1a: Iron Moth|Iron Moth|100/100
|turn|14
|
|t:|1759007520
|move|p1a: Iron Moth|Sludge Wave|p2a: Pelipper
|-damage|p2a: Pelipper|0 fnt
|faint|p2a: Pelipper
|
|-weather|RainDance|[upkeep]
|upkeep
|
|t:|1759007523
|switch|p2a: Barraskewda|Barraskewda, F|70/100 tox
|-damage|p2a: Barraskewda|58/100 tox|[from] Stealth Rock
|turn|15
|
|t:|1759007526
|move|p2a: Barraskewda|Liquidation|p1a: Iron Moth
|-supereffective|p1a: Iron Moth
|-damage|p1a: Iron Moth|0 fnt
|faint|p1a: Iron Moth
|-end|p1a: Iron Moth|Quark Drive|[silent]
|
|-weather|RainDance|[upkeep]
|-damage|p2a: Barraskewda|52/100 tox|[from] psn
|upkeep
|
|t:|1759007528
|switch|p1a: Kingambit|Kingambit, F|100/100
|-activate|p1a: Kingambit|ability: Supreme Overlord
|-start|p1a: Kingambit|fallen5|[silent]
|turn|16
|
|t:|1759007530
|move|p2a: Barraskewda|Liquidation|p1a: Kingambit
|-damage|p1a: Kingambit|6/100
|-unboost|p1a: Kingambit|def|1
|move|p1a: Kingambit|Kowtow Cleave|p2a: Barraskewda
|-damage|p2a: Barraskewda|0 fnt
|faint|p2a: Barraskewda
|
|-weather|RainDance|[upkeep]
|upkeep
|
|t:|1759007533
|switch|p2a: Kingambit|Kingambit, F|100/100
|-damage|p2a: Kingambit|94/100|[from] Stealth Rock
|-activate|p2a: Kingambit|ability: Supreme Overlord
|-start|p2a: Kingambit|fallen5|[silent]
|turn|17
|
|t:|1759007535
|move|p2a: Kingambit|Low Kick|p1a: Kingambit
|-supereffective|p1a: Kingambit
|-damage|p1a: Kingambit|0 fnt
|faint|p1a: Kingambit
|-end|p1a: Kingambit|fallen5|[silent]
|
|win|fregene97
|raw|kyoujic's rating: 1532 &rarr; <strong>1510</strong><br />(-22 for losing)
|raw|fregene97's rating: 1498 &rarr; <strong>1520</strong><br />(+22 for winning)
|l|☆kyoujic
|player|p1|
|l|☆fregene97
|player|p2|
