|j|☆afnkm
|j|☆ii el bunneh ii
|t:|1759057565
|gametype|singles
|player|p1|afnkm|red|1464
|player|p2|ii el bunneh ii|170|1368
|gen|9
|tier|[Gen 9] OU
|rated|
|rule|HP Percentage Mod: HP is shown in percentages
|rule|Endless Battle Clause: Forcing endless battles is banned
|rule|Species Clause: Limit one of each Pokémon
|rule|OHKO Clause: OHKO moves are banned
|rule|Evasion Items Clause: Evasion items are banned
|rule|Evasion Moves Clause: Evasion moves are banned
|rule|Evasion Abilities Clause: Evasion abilities are banned
|rule|Sleep Moves Clause: Sleep-inducing moves are banned
|clearpoke
|poke|p1|Torkoal, F|
|poke|p1|Charizard, M|
|poke|p1|Hatterene, F|
|poke|p1|Great Tusk|
|poke|p1|Walking Wake|
|poke|p1|Lilligant-Hisui, F|
|poke|p2|Torkoal, M|
|poke|p2|Scovillain, F|
|poke|p2|Lilligant-Hisui, F|
|poke|p2|Raging Bolt|
|poke|p2|Slither Wing|
|poke|p2|Latias, F|
|teampreview
|
|t:|1759057594
|teamsize|p1|6
|teamsize|p2|6
|start
|switch|p1a: Great Tusk|Great Tusk|100/100
|switch|p2a: Slither Wing|Slither Wing|100/100
|turn|1
|
|t:|1759057602
|move|p1a: Great Tusk|Knock Off|p2a: Slither Wing
|-resisted|p2a: Slither Wing
|-damage|p2a: Slither Wing|79/100
|-enditem|p2a: Slither Wing|Choice Band|[from] move: Knock Off|[of] p1a: Great Tusk
|move|p2a: Slither Wing|Flame Charge|p1a: Great Tusk
|-damage|p1a: Great Tusk|87/100
|-boost|p2a: Slither Wing|spe|1
|
|upkeep
|turn|2
|
|t:|1759057613
|-end|p1a: Great Tusk|Protosynthesis|[silent]
|switch|p1a: Torkoal|Torkoal, F|100/100
|-weather|SunnyDay|[from] ability: Drought|[of] p1a: Torkoal
|-activate|p2a: Slither Wing|ability: Protosynthesis
|-start|p2a: Slither Wing|protosynthesisatk
|move|p2a: Slither Wing|Flame Charge|p1a: Torkoal
|-resisted|p1a: Torkoal
|-damage|p1a: Torkoal|89/100
|-boost|p2a: Slither Wing|spe|1
|
|-weather|SunnyDay|[upkeep]
|upkeep
|turn|3
|
|t:|1759057626
|-terastallize|p2a: Slither Wing|Fire
|move|p2a: Slither Wing|Flame Charge|p1a: Torkoal
|-resisted|p1a: Torkoal
|-damage|p1a: Torkoal|71/100
|-boost|p2a: Slither Wing|spe|1
|move|p1a: Torkoal|Will-O-Wisp|p2a: Slither Wing
|-immune|p2a: Slither Wing
|
|-weather|SunnyDay|[upkeep]
|upkeep
|turn|4
|
|t:|1759057635
|move|p2a: Slither Wing|Flame Charge|p1a: Torkoal
|-resisted|p1a: Torkoal
|-damage|p1a: Torkoal|51/100
|-boost|p2a: Slither Wing|spe|1
|move|p1a: Torkoal|Clear Smog|p2a: Slither Wing
|-damage|p2a: Slither Wing|70/100
|-clearboost|p2a: Slither Wing
|
|-weather|SunnyDay|[upkeep]
|upkeep
|turn|5
|
|t:|1759057642
|move|p2a: Slither Wing|Flame Charge|p1a: Torkoal
|-resisted|p1a: Torkoal
|-damage|p1a: Torkoal|33/100
|-boost|p2a: Slither Wing|spe|1
|move|p1a: Torkoal|Stealth Rock|p2a: Slither Wing
|-sidestart|p2: ii el bunneh ii|move: Stealth Rock
|
|-weather|SunnyDay|[upkeep]
|upkeep
|turn|6
|
|t:|1759057655
|move|p2a: Slither Wing|Flame Charge|p1a: Torkoal
|-resisted|p1a: Torkoal
|-damage|p1a: Torkoal|14/100
|-boost|p2a: Slither Wing|spe|1
|move|p1a: Torkoal|Clear Smog|p2a: Slither Wing
|-damage|p2a: Slither Wing|61/100
|-clearboost|p2a: Slither Wing
|
|-weather|SunnyDay|[upkeep]
|upkeep
|turn|7
|
|t:|1759057665
|switch|p1a: Hatterene|Hatterene, F|100/100
|move|p2a: Slither Wing|Flame Charge|p1a: Hatterene
|-damage|p1a: Hatterene|17/100
|-boost|p2a: Slither Wing|spe|1
|-enditem|p1a: Hatterene|Eject Button
|
|t:|1759057670
|switch|p1a: Walking Wake|Walking Wake|100/100
|-activate|p1a: Walking Wake|ability: Protosynthesis
|-start|p1a: Walking Wake|protosynthesisspe
|
|-weather|SunnyDay|[upkeep]
|upkeep
|turn|8
|
|t:|1759057674
|-end|p2a: Slither Wing|Protosynthesis|[silent]
|switch|p2a: Latias|Latias, F, shiny|100/100
|-damage|p2a: Latias|88/100|[from] Stealth Rock
|move|p1a: Walking Wake|Hydro Steam|p2a: Latias
|-resisted|p2a: Latias
|-damage|p2a: Latias|58/100
|-damage|p1a: Walking Wake|91/100|[from] item: Life Orb
|
|-weather|SunnyDay|[upkeep]
|-heal|p2a: Latias|65/100|[from] item: Leftovers
|upkeep
|turn|9
|
|t:|1759057683
|move|p1a: Walking Wake|Draco Meteor|p2a: Latias
|-supereffective|p2a: Latias
|-damage|p2a: Latias|0 fnt
|-unboost|p1a: Walking Wake|spa|2
|faint|p2a: Latias
|-damage|p1a: Walking Wake|81/100|[from] item: Life Orb
|
|-weather|none
|-end|p1a: Walking Wake|Protosynthesis
|upkeep
|
|t:|1759057697
|switch|p2a: Slither Wing|Slither Wing, tera:Fire|61/100
|-damage|p2a: Slither Wing|36/100|[from] Stealth Rock
|turn|10
|
|t:|1759057700
|move|p2a: Slither Wing|First Impression|p1a: Walking Wake
|-damage|p1a: Walking Wake|22/100
|move|p1a: Walking Wake|Hydro Steam|p2a: Slither Wing
|-supereffective|p2a: Slither Wing
|-damage|p2a: Slither Wing|0 fnt
|faint|p2a: Slither Wing
|-end|p2a: Slither Wing|Protosynthesis|[silent]
|-damage|p1a: Walking Wake|13/100|[from] item: Life Orb
|
|upkeep
|
|t:|1759057705
|switch|p2a: Torkoal|Torkoal, M|100/100
|-damage|p2a: Torkoal|75/100|[from] Stealth Rock
|-weather|SunnyDay|[from] ability: Drought|[of] p2a: Torkoal
|-activate|p1a: Walking Wake|ability: Protosynthesis
|-start|p1a: Walking Wake|protosynthesisspe
|turn|11
|
|t:|1759057708
|move|p1a: Walking Wake|Hydro Steam|p2a: Torkoal
|-supereffective|p2a: Torkoal
|-damage|p2a: Torkoal|0 fnt
|faint|p2a: Torkoal
|-damage|p1a: Walking Wake|3/100|[from] item: Life Orb
|
|-weather|SunnyDay|[upkeep]
|upkeep
|
|t:|1759057719
|switch|p2a: Lilligant|Lilligant-Hisui, F, shiny|100/100
|-damage|p2a: Lilligant|94/100|[from] Stealth Rock
|turn|12
|
|t:|1759057721
|switch|p2a: Raging Bolt|Raging Bolt|100/100
|-damage|p2a: Raging Bolt|88/100|[from] Stealth Rock
|-activate|p2a: Raging Bolt|ability: Protosynthesis
|-start|p2a: Raging Bolt|protosynthesisspa
|move|p1a: Walking Wake|Flamethrower|p2a: Raging Bolt
|-resisted|p2a: Raging Bolt
|-damage|p2a: Raging Bolt|76/100
|-damage|p1a: Walking Wake|0 fnt|[from] item: Life Orb
|faint|p1a: Walking Wake
|-end|p1a: Walking Wake|Protosynthesis|[silent]
|
|-weather|SunnyDay|[upkeep]
|upkeep
|
|t:|1759057725
|switch|p1a: Great Tusk|Great Tusk|87/100
|-activate|p1a: Great Tusk|ability: Protosynthesis
|-start|p1a: Great Tusk|protosynthesisatk
|turn|13
|inactive|Battle timer is ON: inactive players will automatically lose when time's up. (requested by afnkm)
|
|t:|1759057768
|move|p1a: Great Tusk|Headlong Rush|p2a: Raging Bolt
|-supereffective|p2a: Raging Bolt
|-damage|p2a: Raging Bolt|0 fnt
|-unboost|p1a: Great Tusk|def|1
|-unboost|p1a: Great Tusk|spd|1
|faint|p2a: Raging Bolt
|-end|p2a: Raging Bolt|Protosynthesis|[silent]
|
|-weather|SunnyDay|[upkeep]
|upkeep
|
|t:|1759057772
|switch|p2a: Scovillain|Scovillain, F, shiny|100/100
|-damage|p2a: Scovillain|76/100|[from] Stealth Rock
|turn|14
|
|t:|1759057775
|move|p2a: Scovillain|Flamethrower|p1a: Great Tusk
|-damage|p1a: Great Tusk|0 fnt
|faint|p1a: Great Tusk
|-end|p1a: Great Tusk|Protosynthesis|[silent]
|-damage|p2a: Scovillain|66/100|[from] item: Life Orb
|
|-weather|SunnyDay|[upkeep]
|upkeep
|
|t:|1759057781
|switch|p1a: Charizard|Charizard, M|100/100
|turn|15
|
|t:|1759057785
|move|p2a: Scovillain|Flamethrower|p1a: Charizard
|-resisted|p1a: Charizard
|-damage|p1a: Charizard|38/100
|-damage|p2a: Scovillain|56/100|[from] item: Life Orb
|move|p1a: Charizard|Flamethrower|p2a: Scovillain
|-damage|p2a: Scovillain|0 fnt
|faint|p2a: Scovillain
|
|-weather|SunnyDay|[upkeep]
|-damage|p1a: Charizard|26/100|[from] ability: Solar Power|[of] p1a: Charizard
|upkeep
|
|t:|1759057788
|switch|p2a: Lilligant|Lilligant-Hisui, F, shiny|94/100
|-damage|p2a: Lilligant|88/100|[from] Stealth Rock
|turn|16
|
|t:|1759057790
|move|p2a: Lilligant|Triple Axel|p1a: Charizard|[miss]
|-miss|p2a: Lilligant|p1a: Charizard
|move|p1a: Charizard|Flamethrower|p2a: Lilligant
|-supereffective|p2a: Lilligant
|-damage|p2a: Lilligant|0 fnt
|faint|p2a: Lilligant
|
|win|afnkm
|raw|afnkm's rating: 1464 &rarr; <strong>1479</strong><br />(+15 for winning)
|raw|ii el bunneh ii's rating: 1368 &rarr; <strong>1353</strong><br />(-15 for losing)
|l|☆ii el bunneh ii
|player|p2|
|l|☆afnkm
|player|p1|
