|j|☆mansonabuluting
|j|☆jamel1
|t:|1759072115
|gametype|singles
|player|p1|mansonabuluting|bellelba|1778
|player|p2|jamel1|102|1804
|gen|9
|tier|[Gen 9] OU
|rated|
|rule|HP Percentage Mod: HP is shown in percentages
|rule|Endless Battle Clause: Forcing endless battles is banned
|rule|Species Clause: Limit one of each Pokémon
|rule|OHKO Clause: OHKO moves are banned
|rule|Evasion Items Clause: Evasion items are banned
|rule|Evasion Moves Clause: Evasion moves are banned
|rule|Evasion Abilities Clause: Evasion abilities are banned
|rule|Sleep Moves Clause: Sleep-inducing moves are banned
|clearpoke
|poke|p1|Rillaboom, F|
|poke|p1|Hawlucha, F|
|poke|p1|Thundurus-Therian, M|
|poke|p1|Great Tusk|
|poke|p1|Volcanion|
|poke|p1|Goodra-Hisui, M|
|poke|p2|Gyarados, F|
|poke|p2|Maushold|
|poke|p2|Deoxys-Defense|
|poke|p2|Sandaconda, F|
|poke|p2|Serperior, F|
|poke|p2|Kommo-o, M|
|teampreview
|
|t:|1759072119
|teamsize|p1|6
|teamsize|p2|6
|start
|switch|p1a: Thundurus|Thundurus-Therian, M|100/100
|switch|p2a: Sandaconda|Sandaconda, F|100/100
|turn|1
|
|t:|1759072129
|switch|p1a: Rillaboom|Rillaboom, F|100/100
|-fieldstart|move: Grassy Terrain|[from] ability: Grassy Surge|[of] p1a: Rillaboom
|move|p2a: Sandaconda|Stealth Rock|p1a: Rillaboom
|-sidestart|p1: mansonabuluting|move: Stealth Rock
|
|upkeep
|turn|2
|
|t:|1759072133
|move|p2a: Sandaconda|Glare|p1a: Rillaboom
|-status|p1a: Rillaboom|par
|move|p1a: Rillaboom|Wood Hammer|p2a: Sandaconda
|-supereffective|p2a: Sandaconda
|-enditem|p2a: Sandaconda|Focus Sash
|-damage|p2a: Sandaconda|1/100
|-damage|p1a: Rillaboom|77/100 par|[from] Recoil
|
|-heal|p2a: Sandaconda|7/100|[from] Grassy Terrain
|-heal|p1a: Rillaboom|83/100 par|[from] Grassy Terrain
|upkeep
|turn|3
|j| Rizzofreko
|
|t:|1759072138
|move|p2a: Sandaconda|Iron Head|p1a: Rillaboom
|-damage|p1a: Rillaboom|60/100 par
|move|p1a: Rillaboom|Wood Hammer|p2a: Sandaconda
|-supereffective|p2a: Sandaconda
|-damage|p2a: Sandaconda|0 fnt
|faint|p2a: Sandaconda
|-damage|p1a: Rillaboom|59/100 par|[from] Recoil
|
|-heal|p1a: Rillaboom|65/100 par|[from] Grassy Terrain
|upkeep
|
|t:|1759072140
|switch|p2a: Serperior|Serperior, F|100/100
|turn|4
|
|t:|1759072145
|switch|p1a: Goodra|Goodra-Hisui, M|100/100
|-damage|p1a: Goodra|94/100|[from] Stealth Rock
|move|p2a: Serperior|Reflect|p2a: Serperior
|-sidestart|p2: jamel1|Reflect
|
|-heal|p1a: Goodra|100/100|[from] Grassy Terrain
|upkeep
|turn|5
|
|t:|1759072149
|move|p2a: Serperior|Light Screen|p2a: Serperior
|-sidestart|p2: jamel1|move: Light Screen
|move|p1a: Goodra|Flamethrower|p2a: Serperior
|-supereffective|p2a: Serperior
|-damage|p2a: Serperior|64/100
|
|-heal|p2a: Serperior|70/100|[from] Grassy Terrain
|-fieldend|move: Grassy Terrain
|upkeep
|turn|6
|
|t:|1759072153
|switch|p2a: Kommo-o|Kommo-o, M|100/100
|move|p1a: Goodra|Flamethrower|p2a: Kommo-o
|-resisted|p2a: Kommo-o
|-crit|p2a: Kommo-o
|-damage|p2a: Kommo-o|75/100
|
|upkeep
|turn|7
|
|t:|1759072157
|move|p2a: Kommo-o|Substitute|p2a: Kommo-o
|-start|p2a: Kommo-o|Substitute
|-damage|p2a: Kommo-o|50/100
|move|p1a: Goodra|Draco Meteor|p2a: Kommo-o
|-supereffective|p2a: Kommo-o
|-end|p2a: Kommo-o|Substitute
|-unboost|p1a: Goodra|spa|2
|
|upkeep
|turn|8
|
|t:|1759072162
|-terastallize|p2a: Kommo-o|Steel
|move|p2a: Kommo-o|Drain Punch|p1a: Goodra
|-supereffective|p1a: Goodra
|-damage|p1a: Goodra|32/100
|-heal|p2a: Kommo-o|90/100|[from] drain|[of] p1a: Goodra
|-ability|p1a: Goodra|Gooey
|-unboost|p2a: Kommo-o|spe|1
|move|p1a: Goodra|Draco Meteor|p2a: Kommo-o
|-resisted|p2a: Kommo-o
|-damage|p2a: Kommo-o|82/100
|-unboost|p1a: Goodra|spa|2
|
|upkeep
|turn|9
|j| nsdede
|
|t:|1759072169
|switch|p1a: Great Tusk|Great Tusk|100/100
|-damage|p1a: Great Tusk|97/100|[from] Stealth Rock
|move|p2a: Kommo-o|Belly Drum|p2a: Kommo-o
|-damage|p2a: Kommo-o|32/100
|-setboost|p2a: Kommo-o|atk|6|[from] move: Belly Drum
|
|upkeep
|turn|10
|
|t:|1759072173
|move|p1a: Great Tusk|Headlong Rush|p2a: Kommo-o
|-supereffective|p2a: Kommo-o
|-damage|p2a: Kommo-o|0 fnt
|-unboost|p1a: Great Tusk|def|1
|-unboost|p1a: Great Tusk|spd|1
|faint|p2a: Kommo-o
|
|upkeep
|l| Rizzofreko
|
|t:|1759072177
|switch|p2a: Deoxys|Deoxys-Defense|100/100
|-ability|p2a: Deoxys|Pressure
|turn|11
|
|t:|1759072182
|move|p2a: Deoxys|Calm Mind|p2a: Deoxys
|-boost|p2a: Deoxys|spa|1
|-boost|p2a: Deoxys|spd|1
|move|p1a: Great Tusk|Stealth Rock|p2a: Deoxys
|-sidestart|p2: jamel1|move: Stealth Rock
|
|-sideend|p2: jamel1|Reflect
|upkeep
|turn|12
|
|t:|1759072186
|move|p2a: Deoxys|Calm Mind|p2a: Deoxys
|-boost|p2a: Deoxys|spa|1
|-boost|p2a: Deoxys|spd|1
|move|p1a: Great Tusk|Rapid Spin|p2a: Deoxys
|-damage|p2a: Deoxys|92/100
|-boost|p1a: Great Tusk|spe|1
|-sideend|p1: mansonabuluting|Stealth Rock|[from] move: Rapid Spin|[of] p1a: Great Tusk
|-enditem|p2a: Deoxys|Kee Berry|[eat]
|-boost|p2a: Deoxys|def|1|[from] item: Kee Berry
|
|-sideend|p2: jamel1|move: Light Screen
|upkeep
|turn|13
|
|t:|1759072194
|move|p1a: Great Tusk|Headlong Rush|p2a: Deoxys
|-damage|p2a: Deoxys|71/100
|-unboost|p1a: Great Tusk|def|1
|-unboost|p1a: Great Tusk|spd|1
|move|p2a: Deoxys|Calm Mind|p2a: Deoxys
|-boost|p2a: Deoxys|spa|1
|-boost|p2a: Deoxys|spd|1
|
|upkeep
|turn|14
|
|t:|1759072198
|move|p1a: Great Tusk|Headlong Rush|p2a: Deoxys
|-damage|p2a: Deoxys|49/100
|-unboost|p1a: Great Tusk|def|1
|-unboost|p1a: Great Tusk|spd|1
|move|p2a: Deoxys|Calm Mind|p2a: Deoxys
|-boost|p2a: Deoxys|spa|1
|-boost|p2a: Deoxys|spd|1
|
|upkeep
|turn|15
|
|t:|1759072203
|move|p1a: Great Tusk|Headlong Rush|p2a: Deoxys
|-damage|p2a: Deoxys|30/100
|-unboost|p1a: Great Tusk|def|1
|-unboost|p1a: Great Tusk|spd|1
|move|p2a: Deoxys|Recover|p2a: Deoxys
|-heal|p2a: Deoxys|80/100
|
|upkeep
|turn|16
|
|t:|1759072207
|move|p1a: Great Tusk|Headlong Rush|p2a: Deoxys
|-damage|p2a: Deoxys|60/100
|-unboost|p1a: Great Tusk|def|1
|-unboost|p1a: Great Tusk|spd|1
|move|p2a: Deoxys|Calm Mind|p2a: Deoxys
|-boost|p2a: Deoxys|spa|1
|-boost|p2a: Deoxys|spd|1
|
|upkeep
|turn|17
|
|t:|1759072212
|move|p1a: Great Tusk|Ice Spinner|p2a: Deoxys
|-damage|p2a: Deoxys|50/100
|move|p2a: Deoxys|Recover|p2a: Deoxys
|-heal|p2a: Deoxys|99/100
|
|upkeep
|turn|18
|
|t:|1759072218
|move|p1a: Great Tusk|Ice Spinner|p2a: Deoxys
|-damage|p2a: Deoxys|91/100
|move|p2a: Deoxys|Calm Mind|p2a: Deoxys
|-boost|p2a: Deoxys|spa|1
|-boost|p2a: Deoxys|spd|1
|
|upkeep
|turn|19
|
|t:|1759072222
|move|p1a: Great Tusk|Ice Spinner|p2a: Deoxys
|-damage|p2a: Deoxys|81/100
|move|p2a: Deoxys|Stored Power|p1a: Great Tusk
|-supereffective|p1a: Great Tusk
|-damage|p1a: Great Tusk|0 fnt
|faint|p1a: Great Tusk
|-end|p1a: Great Tusk|Protosynthesis|[silent]
|
|upkeep
|
|t:|1759072225
|switch|p1a: Thundurus|Thundurus-Therian, M|100/100
|turn|20
|
|t:|1759072230
|move|p1a: Thundurus|Thunder Wave|p2a: Deoxys
|-status|p2a: Deoxys|par
|move|p2a: Deoxys|Stored Power|p1a: Thundurus
|-damage|p1a: Thundurus|0 fnt
|faint|p1a: Thundurus
|
|upkeep
|
|t:|1759072233
|switch|p1a: Volcanion|Volcanion|100/100
|turn|21
|
|t:|1759072237
|move|p1a: Volcanion|Haze|p1a: Volcanion
|-clearallboost
|move|p2a: Deoxys|Stored Power|p1a: Volcanion
|-damage|p1a: Volcanion|95/100
|
|upkeep
|turn|22
|
|t:|1759072242
|switch|p1a: Rillaboom|Rillaboom, F|65/100 par
|-fieldstart|move: Grassy Terrain|[from] ability: Grassy Surge|[of] p1a: Rillaboom
|switch|p2a: Maushold|Maushold|100/100
|-damage|p2a: Maushold|88/100|[from] Stealth Rock
|
|-heal|p2a: Maushold|94/100|[from] Grassy Terrain
|-heal|p1a: Rillaboom|71/100 par|[from] Grassy Terrain
|upkeep
|turn|23
|
|t:|1759072247
|cant|p1a: Rillaboom|par
|move|p2a: Maushold|Tidy Up|p2a: Maushold
|-sideend|p2: jamel1|Stealth Rock
|-activate|p2a: Maushold|move: Tidy Up
|-boost|p2a: Maushold|atk|1
|-boost|p2a: Maushold|spe|1
|
|-heal|p2a: Maushold|100/100|[from] Grassy Terrain
|-heal|p1a: Rillaboom|77/100 par|[from] Grassy Terrain
|upkeep
|turn|24
|
|t:|1759072250
|move|p1a: Rillaboom|Grassy Glide|p2a: Maushold
|-damage|p2a: Maushold|21/100
|move|p2a: Maushold|Population Bomb|p1a: Rillaboom
|-damage|p1a: Rillaboom|61/100 par
|-damage|p1a: Rillaboom|45/100 par
|-damage|p1a: Rillaboom|30/100 par
|-damage|p1a: Rillaboom|13/100 par
|-hitcount|p1a: Rillaboom|4
|
|-heal|p2a: Maushold|27/100|[from] Grassy Terrain
|-heal|p1a: Rillaboom|19/100 par|[from] Grassy Terrain
|upkeep
|turn|25
|
|t:|1759072254
|move|p1a: Rillaboom|Grassy Glide|p2a: Maushold
|-damage|p2a: Maushold|0 fnt
|faint|p2a: Maushold
|
|-heal|p1a: Rillaboom|26/100 par|[from] Grassy Terrain
|upkeep
|
|t:|1759072255
|switch|p2a: Serperior|Serperior, F|70/100
|turn|26
|
|t:|1759072261
|switch|p1a: Goodra|Goodra-Hisui, M|32/100
|move|p2a: Serperior|Reflect|p2a: Serperior
|-sidestart|p2: jamel1|Reflect
|
|-heal|p2a: Serperior|76/100|[from] Grassy Terrain
|-heal|p1a: Goodra|38/100|[from] Grassy Terrain
|-fieldend|move: Grassy Terrain
|upkeep
|turn|27
|
|t:|1759072263
|move|p2a: Serperior|Light Screen|p2a: Serperior
|-sidestart|p2: jamel1|move: Light Screen
|move|p1a: Goodra|Flamethrower|p2a: Serperior
|-supereffective|p2a: Serperior
|-damage|p2a: Serperior|41/100
|
|upkeep
|turn|28
|
|t:|1759072268
|switch|p2a: Deoxys|Deoxys-Defense|81/100 par
|-ability|p2a: Deoxys|Pressure
|move|p1a: Goodra|Flamethrower|p2a: Deoxys
|-damage|p2a: Deoxys|70/100 par
|
|upkeep
|turn|29
|
|t:|1759072274
|switch|p1a: Rillaboom|Rillaboom, F|26/100 par
|-fieldstart|move: Grassy Terrain|[from] ability: Grassy Surge|[of] p1a: Rillaboom
|switch|p2a: Gyarados|Gyarados, F|100/100
|
|-heal|p1a: Rillaboom|32/100 par|[from] Grassy Terrain
|upkeep
|turn|30
|
|t:|1759072279
|switch|p2a: Serperior|Serperior, F|41/100
|cant|p1a: Rillaboom|par
|
|-heal|p2a: Serperior|47/100|[from] Grassy Terrain
|-heal|p1a: Rillaboom|38/100 par|[from] Grassy Terrain
|upkeep
|turn|31
|
|t:|1759072283
|move|p2a: Serperior|Leaf Storm|p1a: Rillaboom
|-resisted|p1a: Rillaboom
|-damage|p1a: Rillaboom|5/100 par
|-boost|p2a: Serperior|spa|2
|move|p1a: Rillaboom|U-turn|p2a: Serperior
|-supereffective|p2a: Serperior
|-damage|p2a: Serperior|0 fnt
|faint|p2a: Serperior
|
|t:|1759072289
|switch|p1a: Volcanion|Volcanion|95/100|[from] U-turn
|
|-heal|p1a: Volcanion|100/100|[from] Grassy Terrain
|upkeep
|
|t:|1759072292
|switch|p2a: Gyarados|Gyarados, F|100/100
|turn|32
|
|t:|1759072298
|move|p2a: Gyarados|Substitute|p2a: Gyarados
|-start|p2a: Gyarados|Substitute
|-damage|p2a: Gyarados|76/100
|move|p1a: Volcanion|Steam Eruption|p2a: Gyarados
|-resisted|p2a: Gyarados
|-activate|p2a: Gyarados|move: Substitute|[damage]
|
|-heal|p2a: Gyarados|82/100|[from] item: Leftovers
|upkeep
|turn|33
|
|t:|1759072302
|move|p2a: Gyarados|Dragon Dance|p2a: Gyarados
|-boost|p2a: Gyarados|atk|1
|-boost|p2a: Gyarados|spe|1
|move|p1a: Volcanion|Steam Eruption|p2a: Gyarados
|-resisted|p2a: Gyarados
|-end|p2a: Gyarados|Substitute
|
|-heal|p2a: Gyarados|88/100|[from] item: Leftovers
|-sideend|p2: jamel1|Reflect
|-fieldend|move: Grassy Terrain
|upkeep
|turn|34
|
|t:|1759072306
|move|p2a: Gyarados|Earthquake|p1a: Volcanion
|-supereffective|p1a: Volcanion
|-damage|p1a: Volcanion|12/100
|move|p1a: Volcanion|Steam Eruption|p2a: Gyarados
|-resisted|p2a: Gyarados
|-damage|p2a: Gyarados|62/100
|
|-heal|p2a: Gyarados|68/100|[from] item: Leftovers
|-sideend|p2: jamel1|move: Light Screen
|upkeep
|turn|35
|
|t:|1759072312
|move|p2a: Gyarados|Earthquake|p1a: Volcanion
|-supereffective|p1a: Volcanion
|-damage|p1a: Volcanion|0 fnt
|faint|p1a: Volcanion
|-ability|p2a: Gyarados|Moxie|boost
|-boost|p2a: Gyarados|atk|1
|
|-heal|p2a: Gyarados|74/100|[from] item: Leftovers
|upkeep
|
|t:|1759072316
|switch|p1a: Rillaboom|Rillaboom, F|5/100 par
|-fieldstart|move: Grassy Terrain|[from] ability: Grassy Surge|[of] p1a: Rillaboom
|turn|36
|
|t:|1759072321
|cant|p1a: Rillaboom|par
|move|p2a: Gyarados|Waterfall|p1a: Rillaboom
|-resisted|p1a: Rillaboom
|-damage|p1a: Rillaboom|0 fnt
|faint|p1a: Rillaboom
|-ability|p2a: Gyarados|Moxie|boost
|-boost|p2a: Gyarados|atk|1
|
|-heal|p2a: Gyarados|80/100|[from] item: Leftovers
|upkeep
|
|t:|1759072325
|switch|p1a: Hawlucha|Hawlucha, F|100/100
|-enditem|p1a: Hawlucha|Grassy Seed
|-boost|p1a: Hawlucha|def|1|[from] item: Grassy Seed
|turn|37
|
|t:|1759072330
|move|p1a: Hawlucha|Acrobatics|p2a: Gyarados
|-damage|p2a: Gyarados|15/100
|move|p2a: Gyarados|Waterfall|p1a: Hawlucha
|-damage|p1a: Hawlucha|25/100
|
|-heal|p2a: Gyarados|21/100|[from] item: Leftovers
|upkeep
|turn|38
|
|t:|1759072334
|move|p1a: Hawlucha|Acrobatics|p2a: Gyarados
|-damage|p2a: Gyarados|0 fnt
|faint|p2a: Gyarados
|
|upkeep
|
|t:|1759072335
|switch|p2a: Deoxys|Deoxys-Defense|70/100 par
|-ability|p2a: Deoxys|Pressure
|turn|39
|
|t:|1759072341
|move|p1a: Hawlucha|Acrobatics|p2a: Deoxys
|-damage|p2a: Deoxys|40/100 par
|move|p2a: Deoxys|Stored Power|p1a: Hawlucha
|-supereffective|p1a: Hawlucha
|-damage|p1a: Hawlucha|8/100
|
|-heal|p2a: Deoxys|47/100 par|[from] Grassy Terrain
|upkeep
|turn|40
|
|t:|1759072348
|move|p1a: Hawlucha|Swords Dance|p1a: Hawlucha
|-boost|p1a: Hawlucha|atk|2
|cant|p2a: Deoxys|par
|
|-heal|p2a: Deoxys|53/100 par|[from] Grassy Terrain
|-fieldend|move: Grassy Terrain
|upkeep
|turn|41
|
|t:|1759072354
|move|p1a: Hawlucha|Acrobatics|p2a: Deoxys
|-damage|p2a: Deoxys|0 fnt
|faint|p2a: Deoxys
|
|win|mansonabuluting
|raw|mansonabuluting's rating: 1778 &rarr; <strong>1799</strong><br />(+21 for winning)
|raw|jamel1's rating: 1804 &rarr; <strong>1783</strong><br />(-21 for losing)
|c|☆mansonabuluting|gg
|l|☆jamel1
|player|p2|
|l|☆mansonabuluting
|player|p1|
|l| nsdede
