|j|☆bertoskyT
|j|☆mtxo
|t:|1758968159
|gametype|singles
|player|p1|bertoskyT|ethan|1601
|player|p2|mtxo|n|1616
|gen|9
|tier|[Gen 9] OU
|rated|
|rule|HP Percentage Mod: HP is shown in percentages
|rule|Endless Battle Clause: Forcing endless battles is banned
|rule|Species Clause: Limit one of each Pokémon
|rule|OHKO Clause: OHKO moves are banned
|rule|Evasion Items Clause: Evasion items are banned
|rule|Evasion Moves Clause: Evasion moves are banned
|rule|Evasion Abilities Clause: Evasion abilities are banned
|rule|Sleep Moves Clause: Sleep-inducing moves are banned
|clearpoke
|poke|p1|Dragapult, F|
|poke|p1|Landorus-Therian, M|
|poke|p1|Ogerpon-Wellspring, F|
|poke|p1|Greninja-*, M|
|poke|p1|Slowking-Galar, M|
|poke|p1|Forretress, F|
|poke|p2|Lokix, F|
|poke|p2|Cinderace, F|
|poke|p2|Great Tusk|
|poke|p2|Alomomola, M|
|poke|p2|Enamorus, F|
|poke|p2|Slowking-Galar, F|
|teampreview
|inactive|Battle timer is ON: inactive players will automatically lose when time's up. (requested by mtxo)
|
|t:|1758968171
|teamsize|p1|6
|teamsize|p2|6
|start
|switch|p1a: Landorus|Landorus-Therian, M|100/100
|switch|p2a: Cinderace|Cinderace, F|100/100
|-ability|p1a: Landorus|Intimidate|boost
|-unboost|p2a: Cinderace|atk|1
|turn|1
|
|t:|1758968174
|move|p2a: Cinderace|Will-O-Wisp|p1a: Landorus|[miss]
|-miss|p2a: Cinderace|p1a: Landorus
|move|p1a: Landorus|Earth Power|p2a: Cinderace
|-supereffective|p2a: Cinderace
|-damage|p2a: Cinderace|23/100
|
|upkeep
|turn|2
|
|t:|1758968182
|move|p2a: Cinderace|U-turn|p1a: Landorus
|-resisted|p1a: Landorus
|-damage|p1a: Landorus|96/100
|-damage|p2a: Cinderace|7/100|[from] item: Rocky Helmet|[of] p1a: Landorus
|
|t:|1758968185
|switch|p2a: Alomomola|Alomomola, M|100/100|[from] U-turn
|move|p1a: Landorus|Stealth Rock|p2a: Alomomola
|-sidestart|p2: mtxo|move: Stealth Rock
|
|upkeep
|turn|3
|
|t:|1758968194
|move|p1a: Landorus|Taunt|p2a: Alomomola
|-start|p2a: Alomomola|move: Taunt
|move|p2a: Alomomola|Flip Turn|p1a: Landorus
|-supereffective|p1a: Landorus
|-damage|p1a: Landorus|71/100
|-damage|p2a: Alomomola|84/100|[from] item: Rocky Helmet|[of] p1a: Landorus
|inactive|mtxo has 120 seconds left.
|inactive|mtxo has 90 seconds left.
|
|t:|1758968262
|switch|p2a: Slowking|Slowking-Galar, F|100/100|[from] Flip Turn
|-damage|p2a: Slowking|88/100|[from] Stealth Rock
|
|upkeep
|turn|4
|inactive|mtxo has 90 seconds left.
|
|t:|1758968272
|move|p1a: Landorus|U-turn|p2a: Slowking
|-damage|p2a: Slowking|75/100
|
|t:|1758968275
|switch|p1a: Slowking|Slowking-Galar, M|100/100|[from] U-turn
|move|p2a: Slowking|Future Sight|p1a: Slowking
|-start|p2a: Slowking|move: Future Sight
|
|upkeep
|turn|5
|
|t:|1758968283
|-prepare|p1a: Slowking|Chilly Reception|[premajor]
|move|p1a: Slowking|Chilly Reception|p1a: Slowking
|-weather|Snowscape
|
|t:|1758968300
|switch|p1a: Greninja|Greninja, M|100/100|[from] Chilly Reception
|-prepare|p2a: Slowking|Chilly Reception|[premajor]
|move|p2a: Slowking|Chilly Reception|p2a: Slowking
|
|t:|1758968319
|switch|p2a: Lokix|Lokix, F|100/100|[from] Chilly Reception
|-damage|p2a: Lokix|76/100|[from] Stealth Rock
|
|-weather|Snowscape|[upkeep]
|upkeep
|turn|6
|
|t:|1758968332
|switch|p1a: Forretress|Forretress, F|100/100
|move|p2a: Lokix|U-turn|p1a: Forretress
|-resisted|p1a: Forretress
|-damage|p1a: Forretress|72/100
|-damage|p2a: Lokix|59/100|[from] item: Rocky Helmet|[of] p1a: Forretress
|
|t:|1758968334
|switch|p2a: Cinderace|Cinderace, F|7/100|[from] U-turn
|
|-weather|Snowscape|[upkeep]
|-end|p1a: Forretress|move: Future Sight
|-resisted|p1a: Forretress
|-damage|p1a: Forretress|41/100
|upkeep
|turn|7
|
|t:|1758968347
|move|p2a: Cinderace|Court Change|p2a: Cinderace
|-swapsideconditions
|-activate|p2a: Cinderace|move: Court Change
|move|p1a: Forretress|Rapid Spin|p2a: Cinderace
|-damage|p2a: Cinderace|0 fnt
|-boost|p1a: Forretress|spe|1
|-sideend|p1: bertoskyT|Stealth Rock|[from] move: Rapid Spin|[of] p1a: Forretress
|faint|p2a: Cinderace
|
|-weather|Snowscape|[upkeep]
|upkeep
|inactive|mtxo has 90 seconds left.
|c|☆mtxo|okey you own me
|
|t:|1758968381
|switch|p2a: Slowking|Slowking-Galar, F|100/100
|turn|8
|
|t:|1758968387
|switch|p1a: Slowking|Slowking-Galar, M|100/100
|move|p2a: Slowking|Future Sight|p1a: Slowking
|-start|p2a: Slowking|move: Future Sight
|
|-weather|Snowscape|[upkeep]
|upkeep
|turn|9
|
|t:|1758968397
|-prepare|p2a: Slowking|Chilly Reception|[premajor]
|move|p2a: Slowking|Chilly Reception|p2a: Slowking
|
|t:|1758968403
|switch|p2a: Enamorus|Enamorus, F|100/100|[from] Chilly Reception
|move|p1a: Slowking|Thunder Wave|p2a: Enamorus
|-status|p2a: Enamorus|par
|
|-weather|none
|upkeep
|turn|10
|-message|mtxo forfeited.
|
|win|bertoskyT
|raw|bertoskyT's rating: 1601 &rarr; <strong>1622</strong><br />(+21 for winning)
|raw|mtxo's rating: 1616 &rarr; <strong>1595</strong><br />(-21 for losing)
|l|☆mtxo
|player|p2|
|c|☆bertoskyT|Gg
|l|☆bertoskyT
|player|p1|
