|j|☆FITE FITE FIT
|j|☆Azunail
|t:|1758991633
|gametype|singles
|player|p1|FITE FITE FIT|preschooler|1616
|player|p2|Azunail|yellow|1564
|gen|9
|tier|[Gen 9] OU
|rated|
|rule|HP Percentage Mod: HP is shown in percentages
|rule|Endless Battle Clause: Forcing endless battles is banned
|rule|Species Clause: Limit one of each Pokémon
|rule|OHKO Clause: OHKO moves are banned
|rule|Evasion Items Clause: Evasion items are banned
|rule|Evasion Moves Clause: Evasion moves are banned
|rule|Evasion Abilities Clause: Evasion abilities are banned
|rule|Sleep Moves Clause: Sleep-inducing moves are banned
|clearpoke
|poke|p1|Landorus-Therian, M|
|poke|p1|Great Tusk|
|poke|p1|Meowscarada, M|
|poke|p1|Kingambit, F|
|poke|p1|Slowking-Galar, F|
|poke|p1|Raging Bolt|
|poke|p2|Snorlax, F|
|poke|p2|Gholdengo|
|poke|p2|Landorus-Therian, M|
|poke|p2|Zamazenta-*|
|poke|p2|Rillaboom, F|
|poke|p2|Dragonite, F|
|teampreview
|inactive|Battle timer is ON: inactive players will automatically lose when time's up. (requested by Azunail)
|
|t:|1758991648
|teamsize|p1|6
|teamsize|p2|6
|start
|switch|p1a: Landorus|Landorus-Therian, M|100/100
|switch|p2a: Landorus|Landorus-Therian, M|100/100
|-ability|p2a: Landorus|Intimidate|boost
|-unboost|p1a: Landorus|atk|1
|-ability|p1a: Landorus|Intimidate|boost
|-unboost|p2a: Landorus|atk|1
|turn|1
|
|t:|1758991656
|move|p2a: Landorus|Taunt|p1a: Landorus
|-start|p1a: Landorus|move: Taunt
|cant|p1a: Landorus|move: Taunt|Taunt
|
|upkeep
|turn|2
|
|t:|1758991661
|move|p1a: Landorus|U-turn|p2a: Landorus
|-resisted|p2a: Landorus
|-damage|p2a: Landorus|94/100
|-damage|p1a: Landorus|84/100|[from] item: Rocky Helmet|[of] p2a: Landorus
|
|t:|1758991665
|switch|p1a: Great Tusk|Great Tusk|100/100|[from] U-turn
|move|p2a: Landorus|Stealth Rock|p1a: Great Tusk
|-sidestart|p1: FITE FITE FIT|move: Stealth Rock
|
|upkeep
|turn|3
|
|t:|1758991676
|switch|p2a: Zamazenta|Zamazenta|100/100
|-ability|p2a: Zamazenta|Dauntless Shield|boost
|-boost|p2a: Zamazenta|def|1
|move|p1a: Great Tusk|Knock Off|p2a: Zamazenta
|-resisted|p2a: Zamazenta
|-damage|p2a: Zamazenta|94/100
|-enditem|p2a: Zamazenta|Leftovers|[from] move: Knock Off|[of] p1a: Great Tusk
|
|upkeep
|turn|4
|
|t:|1758991684
|move|p2a: Zamazenta|Iron Defense|p2a: Zamazenta
|-boost|p2a: Zamazenta|def|2
|move|p1a: Great Tusk|Rapid Spin|p2a: Zamazenta
|-damage|p2a: Zamazenta|89/100
|-boost|p1a: Great Tusk|spe|1
|-sideend|p1: FITE FITE FIT|Stealth Rock|[from] move: Rapid Spin|[of] p1a: Great Tusk
|
|upkeep
|turn|5
|
|t:|1758991692
|-end|p1a: Great Tusk|Protosynthesis|[silent]
|switch|p1a: Slowking|Slowking-Galar, F|100/100
|move|p2a: Zamazenta|Iron Defense|p2a: Zamazenta
|-boost|p2a: Zamazenta|def|2
|
|upkeep
|turn|6
|
|t:|1758991700
|-terastallize|p2a: Zamazenta|Steel
|move|p2a: Zamazenta|Crunch|p1a: Slowking
|-supereffective|p1a: Slowking
|-damage|p1a: Slowking|66/100
|move|p1a: Slowking|Future Sight|p2a: Zamazenta
|-start|p1a: Slowking|move: Future Sight
|
|upkeep
|turn|7
|
|t:|1758991706
|move|p2a: Zamazenta|Crunch|p1a: Slowking
|-supereffective|p1a: Slowking
|-damage|p1a: Slowking|28/100
|move|p1a: Slowking|Flamethrower|p2a: Zamazenta
|-supereffective|p2a: Zamazenta
|-damage|p2a: Zamazenta|45/100
|
|upkeep
|turn|8
|
|t:|1758991715
|switch|p1a: Landorus|Landorus-Therian, M|84/100
|-ability|p1a: Landorus|Intimidate|boost
|-unboost|p2a: Zamazenta|atk|1
|move|p2a: Zamazenta|Body Press|p1a: Landorus
|-resisted|p1a: Landorus
|-damage|p1a: Landorus|29/100
|-damage|p2a: Zamazenta|28/100|[from] item: Rocky Helmet|[of] p1a: Landorus
|
|-end|p2a: Zamazenta|move: Future Sight
|-resisted|p2a: Zamazenta
|-damage|p2a: Zamazenta|8/100
|upkeep
|turn|9
|
|t:|1758991729
|switch|p1a: Slowking|Slowking-Galar, F|62/100
|move|p2a: Zamazenta|Body Press|p1a: Slowking
|-resisted|p1a: Slowking
|-damage|p1a: Slowking|38/100
|
|upkeep
|turn|10
|
|t:|1758991737
|move|p2a: Zamazenta|Crunch|p1a: Slowking
|-supereffective|p1a: Slowking
|-damage|p1a: Slowking|14/100
|move|p1a: Slowking|Future Sight|p2a: Zamazenta
|-start|p1a: Slowking|move: Future Sight
|
|upkeep
|turn|11
|
|t:|1758991746
|switch|p1a: Landorus|Landorus-Therian, M|29/100
|-ability|p1a: Landorus|Intimidate|boost
|-unboost|p2a: Zamazenta|atk|1
|move|p2a: Zamazenta|Body Press|p1a: Landorus
|-resisted|p1a: Landorus
|-damage|p1a: Landorus|0 fnt
|-damage|p2a: Zamazenta|0 fnt|[from] item: Rocky Helmet|[of] p1a: Landorus
|faint|p1a: Landorus
|faint|p2a: Zamazenta
|
|upkeep
|
|t:|1758991756
|switch|p2a: Landorus|Landorus-Therian, M|94/100
|switch|p1a: Meowscarada|Meowscarada, M|100/100
|-ability|p2a: Landorus|Intimidate|boost
|-unboost|p1a: Meowscarada|atk|1
|turn|12
|
|t:|1758991765
|switch|p2a: Snorlax|Snorlax, F, shiny|100/100
|move|p1a: Meowscarada|Triple Axel|p2a: Snorlax
|-start|p1a: Meowscarada|typechange|Ice|[from] ability: Protean
|-damage|p2a: Snorlax|97/100
|-damage|p2a: Snorlax|92/100
|-damage|p2a: Snorlax|84/100
|-hitcount|p2a: Snorlax|3
|
|-end|p2a: Snorlax|move: Future Sight
|-damage|p2a: Snorlax|62/100
|-heal|p2a: Snorlax|68/100|[from] item: Leftovers
|upkeep
|turn|13
|l|☆FITE FITE FIT
|inactive|FITE FITE FIT disconnected and has a minute to reconnect!
|player|p1|
|inactive|FITE FITE FIT has 30 seconds to reconnect!
|inactive|FITE FITE FIT has 20 seconds to reconnect!
|inactive|FITE FITE FIT has 15 seconds to reconnect!
|inactive|FITE FITE FIT has 10 seconds to reconnect!
|inactive|FITE FITE FIT has 5 seconds to reconnect!
|-message|FITE FITE FIT lost due to inactivity.
|
|win|Azunail
|raw|FITE FITE FIT's rating: 1616 &rarr; <strong>1593</strong><br />(-23 for losing)
|raw|Azunail's rating: 1564 &rarr; <strong>1587</strong><br />(+23 for winning)
|l|☆Azunail
|player|p2|
