|j|☆nasbdvo
|j|☆AintDummy
|t:|1758970892
|gametype|singles
|player|p1|nasbdvo|170|1118
|player|p2|AintDummy|1|1065
|gen|9
|tier|[Gen 9] OU
|rated|
|rule|HP Percentage Mod: HP is shown in percentages
|rule|Endless Battle Clause: Forcing endless battles is banned
|rule|Species Clause: Limit one of each Pokémon
|rule|OHKO Clause: OHKO moves are banned
|rule|Evasion Items Clause: Evasion items are banned
|rule|Evasion Moves Clause: Evasion moves are banned
|rule|Evasion Abilities Clause: Evasion abilities are banned
|rule|Sleep Moves Clause: Sleep-inducing moves are banned
|clearpoke
|poke|p1|Iron Valiant|
|poke|p1|Blastoise, F|
|poke|p1|Garchomp, F|
|poke|p1|Arcanine-Hisui, M|
|poke|p1|Walking Wake|
|poke|p1|Blissey, F|
|poke|p2|Lucario, F|
|poke|p2|Darkrai|
|poke|p2|Garchomp, F|
|poke|p2|Avalugg-Hisui, F|
|poke|p2|Spiritomb, F|
|poke|p2|Galvantula, F|
|teampreview
|
|t:|1758970895
|teamsize|p1|6
|teamsize|p2|6
|start
|switch|p1a: Blastoise|Blastoise, F|100/100
|switch|p2a: Galvantula|Galvantula, F|100/100
|turn|1
|
|t:|1758970907
|-terastallize|p1a: Blastoise|Grass
|move|p2a: Galvantula|Thunder|p1a: Blastoise
|-resisted|p1a: Blastoise
|-damage|p1a: Blastoise|75/100
|move|p1a: Blastoise|Shell Smash|p1a: Blastoise
|-unboost|p1a: Blastoise|def|1
|-unboost|p1a: Blastoise|spd|1
|-boost|p1a: Blastoise|atk|2
|-boost|p1a: Blastoise|spa|2
|-boost|p1a: Blastoise|spe|2
|-enditem|p1a: Blastoise|White Herb
|-clearnegativeboost|p1a: Blastoise|[silent]
|
|upkeep
|turn|2
|
|t:|1758970920
|move|p1a: Blastoise|Ice Beam|p2a: Galvantula
|-damage|p2a: Galvantula|8/100
|move|p2a: Galvantula|Sticky Web|p1a: Blastoise
|-sidestart|p1: nasbdvo|move: Sticky Web
|
|upkeep
|turn|3
|
|t:|1758970926
|move|p1a: Blastoise|Ice Beam|p2a: Galvantula
|-damage|p2a: Galvantula|0 fnt
|faint|p2a: Galvantula
|
|upkeep
|
|t:|1758970931
|switch|p2a: Avalugg|Avalugg-Hisui, F|100/100
|turn|4
|
|t:|1758970937
|move|p1a: Blastoise|Surf|p2a: Avalugg
|-supereffective|p2a: Avalugg
|-crit|p2a: Avalugg
|-ability|p2a: Avalugg|Sturdy
|-damage|p2a: Avalugg|1/100
|move|p2a: Avalugg|Mirror Coat|p1a: Blastoise
|-damage|p1a: Blastoise|0 fnt
|faint|p1a: Blastoise
|
|upkeep
|
|t:|1758970948
|switch|p1a: Arcanine|Arcanine-Hisui, M|100/100
|-activate|p1a: Arcanine|move: Sticky Web
|-unboost|p1a: Arcanine|spe|1
|turn|5
|
|t:|1758970953
|move|p2a: Avalugg|Protect|p2a: Avalugg
|-singleturn|p2a: Avalugg|Protect
|move|p1a: Arcanine|Extreme Speed|p2a: Avalugg
|-activate|p2a: Avalugg|move: Protect
|
|upkeep
|turn|6
|
|t:|1758970960
|switch|p2a: Spiritomb|Spiritomb, F|100/100
|-ability|p2a: Spiritomb|Pressure
|move|p1a: Arcanine|Extreme Speed|p2a: Spiritomb
|-immune|p2a: Spiritomb
|
|upkeep
|turn|7
|
|t:|1758970977
|switch|p1a: Blissey|Blissey, F|100/100
|-activate|p1a: Blissey|move: Sticky Web
|-unboost|p1a: Blissey|spe|1
|move|p2a: Spiritomb|Curse|p1a: Blissey
|-start|p1a: Blissey|Curse|[of] p2a: Spiritomb
|-damage|p2a: Spiritomb|51/100
|
|-heal|p2a: Spiritomb|57/100|[from] item: Leftovers
|-damage|p1a: Blissey|75/100|[from] Curse
|upkeep
|turn|8
|
|t:|1758970989
|move|p2a: Spiritomb|Will-O-Wisp|p1a: Blissey
|-status|p1a: Blissey|brn
|move|p1a: Blissey|Dazzling Gleam|p2a: Spiritomb
|-supereffective|p2a: Spiritomb
|-damage|p2a: Spiritomb|34/100
|
|-heal|p2a: Spiritomb|39/100|[from] item: Leftovers
|-heal|p1a: Blissey|82/100 brn|[from] item: Leftovers
|-damage|p1a: Blissey|75/100 brn|[from] brn
|-damage|p1a: Blissey|50/100 brn|[from] Curse
|upkeep
|turn|9
|
|t:|1758971002
|move|p2a: Spiritomb|Pain Split|p1a: Blissey
|-sethp|p1a: Blissey|35/100 brn|[from] move: Pain Split|[silent]
|-sethp|p2a: Spiritomb|74/100|[from] move: Pain Split
|move|p1a: Blissey|Stealth Rock|p2a: Spiritomb
|-sidestart|p2: AintDummy|move: Stealth Rock
|
|-heal|p2a: Spiritomb|80/100|[from] item: Leftovers
|-heal|p1a: Blissey|41/100 brn|[from] item: Leftovers
|-damage|p1a: Blissey|35/100 brn|[from] brn
|-damage|p1a: Blissey|10/100 brn|[from] Curse
|upkeep
|turn|10
|
|t:|1758971014
|switch|p2a: Lucario|Lucario, F|100/100
|-damage|p2a: Lucario|98/100|[from] Stealth Rock
|move|p1a: Blissey|Stealth Rock||[still]
|-fail|p1a: Blissey
|
|-heal|p1a: Blissey|16/100 brn|[from] item: Leftovers
|-damage|p1a: Blissey|10/100 brn|[from] brn
|-damage|p1a: Blissey|0 fnt|[from] Curse
|faint|p1a: Blissey
|upkeep
|
|t:|1758971029
|switch|p1a: Arcanine|Arcanine-Hisui, M|100/100
|-activate|p1a: Arcanine|move: Sticky Web
|-unboost|p1a: Arcanine|spe|1
|turn|11
|
|t:|1758971037
|move|p2a: Lucario|Aura Sphere|p1a: Arcanine
|-supereffective|p1a: Arcanine
|-damage|p1a: Arcanine|10/100
|move|p1a: Arcanine|Flare Blitz|p2a: Lucario
|-supereffective|p2a: Lucario
|-damage|p2a: Lucario|0 fnt
|faint|p2a: Lucario
|
|upkeep
|
|t:|1758971055
|switch|p2a: Garchomp|Garchomp, F|100/100
|-damage|p2a: Garchomp|94/100|[from] Stealth Rock
|turn|12
|
|t:|1758971061
|move|p2a: Garchomp|Earthquake|p1a: Arcanine
|-supereffective|p1a: Arcanine
|-damage|p1a: Arcanine|0 fnt
|faint|p1a: Arcanine
|
|upkeep
|
|t:|1758971077
|switch|p1a: Iron Valiant|Iron Valiant|100/100
|-activate|p1a: Iron Valiant|move: Sticky Web
|-unboost|p1a: Iron Valiant|spe|1
|-enditem|p1a: Iron Valiant|Booster Energy
|-activate|p1a: Iron Valiant|ability: Quark Drive|[fromitem]
|-start|p1a: Iron Valiant|quarkdrivespa
|turn|13
|
|t:|1758971085
|move|p2a: Garchomp|Stealth Rock|p1a: Iron Valiant
|-sidestart|p1: nasbdvo|move: Stealth Rock
|move|p1a: Iron Valiant|Moonblast|p2a: Garchomp
|-supereffective|p2a: Garchomp
|-damage|p2a: Garchomp|0 fnt
|faint|p2a: Garchomp
|
|upkeep
|
|t:|1758971096
|switch|p2a: Spiritomb|Spiritomb, F|80/100
|-damage|p2a: Spiritomb|67/100|[from] Stealth Rock
|-ability|p2a: Spiritomb|Pressure
|turn|14
|
|t:|1758971101
|-terastallize|p2a: Spiritomb|Ghost
|move|p1a: Iron Valiant|Moonblast|p2a: Spiritomb
|-damage|p2a: Spiritomb|22/100
|move|p2a: Spiritomb|Pain Split|p1a: Iron Valiant
|-sethp|p1a: Iron Valiant|62/100|[from] move: Pain Split|[silent]
|-sethp|p2a: Spiritomb|59/100|[from] move: Pain Split
|
|-heal|p2a: Spiritomb|65/100|[from] item: Leftovers
|upkeep
|turn|15
|
|t:|1758971112
|move|p1a: Iron Valiant|Moonblast|p2a: Spiritomb
|-damage|p2a: Spiritomb|17/100
|-unboost|p2a: Spiritomb|spa|1
|move|p2a: Spiritomb|Pain Split|p1a: Iron Valiant
|-sethp|p1a: Iron Valiant|40/100|[from] move: Pain Split|[silent]
|-sethp|p2a: Spiritomb|38/100|[from] move: Pain Split
|
|-heal|p2a: Spiritomb|44/100|[from] item: Leftovers
|upkeep
|turn|16
|
|t:|1758971123
|switch|p2a: Avalugg|Avalugg-Hisui, F|1/100
|move|p1a: Iron Valiant|Moonblast|p2a: Avalugg
|-damage|p2a: Avalugg|0 fnt
|faint|p2a: Avalugg
|
|upkeep
|
|t:|1758971131
|switch|p2a: Darkrai|Darkrai|100/100
|-damage|p2a: Darkrai|88/100|[from] Stealth Rock
|turn|17
|
|t:|1758971135
|move|p2a: Darkrai|Psyshock|p1a: Iron Valiant
|-supereffective|p1a: Iron Valiant
|-damage|p1a: Iron Valiant|0 fnt
|faint|p1a: Iron Valiant
|-end|p1a: Iron Valiant|Quark Drive|[silent]
|
|upkeep
|
|t:|1758971148
|switch|p1a: Walking Wake|Walking Wake|100/100
|-activate|p1a: Walking Wake|move: Sticky Web
|-unboost|p1a: Walking Wake|spe|1
|-damage|p1a: Walking Wake|88/100|[from] Stealth Rock
|-enditem|p1a: Walking Wake|Booster Energy
|-activate|p1a: Walking Wake|ability: Protosynthesis|[fromitem]
|-start|p1a: Walking Wake|protosynthesisspa
|turn|18
|inactive|Battle timer is ON: inactive players will automatically lose when time's up. (requested by nasbdvo)
|
|t:|1758971179
|switch|p2a: Spiritomb|Spiritomb, F, tera:Ghost|44/100
|-damage|p2a: Spiritomb|32/100|[from] Stealth Rock
|-ability|p2a: Spiritomb|Pressure
|move|p1a: Walking Wake|Hydro Steam|p2a: Spiritomb
|-damage|p2a: Spiritomb|0 fnt
|faint|p2a: Spiritomb
|
|upkeep
|
|t:|1758971183
|switch|p2a: Darkrai|Darkrai|88/100
|-damage|p2a: Darkrai|76/100|[from] Stealth Rock
|turn|19
|
|t:|1758971196
|move|p2a: Darkrai|Dark Pulse|p1a: Walking Wake
|-damage|p1a: Walking Wake|13/100
|move|p1a: Walking Wake|Dragon Pulse|p2a: Darkrai
|-damage|p2a: Darkrai|8/100
|
|upkeep
|turn|20
|inactive|AintDummy has 120 seconds left.
|inactive|AintDummy has 90 seconds left.
|inactive|AintDummy has 60 seconds left.
|
|t:|1758971306
|move|p2a: Darkrai|Dark Pulse|p1a: Walking Wake
|-damage|p1a: Walking Wake|0 fnt
|faint|p1a: Walking Wake
|-end|p1a: Walking Wake|Protosynthesis|[silent]
|
|upkeep
|
|t:|1758971312
|switch|p1a: Garchomp|Garchomp, F|100/100
|-activate|p1a: Garchomp|move: Sticky Web
|-unboost|p1a: Garchomp|spe|1
|-damage|p1a: Garchomp|94/100|[from] Stealth Rock
|turn|21
|
|t:|1758971319
|move|p2a: Darkrai|Dark Pulse|p1a: Garchomp
|-damage|p1a: Garchomp|36/100
|cant|p1a: Garchomp|flinch
|
|upkeep
|turn|22
|
|t:|1758971328
|move|p2a: Darkrai|Dark Pulse|p1a: Garchomp
|-damage|p1a: Garchomp|0 fnt
|faint|p1a: Garchomp
|
|win|AintDummy
|raw|nasbdvo's rating: 1118 &rarr; <strong>1089</strong><br />(-29 for losing)
|raw|AintDummy's rating: 1065 &rarr; <strong>1100</strong><br />(+35 for winning)
|l|☆nasbdvo
|player|p1|
|l|☆AintDummy
|player|p2|
