|badge|p1|bronze|gen9ou|100-6
|html|<div class="broadcast-red"><strong>This battle is required to be public due to one or more player having a season medal.</strong><br />During the public phase, you can discuss the state of the ladder <a href="/seasondiscussion">in a special chatroom.</a></div>
|uhtml|medal-msg|<div class="broadcast-blue">Curious what those medals under the avatar are? PS now has Ladder Seasons! For more information, check out the <a href="https://www.smogon.com/forums/threads/3740067/">thread on Smogon.</a></div>
|badge|p2|bronze|gen9ou|100-6
|uhtml|medal-msg|<div class="broadcast-blue">Curious what those medals under the avatar are? PS now has Ladder Seasons! For more information, check out the <a href="https://www.smogon.com/forums/threads/3740067/">thread on Smogon.</a></div>
|raw|<div class="broadcast-blue"><strong>This battle is required to be public due to a player having a name starting with 'medal'.</div>
|j|☆snuggypooh
|j|☆Obito 2001
|t:|1759014532
|gametype|singles
|player|p1|snuggypooh|2|1839
|player|p2|Obito 2001|blue-gen3two|1865
|gen|9
|tier|[Gen 9] OU
|rated|
|rule|HP Percentage Mod: HP is shown in percentages
|rule|Endless Battle Clause: Forcing endless battles is banned
|rule|Species Clause: Limit one of each Pokémon
|rule|OHKO Clause: OHKO moves are banned
|rule|Evasion Items Clause: Evasion items are banned
|rule|Evasion Moves Clause: Evasion moves are banned
|rule|Evasion Abilities Clause: Evasion abilities are banned
|rule|Sleep Moves Clause: Sleep-inducing moves are banned
|clearpoke
|poke|p1|Hatterene, F|
|poke|p1|Cresselia, F|
|poke|p1|Ursaluna, F|
|poke|p1|Kingambit, F|
|poke|p1|Raging Bolt|
|poke|p1|Mimikyu, M|
|poke|p2|Great Tusk|
|poke|p2|Iron Crown|
|poke|p2|Dragonite, M|
|poke|p2|Ursaluna, M|
|poke|p2|Amoonguss, F|
|poke|p2|Dragapult, F|
|teampreview
|inactive|Battle timer is ON: inactive players will automatically lose when time's up. (requested by Obito 2001)
|j| amefurikoneko
|
|t:|1759014551
|teamsize|p1|6
|teamsize|p2|6
|start
|switch|p1a: Raging Bolt|Raging Bolt|100/100
|switch|p2a: Zanpakuto|Iron Crown|100/100
|-enditem|p1a: Raging Bolt|Booster Energy
|-activate|p1a: Raging Bolt|ability: Protosynthesis|[fromitem]
|-start|p1a: Raging Bolt|protosynthesisspa
|turn|1
|
|t:|1759014570
|move|p2a: Zanpakuto|Psyshock|p1a: Raging Bolt
|-damage|p1a: Raging Bolt|67/100
|move|p1a: Raging Bolt|Dragon Pulse|p2a: Zanpakuto
|-resisted|p2a: Zanpakuto
|-damage|p2a: Zanpakuto|81/100
|
|upkeep
|turn|2
|
|t:|1759014576
|move|p2a: Zanpakuto|Psyshock|p1a: Raging Bolt
|-damage|p1a: Raging Bolt|35/100
|move|p1a: Raging Bolt|Thunderbolt|p2a: Zanpakuto
|-damage|p2a: Zanpakuto|31/100
|
|upkeep
|turn|3
|j| larp legion
|
|t:|1759014586
|move|p2a: Zanpakuto|Psyshock|p1a: Raging Bolt
|-damage|p1a: Raging Bolt|1/100
|move|p1a: Raging Bolt|Thunderbolt|p2a: Zanpakuto
|-damage|p2a: Zanpakuto|0 fnt
|faint|p2a: Zanpakuto
|-end|p2a: Zanpakuto|Quark Drive|[silent]
|
|upkeep
|
|t:|1759014595
|switch|p2a: Mega Donphan|Great Tusk|100/100
|turn|4
|
|t:|1759014602
|-end|p1a: Raging Bolt|Protosynthesis|[silent]
|switch|p1a: Cresselia|Cresselia, F|100/100
|move|p2a: Mega Donphan|Ice Spinner|p1a: Cresselia
|-damage|p1a: Cresselia|86/100
|
|upkeep
|turn|5
|
|t:|1759014608
|switch|p1a: Hatterene|Hatterene, F|100/100
|move|p2a: Mega Donphan|Stealth Rock|p1a: Hatterene
|move|p1a: Hatterene|Stealth Rock|p2a: Mega Donphan|[from] ability: Magic Bounce
|-sidestart|p2: Obito 2001|move: Stealth Rock
|
|upkeep
|turn|6
|
|t:|1759014614
|move|p2a: Mega Donphan|Rapid Spin|p1a: Hatterene
|-damage|p1a: Hatterene|80/100
|-boost|p2a: Mega Donphan|spe|1
|-sideend|p2: Obito 2001|Stealth Rock|[from] move: Rapid Spin|[of] p2a: Mega Donphan
|move|p1a: Hatterene|Trick Room|p1a: Hatterene
|-fieldstart|move: Trick Room|[of] p1a: Hatterene
|
|upkeep
|turn|7
|
|t:|1759014621
|-end|p2a: Mega Donphan|Protosynthesis|[silent]
|switch|p2a: Toxica|Amoonguss, F, shiny|100/100
|move|p1a: Hatterene|Psychic|p2a: Toxica
|-supereffective|p2a: Toxica
|-damage|p2a: Toxica|4/100
|
|upkeep
|turn|8
|
|t:|1759014634
|switch|p2a: Brock Lesnar|Ursaluna, M|100/100
|move|p1a: Hatterene|Psychic|p2a: Brock Lesnar
|-damage|p2a: Brock Lesnar|52/100
|
|-status|p2a: Brock Lesnar|brn|[from] item: Flame Orb
|upkeep
|turn|9
|
|t:|1759014652
|move|p1a: Hatterene|Psychic|p2a: Brock Lesnar
|-damage|p2a: Brock Lesnar|1/100 brn
|move|p2a: Brock Lesnar|Earthquake|p1a: Hatterene
|-damage|p1a: Hatterene|0 fnt
|faint|p1a: Hatterene
|
|-damage|p2a: Brock Lesnar|0 fnt|[from] brn
|faint|p2a: Brock Lesnar
|upkeep
|inactive|snuggypooh has 120 seconds left.
|
|t:|1759014685
|switch|p1a: Kingambit|Kingambit, F|100/100
|switch|p2a: Toxica|Amoonguss, F, shiny|38/100
|-activate|p1a: Kingambit|ability: Supreme Overlord
|-start|p1a: Kingambit|fallen1|[silent]
|turn|10
|
|t:|1759014694
|-end|p1a: Kingambit|fallen1|[silent]
|switch|p1a: Cresselia|Cresselia, F|86/100
|switch|p2a: Mega Donphan|Great Tusk|100/100
|
|-fieldend|move: Trick Room
|upkeep
|turn|11
|inactive|snuggypooh has 120 seconds left.
|
|t:|1759014710
|move|p2a: Mega Donphan|Stealth Rock|p1a: Cresselia
|-sidestart|p1: snuggypooh|move: Stealth Rock
|move|p1a: Cresselia|Psychic|p2a: Mega Donphan
|-supereffective|p2a: Mega Donphan
|-damage|p2a: Mega Donphan|22/100
|
|upkeep
|turn|12
|
|t:|1759014716
|-end|p2a: Mega Donphan|Protosynthesis|[silent]
|switch|p2a: DraGhost|Dragapult, F|100/100
|move|p1a: Cresselia|Trick Room|p1a: Cresselia
|-fieldstart|move: Trick Room|[of] p1a: Cresselia
|
|upkeep
|turn|13
|inactive|snuggypooh has 120 seconds left.
|
|t:|1759014730
|switch|p1a: Kingambit|Kingambit, F|100/100
|-damage|p1a: Kingambit|94/100|[from] Stealth Rock
|-activate|p1a: Kingambit|ability: Supreme Overlord
|-start|p1a: Kingambit|fallen1|[silent]
|move|p2a: DraGhost|Reflect|p2a: DraGhost
|-sidestart|p2: Obito 2001|Reflect
|
|upkeep
|turn|14
|
|t:|1759014743
|switch|p2a: Toxica|Amoonguss, F, shiny|71/100
|move|p1a: Kingambit|Kowtow Cleave|p2a: Toxica
|-damage|p2a: Toxica|49/100
|
|upkeep
|turn|15
|
|t:|1759014751
|move|p1a: Kingambit|Swords Dance|p1a: Kingambit
|-boost|p1a: Kingambit|atk|2
|move|p2a: Toxica|Foul Play|p1a: Kingambit
|-resisted|p1a: Kingambit
|-damage|p1a: Kingambit|69/100
|
|upkeep
|turn|16
|
|t:|1759014759
|switch|p2a: Mega Donphan|Great Tusk|22/100
|move|p1a: Kingambit|Iron Head|p2a: Mega Donphan
|-damage|p2a: Mega Donphan|0 fnt
|faint|p2a: Mega Donphan
|-end|p2a: Mega Donphan|Protosynthesis|[silent]
|
|-fieldend|move: Trick Room
|upkeep
|
|t:|1759014768
|switch|p2a: Toxica|Amoonguss, F, shiny|82/100
|turn|17
|
|t:|1759014773
|move|p2a: Toxica|Foul Play|p1a: Kingambit
|-resisted|p1a: Kingambit
|-damage|p1a: Kingambit|40/100
|move|p1a: Kingambit|Kowtow Cleave|p2a: Toxica
|-damage|p2a: Toxica|31/100
|
|upkeep
|turn|18
|
|t:|1759014779
|move|p2a: Toxica|Foul Play|p1a: Kingambit
|-resisted|p1a: Kingambit
|-damage|p1a: Kingambit|15/100
|move|p1a: Kingambit|Kowtow Cleave|p2a: Toxica
|-damage|p2a: Toxica|0 fnt
|faint|p2a: Toxica
|
|upkeep
|
|t:|1759014782
|switch|p2a: DraGhost|Dragapult, F|100/100
|turn|19
|
|t:|1759014791
|move|p2a: DraGhost|Dragon Darts|p1a: Kingambit
|-resisted|p1a: Kingambit
|-damage|p1a: Kingambit|7/100
|-anim|p2a: DraGhost|Dragon Darts|p1a: Kingambit
|-resisted|p1a: Kingambit
|-damage|p1a: Kingambit|0 fnt
|faint|p1a: Kingambit
|-end|p1a: Kingambit|fallen1|[silent]
|
|upkeep
|
|t:|1759014806
|switch|p1a: Cresselia|Cresselia, F|86/100
|-damage|p1a: Cresselia|74/100|[from] Stealth Rock
|turn|20
|
|t:|1759014815
|move|p2a: DraGhost|Light Screen|p2a: DraGhost
|-sidestart|p2: Obito 2001|move: Light Screen
|move|p1a: Cresselia|Trick Room|p1a: Cresselia
|-fieldstart|move: Trick Room|[of] p1a: Cresselia
|
|-sideend|p2: Obito 2001|Reflect
|upkeep
|turn|21
|
|t:|1759014836
|move|p1a: Cresselia|Lunar Dance|p1a: Cresselia
|faint|p1a: Cresselia
|move|p2a: DraGhost|Reflect|p2a: DraGhost
|-sidestart|p2: Obito 2001|Reflect
|
|upkeep
|
|t:|1759014840
|switch|p1a: Ursaluna|Ursaluna, F|100/100
|-damage|p1a: Ursaluna|94/100|[from] Stealth Rock
|turn|22
|
|t:|1759014850
|move|p1a: Ursaluna|Swords Dance|p1a: Ursaluna
|-boost|p1a: Ursaluna|atk|2
|move|p2a: DraGhost|Curse|p1a: Ursaluna
|-start|p1a: Ursaluna|Curse|[of] p2a: DraGhost
|-damage|p2a: DraGhost|50/100
|
|-damage|p1a: Ursaluna|69/100|[from] Curse
|-status|p1a: Ursaluna|brn|[from] item: Flame Orb
|upkeep
|turn|23
|
|t:|1759014862
|switch|p2a: OG👑|Dragonite, M|100/100
|move|p1a: Ursaluna|Headlong Rush|p2a: OG👑
|-immune|p2a: OG👑
|
|-damage|p1a: Ursaluna|63/100 brn|[from] brn
|-damage|p1a: Ursaluna|38/100 brn|[from] Curse
|upkeep
|turn|24
|
|t:|1759014870
|switch|p2a: DraGhost|Dragapult, F|50/100
|move|p1a: Ursaluna|Facade|p2a: DraGhost
|-immune|p2a: DraGhost
|
|-damage|p1a: Ursaluna|32/100 brn|[from] brn
|-damage|p1a: Ursaluna|7/100 brn|[from] Curse
|-fieldend|move: Trick Room
|upkeep
|turn|25
|
|t:|1759014893
|switch|p1a: Mimikyu|Mimikyu, M|100/100
|-damage|p1a: Mimikyu|88/100|[from] Stealth Rock
|move|p2a: DraGhost|Dragon Darts|p1a: Mimikyu
|-immune|p1a: Mimikyu
|
|upkeep
|turn|26
|
|t:|1759014901
|move|p2a: DraGhost|Curse|p1a: Mimikyu
|-start|p1a: Mimikyu|Curse|[of] p2a: DraGhost
|-damage|p2a: DraGhost|0 fnt
|faint|p2a: DraGhost
|move|p1a: Mimikyu|Swords Dance|p1a: Mimikyu
|-boost|p1a: Mimikyu|atk|2
|
|-damage|p1a: Mimikyu|63/100|[from] Curse
|upkeep
|
|t:|1759014903
|switch|p2a: OG👑|Dragonite, M|100/100
|turn|27
|
|t:|1759014914
|-terastallize|p2a: OG👑|Flying
|move|p2a: OG👑|Dragon Dance|p2a: OG👑
|-boost|p2a: OG👑|atk|1
|-boost|p2a: OG👑|spe|1
|move|p1a: Mimikyu|Play Rough|p2a: OG👑
|-damage|p2a: OG👑|71/100
|-damage|p1a: Mimikyu|53/100|[from] item: Life Orb
|
|-heal|p2a: OG👑|77/100|[from] item: Leftovers
|-damage|p1a: Mimikyu|29/100|[from] Curse
|-sideend|p2: Obito 2001|move: Light Screen
|upkeep
|turn|28
|
|t:|1759014933
|move|p2a: OG👑|Substitute|p2a: OG👑
|-start|p2a: OG👑|Substitute
|-damage|p2a: OG👑|52/100
|move|p1a: Mimikyu|Play Rough|p2a: OG👑
|-end|p2a: OG👑|Substitute
|-damage|p1a: Mimikyu|19/100|[from] item: Life Orb
|
|-heal|p2a: OG👑|58/100|[from] item: Leftovers
|-damage|p1a: Mimikyu|0 fnt|[from] Curse
|faint|p1a: Mimikyu
|-sideend|p2: Obito 2001|Reflect
|upkeep
|
|t:|1759014944
|switch|p1a: Raging Bolt|Raging Bolt|1/100
|-heal|p1a: Raging Bolt|100/100|[from] move: Lunar Dance
|-damage|p1a: Raging Bolt|88/100|[from] Stealth Rock
|turn|29
|
|t:|1759014955
|-terastallize|p1a: Raging Bolt|Fairy
|move|p2a: OG👑|Substitute|p2a: OG👑
|-start|p2a: OG👑|Substitute
|-damage|p2a: OG👑|34/100
|move|p1a: Raging Bolt|Thunderbolt|p2a: OG👑
|-supereffective|p2a: OG👑
|-end|p2a: OG👑|Substitute
|
|-heal|p2a: OG👑|40/100|[from] item: Leftovers
|upkeep
|turn|30
|
|t:|1759014963
|move|p2a: OG👑|Substitute|p2a: OG👑
|-start|p2a: OG👑|Substitute
|-damage|p2a: OG👑|15/100
|move|p1a: Raging Bolt|Thunderbolt|p2a: OG👑
|-supereffective|p2a: OG👑
|-end|p2a: OG👑|Substitute
|
|-heal|p2a: OG👑|21/100|[from] item: Leftovers
|upkeep
|turn|31
|
|t:|1759014971
|move|p2a: OG👑|Tera Blast|p1a: Raging Bolt|[anim] Tera Blast Flying
|-damage|p1a: Raging Bolt|10/100
|move|p1a: Raging Bolt|Thunderbolt|p2a: OG👑
|-supereffective|p2a: OG👑
|-damage|p2a: OG👑|0 fnt
|faint|p2a: OG👑
|
|win|snuggypooh
|raw|snuggypooh's rating: 1839 &rarr; <strong>1860</strong><br />(+21 for winning)
|raw|Obito 2001's rating: 1865 &rarr; <strong>1844</strong><br />(-21 for losing)
