|j|☆Havestol
|j|‽winfiftyfifties
|t:|1758932158
|gametype|singles
|player|p1|Havestol|mars|1517
|player|p2|winfiftyfifties|266|1591
|gen|9
|tier|[Gen 9] OU
|rated|
|rule|HP Percentage Mod: HP is shown in percentages
|rule|Endless Battle Clause: Forcing endless battles is banned
|rule|Species Clause: Limit one of each Pokémon
|rule|OHKO Clause: OHKO moves are banned
|rule|Evasion Items Clause: Evasion items are banned
|rule|Evasion Moves Clause: Evasion moves are banned
|rule|Evasion Abilities Clause: Evasion abilities are banned
|rule|Sleep Moves Clause: Sleep-inducing moves are banned
|clearpoke
|poke|p1|Regigigas|
|poke|p1|Clefable, F|
|poke|p1|Slowking-Galar, M|
|poke|p1|Ting-Lu|
|poke|p1|Gholdengo|
|poke|p1|Great Tusk|
|poke|p2|Landorus-Therian, M|
|poke|p2|Ogerpon-Wellspring, F|
|poke|p2|Iron Treads|
|poke|p2|Darkrai|
|poke|p2|Arcanine-Hisui, M|
|poke|p2|Scizor, M|
|teampreview
|inactive|Battle timer is ON: inactive players will automatically lose when time's up. (requested by winfiftyfifties)
|inactive|Havestol has 120 seconds left.
|
|t:|1758932210
|teamsize|p1|6
|teamsize|p2|6
|start
|switch|p1a: Regigigas|Regigigas, shiny|100/100
|switch|p2a: Landorus|Landorus-Therian, M|100/100
|-ability|p2a: Landorus|Intimidate|boost
|-unboost|p1a: Regigigas|atk|1
|-start|p1a: Regigigas|ability: Slow Start
|turn|1
|inactive|winfiftyfifties has 120 seconds left.
|l|‽winfiftyfifties
|inactive|winfiftyfifties disconnected and has a minute to reconnect!
|player|p2|
|j|‽winfiftyfifties
|inactive|winfiftyfifties reconnected and has 115 seconds left.
|player|p2|winfiftyfifties|266|
|n|‽winfiftyfifties|winfiftyfifties
|
|t:|1758932255
|move|p2a: Landorus|Earthquake|p1a: Regigigas
|-damage|p1a: Regigigas|35/100
|move|p1a: Regigigas|Knock Off|p2a: Landorus
|-damage|p2a: Landorus|88/100
|-enditem|p2a: Landorus|Choice Band|[from] move: Knock Off|[of] p1a: Regigigas
|
|-heal|p1a: Regigigas|41/100|[from] item: Leftovers
|upkeep
|turn|2
|
|t:|1758932260
|move|p1a: Regigigas|Protect|p1a: Regigigas
|-singleturn|p1a: Regigigas|Protect
|move|p2a: Landorus|Earthquake|p1a: Regigigas
|-activate|p1a: Regigigas|move: Protect
|
|-heal|p1a: Regigigas|47/100|[from] item: Leftovers
|upkeep
|turn|3
|
|t:|1758932266
|switch|p1a: Great Tusk|Great Tusk|100/100
|move|p2a: Landorus|Earthquake|p1a: Great Tusk
|-damage|p1a: Great Tusk|65/100
|
|upkeep
|turn|4
|
|t:|1758932275
|switch|p2a: Scizor|Scizor, M|100/100
|move|p1a: Great Tusk|Stealth Rock|p2a: Scizor
|-sidestart|p2: winfiftyfifties|move: Stealth Rock
|
|upkeep
|turn|5
|
|t:|1758932283
|move|p1a: Great Tusk|Earthquake|p2a: Scizor
|-damage|p2a: Scizor|56/100
|move|p2a: Scizor|U-turn|p1a: Great Tusk
|-resisted|p1a: Great Tusk
|-damage|p1a: Great Tusk|47/100
|
|t:|1758932288
|switch|p2a: Ogerpon|Ogerpon-Wellspring, F|100/100|[from] U-turn
|-damage|p2a: Ogerpon|88/100|[from] Stealth Rock
|
|upkeep
|turn|6
|
|t:|1758932299
|move|p2a: Ogerpon|Ivy Cudgel|p1a: Great Tusk|[anim] Ivy Cudgel Water
|-supereffective|p1a: Great Tusk
|-damage|p1a: Great Tusk|0 fnt
|faint|p1a: Great Tusk
|-end|p1a: Great Tusk|Protosynthesis|[silent]
|
|upkeep
|
|t:|1758932322
|switch|p1a: Gholdengo|Gholdengo|100/100
|-item|p1a: Gholdengo|Air Balloon
|turn|7
|
|t:|1758932326
|move|p2a: Ogerpon|U-turn|p1a: Gholdengo
|-resisted|p1a: Gholdengo
|-damage|p1a: Gholdengo|96/100
|-enditem|p1a: Gholdengo|Air Balloon
|
|t:|1758932340
|switch|p2a: Scizor|Scizor, M|56/100|[from] U-turn
|-damage|p2a: Scizor|43/100|[from] Stealth Rock
|move|p1a: Gholdengo|Shadow Ball|p2a: Scizor
|-damage|p2a: Scizor|0 fnt
|faint|p2a: Scizor
|
|upkeep
|
|t:|1758932347
|switch|p2a: Arcanine|Arcanine-Hisui, M|100/100
|-damage|p2a: Arcanine|76/100|[from] Stealth Rock
|turn|8
|
|t:|1758932357
|-terastallize|p1a: Gholdengo|Fighting
|move|p2a: Arcanine|Flare Blitz|p1a: Gholdengo
|-damage|p1a: Gholdengo|36/100
|move|p1a: Gholdengo|Focus Blast|p2a: Arcanine
|-supereffective|p2a: Arcanine
|-damage|p2a: Arcanine|0 fnt
|faint|p2a: Arcanine
|
|upkeep
|inactive|winfiftyfifties has 120 seconds left.
|inactive|winfiftyfifties has 90 seconds left.
|
|t:|1758932435
|switch|p2a: Iron Treads|Iron Treads|100/100
|-damage|p2a: Iron Treads|97/100|[from] Stealth Rock
|-enditem|p2a: Iron Treads|Booster Energy
|-activate|p2a: Iron Treads|ability: Quark Drive|[fromitem]
|-start|p2a: Iron Treads|quarkdrivespe
|turn|9
|
|t:|1758932440
|move|p2a: Iron Treads|Earthquake|p1a: Gholdengo
|-damage|p1a: Gholdengo|4/100
|move|p1a: Gholdengo|Focus Blast|p2a: Iron Treads
|-supereffective|p2a: Iron Treads
|-damage|p2a: Iron Treads|0 fnt
|faint|p2a: Iron Treads
|-end|p2a: Iron Treads|Quark Drive|[silent]
|
|upkeep
|
|t:|1758932447
|switch|p2a: Ogerpon|Ogerpon-Wellspring, F|88/100
|-damage|p2a: Ogerpon|76/100|[from] Stealth Rock
|turn|10
|
|t:|1758932465
|move|p2a: Ogerpon|Ivy Cudgel|p1a: Gholdengo|[anim] Ivy Cudgel Water
|-damage|p1a: Gholdengo|0 fnt
|faint|p1a: Gholdengo
|
|upkeep
|
|t:|1758932472
|switch|p1a: Clefable|Clefable, F|100/100
|turn|11
|
|t:|1758932479
|move|p2a: Ogerpon|U-turn|p1a: Clefable
|-resisted|p1a: Clefable
|-damage|p1a: Clefable|89/100
|
|t:|1758932482
|switch|p2a: Landorus|Landorus-Therian, M|88/100|[from] U-turn
|-damage|p2a: Landorus|75/100|[from] Stealth Rock
|-ability|p2a: Landorus|Intimidate|boost
|-unboost|p1a: Clefable|atk|1
|move|p1a: Clefable|Moonblast|p2a: Landorus
|-damage|p2a: Landorus|35/100
|-unboost|p2a: Landorus|spa|1
|
|-heal|p1a: Clefable|95/100|[from] item: Leftovers
|upkeep
|turn|12
|inactive|Havestol has 120 seconds left.
|
|t:|1758932516
|move|p2a: Landorus|Earthquake|p1a: Clefable
|-crit|p1a: Clefable
|-damage|p1a: Clefable|20/100
|move|p1a: Clefable|Wish|p1a: Clefable
|
|-heal|p1a: Clefable|26/100|[from] item: Leftovers
|upkeep
|turn|13
|
|t:|1758932522
|move|p1a: Clefable|Protect|p1a: Clefable
|-singleturn|p1a: Clefable|Protect
|move|p2a: Landorus|Earthquake|p1a: Clefable
|-activate|p1a: Clefable|move: Protect
|
|-heal|p1a: Clefable|76/100|[from] move: Wish|[wisher] Clefable
|-heal|p1a: Clefable|82/100|[from] item: Leftovers
|upkeep
|turn|14
|inactive|Havestol has 120 seconds left.
|
|t:|1758932567
|switch|p2a: Darkrai|Darkrai|100/100
|-damage|p2a: Darkrai|88/100|[from] Stealth Rock
|move|p1a: Clefable|Moonblast|p2a: Darkrai
|-supereffective|p2a: Darkrai
|-damage|p2a: Darkrai|0 fnt
|faint|p2a: Darkrai
|
|-heal|p1a: Clefable|88/100|[from] item: Leftovers
|upkeep
|-message|winfiftyfifties forfeited.
|
|win|Havestol
|raw|Havestol's rating: 1517 &rarr; <strong>1541</strong><br />(+24 for winning)
|raw|winfiftyfifties's rating: 1591 &rarr; <strong>1567</strong><br />(-24 for losing)
|l|‽winfiftyfifties
|player|p2|
