|j|☆SnomTheSnakeLover
|j|☆pablefe
|t:|1758946130
|gametype|singles
|player|p1|SnomTheSnakeLover|steven|1468
|player|p2|pablefe|clair|1431
|gen|9
|tier|[Gen 9] OU
|rated|
|rule|HP Percentage Mod: HP is shown in percentages
|rule|Endless Battle Clause: Forcing endless battles is banned
|rule|Species Clause: Limit one of each Pokémon
|rule|OHKO Clause: OHKO moves are banned
|rule|Evasion Items Clause: Evasion items are banned
|rule|Evasion Moves Clause: Evasion moves are banned
|rule|Evasion Abilities Clause: Evasion abilities are banned
|rule|Sleep Moves Clause: Sleep-inducing moves are banned
|clearpoke
|poke|p1|Mamoswine, F|
|poke|p1|Raging Bolt|
|poke|p1|Ceruledge, M|
|poke|p1|Landorus-Therian, M|
|poke|p1|Kingambit, F|
|poke|p1|Ogerpon-Wellspring, F|
|poke|p2|Heatran, F|
|poke|p2|Ogerpon-Wellspring, F|
|poke|p2|Ting-Lu|
|poke|p2|Dragapult, F|
|poke|p2|Iron Valiant|
|poke|p2|Zapdos|
|teampreview
|inactive|Battle timer is ON: inactive players will automatically lose when time's up. (requested by SnomTheSnakeLover)
|
|t:|1758946139
|teamsize|p1|6
|teamsize|p2|6
|start
|switch|p1a: Mamoswine|Mamoswine, F|100/100
|switch|p2a: Ogerpon|Ogerpon-Wellspring, F|100/100
|turn|1
|
|t:|1758946161
|switch|p1a: Raging Bolt|Raging Bolt|100/100
|-enditem|p1a: Raging Bolt|Booster Energy
|-activate|p1a: Raging Bolt|ability: Protosynthesis|[fromitem]
|-start|p1a: Raging Bolt|protosynthesisspa
|move|p2a: Ogerpon|Horn Leech|p1a: Raging Bolt
|-resisted|p1a: Raging Bolt
|-damage|p1a: Raging Bolt|80/100
|
|upkeep
|turn|2
|
|t:|1758946174
|move|p2a: Ogerpon|U-turn|p1a: Raging Bolt
|-damage|p1a: Raging Bolt|52/100
|
|t:|1758946179
|switch|p2a: Heatran|Heatran, F, shiny|100/100|[from] U-turn
|-item|p2a: Heatran|Air Balloon
|move|p1a: Raging Bolt|Calm Mind|p1a: Raging Bolt
|-boost|p1a: Raging Bolt|spa|1
|-boost|p1a: Raging Bolt|spd|1
|
|upkeep
|turn|3
|
|t:|1758946189
|move|p1a: Raging Bolt|Thunderbolt|p2a: Heatran
|-damage|p2a: Heatran|40/100
|-enditem|p2a: Heatran|Air Balloon
|move|p2a: Heatran|Stealth Rock|p1a: Raging Bolt
|-sidestart|p1: SnomTheSnakeLover|move: Stealth Rock
|
|upkeep
|turn|4
|
|t:|1758946196
|switch|p2a: Ting-Lu|Ting-Lu|100/100
|-ability|p2a: Ting-Lu|Vessel of Ruin
|move|p1a: Raging Bolt|Thunderbolt|p2a: Ting-Lu
|-immune|p2a: Ting-Lu
|
|upkeep
|turn|5
|
|t:|1758946204
|move|p1a: Raging Bolt|Dragon Pulse|p2a: Ting-Lu
|-damage|p2a: Ting-Lu|41/100
|move|p2a: Ting-Lu|Whirlwind|p1a: Raging Bolt
|-end|p1a: Raging Bolt|Protosynthesis|[silent]
|drag|p1a: Mamoswine|Mamoswine, F|100/100
|-damage|p1a: Mamoswine|88/100|[from] Stealth Rock
|
|-heal|p2a: Ting-Lu|47/100|[from] item: Leftovers
|upkeep
|turn|6
|
|t:|1758946215
|move|p1a: Mamoswine|Icicle Crash|p2a: Ting-Lu
|-supereffective|p2a: Ting-Lu
|-damage|p2a: Ting-Lu|0 fnt
|faint|p2a: Ting-Lu
|
|upkeep
|
|t:|1758946218
|switch|p2a: Heatran|Heatran, F, shiny|40/100
|turn|7
|
|t:|1758946229
|switch|p1a: Landorus|Landorus-Therian, M|100/100
|-damage|p1a: Landorus|88/100|[from] Stealth Rock
|-ability|p1a: Landorus|Intimidate|boost
|-unboost|p2a: Heatran|atk|1
|move|p2a: Heatran|Lava Plume|p1a: Landorus
|-damage|p1a: Landorus|50/100
|-status|p1a: Landorus|brn
|
|-damage|p1a: Landorus|44/100 brn|[from] brn
|upkeep
|turn|8
|
|t:|1758946241
|switch|p2a: Zapdos|Zapdos|100/100
|move|p1a: Landorus|U-turn|p2a: Zapdos
|-resisted|p2a: Zapdos
|-damage|p2a: Zapdos|97/100
|
|t:|1758946251
|switch|p1a: Raging Bolt|Raging Bolt|52/100|[from] U-turn
|-damage|p1a: Raging Bolt|40/100|[from] Stealth Rock
|
|upkeep
|turn|9
|
|t:|1758946258
|move|p1a: Raging Bolt|Calm Mind|p1a: Raging Bolt
|-boost|p1a: Raging Bolt|spa|1
|-boost|p1a: Raging Bolt|spd|1
|move|p2a: Zapdos|U-turn|p1a: Raging Bolt
|-damage|p1a: Raging Bolt|28/100
|
|t:|1758946266
|switch|p2a: Dragapult|Dragapult, F, shiny|100/100|[from] U-turn
|
|upkeep
|turn|10
|
|t:|1758946271
|switch|p2a: Heatran|Heatran, F, shiny|40/100
|move|p1a: Raging Bolt|Thunderclap||[still]
|-fail|p1a: Raging Bolt
|
|upkeep
|turn|11
|
|t:|1758946276
|move|p1a: Raging Bolt|Thunderbolt|p2a: Heatran
|-damage|p2a: Heatran|0 fnt
|faint|p2a: Heatran
|
|upkeep
|
|t:|1758946283
|switch|p2a: Ogerpon|Ogerpon-Wellspring, F|100/100
|turn|12
|
|t:|1758946291
|move|p1a: Raging Bolt|Thunderclap|p2a: Ogerpon
|-damage|p2a: Ogerpon|30/100
|move|p2a: Ogerpon|Ivy Cudgel|p1a: Raging Bolt|[anim] Ivy Cudgel Water
|-resisted|p1a: Raging Bolt
|-damage|p1a: Raging Bolt|1/100
|
|upkeep
|turn|13
|
|t:|1758946298
|move|p1a: Raging Bolt|Thunderclap|p2a: Ogerpon
|-damage|p2a: Ogerpon|0 fnt
|faint|p2a: Ogerpon
|
|upkeep
|
|t:|1758946303
|switch|p2a: Dragapult|Dragapult, F, shiny|100/100
|turn|14
|
|t:|1758946306
|move|p1a: Raging Bolt|Thunderclap||[still]
|-fail|p1a: Raging Bolt
|move|p2a: Dragapult|Substitute|p2a: Dragapult
|-start|p2a: Dragapult|Substitute
|-damage|p2a: Dragapult|76/100
|
|-heal|p2a: Dragapult|82/100|[from] item: Leftovers
|upkeep
|turn|15
|
|t:|1758946314
|move|p1a: Raging Bolt|Thunderclap|p2a: Dragapult
|-resisted|p2a: Dragapult
|-end|p2a: Dragapult|Substitute
|move|p2a: Dragapult|Dragon Darts|p1a: Raging Bolt
|-supereffective|p1a: Raging Bolt
|-damage|p1a: Raging Bolt|0 fnt
|faint|p1a: Raging Bolt
|-end|p1a: Raging Bolt|Protosynthesis|[silent]
|
|-heal|p2a: Dragapult|88/100|[from] item: Leftovers
|upkeep
|
|t:|1758946329
|switch|p1a: Mamoswine|Mamoswine, F|88/100
|-damage|p1a: Mamoswine|76/100|[from] Stealth Rock
|turn|16
|
|t:|1758946339
|-terastallize|p1a: Mamoswine|Ice
|move|p1a: Mamoswine|Ice Shard|p2a: Dragapult
|-supereffective|p2a: Dragapult
|-damage|p2a: Dragapult|0 fnt
|faint|p2a: Dragapult
|
|upkeep
|
|t:|1758946343
|switch|p2a: Iron Valiant|Iron Valiant, shiny|100/100
|turn|17
|
|t:|1758946354
|switch|p1a: Ceruledge|Ceruledge, M|100/100
|-damage|p1a: Ceruledge|76/100|[from] Stealth Rock
|-terastallize|p2a: Iron Valiant|Fairy
|move|p2a: Iron Valiant|Moonblast|p1a: Ceruledge
|-resisted|p1a: Ceruledge
|-damage|p1a: Ceruledge|37/100
|
|upkeep
|turn|18
|
|t:|1758946364
|-end|p2a: Iron Valiant|Quark Drive|[silent]
|switch|p2a: Zapdos|Zapdos|97/100
|move|p1a: Ceruledge|Shadow Sneak|p2a: Zapdos
|-damage|p2a: Zapdos|84/100
|
|upkeep
|turn|19
|
|t:|1758946371
|move|p1a: Ceruledge|Bitter Blade|p2a: Zapdos
|-damage|p2a: Zapdos|49/100
|-heal|p1a: Ceruledge|59/100|[from] drain|[of] p2a: Zapdos
|-status|p1a: Ceruledge|par|[from] ability: Static|[of] p2a: Zapdos
|move|p2a: Zapdos|Hurricane|p1a: Ceruledge
|-damage|p1a: Ceruledge|7/100 par
|
|upkeep
|turn|20
|
|t:|1758946380
|move|p1a: Ceruledge|Shadow Sneak|p2a: Zapdos
|-damage|p2a: Zapdos|34/100
|move|p2a: Zapdos|Roost|p2a: Zapdos
|-heal|p2a: Zapdos|84/100
|-singleturn|p2a: Zapdos|move: Roost
|
|upkeep
|turn|21
|
|t:|1758946387
|cant|p1a: Ceruledge|par
|move|p2a: Zapdos|Discharge|p1a: Ceruledge
|-damage|p1a: Ceruledge|0 fnt
|faint|p1a: Ceruledge
|
|upkeep
|
|t:|1758946394
|switch|p1a: Mamoswine|Mamoswine, F, tera:Ice|76/100
|-damage|p1a: Mamoswine|51/100|[from] Stealth Rock
|turn|22
|
|t:|1758946399
|move|p1a: Mamoswine|Ice Shard|p2a: Zapdos
|-supereffective|p2a: Zapdos
|-damage|p2a: Zapdos|17/100
|move|p2a: Zapdos|Discharge|p1a: Mamoswine
|-damage|p1a: Mamoswine|5/100
|
|upkeep
|turn|23
|
|t:|1758946406
|move|p1a: Mamoswine|Ice Shard|p2a: Zapdos
|-supereffective|p2a: Zapdos
|-damage|p2a: Zapdos|0 fnt
|faint|p2a: Zapdos
|
|upkeep
|
|t:|1758946411
|switch|p2a: Iron Valiant|Iron Valiant, shiny, tera:Fairy|100/100
|turn|24
|
|t:|1758946415
|move|p1a: Mamoswine|Ice Shard|p2a: Iron Valiant
|-damage|p2a: Iron Valiant|40/100
|move|p2a: Iron Valiant|Aura Sphere|p1a: Mamoswine
|-supereffective|p1a: Mamoswine
|-damage|p1a: Mamoswine|0 fnt
|faint|p1a: Mamoswine
|
|upkeep
|
|t:|1758946425
|switch|p1a: Ogerpon|Ogerpon-Wellspring, F|100/100
|-damage|p1a: Ogerpon|88/100|[from] Stealth Rock
|turn|25
|
|t:|1758946429
|move|p2a: Iron Valiant|Aura Sphere|p1a: Ogerpon
|-damage|p1a: Ogerpon|35/100
|move|p1a: Ogerpon|Ivy Cudgel|p2a: Iron Valiant|[anim] Ivy Cudgel Water
|-damage|p2a: Iron Valiant|0 fnt
|faint|p2a: Iron Valiant
|-end|p2a: Iron Valiant|Quark Drive|[silent]
|
|win|SnomTheSnakeLover
|raw|SnomTheSnakeLover's rating: 1468 &rarr; <strong>1486</strong><br />(+18 for winning)
|raw|pablefe's rating: 1431 &rarr; <strong>1413</strong><br />(-18 for losing)
|l|☆pablefe
|player|p2|
|c|☆SnomTheSnakeLover|Gg
|l|☆SnomTheSnakeLover
|player|p1|
