|badge|p1|silver|gen9ou|30-6
|html|<div class="broadcast-red"><strong>This battle is required to be public due to one or more player having a season medal.</strong><br />During the public phase, you can discuss the state of the ladder <a href="/seasondiscussion">in a special chatroom.</a></div>
|uhtml|medal-msg|<div class="broadcast-blue">Curious what those medals under the avatar are? PS now has Ladder Seasons! For more information, check out the <a href="https://www.smogon.com/forums/threads/3740067/">thread on Smogon.</a></div>
|raw|<div class="broadcast-blue"><strong>This battle is required to be public due to a player having a name starting with 'medal'.</div>
|j|☆Almighty Sa'
|j|☆Bopopolis
|t:|1758949185
|gametype|singles
|player|p1|Almighty Sa'|#wcop2025netherlands|1950
|player|p2|Bopopolis|skyla|1785
|gen|9
|tier|[Gen 9] OU
|rated|
|rule|HP Percentage Mod: HP is shown in percentages
|rule|Endless Battle Clause: Forcing endless battles is banned
|rule|Species Clause: Limit one of each Pokémon
|rule|OHKO Clause: OHKO moves are banned
|rule|Evasion Items Clause: Evasion items are banned
|rule|Evasion Moves Clause: Evasion moves are banned
|rule|Evasion Abilities Clause: Evasion abilities are banned
|rule|Sleep Moves Clause: Sleep-inducing moves are banned
|clearpoke
|poke|p1|Hoopa-Unbound|
|poke|p1|Zamazenta-*|
|poke|p1|Iron Moth|
|poke|p1|Hatterene, F|
|poke|p1|Iron Treads|
|poke|p1|Dragonite, F|
|poke|p2|Weavile, F|
|poke|p2|Great Tusk|
|poke|p2|Slowking-Galar, F|
|poke|p2|Ting-Lu|
|poke|p2|Dragapult, M|
|poke|p2|Corviknight, M|
|teampreview
|j| Shucklepilled
|inactive|Battle timer is ON: inactive players will automatically lose when time's up. (requested by Bopopolis)
|j| larp legion
|c| larp legion|bundy
|
|t:|1758949240
|teamsize|p1|6
|teamsize|p2|6
|start
|switch|p1a: Hatterene|Hatterene, F|100/100
|switch|p2a: Great Tusk|Great Tusk, shiny|100/100
|turn|1
|
|t:|1758949254
|-end|p2a: Great Tusk|Protosynthesis|[silent]
|switch|p2a: Slowking|Slowking-Galar, F, shiny|100/100
|move|p1a: Hatterene|Draining Kiss|p2a: Slowking
|-resisted|p2a: Slowking
|-damage|p2a: Slowking|94/100
|
|upkeep
|turn|2
|c|☆Almighty Sa'|quack
|
|t:|1758949261
|switch|p1a: Iron Treads|Iron Treads|100/100
|move|p2a: Slowking|Flamethrower|p1a: Iron Treads
|-supereffective|p1a: Iron Treads
|-damage|p1a: Iron Treads|34/100
|
|-heal|p1a: Iron Treads|40/100|[from] item: Leftovers
|upkeep
|turn|3
|j| Ctannn
|
|t:|1758949269
|-end|p1a: Iron Treads|Quark Drive|[silent]
|switch|p1a: Hoopa|Hoopa-Unbound|100/100
|move|p2a: Slowking|Flamethrower|p1a: Hoopa
|-damage|p1a: Hoopa|81/100
|
|upkeep
|turn|4
|
|t:|1758949279
|switch|p1a: Hatterene|Hatterene, F|100/100
|switch|p2a: Ting-Lu|Ting-Lu|100/100
|-ability|p2a: Ting-Lu|Vessel of Ruin
|
|upkeep
|turn|5
|j| amefurikoneko
|
|t:|1758949283
|switch|p2a: Slowking|Slowking-Galar, F, shiny|100/100
|move|p1a: Hatterene|Future Sight|p2a: Slowking
|-start|p1a: Hatterene|move: Future Sight
|
|upkeep
|turn|6
|
|t:|1758949290
|switch|p1a: Hoopa|Hoopa-Unbound|81/100
|move|p2a: Slowking|Sludge Bomb|p1a: Hoopa
|-damage|p1a: Hoopa|49/100
|
|upkeep
|turn|7
|
|t:|1758949301
|switch|p2a: Ting-Lu|Ting-Lu|100/100
|-ability|p2a: Ting-Lu|Vessel of Ruin
|move|p1a: Hoopa|Drain Punch|p2a: Ting-Lu
|-supereffective|p2a: Ting-Lu
|-damage|p2a: Ting-Lu|67/100
|-heal|p1a: Hoopa|78/100|[from] drain|[of] p2a: Ting-Lu
|
|-end|p2a: Ting-Lu|move: Future Sight
|-immune|p2a: Ting-Lu
|-heal|p2a: Ting-Lu|73/100|[from] item: Leftovers
|upkeep
|turn|8
|
|t:|1758949306
|switch|p1a: Hatterene|Hatterene, F|100/100
|switch|p2a: Dragapult|Dragapult, M, shiny|100/100
|
|upkeep
|turn|9
|inactive|Almighty Sa' has 120 seconds left.
|
|t:|1758949356
|move|p2a: Dragapult|U-turn|p1a: Hatterene
|-damage|p1a: Hatterene|84/100
|-damage|p2a: Dragapult|84/100|[from] item: Rocky Helmet|[of] p1a: Hatterene
|
|t:|1758949372
|switch|p2a: Slowking|Slowking-Galar, F, shiny|100/100|[from] U-turn
|move|p1a: Hatterene|Draining Kiss|p2a: Slowking
|-resisted|p2a: Slowking
|-damage|p2a: Slowking|95/100
|-heal|p1a: Hatterene|89/100|[from] drain|[of] p2a: Slowking
|
|upkeep
|turn|10
|
|t:|1758949380
|switch|p1a: Iron Treads|Iron Treads|40/100
|switch|p2a: Ting-Lu|Ting-Lu|73/100
|-ability|p2a: Ting-Lu|Vessel of Ruin
|
|-heal|p1a: Iron Treads|46/100|[from] item: Leftovers
|-heal|p2a: Ting-Lu|79/100|[from] item: Leftovers
|upkeep
|turn|11
|inactive|Almighty Sa' has 120 seconds left.
|
|t:|1758949387
|-end|p1a: Iron Treads|Quark Drive|[silent]
|switch|p1a: Hatterene|Hatterene, F|89/100
|move|p2a: Ting-Lu|Earthquake|p1a: Hatterene
|-crit|p1a: Hatterene
|-damage|p1a: Hatterene|42/100
|
|-heal|p2a: Ting-Lu|85/100|[from] item: Leftovers
|upkeep
|turn|12
|
|t:|1758949391
|move|p2a: Ting-Lu|Earthquake|p1a: Hatterene
|-damage|p1a: Hatterene|12/100
|move|p1a: Hatterene|Pain Split|p2a: Ting-Lu
|-sethp|p2a: Ting-Lu|46/100|[from] move: Pain Split|[silent]
|-sethp|p1a: Hatterene|74/100|[from] move: Pain Split
|
|-heal|p2a: Ting-Lu|53/100|[from] item: Leftovers
|upkeep
|turn|13
|
|t:|1758949396
|switch|p2a: Slowking|Slowking-Galar, F, shiny|100/100
|move|p1a: Hatterene|Mystical Fire|p2a: Slowking
|-damage|p2a: Slowking|89/100
|-unboost|p2a: Slowking|spa|1
|
|upkeep
|turn|14
|
|t:|1758949400
|switch|p1a: Hoopa|Hoopa-Unbound|78/100
|switch|p2a: Ting-Lu|Ting-Lu|53/100
|-ability|p2a: Ting-Lu|Vessel of Ruin
|
|-heal|p2a: Ting-Lu|59/100|[from] item: Leftovers
|upkeep
|turn|15
|
|t:|1758949407
|move|p1a: Hoopa|Drain Punch|p2a: Ting-Lu
|-supereffective|p2a: Ting-Lu
|-damage|p2a: Ting-Lu|26/100
|-heal|p1a: Hoopa|100/100|[from] drain|[of] p2a: Ting-Lu
|move|p2a: Ting-Lu|Ruination|p1a: Hoopa
|-damage|p1a: Hoopa|51/100
|
|-heal|p2a: Ting-Lu|32/100|[from] item: Leftovers
|upkeep
|turn|16
|
|t:|1758949414
|switch|p1a: Hatterene|Hatterene, F|74/100
|switch|p2a: Dragapult|Dragapult, M, shiny|84/100
|
|upkeep
|turn|17
|
|t:|1758949422
|switch|p2a: Slowking|Slowking-Galar, F, shiny|100/100
|switch|p1a: Hoopa|Hoopa-Unbound|51/100
|
|upkeep
|turn|18
|j| fffggghhhh
|
|t:|1758949428
|switch|p2a: Ting-Lu|Ting-Lu|32/100
|-ability|p2a: Ting-Lu|Vessel of Ruin
|move|p1a: Hoopa|Knock Off|p2a: Ting-Lu
|-resisted|p2a: Ting-Lu
|-damage|p2a: Ting-Lu|16/100
|-enditem|p2a: Ting-Lu|Leftovers|[from] move: Knock Off|[of] p1a: Hoopa
|
|upkeep
|turn|19
|
|t:|1758949432
|switch|p1a: Hatterene|Hatterene, F|74/100
|move|p2a: Ting-Lu|Ruination|p1a: Hatterene
|-damage|p1a: Hatterene|38/100
|
|upkeep
|turn|20
|
|t:|1758949438
|move|p2a: Ting-Lu|Earthquake|p1a: Hatterene
|-damage|p1a: Hatterene|4/100
|move|p1a: Hatterene|Draining Kiss|p2a: Ting-Lu
|-supereffective|p2a: Ting-Lu
|-damage|p2a: Ting-Lu|0 fnt
|-heal|p1a: Hatterene|22/100|[from] drain|[of] p2a: Ting-Lu
|faint|p2a: Ting-Lu
|
|upkeep
|l| fffggghhhh
|
|t:|1758949443
|switch|p2a: Great Tusk|Great Tusk, shiny|100/100
|turn|21
|
|t:|1758949467
|move|p2a: Great Tusk|Headlong Rush|p1a: Hatterene
|-damage|p1a: Hatterene|0 fnt
|-unboost|p2a: Great Tusk|def|1
|-unboost|p2a: Great Tusk|spd|1
|-damage|p2a: Great Tusk|84/100|[from] item: Rocky Helmet|[of] p1a: Hatterene
|faint|p1a: Hatterene
|
|upkeep
|inactive|Almighty Sa' has 120 seconds left.
|j| A.Omnipotent
|inactive|Almighty Sa' has 90 seconds left.
|
|t:|1758949524
|switch|p1a: Hoopa|Hoopa-Unbound|51/100
|turn|22
|
|t:|1758949551
|-end|p2a: Great Tusk|Protosynthesis|[silent]
|switch|p2a: Weavile|Weavile, F, shiny|100/100
|-ability|p2a: Weavile|Pressure
|move|p1a: Hoopa|Trick|p2a: Weavile
|-activate|p1a: Hoopa|move: Trick|[of] p2a: Weavile
|-item|p2a: Weavile|Choice Scarf|[from] move: Trick
|-item|p1a: Hoopa|Choice Band|[from] move: Trick
|
|upkeep
|turn|23
|inactive|Almighty Sa' has 90 seconds left.
|
|t:|1758949578
|-terastallize|p1a: Hoopa|Fighting
|move|p2a: Weavile|Knock Off|p1a: Hoopa
|-resisted|p1a: Hoopa
|-damage|p1a: Hoopa|6/100
|-enditem|p1a: Hoopa|Choice Band|[from] move: Knock Off|[of] p2a: Weavile
|move|p1a: Hoopa|Drain Punch|p2a: Weavile
|-supereffective|p2a: Weavile
|-damage|p2a: Weavile|0 fnt
|-heal|p1a: Hoopa|53/100|[from] drain|[of] p2a: Weavile
|faint|p2a: Weavile
|-item|p1a: Hoopa|Choice Scarf|[from] ability: Magician|[of] p2: Weavile
|
|upkeep
|
|t:|1758949594
|switch|p2a: Dragapult|Dragapult, M, shiny|84/100
|turn|24
|
|t:|1758949616
|switch|p1a: Zamasu|Zamazenta|100/100
|-ability|p1a: Zamasu|Dauntless Shield|boost
|-boost|p1a: Zamasu|def|1
|switch|p2a: Great Tusk|Great Tusk, shiny|84/100
|
|upkeep
|turn|25
|
|t:|1758949621
|-end|p2a: Great Tusk|Protosynthesis|[silent]
|switch|p2a: Slowking|Slowking-Galar, F, shiny|100/100
|move|p1a: Zamasu|Ice Fang|p2a: Slowking
|-damage|p2a: Slowking|84/100
|
|upkeep
|turn|26
|
|t:|1758949624
|move|p1a: Zamasu|Crunch|p2a: Slowking
|-supereffective|p2a: Slowking
|-damage|p2a: Slowking|36/100
|-unboost|p2a: Slowking|def|1
|move|p2a: Slowking|Psychic Noise|p1a: Zamasu
|-supereffective|p1a: Zamasu
|-damage|p1a: Zamasu|44/100
|-start|p1a: Zamasu|move: Heal Block
|
|upkeep
|turn|27
|inactive|Almighty Sa' has 90 seconds left.
|
|t:|1758949632
|switch|p2a: Corviknight|Corviknight, M, shiny|100/100
|-ability|p2a: Corviknight|Pressure
|move|p1a: Zamasu|Close Combat|p2a: Corviknight
|-damage|p2a: Corviknight|64/100
|-unboost|p1a: Zamasu|def|1
|-unboost|p1a: Zamasu|spd|1
|-damage|p1a: Zamasu|28/100|[from] item: Rocky Helmet|[of] p2a: Corviknight
|
|-end|p1a: Zamasu|move: Heal Block
|upkeep
|turn|28
|j| FaronAan
|inactive|Almighty Sa' has 90 seconds left.
|
|t:|1758949644
|switch|p1a: Iron Treads|Iron Treads|46/100
|move|p2a: Corviknight|Roost|p2a: Corviknight
|-heal|p2a: Corviknight|100/100
|-singleturn|p2a: Corviknight|move: Roost
|
|-heal|p1a: Iron Treads|52/100|[from] item: Leftovers
|upkeep
|turn|29
|
|t:|1758949648
|switch|p2a: Great Tusk|Great Tusk, shiny|84/100
|move|p1a: Iron Treads|Knock Off|p2a: Great Tusk
|-resisted|p2a: Great Tusk
|-damage|p2a: Great Tusk|74/100
|-enditem|p2a: Great Tusk|Heavy-Duty Boots|[from] move: Knock Off|[of] p1a: Iron Treads
|
|-heal|p1a: Iron Treads|58/100|[from] item: Leftovers
|upkeep
|turn|30
|
|t:|1758949656
|move|p1a: Iron Treads|Earthquake|p2a: Great Tusk
|-damage|p2a: Great Tusk|41/100
|move|p2a: Great Tusk|Rapid Spin|p1a: Iron Treads
|-resisted|p1a: Iron Treads
|-damage|p1a: Iron Treads|50/100
|-boost|p2a: Great Tusk|spe|1
|
|-heal|p1a: Iron Treads|56/100|[from] item: Leftovers
|upkeep
|turn|31
|
|t:|1758949667
|-end|p1a: Iron Treads|Quark Drive|[silent]
|switch|p1a: Dragonite|Dragonite, F|100/100
|move|p2a: Great Tusk|Close Combat|p1a: Dragonite
|-resisted|p1a: Dragonite
|-damage|p1a: Dragonite|83/100
|-unboost|p2a: Great Tusk|def|1
|-unboost|p2a: Great Tusk|spd|1
|
|upkeep
|turn|32
|
|t:|1758949671
|-terastallize|p2a: Great Tusk|Steel
|move|p1a: Dragonite|Extreme Speed|p2a: Great Tusk
|-resisted|p2a: Great Tusk
|-damage|p2a: Great Tusk|22/100
|move|p2a: Great Tusk|Ice Spinner|p1a: Dragonite
|-supereffective|p1a: Dragonite
|-damage|p1a: Dragonite|0 fnt
|faint|p1a: Dragonite
|
|upkeep
|
|t:|1758949675
|switch|p1a: Iron Moth|Iron Moth|100/100
|-enditem|p1a: Iron Moth|Booster Energy
|-activate|p1a: Iron Moth|ability: Quark Drive|[fromitem]
|-start|p1a: Iron Moth|quarkdrivespe
|turn|33
|
|t:|1758949687
|-end|p1a: Iron Moth|Quark Drive|[silent]
|switch|p1a: Hoopa|Hoopa-Unbound, tera:Fighting|53/100
|-end|p2a: Great Tusk|Protosynthesis|[silent]
|switch|p2a: Slowking|Slowking-Galar, F, shiny|69/100
|
|upkeep
|turn|34
|
|t:|1758949694
|switch|p2a: Corviknight|Corviknight, M, shiny|100/100
|-ability|p2a: Corviknight|Pressure
|move|p1a: Hoopa|Knock Off|p2a: Corviknight
|-damage|p2a: Corviknight|67/100
|-damage|p1a: Hoopa|36/100|[from] item: Rocky Helmet|[of] p2a: Corviknight
|-enditem|p2a: Corviknight|Rocky Helmet|[from] move: Knock Off|[of] p1a: Hoopa
|
|upkeep
|turn|35
|
|t:|1758949698
|switch|p1a: Iron Treads|Iron Treads|56/100
|move|p2a: Corviknight|U-turn|p1a: Iron Treads
|-resisted|p1a: Iron Treads
|-damage|p1a: Iron Treads|49/100
|
|t:|1758949702
|switch|p2a: Dragapult|Dragapult, M, shiny|84/100|[from] U-turn
|
|-heal|p1a: Iron Treads|55/100|[from] item: Leftovers
|upkeep
|turn|36
|
|t:|1758949709
|-end|p1a: Iron Treads|Quark Drive|[silent]
|switch|p1a: Iron Moth|Iron Moth|100/100
|move|p2a: Dragapult|Will-O-Wisp|p1a: Iron Moth
|-immune|p1a: Iron Moth
|
|upkeep
|turn|37
|
|t:|1758949726
|-end|p1a: Iron Moth|Quark Drive|[silent]
|switch|p1a: Iron Treads|Iron Treads|55/100
|move|p2a: Dragapult|U-turn|p1a: Iron Treads
|-resisted|p1a: Iron Treads
|-damage|p1a: Iron Treads|46/100
|
|t:|1758949729
|switch|p2a: Corviknight|Corviknight, M, shiny|67/100|[from] U-turn
|-ability|p2a: Corviknight|Pressure
|
|-heal|p1a: Iron Treads|52/100|[from] item: Leftovers
|upkeep
|turn|38
|inactive|Almighty Sa' has 120 seconds left.
|inactive|Almighty Sa' has 90 seconds left.
|inactive|Almighty Sa' has 60 seconds left.
|
|t:|1758949826
|-end|p1a: Iron Treads|Quark Drive|[silent]
|switch|p1a: Zamasu|Zamazenta|28/100
|move|p2a: Corviknight|Roost|p2a: Corviknight
|-heal|p2a: Corviknight|100/100
|-singleturn|p2a: Corviknight|move: Roost
|
|upkeep
|turn|39
|inactive|Almighty Sa' has 60 seconds left.
|
|t:|1758949853
|move|p1a: Zamasu|Close Combat|p2a: Corviknight
|-damage|p2a: Corviknight|65/100
|-unboost|p1a: Zamasu|def|1
|-unboost|p1a: Zamasu|spd|1
|move|p2a: Corviknight|Brave Bird|p1a: Zamasu
|-supereffective|p1a: Zamasu
|-damage|p1a: Zamasu|0 fnt
|faint|p1a: Zamasu
|-damage|p2a: Corviknight|58/100|[from] Recoil
|
|upkeep
|
|t:|1758949861
|switch|p1a: Iron Moth|Iron Moth|100/100
|turn|40
|
|t:|1758949874
|-end|p1a: Iron Moth|Quark Drive|[silent]
|switch|p1a: Hoopa|Hoopa-Unbound, tera:Fighting|36/100
|switch|p2a: Slowking|Slowking-Galar, F, shiny|100/100
|
|upkeep
|turn|41
|
|t:|1758949889
|switch|p2a: Great Tusk|Great Tusk, shiny, tera:Steel|22/100
|move|p1a: Hoopa|Knock Off|p2a: Great Tusk
|-damage|p2a: Great Tusk|0 fnt
|faint|p2a: Great Tusk
|-end|p2a: Great Tusk|Protosynthesis|[silent]
|
|upkeep
|
|t:|1758949892
|switch|p2a: Corviknight|Corviknight, M, shiny|58/100
|-ability|p2a: Corviknight|Pressure
|turn|42
|
|t:|1758949906
|switch|p1a: Iron Moth|Iron Moth|100/100
|move|p2a: Corviknight|Roost|p2a: Corviknight
|-heal|p2a: Corviknight|100/100
|-singleturn|p2a: Corviknight|move: Roost
|
|upkeep
|turn|43
|
|t:|1758949912
|-end|p1a: Iron Moth|Quark Drive|[silent]
|switch|p1a: Iron Treads|Iron Treads|52/100
|switch|p2a: Slowking|Slowking-Galar, F, shiny|100/100
|
|-heal|p1a: Iron Treads|58/100|[from] item: Leftovers
|upkeep
|turn|44
|inactive|Almighty Sa' has 60 seconds left.
|
|t:|1758949922
|switch|p2a: Corviknight|Corviknight, M, shiny|100/100
|-ability|p2a: Corviknight|Pressure
|move|p1a: Iron Treads|Earthquake|p2a: Corviknight
|-immune|p2a: Corviknight
|
|-heal|p1a: Iron Treads|65/100|[from] item: Leftovers
|upkeep
|turn|45
|inactive|Bopopolis has 120 seconds left.
|j| iron quark
|
|t:|1758949969
|move|p1a: Iron Treads|Stealth Rock|p2a: Corviknight
|-sidestart|p2: Bopopolis|move: Stealth Rock
|move|p2a: Corviknight|Brave Bird|p1a: Iron Treads
|-resisted|p1a: Iron Treads
|-damage|p1a: Iron Treads|47/100
|-damage|p2a: Corviknight|96/100|[from] Recoil
|
|-heal|p1a: Iron Treads|53/100|[from] item: Leftovers
|upkeep
|turn|46
|
|t:|1758949979
|move|p1a: Iron Treads|Knock Off|p2a: Corviknight
|-damage|p2a: Corviknight|84/100
|move|p2a: Corviknight|Defog|p1a: Iron Treads
|-unboost|p1a: Iron Treads|evasion|1
|-sideend|p2: Bopopolis|Stealth Rock|[from] move: Defog|[of] p2a: Corviknight
|
|-heal|p1a: Iron Treads|59/100|[from] item: Leftovers
|upkeep
|turn|47
|inactive|Bopopolis has 120 seconds left.
|
|t:|1758949987
|move|p1a: Iron Treads|Stealth Rock|p2a: Corviknight
|-sidestart|p2: Bopopolis|move: Stealth Rock
|move|p2a: Corviknight|Brave Bird|p1a: Iron Treads
|-resisted|p1a: Iron Treads
|-damage|p1a: Iron Treads|43/100
|-damage|p2a: Corviknight|80/100|[from] Recoil
|
|-heal|p1a: Iron Treads|49/100|[from] item: Leftovers
|upkeep
|turn|48
|inactive|Almighty Sa' has 90 seconds left.
|
|t:|1758949993
|move|p1a: Iron Treads|Knock Off|p2a: Corviknight
|-damage|p2a: Corviknight|67/100
|move|p2a: Corviknight|Defog|p1a: Iron Treads
|-unboost|p1a: Iron Treads|evasion|1
|-sideend|p2: Bopopolis|Stealth Rock|[from] move: Defog|[of] p2a: Corviknight
|
|-heal|p1a: Iron Treads|55/100|[from] item: Leftovers
|upkeep
|turn|49
|inactive|Bopopolis has 120 seconds left.
|
|t:|1758950027
|move|p1a: Iron Treads|Stealth Rock|p2a: Corviknight
|-sidestart|p2: Bopopolis|move: Stealth Rock
|move|p2a: Corviknight|Roost|p2a: Corviknight
|-heal|p2a: Corviknight|100/100
|-singleturn|p2a: Corviknight|move: Roost
|
|-heal|p1a: Iron Treads|61/100|[from] item: Leftovers
|upkeep
|turn|50
|inactive|Bopopolis has 90 seconds left.
|
|t:|1758950061
|move|p1a: Iron Treads|Knock Off|p2a: Corviknight
|-damage|p2a: Corviknight|89/100
|move|p2a: Corviknight|Defog|p1a: Iron Treads
|-unboost|p1a: Iron Treads|evasion|1
|-sideend|p2: Bopopolis|Stealth Rock|[from] move: Defog|[of] p2a: Corviknight
|
|-heal|p1a: Iron Treads|67/100|[from] item: Leftovers
|upkeep
|turn|51
|
|t:|1758950067
|move|p1a: Iron Treads|Stealth Rock|p2a: Corviknight
|-sidestart|p2: Bopopolis|move: Stealth Rock
|move|p2a: Corviknight|Brave Bird|p1a: Iron Treads
|-resisted|p1a: Iron Treads
|-damage|p1a: Iron Treads|50/100
|-damage|p2a: Corviknight|84/100|[from] Recoil
|
|-heal|p1a: Iron Treads|56/100|[from] item: Leftovers
|upkeep
|turn|52
|c|☆Bopopolis|Are we really playing this out lol
|j| IM AT MY LIMIT
|
|t:|1758950081
|move|p1a: Iron Treads|Knock Off|p2a: Corviknight
|-damage|p2a: Corviknight|71/100
|move|p2a: Corviknight|Defog|p1a: Iron Treads
|-unboost|p1a: Iron Treads|evasion|1
|-sideend|p2: Bopopolis|Stealth Rock|[from] move: Defog|[of] p2a: Corviknight
|
|-heal|p1a: Iron Treads|62/100|[from] item: Leftovers
|upkeep
|turn|53
|c|☆Almighty Sa'|u can ff if u want
|
|t:|1758950090
|move|p1a: Iron Treads|Stealth Rock|p2a: Corviknight
|-sidestart|p2: Bopopolis|move: Stealth Rock
|move|p2a: Corviknight|Brave Bird|p1a: Iron Treads
|-resisted|p1a: Iron Treads
|-damage|p1a: Iron Treads|46/100
|-damage|p2a: Corviknight|66/100|[from] Recoil
|
|-heal|p1a: Iron Treads|52/100|[from] item: Leftovers
|upkeep
|turn|54
|
|t:|1758950095
|move|p1a: Iron Treads|Knock Off|p2a: Corviknight
|-damage|p2a: Corviknight|53/100
|move|p2a: Corviknight|Defog|p1a: Iron Treads
|-unboost|p1a: Iron Treads|evasion|1
|-sideend|p2: Bopopolis|Stealth Rock|[from] move: Defog|[of] p2a: Corviknight
|
|-heal|p1a: Iron Treads|58/100|[from] item: Leftovers
|upkeep
|turn|55
|
|t:|1758950103
|move|p1a: Iron Treads|Stealth Rock|p2a: Corviknight
|-sidestart|p2: Bopopolis|move: Stealth Rock
|move|p2a: Corviknight|Roost|p2a: Corviknight
|-heal|p2a: Corviknight|100/100
|-singleturn|p2a: Corviknight|move: Roost
|
|-heal|p1a: Iron Treads|64/100|[from] item: Leftovers
|upkeep
|turn|56
|
|t:|1758950107
|move|p1a: Iron Treads|Knock Off|p2a: Corviknight
|-damage|p2a: Corviknight|88/100
|move|p2a: Corviknight|Defog|p1a: Iron Treads
|-unboost|p1a: Iron Treads|evasion|1
|-sideend|p2: Bopopolis|Stealth Rock|[from] move: Defog|[of] p2a: Corviknight
|
|-heal|p1a: Iron Treads|70/100|[from] item: Leftovers
|upkeep
|turn|57
|j| EQLY
|
|t:|1758950114
|switch|p2a: Dragapult|Dragapult, M, shiny|84/100
|move|p1a: Iron Treads|Stealth Rock|p2a: Dragapult
|-sidestart|p2: Bopopolis|move: Stealth Rock
|
|-heal|p1a: Iron Treads|76/100|[from] item: Leftovers
|upkeep
|turn|58
|l| EQLY
|l| Ctannn
|
|t:|1758950127
|move|p2a: Dragapult|Will-O-Wisp|p1a: Iron Treads
|-status|p1a: Iron Treads|brn
|move|p1a: Iron Treads|Knock Off|p2a: Dragapult
|-supereffective|p2a: Dragapult
|-crit|p2a: Dragapult
|-damage|p2a: Dragapult|18/100
|-enditem|p2a: Dragapult|Heavy-Duty Boots|[from] move: Knock Off|[of] p1a: Iron Treads
|
|-heal|p1a: Iron Treads|82/100 brn|[from] item: Leftovers
|-damage|p1a: Iron Treads|76/100 brn|[from] brn
|upkeep
|turn|59
|c| larp legion|hi bundy
|
|t:|1758950138
|-end|p1a: Iron Treads|Quark Drive|[silent]
|switch|p1a: Iron Moth|Iron Moth|100/100
|move|p2a: Dragapult|Dragon Darts|p1a: Iron Moth
|-damage|p1a: Iron Moth|70/100
|-anim|p2a: Dragapult|Dragon Darts|p1a: Iron Moth
|-damage|p1a: Iron Moth|37/100
|
|upkeep
|turn|60
|
|t:|1758950145
|-end|p1a: Iron Moth|Quark Drive|[silent]
|switch|p1a: Iron Treads|Iron Treads|76/100 brn
|move|p2a: Dragapult|Dragon Darts|p1a: Iron Treads
|-resisted|p1a: Iron Treads
|-crit|p1a: Iron Treads
|-damage|p1a: Iron Treads|61/100 brn
|-anim|p2a: Dragapult|Dragon Darts|p1a: Iron Treads
|-resisted|p1a: Iron Treads
|-damage|p1a: Iron Treads|50/100 brn
|
|-heal|p1a: Iron Treads|57/100 brn|[from] item: Leftovers
|-damage|p1a: Iron Treads|50/100 brn|[from] brn
|upkeep
|turn|61
|
|t:|1758950162
|-end|p1a: Iron Treads|Quark Drive|[silent]
|switch|p1a: Hoopa|Hoopa-Unbound, tera:Fighting|36/100
|move|p2a: Dragapult|Hex|p1a: Hoopa
|-damage|p1a: Hoopa|14/100
|
|upkeep
|turn|62
|
|t:|1758950174
|switch|p2a: Corviknight|Corviknight, M, shiny|88/100
|-damage|p2a: Corviknight|76/100|[from] Stealth Rock
|-ability|p2a: Corviknight|Pressure
|move|p1a: Hoopa|Psychic|p2a: Corviknight
|-resisted|p2a: Corviknight
|-damage|p2a: Corviknight|51/100
|
|upkeep
|turn|63
|
|t:|1758950196
|switch|p1a: Iron Treads|Iron Treads|50/100 brn
|move|p2a: Corviknight|Brave Bird|p1a: Iron Treads
|-resisted|p1a: Iron Treads
|-damage|p1a: Iron Treads|34/100 brn
|-damage|p2a: Corviknight|47/100|[from] Recoil
|
|-heal|p1a: Iron Treads|40/100 brn|[from] item: Leftovers
|-damage|p1a: Iron Treads|34/100 brn|[from] brn
|upkeep
|turn|64
|inactive|Bopopolis has 120 seconds left.
|j| yrmpa
|c|☆Almighty Sa'|oi quack
|inactive|Bopopolis has 90 seconds left.
|
|t:|1758950279
|-end|p1a: Iron Treads|Quark Drive|[silent]
|switch|p1a: Iron Moth|Iron Moth|37/100
|move|p2a: Corviknight|Roost|p2a: Corviknight
|-heal|p2a: Corviknight|97/100
|-singleturn|p2a: Corviknight|move: Roost
|
|upkeep
|turn|65
|
|t:|1758950294
|switch|p2a: Slowking|Slowking-Galar, F, shiny|100/100
|-damage|p2a: Slowking|88/100|[from] Stealth Rock
|move|p1a: Iron Moth|Fiery Dance|p2a: Slowking
|-damage|p2a: Slowking|66/100
|
|upkeep
|turn|66
|
|t:|1758950308
|-end|p1a: Iron Moth|Quark Drive|[silent]
|switch|p1a: Iron Treads|Iron Treads|34/100 brn
|move|p2a: Slowking|Flamethrower|p1a: Iron Treads
|-supereffective|p1a: Iron Treads
|-damage|p1a: Iron Treads|0 fnt
|faint|p1a: Iron Treads
|-end|p1a: Iron Treads|Quark Drive|[silent]
|
|upkeep
|
|t:|1758950312
|switch|p1a: Hoopa|Hoopa-Unbound, tera:Fighting|14/100
|turn|67
|
|t:|1758950319
|switch|p1a: Iron Moth|Iron Moth|37/100
|switch|p2a: Corviknight|Corviknight, M, shiny|97/100
|-damage|p2a: Corviknight|84/100|[from] Stealth Rock
|-ability|p2a: Corviknight|Pressure
|
|upkeep
|turn|68
|
|t:|1758950322
|-end|p1a: Iron Moth|Quark Drive|[silent]
|switch|p1a: Hoopa|Hoopa-Unbound, tera:Fighting|14/100
|switch|p2a: Slowking|Slowking-Galar, F, shiny|99/100
|-damage|p2a: Slowking|87/100|[from] Stealth Rock
|
|upkeep
|turn|69
|
|t:|1758950329
|switch|p1a: Iron Moth|Iron Moth|37/100
|move|p2a: Slowking|Psychic Noise|p1a: Iron Moth
|-supereffective|p1a: Iron Moth
|-damage|p1a: Iron Moth|0 fnt
|faint|p1a: Iron Moth
|-end|p1a: Iron Moth|Quark Drive|[silent]
|
|upkeep
|
|t:|1758950332
|switch|p1a: Hoopa|Hoopa-Unbound, tera:Fighting|14/100
|turn|70
|c|☆Almighty Sa'|Gg
|
|t:|1758950337
|move|p1a: Hoopa|Knock Off|p2a: Slowking
|-supereffective|p2a: Slowking
|-damage|p2a: Slowking|2/100
|-enditem|p2a: Slowking|Assault Vest|[from] move: Knock Off|[of] p1a: Hoopa
|move|p2a: Slowking|Psychic Noise|p1a: Hoopa
|-supereffective|p1a: Hoopa
|-damage|p1a: Hoopa|0 fnt
|faint|p1a: Hoopa
|
|win|Bopopolis
|raw|Almighty Sa&apos;'s rating: 1950 &rarr; <strong>1921</strong><br />(-29 for losing)
|raw|Bopopolis's rating: 1785 &rarr; <strong>1814</strong><br />(+29 for winning)
|c|☆Bopopolis|gg
|l|☆Almighty Sa'
|player|p1|
|l| FaronAan
|l| Shucklepilled
|l| yrmpa
|l|☆Bopopolis
|player|p2|
|l| A.Omnipotent
|l| amefurikoneko
|l| larp legion
