|j|☆Devn07
|j|☆wszzl
|t:|1759043559
|gametype|singles
|player|p1|Devn07|102|1297
|player|p2|wszzl|fisherman|1344
|gen|9
|tier|[Gen 9] OU
|rated|
|rule|HP Percentage Mod: HP is shown in percentages
|rule|Endless Battle Clause: Forcing endless battles is banned
|rule|Species Clause: Limit one of each Pokémon
|rule|OHKO Clause: OHKO moves are banned
|rule|Evasion Items Clause: Evasion items are banned
|rule|Evasion Moves Clause: Evasion moves are banned
|rule|Evasion Abilities Clause: Evasion abilities are banned
|rule|Sleep Moves Clause: Sleep-inducing moves are banned
|clearpoke
|poke|p1|Pelipper, M|
|poke|p1|Barraskewda, M|
|poke|p1|Quaquaval, F|
|poke|p1|Slowking-Galar, F|
|poke|p1|Iron Valiant|
|poke|p1|Garganacl, F|
|poke|p2|Samurott-Hisui, F|
|poke|p2|Mamoswine, F|
|poke|p2|Volcanion|
|poke|p2|Hydrapple, F|
|poke|p2|Gholdengo|
|poke|p2|Landorus-Therian, M|
|teampreview
|inactive|Battle timer is ON: inactive players will automatically lose when time's up. (requested by wszzl)
|
|t:|1759043602
|teamsize|p1|6
|teamsize|p2|6
|start
|switch|p1a: Barraskewda|Barraskewda, M, shiny|100/100
|switch|p2a: Landorus|Landorus-Therian, M|100/100
|-ability|p2a: Landorus|Intimidate|boost
|-unboost|p1a: Barraskewda|atk|1
|turn|1
|
|t:|1759043608
|move|p2a: Landorus|U-turn|p1a: Barraskewda
|-damage|p1a: Barraskewda|47/100
|
|t:|1759043610
|switch|p2a: Volcanion|Volcanion|100/100|[from] U-turn
|move|p1a: Barraskewda|Double-Edge|p2a: Volcanion
|-damage|p2a: Volcanion|63/100
|-damage|p1a: Barraskewda|30/100|[from] Recoil
|
|upkeep
|turn|2
|
|t:|1759043618
|switch|p1a: Slowking|Slowking-Galar, F|100/100
|switch|p2a: Gholdengo|Gholdengo|100/100
|-item|p2a: Gholdengo|Air Balloon
|
|upkeep
|turn|3
|
|t:|1759043623
|move|p2a: Gholdengo|Thunder Wave|p1a: Slowking
|-status|p1a: Slowking|par
|move|p1a: Slowking|Shadow Ball|p2a: Gholdengo
|-supereffective|p2a: Gholdengo
|-damage|p2a: Gholdengo|69/100
|-enditem|p2a: Gholdengo|Air Balloon
|
|upkeep
|turn|4
|
|t:|1759043640
|switch|p1a: Garganacl|Garganacl, F|100/100
|move|p2a: Gholdengo|Hex|p1a: Garganacl
|-damage|p1a: Garganacl|87/100
|
|-heal|p1a: Garganacl|93/100|[from] item: Leftovers
|upkeep
|turn|5
|
|t:|1759043645
|move|p1a: Garganacl|Protect|p1a: Garganacl
|-singleturn|p1a: Garganacl|Protect
|move|p2a: Gholdengo|Make It Rain|p1a: Garganacl
|-activate|p1a: Garganacl|move: Protect
|
|-heal|p1a: Garganacl|99/100|[from] item: Leftovers
|upkeep
|turn|6
|
|t:|1759043655
|switch|p1a: Slowking|Slowking-Galar, F|100/100 par
|move|p2a: Gholdengo|Thunder Wave|p1a: Slowking
|-fail|p1a: Slowking|par
|
|upkeep
|turn|7
|
|t:|1759043659
|move|p2a: Gholdengo|Recover|p2a: Gholdengo
|-heal|p2a: Gholdengo|100/100
|move|p1a: Slowking|Shadow Ball|p2a: Gholdengo
|-supereffective|p2a: Gholdengo
|-damage|p2a: Gholdengo|72/100
|-unboost|p2a: Gholdengo|spd|1
|
|upkeep
|turn|8
|
|t:|1759043666
|move|p2a: Gholdengo|Make It Rain|p1a: Slowking
|-damage|p1a: Slowking|81/100 par
|-unboost|p2a: Gholdengo|spa|1
|cant|p1a: Slowking|par
|
|upkeep
|turn|9
|
|t:|1759043672
|switch|p2a: Samurott|Samurott-Hisui, F|100/100
|cant|p1a: Slowking|par
|
|upkeep
|turn|10
|
|t:|1759043685
|switch|p1a: Iron Valiant|Iron Valiant, shiny|100/100
|move|p2a: Samurott|Ceaseless Edge|p1a: Iron Valiant
|-resisted|p1a: Iron Valiant
|-damage|p1a: Iron Valiant|85/100
|-sidestart|p1: Devn07|Spikes
|
|upkeep
|turn|11
|
|t:|1759043693
|switch|p2a: Gholdengo|Gholdengo|72/100
|move|p1a: Iron Valiant|Knock Off|p2a: Gholdengo
|-supereffective|p2a: Gholdengo
|-damage|p2a: Gholdengo|35/100
|
|upkeep
|turn|12
|
|t:|1759043702
|-end|p1a: Iron Valiant|Quark Drive|[silent]
|switch|p1a: Slowking|Slowking-Galar, F|100/100 par
|-damage|p1a: Slowking|88/100 par|[from] Spikes
|switch|p2a: Landorus|Landorus-Therian, M|100/100
|-ability|p2a: Landorus|Intimidate|boost
|-unboost|p1a: Slowking|atk|1
|
|upkeep
|turn|13
|
|t:|1759043706
|move|p2a: Landorus|Earthquake|p1a: Slowking
|-supereffective|p1a: Slowking
|-damage|p1a: Slowking|0 fnt
|faint|p1a: Slowking
|
|upkeep
|
|t:|1759043726
|switch|p1a: Pelipper|Pelipper, M|100/100
|-weather|RainDance|[from] ability: Drizzle|[of] p1a: Pelipper
|turn|14
|
|t:|1759043738
|switch|p2a: Volcanion|Volcanion|63/100
|move|p1a: Pelipper|Hurricane|p2a: Volcanion
|-damage|p2a: Volcanion|24/100
|
|-weather|RainDance|[upkeep]
|upkeep
|turn|15
|
|t:|1759043746
|switch|p2a: Gholdengo|Gholdengo|35/100
|move|p1a: Pelipper|U-turn|p2a: Gholdengo
|-resisted|p2a: Gholdengo
|-damage|p2a: Gholdengo|32/100
|
|t:|1759043758
|switch|p1a: Quaquaval|Quaquaval, F|100/100|[from] U-turn
|
|-weather|RainDance|[upkeep]
|upkeep
|turn|16
|
|t:|1759043764
|switch|p2a: Hydrapple|Hydrapple, F|100/100
|move|p1a: Quaquaval|Knock Off|p2a: Hydrapple
|-damage|p2a: Hydrapple|84/100
|-damage|p1a: Quaquaval|84/100|[from] item: Rocky Helmet|[of] p2a: Hydrapple
|-enditem|p2a: Hydrapple|Rocky Helmet|[from] move: Knock Off|[of] p1a: Quaquaval
|
|-weather|RainDance|[upkeep]
|upkeep
|turn|17
|
|t:|1759043773
|switch|p1a: Iron Valiant|Iron Valiant, shiny|85/100
|-damage|p1a: Iron Valiant|72/100|[from] Spikes
|move|p2a: Hydrapple|Giga Drain|p1a: Iron Valiant
|-damage|p1a: Iron Valiant|13/100
|-heal|p2a: Hydrapple|100/100|[from] drain|[of] p1a: Iron Valiant
|
|-weather|RainDance|[upkeep]
|upkeep
|turn|18
|
|t:|1759043786
|switch|p2a: Gholdengo|Gholdengo|32/100
|move|p1a: Iron Valiant|Moonblast|p2a: Gholdengo
|-resisted|p2a: Gholdengo
|-damage|p2a: Gholdengo|9/100
|
|-weather|RainDance|[upkeep]
|upkeep
|turn|19
|
|t:|1759043790
|move|p1a: Iron Valiant|Moonblast|p2a: Gholdengo
|-resisted|p2a: Gholdengo
|-damage|p2a: Gholdengo|0 fnt
|faint|p2a: Gholdengo
|
|-weather|RainDance|[upkeep]
|upkeep
|
|t:|1759043794
|switch|p2a: Mamoswine|Mamoswine, F|100/100
|turn|20
|
|t:|1759043803
|-end|p1a: Iron Valiant|Quark Drive|[silent]
|switch|p1a: Quaquaval|Quaquaval, F|84/100
|move|p2a: Mamoswine|Ice Shard|p1a: Quaquaval
|-resisted|p1a: Quaquaval
|-damage|p1a: Quaquaval|64/100
|-damage|p2a: Mamoswine|91/100|[from] item: Life Orb
|
|-weather|RainDance|[upkeep]
|upkeep
|turn|21
|
|t:|1759043809
|switch|p2a: Volcanion|Volcanion|24/100
|move|p1a: Quaquaval|Rapid Spin|p2a: Volcanion
|-damage|p2a: Volcanion|10/100
|-boost|p1a: Quaquaval|spe|1
|-sideend|p1: Devn07|Spikes|[from] move: Rapid Spin|[of] p1a: Quaquaval
|
|-weather|none
|upkeep
|turn|22
|
|t:|1759043819
|move|p1a: Quaquaval|Knock Off|p2a: Volcanion
|-damage|p2a: Volcanion|0 fnt
|-enditem|p2a: Volcanion|Heavy-Duty Boots|[from] move: Knock Off|[of] p1a: Quaquaval
|faint|p2a: Volcanion
|-ability|p1a: Quaquaval|Moxie|boost
|-boost|p1a: Quaquaval|atk|1
|
|upkeep
|
|t:|1759043823
|switch|p2a: Samurott|Samurott-Hisui, F|100/100
|turn|23
|
|t:|1759043831
|move|p1a: Quaquaval|Aqua Step|p2a: Samurott
|-resisted|p2a: Samurott
|-damage|p2a: Samurott|67/100
|-boost|p1a: Quaquaval|spe|1
|move|p2a: Samurott|Sacred Sword|p1a: Quaquaval
|-damage|p1a: Quaquaval|2/100
|
|upkeep
|turn|24
|
|t:|1759043838
|move|p2a: Samurott|Aqua Jet|p1a: Quaquaval
|-resisted|p1a: Quaquaval
|-damage|p1a: Quaquaval|0 fnt
|faint|p1a: Quaquaval
|
|upkeep
|
|t:|1759043845
|switch|p1a: Garganacl|Garganacl, F|99/100
|turn|25
|
|t:|1759043848
|move|p2a: Samurott|Razor Shell|p1a: Garganacl
|-supereffective|p1a: Garganacl
|-damage|p1a: Garganacl|44/100
|-unboost|p1a: Garganacl|def|1
|move|p1a: Garganacl|Salt Cure|p2a: Samurott
|-damage|p2a: Samurott|50/100
|-start|p2a: Samurott|Salt Cure
|
|-heal|p1a: Garganacl|50/100|[from] item: Leftovers
|-damage|p2a: Samurott|25/100|[from] Salt Cure
|upkeep
|turn|26
|
|t:|1759043857
|switch|p1a: Pelipper|Pelipper, M|100/100
|-weather|RainDance|[from] ability: Drizzle|[of] p1a: Pelipper
|move|p2a: Samurott|Sacred Sword|p1a: Pelipper
|-resisted|p1a: Pelipper
|-damage|p1a: Pelipper|77/100
|
|-weather|RainDance|[upkeep]
|-damage|p2a: Samurott|0 fnt|[from] Salt Cure
|faint|p2a: Samurott
|upkeep
|
|t:|1759043862
|switch|p2a: Mamoswine|Mamoswine, F|91/100
|turn|27
|
|t:|1759043866
|move|p2a: Mamoswine|Icicle Crash|p1a: Pelipper
|-damage|p1a: Pelipper|14/100
|-damage|p2a: Mamoswine|81/100|[from] item: Life Orb
|move|p1a: Pelipper|Weather Ball|p2a: Mamoswine
|-supereffective|p2a: Mamoswine
|-damage|p2a: Mamoswine|0 fnt
|faint|p2a: Mamoswine
|
|-weather|RainDance|[upkeep]
|upkeep
|
|t:|1759043871
|switch|p2a: Hydrapple|Hydrapple, F|100/100
|turn|28
|
|t:|1759043883
|move|p1a: Pelipper|Hurricane|p2a: Hydrapple
|-supereffective|p2a: Hydrapple
|-damage|p2a: Hydrapple|29/100
|-start|p2a: Hydrapple|confusion
|-activate|p2a: Hydrapple|confusion
|move|p2a: Hydrapple|Giga Drain|p1a: Pelipper
|-damage|p1a: Pelipper|0 fnt
|-heal|p2a: Hydrapple|34/100|[from] drain|[of] p1a: Pelipper
|faint|p1a: Pelipper
|
|-weather|RainDance|[upkeep]
|upkeep
|
|t:|1759043892
|switch|p1a: Barraskewda|Barraskewda, M, shiny|30/100
|turn|29
|
|t:|1759043904
|switch|p2a: Landorus|Landorus-Therian, M|100/100
|-ability|p2a: Landorus|Intimidate|boost
|-unboost|p1a: Barraskewda|atk|1
|move|p1a: Barraskewda|Close Combat|p2a: Landorus
|-resisted|p2a: Landorus
|-damage|p2a: Landorus|74/100
|-unboost|p1a: Barraskewda|def|1
|-unboost|p1a: Barraskewda|spd|1
|
|-weather|RainDance|[upkeep]
|upkeep
|turn|30
|
|t:|1759043926
|switch|p1a: Garganacl|Garganacl, F|50/100
|switch|p2a: Hydrapple|Hydrapple, F|68/100
|
|-weather|RainDance|[upkeep]
|-heal|p1a: Garganacl|56/100|[from] item: Leftovers
|upkeep
|turn|31
|
|t:|1759043935
|-terastallize|p1a: Garganacl|Flying
|move|p2a: Hydrapple|Giga Drain|p1a: Garganacl
|-resisted|p1a: Garganacl
|-damage|p1a: Garganacl|42/100
|-heal|p2a: Hydrapple|75/100|[from] drain|[of] p1a: Garganacl
|move|p1a: Garganacl|Recover|p1a: Garganacl
|-heal|p1a: Garganacl|92/100
|
|-weather|RainDance|[upkeep]
|-heal|p1a: Garganacl|98/100|[from] item: Leftovers
|upkeep
|turn|32
|
|t:|1759043940
|move|p2a: Hydrapple|Nasty Plot|p2a: Hydrapple
|-boost|p2a: Hydrapple|spa|2
|move|p1a: Garganacl|Salt Cure|p2a: Hydrapple
|-damage|p2a: Hydrapple|67/100
|-start|p2a: Hydrapple|Salt Cure
|
|-weather|RainDance|[upkeep]
|-heal|p1a: Garganacl|100/100|[from] item: Leftovers
|-damage|p2a: Hydrapple|54/100|[from] Salt Cure
|upkeep
|turn|33
|
|t:|1759043948
|move|p2a: Hydrapple|Fickle Beam|p1a: Garganacl
|-damage|p1a: Garganacl|46/100
|move|p1a: Garganacl|Recover|p1a: Garganacl
|-heal|p1a: Garganacl|96/100
|
|-weather|none
|-heal|p1a: Garganacl|100/100|[from] item: Leftovers
|-damage|p2a: Hydrapple|42/100|[from] Salt Cure
|upkeep
|turn|34
|
|t:|1759043953
|switch|p2a: Landorus|Landorus-Therian, M|74/100
|-ability|p2a: Landorus|Intimidate|boost
|-unboost|p1a: Garganacl|atk|1
|move|p1a: Garganacl|Protect||[still]
|-fail|p1a: Garganacl
|
|upkeep
|turn|35
|
|t:|1759043956
|move|p2a: Landorus|Stone Edge|p1a: Garganacl
|-supereffective|p1a: Garganacl
|-damage|p1a: Garganacl|65/100
|move|p1a: Garganacl|Salt Cure|p2a: Landorus
|-damage|p2a: Landorus|63/100
|-start|p2a: Landorus|Salt Cure
|
|-heal|p1a: Garganacl|71/100|[from] item: Leftovers
|-damage|p2a: Landorus|50/100|[from] Salt Cure
|upkeep
|turn|36
|
|t:|1759043960
|switch|p2a: Hydrapple|Hydrapple, F|75/100
|move|p1a: Garganacl|Recover|p1a: Garganacl
|-heal|p1a: Garganacl|100/100
|
|upkeep
|turn|37
|
|t:|1759043962
|move|p2a: Hydrapple|Nasty Plot|p2a: Hydrapple
|-boost|p2a: Hydrapple|spa|2
|move|p1a: Garganacl|Salt Cure|p2a: Hydrapple
|-damage|p2a: Hydrapple|70/100
|-start|p2a: Hydrapple|Salt Cure
|
|-damage|p2a: Hydrapple|58/100|[from] Salt Cure
|upkeep
|turn|38
|
|t:|1759043972
|switch|p1a: Barraskewda|Barraskewda, M, shiny|30/100
|move|p2a: Hydrapple|Giga Drain|p1a: Barraskewda
|-supereffective|p1a: Barraskewda
|-damage|p1a: Barraskewda|0 fnt
|-heal|p2a: Hydrapple|67/100|[from] drain|[of] p1a: Barraskewda
|faint|p1a: Barraskewda
|
|-damage|p2a: Hydrapple|55/100|[from] Salt Cure
|upkeep
|
|t:|1759043976
|switch|p1a: Iron Valiant|Iron Valiant, shiny|13/100
|turn|39
|
|t:|1759043983
|-terastallize|p2a: Hydrapple|Fairy
|move|p1a: Iron Valiant|Moonblast|p2a: Hydrapple
|-damage|p2a: Hydrapple|0 fnt
|faint|p2a: Hydrapple
|
|upkeep
|
|t:|1759043987
|switch|p2a: Landorus|Landorus-Therian, M|50/100
|-ability|p2a: Landorus|Intimidate|boost
|-unboost|p1a: Iron Valiant|atk|1
|turn|40
|
|t:|1759043991
|move|p2a: Landorus|Stone Edge|p1a: Iron Valiant
|-resisted|p1a: Iron Valiant
|-damage|p1a: Iron Valiant|0 fnt
|faint|p1a: Iron Valiant
|-end|p1a: Iron Valiant|Quark Drive|[silent]
|
|upkeep
|
|t:|1759043994
|switch|p1a: Garganacl|Garganacl, F, tera:Flying|100/100
|turn|41
|
|t:|1759043996
|move|p2a: Landorus|Stone Edge|p1a: Garganacl
|-supereffective|p1a: Garganacl
|-damage|p1a: Garganacl|62/100
|move|p1a: Garganacl|Salt Cure|p2a: Landorus
|-damage|p2a: Landorus|33/100
|-start|p2a: Landorus|Salt Cure
|
|-heal|p1a: Garganacl|68/100|[from] item: Leftovers
|-damage|p2a: Landorus|21/100|[from] Salt Cure
|upkeep
|turn|42
|
|t:|1759044008
|move|p2a: Landorus|Stone Edge|p1a: Garganacl
|-supereffective|p1a: Garganacl
|-crit|p1a: Garganacl
|-damage|p1a: Garganacl|15/100
|move|p1a: Garganacl|Recover|p1a: Garganacl
|-heal|p1a: Garganacl|65/100
|
|-heal|p1a: Garganacl|71/100|[from] item: Leftovers
|-damage|p2a: Landorus|9/100|[from] Salt Cure
|upkeep
|turn|43
|
|t:|1759044013
|move|p1a: Garganacl|Protect|p1a: Garganacl
|-singleturn|p1a: Garganacl|Protect
|move|p2a: Landorus|Stone Edge|p1a: Garganacl
|-activate|p1a: Garganacl|move: Protect
|
|-heal|p1a: Garganacl|77/100|[from] item: Leftovers
|-damage|p2a: Landorus|0 fnt|[from] Salt Cure
|faint|p2a: Landorus
|
|win|Devn07
|raw|Devn07's rating: 1297 &rarr; <strong>1325</strong><br />(+28 for winning)
|raw|wszzl's rating: 1344 &rarr; <strong>1321</strong><br />(-23 for losing)
|l|☆wszzl
|player|p2|
|l|☆Devn07
|player|p1|
