|j|☆Jikm4n
|j|☆Zakdia
|t:|1758989774
|gametype|singles
|player|p1|Jikm4n|li|1179
|player|p2|Zakdia|265|1155
|gen|9
|tier|[Gen 9] OU
|rated|
|rule|HP Percentage Mod: HP is shown in percentages
|rule|Endless Battle Clause: Forcing endless battles is banned
|rule|Species Clause: Limit one of each Pokémon
|rule|OHKO Clause: OHKO moves are banned
|rule|Evasion Items Clause: Evasion items are banned
|rule|Evasion Moves Clause: Evasion moves are banned
|rule|Evasion Abilities Clause: Evasion abilities are banned
|rule|Sleep Moves Clause: Sleep-inducing moves are banned
|clearpoke
|poke|p1|Grimmsnarl, M|
|poke|p1|Furret, F|
|poke|p1|Flamigo, F|
|poke|p1|Dragalge, F|
|poke|p1|Sandaconda, M|
|poke|p1|Coalossal, F|
|poke|p2|Iron Moth|
|poke|p2|Kingambit, M|
|poke|p2|Dragonite, F|
|poke|p2|Ogerpon-Cornerstone, F|
|poke|p2|Iron Valiant|
|poke|p2|Raging Bolt|
|teampreview
|inactive|Battle timer is ON: inactive players will automatically lose when time's up. (requested by Jikm4n)
|
|t:|1758989818
|teamsize|p1|6
|teamsize|p2|6
|start
|switch|p1a: Sandaconda|Sandaconda, M|100/100
|switch|p2a: Ogerpon|Ogerpon-Cornerstone, F|100/100
|turn|1
|
|t:|1758989826
|move|p2a: Ogerpon|Power Whip|p1a: Sandaconda
|-supereffective|p1a: Sandaconda
|-damage|p1a: Sandaconda|7/100
|move|p1a: Sandaconda|Coil|p1a: Sandaconda
|-boost|p1a: Sandaconda|atk|1
|-boost|p1a: Sandaconda|def|1
|-boost|p1a: Sandaconda|accuracy|1
|
|-heal|p1a: Sandaconda|13/100|[from] item: Leftovers
|upkeep
|turn|2
|
|t:|1758989850
|switch|p1a: Dragalge|Dragalge, F|100/100
|move|p2a: Ogerpon|Power Whip|p1a: Dragalge
|-resisted|p1a: Dragalge
|-damage|p1a: Dragalge|77/100
|
|upkeep
|turn|3
|
|t:|1758989860
|move|p2a: Ogerpon|Knock Off|p1a: Dragalge
|-damage|p1a: Dragalge|26/100
|-enditem|p1a: Dragalge|Choice Specs|[from] move: Knock Off|[of] p2a: Ogerpon
|move|p1a: Dragalge|Sludge Wave|p2a: Ogerpon
|-damage|p2a: Ogerpon|28/100
|
|upkeep
|turn|4
|
|t:|1758989869
|move|p2a: Ogerpon|Ivy Cudgel|p1a: Dragalge|[anim] Ivy Cudgel Rock
|-damage|p1a: Dragalge|0 fnt
|faint|p1a: Dragalge
|
|upkeep
|
|t:|1758989872
|switch|p1a: Flamigo|Flamigo, F|100/100
|turn|5
|
|t:|1758989878
|move|p1a: Flamigo|Close Combat|p2a: Ogerpon
|-supereffective|p2a: Ogerpon
|-crit|p2a: Ogerpon
|-damage|p2a: Ogerpon|0 fnt
|-unboost|p1a: Flamigo|def|1
|-unboost|p1a: Flamigo|spd|1
|faint|p2a: Ogerpon
|
|upkeep
|
|t:|1758989888
|switch|p2a: Raging Bolt|Raging Bolt|100/100
|-enditem|p2a: Raging Bolt|Booster Energy
|-activate|p2a: Raging Bolt|ability: Protosynthesis|[fromitem]
|-start|p2a: Raging Bolt|protosynthesisspa
|turn|6
|
|t:|1758989898
|switch|p1a: Sandaconda|Sandaconda, M|13/100
|move|p2a: Raging Bolt|Thunderclap||[still]
|-fail|p2a: Raging Bolt
|
|-heal|p1a: Sandaconda|19/100|[from] item: Leftovers
|upkeep
|turn|7
|
|t:|1758989903
|move|p2a: Raging Bolt|Dragon Pulse|p1a: Sandaconda
|-damage|p1a: Sandaconda|0 fnt
|faint|p1a: Sandaconda
|
|upkeep
|
|t:|1758989906
|switch|p1a: Grimmsnarl|Grimmsnarl, M|100/100
|turn|8
|
|t:|1758989914
|move|p2a: Raging Bolt|Thunderbolt|p1a: Grimmsnarl
|-damage|p1a: Grimmsnarl|30/100
|move|p1a: Grimmsnarl|Spirit Break|p2a: Raging Bolt
|-supereffective|p2a: Raging Bolt
|-damage|p2a: Raging Bolt|29/100
|-unboost|p2a: Raging Bolt|spa|1
|
|upkeep
|turn|9
|
|t:|1758989923
|move|p1a: Grimmsnarl|Sucker Punch|p2a: Raging Bolt
|-damage|p2a: Raging Bolt|0 fnt
|faint|p2a: Raging Bolt
|-end|p2a: Raging Bolt|Protosynthesis|[silent]
|
|upkeep
|
|t:|1758989929
|switch|p2a: Kingambit|Kingambit, M, shiny|100/100
|-activate|p2a: Kingambit|ability: Supreme Overlord
|-start|p2a: Kingambit|fallen2|[silent]
|turn|10
|
|t:|1758989940
|move|p2a: Kingambit|Iron Head|p1a: Grimmsnarl
|-supereffective|p1a: Grimmsnarl
|-damage|p1a: Grimmsnarl|0 fnt
|faint|p1a: Grimmsnarl
|
|upkeep
|
|t:|1758989943
|switch|p1a: Flamigo|Flamigo, F|100/100
|turn|11
|
|t:|1758989953
|move|p1a: Flamigo|Close Combat|p2a: Kingambit
|-supereffective|p2a: Kingambit
|-enditem|p2a: Kingambit|Focus Sash
|-damage|p2a: Kingambit|1/100
|-unboost|p1a: Flamigo|def|1
|-unboost|p1a: Flamigo|spd|1
|move|p2a: Kingambit|Kowtow Cleave|p1a: Flamigo
|-resisted|p1a: Flamigo
|-damage|p1a: Flamigo|38/100
|
|upkeep
|turn|12
|
|t:|1758989963
|move|p2a: Kingambit|Sucker Punch|p1a: Flamigo
|-resisted|p1a: Flamigo
|-damage|p1a: Flamigo|0 fnt
|faint|p1a: Flamigo
|
|upkeep
|
|t:|1758989966
|switch|p1a: Coalossal|Coalossal, F|100/100
|turn|13
|
|t:|1758989972
|move|p2a: Kingambit|Iron Head|p1a: Coalossal
|-damage|p1a: Coalossal|55/100
|move|p1a: Coalossal|Flamethrower|p2a: Kingambit
|-supereffective|p2a: Kingambit
|-damage|p2a: Kingambit|0 fnt
|faint|p2a: Kingambit
|-end|p2a: Kingambit|fallen2|[silent]
|
|upkeep
|
|t:|1758989978
|switch|p2a: Dragonite|Dragonite, F, shiny|100/100
|turn|14
|
|t:|1758989981
|-terastallize|p1a: Coalossal|Water
|move|p2a: Dragonite|Earthquake|p1a: Coalossal
|-damage|p1a: Coalossal|25/100
|move|p1a: Coalossal|Scald|p2a: Dragonite
|-resisted|p2a: Dragonite
|-damage|p2a: Dragonite|92/100
|-status|p2a: Dragonite|brn
|
|-damage|p2a: Dragonite|86/100 brn|[from] brn
|upkeep
|turn|15
|
|t:|1758989993
|-terastallize|p2a: Dragonite|Flying
|move|p2a: Dragonite|Tera Blast|p1a: Coalossal|[anim] Tera Blast Flying
|-damage|p1a: Coalossal|0 fnt
|faint|p1a: Coalossal
|
|-damage|p2a: Dragonite|80/100 brn|[from] brn
|upkeep
|
|t:|1758989996
|switch|p1a: Furret|Furret, F|100/100
|-item|p2a: Dragonite|Heavy-Duty Boots|[from] ability: Frisk|[of] p1a: Furret
|turn|16
|
|t:|1758990000
|move|p1a: Furret|Tidy Up|p1a: Furret
|-boost|p1a: Furret|atk|1
|-boost|p1a: Furret|spe|1
|move|p2a: Dragonite|Tera Blast|p1a: Furret|[anim] Tera Blast Flying
|-damage|p1a: Furret|52/100
|
|-damage|p2a: Dragonite|74/100 brn|[from] brn
|upkeep
|turn|17
|
|t:|1758990017
|move|p2a: Dragonite|Extreme Speed|p1a: Furret
|-damage|p1a: Furret|28/100
|move|p1a: Furret|Double-Edge|p2a: Dragonite
|-damage|p2a: Dragonite|0 fnt
|faint|p2a: Dragonite
|-damage|p1a: Furret|3/100|[from] Recoil
|
|upkeep
|
|t:|1758990023
|switch|p2a: Iron Valiant|Iron Valiant, shiny|100/100
|-enditem|p2a: Iron Valiant|Booster Energy
|-activate|p2a: Iron Valiant|ability: Quark Drive|[fromitem]
|-start|p2a: Iron Valiant|quarkdrivespe
|turn|18
|
|t:|1758990029
|move|p2a: Iron Valiant|Knock Off|p1a: Furret
|-damage|p1a: Furret|0 fnt
|-enditem|p1a: Furret|Silk Scarf|[from] move: Knock Off|[of] p2a: Iron Valiant
|faint|p1a: Furret
|
|win|Zakdia
|raw|Jikm4n's rating: 1179 &rarr; <strong>1152</strong><br />(-27 for losing)
|raw|Zakdia's rating: 1155 &rarr; <strong>1182</strong><br />(+27 for winning)
|l|☆Zakdia
|player|p2|
|l|☆Jikm4n
|player|p1|
