|j|☆kawaiizaki
|j|☆RanSoFarAway
|t:|1759012590
|gametype|singles
|player|p1|kawaiizaki|marnie|1051
|player|p2|RanSoFarAway|cyrus|1040
|gen|9
|tier|[Gen 9] OU
|rated|
|rule|HP Percentage Mod: HP is shown in percentages
|rule|Endless Battle Clause: Forcing endless battles is banned
|rule|Species Clause: Limit one of each Pokémon
|rule|OHKO Clause: OHKO moves are banned
|rule|Evasion Items Clause: Evasion items are banned
|rule|Evasion Moves Clause: Evasion moves are banned
|rule|Evasion Abilities Clause: Evasion abilities are banned
|rule|Sleep Moves Clause: Sleep-inducing moves are banned
|clearpoke
|poke|p1|Lycanroc-Midnight, F|
|poke|p1|Goodra, F|
|poke|p1|Masquerain, F|
|poke|p1|Deoxys-Speed|
|poke|p1|Armarouge, F|
|poke|p1|Lokix, F|
|poke|p2|Vivillon-Fancy, M|
|poke|p2|Swalot, F|
|poke|p2|Conkeldurr, M|
|poke|p2|Houndstone, F|
|poke|p2|Gliscor, F|
|poke|p2|Kingambit, M|
|teampreview
|
|t:|1759012598
|teamsize|p1|6
|teamsize|p2|6
|start
|switch|p1a: Masquerain|Masquerain, F|100/100
|switch|p2a: Conkeldurr|Conkeldurr, M|100/100
|-ability|p1a: Masquerain|Intimidate|boost
|-unboost|p2a: Conkeldurr|atk|1
|turn|1
|
|t:|1759012609
|move|p1a: Masquerain|Sticky Web|p2a: Conkeldurr
|-sidestart|p2: RanSoFarAway|move: Sticky Web
|move|p2a: Conkeldurr|Dynamic Punch|p1a: Masquerain
|-resisted|p1a: Masquerain
|-damage|p1a: Masquerain|81/100
|-start|p1a: Masquerain|confusion
|
|upkeep
|turn|2
|inactive|Battle timer is ON: inactive players will automatically lose when time's up. (requested by kawaiizaki)
|
|t:|1759012617
|-activate|p1a: Masquerain|confusion
|move|p1a: Masquerain|Quiver Dance|p1a: Masquerain
|-boost|p1a: Masquerain|spa|1
|-boost|p1a: Masquerain|spd|1
|-boost|p1a: Masquerain|spe|1
|move|p2a: Conkeldurr|Bulk Up|p2a: Conkeldurr
|-boost|p2a: Conkeldurr|atk|1
|-boost|p2a: Conkeldurr|def|1
|
|upkeep
|turn|3
|
|t:|1759012626
|-end|p1a: Masquerain|confusion
|move|p1a: Masquerain|Quiver Dance|p1a: Masquerain
|-boost|p1a: Masquerain|spa|1
|-boost|p1a: Masquerain|spd|1
|-boost|p1a: Masquerain|spe|1
|move|p2a: Conkeldurr|Dynamic Punch|p1a: Masquerain
|-resisted|p1a: Masquerain
|-damage|p1a: Masquerain|49/100
|-start|p1a: Masquerain|confusion
|
|upkeep
|turn|4
|
|t:|1759012638
|-activate|p1a: Masquerain|confusion
|move|p1a: Masquerain|Bug Buzz|p2a: Conkeldurr
|-resisted|p2a: Conkeldurr
|-damage|p2a: Conkeldurr|43/100
|move|p2a: Conkeldurr|Dynamic Punch|p1a: Masquerain|[miss]
|-miss|p2a: Conkeldurr|p1a: Masquerain
|-enditem|p2a: Conkeldurr|Blunder Policy
|-boost|p2a: Conkeldurr|spe|2
|
|upkeep
|turn|5
|
|t:|1759012651
|-activate|p1a: Masquerain|confusion
|-damage|p1a: Masquerain|41/100|[from] confusion
|move|p2a: Conkeldurr|Drain Punch|p1a: Masquerain
|-resisted|p1a: Masquerain
|-damage|p1a: Masquerain|19/100
|-heal|p2a: Conkeldurr|52/100|[from] drain|[of] p1a: Masquerain
|
|upkeep
|turn|6
|
|t:|1759012665
|-activate|p1a: Masquerain|confusion
|move|p1a: Masquerain|Bug Buzz|p2a: Conkeldurr
|-resisted|p2a: Conkeldurr
|-damage|p2a: Conkeldurr|0 fnt
|faint|p2a: Conkeldurr
|
|upkeep
|
|t:|1759012673
|switch|p2a: Vivillon|Vivillon-Fancy, M|100/100
|turn|7
|
|t:|1759012679
|-activate|p1a: Masquerain|confusion
|-damage|p1a: Masquerain|10/100|[from] confusion
|move|p2a: Vivillon|Hurricane|p1a: Masquerain
|-supereffective|p1a: Masquerain
|-damage|p1a: Masquerain|0 fnt
|faint|p1a: Masquerain
|
|upkeep
|
|t:|1759012688
|switch|p1a: Lycanroc|Lycanroc-Midnight, F|100/100
|turn|8
|
|t:|1759012696
|move|p1a: Lycanroc|Swords Dance|p1a: Lycanroc
|-boost|p1a: Lycanroc|atk|2
|move|p2a: Vivillon|Stun Spore|p1a: Lycanroc
|-status|p1a: Lycanroc|par
|
|upkeep
|turn|9
|
|t:|1759012703
|move|p2a: Vivillon|Quiver Dance|p2a: Vivillon
|-boost|p2a: Vivillon|spa|1
|-boost|p2a: Vivillon|spd|1
|-boost|p2a: Vivillon|spe|1
|move|p1a: Lycanroc|Swords Dance|p1a: Lycanroc
|-boost|p1a: Lycanroc|atk|2
|
|upkeep
|turn|10
|
|t:|1759012710
|move|p2a: Vivillon|Hurricane|p1a: Lycanroc
|-resisted|p1a: Lycanroc
|-damage|p1a: Lycanroc|50/100 par
|move|p1a: Lycanroc|Stone Edge|p2a: Vivillon
|-supereffective|p2a: Vivillon
|-enditem|p2a: Vivillon|Focus Sash
|-damage|p2a: Vivillon|1/100
|
|upkeep
|turn|11
|
|t:|1759012720
|move|p2a: Vivillon|Hurricane|p1a: Lycanroc
|-resisted|p1a: Lycanroc
|-damage|p1a: Lycanroc|1/100 par
|-enditem|p1a: Lycanroc|Salac Berry|[eat]
|-boost|p1a: Lycanroc|spe|1|[from] item: Salac Berry
|move|p1a: Lycanroc|Swords Dance|p1a: Lycanroc
|-boost|p1a: Lycanroc|atk|2
|
|upkeep
|turn|12
|
|t:|1759012729
|move|p2a: Vivillon|Hurricane|p1a: Lycanroc
|-resisted|p1a: Lycanroc
|-damage|p1a: Lycanroc|0 fnt
|faint|p1a: Lycanroc
|
|upkeep
|
|t:|1759012737
|switch|p1a: Lokix|Lokix, F|100/100
|turn|13
|
|t:|1759012744
|switch|p2a: Swalot|Swalot, F, shiny|100/100
|-activate|p2a: Swalot|move: Sticky Web
|-unboost|p2a: Swalot|spe|1
|move|p1a: Lokix|Sucker Punch||[still]
|-fail|p1a: Lokix
|
|upkeep
|turn|14
|
|t:|1759012756
|switch|p1a: Deoxys|Deoxys-Speed|100/100
|-ability|p1a: Deoxys|Pressure
|move|p2a: Swalot|Stuff Cheeks|p2a: Swalot
|-boost|p2a: Swalot|def|2
|-enditem|p2a: Swalot|Starf Berry|[eat]
|-boost|p2a: Swalot|spa|2|[from] item: Starf Berry
|
|upkeep
|turn|15
|
|t:|1759012774
|move|p1a: Deoxys|Psycho Boost|p2a: Swalot
|-supereffective|p2a: Swalot
|-damage|p2a: Swalot|5/100
|-unboost|p1a: Deoxys|spa|2
|-damage|p1a: Deoxys|91/100|[from] item: Life Orb
|move|p2a: Swalot|Thief|p1a: Deoxys
|-supereffective|p1a: Deoxys
|-damage|p1a: Deoxys|56/100
|-enditem|p1a: Deoxys|Life Orb|[silent]|[from] move: Thief|[of] p2a: Swalot
|-item|p2a: Swalot|Life Orb|[from] move: Thief|[of] p1a: Deoxys
|-damage|p2a: Swalot|0 fnt|[from] item: Life Orb
|faint|p2a: Swalot
|
|upkeep
|inactive|RanSoFarAway has 120 seconds left.
|
|t:|1759012812
|switch|p2a: Kingambit|Kingambit, M|100/100
|-activate|p2a: Kingambit|move: Sticky Web
|-unboost|p2a: Kingambit|spe|1
|-activate|p2a: Kingambit|ability: Supreme Overlord
|-start|p2a: Kingambit|fallen2|[silent]
|turn|16
|
|t:|1759012821
|switch|p1a: Lokix|Lokix, F|100/100
|move|p2a: Kingambit|Kowtow Cleave|p1a: Lokix
|-resisted|p1a: Lokix
|-damage|p1a: Lokix|51/100
|
|upkeep
|turn|17
|
|t:|1759012829
|move|p1a: Lokix|Lunge|p2a: Kingambit
|-damage|p2a: Kingambit|72/100
|-unboost|p2a: Kingambit|atk|1
|move|p2a: Kingambit|Low Kick|p1a: Lokix
|-damage|p1a: Lokix|33/100
|
|upkeep
|turn|18
|inactive|RanSoFarAway has 120 seconds left.
|
|t:|1759012844
|move|p2a: Kingambit|Sucker Punch||[still]
|-fail|p2a: Kingambit
|move|p1a: Lokix|Swords Dance|p1a: Lokix
|-boost|p1a: Lokix|atk|2
|
|upkeep
|turn|19
|inactive|RanSoFarAway has 120 seconds left.
|
|t:|1759012851
|move|p1a: Lokix|Lunge|p2a: Kingambit
|-damage|p2a: Kingambit|0 fnt
|faint|p2a: Kingambit
|-end|p2a: Kingambit|fallen2|[silent]
|
|upkeep
|inactive|RanSoFarAway has 120 seconds left.
|
|t:|1759012857
|switch|p2a: Gliscor|Gliscor, F|100/100
|turn|20
|inactive|RanSoFarAway has 120 seconds left.
|
|t:|1759012868
|move|p1a: Lokix|Sucker Punch|p2a: Gliscor
|-damage|p2a: Gliscor|66/100
|move|p2a: Gliscor|Facade|p1a: Lokix
|-damage|p1a: Lokix|9/100
|-enditem|p1a: Lokix|Salac Berry|[eat]
|-boost|p1a: Lokix|spe|1|[from] item: Salac Berry
|
|-status|p2a: Gliscor|tox|[from] item: Toxic Orb
|upkeep
|turn|21
|inactive|RanSoFarAway has 120 seconds left.
|
|t:|1759012890
|-terastallize|p1a: Lokix|Bug
|move|p1a: Lokix|Lunge|p2a: Gliscor
|-resisted|p2a: Gliscor
|-damage|p2a: Gliscor|25/100 tox
|-unboost|p2a: Gliscor|atk|1
|move|p2a: Gliscor|Facade|p1a: Lokix
|-damage|p1a: Lokix|0 fnt
|faint|p1a: Lokix
|
|-heal|p2a: Gliscor|38/100 tox|[from] ability: Poison Heal
|upkeep
|
|t:|1759012907
|switch|p1a: Deoxys|Deoxys-Speed|56/100
|-ability|p1a: Deoxys|Pressure
|turn|22
|inactive|RanSoFarAway has 120 seconds left.
|
|t:|1759012912
|move|p2a: Gliscor|Protect|p2a: Gliscor
|-singleturn|p2a: Gliscor|Protect
|move|p1a: Deoxys|Psycho Boost|p2a: Gliscor
|-activate|p2a: Gliscor|move: Protect
|
|-heal|p2a: Gliscor|50/100 tox|[from] ability: Poison Heal
|upkeep
|turn|23
|inactive|RanSoFarAway has 120 seconds left.
|
|t:|1759012927
|move|p1a: Deoxys|Psycho Boost|p2a: Gliscor
|-crit|p2a: Gliscor
|-damage|p2a: Gliscor|0 fnt
|-unboost|p1a: Deoxys|spa|2
|faint|p2a: Gliscor
|
|upkeep
|inactive|RanSoFarAway has 120 seconds left.
|
|t:|1759012934
|switch|p2a: Houndstone|Houndstone, F|100/100
|-activate|p2a: Houndstone|move: Sticky Web
|-unboost|p2a: Houndstone|spe|1
|turn|24
|
|t:|1759012942
|move|p1a: Deoxys|Knock Off|p2a: Houndstone
|-supereffective|p2a: Houndstone
|-damage|p2a: Houndstone|66/100
|-enditem|p2a: Houndstone|Leftovers|[from] move: Knock Off|[of] p1a: Deoxys
|move|p2a: Houndstone|Play Rough|p1a: Deoxys|[miss]
|-miss|p2a: Houndstone|p1a: Deoxys
|
|upkeep
|turn|25
|
|t:|1759012951
|switch|p1a: Armarouge|Armarouge, F, shiny|100/100
|move|p2a: Houndstone|Play Rough|p1a: Armarouge
|-resisted|p1a: Armarouge
|-damage|p1a: Armarouge|85/100
|-ability|p1a: Armarouge|Weak Armor|boost
|-unboost|p1a: Armarouge|def|1
|-boost|p1a: Armarouge|spe|2
|
|upkeep
|turn|26
|
|t:|1759012966
|move|p1a: Armarouge|Psyshock|p2a: Houndstone
|-damage|p2a: Houndstone|18/100
|move|p2a: Houndstone|Poltergeist|p1a: Armarouge
|-activate|p1a: Armarouge|move: Poltergeist|Weakness Policy
|-supereffective|p1a: Armarouge
|-damage|p1a: Armarouge|0 fnt
|faint|p1a: Armarouge
|
|upkeep
|
|t:|1759012976
|switch|p1a: Deoxys|Deoxys-Speed|56/100
|-ability|p1a: Deoxys|Pressure
|turn|27
|
|t:|1759012982
|move|p1a: Deoxys|Psycho Boost|p2a: Houndstone
|-damage|p2a: Houndstone|0 fnt
|-unboost|p1a: Deoxys|spa|2
|faint|p2a: Houndstone
|
|upkeep
|
|t:|1759012988
|switch|p2a: Vivillon|Vivillon-Fancy, M|1/100
|turn|28
|
|t:|1759012992
|move|p1a: Deoxys|Extreme Speed|p2a: Vivillon
|-damage|p2a: Vivillon|0 fnt
|faint|p2a: Vivillon
|
|win|kawaiizaki
|raw|kawaiizaki's rating: 1051 &rarr; <strong>1082</strong><br />(+31 for winning)
|raw|RanSoFarAway's rating: 1040 &rarr; <strong>1025</strong><br />(-15 for losing)
|l|☆RanSoFarAway
|player|p2|
