|j|☆apotato135
|j|☆TrentMercer
|t:|1759014578
|gametype|singles
|player|p1|apotato135|swimmer-gen4dp|1625
|player|p2|TrentMercer|n|1603
|gen|9
|tier|[Gen 9] OU
|rated|
|rule|HP Percentage Mod: HP is shown in percentages
|rule|Endless Battle Clause: Forcing endless battles is banned
|rule|Species Clause: Limit one of each Pokémon
|rule|OHKO Clause: OHKO moves are banned
|rule|Evasion Items Clause: Evasion items are banned
|rule|Evasion Moves Clause: Evasion moves are banned
|rule|Evasion Abilities Clause: Evasion abilities are banned
|rule|Sleep Moves Clause: Sleep-inducing moves are banned
|clearpoke
|poke|p1|Ninetales-Alola, M|
|poke|p1|Kyurem|
|poke|p1|Primeape, F|
|poke|p1|Enamorus, F|
|poke|p1|Moltres-Galar|
|poke|p1|Iron Treads|
|poke|p2|Great Tusk|
|poke|p2|Slowking-Galar, F|
|poke|p2|Cinderace, F|
|poke|p2|Crawdaunt, F|
|poke|p2|Zapdos|
|poke|p2|Gholdengo|
|teampreview
|inactive|Battle timer is ON: inactive players will automatically lose when time's up. (requested by TrentMercer)
|
|t:|1759014605
|teamsize|p1|6
|teamsize|p2|6
|start
|switch|p1a: Moltres|Moltres-Galar|100/100
|switch|p2a: Gholdengo|Gholdengo|100/100
|turn|1
|
|t:|1759014614
|switch|p2a: Zapdos|Zapdos|100/100
|move|p1a: Moltres|Nasty Plot|p1a: Moltres
|-boost|p1a: Moltres|spa|2
|
|upkeep
|turn|2
|
|t:|1759014619
|move|p1a: Moltres|Fiery Wrath|p2a: Zapdos
|-damage|p2a: Zapdos|29/100
|move|p2a: Zapdos|Volt Switch|p1a: Moltres
|-supereffective|p1a: Moltres
|-damage|p1a: Moltres|48/100
|-ability|p1a: Moltres|Berserk|boost
|-boost|p1a: Moltres|spa|1
|-enditem|p1a: Moltres|Sitrus Berry|[eat]
|-heal|p1a: Moltres|73/100|[from] item: Sitrus Berry
|j| Nikator98
|
|t:|1759014637
|switch|p2a: Gholdengo|Gholdengo|100/100|[from] Volt Switch
|
|upkeep
|turn|3
|
|t:|1759014645
|-terastallize|p2a: Gholdengo|Fairy
|move|p2a: Gholdengo|Dazzling Gleam|p1a: Moltres
|-supereffective|p1a: Moltres
|-damage|p1a: Moltres|2/100
|-ability|p1a: Moltres|Berserk|boost
|-boost|p1a: Moltres|spa|1
|move|p1a: Moltres|Fiery Wrath|p2a: Gholdengo
|-resisted|p2a: Gholdengo
|-damage|p2a: Gholdengo|35/100
|
|upkeep
|turn|4
|
|t:|1759014653
|move|p2a: Gholdengo|Dazzling Gleam|p1a: Moltres
|-supereffective|p1a: Moltres
|-damage|p1a: Moltres|0 fnt
|faint|p1a: Moltres
|
|upkeep
|
|t:|1759014666
|switch|p1a: Ninetales|Ninetales-Alola, M|100/100
|-weather|Snowscape|[from] ability: Snow Warning|[of] p1a: Ninetales
|turn|5
|
|t:|1759014672
|switch|p2a: Cinderace|Cinderace, F|100/100
|move|p1a: Ninetales|Moonblast|p2a: Cinderace
|-resisted|p2a: Cinderace
|-damage|p2a: Cinderace|81/100
|
|-weather|Snowscape|[upkeep]
|upkeep
|turn|6
|
|t:|1759014678
|switch|p1a: Kyurem|Kyurem|100/100
|-ability|p1a: Kyurem|Pressure
|move|p2a: Cinderace|U-turn|p1a: Kyurem
|-start|p2a: Cinderace|typechange|Bug|[from] ability: Libero
|-damage|p1a: Kyurem|78/100
|
|t:|1759014685
|switch|p2a: Gholdengo|Gholdengo, tera:Fairy|35/100|[from] U-turn
|
|-weather|Snowscape|[upkeep]
|upkeep
|turn|7
|
|t:|1759014693
|switch|p1a: Iron Treads|Iron Treads|100/100
|-enditem|p1a: Iron Treads|Booster Energy
|-activate|p1a: Iron Treads|ability: Quark Drive|[fromitem]
|-start|p1a: Iron Treads|quarkdrivespe
|move|p2a: Gholdengo|Make It Rain|p1a: Iron Treads
|-resisted|p1a: Iron Treads
|-damage|p1a: Iron Treads|54/100
|-unboost|p2a: Gholdengo|spa|1
|
|-weather|Snowscape|[upkeep]
|upkeep
|turn|8
|
|t:|1759014702
|switch|p2a: Great Tusk|Great Tusk|100/100
|-enditem|p2a: Great Tusk|Booster Energy
|-activate|p2a: Great Tusk|ability: Protosynthesis|[fromitem]
|-start|p2a: Great Tusk|protosynthesisatk
|move|p1a: Iron Treads|Stealth Rock|p2a: Great Tusk
|-sidestart|p2: TrentMercer|move: Stealth Rock
|
|-weather|Snowscape|[upkeep]
|upkeep
|turn|9
|
|t:|1759014711
|move|p1a: Iron Treads|Earth Power|p2a: Great Tusk
|-damage|p2a: Great Tusk|52/100
|move|p2a: Great Tusk|Rapid Spin|p1a: Iron Treads
|-resisted|p1a: Iron Treads
|-damage|p1a: Iron Treads|44/100
|-boost|p2a: Great Tusk|spe|1
|-sideend|p2: TrentMercer|Stealth Rock|[from] move: Rapid Spin|[of] p2a: Great Tusk
|
|-weather|none
|upkeep
|turn|10
|
|t:|1759014719
|move|p1a: Iron Treads|Steel Beam|p2a: Great Tusk
|-damage|p2a: Great Tusk|0 fnt
|-damage|p1a: Iron Treads|0 fnt|[from] steelbeam
|faint|p1a: Iron Treads
|-end|p1a: Iron Treads|Quark Drive|[silent]
|faint|p2a: Great Tusk
|-end|p2a: Great Tusk|Protosynthesis|[silent]
|
|upkeep
|
|t:|1759014730
|switch|p1a: Ninetales|Ninetales-Alola, M|100/100
|switch|p2a: Gholdengo|Gholdengo, tera:Fairy|35/100
|-weather|Snowscape|[from] ability: Snow Warning|[of] p1a: Ninetales
|turn|11
|
|t:|1759014739
|-terastallize|p1a: Ninetales|Water
|move|p2a: Gholdengo|Make It Rain|p1a: Ninetales
|-resisted|p1a: Ninetales
|-damage|p1a: Ninetales|69/100
|-unboost|p2a: Gholdengo|spa|1
|move|p1a: Ninetales|Aurora Veil|p1a: Ninetales
|-sidestart|p1: apotato135|move: Aurora Veil
|
|-weather|Snowscape|[upkeep]
|upkeep
|turn|12
|
|t:|1759014748
|switch|p2a: Cinderace|Cinderace, F|81/100
|move|p1a: Ninetales|Moonblast|p2a: Cinderace
|-resisted|p2a: Cinderace
|-damage|p2a: Cinderace|59/100
|-unboost|p2a: Cinderace|spa|1
|
|-weather|Snowscape|[upkeep]
|upkeep
|turn|13
|
|t:|1759014753
|move|p2a: Cinderace|Court Change|p2a: Cinderace
|-start|p2a: Cinderace|typechange|Normal|[from] ability: Libero
|-swapsideconditions
|-activate|p2a: Cinderace|move: Court Change
|move|p1a: Ninetales|Aurora Veil|p1a: Ninetales
|-sidestart|p1: apotato135|move: Aurora Veil
|
|-weather|Snowscape|[upkeep]
|upkeep
|turn|14
|
|t:|1759014760
|switch|p1a: Enamorus|Enamorus, F|100/100
|move|p2a: Cinderace|Court Change|p2a: Cinderace
|-swapsideconditions
|-activate|p2a: Cinderace|move: Court Change
|
|-weather|Snowscape|[upkeep]
|upkeep
|turn|15
|
|t:|1759014768
|switch|p2a: Slowking|Slowking-Galar, F|100/100
|move|p1a: Enamorus|Moonblast|p2a: Slowking
|-resisted|p2a: Slowking
|-damage|p2a: Slowking|94/100
|
|-weather|none
|upkeep
|turn|16
|
|t:|1759014775
|switch|p1a: Primeape|Primeape, F|100/100
|move|p2a: Slowking|Sludge Bomb|p1a: Primeape
|-damage|p1a: Primeape|86/100
|-status|p1a: Primeape|psn
|
|-damage|p1a: Primeape|74/100 psn|[from] psn
|upkeep
|turn|17
|
|t:|1759014783
|move|p1a: Primeape|Bulk Up|p1a: Primeape
|-boost|p1a: Primeape|atk|1
|-boost|p1a: Primeape|def|1
|move|p2a: Slowking|Psyshock|p1a: Primeape
|-supereffective|p1a: Primeape
|-damage|p1a: Primeape|48/100 psn
|
|-damage|p1a: Primeape|36/100 psn|[from] psn
|upkeep
|turn|18
|
|t:|1759014788
|switch|p2a: Zapdos|Zapdos|29/100
|move|p1a: Primeape|Rage Fist|p2a: Zapdos
|-damage|p2a: Zapdos|10/100
|
|-damage|p1a: Primeape|23/100 psn|[from] psn
|-sideend|p1: apotato135|move: Aurora Veil
|upkeep
|turn|19
|
|t:|1759014797
|move|p2a: Zapdos|Roost|p2a: Zapdos
|-heal|p2a: Zapdos|60/100
|-singleturn|p2a: Zapdos|move: Roost
|move|p1a: Primeape|Drain Punch|p2a: Zapdos
|-damage|p2a: Zapdos|45/100
|-heal|p1a: Primeape|32/100 psn|[from] drain|[of] p2a: Zapdos
|
|-damage|p1a: Primeape|19/100 psn|[from] psn
|upkeep
|turn|20
|
|t:|1759014803
|move|p2a: Zapdos|Volt Switch|p1a: Primeape
|-crit|p1a: Primeape
|-damage|p1a: Primeape|0 fnt
|faint|p1a: Primeape
|
|t:|1759014807
|switch|p2a: Cinderace|Cinderace, F|59/100|[from] Volt Switch
|
|-sideend|p2: TrentMercer|move: Aurora Veil
|upkeep
|
|t:|1759014809
|switch|p1a: Kyurem|Kyurem|78/100
|-ability|p1a: Kyurem|Pressure
|turn|21
|
|t:|1759014813
|move|p2a: Cinderace|High Jump Kick|p1a: Kyurem
|-start|p2a: Cinderace|typechange|Fighting|[from] ability: Libero
|-supereffective|p1a: Kyurem
|-damage|p1a: Kyurem|0 fnt
|faint|p1a: Kyurem
|
|upkeep
|
|t:|1759014816
|switch|p1a: Enamorus|Enamorus, F|100/100
|turn|22
|
|t:|1759014822
|switch|p2a: Slowking|Slowking-Galar, F|100/100
|move|p1a: Enamorus|Earth Power|p2a: Slowking
|-supereffective|p2a: Slowking
|-crit|p2a: Slowking
|-damage|p2a: Slowking|48/100
|
|upkeep
|turn|23
|
|t:|1759014828
|switch|p2a: Zapdos|Zapdos|45/100
|move|p1a: Enamorus|Earth Power|p2a: Zapdos
|-immune|p2a: Zapdos
|
|upkeep
|turn|24
|
|t:|1759014833
|switch|p1a: Ninetales|Ninetales-Alola, M, tera:Water|69/100
|-weather|Snowscape|[from] ability: Snow Warning|[of] p1a: Ninetales
|move|p2a: Zapdos|Volt Switch|p1a: Ninetales
|-supereffective|p1a: Ninetales
|-damage|p1a: Ninetales|9/100
|
|t:|1759014838
|switch|p2a: Crawdaunt|Crawdaunt, F|100/100|[from] Volt Switch
|
|-weather|Snowscape|[upkeep]
|upkeep
|turn|25
|
|t:|1759014842
|move|p2a: Crawdaunt|Aqua Jet|p1a: Ninetales
|-resisted|p1a: Ninetales
|-crit|p1a: Ninetales
|-damage|p1a: Ninetales|0 fnt
|faint|p1a: Ninetales
|
|-weather|Snowscape|[upkeep]
|upkeep
|
|t:|1759014843
|switch|p1a: Enamorus|Enamorus, F|100/100
|turn|26
|
|t:|1759014849
|move|p2a: Crawdaunt|Aqua Jet|p1a: Enamorus
|-damage|p1a: Enamorus|34/100
|move|p1a: Enamorus|Moonblast|p2a: Crawdaunt
|-supereffective|p2a: Crawdaunt
|-damage|p2a: Crawdaunt|0 fnt
|faint|p2a: Crawdaunt
|
|-weather|Snowscape|[upkeep]
|upkeep
|-message|apotato135 forfeited.
|
|win|TrentMercer
|raw|apotato135's rating: 1625 &rarr; <strong>1604</strong><br />(-21 for losing)
|raw|TrentMercer's rating: 1603 &rarr; <strong>1624</strong><br />(+21 for winning)
|l|☆apotato135
|player|p1|
|c|☆TrentMercer|gg
|l|☆TrentMercer
|player|p2|
|l| Nikator98
