|j|☆SamiFawad
|j|☆jimy92
|t:|1759047715
|gametype|singles
|player|p1|SamiFawad|102|1614
|player|p2|jimy92|101|1598
|gen|9
|tier|[Gen 9] OU
|rated|
|rule|HP Percentage Mod: HP is shown in percentages
|rule|Endless Battle Clause: Forcing endless battles is banned
|rule|Species Clause: Limit one of each Pokémon
|rule|OHKO Clause: OHKO moves are banned
|rule|Evasion Items Clause: Evasion items are banned
|rule|Evasion Moves Clause: Evasion moves are banned
|rule|Evasion Abilities Clause: Evasion abilities are banned
|rule|Sleep Moves Clause: Sleep-inducing moves are banned
|clearpoke
|poke|p1|Landorus-Therian, M|
|poke|p1|Samurott-Hisui, F|
|poke|p1|Great Tusk|
|poke|p1|Iron Crown|
|poke|p1|Slowking-Galar, M|
|poke|p1|Darkrai|
|poke|p2|Pelipper, F|
|poke|p2|Hatterene, F|
|poke|p2|Iron Treads|
|poke|p2|Toxicroak, F|
|poke|p2|Barraskewda, F|
|poke|p2|Zapdos|
|teampreview
|inactive|Battle timer is ON: inactive players will automatically lose when time's up. (requested by jimy92)
|inactive|jimy92 has 120 seconds left.
|
|t:|1759047765
|teamsize|p1|6
|teamsize|p2|6
|start
|switch|p1a: Darkrai|Darkrai|100/100
|switch|p2a: Pelipper|Pelipper, F|100/100
|-weather|RainDance|[from] ability: Drizzle|[of] p2a: Pelipper
|turn|1
|inactive|jimy92 has 120 seconds left.
|
|t:|1759047799
|switch|p2a: Hatterene|Hatterene, F|100/100
|move|p1a: Darkrai|Dark Pulse|p2a: Hatterene
|-damage|p2a: Hatterene|31/100
|-enditem|p2a: Hatterene|Eject Button
|inactive|jimy92 has 120 seconds left.
|
|t:|1759047804
|switch|p2a: Barraskewda|Barraskewda, F|100/100
|
|-weather|RainDance|[upkeep]
|upkeep
|turn|2
|
|t:|1759047809
|switch|p1a: Slowking|Slowking-Galar, M|100/100
|move|p2a: Barraskewda|Flip Turn|p1a: Slowking
|-damage|p1a: Slowking|17/100
|inactive|jimy92 has 120 seconds left.
|
|t:|1759047846
|switch|p2a: Zapdos|Zapdos|100/100|[from] Flip Turn
|
|-weather|RainDance|[upkeep]
|upkeep
|turn|3
|
|t:|1759047853
|switch|p1a: Iron Crown|Iron Crown|100/100
|move|p2a: Zapdos|Volt Switch|p1a: Iron Crown
|-damage|p1a: Iron Crown|63/100
|
|t:|1759047869
|switch|p2a: Barraskewda|Barraskewda, F|100/100|[from] Volt Switch
|
|-weather|RainDance|[upkeep]
|upkeep
|turn|4
|
|t:|1759047876
|move|p2a: Barraskewda|Flip Turn|p1a: Iron Crown
|-damage|p1a: Iron Crown|0 fnt
|faint|p1a: Iron Crown
|-end|p1a: Iron Crown|Quark Drive|[silent]
|
|t:|1759047882
|switch|p2a: Hatterene|Hatterene, F|31/100|[from] Flip Turn
|
|-weather|RainDance|[upkeep]
|upkeep
|
|t:|1759047884
|switch|p1a: Slowking|Slowking-Galar, M|50/100
|turn|5
|inactive|jimy92 has 120 seconds left.
|
|t:|1759047895
|move|p2a: Hatterene|Healing Wish|p2a: Hatterene
|faint|p2a: Hatterene
|move|p1a: Slowking|Future Sight|p2: Hatterene
|-start|p1a: Slowking|move: Future Sight
|
|-weather|RainDance|[upkeep]
|upkeep
|
|t:|1759047902
|switch|p2a: Zapdos|Zapdos|100/100
|turn|6
|
|t:|1759047910
|move|p2a: Zapdos|Hurricane|p1a: Slowking
|-damage|p1a: Slowking|3/100
|move|p1a: Slowking|Flamethrower|p2a: Zapdos
|-damage|p2a: Zapdos|82/100
|
|-weather|RainDance|[upkeep]
|upkeep
|turn|7
|
|t:|1759047919
|switch|p2a: Iron Treads|Iron Treads|100/100
|switch|p1a: Darkrai|Darkrai|100/100
|
|-weather|RainDance|[upkeep]
|-end|p2a: Iron Treads|move: Future Sight
|-resisted|p2a: Iron Treads
|-damage|p2a: Iron Treads|75/100
|-heal|p2a: Iron Treads|81/100|[from] item: Leftovers
|upkeep
|turn|8
|
|t:|1759047926
|move|p1a: Darkrai|Dark Pulse|p2a: Iron Treads
|-damage|p2a: Iron Treads|26/100
|move|p2a: Iron Treads|Stealth Rock|p1a: Darkrai
|-sidestart|p1: SamiFawad|move: Stealth Rock
|
|-weather|none
|-heal|p2a: Iron Treads|32/100|[from] item: Leftovers
|upkeep
|turn|9
|
|t:|1759047930
|-end|p2a: Iron Treads|Quark Drive|[silent]
|switch|p2a: Pelipper|Pelipper, F|100/100
|-weather|RainDance|[from] ability: Drizzle|[of] p2a: Pelipper
|move|p1a: Darkrai|Dark Pulse|p2a: Pelipper
|-damage|p2a: Pelipper|38/100
|
|-weather|RainDance|[upkeep]
|upkeep
|turn|10
|
|t:|1759047933
|switch|p2a: Iron Treads|Iron Treads|32/100
|-heal|p2a: Iron Treads|100/100|[from] move: Healing Wish
|move|p1a: Darkrai|Dark Pulse|p2a: Iron Treads
|-damage|p2a: Iron Treads|53/100
|
|-weather|RainDance|[upkeep]
|-heal|p2a: Iron Treads|59/100|[from] item: Leftovers
|upkeep
|turn|11
|
|t:|1759047949
|-end|p2a: Iron Treads|Quark Drive|[silent]
|switch|p2a: Toxicroak|Toxicroak, F|100/100
|move|p1a: Darkrai|Dark Pulse|p2a: Toxicroak
|-resisted|p2a: Toxicroak
|-damage|p2a: Toxicroak|58/100
|
|-weather|RainDance|[upkeep]
|-heal|p2a: Toxicroak|71/100|[from] ability: Dry Skin
|upkeep
|turn|12
|
|t:|1759047952
|switch|p1a: Great Tusk|Great Tusk|100/100
|-damage|p1a: Great Tusk|98/100|[from] Stealth Rock
|move|p2a: Toxicroak|Ice Punch|p1a: Great Tusk
|-supereffective|p1a: Great Tusk
|-damage|p1a: Great Tusk|80/100
|-damage|p2a: Toxicroak|54/100|[from] item: Rocky Helmet|[of] p1a: Great Tusk
|
|-weather|RainDance|[upkeep]
|-heal|p2a: Toxicroak|67/100|[from] ability: Dry Skin
|upkeep
|turn|13
|
|t:|1759047958
|move|p2a: Toxicroak|Toxic|p1a: Great Tusk
|-status|p1a: Great Tusk|tox
|move|p1a: Great Tusk|Rapid Spin|p2a: Toxicroak
|-damage|p2a: Toxicroak|52/100
|-boost|p1a: Great Tusk|spe|1
|-damage|p1a: Great Tusk|63/100 tox|[from] item: Rocky Helmet|[of] p2a: Toxicroak
|-sideend|p1: SamiFawad|Stealth Rock|[from] move: Rapid Spin|[of] p1a: Great Tusk
|
|-weather|RainDance|[upkeep]
|-heal|p2a: Toxicroak|65/100|[from] ability: Dry Skin
|-damage|p1a: Great Tusk|57/100 tox|[from] psn
|upkeep
|turn|14
|
|t:|1759047969
|move|p1a: Great Tusk|Stealth Rock|p2a: Toxicroak
|-sidestart|p2: jimy92|move: Stealth Rock
|move|p2a: Toxicroak|Knock Off|p1a: Great Tusk
|-resisted|p1a: Great Tusk
|-damage|p1a: Great Tusk|51/100 tox
|-damage|p2a: Toxicroak|48/100|[from] item: Rocky Helmet|[of] p1a: Great Tusk
|-enditem|p1a: Great Tusk|Rocky Helmet|[from] move: Knock Off|[of] p2a: Toxicroak
|
|-weather|RainDance|[upkeep]
|-heal|p2a: Toxicroak|61/100|[from] ability: Dry Skin
|-damage|p1a: Great Tusk|39/100 tox|[from] psn
|upkeep
|turn|15
|
|t:|1759047989
|move|p1a: Great Tusk|Knock Off|p2a: Toxicroak
|-resisted|p2a: Toxicroak
|-damage|p2a: Toxicroak|48/100
|-damage|p1a: Great Tusk|22/100 tox|[from] item: Rocky Helmet|[of] p2a: Toxicroak
|-enditem|p2a: Toxicroak|Rocky Helmet|[from] move: Knock Off|[of] p1a: Great Tusk
|move|p2a: Toxicroak|Ice Punch|p1a: Great Tusk
|-supereffective|p1a: Great Tusk
|-damage|p1a: Great Tusk|6/100 tox
|
|-weather|RainDance|[upkeep]
|-heal|p2a: Toxicroak|61/100|[from] ability: Dry Skin
|-damage|p1a: Great Tusk|0 fnt|[from] psn
|faint|p1a: Great Tusk
|-end|p1a: Great Tusk|Protosynthesis|[silent]
|upkeep
|
|t:|1759048002
|switch|p1a: Darkrai|Darkrai|100/100
|turn|16
|
|t:|1759048009
|move|p1a: Darkrai|Psyshock|p2a: Toxicroak
|-supereffective|p2a: Toxicroak
|-crit|p2a: Toxicroak
|-damage|p2a: Toxicroak|0 fnt
|faint|p2a: Toxicroak
|
|-weather|none
|upkeep
|
|t:|1759048012
|switch|p2a: Iron Treads|Iron Treads|59/100
|-damage|p2a: Iron Treads|56/100|[from] Stealth Rock
|turn|17
|
|t:|1759048019
|switch|p1a: Slowking|Slowking-Galar, M|36/100
|move|p2a: Iron Treads|Rapid Spin|p1a: Slowking
|-damage|p1a: Slowking|24/100
|-boost|p2a: Iron Treads|spe|1
|-sideend|p2: jimy92|Stealth Rock|[from] move: Rapid Spin|[of] p2a: Iron Treads
|
|-heal|p2a: Iron Treads|62/100|[from] item: Leftovers
|upkeep
|turn|18
|
|t:|1759048031
|switch|p1a: Samurott|Samurott-Hisui, F|100/100
|move|p2a: Iron Treads|Rapid Spin|p1a: Samurott
|-damage|p1a: Samurott|86/100
|-boost|p2a: Iron Treads|spe|1
|
|-heal|p2a: Iron Treads|68/100|[from] item: Leftovers
|upkeep
|turn|19
|
|t:|1759048037
|move|p2a: Iron Treads|Stealth Rock|p1a: Samurott
|-sidestart|p1: SamiFawad|move: Stealth Rock
|move|p1a: Samurott|Razor Shell|p2a: Iron Treads
|-supereffective|p2a: Iron Treads
|-damage|p2a: Iron Treads|0 fnt
|faint|p2a: Iron Treads
|-end|p2a: Iron Treads|Quark Drive|[silent]
|
|upkeep
|inactive|jimy92 has 120 seconds left.
|
|t:|1759048085
|switch|p2a: Zapdos|Zapdos|82/100
|turn|20
|inactive|SamiFawad has 120 seconds left.
|
|t:|1759048138
|move|p2a: Zapdos|Hurricane|p1a: Samurott|[miss]
|-miss|p2a: Zapdos|p1a: Samurott
|move|p1a: Samurott|Ceaseless Edge|p2a: Zapdos
|-damage|p2a: Zapdos|28/100
|-sidestart|p2: jimy92|Spikes
|
|upkeep
|turn|21
|c|☆jimy92|I knew it
|
|t:|1759048145
|move|p1a: Samurott|Sucker Punch|p2a: Zapdos
|-damage|p2a: Zapdos|0 fnt
|faint|p2a: Zapdos
|
|upkeep
|c|☆jimy92|No para
|c|☆jimy92|And i kissed
|inactive|jimy92 has 120 seconds left.
|c|☆jimy92|Missed
|
|t:|1759048158
|switch|p2a: Pelipper|Pelipper, F|38/100
|-weather|RainDance|[from] ability: Drizzle|[of] p2a: Pelipper
|turn|22
|
|t:|1759048161
|move|p1a: Samurott|Ceaseless Edge|p2a: Pelipper
|-damage|p2a: Pelipper|0 fnt
|-sidestart|p2: jimy92|Spikes
|faint|p2a: Pelipper
|
|-weather|RainDance|[upkeep]
|upkeep
|
|t:|1759048164
|switch|p2a: Barraskewda|Barraskewda, F|100/100
|-damage|p2a: Barraskewda|84/100|[from] Spikes
|turn|23
|
|t:|1759048169
|-terastallize|p2a: Barraskewda|Water
|move|p1a: Samurott|Sucker Punch|p2a: Barraskewda
|-damage|p2a: Barraskewda|17/100
|move|p2a: Barraskewda|Liquidation|p1a: Samurott
|-resisted|p1a: Samurott
|-damage|p1a: Samurott|0 fnt
|faint|p1a: Samurott
|
|-weather|RainDance|[upkeep]
|upkeep
|
|t:|1759048175
|switch|p1a: Landorus|Landorus-Therian, M|100/100
|-damage|p1a: Landorus|88/100|[from] Stealth Rock
|-ability|p1a: Landorus|Intimidate|boost
|-unboost|p2a: Barraskewda|atk|1
|turn|24
|c|☆jimy92|Gg bro
|
|t:|1759048181
|switch|p1a: Slowking|Slowking-Galar, M|58/100
|-damage|p1a: Slowking|45/100|[from] Stealth Rock
|move|p2a: Barraskewda|Liquidation|p1a: Slowking
|-damage|p1a: Slowking|0 fnt
|faint|p1a: Slowking
|
|-weather|RainDance|[upkeep]
|upkeep
|
|t:|1759048183
|switch|p1a: Landorus|Landorus-Therian, M|88/100
|-damage|p1a: Landorus|76/100|[from] Stealth Rock
|-ability|p1a: Landorus|Intimidate|boost
|-unboost|p2a: Barraskewda|atk|1
|turn|25
|
|t:|1759048185
|switch|p1a: Darkrai|Darkrai|100/100
|-damage|p1a: Darkrai|88/100|[from] Stealth Rock
|move|p2a: Barraskewda|Liquidation|p1a: Darkrai
|-damage|p1a: Darkrai|0 fnt
|faint|p1a: Darkrai
|
|-weather|RainDance|[upkeep]
|upkeep
|
|t:|1759048186
|switch|p1a: Landorus|Landorus-Therian, M|76/100
|-damage|p1a: Landorus|64/100|[from] Stealth Rock
|-ability|p1a: Landorus|Intimidate|boost
|-unboost|p2a: Barraskewda|atk|1
|turn|26
|c|☆jimy92|Tera water
|
|t:|1759048193
|-terastallize|p1a: Landorus|Flying
|move|p2a: Barraskewda|Liquidation|p1a: Landorus
|-damage|p1a: Landorus|2/100
|move|p1a: Landorus|Tera Blast|p2a: Barraskewda|[anim] Tera Blast Flying
|-damage|p2a: Barraskewda|0 fnt
|faint|p2a: Barraskewda
|
|win|SamiFawad
|raw|SamiFawad's rating: 1614 &rarr; <strong>1633</strong><br />(+19 for winning)
|raw|jimy92's rating: 1598 &rarr; <strong>1579</strong><br />(-19 for losing)
|c|☆jimy92|Wow
|l|☆SamiFawad
|player|p1|
|c|☆jimy92|U were bad lol
|l|☆jimy92
|player|p2|
