|j|☆Smitchos
|j|☆the the green
|t:|1758937043
|gametype|singles
|player|p1|Smitchos|ingo|1236
|player|p2|the the green|101|1217
|gen|9
|tier|[Gen 9] OU
|rated|
|rule|HP Percentage Mod: HP is shown in percentages
|rule|Endless Battle Clause: Forcing endless battles is banned
|rule|Species Clause: Limit one of each Pokémon
|rule|OHKO Clause: OHKO moves are banned
|rule|Evasion Items Clause: Evasion items are banned
|rule|Evasion Moves Clause: Evasion moves are banned
|rule|Evasion Abilities Clause: Evasion abilities are banned
|rule|Sleep Moves Clause: Sleep-inducing moves are banned
|clearpoke
|poke|p1|Ludicolo, M|
|poke|p1|Pelipper, F|
|poke|p1|Barraskewda, F|
|poke|p1|Iron Crown|
|poke|p1|Great Tusk|
|poke|p1|Moltres|
|poke|p2|Garganacl, M|
|poke|p2|Iron Treads|
|poke|p2|Hydrapple, F|
|poke|p2|Moltres|
|poke|p2|Zamazenta-*|
|poke|p2|Kyurem|
|teampreview
|
|t:|1758937071
|teamsize|p1|6
|teamsize|p2|6
|start
|switch|p1a: Frida Khalo|Pelipper, F|100/100
|switch|p2a: Kyurem|Kyurem|100/100
|-ability|p2a: Kyurem|Pressure
|-weather|RainDance|[from] ability: Drizzle|[of] p1a: Frida Khalo
|turn|1
|inactive|Battle timer is ON: inactive players will automatically lose when time's up. (requested by the the green)
|
|t:|1758937082
|switch|p2a: Iron Treads|Iron Treads|100/100
|move|p1a: Frida Khalo|U-turn|p2a: Iron Treads
|-resisted|p2a: Iron Treads
|-damage|p2a: Iron Treads|97/100
|
|t:|1758937092
|switch|p1a: El Chapo|Ludicolo, M|100/100|[from] U-turn
|
|-weather|RainDance|[upkeep]
|-heal|p2a: Iron Treads|100/100|[from] item: Leftovers
|upkeep
|turn|2
|
|t:|1758937111
|-end|p2a: Iron Treads|Quark Drive|[silent]
|switch|p2a: Hydrapple|Hydrapple, F|100/100
|-terastallize|p1a: El Chapo|Water
|move|p1a: El Chapo|Hydro Pump|p2a: Hydrapple
|-resisted|p2a: Hydrapple
|-damage|p2a: Hydrapple|78/100
|-damage|p1a: El Chapo|91/100|[from] item: Life Orb
|
|-weather|RainDance|[upkeep]
|upkeep
|turn|3
|
|t:|1758937129
|-terastallize|p2a: Hydrapple|Water
|move|p1a: El Chapo|Ice Beam|p2a: Hydrapple
|-resisted|p2a: Hydrapple
|-damage|p2a: Hydrapple|67/100
|-damage|p1a: El Chapo|81/100|[from] item: Life Orb
|move|p2a: Hydrapple|Giga Drain|p1a: El Chapo
|-supereffective|p1a: El Chapo
|-damage|p1a: El Chapo|9/100
|-heal|p2a: Hydrapple|93/100|[from] drain|[of] p1a: El Chapo
|
|-weather|RainDance|[upkeep]
|upkeep
|turn|4
|
|t:|1758937144
|move|p1a: El Chapo|Giga Drain|p2a: Hydrapple
|-supereffective|p2a: Hydrapple
|-damage|p2a: Hydrapple|31/100
|-heal|p1a: El Chapo|52/100|[from] drain|[of] p2a: Hydrapple
|-damage|p1a: El Chapo|42/100|[from] item: Life Orb
|move|p2a: Hydrapple|Giga Drain|p1a: El Chapo
|-supereffective|p1a: El Chapo
|-damage|p1a: El Chapo|0 fnt
|-heal|p2a: Hydrapple|46/100|[from] drain|[of] p1a: El Chapo
|faint|p1a: El Chapo
|
|-weather|RainDance|[upkeep]
|upkeep
|
|t:|1758937155
|switch|p1a: Speedy Gonzales|Barraskewda, F|100/100
|turn|5
|
|t:|1758937170
|switch|p2a: Moltres|Moltres, shiny|100/100
|move|p1a: Speedy Gonzales|Close Combat|p2a: Moltres
|-resisted|p2a: Moltres
|-damage|p2a: Moltres|79/100
|-unboost|p1a: Speedy Gonzales|def|1
|-unboost|p1a: Speedy Gonzales|spd|1
|-status|p1a: Speedy Gonzales|brn|[from] ability: Flame Body|[of] p2a: Moltres
|
|-weather|RainDance|[upkeep]
|-damage|p1a: Speedy Gonzales|94/100 brn|[from] brn
|upkeep
|turn|6
|-message|Smitchos forfeited.
|
|win|the the green
|raw|Smitchos's rating: 1236 &rarr; <strong>1210</strong><br />(-26 for losing)
|raw|the the green's rating: 1217 &rarr; <strong>1243</strong><br />(+26 for winning)
|l|☆Smitchos
|player|p1|
