|j|☆Luisao
|j|☆xiaoshenyoukaigual
|t:|1759022102
|gametype|singles
|player|p1|Luisao|265|1365
|player|p2|xiaoshenyoukaigual|hilbert|1364
|gen|9
|tier|[Gen 9] OU
|rated|
|rule|HP Percentage Mod: HP is shown in percentages
|rule|Endless Battle Clause: Forcing endless battles is banned
|rule|Species Clause: Limit one of each Pokémon
|rule|OHKO Clause: OHKO moves are banned
|rule|Evasion Items Clause: Evasion items are banned
|rule|Evasion Moves Clause: Evasion moves are banned
|rule|Evasion Abilities Clause: Evasion abilities are banned
|rule|Sleep Moves Clause: Sleep-inducing moves are banned
|clearpoke
|poke|p1|Dragonite, M|
|poke|p1|Serperior, F|
|poke|p1|Donphan, M|
|poke|p1|Medicham, M|
|poke|p1|Scizor, M|
|poke|p1|Gengar, M|
|poke|p2|Garganacl, M|
|poke|p2|Clodsire, F|
|poke|p2|Corviknight, M|
|poke|p2|Alomomola, F|
|poke|p2|Ogerpon-Wellspring, F|
|poke|p2|Skeledirge, M|
|teampreview
|inactive|Battle timer is ON: inactive players will automatically lose when time's up. (requested by Luisao)
|
|t:|1759022115
|teamsize|p1|6
|teamsize|p2|6
|start
|switch|p1a: Medicham|Medicham, M, shiny|100/100
|switch|p2a: Corviknight|Corviknight, M|100/100
|-ability|p2a: Corviknight|Unnerve
|turn|1
|
|t:|1759022122
|move|p1a: Medicham|High Jump Kick|p2a: Corviknight
|-damage|p2a: Corviknight|0 fnt
|-damage|p1a: Medicham|84/100|[from] item: Rocky Helmet|[of] p2a: Corviknight
|faint|p2a: Corviknight
|-damage|p1a: Medicham|74/100|[from] item: Life Orb
|
|upkeep
|
|t:|1759022129
|switch|p2a: Skeledirge|Skeledirge, M|100/100
|turn|2
|
|t:|1759022133
|switch|p1a: Dragonite|Dragonite, M|100/100
|move|p2a: Skeledirge|Will-O-Wisp|p1a: Dragonite
|-status|p1a: Dragonite|brn
|
|-damage|p1a: Dragonite|94/100 brn|[from] brn
|upkeep
|turn|3
|
|t:|1759022142
|move|p1a: Dragonite|Outrage|p2a: Skeledirge
|-damage|p2a: Skeledirge|74/100
|move|p2a: Skeledirge|Torch Song|p1a: Dragonite
|-resisted|p1a: Dragonite
|-damage|p1a: Dragonite|77/100 brn
|-boost|p2a: Skeledirge|spa|1
|
|-heal|p1a: Dragonite|83/100 brn|[from] item: Leftovers
|-heal|p2a: Skeledirge|80/100|[from] item: Leftovers
|-damage|p1a: Dragonite|77/100 brn|[from] brn
|upkeep
|turn|4
|
|t:|1759022154
|move|p1a: Dragonite|Outrage|p2a: Skeledirge|[from] lockedmove
|-damage|p2a: Skeledirge|52/100
|-start|p1a: Dragonite|confusion|[fatigue]
|move|p2a: Skeledirge|Torch Song|p1a: Dragonite
|-resisted|p1a: Dragonite
|-damage|p1a: Dragonite|52/100 brn
|-boost|p2a: Skeledirge|spa|1
|
|-heal|p1a: Dragonite|58/100 brn|[from] item: Leftovers
|-heal|p2a: Skeledirge|59/100|[from] item: Leftovers
|-damage|p1a: Dragonite|52/100 brn|[from] brn
|upkeep
|turn|5
|
|t:|1759022168
|-activate|p1a: Dragonite|confusion
|-damage|p1a: Dragonite|33/100 brn|[from] confusion
|move|p2a: Skeledirge|Slack Off|p2a: Skeledirge
|-heal|p2a: Skeledirge|100/100
|
|-heal|p1a: Dragonite|39/100 brn|[from] item: Leftovers
|-damage|p1a: Dragonite|33/100 brn|[from] brn
|upkeep
|turn|6
|
|t:|1759022177
|-activate|p1a: Dragonite|confusion
|move|p1a: Dragonite|Outrage|p2a: Skeledirge
|-damage|p2a: Skeledirge|70/100
|move|p2a: Skeledirge|Torch Song|p1a: Dragonite
|-resisted|p1a: Dragonite
|-damage|p1a: Dragonite|0 fnt
|-boost|p2a: Skeledirge|spa|1
|faint|p1a: Dragonite
|
|-heal|p2a: Skeledirge|76/100|[from] item: Leftovers
|upkeep
|
|t:|1759022189
|switch|p1a: Gengar|Gengar, M, shiny|100/100
|turn|7
|
|t:|1759022196
|-terastallize|p2a: Skeledirge|Grass
|move|p1a: Gengar|Shadow Ball|p2a: Skeledirge
|-damage|p2a: Skeledirge|40/100
|move|p2a: Skeledirge|Shadow Ball|p1a: Gengar
|-supereffective|p1a: Gengar
|-enditem|p1a: Gengar|Focus Sash
|-damage|p1a: Gengar|1/100
|
|-heal|p2a: Skeledirge|46/100|[from] item: Leftovers
|upkeep
|turn|8
|
|t:|1759022208
|move|p1a: Gengar|Sludge Wave|p2a: Skeledirge
|-supereffective|p2a: Skeledirge
|-damage|p2a: Skeledirge|0 fnt
|faint|p2a: Skeledirge
|
|upkeep
|
|t:|1759022214
|switch|p2a: Garganacl|Garganacl, M|100/100
|turn|9
|
|t:|1759022217
|move|p1a: Gengar|Destiny Bond|p1a: Gengar
|-singlemove|p1a: Gengar|Destiny Bond
|move|p2a: Garganacl|Stealth Rock|p1a: Gengar
|-sidestart|p1: Luisao|move: Stealth Rock
|
|upkeep
|turn|10
|
|t:|1759022225
|switch|p2a: Alomomola|Alomomola, F|100/100
|move|p1a: Gengar|Shadow Ball|p2a: Alomomola
|-damage|p2a: Alomomola|60/100
|-unboost|p2a: Alomomola|spd|1
|
|-heal|p2a: Alomomola|66/100|[from] item: Leftovers
|upkeep
|turn|11
|
|t:|1759022235
|move|p1a: Gengar|Sludge Wave|p2a: Alomomola
|-damage|p2a: Alomomola|0 fnt
|faint|p2a: Alomomola
|
|upkeep
|
|t:|1759022238
|switch|p2a: Ogerpon|Ogerpon-Wellspring, F|100/100
|turn|12
|
|t:|1759022243
|move|p1a: Gengar|Sludge Wave|p2a: Ogerpon
|-supereffective|p2a: Ogerpon
|-damage|p2a: Ogerpon|0 fnt
|faint|p2a: Ogerpon
|
|upkeep
|
|t:|1759022246
|switch|p2a: Garganacl|Garganacl, M|100/100
|turn|13
|
|t:|1759022251
|move|p1a: Gengar|Destiny Bond|p1a: Gengar
|-singlemove|p1a: Gengar|Destiny Bond
|move|p2a: Garganacl|Salt Cure|p1a: Gengar
|-damage|p1a: Gengar|0 fnt
|faint|p1a: Gengar
|-activate|p1a: Gengar|move: Destiny Bond
|faint|p2a: Garganacl
|
|upkeep
|-message|xiaoshenyoukaigual forfeited.
|
|win|Luisao
|raw|Luisao's rating: 1365 &rarr; <strong>1385</strong><br />(+20 for winning)
|raw|xiaoshenyoukaigual's rating: 1364 &rarr; <strong>1344</strong><br />(-20 for losing)
|l|☆xiaoshenyoukaigual
|player|p2|
|l|☆Luisao
|player|p1|
