|j|☆IvanBeifong
|j|☆64Unitesdespleen
|t:|1759042607
|gametype|singles
|player|p1|IvanBeifong|hilbert|1533
|player|p2|64Unitesdespleen|winona|1519
|gen|9
|tier|[Gen 9] OU
|rated|
|rule|HP Percentage Mod: HP is shown in percentages
|rule|Endless Battle Clause: Forcing endless battles is banned
|rule|Species Clause: Limit one of each Pokémon
|rule|OHKO Clause: OHKO moves are banned
|rule|Evasion Items Clause: Evasion items are banned
|rule|Evasion Moves Clause: Evasion moves are banned
|rule|Evasion Abilities Clause: Evasion abilities are banned
|rule|Sleep Moves Clause: Sleep-inducing moves are banned
|clearpoke
|poke|p1|Samurott-Hisui, F|
|poke|p1|Great Tusk|
|poke|p1|Volcanion|
|poke|p1|Hydrapple, M|
|poke|p1|Gholdengo|
|poke|p1|Landorus-Therian, M|
|poke|p2|Hatterene, F|
|poke|p2|Torkoal, F|
|poke|p2|Crabominable, F|
|poke|p2|Slowking-Galar, F|
|poke|p2|Cresselia, F|
|poke|p2|Ursaluna, M|
|teampreview
|inactive|Battle timer is ON: inactive players will automatically lose when time's up. (requested by 64Unitesdespleen)
|
|t:|1759042615
|teamsize|p1|6
|teamsize|p2|6
|start
|switch|p1a: Gholdengo|Gholdengo|100/100
|switch|p2a: Hatterene|Hatterene, F|100/100
|-item|p1a: Gholdengo|Air Balloon
|turn|1
|inactive|64Unitesdespleen has 120 seconds left.
|
|t:|1759042648
|move|p1a: Gholdengo|Make It Rain|p2a: Hatterene
|-supereffective|p2a: Hatterene
|-crit|p2a: Hatterene
|-enditem|p2a: Hatterene|Focus Sash
|-damage|p2a: Hatterene|1/100
|-unboost|p1a: Gholdengo|spa|1
|move|p2a: Hatterene|Trick Room|p2a: Hatterene
|-fieldstart|move: Trick Room|[of] p2a: Hatterene
|
|upkeep
|turn|2
|
|t:|1759042672
|move|p2a: Hatterene|Mystical Fire|p1a: Gholdengo
|-supereffective|p1a: Gholdengo
|-damage|p1a: Gholdengo|45/100
|-unboost|p1a: Gholdengo|spa|1
|-enditem|p1a: Gholdengo|Air Balloon
|move|p1a: Gholdengo|Shadow Ball|p2a: Hatterene
|-supereffective|p2a: Hatterene
|-damage|p2a: Hatterene|0 fnt
|faint|p2a: Hatterene
|
|upkeep
|
|t:|1759042687
|switch|p2a: Crabominable|Crabominable, F|100/100
|turn|3
|
|t:|1759042707
|switch|p1a: Hydrapple|Hydrapple, M|100/100
|move|p2a: Crabominable|Earthquake|p1a: Hydrapple
|-resisted|p1a: Hydrapple
|-damage|p1a: Hydrapple|89/100
|
|upkeep
|turn|4
|
|t:|1759042717
|switch|p1a: Samurott|Samurott-Hisui, F|100/100
|move|p2a: Crabominable|Knock Off|p1a: Samurott
|-resisted|p1a: Samurott
|-damage|p1a: Samurott|81/100
|-enditem|p1a: Samurott|Assault Vest|[from] move: Knock Off|[of] p2a: Crabominable
|
|upkeep
|turn|5
|
|t:|1759042725
|move|p2a: Crabominable|Drain Punch|p1a: Samurott
|-supereffective|p1a: Samurott
|-damage|p1a: Samurott|0 fnt
|faint|p1a: Samurott
|
|-fieldend|move: Trick Room
|upkeep
|
|t:|1759042735
|switch|p1a: Volcanion|Volcanion|100/100
|turn|6
|
|t:|1759042737
|switch|p2a: Slowking|Slowking-Galar, F|100/100
|move|p1a: Volcanion|Flamethrower|p2a: Slowking
|-damage|p2a: Slowking|74/100
|
|upkeep
|turn|7
|
|t:|1759042742
|move|p1a: Volcanion|Will-O-Wisp|p2a: Slowking
|-status|p2a: Slowking|brn
|move|p2a: Slowking|Trick Room|p2a: Slowking
|-fieldstart|move: Trick Room|[of] p2a: Slowking
|
|-damage|p2a: Slowking|68/100 brn|[from] brn
|upkeep
|turn|8
|
|t:|1759042746
|move|p2a: Slowking|Sludge Bomb|p1a: Volcanion
|-damage|p1a: Volcanion|63/100
|-status|p1a: Volcanion|psn
|move|p1a: Volcanion|Steam Eruption|p2a: Slowking
|-damage|p2a: Slowking|35/100 brn
|
|-damage|p1a: Volcanion|51/100 psn|[from] psn
|-damage|p2a: Slowking|28/100 brn|[from] brn
|upkeep
|turn|9
|
|t:|1759042753
|switch|p1a: Gholdengo|Gholdengo|45/100
|-prepare|p2a: Slowking|Chilly Reception|[premajor]
|move|p2a: Slowking|Chilly Reception|p2a: Slowking
|-weather|Snowscape
|
|t:|1759042755
|switch|p2a: Torkoal|Torkoal, F|100/100|[from] Chilly Reception
|-weather|SunnyDay|[from] ability: Drought|[of] p2a: Torkoal
|
|-weather|SunnyDay|[upkeep]
|upkeep
|turn|10
|
|t:|1759042765
|-terastallize|p1a: Gholdengo|Water
|move|p2a: Torkoal|Eruption|p1a: Gholdengo
|-resisted|p1a: Gholdengo
|-damage|p1a: Gholdengo|0 fnt
|faint|p1a: Gholdengo
|
|-weather|SunnyDay|[upkeep]
|upkeep
|
|t:|1759042787
|switch|p1a: Volcanion|Volcanion|51/100 psn
|turn|11
|
|t:|1759042797
|switch|p2a: Slowking|Slowking-Galar, F|62/100 brn
|move|p1a: Volcanion|Steam Eruption|p2a: Slowking
|-damage|p2a: Slowking|47/100 brn
|
|-weather|SunnyDay|[upkeep]
|-damage|p1a: Volcanion|38/100 psn|[from] psn
|-damage|p2a: Slowking|41/100 brn|[from] brn
|-fieldend|move: Trick Room
|upkeep
|turn|12
|
|t:|1759042803
|move|p1a: Volcanion|Flamethrower|p2a: Slowking
|-damage|p2a: Slowking|0 fnt
|faint|p2a: Slowking
|
|-weather|SunnyDay|[upkeep]
|-damage|p1a: Volcanion|26/100 psn|[from] psn
|upkeep
|
|t:|1759042808
|switch|p2a: Cresselia|Cresselia, F|100/100
|turn|13
|
|t:|1759042811
|move|p1a: Volcanion|Flamethrower|p2a: Cresselia
|-damage|p2a: Cresselia|59/100
|move|p2a: Cresselia|Trick Room|p2a: Cresselia
|-fieldstart|move: Trick Room|[of] p2a: Cresselia
|
|-weather|none
|-damage|p1a: Volcanion|13/100 psn|[from] psn
|upkeep
|turn|14
|
|t:|1759042817
|switch|p2a: Crabominable|Crabominable, F|100/100
|move|p1a: Volcanion|Flamethrower|p2a: Crabominable
|-supereffective|p2a: Crabominable
|-damage|p2a: Crabominable|0 fnt
|faint|p2a: Crabominable
|
|-damage|p1a: Volcanion|1/100 psn|[from] psn
|upkeep
|
|t:|1759042825
|switch|p2a: Ursaluna|Ursaluna, M|100/100
|turn|15
|
|t:|1759042827
|move|p2a: Ursaluna|Facade|p1a: Volcanion
|-damage|p1a: Volcanion|0 fnt
|faint|p1a: Volcanion
|
|-status|p2a: Ursaluna|brn|[from] item: Flame Orb
|upkeep
|
|t:|1759042835
|switch|p1a: Hydrapple|Hydrapple, M|100/100
|turn|16
|
|t:|1759042839
|move|p2a: Ursaluna|Facade|p1a: Hydrapple
|-damage|p1a: Hydrapple|26/100
|-damage|p2a: Ursaluna|84/100 brn|[from] item: Rocky Helmet|[of] p1a: Hydrapple
|move|p1a: Hydrapple|Giga Drain|p2a: Ursaluna
|-supereffective|p2a: Ursaluna
|-damage|p2a: Ursaluna|28/100 brn
|-heal|p1a: Hydrapple|57/100|[from] drain|[of] p2a: Ursaluna
|
|-damage|p2a: Ursaluna|22/100 brn|[from] brn
|upkeep
|turn|17
|
|t:|1759042845
|move|p2a: Ursaluna|Facade|p1a: Hydrapple
|-damage|p1a: Hydrapple|0 fnt
|-damage|p2a: Ursaluna|5/100 brn|[from] item: Rocky Helmet|[of] p1a: Hydrapple
|faint|p1a: Hydrapple
|
|-damage|p2a: Ursaluna|0 fnt|[from] brn
|faint|p2a: Ursaluna
|-fieldend|move: Trick Room
|upkeep
|
|t:|1759042870
|switch|p1a: Landorus|Landorus-Therian, M|100/100
|switch|p2a: Cresselia|Cresselia, F|59/100
|-ability|p1a: Landorus|Intimidate|boost
|-unboost|p2a: Cresselia|atk|1
|turn|18
|c|☆IvanBeifong|idt i've ever been trickroomed this hard in my life
|inactive|IvanBeifong has 120 seconds left.
|
|t:|1759042888
|move|p1a: Landorus|Stone Edge|p2a: Cresselia
|-damage|p2a: Cresselia|36/100
|move|p2a: Cresselia|Trick Room|p2a: Cresselia
|-fieldstart|move: Trick Room|[of] p2a: Cresselia
|
|upkeep
|turn|19
|
|t:|1759042894
|move|p2a: Cresselia|Lunar Dance|p2a: Cresselia
|faint|p2a: Cresselia
|move|p1a: Landorus|Stone Edge|p2: Cresselia|[notarget]
|-fail|p1a: Landorus
|
|upkeep
|
|t:|1759042899
|switch|p2a: Torkoal|Torkoal, F|100/100
|-heal|p2a: Torkoal|100/100|[from] move: Lunar Dance
|-weather|SunnyDay|[from] ability: Drought|[of] p2a: Torkoal
|turn|20
|
|t:|1759042902
|switch|p1a: Great Tusk|Great Tusk|100/100
|-activate|p1a: Great Tusk|ability: Protosynthesis
|-start|p1a: Great Tusk|protosynthesisatk
|-terastallize|p2a: Torkoal|Fire
|move|p2a: Torkoal|Eruption|p1a: Great Tusk
|-damage|p1a: Great Tusk|0 fnt
|faint|p1a: Great Tusk
|-end|p1a: Great Tusk|Protosynthesis|[silent]
|
|-weather|SunnyDay|[upkeep]
|upkeep
|
|t:|1759042904
|switch|p1a: Landorus|Landorus-Therian, M|100/100
|-ability|p1a: Landorus|Intimidate|boost
|-unboost|p2a: Torkoal|atk|1
|turn|21
|
|t:|1759042908
|move|p2a: Torkoal|Eruption|p1a: Landorus
|-damage|p1a: Landorus|0 fnt
|faint|p1a: Landorus
|
|win|64Unitesdespleen
|raw|IvanBeifong's rating: 1533 &rarr; <strong>1512</strong><br />(-21 for losing)
|raw|64Unitesdespleen's rating: 1519 &rarr; <strong>1540</strong><br />(+21 for winning)
|l|☆IvanBeifong
|player|p1|
|l|☆64Unitesdespleen
|player|p2|
