|j|☆Douglas_Evora
|j|☆Yothas
|t:|1758951455
|gametype|singles
|player|p1|Douglas_Evora|benga|1331
|player|p2|Yothas|170|1264
|gen|9
|tier|[Gen 9] OU
|rated|
|rule|HP Percentage Mod: HP is shown in percentages
|rule|Endless Battle Clause: Forcing endless battles is banned
|rule|Species Clause: Limit one of each Pokémon
|rule|OHKO Clause: OHKO moves are banned
|rule|Evasion Items Clause: Evasion items are banned
|rule|Evasion Moves Clause: Evasion moves are banned
|rule|Evasion Abilities Clause: Evasion abilities are banned
|rule|Sleep Moves Clause: Sleep-inducing moves are banned
|clearpoke
|poke|p1|Jolteon, F|
|poke|p1|Slowking-Galar, M|
|poke|p1|Great Tusk|
|poke|p1|Moltres|
|poke|p1|Kingambit, F|
|poke|p1|Hydrapple, F|
|poke|p2|Perrserker, F|
|poke|p2|Skarmory, M|
|poke|p2|Meowscarada, M|
|poke|p2|Rotom-Wash|
|poke|p2|Haxorus, F|
|poke|p2|Glimmora, F|
|teampreview
|inactive|Battle timer is ON: inactive players will automatically lose when time's up. (requested by Yothas)
|
|t:|1758951468
|teamsize|p1|6
|teamsize|p2|6
|start
|switch|p1a: Great Tusk|Great Tusk|100/100
|switch|p2a: Glimmora|Glimmora, F|100/100
|turn|1
|
|t:|1758951476
|switch|p2a: Skarmory|Skarmory, M|100/100
|move|p1a: Great Tusk|Earthquake|p2a: Skarmory
|-immune|p2a: Skarmory
|
|upkeep
|turn|2
|
|t:|1758951484
|-end|p1a: Great Tusk|Protosynthesis|[silent]
|switch|p1a: Moltres|Moltres|100/100
|move|p2a: Skarmory|Stealth Rock|p1a: Moltres
|-sidestart|p1: Douglas_Evora|move: Stealth Rock
|
|upkeep
|turn|3
|
|t:|1758951489
|switch|p2a: Rotom|Rotom-Wash, shiny|100/100
|move|p1a: Moltres|Will-O-Wisp|p2a: Rotom
|-status|p2a: Rotom|brn
|
|-damage|p2a: Rotom|94/100 brn|[from] brn
|upkeep
|turn|4
|
|t:|1758951497
|switch|p1a: Hydrapple|Hydrapple, F|100/100
|move|p2a: Rotom|Trick|p1a: Hydrapple
|-activate|p2a: Rotom|move: Trick|[of] p1a: Hydrapple
|-item|p1a: Hydrapple|Choice Specs|[from] move: Trick
|-item|p2a: Rotom|Heavy-Duty Boots|[from] move: Trick
|
|-damage|p2a: Rotom|88/100 brn|[from] brn
|upkeep
|turn|5
|
|t:|1758951506
|switch|p1a: Moltres|Moltres|100/100
|move|p2a: Rotom|Volt Switch|p1a: Moltres
|-supereffective|p1a: Moltres
|-damage|p1a: Moltres|42/100
|
|t:|1758951519
|switch|p2a: Glimmora|Glimmora, F|100/100|[from] Volt Switch
|
|upkeep
|turn|6
|
|t:|1758951525
|switch|p1a: Great Tusk|Great Tusk|100/100
|-damage|p1a: Great Tusk|98/100|[from] Stealth Rock
|move|p2a: Glimmora|Mortal Spin|p1a: Great Tusk
|-resisted|p1a: Great Tusk
|-damage|p1a: Great Tusk|96/100
|-status|p1a: Great Tusk|psn
|-damage|p2a: Glimmora|84/100|[from] item: Rocky Helmet|[of] p1a: Great Tusk
|
|-damage|p1a: Great Tusk|84/100 psn|[from] psn
|upkeep
|turn|7
|
|t:|1758951535
|switch|p2a: Skarmory|Skarmory, M|100/100
|move|p1a: Great Tusk|Rapid Spin|p2a: Skarmory
|-resisted|p2a: Skarmory
|-damage|p2a: Skarmory|96/100
|-boost|p1a: Great Tusk|spe|1
|-damage|p1a: Great Tusk|67/100 psn|[from] item: Rocky Helmet|[of] p2a: Skarmory
|-sideend|p1: Douglas_Evora|Stealth Rock|[from] move: Rapid Spin|[of] p1a: Great Tusk
|
|-damage|p1a: Great Tusk|55/100 psn|[from] psn
|upkeep
|turn|8
|
|t:|1758951549
|-end|p1a: Great Tusk|Protosynthesis|[silent]
|switch|p1a: Jolteon|Jolteon, F|100/100
|move|p2a: Skarmory|Stealth Rock|p1a: Jolteon
|-sidestart|p1: Douglas_Evora|move: Stealth Rock
|
|upkeep
|turn|9
|
|t:|1758951554
|switch|p2a: Perrserker|Perrserker, F|100/100
|move|p1a: Jolteon|Calm Mind|p1a: Jolteon
|-boost|p1a: Jolteon|spa|1
|-boost|p1a: Jolteon|spd|1
|
|upkeep
|turn|10
|
|t:|1758951559
|move|p2a: Perrserker|Fake Out|p1a: Jolteon
|-damage|p1a: Jolteon|70/100
|cant|p1a: Jolteon|flinch
|
|upkeep
|turn|11
|
|t:|1758951567
|move|p1a: Jolteon|Volt Switch|p2a: Perrserker
|-damage|p2a: Perrserker|60/100
|
|t:|1758951577
|switch|p1a: Moltres|Moltres|42/100|[from] Volt Switch
|move|p2a: Perrserker|Knock Off|p1a: Moltres
|-damage|p1a: Moltres|10/100
|-status|p2a: Perrserker|brn|[from] ability: Flame Body|[of] p1a: Moltres
|-enditem|p1a: Moltres|Heavy-Duty Boots|[from] move: Knock Off|[of] p2a: Perrserker
|
|-damage|p2a: Perrserker|54/100 brn|[from] brn
|upkeep
|turn|12
|
|t:|1758951587
|switch|p2a: Rotom|Rotom-Wash, shiny|88/100 brn
|move|p1a: Moltres|Roost|p1a: Moltres
|-heal|p1a: Moltres|60/100
|-singleturn|p1a: Moltres|move: Roost
|
|-damage|p2a: Rotom|82/100 brn|[from] brn
|upkeep
|turn|13
|
|t:|1758951596
|switch|p1a: Jolteon|Jolteon, F|70/100
|move|p2a: Rotom|Hydro Pump|p1a: Jolteon
|-damage|p1a: Jolteon|10/100
|
|-damage|p2a: Rotom|76/100 brn|[from] brn
|upkeep
|turn|14
|-message|Douglas_Evora forfeited.
|
|win|Yothas
|raw|Douglas_Evora's rating: 1331 &rarr; <strong>1307</strong><br />(-24 for losing)
|raw|Yothas's rating: 1264 &rarr; <strong>1294</strong><br />(+30 for winning)
|l|☆Douglas_Evora
|player|p1|
|l|☆Yothas
|player|p2|
