|badge|p1|silver|gen9uu|30-6
|uhtml|medal-msg|<div class="broadcast-blue">Curious what those medals under the avatar are? PS now has Ladder Seasons! For more information, check out the <a href="https://www.smogon.com/forums/threads/3740067/">thread on Smogon.</a></div>
|badge|p2|bronze|gen9ou|100-6
|badge|p2|silver|gen9uu|30-6
|badge|p2|bronze|gen9ru|100-6
|html|<div class="broadcast-red"><strong>This battle is required to be public due to one or more player having a season medal.</strong><br />During the public phase, you can discuss the state of the ladder <a href="/seasondiscussion">in a special chatroom.</a></div>
|uhtml|medal-msg|<div class="broadcast-blue">Curious what those medals under the avatar are? PS now has Ladder Seasons! For more information, check out the <a href="https://www.smogon.com/forums/threads/3740067/">thread on Smogon.</a></div>
|raw|<div class="broadcast-blue"><strong>This battle is required to be public due to a player having a name starting with 'medal'.</div>
|j|☆Wickard
|j|☆cold.exe
|t:|1759071304
|gametype|singles
|player|p1|Wickard|wattson|1766
|player|p2|cold.exe|flannery|1907
|gen|9
|tier|[Gen 9] OU
|rated|
|rule|HP Percentage Mod: HP is shown in percentages
|rule|Endless Battle Clause: Forcing endless battles is banned
|rule|Species Clause: Limit one of each Pokémon
|rule|OHKO Clause: OHKO moves are banned
|rule|Evasion Items Clause: Evasion items are banned
|rule|Evasion Moves Clause: Evasion moves are banned
|rule|Evasion Abilities Clause: Evasion abilities are banned
|rule|Sleep Moves Clause: Sleep-inducing moves are banned
|clearpoke
|poke|p1|Great Tusk|
|poke|p1|Ogerpon-Wellspring, F|
|poke|p1|Landorus-Therian, M|
|poke|p1|Kingambit, F|
|poke|p1|Raging Bolt|
|poke|p1|Moltres|
|poke|p2|Ogerpon-Wellspring, F|
|poke|p2|Corviknight, M|
|poke|p2|Cinderace, M|
|poke|p2|Landorus-Therian, M|
|poke|p2|Zamazenta-*|
|poke|p2|Zapdos|
|teampreview
|inactive|Battle timer is ON: inactive players will automatically lose when time's up. (requested by cold.exe)
|inactive|cold.exe has 120 seconds left.
|
|t:|1759071337
|teamsize|p1|6
|teamsize|p2|6
|start
|switch|p1a: Great Neck|Raging Bolt|100/100
|switch|p2a: Zapdos|Zapdos|100/100
|turn|1
|
|t:|1759071345
|move|p2a: Zapdos|Volt Switch|p1a: Great Neck
|-resisted|p1a: Great Neck
|-damage|p1a: Great Neck|88/100
|
|t:|1759071348
|switch|p2a: Corviknight|Corviknight, M|100/100|[from] Volt Switch
|-ability|p2a: Corviknight|Pressure
|move|p1a: Great Neck|Calm Mind|p1a: Great Neck
|-boost|p1a: Great Neck|spa|1
|-boost|p1a: Great Neck|spd|1
|
|-heal|p1a: Great Neck|94/100|[from] item: Leftovers
|upkeep
|turn|2
|
|t:|1759071354
|switch|p2a: Landorus|Landorus-Therian, M|100/100
|-ability|p2a: Landorus|Intimidate|boost
|-unboost|p1a: Great Neck|atk|1
|move|p1a: Great Neck|Draco Meteor|p2a: Landorus
|-damage|p2a: Landorus|16/100
|-unboost|p1a: Great Neck|spa|2
|
|-heal|p1a: Great Neck|99/100|[from] item: Leftovers
|-heal|p2a: Landorus|22/100|[from] item: Leftovers
|upkeep
|turn|3
|
|t:|1759071360
|-end|p1a: Great Neck|Protosynthesis|[silent]
|switch|p1a: Landorus|Landorus-Therian, M|100/100
|-ability|p1a: Landorus|Intimidate|boost
|-unboost|p2a: Landorus|atk|1
|move|p2a: Landorus|Stealth Rock|p1a: Landorus
|-sidestart|p1: Wickard|move: Stealth Rock
|
|-heal|p2a: Landorus|28/100|[from] item: Leftovers
|upkeep
|turn|4
|j| Rizzofreko
|
|t:|1759071370
|move|p1a: Landorus|Stealth Rock|p2a: Landorus
|-sidestart|p2: cold.exe|move: Stealth Rock
|move|p2a: Landorus|Smack Down|p1a: Landorus
|-damage|p1a: Landorus|90/100
|-start|p1a: Landorus|Smack Down
|
|-heal|p2a: Landorus|34/100|[from] item: Leftovers
|upkeep
|turn|5
|
|t:|1759071382
|switch|p2a: Zamazenta|Zamazenta|100/100
|-damage|p2a: Zamazenta|94/100|[from] Stealth Rock
|-ability|p2a: Zamazenta|Dauntless Shield|boost
|-boost|p2a: Zamazenta|def|1
|move|p1a: Landorus|U-turn|p2a: Zamazenta
|-resisted|p2a: Zamazenta
|-damage|p2a: Zamazenta|88/100
|
|t:|1759071384
|switch|p1a: Moltres|Moltres|100/100|[from] U-turn
|
|upkeep
|turn|6
|j| Disscratch
|
|t:|1759071389
|move|p2a: Zamazenta|Ice Fang|p1a: Moltres|[miss]
|-miss|p2a: Zamazenta|p1a: Moltres
|move|p1a: Moltres|Will-O-Wisp|p2a: Zamazenta
|-status|p2a: Zamazenta|brn
|
|-damage|p2a: Zamazenta|82/100 brn|[from] brn
|upkeep
|turn|7
|
|t:|1759071400
|move|p2a: Zamazenta|Ice Fang|p1a: Moltres
|-damage|p1a: Moltres|90/100
|-damage|p2a: Zamazenta|72/100 brn|[from] item: Life Orb
|move|p1a: Moltres|Flamethrower|p2a: Zamazenta
|-damage|p2a: Zamazenta|40/100 brn
|
|-damage|p2a: Zamazenta|33/100 brn|[from] brn
|upkeep
|turn|8
|
|t:|1759071408
|move|p2a: Zamazenta|Ice Fang|p1a: Moltres
|-damage|p1a: Moltres|80/100
|-damage|p2a: Zamazenta|24/100 brn|[from] item: Life Orb
|move|p1a: Moltres|Roost|p1a: Moltres
|-heal|p1a: Moltres|100/100
|-singleturn|p1a: Moltres|move: Roost
|
|-damage|p2a: Zamazenta|17/100 brn|[from] brn
|upkeep
|turn|9
|
|t:|1759071413
|move|p2a: Zamazenta|Ice Fang|p1a: Moltres
|-damage|p1a: Moltres|90/100
|-status|p1a: Moltres|frz
|-damage|p2a: Zamazenta|8/100 brn|[from] item: Life Orb
|cant|p1a: Moltres|frz
|
|-damage|p2a: Zamazenta|1/100 brn|[from] brn
|upkeep
|turn|10
|
|t:|1759071417
|move|p2a: Zamazenta|Close Combat|p1a: Moltres
|-resisted|p1a: Moltres
|-damage|p1a: Moltres|75/100 frz
|-unboost|p2a: Zamazenta|def|1
|-unboost|p2a: Zamazenta|spd|1
|-damage|p2a: Zamazenta|0 fnt|[from] item: Life Orb
|faint|p2a: Zamazenta
|cant|p1a: Moltres|frz
|
|upkeep
|
|t:|1759071420
|switch|p2a: Ogerpon|Ogerpon-Wellspring, F|100/100
|-damage|p2a: Ogerpon|88/100|[from] Stealth Rock
|turn|11
|
|t:|1759071424
|move|p2a: Ogerpon|Swords Dance|p2a: Ogerpon
|-boost|p2a: Ogerpon|atk|2
|cant|p1a: Moltres|frz
|
|upkeep
|turn|12
|
|t:|1759071430
|move|p2a: Ogerpon|Ivy Cudgel|p1a: Moltres|[anim] Ivy Cudgel Water
|-supereffective|p1a: Moltres
|-damage|p1a: Moltres|0 fnt
|faint|p1a: Moltres
|
|upkeep
|
|t:|1759071436
|switch|p1a: Ogerpon|Ogerpon-Wellspring, F|100/100
|-damage|p1a: Ogerpon|88/100|[from] Stealth Rock
|turn|13
|
|t:|1759071450
|switch|p2a: Corviknight|Corviknight, M|100/100
|-damage|p2a: Corviknight|88/100|[from] Stealth Rock
|-ability|p2a: Corviknight|Pressure
|move|p1a: Ogerpon|Horn Leech|p2a: Corviknight
|-resisted|p2a: Corviknight
|-damage|p2a: Corviknight|81/100
|-heal|p1a: Ogerpon|93/100|[from] drain|[of] p2a: Corviknight
|-damage|p1a: Ogerpon|76/100|[from] item: Rocky Helmet|[of] p2a: Corviknight
|
|upkeep
|turn|14
|
|t:|1759071459
|switch|p1a: Landorus|Landorus-Therian, M|90/100
|-damage|p1a: Landorus|77/100|[from] Stealth Rock
|-ability|p1a: Landorus|Intimidate|boost
|-unboost|p2a: Corviknight|atk|1
|move|p2a: Corviknight|U-turn|p1a: Landorus
|-resisted|p1a: Landorus
|-damage|p1a: Landorus|73/100
|-damage|p2a: Corviknight|65/100|[from] item: Rocky Helmet|[of] p1a: Landorus
|
|t:|1759071485
|switch|p2a: Zapdos|Zapdos|100/100|[from] U-turn
|-damage|p2a: Zapdos|76/100|[from] Stealth Rock
|
|upkeep
|turn|15
|
|t:|1759071492
|move|p2a: Zapdos|Hurricane|p1a: Landorus
|-damage|p1a: Landorus|0 fnt
|faint|p1a: Landorus
|
|upkeep
|
|t:|1759071495
|switch|p1a: Great Neck|Raging Bolt|99/100
|-damage|p1a: Great Neck|88/100|[from] Stealth Rock
|turn|16
|
|t:|1759071502
|move|p2a: Zapdos|Hurricane|p1a: Great Neck
|-resisted|p1a: Great Neck
|-damage|p1a: Great Neck|49/100
|move|p1a: Great Neck|Thunderbolt|p2a: Zapdos
|-damage|p2a: Zapdos|8/100
|
|-heal|p1a: Great Neck|55/100|[from] item: Leftovers
|upkeep
|turn|17
|
|t:|1759071510
|move|p1a: Great Neck|Thunderclap|p2a: Zapdos
|-damage|p2a: Zapdos|0 fnt
|faint|p2a: Zapdos
|
|-heal|p1a: Great Neck|61/100|[from] item: Leftovers
|upkeep
|
|t:|1759071516
|switch|p2a: Landorus|Landorus-Therian, M|34/100
|-damage|p2a: Landorus|21/100|[from] Stealth Rock
|-ability|p2a: Landorus|Intimidate|boost
|-unboost|p1a: Great Neck|atk|1
|turn|18
|
|t:|1759071519
|-end|p1a: Great Neck|Protosynthesis|[silent]
|switch|p1a: Ogerpon|Ogerpon-Wellspring, F|76/100
|-damage|p1a: Ogerpon|64/100|[from] Stealth Rock
|move|p2a: Landorus|U-turn|p1a: Ogerpon
|-supereffective|p1a: Ogerpon
|-damage|p1a: Ogerpon|9/100
|
|t:|1759071523
|switch|p2a: Cinderace|Cinderace, M|100/100|[from] U-turn
|
|upkeep
|turn|19
|
|t:|1759071526
|move|p2a: Cinderace|Pyro Ball|p1a: Ogerpon
|-damage|p1a: Ogerpon|0 fnt
|faint|p1a: Ogerpon
|
|upkeep
|l| Rizzofreko
|
|t:|1759071529
|switch|p1a: Great Tusk|Great Tusk|100/100
|-damage|p1a: Great Tusk|98/100|[from] Stealth Rock
|-enditem|p1a: Great Tusk|Booster Energy
|-activate|p1a: Great Tusk|ability: Protosynthesis|[fromitem]
|-start|p1a: Great Tusk|protosynthesisspe
|turn|20
|j| moodrandom
|
|t:|1759071538
|-end|p1a: Great Tusk|Protosynthesis|[silent]
|switch|p1a: Great Neck|Raging Bolt|61/100
|-damage|p1a: Great Neck|49/100|[from] Stealth Rock
|switch|p2a: Corviknight|Corviknight, M|65/100
|-damage|p2a: Corviknight|52/100|[from] Stealth Rock
|-ability|p2a: Corviknight|Pressure
|
|-heal|p1a: Great Neck|55/100|[from] item: Leftovers
|upkeep
|turn|21
|
|t:|1759071558
|switch|p2a: Cinderace|Cinderace, M|100/100
|move|p1a: Great Neck|Draco Meteor|p2a: Cinderace
|-damage|p2a: Cinderace|7/100
|-unboost|p1a: Great Neck|spa|2
|
|-heal|p1a: Great Neck|61/100|[from] item: Leftovers
|upkeep
|turn|22
|
|t:|1759071569
|move|p1a: Great Neck|Thunderclap||[still]
|-fail|p1a: Great Neck
|move|p2a: Cinderace|Will-O-Wisp|p1a: Great Neck
|-status|p1a: Great Neck|brn
|
|-heal|p1a: Great Neck|67/100 brn|[from] item: Leftovers
|-damage|p1a: Great Neck|61/100 brn|[from] brn
|upkeep
|turn|23
|
|t:|1759071578
|switch|p2a: Landorus|Landorus-Therian, M|21/100
|-damage|p2a: Landorus|9/100|[from] Stealth Rock
|-ability|p2a: Landorus|Intimidate|boost
|-unboost|p1a: Great Neck|atk|1
|move|p1a: Great Neck|Draco Meteor|p2a: Landorus
|-damage|p2a: Landorus|0 fnt
|-unboost|p1a: Great Neck|spa|2
|faint|p2a: Landorus
|
|-heal|p1a: Great Neck|67/100 brn|[from] item: Leftovers
|-damage|p1a: Great Neck|61/100 brn|[from] brn
|upkeep
|
|t:|1759071581
|switch|p2a: Ogerpon|Ogerpon-Wellspring, F|88/100
|-damage|p2a: Ogerpon|76/100|[from] Stealth Rock
|turn|24
|
|t:|1759071589
|move|p2a: Ogerpon|Swords Dance|p2a: Ogerpon
|-boost|p2a: Ogerpon|atk|2
|move|p1a: Great Neck|Thunderbolt|p2a: Ogerpon
|-damage|p2a: Ogerpon|55/100
|
|-heal|p1a: Great Neck|67/100 brn|[from] item: Leftovers
|-damage|p1a: Great Neck|61/100 brn|[from] brn
|upkeep
|turn|25
|
|t:|1759071599
|-end|p1a: Great Neck|Protosynthesis|[silent]
|switch|p1a: Great Tusk|Great Tusk|98/100
|-damage|p1a: Great Tusk|95/100|[from] Stealth Rock
|move|p2a: Ogerpon|Ivy Cudgel|p1a: Great Tusk|[anim] Ivy Cudgel Water
|-supereffective|p1a: Great Tusk
|-damage|p1a: Great Tusk|0 fnt
|faint|p1a: Great Tusk
|-end|p1a: Great Tusk|Protosynthesis|[silent]
|
|upkeep
|
|t:|1759071604
|switch|p1a: Kingambit|Kingambit, F|100/100
|-damage|p1a: Kingambit|94/100|[from] Stealth Rock
|-activate|p1a: Kingambit|ability: Supreme Overlord
|-start|p1a: Kingambit|fallen4|[silent]
|turn|26
|
|t:|1759071612
|switch|p2a: Cinderace|Cinderace, M|7/100
|move|p1a: Kingambit|Sucker Punch||[still]
|-fail|p1a: Kingambit
|
|-heal|p1a: Kingambit|100/100|[from] item: Leftovers
|upkeep
|turn|27
|
|t:|1759071619
|-terastallize|p1a: Kingambit|Fairy
|move|p2a: Cinderace|Pyro Ball|p1a: Kingambit
|-damage|p1a: Kingambit|45/100
|move|p1a: Kingambit|Swords Dance|p1a: Kingambit
|-boost|p1a: Kingambit|atk|2
|
|-heal|p1a: Kingambit|52/100|[from] item: Leftovers
|upkeep
|turn|28
|
|t:|1759071630
|move|p2a: Cinderace|Will-O-Wisp|p1a: Kingambit|[miss]
|-miss|p2a: Cinderace|p1a: Kingambit
|move|p1a: Kingambit|Kowtow Cleave|p2a: Cinderace
|-damage|p2a: Cinderace|0 fnt
|faint|p2a: Cinderace
|
|-heal|p1a: Kingambit|58/100|[from] item: Leftovers
|upkeep
|
|t:|1759071632
|switch|p2a: Corviknight|Corviknight, M|52/100
|-damage|p2a: Corviknight|40/100|[from] Stealth Rock
|-ability|p2a: Corviknight|Pressure
|turn|29
|
|t:|1759071634
|move|p1a: Kingambit|Kowtow Cleave|p2a: Corviknight
|-damage|p2a: Corviknight|0 fnt
|-damage|p1a: Kingambit|41/100|[from] item: Rocky Helmet|[of] p2a: Corviknight
|faint|p2a: Corviknight
|
|-heal|p1a: Kingambit|47/100|[from] item: Leftovers
|upkeep
|
|t:|1759071637
|switch|p2a: Ogerpon|Ogerpon-Wellspring, F|55/100
|-damage|p2a: Ogerpon|42/100|[from] Stealth Rock
|turn|30
|
|t:|1759071640
|move|p2a: Ogerpon|Swords Dance|p2a: Ogerpon
|-boost|p2a: Ogerpon|atk|2
|move|p1a: Kingambit|Kowtow Cleave|p2a: Ogerpon
|-damage|p2a: Ogerpon|0 fnt
|faint|p2a: Ogerpon
|
|win|Wickard
|raw|Wickard's rating: 1766 &rarr; <strong>1794</strong><br />(+28 for winning)
|raw|cold.exe's rating: 1907 &rarr; <strong>1879</strong><br />(-28 for losing)
|l|☆cold.exe
|player|p2|
|l| moodrandom
