|j|☆thhrtg探头‘ ^ ’
|j|☆V1C7ORYY
|t:|1758942402
|gametype|singles
|player|p1|thhrtg探头‘ ^ ’|acetrainerf|1398
|player|p2|V1C7ORYY|bugcatcher-gen4dp|1384
|gen|9
|tier|[Gen 9] OU
|rated|
|rule|HP Percentage Mod: HP is shown in percentages
|rule|Endless Battle Clause: Forcing endless battles is banned
|rule|Species Clause: Limit one of each Pokémon
|rule|OHKO Clause: OHKO moves are banned
|rule|Evasion Items Clause: Evasion items are banned
|rule|Evasion Moves Clause: Evasion moves are banned
|rule|Evasion Abilities Clause: Evasion abilities are banned
|rule|Sleep Moves Clause: Sleep-inducing moves are banned
|clearpoke
|poke|p1|Abomasnow, M|
|poke|p1|Iron Treads|
|poke|p1|Moltres|
|poke|p1|Dragapult, M|
|poke|p1|Ogerpon-Wellspring, F|
|poke|p1|Iron Valiant|
|poke|p2|Zamazenta-*|
|poke|p2|Gholdengo|
|poke|p2|Dragonite, F|
|poke|p2|Great Tusk|
|poke|p2|Dragapult, F|
|poke|p2|Kyurem|
|teampreview
|inactive|Battle timer is ON: inactive players will automatically lose when time's up. (requested by V1C7ORYY)
|
|t:|1758942411
|teamsize|p1|6
|teamsize|p2|6
|start
|switch|p1a: Moltres|Moltres|100/100
|switch|p2a: Great Tusk|Great Tusk|100/100
|-enditem|p2a: Great Tusk|Booster Energy
|-activate|p2a: Great Tusk|ability: Protosynthesis|[fromitem]
|-start|p2a: Great Tusk|protosynthesisdef
|turn|1
|
|t:|1758942422
|move|p1a: Moltres|Will-O-Wisp|p2a: Great Tusk
|-status|p2a: Great Tusk|brn
|move|p2a: Great Tusk|Stealth Rock|p1a: Moltres
|-sidestart|p1: thhrtg探头‘ ^ ’|move: Stealth Rock
|
|-damage|p2a: Great Tusk|94/100 brn|[from] brn
|upkeep
|turn|2
|
|t:|1758942433
|switch|p1a: Iron Treads|Iron Treads|100/100
|-damage|p1a: Iron Treads|97/100|[from] Stealth Rock
|move|p2a: Great Tusk|Rapid Spin|p1a: Iron Treads
|-resisted|p1a: Iron Treads
|-damage|p1a: Iron Treads|94/100
|-boost|p2a: Great Tusk|spe|1
|
|-heal|p1a: Iron Treads|100/100|[from] item: Leftovers
|-damage|p2a: Great Tusk|88/100 brn|[from] brn
|upkeep
|turn|3
|
|t:|1758942448
|move|p2a: Great Tusk|Knock Off|p1a: Iron Treads
|-damage|p1a: Iron Treads|89/100
|-enditem|p1a: Iron Treads|Leftovers|[from] move: Knock Off|[of] p2a: Great Tusk
|move|p1a: Iron Treads|Knock Off|p2a: Great Tusk
|-resisted|p2a: Great Tusk
|-damage|p2a: Great Tusk|85/100 brn
|
|-damage|p2a: Great Tusk|78/100 brn|[from] brn
|upkeep
|turn|4
|
|t:|1758942457
|move|p2a: Great Tusk|Ice Spinner|p1a: Iron Treads
|-damage|p1a: Iron Treads|81/100
|move|p1a: Iron Treads|Stealth Rock|p2a: Great Tusk
|-sidestart|p2: V1C7ORYY|move: Stealth Rock
|
|-damage|p2a: Great Tusk|72/100 brn|[from] brn
|upkeep
|turn|5
|
|t:|1758942463
|move|p2a: Great Tusk|Rapid Spin|p1a: Iron Treads
|-resisted|p1a: Iron Treads
|-damage|p1a: Iron Treads|78/100
|-boost|p2a: Great Tusk|spe|1
|-sideend|p2: V1C7ORYY|Stealth Rock|[from] move: Rapid Spin|[of] p2a: Great Tusk
|move|p1a: Iron Treads|Rapid Spin|p2a: Great Tusk
|-crit|p2a: Great Tusk
|-damage|p2a: Great Tusk|64/100 brn
|-boost|p1a: Iron Treads|spe|1
|-sideend|p1: thhrtg探头‘ ^ ’|Stealth Rock|[from] move: Rapid Spin|[of] p1a: Iron Treads
|
|-damage|p2a: Great Tusk|58/100 brn|[from] brn
|upkeep
|turn|6
|
|t:|1758942471
|move|p2a: Great Tusk|Stealth Rock|p1a: Iron Treads
|-sidestart|p1: thhrtg探头‘ ^ ’|move: Stealth Rock
|move|p1a: Iron Treads|Earthquake|p2a: Great Tusk
|-damage|p2a: Great Tusk|42/100 brn
|
|-damage|p2a: Great Tusk|36/100 brn|[from] brn
|upkeep
|turn|7
|
|t:|1758942479
|move|p2a: Great Tusk|Ice Spinner|p1a: Iron Treads
|-damage|p1a: Iron Treads|68/100
|move|p1a: Iron Treads|Rapid Spin|p2a: Great Tusk
|-crit|p2a: Great Tusk
|-damage|p2a: Great Tusk|28/100 brn
|-boost|p1a: Iron Treads|spe|1
|-sideend|p1: thhrtg探头‘ ^ ’|Stealth Rock|[from] move: Rapid Spin|[of] p1a: Iron Treads
|
|-damage|p2a: Great Tusk|21/100 brn|[from] brn
|upkeep
|turn|8
|
|t:|1758942486
|move|p1a: Iron Treads|Stealth Rock|p2a: Great Tusk
|-sidestart|p2: V1C7ORYY|move: Stealth Rock
|move|p2a: Great Tusk|Stealth Rock|p1a: Iron Treads
|-sidestart|p1: thhrtg探头‘ ^ ’|move: Stealth Rock
|
|-damage|p2a: Great Tusk|15/100 brn|[from] brn
|upkeep
|turn|9
|
|t:|1758942491
|move|p1a: Iron Treads|Rapid Spin|p2a: Great Tusk
|-damage|p2a: Great Tusk|10/100 brn
|-boost|p1a: Iron Treads|spe|1
|-sideend|p1: thhrtg探头‘ ^ ’|Stealth Rock|[from] move: Rapid Spin|[of] p1a: Iron Treads
|move|p2a: Great Tusk|Rapid Spin|p1a: Iron Treads
|-resisted|p1a: Iron Treads
|-damage|p1a: Iron Treads|65/100
|-boost|p2a: Great Tusk|spe|1
|-sideend|p2: V1C7ORYY|Stealth Rock|[from] move: Rapid Spin|[of] p2a: Great Tusk
|
|-damage|p2a: Great Tusk|4/100 brn|[from] brn
|upkeep
|turn|10
|inactive|V1C7ORYY has 120 seconds left.
|
|t:|1758942522
|move|p1a: Iron Treads|Stealth Rock|p2a: Great Tusk
|-sidestart|p2: V1C7ORYY|move: Stealth Rock
|move|p2a: Great Tusk|Stealth Rock|p1a: Iron Treads
|-sidestart|p1: thhrtg探头‘ ^ ’|move: Stealth Rock
|
|-damage|p2a: Great Tusk|0 fnt|[from] brn
|faint|p2a: Great Tusk
|-end|p2a: Great Tusk|Protosynthesis|[silent]
|upkeep
|inactive|V1C7ORYY has 120 seconds left.
|
|t:|1758942548
|switch|p2a: Dragonite|Dragonite, F|100/100
|turn|11
|
|t:|1758942553
|move|p1a: Iron Treads|Rapid Spin|p2a: Dragonite
|-damage|p2a: Dragonite|92/100
|-boost|p1a: Iron Treads|spe|1
|-sideend|p1: thhrtg探头‘ ^ ’|Stealth Rock|[from] move: Rapid Spin|[of] p1a: Iron Treads
|move|p2a: Dragonite|Dragon Dance|p2a: Dragonite
|-boost|p2a: Dragonite|atk|1
|-boost|p2a: Dragonite|spe|1
|
|upkeep
|turn|12
|
|t:|1758942562
|move|p1a: Iron Treads|Knock Off|p2a: Dragonite
|-damage|p2a: Dragonite|62/100
|-enditem|p2a: Dragonite|Heavy-Duty Boots|[from] move: Knock Off|[of] p1a: Iron Treads
|move|p2a: Dragonite|Earthquake|p1a: Iron Treads
|-supereffective|p1a: Iron Treads
|-damage|p1a: Iron Treads|0 fnt
|faint|p1a: Iron Treads
|-end|p1a: Iron Treads|Quark Drive|[silent]
|
|upkeep
|
|t:|1758942571
|switch|p1a: Iron Valiant|Iron Valiant|100/100
|-enditem|p1a: Iron Valiant|Booster Energy
|-activate|p1a: Iron Valiant|ability: Quark Drive|[fromitem]
|-start|p1a: Iron Valiant|quarkdrivespe
|turn|13
|
|t:|1758942583
|-terastallize|p2a: Dragonite|Steel
|move|p1a: Iron Valiant|Destiny Bond|p1a: Iron Valiant
|-singlemove|p1a: Iron Valiant|Destiny Bond
|move|p2a: Dragonite|Iron Head|p1a: Iron Valiant
|-supereffective|p1a: Iron Valiant
|-damage|p1a: Iron Valiant|0 fnt
|faint|p1a: Iron Valiant
|-activate|p1a: Iron Valiant|move: Destiny Bond
|-end|p1a: Iron Valiant|Quark Drive|[silent]
|faint|p2a: Dragonite
|
|upkeep
|inactive|V1C7ORYY has 120 seconds left.
|
|t:|1758942605
|switch|p1a: Moltres|Moltres|100/100
|switch|p2a: Gholdengo|Gholdengo|100/100
|-damage|p2a: Gholdengo|94/100|[from] Stealth Rock
|turn|14
|inactive|V1C7ORYY has 120 seconds left.
|
|t:|1758942617
|switch|p2a: Kyurem|Kyurem|100/100
|-damage|p2a: Kyurem|76/100|[from] Stealth Rock
|-ability|p2a: Kyurem|Pressure
|move|p1a: Moltres|Flamethrower|p2a: Kyurem
|-damage|p2a: Kyurem|55/100
|
|-heal|p2a: Kyurem|61/100|[from] item: Leftovers
|upkeep
|turn|15
|
|t:|1758942634
|move|p2a: Kyurem|Ice Beam|p1a: Moltres
|-damage|p1a: Moltres|64/100
|move|p1a: Moltres|Will-O-Wisp|p2a: Kyurem
|-status|p2a: Kyurem|brn
|
|-heal|p2a: Kyurem|67/100 brn|[from] item: Leftovers
|-damage|p2a: Kyurem|61/100 brn|[from] brn
|upkeep
|turn|16
|
|t:|1758942651
|move|p2a: Kyurem|Ice Beam|p1a: Moltres
|-damage|p1a: Moltres|28/100
|move|p1a: Moltres|Roost|p1a: Moltres
|-heal|p1a: Moltres|78/100
|-singleturn|p1a: Moltres|move: Roost
|
|-heal|p2a: Kyurem|67/100 brn|[from] item: Leftovers
|-damage|p2a: Kyurem|61/100 brn|[from] brn
|upkeep
|turn|17
|
|t:|1758942662
|move|p2a: Kyurem|Ice Beam|p1a: Moltres
|-damage|p1a: Moltres|43/100
|move|p1a: Moltres|Flamethrower|p2a: Kyurem
|-damage|p2a: Kyurem|39/100 brn
|
|-heal|p2a: Kyurem|45/100 brn|[from] item: Leftovers
|-damage|p2a: Kyurem|39/100 brn|[from] brn
|upkeep
|turn|18
|
|t:|1758942673
|move|p2a: Kyurem|Ice Beam|p1a: Moltres
|-damage|p1a: Moltres|5/100
|move|p1a: Moltres|Roost|p1a: Moltres
|-heal|p1a: Moltres|55/100
|-singleturn|p1a: Moltres|move: Roost
|
|-heal|p2a: Kyurem|45/100 brn|[from] item: Leftovers
|-damage|p2a: Kyurem|39/100 brn|[from] brn
|upkeep
|turn|19
|
|t:|1758942683
|move|p2a: Kyurem|Ice Beam|p1a: Moltres
|-damage|p1a: Moltres|17/100
|move|p1a: Moltres|Roost|p1a: Moltres
|-heal|p1a: Moltres|67/100
|-singleturn|p1a: Moltres|move: Roost
|
|-heal|p2a: Kyurem|45/100 brn|[from] item: Leftovers
|-damage|p2a: Kyurem|39/100 brn|[from] brn
|upkeep
|turn|20
|
|t:|1758942695
|move|p2a: Kyurem|Ice Beam|p1a: Moltres
|-damage|p1a: Moltres|31/100
|move|p1a: Moltres|Roost|p1a: Moltres
|-heal|p1a: Moltres|81/100
|-singleturn|p1a: Moltres|move: Roost
|
|-heal|p2a: Kyurem|45/100 brn|[from] item: Leftovers
|-damage|p2a: Kyurem|39/100 brn|[from] brn
|upkeep
|turn|21
|
|t:|1758942704
|move|p2a: Kyurem|Ice Beam|p1a: Moltres
|-crit|p1a: Moltres
|-damage|p1a: Moltres|30/100
|move|p1a: Moltres|Flamethrower|p2a: Kyurem
|-damage|p2a: Kyurem|17/100 brn
|
|-heal|p2a: Kyurem|24/100 brn|[from] item: Leftovers
|-damage|p2a: Kyurem|17/100 brn|[from] brn
|upkeep
|turn|22
|
|t:|1758942721
|switch|p1a: Abomasnow|Abomasnow, M|100/100
|-weather|Snowscape|[from] ability: Snow Warning|[of] p1a: Abomasnow
|move|p2a: Kyurem|Ice Beam|p1a: Abomasnow
|-damage|p1a: Abomasnow|76/100
|
|-weather|Snowscape|[upkeep]
|-heal|p2a: Kyurem|24/100 brn|[from] item: Leftovers
|-damage|p2a: Kyurem|17/100 brn|[from] brn
|upkeep
|turn|23
|
|t:|1758942738
|move|p2a: Kyurem|Ice Beam|p1a: Abomasnow
|-damage|p1a: Abomasnow|52/100
|move|p1a: Abomasnow|Blizzard|p2a: Kyurem
|-damage|p2a: Kyurem|0 fnt
|faint|p2a: Kyurem
|
|-weather|Snowscape|[upkeep]
|upkeep
|
|t:|1758942753
|switch|p2a: Zamazenta|Zamazenta|100/100
|-damage|p2a: Zamazenta|94/100|[from] Stealth Rock
|-ability|p2a: Zamazenta|Dauntless Shield|boost
|-boost|p2a: Zamazenta|def|1
|turn|24
|
|t:|1758942762
|switch|p1a: Dragapult|Dragapult, M|100/100
|move|p2a: Zamazenta|Iron Defense|p2a: Zamazenta
|-boost|p2a: Zamazenta|def|2
|
|-weather|Snowscape|[upkeep]
|upkeep
|turn|25
|
|t:|1758942770
|move|p2a: Zamazenta|Iron Head|p1a: Dragapult
|-damage|p1a: Dragapult|74/100
|move|p1a: Dragapult|Will-O-Wisp|p2a: Zamazenta
|-status|p2a: Zamazenta|brn
|
|-weather|Snowscape|[upkeep]
|-damage|p2a: Zamazenta|88/100 brn|[from] brn
|upkeep
|turn|26
|
|t:|1758942776
|move|p2a: Zamazenta|Iron Head|p1a: Dragapult
|-damage|p1a: Dragapult|60/100
|move|p1a: Dragapult|Hex|p2a: Zamazenta
|-damage|p2a: Zamazenta|36/100 brn
|
|-weather|none
|-damage|p2a: Zamazenta|30/100 brn|[from] brn
|upkeep
|turn|27
|
|t:|1758942785
|move|p2a: Zamazenta|Rest|p2a: Zamazenta
|-status|p2a: Zamazenta|slp|[from] move: Rest
|-heal|p2a: Zamazenta|100/100 slp|[silent]
|-enditem|p2a: Zamazenta|Chesto Berry|[eat]
|-curestatus|p2a: Zamazenta|slp|[msg]
|move|p1a: Dragapult|Hex|p2a: Zamazenta
|-damage|p2a: Zamazenta|75/100
|
|upkeep
|turn|28
|
|t:|1758942795
|move|p2a: Zamazenta|Iron Head|p1a: Dragapult
|-damage|p1a: Dragapult|31/100
|move|p1a: Dragapult|Will-O-Wisp|p2a: Zamazenta
|-status|p2a: Zamazenta|brn
|
|-damage|p2a: Zamazenta|69/100 brn|[from] brn
|upkeep
|turn|29
|
|t:|1758942804
|move|p2a: Zamazenta|Iron Head|p1a: Dragapult
|-damage|p1a: Dragapult|16/100
|move|p1a: Dragapult|Hex|p2a: Zamazenta
|-damage|p2a: Zamazenta|20/100 brn
|
|-damage|p2a: Zamazenta|14/100 brn|[from] brn
|upkeep
|turn|30
|
|t:|1758942812
|move|p2a: Zamazenta|Iron Head|p1a: Dragapult
|-crit|p1a: Dragapult
|-damage|p1a: Dragapult|0 fnt
|faint|p1a: Dragapult
|
|-damage|p2a: Zamazenta|8/100 brn|[from] brn
|upkeep
|
|t:|1758942823
|switch|p1a: Ogerpon|Ogerpon-Wellspring, F|100/100
|turn|31
|
|t:|1758942829
|move|p2a: Zamazenta|Rest|p2a: Zamazenta
|-status|p2a: Zamazenta|slp|[from] move: Rest
|-heal|p2a: Zamazenta|100/100 slp|[silent]
|move|p1a: Ogerpon|Swords Dance|p1a: Ogerpon
|-boost|p1a: Ogerpon|atk|2
|
|upkeep
|turn|32
|
|t:|1758942842
|cant|p2a: Zamazenta|slp
|move|p1a: Ogerpon|Trailblaze|p2a: Zamazenta
|-damage|p2a: Zamazenta|83/100 slp
|-boost|p1a: Ogerpon|spe|1
|
|upkeep
|turn|33
|
|t:|1758942849
|-terastallize|p1a: Ogerpon|Water
|detailschange|p1a: Ogerpon|Ogerpon-Wellspring-Tera, F, tera:Water
|-ability|p1a: Ogerpon|Embody Aspect (Wellspring)|boost
|-boost|p1a: Ogerpon|spd|1
|move|p1a: Ogerpon|Ivy Cudgel|p2a: Zamazenta|[anim] Ivy Cudgel Water
|-crit|p2a: Zamazenta
|-damage|p2a: Zamazenta|0 fnt
|faint|p2a: Zamazenta
|
|upkeep
|
|t:|1758942862
|switch|p2a: Dragapult|Dragapult, F|100/100
|-damage|p2a: Dragapult|88/100|[from] Stealth Rock
|turn|34
|
|t:|1758942868
|move|p1a: Ogerpon|Horn Leech|p2a: Dragapult
|-resisted|p2a: Dragapult
|-damage|p2a: Dragapult|33/100
|move|p2a: Dragapult|Draco Meteor|p1a: Ogerpon
|-damage|p1a: Ogerpon|45/100
|-unboost|p2a: Dragapult|spa|2
|
|upkeep
|turn|35
|
|t:|1758942875
|move|p1a: Ogerpon|Horn Leech|p2a: Dragapult
|-resisted|p2a: Dragapult
|-damage|p2a: Dragapult|0 fnt
|-heal|p1a: Ogerpon|59/100|[from] drain|[of] p2a: Dragapult
|faint|p2a: Dragapult
|
|upkeep
|
|t:|1758942878
|switch|p2a: Gholdengo|Gholdengo|94/100
|-damage|p2a: Gholdengo|88/100|[from] Stealth Rock
|turn|36
|
|t:|1758942881
|move|p1a: Ogerpon|Ivy Cudgel|p2a: Gholdengo|[anim] Ivy Cudgel Water
|-damage|p2a: Gholdengo|0 fnt
|faint|p2a: Gholdengo
|
|win|thhrtg探头‘ ^ ’
|raw|thhrtg探头‘ ^ ’'s rating: 1398 &rarr; <strong>1417</strong><br />(+19 for winning)
|raw|V1C7ORYY's rating: 1384 &rarr; <strong>1365</strong><br />(-19 for losing)
|l|☆V1C7ORYY
|player|p2|
|l|☆thhrtg探头‘ ^ ’
|player|p1|
