|j|☆Tesmon
|j|☆treeqil
|t:|1758952295
|gametype|singles
|player|p1|Tesmon|steven|1214
|player|p2|treeqil|169|1264
|gen|9
|tier|[Gen 9] OU
|rated|
|rule|HP Percentage Mod: HP is shown in percentages
|rule|Endless Battle Clause: Forcing endless battles is banned
|rule|Species Clause: Limit one of each Pokémon
|rule|OHKO Clause: OHKO moves are banned
|rule|Evasion Items Clause: Evasion items are banned
|rule|Evasion Moves Clause: Evasion moves are banned
|rule|Evasion Abilities Clause: Evasion abilities are banned
|rule|Sleep Moves Clause: Sleep-inducing moves are banned
|clearpoke
|poke|p1|Salamence, M|
|poke|p1|Mamoswine, M|
|poke|p1|Galvantula, M|
|poke|p1|Sableye, M|
|poke|p1|Corviknight, M|
|poke|p1|Tentacruel, M|
|poke|p2|Magnezone|
|poke|p2|Glimmora, M|
|poke|p2|Cinderace, M|
|poke|p2|Iron Moth|
|poke|p2|Latios, M|
|poke|p2|Dragapult, F|
|teampreview
|
|t:|1758952306
|teamsize|p1|6
|teamsize|p2|6
|start
|switch|p1a: Galvantula|Galvantula, M|100/100
|switch|p2a: Iron Moth|Iron Moth|100/100
|-enditem|p2a: Iron Moth|Booster Energy
|-activate|p2a: Iron Moth|ability: Quark Drive|[fromitem]
|-start|p2a: Iron Moth|quarkdrivespa
|turn|1
|
|t:|1758952312
|switch|p1a: Tentacruel|Tentacruel, M|100/100
|move|p2a: Iron Moth|Flame Charge|p1a: Tentacruel
|-resisted|p1a: Tentacruel
|-damage|p1a: Tentacruel|91/100
|-boost|p2a: Iron Moth|spe|1
|
|-heal|p1a: Tentacruel|97/100|[from] item: Black Sludge
|upkeep
|turn|2
|
|t:|1758952317
|move|p2a: Iron Moth|U-turn|p1a: Tentacruel
|-resisted|p1a: Tentacruel
|-damage|p1a: Tentacruel|89/100
|
|t:|1758952319
|-end|p2a: Iron Moth|Quark Drive|[silent]
|switch|p2a: Magnezone|Magnezone|100/100|[from] U-turn
|move|p1a: Tentacruel|Surf|p2a: Magnezone
|-damage|p2a: Magnezone|84/100
|
|-heal|p1a: Tentacruel|95/100|[from] item: Black Sludge
|upkeep
|turn|3
|
|t:|1758952324
|switch|p1a: Mamoswine|Mamoswine, M|100/100
|move|p2a: Magnezone|Flash Cannon|p1a: Mamoswine
|-supereffective|p1a: Mamoswine
|-damage|p1a: Mamoswine|0 fnt
|faint|p1a: Mamoswine
|
|upkeep
|
|t:|1758952327
|switch|p1a: Galvantula|Galvantula, M|100/100
|turn|4
|
|t:|1758952332
|move|p1a: Galvantula|Sticky Web|p2a: Magnezone
|-sidestart|p2: treeqil|move: Sticky Web
|move|p2a: Magnezone|Volt Switch|p1a: Galvantula
|-resisted|p1a: Galvantula
|-damage|p1a: Galvantula|54/100
|
|t:|1758952338
|switch|p2a: Glimmora|Glimmora, M|100/100|[from] Volt Switch
|-activate|p2a: Glimmora|move: Sticky Web
|-unboost|p2a: Glimmora|spe|1
|
|upkeep
|turn|5
|
|t:|1758952348
|switch|p1a: Corviknight|Corviknight, M, shiny|100/100
|move|p2a: Glimmora|Mortal Spin|p1a: Corviknight
|-immune|p1a: Corviknight
|
|upkeep
|turn|6
|
|t:|1758952352
|switch|p2a: Iron Moth|Iron Moth|100/100
|-activate|p2a: Iron Moth|move: Sticky Web
|-unboost|p2a: Iron Moth|spe|1
|move|p1a: Corviknight|Body Press|p2a: Iron Moth
|-resisted|p2a: Iron Moth
|-crit|p2a: Iron Moth
|-damage|p2a: Iron Moth|60/100
|
|upkeep
|turn|7
|
|t:|1758952361
|switch|p1a: Tentacruel|Tentacruel, M|95/100
|move|p2a: Iron Moth|U-turn|p1a: Tentacruel
|-resisted|p1a: Tentacruel
|-damage|p1a: Tentacruel|86/100
|
|t:|1758952365
|-end|p2a: Iron Moth|Quark Drive|[silent]
|switch|p2a: Glimmora|Glimmora, M|100/100|[from] U-turn
|-activate|p2a: Glimmora|move: Sticky Web
|-unboost|p2a: Glimmora|spe|1
|
|-heal|p1a: Tentacruel|93/100|[from] item: Black Sludge
|upkeep
|turn|8
|
|t:|1758952369
|switch|p1a: Corviknight|Corviknight, M, shiny|100/100
|move|p2a: Glimmora|Mortal Spin|p1a: Corviknight
|-immune|p1a: Corviknight
|
|upkeep
|turn|9
|
|t:|1758952373
|switch|p2a: Latios|Latios, M|100/100
|move|p1a: Corviknight|Body Press|p2a: Latios
|-resisted|p2a: Latios
|-damage|p2a: Latios|81/100
|
|upkeep
|turn|10
|
|t:|1758952379
|switch|p1a: Merlin|Sableye, M, shiny|100/100
|move|p2a: Latios|Flip Turn|p1a: Merlin
|-damage|p1a: Merlin|87/100
|
|t:|1758952384
|switch|p2a: Glimmora|Glimmora, M|100/100|[from] Flip Turn
|-activate|p2a: Glimmora|move: Sticky Web
|-unboost|p2a: Glimmora|spe|1
|
|-heal|p1a: Merlin|93/100|[from] item: Leftovers
|upkeep
|turn|11
|
|t:|1758952388
|switch|p1a: Corviknight|Corviknight, M, shiny|100/100
|move|p2a: Glimmora|Toxic Spikes|p1a: Corviknight
|-sidestart|p1: Tesmon|move: Toxic Spikes
|
|upkeep
|turn|12
|
|t:|1758952392
|switch|p2a: Latios|Latios, M|81/100
|move|p1a: Corviknight|Body Press|p2a: Latios
|-resisted|p2a: Latios
|-crit|p2a: Latios
|-damage|p2a: Latios|54/100
|
|upkeep
|turn|13
|
|t:|1758952398
|switch|p1a: Tentacruel|Tentacruel, M|93/100
|-sideend|p1: Tesmon|move: Toxic Spikes|[of] p1a: Tentacruel
|move|p2a: Latios|Psychic|p1a: Tentacruel
|-supereffective|p1a: Tentacruel
|-damage|p1a: Tentacruel|29/100
|
|-heal|p1a: Tentacruel|35/100|[from] item: Black Sludge
|upkeep
|turn|14
|
|t:|1758952401
|switch|p2a: Glimmora|Glimmora, M|100/100
|-activate|p2a: Glimmora|move: Sticky Web
|-unboost|p2a: Glimmora|spe|1
|switch|p1a: Merlin|Sableye, M, shiny|93/100
|
|-heal|p1a: Merlin|99/100|[from] item: Leftovers
|upkeep
|turn|15
|
|t:|1758952406
|switch|p1a: Corviknight|Corviknight, M, shiny|100/100
|move|p2a: Glimmora|Mortal Spin|p1a: Corviknight
|-immune|p1a: Corviknight
|
|upkeep
|turn|16
|
|t:|1758952411
|switch|p2a: Latios|Latios, M|54/100
|switch|p1a: Galvantula|Galvantula, M|54/100
|
|upkeep
|turn|17
|
|t:|1758952416
|move|p2a: Latios|Psychic|p1a: Galvantula
|-crit|p1a: Galvantula
|-damage|p1a: Galvantula|0 fnt
|faint|p1a: Galvantula
|
|upkeep
|
|t:|1758952419
|switch|p1a: Merlin|Sableye, M, shiny|99/100
|turn|18
|
|t:|1758952422
|switch|p2a: Glimmora|Glimmora, M|100/100
|-activate|p2a: Glimmora|move: Sticky Web
|-unboost|p2a: Glimmora|spe|1
|move|p1a: Merlin|Night Shade|p2a: Glimmora
|-damage|p2a: Glimmora|73/100
|
|-heal|p1a: Merlin|100/100|[from] item: Leftovers
|upkeep
|turn|19
|
|t:|1758952432
|switch|p1a: Corviknight|Corviknight, M, shiny|100/100
|move|p2a: Glimmora|Stealth Rock|p1a: Corviknight
|-sidestart|p1: Tesmon|move: Stealth Rock
|
|upkeep
|turn|20
|
|t:|1758952437
|switch|p2a: Dragapult|Dragapult, F|100/100
|-activate|p2a: Dragapult|move: Sticky Web
|-unboost|p2a: Dragapult|spe|1
|move|p1a: Corviknight|Brave Bird|p2a: Dragapult
|-damage|p2a: Dragapult|52/100
|-damage|p1a: Corviknight|88/100|[from] Recoil
|
|upkeep
|turn|21
|
|t:|1758952446
|move|p2a: Dragapult|U-turn|p1a: Corviknight
|-resisted|p1a: Corviknight
|-damage|p1a: Corviknight|85/100
|-damage|p2a: Dragapult|36/100|[from] item: Rocky Helmet|[of] p1a: Corviknight
|-damage|p2a: Dragapult|26/100|[from] item: Life Orb
|
|t:|1758952450
|switch|p2a: Iron Moth|Iron Moth|60/100|[from] U-turn
|-activate|p2a: Iron Moth|move: Sticky Web
|-unboost|p2a: Iron Moth|spe|1
|move|p1a: Corviknight|Roost|p1a: Corviknight
|-heal|p1a: Corviknight|100/100
|-singleturn|p1a: Corviknight|move: Roost
|
|upkeep
|turn|22
|
|t:|1758952456
|switch|p1a: Tentacruel|Tentacruel, M|35/100
|-damage|p1a: Tentacruel|23/100|[from] Stealth Rock
|move|p2a: Iron Moth|Flamethrower|p1a: Tentacruel
|-resisted|p1a: Tentacruel
|-damage|p1a: Tentacruel|8/100
|
|-heal|p1a: Tentacruel|14/100|[from] item: Black Sludge
|upkeep
|turn|23
|
|t:|1758952461
|move|p1a: Tentacruel|Rapid Spin|p2a: Iron Moth
|-damage|p2a: Iron Moth|45/100
|-boost|p1a: Tentacruel|spe|1
|-sideend|p1: Tesmon|Stealth Rock|[from] move: Rapid Spin|[of] p1a: Tentacruel
|move|p2a: Iron Moth|Flamethrower|p1a: Tentacruel
|-resisted|p1a: Tentacruel
|-damage|p1a: Tentacruel|0 fnt
|faint|p1a: Tentacruel
|
|upkeep
|
|t:|1758952465
|switch|p1a: Salamence|Salamence, M|100/100
|turn|24
|
|t:|1758952470
|move|p1a: Salamence|Dragon Dance|p1a: Salamence
|-boost|p1a: Salamence|atk|1
|-boost|p1a: Salamence|spe|1
|move|p2a: Iron Moth|U-turn|p1a: Salamence
|-resisted|p1a: Salamence
|-damage|p1a: Salamence|94/100
|
|t:|1758952472
|-end|p2a: Iron Moth|Quark Drive|[silent]
|switch|p2a: Latios|Latios, M|54/100|[from] U-turn
|
|upkeep
|turn|25
|
|t:|1758952478
|switch|p1a: Corviknight|Corviknight, M, shiny|100/100
|move|p2a: Latios|Ice Beam|p1a: Corviknight
|-damage|p1a: Corviknight|68/100
|
|upkeep
|turn|26
|
|t:|1758952487
|switch|p2a: Glimmora|Glimmora, M|73/100
|-activate|p2a: Glimmora|move: Sticky Web
|-unboost|p2a: Glimmora|spe|1
|switch|p1a: Salamence|Salamence, M|94/100
|
|upkeep
|turn|27
|
|t:|1758952492
|move|p1a: Salamence|Earthquake|p2a: Glimmora
|-supereffective|p2a: Glimmora
|-damage|p2a: Glimmora|0 fnt
|-activate|p2a: Glimmora|ability: Toxic Debris
|-sidestart|p1: Tesmon|move: Toxic Spikes
|faint|p2a: Glimmora
|-ability|p1a: Salamence|Moxie|boost
|-boost|p1a: Salamence|atk|1
|
|upkeep
|
|t:|1758952495
|switch|p2a: Latios|Latios, M|54/100
|turn|28
|
|t:|1758952499
|switch|p1a: Corviknight|Corviknight, M, shiny|68/100
|move|p2a: Latios|Ice Beam|p1a: Corviknight
|-damage|p1a: Corviknight|36/100
|-status|p1a: Corviknight|frz
|
|upkeep
|turn|29
|
|t:|1758952501
|move|p2a: Latios|Ice Beam|p1a: Corviknight
|-damage|p1a: Corviknight|3/100 frz
|cant|p1a: Corviknight|frz
|
|upkeep
|turn|30
|
|t:|1758952504
|move|p2a: Latios|Ice Beam|p1a: Corviknight
|-damage|p1a: Corviknight|0 fnt
|faint|p1a: Corviknight
|
|upkeep
|
|t:|1758952505
|switch|p1a: Merlin|Sableye, M, shiny|100/100
|-status|p1a: Merlin|psn
|turn|31
|
|t:|1758952508
|switch|p2a: Magnezone|Magnezone|84/100
|-activate|p2a: Magnezone|move: Sticky Web
|-unboost|p2a: Magnezone|spe|1
|move|p1a: Merlin|Disable||[still]
|-fail|p1a: Merlin
|
|-damage|p1a: Merlin|88/100 psn|[from] psn
|upkeep
|turn|32
|
|t:|1758952511
|move|p1a: Merlin|Substitute|p1a: Merlin
|-start|p1a: Merlin|Substitute
|-damage|p1a: Merlin|63/100 psn
|move|p2a: Magnezone|Volt Switch|p1a: Merlin
|-end|p1a: Merlin|Substitute
|
|t:|1758952517
|switch|p2a: Cinderace|Cinderace, M|100/100|[from] Volt Switch
|-activate|p2a: Cinderace|move: Sticky Web
|-unboost|p2a: Cinderace|spe|1
|
|-heal|p1a: Merlin|69/100 psn|[from] item: Leftovers
|-damage|p1a: Merlin|57/100 psn|[from] psn
|upkeep
|turn|33
|
|t:|1758952526
|switch|p1a: Salamence|Salamence, M|94/100
|move|p2a: Cinderace|Pyro Ball|p1a: Salamence
|-resisted|p1a: Salamence
|-damage|p1a: Salamence|42/100
|
|upkeep
|turn|34
|
|t:|1758952531
|move|p1a: Salamence|Dragon Dance|p1a: Salamence
|-boost|p1a: Salamence|atk|1
|-boost|p1a: Salamence|spe|1
|move|p2a: Cinderace|Pyro Ball|p1a: Salamence
|-resisted|p1a: Salamence
|-damage|p1a: Salamence|0 fnt
|faint|p1a: Salamence
|
|upkeep
|-message|Tesmon forfeited.
|
|win|treeqil
|raw|Tesmon's rating: 1214 &rarr; <strong>1193</strong><br />(-21 for losing)
|raw|treeqil's rating: 1264 &rarr; <strong>1285</strong><br />(+21 for winning)
|l|☆Tesmon
|player|p1|
