|j|☆the.ramen.gang
|j|☆redcolorcap
|t:|1758999490
|gametype|singles
|player|p1|the.ramen.gang|101|1241
|player|p2|redcolorcap|gentleman|1314
|gen|9
|tier|[Gen 9] OU
|rated|
|rule|HP Percentage Mod: HP is shown in percentages
|rule|Endless Battle Clause: Forcing endless battles is banned
|rule|Species Clause: Limit one of each Pokémon
|rule|OHKO Clause: OHKO moves are banned
|rule|Evasion Items Clause: Evasion items are banned
|rule|Evasion Moves Clause: Evasion moves are banned
|rule|Evasion Abilities Clause: Evasion abilities are banned
|rule|Sleep Moves Clause: Sleep-inducing moves are banned
|clearpoke
|poke|p1|Squawkabilly, M|
|poke|p1|Conkeldurr, F|
|poke|p1|Scizor, M|
|poke|p1|Golurk|
|poke|p1|Alcremie, F|
|poke|p1|Dudunsparce-*, F|
|poke|p2|Infernape, F|
|poke|p2|Slowking, F|
|poke|p2|Dragapult, F|
|poke|p2|Samurott-Hisui, F|
|poke|p2|Gholdengo|
|poke|p2|Landorus-Therian, M|
|teampreview
|inactive|Battle timer is ON: inactive players will automatically lose when time's up. (requested by redcolorcap)
|
|t:|1758999503
|teamsize|p1|6
|teamsize|p2|6
|start
|switch|p1a: Conkeldurr|Conkeldurr, F|100/100
|switch|p2a: Samurott|Samurott-Hisui, F|100/100
|turn|1
|
|t:|1758999513
|switch|p2a: Landorus|Landorus-Therian, M|100/100
|-ability|p2a: Landorus|Intimidate|boost
|-unboost|p1a: Conkeldurr|atk|1
|-terastallize|p1a: Conkeldurr|Fighting
|move|p1a: Conkeldurr|Drain Punch|p2a: Landorus
|-resisted|p2a: Landorus
|-damage|p2a: Landorus|79/100
|-damage|p1a: Conkeldurr|84/100|[from] item: Rocky Helmet|[of] p2a: Landorus
|
|upkeep
|turn|2
|
|t:|1758999523
|move|p2a: Landorus|Stealth Rock|p1a: Conkeldurr
|-sidestart|p1: the.ramen.gang|move: Stealth Rock
|move|p1a: Conkeldurr|Ice Punch|p2a: Landorus
|-supereffective|p2a: Landorus
|-damage|p2a: Landorus|0 fnt
|-damage|p1a: Conkeldurr|68/100|[from] item: Rocky Helmet|[of] p2a: Landorus
|faint|p2a: Landorus
|
|upkeep
|
|t:|1758999533
|switch|p2a: Gholdengo|Gholdengo|100/100
|turn|3
|
|t:|1758999540
|move|p2a: Gholdengo|Thunder Wave|p1a: Conkeldurr
|-status|p1a: Conkeldurr|par
|move|p1a: Conkeldurr|Knock Off|p2a: Gholdengo
|-supereffective|p2a: Gholdengo
|-damage|p2a: Gholdengo|63/100
|-enditem|p2a: Gholdengo|Leftovers|[from] move: Knock Off|[of] p1a: Conkeldurr
|
|upkeep
|turn|4
|
|t:|1758999547
|move|p2a: Gholdengo|Recover|p2a: Gholdengo
|-heal|p2a: Gholdengo|100/100
|move|p1a: Conkeldurr|Thunder Punch|p2a: Gholdengo
|-damage|p2a: Gholdengo|85/100
|
|upkeep
|turn|5
|
|t:|1758999555
|switch|p1a: Dudunsparce|Dudunsparce-Three-Segment, F|100/100
|-damage|p1a: Dudunsparce|88/100|[from] Stealth Rock
|move|p2a: Gholdengo|Nasty Plot|p2a: Gholdengo
|-boost|p2a: Gholdengo|spa|2
|
|-heal|p1a: Dudunsparce|94/100|[from] item: Leftovers
|upkeep
|turn|6
|
|t:|1758999573
|-terastallize|p2a: Gholdengo|Fairy
|move|p2a: Gholdengo|Thunder Wave|p1a: Dudunsparce
|-status|p1a: Dudunsparce|par
|move|p1a: Dudunsparce|Calm Mind|p1a: Dudunsparce
|-boost|p1a: Dudunsparce|spa|1
|-boost|p1a: Dudunsparce|spd|1
|
|-heal|p1a: Dudunsparce|100/100 par|[from] item: Leftovers
|upkeep
|turn|7
|
|t:|1758999591
|switch|p2a: Slowking|Slowking, F|100/100
|move|p1a: Dudunsparce|Calm Mind|p1a: Dudunsparce
|-boost|p1a: Dudunsparce|spa|1
|-boost|p1a: Dudunsparce|spd|1
|
|upkeep
|turn|8
|
|t:|1758999601
|move|p2a: Slowking|Future Sight|p1a: Dudunsparce
|-start|p2a: Slowking|move: Future Sight
|move|p1a: Dudunsparce|Calm Mind|p1a: Dudunsparce
|-boost|p1a: Dudunsparce|spa|1
|-boost|p1a: Dudunsparce|spd|1
|
|upkeep
|turn|9
|
|t:|1758999609
|-prepare|p2a: Slowking|Chilly Reception|[premajor]
|move|p2a: Slowking|Chilly Reception|p2a: Slowking
|-weather|Snowscape
|
|t:|1758999621
|switch|p2a: Samurott|Samurott-Hisui, F|100/100|[from] Chilly Reception
|cant|p1a: Dudunsparce|par
|
|-weather|Snowscape|[upkeep]
|upkeep
|turn|10
|
|t:|1758999627
|move|p2a: Samurott|Ceaseless Edge|p1a: Dudunsparce
|-damage|p1a: Dudunsparce|63/100 par
|-ability|p1a: Dudunsparce|Rattled|boost
|-boost|p1a: Dudunsparce|spe|1
|-sidestart|p1: the.ramen.gang|Spikes
|cant|p1a: Dudunsparce|par
|
|-weather|Snowscape|[upkeep]
|-end|p1a: Dudunsparce|move: Future Sight
|-damage|p1a: Dudunsparce|53/100 par
|-heal|p1a: Dudunsparce|59/100 par|[from] item: Leftovers
|upkeep
|turn|11
|
|t:|1758999639
|move|p2a: Samurott|Ceaseless Edge|p1a: Dudunsparce
|-damage|p1a: Dudunsparce|17/100 par
|-ability|p1a: Dudunsparce|Rattled|boost
|-boost|p1a: Dudunsparce|spe|1
|-sidestart|p1: the.ramen.gang|Spikes
|move|p1a: Dudunsparce|Roost|p1a: Dudunsparce
|-heal|p1a: Dudunsparce|67/100 par
|-singleturn|p1a: Dudunsparce|move: Roost
|
|-weather|Snowscape|[upkeep]
|-heal|p1a: Dudunsparce|74/100 par|[from] item: Leftovers
|upkeep
|turn|12
|
|t:|1758999646
|move|p2a: Samurott|Ceaseless Edge|p1a: Dudunsparce|[miss]
|-miss|p2a: Samurott|p1a: Dudunsparce
|move|p1a: Dudunsparce|Boomburst|p2a: Samurott
|-enditem|p2a: Samurott|Focus Sash
|-damage|p2a: Samurott|1/100
|
|-weather|Snowscape|[upkeep]
|-heal|p1a: Dudunsparce|80/100 par|[from] item: Leftovers
|upkeep
|turn|13
|
|t:|1758999653
|move|p2a: Samurott|Ceaseless Edge|p1a: Dudunsparce
|-crit|p1a: Dudunsparce
|-damage|p1a: Dudunsparce|16/100 par
|-ability|p1a: Dudunsparce|Rattled|boost
|-boost|p1a: Dudunsparce|spe|1
|-sidestart|p1: the.ramen.gang|Spikes
|move|p1a: Dudunsparce|Boomburst|p2a: Samurott
|-damage|p2a: Samurott|0 fnt
|faint|p2a: Samurott
|
|-weather|none
|-heal|p1a: Dudunsparce|23/100 par|[from] item: Leftovers
|upkeep
|
|t:|1758999671
|switch|p2a: Infernape|Infernape, F, shiny|100/100
|turn|14
|
|t:|1758999677
|move|p2a: Infernape|Close Combat|p1a: Dudunsparce
|-supereffective|p1a: Dudunsparce
|-damage|p1a: Dudunsparce|0 fnt
|-unboost|p2a: Infernape|def|1
|-unboost|p2a: Infernape|spd|1
|faint|p1a: Dudunsparce
|-damage|p2a: Infernape|91/100|[from] item: Life Orb
|
|upkeep
|
|t:|1758999687
|switch|p1a: Squawkabilly|Squawkabilly, M|100/100
|-damage|p1a: Squawkabilly|76/100|[from] Stealth Rock
|turn|15
|
|t:|1758999701
|move|p1a: Squawkabilly|Brave Bird|p2a: Infernape
|-supereffective|p2a: Infernape
|-damage|p2a: Infernape|0 fnt
|faint|p2a: Infernape
|-damage|p1a: Squawkabilly|47/100|[from] Recoil
|
|upkeep
|
|t:|1758999715
|switch|p2a: Slowking|Slowking, F|100/100
|turn|16
|
|t:|1758999718
|move|p1a: Squawkabilly|Brave Bird|p2a: Slowking
|-damage|p2a: Slowking|21/100
|-damage|p1a: Squawkabilly|14/100|[from] Recoil
|move|p2a: Slowking|Future Sight|p1a: Squawkabilly
|-start|p2a: Slowking|move: Future Sight
|
|upkeep
|turn|17
|
|t:|1758999723
|switch|p2a: Gholdengo|Gholdengo, tera:Fairy|85/100
|move|p1a: Squawkabilly|Brave Bird|p2a: Gholdengo
|-crit|p2a: Gholdengo
|-damage|p2a: Gholdengo|3/100
|-damage|p1a: Squawkabilly|0 fnt|[from] Recoil
|faint|p1a: Squawkabilly
|
|upkeep
|
|t:|1758999729
|switch|p1a: Scizor|Scizor, M|100/100
|turn|18
|
|t:|1758999742
|switch|p2a: Slowking|Slowking, F|54/100
|move|p1a: Scizor|Bullet Punch|p2a: Slowking
|-resisted|p2a: Slowking
|-damage|p2a: Slowking|36/100
|
|-end|p1a: Scizor|move: Future Sight
|-resisted|p1a: Scizor
|-damage|p1a: Scizor|69/100
|upkeep
|turn|19
|
|t:|1758999753
|switch|p2a: Gholdengo|Gholdengo, tera:Fairy|3/100
|move|p1a: Scizor|Defog|p2a: Gholdengo
|-immune|p2a: Gholdengo|[from] ability: Good as Gold
|
|upkeep
|turn|20
|
|t:|1758999759
|move|p1a: Scizor|Bullet Punch|p2a: Gholdengo
|-supereffective|p2a: Gholdengo
|-damage|p2a: Gholdengo|0 fnt
|faint|p2a: Gholdengo
|
|upkeep
|
|t:|1758999762
|switch|p2a: Slowking|Slowking, F|70/100
|turn|21
|
|t:|1758999767
|move|p1a: Scizor|Defog|p2a: Slowking
|-unboost|p2a: Slowking|evasion|1
|-sideend|p1: the.ramen.gang|Spikes|[from] move: Defog|[of] p1a: Scizor
|-sideend|p1: the.ramen.gang|Stealth Rock|[from] move: Defog|[of] p1a: Scizor
|move|p2a: Slowking|Flamethrower|p1a: Scizor
|-supereffective|p1a: Scizor
|-damage|p1a: Scizor|0 fnt
|faint|p1a: Scizor
|
|upkeep
|
|t:|1758999779
|switch|p1a: Conkeldurr|Conkeldurr, F, tera:Fighting|68/100 par
|turn|22
|
|t:|1758999782
|move|p2a: Slowking|Future Sight|p1a: Conkeldurr
|-start|p2a: Slowking|move: Future Sight
|move|p1a: Conkeldurr|Knock Off|p2a: Slowking
|-supereffective|p2a: Slowking
|-damage|p2a: Slowking|0 fnt
|-enditem|p2a: Slowking|Heavy-Duty Boots|[from] move: Knock Off|[of] p1a: Conkeldurr
|faint|p2a: Slowking
|
|upkeep
|
|t:|1758999786
|switch|p2a: Dragapult|Dragapult, F|100/100
|turn|23
|
|t:|1758999798
|move|p2a: Dragapult|Shadow Ball|p1a: Conkeldurr
|-damage|p1a: Conkeldurr|31/100 par
|-unboost|p1a: Conkeldurr|spd|1
|move|p1a: Conkeldurr|Knock Off|p2a: Dragapult
|-supereffective|p2a: Dragapult
|-damage|p2a: Dragapult|0 fnt
|-enditem|p2a: Dragapult|Choice Specs|[from] move: Knock Off|[of] p1a: Conkeldurr
|faint|p2a: Dragapult
|
|win|the.ramen.gang
|raw|the.ramen.gang's rating: 1241 &rarr; <strong>1271</strong><br />(+30 for winning)
|raw|redcolorcap's rating: 1314 &rarr; <strong>1290</strong><br />(-24 for losing)
|c|☆redcolorcap|gg
|l|☆the.ramen.gang
|player|p1|
|l|☆redcolorcap
|player|p2|
