|j|☆Yelo_Galaxy
|j|☆lerendezvous
|t:|1758952544
|gametype|singles
|player|p1|Yelo_Galaxy|1|1613
|player|p2|lerendezvous|101|1686
|gen|9
|tier|[Gen 9] OU
|rated|
|rule|HP Percentage Mod: HP is shown in percentages
|rule|Endless Battle Clause: Forcing endless battles is banned
|rule|Species Clause: Limit one of each Pokémon
|rule|OHKO Clause: OHKO moves are banned
|rule|Evasion Items Clause: Evasion items are banned
|rule|Evasion Moves Clause: Evasion moves are banned
|rule|Evasion Abilities Clause: Evasion abilities are banned
|rule|Sleep Moves Clause: Sleep-inducing moves are banned
|clearpoke
|poke|p1|Torkoal, F|
|poke|p1|Hatterene, F|
|poke|p1|Raging Bolt|
|poke|p1|Slither Wing|
|poke|p1|Venusaur, M|
|poke|p1|Walking Wake|
|poke|p2|Ogerpon-Wellspring, F|
|poke|p2|Slowking-Galar, M|
|poke|p2|Great Tusk|
|poke|p2|Moltres|
|poke|p2|Dragapult, M|
|poke|p2|Kingambit, M|
|teampreview
|
|t:|1758952551
|teamsize|p1|6
|teamsize|p2|6
|start
|switch|p1a: Slither Wing|Slither Wing|100/100
|switch|p2a: Slowking|Slowking-Galar, M|100/100
|turn|1
|inactive|Battle timer is ON: inactive players will automatically lose when time's up. (requested by lerendezvous)
|
|t:|1758952555
|move|p1a: Slither Wing|U-turn|p2a: Slowking
|-damage|p2a: Slowking|63/100
|j| Lamp0821
|
|t:|1758952559
|-end|p1a: Slither Wing|Protosynthesis|[silent]
|switch|p1a: Walking Wake|Walking Wake|100/100|[from] U-turn
|move|p2a: Slowking|Sludge Bomb|p1a: Walking Wake
|-damage|p1a: Walking Wake|56/100
|
|upkeep
|turn|2
|
|t:|1758952565
|move|p1a: Walking Wake|Flip Turn|p2a: Slowking
|-crit|p2a: Slowking
|-damage|p2a: Slowking|40/100
|
|t:|1758952567
|-end|p1a: Walking Wake|Protosynthesis|[silent]
|switch|p1a: Slither Wing|Slither Wing|100/100|[from] Flip Turn
|move|p2a: Slowking|Sludge Bomb|p1a: Slither Wing
|-damage|p1a: Slither Wing|71/100
|
|upkeep
|turn|3
|
|t:|1758952574
|switch|p2a: Moltres|Moltres|100/100
|move|p1a: Slither Wing|Earthquake|p2a: Moltres
|-immune|p2a: Moltres
|
|upkeep
|turn|4
|
|t:|1758952579
|-end|p1a: Slither Wing|Protosynthesis|[silent]
|switch|p1a: Torkoal|Torkoal, F|100/100
|-weather|SunnyDay|[from] ability: Drought|[of] p1a: Torkoal
|move|p2a: Moltres|U-turn|p1a: Torkoal
|-resisted|p1a: Torkoal
|-damage|p1a: Torkoal|94/100
|
|t:|1758952588
|switch|p2a: Slowking|Slowking-Galar, M|73/100|[from] U-turn
|
|-weather|SunnyDay|[upkeep]
|upkeep
|turn|5
|
|t:|1758952592
|move|p2a: Slowking|Sludge Bomb|p1a: Torkoal
|-damage|p1a: Torkoal|45/100
|-status|p1a: Torkoal|psn
|move|p1a: Torkoal|Stealth Rock|p2a: Slowking
|-sidestart|p2: lerendezvous|move: Stealth Rock
|
|-weather|SunnyDay|[upkeep]
|-damage|p1a: Torkoal|33/100 psn|[from] psn
|upkeep
|turn|6
|
|t:|1758952608
|switch|p1a: Slither Wing|Slither Wing|71/100
|-activate|p1a: Slither Wing|ability: Protosynthesis
|-start|p1a: Slither Wing|protosynthesisatk
|move|p2a: Slowking|Sludge Bomb|p1a: Slither Wing
|-damage|p1a: Slither Wing|45/100
|
|-weather|SunnyDay|[upkeep]
|upkeep
|turn|7
|
|t:|1758952613
|-end|p1a: Slither Wing|Protosynthesis|[silent]
|switch|p1a: Walking Wake|Walking Wake|56/100
|-activate|p1a: Walking Wake|ability: Protosynthesis
|-start|p1a: Walking Wake|protosynthesisspe
|switch|p2a: Great Tusk|Great Tusk|100/100
|-damage|p2a: Great Tusk|98/100|[from] Stealth Rock
|-activate|p2a: Great Tusk|ability: Protosynthesis
|-start|p2a: Great Tusk|protosynthesisatk
|
|-weather|SunnyDay|[upkeep]
|upkeep
|turn|8
|
|t:|1758952618
|-end|p2a: Great Tusk|Protosynthesis|[silent]
|switch|p2a: Slowking|Slowking-Galar, M|100/100
|-damage|p2a: Slowking|88/100|[from] Stealth Rock
|move|p1a: Walking Wake|Weather Ball|p2a: Slowking
|-damage|p2a: Slowking|60/100
|
|-weather|SunnyDay|[upkeep]
|upkeep
|turn|9
|
|t:|1758952623
|move|p1a: Walking Wake|Draco Meteor|p2a: Slowking
|-damage|p2a: Slowking|25/100
|-unboost|p1a: Walking Wake|spa|2
|move|p2a: Slowking|Sludge Bomb|p1a: Walking Wake
|-damage|p1a: Walking Wake|9/100
|
|-weather|SunnyDay|[upkeep]
|upkeep
|turn|10
|
|t:|1758952629
|switch|p2a: Moltres|Moltres|100/100
|move|p1a: Walking Wake|Draco Meteor|p2a: Moltres
|-damage|p2a: Moltres|64/100
|-unboost|p1a: Walking Wake|spa|2
|
|-weather|SunnyDay|[upkeep]
|upkeep
|turn|11
|
|t:|1758952634
|move|p1a: Walking Wake|Hydro Steam|p2a: Moltres
|-supereffective|p2a: Moltres
|-damage|p2a: Moltres|21/100
|move|p2a: Moltres|U-turn|p1a: Walking Wake
|-damage|p1a: Walking Wake|0 fnt
|faint|p1a: Walking Wake
|-end|p1a: Walking Wake|Protosynthesis|[silent]
|
|t:|1758952640
|switch|p2a: Slowking|Slowking-Galar, M|59/100|[from] U-turn
|-damage|p2a: Slowking|46/100|[from] Stealth Rock
|
|-weather|none
|upkeep
|
|t:|1758952643
|switch|p1a: Raging Bolt|Raging Bolt|100/100
|turn|12
|
|t:|1758952648
|switch|p2a: Great Tusk|Great Tusk|98/100
|-damage|p2a: Great Tusk|95/100|[from] Stealth Rock
|move|p1a: Raging Bolt|Dragon Pulse|p2a: Great Tusk
|-damage|p2a: Great Tusk|0 fnt
|faint|p2a: Great Tusk
|-end|p2a: Great Tusk|Protosynthesis|[silent]
|-damage|p1a: Raging Bolt|91/100|[from] item: Life Orb
|
|upkeep
|
|t:|1758952653
|switch|p2a: Slowking|Slowking-Galar, M|80/100
|-damage|p2a: Slowking|67/100|[from] Stealth Rock
|turn|13
|
|t:|1758952658
|-end|p1a: Raging Bolt|Protosynthesis|[silent]
|switch|p1a: Torkoal|Torkoal, F|33/100 psn
|-weather|SunnyDay|[from] ability: Drought|[of] p1a: Torkoal
|move|p2a: Slowking|Ice Beam|p1a: Torkoal
|-resisted|p1a: Torkoal
|-damage|p1a: Torkoal|16/100 psn
|
|-weather|SunnyDay|[upkeep]
|-damage|p1a: Torkoal|3/100 psn|[from] psn
|upkeep
|turn|14
|
|t:|1758952666
|switch|p1a: Raging Bolt|Raging Bolt|91/100
|-activate|p1a: Raging Bolt|ability: Protosynthesis
|-start|p1a: Raging Bolt|protosynthesisspa
|move|p2a: Slowking|Sludge Bomb|p1a: Raging Bolt
|-damage|p1a: Raging Bolt|48/100
|-status|p1a: Raging Bolt|psn
|
|-weather|SunnyDay|[upkeep]
|-damage|p1a: Raging Bolt|36/100 psn|[from] psn
|upkeep
|turn|15
|
|t:|1758952671
|switch|p2a: Moltres|Moltres|21/100
|move|p1a: Raging Bolt|Weather Ball|p2a: Moltres
|-resisted|p2a: Moltres
|-damage|p2a: Moltres|0 fnt
|faint|p2a: Moltres
|-damage|p1a: Raging Bolt|26/100 psn|[from] item: Life Orb
|
|-weather|SunnyDay|[upkeep]
|-damage|p1a: Raging Bolt|14/100 psn|[from] psn
|upkeep
|
|t:|1758952676
|switch|p2a: Dragapult|Dragapult, M|100/100
|turn|16
|
|t:|1758952680
|move|p1a: Raging Bolt|Thunderclap|p2a: Dragapult
|-resisted|p2a: Dragapult
|-damage|p2a: Dragapult|45/100
|-damage|p1a: Raging Bolt|4/100 psn|[from] item: Life Orb
|move|p2a: Dragapult|U-turn|p1a: Raging Bolt
|-crit|p1a: Raging Bolt
|-damage|p1a: Raging Bolt|0 fnt
|faint|p1a: Raging Bolt
|-end|p1a: Raging Bolt|Protosynthesis|[silent]
|
|t:|1758952685
|switch|p2a: Kingambit|Kingambit, M|100/100|[from] U-turn
|-damage|p2a: Kingambit|94/100|[from] Stealth Rock
|-activate|p2a: Kingambit|ability: Supreme Overlord
|-start|p2a: Kingambit|fallen2|[silent]
|
|-weather|SunnyDay|[upkeep]
|-heal|p2a: Kingambit|100/100|[from] item: Leftovers
|upkeep
|
|t:|1758952688
|switch|p1a: Venusaur|Venusaur, M|100/100
|turn|17
|
|t:|1758952697
|-terastallize|p2a: Kingambit|Ghost
|move|p2a: Kingambit|Sucker Punch||[still]
|-fail|p2a: Kingambit
|move|p1a: Venusaur|Growth|p1a: Venusaur
|-boost|p1a: Venusaur|atk|2
|-boost|p1a: Venusaur|spa|2
|
|-weather|SunnyDay|[upkeep]
|upkeep
|turn|18
|
|t:|1758952717
|move|p1a: Venusaur|Weather Ball|p2a: Kingambit
|-damage|p2a: Kingambit|0 fnt
|faint|p2a: Kingambit
|-end|p2a: Kingambit|fallen2|[silent]
|-damage|p1a: Venusaur|91/100|[from] item: Life Orb
|
|-weather|SunnyDay|[upkeep]
|upkeep
|
|t:|1758952724
|switch|p2a: Dragapult|Dragapult, M|45/100
|turn|19
|
|t:|1758952728
|switch|p2a: Slowking|Slowking-Galar, M|100/100
|-damage|p2a: Slowking|88/100|[from] Stealth Rock
|move|p1a: Venusaur|Weather Ball|p2a: Slowking
|-damage|p2a: Slowking|26/100
|-damage|p1a: Venusaur|81/100|[from] item: Life Orb
|
|-weather|SunnyDay|[upkeep]
|upkeep
|turn|20
|
|t:|1758952736
|switch|p2a: Dragapult|Dragapult, M|45/100
|move|p1a: Venusaur|Weather Ball|p2a: Dragapult
|-resisted|p2a: Dragapult
|-damage|p2a: Dragapult|0 fnt
|faint|p2a: Dragapult
|-damage|p1a: Venusaur|71/100|[from] item: Life Orb
|
|-weather|none
|upkeep
|
|t:|1758952741
|switch|p2a: Ogerpon|Ogerpon-Wellspring, F|100/100
|-damage|p2a: Ogerpon|88/100|[from] Stealth Rock
|turn|21
|
|t:|1758952746
|move|p2a: Ogerpon|U-turn|p1a: Venusaur
|-damage|p1a: Venusaur|32/100
|
|t:|1758952751
|switch|p2a: Slowking|Slowking-Galar, M|60/100|[from] U-turn
|-damage|p2a: Slowking|47/100|[from] Stealth Rock
|move|p1a: Venusaur|Giga Drain|p2a: Slowking
|-resisted|p2a: Slowking
|-damage|p2a: Slowking|24/100
|-heal|p1a: Venusaur|47/100|[from] drain|[of] p2a: Slowking
|-damage|p1a: Venusaur|37/100|[from] item: Life Orb
|
|upkeep
|turn|22
|
|t:|1758952756
|switch|p2a: Ogerpon|Ogerpon-Wellspring, F|88/100
|-damage|p2a: Ogerpon|76/100|[from] Stealth Rock
|move|p1a: Venusaur|Earthquake|p2a: Ogerpon
|-resisted|p2a: Ogerpon
|-damage|p2a: Ogerpon|44/100
|-damage|p1a: Venusaur|27/100|[from] item: Life Orb
|
|upkeep
|turn|23
|
|t:|1758952761
|switch|p1a: Torkoal|Torkoal, F|3/100 psn
|-weather|SunnyDay|[from] ability: Drought|[of] p1a: Torkoal
|move|p2a: Ogerpon|Ivy Cudgel|p1a: Torkoal|[anim] Ivy Cudgel Water
|-supereffective|p1a: Torkoal
|-crit|p1a: Torkoal
|-damage|p1a: Torkoal|0 fnt
|faint|p1a: Torkoal
|
|-weather|SunnyDay|[upkeep]
|upkeep
|
|t:|1758952764
|switch|p1a: Slither Wing|Slither Wing|45/100
|-activate|p1a: Slither Wing|ability: Protosynthesis
|-start|p1a: Slither Wing|protosynthesisatk
|turn|24
|
|t:|1758952768
|switch|p2a: Slowking|Slowking-Galar, M|57/100
|-damage|p2a: Slowking|45/100|[from] Stealth Rock
|move|p1a: Slither Wing|First Impression|p2a: Slowking
|-damage|p2a: Slowking|0 fnt
|faint|p2a: Slowking
|
|-weather|SunnyDay|[upkeep]
|upkeep
|
|t:|1758952773
|switch|p2a: Ogerpon|Ogerpon-Wellspring, F|44/100
|-damage|p2a: Ogerpon|31/100|[from] Stealth Rock
|turn|25
|
|t:|1758952778
|move|p2a: Ogerpon|Knock Off|p1a: Slither Wing
|-resisted|p1a: Slither Wing
|-damage|p1a: Slither Wing|19/100
|-enditem|p1a: Slither Wing|Assault Vest|[from] move: Knock Off|[of] p2a: Ogerpon
|move|p1a: Slither Wing|U-turn|p2a: Ogerpon
|-supereffective|p2a: Ogerpon
|-damage|p2a: Ogerpon|0 fnt
|faint|p2a: Ogerpon
|
|win|Yelo_Galaxy
|raw|Yelo_Galaxy's rating: 1613 &rarr; <strong>1637</strong><br />(+24 for winning)
|raw|lerendezvous's rating: 1686 &rarr; <strong>1662</strong><br />(-24 for losing)
|l|☆lerendezvous
|player|p2|
|c|☆Yelo_Galaxy|Gg
|l|☆Yelo_Galaxy
|player|p1|
|l| Lamp0821
