|j|☆YeatLover267
|j|☆Imurdadwithmilk
|t:|1758947813
|gametype|singles
|player|p1|YeatLover267|backersf|1305
|player|p2|Imurdadwithmilk|blackbelt-gen4|1265
|gen|9
|tier|[Gen 9] OU
|rated|
|rule|HP Percentage Mod: HP is shown in percentages
|rule|Endless Battle Clause: Forcing endless battles is banned
|rule|Species Clause: Limit one of each Pokémon
|rule|OHKO Clause: OHKO moves are banned
|rule|Evasion Items Clause: Evasion items are banned
|rule|Evasion Moves Clause: Evasion moves are banned
|rule|Evasion Abilities Clause: Evasion abilities are banned
|rule|Sleep Moves Clause: Sleep-inducing moves are banned
|clearpoke
|poke|p1|Lycanroc-Dusk, M|
|poke|p1|Great Tusk|
|poke|p1|Darkrai|
|poke|p1|Rotom-Wash|
|poke|p1|Blissey, F|
|poke|p1|Ceruledge, M|
|poke|p2|Mamoswine, M|
|poke|p2|Ceruledge, M|
|poke|p2|Great Tusk|
|poke|p2|Clodsire, M|
|poke|p2|Gliscor, F|
|poke|p2|Kingambit, M|
|teampreview
|inactive|Battle timer is ON: inactive players will automatically lose when time's up. (requested by Imurdadwithmilk)
|
|t:|1758947819
|teamsize|p1|6
|teamsize|p2|6
|start
|switch|p1a: Rotom|Rotom-Wash|100/100
|switch|p2a: Behemoth|Great Tusk|100/100
|turn|1
|
|t:|1758947838
|-end|p2a: Behemoth|Protosynthesis|[silent]
|switch|p2a: Carry|Clodsire, M|100/100
|move|p1a: Rotom|Hydro Pump|p2a: Carry
|-immune|p2a: Carry|[from] ability: Water Absorb
|
|upkeep
|turn|2
|
|t:|1758947859
|switch|p1a: Blissey|Blissey, F|100/100
|move|p2a: Carry|Toxic|p1a: Blissey
|-status|p1a: Blissey|tox
|
|-damage|p1a: Blissey|94/100 tox|[from] psn
|upkeep
|turn|3
|
|t:|1758947869
|move|p1a: Blissey|Ice Beam|p2a: Carry
|-supereffective|p2a: Carry
|-enditem|p2a: Carry|Yache Berry|[eat]
|-enditem|p2a: Carry|Yache Berry|[weaken]
|-damage|p2a: Carry|90/100
|move|p2a: Carry|Stealth Rock|p1a: Blissey
|-sidestart|p1: YeatLover267|move: Stealth Rock
|
|-damage|p1a: Blissey|82/100 tox|[from] psn
|upkeep
|turn|4
|
|t:|1758947880
|move|p1a: Blissey|Calm Mind|p1a: Blissey
|-boost|p1a: Blissey|spa|1
|-boost|p1a: Blissey|spd|1
|move|p2a: Carry|Toxic Spikes|p1a: Blissey
|-sidestart|p1: YeatLover267|move: Toxic Spikes
|
|-damage|p1a: Blissey|64/100 tox|[from] psn
|upkeep
|turn|5
|
|t:|1758947888
|move|p1a: Blissey|Ice Beam|p2a: Carry
|-supereffective|p2a: Carry
|-damage|p2a: Carry|58/100
|move|p2a: Carry|Toxic Spikes|p1a: Blissey
|-sidestart|p1: YeatLover267|move: Toxic Spikes
|
|-damage|p1a: Blissey|39/100 tox|[from] psn
|upkeep
|turn|6
|
|t:|1758947895
|-curestatus|p1a: Blissey|tox|[from] ability: Natural Cure
|switch|p1a: Great Tusk|Great Tusk|100/100
|-damage|p1a: Great Tusk|98/100|[from] Stealth Rock
|-status|p1a: Great Tusk|tox
|move|p2a: Carry|Stomping Tantrum|p1a: Great Tusk
|-damage|p1a: Great Tusk|88/100 tox
|
|-heal|p1a: Great Tusk|94/100 tox|[from] item: Leftovers
|-damage|p1a: Great Tusk|88/100 tox|[from] psn
|upkeep
|turn|7
|
|t:|1758947908
|switch|p2a: Brute|Gliscor, F|100/100
|move|p1a: Great Tusk|Stealth Rock|p2a: Brute
|-sidestart|p2: Imurdadwithmilk|move: Stealth Rock
|
|-heal|p1a: Great Tusk|94/100 tox|[from] item: Leftovers
|-damage|p1a: Great Tusk|81/100 tox|[from] psn
|-status|p2a: Brute|tox|[from] item: Toxic Orb
|upkeep
|turn|8
|
|t:|1758947920
|move|p2a: Brute|Swords Dance|p2a: Brute
|-boost|p2a: Brute|atk|2
|move|p1a: Great Tusk|Rapid Spin|p2a: Brute
|-damage|p2a: Brute|87/100 tox
|-boost|p1a: Great Tusk|spe|1
|-sideend|p1: YeatLover267|Toxic Spikes|[from] move: Rapid Spin|[of] p1a: Great Tusk
|-sideend|p1: YeatLover267|Stealth Rock|[from] move: Rapid Spin|[of] p1a: Great Tusk
|
|-heal|p1a: Great Tusk|88/100 tox|[from] item: Leftovers
|-heal|p2a: Brute|99/100 tox|[from] ability: Poison Heal
|-damage|p1a: Great Tusk|69/100 tox|[from] psn
|upkeep
|turn|9
|
|t:|1758947928
|-end|p1a: Great Tusk|Protosynthesis|[silent]
|switch|p1a: Ceruledge|Ceruledge, M|100/100
|move|p2a: Brute|Earthquake|p1a: Ceruledge
|-supereffective|p1a: Ceruledge
|-enditem|p1a: Ceruledge|Focus Sash
|-damage|p1a: Ceruledge|1/100
|-ability|p1a: Ceruledge|Weak Armor|boost
|-unboost|p1a: Ceruledge|def|1
|-boost|p1a: Ceruledge|spe|2
|
|-heal|p2a: Brute|100/100 tox|[from] ability: Poison Heal
|upkeep
|turn|10
|
|t:|1758947932
|move|p1a: Ceruledge|Poltergeist|p2a: Brute
|-activate|p2a: Brute|move: Poltergeist|Toxic Orb
|-damage|p2a: Brute|49/100 tox
|move|p2a: Brute|Earthquake|p1a: Ceruledge
|-supereffective|p1a: Ceruledge
|-damage|p1a: Ceruledge|0 fnt
|faint|p1a: Ceruledge
|
|-heal|p2a: Brute|61/100 tox|[from] ability: Poison Heal
|upkeep
|
|t:|1758947940
|switch|p1a: Rotom|Rotom-Wash|100/100
|turn|11
|
|t:|1758947942
|move|p2a: Brute|Rock Slide|p1a: Rotom
|-damage|p1a: Rotom|59/100
|move|p1a: Rotom|Hydro Pump|p2a: Brute
|-supereffective|p2a: Brute
|-crit|p2a: Brute
|-damage|p2a: Brute|0 fnt
|faint|p2a: Brute
|
|upkeep
|
|t:|1758947955
|switch|p2a: Carry|Clodsire, M|58/100
|-damage|p2a: Carry|52/100|[from] Stealth Rock
|turn|12
|
|t:|1758947960
|switch|p1a: Great Tusk|Great Tusk|69/100 tox
|move|p2a: Carry|Toxic|p1a: Great Tusk
|-fail|p1a: Great Tusk|tox
|
|-heal|p1a: Great Tusk|75/100 tox|[from] item: Leftovers
|-damage|p1a: Great Tusk|69/100 tox|[from] psn
|upkeep
|turn|13
|
|t:|1758947964
|move|p1a: Great Tusk|Earthquake|p2a: Carry
|-supereffective|p2a: Carry
|-damage|p2a: Carry|0 fnt
|faint|p2a: Carry
|
|-heal|p1a: Great Tusk|75/100 tox|[from] item: Leftovers
|-damage|p1a: Great Tusk|63/100 tox|[from] psn
|upkeep
|
|t:|1758947967
|switch|p2a: Behemoth|Great Tusk|100/100
|-damage|p2a: Behemoth|97/100|[from] Stealth Rock
|turn|14
|
|t:|1758947973
|-end|p1a: Great Tusk|Protosynthesis|[silent]
|switch|p1a: Rotom|Rotom-Wash|59/100
|move|p2a: Behemoth|Rapid Spin|p1a: Rotom
|-damage|p1a: Rotom|40/100
|-boost|p2a: Behemoth|spe|1
|-sideend|p2: Imurdadwithmilk|Stealth Rock|[from] move: Rapid Spin|[of] p2a: Behemoth
|
|upkeep
|turn|15
|
|t:|1758947981
|move|p2a: Behemoth|Ice Spinner|p1a: Rotom
|-resisted|p1a: Rotom
|-damage|p1a: Rotom|25/100
|-enditem|p1a: Rotom|Aguav Berry|[eat]
|-heal|p1a: Rotom|58/100|[from] item: Aguav Berry
|move|p1a: Rotom|Hydro Pump|p2a: Behemoth
|-supereffective|p2a: Behemoth
|-damage|p2a: Behemoth|0 fnt
|faint|p2a: Behemoth
|-end|p2a: Behemoth|Protosynthesis|[silent]
|
|upkeep
|
|t:|1758947990
|switch|p2a: Mammoth|Mamoswine, M|100/100
|turn|16
|
|t:|1758947995
|switch|p1a: Blissey|Blissey, F|39/100
|move|p2a: Mammoth|Knock Off|p1a: Blissey
|-damage|p1a: Blissey|6/100
|-enditem|p1a: Blissey|Covert Cloak|[from] move: Knock Off|[of] p2a: Mammoth
|
|upkeep
|turn|17
|
|t:|1758947999
|move|p2a: Mammoth|Icicle Crash|p1a: Blissey
|-damage|p1a: Blissey|0 fnt
|faint|p1a: Blissey
|
|upkeep
|
|t:|1758948005
|switch|p1a: Lycanroc|Lycanroc-Dusk, M|100/100
|turn|18
|
|t:|1758948008
|move|p1a: Lycanroc|Close Combat|p2a: Mammoth
|-supereffective|p2a: Mammoth
|-damage|p2a: Mammoth|0 fnt
|-unboost|p1a: Lycanroc|def|1
|-unboost|p1a: Lycanroc|spd|1
|faint|p2a: Mammoth
|-damage|p1a: Lycanroc|91/100|[from] item: Life Orb
|
|upkeep
|
|t:|1758948012
|switch|p2a: Blades|Ceruledge, M, shiny|100/100
|turn|19
|
|t:|1758948018
|switch|p1a: Rotom|Rotom-Wash|58/100
|move|p2a: Blades|Swords Dance|p2a: Blades
|-boost|p2a: Blades|atk|2
|
|upkeep
|turn|20
|
|t:|1758948023
|-terastallize|p2a: Blades|Water
|move|p2a: Blades|Swords Dance|p2a: Blades
|-boost|p2a: Blades|atk|2
|move|p1a: Rotom|Volt Switch|p2a: Blades
|-supereffective|p2a: Blades
|-damage|p2a: Blades|22/100
|
|t:|1758948030
|switch|p1a: Darkrai|Darkrai|100/100|[from] Volt Switch
|
|upkeep
|turn|21
|
|t:|1758948037
|move|p2a: Blades|Shadow Sneak|p1a: Darkrai
|-resisted|p1a: Darkrai
|-damage|p1a: Darkrai|60/100
|move|p1a: Darkrai|Dark Pulse|p2a: Blades
|-damage|p2a: Blades|0 fnt
|faint|p2a: Blades
|
|upkeep
|
|t:|1758948042
|switch|p2a: Death|Kingambit, M|100/100
|-activate|p2a: Death|ability: Supreme Overlord
|-start|p2a: Death|fallen5|[silent]
|turn|22
|
|t:|1758948050
|move|p1a: Darkrai|Dark Pulse|p2a: Death
|-resisted|p2a: Death
|-damage|p2a: Death|69/100
|move|p2a: Death|Iron Defense|p2a: Death
|-boost|p2a: Death|def|2
|
|-heal|p2a: Death|75/100|[from] item: Leftovers
|upkeep
|turn|23
|
|t:|1758948056
|switch|p1a: Rotom|Rotom-Wash|58/100
|move|p2a: Death|Swords Dance|p2a: Death
|-boost|p2a: Death|atk|2
|
|-heal|p2a: Death|82/100|[from] item: Leftovers
|upkeep
|turn|24
|
|t:|1758948061
|move|p1a: Rotom|Thunder Wave|p2a: Death
|-status|p2a: Death|par
|move|p2a: Death|Iron Head|p1a: Rotom
|-resisted|p1a: Rotom
|-damage|p1a: Rotom|15/100
|
|-heal|p2a: Death|88/100 par|[from] item: Leftovers
|upkeep
|turn|25
|
|t:|1758948068
|move|p2a: Death|Sucker Punch|p1a: Rotom
|-damage|p1a: Rotom|0 fnt
|faint|p1a: Rotom
|
|-heal|p2a: Death|94/100 par|[from] item: Leftovers
|upkeep
|
|t:|1758948070
|switch|p1a: Great Tusk|Great Tusk|63/100 tox
|turn|26
|
|t:|1758948073
|move|p1a: Great Tusk|Body Press|p2a: Death
|-supereffective|p2a: Death
|-damage|p2a: Death|23/100 par
|cant|p2a: Death|par
|
|-heal|p1a: Great Tusk|69/100 tox|[from] item: Leftovers
|-heal|p2a: Death|29/100 par|[from] item: Leftovers
|-damage|p1a: Great Tusk|63/100 tox|[from] psn
|upkeep
|turn|27
|
|t:|1758948079
|move|p2a: Death|Sucker Punch|p1a: Great Tusk
|-resisted|p1a: Great Tusk
|-damage|p1a: Great Tusk|34/100 tox
|move|p1a: Great Tusk|Body Press|p2a: Death
|-supereffective|p2a: Death
|-damage|p2a: Death|0 fnt
|faint|p2a: Death
|-end|p2a: Death|fallen5|[silent]
|
|win|YeatLover267
|raw|YeatLover267's rating: 1286 &rarr; <strong>1309</strong><br />(+23 for winning)
|raw|Imurdadwithmilk's rating: 1265 &rarr; <strong>1242</strong><br />(-23 for losing)
|l|☆Imurdadwithmilk
|player|p2|
|l|☆YeatLover267
|player|p1|
