|j|☆Ludibrobro
|j|☆fulkttd
|t:|1758921379
|gametype|singles
|player|p1|Ludibrobro|102|1526
|player|p2|fulkttd|zinzolin|1504
|gen|9
|tier|[Gen 9] OU
|rated|
|rule|HP Percentage Mod: HP is shown in percentages
|rule|Endless Battle Clause: Forcing endless battles is banned
|rule|Species Clause: Limit one of each Pokémon
|rule|OHKO Clause: OHKO moves are banned
|rule|Evasion Items Clause: Evasion items are banned
|rule|Evasion Moves Clause: Evasion moves are banned
|rule|Evasion Abilities Clause: Evasion abilities are banned
|rule|Sleep Moves Clause: Sleep-inducing moves are banned
|clearpoke
|poke|p1|Typhlosion, F|
|poke|p1|Torkoal, M|
|poke|p1|Hatterene, F|
|poke|p1|Great Tusk|
|poke|p1|Walking Wake|
|poke|p1|Clodsire, M|
|poke|p2|Dragapult, M|
|poke|p2|Great Tusk|
|poke|p2|Hatterene, F|
|poke|p2|Slowking-Galar, F|
|poke|p2|Gholdengo|
|poke|p2|Ogerpon-Wellspring, F|
|teampreview
|inactive|Battle timer is ON: inactive players will automatically lose when time's up. (requested by fulkttd)
|c|☆fulkttd|cool team
|inactive|Ludibrobro has 120 seconds left.
|
|t:|1758921423
|teamsize|p1|6
|teamsize|p2|6
|start
|switch|p1a: Typhlosion|Typhlosion, F|100/100
|switch|p2a: Dragapult|Dragapult, M|100/100
|turn|1
|
|t:|1758921431
|move|p1a: Typhlosion|Shadow Ball|p2a: Dragapult
|-supereffective|p2a: Dragapult
|-damage|p2a: Dragapult|30/100
|move|p2a: Dragapult|Dragon Darts|p1a: Typhlosion
|-damage|p1a: Typhlosion|64/100
|-anim|p2a: Dragapult|Dragon Darts|p1a: Typhlosion
|-damage|p1a: Typhlosion|29/100
|
|upkeep
|turn|2
|
|t:|1758921446
|switch|p2a: Slowking|Slowking-Galar, F|100/100
|move|p1a: Typhlosion|Shadow Ball|p2a: Slowking
|-supereffective|p2a: Slowking
|-damage|p2a: Slowking|72/100
|
|upkeep
|turn|3
|
|t:|1758921451
|switch|p1a: Torkoal|Torkoal, M|100/100
|-weather|SunnyDay|[from] ability: Drought|[of] p1a: Torkoal
|move|p2a: Slowking|Future Sight|p1a: Torkoal
|-start|p2a: Slowking|move: Future Sight
|
|-weather|SunnyDay|[upkeep]
|upkeep
|turn|4
|
|t:|1758921458
|move|p1a: Torkoal|Stealth Rock|p2a: Slowking
|-sidestart|p2: fulkttd|move: Stealth Rock
|move|p2a: Slowking|Sludge Wave|p1a: Torkoal
|-damage|p1a: Torkoal|39/100
|
|-weather|SunnyDay|[upkeep]
|upkeep
|turn|5
|
|t:|1758921477
|switch|p1a: Clodsire|Clodsire, M|100/100
|move|p2a: Slowking|Ice Beam|p1a: Clodsire
|-supereffective|p1a: Clodsire
|-damage|p1a: Clodsire|69/100
|
|-weather|SunnyDay|[upkeep]
|-end|p1a: Clodsire|move: Future Sight
|-supereffective|p1a: Clodsire
|-damage|p1a: Clodsire|0 fnt
|faint|p1a: Clodsire
|upkeep
|
|t:|1758921490
|switch|p1a: Walking Wake|Walking Wake|100/100
|-activate|p1a: Walking Wake|ability: Protosynthesis
|-start|p1a: Walking Wake|protosynthesisspe
|turn|6
|
|t:|1758921504
|switch|p2a: Ogerpon|Ogerpon-Wellspring, F|100/100
|-damage|p2a: Ogerpon|88/100|[from] Stealth Rock
|move|p1a: Walking Wake|Flamethrower|p2a: Ogerpon
|-damage|p2a: Ogerpon|2/100
|
|-weather|SunnyDay|[upkeep]
|upkeep
|turn|7
|
|t:|1758921516
|switch|p2a: Slowking|Slowking-Galar, F|100/100
|-damage|p2a: Slowking|88/100|[from] Stealth Rock
|move|p1a: Walking Wake|Flamethrower|p2a: Slowking
|-damage|p2a: Slowking|48/100
|
|-weather|SunnyDay|[upkeep]
|upkeep
|turn|8
|
|t:|1758921525
|-terastallize|p1a: Walking Wake|Fire
|move|p1a: Walking Wake|Flamethrower|p2a: Slowking
|-damage|p2a: Slowking|0 fnt
|faint|p2a: Slowking
|
|-weather|SunnyDay|[upkeep]
|upkeep
|
|t:|1758921532
|switch|p2a: Great Tusk|Great Tusk|100/100
|-activate|p2a: Great Tusk|ability: Protosynthesis
|-start|p2a: Great Tusk|protosynthesisatk
|turn|9
|
|t:|1758921545
|move|p1a: Walking Wake|Flamethrower|p2a: Great Tusk
|-damage|p2a: Great Tusk|0 fnt
|faint|p2a: Great Tusk
|-end|p2a: Great Tusk|Protosynthesis|[silent]
|
|-weather|SunnyDay|[upkeep]
|upkeep
|
|t:|1758921553
|switch|p2a: Hatterene|Hatterene, F|100/100
|-damage|p2a: Hatterene|88/100|[from] Stealth Rock
|turn|10
|
|t:|1758921576
|move|p1a: Walking Wake|Flamethrower|p2a: Hatterene
|-damage|p2a: Hatterene|0 fnt
|faint|p2a: Hatterene
|
|-weather|none
|-end|p1a: Walking Wake|Protosynthesis
|upkeep
|
|t:|1758921580
|switch|p2a: Dragapult|Dragapult, M|30/100
|turn|11
|j| fuguier
|
|t:|1758921609
|-end|p1a: Walking Wake|Protosynthesis|[silent]
|switch|p1a: Torkoal|Torkoal, M|39/100
|-weather|SunnyDay|[from] ability: Drought|[of] p1a: Torkoal
|move|p2a: Dragapult|U-turn|p1a: Torkoal
|-resisted|p1a: Torkoal
|-damage|p1a: Torkoal|33/100
|
|t:|1758921613
|switch|p2a: Ogerpon|Ogerpon-Wellspring, F|2/100|[from] U-turn
|-damage|p2a: Ogerpon|0 fnt|[from] Stealth Rock
|faint|p2a: Ogerpon
|
|-weather|SunnyDay|[upkeep]
|upkeep
|
|t:|1758921614
|switch|p2a: Gholdengo|Gholdengo|100/100
|-damage|p2a: Gholdengo|94/100|[from] Stealth Rock
|turn|12
|l| fuguier
|
|t:|1758921621
|move|p2a: Gholdengo|Shadow Ball|p1a: Torkoal
|-damage|p1a: Torkoal|0 fnt
|faint|p1a: Torkoal
|
|-weather|SunnyDay|[upkeep]
|upkeep
|
|t:|1758921625
|switch|p1a: Typhlosion|Typhlosion, F|29/100
|turn|13
|
|t:|1758921627
|move|p1a: Typhlosion|Flamethrower|p2a: Gholdengo
|-supereffective|p2a: Gholdengo
|-damage|p2a: Gholdengo|0 fnt
|faint|p2a: Gholdengo
|
|-weather|SunnyDay|[upkeep]
|upkeep
|
|t:|1758921628
|switch|p2a: Dragapult|Dragapult, M|30/100
|turn|14
|
|t:|1758921631
|move|p1a: Typhlosion|Flamethrower|p2a: Dragapult
|-resisted|p2a: Dragapult
|-damage|p2a: Dragapult|0 fnt
|faint|p2a: Dragapult
|
|win|Ludibrobro
|raw|Ludibrobro's rating: 1526 &rarr; <strong>1545</strong><br />(+19 for winning)
|raw|fulkttd's rating: 1504 &rarr; <strong>1485</strong><br />(-19 for losing)
|l|☆fulkttd
|player|p2|
|l|☆Ludibrobro
|player|p1|
