|j|☆AngusJan
|j|☆indigknighted
|t:|1758984253
|gametype|singles
|player|p1|AngusJan|cheren-gen5bw2|1078
|player|p2|indigknighted|bellelba|1116
|gen|9
|tier|[Gen 9] OU
|rated|
|rule|HP Percentage Mod: HP is shown in percentages
|rule|Endless Battle Clause: Forcing endless battles is banned
|rule|Species Clause: Limit one of each Pokémon
|rule|OHKO Clause: OHKO moves are banned
|rule|Evasion Items Clause: Evasion items are banned
|rule|Evasion Moves Clause: Evasion moves are banned
|rule|Evasion Abilities Clause: Evasion abilities are banned
|rule|Sleep Moves Clause: Sleep-inducing moves are banned
|clearpoke
|poke|p1|Reuniclus, F|
|poke|p1|Gothitelle, F|
|poke|p1|Braviary, M|
|poke|p1|Krookodile, M|
|poke|p1|Excadrill, M|
|poke|p1|Leavanny, M|
|poke|p2|Iron Crown|
|poke|p2|Meowscarada, M|
|poke|p2|Great Tusk|
|poke|p2|Pecharunt|
|poke|p2|Ting-Lu|
|poke|p2|Iron Valiant|
|teampreview
|
|t:|1758984263
|teamsize|p1|6
|teamsize|p2|6
|start
|switch|p1a: Reuniclus|Reuniclus, F, shiny|100/100
|switch|p2a: Meowscarada|Meowscarada, M|100/100
|turn|1
|
|t:|1758984269
|switch|p1a: Braviary|Braviary, M, shiny|100/100
|move|p2a: Meowscarada|U-turn|p1a: Braviary
|-start|p2a: Meowscarada|typechange|Bug|[from] ability: Protean
|-resisted|p1a: Braviary
|-damage|p1a: Braviary|71/100
|
|t:|1758984280
|switch|p2a: Pecharunt|Pecharunt|100/100|[from] U-turn
|
|upkeep
|turn|2
|
|t:|1758984289
|move|p1a: Braviary|Iron Head|p2a: Pecharunt
|-damage|p2a: Pecharunt|78/100
|move|p2a: Pecharunt|Parting Shot|p1a: Braviary
|-unboost|p1a: Braviary|atk|1
|-unboost|p1a: Braviary|spa|1
|
|t:|1758984301
|switch|p2a: Meowscarada|Meowscarada, M|100/100|[from] Parting Shot
|
|upkeep
|turn|3
|
|t:|1758984311
|switch|p1a: Excadrill|Excadrill, M|100/100
|-ability|p1a: Excadrill|Mold Breaker
|move|p2a: Meowscarada|Knock Off|p1a: Excadrill
|-start|p2a: Meowscarada|typechange|Dark|[from] ability: Protean
|-damage|p1a: Excadrill|19/100
|-damage|p2a: Meowscarada|84/100|[from] item: Rocky Helmet|[of] p1a: Excadrill
|-enditem|p1a: Excadrill|Rocky Helmet|[from] move: Knock Off|[of] p2a: Meowscarada
|
|upkeep
|turn|4
|
|t:|1758984324
|move|p2a: Meowscarada|Knock Off|p1a: Excadrill
|-crit|p1a: Excadrill
|-damage|p1a: Excadrill|0 fnt
|faint|p1a: Excadrill
|
|upkeep
|
|t:|1758984330
|switch|p1a: Leavanny|Leavanny, M, shiny|100/100
|turn|5
|
|t:|1758984334
|switch|p2a: Pecharunt|Pecharunt|78/100
|move|p1a: Leavanny|Lunge|p2a: Pecharunt
|-resisted|p2a: Pecharunt
|-damage|p2a: Pecharunt|74/100
|-unboost|p2a: Pecharunt|atk|1
|
|upkeep
|turn|6
|
|t:|1758984368
|move|p1a: Leavanny|Sticky Web|p2a: Pecharunt
|-sidestart|p2: indigknighted|move: Sticky Web
|move|p2a: Pecharunt|Malignant Chain|p1a: Leavanny
|-supereffective|p1a: Leavanny
|-crit|p1a: Leavanny
|-enditem|p1a: Leavanny|Focus Sash
|-damage|p1a: Leavanny|1/100
|
|upkeep
|turn|7
|
|t:|1758984377
|move|p1a: Leavanny|Leaf Blade|p2a: Pecharunt
|-resisted|p2a: Pecharunt
|-crit|p2a: Pecharunt
|-damage|p2a: Pecharunt|62/100
|move|p2a: Pecharunt|Parting Shot|p1a: Leavanny
|-unboost|p1a: Leavanny|atk|1
|-unboost|p1a: Leavanny|spa|1
|
|t:|1758984381
|switch|p2a: Great Tusk|Great Tusk|100/100|[from] Parting Shot
|-activate|p2a: Great Tusk|move: Sticky Web
|-unboost|p2a: Great Tusk|spe|1
|
|upkeep
|turn|8
|
|t:|1758984387
|move|p1a: Leavanny|Leaf Blade|p2a: Great Tusk
|-supereffective|p2a: Great Tusk
|-damage|p2a: Great Tusk|71/100
|move|p2a: Great Tusk|Rapid Spin|p1a: Leavanny
|-damage|p1a: Leavanny|0 fnt
|-boost|p2a: Great Tusk|spe|1
|-sideend|p2: indigknighted|Sticky Web|[from] move: Rapid Spin|[of] p2a: Great Tusk
|faint|p1a: Leavanny
|
|-heal|p2a: Great Tusk|78/100|[from] item: Leftovers
|upkeep
|
|t:|1758984396
|switch|p1a: Reuniclus|Reuniclus, F, shiny|100/100
|turn|9
|
|t:|1758984425
|-end|p2a: Great Tusk|Protosynthesis|[silent]
|switch|p2a: Ting-Lu|Ting-Lu|100/100
|-ability|p2a: Ting-Lu|Vessel of Ruin
|move|p1a: Reuniclus|Psychic Terrain|p1a: Reuniclus
|-fieldstart|move: Psychic Terrain
|
|upkeep
|turn|10
|
|t:|1758984435
|switch|p1a: Krookodile|Krookodile, M, shiny|100/100
|move|p2a: Ting-Lu|Stealth Rock|p1a: Krookodile
|-sidestart|p1: AngusJan|move: Stealth Rock
|
|upkeep
|turn|11
|
|t:|1758984445
|switch|p2a: Pecharunt|Pecharunt|62/100
|move|p1a: Krookodile|Crunch|p2a: Pecharunt
|-supereffective|p2a: Pecharunt
|-damage|p2a: Pecharunt|5/100
|-unboost|p2a: Pecharunt|def|1
|
|upkeep
|turn|12
|
|t:|1758984458
|move|p1a: Krookodile|Crunch|p2a: Pecharunt
|-supereffective|p2a: Pecharunt
|-damage|p2a: Pecharunt|0 fnt
|faint|p2a: Pecharunt
|-ability|p1a: Krookodile|Moxie|boost
|-boost|p1a: Krookodile|atk|1
|
|upkeep
|
|t:|1758984463
|switch|p2a: Meowscarada|Meowscarada, M|84/100
|turn|13
|
|t:|1758984467
|-terastallize|p1a: Krookodile|Dragon
|move|p2a: Meowscarada|Flower Trick|p1a: Krookodile
|-start|p2a: Meowscarada|typechange|Grass|[from] ability: Protean
|-resisted|p1a: Krookodile
|-crit|p1a: Krookodile
|-damage|p1a: Krookodile|58/100
|move|p1a: Krookodile|Crunch|p2a: Meowscarada
|-damage|p2a: Meowscarada|0 fnt
|faint|p2a: Meowscarada
|-ability|p1a: Krookodile|Moxie|boost
|-boost|p1a: Krookodile|atk|1
|
|-fieldend|move: Psychic Terrain
|upkeep
|
|t:|1758984475
|switch|p2a: Iron Crown|Iron Crown|100/100
|turn|14
|
|t:|1758984480
|move|p2a: Iron Crown|Tachyon Cutter|p1a: Krookodile
|-damage|p1a: Krookodile|7/100
|-damage|p1a: Krookodile|0 fnt
|faint|p1a: Krookodile
|-hitcount|p1: Krookodile|2
|
|upkeep
|
|t:|1758984487
|switch|p1a: Gothitelle|Gothitelle, F|100/100
|-damage|p1a: Gothitelle|88/100|[from] Stealth Rock
|turn|15
|
|t:|1758984495
|-terastallize|p2a: Iron Crown|Steel
|move|p2a: Iron Crown|Tachyon Cutter|p1a: Gothitelle
|-damage|p1a: Gothitelle|57/100
|-damage|p1a: Gothitelle|24/100
|-hitcount|p1a: Gothitelle|2
|move|p1a: Gothitelle|Focus Blast|p2a: Iron Crown|[miss]
|-miss|p1a: Gothitelle|p2a: Iron Crown
|
|upkeep
|turn|16
|
|t:|1758984504
|move|p2a: Iron Crown|Tachyon Cutter|p1a: Gothitelle
|-crit|p1a: Gothitelle
|-damage|p1a: Gothitelle|0 fnt
|faint|p1a: Gothitelle
|-hitcount|p1: Gothitelle|1
|
|upkeep
|
|t:|1758984506
|switch|p1a: Braviary|Braviary, M, shiny|71/100
|-damage|p1a: Braviary|46/100|[from] Stealth Rock
|turn|17
|
|t:|1758984511
|move|p2a: Iron Crown|Tachyon Cutter|p1a: Braviary
|-damage|p1a: Braviary|0 fnt
|faint|p1a: Braviary
|-hitcount|p1: Braviary|1
|
|upkeep
|
|t:|1758984513
|switch|p1a: Reuniclus|Reuniclus, F, shiny|100/100
|turn|18
|
|t:|1758984516
|move|p2a: Iron Crown|Tachyon Cutter|p1a: Reuniclus
|-damage|p1a: Reuniclus|56/100
|-damage|p1a: Reuniclus|14/100
|-hitcount|p1a: Reuniclus|2
|move|p1a: Reuniclus|Thunder|p2a: Iron Crown
|-damage|p2a: Iron Crown|49/100
|-status|p2a: Iron Crown|par
|
|upkeep
|turn|19
|
|t:|1758984525
|move|p2a: Iron Crown|Tachyon Cutter|p1a: Reuniclus
|-damage|p1a: Reuniclus|0 fnt
|faint|p1a: Reuniclus
|-hitcount|p1: Reuniclus|1
|
|win|indigknighted
|raw|AngusJan's rating: 1078 &rarr; <strong>1059</strong><br />(-19 for losing)
|raw|indigknighted's rating: 1116 &rarr; <strong>1138</strong><br />(+22 for winning)
|l|☆AngusJan
|player|p1|
|l|☆indigknighted
|player|p2|
