|j|☆Yell0w^_^Yoshi
|j|☆albaroth
|t:|1759055758
|gametype|singles
|player|p1|Yell0w^_^Yoshi|greta-gen3|1133
|player|p2|albaroth|ingo|1100
|gen|9
|tier|[Gen 9] OU
|rated|
|rule|HP Percentage Mod: HP is shown in percentages
|rule|Endless Battle Clause: Forcing endless battles is banned
|rule|Species Clause: Limit one of each Pokémon
|rule|OHKO Clause: OHKO moves are banned
|rule|Evasion Items Clause: Evasion items are banned
|rule|Evasion Moves Clause: Evasion moves are banned
|rule|Evasion Abilities Clause: Evasion abilities are banned
|rule|Sleep Moves Clause: Sleep-inducing moves are banned
|clearpoke
|poke|p1|Meganium, M|
|poke|p1|Mew|
|poke|p1|Masquerain, M|
|poke|p1|Great Tusk|
|poke|p1|Rotom-Wash|
|poke|p1|Cyclizar, F|
|poke|p2|Malamar, F|
|poke|p2|Enamorus, F|
|poke|p2|Corviknight, F|
|poke|p2|Cinderace, F|
|poke|p2|Keldeo|
|poke|p2|Dunsparce, F|
|teampreview
|inactive|Battle timer is ON: inactive players will automatically lose when time's up. (requested by albaroth)
|
|t:|1759055772
|teamsize|p1|6
|teamsize|p2|6
|start
|switch|p1a: Rotom|Rotom-Wash|100/100
|switch|p2a: Dunsparce|Dunsparce, F|100/100
|turn|1
|
|t:|1759055779
|move|p1a: Rotom|Volt Switch|p2a: Dunsparce
|-damage|p2a: Dunsparce|60/100
|
|t:|1759055795
|switch|p1a: Great Tusk|Great Tusk|100/100|[from] Volt Switch
|move|p2a: Dunsparce|Poison Jab|p1a: Great Tusk
|-resisted|p1a: Great Tusk
|-damage|p1a: Great Tusk|93/100
|-damage|p2a: Dunsparce|44/100|[from] item: Rocky Helmet|[of] p1a: Great Tusk
|
|-heal|p2a: Dunsparce|50/100|[from] item: Leftovers
|upkeep
|turn|2
|
|t:|1759055806
|move|p1a: Great Tusk|Rapid Spin|p2a: Dunsparce
|-damage|p2a: Dunsparce|31/100
|-boost|p1a: Great Tusk|spe|1
|move|p2a: Dunsparce|Poison Jab|p1a: Great Tusk
|-resisted|p1a: Great Tusk
|-damage|p1a: Great Tusk|86/100
|-status|p1a: Great Tusk|psn
|-damage|p2a: Dunsparce|14/100|[from] item: Rocky Helmet|[of] p1a: Great Tusk
|
|-heal|p2a: Dunsparce|21/100|[from] item: Leftovers
|-damage|p1a: Great Tusk|73/100 psn|[from] psn
|upkeep
|turn|3
|
|t:|1759055819
|move|p1a: Great Tusk|Ice Spinner|p2a: Dunsparce
|-damage|p2a: Dunsparce|0 fnt
|faint|p2a: Dunsparce
|
|-damage|p1a: Great Tusk|61/100 psn|[from] psn
|upkeep
|
|t:|1759055830
|switch|p2a: Keldeo|Keldeo|100/100
|turn|4
|
|t:|1759055836
|move|p1a: Great Tusk|Headlong Rush|p2a: Keldeo
|-damage|p2a: Keldeo|27/100
|-unboost|p1a: Great Tusk|def|1
|-unboost|p1a: Great Tusk|spd|1
|move|p2a: Keldeo|Surf|p1a: Great Tusk
|-supereffective|p1a: Great Tusk
|-damage|p1a: Great Tusk|0 fnt
|faint|p1a: Great Tusk
|-end|p1a: Great Tusk|Protosynthesis|[silent]
|
|upkeep
|
|t:|1759055852
|switch|p1a: Rotom|Rotom-Wash|100/100
|turn|5
|
|t:|1759055857
|switch|p2a: Cinderace|Cinderace, F|100/100
|move|p1a: Rotom|Volt Switch|p2a: Cinderace
|-damage|p2a: Cinderace|55/100
|
|t:|1759055874
|switch|p1a: Mew|Mew|100/100|[from] Volt Switch
|
|upkeep
|turn|6
|
|t:|1759055883
|move|p1a: Mew|Hydro Cannon|p2a: Cinderace
|-supereffective|p2a: Cinderace
|-damage|p2a: Cinderace|0 fnt
|-mustrecharge|p1a: Mew
|faint|p2a: Cinderace
|
|upkeep
|
|t:|1759055894
|switch|p2a: Malamar|Malamar, F, shiny|100/100
|turn|7
|
|t:|1759055897
|cant|p1a: Mew|recharge
|move|p2a: Malamar|Knock Off|p1a: Mew
|-supereffective|p1a: Mew
|-damage|p1a: Mew|14/100
|-enditem|p1a: Mew|Choice Scarf|[from] move: Knock Off|[of] p2a: Malamar
|
|upkeep
|turn|8
|
|t:|1759055913
|move|p1a: Mew|Blast Burn|p2a: Malamar|[miss]
|-miss|p1a: Mew|p2a: Malamar
|move|p2a: Malamar|Superpower|p1a: Mew
|-resisted|p1a: Mew
|-damage|p1a: Mew|0 fnt
|-boost|p2a: Malamar|atk|1
|-boost|p2a: Malamar|def|1
|faint|p1a: Mew
|
|upkeep
|inactive|Yell0w^_^Yoshi has 120 seconds left.
|
|t:|1759055934
|switch|p1a: Cyclizar|Cyclizar, F|100/100
|turn|9
|
|t:|1759055947
|move|p1a: Cyclizar|U-turn|p2a: Malamar
|-supereffective|p2a: Malamar
|-damage|p2a: Malamar|23/100
|-damage|p1a: Cyclizar|91/100|[from] item: Life Orb
|
|t:|1759055952
|switch|p1a: Masquerain|Masquerain, M|100/100|[from] U-turn
|-ability|p1a: Masquerain|Intimidate|boost
|-boost|p2a: Malamar|atk|1
|move|p2a: Malamar|Superpower|p1a: Masquerain
|-resisted|p1a: Masquerain
|-damage|p1a: Masquerain|69/100
|-boost|p2a: Malamar|atk|1
|-boost|p2a: Malamar|def|1
|
|upkeep
|turn|10
|
|t:|1759055971
|move|p1a: Masquerain|Bug Buzz|p2a: Malamar
|-supereffective|p2a: Malamar
|-damage|p2a: Malamar|0 fnt
|faint|p2a: Malamar
|
|upkeep
|
|t:|1759055978
|switch|p2a: Enamorus|Enamorus, F|100/100
|turn|11
|
|t:|1759055983
|move|p2a: Enamorus|Iron Head|p1a: Masquerain
|-damage|p1a: Masquerain|26/100
|cant|p1a: Masquerain|flinch
|
|upkeep
|turn|12
|
|t:|1759055990
|move|p2a: Enamorus|Iron Head|p1a: Masquerain
|-damage|p1a: Masquerain|0 fnt
|faint|p1a: Masquerain
|
|upkeep
|
|t:|1759055999
|switch|p1a: Rotom|Rotom-Wash|100/100
|turn|13
|
|t:|1759056014
|-terastallize|p2a: Enamorus|Fighting
|move|p2a: Enamorus|Superpower|p1a: Rotom
|-damage|p1a: Rotom|19/100
|-boost|p2a: Enamorus|atk|1
|-boost|p2a: Enamorus|def|1
|move|p1a: Rotom|Volt Switch|p2a: Enamorus
|-damage|p2a: Enamorus|60/100
|
|t:|1759056038
|switch|p1a: Meganium|Meganium, M|100/100|[from] Volt Switch
|
|upkeep
|turn|14
|
|t:|1759056045
|move|p2a: Enamorus|Superpower|p1a: Meganium
|-damage|p1a: Meganium|16/100
|-boost|p2a: Enamorus|atk|1
|-boost|p2a: Enamorus|def|1
|move|p1a: Meganium|Knock Off|p2a: Enamorus
|-resisted|p2a: Enamorus
|-damage|p2a: Enamorus|50/100
|-enditem|p2a: Enamorus|Heavy-Duty Boots|[from] move: Knock Off|[of] p1a: Meganium
|
|-heal|p1a: Meganium|22/100|[from] item: Leftovers
|upkeep
|turn|15
|
|t:|1759056073
|move|p2a: Enamorus|Superpower|p1a: Meganium
|-damage|p1a: Meganium|0 fnt
|-boost|p2a: Enamorus|atk|1
|-boost|p2a: Enamorus|def|1
|faint|p1a: Meganium
|
|upkeep
|
|t:|1759056076
|switch|p1a: Cyclizar|Cyclizar, F|100/100
|turn|16
|
|t:|1759056083
|-terastallize|p1a: Cyclizar|Dragon
|move|p1a: Cyclizar|Dragon Claw|p2a: Enamorus
|-damage|p2a: Enamorus|13/100
|-damage|p1a: Cyclizar|91/100|[from] item: Life Orb
|move|p2a: Enamorus|Superpower|p1a: Cyclizar
|-damage|p1a: Cyclizar|0 fnt
|-boost|p2a: Enamorus|atk|1
|-boost|p2a: Enamorus|def|1
|faint|p1a: Cyclizar
|
|upkeep
|-message|Yell0w^_^Yoshi forfeited.
|
|win|albaroth
|raw|Yell0w^_^Yoshi's rating: 1133 &rarr; <strong>1106</strong><br />(-27 for losing)
|raw|albaroth's rating: 1100 &rarr; <strong>1127</strong><br />(+27 for winning)
|l|☆Yell0w^_^Yoshi
|player|p1|
|l|☆albaroth
|player|p2|
