|j|☆Infirmum
|j|☆STIFAW
|t:|1759027120
|gametype|singles
|player|p1|Infirmum|roxie|1000
|player|p2|STIFAW|scientist-gen4dp|1000
|gen|9
|tier|[Gen 9] OU
|rated|
|rule|HP Percentage Mod: HP is shown in percentages
|rule|Endless Battle Clause: Forcing endless battles is banned
|rule|Species Clause: Limit one of each Pokémon
|rule|OHKO Clause: OHKO moves are banned
|rule|Evasion Items Clause: Evasion items are banned
|rule|Evasion Moves Clause: Evasion moves are banned
|rule|Evasion Abilities Clause: Evasion abilities are banned
|rule|Sleep Moves Clause: Sleep-inducing moves are banned
|clearpoke
|poke|p1|Kommo-o, M|
|poke|p1|Gholdengo|
|poke|p1|Ninetales-Alola, F|
|poke|p1|Hatterene, F|
|poke|p1|Zamazenta-*|
|poke|p1|Kingambit, M|
|poke|p2|Lokix, F|
|poke|p2|Skarmory, M|
|poke|p2|Sinistcha|
|poke|p2|Greninja-*, M|
|poke|p2|Excadrill, M|
|poke|p2|Tornadus-Therian, M|
|teampreview
|
|t:|1759027125
|teamsize|p1|6
|teamsize|p2|6
|start
|switch|p1a: Ninetales|Ninetales-Alola, F|100/100
|switch|p2a: Excadrill|Excadrill, M|100/100
|-weather|Snowscape|[from] ability: Snow Warning|[of] p1a: Ninetales
|-ability|p2a: Excadrill|Mold Breaker
|turn|1
|
|t:|1759027140
|move|p1a: Ninetales|Aurora Veil|p1a: Ninetales
|-sidestart|p1: Infirmum|move: Aurora Veil
|move|p2a: Excadrill|Stealth Rock|p1a: Ninetales
|-sidestart|p1: Infirmum|move: Stealth Rock
|
|-weather|Snowscape|[upkeep]
|upkeep
|turn|2
|
|t:|1759027156
|switch|p1a: Gholdengo|Gholdengo|100/100
|-damage|p1a: Gholdengo|94/100|[from] Stealth Rock
|switch|p2a: Greninja|Greninja, M|100/100
|
|-weather|Snowscape|[upkeep]
|upkeep
|turn|3
|inactive|Battle timer is ON: inactive players will automatically lose when time's up. (requested by STIFAW)
|
|t:|1759027192
|switch|p1a: Zamazenta|Zamazenta|100/100
|-damage|p1a: Zamazenta|94/100|[from] Stealth Rock
|-ability|p1a: Zamazenta|Dauntless Shield|boost
|-boost|p1a: Zamazenta|def|1
|move|p2a: Greninja|Dark Pulse|p1a: Zamazenta
|-start|p2a: Greninja|typechange|Dark|[from] ability: Protean
|-resisted|p1a: Zamazenta
|-damage|p1a: Zamazenta|81/100
|
|-weather|Snowscape|[upkeep]
|upkeep
|turn|4
|
|t:|1759027211
|switch|p2a: Skarmory|Skarmory, M|100/100
|move|p1a: Zamazenta|Stone Edge|p2a: Skarmory
|-damage|p2a: Skarmory|77/100
|-damage|p1a: Zamazenta|71/100|[from] item: Life Orb
|
|-weather|Snowscape|[upkeep]
|upkeep
|turn|5
|
|t:|1759027222
|move|p1a: Zamazenta|Close Combat|p2a: Skarmory
|-damage|p2a: Skarmory|33/100
|-unboost|p1a: Zamazenta|def|1
|-unboost|p1a: Zamazenta|spd|1
|-damage|p1a: Zamazenta|55/100|[from] item: Rocky Helmet|[of] p2a: Skarmory
|-damage|p1a: Zamazenta|45/100|[from] item: Life Orb
|move|p2a: Skarmory|Iron Defense|p2a: Skarmory
|-boost|p2a: Skarmory|def|2
|
|-weather|none
|upkeep
|turn|6
|
|t:|1759027234
|move|p1a: Zamazenta|Close Combat|p2a: Skarmory
|-damage|p2a: Skarmory|12/100
|-unboost|p1a: Zamazenta|def|1
|-unboost|p1a: Zamazenta|spd|1
|-damage|p1a: Zamazenta|28/100|[from] item: Rocky Helmet|[of] p2a: Skarmory
|-damage|p1a: Zamazenta|18/100|[from] item: Life Orb
|move|p2a: Skarmory|Roost|p2a: Skarmory
|-heal|p2a: Skarmory|62/100
|-singleturn|p2a: Skarmory|move: Roost
|
|upkeep
|turn|7
|
|t:|1759027248
|switch|p1a: Gholdengo|Gholdengo|94/100
|-damage|p1a: Gholdengo|88/100|[from] Stealth Rock
|move|p2a: Skarmory|Roost|p2a: Skarmory
|-heal|p2a: Skarmory|100/100
|-singleturn|p2a: Skarmory|move: Roost
|
|upkeep
|turn|8
|
|t:|1759027273
|switch|p2a: Greninja|Greninja, M|100/100
|move|p1a: Gholdengo|Nasty Plot|p1a: Gholdengo
|-boost|p1a: Gholdengo|spa|2
|
|-sideend|p1: Infirmum|move: Aurora Veil
|upkeep
|turn|9
|
|t:|1759027282
|move|p2a: Greninja|Dark Pulse|p1a: Gholdengo
|-start|p2a: Greninja|typechange|Dark|[from] ability: Protean
|-supereffective|p1a: Gholdengo
|-damage|p1a: Gholdengo|0 fnt
|faint|p1a: Gholdengo
|
|upkeep
|
|t:|1759027297
|switch|p1a: Kingambit|Kingambit, M|100/100
|-damage|p1a: Kingambit|94/100|[from] Stealth Rock
|-activate|p1a: Kingambit|ability: Supreme Overlord
|-start|p1a: Kingambit|fallen1|[silent]
|-item|p1a: Kingambit|Air Balloon
|turn|10
|
|t:|1759027308
|switch|p2a: Skarmory|Skarmory, M|100/100
|move|p1a: Kingambit|Swords Dance|p1a: Kingambit
|-boost|p1a: Kingambit|atk|2
|
|upkeep
|turn|11
|
|t:|1759027322
|-terastallize|p1a: Kingambit|Ghost
|move|p2a: Skarmory|Iron Defense|p2a: Skarmory
|-boost|p2a: Skarmory|def|2
|move|p1a: Kingambit|Kowtow Cleave|p2a: Skarmory
|-damage|p2a: Skarmory|69/100
|-damage|p1a: Kingambit|78/100|[from] item: Rocky Helmet|[of] p2a: Skarmory
|
|upkeep
|turn|12
|
|t:|1759027332
|move|p2a: Skarmory|Iron Defense|p2a: Skarmory
|-boost|p2a: Skarmory|def|2
|move|p1a: Kingambit|Swords Dance|p1a: Kingambit
|-boost|p1a: Kingambit|atk|2
|
|upkeep
|turn|13
|
|t:|1759027340
|move|p2a: Skarmory|Spikes|p1a: Kingambit
|-sidestart|p1: Infirmum|Spikes
|move|p1a: Kingambit|Swords Dance|p1a: Kingambit
|-boost|p1a: Kingambit|atk|2
|
|upkeep
|turn|14
|
|t:|1759027352
|move|p2a: Skarmory|Iron Defense|p2a: Skarmory
|-boost|p2a: Skarmory|def|2
|move|p1a: Kingambit|Iron Head|p2a: Skarmory
|-resisted|p2a: Skarmory
|-damage|p2a: Skarmory|55/100
|-damage|p1a: Kingambit|62/100|[from] item: Rocky Helmet|[of] p2a: Skarmory
|
|upkeep
|turn|15
|
|t:|1759027360
|move|p2a: Skarmory|Roost|p2a: Skarmory
|-heal|p2a: Skarmory|100/100
|-singleturn|p2a: Skarmory|move: Roost
|move|p1a: Kingambit|Kowtow Cleave|p2a: Skarmory
|-damage|p2a: Skarmory|68/100
|-damage|p1a: Kingambit|45/100|[from] item: Rocky Helmet|[of] p2a: Skarmory
|
|upkeep
|turn|16
|
|t:|1759027376
|-end|p1a: Kingambit|fallen1|[silent]
|switch|p1a: Kommo-o|Kommo-o, M|100/100
|-damage|p1a: Kommo-o|94/100|[from] Stealth Rock
|-damage|p1a: Kommo-o|82/100|[from] Spikes
|move|p2a: Skarmory|Spikes|p1a: Kommo-o
|-sidestart|p1: Infirmum|Spikes
|
|upkeep
|turn|17
|
|t:|1759027390
|move|p1a: Kommo-o|Flamethrower|p2a: Skarmory
|-supereffective|p2a: Skarmory
|-damage|p2a: Skarmory|0 fnt
|faint|p2a: Skarmory
|
|upkeep
|
|t:|1759027397
|switch|p2a: Greninja|Greninja, M|100/100
|turn|18
|
|t:|1759027414
|switch|p1a: Ninetales|Ninetales-Alola, F|100/100
|-damage|p1a: Ninetales|76/100|[from] Stealth Rock
|-damage|p1a: Ninetales|59/100|[from] Spikes
|-weather|Snowscape|[from] ability: Snow Warning|[of] p1a: Ninetales
|move|p2a: Greninja|Ice Beam|p1a: Ninetales
|-start|p2a: Greninja|typechange|Ice|[from] ability: Protean
|-resisted|p1a: Ninetales
|-damage|p1a: Ninetales|26/100
|
|-weather|Snowscape|[upkeep]
|upkeep
|turn|19
|
|t:|1759027429
|move|p2a: Greninja|Ice Beam|p1a: Ninetales
|-resisted|p1a: Ninetales
|-damage|p1a: Ninetales|0 fnt
|faint|p1a: Ninetales
|
|-weather|Snowscape|[upkeep]
|upkeep
|
|t:|1759027437
|switch|p1a: Zamazenta|Zamazenta|18/100
|-damage|p1a: Zamazenta|12/100|[from] Stealth Rock
|-damage|p1a: Zamazenta|0 fnt|[from] Spikes
|faint|p1a: Zamazenta
|
|t:|1759027444
|switch|p1a: Hatterene|Hatterene, F|100/100
|-damage|p1a: Hatterene|88/100|[from] Stealth Rock
|-damage|p1a: Hatterene|72/100|[from] Spikes
|turn|20
|
|t:|1759027452
|switch|p2a: Excadrill|Excadrill, M|100/100
|-ability|p2a: Excadrill|Mold Breaker
|move|p1a: Hatterene|Draining Kiss|p2a: Excadrill
|-resisted|p2a: Excadrill
|-damage|p2a: Excadrill|86/100
|-heal|p1a: Hatterene|84/100|[from] drain|[of] p2a: Excadrill
|
|-weather|Snowscape|[upkeep]
|upkeep
|turn|21
|
|t:|1759027462
|switch|p1a: Kommo-o|Kommo-o, M|82/100
|-damage|p1a: Kommo-o|76/100|[from] Stealth Rock
|-damage|p1a: Kommo-o|59/100|[from] Spikes
|move|p2a: Excadrill|Iron Head|p1a: Kommo-o
|-damage|p1a: Kommo-o|17/100
|
|-weather|Snowscape|[upkeep]
|upkeep
|turn|22
|-message|Infirmum forfeited.
|
|win|STIFAW
|raw|Infirmum's rating: 1000 &rarr; <strong>1000</strong><br />(+0 for losing)
|raw|STIFAW's rating: 1000 &rarr; <strong>1040</strong><br />(+40 for winning)
|l|☆Infirmum
|player|p1|
|n|☆STIFAW|stifaw
