|j|☆maziati
|j|☆geyuuuu
|t:|1758941367
|gametype|singles
|player|p1|maziati|leaf-gen3|1068
|player|p2|geyuuuu|266|1040
|gen|9
|tier|[Gen 9] OU
|rated|
|rule|HP Percentage Mod: HP is shown in percentages
|rule|Endless Battle Clause: Forcing endless battles is banned
|rule|Species Clause: Limit one of each Pokémon
|rule|OHKO Clause: OHKO moves are banned
|rule|Evasion Items Clause: Evasion items are banned
|rule|Evasion Moves Clause: Evasion moves are banned
|rule|Evasion Abilities Clause: Evasion abilities are banned
|rule|Sleep Moves Clause: Sleep-inducing moves are banned
|clearpoke
|poke|p1|Arcanine-Hisui, F|
|poke|p1|Flareon, F|
|poke|p1|Weavile, F|
|poke|p1|Espeon, F|
|poke|p1|Torkoal, F|
|poke|p1|Lilligant-Hisui, F|
|poke|p2|Registeel|
|poke|p2|Scizor, F|
|poke|p2|Iron Moth|
|poke|p2|Clodsire, M|
|poke|p2|Great Tusk|
|poke|p2|Ogerpon-Wellspring, F|
|teampreview
|inactive|Battle timer is ON: inactive players will automatically lose when time's up. (requested by geyuuuu)
|
|t:|1758941401
|teamsize|p1|6
|teamsize|p2|6
|start
|switch|p1a: Flareon|Flareon, F|100/100
|switch|p2a: Scizor|Scizor, F|100/100
|turn|1
|
|t:|1758941416
|switch|p2a: Great Tusk|Great Tusk|100/100
|move|p1a: Flareon|Flare Blitz|p2a: Great Tusk
|-damage|p2a: Great Tusk|56/100
|-damage|p1a: Flareon|81/100|[from] Recoil
|
|-heal|p1a: Flareon|86/100|[from] item: Leftovers
|upkeep
|turn|2
|
|t:|1758941441
|-terastallize|p1a: Flareon|Grass
|move|p2a: Great Tusk|Headlong Rush|p1a: Flareon
|-resisted|p1a: Flareon
|-damage|p1a: Flareon|24/100
|-unboost|p2a: Great Tusk|def|1
|-unboost|p2a: Great Tusk|spd|1
|move|p1a: Flareon|Tera Blast|p2a: Great Tusk|[anim] Tera Blast Grass
|-supereffective|p2a: Great Tusk
|-damage|p2a: Great Tusk|0 fnt
|faint|p2a: Great Tusk
|-end|p2a: Great Tusk|Protosynthesis|[silent]
|
|-heal|p1a: Flareon|30/100|[from] item: Leftovers
|upkeep
|
|t:|1758941457
|switch|p2a: Iron Moth|Iron Moth|100/100
|-enditem|p2a: Iron Moth|Booster Energy
|-activate|p2a: Iron Moth|ability: Quark Drive|[fromitem]
|-start|p2a: Iron Moth|quarkdrivespa
|turn|3
|
|t:|1758941467
|move|p1a: Flareon|Protect|p1a: Flareon
|-singleturn|p1a: Flareon|Protect
|move|p2a: Iron Moth|Fiery Dance|p1a: Flareon
|-activate|p1a: Flareon|move: Protect
|
|-heal|p1a: Flareon|36/100|[from] item: Leftovers
|upkeep
|turn|4
|inactive|maziati has 120 seconds left.
|
|t:|1758941497
|move|p2a: Iron Moth|Fiery Dance|p1a: Flareon
|-start|p1a: Flareon|ability: Flash Fire
|move|p1a: Flareon|Flare Blitz|p2a: Iron Moth
|-resisted|p2a: Iron Moth
|-damage|p2a: Iron Moth|17/100
|-damage|p1a: Flareon|5/100|[from] Recoil
|
|-heal|p1a: Flareon|11/100|[from] item: Leftovers
|upkeep
|turn|5
|inactive|maziati has 120 seconds left.
|-message|geyuuuu forfeited.
|
|win|maziati
|raw|maziati's rating: 1068 &rarr; <strong>1095</strong><br />(+27 for winning)
|raw|geyuuuu's rating: 1040 &rarr; <strong>1025</strong><br />(-15 for losing)
|l|☆geyuuuu
|player|p2|
