|j|☆ay cheu
|j|☆Palm X
|t:|1758941154
|gametype|singles
|player|p1|ay cheu|riley|1645
|player|p2|Palm X|caitlin|1506
|gen|9
|tier|[Gen 9] OU
|rated|
|rule|HP Percentage Mod: HP is shown in percentages
|rule|Endless Battle Clause: Forcing endless battles is banned
|rule|Species Clause: Limit one of each Pokémon
|rule|OHKO Clause: OHKO moves are banned
|rule|Evasion Items Clause: Evasion items are banned
|rule|Evasion Moves Clause: Evasion moves are banned
|rule|Evasion Abilities Clause: Evasion abilities are banned
|rule|Sleep Moves Clause: Sleep-inducing moves are banned
|clearpoke
|poke|p1|Arcanine-Hisui, M|
|poke|p1|Metagross|
|poke|p1|Sandy Shocks|
|poke|p1|Zapdos-Galar|
|poke|p1|Suicune|
|poke|p1|Frosmoth, F|
|poke|p2|Samurott-Hisui, F|
|poke|p2|Pecharunt|
|poke|p2|Great Tusk|
|poke|p2|Iron Crown|
|poke|p2|Iron Valiant|
|poke|p2|Dragonite, F|
|teampreview
|inactive|Battle timer is ON: inactive players will automatically lose when time's up. (requested by Palm X)
|
|t:|1758941168
|teamsize|p1|6
|teamsize|p2|6
|start
|switch|p1a: 隼|Zapdos-Galar|100/100
|switch|p2a: Habibi|Samurott-Hisui, F|100/100
|turn|1
|
|t:|1758941178
|move|p1a: 隼|U-turn|p2a: Habibi
|-supereffective|p2a: Habibi
|-damage|p2a: Habibi|34/100
|
|t:|1758941182
|switch|p1a: 力拔山兮|Metagross, shiny|100/100|[from] U-turn
|move|p2a: Habibi|Ceaseless Edge|p1a: 力拔山兮
|-supereffective|p1a: 力拔山兮
|-damage|p1a: 力拔山兮|46/100
|-damage|p2a: Habibi|18/100|[from] item: Rocky Helmet|[of] p1a: 力拔山兮
|-sidestart|p1: ay cheu|Spikes
|
|upkeep
|turn|2
|
|t:|1758941192
|-terastallize|p1a: 力拔山兮|Fighting
|move|p2a: Habibi|Ceaseless Edge|p1a: 力拔山兮|[miss]
|-miss|p2a: Habibi|p1a: 力拔山兮
|move|p1a: 力拔山兮|Stealth Rock|p2a: Habibi
|-sidestart|p2: Palm X|move: Stealth Rock
|
|upkeep
|turn|3
|
|t:|1758941197
|move|p2a: Habibi|Ceaseless Edge|p1a: 力拔山兮
|-resisted|p1a: 力拔山兮
|-damage|p1a: 力拔山兮|32/100
|-damage|p2a: Habibi|1/100|[from] item: Rocky Helmet|[of] p1a: 力拔山兮
|-sidestart|p1: ay cheu|Spikes
|move|p1a: 力拔山兮|Body Press|p2a: Habibi
|-supereffective|p2a: Habibi
|-damage|p2a: Habibi|0 fnt
|faint|p2a: Habibi
|
|upkeep
|
|t:|1758941204
|switch|p2a: Coaltbalion|Iron Crown|100/100
|-damage|p2a: Coaltbalion|94/100|[from] Stealth Rock
|turn|4
|
|t:|1758941212
|switch|p1a: 扑火|Frosmoth, F, shiny|100/100
|move|p2a: Coaltbalion|Psychic Noise|p1a: 扑火
|-damage|p1a: 扑火|88/100
|-start|p1a: 扑火|move: Heal Block
|
|upkeep
|turn|5
|
|t:|1758941217
|move|p2a: Coaltbalion|Tachyon Cutter|p1a: 扑火
|-supereffective|p1a: 扑火
|-damage|p1a: 扑火|71/100
|-supereffective|p1a: 扑火
|-damage|p1a: 扑火|53/100
|-hitcount|p1a: 扑火|2
|move|p1a: 扑火|Defog|p2a: Coaltbalion
|-unboost|p2a: Coaltbalion|evasion|1
|-sideend|p2: Palm X|Stealth Rock|[from] move: Defog|[of] p1a: 扑火
|-sideend|p1: ay cheu|Spikes|[from] move: Defog|[of] p1a: 扑火
|
|-end|p1a: 扑火|move: Heal Block
|upkeep
|turn|6
|
|t:|1758941223
|move|p2a: Coaltbalion|Volt Switch|p1a: 扑火
|-damage|p1a: 扑火|45/100
|
|t:|1758941226
|-end|p2a: Coaltbalion|Quark Drive|[silent]
|switch|p2a: NoDominicanPapi|Pecharunt|100/100|[from] Volt Switch
|move|p1a: 扑火|U-turn|p2a: NoDominicanPapi
|-resisted|p2a: NoDominicanPapi
|-damage|p2a: NoDominicanPapi|99/100
|-damage|p1a: 扑火|28/100|[from] item: Rocky Helmet|[of] p2a: NoDominicanPapi
|
|t:|1758941229
|switch|p1a: Sandy Shocks|Sandy Shocks|100/100|[from] U-turn
|
|upkeep
|turn|7
|
|t:|1758941233
|move|p1a: Sandy Shocks|Volt Switch|p2a: NoDominicanPapi
|-damage|p2a: NoDominicanPapi|54/100
|-damage|p1a: Sandy Shocks|91/100|[from] item: Life Orb
|
|t:|1758941237
|-end|p1a: Sandy Shocks|Protosynthesis|[silent]
|switch|p1a: 灰灰|Arcanine-Hisui, M|100/100|[from] Volt Switch
|move|p2a: NoDominicanPapi|Parting Shot|p1a: 灰灰
|-unboost|p1a: 灰灰|atk|1
|-unboost|p1a: 灰灰|spa|1
|
|t:|1758941247
|switch|p2a: SlimeGetEm'|Great Tusk|100/100|[from] Parting Shot
|
|upkeep
|turn|8
|
|t:|1758941250
|move|p1a: 灰灰|Will-O-Wisp|p2a: SlimeGetEm'
|-status|p2a: SlimeGetEm'|brn
|move|p2a: SlimeGetEm'|Rapid Spin|p1a: 灰灰
|-resisted|p1a: 灰灰
|-damage|p1a: 灰灰|96/100
|-boost|p2a: SlimeGetEm'|spe|1
|
|-damage|p2a: SlimeGetEm'|94/100 brn|[from] brn
|upkeep
|turn|9
|
|t:|1758941256
|switch|p1a: 君君|Suicune|100/100
|-ability|p1a: 君君|Pressure
|move|p2a: SlimeGetEm'|Bulk Up|p2a: SlimeGetEm'
|-boost|p2a: SlimeGetEm'|atk|1
|-boost|p2a: SlimeGetEm'|def|1
|
|-heal|p2a: SlimeGetEm'|100/100 brn|[from] item: Leftovers
|-damage|p2a: SlimeGetEm'|94/100 brn|[from] brn
|upkeep
|turn|10
|
|t:|1758941260
|-end|p2a: SlimeGetEm'|Protosynthesis|[silent]
|switch|p2a: NoDominicanPapi|Pecharunt|54/100
|move|p1a: 君君|Scald|p2a: NoDominicanPapi
|-damage|p2a: NoDominicanPapi|32/100
|
|upkeep
|turn|11
|
|t:|1758941263
|move|p2a: NoDominicanPapi|Recover|p2a: NoDominicanPapi
|-heal|p2a: NoDominicanPapi|82/100
|move|p1a: 君君|Substitute|p1a: 君君
|-start|p1a: 君君|Substitute
|-damage|p1a: 君君|75/100
|
|-heal|p1a: 君君|82/100|[from] item: Leftovers
|upkeep
|turn|12
|
|t:|1758941266
|move|p2a: NoDominicanPapi|Parting Shot|p1a: 君君
|-unboost|p1a: 君君|atk|1
|-unboost|p1a: 君君|spa|1
|
|t:|1758941269
|switch|p2a: Coaltbalion|Iron Crown|94/100|[from] Parting Shot
|move|p1a: 君君|Calm Mind|p1a: 君君
|-boost|p1a: 君君|spa|1
|-boost|p1a: 君君|spd|1
|
|-heal|p1a: 君君|88/100|[from] item: Leftovers
|upkeep
|turn|13
|
|t:|1758941272
|move|p2a: Coaltbalion|Volt Switch|p1a: 君君
|-supereffective|p1a: 君君
|-activate|p1a: 君君|move: Substitute|[damage]
|
|t:|1758941276
|-end|p2a: Coaltbalion|Quark Drive|[silent]
|switch|p2a: NoDominicanPapi|Pecharunt|82/100|[from] Volt Switch
|move|p1a: 君君|Calm Mind|p1a: 君君
|-boost|p1a: 君君|spa|1
|-boost|p1a: 君君|spd|1
|
|-heal|p1a: 君君|94/100|[from] item: Leftovers
|upkeep
|turn|14
|
|t:|1758941285
|move|p2a: NoDominicanPapi|Parting Shot|p1a: 君君
|-unboost|p1a: 君君|atk|1
|-unboost|p1a: 君君|spa|1
|
|t:|1758941289
|switch|p2a: Coaltbalion|Iron Crown|94/100|[from] Parting Shot
|move|p1a: 君君|Calm Mind|p1a: 君君
|-boost|p1a: 君君|spa|1
|-boost|p1a: 君君|spd|1
|
|-heal|p1a: 君君|99/100|[from] item: Leftovers
|upkeep
|turn|15
|
|t:|1758941292
|move|p2a: Coaltbalion|Volt Switch|p1a: 君君
|-supereffective|p1a: 君君
|-end|p1a: 君君|Substitute
|
|t:|1758941295
|-end|p2a: Coaltbalion|Quark Drive|[silent]
|switch|p2a: NoDominicanPapi|Pecharunt|82/100|[from] Volt Switch
|move|p1a: 君君|Calm Mind|p1a: 君君
|-boost|p1a: 君君|spa|1
|-boost|p1a: 君君|spd|1
|
|-heal|p1a: 君君|100/100|[from] item: Leftovers
|upkeep
|turn|16
|
|t:|1758941298
|move|p2a: NoDominicanPapi|Parting Shot|p1a: 君君
|-unboost|p1a: 君君|atk|1
|-unboost|p1a: 君君|spa|1
|
|t:|1758941301
|switch|p2a: Coaltbalion|Iron Crown|94/100|[from] Parting Shot
|move|p1a: 君君|Substitute|p1a: 君君
|-start|p1a: 君君|Substitute
|-damage|p1a: 君君|75/100
|
|-heal|p1a: 君君|82/100|[from] item: Leftovers
|upkeep
|turn|17
|
|t:|1758941310
|move|p2a: Coaltbalion|Future Sight|p1a: 君君
|-start|p2a: Coaltbalion|move: Future Sight
|move|p1a: 君君|Calm Mind|p1a: 君君
|-boost|p1a: 君君|spa|1
|-boost|p1a: 君君|spd|1
|
|-heal|p1a: 君君|88/100|[from] item: Leftovers
|upkeep
|turn|18
|
|t:|1758941313
|move|p2a: Coaltbalion|Volt Switch|p1a: 君君
|-supereffective|p1a: 君君
|-activate|p1a: 君君|move: Substitute|[damage]
|
|t:|1758941315
|-end|p2a: Coaltbalion|Quark Drive|[silent]
|switch|p2a: NoDominicanPapi|Pecharunt|82/100|[from] Volt Switch
|move|p1a: 君君|Calm Mind|p1a: 君君
|-boost|p1a: 君君|spa|1
|-boost|p1a: 君君|spd|1
|
|-heal|p1a: 君君|94/100|[from] item: Leftovers
|upkeep
|turn|19
|
|t:|1758941320
|move|p2a: NoDominicanPapi|Parting Shot|p1a: 君君
|-unboost|p1a: 君君|atk|1
|-unboost|p1a: 君君|spa|1
|
|t:|1758941331
|switch|p2a: Coaltbalion|Iron Crown|94/100|[from] Parting Shot
|move|p1a: 君君|Substitute|p1a: 君君
|-fail|p1a: 君君|move: Substitute
|
|-end|p1a: 君君|move: Future Sight
|-activate|p1a: 君君|move: Substitute|[damage]
|-heal|p1a: 君君|99/100|[from] item: Leftovers
|upkeep
|turn|20
|
|t:|1758941335
|move|p2a: Coaltbalion|Volt Switch|p1a: 君君
|-supereffective|p1a: 君君
|-end|p1a: 君君|Substitute
|
|t:|1758941339
|-end|p2a: Coaltbalion|Quark Drive|[silent]
|switch|p2a: SlimeGetEm'|Great Tusk|94/100 brn|[from] Volt Switch
|move|p1a: 君君|Calm Mind|p1a: 君君
|-boost|p1a: 君君|spa|1
|-boost|p1a: 君君|spd|0
|
|-heal|p2a: SlimeGetEm'|100/100 brn|[from] item: Leftovers
|-heal|p1a: 君君|100/100|[from] item: Leftovers
|-damage|p2a: SlimeGetEm'|94/100 brn|[from] brn
|upkeep
|turn|21
|
|t:|1758941347
|move|p2a: SlimeGetEm'|Headlong Rush|p1a: 君君
|-damage|p1a: 君君|86/100
|-unboost|p2a: SlimeGetEm'|def|1
|-unboost|p2a: SlimeGetEm'|spd|1
|move|p1a: 君君|Substitute|p1a: 君君
|-start|p1a: 君君|Substitute
|-damage|p1a: 君君|61/100
|
|-heal|p2a: SlimeGetEm'|100/100 brn|[from] item: Leftovers
|-heal|p1a: 君君|68/100|[from] item: Leftovers
|-damage|p2a: SlimeGetEm'|94/100 brn|[from] brn
|upkeep
|turn|22
|
|t:|1758941351
|move|p2a: SlimeGetEm'|Bulk Up|p2a: SlimeGetEm'
|-boost|p2a: SlimeGetEm'|atk|1
|-boost|p2a: SlimeGetEm'|def|1
|move|p1a: 君君|Scald|p2a: SlimeGetEm'
|-supereffective|p2a: SlimeGetEm'
|-damage|p2a: SlimeGetEm'|0 fnt
|faint|p2a: SlimeGetEm'
|-end|p2a: SlimeGetEm'|Protosynthesis|[silent]
|
|-heal|p1a: 君君|74/100|[from] item: Leftovers
|upkeep
|
|t:|1758941355
|switch|p2a: NoDominicanPapi|Pecharunt|82/100
|turn|23
|
|t:|1758941358
|move|p2a: NoDominicanPapi|Parting Shot|p1a: 君君
|-unboost|p1a: 君君|atk|1
|-unboost|p1a: 君君|spa|1
|
|t:|1758941361
|switch|p2a: Coaltbalion|Iron Crown|94/100|[from] Parting Shot
|move|p1a: 君君|Scald|p2a: Coaltbalion
|-damage|p2a: Coaltbalion|67/100
|
|-heal|p1a: 君君|80/100|[from] item: Leftovers
|upkeep
|turn|24
|
|t:|1758941369
|move|p2a: Coaltbalion|Volt Switch|p1a: 君君
|-supereffective|p1a: 君君
|-activate|p1a: 君君|move: Substitute|[damage]
|
|t:|1758941372
|-end|p2a: Coaltbalion|Quark Drive|[silent]
|switch|p2a: NoDominicanPapi|Pecharunt|82/100|[from] Volt Switch
|move|p1a: 君君|Calm Mind|p1a: 君君
|-boost|p1a: 君君|spa|1
|-boost|p1a: 君君|spd|0
|
|-heal|p1a: 君君|86/100|[from] item: Leftovers
|upkeep
|turn|25
|
|t:|1758941376
|move|p2a: NoDominicanPapi|Parting Shot|p1a: 君君
|-unboost|p1a: 君君|atk|1
|-unboost|p1a: 君君|spa|1
|
|t:|1758941379
|switch|p2a: Coaltbalion|Iron Crown|67/100|[from] Parting Shot
|move|p1a: 君君|Calm Mind|p1a: 君君
|-boost|p1a: 君君|spa|1
|-boost|p1a: 君君|spd|0
|
|-heal|p1a: 君君|92/100|[from] item: Leftovers
|upkeep
|turn|26
|
|t:|1758941383
|move|p2a: Coaltbalion|Volt Switch|p1a: 君君
|-supereffective|p1a: 君君
|-activate|p1a: 君君|move: Substitute|[damage]
|
|t:|1758941385
|-end|p2a: Coaltbalion|Quark Drive|[silent]
|switch|p2a: NoDominicanPapi|Pecharunt|82/100|[from] Volt Switch
|move|p1a: 君君|Scald|p2a: NoDominicanPapi
|-damage|p2a: NoDominicanPapi|28/100
|
|-heal|p1a: 君君|99/100|[from] item: Leftovers
|upkeep
|turn|27
|
|t:|1758941392
|move|p2a: NoDominicanPapi|Recover|p2a: NoDominicanPapi
|-heal|p2a: NoDominicanPapi|78/100
|move|p1a: 君君|Scald|p2a: NoDominicanPapi
|-damage|p2a: NoDominicanPapi|22/100
|
|-heal|p1a: 君君|100/100|[from] item: Leftovers
|upkeep
|turn|28
|
|t:|1758941395
|move|p2a: NoDominicanPapi|Parting Shot|p1a: 君君
|-unboost|p1a: 君君|atk|0
|-unboost|p1a: 君君|spa|1
|
|t:|1758941397
|switch|p2a: Coaltbalion|Iron Crown|67/100|[from] Parting Shot
|move|p1a: 君君|Scald|p2a: Coaltbalion
|-damage|p2a: Coaltbalion|40/100
|-status|p2a: Coaltbalion|brn
|
|-damage|p2a: Coaltbalion|34/100 brn|[from] brn
|upkeep
|turn|29
|
|t:|1758941401
|move|p2a: Coaltbalion|Volt Switch|p1a: 君君
|-supereffective|p1a: 君君
|-activate|p1a: 君君|move: Substitute|[damage]
|
|t:|1758941409
|-end|p2a: Coaltbalion|Quark Drive|[silent]
|switch|p2a: Cap. Tin America|Iron Valiant|100/100|[from] Volt Switch
|move|p1a: 君君|Calm Mind|p1a: 君君
|-boost|p1a: 君君|spa|1
|-boost|p1a: 君君|spd|0
|
|upkeep
|turn|30
|
|t:|1758941413
|move|p2a: Cap. Tin America|Thunderbolt|p1a: 君君
|-supereffective|p1a: 君君
|-crit|p1a: 君君
|-end|p1a: 君君|Substitute
|move|p1a: 君君|Scald|p2a: Cap. Tin America
|-damage|p2a: Cap. Tin America|0 fnt
|faint|p2a: Cap. Tin America
|-end|p2a: Cap. Tin America|Quark Drive|[silent]
|
|upkeep
|
|t:|1758941415
|switch|p2a: OMG A WOMAN|Dragonite, F|100/100
|turn|31
|
|t:|1758941418
|move|p2a: OMG A WOMAN|Dragon Dance|p2a: OMG A WOMAN
|-boost|p2a: OMG A WOMAN|atk|1
|-boost|p2a: OMG A WOMAN|spe|1
|move|p1a: 君君|Scald|p2a: OMG A WOMAN
|-resisted|p2a: OMG A WOMAN
|-damage|p2a: OMG A WOMAN|87/100
|-status|p2a: OMG A WOMAN|brn
|
|-damage|p2a: OMG A WOMAN|81/100 brn|[from] brn
|upkeep
|turn|32
|
|t:|1758941423
|move|p2a: OMG A WOMAN|Dragon Dance|p2a: OMG A WOMAN
|-boost|p2a: OMG A WOMAN|atk|1
|-boost|p2a: OMG A WOMAN|spe|1
|move|p1a: 君君|Scald|p2a: OMG A WOMAN
|-resisted|p2a: OMG A WOMAN
|-damage|p2a: OMG A WOMAN|53/100 brn
|
|-damage|p2a: OMG A WOMAN|47/100 brn|[from] brn
|upkeep
|turn|33
|
|t:|1758941425
|move|p2a: OMG A WOMAN|Roost|p2a: OMG A WOMAN
|-heal|p2a: OMG A WOMAN|97/100 brn
|-singleturn|p2a: OMG A WOMAN|move: Roost
|move|p1a: 君君|Air Slash|p2a: OMG A WOMAN
|-crit|p2a: OMG A WOMAN
|-damage|p2a: OMG A WOMAN|46/100 brn
|
|-damage|p2a: OMG A WOMAN|40/100 brn|[from] brn
|upkeep
|turn|34
|
|t:|1758941430
|move|p2a: OMG A WOMAN|Roost|p2a: OMG A WOMAN
|-heal|p2a: OMG A WOMAN|90/100 brn
|-singleturn|p2a: OMG A WOMAN|move: Roost
|move|p1a: 君君|Air Slash|p2a: OMG A WOMAN|[miss]
|-miss|p1a: 君君|p2a: OMG A WOMAN
|
|-damage|p2a: OMG A WOMAN|84/100 brn|[from] brn
|upkeep
|turn|35
|
|t:|1758941435
|move|p2a: OMG A WOMAN|Dragon Dance|p2a: OMG A WOMAN
|-boost|p2a: OMG A WOMAN|atk|1
|-boost|p2a: OMG A WOMAN|spe|1
|move|p1a: 君君|Air Slash|p2a: OMG A WOMAN
|-damage|p2a: OMG A WOMAN|45/100 brn
|
|-damage|p2a: OMG A WOMAN|39/100 brn|[from] brn
|upkeep
|turn|36
|
|t:|1758941441
|move|p2a: OMG A WOMAN|Roost|p2a: OMG A WOMAN
|-heal|p2a: OMG A WOMAN|89/100 brn
|-singleturn|p2a: OMG A WOMAN|move: Roost
|move|p1a: 君君|Air Slash|p2a: OMG A WOMAN
|-damage|p2a: OMG A WOMAN|54/100 brn
|
|-damage|p2a: OMG A WOMAN|48/100 brn|[from] brn
|upkeep
|turn|37
|
|t:|1758941444
|move|p2a: OMG A WOMAN|Roost|p2a: OMG A WOMAN
|-heal|p2a: OMG A WOMAN|98/100 brn
|-singleturn|p2a: OMG A WOMAN|move: Roost
|move|p1a: 君君|Air Slash|p2a: OMG A WOMAN
|-damage|p2a: OMG A WOMAN|61/100 brn
|
|-damage|p2a: OMG A WOMAN|55/100 brn|[from] brn
|upkeep
|turn|38
|
|t:|1758941447
|move|p2a: OMG A WOMAN|Dragon Dance|p2a: OMG A WOMAN
|-boost|p2a: OMG A WOMAN|atk|1
|-boost|p2a: OMG A WOMAN|spe|1
|move|p1a: 君君|Air Slash|p2a: OMG A WOMAN
|-damage|p2a: OMG A WOMAN|18/100 brn
|
|-damage|p2a: OMG A WOMAN|12/100 brn|[from] brn
|upkeep
|turn|39
|
|t:|1758941450
|move|p2a: OMG A WOMAN|Roost|p2a: OMG A WOMAN
|-heal|p2a: OMG A WOMAN|62/100 brn
|-singleturn|p2a: OMG A WOMAN|move: Roost
|move|p1a: 君君|Air Slash|p2a: OMG A WOMAN
|-damage|p2a: OMG A WOMAN|23/100 brn
|
|-damage|p2a: OMG A WOMAN|17/100 brn|[from] brn
|upkeep
|turn|40
|
|t:|1758941457
|move|p2a: OMG A WOMAN|Roost|p2a: OMG A WOMAN
|-heal|p2a: OMG A WOMAN|67/100 brn
|-singleturn|p2a: OMG A WOMAN|move: Roost
|move|p1a: 君君|Air Slash|p2a: OMG A WOMAN
|-damage|p2a: OMG A WOMAN|33/100 brn
|
|-damage|p2a: OMG A WOMAN|27/100 brn|[from] brn
|upkeep
|turn|41
|
|t:|1758941460
|move|p2a: OMG A WOMAN|Roost|p2a: OMG A WOMAN
|-heal|p2a: OMG A WOMAN|77/100 brn
|-singleturn|p2a: OMG A WOMAN|move: Roost
|move|p1a: 君君|Air Slash|p2a: OMG A WOMAN
|-damage|p2a: OMG A WOMAN|40/100 brn
|
|-damage|p2a: OMG A WOMAN|34/100 brn|[from] brn
|upkeep
|turn|42
|
|t:|1758941463
|move|p2a: OMG A WOMAN|Roost|p2a: OMG A WOMAN
|-heal|p2a: OMG A WOMAN|84/100 brn
|-singleturn|p2a: OMG A WOMAN|move: Roost
|move|p1a: 君君|Air Slash|p2a: OMG A WOMAN
|-damage|p2a: OMG A WOMAN|50/100 brn
|
|-damage|p2a: OMG A WOMAN|44/100 brn|[from] brn
|upkeep
|turn|43
|
|t:|1758941466
|-terastallize|p2a: OMG A WOMAN|Flying
|move|p2a: OMG A WOMAN|Tera Blast|p1a: 君君|[anim] Tera Blast Flying
|-damage|p1a: 君君|54/100
|move|p1a: 君君|Air Slash|p2a: OMG A WOMAN
|-damage|p2a: OMG A WOMAN|11/100 brn
|
|-heal|p1a: 君君|60/100|[from] item: Leftovers
|-damage|p2a: OMG A WOMAN|5/100 brn|[from] brn
|upkeep
|turn|44
|
|t:|1758941470
|move|p2a: OMG A WOMAN|Tera Blast|p1a: 君君|[anim] Tera Blast Flying
|-damage|p1a: 君君|18/100
|move|p1a: 君君|Air Slash|p2a: OMG A WOMAN
|-damage|p2a: OMG A WOMAN|0 fnt
|faint|p2a: OMG A WOMAN
|
|-heal|p1a: 君君|24/100|[from] item: Leftovers
|upkeep
|-message|Palm X forfeited.
|
|win|ay cheu
|raw|ay cheu's rating: 1645 &rarr; <strong>1657</strong><br />(+12 for winning)
|raw|Palm X's rating: 1506 &rarr; <strong>1494</strong><br />(-12 for losing)
|l|☆Palm X
|player|p2|
