|j|☆meruem97
|j|☆Killerox101
|t:|1758943894
|gametype|singles
|player|p1|meruem97|plasmagrunt-gen5bw|1111
|player|p2|Killerox101|hilbert-wonderlauncher|1105
|gen|9
|tier|[Gen 9] OU
|rated|
|rule|HP Percentage Mod: HP is shown in percentages
|rule|Endless Battle Clause: Forcing endless battles is banned
|rule|Species Clause: Limit one of each Pokémon
|rule|OHKO Clause: OHKO moves are banned
|rule|Evasion Items Clause: Evasion items are banned
|rule|Evasion Moves Clause: Evasion moves are banned
|rule|Evasion Abilities Clause: Evasion abilities are banned
|rule|Sleep Moves Clause: Sleep-inducing moves are banned
|clearpoke
|poke|p1|Hitmonchan, M|
|poke|p1|Scizor, M|
|poke|p1|Feraligatr, M|
|poke|p1|Charizard, M|
|poke|p1|Moltres-Galar|
|poke|p1|Garchomp, F|
|poke|p2|Snorlax, M|
|poke|p2|Ditto|
|poke|p2|Greninja-*, M|
|poke|p2|Dragalge, M|
|poke|p2|Blaziken, M|
|poke|p2|Clefable, F|
|teampreview
|inactive|Battle timer is ON: inactive players will automatically lose when time's up. (requested by meruem97)
|
|t:|1758943912
|teamsize|p1|6
|teamsize|p2|6
|start
|switch|p1a: Garchomp|Garchomp, F|100/100
|switch|p2a: Greninja|Greninja, M, shiny|100/100
|turn|1
|
|t:|1758943923
|move|p2a: Greninja|Ice Beam|p1a: Garchomp
|-start|p2a: Greninja|typechange|Ice|[from] ability: Protean
|-supereffective|p1a: Garchomp
|-crit|p1a: Garchomp
|-damage|p1a: Garchomp|0 fnt
|faint|p1a: Garchomp
|
|upkeep
|
|t:|1758943926
|switch|p1a: Hitmonchan|Hitmonchan, M|100/100
|turn|2
|
|t:|1758943935
|switch|p2a: Clefable|Clefable, F|100/100
|move|p1a: Hitmonchan|Knock Off|p2a: Clefable
|-resisted|p2a: Clefable
|-damage|p2a: Clefable|85/100
|-enditem|p2a: Clefable|Leftovers|[from] move: Knock Off|[of] p1a: Hitmonchan
|
|upkeep
|turn|3
|
|t:|1758943940
|switch|p1a: Scizor|Scizor, M, shiny|100/100
|move|p2a: Clefable|Thunder Wave|p1a: Scizor
|-status|p1a: Scizor|par
|
|upkeep
|turn|4
|
|t:|1758943955
|switch|p2a: Ditto|Ditto, shiny|100/100
|-transform|p2a: Ditto|p1a: Scizor|[from] ability: Imposter
|move|p1a: Scizor|Swords Dance|p1a: Scizor
|-boost|p1a: Scizor|atk|2
|
|upkeep
|turn|5
|-activate|p2a: Ditto|item: Quick Claw
|
|t:|1758943969
|move|p2a: Ditto|Knock Off|p1a: Scizor
|-damage|p1a: Scizor|58/100 par
|-enditem|p1a: Scizor|Life Orb|[from] move: Knock Off|[of] p2a: Ditto
|cant|p1a: Scizor|par
|
|upkeep
|turn|6
|
|t:|1758943978
|move|p2a: Ditto|Swords Dance|p2a: Ditto
|-boost|p2a: Ditto|atk|2
|move|p1a: Scizor|Knock Off|p2a: Ditto
|-damage|p2a: Ditto|0 fnt
|-enditem|p2a: Ditto|Quick Claw|[from] move: Knock Off|[of] p1a: Scizor
|faint|p2a: Ditto
|
|upkeep
|
|t:|1758944001
|switch|p2a: Blaziken|Blaziken, M, shiny|100/100
|turn|7
|
|t:|1758944006
|move|p1a: Scizor|Bullet Punch|p2a: Blaziken
|-resisted|p2a: Blaziken
|-damage|p2a: Blaziken|45/100
|move|p2a: Blaziken|Swords Dance|p2a: Blaziken
|-boost|p2a: Blaziken|atk|2
|
|-ability|p2a: Blaziken|Speed Boost|boost
|-boost|p2a: Blaziken|spe|1
|upkeep
|turn|8
|
|t:|1758944016
|move|p1a: Scizor|Bullet Punch|p2a: Blaziken
|-resisted|p2a: Blaziken
|-damage|p2a: Blaziken|0 fnt
|faint|p2a: Blaziken
|
|upkeep
|
|t:|1758944020
|switch|p2a: Snorlax|Snorlax, M, shiny|100/100
|turn|9
|
|t:|1758944026
|move|p1a: Scizor|Bug Bite|p2a: Snorlax
|-damage|p2a: Snorlax|28/100
|move|p2a: Snorlax|Stockpile|p2a: Snorlax
|-start|p2a: Snorlax|stockpile1
|-boost|p2a: Snorlax|def|1
|-boost|p2a: Snorlax|spd|1
|
|-heal|p2a: Snorlax|34/100|[from] item: Leftovers
|upkeep
|turn|10
|
|t:|1758944037
|cant|p1a: Scizor|par
|move|p2a: Snorlax|Earthquake|p1a: Scizor
|-damage|p1a: Scizor|30/100 par
|
|-heal|p2a: Snorlax|40/100|[from] item: Leftovers
|upkeep
|turn|11
|
|t:|1758944043
|move|p1a: Scizor|Bug Bite|p2a: Snorlax
|-damage|p2a: Snorlax|0 fnt
|faint|p2a: Snorlax
|
|upkeep
|
|t:|1758944046
|switch|p2a: Dragalge|Dragalge, M|100/100
|turn|12
|
|t:|1758944048
|move|p1a: Scizor|Bullet Punch|p2a: Dragalge
|-damage|p2a: Dragalge|23/100
|move|p2a: Dragalge|Scald|p1a: Scizor
|-damage|p1a: Scizor|4/100 par
|
|-heal|p2a: Dragalge|29/100|[from] item: Leftovers
|upkeep
|turn|13
|
|t:|1758944051
|move|p1a: Scizor|Bullet Punch|p2a: Dragalge
|-damage|p2a: Dragalge|0 fnt
|faint|p2a: Dragalge
|
|upkeep
|
|t:|1758944053
|switch|p2a: Greninja|Greninja, M, shiny|100/100
|turn|14
|
|t:|1758944056
|cant|p1a: Scizor|par
|move|p2a: Greninja|Surf|p1a: Scizor
|-start|p2a: Greninja|typechange|Water|[from] ability: Protean
|-damage|p1a: Scizor|0 fnt
|faint|p1a: Scizor
|
|upkeep
|
|t:|1758944060
|switch|p1a: Feraligatr|Feraligatr, M, shiny|100/100
|turn|15
|
|t:|1758944067
|switch|p2a: Clefable|Clefable, F|85/100
|move|p1a: Feraligatr|Dragon Dance|p1a: Feraligatr
|-boost|p1a: Feraligatr|atk|1
|-boost|p1a: Feraligatr|spe|1
|
|upkeep
|turn|16
|
|t:|1758944069
|move|p1a: Feraligatr|Liquidation|p2a: Clefable
|-damage|p2a: Clefable|18/100
|move|p2a: Clefable|Thunder Wave|p1a: Feraligatr
|-status|p1a: Feraligatr|par
|
|upkeep
|turn|17
|
|t:|1758944077
|move|p1a: Feraligatr|Liquidation|p2a: Clefable
|-damage|p2a: Clefable|0 fnt
|faint|p2a: Clefable
|
|upkeep
|
|t:|1758944079
|switch|p2a: Greninja|Greninja, M, shiny|100/100
|turn|18
|
|t:|1758944087
|move|p2a: Greninja|Surf|p1a: Feraligatr
|-start|p2a: Greninja|typechange|Water|[from] ability: Protean
|-resisted|p1a: Feraligatr
|-damage|p1a: Feraligatr|72/100 par
|move|p1a: Feraligatr|Rock Slide|p2a: Greninja
|-damage|p2a: Greninja|2/100
|
|upkeep
|turn|19
|
|t:|1758944095
|move|p2a: Greninja|Dark Pulse|p1a: Feraligatr
|-damage|p1a: Feraligatr|37/100 par
|move|p1a: Feraligatr|Liquidation|p2a: Greninja
|-resisted|p2a: Greninja
|-damage|p2a: Greninja|0 fnt
|faint|p2a: Greninja
|
|win|meruem97
|raw|meruem97's rating: 1111 &rarr; <strong>1136</strong><br />(+25 for winning)
|raw|Killerox101's rating: 1105 &rarr; <strong>1080</strong><br />(-25 for losing)
|l|☆Killerox101
|player|p2|
|l|☆meruem97
|player|p1|
