|j|☆cfyre
|j|☆popemaxxing
|t:|1758974828
|gametype|singles
|player|p1|cfyre|170|1110
|player|p2|popemaxxing|101|1104
|gen|9
|tier|[Gen 9] OU
|rated|
|rule|HP Percentage Mod: HP is shown in percentages
|rule|Endless Battle Clause: Forcing endless battles is banned
|rule|Species Clause: Limit one of each Pokémon
|rule|OHKO Clause: OHKO moves are banned
|rule|Evasion Items Clause: Evasion items are banned
|rule|Evasion Moves Clause: Evasion moves are banned
|rule|Evasion Abilities Clause: Evasion abilities are banned
|rule|Sleep Moves Clause: Sleep-inducing moves are banned
|clearpoke
|poke|p1|Kyurem|
|poke|p1|Primarina, F|
|poke|p1|Slowking-Galar, F|
|poke|p1|Coalossal, F|
|poke|p1|Murkrow, M|
|poke|p1|Meowscarada, F|
|poke|p2|Tyranitar, F|
|poke|p2|Excadrill, F|
|poke|p2|Tornadus-Therian, M|
|poke|p2|Tinkaton, F|
|poke|p2|Sinistcha|
|poke|p2|Ogerpon-Cornerstone, F|
|teampreview
|inactive|Battle timer is ON: inactive players will automatically lose when time's up. (requested by popemaxxing)
|
|t:|1758974840
|teamsize|p1|6
|teamsize|p2|6
|start
|switch|p1a: Chemical hazard|Slowking-Galar, F|100/100
|switch|p2a: En|Excadrill, F, shiny|100/100
|-item|p2a: En|Air Balloon
|turn|1
|
|t:|1758974849
|move|p2a: En|Swords Dance|p2a: En
|-boost|p2a: En|atk|2
|move|p1a: Chemical hazard|Toxic Spikes|p2a: En
|-sidestart|p2: popemaxxing|move: Toxic Spikes
|
|upkeep
|turn|2
|
|t:|1758974855
|move|p2a: En|Rapid Spin|p1a: Chemical hazard
|-damage|p1a: Chemical hazard|61/100
|-boost|p2a: En|spe|1
|-sideend|p2: popemaxxing|Toxic Spikes|[from] move: Rapid Spin|[of] p2a: En
|-prepare|p1a: Chemical hazard|Chilly Reception|[premajor]
|move|p1a: Chemical hazard|Chilly Reception|p1a: Chemical hazard
|-weather|Snowscape
|
|t:|1758974865
|switch|p1a: Hat guy|Murkrow, M|100/100|[from] Chilly Reception
|
|-weather|Snowscape|[upkeep]
|upkeep
|turn|3
|
|t:|1758974874
|move|p1a: Hat guy|Haze|p1a: Hat guy
|-clearallboost
|move|p2a: En|Iron Head|p1a: Hat guy
|-damage|p1a: Hat guy|25/100
|
|-weather|Snowscape|[upkeep]
|upkeep
|turn|4
|
|t:|1758974884
|move|p1a: Hat guy|Foul Play|p2a: En
|-damage|p2a: En|26/100
|-enditem|p2a: En|Air Balloon
|move|p2a: En|Rapid Spin|p1a: Hat guy
|-damage|p1a: Hat guy|0 fnt
|-boost|p2a: En|spe|1
|faint|p1a: Hat guy
|
|-weather|Snowscape|[upkeep]
|upkeep
|
|t:|1758974895
|switch|p1a: Chilly guy|Kyurem, shiny|100/100
|-ability|p1a: Chilly guy|Pressure
|turn|5
|
|t:|1758974900
|move|p2a: En|Iron Head|p1a: Chilly guy
|-supereffective|p1a: Chilly guy
|-damage|p1a: Chilly guy|29/100
|move|p1a: Chilly guy|Icicle Spear|p2a: En
|-damage|p2a: En|5/100
|-damage|p2a: En|0 fnt
|faint|p2a: En
|-hitcount|p2: En|2
|
|-weather|Snowscape|[upkeep]
|upkeep
|
|t:|1758974909
|switch|p2a: Ogerpon|Ogerpon-Cornerstone, F|100/100
|turn|6
|
|t:|1758974917
|move|p2a: Ogerpon|Knock Off|p1a: Chilly guy
|-damage|p1a: Chilly guy|4/100
|-enditem|p1a: Chilly guy|Loaded Dice|[from] move: Knock Off|[of] p2a: Ogerpon
|move|p1a: Chilly guy|Icicle Spear|p2a: Ogerpon
|-supereffective|p2a: Ogerpon
|-damage|p2a: Ogerpon|62/100
|-supereffective|p2a: Ogerpon
|-damage|p2a: Ogerpon|25/100
|-hitcount|p2a: Ogerpon|2
|
|-weather|Snowscape|[upkeep]
|upkeep
|turn|7
|
|t:|1758974939
|move|p2a: Ogerpon|U-turn|p1a: Chilly guy
|-damage|p1a: Chilly guy|0 fnt
|faint|p1a: Chilly guy
|
|t:|1758974942
|switch|p2a: Tinkaton|Tinkaton, F, shiny|100/100|[from] U-turn
|-item|p2a: Tinkaton|Air Balloon
|
|-weather|Snowscape|[upkeep]
|upkeep
|inactive|cfyre has 120 seconds left.
|
|t:|1758974978
|switch|p1a: Coalossal|Coalossal, F, shiny|100/100
|turn|8
|
|t:|1758974991
|move|p2a: Tinkaton|Stealth Rock|p1a: Coalossal
|-sidestart|p1: cfyre|move: Stealth Rock
|move|p1a: Coalossal|Iron Defense|p1a: Coalossal
|-boost|p1a: Coalossal|def|2
|
|-weather|Snowscape|[upkeep]
|upkeep
|turn|9
|c|☆popemaxxing|gg
|
|t:|1758974997
|move|p2a: Tinkaton|Encore|p1a: Coalossal
|-start|p1a: Coalossal|Encore
|move|p1a: Coalossal|Iron Defense|p1a: Coalossal
|-boost|p1a: Coalossal|def|2
|
|-weather|none
|upkeep
|turn|10
|
|t:|1758975006
|move|p2a: Tinkaton|Gigaton Hammer|p1a: Coalossal
|-damage|p1a: Coalossal|90/100
|move|p1a: Coalossal|Iron Defense|p1a: Coalossal
|-boost|p1a: Coalossal|def|2
|
|-heal|p1a: Coalossal|96/100|[from] item: Leftovers
|upkeep
|turn|11
|inactive|cfyre has 120 seconds left.
|
|t:|1758975015
|move|p2a: Tinkaton|Stealth Rock||[still]
|-fail|p2a: Tinkaton
|move|p1a: Coalossal|Iron Defense|p1a: Coalossal
|-boost|p1a: Coalossal|def|0
|
|-heal|p1a: Coalossal|100/100|[from] item: Leftovers
|-end|p1a: Coalossal|Encore
|upkeep
|turn|12
|
|t:|1758975024
|move|p2a: Tinkaton|Encore|p1a: Coalossal
|-start|p1a: Coalossal|Encore
|move|p1a: Coalossal|Iron Defense|p1a: Coalossal
|-boost|p1a: Coalossal|def|0
|
|upkeep
|turn|13
|
|t:|1758975031
|move|p2a: Tinkaton|Stealth Rock||[still]
|-fail|p2a: Tinkaton
|move|p1a: Coalossal|Iron Defense|p1a: Coalossal
|-boost|p1a: Coalossal|def|0
|
|upkeep
|turn|14
|
|t:|1758975036
|move|p2a: Tinkaton|Stealth Rock||[still]
|-fail|p2a: Tinkaton
|move|p1a: Coalossal|Iron Defense|p1a: Coalossal
|-boost|p1a: Coalossal|def|0
|
|-end|p1a: Coalossal|Encore
|upkeep
|turn|15
|
|t:|1758975045
|move|p2a: Tinkaton|Encore|p1a: Coalossal
|-start|p1a: Coalossal|Encore
|move|p1a: Coalossal|Iron Defense|p1a: Coalossal
|-boost|p1a: Coalossal|def|0
|
|upkeep
|turn|16
|
|t:|1758975051
|move|p2a: Tinkaton|Stealth Rock||[still]
|-fail|p2a: Tinkaton
|move|p1a: Coalossal|Iron Defense|p1a: Coalossal
|-boost|p1a: Coalossal|def|0
|
|upkeep
|turn|17
|
|t:|1758975057
|move|p2a: Tinkaton|Stealth Rock||[still]
|-fail|p2a: Tinkaton
|move|p1a: Coalossal|Iron Defense|p1a: Coalossal
|-boost|p1a: Coalossal|def|0
|
|-end|p1a: Coalossal|Encore
|upkeep
|turn|18
|
|t:|1758975065
|move|p2a: Tinkaton|Encore|p1a: Coalossal
|-start|p1a: Coalossal|Encore
|move|p1a: Coalossal|Iron Defense|p1a: Coalossal
|-boost|p1a: Coalossal|def|0
|
|upkeep
|turn|19
|
|t:|1758975071
|move|p2a: Tinkaton|Stealth Rock||[still]
|-fail|p2a: Tinkaton
|move|p1a: Coalossal|Iron Defense|p1a: Coalossal
|-boost|p1a: Coalossal|def|0
|
|upkeep
|turn|20
|
|t:|1758975077
|move|p2a: Tinkaton|Stealth Rock||[still]
|-fail|p2a: Tinkaton
|move|p1a: Coalossal|Iron Defense|p1a: Coalossal
|-boost|p1a: Coalossal|def|0
|
|-end|p1a: Coalossal|Encore
|upkeep
|turn|21
|
|t:|1758975086
|move|p2a: Tinkaton|Encore|p1a: Coalossal
|-start|p1a: Coalossal|Encore
|move|p1a: Coalossal|Iron Defense|p1a: Coalossal
|-boost|p1a: Coalossal|def|0
|
|upkeep
|turn|22
|
|t:|1758975092
|move|p2a: Tinkaton|Stealth Rock||[still]
|-fail|p2a: Tinkaton
|move|p1a: Coalossal|Iron Defense|p1a: Coalossal
|-boost|p1a: Coalossal|def|0
|
|upkeep
|turn|23
|
|t:|1758975098
|move|p2a: Tinkaton|Stealth Rock||[still]
|-fail|p2a: Tinkaton
|move|p1a: Coalossal|Iron Defense|p1a: Coalossal
|-boost|p1a: Coalossal|def|0
|
|-end|p1a: Coalossal|Encore
|upkeep
|turn|24
|
|t:|1758975106
|move|p2a: Tinkaton|Encore|p1a: Coalossal
|-start|p1a: Coalossal|Encore
|move|p1a: Coalossal|Iron Defense|p1a: Coalossal
|-boost|p1a: Coalossal|def|0
|
|upkeep
|turn|25
|
|t:|1758975112
|move|p2a: Tinkaton|Stealth Rock||[still]
|-fail|p2a: Tinkaton
|move|p1a: Coalossal|Iron Defense|p1a: Coalossal
|-boost|p1a: Coalossal|def|0
|
|upkeep
|turn|26
|
|t:|1758975118
|move|p2a: Tinkaton|Stealth Rock||[still]
|-fail|p2a: Tinkaton
|move|p1a: Coalossal|Iron Defense|p1a: Coalossal
|-boost|p1a: Coalossal|def|0
|
|-end|p1a: Coalossal|Encore
|upkeep
|turn|27
|
|t:|1758975125
|move|p2a: Tinkaton|Encore|p1a: Coalossal
|-start|p1a: Coalossal|Encore
|move|p1a: Coalossal|Iron Defense|p1a: Coalossal
|-boost|p1a: Coalossal|def|0
|
|upkeep
|turn|28
|
|t:|1758975131
|move|p2a: Tinkaton|Stealth Rock||[still]
|-fail|p2a: Tinkaton
|move|p1a: Coalossal|Iron Defense|p1a: Coalossal
|-boost|p1a: Coalossal|def|0
|
|upkeep
|turn|29
|
|t:|1758975137
|move|p2a: Tinkaton|Stealth Rock||[still]
|-fail|p2a: Tinkaton
|move|p1a: Coalossal|Iron Defense|p1a: Coalossal
|-boost|p1a: Coalossal|def|0
|
|-end|p1a: Coalossal|Encore
|upkeep
|turn|30
|
|t:|1758975145
|move|p2a: Tinkaton|Encore|p1a: Coalossal
|-start|p1a: Coalossal|Encore
|move|p1a: Coalossal|Iron Defense|p1a: Coalossal
|-boost|p1a: Coalossal|def|0
|
|upkeep
|turn|31
|
|t:|1758975173
|move|p2a: Tinkaton|Gigaton Hammer|p1a: Coalossal
|-damage|p1a: Coalossal|92/100
|move|p1a: Coalossal|Iron Defense|p1a: Coalossal
|-boost|p1a: Coalossal|def|0
|
|-heal|p1a: Coalossal|99/100|[from] item: Leftovers
|-end|p1a: Coalossal|Encore
|upkeep
|turn|32
|
|t:|1758975183
|move|p2a: Tinkaton|Ice Hammer|p1a: Coalossal
|-resisted|p1a: Coalossal
|-damage|p1a: Coalossal|97/100
|-unboost|p2a: Tinkaton|spe|1
|move|p1a: Coalossal|Body Press|p2a: Tinkaton
|-damage|p2a: Tinkaton|0 fnt
|-enditem|p2a: Tinkaton|Air Balloon
|faint|p2a: Tinkaton
|
|-heal|p1a: Coalossal|100/100|[from] item: Leftovers
|upkeep
|
|t:|1758975194
|switch|p2a: Sinistcha|Sinistcha, shiny|100/100
|turn|33
|inactive|cfyre has 120 seconds left.
|
|t:|1758975235
|move|p2a: Sinistcha|Calm Mind|p2a: Sinistcha
|-boost|p2a: Sinistcha|spa|1
|-boost|p2a: Sinistcha|spd|1
|move|p1a: Coalossal|Earthquake|p2a: Sinistcha
|-resisted|p2a: Sinistcha
|-crit|p2a: Sinistcha
|-damage|p2a: Sinistcha|91/100
|
|-heal|p2a: Sinistcha|97/100|[from] item: Leftovers
|upkeep
|turn|34
|
|t:|1758975260
|switch|p1a: Meowscarada|Meowscarada, F, shiny|100/100
|move|p2a: Sinistcha|Calm Mind|p2a: Sinistcha
|-boost|p2a: Sinistcha|spa|1
|-boost|p2a: Sinistcha|spd|1
|
|-heal|p2a: Sinistcha|100/100|[from] item: Leftovers
|upkeep
|turn|35
|inactive|cfyre has 90 seconds left.
|inactive|popemaxxing has 120 seconds left.
|
|t:|1758975290
|switch|p2a: Atter|Tyranitar, F, shiny|100/100
|-weather|Sandstorm|[from] ability: Sand Stream|[of] p2a: Atter
|move|p1a: Meowscarada|Thunder Punch|p2a: Atter
|-damage|p2a: Atter|79/100
|
|-weather|Sandstorm|[upkeep]
|-damage|p1a: Meowscarada|94/100|[from] Sandstorm
|upkeep
|turn|36
|
|t:|1758975300
|move|p1a: Meowscarada|Flower Trick|p2a: Atter
|-supereffective|p2a: Atter
|-crit|p2a: Atter
|-damage|p2a: Atter|0 fnt
|faint|p2a: Atter
|
|-weather|Sandstorm|[upkeep]
|-damage|p1a: Meowscarada|88/100|[from] Sandstorm
|upkeep
|
|t:|1758975305
|switch|p2a: Konge|Tornadus-Therian, M, shiny|100/100
|turn|37
|
|t:|1758975314
|move|p1a: Meowscarada|Thunder Punch|p2a: Konge
|-supereffective|p2a: Konge
|-damage|p2a: Konge|31/100
|move|p2a: Konge|Bleakwind Storm|p1a: Meowscarada
|-supereffective|p1a: Meowscarada
|-damage|p1a: Meowscarada|0 fnt
|faint|p1a: Meowscarada
|
|-weather|Sandstorm|[upkeep]
|-damage|p2a: Konge|25/100|[from] Sandstorm
|upkeep
|inactive|cfyre has 90 seconds left.
|
|t:|1758975327
|switch|p1a: Coalossal|Coalossal, F, shiny|100/100
|-damage|p1a: Coalossal|76/100|[from] Stealth Rock
|turn|38
|
|t:|1758975332
|move|p2a: Konge|Bleakwind Storm|p1a: Coalossal|[miss]
|-miss|p2a: Konge|p1a: Coalossal
|move|p1a: Coalossal|Body Press|p2a: Konge
|-resisted|p2a: Konge
|-damage|p2a: Konge|5/100
|
|-weather|Sandstorm|[upkeep]
|-damage|p2a: Konge|0 fnt|[from] Sandstorm
|faint|p2a: Konge
|-heal|p1a: Coalossal|82/100|[from] item: Leftovers
|upkeep
|
|t:|1758975341
|switch|p2a: Ogerpon|Ogerpon-Cornerstone, F|25/100
|turn|39
|
|t:|1758975347
|move|p2a: Ogerpon|Knock Off|p1a: Coalossal
|-damage|p1a: Coalossal|61/100
|-enditem|p1a: Coalossal|Leftovers|[from] move: Knock Off|[of] p2a: Ogerpon
|move|p1a: Coalossal|Body Press|p2a: Ogerpon
|-supereffective|p2a: Ogerpon
|-damage|p2a: Ogerpon|0 fnt
|faint|p2a: Ogerpon
|
|-weather|none
|upkeep
|
|t:|1758975351
|switch|p2a: Sinistcha|Sinistcha, shiny|100/100
|turn|40
|inactive|cfyre has 120 seconds left.
|
|t:|1758975360
|move|p2a: Sinistcha|Calm Mind|p2a: Sinistcha
|-boost|p2a: Sinistcha|spa|1
|-boost|p2a: Sinistcha|spd|1
|move|p1a: Coalossal|Earthquake|p2a: Sinistcha
|-resisted|p2a: Sinistcha
|-damage|p2a: Sinistcha|94/100
|
|-heal|p2a: Sinistcha|99/100|[from] item: Leftovers
|upkeep
|turn|41
|inactive|cfyre has 120 seconds left.
|
|t:|1758975375
|switch|p1a: Siren|Primarina, F, shiny|100/100
|-damage|p1a: Siren|88/100|[from] Stealth Rock
|move|p2a: Sinistcha|Calm Mind|p2a: Sinistcha
|-boost|p2a: Sinistcha|spa|1
|-boost|p2a: Sinistcha|spd|1
|
|-heal|p2a: Sinistcha|100/100|[from] item: Leftovers
|upkeep
|turn|42
|inactive|cfyre has 120 seconds left.
|
|t:|1758975389
|-terastallize|p1a: Siren|Fairy
|move|p2a: Sinistcha|Strength Sap|p1a: Siren
|-unboost|p1a: Siren|atk|1
|move|p1a: Siren|Draining Kiss|p2a: Sinistcha
|-damage|p2a: Sinistcha|64/100
|-heal|p1a: Siren|100/100|[from] drain|[of] p2a: Sinistcha
|-damage|p1a: Siren|91/100|[from] item: Life Orb
|
|-heal|p2a: Sinistcha|70/100|[from] item: Leftovers
|upkeep
|turn|43
|inactive|cfyre has 120 seconds left.
|
|t:|1758975410
|move|p2a: Sinistcha|Calm Mind|p2a: Sinistcha
|-boost|p2a: Sinistcha|spa|1
|-boost|p2a: Sinistcha|spd|1
|move|p1a: Siren|Draining Kiss|p2a: Sinistcha
|-damage|p2a: Sinistcha|42/100
|-heal|p1a: Siren|100/100|[from] drain|[of] p2a: Sinistcha
|-damage|p1a: Siren|91/100|[from] item: Life Orb
|
|-heal|p2a: Sinistcha|48/100|[from] item: Leftovers
|upkeep
|turn|44
|
|t:|1758975421
|move|p2a: Sinistcha|Strength Sap|p1a: Siren
|-unboost|p1a: Siren|atk|1
|-heal|p2a: Sinistcha|80/100
|move|p1a: Siren|Draining Kiss|p2a: Sinistcha
|-damage|p2a: Sinistcha|52/100
|-heal|p1a: Siren|100/100|[from] drain|[of] p2a: Sinistcha
|-damage|p1a: Siren|91/100|[from] item: Life Orb
|
|-heal|p2a: Sinistcha|58/100|[from] item: Leftovers
|upkeep
|turn|45
|
|t:|1758975434
|move|p2a: Sinistcha|Shadow Ball|p1a: Siren
|-damage|p1a: Siren|19/100
|-unboost|p1a: Siren|spd|1
|move|p1a: Siren|Draining Kiss|p2a: Sinistcha
|-damage|p2a: Sinistcha|30/100
|-heal|p1a: Siren|39/100|[from] drain|[of] p2a: Sinistcha
|-damage|p1a: Siren|29/100|[from] item: Life Orb
|
|-heal|p2a: Sinistcha|36/100|[from] item: Leftovers
|upkeep
|turn|46
|
|t:|1758975446
|move|p2a: Sinistcha|Strength Sap|p1a: Siren
|-unboost|p1a: Siren|atk|1
|-heal|p2a: Sinistcha|60/100
|move|p1a: Siren|Draining Kiss|p2a: Sinistcha
|-damage|p2a: Sinistcha|35/100
|-heal|p1a: Siren|48/100|[from] drain|[of] p2a: Sinistcha
|-damage|p1a: Siren|38/100|[from] item: Life Orb
|
|-heal|p2a: Sinistcha|41/100|[from] item: Leftovers
|upkeep
|turn|47
|
|t:|1758975458
|move|p2a: Sinistcha|Shadow Ball|p1a: Siren
|-damage|p1a: Siren|0 fnt
|faint|p1a: Siren
|
|-heal|p2a: Sinistcha|47/100|[from] item: Leftovers
|upkeep
|
|t:|1758975465
|switch|p1a: Chemical hazard|Slowking-Galar, F|95/100
|-damage|p1a: Chemical hazard|82/100|[from] Stealth Rock
|turn|48
|
|t:|1758975471
|move|p2a: Sinistcha|Shadow Ball|p1a: Chemical hazard
|-supereffective|p1a: Chemical hazard
|-damage|p1a: Chemical hazard|0 fnt
|faint|p1a: Chemical hazard
|
|-heal|p2a: Sinistcha|53/100|[from] item: Leftovers
|upkeep
|
|t:|1758975479
|switch|p1a: Coalossal|Coalossal, F, shiny|61/100
|-damage|p1a: Coalossal|36/100|[from] Stealth Rock
|turn|49
|
|t:|1758975486
|move|p2a: Sinistcha|Shadow Ball|p1a: Coalossal
|-damage|p1a: Coalossal|0 fnt
|faint|p1a: Coalossal
|
|win|popemaxxing
|raw|cfyre's rating: 1110 &rarr; <strong>1085</strong><br />(-25 for losing)
|raw|popemaxxing's rating: 1104 &rarr; <strong>1129</strong><br />(+25 for winning)
|l|☆popemaxxing
|player|p2|
|l|☆cfyre
|player|p1|
