|badge|p1|bronze|gen9ou|100-6
|html|<div class="broadcast-red"><strong>This battle is required to be public due to one or more player having a season medal.</strong><br />During the public phase, you can discuss the state of the ladder <a href="/seasondiscussion">in a special chatroom.</a></div>
|uhtml|medal-msg|<div class="broadcast-blue">Curious what those medals under the avatar are? PS now has Ladder Seasons! For more information, check out the <a href="https://www.smogon.com/forums/threads/3740067/">thread on Smogon.</a></div>
|badge|p2|bronze|gen9ou|100-6
|badge|p2|silver|gen9uu|30-6
|badge|p2|bronze|gen9ru|100-6
|uhtml|medal-msg|<div class="broadcast-blue">Curious what those medals under the avatar are? PS now has Ladder Seasons! For more information, check out the <a href="https://www.smogon.com/forums/threads/3740067/">thread on Smogon.</a></div>
|raw|<div class="broadcast-blue"><strong>This battle is required to be public due to a player having a name starting with 'medal'.</div>
|j|☆LT124 SPEEDRUNNING
|j|☆cold.exe
|t:|1758988085
|gametype|singles
|player|p1|LT124 SPEEDRUNNING|hiker-gen4|1815
|player|p2|cold.exe|flannery|1883
|gen|9
|tier|[Gen 9] OU
|rated|
|rule|HP Percentage Mod: HP is shown in percentages
|rule|Endless Battle Clause: Forcing endless battles is banned
|rule|Species Clause: Limit one of each Pokémon
|rule|OHKO Clause: OHKO moves are banned
|rule|Evasion Items Clause: Evasion items are banned
|rule|Evasion Moves Clause: Evasion moves are banned
|rule|Evasion Abilities Clause: Evasion abilities are banned
|rule|Sleep Moves Clause: Sleep-inducing moves are banned
|clearpoke
|poke|p1|Heatran, M|
|poke|p1|Tornadus-Therian, M|
|poke|p1|Weavile, M|
|poke|p1|Great Tusk|
|poke|p1|Ogerpon-Wellspring, F|
|poke|p1|Pecharunt|
|poke|p2|Ogerpon-Wellspring, F|
|poke|p2|Corviknight, F|
|poke|p2|Cinderace, M|
|poke|p2|Landorus-Therian, M|
|poke|p2|Zamazenta-*|
|poke|p2|Zapdos|
|teampreview
|inactive|Battle timer is ON: inactive players will automatically lose when time's up. (requested by cold.exe)
|j| wgw2333
|inactive|cold.exe has 120 seconds left.
|
|t:|1758988136
|teamsize|p1|6
|teamsize|p2|6
|start
|switch|p1a: Heatran|Heatran, M|100/100
|switch|p2a: Cinderace|Cinderace, M|100/100
|turn|1
|
|t:|1758988157
|move|p2a: Cinderace|U-turn|p1a: Heatran
|-resisted|p1a: Heatran
|-damage|p1a: Heatran|96/100
|j| yrmpa
|
|t:|1758988163
|switch|p2a: Landorus|Landorus-Therian, M|100/100|[from] U-turn
|-ability|p2a: Landorus|Intimidate|boost
|-unboost|p1a: Heatran|atk|1
|move|p1a: Heatran|Magma Storm|p2a: Landorus
|-damage|p2a: Landorus|68/100
|-activate|p2a: Landorus|move: Magma Storm|[of] p1a: Heatran
|
|-heal|p2a: Landorus|74/100|[from] item: Leftovers
|-heal|p1a: Heatran|100/100|[from] item: Leftovers
|-damage|p2a: Landorus|62/100|[from] move: Magma Storm|[partiallytrapped]
|upkeep
|turn|2
|j| cryyysneasel
|
|t:|1758988173
|switch|p1a: Great Tusk|Great Tusk|100/100
|move|p2a: Landorus|Earthquake|p1a: Great Tusk
|-damage|p1a: Great Tusk|73/100
|
|-heal|p1a: Great Tusk|79/100|[from] item: Leftovers
|-heal|p2a: Landorus|68/100|[from] item: Leftovers
|-end|p2a: Landorus|Magma Storm|[partiallytrapped]|[silent]
|upkeep
|turn|3
|
|t:|1758988190
|switch|p2a: Ogerpon|Ogerpon-Wellspring, F|100/100
|move|p1a: Great Tusk|Stealth Rock|p2a: Ogerpon
|-sidestart|p2: cold.exe|move: Stealth Rock
|
|-heal|p1a: Great Tusk|85/100|[from] item: Leftovers
|upkeep
|turn|4
|inactive|LT124 SPEEDRUNNING has 120 seconds left.
|
|t:|1758988239
|-end|p1a: Great Tusk|Protosynthesis|[silent]
|switch|p1a: Pecharunt|Pecharunt|100/100
|move|p2a: Ogerpon|Ivy Cudgel|p1a: Pecharunt|[anim] Ivy Cudgel Water
|-damage|p1a: Pecharunt|69/100
|
|upkeep
|turn|5
|
|t:|1758988250
|switch|p2a: Corviknight|Corviknight, F|100/100
|-damage|p2a: Corviknight|88/100|[from] Stealth Rock
|-ability|p2a: Corviknight|Pressure
|move|p1a: Pecharunt|Recover|p1a: Pecharunt
|-heal|p1a: Pecharunt|100/100
|
|upkeep
|turn|6
|
|t:|1758988254
|move|p1a: Pecharunt|Parting Shot|p2a: Corviknight
|-unboost|p2a: Corviknight|atk|1
|-unboost|p2a: Corviknight|spa|1
|
|t:|1758988256
|switch|p1a: Heatran|Heatran, M|100/100|[from] Parting Shot
|move|p2a: Corviknight|U-turn|p1a: Heatran
|-resisted|p1a: Heatran
|-damage|p1a: Heatran|98/100
|
|t:|1758988259
|switch|p2a: Landorus|Landorus-Therian, M|68/100|[from] U-turn
|-damage|p2a: Landorus|55/100|[from] Stealth Rock
|-ability|p2a: Landorus|Intimidate|boost
|-unboost|p1a: Heatran|atk|1
|
|-heal|p2a: Landorus|61/100|[from] item: Leftovers
|-heal|p1a: Heatran|100/100|[from] item: Leftovers
|upkeep
|turn|7
|
|t:|1758988264
|switch|p1a: Tornadus|Tornadus-Therian, M|100/100
|move|p2a: Landorus|Earthquake|p1a: Tornadus
|-immune|p1a: Tornadus
|
|-heal|p2a: Landorus|68/100|[from] item: Leftovers
|upkeep
|turn|8
|
|t:|1758988269
|move|p1a: Tornadus|Knock Off|p2a: Landorus
|-damage|p2a: Landorus|48/100
|-enditem|p2a: Landorus|Leftovers|[from] move: Knock Off|[of] p1a: Tornadus
|move|p2a: Landorus|Smack Down|p1a: Tornadus
|-supereffective|p1a: Tornadus
|-damage|p1a: Tornadus|61/100
|-start|p1a: Tornadus|Smack Down
|
|upkeep
|turn|9
|
|t:|1758988275
|move|p1a: Tornadus|U-turn|p2a: Landorus
|-resisted|p2a: Landorus
|-damage|p2a: Landorus|41/100
|
|t:|1758988277
|switch|p1a: Great Tusk|Great Tusk|85/100|[from] U-turn
|move|p2a: Landorus|U-turn|p1a: Great Tusk
|-resisted|p1a: Great Tusk
|-damage|p1a: Great Tusk|78/100
|
|t:|1758988296
|switch|p2a: Cinderace|Cinderace, M|100/100|[from] U-turn
|
|-heal|p1a: Great Tusk|84/100|[from] item: Leftovers
|upkeep
|turn|10
|
|t:|1758988299
|move|p2a: Cinderace|Will-O-Wisp|p1a: Great Tusk
|-status|p1a: Great Tusk|brn
|move|p1a: Great Tusk|Headlong Rush|p2a: Cinderace
|-supereffective|p2a: Cinderace
|-damage|p2a: Cinderace|42/100
|-unboost|p1a: Great Tusk|def|1
|-unboost|p1a: Great Tusk|spd|1
|
|-heal|p1a: Great Tusk|90/100 brn|[from] item: Leftovers
|-damage|p1a: Great Tusk|84/100 brn|[from] brn
|upkeep
|turn|11
|
|t:|1758988312
|move|p2a: Cinderace|U-turn|p1a: Great Tusk
|-resisted|p1a: Great Tusk
|-damage|p1a: Great Tusk|76/100 brn
|
|t:|1758988314
|switch|p2a: Corviknight|Corviknight, F|88/100|[from] U-turn
|-damage|p2a: Corviknight|75/100|[from] Stealth Rock
|-ability|p2a: Corviknight|Pressure
|move|p1a: Great Tusk|Rapid Spin|p2a: Corviknight
|-resisted|p2a: Corviknight
|-crit|p2a: Corviknight
|-damage|p2a: Corviknight|72/100
|-boost|p1a: Great Tusk|spe|1
|-damage|p1a: Great Tusk|59/100 brn|[from] item: Rocky Helmet|[of] p2a: Corviknight
|
|-heal|p1a: Great Tusk|66/100 brn|[from] item: Leftovers
|-damage|p1a: Great Tusk|59/100 brn|[from] brn
|upkeep
|turn|12
|
|t:|1758988320
|-end|p1a: Great Tusk|Protosynthesis|[silent]
|switch|p1a: Heatran|Heatran, M|100/100
|move|p2a: Corviknight|U-turn|p1a: Heatran
|-resisted|p1a: Heatran
|-damage|p1a: Heatran|97/100
|
|t:|1758988323
|switch|p2a: Cinderace|Cinderace, M|42/100|[from] U-turn
|
|-heal|p1a: Heatran|100/100|[from] item: Leftovers
|upkeep
|turn|13
|
|t:|1758988327
|move|p2a: Cinderace|Court Change|p2a: Cinderace
|-swapsideconditions
|-activate|p2a: Cinderace|move: Court Change
|move|p1a: Heatran|Magma Storm|p2a: Cinderace
|-resisted|p2a: Cinderace
|-damage|p2a: Cinderace|18/100
|-activate|p2a: Cinderace|move: Magma Storm|[of] p1a: Heatran
|
|-damage|p2a: Cinderace|6/100|[from] move: Magma Storm|[partiallytrapped]
|upkeep
|turn|14
|
|t:|1758988339
|move|p2a: Cinderace|U-turn|p1a: Heatran
|-resisted|p1a: Heatran
|-damage|p1a: Heatran|97/100
|
|t:|1758988341
|switch|p2a: Landorus|Landorus-Therian, M|41/100|[from] U-turn
|-ability|p2a: Landorus|Intimidate|boost
|-unboost|p1a: Heatran|atk|1
|move|p1a: Heatran|Substitute|p1a: Heatran
|-start|p1a: Heatran|Substitute
|-damage|p1a: Heatran|72/100
|
|-heal|p1a: Heatran|78/100|[from] item: Leftovers
|upkeep
|turn|15
|
|t:|1758988346
|move|p2a: Landorus|Earthquake|p1a: Heatran
|-supereffective|p1a: Heatran
|-end|p1a: Heatran|Substitute
|move|p1a: Heatran|Magma Storm|p2a: Landorus|[miss]
|-miss|p1a: Heatran|p2a: Landorus
|
|-heal|p1a: Heatran|84/100|[from] item: Leftovers
|upkeep
|turn|16
|
|t:|1758988351
|move|p2a: Landorus|U-turn|p1a: Heatran
|-resisted|p1a: Heatran
|-damage|p1a: Heatran|79/100
|
|t:|1758988354
|switch|p2a: Zamazenta|Zamazenta|100/100|[from] U-turn
|-ability|p2a: Zamazenta|Dauntless Shield|boost
|-boost|p2a: Zamazenta|def|1
|move|p1a: Heatran|Magma Storm|p2a: Zamazenta
|-damage|p2a: Zamazenta|64/100
|-activate|p2a: Zamazenta|move: Magma Storm|[of] p1a: Heatran
|
|-heal|p1a: Heatran|85/100|[from] item: Leftovers
|-damage|p2a: Zamazenta|51/100|[from] move: Magma Storm|[partiallytrapped]
|upkeep
|turn|17
|
|t:|1758988360
|switch|p1a: Pecharunt|Pecharunt|100/100
|move|p2a: Zamazenta|Crunch|p1a: Pecharunt
|-supereffective|p1a: Pecharunt
|-damage|p1a: Pecharunt|63/100
|-damage|p2a: Zamazenta|41/100|[from] item: Life Orb
|
|-end|p2a: Zamazenta|Magma Storm|[partiallytrapped]|[silent]
|upkeep
|turn|18
|
|t:|1758988367
|switch|p2a: Zapdos|Zapdos|100/100
|move|p1a: Pecharunt|Recover|p1a: Pecharunt
|-heal|p1a: Pecharunt|100/100
|
|upkeep
|turn|19
|
|t:|1758988372
|switch|p1a: Great Tusk|Great Tusk|59/100 brn
|-damage|p1a: Great Tusk|56/100 brn|[from] Stealth Rock
|move|p2a: Zapdos|Hurricane|p1a: Great Tusk
|-supereffective|p1a: Great Tusk
|-damage|p1a: Great Tusk|0 fnt
|faint|p1a: Great Tusk
|-end|p1a: Great Tusk|Protosynthesis|[silent]
|
|upkeep
|
|t:|1758988374
|switch|p1a: Weavile|Weavile, M|100/100
|-ability|p1a: Weavile|Pressure
|turn|20
|
|t:|1758988381
|switch|p2a: Corviknight|Corviknight, F|72/100
|-ability|p2a: Corviknight|Pressure
|move|p1a: Weavile|Swords Dance|p1a: Weavile
|-boost|p1a: Weavile|atk|2
|
|upkeep
|turn|21
|
|t:|1758988387
|move|p1a: Weavile|Triple Axel|p2a: Corviknight
|-damage|p2a: Corviknight|61/100
|-damage|p1a: Weavile|84/100|[from] item: Rocky Helmet|[of] p2a: Corviknight
|-damage|p2a: Corviknight|37/100
|-damage|p1a: Weavile|68/100|[from] item: Rocky Helmet|[of] p2a: Corviknight
|-damage|p2a: Corviknight|3/100
|-damage|p1a: Weavile|51/100|[from] item: Rocky Helmet|[of] p2a: Corviknight
|-hitcount|p2a: Corviknight|3
|move|p2a: Corviknight|Body Press|p1a: Weavile
|-supereffective|p1a: Weavile
|-damage|p1a: Weavile|0 fnt
|faint|p1a: Weavile
|
|upkeep
|
|t:|1758988393
|switch|p1a: Ogerpon|Ogerpon-Wellspring, F|100/100
|-damage|p1a: Ogerpon|88/100|[from] Stealth Rock
|turn|22
|
|t:|1758988397
|move|p1a: Ogerpon|Knock Off|p2a: Corviknight
|-damage|p2a: Corviknight|0 fnt
|-damage|p1a: Ogerpon|72/100|[from] item: Rocky Helmet|[of] p2a: Corviknight
|-enditem|p2a: Corviknight|Rocky Helmet|[from] move: Knock Off|[of] p1a: Ogerpon
|faint|p2a: Corviknight
|
|upkeep
|
|t:|1758988400
|switch|p2a: Zamazenta|Zamazenta|41/100
|turn|23
|
|t:|1758988402
|switch|p1a: Pecharunt|Pecharunt|100/100
|move|p2a: Zamazenta|Crunch|p1a: Pecharunt
|-supereffective|p1a: Pecharunt
|-damage|p1a: Pecharunt|64/100
|-unboost|p1a: Pecharunt|def|1
|-damage|p2a: Zamazenta|32/100|[from] item: Life Orb
|
|upkeep
|turn|24
|
|t:|1758988405
|move|p2a: Zamazenta|Crunch|p1a: Pecharunt
|-supereffective|p1a: Pecharunt
|-damage|p1a: Pecharunt|11/100
|-damage|p2a: Zamazenta|22/100|[from] item: Life Orb
|move|p1a: Pecharunt|Recover|p1a: Pecharunt
|-heal|p1a: Pecharunt|61/100
|
|upkeep
|turn|25
|
|t:|1758988412
|move|p2a: Zamazenta|Crunch|p1a: Pecharunt
|-supereffective|p1a: Pecharunt
|-damage|p1a: Pecharunt|11/100
|-unboost|p1a: Pecharunt|def|1
|-damage|p2a: Zamazenta|12/100|[from] item: Life Orb
|move|p1a: Pecharunt|Recover|p1a: Pecharunt
|-heal|p1a: Pecharunt|61/100
|
|upkeep
|turn|26
|j| ADF67
|
|t:|1758988421
|-terastallize|p1a: Pecharunt|Dark
|move|p2a: Zamazenta|Close Combat|p1a: Pecharunt
|-supereffective|p1a: Pecharunt
|-damage|p1a: Pecharunt|0 fnt
|-unboost|p2a: Zamazenta|def|1
|-unboost|p2a: Zamazenta|spd|1
|faint|p1a: Pecharunt
|-damage|p2a: Zamazenta|2/100|[from] item: Life Orb
|
|upkeep
|-message|LT124 SPEEDRUNNING forfeited.
|
|win|cold.exe
|raw|LT124 SPEEDRUNNING's rating: 1815 &rarr; <strong>1799</strong><br />(-16 for losing)
|raw|cold.exe's rating: 1883 &rarr; <strong>1899</strong><br />(+16 for winning)
|l|☆LT124 SPEEDRUNNING
|player|p1|
|l| ADF67
|l|☆cold.exe
|player|p2|
