|j|☆Sunshinne
|j|☆Gulptubus
|t:|1759034488
|gametype|singles
|player|p1|Sunshinne|lacey|1476
|player|p2|Gulptubus|pokemonranger-gen4|1503
|gen|9
|tier|[Gen 9] OU
|rated|
|rule|HP Percentage Mod: HP is shown in percentages
|rule|Endless Battle Clause: Forcing endless battles is banned
|rule|Species Clause: Limit one of each Pokémon
|rule|OHKO Clause: OHKO moves are banned
|rule|Evasion Items Clause: Evasion items are banned
|rule|Evasion Moves Clause: Evasion moves are banned
|rule|Evasion Abilities Clause: Evasion abilities are banned
|rule|Sleep Moves Clause: Sleep-inducing moves are banned
|clearpoke
|poke|p1|Ribombee, F|
|poke|p1|Glimmora, M|
|poke|p1|Manaphy|
|poke|p1|Zamazenta-*|
|poke|p1|Gholdengo|
|poke|p1|Kingambit, F|
|poke|p2|Garchomp, M|
|poke|p2|Gliscor, F|
|poke|p2|Heatran, F|
|poke|p2|Sinistcha-Masterpiece|
|poke|p2|Darkrai|
|poke|p2|Ogerpon-Wellspring, F|
|teampreview
|inactive|Battle timer is ON: inactive players will automatically lose when time's up. (requested by Sunshinne)
|inactive|Gulptubus has 120 seconds left.
|
|t:|1759034527
|teamsize|p1|6
|teamsize|p2|6
|start
|switch|p1a: Ribombee|Ribombee, F|100/100
|switch|p2a: Garchomp|Garchomp, M|100/100
|turn|1
|
|t:|1759034534
|move|p1a: Ribombee|Moonblast|p2a: Garchomp
|-supereffective|p2a: Garchomp
|-damage|p2a: Garchomp|30/100
|move|p2a: Garchomp|Stealth Rock|p1a: Ribombee
|-sidestart|p1: Sunshinne|move: Stealth Rock
|
|upkeep
|turn|2
|
|t:|1759034545
|switch|p2a: Heatran|Heatran, F|100/100
|move|p1a: Ribombee|Moonblast|p2a: Heatran
|-resisted|p2a: Heatran
|-damage|p2a: Heatran|95/100
|
|-heal|p2a: Heatran|100/100|[from] item: Leftovers
|upkeep
|turn|3
|
|t:|1759034548
|move|p1a: Ribombee|Sticky Web|p2a: Heatran
|-sidestart|p2: Gulptubus|move: Sticky Web
|move|p2a: Heatran|Magma Storm|p1a: Ribombee
|-supereffective|p1a: Ribombee
|-crit|p1a: Ribombee
|-enditem|p1a: Ribombee|Focus Sash
|-damage|p1a: Ribombee|1/100
|-activate|p1a: Ribombee|move: Magma Storm|[of] p2a: Heatran
|
|-damage|p1a: Ribombee|0 fnt|[from] move: Magma Storm|[partiallytrapped]
|faint|p1a: Ribombee
|upkeep
|
|t:|1759034553
|switch|p1a: Glimmora|Glimmora, M|100/100
|-damage|p1a: Glimmora|88/100|[from] Stealth Rock
|turn|4
|
|t:|1759034557
|move|p1a: Glimmora|Earth Power|p2a: Heatran
|-supereffective|p2a: Heatran
|-crit|p2a: Heatran
|-damage|p2a: Heatran|0 fnt
|faint|p2a: Heatran
|
|upkeep
|
|t:|1759034568
|switch|p2a: Gliscor|Gliscor, F|100/100
|turn|5
|
|t:|1759034570
|move|p1a: Glimmora|Meteor Beam||[still]
|-prepare|p1a: Glimmora|Meteor Beam
|-boost|p1a: Glimmora|spa|1
|-enditem|p1a: Glimmora|Power Herb
|-anim|p1a: Glimmora|Meteor Beam|p2a: Gliscor
|-damage|p2a: Gliscor|15/100
|move|p2a: Gliscor|Swords Dance|p2a: Gliscor
|-boost|p2a: Gliscor|atk|2
|
|-status|p2a: Gliscor|tox|[from] item: Toxic Orb
|upkeep
|turn|6
|
|t:|1759034575
|move|p2a: Gliscor|Protect|p2a: Gliscor
|-singleturn|p2a: Gliscor|Protect
|move|p1a: Glimmora|Sludge Bomb|p2a: Gliscor
|-activate|p2a: Gliscor|move: Protect
|
|-heal|p2a: Gliscor|27/100 tox|[from] ability: Poison Heal
|upkeep
|turn|7
|
|t:|1759034581
|switch|p2a: Garchomp|Garchomp, M|30/100
|-activate|p2a: Garchomp|move: Sticky Web
|-unboost|p2a: Garchomp|spe|1
|move|p1a: Glimmora|Sludge Bomb|p2a: Garchomp
|-resisted|p2a: Garchomp
|-damage|p2a: Garchomp|0 fnt
|faint|p2a: Garchomp
|
|upkeep
|-message|Gulptubus forfeited.
|
|win|Sunshinne
|raw|Sunshinne's rating: 1476 &rarr; <strong>1498</strong><br />(+22 for winning)
|raw|Gulptubus's rating: 1503 &rarr; <strong>1481</strong><br />(-22 for losing)
|l|☆Gulptubus
|player|p2|
|l|☆Sunshinne
|player|p1|
