|j|☆XX420STALLGOD69XX
|j|☆mansonabuluting
|t:|1759049774
|gametype|singles
|player|p1|XX420STALLGOD69XX|170|1696
|player|p2|mansonabuluting|bellelba|1677
|gen|9
|tier|[Gen 9] OU
|rated|
|rule|HP Percentage Mod: HP is shown in percentages
|rule|Endless Battle Clause: Forcing endless battles is banned
|rule|Species Clause: Limit one of each Pokémon
|rule|OHKO Clause: OHKO moves are banned
|rule|Evasion Items Clause: Evasion items are banned
|rule|Evasion Moves Clause: Evasion moves are banned
|rule|Evasion Abilities Clause: Evasion abilities are banned
|rule|Sleep Moves Clause: Sleep-inducing moves are banned
|clearpoke
|poke|p1|Dragonite, F|
|poke|p1|Primarina, F|
|poke|p1|Deoxys-Speed|
|poke|p1|Iron Moth|
|poke|p1|Great Tusk|
|poke|p1|Kingambit, M|
|poke|p2|Rillaboom, M|
|poke|p2|Hawlucha, M|
|poke|p2|Thundurus-Therian, M|
|poke|p2|Great Tusk|
|poke|p2|Volcanion|
|poke|p2|Goodra-Hisui, M|
|teampreview
|inactive|Battle timer is ON: inactive players will automatically lose when time's up. (requested by XX420STALLGOD69XX)
|
|t:|1759049810
|teamsize|p1|6
|teamsize|p2|6
|start
|switch|p1a: Dragonite|Dragonite, F, shiny|100/100
|switch|p2a: Volcanion|Volcanion|100/100
|turn|1
|
|t:|1759049825
|move|p1a: Dragonite|Outrage|p2a: Volcanion
|-damage|p2a: Volcanion|13/100
|move|p2a: Volcanion|Steam Eruption|p1a: Dragonite
|-resisted|p1a: Dragonite
|-damage|p1a: Dragonite|75/100
|
|upkeep
|turn|2
|
|t:|1759049829
|switch|p2a: Great Tusk|Great Tusk|100/100
|move|p1a: Dragonite|Outrage|p2a: Great Tusk|[from] lockedmove
|-damage|p2a: Great Tusk|49/100
|-damage|p1a: Dragonite|59/100|[from] item: Rocky Helmet|[of] p2a: Great Tusk
|
|upkeep
|turn|3
|
|t:|1759049840
|move|p1a: Dragonite|Outrage|p2a: Great Tusk|[from] lockedmove
|-damage|p2a: Great Tusk|0 fnt
|-damage|p1a: Dragonite|42/100|[from] item: Rocky Helmet|[of] p2a: Great Tusk
|faint|p2a: Great Tusk
|-end|p2a: Great Tusk|Protosynthesis|[silent]
|-start|p1a: Dragonite|confusion|[fatigue]
|
|upkeep
|
|t:|1759049843
|switch|p2a: Thundurus|Thundurus-Therian, M|100/100
|turn|4
|
|t:|1759049851
|switch|p1a: Iron Moth|Iron Moth|100/100
|-enditem|p1a: Iron Moth|Booster Energy
|-activate|p1a: Iron Moth|ability: Quark Drive|[fromitem]
|-start|p1a: Iron Moth|quarkdrivespe
|move|p2a: Thundurus|Volt Switch|p1a: Iron Moth
|-damage|p1a: Iron Moth|52/100
|
|t:|1759049854
|switch|p2a: Goodra|Goodra-Hisui, M|100/100|[from] Volt Switch
|
|upkeep
|turn|5
|j| yannono
|
|t:|1759049867
|-end|p1a: Iron Moth|Quark Drive|[silent]
|switch|p1a: Primarina|Primarina, F|100/100
|move|p2a: Goodra|Surf|p1a: Primarina
|-resisted|p1a: Primarina
|-damage|p1a: Primarina|92/100
|
|upkeep
|turn|6
|
|t:|1759049876
|switch|p2a: Rillaboom|Rillaboom, M|100/100
|-fieldstart|move: Grassy Terrain|[from] ability: Grassy Surge|[of] p2a: Rillaboom
|move|p1a: Primarina|Whirlpool|p2a: Rillaboom|[miss]
|-miss|p1a: Primarina|p2a: Rillaboom
|
|-heal|p1a: Primarina|98/100|[from] Grassy Terrain
|upkeep
|turn|7
|
|t:|1759049880
|switch|p1a: Iron Moth|Iron Moth|52/100
|move|p2a: Rillaboom|Wood Hammer|p1a: Iron Moth
|-resisted|p1a: Iron Moth
|-damage|p1a: Iron Moth|4/100
|-damage|p2a: Rillaboom|89/100|[from] Recoil
|
|-heal|p1a: Iron Moth|10/100|[from] Grassy Terrain
|-heal|p2a: Rillaboom|95/100|[from] Grassy Terrain
|upkeep
|turn|8
|
|t:|1759049885
|switch|p2a: Thundurus|Thundurus-Therian, M|100/100
|move|p1a: Iron Moth|Toxic Spikes|p2a: Thundurus
|-sidestart|p2: mansonabuluting|move: Toxic Spikes
|
|-heal|p1a: Iron Moth|16/100|[from] Grassy Terrain
|upkeep
|turn|9
|
|t:|1759049891
|move|p2a: Thundurus|Grass Knot|p1a: Iron Moth
|-resisted|p1a: Iron Moth
|-damage|p1a: Iron Moth|10/100
|move|p1a: Iron Moth|Sludge Wave|p2a: Thundurus
|-damage|p2a: Thundurus|29/100
|
|-heal|p1a: Iron Moth|16/100|[from] Grassy Terrain
|upkeep
|turn|10
|
|t:|1759049900
|switch|p2a: Goodra|Goodra-Hisui, M|100/100
|-end|p1a: Iron Moth|Quark Drive|[silent]
|switch|p1a: Dragonite|Dragonite, F, shiny|42/100
|
|-fieldend|move: Grassy Terrain
|upkeep
|turn|11
|
|t:|1759049917
|switch|p2a: Rillaboom|Rillaboom, M|95/100
|-status|p2a: Rillaboom|psn
|-fieldstart|move: Grassy Terrain|[from] ability: Grassy Surge|[of] p2a: Rillaboom
|move|p1a: Dragonite|Outrage|p2a: Rillaboom
|-damage|p2a: Rillaboom|0 fnt
|faint|p2a: Rillaboom
|
|upkeep
|
|t:|1759049925
|switch|p2a: Hawlucha|Hawlucha, M|100/100
|-enditem|p2a: Hawlucha|Grassy Seed
|-boost|p2a: Hawlucha|def|1|[from] item: Grassy Seed
|turn|12
|
|t:|1759049928
|-terastallize|p2a: Hawlucha|Steel
|move|p2a: Hawlucha|Swords Dance|p2a: Hawlucha
|-boost|p2a: Hawlucha|atk|2
|move|p1a: Dragonite|Outrage|p2a: Hawlucha|[from] lockedmove
|-resisted|p2a: Hawlucha
|-damage|p2a: Hawlucha|56/100
|-start|p1a: Dragonite|confusion|[fatigue]
|
|-heal|p2a: Hawlucha|62/100|[from] Grassy Terrain
|upkeep
|turn|13
|
|t:|1759049950
|move|p2a: Hawlucha|Acrobatics|p1a: Dragonite
|-crit|p1a: Dragonite
|-damage|p1a: Dragonite|0 fnt
|faint|p1a: Dragonite
|
|-heal|p2a: Hawlucha|68/100|[from] Grassy Terrain
|upkeep
|inactive|XX420STALLGOD69XX has 120 seconds left.
|
|t:|1759049969
|switch|p1a: Great Tusk|Great Tusk|100/100
|-enditem|p1a: Great Tusk|Booster Energy
|-activate|p1a: Great Tusk|ability: Protosynthesis|[fromitem]
|-start|p1a: Great Tusk|protosynthesisatk
|turn|14
|
|t:|1759049973
|-terastallize|p1a: Great Tusk|Steel
|move|p2a: Hawlucha|Substitute|p2a: Hawlucha
|-start|p2a: Hawlucha|Substitute
|-damage|p2a: Hawlucha|43/100
|move|p1a: Great Tusk|Headlong Rush|p2a: Hawlucha
|-supereffective|p2a: Hawlucha
|-end|p2a: Hawlucha|Substitute
|-unboost|p1a: Great Tusk|def|1
|-unboost|p1a: Great Tusk|spd|1
|
|-heal|p2a: Hawlucha|50/100|[from] Grassy Terrain
|upkeep
|turn|15
|
|t:|1759049978
|-end|p1a: Great Tusk|Protosynthesis|[silent]
|switch|p1a: Iron Moth|Iron Moth|16/100
|move|p2a: Hawlucha|Close Combat|p1a: Iron Moth
|-resisted|p1a: Iron Moth
|-damage|p1a: Iron Moth|0 fnt
|-unboost|p2a: Hawlucha|def|1
|-unboost|p2a: Hawlucha|spd|1
|faint|p1a: Iron Moth
|-end|p1a: Iron Moth|Quark Drive|[silent]
|
|-heal|p2a: Hawlucha|56/100|[from] Grassy Terrain
|-fieldend|move: Grassy Terrain
|upkeep
|
|t:|1759049985
|switch|p1a: Kingambit|Kingambit, M|100/100
|-activate|p1a: Kingambit|ability: Supreme Overlord
|-start|p1a: Kingambit|fallen2|[silent]
|turn|16
|
|t:|1759049990
|move|p1a: Kingambit|Sucker Punch||[still]
|-fail|p1a: Kingambit
|move|p2a: Hawlucha|Substitute|p2a: Hawlucha
|-start|p2a: Hawlucha|Substitute
|-damage|p2a: Hawlucha|31/100
|
|upkeep
|turn|17
|-message|XX420STALLGOD69XX forfeited.
|
|win|mansonabuluting
|raw|XX420STALLGOD69XX's rating: 1696 &rarr; <strong>1675</strong><br />(-21 for losing)
|raw|mansonabuluting's rating: 1677 &rarr; <strong>1698</strong><br />(+21 for winning)
|l|☆XX420STALLGOD69XX
|player|p1|
|l|☆mansonabuluting
|player|p2|
