|j|☆I will eat another
|j|☆Chuolv
|t:|1758917126
|gametype|singles
|player|p1|I will eat another|plasmagrunt|1243
|player|p2|Chuolv|silver|1283
|gen|9
|tier|[Gen 9] OU
|rated|
|rule|HP Percentage Mod: HP is shown in percentages
|rule|Endless Battle Clause: Forcing endless battles is banned
|rule|Species Clause: Limit one of each Pokémon
|rule|OHKO Clause: OHKO moves are banned
|rule|Evasion Items Clause: Evasion items are banned
|rule|Evasion Moves Clause: Evasion moves are banned
|rule|Evasion Abilities Clause: Evasion abilities are banned
|rule|Sleep Moves Clause: Sleep-inducing moves are banned
|clearpoke
|poke|p1|Breloom, F|
|poke|p1|Swinub, M|
|poke|p1|Iron Crown|
|poke|p1|Glimmora, M|
|poke|p1|Talonflame, F|
|poke|p1|Greninja-*, F|
|poke|p2|Skeledirge, M|
|poke|p2|Okidogi, M|
|poke|p2|Scyther, M|
|poke|p2|Ursaluna, F|
|poke|p2|Vileplume, F|
|poke|p2|Zarude|
|teampreview
|inactive|Battle timer is ON: inactive players will automatically lose when time's up. (requested by I will eat another)
|
|t:|1758917136
|teamsize|p1|6
|teamsize|p2|6
|start
|switch|p1a: Kapilz|Breloom, F|100/100
|switch|p2a: Skeledirge|Skeledirge, M|100/100
|turn|1
|
|t:|1758917146
|move|p1a: Kapilz|Rock Tomb|p2a: Skeledirge
|-supereffective|p2a: Skeledirge
|-damage|p2a: Skeledirge|36/100
|-unboost|p2a: Skeledirge|spe|1
|-damage|p1a: Kapilz|91/100|[from] item: Life Orb
|move|p2a: Skeledirge|Torch Song|p1a: Kapilz
|-supereffective|p1a: Kapilz
|-damage|p1a: Kapilz|0 fnt
|-boost|p2a: Skeledirge|spa|1
|faint|p1a: Kapilz
|
|upkeep
|
|t:|1758917158
|switch|p1a: Lumiflora|Glimmora, M|100/100
|turn|2
|
|t:|1758917166
|move|p1a: Lumiflora|Meteor Beam||[still]
|-prepare|p1a: Lumiflora|Meteor Beam
|-boost|p1a: Lumiflora|spa|1
|-enditem|p1a: Lumiflora|Power Herb
|-anim|p1a: Lumiflora|Meteor Beam|p2a: Skeledirge|[miss]
|-miss|p1a: Lumiflora|p2a: Skeledirge
|move|p2a: Skeledirge|Slack Off|p2a: Skeledirge
|-heal|p2a: Skeledirge|86/100
|
|upkeep
|turn|3
|
|t:|1758917178
|-terastallize|p1a: Lumiflora|Dark
|move|p1a: Lumiflora|Tera Blast|p2a: Skeledirge|[anim] Tera Blast Dark
|-supereffective|p2a: Skeledirge
|-damage|p2a: Skeledirge|22/100
|move|p2a: Skeledirge|Will-O-Wisp|p1a: Lumiflora
|-status|p1a: Lumiflora|brn
|
|-damage|p1a: Lumiflora|94/100 brn|[from] brn
|upkeep
|turn|4
|
|t:|1758917190
|move|p1a: Lumiflora|Tera Blast|p2a: Skeledirge|[anim] Tera Blast Dark
|-supereffective|p2a: Skeledirge
|-damage|p2a: Skeledirge|0 fnt
|faint|p2a: Skeledirge
|
|-damage|p1a: Lumiflora|88/100 brn|[from] brn
|upkeep
|
|t:|1758917204
|switch|p2a: Scyther|Scyther, M|100/100
|turn|5
|
|t:|1758917211
|move|p2a: Scyther|Swords Dance|p2a: Scyther
|-boost|p2a: Scyther|atk|2
|move|p1a: Lumiflora|Sludge Wave|p2a: Scyther
|-damage|p2a: Scyther|24/100
|
|-damage|p1a: Lumiflora|82/100 brn|[from] brn
|upkeep
|turn|6
|
|t:|1758917224
|move|p2a: Scyther|Trailblaze|p1a: Lumiflora
|-damage|p1a: Lumiflora|26/100 brn
|-boost|p2a: Scyther|spe|1
|-activate|p1a: Lumiflora|ability: Toxic Debris
|-sidestart|p2: Chuolv|move: Toxic Spikes
|move|p1a: Lumiflora|Tera Blast|p2a: Scyther|[anim] Tera Blast Dark
|-damage|p2a: Scyther|0 fnt
|faint|p2a: Scyther
|
|-damage|p1a: Lumiflora|20/100 brn|[from] brn
|upkeep
|
|t:|1758917238
|switch|p2a: Okidogi|Okidogi, M|100/100
|-sideend|p2: Chuolv|move: Toxic Spikes|[of] p2a: Okidogi
|turn|7
|
|t:|1758917245
|move|p1a: Lumiflora|Sludge Wave|p2a: Okidogi
|-resisted|p2a: Okidogi
|-damage|p2a: Okidogi|72/100
|move|p2a: Okidogi|Bulk Up|p2a: Okidogi
|-boost|p2a: Okidogi|atk|1
|-boost|p2a: Okidogi|def|1
|
|-heal|p2a: Okidogi|78/100|[from] item: Black Sludge
|-damage|p1a: Lumiflora|14/100 brn|[from] brn
|upkeep
|turn|8
|
|t:|1758917255
|move|p1a: Lumiflora|Sludge Wave|p2a: Okidogi
|-resisted|p2a: Okidogi
|-damage|p2a: Okidogi|50/100
|move|p2a: Okidogi|Drain Punch|p1a: Lumiflora
|-supereffective|p1a: Lumiflora
|-damage|p1a: Lumiflora|0 fnt
|-heal|p2a: Okidogi|56/100|[from] drain|[of] p1a: Lumiflora
|-activate|p1a: Lumiflora|ability: Toxic Debris
|-sidestart|p2: Chuolv|move: Toxic Spikes
|faint|p1a: Lumiflora
|
|-heal|p2a: Okidogi|62/100|[from] item: Black Sludge
|upkeep
|
|t:|1758917266
|switch|p1a: Eisenkrone|Iron Crown|100/100
|-enditem|p1a: Eisenkrone|Booster Energy
|-activate|p1a: Eisenkrone|ability: Quark Drive|[fromitem]
|-start|p1a: Eisenkrone|quarkdrivespe
|turn|9
|
|t:|1758917273
|move|p1a: Eisenkrone|Psyshock|p2a: Okidogi
|-supereffective|p2a: Okidogi
|-damage|p2a: Okidogi|0 fnt
|faint|p2a: Okidogi
|
|upkeep
|
|t:|1758917281
|switch|p2a: Ursaluna|Ursaluna, F|100/100
|-status|p2a: Ursaluna|psn
|turn|10
|
|t:|1758917287
|move|p1a: Eisenkrone|Focus Blast|p2a: Ursaluna
|-supereffective|p2a: Ursaluna
|-damage|p2a: Ursaluna|37/100 psn
|move|p2a: Ursaluna|Facade|p1a: Eisenkrone
|-resisted|p1a: Eisenkrone
|-damage|p1a: Eisenkrone|33/100
|
|-damage|p2a: Ursaluna|25/100 psn|[from] psn
|upkeep
|turn|11
|
|t:|1758917297
|move|p1a: Eisenkrone|Tachyon Cutter|p2a: Ursaluna
|-damage|p2a: Ursaluna|4/100 psn
|-damage|p2a: Ursaluna|0 fnt
|faint|p2a: Ursaluna
|-hitcount|p2: Ursaluna|2
|
|upkeep
|
|t:|1758917304
|switch|p2a: Vileplume|Vileplume, F|100/100
|-sideend|p2: Chuolv|move: Toxic Spikes|[of] p2a: Vileplume
|turn|12
|
|t:|1758917313
|move|p1a: Eisenkrone|Psyshock|p2a: Vileplume
|-supereffective|p2a: Vileplume
|-damage|p2a: Vileplume|41/100
|move|p2a: Vileplume|Strength Sap|p1a: Eisenkrone
|-unboost|p1a: Eisenkrone|atk|1
|-heal|p2a: Vileplume|84/100
|
|upkeep
|turn|13
|
|t:|1758917325
|move|p1a: Eisenkrone|Calm Mind|p1a: Eisenkrone
|-boost|p1a: Eisenkrone|spa|1
|-boost|p1a: Eisenkrone|spd|1
|move|p2a: Vileplume|Leech Seed|p1a: Eisenkrone
|-start|p1a: Eisenkrone|move: Leech Seed
|
|-damage|p1a: Eisenkrone|21/100|[from] Leech Seed|[of] p2a: Vileplume
|-heal|p2a: Vileplume|95/100|[silent]
|upkeep
|turn|14
|
|t:|1758917335
|move|p1a: Eisenkrone|Psyshock|p2a: Vileplume
|-supereffective|p2a: Vileplume
|-damage|p2a: Vileplume|14/100
|move|p2a: Vileplume|Giga Drain|p1a: Eisenkrone
|-resisted|p1a: Eisenkrone
|-crit|p1a: Eisenkrone
|-damage|p1a: Eisenkrone|1/100
|-heal|p2a: Vileplume|23/100|[from] drain|[of] p1a: Eisenkrone
|
|-damage|p1a: Eisenkrone|0 fnt|[from] Leech Seed|[of] p2a: Vileplume
|-heal|p2a: Vileplume|24/100|[silent]
|faint|p1a: Eisenkrone
|-end|p1a: Eisenkrone|Quark Drive|[silent]
|upkeep
|
|t:|1758917345
|switch|p1a: Fiaro|Talonflame, F|100/100
|turn|15
|
|t:|1758917350
|move|p1a: Fiaro|Flamethrower|p2a: Vileplume
|-supereffective|p2a: Vileplume
|-damage|p2a: Vileplume|0 fnt
|faint|p2a: Vileplume
|
|upkeep
|
|t:|1758917355
|switch|p2a: Zarude|Zarude|100/100
|turn|16
|
|t:|1758917362
|move|p2a: Zarude|Swords Dance|p2a: Zarude
|-boost|p2a: Zarude|atk|2
|move|p1a: Fiaro|Will-O-Wisp|p2a: Zarude
|-status|p2a: Zarude|brn
|
|-damage|p2a: Zarude|95/100 brn|[from] brn
|upkeep
|turn|17
|
|t:|1758917372
|move|p2a: Zarude|Jungle Healing|p2a: Zarude
|-heal|p2a: Zarude|100/100 brn
|-curestatus|p2a: Zarude|brn|[msg]
|move|p1a: Fiaro|Flamethrower|p2a: Zarude
|-supereffective|p2a: Zarude
|-damage|p2a: Zarude|53/100
|
|-heal|p2a: Zarude|59/100|[from] item: Leftovers
|upkeep
|turn|18
|
|t:|1758917383
|move|p2a: Zarude|Crunch|p1a: Fiaro
|-damage|p1a: Fiaro|30/100
|-status|p2a: Zarude|brn|[from] ability: Flame Body|[of] p1a: Fiaro
|move|p1a: Fiaro|Flamethrower|p2a: Zarude
|-supereffective|p2a: Zarude
|-damage|p2a: Zarude|9/100 brn
|
|-heal|p2a: Zarude|15/100 brn|[from] item: Leftovers
|-damage|p2a: Zarude|9/100 brn|[from] brn
|upkeep
|turn|19
|
|t:|1758917395
|move|p2a: Zarude|Crunch|p1a: Fiaro
|-damage|p1a: Fiaro|0 fnt
|faint|p1a: Fiaro
|
|-heal|p2a: Zarude|15/100 brn|[from] item: Leftovers
|-damage|p2a: Zarude|9/100 brn|[from] brn
|upkeep
|
|t:|1758917401
|switch|p1a: Quiekel|Swinub, M|100/100
|turn|20
|
|t:|1758917405
|move|p1a: Quiekel|Ice Shard|p2a: Zarude
|-supereffective|p2a: Zarude
|-damage|p2a: Zarude|0 fnt
|faint|p2a: Zarude
|
|win|I will eat another
|raw|I will eat another's rating: 1243 &rarr; <strong>1271</strong><br />(+28 for winning)
|raw|Chuolv's rating: 1283 &rarr; <strong>1255</strong><br />(-28 for losing)
|l|☆Chuolv
|player|p2|
|l|☆I will eat another
|player|p1|
