|j|☆Blitz0
|j|☆adman77
|inactive|Battle timer is ON: inactive players will automatically lose when time's up.
|t:|1759004845
|gametype|singles
|player|p1|Blitz0|rocker-gen3|
|player|p2|adman77|drayden|
|gen|9
|tier|[Gen 9] OU
|rated|Tournament battle
|rule|HP Percentage Mod: HP is shown in percentages
|rule|Endless Battle Clause: Forcing endless battles is banned
|rule|Species Clause: Limit one of each Pokémon
|rule|OHKO Clause: OHKO moves are banned
|rule|Evasion Items Clause: Evasion items are banned
|rule|Evasion Moves Clause: Evasion moves are banned
|rule|Evasion Abilities Clause: Evasion abilities are banned
|rule|Sleep Moves Clause: Sleep-inducing moves are banned
|raw|<div class="infobox"><details class="readmore" open><summary><strong>2 custom rules:</strong></summary> maxteamsize=8, pickedteamsize=6</details></div>
|clearpoke
|poke|p1|Ceruledge, M|
|poke|p1|Dragapult, M|
|poke|p1|Gliscor, M|
|poke|p1|Kingambit, M|
|poke|p1|Iron Valiant|
|poke|p1|Moltres-Galar|
|poke|p1|Walking Wake|
|poke|p1|Samurott-Hisui, M|
|poke|p2|Ursaluna, F|
|poke|p2|Darkrai|
|poke|p2|Dragapult, M|
|poke|p2|Enamorus, F|
|poke|p2|Gliscor, M|
|poke|p2|Samurott-Hisui, M|
|poke|p2|Dragonite, M|
|poke|p2|Primarina, M|
|teampreview|6
|j|*Lady Monita ☀
|
|t:|1759004868
|teamsize|p1|6
|teamsize|p2|6
|start
|switch|p1a: Dragapult|Dragapult, M|100/100
|switch|p2a: Dragapult|Dragapult, M|100/100
|turn|1
|
|t:|1759004883
|move|p1a: Dragapult|Draco Meteor|p2a: Dragapult
|-supereffective|p2a: Dragapult
|-damage|p2a: Dragapult|0 fnt
|-unboost|p1a: Dragapult|spa|2
|faint|p2a: Dragapult
|
|upkeep
|
|t:|1759004910
|switch|p2a: Enamorus|Enamorus, F|100/100
|turn|2
|
|t:|1759004929
|switch|p1a: Samurott|Samurott-Hisui, M|100/100
|move|p2a: Enamorus|Moonblast|p1a: Samurott
|-supereffective|p1a: Samurott
|-damage|p1a: Samurott|0 fnt
|faint|p1a: Samurott
|
|upkeep
|
|t:|1759004934
|switch|p1a: Kingambit|Kingambit, M, shiny|100/100
|-activate|p1a: Kingambit|ability: Supreme Overlord
|-start|p1a: Kingambit|fallen1|[silent]
|turn|3
|
|t:|1759004947
|switch|p2a: Ursaluna|Ursaluna, F|100/100
|move|p1a: Kingambit|Iron Head|p2a: Ursaluna
|-damage|p2a: Ursaluna|59/100
|
|-status|p2a: Ursaluna|brn|[from] item: Flame Orb
|upkeep
|turn|4
|
|t:|1759004957
|-end|p1a: Kingambit|fallen1|[silent]
|switch|p1a: Dragapult|Dragapult, M|100/100
|move|p2a: Ursaluna|Headlong Rush|p1a: Dragapult
|-damage|p1a: Dragapult|0 fnt
|-unboost|p2a: Ursaluna|def|1
|-unboost|p2a: Ursaluna|spd|1
|faint|p1a: Dragapult
|
|-damage|p2a: Ursaluna|53/100 brn|[from] brn
|upkeep
|
|t:|1759004963
|switch|p1a: Kingambit|Kingambit, M, shiny|100/100
|-activate|p1a: Kingambit|ability: Supreme Overlord
|-start|p1a: Kingambit|fallen2|[silent]
|turn|5
|
|t:|1759004969
|move|p1a: Kingambit|Sucker Punch|p2a: Ursaluna
|-damage|p2a: Ursaluna|0 fnt
|faint|p2a: Ursaluna
|
|upkeep
|
|t:|1759004976
|switch|p2a: Primarina|Primarina, M, shiny|100/100
|turn|6
|
|t:|1759004980
|move|p1a: Kingambit|Swords Dance|p1a: Kingambit
|-boost|p1a: Kingambit|atk|2
|move|p2a: Primarina|Surf|p1a: Kingambit
|-damage|p1a: Kingambit|60/100
|
|-heal|p1a: Kingambit|66/100|[from] item: Leftovers
|upkeep
|turn|7
|
|t:|1759004985
|move|p1a: Kingambit|Iron Head|p2a: Primarina
|-damage|p2a: Primarina|0 fnt
|faint|p2a: Primarina
|
|-heal|p1a: Kingambit|72/100|[from] item: Leftovers
|upkeep
|
|t:|1759004989
|switch|p2a: Enamorus|Enamorus, F|100/100
|turn|8
|
|t:|1759004998
|move|p2a: Enamorus|Mystical Fire|p1a: Kingambit
|-supereffective|p1a: Kingambit
|-damage|p1a: Kingambit|0 fnt
|faint|p1a: Kingambit
|-end|p1a: Kingambit|fallen2|[silent]
|
|upkeep
|
|t:|1759005002
|switch|p1a: Iron Valiant|Iron Valiant|100/100
|-enditem|p1a: Iron Valiant|Booster Energy
|-activate|p1a: Iron Valiant|ability: Quark Drive|[fromitem]
|-start|p1a: Iron Valiant|quarkdrivespe
|turn|9
|
|t:|1759005008
|switch|p2a: Darkrai|Darkrai|100/100
|move|p1a: Iron Valiant|Encore||[still]
|-fail|p1a: Iron Valiant
|
|upkeep
|turn|10
|
|t:|1759005015
|move|p1a: Iron Valiant|Moonblast|p2a: Darkrai
|-supereffective|p2a: Darkrai
|-damage|p2a: Darkrai|0 fnt
|faint|p2a: Darkrai
|
|upkeep
|
|t:|1759005019
|switch|p2a: Dragonite|Dragonite, M, shiny|100/100
|turn|11
|
|t:|1759005023
|move|p1a: Iron Valiant|Moonblast|p2a: Dragonite
|-supereffective|p2a: Dragonite
|-damage|p2a: Dragonite|52/100
|move|p2a: Dragonite|Dragon Dance|p2a: Dragonite
|-boost|p2a: Dragonite|atk|1
|-boost|p2a: Dragonite|spe|1
|
|upkeep
|turn|12
|
|t:|1759005030
|-terastallize|p1a: Iron Valiant|Steel
|move|p2a: Dragonite|Extreme Speed|p1a: Iron Valiant
|-resisted|p1a: Iron Valiant
|-damage|p1a: Iron Valiant|73/100
|move|p1a: Iron Valiant|Moonblast|p2a: Dragonite
|-supereffective|p2a: Dragonite
|-damage|p2a: Dragonite|0 fnt
|faint|p2a: Dragonite
|
|upkeep
|
|t:|1759005032
|switch|p2a: Enamorus|Enamorus, F|100/100
|turn|13
|
|t:|1759005039
|move|p1a: Iron Valiant|Knock Off|p2a: Enamorus
|-resisted|p2a: Enamorus
|-damage|p2a: Enamorus|77/100
|-enditem|p2a: Enamorus|Choice Specs|[from] move: Knock Off|[of] p1a: Iron Valiant
|move|p2a: Enamorus|Earth Power|p1a: Iron Valiant
|-supereffective|p1a: Iron Valiant
|-damage|p1a: Iron Valiant|0 fnt
|faint|p1a: Iron Valiant
|-end|p1a: Iron Valiant|Quark Drive|[silent]
|
|upkeep
|
|t:|1759005043
|switch|p1a: Ceruledge|Ceruledge, M|100/100
|turn|14
|
|t:|1759005045
|move|p2a: Enamorus|Earth Power|p1a: Ceruledge
|-supereffective|p1a: Ceruledge
|-damage|p1a: Ceruledge|25/100
|move|p1a: Ceruledge|Poltergeist||[still]
|-fail|p1a: Ceruledge
|
|upkeep
|turn|15
|
|t:|1759005049
|move|p1a: Ceruledge|Shadow Sneak|p2a: Enamorus
|-damage|p2a: Enamorus|46/100
|move|p2a: Enamorus|Earth Power|p1a: Ceruledge
|-supereffective|p1a: Ceruledge
|-damage|p1a: Ceruledge|0 fnt
|faint|p1a: Ceruledge
|
|upkeep
|
|t:|1759005051
|switch|p1a: Walking Wake|Walking Wake|100/100
|turn|16
|
|t:|1759005058
|-terastallize|p2a: Enamorus|Fairy
|move|p1a: Walking Wake|Surf|p2a: Enamorus
|-damage|p2a: Enamorus|0 fnt
|faint|p2a: Enamorus
|
|win|Blitz0
|n|☆Blitz0|blitz0
|n|☆adman77|adman77
|n|*Lady Monita ☀|ladymonita
