|j|☆Bananacrazy
|j|☆pipotron
|t:|1759066272
|gametype|singles
|player|p1|Bananacrazy|1|1563
|player|p2|pipotron|266|1507
|gen|9
|tier|[Gen 9] OU
|rated|
|rule|HP Percentage Mod: HP is shown in percentages
|rule|Endless Battle Clause: Forcing endless battles is banned
|rule|Species Clause: Limit one of each Pokémon
|rule|OHKO Clause: OHKO moves are banned
|rule|Evasion Items Clause: Evasion items are banned
|rule|Evasion Moves Clause: Evasion moves are banned
|rule|Evasion Abilities Clause: Evasion abilities are banned
|rule|Sleep Moves Clause: Sleep-inducing moves are banned
|clearpoke
|poke|p1|Samurott-Hisui, F|
|poke|p1|Great Tusk|
|poke|p1|Latios, M|
|poke|p1|Heatran, F|
|poke|p1|Pecharunt|
|poke|p1|Zamazenta-*|
|poke|p2|Landorus-Therian, M|
|poke|p2|Zamazenta-*|
|poke|p2|Corviknight, F|
|poke|p2|Umbreon, F|
|poke|p2|Raging Bolt|
|poke|p2|Sinistcha-Masterpiece|
|teampreview
|
|t:|1759066310
|teamsize|p1|6
|teamsize|p2|6
|start
|switch|p1a: Pecharunt|Pecharunt|100/100
|switch|p2a: Landorus|Landorus-Therian, M|100/100
|-ability|p2a: Landorus|Intimidate|boost
|-unboost|p1a: Pecharunt|atk|1
|turn|1
|
|t:|1759066350
|move|p2a: Landorus|Earth Power|p1a: Pecharunt
|-supereffective|p1a: Pecharunt
|-damage|p1a: Pecharunt|7/100
|move|p1a: Pecharunt|Parting Shot|p2a: Landorus
|-unboost|p2a: Landorus|atk|1
|-unboost|p2a: Landorus|spa|1
|
|t:|1759066355
|switch|p1a: Samurott|Samurott-Hisui, F|100/100|[from] Parting Shot
|
|upkeep
|turn|2
|
|t:|1759066379
|move|p2a: Landorus|U-turn|p1a: Samurott
|-supereffective|p1a: Samurott
|-damage|p1a: Samurott|63/100
|
|t:|1759066383
|switch|p2a: Corviknight|Corviknight, F|100/100|[from] U-turn
|-ability|p2a: Corviknight|Pressure
|move|p1a: Samurott|Ceaseless Edge|p2a: Corviknight
|-damage|p2a: Corviknight|67/100
|-damage|p1a: Samurott|46/100|[from] item: Rocky Helmet|[of] p2a: Corviknight
|-sidestart|p2: pipotron|Spikes
|
|upkeep
|turn|3
|
|t:|1759066414
|move|p1a: Samurott|Surf|p2a: Corviknight
|-damage|p2a: Corviknight|43/100
|move|p2a: Corviknight|Roost|p2a: Corviknight
|-heal|p2a: Corviknight|93/100
|-singleturn|p2a: Corviknight|move: Roost
|
|upkeep
|turn|4
|
|t:|1759066424
|switch|p1a: Pecharunt|Pecharunt|7/100
|move|p2a: Corviknight|Defog|p1a: Pecharunt
|-unboost|p1a: Pecharunt|evasion|1
|-sideend|p2: pipotron|Spikes|[from] move: Defog|[of] p2a: Corviknight
|
|upkeep
|turn|5
|
|t:|1759066429
|switch|p2a: Landorus|Landorus-Therian, M|100/100
|-ability|p2a: Landorus|Intimidate|boost
|-unboost|p1a: Pecharunt|atk|1
|move|p1a: Pecharunt|Recover|p1a: Pecharunt
|-heal|p1a: Pecharunt|57/100
|
|upkeep
|turn|6
|
|t:|1759066445
|switch|p1a: Great Tusk|Great Tusk|100/100
|move|p2a: Landorus|U-turn|p1a: Great Tusk
|-resisted|p1a: Great Tusk
|-damage|p1a: Great Tusk|92/100
|inactive|Battle timer is ON: inactive players will automatically lose when time's up. (requested by Bananacrazy)
|
|t:|1759066455
|switch|p2a: Sinistcha|Sinistcha-Masterpiece|100/100|[from] U-turn
|
|upkeep
|turn|7
|
|t:|1759066465
|-end|p1a: Great Tusk|Protosynthesis|[silent]
|switch|p1a: Latios|Latios, M|100/100
|move|p2a: Sinistcha|Shadow Ball|p1a: Latios
|-supereffective|p1a: Latios
|-damage|p1a: Latios|30/100
|
|upkeep
|turn|8
|
|t:|1759066472
|switch|p2a: Umbreon|Umbreon, F|100/100
|move|p1a: Latios|Flip Turn|p2a: Umbreon
|-damage|p2a: Umbreon|92/100
|
|t:|1759066480
|switch|p1a: Heatran|Heatran, F|100/100|[from] Flip Turn
|
|-heal|p2a: Umbreon|98/100|[from] item: Leftovers
|upkeep
|turn|9
|
|t:|1759066484
|move|p1a: Heatran|Stealth Rock|p2a: Umbreon
|-sidestart|p2: pipotron|move: Stealth Rock
|move|p2a: Umbreon|Thunder Wave|p1a: Heatran
|-status|p1a: Heatran|par
|
|-heal|p2a: Umbreon|100/100|[from] item: Leftovers
|upkeep
|turn|10
|
|t:|1759066492
|switch|p2a: Zamazenta|Zamazenta|100/100
|-damage|p2a: Zamazenta|94/100|[from] Stealth Rock
|-ability|p2a: Zamazenta|Dauntless Shield|boost
|-boost|p2a: Zamazenta|def|1
|move|p1a: Heatran|Magma Storm|p2a: Zamazenta|[miss]
|-miss|p1a: Heatran|p2a: Zamazenta
|
|upkeep
|turn|11
|
|t:|1759066501
|switch|p1a: Pecharunt|Pecharunt|57/100
|move|p2a: Zamazenta|Crunch|p1a: Pecharunt
|-supereffective|p1a: Pecharunt
|-damage|p1a: Pecharunt|25/100
|
|upkeep
|turn|12
|
|t:|1759066507
|switch|p1a: Zamazenta|Zamazenta|100/100
|-ability|p1a: Zamazenta|Dauntless Shield|boost
|-boost|p1a: Zamazenta|def|1
|move|p2a: Zamazenta|Crunch|p1a: Zamazenta
|-resisted|p1a: Zamazenta
|-damage|p1a: Zamazenta|94/100
|
|-heal|p1a: Zamazenta|100/100|[from] item: Leftovers
|upkeep
|turn|13
|
|t:|1759066512
|switch|p2a: Corviknight|Corviknight, F|93/100
|-damage|p2a: Corviknight|80/100|[from] Stealth Rock
|-ability|p2a: Corviknight|Pressure
|move|p1a: Zamazenta|Substitute|p1a: Zamazenta
|-start|p1a: Zamazenta|Substitute
|-damage|p1a: Zamazenta|76/100
|
|-heal|p1a: Zamazenta|82/100|[from] item: Leftovers
|upkeep
|turn|14
|
|t:|1759066516
|move|p1a: Zamazenta|Iron Defense|p1a: Zamazenta
|-boost|p1a: Zamazenta|def|2
|move|p2a: Corviknight|Iron Defense|p2a: Corviknight
|-boost|p2a: Corviknight|def|2
|
|-heal|p1a: Zamazenta|88/100|[from] item: Leftovers
|upkeep
|turn|15
|
|t:|1759066520
|move|p1a: Zamazenta|Iron Defense|p1a: Zamazenta
|-boost|p1a: Zamazenta|def|2
|move|p2a: Corviknight|Defog|p1a: Zamazenta
|-sideend|p2: pipotron|Stealth Rock|[from] move: Defog|[of] p2a: Corviknight
|
|-heal|p1a: Zamazenta|94/100|[from] item: Leftovers
|upkeep
|turn|16
|
|t:|1759066523
|move|p1a: Zamazenta|Iron Defense|p1a: Zamazenta
|-boost|p1a: Zamazenta|def|1
|move|p2a: Corviknight|Iron Defense|p2a: Corviknight
|-boost|p2a: Corviknight|def|2
|
|-heal|p1a: Zamazenta|99/100|[from] item: Leftovers
|upkeep
|turn|17
|
|t:|1759066527
|move|p1a: Zamazenta|Body Press|p2a: Corviknight
|-damage|p2a: Corviknight|42/100
|-damage|p1a: Zamazenta|83/100|[from] item: Rocky Helmet|[of] p2a: Corviknight
|move|p2a: Corviknight|Roost|p2a: Corviknight
|-heal|p2a: Corviknight|92/100
|-singleturn|p2a: Corviknight|move: Roost
|
|-heal|p1a: Zamazenta|90/100|[from] item: Leftovers
|upkeep
|turn|18
|
|t:|1759066532
|move|p1a: Zamazenta|Body Press|p2a: Corviknight
|-damage|p2a: Corviknight|53/100
|-damage|p1a: Zamazenta|73/100|[from] item: Rocky Helmet|[of] p2a: Corviknight
|move|p2a: Corviknight|Iron Defense|p2a: Corviknight
|-boost|p2a: Corviknight|def|2
|
|-heal|p1a: Zamazenta|79/100|[from] item: Leftovers
|upkeep
|turn|19
|
|t:|1759066540
|move|p1a: Zamazenta|Iron Defense|p1a: Zamazenta
|-boost|p1a: Zamazenta|def|0
|move|p2a: Corviknight|Roost|p2a: Corviknight
|-heal|p2a: Corviknight|100/100
|-singleturn|p2a: Corviknight|move: Roost
|
|-heal|p1a: Zamazenta|85/100|[from] item: Leftovers
|upkeep
|turn|20
|
|t:|1759066546
|move|p1a: Zamazenta|Body Press|p2a: Corviknight
|-damage|p2a: Corviknight|71/100
|-damage|p1a: Zamazenta|69/100|[from] item: Rocky Helmet|[of] p2a: Corviknight
|move|p2a: Corviknight|Brave Bird|p1a: Zamazenta
|-supereffective|p1a: Zamazenta
|-activate|p1a: Zamazenta|move: Substitute|[damage]
|-damage|p2a: Corviknight|67/100|[from] Recoil|[of] p1a: Zamazenta
|
|-heal|p1a: Zamazenta|75/100|[from] item: Leftovers
|upkeep
|turn|21
|
|t:|1759066553
|move|p1a: Zamazenta|Iron Defense|p1a: Zamazenta
|-boost|p1a: Zamazenta|def|0
|move|p2a: Corviknight|Roost|p2a: Corviknight
|-heal|p2a: Corviknight|100/100
|-singleturn|p2a: Corviknight|move: Roost
|
|-heal|p1a: Zamazenta|81/100|[from] item: Leftovers
|upkeep
|turn|22
|
|t:|1759066562
|move|p1a: Zamazenta|Iron Defense|p1a: Zamazenta
|-boost|p1a: Zamazenta|def|0
|move|p2a: Corviknight|Defog||[still]
|-fail|p2a: Corviknight
|
|-heal|p1a: Zamazenta|87/100|[from] item: Leftovers
|upkeep
|turn|23
|
|t:|1759066566
|move|p1a: Zamazenta|Body Press|p2a: Corviknight
|-damage|p2a: Corviknight|70/100
|-damage|p1a: Zamazenta|71/100|[from] item: Rocky Helmet|[of] p2a: Corviknight
|move|p2a: Corviknight|Iron Defense|p2a: Corviknight
|-boost|p2a: Corviknight|def|0
|
|-heal|p1a: Zamazenta|77/100|[from] item: Leftovers
|upkeep
|turn|24
|
|t:|1759066575
|move|p1a: Zamazenta|Body Press|p2a: Corviknight
|-damage|p2a: Corviknight|42/100
|-damage|p1a: Zamazenta|60/100|[from] item: Rocky Helmet|[of] p2a: Corviknight
|move|p2a: Corviknight|Iron Defense|p2a: Corviknight
|-boost|p2a: Corviknight|def|0
|
|-heal|p1a: Zamazenta|66/100|[from] item: Leftovers
|upkeep
|turn|25
|
|t:|1759066580
|move|p1a: Zamazenta|Body Press|p2a: Corviknight
|-damage|p2a: Corviknight|14/100
|-damage|p1a: Zamazenta|50/100|[from] item: Rocky Helmet|[of] p2a: Corviknight
|move|p2a: Corviknight|Roost|p2a: Corviknight
|-heal|p2a: Corviknight|64/100
|-singleturn|p2a: Corviknight|move: Roost
|
|-heal|p1a: Zamazenta|56/100|[from] item: Leftovers
|upkeep
|turn|26
|
|t:|1759066586
|move|p1a: Zamazenta|Iron Defense|p1a: Zamazenta
|-boost|p1a: Zamazenta|def|0
|move|p2a: Corviknight|Roost|p2a: Corviknight
|-heal|p2a: Corviknight|100/100
|-singleturn|p2a: Corviknight|move: Roost
|
|-heal|p1a: Zamazenta|62/100|[from] item: Leftovers
|upkeep
|turn|27
|
|t:|1759066601
|-terastallize|p1a: Zamazenta|Steel
|move|p1a: Zamazenta|Iron Defense|p1a: Zamazenta
|-boost|p1a: Zamazenta|def|0
|move|p2a: Corviknight|Iron Defense|p2a: Corviknight
|-boost|p2a: Corviknight|def|0
|
|-heal|p1a: Zamazenta|68/100|[from] item: Leftovers
|upkeep
|turn|28
|
|t:|1759066608
|move|p1a: Zamazenta|Iron Defense|p1a: Zamazenta
|-boost|p1a: Zamazenta|def|0
|move|p2a: Corviknight|Iron Defense|p2a: Corviknight
|-boost|p2a: Corviknight|def|0
|
|-heal|p1a: Zamazenta|74/100|[from] item: Leftovers
|upkeep
|turn|29
|
|t:|1759066619
|move|p1a: Zamazenta|Crunch|p2a: Corviknight
|-damage|p2a: Corviknight|96/100
|-damage|p1a: Zamazenta|58/100|[from] item: Rocky Helmet|[of] p2a: Corviknight
|move|p2a: Corviknight|Iron Defense|p2a: Corviknight
|-boost|p2a: Corviknight|def|0
|
|-heal|p1a: Zamazenta|64/100|[from] item: Leftovers
|upkeep
|turn|30
|
|t:|1759066625
|move|p1a: Zamazenta|Crunch|p2a: Corviknight
|-damage|p2a: Corviknight|91/100
|-damage|p1a: Zamazenta|47/100|[from] item: Rocky Helmet|[of] p2a: Corviknight
|move|p2a: Corviknight|Iron Defense|p2a: Corviknight
|-boost|p2a: Corviknight|def|0
|
|-heal|p1a: Zamazenta|53/100|[from] item: Leftovers
|upkeep
|turn|31
|
|t:|1759066637
|move|p1a: Zamazenta|Iron Defense|p1a: Zamazenta
|-boost|p1a: Zamazenta|def|0
|move|p2a: Corviknight|Iron Defense|p2a: Corviknight
|-boost|p2a: Corviknight|def|0
|
|-heal|p1a: Zamazenta|59/100|[from] item: Leftovers
|upkeep
|turn|32
|
|t:|1759066639
|move|p1a: Zamazenta|Iron Defense|p1a: Zamazenta
|-boost|p1a: Zamazenta|def|0
|move|p2a: Corviknight|Iron Defense|p2a: Corviknight
|-boost|p2a: Corviknight|def|0
|
|-heal|p1a: Zamazenta|65/100|[from] item: Leftovers
|upkeep
|turn|33
|
|t:|1759066643
|move|p1a: Zamazenta|Iron Defense|p1a: Zamazenta
|-boost|p1a: Zamazenta|def|0
|move|p2a: Corviknight|Iron Defense|p2a: Corviknight
|-boost|p2a: Corviknight|def|0
|
|-heal|p1a: Zamazenta|71/100|[from] item: Leftovers
|upkeep
|turn|34
|
|t:|1759066645
|move|p1a: Zamazenta|Iron Defense|p1a: Zamazenta
|-boost|p1a: Zamazenta|def|0
|move|p2a: Corviknight|Iron Defense|p2a: Corviknight
|-boost|p2a: Corviknight|def|0
|
|-heal|p1a: Zamazenta|77/100|[from] item: Leftovers
|upkeep
|turn|35
|
|t:|1759066647
|move|p1a: Zamazenta|Iron Defense|p1a: Zamazenta
|-boost|p1a: Zamazenta|def|0
|move|p2a: Corviknight|Brave Bird|p1a: Zamazenta
|-resisted|p1a: Zamazenta
|-activate|p1a: Zamazenta|move: Substitute|[damage]
|-damage|p2a: Corviknight|90/100|[from] Recoil|[of] p1a: Zamazenta
|
|-heal|p1a: Zamazenta|83/100|[from] item: Leftovers
|upkeep
|turn|36
|
|t:|1759066650
|move|p1a: Zamazenta|Iron Defense|p1a: Zamazenta
|-boost|p1a: Zamazenta|def|0
|move|p2a: Corviknight|Brave Bird|p1a: Zamazenta
|-resisted|p1a: Zamazenta
|-activate|p1a: Zamazenta|move: Substitute|[damage]
|-damage|p2a: Corviknight|89/100|[from] Recoil|[of] p1a: Zamazenta
|
|-heal|p1a: Zamazenta|90/100|[from] item: Leftovers
|upkeep
|turn|37
|
|t:|1759066653
|move|p1a: Zamazenta|Crunch|p2a: Corviknight
|-damage|p2a: Corviknight|85/100
|-damage|p1a: Zamazenta|73/100|[from] item: Rocky Helmet|[of] p2a: Corviknight
|move|p2a: Corviknight|Defog||[still]
|-fail|p2a: Corviknight
|
|-heal|p1a: Zamazenta|79/100|[from] item: Leftovers
|upkeep
|turn|38
|
|t:|1759066658
|move|p1a: Zamazenta|Crunch|p2a: Corviknight
|-damage|p2a: Corviknight|80/100
|-damage|p1a: Zamazenta|63/100|[from] item: Rocky Helmet|[of] p2a: Corviknight
|move|p2a: Corviknight|Defog||[still]
|-fail|p2a: Corviknight
|
|-heal|p1a: Zamazenta|69/100|[from] item: Leftovers
|upkeep
|turn|39
|
|t:|1759066661
|move|p1a: Zamazenta|Crunch|p2a: Corviknight
|-damage|p2a: Corviknight|75/100
|-unboost|p2a: Corviknight|def|1
|-damage|p1a: Zamazenta|52/100|[from] item: Rocky Helmet|[of] p2a: Corviknight
|move|p2a: Corviknight|Defog||[still]
|-fail|p2a: Corviknight
|
|-heal|p1a: Zamazenta|58/100|[from] item: Leftovers
|upkeep
|turn|40
|
|t:|1759066667
|move|p1a: Zamazenta|Iron Defense|p1a: Zamazenta
|-boost|p1a: Zamazenta|def|0
|move|p2a: Corviknight|Roost|p2a: Corviknight
|-heal|p2a: Corviknight|100/100
|-singleturn|p2a: Corviknight|move: Roost
|
|-heal|p1a: Zamazenta|64/100|[from] item: Leftovers
|upkeep
|turn|41
|
|t:|1759066669
|move|p1a: Zamazenta|Iron Defense|p1a: Zamazenta
|-boost|p1a: Zamazenta|def|0
|move|p2a: Corviknight|Iron Defense|p2a: Corviknight
|-boost|p2a: Corviknight|def|1
|
|-heal|p1a: Zamazenta|71/100|[from] item: Leftovers
|upkeep
|turn|42
|
|t:|1759066675
|move|p1a: Zamazenta|Iron Defense|p1a: Zamazenta
|-boost|p1a: Zamazenta|def|0
|move|p2a: Corviknight|Defog||[still]
|-fail|p2a: Corviknight
|
|-heal|p1a: Zamazenta|77/100|[from] item: Leftovers
|upkeep
|turn|43
|
|t:|1759066679
|move|p1a: Zamazenta|Iron Defense|p1a: Zamazenta
|-boost|p1a: Zamazenta|def|0
|move|p2a: Corviknight|Defog||[still]
|-fail|p2a: Corviknight
|
|-heal|p1a: Zamazenta|83/100|[from] item: Leftovers
|upkeep
|turn|44
|
|t:|1759066681
|move|p1a: Zamazenta|Crunch|p2a: Corviknight
|-damage|p2a: Corviknight|96/100
|-damage|p1a: Zamazenta|66/100|[from] item: Rocky Helmet|[of] p2a: Corviknight
|move|p2a: Corviknight|Defog||[still]
|-fail|p2a: Corviknight
|
|-heal|p1a: Zamazenta|72/100|[from] item: Leftovers
|upkeep
|turn|45
|
|t:|1759066686
|move|p1a: Zamazenta|Body Press|p2a: Corviknight
|-damage|p2a: Corviknight|69/100
|-damage|p1a: Zamazenta|56/100|[from] item: Rocky Helmet|[of] p2a: Corviknight
|move|p2a: Corviknight|Defog||[still]
|-fail|p2a: Corviknight
|
|-heal|p1a: Zamazenta|62/100|[from] item: Leftovers
|upkeep
|turn|46
|
|t:|1759066693
|move|p1a: Zamazenta|Body Press|p2a: Corviknight
|-damage|p2a: Corviknight|37/100
|-damage|p1a: Zamazenta|45/100|[from] item: Rocky Helmet|[of] p2a: Corviknight
|move|p2a: Corviknight|Defog||[still]
|-fail|p2a: Corviknight
|
|-heal|p1a: Zamazenta|52/100|[from] item: Leftovers
|upkeep
|turn|47
|
|t:|1759066696
|move|p1a: Zamazenta|Crunch|p2a: Corviknight
|-damage|p2a: Corviknight|32/100
|-damage|p1a: Zamazenta|35/100|[from] item: Rocky Helmet|[of] p2a: Corviknight
|move|p2a: Corviknight|Roost|p2a: Corviknight
|-heal|p2a: Corviknight|82/100
|-singleturn|p2a: Corviknight|move: Roost
|
|-heal|p1a: Zamazenta|41/100|[from] item: Leftovers
|upkeep
|turn|48
|
|t:|1759066700
|move|p1a: Zamazenta|Iron Defense|p1a: Zamazenta
|-boost|p1a: Zamazenta|def|0
|move|p2a: Corviknight|Defog||[still]
|-fail|p2a: Corviknight
|
|-heal|p1a: Zamazenta|47/100|[from] item: Leftovers
|upkeep
|turn|49
|
|t:|1759066705
|move|p1a: Zamazenta|Iron Defense|p1a: Zamazenta
|-boost|p1a: Zamazenta|def|0
|move|p2a: Corviknight|Defog||[still]
|-fail|p2a: Corviknight
|
|-heal|p1a: Zamazenta|53/100|[from] item: Leftovers
|upkeep
|turn|50
|
|t:|1759066710
|move|p1a: Zamazenta|Iron Defense|p1a: Zamazenta
|-boost|p1a: Zamazenta|def|0
|move|p2a: Corviknight|Defog||[still]
|-fail|p2a: Corviknight
|
|-heal|p1a: Zamazenta|59/100|[from] item: Leftovers
|upkeep
|turn|51
|
|t:|1759066712
|move|p1a: Zamazenta|Crunch|p2a: Corviknight
|-damage|p2a: Corviknight|77/100
|-unboost|p2a: Corviknight|def|1
|-damage|p1a: Zamazenta|43/100|[from] item: Rocky Helmet|[of] p2a: Corviknight
|move|p2a: Corviknight|Defog||[still]
|-fail|p2a: Corviknight
|
|-heal|p1a: Zamazenta|49/100|[from] item: Leftovers
|upkeep
|turn|52
|
|t:|1759066723
|move|p1a: Zamazenta|Iron Defense|p1a: Zamazenta
|-boost|p1a: Zamazenta|def|0
|move|p2a: Corviknight|Iron Defense|p2a: Corviknight
|-boost|p2a: Corviknight|def|1
|
|-heal|p1a: Zamazenta|55/100|[from] item: Leftovers
|upkeep
|turn|53
|
|t:|1759066727
|move|p1a: Zamazenta|Crunch|p2a: Corviknight
|-damage|p2a: Corviknight|73/100
|-damage|p1a: Zamazenta|39/100|[from] item: Rocky Helmet|[of] p2a: Corviknight
|move|p2a: Corviknight|Defog||[still]
|-fail|p2a: Corviknight
|
|-heal|p1a: Zamazenta|45/100|[from] item: Leftovers
|upkeep
|turn|54
|
|t:|1759066733
|move|p1a: Zamazenta|Iron Defense|p1a: Zamazenta
|-boost|p1a: Zamazenta|def|0
|move|p2a: Corviknight|Iron Defense|p2a: Corviknight
|-boost|p2a: Corviknight|def|0
|
|-heal|p1a: Zamazenta|51/100|[from] item: Leftovers
|upkeep
|turn|55
|
|t:|1759066735
|move|p1a: Zamazenta|Substitute|p1a: Zamazenta
|-fail|p1a: Zamazenta|move: Substitute
|move|p2a: Corviknight|Iron Defense|p2a: Corviknight
|-boost|p2a: Corviknight|def|0
|
|-heal|p1a: Zamazenta|57/100|[from] item: Leftovers
|upkeep
|turn|56
|
|t:|1759066742
|switch|p1a: Heatran|Heatran, F|100/100 par
|move|p2a: Corviknight|Defog|p1a: Heatran
|-unboost|p1a: Heatran|evasion|1
|
|upkeep
|turn|57
|
|t:|1759066750
|switch|p2a: Landorus|Landorus-Therian, M|100/100
|-ability|p2a: Landorus|Intimidate|boost
|-unboost|p1a: Heatran|atk|1
|cant|p1a: Heatran|par
|
|upkeep
|turn|58
|
|t:|1759066760
|move|p2a: Landorus|Gravity|p2a: Landorus
|-fieldstart|move: Gravity
|move|p1a: Heatran|Magma Storm|p2a: Landorus
|-damage|p2a: Landorus|47/100
|-activate|p2a: Landorus|move: Magma Storm|[of] p1a: Heatran
|
|-damage|p2a: Landorus|34/100|[from] move: Magma Storm|[partiallytrapped]
|upkeep
|turn|59
|
|t:|1759066774
|switch|p1a: Samurott|Samurott-Hisui, F|46/100
|move|p2a: Landorus|Earth Power|p1a: Samurott
|-damage|p1a: Samurott|15/100
|
|-end|p2a: Landorus|Magma Storm|[partiallytrapped]|[silent]
|upkeep
|turn|60
|
|t:|1759066780
|move|p1a: Samurott|Sucker Punch|p2a: Landorus
|-damage|p2a: Landorus|0 fnt
|faint|p2a: Landorus
|
|upkeep
|
|t:|1759066786
|switch|p2a: Zamazenta|Zamazenta|94/100
|turn|61
|
|t:|1759066800
|switch|p1a: Zamazenta|Zamazenta, tera:Steel|57/100
|move|p2a: Zamazenta|Close Combat|p1a: Zamazenta
|-supereffective|p1a: Zamazenta
|-damage|p1a: Zamazenta|0 fnt
|-unboost|p2a: Zamazenta|def|1
|-unboost|p2a: Zamazenta|spd|1
|faint|p1a: Zamazenta
|
|upkeep
|
|t:|1759066809
|switch|p1a: Latios|Latios, M|30/100
|turn|62
|
|t:|1759066815
|switch|p2a: Corviknight|Corviknight, F|73/100
|-ability|p2a: Corviknight|Pressure
|move|p1a: Latios|Flip Turn|p2a: Corviknight
|-damage|p2a: Corviknight|64/100
|-damage|p1a: Latios|13/100|[from] item: Rocky Helmet|[of] p2a: Corviknight
|
|t:|1759066819
|switch|p1a: Heatran|Heatran, F|100/100 par|[from] Flip Turn
|
|-fieldend|move: Gravity
|upkeep
|turn|63
|
|t:|1759066822
|switch|p2a: Zamazenta|Zamazenta|94/100
|move|p1a: Heatran|Magma Storm|p2a: Zamazenta
|-damage|p2a: Zamazenta|52/100
|-activate|p2a: Zamazenta|move: Magma Storm|[of] p1a: Heatran
|
|-damage|p2a: Zamazenta|39/100|[from] move: Magma Storm|[partiallytrapped]
|upkeep
|turn|64
|
|t:|1759066836
|move|p2a: Zamazenta|Close Combat|p1a: Heatran
|-supereffective|p1a: Heatran
|-damage|p1a: Heatran|2/100 par
|-unboost|p2a: Zamazenta|def|1
|-unboost|p2a: Zamazenta|spd|1
|move|p1a: Heatran|Stealth Rock|p2a: Zamazenta
|-sidestart|p2: pipotron|move: Stealth Rock
|
|-heal|p1a: Heatran|9/100 par|[from] item: Leftovers
|-damage|p2a: Zamazenta|27/100|[from] move: Magma Storm|[partiallytrapped]
|upkeep
|turn|65
|
|t:|1759066845
|move|p2a: Zamazenta|Close Combat|p1a: Heatran
|-supereffective|p1a: Heatran
|-damage|p1a: Heatran|0 fnt
|-unboost|p2a: Zamazenta|def|1
|-unboost|p2a: Zamazenta|spd|1
|faint|p1a: Heatran
|
|-end|p2a: Zamazenta|Magma Storm|[partiallytrapped]|[silent]
|upkeep
|
|t:|1759066849
|switch|p1a: Latios|Latios, M|13/100
|turn|66
|
|t:|1759066852
|switch|p2a: Corviknight|Corviknight, F|64/100
|-damage|p2a: Corviknight|51/100|[from] Stealth Rock
|-ability|p2a: Corviknight|Pressure
|move|p1a: Latios|Draco Meteor|p2a: Corviknight
|-resisted|p2a: Corviknight
|-damage|p2a: Corviknight|25/100
|-unboost|p1a: Latios|spa|2
|
|upkeep
|turn|67
|
|t:|1759066860
|switch|p1a: Pecharunt|Pecharunt|25/100
|move|p2a: Corviknight|Defog|p1a: Pecharunt
|-unboost|p1a: Pecharunt|evasion|1
|-sideend|p2: pipotron|Stealth Rock|[from] move: Defog|[of] p2a: Corviknight
|
|upkeep
|turn|68
|
|t:|1759066866
|switch|p2a: Raging Bolt|Raging Bolt|100/100
|-enditem|p2a: Raging Bolt|Booster Energy
|-activate|p2a: Raging Bolt|ability: Protosynthesis|[fromitem]
|-start|p2a: Raging Bolt|protosynthesisspa
|move|p1a: Pecharunt|Recover|p1a: Pecharunt
|-heal|p1a: Pecharunt|75/100
|
|upkeep
|turn|69
|
|t:|1759066873
|switch|p1a: Samurott|Samurott-Hisui, F|15/100
|move|p2a: Raging Bolt|Dragon Pulse|p1a: Samurott
|-damage|p1a: Samurott|0 fnt
|faint|p1a: Samurott
|
|upkeep
|
|t:|1759066880
|switch|p1a: Latios|Latios, M|13/100
|turn|70
|
|t:|1759066886
|move|p2a: Raging Bolt|Thunderclap|p1a: Latios
|-resisted|p1a: Latios
|-crit|p1a: Latios
|-damage|p1a: Latios|0 fnt
|faint|p1a: Latios
|
|upkeep
|-message|Bananacrazy forfeited.
|
|win|pipotron
|raw|Bananacrazy's rating: 1563 &rarr; <strong>1540</strong><br />(-23 for losing)
|raw|pipotron's rating: 1507 &rarr; <strong>1530</strong><br />(+23 for winning)
|l|☆Bananacrazy
|player|p1|
|l|☆pipotron
|player|p2|
