|j|☆kouros26
|j|☆cozyprincemshroom
|t:|1759070320
|gametype|singles
|player|p1|kouros26|265|1086
|player|p2|cozyprincemshroom|waiter|1114
|gen|9
|tier|[Gen 9] OU
|rated|
|rule|HP Percentage Mod: HP is shown in percentages
|rule|Endless Battle Clause: Forcing endless battles is banned
|rule|Species Clause: Limit one of each Pokémon
|rule|OHKO Clause: OHKO moves are banned
|rule|Evasion Items Clause: Evasion items are banned
|rule|Evasion Moves Clause: Evasion moves are banned
|rule|Evasion Abilities Clause: Evasion abilities are banned
|rule|Sleep Moves Clause: Sleep-inducing moves are banned
|clearpoke
|poke|p1|Tinkaton, F|
|poke|p1|Slowking-Galar, M|
|poke|p1|Torkoal, F|
|poke|p1|Charizard, F|
|poke|p1|Ambipom, M|
|poke|p1|Arboliva, F|
|poke|p2|Munkidori, M|
|poke|p2|Lycanroc-Dusk, M|
|poke|p2|Altaria, M|
|poke|p2|Poliwrath, M|
|poke|p2|Meganium, F|
|poke|p2|Inteleon, M|
|teampreview
|inactive|Battle timer is ON: inactive players will automatically lose when time's up. (requested by cozyprincemshroom)
|
|t:|1759070332
|teamsize|p1|6
|teamsize|p2|6
|start
|switch|p1a: Ambipom|Ambipom, M|100/100
|switch|p2a: Munkidori|Munkidori, M|100/100
|turn|1
|
|t:|1759070340
|move|p1a: Ambipom|Fake Out|p2a: Munkidori
|-damage|p2a: Munkidori|49/100
|cant|p2a: Munkidori|flinch
|
|upkeep
|turn|2
|
|t:|1759070347
|switch|p1a: Slowking|Slowking-Galar, M|100/100
|move|p2a: Munkidori|Trick|p1a: Slowking
|-activate|p2a: Munkidori|move: Trick|[of] p1a: Slowking
|-item|p1a: Slowking|Choice Scarf|[from] move: Trick
|-item|p2a: Munkidori|Black Sludge|[from] move: Trick
|
|-heal|p2a: Munkidori|55/100|[from] item: Black Sludge
|upkeep
|turn|3
|
|t:|1759070361
|move|p2a: Munkidori|Nasty Plot|p2a: Munkidori
|-boost|p2a: Munkidori|spa|2
|-prepare|p1a: Slowking|Chilly Reception|[premajor]
|move|p1a: Slowking|Chilly Reception|p1a: Slowking
|-weather|Snowscape
|
|t:|1759070369
|switch|p1a: Ambipom|Ambipom, M|100/100|[from] Chilly Reception
|
|-weather|Snowscape|[upkeep]
|-heal|p2a: Munkidori|61/100|[from] item: Black Sludge
|upkeep
|turn|4
|
|t:|1759070377
|switch|p2a: Lycanroc|Lycanroc-Dusk, M|100/100
|move|p1a: Ambipom|Fake Out|p2a: Lycanroc
|-resisted|p2a: Lycanroc
|-damage|p2a: Lycanroc|70/100
|
|-weather|Snowscape|[upkeep]
|upkeep
|turn|5
|
|t:|1759070385
|move|p2a: Lycanroc|Swords Dance|p2a: Lycanroc
|-boost|p2a: Lycanroc|atk|2
|move|p1a: Ambipom|U-turn|p2a: Lycanroc
|-damage|p2a: Lycanroc|32/100
|
|t:|1759070391
|switch|p1a: Tinkaton|Tinkaton, F|100/100|[from] U-turn
|-ability|p1a: Tinkaton|Mold Breaker
|
|-weather|Snowscape|[upkeep]
|upkeep
|turn|6
|
|t:|1759070398
|move|p2a: Lycanroc|Drill Run|p1a: Tinkaton
|-supereffective|p1a: Tinkaton
|-damage|p1a: Tinkaton|0 fnt
|faint|p1a: Tinkaton
|-damage|p2a: Lycanroc|22/100|[from] item: Life Orb
|
|-weather|Snowscape|[upkeep]
|upkeep
|
|t:|1759070403
|switch|p1a: Ambipom|Ambipom, M|100/100
|turn|7
|
|t:|1759070413
|move|p1a: Ambipom|Fake Out|p2a: Lycanroc
|-resisted|p2a: Lycanroc
|-damage|p2a: Lycanroc|0 fnt
|faint|p2a: Lycanroc
|
|-weather|none
|upkeep
|
|t:|1759070419
|switch|p2a: Munkidori|Munkidori, M|61/100
|turn|8
|
|t:|1759070422
|move|p2a: Munkidori|Psychic|p1a: Ambipom
|-damage|p1a: Ambipom|30/100
|move|p1a: Ambipom|Double Hit|p2a: Munkidori
|-damage|p2a: Munkidori|15/100
|-damage|p2a: Munkidori|0 fnt
|faint|p2a: Munkidori
|-hitcount|p2: Munkidori|2
|
|upkeep
|
|t:|1759070433
|switch|p2a: Poliwrath|Poliwrath, M|100/100
|turn|9
|
|t:|1759070437
|move|p1a: Ambipom|U-turn|p2a: Poliwrath
|-resisted|p2a: Poliwrath
|-damage|p2a: Poliwrath|90/100
|
|t:|1759070442
|switch|p1a: Slowking|Slowking-Galar, M|100/100|[from] U-turn
|move|p2a: Poliwrath|Bulk Up|p2a: Poliwrath
|-boost|p2a: Poliwrath|atk|1
|-boost|p2a: Poliwrath|def|1
|
|-heal|p2a: Poliwrath|96/100|[from] item: Leftovers
|upkeep
|turn|10
|
|t:|1759070452
|-terastallize|p2a: Poliwrath|Fire
|move|p2a: Poliwrath|Liquidation|p1a: Slowking
|-damage|p1a: Slowking|35/100
|move|p1a: Slowking|Toxic|p2a: Poliwrath
|-status|p2a: Poliwrath|tox
|
|-heal|p2a: Poliwrath|100/100 tox|[from] item: Leftovers
|-damage|p2a: Poliwrath|94/100 tox|[from] psn
|upkeep
|turn|11
|
|t:|1759070465
|switch|p1a: Arboliva|Arboliva, F|100/100
|move|p2a: Poliwrath|Liquidation|p1a: Arboliva
|-resisted|p1a: Arboliva
|-damage|p1a: Arboliva|68/100
|
|-heal|p2a: Poliwrath|100/100 tox|[from] item: Leftovers
|-damage|p2a: Poliwrath|88/100 tox|[from] psn
|upkeep
|turn|12
|
|t:|1759070475
|move|p2a: Poliwrath|Drain Punch|p1a: Arboliva
|-supereffective|p1a: Arboliva
|-damage|p1a: Arboliva|0 fnt
|-heal|p2a: Poliwrath|100/100 tox|[from] drain|[of] p1a: Arboliva
|faint|p1a: Arboliva
|
|-damage|p2a: Poliwrath|82/100 tox|[from] psn
|upkeep
|
|t:|1759070484
|switch|p1a: Ambipom|Ambipom, M|30/100
|turn|13
|
|t:|1759070488
|move|p1a: Ambipom|Fake Out|p2a: Poliwrath
|-damage|p2a: Poliwrath|61/100 tox
|cant|p2a: Poliwrath|flinch
|
|-heal|p2a: Poliwrath|68/100 tox|[from] item: Leftovers
|-damage|p2a: Poliwrath|43/100 tox|[from] psn
|upkeep
|turn|14
|
|t:|1759070498
|switch|p1a: Slowking|Slowking-Galar, M|68/100
|move|p2a: Poliwrath|Drain Punch|p1a: Slowking
|-resisted|p1a: Slowking
|-damage|p1a: Slowking|55/100
|-heal|p2a: Poliwrath|49/100 tox|[from] drain|[of] p1a: Slowking
|
|-heal|p2a: Poliwrath|56/100 tox|[from] item: Leftovers
|-damage|p2a: Poliwrath|24/100 tox|[from] psn
|upkeep
|turn|15
|
|t:|1759070516
|move|p2a: Poliwrath|Liquidation|p1a: Slowking
|-damage|p1a: Slowking|0 fnt
|faint|p1a: Slowking
|
|-heal|p2a: Poliwrath|31/100 tox|[from] item: Leftovers
|-damage|p2a: Poliwrath|0 fnt|[from] psn
|faint|p2a: Poliwrath
|upkeep
|
|t:|1759070528
|switch|p2a: Altaria|Altaria, M|100/100
|switch|p1a: Ambipom|Ambipom, M|30/100
|turn|16
|
|t:|1759070534
|move|p1a: Ambipom|Fake Out|p2a: Altaria
|-damage|p2a: Altaria|67/100
|cant|p2a: Altaria|flinch
|
|-heal|p2a: Altaria|73/100|[from] item: Leftovers
|upkeep
|turn|17
|
|t:|1759070542
|move|p1a: Ambipom|Triple Axel|p2a: Altaria|[miss]
|-miss|p1a: Ambipom|p2a: Altaria
|move|p2a: Altaria|Will-O-Wisp|p1a: Ambipom
|-status|p1a: Ambipom|brn
|
|-heal|p2a: Altaria|80/100|[from] item: Leftovers
|-damage|p1a: Ambipom|23/100 brn|[from] brn
|upkeep
|turn|18
|
|t:|1759070552
|switch|p2a: Inteleon|Inteleon, M|100/100
|move|p1a: Ambipom|Triple Axel|p2a: Inteleon
|-resisted|p2a: Inteleon
|-damage|p2a: Inteleon|97/100
|-resisted|p2a: Inteleon
|-damage|p2a: Inteleon|88/100
|-resisted|p2a: Inteleon
|-damage|p2a: Inteleon|77/100
|-hitcount|p2a: Inteleon|3
|
|-damage|p1a: Ambipom|17/100 brn|[from] brn
|upkeep
|turn|19
|
|t:|1759070565
|switch|p1a: Torkoal|Torkoal, F|100/100
|-weather|SunnyDay|[from] ability: Drought|[of] p1a: Torkoal
|move|p2a: Inteleon|Scald|p1a: Torkoal
|-supereffective|p1a: Torkoal
|-damage|p1a: Torkoal|34/100
|-damage|p2a: Inteleon|67/100|[from] item: Life Orb
|
|-weather|SunnyDay|[upkeep]
|upkeep
|turn|20
|
|t:|1759070578
|move|p2a: Inteleon|Scald|p1a: Torkoal
|-supereffective|p1a: Torkoal
|-damage|p1a: Torkoal|0 fnt
|faint|p1a: Torkoal
|-damage|p2a: Inteleon|57/100|[from] item: Life Orb
|
|-weather|SunnyDay|[upkeep]
|upkeep
|
|t:|1759070584
|switch|p1a: Ambipom|Ambipom, M|17/100 brn
|turn|21
|
|t:|1759070588
|switch|p2a: Altaria|Altaria, M|80/100
|move|p1a: Ambipom|Fake Out|p2a: Altaria
|-damage|p2a: Altaria|62/100
|
|-weather|SunnyDay|[upkeep]
|-heal|p2a: Altaria|68/100|[from] item: Leftovers
|-damage|p1a: Ambipom|11/100 brn|[from] brn
|upkeep
|turn|22
|
|t:|1759070598
|move|p1a: Ambipom|Triple Axel|p2a: Altaria
|-supereffective|p2a: Altaria
|-damage|p2a: Altaria|48/100
|-supereffective|p2a: Altaria
|-damage|p2a: Altaria|4/100
|-supereffective|p2a: Altaria
|-damage|p2a: Altaria|0 fnt
|faint|p2a: Altaria
|-hitcount|p2: Altaria|3
|
|-weather|SunnyDay|[upkeep]
|-damage|p1a: Ambipom|5/100 brn|[from] brn
|upkeep
|
|t:|1759070618
|switch|p2a: Inteleon|Inteleon, M|57/100
|turn|23
|
|t:|1759070622
|move|p2a: Inteleon|Scald|p1a: Ambipom
|-damage|p1a: Ambipom|0 fnt
|faint|p1a: Ambipom
|-damage|p2a: Inteleon|47/100|[from] item: Life Orb
|
|-weather|SunnyDay|[upkeep]
|upkeep
|
|t:|1759070628
|switch|p1a: Charizard|Charizard, F, shiny|100/100
|turn|24
|
|t:|1759070635
|switch|p2a: Meganium|Meganium, F|100/100
|-terastallize|p1a: Charizard|Grass
|move|p1a: Charizard|Flamethrower|p2a: Meganium
|-supereffective|p2a: Meganium
|-damage|p2a: Meganium|0 fnt
|faint|p2a: Meganium
|
|-weather|SunnyDay|[upkeep]
|-damage|p1a: Charizard|88/100|[from] ability: Solar Power|[of] p1a: Charizard
|upkeep
|
|t:|1759070647
|switch|p2a: Inteleon|Inteleon, M|47/100
|turn|25
|
|t:|1759070650
|move|p2a: Inteleon|Ice Beam|p1a: Charizard
|-supereffective|p1a: Charizard
|-damage|p1a: Charizard|0 fnt
|faint|p1a: Charizard
|-damage|p2a: Inteleon|37/100|[from] item: Life Orb
|
|win|cozyprincemshroom
|raw|kouros26's rating: 1086 &rarr; <strong>1065</strong><br />(-21 for losing)
|raw|cozyprincemshroom's rating: 1114 &rarr; <strong>1137</strong><br />(+23 for winning)
|l|☆kouros26
|player|p1|
|l|☆cozyprincemshroom
|player|p2|
