|j|☆Clausura
|j|☆Beto1769
|t:|1759013723
|gametype|singles
|player|p1|Clausura|cynthia-gen4|1570
|player|p2|Beto1769|erika|1705
|gen|9
|tier|[Gen 9] OU
|rated|
|rule|HP Percentage Mod: HP is shown in percentages
|rule|Endless Battle Clause: Forcing endless battles is banned
|rule|Species Clause: Limit one of each Pokémon
|rule|OHKO Clause: OHKO moves are banned
|rule|Evasion Items Clause: Evasion items are banned
|rule|Evasion Moves Clause: Evasion moves are banned
|rule|Evasion Abilities Clause: Evasion abilities are banned
|rule|Sleep Moves Clause: Sleep-inducing moves are banned
|clearpoke
|poke|p1|Hydrapple, M|
|poke|p1|Tinkaton, F|
|poke|p1|Moltres|
|poke|p1|Rotom-Wash|
|poke|p1|Great Tusk|
|poke|p1|Darkrai|
|poke|p2|Ogerpon-Wellspring, F|
|poke|p2|Hatterene, F|
|poke|p2|Ting-Lu|
|poke|p2|Raging Bolt|
|poke|p2|Corviknight, M|
|poke|p2|Dragapult, M|
|teampreview
|inactive|Battle timer is ON: inactive players will automatically lose when time's up. (requested by Clausura)
|
|t:|1759013744
|teamsize|p1|6
|teamsize|p2|6
|start
|switch|p1a: Darkrai|Darkrai|100/100
|switch|p2a: Ting-Lu|Ting-Lu|100/100
|-ability|p2a: Ting-Lu|Vessel of Ruin
|turn|1
|
|t:|1759013749
|switch|p1a: Rotom|Rotom-Wash|100/100
|move|p2a: Ting-Lu|Stealth Rock|p1a: Rotom
|-sidestart|p1: Clausura|move: Stealth Rock
|
|upkeep
|turn|2
|
|t:|1759013754
|switch|p2a: Hatterene|Hatterene, F|100/100
|move|p1a: Rotom|Volt Switch|p2a: Hatterene
|-damage|p2a: Hatterene|85/100
|
|t:|1759013757
|switch|p1a: Tinkaton|Tinkaton, F|100/100|[from] Volt Switch
|-damage|p1a: Tinkaton|94/100|[from] Stealth Rock
|-ability|p1a: Tinkaton|Mold Breaker
|
|-heal|p1a: Tinkaton|100/100|[from] item: Leftovers
|upkeep
|turn|3
|
|t:|1759013765
|switch|p2a: Raging Bolt|Raging Bolt|100/100
|move|p1a: Tinkaton|Stealth Rock|p2a: Raging Bolt
|-sidestart|p2: Beto1769|move: Stealth Rock
|
|upkeep
|turn|4
|
|t:|1759013769
|move|p1a: Tinkaton|Knock Off|p2a: Raging Bolt
|-damage|p2a: Raging Bolt|85/100
|-enditem|p2a: Raging Bolt|Leftovers|[from] move: Knock Off|[of] p1a: Tinkaton
|move|p2a: Raging Bolt|Thunderbolt|p1a: Tinkaton
|-damage|p1a: Tinkaton|51/100
|
|-heal|p1a: Tinkaton|57/100|[from] item: Leftovers
|upkeep
|turn|5
|
|t:|1759013775
|switch|p1a: Great Tusk|Great Tusk|100/100
|move|p2a: Raging Bolt|Dragon Pulse|p1a: Great Tusk
|-damage|p1a: Great Tusk|17/100
|
|upkeep
|turn|6
|j| Squallskip
|
|t:|1759013780
|-end|p2a: Raging Bolt|Protosynthesis|[silent]
|switch|p2a: Dragapult|Dragapult, M|100/100
|move|p1a: Great Tusk|Ice Spinner|p2a: Dragapult
|-supereffective|p2a: Dragapult
|-damage|p2a: Dragapult|25/100
|
|upkeep
|turn|7
|
|t:|1759013787
|-end|p1a: Great Tusk|Protosynthesis|[silent]
|switch|p1a: Moltres|Moltres|100/100
|move|p2a: Dragapult|Dragon Darts|p1a: Moltres
|-damage|p1a: Moltres|80/100
|-anim|p2a: Dragapult|Dragon Darts|p1a: Moltres
|-damage|p1a: Moltres|61/100
|
|upkeep
|turn|8
|
|t:|1759013794
|switch|p2a: Hatterene|Hatterene, F|85/100
|-damage|p2a: Hatterene|73/100|[from] Stealth Rock
|move|p1a: Moltres|U-turn|p2a: Hatterene
|-damage|p2a: Hatterene|58/100
|
|t:|1759013796
|switch|p1a: Tinkaton|Tinkaton, F|57/100|[from] U-turn
|-damage|p1a: Tinkaton|51/100|[from] Stealth Rock
|-ability|p1a: Tinkaton|Mold Breaker
|
|-heal|p1a: Tinkaton|57/100|[from] item: Leftovers
|upkeep
|turn|9
|l| Squallskip
|
|t:|1759013808
|switch|p2a: Ting-Lu|Ting-Lu|100/100
|-damage|p2a: Ting-Lu|94/100|[from] Stealth Rock
|-ability|p2a: Ting-Lu|Vessel of Ruin
|move|p1a: Tinkaton|Knock Off|p2a: Ting-Lu
|-resisted|p2a: Ting-Lu
|-damage|p2a: Ting-Lu|90/100
|-enditem|p2a: Ting-Lu|Leftovers|[from] move: Knock Off|[of] p1a: Tinkaton
|
|-heal|p1a: Tinkaton|63/100|[from] item: Leftovers
|upkeep
|turn|10
|
|t:|1759013812
|switch|p1a: Great Tusk|Great Tusk|17/100
|move|p2a: Ting-Lu|Ruination|p1a: Great Tusk
|-damage|p1a: Great Tusk|9/100
|
|upkeep
|turn|11
|
|t:|1759013816
|move|p1a: Great Tusk|Rapid Spin|p2a: Ting-Lu
|-damage|p2a: Ting-Lu|79/100
|-boost|p1a: Great Tusk|spe|1
|-sideend|p1: Clausura|Stealth Rock|[from] move: Rapid Spin|[of] p1a: Great Tusk
|move|p2a: Ting-Lu|Earthquake|p1a: Great Tusk
|-damage|p1a: Great Tusk|0 fnt
|faint|p1a: Great Tusk
|-end|p1a: Great Tusk|Protosynthesis|[silent]
|
|upkeep
|
|t:|1759013819
|switch|p1a: Hydrapple|Hydrapple, M|100/100
|turn|12
|
|t:|1759013824
|move|p1a: Hydrapple|Nasty Plot|p1a: Hydrapple
|-boost|p1a: Hydrapple|spa|2
|move|p2a: Ting-Lu|Stealth Rock|p1a: Hydrapple
|-sidestart|p1: Clausura|move: Stealth Rock
|
|upkeep
|turn|13
|
|t:|1759013826
|move|p1a: Hydrapple|Fickle Beam|p2a: Ting-Lu
|-damage|p2a: Ting-Lu|43/100
|move|p2a: Ting-Lu|Whirlwind|p1a: Hydrapple
|drag|p1a: Rotom|Rotom-Wash|100/100
|-damage|p1a: Rotom|88/100|[from] Stealth Rock
|
|upkeep
|turn|14
|
|t:|1759013835
|move|p1a: Rotom|Hydro Pump|p2a: Ting-Lu
|-supereffective|p2a: Ting-Lu
|-damage|p2a: Ting-Lu|8/100
|move|p2a: Ting-Lu|Ruination|p1a: Rotom
|-damage|p1a: Rotom|44/100
|
|upkeep
|turn|15
|
|t:|1759013845
|switch|p2a: Ogerpon|Ogerpon-Wellspring, F|100/100
|-damage|p2a: Ogerpon|88/100|[from] Stealth Rock
|move|p1a: Rotom|Hydro Pump|p2a: Ogerpon
|-heal|p2a: Ogerpon|100/100|[from] ability: Water Absorb|[of] p1a: Rotom
|
|upkeep
|turn|16
|
|t:|1759013851
|move|p2a: Ogerpon|Knock Off|p1a: Rotom
|-crit|p1a: Rotom
|-damage|p1a: Rotom|0 fnt
|-damage|p2a: Ogerpon|84/100|[from] item: Rocky Helmet|[of] p1a: Rotom
|-enditem|p1a: Rotom|Rocky Helmet|[from] move: Knock Off|[of] p2a: Ogerpon
|faint|p1a: Rotom
|
|upkeep
|
|t:|1759013854
|switch|p1a: Hydrapple|Hydrapple, M|100/100
|turn|17
|
|t:|1759013859
|move|p2a: Ogerpon|Knock Off|p1a: Hydrapple
|-damage|p1a: Hydrapple|73/100
|-enditem|p1a: Hydrapple|Heavy-Duty Boots|[from] move: Knock Off|[of] p2a: Ogerpon
|move|p1a: Hydrapple|Fickle Beam|p2a: Ogerpon|[anim] Fickle Beam All Out
|-activate|p1a: Hydrapple|move: Fickle Beam
|-damage|p2a: Ogerpon|0 fnt
|faint|p2a: Ogerpon
|
|upkeep
|
|t:|1759013876
|switch|p2a: Hatterene|Hatterene, F|58/100
|-damage|p2a: Hatterene|45/100|[from] Stealth Rock
|turn|18
|
|t:|1759013879
|-terastallize|p1a: Hydrapple|Fairy
|move|p1a: Hydrapple|Nasty Plot|p1a: Hydrapple
|-boost|p1a: Hydrapple|spa|2
|move|p2a: Hatterene|Mystical Fire|p1a: Hydrapple
|-damage|p1a: Hydrapple|46/100
|-unboost|p1a: Hydrapple|spa|1
|
|upkeep
|turn|19
|
|t:|1759013883
|move|p1a: Hydrapple|Leaf Storm|p2a: Hatterene
|-damage|p2a: Hatterene|0 fnt
|-unboost|p1a: Hydrapple|spa|2
|faint|p2a: Hatterene
|
|upkeep
|
|t:|1759013888
|switch|p2a: Raging Bolt|Raging Bolt|85/100
|-damage|p2a: Raging Bolt|72/100|[from] Stealth Rock
|turn|20
|
|t:|1759013892
|move|p2a: Raging Bolt|Calm Mind|p2a: Raging Bolt
|-boost|p2a: Raging Bolt|spa|1
|-boost|p2a: Raging Bolt|spd|1
|move|p1a: Hydrapple|Fickle Beam|p2a: Raging Bolt|[anim] Fickle Beam All Out
|-activate|p1a: Hydrapple|move: Fickle Beam
|-supereffective|p2a: Raging Bolt
|-damage|p2a: Raging Bolt|3/100
|
|upkeep
|turn|21
|
|t:|1759013896
|move|p2a: Raging Bolt|Thunderbolt|p1a: Hydrapple
|-damage|p1a: Hydrapple|0 fnt
|faint|p1a: Hydrapple
|
|upkeep
|
|t:|1759013902
|switch|p1a: Tinkaton|Tinkaton, F|63/100
|-damage|p1a: Tinkaton|57/100|[from] Stealth Rock
|-ability|p1a: Tinkaton|Mold Breaker
|turn|22
|
|t:|1759013913
|move|p2a: Raging Bolt|Thunderclap||[still]
|-fail|p2a: Raging Bolt
|move|p1a: Tinkaton|Encore|p2a: Raging Bolt
|-start|p2a: Raging Bolt|Encore
|
|-heal|p1a: Tinkaton|63/100|[from] item: Leftovers
|upkeep
|turn|23
|
|t:|1759013918
|-end|p2a: Raging Bolt|Protosynthesis|[silent]
|switch|p2a: Corviknight|Corviknight, M|100/100
|-damage|p2a: Corviknight|88/100|[from] Stealth Rock
|-ability|p2a: Corviknight|Pressure
|move|p1a: Tinkaton|Knock Off|p2a: Corviknight
|-damage|p2a: Corviknight|78/100
|-damage|p1a: Tinkaton|46/100|[from] item: Rocky Helmet|[of] p2a: Corviknight
|-enditem|p2a: Corviknight|Rocky Helmet|[from] move: Knock Off|[of] p1a: Tinkaton
|
|-heal|p1a: Tinkaton|53/100|[from] item: Leftovers
|upkeep
|turn|24
|
|t:|1759013922
|switch|p1a: Darkrai|Darkrai|100/100
|-damage|p1a: Darkrai|88/100|[from] Stealth Rock
|move|p2a: Corviknight|Defog|p1a: Darkrai
|-unboost|p1a: Darkrai|evasion|1
|-sideend|p1: Clausura|Stealth Rock|[from] move: Defog|[of] p2a: Corviknight
|-sideend|p2: Beto1769|Stealth Rock|[from] move: Defog|[of] p2a: Corviknight
|
|-heal|p1a: Darkrai|94/100|[from] item: Leftovers
|upkeep
|turn|25
|
|t:|1759013927
|move|p1a: Darkrai|Dark Pulse|p2a: Corviknight
|-damage|p2a: Corviknight|35/100
|move|p2a: Corviknight|Brave Bird|p1a: Darkrai
|-crit|p1a: Darkrai
|-damage|p1a: Darkrai|16/100
|-damage|p2a: Corviknight|17/100|[from] Recoil
|
|-heal|p1a: Darkrai|22/100|[from] item: Leftovers
|upkeep
|turn|26
|
|t:|1759013932
|move|p1a: Darkrai|Dark Pulse|p2a: Corviknight
|-damage|p2a: Corviknight|0 fnt
|faint|p2a: Corviknight
|
|-heal|p1a: Darkrai|28/100|[from] item: Leftovers
|upkeep
|
|t:|1759013950
|switch|p2a: Dragapult|Dragapult, M|25/100
|turn|27
|
|t:|1759013953
|move|p2a: Dragapult|Hex|p1a: Darkrai
|-resisted|p1a: Darkrai
|-damage|p1a: Darkrai|11/100
|move|p1a: Darkrai|Dark Pulse|p2a: Dragapult
|-supereffective|p2a: Dragapult
|-damage|p2a: Dragapult|0 fnt
|faint|p2a: Dragapult
|
|-heal|p1a: Darkrai|17/100|[from] item: Leftovers
|upkeep
|
|t:|1759013958
|switch|p2a: Raging Bolt|Raging Bolt|3/100
|turn|28
|
|t:|1759013961
|move|p2a: Raging Bolt|Thunderclap|p1a: Darkrai
|-damage|p1a: Darkrai|0 fnt
|faint|p1a: Darkrai
|
|upkeep
|
|t:|1759013963
|switch|p1a: Tinkaton|Tinkaton, F|53/100
|-ability|p1a: Tinkaton|Mold Breaker
|turn|29
|
|t:|1759013965
|-end|p2a: Raging Bolt|Protosynthesis|[silent]
|switch|p2a: Ting-Lu|Ting-Lu|8/100
|-ability|p2a: Ting-Lu|Vessel of Ruin
|move|p1a: Tinkaton|Knock Off|p2a: Ting-Lu
|-resisted|p2a: Ting-Lu
|-damage|p2a: Ting-Lu|5/100
|
|-heal|p1a: Tinkaton|59/100|[from] item: Leftovers
|upkeep
|turn|30
|
|t:|1759013972
|move|p1a: Tinkaton|Gigaton Hammer|p2a: Ting-Lu
|-damage|p2a: Ting-Lu|0 fnt
|faint|p2a: Ting-Lu
|
|-heal|p1a: Tinkaton|65/100|[from] item: Leftovers
|upkeep
|j| Squallskip
|
|t:|1759013975
|switch|p2a: Raging Bolt|Raging Bolt|3/100
|turn|31
|l| Squallskip
|
|t:|1759013977
|move|p1a: Tinkaton|Knock Off|p2a: Raging Bolt
|-damage|p2a: Raging Bolt|0 fnt
|faint|p2a: Raging Bolt
|-end|p2a: Raging Bolt|Protosynthesis|[silent]
|
|win|Clausura
|raw|Clausura's rating: 1570 &rarr; <strong>1597</strong><br />(+27 for winning)
|raw|Beto1769's rating: 1705 &rarr; <strong>1678</strong><br />(-27 for losing)
|l|☆Beto1769
|player|p2|
