|j|☆roryta
|j|☆damedesyo
|t:|1759049857
|gametype|singles
|player|p1|roryta|hilbert|1100
|player|p2|damedesyo|102|1162
|gen|9
|tier|[Gen 9] OU
|rated|
|rule|HP Percentage Mod: HP is shown in percentages
|rule|Endless Battle Clause: Forcing endless battles is banned
|rule|Species Clause: Limit one of each Pokémon
|rule|OHKO Clause: OHKO moves are banned
|rule|Evasion Items Clause: Evasion items are banned
|rule|Evasion Moves Clause: Evasion moves are banned
|rule|Evasion Abilities Clause: Evasion abilities are banned
|rule|Sleep Moves Clause: Sleep-inducing moves are banned
|clearpoke
|poke|p1|Kyurem|
|poke|p1|Darkrai|
|poke|p1|Iron Treads|
|poke|p1|Primarina, F|
|poke|p1|Whiscash, M|
|poke|p1|Infernape, M|
|poke|p2|Landorus-Therian, M|
|poke|p2|Corviknight, M|
|poke|p2|Heatran, M|
|poke|p2|Weavile, F|
|poke|p2|Raging Bolt|
|poke|p2|Slowking-Galar, F|
|teampreview
|inactive|Battle timer is ON: inactive players will automatically lose when time's up. (requested by roryta)
|
|t:|1759049875
|teamsize|p1|6
|teamsize|p2|6
|start
|switch|p1a: Darkrai|Darkrai|100/100
|switch|p2a: Landorus|Landorus-Therian, M|100/100
|-ability|p2a: Landorus|Intimidate|boost
|-unboost|p1a: Darkrai|atk|1
|turn|1
|
|t:|1759049881
|move|p2a: Landorus|U-turn|p1a: Darkrai
|-supereffective|p1a: Darkrai
|-damage|p1a: Darkrai|32/100
|
|t:|1759049884
|switch|p2a: Heatran|Heatran, M|100/100|[from] U-turn
|move|p1a: Darkrai|Nasty Plot|p1a: Darkrai
|-boost|p1a: Darkrai|spa|2
|
|upkeep
|turn|2
|
|t:|1759049889
|move|p1a: Darkrai|Dark Pulse|p2a: Heatran
|-damage|p2a: Heatran|26/100
|-damage|p1a: Darkrai|22/100|[from] item: Life Orb
|cant|p2a: Heatran|flinch
|
|-heal|p2a: Heatran|33/100|[from] item: Leftovers
|upkeep
|turn|3
|
|t:|1759049899
|move|p1a: Darkrai|Dark Pulse|p2a: Heatran
|-damage|p2a: Heatran|0 fnt
|faint|p2a: Heatran
|-damage|p1a: Darkrai|12/100|[from] item: Life Orb
|
|upkeep
|
|t:|1759049905
|switch|p2a: Raging Bolt|Raging Bolt|100/100
|turn|4
|
|t:|1759049910
|move|p2a: Raging Bolt|Thunderclap|p1a: Darkrai
|-damage|p1a: Darkrai|0 fnt
|faint|p1a: Darkrai
|
|upkeep
|
|t:|1759049914
|switch|p1a: Primarina|Primarina, F, shiny|100/100
|turn|5
|
|t:|1759049919
|move|p2a: Raging Bolt|Volt Switch|p1a: Primarina
|-supereffective|p1a: Primarina
|-damage|p1a: Primarina|46/100
|
|t:|1759049923
|-end|p2a: Raging Bolt|Protosynthesis|[silent]
|switch|p2a: Slowking|Slowking-Galar, F|100/100|[from] Volt Switch
|move|p1a: Primarina|Moonblast|p2a: Slowking
|-resisted|p2a: Slowking
|-damage|p2a: Slowking|84/100
|
|upkeep
|turn|6
|
|t:|1759049948
|move|p1a: Primarina|Psychic Noise|p2a: Slowking
|-damage|p2a: Slowking|66/100
|-start|p2a: Slowking|move: Heal Block
|-prepare|p2a: Slowking|Chilly Reception|[premajor]
|move|p2a: Slowking|Chilly Reception|p2a: Slowking
|-weather|Snowscape
|
|t:|1759049961
|switch|p2a: Landorus|Landorus-Therian, M|100/100|[from] Chilly Reception
|-ability|p2a: Landorus|Intimidate|boost
|-unboost|p1a: Primarina|atk|1
|
|-weather|Snowscape|[upkeep]
|upkeep
|turn|7
|
|t:|1759049971
|move|p2a: Landorus|Earthquake|p1a: Primarina
|-damage|p1a: Primarina|0 fnt
|faint|p1a: Primarina
|
|-weather|Snowscape|[upkeep]
|upkeep
|
|t:|1759049980
|switch|p1a: Whiscash|Whiscash, M|100/100
|turn|8
|
|t:|1759049985
|switch|p2a: Raging Bolt|Raging Bolt|100/100
|move|p1a: Whiscash|Curse|p1a: Whiscash
|-unboost|p1a: Whiscash|spe|1
|-boost|p1a: Whiscash|atk|1
|-boost|p1a: Whiscash|def|1
|
|-weather|Snowscape|[upkeep]
|upkeep
|turn|9
|
|t:|1759049990
|move|p2a: Raging Bolt|Dragon Pulse|p1a: Whiscash
|-damage|p1a: Whiscash|66/100
|move|p1a: Whiscash|Curse|p1a: Whiscash
|-unboost|p1a: Whiscash|spe|1
|-boost|p1a: Whiscash|atk|1
|-boost|p1a: Whiscash|def|1
|
|-weather|Snowscape|[upkeep]
|-heal|p1a: Whiscash|73/100|[from] item: Leftovers
|upkeep
|turn|10
|
|t:|1759050000
|move|p2a: Raging Bolt|Dragon Pulse|p1a: Whiscash
|-damage|p1a: Whiscash|36/100
|move|p1a: Whiscash|Curse|p1a: Whiscash
|-unboost|p1a: Whiscash|spe|1
|-boost|p1a: Whiscash|atk|1
|-boost|p1a: Whiscash|def|1
|
|-weather|none
|-heal|p1a: Whiscash|42/100|[from] item: Leftovers
|upkeep
|turn|11
|
|t:|1759050007
|move|p2a: Raging Bolt|Dragon Pulse|p1a: Whiscash
|-damage|p1a: Whiscash|5/100
|move|p1a: Whiscash|Rest|p1a: Whiscash
|-status|p1a: Whiscash|slp|[from] move: Rest
|-heal|p1a: Whiscash|100/100 slp|[silent]
|
|upkeep
|turn|12
|
|t:|1759050020
|move|p2a: Raging Bolt|Dragon Pulse|p1a: Whiscash
|-damage|p1a: Whiscash|61/100 slp
|cant|p1a: Whiscash|slp
|move|p1a: Whiscash|Sleep Talk|p1a: Whiscash
|move|p1a: Whiscash|Liquidation|p2a: Raging Bolt|[from] move: Sleep Talk
|-resisted|p2a: Raging Bolt
|-damage|p2a: Raging Bolt|73/100
|-unboost|p2a: Raging Bolt|def|1
|
|-heal|p1a: Whiscash|67/100 slp|[from] item: Leftovers
|upkeep
|turn|13
|
|t:|1759050037
|move|p2a: Raging Bolt|Dragon Pulse|p1a: Whiscash
|-damage|p1a: Whiscash|33/100 slp
|cant|p1a: Whiscash|slp
|move|p1a: Whiscash|Sleep Talk|p1a: Whiscash
|move|p1a: Whiscash|Liquidation|p2a: Raging Bolt|[from] move: Sleep Talk
|-resisted|p2a: Raging Bolt
|-crit|p2a: Raging Bolt
|-damage|p2a: Raging Bolt|6/100
|
|-heal|p1a: Whiscash|40/100 slp|[from] item: Leftovers
|upkeep
|turn|14
|
|t:|1759050051
|move|p2a: Raging Bolt|Dragon Pulse|p1a: Whiscash
|-damage|p1a: Whiscash|5/100 slp
|-curestatus|p1a: Whiscash|slp|[msg]
|move|p1a: Whiscash|Rest|p1a: Whiscash
|-status|p1a: Whiscash|slp|[from] move: Rest
|-heal|p1a: Whiscash|100/100 slp|[silent]
|
|upkeep
|turn|15
|
|t:|1759050060
|move|p2a: Raging Bolt|Dragon Pulse|p1a: Whiscash
|-damage|p1a: Whiscash|66/100 slp
|cant|p1a: Whiscash|slp
|move|p1a: Whiscash|Sleep Talk|p1a: Whiscash
|move|p1a: Whiscash|Liquidation|p2a: Raging Bolt|[from] move: Sleep Talk
|-resisted|p2a: Raging Bolt
|-damage|p2a: Raging Bolt|0 fnt
|faint|p2a: Raging Bolt
|-end|p2a: Raging Bolt|Protosynthesis|[silent]
|
|-heal|p1a: Whiscash|73/100 slp|[from] item: Leftovers
|upkeep
|
|t:|1759050073
|switch|p2a: Landorus|Landorus-Therian, M|100/100
|-ability|p2a: Landorus|Intimidate|boost
|-fail|p1a: Whiscash|unboost|Attack|[from] ability: Oblivious|[of] p1a: Whiscash
|turn|16
|
|t:|1759050079
|move|p2a: Landorus|Grass Knot|p1a: Whiscash
|-supereffective|p1a: Whiscash
|-damage|p1a: Whiscash|46/100 slp
|cant|p1a: Whiscash|slp
|move|p1a: Whiscash|Sleep Talk|p1a: Whiscash
|move|p1a: Whiscash|Curse|p1a: Whiscash|[from] move: Sleep Talk
|-unboost|p1a: Whiscash|spe|1
|-boost|p1a: Whiscash|atk|1
|-boost|p1a: Whiscash|def|1
|
|-heal|p1a: Whiscash|52/100 slp|[from] item: Leftovers
|upkeep
|turn|17
|
|t:|1759050092
|move|p2a: Landorus|Grass Knot|p1a: Whiscash
|-supereffective|p1a: Whiscash
|-damage|p1a: Whiscash|24/100 slp
|-curestatus|p1a: Whiscash|slp|[msg]
|move|p1a: Whiscash|Rest|p1a: Whiscash
|-status|p1a: Whiscash|slp|[from] move: Rest
|-heal|p1a: Whiscash|100/100 slp|[silent]
|
|upkeep
|turn|18
|
|t:|1759050102
|move|p2a: Landorus|Grass Knot|p1a: Whiscash
|-supereffective|p1a: Whiscash
|-damage|p1a: Whiscash|71/100 slp
|cant|p1a: Whiscash|slp
|move|p1a: Whiscash|Sleep Talk|p1a: Whiscash
|move|p1a: Whiscash|Liquidation|p2a: Landorus|[from] move: Sleep Talk
|-supereffective|p2a: Landorus
|-damage|p2a: Landorus|0 fnt
|faint|p2a: Landorus
|
|-heal|p1a: Whiscash|77/100 slp|[from] item: Leftovers
|upkeep
|
|t:|1759050109
|switch|p2a: Slowking|Slowking-Galar, F|99/100
|turn|19
|
|t:|1759050118
|move|p2a: Slowking|Future Sight|p1a: Whiscash
|-start|p2a: Slowking|move: Future Sight
|cant|p1a: Whiscash|slp
|move|p1a: Whiscash|Sleep Talk|p1a: Whiscash
|move|p1a: Whiscash|Curse|p1a: Whiscash|[from] move: Sleep Talk
|-unboost|p1a: Whiscash|spe|1
|-boost|p1a: Whiscash|atk|1
|-boost|p1a: Whiscash|def|1
|
|-heal|p1a: Whiscash|83/100 slp|[from] item: Leftovers
|upkeep
|turn|20
|
|t:|1759050137
|move|p2a: Slowking|Sludge Bomb|p1a: Whiscash
|-resisted|p1a: Whiscash
|-damage|p1a: Whiscash|72/100 slp
|-curestatus|p1a: Whiscash|slp|[msg]
|move|p1a: Whiscash|Sleep Talk||[still]
|-fail|p1a: Whiscash
|
|-heal|p1a: Whiscash|78/100|[from] item: Leftovers
|upkeep
|turn|21
|
|t:|1759050145
|-terastallize|p2a: Slowking|Water
|move|p2a: Slowking|Sludge Bomb|p1a: Whiscash
|-resisted|p1a: Whiscash
|-damage|p1a: Whiscash|65/100
|-status|p1a: Whiscash|psn
|move|p1a: Whiscash|Liquidation|p2a: Slowking
|-resisted|p2a: Slowking
|-damage|p2a: Slowking|55/100
|
|-end|p1a: Whiscash|move: Future Sight
|-damage|p1a: Whiscash|33/100 psn
|-heal|p1a: Whiscash|39/100 psn|[from] item: Leftovers
|-damage|p1a: Whiscash|27/100 psn|[from] psn
|upkeep
|turn|22
|
|t:|1759050161
|move|p2a: Slowking|Future Sight|p1a: Whiscash
|-start|p2a: Slowking|move: Future Sight
|move|p1a: Whiscash|Rest|p1a: Whiscash
|-status|p1a: Whiscash|slp|[from] move: Rest
|-heal|p1a: Whiscash|100/100 slp|[silent]
|
|upkeep
|turn|23
|
|t:|1759050169
|switch|p2a: Corviknight|Corviknight, M|100/100
|-ability|p2a: Corviknight|Pressure
|cant|p1a: Whiscash|slp
|move|p1a: Whiscash|Sleep Talk|p1a: Whiscash
|move|p1a: Whiscash|Liquidation|p2a: Corviknight|[from] move: Sleep Talk
|-damage|p2a: Corviknight|53/100
|
|-heal|p2a: Corviknight|59/100|[from] item: Leftovers
|upkeep
|turn|24
|
|t:|1759050182
|move|p2a: Corviknight|U-turn|p1a: Whiscash
|-damage|p1a: Whiscash|96/100 slp
|
|t:|1759050186
|switch|p2a: Slowking|Slowking-Galar, F, tera:Water|89/100|[from] U-turn
|cant|p1a: Whiscash|slp
|move|p1a: Whiscash|Sleep Talk|p1a: Whiscash
|move|p1a: Whiscash|Curse|p1a: Whiscash|[from] move: Sleep Talk
|-unboost|p1a: Whiscash|spe|1
|-boost|p1a: Whiscash|atk|1
|-boost|p1a: Whiscash|def|1
|
|-end|p1a: Whiscash|move: Future Sight
|-damage|p1a: Whiscash|64/100 slp
|-heal|p1a: Whiscash|70/100 slp|[from] item: Leftovers
|upkeep
|turn|25
|
|t:|1759050198
|move|p2a: Slowking|Future Sight|p1a: Whiscash
|-start|p2a: Slowking|move: Future Sight
|-curestatus|p1a: Whiscash|slp|[msg]
|move|p1a: Whiscash|Liquidation|p2a: Slowking
|-resisted|p2a: Slowking
|-damage|p2a: Slowking|40/100
|
|-heal|p1a: Whiscash|77/100|[from] item: Leftovers
|upkeep
|turn|26
|
|t:|1759050209
|move|p2a: Slowking|Sludge Bomb|p1a: Whiscash
|-resisted|p1a: Whiscash
|-damage|p1a: Whiscash|64/100
|-status|p1a: Whiscash|psn
|move|p1a: Whiscash|Liquidation|p2a: Slowking
|-resisted|p2a: Slowking
|-damage|p2a: Slowking|0 fnt
|faint|p2a: Slowking
|
|-heal|p1a: Whiscash|70/100 psn|[from] item: Leftovers
|-damage|p1a: Whiscash|58/100 psn|[from] psn
|upkeep
|
|t:|1759050221
|switch|p2a: Weavile|Weavile, F|100/100
|-ability|p2a: Weavile|Pressure
|turn|27
|
|t:|1759050224
|move|p2a: Weavile|Triple Axel|p1a: Whiscash
|-damage|p1a: Whiscash|55/100 psn
|-damage|p1a: Whiscash|50/100 psn
|-damage|p1a: Whiscash|43/100 psn
|-hitcount|p1a: Whiscash|3
|move|p1a: Whiscash|Rest|p1a: Whiscash
|-status|p1a: Whiscash|slp|[from] move: Rest
|-heal|p1a: Whiscash|100/100 slp|[silent]
|
|-end|p1a: Whiscash|move: Future Sight
|-damage|p1a: Whiscash|68/100 slp
|-heal|p1a: Whiscash|74/100 slp|[from] item: Leftovers
|upkeep
|turn|28
|-message|damedesyo forfeited.
|
|win|roryta
|raw|roryta's rating: 1100 &rarr; <strong>1129</strong><br />(+29 for winning)
|raw|damedesyo's rating: 1162 &rarr; <strong>1133</strong><br />(-29 for losing)
|l|☆damedesyo
|player|p2|
|l|☆roryta
|player|p1|
