|j|☆lt124yh 925
|j|☆samohi0
|t:|1758937463
|gametype|singles
|player|p1|lt124yh 925|pokemonbreederf-gen4|1781
|player|p2|samohi0|hoopster|1794
|gen|9
|tier|[Gen 9] OU
|rated|
|rule|HP Percentage Mod: HP is shown in percentages
|rule|Endless Battle Clause: Forcing endless battles is banned
|rule|Species Clause: Limit one of each Pokémon
|rule|OHKO Clause: OHKO moves are banned
|rule|Evasion Items Clause: Evasion items are banned
|rule|Evasion Moves Clause: Evasion moves are banned
|rule|Evasion Abilities Clause: Evasion abilities are banned
|rule|Sleep Moves Clause: Sleep-inducing moves are banned
|clearpoke
|poke|p1|Indeedee, M|
|poke|p1|Hatterene, F|
|poke|p1|Ursaluna, F|
|poke|p1|Iron Hands|
|poke|p1|Hoopa-Unbound|
|poke|p1|Mimikyu, F|
|poke|p2|Dragapult, M|
|poke|p2|Lokix, F|
|poke|p2|Alomomola, M|
|poke|p2|Great Tusk|
|poke|p2|Enamorus, F|
|poke|p2|Iron Crown|
|teampreview
|inactive|Battle timer is ON: inactive players will automatically lose when time's up. (requested by lt124yh 925)
|j| chengzun
|l| chengzun
|
|t:|1758937493
|teamsize|p1|6
|teamsize|p2|6
|start
|switch|p1a: Iron Hands|Iron Hands, shiny|100/100
|switch|p2a: Lokix|Lokix, F|100/100
|-enditem|p1a: Iron Hands|Booster Energy
|-activate|p1a: Iron Hands|ability: Quark Drive|[fromitem]
|-start|p1a: Iron Hands|quarkdriveatk
|turn|1
|
|t:|1758937505
|move|p2a: Lokix|U-turn|p1a: Iron Hands
|-resisted|p1a: Iron Hands
|-damage|p1a: Iron Hands|67/100
|
|t:|1758937507
|switch|p2a: Great Tusk|Great Tusk|100/100|[from] U-turn
|move|p1a: Iron Hands|Close Combat|p2a: Great Tusk
|-damage|p2a: Great Tusk|26/100
|-unboost|p1a: Iron Hands|def|1
|-unboost|p1a: Iron Hands|spd|1
|
|upkeep
|turn|2
|
|t:|1758937531
|move|p2a: Great Tusk|Stealth Rock|p1a: Iron Hands
|-sidestart|p1: lt124yh 925|move: Stealth Rock
|move|p1a: Iron Hands|Ice Punch|p2a: Great Tusk
|-supereffective|p2a: Great Tusk
|-damage|p2a: Great Tusk|0 fnt
|faint|p2a: Great Tusk
|-end|p2a: Great Tusk|Protosynthesis|[silent]
|
|upkeep
|
|t:|1758937546
|switch|p2a: Iron Crown|Iron Crown|100/100
|turn|3
|
|t:|1758937556
|move|p2a: Iron Crown|Psychic Noise|p1a: Iron Hands
|-supereffective|p1a: Iron Hands
|-damage|p1a: Iron Hands|0 fnt
|faint|p1a: Iron Hands
|-end|p1a: Iron Hands|Quark Drive|[silent]
|
|upkeep
|
|t:|1758937561
|switch|p1a: Indeedee|Indeedee, M|100/100
|-damage|p1a: Indeedee|88/100|[from] Stealth Rock
|-fieldstart|move: Psychic Terrain|[from] ability: Psychic Surge|[of] p1a: Indeedee
|turn|4
|
|t:|1758937565
|move|p2a: Iron Crown|Psychic Noise|p1a: Indeedee
|-resisted|p1a: Indeedee
|-damage|p1a: Indeedee|52/100
|-start|p1a: Indeedee|move: Heal Block
|move|p1a: Indeedee|Trick Room|p1a: Indeedee
|-fieldstart|move: Trick Room|[of] p1a: Indeedee
|
|upkeep
|turn|5
|
|t:|1758937569
|switch|p1a: Hatterene|Hatterene, F, shiny|100/100
|-damage|p1a: Hatterene|88/100|[from] Stealth Rock
|-end|p2a: Iron Crown|Quark Drive|[silent]
|switch|p2a: Alomomola|Alomomola, M|100/100
|
|upkeep
|turn|6
|
|t:|1758937574
|-terastallize|p1a: Hatterene|Stellar
|move|p1a: Hatterene|Expanding Force|p2a: Alomomola
|-damage|p2a: Alomomola|6/100
|-damage|p1a: Hatterene|78/100|[from] item: Life Orb
|move|p2a: Alomomola|Mirror Coat|p1a: Hatterene
|-damage|p1a: Hatterene|0 fnt
|faint|p1a: Hatterene
|
|upkeep
|
|t:|1758937582
|switch|p1a: Ursaluna|Ursaluna, F|100/100
|-damage|p1a: Ursaluna|94/100|[from] Stealth Rock
|turn|7
|
|t:|1758937587
|switch|p2a: Iron Crown|Iron Crown|100/100
|move|p1a: Ursaluna|Ice Punch|p2a: Iron Crown
|-resisted|p2a: Iron Crown
|-damage|p2a: Iron Crown|84/100
|
|-status|p1a: Ursaluna|brn|[from] item: Flame Orb
|upkeep
|turn|8
|
|t:|1758937592
|-end|p2a: Iron Crown|Quark Drive|[silent]
|switch|p2a: Enamorus|Enamorus, F|100/100
|move|p1a: Ursaluna|Headlong Rush|p2a: Enamorus
|-immune|p2a: Enamorus
|
|-damage|p1a: Ursaluna|88/100 brn|[from] brn
|-fieldend|move: Trick Room
|upkeep
|turn|9
|
|t:|1758937601
|move|p2a: Enamorus|Healing Wish|p2a: Enamorus
|faint|p2a: Enamorus
|move|p1a: Ursaluna|Ice Punch|p2: Enamorus|[notarget]
|-fail|p1a: Ursaluna
|
|-damage|p1a: Ursaluna|82/100 brn|[from] brn
|upkeep
|
|t:|1758937607
|switch|p2a: Lokix|Lokix, F|100/100
|turn|10
|inactive|lt124yh 925 has 120 seconds left.
|
|t:|1758937640
|move|p2a: Lokix|U-turn|p1a: Ursaluna
|-damage|p1a: Ursaluna|43/100 brn
|
|t:|1758937644
|switch|p2a: Alomomola|Alomomola, M|39/100|[from] U-turn
|-heal|p2a: Alomomola|100/100|[from] move: Healing Wish
|move|p1a: Ursaluna|Headlong Rush|p2a: Alomomola
|-damage|p2a: Alomomola|29/100
|-unboost|p1a: Ursaluna|def|1
|-unboost|p1a: Ursaluna|spd|1
|
|-damage|p1a: Ursaluna|37/100 brn|[from] brn
|upkeep
|turn|11
|
|t:|1758937648
|move|p1a: Ursaluna|Headlong Rush|p2a: Alomomola
|-damage|p2a: Alomomola|0 fnt
|-unboost|p1a: Ursaluna|def|1
|-unboost|p1a: Ursaluna|spd|1
|faint|p2a: Alomomola
|
|-damage|p1a: Ursaluna|31/100 brn|[from] brn
|-fieldend|move: Psychic Terrain
|upkeep
|
|t:|1758937653
|switch|p2a: Lokix|Lokix, F|100/100
|turn|12
|j| FaronAan
|inactive|lt124yh 925 has 120 seconds left.
|
|t:|1758937707
|switch|p1a: Indeedee|Indeedee, M|52/100
|-damage|p1a: Indeedee|39/100|[from] Stealth Rock
|-fieldstart|move: Psychic Terrain|[from] ability: Psychic Surge|[of] p1a: Indeedee
|move|p2a: Lokix|Leech Life|p1a: Indeedee
|-supereffective|p1a: Indeedee
|-damage|p1a: Indeedee|0 fnt
|faint|p1a: Indeedee
|
|upkeep
|
|t:|1758937711
|switch|p1a: Mimikyu|Mimikyu, F, shiny|100/100
|-damage|p1a: Mimikyu|88/100|[from] Stealth Rock
|turn|13
|
|t:|1758937718
|move|p2a: Lokix|Leech Life|p1a: Mimikyu
|-activate|p1a: Mimikyu|ability: Disguise
|-damage|p1a: Mimikyu|88/100
|detailschange|p1a: Mimikyu|Mimikyu-Busted, F, shiny
|-damage|p1a: Mimikyu|76/100|[from] pokemon: Mimikyu-Busted
|-enditem|p1a: Mimikyu|Red Card|[of] p2a: Lokix
|drag|p2a: Dragapult|Dragapult, M|100/100
|move|p1a: Mimikyu|Trick Room|p1a: Mimikyu
|-fieldstart|move: Trick Room|[of] p1a: Mimikyu
|
|upkeep
|turn|14
|inactive|lt124yh 925 has 120 seconds left.
|
|t:|1758937728
|switch|p1a: Ursaluna|Ursaluna, F|31/100 brn
|-damage|p1a: Ursaluna|25/100 brn|[from] Stealth Rock
|move|p2a: Dragapult|Dragon Darts|p1a: Ursaluna
|-damage|p1a: Ursaluna|0 fnt
|faint|p1a: Ursaluna
|
|upkeep
|
|t:|1758937731
|switch|p1a: Hoopa|Hoopa-Unbound|100/100
|-damage|p1a: Hoopa|88/100|[from] Stealth Rock
|-enditem|p1a: Hoopa|Psychic Seed
|-boost|p1a: Hoopa|spd|1|[from] item: Psychic Seed
|turn|15
|
|t:|1758937739
|move|p1a: Hoopa|Hyperspace Fury|p2a: Dragapult
|-supereffective|p2a: Dragapult
|-damage|p2a: Dragapult|0 fnt
|-unboost|p1a: Hoopa|def|1
|faint|p2a: Dragapult
|-item|p1a: Hoopa|Choice Band|[from] ability: Magician|[of] p2: Dragapult
|
|upkeep
|
|t:|1758937741
|switch|p2a: Lokix|Lokix, F|100/100
|turn|16
|
|t:|1758937763
|switch|p1a: Mimikyu|Mimikyu-Busted, F, shiny|76/100
|-damage|p1a: Mimikyu|63/100|[from] Stealth Rock
|move|p2a: Lokix|Leech Life|p1a: Mimikyu
|-resisted|p1a: Mimikyu
|-damage|p1a: Mimikyu|35/100
|
|upkeep
|turn|17
|
|t:|1758937769
|move|p1a: Mimikyu|Destiny Bond|p1a: Mimikyu
|-singlemove|p1a: Mimikyu|Destiny Bond
|move|p2a: Lokix|Leech Life|p1a: Mimikyu
|-resisted|p1a: Mimikyu
|-damage|p1a: Mimikyu|7/100
|
|-fieldend|move: Trick Room
|upkeep
|turn|18
|
|t:|1758937772
|switch|p2a: Iron Crown|Iron Crown|84/100
|move|p1a: Mimikyu|Trick Room|p1a: Mimikyu
|-fieldstart|move: Trick Room|[of] p1a: Mimikyu
|
|upkeep
|turn|19
|
|t:|1758937779
|move|p1a: Mimikyu|Curse|p2a: Iron Crown
|-start|p2a: Iron Crown|Curse|[of] p1a: Mimikyu
|-damage|p1a: Mimikyu|0 fnt
|faint|p1a: Mimikyu
|move|p2a: Iron Crown|Volt Switch|p1: Mimikyu|[notarget]
|-fail|p2a: Iron Crown
|
|-damage|p2a: Iron Crown|59/100|[from] Curse
|-fieldend|move: Psychic Terrain
|upkeep
|
|t:|1758937781
|switch|p1a: Hoopa|Hoopa-Unbound|88/100
|-damage|p1a: Hoopa|76/100|[from] Stealth Rock
|turn|20
|
|t:|1758937785
|move|p1a: Hoopa|Hyperspace Fury|p2a: Iron Crown
|-supereffective|p2a: Iron Crown
|-damage|p2a: Iron Crown|0 fnt
|-unboost|p1a: Hoopa|def|1
|faint|p2a: Iron Crown
|-end|p2a: Iron Crown|Quark Drive|[silent]
|
|upkeep
|
|t:|1758937787
|switch|p2a: Lokix|Lokix, F|100/100
|turn|21
|
|t:|1758937793
|move|p2a: Lokix|First Impression|p1a: Hoopa
|-supereffective|p1a: Hoopa
|-damage|p1a: Hoopa|0 fnt
|faint|p1a: Hoopa
|
|win|samohi0
|raw|lt124yh 925's rating: 1781 &rarr; <strong>1762</strong><br />(-19 for losing)
|raw|samohi0's rating: 1794 &rarr; <strong>1813</strong><br />(+19 for winning)
|c|☆lt124yh 925|gg
|l|☆lt124yh 925
|player|p1|
|c|☆samohi0|gg
|l| FaronAan
|l|☆samohi0
|player|p2|
