|j|☆Yomoma’sash
|j|☆Huboy
|t:|1759001507
|gametype|singles
|player|p1|Yomoma’sash|169|1554
|player|p2|Huboy|2|1533
|gen|9
|tier|[Gen 9] OU
|rated|
|rule|HP Percentage Mod: HP is shown in percentages
|rule|Endless Battle Clause: Forcing endless battles is banned
|rule|Species Clause: Limit one of each Pokémon
|rule|OHKO Clause: OHKO moves are banned
|rule|Evasion Items Clause: Evasion items are banned
|rule|Evasion Moves Clause: Evasion moves are banned
|rule|Evasion Abilities Clause: Evasion abilities are banned
|rule|Sleep Moves Clause: Sleep-inducing moves are banned
|clearpoke
|poke|p1|Charizard, M|
|poke|p1|Venusaur, M|
|poke|p1|Lapras, M|
|poke|p1|Blastoise, F|
|poke|p1|Snorlax, F|
|poke|p1|Clefable, M|
|poke|p2|Dondozo, M|
|poke|p2|Milotic, F|
|poke|p2|Toxicroak, M|
|poke|p2|Ribombee, M|
|poke|p2|Kleavor, F|
|poke|p2|Cinccino, M|
|teampreview
|inactive|Battle timer is ON: inactive players will automatically lose when time's up. (requested by Huboy)
|inactive|Yomoma’sash has 120 seconds left.
|inactive|Yomoma’sash has 90 seconds left.
|
|t:|1759001583
|teamsize|p1|6
|teamsize|p2|6
|start
|switch|p1a: Snorlax|Snorlax, F|100/100
|switch|p2a: Kleavor|Kleavor, F|100/100
|turn|1
|
|t:|1759001594
|move|p2a: Kleavor|Stone Axe|p1a: Snorlax
|-damage|p1a: Snorlax|51/100
|-sidestart|p1: Yomoma’sash|move: Stealth Rock
|move|p1a: Snorlax|Heat Crash|p2a: Kleavor
|-damage|p2a: Kleavor|51/100
|
|upkeep
|turn|2
|
|t:|1759001599
|move|p2a: Kleavor|Stone Axe|p1a: Snorlax
|-damage|p1a: Snorlax|1/100
|move|p1a: Snorlax|Heat Crash|p2a: Kleavor
|-damage|p2a: Kleavor|3/100
|
|upkeep
|turn|3
|-enditem|p1a: Snorlax|Custap Berry|[eat]
|-activate|p1a: Snorlax|item: Custap Berry|[consumed]
|
|t:|1759001603
|move|p1a: Snorlax|Body Slam|p2a: Kleavor
|-resisted|p2a: Kleavor
|-damage|p2a: Kleavor|0 fnt
|faint|p2a: Kleavor
|
|upkeep
|
|t:|1759001621
|switch|p2a: Ribombee|Ribombee, M|100/100
|turn|4
|
|t:|1759001624
|move|p2a: Ribombee|Moonblast|p1a: Snorlax
|-damage|p1a: Snorlax|0 fnt
|faint|p1a: Snorlax
|
|upkeep
|
|t:|1759001631
|switch|p1a: Lapras|Lapras, M|100/100
|-damage|p1a: Lapras|76/100|[from] Stealth Rock
|turn|5
|
|t:|1759001635
|switch|p2a: Toxicroak|Toxicroak, M|100/100
|move|p1a: Lapras|Freeze-Dry|p2a: Toxicroak
|-damage|p2a: Toxicroak|28/100
|
|-heal|p2a: Toxicroak|34/100|[from] item: Leftovers
|upkeep
|turn|6
|
|t:|1759001649
|-terastallize|p1a: Lapras|Ghost
|move|p2a: Toxicroak|Close Combat|p1a: Lapras
|-immune|p1a: Lapras
|move|p1a: Lapras|Freeze-Dry|p2a: Toxicroak
|-damage|p2a: Toxicroak|0 fnt
|faint|p2a: Toxicroak
|
|upkeep
|
|t:|1759001654
|switch|p2a: Milotic|Milotic, F|100/100
|turn|7
|
|t:|1759001658
|move|p2a: Milotic|Scald|p1a: Lapras
|-heal|p1a: Lapras|100/100|[from] ability: Water Absorb|[of] p2a: Milotic
|move|p1a: Lapras|Freeze-Dry|p2a: Milotic
|-supereffective|p2a: Milotic
|-damage|p2a: Milotic|30/100
|
|upkeep
|turn|8
|-message|Huboy forfeited.
|
|win|Yomoma’sash
|raw|Yomoma’sash's rating: 1554 &rarr; <strong>1573</strong><br />(+19 for winning)
|raw|Huboy's rating: 1533 &rarr; <strong>1514</strong><br />(-19 for losing)
|l|☆Huboy
|player|p2|
