|j|☆ikun0116
|j|☆yixing-onestar
|t:|1759037222
|gametype|singles
|player|p1|ikun0116|cynthia-gen4|1233
|player|p2|yixing-onestar|swimmerf-gen4|1181
|gen|9
|tier|[Gen 9] OU
|rated|
|rule|HP Percentage Mod: HP is shown in percentages
|rule|Endless Battle Clause: Forcing endless battles is banned
|rule|Species Clause: Limit one of each Pokémon
|rule|OHKO Clause: OHKO moves are banned
|rule|Evasion Items Clause: Evasion items are banned
|rule|Evasion Moves Clause: Evasion moves are banned
|rule|Evasion Abilities Clause: Evasion abilities are banned
|rule|Sleep Moves Clause: Sleep-inducing moves are banned
|clearpoke
|poke|p1|Ogerpon-Wellspring, F|
|poke|p1|Kingambit, M|
|poke|p1|Landorus-Therian, M|
|poke|p1|Glimmora, F|
|poke|p1|Dragapult, F|
|poke|p1|Iron Valiant|
|poke|p2|Ting-Lu|
|poke|p2|Iron Moth|
|poke|p2|Muk-Alola, M|
|poke|p2|Great Tusk|
|poke|p2|Garganacl, M|
|poke|p2|Alomomola, F|
|teampreview
|inactive|Battle timer is ON: inactive players will automatically lose when time's up. (requested by ikun0116)
|
|t:|1759037237
|teamsize|p1|6
|teamsize|p2|6
|start
|switch|p1a: Kingambit|Kingambit, M|100/100
|switch|p2a: Ting-Lu|Ting-Lu|100/100
|-ability|p2a: Ting-Lu|Vessel of Ruin
|turn|1
|
|t:|1759037247
|move|p1a: Kingambit|Swords Dance|p1a: Kingambit
|-boost|p1a: Kingambit|atk|2
|move|p2a: Ting-Lu|Body Press|p1a: Kingambit
|-supereffective|p1a: Kingambit
|-damage|p1a: Kingambit|7/100
|
|-heal|p1a: Kingambit|13/100|[from] item: Leftovers
|upkeep
|turn|2
|
|t:|1759037256
|move|p1a: Kingambit|Sucker Punch|p2a: Ting-Lu
|-resisted|p2a: Ting-Lu
|-damage|p2a: Ting-Lu|85/100
|move|p2a: Ting-Lu|Body Press|p1a: Kingambit
|-supereffective|p1a: Kingambit
|-damage|p1a: Kingambit|0 fnt
|faint|p1a: Kingambit
|-end|p1a: Kingambit|fallenundefined|[silent]
|
|-heal|p2a: Ting-Lu|91/100|[from] item: Leftovers
|upkeep
|
|t:|1759037262
|switch|p1a: Ogerpon|Ogerpon-Wellspring, F|100/100
|turn|3
|
|t:|1759037272
|-terastallize|p1a: Ogerpon|Water
|detailschange|p1a: Ogerpon|Ogerpon-Wellspring-Tera, F, tera:Water
|-ability|p1a: Ogerpon|Embody Aspect (Wellspring)|boost
|-boost|p1a: Ogerpon|spd|1
|move|p1a: Ogerpon|Ivy Cudgel|p2a: Ting-Lu|[anim] Ivy Cudgel Water
|-supereffective|p2a: Ting-Lu
|-damage|p2a: Ting-Lu|29/100
|move|p2a: Ting-Lu|Stealth Rock|p1a: Ogerpon
|-sidestart|p1: ikun0116|move: Stealth Rock
|
|-heal|p2a: Ting-Lu|35/100|[from] item: Leftovers
|upkeep
|turn|4
|
|t:|1759037285
|switch|p2a: Alomomola|Alomomola, F|100/100
|move|p1a: Ogerpon|Ivy Cudgel|p2a: Alomomola|[anim] Ivy Cudgel Water
|-resisted|p2a: Alomomola
|-damage|p2a: Alomomola|73/100
|
|-heal|p2a: Alomomola|79/100|[from] item: Leftovers
|upkeep
|turn|5
|
|t:|1759037293
|switch|p2a: Iron Moth|Iron Moth, shiny|100/100
|move|p1a: Ogerpon|Horn Leech|p2a: Iron Moth
|-resisted|p2a: Iron Moth
|-damage|p2a: Iron Moth|82/100
|
|upkeep
|turn|6
|
|t:|1759037303
|-terastallize|p2a: Iron Moth|Grass
|move|p2a: Iron Moth|Energy Ball|p1a: Ogerpon
|-supereffective|p1a: Ogerpon
|-damage|p1a: Ogerpon|16/100
|-unboost|p1a: Ogerpon|spd|1
|move|p1a: Ogerpon|Ivy Cudgel|p2a: Iron Moth|[anim] Ivy Cudgel Water
|-resisted|p2a: Iron Moth
|-damage|p2a: Iron Moth|12/100
|
|upkeep
|turn|7
|
|t:|1759037324
|-end|p2a: Iron Moth|Quark Drive|[silent]
|switch|p2a: Muk|Muk-Alola, M|100/100
|-item|p2a: Muk|Air Balloon
|move|p1a: Ogerpon|Play Rough|p2a: Muk|[miss]
|-miss|p1a: Ogerpon|p2a: Muk
|
|upkeep
|turn|8
|
|t:|1759037338
|move|p1a: Ogerpon|Ivy Cudgel|p2a: Muk|[anim] Ivy Cudgel Water
|-damage|p2a: Muk|23/100
|-enditem|p2a: Muk|Air Balloon
|move|p2a: Muk|Knock Off|p1a: Ogerpon
|-damage|p1a: Ogerpon|0 fnt
|faint|p1a: Ogerpon
|detailschange|p1: Ogerpon|Ogerpon-Wellspring, F|[silent]
|
|upkeep
|
|t:|1759037349
|switch|p1a: Landorus|Landorus-Therian, M|100/100
|-damage|p1a: Landorus|88/100|[from] Stealth Rock
|-ability|p1a: Landorus|Intimidate|boost
|-unboost|p2a: Muk|atk|1
|turn|9
|
|t:|1759037363
|switch|p2a: Alomomola|Alomomola, F|100/100
|move|p1a: Landorus|Earthquake|p2a: Alomomola
|-damage|p2a: Alomomola|63/100
|
|-heal|p2a: Alomomola|69/100|[from] item: Leftovers
|upkeep
|turn|10
|
|t:|1759037374
|switch|p1a: Glimmora|Glimmora, F|100/100
|-damage|p1a: Glimmora|88/100|[from] Stealth Rock
|move|p2a: Alomomola|Flip Turn|p1a: Glimmora
|-supereffective|p1a: Glimmora
|-damage|p1a: Glimmora|49/100
|-activate|p1a: Glimmora|ability: Toxic Debris
|-sidestart|p2: yixing-onestar|move: Toxic Spikes
|
|t:|1759037389
|switch|p2a: Iron Moth|Iron Moth, shiny, tera:Grass|12/100|[from] Flip Turn
|-status|p2a: Iron Moth|psn
|
|-damage|p2a: Iron Moth|0 fnt|[from] psn
|faint|p2a: Iron Moth
|-end|p2a: Iron Moth|Quark Drive|[silent]
|upkeep
|inactiveoff|Battle timer is now OFF.
|
|t:|1759037402
|switch|p2a: Muk|Muk-Alola, M|23/100
|-sideend|p2: yixing-onestar|move: Toxic Spikes|[of] p2a: Muk
|turn|11
|
|t:|1759037416
|switch|p2a: Alomomola|Alomomola, F|100/100
|move|p1a: Glimmora|Earth Power|p2a: Alomomola
|-damage|p2a: Alomomola|75/100
|
|-heal|p2a: Alomomola|82/100|[from] item: Leftovers
|upkeep
|turn|12
|
|t:|1759037425
|move|p1a: Glimmora|Mortal Spin|p2a: Alomomola
|-damage|p2a: Alomomola|77/100
|-status|p2a: Alomomola|psn
|-sideend|p1: ikun0116|Stealth Rock|[from] move: Mortal Spin|[of] p1a: Glimmora
|move|p2a: Alomomola|Flip Turn|p1a: Glimmora
|-supereffective|p1a: Glimmora
|-damage|p1a: Glimmora|10/100
|-activate|p1a: Glimmora|ability: Toxic Debris
|-sidestart|p2: yixing-onestar|move: Toxic Spikes
|
|t:|1759037429
|switch|p2a: Muk|Muk-Alola, M|23/100|[from] Flip Turn
|-sideend|p2: yixing-onestar|move: Toxic Spikes|[of] p2a: Muk
|
|upkeep
|turn|13
|
|t:|1759037444
|switch|p2a: Alomomola|Alomomola, F|100/100 psn
|move|p1a: Glimmora|Earth Power|p2a: Alomomola
|-damage|p2a: Alomomola|75/100 psn
|-unboost|p2a: Alomomola|spd|1
|
|-heal|p2a: Alomomola|81/100 psn|[from] item: Leftovers
|-damage|p2a: Alomomola|69/100 psn|[from] psn
|upkeep
|turn|14
|
|t:|1759037463
|switch|p1a: Iron Valiant|Iron Valiant|100/100
|-enditem|p1a: Iron Valiant|Booster Energy
|-activate|p1a: Iron Valiant|ability: Quark Drive|[fromitem]
|-start|p1a: Iron Valiant|quarkdrivespe
|move|p2a: Alomomola|Flip Turn|p1a: Iron Valiant
|-damage|p1a: Iron Valiant|81/100
|
|t:|1759037509
|switch|p2a: Great Tusk|Great Tusk|100/100|[from] Flip Turn
|
|upkeep
|turn|15
|inactive|Battle timer is ON: inactive players will automatically lose when time's up. (requested by yixing-onestar)
|
|t:|1759037567
|move|p1a: Iron Valiant|Encore||[still]
|-fail|p1a: Iron Valiant
|move|p2a: Great Tusk|Headlong Rush|p1a: Iron Valiant
|-damage|p1a: Iron Valiant|1/100
|-unboost|p2a: Great Tusk|def|1
|-unboost|p2a: Great Tusk|spd|1
|
|upkeep
|turn|16
|
|t:|1759037585
|-end|p2a: Great Tusk|Protosynthesis|[silent]
|switch|p2a: Ting-Lu|Ting-Lu|35/100
|-ability|p2a: Ting-Lu|Vessel of Ruin
|move|p1a: Iron Valiant|Spirit Break|p2a: Ting-Lu
|-supereffective|p2a: Ting-Lu
|-crit|p2a: Ting-Lu
|-damage|p2a: Ting-Lu|0 fnt
|faint|p2a: Ting-Lu
|
|upkeep
|
|t:|1759037599
|switch|p2a: Great Tusk|Great Tusk|100/100
|turn|17
|
|t:|1759037606
|move|p1a: Iron Valiant|Spirit Break|p2a: Great Tusk
|-supereffective|p2a: Great Tusk
|-damage|p2a: Great Tusk|44/100
|-unboost|p2a: Great Tusk|spa|1
|move|p2a: Great Tusk|Rapid Spin|p1a: Iron Valiant
|-damage|p1a: Iron Valiant|0 fnt
|-boost|p2a: Great Tusk|spe|1
|faint|p1a: Iron Valiant
|-end|p1a: Iron Valiant|Quark Drive|[silent]
|
|upkeep
|
|t:|1759037617
|switch|p1a: Landorus|Landorus-Therian, M|88/100
|-ability|p1a: Landorus|Intimidate|boost
|-unboost|p2a: Great Tusk|atk|1
|turn|18
|
|t:|1759037635
|-end|p2a: Great Tusk|Protosynthesis|[silent]
|switch|p2a: Alomomola|Alomomola, F|100/100 psn
|move|p1a: Landorus|Earthquake|p2a: Alomomola
|-damage|p2a: Alomomola|64/100 psn
|
|-heal|p2a: Alomomola|70/100 psn|[from] item: Leftovers
|-damage|p2a: Alomomola|58/100 psn|[from] psn
|upkeep
|turn|19
|
|t:|1759037646
|switch|p1a: Dragapult|Dragapult, F|100/100
|move|p2a: Alomomola|Wish|p2a: Alomomola
|
|-heal|p2a: Alomomola|64/100 psn|[from] item: Leftovers
|-damage|p2a: Alomomola|51/100 psn|[from] psn
|upkeep
|turn|20
|
|t:|1759037662
|move|p1a: Dragapult|Draco Meteor|p2a: Alomomola
|-damage|p2a: Alomomola|0 fnt
|-unboost|p1a: Dragapult|spa|2
|faint|p2a: Alomomola
|
|upkeep
|
|t:|1759037666
|switch|p2a: Garganacl|Garganacl, M, shiny|100/100
|turn|21
|
|t:|1759037672
|switch|p1a: Glimmora|Glimmora, F|10/100
|move|p2a: Garganacl|Iron Defense|p2a: Garganacl
|-boost|p2a: Garganacl|def|2
|
|upkeep
|turn|22
|
|t:|1759037681
|move|p1a: Glimmora|Mortal Spin|p2a: Garganacl
|-resisted|p2a: Garganacl
|-damage|p2a: Garganacl|99/100
|move|p2a: Garganacl|Salt Cure|p1a: Glimmora
|-damage|p1a: Glimmora|0 fnt
|-activate|p1a: Glimmora|ability: Toxic Debris
|-sidestart|p2: yixing-onestar|move: Toxic Spikes
|faint|p1a: Glimmora
|
|-heal|p2a: Garganacl|100/100|[from] item: Leftovers
|upkeep
|
|t:|1759037694
|switch|p1a: Landorus|Landorus-Therian, M|88/100
|-ability|p1a: Landorus|Intimidate|boost
|-unboost|p2a: Garganacl|atk|1
|turn|23
|
|t:|1759037699
|move|p1a: Landorus|Earthquake|p2a: Garganacl
|-supereffective|p2a: Garganacl
|-damage|p2a: Garganacl|65/100
|move|p2a: Garganacl|Iron Defense|p2a: Garganacl
|-boost|p2a: Garganacl|def|2
|
|-heal|p2a: Garganacl|71/100|[from] item: Leftovers
|upkeep
|turn|24
|
|t:|1759037706
|move|p1a: Landorus|Earthquake|p2a: Garganacl
|-supereffective|p2a: Garganacl
|-damage|p2a: Garganacl|50/100
|move|p2a: Garganacl|Salt Cure|p1a: Landorus
|-damage|p1a: Landorus|79/100
|-start|p1a: Landorus|Salt Cure
|
|-heal|p2a: Garganacl|56/100|[from] item: Leftovers
|-damage|p1a: Landorus|66/100|[from] Salt Cure
|upkeep
|turn|25
|
|t:|1759037717
|move|p1a: Landorus|Earthquake|p2a: Garganacl
|-supereffective|p2a: Garganacl
|-damage|p2a: Garganacl|37/100
|move|p2a: Garganacl|Recover|p2a: Garganacl
|-heal|p2a: Garganacl|87/100
|
|-heal|p2a: Garganacl|93/100|[from] item: Leftovers
|-damage|p1a: Landorus|54/100|[from] Salt Cure
|upkeep
|turn|26
|-message|ikun0116 forfeited.
|
|win|yixing-onestar
|raw|ikun0116's rating: 1233 &rarr; <strong>1204</strong><br />(-29 for losing)
|raw|yixing-onestar's rating: 1181 &rarr; <strong>1210</strong><br />(+29 for winning)
|l|☆ikun0116
|player|p1|
|l|☆yixing-onestar
|player|p2|
