|j|☆kebab.ixx
|j|‽theonlydork
|t:|1758984112
|gametype|singles
|player|p1|kebab.ixx|1|1512
|player|p2|theonlydork|170|1522
|gen|9
|tier|[Gen 9] OU
|rated|
|rule|HP Percentage Mod: HP is shown in percentages
|rule|Endless Battle Clause: Forcing endless battles is banned
|rule|Species Clause: Limit one of each Pokémon
|rule|OHKO Clause: OHKO moves are banned
|rule|Evasion Items Clause: Evasion items are banned
|rule|Evasion Moves Clause: Evasion moves are banned
|rule|Evasion Abilities Clause: Evasion abilities are banned
|rule|Sleep Moves Clause: Sleep-inducing moves are banned
|clearpoke
|poke|p1|Kleavor, M|
|poke|p1|Iron Crown|
|poke|p1|Cinderace, F|
|poke|p1|Pecharunt|
|poke|p1|Dragonite, M|
|poke|p1|Garchomp, F|
|poke|p2|Dragonite, F|
|poke|p2|Gholdengo|
|poke|p2|Iron Treads|
|poke|p2|Quaquaval, M|
|poke|p2|Slowking-Galar, M|
|poke|p2|Ting-Lu|
|teampreview
|
|t:|1758984122
|teamsize|p1|6
|teamsize|p2|6
|start
|switch|p1a: Kleavor|Kleavor, M|100/100
|switch|p2a: Quaquaval|Quaquaval, M|100/100
|turn|1
|inactive|Battle timer is ON: inactive players will automatically lose when time's up. (requested by theonlydork)
|
|t:|1758984133
|move|p1a: Kleavor|Stone Axe|p2a: Quaquaval
|-resisted|p2a: Quaquaval
|-damage|p2a: Quaquaval|61/100
|-sidestart|p2: theonlydork|move: Stealth Rock
|move|p2a: Quaquaval|Aqua Step|p1a: Kleavor
|-supereffective|p1a: Kleavor
|-enditem|p1a: Kleavor|Focus Sash
|-damage|p1a: Kleavor|1/100
|-boost|p2a: Quaquaval|spe|1
|
|upkeep
|turn|2
|
|t:|1758984137
|switch|p1a: Pecharunt|Pecharunt|100/100
|-item|p1a: Pecharunt|Air Balloon
|move|p2a: Quaquaval|Aqua Step|p1a: Pecharunt
|-damage|p1a: Pecharunt|50/100
|-boost|p2a: Quaquaval|spe|1
|-enditem|p1a: Pecharunt|Air Balloon
|
|upkeep
|turn|3
|
|t:|1758984144
|switch|p1a: Dragonite|Dragonite, M|100/100
|move|p2a: Quaquaval|Aqua Step|p1a: Dragonite
|-resisted|p1a: Dragonite
|-damage|p1a: Dragonite|84/100
|-boost|p2a: Quaquaval|spe|1
|
|upkeep
|turn|4
|
|t:|1758984156
|switch|p2a: Ting-Lu|Ting-Lu|100/100
|-damage|p2a: Ting-Lu|94/100|[from] Stealth Rock
|-ability|p2a: Ting-Lu|Vessel of Ruin
|move|p1a: Dragonite|Dragon Dance|p1a: Dragonite
|-boost|p1a: Dragonite|atk|1
|-boost|p1a: Dragonite|spe|1
|
|-heal|p2a: Ting-Lu|100/100|[from] item: Leftovers
|upkeep
|turn|5
|
|t:|1758984171
|move|p1a: Dragonite|Ice Spinner|p2a: Ting-Lu
|-supereffective|p2a: Ting-Lu
|-crit|p2a: Ting-Lu
|-damage|p2a: Ting-Lu|30/100
|move|p2a: Ting-Lu|Spikes|p1a: Dragonite
|-sidestart|p1: kebab.ixx|Spikes
|
|-heal|p2a: Ting-Lu|36/100|[from] item: Leftovers
|upkeep
|turn|6
|
|t:|1758984186
|move|p1a: Dragonite|Ice Spinner|p2a: Ting-Lu
|-supereffective|p2a: Ting-Lu
|-damage|p2a: Ting-Lu|0 fnt
|faint|p2a: Ting-Lu
|
|upkeep
|
|t:|1758984196
|switch|p2a: Gholdengo|Gholdengo|100/100
|-damage|p2a: Gholdengo|94/100|[from] Stealth Rock
|turn|7
|
|t:|1758984199
|move|p2a: Gholdengo|Trick|p1a: Dragonite
|-activate|p2a: Gholdengo|move: Trick|[of] p1a: Dragonite
|-item|p1a: Dragonite|Choice Scarf|[from] move: Trick
|-item|p2a: Gholdengo|Heavy-Duty Boots|[from] move: Trick
|move|p1a: Dragonite|Earthquake|p2a: Gholdengo
|-supereffective|p2a: Gholdengo
|-damage|p2a: Gholdengo|0 fnt
|faint|p2a: Gholdengo
|
|upkeep
|
|t:|1758984205
|switch|p2a: Dragonite|Dragonite, F|100/100
|turn|8
|
|t:|1758984213
|switch|p1a: Garchomp|Garchomp, F|100/100
|-damage|p1a: Garchomp|88/100|[from] Spikes
|switch|p2a: Slowking|Slowking-Galar, M|100/100
|-damage|p2a: Slowking|88/100|[from] Stealth Rock
|
|upkeep
|turn|9
|
|t:|1758984218
|move|p1a: Garchomp|Earthquake|p2a: Slowking
|-supereffective|p2a: Slowking
|-enditem|p2a: Slowking|Shuca Berry|[eat]
|-enditem|p2a: Slowking|Shuca Berry|[weaken]
|-damage|p2a: Slowking|53/100
|move|p2a: Slowking|Ice Beam|p1a: Garchomp
|-supereffective|p1a: Garchomp
|-damage|p1a: Garchomp|0 fnt
|faint|p1a: Garchomp
|
|upkeep
|
|t:|1758984232
|switch|p1a: Pecharunt|Pecharunt|50/100
|-damage|p1a: Pecharunt|38/100|[from] Spikes
|turn|10
|
|t:|1758984237
|switch|p2a: Iron Treads|Iron Treads|100/100
|-damage|p2a: Iron Treads|97/100|[from] Stealth Rock
|move|p1a: Pecharunt|Recover|p1a: Pecharunt
|-heal|p1a: Pecharunt|88/100
|
|-heal|p2a: Iron Treads|100/100|[from] item: Leftovers
|upkeep
|turn|11
|
|t:|1758984242
|switch|p1a: Kleavor|Kleavor, M|1/100
|-damage|p1a: Kleavor|0 fnt|[from] Spikes
|faint|p1a: Kleavor
|move|p2a: Iron Treads|Earthquake|p1: Kleavor|[notarget]
|-fail|p2a: Iron Treads
|
|upkeep
|
|t:|1758984244
|switch|p1a: Cinderace|Cinderace, F|100/100
|turn|12
|
|t:|1758984258
|-terastallize|p2a: Iron Treads|Ghost
|move|p1a: Cinderace|Pyro Ball|p2a: Iron Treads|[miss]
|-miss|p1a: Cinderace|p2a: Iron Treads
|move|p2a: Iron Treads|Rapid Spin|p1a: Cinderace
|-damage|p1a: Cinderace|77/100
|-boost|p2a: Iron Treads|spe|1
|-sideend|p2: theonlydork|Stealth Rock|[from] move: Rapid Spin|[of] p2a: Iron Treads
|
|upkeep
|turn|13
|
|t:|1758984267
|switch|p1a: Dragonite|Dragonite, M|84/100
|move|p2a: Iron Treads|Earthquake|p1a: Dragonite
|-immune|p1a: Dragonite
|
|upkeep
|turn|14
|
|t:|1758984273
|move|p2a: Iron Treads|Stealth Rock|p1a: Dragonite
|-sidestart|p1: kebab.ixx|move: Stealth Rock
|move|p1a: Dragonite|Earthquake|p2a: Iron Treads
|-damage|p2a: Iron Treads|67/100
|
|-heal|p2a: Iron Treads|73/100|[from] item: Leftovers
|upkeep
|turn|15
|j| Eqb07
|
|t:|1758984279
|switch|p1a: Pecharunt|Pecharunt|88/100
|-damage|p1a: Pecharunt|76/100|[from] Spikes
|-damage|p1a: Pecharunt|63/100|[from] Stealth Rock
|move|p2a: Iron Treads|Rapid Spin|p1a: Pecharunt
|-immune|p1a: Pecharunt
|
|-heal|p2a: Iron Treads|79/100|[from] item: Leftovers
|upkeep
|turn|16
|
|t:|1758984291
|-terastallize|p1a: Pecharunt|Fairy
|move|p2a: Iron Treads|Earthquake|p1a: Pecharunt
|-damage|p1a: Pecharunt|30/100
|move|p1a: Pecharunt|Malignant Chain|p2a: Iron Treads
|-resisted|p2a: Iron Treads
|-damage|p2a: Iron Treads|52/100
|-status|p2a: Iron Treads|tox
|-start|p2a: Iron Treads|confusion|[from] ability: Poison Puppeteer|[of] p1a: Pecharunt
|
|-heal|p2a: Iron Treads|58/100 tox|[from] item: Leftovers
|-damage|p2a: Iron Treads|52/100 tox|[from] psn
|upkeep
|turn|17
|
|t:|1758984299
|-activate|p2a: Iron Treads|confusion
|-damage|p2a: Iron Treads|40/100 tox|[from] confusion
|move|p1a: Pecharunt|Recover|p1a: Pecharunt
|-heal|p1a: Pecharunt|80/100
|
|-heal|p2a: Iron Treads|46/100 tox|[from] item: Leftovers
|-damage|p2a: Iron Treads|34/100 tox|[from] psn
|upkeep
|turn|18
|
|t:|1758984304
|-end|p2a: Iron Treads|Quark Drive|[silent]
|switch|p2a: Slowking|Slowking-Galar, M|87/100
|move|p1a: Pecharunt|Recover|p1a: Pecharunt
|-heal|p1a: Pecharunt|100/100
|
|upkeep
|turn|19
|
|t:|1758984310
|switch|p1a: Iron Crown|Iron Crown|100/100
|-damage|p1a: Iron Crown|88/100|[from] Spikes
|-damage|p1a: Iron Crown|82/100|[from] Stealth Rock
|move|p2a: Slowking|Sludge Bomb|p1a: Iron Crown
|-immune|p1a: Iron Crown
|
|upkeep
|turn|20
|
|t:|1758984320
|move|p1a: Iron Crown|Psychic Noise|p2a: Slowking
|-damage|p2a: Slowking|54/100
|-start|p2a: Slowking|move: Heal Block
|-prepare|p2a: Slowking|Chilly Reception|[premajor]
|move|p2a: Slowking|Chilly Reception|p2a: Slowking
|-weather|Snowscape
|
|t:|1758984323
|switch|p2a: Dragonite|Dragonite, F|100/100|[from] Chilly Reception
|
|-weather|Snowscape|[upkeep]
|upkeep
|turn|21
|
|t:|1758984335
|move|p1a: Iron Crown|Psychic Noise|p2a: Dragonite
|-damage|p2a: Dragonite|81/100
|-start|p2a: Dragonite|move: Heal Block
|move|p2a: Dragonite|Earthquake|p1a: Iron Crown
|-supereffective|p1a: Iron Crown
|-damage|p1a: Iron Crown|1/100
|
|-weather|Snowscape|[upkeep]
|upkeep
|turn|22
|
|t:|1758984339
|move|p2a: Dragonite|Extreme Speed|p1a: Iron Crown
|-resisted|p1a: Iron Crown
|-damage|p1a: Iron Crown|0 fnt
|faint|p1a: Iron Crown
|-end|p1a: Iron Crown|Quark Drive|[silent]
|
|-weather|Snowscape|[upkeep]
|-end|p2a: Dragonite|move: Heal Block
|upkeep
|
|t:|1758984343
|switch|p1a: Pecharunt|Pecharunt, tera:Fairy|100/100
|-damage|p1a: Pecharunt|88/100|[from] Spikes
|-damage|p1a: Pecharunt|76/100|[from] Stealth Rock
|turn|23
|
|t:|1758984346
|switch|p2a: Iron Treads|Iron Treads, tera:Ghost|34/100 tox
|move|p1a: Pecharunt|Tera Blast|p2a: Iron Treads|[anim] Tera Blast Fairy
|-crit|p2a: Iron Treads
|-damage|p2a: Iron Treads|0 fnt
|faint|p2a: Iron Treads
|-end|p2a: Iron Treads|Quark Drive|[silent]
|
|-weather|Snowscape|[upkeep]
|upkeep
|
|t:|1758984349
|switch|p2a: Slowking|Slowking-Galar, M|88/100
|turn|24
|
|t:|1758984352
|switch|p1a: Dragonite|Dragonite, M|84/100
|-damage|p1a: Dragonite|59/100|[from] Stealth Rock
|move|p2a: Slowking|Sludge Bomb|p1a: Dragonite
|-damage|p1a: Dragonite|21/100
|
|-weather|none
|upkeep
|turn|25
|
|t:|1758984359
|switch|p2a: Dragonite|Dragonite, F|81/100
|move|p1a: Dragonite|Earthquake|p2a: Dragonite
|-immune|p2a: Dragonite
|
|upkeep
|turn|26
|
|t:|1758984363
|switch|p1a: Pecharunt|Pecharunt, tera:Fairy|76/100
|-damage|p1a: Pecharunt|64/100|[from] Spikes
|-damage|p1a: Pecharunt|51/100|[from] Stealth Rock
|switch|p2a: Slowking|Slowking-Galar, M|100/100
|
|upkeep
|turn|27
|
|t:|1758984366
|move|p1a: Pecharunt|Recover|p1a: Pecharunt
|-heal|p1a: Pecharunt|100/100
|move|p2a: Slowking|Sludge Bomb|p1a: Pecharunt
|-supereffective|p1a: Pecharunt
|-damage|p1a: Pecharunt|27/100
|
|upkeep
|turn|28
|
|t:|1758984369
|switch|p1a: Dragonite|Dragonite, M|21/100
|-damage|p1a: Dragonite|0 fnt|[from] Stealth Rock
|faint|p1a: Dragonite
|move|p2a: Slowking|Sludge Bomb|p1: Dragonite|[notarget]
|-fail|p2a: Slowking
|
|upkeep
|
|t:|1758984371
|switch|p1a: Cinderace|Cinderace, F|77/100
|turn|29
|
|t:|1758984374
|move|p1a: Cinderace|Swords Dance|p1a: Cinderace
|-boost|p1a: Cinderace|atk|2
|move|p2a: Slowking|Sludge Bomb|p1a: Cinderace
|-damage|p1a: Cinderace|26/100
|
|upkeep
|turn|30
|
|t:|1758984380
|switch|p2a: Quaquaval|Quaquaval, M|61/100
|move|p1a: Cinderace|Pyro Ball|p2a: Quaquaval
|-resisted|p2a: Quaquaval
|-damage|p2a: Quaquaval|0 fnt
|faint|p2a: Quaquaval
|
|upkeep
|
|t:|1758984382
|switch|p2a: Dragonite|Dragonite, F|81/100
|turn|31
|
|t:|1758984390
|move|p2a: Dragonite|Extreme Speed|p1a: Cinderace
|-damage|p1a: Cinderace|0 fnt
|faint|p1a: Cinderace
|
|upkeep
|-message|kebab.ixx forfeited.
|
|win|theonlydork
|raw|kebab.ixx's rating: 1512 &rarr; <strong>1493</strong><br />(-19 for losing)
|raw|theonlydork's rating: 1522 &rarr; <strong>1541</strong><br />(+19 for winning)
|l|☆kebab.ixx
|player|p1|
|l|‽theonlydork
|player|p2|
