|j|☆websorclickx
|j|☆harc
|t:|1759042357
|gametype|singles
|player|p1|websorclickx|1|1386
|player|p2|harc|ninjaboy|1303
|gen|9
|tier|[Gen 9] OU
|rated|
|rule|HP Percentage Mod: HP is shown in percentages
|rule|Endless Battle Clause: Forcing endless battles is banned
|rule|Species Clause: Limit one of each Pokémon
|rule|OHKO Clause: OHKO moves are banned
|rule|Evasion Items Clause: Evasion items are banned
|rule|Evasion Moves Clause: Evasion moves are banned
|rule|Evasion Abilities Clause: Evasion abilities are banned
|rule|Sleep Moves Clause: Sleep-inducing moves are banned
|clearpoke
|poke|p1|Latios, M|
|poke|p1|Pecharunt|
|poke|p1|Heatran, F|
|poke|p1|Zamazenta-*|
|poke|p1|Great Tusk|
|poke|p1|Samurott-Hisui, F|
|poke|p2|Corviknight, M|
|poke|p2|Clefable, M|
|poke|p2|Tyranitar, F|
|poke|p2|Hippowdon, M|
|poke|p2|Excadrill, M|
|poke|p2|Reuniclus, M|
|teampreview
|
|t:|1759042407
|teamsize|p1|6
|teamsize|p2|6
|start
|switch|p1a: Samurott|Samurott-Hisui, F|100/100
|switch|p2a: Hippowdon|Hippowdon, M|100/100
|-weather|Sandstorm|[from] ability: Sand Stream|[of] p2a: Hippowdon
|turn|1
|
|t:|1759042423
|move|p1a: Samurott|Knock Off|p2a: Hippowdon
|-damage|p2a: Hippowdon|75/100
|-enditem|p2a: Hippowdon|Smooth Rock|[from] move: Knock Off|[of] p1a: Samurott
|move|p2a: Hippowdon|Stealth Rock|p1a: Samurott
|-sidestart|p1: websorclickx|move: Stealth Rock
|
|-weather|Sandstorm|[upkeep]
|-damage|p1a: Samurott|94/100|[from] Sandstorm
|upkeep
|turn|2
|
|t:|1759042433
|move|p1a: Samurott|Surf|p2a: Hippowdon
|-supereffective|p2a: Hippowdon
|-damage|p2a: Hippowdon|5/100
|move|p2a: Hippowdon|Earthquake|p1a: Samurott
|-damage|p1a: Samurott|55/100
|
|-weather|Sandstorm|[upkeep]
|-damage|p1a: Samurott|49/100|[from] Sandstorm
|upkeep
|turn|3
|
|t:|1759042452
|switch|p2a: Corviknight|Corviknight, M|100/100
|move|p1a: Samurott|Ceaseless Edge|p2a: Corviknight
|-damage|p2a: Corviknight|64/100
|-sidestart|p2: harc|Spikes
|
|-weather|Sandstorm|[upkeep]
|-damage|p1a: Samurott|43/100|[from] Sandstorm
|upkeep
|turn|4
|
|t:|1759042470
|move|p1a: Samurott|Surf|p2a: Corviknight
|-damage|p2a: Corviknight|40/100
|move|p2a: Corviknight|Bulk Up|p2a: Corviknight
|-boost|p2a: Corviknight|atk|1
|-boost|p2a: Corviknight|def|1
|
|-weather|Sandstorm|[upkeep]
|-damage|p1a: Samurott|37/100|[from] Sandstorm
|upkeep
|turn|5
|
|t:|1759042482
|switch|p1a: Latios|Latios, M|100/100
|-damage|p1a: Latios|88/100|[from] Stealth Rock
|move|p2a: Corviknight|Body Press|p1a: Latios
|-resisted|p1a: Latios
|-damage|p1a: Latios|70/100
|
|-weather|Sandstorm|[upkeep]
|-damage|p1a: Latios|64/100|[from] Sandstorm
|upkeep
|turn|6
|
|t:|1759042493
|move|p1a: Latios|Trick|p2a: Corviknight
|-activate|p1a: Latios|move: Trick|[of] p2a: Corviknight
|-item|p2a: Corviknight|Choice Scarf|[from] move: Trick
|-item|p1a: Latios|Weakness Policy|[from] move: Trick
|move|p2a: Corviknight|Roost|p2a: Corviknight
|-heal|p2a: Corviknight|90/100
|-singleturn|p2a: Corviknight|move: Roost
|
|-weather|Sandstorm|[upkeep]
|-damage|p1a: Latios|58/100|[from] Sandstorm
|upkeep
|turn|7
|
|t:|1759042523
|switch|p2a: Clefable|Clefable, M|100/100
|-damage|p2a: Clefable|88/100|[from] Spikes
|move|p1a: Latios|Flip Turn|p2a: Clefable
|-damage|p2a: Clefable|80/100
|
|t:|1759042555
|switch|p1a: Pecharunt|Pecharunt|100/100|[from] Flip Turn
|
|-weather|Sandstorm|[upkeep]
|-damage|p1a: Pecharunt|94/100|[from] Sandstorm
|-damage|p2a: Clefable|74/100|[from] Sandstorm
|-heal|p2a: Clefable|80/100|[from] item: Leftovers
|upkeep
|turn|8
|
|t:|1759042610
|move|p2a: Clefable|Protect|p2a: Clefable
|-singleturn|p2a: Clefable|Protect
|move|p1a: Pecharunt|Malignant Chain|p2a: Clefable
|-activate|p2a: Clefable|move: Protect
|
|-weather|none
|-heal|p2a: Clefable|86/100|[from] item: Leftovers
|upkeep
|turn|9
|
|t:|1759042627
|switch|p2a: Excadrill|Excadrill, M|100/100
|move|p1a: Pecharunt|Parting Shot|p2a: Excadrill
|-unboost|p2a: Excadrill|atk|1
|-unboost|p2a: Excadrill|spa|1
|
|t:|1759042633
|switch|p1a: Great Tusk|Great Tusk|100/100|[from] Parting Shot
|
|upkeep
|turn|10
|
|t:|1759042638
|switch|p2a: Corviknight|Corviknight, M|90/100
|move|p1a: Great Tusk|Rapid Spin|p2a: Corviknight
|-resisted|p2a: Corviknight
|-damage|p2a: Corviknight|82/100
|-boost|p1a: Great Tusk|spe|1
|-sideend|p1: websorclickx|Stealth Rock|[from] move: Rapid Spin|[of] p1a: Great Tusk
|
|upkeep
|turn|11
|
|t:|1759042681
|-end|p1a: Great Tusk|Protosynthesis|[silent]
|switch|p1a: Pecharunt|Pecharunt|94/100
|move|p2a: Corviknight|Power Trip|p1a: Pecharunt
|-supereffective|p1a: Pecharunt
|-damage|p1a: Pecharunt|89/100
|
|upkeep
|turn|12
|
|t:|1759042701
|switch|p2a: Excadrill|Excadrill, M|100/100
|move|p1a: Pecharunt|Shadow Ball|p2a: Excadrill
|-damage|p2a: Excadrill|66/100
|
|upkeep
|turn|13
|
|t:|1759042725
|switch|p1a: Great Tusk|Great Tusk|100/100
|move|p2a: Excadrill|Earthquake|p1a: Great Tusk
|-damage|p1a: Great Tusk|62/100
|
|upkeep
|turn|14
|
|t:|1759042738
|switch|p2a: Corviknight|Corviknight, M|82/100
|move|p1a: Great Tusk|Close Combat|p2a: Corviknight
|-damage|p2a: Corviknight|34/100
|-unboost|p1a: Great Tusk|def|1
|-unboost|p1a: Great Tusk|spd|1
|
|upkeep
|turn|15
|
|t:|1759042747
|switch|p2a: Reuniclus|Reuniclus, M|100/100
|move|p1a: Great Tusk|Close Combat|p2a: Reuniclus
|-resisted|p2a: Reuniclus
|-damage|p2a: Reuniclus|79/100
|-unboost|p1a: Great Tusk|def|1
|-unboost|p1a: Great Tusk|spd|1
|
|upkeep
|turn|16
|
|t:|1759042758
|-end|p1a: Great Tusk|Protosynthesis|[silent]
|switch|p1a: Samurott|Samurott-Hisui, F|37/100
|-terastallize|p2a: Reuniclus|Fighting
|move|p2a: Reuniclus|Psychic Noise|p1a: Samurott
|-immune|p1a: Samurott
|
|upkeep
|turn|17
|
|t:|1759042778
|switch|p1a: Latios|Latios, M|58/100
|move|p2a: Reuniclus|Tera Blast|p1a: Latios|[anim] Tera Blast Fighting
|-resisted|p1a: Latios
|-damage|p1a: Latios|37/100
|
|upkeep
|turn|18
|
|t:|1759042806
|switch|p2a: Tyranitar|Tyranitar, F|100/100
|-damage|p2a: Tyranitar|88/100|[from] Spikes
|-weather|Sandstorm|[from] ability: Sand Stream|[of] p2a: Tyranitar
|move|p1a: Latios|Luster Purge|p2a: Tyranitar
|-immune|p2a: Tyranitar
|
|-weather|Sandstorm|[upkeep]
|-damage|p1a: Latios|31/100|[from] Sandstorm
|upkeep
|turn|19
|
|t:|1759042816
|move|p1a: Latios|Flip Turn|p2a: Tyranitar
|-supereffective|p2a: Tyranitar
|-damage|p2a: Tyranitar|70/100
|
|t:|1759042820
|switch|p1a: Great Tusk|Great Tusk|62/100|[from] Flip Turn
|move|p2a: Tyranitar|Knock Off|p1a: Great Tusk
|-resisted|p1a: Great Tusk
|-damage|p1a: Great Tusk|46/100
|-enditem|p1a: Great Tusk|Heavy-Duty Boots|[from] move: Knock Off|[of] p2a: Tyranitar
|
|-weather|Sandstorm|[upkeep]
|upkeep
|turn|20
|
|t:|1759042833
|switch|p2a: Corviknight|Corviknight, M|34/100
|move|p1a: Great Tusk|Close Combat|p2a: Corviknight
|-damage|p2a: Corviknight|0 fnt
|-unboost|p1a: Great Tusk|def|1
|-unboost|p1a: Great Tusk|spd|1
|faint|p2a: Corviknight
|
|-weather|Sandstorm|[upkeep]
|upkeep
|
|t:|1759042852
|switch|p2a: Excadrill|Excadrill, M|66/100
|turn|21
|
|t:|1759042896
|-end|p1a: Great Tusk|Protosynthesis|[silent]
|switch|p1a: Pecharunt|Pecharunt|89/100
|move|p2a: Excadrill|Iron Head|p1a: Pecharunt
|-damage|p1a: Pecharunt|54/100
|
|-weather|Sandstorm|[upkeep]
|-damage|p1a: Pecharunt|48/100|[from] Sandstorm
|upkeep
|turn|22
|
|t:|1759042910
|move|p1a: Pecharunt|Shadow Ball|p2a: Excadrill
|-damage|p2a: Excadrill|33/100
|move|p2a: Excadrill|Earthquake|p1a: Pecharunt
|-supereffective|p1a: Pecharunt
|-damage|p1a: Pecharunt|0 fnt
|faint|p1a: Pecharunt
|
|-weather|none
|upkeep
|
|t:|1759042930
|switch|p1a: Latios|Latios, M|31/100
|turn|23
|
|t:|1759042940
|switch|p2a: Tyranitar|Tyranitar, F|70/100
|-damage|p2a: Tyranitar|57/100|[from] Spikes
|-weather|Sandstorm|[from] ability: Sand Stream|[of] p2a: Tyranitar
|move|p1a: Latios|Flip Turn|p2a: Tyranitar
|-supereffective|p2a: Tyranitar
|-damage|p2a: Tyranitar|41/100
|
|t:|1759042965
|switch|p1a: Great Tusk|Great Tusk|46/100|[from] Flip Turn
|
|-weather|Sandstorm|[upkeep]
|upkeep
|turn|24
|
|t:|1759042988
|switch|p2a: Reuniclus|Reuniclus, M, tera:Fighting|79/100
|move|p1a: Great Tusk|Headlong Rush|p2a: Reuniclus
|-damage|p2a: Reuniclus|33/100
|-unboost|p1a: Great Tusk|def|1
|-unboost|p1a: Great Tusk|spd|1
|
|-weather|Sandstorm|[upkeep]
|upkeep
|turn|25
|
|t:|1759043001
|move|p1a: Great Tusk|Headlong Rush|p2a: Reuniclus
|-damage|p2a: Reuniclus|0 fnt
|-unboost|p1a: Great Tusk|def|1
|-unboost|p1a: Great Tusk|spd|1
|faint|p2a: Reuniclus
|
|-weather|Sandstorm|[upkeep]
|upkeep
|
|t:|1759043013
|switch|p2a: Excadrill|Excadrill, M|33/100
|turn|26
|
|t:|1759043024
|-end|p1a: Great Tusk|Protosynthesis|[silent]
|switch|p1a: Zamazenta|Zamazenta|100/100
|-ability|p1a: Zamazenta|Dauntless Shield|boost
|-boost|p1a: Zamazenta|def|1
|move|p2a: Excadrill|Rapid Spin|p1a: Zamazenta
|-damage|p1a: Zamazenta|92/100
|-boost|p2a: Excadrill|spe|1
|-sideend|p2: harc|Spikes|[from] move: Rapid Spin|[of] p2a: Excadrill
|
|-weather|Sandstorm|[upkeep]
|-damage|p1a: Zamazenta|86/100|[from] Sandstorm
|-heal|p1a: Zamazenta|92/100|[from] item: Leftovers
|upkeep
|turn|27
|
|t:|1759043038
|switch|p2a: Clefable|Clefable, M|86/100
|move|p1a: Zamazenta|Iron Defense|p1a: Zamazenta
|-boost|p1a: Zamazenta|def|2
|
|-weather|none
|-heal|p1a: Zamazenta|98/100|[from] item: Leftovers
|-heal|p2a: Clefable|92/100|[from] item: Leftovers
|upkeep
|turn|28
|
|t:|1759043047
|-terastallize|p1a: Zamazenta|Steel
|move|p1a: Zamazenta|Iron Defense|p1a: Zamazenta
|-boost|p1a: Zamazenta|def|2
|move|p2a: Clefable|Thunder Wave|p1a: Zamazenta
|-status|p1a: Zamazenta|par
|
|-heal|p1a: Zamazenta|100/100 par|[from] item: Leftovers
|-heal|p2a: Clefable|98/100|[from] item: Leftovers
|upkeep
|turn|29
|
|t:|1759043058
|move|p1a: Zamazenta|Body Press|p2a: Clefable
|-resisted|p2a: Clefable
|-damage|p2a: Clefable|85/100
|move|p2a: Clefable|Moonblast|p1a: Zamazenta
|-resisted|p1a: Zamazenta
|-damage|p1a: Zamazenta|86/100 par
|-unboost|p1a: Zamazenta|spa|1
|
|-heal|p1a: Zamazenta|92/100 par|[from] item: Leftovers
|-heal|p2a: Clefable|91/100|[from] item: Leftovers
|upkeep
|turn|30
|
|t:|1759043092
|move|p2a: Clefable|Protect|p2a: Clefable
|-singleturn|p2a: Clefable|Protect
|move|p1a: Zamazenta|Crunch|p2a: Clefable
|-activate|p2a: Clefable|move: Protect
|
|-heal|p1a: Zamazenta|98/100 par|[from] item: Leftovers
|-heal|p2a: Clefable|97/100|[from] item: Leftovers
|upkeep
|turn|31
|
|t:|1759043138
|switch|p1a: Heatran|Heatran, F|100/100
|move|p2a: Clefable|Moonblast|p1a: Heatran
|-resisted|p1a: Heatran
|-damage|p1a: Heatran|95/100
|
|-heal|p1a: Heatran|100/100|[from] item: Leftovers
|-heal|p2a: Clefable|100/100|[from] item: Leftovers
|upkeep
|turn|32
|
|t:|1759043153
|move|p2a: Clefable|Protect|p2a: Clefable
|-singleturn|p2a: Clefable|Protect
|move|p1a: Heatran|Taunt|p2a: Clefable
|-activate|p2a: Clefable|move: Protect
|
|upkeep
|turn|33
|
|t:|1759043166
|move|p1a: Heatran|Earth Power|p2a: Clefable
|-damage|p2a: Clefable|75/100
|move|p2a: Clefable|Wish|p2a: Clefable
|
|-heal|p2a: Clefable|81/100|[from] item: Leftovers
|upkeep
|turn|34
|
|t:|1759043179
|switch|p2a: Tyranitar|Tyranitar, F|41/100
|-weather|Sandstorm|[from] ability: Sand Stream|[of] p2a: Tyranitar
|move|p1a: Heatran|Magma Storm|p2a: Tyranitar
|-resisted|p2a: Tyranitar
|-damage|p2a: Tyranitar|35/100
|-activate|p2a: Tyranitar|move: Magma Storm|[of] p1a: Heatran
|
|-weather|Sandstorm|[upkeep]
|-heal|p2a: Tyranitar|84/100|[from] move: Wish|[wisher] Clefable
|-damage|p2a: Tyranitar|71/100|[from] move: Magma Storm|[partiallytrapped]
|upkeep
|turn|35
|
|t:|1759043194
|switch|p1a: Zamazenta|Zamazenta, tera:Steel|98/100 par
|move|p2a: Tyranitar|Knock Off|p1a: Zamazenta
|-damage|p1a: Zamazenta|64/100 par
|-enditem|p1a: Zamazenta|Leftovers|[from] move: Knock Off|[of] p2a: Tyranitar
|
|-weather|Sandstorm|[upkeep]
|-end|p2a: Tyranitar|Magma Storm|[partiallytrapped]|[silent]
|upkeep
|turn|36
|
|t:|1759043215
|switch|p1a: Heatran|Heatran, F|100/100
|switch|p2a: Clefable|Clefable, M|81/100
|
|-weather|Sandstorm|[upkeep]
|-damage|p2a: Clefable|75/100|[from] Sandstorm
|-heal|p2a: Clefable|81/100|[from] item: Leftovers
|upkeep
|turn|37
|
|t:|1759043236
|move|p1a: Heatran|Taunt|p2a: Clefable
|-start|p2a: Clefable|move: Taunt
|cant|p2a: Clefable|move: Taunt|Thunder Wave
|
|-weather|Sandstorm|[upkeep]
|-damage|p2a: Clefable|75/100|[from] Sandstorm
|-heal|p2a: Clefable|81/100|[from] item: Leftovers
|upkeep
|turn|38
|
|t:|1759043247
|switch|p2a: Tyranitar|Tyranitar, F|71/100
|move|p1a: Heatran|Stealth Rock|p2a: Tyranitar
|-sidestart|p2: harc|move: Stealth Rock
|
|-weather|none
|upkeep
|turn|39
|
|t:|1759043339
|switch|p1a: Samurott|Samurott-Hisui, F|37/100
|move|p2a: Tyranitar|Stone Edge|p1a: Samurott|[miss]
|-miss|p2a: Tyranitar|p1a: Samurott
|
|upkeep
|turn|40
|inactive|Battle timer is ON: inactive players will automatically lose when time's up. (requested by websorclickx)
|
|t:|1759043463
|switch|p2a: Clefable|Clefable, M|81/100
|-damage|p2a: Clefable|69/100|[from] Stealth Rock
|move|p1a: Samurott|Surf|p2a: Clefable
|-damage|p2a: Clefable|39/100
|
|-heal|p2a: Clefable|45/100|[from] item: Leftovers
|upkeep
|turn|41
|
|t:|1759043472
|move|p1a: Samurott|Knock Off|p2a: Clefable
|-resisted|p2a: Clefable
|-damage|p2a: Clefable|29/100
|-enditem|p2a: Clefable|Leftovers|[from] move: Knock Off|[of] p1a: Samurott
|move|p2a: Clefable|Moonblast|p1a: Samurott
|-supereffective|p1a: Samurott
|-damage|p1a: Samurott|0 fnt
|faint|p1a: Samurott
|
|upkeep
|
|t:|1759043484
|switch|p1a: Latios|Latios, M|31/100
|turn|42
|inactive|harc has 120 seconds left.
|inactive|websorclickx has 120 seconds left.
|inactive|harc has 90 seconds left.
|
|t:|1759043558
|move|p1a: Latios|Luster Purge|p2a: Clefable
|-damage|p2a: Clefable|0 fnt
|faint|p2a: Clefable
|
|upkeep
|
|t:|1759043564
|switch|p2a: Tyranitar|Tyranitar, F|71/100
|-damage|p2a: Tyranitar|59/100|[from] Stealth Rock
|-weather|Sandstorm|[from] ability: Sand Stream|[of] p2a: Tyranitar
|turn|43
|inactive|harc has 60 seconds left.
|
|t:|1759043616
|move|p1a: Latios|Flip Turn|p2a: Tyranitar
|-supereffective|p2a: Tyranitar
|-damage|p2a: Tyranitar|41/100
|inactive|websorclickx has 120 seconds left.
|
|t:|1759043633
|switch|p1a: Zamazenta|Zamazenta, tera:Steel|64/100 par|[from] Flip Turn
|move|p2a: Tyranitar|Stone Edge|p1a: Zamazenta
|-resisted|p1a: Zamazenta
|-damage|p1a: Zamazenta|48/100 par
|
|-weather|Sandstorm|[upkeep]
|upkeep
|turn|44
|inactive|websorclickx has 120 seconds left.
|inactive|harc has 30 seconds left.
|inactive|harc has 20 seconds left.
|inactive|harc has 15 seconds left.
|inactive|harc has 10 seconds left.
|inactive|harc has 5 seconds left.
|
|t:|1759043685
|switch|p2a: Excadrill|Excadrill, M|33/100
|cant|p1a: Zamazenta|par
|
|-weather|Sandstorm|[upkeep]
|upkeep
|turn|45
|inactive|harc has 15 seconds left this turn.
|inactive|harc has 10 seconds left.
|
|t:|1759043693
|move|p2a: Excadrill|Rapid Spin|p1a: Zamazenta
|-resisted|p1a: Zamazenta
|-damage|p1a: Zamazenta|41/100 par
|-boost|p2a: Excadrill|spe|1
|-sideend|p2: harc|Stealth Rock|[from] move: Rapid Spin|[of] p2a: Excadrill
|move|p1a: Zamazenta|Body Press|p2a: Excadrill
|-supereffective|p2a: Excadrill
|-damage|p2a: Excadrill|0 fnt
|faint|p2a: Excadrill
|
|-weather|Sandstorm|[upkeep]
|upkeep
|inactive|harc has 15 seconds left this turn.
|inactive|harc has 10 seconds left.
|inactive|harc has 5 seconds left.
|
|t:|1759043704
|switch|p2a: Hippowdon|Hippowdon, M|5/100
|turn|46
|inactive|harc has 15 seconds left this turn.
|
|t:|1759043708
|move|p1a: Zamazenta|Body Press|p2a: Hippowdon
|-damage|p2a: Hippowdon|0 fnt
|faint|p2a: Hippowdon
|
|-weather|Sandstorm|[upkeep]
|upkeep
|inactive|harc has 20 seconds left this turn.
|inactive|harc has 15 seconds left.
|
|t:|1759043715
|switch|p2a: Tyranitar|Tyranitar, F|41/100
|turn|47
|inactive|harc has 25 seconds left this turn.
|-message|harc forfeited.
|
|win|websorclickx
|raw|websorclickx's rating: 1386 &rarr; <strong>1401</strong><br />(+15 for winning)
|raw|harc's rating: 1303 &rarr; <strong>1288</strong><br />(-15 for losing)
|l|☆harc
|player|p2|
|l|☆websorclickx
|player|p1|
