|j|☆jasser1919
|j|☆AL3X00X2
|t:|1758994888
|gametype|singles
|player|p1|jasser1919|170|1086
|player|p2|AL3X00X2|burglar|1129
|gen|9
|tier|[Gen 9] OU
|rated|
|rule|HP Percentage Mod: HP is shown in percentages
|rule|Endless Battle Clause: Forcing endless battles is banned
|rule|Species Clause: Limit one of each Pokémon
|rule|OHKO Clause: OHKO moves are banned
|rule|Evasion Items Clause: Evasion items are banned
|rule|Evasion Moves Clause: Evasion moves are banned
|rule|Evasion Abilities Clause: Evasion abilities are banned
|rule|Sleep Moves Clause: Sleep-inducing moves are banned
|clearpoke
|poke|p1|Manaphy|
|poke|p1|Dragapult, F|
|poke|p1|Moltres|
|poke|p1|Mew|
|poke|p1|Clodsire, F|
|poke|p1|Iron Valiant|
|poke|p2|Ogerpon-Wellspring, F|
|poke|p2|Gliscor, M|
|poke|p2|Thundurus-Therian, M|
|poke|p2|Grimmsnarl, M|
|poke|p2|Polteageist|
|poke|p2|Kommo-o, M|
|teampreview
|inactive|Battle timer is ON: inactive players will automatically lose when time's up. (requested by jasser1919)
|
|t:|1758994908
|teamsize|p1|6
|teamsize|p2|6
|start
|switch|p1a: Iron Valiant|Iron Valiant|100/100
|switch|p2a: Polteageist|Polteageist|100/100
|-enditem|p1a: Iron Valiant|Booster Energy
|-activate|p1a: Iron Valiant|ability: Quark Drive|[fromitem]
|-start|p1a: Iron Valiant|quarkdrivespe
|turn|1
|
|t:|1758994930
|move|p1a: Iron Valiant|Swords Dance|p1a: Iron Valiant
|-boost|p1a: Iron Valiant|atk|2
|move|p2a: Polteageist|Shell Smash|p2a: Polteageist
|-unboost|p2a: Polteageist|def|1
|-unboost|p2a: Polteageist|spd|1
|-boost|p2a: Polteageist|atk|2
|-boost|p2a: Polteageist|spa|2
|-boost|p2a: Polteageist|spe|2
|
|upkeep
|turn|2
|
|t:|1758994947
|move|p1a: Iron Valiant|Spirit Break|p2a: Polteageist
|-enditem|p2a: Polteageist|Focus Sash
|-damage|p2a: Polteageist|1/100
|-unboost|p2a: Polteageist|spa|1
|-start|p1a: Iron Valiant|Disable|Spirit Break|[from] ability: Cursed Body|[of] p2a: Polteageist
|move|p2a: Polteageist|Shell Smash|p2a: Polteageist
|-unboost|p2a: Polteageist|def|1
|-unboost|p2a: Polteageist|spd|1
|-boost|p2a: Polteageist|atk|2
|-boost|p2a: Polteageist|spa|2
|-boost|p2a: Polteageist|spe|2
|
|upkeep
|turn|3
|
|t:|1758994964
|move|p2a: Polteageist|Stored Power|p1a: Iron Valiant
|-supereffective|p1a: Iron Valiant
|-damage|p1a: Iron Valiant|0 fnt
|faint|p1a: Iron Valiant
|-end|p1a: Iron Valiant|Quark Drive|[silent]
|
|upkeep
|
|t:|1758994969
|switch|p1a: Moltres|Moltres|100/100
|turn|4
|
|t:|1758994980
|move|p2a: Polteageist|Stored Power|p1a: Moltres
|-damage|p1a: Moltres|0 fnt
|faint|p1a: Moltres
|
|upkeep
|
|t:|1758994985
|switch|p1a: Mew|Mew, shiny|100/100
|turn|5
|
|t:|1758994991
|move|p2a: Polteageist|Shadow Ball|p1a: Mew
|-supereffective|p1a: Mew
|-damage|p1a: Mew|0 fnt
|faint|p1a: Mew
|
|upkeep
|
|t:|1758994996
|switch|p1a: Manaphy|Manaphy|100/100
|turn|6
|
|t:|1758995000
|-terastallize|p1a: Manaphy|Steel
|move|p2a: Polteageist|Stored Power|p1a: Manaphy
|-resisted|p1a: Manaphy
|-damage|p1a: Manaphy|0 fnt
|faint|p1a: Manaphy
|
|upkeep
|-message|jasser1919 forfeited.
|
|win|AL3X00X2
|raw|jasser1919's rating: 1086 &rarr; <strong>1066</strong><br />(-20 for losing)
|raw|AL3X00X2's rating: 1129 &rarr; <strong>1151</strong><br />(+22 for winning)
|l|☆jasser1919
|player|p1|
