|j|☆nycoou
|j|☆libaness
|t:|1759034679
|gametype|singles
|player|p1|nycoou|1|
|player|p2|libaness|heroine-conquest|
|gen|9
|tier|[Gen 9] OU
|rule|HP Percentage Mod: HP is shown in percentages
|rule|Endless Battle Clause: Forcing endless battles is banned
|rule|Species Clause: Limit one of each Pokémon
|rule|OHKO Clause: OHKO moves are banned
|rule|Evasion Items Clause: Evasion items are banned
|rule|Evasion Moves Clause: Evasion moves are banned
|rule|Evasion Abilities Clause: Evasion abilities are banned
|rule|Sleep Moves Clause: Sleep-inducing moves are banned
|clearpoke
|poke|p1|Latios, M|
|poke|p1|Ogerpon-Wellspring, F|
|poke|p1|Clefable, M|
|poke|p1|Gholdengo|
|poke|p1|Zamazenta-*|
|poke|p1|Moltres|
|poke|p2|Iron Crown|
|poke|p2|Dragapult, M|
|poke|p2|Great Tusk|
|poke|p2|Garganacl, F|
|poke|p2|Dragonite, M|
|poke|p2|Hoopa-Unbound|
|teampreview
|inactive|Battle timer is ON: inactive players will automatically lose when time's up. (requested by nycoou)
|
|t:|1759034688
|teamsize|p1|6
|teamsize|p2|6
|start
|switch|p1a: Latios|Latios, M|100/100
|switch|p2a: Iron Crown|Iron Crown|100/100
|turn|1
|
|t:|1759034699
|switch|p1a: Moltres|Moltres|100/100
|-terastallize|p2a: Iron Crown|Steel
|move|p2a: Iron Crown|Tachyon Cutter|p1a: Moltres
|-resisted|p1a: Moltres
|-damage|p1a: Moltres|84/100
|-resisted|p1a: Moltres
|-damage|p1a: Moltres|66/100
|-hitcount|p1a: Moltres|2
|
|upkeep
|turn|2
|
|t:|1759034707
|-end|p2a: Iron Crown|Quark Drive|[silent]
|switch|p2a: Garganacl|Garganacl, F|100/100
|move|p1a: Moltres|U-turn|p2a: Garganacl
|-damage|p2a: Garganacl|90/100
|
|t:|1759034710
|switch|p1a: Gholdengo|Gholdengo|100/100|[from] U-turn
|
|-heal|p2a: Garganacl|96/100|[from] item: Leftovers
|upkeep
|turn|3
|
|t:|1759034713
|move|p1a: Gholdengo|Make It Rain|p2a: Garganacl
|-supereffective|p2a: Garganacl
|-damage|p2a: Garganacl|0 fnt
|-unboost|p1a: Gholdengo|spa|1
|faint|p2a: Garganacl
|
|upkeep
|
|t:|1759034726
|switch|p2a: Hoopa|Hoopa-Unbound|100/100
|turn|4
|inactive|nycoou has 270 seconds left.
|
|t:|1759034763
|switch|p1a: Moltres|Moltres|66/100
|move|p2a: Hoopa|Psychic Noise|p1a: Moltres
|-damage|p1a: Moltres|36/100
|-start|p1a: Moltres|move: Heal Block
|
|upkeep
|turn|5
|inactive|nycoou has 270 seconds left.
|
|t:|1759034769
|move|p2a: Hoopa|Knock Off|p1a: Moltres
|-damage|p1a: Moltres|0 fnt
|-status|p2a: Hoopa|brn|[from] ability: Flame Body|[of] p1a: Moltres
|-enditem|p1a: Moltres|Heavy-Duty Boots|[from] move: Knock Off|[of] p2a: Hoopa
|faint|p1a: Moltres
|
|-damage|p2a: Hoopa|94/100 brn|[from] brn
|upkeep
|inactive|nycoou has 270 seconds left.
|
|t:|1759034780
|switch|p1a: Ogerpon|Ogerpon-Wellspring, F|100/100
|turn|6
|
|t:|1759034794
|switch|p2a: Dragapult|Dragapult, M|100/100
|move|p1a: Ogerpon|Trailblaze|p2a: Dragapult
|-resisted|p2a: Dragapult
|-damage|p2a: Dragapult|80/100
|-boost|p1a: Ogerpon|spe|1
|
|upkeep
|turn|7
|
|t:|1759034802
|move|p1a: Ogerpon|Swords Dance|p1a: Ogerpon
|-boost|p1a: Ogerpon|atk|2
|move|p2a: Dragapult|Will-O-Wisp|p1a: Ogerpon
|-status|p1a: Ogerpon|brn
|
|-damage|p1a: Ogerpon|95/100 brn|[from] brn
|upkeep
|turn|8
|
|t:|1759034806
|move|p1a: Ogerpon|Ivy Cudgel|p2a: Dragapult|[anim] Ivy Cudgel Water
|-resisted|p2a: Dragapult
|-damage|p2a: Dragapult|40/100
|move|p2a: Dragapult|Hex|p1a: Ogerpon
|-damage|p1a: Ogerpon|31/100 brn
|
|-damage|p1a: Ogerpon|25/100 brn|[from] brn
|upkeep
|turn|9
|
|t:|1759034831
|switch|p2a: Dragonite|Dragonite, M|100/100
|move|p1a: Ogerpon|Ivy Cudgel|p2a: Dragonite|[anim] Ivy Cudgel Water
|-resisted|p2a: Dragonite
|-damage|p2a: Dragonite|84/100
|
|-damage|p1a: Ogerpon|19/100 brn|[from] brn
|upkeep
|turn|10
|
|t:|1759034838
|move|p2a: Dragonite|Extreme Speed|p1a: Ogerpon
|-damage|p1a: Ogerpon|0 fnt
|faint|p1a: Ogerpon
|
|upkeep
|
|t:|1759034850
|switch|p1a: Clefable|Clefable, M|100/100
|turn|11
|
|t:|1759034853
|switch|p2a: Iron Crown|Iron Crown, tera:Steel|100/100
|move|p1a: Clefable|Knock Off|p2a: Iron Crown
|-damage|p2a: Iron Crown|84/100
|-enditem|p2a: Iron Crown|Choice Specs|[from] move: Knock Off|[of] p1a: Clefable
|
|upkeep
|turn|12
|
|t:|1759034862
|switch|p1a: Gholdengo|Gholdengo|100/100
|move|p2a: Iron Crown|Tachyon Cutter|p1a: Gholdengo
|-resisted|p1a: Gholdengo
|-damage|p1a: Gholdengo|82/100
|-resisted|p1a: Gholdengo
|-crit|p1a: Gholdengo
|-damage|p1a: Gholdengo|55/100
|-hitcount|p1a: Gholdengo|2
|
|upkeep
|turn|13
|
|t:|1759034867
|move|p2a: Iron Crown|Volt Switch|p1a: Gholdengo
|-damage|p1a: Gholdengo|28/100
|
|t:|1759034870
|-end|p2a: Iron Crown|Quark Drive|[silent]
|switch|p2a: Dragonite|Dragonite, M|84/100|[from] Volt Switch
|move|p1a: Gholdengo|Recover|p1a: Gholdengo
|-heal|p1a: Gholdengo|78/100
|
|upkeep
|turn|14
|
|t:|1759034896
|-terastallize|p1a: Gholdengo|Flying
|move|p1a: Gholdengo|Make It Rain|p2a: Dragonite
|-damage|p2a: Dragonite|0 fnt
|-unboost|p1a: Gholdengo|spa|1
|faint|p2a: Dragonite
|
|upkeep
|
|t:|1759034902
|switch|p2a: Iron Crown|Iron Crown, tera:Steel|84/100
|turn|15
|inactive|nycoou has 270 seconds left.
|
|t:|1759034942
|switch|p1a: Zamazenta|Zamazenta|100/100
|-ability|p1a: Zamazenta|Dauntless Shield|boost
|-boost|p1a: Zamazenta|def|1
|move|p2a: Iron Crown|Tachyon Cutter|p1a: Zamazenta
|-damage|p1a: Zamazenta|70/100
|-damage|p1a: Zamazenta|38/100
|-hitcount|p1a: Zamazenta|2
|
|upkeep
|turn|16
|
|t:|1759034958
|-end|p2a: Iron Crown|Quark Drive|[silent]
|switch|p2a: Great Tusk|Great Tusk|100/100
|move|p1a: Zamazenta|Crunch|p2a: Great Tusk
|-resisted|p2a: Great Tusk
|-damage|p2a: Great Tusk|89/100
|-damage|p1a: Zamazenta|21/100|[from] item: Rocky Helmet|[of] p2a: Great Tusk
|-damage|p1a: Zamazenta|11/100|[from] item: Life Orb
|
|upkeep
|turn|17
|
|t:|1759034965
|move|p1a: Zamazenta|Close Combat|p2a: Great Tusk
|-damage|p2a: Great Tusk|42/100
|-unboost|p1a: Zamazenta|def|1
|-unboost|p1a: Zamazenta|spd|1
|-damage|p1a: Zamazenta|0 fnt|[from] item: Rocky Helmet|[of] p2a: Great Tusk
|faint|p1a: Zamazenta
|move|p2a: Great Tusk|Rapid Spin|p1: Zamazenta|[notarget]
|-fail|p2a: Great Tusk
|
|upkeep
|
|t:|1759034974
|switch|p1a: Gholdengo|Gholdengo, tera:Flying|78/100
|turn|18
|
|t:|1759034979
|move|p2a: Great Tusk|Ice Spinner|p1a: Gholdengo
|-supereffective|p1a: Gholdengo
|-damage|p1a: Gholdengo|29/100
|move|p1a: Gholdengo|Make It Rain|p2a: Great Tusk
|-damage|p2a: Great Tusk|0 fnt
|-unboost|p1a: Gholdengo|spa|1
|faint|p2a: Great Tusk
|-end|p2a: Great Tusk|Protosynthesis|[silent]
|
|upkeep
|
|t:|1759034984
|switch|p2a: Iron Crown|Iron Crown, tera:Steel|84/100
|turn|19
|
|t:|1759034987
|move|p2a: Iron Crown|Tachyon Cutter|p1a: Gholdengo
|-damage|p1a: Gholdengo|0 fnt
|faint|p1a: Gholdengo
|-hitcount|p1: Gholdengo|1
|
|upkeep
|
|t:|1759034989
|switch|p1a: Latios|Latios, M|100/100
|turn|20
|
|t:|1759034994
|-end|p2a: Iron Crown|Quark Drive|[silent]
|switch|p2a: Dragapult|Dragapult, M|40/100
|move|p1a: Latios|Aura Sphere|p2a: Dragapult
|-immune|p2a: Dragapult
|
|upkeep
|turn|21
|
|t:|1759035005
|switch|p1a: Clefable|Clefable, M|100/100
|move|p2a: Dragapult|Will-O-Wisp|p1a: Clefable|[miss]
|-miss|p2a: Dragapult|p1a: Clefable
|
|upkeep
|turn|22
|
|t:|1759035014
|move|p2a: Dragapult|U-turn|p1a: Clefable
|-resisted|p1a: Clefable
|-crit|p1a: Clefable
|-damage|p1a: Clefable|92/100
|
|t:|1759035016
|switch|p2a: Iron Crown|Iron Crown, tera:Steel|84/100|[from] U-turn
|move|p1a: Clefable|Stealth Rock|p2a: Iron Crown
|-sidestart|p2: libaness|move: Stealth Rock
|
|-heal|p1a: Clefable|98/100|[from] item: Leftovers
|upkeep
|turn|23
|
|t:|1759035038
|switch|p1a: Latios|Latios, M|100/100
|move|p2a: Iron Crown|Tachyon Cutter|p1a: Latios
|-damage|p1a: Latios|64/100
|-damage|p1a: Latios|31/100
|-hitcount|p1a: Latios|2
|
|upkeep
|turn|24
|
|t:|1759035045
|move|p1a: Latios|Aura Sphere|p2a: Iron Crown
|-supereffective|p2a: Iron Crown
|-damage|p2a: Iron Crown|29/100
|move|p2a: Iron Crown|Tachyon Cutter|p1a: Latios
|-damage|p1a: Latios|0 fnt
|faint|p1a: Latios
|-hitcount|p1: Latios|1
|
|upkeep
|
|t:|1759035047
|switch|p1a: Clefable|Clefable, M|98/100
|turn|25
|c|☆libaness|ggs
|c|☆nycoou|gg
|
|t:|1759035051
|move|p2a: Iron Crown|Tachyon Cutter|p1a: Clefable
|-supereffective|p1a: Clefable
|-damage|p1a: Clefable|37/100
|-supereffective|p1a: Clefable
|-damage|p1a: Clefable|0 fnt
|faint|p1a: Clefable
|-hitcount|p1: Clefable|2
|
|win|libaness
|c|☆libaness|ru?
