|j|☆Jdawg_2100
|j|☆55burgers55fries
|t:|1759034144
|gametype|singles
|player|p1|Jdawg_2100|hilbert|1232
|player|p2|55burgers55fries|acerola|1236
|gen|9
|tier|[Gen 9] OU
|rated|
|rule|HP Percentage Mod: HP is shown in percentages
|rule|Endless Battle Clause: Forcing endless battles is banned
|rule|Species Clause: Limit one of each Pokémon
|rule|OHKO Clause: OHKO moves are banned
|rule|Evasion Items Clause: Evasion items are banned
|rule|Evasion Moves Clause: Evasion moves are banned
|rule|Evasion Abilities Clause: Evasion abilities are banned
|rule|Sleep Moves Clause: Sleep-inducing moves are banned
|clearpoke
|poke|p1|Gliscor, M|
|poke|p1|Alomomola, M|
|poke|p1|Pecharunt|
|poke|p1|Great Tusk|
|poke|p1|Weavile, F|
|poke|p1|Iron Crown|
|poke|p2|Tyranitar, M|
|poke|p2|Excadrill, M|
|poke|p2|Terrakion|
|poke|p2|Gliscor, M|
|poke|p2|Reuniclus, F|
|poke|p2|Leavanny, M|
|teampreview
|inactive|Battle timer is ON: inactive players will automatically lose when time's up. (requested by Jdawg_2100)
|inactive|Jdawg_2100 has 120 seconds left.
|inactive|Jdawg_2100 has 90 seconds left.
|c|☆Jdawg_2100|glhf
|
|t:|1759034210
|teamsize|p1|6
|teamsize|p2|6
|start
|switch|p1a: Iron Crown|Iron Crown|100/100
|switch|p2a: Gliscor|Gliscor, M|100/100
|turn|1
|
|t:|1759034226
|switch|p2a: Tyranitar|Tyranitar, M, shiny|100/100
|-weather|Sandstorm|[from] ability: Sand Stream|[of] p2a: Tyranitar
|move|p1a: Iron Crown|Psychic Noise|p2a: Tyranitar
|-immune|p2a: Tyranitar
|
|-weather|Sandstorm|[upkeep]
|upkeep
|turn|2
|
|t:|1759034249
|-end|p1a: Iron Crown|Quark Drive|[silent]
|switch|p1a: Weavile|Weavile, F, shiny|100/100
|-ability|p1a: Weavile|Pressure
|move|p2a: Tyranitar|Knock Off|p1a: Weavile
|-resisted|p1a: Weavile
|-damage|p1a: Weavile|65/100
|-enditem|p1a: Weavile|Heavy-Duty Boots|[from] move: Knock Off|[of] p2a: Tyranitar
|
|-weather|Sandstorm|[upkeep]
|-damage|p1a: Weavile|59/100|[from] Sandstorm
|upkeep
|turn|3
|
|t:|1759034271
|switch|p1a: Great Tusk|Great Tusk, shiny|100/100
|switch|p2a: Terrakion|Terrakion|100/100
|
|-weather|Sandstorm|[upkeep]
|upkeep
|turn|4
|
|t:|1759034281
|switch|p2a: Leavanny|Leavanny, M, shiny|100/100
|move|p1a: Great Tusk|Stealth Rock|p2a: Leavanny
|-sidestart|p2: 55burgers55fries|move: Stealth Rock
|
|-weather|Sandstorm|[upkeep]
|upkeep
|turn|5
|
|t:|1759034289
|move|p2a: Leavanny|Sticky Web|p1a: Great Tusk
|-sidestart|p1: Jdawg_2100|move: Sticky Web
|move|p1a: Great Tusk|Ice Spinner|p2a: Leavanny
|-supereffective|p2a: Leavanny
|-damage|p2a: Leavanny|41/100
|
|-weather|Sandstorm|[upkeep]
|-heal|p2a: Leavanny|48/100|[from] item: Leftovers
|upkeep
|turn|6
|
|t:|1759034294
|move|p2a: Leavanny|Protect|p2a: Leavanny
|-singleturn|p2a: Leavanny|Protect
|move|p1a: Great Tusk|Rapid Spin|p2a: Leavanny
|-activate|p2a: Leavanny|move: Protect
|
|-weather|Sandstorm|[upkeep]
|-heal|p2a: Leavanny|54/100|[from] item: Leftovers
|upkeep
|turn|7
|
|t:|1759034301
|-terastallize|p2a: Leavanny|Ghost
|move|p2a: Leavanny|Grass Knot|p1a: Great Tusk
|-supereffective|p1a: Great Tusk
|-damage|p1a: Great Tusk|15/100
|-damage|p2a: Leavanny|37/100|[from] item: Rocky Helmet|[of] p1a: Great Tusk
|move|p1a: Great Tusk|Rapid Spin|p2a: Leavanny
|-immune|p2a: Leavanny
|
|-weather|Sandstorm|[upkeep]
|-heal|p2a: Leavanny|43/100|[from] item: Leftovers
|upkeep
|turn|8
|
|t:|1759034317
|move|p2a: Leavanny|Grass Knot|p1a: Great Tusk
|-supereffective|p1a: Great Tusk
|-damage|p1a: Great Tusk|0 fnt
|-damage|p2a: Leavanny|27/100|[from] item: Rocky Helmet|[of] p1a: Great Tusk
|faint|p1a: Great Tusk
|-end|p1a: Great Tusk|Protosynthesis|[silent]
|
|-weather|none
|-heal|p2a: Leavanny|33/100|[from] item: Leftovers
|upkeep
|c|☆55burgers55fries|today i learned grass knot is contact
|
|t:|1759034334
|switch|p1a: Alomomola|Alomomola, M, shiny|100/100
|-activate|p1a: Alomomola|move: Sticky Web
|-unboost|p1a: Alomomola|spe|1
|turn|9
|c|☆Jdawg_2100|thats nice._.
|inactive|Jdawg_2100 has 120 seconds left.
|
|t:|1759034351
|move|p2a: Leavanny|Grass Knot|p1a: Alomomola
|-supereffective|p1a: Alomomola
|-damage|p1a: Alomomola|86/100
|move|p1a: Alomomola|Mirror Coat|p2a: Leavanny
|-damage|p2a: Leavanny|0 fnt
|faint|p2a: Leavanny
|
|upkeep
|
|t:|1759034359
|switch|p2a: Tyranitar|Tyranitar, M, shiny|100/100
|-damage|p2a: Tyranitar|88/100|[from] Stealth Rock
|-weather|Sandstorm|[from] ability: Sand Stream|[of] p2a: Tyranitar
|turn|10
|
|t:|1759034365
|move|p2a: Tyranitar|Knock Off|p1a: Alomomola
|-damage|p1a: Alomomola|54/100
|-enditem|p1a: Alomomola|Assault Vest|[from] move: Knock Off|[of] p2a: Tyranitar
|move|p1a: Alomomola|Play Rough|p2a: Tyranitar
|-supereffective|p2a: Tyranitar
|-damage|p2a: Tyranitar|60/100
|
|-weather|Sandstorm|[upkeep]
|-damage|p1a: Alomomola|48/100|[from] Sandstorm
|upkeep
|turn|11
|
|t:|1759034374
|switch|p1a: Pecharunt|Pecharunt|100/100
|move|p2a: Tyranitar|Stealth Rock|p1a: Pecharunt
|-sidestart|p1: Jdawg_2100|move: Stealth Rock
|
|-weather|Sandstorm|[upkeep]
|-damage|p1a: Pecharunt|94/100|[from] Sandstorm
|upkeep
|turn|12
|inactive|Jdawg_2100 has 120 seconds left.
|inactive|Jdawg_2100 has 90 seconds left.
|inactive|Jdawg_2100 has 60 seconds left.
|
|t:|1759034476
|move|p1a: Pecharunt|Malignant Chain|p2a: Tyranitar
|-resisted|p2a: Tyranitar
|-damage|p2a: Tyranitar|54/100
|-status|p2a: Tyranitar|tox
|-start|p2a: Tyranitar|confusion|[from] ability: Poison Puppeteer|[of] p1a: Pecharunt
|-activate|p2a: Tyranitar|confusion
|move|p2a: Tyranitar|Knock Off|p1a: Pecharunt
|-supereffective|p1a: Pecharunt
|-damage|p1a: Pecharunt|53/100
|-enditem|p1a: Pecharunt|Heavy-Duty Boots|[from] move: Knock Off|[of] p2a: Tyranitar
|
|-weather|Sandstorm|[upkeep]
|-damage|p1a: Pecharunt|47/100|[from] Sandstorm
|-damage|p2a: Tyranitar|48/100 tox|[from] psn
|upkeep
|turn|13
|
|t:|1759034495
|switch|p2a: Excadrill|Excadrill, M|100/100
|-damage|p2a: Excadrill|97/100|[from] Stealth Rock
|move|p1a: Pecharunt|Recover|p1a: Pecharunt
|-heal|p1a: Pecharunt|97/100
|
|-weather|Sandstorm|[upkeep]
|-damage|p1a: Pecharunt|91/100|[from] Sandstorm
|upkeep
|turn|14
|
|t:|1759034502
|move|p2a: Excadrill|Swords Dance|p2a: Excadrill
|-boost|p2a: Excadrill|atk|2
|move|p1a: Pecharunt|Parting Shot|p2a: Excadrill
|-unboost|p2a: Excadrill|atk|1
|-unboost|p2a: Excadrill|spa|1
|inactive|Jdawg_2100 has 30 seconds left.
|inactive|Jdawg_2100 has 20 seconds left.
|inactive|Jdawg_2100 has 15 seconds left.
|
|t:|1759034550
|switch|p1a: Gliscor|Gliscor, M, shiny|100/100|[from] Parting Shot
|-damage|p1a: Gliscor|88/100|[from] Stealth Rock
|
|-weather|Sandstorm|[upkeep]
|-status|p1a: Gliscor|tox|[from] item: Toxic Orb
|upkeep
|turn|15
|inactive|Jdawg_2100 has 25 seconds left this turn.
|inactive|Jdawg_2100 has 20 seconds left.
|inactive|Jdawg_2100 has 15 seconds left.
|
|t:|1759034562
|switch|p2a: Gliscor|Gliscor, M|100/100
|-damage|p2a: Gliscor|88/100|[from] Stealth Rock
|move|p1a: Gliscor|Spikes|p2a: Gliscor
|-sidestart|p2: 55burgers55fries|Spikes
|
|-weather|Sandstorm|[upkeep]
|-heal|p1a: Gliscor|100/100 tox|[from] ability: Poison Heal
|-status|p2a: Gliscor|tox|[from] item: Toxic Orb
|upkeep
|turn|16
|inactive|Jdawg_2100 has 25 seconds left this turn.
|inactive|Jdawg_2100 has 20 seconds left.
|inactive|Jdawg_2100 has 15 seconds left.
|c|☆Jdawg_2100|why the fuck does my gliscor have earth power
|inactive|Jdawg_2100 has 10 seconds left.
|
|t:|1759034578
|move|p2a: Gliscor|Ice Fang|p1a: Gliscor
|-supereffective|p1a: Gliscor
|-damage|p1a: Gliscor|54/100 tox
|cant|p1a: Gliscor|flinch
|
|-weather|Sandstorm|[upkeep]
|-heal|p2a: Gliscor|100/100 tox|[from] ability: Poison Heal
|-heal|p1a: Gliscor|66/100 tox|[from] ability: Poison Heal
|upkeep
|turn|17
|inactive|Jdawg_2100 has 20 seconds left this turn.
|
|t:|1759034582
|move|p1a: Gliscor|Protect|p1a: Gliscor
|-singleturn|p1a: Gliscor|Protect
|move|p2a: Gliscor|Ice Fang|p1a: Gliscor
|-activate|p1a: Gliscor|move: Protect
|
|-weather|none
|-heal|p1a: Gliscor|79/100 tox|[from] ability: Poison Heal
|upkeep
|turn|18
|inactive|Jdawg_2100 has 30 seconds left this turn.
|
|t:|1759034585
|move|p2a: Gliscor|Taunt|p1a: Gliscor
|-start|p1a: Gliscor|move: Taunt
|cant|p1a: Gliscor|move: Taunt|Spikes
|
|-heal|p1a: Gliscor|91/100 tox|[from] ability: Poison Heal
|upkeep
|turn|19
|
|t:|1759034590
|switch|p1a: Alomomola|Alomomola, M, shiny|48/100
|-activate|p1a: Alomomola|move: Sticky Web
|-unboost|p1a: Alomomola|spe|1
|-damage|p1a: Alomomola|36/100|[from] Stealth Rock
|move|p2a: Gliscor|Ice Fang|p1a: Alomomola
|-resisted|p1a: Alomomola
|-damage|p1a: Alomomola|28/100
|
|upkeep
|turn|20
|
|t:|1759034599
|move|p2a: Gliscor|Gunk Shot|p1a: Alomomola
|-damage|p1a: Alomomola|0 fnt
|faint|p1a: Alomomola
|
|upkeep
|
|t:|1759034607
|switch|p1a: Iron Crown|Iron Crown|100/100
|-activate|p1a: Iron Crown|move: Sticky Web
|-unboost|p1a: Iron Crown|spe|1
|-damage|p1a: Iron Crown|94/100|[from] Stealth Rock
|turn|21
|
|t:|1759034615
|move|p2a: Gliscor|Knock Off|p1a: Iron Crown
|-supereffective|p1a: Iron Crown
|-damage|p1a: Iron Crown|33/100
|-enditem|p1a: Iron Crown|Choice Specs|[from] move: Knock Off|[of] p2a: Gliscor
|move|p1a: Iron Crown|Tachyon Cutter|p2a: Gliscor
|-damage|p2a: Gliscor|62/100 tox
|-damage|p2a: Gliscor|26/100 tox
|-hitcount|p2a: Gliscor|2
|
|-heal|p2a: Gliscor|38/100 tox|[from] ability: Poison Heal
|upkeep
|turn|22
|-message|Jdawg_2100 forfeited.
|
|win|55burgers55fries
|raw|Jdawg_2100's rating: 1232 &rarr; <strong>1207</strong><br />(-25 for losing)
|raw|55burgers55fries's rating: 1236 &rarr; <strong>1261</strong><br />(+25 for winning)
|l|☆Jdawg_2100
|player|p1|
|l|☆55burgers55fries
|player|p2|
