|j|‽kanenokami
|j|☆Argha321
|t:|1759047742
|gametype|singles
|player|p1|kanenokami|ghetsis|1438
|player|p2|Argha321|alder|1326
|gen|9
|tier|[Gen 9] OU
|rated|
|rule|HP Percentage Mod: HP is shown in percentages
|rule|Endless Battle Clause: Forcing endless battles is banned
|rule|Species Clause: Limit one of each Pokémon
|rule|OHKO Clause: OHKO moves are banned
|rule|Evasion Items Clause: Evasion items are banned
|rule|Evasion Moves Clause: Evasion moves are banned
|rule|Evasion Abilities Clause: Evasion abilities are banned
|rule|Sleep Moves Clause: Sleep-inducing moves are banned
|clearpoke
|poke|p1|Excadrill, M|
|poke|p1|Tyranitar, M|
|poke|p1|Ogerpon-Wellspring, F|
|poke|p1|Weezing-Galar, F|
|poke|p1|Moltres|
|poke|p1|Gholdengo|
|poke|p2|Samurott-Hisui, M|
|poke|p2|Glimmora, M|
|poke|p2|Araquanid, M|
|poke|p2|Primarina, M|
|poke|p2|Haxorus, M|
|poke|p2|Gholdengo|
|teampreview
|inactive|Battle timer is ON: inactive players will automatically lose when time's up. (requested by kanenokami)
|
|t:|1759047747
|teamsize|p1|6
|teamsize|p2|6
|start
|switch|p1a: Ogerpon|Ogerpon-Wellspring, F|100/100
|switch|p2a: Araquanid|Araquanid, M|100/100
|turn|1
|
|t:|1759047750
|move|p1a: Ogerpon|U-turn|p2a: Araquanid
|-damage|p2a: Araquanid|71/100
|
|t:|1759047755
|switch|p1a: Weezing|Weezing-Galar, F|100/100|[from] U-turn
|move|p2a: Araquanid|Sticky Web|p1a: Weezing
|-sidestart|p1: kanenokami|move: Sticky Web
|
|upkeep
|turn|2
|
|t:|1759047764
|switch|p2a: Gholdengo|Gholdengo|100/100
|-item|p2a: Gholdengo|Air Balloon
|move|p1a: Weezing|Defog|p2a: Gholdengo
|-immune|p2a: Gholdengo|[from] ability: Good as Gold
|
|upkeep
|turn|3
|
|t:|1759047774
|switch|p1a: Gholdengo|Gholdengo|100/100
|-activate|p1a: Gholdengo|move: Sticky Web
|-unboost|p1a: Gholdengo|spe|1
|move|p2a: Gholdengo|Thunder Wave|p1a: Gholdengo
|-immune|p1a: Gholdengo|[from] ability: Good as Gold
|
|upkeep
|turn|4
|
|t:|1759047786
|switch|p2a: Samurott|Samurott-Hisui, M|100/100
|move|p1a: Gholdengo|Trick|p2a: Samurott
|-activate|p1a: Gholdengo|move: Trick|[of] p2a: Samurott
|-item|p2a: Samurott|Choice Scarf|[from] move: Trick
|-item|p1a: Gholdengo|Wide Lens|[from] move: Trick
|
|upkeep
|turn|5
|
|t:|1759047802
|switch|p1a: Weezing|Weezing-Galar, F|100/100
|move|p2a: Samurott|Ceaseless Edge|p1a: Weezing
|-resisted|p1a: Weezing
|-damage|p1a: Weezing|85/100
|-sidestart|p1: kanenokami|Spikes
|
|upkeep
|turn|6
|
|t:|1759047813
|switch|p1a: Moltres|Moltres|100/100
|move|p2a: Samurott|Ceaseless Edge|p1a: Moltres
|-damage|p1a: Moltres|63/100
|-sidestart|p1: kanenokami|Spikes
|
|upkeep
|turn|7
|
|t:|1759047821
|switch|p2a: Glimmora|Glimmora, M|100/100
|move|p1a: Moltres|Roost|p1a: Moltres
|-heal|p1a: Moltres|100/100
|-singleturn|p1a: Moltres|move: Roost
|
|upkeep
|turn|8
|
|t:|1759047827
|switch|p1a: Gholdengo|Gholdengo|100/100
|-activate|p1a: Gholdengo|move: Sticky Web
|-unboost|p1a: Gholdengo|spe|1
|-damage|p1a: Gholdengo|84/100|[from] Spikes
|move|p2a: Glimmora|Power Gem|p1a: Gholdengo
|-resisted|p1a: Gholdengo
|-damage|p1a: Gholdengo|59/100
|
|upkeep
|turn|9
|
|t:|1759047831
|move|p2a: Glimmora|Earth Power|p1a: Gholdengo
|-supereffective|p1a: Gholdengo
|-damage|p1a: Gholdengo|0 fnt
|faint|p1a: Gholdengo
|
|upkeep
|
|t:|1759047833
|switch|p1a: Weezing|Weezing-Galar, F|85/100
|turn|10
|
|t:|1759047838
|switch|p2a: Gholdengo|Gholdengo|100/100
|-item|p2a: Gholdengo|Air Balloon
|switch|p1a: Moltres|Moltres|100/100
|
|upkeep
|turn|11
|
|t:|1759047842
|move|p2a: Gholdengo|Thunder Wave|p1a: Moltres
|-status|p1a: Moltres|par
|cant|p1a: Moltres|par
|
|upkeep
|turn|12
|
|t:|1759047848
|switch|p2a: Glimmora|Glimmora, M|100/100
|move|p1a: Moltres|Flamethrower|p2a: Glimmora
|-resisted|p2a: Glimmora
|-crit|p2a: Glimmora
|-damage|p2a: Glimmora|56/100
|
|upkeep
|turn|13
|
|t:|1759047854
|switch|p1a: Tyranitar|Tyranitar, M|100/100
|-activate|p1a: Tyranitar|move: Sticky Web
|-unboost|p1a: Tyranitar|spe|1
|-damage|p1a: Tyranitar|84/100|[from] Spikes
|-weather|Sandstorm|[from] ability: Sand Stream|[of] p1a: Tyranitar
|move|p2a: Glimmora|Power Gem|p1a: Tyranitar
|-damage|p1a: Tyranitar|68/100
|
|-weather|Sandstorm|[upkeep]
|upkeep
|turn|14
|
|t:|1759047861
|move|p2a: Glimmora|Earth Power|p1a: Tyranitar
|-supereffective|p1a: Tyranitar
|-damage|p1a: Tyranitar|43/100
|-unboost|p1a: Tyranitar|spd|1
|move|p1a: Tyranitar|Knock Off|p2a: Glimmora
|-damage|p2a: Glimmora|5/100
|-activate|p2a: Glimmora|ability: Toxic Debris
|-sidestart|p1: kanenokami|move: Toxic Spikes
|-enditem|p2a: Glimmora|Focus Sash|[from] move: Knock Off|[of] p1a: Tyranitar
|
|-weather|Sandstorm|[upkeep]
|upkeep
|turn|15
|
|t:|1759047864
|move|p2a: Glimmora|Earth Power|p1a: Tyranitar
|-supereffective|p1a: Tyranitar
|-damage|p1a: Tyranitar|5/100
|move|p1a: Tyranitar|Knock Off|p2a: Glimmora
|-damage|p2a: Glimmora|0 fnt
|-activate|p2a: Glimmora|ability: Toxic Debris
|-sidestart|p1: kanenokami|move: Toxic Spikes
|faint|p2a: Glimmora
|
|-weather|Sandstorm|[upkeep]
|upkeep
|
|t:|1759047868
|switch|p2a: Samurott|Samurott-Hisui, M|100/100
|turn|16
|
|t:|1759047871
|switch|p1a: Weezing|Weezing-Galar, F|85/100
|move|p2a: Samurott|Ceaseless Edge|p1a: Weezing|[miss]
|-miss|p2a: Samurott|p1a: Weezing
|
|-weather|Sandstorm|[upkeep]
|-damage|p2a: Samurott|94/100|[from] Sandstorm
|-damage|p1a: Weezing|79/100|[from] Sandstorm
|upkeep
|turn|17
|
|t:|1759047881
|switch|p2a: Gholdengo|Gholdengo|100/100
|-item|p2a: Gholdengo|Air Balloon
|switch|p1a: Excadrill|Excadrill, M|100/100
|-item|p1a: Excadrill|Air Balloon
|
|-weather|Sandstorm|[upkeep]
|upkeep
|turn|18
|
|t:|1759047889
|move|p1a: Excadrill|Iron Head|p2a: Gholdengo
|-resisted|p2a: Gholdengo
|-damage|p2a: Gholdengo|84/100
|-enditem|p2a: Gholdengo|Air Balloon
|move|p2a: Gholdengo|Hex|p1a: Excadrill
|-damage|p1a: Excadrill|61/100
|-enditem|p1a: Excadrill|Air Balloon
|
|-weather|Sandstorm|[upkeep]
|upkeep
|turn|19
|
|t:|1759047900
|switch|p2a: Araquanid|Araquanid, M|71/100
|move|p1a: Excadrill|Swords Dance|p1a: Excadrill
|-boost|p1a: Excadrill|atk|2
|
|-weather|Sandstorm|[upkeep]
|-damage|p2a: Araquanid|65/100|[from] Sandstorm
|upkeep
|turn|20
|
|t:|1759047904
|move|p2a: Araquanid|Endure|p2a: Araquanid
|-singleturn|p2a: Araquanid|move: Endure
|move|p1a: Excadrill|Rock Slide|p2a: Araquanid|[miss]
|-miss|p1a: Excadrill|p2a: Araquanid
|
|-weather|none
|upkeep
|turn|21
|
|t:|1759047908
|move|p1a: Excadrill|Rock Slide|p2a: Araquanid
|-supereffective|p2a: Araquanid
|-damage|p2a: Araquanid|0 fnt
|faint|p2a: Araquanid
|
|upkeep
|
|t:|1759047910
|switch|p2a: Samurott|Samurott-Hisui, M|94/100
|turn|22
|
|t:|1759047926
|switch|p1a: Moltres|Moltres|100/100 par
|move|p2a: Samurott|Ceaseless Edge|p1a: Moltres
|-damage|p1a: Moltres|62/100 par
|-sidestart|p1: kanenokami|Spikes
|
|upkeep
|turn|23
|
|t:|1759047933
|switch|p2a: Primarina|Primarina, M|100/100
|move|p1a: Moltres|U-turn|p2a: Primarina
|-resisted|p2a: Primarina
|-damage|p2a: Primarina|90/100
|
|t:|1759047937
|switch|p1a: Weezing|Weezing-Galar, F|79/100|[from] U-turn
|
|-heal|p2a: Primarina|96/100|[from] item: Leftovers
|upkeep
|turn|24
|
|t:|1759047945
|move|p2a: Primarina|Psychic Noise|p1a: Weezing
|-supereffective|p1a: Weezing
|-damage|p1a: Weezing|15/100
|-start|p1a: Weezing|move: Heal Block
|move|p1a: Weezing|Defog|p2a: Primarina
|-unboost|p2a: Primarina|evasion|1
|-sideend|p1: kanenokami|Spikes|[from] move: Defog|[of] p1a: Weezing
|-sideend|p1: kanenokami|Toxic Spikes|[from] move: Defog|[of] p1a: Weezing
|-sideend|p1: kanenokami|Sticky Web|[from] move: Defog|[of] p1a: Weezing
|
|-heal|p2a: Primarina|100/100|[from] item: Leftovers
|upkeep
|turn|25
|
|t:|1759047957
|switch|p1a: Tyranitar|Tyranitar, M|5/100
|-weather|Sandstorm|[from] ability: Sand Stream|[of] p1a: Tyranitar
|move|p2a: Primarina|Calm Mind|p2a: Primarina
|-boost|p2a: Primarina|spa|1
|-boost|p2a: Primarina|spd|1
|
|-weather|Sandstorm|[upkeep]
|-damage|p2a: Primarina|95/100|[from] Sandstorm
|-heal|p2a: Primarina|100/100|[from] item: Leftovers
|upkeep
|turn|26
|
|t:|1759047964
|move|p2a: Primarina|Surf|p1a: Tyranitar
|-supereffective|p1a: Tyranitar
|-damage|p1a: Tyranitar|0 fnt
|faint|p1a: Tyranitar
|
|-weather|Sandstorm|[upkeep]
|-damage|p2a: Primarina|95/100|[from] Sandstorm
|-heal|p2a: Primarina|100/100|[from] item: Leftovers
|upkeep
|
|t:|1759047972
|switch|p1a: Ogerpon|Ogerpon-Wellspring, F|100/100
|turn|27
|
|t:|1759047976
|switch|p2a: Haxorus|Haxorus, M|100/100
|-ability|p2a: Haxorus|Mold Breaker
|move|p1a: Ogerpon|Power Whip|p2a: Haxorus
|-resisted|p2a: Haxorus
|-damage|p2a: Haxorus|55/100
|
|-weather|Sandstorm|[upkeep]
|-damage|p1a: Ogerpon|95/100|[from] Sandstorm
|-damage|p2a: Haxorus|49/100|[from] Sandstorm
|upkeep
|turn|28
|
|t:|1759047981
|move|p2a: Haxorus|First Impression|p1a: Ogerpon
|-supereffective|p1a: Ogerpon
|-damage|p1a: Ogerpon|0 fnt
|faint|p1a: Ogerpon
|-damage|p2a: Haxorus|39/100|[from] item: Life Orb
|
|-weather|Sandstorm|[upkeep]
|-damage|p2a: Haxorus|33/100|[from] Sandstorm
|upkeep
|
|t:|1759047984
|switch|p1a: Excadrill|Excadrill, M|61/100
|turn|29
|
|t:|1759047988
|move|p1a: Excadrill|Earthquake|p2a: Haxorus
|-damage|p2a: Haxorus|0 fnt
|faint|p2a: Haxorus
|
|-weather|Sandstorm|[upkeep]
|upkeep
|
|t:|1759047991
|switch|p2a: Samurott|Samurott-Hisui, M|94/100
|turn|30
|
|t:|1759048016
|move|p1a: Excadrill|Earthquake|p2a: Samurott
|-damage|p2a: Samurott|17/100
|move|p2a: Samurott|Razor Shell|p1a: Excadrill
|-supereffective|p1a: Excadrill
|-damage|p1a: Excadrill|0 fnt
|faint|p1a: Excadrill
|
|-weather|Sandstorm|[upkeep]
|-damage|p2a: Samurott|10/100|[from] Sandstorm
|upkeep
|
|t:|1759048023
|switch|p1a: Weezing|Weezing-Galar, F|15/100
|turn|31
|
|t:|1759048041
|move|p2a: Samurott|Razor Shell|p1a: Weezing
|-damage|p1a: Weezing|0 fnt
|faint|p1a: Weezing
|
|-weather|Sandstorm|[upkeep]
|-damage|p2a: Samurott|4/100|[from] Sandstorm
|upkeep
|
|t:|1759048043
|switch|p1a: Moltres|Moltres|62/100 par
|turn|32
|c|☆Argha321|Bro just couldn't take hazard pressure
|
|t:|1759048055
|-terastallize|p2a: Samurott|Water
|-terastallize|p1a: Moltres|Water
|move|p2a: Samurott|Razor Shell|p1a: Moltres
|-resisted|p1a: Moltres
|-damage|p1a: Moltres|36/100 par
|-unboost|p1a: Moltres|def|1
|move|p1a: Moltres|Roost|p1a: Moltres
|-heal|p1a: Moltres|86/100 par
|
|-weather|none
|upkeep
|turn|33
|
|t:|1759048068
|move|p2a: Samurott|Razor Shell|p1a: Moltres
|-resisted|p1a: Moltres
|-damage|p1a: Moltres|43/100 par
|move|p1a: Moltres|Flamethrower|p2a: Samurott
|-resisted|p2a: Samurott
|-damage|p2a: Samurott|0 fnt
|faint|p2a: Samurott
|
|upkeep
|
|t:|1759048072
|switch|p2a: Primarina|Primarina, M|100/100
|turn|34
|
|t:|1759048079
|move|p2a: Primarina|Calm Mind|p2a: Primarina
|-boost|p2a: Primarina|spa|1
|-boost|p2a: Primarina|spd|1
|move|p1a: Moltres|Hurricane|p2a: Primarina|[miss]
|-miss|p1a: Moltres|p2a: Primarina
|
|upkeep
|turn|35
|
|t:|1759048081
|move|p2a: Primarina|Calm Mind|p2a: Primarina
|-boost|p2a: Primarina|spa|1
|-boost|p2a: Primarina|spd|1
|move|p1a: Moltres|Hurricane|p2a: Primarina|[miss]
|-miss|p1a: Moltres|p2a: Primarina
|
|upkeep
|turn|36
|
|t:|1759048083
|move|p2a: Primarina|Calm Mind|p2a: Primarina
|-boost|p2a: Primarina|spa|1
|-boost|p2a: Primarina|spd|1
|move|p1a: Moltres|Hurricane|p2a: Primarina
|-damage|p2a: Primarina|77/100
|
|-heal|p2a: Primarina|83/100|[from] item: Leftovers
|upkeep
|turn|37
|
|t:|1759048085
|move|p2a: Primarina|Moonblast|p1a: Moltres
|-damage|p1a: Moltres|0 fnt
|faint|p1a: Moltres
|
|win|Argha321
|raw|kanenokami's rating: 1438 &rarr; <strong>1412</strong><br />(-26 for losing)
|raw|Argha321's rating: 1326 &rarr; <strong>1352</strong><br />(+26 for winning)
|l|‽kanenokami
|player|p1|
|l|☆Argha321
|player|p2|
