|j|☆December233
|j|‽OTvoid
|t:|1758966117
|gametype|singles
|player|p1|December233|evelyn|1343
|player|p2|OTvoid|steven|1327
|gen|9
|tier|[Gen 9] OU
|rated|
|rule|HP Percentage Mod: HP is shown in percentages
|rule|Endless Battle Clause: Forcing endless battles is banned
|rule|Species Clause: Limit one of each Pokémon
|rule|OHKO Clause: OHKO moves are banned
|rule|Evasion Items Clause: Evasion items are banned
|rule|Evasion Moves Clause: Evasion moves are banned
|rule|Evasion Abilities Clause: Evasion abilities are banned
|rule|Sleep Moves Clause: Sleep-inducing moves are banned
|clearpoke
|poke|p1|Skuntank, F|
|poke|p1|Porygon2|
|poke|p1|Gholdengo|
|poke|p1|Great Tusk|
|poke|p1|Primarina, F|
|poke|p1|Darkrai|
|poke|p2|Tyranitar, M|
|poke|p2|Excadrill, M|
|poke|p2|Corviknight, M|
|poke|p2|Primarina, F|
|poke|p2|Kommo-o, F|
|poke|p2|Meowscarada, F|
|teampreview
|inactive|Battle timer is ON: inactive players will automatically lose when time's up. (requested by OTvoid)
|inactive|December233 has 120 seconds left.
|inactive|December233 has 90 seconds left.
|
|t:|1758966186
|teamsize|p1|6
|teamsize|p2|6
|start
|switch|p1a: Great Tusk|Great Tusk|100/100
|switch|p2a: Meowscarada|Meowscarada, F|100/100
|turn|1
|
|t:|1758966194
|-end|p1a: Great Tusk|Protosynthesis|[silent]
|switch|p1a: Skuntank|Skuntank, F|100/100
|move|p2a: Meowscarada|Flower Trick|p1a: Skuntank
|-start|p2a: Meowscarada|typechange|Grass|[from] ability: Protean
|-resisted|p1a: Skuntank
|-crit|p1a: Skuntank
|-damage|p1a: Skuntank|81/100
|
|upkeep
|turn|2
|
|t:|1758966205
|move|p2a: Meowscarada|U-turn|p1a: Skuntank
|-damage|p1a: Skuntank|65/100
|-damage|p2a: Meowscarada|84/100|[from] item: Rocky Helmet|[of] p1a: Skuntank
|
|t:|1758966207
|switch|p2a: Excadrill|Excadrill, M|100/100|[from] U-turn
|-item|p2a: Excadrill|Air Balloon
|move|p1a: Skuntank|Foul Play|p2a: Excadrill
|-damage|p2a: Excadrill|25/100
|-enditem|p2a: Excadrill|Air Balloon
|
|upkeep
|turn|3
|
|t:|1758966217
|switch|p1a: Porygon2|Porygon2|100/100
|-ability|p1a: Porygon2|Sand Rush|Trace|[from] ability: Trace|[of] p2a: Excadrill
|move|p2a: Excadrill|Earthquake|p1a: Porygon2
|-damage|p1a: Porygon2|76/100
|
|upkeep
|turn|4
|
|t:|1758966227
|switch|p2a: Primarina|Primarina, F|100/100
|move|p1a: Porygon2|Foul Play|p2a: Primarina
|-resisted|p2a: Primarina
|-crit|p2a: Primarina
|-damage|p2a: Primarina|85/100
|
|upkeep
|turn|5
|
|t:|1758966231
|move|p1a: Porygon2|Discharge|p2a: Primarina
|-supereffective|p2a: Primarina
|-damage|p2a: Primarina|63/100
|-status|p2a: Primarina|par
|move|p2a: Primarina|Flip Turn|p1a: Porygon2
|-damage|p1a: Porygon2|68/100
|
|t:|1758966242
|switch|p2a: Meowscarada|Meowscarada, F|84/100|[from] Flip Turn
|
|upkeep
|turn|6
|
|t:|1758966248
|switch|p1a: Skuntank|Skuntank, F|65/100
|move|p2a: Meowscarada|Knock Off|p1a: Skuntank
|-start|p2a: Meowscarada|typechange|Dark|[from] ability: Protean
|-resisted|p1a: Skuntank
|-damage|p1a: Skuntank|48/100
|-damage|p2a: Meowscarada|68/100|[from] item: Rocky Helmet|[of] p1a: Skuntank
|-enditem|p1a: Skuntank|Rocky Helmet|[from] move: Knock Off|[of] p2a: Meowscarada
|
|upkeep
|turn|7
|
|t:|1758966259
|move|p2a: Meowscarada|Triple Axel|p1a: Skuntank|[miss]
|-miss|p2a: Meowscarada|p1a: Skuntank
|move|p1a: Skuntank|Toxic Spikes|p2a: Meowscarada
|-sidestart|p2: OTvoid|move: Toxic Spikes
|
|upkeep
|turn|8
|
|t:|1758966264
|move|p2a: Meowscarada|Triple Axel|p1a: Skuntank
|-damage|p1a: Skuntank|43/100
|-damage|p1a: Skuntank|34/100
|-crit|p1a: Skuntank
|-damage|p1a: Skuntank|13/100
|-hitcount|p1a: Skuntank|3
|move|p1a: Skuntank|Toxic|p2a: Meowscarada
|-status|p2a: Meowscarada|tox
|
|-damage|p2a: Meowscarada|62/100 tox|[from] psn
|upkeep
|turn|9
|
|t:|1758966277
|move|p2a: Meowscarada|U-turn|p1a: Skuntank
|-damage|p1a: Skuntank|0 fnt
|-damage|p2a: Meowscarada|37/100 tox|[from] ability: Aftermath|[of] p1a: Skuntank
|faint|p1a: Skuntank
|
|t:|1758966279
|switch|p2a: Corviknight|Corviknight, M|100/100|[from] U-turn
|-ability|p2a: Corviknight|Pressure
|
|upkeep
|
|t:|1758966286
|switch|p1a: Gholdengo|Gholdengo|100/100
|turn|10
|
|t:|1758966290
|move|p1a: Gholdengo|Trick|p2a: Corviknight
|-activate|p1a: Gholdengo|move: Trick|[of] p2a: Corviknight
|-item|p2a: Corviknight|Choice Scarf|[from] move: Trick
|-item|p1a: Gholdengo|Leftovers|[from] move: Trick
|move|p2a: Corviknight|U-turn|p1a: Gholdengo
|-resisted|p1a: Gholdengo
|-damage|p1a: Gholdengo|96/100
|
|t:|1758966294
|switch|p2a: Tyranitar|Tyranitar, M|100/100|[from] U-turn
|-status|p2a: Tyranitar|psn
|-weather|Sandstorm|[from] ability: Sand Stream|[of] p2a: Tyranitar
|
|-weather|Sandstorm|[upkeep]
|-heal|p1a: Gholdengo|100/100|[from] item: Leftovers
|-damage|p2a: Tyranitar|88/100 psn|[from] psn
|upkeep
|turn|11
|
|t:|1758966304
|switch|p1a: Great Tusk|Great Tusk|100/100
|move|p2a: Tyranitar|Knock Off|p1a: Great Tusk
|-resisted|p1a: Great Tusk
|-damage|p1a: Great Tusk|84/100
|-enditem|p1a: Great Tusk|Heavy-Duty Boots|[from] move: Knock Off|[of] p2a: Tyranitar
|
|-weather|Sandstorm|[upkeep]
|-damage|p2a: Tyranitar|76/100 psn|[from] psn
|upkeep
|turn|12
|
|t:|1758966313
|switch|p2a: Corviknight|Corviknight, M|100/100
|-ability|p2a: Corviknight|Pressure
|move|p1a: Great Tusk|Stealth Rock|p2a: Corviknight
|-sidestart|p2: OTvoid|move: Stealth Rock
|
|-weather|Sandstorm|[upkeep]
|upkeep
|turn|13
|
|t:|1758966320
|-end|p1a: Great Tusk|Protosynthesis|[silent]
|switch|p1a: Gholdengo|Gholdengo|100/100
|move|p2a: Corviknight|Defog|p1a: Gholdengo
|-immune|p1a: Gholdengo|[from] ability: Good as Gold
|
|-weather|Sandstorm|[upkeep]
|upkeep
|turn|14
|-message|OTvoid forfeited.
|
|win|December233
|raw|December233's rating: 1343 &rarr; <strong>1362</strong><br />(+19 for winning)
|raw|OTvoid's rating: 1327 &rarr; <strong>1308</strong><br />(-19 for losing)
|l|‽OTvoid
|player|p2|
|l|☆December233
|player|p1|
