|j|☆wizzz7
|j|☆Leleketchupsbf
|t:|1758947057
|gametype|singles
|player|p1|wizzz7|selene-masters|1317
|player|p2|Leleketchupsbf|interviewers|1292
|gen|9
|tier|[Gen 9] OU
|rated|
|rule|HP Percentage Mod: HP is shown in percentages
|rule|Endless Battle Clause: Forcing endless battles is banned
|rule|Species Clause: Limit one of each Pokémon
|rule|OHKO Clause: OHKO moves are banned
|rule|Evasion Items Clause: Evasion items are banned
|rule|Evasion Moves Clause: Evasion moves are banned
|rule|Evasion Abilities Clause: Evasion abilities are banned
|rule|Sleep Moves Clause: Sleep-inducing moves are banned
|clearpoke
|poke|p1|Tornadus-Therian, M|
|poke|p1|Alomomola, M|
|poke|p1|Ting-Lu|
|poke|p1|Gholdengo|
|poke|p1|Clefable, F|
|poke|p1|Great Tusk|
|poke|p2|Gardevoir, F|
|poke|p2|Landorus-Therian, M|
|poke|p2|Meowscarada, F|
|poke|p2|Heatran, F|
|poke|p2|Quaquaval, F|
|poke|p2|Lokix, M|
|teampreview
|
|t:|1758947071
|teamsize|p1|6
|teamsize|p2|6
|start
|switch|p1a: Tornadus|Tornadus-Therian, M|100/100
|switch|p2a: Heatran|Heatran, F|100/100
|turn|1
|
|t:|1758947080
|move|p1a: Tornadus|U-turn|p2a: Heatran
|-resisted|p2a: Heatran
|-damage|p2a: Heatran|98/100
|
|t:|1758947090
|switch|p1a: Ting-Lu|Ting-Lu|100/100|[from] U-turn
|-ability|p1a: Ting-Lu|Vessel of Ruin
|move|p2a: Heatran|Stealth Rock|p1a: Ting-Lu
|-sidestart|p1: wizzz7|move: Stealth Rock
|
|-heal|p2a: Heatran|100/100|[from] item: Leftovers
|upkeep
|turn|2
|
|t:|1758947095
|switch|p2a: Landorus|Landorus-Therian, M|100/100
|-ability|p2a: Landorus|Intimidate|boost
|-unboost|p1a: Ting-Lu|atk|1
|move|p1a: Ting-Lu|Spikes|p2a: Landorus
|-sidestart|p2: Leleketchupsbf|Spikes
|
|upkeep
|turn|3
|
|t:|1758947099
|move|p2a: Landorus|Earthquake|p1a: Ting-Lu
|-damage|p1a: Ting-Lu|71/100
|move|p1a: Ting-Lu|Ruination|p2a: Landorus
|-damage|p2a: Landorus|51/100
|
|-heal|p1a: Ting-Lu|77/100|[from] item: Leftovers
|upkeep
|turn|4
|
|t:|1758947104
|switch|p1a: Tornadus|Tornadus-Therian, M|100/100
|-damage|p1a: Tornadus|76/100|[from] Stealth Rock
|move|p2a: Landorus|U-turn|p1a: Tornadus
|-resisted|p1a: Tornadus
|-damage|p1a: Tornadus|56/100
|
|t:|1758947112
|switch|p2a: Gardevoir|Gardevoir, F|100/100|[from] U-turn
|-damage|p2a: Gardevoir|88/100|[from] Spikes
|-ability|p2a: Gardevoir|Regenerator|Trace|[from] ability: Trace|[of] p1a: Tornadus
|
|upkeep
|turn|5
|
|t:|1758947146
|move|p1a: Tornadus|U-turn|p2a: Gardevoir
|-damage|p2a: Gardevoir|64/100
|
|t:|1758947150
|switch|p1a: Clefable|Clefable, F|100/100|[from] U-turn
|move|p2a: Gardevoir|Moonblast|p1a: Clefable
|-damage|p1a: Clefable|52/100
|
|-heal|p1a: Clefable|58/100|[from] item: Leftovers
|upkeep
|turn|6
|
|t:|1758947158
|move|p2a: Gardevoir|Moonblast|p1a: Clefable
|-damage|p1a: Clefable|6/100
|-unboost|p1a: Clefable|spa|1
|move|p1a: Clefable|Moonlight|p1a: Clefable
|-heal|p1a: Clefable|56/100
|
|-heal|p1a: Clefable|62/100|[from] item: Leftovers
|upkeep
|turn|7
|
|t:|1758947164
|switch|p1a: Gholdengo|Gholdengo|100/100
|-damage|p1a: Gholdengo|94/100|[from] Stealth Rock
|-item|p1a: Gholdengo|Air Balloon
|move|p2a: Gardevoir|Moonblast|p1a: Gholdengo
|-resisted|p1a: Gholdengo
|-damage|p1a: Gholdengo|53/100
|-unboost|p1a: Gholdengo|spa|1
|-enditem|p1a: Gholdengo|Air Balloon
|
|upkeep
|turn|8
|
|t:|1758947175
|switch|p2a: Heatran|Heatran, F|100/100
|-damage|p2a: Heatran|88/100|[from] Spikes
|move|p1a: Gholdengo|Shadow Ball|p2a: Heatran
|-damage|p2a: Heatran|66/100
|
|-heal|p2a: Heatran|72/100|[from] item: Leftovers
|upkeep
|turn|9
|
|t:|1758947187
|switch|p1a: Alomomola|Alomomola, M|100/100
|move|p2a: Heatran|Magma Storm|p1a: Alomomola
|-resisted|p1a: Alomomola
|-damage|p1a: Alomomola|67/100
|-activate|p1a: Alomomola|move: Magma Storm|[of] p2a: Heatran
|
|-heal|p2a: Heatran|78/100|[from] item: Leftovers
|-damage|p1a: Alomomola|55/100|[from] move: Magma Storm|[partiallytrapped]
|upkeep
|turn|10
|
|t:|1758947198
|move|p2a: Heatran|Flash Cannon|p1a: Alomomola
|-resisted|p1a: Alomomola
|-crit|p1a: Alomomola
|-damage|p1a: Alomomola|18/100
|move|p1a: Alomomola|Flip Turn|p2a: Heatran
|-supereffective|p2a: Heatran
|-damage|p2a: Heatran|49/100
|
|t:|1758947207
|switch|p1a: Great Tusk|Great Tusk|100/100|[from] Flip Turn
|-damage|p1a: Great Tusk|98/100|[from] Stealth Rock
|
|-heal|p2a: Heatran|56/100|[from] item: Leftovers
|upkeep
|turn|11
|
|t:|1758947215
|move|p1a: Great Tusk|Rapid Spin|p2a: Heatran
|-resisted|p2a: Heatran
|-damage|p2a: Heatran|49/100
|-boost|p1a: Great Tusk|spe|1
|-sideend|p1: wizzz7|Stealth Rock|[from] move: Rapid Spin|[of] p1a: Great Tusk
|move|p2a: Heatran|Magma Storm|p1a: Great Tusk
|-damage|p1a: Great Tusk|27/100
|-activate|p1a: Great Tusk|move: Magma Storm|[of] p2a: Heatran
|
|-heal|p2a: Heatran|55/100|[from] item: Leftovers
|-damage|p1a: Great Tusk|15/100|[from] move: Magma Storm|[partiallytrapped]
|upkeep
|turn|12
|
|t:|1758947228
|-terastallize|p2a: Heatran|Flying
|move|p1a: Great Tusk|Headlong Rush|p2a: Heatran
|-immune|p2a: Heatran
|move|p2a: Heatran|Stealth Rock|p1a: Great Tusk
|-sidestart|p1: wizzz7|move: Stealth Rock
|
|-heal|p2a: Heatran|62/100|[from] item: Leftovers
|-damage|p1a: Great Tusk|2/100|[from] move: Magma Storm|[partiallytrapped]
|upkeep
|turn|13
|
|t:|1758947242
|move|p1a: Great Tusk|Knock Off|p2a: Heatran
|-damage|p2a: Heatran|38/100
|-enditem|p2a: Heatran|Leftovers|[from] move: Knock Off|[of] p1a: Great Tusk
|move|p2a: Heatran|Stealth Rock||[still]
|-fail|p2a: Heatran
|
|-damage|p1a: Great Tusk|0 fnt|[from] move: Magma Storm|[partiallytrapped]
|faint|p1a: Great Tusk
|-end|p1a: Great Tusk|Protosynthesis|[silent]
|upkeep
|
|t:|1758947248
|switch|p1a: Tornadus|Tornadus-Therian, M|89/100
|-damage|p1a: Tornadus|65/100|[from] Stealth Rock
|turn|14
|
|t:|1758947260
|move|p1a: Tornadus|Hurricane|p2a: Heatran
|-damage|p2a: Heatran|0 fnt
|faint|p2a: Heatran
|
|upkeep
|
|t:|1758947266
|switch|p2a: Gardevoir|Gardevoir, F|97/100
|-damage|p2a: Gardevoir|85/100|[from] Spikes
|-ability|p2a: Gardevoir|Regenerator|Trace|[from] ability: Trace|[of] p1a: Tornadus
|turn|15
|
|t:|1758947289
|switch|p1a: Clefable|Clefable, F|62/100
|move|p2a: Gardevoir|Moonblast|p1a: Clefable
|-damage|p1a: Clefable|13/100
|
|-heal|p1a: Clefable|19/100|[from] item: Leftovers
|upkeep
|turn|16
|
|t:|1758947294
|move|p2a: Gardevoir|Moonblast|p1a: Clefable
|-damage|p1a: Clefable|0 fnt
|faint|p1a: Clefable
|
|upkeep
|
|t:|1758947298
|switch|p1a: Gholdengo|Gholdengo|53/100
|-damage|p1a: Gholdengo|47/100|[from] Stealth Rock
|turn|17
|
|t:|1758947302
|move|p1a: Gholdengo|Make It Rain|p2a: Gardevoir
|-supereffective|p2a: Gardevoir
|-damage|p2a: Gardevoir|0 fnt
|-unboost|p1a: Gholdengo|spa|1
|faint|p2a: Gardevoir
|
|upkeep
|
|t:|1758947306
|switch|p2a: Quaquaval|Quaquaval, F|100/100
|-damage|p2a: Quaquaval|88/100|[from] Spikes
|turn|18
|
|t:|1758947315
|move|p2a: Quaquaval|Knock Off|p1a: Gholdengo
|-supereffective|p1a: Gholdengo
|-damage|p1a: Gholdengo|0 fnt
|faint|p1a: Gholdengo
|-ability|p2a: Quaquaval|Moxie|boost
|-boost|p2a: Quaquaval|atk|1
|
|-heal|p2a: Quaquaval|94/100|[from] item: Leftovers
|upkeep
|
|t:|1758947321
|switch|p1a: Tornadus|Tornadus-Therian, M|98/100
|-damage|p1a: Tornadus|73/100|[from] Stealth Rock
|turn|19
|
|t:|1758947362
|move|p1a: Tornadus|Hurricane|p2a: Quaquaval|[miss]
|-miss|p1a: Tornadus|p2a: Quaquaval
|move|p2a: Quaquaval|Aqua Step|p1a: Tornadus
|-damage|p1a: Tornadus|0 fnt
|-boost|p2a: Quaquaval|spe|1
|faint|p1a: Tornadus
|-ability|p2a: Quaquaval|Moxie|boost
|-boost|p2a: Quaquaval|atk|1
|
|-heal|p2a: Quaquaval|100/100|[from] item: Leftovers
|upkeep
|-message|wizzz7 forfeited.
|
|win|Leleketchupsbf
|raw|wizzz7's rating: 1317 &rarr; <strong>1296</strong><br />(-21 for losing)
|raw|Leleketchupsbf's rating: 1292 &rarr; <strong>1319</strong><br />(+27 for winning)
|l|☆wizzz7
|player|p1|
|l|☆Leleketchupsbf
|player|p2|
