|inactive|Battle timer is ON: inactive players will automatically lose when time's up.
|badge|p1|silver|gen9randombattle|30-6
|uhtml|medal-msg|<div class="broadcast-blue">Curious what those medals under the avatar are? PS now has Ladder Seasons! For more information, check out the <a href="https://www.smogon.com/forums/threads/3740067/">thread on Smogon.</a></div>
|t:|1759068725
|gametype|singles
|player|p1|inertialinitiative|#scl5terrors|
|player|p2|Silent Waltzz|#wcop2025africa2|
|gen|9
|tier|[Gen 9] OU
|rule|HP Percentage Mod: HP is shown in percentages
|rule|Endless Battle Clause: Forcing endless battles is banned
|rule|Species Clause: Limit one of each Pokémon
|rule|OHKO Clause: OHKO moves are banned
|rule|Evasion Items Clause: Evasion items are banned
|rule|Evasion Moves Clause: Evasion moves are banned
|rule|Evasion Abilities Clause: Evasion abilities are banned
|rule|Sleep Moves Clause: Sleep-inducing moves are banned
|clearpoke
|poke|p1|Great Tusk|
|poke|p1|Garganacl, M|
|poke|p1|Clefable, M|
|poke|p1|Meowscarada, F|
|poke|p1|Slowking-Galar, F|
|poke|p1|Zamazenta-*|
|poke|p2|Garganacl, M|
|poke|p2|Samurott-Hisui, F|
|poke|p2|Great Tusk|
|poke|p2|Corviknight, F|
|poke|p2|Slowking-Galar, F|
|poke|p2|Dragapult, F|
|teampreview
|c|☆Silent Waltzz|hf
|c|☆inertialinitiative|hf
|inactive|inertialinitiative has 270 seconds left.
|inactive|Silent Waltzz has 270 seconds left.
|inactive|inertialinitiative has 240 seconds left.
|
|t:|1759068793
|teamsize|p1|6
|teamsize|p2|6
|start
|switch|p1a: Meowscarada|Meowscarada, F|100/100
|switch|p2a: Corviknight|Corviknight, F|100/100
|-ability|p2a: Corviknight|Pressure
|turn|1
|
|t:|1759068802
|switch|p1a: Clefable|Clefable, M|100/100
|move|p2a: Corviknight|U-turn|p1a: Clefable
|-resisted|p1a: Clefable
|-damage|p1a: Clefable|95/100
|-damage|p2a: Corviknight|84/100|[from] item: Rocky Helmet|[of] p1a: Clefable
|
|t:|1759068808
|switch|p2a: Slowking|Slowking-Galar, F|100/100|[from] U-turn
|
|upkeep
|turn|2
|
|t:|1759068813
|switch|p1a: Slowking|Slowking-Galar, F|100/100
|move|p2a: Slowking|Future Sight|p1a: Slowking
|-start|p2a: Slowking|move: Future Sight
|
|upkeep
|turn|3
|
|t:|1759068818
|switch|p1a: Meowscarada|Meowscarada, F|100/100
|move|p2a: Slowking|Psychic Noise|p1a: Meowscarada
|-immune|p1a: Meowscarada
|
|upkeep
|turn|4
|
|t:|1759068823
|switch|p2a: Corviknight|Corviknight, F|84/100
|-ability|p2a: Corviknight|Pressure
|move|p1a: Meowscarada|Knock Off|p2a: Corviknight
|-start|p1a: Meowscarada|typechange|Dark|[from] ability: Protean
|-damage|p2a: Corviknight|57/100
|-damage|p1a: Meowscarada|84/100|[from] item: Rocky Helmet|[of] p2a: Corviknight
|-enditem|p2a: Corviknight|Rocky Helmet|[from] move: Knock Off|[of] p1a: Meowscarada
|
|-end|p1a: Meowscarada|move: Future Sight
|-immune|p1a: Meowscarada
|upkeep
|turn|5
|
|t:|1759068833
|switch|p1a: Clefable|Clefable, M|95/100
|move|p2a: Corviknight|Roost|p2a: Corviknight
|-heal|p2a: Corviknight|100/100
|-singleturn|p2a: Corviknight|move: Roost
|
|upkeep
|turn|6
|
|t:|1759068836
|switch|p2a: Slowking|Slowking-Galar, F|100/100
|move|p1a: Clefable|Stealth Rock|p2a: Slowking
|-sidestart|p2: Silent Waltzz|move: Stealth Rock
|
|upkeep
|turn|7
|
|t:|1759068842
|switch|p1a: Garganacl|Garganacl, M|100/100
|move|p2a: Slowking|Future Sight|p1a: Garganacl
|-start|p2a: Slowking|move: Future Sight
|
|upkeep
|turn|8
|
|t:|1759068849
|move|p1a: Garganacl|Salt Cure|p2a: Slowking
|-damage|p2a: Slowking|87/100
|-start|p2a: Slowking|Salt Cure
|move|p2a: Slowking|Sludge Bomb|p1a: Garganacl
|-resisted|p1a: Garganacl
|-damage|p1a: Garganacl|86/100
|
|-heal|p1a: Garganacl|92/100|[from] item: Leftovers
|-damage|p2a: Slowking|74/100|[from] Salt Cure
|upkeep
|turn|9
|
|t:|1759068864
|switch|p1a: Slowking|Slowking-Galar, F|100/100
|switch|p2a: Great Tusk|Great Tusk|100/100
|
|-end|p1a: Slowking|move: Future Sight
|-damage|p1a: Slowking|71/100
|upkeep
|turn|10
|
|t:|1759068895
|switch|p1a: Clefable|Clefable, M|95/100
|move|p2a: Great Tusk|Headlong Rush|p1a: Clefable
|-damage|p1a: Clefable|44/100
|-unboost|p2a: Great Tusk|def|1
|-unboost|p2a: Great Tusk|spd|1
|-damage|p2a: Great Tusk|84/100|[from] item: Rocky Helmet|[of] p1a: Clefable
|
|upkeep
|turn|11
|
|t:|1759068906
|switch|p1a: Zamazenta|Zamazenta|100/100
|-ability|p1a: Zamazenta|Dauntless Shield|boost
|-boost|p1a: Zamazenta|def|1
|move|p2a: Great Tusk|Headlong Rush|p1a: Zamazenta
|-damage|p1a: Zamazenta|63/100
|-unboost|p2a: Great Tusk|def|1
|-unboost|p2a: Great Tusk|spd|1
|
|upkeep
|turn|12
|
|t:|1759068923
|move|p1a: Zamazenta|Close Combat|p2a: Great Tusk
|-damage|p2a: Great Tusk|5/100
|-unboost|p1a: Zamazenta|def|1
|-unboost|p1a: Zamazenta|spd|1
|move|p2a: Great Tusk|Rapid Spin|p1a: Zamazenta
|-damage|p1a: Zamazenta|46/100
|-boost|p2a: Great Tusk|spe|1
|-sideend|p2: Silent Waltzz|Stealth Rock|[from] move: Rapid Spin|[of] p2a: Great Tusk
|
|upkeep
|turn|13
|
|t:|1759068940
|-end|p2a: Great Tusk|Protosynthesis|[silent]
|switch|p2a: Slowking|Slowking-Galar, F|100/100
|switch|p1a: Great Tusk|Great Tusk|100/100
|
|upkeep
|turn|14
|
|t:|1759068955
|-end|p1a: Great Tusk|Protosynthesis|[silent]
|switch|p1a: Garganacl|Garganacl, M|92/100
|switch|p2a: Corviknight|Corviknight, F|100/100
|-ability|p2a: Corviknight|Pressure
|
|-heal|p1a: Garganacl|98/100|[from] item: Leftovers
|upkeep
|turn|15
|
|t:|1759068970
|move|p2a: Corviknight|U-turn|p1a: Garganacl
|-damage|p1a: Garganacl|88/100
|
|t:|1759068972
|switch|p2a: Slowking|Slowking-Galar, F|100/100|[from] U-turn
|move|p1a: Garganacl|Salt Cure|p2a: Slowking
|-damage|p2a: Slowking|85/100
|-start|p2a: Slowking|Salt Cure
|
|-heal|p1a: Garganacl|94/100|[from] item: Leftovers
|-damage|p2a: Slowking|73/100|[from] Salt Cure
|upkeep
|turn|16
|
|t:|1759068978
|move|p1a: Garganacl|Iron Defense|p1a: Garganacl
|-boost|p1a: Garganacl|def|2
|move|p2a: Slowking|Psychic Noise|p1a: Garganacl
|-damage|p1a: Garganacl|71/100
|-start|p1a: Garganacl|move: Heal Block
|
|-damage|p2a: Slowking|60/100|[from] Salt Cure
|upkeep
|turn|17
|
|t:|1759068983
|move|p1a: Garganacl|Salt Cure|p2a: Slowking
|-damage|p2a: Slowking|46/100
|move|p2a: Slowking|Future Sight|p1a: Garganacl
|-start|p2a: Slowking|move: Future Sight
|
|-damage|p2a: Slowking|34/100|[from] Salt Cure
|-end|p1a: Garganacl|move: Heal Block
|upkeep
|turn|18
|
|t:|1759069009
|move|p1a: Garganacl|Recover|p1a: Garganacl
|-heal|p1a: Garganacl|100/100
|move|p2a: Slowking|Psychic Noise|p1a: Garganacl
|-damage|p1a: Garganacl|76/100
|-start|p1a: Garganacl|move: Heal Block
|
|-damage|p2a: Slowking|22/100|[from] Salt Cure
|upkeep
|turn|19
|inactive|Silent Waltzz has 270 seconds left.
|
|t:|1759069049
|switch|p2a: Garganacl|Garganacl, M|100/100
|move|p1a: Garganacl|Salt Cure|p2a: Garganacl
|-damage|p2a: Garganacl|92/100
|-start|p2a: Garganacl|Salt Cure
|
|-end|p1a: Garganacl|move: Future Sight
|-damage|p1a: Garganacl|42/100
|-heal|p2a: Garganacl|98/100|[from] item: Leftovers
|-damage|p2a: Garganacl|85/100|[from] Salt Cure
|-end|p1a: Garganacl|move: Heal Block
|upkeep
|turn|20
|
|t:|1759069055
|switch|p2a: Slowking|Slowking-Galar, F|55/100
|move|p1a: Garganacl|Recover|p1a: Garganacl
|-heal|p1a: Garganacl|92/100
|
|-heal|p1a: Garganacl|99/100|[from] item: Leftovers
|upkeep
|turn|21
|
|t:|1759069069
|move|p1a: Garganacl|Salt Cure|p2a: Slowking
|-damage|p2a: Slowking|39/100
|-start|p2a: Slowking|Salt Cure
|move|p2a: Slowking|Future Sight|p1a: Garganacl
|-start|p2a: Slowking|move: Future Sight
|
|-heal|p1a: Garganacl|100/100|[from] item: Leftovers
|-damage|p2a: Slowking|27/100|[from] Salt Cure
|upkeep
|turn|22
|inactive|Silent Waltzz has 240 seconds left.
|
|t:|1759069119
|switch|p2a: Garganacl|Garganacl, M|85/100
|move|p1a: Garganacl|Salt Cure|p2a: Garganacl
|-damage|p2a: Garganacl|77/100
|-start|p2a: Garganacl|Salt Cure
|
|-heal|p2a: Garganacl|83/100|[from] item: Leftovers
|-damage|p2a: Garganacl|71/100|[from] Salt Cure
|upkeep
|turn|23
|
|t:|1759069125
|move|p2a: Garganacl|Salt Cure|p1a: Garganacl
|-damage|p1a: Garganacl|95/100
|-start|p1a: Garganacl|Salt Cure
|move|p1a: Garganacl|Body Press|p2a: Garganacl
|-supereffective|p2a: Garganacl
|-damage|p2a: Garganacl|11/100
|
|-end|p1a: Garganacl|move: Future Sight
|-damage|p1a: Garganacl|56/100
|-heal|p2a: Garganacl|17/100|[from] item: Leftovers
|-heal|p1a: Garganacl|62/100|[from] item: Leftovers
|-damage|p1a: Garganacl|50/100|[from] Salt Cure
|-damage|p2a: Garganacl|5/100|[from] Salt Cure
|upkeep
|turn|24
|
|t:|1759069134
|switch|p2a: Slowking|Slowking-Galar, F|60/100
|move|p1a: Garganacl|Recover|p1a: Garganacl
|-heal|p1a: Garganacl|99/100
|
|-heal|p1a: Garganacl|100/100|[from] item: Leftovers
|-damage|p1a: Garganacl|88/100|[from] Salt Cure
|upkeep
|turn|25
|inactive|Silent Waltzz has 240 seconds left.
|
|t:|1759069144
|move|p1a: Garganacl|Salt Cure|p2a: Slowking
|-damage|p2a: Slowking|45/100
|-start|p2a: Slowking|Salt Cure
|move|p2a: Slowking|Psychic Noise|p1a: Garganacl
|-damage|p1a: Garganacl|64/100
|-start|p1a: Garganacl|move: Heal Block
|
|-damage|p1a: Garganacl|52/100|[from] Salt Cure
|-damage|p2a: Slowking|32/100|[from] Salt Cure
|upkeep
|turn|26
|inactive|Silent Waltzz has 240 seconds left.
|inactive|Silent Waltzz has 210 seconds left.
|
|t:|1759069199
|switch|p2a: Garganacl|Garganacl, M|5/100
|move|p1a: Garganacl|Salt Cure|p2a: Garganacl
|-crit|p2a: Garganacl
|-damage|p2a: Garganacl|0 fnt
|faint|p2a: Garganacl
|
|-damage|p1a: Garganacl|39/100|[from] Salt Cure
|-end|p1a: Garganacl|move: Heal Block
|upkeep
|
|t:|1759069202
|switch|p2a: Great Tusk|Great Tusk|5/100
|turn|27
|
|t:|1759069228
|switch|p1a: Great Tusk|Great Tusk|100/100
|move|p2a: Great Tusk|Headlong Rush|p1a: Great Tusk
|-damage|p1a: Great Tusk|64/100
|-unboost|p2a: Great Tusk|def|1
|-unboost|p2a: Great Tusk|spd|1
|
|upkeep
|turn|28
|
|t:|1759069240
|-end|p1a: Great Tusk|Protosynthesis|[silent]
|switch|p1a: Clefable|Clefable, M|44/100
|move|p2a: Great Tusk|Headlong Rush|p1a: Clefable
|-damage|p1a: Clefable|0 fnt
|-unboost|p2a: Great Tusk|def|1
|-unboost|p2a: Great Tusk|spd|1
|-damage|p2a: Great Tusk|0 fnt|[from] item: Rocky Helmet|[of] p1a: Clefable
|faint|p1a: Clefable
|faint|p2a: Great Tusk
|-end|p2a: Great Tusk|Protosynthesis|[silent]
|
|upkeep
|
|t:|1759069248
|switch|p2a: Slowking|Slowking-Galar, F|66/100
|switch|p1a: Meowscarada|Meowscarada, F|84/100
|turn|29
|
|t:|1759069253
|switch|p2a: Corviknight|Corviknight, F|100/100
|-ability|p2a: Corviknight|Pressure
|move|p1a: Meowscarada|U-turn|p2a: Corviknight
|-start|p1a: Meowscarada|typechange|Bug|[from] ability: Protean
|-resisted|p2a: Corviknight
|-damage|p2a: Corviknight|95/100
|
|t:|1759069258
|switch|p1a: Garganacl|Garganacl, M|39/100|[from] U-turn
|
|-heal|p1a: Garganacl|46/100|[from] item: Leftovers
|upkeep
|turn|30
|
|t:|1759069264
|move|p2a: Corviknight|Iron Defense|p2a: Corviknight
|-boost|p2a: Corviknight|def|2
|move|p1a: Garganacl|Recover|p1a: Garganacl
|-heal|p1a: Garganacl|96/100
|
|-heal|p1a: Garganacl|100/100|[from] item: Leftovers
|upkeep
|turn|31
|
|t:|1759069270
|switch|p1a: Slowking|Slowking-Galar, F|100/100
|move|p2a: Corviknight|Body Press|p1a: Slowking
|-resisted|p1a: Slowking
|-damage|p1a: Slowking|87/100
|
|upkeep
|turn|32
|
|t:|1759069275
|move|p2a: Corviknight|U-turn|p1a: Slowking
|-damage|p1a: Slowking|72/100
|
|t:|1759069277
|switch|p2a: Samurott|Samurott-Hisui, F|100/100|[from] U-turn
|move|p1a: Slowking|Sludge Bomb|p2a: Samurott
|-damage|p2a: Samurott|72/100
|-status|p2a: Samurott|psn
|
|-damage|p2a: Samurott|60/100 psn|[from] psn
|upkeep
|turn|33
|
|t:|1759069290
|switch|p1a: Zamazenta|Zamazenta|46/100
|move|p2a: Samurott|Razor Shell|p1a: Zamazenta
|-damage|p1a: Zamazenta|0 fnt
|faint|p1a: Zamazenta
|
|-damage|p2a: Samurott|47/100 psn|[from] psn
|upkeep
|
|t:|1759069295
|switch|p1a: Meowscarada|Meowscarada, F|84/100
|turn|34
|inactive|Silent Waltzz has 270 seconds left.
|
|t:|1759069307
|switch|p2a: Corviknight|Corviknight, F|95/100
|-ability|p2a: Corviknight|Pressure
|move|p1a: Meowscarada|U-turn|p2a: Corviknight
|-start|p1a: Meowscarada|typechange|Bug|[from] ability: Protean
|-resisted|p2a: Corviknight
|-damage|p2a: Corviknight|91/100
|
|t:|1759069312
|switch|p1a: Garganacl|Garganacl, M|100/100|[from] U-turn
|
|upkeep
|turn|35
|inactive|Silent Waltzz has 270 seconds left.
|
|t:|1759069329
|move|p2a: Corviknight|U-turn|p1a: Garganacl
|-damage|p1a: Garganacl|91/100
|
|t:|1759069331
|switch|p2a: Slowking|Slowking-Galar, F|99/100|[from] U-turn
|move|p1a: Garganacl|Salt Cure|p2a: Slowking
|-damage|p2a: Slowking|84/100
|-start|p2a: Slowking|Salt Cure
|
|-heal|p1a: Garganacl|97/100|[from] item: Leftovers
|-damage|p2a: Slowking|72/100|[from] Salt Cure
|upkeep
|turn|36
|
|t:|1759069338
|move|p1a: Garganacl|Salt Cure|p2a: Slowking
|-damage|p2a: Slowking|56/100
|move|p2a: Slowking|Future Sight|p1a: Garganacl
|-start|p2a: Slowking|move: Future Sight
|
|-heal|p1a: Garganacl|100/100|[from] item: Leftovers
|-damage|p2a: Slowking|43/100|[from] Salt Cure
|upkeep
|turn|37
|
|t:|1759069352
|move|p1a: Garganacl|Salt Cure|p2a: Slowking
|-damage|p2a: Slowking|30/100
|move|p2a: Slowking|Psychic Noise|p1a: Garganacl
|-damage|p1a: Garganacl|77/100
|-start|p1a: Garganacl|move: Heal Block
|
|-damage|p2a: Slowking|18/100|[from] Salt Cure
|upkeep
|turn|38
|
|t:|1759069362
|switch|p1a: Slowking|Slowking-Galar, F|100/100
|switch|p2a: Corviknight|Corviknight, F|91/100
|-ability|p2a: Corviknight|Pressure
|
|-end|p1a: Slowking|move: Future Sight
|-damage|p1a: Slowking|73/100
|upkeep
|turn|39
|
|t:|1759069367
|move|p2a: Corviknight|U-turn|p1a: Slowking
|-damage|p1a: Slowking|59/100
|
|t:|1759069369
|switch|p2a: Slowking|Slowking-Galar, F|51/100|[from] U-turn
|move|p1a: Slowking|Flamethrower|p2a: Slowking
|-damage|p2a: Slowking|38/100
|
|upkeep
|turn|40
|
|t:|1759069384
|switch|p2a: Samurott|Samurott-Hisui, F|47/100 psn
|move|p1a: Slowking|Sludge Bomb|p2a: Samurott
|-damage|p2a: Samurott|20/100 psn
|
|-damage|p2a: Samurott|7/100 psn|[from] psn
|upkeep
|turn|41
|
|t:|1759069392
|switch|p1a: Great Tusk|Great Tusk|64/100
|move|p2a: Samurott|Ceaseless Edge|p1a: Great Tusk
|-resisted|p1a: Great Tusk
|-damage|p1a: Great Tusk|50/100
|-sidestart|p1: inertialinitiative|Spikes
|
|-damage|p2a: Samurott|0 fnt|[from] psn
|faint|p2a: Samurott
|upkeep
|
|t:|1759069403
|switch|p2a: Dragapult|Dragapult, F|100/100
|turn|42
|
|t:|1759069411
|move|p2a: Dragapult|U-turn|p1a: Great Tusk
|-resisted|p1a: Great Tusk
|-damage|p1a: Great Tusk|43/100
|
|t:|1759069413
|switch|p2a: Corviknight|Corviknight, F|91/100|[from] U-turn
|-ability|p2a: Corviknight|Pressure
|move|p1a: Great Tusk|Bulk Up|p1a: Great Tusk
|-boost|p1a: Great Tusk|atk|1
|-boost|p1a: Great Tusk|def|1
|
|upkeep
|turn|43
|
|t:|1759069425
|switch|p2a: Dragapult|Dragapult, F|100/100
|move|p1a: Great Tusk|Ice Spinner|p2a: Dragapult
|-supereffective|p2a: Dragapult
|-damage|p2a: Dragapult|0 fnt
|faint|p2a: Dragapult
|
|upkeep
|
|t:|1759069435
|switch|p2a: Corviknight|Corviknight, F|91/100
|-ability|p2a: Corviknight|Pressure
|turn|44
|
|t:|1759069440
|move|p1a: Great Tusk|Rapid Spin|p2a: Corviknight
|-resisted|p2a: Corviknight
|-damage|p2a: Corviknight|85/100
|-boost|p1a: Great Tusk|spe|1
|-sideend|p1: inertialinitiative|Spikes|[from] move: Rapid Spin|[of] p1a: Great Tusk
|move|p2a: Corviknight|Iron Defense|p2a: Corviknight
|-boost|p2a: Corviknight|def|2
|
|upkeep
|turn|45
|
|t:|1759069447
|-end|p1a: Great Tusk|Protosynthesis|[silent]
|switch|p1a: Slowking|Slowking-Galar, F|92/100
|move|p2a: Corviknight|U-turn|p1a: Slowking
|-damage|p1a: Slowking|77/100
|
|t:|1759069449
|switch|p2a: Slowking|Slowking-Galar, F|72/100|[from] U-turn
|
|upkeep
|turn|46
|
|t:|1759069456
|move|p2a: Slowking|Future Sight|p1a: Slowking
|-start|p2a: Slowking|move: Future Sight
|move|p1a: Slowking|Psychic Noise|p2a: Slowking
|-damage|p2a: Slowking|54/100
|-start|p2a: Slowking|move: Heal Block
|
|upkeep
|turn|47
|
|t:|1759069466
|move|p2a: Slowking|Psychic Noise|p1a: Slowking
|-crit|p1a: Slowking
|-damage|p1a: Slowking|50/100
|-start|p1a: Slowking|move: Heal Block
|move|p1a: Slowking|Psychic Noise|p2a: Slowking
|-damage|p2a: Slowking|36/100
|
|-end|p2a: Slowking|move: Heal Block
|upkeep
|turn|48
|
|t:|1759069475
|switch|p2a: Corviknight|Corviknight, F|85/100
|-ability|p2a: Corviknight|Pressure
|switch|p1a: Great Tusk|Great Tusk|43/100
|
|-end|p1a: Great Tusk|move: Future Sight
|-supereffective|p1a: Great Tusk
|-damage|p1a: Great Tusk|0 fnt
|faint|p1a: Great Tusk
|-end|p1a: Great Tusk|Protosynthesis|[silent]
|upkeep
|
|t:|1759069481
|switch|p1a: Slowking|Slowking-Galar, F|83/100
|turn|49
|
|t:|1759069484
|move|p2a: Corviknight|U-turn|p1a: Slowking
|-damage|p1a: Slowking|67/100
|
|t:|1759069485
|switch|p2a: Slowking|Slowking-Galar, F|69/100|[from] U-turn
|move|p1a: Slowking|Flamethrower|p2a: Slowking
|-damage|p2a: Slowking|56/100
|
|upkeep
|turn|50
|
|t:|1759069489
|move|p2a: Slowking|Future Sight|p1a: Slowking
|-start|p2a: Slowking|move: Future Sight
|move|p1a: Slowking|Psychic Noise|p2a: Slowking
|-crit|p2a: Slowking
|-damage|p2a: Slowking|27/100
|-start|p2a: Slowking|move: Heal Block
|
|upkeep
|turn|51
|
|t:|1759069498
|switch|p2a: Corviknight|Corviknight, F|85/100
|-ability|p2a: Corviknight|Pressure
|move|p1a: Slowking|Flamethrower|p2a: Corviknight
|-supereffective|p2a: Corviknight
|-damage|p2a: Corviknight|27/100
|-status|p2a: Corviknight|brn
|
|-damage|p2a: Corviknight|21/100 brn|[from] brn
|upkeep
|turn|52
|c|☆inertialinitiative|.
|
|t:|1759069524
|-terastallize|p2a: Corviknight|Dragon
|move|p2a: Corviknight|Roost|p2a: Corviknight
|-heal|p2a: Corviknight|71/100 brn
|move|p1a: Slowking|Flamethrower|p2a: Corviknight
|-resisted|p2a: Corviknight
|-damage|p2a: Corviknight|58/100 brn
|
|-end|p1a: Slowking|move: Future Sight
|-damage|p1a: Slowking|38/100
|-damage|p2a: Corviknight|52/100 brn|[from] brn
|upkeep
|turn|53
|
|t:|1759069531
|move|p2a: Corviknight|Roost|p2a: Corviknight
|-heal|p2a: Corviknight|100/100 brn
|move|p1a: Slowking|Ice Beam|p2a: Corviknight
|-supereffective|p2a: Corviknight
|-damage|p2a: Corviknight|45/100 brn
|
|-damage|p2a: Corviknight|39/100 brn|[from] brn
|upkeep
|turn|54
|
|t:|1759069538
|move|p2a: Corviknight|U-turn|p1a: Slowking
|-damage|p1a: Slowking|31/100
|
|t:|1759069541
|switch|p2a: Slowking|Slowking-Galar, F|60/100|[from] U-turn
|move|p1a: Slowking|Psychic Noise|p2a: Slowking
|-damage|p2a: Slowking|41/100
|-start|p2a: Slowking|move: Heal Block
|
|upkeep
|turn|55
|
|t:|1759069547
|switch|p1a: Garganacl|Garganacl, M|77/100
|move|p2a: Slowking|Sludge Bomb|p1a: Garganacl
|-resisted|p1a: Garganacl
|-damage|p1a: Garganacl|63/100
|
|-heal|p1a: Garganacl|69/100|[from] item: Leftovers
|-end|p2a: Slowking|move: Heal Block
|upkeep
|turn|56
|
|t:|1759069550
|move|p1a: Garganacl|Salt Cure|p2a: Slowking
|-damage|p2a: Slowking|28/100
|-start|p2a: Slowking|Salt Cure
|move|p2a: Slowking|Psychic Noise|p1a: Garganacl
|-damage|p1a: Garganacl|46/100
|-start|p1a: Garganacl|move: Heal Block
|
|-damage|p2a: Slowking|15/100|[from] Salt Cure
|upkeep
|turn|57
|
|t:|1759069554
|switch|p2a: Corviknight|Corviknight, F, tera:Dragon|39/100 brn
|-ability|p2a: Corviknight|Pressure
|move|p1a: Garganacl|Salt Cure|p2a: Corviknight
|-damage|p2a: Corviknight|31/100 brn
|-start|p2a: Corviknight|Salt Cure
|
|-damage|p2a: Corviknight|25/100 brn|[from] brn
|-damage|p2a: Corviknight|13/100 brn|[from] Salt Cure
|-end|p1a: Garganacl|move: Heal Block
|upkeep
|turn|58
|
|t:|1759069557
|move|p2a: Corviknight|Roost|p2a: Corviknight
|-heal|p2a: Corviknight|63/100 brn
|move|p1a: Garganacl|Iron Defense|p1a: Garganacl
|-boost|p1a: Garganacl|def|2
|
|-heal|p1a: Garganacl|52/100|[from] item: Leftovers
|-damage|p2a: Corviknight|57/100 brn|[from] brn
|-damage|p2a: Corviknight|44/100 brn|[from] Salt Cure
|upkeep
|turn|59
|
|t:|1759069561
|move|p2a: Corviknight|Roost|p2a: Corviknight
|-heal|p2a: Corviknight|94/100 brn
|move|p1a: Garganacl|Body Press|p2a: Corviknight
|-damage|p2a: Corviknight|68/100 brn
|
|-heal|p1a: Garganacl|58/100|[from] item: Leftovers
|-damage|p2a: Corviknight|62/100 brn|[from] brn
|-damage|p2a: Corviknight|50/100 brn|[from] Salt Cure
|upkeep
|turn|60
|
|t:|1759069565
|switch|p2a: Slowking|Slowking-Galar, F|48/100
|move|p1a: Garganacl|Body Press|p2a: Slowking
|-resisted|p2a: Slowking
|-damage|p2a: Slowking|38/100
|
|-heal|p1a: Garganacl|65/100|[from] item: Leftovers
|upkeep
|turn|61
|
|t:|1759069573
|move|p1a: Garganacl|Salt Cure|p2a: Slowking
|-damage|p2a: Slowking|23/100
|-start|p2a: Slowking|Salt Cure
|move|p2a: Slowking|Psychic Noise|p1a: Garganacl
|-damage|p1a: Garganacl|43/100
|-start|p1a: Garganacl|move: Heal Block
|
|-damage|p2a: Slowking|10/100|[from] Salt Cure
|upkeep
|turn|62
|
|t:|1759069577
|switch|p2a: Corviknight|Corviknight, F, tera:Dragon|50/100 brn
|-ability|p2a: Corviknight|Pressure
|move|p1a: Garganacl|Salt Cure|p2a: Corviknight
|-damage|p2a: Corviknight|41/100 brn
|-start|p2a: Corviknight|Salt Cure
|
|-damage|p2a: Corviknight|35/100 brn|[from] brn
|-damage|p2a: Corviknight|23/100 brn|[from] Salt Cure
|-end|p1a: Garganacl|move: Heal Block
|upkeep
|turn|63
|
|t:|1759069588
|move|p2a: Corviknight|Roost|p2a: Corviknight
|-heal|p2a: Corviknight|73/100 brn
|move|p1a: Garganacl|Body Press|p2a: Corviknight
|-damage|p2a: Corviknight|46/100 brn
|
|-heal|p1a: Garganacl|49/100|[from] item: Leftovers
|-damage|p2a: Corviknight|40/100 brn|[from] brn
|-damage|p2a: Corviknight|27/100 brn|[from] Salt Cure
|upkeep
|turn|64
|
|t:|1759069594
|move|p2a: Corviknight|Iron Defense|p2a: Corviknight
|-boost|p2a: Corviknight|def|2
|move|p1a: Garganacl|Body Press|p2a: Corviknight
|-damage|p2a: Corviknight|14/100 brn
|
|-heal|p1a: Garganacl|55/100|[from] item: Leftovers
|-damage|p2a: Corviknight|8/100 brn|[from] brn
|-damage|p2a: Corviknight|0 fnt|[from] Salt Cure
|faint|p2a: Corviknight
|upkeep
|c|☆inertialinitiative|gg
|c|☆Silent Waltzz|gg
|-message|Silent Waltzz forfeited.
|
|win|inertialinitiative
|player|p2|
|player|p2|Silent Waltzz|#wcop2025africa2|
|player|p2|
|player|p1|
