|j|☆CatfishyK
|j|☆massimo_cpa
|t:|1759046555
|gametype|singles
|player|p1|CatfishyK|102|1114
|player|p2|massimo_cpa|steven|1166
|gen|9
|tier|[Gen 9] OU
|rated|
|rule|HP Percentage Mod: HP is shown in percentages
|rule|Endless Battle Clause: Forcing endless battles is banned
|rule|Species Clause: Limit one of each Pokémon
|rule|OHKO Clause: OHKO moves are banned
|rule|Evasion Items Clause: Evasion items are banned
|rule|Evasion Moves Clause: Evasion moves are banned
|rule|Evasion Abilities Clause: Evasion abilities are banned
|rule|Sleep Moves Clause: Sleep-inducing moves are banned
|clearpoke
|poke|p1|Decidueye, M|
|poke|p1|Vileplume, F|
|poke|p1|Rotom-Mow|
|poke|p1|Hydrapple, M|
|poke|p1|Whimsicott, M|
|poke|p1|Breloom, M|
|poke|p2|Ninetales, F|
|poke|p2|Raging Bolt|
|poke|p2|Hatterene, F|
|poke|p2|Walking Wake|
|poke|p2|Great Tusk|
|poke|p2|Scizor, M|
|teampreview
|inactive|Battle timer is ON: inactive players will automatically lose when time's up. (requested by massimo_cpa)
|
|t:|1759046566
|teamsize|p1|6
|teamsize|p2|6
|start
|switch|p1a: Rotom|Rotom-Mow|100/100
|switch|p2a: Scizor|Scizor, M|100/100
|turn|1
|
|t:|1759046573
|move|p1a: Rotom|Will-O-Wisp|p2a: Scizor
|-status|p2a: Scizor|brn
|move|p2a: Scizor|U-turn|p1a: Rotom
|-supereffective|p1a: Rotom
|-damage|p1a: Rotom|41/100
|
|t:|1759046590
|switch|p2a: Hatterene|Hatterene, F|100/100|[from] U-turn
|
|-heal|p1a: Rotom|47/100|[from] item: Leftovers
|upkeep
|turn|2
|
|t:|1759046605
|move|p1a: Rotom|Volt Switch|p2a: Hatterene
|-damage|p2a: Hatterene|63/100
|
|t:|1759046617
|switch|p1a: Vileplume|Vileplume, F|100/100|[from] Volt Switch
|move|p2a: Hatterene|Calm Mind|p2a: Hatterene
|-boost|p2a: Hatterene|spa|1
|-boost|p2a: Hatterene|spd|1
|
|upkeep
|turn|3
|
|t:|1759046632
|move|p1a: Vileplume|Sludge Wave|p2a: Hatterene
|-supereffective|p2a: Hatterene
|-damage|p2a: Hatterene|0 fnt
|faint|p2a: Hatterene
|
|upkeep
|
|t:|1759046643
|switch|p2a: Scizor|Scizor, M|100/100 brn
|turn|4
|inactive|CatfishyK has 120 seconds left.
|
|t:|1759046676
|switch|p1a: Decidueye|Decidueye, M|100/100
|move|p2a: Scizor|U-turn|p1a: Decidueye
|-damage|p1a: Decidueye|65/100
|inactive|massimo_cpa has 120 seconds left.
|
|t:|1759046706
|switch|p2a: Ninetales|Ninetales, F, shiny|100/100|[from] U-turn
|-weather|SunnyDay|[from] ability: Drought|[of] p2a: Ninetales
|
|-weather|SunnyDay|[upkeep]
|upkeep
|turn|5
|inactive|massimo_cpa has 120 seconds left.
|
|t:|1759046720
|move|p2a: Ninetales|Will-O-Wisp|p1a: Decidueye|[miss]
|-miss|p2a: Ninetales|p1a: Decidueye
|move|p1a: Decidueye|Knock Off|p2a: Ninetales
|-damage|p2a: Ninetales|62/100
|-enditem|p2a: Ninetales|Heat Rock|[from] move: Knock Off|[of] p1a: Decidueye
|
|-weather|SunnyDay|[upkeep]
|upkeep
|turn|6
|
|t:|1759046735
|switch|p1a: Hydrapple|Hydrapple, M|100/100
|move|p2a: Ninetales|Weather Ball|p1a: Hydrapple
|-damage|p1a: Hydrapple|61/100
|
|-weather|SunnyDay|[upkeep]
|-heal|p1a: Hydrapple|67/100|[from] item: Leftovers
|upkeep
|turn|7
|
|t:|1759046748
|move|p2a: Ninetales|Weather Ball|p1a: Hydrapple
|-damage|p1a: Hydrapple|27/100
|move|p1a: Hydrapple|Earth Power|p2a: Ninetales
|-supereffective|p2a: Ninetales
|-damage|p2a: Ninetales|0 fnt
|faint|p2a: Ninetales
|
|-weather|SunnyDay|[upkeep]
|-heal|p1a: Hydrapple|34/100|[from] item: Leftovers
|upkeep
|inactive|massimo_cpa has 120 seconds left.
|
|t:|1759046762
|switch|p2a: Walking Wake|Walking Wake|100/100
|-activate|p2a: Walking Wake|ability: Protosynthesis
|-start|p2a: Walking Wake|protosynthesisspe
|turn|8
|
|t:|1759046775
|switch|p1a: Whimsicott|Whimsicott, M|100/100
|move|p2a: Walking Wake|Flamethrower|p1a: Whimsicott
|-supereffective|p1a: Whimsicott
|-damage|p1a: Whimsicott|0 fnt
|faint|p1a: Whimsicott
|
|-weather|SunnyDay|[upkeep]
|upkeep
|inactive|CatfishyK has 120 seconds left.
|
|t:|1759046794
|switch|p1a: Vileplume|Vileplume, F|100/100
|turn|9
|
|t:|1759046801
|move|p2a: Walking Wake|Flamethrower|p1a: Vileplume
|-supereffective|p1a: Vileplume
|-damage|p1a: Vileplume|0 fnt
|faint|p1a: Vileplume
|
|-weather|SunnyDay|[upkeep]
|upkeep
|
|t:|1759046810
|switch|p1a: Decidueye|Decidueye, M|65/100
|turn|10
|
|t:|1759046816
|move|p1a: Decidueye|Sucker Punch|p2a: Walking Wake
|-damage|p2a: Walking Wake|77/100
|move|p2a: Walking Wake|Flamethrower|p1a: Decidueye
|-supereffective|p1a: Decidueye
|-damage|p1a: Decidueye|0 fnt
|faint|p1a: Decidueye
|
|-weather|SunnyDay|[upkeep]
|upkeep
|
|t:|1759046828
|switch|p1a: Hydrapple|Hydrapple, M|67/100
|turn|11
|
|t:|1759046833
|move|p2a: Walking Wake|Flamethrower|p1a: Hydrapple
|-damage|p1a: Hydrapple|6/100
|move|p1a: Hydrapple|Fickle Beam|p2a: Walking Wake
|-supereffective|p2a: Walking Wake
|-damage|p2a: Walking Wake|0 fnt
|faint|p2a: Walking Wake
|-end|p2a: Walking Wake|Protosynthesis|[silent]
|
|-weather|none
|-heal|p1a: Hydrapple|12/100|[from] item: Leftovers
|upkeep
|
|t:|1759046840
|switch|p2a: Scizor|Scizor, M|100/100 brn
|turn|12
|
|t:|1759046847
|switch|p1a: Rotom|Rotom-Mow|47/100
|move|p2a: Scizor|Dual Wingbeat|p1a: Rotom|[miss]
|-miss|p2a: Scizor|p1a: Rotom
|
|-heal|p1a: Rotom|53/100|[from] item: Leftovers
|-damage|p2a: Scizor|94/100 brn|[from] brn
|upkeep
|turn|13
|
|t:|1759046864
|move|p1a: Rotom|Volt Switch|p2a: Scizor
|-damage|p2a: Scizor|51/100 brn
|
|t:|1759046870
|switch|p1a: Hydrapple|Hydrapple, M|45/100|[from] Volt Switch
|move|p2a: Scizor|Dual Wingbeat|p1a: Hydrapple
|-supereffective|p1a: Hydrapple
|-damage|p1a: Hydrapple|16/100
|-supereffective|p1a: Hydrapple
|-damage|p1a: Hydrapple|0 fnt
|faint|p1a: Hydrapple
|-hitcount|p1: Hydrapple|2
|
|-damage|p2a: Scizor|45/100 brn|[from] brn
|upkeep
|
|t:|1759046881
|switch|p1a: Rotom|Rotom-Mow|53/100
|turn|14
|
|t:|1759046885
|move|p1a: Rotom|Volt Switch|p2a: Scizor
|-damage|p2a: Scizor|2/100 brn
|
|t:|1759046888
|switch|p1a: Breloom|Breloom, M|100/100|[from] Volt Switch
|move|p2a: Scizor|Dual Wingbeat|p1a: Breloom
|-supereffective|p1a: Breloom
|-damage|p1a: Breloom|1/100
|-supereffective|p1a: Breloom
|-damage|p1a: Breloom|0 fnt
|faint|p1a: Breloom
|-hitcount|p1: Breloom|2
|
|-damage|p2a: Scizor|0 fnt|[from] brn
|faint|p2a: Scizor
|upkeep
|
|t:|1759046902
|switch|p1a: Rotom|Rotom-Mow|53/100
|switch|p2a: Great Tusk|Great Tusk, shiny|100/100
|turn|15
|
|t:|1759046911
|move|p2a: Great Tusk|Temper Flare|p1a: Rotom
|-supereffective|p1a: Rotom
|-damage|p1a: Rotom|1/100
|move|p1a: Rotom|Will-O-Wisp|p2a: Great Tusk
|-status|p2a: Great Tusk|brn
|
|-heal|p1a: Rotom|7/100|[from] item: Leftovers
|-damage|p2a: Great Tusk|94/100 brn|[from] brn
|upkeep
|turn|16
|
|t:|1759046924
|move|p2a: Great Tusk|Rapid Spin|p1a: Rotom
|-crit|p1a: Rotom
|-damage|p1a: Rotom|0 fnt
|-boost|p2a: Great Tusk|spe|1
|faint|p1a: Rotom
|
|win|massimo_cpa
|raw|CatfishyK's rating: 1114 &rarr; <strong>1093</strong><br />(-21 for losing)
|raw|massimo_cpa's rating: 1166 &rarr; <strong>1187</strong><br />(+21 for winning)
|l|☆massimo_cpa
|player|p2|
|l|☆CatfishyK
|player|p1|
