|j|☆lt124yh 925
|j|☆DreamPrince
|t:|1759049920
|gametype|singles
|player|p1|lt124yh 925|pokemonbreederf-gen4|1729
|player|p2|DreamPrince|dahlia|1666
|gen|9
|tier|[Gen 9] OU
|rated|
|rule|HP Percentage Mod: HP is shown in percentages
|rule|Endless Battle Clause: Forcing endless battles is banned
|rule|Species Clause: Limit one of each Pokémon
|rule|OHKO Clause: OHKO moves are banned
|rule|Evasion Items Clause: Evasion items are banned
|rule|Evasion Moves Clause: Evasion moves are banned
|rule|Evasion Abilities Clause: Evasion abilities are banned
|rule|Sleep Moves Clause: Sleep-inducing moves are banned
|clearpoke
|poke|p1|Indeedee, M|
|poke|p1|Hatterene, F|
|poke|p1|Ursaluna, F|
|poke|p1|Iron Hands|
|poke|p1|Hoopa-Unbound|
|poke|p1|Mimikyu, F|
|poke|p2|Ninetales-Alola, F|
|poke|p2|Sandslash-Alola, M|
|poke|p2|Kyurem|
|poke|p2|Great Tusk|
|poke|p2|Slowking-Galar, F|
|poke|p2|Moltres|
|teampreview
|inactive|Battle timer is ON: inactive players will automatically lose when time's up. (requested by lt124yh 925)
|c|☆lt124yh 925|hf
|
|t:|1759049939
|teamsize|p1|6
|teamsize|p2|6
|start
|switch|p1a: Iron Hands|Iron Hands, shiny|100/100
|switch|p2a: Ninetales|Ninetales-Alola, F|100/100
|-weather|Snowscape|[from] ability: Snow Warning|[of] p2a: Ninetales
|-enditem|p1a: Iron Hands|Booster Energy
|-activate|p1a: Iron Hands|ability: Quark Drive|[fromitem]
|-start|p1a: Iron Hands|quarkdriveatk
|turn|1
|
|t:|1759049960
|switch|p2a: Great Tusk|Great Tusk|100/100
|move|p1a: Iron Hands|Heavy Slam|p2a: Great Tusk
|-damage|p2a: Great Tusk|86/100
|
|-weather|Snowscape|[upkeep]
|-heal|p2a: Great Tusk|93/100|[from] item: Leftovers
|upkeep
|turn|2
|
|t:|1759049967
|move|p2a: Great Tusk|Headlong Rush|p1a: Iron Hands
|-supereffective|p1a: Iron Hands
|-damage|p1a: Iron Hands|17/100
|-unboost|p2a: Great Tusk|def|1
|-unboost|p2a: Great Tusk|spd|1
|move|p1a: Iron Hands|Ice Punch|p2a: Great Tusk
|-supereffective|p2a: Great Tusk
|-damage|p2a: Great Tusk|10/100
|
|-weather|Snowscape|[upkeep]
|-heal|p2a: Great Tusk|16/100|[from] item: Leftovers
|upkeep
|turn|3
|c|☆DreamPrince|you too
|
|t:|1759049990
|move|p2a: Great Tusk|Headlong Rush|p1a: Iron Hands
|-supereffective|p1a: Iron Hands
|-damage|p1a: Iron Hands|0 fnt
|-unboost|p2a: Great Tusk|def|1
|-unboost|p2a: Great Tusk|spd|1
|faint|p1a: Iron Hands
|-end|p1a: Iron Hands|Quark Drive|[silent]
|
|-weather|Snowscape|[upkeep]
|-heal|p2a: Great Tusk|23/100|[from] item: Leftovers
|upkeep
|
|t:|1759049993
|switch|p1a: Hatterene|Hatterene, F, shiny|100/100
|turn|4
|
|t:|1759050000
|move|p2a: Great Tusk|Headlong Rush|p1a: Hatterene
|-damage|p1a: Hatterene|24/100
|-unboost|p2a: Great Tusk|def|1
|-unboost|p2a: Great Tusk|spd|1
|move|p1a: Hatterene|Trick Room|p1a: Hatterene
|-fieldstart|move: Trick Room|[of] p1a: Hatterene
|
|-weather|Snowscape|[upkeep]
|-heal|p2a: Great Tusk|29/100|[from] item: Leftovers
|upkeep
|turn|5
|
|t:|1759050004
|switch|p1a: Indeedee|Indeedee, M|100/100
|-fieldstart|move: Psychic Terrain|[from] ability: Psychic Surge|[of] p1a: Indeedee
|-end|p2a: Great Tusk|Protosynthesis|[silent]
|switch|p2a: Slowking|Slowking-Galar, F|100/100
|
|-weather|Snowscape|[upkeep]
|upkeep
|turn|6
|
|t:|1759050008
|switch|p1a: Hoopa|Hoopa-Unbound|100/100
|-enditem|p1a: Hoopa|Psychic Seed
|-boost|p1a: Hoopa|spd|1|[from] item: Psychic Seed
|move|p2a: Slowking|Sludge Bomb|p1a: Hoopa
|-damage|p1a: Hoopa|84/100
|
|-weather|Snowscape|[upkeep]
|upkeep
|turn|7
|
|t:|1759050015
|-prepare|p2a: Slowking|Chilly Reception|[premajor]
|move|p2a: Slowking|Chilly Reception|p2a: Slowking
|
|t:|1759050017
|switch|p2a: Great Tusk|Great Tusk|29/100|[from] Chilly Reception
|move|p1a: Hoopa|Hyperspace Fury|p2a: Great Tusk
|-resisted|p2a: Great Tusk
|-damage|p2a: Great Tusk|10/100
|-unboost|p1a: Hoopa|def|1
|-item|p1a: Hoopa|Leftovers|[from] ability: Magician|[of] p2a: Great Tusk
|
|-weather|Snowscape|[upkeep]
|-heal|p1a: Hoopa|90/100|[from] item: Leftovers
|upkeep
|turn|8
|
|t:|1759050023
|move|p1a: Hoopa|Expanding Force|p2a: Great Tusk
|-supereffective|p2a: Great Tusk
|-damage|p2a: Great Tusk|0 fnt
|faint|p2a: Great Tusk
|-end|p2a: Great Tusk|Protosynthesis|[silent]
|
|-weather|none
|-heal|p1a: Hoopa|96/100|[from] item: Leftovers
|-fieldend|move: Trick Room
|upkeep
|
|t:|1759050032
|switch|p2a: Sandslash|Sandslash-Alola, M|100/100
|turn|9
|
|t:|1759050042
|move|p2a: Sandslash|Icicle Spear|p1a: Hoopa
|-damage|p1a: Hoopa|77/100
|-damage|p1a: Hoopa|60/100
|-damage|p1a: Hoopa|40/100
|-damage|p1a: Hoopa|22/100
|-hitcount|p1a: Hoopa|4
|move|p1a: Hoopa|Trick Room|p1a: Hoopa
|-fieldstart|move: Trick Room|[of] p1a: Hoopa
|
|-heal|p1a: Hoopa|28/100|[from] item: Leftovers
|upkeep
|turn|10
|
|t:|1759050051
|move|p1a: Hoopa|Focus Blast|p2a: Sandslash
|-supereffective|p2a: Sandslash
|-damage|p2a: Sandslash|0 fnt
|faint|p2a: Sandslash
|
|-heal|p1a: Hoopa|34/100|[from] item: Leftovers
|upkeep
|
|t:|1759050056
|switch|p2a: Moltres|Moltres|100/100
|turn|11
|
|t:|1759050059
|move|p1a: Hoopa|Expanding Force|p2a: Moltres
|-damage|p2a: Moltres|0 fnt
|faint|p2a: Moltres
|
|-heal|p1a: Hoopa|40/100|[from] item: Leftovers
|upkeep
|
|t:|1759050066
|switch|p2a: Ninetales|Ninetales-Alola, F|100/100
|-weather|Snowscape|[from] ability: Snow Warning|[of] p2a: Ninetales
|turn|12
|
|t:|1759050070
|move|p1a: Hoopa|Expanding Force|p2a: Ninetales
|-damage|p2a: Ninetales|0 fnt
|faint|p2a: Ninetales
|
|-weather|Snowscape|[upkeep]
|-heal|p1a: Hoopa|46/100|[from] item: Leftovers
|-fieldend|move: Psychic Terrain
|upkeep
|
|t:|1759050076
|switch|p2a: Kyurem|Kyurem|100/100
|-ability|p2a: Kyurem|Pressure
|turn|13
|
|t:|1759050083
|switch|p2a: Slowking|Slowking-Galar, F|100/100
|-terastallize|p1a: Hoopa|Psychic
|move|p1a: Hoopa|Expanding Force|p2a: Slowking
|-damage|p2a: Slowking|61/100
|
|-weather|Snowscape|[upkeep]
|-heal|p1a: Hoopa|52/100|[from] item: Leftovers
|-fieldend|move: Trick Room
|upkeep
|turn|14
|-message|DreamPrince forfeited.
|
|win|lt124yh 925
|raw|lt124yh 925's rating: 1729 &rarr; <strong>1745</strong><br />(+16 for winning)
|raw|DreamPrince's rating: 1666 &rarr; <strong>1650</strong><br />(-16 for losing)
|l|☆DreamPrince
|player|p2|
|l|☆lt124yh 925
|player|p1|
