|j|☆TotallySkilled
|j|☆dragon de hilos
|t:|1758929124
|gametype|singles
|player|p1|TotallySkilled|guzma|1443
|player|p2|dragon de hilos|riley|1398
|gen|9
|tier|[Gen 9] OU
|rated|
|rule|HP Percentage Mod: HP is shown in percentages
|rule|Endless Battle Clause: Forcing endless battles is banned
|rule|Species Clause: Limit one of each Pokémon
|rule|OHKO Clause: OHKO moves are banned
|rule|Evasion Items Clause: Evasion items are banned
|rule|Evasion Moves Clause: Evasion moves are banned
|rule|Evasion Abilities Clause: Evasion abilities are banned
|rule|Sleep Moves Clause: Sleep-inducing moves are banned
|clearpoke
|poke|p1|Excadrill, F|
|poke|p1|Tyranitar, F|
|poke|p1|Garganacl, F|
|poke|p1|Skarmory, F|
|poke|p1|Dragapult, F|
|poke|p1|Alomomola, F|
|poke|p2|Darkrai|
|poke|p2|Cinderace, M|
|poke|p2|Garganacl, M|
|poke|p2|Zapdos|
|poke|p2|Landorus-Therian, M|
|poke|p2|Chansey, F|
|teampreview
|
|t:|1758929142
|teamsize|p1|6
|teamsize|p2|6
|start
|switch|p1a: This or Tar|Tyranitar, F, shiny|100/100
|switch|p2a: Landorus|Landorus-Therian, M|100/100
|-ability|p2a: Landorus|Intimidate|boost
|-unboost|p1a: This or Tar|atk|1
|-weather|Sandstorm|[from] ability: Sand Stream|[of] p1a: This or Tar
|turn|1
|inactive|Battle timer is ON: inactive players will automatically lose when time's up. (requested by dragon de hilos)
|
|t:|1758929162
|switch|p1a: Starman|Skarmory, F, shiny|100/100
|move|p2a: Landorus|Earthquake|p1a: Starman
|-immune|p1a: Starman
|
|-weather|Sandstorm|[upkeep]
|upkeep
|turn|2
|
|t:|1758929165
|move|p2a: Landorus|Taunt|p1a: Starman
|-start|p1a: Starman|move: Taunt
|cant|p1a: Starman|move: Taunt|Spikes
|
|-weather|Sandstorm|[upkeep]
|upkeep
|turn|3
|
|t:|1758929173
|switch|p1a: Buhh|Alomomola, F|100/100
|move|p2a: Landorus|Earthquake|p1a: Buhh
|-damage|p1a: Buhh|68/100
|
|-weather|Sandstorm|[upkeep]
|-damage|p1a: Buhh|62/100|[from] Sandstorm
|upkeep
|turn|4
|
|t:|1758929177
|move|p2a: Landorus|Earthquake|p1a: Buhh
|-damage|p1a: Buhh|30/100
|move|p1a: Buhh|Flip Turn|p2a: Landorus
|-supereffective|p2a: Landorus
|-damage|p2a: Landorus|65/100
|
|t:|1758929183
|switch|p1a: Floorboards|Excadrill, F|100/100|[from] Flip Turn
|-item|p1a: Floorboards|Air Balloon
|
|-weather|Sandstorm|[upkeep]
|-heal|p2a: Landorus|71/100|[from] item: Leftovers
|upkeep
|turn|5
|
|t:|1758929187
|switch|p2a: Zapdos|Zapdos|100/100
|move|p1a: Floorboards|Swords Dance|p1a: Floorboards
|-boost|p1a: Floorboards|atk|2
|
|-weather|none
|upkeep
|turn|6
|
|t:|1758929193
|switch|p1a: Carrot Cake|Garganacl, F, shiny|100/100
|move|p2a: Zapdos|Heat Wave|p1a: Carrot Cake
|-resisted|p1a: Carrot Cake
|-crit|p1a: Carrot Cake
|-damage|p1a: Carrot Cake|82/100
|
|upkeep
|turn|7
|
|t:|1758929197
|move|p2a: Zapdos|Volt Switch|p1a: Carrot Cake
|-damage|p1a: Carrot Cake|58/100
|
|t:|1758929200
|switch|p2a: Garganacl|Garganacl, M|100/100|[from] Volt Switch
|move|p1a: Carrot Cake|Salt Cure|p2a: Garganacl
|-damage|p2a: Garganacl|93/100
|-start|p2a: Garganacl|Salt Cure
|
|-damage|p2a: Garganacl|80/100|[from] Salt Cure
|upkeep
|turn|8
|
|t:|1758929205
|move|p1a: Carrot Cake|Protect|p1a: Carrot Cake
|-singleturn|p1a: Carrot Cake|Protect
|move|p2a: Garganacl|Salt Cure|p1a: Carrot Cake
|-activate|p1a: Carrot Cake|move: Protect
|
|-damage|p2a: Garganacl|68/100|[from] Salt Cure
|upkeep
|turn|9
|
|t:|1758929210
|switch|p1a: This or Tar|Tyranitar, F, shiny|100/100
|-weather|Sandstorm|[from] ability: Sand Stream|[of] p1a: This or Tar
|move|p2a: Garganacl|Salt Cure|p1a: This or Tar
|-damage|p1a: This or Tar|90/100
|-start|p1a: This or Tar|Salt Cure
|
|-weather|Sandstorm|[upkeep]
|-damage|p1a: This or Tar|77/100|[from] Salt Cure
|-damage|p2a: Garganacl|56/100|[from] Salt Cure
|upkeep
|turn|10
|
|t:|1758929213
|switch|p2a: Landorus|Landorus-Therian, M|71/100
|-ability|p2a: Landorus|Intimidate|boost
|-unboost|p1a: This or Tar|atk|1
|move|p1a: This or Tar|Stealth Rock|p2a: Landorus
|-sidestart|p2: dragon de hilos|move: Stealth Rock
|
|-weather|Sandstorm|[upkeep]
|-heal|p2a: Landorus|77/100|[from] item: Leftovers
|-damage|p1a: This or Tar|65/100|[from] Salt Cure
|upkeep
|turn|11
|
|t:|1758929217
|switch|p1a: Starman|Skarmory, F, shiny|100/100
|move|p2a: Landorus|Stone Edge|p1a: Starman|[miss]
|-miss|p2a: Landorus|p1a: Starman
|
|-weather|Sandstorm|[upkeep]
|-heal|p2a: Landorus|83/100|[from] item: Leftovers
|upkeep
|turn|12
|
|t:|1758929222
|switch|p1a: Floorboards|Excadrill, F|100/100
|-item|p1a: Floorboards|Air Balloon
|move|p2a: Landorus|U-turn|p1a: Floorboards
|-resisted|p1a: Floorboards
|-damage|p1a: Floorboards|83/100
|-enditem|p1a: Floorboards|Air Balloon
|
|t:|1758929226
|switch|p2a: Zapdos|Zapdos|100/100|[from] U-turn
|
|-weather|Sandstorm|[upkeep]
|-damage|p2a: Zapdos|94/100|[from] Sandstorm
|upkeep
|turn|13
|
|t:|1758929230
|switch|p1a: Carrot Cake|Garganacl, F, shiny|58/100
|move|p2a: Zapdos|Heat Wave|p1a: Carrot Cake
|-resisted|p1a: Carrot Cake
|-damage|p1a: Carrot Cake|50/100
|
|-weather|none
|upkeep
|turn|14
|
|t:|1758929235
|move|p2a: Zapdos|Discharge|p1a: Carrot Cake
|-damage|p1a: Carrot Cake|21/100
|move|p1a: Carrot Cake|Salt Cure|p2a: Zapdos
|-supereffective|p2a: Zapdos
|-damage|p2a: Zapdos|65/100
|-start|p2a: Zapdos|Salt Cure
|
|-damage|p2a: Zapdos|52/100|[from] Salt Cure
|upkeep
|turn|15
|
|t:|1758929238
|move|p1a: Carrot Cake|Protect|p1a: Carrot Cake
|-singleturn|p1a: Carrot Cake|Protect
|move|p2a: Zapdos|Volt Switch|p1a: Carrot Cake
|-activate|p1a: Carrot Cake|move: Protect
|
|-damage|p2a: Zapdos|40/100|[from] Salt Cure
|upkeep
|turn|16
|
|t:|1758929242
|switch|p2a: Cinderace|Cinderace, M|100/100
|switch|p1a: This or Tar|Tyranitar, F, shiny|65/100
|-weather|Sandstorm|[from] ability: Sand Stream|[of] p1a: This or Tar
|
|-weather|Sandstorm|[upkeep]
|-damage|p2a: Cinderace|95/100|[from] Sandstorm
|upkeep
|turn|17
|
|t:|1758929246
|move|p2a: Cinderace|High Jump Kick|p1a: This or Tar
|-start|p2a: Cinderace|typechange|Fighting|[from] ability: Libero
|-supereffective|p1a: This or Tar
|-damage|p1a: This or Tar|0 fnt
|faint|p1a: This or Tar
|
|-weather|Sandstorm|[upkeep]
|-damage|p2a: Cinderace|89/100|[from] Sandstorm
|upkeep
|
|t:|1758929250
|switch|p1a: Floorboards|Excadrill, F|83/100
|turn|18
|
|t:|1758929254
|switch|p2a: Zapdos|Zapdos|40/100
|move|p1a: Floorboards|Swords Dance|p1a: Floorboards
|-boost|p1a: Floorboards|atk|2
|
|-weather|Sandstorm|[upkeep]
|-damage|p2a: Zapdos|34/100|[from] Sandstorm
|upkeep
|turn|19
|
|t:|1758929259
|move|p1a: Floorboards|Rapid Spin|p2a: Zapdos
|-damage|p2a: Zapdos|0 fnt
|-boost|p1a: Floorboards|spe|1
|faint|p2a: Zapdos
|
|-weather|Sandstorm|[upkeep]
|upkeep
|
|t:|1758929264
|switch|p2a: Garganacl|Garganacl, M|56/100
|-damage|p2a: Garganacl|43/100|[from] Stealth Rock
|turn|20
|
|t:|1758929267
|-terastallize|p2a: Garganacl|Ghost
|move|p1a: Floorboards|Earthquake|p2a: Garganacl
|-damage|p2a: Garganacl|0 fnt
|faint|p2a: Garganacl
|
|-weather|none
|upkeep
|
|t:|1758929273
|switch|p2a: Cinderace|Cinderace, M|89/100
|turn|21
|
|t:|1758929277
|switch|p2a: Landorus|Landorus-Therian, M|83/100
|-damage|p2a: Landorus|70/100|[from] Stealth Rock
|-ability|p2a: Landorus|Intimidate|boost
|-unboost|p1a: Floorboards|atk|1
|move|p1a: Floorboards|Earthquake|p2a: Landorus
|-immune|p2a: Landorus
|
|-heal|p2a: Landorus|76/100|[from] item: Leftovers
|upkeep
|turn|22
|
|t:|1758929283
|switch|p1a: Starman|Skarmory, F, shiny|100/100
|move|p2a: Landorus|Earthquake|p1a: Starman
|-immune|p1a: Starman
|
|-heal|p2a: Landorus|82/100|[from] item: Leftovers
|upkeep
|turn|23
|
|t:|1758929288
|move|p2a: Landorus|Stone Edge|p1a: Starman|[miss]
|-miss|p2a: Landorus|p1a: Starman
|move|p1a: Starman|Body Press|p2a: Landorus
|-resisted|p2a: Landorus
|-damage|p2a: Landorus|65/100
|
|-heal|p2a: Landorus|71/100|[from] item: Leftovers
|upkeep
|turn|24
|
|t:|1758929294
|move|p2a: Landorus|U-turn|p1a: Starman
|-resisted|p1a: Starman
|-damage|p1a: Starman|97/100
|-damage|p2a: Landorus|55/100|[from] item: Rocky Helmet|[of] p1a: Starman
|
|t:|1758929296
|switch|p2a: Cinderace|Cinderace, M|89/100|[from] U-turn
|move|p1a: Starman|Iron Defense|p1a: Starman
|-boost|p1a: Starman|def|2
|
|upkeep
|turn|25
|
|t:|1758929302
|switch|p2a: Darkrai|Darkrai|100/100
|-damage|p2a: Darkrai|88/100|[from] Stealth Rock
|move|p1a: Starman|Iron Defense|p1a: Starman
|-boost|p1a: Starman|def|2
|
|upkeep
|turn|26
|
|t:|1758929307
|switch|p1a: Carrot Cake|Garganacl, F, shiny|21/100
|move|p2a: Darkrai|Trick|p1a: Carrot Cake
|-activate|p2a: Darkrai|move: Trick|[of] p1a: Carrot Cake
|-item|p1a: Carrot Cake|Choice Specs|[from] move: Trick
|-item|p2a: Darkrai|Heavy-Duty Boots|[from] move: Trick
|
|upkeep
|turn|27
|
|t:|1758929312
|move|p2a: Darkrai|Dark Pulse|p1a: Carrot Cake
|-damage|p1a: Carrot Cake|0 fnt
|faint|p1a: Carrot Cake
|
|upkeep
|
|t:|1758929314
|switch|p1a: Pult Fiction|Dragapult, F|100/100
|turn|28
|
|t:|1758929317
|switch|p2a: Chansey|Chansey, F|100/100
|-damage|p2a: Chansey|88/100|[from] Stealth Rock
|move|p1a: Pult Fiction|U-turn|p2a: Chansey
|-damage|p2a: Chansey|75/100
|
|t:|1758929323
|switch|p1a: Floorboards|Excadrill, F|83/100|[from] U-turn
|
|upkeep
|turn|29
|
|t:|1758929326
|switch|p2a: Landorus|Landorus-Therian, M|55/100
|-damage|p2a: Landorus|43/100|[from] Stealth Rock
|-ability|p2a: Landorus|Intimidate|boost
|-unboost|p1a: Floorboards|atk|1
|move|p1a: Floorboards|Rapid Spin|p2a: Landorus
|-damage|p2a: Landorus|28/100
|-boost|p1a: Floorboards|spe|1
|
|-heal|p2a: Landorus|34/100|[from] item: Leftovers
|upkeep
|turn|30
|
|t:|1758929332
|switch|p1a: Starman|Skarmory, F, shiny|97/100
|move|p2a: Landorus|Earthquake|p1a: Starman
|-immune|p1a: Starman
|
|-heal|p2a: Landorus|40/100|[from] item: Leftovers
|upkeep
|turn|31
|
|t:|1758929334
|move|p2a: Landorus|Taunt|p1a: Starman
|-start|p1a: Starman|move: Taunt
|move|p1a: Starman|Body Press|p2a: Landorus
|-resisted|p2a: Landorus
|-damage|p2a: Landorus|23/100
|
|-heal|p2a: Landorus|29/100|[from] item: Leftovers
|upkeep
|turn|32
|
|t:|1758929339
|move|p2a: Landorus|Stone Edge|p1a: Starman
|-damage|p1a: Starman|74/100
|move|p1a: Starman|Body Press|p2a: Landorus
|-resisted|p2a: Landorus
|-damage|p2a: Landorus|11/100
|
|-heal|p2a: Landorus|17/100|[from] item: Leftovers
|upkeep
|turn|33
|
|t:|1758929343
|switch|p2a: Cinderace|Cinderace, M|89/100
|switch|p1a: Buhh|Alomomola, F|63/100
|
|upkeep
|turn|34
|
|t:|1758929346
|move|p2a: Cinderace|High Jump Kick|p1a: Buhh|[miss]
|-start|p2a: Cinderace|typechange|Fighting|[from] ability: Libero
|-miss|p2a: Cinderace|p1a: Buhh
|-damage|p2a: Cinderace|39/100|[from] highjumpkick
|move|p1a: Buhh|Flip Turn|p2a: Cinderace
|-damage|p2a: Cinderace|14/100
|
|t:|1758929352
|switch|p1a: Pult Fiction|Dragapult, F|100/100|[from] Flip Turn
|
|upkeep
|turn|35
|
|t:|1758929356
|switch|p1a: Buhh|Alomomola, F|97/100
|switch|p2a: Chansey|Chansey, F|75/100
|-damage|p2a: Chansey|63/100|[from] Stealth Rock
|
|upkeep
|turn|36
|
|t:|1758929359
|move|p2a: Chansey|Thunder Wave|p1a: Buhh
|-status|p1a: Buhh|par
|cant|p1a: Buhh|par
|
|upkeep
|turn|37
|
|t:|1758929362
|move|p2a: Chansey|Seismic Toss|p1a: Buhh
|-damage|p1a: Buhh|75/100 par
|move|p1a: Buhh|Flip Turn|p2a: Chansey
|-damage|p2a: Chansey|52/100
|
|t:|1758929365
|switch|p1a: Floorboards|Excadrill, F|83/100|[from] Flip Turn
|
|upkeep
|turn|38
|
|t:|1758929367
|move|p1a: Floorboards|Iron Head|p2a: Chansey
|-damage|p2a: Chansey|27/100
|cant|p2a: Chansey|flinch
|
|upkeep
|turn|39
|
|t:|1758929372
|move|p1a: Floorboards|Swords Dance|p1a: Floorboards
|-boost|p1a: Floorboards|atk|2
|move|p2a: Chansey|Soft-Boiled|p2a: Chansey
|-heal|p2a: Chansey|77/100
|
|upkeep
|turn|40
|
|t:|1758929375
|move|p1a: Floorboards|Swords Dance|p1a: Floorboards
|-boost|p1a: Floorboards|atk|2
|move|p2a: Chansey|Seismic Toss|p1a: Floorboards
|-damage|p1a: Floorboards|55/100
|
|upkeep
|turn|41
|
|t:|1758929379
|move|p1a: Floorboards|Rapid Spin|p2a: Chansey
|-damage|p2a: Chansey|42/100
|-boost|p1a: Floorboards|spe|1
|move|p2a: Chansey|Seismic Toss|p1a: Floorboards
|-damage|p1a: Floorboards|27/100
|
|upkeep
|turn|42
|
|t:|1758929382
|move|p1a: Floorboards|Iron Head|p2a: Chansey
|-damage|p2a: Chansey|0 fnt
|faint|p2a: Chansey
|
|upkeep
|
|t:|1758929384
|switch|p2a: Cinderace|Cinderace, M|14/100
|turn|43
|
|t:|1758929386
|move|p2a: Cinderace|Sucker Punch|p1a: Floorboards
|-start|p2a: Cinderace|typechange|Dark|[from] ability: Libero
|-damage|p1a: Floorboards|0 fnt
|faint|p1a: Floorboards
|
|upkeep
|
|t:|1758929389
|switch|p1a: Buhh|Alomomola, F|100/100 par
|turn|44
|
|t:|1758929394
|move|p2a: Cinderace|Court Change|p2a: Cinderace
|-swapsideconditions
|-activate|p2a: Cinderace|move: Court Change
|cant|p1a: Buhh|par
|
|upkeep
|turn|45
|
|t:|1758929399
|switch|p2a: Darkrai|Darkrai|88/100
|cant|p1a: Buhh|par
|
|upkeep
|turn|46
|
|t:|1758929402
|move|p2a: Darkrai|Dark Pulse|p1a: Buhh
|-damage|p1a: Buhh|60/100 par
|move|p1a: Buhh|Flip Turn|p2a: Darkrai
|-damage|p2a: Darkrai|68/100
|
|t:|1758929405
|switch|p1a: Pult Fiction|Dragapult, F|100/100|[from] Flip Turn
|
|upkeep
|turn|47
|
|t:|1758929409
|move|p1a: Pult Fiction|U-turn|p2a: Darkrai
|-supereffective|p2a: Darkrai
|-damage|p2a: Darkrai|20/100
|
|t:|1758929412
|switch|p1a: Buhh|Alomomola, F|93/100 par|[from] U-turn
|move|p2a: Darkrai|Dark Pulse|p1a: Buhh
|-damage|p1a: Buhh|57/100 par
|
|upkeep
|turn|48
|
|t:|1758929415
|move|p2a: Darkrai|Dark Pulse|p1a: Buhh
|-damage|p1a: Buhh|17/100 par
|move|p1a: Buhh|Flip Turn|p2a: Darkrai
|-damage|p2a: Darkrai|0 fnt
|faint|p2a: Darkrai
|
|t:|1758929417
|switch|p1a: Pult Fiction|Dragapult, F|100/100|[from] Flip Turn
|
|upkeep
|
|t:|1758929420
|switch|p2a: Cinderace|Cinderace, M|14/100
|turn|49
|
|t:|1758929424
|switch|p1a: Buhh|Alomomola, F|50/100 par
|move|p2a: Cinderace|Sucker Punch||[still]
|-fail|p2a: Cinderace
|
|upkeep
|turn|50
|
|t:|1758929427
|move|p2a: Cinderace|Pyro Ball|p1a: Buhh
|-resisted|p1a: Buhh
|-damage|p1a: Buhh|33/100 par
|cant|p1a: Buhh|par
|
|upkeep
|turn|51
|
|t:|1758929430
|move|p2a: Cinderace|High Jump Kick|p1a: Buhh
|-start|p2a: Cinderace|typechange|Fighting|[from] ability: Libero
|-damage|p1a: Buhh|0 fnt
|faint|p1a: Buhh
|
|upkeep
|
|t:|1758929434
|switch|p1a: Starman|Skarmory, F, shiny|74/100
|-damage|p1a: Starman|62/100|[from] Stealth Rock
|turn|52
|
|t:|1758929437
|move|p2a: Cinderace|Pyro Ball|p1a: Starman
|-supereffective|p1a: Starman
|-damage|p1a: Starman|15/100
|move|p1a: Starman|Iron Defense|p1a: Starman
|-boost|p1a: Starman|def|2
|
|upkeep
|turn|53
|-message|TotallySkilled forfeited.
|
|win|dragon de hilos
|raw|TotallySkilled's rating: 1443 &rarr; <strong>1420</strong><br />(-23 for losing)
|raw|dragon de hilos's rating: 1398 &rarr; <strong>1421</strong><br />(+23 for winning)
|l|☆TotallySkilled
|player|p1|
|l|☆dragon de hilos
|player|p2|
