|j|☆azraelyne
|j|☆xiaochoubushiwo
|t:|1758961323
|gametype|singles
|player|p1|azraelyne|101|1123
|player|p2|xiaochoubushiwo|pokemaniac|1112
|gen|9
|tier|[Gen 9] OU
|rated|
|rule|HP Percentage Mod: HP is shown in percentages
|rule|Endless Battle Clause: Forcing endless battles is banned
|rule|Species Clause: Limit one of each Pokémon
|rule|OHKO Clause: OHKO moves are banned
|rule|Evasion Items Clause: Evasion items are banned
|rule|Evasion Moves Clause: Evasion moves are banned
|rule|Evasion Abilities Clause: Evasion abilities are banned
|rule|Sleep Moves Clause: Sleep-inducing moves are banned
|clearpoke
|poke|p1|Lurantis, F|
|poke|p1|Torkoal, F|
|poke|p1|Iron Valiant|
|poke|p1|Araquanid, M|
|poke|p1|Dondozo, F|
|poke|p1|Hatterene, F|
|poke|p2|Rillaboom, F|
|poke|p2|Garchomp, M|
|poke|p2|Incineroar, M|
|poke|p2|Dragapult, F|
|poke|p2|Greninja-*, M|
|poke|p2|Cloyster, M|
|teampreview
|
|t:|1758961327
|teamsize|p1|6
|teamsize|p2|6
|start
|switch|p1a: Hatterene|Hatterene, F|100/100
|switch|p2a: Cloyster|Cloyster, M|100/100
|turn|1
|inactive|Battle timer is ON: inactive players will automatically lose when time's up. (requested by xiaochoubushiwo)
|
|t:|1758961337
|move|p2a: Cloyster|Shell Smash|p2a: Cloyster
|-unboost|p2a: Cloyster|def|1
|-unboost|p2a: Cloyster|spd|1
|-boost|p2a: Cloyster|atk|2
|-boost|p2a: Cloyster|spa|2
|-boost|p2a: Cloyster|spe|2
|move|p1a: Hatterene|Trick Room|p1a: Hatterene
|-fieldstart|move: Trick Room|[of] p1a: Hatterene
|
|upkeep
|turn|2
|
|t:|1758961347
|move|p1a: Hatterene|Mystical Fire|p2a: Cloyster
|-enditem|p2a: Cloyster|Focus Sash
|-damage|p2a: Cloyster|1/100
|-unboost|p2a: Cloyster|spa|1
|move|p2a: Cloyster|Rock Blast|p1a: Hatterene
|-damage|p1a: Hatterene|85/100
|-damage|p1a: Hatterene|71/100
|-crit|p1a: Hatterene
|-damage|p1a: Hatterene|49/100
|-damage|p1a: Hatterene|33/100
|-damage|p1a: Hatterene|16/100
|-hitcount|p1a: Hatterene|5
|
|upkeep
|turn|3
|
|t:|1758961361
|move|p2a: Cloyster|Ice Shard|p1a: Hatterene
|-crit|p1a: Hatterene
|-damage|p1a: Hatterene|0 fnt
|faint|p1a: Hatterene
|
|upkeep
|
|t:|1758961367
|switch|p1a: Lurantis|Lurantis, F|100/100
|turn|4
|
|t:|1758961371
|move|p2a: Cloyster|Ice Shard|p1a: Lurantis
|-supereffective|p1a: Lurantis
|-damage|p1a: Lurantis|27/100
|move|p1a: Lurantis|Leaf Storm|p2a: Cloyster
|-supereffective|p2a: Cloyster
|-damage|p2a: Cloyster|0 fnt
|-boost|p1a: Lurantis|spa|2
|faint|p2a: Cloyster
|
|upkeep
|
|t:|1758961385
|switch|p2a: Incineroar|Incineroar, M|100/100
|-ability|p2a: Incineroar|Intimidate|boost
|-boost|p1a: Lurantis|atk|1
|turn|5
|
|t:|1758961392
|move|p2a: Incineroar|Fake Out|p1a: Lurantis
|-damage|p1a: Lurantis|16/100
|-enditem|p1a: Lurantis|Aguav Berry|[eat]
|-heal|p1a: Lurantis|49/100|[from] item: Aguav Berry
|cant|p1a: Lurantis|flinch
|
|-fieldend|move: Trick Room
|upkeep
|turn|6
|
|t:|1758961407
|switch|p1a: Araquanid|Araquanid, M|100/100
|move|p2a: Incineroar|Knock Off|p1a: Araquanid
|-damage|p1a: Araquanid|57/100
|-enditem|p1a: Araquanid|Choice Band|[from] move: Knock Off|[of] p2a: Incineroar
|
|upkeep
|turn|7
|
|t:|1758961428
|switch|p2a: Greninja|Greninja, M|100/100
|move|p1a: Araquanid|Poison Jab|p2a: Greninja
|-damage|p2a: Greninja|68/100
|
|upkeep
|turn|8
|
|t:|1758961438
|move|p2a: Greninja|Dark Pulse|p1a: Araquanid
|-crit|p1a: Araquanid
|-damage|p1a: Araquanid|0 fnt
|faint|p1a: Araquanid
|-ability|p2a: Greninja|Battle Bond|boost
|-boost|p2a: Greninja|atk|1
|-boost|p2a: Greninja|spa|1
|-boost|p2a: Greninja|spe|1
|-activate|p2a: Greninja|ability: Battle Bond
|-damage|p2a: Greninja|58/100|[from] item: Life Orb
|
|upkeep
|
|t:|1758961451
|switch|p1a: Dondozo|Dondozo, F|100/100
|turn|9
|
|t:|1758961455
|move|p2a: Greninja|Grass Knot|p1a: Dondozo
|-supereffective|p1a: Dondozo
|-damage|p1a: Dondozo|17/100
|-damage|p2a: Greninja|48/100|[from] item: Life Orb
|move|p1a: Dondozo|Curse|p1a: Dondozo
|-unboost|p1a: Dondozo|spe|1
|-boost|p1a: Dondozo|atk|1
|-boost|p1a: Dondozo|def|1
|
|upkeep
|turn|10
|-message|azraelyne forfeited.
|
|win|xiaochoubushiwo
|raw|azraelyne's rating: 1123 &rarr; <strong>1097</strong><br />(-26 for losing)
|raw|xiaochoubushiwo's rating: 1112 &rarr; <strong>1138</strong><br />(+26 for winning)
|l|☆azraelyne
|player|p1|
|l|☆xiaochoubushiwo
|player|p2|
