|j|☆Shoerun
|j|☆sinister omens
|t:|1759063056
|gametype|singles
|player|p1|Shoerun|1|1216
|player|p2|sinister omens|ingo|1272
|gen|9
|tier|[Gen 9] OU
|rated|
|rule|HP Percentage Mod: HP is shown in percentages
|rule|Endless Battle Clause: Forcing endless battles is banned
|rule|Species Clause: Limit one of each Pokémon
|rule|OHKO Clause: OHKO moves are banned
|rule|Evasion Items Clause: Evasion items are banned
|rule|Evasion Moves Clause: Evasion moves are banned
|rule|Evasion Abilities Clause: Evasion abilities are banned
|rule|Sleep Moves Clause: Sleep-inducing moves are banned
|clearpoke
|poke|p1|Dragonite, M|
|poke|p1|Volcanion|
|poke|p1|Darkrai|
|poke|p1|Dragapult, F|
|poke|p1|Glimmora, F|
|poke|p1|Scream Tail|
|poke|p2|Zapdos|
|poke|p2|Landorus-Therian, M|
|poke|p2|Raging Bolt|
|poke|p2|Gholdengo|
|poke|p2|Dragonite, M|
|poke|p2|Hatterene, F|
|teampreview
|
|t:|1759063099
|teamsize|p1|6
|teamsize|p2|6
|start
|switch|p1a: Dragapult|Dragapult, F, shiny|100/100
|switch|p2a: Raging Bolt|Raging Bolt|100/100
|turn|1
|
|t:|1759063125
|-end|p2a: Raging Bolt|Protosynthesis|[silent]
|switch|p2a: Hatterene|Hatterene, F|100/100
|-terastallize|p1a: Dragapult|Fairy
|move|p1a: Dragapult|Dragon Darts|p2a: Hatterene
|-immune|p2a: Hatterene
|
|upkeep
|turn|2
|
|t:|1759063145
|move|p1a: Dragapult|Thunder Wave|p2a: Hatterene
|move|p2a: Hatterene|Thunder Wave|p1a: Dragapult|[from] ability: Magic Bounce|[miss]
|-miss|p2a: Hatterene|p1a: Dragapult
|move|p2a: Hatterene|Nuzzle|p1a: Dragapult
|-crit|p1a: Dragapult
|-damage|p1a: Dragapult|93/100
|-status|p1a: Dragapult|par
|
|upkeep
|turn|3
|
|t:|1759063192
|switch|p1a: Dragonite|Dragonite, M|100/100
|switch|p2a: Gholdengo|Gholdengo|100/100
|
|upkeep
|turn|4
|
|t:|1759063209
|move|p2a: Gholdengo|Dazzling Gleam|p1a: Dragonite
|-supereffective|p1a: Dragonite
|-crit|p1a: Dragonite
|-damage|p1a: Dragonite|37/100
|move|p1a: Dragonite|Outrage|p2a: Gholdengo
|-resisted|p2a: Gholdengo
|-damage|p2a: Gholdengo|45/100
|
|upkeep
|turn|5
|
|t:|1759063221
|move|p2a: Gholdengo|Dazzling Gleam|p1a: Dragonite
|-supereffective|p1a: Dragonite
|-damage|p1a: Dragonite|0 fnt
|faint|p1a: Dragonite
|
|upkeep
|
|t:|1759063233
|switch|p1a: Volcanion|Volcanion|100/100
|turn|6
|inactive|Battle timer is ON: inactive players will automatically lose when time's up. (requested by Shoerun)
|
|t:|1759063256
|switch|p2a: Zapdos|Zapdos, shiny|100/100
|move|p1a: Volcanion|Flamethrower|p2a: Zapdos
|-damage|p2a: Zapdos|44/100
|
|upkeep
|turn|7
|
|t:|1759063265
|move|p2a: Zapdos|Volt Switch|p1a: Volcanion
|-supereffective|p1a: Volcanion
|-damage|p1a: Volcanion|24/100
|
|t:|1759063273
|switch|p2a: Raging Bolt|Raging Bolt|100/100|[from] Volt Switch
|move|p1a: Volcanion|Flamethrower|p2a: Raging Bolt
|-resisted|p2a: Raging Bolt
|-crit|p2a: Raging Bolt
|-damage|p2a: Raging Bolt|69/100
|
|upkeep
|turn|8
|
|t:|1759063286
|switch|p1a: Glimmora|Glimmora, F, shiny|100/100
|move|p2a: Raging Bolt|Thunderbolt|p1a: Glimmora
|-damage|p1a: Glimmora|37/100
|
|upkeep
|turn|9
|
|t:|1759063293
|move|p2a: Raging Bolt|Thunderbolt|p1a: Glimmora
|-damage|p1a: Glimmora|0 fnt
|faint|p1a: Glimmora
|
|upkeep
|
|t:|1759063306
|switch|p1a: Scream Tail|Scream Tail|100/100
|-enditem|p1a: Scream Tail|Booster Energy
|-activate|p1a: Scream Tail|ability: Protosynthesis|[fromitem]
|-start|p1a: Scream Tail|protosynthesisspe
|turn|10
|
|t:|1759063323
|-end|p2a: Raging Bolt|Protosynthesis|[silent]
|switch|p2a: Hatterene|Hatterene, F|100/100
|move|p1a: Scream Tail|Dazzling Gleam|p2a: Hatterene
|-damage|p2a: Hatterene|79/100
|
|upkeep
|turn|11
|
|t:|1759063334
|move|p1a: Scream Tail|Flamethrower|p2a: Hatterene
|-damage|p2a: Hatterene|63/100
|move|p2a: Hatterene|Draining Kiss|p1a: Scream Tail
|-damage|p1a: Scream Tail|69/100
|-heal|p2a: Hatterene|100/100|[from] drain|[of] p1a: Scream Tail
|
|upkeep
|turn|12
|
|t:|1759063354
|-end|p1a: Scream Tail|Protosynthesis|[silent]
|switch|p1a: Volcanion|Volcanion|24/100
|move|p2a: Hatterene|Draining Kiss|p1a: Volcanion
|-resisted|p1a: Volcanion
|-damage|p1a: Volcanion|1/100
|
|upkeep
|turn|13
|inactive|sinister omens has 120 seconds left.
|
|t:|1759063387
|switch|p2a: Dragonite|Dragonite, M|100/100
|move|p1a: Volcanion|Steam Eruption|p2a: Dragonite
|-resisted|p2a: Dragonite
|-damage|p2a: Dragonite|85/100
|
|upkeep
|turn|14
|inactive|sinister omens has 120 seconds left.
|
|t:|1759063406
|move|p1a: Volcanion|Steam Eruption|p2a: Dragonite
|-resisted|p2a: Dragonite
|-damage|p2a: Dragonite|52/100
|-status|p2a: Dragonite|brn
|move|p2a: Dragonite|Earthquake|p1a: Volcanion
|-supereffective|p1a: Volcanion
|-damage|p1a: Volcanion|0 fnt
|faint|p1a: Volcanion
|
|-damage|p2a: Dragonite|46/100 brn|[from] brn
|upkeep
|inactive|Shoerun has 120 seconds left.
|
|t:|1759063427
|switch|p1a: Scream Tail|Scream Tail|69/100
|turn|15
|
|t:|1759063434
|move|p1a: Scream Tail|Dazzling Gleam|p2a: Dragonite
|-supereffective|p2a: Dragonite
|-damage|p2a: Dragonite|3/100 brn
|move|p2a: Dragonite|Earthquake|p1a: Scream Tail
|-damage|p1a: Scream Tail|48/100
|
|-damage|p2a: Dragonite|0 fnt|[from] brn
|faint|p2a: Dragonite
|upkeep
|inactive|sinister omens has 120 seconds left.
|
|t:|1759063449
|switch|p2a: Landorus|Landorus-Therian, M|100/100
|-ability|p2a: Landorus|Intimidate|boost
|-unboost|p1a: Scream Tail|atk|1
|turn|16
|inactive|sinister omens has 120 seconds left.
|
|t:|1759063463
|move|p1a: Scream Tail|Stealth Rock|p2a: Landorus
|-sidestart|p2: sinister omens|move: Stealth Rock
|move|p2a: Landorus|Earthquake|p1a: Scream Tail
|-damage|p1a: Scream Tail|0 fnt
|faint|p1a: Scream Tail
|-end|p1a: Scream Tail|Protosynthesis|[silent]
|
|upkeep
|inactive|Shoerun has 120 seconds left.
|
|t:|1759063482
|switch|p1a: Darkrai|Darkrai|100/100
|turn|17
|inactive|sinister omens has 120 seconds left.
|
|t:|1759063509
|move|p1a: Darkrai|Ice Beam|p2a: Landorus
|-supereffective|p2a: Landorus
|-damage|p2a: Landorus|0 fnt
|faint|p2a: Landorus
|
|upkeep
|
|t:|1759063521
|switch|p2a: Raging Bolt|Raging Bolt|69/100
|-damage|p2a: Raging Bolt|56/100|[from] Stealth Rock
|turn|18
|
|t:|1759063538
|move|p2a: Raging Bolt|Draco Meteor|p1a: Darkrai
|-damage|p1a: Darkrai|2/100
|-unboost|p2a: Raging Bolt|spa|2
|move|p1a: Darkrai|Ice Beam|p2a: Raging Bolt
|-supereffective|p2a: Raging Bolt
|-damage|p2a: Raging Bolt|0 fnt
|faint|p2a: Raging Bolt
|-end|p2a: Raging Bolt|Protosynthesis|[silent]
|
|upkeep
|
|t:|1759063552
|switch|p2a: Zapdos|Zapdos, shiny|44/100
|-damage|p2a: Zapdos|20/100|[from] Stealth Rock
|turn|19
|
|t:|1759063571
|-terastallize|p2a: Zapdos|Ice
|move|p2a: Zapdos|Tera Blast|p1a: Darkrai|[anim] Tera Blast Ice
|-damage|p1a: Darkrai|0 fnt
|faint|p1a: Darkrai
|
|upkeep
|inactive|Shoerun has 120 seconds left.
|c|☆Shoerun|How is zap faster? I scarf
|c|☆Shoerun|u scarf
|
|t:|1759063619
|switch|p1a: Dragapult|Dragapult, F, shiny, tera:Fairy|93/100 par
|turn|20
|c|☆sinister omens|i scarf
|
|t:|1759063633
|move|p1a: Dragapult|Sucker Punch|p2a: Zapdos
|-damage|p2a: Zapdos|0 fnt
|faint|p2a: Zapdos
|-damage|p1a: Dragapult|83/100 par|[from] item: Life Orb
|
|upkeep
|c|☆sinister omens|wait what？
|inactive|sinister omens has 90 seconds left.
|
|t:|1759063661
|switch|p2a: Gholdengo|Gholdengo|45/100
|-damage|p2a: Gholdengo|39/100|[from] Stealth Rock
|turn|21
|inactive|sinister omens has 90 seconds left.
|
|t:|1759063676
|move|p1a: Dragapult|Sucker Punch|p2a: Gholdengo
|-supereffective|p2a: Gholdengo
|-damage|p2a: Gholdengo|0 fnt
|faint|p2a: Gholdengo
|-damage|p1a: Dragapult|73/100 par|[from] item: Life Orb
|
|upkeep
|inactive|sinister omens has 90 seconds left.
|
|t:|1759063682
|switch|p2a: Hatterene|Hatterene, F|100/100
|-damage|p2a: Hatterene|88/100|[from] Stealth Rock
|turn|22
|inactive|sinister omens has 90 seconds left.
|
|t:|1759063702
|move|p1a: Dragapult|Phantom Force||[still]
|-prepare|p1a: Dragapult|Phantom Force
|move|p2a: Hatterene|Draining Kiss|p1a: Dragapult|[miss]
|-miss|p2a: Hatterene|p1a: Dragapult
|
|upkeep
|turn|23
|inactive|sinister omens has 90 seconds left.
|c|☆sinister omens|sucker punch is really surprising
|
|t:|1759063731
|cant|p1a: Dragapult|par
|move|p2a: Hatterene|Draining Kiss|p1a: Dragapult
|-damage|p1a: Dragapult|18/100 par
|-heal|p2a: Hatterene|100/100|[from] drain|[of] p1a: Dragapult
|
|upkeep
|turn|24
|
|t:|1759063739
|move|p1a: Dragapult|Sucker Punch|p2a: Hatterene
|-crit|p2a: Hatterene
|-damage|p2a: Hatterene|50/100
|-damage|p1a: Dragapult|8/100 par|[from] item: Life Orb
|move|p2a: Hatterene|Draining Kiss|p1a: Dragapult
|-damage|p1a: Dragapult|0 fnt
|-heal|p2a: Hatterene|57/100|[from] drain|[of] p1a: Dragapult
|faint|p1a: Dragapult
|
|win|sinister omens
|raw|Shoerun's rating: 1216 &rarr; <strong>1195</strong><br />(-21 for losing)
|raw|sinister omens's rating: 1272 &rarr; <strong>1293</strong><br />(+21 for winning)
|c|☆Shoerun|Gg
|c|☆sinister omens|gg
|l|☆Shoerun
|player|p1|
|c|☆sinister omens|really surprising
