|j|☆CadenG18
|j|☆me destroy you 15
|t:|1758914849
|gametype|singles
|player|p1|CadenG18|hilbert|1161
|player|p2|me destroy you 15|flint|1126
|gen|9
|tier|[Gen 9] OU
|rated|
|rule|HP Percentage Mod: HP is shown in percentages
|rule|Endless Battle Clause: Forcing endless battles is banned
|rule|Species Clause: Limit one of each Pokémon
|rule|OHKO Clause: OHKO moves are banned
|rule|Evasion Items Clause: Evasion items are banned
|rule|Evasion Moves Clause: Evasion moves are banned
|rule|Evasion Abilities Clause: Evasion abilities are banned
|rule|Sleep Moves Clause: Sleep-inducing moves are banned
|clearpoke
|poke|p1|Greninja-*, M|
|poke|p1|Armarouge, F|
|poke|p1|Hydreigon, F|
|poke|p1|Kommo-o, M|
|poke|p1|Ceruledge, F|
|poke|p1|Tsareena, F|
|poke|p2|Blastoise, M|
|poke|p2|Charizard, M|
|poke|p2|Vileplume, F|
|poke|p2|Forretress, M|
|poke|p2|Gengar, F|
|poke|p2|Electivire, M|
|teampreview
|inactive|Battle timer is ON: inactive players will automatically lose when time's up. (requested by CadenG18)
|
|t:|1758914861
|teamsize|p1|6
|teamsize|p2|6
|start
|switch|p1a: Megumi|Greninja, M, shiny|100/100
|switch|p2a: Electivire|Electivire, M|100/100
|turn|1
|
|t:|1758914871
|move|p1a: Megumi|Ice Beam|p2a: Electivire
|-start|p1a: Megumi|typechange|Ice|[from] ability: Protean
|-damage|p2a: Electivire|33/100
|-damage|p1a: Megumi|91/100|[from] item: Life Orb
|move|p2a: Electivire|Wild Charge|p1a: Megumi
|-damage|p1a: Megumi|0 fnt
|faint|p1a: Megumi
|-damage|p2a: Electivire|11/100|[from] Recoil
|-damage|p2a: Electivire|2/100|[from] item: Life Orb
|
|upkeep
|
|t:|1758914886
|switch|p1a: Cieri|Ceruledge, F, shiny|100/100
|turn|2
|
|t:|1758914890
|move|p1a: Cieri|Shadow Sneak|p2a: Electivire
|-damage|p2a: Electivire|0 fnt
|faint|p2a: Electivire
|
|upkeep
|
|t:|1758914895
|switch|p2a: Gengar|Gengar, F|100/100
|turn|3
|
|t:|1758914899
|move|p2a: Gengar|Shadow Ball|p1a: Cieri
|-supereffective|p1a: Cieri
|-enditem|p1a: Cieri|Focus Sash
|-damage|p1a: Cieri|1/100
|move|p1a: Cieri|Swords Dance|p1a: Cieri
|-boost|p1a: Cieri|atk|2
|
|upkeep
|turn|4
|
|t:|1758914907
|move|p1a: Cieri|Shadow Sneak|p2a: Gengar
|-supereffective|p2a: Gengar
|-enditem|p2a: Gengar|Focus Sash
|-damage|p2a: Gengar|1/100
|move|p2a: Gengar|Shadow Ball|p1a: Cieri
|-supereffective|p1a: Cieri
|-damage|p1a: Cieri|0 fnt
|faint|p1a: Cieri
|
|upkeep
|
|t:|1758914925
|switch|p1a: Yamata|Hydreigon, F|100/100
|turn|5
|
|t:|1758914929
|move|p1a: Yamata|Flamethrower|p2a: Gengar
|-damage|p2a: Gengar|0 fnt
|-start|p1a: Yamata|Disable|Flamethrower|[from] ability: Cursed Body|[of] p2a: Gengar
|faint|p2a: Gengar
|
|upkeep
|
|t:|1758914935
|switch|p2a: Vileplume|Vileplume, F|100/100
|turn|6
|
|t:|1758914941
|switch|p1a: Soleia|Armarouge, F, shiny|100/100
|move|p2a: Vileplume|Sludge Bomb|p1a: Soleia
|-damage|p1a: Soleia|63/100
|
|upkeep
|turn|7
|
|t:|1758914951
|move|p1a: Soleia|Psychic|p2a: Vileplume
|-supereffective|p2a: Vileplume
|-damage|p2a: Vileplume|1/100
|move|p2a: Vileplume|Sludge Bomb|p1a: Soleia
|-damage|p1a: Soleia|23/100
|
|-heal|p2a: Vileplume|7/100|[from] item: Leftovers
|upkeep
|turn|8
|
|t:|1758914960
|switch|p2a: Charizard|Charizard, M|100/100
|move|p1a: Soleia|Psychic|p2a: Charizard
|-damage|p2a: Charizard|39/100
|
|upkeep
|turn|9
|-activate|p2a: Charizard|item: Quick Claw
|
|t:|1758914967
|move|p2a: Charizard|Air Slash|p1a: Soleia
|-damage|p1a: Soleia|0 fnt
|faint|p1a: Soleia
|
|upkeep
|
|t:|1758914975
|switch|p1a: Yamata|Hydreigon, F|100/100
|turn|10
|-activate|p2a: Charizard|item: Quick Claw
|
|t:|1758914988
|move|p2a: Charizard|Dragon Pulse|p1a: Yamata
|-supereffective|p1a: Yamata
|-damage|p1a: Yamata|41/100
|move|p1a: Yamata|Dark Pulse|p2a: Charizard
|-damage|p2a: Charizard|0 fnt
|faint|p2a: Charizard
|
|upkeep
|
|t:|1758914998
|switch|p2a: Forretress|Forretress, M|100/100
|turn|11
|
|t:|1758915002
|switch|p1a: Cybele|Tsareena, F|100/100
|move|p2a: Forretress|Lunge|p1a: Cybele
|-supereffective|p1a: Cybele
|-damage|p1a: Cybele|54/100
|-unboost|p1a: Cybele|atk|1
|
|upkeep
|turn|12
|
|t:|1758915013
|move|p1a: Cybele|Knock Off|p2a: Forretress
|-damage|p2a: Forretress|84/100
|-enditem|p2a: Forretress|Leftovers|[from] move: Knock Off|[of] p1a: Cybele
|move|p2a: Forretress|Thunder Wave|p1a: Cybele
|-status|p1a: Cybele|par
|
|upkeep
|turn|13
|
|t:|1758915022
|move|p2a: Forretress|Toxic Spikes|p1a: Cybele
|-sidestart|p1: CadenG18|move: Toxic Spikes
|cant|p1a: Cybele|par
|
|upkeep
|turn|14
|
|t:|1758915027
|move|p2a: Forretress|Lunge|p1a: Cybele
|-supereffective|p1a: Cybele
|-damage|p1a: Cybele|6/100 par
|-unboost|p1a: Cybele|atk|1
|cant|p1a: Cybele|par
|
|upkeep
|turn|15
|
|t:|1758915034
|move|p2a: Forretress|Lunge|p1a: Cybele
|-supereffective|p1a: Cybele
|-damage|p1a: Cybele|0 fnt
|faint|p1a: Cybele
|
|upkeep
|
|t:|1758915036
|switch|p1a: Yamata|Hydreigon, F|41/100
|turn|16
|
|t:|1758915042
|switch|p2a: Blastoise|Blastoise, M|100/100
|move|p1a: Yamata|Flamethrower|p2a: Blastoise
|-resisted|p2a: Blastoise
|-damage|p2a: Blastoise|84/100
|
|upkeep
|turn|17
|
|t:|1758915048
|switch|p1a: Tsuyo-sa|Kommo-o, M|100/100
|-status|p1a: Tsuyo-sa|psn
|move|p2a: Blastoise|Shell Smash|p2a: Blastoise
|-unboost|p2a: Blastoise|def|1
|-unboost|p2a: Blastoise|spd|1
|-boost|p2a: Blastoise|atk|2
|-boost|p2a: Blastoise|spa|2
|-boost|p2a: Blastoise|spe|2
|-enditem|p2a: Blastoise|White Herb
|-clearnegativeboost|p2a: Blastoise|[silent]
|
|-damage|p1a: Tsuyo-sa|88/100 psn|[from] psn
|upkeep
|turn|18
|
|t:|1758915061
|-terastallize|p1a: Tsuyo-sa|Steel
|move|p2a: Blastoise|Ice Beam|p1a: Tsuyo-sa
|-resisted|p1a: Tsuyo-sa
|-damage|p1a: Tsuyo-sa|67/100 psn
|move|p1a: Tsuyo-sa|Clangorous Soul|p1a: Tsuyo-sa
|-boost|p1a: Tsuyo-sa|atk|1
|-boost|p1a: Tsuyo-sa|def|1
|-boost|p1a: Tsuyo-sa|spa|1
|-boost|p1a: Tsuyo-sa|spd|1
|-boost|p1a: Tsuyo-sa|spe|1
|-damage|p1a: Tsuyo-sa|34/100 psn
|
|-heal|p1a: Tsuyo-sa|40/100 psn|[from] item: Leftovers
|-damage|p1a: Tsuyo-sa|28/100 psn|[from] psn
|upkeep
|turn|19
|
|t:|1758915082
|move|p2a: Blastoise|Earthquake|p1a: Tsuyo-sa
|-supereffective|p1a: Tsuyo-sa
|-damage|p1a: Tsuyo-sa|0 fnt
|faint|p1a: Tsuyo-sa
|
|upkeep
|
|t:|1758915085
|switch|p1a: Yamata|Hydreigon, F|41/100
|turn|20
|c|☆me destroy you 15|GG
|
|t:|1758915096
|move|p2a: Blastoise|Ice Beam|p1a: Yamata
|-supereffective|p1a: Yamata
|-damage|p1a: Yamata|0 fnt
|faint|p1a: Yamata
|
|win|me destroy you 15
|raw|CadenG18's rating: 1161 &rarr; <strong>1133</strong><br />(-28 for losing)
|raw|me destroy you 15's rating: 1126 &rarr; <strong>1154</strong><br />(+28 for winning)
|l|☆CadenG18
|player|p1|
|l|☆me destroy you 15
|player|p2|
