|j|☆Tesmon
|j|☆treeqil
|t:|1758953398
|gametype|singles
|player|p1|Tesmon|steven|1219
|player|p2|treeqil|169|1234
|gen|9
|tier|[Gen 9] OU
|rated|
|rule|HP Percentage Mod: HP is shown in percentages
|rule|Endless Battle Clause: Forcing endless battles is banned
|rule|Species Clause: Limit one of each Pokémon
|rule|OHKO Clause: OHKO moves are banned
|rule|Evasion Items Clause: Evasion items are banned
|rule|Evasion Moves Clause: Evasion moves are banned
|rule|Evasion Abilities Clause: Evasion abilities are banned
|rule|Sleep Moves Clause: Sleep-inducing moves are banned
|clearpoke
|poke|p1|Salamence, M|
|poke|p1|Mamoswine, M|
|poke|p1|Galvantula, M|
|poke|p1|Sableye, M|
|poke|p1|Corviknight, M|
|poke|p1|Tentacruel, M|
|poke|p2|Magnezone|
|poke|p2|Glimmora, F|
|poke|p2|Cinderace, F|
|poke|p2|Iron Moth|
|poke|p2|Latios, M|
|poke|p2|Dragapult, F|
|teampreview
|
|t:|1758953413
|teamsize|p1|6
|teamsize|p2|6
|start
|switch|p1a: Galvantula|Galvantula, M|100/100
|switch|p2a: Cinderace|Cinderace, F|100/100
|turn|1
|
|t:|1758953417
|switch|p1a: Tentacruel|Tentacruel, M|100/100
|move|p2a: Cinderace|Pyro Ball|p1a: Tentacruel|[miss]
|-miss|p2a: Cinderace|p1a: Tentacruel
|
|upkeep
|turn|2
|
|t:|1758953422
|switch|p2a: Latios|Latios, M|100/100
|move|p1a: Tentacruel|Rapid Spin|p2a: Latios
|-damage|p2a: Latios|88/100
|-boost|p1a: Tentacruel|spe|1
|
|upkeep
|turn|3
|
|t:|1758953429
|switch|p1a: Merlin|Sableye, M, shiny|100/100
|move|p2a: Latios|Flip Turn|p1a: Merlin
|-damage|p1a: Merlin|86/100
|
|t:|1758953432
|switch|p2a: Magnezone|Magnezone|100/100|[from] Flip Turn
|
|-heal|p1a: Merlin|92/100|[from] item: Leftovers
|upkeep
|turn|4
|
|t:|1758953438
|move|p1a: Merlin|Substitute|p1a: Merlin
|-start|p1a: Merlin|Substitute
|-damage|p1a: Merlin|67/100
|move|p2a: Magnezone|Flash Cannon|p1a: Merlin
|-end|p1a: Merlin|Substitute
|
|-heal|p1a: Merlin|73/100|[from] item: Leftovers
|upkeep
|turn|5
|
|t:|1758953445
|switch|p1a: Galvantula|Galvantula, M|100/100
|move|p2a: Magnezone|Thunderbolt|p1a: Galvantula
|-resisted|p1a: Galvantula
|-damage|p1a: Galvantula|38/100
|
|upkeep
|turn|6
|
|t:|1758953448
|move|p1a: Galvantula|Sticky Web|p2a: Magnezone
|-sidestart|p2: treeqil|move: Sticky Web
|move|p2a: Magnezone|Volt Switch|p1a: Galvantula
|-resisted|p1a: Galvantula
|-damage|p1a: Galvantula|0 fnt
|faint|p1a: Galvantula
|
|t:|1758953452
|switch|p2a: Glimmora|Glimmora, F|100/100|[from] Volt Switch
|-activate|p2a: Glimmora|move: Sticky Web
|-unboost|p2a: Glimmora|spe|1
|
|upkeep
|
|t:|1758953454
|switch|p1a: Mamoswine|Mamoswine, M|100/100
|turn|7
|
|t:|1758953458
|move|p1a: Mamoswine|Earthquake|p2a: Glimmora
|-supereffective|p2a: Glimmora
|-enditem|p2a: Glimmora|Focus Sash
|-damage|p2a: Glimmora|1/100
|-activate|p2a: Glimmora|ability: Toxic Debris
|-sidestart|p1: Tesmon|move: Toxic Spikes
|move|p2a: Glimmora|Mortal Spin|p1a: Mamoswine
|-resisted|p1a: Mamoswine
|-damage|p1a: Mamoswine|97/100
|-status|p1a: Mamoswine|psn
|-sideend|p2: treeqil|Sticky Web|[from] move: Mortal Spin|[of] p2a: Glimmora
|
|-damage|p1a: Mamoswine|85/100 psn|[from] psn
|upkeep
|turn|8
|
|t:|1758953465
|switch|p2a: Latios|Latios, M|88/100
|move|p1a: Mamoswine|Icicle Spear|p2a: Latios
|-supereffective|p2a: Latios
|-damage|p2a: Latios|48/100
|-supereffective|p2a: Latios
|-damage|p2a: Latios|11/100
|-supereffective|p2a: Latios
|-damage|p2a: Latios|0 fnt
|faint|p2a: Latios
|-hitcount|p2: Latios|3
|
|-damage|p1a: Mamoswine|72/100 psn|[from] psn
|upkeep
|
|t:|1758953474
|switch|p2a: Iron Moth|Iron Moth|100/100
|-enditem|p2a: Iron Moth|Booster Energy
|-activate|p2a: Iron Moth|ability: Quark Drive|[fromitem]
|-start|p2a: Iron Moth|quarkdrivespa
|turn|9
|
|t:|1758953479
|switch|p1a: Tentacruel|Tentacruel, M|100/100
|-sideend|p1: Tesmon|move: Toxic Spikes|[of] p1a: Tentacruel
|move|p2a: Iron Moth|Flamethrower|p1a: Tentacruel
|-resisted|p1a: Tentacruel
|-damage|p1a: Tentacruel|81/100
|
|-heal|p1a: Tentacruel|87/100|[from] item: Black Sludge
|upkeep
|turn|10
|
|t:|1758953484
|move|p2a: Iron Moth|U-turn|p1a: Tentacruel
|-resisted|p1a: Tentacruel
|-damage|p1a: Tentacruel|79/100
|
|t:|1758953485
|-end|p2a: Iron Moth|Quark Drive|[silent]
|switch|p2a: Magnezone|Magnezone|100/100|[from] U-turn
|move|p1a: Tentacruel|Surf|p2a: Magnezone
|-damage|p2a: Magnezone|83/100
|
|-heal|p1a: Tentacruel|85/100|[from] item: Black Sludge
|upkeep
|turn|11
|
|t:|1758953489
|switch|p1a: Mamoswine|Mamoswine, M|72/100 psn
|move|p2a: Magnezone|Flash Cannon|p1a: Mamoswine
|-supereffective|p1a: Mamoswine
|-damage|p1a: Mamoswine|0 fnt
|faint|p1a: Mamoswine
|
|upkeep
|
|t:|1758953491
|switch|p1a: Salamence|Salamence, M|100/100
|turn|12
|
|t:|1758953498
|move|p1a: Salamence|Dragon Dance|p1a: Salamence
|-boost|p1a: Salamence|atk|1
|-boost|p1a: Salamence|spe|1
|move|p2a: Magnezone|Volt Switch|p1a: Salamence
|-damage|p1a: Salamence|33/100
|
|t:|1758953503
|switch|p2a: Cinderace|Cinderace, F|100/100|[from] Volt Switch
|
|upkeep
|turn|13
|
|t:|1758953505
|move|p2a: Cinderace|Sucker Punch|p1a: Salamence
|-start|p2a: Cinderace|typechange|Dark|[from] ability: Libero
|-damage|p1a: Salamence|0 fnt
|faint|p1a: Salamence
|
|upkeep
|
|t:|1758953509
|switch|p1a: Tentacruel|Tentacruel, M|85/100
|turn|14
|
|t:|1758953512
|switch|p2a: Magnezone|Magnezone|83/100
|move|p1a: Tentacruel|Sludge Bomb|p2a: Magnezone
|-immune|p2a: Magnezone
|
|-heal|p1a: Tentacruel|91/100|[from] item: Black Sludge
|upkeep
|turn|15
|
|t:|1758953514
|move|p1a: Tentacruel|Surf|p2a: Magnezone
|-damage|p2a: Magnezone|63/100
|move|p2a: Magnezone|Thunderbolt|p1a: Tentacruel
|-supereffective|p1a: Tentacruel
|-damage|p1a: Tentacruel|11/100
|
|-heal|p1a: Tentacruel|18/100|[from] item: Black Sludge
|upkeep
|turn|16
|
|t:|1758953518
|switch|p2a: Glimmora|Glimmora, F|1/100
|move|p1a: Tentacruel|Surf|p2a: Glimmora
|-supereffective|p2a: Glimmora
|-damage|p2a: Glimmora|0 fnt
|faint|p2a: Glimmora
|
|-heal|p1a: Tentacruel|24/100|[from] item: Black Sludge
|upkeep
|
|t:|1758953522
|switch|p2a: Dragapult|Dragapult, F|100/100
|turn|17
|
|t:|1758953524
|move|p2a: Dragapult|Hex|p1a: Tentacruel
|-damage|p1a: Tentacruel|0 fnt
|faint|p1a: Tentacruel
|-damage|p2a: Dragapult|91/100|[from] item: Life Orb
|
|upkeep
|
|t:|1758953526
|switch|p1a: Corviknight|Corviknight, M, shiny|100/100
|turn|18
|
|t:|1758953528
|move|p2a: Dragapult|U-turn|p1a: Corviknight
|-resisted|p1a: Corviknight
|-damage|p1a: Corviknight|97/100
|-damage|p2a: Dragapult|74/100|[from] item: Rocky Helmet|[of] p1a: Corviknight
|-damage|p2a: Dragapult|65/100|[from] item: Life Orb
|
|t:|1758953531
|switch|p2a: Cinderace|Cinderace, F|100/100|[from] U-turn
|move|p1a: Corviknight|Brave Bird|p2a: Cinderace
|-damage|p2a: Cinderace|52/100
|-damage|p1a: Corviknight|85/100|[from] Recoil
|
|upkeep
|turn|19
|
|t:|1758953534
|move|p2a: Cinderace|Pyro Ball|p1a: Corviknight
|-supereffective|p1a: Corviknight
|-damage|p1a: Corviknight|0 fnt
|faint|p1a: Corviknight
|
|upkeep
|-message|Tesmon forfeited.
|
|win|treeqil
|raw|Tesmon's rating: 1219 &rarr; <strong>1195</strong><br />(-24 for losing)
|raw|treeqil's rating: 1234 &rarr; <strong>1258</strong><br />(+24 for winning)
|l|☆Tesmon
|player|p1|
