|j|☆ii el bunneh ii
|j|☆OminousGengar
|t:|1759058618
|gametype|singles
|player|p1|ii el bunneh ii|170|1312
|player|p2|OminousGengar|eusine|1284
|gen|9
|tier|[Gen 9] OU
|rated|
|rule|HP Percentage Mod: HP is shown in percentages
|rule|Endless Battle Clause: Forcing endless battles is banned
|rule|Species Clause: Limit one of each Pokémon
|rule|OHKO Clause: OHKO moves are banned
|rule|Evasion Items Clause: Evasion items are banned
|rule|Evasion Moves Clause: Evasion moves are banned
|rule|Evasion Abilities Clause: Evasion abilities are banned
|rule|Sleep Moves Clause: Sleep-inducing moves are banned
|clearpoke
|poke|p1|Kyurem|
|poke|p1|Mew|
|poke|p1|Dragapult, M|
|poke|p1|Polteageist|
|poke|p1|Magcargo, F|
|poke|p1|Latias, F|
|poke|p2|Talonflame, F|
|poke|p2|Pelipper, F|
|poke|p2|Barraskewda, M|
|poke|p2|Toxicroak, F|
|poke|p2|Hatterene, F|
|poke|p2|Iron Treads|
|teampreview
|
|t:|1759058636
|teamsize|p1|6
|teamsize|p2|6
|start
|switch|p1a: Magcargo|Magcargo, F, shiny|100/100
|switch|p2a: Barraskewda|Barraskewda, M|100/100
|turn|1
|
|t:|1759058640
|move|p2a: Barraskewda|Flip Turn|p1a: Magcargo
|-supereffective|p1a: Magcargo
|-enditem|p1a: Magcargo|Focus Sash
|-damage|p1a: Magcargo|1/100
|-ability|p1a: Magcargo|Weak Armor|boost
|-unboost|p1a: Magcargo|def|1
|-boost|p1a: Magcargo|spe|2
|
|t:|1759058658
|switch|p2a: Pelipper|Pelipper, F|100/100|[from] Flip Turn
|-weather|RainDance|[from] ability: Drizzle|[of] p2a: Pelipper
|move|p1a: Magcargo|Shell Smash|p1a: Magcargo
|-unboost|p1a: Magcargo|def|1
|-unboost|p1a: Magcargo|spd|1
|-boost|p1a: Magcargo|atk|2
|-boost|p1a: Magcargo|spa|2
|-boost|p1a: Magcargo|spe|2
|
|-weather|RainDance|[upkeep]
|upkeep
|turn|2
|
|t:|1759058669
|switch|p2a: Toxicroak|Toxicroak, F|100/100
|move|p1a: Magcargo|Power Gem|p2a: Toxicroak
|-resisted|p2a: Toxicroak
|-damage|p2a: Toxicroak|71/100
|
|-weather|RainDance|[upkeep]
|-heal|p2a: Toxicroak|83/100|[from] ability: Dry Skin
|upkeep
|turn|3
|
|t:|1759058677
|move|p1a: Magcargo|Memento|p2a: Toxicroak
|-unboost|p2a: Toxicroak|atk|2
|-unboost|p2a: Toxicroak|spa|2
|faint|p1a: Magcargo
|move|p2a: Toxicroak|Knock Off|p1: Magcargo|[notarget]
|-fail|p2a: Toxicroak
|
|-weather|RainDance|[upkeep]
|-heal|p2a: Toxicroak|96/100|[from] ability: Dry Skin
|upkeep
|
|t:|1759058705
|switch|p1a: Latias|Latias, F, shiny|100/100
|turn|4
|
|t:|1759058726
|switch|p2a: Iron Treads|Iron Treads|100/100
|move|p1a: Latias|Agility|p1a: Latias
|-boost|p1a: Latias|spe|2
|
|-weather|RainDance|[upkeep]
|upkeep
|turn|5
|
|t:|1759058741
|move|p1a: Latias|Agility|p1a: Latias
|-boost|p1a: Latias|spe|2
|move|p2a: Iron Treads|Stealth Rock|p1a: Latias
|-sidestart|p1: ii el bunneh ii|move: Stealth Rock
|
|-weather|RainDance|[upkeep]
|upkeep
|turn|6
|
|t:|1759058746
|move|p1a: Latias|Calm Mind|p1a: Latias
|-boost|p1a: Latias|spa|1
|-boost|p1a: Latias|spd|1
|move|p2a: Iron Treads|Volt Switch|p1a: Latias
|-resisted|p1a: Latias
|-damage|p1a: Latias|96/100
|
|t:|1759058773
|-end|p2a: Iron Treads|Quark Drive|[silent]
|switch|p2a: Hatterene|Hatterene, F|100/100|[from] Volt Switch
|
|-weather|RainDance|[upkeep]
|upkeep
|turn|7
|
|t:|1759058779
|move|p1a: Latias|Calm Mind|p1a: Latias
|-boost|p1a: Latias|spa|1
|-boost|p1a: Latias|spd|1
|move|p2a: Hatterene|Nuzzle|p1a: Latias
|-resisted|p1a: Latias
|-damage|p1a: Latias|95/100
|-status|p1a: Latias|par
|
|-weather|RainDance|[upkeep]
|upkeep
|turn|8
|
|t:|1759058788
|move|p1a: Latias|Calm Mind|p1a: Latias
|-boost|p1a: Latias|spa|1
|-boost|p1a: Latias|spd|1
|move|p2a: Hatterene|Draining Kiss|p1a: Latias
|-supereffective|p1a: Latias
|-damage|p1a: Latias|75/100 par
|-enditem|p1a: Latias|Weakness Policy
|-boost|p1a: Latias|atk|2|[from] item: Weakness Policy
|-boost|p1a: Latias|spa|2|[from] item: Weakness Policy
|
|-weather|none
|upkeep
|turn|9
|
|t:|1759058800
|move|p1a: Latias|Stored Power|p2a: Hatterene
|-resisted|p2a: Hatterene
|-damage|p2a: Hatterene|0 fnt
|faint|p2a: Hatterene
|
|upkeep
|
|t:|1759058804
|switch|p2a: Pelipper|Pelipper, F|100/100
|-weather|RainDance|[from] ability: Drizzle|[of] p2a: Pelipper
|turn|10
|
|t:|1759058816
|switch|p2a: Barraskewda|Barraskewda, M|100/100
|move|p1a: Latias|Stored Power|p2a: Barraskewda
|-damage|p2a: Barraskewda|0 fnt
|faint|p2a: Barraskewda
|
|-weather|RainDance|[upkeep]
|upkeep
|
|t:|1759058818
|switch|p2a: Talonflame|Talonflame, F|100/100
|turn|11
|
|t:|1759058822
|-terastallize|p2a: Talonflame|Flying
|move|p2a: Talonflame|Hurricane|p1a: Latias
|-damage|p1a: Latias|47/100 par
|-start|p1a: Latias|confusion
|-activate|p1a: Latias|confusion
|cant|p1a: Latias|par
|
|-weather|RainDance|[upkeep]
|upkeep
|turn|12
|
|t:|1759058833
|-terastallize|p1a: Latias|Fairy
|move|p2a: Talonflame|Hurricane|p1a: Latias
|-damage|p1a: Latias|21/100 par
|-activate|p1a: Latias|confusion
|move|p1a: Latias|Draining Kiss|p2a: Talonflame
|-crit|p2a: Talonflame
|-damage|p2a: Talonflame|0 fnt
|-heal|p1a: Latias|82/100 par|[from] drain|[of] p2a: Talonflame
|faint|p2a: Talonflame
|
|-weather|RainDance|[upkeep]
|upkeep
|
|t:|1759058842
|switch|p2a: Toxicroak|Toxicroak, F|96/100
|turn|13
|-message|OminousGengar forfeited.
|
|win|ii el bunneh ii
|raw|ii el bunneh ii's rating: 1312 &rarr; <strong>1330</strong><br />(+18 for winning)
|raw|OminousGengar's rating: 1284 &rarr; <strong>1261</strong><br />(-23 for losing)
|l|☆OminousGengar
|player|p2|
|l|☆ii el bunneh ii
|player|p1|
