|j|☆c3baby
|j|☆chufaworld
|t:|1758967187
|gametype|singles
|player|p1|c3baby|101|1187
|player|p2|chufaworld|169|1272
|gen|9
|tier|[Gen 9] OU
|rated|
|rule|HP Percentage Mod: HP is shown in percentages
|rule|Endless Battle Clause: Forcing endless battles is banned
|rule|Species Clause: Limit one of each Pokémon
|rule|OHKO Clause: OHKO moves are banned
|rule|Evasion Items Clause: Evasion items are banned
|rule|Evasion Moves Clause: Evasion moves are banned
|rule|Evasion Abilities Clause: Evasion abilities are banned
|rule|Sleep Moves Clause: Sleep-inducing moves are banned
|clearpoke
|poke|p1|Charizard, F|
|poke|p1|Pelipper, F|
|poke|p1|Great Tusk|
|poke|p1|Galvantula, F|
|poke|p1|Salamence, M|
|poke|p1|Glimmora, M|
|poke|p2|Blaziken, F|
|poke|p2|Indeedee, M|
|poke|p2|Iron Treads|
|poke|p2|Gallade, M|
|poke|p2|Gliscor, M|
|poke|p2|Ogerpon-Wellspring, F|
|teampreview
|
|t:|1758967206
|teamsize|p1|6
|teamsize|p2|6
|start
|switch|p1a: Galvantula|Galvantula, F|100/100
|switch|p2a: Indeedee|Indeedee, M|100/100
|-fieldstart|move: Psychic Terrain|[from] ability: Psychic Surge|[of] p2a: Indeedee
|turn|1
|
|t:|1758967225
|move|p1a: Galvantula|Bug Buzz|p2a: Indeedee
|-supereffective|p2a: Indeedee
|-damage|p2a: Indeedee|0 fnt
|faint|p2a: Indeedee
|
|upkeep
|
|t:|1758967227
|switch|p2a: Gallade|Gallade, M|100/100
|turn|2
|
|t:|1758967236
|move|p2a: Gallade|Psycho Cut|p1a: Galvantula
|-crit|p1a: Galvantula
|-enditem|p1a: Galvantula|Focus Sash
|-damage|p1a: Galvantula|1/100
|move|p1a: Galvantula|Thunder|p2a: Gallade
|-damage|p2a: Gallade|49/100
|-status|p2a: Gallade|par
|
|upkeep
|turn|3
|
|t:|1758967250
|move|p1a: Galvantula|Bug Buzz|p2a: Gallade
|-damage|p2a: Gallade|7/100 par
|move|p2a: Gallade|Psycho Cut|p1a: Galvantula
|-damage|p1a: Galvantula|0 fnt
|faint|p1a: Galvantula
|
|upkeep
|
|t:|1758967261
|switch|p1a: Salamence|Salamence, M|100/100
|turn|4
|
|t:|1758967268
|move|p1a: Salamence|Dragon Dance|p1a: Salamence
|-boost|p1a: Salamence|atk|1
|-boost|p1a: Salamence|spe|1
|cant|p2a: Gallade|par
|
|upkeep
|turn|5
|
|t:|1758967280
|move|p1a: Salamence|Dual Wingbeat|p2a: Gallade
|-supereffective|p2a: Gallade
|-damage|p2a: Gallade|0 fnt
|faint|p2a: Gallade
|-ability|p1a: Salamence|Moxie|boost
|-boost|p1a: Salamence|atk|1
|-hitcount|p2: Gallade|1
|-damage|p1a: Salamence|91/100|[from] item: Life Orb
|
|upkeep
|
|t:|1758967286
|switch|p2a: Iron Treads|Iron Treads|100/100
|-enditem|p2a: Iron Treads|Booster Energy
|-activate|p2a: Iron Treads|ability: Quark Drive|[fromitem]
|-start|p2a: Iron Treads|quarkdrivespe
|turn|6
|c|☆c3baby|EZ WIN FOR ME
|
|t:|1758967296
|-terastallize|p1a: Salamence|Fire
|move|p2a: Iron Treads|Stone Edge|p1a: Salamence
|-supereffective|p1a: Salamence
|-damage|p1a: Salamence|19/100
|move|p1a: Salamence|Tera Blast|p2a: Iron Treads|[anim] Tera Blast Fire
|-supereffective|p2a: Iron Treads
|-damage|p2a: Iron Treads|0 fnt
|faint|p2a: Iron Treads
|-end|p2a: Iron Treads|Quark Drive|[silent]
|-ability|p1a: Salamence|Moxie|boost
|-boost|p1a: Salamence|atk|1
|-damage|p1a: Salamence|9/100|[from] item: Life Orb
|
|upkeep
|
|t:|1758967308
|switch|p2a: Blaziken|Blaziken, F|100/100
|turn|7
|c|☆c3baby|EZ WIN FOR ME
|
|t:|1758967316
|move|p1a: Salamence|Dragon Dance|p1a: Salamence
|-boost|p1a: Salamence|atk|1
|-boost|p1a: Salamence|spe|1
|move|p2a: Blaziken|Swords Dance|p2a: Blaziken
|-boost|p2a: Blaziken|atk|2
|
|-ability|p2a: Blaziken|Speed Boost|boost
|-boost|p2a: Blaziken|spe|1
|upkeep
|turn|8
|
|t:|1758967326
|move|p1a: Salamence|Dragon Claw|p2a: Blaziken
|-enditem|p2a: Blaziken|Focus Sash
|-damage|p2a: Blaziken|1/100
|-damage|p1a: Salamence|0 fnt|[from] item: Life Orb
|faint|p1a: Salamence
|move|p2a: Blaziken|Earthquake|p1: Salamence|[notarget]
|-fail|p2a: Blaziken
|
|-fieldend|move: Psychic Terrain
|-ability|p2a: Blaziken|Speed Boost|boost
|-boost|p2a: Blaziken|spe|1
|upkeep
|
|t:|1758967338
|switch|p1a: Glimmora|Glimmora, M|100/100
|turn|9
|
|t:|1758967345
|move|p2a: Blaziken|Earthquake|p1a: Glimmora
|-supereffective|p1a: Glimmora
|-enditem|p1a: Glimmora|Focus Sash
|-damage|p1a: Glimmora|1/100
|-activate|p1a: Glimmora|ability: Toxic Debris
|-sidestart|p2: chufaworld|move: Toxic Spikes
|move|p1a: Glimmora|Mortal Spin|p2a: Blaziken
|-damage|p2a: Blaziken|0 fnt
|faint|p2a: Blaziken
|
|upkeep
|
|t:|1758967350
|switch|p2a: Gliscor|Gliscor, M|100/100
|turn|10
|c|☆c3baby|EZ WIN FOR ME
|
|t:|1758967361
|switch|p1a: Pelipper|Pelipper, F|100/100
|-weather|RainDance|[from] ability: Drizzle|[of] p1a: Pelipper
|move|p2a: Gliscor|Earthquake|p1a: Pelipper
|-immune|p1a: Pelipper
|
|-weather|RainDance|[upkeep]
|-status|p2a: Gliscor|tox|[from] item: Toxic Orb
|upkeep
|turn|11
|
|t:|1758967376
|move|p2a: Gliscor|Stealth Rock|p1a: Pelipper
|-sidestart|p1: c3baby|move: Stealth Rock
|move|p1a: Pelipper|Hurricane|p2a: Gliscor
|-damage|p2a: Gliscor|42/100 tox
|
|-weather|RainDance|[upkeep]
|-heal|p2a: Gliscor|54/100 tox|[from] ability: Poison Heal
|upkeep
|turn|12
|
|t:|1758967388
|move|p2a: Gliscor|Protect|p2a: Gliscor
|-singleturn|p2a: Gliscor|Protect
|move|p1a: Pelipper|U-turn|p2a: Gliscor
|-activate|p2a: Gliscor|move: Protect
|
|-weather|RainDance|[upkeep]
|-heal|p2a: Gliscor|66/100 tox|[from] ability: Poison Heal
|upkeep
|turn|13
|
|t:|1758967400
|move|p2a: Gliscor|Stealth Rock||[still]
|-fail|p2a: Gliscor
|move|p1a: Pelipper|Hurricane|p2a: Gliscor
|-damage|p2a: Gliscor|13/100 tox
|-start|p2a: Gliscor|confusion
|
|-weather|RainDance|[upkeep]
|-heal|p2a: Gliscor|25/100 tox|[from] ability: Poison Heal
|upkeep
|turn|14
|
|t:|1758967420
|-activate|p2a: Gliscor|confusion
|-damage|p2a: Gliscor|16/100 tox|[from] confusion
|move|p1a: Pelipper|Hurricane|p2a: Gliscor
|-damage|p2a: Gliscor|0 fnt
|faint|p2a: Gliscor
|
|-weather|RainDance|[upkeep]
|upkeep
|
|t:|1758967424
|switch|p2a: Ogerpon|Ogerpon-Wellspring, F|100/100
|-status|p2a: Ogerpon|psn
|turn|15
|c|☆c3baby|EZ WIN FOR ME
|
|t:|1758967435
|-terastallize|p2a: Ogerpon|Water
|detailschange|p2a: Ogerpon|Ogerpon-Wellspring-Tera, F, tera:Water
|-ability|p2a: Ogerpon|Embody Aspect (Wellspring)|boost
|-boost|p2a: Ogerpon|spd|1
|move|p2a: Ogerpon|Ivy Cudgel|p1a: Pelipper|[anim] Ivy Cudgel Water
|-resisted|p1a: Pelipper
|-damage|p1a: Pelipper|55/100
|move|p1a: Pelipper|U-turn|p2a: Ogerpon
|-damage|p2a: Ogerpon|90/100 psn
|
|t:|1758967452
|switch|p1a: Glimmora|Glimmora, M|1/100|[from] U-turn
|-damage|p1a: Glimmora|0 fnt|[from] Stealth Rock
|faint|p1a: Glimmora
|
|-weather|RainDance|[upkeep]
|-damage|p2a: Ogerpon|78/100 psn|[from] psn
|upkeep
|
|t:|1758967463
|switch|p1a: Great Tusk|Great Tusk|100/100
|-damage|p1a: Great Tusk|98/100|[from] Stealth Rock
|-enditem|p1a: Great Tusk|Booster Energy
|-activate|p1a: Great Tusk|ability: Protosynthesis|[fromitem]
|-start|p1a: Great Tusk|protosynthesisatk
|turn|16
|c|☆c3baby|JUST QUIT MAN
|c|☆c3baby|YOU CANT WIN
|
|t:|1758967490
|move|p2a: Ogerpon|Ivy Cudgel|p1a: Great Tusk|[anim] Ivy Cudgel Water
|-supereffective|p1a: Great Tusk
|-damage|p1a: Great Tusk|0 fnt
|faint|p1a: Great Tusk
|-end|p1a: Great Tusk|Protosynthesis|[silent]
|
|-weather|RainDance|[upkeep]
|-damage|p2a: Ogerpon|65/100 psn|[from] psn
|upkeep
|
|t:|1758967517
|switch|p1a: Pelipper|Pelipper, F|55/100
|-damage|p1a: Pelipper|30/100|[from] Stealth Rock
|turn|17
|
|t:|1758967522
|move|p2a: Ogerpon|Ivy Cudgel|p1a: Pelipper|[anim] Ivy Cudgel Water
|-resisted|p1a: Pelipper
|-damage|p1a: Pelipper|0 fnt
|faint|p1a: Pelipper
|
|-weather|none
|-damage|p2a: Ogerpon|53/100 psn|[from] psn
|upkeep
|c|☆chufaworld|EZ WIN FOR ME
|
|t:|1758967529
|switch|p1a: Charizard|Charizard, F|100/100
|-damage|p1a: Charizard|50/100|[from] Stealth Rock
|turn|18
|
|t:|1758967537
|move|p2a: Ogerpon|Ivy Cudgel|p1a: Charizard|[anim] Ivy Cudgel Water
|-supereffective|p1a: Charizard
|-damage|p1a: Charizard|0 fnt
|faint|p1a: Charizard
|
|win|chufaworld
|raw|c3baby's rating: 1187 &rarr; <strong>1168</strong><br />(-19 for losing)
|raw|chufaworld's rating: 1272 &rarr; <strong>1291</strong><br />(+19 for winning)
|c|☆chufaworld|GG ez
|c|☆chufaworld|Ez noob
|l|☆c3baby
|player|p1|
