|j|☆Yothas
|j|☆Blorgl
|t:|1758952109
|gametype|singles
|player|p1|Yothas|170|1291
|player|p2|Blorgl|sabrina|1318
|gen|9
|tier|[Gen 9] OU
|rated|
|rule|HP Percentage Mod: HP is shown in percentages
|rule|Endless Battle Clause: Forcing endless battles is banned
|rule|Species Clause: Limit one of each Pokémon
|rule|OHKO Clause: OHKO moves are banned
|rule|Evasion Items Clause: Evasion items are banned
|rule|Evasion Moves Clause: Evasion moves are banned
|rule|Evasion Abilities Clause: Evasion abilities are banned
|rule|Sleep Moves Clause: Sleep-inducing moves are banned
|clearpoke
|poke|p1|Perrserker, M|
|poke|p1|Skarmory, F|
|poke|p1|Meowscarada, F|
|poke|p1|Rotom-Wash|
|poke|p1|Haxorus, M|
|poke|p1|Glimmora, M|
|poke|p2|Landorus-Therian, M|
|poke|p2|Samurott-Hisui, M|
|poke|p2|Pecharunt|
|poke|p2|Scizor, F|
|poke|p2|Latios, M|
|poke|p2|Zamazenta-*|
|teampreview
|inactive|Battle timer is ON: inactive players will automatically lose when time's up. (requested by Yothas)
|
|t:|1758952122
|teamsize|p1|6
|teamsize|p2|6
|start
|switch|p1a: Rotom|Rotom-Wash, shiny|100/100
|switch|p2a: Landorus|Landorus-Therian, M|100/100
|-ability|p2a: Landorus|Intimidate|boost
|-unboost|p1a: Rotom|atk|1
|turn|1
|
|t:|1758952136
|move|p2a: Landorus|Stealth Rock|p1a: Rotom
|-sidestart|p1: Yothas|move: Stealth Rock
|move|p1a: Rotom|Trick|p2a: Landorus
|-activate|p1a: Rotom|move: Trick|[of] p2a: Landorus
|-item|p2a: Landorus|Choice Specs|[from] move: Trick
|-item|p1a: Rotom|Rocky Helmet|[from] move: Trick
|
|upkeep
|turn|2
|
|t:|1758952159
|switch|p2a: Samurott|Samurott-Hisui, M|100/100
|move|p1a: Rotom|Volt Switch|p2a: Samurott
|-supereffective|p2a: Samurott
|-damage|p2a: Samurott|40/100
|
|t:|1758952164
|switch|p1a: Meowscarada|Meowscarada, F|100/100|[from] Volt Switch
|-damage|p1a: Meowscarada|88/100|[from] Stealth Rock
|
|upkeep
|turn|3
|
|t:|1758952181
|switch|p2a: Pecharunt|Pecharunt|100/100
|move|p1a: Meowscarada|U-turn|p2a: Pecharunt
|-start|p1a: Meowscarada|typechange|Bug|[from] ability: Protean
|-resisted|p2a: Pecharunt
|-damage|p2a: Pecharunt|96/100
|
|t:|1758952193
|switch|p1a: Perrserker|Perrserker, M|100/100|[from] U-turn
|-damage|p1a: Perrserker|94/100|[from] Stealth Rock
|
|upkeep
|turn|4
|inactive|Blorgl has 120 seconds left.
|
|t:|1758952221
|move|p2a: Pecharunt|Parting Shot|p1a: Perrserker
|-unboost|p1a: Perrserker|atk|1
|-unboost|p1a: Perrserker|spa|1
|
|t:|1758952225
|switch|p2a: Landorus|Landorus-Therian, M|100/100|[from] Parting Shot
|-ability|p2a: Landorus|Intimidate|boost
|-unboost|p1a: Perrserker|atk|1
|move|p1a: Perrserker|Knock Off|p2a: Landorus
|-damage|p2a: Landorus|82/100
|-enditem|p2a: Landorus|Choice Specs|[from] move: Knock Off|[of] p1a: Perrserker
|
|upkeep
|turn|5
|
|t:|1758952237
|switch|p1a: Skarmory|Skarmory, F|100/100
|-damage|p1a: Skarmory|88/100|[from] Stealth Rock
|move|p2a: Landorus|Earthquake|p1a: Skarmory
|-immune|p1a: Skarmory
|
|upkeep
|turn|6
|
|t:|1758952245
|move|p2a: Landorus|Smack Down|p1a: Skarmory
|-damage|p1a: Skarmory|79/100
|-start|p1a: Skarmory|Smack Down
|move|p1a: Skarmory|Stealth Rock|p2a: Landorus
|-sidestart|p2: Blorgl|move: Stealth Rock
|
|upkeep
|turn|7
|
|t:|1758952255
|switch|p1a: Rotom|Rotom-Wash, shiny|100/100
|-damage|p1a: Rotom|88/100|[from] Stealth Rock
|move|p2a: Landorus|Earthquake|p1a: Rotom
|-immune|p1a: Rotom|[from] ability: Levitate
|
|upkeep
|turn|8
|inactive|Blorgl has 120 seconds left.
|
|t:|1758952280
|-terastallize|p2a: Landorus|Ghost
|move|p2a: Landorus|Smack Down|p1a: Rotom
|-damage|p1a: Rotom|67/100
|-start|p1a: Rotom|Smack Down
|move|p1a: Rotom|Hydro Pump|p2a: Landorus|[miss]
|-miss|p1a: Rotom|p2a: Landorus
|
|upkeep
|turn|9
|
|t:|1758952289
|switch|p1a: Skarmory|Skarmory, F|79/100
|-damage|p1a: Skarmory|67/100|[from] Stealth Rock
|move|p2a: Landorus|Earthquake|p1a: Skarmory
|-immune|p1a: Skarmory
|
|upkeep
|turn|10
|
|t:|1758952300
|move|p2a: Landorus|Smack Down|p1a: Skarmory
|-damage|p1a: Skarmory|57/100
|-start|p1a: Skarmory|Smack Down
|move|p1a: Skarmory|Roost|p1a: Skarmory
|-heal|p1a: Skarmory|100/100
|-singleturn|p1a: Skarmory|move: Roost
|
|upkeep
|turn|11
|
|t:|1758952308
|move|p2a: Landorus|Earthquake|p1a: Skarmory
|-supereffective|p1a: Skarmory
|-damage|p1a: Skarmory|39/100
|move|p1a: Skarmory|Whirlwind|p2a: Landorus
|drag|p2a: Samurott|Samurott-Hisui, M|40/100
|-damage|p2a: Samurott|28/100|[from] Stealth Rock
|
|upkeep
|turn|12
|
|t:|1758952332
|switch|p2a: Pecharunt|Pecharunt|96/100
|switch|p1a: Rotom|Rotom-Wash, shiny|67/100
|-damage|p1a: Rotom|54/100|[from] Stealth Rock
|
|upkeep
|turn|13
|inactive|Blorgl has 120 seconds left.
|
|t:|1758952348
|move|p2a: Pecharunt|Parting Shot|p1a: Rotom
|-unboost|p1a: Rotom|atk|1
|-unboost|p1a: Rotom|spa|1
|
|t:|1758952351
|switch|p2a: Latios|Latios, M|100/100|[from] Parting Shot
|-damage|p2a: Latios|88/100|[from] Stealth Rock
|move|p1a: Rotom|Hydro Pump|p2a: Latios
|-resisted|p2a: Latios
|-damage|p2a: Latios|71/100
|
|upkeep
|turn|14
|
|t:|1758952361
|switch|p1a: Perrserker|Perrserker, M|94/100
|-damage|p1a: Perrserker|88/100|[from] Stealth Rock
|move|p2a: Latios|Calm Mind|p2a: Latios
|-boost|p2a: Latios|spa|1
|-boost|p2a: Latios|spd|1
|
|upkeep
|turn|15
|
|t:|1758952368
|move|p1a: Perrserker|Fake Out|p2a: Latios
|-damage|p2a: Latios|52/100
|cant|p2a: Latios|flinch
|
|upkeep
|turn|16
|
|t:|1758952373
|move|p2a: Latios|Draco Meteor|p1a: Perrserker
|-resisted|p1a: Perrserker
|-damage|p1a: Perrserker|44/100
|-unboost|p2a: Latios|spa|2
|move|p1a: Perrserker|Knock Off|p2a: Latios
|-supereffective|p2a: Latios
|-damage|p2a: Latios|0 fnt
|-enditem|p2a: Latios|Soul Dew|[from] move: Knock Off|[of] p1a: Perrserker
|faint|p2a: Latios
|
|upkeep
|
|t:|1758952393
|switch|p2a: Samurott|Samurott-Hisui, M|28/100
|-damage|p2a: Samurott|16/100|[from] Stealth Rock
|turn|17
|
|t:|1758952405
|switch|p1a: Rotom|Rotom-Wash, shiny|54/100
|-damage|p1a: Rotom|42/100|[from] Stealth Rock
|move|p2a: Samurott|Ceaseless Edge|p1a: Rotom|[miss]
|-miss|p2a: Samurott|p1a: Rotom
|
|upkeep
|turn|18
|
|t:|1758952416
|move|p1a: Rotom|Will-O-Wisp|p2a: Samurott
|-status|p2a: Samurott|brn
|move|p2a: Samurott|Ceaseless Edge|p1a: Rotom
|-damage|p1a: Rotom|8/100
|-damage|p2a: Samurott|0 fnt|[from] item: Rocky Helmet|[of] p1a: Rotom
|faint|p2a: Samurott
|
|upkeep
|
|t:|1758952434
|switch|p2a: Scizor|Scizor, F|100/100
|turn|19
|
|t:|1758952438
|move|p1a: Rotom|Will-O-Wisp|p2a: Scizor
|-status|p2a: Scizor|brn
|move|p2a: Scizor|Knock Off|p1a: Rotom
|-damage|p1a: Rotom|0 fnt
|-damage|p2a: Scizor|84/100 brn|[from] item: Rocky Helmet|[of] p1a: Rotom
|-enditem|p1a: Rotom|Rocky Helmet|[from] move: Knock Off|[of] p2a: Scizor
|faint|p1a: Rotom
|
|-damage|p2a: Scizor|78/100 brn|[from] brn
|upkeep
|
|t:|1758952446
|switch|p1a: Skarmory|Skarmory, F|39/100
|-damage|p1a: Skarmory|27/100|[from] Stealth Rock
|turn|20
|
|t:|1758952458
|switch|p2a: Pecharunt|Pecharunt|96/100
|move|p1a: Skarmory|Roost|p1a: Skarmory
|-heal|p1a: Skarmory|77/100
|-singleturn|p1a: Skarmory|move: Roost
|
|upkeep
|turn|21
|
|t:|1758952466
|switch|p1a: Perrserker|Perrserker, M|44/100
|-damage|p1a: Perrserker|38/100|[from] Stealth Rock
|move|p2a: Pecharunt|Shadow Ball|p1a: Perrserker
|-damage|p1a: Perrserker|19/100
|
|upkeep
|turn|22
|
|t:|1758952476
|move|p2a: Pecharunt|Shadow Ball|p1a: Perrserker
|-damage|p1a: Perrserker|0 fnt
|faint|p1a: Perrserker
|
|upkeep
|
|t:|1758952483
|switch|p1a: Meowscarada|Meowscarada, F|88/100
|-damage|p1a: Meowscarada|76/100|[from] Stealth Rock
|turn|23
|
|t:|1758952488
|move|p1a: Meowscarada|Knock Off|p2a: Pecharunt
|-start|p1a: Meowscarada|typechange|Dark|[from] ability: Protean
|-supereffective|p2a: Pecharunt
|-damage|p2a: Pecharunt|47/100
|-enditem|p2a: Pecharunt|Heavy-Duty Boots|[from] move: Knock Off|[of] p1a: Meowscarada
|move|p2a: Pecharunt|Malignant Chain|p1a: Meowscarada
|-damage|p1a: Meowscarada|26/100
|-status|p1a: Meowscarada|tox
|-start|p1a: Meowscarada|confusion|[from] ability: Poison Puppeteer|[of] p2a: Pecharunt
|
|-damage|p1a: Meowscarada|20/100 tox|[from] psn
|upkeep
|turn|24
|
|t:|1758952504
|-activate|p1a: Meowscarada|confusion
|-damage|p1a: Meowscarada|0 fnt|[from] confusion
|faint|p1a: Meowscarada
|move|p2a: Pecharunt|Recover|p2a: Pecharunt
|-heal|p2a: Pecharunt|97/100
|
|upkeep
|
|t:|1758952509
|switch|p1a: Haxorus|Haxorus, M, shiny|100/100
|-damage|p1a: Haxorus|88/100|[from] Stealth Rock
|-ability|p1a: Haxorus|Mold Breaker
|turn|25
|
|t:|1758952517
|-terastallize|p1a: Haxorus|Steel
|move|p1a: Haxorus|Dragon Dance|p1a: Haxorus
|-boost|p1a: Haxorus|atk|1
|-boost|p1a: Haxorus|spe|1
|move|p2a: Pecharunt|Malignant Chain|p1a: Haxorus
|-immune|p1a: Haxorus
|
|upkeep
|turn|26
|
|t:|1758952532
|move|p1a: Haxorus|Dragon Dance|p1a: Haxorus
|-boost|p1a: Haxorus|atk|1
|-boost|p1a: Haxorus|spe|1
|move|p2a: Pecharunt|Parting Shot|p1a: Haxorus
|-unboost|p1a: Haxorus|atk|1
|-unboost|p1a: Haxorus|spa|1
|
|t:|1758952538
|switch|p2a: Landorus|Landorus-Therian, M, tera:Ghost|82/100|[from] Parting Shot
|-damage|p2a: Landorus|69/100|[from] Stealth Rock
|-ability|p2a: Landorus|Intimidate|boost
|-unboost|p1a: Haxorus|atk|1
|
|upkeep
|turn|27
|
|t:|1758952548
|move|p1a: Haxorus|Iron Head|p2a: Landorus
|-crit|p2a: Landorus
|-damage|p2a: Landorus|0 fnt
|faint|p2a: Landorus
|-damage|p1a: Haxorus|78/100|[from] item: Life Orb
|
|upkeep
|
|t:|1758952557
|switch|p2a: Zamazenta|Zamazenta|100/100
|-damage|p2a: Zamazenta|94/100|[from] Stealth Rock
|-ability|p2a: Zamazenta|Dauntless Shield|boost
|-boost|p2a: Zamazenta|def|1
|turn|28
|
|t:|1758952566
|move|p1a: Haxorus|Iron Head|p2a: Zamazenta
|-damage|p2a: Zamazenta|64/100
|-damage|p1a: Haxorus|69/100|[from] item: Life Orb
|move|p2a: Zamazenta|Body Press|p1a: Haxorus
|-supereffective|p1a: Haxorus
|-damage|p1a: Haxorus|0 fnt
|faint|p1a: Haxorus
|
|-heal|p2a: Zamazenta|70/100|[from] item: Leftovers
|upkeep
|
|t:|1758952571
|switch|p1a: Skarmory|Skarmory, F|77/100
|-damage|p1a: Skarmory|65/100|[from] Stealth Rock
|turn|29
|
|t:|1758952599
|move|p2a: Zamazenta|Iron Defense|p2a: Zamazenta
|-boost|p2a: Zamazenta|def|2
|move|p1a: Skarmory|Roost|p1a: Skarmory
|-heal|p1a: Skarmory|100/100
|-singleturn|p1a: Skarmory|move: Roost
|
|-heal|p2a: Zamazenta|76/100|[from] item: Leftovers
|upkeep
|turn|30
|inactive|Blorgl has 120 seconds left.
|
|t:|1758952618
|move|p2a: Zamazenta|Roar|p1a: Skarmory
|drag|p1a: Glimmora|Glimmora, M|100/100
|-damage|p1a: Glimmora|88/100|[from] Stealth Rock
|
|-heal|p2a: Zamazenta|82/100|[from] item: Leftovers
|upkeep
|turn|31
|inactive|Blorgl has 120 seconds left.
|
|t:|1758952631
|move|p2a: Zamazenta|Iron Defense|p2a: Zamazenta
|-boost|p2a: Zamazenta|def|2
|move|p1a: Glimmora|Mortal Spin|p2a: Zamazenta
|-damage|p2a: Zamazenta|81/100
|-status|p2a: Zamazenta|psn
|-sideend|p1: Yothas|Stealth Rock|[from] move: Mortal Spin|[of] p1a: Glimmora
|
|-heal|p2a: Zamazenta|87/100 psn|[from] item: Leftovers
|-damage|p2a: Zamazenta|75/100 psn|[from] psn
|upkeep
|turn|32
|
|t:|1758952641
|move|p2a: Zamazenta|Body Press|p1a: Glimmora
|-damage|p1a: Glimmora|0 fnt
|-activate|p1a: Glimmora|ability: Toxic Debris
|-sidestart|p2: Blorgl|move: Toxic Spikes
|faint|p1a: Glimmora
|
|-heal|p2a: Zamazenta|81/100 psn|[from] item: Leftovers
|-damage|p2a: Zamazenta|68/100 psn|[from] psn
|upkeep
|
|t:|1758952643
|switch|p1a: Skarmory|Skarmory, F|100/100
|turn|33
|
|t:|1758952654
|move|p2a: Zamazenta|Body Press|p1a: Skarmory
|-crit|p1a: Skarmory
|-ability|p1a: Skarmory|Sturdy
|-damage|p1a: Skarmory|1/100
|-damage|p2a: Zamazenta|52/100 psn|[from] item: Rocky Helmet|[of] p1a: Skarmory
|move|p1a: Skarmory|Whirlwind|p2a: Zamazenta
|drag|p2a: Pecharunt|Pecharunt|97/100
|-damage|p2a: Pecharunt|84/100|[from] Stealth Rock
|-sideend|p2: Blorgl|move: Toxic Spikes|[of] p2a: Pecharunt
|
|upkeep
|turn|34
|
|t:|1758952665
|move|p2a: Pecharunt|Shadow Ball|p1a: Skarmory
|-damage|p1a: Skarmory|0 fnt
|faint|p1a: Skarmory
|
|win|Blorgl
|raw|Yothas's rating: 1291 &rarr; <strong>1268</strong><br />(-23 for losing)
|raw|Blorgl's rating: 1318 &rarr; <strong>1336</strong><br />(+18 for winning)
|l|☆Blorgl
|player|p2|
|l|☆Yothas
|player|p1|
