|j|☆wiggilydiggily
|j|☆tapu moxo
|t:|1758994543
|gametype|singles
|player|p1|wiggilydiggily|169|1600
|player|p2|tapu moxo|yellow|1662
|gen|9
|tier|[Gen 9] OU
|rated|
|rule|HP Percentage Mod: HP is shown in percentages
|rule|Endless Battle Clause: Forcing endless battles is banned
|rule|Species Clause: Limit one of each Pokémon
|rule|OHKO Clause: OHKO moves are banned
|rule|Evasion Items Clause: Evasion items are banned
|rule|Evasion Moves Clause: Evasion moves are banned
|rule|Evasion Abilities Clause: Evasion abilities are banned
|rule|Sleep Moves Clause: Sleep-inducing moves are banned
|clearpoke
|poke|p1|Zamazenta-*|
|poke|p1|Pecharunt|
|poke|p1|Tyranitar, M|
|poke|p1|Corviknight, M|
|poke|p1|Excadrill, F|
|poke|p1|Iron Crown|
|poke|p2|Smeargle, M|
|poke|p2|Ceruledge, F|
|poke|p2|Kingambit, M|
|poke|p2|Serperior, M|
|poke|p2|Gyarados, M|
|poke|p2|Enamorus, F|
|teampreview
|inactive|Battle timer is ON: inactive players will automatically lose when time's up. (requested by tapu moxo)
|
|t:|1758994565
|teamsize|p1|6
|teamsize|p2|6
|start
|switch|p1a: Iron Crown|Iron Crown|100/100
|switch|p2a: Smeargle|Smeargle, M|100/100
|turn|1
|
|t:|1758994574
|switch|p2a: Kingambit|Kingambit, M, shiny|100/100
|move|p1a: Iron Crown|Tachyon Cutter|p2a: Kingambit
|-resisted|p2a: Kingambit
|-crit|p2a: Kingambit
|-damage|p2a: Kingambit|80/100
|-resisted|p2a: Kingambit
|-damage|p2a: Kingambit|66/100
|-hitcount|p2a: Kingambit|2
|
|-heal|p2a: Kingambit|72/100|[from] item: Leftovers
|upkeep
|turn|2
|
|t:|1758994583
|-end|p1a: Iron Crown|Quark Drive|[silent]
|switch|p1a: Corviknight|Corviknight, M|100/100
|-ability|p1a: Corviknight|Pressure
|switch|p2a: Smeargle|Smeargle, M|100/100
|
|upkeep
|turn|3
|
|t:|1758994591
|move|p2a: Smeargle|Sticky Web|p1a: Corviknight
|-sidestart|p1: wiggilydiggily|move: Sticky Web
|move|p1a: Corviknight|Body Press|p2a: Smeargle
|-supereffective|p2a: Smeargle
|-enditem|p2a: Smeargle|Focus Sash
|-damage|p2a: Smeargle|1/100
|
|upkeep
|turn|4
|
|t:|1758994602
|switch|p2a: Enamorus|Enamorus, F|100/100
|move|p1a: Corviknight|Brave Bird|p2a: Enamorus
|-damage|p2a: Enamorus|45/100
|-damage|p1a: Corviknight|87/100|[from] Recoil
|
|-heal|p2a: Enamorus|51/100|[from] item: Leftovers
|upkeep
|turn|5
|
|t:|1758994608
|switch|p1a: Tyranitar|Tyranitar, M|100/100
|-activate|p1a: Tyranitar|move: Sticky Web
|-unboost|p1a: Tyranitar|spe|1
|-weather|Sandstorm|[from] ability: Sand Stream|[of] p1a: Tyranitar
|move|p2a: Enamorus|Superpower|p1a: Tyranitar
|-supereffective|p1a: Tyranitar
|-damage|p1a: Tyranitar|0 fnt
|-boost|p2a: Enamorus|atk|1
|-boost|p2a: Enamorus|def|1
|faint|p1a: Tyranitar
|
|-weather|Sandstorm|[upkeep]
|-damage|p2a: Enamorus|45/100|[from] Sandstorm
|-heal|p2a: Enamorus|51/100|[from] item: Leftovers
|upkeep
|inactive|wiggilydiggily has 120 seconds left.
|j| Rizzofreko
|
|t:|1758994667
|switch|p1a: Excadrill|Excadrill, F|100/100
|-activate|p1a: Excadrill|move: Sticky Web
|-unboost|p1a: Excadrill|spe|1
|turn|6
|inactive|wiggilydiggily has 90 seconds left.
|
|t:|1758994683
|switch|p2a: Smeargle|Smeargle, M|1/100
|move|p1a: Excadrill|Iron Head|p2a: Smeargle
|-damage|p2a: Smeargle|0 fnt
|faint|p2a: Smeargle
|
|-weather|Sandstorm|[upkeep]
|upkeep
|
|t:|1758994689
|switch|p2a: Ceruledge|Ceruledge, F|100/100
|turn|7
|
|t:|1758994697
|-terastallize|p1a: Excadrill|Fire
|move|p1a: Excadrill|Earthquake|p2a: Ceruledge
|-supereffective|p2a: Ceruledge
|-enditem|p2a: Ceruledge|Focus Sash
|-damage|p2a: Ceruledge|1/100
|-ability|p2a: Ceruledge|Weak Armor|boost
|-unboost|p2a: Ceruledge|def|1
|-boost|p2a: Ceruledge|spe|2
|move|p2a: Ceruledge|Bitter Blade|p1a: Excadrill
|-resisted|p1a: Excadrill
|-damage|p1a: Excadrill|66/100
|-heal|p2a: Ceruledge|22/100|[from] drain|[of] p1a: Excadrill
|
|-weather|Sandstorm|[upkeep]
|-damage|p2a: Ceruledge|16/100|[from] Sandstorm
|upkeep
|turn|8
|inactive|wiggilydiggily has 90 seconds left.
|
|t:|1758994730
|switch|p2a: Gyarados|Gyarados, M|100/100
|switch|p1a: Corviknight|Corviknight, M|87/100
|-ability|p1a: Corviknight|Pressure
|
|-weather|Sandstorm|[upkeep]
|-damage|p2a: Gyarados|94/100|[from] Sandstorm
|upkeep
|turn|9
|
|t:|1758994737
|switch|p2a: Enamorus|Enamorus, F|51/100
|move|p1a: Corviknight|Iron Defense|p1a: Corviknight
|-boost|p1a: Corviknight|def|2
|
|-weather|none
|-heal|p2a: Enamorus|58/100|[from] item: Leftovers
|upkeep
|turn|10
|inactive|wiggilydiggily has 90 seconds left.
|
|t:|1758994747
|switch|p1a: Iron Crown|Iron Crown|100/100
|-activate|p1a: Iron Crown|move: Sticky Web
|-unboost|p1a: Iron Crown|spe|1
|move|p2a: Enamorus|Mystical Fire|p1a: Iron Crown
|-supereffective|p1a: Iron Crown
|-damage|p1a: Iron Crown|64/100
|-unboost|p1a: Iron Crown|spa|1
|
|-heal|p2a: Enamorus|64/100|[from] item: Leftovers
|upkeep
|turn|11
|
|t:|1758994755
|move|p2a: Enamorus|Mystical Fire|p1a: Iron Crown
|-supereffective|p1a: Iron Crown
|-damage|p1a: Iron Crown|30/100
|-unboost|p1a: Iron Crown|spa|1
|move|p1a: Iron Crown|Focus Blast|p2a: Enamorus|[miss]
|-miss|p1a: Iron Crown|p2a: Enamorus
|
|-heal|p2a: Enamorus|70/100|[from] item: Leftovers
|upkeep
|turn|12
|
|t:|1758994763
|-end|p1a: Iron Crown|Quark Drive|[silent]
|switch|p1a: Pecharunt|Pecharunt|100/100
|-item|p1a: Pecharunt|Air Balloon
|move|p2a: Enamorus|Earth Power|p1a: Pecharunt
|-immune|p1a: Pecharunt
|
|-heal|p2a: Enamorus|76/100|[from] item: Leftovers
|upkeep
|turn|13
|
|t:|1758994771
|move|p2a: Enamorus|Mystical Fire|p1a: Pecharunt
|-damage|p1a: Pecharunt|74/100
|-unboost|p1a: Pecharunt|spa|1
|-enditem|p1a: Pecharunt|Air Balloon
|move|p1a: Pecharunt|Malignant Chain|p2a: Enamorus
|-supereffective|p2a: Enamorus
|-damage|p2a: Enamorus|16/100
|
|-heal|p2a: Enamorus|22/100|[from] item: Leftovers
|upkeep
|turn|14
|
|t:|1758994779
|switch|p2a: Kingambit|Kingambit, M, shiny|72/100
|move|p1a: Pecharunt|Recover|p1a: Pecharunt
|-heal|p1a: Pecharunt|100/100
|
|-heal|p2a: Kingambit|79/100|[from] item: Leftovers
|upkeep
|turn|15
|
|t:|1758994785
|switch|p1a: Corviknight|Corviknight, M|87/100
|-ability|p1a: Corviknight|Pressure
|move|p2a: Kingambit|Swords Dance|p2a: Kingambit
|-boost|p2a: Kingambit|atk|2
|
|-heal|p2a: Kingambit|85/100|[from] item: Leftovers
|upkeep
|turn|16
|
|t:|1758994792
|move|p1a: Corviknight|Body Press|p2a: Kingambit
|-supereffective|p2a: Kingambit
|-damage|p2a: Kingambit|11/100
|move|p2a: Kingambit|Kowtow Cleave|p1a: Corviknight
|-damage|p1a: Corviknight|22/100
|-damage|p2a: Kingambit|0 fnt|[from] item: Rocky Helmet|[of] p1a: Corviknight
|faint|p2a: Kingambit
|
|upkeep
|
|t:|1758994799
|switch|p2a: Enamorus|Enamorus, F|22/100
|turn|17
|
|t:|1758994810
|switch|p1a: Pecharunt|Pecharunt|100/100
|-activate|p1a: Pecharunt|move: Sticky Web
|-unboost|p1a: Pecharunt|spe|1
|move|p2a: Enamorus|Superpower|p1a: Pecharunt
|-immune|p1a: Pecharunt
|
|-heal|p2a: Enamorus|29/100|[from] item: Leftovers
|upkeep
|turn|18
|
|t:|1758994816
|move|p2a: Enamorus|Earth Power|p1a: Pecharunt
|-supereffective|p1a: Pecharunt
|-damage|p1a: Pecharunt|40/100
|move|p1a: Pecharunt|Malignant Chain|p2a: Enamorus
|-supereffective|p2a: Enamorus
|-damage|p2a: Enamorus|0 fnt
|faint|p2a: Enamorus
|
|upkeep
|
|t:|1758994824
|switch|p2a: Ceruledge|Ceruledge, F|16/100
|turn|19
|
|t:|1758994831
|move|p2a: Ceruledge|Bitter Blade|p1a: Pecharunt
|-damage|p1a: Pecharunt|17/100
|-heal|p2a: Ceruledge|31/100|[from] drain|[of] p1a: Pecharunt
|move|p1a: Pecharunt|Recover|p1a: Pecharunt
|-heal|p1a: Pecharunt|67/100
|
|upkeep
|turn|20
|
|t:|1758994838
|move|p2a: Ceruledge|Swords Dance|p2a: Ceruledge
|-boost|p2a: Ceruledge|atk|2
|move|p1a: Pecharunt|Recover|p1a: Pecharunt
|-heal|p1a: Pecharunt|100/100
|
|upkeep
|turn|21
|
|t:|1758994840
|move|p2a: Ceruledge|Bitter Blade|p1a: Pecharunt
|-crit|p1a: Pecharunt
|-damage|p1a: Pecharunt|33/100
|-heal|p2a: Ceruledge|75/100|[from] drain|[of] p1a: Pecharunt
|move|p1a: Pecharunt|Shadow Ball|p2a: Ceruledge
|-supereffective|p2a: Ceruledge
|-damage|p2a: Ceruledge|21/100
|
|upkeep
|turn|22
|
|t:|1758994850
|move|p2a: Ceruledge|Bitter Blade|p1a: Pecharunt
|-damage|p1a: Pecharunt|0 fnt
|-heal|p2a: Ceruledge|43/100|[from] drain|[of] p1a: Pecharunt
|faint|p1a: Pecharunt
|
|upkeep
|
|t:|1758994854
|switch|p1a: Zamazenta|Zamazenta|100/100
|-activate|p1a: Zamazenta|move: Sticky Web
|-unboost|p1a: Zamazenta|spe|1
|-ability|p1a: Zamazenta|Dauntless Shield|boost
|-boost|p1a: Zamazenta|def|1
|turn|23
|
|t:|1758994857
|move|p2a: Ceruledge|Poltergeist|p1a: Zamazenta
|-activate|p1a: Zamazenta|move: Poltergeist|Life Orb
|-damage|p1a: Zamazenta|27/100
|move|p1a: Zamazenta|Crunch|p2a: Ceruledge
|-supereffective|p2a: Ceruledge
|-crit|p2a: Ceruledge
|-damage|p2a: Ceruledge|0 fnt
|faint|p2a: Ceruledge
|-damage|p1a: Zamazenta|17/100|[from] item: Life Orb
|
|upkeep
|
|t:|1758994863
|switch|p2a: Serperior|Serperior, M, shiny|100/100
|turn|24
|
|t:|1758994873
|move|p2a: Serperior|Leaf Storm|p1a: Zamazenta
|-damage|p1a: Zamazenta|0 fnt
|-boost|p2a: Serperior|spa|2
|faint|p1a: Zamazenta
|
|upkeep
|
|t:|1758994878
|switch|p1a: Corviknight|Corviknight, M|22/100
|-ability|p1a: Corviknight|Pressure
|turn|25
|
|t:|1758994880
|move|p2a: Serperior|Leaf Storm|p1a: Corviknight
|-resisted|p1a: Corviknight
|-damage|p1a: Corviknight|0 fnt
|-boost|p2a: Serperior|spa|2
|faint|p1a: Corviknight
|
|upkeep
|
|t:|1758994883
|switch|p1a: Iron Crown|Iron Crown|30/100
|-activate|p1a: Iron Crown|move: Sticky Web
|-unboost|p1a: Iron Crown|spe|1
|turn|26
|
|t:|1758994887
|move|p2a: Serperior|Leaf Storm|p1a: Iron Crown
|-resisted|p1a: Iron Crown
|-damage|p1a: Iron Crown|0 fnt
|-boost|p2a: Serperior|spa|2
|faint|p1a: Iron Crown
|-end|p1a: Iron Crown|Quark Drive|[silent]
|
|upkeep
|
|t:|1758994889
|switch|p1a: Excadrill|Excadrill, F, tera:Fire|66/100
|-activate|p1a: Excadrill|move: Sticky Web
|-unboost|p1a: Excadrill|spe|1
|turn|27
|
|t:|1758994891
|move|p2a: Serperior|Leaf Storm|p1a: Excadrill
|-resisted|p1a: Excadrill
|-damage|p1a: Excadrill|0 fnt
|faint|p1a: Excadrill
|
|win|tapu moxo
|raw|wiggilydiggily's rating: 1600 &rarr; <strong>1584</strong><br />(-16 for losing)
|raw|tapu moxo's rating: 1662 &rarr; <strong>1678</strong><br />(+16 for winning)
|l|☆tapu moxo
|player|p2|
|l| Rizzofreko
