|j|‽grahrgsgh
|j|☆milman26
|t:|1758945144
|gametype|singles
|player|p1|grahrgsgh|266|1137
|player|p2|milman26|twins-gen4dp|1126
|gen|9
|tier|[Gen 9] OU
|rated|
|rule|HP Percentage Mod: HP is shown in percentages
|rule|Endless Battle Clause: Forcing endless battles is banned
|rule|Species Clause: Limit one of each Pokémon
|rule|OHKO Clause: OHKO moves are banned
|rule|Evasion Items Clause: Evasion items are banned
|rule|Evasion Moves Clause: Evasion moves are banned
|rule|Evasion Abilities Clause: Evasion abilities are banned
|rule|Sleep Moves Clause: Sleep-inducing moves are banned
|clearpoke
|poke|p1|Latios, M|
|poke|p1|Samurott-Hisui, F|
|poke|p1|Slowking-Galar, M|
|poke|p1|Iron Treads|
|poke|p1|Tornadus-Therian, M|
|poke|p1|Alomomola, F|
|poke|p2|Darkrai|
|poke|p2|Kingambit, F|
|poke|p2|Samurott-Hisui, F|
|poke|p2|Great Tusk|
|poke|p2|Ogerpon-Wellspring, F|
|poke|p2|Gholdengo|
|teampreview
|inactive|Battle timer is ON: inactive players will automatically lose when time's up. (requested by grahrgsgh)
|
|t:|1758945156
|teamsize|p1|6
|teamsize|p2|6
|start
|switch|p1a: Samurott|Samurott-Hisui, F|100/100
|switch|p2a: Ogerpon|Ogerpon-Wellspring, F|100/100
|turn|1
|
|t:|1758945161
|move|p2a: Ogerpon|Horn Leech|p1a: Samurott
|-supereffective|p1a: Samurott
|-damage|p1a: Samurott|12/100
|move|p1a: Samurott|Ceaseless Edge|p2a: Ogerpon
|-damage|p2a: Ogerpon|48/100
|-sidestart|p2: milman26|Spikes
|
|upkeep
|turn|2
|
|t:|1758945167
|switch|p1a: Tornadus|Tornadus-Therian, M|100/100
|move|p2a: Ogerpon|Horn Leech|p1a: Tornadus
|-resisted|p1a: Tornadus
|-damage|p1a: Tornadus|75/100
|-heal|p2a: Ogerpon|63/100|[from] drain|[of] p1a: Tornadus
|
|upkeep
|turn|3
|
|t:|1758945189
|switch|p2a: Gholdengo|Gholdengo|100/100
|-damage|p2a: Gholdengo|88/100|[from] Spikes
|move|p1a: Tornadus|Bleakwind Storm|p2a: Gholdengo
|-resisted|p2a: Gholdengo
|-damage|p2a: Gholdengo|71/100
|
|upkeep
|turn|4
|
|t:|1758945199
|switch|p1a: Iron Treads|Iron Treads|100/100
|-enditem|p1a: Iron Treads|Booster Energy
|-activate|p1a: Iron Treads|ability: Quark Drive|[fromitem]
|-start|p1a: Iron Treads|quarkdrivespe
|move|p2a: Gholdengo|Thunder Wave|p1a: Iron Treads
|-immune|p1a: Iron Treads
|
|upkeep
|turn|5
|
|t:|1758945211
|-end|p1a: Iron Treads|Quark Drive|[silent]
|switch|p1a: Alomomola|Alomomola, F|100/100
|switch|p2a: Great Tusk|Great Tusk|100/100
|-damage|p2a: Great Tusk|88/100|[from] Spikes
|
|upkeep
|turn|6
|
|t:|1758945221
|-terastallize|p1a: Alomomola|Ghost
|move|p2a: Great Tusk|Stealth Rock|p1a: Alomomola
|-sidestart|p1: grahrgsgh|move: Stealth Rock
|move|p1a: Alomomola|Wish|p1a: Alomomola
|
|upkeep
|turn|7
|
|t:|1758945234
|-end|p2a: Great Tusk|Protosynthesis|[silent]
|switch|p2a: Ogerpon|Ogerpon-Wellspring, F|63/100
|-damage|p2a: Ogerpon|51/100|[from] Spikes
|move|p1a: Alomomola|Flip Turn|p2a: Ogerpon
|-heal|p2a: Ogerpon|76/100|[from] ability: Water Absorb|[of] p1a: Alomomola
|
|upkeep
|turn|8
|-message|grahrgsgh forfeited.
|
|win|milman26
|raw|grahrgsgh's rating: 1137 &rarr; <strong>1111</strong><br />(-26 for losing)
|raw|milman26's rating: 1126 &rarr; <strong>1152</strong><br />(+26 for winning)
|l|‽grahrgsgh
|player|p1|
|l|☆milman26
|player|p2|
|j|☆milman26
|player|p2|milman26|twins-gen4dp|
