|badge|p1|silver|gen9ou|30-6
|html|<div class="broadcast-red"><strong>This battle is required to be public due to one or more player having a season medal.</strong><br />During the public phase, you can discuss the state of the ladder <a href="/seasondiscussion">in a special chatroom.</a></div>
|uhtml|medal-msg|<div class="broadcast-blue">Curious what those medals under the avatar are? PS now has Ladder Seasons! For more information, check out the <a href="https://www.smogon.com/forums/threads/3740067/">thread on Smogon.</a></div>
|badge|p2|silver|gen9ou|30-6
|uhtml|medal-msg|<div class="broadcast-blue">Curious what those medals under the avatar are? PS now has Ladder Seasons! For more information, check out the <a href="https://www.smogon.com/forums/threads/3740067/">thread on Smogon.</a></div>
|raw|<div class="broadcast-blue"><strong>This battle is required to be public due to a player having a name starting with 'medal'.</div>
|j|☆ShinyLucarioXD
|j|☆ouww miguel o hara
|t:|1759068523
|gametype|singles
|player|p1|ShinyLucarioXD|riley|1984
|player|p2|ouww miguel o hara|giovanni|1960
|gen|9
|tier|[Gen 9] OU
|rated|
|rule|HP Percentage Mod: HP is shown in percentages
|rule|Endless Battle Clause: Forcing endless battles is banned
|rule|Species Clause: Limit one of each Pokémon
|rule|OHKO Clause: OHKO moves are banned
|rule|Evasion Items Clause: Evasion items are banned
|rule|Evasion Moves Clause: Evasion moves are banned
|rule|Evasion Abilities Clause: Evasion abilities are banned
|rule|Sleep Moves Clause: Sleep-inducing moves are banned
|clearpoke
|poke|p1|Raging Bolt|
|poke|p1|Samurott-Hisui, F|
|poke|p1|Dragonite, F|
|poke|p1|Gholdengo|
|poke|p1|Great Tusk|
|poke|p1|Enamorus, F|
|poke|p2|Zamazenta-*|
|poke|p2|Iron Moth|
|poke|p2|Gliscor, M|
|poke|p2|Clefable, M|
|poke|p2|Blissey, F|
|poke|p2|Dragapult, F|
|teampreview
|inactive|Battle timer is ON: inactive players will automatically lose when time's up. (requested by ShinyLucarioXD)
|inactive|ouww miguel o hara has 120 seconds left.
|j| idk helloge hhhh
|
|t:|1759068572
|teamsize|p1|6
|teamsize|p2|6
|start
|switch|p1a: Great Tusk|Great Tusk|100/100
|switch|p2a: Gliscor|Gliscor, M|100/100
|turn|1
|
|t:|1759068579
|move|p2a: Gliscor|Protect|p2a: Gliscor
|-singleturn|p2a: Gliscor|Protect
|move|p1a: Great Tusk|Knock Off|p2a: Gliscor
|-activate|p2a: Gliscor|move: Protect
|
|-status|p2a: Gliscor|tox|[from] item: Toxic Orb
|upkeep
|turn|2
|
|t:|1759068584
|move|p2a: Gliscor|Toxic|p1a: Great Tusk
|-status|p1a: Great Tusk|tox
|move|p1a: Great Tusk|Stealth Rock|p2a: Gliscor
|-sidestart|p2: ouww miguel o hara|move: Stealth Rock
|
|-damage|p1a: Great Tusk|94/100 tox|[from] psn
|upkeep
|turn|3
|
|t:|1759068588
|-end|p1a: Great Tusk|Protosynthesis|[silent]
|switch|p1a: Enamorus|Enamorus, F|100/100
|move|p2a: Gliscor|Protect||[still]
|-fail|p2a: Gliscor
|
|upkeep
|turn|4
|
|t:|1759068592
|move|p1a: Enamorus|Substitute|p1a: Enamorus
|-start|p1a: Enamorus|Substitute
|-damage|p1a: Enamorus|76/100
|move|p2a: Gliscor|Knock Off|p1a: Enamorus
|-resisted|p1a: Enamorus
|-activate|p1a: Enamorus|move: Substitute|[damage]
|
|-heal|p1a: Enamorus|82/100|[from] item: Leftovers
|upkeep
|turn|5
|
|t:|1759068608
|switch|p1a: Samurott|Samurott-Hisui, F, shiny|100/100
|move|p2a: Gliscor|Knock Off|p1a: Samurott
|-resisted|p1a: Samurott
|-damage|p1a: Samurott|90/100
|-enditem|p1a: Samurott|Assault Vest|[from] move: Knock Off|[of] p2a: Gliscor
|
|upkeep
|turn|6
|
|t:|1759068615
|move|p2a: Gliscor|Toxic|p1a: Samurott
|-status|p1a: Samurott|tox
|move|p1a: Samurott|Razor Shell|p2a: Gliscor
|-supereffective|p2a: Gliscor
|-damage|p2a: Gliscor|34/100 tox
|
|-heal|p2a: Gliscor|47/100 tox|[from] ability: Poison Heal
|-damage|p1a: Samurott|84/100 tox|[from] psn
|upkeep
|turn|7
|
|t:|1759068620
|switch|p1a: Enamorus|Enamorus, F|82/100
|move|p2a: Gliscor|Protect||[still]
|-fail|p2a: Gliscor
|
|-heal|p1a: Enamorus|88/100|[from] item: Leftovers
|-heal|p2a: Gliscor|59/100 tox|[from] ability: Poison Heal
|upkeep
|turn|8
|
|t:|1759068630
|switch|p2a: Blissey|Blissey, F|100/100
|move|p1a: Enamorus|Substitute|p1a: Enamorus
|-start|p1a: Enamorus|Substitute
|-damage|p1a: Enamorus|63/100
|
|-heal|p1a: Enamorus|69/100|[from] item: Leftovers
|upkeep
|turn|9
|
|t:|1759068633
|move|p1a: Enamorus|Moonblast|p2a: Blissey
|-damage|p2a: Blissey|81/100
|move|p2a: Blissey|Stealth Rock|p1a: Enamorus
|-sidestart|p1: ShinyLucarioXD|move: Stealth Rock
|
|-heal|p1a: Enamorus|76/100|[from] item: Leftovers
|upkeep
|turn|10
|
|t:|1759068636
|move|p1a: Enamorus|Moonblast|p2a: Blissey
|-damage|p2a: Blissey|61/100
|move|p2a: Blissey|Ice Beam|p1a: Enamorus
|-supereffective|p1a: Enamorus
|-end|p1a: Enamorus|Substitute
|
|-heal|p1a: Enamorus|82/100|[from] item: Leftovers
|upkeep
|turn|11
|
|t:|1759068639
|switch|p1a: Great Tusk|Great Tusk|94/100 tox
|-damage|p1a: Great Tusk|91/100 tox|[from] Stealth Rock
|move|p2a: Blissey|Soft-Boiled|p2a: Blissey
|-heal|p2a: Blissey|100/100
|
|-heal|p1a: Great Tusk|97/100 tox|[from] item: Leftovers
|-damage|p1a: Great Tusk|91/100 tox|[from] psn
|upkeep
|turn|12
|j| amimec
|inactive|ouww miguel o hara has 120 seconds left.
|
|t:|1759068669
|switch|p2a: Dragapult|Dragapult, F|100/100
|move|p1a: Great Tusk|Knock Off|p2a: Dragapult
|-supereffective|p2a: Dragapult
|-damage|p2a: Dragapult|18/100
|-enditem|p2a: Dragapult|Heavy-Duty Boots|[from] move: Knock Off|[of] p1a: Great Tusk
|
|-heal|p1a: Great Tusk|97/100 tox|[from] item: Leftovers
|-damage|p1a: Great Tusk|85/100 tox|[from] psn
|upkeep
|turn|13
|
|t:|1759068675
|move|p2a: Dragapult|Dragon Darts|p1a: Great Tusk
|-damage|p1a: Great Tusk|75/100 tox
|-anim|p2a: Dragapult|Dragon Darts|p1a: Great Tusk
|-damage|p1a: Great Tusk|66/100 tox
|move|p1a: Great Tusk|Knock Off|p2a: Dragapult
|-supereffective|p2a: Dragapult
|-damage|p2a: Dragapult|0 fnt
|faint|p2a: Dragapult
|
|-heal|p1a: Great Tusk|72/100 tox|[from] item: Leftovers
|-damage|p1a: Great Tusk|54/100 tox|[from] psn
|upkeep
|
|t:|1759068679
|switch|p2a: Iron Moth|Iron Moth|100/100
|turn|14
|
|t:|1759068682
|-end|p1a: Great Tusk|Protosynthesis|[silent]
|switch|p1a: Samurott|Samurott-Hisui, F, shiny|84/100 tox
|-damage|p1a: Samurott|71/100 tox|[from] Stealth Rock
|move|p2a: Iron Moth|Fiery Dance|p1a: Samurott
|-resisted|p1a: Samurott
|-damage|p1a: Samurott|52/100 tox
|
|-damage|p1a: Samurott|46/100 tox|[from] psn
|upkeep
|turn|15
|inactive|ouww miguel o hara has 120 seconds left.
|
|t:|1759068716
|move|p2a: Iron Moth|Sludge Wave|p1a: Samurott
|-damage|p1a: Samurott|1/100 tox
|move|p1a: Samurott|Razor Shell|p2a: Iron Moth
|-supereffective|p2a: Iron Moth
|-damage|p2a: Iron Moth|0 fnt
|faint|p2a: Iron Moth
|-end|p2a: Iron Moth|Quark Drive|[silent]
|
|-damage|p1a: Samurott|0 fnt|[from] psn
|faint|p1a: Samurott
|upkeep
|inactive|ouww miguel o hara has 120 seconds left.
|
|t:|1759068733
|switch|p2a: Zamazenta|Zamazenta|100/100
|switch|p1a: Great Tusk|Great Tusk|54/100 tox
|-damage|p2a: Zamazenta|94/100|[from] Stealth Rock
|-ability|p2a: Zamazenta|Dauntless Shield|boost
|-boost|p2a: Zamazenta|def|1
|-damage|p1a: Great Tusk|51/100 tox|[from] Stealth Rock
|turn|16
|
|t:|1759068736
|move|p2a: Zamazenta|Body Press|p1a: Great Tusk
|-damage|p1a: Great Tusk|21/100 tox
|move|p1a: Great Tusk|Rapid Spin|p2a: Zamazenta
|-damage|p2a: Zamazenta|87/100
|-boost|p1a: Great Tusk|spe|1
|-sideend|p1: ShinyLucarioXD|Stealth Rock|[from] move: Rapid Spin|[of] p1a: Great Tusk
|
|-heal|p2a: Zamazenta|94/100|[from] item: Leftovers
|-heal|p1a: Great Tusk|27/100 tox|[from] item: Leftovers
|-damage|p1a: Great Tusk|21/100 tox|[from] psn
|upkeep
|turn|17
|
|t:|1759068740
|move|p2a: Zamazenta|Body Press|p1a: Great Tusk
|-damage|p1a: Great Tusk|0 fnt
|faint|p1a: Great Tusk
|-end|p1a: Great Tusk|Protosynthesis|[silent]
|
|-heal|p2a: Zamazenta|99/100|[from] item: Leftovers
|upkeep
|
|t:|1759068743
|switch|p1a: Gholdengo|Gholdengo|100/100
|turn|18
|
|t:|1759068747
|move|p1a: Gholdengo|Trick|p2a: Zamazenta
|-activate|p1a: Gholdengo|move: Trick|[of] p2a: Zamazenta
|-item|p2a: Zamazenta|Choice Scarf|[from] move: Trick
|-item|p1a: Gholdengo|Leftovers|[from] move: Trick
|move|p2a: Zamazenta|Crunch|p1a: Gholdengo
|-supereffective|p1a: Gholdengo
|-damage|p1a: Gholdengo|51/100
|
|-heal|p1a: Gholdengo|57/100|[from] item: Leftovers
|upkeep
|turn|19
|
|t:|1759068758
|switch|p2a: Blissey|Blissey, F|100/100
|switch|p1a: Enamorus|Enamorus, F|82/100
|
|-heal|p1a: Enamorus|88/100|[from] item: Leftovers
|upkeep
|turn|20
|
|t:|1759068762
|switch|p1a: Gholdengo|Gholdengo|57/100
|move|p2a: Blissey|Stealth Rock|p1a: Gholdengo
|-sidestart|p1: ShinyLucarioXD|move: Stealth Rock
|
|-heal|p1a: Gholdengo|63/100|[from] item: Leftovers
|upkeep
|turn|21
|
|t:|1759068766
|switch|p2a: Zamazenta|Zamazenta|99/100
|-damage|p2a: Zamazenta|94/100|[from] Stealth Rock
|move|p1a: Gholdengo|Focus Blast|p2a: Zamazenta|[miss]
|-miss|p1a: Gholdengo|p2a: Zamazenta
|
|-heal|p1a: Gholdengo|69/100|[from] item: Leftovers
|upkeep
|turn|22
|
|t:|1759068769
|move|p2a: Zamazenta|Crunch|p1a: Gholdengo
|-supereffective|p1a: Gholdengo
|-damage|p1a: Gholdengo|26/100
|move|p1a: Gholdengo|Make It Rain|p2a: Zamazenta
|-damage|p2a: Zamazenta|34/100
|-unboost|p1a: Gholdengo|spa|1
|
|-heal|p1a: Gholdengo|32/100|[from] item: Leftovers
|upkeep
|turn|23
|
|t:|1759068779
|switch|p1a: Enamorus|Enamorus, F|88/100
|-damage|p1a: Enamorus|63/100|[from] Stealth Rock
|move|p2a: Zamazenta|Crunch|p1a: Enamorus
|-resisted|p1a: Enamorus
|-damage|p1a: Enamorus|45/100
|
|-heal|p1a: Enamorus|52/100|[from] item: Leftovers
|upkeep
|turn|24
|
|t:|1759068782
|move|p2a: Zamazenta|Crunch|p1a: Enamorus
|-resisted|p1a: Enamorus
|-damage|p1a: Enamorus|33/100
|move|p1a: Enamorus|Calm Mind|p1a: Enamorus
|-boost|p1a: Enamorus|spa|1
|-boost|p1a: Enamorus|spd|1
|
|-heal|p1a: Enamorus|40/100|[from] item: Leftovers
|upkeep
|turn|25
|
|t:|1759068786
|switch|p2a: Blissey|Blissey, F|100/100
|move|p1a: Enamorus|Moonblast|p2a: Blissey
|-damage|p2a: Blissey|74/100
|
|-heal|p1a: Enamorus|46/100|[from] item: Leftovers
|upkeep
|turn|26
|
|t:|1759068788
|move|p1a: Enamorus|Moonblast|p2a: Blissey
|-damage|p2a: Blissey|48/100
|move|p2a: Blissey|Ice Beam|p1a: Enamorus
|-supereffective|p1a: Enamorus
|-damage|p1a: Enamorus|15/100
|
|-heal|p1a: Enamorus|21/100|[from] item: Leftovers
|upkeep
|turn|27
|
|t:|1759068793
|move|p1a: Enamorus|Calm Mind|p1a: Enamorus
|-boost|p1a: Enamorus|spa|1
|-boost|p1a: Enamorus|spd|1
|move|p2a: Blissey|Soft-Boiled|p2a: Blissey
|-heal|p2a: Blissey|98/100
|
|-heal|p1a: Enamorus|27/100|[from] item: Leftovers
|upkeep
|turn|28
|
|t:|1759068797
|move|p1a: Enamorus|Moonblast|p2a: Blissey
|-damage|p2a: Blissey|61/100
|move|p2a: Blissey|Ice Beam|p1a: Enamorus
|-supereffective|p1a: Enamorus
|-damage|p1a: Enamorus|4/100
|
|-heal|p1a: Enamorus|10/100|[from] item: Leftovers
|upkeep
|turn|29
|
|t:|1759068808
|move|p1a: Enamorus|Moonblast|p2a: Blissey
|-damage|p2a: Blissey|23/100
|move|p2a: Blissey|Soft-Boiled|p2a: Blissey
|-heal|p2a: Blissey|73/100
|
|-heal|p1a: Enamorus|16/100|[from] item: Leftovers
|upkeep
|turn|30
|j| nonchalantbufalant
|
|t:|1759068820
|move|p1a: Enamorus|Moonblast|p2a: Blissey
|-damage|p2a: Blissey|38/100
|move|p2a: Blissey|Ice Beam|p1a: Enamorus
|-supereffective|p1a: Enamorus
|-damage|p1a: Enamorus|0 fnt
|faint|p1a: Enamorus
|
|upkeep
|j| LT124YH Ghoul
|
|t:|1759068826
|switch|p1a: Dragonite|Dragonite, F, shiny|100/100
|-damage|p1a: Dragonite|76/100|[from] Stealth Rock
|turn|31
|l| LT124YH Ghoul
|
|t:|1759068834
|-terastallize|p1a: Dragonite|Normal
|move|p1a: Dragonite|Extreme Speed|p2a: Blissey
|-damage|p2a: Blissey|0 fnt
|faint|p2a: Blissey
|
|upkeep
|
|t:|1759068851
|switch|p2a: Clefable|Clefable, M|100/100
|turn|32
|
|t:|1759068855
|-terastallize|p2a: Clefable|Steel
|move|p1a: Dragonite|Extreme Speed|p2a: Clefable
|-resisted|p2a: Clefable
|-damage|p2a: Clefable|80/100
|move|p2a: Clefable|Cosmic Power|p2a: Clefable
|-boost|p2a: Clefable|def|1
|-boost|p2a: Clefable|spd|1
|
|upkeep
|turn|33
|j| cynasaurus
|
|t:|1759068864
|switch|p1a: Gholdengo|Gholdengo|32/100
|-damage|p1a: Gholdengo|26/100|[from] Stealth Rock
|move|p2a: Clefable|Cosmic Power|p2a: Clefable
|-boost|p2a: Clefable|def|1
|-boost|p2a: Clefable|spd|1
|
|-heal|p1a: Gholdengo|32/100|[from] item: Leftovers
|upkeep
|turn|34
|
|t:|1759068878
|move|p1a: Gholdengo|Focus Blast|p2a: Clefable
|-supereffective|p2a: Clefable
|-damage|p2a: Clefable|40/100
|move|p2a: Clefable|Cosmic Power|p2a: Clefable
|-boost|p2a: Clefable|def|1
|-boost|p2a: Clefable|spd|1
|
|-heal|p1a: Gholdengo|37/100|[from] item: Leftovers
|upkeep
|turn|35
|
|t:|1759068884
|move|p1a: Gholdengo|Focus Blast|p2a: Clefable
|-supereffective|p2a: Clefable
|-damage|p2a: Clefable|8/100
|move|p2a: Clefable|Moonlight|p2a: Clefable
|-heal|p2a: Clefable|58/100
|
|-heal|p1a: Gholdengo|43/100|[from] item: Leftovers
|upkeep
|turn|36
|
|t:|1759068888
|move|p1a: Gholdengo|Focus Blast|p2a: Clefable
|-supereffective|p2a: Clefable
|-damage|p2a: Clefable|27/100
|move|p2a: Clefable|Moonlight|p2a: Clefable
|-heal|p2a: Clefable|77/100
|
|-heal|p1a: Gholdengo|49/100|[from] item: Leftovers
|upkeep
|turn|37
|
|t:|1759068893
|move|p1a: Gholdengo|Focus Blast|p2a: Clefable
|-supereffective|p2a: Clefable
|-damage|p2a: Clefable|44/100
|move|p2a: Clefable|Moonlight|p2a: Clefable
|-heal|p2a: Clefable|94/100
|
|-heal|p1a: Gholdengo|55/100|[from] item: Leftovers
|upkeep
|turn|38
|j| Bobaba
|
|t:|1759068899
|move|p1a: Gholdengo|Focus Blast|p2a: Clefable|[miss]
|-miss|p1a: Gholdengo|p2a: Clefable
|move|p2a: Clefable|Cosmic Power|p2a: Clefable
|-boost|p2a: Clefable|def|1
|-boost|p2a: Clefable|spd|1
|
|-heal|p1a: Gholdengo|61/100|[from] item: Leftovers
|upkeep
|turn|39
|
|t:|1759068907
|move|p1a: Gholdengo|Focus Blast|p2a: Clefable
|-supereffective|p2a: Clefable
|-damage|p2a: Clefable|64/100
|move|p2a: Clefable|Cosmic Power|p2a: Clefable
|-boost|p2a: Clefable|def|1
|-boost|p2a: Clefable|spd|1
|
|-heal|p1a: Gholdengo|67/100|[from] item: Leftovers
|upkeep
|turn|40
|
|t:|1759068912
|move|p1a: Gholdengo|Focus Blast|p2a: Clefable
|-supereffective|p2a: Clefable
|-damage|p2a: Clefable|42/100
|move|p2a: Clefable|Moonlight|p2a: Clefable
|-heal|p2a: Clefable|92/100
|
|-heal|p1a: Gholdengo|73/100|[from] item: Leftovers
|upkeep
|turn|41
|
|t:|1759068924
|move|p1a: Gholdengo|Shadow Ball|p2a: Clefable
|-damage|p2a: Clefable|79/100
|-unboost|p2a: Clefable|spd|1
|move|p2a: Clefable|Charge Beam|p1a: Gholdengo
|-damage|p1a: Gholdengo|59/100
|
|-heal|p1a: Gholdengo|65/100|[from] item: Leftovers
|upkeep
|turn|42
|
|t:|1759068930
|move|p1a: Gholdengo|Shadow Ball|p2a: Clefable
|-damage|p2a: Clefable|66/100
|move|p2a: Clefable|Cosmic Power|p2a: Clefable
|-boost|p2a: Clefable|def|1
|-boost|p2a: Clefable|spd|1
|
|-heal|p1a: Gholdengo|71/100|[from] item: Leftovers
|upkeep
|turn|43
|
|t:|1759068934
|move|p1a: Gholdengo|Shadow Ball|p2a: Clefable
|-damage|p2a: Clefable|56/100
|-unboost|p2a: Clefable|spd|1
|move|p2a: Clefable|Moonlight|p2a: Clefable
|-heal|p2a: Clefable|100/100
|
|-heal|p1a: Gholdengo|77/100|[from] item: Leftovers
|upkeep
|turn|44
|
|t:|1759068940
|move|p1a: Gholdengo|Shadow Ball|p2a: Clefable
|-damage|p2a: Clefable|87/100
|move|p2a: Clefable|Cosmic Power|p2a: Clefable
|-boost|p2a: Clefable|def|0
|-boost|p2a: Clefable|spd|1
|
|-heal|p1a: Gholdengo|83/100|[from] item: Leftovers
|upkeep
|turn|45
|
|t:|1759068943
|move|p1a: Gholdengo|Shadow Ball|p2a: Clefable
|-damage|p2a: Clefable|76/100
|move|p2a: Clefable|Charge Beam|p1a: Gholdengo
|-damage|p1a: Gholdengo|69/100
|-boost|p2a: Clefable|spa|1
|
|-heal|p1a: Gholdengo|75/100|[from] item: Leftovers
|upkeep
|turn|46
|
|t:|1759068951
|move|p1a: Gholdengo|Shadow Ball|p2a: Clefable
|-damage|p2a: Clefable|64/100
|move|p2a: Clefable|Charge Beam|p1a: Gholdengo
|-damage|p1a: Gholdengo|57/100
|-boost|p2a: Clefable|spa|1
|
|-heal|p1a: Gholdengo|63/100|[from] item: Leftovers
|upkeep
|turn|47
|
|t:|1759068957
|move|p1a: Gholdengo|Shadow Ball|p2a: Clefable
|-damage|p2a: Clefable|53/100
|move|p2a: Clefable|Moonlight|p2a: Clefable
|-heal|p2a: Clefable|100/100
|
|-heal|p1a: Gholdengo|69/100|[from] item: Leftovers
|upkeep
|turn|48
|
|t:|1759068963
|move|p1a: Gholdengo|Shadow Ball|p2a: Clefable
|-damage|p2a: Clefable|90/100
|-unboost|p2a: Clefable|spd|1
|move|p2a: Clefable|Charge Beam|p1a: Gholdengo
|-damage|p1a: Gholdengo|41/100
|-boost|p2a: Clefable|spa|1
|
|-heal|p1a: Gholdengo|47/100|[from] item: Leftovers
|upkeep
|turn|49
|j| Nowh 愛
|
|t:|1759068970
|move|p1a: Gholdengo|Shadow Ball|p2a: Clefable
|-damage|p2a: Clefable|76/100
|move|p2a: Clefable|Moonblast|p1a: Gholdengo
|-resisted|p1a: Gholdengo
|-crit|p1a: Gholdengo
|-damage|p1a: Gholdengo|0 fnt
|faint|p1a: Gholdengo
|
|upkeep
|
|t:|1759068973
|switch|p1a: Raging Bolt|Raging Bolt|100/100
|-damage|p1a: Raging Bolt|88/100|[from] Stealth Rock
|-enditem|p1a: Raging Bolt|Booster Energy
|-activate|p1a: Raging Bolt|ability: Protosynthesis|[fromitem]
|-start|p1a: Raging Bolt|protosynthesisspa
|turn|50
|
|t:|1759068977
|move|p1a: Raging Bolt|Thunderbolt|p2a: Clefable
|-damage|p2a: Clefable|53/100
|move|p2a: Clefable|Moonblast|p1a: Raging Bolt
|-supereffective|p1a: Raging Bolt
|-damage|p1a: Raging Bolt|0 fnt
|faint|p1a: Raging Bolt
|-end|p1a: Raging Bolt|Protosynthesis|[silent]
|
|upkeep
|
|t:|1759068981
|switch|p1a: Dragonite|Dragonite, F, shiny, tera:Normal|76/100
|-damage|p1a: Dragonite|63/100|[from] Stealth Rock
|turn|51
|
|t:|1759068989
|move|p1a: Dragonite|Extreme Speed|p2a: Clefable
|-resisted|p2a: Clefable
|-damage|p2a: Clefable|47/100
|move|p2a: Clefable|Moonblast|p1a: Dragonite
|-crit|p1a: Dragonite
|-damage|p1a: Dragonite|0 fnt
|faint|p1a: Dragonite
|
|win|ouww miguel o hara
|raw|ShinyLucarioXD's rating: 1984 &rarr; <strong>1963</strong><br />(-21 for losing)
|raw|ouww miguel o hara's rating: 1960 &rarr; <strong>1981</strong><br />(+21 for winning)
|l|☆ShinyLucarioXD
|player|p1|
|j|☆ShinyLucarioXD
|player|p1|ShinyLucarioXD|riley|
|l| idk helloge hhhh
|l| amimec
|l| Nowh 愛
|l| nonchalantbufalant
|l|☆ShinyLucarioXD
|player|p1|
